  <div class='ocr_page' id='page_1' title='image "/cluster/home/n/w/nwhite01/storage/ocr_20150623/28/nnc1.0046978690/249.png"; bbox 0 0 3880 6186; ppageno 0'>
   <div class='ocr_carea' id='block_1_1' title="bbox 517 153 621 208">
    <p class='ocr_par' dir='ltr' id='par_1_1' title="bbox 517 153 621 208">
     <span class='ocr_line' id='line_1_1' title="bbox 517 153 621 208; baseline 0.019 -2"><span class='ocrx_word' id='word_1_1' title='bbox 517 153 621 208; x_wconf 71' lang='grc'><strong>419</strong></span> 
     </span>
    </p>
   </div>
   <div class='ocr_carea' id='block_1_2' title="bbox 516 353 2099 425">
    <p class='ocr_par' dir='ltr' id='par_1_2' title="bbox 516 353 2099 425">
     <span class='ocr_line' id='line_1_2' title="bbox 516 353 2099 425; baseline -0.003 -11"><span class='ocrx_word' id='word_1_2' title='bbox 516 374 651 414; x_wconf 88' lang='lat' dir='ltr'><strong>num</strong></span> <span class='ocrx_word' id='word_1_3' title='bbox 682 366 934 415; x_wconf 91' lang='lat' dir='ltr'><strong>nostrum</strong></span> <span class='ocrx_word' id='word_1_4' title='bbox 962 356 1149 414; x_wconf 83' lang='lat' dir='ltr'><strong>Jesum</strong></span> <span class='ocrx_word' id='word_1_5' title='bbox 1173 356 1476 422; x_wconf 77' lang='lat' dir='ltr'><strong>Christum,</strong></span> <span class='ocrx_word' id='word_1_6' title='bbox 1508 354 1802 425; x_wconf 80' lang='lat' dir='ltr'><strong>genuinam</strong></span> <span class='ocrx_word' id='word_1_7' title='bbox 1825 353 2099 409; x_wconf 73' lang='lat' dir='ltr'><strong>habebant</strong></span> 
     </span>
    </p>
   </div>
   <div class='ocr_carea' id='block_1_3' title="bbox 517 447 2095 523">
    <p class='ocr_par' dir='ltr' id='par_1_3' title="bbox 517 447 2095 523">
     <span class='ocr_line' id='line_1_3' title="bbox 517 447 2095 523; baseline -0.004 -18"><span class='ocrx_word' id='word_1_8' title='bbox 517 452 577 507; x_wconf 92' lang='lat' dir='ltr'><strong>in</strong></span> <span class='ocrx_word' id='word_1_9' title='bbox 602 451 783 523; x_wconf 88' lang='lat' dir='ltr'><strong>ipsum</strong></span> <span class='ocrx_word' id='word_1_10' title='bbox 806 450 988 515; x_wconf 89' lang='lat' dir='ltr'><strong>ﬁdem,</strong></span> <span class='ocrx_word' id='word_1_11' title='bbox 1021 459 1075 505; x_wconf 92' lang='lat' dir='ltr'><strong>et</strong></span> <span class='ocrx_word' id='word_1_12' title='bbox 1097 465 1227 520; x_wconf 80' lang='lat' dir='ltr'><strong>erga</strong></span> <span class='ocrx_word' id='word_1_13' title='bbox 1250 464 1440 504; x_wconf 89' lang='lat' dir='ltr'><strong>omnes</strong></span> <span class='ocrx_word' id='word_1_14' title='bbox 1478 457 1702 503; x_wconf 84' lang='lat' dir='ltr'><strong>sanctos</strong></span> <span class='ocrx_word' id='word_1_15' title='bbox 1725 447 2095 511; x_wconf 79' lang='lat' dir='ltr'><strong>dilectionem,</strong></span> 
     </span>
    </p>
   </div>
   <div class='ocr_carea' id='block_1_4' title="bbox 518 527 2098 614">
    <p class='ocr_par' dir='ltr' id='par_1_4' title="bbox 518 527 2098 614">
     <span class='ocr_line' id='line_1_4' title="bbox 518 527 2098 614; baseline -0.003 -17"><span class='ocrx_word' id='word_1_16' title='bbox 518 542 920 614; x_wconf 90' lang='lat' dir='ltr'><strong>cupiebantque</strong></span> <span class='ocrx_word' id='word_1_17' title='bbox 946 557 976 595; x_wconf 90' lang='lat' dir='ltr'><strong>a</strong></span> <span class='ocrx_word' id='word_1_18' title='bbox 1010 527 1181 596; x_wconf 75' lang='lat' dir='ltr'><strong>Paulo</strong></span> <span class='ocrx_word' id='word_1_19' title='bbox 1221 540 1555 595; x_wconf 93' lang='lat' dir='ltr'><strong>conﬁrmari.</strong></span> <span class='ocrx_word' id='word_1_20' title='bbox 1604 539 1720 595; x_wconf 82' lang='lat' dir='ltr'><strong>Hoc</strong></span> <span class='ocrx_word' id='word_1_21' title='bbox 1755 539 1850 593; x_wconf 90' lang='lat' dir='ltr'><strong>ubi</strong></span> <span class='ocrx_word' id='word_1_22' title='bbox 1895 552 2098 608; x_wconf 86' lang='lat' dir='ltr'><strong>cogno-</strong></span> 
     </span>
    </p>
   </div>
   <div class='ocr_carea' id='block_1_5' title="bbox 515 630 2100 703">
    <p class='ocr_par' dir='ltr' id='par_1_5' title="bbox 515 630 2100 703">
     <span class='ocr_line' id='line_1_5' title="bbox 515 630 2100 703; baseline -0.001 -16"><span class='ocrx_word' id='word_1_23' title='bbox 515 633 721 698; x_wconf 79' lang='lat' dir='ltr'><strong>visset,</strong></span> <span class='ocrx_word' id='word_1_24' title='bbox 769 631 962 688; x_wconf 83' lang='lat' dir='ltr'><strong>scribit</strong></span> <span class='ocrx_word' id='word_1_25' title='bbox 994 632 1063 687; x_wconf 87' lang='lat' dir='ltr'><strong>ad</strong></span> <span class='ocrx_word' id='word_1_26' title='bbox 1094 640 1190 688; x_wconf 87' lang='lat' dir='ltr'><strong>eo‘s</strong></span> <span class='ocrx_word' id='word_1_27' title='bbox 1245 633 1387 687; x_wconf 91' lang='lat' dir='ltr'><strong>hanc</strong></span> <span class='ocrx_word' id='word_1_28' title='bbox 1433 631 1734 703; x_wconf 89' lang='lat' dir='ltr'><strong>Epistolam</strong></span> <span class='ocrx_word' id='word_1_29' title='bbox 1760 632 1909 686; x_wconf 80' lang='lat' dir='ltr'><strong>velut</strong></span> <span class='ocrx_word' id='word_1_30' title='bbox 1939 630 2100 686; x_wconf 91' lang='lat' dir='ltr'><strong>insti-</strong></span> 
     </span>
    </p>
   </div>
   <div class='ocr_carea' id='block_1_6' title="bbox 518 722 2098 795">
    <p class='ocr_par' dir='ltr' id='par_1_6' title="bbox 518 722 2098 795">
     <span class='ocr_line' id='line_1_6' title="bbox 518 722 2098 795; baseline -0.001 -17"><span class='ocrx_word' id='word_1_31' title='bbox 518 725 707 779; x_wconf 84' lang='lat' dir='ltr'><strong>tuendi</strong></span> <span class='ocrx_word' id='word_1_32' title='bbox 738 724 933 795; x_wconf 81' lang='lat' dir='ltr'><strong>gratia.</strong></span> <span class='ocrx_word' id='word_1_33' title='bbox 967 722 1034 777; x_wconf 80' lang='lat' dir='ltr'><strong>Et</strong></span> <span class='ocrx_word' id='word_1_34' title='bbox 1067 725 1339 795; x_wconf 85' lang='lat' dir='ltr'><strong>principio</strong></span> <span class='ocrx_word' id='word_1_35' title='bbox 1373 723 1617 779; x_wconf 87' lang='lat' dir='ltr'><strong>ostendit</strong></span> <span class='ocrx_word' id='word_1_36' title='bbox 1648 724 1970 795; x_wconf 77' lang='lat' dir='ltr'><strong>mysterium</strong></span> <span class='ocrx_word' id='word_1_37' title='bbox 1998 739 2098 778; x_wconf 79' lang='lat' dir='ltr'><strong>no-</strong></span> 
     </span>
    </p>
   </div>
   <div class='ocr_carea' id='block_1_7' title="bbox 517 814 2097 881">
    <p class='ocr_par' dir='ltr' id='par_1_7' title="bbox 517 814 2097 881">
     <span class='ocr_line' id='line_1_7' title="bbox 517 814 2097 881; baseline -0.002 -11"><span class='ocrx_word' id='word_1_38' title='bbox 517 823 695 870; x_wconf 83' lang='lat' dir='ltr'><strong>strum</strong></span> <span class='ocrx_word' id='word_1_39' title='bbox 725 831 837 870; x_wconf 89' lang='lat' dir='ltr'><strong>non</strong></span> <span class='ocrx_word' id='word_1_40' title='bbox 865 831 989 871; x_wconf 89' lang='lat' dir='ltr'><strong>esse</strong></span> <span class='ocrx_word' id='word_1_41' title='bbox 1014 831 1229 881; x_wconf 84' lang='lat' dir='ltr'><strong>recens,</strong></span> <span class='ocrx_word' id='word_1_42' title='bbox 1263 815 1359 871; x_wconf 89' lang='lat' dir='ltr'><strong>sed</strong></span> <span class='ocrx_word' id='word_1_43' title='bbox 1388 816 1457 869; x_wconf 92' lang='lat' dir='ltr'><strong>ab</strong></span> <span class='ocrx_word' id='word_1_44' title='bbox 1485 815 1647 870; x_wconf 85' lang='lat' dir='ltr'><strong>initio</strong></span> <span class='ocrx_word' id='word_1_45' title='bbox 1675 821 1730 870; x_wconf 92' lang='lat' dir='ltr'><strong>et</strong></span> <span class='ocrx_word' id='word_1_46' title='bbox 1757 822 1883 870; x_wconf 85' lang='lat' dir='ltr'><strong>ante</strong></span> <span class='ocrx_word' id='word_1_47' title='bbox 1910 814 2097 869; x_wconf 91' lang='lat' dir='ltr'><strong>mundi</strong></span> 
     </span>
    </p>
   </div>
   <div class='ocr_carea' id='block_1_8' title="bbox 520 906 2098 978">
    <p class='ocr_par' dir='ltr' id='par_1_8' title="bbox 520 906 2098 978">
     <span class='ocr_line' id='line_1_8' title="bbox 520 906 2098 978; baseline -0.001 -15"><span class='ocrx_word' id='word_1_48' title='bbox 520 909 855 964; x_wconf 83' lang='lat' dir='ltr'><strong>creationem</strong></span> <span class='ocrx_word' id='word_1_49' title='bbox 897 907 1299 978; x_wconf 87' lang='lat' dir='ltr'><strong>beneplacitum</strong></span> <span class='ocrx_word' id='word_1_50' title='bbox 1338 907 1455 964; x_wconf 87' lang='lat' dir='ltr'><strong>Deo</strong></span> <span class='ocrx_word' id='word_1_51' title='bbox 1501 906 1673 963; x_wconf 79' lang='lat' dir='ltr'><strong>fuisse</strong></span> <span class='ocrx_word' id='word_1_52' title='bbox 1698 946 1714 971; x_wconf 91' lang='lat'><strong>,</strong></span> <span class='ocrx_word' id='word_1_53' title='bbox 1755 915 1815 961; x_wconf 93' lang='lat' dir='ltr'><strong>ut</strong></span> <span class='ocrx_word' id='word_1_54' title='bbox 1845 907 2098 963; x_wconf 86' lang='lat' dir='ltr'><strong>Christus</strong></span> 
     </span>
    </p>
   </div>
   <div class='ocr_carea' id='block_1_9' title="bbox 518 997 2100 1069">
    <p class='ocr_par' dir='ltr' id='par_1_9' title="bbox 518 997 2100 1069">
     <span class='ocr_line' id='line_1_9' title="bbox 518 997 2100 1069; baseline 0.001 -18"><span class='ocrx_word' id='word_1_55' title='bbox 518 1011 621 1068; x_wconf 89' lang='lat' dir='ltr'><strong>pro</strong></span> <span class='ocrx_word' id='word_1_56' title='bbox 663 997 824 1052; x_wconf 92' lang='lat' dir='ltr'><strong>nobis</strong></span> <span class='ocrx_word' id='word_1_57' title='bbox 857 1005 1169 1067; x_wconf 87' lang='lat' dir='ltr'><strong>pateretur,</strong></span> <span class='ocrx_word' id='word_1_58' title='bbox 1211 1013 1422 1069; x_wconf 90' lang='lat' dir='ltr'><strong>nosque</strong></span> <span class='ocrx_word' id='word_1_59' title='bbox 1475 999 1707 1054; x_wconf 87' lang='lat' dir='ltr'><strong>salutem</strong></span> <span class='ocrx_word' id='word_1_60' title='bbox 1735 1012 2100 1069; x_wconf 88' lang='lat' dir='ltr'><strong>consequere-</strong></span> 
     </span>
    </p>
   </div>
   <div class='ocr_carea' id='block_1_10' title="bbox 517 1088 2101 1167">
    <p class='ocr_par' dir='ltr' id='par_1_10' title="bbox 517 1088 2101 1167">
     <span class='ocr_line' id='line_1_10' title="bbox 517 1088 2101 1167; baseline -0.001 -23"><span class='ocrx_word' id='word_1_61' title='bbox 517 1105 667 1145; x_wconf 85' lang='lat' dir='ltr'><strong>mur.</strong></span> <span class='ocrx_word' id='word_1_62' title='bbox 704 1088 912 1146; x_wconf 87' lang='lat' dir='ltr'><strong>Deinde</strong></span> <span class='ocrx_word' id='word_1_63' title='bbox 961 1089 1184 1167; x_wconf 83' lang='lat' dir='ltr'><strong>disserit</strong></span> <span class='ocrx_word' id='word_1_64' title='bbox 1236 1091 1305 1146; x_wconf 91' lang='lat' dir='ltr'><strong>de</strong></span> <span class='ocrx_word' id='word_1_65' title='bbox 1366 1091 1655 1145; x_wconf 82' lang='lat' dir='ltr'><strong>vocatione</strong></span> <span class='ocrx_word' id='word_1_66' title='bbox 1704 1090 1988 1160; x_wconf 83' lang='lat' dir='ltr'><strong>gentium,</strong></span> <span class='ocrx_word' id='word_1_67' title='bbox 2039 1096 2101 1144; x_wconf 88' lang='lat' dir='ltr'><strong>ut</strong></span> 
     </span>
    </p>
   </div>
   <div class='ocr_carea' id='block_1_11' title="bbox 520 1175 2101 1254">
    <p class='ocr_par' dir='ltr' id='par_1_11' title="bbox 520 1175 2101 1254">
     <span class='ocr_line' id='line_1_11' title="bbox 520 1175 2101 1254; baseline 0 -17"><span class='ocrx_word' id='word_1_68' title='bbox 520 1183 837 1238; x_wconf 83' lang='lat' dir='ltr'><strong>ostenderet</strong></span> <span class='ocrx_word' id='word_1_69' title='bbox 861 1198 956 1239; x_wconf 90' lang='lat' dir='ltr'><strong>eos</strong></span> <span class='ocrx_word' id='word_1_70' title='bbox 990 1181 1189 1238; x_wconf 90' lang='lat' dir='ltr'><strong>merito</strong></span> <span class='ocrx_word' id='word_1_71' title='bbox 1222 1175 1524 1240; x_wconf 88' lang='lat' dir='ltr'><strong>credidisse</strong></span> <span class='ocrx_word' id='word_1_72' title='bbox 1548 1223 1563 1246; x_wconf 88' lang='lat'><strong>,</strong></span> <span class='ocrx_word' id='word_1_73' title='bbox 1622 1182 1973 1254; x_wconf 83' lang='lat' dir='ltr'><strong>declaratque</strong></span> <span class='ocrx_word' id='word_1_74' title='bbox 2002 1198 2101 1237; x_wconf 81' lang='lat' dir='ltr'><strong>vo-</strong></span> 
     </span>
    </p>
   </div>
   <div class='ocr_carea' id='block_1_12' title="bbox 518 1275 2100 1346">
    <p class='ocr_par' dir='ltr' id='par_1_12' title="bbox 518 1275 2100 1346">
     <span class='ocr_line' id='line_1_12' title="bbox 518 1275 2100 1346; baseline 0.001 -18"><span class='ocrx_word' id='word_1_75' title='bbox 518 1275 792 1329; x_wconf 90' lang='lat' dir='ltr'><strong>cationem</strong></span> <span class='ocrx_word' id='word_1_76' title='bbox 831 1283 1077 1331; x_wconf 83' lang='lat' dir='ltr'><strong>nostram</strong></span> <span class='ocrx_word' id='word_1_77' title='bbox 1123 1290 1234 1330; x_wconf 90' lang='lat' dir='ltr'><strong>non</strong></span> <span class='ocrx_word' id='word_1_78' title='bbox 1268 1291 1365 1345; x_wconf 90' lang='lat' dir='ltr'><strong>per</strong></span> <span class='ocrx_word' id='word_1_79' title='bbox 1395 1275 1674 1330; x_wconf 90' lang='lat' dir='ltr'><strong>hominem</strong></span> <span class='ocrx_word' id='word_1_80' title='bbox 1705 1275 1943 1346; x_wconf 89' lang='lat' dir='ltr'><strong>aliquem</strong></span> <span class='ocrx_word' id='word_1_81' title='bbox 1976 1290 2100 1330; x_wconf 89' lang='lat' dir='ltr'><strong>esse</strong></span> 
     </span>
    </p>
   </div>
   <div class='ocr_carea' id='block_1_13' title="bbox 518 1358 2101 1437">
    <p class='ocr_par' dir='ltr' id='par_1_13' title="bbox 518 1358 2101 1437">
     <span class='ocr_line' id='line_1_13' title="bbox 518 1358 2101 1437; baseline 0.002 -20"><span class='ocrx_word' id='word_1_82' title='bbox 518 1363 747 1431; x_wconf 83' lang='lat' dir='ltr'><strong>factam,</strong></span> <span class='ocrx_word' id='word_1_83' title='bbox 784 1365 880 1421; x_wconf 92' lang='lat' dir='ltr'><strong>sed</strong></span> <span class='ocrx_word' id='word_1_84' title='bbox 910 1380 1008 1436; x_wconf 92' lang='lat' dir='ltr'><strong>per</strong></span> <span class='ocrx_word' id='word_1_85' title='bbox 1055 1364 1362 1431; x_wconf 84' lang='lat' dir='ltr'><strong>Christum,</strong></span> <span class='ocrx_word' id='word_1_86' title='bbox 1388 1366 1483 1437; x_wconf 86' lang='lat' dir='ltr'><strong>qui</strong></span> <span class='ocrx_word' id='word_1_87' title='bbox 1519 1358 1690 1422; x_wconf 80' lang='lat' dir='ltr'><strong>Filius</strong></span> <span class='ocrx_word' id='word_1_88' title='bbox 1743 1362 1839 1422; x_wconf 91' lang='lat' dir='ltr'><strong>Dei</strong></span> <span class='ocrx_word' id='word_1_89' title='bbox 1868 1373 1989 1434; x_wconf 86' lang='lat' dir='ltr'><strong>est,</strong></span> <span class='ocrx_word' id='word_1_90' title='bbox 2041 1370 2101 1421; x_wconf 87' lang='lat' dir='ltr'><strong>ut</strong></span> 
     </span>
    </p>
   </div>
   <div class='ocr_carea' id='block_1_14' title="bbox 515 1455 2101 1521">
    <p class='ocr_par' dir='ltr' id='par_1_14' title="bbox 515 1455 2101 1521">
     <span class='ocr_line' id='line_1_14' title="bbox 515 1455 2101 1521; baseline 0.001 -11"><span class='ocrx_word' id='word_1_91' title='bbox 515 1455 680 1510; x_wconf 89' lang='lat' dir='ltr'><strong>etiam</strong></span> <span class='ocrx_word' id='word_1_92' title='bbox 713 1471 781 1511; x_wconf 77' lang='lat' dir='ltr'><strong>ex</strong></span> <span class='ocrx_word' id='word_1_93' title='bbox 803 1471 869 1511; x_wconf 93' lang='lat' dir='ltr'><strong>eo</strong></span> <span class='ocrx_word' id='word_1_94' title='bbox 892 1457 1189 1521; x_wconf 89' lang='lat' dir='ltr'><strong>discerent,</strong></span> <span class='ocrx_word' id='word_1_95' title='bbox 1217 1456 1457 1513; x_wconf 91' lang='lat' dir='ltr'><strong>hominis</strong></span> <span class='ocrx_word' id='word_1_96' title='bbox 1494 1472 1554 1513; x_wconf 94' lang='lat' dir='ltr'><strong>se</strong></span> <span class='ocrx_word' id='word_1_97' title='bbox 1583 1459 1825 1513; x_wconf 92' lang='lat' dir='ltr'><strong>cultores</strong></span> <span class='ocrx_word' id='word_1_98' title='bbox 1849 1473 1959 1513; x_wconf 92' lang='lat' dir='ltr'><strong>non</strong></span> <span class='ocrx_word' id='word_1_99' title='bbox 1979 1472 2101 1512; x_wconf 82' lang='lat' dir='ltr'><strong>esse</strong></span> 
     </span>
    </p>
   </div>
   <div class='ocr_carea' id='block_1_15' title="bbox 515 1541 2099 1611">
    <p class='ocr_par' dir='ltr' id='par_1_15' title="bbox 515 1541 2099 1611">
     <span class='ocr_line' id='line_1_15' title="bbox 515 1541 2099 1611; baseline 0.003 -13"><span class='ocrx_word' id='word_1_100' title='bbox 515 1541 735 1610; x_wconf 81' lang='lat' dir='ltr'><strong>factos,</strong></span> <span class='ocrx_word' id='word_1_101' title='bbox 791 1544 885 1600; x_wconf 93' lang='lat' dir='ltr'><strong>ubi</strong></span> <span class='ocrx_word' id='word_1_102' title='bbox 936 1544 994 1599; x_wconf 91' lang='lat' dir='ltr'><strong>in</strong></span> <span class='ocrx_word' id='word_1_103' title='bbox 1053 1545 1334 1602; x_wconf 88' lang='lat' dir='ltr'><strong>Christum</strong></span> <span class='ocrx_word' id='word_1_104' title='bbox 1383 1547 1765 1611; x_wconf 90' lang='lat' dir='ltr'><strong>crediderunt,</strong></span> <span class='ocrx_word' id='word_1_105' title='bbox 1802 1546 1897 1601; x_wconf 90' lang='lat' dir='ltr'><strong>sed</strong></span> <span class='ocrx_word' id='word_1_106' title='bbox 1940 1563 2099 1602; x_wconf 88' lang='lat' dir='ltr'><strong>veros</strong></span> 
     </span>
    </p>
   </div>
   <div class='ocr_carea' id='block_1_16' title="bbox 1648 142 2573 203">
    <p class='ocr_par' dir='ltr' id='par_1_16' title="bbox 1648 142 2573 203">
     <span class='ocr_line' id='line_1_16' title="bbox 1648 142 2573 203; baseline -0.005 -2"><span class='ocrx_word' id='word_1_107' title='bbox 1648 146 1706 203; x_wconf 81' lang='grc' dir='ltr'>Β.</span> <span class='ocrx_word' id='word_1_108' title='bbox 1743 144 2201 201; x_wconf 77' lang='lat' dir='ltr'><strong>ATHANASIUS.</strong></span> <span class='ocrx_word' id='word_1_109' title='bbox 2241 174 2311 186; x_wconf 92' lang='lat'>—</span> <span class='ocrx_word' id='word_1_110' title='bbox 2348 142 2573 199; x_wconf 79' lang='lat' dir='ltr'><strong>DUBlA.</strong></span> 
     </span>
    </p>
   </div>
   <div class='ocr_carea' id='block_1_17' title="bbox 518 257 2098 344">
    <p class='ocr_par' dir='ltr' id='par_1_17' title="bbox 518 261 2096 344">
     <span class='ocr_line' id='line_1_17' title="bbox 518 261 2096 344; baseline -0.004 -22"><span class='ocrx_word' id='word_1_111' title='bbox 518 267 670 323; x_wconf 74' lang='lat' dir='ltr'><strong>stolae</strong></span> <span class='ocrx_word' id='word_1_112' title='bbox 701 265 815 319; x_wconf 67' lang='lat' dir='ltr'><strong>haec</strong></span> <span class='ocrx_word' id='word_1_113' title='bbox 847 271 931 320; x_wconf 89' lang='lat' dir='ltr'><strong>est</strong></span> <span class='ocrx_word' id='word_1_114' title='bbox 964 284 977 319; x_wconf 92' lang='lat'><strong>:</strong></span> <span class='ocrx_word' id='word_1_115' title='bbox 1006 263 1250 336; x_wconf 86' lang='lat' dir='ltr'><strong>Ephesii,</strong></span> <span class='ocrx_word' id='word_1_116' title='bbox 1275 278 1399 318; x_wconf 90' lang='lat' dir='ltr'><strong>cum</strong></span> <span class='ocrx_word' id='word_1_117' title='bbox 1423 261 1787 344; x_wconf 82' lang='lat' dir='ltr'><strong>credidissent</strong></span> <span class='ocrx_word' id='word_1_118' title='bbox 1819 262 1874 315; x_wconf 93' lang='lat' dir='ltr'><strong>in</strong></span> <span class='ocrx_word' id='word_1_119' title='bbox 1910 262 2096 315; x_wconf 92' lang='lat' dir='ltr'><strong>Domi-</strong></span> 
     </span>
    </p>
   </div>
   <div class='ocr_carea' id='block_1_18' title="bbox 2202 257 3810 344">
    <p class='ocr_par' dir='ltr' id='par_1_18' title="bbox 2203 257 3810 330">
     <span class='ocr_line' id='line_1_18' title="bbox 2203 257 3810 330; baseline 0.001 -18"><span class='ocrx_word' id='word_1_120' title='bbox 2203 277 2365 329; x_wconf 88' lang='grc' dir='ltr'>φασις</span> <span class='ocrx_word' id='word_1_121' title='bbox 2397 260 2495 330; x_wconf 82' lang='grc' dir='ltr'>τῆς</span> <span class='ocrx_word' id='word_1_122' title='bbox 2528 257 2845 330; x_wconf 79' lang='grc' dir='ltr'><strong>Ἐπιστολῆς</strong></span> <span class='ocrx_word' id='word_1_123' title='bbox 2871 257 3009 330; x_wconf 77' lang='grc' dir='ltr'>αῦτη</span> <span class='ocrx_word' id='word_1_124' title='bbox 3029 277 3040 287; x_wconf 91' lang='grc'><strong>·</strong></span> <span class='ocrx_word' id='word_1_125' title='bbox 3076 258 3334 329; x_wconf 78' lang='grc' dir='ltr'><strong>Ἐφέσιοι,</strong></span> <span class='ocrx_word' id='word_1_126' title='bbox 3382 258 3810 324; x_wconf 75' lang='grc' dir='ltr'><strong>πιστεύσαντες</strong></span> 
     </span>
    </p>
   </div>
   <div class='ocr_carea' id='block_1_19' title="bbox 2199 348 3807 425">
    <p class='ocr_par' dir='ltr' id='par_1_19' title="bbox 2199 348 3807 425">
     <span class='ocr_line' id='line_1_19' title="bbox 2199 348 3807 425; baseline 0.003 -22"><span class='ocrx_word' id='word_1_127' title='bbox 2199 353 2280 415; x_wconf 85' lang='grc' dir='ltr'><strong>είς</strong></span> <span class='ocrx_word' id='word_1_128' title='bbox 2302 351 2393 404; x_wconf 86' lang='grc' dir='ltr'><strong>τὸν</strong></span> <span class='ocrx_word' id='word_1_129' title='bbox 2425 350 2631 421; x_wconf 85' lang='grc' dir='ltr'><strong>Κύριον</strong></span> <span class='ocrx_word' id='word_1_130' title='bbox 2658 350 2816 422; x_wconf 82' lang='grc' dir='ltr'>ἡμῶν</span> <span class='ocrx_word' id='word_1_131' title='bbox 2844 350 3053 421; x_wconf 80' lang='grc' dir='ltr'><strong>Ἰησοῦν</strong></span> <span class='ocrx_word' id='word_1_132' title='bbox 3076 351 3329 423; x_wconf 79' lang='grc' dir='ltr'>Χριστὸν,</span> <span class='ocrx_word' id='word_1_133' title='bbox 3362 353 3598 422; x_wconf 78' lang='grc' dir='ltr'><strong>γνησίαν</strong></span> <span class='ocrx_word' id='word_1_134' title='bbox 3630 348 3807 425; x_wconf 78' lang='grc' dir='ltr'>εἶχον</span> 
     </span>
    </p>
   </div>
   <div class='ocr_carea' id='block_1_20' title="bbox 2199 442 3806 517">
    <p class='ocr_par' dir='ltr' id='par_1_20' title="bbox 2199 442 3806 517">
     <span class='ocr_line' id='line_1_20' title="bbox 2199 442 3806 517; baseline 0.002 -22"><span class='ocrx_word' id='word_1_135' title='bbox 2199 446 2278 507; x_wconf 78' lang='grc' dir='ltr'><strong>εἰς</strong></span> <span class='ocrx_word' id='word_1_136' title='bbox 2305 442 2466 496; x_wconf 82' lang='grc' dir='ltr'>αὐτὸν</span> <span class='ocrx_word' id='word_1_137' title='bbox 2485 442 2583 514; x_wconf 79' lang='grc' dir='ltr'>τὴν</span> <span class='ocrx_word' id='word_1_138' title='bbox 2608 442 2813 507; x_wconf 78' lang='grc' dir='ltr'>πίστιν,</span> <span class='ocrx_word' id='word_1_139' title='bbox 2843 444 2937 497; x_wconf 72' lang='grc' dir='ltr'><strong>καὶ</strong></span> <span class='ocrx_word' id='word_1_140' title='bbox 2960 444 3040 507; x_wconf 81' lang='grc' dir='ltr'><strong>εἰς</strong></span> <span class='ocrx_word' id='word_1_141' title='bbox 3070 444 3276 508; x_wconf 81' lang='grc' dir='ltr'><strong>πάντας</strong></span> <span class='ocrx_word' id='word_1_142' title='bbox 3297 446 3422 509; x_wconf 80' lang='grc' dir='ltr'>τοὺς</span> <span class='ocrx_word' id='word_1_143' title='bbox 3452 446 3659 515; x_wconf 80' lang='grc' dir='ltr'><strong>ἁγίους</strong></span> <span class='ocrx_word' id='word_1_144' title='bbox 3689 448 3806 517; x_wconf 85' lang='grc' dir='ltr'><strong>τὴν</strong></span> 
     </span>
    </p>
   </div>
   <div class='ocr_carea' id='block_1_21' title="bbox 2197 530 3803 608">
    <p class='ocr_par' dir='ltr' id='par_1_21' title="bbox 2197 530 3803 608">
     <span class='ocr_line' id='line_1_21' title="bbox 2197 530 3803 608; baseline 0.001 -19"><span class='ocrx_word' id='word_1_145' title='bbox 2197 534 2439 607; x_wconf 86' lang='grc' dir='ltr'>ἀγάπην,</span> <span class='ocrx_word' id='word_1_146' title='bbox 2464 537 2559 589; x_wconf 75' lang='grc' dir='ltr'><strong>καὶ</strong></span> <span class='ocrx_word' id='word_1_147' title='bbox 2585 534 2867 588; x_wconf 90' lang='grc' dir='ltr'>ἐϐούλοντο</span> <span class='ocrx_word' id='word_1_148' title='bbox 2893 535 3047 607; x_wconf 78' lang='grc' dir='ltr'>παρὰ</span> <span class='ocrx_word' id='word_1_149' title='bbox 3086 534 3184 589; x_wconf 90' lang='grc' dir='ltr'><strong>τοῦ</strong></span> <span class='ocrx_word' id='word_1_150' title='bbox 3220 530 3434 591; x_wconf 80' lang='grc' dir='ltr'>Παύλου</span> <span class='ocrx_word' id='word_1_151' title='bbox 3463 537 3803 608; x_wconf 83' lang='grc' dir='ltr'>βεϐαιωθῆ-</span> 
     </span>
    </p>
   </div>
   <div class='ocr_carea' id='block_1_22' title="bbox 2196 626 3880 702">
    <p class='ocr_par' dir='ltr' id='par_1_22' title="bbox 2196 626 3880 702">
     <span class='ocr_line' id='line_1_22' title="bbox 2196 626 3880 702; baseline 0.002 -21"><span class='ocrx_word' id='word_1_152' title='bbox 2196 626 2307 682; x_wconf 81' lang='grc' dir='ltr'>ναι.</span> <span class='ocrx_word' id='word_1_153' title='bbox 2335 627 2537 682; x_wconf 86' lang='grc' dir='ltr'>Μαθὼν</span> <span class='ocrx_word' id='word_1_154' title='bbox 2564 628 2741 681; x_wconf 80' lang='grc' dir='ltr'>τοίνυν</span> <span class='ocrx_word' id='word_1_155' title='bbox 2765 627 2794 679; x_wconf 83' lang='grc' dir='ltr'>ὁ</span> <span class='ocrx_word' id='word_1_156' title='bbox 2826 628 3166 693; x_wconf 85' lang='grc' dir='ltr'>Ἀπόστολος,</span> <span class='ocrx_word' id='word_1_157' title='bbox 3190 628 3392 701; x_wconf 85' lang='grc' dir='ltr'>γράφει</span> <span class='ocrx_word' id='word_1_158' title='bbox 3409 628 3548 702; x_wconf 79' lang='grc' dir='ltr'>πρὸς</span> <span class='ocrx_word' id='word_1_159' title='bbox 3575 631 3804 694; x_wconf 75' lang='grc' dir='ltr'>αὐτοὺς</span> <span class='ocrx_word' id='word_1_160' title='bbox 3877 626 3880 691; x_wconf 66' lang='grc'><strong>1</strong></span> 
     </span>
    </p>
   </div>
   <div class='ocr_carea' id='block_1_23' title="bbox 2198 719 3880 792">
    <p class='ocr_par' dir='ltr' id='par_1_23' title="bbox 2198 719 3880 792">
     <span class='ocr_line' id='line_1_23' title="bbox 2198 719 3880 792; baseline 0 -20"><span class='ocrx_word' id='word_1_161' title='bbox 2198 720 2404 791; x_wconf 78' lang='grc' dir='ltr'>ταύτην</span> <span class='ocrx_word' id='word_1_162' title='bbox 2431 720 2530 791; x_wconf 85' lang='grc' dir='ltr'>τὴν</span> <span class='ocrx_word' id='word_1_163' title='bbox 2571 719 2913 790; x_wconf 78' lang='grc' dir='ltr'><strong>Ἐπιστολὴν,</strong></span> <span class='ocrx_word' id='word_1_164' title='bbox 2964 720 3152 791; x_wconf 84' lang='grc' dir='ltr'>ὥσπερ</span> <span class='ocrx_word' id='word_1_165' title='bbox 3206 722 3606 792; x_wconf 78' lang='grc' dir='ltr'>κατηχητικήν.</span> <span class='ocrx_word' id='word_1_166' title='bbox 3672 720 3802 774; x_wconf 77' lang='grc' dir='ltr'><strong>Καὶ</strong></span> <span class='ocrx_word' id='word_1_167' title='bbox 3878 736 3880 739; x_wconf 92' lang='grc'>·</span> 
     </span>
    </p>
   </div>
   <div class='ocr_carea' id='block_1_24' title="bbox 2200 805 3802 884">
    <p class='ocr_par' dir='ltr' id='par_1_24' title="bbox 2200 805 3802 884">
     <span class='ocr_line' id='line_1_24' title="bbox 2200 805 3802 884; baseline 0 -19"><span class='ocrx_word' id='word_1_168' title='bbox 2200 812 2461 884; x_wconf 86' lang='grc' dir='ltr'>πρότερον</span> <span class='ocrx_word' id='word_1_169' title='bbox 2509 812 2609 882; x_wconf 81' lang='grc' dir='ltr'><strong>μὲν</strong></span> <span class='ocrx_word' id='word_1_170' title='bbox 2654 812 2891 865; x_wconf 82' lang='grc' dir='ltr'>δείκνυσι</span> <span class='ocrx_word' id='word_1_171' title='bbox 2939 810 3013 883; x_wconf 83' lang='grc' dir='ltr'>μὴ</span> <span class='ocrx_word' id='word_1_172' title='bbox 3062 811 3323 883; x_wconf 88' lang='grc' dir='ltr'>νεώτερον</span> <span class='ocrx_word' id='word_1_173' title='bbox 3371 805 3510 866; x_wconf 81' lang='grc' dir='ltr'>εἶναι</span> <span class='ocrx_word' id='word_1_174' title='bbox 3554 811 3624 865; x_wconf 84' lang='grc' dir='ltr'>τὸ</span> <span class='ocrx_word' id='word_1_175' title='bbox 3658 811 3802 865; x_wconf 82' lang='grc' dir='ltr'>καθ’</span> 
     </span>
    </p>
   </div>
   <div class='ocr_carea' id='block_1_25' title="bbox 2200 895 3803 972">
    <p class='ocr_par' dir='ltr' id='par_1_25' title="bbox 2200 895 3803 972">
     <span class='ocr_line' id='line_1_25' title="bbox 2200 895 3803 972; baseline 0.002 -21"><span class='ocrx_word' id='word_1_176' title='bbox 2200 895 2346 969; x_wconf 77' lang='grc' dir='ltr'>ἡμᾶς</span> <span class='ocrx_word' id='word_1_177' title='bbox 2390 898 2706 970; x_wconf 88' lang='grc' dir='ltr'>μυστήριον,</span> <span class='ocrx_word' id='word_1_178' title='bbox 2755 898 2868 952; x_wconf 87' lang='grc' dir='ltr'>ἀλλ’</span> <span class='ocrx_word' id='word_1_179' title='bbox 2908 898 2970 963; x_wconf 82' lang='grc' dir='ltr'><strong>ἐξ</strong></span> <span class='ocrx_word' id='word_1_180' title='bbox 2997 898 3173 972; x_wconf 80' lang='grc' dir='ltr'>ἀρχῆς</span> <span class='ocrx_word' id='word_1_181' title='bbox 3211 900 3306 954; x_wconf 84' lang='grc' dir='ltr'><strong>καὶ</strong></span> <span class='ocrx_word' id='word_1_182' title='bbox 3337 900 3651 971; x_wconf 79' lang='grc' dir='ltr'>καταϐολῆς</span> <span class='ocrx_word' id='word_1_183' title='bbox 3697 902 3803 954; x_wconf 74' lang='lat' dir='ltr'><strong>x6-</strong></span> 
     </span>
    </p>
   </div>
   <div class='ocr_carea' id='block_1_26' title="bbox 2202 988 3880 1065">
    <p class='ocr_par' dir='ltr' id='par_1_26' title="bbox 2202 988 3880 1065">
     <span class='ocr_line' id='line_1_26' title="bbox 2202 988 3880 1065; baseline 0.002 -21"><span class='ocrx_word' id='word_1_184' title='bbox 2202 1008 2338 1062; x_wconf 90' lang='grc' dir='ltr'>σμου</span> <span class='ocrx_word' id='word_1_185' title='bbox 2368 988 2506 1045; x_wconf 73' lang='grc' dir='ltr'>εἶναι</span> <span class='ocrx_word' id='word_1_186' title='bbox 2528 990 2729 1061; x_wconf 89' lang='grc' dir='ltr'>ταύτην</span> <span class='ocrx_word' id='word_1_187' title='bbox 2758 991 3001 1045; x_wconf 85' lang='grc' dir='ltr'>εὐδοκίαν</span> <span class='ocrx_word' id='word_1_188' title='bbox 3033 992 3126 1046; x_wconf 91' lang='grc' dir='ltr'><strong>τοῦ</strong></span> <span class='ocrx_word' id='word_1_189' title='bbox 3151 992 3306 1058; x_wconf 88' lang='grc' dir='ltr'>Θεοῦ,</span> <span class='ocrx_word' id='word_1_190' title='bbox 3339 993 3479 1046; x_wconf 81' lang='grc' dir='ltr'>ὥστε</span> <span class='ocrx_word' id='word_1_191' title='bbox 3513 993 3613 1048; x_wconf 81' lang='grc' dir='ltr'>τὸν</span> <span class='ocrx_word' id='word_1_192' title='bbox 3643 995 3801 1065; x_wconf 83' lang='grc' dir='ltr'>Χρι-</span> <span class='ocrx_word' id='word_1_193' title='bbox 3878 998 3880 1001; x_wconf 85' lang='grc'><em>’</em></span> 
     </span>
    </p>
   </div>
   <div class='ocr_carea' id='block_1_27' title="bbox 2201 1082 3800 1154">
    <p class='ocr_par' dir='ltr' id='par_1_27' title="bbox 2201 1082 3800 1154">
     <span class='ocr_line' id='line_1_27' title="bbox 2201 1082 3800 1154; baseline 0.001 -19"><span class='ocrx_word' id='word_1_194' title='bbox 2201 1082 2325 1136; x_wconf 86' lang='grc' dir='ltr'>στὸν</span> <span class='ocrx_word' id='word_1_195' title='bbox 2350 1083 2488 1154; x_wconf 79' lang='grc' dir='ltr'>ὑπὲρ</span> <span class='ocrx_word' id='word_1_196' title='bbox 2513 1082 2672 1153; x_wconf 83' lang='grc' dir='ltr'>ἡμῶν</span> <span class='ocrx_word' id='word_1_197' title='bbox 2716 1082 2929 1146; x_wconf 80' lang='grc' dir='ltr'>παθεῖν,</span> <span class='ocrx_word' id='word_1_198' title='bbox 2962 1082 3056 1136; x_wconf 76' lang='grc' dir='ltr'>καὶ</span> <span class='ocrx_word' id='word_1_199' title='bbox 3086 1084 3235 1153; x_wconf 76' lang='grc' dir='ltr'>ἡμᾶς</span> <span class='ocrx_word' id='word_1_200' title='bbox 3263 1082 3531 1153; x_wconf 71' lang='grc' dir='ltr'>σωθῆναι*</span> <span class='ocrx_word' id='word_1_201' title='bbox 3581 1083 3800 1137; x_wconf 75' lang='grc' dir='ltr'>ἔπειτα</span> 
     </span>
    </p>
   </div>
   <div class='ocr_carea' id='block_1_28' title="bbox 2199 1174 3799 1248">
    <p class='ocr_par' dir='ltr' id='par_1_28' title="bbox 2199 1174 3799 1248">
     <span class='ocr_line' id='line_1_28' title="bbox 2199 1174 3799 1248; baseline 0.001 -21"><span class='ocrx_word' id='word_1_202' title='bbox 2199 1175 2458 1245; x_wconf 72' lang='grc' dir='ltr'>περὶτῆς</span> <span class='ocrx_word' id='word_1_203' title='bbox 2496 1174 2738 1245; x_wconf 81' lang='grc' dir='ltr'><strong>κλήσεως</strong></span> <span class='ocrx_word' id='word_1_204' title='bbox 2780 1174 2889 1228; x_wconf 89' lang='grc' dir='ltr'><strong>τῶν</strong></span> <span class='ocrx_word' id='word_1_205' title='bbox 2936 1174 3104 1229; x_wconf 87' lang='grc' dir='ltr'>ἐθνῶν</span> <span class='ocrx_word' id='word_1_206' title='bbox 3137 1174 3461 1243; x_wconf 70' lang='grc' dir='ltr'><strong>διαλέγεται,</strong></span> <span class='ocrx_word' id='word_1_207' title='bbox 3509 1176 3602 1230; x_wconf 86' lang='grc' dir='ltr'><strong>ἴνα</strong></span> <span class='ocrx_word' id='word_1_208' title='bbox 3630 1176 3799 1248; x_wconf 78' lang='grc' dir='ltr'>δείξῃ</span> 
     </span>
    </p>
   </div>
   <div class='ocr_carea' id='block_1_29' title="bbox 2199 1266 3801 1334">
    <p class='ocr_par' dir='ltr' id='par_1_29' title="bbox 2199 1266 3801 1334">
     <span class='ocr_line' id='line_1_29' title="bbox 2199 1266 3801 1334; baseline 0.002 -14"><span class='ocrx_word' id='word_1_209' title='bbox 2199 1266 2366 1334; x_wconf 82' lang='grc' dir='ltr'>ἀξίως</span> <span class='ocrx_word' id='word_1_210' title='bbox 2394 1267 2593 1330; x_wconf 81' lang='grc' dir='ltr'>αὐτοὺς</span> <span class='ocrx_word' id='word_1_211' title='bbox 2635 1267 3085 1321; x_wconf 71' lang='grc' dir='ltr'>πεπιστευκέναι*</span> <span class='ocrx_word' id='word_1_212' title='bbox 3120 1268 3215 1321; x_wconf 86' lang='grc' dir='ltr'><strong>καὶ</strong></span> <span class='ocrx_word' id='word_1_213' title='bbox 3258 1268 3669 1334; x_wconf 87' lang='grc' dir='ltr'>ἀποδείκνυσιν,</span> <span class='ocrx_word' id='word_1_214' title='bbox 3708 1271 3801 1323; x_wconf 81' lang='grc' dir='ltr'>ὅτι</span> 
     </span>
    </p>
   </div>
   <div class='ocr_carea' id='block_1_30' title="bbox 2200 1360 3801 1434">
    <p class='ocr_par' dir='ltr' id='par_1_30' title="bbox 2200 1360 3801 1434">
     <span class='ocr_line' id='line_1_30' title="bbox 2200 1360 3801 1434; baseline 0.001 -19"><span class='ocrx_word' id='word_1_215' title='bbox 2200 1364 2235 1433; x_wconf 76' lang='grc' dir='ltr'><strong>ἡ</strong></span> <span class='ocrx_word' id='word_1_216' title='bbox 2273 1361 2464 1433; x_wconf 80' lang='grc' dir='ltr'>κλῆσις</span> <span class='ocrx_word' id='word_1_217' title='bbox 2494 1362 2653 1434; x_wconf 81' lang='grc' dir='ltr'>ἡμῶν</span> <span class='ocrx_word' id='word_1_218' title='bbox 2697 1362 2918 1431; x_wconf 82' lang='grc' dir='ltr'>γέγονεν</span> <span class='ocrx_word' id='word_1_219' title='bbox 2951 1362 3013 1414; x_wconf 86' lang='grc' dir='ltr'>ού</span> <span class='ocrx_word' id='word_1_220' title='bbox 3050 1362 3116 1415; x_wconf 89' lang='grc' dir='ltr'>δι’</span> <span class='ocrx_word' id='word_1_221' title='bbox 3157 1360 3463 1431; x_wconf 83' lang='grc' dir='ltr'>ἀνθρώπου,</span> <span class='ocrx_word' id='word_1_222' title='bbox 3504 1362 3651 1417; x_wconf 84' lang='grc' dir='ltr'>ἀλλὰ</span> <span class='ocrx_word' id='word_1_223' title='bbox 3702 1364 3801 1417; x_wconf 72' lang='grc' dir='ltr'>διὰ</span> 
     </span>
    </p>
   </div>
   <div class='ocr_carea' id='block_1_31' title="bbox 2201 1451 3800 1525">
    <p class='ocr_par' dir='ltr' id='par_1_31' title="bbox 2201 1451 3800 1525">
     <span class='ocr_line' id='line_1_31' title="bbox 2201 1451 3800 1525; baseline 0.003 -19"><span class='ocrx_word' id='word_1_224' title='bbox 2201 1451 2458 1525; x_wconf 84' lang='grc' dir='ltr'>Χριστοῦ,</span> <span class='ocrx_word' id='word_1_225' title='bbox 2492 1454 2551 1515; x_wconf 87' lang='grc' dir='ltr'>ὃς</span> <span class='ocrx_word' id='word_1_226' title='bbox 2589 1456 2736 1506; x_wconf 85' lang='grc' dir='ltr'>ἐστιν</span> <span class='ocrx_word' id='word_1_227' title='bbox 2761 1454 2888 1517; x_wconf 81' lang='grc' dir='ltr'>Υἱὸς</span> <span class='ocrx_word' id='word_1_228' title='bbox 2913 1452 3006 1507; x_wconf 90' lang='grc' dir='ltr'><strong>τοῦ</strong></span> <span class='ocrx_word' id='word_1_229' title='bbox 3053 1452 3210 1519; x_wconf 84' lang='grc' dir='ltr'>Θεοῦ,</span> <span class='ocrx_word' id='word_1_230' title='bbox 3242 1456 3454 1509; x_wconf 74' lang='grc' dir='ltr'>ἵνακαὶ</span> <span class='ocrx_word' id='word_1_231' title='bbox 3480 1457 3544 1509; x_wconf 85' lang='grc' dir='ltr'><strong>ἐκ</strong></span> <span class='ocrx_word' id='word_1_232' title='bbox 3585 1455 3800 1510; x_wconf 81' lang='grc' dir='ltr'>τούτου</span> 
     </span>
    </p>
   </div>
   <div class='ocr_carea' id='block_1_32' title="bbox 2206 1543 3803 1617">
    <p class='ocr_par' dir='ltr' id='par_1_32' title="bbox 2206 1543 3803 1617">
     <span class='ocr_line' id='line_1_32' title="bbox 2206 1543 3803 1617; baseline 0.002 -18"><span class='ocrx_word' id='word_1_233' title='bbox 2206 1545 2468 1616; x_wconf 82' lang='grc' dir='ltr'>μάθωσιν,</span> <span class='ocrx_word' id='word_1_234' title='bbox 2496 1545 2577 1597; x_wconf 83' lang='grc' dir='ltr'><strong>ὅτι</strong></span> <span class='ocrx_word' id='word_1_235' title='bbox 2616 1544 2713 1597; x_wconf 76' lang='grc' dir='ltr'>οὐκ</span> <span class='ocrx_word' id='word_1_236' title='bbox 2755 1543 3203 1617; x_wconf 80' lang='grc' dir='ltr'>ἀνθρωπολάτραι</span> <span class='ocrx_word' id='word_1_237' title='bbox 3239 1545 3514 1615; x_wconf 77' lang='grc' dir='ltr'>γεγόνασι,</span> <span class='ocrx_word' id='word_1_238' title='bbox 3551 1549 3803 1602; x_wconf 77' lang='grc' dir='ltr'>πιστεύο</span> 
     </span>
    </p>
   </div>
   <div class='ocr_carea' id='block_1_33' title="bbox 515 1632 2098 1710">
    <p class='ocr_par' dir='ltr' id='par_1_33' title="bbox 515 1632 2098 1706">
     <span class='ocr_line' id='line_1_33' title="bbox 515 1632 2098 1706; baseline 0.001 -19"><span class='ocrx_word' id='word_1_239' title='bbox 515 1633 758 1689; x_wconf 90' lang='lat' dir='ltr'><strong>cultores</strong></span> <span class='ocrx_word' id='word_1_240' title='bbox 810 1633 927 1691; x_wconf 91' lang='lat' dir='ltr'><strong>Dei.</strong></span> <span class='ocrx_word' id='word_1_241' title='bbox 997 1632 1287 1705; x_wconf 86' lang='lat' dir='ltr'><strong>Signiﬁcat</strong></span> <span class='ocrx_word' id='word_1_242' title='bbox 1341 1650 1403 1690; x_wconf 92' lang='lat' dir='ltr'><strong>se</strong></span> <span class='ocrx_word' id='word_1_243' title='bbox 1457 1650 1677 1706; x_wconf 89' lang='lat' dir='ltr'><strong>quoque</strong></span> <span class='ocrx_word' id='word_1_244' title='bbox 1708 1633 1875 1705; x_wconf 87' lang='lat' dir='ltr'><strong>hujus</strong></span> <span class='ocrx_word' id='word_1_245' title='bbox 1926 1637 2098 1705; x_wconf 80' lang='lat' dir='ltr'><strong>gratia</strong></span> 
     </span>
    </p>
   </div>
   <div class='ocr_carea' id='block_1_34' title="bbox 2202 1632 3799 1710">
    <p class='ocr_par' dir='ltr' id='par_1_34' title="bbox 2204 1634 3799 1710">
     <span class='ocr_line' id='line_1_34' title="bbox 2204 1634 3799 1710; baseline 0.001 -21"><span class='ocrx_word' id='word_1_246' title='bbox 2204 1653 2393 1700; x_wconf 82' lang='grc' dir='ltr'>σαντες</span> <span class='ocrx_word' id='word_1_247' title='bbox 2423 1634 2499 1706; x_wconf 79' lang='grc' dir='ltr'>τῷ</span> <span class='ocrx_word' id='word_1_248' title='bbox 2529 1635 2773 1708; x_wconf 81' lang='grc' dir='ltr'>Χριστῷ,</span> <span class='ocrx_word' id='word_1_249' title='bbox 2801 1634 2936 1689; x_wconf 87' lang='grc' dir='ltr'><strong>ἀλλά</strong></span> <span class='ocrx_word' id='word_1_250' title='bbox 2961 1635 3204 1707; x_wconf 72' lang='grc' dir='ltr'>ἀληθινοὶ</span> <span class='ocrx_word' id='word_1_251' title='bbox 3246 1637 3534 1702; x_wconf 86' lang='grc' dir='ltr'>θεοσεϐεῖς.</span> <span class='ocrx_word' id='word_1_252' title='bbox 3564 1637 3799 1710; x_wconf 86' lang='grc' dir='ltr'>Σημαί-</span> 
     </span>
    </p>
   </div>
   <div class='ocr_carea' id='block_1_35' title="bbox 516 1724 2102 1798">
    <p class='ocr_par' dir='ltr' id='par_1_35' title="bbox 516 1724 2102 1798">
     <span class='ocr_line' id='line_1_35' title="bbox 516 1724 2102 1798; baseline 0.001 -19"><span class='ocrx_word' id='word_1_253' title='bbox 516 1726 748 1781; x_wconf 90' lang='lat' dir='ltr'><strong>missum</strong></span> <span class='ocrx_word' id='word_1_254' title='bbox 782 1724 1073 1792; x_wconf 83' lang='lat' dir='ltr'><strong>fuisse,&#39;ut</strong></span> <span class='ocrx_word' id='word_1_255' title='bbox 1111 1726 1434 1797; x_wconf 64' lang='lat' dir='ltr'><strong>praedicaret</strong></span> <span class='ocrx_word' id='word_1_256' title='bbox 1465 1726 1843 1798; x_wconf 84' lang='lat' dir='ltr'><strong>Evangelium,</strong></span> <span class='ocrx_word' id='word_1_257' title='bbox 1875 1727 2102 1797; x_wconf 89' lang='lat' dir='ltr'><strong>etquod</strong></span> 
     </span>
    </p>
   </div>
   <div class='ocr_carea' id='block_1_36' title="bbox 516 1812 2100 1890">
    <p class='ocr_par' dir='ltr' id='par_1_36' title="bbox 516 1812 2100 1890">
     <span class='ocr_line' id='line_1_36' title="bbox 516 1812 2100 1890; baseline 0.001 -17"><span class='ocrx_word' id='word_1_258' title='bbox 516 1834 707 1874; x_wconf 89' lang='lat' dir='ltr'><strong>curam</strong></span> <span class='ocrx_word' id='word_1_259' title='bbox 740 1821 985 1890; x_wconf 90' lang='lat' dir='ltr'><strong>ipsorum</strong></span> <span class='ocrx_word' id='word_1_260' title='bbox 1013 1819 1234 1875; x_wconf 88' lang='lat' dir='ltr'><strong>habeat.</strong></span> <span class='ocrx_word' id='word_1_261' title='bbox 1267 1812 1484 1884; x_wconf 81' lang='lat' dir='ltr'><strong>Postea,</strong></span> <span class='ocrx_word' id='word_1_262' title='bbox 1532 1812 1935 1875; x_wconf 86' lang='lat' dir='ltr'><strong>adhortatorios</strong></span> <span class='ocrx_word' id='word_1_263' title='bbox 1982 1834 2100 1875; x_wconf 88' lang='lat' dir='ltr'><strong>ser-</strong></span> 
     </span>
    </p>
   </div>
   <div class='ocr_carea' id='block_1_37' title="bbox 515 1908 2101 1979">
    <p class='ocr_par' dir='ltr' id='par_1_37' title="bbox 515 1908 2101 1979">
     <span class='ocr_line' id='line_1_37' title="bbox 515 1908 2101 1979; baseline 0.003 -18"><span class='ocrx_word' id='word_1_264' title='bbox 515 1923 708 1964; x_wconf 87' lang='lat' dir='ltr'><strong>mones</strong></span> <span class='ocrx_word' id='word_1_265' title='bbox 739 1908 877 1964; x_wconf 84' lang='lat' dir='ltr'><strong>viris</strong></span> <span class='ocrx_word' id='word_1_266' title='bbox 904 1923 968 1963; x_wconf 90' lang='lat' dir='ltr'><strong>ac</strong></span> <span class='ocrx_word' id='word_1_267' title='bbox 995 1908 1344 1973; x_wconf 91' lang='lat' dir='ltr'><strong>mulieribus,</strong></span> <span class='ocrx_word' id='word_1_268' title='bbox 1384 1908 1634 1979; x_wconf 85' lang='lat' dir='ltr'><strong>patribus</strong></span> <span class='ocrx_word' id='word_1_269' title='bbox 1671 1916 1727 1963; x_wconf 91' lang='lat' dir='ltr'><strong>et</strong></span> <span class='ocrx_word' id='word_1_270' title='bbox 1762 1909 1968 1973; x_wconf 87' lang='lat' dir='ltr'><strong>liberis,</strong></span> <span class='ocrx_word' id='word_1_271' title='bbox 2004 1910 2101 1965; x_wconf 92' lang='lat' dir='ltr'><strong>do-</strong></span> 
     </span>
    </p>
   </div>
   <div class='ocr_carea' id='block_1_38' title="bbox 514 1997 2102 2070">
    <p class='ocr_par' dir='ltr' id='par_1_38' title="bbox 514 1997 2102 2070">
     <span class='ocr_line' id='line_1_38' title="bbox 514 1997 2102 2070; baseline 0.003 -20"><span class='ocrx_word' id='word_1_272' title='bbox 514 1997 684 2053; x_wconf 91' lang='lat' dir='ltr'><strong>minis</strong></span> <span class='ocrx_word' id='word_1_273' title='bbox 734 2012 799 2052; x_wconf 91' lang='lat' dir='ltr'><strong>ac</strong></span> <span class='ocrx_word' id='word_1_274' title='bbox 848 1999 1024 2055; x_wconf 84' lang='lat' dir='ltr'><strong>servis</strong></span> <span class='ocrx_word' id='word_1_275' title='bbox 1070 1999 1127 2053; x_wconf 93' lang='lat' dir='ltr'><strong>in</strong></span> <span class='ocrx_word' id='word_1_276' title='bbox 1158 1999 1261 2053; x_wconf 88' lang='lat' dir='ltr'><strong>hac</strong></span> <span class='ocrx_word' id='word_1_277' title='bbox 1291 1998 1534 2069; x_wconf 74' lang='lat' dir='ltr'><strong>Epistdla</strong></span> <span class='ocrx_word' id='word_1_278' title='bbox 1565 1998 1754 2069; x_wconf 84' lang='lat' dir='ltr'><strong>ponit:</strong></span> <span class='ocrx_word' id='word_1_279' title='bbox 1788 2012 1948 2070; x_wconf 85' lang='lat' dir='ltr'><strong>atque</strong></span> <span class='ocrx_word' id='word_1_280' title='bbox 1980 2002 2102 2055; x_wconf 92' lang='lat' dir='ltr'><strong>uni-</strong></span> 
     </span>
    </p>
   </div>
   <div class='ocr_carea' id='block_1_39' title="bbox 515 2088 2102 2161">
    <p class='ocr_par' dir='ltr' id='par_1_39' title="bbox 515 2088 2102 2161">
     <span class='ocr_line' id='line_1_39' title="bbox 515 2088 2102 2161; baseline 0.005 -24"><span class='ocrx_word' id='word_1_281' title='bbox 515 2102 708 2143; x_wconf 80' lang='lat' dir='ltr'><strong>versos</strong></span> <span class='ocrx_word' id='word_1_282' title='bbox 737 2088 962 2143; x_wconf 93' lang='lat' dir='ltr'><strong>omnino</strong></span> <span class='ocrx_word' id='word_1_283' title='bbox 991 2094 1184 2143; x_wconf 88' lang='lat' dir='ltr'><strong>contra</strong></span> <span class='ocrx_word' id='word_1_284' title='bbox 1231 2089 1510 2143; x_wconf 91' lang='lat' dir='ltr'><strong>diabolum</strong></span> <span class='ocrx_word' id='word_1_285' title='bbox 1566 2097 1621 2144; x_wconf 92' lang='lat' dir='ltr'><strong>et</strong></span> <span class='ocrx_word' id='word_1_286' title='bbox 1673 2089 1945 2145; x_wconf 81' lang='lat' dir='ltr'><strong>daemones</strong></span> <span class='ocrx_word' id='word_1_287' title='bbox 1982 2091 2102 2161; x_wconf 85' lang='lat' dir='ltr'><strong>ejus</strong></span> 
     </span>
    </p>
   </div>
   <div class='ocr_carea' id='block_1_40' title="bbox 515 2176 2098 2242">
    <p class='ocr_par' dir='ltr' id='par_1_40' title="bbox 515 2176 2098 2242">
     <span class='ocr_line' id='line_1_40' title="bbox 515 2176 2098 2242; baseline 0.002 -12"><span class='ocrx_word' id='word_1_288' title='bbox 515 2176 761 2242; x_wconf 86' lang='lat' dir='ltr'><strong>instruit,</strong></span> <span class='ocrx_word' id='word_1_289' title='bbox 792 2176 982 2233; x_wconf 91' lang='lat' dir='ltr'><strong>dicens</strong></span> <span class='ocrx_word' id='word_1_290' title='bbox 1030 2177 1320 2232; x_wconf 90' lang='lat' dir='ltr'><strong>adversum</strong></span> <span class='ocrx_word' id='word_1_291' title='bbox 1363 2177 1489 2231; x_wconf 88' lang='lat' dir='ltr'><strong>illos</strong></span> <span class='ocrx_word' id='word_1_292' title='bbox 1532 2177 1693 2232; x_wconf 90' lang='lat' dir='ltr'><strong>nobis</strong></span> <span class='ocrx_word' id='word_1_293' title='bbox 1725 2191 1847 2233; x_wconf 91' lang='lat' dir='ltr'><strong>esse</strong></span> <span class='ocrx_word' id='word_1_294' title='bbox 1876 2178 2098 2233; x_wconf 88' lang='lat' dir='ltr'><strong>luctam.</strong></span> 
     </span>
    </p>
   </div>
   <div class='ocr_carea' id='block_1_41' title="bbox 515 2268 2100 2343">
    <p class='ocr_par' dir='ltr' id='par_1_41' title="bbox 515 2268 2100 2343">
     <span class='ocr_line' id='line_1_41' title="bbox 515 2268 2100 2343; baseline 0.003 -19"><span class='ocrx_word' id='word_1_295' title='bbox 515 2268 586 2325; x_wconf 86' lang='lat' dir='ltr'><strong>Et</strong></span> <span class='ocrx_word' id='word_1_296' title='bbox 612 2269 703 2324; x_wconf 94' lang='lat' dir='ltr'><strong>ubi</strong></span> <span class='ocrx_word' id='word_1_297' title='bbox 730 2278 991 2341; x_wconf 88' lang='lat' dir='ltr'><strong>tanquam</strong></span> <span class='ocrx_word' id='word_1_298' title='bbox 1024 2271 1203 2326; x_wconf 90' lang='lat' dir='ltr'><strong>bonus</strong></span> <span class='ocrx_word' id='word_1_299' title='bbox 1223 2270 1549 2326; x_wconf 86' lang='lat' dir='ltr'><strong>athletarum</strong></span> <span class='ocrx_word' id='word_1_300' title='bbox 1581 2279 1880 2343; x_wconf 85' lang='lat' dir='ltr'><strong>praeceptor</strong></span> <span class='ocrx_word' id='word_1_301' title='bbox 1910 2288 2100 2328; x_wconf 90' lang='lat' dir='ltr'><strong>omnes</strong></span> 
     </span>
    </p>
   </div>
   <div class='ocr_carea' id='block_1_42' title="bbox 518 2363 2096 2437">
    <p class='ocr_par' dir='ltr' id='par_1_42' title="bbox 518 2363 2096 2437">
     <span class='ocr_line' id='line_1_42' title="bbox 518 2363 2096 2437; baseline 0.003 -19"><span class='ocrx_word' id='word_1_302' title='bbox 518 2371 713 2419; x_wconf 89' lang='lat' dir='ltr'><strong>contra</strong></span> <span class='ocrx_word' id='word_1_303' title='bbox 742 2363 1043 2421; x_wconf 89' lang='lat' dir='ltr'><strong>diabolicas</strong></span> <span class='ocrx_word' id='word_1_304' title='bbox 1076 2367 1425 2437; x_wconf 88' lang='lat' dir='ltr'><strong>operationes</strong></span> <span class='ocrx_word' id='word_1_305' title='bbox 1449 2367 1637 2423; x_wconf 87' lang='lat' dir='ltr'><strong>verbis</strong></span> <span class='ocrx_word' id='word_1_306' title='bbox 1675 2368 1793 2424; x_wconf 91' lang='lat' dir='ltr'><strong>suis</strong></span> <span class='ocrx_word' id='word_1_307' title='bbox 1840 2367 2059 2422; x_wconf 78' lang='lat' dir='ltr'><strong>inunxit</strong></span> <span class='ocrx_word' id='word_1_308' title='bbox 2080 2409 2096 2436; x_wconf 89' lang='lat'><strong>,</strong></span> 
     </span>
    </p>
   </div>
   <div class='ocr_carea' id='block_1_43' title="bbox 517 2454 1082 2527">
    <p class='ocr_par' dir='ltr' id='par_1_43' title="bbox 517 2454 1082 2527">
     <span class='ocr_line' id='line_1_43' title="bbox 517 2454 1082 2527; baseline 0.004 -18"><span class='ocrx_word' id='word_1_309' title='bbox 517 2454 820 2527; x_wconf 84' lang='lat' dir='ltr'><strong>Epistolam</strong></span> <span class='ocrx_word' id='word_1_310' title='bbox 857 2458 1082 2514; x_wconf 91' lang='lat' dir='ltr'><strong>claudit.</strong></span> 
     </span>
    </p>
   </div>
   <div class='ocr_carea' id='block_1_44' title="bbox 942 2569 1678 2644">
    <p class='ocr_par' dir='ltr' id='par_1_44' title="bbox 942 2569 1678 2644">
     <span class='ocr_line' id='line_1_44' title="bbox 942 2569 1678 2644; baseline 0.004 -18"><span class='ocrx_word' id='word_1_311' title='bbox 942 2569 1140 2639; x_wconf 75' lang='lat' dir='ltr'><strong>Sexta,</strong></span> <span class='ocrx_word' id='word_1_312' title='bbox 1175 2572 1259 2627; x_wconf 82' lang='lat' dir='ltr'><strong>&#39;ad</strong></span> <span class='ocrx_word' id='word_1_313' title='bbox 1289 2572 1678 2644; x_wconf 78' lang='lat' dir='ltr'><strong>Philippenses.</strong></span> 
     </span>
    </p>
   </div>
   <div class='ocr_carea' id='block_1_45' title="bbox 589 2682 2100 2759">
    <p class='ocr_par' dir='ltr' id='par_1_45' title="bbox 589 2682 2100 2759">
     <span class='ocr_line' id='line_1_45' title="bbox 589 2682 2100 2759; baseline 0.004 -21"><span class='ocrx_word' id='word_1_314' title='bbox 589 2682 677 2741; x_wconf 73' lang='grc'><strong>64.</strong></span> <span class='ocrx_word' id='word_1_315' title='bbox 719 2682 873 2740; x_wconf 85' lang='lat' dir='ltr'><strong>Hanc</strong></span> <span class='ocrx_word' id='word_1_316' title='bbox 899 2701 1121 2757; x_wconf 90' lang='lat' dir='ltr'><strong>quoque</strong></span> <span class='ocrx_word' id='word_1_317' title='bbox 1167 2686 1341 2745; x_wconf 82' lang='lat' dir='ltr'><strong>Roma</strong></span> <span class='ocrx_word' id='word_1_318' title='bbox 1378 2690 1573 2754; x_wconf 90' lang='lat' dir='ltr'><strong>misit,</strong></span> <span class='ocrx_word' id='word_1_319' title='bbox 1634 2704 1758 2744; x_wconf 91' lang='lat' dir='ltr'><strong>cum</strong></span> <span class='ocrx_word' id='word_1_320' title='bbox 1802 2688 1916 2759; x_wconf 87' lang='lat' dir='ltr'><strong>jam</strong></span> <span class='ocrx_word' id='word_1_321' title='bbox 1948 2687 2100 2757; x_wconf 85' lang='lat' dir='ltr'><strong>(Phi-</strong></span> 
     </span>
    </p>
   </div>
   <div class='ocr_carea' id='block_1_46' title="bbox 518 2778 2100 2853">
    <p class='ocr_par' dir='ltr' id='par_1_46' title="bbox 518 2778 2100 2853">
     <span class='ocr_line' id='line_1_46' title="bbox 518 2778 2100 2853; baseline 0.003 -21"><span class='ocrx_word' id='word_1_322' title='bbox 518 2778 815 2851; x_wconf 90' lang='lat' dir='ltr'><strong>lippenses)</strong></span> <span class='ocrx_word' id='word_1_323' title='bbox 845 2780 1072 2837; x_wconf 85' lang='lat' dir='ltr'><strong>vidisset</strong></span> <span class='ocrx_word' id='word_1_324' title='bbox 1102 2796 1166 2836; x_wconf 89' lang='lat' dir='ltr'><strong>ac</strong></span> <span class='ocrx_word' id='word_1_325' title='bbox 1202 2782 1502 2838; x_wconf 91' lang='lat' dir='ltr'><strong>docuisset.</strong></span> <span class='ocrx_word' id='word_1_326' title='bbox 1536 2784 1927 2853; x_wconf 82' lang='lat' dir='ltr'><strong>Argumentum</strong></span> <span class='ocrx_word' id='word_1_327' title='bbox 1971 2782 2100 2853; x_wconf 83' lang='lat' dir='ltr'><strong>Epi-</strong></span> 
     </span>
    </p>
   </div>
   <div class='ocr_carea' id='block_1_47' title="bbox 517 2872 2097 2946">
    <p class='ocr_par' dir='ltr' id='par_1_47' title="bbox 517 2872 2097 2946">
     <span class='ocr_line' id='line_1_47' title="bbox 517 2872 2097 2946; baseline 0.003 -20"><span class='ocrx_word' id='word_1_328' title='bbox 517 2873 673 2926; x_wconf 63' lang='lat' dir='ltr'><strong>stolae</strong></span> <span class='ocrx_word' id='word_1_329' title='bbox 700 2872 805 2927; x_wconf 84' lang='lat' dir='ltr'><strong>hoc</strong></span> <span class='ocrx_word' id='word_1_330' title='bbox 829 2879 913 2928; x_wconf 90' lang='lat' dir='ltr'><strong>est</strong></span> <span class='ocrx_word' id='word_1_331' title='bbox 945 2874 1118 2928; x_wconf 91' lang='lat' dir='ltr'><strong>:Cum</strong></span> <span class='ocrx_word' id='word_1_332' title='bbox 1142 2873 1522 2946; x_wconf 89' lang='lat' dir='ltr'><strong>Philippenses</strong></span> <span class='ocrx_word' id='word_1_333' title='bbox 1557 2876 1789 2931; x_wconf 83' lang='lat' dir='ltr'><strong>subsidii</strong></span> <span class='ocrx_word' id='word_1_334' title='bbox 1847 2876 2097 2931; x_wconf 85' lang='lat' dir='ltr'><strong>ministe-</strong></span> 
     </span>
    </p>
   </div>
   <div class='ocr_carea' id='block_1_48' title="bbox 2203 1726 3799 1802">
    <p class='ocr_par' dir='ltr' id='par_1_48' title="bbox 2203 1726 3799 1802">
     <span class='ocr_line' id='line_1_48' title="bbox 2203 1726 3799 1802; baseline 0.003 -22"><span class='ocrx_word' id='word_1_335' title='bbox 2203 1746 2282 1781; x_wconf 91' lang='grc' dir='ltr'><strong>νει</strong></span> <span class='ocrx_word' id='word_1_336' title='bbox 2310 1728 2365 1780; x_wconf 82' lang='grc' dir='ltr'>δὲ</span> <span class='ocrx_word' id='word_1_337' title='bbox 2389 1727 2483 1781; x_wconf 79' lang='grc' dir='ltr'><strong>καὶ</strong></span> <span class='ocrx_word' id='word_1_338' title='bbox 2512 1728 2703 1782; x_wconf 80' lang='grc' dir='ltr'>ἑαυτὸν</span> <span class='ocrx_word' id='word_1_339' title='bbox 2730 1726 2819 1781; x_wconf 85' lang='grc' dir='ltr'>διὰ</span> <span class='ocrx_word' id='word_1_340' title='bbox 2851 1729 3010 1781; x_wconf 88' lang='grc' dir='ltr'>τοῦτο</span> <span class='ocrx_word' id='word_1_341' title='bbox 3030 1728 3362 1783; x_wconf 86' lang='grc' dir='ltr'>ἀπεστάλθαι</span> <span class='ocrx_word' id='word_1_342' title='bbox 3391 1730 3703 1802; x_wconf 83' lang='grc' dir='ltr'>κηρύσσειν</span> <span class='ocrx_word' id='word_1_343' title='bbox 3730 1731 3799 1784; x_wconf 81' lang='grc' dir='ltr'>τὺ</span> 
     </span>
    </p>
   </div>
   <div class='ocr_carea' id='block_1_49' title="bbox 2203 1820 3799 1893">
    <p class='ocr_par' dir='ltr' id='par_1_49' title="bbox 2203 1820 3799 1893">
     <span class='ocr_line' id='line_1_49' title="bbox 2203 1820 3799 1893; baseline 0.002 -19"><span class='ocrx_word' id='word_1_344' title='bbox 2203 1820 2551 1890; x_wconf 80' lang='grc' dir='ltr'>Εὑαγγέλιον,</span> <span class='ocrx_word' id='word_1_345' title='bbox 2592 1821 2686 1874; x_wconf 60' lang='grc' dir='ltr'><strong>καλ¹</strong></span> <span class='ocrx_word' id='word_1_346' title='bbox 2727 1821 2809 1874; x_wconf 81' lang='grc' dir='ltr'><strong>ὅτι</strong></span> <span class='ocrx_word' id='word_1_347' title='bbox 2857 1821 2983 1893; x_wconf 85' lang='grc' dir='ltr'>περὶ</span> <span class='ocrx_word' id='word_1_348' title='bbox 3031 1820 3208 1876; x_wconf 83' lang='grc' dir='ltr'>αὐτῶν</span> <span class='ocrx_word' id='word_1_349' title='bbox 3264 1823 3599 1893; x_wconf 80' lang='grc' dir='ltr'>ἐφρόντιζεν.</span> <span class='ocrx_word' id='word_1_350' title='bbox 3648 1820 3799 1878; x_wconf 76' lang='grc' dir='ltr'>Εἶτα</span> 
     </span>
    </p>
   </div>
   <div class='ocr_carea' id='block_1_50' title="bbox 2206 1912 3798 1986">
    <p class='ocr_par' dir='ltr' id='par_1_50' title="bbox 2206 1912 3798 1986">
     <span class='ocr_line' id='line_1_50' title="bbox 2206 1912 3798 1986; baseline 0.003 -21"><span class='ocrx_word' id='word_1_351' title='bbox 2206 1914 2623 1984; x_wconf 84' lang='grc' dir='ltr'>παραινετικοὺς</span> <span class='ocrx_word' id='word_1_352' title='bbox 2649 1912 2840 1980; x_wconf 78' lang='grc' dir='ltr'>λόγους</span> <span class='ocrx_word' id='word_1_353' title='bbox 2873 1913 3097 1986; x_wconf 81' lang='grc' dir='ltr'>ἀνδράσι</span> <span class='ocrx_word' id='word_1_354' title='bbox 3136 1914 3230 1984; x_wconf 76' lang='grc' dir='ltr'><strong>καὶ</strong></span> <span class='ocrx_word' id='word_1_355' title='bbox 3267 1912 3502 1983; x_wconf 80' lang='grc' dir='ltr'>γυναιξὶ,</span> <span class='ocrx_word' id='word_1_356' title='bbox 3531 1916 3798 1985; x_wconf 82' lang='grc' dir='ltr'>πατράσι</span> 
     </span>
    </p>
   </div>
   <div class='ocr_carea' id='block_1_51' title="bbox 2203 2000 3798 2077">
    <p class='ocr_par' dir='ltr' id='par_1_51' title="bbox 2203 2000 3798 2077">
     <span class='ocr_line' id='line_1_51' title="bbox 2203 2000 3798 2077; baseline 0.001 -18"><span class='ocrx_word' id='word_1_357' title='bbox 2203 2006 2296 2059; x_wconf 78' lang='grc' dir='ltr'><strong>καὶ</strong></span> <span class='ocrx_word' id='word_1_358' title='bbox 2321 2006 2547 2071; x_wconf 81' lang='grc' dir='ltr'>τέκνοις,</span> <span class='ocrx_word' id='word_1_359' title='bbox 2587 2004 2796 2077; x_wconf 84' lang='grc' dir='ltr'>κυρίοις</span> <span class='ocrx_word' id='word_1_360' title='bbox 2836 2006 2928 2059; x_wconf 80' lang='grc' dir='ltr'>καὶ</span> <span class='ocrx_word' id='word_1_361' title='bbox 2955 2000 3160 2069; x_wconf 91' lang='grc' dir='ltr'>δούλοις</span> <span class='ocrx_word' id='word_1_362' title='bbox 3209 2004 3420 2077; x_wconf 87' lang='grc' dir='ltr'>τίθησιν</span> <span class='ocrx_word' id='word_1_363' title='bbox 3445 2007 3503 2059; x_wconf 87' lang='grc' dir='ltr'><strong>ἐν</strong></span> <span class='ocrx_word' id='word_1_364' title='bbox 3537 2009 3610 2077; x_wconf 78' lang='grc' dir='ltr'>τῇ</span> <span class='ocrx_word' id='word_1_365' title='bbox 3630 2008 3798 2061; x_wconf 80' lang='grc' dir='ltr'>Ἐπι-</span> 
     </span>
    </p>
   </div>
   <div class='ocr_carea' id='block_1_52' title="bbox 2203 2093 3794 2167">
    <p class='ocr_par' dir='ltr' id='par_1_52' title="bbox 2203 2093 3794 2167">
     <span class='ocr_line' id='line_1_52' title="bbox 2203 2093 3794 2167; baseline 0.003 -21"><span class='ocrx_word' id='word_1_366' title='bbox 2203 2093 2386 2165; x_wconf 84' lang='grc' dir='ltr'>στολῇ,</span> <span class='ocrx_word' id='word_1_367' title='bbox 2422 2096 2516 2148; x_wconf 80' lang='grc' dir='ltr'><strong>καὶ</strong></span> <span class='ocrx_word' id='word_1_368' title='bbox 2541 2094 2771 2148; x_wconf 85' lang='grc' dir='ltr'>καθόλου</span> <span class='ocrx_word' id='word_1_369' title='bbox 2814 2095 3022 2159; x_wconf 85' lang='grc' dir='ltr'>πάντας</span> <span class='ocrx_word' id='word_1_370' title='bbox 3065 2094 3473 2167; x_wconf 77' lang='grc' dir='ltr'>παρασκευάζει</span> <span class='ocrx_word' id='word_1_371' title='bbox 3501 2097 3649 2151; x_wconf 85' lang='grc' dir='ltr'>κατὰ</span> <span class='ocrx_word' id='word_1_372' title='bbox 3688 2098 3794 2151; x_wconf 84' lang='grc' dir='ltr'><strong>τοῦ</strong></span> 
     </span>
    </p>
   </div>
   <div class='ocr_carea' id='block_1_53' title="bbox 2201 2186 3799 2261">
    <p class='ocr_par' dir='ltr' id='par_1_53' title="bbox 2201 2186 3799 2261">
     <span class='ocr_line' id='line_1_53' title="bbox 2201 2186 3799 2261; baseline 0.003 -22"><span class='ocrx_word' id='word_1_373' title='bbox 2201 2186 2445 2239; x_wconf 89' lang='grc' dir='ltr'>διαϐόλου</span> <span class='ocrx_word' id='word_1_374' title='bbox 2474 2187 2570 2241; x_wconf 77' lang='grc' dir='ltr'><strong>καὶ</strong></span> <span class='ocrx_word' id='word_1_375' title='bbox 2596 2186 3001 2259; x_wconf 59' lang='grc' dir='ltr'>τῶνξδαιμόνων</span> <span class='ocrx_word' id='word_1_376' title='bbox 3054 2188 3240 2255; x_wconf 81' lang='grc' dir='ltr'>αὑτοῦ,</span> <span class='ocrx_word' id='word_1_377' title='bbox 3271 2188 3443 2257; x_wconf 73' lang='grc' dir='ltr'>λέγων</span> <span class='ocrx_word' id='word_1_378' title='bbox 3470 2189 3611 2261; x_wconf 75' lang='grc' dir='ltr'>πρὸς</span> <span class='ocrx_word' id='word_1_379' title='bbox 3639 2191 3799 2244; x_wconf 85' lang='grc' dir='ltr'>ἐκεί-</span> 
     </span>
    </p>
   </div>
   <div class='ocr_carea' id='block_1_54' title="bbox 2200 2273 3796 2351">
    <p class='ocr_par' dir='ltr' id='par_1_54' title="bbox 2200 2273 3796 2351">
     <span class='ocr_line' id='line_1_54' title="bbox 2200 2273 3796 2351; baseline 0.001 -19"><span class='ocrx_word' id='word_1_380' title='bbox 2200 2296 2323 2342; x_wconf 86' lang='grc' dir='ltr'>νους</span> <span class='ocrx_word' id='word_1_381' title='bbox 2348 2273 2488 2333; x_wconf 76' lang='grc' dir='ltr'>εἶναι</span> <span class='ocrx_word' id='word_1_382' title='bbox 2514 2281 2646 2350; x_wconf 87' lang='grc' dir='ltr'>ἡμῖν</span> <span class='ocrx_word' id='word_1_383' title='bbox 2676 2278 2774 2350; x_wconf 85' lang='grc' dir='ltr'>τὴν</span> <span class='ocrx_word' id='word_1_384' title='bbox 2802 2279 2996 2350; x_wconf 84' lang='grc' dir='ltr'>πάλην.</span> <span class='ocrx_word' id='word_1_385' title='bbox 3029 2279 3141 2332; x_wconf 78' lang='lat' dir='ltr'><strong>Kal.</strong></span> <span class='ocrx_word' id='word_1_386' title='bbox 3165 2279 3353 2351; x_wconf 83' lang='grc' dir='ltr'>ὥσπερ</span> <span class='ocrx_word' id='word_1_387' title='bbox 3389 2280 3597 2349; x_wconf 78' lang='grc' dir='ltr'>ἀγαθὸς</span> <span class='ocrx_word' id='word_1_388' title='bbox 3640 2282 3796 2334; x_wconf 86' lang='grc' dir='ltr'>ἀλεί-</span> 
     </span>
    </p>
   </div>
   <div class='ocr_carea' id='block_1_55' title="bbox 2200 2370 3791 2443">
    <p class='ocr_par' dir='ltr' id='par_1_55' title="bbox 2200 2370 3791 2443">
     <span class='ocr_line' id='line_1_55' title="bbox 2200 2370 3791 2443; baseline 0.001 -19"><span class='ocrx_word' id='word_1_389' title='bbox 2200 2389 2363 2442; x_wconf 86' lang='grc' dir='ltr'>πτης,</span> <span class='ocrx_word' id='word_1_390' title='bbox 2389 2370 2612 2441; x_wconf 75' lang='grc' dir='ltr'>ἀλείψας</span> <span class='ocrx_word' id='word_1_391' title='bbox 2651 2374 2765 2435; x_wconf 91' lang='grc' dir='ltr'>τοῖς</span> <span class='ocrx_word' id='word_1_392' title='bbox 2789 2372 2965 2441; x_wconf 78' lang='grc' dir='ltr'>λόγοις</span> <span class='ocrx_word' id='word_1_393' title='bbox 2993 2371 3202 2435; x_wconf 87' lang='grc' dir='ltr'>πάντας</span> <span class='ocrx_word' id='word_1_394' title='bbox 3225 2371 3367 2426; x_wconf 82' lang='grc' dir='ltr'>κατὰ</span> <span class='ocrx_word' id='word_1_395' title='bbox 3396 2373 3496 2443; x_wconf 81' lang='grc' dir='ltr'>τῆς</span> <span class='ocrx_word' id='word_1_396' title='bbox 3535 2372 3791 2426; x_wconf 82' lang='grc' dir='ltr'>διαϐολι-</span> 
     </span>
    </p>
   </div>
   <div class='ocr_carea' id='block_1_56' title="bbox 2200 2458 3523 2531">
    <p class='ocr_par' dir='ltr' id='par_1_56' title="bbox 2200 2458 3523 2531">
     <span class='ocr_line' id='line_1_56' title="bbox 2200 2458 3523 2531; baseline 0.003 -20"><span class='ocrx_word' id='word_1_397' title='bbox 2200 2458 2302 2529; x_wconf 84' lang='grc' dir='ltr'><strong>κῆς</strong></span> <span class='ocrx_word' id='word_1_398' title='bbox 2331 2458 2633 2529; x_wconf 82' lang='grc' dir='ltr'>ἐνεργείας,</span> <span class='ocrx_word' id='word_1_399' title='bbox 2658 2458 2800 2512; x_wconf 74' lang='grc' dir='ltr'>οὕτω</span> <span class='ocrx_word' id='word_1_400' title='bbox 2833 2459 3030 2513; x_wconf 89' lang='grc' dir='ltr'>τελειοῖ</span> <span class='ocrx_word' id='word_1_401' title='bbox 3053 2460 3150 2531; x_wconf 80' lang='grc' dir='ltr'>τὴν</span> <span class='ocrx_word' id='word_1_402' title='bbox 3182 2460 3523 2531; x_wconf 78' lang='grc' dir='ltr'>Ἐπιστολὴν.</span> 
     </span>
    </p>
   </div>
   <div class='ocr_carea' id='block_1_57' title="bbox 2544 2573 3425 2643">
    <p class='ocr_par' dir='ltr' id='par_1_57' title="bbox 2544 2573 3425 2643">
     <span class='ocr_line' id='line_1_57' title="bbox 2544 2573 3425 2643; baseline 0.002 -16"><span class='ocrx_word' id='word_1_403' title='bbox 2544 2573 2753 2643; x_wconf 61' lang='lat' dir='ltr'><strong>&quot;Eant-rp,</strong></span> <span class='ocrx_word' id='word_1_404' title='bbox 2787 2573 2936 2643; x_wconf 81' lang='grc' dir='ltr'>πρὸς</span> <span class='ocrx_word' id='word_1_405' title='bbox 2964 2575 3425 2643; x_wconf 78' lang='grc' dir='ltr'>Φιλιππησιους.</span> 
     </span>
    </p>
   </div>
   <div class='ocr_carea' id='block_1_58' title="bbox 2270 2686 3789 2763">
    <p class='ocr_par' dir='ltr' id='par_1_58' title="bbox 2270 2686 3789 2763">
     <span class='ocr_line' id='line_1_58' title="bbox 2270 2686 3789 2763; baseline 0.004 -22"><span class='ocrx_word' id='word_1_406' title='bbox 2270 2686 2355 2741; x_wconf 72' lang='grc'>64.</span> <span class='ocrx_word' id='word_1_407' title='bbox 2393 2686 2610 2759; x_wconf 85' lang='grc' dir='ltr'>Ταύτην</span> <span class='ocrx_word' id='word_1_408' title='bbox 2636 2687 2941 2742; x_wconf 77' lang='grc' dir='ltr'>ἐπιστέλλει</span> <span class='ocrx_word' id='word_1_409' title='bbox 2975 2688 3082 2743; x_wconf 83' lang='grc' dir='ltr'><strong>ἀπὸ</strong></span> <span class='ocrx_word' id='word_1_410' title='bbox 3123 2688 3358 2760; x_wconf 84' lang='grc' dir='ltr'>Ῥώμης,</span> <span class='ocrx_word' id='word_1_411' title='bbox 3383 2690 3652 2763; x_wconf 78' lang='grc' dir='ltr'>ἑωρακὼς</span> <span class='ocrx_word' id='word_1_412' title='bbox 3677 2693 3789 2747; x_wconf 78' lang='grc' dir='ltr'>αύ-</span> 
     </span>
    </p>
   </div>
   <div class='ocr_carea' id='block_1_59' title="bbox 2199 2777 3787 2861">
    <p class='ocr_par' dir='ltr' id='par_1_59' title="bbox 2199 2777 3787 2861">
     <span class='ocr_line' id='line_1_59' title="bbox 2199 2777 3787 2861; baseline 0.005 -31"><span class='ocrx_word' id='word_1_413' title='bbox 2199 2778 2325 2840; x_wconf 77' lang='grc' dir='ltr'>τοὺς</span> <span class='ocrx_word' id='word_1_414' title='bbox 2347 2777 2463 2848; x_wconf 79' lang='grc' dir='ltr'><strong>ἅμα</strong></span> <span class='ocrx_word' id='word_1_415' title='bbox 2490 2777 2584 2831; x_wconf 77' lang='grc' dir='ltr'><strong>καὶ</strong></span> <span class='ocrx_word' id='word_1_416' title='bbox 2612 2778 2847 2844; x_wconf 82' lang='grc' dir='ltr'>διδάξας.</span> <span class='ocrx_word' id='word_1_417' title='bbox 2885 2778 2948 2830; x_wconf 79' lang='grc' dir='ltr'><strong>Ἠ</strong></span> <span class='ocrx_word' id='word_1_418' title='bbox 2974 2778 3030 2831; x_wconf 88' lang='grc' dir='ltr'><strong>δέ</strong></span> <span class='ocrx_word' id='word_1_419' title='bbox 3054 2779 3325 2861; x_wconf 79' lang='grc' dir='ltr'>πρόφασις</span> <span class='ocrx_word' id='word_1_420' title='bbox 3339 2781 3438 2851; x_wconf 82' lang='grc' dir='ltr'>τῆς</span> <span class='ocrx_word' id='word_1_421' title='bbox 3454 2782 3787 2852; x_wconf 78' lang='grc' dir='ltr'>Ἐπιστολῆς</span> 
     </span>
    </p>
   </div>
   <div class='ocr_carea' id='block_1_60' title="bbox 2199 2865 3783 2943">
    <p class='ocr_par' dir='ltr' id='par_1_60' title="bbox 2199 2865 3783 2943">
     <span class='ocr_line' id='line_1_60' title="bbox 2199 2865 3783 2943; baseline 0.003 -24"><span class='ocrx_word' id='word_1_422' title='bbox 2199 2865 2335 2938; x_wconf 80' lang='grc' dir='ltr'>αῦτη</span> <span class='ocrx_word' id='word_1_423' title='bbox 2356 2885 2368 2897; x_wconf 82' lang='lat'><strong><em>°</em></strong></span> <span class='ocrx_word' id='word_1_424' title='bbox 2397 2866 2733 2939; x_wconf 77' lang='grc' dir='ltr'>Πεμψάντων</span> <span class='ocrx_word' id='word_1_425' title='bbox 2759 2868 3133 2940; x_wconf 81' lang='grc' dir='ltr'>Φιλιππησίων</span> <span class='ocrx_word' id='word_1_426' title='bbox 3151 2868 3424 2922; x_wconf 83' lang='grc' dir='ltr'>διακονίαν</span> <span class='ocrx_word' id='word_1_427' title='bbox 3449 2869 3526 2941; x_wconf 84' lang='grc' dir='ltr'>τῷ</span> <span class='ocrx_word' id='word_1_428' title='bbox 3549 2872 3783 2943; x_wconf 81' lang='grc' dir='ltr'>Παύλῳ,</span> 
     </span>
    </p>
   </div>
   <div class='ocr_carea' id='block_1_61' title="bbox 517 2959 2098 3035">
    <p class='ocr_par' dir='ltr' id='par_1_61' title="bbox 517 2961 2096 3035">
     <span class='ocr_line' id='line_1_61' title="bbox 517 2961 2096 3035; baseline 0.005 -20"><span class='ocrx_word' id='word_1_429' title='bbox 517 2963 661 3016; x_wconf 91' lang='lat' dir='ltr'><strong>rium</strong></span> <span class='ocrx_word' id='word_1_430' title='bbox 682 2961 853 3017; x_wconf 85' lang='lat' dir='ltr'><strong>Paulo</strong></span> <span class='ocrx_word' id='word_1_431' title='bbox 877 2964 1035 3035; x_wconf 79' lang='lat' dir='ltr'><strong>15o</strong></span> <span class='ocrx_word' id='word_1_432' title='bbox 1053 2965 1350 3032; x_wconf 84' lang='lat' dir='ltr'><strong>misissent,</strong></span> <span class='ocrx_word' id='word_1_433' title='bbox 1372 2974 1424 3021; x_wconf 77' lang='lat' dir='ltr'><strong>et</strong></span> <span class='ocrx_word' id='word_1_434' title='bbox 1445 2969 1693 3022; x_wconf 89' lang='lat' dir='ltr'><strong>nonnulli</strong></span> <span class='ocrx_word' id='word_1_435' title='bbox 1723 2970 2096 3035; x_wconf 87' lang='lat' dir='ltr'><strong>circumirent,</strong></span> 
     </span>
    </p>
   </div>
   <div class='ocr_carea' id='block_1_62' title="bbox 2202 2959 3786 3035">
    <p class='ocr_par' dir='ltr' id='par_1_62' title="bbox 2202 2959 3786 3032">
     <span class='ocr_line' id='line_1_62' title="bbox 2202 2959 3786 3032; baseline 0.004 -20"><span class='ocrx_word' id='word_1_436' title='bbox 2202 2959 2294 3012; x_wconf 88' lang='grc' dir='ltr'><strong>καί</strong></span> <span class='ocrx_word' id='word_1_437' title='bbox 2339 2976 2500 3014; x_wconf 90' lang='grc' dir='ltr'>τινων</span> <span class='ocrx_word' id='word_1_438' title='bbox 2551 2960 3015 3032; x_wconf 82' lang='grc' dir='ltr'>περιερχομένων,</span> <span class='ocrx_word' id='word_1_439' title='bbox 3067 2960 3162 3014; x_wconf 79' lang='grc' dir='ltr'><strong>καὶ</strong></span> <span class='ocrx_word' id='word_1_440' title='bbox 3208 2961 3629 3032; x_wconf 81' lang='grc' dir='ltr'>διαφθειρόντων</span> <span class='ocrx_word' id='word_1_441' title='bbox 3677 2966 3786 3028; x_wconf 76' lang='grc' dir='ltr'>τὰς</span> 
     </span>
    </p>
   </div>
   <div class='ocr_carea' id='block_1_63' title="bbox 516 3057 2100 3133">
    <p class='ocr_par' dir='ltr' id='par_1_63' title="bbox 516 3057 2100 3133">
     <span class='ocr_line' id='line_1_63' title="bbox 516 3057 2100 3133; baseline 0.004 -23"><span class='ocrx_word' id='word_1_442' title='bbox 516 3057 612 3126; x_wconf 87' lang='lat' dir='ltr'><strong>qui</strong></span> <span class='ocrx_word' id='word_1_443' title='bbox 643 3057 974 3127; x_wconf 83' lang='lat' dir='ltr'><strong>simplicium</strong></span> <span class='ocrx_word' id='word_1_444' title='bbox 1022 3074 1183 3114; x_wconf 86' lang='lat' dir='ltr'><strong>aures</strong></span> <span class='ocrx_word' id='word_1_445' title='bbox 1220 3060 1444 3115; x_wconf 88' lang='lat' dir='ltr'><strong>obtentu</strong></span> <span class='ocrx_word' id='word_1_446' title='bbox 1471 3061 1674 3117; x_wconf 69' lang='lat' dir='ltr'><strong>umbrae</strong></span> <span class='ocrx_word' id='word_1_447' title='bbox 1717 3062 1850 3133; x_wconf 80' lang='lat' dir='ltr'><strong>legis</strong></span> <span class='ocrx_word' id='word_1_448' title='bbox 1886 3071 1940 3118; x_wconf 93' lang='lat' dir='ltr'><strong>et</strong></span> <span class='ocrx_word' id='word_1_449' title='bbox 1991 3064 2100 3117; x_wconf 91' lang='lat' dir='ltr'><strong>cir-</strong></span> 
     </span>
    </p>
   </div>
   <div class='ocr_carea' id='block_1_64' title="bbox 518 3148 2098 3219">
    <p class='ocr_par' dir='ltr' id='par_1_64' title="bbox 518 3148 2098 3219">
     <span class='ocr_line' id='line_1_64' title="bbox 518 3148 2098 3219; baseline 0.004 -18"><span class='ocrx_word' id='word_1_450' title='bbox 518 3148 874 3203; x_wconf 90' lang='lat' dir='ltr'><strong>cumcisionis</strong></span> <span class='ocrx_word' id='word_1_451' title='bbox 899 3158 1333 3219; x_wconf 87' lang='lat' dir='ltr'><strong>corrumperent,</strong></span> <span class='ocrx_word' id='word_1_452' title='bbox 1356 3166 1421 3205; x_wconf 89' lang='lat' dir='ltr'><strong>ac</strong></span> <span class='ocrx_word' id='word_1_453' title='bbox 1449 3151 1694 3205; x_wconf 86' lang='lat' dir='ltr'><strong>dicerent</strong></span> <span class='ocrx_word' id='word_1_454' title='bbox 1720 3152 1841 3208; x_wconf 88' lang='lat' dir='ltr'><strong>sine</strong></span> <span class='ocrx_word' id='word_1_455' title='bbox 1871 3153 1962 3207; x_wconf 90' lang='lat' dir='ltr'><strong>illa</strong></span> <span class='ocrx_word' id='word_1_456' title='bbox 1988 3168 2098 3208; x_wconf 92' lang='lat' dir='ltr'><strong>non</strong></span> 
     </span>
    </p>
   </div>
   <div class='ocr_carea' id='block_1_65' title="bbox 519 3240 2098 3314">
    <p class='ocr_par' dir='ltr' id='par_1_65' title="bbox 519 3240 2098 3314">
     <span class='ocr_line' id='line_1_65' title="bbox 519 3240 2098 3314; baseline 0.003 -22"><span class='ocrx_word' id='word_1_457' title='bbox 519 3254 685 3308; x_wconf 91' lang='lat' dir='ltr'><strong>posse</strong></span> <span class='ocrx_word' id='word_1_458' title='bbox 713 3254 1041 3309; x_wconf 89' lang='lat' dir='ltr'><strong>quemquam</strong></span> <span class='ocrx_word' id='word_1_459' title='bbox 1085 3240 1414 3309; x_wconf 90' lang='lat' dir='ltr'><strong>justiﬁcari,</strong></span> <span class='ocrx_word' id='word_1_460' title='bbox 1456 3242 1753 3312; x_wconf 90' lang='lat' dir='ltr'><strong>Apostolus</strong></span> <span class='ocrx_word' id='word_1_461' title='bbox 1789 3260 1848 3299; x_wconf 91' lang='lat' dir='ltr'><strong>re</strong></span> <span class='ocrx_word' id='word_1_462' title='bbox 1879 3244 2098 3314; x_wconf 82' lang='lat' dir='ltr'><strong>cognita</strong></span> 
     </span>
    </p>
   </div>
   <div class='ocr_carea' id='block_1_66' title="bbox 517 3330 2099 3406">
    <p class='ocr_par' dir='ltr' id='par_1_66' title="bbox 517 3330 2099 3406">
     <span class='ocr_line' id='line_1_66' title="bbox 517 3330 2099 3406; baseline 0.003 -20"><span class='ocrx_word' id='word_1_463' title='bbox 517 3330 959 3402; x_wconf 88' lang='lat' dir='ltr'><strong>Philippensibus</strong></span> <span class='ocrx_word' id='word_1_464' title='bbox 999 3333 1210 3388; x_wconf 89' lang='lat' dir='ltr'><strong>scribit.</strong></span> <span class='ocrx_word' id='word_1_465' title='bbox 1261 3332 1328 3387; x_wconf 88' lang='lat' dir='ltr'><strong>Et</strong></span> <span class='ocrx_word' id='word_1_466' title='bbox 1375 3335 1609 3404; x_wconf 90' lang='lat' dir='ltr'><strong>primum</strong></span> <span class='ocrx_word' id='word_1_467' title='bbox 1643 3337 1864 3406; x_wconf 88' lang='lat' dir='ltr'><strong>quidem</strong></span> <span class='ocrx_word' id='word_1_468' title='bbox 1912 3337 2099 3391; x_wconf 92' lang='lat' dir='ltr'><strong>laudat</strong></span> 
     </span>
    </p>
   </div>
   <div class='ocr_carea' id='block_1_67' title="bbox 519 3424 2096 3497">
    <p class='ocr_par' dir='ltr' id='par_1_67' title="bbox 519 3424 2096 3497">
     <span class='ocr_line' id='line_1_67' title="bbox 519 3424 2096 3497; baseline 0.001 -18"><span class='ocrx_word' id='word_1_469' title='bbox 519 3439 709 3479; x_wconf 86' lang='lat' dir='ltr'><strong>eorum</strong></span> <span class='ocrx_word' id='word_1_470' title='bbox 737 3424 918 3490; x_wconf 88' lang='lat' dir='ltr'><strong>ﬁdem,</strong></span> <span class='ocrx_word' id='word_1_471' title='bbox 948 3430 1003 3479; x_wconf 90' lang='lat' dir='ltr'><strong>et</strong></span> <span class='ocrx_word' id='word_1_472' title='bbox 1030 3424 1321 3495; x_wconf 77' lang='lat' dir='ltr'><strong>signiﬁcat,</strong></span> <span class='ocrx_word' id='word_1_473' title='bbox 1345 3426 1489 3494; x_wconf 89' lang='lat' dir='ltr'><strong>quod</strong></span> <span class='ocrx_word' id='word_1_474' title='bbox 1516 3428 1832 3481; x_wconf 86' lang='lat' dir='ltr'><strong>memoriam</strong></span> <span class='ocrx_word' id='word_1_475' title='bbox 1854 3427 2096 3497; x_wconf 90' lang='lat' dir='ltr'><strong>ipsorum</strong></span> 
     </span>
    </p>
   </div>
   <div class='ocr_carea' id='block_1_68' title="bbox 520 3508 2099 3586">
    <p class='ocr_par' dir='ltr' id='par_1_68' title="bbox 520 3508 2099 3586">
     <span class='ocr_line' id='line_1_68' title="bbox 520 3508 2099 3586; baseline 0.003 -17"><span class='ocrx_word' id='word_1_476' title='bbox 520 3515 738 3569; x_wconf 89' lang='lat' dir='ltr'><strong>habeat.</strong></span> <span class='ocrx_word' id='word_1_477' title='bbox 771 3508 973 3570; x_wconf 86' lang='lat' dir='ltr'><strong>Deinde</strong></span> <span class='ocrx_word' id='word_1_478' title='bbox 1024 3525 1268 3582; x_wconf 86' lang='lat' dir='ltr'><strong>enarrat,</strong></span> <span class='ocrx_word' id='word_1_479' title='bbox 1314 3518 1585 3586; x_wconf 89' lang='lat' dir='ltr'><strong>quomodo</strong></span> <span class='ocrx_word' id='word_1_480' title='bbox 1621 3517 1807 3573; x_wconf 76' lang='lat' dir='ltr'><strong>Romae</strong></span> <span class='ocrx_word' id='word_1_481' title='bbox 1836 3519 2099 3574; x_wconf 76' lang='lat' dir='ltr'><strong>doctrinae</strong></span> 
     </span>
    </p>
   </div>
   <div class='ocr_carea' id='block_1_69' title="bbox 521 3606 2098 3679">
    <p class='ocr_par' dir='ltr' id='par_1_69' title="bbox 521 3606 2098 3679">
     <span class='ocr_line' id='line_1_69' title="bbox 521 3606 2098 3679; baseline 0.003 -18"><span class='ocrx_word' id='word_1_482' title='bbox 521 3621 636 3662; x_wconf 71' lang='lat' dir='ltr'><strong>suae</strong></span> <span class='ocrx_word' id='word_1_483' title='bbox 668 3607 931 3660; x_wconf 90' lang='lat' dir='ltr'><strong>rationem</strong></span> <span class='ocrx_word' id='word_1_484' title='bbox 968 3606 1290 3671; x_wconf 90' lang='lat' dir='ltr'><strong>reddiderit,</strong></span> <span class='ocrx_word' id='word_1_485' title='bbox 1317 3617 1371 3664; x_wconf 86' lang='lat' dir='ltr'><strong>et</strong></span> <span class='ocrx_word' id='word_1_486' title='bbox 1398 3610 1672 3679; x_wconf 92' lang='lat' dir='ltr'><strong>quomodo</strong></span> <span class='ocrx_word' id='word_1_487' title='bbox 1706 3612 1951 3665; x_wconf 90' lang='lat' dir='ltr'><strong>nonnulli</strong></span> <span class='ocrx_word' id='word_1_488' title='bbox 1982 3626 2098 3666; x_wconf 90' lang='lat' dir='ltr'><strong>mo-</strong></span> 
     </span>
    </p>
   </div>
   <div class='ocr_carea' id='block_1_70' title="bbox 520 3684 2096 3766">
    <p class='ocr_par' dir='ltr' id='par_1_70' title="bbox 520 3684 2096 3766">
     <span class='ocr_line' id='line_1_70' title="bbox 520 3684 2096 3766; baseline 0.004 -17"><span class='ocrx_word' id='word_1_489' title='bbox 520 3684 733 3753; x_wconf 89' lang='lat' dir='ltr'><strong>lestiam</strong></span> <span class='ocrx_word' id='word_1_490' title='bbox 767 3697 1072 3763; x_wconf 86' lang='lat' dir='ltr'><strong>intulerint,</strong></span> <span class='ocrx_word' id='word_1_491' title='bbox 1096 3699 1224 3753; x_wconf 90' lang='lat' dir='ltr'><strong>dum</strong></span> <span class='ocrx_word' id='word_1_492' title='bbox 1258 3700 1313 3753; x_wconf 92' lang='lat' dir='ltr'><strong>in</strong></span> <span class='ocrx_word' id='word_1_493' title='bbox 1341 3700 1574 3756; x_wconf 72' lang='lat' dir='ltr'><strong>vinculis</strong></span> <span class='ocrx_word' id='word_1_494' title='bbox 1602 3708 1782 3766; x_wconf 90' lang='lat' dir='ltr'><strong>esset,</strong></span> <span class='ocrx_word' id='word_1_495' title='bbox 1833 3701 2096 3756; x_wconf 84' lang='lat' dir='ltr'><strong>invidiam</strong></span> 
     </span>
    </p>
   </div>
   <div class='ocr_carea' id='block_1_71' title="bbox 521 3786 2095 3857">
    <p class='ocr_par' dir='ltr' id='par_1_71' title="bbox 521 3786 2095 3857">
     <span class='ocr_line' id='line_1_71' title="bbox 521 3786 2095 3857; baseline 0.004 -16"><span class='ocrx_word' id='word_1_496' title='bbox 521 3787 628 3857; x_wconf 91' lang='lat' dir='ltr'><strong>ipsi</strong></span> <span class='ocrx_word' id='word_1_497' title='bbox 657 3792 980 3844; x_wconf 80' lang='lat' dir='ltr'><strong>excitantes.</strong></span> <span class='ocrx_word' id='word_1_498' title='bbox 1013 3786 1211 3846; x_wconf 92' lang='lat' dir='ltr'><strong>Postea</strong></span> <span class='ocrx_word' id='word_1_499' title='bbox 1240 3791 1563 3847; x_wconf 86' lang='lat' dir='ltr'><strong>adhortatur</strong></span> <span class='ocrx_word' id='word_1_500' title='bbox 1583 3808 1699 3857; x_wconf 87' lang='lat' dir='ltr'><strong>eos,</strong></span> <span class='ocrx_word' id='word_1_501' title='bbox 1733 3800 1791 3847; x_wconf 94' lang='lat' dir='ltr'><strong>ut</strong></span> <span class='ocrx_word' id='word_1_502' title='bbox 1822 3808 1881 3849; x_wconf 90' lang='lat' dir='ltr'><strong>se</strong></span> <span class='ocrx_word' id='word_1_503' title='bbox 1904 3802 2095 3848; x_wconf 91' lang='lat' dir='ltr'><strong>mutuo</strong></span> 
     </span>
    </p>
   </div>
   <div class='ocr_carea' id='block_1_72' title="bbox 520 3878 2095 3955">
    <p class='ocr_par' dir='ltr' id='par_1_72' title="bbox 520 3878 2095 3955">
     <span class='ocr_line' id='line_1_72' title="bbox 520 3878 2095 3955; baseline 0.004 -22"><span class='ocrx_word' id='word_1_504' title='bbox 520 3878 787 3948; x_wconf 72' lang='lat' dir='ltr'><strong>diligant:</strong></span> <span class='ocrx_word' id='word_1_505' title='bbox 816 3882 1064 3950; x_wconf 81' lang='lat' dir='ltr'><strong>exposita</strong></span> <span class='ocrx_word' id='word_1_506' title='bbox 1094 3880 1392 3937; x_wconf 78' lang='lat' dir='ltr'><strong>Salvatoris</strong></span> <span class='ocrx_word' id='word_1_507' title='bbox 1422 3884 1784 3954; x_wconf 75' lang='lat' dir='ltr'><strong>benignitate,</strong></span> <span class='ocrx_word' id='word_1_508' title='bbox 1844 3886 1933 3955; x_wconf 93' lang='lat' dir='ltr'><strong>qui</strong></span> <span class='ocrx_word' id='word_1_509' title='bbox 1970 3900 2095 3940; x_wconf 93' lang='lat' dir='ltr'><strong>cum</strong></span> 
     </span>
    </p>
   </div>
   <div class='ocr_carea' id='block_1_73' title="bbox 520 3962 2095 4036">
    <p class='ocr_par' dir='ltr' id='par_1_73' title="bbox 520 3962 2095 4036">
     <span class='ocr_line' id='line_1_73' title="bbox 520 3962 2095 4036; baseline 0.003 -19"><span class='ocrx_word' id='word_1_510' title='bbox 520 3962 667 4020; x_wconf 89' lang='lat' dir='ltr'><strong>Deus</strong></span> <span class='ocrx_word' id='word_1_511' title='bbox 698 3976 862 4033; x_wconf 90' lang='lat' dir='ltr'><strong>esset,</strong></span> <span class='ocrx_word' id='word_1_512' title='bbox 895 3966 1057 4021; x_wconf 89' lang='lat' dir='ltr'><strong>homo</strong></span> <span class='ocrx_word' id='word_1_513' title='bbox 1086 3967 1261 4022; x_wconf 90' lang='lat' dir='ltr'><strong>nostri</strong></span> <span class='ocrx_word' id='word_1_514' title='bbox 1293 3967 1468 4036; x_wconf 80' lang='lat' dir='ltr'><strong>gratia</strong></span> <span class='ocrx_word' id='word_1_515' title='bbox 1531 3967 1707 4022; x_wconf 83' lang='lat' dir='ltr'><strong>factus</strong></span> <span class='ocrx_word' id='word_1_516' title='bbox 1747 3976 1850 4022; x_wconf 90' lang='lat' dir='ltr'><strong>est.</strong></span> <span class='ocrx_word' id='word_1_517' title='bbox 1902 3968 2095 4025; x_wconf 86' lang='lat' dir='ltr'><strong>Postea</strong></span> 
     </span>
    </p>
   </div>
   <div class='ocr_carea' id='block_1_74' title="bbox 521 4047 2096 4127">
    <p class='ocr_par' dir='ltr' id='par_1_74' title="bbox 521 4047 2096 4127">
     <span class='ocr_line' id='line_1_74' title="bbox 521 4047 2096 4127; baseline 0.004 -19"><span class='ocrx_word' id='word_1_518' title='bbox 521 4053 591 4110; x_wconf 85' lang='lat' dir='ltr'><strong>de</strong></span> <span class='ocrx_word' id='word_1_519' title='bbox 619 4054 1040 4111; x_wconf 87' lang='lat' dir='ltr'><strong>circumcisione</strong></span> <span class='ocrx_word' id='word_1_520' title='bbox 1069 4070 1133 4111; x_wconf 90' lang='lat' dir='ltr'><strong>ac</strong></span> <span class='ocrx_word' id='word_1_521' title='bbox 1167 4059 1336 4111; x_wconf 84' lang='lat' dir='ltr'><strong>veteri</strong></span> <span class='ocrx_word' id='word_1_522' title='bbox 1369 4054 1483 4127; x_wconf 80' lang='lat' dir='ltr'><strong>lege</strong></span> <span class='ocrx_word' id='word_1_523' title='bbox 1513 4047 1820 4127; x_wconf 86' lang='lat' dir='ltr'><strong>disputans,</strong></span> <span class='ocrx_word' id='word_1_524' title='bbox 1851 4058 2096 4114; x_wconf 85' lang='lat' dir='ltr'><strong>inutilem</strong></span> 
     </span>
    </p>
   </div>
   <div class='ocr_carea' id='block_1_75' title="bbox 520 4145 2097 4216">
    <p class='ocr_par' dir='ltr' id='par_1_75' title="bbox 520 4145 2097 4216">
     <span class='ocr_line' id='line_1_75' title="bbox 520 4145 2097 4216; baseline 0.002 -15"><span class='ocrx_word' id='word_1_525' title='bbox 520 4160 645 4201; x_wconf 90' lang='lat' dir='ltr'><strong>esse</strong></span> <span class='ocrx_word' id='word_1_526' title='bbox 670 4145 931 4216; x_wconf 90' lang='lat' dir='ltr'><strong>deinceps</strong></span> <span class='ocrx_word' id='word_1_527' title='bbox 964 4146 1438 4203; x_wconf 86' lang='lat' dir='ltr'><strong>circumcisionem</strong></span> <span class='ocrx_word' id='word_1_528' title='bbox 1475 4148 1744 4213; x_wconf 90' lang='lat' dir='ltr'><strong>ostendit,</strong></span> <span class='ocrx_word' id='word_1_529' title='bbox 1785 4157 2000 4216; x_wconf 90' lang='lat' dir='ltr'><strong>sumpto</strong></span> <span class='ocrx_word' id='word_1_530' title='bbox 2030 4149 2097 4204; x_wconf 92' lang='lat' dir='ltr'><strong>de</strong></span> 
     </span>
    </p>
   </div>
   <div class='ocr_carea' id='block_1_76' title="bbox 522 4232 2097 4310">
    <p class='ocr_par' dir='ltr' id='par_1_76' title="bbox 522 4232 2097 4310">
     <span class='ocr_line' id='line_1_76' title="bbox 522 4232 2097 4310; baseline 0 -17"><span class='ocrx_word' id='word_1_531' title='bbox 522 4256 582 4294; x_wconf 90' lang='lat' dir='ltr'><strong>se</strong></span> <span class='ocrx_word' id='word_1_532' title='bbox 618 4241 888 4309; x_wconf 78' lang='lat' dir='ltr'><strong>exemplo,</strong></span> <span class='ocrx_word' id='word_1_533' title='bbox 910 4255 1033 4294; x_wconf 92' lang='lat' dir='ltr'><strong>cum</strong></span> <span class='ocrx_word' id='word_1_534' title='bbox 1063 4237 1231 4294; x_wconf 90' lang='lat' dir='ltr'><strong>dicit:</strong></span> <span class='ocrx_word' id='word_1_535' title='bbox 1269 4261 1286 4292; x_wconf 82' lang='grc' dir='ltr'><strong>ι</strong></span> <span class='ocrx_word' id='word_1_536' title='bbox 1325 4232 1450 4295; x_wconf 69' lang='lat' dir='ltr'><strong>Ilaec</strong></span> <span class='ocrx_word' id='word_1_537' title='bbox 1482 4241 1665 4294; x_wconf 89' lang='lat' dir='ltr'><strong>omnia</strong></span> <span class='ocrx_word' id='word_1_538' title='bbox 1701 4248 1922 4310; x_wconf 88' lang='lat' dir='ltr'><strong>propter</strong></span> <span class='ocrx_word' id='word_1_539' title='bbox 1945 4239 2097 4295; x_wconf 89' lang='lat' dir='ltr'><strong>Chri-</strong></span> 
     </span>
    </p>
   </div>
   <div class='ocr_carea' id='block_1_77' title="bbox 522 4329 2093 4403">
    <p class='ocr_par' dir='ltr' id='par_1_77' title="bbox 522 4329 2093 4403">
     <span class='ocr_line' id='line_1_77' title="bbox 522 4329 2093 4403; baseline 0.002 -17"><span class='ocrx_word' id='word_1_540' title='bbox 522 4338 670 4386; x_wconf 86' lang='lat' dir='ltr'><strong>stum</strong></span> <span class='ocrx_word' id='word_1_541' title='bbox 723 4331 983 4384; x_wconf 89' lang='lat' dir='ltr'><strong>damnum</strong></span> <span class='ocrx_word' id='word_1_542' title='bbox 1037 4345 1159 4386; x_wconf 89' lang='lat' dir='ltr'><strong>esse</strong></span> <span class='ocrx_word' id='word_1_543' title='bbox 1209 4330 1397 4399; x_wconf 88' lang='lat' dir='ltr'><strong>judico</strong></span> <span class='ocrx_word' id='word_1_544' title='bbox 1431 4330 1495 4385; x_wconf 79' lang='grc'>¹³.</span> <span class='ocrx_word' id='word_1_545' title='bbox 1536 4350 1554 4383; x_wconf 76' lang='grc' dir='ltr'><strong>ι</strong></span> <span class='ocrx_word' id='word_1_546' title='bbox 1609 4329 1953 4403; x_wconf 85' lang='lat' dir='ltr'><strong>Quapropter</strong></span> <span class='ocrx_word' id='word_1_547' title='bbox 1997 4348 2093 4389; x_wconf 91' lang='lat' dir='ltr'><strong>eos</strong></span> 
     </span>
    </p>
   </div>
   <div class='ocr_carea' id='block_1_78' title="bbox 520 4421 2098 4491">
    <p class='ocr_par' dir='ltr' id='par_1_78' title="bbox 520 4421 2098 4491">
     <span class='ocr_line' id='line_1_78' title="bbox 520 4421 2098 4491; baseline 0.003 -18"><span class='ocrx_word' id='word_1_548' title='bbox 520 4434 758 4490; x_wconf 89' lang='lat' dir='ltr'><strong>quoque,</strong></span> <span class='ocrx_word' id='word_1_549' title='bbox 790 4421 884 4491; x_wconf 92' lang='lat' dir='ltr'><strong>qui</strong></span> <span class='ocrx_word' id='word_1_550' title='bbox 934 4421 1409 4477; x_wconf 91' lang='lat' dir='ltr'><strong>circumcisionem</strong></span> <span class='ocrx_word' id='word_1_551' title='bbox 1458 4423 1637 4478; x_wconf 89' lang='lat' dir='ltr'><strong>adhuc</strong></span> <span class='ocrx_word' id='word_1_552' title='bbox 1689 4423 1992 4488; x_wconf 88' lang='lat' dir='ltr'><strong>docebant,</strong></span> <span class='ocrx_word' id='word_1_553' title='bbox 2034 4438 2098 4478; x_wconf 87' lang='lat' dir='ltr'><strong>ac</strong></span> 
     </span>
    </p>
   </div>
   <div class='ocr_carea' id='block_1_79' title="bbox 521 4511 2099 4587">
    <p class='ocr_par' dir='ltr' id='par_1_79' title="bbox 521 4511 2099 4587">
     <span class='ocr_line' id='line_1_79' title="bbox 521 4511 2099 4587; baseline 0.004 -22"><span class='ocrx_word' id='word_1_554' title='bbox 521 4511 901 4582; x_wconf 89' lang='lat' dir='ltr'><strong>Philippenses</strong></span> <span class='ocrx_word' id='word_1_555' title='bbox 949 4514 1213 4570; x_wconf 89' lang='lat' dir='ltr'><strong>seducere</strong></span> <span class='ocrx_word' id='word_1_556' title='bbox 1246 4516 1519 4580; x_wconf 82' lang='lat' dir='ltr'><strong>volebant,</strong></span> <span class='ocrx_word' id='word_1_557' title='bbox 1551 4516 1938 4587; x_wconf 85' lang='lat' dir='ltr'><strong>reprehendit,</strong></span> <span class='ocrx_word' id='word_1_558' title='bbox 2000 4518 2099 4571; x_wconf 91' lang='lat' dir='ltr'><strong>ini-</strong></span> 
     </span>
    </p>
   </div>
   <div class='ocr_carea' id='block_1_80' title="bbox 523 4588 2097 4680">
    <p class='ocr_par' dir='ltr' id='par_1_80' title="bbox 523 4588 2097 4680">
     <span class='ocr_line' id='line_1_80' title="bbox 523 4588 2097 4680; baseline 0.003 -22"><span class='ocrx_word' id='word_1_559' title='bbox 523 4588 806 4675; x_wconf 85' lang='lat' dir='ltr'><strong>micosque</strong></span> <span class='ocrx_word' id='word_1_560' title='bbox 833 4603 1037 4659; x_wconf 89' lang='lat' dir='ltr'><strong>Christi</strong></span> <span class='ocrx_word' id='word_1_561' title='bbox 1063 4621 1187 4662; x_wconf 91' lang='lat' dir='ltr'><strong>esse</strong></span> <span class='ocrx_word' id='word_1_562' title='bbox 1220 4604 1374 4661; x_wconf 90' lang='lat' dir='ltr'><strong>dicit.</strong></span> <span class='ocrx_word' id='word_1_563' title='bbox 1418 4605 1630 4662; x_wconf 87' lang='lat' dir='ltr'><strong>Laudat</strong></span> <span class='ocrx_word' id='word_1_564' title='bbox 1664 4616 1845 4664; x_wconf 91' lang='lat' dir='ltr'><strong>autem</strong></span> <span class='ocrx_word' id='word_1_565' title='bbox 1890 4608 2097 4680; x_wconf 82' lang='lat' dir='ltr'><strong>Philip-</strong></span> 
     </span>
    </p>
   </div>
   <div class='ocr_carea' id='block_1_81' title="bbox 522 4697 2099 4770">
    <p class='ocr_par' dir='ltr' id='par_1_81' title="bbox 522 4697 2099 4770">
     <span class='ocr_line' id='line_1_81' title="bbox 522 4697 2099 4770; baseline 0.003 -20"><span class='ocrx_word' id='word_1_566' title='bbox 522 4710 722 4766; x_wconf 88' lang='lat' dir='ltr'><strong>penses</strong></span> <span class='ocrx_word' id='word_1_567' title='bbox 751 4705 970 4767; x_wconf 90' lang='lat' dir='ltr'><strong>propter</strong></span> <span class='ocrx_word' id='word_1_568' title='bbox 996 4697 1534 4763; x_wconf 88' lang='lat' dir='ltr'><strong>communicationis,</strong></span> <span class='ocrx_word' id='word_1_569' title='bbox 1569 4701 1717 4769; x_wconf 92' lang='lat' dir='ltr'><strong>quod</strong></span> <span class='ocrx_word' id='word_1_570' title='bbox 1752 4699 1856 4755; x_wconf 92' lang='lat' dir='ltr'><strong>sibi</strong></span> <span class='ocrx_word' id='word_1_571' title='bbox 1886 4699 2099 4770; x_wconf 83' lang='lat' dir='ltr'><strong>impen-</strong></span> 
     </span>
    </p>
   </div>
   <div class='ocr_carea' id='block_1_82' title="bbox 523 4787 2096 4855">
    <p class='ocr_par' dir='ltr' id='par_1_82' title="bbox 523 4787 2096 4855">
     <span class='ocr_line' id='line_1_82' title="bbox 523 4787 2096 4855; baseline 0.004 -14"><span class='ocrx_word' id='word_1_572' title='bbox 523 4787 736 4850; x_wconf 89' lang='lat' dir='ltr'><strong>derant,</strong></span> <span class='ocrx_word' id='word_1_573' title='bbox 761 4788 1107 4855; x_wconf 89' lang='lat' dir='ltr'><strong>beneﬁcium,</strong></span> <span class='ocrx_word' id='word_1_574' title='bbox 1140 4796 1194 4845; x_wconf 93' lang='lat' dir='ltr'><strong>ct</strong></span> <span class='ocrx_word' id='word_1_575' title='bbox 1227 4789 1318 4844; x_wconf 91' lang='lat' dir='ltr'><strong>ubi</strong></span> <span class='ocrx_word' id='word_1_576' title='bbox 1351 4789 1419 4843; x_wconf 90' lang='lat' dir='ltr'><strong>ad</strong></span> <span class='ocrx_word' id='word_1_577' title='bbox 1447 4790 1623 4846; x_wconf 90' lang='lat' dir='ltr'><strong>bonos</strong></span> <span class='ocrx_word' id='word_1_578' title='bbox 1666 4807 1848 4848; x_wconf 91' lang='lat' dir='ltr'><strong>mores</strong></span> <span class='ocrx_word' id='word_1_579' title='bbox 1874 4807 2096 4848; x_wconf 87' lang='lat' dir='ltr'><strong>rursum</strong></span> 
     </span>
    </p>
   </div>
   <div class='ocr_carea' id='block_1_83' title="bbox 524 4880 1606 4952">
    <p class='ocr_par' dir='ltr' id='par_1_83' title="bbox 524 4880 1606 4952">
     <span class='ocr_line' id='line_1_83' title="bbox 524 4880 1606 4952; baseline 0.006 -20"><span class='ocrx_word' id='word_1_580' title='bbox 524 4882 846 4937; x_wconf 76' lang='lat' dir='ltr'><strong>adhortatus</strong></span> <span class='ocrx_word' id='word_1_581' title='bbox 870 4891 974 4945; x_wconf 86' lang='lat' dir='ltr'><strong>est,</strong></span> <span class='ocrx_word' id='word_1_582' title='bbox 1011 4882 1264 4937; x_wconf 86' lang='lat' dir='ltr'><strong>terminat</strong></span> <span class='ocrx_word' id='word_1_583' title='bbox 1287 4880 1606 4952; x_wconf 87' lang='lat' dir='ltr'><strong>Epistolam.</strong></span> 
     </span>
    </p>
   </div>
   <div class='ocr_carea' id='block_1_84' title="bbox 919 4994 1710 5065">
    <p class='ocr_par' dir='ltr' id='par_1_84' title="bbox 919 4994 1710 5065">
     <span class='ocr_line' id='line_1_84' title="bbox 919 4994 1710 5065; baseline 0.003 -15"><span class='ocrx_word' id='word_1_584' title='bbox 919 4994 1191 5065; x_wconf 83' lang='lat' dir='ltr'><strong>Septima,</strong></span> <span class='ocrx_word' id='word_1_585' title='bbox 1244 4997 1313 5051; x_wconf 87' lang='lat' dir='ltr'><strong>ad</strong></span> <span class='ocrx_word' id='word_1_586' title='bbox 1355 4995 1710 5053; x_wconf 76' lang='lat' dir='ltr'><strong>Colossenses.</strong></span> 
     </span>
    </p>
   </div>
   <div class='ocr_carea' id='block_1_85' title="bbox 596 5085 2097 5159">
    <p class='ocr_par' dir='ltr' id='par_1_85' title="bbox 596 5085 2097 5159">
     <span class='ocr_line' id='line_1_85' title="bbox 596 5085 2097 5159; baseline 0.005 -18"><span class='ocrx_word' id='word_1_587' title='bbox 596 5087 691 5142; x_wconf 82' lang='lat'><strong>65.</strong></span> <span class='ocrx_word' id='word_1_588' title='bbox 728 5085 881 5142; x_wconf 82' lang='lat' dir='ltr'><strong>Hanc</strong></span> <span class='ocrx_word' id='word_1_589' title='bbox 912 5104 1128 5159; x_wconf 84' lang='lat' dir='ltr'><strong>quoque</strong></span> <span class='ocrx_word' id='word_1_590' title='bbox 1158 5087 1332 5144; x_wconf 80' lang='lat' dir='ltr'><strong>Roma</strong></span> <span class='ocrx_word' id='word_1_591' title='bbox 1360 5090 1510 5145; x_wconf 91' lang='lat' dir='ltr'><strong>misit</strong></span> <span class='ocrx_word' id='word_1_592' title='bbox 1532 5130 1546 5155; x_wconf 93' lang='lat'><strong>,</strong></span> <span class='ocrx_word' id='word_1_593' title='bbox 1577 5105 1700 5145; x_wconf 91' lang='lat' dir='ltr'><strong>eum</strong></span> <span class='ocrx_word' id='word_1_594' title='bbox 1743 5089 2097 5149; x_wconf 90' lang='lat' dir='ltr'><strong>Colossenses</strong></span> 
     </span>
    </p>
   </div>
   <div class='ocr_carea' id='block_1_86' title="bbox 525 5176 2099 5252">
    <p class='ocr_par' dir='ltr' id='par_1_86' title="bbox 525 5176 2099 5252">
     <span class='ocr_line' id='line_1_86' title="bbox 525 5176 2099 5252; baseline 0.004 -22"><span class='ocrx_word' id='word_1_595' title='bbox 525 5176 771 5231; x_wconf 89' lang='lat' dir='ltr'><strong>nondum</strong></span> <span class='ocrx_word' id='word_1_596' title='bbox 792 5179 1018 5235; x_wconf 87' lang='lat' dir='ltr'><strong>vidisset</strong></span> <span class='ocrx_word' id='word_1_597' title='bbox 1038 5179 1280 5250; x_wconf 88' lang='lat' dir='ltr'><strong>quidem,</strong></span> <span class='ocrx_word' id='word_1_598' title='bbox 1315 5180 1666 5252; x_wconf 88' lang='lat' dir='ltr'><strong>audissetque</strong></span> <span class='ocrx_word' id='word_1_599' title='bbox 1693 5189 1905 5237; x_wconf 91' lang='lat' dir='ltr'><strong>tantum</strong></span> <span class='ocrx_word' id='word_1_600' title='bbox 1934 5183 2002 5238; x_wconf 93' lang='lat' dir='ltr'><strong>de</strong></span> <span class='ocrx_word' id='word_1_601' title='bbox 2031 5183 2099 5237; x_wconf 92' lang='lat' dir='ltr'><strong>il-</strong></span> 
     </span>
    </p>
   </div>
   <div class='ocr_carea' id='block_1_87' title="bbox 524 5270 2098 5342">
    <p class='ocr_par' dir='ltr' id='par_1_87' title="bbox 524 5270 2098 5342">
     <span class='ocr_line' id='line_1_87' title="bbox 524 5270 2098 5342; baseline 0.003 -17"><span class='ocrx_word' id='word_1_602' title='bbox 524 5272 615 5325; x_wconf 91' lang='lat' dir='ltr'><strong>lis.</strong></span> <span class='ocrx_word' id='word_1_603' title='bbox 643 5270 870 5328; x_wconf 86' lang='lat' dir='ltr'><strong>Occasio</strong></span> <span class='ocrx_word' id='word_1_604' title='bbox 898 5280 1080 5327; x_wconf 89' lang='lat' dir='ltr'><strong>autem</strong></span> <span class='ocrx_word' id='word_1_605' title='bbox 1126 5271 1383 5342; x_wconf 67' lang='lat' dir='ltr'><strong>Epistolaa</strong></span> <span class='ocrx_word' id='word_1_606' title='bbox 1428 5272 1543 5328; x_wconf 81' lang='lat' dir='ltr'><strong>haec</strong></span> <span class='ocrx_word' id='word_1_607' title='bbox 1585 5282 1705 5330; x_wconf 92' lang='lat' dir='ltr'><strong>est:</strong></span> <span class='ocrx_word' id='word_1_608' title='bbox 1744 5274 2098 5330; x_wconf 88' lang='lat' dir='ltr'><strong>Colossenses</strong></span> 
     </span>
    </p>
   </div>
   <div class='ocr_carea' id='block_1_88' title="bbox 526 5360 2098 5435">
    <p class='ocr_par' dir='ltr' id='par_1_88' title="bbox 526 5360 2098 5435">
     <span class='ocr_line' id='line_1_88' title="bbox 526 5360 2098 5435; baseline 0.003 -21"><span class='ocrx_word' id='word_1_609' title='bbox 526 5360 731 5417; x_wconf 71' lang='lat' dir='ltr'><strong>Graecis</strong></span> <span class='ocrx_word' id='word_1_610' title='bbox 781 5362 1208 5432; x_wconf 89' lang='lat' dir='ltr'><strong>sophismatibus</strong></span> <span class='ocrx_word' id='word_1_611' title='bbox 1254 5365 1517 5420; x_wconf 73' lang='lat' dir='ltr'><strong>Seducere</strong></span> <span class='ocrx_word' id='word_1_612' title='bbox 1554 5365 1834 5419; x_wconf 88' lang='lat' dir='ltr'><strong>tentabant</strong></span> <span class='ocrx_word' id='word_1_613' title='bbox 1874 5364 2098 5435; x_wconf 89' lang='lat' dir='ltr'><strong>quidam</strong></span> 
     </span>
    </p>
   </div>
   <div class='ocr_carea' id='block_1_89' title="bbox 527 5453 2100 5527">
    <p class='ocr_par' dir='ltr' id='par_1_89' title="bbox 527 5453 2100 5527">
     <span class='ocr_line' id='line_1_89' title="bbox 527 5453 2100 5527; baseline 0.004 -22"><span class='ocrx_word' id='word_1_614' title='bbox 527 5461 718 5506; x_wconf 86' lang='lat' dir='ltr'><strong>contra</strong></span> <span class='ocrx_word' id='word_1_615' title='bbox 750 5453 908 5509; x_wconf 90' lang='lat' dir='ltr'><strong>ﬁdem</strong></span> <span class='ocrx_word' id='word_1_616' title='bbox 940 5453 1142 5511; x_wconf 89' lang='lat' dir='ltr'><strong>Christi</strong></span> <span class='ocrx_word' id='word_1_617' title='bbox 1173 5456 1457 5527; x_wconf 90' lang='lat' dir='ltr'><strong>loquentes</strong></span> <span class='ocrx_word' id='word_1_618' title='bbox 1492 5475 1505 5510; x_wconf 88' lang='lat'><strong>:</strong></span> <span class='ocrx_word' id='word_1_619' title='bbox 1542 5472 1644 5512; x_wconf 91' lang='lat' dir='ltr'><strong>nec</strong></span> <span class='ocrx_word' id='word_1_620' title='bbox 1680 5473 1788 5512; x_wconf 90' lang='lat' dir='ltr'><strong>non</strong></span> <span class='ocrx_word' id='word_1_621' title='bbox 1843 5457 1991 5513; x_wconf 90' lang='lat' dir='ltr'><strong>circa</strong></span> <span class='ocrx_word' id='word_1_622' title='bbox 2022 5457 2100 5511; x_wconf 77' lang='lat' dir='ltr'><strong>le-</strong></span> 
     </span>
    </p>
   </div>
   <div class='ocr_carea' id='block_1_90' title="bbox 531 5536 2095 5613">
    <p class='ocr_par' dir='ltr' id='par_1_90' title="bbox 531 5536 2095 5613">
     <span class='ocr_line' id='line_1_90' title="bbox 531 5536 2095 5613; baseline 0.004 -17"><span class='ocrx_word' id='word_1_623' title='bbox 531 5545 677 5613; x_wconf 70' lang='lat' dir='ltr'><strong>gales</strong></span> <span class='ocrx_word' id='word_1_624' title='bbox 704 5545 877 5611; x_wconf 88' lang='lat' dir='ltr'><strong>cibos,</strong></span> <span class='ocrx_word' id='word_1_625' title='bbox 900 5554 955 5601; x_wconf 89' lang='lat' dir='ltr'><strong>et</strong></span> <span class='ocrx_word' id='word_1_626' title='bbox 988 5536 1486 5605; x_wconf 85' lang='lat' dir='ltr'><strong>circumcisionem.</strong></span> <span class='ocrx_word' id='word_1_627' title='bbox 1545 5548 1659 5605; x_wconf 85' lang='lat' dir='ltr'><strong>Hoc</strong></span> <span class='ocrx_word' id='word_1_628' title='bbox 1693 5550 1780 5605; x_wconf 85' lang='lat' dir='ltr'><strong>ubi</strong></span> <span class='ocrx_word' id='word_1_629' title='bbox 1809 5549 2095 5605; x_wconf 88' lang='lat' dir='ltr'><strong>didicisset</strong></span> 
     </span>
    </p>
   </div>
   <div class='ocr_carea' id='block_1_91' title="bbox 604 5663 1120 5729">
    <p class='ocr_par' dir='ltr' id='par_1_91' title="bbox 604 5663 1120 5729">
     <span class='ocr_line' id='line_1_91' title="bbox 604 5663 1120 5729; baseline 0.002 -12"><span class='ocrx_word' id='word_1_630' title='bbox 604 5663 651 5728; x_wconf 79' lang='lat'>_“</span> <span class='ocrx_word' id='word_1_631' title='bbox 683 5663 911 5727; x_wconf 80' lang='lat' dir='ltr'><strong>Philipp.</strong></span> <span class='ocrx_word' id='word_1_632' title='bbox 947 5679 1029 5729; x_wconf 88' lang='grc' dir='ltr'>ιιι,</span> <span class='ocrx_word' id='word_1_633' title='bbox 1071 5665 1120 5723; x_wconf 88' lang='grc'>7,</span> 
     </span>
    </p>
   </div>
   <div class='ocr_carea' id='block_1_92' title="bbox 2198 3051 3783 3128">
    <p class='ocr_par' dir='ltr' id='par_1_92' title="bbox 2198 3051 3783 3128">
     <span class='ocr_line' id='line_1_92' title="bbox 2198 3051 3783 3128; baseline 0.004 -24"><span class='ocrx_word' id='word_1_634' title='bbox 2198 3051 2368 3115; x_wconf 79' lang='grc' dir='ltr'>ἀκοὰς</span> <span class='ocrx_word' id='word_1_635' title='bbox 2399 3052 2506 3106; x_wconf 83' lang='grc' dir='ltr'><strong>τῶν</strong></span> <span class='ocrx_word' id='word_1_636' title='bbox 2549 3053 2825 3124; x_wconf 88' lang='grc' dir='ltr'>ἀκεραίων</span> <span class='ocrx_word' id='word_1_637' title='bbox 2852 3053 3121 3124; x_wconf 79' lang='grc' dir='ltr'>προφάσει</span> <span class='ocrx_word' id='word_1_638' title='bbox 3158 3054 3255 3125; x_wconf 83' lang='grc' dir='ltr'>τῆς</span> <span class='ocrx_word' id='word_1_639' title='bbox 3288 3056 3444 3119; x_wconf 83' lang='grc' dir='ltr'>σκιᾶς</span> <span class='ocrx_word' id='word_1_640' title='bbox 3476 3055 3571 3108; x_wconf 90' lang='grc' dir='ltr'><strong>τοῦ</strong></span> <span class='ocrx_word' id='word_1_641' title='bbox 3605 3056 3783 3128; x_wconf 84' lang='grc' dir='ltr'>νόμου</span> 
     </span>
    </p>
   </div>
   <div class='ocr_carea' id='block_1_93' title="bbox 2200 3142 3784 3221">
    <p class='ocr_par' dir='ltr' id='par_1_93' title="bbox 2200 3142 3784 3221">
     <span class='ocr_line' id='line_1_93' title="bbox 2200 3142 3784 3221; baseline 0.006 -28"><span class='ocrx_word' id='word_1_642' title='bbox 2200 3142 2419 3213; x_wconf 75' lang='grc' dir='ltr'>καὶτῆς</span> <span class='ocrx_word' id='word_1_643' title='bbox 2456 3144 2779 3214; x_wconf 82' lang='grc' dir='ltr'>περιτομῆς,</span> <span class='ocrx_word' id='word_1_644' title='bbox 2808 3144 2904 3197; x_wconf 76' lang='grc' dir='ltr'><strong>καὶ</strong></span> <span class='ocrx_word' id='word_1_645' title='bbox 2942 3144 3205 3213; x_wconf 90' lang='grc' dir='ltr'>λεγόντων</span> <span class='ocrx_word' id='word_1_646' title='bbox 3245 3147 3414 3217; x_wconf 75' lang='grc' dir='ltr'>χωρὶς</span> <span class='ocrx_word' id='word_1_647' title='bbox 3452 3147 3662 3220; x_wconf 85' lang='grc' dir='ltr'>ταύτης</span> <span class='ocrx_word' id='word_1_648' title='bbox 3701 3151 3784 3221; x_wconf 83' lang='grc' dir='ltr'>μὴ</span> 
     </span>
    </p>
   </div>
   <div class='ocr_carea' id='block_1_94' title="bbox 2196 3233 3785 3311">
    <p class='ocr_par' dir='ltr' id='par_1_94' title="bbox 2196 3233 3785 3311">
     <span class='ocr_line' id='line_1_94' title="bbox 2196 3233 3785 3311; baseline 0.005 -24"><span class='ocrx_word' id='word_1_649' title='bbox 2196 3233 2453 3288; x_wconf 87' lang='grc' dir='ltr'>δύνασθαι</span> <span class='ocrx_word' id='word_1_650' title='bbox 2494 3234 2864 3307; x_wconf 83' lang='grc' dir='ltr'>δικαιωθῆναι,</span> <span class='ocrx_word' id='word_1_651' title='bbox 2909 3235 3094 3306; x_wconf 88' lang='grc' dir='ltr'>μαθὼν</span> <span class='ocrx_word' id='word_1_652' title='bbox 3135 3238 3165 3290; x_wconf 86' lang='grc' dir='ltr'>ὁ</span> <span class='ocrx_word' id='word_1_653' title='bbox 3209 3237 3531 3302; x_wconf 87' lang='grc' dir='ltr'>Ἀπόστολος</span> <span class='ocrx_word' id='word_1_654' title='bbox 3568 3242 3785 3311; x_wconf 67' lang='grc' dir='ltr'>γράφει</span> 
     </span>
    </p>
   </div>
   <div class='ocr_carea' id='block_1_95' title="bbox 2196 3326 3786 3400">
    <p class='ocr_par' dir='ltr' id='par_1_95' title="bbox 2196 3326 3786 3400">
     <span class='ocr_line' id='line_1_95' title="bbox 2196 3326 3786 3400; baseline 0.006 -23"><span class='ocrx_word' id='word_1_655' title='bbox 2196 3326 2597 3396; x_wconf 81' lang='grc' dir='ltr'>Φιλιππησίοις.</span> <span class='ocrx_word' id='word_1_656' title='bbox 2645 3328 2755 3381; x_wconf 75' lang='grc' dir='ltr'><strong>Καὶ</strong></span> <span class='ocrx_word' id='word_1_657' title='bbox 2798 3328 3012 3398; x_wconf 84' lang='grc' dir='ltr'>πρῶτον</span> <span class='ocrx_word' id='word_1_658' title='bbox 3065 3329 3164 3399; x_wconf 89' lang='grc' dir='ltr'><strong>μὲν</strong></span> <span class='ocrx_word' id='word_1_659' title='bbox 3217 3330 3542 3400; x_wconf 75' lang='grc' dir='ltr'>ἀποδέχεται</span> <span class='ocrx_word' id='word_1_660' title='bbox 3588 3334 3786 3387; x_wconf 81' lang='grc' dir='ltr'>αὐτῶν</span> 
     </span>
    </p>
   </div>
   <div class='ocr_carea' id='block_1_96' title="bbox 2196 3413 3787 3489">
    <p class='ocr_par' dir='ltr' id='par_1_96' title="bbox 2196 3413 3787 3489">
     <span class='ocr_line' id='line_1_96' title="bbox 2196 3413 3787 3489; baseline 0.008 -24"><span class='ocrx_word' id='word_1_661' title='bbox 2196 3413 2294 3484; x_wconf 83' lang='grc' dir='ltr'><strong>τὴν</strong></span> <span class='ocrx_word' id='word_1_662' title='bbox 2327 3414 2525 3479; x_wconf 89' lang='grc' dir='ltr'>πίστιν,</span> <span class='ocrx_word' id='word_1_663' title='bbox 2556 3414 2650 3468; x_wconf 73' lang='grc' dir='ltr'>καὶ</span> <span class='ocrx_word' id='word_1_664' title='bbox 2673 3415 2924 3487; x_wconf 88' lang='grc' dir='ltr'>σημαίνει</span> <span class='ocrx_word' id='word_1_665' title='bbox 2954 3418 3311 3489; x_wconf 86' lang='grc' dir='ltr'>μνημονεύειν</span> <span class='ocrx_word' id='word_1_666' title='bbox 3335 3420 3514 3474; x_wconf 83' lang='grc' dir='ltr'>αὐτῶν</span> <span class='ocrx_word' id='word_1_667' title='bbox 3537 3437 3551 3451; x_wconf 92' lang='grc'>·</span> <span class='ocrx_word' id='word_1_668' title='bbox 3580 3422 3787 3479; x_wconf 79' lang='grc' dir='ltr'>ἔπειτα</span> 
     </span>
    </p>
   </div>
   <div class='ocr_carea' id='block_1_97' title="bbox 2195 3505 3786 3586">
    <p class='ocr_par' dir='ltr' id='par_1_97' title="bbox 2195 3505 3786 3586">
     <span class='ocr_line' id='line_1_97' title="bbox 2195 3505 3786 3586; baseline 0.008 -28"><span class='ocrx_word' id='word_1_669' title='bbox 2195 3505 2463 3577; x_wconf 87' lang='grc' dir='ltr'>διηγεῖται</span> <span class='ocrx_word' id='word_1_670' title='bbox 2493 3507 2568 3570; x_wconf 87' lang='grc' dir='ltr'>ὡς</span> <span class='ocrx_word' id='word_1_671' title='bbox 2606 3509 2982 3580; x_wconf 80' lang='grc' dir='ltr'>ἀπελογήσατο</span> <span class='ocrx_word' id='word_1_672' title='bbox 3029 3511 3086 3564; x_wconf 82' lang='grc' dir='ltr'><strong>ἐν</strong></span> <span class='ocrx_word' id='word_1_673' title='bbox 3129 3510 3335 3586; x_wconf 85' lang='grc' dir='ltr'>Ῥώμῃ,</span> <span class='ocrx_word' id='word_1_674' title='bbox 3384 3514 3479 3568; x_wconf 78' lang='grc' dir='ltr'><strong>καὶ</strong></span> <span class='ocrx_word' id='word_1_675' title='bbox 3511 3515 3592 3569; x_wconf 87' lang='grc' dir='ltr'>ὅτι</span> <span class='ocrx_word' id='word_1_676' title='bbox 3629 3517 3786 3580; x_wconf 83' lang='grc' dir='ltr'>τινὲς</span> 
     </span>
    </p>
   </div>
   <div class='ocr_carea' id='block_1_98' title="bbox 2197 3596 3785 3677">
    <p class='ocr_par' dir='ltr' id='par_1_98' title="bbox 2197 3596 3785 3677">
     <span class='ocr_line' id='line_1_98' title="bbox 2197 3596 3785 3677; baseline 0.006 -28"><span class='ocrx_word' id='word_1_677' title='bbox 2197 3596 2344 3666; x_wconf 83' lang='grc' dir='ltr'>αὐτῷ</span> <span class='ocrx_word' id='word_1_678' title='bbox 2372 3596 2555 3670; x_wconf 84' lang='grc' dir='ltr'>βαρεῖς</span> <span class='ocrx_word' id='word_1_679' title='bbox 2590 3598 2873 3667; x_wconf 89' lang='grc' dir='ltr'>γεγόνασιν</span> <span class='ocrx_word' id='word_1_680' title='bbox 2905 3600 2962 3653; x_wconf 80' lang='grc' dir='ltr'><strong>ἐν</strong></span> <span class='ocrx_word' id='word_1_681' title='bbox 2988 3603 3099 3663; x_wconf 90' lang='grc' dir='ltr'>τοῖς</span> <span class='ocrx_word' id='word_1_682' title='bbox 3122 3601 3359 3672; x_wconf 80' lang='grc' dir='ltr'>δεσμοῖς,</span> <span class='ocrx_word' id='word_1_683' title='bbox 3392 3605 3583 3673; x_wconf 82' lang='grc' dir='ltr'>φθόνον</span> <span class='ocrx_word' id='word_1_684' title='bbox 3624 3605 3785 3677; x_wconf 77' lang='grc' dir='ltr'>αὐτῷ</span> 
     </span>
    </p>
   </div>
   <div class='ocr_carea' id='block_1_99' title="bbox 2196 3686 3784 3767">
    <p class='ocr_par' dir='ltr' id='par_1_99' title="bbox 2196 3686 3784 3767">
     <span class='ocr_line' id='line_1_99' title="bbox 2196 3686 3784 3767; baseline 0.006 -24"><span class='ocrx_word' id='word_1_685' title='bbox 2196 3690 2487 3754; x_wconf 86' lang='grc' dir='ltr'>κινοῦντες.</span> <span class='ocrx_word' id='word_1_686' title='bbox 2529 3686 2662 3745; x_wconf 85' lang='grc' dir='ltr'>Εἶτα</span> <span class='ocrx_word' id='word_1_687' title='bbox 2694 3692 2889 3756; x_wconf 74' lang='grc' dir='ltr'>αὐτοὺς</span> <span class='ocrx_word' id='word_1_688' title='bbox 2930 3693 3292 3764; x_wconf 78' lang='grc' dir='ltr'>προτρέπεται</span> <span class='ocrx_word' id='word_1_689' title='bbox 3332 3694 3590 3767; x_wconf 85' lang='grc' dir='ltr'>ἀλλήλους</span> <span class='ocrx_word' id='word_1_690' title='bbox 3637 3698 3784 3766; x_wconf 85' lang='grc' dir='ltr'>ἀγα-</span> 
     </span>
    </p>
   </div>
   <div class='ocr_carea' id='block_1_100' title="bbox 2197 3782 3779 3860">
    <p class='ocr_par' dir='ltr' id='par_1_100' title="bbox 2197 3782 3779 3860">
     <span class='ocr_line' id='line_1_100' title="bbox 2197 3782 3779 3860; baseline 0.006 -25"><span class='ocrx_word' id='word_1_691' title='bbox 2197 3784 2323 3853; x_wconf 77' lang='grc' dir='ltr'>πᾷν,</span> <span class='ocrx_word' id='word_1_692' title='bbox 2357 3782 2715 3855; x_wconf 75' lang='grc' dir='ltr'>ἐξηγούμενος</span> <span class='ocrx_word' id='word_1_693' title='bbox 2754 3785 2851 3856; x_wconf 84' lang='grc' dir='ltr'>τὴν</span> <span class='ocrx_word' id='word_1_694' title='bbox 2896 3788 2987 3839; x_wconf 90' lang='grc' dir='ltr'><strong>τοῦ</strong></span> <span class='ocrx_word' id='word_1_695' title='bbox 3033 3786 3283 3860; x_wconf 77' lang='grc' dir='ltr'>Σωτῆρος</span> <span class='ocrx_word' id='word_1_696' title='bbox 3336 3788 3779 3860; x_wconf 84' lang='grc' dir='ltr'>φιλανθρωπίαν,</span> 
     </span>
    </p>
   </div>
   <div class='ocr_carea' id='block_1_101' title="bbox 2194 3869 3784 3953">
    <p class='ocr_par' dir='ltr' id='par_1_101' title="bbox 2194 3869 3784 3953">
     <span class='ocr_line' id='line_1_101' title="bbox 2194 3869 3784 3953; baseline 0.008 -31"><span class='ocrx_word' id='word_1_697' title='bbox 2194 3869 2275 3922; x_wconf 85' lang='grc' dir='ltr'>ὃτι</span> <span class='ocrx_word' id='word_1_698' title='bbox 2308 3870 2440 3934; x_wconf 79' lang='grc' dir='ltr'>Θεὸς</span> <span class='ocrx_word' id='word_1_699' title='bbox 2482 3870 2557 3925; x_wconf 79' lang='grc' dir='ltr'><strong>ὢν</strong></span> <span class='ocrx_word' id='word_1_700' title='bbox 2599 3873 2985 3948; x_wconf 85' lang='grc' dir='ltr'>ἐνηνθρώπησε</span> <span class='ocrx_word' id='word_1_701' title='bbox 3014 3878 3079 3932; x_wconf 87' lang='grc' dir='ltr'>δι’</span> <span class='ocrx_word' id='word_1_702' title='bbox 3107 3880 3273 3949; x_wconf 84' lang='grc' dir='ltr'>ἡμᾶς.</span> <span class='ocrx_word' id='word_1_703' title='bbox 3317 3875 3453 3932; x_wconf 82' lang='grc' dir='ltr'>Εἶτα</span> <span class='ocrx_word' id='word_1_704' title='bbox 3498 3880 3628 3950; x_wconf 77' lang='grc' dir='ltr'>περὶ</span> <span class='ocrx_word' id='word_1_705' title='bbox 3671 3885 3784 3953; x_wconf 84' lang='grc' dir='ltr'>τῆς</span> 
     </span>
    </p>
   </div>
   <div class='ocr_carea' id='block_1_102' title="bbox 2196 3962 3783 4107">
    <p class='ocr_par' dir='ltr' id='par_1_102' title="bbox 2196 3962 3783 4107">
     <span class='ocr_line' id='line_1_102' title="bbox 2196 3962 3783 4040; baseline 0.006 -25"><span class='ocrx_word' id='word_1_706' title='bbox 2196 3980 2385 4035; x_wconf 85' lang='grc' dir='ltr'>περιτο</span> <span class='ocrx_word' id='word_1_707' title='bbox 2403 3964 2497 4035; x_wconf 73' lang='grc' dir='ltr'><strong>ιῆς</strong></span> <span class='ocrx_word' id='word_1_708' title='bbox 2539 3962 2632 4019; x_wconf 77' lang='grc' dir='ltr'><strong>καὶ</strong></span> <span class='ocrx_word' id='word_1_709' title='bbox 2657 3966 2751 4019; x_wconf 90' lang='grc' dir='ltr'><strong>τοῦ</strong></span> <span class='ocrx_word' id='word_1_710' title='bbox 2792 3968 3020 4022; x_wconf 88' lang='grc' dir='ltr'>παλαιοῦ</span> <span class='ocrx_word' id='word_1_711' title='bbox 3056 3967 3220 4040; x_wconf 84' lang='grc' dir='ltr'>νόμου</span> <span class='ocrx_word' id='word_1_712' title='bbox 3249 3969 3515 4023; x_wconf 83' lang='grc' dir='ltr'>διαλαϐὼν</span> <span class='ocrx_word' id='word_1_713' title='bbox 3546 3971 3783 4027; x_wconf 87' lang='grc' dir='ltr'>ἀποδει-</span> 
     </span>
     <span class='ocr_line' id='line_1_103' title="bbox 2196 3981 3783 4107; baseline 0.001 -2"><span class='ocrx_word' id='word_1_714' title='bbox 2196 4053 2346 4106; x_wconf 87' lang='grc' dir='ltr'>κνύει</span> <span class='ocrx_word' id='word_1_715' title='bbox 2374 3981 2548 4107; x_wconf 59' lang='grc' dir='ltr'>άογὴν</span> <span class='ocrx_word' id='word_1_716' title='bbox 2581 4056 2902 4107; x_wconf 67' lang='grc' dir='ltr'>γεγενῇσθαι</span> <span class='ocrx_word' id='word_1_717' title='bbox 2936 4057 3119 4107; x_wconf 75' lang='grc' dir='ltr'>λοιπὸν</span> <span class='ocrx_word' id='word_1_718' title='bbox 3154 4058 3251 4107; x_wconf 66' lang='grc' dir='ltr'>τὴν</span> <span class='ocrx_word' id='word_1_719' title='bbox 3278 4059 3597 4107; x_wconf 51' lang='lat' dir='ltr'><strong>ﬂammabit-</strong></span> <span class='ocrx_word' id='word_1_720' title='bbox 3631 4061 3783 4107; x_wconf 63' lang='lat' dir='ltr'><strong>lau-</strong></span> 
     </span>
    </p>
   </div>
   <div class='ocr_carea' id='block_1_103' title="bbox 2195 4053 3787 4133">
    <p class='ocr_par' dir='ltr' id='par_1_103' title="bbox 2195 4053 3787 4133">
     <span class='ocr_line' id='line_1_104' title="bbox 2195 4053 3787 4133; baseline 0.006 -28"><span class='ocrx_word' id='word_1_721' title='bbox 2195 4053 2346 4106; x_wconf 89' lang='grc' dir='ltr'>κνύει</span> <span class='ocrx_word' id='word_1_722' title='bbox 2374 4053 2548 4126; x_wconf 78' lang='grc' dir='ltr'>ἀργὴν</span> <span class='ocrx_word' id='word_1_723' title='bbox 2581 4056 2902 4127; x_wconf 77' lang='grc' dir='ltr'>γεγενῆσθαι</span> <span class='ocrx_word' id='word_1_724' title='bbox 2936 4057 3119 4112; x_wconf 75' lang='grc' dir='ltr'>λοιπὸν</span> <span class='ocrx_word' id='word_1_725' title='bbox 3154 4058 3251 4131; x_wconf 81' lang='grc' dir='ltr'><strong>τὴν</strong></span> <span class='ocrx_word' id='word_1_726' title='bbox 3278 4059 3598 4132; x_wconf 78' lang='grc' dir='ltr'>περιτομὴν,</span> <span class='ocrx_word' id='word_1_727' title='bbox 3631 4061 3787 4133; x_wconf 87' lang='grc' dir='ltr'>λαμ-</span> 
     </span>
    </p>
   </div>
   <div class='ocr_carea' id='block_1_104' title="bbox 2197 4143 3783 4221">
    <p class='ocr_par' dir='ltr' id='par_1_104' title="bbox 2197 4143 3783 4221">
     <span class='ocr_line' id='line_1_105' title="bbox 2197 4143 3783 4221; baseline 0.008 -26"><span class='ocrx_word' id='word_1_728' title='bbox 2197 4143 2372 4199; x_wconf 87' lang='grc' dir='ltr'>ϐάνων</span> <span class='ocrx_word' id='word_1_729' title='bbox 2413 4146 2504 4214; x_wconf 77' lang='grc' dir='ltr'><strong>ἀφ’</strong></span> <span class='ocrx_word' id='word_1_730' title='bbox 2550 4147 2742 4200; x_wconf 88' lang='grc' dir='ltr'>ἐαυτοῦ</span> <span class='ocrx_word' id='word_1_731' title='bbox 2780 4148 2841 4201; x_wconf 89' lang='grc' dir='ltr'><strong>τὸ</strong></span> <span class='ocrx_word' id='word_1_732' title='bbox 2887 4150 3269 4221; x_wconf 85' lang='grc' dir='ltr'>παράδειγμα,</span> <span class='ocrx_word' id='word_1_733' title='bbox 3317 4153 3411 4205; x_wconf 78' lang='grc' dir='ltr'>καὶ</span> <span class='ocrx_word' id='word_1_734' title='bbox 3449 4151 3648 4219; x_wconf 84' lang='grc' dir='ltr'>λέγων,</span> <span class='ocrx_word' id='word_1_735' title='bbox 3688 4155 3783 4208; x_wconf 80' lang='grc' dir='ltr'><strong>ὅτι</strong></span> 
     </span>
    </p>
   </div>
   <div class='ocr_carea' id='block_1_105' title="bbox 2202 4238 3777 4314">
    <p class='ocr_par' dir='ltr' id='par_1_105' title="bbox 2202 4238 3777 4314">
     <span class='ocr_line' id='line_1_106' title="bbox 2202 4238 3777 4314; baseline 0.006 -25"><span class='ocrx_word' id='word_1_736' title='bbox 2202 4256 2221 4289; x_wconf 76' lang='grc' dir='ltr'><strong>ι</strong></span> <span class='ocrx_word' id='word_1_737' title='bbox 2258 4238 2440 4293; x_wconf 83' lang='grc' dir='ltr'>Ταῦτα</span> <span class='ocrx_word' id='word_1_738' title='bbox 2473 4240 2647 4293; x_wconf 87' lang='grc' dir='ltr'>πάντα</span> <span class='ocrx_word' id='word_1_739' title='bbox 2690 4240 2928 4311; x_wconf 85' lang='grc' dir='ltr'>ἡγοῦμαι</span> <span class='ocrx_word' id='word_1_740' title='bbox 2966 4241 3053 4294; x_wconf 81' lang='grc' dir='ltr'>διὰ</span> <span class='ocrx_word' id='word_1_741' title='bbox 3084 4240 3186 4295; x_wconf 82' lang='grc' dir='ltr'>τὸν</span> <span class='ocrx_word' id='word_1_742' title='bbox 3203 4243 3438 4314; x_wconf 81' lang='grc' dir='ltr'>Χριστὸν</span> <span class='ocrx_word' id='word_1_743' title='bbox 3478 4242 3706 4314; x_wconf 82' lang='grc' dir='ltr'>ζημίαν.</span> <span class='ocrx_word' id='word_1_744' title='bbox 3753 4266 3777 4297; x_wconf 74' lang='grc' dir='ltr'><strong>ι</strong></span> 
     </span>
    </p>
   </div>
   <div class='ocr_carea' id='block_1_106' title="bbox 2196 4329 3782 4403">
    <p class='ocr_par' dir='ltr' id='par_1_106' title="bbox 2196 4329 3782 4403">
     <span class='ocr_line' id='line_1_107' title="bbox 2196 4329 3782 4403; baseline 0.004 -22"><span class='ocrx_word' id='word_1_745' title='bbox 2196 4329 2286 4382; x_wconf 87' lang='grc' dir='ltr'>Διὸ</span> <span class='ocrx_word' id='word_1_746' title='bbox 2322 4330 2414 4382; x_wconf 81' lang='grc' dir='ltr'><strong>καὶ</strong></span> <span class='ocrx_word' id='word_1_747' title='bbox 2439 4331 2565 4392; x_wconf 85' lang='grc' dir='ltr'>τοὺς</span> <span class='ocrx_word' id='word_1_748' title='bbox 2601 4331 2696 4400; x_wconf 80' lang='grc' dir='ltr'><strong>μὲν</strong></span> <span class='ocrx_word' id='word_1_749' title='bbox 2724 4330 3066 4395; x_wconf 85' lang='grc' dir='ltr'>διδάσκοντας</span> <span class='ocrx_word' id='word_1_750' title='bbox 3094 4330 3174 4384; x_wconf 78' lang='grc' dir='ltr'>ἔτι</span> <span class='ocrx_word' id='word_1_751' title='bbox 3198 4331 3516 4403; x_wconf 77' lang='grc' dir='ltr'>περιτομὴν,</span> <span class='ocrx_word' id='word_1_752' title='bbox 3548 4333 3645 4385; x_wconf 76' lang='grc' dir='ltr'>καὶ</span> <span class='ocrx_word' id='word_1_753' title='bbox 3680 4333 3782 4388; x_wconf 83' lang='grc' dir='ltr'>θέ-</span> 
     </span>
    </p>
   </div>
   <div class='ocr_carea' id='block_1_107' title="bbox 2198 4420 3784 4498">
    <p class='ocr_par' dir='ltr' id='par_1_107' title="bbox 2198 4420 3784 4498">
     <span class='ocr_line' id='line_1_108' title="bbox 2198 4420 3784 4498; baseline 0.004 -24"><span class='ocrx_word' id='word_1_754' title='bbox 2198 4420 2384 4486; x_wconf 85' lang='grc' dir='ltr'>λοντας</span> <span class='ocrx_word' id='word_1_755' title='bbox 2402 4423 2596 4485; x_wconf 82' lang='grc' dir='ltr'>αὐτοὺς</span> <span class='ocrx_word' id='word_1_756' title='bbox 2612 4423 2908 4495; x_wconf 82' lang='grc' dir='ltr'>ἀπατῆσαι,</span> <span class='ocrx_word' id='word_1_757' title='bbox 2936 4426 3227 4495; x_wconf 75' lang='grc' dir='ltr'>μέμφεται,</span> <span class='ocrx_word' id='word_1_758' title='bbox 3256 4426 3350 4478; x_wconf 74' lang='grc' dir='ltr'><strong>καὶ</strong></span> <span class='ocrx_word' id='word_1_759' title='bbox 3368 4424 3513 4493; x_wconf 78' lang='grc' dir='ltr'>λέγει</span> <span class='ocrx_word' id='word_1_760' title='bbox 3539 4425 3784 4498; x_wconf 80' lang='grc' dir='ltr'>ἐχθροὺς</span> 
     </span>
    </p>
   </div>
   <div class='ocr_carea' id='block_1_108' title="bbox 2196 4510 3783 4588">
    <p class='ocr_par' dir='ltr' id='par_1_108' title="bbox 2196 4510 3783 4588">
     <span class='ocr_line' id='line_1_109' title="bbox 2196 4510 3783 4588; baseline 0.003 -21"><span class='ocrx_word' id='word_1_761' title='bbox 2196 4510 2334 4568; x_wconf 79' lang='grc' dir='ltr'>εἶναι</span> <span class='ocrx_word' id='word_1_762' title='bbox 2365 4515 2458 4568; x_wconf 90' lang='grc' dir='ltr'><strong>τοῦ</strong></span> <span class='ocrx_word' id='word_1_763' title='bbox 2486 4514 2744 4586; x_wconf 87' lang='grc' dir='ltr'>Χριστοῦ.</span> <span class='ocrx_word' id='word_1_764' title='bbox 2790 4516 3135 4586; x_wconf 84' lang='grc' dir='ltr'>Ἀποδέχεται</span> <span class='ocrx_word' id='word_1_765' title='bbox 3161 4516 3219 4569; x_wconf 85' lang='grc' dir='ltr'><strong>δὲ</strong></span> <span class='ocrx_word' id='word_1_766' title='bbox 3255 4516 3650 4588; x_wconf 81' lang='grc' dir='ltr'>Φιλιππησίους</span> <span class='ocrx_word' id='word_1_767' title='bbox 3680 4518 3783 4571; x_wconf 81' lang='grc' dir='ltr'>διὰ</span> 
     </span>
    </p>
   </div>
   <div class='ocr_carea' id='block_1_109' title="bbox 2194 4605 3783 4678">
    <p class='ocr_par' dir='ltr' id='par_1_109' title="bbox 2194 4605 3783 4678">
     <span class='ocr_line' id='line_1_110' title="bbox 2194 4605 3783 4678; baseline -0.001 -18"><span class='ocrx_word' id='word_1_768' title='bbox 2194 4606 2293 4678; x_wconf 84' lang='grc' dir='ltr'><strong>τὴν</strong></span> <span class='ocrx_word' id='word_1_769' title='bbox 2325 4607 2460 4678; x_wconf 81' lang='grc' dir='ltr'>πρὸς</span> <span class='ocrx_word' id='word_1_770' title='bbox 2489 4607 2650 4661; x_wconf 77' lang='grc' dir='ltr'>αὑτὸν</span> <span class='ocrx_word' id='word_1_771' title='bbox 2678 4607 2776 4678; x_wconf 78' lang='grc' dir='ltr'>τῆς</span> <span class='ocrx_word' id='word_1_772' title='bbox 2812 4605 3095 4672; x_wconf 82' lang='grc' dir='ltr'>κοίνωνίας</span> <span class='ocrx_word' id='word_1_773' title='bbox 3123 4607 3293 4661; x_wconf 77' lang='grc' dir='ltr'>δόσινο</span> <span class='ocrx_word' id='word_1_774' title='bbox 3339 4607 3432 4660; x_wconf 76' lang='grc' dir='ltr'><strong>καὶ</strong></span> <span class='ocrx_word' id='word_1_775' title='bbox 3459 4605 3783 4677; x_wconf 74' lang='grc' dir='ltr'>προτρεψά-</span> 
     </span>
    </p>
   </div>
   <div class='ocr_carea' id='block_1_110' title="bbox 2199 4699 3782 4772">
    <p class='ocr_par' dir='ltr' id='par_1_110' title="bbox 2199 4699 3782 4772">
     <span class='ocr_line' id='line_1_111' title="bbox 2199 4699 3782 4772; baseline 0.001 -21"><span class='ocrx_word' id='word_1_776' title='bbox 2199 4716 2358 4770; x_wconf 87' lang='grc' dir='ltr'>μενος</span> <span class='ocrx_word' id='word_1_777' title='bbox 2387 4699 2548 4755; x_wconf 86' lang='grc' dir='ltr'>πάλιν</span> <span class='ocrx_word' id='word_1_778' title='bbox 2579 4703 2657 4765; x_wconf 86' lang='grc' dir='ltr'>εἰς</span> <span class='ocrx_word' id='word_1_779' title='bbox 2684 4700 2752 4754; x_wconf 86' lang='grc' dir='ltr'>τὰ</span> <span class='ocrx_word' id='word_1_780' title='bbox 2792 4700 2897 4772; x_wconf 72' lang='grc' dir='ltr'>ἤθη</span> <span class='ocrx_word' id='word_1_781' title='bbox 2929 4700 3145 4767; x_wconf 81' lang='grc' dir='ltr'>αὐτοὺς,</span> <span class='ocrx_word' id='word_1_782' title='bbox 3188 4700 3383 4753; x_wconf 88' lang='grc' dir='ltr'>τελειοῖ</span> <span class='ocrx_word' id='word_1_783' title='bbox 3407 4699 3507 4771; x_wconf 82' lang='grc' dir='ltr'><strong>τὴν</strong></span> <span class='ocrx_word' id='word_1_784' title='bbox 3522 4700 3782 4753; x_wconf 84' lang='grc' dir='ltr'>Ἐπιστο-</span> 
     </span>
    </p>
   </div>
   <div class='ocr_carea' id='block_1_111' title="bbox 2195 4792 2312 4864">
    <p class='ocr_par' dir='ltr' id='par_1_111' title="bbox 2195 4792 2312 4864">
     <span class='ocr_line' id='line_1_112' title="bbox 2195 4792 2312 4864; baseline 0.009 -19"><span class='ocrx_word' id='word_1_785' title='bbox 2195 4792 2312 4864; x_wconf 83' lang='grc' dir='ltr'>λήν.</span> 
     </span>
    </p>
   </div>
   <div class='ocr_carea' id='block_1_112' title="bbox 2544 4970 3421 5043">
    <p class='ocr_par' dir='ltr' id='par_1_112' title="bbox 2544 4970 3421 5043">
     <span class='ocr_line' id='line_1_113' title="bbox 2544 4970 3421 5043; baseline -0.001 -15"><span class='ocrx_word' id='word_1_786' title='bbox 2544 4974 2815 5043; x_wconf 82' lang='grc' dir='ltr'>Ἑϐδόμη,</span> <span class='ocrx_word' id='word_1_787' title='bbox 2855 4973 3005 5041; x_wconf 76' lang='grc' dir='ltr'>πρὸς</span> <span class='ocrx_word' id='word_1_788' title='bbox 3026 4970 3421 5038; x_wconf 74' lang='grc' dir='ltr'>Κολασσαεῖς.</span> 
     </span>
    </p>
   </div>
   <div class='ocr_carea' id='block_1_113' title="bbox 2268 5086 3777 5160">
    <p class='ocr_par' dir='ltr' id='par_1_113' title="bbox 2268 5086 3777 5160">
     <span class='ocr_line' id='line_1_114' title="bbox 2268 5086 3777 5160; baseline -0.003 -17"><span class='ocrx_word' id='word_1_789' title='bbox 2268 5087 2354 5145; x_wconf 80' lang='lat'><strong>65.</strong></span> <span class='ocrx_word' id='word_1_790' title='bbox 2391 5088 2606 5160; x_wconf 88' lang='grc' dir='ltr'>Ταύτην</span> <span class='ocrx_word' id='word_1_791' title='bbox 2657 5089 2973 5142; x_wconf 82' lang='grc' dir='ltr'>ἀποστέλλει</span> <span class='ocrx_word' id='word_1_792' title='bbox 3017 5087 3125 5142; x_wconf 82' lang='grc' dir='ltr'><strong>ἀπὸ</strong></span> <span class='ocrx_word' id='word_1_793' title='bbox 3167 5086 3405 5159; x_wconf 84' lang='grc' dir='ltr'>Ῥώμης,</span> <span class='ocrx_word' id='word_1_794' title='bbox 3448 5086 3546 5156; x_wconf 84' lang='grc' dir='ltr'>οὐχ</span> <span class='ocrx_word' id='word_1_795' title='bbox 3588 5086 3777 5157; x_wconf 86' lang='grc' dir='ltr'>ἐωρα-</span> 
     </span>
    </p>
   </div>
   <div class='ocr_carea' id='block_1_114' title="bbox 2198 5177 3773 5251">
    <p class='ocr_par' dir='ltr' id='par_1_114' title="bbox 2198 5177 3773 5251">
     <span class='ocr_line' id='line_1_115' title="bbox 2198 5177 3773 5251; baseline -0.003 -16"><span class='ocrx_word' id='word_1_796' title='bbox 2198 5179 2309 5244; x_wconf 89' lang='grc' dir='ltr'>κὼς</span> <span class='ocrx_word' id='word_1_797' title='bbox 2344 5179 2441 5251; x_wconf 83' lang='grc' dir='ltr'>μὲν</span> <span class='ocrx_word' id='word_1_798' title='bbox 2471 5180 2686 5245; x_wconf 79' lang='grc' dir='ltr'>αὐτοὺς,</span> <span class='ocrx_word' id='word_1_799' title='bbox 2710 5178 2946 5243; x_wconf 87' lang='grc' dir='ltr'>ἀκούσας</span> <span class='ocrx_word' id='word_1_800' title='bbox 2965 5179 3021 5233; x_wconf 82' lang='grc' dir='ltr'>δὲ</span> <span class='ocrx_word' id='word_1_801' title='bbox 3050 5179 3176 5251; x_wconf 77' lang='grc' dir='ltr'>περὶ</span> <span class='ocrx_word' id='word_1_802' title='bbox 3208 5178 3406 5233; x_wconf 85' lang='grc' dir='ltr'>αὐτῶν.</span> <span class='ocrx_word' id='word_1_803' title='bbox 3445 5178 3509 5231; x_wconf 87' lang='grc' dir='ltr'><strong>Ἠ</strong></span> <span class='ocrx_word' id='word_1_804' title='bbox 3539 5177 3596 5230; x_wconf 82' lang='grc' dir='ltr'>δὲ</span> <span class='ocrx_word' id='word_1_805' title='bbox 3624 5178 3773 5250; x_wconf 80' lang='grc' dir='ltr'>πρό-</span> 
     </span>
    </p>
   </div>
   <div class='ocr_carea' id='block_1_115' title="bbox 2199 5270 3773 5343">
    <p class='ocr_par' dir='ltr' id='par_1_115' title="bbox 2199 5270 3773 5343">
     <span class='ocr_line' id='line_1_116' title="bbox 2199 5270 3773 5343; baseline 0.001 -19"><span class='ocrx_word' id='word_1_806' title='bbox 2199 5290 2360 5342; x_wconf 84' lang='grc' dir='ltr'>φασις</span> <span class='ocrx_word' id='word_1_807' title='bbox 2398 5270 2825 5343; x_wconf 84' lang='grc' dir='ltr'>τῆςἙπιστολῆς</span> <span class='ocrx_word' id='word_1_808' title='bbox 2853 5270 2990 5342; x_wconf 85' lang='grc' dir='ltr'>αῦτη</span> <span class='ocrx_word' id='word_1_809' title='bbox 3015 5289 3029 5302; x_wconf 74' lang='grc' dir='ltr'><strong>ο</strong></span> <span class='ocrx_word' id='word_1_810' title='bbox 3060 5272 3198 5336; x_wconf 86' lang='grc' dir='ltr'>Τοὺς</span> <span class='ocrx_word' id='word_1_811' title='bbox 3228 5272 3563 5334; x_wconf 84' lang='grc' dir='ltr'>Κολασσαεῖς</span> <span class='ocrx_word' id='word_1_812' title='bbox 3610 5272 3773 5325; x_wconf 83' lang='grc' dir='ltr'>ἐπει-</span> 
     </span>
    </p>
   </div>
   <div class='ocr_carea' id='block_1_116' title="bbox 2203 5362 3774 5435">
    <p class='ocr_par' dir='ltr' id='par_1_116' title="bbox 2203 5362 3774 5435">
     <span class='ocr_line' id='line_1_117' title="bbox 2203 5362 3774 5435; baseline 0.001 -20"><span class='ocrx_word' id='word_1_813' title='bbox 2203 5363 2370 5434; x_wconf 82' lang='grc' dir='ltr'>ρῶντό</span> <span class='ocrx_word' id='word_1_814' title='bbox 2414 5379 2557 5428; x_wconf 87' lang='grc' dir='ltr'>τινες</span> <span class='ocrx_word' id='word_1_815' title='bbox 2594 5362 2872 5432; x_wconf 83' lang='grc' dir='ltr'>ἀπατῆσαι</span> <span class='ocrx_word' id='word_1_816' title='bbox 2904 5363 3230 5433; x_wconf 70' lang='grc' dir='ltr'>σοφίσμασιν</span> <span class='ocrx_word' id='word_1_817' title='bbox 3272 5362 3597 5435; x_wconf 83' lang='grc' dir='ltr'>Ἑλληνικοῖς</span> <span class='ocrx_word' id='word_1_818' title='bbox 3622 5364 3774 5416; x_wconf 84' lang='grc' dir='ltr'><strong>κατά</strong></span> 
     </span>
    </p>
   </div>
   <div class='ocr_carea' id='block_1_117' title="bbox 2198 5454 3821 5528">
    <p class='ocr_par' dir='ltr' id='par_1_117' title="bbox 2198 5454 3821 5528">
     <span class='ocr_line' id='line_1_118' title="bbox 2198 5454 3821 5528; baseline -0.013 -4"><span class='ocrx_word' id='word_1_819' title='bbox 2198 5457 2297 5527; x_wconf 81' lang='grc' dir='ltr'><strong>τῆς</strong></span> <span class='ocrx_word' id='word_1_820' title='bbox 2329 5458 2409 5519; x_wconf 76' lang='grc' dir='ltr'><strong>εἰς</strong></span> <span class='ocrx_word' id='word_1_821' title='bbox 2451 5456 2541 5510; x_wconf 83' lang='grc' dir='ltr'><strong>τὸν</strong></span> <span class='ocrx_word' id='word_1_822' title='bbox 2584 5456 2817 5528; x_wconf 83' lang='grc' dir='ltr'>Χριστὸν</span> <span class='ocrx_word' id='word_1_823' title='bbox 2862 5455 3116 5521; x_wconf 87' lang='grc' dir='ltr'>πίστεως,</span> <span class='ocrx_word' id='word_1_824' title='bbox 3153 5456 3246 5509; x_wconf 79' lang='grc' dir='ltr'><strong>καὶ</strong></span> <span class='ocrx_word' id='word_1_825' title='bbox 3280 5455 3545 5526; x_wconf 76' lang='grc' dir='ltr'>περὶτῶν</span> <span class='ocrx_word' id='word_1_826' title='bbox 3596 5455 3657 5507; x_wconf 86' lang='grc' dir='ltr'><strong>ἐν</strong></span> <span class='ocrx_word' id='word_1_827' title='bbox 3689 5454 3773 5524; x_wconf 76' lang='grc' dir='ltr'>τῷ</span> <span class='ocrx_word' id='word_1_828' title='bbox 3815 5476 3821 5480; x_wconf 90' lang='grc'><strong>·</strong></span> 
     </span>
    </p>
   </div>
   <div class='ocr_carea' id='block_1_118' title="bbox 2201 5546 3770 5620">
    <p class='ocr_par' dir='ltr' id='par_1_118' title="bbox 2201 5546 3770 5620">
     <span class='ocr_line' id='line_1_119' title="bbox 2201 5546 3770 5620; baseline -0.001 -19"><span class='ocrx_word' id='word_1_829' title='bbox 2201 5547 2346 5617; x_wconf 70' lang='grc' dir='ltr'>νόμῳ</span> <span class='ocrx_word' id='word_1_830' title='bbox 2380 5547 2702 5619; x_wconf 82' lang='grc' dir='ltr'>βρωμάτων,</span> <span class='ocrx_word' id='word_1_831' title='bbox 2742 5548 2833 5602; x_wconf 71' lang='grc' dir='ltr'><strong>καὶ</strong></span> <span class='ocrx_word' id='word_1_832' title='bbox 2879 5548 2977 5620; x_wconf 83' lang='grc' dir='ltr'><strong>τῆς</strong></span> <span class='ocrx_word' id='word_1_833' title='bbox 3020 5549 3337 5620; x_wconf 80' lang='grc' dir='ltr'>περιτομῆς.</span> <span class='ocrx_word' id='word_1_834' title='bbox 3371 5546 3555 5603; x_wconf 82' lang='grc' dir='ltr'>Ταῦτα</span> <span class='ocrx_word' id='word_1_835' title='bbox 3586 5546 3770 5601; x_wconf 89' lang='grc' dir='ltr'>τοίνυν</span> 
     </span>
    </p>
   </div>
   <div class='ocr_carea' id='block_1_119' title="bbox 3685 142 3808 197">
    <p class='ocr_par' dir='ltr' id='par_1_119' title="bbox 3685 142 3808 197">
     <span class='ocr_line' id='line_1_120' title="bbox 3685 142 3808 197; baseline 0 0"><span class='ocrx_word' id='word_1_836' title='bbox 3685 142 3808 197; x_wconf 70' lang='grc'><strong>4⁵20</strong></span> 
     </span>
    </p>
   </div>
  </div>
