3880 6186
121 204 232 261 421

1205 204 1538 262 SYNOPSIS
1578 203 1996 263 SCRIPTURE
2034 202 2312 259 SACRE.

3298 207 3406 263 422

130 318 328 391 μαθὼν
373 321 404 372 ὁ
442 318 778 383 ’Ᾱπύστολος,
827 317 1028 390 γράφει
1072 317 1170 388 τὴν
1187 318 1506 391 Ἐπιστολὴν
1544 320 1729 384 αὐτοῖς

1833 315 2128 388 Apostolus
2154 359 2170 383 ,
2223 317 2368 370 hanc
2417 314 2524 371 illis
2562 313 2860 388 Epistolam
2908 316 3215 376 instruendi
3247 323 3409 379 modo

125 412 362 482 ταύτην,
397 410 588 483 ὥσπερ
612 412 1006 482 κατηχητικὴν.
1040 412 1149 463 Kal
1173 411 1387 482 πρῶτον
1426 412 1523 483 μὲν
1550 413 1714 483 εὐχα-
1744 444 1753 452 ί

129 502 339 575 ριστῶν
365 501 445 574 τῷ
488 502 630 573 Θεῷ,
678 502 932 575 σημαίνει
974 501 1083 555 ἀπὸ
1126 501 1220 555 τοῦ
1252 502 1477 568 σκότους
1520 502 1715 566 αὐτοὺς

134 594 575 664 μεταϐεϐηκέναι
617 596 696 658 είς
737 593 797 647 τὺ
847 593 963 663 φῶς
1000 594 1100 663 τῆς
1140 592 1416 664 ἀληθείας,
1441 595 1536 648 καὶ
1575 595 1654 647 ὃτι
1687 597 1716 648 ὁ

127 686 390 757 Χριστὸς,
417 688 498 749 είς
527 684 585 739 ὃν
610 685 955 751 ἐπίστευσαν,
985 684 1148 738 εἰκών
1175 687 1293 738 ἐστι
1318 685 1413 738 τοῦ
1441 684 1597 750 Θεοῦ,
1626 683 1716 738 καὶ

129 777 333 845 Λόγος,
361 777 429 830 δι’
448 769 510 830 οὗ
541 776 612 830 τὰ
646 776 823 831 πάντα
845 777 1036 846 γέγονε
1056 793 1070 804 °
1103 776 1196 830 καὶ
1222 777 1302 830 ὅτι
1337 776 1575 849 ἔπρεπεν
1621 778 1718 830 αὐ-

126 869 225 922 τὸν
257 869 592 940 δημιουργὸν
639 868 765 921 ὄντα
816 867 1067 937 γενέσθαι
1112 868 1206 922 καὶ
1246 868 1586 939 πρωτότοκον
1618 869 1717 940 τῆς

131 961 376 1024 κτίσεως
407 961 501 1014 καὶ
522 960 865 1032 πρωτότοκον
914 961 980 1014 ὲκ
1001 959 1110 1014 τῶν
1138 959 1385 1033 νεκρῶν,.
1404 960 1490 1014 ἵνα
1521 961 1589 1014 τὰ
1614 961 1719 1031 ἀμ-

128 1053 347 1123 φότερα
371 1052 605 1123 συνάψῃ,
627 1051 720 1105 καὶ
744 1050 1057 1126 ζωοποιήσῃ
1084 1051 1154 1105 τά
1175 1052 1370 1106 πάντα.
1415 1052 1719 1125 Προτρέπει

125 1161 194 1196 τε
238 1142 442 1205 αὐτοὺς
474 1142 731 1212 ἐμμένειν
762 1143 827 1212 τῇ
858 1141 1061 1205 πίστει,
1106 1141 1408 1211 σημαίνων,
1436 1142 1518 1194 ὅτι
1560 1142 1721 1205 αὐτὸς

128 1234 355 1297 Παῦλος
380 1233 625 1297 διάκονός
652 1234 768 1286 ἐστι
822 1232 916 1286 τοῦ
941 1232 1295 1301 Εύαγγελίου,
1325 1234 1382 1287 ἐν
1408 1226 1452 1301 ᾧ
1468 1235 1724 1304 ⁴κατηχή-

130 1323 313 1393 θησαν
332 1339 346 1353 ο
379 1320 500 1376 εἶτα
526 1323 582 1375 δὲ
622 1323 716 1376 καὶ
749 1323 875 1394 περὶ
906 1321 999 1374 τοῦ
1029 1322 1193 1394 νόμου
1223 1324 1317 1377 καὶ
1347 1323 1456 1376 τῶν
1489 1326 1547 1377 ὲν
1575 1323 1722 1394 αὐτῷ

132 1415 450 1486 βρωμάτων
486 1414 865 1486 διαλαμϐάνει,
898 1414 991 1466 καὶ
1026 1414 1155 1485 περὶ
1178 1414 1401 1487 ἡμερῶν
1427 1416 1521 1469 καὶ
1553 1416 1726 1469 ἐνιαυ-

131 1507 269 1572 τῶν,
299 1507 339 1561 ἃ.
366 1505 660 1577 ἐξηγεῖται,
685 1510 780 1561 καὶ
808 1508 1183 1562 ἀποδείκνυσιν
1208 1507 1507 1581 ἡργηκέναι
1538 1507 1724 1561 λοιπὸν

134 1599 327 1653 πάντα
374 1597 444 1652 τά
486 1598 688 1651 παλαιά
727 1600 820 1652 καὶ
853 1600 951 1670 τὴν
995 1600 1331 1671 περιτομήν·
1372 1598 1725 1670 συμϐουλεύει

1822 409 2031 465 scribit.
2062 408 2127 463 Et
2148 408 2422 479 principio
2442 409 2648 479 gratias
2670 424 2837 481 agens
2861 408 2992 478 Deo,
3015 412 3288 484 signiﬁcat
3310 430 3409 470 eos
3466 475 3474 483 ,

1821 508 1852 556 e
1880 500 2121 557 tenebris
2180 501 2248 554 ad
2304 500 2557 557 veritatis
2595 501 2773 556 lucem
2824 517 2947 559 esse
2977 506 3277 563 translatos
3303 548 3317 571 ,
3357 514 3415 562 et

1823 595 1969 667 quod
1988 594 2264 660 Christus,
2288 594 2345 649 in
2374 609 2536 666 quem
2557 595 2942 664 crediderant,
2975 598 3157 670 imago
3189 599 3289 657 Dei
3316 603 3408 668 sit,

1822 695 1877 741 et
1899 684 2138 741 Verbum
2169 701 2266 757 per
2308 686 2455 757 quod
2484 687 2668 741 omnia
2698 686 2843 742 facta
2874 696 3026 756 sunt,
3054 698 3109 746 et
3141 692 3288 761 quod
3320 692 3415 748 de-

1825 776 2289 847 cueriteum,qui
2339 792 2521 832 rerum
2578 784 2664 833 est
2719 777 2940 848 opifex,
2990 781 3411 852 primogenitum

1825 870 1947 925 ﬁeri
2005 879 2275 926 creaturae
2307 912 2322 938 ,
2377 879 2430 927 et
2480 871 2911 943 primogenitum
2977 890 3047 930 ex
3125 880 3413 947 mortuis;

1825 967 1888 1014 ut
1941 969 2175 1032 utraque
2231 960 2611 1032 conjungeret,
2648 971 2703 1017 et
2734 965 2921 1019 omnia
2953 964 3276 1024 viviﬁcaret.
3306 969 3418 1023 Ad—

1826 1053 2081 1108 hortatur
2116 1053 2280 1108 etiam
2332 1068 2449 1118 eos,
2505 1059 2565 1107 ut
2619 1053 2673 1107 in
2701 1054 2808 1111 fide
2871 1057 3192 1127 persistant,
3247 1059 3419 1131 signi-

1829 1146 2000 1203 ficans
2045 1146 2125 1202 eis
2175 1162 2235 1202 se
2283 1144 2512 1202 Paulum
2545 1163 2669 1203 esse
2736 1149 3055 1205 ministrum
3097 1151 3413 1223 Evangelii,
3460 1198 3465 1206 .

1828 1237 1884 1292 in
1909 1252 2016 1307 quo
2039 1237 2296 1292 instructi
2319 1237 2432 1307 jam
2463 1247 2641 1293 erant.
2676 1237 2885 1294 Deinde
2912 1240 2979 1295 de
3004 1239 3143 1310 lege,
3170 1247 3225 1295 et
3244 1241 3313 1296 dc
3337 1241 3420 1296 ci-

1828 1329 1915 1384 bis
1945 1329 2001 1383 in
2025 1328 2145 1401 lege
2172 1330 2493 1386 memoratis
2521 1330 2799 1401 diSputat,
2832 1331 2901 1386 de
2932 1331 3129 1387 diebus
3158 1332 3325 1387 etiam
3361 1342 3420 1390 et

1832 1423 1991 1478 annis
2025 1422 2268 1492 exponit,
2303 1432 2356 1477 et
2385 1420 2644 1493 deinceps
2674 1430 2859 1476 vetera
2884 1423 3090 1489 omnia,
3123 1425 3420 1481 circumci-

1833 1515 2041 1570 siouem
2073 1529 2327 1585 quoque,
2381 1514 2581 1569 abolita
2637 1529 2758 1569 esse
2797 1513 3060 1570 declarat.
3086 1515 3292 1571 Auctor
3334 1526 3419 1573 est

1832 1608 1996 1664 etiam
2019 1646 2035 1672 ,
2060 1622 2130 1662 ne
2158 1606 2338 1677 decipi
2360 1622 2418 1663 se
2440 1608 2625 1663 sinant
2647 1623 2677 1661 a
2704 1608 2991 1679 sophistis,
3026 1609 3206 1680 iisque
3232 1611 3325 1681 qui
3358 1627 3420 1668 se

130 1707 197 1743 τε
243 1691 450 1752 αὐτοὺς
482 1688 557 1760 μὴ
587 1688 888 1744 πλανᾶσθαι
920 1689 1028 1742 ἀπὸ
1059 1688 1166 1742 τῶν
1208 1687 1597 1759 σοφιζομένων,
1631 1687 1727 1741 καὶ

1837 1696 2141 1752 subornare
2169 1697 2393 1752 vellent.
2426 1694 2670 1751 Tandem
2695 1697 2947 1754 hortatus
2969 1708 3247 1769 parentes,
3279 1699 3418 1755 libe-

135 1780 354 1851 πλανᾷν
408 1782 605 1844 αὐτοὺς
652 1780 933 1835 θελόντων.
985 1780 1097 1834 Kal
1146 1779 1330 1832 λοιπὸν
1389 1779 1723 1851 παραινέσας

133 1873 423 1928 κάνταῦθα
455 1873 671 1943 γονεῦσι
700 1875 793 1927 xal
818 1874 1051 1938 τέκνοις,
1093 1874 1189 1927 καὶ
1222 1872 1467 1943 ἀνδράσι,
1511 1872 1606 1925 καὶ
1635 1888 1732 1940 γυ-

133 1965 307 2032 ναιῇ,
343 1964 553 2029 δούλοις
597 1966 690 2019 καὶ
732 1966 963 2034 κυρίοις,
995 1965 1089 2019 καὶ
1113 1965 1182 2018 τὰ
1223 1963 1358 2017 ἄλλα
1397 1962 1465 2017 τά
1497 1963 1635 2035 πρὸς
1664 1962 1733 2016 τὰ

132 2058 244 2129 ἤθη
277 2058 706 2128 συμϐουλεύσας,
734 2060 930 2112 τελειοῖ
942 2058 1040 2128 τὴν
1056 2055 1392 2128 Ἐπιστολὴν.
1416 2055 1736 2127 Παραγγέλ-

134 2151 219 2203 λει
251 2151 439 2221 μέντοι
468 2153 685 2216 αὐτοὺς,
723 2153 831 2216 ἵνα,
868 2152 995 2205 ὅταν
1030 2149 1355 2221 ἀναγνωσθῇ
1390 2149 1521 2220 παρ’
1554 2149 1737 2212 αὐτοῖς

134 2247 169 2314 ἡ
201 2244 520 2317 Ἐπιστολὴ,
542 2246 809 2317 ποιήσωσι
835 2245 929 2298 καὶ
950 2244 1008 2297 ὲν
1026 2246 1093 2315 τῇ
1119 2241 1425 2297 Λαοδικέων
1440 2239 1733 2312 Ἐκκλησία

1828 1804 1945 1855 ros,
1970 1789 2141 1855 viros,
2180 1789 2474 1853 mulieres,
2530 1797 2718 1845 servas
2770 1795 2824 1845 et
2854 1790 3143 1857 dominos,
3201 1798 3256 1846 et
3313 1791 3420 1846 alia

1828 1887 1950 1943 quae
1970 1871 2143 1927 bonos
2162 1887 2344 1928 mores
2370 1882 2710 1929 concernunt
2741 1873 2983 1939 locutus,
3021 1873 3326 1944 Epistolam
3358 1874 3420 1928 li-

1831 1966 1935 2019 nit.
1970 1963 2268 2018 Denuntiat
2296 1964 2462 2019 etiam
2493 1964 2622 2031 illis,
2646 1974 2708 2019 ut
2734 1972 3094 2036 posteaquam
3125 1966 3269 2037 apud
3294 1966 3420 2021 illos

1832 2057 1972 2112 lecta
1996 2054 2161 2111 fuerit
2189 2054 2454 2126 Epistola,
2495 2067 2710 2122 curent,
2742 2064 2801 2112 ut
2834 2063 2889 2112 et
2914 2058 2972 2112 in
2995 2056 3244 2114 Ecclesia
3275 2057 3419 2112 Lao-

1836 2146 2047 2202 dicensi
2097 2147 2342 2218 legatur,
2383 2154 2439 2202 et
2491 2157 2549 2203 ut
2576 2148 2822 2204 vicissim
2852 2164 2973 2206 eam
3028 2150 3246 2222 legant,
3298 2163 3421 2224 quae

1836 2242 2266 2299 Laodicensibus
2303 2242 2510 2314 scripta
2532 2253 2635 2299 est.

137 2341 315 2413 αὐτὴν
346 2339 792 2410 ἀναγνωσθῆναι·
819 2335 915 2391 καὶ
958 2334 1057 2406 τὴν
1090 2336 1155 2388 ὲκ
1183 2330 1501 2400 Λαοδικείας
1546 2335 1705 2390 πάλιν
1734 2335 1828 2389 καὶ
1860 2335 2058 2398 αὐτοὺς
2084 2333 2391 2404 ἀναγνῶναι

468 2480 698 2550 Ὀγδόη,
732 2478 882 2548 πρὸς
922 2477 1406 2543 Θεσσαλπικεῖς.

215 2616 307 2671 66.
359 2613 576 2685 Ταύτην
634 2613 938 2667 ἐπιστέλλει
993 2614 1101 2667 ἀπὸ
1146 2612 1408 2685 Ἀθηνῶν,
1468 2613 1731 2686 ἑωρακὼς

142 2709 413 2780 πρότερον
458 2705 676 2771 αὐτοὺς,
707 2705 802 2758 καὶ
846 2705 1133 2777 διατρίψας
1180 2707 1310 2775 παρ’
1340 2704 1540 2768 αὐτοῖς.
1579 2705 1641 2757 Ἦ
1672 2705 1731 2758 δὲ

140 2802 427 2874 πρόφασις
471 2799 568 2869 τῆς
584 2797 907 2868 Ἐπιστολῆς
945 2796 1116 2868 αὖτη’
1156 2798 1214 2850 Ὀ
1250 2795 1567 2859 Ἀπόστολος
1608 2794 1729 2850 πολ-

141 2894 243 2958 λὰς
273 2893 487 2962 θλίψεις
512 2890 700 2946 παθὼν
730 2892 787 2944 ἐν
816 2889 1068 2962 Βερῤοίᾳ,
1104 2889 1198 2942 καὶ
1225 2888 1281 2940 ἐν
1313 2885 1599 2949 Φιλίπποις
1628 2885 1728 2957 τῆς

2185 2472 2415 2542 Octava,
2456 2473 2526 2527 ad
2558 2472 3070 2532 Thessalonicensem

1908 2605 1997 2661 66.
2038 2605 2192 2662 Hanc
2225 2606 2394 2661 mittit
2420 2596 2667 2675 Athenis,
2702 2622 2828 2661 cum
2853 2622 2950 2664 eos
2993 2608 3109 2678 jam
3134 2614 3294 2666 antea
3336 2611 3419 2669 vi-

1837 2693 2031 2763 disset,
2059 2705 2113 2754 et
2146 2713 2272 2753 cum
2294 2699 2431 2769 ipsis
2453 2710 2810 2756 conversatus
2840 2709 3007 2757 esset.
3034 2699 3266 2759 Occasio
3290 2718 3419 2759 vero

1832 2791 2077 2861 epistolae
2110 2791 2227 2847 haec
2251 2799 2336 2847 est
2369 2810 2382 2846 :
2411 2792 2547 2847 Cum
2572 2792 2774 2847 multas
2799 2791 3119 2849 alllictiones
3148 2794 3420 2851 Berrham

1832 2897 2126 2952 perpessus
2175 2890 2321 2938 esset
2349 2881 2664 2953 Apostolus,
2688 2882 2955 2954 Philippis
2989 2896 3211 2956 quoque
3241 2885 3420 2943 Mace-

142 2985 513 3048 Ινΐακεδονίας,
559 2982 655 3039 καὶ
686 2984 744 3037 ὲν
785 2982 1055 3054 Κορίνθῳ,
1082 2980 1368 3051 γινώσκων
1395 2998 1455 3034 τε
1499 2980 1599 3033 ὅσα
1628 2978 1726 3032 πέ-

1833 2975 2010 3031 doniae
2059 2982 2115 3031 et
2155 2975 2443 3040 (lorinthi,
2492 2976 2786 3046 sciretque,
2820 2992 2941 3047 quae
2990 2992 3188 3048 passus
3240 2976 3421 3032 fuerat

143 3078 315 3133 πονθε
342 3072 439 3131 καὶ
474 3078 530 3130 ὲν
560 3073 943 3147 Θεσσαλονίκῃ,
974 3072 1136 3143 φοϐού
1146 3090 1326 3144 μενος,
1364 3072 1438 3143 μὴ
1462 3069 1732 3125 ἀκούσαν-

144 3189 238 3234 τες
259 3170 696 3233 Θεσσαλονικεϊς,
719 3168 756 3222 ἃ
780 3165 1044 3222 πέπονθεν
1072 3167 1130 3220 ὲν
1158 3167 1280 3228 ταῖς
1309 3163 1733 3236 προειρημέναις

145 3263 361 3327 πόλεσι,
394 3259 765 3334 πειρασθῶσιν
796 3258 902 3312 ὑπὸ
929 3256 1021 3311 τοῦ
1050 3256 1417 3329 πειράζοντος,
1449 3256 1543 3310 καὶ
1571 3272 1735 3309 σκαν-

142 3355 478 3410 δώισθῶσιο
509 3350 693 3424 μαθὼν
720 3351 779 3406 δὲ
810 3352 892 3405 ὅτι
923 3351 1016 3404 καὶ
1049 3349 1142 3403 ἐπὶ
1176 3351 1291 3412 τοῖς
1329 3347 1732 3419 ἀποθνήσκουσι

144 3444 451 3503 κατὼδυνοι
469 3445 730 3513 ἐγίνοντο,
754 3442 1073 3497 ἀποστέλλει
1093 3432 1356 3512 Τιμόθεον
1381 3440 1514 3513 πρὸς
1538 3441 1734 3504 αὐτοὺς

146 3536 295 3611 μετά
332 3536 436 3606 τῆς
452 3533 773 3603 Ἐπιστολῆς
808 3522 1029 3602 ταύτης.
1070 3529 1182 3584 Kal
1221 3530 1437 3602 πρῶτον
1480 3528 1578 3600 μὲν
1621 3530 1736 3582 ἑπι-

145 3626 403 3701 στηρίζει
444 3625 642 3689 αὐτοὺς
671 3626 729 3677 ἐν
770 3626 836 3696 τῇ
878 3623 1078 3687 πίστει,
1120 3621 1261 3675 ὥστε
1297 3622 1371 3694 μὴ
1413 3620 1732 3675 σαλεύεσθαι

143 3720 237 3775 Gai
266 3721 366 3783 τὰς
409 3717 646 3788 θλίψεις·
682 3716 1087 3787 ὑπομιμνήσκει
1129 3713 1238 3785 γὰρ
1277 3713 1493 3776 αὐτοὺς,
1523 3712 1599 3776 ὡς
1638 3710 1734 3765 καὶ

148 3816 208 3866 ὲν
234 3813 304 3885 τῇ
334 3812 637 3883 κατηχήσει
668 3805 1014 3878 διδαχθέντας
1045 3807 1336 3877 ὑπομένειν
1371 3805 1469 3869 τὰς
1502 3805 1729 3875 θλίψεις,

146 3905 247 3958 καὶ
298 3902 466 3973 μηδὲν
502 3902 651 3966 ξένον
684 3896 880 3963 αὐτοὺς
923 3894 1246 3952 πεπονθέναι
1291 3897 1400 3951 ὑπὸ
1441 3896 1729 3959 Ἰουδαίων,

148 3995 260 4047 τῶν
287 3989 383 4046 καὶ
408 3990 497 4045 τὸν
523 3988 756 4061 Χριστὸν
783 3987 1234 4042 ἀποκτεινάντων.
1258 3985 1596 4058 Χριστιανῶν
1623 3984 1732 4055 γὰρ

152 4087 288 4139 ἴδιον
319 4084 383 4137 τὸ
415 4081 691 4136 θλίϐεσθαι
725 4082 783 4133 ὲν
815 4080 892 4151 τῷ
922 4079 1022 4151 βίῳ
1059 4079 1233 4149 τούτῳ
1263 4077 1436 4147 ἔλεγε.
1466 4077 1642 4130 Πολλά
1675 4076 1732 4129 δὲ

148 4175 492 4247 παραινέσας
535 4170 722 4237 αὐτοῖς
759 4171 932 4237 οὓτως
964 4170 1419 4243 ἀναστρέφεσθαι,
1475 4170 1551 4233 ὡς
1591 4186 1732 4241 παρ-

153 4267 352 4320 έλαϐον
380 4266 475 4319 ἀπ’
507 4262 695 4329 αὐτοῦ,
722 4262 922 4336 γράφει
948 4264 1040 4316 καὶ
1065 4260 1312 4334 περὶτῶν
1334 4258 1729 4324 τελευτώντων,

1834 3067 2257 3134 Thessalonicae,
2291 3070 2520 3134 veritus,
2553 3085 2623 3124 ne
2642 3069 3186 3138 Thessalonicenses,
3214 3070 3418 3127 auditis

1835 3176 1956 3231 qua:
1986 3174 2183 3230 passus
2218 3168 2339 3215 erat
2369 3159 2426 3214 in
2453 3160 2731 3230 praedictis
2760 3161 3100 3226 civitatibus,
3134 3167 3419 3217 tentaren-

1834 3265 1924 3310 tur
1949 3269 1979 3307 a
2007 3259 2278 3309 tentatore
2317 3258 2373 3308 et
2401 3252 2932 3318 scandalizarentur,
2961 3252 3268 3323 praesertim
3289 3267 3418 3308 cum

1834 3346 2194 3403 intellexisset
2225 3359 2321 3400 eos
2351 3350 2696 3401 mortuorum
2721 3345 2895 3416 gratia
2932 3345 3167 3399 multum
3196 3343 3415 3414 lugere,

1832 3438 1985 3494 misit
2014 3438 2084 3492 ad
2119 3452 2217 3493 eos
2245 3435 2591 3491 Timotheum
2621 3451 2748 3491 cum
2784 3436 2889 3490 hac
2911 3432 3179 3505 Epistola.
3210 3434 3277 3493 Et
3302 3439 3419 3508 pri-

1833 3547 1981 3586 mum
2004 3529 2294 3585 conﬁrmat
2322 3544 2419 3585 eos
2469 3529 2527 3583 in
2558 3528 2696 3594 lide,
2737 3543 2807 3584 ne
2836 3537 3064 3600 propter
3092 3528 3418 3585 aﬂlictiones

1833 3623 2236 3678 concutiantur.
2254 3619 2686 3677 Commonefacit
2702 3621 2847 3676 enim
2863 3621 3263 3692 eos,quomodo
3283 3629 3338 3677 et
3359 3623 3418 3678 in

1832 3714 2369 3787 primainstitutione
2399 3714 2725 3778 didicerant,
2752 3712 3010 3771 ferendas
3036 3729 3158 3770 esse
3191 3710 3417 3770 tribula-

1832 3809 2032 3871 tiones,
2057 3814 2112 3863 et
2133 3806 2279 3878 quod
2307 3807 2551 3863 insolens
2571 3820 2683 3860 non
2711 3805 2805 3871 sit,
2828 3805 2976 3875 quod
3001 3807 3150 3876 passi
3173 3815 3416 3863 essenta

1831 3898 2057 3964 Judacis,
2088 3900 2183 3969 qui
2208 3900 2371 3953 etiam
2393 3898 2675 3954 Christum
2711 3898 3054 3955 occiderunt.
3101 3899 3238 3956 Esse
3266 3900 3414 3955 enim

1837 3993 1989 4064 15],
2023 3991 2304 4061 proprium
2339 3989 2778 4049 Christianorum
2821 3990 2983 4062 allligi
3019 3991 3077 4045 in
3126 3991 3230 4045 hac
3277 3992 3410 4046 vita.

1832 4081 2091 4137 Hortalus
2119 4090 2301 4138 autem
2338 4096 2435 4137 eos
2462 4081 2682 4146 multis,
2717 4089 2779 4135 ut
2829 4083 2904 4136 ita
2956 4092 3415 4137 conversarentur

1833 4174 1996 4229 sicuti
2033 4173 2101 4227 ab
2123 4173 2245 4244 ipso
2268 4181 2609 4244 acceperant,
2642 4172 2710 4228 de
2737 4173 2973 4230 mortuis
3003 4175 3168 4229 etiam
3198 4174 3411 4238 scribit,

1834 4266 2130 4321 consolans
2159 4280 2256 4321 eos
2291 4280 2355 4321 ac
2384 4266 2620 4330 docens,
2650 4281 2719 4322 ne
2763 4265 2992 4323 moleste
3032 4265 3231 4322 ferant.
3265 4266 3413 4321 Mor-

153 4353 655 4428 παραμυθούμενος
694 4353 890 4415 αὐτοὺς
927 4353 1021 4406 καὶ
1065 4352 1348 4417 διδάσκων,
1397 4351 1471 4422 μὴ
1520 4350 1729 4421 βαρέως

1833 4365 1943 4412 tem
1976 4358 2121 4414 enim
2156 4374 2270 4414 non
2299 4373 2422 4415 esse
2460 4358 2841 4429 perditionem,
2868 4358 2963 4414 sed
2992 4358 3134 4413 viam
3165 4374 3414 4415 resurre-

151 4449 366 4520 φέρειν.
390 4448 463 4501 Οὐ
488 4446 596 4516 γὰρ
625 4438 764 4499 εἶναι
788 4444 877 4499 τὸν
904 4443 1131 4498 θάνατον
1153 4440 1447 4505 ἀπώλειαν,
1476 4441 1588 4494 ἀλλ’
1614 4441 1732 4494 ὁδὸν

150 4540 532 4602 ἀναστάσεως.
582 4536 813 4590 Ἔπειτα
855 4536 950 4589 καὶ
983 4534 1112 4605 περὶ
1143 4533 1252 4586 τῶν
1295 4533 1502 4605 χρόνων
1538 4532 1735 4595 αὐτοὺς

149 4634 420 4697 διδάσκει,
463 4631 554 4694 ἵν’,
599 4628 790 4701 ἄδηλον
827 4627 927 4698 τὴν
972 4626 1184 4698 ἡμέραν
1223 4624 1601 4694 γινώσκοντες,
1649 4618 1735 4677 ἀεὶ

149 4729 365 4797 ’ἕτοιμοι
397 4725 677 4792 γίνωνται.
705 4720 799 4775 καὶ
824 4718 1012 4791 μηδενὶ
1036 4718 1375 4791 προσέχωσιν
1407 4717 1735 4786 ἐπαγγελλοο

157 4818 311 4889 μένῳ
354 4814 486 4885 περὶ
523 4813 714 4884 αὐτῆς.
749 4808 1007 4865 Ἕσεσθαι
1075 4810 1180 4882 γάρ
1220 4826 1353 4880 φησι
1391 4807 1490 4881 τὴν
1535 4825 1737 4880 παρου-

156 4910 285 4963 σίαν
317 4907 513 4970 οὕτως,
555 4903 695 4958 ὥστε
730 4904 857 4966 τοὺς
899 4899 1400 4973 περιλειπομένους,
1446 4901 1541 4953 καὶ
1583 4897 1735 4972 εὑρι-

157 4999 463 5071 σκομένους
494 4996 554 5051 ἐν
592 4999 660 5067 τῇ
699 4994 884 5067 ἡμέρᾳ
914 4995 1119 5066 ἐκείνῃ,
1165 4993 1239 5064 μὴ
1268 4992 1489 5062 φθάνειν
1517 4994 1642 5056 τοὺς
1673 4993 1738 5045 ὲκ

157 5092 375 5164 νεκρῶν
414 5086 816 5162 ἐγειρομένους.
858 5086 1010 5157 ’Ἅμα
1049 5086 1159 5154 γάρ
1192 5083 1435 5153 γίνεσθαι
1473 5084 1571 5156 τὴν
1602 5083 1738 5138 πάν-

148 5202 271 5239 των
296 5181 534 5253 ἀλλαγὴν
564 5179 822 5234 διδάσκει.
854 5179 998 5248 Πρὸς
1025 5177 1252 5241 τούτοις,
1285 5177 1604 5249 προτρέπων
1642 5178 1740 5231 αὺ-

158 5278 292 5337 τοῦς
332 5269 672 5343 βελτιοῦσθαι
700 5272 758 5323 ὲν
784 5273 893 5333 τοῖς
932 5268 1111 5340 ἤθεσι,
1147 5270 1399 5338 παραινεί
1426 5267 1511 5320 ἀεὶ
1554 5267 1736 5332 αὐτοῖς

160 5369 259 5422 καὶ
298 5366 511 5439 χαίρειν
554 5366 623 5435 τῇ
661 5362 856 5427 ἑλπίδι,
884 5363 978 5415 καὶ
1001 5358 1418 5433 προσεύχεσθαι,
1450 5358 1544 5412 καὶ
1572 5360 1735 5430 εύχα-

163 5456 371 5527 ριστείν
400 5453 486 5506 ἀεὶ
513 5451 594 5523 τῷ
632 5451 841 5522 Κυρίῳ,
871 5449 1160 5521 ὲνορκίζων
1203 5448 1398 5511 αὐτοὺς
1430 5448 1738 5515 ἀναγνῶναι

158 5546 264 5616 τὴν
277 5543 597 5617 Ἐπιστολὴν
628 5542 829 5615 ταύτην
854 5544 983 5597 πᾶσι
1010 5543 1121 5605 τοῖς
1147 5538 1412 5609 ἀδελφοῖς,
1443 5540 1536 5592 καὶ
1567 5539 1739 5605 οὕτως

157 5637 335 5711 αὐτὴν
360 5637 569 5692 τελειοί.

1833 4451 2053 4506 ctionis.
2090 4448 2296 4506 Deinde
2323 4460 2377 4505 et
2423 4449 2491 4505 de
2540 4450 2882 4520 temporibus
2932 4465 3029 4507 eos
3060 4450 3288 4515 edocet,
3355 4462 3416 4507 ut

1833 4541 1976 4597 diem
2000 4541 2213 4596 Domini
2242 4542 2515 4597 occultum
2542 4556 2664 4597 esse
2697 4542 2951 4609 scientes,
3000 4559 3213 4614 semper
3236 4545 3413 4615 parati

1835 4635 1967 4699 sint,
2000 4649 2104 4690 nec
2132 4648 2466 4705 quemquam
2489 4632 2772 4688 attendant
2794 4632 2863 4690 de
2890 4634 2986 4688 illo
3015 4634 3360 4691 nuntiantem
3393 4654 3408 4691 :

1835 4725 2078 4781 futurum
2106 4725 2251 4781 enim
2279 4724 2354 4781 ita
2386 4725 2495 4781 illis
2543 4724 2856 4792 adventum,
2887 4732 2948 4780 ut
2975 4727 3068 4797 qui
3097 4727 3301 4783 residui
3327 4729 3412 4782 in-

1834 4817 2122 4873 venientur
2150 4817 2208 4871 in
2230 4832 2297 4871 co
2324 4815 2431 4882 die,
2456 4831 2563 4870 non
2600 4816 2711 4872 sint
2729 4816 3058 4887 prazventuri
3081 4832 3199 4877 eos,
3229 4818 3323 4886 qui
3344 4834 3413 4873 ex

1835 4909 2070 4966 mortuis
2097 4909 2504 4973 excitabuntur,
2533 4923 2597 4963 eo
2616 4907 2762 4978 quod
2787 4908 2949 4963 simul
2979 4922 3044 4962 ac
3082 4908 3264 4963 subito
3293 4923 3412 4962 om-

1836 5003 1987 5057 nium
2043 5002 2115 5056 sit
2148 5001 2329 5056 futura
2383 5001 2632 5057 mutatio.
2694 5000 2934 5071 Denique
2983 4998 3076 5054 ubi
3128 4998 3413 5054 admonuit

1839 5111 1954 5161 eos,
1987 5103 2048 5150 ut
2074 5094 2326 5149 meliores
2360 5094 2607 5149 moribus
2639 5093 2893 5161 evadant,
2929 5092 3181 5147 hortatur
3219 5094 3409 5156 etiam,

1838 5191 1898 5239 ut
1926 5198 2142 5253 semper
2177 5182 2231 5235 in
2266 5196 2363 5252 spe
2385 5179 2679 5252 gaudeant,
2710 5187 2764 5235 et
2796 5179 3096 5250 precationi
3128 5179 3406 5241 insistant,

1839 5292 1904 5349 ac
1944 5283 2206 5346 perpetuo
2235 5274 2442 5344 gratias
2492 5280 2655 5344 agant
2692 5271 2940 5327 Domino.
2981 5269 3222 5325 Tandem
3253 5269 3411 5340 adju-

1839 5377 1926 5423 rat
1972 5383 2089 5432 eos,
2120 5373 2181 5421 ut
2212 5365 2510 5436 Epistolam
2571 5365 2714 5419 hanc
2746 5363 3006 5419 fratribus
3036 5361 3289 5419 omnibus
3328 5362 3408 5421 le-

1839 5467 1989 5531 gant,
2019 5466 2181 5529 atque
2211 5457 2358 5512 illam
2389 5456 2524 5510 ﬁnit.
