3880 6186
518 220 626 276 425

803 334 982 399 Νοηα,
1024 336 1147 391 item
1184 335 1253 390 ad
1295 335 1798 394 Thcssalonicenses.

588 451 677 507 67.
719 448 871 505 lianc
899 450 1070 507 Roma
1107 451 1293 506 mittit.
1329 449 1560 506 Occasio
1594 461 1776 507 autem
1816 452 1938 521 cjns
1968 452 2094 507 talis

519 551 647 599 est:
691 543 1097 612 Thessalonica:
1169 543 1389 614 quidam
1435 542 1597 597 otiosi
1661 550 1716 596 ct
1787 543 2097 599 inordinate

518 633 765 689 viventes
789 632 1175 693 circumibant,
1197 648 1261 686 ac
1286 631 1489 686 fratres
1515 630 1851 687 seducebant
1890 650 1903 686 :
1937 633 2095 702 quasi

513 726 629 796 jam
678 733 795 780 tum
847 724 1114 780 adventus
1167 724 1383 779 Domini
1440 726 1691 778 instaret.
1749 723 2097 779 Seducebant

519 826 699 872 autem
744 815 1020 872 auditores
1076 818 1230 887 quasi
1278 816 1539 886 Apostolo
1593 815 1647 869 id
1688 815 2092 878 manifestantc,

518 918 574 964 et
633 910 700 964 ab
745 910 865 980 ipso
924 909 1128 979 Spiritu
1181 919 1373 964 sancto
1438 908 1746 964 audissent.
1794 908 1953 975 Quod
2001 908 2117 977 ubi,

518 1003 771 1074 cognovit
793 1002 1107 1073 Apostolus,
1142 1003 1283 1057 hanc
1313 1002 1380 1056 ad
1409 1017 1503 1057 eos
1535 1000 1833 1072 Epistolam
1855 1001 2094 1072 scripsit.

519 1094 587 1149 Et
616 1097 851 1167 primum
884 1095 1102 1166 quidem
1142 1106 1483 1151 crescentem
1530 1109 1720 1149 eorum
1769 1094 1930 1148 ﬁdem
1972 1095 2095 1148 lauo

519 1186 634 1253 dat,
664 1194 717 1242 et
759 1188 1025 1259 gloriatur
1056 1188 1112 1241 in
1155 1187 1313 1257 ipsis,
1347 1186 1491 1257 quod
1534 1186 1854 1242 atllictiones
1882 1185 2096 1242 fortiter

521 1279 826 1334 tolerabant
857 1290 1076 1350 pr0pter
1103 1278 1381 1332 Christum
1412 1297 1426 1333 :
1452 1280 1768 1333 consolatur
1790 1293 1883 1334 eos
1906 1279 2091 1345 etiam,

517 1370 665 1442 quod
702 1371 887 1426 futura
934 1372 1006 1425 sit
1034 1386 1064 1423 a
1096 1370 1205 1425 Deo
1252 1371 1388 1425 ultio
1425 1387 1653 1438 eorum,
1686 1386 1716 1425 a
1749 1371 1948 1442 quibus
1993 1371 2097 1425 im-

516 1464 712 1517 merito
760 1463 1160 1531 aflligcbantur.
1216 1461 1423 1518 Deinde
1469 1478 1602 1518 vero
1649 1471 1702 1518 et
1744 1463 1812 1517 de
1856 1462 2095 1517 adventu

519 1554 820 1611 Salvatoris
863 1571 957 1610 eos
1004 1555 1217 1619 edocet,
1254 1570 1324 1611 ne
1365 1556 1621 1625 cuiquam
1667 1555 1914 1618 credant,
1959 1571 2095 1611 neve

513 1647 825 1712 turbentur,
859 1649 973 1703 sivc
1000 1663 1094 1717 per
1120 1646 1410 1717 Spiritum,
1438 1648 1553 1702 sive
1582 1655 1839 1717 tanquam
1880 1649 1997 1717 ipse
2029 1662 2092 1703 ca

513 1740 581 1796 de
614 1756 674 1796 re
717 1739 1034 1810 scripserit;
1068 1754 1169 1795 nec
1219 1740 1332 1795 ullo
1371 1739 1533 1794 modo
1572 1746 1786 1809 putent,
1828 1754 1949 1794 cam
1980 1739 2090 1809 jam

512 1832 742 1898 instare,
806 1839 901 1886 aut
958 1831 1201 1886 futuram
1264 1847 1419 1898 esse,
1474 1831 1795 1902 priusquam
1853 1830 2090 1886 defectio

513 1926 715 1988 veniat,
759 1933 814 1980 et
858 1933 983 1995 post
1032 1925 1173 1979 hanc
1222 1923 1617 1988 Antichristus,
1666 1924 1810 1979 filius
1836 1922 1927 1979 ille
1966 1939 2092 1993 per—

510 2018 756 2081 ditionis,
816 2017 974 2086 cujus
1018 2016 1307 2071 adventum
1352 2017 1408 2071 in
1465 2016 1638 2087 signis
1699 2030 1766 2068 ac
1825 2015 2088 2084 prodigiis

510 2110 868 2166 mendacibus
921 2109 1225 2165 secundum
1274 2108 1648 2179 operationem
1691 2106 1908 2163 Satame
1943 2107 2093 2161 futu-

514 2218 635 2256 rnm
677 2216 802 2256 esse
851 2201 1143 2270 signiﬁcat.
1195 2198 1397 2254 Postea
1455 2198 1779 2255 adhortatus
1840 2214 1971 2265 eos,
2031 2206 2093 2253 ut

512 2294 726 2349 fortiter
748 2292 1063 2364 persistant,
1095 2303 1148 2345 et
1179 2291 1525 2356 traditiones,
1557 2306 1696 2360 quas
1733 2306 1762 2344 a
1794 2307 1853 2346 se
1885 2290 2092 2345 didice-

509 2396 655 2452 rant,
687 2390 925 2449 servent,
955 2382 1242 2437 denuntiat
1271 2383 1377 2437 illis
1432 2398 1503 2437 ne
1532 2398 1697 2453 quam
1721 2398 1845 2436 cum
1876 2384 1967 2447 iis,
1995 2382 2090 2452 qui

510 2476 815 2536 inordinate
857 2474 1134 2542 vivebant,
1188 2472 1631 2530 communionem
1684 2472 1943 2537 habeant,
1994 2472 2090 2527 sed

507 2567 685 2640 magis
733 2566 1021 2638 repudient
1072 2580 1190 2620 eos.
1253 2563 1503 2619 Declarat
1566 2563 1713 2619 enim
1772 2563 2088 2634 hujusmodi

508 2660 761 2716 curiosos
802 2674 924 2715 esse
968 2666 1022 2713 et
1053 2672 1301 2713 errones.
1341 2655 1577 2711 Prorsus
1616 2664 1799 2710 autem
1841 2656 2088 2725 praecipit

506 2753 610 2817 eis,
655 2758 716 2804 ut
761 2750 808 2806 si
848 2750 973 2820 quis
1020 2747 1366 2804 sermonibus
1410 2748 1526 2803 suis
1570 2747 1948 2817 immorigerus
1992 2749 2084 2812 sit,

509 2843 654 2898 hunc
706 2858 738 2897 e
792 2855 1068 2914 synagoga
1114 2840 1356 2909 ejiciant.
1414 2839 1678 2894 Cancrum
1728 2854 1917 2909 pacem
1979 2841 2085 2895 illis

506 2941 859 3004 apprecatus,
923 2931 1040 2985 finit
1092 2931 1423 3000 Epistolam,
1486 2930 1811 2987 salutatione
1866 2933 2084 3003 propria

1684 216 1741 273 S.
1780 214 2248 272 ATHANASIUS.
2289 247 2359 257 —
2397 216 2627 272 DUBIA.

2129 342 2171 399 Α
2270 336 2497 406 Ἐνίίτη,
2532 337 2718 391 πάλιν
2745 336 2843 389 καὶ
2866 337 3018 405 αὕτη
3049 336 3197 405 πρὸς
3228 334 3714 401 Θεσσαλονικεῖς.

3656 220 3771 275 424

2268 453 2355 507 67.
2399 453 2614 524 Ταύτην
2662 451 2980 506 ἀποστέλλει
3016 451 3124 504 ἀπὸ
3168 449 3410 521 Ῥώμης.
3446 450 3512 503 Ἦ
3553 448 3611 502 δέ
3644 448 3772 520 πρό-

2198 562 2360 613 φασις
2405 546 2503 616 τῆς
2528 543 2848 614 Ἐπιστολῆς
2891 541 3059 614 αῦτη’
3106 542 3265 606 Τινὲς
3307 543 3367 597 ἐν
3411 540 3772 613 Θεσσαλονίκῃ

2198 639 2358 709 ἀργοὶ
2415 637 2510 691 καὶ
2574 636 2798 691 ἄτακτοι
2848 638 3265 710 περιερχόμενοι
3325 636 3453 699 τοὺς
3511 633 3772 703 ἀδελφοὺς

2198 727 2553 802 ύφήρπαζον,
2609 730 2685 794 ὡς
2742 730 2841 802 ἥδη
2898 730 2999 801 τῆς
3062 729 3364 801 παρουσίας
3422 728 3517 781 τοῦ
3569 728 3770 797 Κυρίου

2197 824 2481 893 ἐνστάσης.
2511 823 2765 876 Ἢπάτων
2793 823 2849 876 δὲ
2877 823 3003 886 τοὺς
3032 821 3350 885 ἀκούοντας,
3379 820 3456 883 ὡς
3482 818 3576 872 τοῦ
3611 820 3771 871 Ἀπο-

2199 914 2385 966 στόλου
2411 914 2587 971 ,τοῦτο
2626 914 2941 985 δηλοῦντος,
2986 914 3080 967 καὶ¹
3119 912 3224 966 ὑπὸ
3253 912 3571 982 Πνεύματος
3612 909 3773 964 ἀκού-

2198 1022 2409 1069 σαντες.
2452 1005 2639 1059 Ταῦτα
2678 1005 2857 1059 τοίνυν
2909 1004 3093 1077 μαθὼν
3123 1006 3152 1058 6
3208 1003 3527 1065 Ἀπόστολος
3573 1001 3771 1073 γράφει

2195 1099 2294 1170 τὴν
2325 1099 2660 1170 Ἐπιστολήν.
2713 1099 2823 1151 Καὶ
2881 1095 3098 1169 πρῶτον
3156 1096 3255 1167 μὲν
3303 1095 3627 1164 ἀποδέχεται
3679 1093 3771 1164 τὴν

2199 1192 2381 1244 πίστιν
2414 1189 2593 1243 αὐτῶν
2630 1188 2965 1254 αύξάνουσαν
2987 1229 3001 1254 ,
3040 1188 3138 1242 καὶ
3175 1189 3257 1241 ὅτι
3290 1189 3347 1241 ἐν
3392 1189 3576 1249 αὐτοῖς
3613 1189 3772 1240 ἐκαυ-

2196 1285 2351 1353 χᾶτο,
2379 1282 2479 1345 τὰς
2511 1281 2718 1352 θλίψεις
2750 1281 3013 1350 γενναίως
3047 1281 3379 1353 ὑποφέρουσι
3407 1280 3495 1333 διὰ
3524 1279 3615 1333 τὸν
3644 1281 3773 1353 Χρι-

2199 1377 2357 1429 στόν·
2402 1377 2496 1430 καὶ
2540 1374 2947 1447 παραμυθεῖται
2991 1375 3049 1428 δὲ
3094 1375 3325 1438 αὐτοὺς,
3380 1374 3457 1436 ὡς
3509 1374 3772 1445 ἐσομένης

2196 1468 2439 1532 ἐκδικίας
2467 1467 2617 1539 παρά
2646 1466 2739 1520 τοῦ
2759 1467 2892 1520 Θεοῦ
2919 1465 3060 1520 κατά
3078 1465 3185 1519 τῶν
3215 1464 3565 1518 ἁδικούντωψ
3585 1464 3772 1516 ἔπειτα

2194 1558 2249 1611 δέ
2299 1560 2550 1628 καὶπερὶ
2591 1558 2690 1629 τῆς
2730 1557 3029 1629 παρουσίας
3076 1554 3170 1608 τοῦ
3214 1556 3465 1627 Σωτῆρος
3512 1556 3769 1617 διδάσκει,

2127 1651 2388 1754 Βιμηδενὶ
2416 1650 2614 1713 αὐτοὺς
2649 1649 2965 1713 πείθεσθαι,
3002 1648 3137 1720 μηδέ
3172 1646 3472 1717 θροεῖσθαι,
3509 1646 3647 1717 μήτε
3688 1645 3772 1698 διά

2196 1742 2533 1813 Πνεύματος,
2574 1743 2714 1812 μήτε
2751 1742 2827 1807 ὡς
2864 1741 3027 1794 αὐτοῦ
3076 1741 3419 1811 γράψαντος,
3455 1737 3589 1807 μηδὲ
3639 1736 3772 1800 ὅλως

2193 1836 2435 1905 νομίζειν
2466 1834 2565 1905 ἤδη
2593 1837 2845 1905 παρεῖναι
2877 1833 3065 1903 αὐτὴν,
3103 1832 3236 1903 μηδὲ
3266 1831 3528 1901 πρότερον
3556 1828 3771 1881 ἔσεσθαι

2191 1926 2429 1997 ταύτην,
2474 1925 2569 1979 ἐὰν
2622 1926 2696 1996 μὴ
2742 1928 2775 1996 ἡ
2818 1925 3125 1978 ἀποστασία
3173 1925 3436 1996 πρότερον
3483 1923 3640 1993 ἔλθῃ,
3680 1921 3773 1975 καὶ

2197 2021 2313 2089 μετ’
2340 2018 2508 2090 αὐτὴν
2538 2021 2566 2072 ὁ
2596 2019 2982 2091 Ἀντίχριστθς,
3007 2022 3036 2073 6
3080 2016 3196 2081 υἱὸς
3236 2021 3337 2088 τῆς
3380 2016 3678 2079 ἀπωλείας,
3713 2009 3771 2068 οὗ

2191 2111 2289 2182 τὴν
2324 2110 2625 2182 παρουσίαν
2664 2112 2722 2162 ἐν
2752 2110 2999 2179 σημείοις
3027 2108 3122 2162 καλ⁸
3159 2108 3350 2180 τέρασι
3392 2108 3619 2177 ψεύδους
3653 2109 3771 2161 κατ’

2194 2202 2475 2273 ἐνέργειαν
2500 2201 2593 2256 τοῦ
2622 2203 2840 2256 Σατανᾶ
2868 2201 3088 2255 ἔσεσθαι
3116 2201 3391 2272 σημαίνει.
3418 2196 3552 2253 Εἶτα
3575 2217 3773 2271 παραι-

2193 2294 2356 2357 νέσας
2410 2293 2593 2356 αὐτοῖς
2642 2294 2863 2363 στήκειν
2896 2293 3188 2361 γενναίως,
3220 2292 3345 2367 ’καὶ
3400 2294 3622 2363 κρατεῖν
3675 2291 3770 2355 τὰς

2194 2385 2542 2456 παραδόσεις,
2570 2384 2646 2448 ὡς
2685 2384 3039 2457 ἐδιδάχθησαν
3070 2387 3199 2456 παρ’
3232 2384 3417 2451 αὑτοῦ,
3452 2384 3769 2456 παραγγέλ-

2191 2477 2273 2530 λει
2320 2478 2590 2549 μηδεμίαν
2634 2479 2922 2532 κοινωνίαν
2963 2478 3105 2549 ἔχειν
3154 2478 3293 2550 μετὰ
3344 2478 3452 2530 τῶν
3494 2479 3765 2539 ἀτάκτων,

2189 2568 2327 2623 ἀλλά
2350 2571 2445 2623 καὶ
2478 2569 2805 2624 ἀποϐάλλειν
2835 2571 3049 2635 αύτούς.
3082 2566 3238 2624 Εἶναι
3278 2571 3386 2642 γάρ
3410 2571 3505 2624 καὶ
3543 2572 3767 2642 περιέρ-

2189 2678 2317 2731 γους
2348 2663 2442 2715 καὶ¹
2476 2662 2711 2727 πλάνους
2728 2662 2966 2734 ἐδήλωσε
2993 2664 3121 2726 τοὺς
3161 2662 3455 2728 τοιούτους.
3490 2665 3605 2716 Καὶ
3637 2662 3767 2716 καθ-

2188 2754 2312 2808 όλου
2342 2754 2400 2807 δὲ
2435 2755 2773 2827 παρήγγειλε
2802 2754 2892 2809 τὸν
2958 2752 3033 2825 μὴ
3068 2753 3412 2808 ὑπακούοντα
3443 2758 3556 2819 τοῖς
3588 2754 3766 2822 λόγοις

2188 2848 2375 2913 αὑτοῦ,
2409 2848 2598 2902 τοῦτον
2649 2849 3074 2917 ἀποσυνάγωγον
3117 2847 3383 2917 γίνεσθαι.
3422 2849 3531 2902 Καὶ
3583 2848 3766 2901 λοιπὸν

2188 2941 2566 3012 ὑπευξάμενος
2594 2941 2780 3004 αὐτοῖς
2804 2941 3052 3013 εἰρήνην,
3082 2940 3280 2994 τελειοῖ
3308 2941 3405 3012 τὴν
3423 2941 3764 3012 Ἐπιστολὴν,

506 3043 672 3081 manu
702 3027 927 3096 scripta,
966 3023 1110 3094 quod
1143 3022 1410 3093 cujusque
1438 3020 1694 3092 Epistola:
1719 3037 1832 3079 suae
1864 3023 2081 3095 signum

2188 3035 2277 3089 τὸν
2307 3034 2596 3104 ἀσπασμὸν
2630 3036 2697 3105 τῇ
2750 3033 2855 3105 ἰδίᾳ
2896 3033 3040 3105 χειρὶ
3066 3033 3301 3106 γράψας,
3356 3036 3492 3105 ὅπερ
3541 3038 3765 3107 σημεῖον

506 3134 628 3175 esse
661 3117 885 3172 indicat.

964 3246 1202 3314 Decima,
1228 3245 1298 3300 ad
1333 3244 1606 3300 Ilebrarcs.

572 3362 662 3417 68.
693 3360 845 3416 Hanc
876 3362 1045 3416 mittit
1066 3377 1135 3417 ex
1162 3360 1335 3414 Italia.
1356 3358 1587 3416 Occasio
1616 3368 1797 3417 autem
1826 3362 2083 3433 Epistola:

504 3455 629 3510 talis
666 3462 751 3510 est
783 3471 796 3507 :
829 3451 1096 3520 Quoniam
1134 3453 1306 3508 Judaei
1351 3452 1455 3523 legi
1484 3461 1537 3509 et
1568 3457 1777 3512 umbris
1816 3456 1964 3513 illius
1994 3456 2081 3513 in-

504 3544 867 3608 cumbebant,
934 3545 1004 3598 ob
1053 3558 1176 3598 eam
1224 3558 1447 3599 causam
1509 3543 1712 3601 Paulus
1778 3549 2079 3617 apostolus,

504 3636 696 3693 doctor
724 3636 964 3707 gentium
992 3634 1170 3690 factus
1193 3642 1247 3689 et
1269 3635 1337 3689 ad
1359 3644 1546 3707 gentes
1575 3639 1796 3707 missus,
1825 3652 1882 3695 ut
1906 3640 2083 3695 Evan-

504 3730 707 3802 gelium
767 3729 876 3786 illis
927 3728 1270 3800 praedicaret,
1330 3745 1454 3786 cum
1510 3731 1767 3786 omnibus
1825 3733 2080 3803 gentibus

505 3822 843 3893 scripsisset,
877 3820 991 3891 jam
1033 3819 1293 3892 deinceps
1332 3822 1587 3879 omnibus
1617 3825 1780 3878 etiam
1812 3824 2076 3892 Hebraeis,

503 3912 599 3985 qui
628 3928 697 3968 ex
726 3913 1147 3969 circumcisione
1180 3912 1547 3979 crediderant,
1592 3912 1898 3985 Epistolam
1939 3917 2079 3971 hanc

504 4004 700 4061 scribit
728 4003 1187 4060 declarationibus
1206 4011 1261 4060 et
1286 4005 1704 4076 probationibus
1729 4008 2075 4075 instructam,

503 4097 573 4153 de
612 4096 818 4154 Christi
864 4097 1123 4162 adventu,
1153 4106 1208 4153 et
1234 4099 1380 4168 quod
1423 4099 1560 4171 legis
1605 4101 1798 4155 umbra
1834 4102 2075 4157 desierit.

502 4186 568 4241 Et
599 4186 871 4257 principio
921 4187 1166 4242 declarat
1212 4188 1507 4259 prophetas
1545 4190 1667 4245 ideo
1696 4206 1818 4245 esse
1854 4194 2075 4257 missos,

502 4286 565 4332 ut
592 4276 660 4333 de
683 4274 968 4332 Salvatore
1007 4280 1457 4348 praenuntiarent,
1489 4287 1543 4337 et
1572 4289 1630 4335 ut
1657 4290 1781 4351 post
1812 4284 1933 4340 illos
1963 4284 2078 4354 ipse

2187 3122 2323 3180 εἶναι
2359 3124 2539 3196 πάσης
2556 3124 2874 3196 Ἐπιστολῆς
2901 3124 3107 3188 οἰκείας
3126 3125 3445 3196 δεδήλωκεν.

2572 3259 2819 3329 Δεκάτῃ,
2857 3260 3008 3330 πρὸς
3048 3260 3374 3329 Ἑϐραίους.

2254 3375 2346 3433 68.
2386 3375 2604 3447 Ταύτην
2630 3374 2949 3430 ἀποστέλλει
2996 3376 3104 3430 ἀπὸ
3152 3377 3402 3442 Ἰταλίας.
3445 3377 3511 3432 Ἦ
3540 3379 3599 3433 δὲ
3629 3382 3764 3453 πρό-

2186 3486 2351 3538 φασις
2378 3471 2478 3539 τῆς
2514 3469 2835 3539 Ἐπιστολῆς
2879 3466 3017 3540 αῦτη
3042 3486 3055 3500 ·
3124 3470 3338 3545 Ἐπειδὴ
3388 3473 3633 3525 Ἰουδαῖοι
3684 3476 3768 3525 ἐν-

2187 3561 2400 3615 ίσταντο
2458 3564 2515 3615 ἐν
2540 3561 2616 3633 τῷ
2664 3564 2814 3633 νόμῳ
2842 3563 2936 3616 καὶ
2984 3565 3105 3627 ταῖς
3138 3566 3347 3628 σκιαῖς,
3378 3563 3471 3616 διά
3522 3565 3689 3619 τοῦτο
3740 3568 3767 3619 ὁ

2184 3656 2481 3718 ἀπόστολος
2510 3655 2742 3720 Παῦλος,
2771 3656 3090 3721 διδάσκαλος
3119 3656 3290 3713 ἐθνῶν
3316 3658 3631 3729 γενόμενος,
3673 3661 3768 3715 καί

2183 3750 2265 3812 εἰς
2293 3747 2362 3801 τά
2412 3748 2539 3819 ἔθνη
2570 3748 2894 3813 ἀποσταλεὶς
2952 3750 3241 3821 κηρύττειν
3297 3751 3358 3805 τὸ
3404 3752 3766 3823 Εὑαγγέλιον.

2183 3839 2398 3910 γράψας
2423 3858 2482 3892 τε
2512 3842 2646 3893 πᾶσι
2694 3843 2806 3904 τοῖς
2840 3841 3037 3908 ἔθνεσι,
3062 3844 3262 3916 γράφει
3290 3845 3475 3899 λοιπὸν
3502 3848 3597 3899 καὶ
3628 3850 3767 3901 πᾶσι

2180 3935 2291 3997 τοῖς
2317 3933 2382 3985 ἐκ
2414 3933 2717 4003 περιτομῆς
2759 3933 3115 3990 πιστεύσασιν
3147 3937 3418 4008 Ἑϐραίοις
3450 3939 3768 3995 ἀποδεικτι-

2180 4024 2283 4096 κὴν
2307 4023 2509 4094 ταύτην
2525 4024 2842 4097 Ἐπιστολὴν
2877 4028 3005 4097 περὶ
3038 4028 3139 4098 τῆς
3171 4028 3264 4081 τοῦ
3294 4031 3533 4101 Χριστοῦ
3558 4049 3769 4105 παρου-

2183 4113 2327 4179 σίας,
2355 4113 2449 4167 καὶ
2481 4111 2573 4166 τοῦ
2622 4115 2933 4170 πεπαῦσθαι
2964 4116 3062 4189 τὴν
3113 4117 3273 4173 σκιὰν
3301 4120 3394 4173 τοῦ
3429 4122 3616 4194 νόμου.
3654 4127 3769 4179 Καὶ

2180 4206 2395 4278 πρῶτον
2426 4206 2525 4277 μὲν
2574 4206 2918 4261 ἀποδείκνυσι
2962 4211 3087 4274 τοὺς
3132 4213 3416 4284 προφήτας
3472 4214 3563 4268 διὰ
3604 4217 3769 4270 τοῦτο

2179 4299 2537 4364 ἀπεστάλθαι,
2563 4300 2649 4354 ἵνα
2678 4304 2805 4372 περὶ
2841 4301 2933 4355 τοῦ
2956 4302 3209 4374 Σωτῆρος
3232 4306 3637 4374 ἀπαγγείλωσι,
3672 4313 3769 4365 καὶ

504 4368 759 4425 Salvator
796 4372 1010 4428 veniret
1046 4392 1059 4427 :
1097 4389 1288 4429 servos
1321 4390 1445 4431 esse
1474 4376 1805 4447 prophetas,
1839 4386 1894 4433 et
1936 4396 2077 4435 nun-

2188 4389 2298 4459 μετ’
2329 4391 2525 4453 αὐτοὺς
2555 4391 2716 4455 αὐτὸς
2754 4368 2912 4463 ἐλθῃο
2945 4368 3165 4457 δούλους
3195 4411 3252 4446 τε
3288 4368 3426 4449 εἶναι
3467 4399 3597 4463 τοὺς

500 4464 609 4519 tios
637 4463 905 4520 adventus
937 4464 1133 4534 ipsius.
1178 4466 1363 4538 ipsum
1392 4483 1524 4524 vero
1568 4469 1847 4525 Christum
1880 4470 2075 4527 Filium

499 4571 627 4612 esse
653 4555 769 4623 Dei,
808 4572 903 4627 per
930 4572 1091 4628 quem
1119 4563 1299 4614 omnia
1331 4559 1471 4615 facta
1502 4560 1633 4617 sint.
1667 4561 1731 4614 Et
1756 4565 1901 4633 quod
1929 4564 2078 4621 hunc

502 4648 700 4703 Filium
748 4647 1023 4704 incarnari
1068 4650 1457 4725 hominemque
1500 4653 1615 4709 fieri
1656 4656 1982 4725 oportuerit,
2015 4667 2077 4714 ut

499 4740 601 4810 ‘per
630 4740 879 4810 corporis
920 4742 1005 4795 sui
1047 4742 1477 4800 immolationem
1511 4756 1743 4802 mortem
1785 4748 2024 4805 aboleret
2058 4769 2071 4805 :

501 4845 679 4901 neque
721 4831 868 4887 enim
926 4847 1023 4903 per
1067 4836 1385 4904 sanguinem
1427 4837 1582 4893 vituli
1633 4845 1726 4893 aut
1776 4839 1935 4908 hirci,
1980 4841 2077 4898 sed

504 4937 601 4991 per
658 4923 981 4993 sanguinem
1028 4924 1233 4981 Christi
1286 4927 1402 4983 fore
1448 4929 1773 4986 mortalibus
1817 4932 2072 4990 salutem.

502 5015 753 5071 Ostendit
774 5017 957 5080 etiam,
982 5017 1127 5087 quod
1158 5018 1242 5072 lex
1273 5019 1543 5075 neminem
1568 5021 1867 5091 perfectum
1892 5026 2076 5081 reddi-

502 5106 661 5173 derit,
688 5107 782 5163 sed
818 5109 1065 5164 umbram
1086 5109 1340 5164 habuerit
1372 5109 1678 5167 futurorum
1707 5113 1864 5186 152
1894 5116 2075 5173 bono-

504 5211 646 5265 rum,
677 5198 907 5269 etquod
937 5200 1175 5269 p0pulus
1222 5201 1465 5270 requiem
1508 5217 1609 5272 per
1639 5204 1788 5259 illam
1826 5222 1938 5261 non
1981 5208 2072 5264 in-

503 5289 748 5353 venerit,
780 5289 875 5344 sed
906 5290 1215 5345 communis
1248 5291 1407 5346 nobis
1437 5293 1692 5349 omnibus
1731 5297 2073 5369 relinquatur

503 5379 699 5447 quietis
762 5379 903 5434 dies.
976 5378 1106 5434 Item
1189 5379 1432 5436 declarat
1515 5384 1857 5441 sacerdotale
1938 5389 2073 5445 illud

503 5470 702 5524 summi
762 5472 1064 5528 sacerdotis
1129 5488 1330 5529 munus
1398 5475 1466 5529 ab
1520 5475 1739 5533 Aarone
1792 5479 1861 5533 ad
1911 5480 2073 5536 Chri-

502 5566 643 5613 stum
659 5562 986 5619 translatum
1005 5580 1148 5630 esse,
1178 5565 1338 5635 cujus
1367 5573 1526 5637 typus
1558 5567 1660 5623 fuit
1690 5571 2068 5639 Melchisedec,

498 5664 610 5705 non
661 5668 725 5708 ex
772 5653 901 5713 Levi
955 5669 1108 5715 ortus
1166 5677 1181 5715 :
1236 5666 1289 5714 et
1346 5660 1491 5731 quod
1543 5668 1726 5730 patres
1776 5664 1881 5722 fide
1935 5667 2065 5735 sint,

2180 4481 2385 4552 φήτας,
2435 4483 2530 4536 καὶ
2566 4483 2814 4555 μηνυτὰς
2864 4484 2964 4555 τῆς
2999 4485 3163 4537 αὑτοῦ
3209 4488 3548 4560 παρουσίαςο
3598 4493 3769 4546 αὐτὸν

2176 4570 2233 4623 δέ
2258 4570 2348 4625 τὸν
2378 4573 2611 4645 Χριστὸν
2640 4575 2767 4629 Υἱὸν
2797 4571 2933 4628 εἶναι
2971 4574 3065 4629 τοῦ
3098 4577 3256 4646 Θεοῦ,
3289 4579 3356 4633 δι’
3385 4575 3445 4636 οὗ
3473 4583 3542 4637 τά
3583 4585 3766 4639 πάντα

2176 4661 2402 4730 γέγονε·
2452 4664 2549 4716 καὶ
2598 4665 2680 4717 ὅτι
2736 4664 2924 4718 τοῦτον
2972 4666 3063 4721 τὸν
3124 4667 3253 4722 Υξὸν
3311 4669 3415 4723 ἔδει
3467 4671 3765 4745 ἄνθρωπον

2177 4753 2427 4820 γενέσθαι
2485 4755 2873 4827 σαρκωθέντα,
2929 4757 3017 4812 ἵνα
3068 4757 3157 4813 διά
3203 4759 3303 4830 τῆς
3353 4759 3448 4815 τοῦ
3505 4762 3766 4834 σώματος

2177 4843 2341 4897 αὑτοῦ
2391 4845 2580 4909 θυσίας
2630 4848 2954 4921 καταργήσῃ
2989 4848 3080 4902 τὸν
3135 4849 3395 4904 θάνατον·
3430 4852 3493 4904 ού
3547 4853 3663 4927 γὰρ
3695 4856 3764 4908 δι’

2176 4936 2406 5008 αἵματος
2455 4939 2657 5010 μόσχου
2703 4940 2736 5010 ἢ
2794 4940 3036 5012 τράγου,
3090 4941 3227 4995 ἀλλά
3279 4943 3348 4997 δι’
3395 4945 3631 5015 αἵματος
3665 4948 3763 5002 τοῦ

2175 5027 2409 5098 Χριστοῦ
2478 5028 2699 5082 ἔσεσθαι
2751 5028 2851 5101 τὴν
2897 5032 3171 5104 σωτηρίαν
3232 5035 3347 5097 τοῖς
3417 5034 3759 5108 ἀνθρώποις.

2187 5120 2557 5173 Ἀποδείκνυσι
2584 5121 2660 5186 δὲ,
2690 5122 2771 5175 ὅτι
2795 5125 2823 5175 ὁ
2851 5122 3013 5194 νόμος
3038 5123 3228 5179 οὐδένα
3258 5125 3596 5194 ἐτελείωσεν,
3620 5130 3771 5203 ἀλλῄ

2178 5210 2335 5263 σκιάν
2367 5206 2478 5280 εἶχε
2518 5211 2628 5266 τῶν
2675 5213 2976 5283 μελλόντων
3012 5215 3262 5285 ἀγαθῶν,
3320 5219 3415 5271 καὶ
3460 5220 3522 5272 οὐ
3587 5222 3759 5275 κατέ-

2176 5319 2379 5358 παυσεν
2410 5305 2439 5356 6
2471 5304 2619 5370 λαὸς,
2656 5306 2793 5359 ἀλλά
2832 5311 2984 5379 κοινῇ
3028 5310 3198 5364 πᾶσιν
3225 5313 3358 5383 ἡμῖν
3391 5314 3760 5372 ἀπολείπεται

2172 5397 2207 5465 ὴ
2237 5394 2415 5465 ἡμέρα
2458 5395 2558 5465 τῆς
2601 5397 3017 5463 καταπαύσεως.
3054 5401 3220 5455 Πάλιν
3249 5402 3307 5455 δὲ
3346 5403 3755 5471 ἀποδείκνυσιν,

2170 5484 2253 5537 ὅτι
2278 5485 2310 5554 ἡ
2340 5485 2697 5558 ἀρχιερατικὴ
2726 5488 3037 5559 λειτουργία
3068 5490 3267 5563 μετέθη
3294 5494 3403 5547 ἀπὸ
3430 5495 3647 5567 Ἀαρὼν
3673 5503 3755 5563 εἰς

2170 5574 2261 5628 τὸν
2303 5577 2558 5647 Χριστὸν,
2586 5570 2647 5631 οὗ
2668 5579 2837 5645 τύπος
2862 5576 2931 5652 ἦν
2966 5583 2995 5634 6
3049 5583 3404 5654 Μελχισεδὲκ,
3432 5588 3537 5642 οὐκ
3568 5588 3647 5644 ὢν
3692 5595 3757 5644 ἐκ

2169 5667 2262 5720 τςῦ
2323 5669 2486 5722 Λευῖο
2533 5670 2713 5725 πίστει
2771 5691 2832 5727 τε
2890 5674 3268 5730 δεδικαιῶσθαι
3315 5681 3440 5743 τοὺς
3503 5683 3755 5756 πατέρος
