3880 6186
218 332 333 391 ὄ25

581 936 920 1012 Ἑνδεκάτη,
954 948 1107 1016 πρὸς
1140 955 1438 1023 Τιμόθεον.

281 1041 375 1098 69.
430 1045 647 1117 Ταύτην
699 1052 1004 1111 ἐπιστέλλει
1052 1060 1159 1115 ἀπὸ
1214 1065 1568 1134 Μακεδονίας.
1622 1071 1686 1126 Ἦ
1735 1074 1793 1128 δὲ

206 1136 488 1205 πρόφασις
514 1139 615 1209 τῆς
641 1141 928 1217 ἐπιστολῆς
960 1150 1099 1222 αὓτη
1120 1169 1135 1184 ⁶
1181 1154 1268 1208 Ἐν
1298 1160 1362 1229 τῇ
1399 1159 1609 1232 Ἐφέσῳ
1647 1166 1793 1232 τινὲς

219 1226 603 1295 Ἰουδαῖζοντες
634 1235 951 1309 ἐπεχείρουν
979 1242 1491 1315 ἑτεροδιδασκαλεῖν,
1520 1255 1615 1307 καὶ
1648 1256 1792 1310 ἀπα-

203 1321 309 1390 τᾷν
332 1323 462 1385 τοὺς
493 1324 785 1396 ἀκεραίους
825 1334 1095 1401 προφάσει
1136 1337 1230 1392 τοῦ
1266 1341 1454 1412 νόμου.
1483 1343 1652 1401 Τοῦτο
1694 1346 1789 1405 οὖν

207 1409 401 1478 μαθὼν
445 1416 474 1466 ό
509 1415 865 1484 Ἀπόστολος,
898 1425 1200 1497 προτρέπει
1246 1409 1343 1484 τὸν
1381 1433 1647 1504 Τιμόθεον
1672 1442 1789 1493 ἐκεῖ

202 1508 536 1573 προσμεῖναι
564 1509 701 1581 πρὸς
736 1510 1023 1584 διόρθωσιν
1051 1519 1229 1576 αὐτῶν
1249 1538 1265 1554 ο
1292 1525 1495 1596 γράφει
1534 1545 1594 1582 τε
1637 1531 1787 1602 αὐτῷ

199 1593 304 1662 τὴν
344 1595 632 1670 ἐπιστολὴν
674 1601 901 1674 ταύτην.
941 1607 1054 1661 Καὶ
1092 1611 1307 1683 πρῶτον
1337 1593 1443 1684 μὲν
1472 1593 1784 1694 ὑπομιμνήλ

201 1698 328 1736 σκει
352 1685 564 1751 τοῦτον,
606 1691 787 1745 εἰδότα
807 1696 907 1764 τὴν
937 1697 996 1749 ἐν
1021 1699 1241 1772 Χριστῷ
1276 1704 1480 1771 πίστιν,
1516 1708 1785 1765 διδάσκων

198 1773 369 1828 αὑτὸν
400 1778 530 1848 περὶ
563 1780 656 1833 τοῦ
683 1782 870 1853 νόμου,
896 1786 1129 1842 κωλύειν
1157 1793 1284 1857 τοὺς
1318 1796 1470 1868 παρὰ
1492 1800 1594 1869 τὴν
1615 1800 1782 1872 ὀρθὴν

197 1863 556 1923 διδασκαλίαν
601 1871 929 1940 λαλοῦντας,
984 1880 1242 1954 ἐπιτιμᾷν
1304 1902 1365 1938 τε
1419 1888 1637 1953 αὐτούς.
1668 1891 1780 1946 Καὶ

195 1962 311 2034 γὰρ
343 1965 441 2018 καὶ
467 1967 629 2031 αὐτὸς
657 1969 943 2040 Ὑμέναιον
990 1975 1084 2028 καὶ
1118 1977 1495 2051 Ἀλέξανδρον,
1541 1986 1780 2057 ναυαγή-

196 2070 403 2118 σαντας
434 2058 562 2127 περὶ
605 2058 723 2131 τὴνο
739 2061 942 2130 πίστιν,
979 2068 1262 2138 παρέδωκε
1296 2070 1373 2141 τῷ
1410 2073 1656 2146 Σατανᾷ,
1692 2076 1780 2130 ἵνα

192 2146 533 2202 παιδευθῶσι
599 2152 676 2222 μὴ
723 2153 1087 2228 βλασφημεῖν.
1153 2162 1338 2216 Ταῦτα
1408 2165 1773 2239 ὑπομνήσας,

189 2235 383 2291 λοιπὸν
440 2239 714 2295 διατάττει
784 2246 933 2318 αὑτῷ
1001 2250 1232 2314 κανόνας
1288 2253 1777 2327 ἐκκλησιαστικοὺς

189 2328 325 2399 περὶ
360 2333 694 2403 προσευχῆς,
725 2336 861 2403 πῶς,
911 2341 1006 2394 καὶ
1040 2341 1166 2407 ποῦ,
1211 2346 1306 2398 καὶ
1334 2347 1465 2418 περὶ
1507 2347 1668 2404 τίνων
1695 2350 1776 2404 δεῖ

188 2418 626 2490 προσεύχεσθαι·
674 2428 804 2497 περὶ
846 2428 939 2482 τοῦ
995 2433 1154 2502 σιγᾷν
1202 2435 1262 2487 ἐν
1307 2436 1628 2509 ἐκκλησίαις
1674 2441 1774 2506 τὰς

186 2514 477 2579 γυναῖκας,
507 2515 601 2568 καὶ
641 2518 839 2587 μᾶλλον
878 2521 1170 2591 μανθάνειν
1195 2524 1228 2596 ἢ
1258 2526 1531 2584 διδάσκειν
1563 2532 1735 2598 αὐτάς
1753 2549 1769 2567 ·

185 2601 321 2670 περὶ
344 2606 735 2670 καταστάσεως
761 2609 1095 2677 ἐπισκόπων,
1118 2614 1213 2667 καὶ
1240 2616 1649 2690 πρεσϐυτέρων,
1677 2623 1772 2677 καὶ

184 2692 473 2759 διακόνων,
511 2698 630 2767 πῶς
670 2701 764 2754 καὶ
806 2701 1025 2767 ὁποίους
1053 2700 1194 2758 εἶναι
1226 2705 1308 2759 δεῖ
1336 2709 1465 2773 τοὺς
1512 2710 1773 2766 καθιστα-

185 2784 390 2855 μένους
407 2803 424 2819 ·
452 2790 711 2860 περὶτῶν
734 2793 793 2845 ἐν
813 2796 881 2865 τῇ
912 2794 1206 2869 Ἐκκλησία
1228 2799 1436 2871 χηρῶν,
1463 2801 1572 2855 άπὸ
1590 2802 1770 2858 πόσων

180 2876 324 2929 ἐτῶν
352 2879 462 2950 χρὴ
520 2880 726 2947 ταύτας
772 2886 1190 2957 καταλέγεσθαι,
1227 2892 1322 2944 καὶ
1363 2892 1554 2959 ὁποίας
1598 2896 1770 2962 αὑτὰς

179 2965 325 3024 εἶναι
357 2971 460 3036 δεῖ,
489 2975 585 3028 καὶ
626 2976 744 3041 πῶς
788 2979 979 3044 αὐταῖς
1033 2980 1116 3035 δεῖ
1163 2984 1484 3055 προσέχειν·
1515 2987 1767 3060 περὶτοῦ

180 3067 488 3134 σωφρονεῖν
510 3066 610 3131 τὰς
637 3070 929 3142 νεωτέρας,
961 3074 1057 3127 καὶ
1082 3079 1282 3146 γαμεῖν
1321 3076 1542 3147 μᾶλλον,
1567 3079 1663 3132 καὶ
1689 3081 1765 3153 μὴ

177 3156 427 3227 αἰσχρῶς
450 3155 549 3229 ζῇν
569 3177 583 3189 υ
622 3161 750 3232 περὶ
788 3163 883 3216 τοῦ
911 3167 1316 3237 παραγγέλλειν
1347 3172 1461 3235 τοῖς
1491 3171 1766 3237 πλουσίοις
1792 3188 1839 3251 C

179 3247 258 3318 μὴ
289 3248 474 3320 ὑψηλά
514 3256 752 3322 φρονεῖν,
808 3255 943 3326 μηδὲ
978 3258 1216 3325 ἐλπίζειν
1268 3262 1361 3315 ἐπὶ
1411 3264 1490 3333 τῷ
1522 3263 1760 3336 πλούτῳ.

176 3339 319 3408 Περὶ
344 3339 555 3394 τούτων
579 3343 990 3417 διαταξάμενος,
1010 3352 1378 3423 προτρέπεται
1405 3355 1567 3409 αὑτὸν
1591 3357 1766 3412 ταῦτα

173 3427 475 3498 διδάσκειν,
511 3436 607 3488 καὶ
643 3438 840 3507 μηκέτι
870 3441 970 3510 μὲν
997 3441 1342 3514 ὑδροποτεῖν’
1379 3447 1669 3518 προσέχειν
1705 3450 1763 3504 δέ

174 3523 363 3595 ἐαυτῷ
382 3527 477 3579 καὶ
502 3532 569 3600 τῇ
598 3528 936 3605 διδασκαλία,
967 3534 1144 3588 εἰδότα
1172 3535 1390 3592 ἔσεσθαι
1424 3542 1674 3611 καιροὺς,
1703 3543 1762 3598 ἐν

171 3610 259 3681 οἷς
294 3619 407 3671 ἀπο
419 3621 699 3691 ττὴσονταί
729 3641 876 3689 τινες
896 3627 996 3698 τῆς
1023 3628 1280 3694 πίστεως.
1318 3630 1547 3698 Διδάξας
1576 3634 1633 3688 δὲ
1658 3652 1761 3690 κα-

173 3708 323 3782 θαρὰ
368 3708 508 3765 εἶναι
542 3715 639 3767 καὶ
667 3715 737 3769 τὰ
758 3716 1043 3788 βρώματα,
1078 3722 1174 3776 καὶ
1210 3725 1588 3794 παραγγείλας
1611 3728 1761 3799 αὐτῷ

173 3801 543 3874 ἐκτρέπεσθαι
584 3806 685 3871 τὰς
730 3810 1145 3880 ἐμφιλονείκους
1177 3814 1438 3887 ζητήσεις
1479 3816 1555 3882 ὠς
1592 3817 1758 3892 fat-:61]-

171 3893 322 3961 λους,
355 3896 442 3967 ἐφ’
474 3892 562 3962 αἷς
594 3901 688 3954 καί
725 3919 869 3967 τινες
912 3905 1255 3978 καυχώμενοι
1297 3909 1618 3982 παρέϐησαν
1659 3912 1759 3984 τὴν

172 3984 385 4051 πίστιν,
416 3986 617 4043 τελειοῖ
644 3992 744 4063 τὴν
777 3996 1088 4068 ἐπιστολήν.

266 4097 600 4170 Δωδεκάτη,
635 4105 734 4158 καὶ
770 4106 922 4177 αὕτη
957 4109 1144 4166 πάλιν
1172 4111 1323 4181 πρὸς
1357 4116 1652 4185 Τιμόθεον.

244 4212 333 4269 70.
383 4215 601 4289 Ταύτην
629 4221 934 4276 ἐπιστέλλει
973 4224 1136 4280 πάλιν
1169 4227 1308 4299 πρὸς
1344 4228 1608 4300 Τιμόθεον
1646 4231 1756 4285 ἀπὸ

181 4302 424 4378 Ῥώμης.
469 4310 533 4363 Ἦ
563 4312 622 4365 δὲ
647 4313 918 4384 πρόφασις
954 4319 1047 4370 καὶ
1077 4317 1282 4389 ταύτης
1322 4321 1421 4392 τῆς
1464 4322 1754 4395 ἐπιπολῆς

168 4396 321 4451 ἐστιν
347 4399 520 4466 οὕτως
536 4419 551 4431 ·
580 4403 703 4457 Τῶν
728 4408 1298 4481 συναποδημησάντων
1324 4411 1401 4484 τῷ
1429 4412 1628 4486 Παύλῳ
1655 4432 1754 4469 κα-

1287 357 1618 423 SYNOPSIS
1656 366 2074 432 SCRIPTURIE
2110 379 2383 439 SACRE.

3371 408 3479 465 ιεσ

1894 867 1973 920 vit
2006 869 2323 939 Epistolam.

2286 981 2592 1052 Undecima,
2625 987 2696 1041 ad
2730 988 3077 1053 Timotheum.

1962 1086 2050 1141 69.
2106 1086 2259 1145 Hanc
2308 1091 2608 1163 Epistolam
2661 1098 2813 1153 misit
2855 1114 2887 1156 e
2923 1100 3261 1172 Macedonia,
3308 1106 3511 1178 cujus

1891 1177 2007 1233 haec
2053 1189 2139 1236 est
2178 1185 2419 1240 occasio.
2466 1184 2669 1257 Ephesi
2716 1191 2935 1261 quidam
2963 1193 3313 1255 Judaizantes
3341 1177 3470 1256 alie-

1889 1285 2019 1324 nam
2067 1274 2407 1330 conabantur
2463 1277 2720 1335 invehere
2769 1282 3098 1356 doctrinam,
3146 1297 3202 1344 et
3256 1292 3467 1363 simpli-

1889 1356 2067 1413 ciores
2116 1370 2382 1429 praetextu
2435 1363 2573 1435 legis
2630 1368 2912 1428 seducere.
2965 1372 3082 1431 Hoc
3137 1393 3265 1434 cum
3312 1356 3464 1437 etim-

1888 1451 2123 1520 perisset
2166 1453 2484 1524 'Apostolus,
2528 1460 2813 1516 admonuit
2854 1463 3223 1537 Timotheum,
3261 1479 3323 1527 ut
3351 1475 3462 1533 illic

1886 1539 2154 1610 haereret,
2208 1560 2320 1614 quo
2375 1562 2471 1604 eos
2519 1553 2838 1623 corrigeret.
2891 1554 3093 1615 Scribit
3145 1570 3328 1619 autem
3383 1566 3461 1623 illi

1885 1630 2184 1702 Epistolam
2230 1636 2372 1693 hanc
2407 1658 2421 1693 :
2452 1649 2509 1695 et
2552 1643 2790 1711 primum
2848 1653 3269 1710 commonefacit
3311 1673 3458 1727 eum,

1885 1722 2033 1786 lidei,
2063 1739 2184 1793 quae
2216 1727 2274 1781 in
2300 1727 2520 1787 Christo
2552 1742 2656 1797 est,
2696 1751 2950 1806 gnarum,
2990 1741 3060 1797 de
3091 1743 3206 1815 lege
3232 1722 3459 1818 docens,

1815 1847 1858 1902 Β
1885 1819 1944 1865 ιιι
1997 1814 2252 1871 cohibeat
2304 1833 2435 1886 eos,
2485 1822 2579 1890 qui
2629 1832 2828 1891 praeter
2887 1836 3093 1884 rectam
3152 1814 3458 1891 doctrinam

1881 1904 2267 1975 loquebantur,
2311 1909 2548 1981 illosque
2584 1914 2850 1986 increpet.
2883 1918 3017 1973 Nam
3047 1928 3103 1977 et
3136 1922 3254 1992 ipse
3276 1926 3456 1996 Apos-

1878 1995 2025 2051 tolus
2088 1994 2442 2067 Hymenaeum
2506 2009 2562 2057 et
2626 2003 3047 2076 Alexandrum,
3107 1994 3456 2087 naufragium

1876 2085 2027 2140 circa
2075 2086 2235 2144 ﬁdem
2291 2106 2511 2160 passos,
2567 2092 2783 2155 Satanae
2840 2098 2953 2169 jam
3008 2085 3340 2173 tradiderat,
3398 2118 3459 2164 ut

1875 2177 2152 2235 discerent
2181 2196 2289 2236 non
2320 2182 2721 2255 blasphemare.
2753 2188 2857 2245 Ubi
2895 2193 2964 2249 de
2992 2193 3112 2250 istis
3145 2196 3454 2266 admonuit,

1874 2282 2116 2326 canones
2191 2272 2272 2329 illi
2343 2277 2751 2337 ecclesiasticos
2819 2282 3082 2356 deinceps
3146 2290 3458 2358 praascribit

1872 2358 1942 2415 de
1981 2361 2273 2430 oratione,‘
2300 2370 2595 2437 quomodo,
2644 2378 2700 2427 et
2740 2373 2855 2439 ubi,
2901 2383 2957 2431 et
3004 2393 3104 2447 pro
3141 2381 3342 2450 quibus
3381 2384 3456 2440 sit

1873 2452 2162 2508 orandum.
2225 2454 2379 2522 Quod
2430 2461 2689 2518 mulieres
2728 2463 2784 2520 in
2829 2464 3091 2526 Ecclesiis
3135 2479 3318 2527 tacere
3357 2472 3457 2529 de-

1870 2542 2055 2612 beant,
2087 2552 2142 2601 et
2183 2548 2358 2620 magis
2387 2549 2621 2621 discere,
2649 2568 2812 2624 quam
2856 2556 3075 2617 docere.
3124 2560 3201 2618 De
3243 2565 3454 2620 consti-

1870 2635 2084 2692 tutione
2128 2638 2511 2711 episcoporum
2539 2684 2555 2710 ,
2597 2647 3041 2718 presbyterorum
3095 2659 3150 2707 et
3185 2653 3452 2711 diacono-

1869 2741 1993 2783 rum
2023 2747 2039 2797 ;
2070 2732 2347 2800 quomodo
2373 2749 2433 2789 se
2462 2752 2651 2806 gerere
2695 2748 2749 2796 et
2788 2743 2980 2811 quales
3020 2758 3145 2801 esse
3187 2745 3447 2815 debeant,

1868 2822 1963 2893 qui
1996 2825 2429 2883 constituuntur.
2484 2828 2560 2886 De
2603 2831 2783 2889 viduis
2815 2835 2872 2890 in
2904 2836 3172 2905 Ecclesia,
3201 2855 3311 2910 qua
3342 2841 3450 2899 illa:

1867 2924 2029 2972 aetate
2056 2917 2206 2988 eligi,
2257 2927 2313 2975 et
2355 2922 2547 2992 quales
2594 2939 2717 2981 esse
2757 2925 3012 2993 debeant,
3062 2944 3129 2985 ac
3169 2933 3448 3002 quomodo

1867 3002 2087 3064 illarum
2133 3024 2270 3066 cura
2317 3013 2569 3069 habenda
2615 3017 2708 3072 sit.
2742 3016 3000 3077 Juniores
3030 3021 3100 3077 ad
3135 3023 3442 3081 castitatem

1867 3100 2235 3159 instituendas
2275 3119 2431 3170 esse,
2462 3115 2522 3160 ut
2552 3108 2762 3163 nubant
2794 3112 2975 3181 potius
3006 3128 3171 3184 quam
3215 3117 3437 3186 turpiter

1868 3193 2056 3250 vivant
2080 3213 2095 3263 ;
2121 3196 2382 3254 divitibus
2403 3199 2839 3258 denuntiandum
2864 3219 2988 3260 esse
3012 3221 3081 3261 ne
3100 3208 3441 3278 superbiant,

1865 3300 2004 3341 neve
2057 3300 2212 3356 spem
2266 3282 2539 3345 collocant
2588 3292 2644 3346 in
2689 3291 2900 3351 divitiis
2947 3296 3086 3353 suis.
3145 3296 3445 3370 Postquam

1864 3376 1934 3431 de
1977 3377 2102 3434 istis
2147 3380 2428 3450 praecepit,
2467 3381 2719 3437 hortatur
2759 3398 2908 3452 eum,
2963 3393 3024 3440 ut
3069 3387 3189 3444 haec
3227 3389 3443 3454 doceat,

1864 3473 1920 3521 et
1966 3473 2029 3521 ut
2070 3482 2267 3537 aquam
2310 3469 2453 3523 ultra
2497 3486 2607 3524 non
2651 3471 2824 3539 bibat,
2856 3473 2954 3531 sed
2993 3474 3100 3530 sibi
3129 3476 3234 3547 ipsi
3265 3484 3321 3533 et
3350 3476 3448 3534 do-

1863 3559 2057 3614 ctrinae
2101 3561 2376 3630 attendat,
2432 3563 2580 3634 quod
2628 3565 2767 3622 sciat
2819 3567 2939 3624 fore
2984 3575 3264 3641 tempora,
3318 3574 3444 3644 qui-

1860 3650 1966 3706 bus
2029 3654 2278 3708 nonnulli
2333 3670 2363 3709 a
2418 3654 2524 3711 ﬁde
2587 3655 2855 3713 defecturi
2917 3659 3047 3717 sint.
3108 3660 3210 3718 Ubi
3274 3664 3441 3722 etiam

1862 3756 2023 3798 escas
2045 3744 2279 3799 mundas
2307 3759 2429 3801 esse
2465 3746 2673 3813 docuit,
2708 3764 2773 3805 ac
2799 3754 3081 3822 praecepit,
3115 3765 3175 3809 ut
3205 3764 3440 3813 conten-

1862 3833 2034 3890 tiosas
2061 3843 2115 3888 et
2154 3834 2409 3904 profanas
2444 3840 2776 3908 quaestiones
2804 3852 3110 3912 aversetur,
3151 3847 3209 3902 in
3238 3849 3439 3919 quibus

1857 3925 2080 3995 quidam
2113 3928 2409 3998 gloriantes
2438 3932 2601 3989 ﬁdem
2631 3938 2960 4007 transgressi
2975 3938 3090 4010 jam
3115 3949 3295 4009 erant,
3320 3942 3438 3997 linit

1764 4074 1769 4081 _
1857 4014 2177 4088 Epistolam.

2138 4118 2485 4198 Duodecimn,
2526 4130 2654 4185 item
2691 4132 2762 4187 ad
2798 4133 3150 4195 Timotheum.

1926 4231 2015 4286 70.
2057 4231 2208 4317 Hanc
2235 4236 2364 4293 item
2396 4240 2461 4294 ad
2499 4239 2842 4327 Timotheum
2865 4244 3039 4302 Roma
3065 4248 3232 4306 misit.
3262 4249 3437 4309 Occa-

1855 4321 1939 4377 sio
1963 4324 2084 4394 ejus
2114 4327 2240 4380 talis
2274 4337 2378 4384 cst.
2412 4329 2549 4385 Cum
2583 4324 2748 4388 vellet
2774 4336 3106 4407 Apostolus,
3138 4349 3435 4413 postquam

1852 4416 2104 4474 desertus
2132 4429 2251 4475 erat
2283 4422 2352 4477 ab
2392 4423 2481 4489 iis,
2513 4425 2606 4496 qui
2636 4426 2993 4497 profectionis
3021 4432 3159 4486 socii
3193 4431 3432 4502 fuerant,

167 4489 543 4560 ταλειψάντων
590 4496 753 4551 αὐτὸν
778 4536 793 4564 ,
850 4498 1174 4572 βουλόμενος
1217 4506 1246 4556 ὁ
1290 4504 1612 4571 Ἀπόστολος
1660 4508 1751 4563 τὸν

1867 4508 1926 4562 ad
1961 4525 2021 4565 se
2045 4512 2232 4568 venire
2261 4489 2805 4584 Timotheum,-hanc
2842 4522 3066 4594 scripsit
3106 4523 3431 4597 Epistolam.

166 4581 438 4653 Τιμόθεον
464 4584 637 4641 ἐλθεῖν
667 4590 804 4661 πρὸς
846 4593 1031 4657 αὑτὸν,
1072 4595 1274 4666 γράφει
1306 4596 1403 4668 τὴν
1437 4598 1747 4671 ἐπιστολήν.

162 4671 282 4725 Καὶ
312 4673 528 4745 πρῶτον
556 4676 653 4746 μὲν
674 4677 824 4750 δηλοῖ
855 4682 1050 4735 ἑαυτὸν
1093 4687 1457 4756 μνημονεύειν
1490 4689 1655 4744 αὐτοῦ
1688 4708 1750 4745 τε

163 4765 268 4838 τῆς
288 4768 577 4833 εὐλαϐείας
604 4773 699 4826 καὶ
725 4774 824 4845 τῆς
846 4776 955 4830 τῶν
983 4779 1264 4849 προγόνων
1291 4782 1456 4836 αὐτοῦ
1481 4784 1746 4851 πίστεως

161 4856 362 4912 ἔπειτα
396 4860 475 4924 δὲ,
503 4863 586 4915 ὅτι
627 4865 677 4917 οὶ
702 4866 810 4919 άπὸ
849 4867 1055 4934 Ἀσίας,
1096 4866 1172 4924 ὧν
1201 4874 1315 4926 ἐστι
1351 4873 1616 4943 Φύγελλος
1654 4878 1749 4931 καὶ

174 4948 517 5025 Ἑρμογένης
537 4994 553 5020 ,
587 4956 1024 5032 ἀπεστράφησαν
1076 4964 1240 5018 αὑτὸν
1262 5004 1276 5029 ,
1322 4967 1557 5038 ὁρῶντες
1582 4969 1746 5023 αὐτοῦ

160 5038 264 5105 τὰς
292 5042 535 5107 ἁλύσεις.
571 5045 674 5098 Τὸν
711 5049 1061 5121 Ὀνησιφόρον
1087 5051 1144 5104 δὲ
1176 5052 1494 5118 ἀπεδέξατο,
1525 5054 1747 5108 ἐλθόντα

162 5130 247 5193 είς
272 5131 374 5201 τὴν
412 5133 661 5205 Ῥώμην,
717 5139 810 5191 καὶ
857 5140 1265 5211 προσμείναντα
1304 5143 1472 5215 αὐτῷ.
1525 5147 1747 5218 Παραγ-

161 5222 344 5290 γέλλει
383 5225 440 5278 δὲ
488 5227 639 5299 αὐτῴ
687 5233 1072 5303 παραιτεῖσθαι
1118 5234 1216 5298 τὰς
1248 5236 1437 5309 μωρὰς
1464 5238 1741 5310 ζητήσεις,

159 5312 252 5366 διὰ
266 5315 331 5367 τὸ
350 5314 412 5380 ἐξ
435 5317 614 5373 αὐτῶν
640 5322 930 5389 γεννᾶσθαι
958 5323 1160 5395 μάχας.
1186 5326 1296 5378 Καὶ
1320 5326 1429 5398 γὰρ
1458 5328 1744 5399 Ὑμέναιος

159 5409 259 5461 καὶ
312 5408 561 5481 Φιλητδς,
604 5413 777 5479 οὕτως
827 5417 1197 5488 ἐκτραπέντες
1218 5458 1234 5484 ,
1274 5408 1595 5492 παρέϐησαν
1643 5423 1744 5495 τὴν

160 5497 455 5572 ἀληθειαν,
502 5502 750 5573 λέγοντες
802 5508 1094 5563 ἀνάστασιν
1141 5511 1241 5582 ἠδη
1286 5513 1604 5583 γεγονέναι.
1647 5517 1744 5570 καί

155 5604 314 5655 τινας
328 5593 718 5666 ἀνατρέπουσι.
740 5599 957 5655 Μᾶλλον
979 5597 1071 5655 οὖν
1099 5609 1355 5674 παραινεῖ
1375 5607 1548 5679 τούτῳ
1573 5626 1742 5682 προσ-

157 5680 307 5759 ἔχειν
340 5686 522 5758 ἐαυτῷ
553 5690 648 5745 καὶ
682 5695 748 5762 τῇ
786 5692 1122 5768 διδασκαλίᾳ,
1148 5698 1244 5752 καὶ
1266 5699 1467 5754 εἰδέναι
1496 5680 1629 5772 μὲν,
1658 5704 1740 5758 ὅτι

154 5770 220 5854 ἐν
258 5774 508 5850 ὑστέροις
563 5786 772 5853 καιροῖς
800 5785 1010 5842 ἔσονται
1046 5792 1097 5842 οί
1139 5792 1415 5866 ἄνθρωποι
1469 5770 1738 5866 φιλήδονοι

474 5873 751 5939 Panos.
785 5879 902 5945 Gn.
923 5883 1221 5947 XXVIII.

1853 4598 1921 4652 Et
1945 4600 2103 4656 initio
2125 4603 2396 4675 signiﬁcat
2427 4621 2488 4663 se
2535 4624 2833 4667 memorem
2866 4628 3012 4681 esse,
3043 4609 3180 4670 cum
3213 4618 3435 4688 pietatis

1852 4691 2011 4758 ejus,
2066 4701 2183 4749 tum
2236 4696 2365 4753 ﬁdei
2415 4699 2687 4771 majorum
2741 4703 2938 4775 ipsius.
2993 4706 3200 4766 Deinde
3259 4713 3431 4784 quod.

1850 4785 1944 4853 qui
1982 4801 2051 4841 cx
2093 4786 2225 4842 Asia
2255 4796 2432 4856 erant,
2462 4808 2525 4847 ex
2556 4808 2788 4864 quorum
2831 4813 3062 4857 numero
3089 4812 3248 4858 erant
3287 4802 3436 4878 Phy-

1849 4879 2025 4948 gellus
2056 4887 2110 4935 et
2158 4881 2530 4955 Hermogenes
2550 4925 2566 4952 ,
2596 4891 2833 4945 aversati
2867 4907 2927 4948 se
2953 4893 3064 4948 sint
3084 4938 3100 4963 ,
3131 4895 3189 4951 in
3219 4902 3432 4956 catenis

1849 4973 2211 5030 constitutum
2255 4976 2521 5036 videntes.
2579 4980 2983 5056 Onesiphorum
3036 5003 3166 5044 vero
3216 4989 3428 5061 laudat,

1847 5065 1994 5134 quod
2058 5066 2107 5122 is
2163 5066 2393 5124 Romam
2440 5074 2671 5141 venerit,
2723 5084 2779 5131 et
2839 5077 2984 5147 apud
3035 5093 3097 5134 se
3138 5083 3426 5139 manserit.

1847 5157 2101 5230 Praecipit
2130 5171 2334 5229 autem,
2384 5171 2444 5219 ut
2490 5168 2692 5223 stultas
2739 5172 3072 5240 quaestiones
3119 5184 3425 5244 aversetur,

1845 5252 1992 5322 quod
2032 5253 2164 5309 hinc
2205 5271 2401 5326 pugna:
2425 5259 2766 5315 oboriantur.
2802 5261 2939 5316 Nam
2987 5265 3091 5321 hoc
3137 5276 3298 5336 pacto
3320 5268 3429 5342 Hy-

1844 5359 2112 5400 menaeum
2156 5354 2211 5402 et
2251 5346 2520 5404 Philctnm
2561 5351 2822 5420 deﬂexos,
2874 5362 3249 5429 transgressos
3302 5376 3428 5419 esse

1843 5437 2172 5504 veritatem,
2238 5438 2521 5509 dicentes,
2578 5446 3038 5504 resurrectionem
3104 5449 3221 5521 jam
3299 5469 3424 5512 esse

1845 5528 2090 5594 factam;
2171 5538 2229 5586 et
2299 5534 2596 5590 nonnullos
2651 5536 2990 5593 subvertere.
3055 5538 3171 5596 Hoc
3233 5543 3422 5615 itaque

1844 5618 2019 5689 magis
2050 5619 2204 5674 illum
2254 5620 2525 5688 hortatur,
2552 5631 2613 5679 ut
2662 5626 2768 5681 sibi
2815 5627 2918 5697 ipsi
2963 5631 3210 5687 attendat
3237 5641 3292 5690 et
3322 5635 3419 5690 do-

1843 5708 2052 5776 ctrinae,
2102 5709 2350 5779 sciatque
2388 5711 2606 5768 futuros
2644 5717 3040 5785 posterioribus
3080 5723 3421 5793 temporibus

1841 5800 2114 5870 homines,
2150 5802 2487 5874 voluptatum
2522 5808 2696 5877 magis
2731 5824 2894 5880 quam
2936 5809 3031 5865 Dei
3060 5823 3330 5882 amantes,
3363 5824 3421 5873 et

3021 5904 3095 5965 ιι
