3880 6186
369 322 468 378 ηπ

1562 324 1625 380 S.
1670 318 2135 378 ATllAt‘tASlUS.
2177 352 2248 364 -
2282 309 2514 378 ῡυΒίῗι.

3563 327 3672 382 428

364 447 447 506 ut,
478 441 586 495 ista
614 436 948 510 praevidens,
968 435 1233 508 populum
1258 435 1575 492 credentem
1602 437 1952 504 communiat,

2073 434 2274 504 μᾶλλον
2310 435 2343 507 ἦ
2378 434 2617 505 φιλόθεοι
2643 449 2657 465 ’
2695 435 3073 508 προϐλέποντα
3117 437 3176 493 δὲ
3206 436 3403 505 ταῦτα,
3433 437 3672 508 ἀσφαλί-

363 546 433 587 ne
459 531 588 603 quis
622 545 688 586 ex
721 529 817 586 illo
852 528 1176 585 seducatur.
1207 528 1509 601 Postquam
1540 537 1726 585 autem
1758 529 1828 585 ad
1854 545 1969 585 mo—

362 638 487 680 rum
526 622 934 679 institutionem
981 633 1039 678 et
1088 622 1359 677 doctrinae
1394 622 1741 678 severitatem
1780 623 1967 678 multis

362 717 520 774 illum
560 717 890 773 adhortatus
927 723 1037 782 est,
1079 732 1145 771 ac
1190 714 1520 787 signiﬁcavit
1557 726 1771 785 tempus
1816 731 1968 771 reso-

363 808 598 865 lutionis
632 824 747 865 sua:
778 808 894 879 jam
938 808 1250 870 imminere,
1284 818 1343 862 ut
1380 822 1481 878 pro
1511 805 1737 862 Christo
1769 806 1969 861 immo-

363 902 532 968 letur,
582 902 838 975 praacipit
885 902 959 966 ei,
1034 900 1193 971 153
1242 909 1304 954 ut
1347 900 1416 956 ad
1474 915 1535 955 se
1592 902 1703 954 cito
1758 886 1964 963 veniat,

365 994 606 1052 aﬂ‘erens
683 1009 873 1050 secum
937 994 1195 1064 penulam
1258 1008 1416 1049 suam
1467 1004 1521 1047 et
1587 992 1777 1046 libros.
1837 990 1969 1045 llor-

364 1095 515 1144 tatur
571 1088 760 1152 etiam,
815 1096 873 1142 ut
916 1085 1286 1141 Alexandrum
1334 1088 1592 1141 aerarium
1635 1092 1847 1148 caveat,
1905 1091 1966 1138 ut

364 1180 461 1252 qui
517 1195 577 1236 se
627 1179 820 1234 multis
873 1177 1039 1233 malis
1087 1176 1350 1241 aﬂecerit,
1412 1184 1578 1248 atque
1631 1178 1707 1231 ita
1759 1174 1965 1231 claudit

368 1273 691 1345 Fpistolam.

754 1386 973 1441 Decima
1013 1387 1174 1441 tertia
1197 1427 1211 1451 ,
1248 1385 1317 1439 ad
1358 1385 1564 1439 Titum.

438 1500 526 1557 7l.
561 1498 717 1555 Hanc
743 1499 894 1554 misit
918 1498 1169 1570 Nicopoli
1200 1518 1213 1553 :
1241 1513 1367 1552 nam
1394 1498 1467 1552 ibi
1498 1496 1835 1554 hibernavit.
1864 1498 1964 1555 Est

365 1601 550 1649 autem
588 1592 850 1663 Epistolaa
897 1594 1121 1648 occasio
1166 1592 1315 1648 talis.
1358 1591 1418 1645 ln
1462 1591 1627 1646 Creta
1657 1591 1961 1662 reliquerat

364 1686 548 1742 Titum
567 1726 582 1749 ,
628 1693 690 1742 ut
720 1688 956 1742 clericos
983 1701 1082 1757 per
1110 1686 1368 1741 civitates
1395 1686 1786 1743 constitueret.
1819 1686 1958 1741 Cum

364 1787 548 1834 autem
585 1777 700 1833 illic
732 1778 891 1832 multi
919 1778 1058 1849 legis
1094 1784 1360 1848 praetextu
1384 1818 1399 1835 .
1435 1779 1699 1848 populum
1730 1778 1960 1834 creden-

363 1878 472 1923 tem
499 1868 809 1925 subducere
839 1876 1199 1932 conarentur,
1227 1869 1284 1922 id
1313 1870 1406 1923 ubi
1436 1870 1695 1940 cognovit
1723 1870 1962 1941 Aposto-

362 1962 471 2025 lus,
499 1959 797 2030 Epistolam
820 1960 1064 2030 scripsit.
1091 1958 1158 2014 Et
1180 1960 1452 2031 principio
1473 1962 1667 2033 gratiis
1688 1964 1827 2019 actis
1852 1962 1961 2018 Deo

362 2057 590 2122 propter
618 2049 795 2120 ipsius
819 2051 1081 2121 pietatem
1105 2089 1121 2115 ,
1155 2051 1365 2107 indicat
1394 2051 1558 2107 ﬁdem
1589 2052 1646 2107 in
1672 2053 1959 2109 Christum

362 2159 476 2199 non
506 2158 630 2199 esse
664 2151 945 2198 recentem
971 2184 986 2210 ,
1020 2144 1118 2199 sed
1152 2159 1182 2199 a
1210 2144 1415 2201 saeculo
1448 2157 1810 2216 praeparatam
1842 2154 1897 2202 et
1928 2162 1959 2201 a

362 2233 478 2291 Deo
506 2233 862 2306 promissam.
911 2234 1121 2291 Deinde
1166 2235 1236 2292 de
1283 2239 1695 2295 constituendis
1740 2240 1960 2295 clericis

362 2328 559 2395 ducet,
591 2326 871 2397 quomodo
900 2327 979 2381 illi
1011 2330 1336 2385 conversari
1366 2338 1421 2385 ct
1451 2332 1644 2401 quales
1688 2347 1812 2387 esse
1858 2333 1954 2387 de-

363 2424 549 2480 beant.
593 2421 852 2492 Praecipit
892 2424 1061 2478 etiam
1114 2422 1231 2490 illi,
1285 2432 1345 2478 ut
1391 2425 1638 2496 increpet
1683 2442 1811 2493 eos,
1862 2428 1957 2497 qui

365 2529 515 2571 sanae
548 2513 671 2570 ﬁdei
706 2514 1154 2569 contradicerent
1175 2553 1192 2578 ,
1221 2515 1463 2571 maxime
1494 2533 1591 2572 eos
1613 2558 1628 2581 ,
1665 2518 1757 2587 qui
1795 2526 1957 2573 erant

364 2622 434 2661 ex
459 2604 885 2661 circumcisione
914 2623 928 2659 :
959 2605 1210 2675 sciatque
1238 2604 1536 2662 Cretenses
1568 2623 1693 2663 esse
1717 2607 1952 2672 otiosos,

363 2705 588 2768 etopus
618 2696 822 2753 habere
852 2697 1253 2767 increpatione.
1308 2697 1375 2753 Et
1421 2707 1717 2771 postquam
1763 2700 1954 2756 docuit

365 2789 547 2845 omnis
577 2788 793 2860 generis
822 2804 980 2845 escas
1014 2805 1139 2845 esse
1171 2790 1406 2845 mundas
1437 2792 1693 2857 mundis,
1726 2802 1779 2848 et
1810 2808 1953 2863 qua-

365 2878 446 2935 les
474 2894 599 2935 esse
631 2880 867 2935 debeant
901 2896 1042 2936 anus
1063 2922 1079 2947 ,
1107 2897 1342 2951 quarum
1374 2891 1462 2938 est
1500 2882 1740 2938 ollicium
1785 2886 1954 2942 casti-

362 2984 495 3041 gare
524 2969 968 3027 adolescentulas
990 3012 1005 3036 ,
1039 2972 1332 3033 admonet,
1362 2974 1641 3043 quomodo
1674 2974 1821 3031 servi
1847 2975 1950 3031 do-

363 3059 529 3116 minis
562 3062 680 3116 suis
711 3062 913 3132 subjici
939 3062 1192 3117 debeant.
1226 3062 1471 3134 Denique
1501 3065 1596 3119 ubi
1627 3065 1949 3133 admonuit,

362 3153 509 3223 quod
544 3154 725 3224 gratia
771 3152 1075 3210 Salvatoris
1122 3170 1232 3208 non
1277 3171 1344 3208 ex
1384 3158 1646 3225 operibus
1688 3173 1792 3215 nos
1825 3158 1951 3229 jus.

362 3244 659 3299 tilicaverit
689 3287 703 3313 ,
739 3246 838 3301 sed
884 3262 954 3301 ex
996 3246 1184 3302 divina
1231 3235 1604 3320 benignitate,
1656 3252 1950 3307 denuntia-

362 3337 589 3407 vitque,
638 3345 702 3392 ut
749 3339 954 3411 legales
1005 3355 1256 3412 pugnas,
1290 3348 1551 3413 tanquam
1601 3344 1952 3415 impudentes

362 3435 673 3495 aversetur,
706 3430 982 3503 signiﬁcat
1018 3433 1133 3498 illi,
1170 3442 1230 3489 ut
1256 3450 1383 3490 cum
1420 3438 1487 3491 ad
1516 3454 1572 3493 se
1605 3439 1817 3494 miserit
1848 3440 1953 3494 Ar-

363 3530 599 3586 temam,
631 3521 701 3576 ad
731 3537 793 3577 se
824 3524 1033 3580 veniat.
1063 3523 1321 3597 Praecipit
1352 3530 1513 3583 etiam
1537 3569 1552 3594 ,
1585 3537 1644 3583 ut
1672 3530 1952 3587 auditores

364 3627 497 3668 suos
528 3613 689 3669 bonis
718 3615 981 3685 operibus
1014 3632 1249 3688 praeesse
1276 3618 1504 3687 doceat,
1538 3628 1704 3693 atque
1731 3623 1805 3677 ita
1838 3633 1952 3679 ter-

364 3705 537 3759 minat
569 3705 892 3777 Epistolam.

655 3909 871 3966 Decima
902 3927 1098 3982 quarta
1120 3957 1134 3981 ,
1172 3920 1242 3971 ad
1284 3915 1662 3973 Philemonem.

434 4022 525 4080 7‘2.
561 4023 716 4081 lianc
747 4026 922 4084 Roma
951 4030 1138 4088 mittit.
1171 4032 1404 4091 Occasio
1436 4043 1619 4091 autem
1664 4035 1786 4105 ejus
1835 4036 1951 4092 haec

362 4115 806 4177 est:0nesimus
842 4138 1034 4180 servus
1063 4122 1402 4183 Philemonis
1438 4128 1761 4201 aufugerat,
1797 4140 1852 4186 et
1882 4131 1952 4185 ad

361 4207 596 4265 Paulum
627 4224 890 4281 venerat,
924 4226 1091 4287 atque
1123 4219 1191 4274 ab
1221 4220 1317 4276 illo
1360 4222 1417 4276 in
1462 4221 1568 4278 ﬁde
1609 4223 1947 4290 instructus,

363 4301 440 4355 illi
473 4303 627 4359 utilis
658 4305 727 4360 ad
757 4306 1125 4364 ministerium
1159 4320 1298 4367 erat.
1361 4312 1438 4369 De
1469 4314 1573 4369 hoc
1603 4314 1787 4385 itaque
1816 4317 1954 4371 scri-

364 4390 443 4446 bit
473 4390 816 4461 Philemoni,
861 4398 1051 4468 illique
1094 4403 1445 4457 commendat
1489 4403 1845 4471 Onesimum,
1890 4413 1951 4460 ut

364 4483 582 4539 sincere
611 4499 743 4557 erga
773 4502 900 4542 eum
931 4488 1224 4557 alliciatur,
1259 4510 1359 4550 nec
1392 4498 1631 4567 amplius
1672 4513 1798 4553 eum
1846 4498 1948 4552 ha-

2072 527 2263 593 ζεσθαι
2291 528 2422 592 τοὺς
2467 528 2652 593 λαοὺς,
2692 529 2766 600 μή
2803 546 2887 593 τις
2916 529 2977 594 ἐξ
3022 529 3201 583 αὐτῶν
3240 531 3525 603 ἀπατηθῇ.
3557 531 3676 587 Καὶ

2072 624 2153 684 εἰς
2176 620 2244 675 τά
2270 619 2374 692 ῆθη
2400 620 2456 673 δέ
2486 620 2581 674 καὶ
2614 620 2694 683 εἰς
2728 620 2829 691 τὴν
2869 623 2970 693 τῆς
2998 621 3349 686 διδασκαλίας
3379 622 3676 695 ἀκρίϐειαν

2070 714 2243 767 πολλά
2265 712 2719 785 προτρεψάμενος
2740 712 2926 777 αὐτὸν,
2956 712 3052 766 καὶ
3078 714 3328 785 σημάνας
3356 713 3448 768 τὸν
3476 714 3678 786 καιρὸν

2068 804 2255 858 λοιπὸν
2294 806 2395 877 τῆς
2428 804 2744 867 ἀναλύσεως
2777 805 2941 858 αὑτοῦ
2971 807 3277 872 ἐνεστάναι,
3313 805 3407 860 καὶ
3453 805 3676 878 μέλλειν

2070 899 2394 954 σπένδεσθαι
2442 900 2537 952 καὶ
2572 902 2907 971 μαρτυρεῖν,
2955 898 3265 953 ἐνετείλατο
3295 897 3446 969 αὐτῷ
3492 898 3675 954 ἐλθεῖν

2068 991 2206 1063 πρὸς
2237 990 2401 1045 αὐτὸν
2458 992 2691 1063 ταχέως,
2729 988 3026 1062 κομίζοντα
3058 991 3150 1044 τὸν
3200 991 3431 1060 φελόνην
3469 992 3567 1045 καὶ
3599 990 3677 1048 τέε

2069 1083 2272 1155 βιϐλία.
2314 1083 2600 1154 Παρῄνεσε
2651 1082 2709 1135 δὲ
2753 1082 2905 1153 αὐτῷ
2942 1083 3289 1154 Ἀλέξανδρον
3333 1087 3427 1138 τὸν
3461 1084 3679 1156 χαλκέα

2068 1175 2460 1245 φυλάττεσθαι,
2496 1174 2571 1238 ὡς
2627 1172 2799 1227 πολλά
2847 1174 2995 1228 κακὰ
3053 1174 3431 1247 ἐνδειξάμενον
3477 1176 3674 1247 dum?"

2064 1268 2159 1322 καὶ
2187 1268 2328 1321 οὕτω
2361 1269 2562 1321 τελειοῖ
2590 1266 2689 1337 τὴν
2722 1268 3036 1340 ἐπιστολήν.

2425 1382 2909 1453 Τρισκαιδεκάτη,
2950 1383 3101 1451 πρὸς
3145 1383 3330 1438 Τῖτον.

2134 1496 2223 1551 71.
2255 1494 2472 1567 Ταύτην
2499 1495 2804 1549 ἐπιστέλλει
2848 1495 2957 1551 ἀπὸ
2982 1497 3364 1561 Νικοπόλεως·
3398 1497 3516 1551 ἐκεῖ
3553 1497 3664 1570 γὰρ

2062 1585 2495 1657 παρεχείμασεν.
2539 1585 2605 1638 Ἠ
2638 1585 2694 1638 δὲ
2723 1586 3000 1657 πρόφασις
3027 1586 3129 1656 τῆς
3155 1586 3447 1657 ἐπιστολῆς
3481 1586 3626 1658 αὕτη
3647 1605 3661 1617 ·

2061 1677 2158 1741 Ei;
2191 1678 2290 1748 μὲν
2308 1676 2408 1749 τὴν
2434 1678 2662 1749 Κρήτην
2707 1677 2942 1730 ἀπέλιπε
2968 1676 3060 1730 τὸν
3106 1678 3285 1745 Τῖτον,
3344 1678 3434 1733 ἵνα
3489 1696 3665 1734 κατα-

2064 1772 2237 1843 στήσῃ
2266 1771 2408 1826 κατά
2436 1772 2621 1834 πόλεις
2649 1770 2975 1842 κληρικούς’
3007 1770 3216 1826 πολλῶν
3240 1773 3298 1826 δὲ
3330 1772 3502 1828 ὄντων
3546 1775 3669 1827 ἐκεῖ

2063 1863 2173 1916 τῶν
2194 1863 2620 1935 ἐπιχειρούντων
2648 1863 2922 1931 προφάσει
2954 1862 3049 1916 τοῦ
3076 1864 3243 1936 νόμου
3285 1866 3503 1937 ἀπατᾷν
3530 1867 3662 1930 τοὺς

2063 1955 2247 2019 λαοὺς,
2284 1954 2470 2026 μαθὼν
2499 1958 2527 2009 ὁ
2560 1953 2904 2021 Ἀπόστολος,
2932 1957 3155 2028 γράφει.
3187 1957 3298 2011 Καὶ
3320 1958 3537 2029 πρῶτον
3562 1957 3666 2029 μὲν

2062 2046 2400 2118 εὐχαριστῶν
2422 2045 2502 2118 τῷ
2533 2045 2653 2117 Θεῷ
2677 2046 2767 2101 διὰ
2784 2046 2883 2117 τὴν
2909 2048 3075 2101 αὐτοῦ
3109 2049 3419 2116 εὐλάϐειαν,
3460 2051 3666 2123 σημαί-

2061 2155 2141 2191 νει
2166 2138 2267 2211 τὴν
2301 2141 2358 2193 ἐν
2388 2138 2611 2210 Χριστῷ
2640 2138 2826 2194 πίστιν
2855 2142 2929 2214 μὴ
2963 2143 3237 2215 νεωτέραν
3263 2136 3426 2211 εἶναι,
3459 2142 3574 2197 ἀλλ’
3599 2143 3665 2208 ἐξ

2060 2230 2257 2294 αίῶνος
2285 2231 2639 2303 ἡτοιμάσθαι,
2674 2234 2770 2288 καὶ
2795 2234 3134 2305 ἐπηγγέλθαι
3175 2235 3330 2308 παρά
3376 2235 3472 2290 τοῦ
3522 2235 3663 2289 Θεοῦ

2059 2325 2297 2397 ταύτηνο
2327 2325 2523 2381 ἔπειτα
2567 2326 2625 2379 δὲ
2675 2326 2772 2379 καὶ
2824 2326 2953 2397 περὶ
3002 2327 3101 2397 τῆς
3132 2326 3523 2391 καταστάσεως
3548 2326 3662 2381 τῶν

2059 2419 2362 2490 κληρικῶν.
2399 2420 2511 2473 Καὶ
2539 2418 2730 2474 τοῦτον
2751 2419 3015 2483 διδάσκει,
3036 2418 3174 2483 πῶς,
3198 2420 3293 2473 καὶ
3314 2419 3532 2482 ὁποίους
3558 2420 3664 2474 αύ-

2058 2512 2184 2575 τοὺς
2211 2509 2349 2564 εἶναι
2371 2511 2469 2565 δεῖ.
2496 2511 2608 2564 Καὶ
2640 2512 2901 2582 ἐπιτιμᾷν
2935 2510 2991 2564 δὲ
3029 2509 3333 2565 ἐντέλλεται
3368 2510 3518 2581 αὐτῷ
3541 2514 3662 2575 τοῖς

2058 2600 2397 2671 ἀντιλέγουσι
2430 2604 2496 2673 τῇ
2539 2601 2862 2674 ὑγιαινούσῃ
2907 2602 3127 2655 πίστει·
3162 2602 3397 2672 μάλιστα
3428 2606 3540 2667 τοῖς
3591 2603 3661 2656 ἐκ

2058 2695 2381 2766 περιτομῆς,
2418 2693 2616 2749 εἰδέναι
2649 2712 2707 2748 τε
2731 2695 2858 2759 τοὺς
2903 2695 3151 2766 Κρῆτας,
3188 2696 3271 2748 ὅτι
3313 2696 3473 2768 ἀργοί
3525 2697 3656 2760 εἰσι,

2056 2788 2152 2841 καὶ
2183 2788 2477 2861 χρῄζουσιν
2512 2789 2819 2859 ἐπιτιμίας.
2855 2772 3083 2856 Ᾰιδάξπας
3112 2806 3171 2842 τε
3208 2788 3385 2843 πάντα
3412 2788 3481 2842 τὰ
3510 2789 3660 2861 βρώ-

2060 2897 2206 2951 ματα
2245 2878 2465 2951 καθαρά
2490 2876 2628 2933 εἶναι
2656 2882 2767 2944 τοῖς
2797 2880 3060 2952 καθαροῖς
3084 2921 3099 2945 ,
3131 2880 3229 2934 καὶ
3288 2880 3481 2944 ὁποίας
3512 2876 3660 2935 εἶναι

2054 2972 2136 3025 δεῖ
2158 2972 2259 3036 τάς
2286 2971 2677 3043 πρεσϐύτιδας,
2698 2971 2799 3035 τὰς
2824 2973 3150 3042 ὀφειλούσας
3179 2972 3533 3045 σωφρονίζειν
3551 2974 3657 3038 τὰς

2055 3064 2219 3133 νέας,
2279 3067 2542 3137 παραινεῖ
2579 3065 2698 3128 πῶς
2744 3066 2826 3119 δεῖ
2879 3066 3006 3131 τοὺς
3061 3064 3281 3130 δούλους
3342 3068 3458 3128 τοῖς
3504 3064 3662 3129 ἰδίοις

2054 3157 2343 3221 δεσπόταις
2372 3160 2799 3214 ὑποτάσσεσθαι.
2836 3161 2950 3213 Καὶ
3002 3158 3179 3223 τέλος,
3225 3160 3546 3230 ὑπομνήσας
3572 3160 3659 3213 ὅτι

2055 3252 2088 3321 ἡ
2113 3250 2207 3303 τοῦ
2241 3251 2494 3322 Σωτῆρος
2516 3253 2679 3324 χάρις
2708 3254 2809 3306 οὐκ
2838 3252 2897 3319 ἐξ
2930 3250 3110 3325 ἔργων
3137 3252 3288 3323 ἡμᾶς
3309 3251 3656 3315 ἐδικαίωσεν,

2056 3342 2190 3396 ἀλλά
2222 3346 2287 3414 τῇ
2334 3344 2439 3415 ἰδίᾳ
2488 3344 2907 3419 φιλανθρωπίᾳ,
2967 3346 3061 3399 καὶ
3123 3345 3499 3416 παραγγείλας
3552 3344 3660 3409 τάς

2055 3434 2288 3506 νομικὰς
2317 3436 2497 3507 μάχας
2524 3437 2912 3510 ἐκτρέπεσθαι,
2949 3437 3026 3501 ὡς
3044 3437 3437 3508 ἀναισχύντους
3460 3435 3653 3503 οὔσας,

2054 3526 2205 3597 δηλοῖ
2237 3527 2406 3599 αὐτῷ,
2446 3529 2587 3600 μετὰ
2615 3529 2677 3584 τὸ
2707 3529 2922 3601 πέμψαι
2964 3531 3099 3602 πρὸς
3139 3530 3303 3583 αὐτὸν
3346 3530 3651 3602 Ἀρτεμᾶν,

2056 3618 2142 3672 ἵνα
2166 3618 2294 3693 έλθῃ
2322 3621 2459 3691 πρὸς
2484 3621 2667 3675 αὐτόν.
2703 3621 3036 3676 Ἐνετείλατό
3077 3639 3137 3675 τε
3177 3621 3328 3692 αὐτῷ
3355 3660 3370 3684 ,
3399 3621 3542 3675 ὥστε
3566 3622 3655 3675 δι-

2053 3711 2295 3775 δάσκειν,
2322 3712 2418 3765 καὶ
2446 3713 2572 3775 τοὺς
2610 3712 2775 3766 αὐτοῦ
2808 3713 2990 3768 καλῶν
3019 3713 3197 3786 ἔργων
3257 3714 3651 3786 προΐστασθαι·

2054 3804 2149 3857 καὶ
2174 3802 2317 3857 οὕτω
2338 3804 2534 3857 τελειοῖ
2551 3806 2649 3877 τὴν
2674 3807 2980 3878 ἐπιστολήν.

2250 3918 2909 3990 Τεσσαρεσκαιδεκάτη,
2939 3920 3089 3989 πρὸς
3116 3922 3442 3993 Φιλήμονα.

2125 4033 2212 4087 72.
2241 4032 2459 4105 Ταύτην
2485 4034 2788 4089 ἐπιστέλλει
2819 4035 2927 4088 ἀπὸ
2971 4036 3213 4109 Ῥώμης.
3256 4038 3320 4090 Ἠ
3350 4038 3408 4091 δὲ
3436 4036 3657 4109 πρόφα-

2054 4140 2138 4187 σις
2165 4123 2265 4194 τῆς
2290 4122 2580 4196 ἐπιστολῆς
2618 4124 2758 4197 α’ύτη
2782 4142 2795 4154 ·
2845 4126 3135 4197 Ὀνήσιμος
3164 4127 3193 4179 ό
3224 4127 3445 4197 οἰκέτης
3487 4127 3656 4201 Φιλή-

2057 4230 2215 4285 μονος
2238 4212 2429 4282 ἔφυγε,
2456 4213 2551 4267 καὶ
2581 4214 2853 4286 προσῆλθε
2886 4215 2964 4285 τῷ
2996 4215 3209 4287 Παύλῳ,
3239 4216 3331 4269 καὶ
3359 4218 3650 4291 κατηχήθη

2054 4307 2183 4374 παρ’
2214 4305 2401 4372 αὐτοῦ,
2428 4308 2524 4359 καὶ
2558 4306 2782 4376 γέγονεν
2814 4307 2965 4379 αὑτῷ
3015 4309 3284 4379 χρήσιμος
3328 4310 3408 4373 εἰς
3465 4310 3655 4365 6mm-

2053 4396 2191 4450 νίαν.
2226 4396 2365 4466 Περὶ
2390 4399 2582 4451 τούτου
2609 4398 2793 4452 τοίνυν
2831 4400 3034 4470 γράφει
3090 4400 3352 4471 Φιλήμονι
3413 4418 3654 4473 παρατι-

2056 4487 2281 4560 θέμενος
2331 4489 2480 4561 αύτῷ
2542 4490 2635 4543 τὸν
2682 4492 3005 4562 Ὀνήσιμον,
3064 4492 3151 4546 ἵνα
3200 4494 3445 4568 προσέχῃ
3498 4496 3652 4568 αὐτῷ

364 4575 490 4629 beat
521 4582 582 4631 ut
630 4592 889 4647 servum,
922 4582 1019 4637 sed
1073 4594 1133 4638 ut
1189 4584 1435 4643 fratrem.
1487 4588 1755 4645 Hortatur
1790 4592 1944 4646 illum

2062 4580 2315 4651 γνησίως,
2352 4582 2445 4634 καὶ¹
2488 4582 2685 4653 μηκέτι
2733 4583 2832 4656 ἔχῃ
2865 4585 3027 4638 αὐτὸν
3054 4585 3131 4649 ὡς
3182 4585 3388 4653 δοῦλον,
3422 4587 3539 4641 ἀλλ’
3572 4590 3653 4652 ὡς

363 4666 529 4721 etiam
587 4676 646 4723 ut
684 4669 991 4742 hospitium
1044 4676 1148 4731 sibi
1188 4687 1385 4747 paret,
1436 4689 1496 4737 ut
1546 4683 1641 4739 ubi
1696 4684 1946 4751 venerit,

364 4761 623 4817 manendi
652 4763 834 4819 locum
867 4765 1145 4825 inveniat:
1176 4779 1231 4827 et
1258 4773 1337 4828 sic
1368 4773 1487 4829 ﬁnit
1519 4775 1845 4847 Epistolam.

618 4973 776 5029 Liber
802 4984 1039 5033 octavus.
1072 4980 1422 5053 Apocalypsis
1444 4981 1694 5041 Joannis.

434 5088 522 5146 75.
556 5086 673 5147 Hoc
700 5093 924 5150 nomine
949 5103 1179 5153 vocatur
1210 5098 1300 5154 hic
1333 5099 1494 5168 liber,
1530 5104 1660 5173 quia
1689 5104 1831 5160 hanc
1860 5121 1949 5162 re-

352 5180 689 5241 velationem
719 5186 838 5258 ipse
867 5185 1108 5245 Joannes
1131 5193 1464 5264 evangelista
1495 5203 1549 5250 et
1573 5197 1863 5271 theologus
1891 5201 1949 5255 in

354 5272 556 5332 Patmo
586 5277 765 5334 insula
796 5280 971 5347 dicta,
999 5281 1285 5340 Dominico
1314 5286 1402 5342 die
1430 5287 1595 5354 vidit,
1645 5291 1953 5363 jussusque

362 5368 732 5439 conscripsit,
767 5378 827 5425 ut
861 5372 929 5425 ad
966 5384 1176 5443 septem
1216 5375 1497 5437 Ecclesias
1532 5383 1777 5440 mitteret
1806 5426 1820 5451 ,
1866 5387 1950 5443 vi-

363 5456 564 5549 delicet
618 5460 795 5518 istas:
844 5464 1154 5535 Ephesum,
1208 5467 1534 5542 Smyrnam,
1575 5474 1944 5549 Pergamum,

365 5547 714 5621 Thyatiram,
771 5554 1004 5622 Sardes,
1036 5558 1470 5635 Philadelphiam
1507 5576 1562 5623 et
1591 5547 1944 5629 Laodiceam.

364 5640 498 5706 Quae
528 5659 657 5698 vero
692 5645 748 5699 in
779 5646 883 5702 hac
911 5650 1126 5707 visione
1163 5654 1330 5722 vidit,
1363 5661 1535 5714 multa
1583 5673 1711 5718 sunt
1753 5680 1817 5719 ac
1849 5682 1948 5720 va-

364 5732 469 5785 ria.
495 5731 575 5787 Ac
603 5733 823 5789 demum
854 5740 1219 5807 perditionem
1251 5747 1415 5802 etiam
1448 5749 1777 5809 Antichristi
1817 5771 1946 5812 cum

364 5824 590 5879 diabolo
618 5826 775 5883 vidit.
807 5828 1041 5889 Jubctur
1072 5844 1254 5892 autem
1285 5842 1524 5912 primum
1558 5848 1801 5907 scribere
1831 5853 1948 5909 sin-

2053 4670 2300 4739 ἀδελφόν.
2349 4672 2732 4746 Προετρέψατο
2768 4676 2824 4728 δὲ
2880 4677 3063 4741 αὐτὸν,
3121 4679 3217 4733 καὶ
3261 4679 3443 4747 ξενίαν
3494 4682 3651 4751 αὐτῷ

2054 4764 2360 4834 ἑτοιμάσαι,
2398 4764 2505 4827 ἵνα,
2542 4764 2636 4819 ἐὰν
2670 4766 2820 4840 ἔλθῃ,
2851 4767 2986 4841 εὕρῃ
3034 4770 3136 4823 πού
3175 4772 3364 4844 μείνῃ·
3415 4774 3512 4827 καὶ
3557 4773 3651 4827 οὔ·

1992 4908 1995 4911 _
2051 4871 2129 4907 τω
2162 4855 2355 4909 τελειοῖ
2385 4855 2483 4928 τὴν
2517 4858 2829 4929 ἐπιστολήν.

2276 4951 2522 5003 Βιϐλίον
2550 4957 2624 5018 η’.
2664 4952 3072 5022 Ἀποκάλυψις
3123 4954 3416 5010 Ἰωάννου.

2124 5037 2214 5092 75.
2246 5040 2403 5094 Οὕτω
2436 5043 2680 5098 καλεῖται
2712 5045 2772 5098 τὸ
2810 5045 3038 5115 βιϐλίον,
3073 5047 3260 5121 ἐπειδὴ
3291 5050 3386 5102 καὶ
3434 5050 3647 5123 ταύτην

2050 5128 2151 5198 τὴν
2185 5131 2531 5204 ἀποκάλυψιν
2574 5137 2739 5201 αὐτὸς
2783 5138 3039 5211 Ἰωάννης
3068 5142 3097 5193 ό
3128 5142 3522 5217 εὐαγγελιστὴς
3551 5147 3648 5200 καὶ

2054 5219 2303 5290 θεολόγος
2332 5222 2577 5296 ἑώρακεν
2609 5228 2667 5280 ἐν
2692 5229 2759 5299 τῇ
2794 5228 3004 5301 Πάτμῳ
3044 5231 3358 5307 καλουμένῃ
3383 5236 3558 5308 νήσῳ,
3584 5240 3650 5292 ἐν

2053 5312 2237 5386 ἡμέρᾳ
2267 5316 2540 5390 Κυριακῇ,
2570 5320 2665 5373 καὶ
2690 5320 3002 5387 κελευσθεὶς
3026 5322 3263 5397 ἔγραψεν
3288 5327 3480 5399 αὐτὴν,
3498 5328 3648 5385 ὥστε

2053 5405 2266 5476 πέμψαι
2299 5409 2379 5473 εἰς
2399 5409 2496 5474 τὰς
2525 5412 3007 5485 ἐπτάἘκκλησίας
3030 5417 3254 5484 ταύτας,
3283 5422 3362 5484 είς
3383 5421 3649 5490 Ἔφεσον,

2053 5499 2132 5561 εἰς
2162 5498 2435 5572 Σμύρναν,
2464 5505 2544 5567 εἰς
2573 5504 2883 5577 Πέργαμον,
2916 5509 2997 5572 είς
3029 5509 3355 5583 Θυάτειραν,
3388 5514 3470 5577 είς
3501 5516 3652 5588 Σάιος

2052 5586 2183 5651 δεις,
2228 5591 2306 5654 είς
2355 5593 2761 5664 Φιλαδέλφειαν,
2816 5599 2911 5652 καὶ
2957 5601 3039 5665 είς
3089 5603 3429 5659 Λαοδίκειαν.
3477 5608 3545 5660 Ἀ
3586 5586 3650 5665 δέ

2054 5682 2191 5735 εἰσιν
2220 5683 2279 5736 ἐν
2312 5686 2377 5754 τῇ
2413 5686 2668 5759 ὀπτασίᾳ,
2726 5687 2898 5742 πολλά
2954 5693 3062 5744 είσι
3101 5693 3195 5746 καὶ
3248 5693 3500 5772 διάφορα.
3533 5698 3650 5753 Καὶ

2053 5770 2208 5836 τέλος
2240 5772 2340 5845 τὴν
2378 5774 2471 5827 τοῦ
2525 5776 2893 5847 Ἀντιχρίστου
2927 5779 3205 5836 ἀπώλειαν
3240 5770 3378 5855 μετά
3406 5787 3500 5840 τοῦ
3528 5789 3650 5843 δια-ι

2058 5858 2215 5914 δόλου
2248 5859 2481 5935 ἑώρακε.
2512 5863 2809 5921 Κελεύεται
2835 5864 2892 5919 δὲ
2925 5866 3143 5939 πρῶτον
3184 5871 3393 5944 γράψαι
3429 5876 3649 5950 ἑκάστῳ
