3880 6186
154 372 155 375 “
189 377 299 434 λιες)

1272 367 1610 426 SYNOPSIS
1649 365 2068 425 SCRIPTUIUE
2096 365 2369 424 SACRE.

3371 372 3484 430 450

189 492 416 563 ἀγγέλῳ
441 490 551 545 τῶν
581 486 997 562 προειρημένων
1011 486 1350 558 Ἐκκλησιῶν
1364 487 1507 543 κατὰ
1531 488 1633 553 τὰς
1659 488 1789 542 έκά-

1892 486 2039 559 gulis
2086 484 2479 556 praedictarum
2521 484 2896 543 Ecclesiarum
2924 486 3138 560 angelis
3174 487 3483 546 secundum

191 602 324 640 στου
362 581 609 657 πράξεις.
638 581 849 645 Πολλὰς
872 580 972 652 μὲν
1021 575 1113 634 οὖν
1159 579 1372 652 ἑώρακε
1405 580 1499 634 καὶ
1553 580 1794 653 παραδό-

192 677 323 741 ξους
360 675 646 737 ὀπτασίας,
677 667 787 726 εἶδε
810 671 868 724 δὲ
898 670 1040 725 ἑπτὰ
1075 669 1296 741 λυχνίας
1328 670 1561 742 χρυσᾶς,
1588 670 1683 723 καὶ
1733 671 1794 724 ὲν

190 768 351 839 μέσῳ
379 766 561 822 αὐτῶν
594 766 780 836 ὅμοιον
811 762 926 835 Υἱῷ
952 761 1241 833 ἀνθρώπου
1264 780 1279 794 ο
1313 763 1409 816 καὶ
1440 760 1791 833 ήρμηνεύθηο

188 875 294 913 σαν
323 859 594 930 αὐτῷ,ότι
614 860 670 911 αἱ
696 856 909 927 λυχνίαι
948 855 1084 909 εἰσὶν
1115 856 1171 908 αί
1213 853 1356 908 έπτά
1392 853 1732 926 Ἐκκλησίαν
1764 855 1793 907 6

186 950 247 1004 δὲ
277 951 338 1004 ἐν
374 951 525 1022 μέσῳ
553 949 735 1004 αὐτῶν
771 952 799 1003 ὁ
825 948 1052 1020 Κύριος.
1076 944 1200 1001 Εἷδε
1236 949 1332 1002 κα)⁸
1370 946 1540 1020 θύραν
1590 947 1793 1017 ἀνεῳγ-

189 1042 370 1114 μένην
423 1043 484 1095 ὲν
528 1040 608 1112 τῷ
644 1039 882 1112 οὐρανῷ,
927 1041 1023 1094 καὶ
1058 1041 1120 1093 ὲν
1161 1038 1334 1111 θρόνῳ
1354 1039 1665 1112 καθήμενον
1696 1040 1790 1094 τὸν

184 1134 420 1206 Κύριον,
447 1134 541 1187 καὶ
565 1131 972 1205 πρεσϐυτέρους
1005 1131 1106 1196 κδ’,
1152 1130 1499 1204 καθημένους
1530 1132 1623 1186 ἐπὶ
1660 1131 1789 1204 θρό-

184 1244 319 1292 νους
354 1228 450 1281 καὶ⁵
499 1225 941 1298 προσκυνοῦντας
978 1226 1070 1280 τὸν
1123 1225 1349 1300 Κύριον.
1393 1226 1641 1298 Ἐὠρακε
1692 1226 1790 1280 καὶ

186 1320 497 1401 σφραγῖδας
521 1319 814 1392 λυομένας,
847 1319 943 1375 καὶ
972 1318 1239 1391 λυομένης
1268 1318 1527 1391 ἑκάστης,
1553 1318 1791 1374 ὀπτασίά

180 1430 274 1477 τις
318 1412 548 1481 ἐγίνετο.
594 1408 731 1467 Εἶτα
783 1411 1029 1485 ἑώρακεν
1077 1411 1218 1465 έπτά
1266 1411 1538 1482 ἀγγέλους
1566 1412 1790 1484 ἔχοντας

185 1506 335 1559 ἑπτὰ
385 1504 714 1575 σάλπιγγας,
760 1505 856 1559 καὶ
905 1504 1135 1559 ἑκάστου
1166 1503 1542 1572 σαλπίζοντος,
1578 1503 1791 1573 ἐγίνετο

189 1600 453 1671 σημεῖονο
495 1598 591 1651 τοῦ
643 1597 702 1650 δὲ
750 1596 981 1669 ἑϐδόμου
1029 1596 1403 1661 σαλπίζοντος,
1446 1596 1647 1668 ήκουσε
1702 1596 1791 1649 λε-

184 1691 420 1760 γόντων,
444 1691 526 1744 ὃτι
563 1708 584 1742 ι
627 1690 695 1743 Ἦ
723 1689 974 1761 βασιλεία
1015 1689 1109 1744 τοῦ
1158 1688 1365 1762 κόσμου
1422 1683 1639 1759 ἐγένετο
1694 1688 1787 1743 τοῦ

180 1783 421 1855 Κυρίου.
459 1804 480 1836 ι
514 1785 625 1839 Καὶ
660 1783 875 1855 ἑώρακε
905 1782 1005 1854 τὴν
1025 1782 1256 1837 κιϐωτὸν
1279 1783 1381 1853 τῆς
1408 1782 1683 1853 Διαθήκης
1729 1782 1789 1834 έν

181 1880 426 1953 οὐρανῷ.
457 1876 591 1935 Εἶτα
623 1879 837 1954 ἑώρακε
888 1883 1122 1953 γυναῖκα
1147 1880 1466 1970 ὠδίνουσαν,
1517 1880 1613 1933 καὶ
1657 1878 1787 1952 δρά-
1818 1912 1873 1970 B-

183 1988 358 2025 κοντα
385 1972 559 2045 πυρὸς
592 1970 858 2026 διώκοντα
893 1972 1085 2044 αὑτήν.
1125 1971 1190 2024 Ἦ
1214 1970 1314 2042 μὲν
1345 1966 1439 2024 οῦν
1463 1969 1603 2042 γυνὴ
1648 1970 1788 2024 ἐσώ-

183 2063 257 2137 θη
291 2065 376 2129 είς
399 2064 501 2135 τὴν
528 2063 733 2136 ἔρημον
759 2081 774 2094 ⁸
802 2066 831 2118 6
870 2063 926 2118 δὲ
957 2064 1174 2136 δράκων
1205 2060 1410 2135 ἐϐλήθη
1445 2063 1527 2127 είς
1556 2060 1619 2114 τὸ
1652 2061 1787 2133 πῦρ.

181 2153 325 2211 Εἶτα
359 2155 573 2230 ἑώρακε
608 2156 799 2229 θηρίον
830 2155 953 2227 ἕχον
978 2154 1188 2228 κέρατα
1213 2154 1380 2219 δέκα,
1419 2153 1515 2207 καὶ
1544 2152 1791 2223 κεφαλὰς

181 2247 354 2312 έπτά,
391 2248 487 2301 καὶ
516 2246 580 2299 τὸ
632 2246 871 2319 διάδημα
914 2244 1080 2300 αὐτοῦ
1112 2242 1463 2315 βλασφημίας
1488 2243 1692 2315 γέμον·
1727 2243 1791 2298 τὸ

181 2339 243 2393 δὲ
273 2339 449 2410 ὄνομα
472 2336 638 2392 αὑτοῦ
667 2338 769 2392 οὐκ
794 2334 1081 2409 ἐδήλωσεν,
1109 2335 1246 2389 ἀλλὰ
1288 2334 1380 2391 τὸν
1417 2336 1653 2407 ἀριθμὸν
1692 2336 1789 2390 τοῦ

182 2432 457 2503 ὀνόματος
489 2429 654 2484 αὑτοῦ
704 2428 850 2501 χξςθ.
888 2429 1131 2482 Ἤκουσε
1171 2428 1266 2482 καὶ
1312 2427 1603 2500 παρθένων
1639 2427 1791 2500 ᾀδόν-

182 2541 322 2587 των,
359 2523 457 2577 καὶ
487 2516 926 2577 ἀκολουθούντων
956 2519 1035 2592 τῷ
1076 2520 1294 2592 Ἀρνίῳ,
1329 2520 1425 2574 καὶ
1452 2520 1591 2574 εἶδεν
1619 2521 1789 2591 ἄγγε-

181 2616 280 2670 λον
304 2615 601 2687 πετόμενον
627 2616 686 2668 ὲν
723 2613 1194 2686 μεσουρανήματι,
1222 2612 1317 2666 καὶ
1365 2611 1524 2667 ἄλλον
1565 2612 1789 2666 ἀκολου-

185 2706 412 2773 θοῦντα,
442 2708 538 2762 καὶ¹
561 2706 743 2769 ἀλλον,
775 2706 868 2759 καὶ
892 2703 1124 2775 νεφέλην
1169 2702 1389 2775 λευκὴν,
1432 2704 1527 2757 καὶ
1580 2704 1668 2755 ἐπ’
1693 2703 1788 2756 αύ-

181 2799 289 2871 τῆς
318 2799 633 2870 καθήμενον
666 2799 854 2869 ὅμοιον
879 2795 994 2867 mp
1018 2794 1329 2868 ἀνθρώπου,
1356 2795 1547 2866 ἔχοντα
1575 2796 1668 2849 έπὶ
1691 2796 1791 2867 τῆς

183 2887 439 2959 κεφαλῆς
472 2886 637 2940 αὐτοῦ
675 2885 937 2955 στέφανον
970 2882 1229 2956 χρυσοῦν,
1288 2885 1383 2939 καὶ
1431 2886 1490 2938 έν
1541 2887 1609 2957 τῇ
1645 2884 1791 2957 χειρὶ

188 2979 366 3036 αὑτοῦ
393 2979 662 3051 δρέπανον
694 2978 811 3044 ὀξύ.
860 2973 996 3032 Εἶτα
1045 2976 1291 3050 ἑώρακεν
1322 2976 1589 3047 ἀγγέλους
1623 2976 1787 3045 ἑπτὰ,

186 3073 421 3145 ἔχοντας
452 3070 667 3142 πληγὰς
702 3069 844 3125 ὲπτά
874 3071 976 3136 τὰς
1004 3071 1263 3142 ἐσχάτας,
1295 3071 1390 3125 καὶ
1414 3069 1613 3140 φιάλας
1658 3087 1789 3143 χρυο

187 3168 293 3231 σᾶς
321 3164 606 3237 γεμούσας
636 3167 701 3218 ὲκ
726 3164 820 3218 τοῦ
841 3164 1014 3237 θυμοῦ
1042 3163 1325 3219 τοῦλΘεοῦ.
1350 3159 1486 3219 Εῐτα
1502 3163 1787 3237 ἀπηνέχθη

1894 579 2168 650 cujusque
2196 578 2467 634 actiones.
2496 576 2697 634 Multas
2722 579 2907 649 itaque
2929 587 2985 636 et
3014 578 3371 637 admirabiles
3401 579 3485 635 vi-

1894 675 2080 729 siones
2122 673 2291 737 vidit,
2332 679 2396 728 ut
2439 678 2650 743 septem
2697 670 3031 727 candelabra
3070 685 3273 737 aurea,
3322 678 3382 728 et
3425 670 3482 726 in

1893 767 2076 823 medio
2108 767 2329 822 illorum
2364 766 2601 823 similem
2632 763 2773 820 Filio
2803 763 3047 819 hominis
3072 781 3089 831 ;
3122 771 3178 820 et
3208 763 3486 835 interpre-

1893 861 2163 916 tationem
2201 860 2447 931 accepit,
2483 857 2819 915 candelabra
2855 858 2951 913 illa
2984 871 3110 914 esse
3139 864 3347 927 septem
3382 855 3486 912 Ec—

1891 952 2118 1019 clesias,
2138 960 2193 1007 et
2214 968 2340 1009 eum
2359 995 2375 1020 ,
2402 953 2498 1024 qui
2527 952 2586 1008 in
2615 951 2798 1007 medio
2829 957 2951 1007 erat
2971 991 2987 1017 ,
3019 964 3145 1005 esse
3165 948 3481 1004 Dominum.

1890 1042 2130 1100 Januam
2162 1046 2295 1101 item
2327 1044 2464 1101 vidit
2500 1052 2750 1116 apertam
2784 1043 2841 1098 in
2881 1043 3060 1108 ctelo,
3094 1050 3152 1097 et
3186 1039 3485 1097 Dominum

1892 1138 1949 1193 in
1972 1137 2177 1193 throno
2201 1137 2506 1202 sedentem,
2524 1144 2580 1191 et
2605 1135 2807 1207 viginti
2835 1142 3075 1205 quatuor
3102 1131 3372 1195 seniores,
3398 1145 3490 1188 se-

1891 1231 2086 1287 dentes
2113 1245 2281 1301 super
2310 1232 2543 1285 tbrdnos
2573 1239 2628 1284 et
2659 1226 2952 1282 adorantes
2986 1225 3302 1281 Dominum.
3332 1221 3483 1279 Vidit

1890 1325 2059 1380 etiam
2092 1333 2304 1393 septem
2338 1321 2519 1393 sigilla
2553 1319 2778 1391 aperiri,
2808 1326 2864 1375 et
2889 1333 3225 1389 unoquoque
3262 1324 3484 1388 aperto,

1888 1412 2033 1474 visio
2062 1416 2315 1488 quaedam
2344 1414 2669 1488 apparebat.
2706 1410 2854 1468 Vidit
2894 1411 3094 1468 deinde
3135 1418 3345 1482 septem
3387 1425 3487 1464 an.

1891 1512 2045 1583 gelos
2071 1510 2339 1566 habentes
2369 1516 2577 1581 septem
2608 1508 2771 1563 tubas
2790 1546 2805 1572 ,
2834 1515 2888 1562 et
2909 1520 3242 1579 unoquoque
3266 1504 3484 1559 illorum

1890 1607 2179 1679 clangente
2214 1604 2380 1662 ﬁebat
2428 1605 2646 1676 signum
2670 1641 2686 1668 ,
2740 1600 2978 1672 septimo
3019 1614 3155 1655 vero
3197 1597 3488 1743 clangente

1891 1699 2135 1743 audivit-
2171 1697 2263 1743 ηιιί
2295 1696 2545 1743 dicerent.
2571 1715 2587 1743 ε
2622 1692 2858 1743 Reanum
2888 1690 3107 1743 mundi.
3141 1689 3337 1743 Domin
3394 1680 3484 1743 fa-

1891 1699 2136 1763 audivit,
2171 1697 2265 1771 qui
2295 1696 2587 1752 dicerent:
2620 1692 2858 1766 Regnum
2888 1690 3107 1756 mundi,
3141 1680 3361 1744 Domini
3393 1680 3484 1759 fa-

1892 1802 2035 1846 ctum
2064 1791 2131 1846 ”.
2161 1790 2228 1844 Et
2253 1804 2438 1844 arcam
2466 1787 2783 1843 testamenti
2813 1785 2949 1842 vidit
2975 1786 3033 1841 in
3075 1785 3240 1841 caelo.
3276 1783 3488 1840 Deinde

1892 1884 2181 1938 mulierem
2209 1881 2610 1953 parturientem
2640 1878 2780 1933 vidit
2805 1886 2861 1935 et
2888 1879 3186 1934 draconem
3217 1877 3485 1949 ignitum,

1889 1975 1984 2047 qui
2006 1975 2155 2030 illam
2198 1972 2652 2045 persequebatur.
2680 1970 2879 2027 Mulier
2917 1970 3140 2042 quidem
3165 1981 3381 2027 servata
3400 1976 3489 2027 est

1890 2064 1948 2121 in
1982 2064 2278 2122 solitudine
2300 2107 2315 2131 ,
2347 2063 2517 2120 draco
2552 2054 2714 2137 154
2741 2076 2876 2119 vero
2906 2062 3157 2133 abjectus
3186 2062 3245 2117 in
3278 2062 3483 2134 ignem.

1888 2157 2090 2214 Postea
2128 2158 2362 2214 bestiam
2400 2156 2538 2212 vidit
2578 2156 2874 2212 habentem
2914 2171 3126 2211 cornua
3164 2155 3389 2221 decem,
3432 2161 3489 2211 et

1890 2251 2074 2322 capita
2104 2257 2314 2321 septem
2335 2288 2353 2316 ,
2381 2255 2436 2304 et
2461 2246 2716 2303 diadema
2742 2247 2863 2318 ejus
2890 2247 3233 2319 blasphemia
3261 2247 3487 2318 plenum

1889 2351 2031 2399 erat.
2057 2341 2270 2399 Nomen
2296 2357 2430 2397 vero
2452 2341 2573 2412 ejus
2603 2356 2713 2396 non
2744 2341 3034 2413 patefecit,
3066 2339 3162 2397 sed
3193 2354 3487 2396 numerum

1889 2436 2131 2492 nominis
2170 2435 2330 2506 ejus,
2374 2448 2573 2505 nempe
2619 2434 2868 2491 sexcenti
2914 2433 3201 2504 sexaginta
3247 2448 3368 2489 sex.
3417 2430 3487 2487 Et

1889 2527 2132 2599 virgines
2155 2525 2368 2581 audivit
2385 2534 2654 2582 canentes
2675 2565 2692 2592 ,
2716 2535 2772 2582 et
2791 2524 3007 2597 Agnum
3038 2532 3371 2596 sequentes.
3387 2523 3487 2581 Vi—

1891 2619 1972 2674 dit
2002 2618 2170 2675 etiam
2207 2619 2464 2690 angelum
2499 2634 2600 2691 per
2631 2618 2875 2674 medium
2911 2618 3041 2673 C(Bli
3073 2617 3353 2673 volantem
3377 2659 3393 2686 ,
3429 2625 3488 2674 et

1890 2718 2212 2782 sequentem
2255 2713 2488 2766 alterum
2517 2749 2534 2774 ,
2581 2711 2863 2781 aliumque
2906 2718 3146 2781 postea;
3188 2709 3389 2765 deinde
3429 2716 3488 2765 et

1890 2804 2095 2859 nubem
2138 2803 2435 2858 candidam
2478 2804 2649 2869 vidit,
2684 2814 2739 2859 et
2770 2803 3101 2859 insidentem
3135 2803 3215 2858 illi
3246 2803 3487 2859 similem

1890 2893 2036 2949 Filio
2074 2895 2319 2951 hominis
2348 2936 2363 2961 ,
2403 2896 2461 2950 in
2494 2896 2675 2967 capite
2711 2909 2974 2951 coronam
3019 2910 3244 2950 auream
3277 2895 3488 2950 haben-

1891 2992 2035 3051 tem,
2077 2993 2134 3042 et
2171 2986 2231 3041 in
2265 3000 2434 3041 manu
2467 3001 2573 3042 sua
2606 2985 2805 3042 falcem
2840 2997 3084 3042 acutam.
3145 2985 3356 3043 Deinde
3397 2983 3493 3043 se?

1892 3084 2041 3149 ptem
2072 3078 2297 3149 angelos
2324 3077 2483 3146 vidit,
2500 3077 2769 3134 habentes
2789 3076 2980 3149 plagas
3007 3084 3216 3148 septem
3241 3076 3486 3133 novissi-

1890 3185 2050 3239 mas,
2094 3177 2150 3226 et
2192 3170 2407 3241 phialas
2449 3185 2647 3227 aureas
2687 3171 2882 3243 plenas
2922 3171 3019 3226 ira:
3057 3170 3177 3226 Dei.
3209 3170 3340 3228 Post
3368 3171 3488 3227 hac

184 3259 271 3332 τῷ
292 3255 570 3329 πνεύματι
609 3260 691 3321 εἰς
726 3257 952 3330 ἔρημον,
1008 3257 1105 3312 καὶ
1126 3256 1342 3329 ἑώρακε
1376 3259 1613 3327 γυναῖκα
1652 3255 1788 3310 καθ-

1894 3264 2113 3320 ablatus
2134 3271 2220 3320 est
2240 3265 2436 3336 spiritu
2462 3265 2520 3320 in
2542 3265 2898 3322 solitudinem
2918 3307 2933 3333 ,
2963 3271 3017 3320 et
3038 3264 3175 3320 vidit
3196 3264 3485 3321 mulierem

186 3353 407 3426 ημένην
434 3352 528 3405 ἐπὶ
549 3352 739 3424 θηρίον
770 3351 1042 3419 κόκκινον,
1063 3350 1187 3421 ἕχον
1220 3350 1463 3420 κεφαλὰς
1484 3349 1628 3405 ἑπτά
1647 3366 1661 3381 ·
1694 3350 1790 3404 καὶ

185 3446 469 3516 ἐσήμανεν
494 3442 603 3495 ἀπὸ
629 3439 834 3512 ταύτης
862 3439 1083 3494 ἔσεσθαι
1109 3440 1204 3494 τὸν
1237 3440 1626 3511 Ἀντίχριστον.
1656 3434 1791 3493 Εἶτα

187 3534 412 3605 ἑώρακε
439 3532 532 3585 τὸν
562 3531 791 3603 οὐρανὸν
808 3532 1173 3603 ἀνεῳγμένον,
1199 3531 1297 3585 καὶ
1322 3529 1558 3600 ἔφιππον
1574 3529 1789 3595 λευκὸν,

187 3628 290 3681 καὶ
322 3626 572 3681 ἐκαλεῖτο
599 3626 661 3679 τὸ
684 3625 856 3697 ϐνομα
881 3624 1045 3681 αὐτοῦ
1076 3626 1104 3678 6
1132 3625 1307 3694 Λόγος
1350 3623 1446 3678 τοῦ
1472 3622 1633 3679 Θεοῦ.
1655 3619 1793 3678 Εἶτα

187 3720 411 3791 ἑώρακε
435 3720 495 3772 τὺ
524 3718 715 3791 θηρίον
756 3720 852 3774 καὶ
884 3720 1013 3783 τοὺς
1048 3718 1290 3790 βασιλεῖς
1314 3719 1416 3791 τῆς
1457 3718 1581 3790 γῆς,
1610 3715 1793 3771 θέλον-

186 3834 296 3885 τας
326 3820 556 3891 ποιῆσαι
596 3818 834 3891 πόλεμον
882 3818 1020 3890 μετά
1053 3817 1149 3872 τοῦ
1183 3817 1490 3889 καθημένου
1541 3816 1637 3871 ἐπὶ
1694 3812 1790 3869 τοῦ

187 3913 370 3967 ἵππου
398 3910 495 3964 τοῦ
517 3909 735 3963 λευκοῦ.
776 3912 888 3965 Kal.
930 3909 1167 3981 ἐπιάσθη
1196 3911 1260 3963 τὸ
1292 3909 1501 3981 θηρίον,
1530 3909 1623 3962 καὶ
1672 3908 1790 3979 μετ’

191 4004 364 4058 αὐτοῦ
389 4004 419 4056 6
444 4003 916 4074 ψευδοπροφήτης,
948 4003 1097 4067 ὅστις
1124 3997 1194 4074 ἦν
1221 4004 1251 4055 6
1287 4001 1672 4073 Ἀντίχριστος,
1696 4001 1792 4055 καὶ

190 4093 305 4151 εἶδε
357 4095 723 4167 βαλλομένους
755 4096 952 4160 αὐτοὺς
985 4097 1065 4152 εἰς
1097 4094 1198 4167 τὴν
1238 4094 1438 4165 λίμνην
1464 4091 1559 4147 τοῦ
1594 4091 1789 4164 πυρός.

192 4187 331 4243 Εἶτα
357 4188 573 4260 ἑώρακε
600 4187 999 4242 καταϐαίνοντα
1027 4186 1259 4257 ἄγγελον
1289 4188 1354 4239 ὲκ
1397 4184 1492 4239 τοῦ
1534 4183 1789 4257 οὐρανοῦ,

193 4281 292 4333 καὶ
326 4278 594 4350 βάλλοντα
617 4278 712 4333 τὸν
748 4279 992 4333 Σατανᾶν
1022 4278 1119 4332 καὶ
1140 4279 1268 4342 τοὺς
1296 4276 1522 4348 ἔχοντας
1571 4277 1633 4330 τὸ
1688 4276 1789 4349 χά-

196 4383 389 4444 ραγμα
425 4369 593 4423 αὑτοῦ
627 4370 709 4432 εἰς
757 4368 855 4441 τὴν
878 4370 1138 4436 άϐυσσον,
1173 4371 1270 4424 καὶ
1300 4370 1553 4424 κλείοντα
1600 4368 1790 4423 ἐπάνω

190 4459 386 4523 αὐτοῦ,
410 4460 501 4514 ἴνα
526 4461 724 4533 μηκέτι
758 4460 1009 4536 πλανήσῃ
1041 4461 1112 4515 τὰ
1140 4462 1267 4534 ἔθνη
1292 4462 1399 4527 ἕως
1417 4461 1553 4516 ἐτῶν
1574 4461 1784 4533 χιλίων.

190 4546 331 4607 Εἶτα
360 4549 578 4623 ἑώρακε
612 4553 741 4615 τοὺς
783 4552 1069 4625 μάρτυρας
1118 4555 1177 4608 ὲν
1227 4552 1354 4624 δόξῃ
1402 4552 1791 4624 βασιλεύοντας

1894 3356 2180 3412 sedentem
2212 3372 2380 3428 super
2408 3356 2643 3412 bestiam
2678 3358 2998 3413 coccineam
3019 3395 3036 3425 ,
3068 3356 3360 3412 habentem
3393 3371 3489 3411 ca-

1892 3447 2008 3519 pita
2037 3456 2246 3520 septem
2277 3469 2291 3504 :
2324 3457 2379 3506 et
2418 3449 2726 3505 indicatum
2768 3459 2855 3506 est
2893 3451 2942 3504 ei
2980 3466 3049 3505 ex
3088 3449 3195 3504 hac
3233 3448 3486 3505 futurum

1892 3557 2019 3598 esse
2045 3540 2473 3599 Antichristum.
2505 3540 2656 3597 Vidit
2682 3542 2848 3598 etiam
2883 3542 3086 3597 coelum
3118 3548 3368 3612 apertum
3388 3581 3405 3608 ,
3434 3551 3490 3597 et

1892 3633 2133 3705 equitem
2167 3635 2385 3701 album,
2411 3642 2467 3691 et
2505 3641 2625 3690 erat
2654 3649 2854 3691 nomen
2897 3634 3020 3705 ejus
3041 3676 3056 3702 ,
3094 3633 3335 3691 Verbum
3365 3634 3484 3692 Dei.

1892 3725 2104 3785 Deinde
2124 3728 2259 3784 vidit
2276 3729 2511 3785 bestiam
2531 3770 2547 3795 ,
2572 3745 2638 3785 ac
2661 3746 2820 3801 reges
2846 3738 3008 3786 terrae
3032 3772 3047 3798 ,
3071 3731 3276 3788 bellum
3304 3730 3489 3787 facere

1895 3820 2145 3877 volentes
2184 3835 2310 3875 cum
2353 3835 2421 3877 eo
2453 3821 2549 3891 qui
2585 3820 2812 3878 sedebat
2842 3837 3009 3893 super
3040 3837 3244 3893 equum
3279 3820 3485 3876 album.

1894 3909 1964 3965 Et
1992 3910 2340 3982 apprehensa
2368 3922 2455 3969 est
2482 3913 2693 3979 bestia,
2725 3921 2780 3968 et
2816 3927 2944 3968 cum
2984 3914 3105 3984 ipsa
3142 3914 3490 3984 pseudopro—

1895 4002 2061 4074 pheta
2084 4043 2100 4069 ,
2134 4004 2228 4079 qui
2254 4010 2341 4059 est
2367 4002 2784 4071 Antichristus,
2813 4013 2869 4059 et
2909 4004 3047 4059 vidit
3088 4020 3184 4060 eos
3224 4005 3391 4075 abjici
3430 4004 3489 4060 in

1895 4101 2154 4165 stagnum
2187 4094 2351 4165 ignis.
2379 4093 2513 4149 Post
2552 4094 2659 4149 ista
2684 4094 2821 4149 vidit
2852 4094 3106 4165 angelum
3147 4094 3489 4151 descenden-

1894 4194 2006 4242 tem
2035 4187 2101 4242 de
2128 4188 2271 4242 calo
2295 4226 2311 4251 ,
2336 4194 2387 4242 et
2422 4186 2772 4257 abjicientem
2798 4184 3059 4241 Satanam
3088 4201 3213 4241 cum
3246 4186 3331 4243 his
3348 4228 3365 4252 ,
3392 4188 3488 4257 qui

1894 4275 2274 4331 characterem
2302 4276 2479 4346 ipsius
2508 4275 2785 4331 habebant
2804 4316 2819 4339 ,
2850 4276 2907 4330 in
2932 4277 3192 4348 abyssum
3214 4316 3230 4342 ,
3254 4284 3308 4332 et
3335 4278 3490 4333 clau-

1899 4371 2121 4427 dentem
2153 4369 2393 4443 desuper
2423 4371 2602 4441 ipsum
2623 4412 2640 4439 ,
2673 4387 2743 4427 ne
2773 4370 3008 4442 posthac
3051 4372 3289 4442 amplius
3321 4372 3490 4428 sedu-

1896 4466 2049 4514 ceret
2072 4466 2284 4530 gentes,
2308 4460 2483 4515 donec
2508 4462 2822 4532 consumpti
2853 4461 2963 4516 sint
2987 4462 3133 4517 mille
3157 4464 3308 4517 anni.
3343 4462 3489 4519 Mar-

1898 4557 2046 4622 tyres
2076 4549 2279 4606 deinde
2305 4550 2444 4606 vidit
2472 4567 2596 4607 cum
2626 4552 2797 4624 gloria
2828 4552 2887 4607 in
2915 4550 3140 4608 Christo
3170 4561 3485 4626 regnantes.

191 4650 252 4703 ἐν
271 4646 517 4721 Χριστῷ.
566 4642 701 4701 Εἶτα
739 4646 983 4719 ἑώρακεν
1004 4686 1019 4713 ,
1051 4648 1133 4701 ὃτι
1162 4648 1301 4720 μετά
1322 4647 1468 4720 χίλια
1501 4647 1597 4719 έτη
1626 4646 1789 4720 λυθή-

1897 4642 2050 4698 Vidit
2082 4644 2212 4699 item
2249 4644 2396 4714 quod
2432 4642 2667 4701 Satanas
2696 4652 2824 4722 post
2854 4644 3006 4700 mille
3045 4659 3222 4702 annos
3265 4647 3490 4702 solven-

192 4754 351 4791 σεται
377 4736 698 4801 όΣατανᾶς,
719 4737 814 4790 καὶ
846 4736 1176 4809 βληθήσεται
1216 4740 1297 4801 εἰς
1327 4739 1427 4807 τὴν
1458 4737 1658 4809 λίμνην
1688 4735 1785 4791 τοῦ

191 4831 371 4904 πυρὸς
415 4831 556 4902 μετά
599 4831 693 4884 τοῦ
741 4831 1109 4901 Ἀντιχρίστου
1147 4833 1228 4895 εἰς
1264 4832 1392 4897 τοὺς
1434 4831 1637 4898 αἰῶνας
1679 4832 1790 4887 τῶν

191 4920 429 4976 αἰώνων.
464 4916 600 4974 Εἶτα
628 4919 876 4992 ἑώρακεν
901 4922 1132 4995 οὐρανὸν
1154 4923 1361 4988 καινὸν,
1392 4923 1488 4978 καὶ
1518 4924 1624 4995 γῆν
1642 4964 1659 4991 ,
1695 4924 1791 4978 καὶ

190 5016 291 5086 τὴν
329 5015 687 5087 Ἰερουσαλὴμ
703 5015 914 5088 καινὴν,
943 5017 1037 5070 καὶ
1064 5016 1277 5089 ἑώρακε
1304 5019 1548 5090 ποταμὸν
1592 5019 1784 5082 ὓδατος

193 5104 360 5177 ζωῆς,
385 5106 485 5159 καὶ
501 5107 629 5169 τοὺς
654 5105 873 5171 δούλους
889 5105 984 5160 τοῦ
1013 5106 1148 5160 Θεοῦ
1167 5106 1507 5179 θεωροῦντας
1529 5106 1591 5160 τὸ
1616 5107 1785 5179 πρόσ-

193 5214 343 5250 ωπον
364 5196 557 5260 αὑτοῦ,
585 5200 680 5252 καί
708 5198 934 5269 ἔχοντας
980 5200 1074 5253 ἐπὶ
1099 5199 1193 5253 τοῦ
1228 5197 1482 5270 μετώπου
1519 5199 1582 5253 τὺ
1614 5199 1787 5270 ὄνομα

193 5288 382 5345 αὐτοῦ.
440 5289 629 5343 Ταῦτα
697 5290 956 5361 ἑωρακὼς
1021 5290 1273 5363 Ἰωάννης
1333 5291 1497 5344 ἔπεσε
1530 5332 1545 5352 ,
1620 5290 1790 5346 θέλων

194 5382 577 5453 προσκυνῆσαι
603 5380 683 5453 τῷ
717 5383 935 5455 ἀγγέλῳ
964 5384 1261 5440 δεικνύοντι
1282 5383 1432 5456 αὐτῷ
1451 5384 1627 5439 ταῦτα
1651 5383 1792 5439 πάν-

192 5492 278 5529 τα.
302 5476 418 5529 Καὶ
450 5474 728 5529 ἐκώλυσεν
760 5477 919 5531 αὑτὸν
949 5479 978 5531 ὁ
1004 5477 1237 5547 ἄγγελος
1261 5478 1437 5547 λέγων
1457 5496 1471 5509 ·
1499 5498 1517 5530 ι
1548 5479 1643 5551 Μὴ
1667 5479 1792 5552 ἐμοὶ

193 5565 516 5637 προσκύνει,
553 5565 691 5620 ἀλλά
720 5567 797 5639 τῷ
828 5567 948 5639 Θεῷ
970 5586 983 5600 ’
1014 5568 1126 5638 ἐγὼ
1178 5570 1284 5641 γὰρ
1352 5570 1635 5637 σύνδουλός
1690 5588 1786 5624 σου

190 5658 327 5728 εἰμί.
361 5677 382 5710 ι
437 5656 664 5712 Βλέπων
696 5659 752 5712 δὲ
798 5658 989 5726 ταῦτα,
1029 5661 1193 5733 ήκουε
1239 5662 1389 5734 παρά
1427 5662 1522 5716 τοῦ
1575 5662 1785 5735 Κυρίου

264 5834 311 5871 ιδ
345 5834 521 5907 Apoc.
562 5851 649 5902 Il,
692 5836 775 5892 l5.
855 5839 895 5870 ³⁸
935 5838 1105 5911 Apoc.
1151 5856 1272 5907 nx,
1318 5839 1401 5895 l0.

1898 4736 2004 4792 dus
2032 4736 2105 4792 sit
2124 4775 2139 4800 ,
2169 4743 2225 4791 et
2253 4735 2603 4806 abjiciendus
2633 4737 2686 4790 in
2717 4744 2973 4809 stagnum
3005 4737 3149 4808 ignis
3173 4776 3189 4803 ,
3220 4753 3345 4793 cum
3374 4737 3489 4791 An-

1897 4828 2153 4884 tichristo
2171 4868 2188 4894 ,
2216 4828 2506 4885 insaacula
2536 4829 2885 4886 saeculorum.
2917 4828 3048 4886 Post
3072 4829 3190 4884 haec
3213 4829 3350 4885 vidit
3372 4843 3487 4885 cm-

1897 4917 2013 4974 lum
2052 4933 2257 4975 novum
2277 4959 2292 4982 ,
2323 4926 2531 4974 terram
2571 4934 2773 4975 novam
2807 4934 2874 4973 ac
2900 4918 3209 4975 Jerusalem
3243 4934 3482 4986 novam,

1895 5016 1951 5065 et
1981 5008 2206 5066 ﬂuvium
2238 5025 2393 5080 aquae
2418 5011 2584 5077 vivae,
2618 5027 2683 5067 ac
2706 5027 2898 5068 servos
2926 5011 3021 5067 Dei
3046 5010 3516 5081 contemplantes-

1894 5101 2092 5158 faciem
2134 5104 2290 5173 ejus,
2323 5110 2379 5159 et
2418 5103 2687 5162 habentes
2717 5121 2921 5161 nomen
2955 5105 3078 5176 ejus
3116 5105 3173 5159 in
3204 5102 3484 5158 frontibus

1892 5195 2032 5252 suis.
2064 5195 2204 5251 Cum
2237 5196 2354 5252 haec
2382 5199 2610 5256 vidisset
2650 5198 2894 5255 Joannes
2916 5239 2931 5264 ,
2975 5197 3241 5268 procidit,
3290 5196 3485 5251 volens

1894 5290 2126 5346 adorare
2163 5290 2419 5360 angelum
2441 5331 2456 5356 ,
2487 5291 2584 5363 qui
2626 5291 2733 5347 sibi
2766 5290 2884 5345 haec
2914 5289 3101 5344 omnia
3140 5286 3481 5343 ostenderat.

1891 5386 1963 5439 At
2001 5386 2229 5456 angelus
2264 5386 2547 5457 prohibuit
2577 5386 2765 5451 illum,
2797 5385 3028 5440 dicens:
3062 5379 3186 5436 Non
3227 5397 3309 5434 me
3334 5420 3349 5446 ,
3390 5379 3484 5435 sed

1893 5477 2064 5534 Deum
2093 5477 2304 5544 adora;
2333 5495 2426 5550 ego
2454 5480 2596 5534 enim
2627 5493 2909 5533 conservus
2941 5483 3064 5529 tuus
3092 5490 3213 5528 sum
3238 5473 3304 5527 ιδ.
3341 5470 3485 5527 Cum

1895 5578 2077 5624 autem
2112 5569 2218 5624 ista
2251 5568 2494 5633 videret,
2527 5568 2737 5623 audivit
2776 5583 2806 5621 a
2847 5565 3082 5621 Domino
3122 5577 3314 5622 nostro
3352 5562 3486 5620 Jesu

1894 5661 2152 5735 Christo_,
2194 5660 2351 5734 quod.
2382 5661 2501 5733 ipse
2541 5662 2613 5718 sit
2650 5662 2744 5733 qui
2786 5670 2908 5727 est,
2958 5667 3013 5716 et
3052 5659 3196 5716 idem
3249 5659 3368 5730 ipse
3412 5656 3489 5714 sit
