3880 6186
393 336 495 394 ἇὸι

1497 362 1507 374 α
1558 330 1621 385 ὃ.
1662 328 2129 385 ATHANASIUS.
2157 359 2227 373 —-
2267 328 2502 388 DUBIA.

3559 332 3664 387 £32

389 455 629 512 Verbum
659 454 790 519 Dei.
830 455 977 527 quod
1013 453 1412 527 posterioribus
1458 453 1800 523 temporibus
1839 466 1968 522 pro-

2081 452 2226 525 ἡμῶν
2264 452 2438 522 Ἰησοῦ
2466 451 2725 523 Χριστοῦ,
2759 452 2843 507 δτι
2873 454 2902 506 ό
2925 451 3000 506 ὢν
3030 453 3166 518 ἐστι,
3208 453 3300 507 καὶ
3332 452 3494 518 αὐτός
3516 454 3663 508 ἐστιν

388 553 509 616 pter
535 558 639 598 nos
667 543 1013 599 incarnatum
1057 551 1180 599 est:
1225 544 1428 608 homo,
1482 543 1706 611 inquam
1732 580 1750 607 ,
1790 541 1972 611 perfe-

387 648 514 695 ctus
540 638 721 694 factus
754 646 871 704 εει,
906 647 963 694 ει
991 636 1165 696 Fiiius
1197 636 1440 694 hominis
1469 646 1697 693 vocatus
1723 642 1829 692 est.

388 840 529 895 Sunt
555 840 680 895 item
710 840 808 894 alii
840 839 1056 905 quidam
1085 838 1208 892 libri
1238 838 1374 891 varii
1400 878 1414 902 ,
1448 844 1642 904 prater
1665 810 1982 904 prmdictos,

457 911 734 979 utriusque
763 927 879 963 cum
910 909 1127 979 Veteris,
1155 917 1265 979 tum
1289 906 1425 960 Novi
1449 907 1807 979 Testamenti;
1837 922 1972 973 quo-

458 997 578 1034 rum
608 977 730 1035 aliis
759 978 1164 1043 contradicitur,
1194 977 1291 1031 alii
1322 977 1605 1048 apocryplti
1632 986 1905 1032 vocantur.

459 1164 548 1221 74.
592 1163 669 1219 De
701 1165 859 1220 libris
897 1162 1113 1219 Veteris
1162 1161 1539 1221 Testamenti.
1593 1161 1794 1232 quibus
1840 1176 1976 1216 con-

387 1257 703 1322 tradicitur,
733 1256 847 1326 jam
886 1264 1047 1310 antea
1076 1254 1318 1310 diximus
1340 1294 1354 1317 ,
1387 1262 1450 1308 ut
1488 1262 1653 1316 sunt,
1688 1252 1973 1323 Sapientia

391 1348 726 1414 Salomonis,
759 1348 1039 1419 Sapientia
1062 1346 1193 1403 Jesu
1225 1348 1319 1402 ﬁlii
1355 1345 1564 1417 Syrach
1584 1387 1599 1412 ,
1628 1344 1847 1410 Esther,
1874 1342 1974 1398 Ju-

388 1440 507 1495 dith
550 1449 605 1496 et
653 1438 876 1494 Tobias.
910 1437 1036 1493 Istis
1062 1439 1226 1494 etiam
1256 1443 1728 1495 connumerantur
1754 1435 1974 1491 Macha-

386 1528 630 1584 baeorum
660 1528 787 1583 libri
812 1535 1072 1597 quatuor,
1100 1524 1453 1592 Ptolemaici,
1485 1526 1722 1591 Psalmi,
1752 1533 1806 1580 et
1831 1526 1974 1581 Can-

391 1619 562 1674 ticum
603 1617 952 1684 Salomonis,
991 1617 1259 1674 Susanna).
1295 1619 1551 1673 historia.
1582 1616 1653 1672 Hi
1686 1633 1754 1673 ex
1787 1615 1970 1673 Veteri

388 1710 744 1768 Testamento
773 1718 903 1767 sunt
924 1750 938 1774 ,
971 1712 1173 1782 quibus
1206 1710 1627 1766 contradicitur.
1648 1750 1661 1766 .

545 1845 843 1916 Apacryphi
868 1860 934 1899 ex
972 1843 1144 1898 Veteri
1179 1843 1511 1898 Testamento
1540 1851 1664 1898 sunt
1695 1843 1811 1900 isti.

460 2006 549 2061 75.
590 2004 779 2061 Enocb
808 2047 824 2072 ,
846 2004 1216 2069 Patriarcbae,
1262 2003 1452 2060 Oratio
1486 2004 1721 2076 Ioseph,
1774 2004 1973 2062 Testa-

388 2106 632 2154 mentum
661 2097 862 2170 Moysis
882 2137 896 2161 ,
926 2098 1245 2168 Assumptio
1273 2094 1510 2170 Moysis,
1537 2097 1817 2153 Abraham
1841 2139 1857 2165 ,
1882 2097 1976 2152 El-

390 2192 497 2249 dad
523 2200 578 2247 et
609 2189 834 2255 Modad,
882 2189 1012 2245 Elite
1070 2190 1380 2260 prophetae,
1417 2189 1713 2262 Saphouiae
1747 2191 1977 2263 prophe-

389 2289 498 2348 ιεει,
548 2282 828 2337 Zachariae
855 2322 869 2346 ,
924 2281 1105 2338 Patris
1157 2281 1420 2346 Joannis,
1465 2281 1679 2338 Baruch
1714 2323 1731 2351 ,
1768 2283 1972 2339 Amba-

388 2389 515 2431 cum
543 2415 558 2440 ,
593 2374 850 2429 Ezechiel
878 2383 935 2428 et
963 2373 1153 2428 Daniel
1182 2373 1325 2430 falso
1355 2375 1631 2445 inscripti.

485 2492 627 2549 Novi
660 2502 836 2547 autem
873 2491 1224 2555 Testamenti,
1256 2489 1444 2560 quibus
1478 2487 1887 2554 contradicitur,

1060 2562 1114 2614 hi
1153 2572 1303 2615 sunt.

471 2677 562 2733 76.
604 2676 807 2732 Itinera
840 2674 989 2730 Petri
1014 2714 1030 2736 .
1061 2672 1262 2729 Itinera
1290 2671 1552 2740 Joannis,
1589 2671 1794 2728 Itinera
1824 2672 1975 2726 Tho-

388 2786 492 2826 mae
516 2810 531 2835 ,
555 2768 905 2839 Erangelium
928 2766 1225 2823 secundum
1249 2763 1511 2819 Thomam
1531 2805 1546 2829 ,
1573 2763 1825 2820 Doctrina
1848 2780 1979 2835 apo-

393 2863 687 2926 stolorum,
720 2860 1083 2915 Clementina.
1119 2857 1192 2912 Ex
1225 2857 1312 2912 his
1337 2857 1552 2911 veriora
1584 2857 1833 2927 quaedam
1863 2866 1917 2910 et
1945 2872 1975 2912 a

391 2953 505 3009 Deo
545 2953 813 3023 inSpirata
839 2990 856 3018 ,
902 2967 1061 3007 versa
1111 2958 1168 3007 ει
1212 2950 1386 3006 electa
1428 2956 1558 3006 sunt
1585 2988 1601 3015 .
1648 2956 1703 3004 et
1747 2963 1811 3004 ea
1850 2957 1978 3004 sunt

394 3060 516 3117 quae
547 3047 826 3116 leguntur.

2075 546 2105 597 ό
2134 543 2229 597 τοῦ
2254 542 2390 596 Θεοῦ
2420 543 2612 613 Λόγος,
2637 543 2787 607 ὅστις
2807 541 3032 616 ὕστερον
3059 542 3126 596 δι’
3151 544 3299 614 ἡμᾶς
3334 543 3659 615 σαρκωθείς·

2074 634 2218 705 λέγω
2247 635 2312 709 δὴ
2332 635 2535 700 τέλειος
2566 635 2789 706 γέγονεν
2820 635 3128 707 ἄνθρωπος,
3166 635 3259 690 καὶ
3299 632 3505 709 ἐκλήθη
3530 636 3661 702 Υἱὸς

2074 726 2386 799 ἀνθρώπου.

2074 840 2214 895 Εὶσὶ
2232 840 2301 894 δὲ
2328 839 2427 894 καὶ
2448 838 2611 894 ἄλλα
2629 839 2840 905 ,βιϐλία
2878 838 3132 909 διάφορα
3155 838 3317 907 παρὰ
3346 839 3419 893 τὰ
3445 841 3665 908 προλε-

2145 912 2364 980 χθέντα
2380 909 2666 979 ἑκατέρας
2692 909 3010 980 Διναθήκης,
3045 909 3158 977 τῆς
3180 909 3449 980 Hadulac
3471 912 3664 980 δηλα-

2145 977 2221 1048 δὴ
2254 981 2353 1034 καὶ
2374 977 2564 1046 Νέαςί
2594 980 2668 1035 τὰ
2686 979 2808 1050 μὲν
2838 981 3288 1051 ἀναλεγόμενοι,
3322 980 3397 1034 τὰ
3419 977 3488 1033 δὲ
3514 980 3665 1036 ἀπό-

2146 1067 2367 1120 κρυφα.

2143 1168 2232 1222 Ἠ.
2266 1166 2347 1221 Τὰ
2384 1165 2483 1237 μὲν
2512 1158 2606 1219 οὖν
2637 1163 3031 1234 ἀντιλεγόμενα
3052 1163 3154 1235 τῆς
3177 1164 3420 1229 Παλαιᾶς
3465 1166 3659 1240 προεί-

2074 1275 2248 1331 πομεν
2282 1259 2379 1330 μὲν
2413 1257 2508 1311 καὶ
2539 1256 2825 1328 πρότερον,
2854 1254 2931 1319 ὦς
2969 1256 3085 1308 ἐστι
3145 1257 3315 1326 Σοφία
3375 1258 3659 1329 Σολομῶν-

2072 1368 2182 1416 τος,
2211 1350 2305 1404 καὶ
2338 1348 2507 1417 Σοφία
2552 1345 2726 1417 Ἰησοῦ
2753 1345 2871 1400 υἱοῦ
2897 1345 3116 1417 Συρὰχ,
3161 1348 3257 1400 καὶ
3299 1347 3519 1420 Ἐσθὴρ,
3564 1347 3664 1401 καὶ

2085 1443 2295 1507 ἸουδὶΘ,
2340 1441 2437 1496 καὶ
2489 1440 2704 1495 Τωϐίτο
2765 1443 2861 1495 σὺν
2911 1440 3139 1505 ἐκείνοις
3182 1441 3239 1495 δὲ
3269 1442 3363 1495 καὶ
3398 1442 3573 1497 ταῦτα
3599 1445 3660 1515 ῆι

2072 1533 2405 1606 ρίθμηνται·
2456 1530 2829 1587 Μακκαϐαῖκὰ
2886 1530 3067 1602 βιϐλία
3115 1531 3188 1595 δ’,
3266 1533 3659 1605 Πτολεμαῖκα,

2070 1623 2294 1694 Ψαλμοὶ
2353 1623 2446 1677 καὶ
2486 1623 2608 1695 ᾮδὴ
2656 1621 3020 1693 Σολομῶντος,
3049 1623 3325 1678 Σωσάννα.
3360 1623 3546 1693 Ταῦτα
3589 1624 3662 1681 τὰ

2071 1713 2464 1784 ἀντιλεγόμενα
2489 1715 2585 1785 τῆς
2611 1712 2858 1779 Παλαιᾶς
2885 1714 3185 1787 Διαθήκης.

1998 1803 2046 1895 ,Β
2132 1827 2209 1885 Τὰ
2239 1828 2307 1883 δὲ
2327 1828 2647 1899 ἀπόκρυφα
2674 1827 2861 1901 add»;
2886 1826 2994 1897 τῆς
3016 1828 3285 1896 Παλαιὰ·
3312 1829 3607 1901 Διαθήκης

2746 1898 2955 1954 ταῦτα.

2145 2013 2237 2068 75.
2283 2009 2476 2083 Ἑνὼχ,
2519 2010 2904 2083 Πατριάρχαι,
2934 2012 3218 2085 Προσευχὴ
3260 2010 3477 2083 Ἰωσὴφ,
3534 2012 3664 2066 Δια-

2070 2103 2216 2176 θήκη
2272 2102 2586 2167 Μωῦσέως,
2660 2101 2950 2173 Ἀνάληψις
3001 2103 3317 2170 Μωῦσέως,
3383 2100 3661 2174 Ἀϐραὰμ,

2088 2194 2275 2250 Ἔλδὰδ
2307 2195 2404 2249 καὶ
2439 2192 2658 2259 Μωδὰδ,
2695 2191 2874 2246 Ἠλίου
2909 2192 3221 2263 προφήτου,
3256 2190 3510 2263 Σοφονίου
3533 2207 3666 2262 προ-

2076 2288 2270 2359 φήτου,
2305 2285 2575 2358 Ζαχαρίου
2613 2283 2818 2355 πατρὸς
2861 2283 3141 2348 Ἰωάννου,
3173 2283 3423 2356 Βαροὺχ,
3464 2284 3666 2356 Ἀμϐα-

2076 2380 2239 2450 κοὺμ,
2277 2375 2544 2449 Ἐζεχιὴλ,
2576 2375 2672 2430 καὶ
2701 2373 2899 2447 Δανιὴλ
2925 2373 3356 2446 ψευδεπίγραφα.

2186 2490 2302 2561 Τῆς
2348 2489 2505 2557 Νέας
2540 2488 2730 2544 πάλιν
2771 2486 3071 2561 Διαθήκης
3124 2488 3555 2561 ἀνταεγόμενα

2690 2559 2879 2613 ταῦτα
2904 2560 3041 2631 (55).
3344 2559 3349 2560 “
3403 2559 3413 2561 ⁷
3605 2631 3611 2637 .

2147 2672 2235 2728 76.
2267 2673 2514 2746 Περίοδοι
2539 2674 2771 2745 Πέτρου,
2796 2673 3042 2744 Περίοδοι
3091 2673 3360 2740 Ἰωάννου,
3411 2673 3665 2748 Περίοδοι

2075 2765 2267 2836 Θωμᾶ,
2307 2765 2642 2835 Εὑαγγέλιον
2668 2764 2812 2820 κατὰ
2860 2766 3053 2836 Θωμᾶ,
3079 2765 3276 2838 Διδαχὴ
3323 2765 3664 2832 ἀποστόλων,

2076 2857 2416 2927 Κλημέντια,
2449 2856 2507 2923 ἐξ
2529 2849 2605 2910 ὧν
2630 2855 3086 2928 μετεφράσθησαν
3110 2856 3401 2925 ὲκλεγέντα
3431 2856 3501 2910 τὰ
3519 2854 3663 2928 ἁλη-

2077 2948 2310 3021 θέστερα
2357 2949 2452 3003 καὶ
2514 2948 2868 3003 θεόπνευστα.
2927 2947 3114 3003 Ταῦτα
3157 2947 3228 3003 τὰ
3287 2947 3667 3029 αναγινωσκό-

2079 3056 2239 3110 μενοι.

465 3154 622 3227 155
657 3155 723 3210 lli
755 3169 947 3210 omnes
979 3152 1312 3225 cognitionis
1342 3154 1520 3225 gratia
1550 3153 1785 3225 expositi
1820 3160 1968 3220 sunt,

2146 3150 2334 3207 Ταῦτα
2373 3151 2552 3207 πάντα
2581 3151 2904 3226 ὲξετέθησαν
2933 3153 3032 3224 μὲν
3071 3153 3193 3207 ὅσον
3241 3153 3380 3225 πρὸς
3429 3152 3661 3226 εἴδησιν,

389 3262 648 3319 perverse
674 3254 855 3301 tamen
878 3246 1114 3315 “Scripti,
1148 3247 1301 3300 nothi
1329 3261 1394 3301 ac
1419 3245 1658 3315 reprobi.
1690 3244 1756 3299 Et
1778 3245 1964 3300 nullus

390 3338 648 3403 istorum,
684 3339 923 3392 maxime
975 3337 1437 3407 apocryphorum,
1490 3336 1828 3406 approbatus
1871 3344 1970 3390 aut

393 3429 546 3484 utilis
579 3436 683 3492 est,
708 3427 1009 3498 praesertim
1037 3425 1173 3481 Novi
1206 3426 1542 3482 Testamenti
1575 3444 1589 3480 :
1627 3424 1723 3481 sed
1754 3438 1966 3489 omnes,

390 3522 461 3577 iis
491 3520 733 3590 exceptis
771 3518 838 3574 de
862 3518 1062 3589 quibus
1087 3524 1267 3572 actum
1304 3530 1389 3573 εει
1417 3516 1695 3587 superius,
1729 3516 1822 3586 qui
1854 3522 1909 3570 et
1938 3530 1969 3569 a

391 3614 590 3685 priscis
611 3612 952 3683 sapientibus
976 3627 1041 3666 ac
1067 3611 1325 3667 Patribus
1343 3610 1626 3681 approbati
1651 3622 1800 3674 sunt,
1819 3608 1969 3680 digni

392 3710 520 3761 sunt
548 3705 642 3774 qui
670 3703 1078 3759 abscondantur
1106 3702 1303 3773 magis,
1345 3716 1510 3772 quam
1545 3701 1639 3772 qui
1673 3701 1965 3771 legantur:

391 3794 557 3850 etiam
584 3794 700 3855 alii,
735 3801 791 3850 et
819 3794 915 3863 qui
961 3794 1106 3848 inter
1139 3793 1265 3848 illos
1295 3791 1591 3862 Evangelia
1625 3807 1844 3863 quoque
1874 3807 1970 3846 vo-

393 3891 845 3964 canturnpraeter
867 3892 1104 3954 quatuor
1125 3883 1217 3938 illa
1247 3898 1368 3953 qua:
1394 3884 1594 3938 tradita
1626 3882 1787 3939 nobis
1816 3890 1966 3940 sunt.

391 3975 527 4030 Nam
565 3984 803 4047 quatuor
854 3976 1013 4032 nobis
1053 3975 1345 4046 Evangelia
1391 3984 1759 4031 sacrosanctae
1790 3981 1843 4029 et
1876 3988 1981 4029 ca-'

393 4069 608 4123 tholicae
656 4074 711 4122 et
739 4068 1054 4138 apostolicae
1080 4067 1344 4124 Ecclesiae
1373 4082 1614 4123 canones
1643 4072 1967 4123 sanxerunt.

393 4158 708 4217 Secundum
756 4159 1093 4226 Matthteum,
1125 4158 1429 4216 secundum
1468 4158 1736 4224 Marcum,
1770 4173 1967 4215 secuns

390 4254 518 4307 dum
552 4251 776 4316 Lucam,
800 4250 1103 4307 secundum
1127 4248 1417 4317 Joannem,
1445 4248 1600 4319 juxta
1625 4249 1967 4320 prophetiam

389 4341 642 4407 visionis,
689 4356 852 4411 quam
891 4340 1142 4396 Ezechiel
1179 4340 1446 4411 propheta
1475 4339 1542 4395 de
1575 4347 1814 4411 quatuor
1839 4339 1971 4395 che-

389 4433 569 4487 rubim
601 4432 756 4487 vidit.
793 4432 1043 4498 Quatuor
1070 4431 1217 4486 enim
1256 4430 1541 4485 cherubim
1583 4432 1848 4502 propheta
1879 4432 1970 4487 ille

2073 3244 2585 3317 παραγεγραμμένα
2608 3245 2666 3298 δέ
2703 3246 2809 3297 εἰσι
2838 3244 3057 3307 πάντως
3086 3245 3179 3298 καὶ
3206 3243 3336 3299 νόθα
3354 3284 3370 3310 ,
3402 3243 3497 3298 καὶ
3522 3243 3666 3297 ἀπό-

2070 3335 2261 3408 ϐλητα.
2292 3337 2403 3389 Καὶ
2436 3336 2589 3389 οὐδὲν
2626 3334 2853 3399 τούτων,
2880 3334 2990 3389 τῶν
3037 3334 3370 3411 ἀποκρύφων
3401 3334 3660 3406 μάλιστα,

2070 3424 2318 3497 ἔγκριτον
2348 3425 2382 3497 ἢ
2412 3423 2710 3494 ὲπωφελὲς,
2735 3424 3030 3495 ἐξαιρέτως
3055 3423 3155 3493 τῆς
3172 3422 3317 3486 Νέας
3345 3422 3622 3494 Διαθήκης
3639 3439 3658 3452 ⁸

2071 3516 2207 3571 ἀλλὰ
2246 3517 2426 3571 πάντα
2456 3516 2578 3588 δίχα
2618 3517 2727 3571 τῶν
2775 3516 3034 3587 ἀνωτέρω
3079 3513 3482 3586 διαληφθέντων
3501 3554 3517 3580 ,
3563 3513 3665 3567 καὶ

2069 3607 2433 3680 ἑγκριθέντων
2471 3607 2623 3680 παρὰ
2652 3611 2764 3673 τοῖς
2801 3608 3053 3672 παλαιοῖς
3098 3609 3282 3677 σοφοῖς
3320 3607 3416 3659 καὶ
3442 3606 3664 3677 πατρά-

2073 3714 2176 3764 σιν,
2219 3698 2545 3770 ἀποκρυφῆς
2589 3699 2791 3770 μᾶλλον
2840 3700 2874 3771 ἢ
2922 3697 3281 3767 ἀναγνώσεως
3326 3695 3403 3759 ὡς
3441 3694 3667 3765 ἀληθῶς

2069 3790 2228 3857 ἄξια·
2266 3793 2336 3846 τά
2363 3809 2422 3845 τε
2465 3791 2622 3856 ἄλλα,
2653 3794 2746 3847 καὶ
2791 3791 2930 3845 αὐτὰ
2955 3790 3026 3844 τὰ
3052 3789 3359 3860 καλούμενα
3382 3789 3441 3841 ὲν
3474 3789 3666 3852 αὐτοῖς
3740 3798 3747 3803 ’

2070 3881 2398 3951 Εὑαγγέλια,
2441 3882 2599 3945 ὲκτὺς
2641 3881 2749 3937 τῶν
2778 3880 3190 3952 παραδοθέντων
3221 3881 3351 3951 ἡμῖν
3378 3878 3667 3949 τεσσάρων

2069 3974 2293 4030 τούτων.
2324 3974 2633 4045 Εὐαγγὲλια
2678 3975 2787 4048 γὰρ
2825 3974 3066 4047 τέσσαρα
3121 3973 3413 4028 ὲθέσπισαν
3450 3972 3584 4043 ἡμῖν
3608 3972 3664 4024 οἱ

2074 4066 2208 4137 ἱεροὶ⁸
2239 4068 2462 4132 κανόνες
2503 4068 2604 4139 τῆς
2630 4068 2791 4137 ἁγίας
2835 4066 3128 4136 καθολικῆς
3169 4066 3265 4120 καὶ
3295 4063 3667 4134 ἅποστολικῆς

2084 4155 2407 4229 Ἐκκλησίας
2424 4174 2437 4188 ·
2465 4158 2526 4211 τὸ
2551 4159 2694 4214 κατὰ
2727 4157 3028 4224 Ματθαῖον,
3054 4157 3116 4211 τὸ
3144 4156 3285 4211 κατὰ
3320 4157 3571 4229 Μάρκον,
3596 4154 3669 4210 τὸ

2071 4248 2213 4302 κατὰ
2241 4251 2476 4316 Λουκᾶν,
2508 4251 2685 4304 καὶτὸ
2721 4251 2865 4307 κατὰ
2906 4250 3183 4321 Ἰωάννην,
3211 4250 3354 4303 κατὰ
3394 4249 3493 4319 τὴν
3520 4264 3667 4319 προ-

2072 4340 2301 4410 φητείαν
2333 4342 2431 4413 τῆς
2468 4342 2753 4408 ὀπτασίας,
2784 4337 2852 4416 ἧς
2878 4341 3140 4396 ἐθεάσατο
3180 4339 3435 4411 Ἰεζεχιὴλ
3470 4340 3500 4391 6
3526 4356 3671 4412 προ-

2072 4432 2252 4502 φήτης
2290 4431 2417 4503 περὶ
2458 4432 2568 4486 τῶν
2611 4435 2893 4506 τεσσάρων
2937 4431 3222 4504 χερουϐίμ.
3267 4430 3523 4502 Τέσσαρα
3550 4429 3670 4502 γὰρ

388 4521 556 4575 vidit:
591 4535 763 4574 unum
808 4520 1041 4575 similem
1082 4518 1315 4585 homini,
1351 4518 1407 4574 id
1453 4528 1559 4584 est,
1608 4510 1962 4591 Evangelium

2081 4519 2177 4578 εἶδε
2223 4523 2489 4596 χερουϐὶμ
2534 4519 2689 4589 οὗτος
2729 4527 2758 4579 ὁ
2794 4528 3080 4598 προφήτης
3103 4542 3117 4556 ο
3153 4525 3215 4580 τὺ
3245 4522 3301 4577 ἓν
3332 4524 3513 4593 ὅμοιον
3562 4522 3669 4577 ἁν-

387 4610 690 4666 secundum
724 4609 1077 4677 Mattbzeum;
1127 4611 1315 4677 alium,
1351 4613 1585 4668 similem
1620 4613 1812 4678 vitulo,
1854 4627 1964 4682 quo

387 4701 730 4771 signiﬁcatur
777 4699 1132 4773 Evangelium
1168 4702 1471 4758 secundum
1515 4703 1795 4771 Marcum;
1855 4711 1968 4760 ter-

385 4795 547 4858 tium,
578 4794 815 4849 similem
851 4794 1018 4861 leoni,
1051 4793 1105 4848 id
1138 4802 1243 4858 est,
1280 4793 1632 4867 Evangelium
1665 4797 1968 4852 secundum

385 4884 624 4950 Lucam;
675 4892 953 4955 quartum,
986 4885 1220 4959 similem
1245 4887 1461 4955 aquilae.
1497 4888 1548 4942 id
1593 4894 1700 4951 est,
1722 4887 1969 4959 Evange-

382 4978 519 5031 lium
552 4978 854 5033 secundum
883 4958 1173 5033 Joannem.
1200 4976 1408 5033 Praeter
1435 4988 1673 5050 quatuor
1705 4981 1810 5037 ista
1840 4958 1963 5036 nul-

384 5068 495 5121 lum
527 5076 610 5124 est
647 5069 796 5123 aliud
831 5068 1203 5141 Evangelium.

453 5155 808 5227 Evangelium
860 5159 1162 5215 secundum
1198 5159 1530 5225 Matthaeum,
1562 5161 1631 5217 ab
1677 5163 1798 5233 ipso
1827 5162 1950 5217 Mat-
1997 5162 2003 5174 “

382 5245 547 5313 tbteo,
592 5247 873 5304 Hebraico
920 5249 1156 5306 dialecto
1189 5252 1565 5322 conscriptum
1612 5260 1718 5318 est,
1747 5262 1803 5310 et
1849 5254 1967 5310 edi-

385 5346 499 5390 tum
543 5334 922 5411 Jerosolymis,
971 5341 1501 5413 interpretatumque
1553 5353 1639 5399 est
1688 5360 1717 5398 a
1760 5343 1965 5402 Iacobo

2070 4616 2295 4689 θρώπῳ,
2328 4617 2573 4671 τουτέστι
2610 4619 2672 4671 τδ
2700 4617 2842 4672 κατὰ
2885 4618 3164 4673 Ματθαῖον
3200 4615 3533 4685 Εὑαγγέλιον
3555 4632 3570 4647 ’
3599 4616 3673 4670 τὺ

2065 4707 2320 4780 δεύτερον
2360 4710 2545 4780 ὅμοιον
2576 4710 2798 4780 μόσχῳ,
2848 4709 3099 4764 τουτέστι
3140 4709 3204 4764 τὸ
3240 4708 3382 4763 κατὰ
3427 4707 3671 4780 Μάρκον

2067 4800 2398 4870 Εὑαγγέλιον
2418 4819 2431 4831 ·
2461 4801 2522 4855 τὸ
2553 4801 2680 4856 ἄλλο
2707 4802 2892 4873 ὅμοιον
2925 4801 3121 4869 λέοντι,
3152 4803 3398 4858 τουτέστι
3426 4808 3489 4858 τδ
3518 4804 3672 4860 κατὰ

2067 4892 2283 4947 Δουκᾶν
2329 4894 2657 4963 Εὐαγγέλιον
2677 4910 2690 4924 ·
2743 4894 2804 4947 τὸ
2839 4894 2896 4947 δὲ
2951 4895 3210 4966 τέταρτον
3263 4896 3449 4968 ὅμοιον
3489 4895 3670 4967 ἀετῷ,

2067 4986 2314 5039 τουτέστι
2338 4987 2401 5041 τὸ
2425 4985 2564 5041 κατὰ
2587 4984 2840 5058 Ἰωάννην
2869 4987 3218 5057 Εὐαγγέλιον.
3241 4988 3468 5061 Παρὰδὲ
3482 4988 3673 5045 ταῦτα

2066 5076 2135 5131 τὰ
2159 5077 2401 5150 τέσσαρα
2430 5077 2615 5149 ἓτερον
2645 5076 2975 5147 Εὑαγγέλιον
3007 5079 3178 5132 οὐδέν.

2139 5170 2211 5223 Τὸ
2238 5170 2338 5240 μὲν
2362 5166 2455 5225 οὖν
2487 5169 2628 5224 κατὰ
2656 5170 2936 5225 Ματθαῖον
2965 5170 3295 5239 Εὐαγγέλιον
3316 5170 3535 5243 ἐγράφη
3565 5171 3671 5225 ὑπ’

2060 5259 2223 5315 αὐτοῦ
2255 5260 2347 5315 τοῦ
2388 5261 2668 5317 Ματθαίου
2708 5266 2775 5336 τῇ
2819 5262 3064 5334 Ἐϐραΐδι
3096 5263 3394 5333 διαλέκτῳ,
3442 5262 3541 5316 καὶ
3575 5262 3675 5330 ἑξ-

2060 5349 2215 5421 εδόθη
2258 5350 2316 5403 ὲν
2357 5351 2731 5425 Ἰερουσαλὴμ,
2778 5352 3096 5425 ήρμηνεύθη
3138 5351 3195 5405 δὲ
3243 5350 3349 5405 ὑπὸ
3393 5349 3671 5405 Ἰακώϐου

386 5425 554 5483 fratre
608 5429 826 5485 Domini
881 5431 1185 5488 secundum
1224 5448 1468 5500 carnem,
1515 5436 1608 5506 qui
1660 5444 1715 5492 et
1751 5438 1962 5508 primus

2081 5439 2154 5493 τοῦ
2182 5441 2412 5513 ἀδελςροῠ
2444 5444 2538 5499 τοῦ
2570 5446 2778 5518 Κυρίου
2802 5445 2864 5498 τὸ
2895 5442 3039 5500 κατὰ
3064 5443 3264 5516 σάρκα,
3297 5441 3357 5507 ὃς
3382 5443 3479 5496 καὶ
3508 5441 3678 5515 πρῶ-

457 5583 567 5656 (55)
606 5584 737 5652 Qua:
761 5585 851 5640 hic
880 5587 1268 5660 ἀντιλεγόμενα
1305 5588 1583 5655 dicuntur,
1616 5588 1759 5659 apud
1804 5588 1966 5646 Nice-

384 5653 619 5729 phorum
648 5664 915 5729 vocantur
940 5653 1271 5729 apocrypha,
1297 5666 1372 5724 et,
1403 5670 1459 5713 ut
1479 5653 1963 5729 putatumrectius.

382 5723 553 5778 Porro
577 5726 719 5794 apud
739 5723 991 5782 eumdem
1015 5723 1353 5798 adjiciuntur
1382 5723 1577 5800 Iguatii
1602 5738 1655 5785 et
1675 5729 1963 5803 Polycarpi

2071 5595 2321 5723 Egisstglae
2370 5614 2493 5671 quae
2543 5599 2794 5657 fortassis
2842 5601 3000 5672 lapsu
3055 5597 3339 5670 graphico,
3389 5594 3482 5653 hic
3531 5602 3681 5655 sunt

2245 5684 2310 5723 te.

2245 5684 2310 5723 EB.
