3880 6186
368 212 477 275 ιεε

1574 212 1634 277 S,
1681 211 2149 271 ATHANASIUS.
2187 245 2256 255 —
2287 214 2518 272 DUBIA.

3531 223 3637 279 456

371 326 617 391 secundo
663 329 1026 387 circumcisus
1068 336 1172 387 est.
1212 328 1280 383 Et
1308 337 1369 393 ut
1407 328 1782 387 Samaritanos
1822 330 1954 386 sub-

2069 332 2151 387 ια).
2177 333 2242 387 ὲκ
2266 333 2520 408 δευτέρου
2555 335 2958 409 περιτέμνεται.
2992 337 3103 392 Καὶ
3144 338 3280 413 πρὸς
3313 340 3641 414 διαστροφὴν

371 429 628 487 verteret,
651 425 816 479 vertit
839 431 893 479 et
919 424 1037 494 ipse
1066 422 1309 478 divinam
1342 422 1684 493 Scripturam
1717 422 1820 479 sub
1848 422 1947 481 Se-

371 530 501 571 vero
550 515 881 587 imperatore
913 556 930 582 ,
985 515 1146 573 annis
1197 523 1324 587 post
1372 518 1682 573 versionem
1740 516 1951 588 Aquilae

329 674 339 692 λ
372 607 772 679 quinquaginta
805 624 922 664 sex.

445 701 652 767 Quarta
685 699 1082 761 Theodotionis
1122 698 1343 771 Ephesii
1385 709 1490 757 est.
1533 699 1636 763 Hic
1665 716 1791 757 cum
1837 700 1953 772 pri-

371 808 523 857 mum
553 792 802 849 haeresim
824 791 1119 848 Marcionis
1145 792 1361 855 Pontici
1390 801 1734 865 sequeretur,
1760 786 1967 865 postea

375 883 744 938 sectatoribus
775 883 1000 940 haeresis
1032 884 1182 940 illius
1226 898 1581 950 succensens,
1617 891 1672 939 et
1703 885 1821 956 ipse
1869 900 1953 941 sa-

374 988 526 1028 cram
562 972 926 1045 Scripturam,
983 976 1088 1031 sub
1133 975 1434 1030 Commodo
1485 976 1834 1046 imperatore,
1885 992 1953 1033 eo

375 1066 498 1135 ipso
539 1074 801 1137 tempore,
852 1067 919 1121 ad
957 1066 1371 1131 subversionem
1405 1067 1678 1138 praedicta;
1728 1067 1952 1125 haeresis

374 1157 770 1226 interpretatus
796 1164 902 1212 est.

448 1245 649 1312 Quinta
698 1247 1077 1325 interpretatio
1116 1262 1180 1307 ea
1231 1254 1317 1304 est
1362 1263 1485 1319 qua:
1533 1246 1855 1304 abscondita
1893 1247 1953 1302 in

375 1337 541 1393 doliis
572 1338 794 1394 inventa
822 1351 928 1404 est,
962 1340 1066 1395 sub
1097 1340 1377 1395 Antonino
1410 1341 1762 1410 imperatore,
1785 1339 1954 1394 Cara-

376 1430 515 1484 calla
542 1429 711 1495 dicto,
739 1430 797 1484 in
825 1429 1071 1495 Jericho,
1091 1445 1122 1484 a
1142 1431 1381 1502 quodam
1405 1446 1471 1486 ex
1493 1431 1624 1497 illis,
1649 1431 1742 1502 qui
1759 1428 1954 1485 Hiero-

376 1522 603 1591 solymis
633 1523 855 1579 litterati
879 1531 1062 1579 erant.

452 1607 618 1666 Sexta
658 1619 713 1667 et
764 1613 883 1683 ipsa
937 1614 993 1667 in
1045 1613 1209 1669 doliis
1248 1614 1428 1670 latens
1460 1614 1681 1670 inventa
1713 1621 1817 1679 est,
1849 1612 1954 1669 sub

2054 423 2164 479 τῶν
2185 426 2537 498 Σαμαρειτῶν
2568 428 2859 501 ἑρμηνεύει
2888 430 2983 489 καὶ
3008 428 3170 494 αὐτὸς
3195 430 3292 502 τὴν
3321 430 3471 487 θείαν
3495 433 3640 504 Γρα-

2057 515 2162 586 φὴν
2191 516 2297 570 ὑπὸ
2325 517 2567 590 Σεϐήρου
2591 521 2684 575 τοῦ
2712 522 2976 593 βασιλέως
2999 521 3138 593 μετά
3183 522 3273 588 νς¹
3303 522 3399 597 ἐτη
3428 526 3527 596 τῆς
3543 525 3640 580 τοῦ

2069 608 2268 661 Ἀκύλα
2302 610 2616 682 ἑρμηνείας,

2126 702 2374 775 Τετάρτη
2424 704 2572 757 ἐστὶν
2616 706 2648 775 ή
2693 704 2787 759 τοῦ
2833 705 3186 769 Θεοδοτίωνος
3227 705 3321 760 τοῦ
3366 707 3638 776 Ἐφεσίου.

2057 784 2246 858 Οὗτος,
2289 795 2389 865 τῆς
2440 796 2705 867 αἱρέσεως
2747 797 3073 868 Μαρκίωνος
3101 797 3193 859 τοῦ
3240 798 3502 853 Ποντικοῦ
3540 798 3638 864 ὢν,

2060 880 2267 951 μηνιῶν
2297 885 2411 945 τοῖς
2436 884 2535 954 τῆς
2562 884 2826 957 αἱρέσεως
2853 887 3017 941 αὐτοῦ
3039 888 3174 958 (41),
3201 889 3513 960 ἡρμήνευσε
3545 890 3636 943 καὶ

2058 972 2220 1037 αὐτὸς
2242 974 2337 1027 ἐπὶ
2362 976 2651 1047 Κομμόδου
2680 977 2774 1031 τοῦ
2806 978 3067 1048 βασιλέως
3089 981 3146 1033 ἑν
3167 981 3314 1053 αὐτῷ
3336 981 3413 1053 τῷ
3436 982 3632 1055 χρόνῳ,

2056 1063 2195 1135 πρὸς
2221 1064 2546 1139 διαστροφὴν
2574 1069 2671 1141 τῆς
2698 1069 2861 1124 αὐτοῦ
2893 1070 3176 1145 αἱρέσεως,

2127 1245 2360 1318 Πὲμπτη
2386 1248 2654 1321 ἑρμηνεία
2693 1251 2839 1305 ἑστίν
2863 1254 2897 1324 ἡ
2939 1253 2996 1309 ἑν
3024 1254 3203 1319 πίθοις
3234 1257 3513 1330 εὑρεθεῖσα
3541 1276 3638 1333 κε-

2058 1335 2346 1407 κρυμμένη
2385 1338 2477 1391 ἐπὶ
2527 1339 2841 1399 Ἀντωνίνου
2871 1341 3134 1415 βασιλέως
3163 1345 3256 1401 τοῦ
3304 1347 3640 1418 Καρακάλλα

2057 1425 2375 1567 ἓνίἹεριχὼ
2412 1429 2562 1500 παρά
2599 1447 2744 1495 τινος
2777 1431 2885 1486 τῶν
2934 1434 2992 1489 ὲν
3039 1435 3427 1507 Ἱεροσολύμοις
3474 1454 3641 1492 σπου-

2089 1532 2122 1568 α
2146 1533 2239 1570 ων.

2133 1607 2304 1680 Ἕκτη
2340 1609 2603 1681 ἑρμηνεία
2643 1613 2791 1668 ἐστὶν
2829 1618 2864 1687 ή
2899 1616 2958 1670 ἑν
2992 1617 3171 1682 πίθοις
3217 1619 3503 1690 εὑρεθεῖσα
3543 1619 3640 1673 καὶ

374 1701 687 1759 Alexandro
731 1703 1024 1760 Mammaea;
1053 1706 1186 1770 tilio,
1213 1705 1462 1777 Nicopoli
1512 1705 1584 1761 ad
1629 1706 1848 1761 Actium
1878 1720 1892 1758 :
1923 1719 1955 1759 a

2069 1698 2194 1772 ιῦτη
2224 1704 2579 1776 κεκρυμμένη
2609 1706 2703 1760 ἑπὶ
2732 1706 3079 1779 Ἀλεξάνδρου
3109 1710 3202 1763 τοῦ
3225 1712 3490 1783 Μαμαίας
3512 1729 3643 1765 παι-

358 1795 613 1875 quodam
636 1794 887 1868 Origenis
908 1794 1186 1859 familiari.

451 1976 693 2050 Septima
727 1984 781 2041 et
826 1988 1106 2051 postrema
1160 1980 1579 2052 interpretatio,
1622 1983 1799 2038 sancti
1841 1981 1953 2037 Lu-

377 2068 546 2131 ciani,
574 2068 760 2139 magni
810 2078 1005 2125 ascette
1053 2077 1109 2123 et
1160 2071 1418 2142 martyris
1468 2080 1573 2134 est,
1608 2072 1702 2142 qui
1736 2080 1789 2127 et
1834 2070 1954 2142 ipse

377 2177 504 2216 cum
539 2162 596 2216 in
637 2161 926 2231 praedictas
980 2161 1264 2219 versiones
1330 2168 1385 2218 et
1436 2161 1734 2218 Hebraicos
1781 2162 1952 2219 libros

377 2253 687 2318 incidisset,
728 2261 785 2309 et
828 2254 1137 2325 diligenter,
1169 2269 1291 2325 quae
1337 2254 1421 2309 vel
1462 2256 1678 2310 veritati
1707 2255 1950 2321 deerant,

377 2346 463 2401 vel
494 2345 768 2417 superﬂua
797 2356 975 2413 erant,
1013 2346 1364 2417 inspexisset,
1401 2362 1466 2403 ac
1496 2347 1612 2403 suis
1643 2347 1954 2417 quibusque

381 2437 792 2507 Scripturarum
830 2438 966 2493 locis
1026 2439 1398 2504 correxisset,
1455 2438 1763 2494 versionem
1810 2438 1954 2492 hanc

379 2527 708 2585 Christianis
740 2528 1000 2585 fratribus
1047 2529 1250 2598 edidit;
1304 2542 1358 2586 et
1400 2538 1525 2601 post
1569 2530 1741 2600 ipsius
1775 2536 1953 2585 certa-

380 2639 502 2679 men
532 2631 587 2679 et
618 2623 961 2694 martyrium,
1006 2622 1154 2693 quod
1184 2622 1288 2677 sub
1326 2620 1665 2676 Diocletiano
1693 2629 1748 2676 et
1779 2620 1954 2675 Maxi-

383 2714 566 2769 miano
609 2714 857 2785 tyrannis
888 2714 1170 2779 sustinuit,
1214 2713 1348 2768 liber
1390 2712 1567 2783 ipsius
1612 2728 1776 2768 manu
1809 2713 1954 2768 scri-

380 2812 532 2873 ptus,
585 2812 836 2875 repertus
879 2812 963 2861 est
1027 2803 1377 2869 Nicomediae,
1440 2804 1545 2859 sub
1587 2803 1954 2861 Constantino

381 2895 577 2966 Magno
601 2896 951 2967 imperatore,
988 2895 1131 2967 apud
1158 2895 1397 2961 Iudaeos,
1434 2898 1491 2950 in
1522 2895 1742 2966 pariete'
1755 2897 1954 2952 turrito

381 2989 532 3045 calce
563 2988 896 3054 circumlita,
931 2988 986 3043 in
1040 3002 1149 3058 quo
1203 2987 1466 3043 custodiae
1514 2988 1690 3060 gratia
1741 2988 1953 3059 positus

382 3079 577 3137 fuerat.

384 3290 616 3357 Quinam
667 3287 789 3342 libri
818 3287 874 3341 in
921 3286 1210 3356 Scripturis
1259 3287 1534 3357 memorati
1582 3294 1726 3351 sunt,
1773 3294 1830 3340 ut
1871 3288 1959 3357 qui

456 3370 567 3414 tum
599 3359 845 3427 temporis
891 3365 1182 3419 exstarent,
1230 3356 1320 3411 sed
1361 3357 1480 3428 jam
1532 3373 1639 3412 non
1695 3356 1962 3426 reperiun-

458 3442 567 3485 tur.

458 3539 547 3595 78.
579 3537 776 3595 Libros
806 3537 1045 3603 Nathan,
1069 3537 1247 3605 Addo,
1276 3536 1463 3594 Achiae
1492 3537 1755 3604 Silonitae,
1781 3535 1959 3594 Semei

381 3643 439 3689 et
457 3632 619 3695 Jehu,
650 3639 872 3687 exstare
897 3631 1163 3701 scriptum
1191 3638 1277 3687 est
1309 3632 1367 3692 in
1399 3632 1540 3687 libro
1568 3630 1800 3702 Regum.
1825 3628 1959 3685 Pro-

383 3725 561 3797 phetaa
592 3731 774 3779 autem
805 3723 861 3777 hi
888 3729 1018 3777 sunt
1063 3722 1159 3793 qui
1199 3723 1519 3793 prophetias
1554 3725 1673 3780 suis
1710 3721 1958 3779 conscri-

383 3833 561 3891 psere,
584 3833 705 3889 qua:
723 3817 836 3888 jam
864 3830 976 3872 non
1006 3815 1377 3887 reperiuntur.

456 3995 563 4053 Ter
593 3995 744 4051 mille
784 3994 977 4065 psalmi
1009 3992 1232 4049 Davidis
1269 3992 1327 4047 in
1368 3991 1802 4062 Paralipomenis
1835 4007 1960 4049 esse

382 4088 642 4142 dicuntur
670 4104 684 4141 :
719 4100 750 4140 e
780 4085 981 4155 quibus
1012 4090 1234 4138 centum
1264 4082 1663 4153 quinquaginta
1690 4081 1959 4136 duntaxat

383 4179 452 4233 ab
503 4177 699 4234 amicis
744 4176 992 4231 Ezechiae
1048 4174 1198 4245 regis
1246 4174 1479 4239 selecti,
1526 4174 1725 4244 reliqui
1776 4181 1958 4229 autem

383 4269 691 4327 absconditi
771 4267 944 4324 fuere.
998 4265 1252 4345 Quinque
1303 4265 1476 4320 millia
1534 4265 1956 4322 Proverbiorum

381 4469 495 4551 veri
527 4469 873 4551 temporibus
894 4468 1040 4550 edita
1077 4468 1178 4551 [uit
1218 4471 1394 4551 νει-εἰσ
1422 4468 1768 4551 Symmachi,
1787 4476 1962 4538 poste-

383 4541 497 4620 rio_r
529 4536 675 4620 haud
718 4540 886 4620 dubio
908 4540 1029 4620 .erit
1075 4536 1805 4620 Tlieodotionis'aversiolii:
1841 4555 1963 4620 quae

386 4610 491 4692 sub
525 4608 1124 4692 Commo'doallornata
1166 4608 1454 4692 Γιιίξῇξίπο
1494 4607 1674 4665 fusius
1706 4607 1960 4665 Petavius

386 4680 439 4735 in
478 4679 622 4733 notis
656 4679 722 4733 ad
746 4678 1131 4748 Epiphanium,
1166 4695 1221 4748 p.
1256 4680 1381 4734 398.

433 4747 736 4834 ’(μῌίοξ.
773 4751 879 4834 ¹καὶ.
921 4752 1034 4834 rei;
1067 4749 1410 4834 aovatpérai's
1451 4747 1676 4834 muti-by.
1720 4749 1777 4803 ln
1807 4751 1961 4834 prius

301 4886 309 4894 _
380 4818 555 4894 editis
579 4820 1049 4894 legebaturqpalm
1085 4818 1327 4894 μηνύων.
1361 4818 1493 4894 Beg.
1516 4818 1960 4894 ’ibi_dcm_subse-

383 4892 592 4962 quitur.
620 4889 829 4962 ἔκδοσιν
858 4888 993 4962 ίδίαν
1013 4888 1304 4962 ἐποιήσατο
1323 4892 1421 4962 τῆς
1446 4890 1687 4962 Γραφῆς,
1717 4891 1961 4960 Κομόδου

381 4960 801 5042 ᾓν“Ῥωμίων
851 4960 1125 5042 βασιλείαν
1150 4960 1456 5042 έίθύνοντος.
1487 4960 1619 5033 Quae
1639 4968 1963 5042 isequuntur

381 5029 605 5114 in'JReg.
630 5029 865 5085 omnino
905 5031 991 5114 ab_
1016 5032 1100 5085 his
1133 5031 1467 5114 discrepant,
1511 5029 1655 5100 quod
1688 5029 1753 5114 ad
1793 5032 1961 5086 verba

384 5099 601 5183 attinet,
633 5117 804 5171 quare
825 5117 889 5155 ea
913 5102 1089 5183 solum
1110 5099 1517 5163 adnotabimus,
1532 5099 1670 5171 quae
1691 5099 1961 5156 diversam

385 5172 682 5243 praeferunt
715 5173 1060 5227 sententiam.

460 5242 571 5314 (42)
608 5240 752 5314 Reg._
776 5244 843 5314 τῇ
892 5242 1031 5314 κατὰ
1058 5243 1149 5314 τον
1176 5243 1395 5314 Ἄκτιον
1433 5240 1790 5314 διακειμένη.)
1818 5240 1960 5314 Editi

387 5311 646 5393 malelﬁn
662 5312 800 5383 πρὸς
818 5311 1088 5393 άρκτί-οις.
1109 5313 1465 5393 Epiphanius,
1587 5311 1722 5392 πρὸς
1737 5311 1958 5393 Ἃκτίᾳ.

460 5382 571 5452 (45)
604 5382 728 5436 Hmc
768 5382 875 5437 non
908 5385 1177 5437 habentur
1212 5382 1363 5453 apud
1398 5382 1779 5449 Epiphanium,
1831 5382 1961 5451 quia

328 5462 341 5509 ἓ
389 5466 482 5522 eas
516 5455 691 5506 solum
720 5454 986 5508 editiones
1010 5454 1098 5506 ille
1120 5461 1528 5516 commemorat,
1562 5466 1682 5522 qua:
1713 5451 1767 5504 in
1796 5450 1963 5507 llexa-

307 5480 341 5516 ι
389 5480 482 5505 can
516 5480 691 5506 δυιυιιι
720 5480 986 5508 συιιιυιιιςδ
1010 5480 1098 5506 HIC
1120 5480 1528 5516 CUIIIIIIUIUUI'RIL,

390 5520 781 5601 plisflrigenis
812 5524 989 5577 locum
1017 5524 1316 5601 liabttcre._
1437 5592 1528 5601 ΑΜ

465 5591 575 5661 (ιι)
604 5592 727 5647 Hzec
751 5593 1090 5648 habenturin
1113 5610 1245 5649 mss.
1279 5593 1409 5660 Reg.
1435 5592 1557 5646 228.
1587 5593 1772 5648 Graece.
1794 5591 1957 5651 (01.4.

393 5676 575 5736 verso,
607 5670 659 5729 et
685 5662 829 5727 edita
863 5672 991 5729 sunt
1021 5679 1049 5719 a
1077 5664 1348 5722 Cotclcrio
1384 5665 1438 5718 in
1468 5663 1610 5719 notis
1650 5664 1714 5718 ad
1767 5661 1957 5725 Patres

2056 1789 2143 1854 δὸς
2173 1791 2233 1845 ἐν
2261 1791 2556 1847 Νικοπόλει
2583 1798 2650 1868 τῇ
2676 1796 2814 1869 πρὸς
2839 1798 3061 1854 ’Δκτιον
3085 1800 3199 1873 (49)
3231 1801 3336 1855 ὑπό
3363 1819 3505 1867 τινος
3527 1803 3640 1858 τῶν

2071 1882 2378 1955 Ὠριγένους
2408 1888 2723 1960 γνωρίμων.

2138 1976 2372 2049 Ἑϐδόμη
2404 1979 2566 2034 πάλιν
2597 1981 2691 2035 καὶ
2710 1982 2995 2038 τελευταία
3025 1985 3345 2058 ἑρμηνείαὴ
3371 1985 3464 2040 τοῦ
3480 1986 3639 2055 ἁγίου

2057 2067 2355 2131 Λουκιανοῦ
2392 2068 2485 2125 τοῦ
2516 2073 2751 2144 μεγάλου
2784 2076 3022 2149 ἀσκητοῦ
3051 2079 3143 2132 καὶ
3173 2080 3465 2151 μάρτυρος,
3492 2082 3643 2143 ὅστις

2058 2162 2152 2216 καὶ
2184 2162 2347 2227 αὐτὸς
2382 2167 2503 2230 ταῖς
2535 2169 3056 2242 προγεγραμμέναις
3097 2172 3339 2226 ἑκδόσεσι
3388 2172 3485 2227 καὶ
3526 2176 3643 2237 τοῖς

2071 2250 2377 2321 Ἑϐραϊκοῖς
2408 2256 2669 2328 ἐντυχὼν,
2698 2261 2793 2314 καὶ
2820 2261 3164 2326 ἐποπτεύσας
3198 2263 3334 2335 μετὰ
3356 2263 3645 2336 ἀκριϐείας

2058 2339 2127 2405 τά
2174 2343 2449 2413 λείποντα,
2487 2349 2521 2421 ἢ
2560 2351 2655 2404 κα)⁵
2684 2350 2912 2422 περιττά
2942 2352 3043 2422 τῆς
3087 2353 3345 2424 ἀληθείας
3394 2355 3641 2424 ῥήματα,

2058 2435 2153 2491 καὶ
2181 2435 2614 2512 διορθωσάμενος
2649 2444 2707 2496 ἑν
2743 2446 2853 2507 τοῖς
2896 2443 3117 2509 οἰκείοις
3142 2446 3249 2499 τῶν
3280 2445 3510 2517 Γραφῶν
3544 2446 3643 2499 τό·

2059 2544 2201 2593 ποις,
2227 2529 2435 2595 ἐξέδοτο
2466 2537 2579 2598 τοῖς
2621 2536 2965 2607 Χριστιανοῖς
2991 2537 3241 2607 ἀδελφοῖς
3260 2553 3276 2568 ⁶
3306 2538 3429 2609 ἥτις
3456 2537 3520 2609 δὴ
3545 2538 3645 2592 καὶ

2060 2619 2322 2689 ἑρμηνεία
2350 2622 2488 2692 μετά
2516 2625 2616 2696 τὴν
2648 2625 2870 2699 ἄθλησιν
2893 2630 2987 2682 καὶ
3026 2629 3329 2702 μαρτυρίαν
3353 2629 3447 2683 τοῦ
3472 2630 3643 2685 αὐτοῦ

2059 2710 2215 2779 ἁγίου
2263 2713 2593 2780 Λουκιανοῦ,
2639 2718 2739 2789 τὴν
2795 2725 3079 2789 γεγονυῖαν
3125 2723 3218 2776 ἐπὶ
3261 2722 3645 2795 Διοκλητιανοῦ

2060 2803 2154 2857 καὶ
2181 2804 2524 2877 Μαξιμιανοῦ
2555 2808 2665 2864 τῶν
2703 2811 2981 2883 τυράννων
3004 2855 3019 2880 ,
3049 2815 3216 2885 ἤγουν
3261 2815 3322 2868 τὸ
3362 2815 3645 2887 ίδιόχειρον

2059 2895 2224 2950 αὑτοῦ
2258 2899 2358 2969 τῆς
2387 2900 2653 2966 ἐκδόσεως
2687 2903 2920 2973 βιϐλίον,
2963 2907 3161 2978 εὑρέθη
3212 2909 3269 2960 ἑν
3304 2906 3648 2978 Νικομηδείᾳ

2059 2987 2151 3041 ἐπὶ
2181 2989 2590 3046 Κωνσταντίνου
2626 2993 2886 3064 βασιλέως
2922 2999 3017 3052 τοῦ
3046 2998 3281 3069 μεγάλου
3322 2999 3472 3069 παρὰ
3512 2999 3646 3051 ἰου-

1985 3054 2028 3113 C
2060 3078 2227 3143 δαίοις
2255 3081 2312 3135 ἑν
2335 3082 2498 3154 τοίχῳ
2531 3054 2819 3161 πυργίσκῳ
2852 3054 3323 3163 περικεγρίσμένῳ
3353 3054 3644 3161 κονιάματι

2061 3171 2140 3234 είς
2165 3172 2479 3241 διαφύλαξιν
2505 3175 2640 3247 (45).

2066 3284 2362 3362 “quem!
2396 3288 2469 3362 qi
2489 3292 2984 3361 μνημονευόμενα
3014 3291 3084 3345 ἐν
3111 3291 3241 3357 ταῖς
3270 3292 3524 3362 γραφαῖς
3539 3294 3644 3359 ,θι-

2130 3357 2269 3410 ϐλία
2297 3359 2377 3424 ὡς
2405 3357 2568 3425 ὄντα,
2599 3357 2712 3429 οὐχ
2737 3357 3133 3432 εὑρισκόμενα
3155 3363 3224 3417 δέ
3249 3357 3384 3435 (Π).

2130 3535 2219 3590 78.
2257 3536 2445 3591 Ναϐὰν
2493 3540 2588 3593 καὶ
2626 3539 2821 3608 Ἀδδὼ,
2860 3541 2953 3595 καὶ
2999 3542 3153 3612 Ἀχια
3188 3541 3284 3595 τοῦ
3328 3541 3642 3605 Σιλωνίτου,

2061 3629 2155 3682 καὶ
2187 3630 2402 3699 Σεμεεὶ,
2433 3631 2526 3684 καὶ¹
2562 3632 2734 3701 Ἰηοῦ,
2781 3635 2839 3686 ἑν
2874 3635 2940 3705 τῇ
2978 3632 3143 3704 βίϐλῳ
3195 3633 3303 3688 τῶν
3346 3632 3644 3687 Baetin-:th

2059 3720 2371 3793 γέγραπται
2407 3718 2545 3776 εἶναι
2585 3722 2766 3793 βιϐλία
2792 3740 2806 3754 ο
2854 3723 3131 3807 προφῆτρι
3180 3722 3236 3777 δὲ
3284 3716 3427 3777 οὗτοί
3477 3725 3641 3787 εἰσιν,

2058 3814 2110 3868 οἳ
2149 3814 2461 3887 γεγράφασι
2508 3815 2636 3887 περὶ
2691 3808 2767 3869 ὧν
2821 3816 3274 3888 προεφήτευσαν·
3314 3813 3351 3868 ἃ
3398 3813 3501 3885 οὐχ
3543 3815 3641 3868 εὐο

2064 3903 2327 3975 ρίσκεται.

2129 3994 2349 4064 Ψαλμοὶ
2413 3993 2701 4065 τρισχίλιοι
2771 3994 3017 4064 λέγονται
3083 3997 3142 4049 ὲν
3209 3995 3644 4068 Παραλειπομέ-

2059 4101 2175 4149 ναις
2201 4086 2311 4156 (45)
2341 4080 2479 4139 εἶναι
2514 4085 2609 4138 τοῦ
2638 4085 2833 4149 Δαϐὶδ,
2877 4086 3071 4156 μόνους
3105 4086 3161 4140 δὲ
3199 4087 3260 4152 ἑξ
3296 4088 3475 4141 αὐτῶν
3512 4088 3641 4152 τοὺς

2062 4183 2136 4245 ρν¹
2176 4176 2280 4230 ὑπὸ
2315 4177 2424 4230 τῶν
2475 4178 2644 4246 φίλων
2692 4177 2932 4249 Ἐζεχίου
2982 4177 3077 4230 τοῦ
3127 4178 3389 4248 βασιλέως
3435 4177 3640 4244 ἐξειλέ-

2059 4264 2184 4337 χθαι
2211 4272 2226 4332 ,‘
2252 4267 2379 4330 τοὺς
2410 4266 2467 4319 δὲ
2496 4266 2689 4330 ἄλλους
2722 4265 3159 4339 άποκεκρῦφθαι.
3187 4268 3643 4338 Πεντακισχιλίας

2062 4465 2223 4536 primi
2252 4466 2435 4521 saaculi
2463 4481 2519 4536 p.
2549 4464 2673 4536 559,
2705 4464 3019 4536 eorumdem
3046 4464 3323 4533 exemplar
3346 4478 3444 4519 sua
3471 4478 3642 4518 manu

2061 4551 2128 4589 cx
2173 4535 2479 4591 Baroniano
2517 4535 2707 4590 codice
2754 4535 3085 4603 descriptum
3140 4536 3297 4589 nobis
3335 4536 3646 4589 transmisit

2061 4605 2147 4659 vir
2195 4607 2535 4661 clarissimus
2586 4604 2825 4660 Jacobus
2878 4605 3009 4658 Mill.
3058 4604 3377 4674 principalis
3421 4604 3643 4671 collegii

2064 4677 2253 4732 Sancti
2310 4675 2578 4730 Edmundi
2631 4674 2978 4737 Oxoniensis,
3027 4674 3120 4744 qui
3160 4689 3269 4729 non
3306 4688 3479 4743 pauca
3531 4675 3643 4728 alia

2061 4748 2221 4802 nobis
2258 4746 2669 4816 perhumaniter
2700 4744 2874 4799 ollicia
2921 4745 3174 4816 contulit,
3223 4744 3645 4816 con[ertqnegin

2062 4816 2198 4877 dies,
2227 4812 2566 4887 rogantibus.
2606 4818 2664 4869 In
2706 4817 2861 4885 prius
2891 4815 3305 4887 editis_nonnisi
3334 4812 3530 4887 Latine
3562 4814 3646 4887 le-

2061 4884 2344 4955 gebantur.
2374 4886 2548 4941 Porro
2569 4886 2622 4939 in
2652 4884 3028 4953 manuscripto
3056 4884 3188 4953 Reg.
3222 4885 3326 4940 sub
3345 4884 3448 4937 hoc
3476 4885 3644 4937 titulo

2061 4959 2330 5028 habetur:
2366 4958 2627 5028 Ἰωσήπου
2669 4958 2733 5009 ἑκ
2765 4956 2858 5028 τοῦ
2892 4955 3300 5028 ὑπομνηστικοῦ
3328 4971 3451 5023 κεφ.
3500 4960 3640 5024 ρνη⁹.

2068 5026 2148 5080 Ea:
2177 5026 2393 5096 Iosephi
2433 5024 2822 5081 Commentario
2868 5024 3024 5088 caput
3065 5026 3186 5079 158.
3228 5024 3418 5096 Exstat
3455 5035 3641 5096 autem

2060 5094 2495 5167 Josephi'hujus
2524 5097 2625 5152 viri
2669 5096 2969 5167 Christiani
2989 5094 3432 5167 patopvncmxdv,
3463 5094 3634 5167 pluri-

2062 5170 2165 5223 bus
2194 5165 2459 5223 constans
2481 5166 2873 5237 quaastionibus
2896 5165 3318 5237 in_Bibliothe_ca
3338 5165 3629 5237 Cantabrio

2063 5239 2257 5308 giensi,
2297 5233 2607 5308 citaturque
2635 5252 2665 5291 a
2692 5236 2926 5308 Patritio
2946 5234 3112 5290 Junio
3139 5236 3197 5308 in
3227 5234 3383 5308 Notis
3405 5233 3473 5287 ad
3507 5233 3630 5304 Eph

2063 5306 2260 5362 stolam
2316 5307 2631 5363 Clementis.
2672 5307 2964 5367 Cancrum.
3007 5313 3067 5360 ut
3119 5306 3519 5365 existimamus,
3571 5319 3630 5362 e1

2060 5378 2298 5448 Josepho
2327 5378 2444 5432 haec
2473 5386 2753 5448 mutuatus
2782 5383 2866 5431 est
2898 5374 3144 5448 Scriptor
3175 5375 3402 5448 hujusce
3428 5374 3639 5448 operis,

2062 5457 2123 5503 ut
2151 5444 2431 5517 superiora
2461 5463 2526 5501 ex
2552 5447 2874 5517 Epiphanio.
2909 5445 2979 5517 In
3000 5444 3190 5499 Baroc.
3228 5448 3308 5501 sic
3341 5444 3539 5517 legitur
3572 5445 3647 5517 ti-

2064 5516 2232 5577 tulus,
2265 5519 2399 5572 Τίνα
2427 5519 2544 5571 ἐστὶ
2583 5516 3124 5587 τάμνημονευόμενα
3156 5518 3214 5569 ἐν
3247 5519 3365 5580 ταῖς
3394 5516 3647 5587 Γραφιῖς

2065 5589 2265 5661 βιϐλία,
2280 5590 2396 5661 ,οὐχ
2426 5589 2811 5661 εὑρισκόμενα.
2968 5658 2977 5661 _
3534 5587 3539 5593 ’

2134 5660 2243 5739 (43)
2280 5658 2466 5716 Barce.
2496 5658 2564 5712 ίὲν
2598 5658 3111 5732 Παραλειπομένοις.
