3880 6186
224 152 229 157 ’
302 173 416 242 5"
1428 165 1767 223 SYNOPSIS
1810 161 2228 223 SCRIPTUM;
2272 160 2546 238 sscnls,
3502 158 3605 213 s35

308 294 617 367 ⁴παροιμίας
655 295 762 347 ὑπὸ
799 291 1147 364 Σολομῶντος
1190 289 1522 347 ἐκδεδόσθαι.
1544 289 1711 361 φησὶν
1742 289 1777 358 ἡ
1811 305 1840 340 τ

2125 290 2170 336 La
2200 298 2231 337 a
2268 280 2565 336 Salomone
2592 279 3323 351 tradit-Paralipomenorum
3355 273 3609 345 Scriptu-
3639 251 3657 305 ²Ῐ

307 366 817 459 Παραλειπομὲνων
854 386 1046 458 Γραφή
1079 383 1191 456 (46)
1216 401 1230 414 ο
1284 384 1400 437 ἀλλ’
1442 383 1544 436 οὐκ
1593 381 1700 435 sici.
1736 379 1833 433 νῦν

2073 424 2074 427 η
2111 393 2125 430 :
2164 375 2260 430 sed
2310 375 2460 429 nulla
2505 373 2620 443 jam
2666 378 2888 428 exstant
2917 386 3084 443 quam
3132 386 3198 426 ea
3257 384 3378 440 qua:
3409 366 3605 437 recipit

311 456 476 552 Mnus
532 478 589 531 αἱ
643 456 1153 548 ἐκκλησιαζόμεναι.
1207 475 1280 528 Τὸ
1314 470 1504 546 τᾼσμα
1552 472 1610 540 ἐξ
1648 470 1843 543 ᾁσμάτι

2072 465 2283 522 :clesia.
2351 464 2640 519 Canticum
2696 462 3030 534 mysticum,
3086 476 3154 516 ex
3225 456 3604 528 compluribus

308 547 578 624 ἆτλειὸνων
604 569 665 623 τὸ
705 547 964 641 μυατικὺν
1002 566 1302 637 ὲξειλέχθαι
1338 562 1765 638 ὲπιγέγραπταιζ
1793 562 1840 614 Ἰι

2070 558 2248 614 mticis
2273 557 2535 613 selectum
2567 569 2693 611 esse
2714 553 2835 625 ipsa
2857 552 2962 609 fert
2989 550 3301 623 inscriptio.
3327 547 3602 618 Josephus

310 680 488 735 σηπος
522 662 580 716 δὲ
617 638 824 734 ἱστορεῖ
857 659 952 714 δύο
985 659 1164 732 βιϐλία
1194 657 1532 735 προφητείας
1564 656 1656 710 τὸν
1688 672 1842 727 προφη

2073 665 2145 705 :ro
2173 648 2343 704 tradit
2374 646 2719 702 Ezechielcm
2748 644 3075 718 prophetam
3115 642 3257 698 duos
3300 638 3605 712 prophetia:

307 730 413 826 τήν
454 755 571 829 (47)
618 730 878 826 Ἰεζεκιὴλ
905 730 1249 825 γεγράφθαιέ
1277 752 1336 808 ἓν
1365 751 1423 804 δὲ
1446 730 1608 823 μονον
1644 749 1839 816 ὲπιγινι

2070 746 2186 800 eros
2219 739 2660 812 conscripsisse:
2693 739 2901 794 scimus
2931 744 3114 791 autem
3144 748 3313 789 unum
3335 731 3602 787 duntaxat

309 820 516 920 σέομεν
542 820 929 919 εὑρίσκεσθαι.-
983 820 1022 825 Π
1096 820 1106 823 ν
1450 820 1459 823 Ἴ

2065 834 2265 904 :periri.
2314 832 2546 906 (Itaque
2598 831 2715 885 haec
2761 830 2947 884 omnia
2996 843 3096 899 per
3144 826 3437 896 impiorum
3497 820 3597 878 Ju-

2012 927 2254 982 daeorum
2301 923 2602 979 amentiam
2660 928 2715 977 et
2748 918 3020 976 incuriam
3078 916 3376 983 interiisse,
3423 914 3602 969 mani-

2012 1019 2211 1075 festum
2237 1018 2368 1091 est.)

381 1202 494 1275 (46)
531 1190 721 1260 3aroc.
746 1201 1057 1258 ἐκδεδόσθαι
1087 1202 1120 1272 ἡ
1150 1198 1260 1253 τῶν
1287 1197 1785 1271 Παραλειπομένων
1815 1197 1902 1250 λέ-

2065 1196 2326 1275 οοφητῶγ,
2351 1195 2459 1275 ’τὸν
2508 1211 2678 1275 τςροιφ.
2717 1192 2956 1275 ΔΡιτξιξξιίι]ἰ
2996 1188 3147 1261 Regii
3200 1190 3381 1246 lectio.
3414 1186 3597 1275 Eon-0

304 1255 720 1346 γεῖίιξραξρήίη
1188 1343 1198 1346 _
1436 1339 1486 1346 __
1561 1255 1703 1346 AI-“
1835 1337 1860 1346 _
2008 1255 2143 1338 quae
2177 1255 2398 1346 bucinis
2442 1255 3049 1346 includiintur_l.atina,
3079 1255 3364 1346 'nusqua‘m
3411 1255 3598 1315 Greece

380 1332 494 1416 (47)
529 1332 724 1401 Earoc.
764 1343 1070 1414 ’Itbcmrmo;
1099 1341 1157 1394 δὲ
1186 1342 1391 1412 ἱστορεῖ
1430 1339 1523 1392 δύο
1558 1335 1741 1409 βιϐλία
1793 1337 1901 1392 τῶν

2009 1332 2340 1409 reperimus,
2366 1336 2458 1392 sed
2493 1352 2559 1391 ex
2590 1336 2744 1407 prius
2772 1334 2933 1391 editis
2957 1332 3490 1389 huctranstulimus.

426 1700 1129 1798 ADMONITIO
1204 1700 1333 1790 IN
1417 1695 2416 1792 DISPUTATIONEM
2493 1694 2970 1789 CONTRA
3040 1693 3466 1785 ARIUM.

379 1923 539 1995 157
563 1927 607 1978 Ι.
627 1921 930 1977 Prn’mt'ssis
951 1922 1019 1976 iis
1040 1918 1287 1991 operibus
1307 1935 1422 1989 qua:
1443 1926 1625 1972 nostro
1646 1916 1911 1971 doctorum

2062 1915 2240 1969 ‘udicio
2258 1924 2440 1985 aperta
2467 1914 2678 1978 νοθείας
2706 1913 2781 1968 vel
2797 1911 3149 1984 γνησιὸτητος
3167 1929 3267 1966 non
3293 1910 3482 1969 habent
3510 1914 3594 1967 inv

297 2018 471 2085 dicia,
510 2035 575 2071 ea
596 2016 718 2087 jam
745 2013 972 2080 edimus,
999 2028 1115 2084 qua:
1144 2011 1283 2081 falso
1308 2010 1595 2064 Athanasii
1622 2008 1873 2079 prirferre
1907 2024 2094 2062 nomen
2116 2006 2367 2077 liquidius
2390 2005 2782 2075 comprobatur.
2803 2004 3048 2057 Primum
3086 2004 3140 2058 in
3176 2002 3331 2058 editis
3360 2007 3591 2059 occurrit

296 2110 596 2180 disputatio
629 2116 819 2162 contra
849 2107 1041 2160 Arium
1063 2103 1116 2158 in
1156 2101 1383 2156 concilio
1416 2099 1469 2153 Ν
1476 2102 1660 2154 icwno.
1714 2098 1857 2168 Opus
1871 2099 1991 2168 jam
2017 2097 2223 2163 pridem
2258 2115 2293 2152 a
2332 2099 2463 2154 uiris
2497 2096 2665 2152 doctis
2699 2096 2999 2153 Athanasio
3029 2098 3417 2169 abjudicatum.
3441 2099 3591 2155 Libet

298 2210 482 2256 autem
520 2200 607 2254 hic
649 2215 930 2270 apponere,
971 2214 1089 2270 quae
1119 2200 1190 2252 ad
1224 2197 1426 2251 calcem
1466 2196 1714 2251 editionis
1754 2193 2196 2250 Commeliniana:
2234 2210 2267 2247 a
2308 2192 2473 2249 Petro
2506 2192 2864 2247 Felckmanno
2897 2191 3156 2248 adnotata
3177 2173 3302 2250 sunt
3344 2195 3401 2249 in
3428 2197 3591 2250 variis

298 2288 518 2344 lection.
545 2303 601 2360 p.
636 2286 730 2341 2L
770 2287 1088 2356 Inscriptio,
1122 2286 1317 2357 inquit,
1351 2285 1519 2355 hujus
1553 2284 1830 2355 disputatii

2082 2282 2273 2338 codice
2309 2282 2635 2353 Augustano
2678 2292 2763 2339 est
2791 2303 2804 2339 :
2831 2289 3077 2358 Διάλεξις
3122 2295 3180 2347 ὲν
3207 2297 3272 2365 τῇ
3305 2293 3449 2349 κατὰ
3488 2294 3592 2348 Νί-

294 2400 464 2441 καιαν
496 2385 699 2456 συνόδῳ
736 2384 875 2457 πρὸς
917 2384 1217 2456 Ἀρειανόν.
1257 2380 1556 2453 Sequentia
1588 2396 1720 2436 vero
1743 2381 1826 2436 de:

2054 2387 2139 2435 .et
2167 2381 2221 2435 in
2256 2380 2424 2435 Basil.
2458 2389 2513 2436 et
2550 2381 2764 2453 Anglic.
2797 2386 2960 2445 codd.
2995 2389 3062 2443 Et
3095 2398 3362 2461 praeterea
3393 2392 3586 2447 eadem

293 2483 552 2541 etiamin
586 2490 832 2551 tempore
863 2479 1089 2535 fallunt.
1126 2474 1264 2529 Nam
1297 2473 1446 2545 quod
1473 2474 1697 2537 dicitur,
1727 2472 2005 2529 Nicaznam
2039 2472 2310 2544 synodum
2341 2471 2584 2527 habitam
2617 2489 2762 2529 anno
2791 2476 2997 2534 Christi
3018 2482 3144 2547 510,
3169 2484 3224 2539 id
3251 2500 3443 2539 verum
3467 2500 3592 2543 esse

295 2589 412 2629 nou
449 2580 671 2643 potest:
709 2571 984 2642 siquidem
1017 2588 1104 2637 ea,
1136 2587 1288 2627 coss.
1321 2570 1544 2626 Juliano
1576 2577 1631 2625 et
1656 2569 1911 2633 Paulino,
1946 2571 2065 2626 sive
2096 2578 2295 2640 coepta,
2331 2570 2447 2626 sive
2481 2570 2636 2625 ﬁnita
2665 2580 2771 2639 est,
2810 2585 2876 2628 ut
2919 2587 3069 2649 patet
3101 2597 3169 2636 ex
3212 2580 3441 2639 Socrate
3472 2583 3573 2639 ιλιι,

298 2670 540 2738 Histor.,
577 2689 699 2744 cap.
743 2673 832 2739 t5,
870 2673 1049 2729 Graec.
1084 2672 1219 2745 Reg.
1258 2672 1395 2729 edit.
1426 2682 1482 2730 et
1512 2674 1650 2744 ipsis
1684 2672 1839 2729 Actis
1863 2670 2104 2728 Nicaenis
2134 2688 2314 2744 nuper
2338 2672 2572 2729 Lutetiae
2605 2673 2789 2742 editis,
2821 2682 2876 2732 et
2900 2674 3183 2745 Alphonso
3219 2673 3425 2731 Pisano
3447 2676 3590 2732 libro

292 2769 544 2826 secundo
565 2777 620 2824 et
650 2770 816 2824 tertio
840 2768 918 2823 De
943 2769 1145 2839 synodo
1175 2769 1424 2825 Nicwna.

365 2864 440 2918 At
472 2864 554 2918 illi
583 2879 732 2920 coss.
768 2862 996 2919 fuerunt
1029 2864 1179 2920 circa
1224 2880 1429 2921 annum
1471 2866 1544 2921 20
1574 2866 1790 2938 imperii
1819 2864 2173 2923 Constantini
2208 2865 2352 2939 Mag.
2406 2867 2514 2924 hoc
2544 2876 2649 2936 est,
2686 2869 2924 2941 (variant
2952 2867 3097 2923 enim
3129 2863 3406 2937 auctores)
3448 2865 3592 2920 inter

292 2973 509 3013 annum
541 2958 751 3013 Christi
794 2957 902 3013 525
936 2967 992 3014 et
1034 2962 1162 3017 529.
1201 2960 1386 3029 Quare
1436 2963 1555 3019 ﬁeri
1590 2979 1701 3019 non
1734 2970 1939 3034 potest,
1988 2972 2050 3018 ut
2080 2965 2127 3019 is
2163 2979 2342 3020 annus
2383 2964 2635 3021 decimus
2677 2964 2844 3020 fuerit
2895 2977 3064 3033 supra
3110 2960 3587 3022 trecentesimum,

293 3051 576 3111 Pmterea
606 3069 711 3108 nec
757 3054 814 3107 id
857 3056 1004 3123 quod
1034 3056 1262 3123 dicitur,
1295 3060 1672 3116 Alexandrum
1720 3061 1902 3132 egisse
1941 3060 2055 3130 jam
2096 3068 2212 3115 tum
2244 3060 2572 3132 episcopum
2600 3060 2872 3132 Byzantii,
2915 3057 3195 3127 quomodo
3225 3069 3415 3110 verum
3467 3068 3593 3108 esse

294 3149 498 3212 Haesit,
523 3148 687 3203 video
713 3166 727 3202 :
753 3163 903 3213 cum,
930 3158 990 3204 ut
1016 3160 1171 3222 patet
1211 3170 1281 3211 ex
1314 3155 1568 3212 historiis
1605 3164 1661 3212 et
1696 3157 1833 3228 ipsis
1866 3156 2133 3211 Actorum
2168 3155 2518 3211 Nicanomm
2544 3154 3083 3227 :subscriptionibus,
3121 3149 3433 3222 Alexander
3464 3163 3592 3219 pre-

292 3245 491 3317 sbyter
512 3253 570 3300 et
597 3246 811 3317 legatus
847 3245 1017 3302 fuerit
1046 3242 1426 3316 MetrOphanis
1459 3245 1706 3317 episcopi
1736 3244 2360 3316 Constantinopolitani.
2396 3235 2660 3302 Videatur
2683 3246 2752 3303 de
2781 3247 2885 3301 hac
2921 3260 2982 3301 re
3000 3244 3321 3316 Alphonsus
3353 3240 3592 3297 Pisanus

291 3341 365 3397 de
394 3341 634 3396 concilio
663 3340 892 3397 Nicseno
921 3358 1046 3415 pag.
1083 3341 1174 3407 71,
1201 3341 1334 3407 522,
1368 3342 1475 3397 325
1506 3350 1561 3397 et
1592 3342 1720 3407 529,
1761 3350 1816 3397 et
1838 3342 1976 3397 Acta
2000 3341 2245 3409 Nicaena,
2280 3350 2423 3414 part.
2448 3360 2508 3399 ιι.

368 3429 644 3500 Equidem
678 3446 791 3486 non
820 3431 1016 3487 dubito
1062 3432 1429 3508 Athanasium
1471 3439 1728 3487 nostrum
1768 3434 1957 3487 varios
2001 3432 2294 3488 conﬂictus
2336 3434 2603 3489 habuisse
2642 3448 2769 3488 cum
2817 3432 2951 3489 Ario
2984 3433 3042 3488 in
3081 3430 3296 3504 synodo
3339 3427 3586 3491 Nicama,

294 3520 527 3592 quando
555 3520 799 3593 Cyrillus
828 3521 1241 3576 Alexandrinus
1275 3521 1479 3576 alicubi
1512 3521 1626 3592 (48)
1667 3520 1838 3578 refert
1868 3537 1995 3579 eum
2027 3523 2084 3577 in
2135 3522 2357 3579 Nicaena
2391 3525 2604 3597 synodo
2632 3525 2891 3581 omnibus
2921 3525 3274 3581 admirationi
3309 3521 3502 3584 fuisse,
3537 3528 3593 3573 et

295 3613 617 3669 Alexandro
647 3615 907 3685 episcopo
936 3615 1098 3685 quasi
1145 3615 1246 3669 viae
1284 3614 1482 3670 ducem
1517 3616 1582 3670 ad
1615 3617 1799 3671 omnia
1828 3636 1841 3671 :
1871 3616 1982 3672 imo
2019 3617 2201 3673 editus
2243 3626 2329 3674 est
2362 3617 2477 3689 jam
2508 3618 2721 3690 pridem
2762 3634 2792 3672 a
2825 3618 2898 3673 M.
2930 3620 3130 3689 Crusio
3163 3616 3466 3687 Catalogus
3495 3613 3590 3667 Bi-

293 3708 700 3765 hliotbecarum
727 3710 874 3780 apud
909 3708 1162 3765 diversos
1189 3706 1413 3763 Graecos
1446 3707 1935 3780 Constantinopoli
1974 3710 2262 3781 degentes,
2295 3711 2353 3765 in
2388 3701 2500 3782 (ιιῶ
2534 3712 2725 3777 refert,
2760 3713 2904 3781 apud
2948 3690 3236 3769 lliustriss.
3280 3706 3588 3780 principem

294 3803 566 3860 Iacobum
595 3805 1006 3870 Marmoretam,
1055 3805 1246 3861 haberi
1296 3806 1579 3861 orationes
1624 3805 1947 3863 dialecticas
1990 3807 2285 3865 Athanasii
2316 3808 2564 3879 episcopi
2615 3805 2996 3868 Alexandrini,
3035 3804 3238 3874 quibus
3284 3797 3592 3869 disputavit

295 3896 496 3954 Nicm:
529 3900 586 3953 in
617 3900 796 3969 prima
826 3896 1170 3954 meumenica
1208 3896 1418 3968 synodo
1457 3903 1650 3951 contra
1690 3897 1880 3951 Arium
1920 3911 2107 3953 coram
2169 3898 2304 3969 imp.
2338 3898 2705 3954 Constantino
2748 3896 2967 3968 Magno.
3002 3895 3206 3950 Verum
3238 3907 3310 3946 an
3340 3891 3477 3955 haec,
3520 3888 3590 3942 de

294 4010 409 4066 qua
436 3996 551 4061 hic,
589 3996 913 4067 disputatio,
950 4005 1043 4050 aut
1075 3995 1144 4050 de
1178 3995 1400 4048 illarum
1437 4009 1695 4061 numero,
1740 4002 1837 4049 aut
1870 3996 2099 4050 omnino
2145 3995 2436 4049 Athanasii
2477 3996 2570 4060 sit,
2600 3995 2762 4049 video
2795 3993 2989 4048 doctos
3025 4004 3137 4043 non
3171 3983 3447 4041 immerito
3479 3981 3588 4037 du-

293 4088 498 4144 bitare.
535 4087 813 4159 Quidquid
848 4089 920 4145 sit
953 4090 1130 4146 nostri
1163 4090 1383 4145 codices
1408 4105 1600 4146 omnes
1629 4105 1829 4162 magno
1852 4106 2127 4146 consensu
2158 4091 2409 4146 tribuunt
2433 4107 2552 4147 eam
2587 4089 2912 4144 Athanasio.

367 4187 436 4244 II.
481 4188 614 4244 Haec
651 4188 1063 4254 Felckmannus,
1092 4190 1182 4257 qui
1219 4190 1367 4258 prius
1400 4189 1666 4244 editorum
1712 4190 1899 4243 titulun

2060 4190 2189 4254 iicit,
2222 4190 2314 4243 ubi
2344 4191 2421 4244 sic
2450 4189 2752 4261 legebatur:
2785 4185 3074 4245 Διάλεκτος
3107 4180 3163 4232 ὲν
3205 4179 3272 4249 τῇ
3306 4173 3452 4230 κατὰ
3487 4173 3592 4228 Νί-

294 4296 464 4334 καιαν
494 4280 698 4351 συνόδῳ
724 4282 862 4353 πρὸς
882 4284 1099 4354 Ἀρειον
1116 4288 1173 4339 ὲν
1204 4287 1315 4341 ἔτει
1345 4288 1445 4358 τῆς
1468 4287 1621 4351 Θείας
1658 4286 1988 4365 σαρκώσεως
2012 4293 2079 4340 τι¹
2109 4288 2167 4340 ἐν
2186 4287 2425 4359 ἡμέραις
2448 4284 2541 4339 τοῦ
2573 4284 2829 4346 εὐσεϐοῦς
2850 4279 3113 4351 βασιλέως
3153 4270 3588 4335 κωνσταντίνουν

292 4369 511 4424 καὶτοῦ
550 4373 820 4444 μακαρίου
851 4374 1017 4429 Πάπα
1057 4377 1405 4450 Σιλϐἐστρου,
1446 4380 1540 4432 καὶ
1568 4378 1824 4432 emendat

2058 4379 2205 4433 ντίου
2244 4379 2619 4451 Ἀλεξάνδρου.
2655 4376 2809 4445 Quod
2839 4388 3016 4432 autem
3051 4374 3205 4429 habet
3234 4373 3325 4426 ille
3361 4369 3425 4425 de
3454 4369 3587 4424 Dia—

295 4464 434 4537 logis
468 4465 766 4523 Athanasio
801 4469 1095 4536 attributis,
1121 4472 1237 4542 fuse
1268 4491 1302 4527 a
1331 4474 1482 4529 nobis
1514 4475 1654 4529 alias
1688 4483 2073 4543 pertractatum
2104 4483 2203 4530 est.
2238 4473 2395 4528 Hunc
2435 4491 2555 4529 vero
2585 4473 2725 4545 quod
2760 4484 2959 4544 spectat
3000 4470 3286 4541 Dialogum
3314 4509 3329 4533 ,
3381 4475 3590 4522 constat

292 4565 474 4635 primo
504 4583 620 4621 esse
640 4570 1038 4637 supposititium
1062 4585 1081 4624 :
1106 4579 1217 4625 tum
1241 4587 1307 4626 ea:
1336 4573 1464 4642 styli
1493 4589 1698 4643 genere,
1725 4572 1865 4643 quod
1901 4573 1965 4626 ab
1998 4572 2394 4640 Athanasiano,
2437 4572 2633 4625 mirum
2659 4587 2817 4642 quam
2850 4567 3165 4630 abhorreat;
3203 4572 3400 4616 tumea:
3424 4576 3591 4630 argu-

296 4655 493 4710 mentis
531 4656 842 4726 plerumque
874 4658 1148 4724 invalidis,
1184 4676 1247 4714 ne
1269 4661 1518 4715 umbram
1552 4662 1765 4732 quidem
1803 4661 2192 4718 Athanasiana:
2225 4663 2507 4735 ἐνεργείας
2534 4663 2901 4730 referentibus.
2944 4660 3123 4727 Quare
3153 4674 3244 4712 nec
3271 4656 3327 4710 in
3358 4652 3589 4723 antiquis

301 4749 592 4804 Athanasii
620 4765 835 4819 operum
870 4750 1264 4806 collectionibus
1291 4762 1582 4824 comparet,
1614 4770 1708 4809 nec
1739 4754 1804 4808 ab
1848 4754 2190 4825 antiquorum
2240 4755 2420 4826 aliquo
2448 4754 2725 4819 laudatur,
2767 4754 2907 4824 quod
2936 4752 3168 4806 sciamus
3198 4745 3431 4819 quidem.
3476 4742 3592 4798 Nec

297 4842 422 4899 ideo
449 4841 742 4913 quidquam
778 4842 836 4895 in
867 4840 1147 4897 aduersum
1181 4843 1331 4899 dubii
1363 4846 1629 4910 nascitur,
1661 4848 1825 4916 quod,
1882 4855 1941 4901 ut
1972 4850 2048 4902 ait
2080 4845 2498 4911 Felckmannus,
2531 4863 2709 4901 omnes
2736 4846 2937 4900 codices
2976 4843 3131 4896 illum
3163 4839 3461 4894 Athanasio
3495 4840 3591 4893 tri-

297 4944 491 4991 buant.
525 4934 674 4990 Nam
706 4936 799 4990 ubi
832 4939 990 4992 semel
1021 4938 1087 4993 ab
1120 4949 1358 5004 auctore,
1386 4939 1674 4992 Athanasii
1713 4954 1899 4992 nomen
1929 4939 2152 5009 accepit,
2180 4939 2302 4993 hinc
2329 4940 2684 5011 consequitur,
2713 4948 2772 4992 ut
2799 4956 2831 4992 ,τι
2870 4937 3114 4992 librariis.
3135 4935 3375 5004 deinceps
3418 4933 3592 4988 omni-

296 5032 397 5086 bus
422 5031 755 5101 autographo
780 5032 1120 5100 hazrentibus,
1153 5034 1438 5090 Athanasii
1462 5052 1648 5090 nomen
1671 5036 2013 5104 pra'positum
2037 5037 2219 5106 fuerit.

371 5122 466 5178 ΙΙΙ.
508 5123 685 5178 Porro
728 5125 867 5181 male
901 5126 1049 5195 jacet
1079 5130 1133 5182 in
1169 5129 1362 5184 titulo:
1393 5129 1648 5200 Dialogus
1686 5130 1741 5183 in
1774 5130 2005 5185 concilio
2029 5130 2254 5187 Nicreno
2283 5110 2400 5186 cum
2438 5130 2568 5186 Aria
2597 5129 2848 5185 habitus:
2874 5128 3053 5199 palam
3083 5126 3268 5199 quippe
3294 5132 3373 5179 est
3406 5123 3487 5179 vel
3522 5137 3586 5178 ex

298 5217 419 5283 ipso
454 5215 629 5282 operis
658 5216 834 5283 initio,
868 5235 975 5274 non
1006 5220 1058 5274 in
1085 5222 1310 5276 concilio
1347 5221 1642 5276 admissam
1672 5221 1781 5275 dici
1822 5220 2258 5293 disputationem,
2297 5223 2389 5279 sed
2420 5225 2475 5279 in
2509 5224 2801 5279 diversorio
2831 5221 3281 5295 quodammeque
3309 5234 3428 5271 cum
3455 5216 3585 5273 Aria

298 5306 387 5360 hic
414 5305 743 5377 colloquium
774 5308 1023 5377 habetur,
1049 5313 1141 5381 sed
1171 5329 1290 5366 cum
1330 5312 1450 5368 Arii
1492 5328 1732 5383 sequace.
1769 5311 1902 5378 Qua:
1924 5331 2041 5369 vero
2072 5324 2365 5384 sequuntur
2394 5315 2445 5367 in
2473 5314 2622 5383 prius
2658 5313 2837 5380 editis,
2874 5315 2938 5369 de
2964 5323 3191 5383 tempato
3229 5309 3283 5366 Ν
3288 5311 3468 5369 ἱειεηω
3494 5326 3593 5383 ενι

300 5397 450 5461 nodi,
479 5406 615 5464 etc.,
641 5400 697 5454 in
729 5403 963 5458 maxima
990 5405 1230 5459 codicum
1261 5415 1413 5474 parte
1445 5421 1548 5460 non
1580 5415 1914 5477 comparent,
1947 5404 2163 5476 ideoque
2195 5405 2292 5459 illa
2316 5421 2608 5477 expungere
2627 5406 2794 5461 visunt
2816 5415 2918 5463 est.
3550 5384 3553 5388 l

376 5606 495 5681 (48)
535 5607 732 5680 Cyrill.
772 5619 897 5665 tom.
937 5610 999 5679 V,
1037 5622 1179 5683 part.
1207 5628 1269 5681 tt,
1306 5613 1479 5686 Epist.
1518 5616 1538 5670 l
1578 5613 1646 5670 ad
1679 5612 1924 5670 monrch.
1959 5608 2265 5683 Egypties,
2300 5627 2353 5683 p.
2387 5611 2441 5668 ι.
