3880 6186
365 180 470 239 ιδθ

1499 180 1558 238 S.
1596 180 2059 240 ATHANASIUS.
2100 214 2172 225 —
2210 180 2487 240 SPURIA.

3515 182 3620 239 ιιο

1258 364 1419 437 158
1467 366 1605 420 ΤΟΥ
1643 367 1735 420 ΕΝ
1773 367 1997 422 ΑΓῙΟΙΣ
2034 365 2306 419 ΠΑΤΡΟΣ
2341 365 2540 420 ΗΜΩΝ

1659 533 2293 623 ΑΘΑΝΑΣΙΟΥ

887 716 1058 771 ΔΙΑΑ
1066 717 1258 770 oro:
1285 717 1390 772 EN
1420 718 1514 788 Τῌ
1540 720 1731 774 ΚΑΤΑ
1768 720 1923 776 Nm

2032 719 2085 772 Ν
2109 717 2398 787 ΣΥΝΟΔῼ
2434 718 2623 773 ΠΡΟΣ
2655 717 2922 772 APEION
2949 713 3084 788 (t9).

1401 974 1495 1061 S.
1572 974 1679 1062 P.
1762 976 1879 1064 Ν.
1957 972 2604 1063 ATHANASII

843 1163 1308 1223 DISPUTATIO
1342 1165 1621 1222 ΗΑΒῙΤΑ
1662 1165 1753 1222 ΙΝ
1787 1167 1923 1224 COA

2032 1166 2152 1223 L10
2190 1164 2512 1223 ΝΙΕΑΞΝΟ
2541 1164 2834 1224 CONTRA
2866 1162 3126 1248 ΑΙζΙΠΜ.

426 1386 480 1444 1.
511 1386 608 1443 Dei
641 1389 1009 1459 providentia,
1035 1392 1378 1450 charissimis
1396 1391 1666 1450 fratribus
1691 1396 1923 1451 comita-

2097 1394 2150 1446 1.
2174 1391 2253 1462 Τῇ
2283 1388 2377 1444 τοῦ
2399 1388 2535 1444 Θεοῦ
2562 1386 2790 1461 προνοίᾳ
2820 1387 3019 1461 ἀπῄειν
3060 1387 3478 1462 προσεληλυθὼς
3513 1393 3613 1447 σὺν

363 1487 477 1548 tus,
502 1483 864 1553 properabam
893 1485 962 1541 ad
1005 1486 1342 1545 desideratas
1370 1487 1506 1543 mihi
1559 1486 1658 1542 Dei
1710 1505 1922 1547 servos.

352 1578 487 1634 Cum
509 1591 689 1636 autem
712 1590 931 1653 propter
947 1585 1196 1656 corporis
1216 1587 1582 1644 infirmitatem
1600 1591 1744 1646 lente
1776 1586 1927 1646 ince-

351 1669 560 1734 derem,
578 1685 688 1725 una
702 1684 826 1726 cum
845 1673 953 1729 illis
970 1672 1063 1729 Dei
1095 1677 1290 1742 servis,
1311 1680 1670 1754 interrogavit
1699 1698 1786 1739 me
1801 1682 1926 1753 qui-

349 1757 473 1813 dam
493 1774 562 1815 ex
582 1762 684 1815 viae
705 1762 1001 1819 comitibus
1019 1764 1086 1821 de
1111 1766 1214 1822 hac
1234 1768 1446 1826 Domini
1464 1774 1764 1841 sententia;
1791 1770 1928 1841 gPa-

350 1858 431 1936 ter
457 1864 614 1906 meus
635 1851 728 1921 qui
746 1851 895 1907 misit
910 1869 1017 1916 me,
1039 1857 1216 1927 major
1237 1874 1322 1914 me
1337 1868 1423 1916 est
1456 1863 1520 1917 ¹⁷.
1536 1882 1554 1914 ι
1580 1862 1707 1919 Haec
1727 1864 1924 1921 scisci-

349 1939 487 1993 tanti
505 1940 586 1995 sic
606 1944 895 2013 respondi:
935 1962 955 1996 ι
992 1946 1157 2001 istam
1188 1952 1543 2018 quaestionem
1572 1955 1926 2021 modointer-

349 2030 525 2099 mitte,
542 2029 772 2088 fratrum
786 2033 1108 2094 dulcissime
1127 2058 1139 2093 :
1160 2048 1448 2114 postquam
1466 2046 1786 2112 autem,Deo
1808 2064 1928 2118 per-

348 2121 619 2189 mittente,
655 2124 879 2180 domum
921 2129 1400 2201 remigraverimus
1430 2135 1531 2190 hac
1561 2136 1629 2192 de
1659 2152 1720 2193 re
1750 2137 1926 2195 disse-

348 2226 556 2278 remus,
588 2229 751 2285 quam
781 2220 1215 2277 accuratissime.
1242 2241 1262 2275 ι
1289 2223 1416 2280 Haec
1451 2228 1545 2282 ubi
1568 2227 1833 2297 dixeram,
1867 2233 1925 2287 in

346 2305 513 2360 corde
533 2321 657 2362 meo
681 2309 866 2364 subito
926 2311 1179 2368 oboritur
1202 2314 1422 2385 pietatis
1455 2318 1777 2391 instinctus,
1814 2323 1926 2379 sic-

348 2410 457 2465 que
497 2412 713 2453 mecum
766 2399 1029 2471 loquebar
1070 2422 1083 2459 :
1126 2404 1271 2460 haud
1313 2408 1433 2464 sine
1481 2425 1652 2467 causa
1731 2413 1925 2472 beatus

348 2486 552 2547 Paulus
570 2489 854 2549 Timotheo
878 2510 979 2550 suo
1009 2495 1278 2568 discipulo
1294 2499 1408 2556 haec
1425 2503 1646 2574 scripsit
1672 2524 1686 2560 :
1717 2524 1736 2557 ι
1757 2505 1927 2562 Exer-

346 2595 411 2636 (ιθ
433 2581 670 2653 teipsum
705 2584 774 2638 ad
830 2586 1169 2656 pietatem”.
1199 2607 1218 2641 ι
1241 2588 1382 2646 Vere
1396 2592 1542 2647 enim
1581 2594 1756 2665 pietas
1797 2612 1924 2669 erga

346 2670 561 2729 Numen
605 2672 827 2732 divinus
856 2677 1150 2736 thesaurus
1181 2690 1265 2736 est
1309 2682 1469 2739 bonis'
1501 2684 1758 2752 refertus,
1794 2703 1920 2757 quae

347 2777 450 2818 nec
481 2764 631 2835 loqui
676 2781 779 2822 nec
800 2768 1111 2838 conjectare
1168 2787 1485 2842 possumus.
1528 2774 1739 2830 Mecum
1789 2777 1920 2832 item

346 2854 691 2922 reputabam,
723 2859 1071 2930 magniﬁcum
1101 2863 1361 2933 quiddam
1389 2874 1445 2922 et
1479 2877 1775 2937 augustum
1798 2884 1924 2926 esse

346 2942 624 3035 pietatem,
655 2962 776 3017 quae
827 2964 888 3005 se
939 2950 1231 3009 adeuntem
1268 2955 1444 3025 possit
1477 2957 1691 3013 salvum
1723 2958 1927 3035 facere.

345 3032 509 3090 Venit
541 3053 760 3108 quoque
785 3041 917 3095 milii
941 3043 998 3097 in
1023 3054 1260 3101 mentem
1295 3047 1556 3117 parabola
1588 3050 1682 3104 illa
1712 3032 1932 3107 Domini

343 3128 449 3182 mei
467 3126 594 3184 Jesu
610 3128 946 3203 Christi,qua
967 3135 1535 3209 signiﬁcaturibeatam
1552 3140 1938 3210 pietatem'ma-

345 3234 513 3287 gnum
545 3221 751 3292 aliquid
788 3239 932 3291 esse,
948 3234 1002 3281 et
1027 3229 1177 3283 omni
1204 3230 1596 3287 immortalium
1609 3232 1925 3288 divitiarum

347 3326 547 3379 genere
586 3314 890 3383 abundare,
926 3333 1162 3389 raroque
1188 3320 1332 3377 inter
1364 3321 1616 3381 homines
1663 3327 1919 3394 reperiri,

343 3402 455 3457 nisi
475 3403 566 3458 vix
591 3407 750 3475 pauci
774 3422 806 3462 e
834 3409 1043 3475 multis,
1065 3411 1354 3481 quimente
1376 3415 1627 3472 veritatis
1650 3417 1922 3484 studiosa,

343 3494 720 3566 incorruptam
762 3499 884 3568 ejus
956 3502 1423 3572 pulchritudinem
1482 3519 1918 3579 consequantur.

341 3583 457 3641 Nec
487 3604 615 3643 vero
638 3590 716 3644 illi
739 3592 941 3649 virtute
969 3610 1070 3649 sua
1091 3597 1382 3653 amabilem
1408 3599 1531 3670 ejus
1567 3608 1922 3671 conspectum

346 3678 528 3749 adepti
563 3689 713 3745 sunt,
753 3684 850 3739 sed
880 3701 982 3740 suo
1010 3685 1067 3740 in
1118 3686 1286 3743 Deum
1338 3705 1548 3756 amore,
1603 3694 1924 3764 crebrisque

345 3769 605 3838 precibus
626 3770 831 3827 donum
861 3774 996 3830 illud
1044 3791 1075 3828 a
1101 3775 1212 3833 Deo
1235 3777 1543 3844 obtinuere,
1571 3791 1632 3836 ut
1656 3788 1924 3837 aaternum

347 3860 611 3929 gaudium
643 3863 699 3919 in
726 3866 908 3921 sinum
926 3869 1216 3938 recipiant,
1242 3870 1338 3942 qui
1373 3871 1631 3927 eximiam
1673 3873 1822 3930 illius
1845 3873 1930 3929 di-

339 3954 601 4022 gnitatem
625 3961 1085 4031 contemplantur.

2024 1488 2137 1549 τοῖς
2183 1482 2460 1554 φιλτάτοις
2501 1499 2601 1553 μου
2630 1480 2880 1550 ἀδελφοῖς
2922 1481 3058 1552 πρὸς
3081 1484 3206 1545 τούς
3239 1482 3362 1553 ἐμοὶ
3405 1482 3613 1536 ποθου-

2028 1574 2223 1649 μένους
2248 1573 2343 1629 τοῦ
2376 1574 2513 1628 Θεοῦ
2544 1574 2761 1638 δούλους
2798 1574 2935 1645 (50).
2982 1574 3196 1646 Ἠρέμα
3217 1575 3275 1628 δέ
3307 1593 3423 1641 πως
3457 1576 3606 1647 βαδί-

2026 1670 2186 1736 ζοντα
2211 1666 2301 1722 διά
2326 1668 2425 1738 τὴν
2458 1666 2552 1721 τοῦ
2577 1668 2828 1738 σώματος
2866 1666 3150 1722 ἀσθένειαν
3180 1669 3296 1739 ἅμα
3314 1671 3428 1732 τοῖς
3468 1685 3607 1739 προ-

2025 1762 2336 1833 ειρημένοις
2372 1758 2469 1812 τοῦ
2499 1759 2633 1813 Θεοῦ
2656 1758 2882 1823 δούλοις,
2917 1760 3083 1831 ἧρετό
3122 1759 3233 1827 (Si)
3274 1760 3341 1830 μέ
3374 1777 3456 1823 τις
3502 1760 3611 1814 τῶν

2027 1850 2522 1924 συμπορευομένων
2558 1866 2648 1920 μοι
2672 1849 2881 1921 ἀνδρῶν
2906 1850 3032 1921 περὶ
3055 1849 3148 1902 τοῦ
3173 1848 3454 1919 Κυριακοῦ
3510 1852 3613 1921 ρη-

2023 1942 2237 1997 τοῦτοῦ
2267 1942 2602 2012 φάσκοντοςθ
2649 1959 2668 1993 ι
2708 1942 2768 1995 ’0
2805 1942 2996 2013 Πατήρ
3045 1958 3147 2011 μου
3190 1943 3218 1994 6
3276 1941 3498 2013 πέμψας
3543 1958 3615 2014 με

2029 2034 2228 2105 μείζων
2254 2051 2354 2105 μου
2375 2032 2512 2088 ἐστί.
2545 2052 2564 2084 ι
2594 2031 2765 2102 Κάγὼ
2800 2050 2941 2104 φημι
2971 2034 3110 2104 πρὸς
3155 2034 3252 2106 τὴν
3295 2037 3511 2100 πεῦσιν,
3544 2039 3616 2108 ἢν

2026 2128 2405 2198 προσαγήοχεν
2427 2142 2441 2156 ·
2478 2145 2498 2179 ι
2550 2125 2673 2179 Ἐπὶ
2694 2125 2786 2178 τοῦ
2825 2126 3091 2195 παρόντος
3111 2128 3334 2198 ἐπίσχες
3365 2129 3464 2200 τὴν
3486 2131 3617 2200 περὶ

2023 2218 2215 2272 τούτου
2247 2220 2497 2291 ζήτησιν,
2535 2217 2840 2289 γλυκύτατε
2884 2219 3157 2289 ἀδελφῶν·
3213 2220 3353 2274 ἐπὰν
3387 2220 3443 2273 δὲ
3474 2221 3613 2293 (52),

2024 2312 2159 2366 Θεοῦ
2186 2311 2590 2383 ἐπιτρέποντος,
2621 2313 2679 2365 ἐν
2711 2314 2825 2374 τοῖς
2852 2311 3075 2374 οἰκείοις
3116 2311 3594 2382 ἐωναζεύξωμεν,

2024 2405 2122 2478 τὴν
2149 2405 2393 2472 ἐξέτασιν
2428 2403 2524 2457 τοῦ
2570 2403 2865 2473 κεφαλαίου
2914 2403 3331 2475 ἀσφαλεστάτην
3390 2405 3618 2474 ποιησό-

2029 2496 2188 2568 μεθα.
2218 2495 2411 2567 Κάμοῦ
2441 2495 2600 2550 τοῦτο
2636 2497 2936 2568 εἰρηκότος,
2966 2496 3226 2567 αξφνίδιός
3260 2513 3345 2560 τις
3389 2497 3598 2568 κατοχῆ

2024 2591 2123 2661 τῆς
2155 2589 2435 2653 εὐσεϐείας
2474 2588 2684 2657 γίνεται
2729 2590 2788 2643 ἐν
2823 2591 2889 2660 τῇ
2929 2589 3128 2659 καρδίᾳ
3170 2606 3293 2658 μου,
3333 2588 3518 2657 ἔλεγον
3551 2589 3613 2642 δὲ

2025 2683 2083 2735 ὲν
2116 2680 2339 2753 ἐμαυτῷ
2363 2697 2379 2711 ο
2413 2680 2528 2734 Οὐκ
2569 2680 2826 2743 ἀσκόπως
2851 2684 2879 2734 6
2910 2681 3180 2751 μακάριος
3222 2680 3437 2744 Παῦλος
3482 2684 3618 2734 ἐπι-

2024 2773 2254 2828 στέλλων
2267 2773 2345 2844 τῷ
2356 2772 2548 2827 ἐαυτοῦ
2569 2773 2782 2845 μαθητῇ
2801 2773 3047 2844 Τιμοθέῳ
3067 2773 3290 2842 ἔφασκε·
3318 2790 3336 2824 ι
3362 2772 3617 2843 Γύμναζε

2026 2869 2251 2922 σεαυτὸν
2285 2870 2421 2940 πρὸς
2467 2867 2771 2923 εὐσέϐειαν.
2815 2888 2834 2922 ι
2879 2868 3118 2939 Ἀληθῶς
3169 2868 3276 2940 γὰρ
3332 2867 3474 2932 θεῖος
3519 2864 3618 2940 θη-

2032 2960 2230 3033 σαυρὸς
2278 2960 2386 3034 (55)
2424 2962 2678 3034 ἀρρήτων
2731 2963 2827 3017 καὶ
2872 2962 3208 3016 ἀνεικάστων
3251 2961 3471 3032 ἀγαθῶν
3519 2980 3619 3016 πε-

2032 3052 2363 3125 πληρωμένη
2386 3055 2644 3124 τυγχάνει
2682 3055 2714 3126 ἡ
2750 3057 2829 3119 εἰς
2861 3055 2922 3108 τὸ
2948 3055 3101 3109 Θεῖον
3140 3055 3413 3110 εὐσέϐεια.
3449 3056 3616 3109 Ἔλε-

2037 3162 2133 3215 γον
2169 3145 2226 3199 δὲ
2256 3147 2313 3198 ἐν
2352 3145 2576 3217 ἐμαυτῷ
2602 3147 2745 3200 κατὰ
2777 3147 3036 3208 διάνοιαν,
3066 3148 3148 3200 ὅτι
3193 3147 3619 3219 μεγαλοπρεπὴς

2031 3239 2127 3292 καὶ
2160 3238 2407 3305 ἐπίδοξός
2441 3239 2552 3309 (54)
2593 3240 2741 3292 ἐστιν
2791 3240 2824 3309 ἡ
2876 3238 3150 3302 εὐσέϐεια,
3196 3238 3292 3292 καὶ
3340 3237 3615 3309 δυναμένη

2033 3330 2208 3384 σῷσαι
2256 3330 2348 3384 τὸν
2406 3330 2864 3402 προσπελάσαντα
2919 3332 2986 3401 τῇ
3040 3330 3238 3399 ἑαυτῆς
3289 3328 3613 3400 εὐπρεπείᾳ.

2043 3421 2333 3492 ’Υπεισῄει
2369 3422 2426 3475 δέ
2453 3439 2520 3492 με
2544 3422 2641 3475 καὶ
2661 3421 2756 3474 τοῦ
2787 3422 2994 3493 Κυρίου
3029 3438 3130 3492 μου
3163 3420 3337 3493 Ἰησοῦ
3372 3417 3616 3491 Χριστοῦ

2033 3514 2319 3585 παραϐολὴ
2348 3515 2476 3586 περὶ
2512 3514 2613 3583 τῆς
2638 3513 2914 3586 μακαρίας
2945 3513 3246 3577 εὐσεϐείας,
3271 3512 3347 3576 ὡς
3378 3511 3613 3582 μεγίστη

2031 3621 2116 3667 τις
2145 3605 2238 3657 καὶ
2262 3604 2479 3659 πάντων
2521 3604 2837 3676 ἀμϐροσίων
2878 3605 2992 3674 (55)
3036 3602 3282 3658 πλούτων
3317 3601 3617 3671 πεπληρω-

2034 3697 2168 3768 μένη
2187 3697 2466 3766 τυγχάνει,
2493 3698 2587 3751 καὶ
2611 3698 2852 3762 σπανίως
2876 3699 3190 3769 εὑρίσκεται
3204 3699 3261 3750 ἐν
3278 3697 3392 3758 τοῖς
3410 3693 3618 3765 ἀνθρώ·

2032 3805 2178 3852 ποις,
2218 3790 2266 3841 εἰ
2299 3788 2375 3860 μὴ
2405 3790 2517 3862 ἄρα
2545 3790 2654 3844 ἀπὸ
2675 3790 2784 3845 τῶν
2819 3790 3030 3844 πολλῶν
3050 3790 3219 3858 ὀλίγοι
3266 3788 3417 3860 μόλις
3450 3785 3614 3857 φιλα-

2032 3877 2187 3951 λήθει
2236 3880 2429 3954 γνώμῃ
2480 3883 2831 3953 κατατύχωσι
2880 3882 2976 3936 τοῦ
3038 3882 3315 3954 ἀφθάρτου
3379 3879 3615 3945 κάλλους

2038 3971 2230 4041 αὐτῆς.
2263 3975 2375 4029 Καὶ
2418 3965 2563 4028 οὗτοι
2599 3975 2656 4028 δὲ
2688 3976 2791 4029 οὐκ
2842 3975 2946 4048 ἰδίᾳ
2979 3975 3204 4047 δυνάμει
3248 3974 3614 4046 κατειλήφασι

338 4056 438 4129 τὴν
470 4055 770 4125 ἐπέραστον
797 4057 1000 4127 ταύτης
1063 4056 1219 4127 ὄψιν·
1275 4057 1411 4113 ἀλλά
1464 4059 1564 4131 τὴν
1592 4059 1732 4131 πρὸς
1766 4059 1900 4113 Θεὸν
1924 4062 2107 4131 φιλίαν
2158 4067 2517 4139 στειλάμενοι,
2580 4072 2801 4141 συχναῖς
2846 4069 3017 4134 λιταῖς
3063 4071 3420 4144 χρησάμενοι,
3464 4070 3616 4142 εἱλή-

339 4169 474 4224 φασι
509 4153 667 4207 τοῦτο
700 4153 853 4225 παρὰ
873 4152 968 4207 τοῦ
993 4151 1127 4207 Θεοῦ
1156 4151 1349 4226 δῶρον,
1368 4154 1515 4219 ὅπως
1542 4154 1712 4208 ἀΐδιον
1745 4155 1918 4229 χαρὰν
1944 4159 2393 4233 ἐνστερνίσωνται
2413 4164 2464 4216 οί
2482 4163 2966 4236 κατοπτριζόμενοι
3025 4165 3085 4219 τὸ
3128 4166 3473 4237 ὡραιότατον.
3496 4159 3610 4237 (56)

337 4243 542 4317 ταύτης
574 4242 811 4315 ἀξίωμα.

409 4341 467 4396 2.
500 4341 592 4395 Ait
617 4339 880 4394 Dominus
917 4358 930 4394 :
974 4359 994 4392 ι
1031 4337 1223 4395 Simile
1247 4346 1334 4394 est
1368 4355 1598 4411 regnum
1623 4341 1912 4397 .ctelorum

2089 4343 2144 4397 2.
2181 4344 2349 4416 Φησὶν
2372 4346 2400 4398 ό
2425 4344 2662 4418 Κύριοςο
2698 4363 2718 4397 ι
2763 4346 2958 4418 Ὁμοία
2991 4345 3139 4400 ἐστὶν
3175 4348 3208 4418 ὴ
3239 4343 3610 4416 βασιλείατῶν

343 4432 607 4487 thesauro
637 4430 964 4485 abscondito
994 4431 1050 4483 in
1075 4445 1229 4500 agro,
1264 4446 1426 4500 quem
1457 4431 1551 4501 qui
1584 4431 1793 4486 invenit
1818 4434 1919 4487 ho-

340 4539 453 4588 mo,
488 4520 712 4592 gaudet,
746 4521 943 4576 deinde
966 4521 1099 4583 abit,
1117 4527 1173 4575 et
1204 4521 1390 4577 vendit
1419 4523 1606 4577 omnia
1645 4538 1768 4594 quae
1816 4525 1916 4579 lia-

411 4675 455 4708 "
492 4672 653 4730 Joan.
690 4689 805 4740 xiv,
839 4674 955 4743 28;
992 4691 1105 4740 χιι,
1135 4674 1226 4730 49.
1306 4676 1350 4707 ³⁸
1389 4675 1409 4728 ι
1449 4675 1592 4732 Tim.
1626 4693 1701 4745 iV,
1742 4677 1795 4734 7.

407 4832 526 4923 (492
537 4830 848 4923 §icIRegius
864 4829 1057 4918 codex.
1071 4831 1593 4923 Augustanuslverp’,
1606 4832 1849 4923 Διάλεξις
1864 4834 1923 4887 ἐν

332 4906 400 4986 τῇ
416 4900 566 4959 ’κατά
577 4902 624 4955 Ν
631 4900 812 4956 ίκαῐαν
834 4901 1033 4973 συνόδῳ
1050 4900 1185 4973 πρὸς
1201 4902 1494 4973 Ἀρειανόν.
1511 4902 1815 4972 Disputatio
1827 4903 1925 4957 Ita-

335 4978 444 5029 btta
485 4974 543 5028 in
577 4973 799 5026 concilio
828 4971 1049 5027 Nica'no
1079 4971 1326 5027 adversus
1370 4973 1652 5026 Arianum.
1687 4971 1922 5029 Basilius

333 5054 390 5099 et
414 5043 629 5114 Anglic.
648 5059 663 5097 :
682 5042 788 5114 Τοῦ
806 5046 863 5114 ἐν
880 5042 1054 5114 ἁγίοις
1076 5042 1449 5114 πατρὸς-ημῶν
1466 5042 1803 5114 Ἀθανασίου,
1820 5044 1921 5114 ἀρ-

331 5112 691 5185 χιεπισκόπου
708 5112 1109 5185 ᾎλεξσνερείας
1127 5112 1359 5185 διάλεξις
1371 5116 1428 5185 ἐν
1440 5116 1504 5184 τῇ
1526 5113 1671 5167 κατὰ
1683 5114 1731 5166 Ν
1738 5112 1919 5168 ίκαιαν

336 5181 559 5256 συνόδῳ,
587 5193 694 5256 etc.
717 5181 1133 5256 SiciitemiFelc.
1157 5182 1193 5236 2
1221 5193 1274 5256 et
1300 5184 1452 5247 editi,
1479 5181 1598 5256 sed,
1630 5199 1917 5256 perperam

334 5252 563 5333 addunt:
582 5253 767 5333 ἐνέτει
780 5255 882 5333 τῆς
899 5254 1049 5333 θείας
1069 5252 1396 5333 σαρκῴσεως
1410 5259 1496 5333 τις,
1510 5255 1566 5307 ἐν
1578 5254 1811 5333 ᾑμέραις
1821 5253 1914 5333 τοῦ

334 5323 611 5396 εὐσεϐοῦς
626 5323 890 5396 βασιλέως
930 5323 1362 5396 Κωνστάντίνου,
1394 5323 1612 5396 καὶ-τοῦ
1637 5323 1915 5396 μακαρίου

336 5395 497 5466 {terga
539 5393 883 5466 Σιλϐέστρου,
930 5396 1050 5466 καὶ
1073 5394 1383 5466 ἐπισκόπου
1418 5393 1714 5466 Βυζαντίου
1769 5393 1918 5466 Ἀλε-

337 5462 584 5535 ξάνδρου.
617 5462 990 5518 Αηηόάὶυἱηαῑ
1017 5462 1416 5519 Ἰηεηνιιαεὶοηὶδ
1446 5464 1804 5535 trecentesimo
1831 5465 1916 5519 de-

336 5534 494 5599 cimo,
524 5542 750 5603 tempore
792 5535 869 5603 pii
911 5535 1246 5603 imperatoris
1284 5535 1642 5603 Constantini,
1681 5544 1732 5587 et
1776 5534 1916 5591 beati

337 5617 485 5672 υαρέε
515 5600 775 5675 Silvestri,
793 5600 847 5660 et
869 5600 1096 5676 episcopi
1124 5604 1376 5677 Byzantii
1401 5602 1717 5673 Alexandri.

2026 4436 2270 4507 οὐρανῶν
2307 4435 2565 4510 θησαυρῷ
2596 4439 2965 4510 κεκρυμμένῳ
3018 4441 3075 4493 ἐν
3110 4437 3286 4511 ἀγρῷ,
3321 4438 3381 4491 ὃν
3430 4438 3610 4517 εὐρὼν

2024 4527 2311 4601 ἄνθρωπος
2345 4529 2540 4603 ἐχάρη,
2567 4525 2688 4586 εἶτα
2713 4530 2913 4600 ὑπάγει
2936 4531 3029 4584 καὶ
3059 4531 3230 4584 πωλεῖ
3260 4530 3437 4584 πάντα
3466 4528 3607 4599 (57),

2118 4834 2208 4906 50)
2233 4834 2448 4906 Anglic.
2484 4835 2691 4905 φίλους,
2721 4842 2782 4906 et
2806 4837 3043 4891 secunda
3068 4852 3235 4892 manu
3258 4837 3497 4903 δούλους.

2243 4905 2477 4979 August.
2509 4907 2703 4979 εἴρετο.
2738 4905 2860 4979 Mox
2891 4908 2945 4960 in
2966 4909 3187 4979 Anglic.
3224 4909 3291 4979 μέ
3319 4912 3496 4979 deest.

2118 4975 2313 5048 $2)_Aé
2339 4977 2493 5048 deest
2516 4975 2571 5029 in
2609 4976 2750 5046 Aug.
2787 4975 2918 5048 Mogxr
2949 4975 3610 5048 Αηςὶζέπαναζεύξαντες

2023 5044 2280 5118 ἐχοίμεθα
2306 5047 2426 5117 τήν.
2456 5046 2593 5118 Aug.
2621 5044 3078 5118 ἐπάπζεύξομειῐ.

2118 5116 2208 5188 55)
2237 5118 2299 5188 in
2332 5115 2486 5188 Aug._
2505 5115 2645 5179 θεῖος
2662 5116 2946 5188 θησαυρός
2960 5115 3148 5175 'deest.

2019 5255 2046 5306 ὲ
2091 5184 2205 5310 ﬁgi)
2230 5185 2369 5257 Aug.
2404 5184 2630 5255 Ἔλεγον
2656 5186 2712 5239 δὲ
2731 5184 2798 5241 ἐν
2828 5184 3025 5259 ἐαυτῷ,
3058 5188 3480 5261 μεγαλοπρεπὴς
3509 5191 3609 5245 καὶ

2052 5272 2090 5307 π
2149 5296 2162 5309 .

2052 5272 2162 5309 πιο.

2027 5386 2049 5399 ,_
2089 5324 2388 5399 (b5)_Ed_it.
2442 5326 2657 5383 Comm.
2704 5326 3101 5399 ἀμϐροτοσίων.
3150 5328 3288 5385 Ibid.
3331 5327 3602 5397 πλούτων,

2017 5393 2171 5451 deest
2185 5393 2193 5397 ⁷
2209 5396 2263 5449 in
2299 5393 2433 5464 Reg.

2089 5465 2439 5543 (56)_An_glic.
2473 5465 2616 5543 Aug.
2646 5473 2701 5521 et
2737 5466 2886 5522 Felc.
2915 5470 2970 5534 ‘2,
2998 5470 3218 5543 ὡραῖον.
3244 5468 3416 5526 Paulo
3445 5477 3600 5541 post,

2014 5535 2324 5618 Aunglth't
2349 5535 2509 5618 γὰρ-ὁ
2538 5535 2759 5618 Κύριος.

2086 5553 2096 5590 l
2142 5579 2154 5591 .
2271 5538 2324 5588 σὶ
2349 5538 2459 5608 γὰρ
2481 5538 2509 5589 6
2538 5538 2759 5618 Κύριος.

2086 5538 2419 5680 (ἓἹῖῬΙάντα
2449 5605 2605 5672 deest
2631 5623 2685 5663 in
2709 5609 2940 5679 August.
