3880 6186
187 259 297 323 4H

1270 266 1273 269 '
1337 250 1752 310 DlSPUTATlO
1788 246 2085 307 CONTRA
2113 249 2370 310 ARIUW.’

3373 247 3480 308 m

193 384 301 440 ὅσα
335 380 472 453 ἔχει,
526 380 622 434 καὶ
651 377 913 451 ἀγοράζει
972 376 1065 431 τὸν
1118 375 1291 448 ἀγρόν
1327 378 1555 430 ἐκεῖνον.
1591 395 1610 428 ι
1654 369 1789 427 Εἶτα

1899 374 2007 439 bet,
2033 381 2087 431 et
2129 375 2264 430 emit
2308 388 2500 447 agrum
2536 373 2689 429 illum
2714 374 2778 428 ".
2815 393 2836 425 ι
2871 371 3079 429 Deinde
3112 373 3271 444 quasi
3325 382 3480 430 stans

194 475 387 547 ὥσπερ
408 471 579 538 ἑστὼς
606 474 665 526 ὲν
691 474 756 543 τῇ
783 470 981 542 καρδίᾳ
999 486 1122 540 μου,
1140 468 1476 541 προσωμίλει
1505 483 1595 538 μοι
1622 482 1790 534 προσ-

197 568 365 641 ηνῶς,
397 568 491 621 καί
526 582 692 637 φησιν
713 580 728 596 ’
762 562 1075 635 Ἄνθρωπε,
1112 562 1161 614 εἱ
1194 561 1289 614 καὶ
1321 559 1513 614 πολλαί
1533 576 1628 612 σου
1651 557 1789 612 εἰσὶν

194 659 565 731 αῑάμαρτίαι,
619 656 815 729 κράτει
857 656 1096 728 ἰσχυρῶς
1126 655 1238 729 (58)
1271 654 1372 727 τὴν
1414 657 1496 719 εἰς
1543 653 1606 708 τὸ
1637 654 1790 707 Θεῖον

194 753 501 809 εὐσέϐειαν.
529 749 632 803 Διὰ
664 749 776 821 γὰρ
799 747 1025 820 ταύτην,
1061 748 1156 801 καὶ
1184 748 1218 818 ἡ
1256 746 1452 817 ἄφεσις
1482 745 1589 799 τῶν
1613 745 1793 816 ἁμαρ-

192 846 332 900 τιῶν
371 843 522 915 παρὰ
558 843 695 897 Θεοῦ
748 843 976 904 δίδοται,
1016 840 1114 894 καὶ
1142 839 1373 903 θάνατος
1406 839 1648 903 νικᾶται,
1693 837 1791 891 καὶ

192 940 277 1002 εἰς
306 935 590 1009 βασιλείαν
639 934 887 1007 οὐρανῶν
930 932 1222 1005 ἅνθρωπος
1261 930 1544 984 εἰσελάσαι
1592 930 1792 999 ἄριστα

190 1031 515 1101 δυνήσεται.
550 1027 697 1098 Πρὸς
744 1025 804 1080 δὲ
854 1024 1069 1089 τούτοις
1116 1026 1197 1088 εἰς
1255 1023 1563 1095 ὑπόμνησιν
1591 1022 1791 1093 εἴληφα

192 1123 293 1176 καὶ
321 1120 405 1185 τὸ,
437 1139 457 1172 ι
491 1116 646 1174 Οἶδεν
674 1122 703 1174 6
749 1119 883 1183 Θεὸς
911 1116 1157 1181 εὐσεϐεῖς
1186 1115 1430 1188 ῥύεσθαι,
1471 1114 1707 1185 ἀνόμους
1733 1113 1791 1167 δὲ

191 1218 389 1287 τηρεῖν
442 1216 525 1278 είς
570 1212 786 1285 ήμέραν
835 1211 1075 1284 κρίσεως
1138 1207 1537 1280 κολαζομένους
1589 1204 1791 1278 αἰωνίῳ

190 1305 356 1375 πυρί.
400 1322 420 1357 ι
462 1304 574 1356 Καὶ
598 1303 710 1375 γὰρ
733 1304 762 1356 ό
796 1302 997 1374 ἄνομος
1041 1293 1198 1365 οὗτος
1232 1300 1490 1371 τυγχάνει
1532 1300 1628 1353 καὶ⁵
1665 1299 1794 1352 ἀσε-

195 1397 303 1468 ϐής
323 1414 338 1426 ·
377 1399 444 1449 ὲκ
473 1395 531 1448 δὲ
555 1396 654 1467 τῆς
676 1394 931 1459 ἀσεϐείας
953 1394 1201 1466 ἁμαρτία
1220 1392 1447 1461 γίνεται.
1472 1393 1673 1463 Μήτηρ
1697 1386 1791 1444 οὖν

193 1489 423 1543 πάντων
453 1487 564 1541 τῶν
619 1487 806 1542 κακῶν
832 1489 866 1559 ὴ
906 1487 1151 1551 ἀσέϐεια,
1205 1484 1419 1555 τιθηνὸς
1470 1483 1528 1536 δὲ
1573 1481 1791 1554 ψεκτῶν

189 1581 458 1635 ἁπάντων
488 1582 522 1652 ή
562 1578 717 1634 ἄνοια
748 1578 1030 1650 τυγχάνει.
1060 1576 1353 1648 Μακάριος
1386 1571 1478 1630 οὖν
1511 1577 1539 1628 ὁ
1569 1575 1671 1644 τῆς
1697 1574 1790 1626 εὐ-

193 1672 419 1736 σεϐείας
446 1672 582 1735 υἱὸς,
605 1672 690 1724 ὅτι
710 1663 871 1734 οὗτος
903 1670 1021 1733 υἱὸς
1043 1668 1282 1740 Χριστοῦ
1314 1666 1668 1738 κληθήσεται.

1894 467 2014 538 ipse
2045 467 2103 521 in
2143 466 2311 522 corde
2358 480 2505 533 meo,
2565 467 2647 522 sic
2694 480 2780 520 me
2816 465 3011 521 leviter
3045 464 3426 535 alloquebatur
3461 483 3475 516 :

1891 559 2088 623 Homo,
2119 560 2236 614 etsi
2258 558 2428 613 multa
2458 558 2570 614 sint
2598 565 2820 628 peccata
2852 565 2966 619 tua,
2998 564 3317 612 constanter
3345 557 3479 612 reti-

1890 667 1961 707 ne
1981 651 2253 706 sinceram
2277 650 2332 703 in
2346 648 2561 704 Numen
2590 648 2873 720 pietatem.
2899 646 2983 703 Ob
3003 648 3145 702 hanc
3159 647 3306 702 enim
3336 647 3479 704 Deus

1891 751 2118 813 peccata
2157 741 2452 807 condonat,
2475 756 2629 796 mors
2647 740 2911 804 vincitur,
2935 740 3252 809 optimeque
3281 740 3481 811 poterit

1892 831 2056 886 homo
2085 832 2139 885 in
2158 846 2383 901 regnum
2404 830 2669 885 caelorum
2700 829 3005 899 pervenire.
3031 828 3323 895 Praeterea,
3344 829 3480 885 illud

1891 938 2111 995 quoque
2138 921 2495 978 commemini
2526 939 2541 976 :
2567 919 2760 975 «Novit
2779 919 2921 975 Deus
2945 919 3342 990 piosliberare,
3375 920 3481 974 ini-

1891 1031 2031 1086 quos
2059 1030 2189 1070 vero
2220 1030 2442 1070 servare
2471 1014 2526 1068 in
2553 1012 2696 1068 diem
2724 1012 2946 1083 judicii,
2974 1019 3181 1066 aeterno
3228 1011 3354 1082 igne
3380 1027 3481 1082 pu-

1892 1109 2150 1164 niendos.
2190 1127 2207 1161 ι
2239 1106 2375 1162 Nam
2398 1108 2492 1178 qui
2516 1107 2739 1176 iniquus
2762 1114 2866 1169 est,
2888 1104 3031 1160 idem
3055 1112 3139 1159 est
3166 1112 3222 1159 et
3251 1103 3476 1174 impius:

1891 1216 1960 1257 ex
1993 1202 2268 1271 impietate
2308 1215 2440 1255 vero
2460 1199 2710 1254 nascitur
2745 1204 3052 1268 peccatum.
3084 1197 3270 1266 Itaque
3302 1203 3483 1249 mater

1890 1295 2138 1348 omnium
2169 1292 2437 1346 malorum
2467 1298 2553 1346 est
2583 1290 2859 1360 impietas,
2896 1288 3086 1342 nutrix
3118 1295 3301 1342 autem
3336 1286 3482 1340 vitu-

1891 1387 2216 1458 perabilium
2239 1385 2482 1439 omnium
2515 1392 2600 1438 est
2620 1382 2884 1437 amentia.
2915 1379 3263 1453 Quapropter
3286 1380 3483 1435 beatus

1892 1481 2113 1551 pietatis
2147 1478 2313 1543 ﬁlius,
2339 1476 2469 1548 quia
2500 1476 2589 1531 hic
2615 1474 2761 1530 ﬁlius
2779 1473 2988 1529 Christi
3018 1474 3309 1529 vocabitur

268 1765 324 1820 5.
361 1724 606 1835 ίᾸθρόῶις
627 1763 686 1816 δὲ
719 1724 1032 1833 ἐπέστημεν
1069 1724 1148 1832 τὶς)
1176 1761 1327 1832 τόπῳ
1355 1724 1489 1813 εᾷθέ
1509 1754 1652 1830 ἦμεν
1690 1756 1789 1828 τὴν

1967 1744 2022 1800 '5.
2061 1743 2287 1799 Interim
2317 1755 2453 1797 vero
2474 1739 2543 1795 ad
2573 1740 2779 1804 locum,
2815 1751 2925 1807 quo
2951 1735 3333 1797 tendebamus,
3367 1734 3485 1790 sine

190 1857 378 1930 ὁρμὴν
420 1855 804 1927 πεποιημένοι,
860 1856 955 1909 xal.
998 1855 1487 1929 περιτυγχάνοντες
1512 1854 1623 1916 τοῖς
1652 1867 1787 1920 γνη-

193 1950 361 2013 σίοις,
392 1949 653 2022 ἀσμένως
694 1946 1042 2018 διετελοῦμεν
1081 1947 1324 2011 ἅπαντες
1363 1947 1528 2017 ἡμεῖς
1585 1962 1664 2007 τε,
1705 1945 1788 1997 ὅτι

190 2041 520 2113 ἠξιώθημεν
569 2042 699 2105 τοὺς
743 2041 936 2110 ἁγίους
981 2038 1300 2101 θεάσασθαι,
1343 2040 1541 2092 ἐκεῖνοι
1588 2036 1666 2099 δὲ,
1706 2037 1789 2089 ὅτι

191 2134 468 2203 ἀδελφοὺς
514 2132 819 2204 ἑωράκασι.
872 2129 1340 2199 Κοινολογούντων
1386 2128 1444 2182 δὲ
1503 2127 1660 2200 ἡμῶν
1699 2125 1791 2179 ἐπὶ

190 2226 334 2280 πολὺ
391 2225 503 2278 τῶν
563 2224 875 2296 ἀνηκόντων
915 2226 982 2296 τῇ
1043 2222 1465 2295 σεϐασμιωτάτῃ
1524 2220 1792 2293 θρησκείᾳ

195 2318 344 2390 μετά
381 2318 583 2390 πολλῆς
634 2318 891 2384 εὐταξίας
940 2318 1036 2371 καὶ
1073 2316 1307 2386 φειδοῦς,
1354 2315 1633 2386 αἰφνιδίως
1685 2314 1793 2369 ἀπὸ

190 2413 296 2483 τῆς
326 2410 487 2485 ῥίζης
512 2409 606 2464 τοῦ
642 2409 1014 2481 χριστομάχΟυ
1050 2409 1262 2481 Ἀρείου
1290 2407 1478 2480 θηρίον
1511 2406 1794 2479 ἀνθρωπό-

195 2521 412 2577 μορφον
474 2502 808 2575 εἰσεπήδησε
875 2502 1013 2574 πρὸς
1062 2502 1230 2572 ἡμᾶς,
1288 2500 1383 2554 καὶ
1437 2498 1576 2570 πρὸς
1618 2498 1789 2571 βραχὺ

192 2594 696 2666 ἐπακροασὰρενος
737 2591 846 2645 τῶν
878 2592 1162 2655 εὐσεϐείας
1198 2589 1482 2663 ῥημάτων,
1516 2589 1591 2661 μὴ
1629 2588 1791 2643 δυνά-

196 2708 363 2763 μενος
379 2690 591 2760 φέρειν,
618 2688 768 2754 ἔλεξε
790 2687 971 2741 τοιάδε
992 2703 1005 2718 ο
1034 2706 1052 2737 ι
1087 2684 1346 2752 Διδὰξατέ
1380 2701 1446 2756 με
1462 2684 1561 2755 τὴν
1593 2682 1791 2755 ὑμετέ-

193 2802 301 2858 ραν
322 2784 507 2851 δόξαν,
530 2783 563 2854 ἢ
583 2781 943 2853 διδάξωρμᾶς
971 2780 1033 2832 τὸ
1056 2779 1188 2850 ἐμὸν
1206 2778 1484 2850 φρόνημα.
1499 2795 1517 2827 ι
1562 2775 1709 2846 Ἐγὼ
1733 2775 1792 2828 δὲ

189 2878 585 2951 ἀπεκρινόμην
602 2875 742 2948 πρὸς
766 2874 931 2927 αὐτόν
951 2889 965 2903 ·
991 2893 1010 2924 ι
1034 2872 1127 2944 Μὴ
1153 2873 1362 2934 πάντας
1389 2868 1700 2943 προσκαλοῦ
1714 2870 1794 2933 είς

190 2973 468 3044 ζήτησινο
508 2969 737 3041 μεγάλοι
764 2967 873 3038 γάρ
922 2969 1060 3020 εἰσιν
1103 2968 1162 3019 ὲν
1206 2964 1285 3036 τῷ
1325 2963 1458 3032 οἴκῳ
1497 2963 1592 3017 τοῦ
1631 2961 1787 3017 Θεοῦ.

1893 1851 2048 1893 mora
2067 1834 2406 1895 devenimus,
2429 1831 2614 1902 ibique
2633 1843 2923 1901 germanos
2943 1829 3112 1895 nacti,
3130 1824 3487 1896 mutu0159

1892 1946 2084 1986 omnes
2111 1929 2311 2000 gaudio
2349 1925 2793 1998 perfruehamur,
2824 1938 2925 1977 nos
2948 1920 3096 1992 quod
3128 1920 3277 1990 digni
3312 1918 3485 1973 habiti

1895 2023 2217 2087 fuissemus,
2258 2020 2353 2090 qui
2398 2024 2623 2074 sanctos
2666 2014 3005 2077 videremus,
3049 2012 3126 2065 illi
3178 2009 3322 2081 quod
3375 2008 3489 2064 fra-

1895 2123 2006 2170 tres
2030 2113 2439 2183 conspicerent.
2475 2110 2612 2164 Cum
2638 2116 2822 2162 autem
2850 2107 2995 2160 inter
3017 2119 3119 2179 nos
3153 2103 3488 2172 colloquere-

1893 2223 2036 2271 ntur.
2063 2221 2167 2260 nec
2188 2218 2384 2275 pauca,
2412 2218 2534 2274 qua
2558 2199 2881 2256 veneranda:
2906 2196 3200 2253 admodum
3235 2194 3488 2265 religioni

1893 2306 2279 2369 congruerent,
2320 2296 2496 2350 multo
2539 2309 2665 2348 cum
2708 2291 2903 2347 ordine
2942 2297 2998 2345 et
3037 2289 3303 2343 modestia
3337 2288 3489 2342 diee-

1894 2406 2105 2457 remus,
2138 2404 2269 2445 ecce
2312 2388 2498 2445 subito
2530 2402 2597 2442 ex
2630 2385 2817 2440 radice
2846 2383 2961 2438 Arii
2990 2381 3212 2437 Christo
3260 2379 3486 2446 infensi,

1893 2489 2076 2545 bellua
2128 2487 2420 2541 humanam
2470 2483 2698 2537 mentita
2742 2480 2980 2551 speciem
3029 2479 3085 2533 in
3118 2494 3220 2533 nos
3267 2476 3486 2542 insiliit,

1894 2592 2135 2649 cumque
2195 2573 2590 2645 aliquantisper
2627 2569 2849 2641 pietatis
2877 2568 3046 2623 verba
3085 2567 3351 2631 audisset,
3392 2580 3489 2620 eo-

1894 2684 2017 2725 rum
2045 2665 2358 2738 impatiens,
2383 2664 2459 2718 ita
2489 2662 2657 2732 cmpit
2687 2661 2881 2731 loqui':
2917 2677 2935 2710 ι
2972 2659 3083 2712 Aut
3123 2672 3210 2712 me
3243 2664 3487 2711 vestram

1895 2762 2089 2817 docete
2138 2758 2493 2820 sententiam,
2535 2762 2630 2809 aut
2663 2769 2766 2824 ego
2803 2751 2936 2823 quid
2977 2751 3211 2807 sentiam
3240 2765 3340 2804 vos
3386 2748 3490 2824 do-

1895 2854 2050 2909 cebo.
2085 2851 2225 2919 i1Cui
2243 2864 2379 2921 ego:
2404 2868 2421 2900 ι
2448 2847 2525 2903 Ne
2547 2820 2739 2901 omnes
2757 2820 3247 2915 adv'disputandum
3289 2820 3492 2917 provo-

1897 2962 1992 3013 ca;
2030 2944 2212 3015 magni
2257 2943 2403 2998 enim
2435 2948 2563 2997 sunt
2602 2942 2659 2995 in
2711 2939 2876 2995 domo
2908 2939 3027 2995 Dei.
3071 2937 3169 2994 Sin
3206 2945 3389 2993 autem
3430 2938 3487 2991 in

292 3030 355 3120 δὲ
383 3030 567 3137 βούλει
590 3030 694 3117 ἐπὶ
723 3030 817 3116 τοῦ
843 3030 1130 3133 ’παρόντος
1163 3030 1302 3132 πρὸς
1342 3059 1411 3127 μὲ
1432 3030 1537 3112 τὸν
1568 3057 1789 3130 σμικρό-

1899 3038 2186 3111 praesentia
2218 3049 2433 3091 mecum
2474 3038 2712 3098 tantum,
2745 3033 2839 3103 qui
2877 3032 3143 3086 minimus
3188 3046 3310 3086 sum
3352 3030 3488 3084 velis

185 3179 359 3217 τατον
391 3161 558 3233 μόνον
589 3157 965 3224 συνεξετάσαι,
999 3156 1193 3227 ἣδιστα
1224 3153 1336 3225 ἐγώ
1363 3172 1447 3208 σοι
1475 3154 1635 3208 τοῦτο
1650 3170 1793 3226 παρ-

188 3258 301 3325 ἐξω
334 3258 470 3329 περὶ
503 3255 598 3310 τοῦ
638 3255 975 3326 ζητήματος.
1023 3248 1354 3322 Προσάγαγε
1424 3246 1645 3320 πρῶτος
1691 3245 1792 3317 τὴν

189 3351 502 3424 πρότασιν·
534 3349 695 3420 μόνον
731 3343 1044 3417 φιλαλήθως
1079 3345 1399 3415 ποιήσωμεν
1437 3343 1536 3414 τὴν
1571 3340 1792 3407 συνεξέ-

187 3461 375 3509 τασιν,
401 3442 498 3496 καὶ
540 3440 616 3513 μὴ
645 3439 1073 3510 φιλονεικότερον
1098 3437 1236 3510 πρὸς
1266 3434 1335 3490 τά
1371 3435 1795 3506 προσφερόμενα

189 3536 301 3591 ὑπὸ
323 3534 422 3589 τοῦ
451 3533 681 3605 πλησίον
716 3532 1048 3586 θεόπνευστα
1075 3530 1297 3601 ῥήματα
1330 3526 1717 3598 διατεθῶμεν.»

264 3630 323 3683 4.
382 3627 657 3682 ’ΔΡΕΙΟΣ
708 3622 889 3679 εἶπεν
953 3623 1111 3694 Ἐμοὶ
1164 3622 1316 3675 δοκεῖ
1362 3619 1794 3693 προηγουμένως

189 3722 490 3795 ὁρισθῆναι
521 3720 613 3790 ὑφ’
659 3718 937 3789 ἑκατέρων
963 3714 1099 3787 ἐμοῦ
1128 3731 1187 3766 τε
1226 3713 1321 3766 καὶ
1353 3712 1447 3766 σοῦ
1478 3713 1556 3774 εἰς
1585 3711 1657 3765 τὰ
1696 3710 1795 3780 ζη-

189 3812 461 3884 τούμενα,
493 3808 727 3863 ’έκαστόν
767 3825 828 3860 τε
858 3806 1019 3879 ήμῶν
1061 3804 1326 3869 ἐκθεῖναι,
1361 3802 1398 3857 ἃ
1436 3804 1625 3875 φρονεί
1668 3800 1797 3872 περὶ

192 3904 335 3960 Θεοῦ
363 3903 463 3958 καὶ
486 3898 749 3973 Χριστοῦ,
773 3899 870 3953 καὶ
900 3895 1041 3950 Πνεύ
1051 3911 1218 3966 ματος
1241 3893 1420 3963 ἁγίου,
1452 3894 1510 3946 ὲν
1538 3891 1794 3962 ἐπιτομῇ,

193 3999 349 4061 ὅπως
394 3995 538 4050 κατά
571 3993 771 4047 σκοπὸν
804 3991 1117 4062 πέμπωμεν
1160 3987 1288 4049 τοὺς
1317 3985 1530 4054 λόγους,
1578 3984 1674 4038 καὶ
1721 3982 1796 4054 μὴ

194 4092 280 4155 είς
307 4092 468 4144 κενὸν
496 4083 855 4158 ποιησώμεθα
889 4082 1121 4154 ἅμιλλαν
1147 4079 1341 4148 λόγων,
1379 4078 1590 4149 φανερά
1617 4093 1677 4129 τε
1762 4077 1795 4146 ἡ

197 4178 583 4254 ἐπικρατοῦσα
626 4176 753 4244 δόξα
790 4174 990 4246 ὁμοίως
1043 4189 1105 4226 τε
1151 4172 1244 4225 καὶ
1279 4174 1312 4244 ἡ
1365 4167 1795 4242 καθαιρουμένη.

197 4275 339 4345 Περὶ
365 4272 479 4343 γὰρ
507 4271 745 4331 πίστεως
775 4266 1036 4337 βούλομαι
1062 4263 1295 4335 ζητῆσαι
1328 4262 1466 4335 πρὸς
1499 4262 1580 4323 σὲ,
1610 4258 1799 4330 ἐπειδὴ

203 4367 446 4439 μάλιστα
488 4365 703 4434 ἀκήκοα
745 4359 922 4433 ὀρθῶς
971 4359 1046 4432 μὴ
1074 4357 1282 4430 ,ὁμιλού

196 4461 300 4532 τῆς
322 4462 410 4523 εἰς
430 4458 494 4511 τὸ
517 4456 674 4511 Θεῖον
708 4455 946 4518 πίστεως
973 4452 1070 4506 καὶ
1097 4451 1403 4515 εὐσεϐείας.

269 4554 327 4609 5.
383 4548 790 4605 ’ᾹΘᾹΝΑΣΙΟΣ
832 4541 985 4600 εἶπεν
1036 4543 1149 4617 (59)
1174 4560 1189 4574 '
1238 4539 1574 4615 Θεοπρεπῶς
1621 4538 1800 4593 πάντα

200 4664 286 4701 σοι
312 4642 706 4715 εὐτρέπισται·
743 4636 856 4707 ἐγὼ
885 4637 944 4690 δὲ
985 4636 1013 4690 ὃ
1045 4635 1249 4709 φρονῶ,
1284 4634 1426 4705 φημὶ
1455 4634 1513 4685 ὲν
1542 4632 1789 4701 ἐπιτομῇ,

202 4709 461 4792 Πιστεύω
495 4735 576 4797 είς
621 4732 719 4786 ἕνα
769 4730 903 4784 Θεὸν
956 4728 1183 4800 Πατέρα
1225 4722 1664 4797 παντοκράτορα,
1714 4709 1805 4776 ἀεὶ

200 4830 333 4882 ὄντα
356 4828 498 4881 Θεὸν
524 4824 771 4896 Πατέρα,
807 4822 902 4876 καὶ
937 4823 1018 4884 είς
1053 4820 1146 4873 τὸν
1176 4817 1309 4872 Θεὸν
1336 4817 1448 4889 (60)
1490 4816 1683 4885 Λόγον,
1711 4815 1815 4868 τὸν

204 4916 497 4986 Μονογενῆ
517 4914 647 4968 Υίὸν
667 4913 763 4967 τοῦ
786 4910 944 4975 Θεοῦ,
969 4911 1053 4964 ὅτι
1081 4909 1421 4982 συνυπάρχει
1440 4907 1519 4980 τῷ
1545 4907 1661 4979 ἰδίῳ
1684 4908 1799 4961 Παα

205 5006 317 5077 τρὶ,
358 5006 460 5059 καὶ
503 5004 587 5057 ὅτι
637 5004 702 5056 ὲκ
740 5002 840 5072 τῆς
870 5001 1061 5065 οὐσίας
1114 4998 1208 5053 τοῦ
1253 4998 1389 5053 Θεοῦ
1439 4999 1537 5053 καὶ
1584 4997 1802 5070 Πατρός

207 5100 358 5152 ἐστιν
391 5098 421 5151 6
452 5095 605 5160 Υἱὸς,
635 5094 730 5149 καὶ
754 5094 837 5148 ὄτι
871 5093 985 5156 ἴσος
1010 5092 1039 5144 6
1072 5091 1200 5155 Υἱὸς
1223 5089 1318 5144 τοῦ
1352 5090 1567 5161 Πατρὸς
1599 5089 1803 5160 τυγχά-

209 5209 312 5256 νει,
360 5190 461 5245 καὶ
488 5189 570 5242 ὅτι
610 5187 852 5258 ίσότιμός
886 5189 1033 5240 ἐστιν
1065 5185 1094 5237 ὁ
1122 5184 1251 5247 Υἱὸς
1277 5182 1371 5237 τοῦ
1402 5181 1559 5247 Θεοῦ,
1593 5181 1690 5236 καὶ
1722 5181 1804 5234 ὅτι

212 5285 310 5339 σὺν
338 5281 426 5354 τῷ
458 5281 640 5353 Πατρὶ
671 5279 836 5334 αὐτοῦ
884 5278 1121 5344 πάρεστι
1173 5273 1451 5346 πανταχοῦ
1499 5277 1567 5347 τῇ
1615 5273 1807 5346 θεότη-

280 5440 326 5473 ⁸⁹
367 5436 564 5493 Matth.
594 5452 698 5492 xm
718 5477 733 5501 ,
763 5435 855 5493 44.

281 5592 571 5675 (5β)ΑΒεβ.
603 5592 799 5675 κρειτὲ
823 5589 1095 5675 εὐσεϐῶςλ
1109 5587 1229 5675 Mos
1261 5585 1447 5675 'Basil‘.‘
1459 5593 1517 5675 et
1548 5581 1686 5675 ng.
1707 5581 1803 5636 καὶ

214 5652 559 5738 πα’ρά’Θεοῦ’.
603 5652 729 5718 Μ’οι
759 5660 873 5736 Reg
931 5652 1363 5716 καὶθασιλείαν.
1398 5652 1545 5723 Mox,
1580 5652 1802 5730 ἄριστα,

213 5723 368 5793 deest
390 5736 449 5792 in
486 5732 723 5807 August.
844 5723 861 5736 ⁸

1894 3134 2200 3203 disputare,
2233 3129 2300 3184 ad
2333 3129 2388 3183 id
2420 3143 2506 3182 me
2538 3126 2640 3181 tibi
2670 3123 3037 3181 libentissime
3071 3122 3263 3178 offero.
3293 3119 3491 3176 Profer

1894 3228 2106 3298 primus
2155 3220 2628 3293 propositionem:
2673 3216 2771 3273 sed
2803 3216 2885 3271 ita
2951 3230 3055 3271 nos
3100 3229 3378 3286 geramus,
3428 3221 3490 3267 ut

1895 3318 2015 3374 solo
2037 3315 2151 3372 veri
2183 3329 2371 3369 amore
2398 3312 2762 3372 disseramus,
2786 3325 2888 3364 nec
2911 3307 3113 3364 divinis
3141 3307 3344 3370 verbis,
3368 3321 3490 3375 qua;

1895 3425 1927 3465 a
1968 3409 2131 3464 nobis
2166 3414 2361 3462 mutuo
2402 3403 2678 3460 aﬂ'erenda
2719 3408 2870 3466 sunt,
2925 3386 3289 3473 pertinaciter.
3324 3414 3492 3469 repu-

1836 3546 1845 3551 .
1893 3518 2146 3576 gnemus.
2162 3520 2180 3553 ι

1966 3598 2019 3655 4.
2060 3593 2276 3651 ARlUS
2299 3592 2438 3648 dixit
2463 3612 2476 3648 :
2506 3590 2637 3645 Mihi
2665 3591 2719 3644 in
2749 3586 2945 3659 primis
2975 3584 3354 3641 necessarium
3406 3581 3492 3636 vi-

1896 3690 2079 3756 detur,
2114 3695 2176 3742 ut
2214 3695 2446 3756 uterque
2480 3693 2756 3745 nostrum,
2786 3678 2843 3735 id
2874 3680 2944 3735 de
2977 3694 3090 3749 quo
3120 3676 3281 3732 nobis
3327 3689 3492 3744 agen-

1898 3782 2028 3837 dum
2058 3787 2165 3844 est,
2194 3777 2547 3839 deliniamus,
2578 3773 2928 3842 breviterque
2962 3783 3327 3841 exponamus,
3365 3781 3492 3837 quae

1900 3882 2089 3929 nostra
2122 3873 2195 3927 sit
2229 3870 2520 3939 utriusque
2565 3866 2753 3937 opinio
2792 3866 2860 3920 de
2896 3864 3024 3930 Deo,
3057 3862 3126 3917 de
3153 3861 3399 3923 Christo,
3434 3867 3491 3913 et

1898 3964 1967 4022 d'e
2013 3964 2224 4035 Spiritu
2279 3966 2473 4017 sancto
2508 3977 2523 4014 :
2553 3965 2613 4012 ut
2661 3970 2864 4026 scopus
2917 3956 2990 4010 sit
3041 3952 3243 4023 aliquis
3283 3949 3489 4004 nostris

1902 4056 2277 4119 sermonibus,
2310 4068 2414 4108 nec
2448 4052 2689 4106 inaniter
2728 4047 2915 4103 verbis
2965 4044 3355 4115 digladiemur,
3393 4056 3492 4112 pa-

1900 4158 2126 4221 teatque
2183 4161 2436 4219 quietiam
2498 4141 2697 4198 vicerit
2758 4139 3073 4201 sententia,
3143 4143 3197 4190 et
3235 4147 3491 4204 quaenam

1901 4258 2095 4301 eversa
2125 4240 2314 4296 fuerit.
2342 4237 2546 4292 Tecum
2574 4235 2720 4290 enim
2751 4231 2902 4286 lubet
2932 4230 2999 4284 de
3024 4227 3126 4283 ﬁde
3156 4226 3488 4295 disceptare,

1287 4373 1425 4410 ντων
1471 4353 1626 4426 ὑμῶν
1671 4353 1789 4426 περῖ

1904 4337 2144 4393 maxime
2179 4348 2306 4388 cum
2339 4327 2643 4386 audiverim
2688 4341 2788 4380 vos
2819 4338 2931 4379 non
2980 4329 3130 4376 recte
3171 4318 3242 4374 de
3271 4332 3402 4374 vera
3434 4317 3491 4371 in

1831 4415 1876 4470 Ι)
1905 4427 2076 4483 Deum
2100 4424 2204 4479 fide
2236 4430 2291 4478 et
2324 4423 2529 4491 pietate
2557 4419 2851 4473 disserere.

1976 4520 2031 4576 5.
2067 4510 2517 4573 ATHANASIUS
2571 4504 3146 4580 respoudit:0mnia,
3198 4508 3257 4557 ut
3319 4500 3492 4557 Deum

1907 4613 2085 4675 decet,
2137 4609 2345 4682 Optime
2385 4604 2838 4676 digessisti:ego
2893 4613 3023 4656 vero
3073 4612 3197 4668 quae
3246 4610 3370 4651 mea
3420 4594 3495 4651 sit

1912 4705 2208 4768 sententia,
2238 4701 2433 4774 paucis
2458 4700 2662 4755 dicam.
2696 4692 2876 4750 Credo
2900 4692 2956 4746 in
2984 4706 3156 4746 unum
3189 4686 3363 4744 Deum
3388 4685 3496 4741 Pa-

1892 4807 2048 4855 rtrem
2081 4797 2535 4866 omnipotentem,
2579 4790 2676 4861 qui
2701 4801 2919 4857 semper
2943 4786 3015 4839 sit
3051 4782 3197 4838 Deus
3219 4779 3401 4836 Pater.
3430 4777 3498 4832 Et

1909 4896 1967 4950 in
1995 4893 2169 4949 Deum
2197 4888 2436 4945 Verbum
2469 4883 2819 4955 Uuigenitum
2846 4877 2943 4934 Dei
2975 4876 3200 4940 Filium,
3234 4888 3495 4942 eumque,

1909 4987 2077 5045 simul
2122 5000 2249 5041 cum
2290 4980 2515 5054 proprio
2556 4977 2721 5033 Patre
2767 4975 3055 5036 exsistere,
3105 4969 3306 5023 Filium
3367 4969 3496 5021 item

1908 5096 2034 5138 esse
2087 5095 2153 5134 ex
2211 5075 2523 5132 substantia
2570 5069 2669 5127 Dei
2715 5077 2771 5124 et
2825 5066 3038 5131 Patris,
3098 5062 3298 5117 Filium
3350 5057 3498 5113 Patri
3604 5140 3609 5145 Ξ

1910 5173 2179 5245 aqualem
2225 5186 2371 5236 esse,
2407 5166 2606 5222 Filium
2641 5163 2891 5234 ejusdem
2926 5175 2991 5215 ac
3041 5157 3211 5214 Deum
3249 5169 3373 5209 esse
3413 5152 3500 5205 di-

1914 5268 2165 5342 gnitatis,
2196 5265 2488 5336 ipsumque
2520 5275 2632 5317 una
2658 5273 2786 5314 cum
2816 5254 2980 5310 Patre
3016 5255 3349 5322 praesentem
3377 5246 3502 5301 ubi-

1986 5577 2101 5651 (59)
2137 5576 2347 5651 Begius
2374 5574 2831 5651 hicﬁdcjnpeps
2854 5569 3055 5627 omittit
3085 5557 3258 5621 εἶπεν.

1985 5645 2100 5727 (60)
2137 5645 2347 5724 Regius
2383 5647 2584 5706 οωῐιιίι
2611 5645 2762 5702 Θεόν.
