  <div class='ocr_page' id='page_1' title='image "/cluster/home/n/w/nwhite01/storage/ocr_20150623/28/nnc1.0046978690/261.png"; bbox 0 0 3880 6186; ppageno 0'>
   <div class='ocr_carea' id='block_1_1' title="bbox 435 219 548 280">
    <p class='ocr_par' dir='ltr' id='par_1_1' title="bbox 435 219 548 280">
     <span class='ocr_line' id='line_1_1' title="bbox 435 219 548 280; baseline -0.027 0"><span class='ocrx_word' id='word_1_1' title='bbox 435 219 548 280; x_wconf 68' lang='grc' dir='ltr'><strong>4ζό</strong></span> 
     </span>
    </p>
   </div>
   <div class='ocr_carea' id='block_1_2' title="bbox 1588 223 2579 283">
    <p class='ocr_par' dir='ltr' id='par_1_2' title="bbox 1588 223 2579 283">
     <span class='ocr_line' id='line_1_2' title="bbox 1588 223 2579 283; baseline 0.005 -5"><span class='ocrx_word' id='word_1_2' title='bbox 1588 223 1644 278; x_wconf 92' lang='lat' dir='ltr'><strong>S.</strong></span> <span class='ocrx_word' id='word_1_3' title='bbox 1688 223 2157 282; x_wconf 74' lang='lat' dir='ltr'><strong>ATHANASIL‘S.</strong></span> <span class='ocrx_word' id='word_1_4' title='bbox 2194 256 2262 266; x_wconf 95' lang='lat'><strong><em>—</em></strong></span> <span class='ocrx_word' id='word_1_5' title='bbox 2306 225 2579 283; x_wconf 67' lang='lat' dir='ltr'><strong>SPURIA.</strong></span> 
     </span>
    </p>
   </div>
   <div class='ocr_carea' id='block_1_3' title="bbox 3580 216 3730 287">
    <p class='ocr_par' dir='ltr' id='par_1_3' title="bbox 3580 216 3730 287">
     <span class='ocr_line' id='line_1_3' title="bbox 3580 216 3730 287; baseline 0 0"><span class='ocrx_word' id='word_1_6' title='bbox 3580 216 3730 287; x_wconf 71' lang='grc' dir='ltr'><strong>ἰιι</strong></span> 
     </span>
    </p>
   </div>
   <div class='ocr_carea' id='block_1_4' title="bbox 436 338 2025 417">
    <p class='ocr_par' dir='ltr' id='par_1_4' title="bbox 436 338 2025 413">
     <span class='ocr_line' id='line_1_4' title="bbox 436 338 2025 413; baseline 0.002 -17"><span class='ocrx_word' id='word_1_7' title='bbox 436 357 547 413; x_wconf 87' lang='lat' dir='ltr'><strong>que</strong></span> <span class='ocrx_word' id='word_1_8' title='bbox 578 355 702 396; x_wconf 87' lang='lat' dir='ltr'><strong>esse</strong></span> <span class='ocrx_word' id='word_1_9' title='bbox 730 338 1040 406; x_wconf 76' lang='lat' dir='ltr'><strong>divinitate,</strong></span> <span class='ocrx_word' id='word_1_10' title='bbox 1085 341 1385 412; x_wconf 86' lang='lat' dir='ltr'><strong>omniaque</strong></span> <span class='ocrx_word' id='word_1_11' title='bbox 1412 343 1708 413; x_wconf 90' lang='lat' dir='ltr'><strong>complecti</strong></span> <span class='ocrx_word' id='word_1_12' title='bbox 1747 359 1848 398; x_wconf 90' lang='lat' dir='ltr'><strong>sua</strong></span> <span class='ocrx_word' id='word_1_13' title='bbox 1896 345 2025 399; x_wconf 86' lang='lat' dir='ltr'><strong>sub-</strong></span> 
     </span>
    </p>
   </div>
   <div class='ocr_carea' id='block_1_5' title="bbox 2132 338 3725 417">
    <p class='ocr_par' dir='ltr' id='par_1_5' title="bbox 2136 344 3725 417">
     <span class='ocr_line' id='line_1_5' title="bbox 2136 344 3725 417; baseline 0.003 -20"><span class='ocrx_word' id='word_1_14' title='bbox 2136 361 2213 411; x_wconf 90' lang='grc' dir='ltr'><strong>τι,</strong></span> <span class='ocrx_word' id='word_1_15' title='bbox 2274 345 2370 398; x_wconf 95' lang='lat' dir='ltr'><strong>xui</strong></span> <span class='ocrx_word' id='word_1_16' title='bbox 2417 345 2499 397; x_wconf 80' lang='grc' dir='ltr'><strong>ὅτι</strong></span> <span class='ocrx_word' id='word_1_17' title='bbox 2547 344 2726 399; x_wconf 81' lang='grc' dir='ltr'><strong>πάντα</strong></span> <span class='ocrx_word' id='word_1_18' title='bbox 2783 345 3029 416; x_wconf 84' lang='grc' dir='ltr'><strong>περιέχει</strong></span> <span class='ocrx_word' id='word_1_19' title='bbox 3075 346 3142 416; x_wconf 78' lang='grc' dir='ltr'><strong>τῇ</strong></span> <span class='ocrx_word' id='word_1_20' title='bbox 3187 346 3347 417; x_wconf 72' lang='grc' dir='ltr'><strong>οὐσίᾳ</strong></span> <span class='ocrx_word' id='word_1_21' title='bbox 3381 347 3580 415; x_wconf 80' lang='grc' dir='ltr'><strong>αὑτοῦ,</strong></span> <span class='ocrx_word' id='word_1_22' title='bbox 3624 352 3725 404; x_wconf 83' lang='lat' dir='ltr'><strong>xui.</strong></span> 
     </span>
    </p>
   </div>
   <div class='ocr_carea' id='block_1_6' title="bbox 437 431 2023 502">
    <p class='ocr_par' dir='ltr' id='par_1_6' title="bbox 437 431 2023 502">
     <span class='ocr_line' id='line_1_6' title="bbox 437 431 2023 502; baseline 0.001 -13"><span class='ocrx_word' id='word_1_23' title='bbox 437 431 662 497; x_wconf 87' lang='lat' dir='ltr'><strong>stantia,</strong></span> <span class='ocrx_word' id='word_1_24' title='bbox 699 447 803 487; x_wconf 90' lang='lat' dir='ltr'><strong>nec</strong></span> <span class='ocrx_word' id='word_1_25' title='bbox 834 434 903 488; x_wconf 90' lang='lat' dir='ltr'><strong>ab</strong></span> <span class='ocrx_word' id='word_1_26' title='bbox 935 434 1046 488; x_wconf 89' lang='lat' dir='ltr'><strong>ulla</strong></span> <span class='ocrx_word' id='word_1_27' title='bbox 1080 449 1140 488; x_wconf 91' lang='lat' dir='ltr'><strong>re</strong></span> <span class='ocrx_word' id='word_1_28' title='bbox 1169 434 1444 488; x_wconf 82' lang='lat' dir='ltr'><strong>contineri</strong></span> <span class='ocrx_word' id='word_1_29' title='bbox 1473 433 1673 489; x_wconf 90' lang='lat' dir='ltr'><strong>Filium</strong></span> <span class='ocrx_word' id='word_1_30' title='bbox 1704 434 1823 502; x_wconf 88' lang='lat' dir='ltr'><strong>Dei,</strong></span> <span class='ocrx_word' id='word_1_31' title='bbox 1858 435 2023 491; x_wconf 87' lang='lat' dir='ltr'><strong>sicuti</strong></span> 
     </span>
    </p>
   </div>
   <div class='ocr_carea' id='block_1_7' title="bbox 434 522 2026 597">
    <p class='ocr_par' dir='ltr' id='par_1_7' title="bbox 434 522 2026 597">
     <span class='ocr_line' id='line_1_7' title="bbox 434 522 2026 597; baseline 0.003 -19"><span class='ocrx_word' id='word_1_32' title='bbox 434 538 538 578; x_wconf 88' lang='lat' dir='ltr'><strong>nec</strong></span> <span class='ocrx_word' id='word_1_33' title='bbox 568 522 785 578; x_wconf 86' lang='lat' dir='ltr'><strong>Patrem</strong></span> <span class='ocrx_word' id='word_1_34' title='bbox 814 523 958 593; x_wconf 87' lang='lat' dir='ltr'><strong>ejus.</strong></span> <span class='ocrx_word' id='word_1_35' title='bbox 1011 522 1079 577; x_wconf 89' lang='lat' dir='ltr'><strong>Et</strong></span> <span class='ocrx_word' id='word_1_36' title='bbox 1123 523 1177 577; x_wconf 92' lang='lat' dir='ltr'><strong>in</strong></span> <span class='ocrx_word' id='word_1_37' title='bbox 1222 523 1488 594; x_wconf 82' lang='lat' dir='ltr'><strong>Spiritum</strong></span> <span class='ocrx_word' id='word_1_38' title='bbox 1538 532 1816 591; x_wconf 87' lang='lat' dir='ltr'><strong>sanctum,</strong></span> <span class='ocrx_word' id='word_1_39' title='bbox 1863 543 2026 597; x_wconf 89' lang='lat' dir='ltr'><strong>quem</strong></span> 
     </span>
    </p>
   </div>
   <div class='ocr_carea' id='block_1_8' title="bbox 435 613 2024 687">
    <p class='ocr_par' dir='ltr' id='par_1_8' title="bbox 435 613 2024 687">
     <span class='ocr_line' id='line_1_8' title="bbox 435 613 2024 687; baseline 0.002 -18"><span class='ocrx_word' id='word_1_40' title='bbox 435 615 603 669; x_wconf 89' lang='lat' dir='ltr'><strong>credo</strong></span> <span class='ocrx_word' id='word_1_41' title='bbox 642 629 767 670; x_wconf 91' lang='lat' dir='ltr'><strong>esse</strong></span> <span class='ocrx_word' id='word_1_42' title='bbox 813 613 998 670; x_wconf 86' lang='lat' dir='ltr'><strong>Patris</strong></span> <span class='ocrx_word' id='word_1_43' title='bbox 1044 614 1390 683; x_wconf 77' lang='lat' dir='ltr'><strong>substantiae,</strong></span> <span class='ocrx_word' id='word_1_44' title='bbox 1437 616 1713 687; x_wconf 85' lang='lat' dir='ltr'><strong>simulque</strong></span> <span class='ocrx_word' id='word_1_45' title='bbox 1760 624 2024 673; x_wconf 68' lang='lat' dir='ltr'><strong>aeternum</strong></span> 
     </span>
    </p>
   </div>
   <div class='ocr_carea' id='block_1_9' title="bbox 435 709 2028 769">
    <p class='ocr_par' dir='ltr' id='par_1_9' title="bbox 435 709 2028 769">
     <span class='ocr_line' id='line_1_9' title="bbox 435 709 2028 769; baseline 0 -4"><span class='ocrx_word' id='word_1_46' title='bbox 435 726 560 765; x_wconf 89' lang='lat' dir='ltr'><strong>cum</strong></span> <span class='ocrx_word' id='word_1_47' title='bbox 591 710 755 767; x_wconf 87' lang='lat' dir='ltr'><strong>Patre</strong></span> <span class='ocrx_word' id='word_1_48' title='bbox 799 719 855 768; x_wconf 91' lang='lat' dir='ltr'><strong>et</strong></span> <span class='ocrx_word' id='word_1_49' title='bbox 903 711 1066 769; x_wconf 88' lang='lat' dir='ltr'><strong>Filio.</strong></span> <span class='ocrx_word' id='word_1_50' title='bbox 1098 710 1341 767; x_wconf 79' lang='lat' dir='ltr'><strong>Verbum</strong></span> <span class='ocrx_word' id='word_1_51' title='bbox 1387 710 1513 767; x_wconf 88' lang='lat' dir='ltr'><strong>dico</strong></span> <span class='ocrx_word' id='word_1_52' title='bbox 1547 710 1605 765; x_wconf 91' lang='lat' dir='ltr'><strong>in</strong></span> <span class='ocrx_word' id='word_1_53' title='bbox 1646 725 1815 766; x_wconf 89' lang='lat' dir='ltr'><strong>carne</strong></span> <span class='ocrx_word' id='word_1_54' title='bbox 1862 709 2028 765; x_wconf 87' lang='lat' dir='ltr'><strong>adve-</strong></span> 
     </span>
    </p>
   </div>
   <div class='ocr_carea' id='block_1_10' title="bbox 436 803 613 860">
    <p class='ocr_par' dir='ltr' id='par_1_10' title="bbox 436 803 613 860">
     <span class='ocr_line' id='line_1_10' title="bbox 436 803 613 860; baseline 0.023 -3"><span class='ocrx_word' id='word_1_55' title='bbox 436 803 613 860; x_wconf 78' lang='lat' dir='ltr'><strong>uisse.</strong></span> 
     </span>
    </p>
   </div>
   <div class='ocr_carea' id='block_1_11' title="bbox 507 895 2026 970">
    <p class='ocr_par' dir='ltr' id='par_1_11' title="bbox 507 895 2026 970">
     <span class='ocr_line' id='line_1_11' title="bbox 507 895 2026 970; baseline -0.002 -19"><span class='ocrx_word' id='word_1_56' title='bbox 507 896 560 951; x_wconf 90' lang='lat'><em>6.</em></span> <span class='ocrx_word' id='word_1_57' title='bbox 602 896 697 954; x_wconf 81' lang='lat' dir='ltr'><strong>Ar.</strong></span> <span class='ocrx_word' id='word_1_58' title='bbox 742 897 921 954; x_wconf 88' lang='lat' dir='ltr'><strong>Credo</strong></span> <span class='ocrx_word' id='word_1_59' title='bbox 965 907 1021 955; x_wconf 93' lang='lat' dir='ltr'><strong>et</strong></span> <span class='ocrx_word' id='word_1_60' title='bbox 1067 913 1169 970; x_wconf 91' lang='lat' dir='ltr'><strong>ego</strong></span> <span class='ocrx_word' id='word_1_61' title='bbox 1213 899 1270 953; x_wconf 91' lang='lat' dir='ltr'><strong>in</strong></span> <span class='ocrx_word' id='word_1_62' title='bbox 1315 911 1488 951; x_wconf 90' lang='lat' dir='ltr'><strong>unum</strong></span> <span class='ocrx_word' id='word_1_63' title='bbox 1520 895 1689 952; x_wconf 89' lang='lat' dir='ltr'><strong>Deum</strong></span> <span class='ocrx_word' id='word_1_64' title='bbox 1738 902 2026 961; x_wconf 65' lang='lat' dir='ltr'><strong>aeternum,</strong></span> 
     </span>
    </p>
   </div>
   <div class='ocr_carea' id='block_1_12' title="bbox 433 988 2028 1062">
    <p class='ocr_par' dir='ltr' id='par_1_12' title="bbox 433 988 2028 1062">
     <span class='ocr_line' id='line_1_12' title="bbox 433 988 2028 1062; baseline -0.003 -17"><span class='ocrx_word' id='word_1_65' title='bbox 433 997 490 1045; x_wconf 88' lang='lat' dir='ltr'><strong>et</strong></span> <span class='ocrx_word' id='word_1_66' title='bbox 517 988 719 1045; x_wconf 76' lang='lat' dir='ltr'><strong>Filium</strong></span> <span class='ocrx_word' id='word_1_67' title='bbox 752 993 873 1060; x_wconf 89' lang='lat' dir='ltr'><strong>ejus</strong></span> <span class='ocrx_word' id='word_1_68' title='bbox 918 1004 1080 1062; x_wconf 86' lang='lat' dir='ltr'><strong>quem</strong></span> <span class='ocrx_word' id='word_1_69' title='bbox 1115 999 1242 1046; x_wconf 89' lang='lat' dir='ltr'><strong>ante</strong></span> <span class='ocrx_word' id='word_1_70' title='bbox 1286 990 1488 1046; x_wconf 67' lang='lat' dir='ltr'><strong>saecula</strong></span> <span class='ocrx_word' id='word_1_71' title='bbox 1518 989 1727 1045; x_wconf 88' lang='lat' dir='ltr'><strong>creavit</strong></span> <span class='ocrx_word' id='word_1_72' title='bbox 1760 989 1929 1050; x_wconf 89' lang='lat' dir='ltr'><strong>Deus,</strong></span> <span class='ocrx_word' id='word_1_73' title='bbox 1975 996 2028 1042; x_wconf 91' lang='lat' dir='ltr'><strong>et</strong></span> 
     </span>
    </p>
   </div>
   <div class='ocr_carea' id='block_1_13' title="bbox 436 1079 2026 1152">
    <p class='ocr_par' dir='ltr' id='par_1_13' title="bbox 436 1079 2026 1152">
     <span class='ocr_line' id='line_1_13' title="bbox 436 1079 2026 1152; baseline -0.003 -17"><span class='ocrx_word' id='word_1_74' title='bbox 436 1080 637 1137; x_wconf 87' lang='lat' dir='ltr'><strong>Filium</strong></span> <span class='ocrx_word' id='word_1_75' title='bbox 670 1081 820 1137; x_wconf 77' lang='lat' dir='ltr'><strong>fecit.</strong></span> <span class='ocrx_word' id='word_1_76' title='bbox 853 1082 957 1149; x_wconf 85' lang='lat' dir='ltr'><strong>Qui</strong></span> <span class='ocrx_word' id='word_1_77' title='bbox 984 1082 1158 1138; x_wconf 92' lang='lat' dir='ltr'><strong>Filius</strong></span> <span class='ocrx_word' id='word_1_78' title='bbox 1188 1099 1313 1138; x_wconf 90' lang='lat' dir='ltr'><strong>cum</strong></span> <span class='ocrx_word' id='word_1_79' title='bbox 1344 1082 1531 1137; x_wconf 86' lang='lat' dir='ltr'><strong>omnia</strong></span> <span class='ocrx_word' id='word_1_80' title='bbox 1555 1095 1900 1152; x_wconf 65' lang='lat' dir='ltr'><strong>quascunque</strong></span> <span class='ocrx_word' id='word_1_81' title='bbox 1920 1079 2026 1133; x_wconf 78' lang='lat' dir='ltr'><strong>ha-</strong></span> 
     </span>
    </p>
   </div>
   <div class='ocr_carea' id='block_1_14' title="bbox 432 1173 2029 1244">
    <p class='ocr_par' dir='ltr' id='par_1_14' title="bbox 432 1173 2029 1244">
     <span class='ocr_line' id='line_1_14' title="bbox 432 1173 2029 1244; baseline -0.001 -16"><span class='ocrx_word' id='word_1_82' title='bbox 432 1173 548 1237; x_wconf 85' lang='lat' dir='ltr'><strong>bet,</strong></span> <span class='ocrx_word' id='word_1_83' title='bbox 584 1188 695 1228; x_wconf 91' lang='lat' dir='ltr'><strong>non</strong></span> <span class='ocrx_word' id='word_1_84' title='bbox 727 1174 978 1239; x_wconf 86' lang='lat' dir='ltr'><strong>haberet,</strong></span> <span class='ocrx_word' id='word_1_85' title='bbox 1009 1189 1073 1229; x_wconf 89' lang='lat' dir='ltr'><strong>ea</strong></span> <span class='ocrx_word' id='word_1_86' title='bbox 1112 1190 1143 1228; x_wconf 91' lang='lat' dir='ltr'><strong>a</strong></span> <span class='ocrx_word' id='word_1_87' title='bbox 1171 1173 1283 1229; x_wconf 94' lang='lat' dir='ltr'><strong>Deo</strong></span> <span class='ocrx_word' id='word_1_88' title='bbox 1329 1174 1582 1243; x_wconf 90' lang='lat' dir='ltr'><strong>accepit:</strong></span> <span class='ocrx_word' id='word_1_89' title='bbox 1618 1173 1767 1244; x_wconf 86' lang='lat' dir='ltr'><strong>quod</strong></span> <span class='ocrx_word' id='word_1_90' title='bbox 1799 1187 1911 1226; x_wconf 90' lang='lat' dir='ltr'><strong>non</strong></span> <span class='ocrx_word' id='word_1_91' title='bbox 1959 1173 2029 1227; x_wconf 86' lang='lat' dir='ltr'><strong>sit</strong></span> 
     </span>
    </p>
   </div>
   <div class='ocr_carea' id='block_1_15' title="bbox 434 1262 2028 1335">
    <p class='ocr_par' dir='ltr' id='par_1_15' title="bbox 434 1262 2028 1335">
     <span class='ocr_line' id='line_1_15' title="bbox 434 1262 2028 1335; baseline -0.001 -17"><span class='ocrx_word' id='word_1_92' title='bbox 434 1262 568 1318; x_wconf 83' lang='lat' dir='ltr'><strong>item</strong></span> <span class='ocrx_word' id='word_1_93' title='bbox 600 1262 775 1319; x_wconf 88' lang='lat' dir='ltr'><strong>Filius</strong></span> <span class='ocrx_word' id='word_1_94' title='bbox 802 1263 954 1318; x_wconf 88' lang='lat' dir='ltr'><strong>Patri</strong></span> <span class='ocrx_word' id='word_1_95' title='bbox 986 1265 1238 1335; x_wconf 69' lang='lat' dir='ltr'><strong>aequalis,</strong></span> <span class='ocrx_word' id='word_1_96' title='bbox 1282 1280 1386 1320; x_wconf 86' lang='lat' dir='ltr'><strong>nec</strong></span> <span class='ocrx_word' id='word_1_97' title='bbox 1430 1263 1678 1333; x_wconf 87' lang='lat' dir='ltr'><strong>ejusdem</strong></span> <span class='ocrx_word' id='word_1_98' title='bbox 1728 1278 1794 1317; x_wconf 90' lang='lat' dir='ltr'><strong>ac</strong></span> <span class='ocrx_word' id='word_1_99' title='bbox 1820 1264 1912 1318; x_wconf 89' lang='lat' dir='ltr'><strong>ille</strong></span> <span class='ocrx_word' id='word_1_100' title='bbox 1938 1262 2028 1317; x_wconf 89' lang='lat' dir='ltr'><strong>di-</strong></span> 
     </span>
    </p>
   </div>
   <div class='ocr_carea' id='block_1_16' title="bbox 430 1355 2028 1428">
    <p class='ocr_par' dir='ltr' id='par_1_16' title="bbox 430 1355 2028 1428">
     <span class='ocr_line' id='line_1_16' title="bbox 430 1355 2028 1428; baseline -0.001 -18"><span class='ocrx_word' id='word_1_101' title='bbox 430 1355 685 1425; x_wconf 78' lang='lat' dir='ltr'><strong>gnitatis,</strong></span> <span class='ocrx_word' id='word_1_102' title='bbox 723 1356 819 1412; x_wconf 89' lang='lat' dir='ltr'><strong>sed</strong></span> <span class='ocrx_word' id='word_1_103' title='bbox 853 1365 914 1411; x_wconf 91' lang='lat' dir='ltr'><strong>ut</strong></span> <span class='ocrx_word' id='word_1_104' title='bbox 948 1372 1039 1413; x_wconf 82' lang='lat' dir='ltr'><strong>res</strong></span> <span class='ocrx_word' id='word_1_105' title='bbox 1070 1357 1234 1422; x_wconf 82' lang='lat' dir='ltr'><strong>facta,</strong></span> <span class='ocrx_word' id='word_1_106' title='bbox 1280 1357 1456 1428; x_wconf 85' lang='lat' dir='ltr'><strong>gloria</strong></span> <span class='ocrx_word' id='word_1_107' title='bbox 1488 1364 1543 1412; x_wconf 91' lang='lat' dir='ltr'><strong>et</strong></span> <span class='ocrx_word' id='word_1_108' title='bbox 1570 1356 1775 1411; x_wconf 85' lang='lat' dir='ltr'><strong>virtute</strong></span> <span class='ocrx_word' id='word_1_109' title='bbox 1810 1355 1923 1411; x_wconf 86' lang='lat' dir='ltr'><strong>Deo</strong></span> <span class='ocrx_word' id='word_1_110' title='bbox 1956 1357 2028 1411; x_wconf 88' lang='lat' dir='ltr'><strong>sit</strong></span> 
     </span>
    </p>
   </div>
   <div class='ocr_carea' id='block_1_17' title="bbox 434 1445 2027 1519">
    <p class='ocr_par' dir='ltr' id='par_1_17' title="bbox 434 1445 2027 1519">
     <span class='ocr_line' id='line_1_17' title="bbox 434 1445 2027 1519; baseline 0.001 -20"><span class='ocrx_word' id='word_1_111' title='bbox 434 1445 686 1502; x_wconf 79' lang='lat' dir='ltr'><strong>inferior.</strong></span> <span class='ocrx_word' id='word_1_112' title='bbox 735 1446 803 1501; x_wconf 90' lang='lat' dir='ltr'><strong>Et</strong></span> <span class='ocrx_word' id='word_1_113' title='bbox 836 1447 891 1501; x_wconf 90' lang='lat' dir='ltr'><strong>in</strong></span> <span class='ocrx_word' id='word_1_114' title='bbox 929 1446 1195 1519; x_wconf 91' lang='lat' dir='ltr'><strong>Spiritum</strong></span> <span class='ocrx_word' id='word_1_115' title='bbox 1229 1460 1506 1515; x_wconf 89' lang='lat' dir='ltr'><strong>sanctum,</strong></span> <span class='ocrx_word' id='word_1_116' title='bbox 1543 1448 1638 1518; x_wconf 92' lang='lat' dir='ltr'><strong>qui</strong></span> <span class='ocrx_word' id='word_1_117' title='bbox 1690 1462 1721 1501; x_wconf 91' lang='lat' dir='ltr'><strong>a</strong></span> <span class='ocrx_word' id='word_1_118' title='bbox 1763 1446 1904 1502; x_wconf 91' lang='lat' dir='ltr'><strong>Filio</strong></span> <span class='ocrx_word' id='word_1_119' title='bbox 1943 1448 2027 1501; x_wconf 82' lang='lat' dir='ltr'><strong>fa—</strong></span> 
     </span>
    </p>
   </div>
   <div class='ocr_carea' id='block_1_18' title="bbox 435 1538 1319 1612">
    <p class='ocr_par' dir='ltr' id='par_1_18' title="bbox 435 1538 1319 1612">
     <span class='ocr_line' id='line_1_18' title="bbox 435 1538 1319 1612; baseline 0.003 -19"><span class='ocrx_word' id='word_1_120' title='bbox 435 1546 559 1594; x_wconf 87' lang='lat' dir='ltr'><strong>ctus</strong></span> <span class='ocrx_word' id='word_1_121' title='bbox 587 1544 694 1595; x_wconf 85' lang='lat' dir='ltr'><strong>est.</strong></span> <span class='ocrx_word' id='word_1_122' title='bbox 725 1538 805 1594; x_wconf 86' lang='lat' dir='ltr'><strong>En</strong></span> <span class='ocrx_word' id='word_1_123' title='bbox 836 1556 958 1610; x_wconf 72' lang='lat' dir='ltr'><strong>qua:</strong></span> <span class='ocrx_word' id='word_1_124' title='bbox 986 1556 1087 1612; x_wconf 85' lang='lat' dir='ltr'><strong>ego</strong></span> <span class='ocrx_word' id='word_1_125' title='bbox 1119 1541 1319 1596; x_wconf 89' lang='lat' dir='ltr'><strong>sentio.</strong></span> 
     </span>
    </p>
   </div>
   <div class='ocr_carea' id='block_1_19' title="bbox 509 1697 2098 1790">
    <p class='ocr_par' dir='ltr' id='par_1_19' title="bbox 509 1697 2098 1790">
     <span class='ocr_line' id='line_1_19' title="bbox 509 1697 2098 1790; baseline 0.001 -18"><span class='ocrx_word' id='word_1_126' title='bbox 509 1719 560 1772; x_wconf 92' lang='lat'><strong>7.</strong></span> <span class='ocrx_word' id='word_1_127' title='bbox 602 1718 730 1775; x_wconf 80' lang='lat' dir='ltr'><strong>Ath.</strong></span> <span class='ocrx_word' id='word_1_128' title='bbox 771 1717 893 1774; x_wconf 87' lang='lat' dir='ltr'><strong>Jam</strong></span> <span class='ocrx_word' id='word_1_129' title='bbox 940 1733 1066 1773; x_wconf 90' lang='lat' dir='ltr'><strong>cum</strong></span> <span class='ocrx_word' id='word_1_130' title='bbox 1117 1717 1267 1774; x_wconf 89' lang='lat' dir='ltr'><strong>omni</strong></span> <span class='ocrx_word' id='word_1_131' title='bbox 1310 1724 1429 1773; x_wconf 90' lang='lat' dir='ltr'><strong>arte</strong></span> <span class='ocrx_word' id='word_1_132' title='bbox 1462 1715 1647 1773; x_wconf 91' lang='lat' dir='ltr'><strong>ordire</strong></span> <span class='ocrx_word' id='word_1_133' title='bbox 1693 1717 2024 1790; x_wconf 89' lang='lat' dir='ltr'><strong>disputatio-</strong></span> <span class='ocrx_word' id='word_1_134' title='bbox 2052 1697 2098 1755; x_wconf 73' lang='grc' dir='ltr'><strong><em>Β</em></strong></span> 
     </span>
    </p>
   </div>
   <div class='ocr_carea' id='block_1_20' title="bbox 433 1811 2023 1883">
    <p class='ocr_par' dir='ltr' id='par_1_20' title="bbox 433 1811 2023 1883">
     <span class='ocr_line' id='line_1_20' title="bbox 433 1811 2023 1883; baseline -0.001 -16"><span class='ocrx_word' id='word_1_135' title='bbox 433 1827 582 1867; x_wconf 88' lang='lat' dir='ltr'><strong>nem.</strong></span> <span class='ocrx_word' id='word_1_136' title='bbox 618 1812 787 1869; x_wconf 86' lang='lat' dir='ltr'><strong>Video</strong></span> <span class='ocrx_word' id='word_1_137' title='bbox 819 1813 965 1868; x_wconf 90' lang='lat' dir='ltr'><strong>enim</strong></span> <span class='ocrx_word' id='word_1_138' title='bbox 998 1819 1052 1867; x_wconf 91' lang='lat' dir='ltr'><strong>te</strong></span> <span class='ocrx_word' id='word_1_139' title='bbox 1088 1811 1306 1882; x_wconf 82' lang='lat' dir='ltr'><strong>magnis</strong></span> <span class='ocrx_word' id='word_1_140' title='bbox 1341 1812 1505 1867; x_wconf 90' lang='lat' dir='ltr'><strong>malis</strong></span> <span class='ocrx_word' id='word_1_141' title='bbox 1540 1811 1776 1866; x_wconf 89' lang='lat' dir='ltr'><strong>detineri</strong></span> <span class='ocrx_word' id='word_1_142' title='bbox 1805 1831 1819 1867; x_wconf 91' lang='lat'><strong>:</strong></span> <span class='ocrx_word' id='word_1_143' title='bbox 1845 1827 2023 1883; x_wconf 87' lang='lat' dir='ltr'><strong>quan—</strong></span> 
     </span>
    </p>
   </div>
   <div class='ocr_carea' id='block_1_21' title="bbox 427 1904 2020 1975">
    <p class='ocr_par' dir='ltr' id='par_1_21' title="bbox 427 1904 2020 1975">
     <span class='ocr_line' id='line_1_21' title="bbox 427 1904 2020 1975; baseline 0 -17"><span class='ocrx_word' id='word_1_144' title='bbox 427 1919 599 1975; x_wconf 87' lang='lat' dir='ltr'><strong>quam</strong></span> <span class='ocrx_word' id='word_1_145' title='bbox 662 1912 722 1959; x_wconf 88' lang='lat' dir='ltr'><strong>tu</strong></span> <span class='ocrx_word' id='word_1_146' title='bbox 764 1920 904 1969; x_wconf 90' lang='lat' dir='ltr'><strong>nos,</strong></span> <span class='ocrx_word' id='word_1_147' title='bbox 946 1905 1065 1974; x_wconf 91' lang='lat' dir='ltr'><strong>ipse</strong></span> <span class='ocrx_word' id='word_1_148' title='bbox 1111 1918 1409 1974; x_wconf 80' lang='lat' dir='ltr'><strong>aggressus</strong></span> <span class='ocrx_word' id='word_1_149' title='bbox 1464 1919 1591 1958; x_wconf 89' lang='lat' dir='ltr'><strong>reos</strong></span> <span class='ocrx_word' id='word_1_150' title='bbox 1648 1919 1772 1959; x_wconf 85' lang='lat' dir='ltr'><strong>esse</strong></span> <span class='ocrx_word' id='word_1_151' title='bbox 1817 1904 2020 1968; x_wconf 83' lang='lat' dir='ltr'><strong>velles,</strong></span> 
     </span>
    </p>
   </div>
   <div class='ocr_carea' id='block_1_22' title="bbox 433 1994 2024 2071">
    <p class='ocr_par' dir='ltr' id='par_1_22' title="bbox 433 1994 2024 2071">
     <span class='ocr_line' id='line_1_22' title="bbox 433 1994 2024 2071; baseline -0.001 -19"><span class='ocrx_word' id='word_1_152' title='bbox 433 1997 593 2071; x_wconf 89' lang='lat' dir='ltr'><strong>quasi</strong></span> <span class='ocrx_word' id='word_1_153' title='bbox 621 2012 729 2052; x_wconf 89' lang='lat' dir='ltr'><strong>non</strong></span> <span class='ocrx_word' id='word_1_154' title='bbox 761 2003 912 2051; x_wconf 89' lang='lat' dir='ltr'><strong>recte</strong></span> <span class='ocrx_word' id='word_1_155' title='bbox 939 1996 1008 2051; x_wconf 91' lang='lat' dir='ltr'><strong>de</strong></span> <span class='ocrx_word' id='word_1_156' title='bbox 1028 1996 1209 2062; x_wconf 76' lang='lat' dir='ltr'><strong>Patre,</strong></span> <span class='ocrx_word' id='word_1_157' title='bbox 1234 2003 1288 2051; x_wconf 88' lang='lat' dir='ltr'><strong>et</strong></span> <span class='ocrx_word' id='word_1_158' title='bbox 1315 1994 1478 2061; x_wconf 88' lang='lat' dir='ltr'><strong>Filio,</strong></span> <span class='ocrx_word' id='word_1_159' title='bbox 1503 2004 1559 2050; x_wconf 90' lang='lat' dir='ltr'><strong>et</strong></span> <span class='ocrx_word' id='word_1_160' title='bbox 1590 1995 1800 2067; x_wconf 86' lang='lat' dir='ltr'><strong>Spiritu</strong></span> <span class='ocrx_word' id='word_1_161' title='bbox 1831 2005 2024 2052; x_wconf 85' lang='lat' dir='ltr'><strong>sancto</strong></span> 
     </span>
    </p>
   </div>
   <div class='ocr_carea' id='block_1_23' title="bbox 434 2088 2025 2160">
    <p class='ocr_par' dir='ltr' id='par_1_23' title="bbox 434 2088 2025 2160">
     <span class='ocr_line' id='line_1_23' title="bbox 434 2088 2025 2160; baseline -0.003 -13"><span class='ocrx_word' id='word_1_162' title='bbox 434 2092 790 2147; x_wconf 89' lang='lat' dir='ltr'><strong>sentiremus.</strong></span> <span class='ocrx_word' id='word_1_163' title='bbox 835 2091 935 2143; x_wconf 87' lang='lat' dir='ltr'><strong>Ar.</strong></span> <span class='ocrx_word' id='word_1_164' title='bbox 970 2088 1259 2154; x_wconf 86' lang='lat' dir='ltr'><strong>Quomodo</strong></span> <span class='ocrx_word' id='word_1_165' title='bbox 1290 2088 1431 2144; x_wconf 90' lang='lat' dir='ltr'><strong>dicis</strong></span> <span class='ocrx_word' id='word_1_166' title='bbox 1461 2088 1632 2143; x_wconf 93' lang='lat' dir='ltr'><strong>Deum</strong></span> <span class='ocrx_word' id='word_1_167' title='bbox 1675 2105 1892 2160; x_wconf 90' lang='lat' dir='ltr'><strong>semper</strong></span> <span class='ocrx_word' id='word_1_168' title='bbox 1920 2088 2025 2142; x_wconf 55' lang='lat' dir='ltr'><strong>Pav</strong></span> 
     </span>
    </p>
   </div>
   <div class='ocr_carea' id='block_1_24' title="bbox 429 2176 2025 2251">
    <p class='ocr_par' dir='ltr' id='par_1_24' title="bbox 429 2176 2025 2251">
     <span class='ocr_line' id='line_1_24' title="bbox 429 2176 2025 2251; baseline -0.002 -16"><span class='ocrx_word' id='word_1_169' title='bbox 429 2188 598 2245; x_wconf 90' lang='lat' dir='ltr'><strong>trem,</strong></span> <span class='ocrx_word' id='word_1_170' title='bbox 642 2181 738 2251; x_wconf 88' lang='lat' dir='ltr'><strong>qui</strong></span> <span class='ocrx_word' id='word_1_171' title='bbox 791 2195 915 2234; x_wconf 92' lang='lat' dir='ltr'><strong>cum</strong></span> <span class='ocrx_word' id='word_1_172' title='bbox 958 2179 1111 2234; x_wconf 91' lang='lat' dir='ltr'><strong>solus</strong></span> <span class='ocrx_word' id='word_1_173' title='bbox 1165 2188 1315 2234; x_wconf 85' lang='lat' dir='ltr'><strong>esset</strong></span> <span class='ocrx_word' id='word_1_174' title='bbox 1377 2176 1541 2244; x_wconf 88' lang='lat' dir='ltr'><strong>Deus,</strong></span> <span class='ocrx_word' id='word_1_175' title='bbox 1595 2193 1696 2234; x_wconf 85' lang='lat' dir='ltr'><strong>sua</strong></span> <span class='ocrx_word' id='word_1_176' title='bbox 1743 2181 2025 2234; x_wconf 89' lang='lat' dir='ltr'><strong>voluntate</strong></span> 
     </span>
    </p>
   </div>
   <div class='ocr_carea' id='block_1_25' title="bbox 428 2270 2026 2341">
    <p class='ocr_par' dir='ltr' id='par_1_25' title="bbox 428 2270 2026 2341">
     <span class='ocr_line' id='line_1_25' title="bbox 428 2270 2026 2341; baseline -0.001 -14"><span class='ocrx_word' id='word_1_177' title='bbox 428 2272 639 2328; x_wconf 83' lang='lat' dir='ltr'><strong>creavit</strong></span> <span class='ocrx_word' id='word_1_178' title='bbox 658 2270 857 2326; x_wconf 88' lang='lat' dir='ltr'><strong>Filium</strong></span> <span class='ocrx_word' id='word_1_179' title='bbox 893 2286 1077 2341; x_wconf 87' lang='lat' dir='ltr'><strong>suum,</strong></span> <span class='ocrx_word' id='word_1_180' title='bbox 1104 2271 1570 2341; x_wconf 86' lang='lat' dir='ltr'><strong>quemadmodum</strong></span> <span class='ocrx_word' id='word_1_181' title='bbox 1606 2272 1872 2341; x_wconf 91' lang='lat' dir='ltr'><strong>scriptum</strong></span> <span class='ocrx_word' id='word_1_182' title='bbox 1905 2272 2026 2325; x_wconf 89' lang='lat' dir='ltr'><strong>est?</strong></span> 
     </span>
    </p>
   </div>
   <div class='ocr_carea' id='block_1_26' title="bbox 431 2363 2020 2436">
    <p class='ocr_par' dir='ltr' id='par_1_26' title="bbox 431 2363 2020 2436">
     <span class='ocr_line' id='line_1_26' title="bbox 431 2363 2020 2436; baseline 0.001 -17"><span class='ocrx_word' id='word_1_183' title='bbox 431 2365 559 2420; x_wconf 72' lang='lat' dir='ltr'><strong>Atla.</strong></span> <span class='ocrx_word' id='word_1_184' title='bbox 591 2363 828 2420; x_wconf 89' lang='lat' dir='ltr'><strong>Ubinam</strong></span> <span class='ocrx_word' id='word_1_185' title='bbox 860 2365 1132 2436; x_wconf 91' lang='lat' dir='ltr'><strong>scriptum</strong></span> <span class='ocrx_word' id='word_1_186' title='bbox 1159 2374 1243 2420; x_wconf 88' lang='lat' dir='ltr'><strong>est</strong></span> <span class='ocrx_word' id='word_1_187' title='bbox 1271 2366 1450 2420; x_wconf 91' lang='lat' dir='ltr'><strong>solum</strong></span> <span class='ocrx_word' id='word_1_188' title='bbox 1483 2380 1608 2421; x_wconf 90' lang='lat' dir='ltr'><strong>esse</strong></span> <span class='ocrx_word' id='word_1_189' title='bbox 1634 2365 1889 2420; x_wconf 86' lang='lat' dir='ltr'><strong>Patrem?</strong></span> <span class='ocrx_word' id='word_1_190' title='bbox 1926 2367 2020 2420; x_wconf 81' lang='lat' dir='ltr'><strong>Ar.</strong></span> 
     </span>
    </p>
   </div>
   <div class='ocr_carea' id='block_1_27' title="bbox 432 2456 2024 2528">
    <p class='ocr_par' dir='ltr' id='par_1_27' title="bbox 432 2456 2024 2528">
     <span class='ocr_line' id='line_1_27' title="bbox 432 2456 2024 2528; baseline 0.001 -17"><span class='ocrx_word' id='word_1_191' title='bbox 432 2457 589 2528; x_wconf 82' lang='lat' dir='ltr'><strong>Apud</strong></span> <span class='ocrx_word' id='word_1_192' title='bbox 626 2456 856 2511; x_wconf 91' lang='lat' dir='ltr'><strong>Paulum</strong></span> <span class='ocrx_word' id='word_1_193' title='bbox 897 2459 1211 2526; x_wconf 89' lang='lat' dir='ltr'><strong>apostolum</strong></span> <span class='ocrx_word' id='word_1_194' title='bbox 1256 2460 1331 2512; x_wconf 86' lang='lat' dir='ltr'><strong>ita</strong></span> <span class='ocrx_word' id='word_1_195' title='bbox 1381 2459 1716 2514; x_wconf 90' lang='lat' dir='ltr'><strong>scribentem</strong></span> <span class='ocrx_word' id='word_1_196' title='bbox 1760 2477 1824 2514; x_wconf 76' lang='grc' dir='ltr'><strong>ε(</strong></span> <span class='ocrx_word' id='word_1_197' title='bbox 1853 2456 2024 2514; x_wconf 86' lang='lat' dir='ltr'><strong>Nobis</strong></span> 
     </span>
    </p>
   </div>
   <div class='ocr_carea' id='block_1_28' title="bbox 429 2545 2025 2617">
    <p class='ocr_par' dir='ltr' id='par_1_28' title="bbox 429 2545 2025 2617">
     <span class='ocr_line' id='line_1_28' title="bbox 429 2545 2025 2617; baseline -0.003 -13"><span class='ocrx_word' id='word_1_198' title='bbox 429 2563 562 2604; x_wconf 82' lang='lat' dir='ltr'><strong>vero</strong></span> <span class='ocrx_word' id='word_1_199' title='bbox 602 2564 747 2604; x_wconf 92' lang='lat' dir='ltr'><strong>unus</strong></span> <span class='ocrx_word' id='word_1_200' title='bbox 781 2546 925 2602; x_wconf 90' lang='lat' dir='ltr'><strong>Deus</strong></span> <span class='ocrx_word' id='word_1_201' title='bbox 958 2563 1025 2602; x_wconf 73' lang='lat' dir='ltr'><strong>ex</strong></span> <span class='ocrx_word' id='word_1_202' title='bbox 1052 2563 1163 2617; x_wconf 87' lang='lat' dir='ltr'><strong>quo</strong></span> <span class='ocrx_word' id='word_1_203' title='bbox 1190 2549 1373 2602; x_wconf 90' lang='lat' dir='ltr'><strong>omnia</strong></span> <span class='ocrx_word' id='word_1_204' title='bbox 1404 2547 1474 2603; x_wconf 84' lang='grc'><strong>²⁰.</strong></span> <span class='ocrx_word' id='word_1_205' title='bbox 1510 2567 1528 2599; x_wconf 83' lang='grc'>›</span> <span class='ocrx_word' id='word_1_206' title='bbox 1568 2547 1694 2599; x_wconf 75' lang='lat' dir='ltr'><strong>Alli.</strong></span> <span class='ocrx_word' id='word_1_207' title='bbox 1723 2545 1865 2616; x_wconf 89' lang='lat' dir='ltr'><strong>Lege</strong></span> <span class='ocrx_word' id='word_1_208' title='bbox 1903 2562 2025 2616; x_wconf 56' lang='lat' dir='ltr'><strong>qua!</strong></span> 
     </span>
    </p>
   </div>
   <div class='ocr_carea' id='block_1_29' title="bbox 430 2637 2020 2710">
    <p class='ocr_par' dir='ltr' id='par_1_29' title="bbox 430 2637 2020 2710">
     <span class='ocr_line' id='line_1_29' title="bbox 430 2637 2020 2710; baseline -0.002 -15"><span class='ocrx_word' id='word_1_209' title='bbox 430 2647 742 2710; x_wconf 87' lang='lat' dir='ltr'><strong>sequuntur</strong></span> <span class='ocrx_word' id='word_1_210' title='bbox 758 2638 1009 2709; x_wconf 82' lang='lat' dir='ltr'><strong>Apostoli</strong></span> <span class='ocrx_word' id='word_1_211' title='bbox 1047 2640 1211 2695; x_wconf 73' lang='lat' dir='ltr'><strong>verba</strong></span> <span class='ocrx_word' id='word_1_212' title='bbox 1238 2658 1252 2693; x_wconf 91' lang='lat'><strong>:</strong></span> <span class='ocrx_word' id='word_1_213' title='bbox 1280 2640 1356 2693; x_wconf 89' lang='lat' dir='ltr'><strong>ait</strong></span> <span class='ocrx_word' id='word_1_214' title='bbox 1380 2641 1547 2703; x_wconf 86' lang='lat' dir='ltr'><strong>enim,</strong></span> <span class='ocrx_word' id='word_1_215' title='bbox 1591 2656 1610 2689; x_wconf 88' lang='grc'>‹</span> <span class='ocrx_word' id='word_1_216' title='bbox 1645 2637 1710 2691; x_wconf 83' lang='grc' dir='ltr'><strong>Ει</strong></span> <span class='ocrx_word' id='word_1_217' title='bbox 1737 2654 1878 2693; x_wconf 91' lang='lat' dir='ltr'><strong>unus</strong></span> <span class='ocrx_word' id='word_1_218' title='bbox 1912 2637 2020 2692; x_wconf 92' lang='lat' dir='ltr'><strong>Do-</strong></span> 
     </span>
    </p>
   </div>
   <div class='ocr_carea' id='block_1_30' title="bbox 431 2729 2021 2801">
    <p class='ocr_par' dir='ltr' id='par_1_30' title="bbox 431 2729 2021 2801">
     <span class='ocr_line' id='line_1_30' title="bbox 431 2729 2021 2801; baseline -0.002 -15"><span class='ocrx_word' id='word_1_219' title='bbox 431 2731 616 2786; x_wconf 92' lang='lat' dir='ltr'><strong>minus</strong></span> <span class='ocrx_word' id='word_1_220' title='bbox 653 2729 814 2787; x_wconf 84' lang='lat' dir='ltr'><strong>Jesus</strong></span> <span class='ocrx_word' id='word_1_221' title='bbox 843 2731 1124 2795; x_wconf 85' lang='lat' dir='ltr'><strong>Christus,</strong></span> <span class='ocrx_word' id='word_1_222' title='bbox 1161 2746 1257 2800; x_wconf 86' lang='lat' dir='ltr'><strong>per</strong></span> <span class='ocrx_word' id='word_1_223' title='bbox 1296 2747 1461 2801; x_wconf 86' lang='lat' dir='ltr'><strong>quem</strong></span> <span class='ocrx_word' id='word_1_224' title='bbox 1493 2729 1701 2785; x_wconf 90' lang='lat' dir='ltr'><strong>omnia.</strong></span> <span class='ocrx_word' id='word_1_225' title='bbox 1737 2749 1755 2782; x_wconf 83' lang='grc'>›</span> <span class='ocrx_word' id='word_1_226' title='bbox 1798 2732 1894 2783; x_wconf 88' lang='lat' dir='ltr'><strong>Ar.</strong></span> <span class='ocrx_word' id='word_1_227' title='bbox 1931 2729 2021 2783; x_wconf 88' lang='lat' dir='ltr'><strong>Vi-</strong></span> 
     </span>
    </p>
   </div>
   <div class='ocr_carea' id='block_1_31' title="bbox 427 2822 2020 2891">
    <p class='ocr_par' dir='ltr' id='par_1_31' title="bbox 427 2822 2020 2891">
     <span class='ocr_line' id='line_1_31' title="bbox 427 2822 2020 2891; baseline -0.002 -13"><span class='ocrx_word' id='word_1_228' title='bbox 427 2823 528 2878; x_wconf 89' lang='lat' dir='ltr'><strong>des</strong></span> <span class='ocrx_word' id='word_1_229' title='bbox 557 2822 760 2878; x_wconf 90' lang='lat' dir='ltr'><strong>Filium</strong></span> <span class='ocrx_word' id='word_1_230' title='bbox 804 2822 1142 2889; x_wconf 88' lang='lat' dir='ltr'><strong>ministrum,</strong></span> <span class='ocrx_word' id='word_1_231' title='bbox 1180 2838 1290 2877; x_wconf 91' lang='lat' dir='ltr'><strong>non</strong></span> <span class='ocrx_word' id='word_1_232' title='bbox 1335 2831 1516 2876; x_wconf 85' lang='lat' dir='ltr'><strong>autem</strong></span> <span class='ocrx_word' id='word_1_233' title='bbox 1558 2837 1656 2891; x_wconf 90' lang='lat' dir='ltr'><strong>per</strong></span> <span class='ocrx_word' id='word_1_234' title='bbox 1687 2838 1745 2876; x_wconf 91' lang='lat' dir='ltr'><strong>se</strong></span> <span class='ocrx_word' id='word_1_235' title='bbox 1773 2822 2020 2891; x_wconf 82' lang='lat' dir='ltr'><strong>Opiﬁcem</strong></span> 
     </span>
    </p>
   </div>
   <div class='ocr_carea' id='block_1_32' title="bbox 429 2912 2019 2985">
    <p class='ocr_par' dir='ltr' id='par_1_32' title="bbox 429 2912 2019 2985">
     <span class='ocr_line' id='line_1_32' title="bbox 429 2912 2019 2985; baseline -0.001 -16"><span class='ocrx_word' id='word_1_236' title='bbox 429 2929 576 2978; x_wconf 89' lang='lat' dir='ltr'><strong>csse,</strong></span> <span class='ocrx_word' id='word_1_237' title='bbox 609 2922 670 2968; x_wconf 92' lang='lat' dir='ltr'><strong>ut</strong></span> <span class='ocrx_word' id='word_1_238' title='bbox 702 2916 820 2985; x_wconf 86' lang='lat' dir='ltr'><strong>ipse</strong></span> <span class='ocrx_word' id='word_1_239' title='bbox 850 2914 917 2969; x_wconf 89' lang='lat' dir='ltr'><strong>de</strong></span> <span class='ocrx_word' id='word_1_240' title='bbox 947 2928 1007 2968; x_wconf 89' lang='lat' dir='ltr'><strong>se</strong></span> <span class='ocrx_word' id='word_1_241' title='bbox 1046 2914 1123 2966; x_wconf 86' lang='lat' dir='ltr'><strong>ait</strong></span> <span class='ocrx_word' id='word_1_242' title='bbox 1151 2933 1163 2967; x_wconf 92' lang='lat'>:</span> <span class='ocrx_word' id='word_1_243' title='bbox 1198 2932 1217 2963; x_wconf 78' lang='grc' dir='ltr'><strong><em>σ</em></strong></span> <span class='ocrx_word' id='word_1_244' title='bbox 1251 2912 1369 2968; x_wconf 85' lang='lat' dir='ltr'><strong>Nisi</strong></span> <span class='ocrx_word' id='word_1_245' title='bbox 1406 2914 1539 2984; x_wconf 84' lang='lat' dir='ltr'><strong>quid</strong></span> <span class='ocrx_word' id='word_1_246' title='bbox 1564 2913 1763 2968; x_wconf 86' lang='lat' dir='ltr'><strong>viderit</strong></span> <span class='ocrx_word' id='word_1_247' title='bbox 1802 2912 2019 2969; x_wconf 80' lang='lat' dir='ltr'><strong>Patrem</strong></span> 
     </span>
    </p>
   </div>
   <div class='ocr_carea' id='block_1_33' title="bbox 2130 436 3721 507">
    <p class='ocr_par' dir='ltr' id='par_1_33' title="bbox 2130 436 3721 507">
     <span class='ocr_line' id='line_1_33' title="bbox 2130 436 3721 507; baseline 0.003 -18"><span class='ocrx_word' id='word_1_248' title='bbox 2130 436 2213 491; x_wconf 82' lang='grc' dir='ltr'><strong>ὅτι</strong></span> <span class='ocrx_word' id='word_1_249' title='bbox 2274 436 2334 490; x_wconf 78' lang='grc' dir='ltr'>οὐ</span> <span class='ocrx_word' id='word_1_250' title='bbox 2392 436 2708 507; x_wconf 79' lang='grc' dir='ltr'><strong>περιέχεται</strong></span> <span class='ocrx_word' id='word_1_251' title='bbox 2773 436 2865 489; x_wconf 87' lang='grc' dir='ltr'><strong>ὑπ’</strong></span> <span class='ocrx_word' id='word_1_252' title='bbox 2920 436 3137 501; x_wconf 84' lang='grc' dir='ltr'><strong>οὐδενὸς</strong></span> <span class='ocrx_word' id='word_1_253' title='bbox 3178 440 3207 491; x_wconf 98' lang='lat'><strong>6</strong></span> <span class='ocrx_word' id='word_1_254' title='bbox 3247 437 3376 501; x_wconf 85' lang='grc' dir='ltr'><strong>Υἱὸς</strong></span> <span class='ocrx_word' id='word_1_255' title='bbox 3415 440 3509 493; x_wconf 90' lang='grc' dir='ltr'><strong>τοῦ</strong></span> <span class='ocrx_word' id='word_1_256' title='bbox 3546 441 3721 505; x_wconf 80' lang='grc' dir='ltr'><strong>Θεοῦ,</strong></span> 
     </span>
    </p>
   </div>
   <div class='ocr_carea' id='block_1_34' title="bbox 2130 528 3727 601">
    <p class='ocr_par' dir='ltr' id='par_1_34' title="bbox 2130 528 3727 601">
     <span class='ocr_line' id='line_1_34' title="bbox 2130 528 3727 601; baseline 0.002 -19"><span class='ocrx_word' id='word_1_257' title='bbox 2130 528 2384 600; x_wconf 83' lang='grc' dir='ltr'><strong>καθάπερ</strong></span> <span class='ocrx_word' id='word_1_258' title='bbox 2443 529 2536 582; x_wconf 89' lang='lat' dir='ltr'><strong>xui</strong></span> <span class='ocrx_word' id='word_1_259' title='bbox 2589 531 2618 582; x_wconf 87' lang='lat'><strong>6</strong></span> <span class='ocrx_word' id='word_1_260' title='bbox 2659 529 2793 592; x_wconf 86' lang='grc' dir='ltr'><strong>Θεὸς</strong></span> <span class='ocrx_word' id='word_1_261' title='bbox 2839 529 2868 581; x_wconf 87' lang='grc' dir='ltr'>ὁ</span> <span class='ocrx_word' id='word_1_262' title='bbox 2924 529 3116 601; x_wconf 82' lang='grc' dir='ltr'><strong>Πατὴρ</strong></span> <span class='ocrx_word' id='word_1_263' title='bbox 3152 530 3353 583; x_wconf 76' lang='grc' dir='ltr'><strong>αὐτοῦ’</strong></span> <span class='ocrx_word' id='word_1_264' title='bbox 3387 531 3483 584; x_wconf 87' lang='lat' dir='ltr'><strong>xui</strong></span> <span class='ocrx_word' id='word_1_265' title='bbox 3530 533 3610 595; x_wconf 78' lang='grc' dir='ltr'><strong>εἰς</strong></span> <span class='ocrx_word' id='word_1_266' title='bbox 3660 534 3727 586; x_wconf 86' lang='grc' dir='ltr'><strong>τὸ</strong></span> 
     </span>
    </p>
   </div>
   <div class='ocr_carea' id='block_1_35' title="bbox 2129 621 3726 694">
    <p class='ocr_par' dir='ltr' id='par_1_35' title="bbox 2129 621 3726 694">
     <span class='ocr_line' id='line_1_35' title="bbox 2129 621 3726 694; baseline 0.002 -18"><span class='ocrx_word' id='word_1_267' title='bbox 2129 621 2355 693; x_wconf 82' lang='grc' dir='ltr'><strong>Πνεῦμα</strong></span> <span class='ocrx_word' id='word_1_268' title='bbox 2389 622 2452 674; x_wconf 90' lang='grc' dir='ltr'><strong>τὸ</strong></span> <span class='ocrx_word' id='word_1_269' title='bbox 2482 621 2659 690; x_wconf 77' lang='grc' dir='ltr'><strong>ἅγιον,</strong></span> <span class='ocrx_word' id='word_1_270' title='bbox 2683 623 2766 675; x_wconf 84' lang='grc' dir='ltr'><strong>ὅτι</strong></span> <span class='ocrx_word' id='word_1_271' title='bbox 2796 622 2897 694; x_wconf 84' lang='grc' dir='ltr'><strong>τῆς</strong></span> <span class='ocrx_word' id='word_1_272' title='bbox 2931 621 3027 676; x_wconf 89' lang='grc' dir='ltr'><strong>τοῦ</strong></span> <span class='ocrx_word' id='word_1_273' title='bbox 3056 624 3271 694; x_wconf 87' lang='grc' dir='ltr'><strong>Πατρός</strong></span> <span class='ocrx_word' id='word_1_274' title='bbox 3300 624 3409 693; x_wconf 84' lang='grc'>(61)</span> <span class='ocrx_word' id='word_1_275' title='bbox 3447 625 3597 678; x_wconf 76' lang='grc' dir='ltr'><strong>ἐστιν</strong></span> <span class='ocrx_word' id='word_1_276' title='bbox 3636 627 3726 679; x_wconf 85' lang='grc' dir='ltr'><strong>ού-</strong></span> 
     </span>
    </p>
   </div>
   <div class='ocr_carea' id='block_1_36' title="bbox 2131 712 3724 787">
    <p class='ocr_par' dir='ltr' id='par_1_36' title="bbox 2131 712 3724 787">
     <span class='ocr_line' id='line_1_36' title="bbox 2131 712 3724 787; baseline 0.002 -21"><span class='ocrx_word' id='word_1_277' title='bbox 2131 713 2272 778; x_wconf 88' lang='grc' dir='ltr'><strong>σίας,</strong></span> <span class='ocrx_word' id='word_1_278' title='bbox 2313 715 2410 767; x_wconf 78' lang='grc' dir='ltr'><strong>καὶ</strong></span> <span class='ocrx_word' id='word_1_279' title='bbox 2446 713 2716 766; x_wconf 73' lang='grc' dir='ltr'><strong>συναϊδιον</strong></span> <span class='ocrx_word' id='word_1_280' title='bbox 2742 712 2821 783; x_wconf 84' lang='grc' dir='ltr'><strong>τῷ</strong></span> <span class='ocrx_word' id='word_1_281' title='bbox 2865 715 3044 786; x_wconf 77' lang='grc' dir='ltr'><strong>Πατρὶ</strong></span> <span class='ocrx_word' id='word_1_282' title='bbox 3076 714 3171 768; x_wconf 86' lang='lat' dir='ltr'><strong>xui</strong></span> <span class='ocrx_word' id='word_1_283' title='bbox 3201 714 3279 786; x_wconf 82' lang='grc' dir='ltr'><strong>τῷ</strong></span> <span class='ocrx_word' id='word_1_284' title='bbox 3316 715 3432 787; x_wconf 82' lang='grc' dir='ltr'><strong>Υἱῷ</strong></span> <span class='ocrx_word' id='word_1_285' title='bbox 3461 716 3724 787; x_wconf 80' lang='grc' dir='ltr'><strong>τυγχάνει</strong></span> 
     </span>
    </p>
   </div>
   <div class='ocr_carea' id='block_1_37' title="bbox 2126 805 3721 881">
    <p class='ocr_par' dir='ltr' id='par_1_37' title="bbox 2126 805 3721 881">
     <span class='ocr_line' id='line_1_37' title="bbox 2126 805 3721 881; baseline 0.004 -24"><span class='ocrx_word' id='word_1_286' title='bbox 2126 805 2190 858; x_wconf 84' lang='grc' dir='ltr'><strong>τὸ</strong></span> <span class='ocrx_word' id='word_1_287' title='bbox 2210 806 2362 875; x_wconf 83' lang='grc' dir='ltr'><strong>ἆγιον</strong></span> <span class='ocrx_word' id='word_1_288' title='bbox 2382 806 2625 877; x_wconf 86' lang='grc' dir='ltr'><strong>Πνεῦμα.</strong></span> <span class='ocrx_word' id='word_1_289' title='bbox 2646 807 2751 860; x_wconf 90' lang='grc' dir='ltr'><strong>Τὸν</strong></span> <span class='ocrx_word' id='word_1_290' title='bbox 2773 807 2947 876; x_wconf 82' lang='grc' dir='ltr'>Λόγον</span> <span class='ocrx_word' id='word_1_291' title='bbox 2970 824 3043 879; x_wconf 85' lang='grc' dir='ltr'><strong>φη</strong></span> <span class='ocrx_word' id='word_1_292' title='bbox 3055 808 3115 879; x_wconf 74' lang='grc' dir='ltr'><strong>μὶ</strong></span> <span class='ocrx_word' id='word_1_293' title='bbox 3131 809 3189 861; x_wconf 80' lang='grc' dir='ltr'><strong>ἐν</strong></span> <span class='ocrx_word' id='word_1_294' title='bbox 3212 809 3380 881; x_wconf 70' lang='grc' dir='ltr'><strong>σαρκὶ</strong></span> <span class='ocrx_word' id='word_1_295' title='bbox 3412 810 3721 878; x_wconf 75' lang='grc' dir='ltr'><strong>γεγονέναι.</strong></span> 
     </span>
    </p>
   </div>
   <div class='ocr_carea' id='block_1_38' title="bbox 2198 894 3723 970">
    <p class='ocr_par' dir='ltr' id='par_1_38' title="bbox 2198 894 3723 970">
     <span class='ocr_line' id='line_1_38' title="bbox 2198 894 3723 970; baseline 0.004 -19"><span class='ocrx_word' id='word_1_296' title='bbox 2198 897 2253 952; x_wconf 88' lang='grc'><strong>6.</strong></span> <span class='ocrx_word' id='word_1_297' title='bbox 2289 900 2417 966; x_wconf 77' lang='grc' dir='ltr'><strong>Ἀρ.</strong></span> <span class='ocrx_word' id='word_1_298' title='bbox 2458 894 2631 951; x_wconf 78' lang='grc' dir='ltr'><strong>εἶπεν·</strong></span> <span class='ocrx_word' id='word_1_299' title='bbox 2667 898 2918 951; x_wconf 82' lang='grc' dir='ltr'><strong>Πιστεύω</strong></span> <span class='ocrx_word' id='word_1_300' title='bbox 2946 899 3104 968; x_wconf 87' lang='grc' dir='ltr'>κάγὼ</span> <span class='ocrx_word' id='word_1_301' title='bbox 3134 903 3214 964; x_wconf 90' lang='grc' dir='ltr'><strong>είς</strong></span> <span class='ocrx_word' id='word_1_302' title='bbox 3236 901 3333 955; x_wconf 75' lang='grc' dir='ltr'><strong>ἕνα</strong></span> <span class='ocrx_word' id='word_1_303' title='bbox 3357 900 3489 955; x_wconf 83' lang='grc' dir='ltr'><strong>Θεὸν</strong></span> <span class='ocrx_word' id='word_1_304' title='bbox 3515 902 3688 956; x_wconf 78' lang='grc' dir='ltr'><strong>ἀΐδιον</strong></span> <span class='ocrx_word' id='word_1_305' title='bbox 3707 946 3723 970; x_wconf 95' lang='grc'><strong>,</strong></span> 
     </span>
    </p>
   </div>
   <div class='ocr_carea' id='block_1_39' title="bbox 2129 988 3720 1062">
    <p class='ocr_par' dir='ltr' id='par_1_39' title="bbox 2129 988 3720 1062">
     <span class='ocr_line' id='line_1_39' title="bbox 2129 988 3720 1062; baseline 0.005 -20"><span class='ocrx_word' id='word_1_306' title='bbox 2129 990 2225 1042; x_wconf 88' lang='lat' dir='ltr'><strong>xui</strong></span> <span class='ocrx_word' id='word_1_307' title='bbox 2252 991 2330 1053; x_wconf 89' lang='grc' dir='ltr'><strong>είς</strong></span> <span class='ocrx_word' id='word_1_308' title='bbox 2358 990 2449 1042; x_wconf 87' lang='grc' dir='ltr'><strong>τὸν</strong></span> <span class='ocrx_word' id='word_1_309' title='bbox 2471 988 2602 1042; x_wconf 87' lang='grc' dir='ltr'><strong>Υἱὸν</strong></span> <span class='ocrx_word' id='word_1_310' title='bbox 2632 988 2820 1053; x_wconf 82' lang='grc' dir='ltr'><strong>αὐτοῦ,</strong></span> <span class='ocrx_word' id='word_1_311' title='bbox 2846 989 2908 1042; x_wconf 83' lang='grc' dir='ltr'><strong>ὃν</strong></span> <span class='ocrx_word' id='word_1_312' title='bbox 2937 992 3045 1062; x_wconf 92' lang='grc' dir='ltr'><strong>πρὸ</strong></span> <span class='ocrx_word' id='word_1_313' title='bbox 3067 990 3178 1044; x_wconf 89' lang='grc' dir='ltr'><strong>τῶν</strong></span> <span class='ocrx_word' id='word_1_314' title='bbox 3205 989 3417 1047; x_wconf 74' lang='grc' dir='ltr'><strong>αἰώνων</strong></span> <span class='ocrx_word' id='word_1_315' title='bbox 3448 992 3667 1048; x_wconf 81' lang='grc' dir='ltr'><strong>ἔκτισεν</strong></span> <span class='ocrx_word' id='word_1_316' title='bbox 3696 998 3720 1050; x_wconf 79' lang='lat'><strong>6</strong></span> 
     </span>
    </p>
   </div>
   <div class='ocr_carea' id='block_1_40' title="bbox 2128 1079 3728 1158">
    <p class='ocr_par' dir='ltr' id='par_1_40' title="bbox 2128 1079 3728 1158">
     <span class='ocr_line' id='line_1_40' title="bbox 2128 1079 3728 1158; baseline 0.005 -26"><span class='ocrx_word' id='word_1_317' title='bbox 2128 1080 2262 1143; x_wconf 81' lang='grc' dir='ltr'><strong>Θεὸς</strong></span> <span class='ocrx_word' id='word_1_318' title='bbox 2292 1079 2427 1152; x_wconf 75' lang='grc'>(62),</span> <span class='ocrx_word' id='word_1_319' title='bbox 2461 1081 2556 1134; x_wconf 88' lang='lat' dir='ltr'><strong>xui</strong></span> <span class='ocrx_word' id='word_1_320' title='bbox 2595 1081 2726 1134; x_wconf 87' lang='grc' dir='ltr'><strong>Υἱὸν</strong></span> <span class='ocrx_word' id='word_1_321' title='bbox 2756 1081 3008 1152; x_wconf 87' lang='grc' dir='ltr'><strong>ἐποίησε.</strong></span> <span class='ocrx_word' id='word_1_322' title='bbox 3054 1083 3165 1136; x_wconf 74' lang='grc' dir='ltr'><strong>Καὶ</strong></span> <span class='ocrx_word' id='word_1_323' title='bbox 3191 1084 3390 1150; x_wconf 87' lang='grc' dir='ltr'><strong>πάντα,</strong></span> <span class='ocrx_word' id='word_1_324' title='bbox 3419 1086 3518 1138; x_wconf 80' lang='grc' dir='ltr'><strong>ὅσα</strong></span> <span class='ocrx_word' id='word_1_325' title='bbox 3557 1085 3674 1158; x_wconf 86' lang='grc' dir='ltr'><strong>ἔχει</strong></span> <span class='ocrx_word' id='word_1_326' title='bbox 3697 1089 3728 1140; x_wconf 87' lang='lat'><strong>6</strong></span> 
     </span>
    </p>
   </div>
   <div class='ocr_carea' id='block_1_41' title="bbox 2130 1172 3728 1247">
    <p class='ocr_par' dir='ltr' id='par_1_41' title="bbox 2130 1172 3728 1247">
     <span class='ocr_line' id='line_1_41' title="bbox 2130 1172 3728 1247; baseline 0.004 -21"><span class='ocrx_word' id='word_1_327' title='bbox 2130 1173 2293 1236; x_wconf 82' lang='grc' dir='ltr'><strong>Υἱὸς,</strong></span> <span class='ocrx_word' id='word_1_328' title='bbox 2329 1173 2402 1245; x_wconf 85' lang='grc' dir='ltr'><strong>μὴ</strong></span> <span class='ocrx_word' id='word_1_329' title='bbox 2434 1172 2572 1244; x_wconf 79' lang='grc' dir='ltr'><strong>ἔχων</strong></span> <span class='ocrx_word' id='word_1_330' title='bbox 2619 1173 2780 1227; x_wconf 81' lang='grc' dir='ltr'><strong>ἔλαϐε</strong></span> <span class='ocrx_word' id='word_1_331' title='bbox 2822 1175 2976 1247; x_wconf 84' lang='grc' dir='ltr'><strong>παρὰ</strong></span> <span class='ocrx_word' id='word_1_332' title='bbox 3024 1175 3118 1229; x_wconf 84' lang='grc' dir='ltr'><strong>τοῦ</strong></span> <span class='ocrx_word' id='word_1_333' title='bbox 3163 1176 3330 1230; x_wconf 87' lang='grc' dir='ltr'><strong>Θεοῦ·</strong></span> <span class='ocrx_word' id='word_1_334' title='bbox 3365 1179 3458 1230; x_wconf 85' lang='lat' dir='ltr'><strong>xui</strong></span> <span class='ocrx_word' id='word_1_335' title='bbox 3503 1179 3586 1231; x_wconf 84' lang='grc' dir='ltr'><strong>ὅτι</strong></span> <span class='ocrx_word' id='word_1_336' title='bbox 3621 1178 3728 1234; x_wconf 78' lang='grc' dir='ltr'><strong>οὐκ</strong></span> 
     </span>
    </p>
   </div>
   <div class='ocr_carea' id='block_1_42' title="bbox 2133 1264 3724 1341">
    <p class='ocr_par' dir='ltr' id='par_1_42' title="bbox 2133 1264 3724 1341">
     <span class='ocr_line' id='line_1_42' title="bbox 2133 1264 3724 1341; baseline 0.005 -24"><span class='ocrx_word' id='word_1_337' title='bbox 2133 1264 2247 1330; x_wconf 77' lang='grc' dir='ltr'><strong>ἴσος</strong></span> <span class='ocrx_word' id='word_1_338' title='bbox 2274 1266 2424 1318; x_wconf 83' lang='grc' dir='ltr'><strong>ἐστὶν</strong></span> <span class='ocrx_word' id='word_1_339' title='bbox 2448 1269 2475 1320; x_wconf 88' lang='grc' dir='ltr'>ὁ</span> <span class='ocrx_word' id='word_1_340' title='bbox 2505 1267 2652 1331; x_wconf 85' lang='grc' dir='ltr'><strong>Υἱὸς,</strong></span> <span class='ocrx_word' id='word_1_341' title='bbox 2677 1267 2798 1320; x_wconf 87' lang='grc' dir='ltr'><strong>ούδέ</strong></span> <span class='ocrx_word' id='word_1_342' title='bbox 2829 1268 3066 1339; x_wconf 80' lang='grc' dir='ltr'>ἰσότιμος</span> <span class='ocrx_word' id='word_1_343' title='bbox 3092 1268 3170 1340; x_wconf 84' lang='grc' dir='ltr'><strong>τῷ</strong></span> <span class='ocrx_word' id='word_1_344' title='bbox 3193 1270 3389 1341; x_wconf 75' lang='grc' dir='ltr'><strong>Πατρὶ,</strong></span> <span class='ocrx_word' id='word_1_345' title='bbox 3419 1270 3554 1324; x_wconf 82' lang='grc' dir='ltr'><strong>ἀλλὰ</strong></span> <span class='ocrx_word' id='word_1_346' title='bbox 3585 1271 3724 1327; x_wconf 78' lang='grc' dir='ltr'><strong>πολὺ</strong></span> 
     </span>
    </p>
   </div>
   <div class='ocr_carea' id='block_1_43' title="bbox 2130 1357 3727 1433">
    <p class='ocr_par' dir='ltr' id='par_1_43' title="bbox 2130 1357 3727 1433">
     <span class='ocr_line' id='line_1_43' title="bbox 2130 1357 3727 1433; baseline 0.005 -23"><span class='ocrx_word' id='word_1_347' title='bbox 2130 1357 2375 1412; x_wconf 88' lang='grc' dir='ltr'><strong>λείπεται</strong></span> <span class='ocrx_word' id='word_1_348' title='bbox 2400 1359 2498 1429; x_wconf 80' lang='grc' dir='ltr'><strong>τῆς</strong></span> <span class='ocrx_word' id='word_1_349' title='bbox 2522 1358 2617 1411; x_wconf 90' lang='grc' dir='ltr'><strong>τοῦ</strong></span> <span class='ocrx_word' id='word_1_350' title='bbox 2644 1359 2779 1412; x_wconf 87' lang='grc' dir='ltr'><strong>Θεοῦ</strong></span> <span class='ocrx_word' id='word_1_351' title='bbox 2814 1359 2995 1432; x_wconf 80' lang='grc' dir='ltr'><strong>δόξης,</strong></span> <span class='ocrx_word' id='word_1_352' title='bbox 3023 1359 3098 1424; x_wconf 85' lang='grc' dir='ltr'><strong>ὡς</strong></span> <span class='ocrx_word' id='word_1_353' title='bbox 3137 1361 3346 1432; x_wconf 85' lang='grc' dir='ltr'><strong>ποίημα</strong></span> <span class='ocrx_word' id='word_1_354' title='bbox 3379 1362 3512 1433; x_wconf 81' lang='grc'>(65),</span> <span class='ocrx_word' id='word_1_355' title='bbox 3537 1363 3727 1417; x_wconf 81' lang='grc' dir='ltr'><strong>λείπε-</strong></span> 
     </span>
    </p>
   </div>
   <div class='ocr_carea' id='block_1_44' title="bbox 2131 1449 3729 1524">
    <p class='ocr_par' dir='ltr' id='par_1_44' title="bbox 2131 1449 3729 1524">
     <span class='ocr_line' id='line_1_44' title="bbox 2131 1449 3729 1524; baseline 0.004 -21"><span class='ocrx_word' id='word_1_356' title='bbox 2131 1467 2221 1503; x_wconf 88' lang='grc' dir='ltr'><strong>ται</strong></span> <span class='ocrx_word' id='word_1_357' title='bbox 2264 1451 2365 1521; x_wconf 81' lang='grc' dir='ltr'><strong>τῆς</strong></span> <span class='ocrx_word' id='word_1_358' title='bbox 2396 1450 2490 1503; x_wconf 88' lang='grc' dir='ltr'><strong>τοῦ</strong></span> <span class='ocrx_word' id='word_1_359' title='bbox 2525 1449 2661 1503; x_wconf 85' lang='grc' dir='ltr'><strong>Θεοῦ</strong></span> <span class='ocrx_word' id='word_1_360' title='bbox 2698 1451 3016 1523; x_wconf 87' lang='grc' dir='ltr'><strong>δυνάμεως·</strong></span> <span class='ocrx_word' id='word_1_361' title='bbox 3062 1452 3157 1505; x_wconf 90' lang='lat' dir='ltr'><strong>xui</strong></span> <span class='ocrx_word' id='word_1_362' title='bbox 3191 1454 3271 1517; x_wconf 83' lang='grc' dir='ltr'><strong>είς</strong></span> <span class='ocrx_word' id='word_1_363' title='bbox 3299 1453 3361 1506; x_wconf 88' lang='grc' dir='ltr'><strong>τὸ</strong></span> <span class='ocrx_word' id='word_1_364' title='bbox 3407 1453 3637 1524; x_wconf 83' lang='grc' dir='ltr'><strong>Πνεῦμα</strong></span> <span class='ocrx_word' id='word_1_365' title='bbox 3663 1454 3729 1509; x_wconf 79' lang='grc' dir='ltr'><strong>τὸ</strong></span> 
     </span>
    </p>
   </div>
   <div class='ocr_carea' id='block_1_45' title="bbox 2132 1542 3727 1615">
    <p class='ocr_par' dir='ltr' id='par_1_45' title="bbox 2132 1542 3727 1615">
     <span class='ocr_line' id='line_1_45' title="bbox 2132 1542 3727 1615; baseline 0.001 -17"><span class='ocrx_word' id='word_1_366' title='bbox 2132 1544 2307 1613; x_wconf 76' lang='grc' dir='ltr'><strong>ἅγιον,</strong></span> <span class='ocrx_word' id='word_1_367' title='bbox 2339 1544 2401 1597; x_wconf 88' lang='grc' dir='ltr'><strong>τὸ</strong></span> <span class='ocrx_word' id='word_1_368' title='bbox 2440 1543 2546 1596; x_wconf 83' lang='grc' dir='ltr'><strong>ὑπὸ</strong></span> <span class='ocrx_word' id='word_1_369' title='bbox 2576 1542 2671 1596; x_wconf 90' lang='grc' dir='ltr'><strong>τοῦ</strong></span> <span class='ocrx_word' id='word_1_370' title='bbox 2716 1544 2848 1597; x_wconf 90' lang='grc' dir='ltr'><strong>Υἱοῦ</strong></span> <span class='ocrx_word' id='word_1_371' title='bbox 2892 1544 3135 1613; x_wconf 86' lang='grc' dir='ltr'><strong>γεγονός.</strong></span> <span class='ocrx_word' id='word_1_372' title='bbox 3186 1545 3317 1599; x_wconf 81' lang='grc' dir='ltr'><strong>Ἰδοὺ</strong></span> <span class='ocrx_word' id='word_1_373' title='bbox 3353 1545 3509 1615; x_wconf 84' lang='grc' dir='ltr'>κάγὼ</span> <span class='ocrx_word' id='word_1_374' title='bbox 3548 1546 3727 1600; x_wconf 85' lang='grc' dir='ltr'><strong>ταῦτα</strong></span> 
     </span>
    </p>
   </div>
   <div class='ocr_carea' id='block_1_46' title="bbox 2133 1633 2335 1706">
    <p class='ocr_par' dir='ltr' id='par_1_46' title="bbox 2133 1633 2335 1706">
     <span class='ocr_line' id='line_1_46' title="bbox 2133 1633 2335 1706; baseline 0.005 -19"><span class='ocrx_word' id='word_1_375' title='bbox 2133 1633 2335 1706; x_wconf 81' lang='grc' dir='ltr'><strong>φρονῶ.</strong></span> 
     </span>
    </p>
   </div>
   <div class='ocr_carea' id='block_1_47' title="bbox 2200 1721 3727 1801">
    <p class='ocr_par' dir='ltr' id='par_1_47' title="bbox 2200 1721 3727 1801">
     <span class='ocr_line' id='line_1_47' title="bbox 2200 1721 3727 1801; baseline 0.002 -23"><span class='ocrx_word' id='word_1_376' title='bbox 2200 1726 2251 1780; x_wconf 88' lang='lat'><strong>7.</strong></span> <span class='ocrx_word' id='word_1_377' title='bbox 2307 1727 2417 1781; x_wconf 84' lang='lat' dir='ltr'><strong>’A0.</strong></span> <span class='ocrx_word' id='word_1_378' title='bbox 2471 1721 2659 1779; x_wconf 76' lang='grc' dir='ltr'><strong>εἶπενο</strong></span> <span class='ocrx_word' id='word_1_379' title='bbox 2718 1727 2920 1781; x_wconf 83' lang='grc' dir='ltr'><strong>Λοιπὸν</strong></span> <span class='ocrx_word' id='word_1_380' title='bbox 2960 1727 3123 1799; x_wconf 81' lang='grc' dir='ltr'><strong>’μετὰ</strong></span> <span class='ocrx_word' id='word_1_381' title='bbox 3172 1727 3353 1800; x_wconf 80' lang='grc' dir='ltr'><strong>πάσης</strong></span> <span class='ocrx_word' id='word_1_382' title='bbox 3411 1729 3727 1801; x_wconf 76' lang='grc' dir='ltr'><strong>ἐπιστήμης</strong></span> 
     </span>
    </p>
   </div>
   <div class='ocr_carea' id='block_1_48' title="bbox 2128 1816 3726 1892">
    <p class='ocr_par' dir='ltr' id='par_1_48' title="bbox 2128 1816 3726 1892">
     <span class='ocr_line' id='line_1_48' title="bbox 2128 1816 3726 1892; baseline 0.003 -22"><span class='ocrx_word' id='word_1_383' title='bbox 2128 1816 2298 1889; x_wconf 84' lang='grc' dir='ltr'><strong>ἄρχου</strong></span> <span class='ocrx_word' id='word_1_384' title='bbox 2326 1817 2426 1888; x_wconf 82' lang='grc' dir='ltr'><strong>τῆς</strong></span> <span class='ocrx_word' id='word_1_385' title='bbox 2469 1818 2751 1889; x_wconf 78' lang='grc' dir='ltr'><strong>ζητήσεως</strong></span> <span class='ocrx_word' id='word_1_386' title='bbox 2793 1818 2925 1890; x_wconf 72' lang='grc'>(64)·</span> <span class='ocrx_word' id='word_1_387' title='bbox 2960 1818 3070 1890; x_wconf 82' lang='grc' dir='ltr'><strong>ὁρῶ</strong></span> <span class='ocrx_word' id='word_1_388' title='bbox 3098 1818 3207 1891; x_wconf 85' lang='grc' dir='ltr'><strong>γάρ</strong></span> <span class='ocrx_word' id='word_1_389' title='bbox 3252 1837 3311 1873; x_wconf 90' lang='grc' dir='ltr'><strong>σε</strong></span> <span class='ocrx_word' id='word_1_390' title='bbox 3360 1822 3419 1873; x_wconf 81' lang='grc' dir='ltr'><strong>ἐν</strong></span> <span class='ocrx_word' id='word_1_391' title='bbox 3460 1821 3726 1892; x_wconf 81' lang='grc' dir='ltr'><strong>μεγάλοις</strong></span> 
     </span>
    </p>
   </div>
   <div class='ocr_carea' id='block_1_49' title="bbox 2127 1908 3728 1984">
    <p class='ocr_par' dir='ltr' id='par_1_49' title="bbox 2127 1908 3728 1984">
     <span class='ocr_line' id='line_1_49' title="bbox 2127 1908 3728 1984; baseline 0.002 -23"><span class='ocrx_word' id='word_1_392' title='bbox 2127 1910 2318 1972; x_wconf 86' lang='grc' dir='ltr'><strong>κακοῖς</strong></span> <span class='ocrx_word' id='word_1_393' title='bbox 2355 1908 2695 1980; x_wconf 78' lang='grc' dir='ltr'><strong>ἐνεχόμενον,</strong></span> <span class='ocrx_word' id='word_1_394' title='bbox 2725 1911 2772 1961; x_wconf 81' lang='grc' dir='ltr'><strong>εἰ</strong></span> <span class='ocrx_word' id='word_1_395' title='bbox 2808 1910 2904 1962; x_wconf 82' lang='lat' dir='ltr'><strong>xui</strong></span> <span class='ocrx_word' id='word_1_396' title='bbox 2948 1911 3016 1963; x_wconf 83' lang='grc' dir='ltr'><strong>τὰ</strong></span> <span class='ocrx_word' id='word_1_397' title='bbox 3051 1910 3288 1981; x_wconf 86' lang='grc' dir='ltr'><strong>μάλιστα</strong></span> <span class='ocrx_word' id='word_1_398' title='bbox 3321 1909 3433 1982; x_wconf 83' lang='lat'><strong>(65)</strong></span> <span class='ocrx_word' id='word_1_399' title='bbox 3467 1912 3530 1964; x_wconf 82' lang='grc' dir='ltr'><strong>σὺ</strong></span> <span class='ocrx_word' id='word_1_400' title='bbox 3578 1929 3728 1984; x_wconf 86' lang='grc' dir='ltr'><strong>παρ-</strong></span> 
     </span>
    </p>
   </div>
   <div class='ocr_carea' id='block_1_50' title="bbox 2127 1999 3728 2076">
    <p class='ocr_par' dir='ltr' id='par_1_50' title="bbox 2127 1999 3728 2076">
     <span class='ocr_line' id='line_1_50' title="bbox 2127 1999 3728 2076; baseline 0.005 -25"><span class='ocrx_word' id='word_1_401' title='bbox 2127 1999 2297 2053; x_wconf 80' lang='grc' dir='ltr'><strong>ελθὼν</strong></span> <span class='ocrx_word' id='word_1_402' title='bbox 2346 2000 2454 2053; x_wconf 86' lang='grc' dir='ltr'><strong>ὑπὸ</strong></span> <span class='ocrx_word' id='word_1_403' title='bbox 2514 2000 2696 2054; x_wconf 83' lang='grc' dir='ltr'>αἰτίαν</span> <span class='ocrx_word' id='word_1_404' title='bbox 2745 2002 2892 2072; x_wconf 79' lang='grc' dir='ltr'><strong>ἡμᾶς</strong></span> <span class='ocrx_word' id='word_1_405' title='bbox 2941 2001 3228 2074; x_wconf 81' lang='grc' dir='ltr'><strong>ἐποίησας,</strong></span> <span class='ocrx_word' id='word_1_406' title='bbox 3277 2003 3353 2066; x_wconf 83' lang='grc' dir='ltr'><strong>ὡς</strong></span> <span class='ocrx_word' id='word_1_407' title='bbox 3416 2003 3491 2075; x_wconf 85' lang='grc' dir='ltr'><strong>μὴ</strong></span> <span class='ocrx_word' id='word_1_408' title='bbox 3543 2004 3728 2076; x_wconf 80' lang='grc' dir='ltr'><strong>ὀρθῶς</strong></span> 
     </span>
    </p>
   </div>
   <div class='ocr_carea' id='block_1_51' title="bbox 2128 2090 3726 2166">
    <p class='ocr_par' dir='ltr' id='par_1_51' title="bbox 2128 2090 3726 2166">
     <span class='ocr_line' id='line_1_51' title="bbox 2128 2090 3726 2166; baseline 0.004 -23"><span class='ocrx_word' id='word_1_409' title='bbox 2128 2090 2468 2162; x_wconf 80' lang='grc' dir='ltr'><strong>φρονούντων</strong></span> <span class='ocrx_word' id='word_1_410' title='bbox 2501 2091 2659 2162; x_wconf 70' lang='grc' dir='ltr'><strong>ἡμῶν</strong></span> <span class='ocrx_word' id='word_1_411' title='bbox 2696 2094 2824 2165; x_wconf 74' lang='grc' dir='ltr'><strong>περὶ</strong></span> <span class='ocrx_word' id='word_1_412' title='bbox 2859 2094 3092 2164; x_wconf 77' lang='grc' dir='ltr'><strong>Πατρὸς,</strong></span> <span class='ocrx_word' id='word_1_413' title='bbox 3129 2095 3224 2147; x_wconf 82' lang='grc' dir='ltr'><strong>καὶ</strong></span> <span class='ocrx_word' id='word_1_414' title='bbox 3254 2093 3408 2159; x_wconf 83' lang='grc' dir='ltr'><strong>Υἱοῦ,</strong></span> <span class='ocrx_word' id='word_1_415' title='bbox 3440 2093 3534 2149; x_wconf 86' lang='lat' dir='ltr'><strong>xui</strong></span> <span class='ocrx_word' id='word_1_416' title='bbox 3561 2096 3726 2166; x_wconf 85' lang='grc' dir='ltr'><strong>ἁγίου</strong></span> 
     </span>
    </p>
   </div>
   <div class='ocr_carea' id='block_1_52' title="bbox 2126 2181 3730 2257">
    <p class='ocr_par' dir='ltr' id='par_1_52' title="bbox 2126 2181 3730 2257">
     <span class='ocr_line' id='line_1_52' title="bbox 2126 2181 3730 2257; baseline 0.005 -20"><span class='ocrx_word' id='word_1_417' title='bbox 2126 2183 2464 2255; x_wconf 86' lang='grc' dir='ltr'><strong>Πνεύματος.</strong></span> <span class='ocrx_word' id='word_1_418' title='bbox 2506 2186 2626 2253; x_wconf 82' lang='grc' dir='ltr'><strong>Ἀρ.</strong></span> <span class='ocrx_word' id='word_1_419' title='bbox 2663 2181 2848 2238; x_wconf 74' lang='grc' dir='ltr'><strong>εἶπενο</strong></span> <span class='ocrx_word' id='word_1_420' title='bbox 2894 2185 3020 2250; x_wconf 89' lang='grc' dir='ltr'><strong>Πῶς</strong></span> <span class='ocrx_word' id='word_1_421' title='bbox 3064 2187 3172 2257; x_wconf 78' lang='grc' dir='ltr'><strong>φῂς</strong></span> <span class='ocrx_word' id='word_1_422' title='bbox 3205 2188 3295 2240; x_wconf 87' lang='grc' dir='ltr'><strong>τὸν</strong></span> <span class='ocrx_word' id='word_1_423' title='bbox 3324 2187 3457 2242; x_wconf 83' lang='grc' dir='ltr'><strong>Θεὸν</strong></span> <span class='ocrx_word' id='word_1_424' title='bbox 3491 2191 3578 2243; x_wconf 73' lang='grc' dir='ltr'><strong>ἀεὶ</strong></span> <span class='ocrx_word' id='word_1_425' title='bbox 3610 2194 3730 2245; x_wconf 84' lang='grc' dir='ltr'><strong>Πα-</strong></span> 
     </span>
    </p>
   </div>
   <div class='ocr_carea' id='block_1_53' title="bbox 2125 2274 3727 2351">
    <p class='ocr_par' dir='ltr' id='par_1_53' title="bbox 2125 2274 3727 2351">
     <span class='ocr_line' id='line_1_53' title="bbox 2125 2274 3727 2351; baseline 0.004 -23"><span class='ocrx_word' id='word_1_426' title='bbox 2125 2274 2281 2347; x_wconf 86' lang='grc' dir='ltr'><strong>τέρα,</strong></span> <span class='ocrx_word' id='word_1_427' title='bbox 2326 2277 2385 2341; x_wconf 84' lang='grc' dir='ltr'><strong>ὃς</strong></span> <span class='ocrx_word' id='word_1_428' title='bbox 2422 2277 2582 2349; x_wconf 86' lang='grc' dir='ltr'><strong>μόνος</strong></span> <span class='ocrx_word' id='word_1_429' title='bbox 2622 2277 2755 2340; x_wconf 82' lang='grc' dir='ltr'><strong>Θεὸς</strong></span> <span class='ocrx_word' id='word_1_430' title='bbox 2797 2276 2873 2331; x_wconf 83' lang='grc' dir='ltr'><strong>ὢν</strong></span> <span class='ocrx_word' id='word_1_431' title='bbox 2904 2277 3036 2348; x_wconf 89' lang='grc'>(66),</span> <span class='ocrx_word' id='word_1_432' title='bbox 3085 2279 3191 2350; x_wconf 79' lang='grc' dir='ltr'><strong>ἰδίᾳ</strong></span> <span class='ocrx_word' id='word_1_433' title='bbox 3226 2278 3475 2351; x_wconf 79' lang='grc' dir='ltr'><strong>βουλήσει</strong></span> <span class='ocrx_word' id='word_1_434' title='bbox 3506 2281 3727 2335; x_wconf 75' lang='grc' dir='ltr'><strong>ἔκτισεν</strong></span> 
     </span>
    </p>
   </div>
   <div class='ocr_carea' id='block_1_54' title="bbox 2125 2370 3727 2443">
    <p class='ocr_par' dir='ltr' id='par_1_54' title="bbox 2125 2370 3727 2443">
     <span class='ocr_line' id='line_1_54' title="bbox 2125 2370 3727 2443; baseline 0.004 -20"><span class='ocrx_word' id='word_1_435' title='bbox 2125 2371 2216 2423; x_wconf 88' lang='grc' dir='ltr'><strong>τὸν</strong></span> <span class='ocrx_word' id='word_1_436' title='bbox 2256 2371 2383 2426; x_wconf 89' lang='grc' dir='ltr'><strong>Υἰὸν</strong></span> <span class='ocrx_word' id='word_1_437' title='bbox 2425 2370 2818 2436; x_wconf 79' lang='grc' dir='ltr'><strong>αύτοῦ,καθὼς</strong></span> <span class='ocrx_word' id='word_1_438' title='bbox 2846 2372 3180 2443; x_wconf 86' lang='grc' dir='ltr'><strong>γέγραπται.</strong></span> <span class='ocrx_word' id='word_1_439' title='bbox 3236 2375 3347 2430; x_wconf 85' lang='grc' dir='ltr'><strong>Ἀθ.</strong></span> <span class='ocrx_word' id='word_1_440' title='bbox 3391 2371 3564 2427; x_wconf 69' lang='grc' dir='ltr'><strong>εἶπεν·</strong></span> <span class='ocrx_word' id='word_1_441' title='bbox 3610 2379 3727 2430; x_wconf 81' lang='grc' dir='ltr'><strong>Ποῦ</strong></span> 
     </span>
    </p>
   </div>
   <div class='ocr_carea' id='block_1_55' title="bbox 2126 2462 3723 2536">
    <p class='ocr_par' dir='ltr' id='par_1_55' title="bbox 2126 2462 3723 2536">
     <span class='ocr_line' id='line_1_55' title="bbox 2126 2462 3723 2536; baseline 0.003 -21"><span class='ocrx_word' id='word_1_442' title='bbox 2126 2463 2469 2535; x_wconf 86' lang='grc' dir='ltr'><strong>γέγραπται,</strong></span> <span class='ocrx_word' id='word_1_443' title='bbox 2503 2465 2585 2518; x_wconf 82' lang='grc' dir='ltr'><strong>ὅτι</strong></span> <span class='ocrx_word' id='word_1_444' title='bbox 2631 2464 2789 2535; x_wconf 85' lang='grc' dir='ltr'><strong>μόνος</strong></span> <span class='ocrx_word' id='word_1_445' title='bbox 2835 2464 2983 2517; x_wconf 74' lang='grc' dir='ltr'><strong>ἐστὶν</strong></span> <span class='ocrx_word' id='word_1_446' title='bbox 3021 2464 3049 2516; x_wconf 87' lang='lat'><strong>6</strong></span> <span class='ocrx_word' id='word_1_447' title='bbox 3082 2466 3310 2536; x_wconf 83' lang='grc' dir='ltr'><strong>Πατήρ;</strong></span> <span class='ocrx_word' id='word_1_448' title='bbox 3352 2468 3470 2535; x_wconf 81' lang='grc' dir='ltr'><strong>Ἄρ.</strong></span> <span class='ocrx_word' id='word_1_449' title='bbox 3524 2462 3681 2519; x_wconf 80' lang='grc' dir='ltr'><strong>εἶπεν</strong></span> <span class='ocrx_word' id='word_1_450' title='bbox 3710 2488 3723 2498; x_wconf 95' lang='grc'>·</span> 
     </span>
    </p>
   </div>
   <div class='ocr_carea' id='block_1_56' title="bbox 2127 2556 3727 2630">
    <p class='ocr_par' dir='ltr' id='par_1_56' title="bbox 2127 2556 3727 2630">
     <span class='ocr_line' id='line_1_56' title="bbox 2127 2556 3727 2630; baseline 0.001 -20"><span class='ocrx_word' id='word_1_451' title='bbox 2127 2556 2285 2628; x_wconf 77' lang='grc' dir='ltr'><strong>Παρὰ</strong></span> <span class='ocrx_word' id='word_1_452' title='bbox 2324 2556 2519 2628; x_wconf 82' lang='grc' dir='ltr'><strong>Παύλῳ</strong></span> <span class='ocrx_word' id='word_1_453' title='bbox 2565 2556 2643 2628; x_wconf 80' lang='grc' dir='ltr'><strong>τῷ</strong></span> <span class='ocrx_word' id='word_1_454' title='bbox 2684 2557 2997 2628; x_wconf 86' lang='grc' dir='ltr'><strong>ἀποστόλῳ·</strong></span> <span class='ocrx_word' id='word_1_455' title='bbox 3034 2559 3170 2629; x_wconf 74' lang='grc' dir='ltr'><strong>φησι</strong></span> <span class='ocrx_word' id='word_1_456' title='bbox 3199 2562 3340 2629; x_wconf 86' lang='grc' dir='ltr'><strong>γάρ·</strong></span> <span class='ocrx_word' id='word_1_457' title='bbox 3381 2578 3399 2610; x_wconf 73' lang='grc' dir='ltr'><strong>ι</strong></span> <span class='ocrx_word' id='word_1_458' title='bbox 3450 2560 3618 2630; x_wconf 79' lang='grc' dir='ltr'><strong>Ἡμῖν</strong></span> <span class='ocrx_word' id='word_1_459' title='bbox 3664 2560 3727 2612; x_wconf 80' lang='grc' dir='ltr'><strong>δὲ</strong></span> 
     </span>
    </p>
   </div>
   <div class='ocr_carea' id='block_1_57' title="bbox 2127 2643 3726 2717">
    <p class='ocr_par' dir='ltr' id='par_1_57' title="bbox 2127 2643 3726 2717">
     <span class='ocr_line' id='line_1_57' title="bbox 2127 2643 3726 2717; baseline 0.003 -16"><span class='ocrx_word' id='word_1_460' title='bbox 2127 2643 2208 2712; x_wconf 74' lang='grc' dir='ltr'><strong>εἷς</strong></span> <span class='ocrx_word' id='word_1_461' title='bbox 2238 2649 2370 2713; x_wconf 87' lang='grc' dir='ltr'><strong>Θεὸς</strong></span> <span class='ocrx_word' id='word_1_462' title='bbox 2394 2650 2452 2716; x_wconf 79' lang='grc' dir='ltr'><strong>ἐξ</strong></span> <span class='ocrx_word' id='word_1_463' title='bbox 2480 2643 2540 2702; x_wconf 81' lang='grc' dir='ltr'><strong>οῦ</strong></span> <span class='ocrx_word' id='word_1_464' title='bbox 2572 2650 2641 2703; x_wconf 80' lang='grc' dir='ltr'><strong>τὰ</strong></span> <span class='ocrx_word' id='word_1_465' title='bbox 2673 2650 2871 2703; x_wconf 79' lang='grc' dir='ltr'><strong>πάντα.</strong></span> <span class='ocrx_word' id='word_1_466' title='bbox 2912 2669 2930 2702; x_wconf 74' lang='grc' dir='ltr'><strong><em>ι</em></strong></span> <span class='ocrx_word' id='word_1_467' title='bbox 2978 2650 3244 2717; x_wconf 76' lang='grc' dir='ltr'><strong>Ἀθανάς.</strong></span> <span class='ocrx_word' id='word_1_468' title='bbox 3276 2647 3449 2706; x_wconf 61' lang='grc' dir='ltr'><strong>εἶπεν</strong></span> <span class='ocrx_word' id='word_1_469' title='bbox 3477 2651 3559 2705; x_wconf 73' lang='grc' dir='ltr'><strong>Τὰ</strong></span> <span class='ocrx_word' id='word_1_470' title='bbox 3590 2653 3726 2705; x_wconf 82' lang='grc' dir='ltr'><strong>ἐπό-</strong></span> 
     </span>
    </p>
   </div>
   <div class='ocr_carea' id='block_1_58' title="bbox 2130 2741 3727 2814">
    <p class='ocr_par' dir='ltr' id='par_1_58' title="bbox 2130 2741 3727 2814">
     <span class='ocr_line' id='line_1_58' title="bbox 2130 2741 3727 2814; baseline 0.003 -22"><span class='ocrx_word' id='word_1_471' title='bbox 2130 2757 2268 2810; x_wconf 89' lang='grc' dir='ltr'><strong>μενα</strong></span> <span class='ocrx_word' id='word_1_472' title='bbox 2296 2741 2569 2810; x_wconf 78' lang='grc' dir='ltr'><strong>ἀνάγνωθι</strong></span> <span class='ocrx_word' id='word_1_473' title='bbox 2594 2742 2686 2794; x_wconf 89' lang='grc' dir='ltr'><strong>τοῦ</strong></span> <span class='ocrx_word' id='word_1_474' title='bbox 2730 2742 3057 2795; x_wconf 81' lang='grc' dir='ltr'><strong>Ἀποστόλου</strong></span> <span class='ocrx_word' id='word_1_475' title='bbox 3084 2743 3247 2813; x_wconf 79' lang='grc' dir='ltr'><strong>ῥητὰ,</strong></span> <span class='ocrx_word' id='word_1_476' title='bbox 3271 2743 3375 2814; x_wconf 77' lang='grc' dir='ltr'><strong>ἔφη</strong></span> <span class='ocrx_word' id='word_1_477' title='bbox 3403 2744 3532 2813; x_wconf 81' lang='grc' dir='ltr'><strong>γάρ·</strong></span> <span class='ocrx_word' id='word_1_478' title='bbox 3565 2763 3583 2795; x_wconf 71' lang='grc' dir='ltr'>ι</span> <span class='ocrx_word' id='word_1_479' title='bbox 3612 2744 3727 2798; x_wconf 77' lang='grc' dir='ltr'>Καὶ</span> 
     </span>
    </p>
   </div>
   <div class='ocr_carea' id='block_1_59' title="bbox 2126 2829 3721 2906">
    <p class='ocr_par' dir='ltr' id='par_1_59' title="bbox 2126 2829 3721 2906">
     <span class='ocr_line' id='line_1_59' title="bbox 2126 2829 3721 2906; baseline 0.001 -20"><span class='ocrx_word' id='word_1_480' title='bbox 2126 2829 2207 2896; x_wconf 81' lang='grc' dir='ltr'><strong>εἷς</strong></span> <span class='ocrx_word' id='word_1_481' title='bbox 2253 2834 2456 2904; x_wconf 82' lang='grc' dir='ltr'><strong>Κύριος</strong></span> <span class='ocrx_word' id='word_1_482' title='bbox 2514 2834 2722 2904; x_wconf 84' lang='grc' dir='ltr'><strong>Ἰησοῦς</strong></span> <span class='ocrx_word' id='word_1_483' title='bbox 2766 2836 3023 2906; x_wconf 79' lang='grc' dir='ltr'><strong>Χριστὸς,</strong></span> <span class='ocrx_word' id='word_1_484' title='bbox 3084 2837 3151 2890; x_wconf 86' lang='grc' dir='ltr'><strong>δι’</strong></span> <span class='ocrx_word' id='word_1_485' title='bbox 3204 2829 3265 2888; x_wconf 79' lang='grc' dir='ltr'><strong>οῦ</strong></span> <span class='ocrx_word' id='word_1_486' title='bbox 3318 2837 3387 2888; x_wconf 81' lang='grc' dir='ltr'><strong>τὰ</strong></span> <span class='ocrx_word' id='word_1_487' title='bbox 3438 2836 3638 2890; x_wconf 82' lang='grc' dir='ltr'><strong>πάντα.</strong></span> <span class='ocrx_word' id='word_1_488' title='bbox 3702 2856 3721 2887; x_wconf 69' lang='grc' dir='ltr'><strong><em>ο</em></strong></span> 
     </span>
    </p>
   </div>
   <div class='ocr_carea' id='block_1_60' title="bbox 2130 2926 3727 3002">
    <p class='ocr_par' dir='ltr' id='par_1_60' title="bbox 2130 2926 3727 3002">
     <span class='ocr_line' id='line_1_60' title="bbox 2130 2926 3727 3002; baseline 0.003 -22"><span class='ocrx_word' id='word_1_489' title='bbox 2130 2930 2356 2997; x_wconf 77' lang='grc' dir='ltr'><strong>Ἄρειος</strong></span> <span class='ocrx_word' id='word_1_490' title='bbox 2394 2926 2575 2981; x_wconf 71' lang='grc' dir='ltr'><strong>εἶπεν·</strong></span> <span class='ocrx_word' id='word_1_491' title='bbox 2632 2930 2815 3000; x_wconf 83' lang='grc' dir='ltr'><strong>Ὁρᾷς,</strong></span> <span class='ocrx_word' id='word_1_492' title='bbox 2858 2930 2939 2982; x_wconf 81' lang='grc' dir='ltr'><strong>ὅτι</strong></span> <span class='ocrx_word' id='word_1_493' title='bbox 2981 2930 3255 3002; x_wconf 83' lang='grc' dir='ltr'><strong>ύπουργός</strong></span> <span class='ocrx_word' id='word_1_494' title='bbox 3290 2932 3427 2994; x_wconf 82' lang='grc' dir='ltr'><strong>ἐστι,</strong></span> <span class='ocrx_word' id='word_1_495' title='bbox 3458 2929 3555 2984; x_wconf 89' lang='lat' dir='ltr'><strong>xui.</strong></span> <span class='ocrx_word' id='word_1_496' title='bbox 3598 2931 3727 3002; x_wconf 77' lang='grc' dir='ltr'><strong>οὐχὶ</strong></span> 
     </span>
    </p>
   </div>
   <div class='ocr_carea' id='block_1_61' title="bbox 430 3002 2025 3096">
    <p class='ocr_par' dir='ltr' id='par_1_61' title="bbox 430 3002 2020 3075">
     <span class='ocr_line' id='line_1_61' title="bbox 430 3002 2020 3075; baseline -0.001 -16"><span class='ocrx_word' id='word_1_497' title='bbox 430 3004 918 3075; x_wconf 69' lang='lat' dir='ltr'><strong>facientemzquze</strong></span> <span class='ocrx_word' id='word_1_498' title='bbox 967 3004 1116 3058; x_wconf 89' lang='lat' dir='ltr'><strong>enim</strong></span> <span class='ocrx_word' id='word_1_499' title='bbox 1159 3002 1323 3058; x_wconf 69' lang='lat' dir='ltr'><strong>Pater</strong></span> <span class='ocrx_word' id='word_1_500' title='bbox 1376 3002 1533 3069; x_wconf 81' lang='lat' dir='ltr'><strong>facit,</strong></span> <span class='ocrx_word' id='word_1_501' title='bbox 1578 3004 1694 3058; x_wconf 66' lang='lat' dir='ltr'><strong>haec</strong></span> <span class='ocrx_word' id='word_1_502' title='bbox 1746 3012 1800 3059; x_wconf 91' lang='lat' dir='ltr'><strong>et</strong></span> <span class='ocrx_word' id='word_1_503' title='bbox 1848 3003 2020 3058; x_wconf 88' lang='lat' dir='ltr'><strong>Filius</strong></span> 
     </span>
    </p>
   </div>
   <div class='ocr_carea' id='block_1_62' title="bbox 2132 3002 3721 3096">
    <p class='ocr_par' dir='ltr' id='par_1_62' title="bbox 2132 3020 3721 3094">
     <span class='ocr_line' id='line_1_62' title="bbox 2132 3020 3721 3094; baseline 0.002 -20"><span class='ocrx_word' id='word_1_504' title='bbox 2132 3020 2430 3091; x_wconf 80' lang='grc' dir='ltr'><strong>αὐτουργὸς</strong></span> <span class='ocrx_word' id='word_1_505' title='bbox 2461 3022 2489 3072; x_wconf 90' lang='grc' dir='ltr'>ὀ</span> <span class='ocrx_word' id='word_1_506' title='bbox 2525 3021 2652 3085; x_wconf 84' lang='grc' dir='ltr'><strong>Υἱὸς</strong></span> <span class='ocrx_word' id='word_1_507' title='bbox 2682 3021 2865 3085; x_wconf 83' lang='grc' dir='ltr'><strong>καθὼς</strong></span> <span class='ocrx_word' id='word_1_508' title='bbox 2898 3023 3061 3087; x_wconf 82' lang='grc' dir='ltr'><strong>αὐτὸς</strong></span> <span class='ocrx_word' id='word_1_509' title='bbox 3092 3023 3220 3094; x_wconf 75' lang='grc' dir='ltr'><strong>περὶ</strong></span> <span class='ocrx_word' id='word_1_510' title='bbox 3261 3022 3456 3076; x_wconf 81' lang='grc' dir='ltr'><strong>ἑαυτοῦ</strong></span> <span class='ocrx_word' id='word_1_511' title='bbox 3504 3022 3687 3088; x_wconf 77' lang='grc' dir='ltr'><strong>ἔλεξεν</strong></span> <span class='ocrx_word' id='word_1_512' title='bbox 3706 3041 3721 3054; x_wconf 80' lang='grc'><strong>’</strong></span> 
     </span>
    </p>
   </div>
   <div class='ocr_carea' id='block_1_63' title="bbox 416 3093 2025 3189">
    <p class='ocr_par' dir='ltr' id='par_1_63' title="bbox 416 3093 2019 3164">
     <span class='ocr_line' id='line_1_63' title="bbox 416 3093 2019 3164; baseline 0 -15"><span class='ocrx_word' id='word_1_513' title='bbox 416 3094 647 3150; x_wconf 72' lang='lat' dir='ltr'><strong>Iacit“.</strong></span> <span class='ocrx_word' id='word_1_514' title='bbox 676 3113 694 3147; x_wconf 71' lang='grc' dir='ltr'><strong>ι</strong></span> <span class='ocrx_word' id='word_1_515' title='bbox 745 3093 982 3149; x_wconf 88' lang='lat' dir='ltr'><strong>Attende</strong></span> <span class='ocrx_word' id='word_1_516' title='bbox 1028 3095 1308 3164; x_wconf 87' lang='lat' dir='ltr'><strong>quomodo</strong></span> <span class='ocrx_word' id='word_1_517' title='bbox 1370 3094 1626 3149; x_wconf 89' lang='lat' dir='ltr'><strong>minister</strong></span> <span class='ocrx_word' id='word_1_518' title='bbox 1668 3109 1777 3149; x_wconf 87' lang='lat' dir='ltr'><strong>non</strong></span> <span class='ocrx_word' id='word_1_519' title='bbox 1832 3103 2019 3150; x_wconf 75' lang='lat' dir='ltr'><strong>autem</strong></span> 
     </span>
    </p>
   </div>
   <div class='ocr_carea' id='block_1_64' title="bbox 2132 3093 3725 3189">
    <p class='ocr_par' dir='ltr' id='par_1_64' title="bbox 2132 3093 3725 3189">
     <span class='ocr_line' id='line_1_64' title="bbox 2132 3093 3725 3189; baseline 0.005 -26"><span class='ocrx_word' id='word_1_520' title='bbox 2132 3131 2146 3163; x_wconf 84' lang='lat' dir='ltr'><strong>r</strong></span> <span class='ocrx_word' id='word_1_521' title='bbox 2194 3111 2321 3166; x_wconf 72' lang='grc' dir='ltr'><strong>Ἐὰν</strong></span> <span class='ocrx_word' id='word_1_522' title='bbox 2356 3113 2428 3184; x_wconf 86' lang='grc' dir='ltr'><strong>μή</strong></span> <span class='ocrx_word' id='word_1_523' title='bbox 2455 3130 2507 3165; x_wconf 87' lang='grc' dir='ltr'><strong>τι</strong></span> <span class='ocrx_word' id='word_1_524' title='bbox 2535 3111 2706 3184; x_wconf 55' lang='grc' dir='ltr'><strong>βλέπλ</strong></span> <span class='ocrx_word' id='word_1_525' title='bbox 2738 3114 2829 3167; x_wconf 79' lang='grc' dir='ltr'><strong>τὸν</strong></span> <span class='ocrx_word' id='word_1_526' title='bbox 2864 3116 3088 3187; x_wconf 83' lang='grc' dir='ltr'><strong>Πατέρα</strong></span> <span class='ocrx_word' id='word_1_527' title='bbox 3122 3093 3411 3170; x_wconf 66' lang='grc' dir='ltr'><strong>ποιοῦν-η’</strong></span> <span class='ocrx_word' id='word_1_528' title='bbox 3448 3115 3482 3170; x_wconf 80' lang='grc' dir='ltr'><strong>ἃ</strong></span> <span class='ocrx_word' id='word_1_529' title='bbox 3512 3117 3624 3189; x_wconf 81' lang='grc' dir='ltr'><strong>γὰρ</strong></span> <span class='ocrx_word' id='word_1_530' title='bbox 3654 3118 3725 3171; x_wconf 85' lang='grc' dir='ltr'><strong>ἂν</strong></span> 
     </span>
    </p>
   </div>
   <div class='ocr_carea' id='block_1_65' title="bbox 426 3181 2023 3255">
    <p class='ocr_par' dir='ltr' id='par_1_65' title="bbox 426 3181 2023 3255">
     <span class='ocr_line' id='line_1_65' title="bbox 426 3181 2023 3255; baseline -0.003 -12"><span class='ocrx_word' id='word_1_531' title='bbox 426 3192 649 3243; x_wconf 83' lang='lat' dir='ltr'><strong>creator</strong></span> <span class='ocrx_word' id='word_1_532' title='bbox 676 3184 749 3241; x_wconf 90' lang='lat' dir='ltr'><strong>sit</strong></span> <span class='ocrx_word' id='word_1_533' title='bbox 780 3184 975 3239; x_wconf 89' lang='lat' dir='ltr'><strong>Filius.</strong></span> <span class='ocrx_word' id='word_1_534' title='bbox 1009 3184 1138 3239; x_wconf 83' lang='lat' dir='ltr'><strong>Ath.</strong></span> <span class='ocrx_word' id='word_1_535' title='bbox 1176 3184 1336 3255; x_wconf 80' lang='lat'><strong>160</strong></span> <span class='ocrx_word' id='word_1_536' title='bbox 1359 3181 1496 3238; x_wconf 84' lang='lat' dir='ltr'><strong>Vide</strong></span> <span class='ocrx_word' id='word_1_537' title='bbox 1522 3204 1536 3238; x_wconf 91' lang='lat'><strong>:</strong></span> <span class='ocrx_word' id='word_1_538' title='bbox 1566 3185 1676 3238; x_wconf 90' lang='lat' dir='ltr'><strong>noli</strong></span> <span class='ocrx_word' id='word_1_539' title='bbox 1713 3200 1838 3239; x_wconf 91' lang='lat' dir='ltr'><strong>cum</strong></span> <span class='ocrx_word' id='word_1_540' title='bbox 1876 3186 2023 3240; x_wconf 87' lang='lat' dir='ltr'><strong>veri-</strong></span> 
     </span>
    </p>
   </div>
   <div class='ocr_carea' id='block_1_66' title="bbox 429 3274 2020 3349">
    <p class='ocr_par' dir='ltr' id='par_1_66' title="bbox 429 3274 2020 3349">
     <span class='ocr_line' id='line_1_66' title="bbox 429 3274 2020 3349; baseline -0.001 -17"><span class='ocrx_word' id='word_1_541' title='bbox 429 3284 547 3333; x_wconf 82' lang='lat' dir='ltr'><strong>tate</strong></span> <span class='ocrx_word' id='word_1_542' title='bbox 575 3290 845 3349; x_wconf 87' lang='lat' dir='ltr'><strong>pugnare.</strong></span> <span class='ocrx_word' id='word_1_543' title='bbox 886 3275 1023 3330; x_wconf 88' lang='lat' dir='ltr'><strong>Nam</strong></span> <span class='ocrx_word' id='word_1_544' title='bbox 1048 3276 1199 3346; x_wconf 87' lang='lat' dir='ltr'><strong>quod</strong></span> <span class='ocrx_word' id='word_1_545' title='bbox 1230 3284 1391 3345; x_wconf 91' lang='lat' dir='ltr'><strong>putas</strong></span> <span class='ocrx_word' id='word_1_546' title='bbox 1421 3291 1451 3330; x_wconf 92' lang='lat' dir='ltr'><strong>a</strong></span> <span class='ocrx_word' id='word_1_547' title='bbox 1477 3274 1650 3332; x_wconf 91' lang='lat' dir='ltr'><strong>Paulo</strong></span> <span class='ocrx_word' id='word_1_548' title='bbox 1677 3277 1744 3332; x_wconf 85' lang='lat' dir='ltr'><strong>de</strong></span> <span class='ocrx_word' id='word_1_549' title='bbox 1776 3276 1888 3332; x_wconf 89' lang='lat' dir='ltr'><strong>Deo</strong></span> <span class='ocrx_word' id='word_1_550' title='bbox 1915 3275 2020 3331; x_wconf 91' lang='lat' dir='ltr'><strong>Pa-</strong></span> 
     </span>
    </p>
   </div>
   <div class='ocr_carea' id='block_1_67' title="bbox 426 3366 2026 3439">
    <p class='ocr_par' dir='ltr' id='par_1_67' title="bbox 426 3366 2026 3439">
     <span class='ocr_line' id='line_1_67' title="bbox 426 3366 2026 3439; baseline 0.001 -16"><span class='ocrx_word' id='word_1_551' title='bbox 426 3374 518 3424; x_wconf 88' lang='lat' dir='ltr'><strong>tre</strong></span> <span class='ocrx_word' id='word_1_552' title='bbox 546 3383 670 3423; x_wconf 90' lang='lat' dir='ltr'><strong>esse</strong></span> <span class='ocrx_word' id='word_1_553' title='bbox 711 3367 943 3434; x_wconf 90' lang='lat' dir='ltr'><strong>dictum,</strong></span> <span class='ocrx_word' id='word_1_554' title='bbox 982 3367 1126 3422; x_wconf 88' lang='lat' dir='ltr'><strong>idem</strong></span> <span class='ocrx_word' id='word_1_555' title='bbox 1153 3366 1222 3421; x_wconf 91' lang='lat' dir='ltr'><strong>de</strong></span> <span class='ocrx_word' id='word_1_556' title='bbox 1273 3366 1417 3422; x_wconf 90' lang='lat' dir='ltr'><strong>Filio</strong></span> <span class='ocrx_word' id='word_1_557' title='bbox 1460 3367 1530 3422; x_wconf 90' lang='lat' dir='ltr'><strong>ab</strong></span> <span class='ocrx_word' id='word_1_558' title='bbox 1564 3369 1686 3439; x_wconf 90' lang='lat' dir='ltr'><strong>ipso</strong></span> <span class='ocrx_word' id='word_1_559' title='bbox 1729 3368 1837 3423; x_wconf 86' lang='lat' dir='ltr'><strong>dici</strong></span> <span class='ocrx_word' id='word_1_560' title='bbox 1874 3384 2026 3439; x_wconf 84' lang='lat' dir='ltr'><strong>repe-</strong></span> 
     </span>
    </p>
   </div>
   <div class='ocr_carea' id='block_1_68' title="bbox 430 3458 2024 3531">
    <p class='ocr_par' dir='ltr' id='par_1_68' title="bbox 430 3458 2024 3531">
     <span class='ocr_line' id='line_1_68' title="bbox 430 3458 2024 3531; baseline -0.001 -14"><span class='ocrx_word' id='word_1_561' title='bbox 430 3461 564 3517; x_wconf 86' lang='lat' dir='ltr'><strong>ries.</strong></span> <span class='ocrx_word' id='word_1_562' title='bbox 590 3458 718 3514; x_wconf 59' lang='lat' dir='ltr'><strong>Haec</strong></span> <span class='ocrx_word' id='word_1_563' title='bbox 743 3465 874 3515; x_wconf 88' lang='lat' dir='ltr'><strong>sunt</strong></span> <span class='ocrx_word' id='word_1_564' title='bbox 897 3458 1046 3514; x_wconf 90' lang='lat' dir='ltr'><strong>enim</strong></span> <span class='ocrx_word' id='word_1_565' title='bbox 1070 3460 1192 3530; x_wconf 90' lang='lat' dir='ltr'><strong>ejus</strong></span> <span class='ocrx_word' id='word_1_566' title='bbox 1224 3460 1393 3515; x_wconf 82' lang='lat' dir='ltr'><strong>verba</strong></span> <span class='ocrx_word' id='word_1_567' title='bbox 1422 3479 1434 3514; x_wconf 92' lang='lat'>:</span> <span class='ocrx_word' id='word_1_568' title='bbox 1472 3478 1491 3510; x_wconf 78' lang='grc' dir='ltr'><strong>ι</strong></span> <span class='ocrx_word' id='word_1_569' title='bbox 1526 3459 1591 3515; x_wconf 84' lang='grc' dir='ltr'><strong>Ει</strong></span> <span class='ocrx_word' id='word_1_570' title='bbox 1621 3461 1738 3531; x_wconf 88' lang='lat' dir='ltr'><strong>ipse</strong></span> <span class='ocrx_word' id='word_1_571' title='bbox 1760 3461 1947 3531; x_wconf 89' lang='lat' dir='ltr'><strong>posuit</strong></span> <span class='ocrx_word' id='word_1_572' title='bbox 1968 3462 2024 3516; x_wconf 80' lang='lat' dir='ltr'><strong>in</strong></span> 
     </span>
    </p>
   </div>
   <div class='ocr_carea' id='block_1_69' title="bbox 434 3550 2025 3622">
    <p class='ocr_par' dir='ltr' id='par_1_69' title="bbox 434 3550 2025 3622">
     <span class='ocr_line' id='line_1_69' title="bbox 434 3550 2025 3622; baseline 0.003 -18"><span class='ocrx_word' id='word_1_573' title='bbox 434 3550 701 3615; x_wconf 86' lang='lat' dir='ltr'><strong>Ecclesia,</strong></span> <span class='ocrx_word' id='word_1_574' title='bbox 728 3550 964 3622; x_wconf 91' lang='lat' dir='ltr'><strong>primum</strong></span> <span class='ocrx_word' id='word_1_575' title='bbox 990 3552 1297 3622; x_wconf 83' lang='lat' dir='ltr'><strong>apostolos,</strong></span> <span class='ocrx_word' id='word_1_576' title='bbox 1325 3550 1525 3606; x_wconf 88' lang='lat' dir='ltr'><strong>deinde</strong></span> <span class='ocrx_word' id='word_1_577' title='bbox 1544 3553 1861 3622; x_wconf 84' lang='lat' dir='ltr'><strong>prophetas,</strong></span> <span class='ocrx_word' id='word_1_578' title='bbox 1887 3553 2025 3609; x_wconf 89' lang='lat' dir='ltr'><strong>alios</strong></span> 
     </span>
    </p>
   </div>
   <div class='ocr_carea' id='block_1_70' title="bbox 431 3646 2024 3717">
    <p class='ocr_par' dir='ltr' id='par_1_70' title="bbox 431 3646 2024 3717">
     <span class='ocr_line' id='line_1_70' title="bbox 431 3646 2024 3717; baseline 0.003 -20"><span class='ocrx_word' id='word_1_579' title='bbox 431 3660 565 3700; x_wconf 79' lang='lat' dir='ltr'><strong>vero</strong></span> <span class='ocrx_word' id='word_1_580' title='bbox 604 3646 997 3716; x_wconf 85' lang='lat' dir='ltr'><strong>evangelistas,</strong></span> <span class='ocrx_word' id='word_1_581' title='bbox 1042 3646 1182 3701; x_wconf 91' lang='lat' dir='ltr'><strong>alios</strong></span> <span class='ocrx_word' id='word_1_582' title='bbox 1216 3656 1472 3716; x_wconf 83' lang='lat' dir='ltr'><strong>pastores</strong></span> <span class='ocrx_word' id='word_1_583' title='bbox 1515 3655 1569 3701; x_wconf 89' lang='lat' dir='ltr'><strong>et</strong></span> <span class='ocrx_word' id='word_1_584' title='bbox 1609 3648 1925 3717; x_wconf 89' lang='lat' dir='ltr'><strong>magistros,</strong></span> <span class='ocrx_word' id='word_1_585' title='bbox 1955 3646 2024 3701; x_wconf 91' lang='lat' dir='ltr'><strong>ad</strong></span> 
     </span>
    </p>
   </div>
   <div class='ocr_carea' id='block_1_71' title="bbox 433 3736 2023 3808">
    <p class='ocr_par' dir='ltr' id='par_1_71' title="bbox 433 3736 2023 3808">
     <span class='ocr_line' id='line_1_71' title="bbox 433 3736 2023 3808; baseline -0.001 -16"><span class='ocrx_word' id='word_1_586' title='bbox 433 3736 834 3808; x_wconf 83' lang='lat' dir='ltr'><strong>perfectionem</strong></span> <span class='ocrx_word' id='word_1_587' title='bbox 886 3737 1243 3807; x_wconf 90' lang='lat' dir='ltr'><strong>populorum,</strong></span> <span class='ocrx_word' id='word_1_588' title='bbox 1297 3737 1349 3790; x_wconf 91' lang='lat' dir='ltr'><strong>in</strong></span> <span class='ocrx_word' id='word_1_589' title='bbox 1407 3751 1548 3807; x_wconf 92' lang='lat' dir='ltr'><strong>opus</strong></span> <span class='ocrx_word' id='word_1_590' title='bbox 1597 3737 1913 3802; x_wconf 87' lang='lat' dir='ltr'><strong>ministerii,</strong></span> <span class='ocrx_word' id='word_1_591' title='bbox 1967 3738 2023 3791; x_wconf 91' lang='lat' dir='ltr'><strong>in</strong></span> 
     </span>
    </p>
   </div>
   <div class='ocr_carea' id='block_1_72' title="bbox 431 3826 2024 3898">
    <p class='ocr_par' dir='ltr' id='par_1_72' title="bbox 431 3826 2024 3898">
     <span class='ocr_line' id='line_1_72' title="bbox 431 3826 2024 3898; baseline -0.001 -15"><span class='ocrx_word' id='word_1_592' title='bbox 431 3826 850 3883; x_wconf 66' lang='lat' dir='ltr'><strong>aediﬁcationem</strong></span> <span class='ocrx_word' id='word_1_593' title='bbox 895 3827 1148 3898; x_wconf 89' lang='lat' dir='ltr'><strong>corporis</strong></span> <span class='ocrx_word' id='word_1_594' title='bbox 1190 3827 1421 3891; x_wconf 84' lang='lat' dir='ltr'><strong>Christi,</strong></span> <span class='ocrx_word' id='word_1_595' title='bbox 1463 3827 1639 3882; x_wconf 90' lang='lat' dir='ltr'><strong>donec</strong></span> <span class='ocrx_word' id='word_1_596' title='bbox 1666 3843 2024 3883; x_wconf 85' lang='lat' dir='ltr'><strong>occurramus</strong></span> 
     </span>
    </p>
   </div>
   <div class='ocr_carea' id='block_1_73' title="bbox 431 3918 2023 3990">
    <p class='ocr_par' dir='ltr' id='par_1_73' title="bbox 431 3918 2023 3990">
     <span class='ocr_line' id='line_1_73' title="bbox 431 3918 2023 3990; baseline 0 -16"><span class='ocrx_word' id='word_1_597' title='bbox 431 3933 626 3975; x_wconf 89' lang='lat' dir='ltr'><strong>omnes</strong></span> <span class='ocrx_word' id='word_1_598' title='bbox 654 3919 711 3973; x_wconf 90' lang='lat' dir='ltr'><strong>in</strong></span> <span class='ocrx_word' id='word_1_599' title='bbox 745 3922 1011 3974; x_wconf 87' lang='lat' dir='ltr'><strong>unitatem</strong></span> <span class='ocrx_word' id='word_1_600' title='bbox 1048 3919 1171 3974; x_wconf 75' lang='lat' dir='ltr'><strong>fidei</strong></span> <span class='ocrx_word' id='word_1_601' title='bbox 1207 3928 1262 3974; x_wconf 90' lang='lat' dir='ltr'><strong>et</strong></span> <span class='ocrx_word' id='word_1_602' title='bbox 1315 3920 1616 3990; x_wconf 84' lang='lat' dir='ltr'><strong>agnitionis</strong></span> <span class='ocrx_word' id='word_1_603' title='bbox 1650 3918 1776 3974; x_wconf 85' lang='lat' dir='ltr'><strong>Filii</strong></span> <span class='ocrx_word' id='word_1_604' title='bbox 1817 3919 1935 3985; x_wconf 88' lang='lat' dir='ltr'><strong>Dei,</strong></span> <span class='ocrx_word' id='word_1_605' title='bbox 1968 3921 2023 3974; x_wconf 90' lang='lat' dir='ltr'><strong>in</strong></span> 
     </span>
    </p>
   </div>
   <div class='ocr_carea' id='block_1_74' title="bbox 429 4011 2023 4083">
    <p class='ocr_par' dir='ltr' id='par_1_74' title="bbox 429 4011 2023 4083">
     <span class='ocr_line' id='line_1_74' title="bbox 429 4011 2023 4083; baseline -0.001 -15"><span class='ocrx_word' id='word_1_606' title='bbox 429 4012 612 4068; x_wconf 87' lang='lat' dir='ltr'><strong>virum</strong></span> <span class='ocrx_word' id='word_1_607' title='bbox 639 4011 961 4083; x_wconf 78' lang='lat' dir='ltr'><strong>perfectum,</strong></span> <span class='ocrx_word' id='word_1_608' title='bbox 991 4013 1048 4066; x_wconf 92' lang='lat' dir='ltr'><strong>in</strong></span> <span class='ocrx_word' id='word_1_609' title='bbox 1078 4027 1397 4067; x_wconf 87' lang='lat' dir='ltr'><strong>mensuram</strong></span> <span class='ocrx_word' id='word_1_610' title='bbox 1441 4013 1623 4066; x_wconf 63' lang='lat' dir='ltr'><strong>aetatis</strong></span> <span class='ocrx_word' id='word_1_611' title='bbox 1656 4012 2023 4082; x_wconf 89' lang='lat' dir='ltr'><strong>plenitudinis</strong></span> 
     </span>
    </p>
   </div>
   <div class='ocr_carea' id='block_1_75' title="bbox 428 4096 2024 4175">
    <p class='ocr_par' dir='ltr' id='par_1_75' title="bbox 428 4096 2024 4175">
     <span class='ocr_line' id='line_1_75' title="bbox 428 4096 2024 4175; baseline -0.003 -14"><span class='ocrx_word' id='word_1_612' title='bbox 428 4104 634 4161; x_wconf 85' lang='lat' dir='ltr'><strong>Christi</strong></span> <span class='ocrx_word' id='word_1_613' title='bbox 657 4120 672 4158; x_wconf 87' lang='lat'><strong>:</strong></span> <span class='ocrx_word' id='word_1_614' title='bbox 694 4112 755 4160; x_wconf 92' lang='lat' dir='ltr'><strong>ut</strong></span> <span class='ocrx_word' id='word_1_615' title='bbox 777 4105 891 4175; x_wconf 89' lang='lat' dir='ltr'><strong>jam</strong></span> <span class='ocrx_word' id='word_1_616' title='bbox 923 4121 1032 4161; x_wconf 88' lang='lat' dir='ltr'><strong>non</strong></span> <span class='ocrx_word' id='word_1_617' title='bbox 1065 4107 1239 4161; x_wconf 84' lang='lat' dir='ltr'><strong>simus</strong></span> <span class='ocrx_word' id='word_1_618' title='bbox 1269 4105 1506 4175; x_wconf 85' lang='lat' dir='ltr'><strong>parvuli,</strong></span> <span class='ocrx_word' id='word_1_619' title='bbox 1550 4096 2024 4158; x_wconf 31' lang='lat' dir='ltr'><strong>nec‘ﬂuctuantes</strong></span> 
     </span>
    </p>
   </div>
   <div class='ocr_carea' id='block_1_76' title="bbox 430 4196 2027 4259">
    <p class='ocr_par' dir='ltr' id='par_1_76' title="bbox 430 4196 2027 4259">
     <span class='ocr_line' id='line_1_76' title="bbox 430 4196 2027 4259; baseline -0.002 -6"><span class='ocrx_word' id='word_1_620' title='bbox 430 4197 889 4254; x_wconf 86' lang='lat' dir='ltr'><strong>circumferamur</strong></span> <span class='ocrx_word' id='word_1_621' title='bbox 923 4200 1074 4254; x_wconf 90' lang='lat' dir='ltr'><strong>omni</strong></span> <span class='ocrx_word' id='word_1_622' title='bbox 1119 4208 1284 4255; x_wconf 88' lang='lat' dir='ltr'><strong>vento</strong></span> <span class='ocrx_word' id='word_1_623' title='bbox 1333 4197 1626 4259; x_wconf 82' lang='lat' dir='ltr'><strong>doctrinae,</strong></span> <span class='ocrx_word' id='word_1_624' title='bbox 1677 4196 1733 4251; x_wconf 90' lang='lat' dir='ltr'><strong>in</strong></span> <span class='ocrx_word' id='word_1_625' title='bbox 1776 4198 1894 4251; x_wconf 90' lang='lat' dir='ltr'><strong>alea</strong></span> <span class='ocrx_word' id='word_1_626' title='bbox 1931 4197 2027 4250; x_wconf 93' lang='lat' dir='ltr'><strong>ho-</strong></span> 
     </span>
    </p>
   </div>
   <div class='ocr_carea' id='block_1_77' title="bbox 2122 3202 3730 3280">
    <p class='ocr_par' dir='ltr' id='par_1_77' title="bbox 2122 3202 3730 3280">
     <span class='ocr_line' id='line_1_77' title="bbox 2122 3202 3730 3280; baseline 0.005 -24"><span class='ocrx_word' id='word_1_627' title='bbox 2122 3203 2151 3256; x_wconf 89' lang='lat'><strong>6</strong></span> <span class='ocrx_word' id='word_1_628' title='bbox 2174 3202 2364 3273; x_wconf 80' lang='grc' dir='ltr'><strong>Πατὴρ</strong></span> <span class='ocrx_word' id='word_1_629' title='bbox 2388 3206 2511 3273; x_wconf 84' lang='grc' dir='ltr'><strong>ποιῇ</strong></span> <span class='ocrx_word' id='word_1_630' title='bbox 2540 3203 2671 3274; x_wconf 88' lang='grc'>(67),</span> <span class='ocrx_word' id='word_1_631' title='bbox 2702 3205 2876 3258; x_wconf 89' lang='grc' dir='ltr'><strong>ταῦτα</strong></span> <span class='ocrx_word' id='word_1_632' title='bbox 2905 3207 2999 3259; x_wconf 88' lang='lat' dir='ltr'><strong>xui</strong></span> <span class='ocrx_word' id='word_1_633' title='bbox 3025 3209 3054 3259; x_wconf 92' lang='lat'><strong>6</strong></span> <span class='ocrx_word' id='word_1_634' title='bbox 3100 3207 3231 3271; x_wconf 85' lang='grc' dir='ltr'><strong>Υἱὸς</strong></span> <span class='ocrx_word' id='word_1_635' title='bbox 3261 3210 3424 3261; x_wconf 86' lang='grc' dir='ltr'><strong>ποιεῖ.</strong></span> <span class='ocrx_word' id='word_1_636' title='bbox 3474 3228 3492 3259; x_wconf 75' lang='grc' dir='ltr'><strong>ι</strong></span> <span class='ocrx_word' id='word_1_637' title='bbox 3542 3209 3730 3280; x_wconf 83' lang='grc' dir='ltr'><strong>Πρόσ-</strong></span> 
     </span>
    </p>
   </div>
   <div class='ocr_carea' id='block_1_78' title="bbox 2123 3286 3723 3370">
    <p class='ocr_par' dir='ltr' id='par_1_78' title="bbox 2123 3286 3723 3370">
     <span class='ocr_line' id='line_1_78' title="bbox 2123 3286 3723 3370; baseline 0.006 -26"><span class='ocrx_word' id='word_1_638' title='bbox 2123 3311 2217 3363; x_wconf 90' lang='grc' dir='ltr'><strong>εχε</strong></span> <span class='ocrx_word' id='word_1_639' title='bbox 2269 3293 2387 3357; x_wconf 87' lang='grc' dir='ltr'><strong>πῶς</strong></span> <span class='ocrx_word' id='word_1_640' title='bbox 2422 3295 2695 3367; x_wconf 83' lang='grc' dir='ltr'><strong>ὑπουργὸς</strong></span> <span class='ocrx_word' id='word_1_641' title='bbox 2728 3296 2822 3350; x_wconf 76' lang='grc' dir='ltr'><strong>καὶ</strong></span> <span class='ocrx_word' id='word_1_642' title='bbox 2866 3299 2925 3350; x_wconf 88' lang='grc' dir='ltr'><strong>ού</strong></span> <span class='ocrx_word' id='word_1_643' title='bbox 2953 3297 3283 3370; x_wconf 88' lang='grc' dir='ltr'><strong>δημιουργός</strong></span> <span class='ocrx_word' id='word_1_644' title='bbox 3324 3286 3471 3353; x_wconf 83' lang='grc' dir='ltr'><strong>ἐστιν</strong></span> <span class='ocrx_word' id='word_1_645' title='bbox 3503 3302 3532 3354; x_wconf 84' lang='lat'><strong>6</strong></span> <span class='ocrx_word' id='word_1_646' title='bbox 3566 3300 3723 3365; x_wconf 81' lang='grc' dir='ltr'><strong>Υἱός.</strong></span> 
     </span>
    </p>
   </div>
   <div class='ocr_carea' id='block_1_79' title="bbox 2138 3382 3723 3465">
    <p class='ocr_par' dir='ltr' id='par_1_79' title="bbox 2138 3382 3723 3465">
     <span class='ocr_line' id='line_1_79' title="bbox 2138 3382 3723 3465; baseline 0.006 -26"><span class='ocrx_word' id='word_1_647' title='bbox 2138 3389 2249 3440; x_wconf 87' lang='grc' dir='ltr'><strong>Ἀθ.</strong></span> <span class='ocrx_word' id='word_1_648' title='bbox 2299 3382 2489 3441; x_wconf 56' lang='grc' dir='ltr'><strong>εἶπεν</strong></span> <span class='ocrx_word' id='word_1_649' title='bbox 2540 3390 2715 3461; x_wconf 88' lang='grc' dir='ltr'><strong>Ὅρα·</strong></span> <span class='ocrx_word' id='word_1_650' title='bbox 2762 3391 2838 3464; x_wconf 76' lang='grc' dir='ltr'><strong>μὴ</strong></span> <span class='ocrx_word' id='word_1_651' title='bbox 2888 3391 3063 3463; x_wconf 87' lang='grc' dir='ltr'><strong>μάχου</strong></span> <span class='ocrx_word' id='word_1_652' title='bbox 3109 3393 3247 3463; x_wconf 86' lang='grc' dir='ltr'><strong>πρὸς</strong></span> <span class='ocrx_word' id='word_1_653' title='bbox 3293 3393 3393 3464; x_wconf 85' lang='grc' dir='ltr'><strong>τὴν</strong></span> <span class='ocrx_word' id='word_1_654' title='bbox 3439 3392 3723 3465; x_wconf 83' lang='grc' dir='ltr'><strong>ἀλήθειαν.</strong></span> 
     </span>
    </p>
   </div>
   <div class='ocr_carea' id='block_1_80' title="bbox 2127 3477 3729 3559">
    <p class='ocr_par' dir='ltr' id='par_1_80' title="bbox 2127 3477 3729 3559">
     <span class='ocr_line' id='line_1_80' title="bbox 2127 3477 3729 3559; baseline 0.006 -29"><span class='ocrx_word' id='word_1_655' title='bbox 2127 3477 2307 3551; x_wconf 88' lang='grc' dir='ltr'><strong>Ὅπερ</strong></span> <span class='ocrx_word' id='word_1_656' title='bbox 2338 3479 2448 3551; x_wconf 83' lang='grc' dir='ltr'><strong>γὰρ</strong></span> <span class='ocrx_word' id='word_1_657' title='bbox 2492 3480 2587 3534; x_wconf 86' lang='grc' dir='ltr'><strong>τοῦ</strong></span> <span class='ocrx_word' id='word_1_658' title='bbox 2628 3481 2842 3535; x_wconf 89' lang='grc' dir='ltr'><strong>Παύλου</strong></span> <span class='ocrx_word' id='word_1_659' title='bbox 2894 3485 3058 3554; x_wconf 80' lang='grc' dir='ltr'><strong>ῥητὸν</strong></span> <span class='ocrx_word' id='word_1_660' title='bbox 3101 3484 3277 3548; x_wconf 84' lang='grc' dir='ltr'><strong>δοκεῖς</strong></span> <span class='ocrx_word' id='word_1_661' title='bbox 3318 3489 3540 3555; x_wconf 82' lang='grc' dir='ltr'><strong>κρατεῖν</strong></span> <span class='ocrx_word' id='word_1_662' title='bbox 3590 3488 3729 3559; x_wconf 71' lang='grc' dir='ltr'><strong>περὶ</strong></span> 
     </span>
    </p>
   </div>
   <div class='ocr_carea' id='block_1_81' title="bbox 2126 3569 3728 3650">
    <p class='ocr_par' dir='ltr' id='par_1_81' title="bbox 2126 3569 3728 3650">
     <span class='ocr_line' id='line_1_81' title="bbox 2126 3569 3728 3650; baseline 0.005 -28"><span class='ocrx_word' id='word_1_663' title='bbox 2126 3569 2262 3623; x_wconf 84' lang='grc' dir='ltr'><strong>Θεοῦ</strong></span> <span class='ocrx_word' id='word_1_664' title='bbox 2291 3571 2526 3643; x_wconf 83' lang='grc' dir='ltr'><strong>Πατρὸς,</strong></span> <span class='ocrx_word' id='word_1_665' title='bbox 2556 3572 2714 3625; x_wconf 90' lang='grc' dir='ltr'><strong>τοῦτο</strong></span> <span class='ocrx_word' id='word_1_666' title='bbox 2739 3575 2833 3628; x_wconf 89' lang='lat' dir='ltr'><strong>xui</strong></span> <span class='ocrx_word' id='word_1_667' title='bbox 2862 3576 2991 3647; x_wconf 82' lang='grc' dir='ltr'><strong>περὶ</strong></span> <span class='ocrx_word' id='word_1_668' title='bbox 3019 3575 3113 3629; x_wconf 89' lang='grc' dir='ltr'><strong>τοῦ</strong></span> <span class='ocrx_word' id='word_1_669' title='bbox 3143 3575 3275 3629; x_wconf 81' lang='grc' dir='ltr'><strong>Υἱοῦ</strong></span> <span class='ocrx_word' id='word_1_670' title='bbox 3304 3578 3560 3648; x_wconf 84' lang='grc' dir='ltr'><strong>εὑρήσεις</strong></span> <span class='ocrx_word' id='word_1_671' title='bbox 3590 3580 3728 3650; x_wconf 83' lang='grc' dir='ltr'><strong>παρ’</strong></span> 
     </span>
    </p>
   </div>
   <div class='ocr_carea' id='block_1_82' title="bbox 2127 3662 3729 3740">
    <p class='ocr_par' dir='ltr' id='par_1_82' title="bbox 2127 3662 3729 3740">
     <span class='ocr_line' id='line_1_82' title="bbox 2127 3662 3729 3740; baseline 0.006 -26"><span class='ocrx_word' id='word_1_672' title='bbox 2127 3662 2276 3732; x_wconf 83' lang='grc' dir='ltr'><strong>αύτῴ</strong></span> <span class='ocrx_word' id='word_1_673' title='bbox 2304 3662 2383 3735; x_wconf 82' lang='grc' dir='ltr'><strong>τῷ</strong></span> <span class='ocrx_word' id='word_1_674' title='bbox 2420 3665 2726 3736; x_wconf 81' lang='grc' dir='ltr'><strong>Ἀποστόλῳ</strong></span> <span class='ocrx_word' id='word_1_675' title='bbox 2754 3665 3064 3738; x_wconf 74' lang='grc' dir='ltr'><strong>λεγόμενοψ</strong></span> <span class='ocrx_word' id='word_1_676' title='bbox 3096 3668 3231 3740; x_wconf 73' lang='grc' dir='ltr'><strong>φησὶ</strong></span> <span class='ocrx_word' id='word_1_677' title='bbox 3256 3668 3365 3738; x_wconf 87' lang='grc' dir='ltr'><strong>γάρ</strong></span> <span class='ocrx_word' id='word_1_678' title='bbox 3383 3686 3397 3698; x_wconf 79' lang='lat'><strong>-</strong></span> <span class='ocrx_word' id='word_1_679' title='bbox 3429 3686 3448 3718; x_wconf 73' lang='grc' dir='ltr'><strong>ι</strong></span> <span class='ocrx_word' id='word_1_680' title='bbox 3478 3670 3593 3722; x_wconf 84' lang='lat' dir='ltr'><strong>Kui</strong></span> <span class='ocrx_word' id='word_1_681' title='bbox 3620 3671 3729 3723; x_wconf 82' lang='grc' dir='ltr'><strong>αῦ-</strong></span> 
     </span>
    </p>
   </div>
   <div class='ocr_carea' id='block_1_83' title="bbox 2125 3754 3726 3834">
    <p class='ocr_par' dir='ltr' id='par_1_83' title="bbox 2125 3754 3726 3834">
     <span class='ocr_line' id='line_1_83' title="bbox 2125 3754 3726 3834; baseline 0.006 -28"><span class='ocrx_word' id='word_1_682' title='bbox 2125 3754 2219 3817; x_wconf 87' lang='grc' dir='ltr'><strong>τὸς</strong></span> <span class='ocrx_word' id='word_1_683' title='bbox 2273 3754 2426 3809; x_wconf 78' lang='grc' dir='ltr'><strong>ἔθετο</strong></span> <span class='ocrx_word' id='word_1_684' title='bbox 2475 3757 2532 3809; x_wconf 88' lang='grc' dir='ltr'><strong>ἐν</strong></span> <span class='ocrx_word' id='word_1_685' title='bbox 2586 3760 2651 3829; x_wconf 82' lang='grc' dir='ltr'><strong>τῇ</strong></span> <span class='ocrx_word' id='word_1_686' title='bbox 2711 3759 3008 3831; x_wconf 79' lang='grc' dir='ltr'><strong>Ἐκκλησία</strong></span> <span class='ocrx_word' id='word_1_687' title='bbox 3033 3802 3046 3827; x_wconf 96' lang='grc'><strong>,</strong></span> <span class='ocrx_word' id='word_1_688' title='bbox 3094 3760 3313 3834; x_wconf 87' lang='grc' dir='ltr'><strong>πρῶτον</strong></span> <span class='ocrx_word' id='word_1_689' title='bbox 3361 3762 3726 3829; x_wconf 86' lang='grc' dir='ltr'><strong>ἀποστόλους,</strong></span> 
     </span>
    </p>
   </div>
   <div class='ocr_carea' id='block_1_84' title="bbox 2126 3845 3730 3921">
    <p class='ocr_par' dir='ltr' id='par_1_84' title="bbox 2126 3845 3730 3921">
     <span class='ocr_line' id='line_1_84' title="bbox 2126 3845 3730 3921; baseline 0.007 -24"><span class='ocrx_word' id='word_1_690' title='bbox 2126 3845 2378 3917; x_wconf 78' lang='grc' dir='ltr'><strong>δεύτερον</strong></span> <span class='ocrx_word' id='word_1_691' title='bbox 2416 3850 2724 3920; x_wconf 81' lang='grc' dir='ltr'><strong>προφήτας,</strong></span> <span class='ocrx_word' id='word_1_692' title='bbox 2773 3852 2901 3915; x_wconf 77' lang='grc' dir='ltr'><strong>τοὺς</strong></span> <span class='ocrx_word' id='word_1_693' title='bbox 2947 3851 3005 3905; x_wconf 90' lang='grc' dir='ltr'><strong>δέ</strong></span> <span class='ocrx_word' id='word_1_694' title='bbox 3045 3851 3473 3921; x_wconf 71' lang='grc' dir='ltr'><strong>εὐαγγελιστάς,</strong></span> <span class='ocrx_word' id='word_1_695' title='bbox 3506 3855 3637 3918; x_wconf 82' lang='grc' dir='ltr'><strong>τοὺς</strong></span> <span class='ocrx_word' id='word_1_696' title='bbox 3665 3855 3730 3908; x_wconf 77' lang='grc' dir='ltr'><strong>δὲ.</strong></span> 
     </span>
    </p>
   </div>
   <div class='ocr_carea' id='block_1_85' title="bbox 2127 3939 3731 4017">
    <p class='ocr_par' dir='ltr' id='par_1_85' title="bbox 2127 3939 3731 4017">
     <span class='ocr_line' id='line_1_85' title="bbox 2127 3939 3731 4017; baseline 0.006 -26"><span class='ocrx_word' id='word_1_697' title='bbox 2127 3939 2392 4009; x_wconf 83' lang='grc' dir='ltr'><strong>ποιμένας</strong></span> <span class='ocrx_word' id='word_1_698' title='bbox 2421 3941 2515 3994; x_wconf 87' lang='lat' dir='ltr'><strong>xui</strong></span> <span class='ocrx_word' id='word_1_699' title='bbox 2539 3941 2916 4007; x_wconf 84' lang='grc' dir='ltr'><strong>διδασκάλους.</strong></span> <span class='ocrx_word' id='word_1_700' title='bbox 2944 3945 3080 4015; x_wconf 86' lang='grc' dir='ltr'><strong>πρὸς</strong></span> <span class='ocrx_word' id='word_1_701' title='bbox 3102 3944 3195 3998; x_wconf 89' lang='grc' dir='ltr'><strong>τὸν</strong></span> <span class='ocrx_word' id='word_1_702' title='bbox 3218 3947 3593 4017; x_wconf 85' lang='grc' dir='ltr'><strong>καταρτισμὸν</strong></span> <span class='ocrx_word' id='word_1_703' title='bbox 3612 3948 3731 4001; x_wconf 87' lang='grc' dir='ltr'><strong>τῶν</strong></span> 
     </span>
    </p>
   </div>
   <div class='ocr_carea' id='block_1_86' title="bbox 2127 4026 3729 4106">
    <p class='ocr_par' dir='ltr' id='par_1_86' title="bbox 2127 4026 3729 4106">
     <span class='ocr_line' id='line_1_86' title="bbox 2127 4026 3729 4106; baseline 0.006 -28"><span class='ocrx_word' id='word_1_704' title='bbox 2127 4026 2292 4091; x_wconf 88' lang='grc' dir='ltr'><strong>λαῶν,</strong></span> <span class='ocrx_word' id='word_1_705' title='bbox 2325 4030 2407 4091; x_wconf 84' lang='grc' dir='ltr'><strong>είς</strong></span> <span class='ocrx_word' id='word_1_706' title='bbox 2436 4028 2595 4101; x_wconf 80' lang='grc' dir='ltr'><strong>ἔργον</strong></span> <span class='ocrx_word' id='word_1_707' title='bbox 2628 4030 2925 4095; x_wconf 84' lang='grc' dir='ltr'><strong>διακονίας,</strong></span> <span class='ocrx_word' id='word_1_708' title='bbox 2957 4033 3038 4095; x_wconf 89' lang='grc' dir='ltr'><strong>είς</strong></span> <span class='ocrx_word' id='word_1_709' title='bbox 3067 4033 3361 4105; x_wconf 80' lang='grc' dir='ltr'><strong>οἰκοδομὴν</strong></span> <span class='ocrx_word' id='word_1_710' title='bbox 3394 4034 3488 4087; x_wconf 89' lang='grc' dir='ltr'><strong>τοῦ</strong></span> <span class='ocrx_word' id='word_1_711' title='bbox 3529 4034 3729 4106; x_wconf 84' lang='grc' dir='ltr'><strong>σώμα-</strong></span> 
     </span>
    </p>
   </div>
   <div class='ocr_carea' id='block_1_87' title="bbox 2125 4118 3731 4196">
    <p class='ocr_par' dir='ltr' id='par_1_87' title="bbox 2125 4118 3731 4196">
     <span class='ocr_line' id='line_1_87' title="bbox 2125 4118 3731 4196; baseline 0.008 -26"><span class='ocrx_word' id='word_1_712' title='bbox 2125 4135 2217 4183; x_wconf 84' lang='grc' dir='ltr'><strong>τος</strong></span> <span class='ocrx_word' id='word_1_713' title='bbox 2242 4118 2336 4172; x_wconf 90' lang='grc' dir='ltr'><strong>τοῦ</strong></span> <span class='ocrx_word' id='word_1_714' title='bbox 2369 4121 2629 4190; x_wconf 87' lang='grc' dir='ltr'><strong>Χριστοῦ,</strong></span> <span class='ocrx_word' id='word_1_715' title='bbox 2665 4122 2827 4194; x_wconf 87' lang='grc' dir='ltr'><strong>μέχρι</strong></span> <span class='ocrx_word' id='word_1_716' title='bbox 2862 4125 3296 4196; x_wconf 83' lang='grc' dir='ltr'><strong>καταντήσωμεν</strong></span> <span class='ocrx_word' id='word_1_717' title='bbox 3328 4128 3377 4179; x_wconf 86' lang='grc' dir='ltr'><strong>οἱ</strong></span> <span class='ocrx_word' id='word_1_718' title='bbox 3412 4126 3621 4192; x_wconf 84' lang='grc' dir='ltr'><strong>πάντες</strong></span> <span class='ocrx_word' id='word_1_719' title='bbox 3642 4130 3731 4193; x_wconf 74' lang='grc' dir='ltr'><strong>εἰς</strong></span> 
     </span>
    </p>
   </div>
   <div class='ocr_carea' id='block_1_88' title="bbox 2127 4211 3729 4288">
    <p class='ocr_par' dir='ltr' id='par_1_88' title="bbox 2127 4211 3729 4288">
     <span class='ocr_line' id='line_1_88' title="bbox 2127 4211 3729 4288; baseline 0.009 -25"><span class='ocrx_word' id='word_1_720' title='bbox 2127 4211 2225 4282; x_wconf 75' lang='grc' dir='ltr'><strong>τὴν</strong></span> <span class='ocrx_word' id='word_1_721' title='bbox 2271 4212 2502 4283; x_wconf 76' lang='grc' dir='ltr'><strong>ἑνότητα</strong></span> <span class='ocrx_word' id='word_1_722' title='bbox 2542 4215 2641 4284; x_wconf 76' lang='grc' dir='ltr'><strong>τῆς</strong></span> <span class='ocrx_word' id='word_1_723' title='bbox 2674 4215 2910 4280; x_wconf 83' lang='grc' dir='ltr'><strong>πίστεως</strong></span> <span class='ocrx_word' id='word_1_724' title='bbox 2946 4218 3040 4269; x_wconf 85' lang='lat' dir='ltr'><strong>xui</strong></span> <span class='ocrx_word' id='word_1_725' title='bbox 3085 4218 3185 4288; x_wconf 85' lang='grc' dir='ltr'><strong>τῆς</strong></span> <span class='ocrx_word' id='word_1_726' title='bbox 3231 4220 3584 4287; x_wconf 80' lang='grc' dir='ltr'><strong>ἐπιγνώσεως</strong></span> <span class='ocrx_word' id='word_1_727' title='bbox 3626 4223 3729 4277; x_wconf 82' lang='grc' dir='ltr'><strong>τοῦ</strong></span> 
     </span>
    </p>
   </div>
   <div class='ocr_carea' id='block_1_89' title="bbox 430 4289 2025 4384">
    <p class='ocr_par' dir='ltr' id='par_1_89' title="bbox 430 4289 2021 4355">
     <span class='ocr_line' id='line_1_89' title="bbox 430 4289 2021 4355; baseline 0.001 -12"><span class='ocrx_word' id='word_1_728' title='bbox 430 4289 667 4355; x_wconf 90' lang='lat' dir='ltr'><strong>minum,</strong></span> <span class='ocrx_word' id='word_1_729' title='bbox 697 4291 754 4345; x_wconf 88' lang='lat' dir='ltr'><strong>in</strong></span> <span class='ocrx_word' id='word_1_730' title='bbox 785 4294 991 4347; x_wconf 90' lang='lat' dir='ltr'><strong>astutia</strong></span> <span class='ocrx_word' id='word_1_731' title='bbox 1022 4292 1089 4347; x_wconf 91' lang='lat' dir='ltr'><strong>ad</strong></span> <span class='ocrx_word' id='word_1_732' title='bbox 1122 4291 1496 4347; x_wconf 90' lang='lat' dir='ltr'><strong>inducendum</strong></span> <span class='ocrx_word' id='word_1_733' title='bbox 1533 4291 1590 4344; x_wconf 90' lang='lat' dir='ltr'><strong>in</strong></span> <span class='ocrx_word' id='word_1_734' title='bbox 1617 4304 1860 4345; x_wconf 89' lang='lat' dir='ltr'><strong>errorem</strong></span> <span class='ocrx_word' id='word_1_735' title='bbox 1888 4308 1900 4344; x_wconf 92' lang='lat'>:</span> <span class='ocrx_word' id='word_1_736' title='bbox 1927 4289 2021 4344; x_wconf 87' lang='lat' dir='ltr'><strong>sed</strong></span> 
     </span>
    </p>
   </div>
   <div class='ocr_carea' id='block_1_90' title="bbox 2132 4289 3733 4384">
    <p class='ocr_par' dir='ltr' id='par_1_90' title="bbox 2132 4302 3733 4384">
     <span class='ocr_line' id='line_1_90' title="bbox 2132 4302 3733 4384; baseline 0.008 -29"><span class='ocrx_word' id='word_1_737' title='bbox 2132 4302 2259 4356; x_wconf 87' lang='grc' dir='ltr'><strong>Υἱοῦ</strong></span> <span class='ocrx_word' id='word_1_738' title='bbox 2290 4303 2384 4356; x_wconf 88' lang='grc' dir='ltr'><strong>τοῦ</strong></span> <span class='ocrx_word' id='word_1_739' title='bbox 2423 4304 2579 4371; x_wconf 88' lang='grc' dir='ltr'><strong>Θεοῦ,</strong></span> <span class='ocrx_word' id='word_1_740' title='bbox 2609 4309 2689 4369; x_wconf 77' lang='grc' dir='ltr'><strong>εἰς</strong></span> <span class='ocrx_word' id='word_1_741' title='bbox 2715 4307 2884 4379; x_wconf 83' lang='grc' dir='ltr'><strong>ἄνδρα</strong></span> <span class='ocrx_word' id='word_1_742' title='bbox 2912 4307 3136 4374; x_wconf 80' lang='grc' dir='ltr'><strong>τέλειον,</strong></span> <span class='ocrx_word' id='word_1_743' title='bbox 3172 4312 3251 4373; x_wconf 83' lang='grc' dir='ltr'><strong>είς</strong></span> <span class='ocrx_word' id='word_1_744' title='bbox 3280 4311 3478 4382; x_wconf 82' lang='grc' dir='ltr'><strong>μέτρον</strong></span> <span class='ocrx_word' id='word_1_745' title='bbox 3500 4313 3733 4384; x_wconf 80' lang='grc' dir='ltr'><strong>ἡλικίας</strong></span> 
     </span>
    </p>
   </div>
   <div class='ocr_carea' id='block_1_91' title="bbox 429 4374 2025 4478">
    <p class='ocr_par' dir='ltr' id='par_1_91' title="bbox 429 4381 2024 4447">
     <span class='ocr_line' id='line_1_91' title="bbox 429 4381 2024 4447; baseline -0.003 -8"><span class='ocrx_word' id='word_1_746' title='bbox 429 4385 718 4439; x_wconf 87' lang='lat' dir='ltr'><strong>veritatem</strong></span> <span class='ocrx_word' id='word_1_747' title='bbox 748 4393 1024 4440; x_wconf 89' lang='lat' dir='ltr'><strong>sectantes</strong></span> <span class='ocrx_word' id='word_1_748' title='bbox 1052 4386 1106 4439; x_wconf 92' lang='lat' dir='ltr'><strong>in</strong></span> <span class='ocrx_word' id='word_1_749' title='bbox 1144 4384 1435 4447; x_wconf 82' lang='lat' dir='ltr'><strong>charitate,</strong></span> <span class='ocrx_word' id='word_1_750' title='bbox 1485 4397 1804 4437; x_wconf 90' lang='lat' dir='ltr'><strong>crescamus</strong></span> <span class='ocrx_word' id='word_1_751' title='bbox 1845 4383 1901 4436; x_wconf 93' lang='lat' dir='ltr'><strong>in</strong></span> <span class='ocrx_word' id='word_1_752' title='bbox 1932 4381 2024 4435; x_wconf 87' lang='lat' dir='ltr'><strong>illo</strong></span> 
     </span>
    </p>
   </div>
   <div class='ocr_carea' id='block_1_92' title="bbox 2132 4374 3735 4478">
    <p class='ocr_par' dir='ltr' id='par_1_92' title="bbox 2132 4393 3735 4478">
     <span class='ocr_line' id='line_1_92' title="bbox 2132 4393 3735 4478; baseline 0.008 -32"><span class='ocrx_word' id='word_1_753' title='bbox 2132 4393 2222 4447; x_wconf 89' lang='grc' dir='ltr'><strong>τοῦ</strong></span> <span class='ocrx_word' id='word_1_754' title='bbox 2264 4394 2628 4468; x_wconf 80' lang='grc' dir='ltr'><strong>πληρώματος</strong></span> <span class='ocrx_word' id='word_1_755' title='bbox 2657 4398 2752 4450; x_wconf 90' lang='grc' dir='ltr'><strong>τοῦ</strong></span> <span class='ocrx_word' id='word_1_756' title='bbox 2783 4398 3047 4469; x_wconf 87' lang='grc' dir='ltr'><strong>Χριστοῦ,</strong></span> <span class='ocrx_word' id='word_1_757' title='bbox 3081 4400 3168 4454; x_wconf 85' lang='grc' dir='ltr'><strong>ἵνα</strong></span> <span class='ocrx_word' id='word_1_758' title='bbox 3206 4403 3402 4473; x_wconf 84' lang='grc' dir='ltr'><strong>μηκέτι</strong></span> <span class='ocrx_word' id='word_1_759' title='bbox 3435 4396 3588 4475; x_wconf 79' lang='grc' dir='ltr'><strong>ὦμεν</strong></span> <span class='ocrx_word' id='word_1_760' title='bbox 3627 4407 3735 4478; x_wconf 75' lang='grc' dir='ltr'><strong>νή-</strong></span> 
     </span>
    </p>
   </div>
   <div class='ocr_carea' id='block_1_93' title="bbox 428 4476 2017 4555">
    <p class='ocr_par' dir='ltr' id='par_1_93' title="bbox 428 4476 2017 4555">
     <span class='ocr_line' id='line_1_93' title="bbox 428 4476 2017 4555; baseline -0.002 -23"><span class='ocrx_word' id='word_1_761' title='bbox 428 4491 529 4555; x_wconf 86' lang='lat' dir='ltr'><strong>per</strong></span> <span class='ocrx_word' id='word_1_762' title='bbox 556 4477 764 4543; x_wconf 90' lang='lat' dir='ltr'><strong>omnia,</strong></span> <span class='ocrx_word' id='word_1_763' title='bbox 807 4478 902 4548; x_wconf 90' lang='lat' dir='ltr'><strong>qui</strong></span> <span class='ocrx_word' id='word_1_764' title='bbox 932 4486 1015 4533; x_wconf 88' lang='lat' dir='ltr'><strong>est</strong></span> <span class='ocrx_word' id='word_1_765' title='bbox 1048 4488 1233 4547; x_wconf 89' lang='lat' dir='ltr'><strong>caput,</strong></span> <span class='ocrx_word' id='word_1_766' title='bbox 1267 4476 1561 4531; x_wconf 85' lang='lat' dir='ltr'><strong>Christus:</strong></span> <span class='ocrx_word' id='word_1_767' title='bbox 1590 4491 1655 4530; x_wconf 76' lang='lat' dir='ltr'><strong>ea:</strong></span> <span class='ocrx_word' id='word_1_768' title='bbox 1692 4492 1794 4546; x_wconf 87' lang='lat' dir='ltr'><strong>quo</strong></span> <span class='ocrx_word' id='word_1_769' title='bbox 1840 4483 2017 4531; x_wconf 90' lang='lat' dir='ltr'><strong>totum</strong></span> 
     </span>
    </p>
   </div>
   <div class='ocr_carea' id='block_1_94' title="bbox 429 4581 2020 4645">
    <p class='ocr_par' dir='ltr' id='par_1_94' title="bbox 429 4581 2020 4645">
     <span class='ocr_line' id='line_1_94' title="bbox 429 4581 2020 4645; baseline -0.003 -16"><span class='ocrx_word' id='word_1_770' title='bbox 429 4589 634 4643; x_wconf 86' lang='lat' dir='ltr'><strong>corpus</strong></span> <span class='ocrx_word' id='word_1_771' title='bbox 665 4581 1014 4645; x_wconf 81' lang='lat' dir='ltr'><strong>compactum</strong></span> <span class='ocrx_word' id='word_1_772' title='bbox 1055 4582 1109 4628; x_wconf 88' lang='lat' dir='ltr'><strong>et</strong></span> <span class='ocrx_word' id='word_1_773' title='bbox 1136 4588 1446 4627; x_wconf 81' lang='lat' dir='ltr'><strong>connexum</strong></span> <span class='ocrx_word' id='word_1_774' title='bbox 1479 4586 1579 4642; x_wconf 88' lang='lat' dir='ltr'><strong>per</strong></span> <span class='ocrx_word' id='word_1_775' title='bbox 1613 4586 1830 4626; x_wconf 90' lang='lat' dir='ltr'><strong>omnem</strong></span> <span class='ocrx_word' id='word_1_776' title='bbox 1875 4585 2020 4624; x_wconf 84' lang='lat' dir='ltr'><strong>com-</strong></span> 
     </span>
    </p>
   </div>
   <div class='ocr_carea' id='block_1_95' title="bbox 428 4662 2021 4730">
    <p class='ocr_par' dir='ltr' id='par_1_95' title="bbox 428 4662 2021 4730">
     <span class='ocr_line' id='line_1_95' title="bbox 428 4662 2021 4730; baseline -0.002 -10"><span class='ocrx_word' id='word_1_777' title='bbox 428 4671 727 4728; x_wconf 83' lang='lat' dir='ltr'><strong>missuram</strong></span> <span class='ocrx_word' id='word_1_778' title='bbox 756 4667 1291 4723; x_wconf 89' lang='lat' dir='ltr'><strong>subministrationis</strong></span> <span class='ocrx_word' id='word_1_779' title='bbox 1315 4667 1385 4730; x_wconf 82' lang='lat'><strong>“,</strong></span> <span class='ocrx_word' id='word_1_780' title='bbox 1424 4685 1444 4719; x_wconf 86' lang='grc'><strong>›</strong></span> <span class='ocrx_word' id='word_1_781' title='bbox 1471 4672 1581 4720; x_wconf 84' lang='lat' dir='ltr'><strong>etc.</strong></span> <span class='ocrx_word' id='word_1_782' title='bbox 1607 4662 1848 4719; x_wconf 88' lang='lat' dir='ltr'><strong>Videsne</strong></span> <span class='ocrx_word' id='word_1_783' title='bbox 1868 4679 2021 4719; x_wconf 86' lang='lat' dir='ltr'><strong>eam-</strong></span> 
     </span>
    </p>
   </div>
   <div class='ocr_carea' id='block_1_96' title="bbox 427 4755 2017 4828">
    <p class='ocr_par' dir='ltr' id='par_1_96' title="bbox 427 4755 2017 4828">
     <span class='ocr_line' id='line_1_96' title="bbox 427 4755 2017 4828; baseline -0.003 -14"><span class='ocrx_word' id='word_1_784' title='bbox 427 4759 552 4814; x_wconf 90' lang='lat' dir='ltr'><strong>dem</strong></span> <span class='ocrx_word' id='word_1_785' title='bbox 606 4771 800 4813; x_wconf 82' lang='lat' dir='ltr'><strong>vocem</strong></span> <span class='ocrx_word' id='word_1_786' title='bbox 845 4757 914 4812; x_wconf 93' lang='lat' dir='ltr'><strong>de</strong></span> <span class='ocrx_word' id='word_1_787' title='bbox 965 4756 1129 4813; x_wconf 90' lang='lat' dir='ltr'><strong>Patre</strong></span> <span class='ocrx_word' id='word_1_788' title='bbox 1174 4765 1229 4828; x_wconf 86' lang='lat' dir='ltr'><strong>et</strong></span> <span class='ocrx_word' id='word_1_789' title='bbox 1281 4756 1423 4813; x_wconf 89' lang='lat' dir='ltr'><strong>Filio</strong></span> <span class='ocrx_word' id='word_1_790' title='bbox 1468 4755 1841 4812; x_wconf 90' lang='lat' dir='ltr'><strong>communiter</strong></span> <span class='ocrx_word' id='word_1_791' title='bbox 1885 4756 2017 4822; x_wconf 87' lang='lat' dir='ltr'><strong>dici,</strong></span> 
     </span>
    </p>
   </div>
   <div class='ocr_carea' id='block_1_97' title="bbox 425 4848 1521 4922">
    <p class='ocr_par' dir='ltr' id='par_1_97' title="bbox 425 4848 1521 4922">
     <span class='ocr_line' id='line_1_97' title="bbox 425 4848 1521 4922; baseline 0 -19"><span class='ocrx_word' id='word_1_792' title='bbox 425 4864 594 4922; x_wconf 90' lang='lat' dir='ltr'><strong>quam</strong></span> <span class='ocrx_word' id='word_1_793' title='bbox 625 4856 686 4904; x_wconf 94' lang='lat' dir='ltr'><strong>tu</strong></span> <span class='ocrx_word' id='word_1_794' title='bbox 713 4849 783 4905; x_wconf 88' lang='lat' dir='ltr'><strong>de</strong></span> <span class='ocrx_word' id='word_1_795' title='bbox 814 4850 934 4905; x_wconf 92' lang='lat' dir='ltr'><strong>solo</strong></span> <span class='ocrx_word' id='word_1_796' title='bbox 959 4848 1126 4905; x_wconf 88' lang='lat' dir='ltr'><strong>Patre</strong></span> <span class='ocrx_word' id='word_1_797' title='bbox 1160 4849 1521 4905; x_wconf 80' lang='lat' dir='ltr'><strong>intellexisti?</strong></span> 
     </span>
    </p>
   </div>
   <div class='ocr_carea' id='block_1_98' title="bbox 2128 4487 3736 4570">
    <p class='ocr_par' dir='ltr' id='par_1_98' title="bbox 2128 4487 3736 4570">
     <span class='ocr_line' id='line_1_98' title="bbox 2128 4487 3736 4570; baseline 0.007 -31"><span class='ocrx_word' id='word_1_798' title='bbox 2128 4504 2261 4553; x_wconf 86' lang='grc' dir='ltr'><strong>πιοι,</strong></span> <span class='ocrx_word' id='word_1_799' title='bbox 2290 4487 2741 4561; x_wconf 80' lang='grc' dir='ltr'><strong>κλυδωνιζόμενοι</strong></span> <span class='ocrx_word' id='word_1_800' title='bbox 2766 4491 2861 4545; x_wconf 91' lang='lat' dir='ltr'><strong>xui</strong></span> <span class='ocrx_word' id='word_1_801' title='bbox 2889 4493 3309 4565; x_wconf 81' lang='grc' dir='ltr'><strong>περιφερόμενοι</strong></span> <span class='ocrx_word' id='word_1_802' title='bbox 3341 4496 3505 4550; x_wconf 75' lang='grc' dir='ltr'><strong>παντὶ</strong></span> <span class='ocrx_word' id='word_1_803' title='bbox 3533 4497 3736 4570; x_wconf 80' lang='grc' dir='ltr'><strong>ἀνέμῳ</strong></span> 
     </span>
    </p>
   </div>
   <div class='ocr_carea' id='block_1_99' title="bbox 2124 4579 3735 4658">
    <p class='ocr_par' dir='ltr' id='par_1_99' title="bbox 2124 4579 3735 4658">
     <span class='ocr_line' id='line_1_99' title="bbox 2124 4579 3735 4658; baseline 0.007 -27"><span class='ocrx_word' id='word_1_804' title='bbox 2124 4580 2225 4650; x_wconf 83' lang='grc' dir='ltr'><strong>τῆς</strong></span> <span class='ocrx_word' id='word_1_805' title='bbox 2266 4579 2647 4646; x_wconf 79' lang='grc' dir='ltr'><strong>διδασκαλίας,</strong></span> <span class='ocrx_word' id='word_1_806' title='bbox 2693 4584 2752 4636; x_wconf 84' lang='grc' dir='ltr'><strong>ἐν</strong></span> <span class='ocrx_word' id='word_1_807' title='bbox 2795 4586 2863 4654; x_wconf 84' lang='grc' dir='ltr'><strong>τῇ</strong></span> <span class='ocrx_word' id='word_1_808' title='bbox 2916 4583 3111 4655; x_wconf 82' lang='grc' dir='ltr'><strong>κυϐείᾳ</strong></span> <span class='ocrx_word' id='word_1_809' title='bbox 3157 4585 3266 4640; x_wconf 89' lang='grc' dir='ltr'><strong>τῶν</strong></span> <span class='ocrx_word' id='word_1_810' title='bbox 3301 4585 3631 4658; x_wconf 82' lang='grc' dir='ltr'><strong>ἀνθρώπων,</strong></span> <span class='ocrx_word' id='word_1_811' title='bbox 3668 4592 3735 4643; x_wconf 83' lang='grc' dir='ltr'><strong>ἐν</strong></span> 
     </span>
    </p>
   </div>
   <div class='ocr_carea' id='block_1_100' title="bbox 2127 4671 3733 4753">
    <p class='ocr_par' dir='ltr' id='par_1_100' title="bbox 2127 4671 3733 4753">
     <span class='ocr_line' id='line_1_100' title="bbox 2127 4671 3733 4753; baseline 0.007 -31"><span class='ocrx_word' id='word_1_812' title='bbox 2127 4671 2434 4744; x_wconf 83' lang='grc' dir='ltr'><strong>πανουργίᾳ</strong></span> <span class='ocrx_word' id='word_1_813' title='bbox 2458 4672 2567 4746; x_wconf 90' lang='grc'>(68)</span> <span class='ocrx_word' id='word_1_814' title='bbox 2594 4674 2733 4746; x_wconf 88' lang='grc' dir='ltr'><strong>πρὸς</strong></span> <span class='ocrx_word' id='word_1_815' title='bbox 2759 4675 2859 4747; x_wconf 81' lang='grc' dir='ltr'><strong>τὴν</strong></span> <span class='ocrx_word' id='word_1_816' title='bbox 2893 4675 3170 4748; x_wconf 85' lang='grc' dir='ltr'><strong>μεθοδείαν</strong></span> <span class='ocrx_word' id='word_1_817' title='bbox 3197 4678 3296 4750; x_wconf 85' lang='grc' dir='ltr'><strong>τῆς</strong></span> <span class='ocrx_word' id='word_1_818' title='bbox 3320 4678 3555 4749; x_wconf 86' lang='grc' dir='ltr'><strong>πλάνης,</strong></span> <span class='ocrx_word' id='word_1_819' title='bbox 3589 4679 3733 4753; x_wconf 77' lang='grc' dir='ltr'><strong>ἀλη·</strong></span> 
     </span>
    </p>
   </div>
   <div class='ocr_carea' id='block_1_101' title="bbox 2122 4760 3728 4841">
    <p class='ocr_par' dir='ltr' id='par_1_101' title="bbox 2122 4760 3728 4841">
     <span class='ocr_line' id='line_1_101' title="bbox 2122 4760 3728 4841; baseline 0.008 -27"><span class='ocrx_word' id='word_1_820' title='bbox 2122 4760 2372 4829; x_wconf 83' lang='grc' dir='ltr'><strong>θεύοντες</strong></span> <span class='ocrx_word' id='word_1_821' title='bbox 2395 4766 2452 4819; x_wconf 81' lang='grc' dir='ltr'><strong>δὲ</strong></span> <span class='ocrx_word' id='word_1_822' title='bbox 2468 4771 2525 4822; x_wconf 87' lang='grc' dir='ltr'><strong>ἐν</strong></span> <span class='ocrx_word' id='word_1_823' title='bbox 2547 4768 2758 4841; x_wconf 81' lang='grc' dir='ltr'><strong>ἀγάπῃ,</strong></span> <span class='ocrx_word' id='word_1_824' title='bbox 2780 4768 3108 4841; x_wconf 78' lang='grc' dir='ltr'><strong>αὐξήσωμεν</strong></span> <span class='ocrx_word' id='word_1_825' title='bbox 3132 4772 3215 4835; x_wconf 85' lang='grc' dir='ltr'><strong>εἰς</strong></span> <span class='ocrx_word' id='word_1_826' title='bbox 3239 4772 3402 4825; x_wconf 83' lang='grc' dir='ltr'><strong>αὐτὸν</strong></span> <span class='ocrx_word' id='word_1_827' title='bbox 3420 4772 3490 4825; x_wconf 81' lang='grc' dir='ltr'><strong>τὰ</strong></span> <span class='ocrx_word' id='word_1_828' title='bbox 3514 4773 3728 4841; x_wconf 80' lang='grc' dir='ltr'><strong>πάντα,</strong></span> 
     </span>
    </p>
   </div>
   <div class='ocr_carea' id='block_1_102' title="bbox 2120 4854 3733 4936">
    <p class='ocr_par' dir='ltr' id='par_1_102' title="bbox 2120 4854 3733 4936">
     <span class='ocr_line' id='line_1_102' title="bbox 2120 4854 3733 4936; baseline 0.006 -29"><span class='ocrx_word' id='word_1_829' title='bbox 2120 4854 2181 4916; x_wconf 87' lang='grc' dir='ltr'><strong>ὃς</strong></span> <span class='ocrx_word' id='word_1_830' title='bbox 2225 4856 2373 4911; x_wconf 81' lang='grc' dir='ltr'><strong>ἐστιν</strong></span> <span class='ocrx_word' id='word_1_831' title='bbox 2407 4859 2440 4928; x_wconf 86' lang='grc' dir='ltr'>ὴ</span> <span class='ocrx_word' id='word_1_832' title='bbox 2476 4860 2705 4933; x_wconf 82' lang='grc' dir='ltr'><strong>κεφαλὴ,</strong></span> <span class='ocrx_word' id='word_1_833' title='bbox 2735 4864 2764 4915; x_wconf 96' lang='lat'><strong>6</strong></span> <span class='ocrx_word' id='word_1_834' title='bbox 2807 4863 3067 4932; x_wconf 88' lang='grc' dir='ltr'><strong>Χριστός·</strong></span> <span class='ocrx_word' id='word_1_835' title='bbox 3099 4864 3169 4928; x_wconf 78' lang='grc' dir='ltr'><strong>ἐξ</strong></span> <span class='ocrx_word' id='word_1_836' title='bbox 3207 4860 3280 4921; x_wconf 84' lang='grc' dir='ltr'><strong>οὗ</strong></span> <span class='ocrx_word' id='word_1_837' title='bbox 3317 4866 3425 4919; x_wconf 82' lang='grc' dir='ltr'><strong>πᾶν</strong></span> <span class='ocrx_word' id='word_1_838' title='bbox 3455 4864 3517 4918; x_wconf 83' lang='grc' dir='ltr'><strong>τὸ</strong></span> <span class='ocrx_word' id='word_1_839' title='bbox 3557 4864 3733 4936; x_wconf 82' lang='grc' dir='ltr'><strong>σῶμα</strong></span> 
     </span>
    </p>
   </div>
   <div class='ocr_carea' id='block_1_103' title="bbox 427 4941 3730 5029">
    <p class='ocr_par' dir='ltr' id='par_1_103' title="bbox 427 4941 3730 5029">
     <span class='ocr_line' id='line_1_103' title="bbox 427 4941 3730 5029; baseline 0.003 -33"><span class='ocrx_word' id='word_1_840' title='bbox 427 4942 1008 5015; x_wconf 77' lang='grc' dir='ltr'><strong>συναρμολογούμενον</strong></span> <span class='ocrx_word' id='word_1_841' title='bbox 1057 4944 1153 4998; x_wconf 88' lang='lat' dir='ltr'><strong>xui</strong></span> <span class='ocrx_word' id='word_1_842' title='bbox 1197 4943 1671 5015; x_wconf 80' lang='grc' dir='ltr'><strong>συμϐιὸαζόμενον</strong></span> <span class='ocrx_word' id='word_1_843' title='bbox 1712 4941 1801 4996; x_wconf 81' lang='grc' dir='ltr'><strong>διὰ</strong></span> <span class='ocrx_word' id='word_1_844' title='bbox 1845 4942 2030 5016; x_wconf 87' lang='grc' dir='ltr'><strong>πάσης</strong></span> <span class='ocrx_word' id='word_1_845' title='bbox 2066 4942 2214 5017; x_wconf 71' lang='grc' dir='ltr'><strong>ἁφῆς</strong></span> <span class='ocrx_word' id='word_1_846' title='bbox 2236 4949 2335 5021; x_wconf 82' lang='grc' dir='ltr'><strong>τῆς</strong></span> <span class='ocrx_word' id='word_1_847' title='bbox 2375 4951 2756 5025; x_wconf 83' lang='grc' dir='ltr'><strong>ἐπιχορηγίας,</strong></span> <span class='ocrx_word' id='word_1_848' title='bbox 2807 4975 2825 5007; x_wconf 73' lang='grc' dir='ltr'><strong>ι</strong></span> <span class='ocrx_word' id='word_1_849' title='bbox 2857 4957 2952 5009; x_wconf 88' lang='lat' dir='ltr'><strong>xui</strong></span> <span class='ocrx_word' id='word_1_850' title='bbox 2981 4954 3047 5007; x_wconf 84' lang='grc' dir='ltr'><strong>τὰ</strong></span> <span class='ocrx_word' id='word_1_851' title='bbox 3085 4955 3234 5027; x_wconf 74' lang='grc' dir='ltr'><strong>ἐξῆς.</strong></span> <span class='ocrx_word' id='word_1_852' title='bbox 3290 4957 3475 5027; x_wconf 83' lang='grc' dir='ltr'><strong>Ὁρᾷς,</strong></span> <span class='ocrx_word' id='word_1_853' title='bbox 3541 4957 3625 5010; x_wconf 80' lang='grc' dir='ltr'><strong>ὅτι</strong></span> <span class='ocrx_word' id='word_1_854' title='bbox 3688 4958 3730 5029; x_wconf 83' lang='grc' dir='ltr'><strong>ἡ</strong></span> 
     </span>
    </p>
   </div>
   <div class='ocr_carea' id='block_1_104' title="bbox 427 5038 3106 5123">
    <p class='ocr_par' dir='ltr' id='par_1_104' title="bbox 427 5038 3106 5123">
     <span class='ocr_line' id='line_1_104' title="bbox 427 5038 3106 5123; baseline 0.004 -31"><span class='ocrx_word' id='word_1_855' title='bbox 427 5039 580 5112; x_wconf 82' lang='grc' dir='ltr'><strong>φωνὴ</strong></span> <span class='ocrx_word' id='word_1_856' title='bbox 621 5040 815 5106; x_wconf 85' lang='grc' dir='ltr'><strong>κοινῶς</strong></span> <span class='ocrx_word' id='word_1_857' title='bbox 845 5043 1233 5113; x_wconf 84' lang='grc' dir='ltr'><strong>κατηγορεῖται</strong></span> <span class='ocrx_word' id='word_1_858' title='bbox 1254 5040 1470 5112; x_wconf 89' lang='grc' dir='ltr'><strong>Πατρὸς</strong></span> <span class='ocrx_word' id='word_1_859' title='bbox 1502 5040 1594 5093; x_wconf 87' lang='lat' dir='ltr'><strong>xui</strong></span> <span class='ocrx_word' id='word_1_860' title='bbox 1632 5038 1766 5092; x_wconf 87' lang='grc' dir='ltr'><strong>Υἱοῦ</strong></span> <span class='ocrx_word' id='word_1_861' title='bbox 1789 5079 1804 5105; x_wconf 93' lang='grc'>,</span> <span class='ocrx_word' id='word_1_862' title='bbox 1829 5039 1926 5092; x_wconf 87' lang='lat' dir='ltr'><strong>xui</strong></span> <span class='ocrx_word' id='word_1_863' title='bbox 1954 5041 2018 5093; x_wconf 86' lang='grc' dir='ltr'>σὺ</span> <span class='ocrx_word' id='word_1_864' title='bbox 2062 5046 2377 5116; x_wconf 88' lang='grc' dir='ltr'><strong>μονομερῶς</strong></span> <span class='ocrx_word' id='word_1_865' title='bbox 2403 5048 2531 5119; x_wconf 66' lang='grc' dir='ltr'><strong>περ)⁵</strong></span> <span class='ocrx_word' id='word_1_866' title='bbox 2553 5050 2767 5121; x_wconf 87' lang='grc' dir='ltr'><strong>Πατρὸς</strong></span> <span class='ocrx_word' id='word_1_867' title='bbox 2790 5050 3106 5123; x_wconf 80' lang='grc' dir='ltr'><strong>ἐξείληφας;</strong></span> 
     </span>
    </p>
   </div>
   <div class='ocr_carea' id='block_1_105' title="bbox 498 5154 2113 5226">
    <p class='ocr_par' dir='ltr' id='par_1_105' title="bbox 498 5154 2113 5226">
     <span class='ocr_line' id='line_1_105' title="bbox 498 5154 2113 5226; baseline 0 -12"><span class='ocrx_word' id='word_1_868' title='bbox 498 5158 546 5191; x_wconf 81' lang='grc'><strong>²⁰</strong></span> <span class='ocrx_word' id='word_1_869' title='bbox 587 5161 606 5215; x_wconf 91' lang='lat' dir='ltr'><strong>l</strong></span> <span class='ocrx_word' id='word_1_870' title='bbox 641 5162 771 5218; x_wconf 87' lang='lat' dir='ltr'><strong>Cor.</strong></span> <span class='ocrx_word' id='word_1_871' title='bbox 807 5174 944 5225; x_wconf 86' lang='lat' dir='ltr'><strong>vm,</strong></span> <span class='ocrx_word' id='word_1_872' title='bbox 979 5157 1032 5212; x_wconf 87' lang='lat'><em>6.</em></span> <span class='ocrx_word' id='word_1_873' title='bbox 1083 5158 1129 5190; x_wconf 73' lang='grc' dir='ltr'><strong>’ί</strong></span> <span class='ocrx_word' id='word_1_874' title='bbox 1162 5154 1318 5211; x_wconf 82' lang='lat' dir='ltr'><strong>Joan.</strong></span> <span class='ocrx_word' id='word_1_875' title='bbox 1352 5171 1408 5224; x_wconf 77' lang='grc' dir='ltr'>ν,</span> <span class='ocrx_word' id='word_1_876' title='bbox 1444 5155 1531 5210; x_wconf 80' lang='grc'><strong>19.</strong></span> <span class='ocrx_word' id='word_1_877' title='bbox 1575 5156 1619 5187; x_wconf 84' lang='grc'>²²</span> <span class='ocrx_word' id='word_1_878' title='bbox 1642 5154 1782 5226; x_wconf 88' lang='lat' dir='ltr'><strong>Eph.</strong></span> <span class='ocrx_word' id='word_1_879' title='bbox 1818 5171 1893 5223; x_wconf 82' lang='lat' dir='ltr'><strong>IV,</strong></span> <span class='ocrx_word' id='word_1_880' title='bbox 1923 5155 2113 5215; x_wconf 78' lang='grc'><strong>11-16.</strong></span> 
     </span>
    </p>
   </div>
   <div class='ocr_carea' id='block_1_106' title="bbox 502 5270 2038 5348">
    <p class='ocr_par' dir='ltr' id='par_1_106' title="bbox 502 5270 2038 5348">
     <span class='ocr_line' id='line_1_106' title="bbox 502 5270 2038 5348; baseline -0.004 -16"><span class='ocrx_word' id='word_1_881' title='bbox 502 5276 615 5348; x_wconf 65' lang='grc'>(61)</span> <span class='ocrx_word' id='word_1_882' title='bbox 650 5277 786 5348; x_wconf 79' lang='lat' dir='ltr'><strong>Reg.</strong></span> <span class='ocrx_word' id='word_1_883' title='bbox 813 5284 866 5332; x_wconf 91' lang='lat' dir='ltr'><strong>et</strong></span> <span class='ocrx_word' id='word_1_884' title='bbox 886 5275 1026 5348; x_wconf 86' lang='lat' dir='ltr'><strong>Aug.</strong></span> <span class='ocrx_word' id='word_1_885' title='bbox 1060 5275 1160 5347; x_wconf 81' lang='grc' dir='ltr'><strong>τῆς</strong></span> <span class='ocrx_word' id='word_1_886' title='bbox 1186 5273 1281 5329; x_wconf 88' lang='grc' dir='ltr'><strong>τοῦ</strong></span> <span class='ocrx_word' id='word_1_887' title='bbox 1315 5272 1547 5346; x_wconf 84' lang='grc' dir='ltr'><strong>Πατρός.</strong></span> <span class='ocrx_word' id='word_1_888' title='bbox 1580 5270 1775 5327; x_wconf 70' lang='lat' dir='ltr'><strong>Cieteri</strong></span> <span class='ocrx_word' id='word_1_889' title='bbox 1805 5278 1860 5326; x_wconf 91' lang='lat' dir='ltr'><strong>et</strong></span> <span class='ocrx_word' id='word_1_890' title='bbox 1883 5272 2038 5343; x_wconf 65' lang='lat' dir='ltr'><strong>editi~</strong></span> 
     </span>
    </p>
   </div>
   <div class='ocr_carea' id='block_1_107' title="bbox 428 5346 842 5402">
    <p class='ocr_par' dir='ltr' id='par_1_107' title="bbox 428 5346 842 5402">
     <span class='ocr_line' id='line_1_107' title="bbox 428 5346 842 5402; baseline -0.007 0"><span class='ocrx_word' id='word_1_891' title='bbox 428 5346 528 5402; x_wconf 79' lang='grc' dir='ltr'><strong>τοῦ</strong></span> <span class='ocrx_word' id='word_1_892' title='bbox 561 5346 842 5401; x_wconf 81' lang='lat' dir='ltr'><strong>omittunt.</strong></span> 
     </span>
    </p>
   </div>
   <div class='ocr_carea' id='block_1_108' title="bbox 528 5413 1978 5483">
    <p class='ocr_par' dir='ltr' id='par_1_108' title="bbox 528 5413 1978 5483">
     <span class='ocr_line' id='line_1_108' title="bbox 528 5413 1978 5483; baseline -0.001 -13"><span class='ocrx_word' id='word_1_893' title='bbox 528 5417 617 5482; x_wconf 69' lang='lat'><strong>62)</strong></span> <span class='ocrx_word' id='word_1_894' title='bbox 661 5416 754 5471; x_wconf 91' lang='lat' dir='ltr'><strong>Sic</strong></span> <span class='ocrx_word' id='word_1_895' title='bbox 773 5416 909 5483; x_wconf 80' lang='lat' dir='ltr'><strong>Reg.</strong></span> <span class='ocrx_word' id='word_1_896' title='bbox 943 5417 1009 5472; x_wconf 85' lang='lat' dir='ltr'><strong>At</strong></span> <span class='ocrx_word' id='word_1_897' title='bbox 1034 5416 1125 5470; x_wconf 89' lang='lat' dir='ltr'><strong>alii</strong></span> <span class='ocrx_word' id='word_1_898' title='bbox 1159 5424 1214 5470; x_wconf 87' lang='lat' dir='ltr'><strong>et</strong></span> <span class='ocrx_word' id='word_1_899' title='bbox 1245 5414 1402 5478; x_wconf 88' lang='lat' dir='ltr'><strong>editi,</strong></span> <span class='ocrx_word' id='word_1_900' title='bbox 1428 5413 1640 5468; x_wconf 76' lang='grc' dir='ltr'><strong>ἔκτισεν</strong></span> <span class='ocrx_word' id='word_1_901' title='bbox 1672 5415 1748 5478; x_wconf 86' lang='grc' dir='ltr'><strong>ὡς</strong></span> <span class='ocrx_word' id='word_1_902' title='bbox 1775 5414 1930 5477; x_wconf 84' lang='grc' dir='ltr'><strong>Θεός.</strong></span> <span class='ocrx_word' id='word_1_903' title='bbox 1961 5443 1978 5451; x_wconf 65' lang='grc' dir='ltr'><strong>ι·</strong></span> 
     </span>
    </p>
   </div>
   <div class='ocr_carea' id='block_1_109' title="bbox 529 5483 2021 5557">
    <p class='ocr_par' dir='ltr' id='par_1_109' title="bbox 529 5483 2021 5557">
     <span class='ocr_line' id='line_1_109' title="bbox 529 5483 2021 5557; baseline -0.001 -16"><span class='ocrx_word' id='word_1_904' title='bbox 529 5487 621 5557; x_wconf 78' lang='lat'><strong>65)</strong></span> <span class='ocrx_word' id='word_1_905' title='bbox 648 5488 798 5557; x_wconf 78' lang='lat' dir='ltr'><strong>Aug.</strong></span> <span class='ocrx_word' id='word_1_906' title='bbox 829 5487 965 5542; x_wconf 84' lang='grc' dir='ltr'><strong>ἀλλὰ</strong></span> <span class='ocrx_word' id='word_1_907' title='bbox 995 5488 1127 5540; x_wconf 81' lang='grc' dir='ltr'><strong>πολὺ</strong></span> <span class='ocrx_word' id='word_1_908' title='bbox 1156 5486 1423 5557; x_wconf 66' lang='grc' dir='ltr'><strong>λείπεται</strong></span> <span class='ocrx_word' id='word_1_909' title='bbox 1438 5486 1536 5557; x_wconf 84' lang='grc' dir='ltr'><strong>τῆς</strong></span> <span class='ocrx_word' id='word_1_910' title='bbox 1557 5483 1817 5557; x_wconf 72' lang='grc' dir='ltr'><strong>τοῦΘεοῦ</strong></span> <span class='ocrx_word' id='word_1_911' title='bbox 1861 5484 2021 5557; x_wconf 80' lang='grc' dir='ltr'><strong>δόξης</strong></span> 
     </span>
    </p>
   </div>
   <div class='ocr_carea' id='block_1_110' title="bbox 436 5554 2021 5628">
    <p class='ocr_par' dir='ltr' id='par_1_110' title="bbox 436 5554 2021 5628">
     <span class='ocr_line' id='line_1_110' title="bbox 436 5554 2021 5628; baseline -0.004 -18"><span class='ocrx_word' id='word_1_912' title='bbox 436 5571 497 5610; x_wconf 84' lang='grc' dir='ltr'><strong>τε</strong></span> <span class='ocrx_word' id='word_1_913' title='bbox 517 5554 610 5608; x_wconf 81' lang='lat' dir='ltr'><strong>xui</strong></span> <span class='ocrx_word' id='word_1_914' title='bbox 640 5554 941 5628; x_wconf 73' lang='grc' dir='ltr'><strong>δυνάμεως,</strong></span> <span class='ocrx_word' id='word_1_915' title='bbox 960 5559 1047 5628; x_wconf 13' lang='grc' dir='ltr'><strong>ᾲὼς</strong></span> <span class='ocrx_word' id='word_1_916' title='bbox 1079 5558 1310 5628; x_wconf 85' lang='grc' dir='ltr'><strong>ποίημα.</strong></span> <span class='ocrx_word' id='word_1_917' title='bbox 1350 5554 1619 5628; x_wconf 70' lang='lat' dir='ltr'><strong>Ed.ver0,_</strong></span> <span class='ocrx_word' id='word_1_918' title='bbox 1649 5554 1781 5621; x_wconf 82' lang='grc' dir='ltr'><strong>ἀλλ’,</strong></span> <span class='ocrx_word' id='word_1_919' title='bbox 1799 5554 2021 5628; x_wconf 55' lang='grc' dir='ltr'><strong>ἀπολείῖ</strong></span> 
     </span>
    </p>
   </div>
   <div class='ocr_carea' id='block_1_111' title="bbox 439 5623 2021 5699">
    <p class='ocr_par' dir='ltr' id='par_1_111' title="bbox 439 5623 2021 5699">
     <span class='ocr_line' id='line_1_111' title="bbox 439 5623 2021 5699; baseline -0.001 -21"><span class='ocrx_word' id='word_1_920' title='bbox 439 5628 728 5699; x_wconf 29' lang='grc' dir='ltr'><strong>πεταιλτῆς</strong></span> <span class='ocrx_word' id='word_1_921' title='bbox 740 5623 834 5679; x_wconf 83' lang='grc' dir='ltr'><strong>τοῦ</strong></span> <span class='ocrx_word' id='word_1_922' title='bbox 852 5626 985 5682; x_wconf 84' lang='grc' dir='ltr'><strong>Θεοῦ</strong></span> <span class='ocrx_word' id='word_1_923' title='bbox 1010 5628 1167 5698; x_wconf 78' lang='grc' dir='ltr'><strong>δόξης</strong></span> <span class='ocrx_word' id='word_1_924' title='bbox 1187 5623 1260 5692; x_wconf 79' lang='grc' dir='ltr'><strong>ὦς</strong></span> <span class='ocrx_word' id='word_1_925' title='bbox 1288 5627 1411 5699; x_wconf 86' lang='grc' dir='ltr'><strong>ποίη</strong></span> <span class='ocrx_word' id='word_1_926' title='bbox 1422 5644 1516 5698; x_wconf 87' lang='grc' dir='ltr'><strong>μα,</strong></span> <span class='ocrx_word' id='word_1_927' title='bbox 1541 5626 1785 5680; x_wconf 88' lang='grc' dir='ltr'><strong>λείπεται</strong></span> <span class='ocrx_word' id='word_1_928' title='bbox 1806 5626 1904 5697; x_wconf 82' lang='grc' dir='ltr'><strong>τῆς</strong></span> <span class='ocrx_word' id='word_1_929' title='bbox 1929 5623 2021 5677; x_wconf 82' lang='grc' dir='ltr'><strong>τοῦ</strong></span> 
     </span>
    </p>
   </div>
   <div class='ocr_carea' id='block_1_112' title="bbox 438 5693 899 5768">
    <p class='ocr_par' dir='ltr' id='par_1_112' title="bbox 438 5693 899 5768">
     <span class='ocr_line' id='line_1_112' title="bbox 438 5693 899 5768; baseline -0.002 -16"><span class='ocrx_word' id='word_1_930' title='bbox 438 5693 574 5755; x_wconf 79' lang='grc' dir='ltr'><strong>Θεοῦ</strong></span> <span class='ocrx_word' id='word_1_931' title='bbox 601 5693 899 5768; x_wconf 74' lang='grc' dir='ltr'><strong>δυνάμεως.</strong></span> 
     </span>
    </p>
   </div>
   <div class='ocr_carea' id='block_1_113' title="bbox 2198 5274 3143 5357">
    <p class='ocr_par' dir='ltr' id='par_1_113' title="bbox 2198 5274 3143 5357">
     <span class='ocr_line' id='line_1_113' title="bbox 2198 5274 3143 5357; baseline 0.003 -26"><span class='ocrx_word' id='word_1_932' title='bbox 2349 5274 2483 5357; x_wconf 54' lang='lat' dir='ltr'><strong>Reg.</strong></span> <span class='ocrx_word' id='word_1_933' title='bbox 2520 5285 2576 5357; x_wconf 72' lang='lat' dir='ltr'><strong>et</strong></span> <span class='ocrx_word' id='word_1_934' title='bbox 2602 5277 2740 5349; x_wconf 76' lang='lat' dir='ltr'><strong>Aug.</strong></span> <span class='ocrx_word' id='word_1_935' title='bbox 2779 5277 3143 5357; x_wconf 62' lang='grc' dir='ltr'><strong>οςῦζητήσεωξ.</strong></span> 
     </span>
    </p>
   </div>
   <div class='ocr_carea' id='block_1_114' title="bbox 2209 5345 3726 5420">
    <p class='ocr_par' dir='ltr' id='par_1_114' title="bbox 2209 5345 3726 5420">
     <span class='ocr_line' id='line_1_114' title="bbox 2209 5345 3726 5420; baseline 0.003 -21"><span class='ocrx_word' id='word_1_936' title='bbox 2209 5345 2324 5418; x_wconf 80' lang='grc'>(65)</span> <span class='ocrx_word' id='word_1_937' title='bbox 2364 5345 2505 5419; x_wconf 80' lang='lat' dir='ltr'><strong>Aug.</strong></span> <span class='ocrx_word' id='word_1_938' title='bbox 2560 5351 2620 5403; x_wconf 88' lang='grc' dir='ltr'><strong>ἐν</strong></span> <span class='ocrx_word' id='word_1_939' title='bbox 2673 5345 2931 5420; x_wconf 74' lang='grc' dir='ltr'><strong>μεγάλοις</strong></span> <span class='ocrx_word' id='word_1_940' title='bbox 2970 5345 3293 5417; x_wconf 77' lang='grc' dir='ltr'><strong>ἐνεχόμενον</strong></span> <span class='ocrx_word' id='word_1_941' title='bbox 3340 5348 3388 5400; x_wconf 83' lang='grc' dir='ltr'><strong>εί</strong></span> <span class='ocrx_word' id='word_1_942' title='bbox 3430 5345 3526 5400; x_wconf 88' lang='lat' dir='ltr'><strong>xui</strong></span> <span class='ocrx_word' id='word_1_943' title='bbox 3553 5347 3726 5417; x_wconf 63' lang='lat' dir='ltr'><strong>p.41:-</strong></span> 
     </span>
    </p>
   </div>
   <div class='ocr_carea' id='block_1_115' title="bbox 2128 5433 2900 5560">
    <p class='ocr_par' dir='ltr' id='par_1_115' title="bbox 2128 5433 2900 5560">
     <span class='ocr_line' id='line_1_115' title="bbox 2128 5433 2900 5560; baseline -0.017 -14"><span class='ocrx_word' id='word_1_944' title='bbox 2128 5433 2310 5558; x_wconf 49' lang='grc' dir='ltr'><strong>σ⁴ιτ(66)</strong></span> <span class='ocrx_word' id='word_1_945' title='bbox 2335 5487 2475 5560; x_wconf 83' lang='lat' dir='ltr'><strong>A_ug.</strong></span> <span class='ocrx_word' id='word_1_946' title='bbox 2508 5488 2583 5553; x_wconf 86' lang='grc' dir='ltr'><strong>ὡς</strong></span> <span class='ocrx_word' id='word_1_947' title='bbox 2623 5490 2780 5560; x_wconf 84' lang='grc' dir='ltr'><strong>μόνος</strong></span> <span class='ocrx_word' id='word_1_948' title='bbox 2805 5487 2900 5542; x_wconf 76' lang='grc' dir='ltr'><strong>ῶν,</strong></span> 
     </span>
    </p>
   </div>
   <div class='ocr_carea' id='block_1_116' title="bbox 2226 5557 3597 5631">
    <p class='ocr_par' dir='ltr' id='par_1_116' title="bbox 2226 5557 3597 5631">
     <span class='ocr_line' id='line_1_116' title="bbox 2226 5557 3597 5631; baseline 0 -18"><span class='ocrx_word' id='word_1_949' title='bbox 2226 5557 2315 5631; x_wconf 82' lang='lat'><strong>67)</strong></span> <span class='ocrx_word' id='word_1_950' title='bbox 2351 5557 2489 5631; x_wconf 66' lang='lat' dir='ltr'><strong>Beg.</strong></span> <span class='ocrx_word' id='word_1_951' title='bbox 2517 5570 2569 5614; x_wconf 88' lang='lat' dir='ltr'><strong>ct</strong></span> <span class='ocrx_word' id='word_1_952' title='bbox 2601 5557 2815 5630; x_wconf 84' lang='lat' dir='ltr'><strong>Anglic.</strong></span> <span class='ocrx_word' id='word_1_953' title='bbox 2854 5563 3003 5631; x_wconf 78' lang='grc' dir='ltr'><strong>ποιῇ.</strong></span> <span class='ocrx_word' id='word_1_954' title='bbox 3037 5559 3179 5613; x_wconf 78' lang='lat' dir='ltr'><strong>Editi</strong></span> <span class='ocrx_word' id='word_1_955' title='bbox 3215 5567 3264 5612; x_wconf 78' lang='lat' dir='ltr'><strong>et</strong></span> <span class='ocrx_word' id='word_1_956' title='bbox 3301 5558 3390 5611; x_wconf 83' lang='lat' dir='ltr'><strong>alii</strong></span> <span class='ocrx_word' id='word_1_957' title='bbox 3426 5558 3597 5631; x_wconf 78' lang='grc' dir='ltr'><strong>ποιεῖ.</strong></span> 
     </span>
    </p>
   </div>
   <div class='ocr_carea' id='block_1_117' title="bbox 2203 5561 3508 5703">
    <p class='ocr_par' dir='ltr' id='par_1_117' title="bbox 2203 5561 3508 5703">
     <span class='ocr_line' id='line_1_117' title="bbox 2226 5561 3508 5631; baseline -0.002 -19"><span class='ocrx_word' id='word_1_958' title='bbox 2226 5561 2315 5630; x_wconf 83' lang='lat'><strong>67)</strong></span> <span class='ocrx_word' id='word_1_959' title='bbox 2355 5561 2489 5631; x_wconf 81' lang='lat' dir='ltr'><strong>Reg.</strong></span> <span class='ocrx_word' id='word_1_960' title='bbox 2517 5570 2569 5614; x_wconf 87' lang='lat' dir='ltr'><strong>ct</strong></span> <span class='ocrx_word' id='word_1_961' title='bbox 2601 5561 2815 5630; x_wconf 84' lang='lat' dir='ltr'><strong>Anglic.</strong></span> <span class='ocrx_word' id='word_1_962' title='bbox 2854 5563 3003 5631; x_wconf 79' lang='grc' dir='ltr'><strong>ποιῇ.</strong></span> <span class='ocrx_word' id='word_1_963' title='bbox 3037 5561 3179 5613; x_wconf 77' lang='lat' dir='ltr'><strong>Editi</strong></span> <span class='ocrx_word' id='word_1_964' title='bbox 3215 5567 3264 5612; x_wconf 77' lang='lat' dir='ltr'><strong>et</strong></span> <span class='ocrx_word' id='word_1_965' title='bbox 3301 5561 3390 5611; x_wconf 82' lang='lat' dir='ltr'><strong>alii</strong></span> <span class='ocrx_word' id='word_1_966' title='bbox 3426 5575 3508 5611; x_wconf 84' lang='grc' dir='ltr'><strong>ποι</strong></span> 
     </span>
     <span class='ocr_line' id='line_1_118' title="bbox 2203 5561 3508 5703; baseline 0.002 -22"><span class='ocrx_word' id='word_1_967' title='bbox 2203 5561 2319 5703; x_wconf 68' lang='grc'>(68)</span> <span class='ocrx_word' id='word_1_968' title='bbox 2350 5628 2479 5703; x_wconf 77' lang='lat' dir='ltr'><strong>Reg.</strong></span> <span class='ocrx_word' id='word_1_969' title='bbox 2515 5633 2572 5683; x_wconf 92' lang='grc' dir='ltr'><strong>ἐν</strong></span> <span class='ocrx_word' id='word_1_970' title='bbox 2605 5633 2669 5703; x_wconf 78' lang='grc' dir='ltr'><strong>τῇ</strong></span> <span class='ocrx_word' id='word_1_971' title='bbox 2697 5631 2804 5684; x_wconf 83' lang='grc' dir='ltr'><strong>τῶν</strong></span> <span class='ocrx_word' id='word_1_972' title='bbox 2842 5630 3144 5701; x_wconf 86' lang='grc' dir='ltr'><strong>ἀνθρώπων</strong></span> <span class='ocrx_word' id='word_1_973' title='bbox 3182 5629 3508 5701; x_wconf 70' lang='grc' dir='ltr'><strong>πανουργίᾳ.</strong></span> 
     </span>
    </p>
   </div>
  </div>
