3880 6186
212 272 322 329 M5

1360 269 1776 330 DlSPUTA'l'IO
1815 272 2095 332 CONTRA
2129 278 2394 336 ARIUMJ

3387 284 3493 343 ιιθ

285 381 344 438 8.
391 383 513 452 Ἄρ.
556 376 710 436 εἶπεν
730 397 746 414 °
777 379 977 445 Καλῶς
1004 380 1421 452 εμνημὸνευσας
1450 382 1579 453 περὶ
1612 381 1805 437 τούτου

1981 386 2035 441 8.
2076 388 2174 442 Ar.
2220 390 2390 447 Recte
2429 392 2703 464 integrum
2741 395 2990 467 Apostoli
3019 398 3198 452 locum
3229 412 3294 453 ac
3325 397 3395 453 de
3432 413 3494 451 re

216 473 349 547 ὃλην
376 475 477 546 τὴν
507 472 813 546 περικοπὴν
840 471 934 526 τοῦ
977 471 1305 526 Ἀποστὸλου
1324 489 1338 503 ο
1375 473 1491 527 ἀλλ’
1522 473 1633 543 ἐγὼ
1662 476 1811 542 ἀξιο-

219 566 542 637 πιστότερον
584 563 828 636 ήγοῦμαι
859 563 1151 634 τυγχάνειν
1184 561 1280 616 τοῦ
1322 563 1680 619 ἀποστολικοῦ
1715 569 1812 638 ρη-

219 657 317 710 τοῦ
346 657 410 710 τὸ
436 654 837 728 προειρημένον
865 654 1146 726 Κυριακὸν
1170 654 1262 707 ὑπ’
1294 654 1427 726 ἐμοῦ
1458 655 1810 726 λόγιον.Ἐφη

218 747 333 820 γὰρ
356 748 385 800 6
410 746 639 819 Κύριος,
671 746 747 818 μὴ
772 744 1031 800 δύνασθαι
1058 746 1150 816 ἀφ’
1186 744 1382 799 ἑαυτοῦ
1423 749 1599 800 ποιεῖν
1633 746 1809 810 οὐδὲν,
1834 800 1839 805 .

219 839 320 892 ὲάν
353 840 427 910 μή
455 857 509 892 τι
545 838 720 911 βλέπῃ
761 838 855 891 τὸν
889 837 1109 908 Πατέρα
1147 836 1424 891 ποιοῦντα.
1468 839 1579 893 Ἀθ.
1621 835 1808 893 εἶπεν·

219 930 290 982 Τί
329 929 586 1001 ἐποίησεν
626 931 655 983 6
693 931 827 995 Θεὸς
863 932 923 985 ὲν
961 934 1137 1003 ἀρχῇ;
1175 932 1297 1000 Ἀρ.
1328 927 1509 985 εἶπεν·
1548 931 1811 1004 Οὐρανὸν,

220 1024 351 1095 γῆν,
386 1022 687 1089 Θάλασσαν,
716 1025 812 1078 καὶ
844 1024 1024 1080 πάντα
1060 1025 1130 1080 τὰ
1166 1027 1225 1079 ὲν
1255 1026 1462 1091 αὐτοῖς,
1508 1024 1693 1091 καθὼς
1722 1026 1816 1096 γέ-

218 1133 490 1186 γραπται.
547 1117 658 1172 Ἀθ.
703 1112 885 1171 εἶπεν·
922 1116 1131 1172 Οὐκοῦν
1167 1117 1354 1172 λοιπόν
1404 1118 1550 1173 ἐστιν
1595 1118 1809 1174 ἀποδει-

220 1207 424 1279 χθῆναι
451 1206 559 1279 (69)
594 1207 744 1280 παρά
771 1207 886 1274 σοῦ,
913 1208 1101 1272 ποίους
1138 1209 1422 1281 οὐρανοὺς,
1449 1210 1545 1264 καὶ
1566 1210 1691 1281 γῆν,
1718 1211 1815 1268 καὶ⁸

222 1298 527 1364 θάλασσαν,
558 1300 655 1353 καὶ
684 1300 750 1353 τά
780 1301 837 1354 ὲν
865 1301 1052 1364 αὐτοῖς
1076 1302 1333 1373 ἐποίησεν
1364 1303 1393 1355 6
1425 1301 1557 1365 Θεὸς
1581 1303 1639 1355 ὲν
1666 1300 1817 1373 πρώ-

219 1406 371 1455 τοις,
417 1387 520 1444 εἷθ’
562 1389 738 1456 οὕτως
780 1394 808 1447 6
858 1393 988 1457 Υἱὸς
1034 1393 1202 1447 αὐτοῦ
1254 1391 1517 1465 ἑωρακὼς
1560 1394 1816 1466 ἐποίησεν

220 1482 429 1554 ὁμοίως
456 1481 534 1554 τῷ
562 1484 739 1555 Πειιτρλ⁸
763 1482 949 1538 αὐτοῦ.
984 1485 1102 1552 Ἀρ.
1132 1479 1307 1538 εἶπεν·
1346 1483 1629 1555 Ἀθέμιτον
1652 1483 1818 1555 ἡγοῦ-

225 1592 330 1645 μαι
360 1574 654 1645 τυγχάνειν
694 1573 757 1627 τὸ
793 1575 998 1639 εἰπεῖν,
1049 1573 1267 1645 πρῶτον
1310 1572 1516 1645 κόσμον
1571 1573 1678 1627 ὑπὸ
1719 1572 1815 1627 τοῦ

1911 480 2443 548 protulistizverum
2487 499 2610 554 quae
2648 500 2749 555 ego
2798 487 3223 543 commemoravi
3275 486 3491 540 Domini

1910 571 2076 625 verba
2107 572 2282 642 magis
2310 574 2475 644 digna
2509 575 2616 631 fide
2639 584 2866 630 autumo
2900 593 3022 633 esse
3052 592 3216 647 quam
3240 591 3365 647 quae
3391 575 3492 629 ha-

1912 660 2004 716 bet
2050 662 2369 732 Apostolus.
2408 664 2691 736 Siquidem
2746 667 2822 721 ait
2856 667 3122 724 Dominus
3165 670 3304 723 nihil
3355 684 3415 724 se
3460 683 3493 722 a

1913 753 2095 821 seipso
2141 768 2304 824 posse
2360 755 2573 821 facere,
2622 758 2731 813 nisi
2774 758 2906 827 quid
2952 757 3240 814 facientem
3293 758 3492 814 viderit

1912 842 2133 900 Patrem
2156 845 2223 900 ¹³.
2258 846 2387 901 Alli.
2418 846 2560 913 Quid
2607 848 2736 903 fecit
2778 848 2923 903 Deus
2965 850 3021 903 in
3053 849 3360 919 principio?
3391 848 3490 904 Ar.

1914 934 2152 1003 leum,
2185 943 2415 1003 terram,
2451 954 2625 1004 mare,
2659 947 2715 995 et
2739 941 2925 996 omnia
2953 956 3077 1011 quae
3105 941 3161 994 in
3192 940 3300 995 illis
3322 940 3495 994 conti-

1912 1037 2137 1097 nentur,
2177 1030 2258 1084 uti
2299 1031 2568 1103 scriptum
2612 1040 2718 1089 est.
2763 1032 2893 1088 Ath.
2932 1032 3195 1102 Superest
3230 1032 3396 1103 igitur
3426 1037 3492 1085 ut

1913 1121 2173 1178 ostendas
2204 1139 2475 1193 quosnam
2510 1125 2703 1190 cmlos,
2738 1141 2973 1195 quamve
2999 1134 3223 1189 terram,
3255 1138 3406 1178 mare
3436 1128 3492 1177 et

1915 1227 2038 1283 quae
2084 1212 2171 1268 his
2219 1213 2595 1278 continentur,
2644 1216 2878 1281 primum
2928 1213 3118 1268 fecerit
3159 1211 3326 1276 Deus,
3372 1225 3495 1282 qua:

1914 1299 2114 1356 deinde
2144 1302 2339 1357 videns
2365 1301 2559 1367 Filius,
2593 1302 2845 1357 similiter
2870 1310 2928 1356 ut
2959 1301 3124 1363 Pater
3150 1301 3361 1356 fecerit.
3392 1300 3493 1357 Ar.

1914 1392 2081 1449 Nefas
2119 1394 2269 1448 dictu
2325 1402 2454 1464 puto
2500 1411 2642 1461 esse,
2706 1395 2943 1465 primum
3000 1393 3263 1448 mundum
3315 1408 3346 1446 a
3384 1391 3497 1448 Deo

1919 1483 2091 1541 fuisse
2124 1485 2427 1551 conditum,
2465 1486 2695 1540 alterum
2740 1494 2922 1541 autem
2956 1501 2985 1539 a
3014 1484 3173 1552 Filio,
3199 1500 3321 1539 cum
3356 1485 3497 1539 alter

1918 1578 2161 1634 mundus
2190 1578 2555 1633 demonstrari
2595 1594 2704 1633 non
2748 1578 2945 1648 possit,
2974 1578 3175 1647 quippe
3212 1592 3335 1632 cum
3367 1592 3497 1646 pero

221 1664 367 1719 Θεοῦ
407 1665 927 1737 δεδημιουργῆσθαι,
954 1664 1147 1739 ἕτερον
1173 1665 1229 1718 δὲ
1257 1664 1361 1717 ὑπὸ
1388 1664 1481 1717 τοῦ
1512 1663 1667 1730 Υίοῦ,
1697 1663 1817 1717 δευ-

1921 1670 2173 1739 spicuum
2202 1670 2273 1725 sit
2300 1671 2555 1725 omnibus
2587 1686 2754 1726 unum
2779 1671 2925 1724 hunc
2955 1669 3216 1724 mundum
3248 1675 3500 1740 aspecta-

220 1757 393 1829 τέρου
421 1756 498 1828 μὴ
522 1735 836 1829 δυναμένου
876 1735 1284 1829 ἀποδειχθῆναι,
1323 1755 1624 1826 καταδήλου
1665 1754 1817 1819 ὄντος

1920 1735 2083 1816 bilem
2124 1777 2268 1817 esse.
2300 1761 2429 1817 Atla.
2470 1761 2641 1833 Igitur
2668 1761 2843 1817 Filius
2872 1777 2902 1814 a
2937 1776 2999 1816 se
3028 1762 3147 1831 ipso
3178 1735 3498 1816 universum

220 1846 321 1901 τοῦ
346 1848 671 1919 πράγματος
706 1847 855 1920 παρὰ
882 1849 1068 1914 πᾶσιν,
1103 1848 1184 1901 ὅτι
1212 1841 1294 1911 εἷς
1332 1846 1587 1917 τυγχάνει
1620 1847 1649 1900 6
1674 1844 1815 1917 ὀρώ-

227 1954 395 2007 μενος
423 1937 652 2009 κόσμος.
707 1938 818 1992 Ἀθ.
865 1933 1053 1991 εἶπεν⁸
1103 1936 1312 1990 Οὐκοῦν
1351 1936 1444 2006 ἀφ’
1488 1932 1684 1989 ἑαυτοῦ
1725 1934 1820 2005 δη-

228 2033 489 2102 μιουργεῖ
511 2032 542 2083 6
564 2030 694 2094 Υἱὸς
716 2030 778 2084 τὸ
800 2030 927 2084 πᾶν.
968 2030 1087 2097 Ἀρ.
1119 2024 1273 2082 εἶπεν
1292 2045 1306 2058 ’
1335 2025 1667 2098 Παρακαλῶ,
1697 2026 1819 2079 εἰπέ

229 2141 346 2193 μοι,
392 2120 513 2187 πῶς
549 2122 643 2192 ἀφ’
693 2121 925 2187 ἑαυτοῦ;
959 2121 1073 2175 Οὐκ
1112 2118 1227 2173 ἔστι
1272 2119 1331 2173 δὲ
1377 2119 1436 2182 ὃς
1463 2118 1606 2186 λέξει
1637 2117 1816 2173 τοῦτο.

234 2215 358 2271 Ἀθ.
386 2212 542 2269 εἶπεν
560 2232 574 2243 ·
613 2215 673 2268 '0
700 2214 862 2282 σοφὸς
883 2213 979 2285 τὴν
1008 2212 1202 2284 βουλὴν
1224 2210 1389 2265 αὑτοῦ
1414 2210 1516 2267 ποῦ
1537 2211 1781 2288 εὑρίσκει
1802 2226 1817 2277 ;

230 2308 356 2374 Ἀρ.
391 2303 547 2360 εἶπεν
566 2323 581 2337 θ
626 2307 715 2360 Ἐν
732 2308 798 2377 τῇ
836 2304 997 2376 σοφίᾳ
1020 2304 1208 2358 αὑτοῦ.
1253 2305 1363 2358 Ἀθ.
1386 2299 1559 2357 εἶπεψ
1585 2303 1821 2375 Χριστὸς

226 2398 289 2451 δὲ
309 2397 450 2451 Θεοῦ
473 2397 705 2469 δύναμις
731 2397 829 2451 καὶ
857 2396 1020 2467 σοφία
1040 2395 1299 2467 τυγχάνει
1324 2394 1466 2449 κατά
1503 2395 1595 2448 τὸν
1639 2393 1822 2466 μακά-

233 2506 354 2561 ριον
386 2488 625 2552 Παῦλον,
661 2488 752 2542 ναὶ
781 2487 815 2559 ἢ
842 2485 935 2552 οῦ;
969 2488 1089 2555 Ἄρ.
1120 2484 1299 2539 εἶπεν·
1343 2485 1821 2558 ὐμολογουμένως

228 2580 474 2652 Χριστὸς
502 2578 639 2633 Θεοῦ
666 2578 777 2652 (70)
805 2578 1035 2650 δύναμις
1073 2579 1167 2632 καὶ
1205 2576 1340 2632 Θεοῦ
1373 2578 1553 2647 σοφία.
1602 2578 1711 2632 Ἀθ.
1745 2572 1823 2630 εῖ-

230 2687 374 2725 ιιιεψ
420 2671 489 2724 Ἦ
543 2669 704 2739 σοφία
751 2664 845 2723 οὖν
896 2670 971 2742 μὴ
1010 2667 1307 2740 ἀλλαχόθεν
1346 2668 1659 2738 σοφίζεται;
1700 2668 1818 2737 Ἀρ.

1919 1863 2068 1906 creat
2086 1852 2218 1908 ?Ar.
2243 1851 2440 1918 Quaeso
2468 1861 2543 1918 te,
2569 1853 2844 1924 quomodo
2869 1870 2898 1907 a
2925 1853 3144 1924 seipse?
3167 1851 3336 1906 Nemo
3363 1865 3497 1906 sane

1919 1941 1971 1995 id
2002 1940 2222 1996 dixerit.
2255 1940 2381 1996 Αιίι.
2420 1940 2652 2012 Sapiens
2686 1941 2907 1996 ubinam
2935 1956 3093 1996 suum
3126 1940 3334 1994 invenit
3363 1954 3498 1992 cono

1920 2030 2145 2085 silium?
2169 2032 2266 2085 Ar.
2300 2033 2359 2086 In
2394 2033 2666 2103 sapientia
2695 2048 2816 2087 sua.
2854 2032 2979 2086 ΑιΙι.
3012 2031 3211 2086 Annon
3242 2030 3500 2084 Christus

1922 2119 2014 2175 Dei
2043 2121 2221 2177 virtus
2268 2130 2323 2177 et
2370 2123 2640 2193 sapientia
2684 2132 2788 2187 εει,
2839 2130 2899 2176 ut
2940 2122 3101 2177 docet
3131 2123 3323 2177 beatus
3355 2120 3499 2175 Pau-

1920 2213 2007 2269 lus
2029 2212 2280 2276 “?Ain‘,
2308 2228 2378 2267 an
2415 2215 2621 2283 negas?
2649 2213 2744 2267 Ar.
2782 2213 2912 2268 Sine
2940 2211 3314 2267 controversia
3340 2209 3500 2266 Chri-

1921 2311 2042 2359 stus
2071 2301 2167 2357 Dei
2200 2303 2382 2359 virtus
2413 2312 2466 2358 et
2485 2303 2581 2358 Dei
2609 2304 2879 2374 sapientia
2902 2310 3007 2359 est.
3041 2306 3168 2357 Am.
3197 2301 3336 2356 Num
3367 2317 3500 2371 ergo

1922 2396 2191 2466 sapientia
2218 2395 2442 2451 aliunde
2471 2394 2705 2451 cﬂicitur
2733 2397 2984 2467 sapiens?
3013 2397 3109 2450 Ar.
3153 2394 3333 2449 Absit.
3368 2394 3497 2448 Ath.

1922 2487 2095 2557 Igitur
2126 2502 2155 2540 a
2188 2487 2371 2557 seipsa
2401 2487 2608 2551 omnia,
2638 2496 2700 2541 ut
2727 2488 3018 2558 sapientia,
3053 2488 3181 2557 agit.
3217 2486 3312 2542 Ar.
3334 2488 3416 2538 Ita
3441 2500 3504 2540 se

1922 2594 2014 2633 rcs
2036 2577 2219 2632 habet.
2254 2576 2394 2631 Num
2428 2577 2596 2647 igitur
2622 2578 2759 2631 nihil
2783 2590 2932 2633 creat
2961 2577 3162 2632 Pater?
3186 2575 3309 2629 ΑιΙι.
3337 2575 3501 2640 Audi,

1924 2685 2025 2724 nec
2069 2678 2273 2723 temere
2328 2670 2557 2739 loquere
2598 2685 2718 2739 quae
2753 2686 2854 2724 nec
2898 2669 3081 2725 dicere
3127 2668 3209 2723 fas
3248 2676 3356 2731 est,
3400 2681 3505 2721 nec

229 2758 423 2816 εἴην·
451 2760 544 2834 Μὴ
587 2762 833 2831 γένοιτοί
882 2761 992 2817 Ἀθ.
1030 2756 1214 2814 εἶπενο
1253 2759 1465 2814 Οὐκοῦν
1505 2761 1597 2829 ἀφ’
1625 2760 1823 2830 ἑαυτῆς

232 2854 420 2908 πάντα
456 2852 532 2918 ὡς
572 2852 734 2923 σοφία
774 2852 1040 2924 πράττεις
1069 2852 1190 2919 Ἀρ.
1233 2847 1411 2903 εἶπεν·
1454 2848 1642 2913 Οῦτως
1686 2848 1817 2920 ἔχει.

1924 2864 2231 2907 rumtamen
2254 2854 2366 2923 jam
2398 2854 2532 2907 mihi
2561 2854 2831 2923 responde
2878 2854 2947 2909 ad
2981 2854 3035 2908 id
3065 2852 3211 2923 quod
3253 2859 3305 2905 te
3335 2850 3505 2905 inter-

234 2944 452 2999 οὐκοῦν
476 2944 505 2997 6
551 2945 747 3016 Πατὴρ
787 2943 939 2997 οὐδὲν
987 2940 1451 3014 ὲδημιούργησενς
1498 2941 1607 2995 Ἀθ.
1640 2938 1817 2995 εἶπεν·

1926 2961 2081 3016 rogo.
2124 2947 2176 3001 ls
2205 2948 2297 3016 qui
2326 2953 2518 3016 potens
2543 2954 2647 3009 est,
2685 2944 2960 3016 quomodo
2989 2946 3106 3016 ipsc
3139 2960 3236 3015 per
3259 2960 3318 2999 se
3361 2942 3508 3013 agit?

235 3038 477 3101 Ἀκουε,
507 3036 602 3089 καὶ
651 3036 729 3107 μὴ
761 3032 1047 3107 προπετῶς
1089 3033 1239 3087 λάλει
1284 3032 1420 3103 (7i),
1470 3032 1505 3087 ἃ
1549 3032 1625 3105 μὴ
1666 3033 1817 3103 θέμις

1932 3038 2025 3091 Ar.
2071 3036 2266 3092 Omnia
2313 3039 2513 3092 virtute
2568 3054 2669 3093 sua
2714 3037 2898 3092 eﬂicit.
2959 3036 3082 3090 Ath.
3128 3037 3326 3090 Annon
3373 3049 3506 3089 vero

237 3129 384 3200 μήτε
412 3128 625 3197 λέγειν,
661 3128 799 3198 μήτε
830 3123 1069 3189 ἀκούειν,
1111 3125 1188 3188 ὡς
1222 3123 1300 3194 μὴ
1338 3123 1635 3194 δυναμένου
1678 3125 1817 3188 τινὸς

1929 3127 2186 3183 Christus
2209 3128 2600 3183 convenienter
2630 3127 2721 3183 Dei
2746 3129 2919 3184 virtus
2944 3128 3189 3183 exsistit?
3212 3126 3307 3181 Ar.
3336 3125 3508 3181 Nemo

238 3218 583 3292 μετατρέψαι
618 3216 691 3270 τά
716 3215 965 3269 τοιαῦτα.
995 3213 1144 3285 Πλὴν
1174 3214 1267 3267 ἐπὶ
1305 3211 1396 3267 τοῦ
1430 3213 1698 3282 παρόντος
1736 3212 1817 3277 δός

1930 3233 2040 3272 non
2082 3217 2339 3274 fateatur.
2395 3218 2522 3275 Atii.
2578 3220 2765 3290 Itaque
2816 3234 2940 3274 cum
2993 3218 3247 3274 Christus
3293 3216 3366 3273 sit
3413 3214 3509 3269 Dei

239 3328 335 3383 μοι
359 3309 522 3378 λόγον
554 3308 684 3380 περὶ
707 3301 767 3362 οὗ
794 3305 1077 3378 ἐπερωτῶ.
1120 3305 1177 3359 ’0
1201 3303 1424 3367 δυνατὸς
1449 3303 1566 3368 πῶς
1596 3305 1817 3376 αὐτουρ-

1929 3310 2131 3374 virtus,
2162 3326 2285 3379 quas
2318 3310 2516 3376 virtus,
2556 3309 2613 3365 id
2656 3318 2742 3366 est
2782 3310 3062 3374 Christus,
3096 3309 3282 3374 eilicit,
3317 3306 3507 3363 eadem

237 3405 360 3473 γεϊ;
391 3402 515 3470 Ἀρ.
543 3396 699 3454 εἶπεν
717 3416 732 3429 ·
776 3400 863 3453 Ἐν
892 3401 960 3470 τῇ
988 3397 1215 3468 δυνάμει
1245 3394 1411 3450 αὐτοῦ
1432 3395 1495 3448 τὸ
1522 3397 1631 3450 πᾶν
1658 3397 1817 3467 πράτ-

1932 3399 2098 3456 ellicit
2122 3400 2305 3456 Pater.

237 3517 346 3553 τει.
398 3500 511 3553 Ἀθ.
546 3496 731 3552 εἶπεν·
758 3497 996 3570 Χριστὸς
1034 3495 1092 3549 δὲ
1120 3492 1405 3571 ἀραρότως
1432 3489 1567 3544 Θεοῦ
1622 3492 1852 3569 δύναμις
1890 3494 2156 3570 ὑπάρχει;
2197 3499 2316 3566 Ἀρ.
2352 3495 2537 3552 εἶπεν·
2577 3496 2959 3569 Ὠμολόγηται.
3007 3497 3117 3550 Ἀθ.
3151 3493 3304 3549 εἶπεν
3326 3512 3339 3525 ·
3403 3491 3511 3546 Οὐ·-

239 3591 380 3645 κοῦν
419 3589 657 3662 Χριστοῦ
688 3589 970 3663 δυνάμεως
996 3588 1148 3653 ὄντος
1188 3584 1283 3641 τοῦ
1314 3582 1449 3638 Θεοῦ
1490 3584 1625 3657 (72),
1671 3586 1814 3661 ᾶπερ
1866 3586 2189 3664 δημιουργεῖ
2230 3593 2263 3662 ἡ
2303 3590 2551 3663 δύναμις,
2594 3590 2872 3645 τουτέστιν
2947 3591 2976 3642 6
3043 3589 3297 3661 Χριστὸς,
3341 3584 3514 3640 ταῦτα

241 3685 393 3737 ποιεῖ
420 3685 451 3737 6
482 3684 694 3756 Πατήρ.
2408 3690 2421 3699 ‘

315 3803 376 3858 9.
396 3802 518 3876 Ἀρ.
531 3796 702 3855 εἶπενο
721 3798 848 3863 Πῶς
862 3799 1004 3872 ἅπερ
1019 3798 1341 3871 δημιουργεῖ
1352 3796 1644 3869 ὁΧριστὸς,
1660 3795 1817 3850 ταῦτα

2011 3792 2067 3852 9.
2106 3795 2204 3852 Ar.
2244 3794 2349 3862 Qui
2396 3794 2455 3850 fit
2493 3801 2552 3849 ut
2589 3809 2711 3865 quae
2744 3794 3001 3850 Christus
3042 3791 3223 3857 edicit,
3258 3806 3321 3847 ea
3370 3788 3515 3847 Deus

243 3896 578 3968 δημιουργεῖ
614 3896 644 3947 6
676 3894 843 3958 Θεός;
877 3894 985 3949 Ἀθ.
1013 3887 1195 3945 εἶπεν⁸
1249 3892 1317 3945 Ἥ
1339 3889 1568 3962 δύναμις
1596 3889 1706 3943 ἀπὸ
1736 3888 1817 3942 τοῐ

1937 3884 2177 3942 eﬂiciat?
2226 3886 2351 3943 Ath.
2396 3886 2480 3941 An
2507 3886 2683 3942 virtus
2717 3887 2833 3941 sive
2875 3886 3120 3955 potentia
3159 3883 3516 3953 distinguitur

245 3985 482 4040 δυνατοῦ
501 3983 828 4057 κεχώρισται
846 4000 862 4050 ;
888 3984 1008 4052 Ἀρ.
1033 3978 1184 4037 εἶπεν
1202 4000 1216 4014 ο
1236 3981 1329 4053 Μὴ
1352 3981 1590 4050 γένοιτοι
1614 3979 1710 4042 Τίς
1725 3979 1817 4051 γάρ

1939 3976 2009 4031 ab
2041 3992 2106 4032 eo
2134 3978 2229 4047 qui
2264 3987 2456 4048 potens
2496 3978 2614 4033 est?
2657 3980 2754 4031 Ar.
2794 3976 2970 4031 Absit.
3008 3974 3209 4044 Ecquis
3248 3974 3394 4028 enim
3427 3973 3513 4026 vi-

250 4097 386 4134 ποτε
402 4076 965 4151 έώρακεν”ἀγωνιστὴν
984 4075 1131 4148 πάλῃ
1155 4074 1300 4138 ἰδίως
1314 4071 1532 4145 ἀνδριζό
1539 4088 1717 4143 μενον,
1736 4089 1817 4127 κα-

1938 4067 2020 4123 dit
2054 4086 2290 4140 unquam
2323 4071 2579 4125 athletam
2609 4070 2663 4125 in
2696 4068 2994 4124 luctatione
3024 4066 3255 4123 seorsim
3293 4064 3515 4117 fortiter

248 4172 493 4243 ταμόνας
519 4171 578 4223 δὲ
609 4170 709 4242 τὴν
733 4170 961 4240 δύναμιν
988 4166 1154 4222 αὐτοῦ
1176 4183 1191 4233 ;
1216 4167 1281 4219 Εἰ
1304 4165 1412 4236 γὰρ
1441 4160 1509 4236 ἦν
1542 4162 1719 4228 τοῦτο,
1746 4162 1817 4215 ὲπ

1941 4175 2002 4215 εε
2030 4169 2331 4231 gerentem,
2376 4170 2432 4216 et
2475 4160 2707 4216 seorsim
2738 4157 2985 4230 ejusdem
3030 4155 3331 4209 virtutem?
3378 4152 3514 4206 Nam

247 4264 605 4337 ἀμφοτέρους
633 4263 700 4317 ἂν
733 4260 998 4334 ἐκομίσθη
1028 4258 1097 4314 τά
1126 4258 1374 4332 βραδεῖα,
1427 4259 1544 4329 ἦτοι
1567 4259 1616 4310 οἱ
1640 4254 1817 4325 στέφα·

1942 4253 1990 4308 si
2020 4252 2092 4307 ita
2123 4260 2291 4316 esset,
2338 4251 2407 4306 ad
2448 4260 2744 4321 utrumque
2784 4260 2932 4305 certe
2964 4247 3188 4319 praemia
3221 4245 3333 4300 sive
3363 4258 3519 4299 coro-

250 4335 332 4413 νοι
358 4335 495 4429 (7.3).
532 4358 642 4410 Ἀθ.
670 4352 853 4408 εἶπενο
890 4354 1093 4427 Ὀρθῶς
1118 4352 1276 4423 ἔφης.
1303 4351 1366 4404 Εἰ
1393 4345 1485 4403 οῦν
1510 4350 1596 4402 ιτς
1625 4344 1817 4419 ἀνθρώ

1940 4359 2044 4401 nas
2091 4341 2305 4398 deferre
2345 4350 2642 4413 Oporteret.
2686 4341 2813 4396 Ath.
2847 4340 3015 4395 Recte
3067 4336 3230 4392 dicis.
3261 4335 3521 4405 .Quapro-

250 4427 377 4505 non.
402 4447 566 4503 τοῦτο
607 4447 833 4513 ἔδωκας,
881 4447 1016 4518 μήτε
1060 4446 1291 4517 δύναμιν
1331 4440 1751 4514 κεχωρισμένως
1782 4456 1815 4493 τ

1944 4443 2063 4507 pter
2094 4437 2141 4491 si
2176 4436 2229 4490 id
2258 4436 2315 4490 in
2353 4436 2577 4491 homine
2600 4435 2878 4507 agnoscis,
2907 4447 3123 4503 nempe,
3156 4445 3257 4485 nec
3276 4430 3397 4499 ejus
3414 4427 3521 4482 vir-

249 4541 544 4613 πράττειν,
576 4540 716 4611 μήτε
753 4540 863 4610 μὴν
885 4540 948 4593 τὸ
977 4536 1136 4609 σῶμα
1164 4537 1364 4609 ἑτέρως
1391 4536 1634 4607 ἐνεργεῖν
1655 4552 1728 4597 τι,
1752 4532 1812 4585 οὐ

1946 4536 2119 4583 tutem
2143 4528 2441 4598 separatim
2464 4529 2593 4598 quid
2617 4528 2849 4593 efﬁcere,
2878 4541 2979 4582 nec
2995 4539 3197 4595 corpus
3220 4521 3364 4577 aliud
3390 4518 3523 4590 quid

249 4630 386 4685 κοῦν
425 4631 455 4682 6
490 4629 758 4701 Χριστὸς,
801 4629 1030 4701 δύναμις
1075 4628 1151 4681 ὢν
1200 4627 1478 4701 πατρικὴ,
1526 4625 1814 4700 ἀχωρίστω

1950 4635 2141 4692 agere:
2178 4619 2427 4686 profecto
2471 4622 2751 4687 Christus,
2801 4619 2895 4691 qui
2938 4628 3166 4690 paterna
3205 4623 3291 4673 est
3324 4614 3523 4675 virtus,

251 4725 457 4786 πάντα,
482 4721 518 4776 ἃ
541 4721 771 4794 πράττει
808 4723 836 4783 ὁ
865 4721 1079 4793 Πατὴρ,
1105 4721 1335 4795 πράττει
1358 4717 1533 4772 ταῦτα
1567 4718 1661 4772 καὶ
1684 4715 1816 4771 αὐτό

1949 4714 2155 4778 omnia,
2172 4729 2293 4784 qua:
2309 4715 2475 4771 Pater
2497 4715 2680 4777 ellicit,
2700 4715 2818 4785 ipse
2836 4728 3053 4783 quoque
3066 4708 3397 4780 absque'ulla
3412 4707 3527 4760 dis-

252 4814 395 4884 (74).
418 4815 541 4882 Ἀρ.
566 4808 738 4871 εἶπεν·
764 4814 944 4865 Ἔστω
992 4810 1151 4876 οὕτω,
1177 4810 1238 4865 τὸ
1258 4809 1574 4882 ἀχωρίστως
1591 4807 1817 4879 δημιουρ

1958 4807 2249 4878 iunctione
2269 4808 2455 4864 eﬂicit.
2486 4807 2585 4861 Ar.
2614 4807 2775 4872 dixit,
2804 4805 2934 4859 Esto
2953 4824 2966 4859 :
2988 4802 3160 4858 Filius
3182 4801 3390 4868 absque
3415 4796 3527 4849 ulla

259 4910 375 4977 γεϊν
405 4904 502 4959 τὸν
530 4904 661 4960 Υίὸν
685 4905 787 4957 σὺν
809 4904 886 4976 τῷ
913 4902 1032 4976 Θεῷ
1064 4903 1126 4956 τὸ
1158 4905 1266 4957 πᾶν
1287 4919 1300 4933 ·
1340 4903 1470 4975 μήτι
1508 4900 1733 4956 δύναται
1755 4918 1817 4962 κα

1955 4899 2332 4972 disjunctione
2366 4900 2685 4957 universum
2721 4896 2919 4954 efﬁciat
2958 4894 3123 4952 simul
3151 4907 3277 4949 cum
3304 4889 3416 4945 Deo
3438 4906 3452 4944 :
3474 4894 3530 4945 at

1925 2760 2135 2824 audire,
2178 2759 2338 2830 quasi
2389 2777 2551 2816 nemo
2592 2762 2765 2833 possit
2813 2762 2918 2816 ista
2956 2771 3049 2815 tua
3081 2771 3346 2815 evertere.
3396 2757 3505 2813 Ve-

329 5085 379 5116 ”
414 5083 579 5141 Joan.
611 5101 668 5153 v,
695 5082 781 5140 i9.
880 5082 927 5115 “
966 5082 987 5137 l
1017 5080 1143 5137 Cor.
1181 5098 1234 5146 1,
1268 5080 1357 5135 24.

331 5262 448 5334 (69)
481 5262 640 5334 Angl.
675 5260 883 5316 Οὐκοῦν
916 5259 1289 5332 περιλείπεται
1320 5255 1506 5311 λοιπδν
1540 5253 1847 5326 ἀποδεχθῆ·
1949 5249 2423 5334 Αιι¹ε.-ῄ-δύν.αμις
2451 5247 2639 5334 αὐτοῦ,
2672 5240 3323 5334 τουτέστιᾼτοῦᾹΧρισ-τοῦ..

333 5307 446 5334 ‘vvl
481 5307 637 5334 --'-D"
679 5307 876 5316 v"""
924 5307 1287 5332 ’⁷”δ””””’””’””
1323 5307 1496 5311 ’“””“⁷’
1546 5307 1613 5310 "ﬂ
1686 5307 1742 5326 7h
1786 5307 1814 5326 τι

262 5353 371 5390 ναι.

1954 5307 1965 5308 7
2026 5307 2636 5394 (ﬁ'dfltafiiégiusaAlii
2662 5333 2812 5394 vero.
2839 5318 2955 5394 ᾗτρι
2982 5314 3074 5367 καὶ
3111 5307 3389 5382 στέφανος.
3410 5307 3537 5369 Mox

331 5386 449 5476 (70)
474 5401 559 5476 Ita
584 5400 809 5475 Regius.
842 5403 948 5457 Alii
980 5408 1165 5457 autem
1205 5408 1261 5454 et
1287 5398 1418 5453 editi
1457 5397 1720 5453 omittunt
1754 5407 1817 5449 vo

1956 5386 2217 5476 August...
2241 5391 2335 5476 ἐπ’.
2353 5386 2450 5445 ἆνθ
2461 5389 2626 5476 ριῖζπιρ
2656 5387 2816 5440 τοῦτο
2846 5386 3105 5467 δέδωκας.

263 5450 382 5531 rein
420 5450 560 5527 Θεοῦ
573 5515 585 5529 .
667 5450 698 5475 υ
1801 5532 1811 5535 _

2028 5450 2139 5535 ('74)
2181 5450 2255 5535 Ita
2295 5460 2428 5530 Heg.
2461 5450 2608 5535 Editi
2626 5474 2760 5535 γει-9
2786 5452 3187 5535 ‘omittunt'xal.
3218 5450 3388 5535 P‘aulp
3415 5459 3540 5530 p03}

635 5542 897 5613 φθέγγου,
922 5547 976 5597 et
1002 5539 1165 5612 paulo
1186 5545 1310 5610 post
1340 5537 1503 5602 idem,
1546 5532 1816 5599 μεταστρέ

1956 5518 2180 5598 Reginis,
2214 5518 2408 5600 δημιοῧ
2450 5533 2565 5596 γεῐν
2592 5528 2683 5580 τὸν
2711 5525 2842 5578 Θεὸν
2873 5523 3152 5587 συναῐδξως
3185 5523 3278 5577 καὶ
3324 5518 3430 5578 σὺν
3457 5518 3540 5597 τῷ

1957 5605 2091 5653 Titi).
2124 5610 2256 5653 Ann.
2285 5600 2375 5653 τὸν
2404 5548 2538 5653 ἕεὸν
2569 5598 2664 5652 σὺν
2688 5596 2763 5653 τῶ
2789 5594 2920 5653 Υἱῷ.

266 5598 443 5687 ψαιι.τι
530 5598 585 5615 τυ
648 5598 660 5613 ι
753 5598 802 5611 ιι
884 5598 895 5607 υ
1004 5598 1021 5612 ι
1186 5598 1202 5610 ⁸
1434 5676 1460 5687 ~
1490 5598 1499 5602 '
1726 5672 1777 5687 “

1957 5605 2091 5676 Υἱῷ,
2124 5598 2375 5673 Λιτεξτὸν
2404 5598 2538 5653 Θεὸν
2569 5598 2664 5652 σὺν
2688 5598 2763 5668 τῷ
2789 5598 2920 5667 mp.

338 5686 452 5757 (72)
488 5686 567 5740 Ita
620 5701 735 5757 reg.
770 5683 827 5740 in
859 5684 979 5739 aliis
1036 5688 1091 5738 et
1142 5679 1324 5749 editis,
1370 5676 1462 5731 τοῦ
1512 5677 1679 5735 deest.
1726 5672 1851 5733 Mox
