3880 6186
387 282 495 342 M7

1543 280 1609 337 s.
1645 275 2120 337 ATHANASIUS.
2158 307 2231 318 —
2271 276 2545 355 spuma,

3583 279 3694 337 ΗΒ

396 404 556 476 ιθι
594 401 840 474 nunquid
890 400 1003 457 Deo
1039 400 1219 473 possit
1255 400 1488 472 aequalis
1519 414 1666 465 esse,
1700 415 1830 455 cum
1864 400 1982 470 ipse

2108 398 2201 462 ’σος
2229 395 2369 452 εἶναι
2406 397 2485 470 τῷ
2511 397 2664 471 Θεῷ,
2695 397 2882 466 καθὼς
2915 400 2981 456 σὺ
3016 399 3259 473 ἦκουσας
3295 397 3390 454 τοῦ
3430 399 3691 472 Σωτῆρος

390 492 736 552 Salvatorem
771 493 1014 551 audieris
1062 494 1178 549 haec
1206 494 1481 550 dicentem
1520 510 1535 549 :
1573 512 1592 544 ‹
1617 491 1782 548 Pater
1806 508 1987 556 meus,

389 588 485 659 qui
510 588 661 642 misit
690 603 797 650 me,
820 587 995 656 major
1023 602 1110 642 me
1126 594 1210 642 est
1229 587 1252 640 ἲ
1275 607 1292 638 ι
1314 584 1808 656 Atthterrogabo
1824 592 1909 641 te:
1929 597 1991 639 tu

392 695 526 737 vero
555 680 689 734 mihi
725 680 999 750 responde
1035 699 1048 735 :
1084 678 1226 733 Num
1258 678 1513 733 Salvator
1547 694 1705 735 meus
1728 678 1837 734 sibi
1856 693 1991 732 con-

392 774 571 828 traria
603 773 891 843 loquitur?
919 772 1018 828 Ar.
1050 773 1211 828 Absit
1250 792 1263 828 :
1301 772 1507 842 ubique
1551 773 1698 827 enim
1731 772 1838 827 sibi
1886 772 1990 842 ipsi

395 852 738 921 consonat'F
744 867 872 922 ilius
925 865 1044 921 Dei.
1089 867 1217 921 Atlt.
1247 864 1538 932 Quomodo
1562 880 1694 937 ergo
1726 865 1991 920 Dominus

397 957 530 1011 alibi
572 958 670 1025 ait,
712 978 732 1010 ‹
775 958 887 1028 Ego
920 965 975 1012 et
1008 956 1172 1013 Pater
1204 973 1375 1013 unum
1433 974 1630 1013 sumus
1665 957 1748 1012 “?
1776 958 1874 1011 Ar.
1907 958 1991 1012 An

400 1049 677 1113 Sabellius
712 1052 817 1106 es?
855 1053 983 1106 Atlz.
1034 1052 1147 1108 Cur
1199 1053 1304 1108 sim
1359 1051 1680 1108 Sabellius?
1727 1050 1824 1104 Ar.
1853 1049 1992 1117 Quia

396 1142 616 1201 Patrem
649 1154 704 1202 et
725 1145 922 1199 Filium
974 1162 1144 1201 unum
1196 1160 1322 1201 esse
1364 1145 1575 1201 dixisti.
1624 1145 1751 1199 Alli.
1789 1143 1870 1199 Ne
1905 1159 1993 1198 me

398 1236 905 1293 calumnieris.Ncc
930 1238 1076 1293 enim
1105 1238 1217 1292 dixi
1252 1236 1470 1292 Patrem
1505 1244 1558 1292 et
1591 1235 1787 1290 Filium
1823 1251 1993 1289 unum

399 1347 547 1397 esse,
590 1331 687 1388 sed
714 1322 1006 1386 Dominum
1032 1331 1242 1385 dixisse
1278 1351 1292 1386 :
1326 1348 1345 1381 ι
1386 1331 1501 1401 Ego
1531 1339 1587 1385 et
1622 1328 1786 1385 Pater
1821 1345 1992 1384 unum

401 1436 617 1480 sumus;
662 1445 681 1477 ι
720 1424 817 1478 Ar.
855 1422 1023 1493 Atqui
1060 1424 1177 1478 haec
1210 1423 1331 1494 ipsa
1362 1430 1450 1479 est
1483 1421 1706 1477 Sabellii
1741 1422 1990 1478 haeresis.

399 1516 528 1571 Atla.
559 1515 699 1571 Num
734 1517 904 1587 igitur
940 1515 1213 1571 Dominus
1237 1516 1331 1586 qui
1367 1516 1443 1569 ait
1476 1534 1489 1570 :
1522 1534 1540 1567 ι
1586 1514 1700 1585 Ego
1736 1524 1790 1569 et
1832 1513 1995 1570 Pater

400 1624 572 1663 unum
629 1624 844 1673 sumus,
884 1628 902 1660 ι
951 1605 1226 1663 Sabellius
1287 1615 1425 1662 erat.
1478 1606 1563 1660 An
1617 1622 1730 1661 non
1800 1621 1993 1660 omnes

399 1698 709 1755 Christiani
737 1699 925 1755 Jesum
939 1698 1140 1753 Filium
1161 1699 1257 1755 Dei
1286 1715 1411 1755 esse
1439 1700 1733 1755 novimus?
1756 1698 1837 1752 Tu
1860 1714 1991 1754 vero

2091 489 2344 559 λέγοντος
2364 507 2378 521 ⁸
2418 510 2438 544 ι
2461 492 2519 544 '0
2552 491 2744 563 Πατήρ
2776 509 2899 563 μου,
2925 492 2954 544 6
2982 492 3206 563 πέμψας
3235 509 3326 563 με,
3360 491 3560 563 μείζων
3585 508 3692 563 μου

2093 583 2277 649 ὲστὶνς
2312 602 2331 635 ›
2375 585 2485 638 Ἀθ.
2524 581 2707 638 εἶπενο
2757 586 3054 658 Ἐρωτήσω
3089 602 3181 638 σε’
3234 587 3299 639 σὺ
3352 584 3410 637 δὲ
3456 585 3696 656 ἀποκρί-

2095 675 2221 748 Θητί
2256 693 2377 746 μοι·
2420 678 2477 731 Ὀ
2513 677 2705 749 Σωτήρ
2736 696 2837 751 μου
2881 677 2955 750 μὴ
2982 678 3199 733 ἐναντία
3232 677 3533 748 ἐφθέγξατο
3562 681 3696 732 ἑαυ-

2091 771 2171 843 τῷ
2204 771 2341 843 (75);
2390 774 2520 841 Ἀρ.
2573 768 2761 827 εἶπενο
2808 774 2901 844 Μὴ
2964 772 3202 842 γένοιτοῑ
3256 775 3533 845 πανταχοῦ
3582 775 3696 846 γὰρ

2095 862 2385 934 σύμφωνος
2426 864 2605 936 ἑαυτῷ
2638 864 2899 935 τυγχάνει
2924 867 2952 919 6
2983 865 3109 930 Υἱὸς
3141 864 3231 918 τοῦ
3257 863 3414 918 Θεοῦ.
3465 864 3576 918 Ἀθ.
3609 860 3696 917 εἷ·-

2095 970 2197 1007 πεν
2218 971 2232 985 ο
2280 954 2408 1019 Πῶς
2433 952 2565 1009 οὗνὸ
2592 955 2801 1027 Κύριος
2828 959 2885 1010 ἐν
2907 955 3052 1028 ἄλλῳ
3080 956 3233 1027 τόπῳ
3261 957 3482 1028 φάσκει,
3505 975 3523 1007 ι
3548 955 3697 1025 Ἐγὼ

2094 1046 2188 1100 καὶ
2210 1045 2239 1098 6
2267 1047 2460 1120 Πατὴρ
2490 1048 2549 1101 ἓν
2578 1049 2777 1120 ὲσμεν;
2812 1050 2941 1118 Ἀρ.
2976 1045 3128 1103 εἶπεν
3149 1067 3161 1079 ·
3213 1049 3284 1102 Σὺ
3317 1048 3604 1112 meum;
3620 1044 3694 1102 εἶ.

2107 1138 2215 1194 ‘AO.
2254 1135 2436 1194 εἶπεν*
2474 1140 2572 1193 Διὰ
2623 1142 2675 1195 τί
2704 1144 2820 1214 εἰμι
2855 1141 3175 1208 Σαϐέλλιος;
3211 1144 3331 1211 Ἄρ.
3369 1136 3522 1196 εἶπεν
3545 1158 3559 1172 ο
3609 1141 3700 1194 Ἐο

2096 1231 2254 1303 πειδὴ
2289 1228 2473 1298 εἶπας,
2501 1235 2559 1287 '0
2584 1234 2776 1308 Πατὴρ
2820 1236 2916 1290 καὶ
2944 1238 2972 1289 ὁ
3004 1235 3135 1301 Υἱὸς
3167 1236 3225 1290 ἓν
3257 1239 3427 1289 ἐστιν.
3472 1236 3583 1289 Ἀθ.
3609 1228 3696 1286 εἴ·-

2096 1341 2197 1378 πεν
2228 1342 2241 1356 °
2293 1326 2385 1398 Μὴ
2444 1327 2786 1396 καταψεύδου
2838 1346 2977 1399 μου’
3028 1329 3088 1382 οὐ
3136 1328 3245 1401 γὰρ
3322 1327 3467 1383 οὕτω
3524 1326 3698 1401 φημὶ,

2095 1417 2178 1471 ὅτι
2211 1420 2239 1471 6
2265 1418 2454 1491 Πατὴρ
2506 1421 2600 1473 καὶ
2642 1422 2670 1474 6
2714 1420 2845 1486 Υἱὸς
2875 1422 2936 1475 ἓν
2975 1423 3146 1489 ἐστιν,
3173 1422 3290 1477 ἀλλ’
3316 1424 3397 1477 ὅτι
3434 1423 3463 1475 6
3489 1421 3702 1493 Κύριος

2096 1510 2230 1581 ἔφη·
2256 1531 2275 1562 ι
2318 1512 2459 1581 Ἐγὼ
2482 1513 2578 1567 καὶ
2600 1514 2629 1566 6
2663 1514 2855 1586 Πατὴρ
2882 1513 2940 1568 ἓν
2971 1516 3158 1586 ἐσμεν.
3183 1534 3201 1567 ι
3228 1517 3346 1583 Ἀρ.
3375 1510 3529 1568 εἶπεν
3554 1513 3695 1585 (76)'

2096 1603 2246 1675 Αὕτη
2282 1607 2314 1675 ή
2350 1606 2562 1677 αἵρεσις
2591 1606 2886 1660 Σαϐελλίου
2917 1606 3084 1661 ἐστίν.
3120 1608 3230 1663 "AO.
3259 1602 3446 1660 εἶπεν*
3484 1605 3701 1661 Οὐκοῦν

2098 1697 2126 1748 ὁ
2155 1694 2360 1765 Κύριος
2393 1696 2420 1748 6
2448 1695 2711 1769 εἰρηκὼς,
2750 1716 2769 1750 ι
2821 1697 2964 1769 Ἐγὼ
2983 1699 3079 1754 καὶ
3101 1700 3130 1752 6
3162 1699 3352 1771 Πατὴρ
3378 1700 3435 1753 ’ἐν
3466 1701 3694 1770 ἐσμεν,»

400 1791 586 1861 ipsum
605 1791 748 1845 dicis
780 1790 1087 1845 Sabellium
1122 1806 1248 1846 esse
1279 1801 1334 1846 et
1366 1790 1594 1846 haeresis
1635 1789 2000 1860 magistrum?

2108 1763 2392 1853 Σαϐἑλλιος
2421 1763 2528 1859 ἦνξ
2561 1763 2640 1843 D6
2671 1789 2873 1855 πάντες
2893 1763 2961 1844 vol
3006 1763 3335 1863 Χριστιανοῖί
3358 1763 3565 1863 Ἰησοῦν
3606 1790 3700 1845 τὸν

403 1885 500 1939 Αν.
531 1885 694 1940 Absit
719 1900 750 1938 a
784 1901 870 1939 me
897 1894 958 1938 ut
992 1885 1067 1938 ita
1097 1886 1354 1949 sentiam,
1387 1884 1481 1939 sed
1516 1884 1771 1938 Salvator
1798 1882 1867 1936 de
1898 1897 1999 1937 sua

402 1993 531 2033 cum
564 1977 728 2033 Patre
749 1977 1048 2033 concordia
1075 1978 1167 2032 illa
1193 1977 1463 2032 intellexit
1493 1976 1662 2032 verba
1695 1996 1710 2031 :
1751 1995 1769 2027 ι
1803 1975 1916 2047 Ego
1944 1982 1999 2030 et

403 2071 568 2127 Pater
609 2086 781 2125 unum
829 2085 1045 2126 sumus.
1088 2089 1108 2122 ι
1147 2070 1271 2123 ΑιΙι.
1304 2070 1477 2139 Cujus
1506 2083 1676 2125 causa
1717 2069 1832 2123 haec
1862 2068 2001 2123 dixit

402 2163 694 2230 Dominus,
739 2163 940 2234 quidve
1003 2163 1091 2219 liis
1146 2163 1368 2219 volebat
1405 2162 1698 2217 indicare?
1747 2176 1997 2227 suamne,

402 2263 466 2312 ut
496 2263 680 2326 putas,
711 2271 838 2310 cum
872 2255 1036 2311 Patre
1069 2255 1443 2320 concordiam,
1468 2270 1535 2307 an
1573 2254 1756 2324 potius
1798 2253 2001 2307 divini-

404 2357 598 2415 tatem,
624 2360 685 2405 ut
708 2356 860 2405 recta
892 2349 1034 2404 ratio
1065 2348 1296 2419 probat?
1321 2348 1367 2404 si
1392 2348 1772 2414 concordiam,
1799 2356 1858 2401 ut
1887 2347 2003 2402 exi-

405 2444 628 2510 stimas,
666 2443 837 2512 igitur
862 2449 1035 2498 testes
1065 2448 1260 2496 contra
1282 2438 1505 2495 Patrem
1547 2439 1908 2505 subornabat,
1931 2454 2002 2493 ne

402 2534 659 2591 videlicet
690 2549 721 2589 a
751 2534 916 2589 Patre
955 2533 1329 2589 abdicaretur.
1388 2529 1545 2597 Quod
1578 2531 1624 2586 si
1659 2545 1848 2585 verum
1879 2536 1998 2596 est;

402 2623 583 2682 Filius
609 2641 743 2697 ergo
767 2625 985 2680 Patrem
1007 2631 1256 2691 accusat,
1285 2623 1433 2694 quod
1471 2624 1748 2693 ingratum
1780 2638 1839 2678 se
1862 2638 2003 2694 pra:-

403 2720 613 2784 buerit,
639 2735 743 2776 nec
790 2730 952 2790 pacta
999 2718 1310 2774 concordia:
1341 2716 1595 2773 servarit.
1628 2715 1785 2782 Quod
1833 2715 1881 2770 si
1925 2716 2002 2770 ita

403 2820 532 2863 esse
561 2807 719 2872 velis,
744 2807 1009 2879 intellige,
1040 2821 1248 2879 quaeso,
1266 2821 1376 2877 quo
1394 2813 1447 2861 te
1476 2804 1797 2876 bujusmodi
1824 2803 2003 2860 abdu-

405 2907 497 2954 cat
533 2900 837 2956 sententia.

472 3166 570 3222 10.
601 3167 700 3222 Ar.
735 3165 943 3222 Verum
999 3166 1135 3238 quid
1170 3184 1276 3224 nos
1307 3168 1391 3224 vis
1428 3168 1632 3235 dicere,
1682 3184 1811 3249 num
1851 3168 2000 3239 quod

406 3256 572 3313 Pater
606 3268 660 3312 et
683 3257 861 3313 Filius
883 3264 1062 3313 unum’
1087 3259 1205 3314 sit?
1231 3259 1360 3314 Atla.
1397 3258 1667 3316 Dominus
1697 3259 1863 3322 Iesus
1892 3278 2002 3317 non

406 3349 486 3405 ait
519 3367 575 3406 ε(
598 3349 711 3420 Ego
741 3357 796 3404 et
826 3348 989 3405 Pater
1007 3367 1176 3405 unum
1209 3367 1354 3417 sum,
1384 3353 1480 3408 sed
1509 3368 1680 3407 unum
1714 3370 1942 3409 sumus:
1980 3374 1998 3408 ι

408 3440 606 3510 bisque
639 3443 847 3508 verbis,
883 3461 903 3494 ι
944 3459 1113 3497 unum
1158 3460 1374 3509 sumus,
1411 3464 1429 3497 ι
1460 3444 1759 3514 perfectam
1796 3446 2007 3500 indica--

407 3526 489 3582 vit
520 3528 845 3584 dualitatem
868 3547 883 3597 ;
910 3537 966 3584 et
987 3530 1253 3596 dictione,
1284 3549 1303 3582 ι
1348 3546 1541 3596 unum,
1583 3550 1602 3583 ι
1638 3530 2006 3586 substantiam

411 3620 764 3691 signiﬁcavit.
799 3620 932 3688 Quae
978 3622 1108 3692 quia
1158 3638 1271 3677 non
1307 3622 1653 3686 intellexisti,
1683 3624 1736 3677 in
1765 3623 2008 3679 absurda

412 3712 623 3768 idcirco
650 3713 916 3768 incidisti.
945 3714 1044 3769 Ar.
1071 3714 1157 3770 An
1186 3731 1297 3770 non
1326 3716 1594 3773 Dominus
1621 3716 1761 3771 dixit
1792 3735 1807 3772 :
1852 3736 1870 3768 ι
1906 3717 2010 3771 Pa-

411 3812 499 3861 ter
543 3806 639 3877 qui
688 3808 840 3862 misit
878 3824 986 3874 me,
1023 3809 1204 3879 major
1244 3825 1331 3865 me
1380 3809 1501 3865 est?
1541 3828 1561 3862 ι
1606 3809 1733 3863 ΑιΙι.
1782 3808 1848 3865 At
1898 3824 2009 3864 non

414 3894 670 3954 Salvator
701 3899 843 3954 dixit
876 3920 889 3956 :
925 3920 944 3952 ι
985 3899 1100 3971 Ego
1129 3910 1183 3956 ct
1210 3901 1374 3958 Pater
1409 3917 1581 3956 unum
1614 3917 1845 3970 sumus;
1889 3921 1910 3955 ι
1954 3910 2009 3958 ct

413 4004 613 4045 rursus
663 4007 679 4047 :
750 4009 769 4042 ι
815 3989 921 4058 Qui
951 3992 1088 4045 vidit
1135 4007 1241 4058 me,
1276 3993 1413 4048 vidit
1456 3992 1785 4049 Patrem“?
1824 4013 1843 4046 ι
1892 3993 2009 4049 lmo

412 4080 716 4152 Apostolus
744 4096 966 4153 quoque
1012 4081 1137 4138 Filii
1192 4096 1247 4140 et
1300 4084 1480 4139 Patris
1516 4085 1888 4154 aequalitatem
1933 4086 2010 4140 di-

415 4181 563 4230 serte
597 4173 685 4229 bis
715 4175 897 4229 verbis
922 4174 1211 4230 declarat:
1252 4193 1271 4226 ι
1309 4176 1415 4243 Qui
1455 4192 1582 4232 cum
1616 4177 1672 4233 in
1705 4176 1882 4232 forma
1908 4176 2006 4233 Dei

414 4275 587 4333 esset,
609 4282 722 4322 non
751 4268 1003 4338 rapinam
1056 4268 1359 4325 arbitratus
1389 4280 1475 4325 est
1500 4285 1623 4327 esse
1648 4286 1708 4326 se
1739 4272 2005 4342 aequalem

414 4356 529 4413 Deo
564 4379 576 4414 :
609 4359 704 4414 sed
750 4361 1113 4431 semetipsum
1136 4363 1440 4418 exinanivit
1472 4365 1519 4395 ’⁷
1555 4383 1567 4418 :
1610 4383 1630 4416 ι
1668 4364 1861 4420 Viden'
1914 4363 2006 4419 Fi-

2102 1881 2232 1935 Υἰὺν
2273 1881 2368 1935 τοῦ
2414 1881 2551 1935 Θεοῦ
2585 1882 2847 1955 οἴδαμεν;
2888 1885 2952 1937 σὺ
2999 1884 3056 1937 δὲ
3094 1884 3383 1939 Σαϐἐλλιον
3419 1885 3514 1940 καὶ
3546 1884 3700 1939 διδά-

2104 1972 2302 2028 σκαλον
2346 1974 2613 2045 αἱρέσεως
2643 1974 2807 2028 αὑτὸν
2838 1975 2982 2046 φῄς;
3019 1977 3140 2044 Ἀρ.
3182 1972 3304 2028 εἷπε
3323 1992 3336 2005 ’
3363 1977 3453 2047 Μὴ
3486 1975 3701 2043 γένοιτό

2104 2084 2198 2137 μοι
2222 2066 2380 2120 τοῦτο
2406 2069 2674 2138 φρονῆσαι
2701 2066 2712 2118 l
2742 2068 2771 2119 6
2807 2067 2917 2137 γὰρ
2938 2066 3129 2138 Σωτὴρ
3154 2061 3276 2120 εἶπε
3306 2066 3436 2139 περὶ
3476 2083 3703 2137 συμφωο

2101 2158 2243 2223 νίας,
2268 2159 2349 2211 ὅτι
2385 2176 2405 2209 ι
2461 2155 2605 2226 Ἐγὼ
2639 2157 2733 2211 καὶ
2785 2159 2813 2210 6
2853 2157 3046 2229 Πατὴρ
3094 2157 3153 2210 ἓν
3199 2158 3388 2227 ἐσμεν.
3438 2176 3458 2210 ι
3503 2158 3697 2212 Ἀθαν.

2103 2246 2285 2305 εἶπεν·
2338 2249 2528 2304 ἕνεκεν
2578 2251 2724 2316 τίνος
2754 2250 2902 2316 ἔλεξε
2931 2249 3111 2303 τοιάδε
3134 2250 3162 2301 6
3184 2248 3419 2321 Κύριος;
3448 2249 3503 2302 τί
3528 2249 3701 2304 θέλων

2103 2341 2489 2411 παραστῆσαις
2527 2341 2626 2414 τὴν
2652 2340 2972 2412 συμφωνίαν
2999 2339 3140 2395 κατὰ
3179 2340 3259 2404 σὲ,
3287 2340 3320 2410 ἢ
3348 2340 3448 2410 τὴν
3464 2339 3702 2411 θεότητα

2103 2431 2245 2486 κατὰ
2283 2433 2374 2485 τὸν
2418 2432 2577 2508 ὀρθὸν
2619 2432 2810 2502 λόγον;
2859 2433 2923 2485 Εἰ
2953 2431 3052 2503 μὲν
3098 2431 3208 2505 γὰρ
3231 2432 3331 2503 τὴν
3374 2431 3702 2503 συμφωνίαν

2103 2524 2246 2579 κατὰ
2290 2526 2369 2590 σὲ,
2411 2526 2519 2596 ἄρα
2559 2524 2846 2597 μάρτυρας
2884 2524 2996 2594 (77)
3025 2525 3395 2590 κατεσκεύαζε
3432 2523 3575 2579 κατὰ
3603 2523 3702 2578 τοῦ

2104 2616 2340 2688 Πατρὺς,
2394 2617 2469 2688 μὴ
2520 2617 2629 2689 ἄρα
2670 2616 2931 2687 ἀθέτησις
2976 2615 3126 2688 αὑτῷ
3165 2616 3395 2688 γένηται
3440 2615 3546 2670 ὑπὸ
3598 2614 3701 2670 τοῦ

2103 2708 2348 2778 Πατρός·
2381 2710 2430 2762 εί
2467 2707 2527 2761 δὲ
2569 2707 2718 2762 τοῦθ’
2749 2707 2923 2773 οὕτως
2965 2708 3102 2779 ἔχει,
3150 2710 3179 2762 6
3222 2708 3354 2772 Υἱὸς
3400 2708 3706 2780 κατηγορεί

2103 2800 2198 2854 τοῦ
2228 2801 2443 2873 Πατρὸς
2473 2799 2616 2855 κατὰ
2642 2800 2721 2865 σὲ,
2751 2801 2828 2865 ὡς
2865 2799 3202 2872 ἀγνώμονος,
3242 2800 3340 2854 καὶ
3393 2801 3467 2873 μὴ
3513 2800 3706 2870 μένον-

2104 2910 2198 2957 τος
2219 2895 2277 2947 ὲν
2303 2896 2426 2956 ταῖς
2453 2895 2753 2965 συνθήκαις
2778 2891 2881 2962 τῆς
2904 2891 3228 2963 συμφωνίας
3251 2891 3346 2945 τοῦ
3369 2891 3608 2963 Πατρός.
3637 2892 3705 2945 Et

2107 2985 2165 3039 δὲ
2188 2986 2283 3040 καὶ
2316 2985 2464 3039 τοῦθ’
2498 2985 2674 3051 οὕτως
2700 2985 2834 3057 ἔχει,
2852 2985 3042 3039 λοιπὸν
3068 2986 3260 3057 νόησον
3274 2983 3379 3038 ποῦ
3410 3002 3469 3038 σε
3494 2984 3706 3055 ἀπάγει

2032 3114 2075 3173 C
2109 3078 2172 3132 τὸ
2191 3078 2296 3173 ’σὺν
2326 3077 2611 3173 φρόνημα.

2185 3168 2272 3224 i0.
2312 3169 2433 3236 "Ap.
2466 3164 2652 3221 εἶπενο
2705 3167 2868 3222 Ἀλλὰ
2897 3168 2952 3221 τί
2999 3168 3173 3232 Θέλεις
3205 3168 3294 3221 ἵνα
3324 3168 3591 3239 εἴπωμεν,
3618 3166 3707 3223 ὅτι

2104 3262 2133 3314 6
2159 3260 2350 3333 Πατὴρ
2378 3260 2474 3314 καὶ
2502 3261 2529 3313 6
2553 3260 2682 3324 Υἱὸς
2707 3260 2765 3314 ἓν
2789 3262 2972 3327 ὲστιν;
3011 3262 3123 3316 uo.
3166 3257 3348 3315 εἶπεν·
3394 3261 3451 3315 Ὁ
3496 3259 3711 3333 Κύριος

2119 3353 2329 3424 Ἰησοῦς
2359 3354 2460 3407 οὐκ
2506 3348 2682 3419 εἶπεν,
2727 3372 2747 3405 ‹
2788 3352 2932 3423 Ἐγὼ
2978 3354 3073 3421 καί
3103 3356 3132 3408 6
3180 3354 3373 3426 Πατὴρ
3403 3352 3461 3406 ἓν
3488 3355 3635 3423 εἰμι·
3680 3371 3703 3406 ι

2108 3446 2225 3500 ἀλλ’
2255 3446 2476 3518 ἔφησεν,
2503 3466 2521 3498 ι
2557 3447 2615 3501 ’ἐν
2646 3449 2834 3519 ἐσμεν,
2872 3467 2889 3499 ι
2917 3449 3013 3502 καὶ
3036 3447 3134 3518 τὴν
3155 3446 3319 3501 δυάδα
3339 3445 3548 3499 τελείαν
3566 3463 3713 3518 παρ-

2109 3541 2338 3611 έστησεν
2373 3542 2430 3593 ὲν
2454 3539 2533 3611 τῷ
2566 3538 2740 3605 λέξαι,
2771 3559 2790 3592 ι
2822 3538 2881 3594 ἓν
2915 3541 3107 3611 ἐσμεν.
3145 3557 3164 3590 ι
3204 3538 3278 3590 Τὸ
3305 3537 3383 3602 δὲ,
3420 3556 3440 3589 ι
3479 3536 3560 3601 ἓν,
3596 3556 3617 3589 ι
3646 3535 3712 3590 τὸ

2108 3632 2210 3702 τῆς
2243 3632 2431 3697 οὐσίας
2454 3634 2726 3704 ἐσήμανεο
2778 3633 2843 3686 σὺ
2873 3631 2949 3697 δὲ,
2990 3632 3065 3703 μὴ
3106 3631 3328 3703 νοήσας,
3360 3632 3440 3694 εἰς
3472 3628 3705 3685 ἀτοπίας

2111 3722 2419 3795 ὲχιῦρησας.
2466 3724 2586 3793 Ἄρ.
2624 3718 2813 3777 εἶπεν·
2871 3725 2929 3776 '0
2980 3722 3187 3796 Κύριος
3223 3723 3324 3776 οὐκ
3371 3719 3557 3777 εἶπεν⁸
3590 3741 3611 3774 ι
3647 3724 3713 3777 '0

2111 3816 2325 3889 Πατὴρ,
2356 3819 2383 3870 6
2418 3815 2642 3887 πέμψας
2669 3832 2760 3886 με,
2795 3814 2998 3887 μείζων
3038 3832 3140 3885 μου
3178 3814 3326 3868 ἐστίν
3355 3831 3369 3880 ;
3411 3834 3430 3866 ι
3468 3817 3580 3869 Ἀθ.
3634 3808 3715 3866 εἶ-

2110 3925 2244 3963 πεν·
2296 3909 2492 3981 Σωτὴρ
2541 3909 2642 3962 οὐκ
2690 3904 2882 3961 εἶπεν·
2941 3926 2960 3957 ‹
3007 3906 3150 3975 Ἐγὼ
3195 3907 3290 3960 καὶ
3344 3908 3373 3959 6
3424 3905 3619 3977 Πατὴρ
3649 3907 3713 3961 ἓν

2110 4003 2310 4072 ἐσμεν,
2351 4021 2369 4054 ι
2406 4002 2501 4053 καὶ
2538 3999 2699 4053 πάλιν
2726 4015 2739 4029 ·
2786 4019 2804 4051 ι
2840 3999 2899 4052 '0
2930 3997 3194 4070 ἑωρακὼς
3219 3996 3343 4069 ἐμὲ,
3373 3996 3589 4069 ἑώρακε
3616 3997 3716 4053 τὸν

2108 4093 2366 4165 Πατέρα;
2406 4112 2426 4144 ι
2478 4091 2639 4145 Ἀλλά
2670 4092 2778 4163 μὴν
2811 4093 2907 4145 καὶ
2934 4093 2963 4145 6
3005 4089 3327 4154 Ἀπόστολος
3353 4090 3454 4163 τὴν
3487 4091 3715 4163 ἰσότητα

2108 4181 2204 4236 τοῦ
2235 4182 2391 4248 Υἱοῦ,
2423 4184 2489 4255 ἣν
2524 4182 2638 4254 ἔχει
2679 4181 2819 4254 πρὸς
2860 4182 2952 4235 τὸν
2988 4182 3181 4235 ἑαυτοῦ
3226 4181 3474 4254 Πατέρα,
3520 4183 3716 4253 σαφῶς

2109 4273 2364 4345 ἐδήλωσε,
2392 4274 2568 4343 λέγων
2588 4291 2603 4306 ο
2628 4294 2647 4327 ι
2689 4277 2806 4339 Ὃς,
2833 4276 2892 4328 ὲν
2923 4277 3105 4346 μορφῇ
3130 4273 3267 4327 Θεοῦ
3293 4275 3582 4346 ὑπάρχων,
3611 4276 3717 4347 οὐχ

2111 4363 2407 4436 ἁρπαγμὸν
2441 4365 2686 4437 ἡγήσατο
2725 4364 2787 4418 τὸ
2831 4360 2971 4419 εἶναι
3008 4365 3099 4419 ἴσα
3150 4365 3307 4437 Θεῷ·
3358 4366 3471 4419 ἀλλ’
3512 4367 3716 4421 ἑαυτὸν

413 4450 549 4503 lium
575 4452 804 4521 proprio
834 4450 982 4506 Patri
1028 4454 1295 4523 aequalem
1340 4470 1486 4518 esse,
1528 4471 1639 4509 non
1681 4463 1864 4511 autem
1904 4457 2001 4511 mi-

2113 4445 2383 4509 ἐκένωσεν
2414 4454 2549 4529 (78).
2593 4476 2612 4508 ι
2661 4457 2846 4530 Ὁρᾷς,
2891 4457 2974 4511 ὅτι
3022 4458 3137 4521 ἴσος
3168 4457 3320 4511 ἐστὶν
3365 4460 3394 4512 6
3443 4457 3577 4522 Υἱὸς
3615 4455 3716 4513 τοῦ

413 4542 643 4597 norem?
664 4543 761 4596 Ar.
791 4542 984 4614 Magna
1021 4547 1153 4600 mihi
1178 4546 1398 4602 videtur
1419 4545 1833 4617 Scripturarum
1857 4549 1927 4604 de
1949 4565 2008 4605 re

414 4634 672 4703 praesenti
733 4634 1031 4692 dissensio.
1093 4636 1220 4691 Atla.
1264 4636 1425 4692 Absit
1460 4645 1519 4691 ut
1578 4638 1744 4694 homo
1791 4637 2008 4695 divinos

415 4725 625 4798 Deique
658 4726 841 4782 amata
886 4729 1124 4798 scriptos
1172 4720 1345 4786 libros
1385 4731 1585 4785 audeat
1652 4732 2004 4798 calumniari,

415 4815 576 4886 quasi
600 4815 812 4870 scilicet
838 4830 948 4869 non
977 4815 1121 4871 inter
1155 4831 1217 4871 se
1246 4816 1301 4870 in
1333 4817 1421 4872 bis
1441 4817 1700 4874 omnibus
1726 4820 2009 4875 consenti-

414 4916 561 4965 rent.
611 4907 776 4965 Certe
818 4924 1014 4965 omnes
1045 4908 1368 4981 Scriptum,
1409 4911 1588 4967 instar
1614 4927 1785 4983 aquae
1831 4914 2006 4981 librat,

415 5003 576 5059 valde
615 5018 805 5060 secum
851 5006 1229 5060 consentiunt.
1283 5005 1380 5062 Ar.
1415 5005 1520 5072 Qui
1553 5006 1670 5063 ﬁeri
1717 5017 1901 5080 potest
1951 5022 2011 5067 ut

417 5096 813 5153 consentiant?
848 5095 1103 5151 Salvator
1130 5097 1208 5151 ait
1244 5116 1259 5153 :
1297 5118 1317 5151 ι
1357 5098 1520 5156 Pater
1555 5102 1654 5171 qui
1708 5102 1860 5158 misit
1900 5120 2009 5171 me,

417 5190 598 5259 major
620 5204 709 5246 me
731 5197 855 5247 est:
898 5211 917 5245 ι
961 5191 1108 5247 idem
1143 5206 1346 5248 rursus
1377 5193 1454 5249 ait
1488 5212 1503 5248 :
1536 5212 1555 5244 σ
1598 5193 1715 5266 Ego
1745 5203 1801 5251 et
1843 5194 2012 5252 Pater

489 5350 535 5382 ⁸⁸
571 5349 732 5406 Joan.
773 5368 842 5415 χ,
879 5351 969 5408 '50.
1046 5351 1093 5384 “
1120 5349 1280 5408 Joan.
1318 5367 1432 5416 xw,
1470 5351 1524 5408 9.
1576 5353 1622 5385 ¹⁷
1662 5351 1906 5427 Philipp.
1944 5372 2019 5423 ll,
2045 5355 2100 5411 7.

489 5528 848 5608 (ἶέἰχἜαυτῷ
880 5531 1035 5588 deest
1062 5534 1119 5589 in
1143 5533 1282 5604 Aug.
1308 5531 1432 5588 Mox
1459 5533 1626 5599 idem,
1661 5535 1752 5608 Μὴ
1769 5537 2012 5606 γένοιτο.

420 5600 553 5674 παρ]
565 5602 740 5674 αὑτοῦ
771 5600 901 5674 γάρ.

494 5618 498 5657 ;
539 5618 552 5626 ·
574 5618 740 5655 αυτου
771 5618 901 5674 γαρ.

494 5618 610 5745 διδ)
642 5674 861 5743 ’Ἄρειος
902 5666 1056 5727 εἶπεν
1084 5672 1240 5729 deest
1275 5674 1329 5729 in
1358 5674 1495 5745 Aug.
1527 5675 1585 5731 ln
1615 5675 1762 5736 Fclc.
1794 5692 1925 5736 vero
1953 5678 2010 5745 2,

422 5750 479 5800 et
514 5742 631 5800 hac
652 5750 708 5801 et
724 5742 1020 5812 sequentia
1047 5759 1221 5816 usque
1262 5745 1331 5802 ad
1361 5742 1551 5817 ἐσμεν.

2120 4547 2251 4601 ἰδίου
2286 4548 2521 4619 Πατρδς,
2558 4549 2652 4602 καὶ
2667 4549 2729 4602 οὐ
2760 4548 3117 4622 μικρότερος;
3148 4546 3465 4620 "Apelt-raw
3504 4551 3719 4623 Ἀσυμο

2115 4639 2294 4709 φωνία
2333 4639 2501 4711 πολλή
2532 4658 2619 4711 μοι
2648 4641 3045 4710 καταφαίνεται
3078 4641 3188 4695 τῶν
3216 4643 3449 4715 Γραφῶν
3475 4644 3571 4698 ἐπὶ
3616 4643 3716 4698 τοῦ

2117 4733 2400 4805 παρόντος.
2442 4734 2553 4788 Ἀθ.
2569 4730 2720 4787 εἶπεν
2739 4751 2753 4764 ο
2796 4735 2888 4806 Μὴ
2914 4735 3125 4803 γένοιτο
3147 4735 3235 4791 ἵνα
3265 4735 3555 4808 ἄνθρωπος
3578 4753 3719 4791 κατ-

2115 4826 2243 4899 είπῃ
2266 4827 2375 4880 τῶν
2416 4827 2577 4880 οείων
2621 4826 2714 4880 καὶ
2769 4826 3147 4881 θεοπνεύστων
3201 4829 3461 4902 Γραφῶν,
3522 4830 3603 4894 ὡς
3646 4834 3712 4886 οὐ

2118 4920 2257 4990 μετὰ
2288 4921 2612 4992 συμφωνίας
2636 4921 2814 4975 ταῦτα
2847 4920 3026 4974 πάντα
3056 4921 3486 4992 φθεγγομένωνΊ
3535 4923 3717 4992 Ζυγὸς

2114 5010 2224 5083 γὰρ
2256 5011 2447 5083 ὥσπερ
2473 5012 2701 5079 δίκαιος,
2738 5012 2883 5068 οὕτω
2936 5013 3290 5085 συμφωνοῦσι
3338 5014 3478 5086 πρὸς
3509 5016 3715 5080 ἑαυτὰς

2116 5105 2288 5157 πᾶσαι
2313 5106 2369 5158 αἱ
2397 5105 2630 5175 Γραφαί.
2667 5106 2787 5172 Ἀρ.
2825 5101 2979 5158 εἶπεν
2999 5121 3012 5134 ·
3041 5103 3167 5169 Πῶς
3196 5104 3612 5176 συμφωνοῦσιν;
3654 5107 3715 5161 '0

2117 5198 2310 5270 Σωτὴρ
2353 5197 2458 5270 ἔφη
2483 5215 2496 5228 ·
2539 5218 2556 5251 ι
2591 5201 2648 5253 '0
2677 5198 2868 5271 Πατὴρ
2900 5201 2928 5252 6
2964 5196 3188 5269 πέμψας
3229 5215 3320 5270 με,
3360 5198 3568 5270 μείζων
3605 5214 3712 5271 μου

2196 5535 2308 5606 (77)
2346 5536 2722 5608 Augustanus,
2763 5535 2864 5606 τὴν
2910 5552 3230 5608 συμφωνιαν
3278 5533 3419 5608 κατὰ
3464 5532 3547 5597 σὲ,
3600 5530 3712 5605 ἄρα

2127 5605 2430 5678 μάρτυρας,
2443 5605 2673 5663 omissis
2704 5605 3045 5665 inter-mediis
3056 5607 3121 5678 δι’
3136 5605 3565 5678 ὁμοιοτέλευτον.

2219 5674 2475 5752 18)“Αυε.
2510 5679 2776 5735 ἐκένωσεν
2806 5679 3022 5751 μορφὴν
3054 5674 3240 5732 δούλου
3269 5674 3471 5730 λαϐὼν.
