3880 6186
195 328 304 384 449

1331 329 1756 390 DISPUTATIO
1794 329 2077 389 CONTRA
2119 335 2366 393 ARIUM.

3371 342 3479 400 450

200 441 318 495 ἐστί
341 457 356 473 ·
387 459 409 492 ι
437 439 596 494 πάλιν
621 443 650 496 6
675 441 836 506 αὐτὸς
859 442 1009 511 λέγει
1034 460 1048 473 ο
1098 460 1116 493 ι
1159 441 1302 510 Ἐγὼ
1332 444 1427 497 καὶ
1456 445 1485 496 6
1515 443 1708 514 Πατὴρ
1732 442 1774 495 Ei

1894 460 2066 499 unum
2129 462 2324 504 sumus
2377 467 2390 503 :
2427 467 2446 501 ι
2491 456 2546 504 et
2587 469 2600 504 :
2641 469 2660 502 ι
2701 451 2807 518 Qui
2864 453 3003 508 vidit
3053 469 3163 520 me,
3202 455 3338 512 vidit
3373 453 3480 514 Pa-

199 533 404 602 ἐσμεν·
447 549 467 583 ι
509 533 606 585 καὶ
654 533 892 604 ἑτέρως·
929 553 947 585 ι
973 534 1029 586 '0
1075 532 1338 604 ἑωρακὼς
1385 533 1517 604 ἐμὲ,
1573 531 1786 604 ἑώρακε

195 620 288 673 τὸν
341 619 592 692 Πατέραο
647 641 666 674 a
725 623 792 676 δι’
829 617 890 676 οὗ
934 623 1192 694 σημαίνει
1235 621 1333 694 τὴν
1369 623 1788 694 ἀπαράλλακτον

196 713 361 765 αὐτοῦ
391 713 556 779 ἰδέαν,
591 714 658 784 ἣν
705 714 819 784 ἔχει
868 715 1008 786 πρὸς
1047 715 1140 767 τὸν
1182 715 1378 767 ἑαυτοῦ
1418 715 1670 786 Πατέραο
1712 714 1810 778 ὡς.

195 805 292 856 καὶ
327 805 582 868 ὁῐῐαῦλός
610 823 742 878 φησι
769 806 880 860 ἴσον
903 807 995 859 τὸν
1013 806 1140 859 Υἱὸν
1163 806 1274 878 (79)
1299 805 1393 859 τοῦ
1419 806 1549 859 ίδίου
1575 807 1789 878 Πατρὸς

191 896 506 966 τυγχάνειν.
555 897 664 952 Ἀθ.
698 895 852 952 εἶπεν
936 899 1252 972 Ἀνθρωπε,
1281 900 1448 954 ἄκουε
1473 900 1568 953 καὶ
1604 900 1787 968 σύνες,

191 987 278 1041 ὅτι
329 991 430 1043 οὐκ
494 989 829 1054 ἀπέζευκται
883 992 1061 1044 ἐκεῖνο
1097 991 1158 1044 τὸ
1210 992 1527 1060 κεφάλαιον,
1572 991 1634 1044 τὸ
1685 992 1790 1061 φάο

195 1081 493 1154 οκυν(80)’
525 1101 544 1134 ι
591 1084 650 1136 '0
701 1084 893 1155 Πατήρ
946 1101 1069 1155 μου,
1115 1087 1144 1138 ὁ
1183 1083 1406 1154 πέμψας
1447 1102 1537 1154 με,
1586 1084 1788 1155 μείζων

196 1189 301 1242 μου
333 1174 474 1231 ἐστί.
509 1193 528 1227 ›
565 1175 673 1228 τῶν
696 1175 896 1229 λοιπῶν
918 1176 1250 1246 κεφαλαίων.
1287 1179 1406 1246 "Ap.
1441 1177 1628 1232 εἶπεν·
1663 1179 1788 1232 Ἐἀν

189 1264 358 1317 τοῦτο
385 1267 696 1339 ἀποδείξῃς,
723 1268 858 1338 ὅπερ
893 1269 1277 1340 ἀνεγχώρητόν
1309 1272 1446 1334 ἐστι,
1473 1270 1616 1340 τάχα
1641 1270 1787 1342 κάμὲ

193 1358 448 1428 ποιήσεις
482 1357 560 1430 τῷ
590 1359 665 1428 σῷ
692 1361 1001 1431 φρονήματι
1041 1361 1500 1432 ἐπακολουθῆσαι.

267 1450 359 1501 11.
407 1450 517 1504 Ἀθ.
560 1446 747 1503 εἶπεν·
797 1451 856 1504 Ὀ
905 1451 999 1504 τοῦ
1033 1451 1168 1504 Θεοῦ
1201 1452 1330 1516 Υἱὸς
1366 1453 1500 1516 Θεός
1546 1455 1714 1518 ἐστιν,
1751 1451 1785 1523 ἢ

189 1539 291 1607 οὓς
333 1543 454 1608 "Ap.
479 1537 631 1594 εἶπεν
651 1558 664 1572 ·
699 1541 830 1605 Θεὸς
859 1541 1100 1606 κτισθεὶς
1121 1542 1227 1596 ὑπὸ
1255 1543 1414 1598 Θεοῦ.
1466 1546 1576 1599 Ἀθ.
1607 1541 1782 1598 εἶπεν·

203 1634 295 1697 Ὠς
330 1634 526 1700 θέλεις,
581 1633 915 1705 ἀποκρίθητί
971 1651 1059 1704 μοι
1104 1636 1230 1706 περὶ
1255 1629 1315 1689 οὗ
1352 1637 1566 1708 ἐρωτῶ.
1605 1638 1663 1691 '0
1690 1637 1785 1692 τοῦ

189 1724 331 1779 Θεοῦ
356 1723 484 1788 Υἱὸς
520 1725 698 1776 πάντα
729 1724 1002 1794 ἐποίησεν,
1028 1724 1116 1777 ναὶ
1165 1725 1299 1796 (81),
1337 1725 1370 1796 ἢ
1411 1724 1513 1791 ob;
1553 1727 1674 1794 "Ap.
1709 1723 1786 1780 εἷ-

1889 542 2030 590 trem
2062 555 2075 591 :
2122 556 2140 589 ι
2179 539 2382 609 quibus
2414 541 2600 597 verbis
2637 542 2974 599 simillimam
3004 548 3266 618 nullaque
3294 550 3478 607 varie-

1889 633 2000 682 tate
2056 627 2330 684 diversam
2382 633 2469 687 sui
2527 642 2583 688 et
2647 633 2828 691 Patris
2878 637 3116 706 speciem
3172 639 3475 712 designat:

1889 721 2354 787 quemadmodum
2415 733 2470 778 et
2511 723 2716 780 Paulus
2767 728 2958 783 scribit
3005 727 3202 784 Filium
3256 733 3474 803 proprie

1888 808 2041 863 Patri
2071 813 2334 882 aequalem
2367 830 2510 870 esse.
2547 815 2674 872 Atla.
2703 817 2866 884 Audi,
2891 819 3079 884 homo,
3134 829 3188 876 ct
3235 824 3476 897 intellige

1893 902 2030 957 illud
2057 905 2358 975 capitulum
2395 925 2408 962 :
2440 925 2458 958 ι
2487 907 2650 963 Pater
2677 926 2855 974 meus,
2876 913 2970 981 qui
3002 913 3153 966 misit
3173 930 3280 978 me,
3300 918 3476 987 major

1889 1007 1978 1048 mn:
2010 1001 2116 1058 est,
2155 1013 2174 1046 ι
2216 994 2284 1049 ab
2314 995 2440 1051 aliis
2469 998 2694 1054 minime
2726 999 2947 1056 differre
2980 1002 3256 1071 capitulis.
3295 1005 3392 1062 Ar.
3415 1005 3474 1061 Si

1853 1149 1858 1156 ί
1889 1083 1942 1139 id
1975 1086 2304 1152 ostenderis,
2343 1088 2487 1157 quod
2531 1105 2664 1146 sane
2700 1091 2815 1146 ﬁeri
2851 1109 2960 1147 non
3008 1103 3208 1165 potest,
3237 1094 3382 1154 forte
3417 1105 3474 1154 et

1889 1191 1976 1232 me
2001 1175 2060 1231 in
2078 1185 2231 1232 tuam
2264 1179 2592 1236 sententiam
2627 1182 2708 1237 ire
2730 1185 3046 1255 compellcs.

1960 1443 2050 1498 H.
2087 1443 2212 1500 Atla.
2264 1443 2361 1500 Dei
2419 1445 2594 1501 Filius
2648 1445 2870 1503 Deusne
2917 1456 3023 1516 est,
3054 1450 3140 1506 vel
3186 1451 3469 1507 non?Ar.

1888 1532 2032 1590 Dens
2061 1542 2145 1592 est
2174 1545 2397 1593 creatus
2426 1553 2455 1591 τι
2491 1539 2624 1594 Deo.
2669 1539 2796 1595 Atla.
2848 1540 3018 1595 Prout
3058 1542 3141 1596 vis
3200 1543 3473 1614 responde

1887 1628 2020 1681 mihi
2053 1629 2122 1683 ad
2162 1629 2217 1683 id
2253 1629 2401 1699 quod
2435 1645 2465 1683 a
2499 1638 2552 1685 te
2595 1631 2872 1687 sciscitor.
2908 1633 3002 1690 Dei
3042 1633 3214 1688 Filius
3270 1636 3473 1693 fecitne

1889 1721 2094 1784 omnia,
2124 1736 2192 1774 an
2225 1722 2494 1777 non?Ar.
2530 1720 2650 1776 Jam
2685 1740 2853 1795 supra
2891 1740 3217 1781 concessum
3251 1736 3335 1782 est
3352 1744 3472 1784 om-

191 1835 324 1872 mw
365 1816 820 1888 Προαποδέδοται,
846 1817 931 1869 ὃτι
955 1815 1132 1869 πάντα
1155 1817 1429 1888 ἐποίησεν,
1456 1819 1532 1882 ὡς
1557 1819 1774 1890 δύναμις

1886 1811 1977 1865 nia
2007 1826 2131 1865 eum
2175 1811 2394 1880 fecisse,
2425 1814 2627 1884 quippe
2659 1817 2751 1885 qui
2801 1816 2874 1870 sit
2908 1815 3003 1870 Dei
3052 1818 3228 1873 virtus
3265 1825 3320 1873 et
3374 1833 3470 1904 sa-

190 1905 288 1958 καὶ
319 1905 484 1973 σοφία
505 1905 788 1974 τυγχάνων
811 1903 969 1957 Θεοῦ.
1013 1905 1122 1958 Ἀθ.
1142 1902 1295 1959 εἶπεν
1313 1923 1324 1937 ·
1365 1907 1576 1963 Οὐκοῦν
1605 1910 1784 1964 πάντα

189 1996 442 2068 περιέχει
459 1994 528 2047 τά
546 1995 636 2047 ὑπ’
662 1993 825 2047 αὑτοῦ
854 1993 1166 2065 ποιηθέντα,
1199 1996 1316 2065 ἤτοι
1336 1996 1506 2065 ὁρατά
1537 1998 1654 2068 ἦτοι
1673 1998 1782 2070 (82)

187 2086 401 2155 ἀόρατα
445 2088 474 2138 6
523 2084 619 2138 τοῦ
657 2084 792 2139 Θεοῦ
841 2085 988 2149 Υἱός.
1025 2087 1153 2154 "Ap.
1202 2087 1342 2160 ἔφη·
1403 2087 1594 2153 Οὕτως
1637 2089 1780 2161 ἔχει.

202 2181 314 2235 Ἀθ.
347 2175 502 2233 εἶπεν
526 2197 540 2209 ·
577 2179 859 2249 Πανταχοῦ
893 2176 986 2233 οὖν
1007 2180 1240 2252 πάρεστι
1269 2184 1335 2253 τῇ
1362 2182 1522 2254 οὐσίᾳ
1552 2183 1650 2254 τῆς
1687 2201 1784 2254 με-

188 2272 498 2342 γαλοσύνης
525 2273 709 2326 αὑτοῦ.
751 2273 876 2326 Ἐάν
910 2273 1091 2347 εἴπῃς,
1118 2274 1201 2326 ὅτι
1231 2275 1290 2326 οὐ
1317 2275 1549 2346 πάρεστι
1577 2293 1784 2332 παντα-

188 2365 312 2436 χοῦ,
345 2365 458 2435 ἇρα
487 2365 710 2436 μείζονα
737 2367 883 2437 ἐρεῖς
911 2366 980 2419 τὰ
1010 2367 1283 2437 γενόμενα
1305 2368 1397 2421 τοῦ
1423 2369 1777 2440 δημιουργοῦ.

192 2461 314 2526 "Ap.
347 2455 536 2512 εἶπεν
576 2459 814 2528 Πάρεστι
858 2461 1156 2530 πανταχοῦ.
1212 2461 1321 2514 Ἀθ.
1369 2456 1549 2516 εἶπεν·
1593 2463 1657 2516 Εἰ
1689 2458 1782 2518 οὖν

190 2545 389 2618 παρὼν
421 2547 684 2616 τυγχάνει
728 2547 1005 2618 πανταχοῦ
1038 2551 1066 2602 6
1112 2549 1205 2602 τοῦ
1259 2549 1396 2603 Θεοῦ
1431 2551 1628 2620 Λόγος,
1664 2551 1782 2616 πῶς

188 2637 374 2707 λέγεις
405 2638 486 2704 τὸ,
519 2659 539 2690 ι
593 2639 862 2711 Ὀ-Πατήρ
884 2659 984 2711 μου
1010 2643 1038 2694 6
1070 2641 1292 2712 πέμψας
1330 2661 1418 2714 με,
1447 2643 1648 2715 μείζων
1678 2662 1778 2716 μου

190 2733 364 2794 ἐστίν,
396 2751 416 2783 ι
446 2732 646 2796 ἀπόδος
691 2751 781 2804 μοι
830 2735 923 2787 τὸν
956 2735 1134 2804 λόγον.
1170 2736 1292 2804 "Ap.
1335 2733 1522 2792 εἶπενο
1565 2737 1780 2810 Ἀπορῶ

188 2827 322 2896 περὶ
360 2824 573 2884 τούτου,
603 2824 716 2878 ἀλλ’
746 2825 902 2892 ἀξιῶ,
930 2828 1136 2897 φράσον
1174 2843 1286 2898 μοι,
1320 2829 1424 2882 τίνι
1459 2829 1602 2902 λόγῳ
1626 2827 1780 2884 εἶπεν

186 2919 216 2970 6
249 2916 448 2988 Σωτὴρ
473 2915 699 2986 μείζονα
751 2918 946 2972 ἑαυτοῦ
984 2919 1075 2972 τὸν
1123 2919 1376 2990 Πατέρα;
1426 2922 1535 2976 Ἀθ.
1588 2917 1774 2976 εἶπενο

201 3009 332 3062 Ἐάν
371 3009 449 3079 μὴ
477 3009 738 3081 πρότερόν
767 3028 854 3081 μοι
889 3010 1072 3084 εἴπῃς,
1103 3011 1131 3063 ὃ
1174 3012 1458 3082 ἐπερωτῶ,
1488 3014 1548 3066 οὑ
1586 3015 1658 3086 μή
1696 3032 1778 3068 σοι

187 3096 350 3198 εἷπω,
380 3099 520 3168 ὅπερ
567 3098 759 3162 θέλεις.
782 3100 910 3167 "Ap.
937 3094 1120 3154 εἶπεν·
1156 3102 1318 3170 Λέγε,
1357 3103 1385 3156 6
1418 3103 1614 3172 βούλει.
1665 3105 1774 3159 Ἀθ.
1804 3139 1846 3198 c

187 3178 344 3236 εἶπεν
364 3201 378 3215 υ
418 3188 482 3239 Οἱ
513 3186 732 3254 ἄγγελοι
765 3187 1046 3259 ἀσώματοι
1090 3193 1470 3260 τυγχάνουσιν,
1502 3193 1534 3264 ἢ
1571 3193 1779 3266 ἄνθρω-

185 3295 312 3343 stos;
346 3280 478 3348 "Ap.
519 3275 1022 3354 εἶπενοἋνθρωποι
1049 3285 1106 3336 ὲν
1147 3283 1359 3354 σώματι
1398 3287 1774 3356 τυγχάνουσιν,

185 3370 413 3438 ἄγγελοι
447 3372 504 3424 δὲ
531 3373 816 3443 πνεύματα
852 3373 1024 3439 ὄντες,
1053 3374 1335 3446 ἀσώματοί
1360 3379 1516 3432 εἰσιν.
1556 3380 1674 3432 Ἀθ.
1697 3376 1776 3432 εἷ-

185 3479 320 3516 πεν·
386 3461 684 3528 Τίνεςόῦν
723 3465 1008 3530 κοπιῶσιν,
1067 3467 1373 3539 ἄνθρωποι,
1422 3469 1455 3540 ἢ
1518 3469 1773 3538 ἄγγελοι;

187 3555 320 3622 Ἀρ.
355 3551 834 3624 εἶπενο-Ἀγγελω
866 3556 1149 3628 ἀσώματοι
1181 3561 1527 3630 τυγχάνουσι,
1554 3562 1688 3634 πρὸς
1716 3563 1776 3616 τὸ

182 3645 576 3710 διακονοῦντας
609 3647 758 3717 αὐτῷ
791 3651 1039 3719 καμάτου
1071 3639 1264 3721 πεῖραν
1299 3653 1372 3721 μὴ
1421 3652 1604 3706 λαϐεῖν
1624 3671 1636 3684 ·
1677 3655 1774 3707 ἀν-

185 3735 395 3808 θρώπῳ
423 3738 482 3790 δὲ
519 3739 598 3808 τῷ
633 3739 862 3809 κάμνειν
916 3741 1067 3804 ἱδιον,
1122 3741 1210 3794 διὰ
1249 3742 1345 3813 τὴν
1385 3742 1480 3796 τοῦ
1524 3743 1774 3815 σώματος

187 3826 417 3898 βαρεῖαν
446 3827 636 3899 ὁλκήν.
677 3829 798 3884 Ἀθ.
839 3825 1021 3884 εἶπεν·
1064 3832 1120 3886 Ὀ
1151 3829 1246 3886 οὖν
1286 3834 1490 3906 Κύριος
1522 3836 1637 3901 πῶς
1657 3839 1775 3890 Exo-

185 3920 384 3985 πίασε;
413 3919 722 3989 γέγραπται
751 3921 877 3991 γάρ,
919 3941 939 3974 ι
984 3923 1191 3992 Ἰησοῦς
1223 3926 1280 3979 δὲ
1309 3929 1657 3994 κεκοπιακὼς
1706 3933 1771 3984 ἐκ

183 4011 285 4081 τῆς
306 4011 642 4083 ὁδοιπορίας,
678 4012 988 4078 ἐκαθέζετο.
1021 4035 1041 4067 ι
1075 4017 1204 4084 "Ap.
1240 4013 1423 4072 εἶπεν
1456 4021 1772 4091 Συνήγαγές

188 4121 277 4174 με,
310 4104 389 4168 ὡς
416 4104 688 4175 ἠθέλησας
704 4105 768 4157 ὲκ
792 4105 886 4158 τοῦ
920 4107 1362 4179 παραδείγματος
1388 4111 1495 4164 τῶν
1523 4112 1770 4180 ἀγγέλων

186 4195 419 4249 καὶτῶν
466 4195 908 4267 ἀνθρώπων,οὒχ
941 4197 1017 4262 ὡς
1063 4199 1196 4263 Θεὸς
1235 4201 1405 4270 Λόγος
1455 4203 1769 4269 ἐκοπίασεν,

186 4288 417 4341 ἀλλ’ἵνα
446 4290 610 4359 φανῇ,
651 4288 733 4341 δτι
790 4288 990 4360 σάρκα,
1022 4292 1089 4362 ἣν
1136 4293 1237 4346 οὐκ
1283 4289 1397 4364 εἶχε
1445 4295 1710 4366 πρότερον
1743 4299 1772 4350 6

185 4381 358 4449 Λόγος
397 4381 493 4434 καὶ
525 4380 677 4445 Θεὸς,
700 4381 902 4453 ταύτην
924 4383 1151 4436 ἀνέλαϐε
1171 4402 1185 4415 ο
1228 4386 1317 4439 διὰ
1337 4387 1492 4440 τοῦτο
1513 4391 1579 4459 τῇ
1600 4389 1765 4460 σαρκὶ

1888 1903 2108 1974 pientia.
2133 1902 2258 1955 Atla.
2293 1900 2492 1958 Omnia
2529 1905 2699 1974 igitur
2733 1905 2826 1960 Dei
2859 1903 3033 1962 Filius
3062 1908 3325 1972 continet,
3349 1900 3471 1980 qua:

1885 1996 1955 2050 ab
1994 1995 2116 2065 ipso
2155 2003 2285 2048 sunt
2319 1995 2486 2060 facta,
2525 1998 2641 2052 sive
2692 1997 2957 2065 visibilia,
2992 1998 3108 2054 sive
3147 1998 3466 2056 invisibilia.

1884 2089 1981 2142 Ar.
2035 2088 2116 2142 Ita
2150 2095 2257 2143 est.
2301 2089 2427 2141 Atla.
2462 2087 2679 2160 Ubique
2725 2105 2859 2162 ergo
2894 2091 3051 2146 adest
3103 2099 3302 2146 natura
3352 2108 3468 2149 sua:

1883 2179 2210 2248 majestatis.
2257 2178 2394 2233 Nam
2425 2181 2473 2236 si
2504 2181 2660 2236 dicas
2708 2196 2821 2235 non
2858 2182 3062 2253 ubique
3092 2183 3286 2239 adesse
3322 2203 3336 2239 :
3367 2185 3472 2254 ἱείσ-

1883 2280 1975 2326 tur
2024 2288 2113 2326 res
2154 2273 2326 2326 factas
2380 2272 2642 2328 fateberis
2702 2274 2859 2345 162
2909 2274 3169 2331 Creatore
3225 2276 3468 2346 majores

1883 2377 2028 2417 esse.
2063 2361 2160 2415 Ar.
2205 2361 2376 2418 Adest
2433 2363 2658 2433 ubique.
2723 2363 2851 2419 Atla.
2905 2363 2963 2418 Si
3020 2365 3188 2437 igitur
3222 2383 3465 2437 praesens

1883 2454 2087 2524 ubique
2116 2460 2201 2510 est
2236 2454 2330 2508 Dei
2355 2453 2593 2510 Verbum
2627 2475 2640 2510 :
2673 2456 2948 2527 quomodo
2975 2457 3112 2511 illud
3148 2459 3409 2531 intelligis
3445 2477 3461 2514 :

1887 2563 1906 2598 ‹
1931 2545 2093 2601 Pater
2121 2561 2273 2602 meus
2289 2547 2380 2617 qui
2406 2547 2557 2602 misit
2581 2563 2686 2612 me,
2723 2547 2899 2616 major
2922 2563 3010 2604 me
3030 2555 3114 2604 est
3132 2550 3154 2603 ?
3175 2570 3192 2602 ι
3232 2550 3304 2606 Da
3328 2551 3466 2607 mihi

1883 2640 2174 2693 rationem.
2211 2638 2307 2692 Ar.
2361 2637 2461 2693 llic
2518 2638 2733 2695 haereo:
2774 2640 2870 2694 sed
2922 2654 3042 2704 oro,
3077 2655 3288 2711 expone
3328 2643 3467 2698 mihi

1882 2746 1990 2802 qua
2034 2733 2248 2787 ratione
2300 2731 2554 2787 Salvator
2578 2731 2780 2786 dixerit
2830 2731 3097 2801 majorem
3151 2749 3208 2788 se
3242 2732 3460 2790 Patrem

1881 2838 2026 2878 esse.
2061 2824 2188 2876 Atla.
2215 2823 2334 2879 Nisi
2367 2824 2499 2878 mihi
2523 2824 2676 2894 prius
2709 2823 2938 2888 dixeris,
2973 2824 3118 2895 quod
3139 2833 3244 2881 ate
3274 2835 3465 2898 postu-

1881 2915 1936 2968 lo
1969 2934 1982 2970 :
2025 2930 2126 2970 nec
2151 2931 2253 2986 ego
2298 2915 2447 2986 quod
2480 2916 2562 2971 vis
2605 2915 2703 2969 tibi
2747 2931 2867 2970 sum
2903 2916 3174 2970 dicturus.
3211 2917 3307 2972 Ar.
3363 2917 3466 2973 Dic

1882 3006 2028 3078 quod
2060 3008 2165 3064 vis.
2197 3007 2325 3062 Atla.
2366 3008 2633 3078 Angeline
2667 3007 2975 3078 incorporei
3006 3015 3156 3071 sunt,
3192 3023 3260 3062 an
3289 3008 3470 3063 homi-

1882 3101 2015 3156 nes?
2061 3101 2159 3154 Ar.
2211 3099 2473 3155 Homines
2523 3107 2654 3155 sunt
2713 3099 2769 3153 in
2805 3115 3081 3170 corpore:
3113 3100 3290 3172 angeli
3333 3116 3465 3157 vero

1881 3205 2008 3244 cum
2067 3186 2178 3245 sint
2218 3190 2468 3260 spiritus,
2514 3188 2826 3259 incorporei
2869 3197 3020 3244 sunt.
3052 3188 3178 3245 Atla.
3229 3189 3464 3256 Quinam

1878 3282 2046 3353 igitur
2069 3281 2404 3352 fatigantur:
2435 3281 2777 3342 hominesne,
2813 3296 2879 3334 an
2904 3281 3126 3352 angeli?
3172 3281 3268 3336 Ar.
3292 3281 3462 3349 Dixit,

1879 3373 2055 3444 angeli
2087 3371 2399 3442 incorporei
2429 3379 2580 3435 sunt,
2618 3379 2675 3424 ut
2700 3387 2827 3425 cum
2852 3371 2928 3424 illi
2962 3372 3305 3435 ministrant,
3334 3371 3463 3425 nul-

1878 3465 1990 3519 lum
2026 3464 2372 3520 lassitudinis
2416 3464 2852 3534 experimentum
2886 3464 3216 3533 percipiant.
3248 3463 3319 3516 At
3355 3462 3460 3518 ho-

1876 3559 2014 3613 mini
2055 3560 2342 3628 proprium
2369 3564 2455 3611 est
2487 3556 2723 3625 fatigari,
2758 3563 2984 3625 propter
3015 3571 3234 3626 gravem
3260 3569 3459 3626 nempe

1877 3651 2125 3720 corporis
2171 3650 2391 3704 molem.
2427 3647 2554 3703 Atla.
2591 3648 2876 3713 Quomodo
2907 3663 3040 3718 ergo
3083 3646 3343 3717 fatigatus
3373 3655 3462 3704 est

1875 3741 2185 3797 Dominus?
2213 3740 2491 3812 Scriptum
2523 3742 2668 3796 enim
2692 3747 2776 3795 est
2801 3759 2813 3794 :
2854 3756 2873 3790 ι
2909 3737 3072 3793 Jesus
3097 3753 3228 3792 vero
3260 3737 3459 3810 fatiga-

1875 3841 1964 3888 tus
1995 3849 2061 3888 ex
2095 3833 2310 3895 itinere,
2337 3831 2562 3886 sedebat
2583 3833 2650 3884 ’⁸.
2692 3849 2710 3881 ι
2740 3831 2836 3883 Ar.
2871 3827 2960 3882 Uti
2993 3828 3236 3893 voluisti,
3260 3843 3325 3883 eo
3348 3845 3457 3894 me,

1875 3924 2193 3994 angelorum
2222 3923 2614 3992 hominumque
2641 3920 2912 3988 exemplo,
2947 3919 3248 3982 adduxisti,
3281 3927 3342 3972 ut
3370 3917 3458 3973 fa-

1875 4028 1993 4073 tear
2028 4016 2264 4071 Verbum
2291 4032 2403 4070 non
2434 4026 2493 4070 ut
2529 4015 2700 4069 Deum
2736 4013 3022 4083 fatigatum
3053 4027 3198 4066 esse.
3233 4009 3460 4068 Scilicet

1873 4117 1933 4165 ut
1956 4114 2242 4180 appareret
2278 4123 2501 4162 carnem
2536 4106 2697 4169 banc,
2729 4120 2894 4174 quain
2944 4104 3098 4174 prius
3129 4101 3372 4158 Verbum
3403 4111 3459 4159 et

1873 4201 2020 4258 Deus
2044 4216 2152 4255 non
2181 4199 2445 4264 habebat,
2471 4200 2875 4267 assumpsisse;
2910 4195 3118 4249 ideirco
3151 4195 3304 4248 carni
3335 4209 3460 4265 qua:

1873 4296 1977 4352 sibi
2009 4302 2166 4350 erant
2204 4294 2428 4364 propria
2480 4292 2593 4363 pati
2643 4289 2916 4362 permisit,
2947 4296 3007 4342 ut
3055 4302 3280 4342 carnem
3331 4302 3458 4345 esse

1872 4388 2098 4443 evidens
2123 4394 2290 4442 esset.

187 4473 541 4545 συνεχώρησε
599 4475 828 4546 πάσχειν
877 4473 946 4528 τὰ
996 4475 1122 4538 ἴδια,
1168 4479 1254 4530 ἵνα
1304 4483 1444 4552 φανῇ
1499 4481 1580 4535 ὅτι
1632 4481 1769 4554 σάρξ

1943 4480 2034 4534 12.
2059 4479 2184 4533 Atla.
2219 4479 2423 4533 Memor
2469 4475 2546 4530 sis
2580 4487 2907 4529 concessum
2958 4479 3120 4527 antea
3163 4487 3288 4529 esse
3319 4471 3458 4528 Ver-

185 4565 355 4619 ἐστιν.

255 4657 346 4711 12.
391 4659 502 4712 Ἀθ.
528 4653 713 4712 εἶπεν·
743 4660 1028 4732 Μέμνησο,
1067 4660 1148 4714 ὅτι
1181 4662 1660 4734 προωμολόγηται,
1683 4665 1766 4718 ὅτι

185 4748 467 4821 πανταχοῦ
517 4753 779 4822 πάρεστιν
807 4756 834 4806 6
868 4755 1041 4823 Λόγος
1082 4754 1177 4808 καὶ
1204 4755 1356 4820 Θεός.
1403 4758 1536 4825 "Ap.
1579 4753 1764 4810 εἶπενο

197 4842 660 4913 Ἀραρότως.Ἁσ’.
704 4840 887 4897 εἶπενο
927 4847 991 4898 Et
1037 4840 1132 4899 οὖν
1180 4846 1456 4918 πανταχοῦ
1501 4849 1767 4919 πάρεστιν

185 4934 316 5006 (85),
347 4935 492 4998 τίνος
511 4935 697 4988 ἕνεκεν
731 4935 987 5004 ἔφασκεν,
1027 4956 1045 4989 ι
1098 4938 1156 4991 Ὀ
1186 4939 1377 5010 Πατήρ
1421 4957 1522 5010 μου
1561 4941 1589 4992 ὁ
1626 4941 1766 5011 πέμ-

183 5028 293 5098 ψας
336 5045 426 5098 με,
463 5028 666 5098 μείζων
711 5046 812 5098 μου
842 5028 1022 5094 ἑστίη
1059 5049 1078 5082 ι
1113 5031 1246 5099 "Ap.
1287 5027 1474 5084 εἶπεν·
1501 5033 1765 5104 Παρακα-

185 5121 260 5173 λῶ
292 5137 376 5184 σε,
405 5121 480 5191 μὴ
509 5121 750 5192 ὀκνήσῃς
781 5121 1129 5188 ἀποκαλῦψαι
1152 5121 1213 5175 τὸ
1241 5123 1508 5194 κάλυμμα
1535 5125 1644 5178 ἀπὸ
1669 5124 1766 5178 τοῦ

185 5212 515 5284 γράμματος
543 5213 602 5264 ἐν
633 5213 808 5283 τάχει.
837 5213 971 5268 Λίαν
1003 5213 1110 5286 γάρ
1133 5215 1394 5286 ἀνιῶμαι.
1431 5217 1551 5272 Ἀθ.
1581 5212 1760 5271 εἶπεν·

254 5368 302 5398 ’³
338 5363 503 5422 Joan.
539 5383 615 5432 av,
651 5367 705 5424 6.

251 5525 369 5602 _(_7_9)
422 5523 515 5580 Sic
564 5523 912 5602 Beg.hAngl._
959 5531 1012 5602 et
1057 5521 1536 5602 Basil.usecunda‘
1579 5537 1763 5602 manu.

182 5591 326 5651 Bd'iti
348 5591 490 5651 'vero
516 5591 816 5666 crtyt'aliis,
841 5591 929 5666 ’μὴ
954 5593 1081 5666 ἶσον
1107 5593 1213 5666 τὸνγ
1235 5593 1386 5666 Υἱάν.
1408 5593 1478 5646 At
1506 5591 1647 5666 Atlg.
1688 5593 1768 5646 sic

183 5669 366 5726 habet,
409 5667 524 5729 ῐσος
551 5661 646 5721 οὖν
668 5667 698 5718 6
717 5661 867 5736 Υἱὸς
887 5661 980 5718 τοῦ
1015 5663 1144 5717 ἰδίου
1163 5663 1384 5736 [ἰατρὸς
1411 5661 1673 5736 τυγχάνῃ.

253 5736 368 5808 (80)
407 5738 485 5790 Ita
517 5752 670 5792 omn.
707 5735 816 5790 fere
845 5751 998 5798 rnss.;
1023 5736 1078 5788 in
1112 5732 1595 5798 cditis’autemﬁro
1624 5732 1757 5802 ἐράσ-

181 5826 274 5862 κον
305 5807 477 5863 deest.

1871 4573 2003 4629 bum
2033 4580 2088 4628 et
2118 4571 2286 4626 Deum
2330 4568 2532 4638 ubique
2579 4581 2724 4622 esse.
2778 4564 2878 4620 Ar.
2926 4562 3096 4620 Recte
3136 4565 3451 4621 admodum.

1873 4666 1998 4720 Atla.
2040 4665 2099 4719 Si
2131 4664 2299 4733 igitur
2332 4660 2536 4729 ubique
2562 4673 2805 4728 praesens
2829 4662 2936 4720 est,
2970 4655 3131 4725 cujus
3156 4670 3324 4711 causa
3353 4655 3450 4718 ait,

1877 4777 1898 4812 ι
1934 4758 2096 4812 Pater
2123 4769 2278 4810 meus
2312 4754 2408 4824 qui
2456 4751 2608 4806 misit
2655 4764 2742 4804 me
2789 4747 2967 4818 major
3005 4761 3093 4802 me
3140 4746 3264 4802 est?
3301 4765 3320 4798 ι
3355 4745 3450 4802 Ar.

1872 4852 2116 4908 Obsecro
2143 4856 2215 4914 te,
2243 4863 2310 4902 ne
2341 4845 2586 4918 graveris
2619 4843 2799 4898 velum
2851 4856 2881 4895 a
2914 4842 3097 4895 littera
3142 4855 3306 4910 quam
3343 4837 3452 4894 cito

1872 4941 2182 4998 detrahere.
2216 4936 2387 4991 Valde
2413 4936 2559 4989 enim
2588 4946 2758 5002 angor
2795 4931 2998 4983 animo.
3039 4927 3164 4981 Atla.
3203 4925 3337 4991 Quis
3374 4923 3453 4979 fa-

1874 5036 2076 5106 tigatus
2123 5040 2230 5094 est,
2261 5030 2522 5091 bomone,
2545 5040 2614 5078 an
2650 5023 2793 5077 Deus
2825 5019 3109 5075 Verbum?
3137 5018 3232 5071 Ar.
3255 5014 3450 5070 Homo.

1873 5126 1996 5179 Atla.
2023 5123 2201 5178 Tuum
2232 5121 2400 5191 igitur
2423 5118 2537 5189 jam
2582 5122 2668 5171 est
2704 5113 3030 5182 intelligere.
3073 5109 3170 5164 Ar.
3202 5106 3453 5176 Percipio

1872 5214 2004 5288 quid
2031 5223 2125 5270 tuo
2155 5213 2260 5268 boc
2289 5224 2558 5281 responso
2591 5207 2886 5278 intelligas,
2916 5216 3132 5273 nempe,
3159 5215 3284 5256 cum
3306 5197 3452 5256 Deus

1944 5520 2057 5592 (8i)
2088 5519 2198 5574 Ναί
2223 5521 2379 5577 abest
2404 5519 2472 5575 ab
2503 5520 2729 5592 August.

2087 5591 2368 5669 Augustas
2389 5590 2744 5669 69116,:sirs.
2875 5665 2888 5669 Α
2921 5658 2934 5669 _

1867 5729 1901 5784 ἀ
1942 5655 2054 5786 (8ἰ3)
2090 5655 2199 5717 Ita'
2217 5660 2346 5732 Reg.
2393 5655 2455 5715 In
2479 5661 2642 5716 editis
2687 5673 2816 5714 vero
2841 5665 2894 5715 et
2921 5658 2978 5714 in
3011 5657 3157 5728 aliis,
3185 5655 3457 5731 πάριστω

1905 5747 1994 5788 ees
2027 5771 2041 5786 .
