3880 6186
323 368 361 414 κ
382 320 481 382 isi

1505 311 1566 365 S.
1609 307 2081 365 ATIIANASIUS.
2120 336 2193 350 —
2229 307 2507 365 SPUBIA.

3544 311 3656 370 452

311 508 315 512 ι
372 441 607 496 Verbum
648 435 855 505 ubique
883 432 1049 498 adsit,
1080 432 1292 488 clarum
1323 448 1448 488 esse
1486 434 1665 504 ipsum
1718 439 1946 503 propter

2066 431 2143 496 Γίς
2170 433 2318 485 ἐστιν
2338 434 2367 486 6
2390 429 2763 498 κεκοπιακὼς,
2818 431 3130 505 ἄνθρωπος,
3167 432 3202 504 ἢ
3231 434 3260 486 6
3285 430 3419 497 Θεὸς
3438 431 3611 502 Λόγος
3633 449 3652 499 ;

367 545 591 586 carnem
619 528 866 583 dixisse:
911 542 928 576 ι
966 523 1126 579 Pater
1151 540 1307 580 meus
1337 522 1433 594 qui
1468 523 1618 578 misit
1652 537 1738 576 me
1762 561 1777 584 ,
1836 536 1956 574 ma-

364 624 453 695 jor
482 637 568 676 me
604 628 709 676 est.
738 639 757 672 ι
787 617 913 672 Haec
940 618 1086 672 enim
1118 617 1472 687 gradiebatur
1499 623 1555 670 et
1592 614 1951 684 fatigabatur,

2062 525 2182 593 "Ap.
2217 519 2370 577 εἶπεν
2394 540 2408 554 ο
2444 524 2790 596 Ἀνθρωπος.
2826 525 2950 579 Ἀθ.
2977 522 3130 579 εἶπεν
3148 542 3163 555 ·
3189 525 3400 581 Οὐκοῦν
3417 525 3509 579 σόν
3536 527 3655 578 ἐστι

2057 615 2120 668 τὸ
2148 616 2339 687 νοῆσαι
2368 616 2575 670 λοιπόν.
2616 618 2746 685 "Ap.
2795 612 2948 671 εἶπεν
2972 635 2986 648 ·
3009 618 3407 690 Κατελαϐόμην
3438 635 3532 671 σου
3561 616 3656 671 τὸν

365 723 421 770 et
452 730 484 768 a
521 714 642 769 loco
669 712 726 766 in
785 711 966 766 locum
990 709 1275 780 migrabat.
1310 707 1473 762 Certe
1509 706 1563 761 id
1594 721 1653 761 se
1680 712 1831 760 recte
1852 704 1955 759 ha-

2066 704 2183 760 νοῦν
2213 706 2271 759 ἐν
2300 705 2379 777 τῷ
2400 705 2543 777 λόγῳ
2564 705 2760 777 τούτῳ,
2786 708 2870 760 ὅτι
2895 706 2989 761 τοῦ
3018 706 3154 761 Θεοῦ
3175 707 3349 776 Λόγου
3376 704 3656 778 πανταχοῦ

367 808 480 863 bet.

2059 796 2349 869 παρόντος,
2374 797 2536 868 δῆλον
2568 797 2649 851 ὅτι
2677 797 2765 851 διὰ
2792 798 2890 870 τὴν
2922 799 3102 872 σάρκα
3145 796 3297 853 εἶπεν
3316 838 3332 865 ,
3370 818 3389 851 ‹
3440 800 3498 853 '0
3539 799 3657 852 Πα-

365 906 471 978 τήρ
501 918 623 976 μου,
658 908 685 959 ὁ
715 902 938 975 πέμψας
962 919 1050 972 με,
1083 899 1283 972 μείζων
1314 915 1415 969 μου
1447 896 1617 962 ἐστίν,
1654 915 1672 947 ι
1706 894 1808 968 τὴν
1840 893 2160 966 βαδίζουσαν
2198 894 2296 949 καὶ
2338 894 2639 961 κοπιῶσαν,
2692 896 2790 949 καὶ
2820 895 2929 949 ἀπὸ
2983 895 3153 950 τόπου
3201 898 3283 963 εἰς
3335 896 3501 951 τόπον
3538 894 3661 948 ἐτε-

372 1016 464 1071 ρον
492 1000 885 1072 πορευομένην.
926 997 1167 1068 Ἀληθῶς
1198 995 1375 1068 ὀρθῶς
1403 994 1518 1067 ἔχει
1556 993 1735 1049 τοῦτο.

439 1095 675 1150 15.ΑιΙι.
723 1094 844 1149 Jam
895 1097 952 1149 in
1008 1103 1248 1148 mentem
1293 1107 1490 1147 revoca
1541 1089 1689 1161 quod
1745 1087 1957 1153 dixisti,

370 1186 541 1243 Deum
574 1187 818 1242 Verbum
861 1193 1108 1242 creatum
1156 1201 1300 1240 esse.
1342 1183 1500 1240 Unde
1535 1184 1619 1239 vis
1670 1197 1957 1238 sumamus

369 1277 761 1347 initium?Ego
806 1292 936 1331 vero
981 1291 1093 1330 non
1148 1276 1323 1329 audeo
1376 1284 1487 1328 tam
1532 1275 1762 1328 ﬁdenter
1805 1272 1957 1342 loqui

369 1377 562 1423 contra
593 1376 853 1422 aeternam
886 1367 1007 1436 ejus
1032 1365 1542 1420 Filiidivinitatem.
1570 1366 1671 1422 Ar.
1705 1365 1820 1437 Ego
1838 1366 1960 1436 qui-

368 1462 491 1515 dem
526 1460 580 1514 id
614 1476 679 1515 ex
708 1458 1010 1529 Scripturis
1038 1458 1211 1528 probo
1246 1477 1259 1511 :
1292 1466 1351 1511 tu
1381 1472 1513 1512 vero
1545 1456 1819 1510 undenam
1858 1457 1959 1509 ha-

368 1550 468 1605 bes
494 1547 693 1603 Filium
726 1556 992 1603 aeternum
1018 1562 1143 1602 esse
1165 1548 1189 1600 ’ἒ
1211 1545 1335 1601 Alli.
1357 1544 1469 1615 Ego
1494 1561 1560 1599 ex
1592 1544 1750 1599 libris
1774 1543 1961 1598 divino

369 1636 550 1693 amatu
587 1639 812 1708 scriptis
842 1637 1009 1692 didici
1037 1645 1304 1691 aeternum
1336 1651 1461 1691 esse
1484 1634 1582 1689 Dei
1616 1633 1957 1689 Filium.Ar.

2141 1080 2230 1134 15.
2280 1078 2399 1132 Ἀθ.
2432 1073 2586 1130 εἶπεν
2605 1094 2619 1107 ”
2649 1076 2852 1132 Λοιπὸν
2882 1077 3015 1133 λάϐε
3045 1096 3134 1150 μοι
3164 1080 3224 1133 ἐν
3253 1079 3329 1152 νῷ
3361 1082 3421 1136 τὸ
3466 1083 3657 1157 ῥητὸν,

2065 1172 2205 1244 ὅπερ
2226 1170 2383 1242 ἔφης,
2414 1170 2497 1223 ὅτι
2519 1171 2547 1222 6
2577 1168 2713 1233 Θεὸς
2737 1168 2911 1239 Λόγος
2934 1170 3367 1243 ἐκτίσθη.Πόθεν
3400 1174 3661 1247 λάϐωμεν

2061 1265 2161 1336 τὴν
2190 1264 2366 1335 ἀρχήν
2388 1280 2403 1328 ;
2436 1263 2511 1316 Οὐ
2536 1261 2720 1333 τολμῶ
2739 1260 2915 1326 οὕτως
2930 1263 3149 1332 ἀφόϐως
3165 1264 3497 1335 φθέγγεσθαι
3514 1269 3660 1323 κατά

2061 1356 2164 1426 τῆς
2185 1355 2354 1409 ἀϊδίου
2384 1353 2638 1425 θεότητος
2662 1352 2753 1407 τοῦ
2783 1353 2916 1406 Υἰοῦ
2951 1355 3116 1409 αὐτοῦ
3306 1360 3436 1428 "Ap.
3464 1355 3620 1417 εἶπεν
3638 1379 3655 1392 ο

2080 1445 2223 1514 Ἐγὼ
2256 1445 2354 1517 μὲν
2373 1444 2481 1498 ἀπὸ
2512 1444 2621 1497 τῶν
2644 1443 2877 1516 Γραφῶν
2902 1444 3061 1497 τοῦτο
3085 1446 3230 1516 λέγω
3253 1465 3269 1480 ο
3305 1448 3371 1501 σὺ
3404 1449 3463 1502 δὲ
3488 1450 3659 1506 πόθεν

2064 1538 2236 1593 ἀΐδιον
2261 1536 2441 1606 λέγεις
2469 1535 2561 1588 τὸν
2594 1535 2754 1601 Υἱόν;
2797 1537 2919 1591 Ἀθ.
2951 1531 3106 1591 εἶπεν
3125 1554 3139 1567 ο
3195 1538 3331 1592 Ἀπὸ
3378 1538 3487 1594 τῶν
3541 1540 3662 1596 θεο-

2064 1630 2347 1684 πνεύστων
2364 1626 2603 1698 Γραφῶν
2624 1626 2856 1698 ἔμαθον,
2890 1628 2973 1681 ὅτι
2998 1629 3168 1693 ἀϊδιός
3198 1631 3346 1684 ἐστιν
3366 1634 3396 1685 6
3419 1632 3546 1697 Υἱὸς
3560 1632 3660 1688 τοῦ

368 1730 629 1797 Quaenam
658 1727 963 1800 Scriptura:
1010 1729 1213 1782 docent
1242 1734 1507 1781 aeternum
1551 1740 1676 1782 esse
1723 1723 1958 1778 Filium?

2066 1722 2222 1777 Θεοῦ.
2256 1723 2387 1789 "Ap.
2410 1713 2596 1773 εἶπεν·
2630 1720 2790 1774 Ποῖαι
2817 1720 2956 1773 εἰσιν
2976 1721 3033 1773 αἱ
3060 1721 3296 1793 Γραφαὶ,
3328 1724 3385 1777 αἱ
3418 1723 3661 1793 φάο-κου..

366 1823 495 1878 Alli.
555 1818 964 1878 Celeberrimus
1004 1820 1210 1876 Paulus
1270 1821 1326 1874 in
1377 1819 1618 1874 medium
1671 1818 1957 1888 prodiens,

366 1915 655 1971 veritatem
682 1929 784 1969 suo
824 1914 1144 1969 testimonio
1193 1911 1564 1968 conﬁrmabit.
1602 1929 1620 1961 ι
1661 1909 1960 1966 lnvisibilia

366 2007 512 2060 enim
538 2005 734 2076 ipsius,
779 2002 981 2075 inquit,
1043 2021 1111 2060 ex
1170 2004 1451 2059 creatione
1474 2003 1687 2065 mundi,
1746 2018 1845 2073 per
1870 2017 1961 2058 res

368 2101 544 2154 factas
575 2096 856 2153 intellecta
880 2097 1325 2167 conspiciuntur,
1368 2095 1816 2165 sempiternaque
1838 2094 1960 2164 ejus

364 2189 567 2254 virtus,
599 2196 655 2242 et
682 2187 945 2244 divinitas
985 2207 999 2242 :
1030 2194 1091 2242 ut
1121 2188 1233 2243 sint
1256 2186 1361 2258 ipsi
1386 2187 1813 2250 inexcusabiles,
1831 2187 1961 2256 quia

366 2298 491 2337 cum
520 2281 690 2337 Deum
723 2281 1133 2352 cognovissent,
1168 2296 1278 2335 non
1302 2281 1446 2336 sicut
1482 2278 1654 2333 Deum
1689 2279 1963 2349 gloriﬁca-

364 2383 584 2438 verunt,
620 2381 714 2427 aut
739 2375 950 2444 gratias
998 2381 1227 2444 egerunt
1253 2375 1320 2429 ’9.
1358 2392 1377 2424 ι
1410 2373 1508 2427 Ar.
1540 2370 1669 2427 Haec
1705 2372 1774 2426 de
1796 2370 1960 2427 Patre

366 2466 504 2523 dicit
538 2464 844 2536 Scriptura.
880 2468 1006 2519 Alli.
1044 2465 1235 2521 Nonne
1279 2466 1475 2521 beatus
1503 2464 1709 2521 Paulus
1740 2480 1837 2520 eos
1872 2481 1962 2520 ar-

367 2560 504 2631 guit,
534 2560 630 2630 qui
665 2558 833 2615 Deum
866 2559 961 2614 Dei
997 2555 1199 2613 Filium
1236 2574 1333 2629 per
1359 2574 1563 2628 corpus
1602 2565 1958 2629 apparentem

367 2668 480 2707 non
516 2660 910 2722 cognoverant,
942 2667 1044 2705 nec
1091 2651 1482 2726 sempiternam
1541 2650 1663 2719 ejus
1695 2649 1959 2705 divinita-

367 2749 501 2805 tem,
533 2743 629 2811 qui
673 2742 994 2797 universum
1035 2740 1363 2795 adornavit?
1409 2738 1695 2810 Siquidem
1734 2756 1803 2795 ex
1840 2755 1959 2794 ma-

368 2833 658 2905 gnitudine
708 2841 763 2888 et
789 2832 1205 2904 pulchritudine
1234 2846 1421 2887 rerum
1456 2841 1790 2900 creatarum,
1819 2850 1957 2890 con-

365 2928 652 2983 venienter
685 2929 966 2999 cognosci,
996 2942 1121 2983 cum
1184 2928 1489 2999 gratiarum
1532 2929 1750 2986 actione
1797 2928 1959 2984 debet

368 3017 602 3073 Creator
632 3018 699 3073 “’.
733 3017 1083 3072 Manifestum
1111 3024 1196 3073 est
1234 3025 1417 3072 autem
1444 3016 1629 3071 omnia
1664 3030 1786 3085 qua:
1812 3014 1958 3069 facta

2066 1834 2159 1871 σαι
2207 1815 2379 1870 ἀΐδιον
2421 1813 2524 1867 τὸν
2546 1813 2707 1879 Υίόν;
2755 1816 2873 1867 Ἀθ.
2899 1809 3053 1867 εἶπεν
3076 1831 3089 1844 ·
3134 1815 3334 1870 Ἐλθὼν
3358 1819 3387 1870 6
3413 1818 3661 1890 ἀοίδιμος

2062 1908 2276 1973 Παῦλος
2313 1907 2652 1979 μαρτυρήσει
2694 1908 2761 1976 τῇ
2819 1905 3081 1979 ἀληθείᾳ·
3119 1927 3140 1959 ο
3172 1907 3253 1961 Τὰ
3297 1909 3405 1981 γὰρ
3447 1910 3666 1982 ἀόρατα

2063 1999 2254 2064 αὐτοῦ,
2297 1998 2486 2071 φησὶν,
2533 1997 2645 2051 ἀπὸ
2673 1997 2906 2062 κτίσεως
2954 2000 3161 2071 κόσμου
3218 2004 3333 2065 τοῖς
3385 2003 3661 2074 ποιήμασι.

2062 2092 2330 2163 νοούμενα
2357 2087 2685 2159 καθορᾶται,
2715 2089 2750 2159 ἦ
2780 2105 2840 2142 τε
2883 2090 3054 2155 ἀΐδιος
3092 2091 3258 2146 αὑτοῦ
3284 2092 3520 2164 δύναμις
3556 2096 3658 2148 καὶ

2062 2184 2275 2255 θειότης
2295 2182 2428 2256 (85),
2461 2179 2542 2243 είς
2564 2180 2625 2233 τὸ
2657 2176 2796 2235 εἶναι
2821 2182 3017 2247 αὐτοὺς
3039 2184 3503 2258 ἀναπολογήτους,
3524 2187 3661 2241 διότι

2060 2277 2282 2346 γνόντες
2325 2276 2416 2333 τὸν
2446 2279 2603 2343 Θεὸν,
2632 2277 2729 2348 οὐχ
2762 2278 2839 2343 ὡς
2866 2276 2998 2331 Θεὸν
3034 2275 3315 2343 ἐδόξασαν,
3361 2279 3395 2345 ἢ
3428 2278 3664 2352 ηὐχαρί-

2064 2384 2288 2439 στησαν.
2352 2390 2371 2422 ι
2417 2372 2537 2440 "Ap.
2594 2364 2780 2426 εἶπενο
2818 2372 2956 2442 Περὶ
3035 2370 3130 2423 τοῦ
3214 2370 3430 2443 Πατρὸς
3505 2370 3668 2441 λέγει

2061 2460 2223 2514 τοῦτο
2271 2465 2304 2533 ἡ
2356 2463 2570 2536 Γραφή.
2633 2464 2742 2520 Ἀθ.
2800 2460 2991 2517 εἶπεν·
3051 2464 3260 2517 Οὐκοῦν
3321 2467 3349 2517 6
3387 2464 3664 2536 μακάριος

2064 2553 2365 2619 ἀπόστολος
2410 2556 2624 2620 Παῦλος
2681 2547 2923 2610 αίτῖἄται
2968 2555 3097 2620 τοὺς
3156 2555 3218 2610 τὸ
3261 2555 3353 2609 διά
3399 2554 3663 2628 σώματος

2062 2646 2395 2714 ἐπιφανέντα
2420 2646 2553 2700 Θεὸν
2592 2647 2720 2702 Υἱὸν
2762 2647 2899 2701 Θεοῦ
2944 2648 3018 2719 μὴ
3060 2646 3447 2716 ἐπεγνωκότας
3486 2646 3683 2701 ἀϊδιον’

2063 2737 2293 2809 θεότητα
2328 2738 2514 2805 αὐτοῦ,
2545 2739 2638 2792 τοῦ
2669 2739 2730 2793 τὸ
2760 2741 2869 2793 πᾶν
2915 2739 3413 2810 διακοσμήσαντος;
3445 2740 3513 2793 ἐκ
3546 2738 3667 2812 γὰρ

2066 2830 2332 2900 μεγέθους
2365 2833 2460 2885 καὶ
2484 2831 2751 2903 καλλονῆς
2788 2831 3106 2903 κτισμάτων
3152 2831 3430 2901 ἀναλόγως
3453 2831 3536 2884 δεῖ
3564 2834 3662 2886 τὸν

2061 2920 2391 2994 δημιουργὸν
2419 2924 2792 2996 γνωρισθέντα
2820 2925 3301 2997 εὐχαριστηθῆναι.
3335 2924 3574 2995 Φανερὸν
3600 2924 3666 2978 δέ

2063 3016 2211 3068 ἐστιν
2244 3016 2354 3087 (86)
2385 3018 2467 3070 ὅτι
2513 3019 2692 3072 πάντα
2717 3018 2806 3072 διὰ
2836 3016 2932 3072 τοῦ
2965 3019 3141 3087 Λόγου
3188 3019 3260 3073 τά
3310 3019 3663 3091 γεγενημένα

369 3126 500 3166 sunt
534 3127 630 3182 per
669 3109 910 3166 Verbum
940 3109 1083 3165 facta
1117 3122 1260 3174 esse,
1285 3110 1536 3179 nihilque
1566 3110 1684 3164 sine
1705 3107 1800 3161 illo
1831 3120 1957 3161 esse

2067 3104 2278 3175 γέγονε,
2313 3108 2410 3161 καὶ
2452 3111 2623 3180 χωρὶς
2651 3109 2815 3162 αὑτοῦ
2850 3111 3075 3179 γέγονεν
3119 3110 3242 3163 οὐδὲ
3273 3110 3333 3164 ἐν
3356 3126 3369 3139 ·
3406 3110 3515 3164 ἔδει
3561 3105 3665 3165 οὖν

367 3203 595 3259 factum.
627 3203 976 3274 Quapropter
1004 3202 1234 3257 deberes
1260 3208 1319 3255 tu
1351 3215 1572 3271 quoque
1603 3215 1671 3255 ex
1692 3198 1961 3269 praeclara

368 3295 766 3352 elementofum
786 3294 1261 3364 coagmentatione
1287 3292 1606 3348 Creatorem
1633 3289 1964 3345 convenien-

368 3396 455 3443 ter
482 3386 810 3457 intelligere,
837 3394 1001 3456 teque
1036 3386 1117 3439 tui
1161 3385 1338 3455 ipsius
1376 3400 1488 3438 non
1520 3383 1771 3453 ignarum
1815 3396 1959 3446 esse,

369 3477 763 3549 percipereque
823 3477 1089 3531 mundum
1130 3476 1321 3531 aeterni
1348 3474 1445 3529 Dei
1500 3489 1639 3545 opus
1683 3489 1828 3538 esse,
1859 3488 1963 3528 nec

368 3572 619 3642 potuisse
664 3577 909 3625 creatam
970 3575 1227 3624 naturam
1292 3575 1511 3623 tantum
1566 3582 1707 3638 opus
1752 3564 1964 3637 produ-

366 3678 520 3718 cere.

439 3754 528 3809 14.
556 3752 653 3807 Ar.
677 3751 832 3821 Esto,
865 3752 939 3808 sit
971 3763 1212 3809 aeternus
1241 3748 1418 3808 Filius
1454 3771 1466 3807 :
1505 3751 1598 3807 sed
1636 3752 1703 3807 ab
1735 3751 1961 3809 aeterni-

364 3854 480 3901 tate
517 3852 760 3911 creatus,
790 3844 1155 3901 aeternitatem
1186 3847 1416 3901 obtinet.
1440 3845 1565 3900 Alli.
1614 3844 1672 3899 Si
1718 3854 1960 3902 aeternus

364 3945 450 3993 est
474 3936 670 4003 Filius,
697 3953 808 3992 non
839 3946 924 3993 est
971 3953 1063 3993 res
1099 3945 1282 3993 creata
1321 3957 1334 3993 :
1364 3938 1509 4009 quod
1542 3938 1589 3993 si
1622 3953 1712 3993 res
1746 3948 1956 4002 creata,

362 4046 477 4086 non
507 4040 592 4086 est
619 4038 885 4085 aeternus.
922 4029 1018 4083 Ar.
1049 4025 1193 4084 Num
1228 4031 1345 4085 haec
1381 4042 1484 4101 ego
1521 4046 1589 4086 ex
1623 4029 1846 4101 propria
1880 4030 1960 4083 lo-

362 4136 505 4191 quor
532 4119 898 4175 auctoritate?
920 4119 1093 4176 Filius
1133 4121 1253 4191 ipse
1297 4121 1375 4174 ait
1405 4136 1464 4176 se
1492 4136 1523 4174 a
1556 4120 1667 4175 Deo
1717 4121 1957 4191 primum

363 4211 610 4267 omnium
658 4218 904 4267 creatum
954 4228 1095 4268 esse.
1142 4212 1268 4265 Alli.
1309 4211 1504 4267 Tibine
1553 4213 1657 4268 soli
1690 4228 1758 4266 an
1789 4211 1957 4267 etiam

365 4303 490 4358 aliis
539 4305 841 4359 revelatum
866 4311 950 4360 est
980 4305 1086 4359 hoc
1123 4304 1280 4376 163
1311 4302 1437 4359 Filii
1466 4304 1559 4360 Dei
1596 4303 1957 4377 mysterium?

364 4394 460 4448 Ar.
513 4393 635 4449 Non
685 4396 933 4450 omnium
973 4404 1058 4452 est
1120 4395 1254 4452 ﬁdes
1293 4397 1361 4451 ³¹.
1407 4395 1802 4452 Verumtamen
1840 4412 1954 4452 non

2066 3199 2161 3251 καὶ
2204 3199 2264 3252 σὲ
2302 3201 2369 3254 ἐκ
2416 3200 2518 3270 τῆς
2560 3201 2669 3254 τῶν
2704 3202 2985 3274 στοιχείων
3030 3202 3281 3275 ἐναρέτου
3327 3202 3664 3275 συμπήξεως

2064 3290 2490 3360 ἀναλογίσασθαι
2514 3292 2608 3346 τὸν
2634 3293 2964 3366 δημιουργὸν
2989 3293 3291 3365 ἀναλόγως,
3331 3296 3424 3348 καὶ
3456 3294 3661 3350 σαυτοῦ

2065 3383 2413 3455 ἐπιγνώμονα
2436 3384 2710 3455 γενέσθαι,
2735 3386 2816 3438 ὅτι
2842 3386 3012 3439 ἀϊδίου
3043 3385 3181 3439 Θεοῦ
3213 3387 3471 3456 τυγχάνει
3496 3387 3664 3459 ἔργον

2062 3479 2091 3531 6
2121 3478 2347 3549 κόσμος,
2376 3479 2437 3531 οὐ
2471 3478 2697 3548 κτιστῆς
2719 3477 2777 3532 δὲ
2803 3477 3038 3548 φύσεως,
3066 3482 3141 3551 μὴ
3161 3478 3465 3552 δυναμένης
3484 3482 3666 3553 ἐπαρ-

2064 3569 2223 3625 κέσαι
2249 3570 2487 3624 τοσαῦτα
2514 3571 2669 3644 δρᾲν.

2136 3751 2226 3805 14.
2263 3753 2383 3821 "Ap.
2433 3748 2620 3807 εἶπεν·
2659 3755 2845 3808 Ἔστω
2890 3754 3059 3820 ἀΐδιος
3106 3759 3135 3811 6
3191 3756 3340 3820 Υἱὸς,
3383 3754 3520 3809 ἀλλά
3562 3757 3664 3810 καὶ

2062 3841 2248 3905 ἀϊδίως
2275 3841 2518 3908 κτισθεὶς
2544 3844 2655 3916 ἔχει
2685 3845 2748 3897 τὸ
2797 3846 2989 3900 ἀΐδιον.
3027 3848 3142 3905 Ἀθ.
3170 3844 3325 3902 εἶπεν
3348 3866 3362 3880 ·
3389 3849 3452 3901 Et
3484 3848 3664 3912 ἀϊδιός

2061 3933 2210 3989 ἐστιν
2261 3938 2290 3988 6
2323 3935 2472 4000 Υἱὸς,
2512 3938 2613 3990 οὐκ
2651 3934 2720 4009 ἦν
2767 3939 3015 4011 κτίσμα⁴
3072 3941 3121 3992 εἰ
3169 3940 3226 3993 δὲ
3272 3940 3479 4011 κτίσμα
3523 3958 3665 4011 τυγ-

2062 4027 2237 4097 χάνει,
2269 4028 2370 4080 οὐκ
2401 4024 2471 4100 ἦν
2528 4029 2718 4094 ἀΐδιος.
2751 4031 2882 4100 "Ap.
2920 4026 3108 4085 εἶπεν·
3147 4030 3239 4103 Μὴ
3284 4031 3395 4105 γὰρ
3437 4031 3550 4102 ἐγὼ
3596 4033 3663 4100 ἐξ

2061 4120 2267 4184 οἰκείας
2291 4121 2577 4187 αὑθεντίας
2608 4122 2717 4194 (87)
2750 4123 2923 4178 ταῦτά
2953 4143 3092 4197 φημι
3115 4142 3131 4155 ’
3158 4128 3187 4179 6
3210 4126 3341 4190 Υἱὸς
3365 4122 3539 4193 εἶπεν,
3572 4128 3662 4182 ὅτι

2062 4211 2278 4283 πρῶτον
2314 4213 2533 4267 πάντων
2581 4212 2795 4268 ἔκτισεν
2822 4215 2984 4270 αὑτὸν
3032 4219 3060 4270 ό
3117 4216 3272 4281 Θεός.
3311 4218 3431 4272 Ἀθ.
3466 4216 3656 4273 εἶπεν

2064 4300 2234 4355 Τοῦτό
2260 4320 2343 4356 σοι
2393 4304 2542 4377 μόνῳ
2571 4306 2961 4378 ἀπεκαλύφθη,
2996 4308 3029 4380 ἢ
3074 4309 3167 4361 καί
3206 4308 3388 4374 ἄλλοις
3415 4310 3485 4363 τὸ
3520 4314 3659 4385 περὶ

2061 4393 2155 4447 τοῦ
2190 4394 2322 4447 Υίοῦ
2357 4395 2490 4449 Θεοῦ
2525 4398 2859 4470 μυστήριον;
2899 4401 3028 4468 "Ap.
3062 4398 3243 4453 εἶπενο
3269 4420 3288 4451 i
3320 4402 3396 4455 Οὐ
3434 4403 3662 4458 πάντων

364 4486 502 4541 mihi
523 4487 649 4551 soli,
678 4488 774 4542 sed
797 4488 963 4542 etiam
998 4486 1119 4541 aliis
1149 4486 1370 4558 cognita
1397 4494 1484 4541 est
1516 4487 1629 4541 haec
1656 4486 1953 4542 tides.Alh.

2066 4490 2093 4561 ἡ
2129 4488 2339 4553 πίστις·
2376 4460 2639 4562 πλὴν-οὑκ
2658 4460 2784 4562 ἐμοὶ
2816 4460 2984 4564 pave,
2998 4492 3132 4546 ἀλλὰ
3160 4493 3253 4546 καὶ
3286 4493 3494 4567 ἑτέροις
3523 4496 3662 4550 πολ-

365 4577 658 4632 Undenam
690 4578 849 4632 vobis
891 4593 955 4632 ea
981 4577 1226 4632 revelata
1282 4577 1401 4631 est?
1449 4576 1528 4630 Ex
1565 4575 1679 4631 Deo
1704 4617 1719 4643 ,
1772 4591 1842 4630 an
1891 4591 1961 4631 ex

365 4668 723 4724 hominibus?
768 4671 866 4723 Ar.
918 4665 997 4721 Ex
1026 4667 1158 4723 Deo.
1210 4667 1340 4721 Alli.
1370 4666 1526 4723 Tune
1564 4667 1685 4738 ipse
1741 4667 1961 4723 auditor

365 4760 542 4825 fuisti,
574 4777 645 4816 an
672 4761 766 4817 alii
797 4762 895 4817 tibi
927 4760 1331 4817 narraverunt?
1362 4761 1461 4817 Ar.
1504 4760 1622 4816 Non
1669 4762 1803 4816 mihi
1832 4777 1963 4817 nar-

364 4861 646 4920 raverunt,
666 4851 763 4911 sed
792 4854 949 4909 multi
980 4854 1178 4915 sancti,
1200 4854 1257 4908 in
1284 4854 1495 4924 Spiritu
1517 4853 1612 4910 Dei
1647 4855 1960 4924 loquentes,

364 4942 567 4999 Filium
629 4953 877 5000 creatum
943 4961 1070 5000 esse
1129 4944 1490 5001 allirmarunt.
1526 4945 1653 5001 Alli.
1715 4944 1955 5012 Quinam

365 5046 493 5092 sunt
514 5036 645 5092 isti?
668 5036 753 5091 An
783 5047 838 5092 et
862 5051 963 5092 nos
991 5050 1158 5091 nosse
1186 5052 1297 5091 non
1330 5052 1626 5106 possumus
1648 5037 1783 5092 ?Ar.
1806 5037 1950 5094 Tute

363 5130 483 5199 ipse
509 5130 656 5186 nosti
686 5138 740 5185 et
771 5129 1068 5199 prophetas
1094 5136 1149 5183 et
1184 5129 1470 5199 apostolos
1497 5131 1689 5185 multis
1721 5130 1775 5183 in
1817 5130 1952 5185 locis

365 5223 574 5279 dixisse
603 5223 883 5279 Christum
919 5236 1037 5277 rem
1072 5229 1316 5277 creatam
1341 5237 1486 5277 esse.
1514 5221 1640 5276 Alli.
1679 5219 1756 5276 Te
1787 5222 1952 5292 paulo

365 5321 492 5368 ante
516 5314 789 5369 dicentem
840 5313 1025 5368 audivi
1073 5313 1127 5368 id
1176 5328 1207 5366 a
1247 5311 1387 5368 Filio
1418 5312 1623 5369 dictum
1656 5329 1800 5381 esse,
1836 5315 1953 5385 jam

2054 4580 2170 4645 λοῖς
2197 4582 2503 4655 ἐγνωρίσθη
2527 4585 2560 4655 ή
2587 4583 2770 4648 πίστις
2793 4583 2953 4656 αῦτη.
2972 4586 3088 4639 Ἀθ.
3114 4580 3266 4639 εἶπεν
3286 4602 3300 4616 ·
3327 4585 3501 4640 Πόθεν
3522 4586 3662 4657 ὑμῖν

2060 4673 2444 4744 ἀπεκαλύφθη,
2472 4674 2537 4726 ἐκ
2568 4673 2725 4739 Θεοῦ,
2761 4675 2794 4747 ἢ
2830 4675 2890 4740 ἐξ
2922 4675 3262 4746 ἀνθριὶιπων;
3302 4678 3429 4745 "Ap.
3461 4673 3620 4733 εἶπεν
3640 4697 3656 4710 ’

2073 4764 2168 4817 Ἐκ
2198 4764 2352 4819 Θεοῦ.
2401 4766 2519 4821 Ἀθ.
2543 4761 2694 4821 εἶπεν
2718 4783 2732 4797 ο
2770 4768 2844 4821 Σὺ
2870 4760 3153 4841 αὐτήκοος
3165 4768 3417 4837 γέγονας,
3441 4770 3476 4842 ἦ
3504 4770 3660 4825 ἄλλοι

2063 4871 2145 4908 σοι
2192 4855 2546 4928 ὑφηγήσαντο
2580 4858 2709 4930 περὶ
2738 4858 2928 4913 τούτου
2953 4877 2968 4923 ;
3014 4861 3142 4928 "Ap.
3173 4856 3359 4915 εἶπεν·
3388 4862 3504 4915 Οὐκ
3528 4863 3661 4932 ἐμοὶ

2062 4947 2437 5019 ὑφηγήσαντο,
2494 4948 2630 5003 ἀλλὰ
2677 4950 2864 5003 πολλοὶ
2894 4952 3073 5021 ἆγιοι,
3124 4953 3183 5005 ἐν
3211 4951 3490 5023 Πνεύματι
3515 4952 3659 5007 Θεοῦ

2056 5034 2363 5102 λαλοῦντες,
2392 5038 2602 5110 ἔφησαν
2656 5041 2737 5093 ὅτι
2781 5042 3005 5113 ἐκτίσθη
3051 5044 3080 5095 6
3113 5043 3261 5107 Υίός.
3311 5047 3430 5098 Ἀθ.
3488 5040 3655 5099 εἶπε’

2061 5128 2218 5192 Τίνες
2250 5130 2386 5182 εἰσὶν
2430 5125 2611 5199 οὖτοι;
2672 5133 2751 5185 Ούη
2772 5133 3049 5205 δυνάμεθα
3079 5135 3282 5204 γνῶναι
3324 5137 3419 5190 καὶ
3449 5139 3654 5207 ήμεῖς;

2064 5223 2190 5291 "Ap.
2231 5221 2415 5278 εἶπεν·
2449 5219 2618 5278 Οἶσθα
2664 5227 2758 5279 καὶ
2801 5227 2986 5291 αὐτὸς,
3022 5228 3104 5280 ὅτι
3133 5229 3227 5281 καὶ
3253 5229 3301 5280 oi
3349 5229 3655 5301 προφῆται,

2058 5315 2153 5368 καὶ
2178 5317 2227 5368 of.
2252 5317 2540 5371 ἀπόστολοι
2564 5318 2833 5391 ἐλάλησαν
2855 5319 3124 5392 πολλαχοῦ
3140 5314 3254 5393 ἶ88)
3272 5319 3363 5374 τὸν
3389 5320 3519 5379 Υἱὸν
3542 5320 3660 5379 κτί-

436 5466 483 5498 ²⁹
522 5464 682 5523 Rom.
719 5484 759 5535 ι,
793 5466 886 5524 20.
963 5468 1009 5499 ³⁰
1051 5467 1182 5538 Sap.
1218 5485 1343 5536 xm,
1376 5470 1429 5525 5.
1507 5469 1613 5542 ἰιι
1647 5469 1969 5538 Tlicss.‘nt,
2003 5470 2059 5525 2.

462 5617 548 5689 84)
588 5620 723 5689 Aug.
745 5621 839 5674 τοῦ
878 5620 1007 5674 Υίοῦ
1040 5621 1135 5675 τοῦ
1158 5621 1318 5677 Θεοῦ.

461 5687 549 5764 ξξ)
576 5686 1089 5764 Ιςὰἵοειότηςῄίιροξι
1126 5694 1178 5745 in
1209 5696 1346 5764 Aug.

461 5758 551 5832 86)
586 5759 722 5832 Aug.
756 5758 987 5833 φανερὸν
1015 5759 1107 5818 οῦν
1137 5758 1304 5822 ἐστιν.

2132 5624 2243 5697 (87)
2443 5635 2495 5679 et
2525 5627 2659 5697 Aug.
2689 5625 2745 5693 ἐξ
2773 5628 2909 5691 ἰδίας
2934 5627 3052 5681 orbo.

2132 5695 2242 5767 {88)
2277 5695 2406 5767 llrg.
2441 5695 2659 5752 Gcblei'.
2693 5707 2745 5753 et
2778 5705 2913 5770 λιες.
2951 5697 3245 5769 πανταχοῦ.
