3880 6186
156 342 268 398 155

1308 336 1735 396 DISPUTATIO
1773 337 2063 396 CONTRA
2099 340 2346 398 ARIUM.

3356 345 3466 403 454

166 476 275 529 σμα
297 453 457 510 εἶναι.
476 458 595 512 Ἀθ.
617 453 771 512 εἶπεν
790 474 803 487 ·
833 455 1083 509 Ἤκουσά
1107 471 1200 507 σου
1221 454 1475 524 λέγοντος
1505 456 1611 528 πρὸ
1639 455 1762 528 βρα-

1874 458 2080 515 transis
2112 460 2180 515 ad
2205 448 2591 531 pr‘ophetaset
2623 463 2924 535 apostolos.
2947 462 3152 521 Verum
3176 464 3288 534 dic,
3313 460 3471 520 ama-

165 552 313 623 χείας
347 548 622 621 ὥρας,ὅτι
644 553 677 604 ό
705 550 833 613 Υἱὸς
860 545 1037 602 εἶπεν.
1071 548 1232 618 Ἀρτι
1265 547 1503 619 μετέϐης
1536 549 1617 612 εἰς
1643 549 1770 615 τοὺς

164 645 453 715 προφήτας
482 643 576 697 καὶ
605 642 958 706 ἀποστόλους.
980 642 1127 711 Πλὴν
1150 642 1433 712 ὑφήγησαι
1457 644 1610 705 ποῖος
1634 659 1770 714 προ-

162 738 342 808 φήτης
375 735 526 802 ἔλεξε
556 735 739 789 τοιάδε
773 736 902 806 περὶ
930 735 1160 799 τούτου;
1192 735 1320 801 Ἀρ.
1346 728 1468 786 εἷπε
1489 750 1503 763 ·
1536 734 1647 786 Καὶ
1671 732 1768 788 νῦν

162 845 307 898 φημι
334 828 429 881 τὸν
460 827 593 881 Υἱδν
637 827 822 896 λέγειν
871 827 960 880 διὰ
987 825 1098 880 τῶν
1143 827 1317 894 ἁγίων
1344 842 1640 897 προφητων
1674 827 1769 879 καὶ

159 921 483 974 ἀποστόλων
531 918 724 992 ὥσπερ
756 919 851 973 καὶ
893 917 982 972 διὰ
1032 917 1127 971 τοῦ
1182 917 1434 984 Σολομὼν
1484 916 1588 989 ἔφη
1619 916 1765 990 (89)⁶

165 1030 186 1063 ι
208 1012 418 1084 Κύριος
436 1011 621 1065 ἔκτισέ
640 1029 707 1082 με
722 1011 896 1084 ἀρχὴν
918 1009 1054 1065 ὁδῶν
1072 1009 1237 1063 αὐτοῦ
1262 1011 1342 1072 εἰς
1365 1007 1502 1081 ἔργα
1521 1007 1710 1063 αὐτοῦ.
1743 1027 1762 1061 ι

171 1106 360 1177 Ὁρᾷς,
394 1107 478 1159 ὅτι
510 1105 616 1177 πρὸ
649 1106 866 1159 πάντων
908 1104 1311 1158 ἔκτισεναύτὸν
1340 1105 1369 1156 ό
1403 1103 1539 1166 Θεὸς
1570 1102 1659 1156 διὰ
1696 1100 1769 1155 τὰ

157 1195 227 1251 δι’
251 1198 423 1251 αὐτοῦ
478 1198 741 1270 μέλλοντα
768 1197 1015 1268 γίνεσθαι
1050 1197 1209 1270 ἔργα.
1284 1196 1395 1267 (90)
1430 1197 1549 1250 Ἀθ.
1577 1192 1763 1249 εἶπεν

160 1288 375 1342 Οὐκοῦν
406 1291 441 1361 ἡ
469 1289 581 1343 τῶν
615 1291 931 1361 κτισμάτων
965 1289 1241 1360 πρόφασις
1269 1288 1420 1341 αἰτία
1452 1287 1642 1356 γέγονε
1671 1286 1766 1340 τοῦ

160 1380 454 1452 κτισθῆναι
482 1380 573 1434 τὸν
602 1380 732 1433 Υἱὸν
759 1380 901 1434 κατὰ
931 1379 1011 1432 σέ.
1050 1380 1169 1447 Ἄρ.
1194 1374 1346 1432 εἶπεν
1367 1395 1380 1407 ’
1414 1377 1600 1441 Οῦτως
1629 1377 1763 1448 ἔχει.

171 1474 293 1527 Ἀθ.
332 1470 490 1526 εἶπεν
512 1491 524 1502 ·
548 1474 692 1544 Ἀρα
718 1468 811 1525 οῦν
839 1472 934 1525 τοῦ
967 1471 1102 1525 Θεοῦ
1128 1471 1453 1542 ἐντιμότερα
1476 1468 1544 1522 τὰ
1583 1469 1765 1534 κτιζό-

161 1583 300 1636 μενα
350 1567 481 1637 παρ’
512 1565 712 1630 αὐτοῦ;
766 1564 891 1628 Πῶς
932 1566 1133 1637 χωρεῖ;
1183 1563 1248 1616 Εί
1284 1561 1393 1635 γὰρ
1443 1564 1651 1625 ἐκεῖνος
1678 1561 1766 1616 διὰ

155 1657 336 1711 ταῦτα
376 1658 594 1726 γέγονε,
628 1658 723 1711 καὶ
751 1658 851 1711 οὐκ
884 1657 1074 1710 ἐκεῖνα
1122 1655 1212 1710 διὰ
1248 1656 1458 1722 τοῦτον,
1500 1656 1644 1710 κατά
1679 1657 1761 1721 σὲ,

156 1749 452 1821 ἀραρότως
491 1750 817 1821 ἐντιμότερα
842 1748 1019 1802 ταῦτα
1064 1747 1313 1801 ἐκείνουο
1370 1747 1507 1802 ἀλλὰ
1554 1748 1628 1820 μὴ
1667 1748 1763 1816 γέ-

159 1858 303 1894 νοιτο
320 1840 660 1912 οῦτωςήμᾶς
678 1842 943 1913 φρονῆσαι
965 1846 979 1894 l
1006 1841 1106 1894 Διά
1134 1840 1243 1912 γὰρ
1267 1843 1358 1893 τδν
1377 1840 1508 1893 Υἱὸν
1534 1841 1603 1894 τὰ
1624 1842 1762 1895 πάν·
1792 1826 1836 1881 Β

157 1951 247 1998 τα,
260 1932 450 1997 καθὼς
478 1933 822 2005 γέγραπται·
847 1934 1128 2005 «Ἔπρεπε
1147 1932 1278 2005 γὰρ,
1305 1952 1325 1984 ι
1349 1933 1512 2004 φησὶν
1540 1935 1568 1985 ό
1601 1932 1760 1988 Ἀπό-

160 2024 371 2088 στολος,
394 2043 413 2077 ι
444 2024 513 2077 δι’
529 2024 588 2079 ὃν
613 2024 680 2078 τὰ
709 2028 886 2080 πάντα
907 2026 1001 2079 καὶ
1026 2025 1093 2078 δι’
1125 2018 1186 2079 οῦ
1208 2026 1275 2079 τὰ
1307 2026 1506 2091 πάντα,
1532 2024 1762 2089 πολλοὺς

158 2114 311 2178 υἱοὺς
327 2116 410 2179 εις
440 2113 599 2179 δόξαν
620 2116 919 2186 ἀγαγόντα,
958 2117 1051 2171 τὸν
1083 2117 1325 2190 ἀρχηγὸν
1355 2120 1454 2190 τῆς
1486 2118 1763 2191 σωτηρίας

156 2207 341 2261 αὐτῶν
363 2207 455 2261 διὰ
486 2208 828 2280 παθημάτων
862 2210 1169 2264 τελειῶσαι.
1200 2230 1220 2264 ι

228 2299 320 2354 15.
360 2301 492 2369 Ἀρ.
528 2295 686 2353 εἷπε’
721 2300 1006 2371 Σύγγνωθί
1040 2319 1130 2373 μοι
1164 2302 1434 2374 εἰρηκότι,
1463 2302 1545 2355 ὅτι
1575 2300 1666 2355 διὰ
1690 2301 1762 2356 τὰ

159 2390 296 2462 ἔργα
325 2391 555 2463 ἐκτίσθη
576 2393 605 2444 ὁ
632 2391 783 2458 Υἱὸς,
818 2393 957 2463 πλὴν
990 2393 1072 2446 ὅτι
1106 2391 1333 2463 ἐκτίσθη
1372 2391 1480 2464 πρὸ
1517 2392 1760 2447 πάντων.

170 2487 290 2538 Ἀθ.
309 2479 465 2536 εἴπεο
496 2484 593 2548 Τίς
622 2483 845 2556 ἐκτίσθη
867 2484 978 2554 (91)
997 2485 1103 2556 πρὸ
1125 2483 1341 2538 πάντων
1367 2484 1474 2538 τῶν
1501 2484 1765 2556 δημιουρ-

159 2577 464 2649 γημάτων;
495 2579 627 2647 Ἀρ.
647 2572 801 2631 εἶπεν
819 2594 834 2607 ο
873 2578 931 2631 'O
960 2577 1108 2643 Υἱὸς,
1127 2578 1216 2631 διὰ
1236 2576 1394 2630 τοῦτο
1423 2578 1518 2630 καὶ
1550 2576 1763 2648 πρωτό-

159 2686 315 2732 τοκος
338 2668 781 2737 ἀναγέγραπται.
811 2668 932 2722 Ἀθ.
958 2663 1113 2721 εἶπεν
1129 2667 1229 2736 ’ξΕί
1246 2685 1330 2731 τις
1344 2669 1437 2722 τὸν
1456 2667 1568 2738 (92)
1590 2669 1764 2722 Σατα-

161 2761 255 2813 νᾶν
283 2762 610 2833 προσκυνεῖ,
638 2760 819 2825 καλῶς
851 2760 884 2831 ἢ
912 2760 1096 2824 κακῶς
1134 2760 1398 2833 πράττει;
1421 2762 1541 2829 Ἀρ.
1575 2758 1758 2814 εἶπεν·

173 2852 404 2923 Ἀσεϐὴς
432 2852 531 2905 καὶ
558 2851 738 2916 ἄθεος,
784 2852 881 2905 καὶ
913 2852 1046 2923 μηδὲ
1069 2852 1168 2915 τὰς
1198 2851 1387 2914 κοινὰς
1418 2852 1624 2924 φρένας
1658 2856 1764 2905 σώ-

163 2944 267 3008 ζων
289 2944 560 3015 τυγχάνει
580 2947 608 2997 ὁ
631 2944 894 3008 τοιοῦτος,
930 2943 988 2999 ὃν
1027 2945 1129 2998 οὐκ
1154 2943 1302 3010 ἄξιον
1348 2943 1533 2997 καλεῖν
1555 2943 1765 3014 ἄνθρω-

162 3052 283 3100 πον,
318 3036 441 3089 ἀλλ’
464 3035 851 3106 ἀπάνθρωπον.
895 3036 1017 3090 Ἀθ.
1054 3031 1237 3089 εἶπεν·
1272 3036 1331 3089 Ὀ
1365 3035 1498 3099 Θεὸς
1535 3034 1615 3106 τῷ
1642 3035 1763 3089 ’1ὼὸ

1871 551 1964 617 bo,
1996 553 2121 623 quis
2149 555 2416 625 propheta
2444 571 2510 610 ea
2540 556 2608 611 de
2637 557 2733 611 illo
2765 556 3100 613 dixerit.Ar.
3120 560 3288 631 Atqui
3302 560 3467 617 modo

1873 641 2038 695 etiam
2073 643 2160 697 aio
2195 642 2251 697 id
2296 644 2478 714 ipsum
2519 661 2618 717 per
2648 654 2874 704 sanctos
2904 650 3203 720 prophetas
3236 658 3292 707 et
3333 666 3468 725 apo-

1871 735 2045 792 stolos
2089 734 2290 791 Filium
2333 737 2540 805 dicere,
2572 740 3037 811 quemadmodum
3085 758 3184 813 per
3215 742 3468 801 Salomo-

1870 845 1997 884 nem
2039 832 2155 886 ait:
2197 850 2217 884 ι
2263 830 2533 889 Dominus
2583 836 2793 891 creavit
2850 851 2938 893 me
2992 836 3213 891 initium
3245 840 3463 893 viarum

1870 937 2094 979 suarum
2134 924 2193 979 in
2239 939 2406 995 opera
2448 941 2549 983 sua
2577 927 2644 979 ³³.
2686 946 2705 979 ι
2747 926 2912 984 Vides
2971 928 3142 985 Deum
3190 937 3318 986 ante
3371 946 3465 989 res

1869 1031 2064 1074 omnes
2088 1033 2213 1073 eum
2246 1035 2487 1086 creasse,
2523 1028 2750 1091 propter
2776 1037 2943 1092 opera
2975 1023 3193 1079 scilicet
3223 1040 3344 1095 quae
3364 1041 3465 1095 per

1869 1124 1996 1164 eum
2025 1108 2309 1165 ellicienda
2337 1119 2519 1166 erant.
2548 1112 2674 1166 Ath.
2699 1113 2892 1185 lgitur,
2921 1115 2969 1170 si
3000 1116 3337 1172 credendum
3363 1118 3464 1174 tibi

1868 1211 1974 1266 est,
2017 1218 2108 1259 res
2139 1212 2341 1260 creatae
2375 1220 2546 1260 causa
2582 1207 2737 1261 fuere
2766 1223 2866 1261 cur
2896 1218 3115 1264 creatus
3154 1216 3240 1265 est
3262 1208 3460 1267 Filius.

1867 1294 1966 1348 Ar.
2001 1296 2079 1349 lta
2129 1303 2233 1351 est.
2271 1296 2397 1353 ΑιΙι.
2430 1296 2577 1369 Ergo
2605 1314 2695 1353 res
2719 1314 2750 1353 a
2793 1297 2906 1355 Deo
2932 1307 3154 1363 creatae.
3179 1302 3300 1372 ipso
3332 1311 3464 1358 sunt

1867 1387 2263 1458 pretiosiores?
2303 1387 2407 1455 Qui
2462 1390 2517 1445 id
2578 1390 2698 1445 ﬁeri
2757 1392 2978 1461 possit?
3008 1391 3257 1465 Namque
3288 1396 3336 1449 si
3370 1395 3464 1452 ille

1868 1490 2094 1551 propter
2139 1481 2288 1551 ipsas
2329 1481 2514 1538 factus
2549 1483 2785 1547 sit,:non
2817 1499 2948 1539 vero
2975 1485 3108 1555 ipsa;
3140 1494 3365 1557 propter
3396 1487 3463 1541 il-

1865 1572 2003 1637 lum,
2041 1581 2099 1626 ut
2128 1580 2312 1642 putas,
2337 1573 2586 1644 profecto
2620 1576 2753 1646 ipsa:
2778 1576 2870 1631 illo
2898 1585 3029 1632 sunt
3063 1579 3462 1648 pretiosiores?

1867 1661 2074 1718 Verum
2105 1665 2249 1718 ahsit
2277 1672 2338 1719 ut
2375 1680 2479 1721 nos
2510 1666 2585 1719 ita
2617 1667 2922 1723 sentiamus
2948 1670 2960 1722 !
2990 1667 3237 1740 Namque
3273 1671 3461 1727 omnia

1864 1763 2092 1826 propter
2117 1754 2340 1822 Filium,
2361 1758 2440 1813 uti
2472 1760 2742 1830 scriptum
2772 1765 2890 1815 est:
2912 1778 2933 1812 ‹
2962 1761 3204 1818 Decebat
3236 1763 3407 1831 enim,
3435 1784 3454 1817 ι

1865 1848 2043 1920 inquit
2080 1848 2380 1919 Apostolus
2407 1849 2475 1917 ⁸⁸,
2504 1869 2523 1902 ‹
2546 1867 2670 1907 eum
2700 1863 2924 1923 prepter
2961 1869 3125 1925 quem
3173 1856 3381 1922 omnia,
3406 1864 3461 1911 et

1864 1956 1964 2011 per
1995 1955 2158 2013 quem
2209 1939 2418 2006 omnia,
2450 1941 2545 2012 qui
2585 1943 2790 1999 multos
2832 1943 2976 2000 ﬁlios
3006 1945 3063 1999 in
3098 1945 3327 2016 gloriam
3360 1948 3461 2003 ad-

1865 2034 2116 2099 duxerat,
2165 2034 2451 2089 auctorem
2502 2034 2702 2092 salutis
2742 2050 2935 2091 eorum
2987 2038 3275 2108 passiones
3324 2053 3460 2094 con-

1865 2140 2164 2182 summare.
2197 2144 2217 2178 ι

1937 2302 2026 2361 15.
2052 2303 2147 2358 Ar.
2179 2302 2407 2375 Ignosce
2432 2302 2587 2366 mihi,
2618 2303 2713 2374 qui
2736 2303 2971 2359 dixerim
2992 2303 3193 2361 Filium
3228 2312 3459 2377 propter

1862 2410 2029 2467 opera
2050 2403 2295 2469 creatum
2320 2394 2512 2451 fuisse.
2539 2392 2929 2451 Verumtamen
2952 2404 3080 2459 ante
3102 2398 3287 2452 omnia
3308 2413 3459 2454 crea-

1862 2491 1955 2539 tus
1983 2490 2087 2538 est.
2123 2482 2251 2538 Ath.
2290 2481 2428 2549 Quis
2474 2491 2601 2540 ante
2629 2486 2816 2540 omnia
2864 2500 3032 2557 opera
3078 2495 3300 2544 creatus
3333 2490 3458 2545 est?

1863 2577 1960 2631 Ar.
1995 2574 2169 2632 Filius
2208 2596 2220 2632 :
2260 2592 2429 2648 quam
2477 2577 2549 2633 ob
2602 2593 2825 2633 causam
2880 2579 3280 2651 primogenitus
3328 2597 3456 2639 esse

1863 2669 2147 2726 scribitur.
2199 2669 2329 2724 Ath.
2381 2667 2439 2724 Si
2490 2670 2616 2741 quis
2666 2669 2928 2726 Satanam
2977 2672 3187 2738 adoret,
3231 2680 3457 2731 rectene

1865 2776 1935 2815 an
1987 2761 2131 2816 male
2178 2761 2330 2832 agit?
2386 2761 2484 2816 Ar.
2520 2759 2728 2831 Impius
2771 2762 3083 2819 censendus
3135 2763 3228 2819 ille
3272 2771 3358 2820 est
3400 2771 3456 2820 et

1864 2853 2080 2919 atheus,
2115 2868 2218 2909 nec
2247 2868 2571 2909 communes
2602 2869 2801 2909 sensus
2846 2853 3070 2920 habere,
3107 2855 3201 2926 qui
3238 2871 3342 2911 nec
3370 2856 3458 2911 di-

1863 2963 2004 3020 gnus
2073 2947 2146 3002 sit
2190 2947 2355 3001 homo
2403 2947 2706 3018 appellari,
2760 2947 2857 3003 sed
2909 2947 3264 3004 inhumanus.
3323 2948 3452 3006 ΑιΙι.

1863 3040 2010 3097 Deus
2042 3039 2147 3095 Job
2180 3041 2524 3110 respondens
2565 3042 2642 3094 ita
2692 3040 2760 3096 de
2796 3038 3001 3095 Satana
3049 3041 3266 3097 locutus
3314 3051 3400 3098 est
3435 3057 3454 3095 :

162 3126 547 3200 χρηματίζων,
577 3127 749 3191 οὕτως
773 3127 875 3199 ἔφη
910 3127 1039 3201 περὶ
1064 3128 1158 3181 τοῦ
1193 3130 1431 3193 Σατανᾶ,
1459 3128 1759 3183 τουτέστινο

1870 3151 1890 3184 ι
1920 3130 2041 3203 lpse
2067 3139 2152 3188 est
2180 3132 2509 3202 principium
2542 3132 2785 3202 ﬁgmenti
2811 3131 3052 3197 Domini,
3084 3133 3263 3190 factus
3295 3142 3355 3190 ut
3386 3134 3456 3196 il-

169 3240 185 3270 σ
208 3218 381 3290 Ἀρχὴ
411 3218 735 3290 πλάσματος
760 3219 967 3291 Κυρίου
996 3219 1337 3292 πεποιημένη
1360 3218 1470 3291 (95)
1499 3219 1763 3290 ἐμπαίζε-

163 3309 285 3365 οθαι
322 3310 434 3363 ὑπὸ
468 3309 579 3363 τῶν
609 3309 857 3378 ἀγγέλων
886 3325 1008 3380 μου.
1041 3327 1060 3360 ι
1086 3309 1158 3362 Σὺ
1190 3304 1284 3363 οῦν
1315 3309 1378 3362 τὸ
1407 3309 1620 3380 πρῶτον
1651 3308 1767 3362 ποί-

162 3420 276 3472 ημα
300 3401 652 3473 προσκυνῶν,
673 3402 763 3454 τὸν
788 3402 1030 3455 Σατανᾶν
1052 3403 1397 3472 προσκυνεῖς,
1415 3399 1599 3466 καθὼς
1628 3417 1770 3472 παρ-

160 3496 394 3566 έστησεν
436 3494 467 3545 ὁ
511 3493 689 3561 λόγος.
733 3493 862 3546 Ἐὰν
886 3493 944 3546 δὲ
984 3492 1311 3563 σοφίσασθαι
1346 3492 1652 3564 θελήσειας,
1683 3493 1765 3545 ὅτι

158 3588 251 3641 τοῦ
293 3586 433 3641 Υἱοῦ
492 3586 758 3657 πρότερον
806 3586 1019 3658 ποίημά
1060 3589 1210 3640 ἐστιν
1258 3589 1286 3640 ὁ
1332 3586 1598 3650 Σατανᾶς,
1633 3585 1766 3656 ,ἄρα

158 3680 541 3753 πρεσϐύτερον
577 3680 738 3734 αὑτὸν
770 3683 877 3754 φῂς
907 3679 1021 3752 (94)
1073 3678 1168 3732 τοῦ
1215 3679 1372 3748 ἁγίου
1414 3675 1762 3748 Πνεῦματος;

160 3772 303 3826 οὕτω
337 3773 455 3844 γάρ
491 3771 700 3844 ὡρίσω,
735 3773 827 3827 τὸν
871 3773 968 3844 μὲν
1001 3771 1130 3826 Υίὸν
1165 3770 1272 3824 ὑπὸ
1303 3770 1402 3824 τοῦ
1432 3768 1567 3823 Θεοῦ
1616 3768 1763 3822 ἐκτί-

162 3866 314 3919 σθαι*
347 3866 413 3918 τὸ
450 3865 508 3918 δὲ
547 3865 770 3935 Πνεῦμα
803 3865 910 3919 ὑπὸ
934 3864 1028 3918 τοῦ
1059 3863 1195 3917 Υίοῦ
1229 3861 1560 3933 γεγενῆσθαι
1585 3861 1762 3915 διεδε-

160 3956 405 4012 6αιὼσω.
452 3958 582 4025 Ἀρ.
641 3952 828 4010 εἶπεν·
893 3956 959 4010 'H
985 3955 1213 4028 ἀλήθειά
1269 3973 1337 4027 με
1408 3956 1759 4028 περιγράφει,

161 4053 252 4104 καὶ
275 4053 342 4104 οὐ
368 4049 458 4103 σύ.
483 4049 630 4122 Πλὴν
652 4049 840 4121 ἐπειδὴ
869 4048 1175 4120 συνήγαγὲς
1207 4064 1273 4120 με
1300 4050 1358 4102 ὲν
1385 4046 1578 4116 τούτῳ,
1607 4045 1762 4117 κάγώ

163 4160 221 4196 σε
254 4161 325 4197 πε
332 4141 601 4214 ρικλείσω
632 4143 690 4194 ὲν
719 4144 841 4205 ταῖς
870 4139 1095 4203 πολλαῖς
1137 4139 1484 4211 μαρτυρίαις,
1519 4141 1639 4202 ταῖς
1666 4155 1766 4208 φα·-

164 4234 426 4298 σκούσαις
461 4235 545 4287 ὅτι
578 4233 785 4304 κτίσμα
822 4234 971 4287 ἐστὶν
1002 4232 1031 4285 ὁ
1074 4231 1221 4296 Υἱός.
1262 4232 1382 4286 Ἀθ.
1433 4226 1553 4283 εἷπε
1576 4247 1591 4260 ·
1621 4229 1763 4301 Πρό-

164 4344 292 4399 φερε
318 4329 388 4379 ἐκ
414 4324 510 4378 τοῦ
538 4323 814 4397 θησαυροῦ
840 4323 910 4377 τὰ
931 4321 1518 4394 ἀποτεθησαυρισμένα
1540 4320 1645 4374 ὑπὸ
1664 4320 1759 4374 τοῦ

164 4418 373 4491 πατρός
398 4434 517 4470 σου.
543 4418 673 4486 Ἀρ.
702 4418 856 4471 εἶπεν
875 4432 890 4447 ’
923 4417 1088 4486 Ἐμὸς
1113 4415 1298 4486 πατήρ
1324 4417 1494 4478 ἐστιν,
1517 4414 1575 4468 ὃν
1598 4430 1761 4484 προσ-

1872 3225 2154 3280 luderetur
2201 3225 2271 3279 ab
2303 3223 2511 3293 angelis
2550 3223 2688 3278 meis
2722 3223 2791 3278 “.
2826 3242 2846 3275 ι
2887 3222 2969 3278 Τιι
3018 3224 3187 3295 igitur
3218 3224 3452 3296 primam

1870 3329 1984 3370 rem
2020 3312 2221 3366 factam
2253 3311 2513 3375 adorans,
2552 3309 2811 3366 Satanam
2862 3311 3082 3379 adoras,
3121 3320 3182 3367 ut
3213 3313 3457 3369 ostendi-

1867 3421 2010 3461 mus.
2037 3405 2194 3472 Quod
2238 3404 2282 3461 si
2320 3404 2457 3460 velis
2499 3403 2831 3460 contendere
2867 3403 3006 3460 Filio
3049 3405 3204 3476 prius
3244 3404 3454 3461 factum

1866 3514 1989 3555 esse
2018 3496 2277 3553 Satanam
2318 3516 2332 3552 :
2372 3512 2498 3553 eum
2527 3513 2659 3568 ergo
2690 3504 2885 3553 sancto
2918 3494 3129 3567 Spiritu
3173 3498 3451 3553 seniorem

1865 3590 2041 3645 facis?
2064 3589 2157 3645 Sic
2179 3590 2325 3645 enim
2350 3590 2612 3657 statuisti,
2637 3588 2835 3645 Filium
2862 3589 3086 3660 quidem
3108 3604 3139 3642 a
3164 3588 3276 3644 Deo
3303 3603 3459 3645 crea-

1864 3692 1980 3738 tum
2012 3698 2135 3739 esse
2161 3672 2187 3750 ;'
2212 3680 2480 3752 Spiritum
2516 3698 2646 3738 vero
2678 3697 2710 3736 a
2740 3680 2879 3736 Filio
2907 3697 3032 3737 esse
3059 3679 3266 3736 factum
3300 3696 3455 3737 asse-

1862 3773 2087 3829 verasti.
2128 3771 2228 3826 Ar.
2264 3770 2350 3827 Me
2372 3772 2579 3827 veritas
2610 3772 3043 3836 circumscribit,
3081 3779 3311 3829 non.tu.
3344 3770 3454 3829 Ve-

1863 3875 2173 3921 rumtamen
2205 3864 2650 3936 quandoquidem
2681 3880 2768 3919 me
2800 3864 2868 3919 ad
2904 3864 3009 3920 hoc
3038 3863 3317 3921 adduxisti
3348 3883 3363 3921 :
3397 3874 3455 3921 te

1861 3960 2108 4015 vicissim
2153 3975 2256 4030 ego
2294 3959 2485 4015 multis
2522 3958 2954 4014 circumcludam
3007 3958 3447 4022 auctoritatibus,

1862 4054 2064 4125 quibus
2092 4052 2374 4108 Christum
2404 4067 2519 4106 rem
2552 4057 2795 4107 creatam
2830 4066 2956 4106 esse
2996 4051 3286 4107 asseritur.
3320 4051 3445 4107 Ath.

1860 4146 2053 4202 Profer
2082 4162 2113 4201 e
2143 4146 2407 4201 thesauro
2442 4160 2563 4215 qua:
2605 4160 2636 4198 a
2670 4153 2830 4215 patre
2859 4153 2956 4199 tuo
2984 4151 3114 4199 sunt
3142 4142 3443 4200 recondita.

1859 4240 1953 4293 Ar.
1993 4237 2145 4293 Meus
2183 4247 2338 4309 pater
2371 4244 2476 4302 est,
2506 4251 2670 4307 quem
2721 4236 2893 4291 adoro
2936 4236 3130 4292 Deum.
3166 4235 3274 4293 Sed
3301 4236 3448 4293 enim

1861 4330 1994 4401 quid
2023 4329 2467 4400 respondendum
2505 4329 2675 4384 habes
2705 4328 2773 4384 ad
2808 4329 2924 4384 haec
2958 4329 3123 4384 verba
3156 4346 3170 4384 :
3208 4346 3229 4382 ι
3261 4327 3451 4384 Domi-

1859 4439 1965 4479 nus
1992 4422 2200 4478 creavit
2234 4437 2341 4488 me,
2381 4438 2400 4471 ι
2435 4435 2559 4476 cum
2592 4418 2858 4475 Dominus
2892 4421 3011 4490 ipse
3043 4417 3286 4474 fateatur
3322 4433 3383 4475 se
3414 4433 3448 4474 a

162 4511 309 4565 κιμνῶ
339 4510 480 4564 Θεόν
499 4527 513 4540 ·
552 4509 691 4581 πλὴν
731 4510 795 4562 σὺ
830 4506 1163 4580 ἀποκρίθητί
1195 4524 1285 4577 μοι
1316 4506 1447 4578 περὶ
1470 4505 1584 4571 τοῦ,
1610 4524 1628 4556 ι
1651 4505 1758 4559 Κύ-

1866 4518 2023 4573 Patre
2055 4530 2158 4572 suo
2181 4523 2426 4570 creatum
2454 4512 2617 4570 esse?
2649 4511 2774 4567 Ath.
2807 4511 2990 4567 Verba
3015 4512 3111 4566 illa
3139 4512 3249 4568 vim
3280 4511 3447 4567 aliam

164 4621 276 4674 ριος
295 4602 487 4656 ἕκτισέ
509 4620 632 4674 pte,»
649 4601 743 4655 τοῦ
760 4601 971 4673 Κυρίου
994 4600 1429 4672 ὁμολογήσαντος
1454 4599 1646 4652 ἑαυτὸν
1672 4599 1758 4652 ὲκ-

161 4695 343 4749 τίσθαι
394 4694 504 4747 ὑπὸ
556 4693 652 4747 τοῦ
699 4693 828 4746 ἰδίου
870 4692 1102 4765 Πατρός.
1134 4693 1244 4746 Ἀθ.
1274 4687 1428 4744 εἷπε*
1488 4690 1562 4743 Τὸ
1592 4691 1754 4762 ῥητὸν

160 4789 328 4862 ἀλλην
363 4787 599 4859 δύναμιν
624 4785 736 4858 ἔχει
762 4784 1138 4857 πνευματικὴν
1168 4784 1335 4850 ἔνδον,
1371 4785 1465 4838 καὶ
1494 4783 1636 4840 θεῖον
1660 4784 1756 4856 θη-

162 4884 365 4955 σαυρὸν
393 4879 875 4951 ὲναποτεθειμένον
923 4879 1209 4949 κέκτηται.
1251 4879 1380 4947 Ἀρ.
1409 4873 1590 4932 εἶπεν⁸
1643 4877 1757 4931 Οὐκ

163 4978 249 5030 ἐπὶ
275 4976 375 5030 τοῦ
406 4973 575 5047 ῥητοῦ
612 4974 771 5044 μόνον
803 4974 993 5043 ῖστημι
1022 4972 1121 5043 τὴν
1146 4970 1329 5042 φωνὴν
1356 4970 1449 5023 τοῦ
1479 4969 1757 5041 Σολομῶν-

166 5086 275 5133 τος·
299 5070 365 5123 οῦ
396 5068 511 5140 γὰρ
544 5066 806 5130 ἀσύνετός
839 5067 980 5137 εἰμι,
1023 5063 1164 5119 ἀλλά
1198 5065 1444 5136 συνίημι,
1474 5065 1556 5118 ὅτι
1589 5081 1753 5118 πνευ-

168 5161 395 5231 ματικὸν
422 5161 605 5232 νόημα
620 5159 901 5232 θεωρεῖται
925 5158 1034 5213 ἀπὸ
1052 5157 1159 5212 τῶν
1183 5159 1377 5229 ἑπιστη
1386 5156 1753 5228 μόνων.”Οθεν

1862 4608 2164 4680 spiritalem
2195 4606 2344 4662 intus
2388 4604 2612 4666 habent,
2648 4604 3006 4674 divinumque
3049 4603 3106 4658 in
3152 4618 3447 4660 se-recon-

1860 4699 1998 4753 dunt
2032 4697 2376 4752 thesaurum.
2405 4696 2505 4746 Ar.
2529 4690 2643 4748 Nec
2674 4707 2775 4763 ego
2799 4689 2867 4745 ad
2899 4691 3020 4747 sola
3048 4690 3217 4746 verba
3250 4690 3306 4744 in
3340 4689 3448 4744 hac

1863 4788 2174 4844 Salomonis
2195 4801 2329 4842 voce
2359 4785 2584 4841 attendo
2615 4802 2630 4841 :
2661 4800 2765 4840 nec
2793 4782 2940 4839 enim
2972 4797 3171 4854 expers
3204 4796 3329 4838 sum
3361 4781 3447 4834 in-

1856 4881 2190 4952 telligentiae,
2213 4879 2307 4936 sed
2340 4878 2587 4950 intelligo
2609 4875 2917 4949 spiritalem
2938 4889 3163 4932 sensum
3193 4888 3223 4927 a
3250 4872 3446 4944 peritis

1857 4973 1947 5028 hic
1975 4972 2234 5043 perspici.
2263 4969 2535 5038 Quocirca
2572 4984 2677 5024 nec
2702 4969 2820 5039 ipse
2845 4983 2968 5024 sum
3009 4963 3338 5021 initiationis
3357 4979 3447 5018 ex-

1855 5081 2006 5138 pers,
2034 5065 2131 5120 sed
2159 5065 2330 5119 verba
2356 5062 2577 5133 quidem
2609 5061 2726 5116 haec
2754 5075 2878 5116 esse
2906 5058 3032 5112 dico
3065 5077 3079 5114 :
3118 5076 3138 5109 ι
3175 5055 3445 5110 Dominus

1856 5159 2065 5214 creavit
2109 5172 2246 5213 me:
2300 5174 2322 5209 ι
2367 5155 2479 5211 vim
2518 5160 2700 5209 autem
2758 5153 2844 5207 his
2886 5150 3127 5205 abditam
3176 5147 3445 5219 majorem

223 5325 271 5357 "
306 5323 483 5378 Prov.
515 5331 639 5386 vm,
671 5320 763 5376 22.
838 5315 884 5348 ³³
920 5313 1090 5372 Hebr.
1124 5328 1184 5377 ιι,
1218 5312 1306 5368 10.
1383 5309 1547 5367 “Job
1578 5326 1747 5380 XLVII,
1769 5311 1859 5367 l9.

227 5455 636 5532 (89)_lta_R_eg.
660 5453 806 5532 hBas.
838 5448 1065 5532 ιιι-ξιιμ).
1210 5444 1291 5532 Alt
1319 5444 1583 5532 Angl.“e‘t
1613 5444 1753 5526 Aug.

159 5514 441 5603 Σαλοιίών,
470 5514 616 5582 Edit'.
653 5524 864 5581 Comm.
906 5516 1195 5590 Σωλομών,
1250 5514 1427 5570 Paris.
1479 5514 1760 5588 Σολομῶν-

156 5620 341 5741 “illm
372 5668 504 5724 Haec
552 5619 787 5736 quaestio
809 5676 934 5716 cum
972 5657 1358 5730 Responsione
1401 5657 1555 5716 Arii.
1601 5656 1757 5712 abest

158 5746 642 5812 ahAugustanoL.
735 5799 761 5812 η
822 5804 835 5812 _
925 5799 1001 5812 ,Α
1110 5780 1113 5783 .

228 5799 542 5884 (εΗῩΑιιεΙ.
576 5806 674 5870 Τίς
705 5799 796 5859 οῦν
820 5799 1065 5872 ἐκτίσθη.

1928 5439 2040 5508 (92)
2068 5440 2209 5509 Aug.
2238 5439 2366 5493 Ἐάν
2394 5454 2479 5501 τις
2507 5436 2620 5509 τόν.

1930 5499 2042 5580 (95)
2072 5499 2209 5580 Aug.
2243 5499 2635 5578 πεποιημένου.
2659 5504 2795 5574 Reg.
2832 5499 3220 5580 πεποιημένον.

1930 5513 2020 5577 (95
2072 5510 2209 5580 Aug.
2243 5510 2635 5578 πεποιημένου.
2660 5510 2795 5574 Reg.
2832 5510 3220 5572 πεποιημένον.

1927 5510 2051 5654 (94;.
2074 5581 2394 5654 Sleomnes
2428 5581 2543 5632 fere
2568 5591 2711 5654 mss.
2736 5590 2860 5654 cum
2902 5574 3032 5654 edit.
3062 5570 3302 5654 comm,
3331 5570 3445 5654 "sed

1854 5640 1993 5721 Au‘g.
2021 5640 2081 5707 'et
2104 5651 2234 5707 edit.
2262 5645 2438 5706 Paris.
2469 5649 2630 5720 ποιῇς
2656 5661 2755 5718 pro
2783 5646 2908 5716 φῄς.
2946 5643 3068 5700 Mox
3110 5640 3253 5714 Aug.
3299 5640 3463 5697 οὖσι-ω’

1854 5724 1963 5796 γὰρ
1987 5721 2226 5777 ὡρίσθω.
