3880 6186
374 298 485 359 483

1525 284 1586 342 S.
1626 278 2104 339 ATHANASIUS.
2140 305 2214 320 —
2248 276 2532 335 SPURIA.

3568 276 3679 334 456

374 413 639 488 percipio,
671 424 836 482 quam
865 415 926 469 tu
966 419 1093 464 cum
1141 419 1255 459 non
1304 400 1602 472 intelligas,
1658 398 1970 472 ignorantia

2078 394 2231 465 κάγὼ
2275 395 2377 449 οὐκ
2404 394 2634 466 ἄμοιρος
2670 390 2748 447 ὢν
2793 391 2892 464 τῆς
2930 393 3204 463 μυήσεως,
3244 390 3387 445 οὕτω
3416 394 3580 465 φημὶ,
3614 410 3679 447 το

373 506 732 567 constrictus,
765 516 943 559 erras.
997 498 1121 554 Mali
1170 503 1354 552 autem
1390 495 1493 550 viri
1547 498 1832 565 proprium
1886 499 1973 547 est

371 595 853 671 praestantioribus
902 590 1168 648 invidere.
1213 586 1341 642 Atla.
1374 586 1531 654 Quod
1568 585 1739 655 igitur
1770 583 1971 646 sentis,

375 691 598 748 declara
621 688 757 744 mihi
784 687 996 756 absque
1016 681 1245 748 invidia,
1276 680 1424 752 quod
1454 680 1677 751 quidem
1717 676 1815 733 tibi
1842 692 1976 748 pra:-

376 784 589 839 clarum
611 782 833 837 videtur
856 793 1004 835 esse.

453 1043 738 1120 16416.
797 1042 897 1098 Ar.
934 1039 1143 1110 Nempe
1195 1038 1312 1119 bace
1368 1036 1539 1092 verba
1591 1053 1605 1090 :
1652 1053 1671 1087 ι
1708 1032 1974 1090 Dominus

378 1143 587 1196 creavit
622 1154 729 1203 me,
760 1156 779 1190 ι
820 1135 901 1191 sic
932 1132 1166 1202 accipio,
1200 1146 1264 1184 ac
1307 1129 1353 1185 si
1390 1128 1692 1191 diceretur,
1728 1145 1746 1177 ι
1784 1126 1975 1196 genuit

378 1248 486 1288 me.
523 1255 542 1285 ο
572 1231 695 1286 Atlt.
727 1230 783 1283 Si
812 1228 977 1298 igitur
1006 1225 1221 1295 genitus
1242 1231 1327 1279 est
1353 1220 1549 1287 Filius,
1579 1235 1688 1275 non
1711 1228 1795 1275 est
1824 1229 1974 1275 certe

377 1332 601 1381 creatus
628 1341 643 1378 :
669 1328 764 1376 aut
791 1321 835 1373 si
863 1330 1085 1374 creatus
1110 1325 1215 1381 est,
1243 1330 1354 1369 non
1385 1322 1471 1369 est
1504 1315 1741 1384 genitus.
1767 1312 1863 1366 Ar.
1890 1310 1973 1365 Tu

377 1419 607 1473 minime
641 1414 902 1484 intelligis
943 1412 1053 1465 vim
1099 1409 1332 1478 hujusce
1362 1408 1534 1463 vocis.
1588 1406 1714 1460 Alli.
1752 1404 1831 1459 Ne
1863 1420 1972 1467 me,

377 1525 497 1572 oro,
530 1506 777 1579 graveris
831 1502 1096 1574 perferre,
1154 1500 1330 1554 donec
1387 1499 1709 1568 intelligam.
1763 1496 1858 1550 Ar.
1894 1495 1974 1551 Ne

378 1602 566 1672 passio
593 1600 778 1669 aliqua
813 1596 1232 1664 intelligeretur,
1266 1591 1342 1645 ait
1386 1610 1399 1645 :
1444 1609 1462 1641 ι
1499 1589 1721 1645 Creavit
1750 1605 1837 1644 me
1865 1588 1975 1642 Do-

377 1691 584 1755 minus,
625 1709 645 1742 ι
676 1696 1013 1760 quapropter
1047 1686 1102 1739 in
1134 1684 1243 1739 Deo
1271 1682 1414 1737 idem
1451 1691 1536 1738 est
1568 1697 1763 1737 creare
1801 1696 1866 1735 ac
1891 1681 1973 1751 gi-

2077 486 2199 559 μέν,
2224 506 2242 539 ι
2263 486 2467 558 Κύριος
2495 485 2679 539 ἔκτισέ
2706 501 2772 556 με
2799 504 2819 537 ι
2847 486 2991 539 κατά
3017 485 3077 538 τὸ
3099 485 3280 556 ῥητὸν,
3310 487 3409 556 τὴν
3423 485 3480 538 δέ
3507 486 3565 538 ἐν
3584 485 3681 539 αὐ-

2073 579 2152 650 τῷ
2176 578 2433 650 δύναμιν,
2477 575 2800 650 μειζοτέραν
2832 576 2944 649 ὁρῶ
2974 578 3042 648 ἢν
3074 576 3209 647 ἔχει,
3240 576 3307 648 ἣν
3345 578 3410 631 σὺ
3449 578 3525 649 μὴ
3550 579 3679 649 νοή-

2076 689 2176 737 σας
2198 671 2330 742 (95),
2360 671 2555 742 ἀγνοίᾳ
2598 672 2986 742 κατεχόμενος,
3042 668 3339 734 πλανᾶσαι,
3396 669 3587 742 ἀνδρὸς
3617 669 3679 724 δὲ

2075 760 2248 815 κακοῦ
2286 760 2416 814 ῑδιον
2448 760 2509 813 τὸ
2537 759 2754 829 φθονεῖν
2797 762 2911 823 τοῖς
2961 763 3290 830 κρείττοσιν.
3321 759 3441 814 Ἀθ.
3482 755 3672 813 εἶπεν·

2080 855 2150 907 ’Δ
2177 848 2272 906 οῦν
2316 855 2555 924 φρονεῖς,
2587 853 2797 923 φράσον
2834 852 3004 923 κάμοὶ
3038 850 3311 921 ἀφθόνως,
3352 850 3491 923 ὅπερ
3527 850 3681 904 δοκεῖ

2077 962 2160 1001 σοι
2190 946 2354 1000 καλὸν
2388 944 2697 1016 φαίνεσθαι.

2146 1038 2377 1107 16.“Αρ.
2398 1033 2521 1090 εἷπε
2541 1054 2554 1067 ο
2575 1037 2648 1089 Τὸ
2672 1035 2803 1108 γάρ,
2825 1036 3063 1107 ιΚύριος
3084 1035 3266 1090 ἕκτισέ
3289 1053 3410 1107 ne,»
3432 1036 3527 1089 ἐπὶ
3551 1033 3674 1100 τοῦ,

2081 1130 2371 1201 «ἐγέννησέ
2397 1147 2516 1199 με,ι
2539 1129 2943 1200 καταλαμϐάνω
2961 1128 3093 1201 (96).
3132 1128 3252 1182 Ἀθ.
3281 1124 3432 1181 εἶπεν
3451 1145 3465 1158 ο
3485 1129 3548 1181 El
3578 1124 3677 1183 οὖν

2075 1220 2338 1291 ἐγεννήθη
2356 1221 2384 1273 ὁ
2400 1219 2549 1284 Υἱὸς,
2562 1218 2762 1291 δηλαδὴ
2778 1220 2879 1272 οὐκ
2896 1218 3121 1289 ἐκτίσθη
3138 1236 3152 1249 ·
3172 1220 3220 1271 εί
3239 1219 3295 1272 δέ
3311 1218 3557 1291 ἐκτίσθη,
3572 1220 3677 1272 οὐκ

2077 1312 2362 1385 ἐγεννήθη.
2394 1314 2524 1379 "Ap.
2559 1308 2683 1364 εἷπε
2703 1328 2717 1342 ·
2741 1314 2813 1364 Σὺ
2827 1312 2888 1363 οὐ
2912 1314 3053 1374 νοεῖς
3081 1313 3179 1382 τὴν
3206 1311 3432 1383 δύναμιν
3445 1313 3674 1383 ταύτην.

2088 1406 2211 1462 Ἀθ.
2247 1402 2403 1459 εἷπε·
2441 1406 2533 1477 Μὴ
2580 1407 2815 1477 ὀκνήσῃς
2866 1404 3158 1475 ἀνέχεσθαί
3187 1422 3310 1477 μου,
3334 1405 3439 1469 ἓως
3472 1407 3673 1477 νοήσω,

2076 1498 2404 1571 παρακαλῶ.
2451 1500 2581 1567 "Ap.
2618 1494 2799 1551 εἶπεν·
2823 1499 2939 1551 Ὶνα
2984 1499 3059 1570 μὴ
3100 1497 3271 1563 πάθος
3305 1498 3545 1572 νοηθείη,
3592 1496 3678 1552 εἴ-

2075 1610 2196 1658 πεν,
2222 1591 2477 1645 ιἚκτισέ
2503 1609 2570 1663 με
2595 1591 2799 1662 Κύριος
2819 1607 2833 1621 ·
2857 1610 2875 1642 ι
2904 1592 2997 1644 ἐπὶ
3013 1591 3148 1644 Θεοῦ
3172 1588 3263 1646 οῦν
3291 1593 3351 1645 τὸ
3371 1592 3572 1657 κτίζειν
3592 1593 3676 1665 τῷ

2075 1687 2270 1754 γεννᾶν
2290 1685 2401 1759 (97)
2427 1685 2625 1738 ταύτόν
2656 1687 2823 1738 ἐστιν.
2842 1685 2961 1738 Ἀθ.
2979 1682 3132 1738 εἶπεν
3154 1702 3166 1714 ·
3197 1687 3259 1738 Εἰ
3290 1682 3382 1739 οὖν
3416 1687 3509 1739 ἐπὶ
3531 1686 3674 1739 Θεοῦ

377 1799 564 1855 gnere.
597 1781 721 1837 Atla.
751 1780 808 1834 Si
838 1781 1005 1850 igitur
1031 1793 1222 1833 creare
1249 1787 1304 1832 et
1330 1778 1571 1847 gignere,
1604 1775 1747 1829 idem
1781 1774 1836 1828 in
1864 1774 1970 1829 Deo

2078 1779 2135 1832 τὸ
2166 1778 2374 1843 κτίζειν
2409 1778 2504 1832 καὶ
2523 1780 2719 1850 γεννᾷν
2747 1777 2943 1831 ταύτόν
2974 1778 3143 1839 ἐστιν,
3170 1776 3366 1829 οὐκοῦν
3398 1777 3574 1830 πάντα
3601 1776 3677 1831 τὰ

378 1882 466 1928 est
503 1892 516 1928 :
546 1888 740 1927 omnes
770 1886 905 1925 sane
954 1885 1041 1924 res
1072 1875 1295 1931 creatae,
1335 1868 1536 1937 genitze
1590 1874 1646 1921 et
1704 1865 1848 1920 fetus
1879 1863 1975 1920 Dei

379 1973 562 2021 erunt.
588 1964 743 2032 Quo-.l
776 1964 822 2019 si
856 1979 1046 2018 verum
1077 1969 1183 2026 est,
1215 1976 1348 2029 ergo
1373 1960 1638 2016 Dominus
1674 1959 1844 2014 frater
1865 1967 1973 2023 est,

382 2058 687 2114 secundum
720 2069 792 2119 te,
822 2056 1072 2109 omnium
1098 2069 1220 2124 quae
1255 2069 1351 2124 per
1400 2052 1579 2122 ipsum
1625 2050 1772 2105 facta
1819 2057 1971 2107 sunt.

379 2150 668 2217 Quomodo
692 2151 856 2219 igitur
890 2146 1219 2218 Unigenitus
1248 2146 1339 2200 Dei
1365 2144 1489 2200 est?
1516 2145 1610 2198 Ar.
1630 2143 1748 2198 Vox
1784 2144 1974 2214 unige-

380 2236 481 2290 niti
509 2235 576 2291 de
607 2253 664 2291 re
698 2238 997 2305 praecipua,
1040 2234 1331 2290 excellenti
1376 2243 1430 2288 et
1462 2236 1699 2288 maxima
1747 2235 1970 2288 dicitur.

379 2328 505 2383 Alh.
531 2328 729 2383 Annon
762 2328 961 2382 caelum
990 2328 1089 2380 tibi
1140 2326 1440 2381 maximum
1466 2325 1717 2380 videtur?
1740 2329 1836 2379 Ar.
1863 2325 1975 2381 Ad-

378 2421 622 2476 modum.
652 2419 775 2473 Atlt.
811 2420 981 2490 Igitur
1012 2417 1186 2473 Filius
1216 2426 1302 2474 est
1338 2418 1644 2473 secundum
1680 2430 1752 2473 te.
1802 2416 1974 2472 Terra

380 2529 508 2566 vero
535 2520 589 2566 et
621 2527 771 2567 mare
798 2511 922 2566 lilia:
954 2511 1202 2566 dicenda:
1227 2520 1392 2566 erunt
1426 2511 1729 2565 secundum
1765 2519 1836 2566 te.
1871 2510 1970 2564 Ar.

378 2603 537 2658 Absit
565 2604 577 2657 ί
605 2619 774 2657 unum
807 2603 985 2658 solum
1016 2600 1211 2656 Filium
1262 2602 1391 2658 fecit
1424 2601 1591 2656 Deus.
1627 2602 1753 2657 ΑιΙι.
1783 2601 1865 2656 An
1888 2602 1973 2657 vi-

378 2697 576 2751 dentur
598 2698 693 2751 tibi
714 2697 895 2750 omnia
922 2696 1167 2763 ejusdem
1194 2696 1565 2759 generationis
1591 2695 1813 2750 decreto
1843 2695 1970 2750 uni-

379 2791 562 2861 genita
596 2804 719 2845 esse
751 2788 961 2843 necne?
993 2788 1089 2842 Ar.
1122 2787 1268 2844 Sane
1330 2789 1580 2860 quidem.
1621 2788 1748 2843 Atla.
1799 2786 1972 2859 Igitur

379 2882 426 2936 si
457 2881 634 2937 lactus
656 2890 761 2944 est,
798 2890 856 2935 ut
896 2896 986 2936 res
1016 2881 1137 2935 alia;
1167 2891 1388 2946 creatae,
1425 2880 1703 2953 quomodo
1746 2880 1841 2935 Dei
1887 2891 1971 2936 est

378 2970 589 3027 Filius?
617 2974 710 3027 Ar.
742 2972 986 3027 Obsecro
1010 2979 1064 3026 te
1095 2990 1107 3025 :
1143 2973 1418 3043 quomodo
1458 2981 1515 3026 tu
1558 2973 1679 3044 ipse
1710 2972 1968 3044 intelligis

379 3065 494 3122 haec
519 3067 684 3122 verba
708 3084 722 3122 :
750 3086 768 3118 ι
793 3065 1060 3120 Dominus
1083 3065 1288 3119 creavit
1312 3064 1433 3118 me?
1465 3082 1483 3116 ι

450 3262 541 3318 17.
570 3260 694 3315 Ath.
726 3258 901 3315 Crede
929 3258 1062 3313 mihi
1096 3276 1110 3314 :
1138 3257 1237 3312 tibi
1257 3273 1365 3311 non
1389 3256 1836 3328 respondissem:
1874 3260 1971 3315 sed

382 3355 437 3411 in
473 3355 705 3425 gratiam
729 3352 1043 3406 auditorum
1081 3351 1416 3419 respondere
1449 3367 1560 3405 non
1590 3367 1781 3406 renuo.
1815 3349 1973 3405 Salo-

380 3463 509 3501 mon
538 3461 663 3501 cum
694 3446 881 3514 justus
923 3450 977 3497 et
1024 3444 1295 3513 sapientia
1340 3444 1535 3512 plenus
1574 3455 1740 3505 esset,
1773 3443 1972 3514 dignus

382 3540 605 3595 habitus
625 3545 732 3603 est,
756 3536 848 3606 qui
871 3535 1131 3606 parabola
1163 3534 1614 3605 praisiguilicaret
1637 3537 1969 3590 creationem

382 3632 593 3701 templi,
623 3632 728 3683 hoc
756 3636 861 3690 est,
897 3628 1147 3697 corporis
1178 3624 1393 3679 Domini
1423 3623 1576 3688 Jesu,
1611 3628 1970 3696 quemadmo-

381 3721 511 3775 dum
544 3719 809 3792 Dominus
843 3720 962 3789 ipse
999 3720 1065 3773 ad
1095 3717 1314 3774 Judaeos
1343 3719 1518 3774 dixit:
1551 3739 1569 3772 ι
1606 3719 1811 3776 Solvite
1835 3732 1972 3776 tem-

382 3814 531 3885 plum
567 3811 694 3873 hoc,
741 3819 794 3865 et
827 3811 880 3863 in
916 3810 1095 3864 tribus
1136 3808 1333 3865 diebus
1366 3810 1621 3864 excitabo
1656 3811 1789 3864 illud
1822 3829 1835 3865 :
1868 3811 1971 3866 hoc

382 3913 564 3960 autem
595 3903 812 3958 dicebat
836 3902 904 3957 de
927 3903 1129 3972 templo
1158 3904 1410 3972 corporis
1432 3903 1541 3966 sui,
1575 3922 1593 3954 ι
1617 3912 1675 3957 ιιι
1702 3904 1775 3957 ait
1802 3902 1972 3958 Joan-

380 4014 479 4054 nes
507 3997 573 4051 ".
608 3994 812 4050 Verum
837 3997 1004 4050 etiam
1037 3995 1283 4064 apertius
1304 3995 1389 4050 bis
1418 3996 1486 4049 de
1518 3996 1682 4051 rebus
1713 3997 1786 4049 ita
1811 3998 1970 4052 locu-

382 4100 469 4145 tus
497 4097 583 4145 est
614 4086 875 4142 Salomon
916 4106 930 4141 :
974 4104 993 4137 ι
1036 4085 1319 4155 Sapientia
1380 4087 1676 4142 aediﬁcavit
1720 4088 1827 4143 sibi
1870 4088 1968 4143 do.

379 4198 552 4246 mum,
590 4188 643 4237 ct
668 4181 845 4238 erexit
872 4179 1160 4233 columnas
1190 4188 1422 4248 septem.
1458 4177 1767 4234 lmmolavit
1804 4181 1969 4234 victi-

381 4289 500 4329 mas
524 4288 676 4329 suas.
709 4270 926 4327 Miscuit
954 4272 1009 4325 in
1041 4280 1254 4326 cratere
1283 4272 1470 4325 vinum
1503 4287 1687 4338 suum,
1722 4279 1778 4327 et
1809 4288 1970 4343 para-

377 4367 458 4420 vit
490 4379 737 4420 mensam
772 4379 952 4419 suam.
991 4362 1137 4418 Misit
1175 4378 1367 4419 servos
1406 4379 1558 4427 suos,
1591 4364 1700 4417 alta
1726 4379 1858 4420 voce
1883 4365 1970 4419 in-

379 4460 562 4515 vitans
593 4457 661 4511 ad
695 4465 986 4521 craterem,
1009 4456 1269 4512 etdicens
1308 4476 1321 4512 :
1359 4476 1380 4507 ι
1409 4456 1675 4527 Quisquis
1718 4464 1803 4513 est
1832 4457 1970 4513 insi-

380 4549 815 4620 piens.deciinet
849 4548 917 4602 ad
948 4564 1054 4603 me.
1089 4568 1107 4599 ι
1146 4547 1243 4603 llis
1292 4550 1418 4603 item
1456 4551 1550 4619 qui
1590 4550 1967 4620 intelligentia:

380 4640 789 4711 indigent,ait:
828 4660 845 4691 ι
870 4637 1098 4704 Venite,
1133 4640 1404 4696 comedite
1440 4656 1636 4711 panem
1673 4657 1878 4707 meum,
1912 4655 1968 4697 et

381 4732 554 4789 bibite
602 4733 791 4788 vinum
831 4732 978 4802 quod
1026 4732 1223 4787 miscui
1255 4733 1411 4787 vobis
1446 4751 1459 4787 :
1496 4734 1791 4803 relinquite
1830 4734 1969 4789 insi-

381 4830 670 4901 pientiam,
715 4839 776 4885 ut
823 4830 1023 4884 vivatis
1063 4831 1128 4883 ’°.
1166 4850 1186 4882 ι
1240 4828 1468 4885 Scilicet
1517 4832 1812 4902 sapientia,
1869 4832 1966 4888 Dei

381 4921 622 4977 Verbum
656 4930 762 4985 est,
791 4923 939 4992 quod
968 4920 1203 4976 Verbum
1233 4937 1356 4976 cum
1385 4929 1530 4977 esset
1563 4924 1737 4989 dives,
1774 4924 1967 4978 ineﬂ‘a-

382 5013 476 5068 bili
507 5030 606 5068 sua
645 5021 699 5068 et
732 5012 912 5068 Patris
958 5013 1294 5083 benignitate
1338 5027 1547 5083 pauper
1582 5021 1665 5069 est
1692 5014 1965 5079 eli'ectnm,

381 5112 443 5159 ut
476 5120 577 5161 nos
602 5105 750 5159 illius
788 5112 1108 5175 paupertate
1145 5103 1450 5158 ditaremur
1498 5122 1512 5158 :
1544 5105 1639 5175 qui
1674 5106 1803 5162 item
1834 5123 1961 5161 cum

379 5194 638 5251 informa
667 5194 763 5251 Dei
800 5204 970 5262 esset,
1013 5196 1071 5250 in
1115 5193 1292 5250 forma
1327 5196 1472 5251 servi
1515 5196 1695 5254 lactus
1727 5206 1813 5255 est
1852 5218 1868 5257 :
1909 5206 1966 5255 et

451 5316 496 5351 "
531 5316 695 5373 Joan.
732 5333 771 5373 ιι
794 5361 810 5386 ,
845 5317 932 5373 19.
1009 5318 1057 5350 ³⁵
1092 5316 1259 5373 Prov.
1294 5332 1349 5372 ιι
1374 5356 1389 5383 ,
1429 5317 1547 5374 1-6.

452 5427 568 5495 (95)
600 5429 680 5485 Au
724 5470 737 5483 .
775 5430 850 5502 μὴ
879 5448 940 5485 νο
991 5431 1132 5495 ίσας.

452 5497 564 5555 (96)
588 5498 665 5554 lta
685 5445 1093 5555 ᾖεαὶυελέιοεὶι.
1110 5516 1241 5555 vero
1262 5500 1522 5555 ἐγέννησε
1542 5518 1608 5555 με
1629 5500 1820 5555 μεταλ.
1844 5498 1941 5555 Edi

451 5497 564 5570 (96)
588 5498 665 5554 lta
688 5497 1093 5571 Regius,Basil.
1110 5516 1241 5558 vero
1262 5500 1522 5573 ἐγέννησε
1541 5518 1608 5573 με
1628 5500 1820 5574 μεταλ.
1844 5498 1966 5555 Edi-

406 5568 444 5626 i.
473 5568 730 5626 ἐγέννησε
766 5572 952 5626 ιιεταλ.

381 5576 444 5629 ti.
473 5576 730 5691 ἐζέννησε
766 5576 952 5642 μεταλ.

385 5723 390 5724 γ
451 5637 569 5724 (9-)
607 5641 684 5724 Ita
723 5640 855 5724 Reg.
881 5641 1077 5724 (lateri
1110 5648 1307 5724 autem
1347 5649 1404 5698 et
1452 5643 1619 5698 editio
1660 5641 1871 5698 Comm.
1904 5639 1964 5695 τὸ

382 5709 755 5783 τειξγᾷγρίοι
780 5709 949 5775 ἐστίν,
972 5713 1129 5783 deest
1151 5714 1207 5766 in
1232 5713 1373 5783 Aug.

456 5710 599 5835 ννὲν.
629 5710 755 5765 Mox
780 5710 949 5775 ἐστίν,
972 5713 1129 5767 deest
1151 5714 1207 5766 in
1232 5713 1373 5783 Aug.

456 5779 510 5850 (9
547 5776 567 5851 )
593 5780 667 5835 Τὸ
693 5782 977 5853 μονογενὲς
999 5781 1251 5837 τάττεται
1274 5782 1428 5840 deest
1452 5781 1508 5839 in
1537 5782 1676 5853 Aug.

2078 1870 2357 1940 κτίσματα
2389 1870 2708 1941 γεννήματα
2758 1868 2853 1923 τοῦ
2908 1868 3046 1922 Θεοῦ
3092 1868 3448 1940 ὑπάρχουσιν.
3509 1870 3573 1922 Εἰ
3614 1869 3676 1922 δὲ

2072 1963 2245 2018 ταῦτα
2260 1962 2433 2026 οὕτως
2458 1962 2593 2033 ἔχει,
2609 1962 2719 2034 ἄρα
2740 1963 2957 2016 πάντων
2983 1962 3210 2030 ἀδελφός
3227 1963 3484 2034 τυγχάνει
3511 1966 3540 2016 6
3565 1963 3679 2017 Κύ-

2078 2071 2209 2126 ριος,
2244 2052 2387 2107 κατά
2417 2053 2497 2116 σὲ,
2537 2053 2646 2105 τῶν
2690 2052 2757 2105 δι’
2790 2052 2959 2104 αὑτοῦ
2986 2052 3306 2120 γεγονότων.
3356 2052 3467 2105 Ποῦ
3515 2048 3610 2105 οῦν
3645 2054 3676 2107 6

2072 2144 2386 2216 Μονογενὴς
2422 2144 2517 2198 τοῦ
2552 2144 2689 2198 Θεοῦ
2712 2163 2726 2207 ;
2752 2147 2882 2214 "Ap.
2924 2141 3045 2198 εἷπε
3066 2162 3079 2175 ·
3114 2145 3187 2198 Τὸ
3219 2146 3505 2216 μονογενὲς
3543 2147 3683 2205 τάτη,

2071 2257 2225 2294 τεται
2261 2239 2371 2312 (98)
2406 2240 2500 2293 ἐπὶ
2536 2238 2800 2310 ἐξαιρέτῳ
2825 2240 2920 2292 καὶ
2941 2238 3261 2309 ἐξοχωτάτῳ
3297 2240 3393 2293 καὶ
3428 2241 3675 2312 μεγίστῳ

2072 2333 2536 2406 πράγματιρἊθ.
2566 2329 2719 2388 εἶπεν
2741 2349 2753 2362 ·
2796 2333 2871 2385 Οὐ
2904 2332 3052 2386 δοκεῖ
3081 2349 3164 2385 σοι
3196 2333 3449 2404 μέγιστος
3477 2330 3616 2387 εἶναι
3646 2337 3677 2389 6

2071 2426 2339 2497 οὐρανόςς
2376 2426 2507 2493 "Ap.
2545 2421 2666 2478 εἶπε
2690 2441 2705 2455 ·
2731 2425 2842 2479 Καὶ
2873 2425 3033 2478 πάνυ.
3080 2426 3198 2481 Ἀθ.
3237 2421 3425 2479 εἶπεν
3459 2427 3674 2480 Οὐκοῦν

2072 2518 2101 2570 6
2136 2518 2256 2581 Υἱός
2286 2518 2402 2570 ἐστι
2429 2521 2571 2571 κατά
2590 2516 2670 2581 σὲ,
2691 2517 2783 2569 καὶ
2808 2518 2841 2588 ἡ
2866 2518 2936 2587 γῆ
2967 2517 3024 2569 δὲ
3053 2516 3146 2570 καὶ
3178 2516 3473 2588 ήθάλασσα
3503 2520 3678 2588 θυγα-

2071 2610 2230 2682 τέρες
2260 2608 2403 2663 κατά
2446 2608 2526 2663 σέ.
2568 2610 2699 2678 "Ap.
2739 2605 2888 2662 εἴπεο
2922 2609 3013 2680 Μή
3048 2609 3288 2677 γένοιτοί
3346 2611 3445 2664 ἕνα
3474 2611 3672 2683 ἐποίη-

2074 2720 2165 2756 σεν
2194 2704 2223 2755 6
2245 2702 2377 2766 Θεὸς
2402 2702 2529 2756 Υἱὺν
2560 2702 2738 2773 μόνον.
2770 2702 2889 2755 Ἀθ.
2915 2698 3036 2754 εἷπε
3053 2718 3067 2731 ⁸
3097 2704 3254 2755 Δοκεῖ
3280 2718 3361 2755 σοι
3387 2704 3561 2757 πάντα
3588 2704 3675 2776 τῷ

2070 2794 2217 2866 αύτῴ
2242 2795 2354 2866 ὅρῳ
2374 2794 2474 2865 τῆς
2492 2796 2796 2865 γεννήσεως
2825 2797 3089 2864 μονογενῆ
3113 2794 3401 2863 τυγχάνειν
3420 2797 3552 2865 (99),
3576 2797 3673 2850 val.

2068 2888 2102 2960 ἢ
2132 2886 2193 2941 οὔ
2217 2904 2232 2952 ;
2273 2890 2402 2958 "Ap.
2434 2883 2586 2941 εἶπεν
2610 2902 2621 2913 ·
2650 2886 2838 2951 Οὕτως
2872 2887 3005 2958 ἔχει.
3024 2888 3144 2941 Ἀθ.
3171 2904 3350 2941 επεν·
3383 2888 3592 2941 Οὐκοῦν
3620 2892 3674 2944 εί

2070 2980 2297 3052 ἐποιήθη
2320 2980 2395 3044 ὡς
2423 2979 2515 3033 καὶ
2536 2980 2604 3032 τά
2630 2979 2795 3034 λοιπά
2824 2980 3286 3052 δημιουργήματα
3315 2984 3342 3034 ὁ
3370 2980 3518 3047 Υἰδς,
3551 2982 3672 3049 πῶς

2073 3073 2205 3137 Υἱός
2247 3076 2364 3126 ἐστι
2414 3071 2507 3126 τοῦ
2538 3072 2711 3135 Θεοῦς
2757 3073 2885 3140 "Ap.
2933 3069 3087 3127 εἶπει
3136 3072 3448 3146 Παρακαλῶ
3480 3092 3562 3141 σε,
3600 3076 3671 3130 σὺ

2076 3166 2194 3229 πῶς
2224 3168 2362 3229 νοεῖς
2396 3166 2476 3225 τὸ.
2511 3184 2529 3216 ι
2566 3164 2770 3236 Κύριος
2802 3164 2981 3218 ἒκτισέ
3018 3183 3116 3236 με;
3144 3185 3163 3218 ι

2148 3259 2234 3312 l7.
2254 3260 2374 3312 Ἀθ.
2418 3255 2573 3311 εἷπε·
2601 3259 2861 3310 Πέπεισο·
2895 3260 2994 3311 οὐκ
3037 3259 3101 3312 ἄν
3138 3275 3221 3311 σοι
3246 3259 3669 3331 ἀπεκρινάμην

2074 3348 2211 3407 ἀλλὰ
2252 3348 2339 3401 διὰ
2370 3350 2495 3412 τοὺς
2532 3348 2921 3420 ἀκροωμένους
2963 3348 3091 3419 ἐρῶ.
3131 3350 3411 3422 Σολομὼν,
3460 3351 3674 3416 δίκαιος

2072 3438 2169 3506 ὣν,
2200 3441 2295 3492 καὶ
2327 3445 2520 3508 σοφίας
2554 3439 2884 3511 πληρωθεὶς,
2930 3440 3245 3513 κατηξιώθη
3286 3444 3344 3495 ἐν
3382 3443 3670 3516 παραϐολῇ

2075 3531 2430 3601 προσημᾶναι
2471 3531 2571 3600 τὴν
2606 3532 2783 3583 κτίσιν
2820 3530 2914 3585 τοῦ
2966 3533 3116 3595 ναοῦ,
3147 3533 3393 3586 τουτέστι
3426 3533 3521 3587 τοῦ
3562 3533 3673 3588 σώ-

2076 3639 2243 3693 ματος
2277 3623 2371 3676 τοῦ
2419 3623 2628 3694 Κυρίου
2658 3623 2857 3694 Ἰησοῦ,
2908 3624 2983 3688 ὡς
3023 3625 3184 3687 αὐτὸς
3230 3626 3259 3677 6
3298 3626 3501 3698 Κύριός
3533 3644 3671 3698 φησι.

2071 3716 2184 3777 τοῖς
2212 3714 2483 3777 Ἰουδαίοις
2507 3730 2523 3744 ·
2551 3732 2568 3764 ι
2588 3713 2801 3768 Λύσατε
2828 3715 2917 3768 τὸν
2934 3716 3062 3769 ναὸν
3094 3715 3305 3781 τοῦτον,
3341 3719 3435 3770 καὶ
3473 3720 3529 3771 ἐν
3548 3735 3673 3788 τρι-

2075 3811 2157 3864 σὶν
2211 3810 2450 3881 ἡμέραις
2497 3810 2675 3883 ἐγερῶ
2708 3811 2892 3866 αὐτόν.
2947 3812 3195 3866 Τοῦτοδέ
3230 3812 3382 3881 ἔλεγε
3416 3815 3547 3885 περὶ
3572 3813 3669 3869 τοῦ

2071 3901 2199 3955 ναοῦ
2216 3902 2310 3955 τοῦ
2340 3901 2590 3971 σώματος
2617 3902 2804 3965 αὑτοῦ,
2832 3923 2850 3955 ι
2869 3902 2945 3967 ὥς
2973 3921 3138 3975 φησιν
3161 3907 3189 3958 ὁ
3213 3905 3484 3975 Ἰωάννης.
3506 3906 3672 3962 Ἀλλά

2075 3994 2182 4065 μὴν
2209 3994 2303 4047 καὶ
2333 3992 2587 4065 Σολομὼν
2612 3994 3081 4067 παρῤησιέστερον
3101 3995 3174 4066 (1)
3200 3995 3303 4066 ἔφη
3328 3998 3456 4072 περὶ
3481 4000 3668 4053 αὐτῶν

2069 4086 2274 4139 τούτων
2290 4085 2560 4138 διαλαϐὼν
2589 4085 2761 4150 οὕτως
2785 4101 2795 4111 ·
2818 4105 2837 4137 ι
2858 4087 2924 4139 Ἠ
2942 4086 3103 4156 σοφία
3123 4087 3473 4159 ᾠκοδόμησεν
3496 4090 3665 4162 ἑαυτῇ

2070 4172 2241 4240 οἷκον,
2275 4178 2368 4230 καὶ
2398 4177 2667 4248 ὑπήρεισε
2709 4175 2935 4240 στύλους
2960 4177 3121 4231 ἑπτά.
3179 4177 3421 4248 Ἔσφαξε
3452 4178 3520 4231 τά
3541 4180 3670 4232 ἐαυ-

2070 4269 2170 4339 τῆς
2204 4269 2442 4340 θύματα,
2475 4269 2569 4324 καὶ
2614 4269 2878 4341 ἐκέρασεν
2923 4272 3004 4333 εἰς
3041 4271 3291 4342 κρατῆρα
3344 4271 3436 4325 τὸν
3465 4272 3668 4342 ἑαυτῆς

2070 4358 2233 4426 οἶνον,
2286 4362 2384 4416 καὶ
2434 4361 2770 4433 ἡτοιμάσατο
2818 4361 2917 4432 τὴν
2962 4362 3163 4432 ἐαυτῆς
3202 4362 3513 4433 τράπεζαν·
3556 4364 3671 4417 ἀπ-

2002 4486 2045 4540 n
2074 4454 2280 4508 έστειλε
2302 4456 2426 4518 τοὺς
2454 4456 2653 4526 ἑαυτῆς
2676 4452 2897 4518 δούλους
2926 4455 3272 4524 συγκαλοῦσα
3297 4455 3437 4527 μετά
3457 4456 3667 4528 ὑψηλοῦ

2074 4557 2428 4630 κηρύγματος
2441 4559 2532 4612 ἐπὶ
2545 4561 2817 4632 κρατῆρα,
2835 4558 3089 4628 λέγουσα·
3117 4579 3136 4611 ι
3149 4560 3249 4625 Ὃς
3271 4561 3418 4613 ἐστιν
3448 4560 3666 4633 ἄφρων,

2073 4665 2377 4719 ἐκκλινάτω
2406 4665 2545 4738 πρὸς
2579 4664 2700 4737 μέμ
2742 4666 2838 4722 καὶ
2868 4668 2981 4730 τοῖς
3009 4665 3214 4720 ἐνδεέσι
3245 4665 3460 4738 φρενῶν
3508 4665 3663 4720 εἶπεν

2080 4770 2359 4836 «Ἐλθετε,
2394 4772 2595 4842 φάγετε
2612 4774 2705 4826 τὸν
2726 4773 2857 4843 ἐμὸν
2880 4773 3065 4843 ἄρτον,
3110 4773 3203 4826 καὶ
3231 4770 3385 4826 πίετε
3413 4768 3575 4833 οἶνον,
3605 4771 3668 4824 δν

2075 4878 2351 4950 κεκέρακα
2378 4879 2535 4950 ὑμῖν’
2564 4879 2861 4934 ἀπολίπετε
2891 4879 2964 4951 (2)
2994 4878 3327 4951 ἀφροσύνην,
3370 4878 3454 4931 ἵνα
3489 4877 3669 4949 ζήση-

2068 5003 2147 5040 τε.
2190 5006 2207 5038 ι
2229 4986 2537 5059 Ἀραρότως
2566 4989 2599 5057 ἡ
2641 4986 2803 5055 σοφία
2837 4986 2971 5049 Θεὸς
3005 4987 3175 5055 Λόγος
3204 4987 3481 5056 τυγχάνει,
3511 4986 3540 5036 ὁ
3574 4986 3667 5039 διὰ

2066 5091 2165 5164 τὴν
2192 5092 2432 5167 ἄρρητον
2462 5092 2628 5146 αὑτοῦ
2661 5095 2752 5146 καὶ
2792 5092 2886 5146 τοῦ
2919 5093 3132 5163 Πατρός
3156 5091 3322 5145 αὑτοῦ
3354 5091 3665 5164 φιλανθρω-

2068 5199 2202 5253 πίαν
2243 5198 2566 5270 πτωχεύσας
2608 5198 2863 5263 πλούσιος
2889 5197 2989 5267 ὣν,
3020 5200 3109 5253 ἵνα
3155 5199 3319 5270 ἡμεῖς
3350 5199 3416 5269 τῇ
3450 5197 3664 5252 ἐκείνου

2147 5427 2264 5505 (99)
2296 5427 2388 5485 Sic
2408 5429 2573 5505 _Aug.
2605 5428 2750 5505 Edit.
2778 5444 2910 5485 vero
2955 5428 3166 5505 Comm.
3212 5432 3325 5505 ὅρῳ
3373 5436 3661 5505 μονογενῆ.

2147 5451 2236 5499 (tm
2296 5451 2388 5485 DIC
2434 5451 2573 5500 aug.
2605 5451 2750 5483 nunt.
2779 5451 2910 5485 vero
2955 5451 3166 5485 homin.
3212 5451 3325 5505 ορφ
3373 5451 3540 5504 μονογ
3647 5476 3661 5490 .

2074 5497 2211 5585 ξὶιτε.
2238 5451 2350 5585 ξρῳ
2372 5499 2472 5585 si];
2497 5500 2766 5585 γενέσεως
2784 5504 3381 5585 'povoy.—§lnseq_uens
3414 5451 3667 5585 tiberim

2074 5518 2211 5571 neg.
2238 5518 2350 5624 (is)?
2372 5518 2472 5571 της
2497 5518 2763 5582 γενεσεως
2808 5518 3119 5581 μονογ.-ει
3145 5519 3381 5585 sequens
3414 5518 3570 5585 abest
3592 5518 3666 5589 ap

2072 5574 2213 5650 Aug.
2232 5643 2244 5650 .
2297 5568 2528 5650 ox_Reg.
2549 5588 2675 5650 mm;
2855 5572 2971 5650 ἐστι
2997 5573 3277 5650 τουθεου,
3306 5586 3360 5632 et
3396 5591 3478 5633 mc
3526 5577 3666 5650 legit

2071 5640 2340 5696 Nannius.
2368 5640 2562 5696 Ceteri
2587 5650 2642 5696 et
2664 5642 2818 5703 editi,
2849 5643 2995 5706 τίνος
3019 5642 3166 5708 Υἱός,
3193 5654 3299 5699 etc.

2143 5710 2458 5798 .A"g|i,°'
2490 5712 2772 5798 ξαρῤησίᾳ
2801 5711 3007 5785 ἕτερον.

2142 5782 2362 5854 (2)Aug.
2387 5781 2733 5837 ἀπολείπετε.
