3880 6186
144 338 253 397 ιω

1270 338 1691 394 DlSPUTATIO
1729 336 2014 394 CONTRA
2043 337 2291 394 ARIUM.

3295 338 3404 395 458

143 451 390 523 πτωχείᾳ
425 451 838 523 πλουτήσωμεν,
870 455 929 505 ὲν
966 454 1149 523 μορφῇ
1184 450 1321 506 Θεοῦ
1351 453 1631 524 ὑπάρχων,
1662 454 1719 505 ὲν

1842 453 1915 523 ιιιὶ
1938 451 2146 522 proprii
2178 449 2358 505 Patris
2381 458 2500 506 erat
2527 451 2774 521 aequalis,
2799 458 2859 503 ut
2881 465 3072 506 servus
3102 458 3157 504 et
3182 466 3407 507 conser-

146 545 327 614 μορφῇ
360 542 547 595 δούλου
576 543 820 611 γέγονεν,
872 544 984 607 ῐσος
1009 544 1066 597 δὲ
1091 544 1167 598 ὢν
1201 544 1278 615 (5)
1319 544 1411 597 τοῦ
1448 544 1576 597 ίδίου
1607 545 1721 599 Πα-

141 634 293 709 τρὸς,
322 634 400 698 ὡς
435 634 623 699 δοῦλος
668 636 763 688 καὶ
799 634 1082 699 σύνδουλος
1122 637 1531 709 συνανεστράφη
1569 638 1721 707 ἡμῖν,

143 727 349 791 τέλειος
378 726 455 781 ὢν
488 729 547 780 ὲν
582 728 815 799 θεότητι,
858 728 953 782 καὶ
980 728 1186 791 τέλειος
1223 730 1280 782 ὲν
1321 730 1722 801 ἀνθρωπότητι.

142 812 316 883 οὗτος
344 814 437 874 οὖν
468 820 497 872 ὁ
530 820 704 888 Λόγος
735 820 827 873 καὶ
859 820 1012 884 Θεὸς,
1058 821 1220 889 σοφία
1248 822 1341 873 καὶ
1375 821 1602 890 δύναμις
1626 838 1727 874 ’πα-

147 914 312 987 τρικὴ
328 914 912 985 ὑπάρχων,ἅσώματος
937 913 1034 979 ὢν,
1069 914 1258 985 ὥσπερ
1282 916 1310 966 ὁ
1341 914 1474 978 Θεὸς
1499 916 1594 967 καὶ
1624 916 1728 967 Πα-

143 1007 248 1078 τὴρ
275 1006 563 1069 αὑτοῦ,διὰ
600 1007 699 1076 τὴν
727 1005 996 1077 ἡμετέραν
1029 1006 1302 1077 σωτηρίαν
1331 1005 1646 1077 ᾠκοδόμησε
1667 1006 1727 1059 τὸ

148 1093 312 1163 σῶμα
337 1094 399 1145 ὲν
430 1095 497 1162 τῇ
525 1094 725 1164 γαστρὶ
748 1093 969 1164 Μαρίας
995 1092 1093 1162 τῆς
1115 1093 1409 1158 Θεοτόκου,
1448 1094 1575 1147 ἄνευ
1610 1112 1726 1148 κοι-

144 1182 344 1246 νωνίας
364 1182 578 1253 ἀνδρὸς,
612 1182 707 1236 καὶ
737 1183 978 1251 γέγονεν,
1007 1183 1083 1246 ὡς
1119 1183 1277 1253 ἔφην,
1299 1177 1728 1256 ἄνθρωπος,’καὶ

144 1274 338 1327 ἑαυτὸν
358 1275 612 1346 ἐποίησεν
633 1276 936 1347 ὑπόδειγμα
953 1278 1132 1348 πάσης
1153 1277 1353 1349 ἀρετῆς
1372 1294 1386 1307 ·
1417 1278 1503 1331 ἵνα
1531 1280 1580 1331 οί
1606 1277 1729 1348 βου-

139 1365 359 1436 λὸμενοι
384 1366 757 1432 ὲξακολουθεὶν
781 1367 856 1432 ὡς
879 1368 967 1423 διὰ
996 1369 1182 1441 τρίϐου
1210 1370 1372 1440 ἔχωσι
1394 1370 1547 1435 Θείας
1572 1371 1728 1425 ἐκτύ-

140 1475 312 1529 πωμα
341 1458 597 1530 (4),πρὸς
628 1459 657 1514 ὃ
686 1461 1305 1532 ὁμοιούμενοι,γίνονται
1332 1463 1480 1527 Θείας
1513 1464 1727 1534 φύσεως

138 1550 411 1612 κοινωνοὶ,
446 1548 519 1615 ὥς
550 1568 683 1621 φησι
703 1552 763 1605 τὸ
789 1552 987 1617 Σκεῦος
1015 1554 1114 1622 τῆς
1144 1555 1373 1623 ἐκλογῆς
1396 1573 1407 1585 ·
1432 1575 1450 1606 ι
1480 1556 1726 1626 Μιμηταί

142 1650 248 1703 μου
274 1634 713 1704 γίνεσθε,καθὼς
739 1640 894 1709 κάγὼ
922 1640 1094 1711 Ἰησοῦ
1118 1642 1355 1713 Χριστοῦ
1391 1645 1489 1714 (5).
1526 1663 1544 1695 δ
1572 1646 1728 1699 Μετὰ

138 1722 234 1780 οὖν
261 1728 326 1781 τὸ
355 1728 527 1794 πάθος
565 1731 732 1784 αὑτοῦ
760 1733 855 1786 καὶ
882 1734 981 1804 τὴν
1011 1735 1307 1789 ἀνάστασιν
1340 1737 1660 1792 ἀπέστειλεν
1692 1741 1724 1809 ἡ

143 1820 330 1889 σοφία,
355 1822 390 1891 ἡ
425 1821 672 1893 δύναμις,
698 1827 727 1877 ὁ
758 1825 928 1893 Λόγος
956 1828 1048 1880 καὶ
1080 1828 1233 1891 Θεὸς,
1254 1830 1378 1892 τοὺς
1399 1830 1726 1895 ἀποστόλους
1758 1816 1798 1869 Β

143 1911 280 1981 πρὸς
303 1913 514 1976 πάντας
542 1916 668 1978 τοὺς
692 1915 951 1986 ἄφρονας,
977 1921 1103 1987 τοὺς
1136 1919 1433 1982 ἀσυνέτους
1456 1920 1721 1984 ὲθνικοὺς,

142 2004 270 2069 τοὺς
293 2006 372 2077 μὴ
393 2006 602 2071 εἰδότας
627 2007 719 2061 τὸν
754 2008 905 2072 Θεὸν,
925 2010 1292 2081 προτεθεικὼς
1322 2012 1602 2084 τράπεζαν
1629 2016 1723 2083 (ϐ),

142 2098 393 2150 τουτέστι
427 2098 490 2151 τὸ
524 2100 677 2168 ἅγιον
709 2101 1113 2173 θυσιαστήριον,
1137 2105 1232 2158 καὶ
1265 2107 1354 2158 ἐπ’
1388 2106 1535 2177 αὑτῷ
1564 2108 1726 2179 ἄρτον

142 2188 397 2259 οὐράνιον
425 2190 523 2244 καὶ
546 2182 842 2263 ἄφθαρτον,
886 2195 977 2247 καὶ
1011 2196 1147 2248 πᾶσι
1189 2195 1334 2267 ζωὴν
1371 2197 1725 2268 χαριζόμενον

142 2283 257 2343 τοίς
303 2282 813 2352 μεταλαμϐάνουσιν
848 2284 908 2351 ἐξ
943 2286 1130 2351 αὑτοῦ,
1166 2288 1226 2340 τὸ
1255 2289 1408 2356 ἅγιον
1456 2290 1550 2342 καὶ
1592 2307 1728 2343 παν-

142 2370 300 2439 ἅγιον
320 2372 486 2425 αὑτοῦ
514 2374 691 2445 σῶμα,
719 2371 859 2429 οἶνόν
886 2394 946 2429 τε
977 2379 1335 2449 εὐφραίνοντα
1365 2381 1609 2452 καρδίαν,
1634 2385 1728 2436 καὶ

141 2462 308 2531 νῆψιν
342 2464 673 2534 ἐμποιοῦντα
699 2468 759 2520 ὲν
787 2469 853 2538 τῇ
887 2469 1117 2523 ἑκάστου
1155 2470 1300 2542 ψυχῇ
1329 2470 1434 2524 τῶν
1462 2472 1730 2541 ἀπογενο-

146 2555 331 2624 μένων
366 2554 426 2620 EE
450 2556 637 2621 αὑτοῦ,
667 2557 743 2622 ὼς
765 2560 857 2612 ἐπὶ
888 2562 1138 2633 κρατῆρα
1172 2563 1413 2634 κεράσας
1444 2564 1505 2618 τὸ
1532 2566 1727 2619 ἑαυτοῦ

140 2637 305 2714 αἷμα.
332 2644 568 2710 καλέσας
589 2647 717 2710 τοὺς
740 2647 969 2719 κλητούς
993 2667 1052 2704 τε
1080 2652 1175 2705 καὶ
1205 2654 1496 2719 ἐκλεκτοὺς
1516 2655 1603 2709 διὰ
1622 2657 1728 2709 τῶν

145 2735 463 2789 ἀποστόλων
495 2736 681 2800 αὑτοῦ,
724 2740 904 2792 πᾶσαν
940 2740 1038 2809 μὲν
1082 2741 1392 2814 ἀφροσύνην
1428 2745 1732 2815 ἀπολιμπά-

1824 559 1926 599 vus
1951 544 2237 598 nobiscum
2269 555 2353 598 est
2393 551 2647 599 versatus
2681 562 2695 598 :
2727 541 3006 613 perfectus
3036 543 3310 599 exsistens
3345 545 3406 598 in

1824 636 2133 697 divinitate,
2179 642 2233 690 et
2273 634 2550 707 perfectus
2585 636 2641 690 in
2687 635 3045 690 humanitate.
3078 633 3173 689 Ille
3214 635 3403 705 igitur,

1825 732 1919 797 qui
1955 726 2192 781 Verbum
2235 737 2290 781 et
2320 725 2485 793 Deus,
2537 726 2803 797 sapientia
2849 734 2904 780 et
2955 725 3130 780 virtus
3176 733 3407 795 paterna
3514 724 3519 731 ’

1824 819 2065 883 exsistit,
2104 829 2158 897 et
2182 819 2539 888 incorporeus
2569 825 2675 882 est,
2713 825 2771 871 ut
2815 818 2955 873 Deus
2984 826 3039 871 et
3067 814 3231 871 Pater
3258 817 3403 886 ejus,

1826 918 2029 965 nostrae
2056 910 2251 965 salutis
2295 925 2484 974 causa,
2515 925 2715 980 corpus
2741 910 2795 963 in
2830 918 2988 964 utero
3015 908 3197 963 Mariae
3218 906 3409 978 Deips-

1825 1017 1921 1069 πε,
1954 1004 2073 1059 sine
2097 1004 2202 1057 viri
2228 1004 2563 1058 commercio
2616 1002 2929 1065 aediﬁcavit,
2980 1001 3270 1072 factusque
3293 1009 3403 1066 est,

1828 1104 1888 1149 ut
1909 1094 2043 1159 dixi,
2071 1095 2258 1159 homo,
2300 1109 2468 1164 seque
2498 1095 2777 1165 exemplar
2807 1094 3057 1149 exhibuit
3085 1094 3265 1147 omnis
3294 1094 3407 1147 vir-

1828 1186 1960 1240 tutis
1985 1204 1997 1239 :
2027 1194 2088 1239 ut
2116 1187 2209 1257 qui
2232 1187 2385 1256 sequi
2421 1186 2715 1248 voluerint,
2748 1187 2984 1241 habeant
3011 1186 3211 1240 divinae
3237 1184 3404 1239 veluti

1826 1275 1928 1329 via:
1954 1277 2251 1345 exemplar,
2287 1276 2374 1331 cui
2409 1276 2454 1332 si
2481 1276 2690 1331 similes
2717 1274 3044 1339 efﬁciantur,
3070 1275 3269 1329 divinae
3304 1289 3407 1328 na-

1828 1379 1965 1421 tura:
1999 1368 2136 1421 llunt
2168 1367 2489 1437 participes,
2519 1365 2983 1437 quemadmodum
3020 1365 3097 1418 ait
3128 1363 3251 1439 'Vas
3295 1365 3409 1420 ele-

1827 1459 2026 1514 ctionis
2054 1478 2068 1513 :
2109 1478 2127 1510 ι
2164 1457 2471 1514 Imitatores
2497 1459 2602 1513 mei
2627 1466 2823 1521 estote,
2854 1458 2997 1513 sicut
3025 1465 3080 1512 et
3116 1472 3217 1528 ego
3247 1456 3410 1511 Chri-

1829 1551 1899 1605 sti
1928 1551 1993 1604 ³⁶.
2033 1570 2052 1602 ι
2084 1549 2271 1620 Itaque
2297 1557 2422 1620 post
2442 1564 2599 1605 suam
2627 1548 2942 1618 passionem
2972 1555 3026 1601 et
3046 1546 3410 1603 resurrectio-

1827 1657 1954 1697 nem
1986 1641 2279 1712 sapientia,
2311 1642 2512 1706 virtus,
2543 1638 2783 1695 Verbum
2828 1646 2884 1694 et
2907 1637 3077 1701 Deus,
3124 1636 3407 1706 apostolos

1829 1736 1979 1791 misit
2008 1736 2075 1790 ad
2105 1750 2295 1789 omnes
2326 1734 2670 1803 insipientes,
2723 1733 2921 1786 stultos
2968 1729 3183 1786 scilicet
3227 1728 3410 1783 ethni-

1827 1844 1946 1893 cos,
1982 1828 2151 1883 Deum
2199 1829 2515 1899 ignorantes
2551 1825 2794 1896 :quibus
2836 1839 3081 1879 mensam
3131 1824 3407 1892 apposuit,

1829 1922 1935 1977 hoc
1970 1929 2074 1986 est,
2111 1929 2363 1976 sanctum
2393 1920 2586 1982 altare,
2613 1928 2664 1973 et
2702 1919 2760 1972 in
2789 1932 2854 1972 eo
2893 1931 3088 1987 panem
3124 1915 3409 1970 cmlestem

1828 2022 1883 2069 et
1916 2015 2294 2084 incorruptum
2336 2028 2349 2064 :
2391 2012 2671 2075 omnibus,
2701 2009 2797 2080 qui
2834 2010 2957 2079 ejus
2993 2009 3131 2063 ﬁunt
3181 2009 3411 2078 panici-

1830 2120 1948 2175 pes,
1992 2106 2159 2159 vitam
2209 2103 2633 2173 impertientem,
2686 2108 2937 2156 sanctum
2982 2100 3242 2155 videlicet
3299 2098 3411 2153 imo

1833 2195 2239 2250 sanctissimum
2302 2192 2479 2262 ipsius
2530 2205 2752 2260 corpus,
2804 2204 2869 2245 ac
2899 2189 3088 2243 vinum
3121 2188 3409 2244 laetiﬁcans

1830 2300 1950 2352 cor,
1982 2285 2305 2353 sobriasque
2329 2281 2563 2338 reddens
2597 2296 2787 2337 eorum
2827 2281 3041 2335 animas
3069 2280 3163 2350 qui
3192 2296 3257 2335 ex
3288 2280 3410 2350 ipso

1833 2377 2244 2448 degustaverint
2265 2394 2279 2429 :
2299 2375 2483 2445 itaque
2503 2389 2663 2429 suum
2700 2373 3023 2444 sanguinem
3052 2372 3218 2428 veluti
3249 2371 3408 2443 165

1834 2469 1891 2523 in
1926 2478 2139 2524 cratere
2163 2468 2377 2531 miscet,
2403 2481 2639 2537 suosque
2663 2482 2761 2537 per
2787 2466 3065 2536 apostolos
3103 2465 3297 2518 invitat
3315 2479 3412 2518 eos

1834 2563 1928 2632 qui
1957 2560 2138 2617 vocati
2171 2568 2301 2615 sunt
2330 2566 2386 2614 et
2428 2559 2608 2618 electi.
2657 2558 2749 2627 qui
2800 2557 3029 2611 dimissa
3072 2554 3409 2625 insipientia,

1835 2653 1988 2725 regni
2027 2653 2292 2709 caelorum
2347 2654 2495 2708 cives
2558 2651 2887 2719 elliciuntur,
2935 2649 3167 2720 ejusque
3218 2663 3412 2704 vocem

1837 2745 2089 2799 audiunt.

144 2844 339 2890 νοντας
373 2828 469 2899 (7),
495 2830 770 2900 βασιλείας
800 2833 856 2886 δὲ
880 2835 1121 2906 οὐρανῶν
1156 2837 1379 2903 πολίτας
1417 2841 1921 2911 ἀναδεικνυμένους,
1955 2840 2083 2903 τοὺς
2102 2840 2480 2903 ὑπακούοντας
2517 2840 2616 2909 τῆς
2648 2841 2836 2909 φωνῆς
2861 2838 3028 2893 αὑτοῦ

217 2943 308 2999 18.
344 2943 696 3014 Ἀρ..εἶπεν·
734 2951 948 3023 Ἐπειδὴ
990 2956 1070 3017 είς
1116 2955 1175 3008 τὸ
1217 2957 1376 3028 σῶμα
1426 2961 1728 3031 συνήγαγες

144 3035 206 3087 τὸ
252 3054 273 3087 ι
323 3036 530 3111 Κύριος
580 3039 761 3095 ἔκτισε
789 3061 876 3114 με,
918 3065 937 3097 ι
978 3046 1177 3113 καλῶς,
1214 3050 1370 3119 κάγὼ
1414 3052 1728 3123 συντίθεμαί

1908 2961 1995 3017 18.
2038 2960 2134 3014 Ar.
2170 2959 2624 3030 Quandoquidem
2668 2960 2784 3015 haec
2814 2960 2980 3015 verba
3016 2975 3029 3009 :
3071 2977 3090 3010 ι
3146 2957 3413 3013 Dominus

1833 3053 2040 3108 creavit
2070 3066 2179 3115 mc,
2210 3071 2227 3103 ι
2263 3062 2411 3107 recte
2439 3052 2508 3107 de
2533 3067 2766 3122 corpore
2813 3050 3129 3106 intellexisti
3163 3069 3176 3105 :
3204 3049 3414 3104 idcirco

152 3144 234 3182 σοι
268 3129 364 3182 διὰ
388 3131 489 3203 τῆς
512 3133 789 3204 ἐγγράφου
820 3141 1145 3210 μαρτυρίας.
1188 3142 1389 3197 Λοιπὸν
1416 3144 1510 3197 καὶ
1546 3146 1609 3198 σὺ
1633 3146 1726 3216 ὀρ·-

1842 3144 1930 3200 libi
1960 3144 2236 3198 assentior
2288 3144 2359 3198 ob
2391 3145 2658 3214 scriptum
2690 3142 3094 3199 testimonium.
3128 3139 3321 3197 Restat
3353 3149 3417 3195 ut

149 3217 450 3290 θοπόδησον
476 3223 613 3293 πρὸς
636 3224 733 3294 τὴν
755 3224 1027 3296 ἀλήθειαν,
1045 3230 1141 3283 καὶ
1166 3230 1240 3302 μὴ
1262 3231 1436 3296 ἄλλως
1466 3232 1539 3304 (8)
1565 3233 1727 3287 ποίει.

162 3307 281 3362 Ἀθ.
330 3304 489 3363 εἶπε·
526 3312 592 3364 Τί
634 3311 804 3378 θέλεις
843 3316 1081 3386 ποιήσω;
1119 3321 1296 3392 Ὅπερ
1335 3322 1451 3376 ἐστὶ
1494 3326 1560 3395 τῇ
1598 3324 1731 3394 ἀλη-

149 3400 270 3472 θείᾳ
300 3400 479 3470 φίλον,
511 3404 667 3472 κάγὼ
700 3409 1036 3480 συντίθεμαι.
1073 3415 1200 3482 Ἀρ.
1227 3410 1349 3468 εἷπε
1369 3432 1382 3445 ’
1413 3417 1732 3489 Μαρτυρίαν

152 3507 233 3544 σοι
264 3493 512 3565 παρέξω,
545 3496 611 3566 ἣν
643 3498 704 3550 οὐ
740 3497 941 3572 δυνήσῃ
968 3501 1337 3574 ἁλληγορῆσαι
1374 3506 1450 3578 (9)
1476 3524 1488 3537 ·
1524 3508 1732 3579 φανερὰ

149 3580 261 3651 γάρ
290 3583 466 3647 ἐστιν,
493 3585 577 3637 ὅτι
604 3588 734 3658 περὶ⁵
757 3589 1063 3656 οὐσιὼσεως
1086 3594 1179 3646 τοῦ
1209 3596 1382 3665 Λόγου
1414 3599 1633 3667 φάσκει,
1657 3599 1733 3663 ὡς

147 3673 386 3745 ἐποιήθη
422 3675 531 3728 ὑπὸ
559 3676 655 3730 τοῦ
682 3679 914 3752 Πατρός.
956 3683 1071 3739 Ἀθ.
1115 3682 1295 3739 εἶπεν·
1340 3689 1463 3742 Ἐάν
1499 3707 1587 3760 μοι
1629 3690 1735 3761 δῷς

149 3768 217 3854 εκ
254 3769 368 3821 τῶν
413 3768 789 3826 θεοπνεύστων
827 3774 1058 3846 Γραφῶν
1103 3778 1409 3850 μαρτυρίαν
1445 3781 1559 3851 (I0)
1606 3783 1734 3854 περὶ

148 3851 229 3912 ὧν
270 3859 703 3929 διαϐεϐαιοῦσαι,
742 3864 841 3918 οὐκ
887 3866 1188 3937 ἀμνημονῶ
1211 3885 1226 3900 ο
1274 3870 1434 3940 μόνον
1478 3851 1732 3944 πρόσεχε,

155 3954 234 4026 μὴ
257 3953 543 4023 ὲγρώψατε
574 3956 698 4027 ἄρτι
726 3957 883 4027 ὑμεῖς
918 3959 1055 4030 πρὸς
1082 3960 1144 4013 τὸ
1175 3961 1437 4033 ὑμέτερον
1468 3964 1735 4035 βούλημα,

153 4048 251 4098 καὶ
288 4046 394 4098 οὑκ
417 4044 683 4115 ἀνέχομαι
714 4048 783 4101 τὰ
818 4048 907 4116 ὑφ’
936 4049 1089 4120 ὑμῶν
1122 4052 1170 4122 (1
1188 4052 1235 4122 I)
1276 4053 1565 4125 λεγόμενα.
1603 4058 1731 4124 Ἀρ.

154 4130 312 4188 dtur
367 4134 463 4205 Μὴ
508 4136 774 4205 κατάλεγε
822 4139 976 4209 ήμῶν
1014 4141 1092 4204 ὡς
1133 4143 1210 4214 μὴ
1253 4144 1601 4215 φοϐουμένων
1650 4146 1736 4200 τὸν

154 4226 310 4283 Θεὸν.
377 4228 700 4283 ’Δποστόλου
756 4231 874 4285 ἐστὶ
930 4232 1103 4305 φωνὴ,
1160 4235 1229 4306 ἣν
1289 4232 1443 4289 εἷπον
1495 4238 1737 4308 προσφέ-

158 4335 273 4389 ρειν
312 4318 452 4391 (12).
497 4321 608 4378 Ἀθ.
655 4315 812 4376 εἴπεο
848 4324 1014 4392 Λέξον
1041 4327 1101 4394 ἑξ
1134 4326 1326 4394 αὐτῆς.
1371 4330 1499 4397 Ἀρ.
1553 4326 1734 4384 εἷπεψ

166 4411 227 4464 '0
251 4412 686 4481 ἐπιφανέστατος
717 4415 826 4470 τῶν
847 4417 1158 4473 ἀποστόλων
1183 4420 1406 4492 Πέτρος,
1437 4421 1738 4494 διαμαρτυ-

1837 3248 1988 3294 recta
2030 3238 2097 3293 ad
2128 3238 2416 3293 veritatem
2448 3239 2693 3301 incedas,
2732 3254 2833 3293 nec
2869 3237 3029 3293 aliter
3063 3236 3253 3292 facias.
3287 3237 3414 3289 Ath.

1838 3331 1981 3400 Quid
2022 3346 2108 3386 me
2130 3333 2214 3388 vis
2245 3331 2468 3387 facere?
2505 3331 2786 3402 Quidquid
2839 3331 3058 3387 veritati
3100 3339 3313 3401 gratum
3361 3337 3418 3385 et

1840 3428 2077 3481 amicum
2111 3426 2237 3489 erit,
2297 3410 2597 3495 amplectar
2648 3423 3027 3478 libentissime.
3070 3423 3168 3478 Ar.
3210 3419 3419 3476 Locum

1838 3517 1936 3572 tibi
1964 3517 2209 3581 alteram,
2235 3531 2395 3587 quem
2423 3515 2713 3585 allegorice
2739 3530 2850 3568 non
2871 3514 3078 3584 poteris
3104 3527 3415 3583 exponere:

1839 3604 2043 3661 diserte
2082 3606 2229 3662 enim
2267 3605 2428 3660 docet
2452 3606 2627 3675 ipsam
2682 3601 2848 3658 Verbi
2894 3603 3189 3658 essentiam
3230 3618 3353 3658 esse
3385 3616 3419 3655 a

1839 3697 2002 3753 Patre
2028 3697 2249 3752 factam.
2275 3696 2401 3750 ΑιΙι.
2434 3694 2491 3749 Si
2526 3694 2658 3749 mihi
2697 3711 2763 3750 ex
2806 3694 2963 3749 libris
2994 3694 3182 3748 divino
3226 3696 3422 3749 instin-

1837 3797 1931 3844 ctu
1988 3790 2209 3859 scriptis
2265 3787 2515 3842 attuleris
2550 3787 2954 3849 testimonium,
2985 3794 3046 3839 ut
3102 3786 3304 3855 probes
3363 3787 3419 3841 id

1841 3882 1987 3953 quod
2011 3881 2322 3946 contendis,
2384 3895 2496 3933 non
2520 3894 2623 3949 ego
2655 3879 2971 3948 repugnabo
2998 3898 3008 3931 :
3039 3879 3420 3933 tantummodo

1842 3973 2081 4037 attende,
2113 3988 2183 4029 ne
2204 3987 2302 4027 vos
2330 3973 2511 4026 locum
2535 3970 2604 4025 ad
2637 3978 2882 4025 vestrum
2939 3970 3229 4024 arbitrium
3274 3972 3418 4027 scri-

1843 4064 2063 4134 pseritis
2097 4062 2385 4132 :alioquin
2435 4076 2558 4131 quae
2597 4076 2627 4113 a
2669 4061 2828 4115 vobis
2876 4060 3151 4124 dicentur,
3193 4060 3423 4115 minime

1845 4155 2037 4211 feram.
2067 4156 2162 4210 Ar.
2211 4152 2332 4209 Noli
2371 4153 2533 4209 nobis
2564 4155 2899 4217 obtrectare,
2941 4162 3199 4222 tanquam
3246 4150 3419 4206 Deum

1853 4263 1964 4304 non
1990 4247 2334 4303 timentibus.
2371 4244 2490 4301 Vox
2519 4253 2604 4302 est
2634 4244 2881 4316 Apostoli
2912 4260 3077 4317 quam
3132 4242 3419 4315 proferen-

1845 4340 1968 4395 dam
1997 4339 2130 4395 dixi.
2163 4338 2289 4392 Ath.
2322 4336 2514 4393 Profer
2550 4352 2680 4409 ergo
2712 4339 2909 4406 ipsam.
2935 4343 3030 4390 Ar.
3058 4333 3258 4391 Petrus
3287 4348 3419 4404 apo-

1847 4429 2114 4485 stolorum
2144 4428 2512 4493 clarissimus,
2543 4425 2731 4483 Israeli
2757 4425 2824 4481 de
2876 4441 2937 4481 re
2968 4426 3249 4497 proposita
3267 4425 3423 4480 testi-

157 4504 393 4576 ρόμενος
443 4508 575 4577 περὶ
615 4506 710 4562 τοῦ
758 4511 1117 4582 προκειμένου
1158 4512 1237 4583 τῷ
1286 4513 1523 4585 Ἰσραὴλ,
1568 4514 1730 4580 οὕτως

1847 4521 2041 4581 llcans.
2080 4520 2162 4576 sic
2194 4519 2437 4590 loquitur
2466 4534 2481 4571 :
2520 4538 2540 4571 ι
2573 4517 2895 4574 Certissime
2914 4531 3045 4587 ergo
3075 4516 3213 4572 sciat
3240 4514 3421 4570 omnis

154 4595 284 4669 εφη·
322 4616 345 4650 σ
396 4599 679 4667 ’Δσφαλῶς
699 4596 796 4656 οὖν
834 4604 1147 4672 γινωσκέτω
1175 4608 1282 4670 πᾶς
1299 4605 1738 4680 ὀοίκοςΊσραὴλ,

151 4691 237 4744 δτι
269 4692 368 4746 καὶ
403 4692 609 4764 Κύριον
648 4696 811 4749 αὑτὸν
839 4698 933 4750 καὶ⁵
959 4698 1191 4767 Χριστὸν
1230 4701 1259 4753 ὁ
1287 4700 1417 4763 Θεὸς
1449 4700 1689 4771 ἐποίησε.
1716 4721 1734 4754 ι

154 4780 376 4852 Μήτιγε
399 4784 562 4853 ἡμεῖς
599 4782 993 4857 διεχαράξαμεν
1016 4787 1116 4856 τὴν
1146 4789 1328 4859 φωνὴν
1351 4790 1555 4861 ταύτην
1580 4806 1593 4855 ;
1619 4791 1741 4845 Ἀθ.

229 4939 279 4971 ³⁸
316 4938 338 4992 1
372 4938 503 4993 Cor.
545 4955 638 5007 ιι,
675 4942 726 4994 I.
806 4941 850 4973 ³⁷
890 4940 1011 4996 Act.
1048 4959 1124 5008 ιι,
1162 4942 1253 4998 56.

232 5095 310 5171 (3)
346 5094 564 5171 Anglic.
600 5099 665 5171 εν
710 5097 1223 5171 μορφῇ-ᾁνορώπου.
1255 5099 1389 5154 Ibid.
1422 5099 1553 5171 Reg.
1584 5101 1742 5171 Angl.

164 5175 221 5288 tae;
263 5168 407 5289 ὃς.
451 5166 547 5217 καὶ
600 5166 718 5223 ἴσος
756 5166 1042 5221 ὦν.”1·ὶι1ιι]
1075 5179 1129 5224 et
1172 5171 1364 5239 reliqui
1423 5166 1585 5227 codd.
1636 5166 1749 5235 ἴσος

236 5330 316 5400 (ι)
341 5329 580 5398 August.
610 5328 930 5398 ὑπόδειγμα.

234 5421 313 5489 (5)
337 5417 521 5491 Ἰησοῦ
546 5417 701 5473 abest
724 5433 754 5471 a
781 5415 947 5488 Regio
977 5425 1030 5472 et
1053 5420 1120 5473 ab
1145 5420 1356 5491 Anglic.

236 5513 313 5587 (ϐ)
338 5511 915 5587 Αυε.-προστεθεικὼς
961 5512 1108 5587 (sic).
1162 5512 1304 5587 Infra
1355 5510 1498 5568 idem
1542 5513 1733 5583 όμενος

165 5584 311 5648 Mox,
345 5584 516 5639 αὑτοῦ
548 5584 671 5654 post
695 5584 958 5651 πανάγιον
982 5586 1134 5639 deest
1160 5584 1213 5637 in
1242 5586 1379 5654 Ang.

238 5656 316 5727 (Ἰ)
356 5654 435 5709 Ita
470 5653 675 5727 Regius
708 5661 764 5727 et
786 5654 1158 5727 Augustanus.
1196 5655 1336 5727 Editi
1366 5653 1570 5727 etialii,
1600 5654 1744 5727 ἀπο-

162 5724 517 5797 λιμπάνουσι.
562 5724 687 5797 Mox
709 5724 865 5797 Reg,
892 5725 1391 5797 ἀναδεικνυμένους.
1431 5725 1590 5790 Iiditi,
1620 5726 1745 5779 ἀνα-

158 5794 428 5866 δείκνυσι.
463 5796 633 5850 Basil.
670 5794 1084 5849 ἀναδεικνύουσι.

538 5889 814 5950 Parnm.
845 5888 963 5952 Gs.
1013 5888 1303 5951 XXVIII.
1331 5930 1335 5938 -

1847 4610 2043 4666 domus
2069 4610 2256 4677 Israel,
2289 4611 2420 4681 quia
2456 4617 2512 4666 et
2542 4607 2833 4664 Dominum
2874 4623 2997 4662 eum
3037 4614 3092 4662 et
3140 4605 3421 4662 Christum

1848 4701 1993 4757 Deus
2030 4701 2159 4756 fecit
2182 4702 2247 4757 ".
2284 4721 2302 4754 ι
2338 4700 2596 4771 Nunquid
2637 4716 2739 4756 nos
2780 4700 2923 4753 hanc
2953 4712 3142 4753 vocem
3175 4711 3424 4753 exaran-

1854 4792 2023 4846 mus?
2068 4791 2196 4844 Ath.
2261 4790 2380 4845 Non
2440 4791 2732 4854 exarastis,
2770 4790 2865 4844 sed
2906 4788 3278 4843 adulterastis.
3324 4788 3421 4841 Ar.

2040 5104 2175 5173 Aug.
2220 5104 2293 5175 μὴ
2324 5104 2513 5165 οὕτως.

1938 5166 2013 5243 (9)
2047 5166 2189 5245 Aug;
2209 5166 2523 5245 ἀντερῆσαι.
2545 5173 2712 5227 Paulo
2755 5181 2894 5244 post,
2922 5170 3086 5233 idem,
3104 5169 3180 5232 ὡς
3200 5166 3425 5237 ἐκτίσθη

1853 5245 2004 5314 παρὰ
2030 5243 2125 5296 τοῦ
2158 5243 2389 5315 Πατρός.

1923 5335 2041 5408 (ίο)Δ
2071 5337 2234 5408 Aug,
2271 5337 2615 5408 μαρτυρίαςε
2652 5335 2786 5408 Ibid.
2826 5331 2959 5408 Reg.
3005 5329 3426 5408 διαβεϐαιοὺται.

1852 5401 1986 5478 Ibid.
2018 5401 2287 5478 'Augfobi
2329 5401 2678 5478 ἀμνημονιῖω.
2719 5406 2839 5459 Mox
2880 5401 3045 5469 idem,
3088 5401 3425 5473 ἐγγράψητε,

1852 5485 1923 5539 et,
1956 5477 2241 5547 ἡμέτερον.

1918 5566 2030 5638 (ll)
2066 5565 2157 5620 Sic
2186 5582 2377 5622 omnes
2403 5581 2534 5621 mss.
2562 5565 2704 5619 Editi
2743 5581 2897 5630 vero,
2938 5556 3113 5638 ἡμῶν.

1919 5658 2031 5727 (‘32)
2067 5657 2199 5726 Reg“
2238 5665 2291 5713 θί
2322 5658 2461 5727 Αυῧο
2505 5656 2819 5727 προφέρειν.
2870 5657 2968 5711 Ed.
3025 5670 3154 5710 vero
3193 5663 3246 5709 et
3295 5652 3426 5721 alii,

1853 5723 2202 5798 προσφέρειν.

3002 5889 3182 5951 1ὅ’
