  <div class='ocr_page' id='page_1' title='image "/cluster/home/n/w/nwhite01/storage/ocr_20150623/28/nnc1.0046978690/270.png"; bbox 0 0 3860 6200; ppageno 0'>
   <div class='ocr_carea' id='block_1_1' title="bbox 185 302 288 359">
    <p class='ocr_par' dir='ltr' id='par_1_1' title="bbox 185 302 288 359">
     <span class='ocr_line' id='line_1_1' title="bbox 185 302 288 359; baseline 0 0"><span class='ocrx_word' id='word_1_1' title='bbox 185 302 288 359; x_wconf 65' lang='grc'><strong>461</strong></span> 
     </span>
    </p>
   </div>
   <div class='ocr_carea' id='block_1_2' title="bbox 1330 291 2345 358">
    <p class='ocr_par' dir='ltr' id='par_1_2' title="bbox 1330 291 2345 358">
     <span class='ocr_line' id='line_1_2' title="bbox 1330 291 2345 358; baseline 0 -3"><span class='ocrx_word' id='word_1_2' title='bbox 1330 291 1745 358; x_wconf 78' lang='lat' dir='ltr'><strong>DISPUTATIO</strong></span> <span class='ocrx_word' id='word_1_3' title='bbox 1781 294 2063 357; x_wconf 82' lang='lat' dir='ltr'><strong>CONTRA</strong></span> <span class='ocrx_word' id='word_1_4' title='bbox 2100 292 2345 357; x_wconf 73' lang='lat' dir='ltr'><strong>ARIUM.</strong></span> 
     </span>
    </p>
   </div>
   <div class='ocr_carea' id='block_1_3' title="bbox 3337 303 3442 357">
    <p class='ocr_par' dir='ltr' id='par_1_3' title="bbox 3337 303 3442 357">
     <span class='ocr_line' id='line_1_3' title="bbox 3337 303 3442 357; baseline 0.01 -1"><span class='ocrx_word' id='word_1_5' title='bbox 3337 303 3442 357; x_wconf 69' lang='grc' dir='ltr'><strong>ιδε</strong></span> 
     </span>
    </p>
   </div>
   <div class='ocr_carea' id='block_1_4' title="bbox 187 403 3451 494">
    <p class='ocr_par' dir='ltr' id='par_1_4' title="bbox 187 403 3451 494">
     <span class='ocr_line' id='line_1_4' title="bbox 187 403 3451 494; baseline 0.002 -23"><span class='ocrx_word' id='word_1_6' title='bbox 187 419 541 491; x_wconf 60' lang='grc' dir='ltr'>ισταύρωσαν</span> <span class='ocrx_word' id='word_1_7' title='bbox 563 460 579 485; x_wconf 88' lang='grc'><strong>,</strong></span> <span class='ocrx_word' id='word_1_8' title='bbox 611 415 933 489; x_wconf 79' lang='grc' dir='ltr'>γεγενῆσθαι</span> <span class='ocrx_word' id='word_1_9' title='bbox 967 421 1187 492; x_wconf 86' lang='grc' dir='ltr'><strong>Κύριον.</strong></span> <span class='ocrx_word' id='word_1_10' title='bbox 1222 422 1349 489; x_wconf 80' lang='grc' dir='ltr'><strong>Ἀρ.</strong></span> <span class='ocrx_word' id='word_1_11' title='bbox 1386 416 1505 474; x_wconf 81' lang='grc' dir='ltr'>εἷπε</span> <span class='ocrx_word' id='word_1_12' title='bbox 1526 440 1539 450; x_wconf 88' lang='grc'><strong>·</strong></span> <span class='ocrx_word' id='word_1_13' title='bbox 1579 420 1641 474; x_wconf 87' lang='grc' dir='ltr'>Τί</span> <span class='ocrx_word' id='word_1_14' title='bbox 1677 423 1791 473; x_wconf 80' lang='grc' dir='ltr'>ἐστι</span> <span class='ocrx_word' id='word_1_15' title='bbox 1830 420 1911 485; x_wconf 79' lang='grc' dir='ltr'><strong>τὸ,</strong></span> <span class='ocrx_word' id='word_1_16' title='bbox 1940 403 2333 493; x_wconf 70' lang='grc' dir='ltr'>Ἔσταύρωσαν</span> <span class='ocrx_word' id='word_1_17' title='bbox 2354 423 2588 494; x_wconf 81' lang='grc' dir='ltr'>Χριστὸν</span> <span class='ocrx_word' id='word_1_18' title='bbox 2618 422 2713 475; x_wconf 75' lang='grc' dir='ltr'><strong>καὶ</strong></span> <span class='ocrx_word' id='word_1_19' title='bbox 2742 422 2943 494; x_wconf 86' lang='grc' dir='ltr'>Κύριον</span> <span class='ocrx_word' id='word_1_20' title='bbox 2982 421 3239 492; x_wconf 79' lang='grc' dir='ltr'>γεγονότα</span> <span class='ocrx_word' id='word_1_21' title='bbox 3302 422 3451 493; x_wconf 84' lang='grc'><strong>(19);</strong></span> 
     </span>
    </p>
   </div>
   <div class='ocr_carea' id='block_1_5' title="bbox 193 514 957 587">
    <p class='ocr_par' dir='ltr' id='par_1_5' title="bbox 193 514 957 587">
     <span class='ocr_line' id='line_1_5' title="bbox 193 514 957 587; baseline 0.007 -20"><span class='ocrx_word' id='word_1_22' title='bbox 193 514 424 569; x_wconf 84' lang='grc' dir='ltr'>Ἦθελον</span> <span class='ocrx_word' id='word_1_23' title='bbox 456 516 656 585; x_wconf 83' lang='grc' dir='ltr'>γνῶναι</span> <span class='ocrx_word' id='word_1_24' title='bbox 685 516 736 569; x_wconf 90' lang='grc' dir='ltr'><strong>τί</strong></span> <span class='ocrx_word' id='word_1_25' title='bbox 759 517 882 587; x_wconf 81' lang='grc' dir='ltr'>λέγε</span> <span class='ocrx_word' id='word_1_26' title='bbox 890 537 957 581; x_wconf 92' lang='grc' dir='ltr'>ις.</span> 
     </span>
    </p>
   </div>
   <div class='ocr_carea' id='block_1_6' title="bbox 259 602 1773 684">
    <p class='ocr_par' dir='ltr' id='par_1_6' title="bbox 259 603 1769 684">
     <span class='ocr_line' id='line_1_6' title="bbox 259 603 1769 684; baseline 0.001 -24"><span class='ocrx_word' id='word_1_27' title='bbox 259 607 350 660; x_wconf 75' lang='grc'><strong>20.</strong></span> <span class='ocrx_word' id='word_1_28' title='bbox 392 609 584 662; x_wconf 81' lang='grc' dir='ltr'><em>Ἀθαν.</em></span> <span class='ocrx_word' id='word_1_29' title='bbox 621 603 773 663; x_wconf 77' lang='grc' dir='ltr'>εἶπεν</span> <span class='ocrx_word' id='word_1_30' title='bbox 791 628 805 641; x_wconf 70' lang='grc' dir='ltr'><strong>ο</strong></span> <span class='ocrx_word' id='word_1_31' title='bbox 843 610 901 663; x_wconf 87' lang='lat'><strong>&#39;0</strong></span> <span class='ocrx_word' id='word_1_32' title='bbox 921 609 1053 673; x_wconf 84' lang='grc' dir='ltr'><strong>Θεὸς</strong></span> <span class='ocrx_word' id='word_1_33' title='bbox 1081 610 1252 679; x_wconf 72' lang='grc' dir='ltr'>Λόγος</span> <span class='ocrx_word' id='word_1_34' title='bbox 1285 612 1490 684; x_wconf 84' lang='grc' dir='ltr'>Κύριός</span> <span class='ocrx_word' id='word_1_35' title='bbox 1514 613 1631 664; x_wconf 78' lang='grc' dir='ltr'>ἐστι</span> <span class='ocrx_word' id='word_1_36' title='bbox 1661 609 1769 663; x_wconf 88' lang='grc' dir='ltr'><strong>τῶν</strong></span> 
     </span>
    </p>
   </div>
   <div class='ocr_carea' id='block_1_7' title="bbox 1881 602 3444 684">
    <p class='ocr_par' dir='ltr' id='par_1_7' title="bbox 1940 602 3444 675">
     <span class='ocr_line' id='line_1_7' title="bbox 1940 602 3444 675; baseline 0.005 -19"><span class='ocrx_word' id='word_1_37' title='bbox 1940 602 2031 658; x_wconf 74' lang='lat'><strong>20.</strong></span> <span class='ocrx_word' id='word_1_38' title='bbox 2065 603 2191 659; x_wconf 83' lang='grc' dir='ltr'>ΑιΙι.</span> <span class='ocrx_word' id='word_1_39' title='bbox 2241 602 2386 660; x_wconf 87' lang='lat' dir='ltr'><strong>Deus</strong></span> <span class='ocrx_word' id='word_1_40' title='bbox 2432 602 2672 659; x_wconf 80' lang='lat' dir='ltr'><strong>Verbum</strong></span> <span class='ocrx_word' id='word_1_41' title='bbox 2738 602 3001 661; x_wconf 87' lang='lat' dir='ltr'><strong>Dominus</strong></span> <span class='ocrx_word' id='word_1_42' title='bbox 3043 615 3128 660; x_wconf 88' lang='lat' dir='ltr'><strong>est</strong></span> <span class='ocrx_word' id='word_1_43' title='bbox 3172 608 3444 675; x_wconf 89' lang='lat' dir='ltr'><strong>omnium,</strong></span> 
     </span>
    </p>
   </div>
   <div class='ocr_carea' id='block_1_8' title="bbox 188 698 1767 774">
    <p class='ocr_par' dir='ltr' id='par_1_8' title="bbox 188 698 1767 774">
     <span class='ocr_line' id='line_1_8' title="bbox 188 698 1767 774; baseline 0.003 -24"><span class='ocrx_word' id='word_1_44' title='bbox 188 698 446 751; x_wconf 83' lang='grc' dir='ltr'>ἁπάντων</span> <span class='ocrx_word' id='word_1_45' title='bbox 497 699 583 752; x_wconf 77' lang='grc' dir='ltr'><strong>ἀεὶ</strong></span> <span class='ocrx_word' id='word_1_46' title='bbox 625 700 829 772; x_wconf 84' lang='grc' dir='ltr'>Κύριος</span> <span class='ocrx_word' id='word_1_47' title='bbox 874 700 967 755; x_wconf 85' lang='grc' dir='ltr'><strong>ῶν.</strong></span> <span class='ocrx_word' id='word_1_48' title='bbox 1022 703 1239 774; x_wconf 83' lang='grc' dir='ltr'><strong>Ἐπειδὴ</strong></span> <span class='ocrx_word' id='word_1_49' title='bbox 1291 704 1349 757; x_wconf 85' lang='grc' dir='ltr'>δὲ</span> <span class='ocrx_word' id='word_1_50' title='bbox 1403 704 1469 757; x_wconf 82' lang='grc' dir='ltr'>ὲκ</span> <span class='ocrx_word' id='word_1_51' title='bbox 1511 703 1611 773; x_wconf 80' lang='grc' dir='ltr'>τῆς</span> <span class='ocrx_word' id='word_1_52' title='bbox 1662 701 1767 755; x_wconf 86' lang='grc' dir='ltr'><strong>ὑπὸ</strong></span> 
     </span>
    </p>
   </div>
   <div class='ocr_carea' id='block_1_9' title="bbox 187 789 1764 865">
    <p class='ocr_par' dir='ltr' id='par_1_9' title="bbox 187 789 1764 865">
     <span class='ocr_line' id='line_1_9' title="bbox 187 789 1764 865; baseline 0.004 -25"><span class='ocrx_word' id='word_1_53' title='bbox 187 789 467 860; x_wconf 82' lang='grc' dir='ltr'>ἁμαρτίας</span> <span class='ocrx_word' id='word_1_54' title='bbox 498 790 952 863; x_wconf 77' lang='grc' dir='ltr'>βεϐασιλευμένης</span> <span class='ocrx_word' id='word_1_55' title='bbox 1000 794 1201 865; x_wconf 86' lang='grc' dir='ltr'>σαρκὸς</span> <span class='ocrx_word' id='word_1_56' title='bbox 1233 793 1391 847; x_wconf 72' lang='grc' dir='ltr'>ἔλαθε</span> <span class='ocrx_word' id='word_1_57' title='bbox 1434 795 1532 865; x_wconf 81' lang='grc' dir='ltr'><strong>τὴν</strong></span> <span class='ocrx_word' id='word_1_58' title='bbox 1565 794 1764 865; x_wconf 84' lang='grc' dir='ltr'>σάρκα,</span> 
     </span>
    </p>
   </div>
   <div class='ocr_carea' id='block_1_10' title="bbox 189 870 1768 954">
    <p class='ocr_par' dir='ltr' id='par_1_10' title="bbox 189 870 1768 954">
     <span class='ocr_line' id='line_1_10' title="bbox 189 870 1768 954; baseline 0.001 -21"><span class='ocrx_word' id='word_1_59' title='bbox 189 870 374 942; x_wconf 78' lang='grc' dir='ltr'>καθὼς</span> <span class='ocrx_word' id='word_1_60' title='bbox 399 881 724 952; x_wconf 82' lang='grc' dir='ltr'>γέγραπται·</span> <span class='ocrx_word' id='word_1_61' title='bbox 758 900 776 932; x_wconf 79' lang='grc' dir='ltr'><strong>ι</strong></span> <span class='ocrx_word' id='word_1_62' title='bbox 819 883 879 935; x_wconf 89' lang='lat'><strong>&#39;0</strong></span> <span class='ocrx_word' id='word_1_63' title='bbox 901 882 1071 952; x_wconf 83' lang='grc' dir='ltr'><strong>Λόγος</strong></span> <span class='ocrx_word' id='word_1_64' title='bbox 1101 882 1238 954; x_wconf 80' lang='grc' dir='ltr'>σάρξ</span> <span class='ocrx_word' id='word_1_65' title='bbox 1266 882 1508 951; x_wconf 76' lang='grc' dir='ltr'>ἐγένετο·</span> <span class='ocrx_word' id='word_1_66' title='bbox 1536 901 1554 934; x_wconf 73' lang='grc' dir='ltr'><strong>ι</strong></span> <span class='ocrx_word' id='word_1_67' title='bbox 1590 882 1768 954; x_wconf 83' lang='grc' dir='ltr'>σάρκα</span> 
     </span>
    </p>
   </div>
   <div class='ocr_carea' id='block_1_11' title="bbox 185 965 1769 1043">
    <p class='ocr_par' dir='ltr' id='par_1_11' title="bbox 185 965 1769 1043">
     <span class='ocr_line' id='line_1_11' title="bbox 185 965 1769 1043; baseline 0.004 -26"><span class='ocrx_word' id='word_1_68' title='bbox 185 965 245 1017; x_wconf 83' lang='grc' dir='ltr'><strong>δέ</strong></span> <span class='ocrx_word' id='word_1_69' title='bbox 276 983 420 1037; x_wconf 79' lang='grc' dir='ltr'>φημι</span> <span class='ocrx_word' id='word_1_70' title='bbox 449 966 735 1038; x_wconf 78' lang='grc' dir='ltr'>ἄνθρωπον</span> <span class='ocrx_word' id='word_1_71' title='bbox 755 969 978 1035; x_wconf 84' lang='grc' dir='ltr'>τέλειον,</span> <span class='ocrx_word' id='word_1_72' title='bbox 1008 965 1246 1042; x_wconf 73' lang='grc' dir='ltr'>οἶοι-(20)</span> <span class='ocrx_word' id='word_1_73' title='bbox 1274 972 1367 1024; x_wconf 67' lang='grc' dir='ltr'><strong>καλ⁸</strong></span> <span class='ocrx_word' id='word_1_74' title='bbox 1388 972 1549 1043; x_wconf 83' lang='grc' dir='ltr'><strong>ἡμεῖς</strong></span> <span class='ocrx_word' id='word_1_75' title='bbox 1574 970 1769 1041; x_wconf 69' lang='grc' dir='ltr'>τυγχά-</span> 
     </span>
    </p>
   </div>
   <div class='ocr_carea' id='block_1_12' title="bbox 185 1044 1766 1132">
    <p class='ocr_par' dir='ltr' id='par_1_12' title="bbox 185 1044 1766 1132">
     <span class='ocr_line' id='line_1_12' title="bbox 185 1044 1766 1132; baseline 0.003 -22"><span class='ocrx_word' id='word_1_76' title='bbox 185 1068 374 1128; x_wconf 86' lang='grc' dir='ltr'>νομεν,</span> <span class='ocrx_word' id='word_1_77' title='bbox 410 1044 549 1113; x_wconf 63' lang='grc' dir='ltr'><strong>κάτά</strong></span> <span class='ocrx_word' id='word_1_78' title='bbox 579 1059 642 1112; x_wconf 88' lang='grc' dir='ltr'><strong>τὸ</strong></span> <span class='ocrx_word' id='word_1_79' title='bbox 673 1056 813 1114; x_wconf 81' lang='grc' dir='ltr'>εἶναι</span> <span class='ocrx_word' id='word_1_80' title='bbox 850 1062 997 1132; x_wconf 79' lang='grc' dir='ltr'>ἡμᾶς</span> <span class='ocrx_word' id='word_1_81' title='bbox 1024 1060 1343 1132; x_wconf 83' lang='grc' dir='ltr'>ἀνθρώπους</span> <span class='ocrx_word' id='word_1_82' title='bbox 1371 1062 1529 1132; x_wconf 88' lang='grc' dir='ltr'>μόνον</span> <span class='ocrx_word' id='word_1_83' title='bbox 1549 1078 1563 1091; x_wconf 88' lang='grc'>·</span> <span class='ocrx_word' id='word_1_84' title='bbox 1605 1061 1766 1127; x_wconf 80' lang='grc' dir='ltr'>αὐτὸς</span> 
     </span>
    </p>
   </div>
   <div class='ocr_carea' id='block_1_13' title="bbox 185 1146 1767 1224">
    <p class='ocr_par' dir='ltr' id='par_1_13' title="bbox 185 1146 1767 1224">
     <span class='ocr_line' id='line_1_13' title="bbox 185 1146 1767 1224; baseline 0 -20"><span class='ocrx_word' id='word_1_85' title='bbox 185 1149 301 1223; x_wconf 77' lang='grc' dir='ltr'>γὰρ</span> <span class='ocrx_word' id='word_1_86' title='bbox 334 1152 462 1205; x_wconf 80' lang='grc' dir='ltr'>ἄνευ</span> <span class='ocrx_word' id='word_1_87' title='bbox 507 1152 782 1224; x_wconf 83' lang='grc' dir='ltr'>ἁμαρτίας</span> <span class='ocrx_word' id='word_1_88' title='bbox 811 1151 1034 1221; x_wconf 87' lang='grc' dir='ltr'>γέγονεν</span> <span class='ocrx_word' id='word_1_89' title='bbox 1079 1151 1365 1222; x_wconf 78' lang='grc' dir='ltr'>ἄνθρωπος</span> <span class='ocrx_word' id='word_1_90' title='bbox 1383 1169 1397 1183; x_wconf 67' lang='grc' dir='ltr'><strong>ν</strong></span> <span class='ocrx_word' id='word_1_91' title='bbox 1443 1150 1633 1204; x_wconf 84' lang='grc' dir='ltr'>τοῦτον</span> <span class='ocrx_word' id='word_1_92' title='bbox 1674 1146 1767 1204; x_wconf 76' lang='grc' dir='ltr'><strong>οὖν</strong></span> 
     </span>
    </p>
   </div>
   <div class='ocr_carea' id='block_1_14' title="bbox 185 1238 1767 1317">
    <p class='ocr_par' dir='ltr' id='par_1_14' title="bbox 185 1238 1767 1317">
     <span class='ocr_line' id='line_1_14' title="bbox 185 1238 1767 1317; baseline 0.001 -22"><span class='ocrx_word' id='word_1_93' title='bbox 185 1238 426 1313; x_wconf 80' lang='grc' dir='ltr'>Χριστὸν</span> <span class='ocrx_word' id='word_1_94' title='bbox 455 1244 549 1297; x_wconf 75' lang='grc' dir='ltr'>καὶ</span> <span class='ocrx_word' id='word_1_95' title='bbox 582 1244 787 1317; x_wconf 80' lang='grc' dir='ltr'>Κύριον</span> <span class='ocrx_word' id='word_1_96' title='bbox 815 1246 844 1298; x_wconf 85' lang='grc' dir='ltr'><strong>ό</strong></span> <span class='ocrx_word' id='word_1_97' title='bbox 868 1240 1001 1309; x_wconf 84' lang='grc' dir='ltr'>Θεὸς</span> <span class='ocrx_word' id='word_1_98' title='bbox 1029 1244 1274 1315; x_wconf 75' lang='grc' dir='ltr'>ἐποίησε,</span> <span class='ocrx_word' id='word_1_99' title='bbox 1308 1245 1400 1297; x_wconf 82' lang='grc' dir='ltr'><strong>τὸν</strong></span> <span class='ocrx_word' id='word_1_100' title='bbox 1428 1246 1492 1297; x_wconf 80' lang='grc' dir='ltr'>ἐκ</span> <span class='ocrx_word' id='word_1_101' title='bbox 1516 1244 1767 1315; x_wconf 81' lang='grc' dir='ltr'>σπέρμα-</span> 
     </span>
    </p>
   </div>
   <div class='ocr_carea' id='block_1_15' title="bbox 186 1333 1770 1406">
    <p class='ocr_par' dir='ltr' id='par_1_15' title="bbox 186 1333 1770 1406">
     <span class='ocr_line' id='line_1_15' title="bbox 186 1333 1770 1406; baseline -0.001 -19"><span class='ocrx_word' id='word_1_102' title='bbox 186 1350 280 1397; x_wconf 85' lang='grc' dir='ltr'><strong>τος</strong></span> <span class='ocrx_word' id='word_1_103' title='bbox 314 1334 479 1388; x_wconf 77' lang='grc' dir='ltr'>Δαϐἰδ</span> <span class='ocrx_word' id='word_1_104' title='bbox 502 1334 806 1406; x_wconf 78' lang='grc' dir='ltr'>ἄνθρωπον,</span> <span class='ocrx_word' id='word_1_105' title='bbox 835 1334 1108 1400; x_wconf 78' lang='grc' dir='ltr'>ὑποτάξας</span> <span class='ocrx_word' id='word_1_106' title='bbox 1132 1334 1282 1406; x_wconf 82' lang='grc' dir='ltr'>αὐτῷ</span> <span class='ocrx_word' id='word_1_107' title='bbox 1309 1333 1480 1406; x_wconf 83' lang='grc' dir='ltr'>ἀρχὰς</span> <span class='ocrx_word' id='word_1_108' title='bbox 1510 1334 1605 1388; x_wconf 74' lang='grc' dir='ltr'><strong>καί¹</strong></span> <span class='ocrx_word' id='word_1_109' title='bbox 1627 1333 1770 1398; x_wconf 79' lang='grc' dir='ltr'>ἐξου-</span> 
     </span>
    </p>
   </div>
   <div class='ocr_carea' id='block_1_16' title="bbox 189 1422 1764 1495">
    <p class='ocr_par' dir='ltr' id='par_1_16' title="bbox 189 1422 1764 1495">
     <span class='ocr_line' id='line_1_16' title="bbox 189 1422 1764 1495; baseline 0.001 -21"><span class='ocrx_word' id='word_1_110' title='bbox 189 1422 316 1485; x_wconf 89' lang='grc' dir='ltr'>σίας</span> <span class='ocrx_word' id='word_1_111' title='bbox 346 1423 441 1476; x_wconf 79' lang='grc' dir='ltr'><strong>καὶ</strong></span> <span class='ocrx_word' id='word_1_112' title='bbox 479 1423 824 1495; x_wconf 77' lang='grc' dir='ltr'>κυριότητας,</span> <span class='ocrx_word' id='word_1_113' title='bbox 859 1424 954 1478; x_wconf 72' lang='grc' dir='ltr'>καὶ</span> <span class='ocrx_word' id='word_1_114' title='bbox 991 1422 1333 1495; x_wconf 81' lang='grc' dir='ltr'><strong>ἀνθρώπους,</strong></span> <span class='ocrx_word' id='word_1_115' title='bbox 1358 1424 1453 1478; x_wconf 75' lang='grc' dir='ltr'>καὶ</span> <span class='ocrx_word' id='word_1_116' title='bbox 1479 1423 1764 1492; x_wconf 81' lang='grc' dir='ltr'><strong>ἀγγέλους,</strong></span> 
     </span>
    </p>
   </div>
   <div class='ocr_carea' id='block_1_17' title="bbox 186 1513 1770 1586">
    <p class='ocr_par' dir='ltr' id='par_1_17' title="bbox 186 1513 1770 1586">
     <span class='ocr_line' id='line_1_17' title="bbox 186 1513 1770 1586; baseline 0 -19"><span class='ocrx_word' id='word_1_117' title='bbox 186 1515 287 1568; x_wconf 71' lang='grc' dir='ltr'><strong>καὶ</strong></span> <span class='ocrx_word' id='word_1_118' title='bbox 326 1514 544 1569; x_wconf 88' lang='grc' dir='ltr'>πάντων</span> <span class='ocrx_word' id='word_1_119' title='bbox 572 1515 758 1578; x_wconf 81' lang='grc' dir='ltr'>ἁπλῶς</span> <span class='ocrx_word' id='word_1_120' title='bbox 791 1513 1172 1582; x_wconf 73' lang='grc' dir='ltr'><strong>ὑποταγέντων</strong></span> <span class='ocrx_word' id='word_1_121' title='bbox 1196 1515 1386 1583; x_wconf 86' lang='grc' dir='ltr'>γέγονε</span> <span class='ocrx_word' id='word_1_122' title='bbox 1414 1515 1647 1586; x_wconf 79' lang='grc' dir='ltr'>Χριστὸς</span> <span class='ocrx_word' id='word_1_123' title='bbox 1675 1515 1770 1567; x_wconf 79' lang='grc' dir='ltr'><strong>καὶ</strong></span> 
     </span>
    </p>
   </div>
   <div class='ocr_carea' id='block_1_18' title="bbox 184 1604 1771 1680">
    <p class='ocr_par' dir='ltr' id='par_1_18' title="bbox 184 1604 1771 1680">
     <span class='ocr_line' id='line_1_18' title="bbox 184 1604 1771 1680; baseline -0.001 -19"><span class='ocrx_word' id='word_1_124' title='bbox 184 1604 393 1680; x_wconf 76' lang='grc' dir='ltr'>Κύριος</span> <span class='ocrx_word' id='word_1_125' title='bbox 416 1607 555 1679; x_wconf 65' lang='grc' dir='ltr'><strong>(Ξυο</strong></span> <span class='ocrx_word' id='word_1_126' title='bbox 584 1608 818 1680; x_wconf 84' lang='grc' dir='ltr'>Χριστὸς</span> <span class='ocrx_word' id='word_1_127' title='bbox 850 1608 948 1679; x_wconf 85' lang='grc' dir='ltr'><strong>μὲν</strong></span> <span class='ocrx_word' id='word_1_128' title='bbox 975 1606 1062 1660; x_wconf 82' lang='grc' dir='ltr'>διὰ</span> <span class='ocrx_word' id='word_1_129' title='bbox 1089 1606 1187 1678; x_wconf 85' lang='grc' dir='ltr'><strong>τὴν</strong></span> <span class='ocrx_word' id='word_1_130' title='bbox 1214 1604 1310 1659; x_wconf 88' lang='grc' dir='ltr'><strong>τοῦ</strong></span> <span class='ocrx_word' id='word_1_131' title='bbox 1336 1606 1493 1675; x_wconf 82' lang='grc' dir='ltr'>ἁγίου</span> <span class='ocrx_word' id='word_1_132' title='bbox 1519 1605 1771 1676; x_wconf 82' lang='grc' dir='ltr'>Πνεύμα·</span> 
     </span>
    </p>
   </div>
   <div class='ocr_carea' id='block_1_19' title="bbox 184 1697 1771 1771">
    <p class='ocr_par' dir='ltr' id='par_1_19' title="bbox 184 1697 1771 1771">
     <span class='ocr_line' id='line_1_19' title="bbox 184 1697 1771 1771; baseline -0.002 -18"><span class='ocrx_word' id='word_1_133' title='bbox 184 1713 302 1764; x_wconf 83' lang='grc' dir='ltr'>τος,</span> <span class='ocrx_word' id='word_1_134' title='bbox 322 1698 476 1771; x_wconf 84' lang='grc' dir='ltr'>δίκην</span> <span class='ocrx_word' id='word_1_135' title='bbox 491 1700 691 1765; x_wconf 80' lang='grc' dir='ltr'>ἐλαίου,</span> <span class='ocrx_word' id='word_1_136' title='bbox 718 1701 806 1753; x_wconf 77' lang='grc' dir='ltr'><strong>ἐπ’</strong></span> <span class='ocrx_word' id='word_1_137' title='bbox 822 1698 973 1769; x_wconf 86' lang='grc' dir='ltr'>αὐτῷ</span> <span class='ocrx_word' id='word_1_138' title='bbox 993 1697 1290 1771; x_wconf 81' lang='grc' dir='ltr'>γενομένην</span> <span class='ocrx_word' id='word_1_139' title='bbox 1304 1697 1595 1771; x_wconf 80' lang='grc' dir='ltr'>οὐρανόθεν</span> <span class='ocrx_word' id='word_1_140' title='bbox 1616 1697 1771 1770; x_wconf 76' lang='grc' dir='ltr'>ἐγχυ-</span> 
     </span>
    </p>
   </div>
   <div class='ocr_carea' id='block_1_20' title="bbox 186 1786 1771 1861">
    <p class='ocr_par' dir='ltr' id='par_1_20' title="bbox 186 1786 1771 1861">
     <span class='ocr_line' id='line_1_20' title="bbox 186 1786 1771 1861; baseline 0 -19"><span class='ocrx_word' id='word_1_141' title='bbox 186 1806 305 1844; x_wconf 73' lang='grc' dir='ltr'>σινο</span> <span class='ocrx_word' id='word_1_142' title='bbox 340 1786 545 1861; x_wconf 79' lang='grc' dir='ltr'>Κύριος</span> <span class='ocrx_word' id='word_1_143' title='bbox 572 1790 628 1844; x_wconf 81' lang='grc' dir='ltr'>δὲ</span> <span class='ocrx_word' id='word_1_144' title='bbox 660 1791 748 1844; x_wconf 83' lang='grc' dir='ltr'><strong>διὰ</strong></span> <span class='ocrx_word' id='word_1_145' title='bbox 779 1790 841 1843; x_wconf 87' lang='grc' dir='ltr'><strong>τὸ</strong></span> <span class='ocrx_word' id='word_1_146' title='bbox 871 1789 1009 1843; x_wconf 84' lang='grc' dir='ltr'>κατὰ</span> <span class='ocrx_word' id='word_1_147' title='bbox 1034 1790 1251 1843; x_wconf 89' lang='grc' dir='ltr'>πάντων</span> <span class='ocrx_word' id='word_1_148' title='bbox 1280 1789 1559 1861; x_wconf 81' lang='grc' dir='ltr'><strong>εἰληφέναι</strong></span> <span class='ocrx_word' id='word_1_149' title='bbox 1585 1789 1646 1843; x_wconf 88' lang='grc' dir='ltr'><strong>τὸ</strong></span> <span class='ocrx_word' id='word_1_150' title='bbox 1673 1789 1771 1842; x_wconf 88' lang='grc' dir='ltr'>κῦ-</span> 
     </span>
    </p>
   </div>
   <div class='ocr_carea' id='block_1_21' title="bbox 188 1877 1769 1954">
    <p class='ocr_par' dir='ltr' id='par_1_21' title="bbox 188 1877 1769 1954">
     <span class='ocr_line' id='line_1_21' title="bbox 188 1877 1769 1954; baseline -0.011 -12"><span class='ocrx_word' id='word_1_151' title='bbox 188 1899 283 1954; x_wconf 86' lang='grc' dir='ltr'><strong>ρος</strong></span> <span class='ocrx_word' id='word_1_152' title='bbox 333 1882 471 1953; x_wconf 68' lang='lat'><strong>(22).</strong></span> <span class='ocrx_word' id='word_1_153' title='bbox 518 1885 645 1951; x_wconf 82' lang='lat' dir='ltr'><strong>&#39;Ap.</strong></span> <span class='ocrx_word' id='word_1_154' title='bbox 684 1878 869 1936; x_wconf 77' lang='grc' dir='ltr'>εἶπενο</span> <span class='ocrx_word' id='word_1_155' title='bbox 911 1881 1078 1945; x_wconf 85' lang='grc' dir='ltr'>Ἱδίως</span> <span class='ocrx_word' id='word_1_156' title='bbox 1118 1877 1211 1936; x_wconf 76' lang='grc' dir='ltr'><strong>οὖν</strong></span> <span class='ocrx_word' id='word_1_157' title='bbox 1252 1882 1379 1945; x_wconf 79' lang='grc' dir='ltr'>Υἱὸς</span> <span class='ocrx_word' id='word_1_158' title='bbox 1427 1883 1523 1935; x_wconf 74' lang='grc' dir='ltr'><strong>καὶ</strong></span> <span class='ocrx_word' id='word_1_159' title='bbox 1563 1880 1769 1953; x_wconf 77' lang='grc' dir='ltr'>Κύριός</span> 
     </span>
    </p>
   </div>
   <div class='ocr_carea' id='block_1_22' title="bbox 1872 692 3481 764">
    <p class='ocr_par' dir='ltr' id='par_1_22' title="bbox 1872 692 3481 764">
     <span class='ocr_line' id='line_1_22' title="bbox 1872 692 3481 764; baseline 0.004 -17"><span class='ocrx_word' id='word_1_160' title='bbox 1872 706 1998 747; x_wconf 90' lang='lat' dir='ltr'><strong>cum</strong></span> <span class='ocrx_word' id='word_1_161' title='bbox 2047 692 2129 747; x_wconf 81' lang='lat' dir='ltr'><strong>sit</strong></span> <span class='ocrx_word' id='word_1_162' title='bbox 2178 707 2393 762; x_wconf 85' lang='lat' dir='ltr'><strong>semper</strong></span> <span class='ocrx_word' id='word_1_163' title='bbox 2436 692 2723 748; x_wconf 90' lang='lat' dir='ltr'><strong>Dominus.</strong></span> <span class='ocrx_word' id='word_1_164' title='bbox 2766 692 3061 764; x_wconf 74' lang='lat' dir='ltr'><strong>Postquam</strong></span> <span class='ocrx_word' id='word_1_165' title='bbox 3125 708 3329 764; x_wconf 90' lang='lat' dir='ltr'><strong>autem,</strong></span> <span class='ocrx_word' id='word_1_166' title='bbox 3377 692 3481 754; x_wconf 20' lang='lat' dir='ltr'><strong>ex‘</strong></span> 
     </span>
    </p>
   </div>
   <div class='ocr_carea' id='block_1_23' title="bbox 1870 786 3445 862">
    <p class='ocr_par' dir='ltr' id='par_1_23' title="bbox 1870 786 3445 862">
     <span class='ocr_line' id='line_1_23' title="bbox 1870 786 3445 862; baseline 0.004 -22"><span class='ocrx_word' id='word_1_167' title='bbox 1870 799 2037 842; x_wconf 87' lang='lat' dir='ltr'><strong>carne</strong></span> <span class='ocrx_word' id='word_1_168' title='bbox 2064 786 2275 857; x_wconf 81' lang='lat' dir='ltr'><strong>peccati</strong></span> <span class='ocrx_word' id='word_1_169' title='bbox 2300 787 2531 857; x_wconf 90' lang='lat' dir='ltr'><strong>imperio</strong></span> <span class='ocrx_word' id='word_1_170' title='bbox 2558 787 2827 857; x_wconf 85' lang='lat' dir='ltr'><strong>subjecta,</strong></span> <span class='ocrx_word' id='word_1_171' title='bbox 2866 803 3087 843; x_wconf 91' lang='lat' dir='ltr'><strong>carnem</strong></span> <span class='ocrx_word' id='word_1_172' title='bbox 3121 792 3445 862; x_wconf 71' lang='lat' dir='ltr'><strong>assumpsit,</strong></span> 
     </span>
    </p>
   </div>
   <div class='ocr_carea' id='block_1_24' title="bbox 1872 877 3445 949">
    <p class='ocr_par' dir='ltr' id='par_1_24' title="bbox 1872 877 3445 949">
     <span class='ocr_line' id='line_1_24' title="bbox 1872 877 3445 949; baseline 0.004 -18"><span class='ocrx_word' id='word_1_173' title='bbox 1872 877 2334 947; x_wconf 83' lang='lat' dir='ltr'><strong>quemadmodum</strong></span> <span class='ocrx_word' id='word_1_174' title='bbox 2396 879 2663 949; x_wconf 84' lang='lat' dir='ltr'><strong>scriptum</strong></span> <span class='ocrx_word' id='word_1_175' title='bbox 2715 886 2883 934; x_wconf 73' lang='lat' dir='ltr'><strong>estzc</strong></span> <span class='ocrx_word' id='word_1_176' title='bbox 2917 878 3156 935; x_wconf 83' lang='lat' dir='ltr'><strong>Verbum</strong></span> <span class='ocrx_word' id='word_1_177' title='bbox 3198 897 3330 938; x_wconf 87' lang='lat' dir='ltr'><strong>caro</strong></span> <span class='ocrx_word' id='word_1_178' title='bbox 3360 883 3445 938; x_wconf 78' lang='lat' dir='ltr'><strong>fa-</strong></span> 
     </span>
    </p>
   </div>
   <div class='ocr_carea' id='block_1_25' title="bbox 1871 970 3450 1043">
    <p class='ocr_par' dir='ltr' id='par_1_25' title="bbox 1871 970 3450 1043">
     <span class='ocr_line' id='line_1_25' title="bbox 1871 970 3450 1043; baseline 0.004 -20"><span class='ocrx_word' id='word_1_179' title='bbox 1871 977 2020 1023; x_wconf 89' lang='lat' dir='ltr'><strong>ctum</strong></span> <span class='ocrx_word' id='word_1_180' title='bbox 2044 976 2131 1026; x_wconf 89' lang='lat' dir='ltr'><strong>est</strong></span> <span class='ocrx_word' id='word_1_181' title='bbox 2149 970 2237 1021; x_wconf 78' lang='grc' dir='ltr'><strong>⁸⁸ε</strong></span> <span class='ocrx_word' id='word_1_182' title='bbox 2283 990 2301 1021; x_wconf 77' lang='grc' dir='ltr'><strong>ι</strong></span> <span class='ocrx_word' id='word_1_183' title='bbox 2343 972 2588 1040; x_wconf 89' lang='lat' dir='ltr'><strong>(carnem</strong></span> <span class='ocrx_word' id='word_1_184' title='bbox 2638 977 2819 1027; x_wconf 89' lang='lat' dir='ltr'><strong>autem</strong></span> <span class='ocrx_word' id='word_1_185' title='bbox 2860 971 3102 1042; x_wconf 79' lang='lat' dir='ltr'><strong>intelligo</strong></span> <span class='ocrx_word' id='word_1_186' title='bbox 3144 972 3450 1043; x_wconf 81' lang='lat' dir='ltr'><strong>perfectum</strong></span> 
     </span>
    </p>
   </div>
   <div class='ocr_carea' id='block_1_26' title="bbox 1871 1059 3447 1132">
    <p class='ocr_par' dir='ltr' id='par_1_26' title="bbox 1871 1059 3447 1132">
     <span class='ocr_line' id='line_1_26' title="bbox 1871 1059 3447 1132; baseline 0.004 -18"><span class='ocrx_word' id='word_1_187' title='bbox 1871 1059 2365 1131; x_wconf 65' lang='lat' dir='ltr'><strong>hominem‘quales</strong></span> <span class='ocrx_word' id='word_1_188' title='bbox 2408 1074 2511 1116; x_wconf 91' lang='lat' dir='ltr'><strong>nos</strong></span> <span class='ocrx_word' id='word_1_189' title='bbox 2560 1074 2773 1127; x_wconf 82' lang='lat' dir='ltr'><strong>sumus,</strong></span> <span class='ocrx_word' id='word_1_190' title='bbox 2811 1070 3083 1132; x_wconf 76' lang='lat' dir='ltr'><strong>quatenus</strong></span> <span class='ocrx_word' id='word_1_191' title='bbox 3125 1078 3234 1118; x_wconf 91' lang='lat' dir='ltr'><strong>non</strong></span> <span class='ocrx_word' id='word_1_192' title='bbox 3268 1064 3447 1120; x_wconf 91' lang='lat' dir='ltr'><strong>homi-</strong></span> 
     </span>
    </p>
   </div>
   <div class='ocr_carea' id='block_1_27' title="bbox 1870 1153 3448 1226">
    <p class='ocr_par' dir='ltr' id='par_1_27' title="bbox 1870 1153 3448 1226">
     <span class='ocr_line' id='line_1_27' title="bbox 1870 1153 3448 1226; baseline 0.001 -18"><span class='ocrx_word' id='word_1_193' title='bbox 1870 1169 1970 1208; x_wconf 87' lang='lat' dir='ltr'><strong>nes</strong></span> <span class='ocrx_word' id='word_1_194' title='bbox 1994 1159 2206 1207; x_wconf 88' lang='lat' dir='ltr'><strong>tantum</strong></span> <span class='ocrx_word' id='word_1_195' title='bbox 2241 1168 2432 1209; x_wconf 88' lang='lat' dir='ltr'><strong>sumus</strong></span> <span class='ocrx_word' id='word_1_196' title='bbox 2467 1172 2479 1207; x_wconf 94' lang='lat'><strong>:</strong></span> <span class='ocrx_word' id='word_1_197' title='bbox 2519 1153 2639 1223; x_wconf 92' lang='lat' dir='ltr'><strong>ipse</strong></span> <span class='ocrx_word' id='word_1_198' title='bbox 2682 1153 2828 1208; x_wconf 89' lang='lat' dir='ltr'><strong>enim</strong></span> <span class='ocrx_word' id='word_1_199' title='bbox 2870 1155 3080 1226; x_wconf 84' lang='lat' dir='ltr'><strong>absque</strong></span> <span class='ocrx_word' id='word_1_200' title='bbox 3115 1164 3343 1226; x_wconf 91' lang='lat' dir='ltr'><strong>peccato</strong></span> <span class='ocrx_word' id='word_1_201' title='bbox 3365 1155 3448 1210; x_wconf 82' lang='lat' dir='ltr'><strong>fa-</strong></span> 
     </span>
    </p>
   </div>
   <div class='ocr_carea' id='block_1_28' title="bbox 1872 1234 3449 1313">
    <p class='ocr_par' dir='ltr' id='par_1_28' title="bbox 1872 1234 3449 1313">
     <span class='ocr_line' id='line_1_28' title="bbox 1872 1234 3449 1313; baseline 0 -15"><span class='ocrx_word' id='word_1_202' title='bbox 1872 1250 1996 1300; x_wconf 85' lang='lat' dir='ltr'><strong>ctus</strong></span> <span class='ocrx_word' id='word_1_203' title='bbox 2021 1250 2107 1299; x_wconf 91' lang='lat' dir='ltr'><strong>est</strong></span> <span class='ocrx_word' id='word_1_204' title='bbox 2137 1242 2324 1313; x_wconf 89' lang='lat' dir='ltr'><strong>homo)</strong></span> <span class='ocrx_word' id='word_1_205' title='bbox 2361 1243 2507 1297; x_wconf 92' lang='lat' dir='ltr'><strong>hunc</strong></span> <span class='ocrx_word' id='word_1_206' title='bbox 2546 1241 3028 1313; x_wconf 80' lang='lat' dir='ltr'><strong>igiturChristum</strong></span> <span class='ocrx_word' id='word_1_207' title='bbox 3064 1254 3119 1300; x_wconf 92' lang='lat' dir='ltr'><strong>et</strong></span> <span class='ocrx_word' id='word_1_208' title='bbox 3154 1234 3449 1299; x_wconf 88' lang='lat' dir='ltr'><strong>Dominum</strong></span> 
     </span>
    </p>
   </div>
   <div class='ocr_carea' id='block_1_29' title="bbox 1872 1333 3515 1407">
    <p class='ocr_par' dir='ltr' id='par_1_29' title="bbox 1872 1333 3515 1407">
     <span class='ocr_line' id='line_1_29' title="bbox 1872 1333 3515 1407; baseline 0.002 -18"><span class='ocrx_word' id='word_1_209' title='bbox 1872 1333 2017 1390; x_wconf 90' lang='lat' dir='ltr'><strong>Deus</strong></span> <span class='ocrx_word' id='word_1_210' title='bbox 2060 1333 2211 1400; x_wconf 80' lang='lat' dir='ltr'><strong>fecit,</strong></span> <span class='ocrx_word' id='word_1_211' title='bbox 2265 1334 2544 1389; x_wconf 89' lang='lat' dir='ltr'><strong>hominem</strong></span> <span class='ocrx_word' id='word_1_212' title='bbox 2618 1335 2826 1389; x_wconf 88' lang='lat' dir='ltr'><strong>semine</strong></span> <span class='ocrx_word' id='word_1_213' title='bbox 2880 1334 3052 1390; x_wconf 87' lang='lat' dir='ltr'><strong>David</strong></span> <span class='ocrx_word' id='word_1_214' title='bbox 3090 1344 3446 1407; x_wconf 82' lang='lat' dir='ltr'><strong>pregnatum,</strong></span> <span class='ocrx_word' id='word_1_215' title='bbox 3495 1377 3515 1392; x_wconf 76' lang='lat'><strong>.</strong></span> 
     </span>
    </p>
   </div>
   <div class='ocr_carea' id='block_1_30' title="bbox 1872 1423 3451 1495">
    <p class='ocr_par' dir='ltr' id='par_1_30' title="bbox 1872 1423 3451 1495">
     <span class='ocr_line' id='line_1_30' title="bbox 1872 1423 3451 1495; baseline -0.001 -14"><span class='ocrx_word' id='word_1_216' title='bbox 1872 1425 2136 1495; x_wconf 75' lang='lat' dir='ltr'><strong>subjectis</strong></span> <span class='ocrx_word' id='word_1_217' title='bbox 2173 1425 2223 1481; x_wconf 89' lang='lat' dir='ltr'><strong>ei</strong></span> <span class='ocrx_word' id='word_1_218' title='bbox 2286 1423 2713 1495; x_wconf 79' lang='lat' dir='ltr'><strong>principatibus,</strong></span> <span class='ocrx_word' id='word_1_219' title='bbox 2766 1426 3152 1493; x_wconf 87' lang='lat' dir='ltr'><strong>potestatibus,</strong></span> <span class='ocrx_word' id='word_1_220' title='bbox 3206 1425 3451 1480; x_wconf 91' lang='lat' dir='ltr'><strong>domina-</strong></span> 
     </span>
    </p>
   </div>
   <div class='ocr_carea' id='block_1_31' title="bbox 1872 1518 3451 1588">
    <p class='ocr_par' dir='ltr' id='par_1_31' title="bbox 1872 1518 3451 1588">
     <span class='ocr_line' id='line_1_31' title="bbox 1872 1518 3451 1588; baseline -0.001 -16"><span class='ocrx_word' id='word_1_221' title='bbox 1872 1519 2137 1583; x_wconf 83' lang='lat' dir='ltr'><strong>tionibus,</strong></span> <span class='ocrx_word' id='word_1_222' title='bbox 2197 1518 2538 1582; x_wconf 90' lang='lat' dir='ltr'><strong>hominibus,</strong></span> <span class='ocrx_word' id='word_1_223' title='bbox 2592 1518 2932 1588; x_wconf 89' lang='lat' dir='ltr'><strong>angelisque,</strong></span> <span class='ocrx_word' id='word_1_224' title='bbox 2994 1520 3142 1573; x_wconf 89' lang='lat' dir='ltr'><strong>unde</strong></span> <span class='ocrx_word' id='word_1_225' title='bbox 3201 1518 3451 1573; x_wconf 89' lang='lat' dir='ltr'><strong>omnium</strong></span> 
     </span>
    </p>
   </div>
   <div class='ocr_carea' id='block_1_32' title="bbox 1873 1609 3447 1680">
    <p class='ocr_par' dir='ltr' id='par_1_32' title="bbox 1873 1609 3447 1680">
     <span class='ocr_line' id='line_1_32' title="bbox 1873 1609 3447 1680; baseline -0.003 -16"><span class='ocrx_word' id='word_1_226' title='bbox 1873 1609 1980 1680; x_wconf 89' lang='lat' dir='ltr'><strong>ipsi</strong></span> <span class='ocrx_word' id='word_1_227' title='bbox 2014 1609 2393 1679; x_wconf 78' lang='lat' dir='ltr'><strong>subiectorum</strong></span> <span class='ocrx_word' id='word_1_228' title='bbox 2438 1609 2619 1664; x_wconf 84' lang='lat' dir='ltr'><strong>factus</strong></span> <span class='ocrx_word' id='word_1_229' title='bbox 2654 1617 2739 1665; x_wconf 89' lang='lat' dir='ltr'><strong>est</strong></span> <span class='ocrx_word' id='word_1_230' title='bbox 2768 1610 3027 1666; x_wconf 75' lang='lat' dir='ltr'><strong>Christus</strong></span> <span class='ocrx_word' id='word_1_231' title='bbox 3055 1617 3109 1665; x_wconf 87' lang='lat' dir='ltr'><strong>et</strong></span> <span class='ocrx_word' id='word_1_232' title='bbox 3139 1609 3447 1666; x_wconf 89' lang='lat' dir='ltr'><strong>Dominus:</strong></span> 
     </span>
    </p>
   </div>
   <div class='ocr_carea' id='block_1_33' title="bbox 1873 1697 3453 1771">
    <p class='ocr_par' dir='ltr' id='par_1_33' title="bbox 1873 1697 3453 1771">
     <span class='ocr_line' id='line_1_33' title="bbox 1873 1697 3453 1771; baseline 0 -17"><span class='ocrx_word' id='word_1_233' title='bbox 1873 1698 2153 1765; x_wconf 88' lang='lat' dir='ltr'><strong>Christus,</strong></span> <span class='ocrx_word' id='word_1_234' title='bbox 2192 1701 2440 1771; x_wconf 90' lang='lat' dir='ltr'><strong>inquam,</strong></span> <span class='ocrx_word' id='word_1_235' title='bbox 2486 1706 2713 1770; x_wconf 87' lang='lat' dir='ltr'><strong>propter</strong></span> <span class='ocrx_word' id='word_1_236' title='bbox 2759 1702 2935 1755; x_wconf 90' lang='lat' dir='ltr'><strong>sancti</strong></span> <span class='ocrx_word' id='word_1_237' title='bbox 2973 1697 3214 1770; x_wconf 85' lang='lat' dir='ltr'><strong>Spiritus</strong></span> <span class='ocrx_word' id='word_1_238' title='bbox 3247 1698 3453 1754; x_wconf 82' lang='lat' dir='ltr'><strong>factam</strong></span> 
     </span>
    </p>
   </div>
   <div class='ocr_carea' id='block_1_34' title="bbox 1874 1791 3452 1863">
    <p class='ocr_par' dir='ltr' id='par_1_34' title="bbox 1874 1791 3452 1863">
     <span class='ocr_line' id='line_1_34' title="bbox 1874 1791 3452 1863; baseline 0 -17"><span class='ocrx_word' id='word_1_239' title='bbox 1874 1793 1928 1846; x_wconf 93' lang='lat' dir='ltr'><strong>in</strong></span> <span class='ocrx_word' id='word_1_240' title='bbox 1960 1793 2140 1863; x_wconf 91' lang='lat' dir='ltr'><strong>ipsum</strong></span> <span class='ocrx_word' id='word_1_241' title='bbox 2192 1791 2259 1847; x_wconf 91' lang='lat' dir='ltr'><strong>de</strong></span> <span class='ocrx_word' id='word_1_242' title='bbox 2304 1792 2468 1856; x_wconf 72' lang='lat' dir='ltr'><strong>caelo,</strong></span> <span class='ocrx_word' id='word_1_243' title='bbox 2502 1794 2682 1847; x_wconf 90' lang='lat' dir='ltr'><strong>instar</strong></span> <span class='ocrx_word' id='word_1_244' title='bbox 2732 1793 2860 1859; x_wconf 84' lang='lat' dir='ltr'><strong>olei,</strong></span> <span class='ocrx_word' id='word_1_245' title='bbox 2884 1792 3237 1857; x_wconf 78' lang='lat' dir='ltr'><strong>en‘usionem;</strong></span> <span class='ocrx_word' id='word_1_246' title='bbox 3264 1791 3452 1847; x_wconf 87' lang='lat' dir='ltr'><strong>Domi-</strong></span> 
     </span>
    </p>
   </div>
   <div class='ocr_carea' id='block_1_35' title="bbox 1874 1883 3454 1956">
    <p class='ocr_par' dir='ltr' id='par_1_35' title="bbox 1874 1883 3454 1956">
     <span class='ocr_line' id='line_1_35' title="bbox 1874 1883 3454 1956; baseline -0.001 -18"><span class='ocrx_word' id='word_1_247' title='bbox 1874 1901 1980 1940; x_wconf 90' lang='lat' dir='ltr'><strong>nus</strong></span> <span class='ocrx_word' id='word_1_248' title='bbox 2005 1893 2215 1949; x_wconf 90' lang='lat' dir='ltr'><strong>autem,</strong></span> <span class='ocrx_word' id='word_1_249' title='bbox 2246 1892 2468 1956; x_wconf 89' lang='lat' dir='ltr'><strong>propter</strong></span> <span class='ocrx_word' id='word_1_250' title='bbox 2513 1900 2697 1941; x_wconf 89' lang='lat' dir='ltr'><strong>rerum</strong></span> <span class='ocrx_word' id='word_1_251' title='bbox 2726 1886 2971 1940; x_wconf 89' lang='lat' dir='ltr'><strong>omnium</strong></span> <span class='ocrx_word' id='word_1_252' title='bbox 3021 1899 3183 1955; x_wconf 87' lang='lat' dir='ltr'><strong>quem</strong></span> <span class='ocrx_word' id='word_1_253' title='bbox 3239 1883 3454 1954; x_wconf 84' lang='lat' dir='ltr'><strong>accepit</strong></span> 
     </span>
    </p>
   </div>
   <div class='ocr_carea' id='block_1_36' title="bbox 186 1965 1773 2050">
    <p class='ocr_par' dir='ltr' id='par_1_36' title="bbox 186 1971 1769 2046">
     <span class='ocr_line' id='line_1_36' title="bbox 186 1971 1769 2046; baseline 0.001 -19"><span class='ocrx_word' id='word_1_254' title='bbox 186 1975 339 2027; x_wconf 80' lang='grc' dir='ltr'>ὲστιν</span> <span class='ocrx_word' id='word_1_255' title='bbox 371 1977 401 2028; x_wconf 98' lang='lat'><strong>6</strong></span> <span class='ocrx_word' id='word_1_256' title='bbox 435 1975 627 2043; x_wconf 86' lang='grc' dir='ltr'>Λόγος,</span> <span class='ocrx_word' id='word_1_257' title='bbox 667 1975 759 2027; x_wconf 69' lang='grc' dir='ltr'>καὶ</span> <span class='ocrx_word' id='word_1_258' title='bbox 803 1974 956 2038; x_wconf 87' lang='grc' dir='ltr'>Θεὸς,</span> <span class='ocrx_word' id='word_1_259' title='bbox 985 1976 1079 2027; x_wconf 79' lang='grc' dir='ltr'><strong>καὶ</strong></span> <span class='ocrx_word' id='word_1_260' title='bbox 1114 1974 1260 2038; x_wconf 87' lang='grc' dir='ltr'>ἰδίως</span> <span class='ocrx_word' id='word_1_261' title='bbox 1294 1971 1608 2046; x_wconf 55' lang='grc' dir='ltr'>ἄνθρωπος</span> <span class='ocrx_word' id='word_1_262' title='bbox 1650 1974 1769 2028; x_wconf 84' lang='grc' dir='ltr'><em>Ἀθ.</em></span> 
     </span>
    </p>
   </div>
   <div class='ocr_carea' id='block_1_37' title="bbox 1881 1965 3452 2050">
    <p class='ocr_par' dir='ltr' id='par_1_37' title="bbox 1881 1975 3452 2050">
     <span class='ocr_line' id='line_1_37' title="bbox 1881 1975 3452 2050; baseline 0.001 -19"><span class='ocrx_word' id='word_1_263' title='bbox 1881 1978 2234 2034; x_wconf 85' lang='lat' dir='ltr'><strong>dominatum.</strong></span> <span class='ocrx_word' id='word_1_264' title='bbox 2272 1979 2367 2032; x_wconf 85' lang='lat' dir='ltr'><strong>Ar.</strong></span> <span class='ocrx_word' id='word_1_265' title='bbox 2393 1978 2654 2033; x_wconf 86' lang='lat' dir='ltr'><strong>Seorsum</strong></span> <span class='ocrx_word' id='word_1_266' title='bbox 2685 1978 2855 2050; x_wconf 79' lang='lat' dir='ltr'><strong>igitur</strong></span> <span class='ocrx_word' id='word_1_267' title='bbox 2879 1976 3055 2033; x_wconf 88' lang='lat' dir='ltr'><strong>Filius</strong></span> <span class='ocrx_word' id='word_1_268' title='bbox 3085 1986 3140 2033; x_wconf 93' lang='lat' dir='ltr'><strong>et</strong></span> <span class='ocrx_word' id='word_1_269' title='bbox 3181 1975 3452 2033; x_wconf 84' lang='lat' dir='ltr'><strong>Dominus</strong></span> 
     </span>
    </p>
   </div>
   <div class='ocr_carea' id='block_1_38' title="bbox 186 2059 1774 2136">
    <p class='ocr_par' dir='ltr' id='par_1_38' title="bbox 186 2059 1774 2136">
     <span class='ocr_line' id='line_1_38' title="bbox 186 2059 1774 2136; baseline 0.001 -19"><span class='ocrx_word' id='word_1_270' title='bbox 186 2059 343 2117; x_wconf 81' lang='grc' dir='ltr'>εἶπε·</span> <span class='ocrx_word' id='word_1_271' title='bbox 363 2065 457 2136; x_wconf 82' lang='grc' dir='ltr'><strong>Μὴ</strong></span> <span class='ocrx_word' id='word_1_272' title='bbox 481 2064 722 2133; x_wconf 71' lang='grc' dir='ltr'>γένοιτοί</span> <span class='ocrx_word' id='word_1_273' title='bbox 752 2066 871 2133; x_wconf 82' lang='grc' dir='ltr'><strong>Ἀρ.</strong></span> <span class='ocrx_word' id='word_1_274' title='bbox 899 2059 1051 2117; x_wconf 78' lang='grc' dir='ltr'>εἶπεν</span> <span class='ocrx_word' id='word_1_275' title='bbox 1069 2081 1082 2094; x_wconf 81' lang='grc'><em>’</em></span> <span class='ocrx_word' id='word_1_276' title='bbox 1118 2065 1255 2119; x_wconf 85' lang='grc' dir='ltr'>Εἰπὲ</span> <span class='ocrx_word' id='word_1_277' title='bbox 1285 2060 1400 2129; x_wconf 82' lang='grc' dir='ltr'>οὖν,</span> <span class='ocrx_word' id='word_1_278' title='bbox 1431 2063 1569 2128; x_wconf 84' lang='grc' dir='ltr'>πῶς.</span> <span class='ocrx_word' id='word_1_279' title='bbox 1596 2064 1774 2134; x_wconf 81' lang='grc' dir='ltr'><strong>Ἐφης</strong></span> 
     </span>
    </p>
   </div>
   <div class='ocr_carea' id='block_1_39' title="bbox 94 2151 1773 2227">
    <p class='ocr_par' dir='ltr' id='par_1_39' title="bbox 94 2151 1773 2227">
     <span class='ocr_line' id='line_1_39' title="bbox 94 2151 1773 2227; baseline -0.001 -18"><span class='ocrx_word' id='word_1_280' title='bbox 94 2160 99 2169; x_wconf 77' lang='grc'><strong><em>³</em></strong></span> <span class='ocrx_word' id='word_1_281' title='bbox 185 2156 298 2227; x_wconf 77' lang='grc' dir='ltr'><strong>γάρ</strong></span> <span class='ocrx_word' id='word_1_282' title='bbox 335 2156 541 2227; x_wconf 81' lang='grc' dir='ltr'>Κύριον</span> <span class='ocrx_word' id='word_1_283' title='bbox 567 2155 660 2209; x_wconf 89' lang='grc' dir='ltr'><strong>τὸν</strong></span> <span class='ocrx_word' id='word_1_284' title='bbox 688 2154 819 2208; x_wconf 83' lang='grc' dir='ltr'>Θεὸν</span> <span class='ocrx_word' id='word_1_285' title='bbox 856 2155 1048 2223; x_wconf 87' lang='grc' dir='ltr'>Λόγον,</span> <span class='ocrx_word' id='word_1_286' title='bbox 1072 2156 1166 2208; x_wconf 81' lang='grc' dir='ltr'><strong>καὶ</strong></span> <span class='ocrx_word' id='word_1_287' title='bbox 1189 2151 1280 2208; x_wconf 86' lang='grc' dir='ltr'><strong>τὸν</strong></span> <span class='ocrx_word' id='word_1_288' title='bbox 1317 2153 1442 2208; x_wconf 90' lang='grc' dir='ltr'>ναὸν</span> <span class='ocrx_word' id='word_1_289' title='bbox 1466 2153 1632 2208; x_wconf 78' lang='grc' dir='ltr'>αὐτοῦ</span> <span class='ocrx_word' id='word_1_290' title='bbox 1657 2154 1773 2208; x_wconf 82' lang='grc' dir='ltr'><strong>Κύ-</strong></span> 
     </span>
    </p>
   </div>
   <div class='ocr_carea' id='block_1_40' title="bbox 187 2244 1773 2317">
    <p class='ocr_par' dir='ltr' id='par_1_40' title="bbox 187 2244 1773 2317">
     <span class='ocr_line' id='line_1_40' title="bbox 187 2244 1773 2317; baseline 0 -18"><span class='ocrx_word' id='word_1_291' title='bbox 187 2263 328 2313; x_wconf 85' lang='grc' dir='ltr'>ριον,</span> <span class='ocrx_word' id='word_1_292' title='bbox 367 2246 614 2299; x_wconf 74' lang='grc' dir='ltr'><strong>τουτέστι</strong></span> <span class='ocrx_word' id='word_1_293' title='bbox 656 2246 748 2299; x_wconf 89' lang='grc' dir='ltr'><strong>τὸν</strong></span> <span class='ocrx_word' id='word_1_294' title='bbox 787 2245 1092 2317; x_wconf 75' lang='grc' dir='ltr'>ἄνθρωπον.</span> <span class='ocrx_word' id='word_1_295' title='bbox 1136 2244 1278 2314; x_wconf 89' lang='grc' dir='ltr'>Ἐγὼ</span> <span class='ocrx_word' id='word_1_296' title='bbox 1324 2245 1382 2299; x_wconf 84' lang='grc' dir='ltr'>δὲ</span> <span class='ocrx_word' id='word_1_297' title='bbox 1417 2245 1643 2316; x_wconf 76' lang='grc' dir='ltr'>νομίζω,</span> <span class='ocrx_word' id='word_1_298' title='bbox 1692 2246 1773 2299; x_wconf 83' lang='grc' dir='ltr'><strong>ὅτι</strong></span> 
     </span>
    </p>
   </div>
   <div class='ocr_carea' id='block_1_41' title="bbox 182 2334 1761 2410">
    <p class='ocr_par' dir='ltr' id='par_1_41' title="bbox 182 2334 1761 2410">
     <span class='ocr_line' id='line_1_41' title="bbox 182 2334 1761 2410; baseline -0.001 -18"><span class='ocrx_word' id='word_1_299' title='bbox 182 2339 278 2392; x_wconf 76' lang='grc' dir='ltr'><strong>δύο</strong></span> <span class='ocrx_word' id='word_1_300' title='bbox 306 2338 503 2410; x_wconf 80' lang='grc' dir='ltr'>Κύριοί</span> <span class='ocrx_word' id='word_1_301' title='bbox 532 2341 691 2391; x_wconf 88' lang='grc' dir='ltr'>εἰσιν.</span> <span class='ocrx_word' id='word_1_302' title='bbox 727 2339 845 2393; x_wconf 84' lang='grc' dir='ltr'><em>Ἀθ.</em></span> <span class='ocrx_word' id='word_1_303' title='bbox 890 2334 1040 2389; x_wconf 78' lang='grc' dir='ltr'>εἶπεν</span> <span class='ocrx_word' id='word_1_304' title='bbox 1060 2354 1073 2367; x_wconf 91' lang='grc'><strong>·</strong></span> <span class='ocrx_word' id='word_1_305' title='bbox 1111 2341 1226 2390; x_wconf 76' lang='grc' dir='ltr'>Οὐκ</span> <span class='ocrx_word' id='word_1_306' title='bbox 1271 2338 1380 2390; x_wconf 83' lang='grc' dir='ltr'><strong>εἰσί</strong></span> <span class='ocrx_word' id='word_1_307' title='bbox 1410 2336 1533 2390; x_wconf 88' lang='grc' dir='ltr'>δύο·</span> <span class='ocrx_word' id='word_1_308' title='bbox 1574 2337 1648 2408; x_wconf 84' lang='grc' dir='ltr'>μὴ</span> <span class='ocrx_word' id='word_1_309' title='bbox 1678 2338 1761 2406; x_wconf 82' lang='grc' dir='ltr'>γέ-</span> 
     </span>
    </p>
   </div>
   <div class='ocr_carea' id='block_1_42' title="bbox 184 2427 1774 2502">
    <p class='ocr_par' dir='ltr' id='par_1_42' title="bbox 184 2427 1774 2502">
     <span class='ocr_line' id='line_1_42' title="bbox 184 2427 1774 2502; baseline -0.001 -17"><span class='ocrx_word' id='word_1_310' title='bbox 184 2432 363 2485; x_wconf 73' lang='grc' dir='ltr'>νοιτοῑ</span> <span class='ocrx_word' id='word_1_311' title='bbox 406 2427 502 2494; x_wconf 80' lang='grc' dir='ltr'><strong>Εἷς</strong></span> <span class='ocrx_word' id='word_1_312' title='bbox 544 2432 654 2502; x_wconf 88' lang='grc' dir='ltr'><strong>γάρ</strong></span> <span class='ocrx_word' id='word_1_313' title='bbox 696 2432 842 2483; x_wconf 75' lang='grc' dir='ltr'>ἐστιν</span> <span class='ocrx_word' id='word_1_314' title='bbox 870 2431 899 2482; x_wconf 89' lang='lat'><strong>6</strong></span> <span class='ocrx_word' id='word_1_315' title='bbox 938 2429 1033 2483; x_wconf 88' lang='grc' dir='ltr'><strong>τοῦ</strong></span> <span class='ocrx_word' id='word_1_316' title='bbox 1068 2429 1205 2483; x_wconf 87' lang='grc' dir='ltr'>Θεοῦ</span> <span class='ocrx_word' id='word_1_317' title='bbox 1240 2431 1388 2495; x_wconf 83' lang='grc' dir='ltr'>Υἱὸς,</span> <span class='ocrx_word' id='word_1_318' title='bbox 1426 2432 1454 2483; x_wconf 89' lang='lat'><strong>6</strong></span> <span class='ocrx_word' id='word_1_319' title='bbox 1485 2431 1774 2501; x_wconf 89' lang='grc' dir='ltr'>γενόμενος</span> 
     </span>
    </p>
   </div>
   <div class='ocr_carea' id='block_1_43' title="bbox 183 2521 1774 2595">
    <p class='ocr_par' dir='ltr' id='par_1_43' title="bbox 183 2521 1774 2595">
     <span class='ocr_line' id='line_1_43' title="bbox 183 2521 1774 2595; baseline -0.002 -18"><span class='ocrx_word' id='word_1_320' title='bbox 183 2524 255 2577; x_wconf 78' lang='grc' dir='ltr'>δι’</span> <span class='ocrx_word' id='word_1_321' title='bbox 290 2526 444 2595; x_wconf 78' lang='grc' dir='ltr'>ἡμᾶς</span> <span class='ocrx_word' id='word_1_322' title='bbox 479 2523 785 2595; x_wconf 78' lang='grc' dir='ltr'>ἄνθρωπος.</span> <span class='ocrx_word' id='word_1_323' title='bbox 821 2523 880 2575; x_wconf 82' lang='grc' dir='ltr'>Ὀ</span> <span class='ocrx_word' id='word_1_324' title='bbox 910 2522 1019 2594; x_wconf 83' lang='grc' dir='ltr'>γὰρ</span> <span class='ocrx_word' id='word_1_325' title='bbox 1060 2521 1303 2592; x_wconf 76' lang='grc' dir='ltr'>ἐπίγειος</span> <span class='ocrx_word' id='word_1_326' title='bbox 1334 2522 1607 2592; x_wconf 82' lang='grc' dir='ltr'>βασιλεὺς,</span> <span class='ocrx_word' id='word_1_327' title='bbox 1654 2522 1774 2574; x_wconf 85' lang='grc' dir='ltr'>εἰπέ</span> 
     </span>
    </p>
   </div>
   <div class='ocr_carea' id='block_1_44' title="bbox 189 2614 1775 2688">
    <p class='ocr_par' dir='ltr' id='par_1_44' title="bbox 189 2614 1775 2688">
     <span class='ocr_line' id='line_1_44' title="bbox 189 2614 1775 2688; baseline -0.001 -19"><span class='ocrx_word' id='word_1_328' title='bbox 189 2635 304 2688; x_wconf 82' lang='grc' dir='ltr'>μοι,</span> <span class='ocrx_word' id='word_1_329' title='bbox 342 2617 487 2679; x_wconf 79' lang='grc' dir='ltr'>ἰδίως</span> <span class='ocrx_word' id='word_1_330' title='bbox 508 2619 537 2669; x_wconf 97' lang='lat'><strong>6</strong></span> <span class='ocrx_word' id='word_1_331' title='bbox 565 2615 850 2687; x_wconf 75' lang='grc' dir='ltr'>ἄνθρωπος</span> <span class='ocrx_word' id='word_1_332' title='bbox 876 2614 1169 2688; x_wconf 80' lang='grc' dir='ltr'>βασιλεύει,</span> <span class='ocrx_word' id='word_1_333' title='bbox 1202 2616 1296 2668; x_wconf 77' lang='grc' dir='ltr'><strong>καὶ</strong></span> <span class='ocrx_word' id='word_1_334' title='bbox 1331 2615 1475 2678; x_wconf 76' lang='grc' dir='ltr'>ἰδίως</span> <span class='ocrx_word' id='word_1_335' title='bbox 1500 2618 1532 2686; x_wconf 86' lang='grc' dir='ltr'>ὴ</span> <span class='ocrx_word' id='word_1_336' title='bbox 1567 2632 1775 2686; x_wconf 86' lang='grc' dir='ltr'>πορφυ-</span> 
     </span>
    </p>
   </div>
   <div class='ocr_carea' id='block_1_45' title="bbox 187 2704 1770 2781">
    <p class='ocr_par' dir='ltr' id='par_1_45' title="bbox 187 2704 1770 2781">
     <span class='ocr_line' id='line_1_45' title="bbox 187 2704 1770 2781; baseline -0.002 -19"><span class='ocrx_word' id='word_1_337' title='bbox 187 2712 296 2781; x_wconf 76' lang='grc' dir='ltr'>ρὶς,</span> <span class='ocrx_word' id='word_1_338' title='bbox 343 2709 432 2761; x_wconf 72' lang='grc' dir='ltr'><strong>ναὶ</strong></span> <span class='ocrx_word' id='word_1_339' title='bbox 467 2706 619 2781; x_wconf 79' lang='grc' dir='ltr'><strong>ῆοῦ;</strong></span> <span class='ocrx_word' id='word_1_340' title='bbox 658 2710 775 2776; x_wconf 79' lang='grc' dir='ltr'><strong>Ἀρ.</strong></span> <span class='ocrx_word' id='word_1_341' title='bbox 806 2704 986 2762; x_wconf 74' lang='grc' dir='ltr'>εἶπενο</span> <span class='ocrx_word' id='word_1_342' title='bbox 1027 2705 1151 2770; x_wconf 82' lang='grc' dir='ltr'><strong>Πῶς</strong></span> <span class='ocrx_word' id='word_1_343' title='bbox 1185 2708 1438 2779; x_wconf 78' lang='grc' dir='ltr'>ἐγχωρεῖ,</span> <span class='ocrx_word' id='word_1_344' title='bbox 1470 2707 1504 2779; x_wconf 79' lang='grc' dir='ltr'>ἢ</span> <span class='ocrx_word' id='word_1_345' title='bbox 1539 2707 1632 2760; x_wconf 85' lang='grc' dir='ltr'><strong>τὸν</strong></span> <span class='ocrx_word' id='word_1_346' title='bbox 1678 2706 1770 2759; x_wconf 80' lang='grc' dir='ltr'>άν-</span> 
     </span>
    </p>
   </div>
   <div class='ocr_carea' id='block_1_46' title="bbox 186 2797 1775 2874">
    <p class='ocr_par' dir='ltr' id='par_1_46' title="bbox 186 2797 1775 2874">
     <span class='ocr_line' id='line_1_46' title="bbox 186 2797 1775 2874; baseline -0.002 -21"><span class='ocrx_word' id='word_1_347' title='bbox 186 2802 410 2874; x_wconf 86' lang='grc' dir='ltr'>θρωπον</span> <span class='ocrx_word' id='word_1_348' title='bbox 440 2801 596 2864; x_wconf 80' lang='grc' dir='ltr'>ἐκτὸς</span> <span class='ocrx_word' id='word_1_349' title='bbox 620 2800 926 2871; x_wconf 80' lang='grc' dir='ltr'>βασιλεύειν</span> <span class='ocrx_word' id='word_1_350' title='bbox 951 2799 1086 2869; x_wconf 72' lang='grc'><strong>(25),</strong></span> <span class='ocrx_word' id='word_1_351' title='bbox 1112 2800 1145 2869; x_wconf 82' lang='grc' dir='ltr'><strong>ἢ</strong></span> <span class='ocrx_word' id='word_1_352' title='bbox 1171 2798 1269 2869; x_wconf 81' lang='grc' dir='ltr'>τὴν</span> <span class='ocrx_word' id='word_1_353' title='bbox 1302 2798 1606 2870; x_wconf 69' lang='grc' dir='ltr'>πορφυρίδα</span> <span class='ocrx_word' id='word_1_354' title='bbox 1631 2797 1775 2861; x_wconf 81' lang='grc' dir='ltr'>ἰδίως</span> 
     </span>
    </p>
   </div>
   <div class='ocr_carea' id='block_1_47' title="bbox 186 2890 1774 2969">
    <p class='ocr_par' dir='ltr' id='par_1_47' title="bbox 186 2890 1774 2969">
     <span class='ocr_line' id='line_1_47' title="bbox 186 2890 1774 2969; baseline -0.004 -17"><span class='ocrx_word' id='word_1_355' title='bbox 186 2897 381 2969; x_wconf 79' lang='grc' dir='ltr'>άρξαι;</span> <span class='ocrx_word' id='word_1_356' title='bbox 406 2896 555 2968; x_wconf 82' lang='grc' dir='ltr'>Πλὴν</span> <span class='ocrx_word' id='word_1_357' title='bbox 585 2895 757 2965; x_wconf 73' lang='grc' dir='ltr'>ἔγνων</span> <span class='ocrx_word' id='word_1_358' title='bbox 786 2895 838 2949; x_wconf 91' lang='grc' dir='ltr'><strong>τί</strong></span> <span class='ocrx_word' id='word_1_359' title='bbox 869 2895 1041 2958; x_wconf 81' lang='grc' dir='ltr'>θέλεις</span> <span class='ocrx_word' id='word_1_360' title='bbox 1068 2893 1416 2964; x_wconf 84' lang='grc' dir='ltr'>παραστῆσαι</span> <span class='ocrx_word' id='word_1_361' title='bbox 1441 2895 1505 2945; x_wconf 76' lang='grc' dir='ltr'>ἐκ</span> <span class='ocrx_word' id='word_1_362' title='bbox 1535 2890 1628 2945; x_wconf 87' lang='grc' dir='ltr'><strong>τοῦ</strong></span> <span class='ocrx_word' id='word_1_363' title='bbox 1666 2909 1774 2945; x_wconf 81' lang='grc' dir='ltr'>πα·-</span> 
     </span>
    </p>
   </div>
   <div class='ocr_carea' id='block_1_48' title="bbox 187 2982 1777 3062">
    <p class='ocr_par' dir='ltr' id='par_1_48' title="bbox 187 2982 1777 3062">
     <span class='ocr_line' id='line_1_48' title="bbox 187 2982 1777 3062; baseline -0.003 -20"><span class='ocrx_word' id='word_1_364' title='bbox 187 2990 577 3062; x_wconf 83' lang='grc' dir='ltr'>ραδείγματος.</span> <span class='ocrx_word' id='word_1_365' title='bbox 627 2991 747 3043; x_wconf 85' lang='grc' dir='ltr'><em>Ἀθ.</em></span> <span class='ocrx_word' id='word_1_366' title='bbox 796 2982 981 3041; x_wconf 80' lang='grc' dir='ltr'>εἶπεν·</span> <span class='ocrx_word' id='word_1_367' title='bbox 1027 2989 1089 3039; x_wconf 82' lang='grc' dir='ltr'>Εἰ</span> <span class='ocrx_word' id='word_1_368' title='bbox 1132 2982 1224 3040; x_wconf 78' lang='grc' dir='ltr'><strong>οὖν</strong></span> <span class='ocrx_word' id='word_1_369' title='bbox 1274 2984 1652 3058; x_wconf 80' lang='grc' dir='ltr'>ἀνεγχώρητον</span> <span class='ocrx_word' id='word_1_370' title='bbox 1683 2986 1777 3039; x_wconf 92' lang='grc' dir='ltr'><strong>δύο</strong></span> 
     </span>
    </p>
   </div>
   <div class='ocr_carea' id='block_1_49' title="bbox 188 3076 1774 3152">
    <p class='ocr_par' dir='ltr' id='par_1_49' title="bbox 188 3076 1774 3152">
     <span class='ocr_line' id='line_1_49' title="bbox 188 3076 1774 3152; baseline -0.003 -18"><span class='ocrx_word' id='word_1_371' title='bbox 188 3081 435 3152; x_wconf 79' lang='grc' dir='ltr'>βασιλεῖς</span> <span class='ocrx_word' id='word_1_372' title='bbox 452 3082 622 3151; x_wconf 76' lang='grc' dir='ltr'>φῆσαι</span> <span class='ocrx_word' id='word_1_373' title='bbox 651 3081 744 3134; x_wconf 74' lang='grc' dir='ltr'>ἐπὶ</span> <span class='ocrx_word' id='word_1_374' title='bbox 769 3079 1037 3150; x_wconf 80' lang='grc' dir='ltr'>βασιλέως</span> <span class='ocrx_word' id='word_1_375' title='bbox 1062 3080 1201 3143; x_wconf 81' lang='grc' dir='ltr'>ἐνὸς,</span> <span class='ocrx_word' id='word_1_376' title='bbox 1220 3079 1362 3147; x_wconf 82' lang='grc' dir='ltr'>λέγω</span> <span class='ocrx_word' id='word_1_377' title='bbox 1389 3078 1452 3150; x_wconf 82' lang='grc' dir='ltr'>δὴ</span> <span class='ocrx_word' id='word_1_378' title='bbox 1489 3076 1774 3149; x_wconf 84' lang='grc' dir='ltr'>ἀνθρώπου</span> 
     </span>
    </p>
   </div>
   <div class='ocr_carea' id='block_1_50' title="bbox 186 3169 1774 3246">
    <p class='ocr_par' dir='ltr' id='par_1_50' title="bbox 186 3169 1774 3246">
     <span class='ocr_line' id='line_1_50' title="bbox 186 3169 1774 3246; baseline -0.005 -17"><span class='ocrx_word' id='word_1_379' title='bbox 186 3177 283 3229; x_wconf 78' lang='grc' dir='ltr'><strong>καὶ</strong></span> <span class='ocrx_word' id='word_1_380' title='bbox 330 3174 650 3246; x_wconf 77' lang='grc' dir='ltr'>πορφύρας,</span> <span class='ocrx_word' id='word_1_381' title='bbox 684 3173 801 3237; x_wconf 85' lang='grc' dir='ltr'><strong>πῶς</strong></span> <span class='ocrx_word' id='word_1_382' title='bbox 848 3173 1085 3243; x_wconf 75' lang='grc' dir='ltr'>ἐγχωρεῖ</span> <span class='ocrx_word' id='word_1_383' title='bbox 1135 3171 1282 3234; x_wconf 86' lang='grc' dir='ltr'>ἰδίως</span> <span class='ocrx_word' id='word_1_384' title='bbox 1326 3169 1425 3240; x_wconf 81' lang='grc' dir='ltr'>μὲν</span> <span class='ocrx_word' id='word_1_385' title='bbox 1458 3169 1553 3222; x_wconf 86' lang='grc' dir='ltr'><strong>τοῦ</strong></span> <span class='ocrx_word' id='word_1_386' title='bbox 1601 3169 1774 3237; x_wconf 89' lang='grc' dir='ltr'>Λόγου</span> 
     </span>
    </p>
   </div>
   <div class='ocr_carea' id='block_1_51' title="bbox 185 3261 1845 3358">
    <p class='ocr_par' dir='ltr' id='par_1_51' title="bbox 185 3261 1845 3358">
     <span class='ocr_line' id='line_1_51' title="bbox 185 3261 1845 3358; baseline -0.006 -35"><span class='ocrx_word' id='word_1_387' title='bbox 185 3271 283 3323; x_wconf 74' lang='grc' dir='ltr'>καὶ</span> <span class='ocrx_word' id='word_1_388' title='bbox 320 3266 461 3321; x_wconf 83' lang='grc' dir='ltr'>Θεοῦ</span> <span class='ocrx_word' id='word_1_389' title='bbox 496 3266 790 3337; x_wconf 84' lang='grc' dir='ltr'>κυριότητα</span> <span class='ocrx_word' id='word_1_390' title='bbox 835 3268 1084 3336; x_wconf 83' lang='grc' dir='ltr'>φάσκειν,</span> <span class='ocrx_word' id='word_1_391' title='bbox 1122 3261 1632 3333; x_wconf 71' lang='grc' dir='ltr'>κεχωρισμένηνδὲ</span> <span class='ocrx_word' id='word_1_392' title='bbox 1680 3261 1775 3331; x_wconf 84' lang='grc' dir='ltr'>τὴν</span> <span class='ocrx_word' id='word_1_393' title='bbox 1803 3301 1845 3358; x_wconf 76' lang='lat' dir='ltr'><strong><em>C</em></strong></span> 
     </span>
    </p>
   </div>
   <div class='ocr_carea' id='block_1_52' title="bbox 184 3354 1775 3433">
    <p class='ocr_par' dir='ltr' id='par_1_52' title="bbox 184 3354 1775 3433">
     <span class='ocr_line' id='line_1_52' title="bbox 184 3354 1775 3433; baseline -0.004 -19"><span class='ocrx_word' id='word_1_394' title='bbox 184 3362 346 3433; x_wconf 81' lang='grc' dir='ltr'>δίκην</span> <span class='ocrx_word' id='word_1_395' title='bbox 370 3359 660 3431; x_wconf 74' lang='grc' dir='ltr'>πορφύρας</span> <span class='ocrx_word' id='word_1_396' title='bbox 694 3358 895 3429; x_wconf 74' lang='grc' dir='ltr'>ἔνδυμα</span> <span class='ocrx_word' id='word_1_397' title='bbox 917 3357 1227 3426; x_wconf 82' lang='grc' dir='ltr'>γεγονυίας,</span> <span class='ocrx_word' id='word_1_398' title='bbox 1251 3355 1412 3422; x_wconf 86' lang='grc' dir='ltr'>ἁγίας</span> <span class='ocrx_word' id='word_1_399' title='bbox 1455 3354 1547 3407; x_wconf 67' lang='grc' dir='ltr'>καὶ</span> <span class='ocrx_word' id='word_1_400' title='bbox 1586 3354 1775 3424; x_wconf 84' lang='grc' dir='ltr'>τιμίας</span> 
     </span>
    </p>
   </div>
   <div class='ocr_carea' id='block_1_53' title="bbox 188 3444 1772 3523">
    <p class='ocr_par' dir='ltr' id='par_1_53' title="bbox 188 3444 1772 3523">
     <span class='ocr_line' id='line_1_53' title="bbox 188 3444 1772 3523; baseline -0.005 -18"><span class='ocrx_word' id='word_1_401' title='bbox 188 3452 416 3523; x_wconf 85' lang='grc' dir='ltr'>σαρκὸς,</span> <span class='ocrx_word' id='word_1_402' title='bbox 444 3451 617 3522; x_wconf 83' lang='grc' dir='ltr'>ἀρχὴν</span> <span class='ocrx_word' id='word_1_403' title='bbox 653 3449 1064 3519; x_wconf 82' lang='grc' dir='ltr'>καταγγέλλειν,</span> <span class='ocrx_word' id='word_1_404' title='bbox 1093 3448 1217 3518; x_wconf 83' lang='grc' dir='ltr'>ἥτις</span> <span class='ocrx_word' id='word_1_405' title='bbox 1259 3448 1407 3499; x_wconf 74' lang='grc' dir='ltr'>ἐστὶν</span> <span class='ocrx_word' id='word_1_406' title='bbox 1443 3446 1645 3512; x_wconf 69' lang='grc' dir='ltr'>ἔνδυμα</span> <span class='ocrx_word' id='word_1_407' title='bbox 1679 3444 1772 3497; x_wconf 89' lang='grc' dir='ltr'><strong>τοῦ</strong></span> 
     </span>
    </p>
   </div>
   <div class='ocr_carea' id='block_1_54' title="bbox 182 3536 1776 3613">
    <p class='ocr_par' dir='ltr' id='par_1_54' title="bbox 182 3536 1776 3613">
     <span class='ocr_line' id='line_1_54' title="bbox 182 3536 1776 3613; baseline -0.004 -18"><span class='ocrx_word' id='word_1_408' title='bbox 182 3540 465 3613; x_wconf 73' lang='grc' dir='ltr'>βασιλέως</span> <span class='ocrx_word' id='word_1_409' title='bbox 505 3539 682 3607; x_wconf 89' lang='grc' dir='ltr'>Λόγου</span> <span class='ocrx_word' id='word_1_410' title='bbox 720 3539 854 3592; x_wconf 87' lang='grc' dir='ltr'>Θεοῦ</span> <span class='ocrx_word' id='word_1_411' title='bbox 880 3538 1259 3608; x_wconf 84' lang='grc' dir='ltr'>γεγενημένη;</span> <span class='ocrx_word' id='word_1_412' title='bbox 1292 3536 1454 3590; x_wconf 81' lang='grc' dir='ltr'>Ἀλλὰ</span> <span class='ocrx_word' id='word_1_413' title='bbox 1487 3537 1593 3608; x_wconf 83' lang='grc' dir='ltr'><strong>μὴν</strong></span> <span class='ocrx_word' id='word_1_414' title='bbox 1620 3536 1714 3590; x_wconf 73' lang='grc' dir='ltr'><strong>καὶ</strong></span> <span class='ocrx_word' id='word_1_415' title='bbox 1747 3536 1776 3588; x_wconf 89' lang='grc' dir='ltr'><strong>ὁ</strong></span> 
     </span>
    </p>
   </div>
   <div class='ocr_carea' id='block_1_55' title="bbox 185 3629 1775 3703">
    <p class='ocr_par' dir='ltr' id='par_1_55' title="bbox 185 3629 1775 3703">
     <span class='ocr_line' id='line_1_55' title="bbox 185 3629 1775 3703; baseline -0.004 -15"><span class='ocrx_word' id='word_1_416' title='bbox 185 3632 495 3696; x_wconf 76' lang='grc' dir='ltr'>ἀπόστολος</span> <span class='ocrx_word' id='word_1_417' title='bbox 540 3631 772 3695; x_wconf 84' lang='grc' dir='ltr'>Παῦλος,</span> <span class='ocrx_word' id='word_1_418' title='bbox 802 3633 900 3703; x_wconf 82' lang='grc' dir='ltr'><strong>τὴν</strong></span> <span class='ocrx_word' id='word_1_419' title='bbox 938 3633 1165 3702; x_wconf 81' lang='grc' dir='ltr'>ἑνότητα</span> <span class='ocrx_word' id='word_1_420' title='bbox 1204 3632 1302 3702; x_wconf 84' lang='grc' dir='ltr'><strong>τῆς</strong></span> <span class='ocrx_word' id='word_1_421' title='bbox 1340 3629 1676 3701; x_wconf 84' lang='grc' dir='ltr'>κυριότητος,</span> <span class='ocrx_word' id='word_1_422' title='bbox 1708 3629 1775 3699; x_wconf 80' lang='grc' dir='ltr'>ἢν</span> 
     </span>
    </p>
   </div>
   <div class='ocr_carea' id='block_1_56' title="bbox 180 3720 1776 3797">
    <p class='ocr_par' dir='ltr' id='par_1_56' title="bbox 180 3720 1776 3797">
     <span class='ocr_line' id='line_1_56' title="bbox 180 3720 1776 3797; baseline -0.004 -18"><span class='ocrx_word' id='word_1_423' title='bbox 180 3725 305 3797; x_wconf 62' lang='grc' dir='ltr'>ἔχει</span> <span class='ocrx_word' id='word_1_424' title='bbox 336 3727 368 3778; x_wconf 90' lang='grc' dir='ltr'><strong>ό</strong></span> <span class='ocrx_word' id='word_1_425' title='bbox 394 3723 672 3795; x_wconf 82' lang='grc' dir='ltr'>Κυριακὸς</span> <span class='ocrx_word' id='word_1_426' title='bbox 697 3723 979 3794; x_wconf 80' lang='grc' dir='ltr'>ἄνθρωπος</span> <span class='ocrx_word' id='word_1_427' title='bbox 1006 3724 1102 3777; x_wconf 83' lang='grc' dir='ltr'><strong>σὺν</strong></span> <span class='ocrx_word' id='word_1_428' title='bbox 1124 3722 1202 3793; x_wconf 83' lang='grc' dir='ltr'><strong>τῷ</strong></span> <span class='ocrx_word' id='word_1_429' title='bbox 1239 3720 1359 3792; x_wconf 86' lang='grc' dir='ltr'><strong>Θεῷ</strong></span> <span class='ocrx_word' id='word_1_430' title='bbox 1377 3722 1555 3791; x_wconf 85' lang='grc' dir='ltr'>Λόγῳ,</span> <span class='ocrx_word' id='word_1_431' title='bbox 1580 3722 1776 3790; x_wconf 81' lang='grc' dir='ltr'>ἀκραι-</span> 
     </span>
    </p>
   </div>
   <div class='ocr_carea' id='block_1_57' title="bbox 187 3804 1776 3885">
    <p class='ocr_par' dir='ltr' id='par_1_57' title="bbox 187 3804 1776 3885">
     <span class='ocr_line' id='line_1_57' title="bbox 187 3804 1776 3885; baseline -0.004 -17"><span class='ocrx_word' id='word_1_432' title='bbox 187 3815 473 3885; x_wconf 70' lang='grc' dir='ltr'>φνέστατα</span> <span class='ocrx_word' id='word_1_433' title='bbox 512 3814 776 3884; x_wconf 81' lang='grc' dir='ltr'>ὲσήμανε,</span> <span class='ocrx_word' id='word_1_434' title='bbox 812 3811 889 3883; x_wconf 81' lang='grc' dir='ltr'>τῷ</span> <span class='ocrx_word' id='word_1_435' title='bbox 929 3812 1100 3883; x_wconf 85' lang='grc' dir='ltr'>φῆσαι</span> <span class='ocrx_word' id='word_1_436' title='bbox 1151 3812 1314 3865; x_wconf 83' lang='grc' dir='ltr'>αὐτόν</span> <span class='ocrx_word' id='word_1_437' title='bbox 1359 3810 1470 3881; x_wconf 72' lang='grc'><strong>(24)</strong></span> <span class='ocrx_word' id='word_1_438' title='bbox 1493 3828 1506 3841; x_wconf 76' lang='grc' dir='ltr'><strong>ο</strong></span> <span class='ocrx_word' id='word_1_439' title='bbox 1543 3829 1562 3861; x_wconf 86' lang='grc'><strong>‹</strong></span> <span class='ocrx_word' id='word_1_440' title='bbox 1596 3804 1697 3862; x_wconf 80' lang='grc' dir='ltr'>Ὧν</span> <span class='ocrx_word' id='word_1_441' title='bbox 1727 3810 1776 3862; x_wconf 88' lang='grc' dir='ltr'><strong>οἰ</strong></span> 
     </span>
    </p>
   </div>
   <div class='ocr_carea' id='block_1_58' title="bbox 187 3898 1775 3980">
    <p class='ocr_par' dir='ltr' id='par_1_58' title="bbox 187 3898 1775 3980">
     <span class='ocr_line' id='line_1_58' title="bbox 187 3898 1775 3980; baseline -0.006 -18"><span class='ocrx_word' id='word_1_442' title='bbox 187 3908 457 3980; x_wconf 86' lang='grc' dir='ltr'>πατέρες,</span> <span class='ocrx_word' id='word_1_443' title='bbox 484 3906 582 3959; x_wconf 81' lang='grc' dir='ltr'><strong>καί</strong></span> <span class='ocrx_word' id='word_1_444' title='bbox 608 3904 666 3971; x_wconf 81' lang='grc' dir='ltr'>ὲξ</span> <span class='ocrx_word' id='word_1_445' title='bbox 691 3898 766 3958; x_wconf 85' lang='grc' dir='ltr'>ὧν</span> <span class='ocrx_word' id='word_1_446' title='bbox 807 3907 837 3959; x_wconf 88' lang='lat'><strong>6</strong></span> <span class='ocrx_word' id='word_1_447' title='bbox 877 3904 1109 3975; x_wconf 85' lang='grc' dir='ltr'>Χριστὸς</span> <span class='ocrx_word' id='word_1_448' title='bbox 1133 3903 1195 3955; x_wconf 88' lang='grc' dir='ltr'><strong>τὸ</strong></span> <span class='ocrx_word' id='word_1_449' title='bbox 1224 3902 1364 3956; x_wconf 86' lang='grc' dir='ltr'>κατὰ</span> <span class='ocrx_word' id='word_1_450' title='bbox 1410 3901 1608 3972; x_wconf 84' lang='grc' dir='ltr'>σάρκα,</span> <span class='ocrx_word' id='word_1_451' title='bbox 1642 3903 1670 3954; x_wconf 90' lang='lat'><strong>6</strong></span> <span class='ocrx_word' id='word_1_452' title='bbox 1700 3899 1775 3953; x_wconf 82' lang='grc' dir='ltr'><strong>ὢν</strong></span> 
     </span>
    </p>
   </div>
   <div class='ocr_carea' id='block_1_59' title="bbox 186 3991 1774 4063">
    <p class='ocr_par' dir='ltr' id='par_1_59' title="bbox 186 3991 1774 4063">
     <span class='ocr_line' id='line_1_59' title="bbox 186 3991 1774 4063; baseline -0.004 -12"><span class='ocrx_word' id='word_1_453' title='bbox 186 3999 283 4051; x_wconf 62' lang='grc' dir='ltr'>επὶ</span> <span class='ocrx_word' id='word_1_454' title='bbox 338 3997 563 4050; x_wconf 85' lang='grc' dir='ltr'>πάντων</span> <span class='ocrx_word' id='word_1_455' title='bbox 601 3994 734 4057; x_wconf 85' lang='grc' dir='ltr'>Θεὸς</span> <span class='ocrx_word' id='word_1_456' title='bbox 776 3996 854 4057; x_wconf 88' lang='grc' dir='ltr'><strong>εἰς</strong></span> <span class='ocrx_word' id='word_1_457' title='bbox 893 3993 1020 4057; x_wconf 65' lang='grc' dir='ltr'>τοὺς</span> <span class='ocrx_word' id='word_1_458' title='bbox 1064 3993 1284 4057; x_wconf 83' lang='grc' dir='ltr'>αἰῶνας,</span> <span class='ocrx_word' id='word_1_459' title='bbox 1326 3993 1492 4063; x_wconf 86' lang='grc' dir='ltr'>ἁμήν.</span> <span class='ocrx_word' id='word_1_460' title='bbox 1529 4010 1548 4042; x_wconf 69' lang='grc' dir='ltr'><strong>ι</strong></span> <span class='ocrx_word' id='word_1_461' title='bbox 1592 3991 1774 4063; x_wconf 76' lang='grc' dir='ltr'>Ὁρᾷς,</span> 
     </span>
    </p>
   </div>
   <div class='ocr_carea' id='block_1_60' title="bbox 183 4081 1773 4154">
    <p class='ocr_par' dir='ltr' id='par_1_60' title="bbox 183 4081 1773 4154">
     <span class='ocr_line' id='line_1_60' title="bbox 183 4081 1773 4154; baseline -0.006 -11"><span class='ocrx_word' id='word_1_462' title='bbox 183 4090 270 4143; x_wconf 75' lang='grc' dir='ltr'>ὃτι</span> <span class='ocrx_word' id='word_1_463' title='bbox 292 4088 392 4141; x_wconf 78' lang='grc' dir='ltr'>καὶ</span> <span class='ocrx_word' id='word_1_464' title='bbox 411 4087 547 4141; x_wconf 89' lang='grc' dir='ltr'>Θεὸν</span> <span class='ocrx_word' id='word_1_465' title='bbox 569 4086 660 4140; x_wconf 79' lang='grc' dir='ltr'>ἐπὶ</span> <span class='ocrx_word' id='word_1_466' title='bbox 683 4087 898 4141; x_wconf 85' lang='grc' dir='ltr'>πάντων</span> <span class='ocrx_word' id='word_1_467' title='bbox 922 4081 1027 4139; x_wconf 84' lang='grc' dir='ltr'>οἶδε</span> <span class='ocrx_word' id='word_1_468' title='bbox 1052 4085 1144 4138; x_wconf 89' lang='grc' dir='ltr'><strong>τὸν</strong></span> <span class='ocrx_word' id='word_1_469' title='bbox 1167 4086 1231 4137; x_wconf 87' lang='grc' dir='ltr'><strong>ὲκ</strong></span> <span class='ocrx_word' id='word_1_470' title='bbox 1255 4084 1567 4154; x_wconf 85' lang='grc' dir='ltr'>σπέρματος</span> <span class='ocrx_word' id='word_1_471' title='bbox 1590 4082 1773 4146; x_wconf 78' lang='grc' dir='ltr'>Δαϐὶδ,</span> 
     </span>
    </p>
   </div>
   <div class='ocr_carea' id='block_1_61' title="bbox 186 4178 625 4244">
    <p class='ocr_par' dir='ltr' id='par_1_61' title="bbox 186 4178 625 4244">
     <span class='ocr_line' id='line_1_61' title="bbox 186 4178 625 4244; baseline -0.011 -9"><span class='ocrx_word' id='word_1_472' title='bbox 186 4183 218 4235; x_wconf 87' lang='lat'><strong>6</strong></span> <span class='ocrx_word' id='word_1_473' title='bbox 250 4178 585 4242; x_wconf 78' lang='grc' dir='ltr'>’Δπόστολος</span> <span class='ocrx_word' id='word_1_474' title='bbox 609 4194 625 4244; x_wconf 88' lang='grc'>;</span> 
     </span>
    </p>
   </div>
   <div class='ocr_carea' id='block_1_62' title="bbox 258 4345 1778 4421">
    <p class='ocr_par' dir='ltr' id='par_1_62' title="bbox 258 4345 1778 4421">
     <span class='ocr_line' id='line_1_62' title="bbox 258 4345 1778 4421; baseline -0.004 -12"><span class='ocrx_word' id='word_1_475' title='bbox 258 4356 358 4409; x_wconf 71' lang='grc'><strong>21.</strong></span> <span class='ocrx_word' id='word_1_476' title='bbox 391 4356 526 4420; x_wconf 80' lang='lat' dir='ltr'><strong>&#39;Ap.</strong></span> <span class='ocrx_word' id='word_1_477' title='bbox 556 4345 709 4404; x_wconf 80' lang='grc' dir='ltr'>εἶπεν</span> <span class='ocrx_word' id='word_1_478' title='bbox 728 4368 743 4382; x_wconf 89' lang='grc'><strong>·</strong></span> <span class='ocrx_word' id='word_1_479' title='bbox 783 4352 857 4403; x_wconf 86' lang='grc' dir='ltr'>Ού</span> <span class='ocrx_word' id='word_1_480' title='bbox 892 4349 1031 4421; x_wconf 76' lang='grc' dir='ltr'><strong>φοϐῇ</strong></span> <span class='ocrx_word' id='word_1_481' title='bbox 1066 4350 1157 4402; x_wconf 75' lang='grc' dir='ltr'>ἐπὶ</span> <span class='ocrx_word' id='word_1_482' title='bbox 1196 4349 1411 4403; x_wconf 85' lang='grc' dir='ltr'>πάντων</span> <span class='ocrx_word' id='word_1_483' title='bbox 1441 4347 1572 4401; x_wconf 89' lang='grc' dir='ltr'>Θεὸν</span> <span class='ocrx_word' id='word_1_484' title='bbox 1601 4349 1778 4417; x_wconf 87' lang='grc' dir='ltr'>λέγειν</span> 
     </span>
    </p>
   </div>
   <div class='ocr_carea' id='block_1_63' title="bbox 188 4439 1779 4517">
    <p class='ocr_par' dir='ltr' id='par_1_63' title="bbox 188 4439 1779 4517">
     <span class='ocr_line' id='line_1_63' title="bbox 188 4439 1779 4517; baseline -0.004 -16"><span class='ocrx_word' id='word_1_485' title='bbox 188 4449 284 4501; x_wconf 82' lang='grc' dir='ltr'><strong>τὸν</strong></span> <span class='ocrx_word' id='word_1_486' title='bbox 313 4446 636 4517; x_wconf 77' lang='grc' dir='ltr'>ᾶνθρωπον;</span> <span class='ocrx_word' id='word_1_487' title='bbox 679 4446 798 4498; x_wconf 90' lang='grc' dir='ltr'><em>Ἀθ.</em></span> <span class='ocrx_word' id='word_1_488' title='bbox 825 4439 946 4496; x_wconf 77' lang='grc' dir='ltr'>εἶπε</span> <span class='ocrx_word' id='word_1_489' title='bbox 970 4461 982 4474; x_wconf 92' lang='grc'><strong>·</strong></span> <span class='ocrx_word' id='word_1_490' title='bbox 1004 4443 1216 4506; x_wconf 80' lang='grc' dir='ltr'>Παῦλος</span> <span class='ocrx_word' id='word_1_491' title='bbox 1241 4444 1340 4496; x_wconf 74' lang='grc' dir='ltr'><strong>οὐκ</strong></span> <span class='ocrx_word' id='word_1_492' title='bbox 1364 4442 1627 4513; x_wconf 78' lang='grc' dir='ltr'><strong>ὲφοὸήθη.</strong></span> <span class='ocrx_word' id='word_1_493' title='bbox 1656 4441 1779 4495; x_wconf 73' lang='grc' dir='ltr'>οὔτε</span> 
     </span>
    </p>
   </div>
   <div class='ocr_carea' id='block_1_64' title="bbox 188 4531 1779 4608">
    <p class='ocr_par' dir='ltr' id='par_1_64' title="bbox 188 4531 1779 4608">
     <span class='ocr_line' id='line_1_64' title="bbox 188 4531 1779 4608; baseline -0.006 -14"><span class='ocrx_word' id='word_1_494' title='bbox 188 4539 307 4608; x_wconf 64' lang='grc' dir='ltr'><strong>ἐγὼ</strong></span> <span class='ocrx_word' id='word_1_495' title='bbox 342 4536 641 4608; x_wconf 76' lang='grc' dir='ltr'>φοϐοῦμαι,</span> <span class='ocrx_word' id='word_1_496' title='bbox 673 4535 756 4586; x_wconf 81' lang='grc' dir='ltr'>ὅτι</span> <span class='ocrx_word' id='word_1_497' title='bbox 799 4533 980 4603; x_wconf 83' lang='grc' dir='ltr'>βλέπω</span> <span class='ocrx_word' id='word_1_498' title='bbox 1023 4535 1087 4586; x_wconf 82' lang='grc' dir='ltr'>ὲκ</span> <span class='ocrx_word' id='word_1_499' title='bbox 1121 4533 1323 4603; x_wconf 79' lang='grc' dir='ltr'>μέρους</span> <span class='ocrx_word' id='word_1_500' title='bbox 1362 4531 1461 4602; x_wconf 80' lang='grc' dir='ltr'>τὴν</span> <span class='ocrx_word' id='word_1_501' title='bbox 1511 4532 1605 4584; x_wconf 86' lang='grc' dir='ltr'><strong>τοῦ</strong></span> <span class='ocrx_word' id='word_1_502' title='bbox 1645 4531 1779 4585; x_wconf 89' lang='grc' dir='ltr'>Θεοῦ</span> 
     </span>
    </p>
   </div>
   <div class='ocr_carea' id='block_1_65' title="bbox 1873 2066 3448 2132">
    <p class='ocr_par' dir='ltr' id='par_1_65' title="bbox 1873 2066 3448 2132">
     <span class='ocr_line' id='line_1_65' title="bbox 1873 2066 3448 2132; baseline -0.001 -9"><span class='ocrx_word' id='word_1_503' title='bbox 1873 2078 1957 2124; x_wconf 88' lang='grc' dir='ltr'><strong>εει</strong></span> <span class='ocrx_word' id='word_1_504' title='bbox 1988 2067 2223 2124; x_wconf 86' lang='lat' dir='ltr'><strong>Verbum</strong></span> <span class='ocrx_word' id='word_1_505' title='bbox 2245 2077 2300 2123; x_wconf 90' lang='lat' dir='ltr'><strong>et</strong></span> <span class='ocrx_word' id='word_1_506' title='bbox 2320 2067 2487 2132; x_wconf 90' lang='lat' dir='ltr'><strong>Deus,</strong></span> <span class='ocrx_word' id='word_1_507' title='bbox 2516 2078 2568 2122; x_wconf 92' lang='lat' dir='ltr'><strong>et</strong></span> <span class='ocrx_word' id='word_1_508' title='bbox 2595 2082 2846 2124; x_wconf 87' lang='lat' dir='ltr'><strong>seorsum</strong></span> <span class='ocrx_word' id='word_1_509' title='bbox 2874 2068 3078 2123; x_wconf 85' lang='lat' dir='ltr'><strong>homo?</strong></span> <span class='ocrx_word' id='word_1_510' title='bbox 3107 2068 3232 2121; x_wconf 80' lang='lat' dir='ltr'><strong>Ath.</strong></span> <span class='ocrx_word' id='word_1_511' title='bbox 3251 2066 3406 2122; x_wconf 80' lang='lat' dir='ltr'><strong>Absit</strong></span> <span class='ocrx_word' id='word_1_512' title='bbox 3430 2068 3448 2121; x_wconf 88' lang='grc' dir='ltr'><strong>ι</strong></span> 
     </span>
    </p>
   </div>
   <div class='ocr_carea' id='block_1_66' title="bbox 1873 2155 3454 2226">
    <p class='ocr_par' dir='ltr' id='par_1_66' title="bbox 1873 2155 3454 2226">
     <span class='ocr_line' id='line_1_66' title="bbox 1873 2155 3454 2226; baseline 0.001 -18"><span class='ocrx_word' id='word_1_513' title='bbox 1873 2156 1969 2210; x_wconf 82' lang='lat' dir='ltr'><strong>Ar.</strong></span> <span class='ocrx_word' id='word_1_514' title='bbox 2001 2155 2099 2209; x_wconf 91' lang='lat' dir='ltr'><strong>Die</strong></span> <span class='ocrx_word' id='word_1_515' title='bbox 2135 2156 2302 2226; x_wconf 90' lang='lat' dir='ltr'><strong>igitur</strong></span> <span class='ocrx_word' id='word_1_516' title='bbox 2324 2169 2562 2225; x_wconf 86' lang='lat' dir='ltr'><strong>quanam</strong></span> <span class='ocrx_word' id='word_1_517' title='bbox 2596 2156 2827 2213; x_wconf 87' lang='lat' dir='ltr'><strong>ratione.</strong></span> <span class='ocrx_word' id='word_1_518' title='bbox 2866 2155 3065 2213; x_wconf 78' lang='lat' dir='ltr'><strong>Dixisti</strong></span> <span class='ocrx_word' id='word_1_519' title='bbox 3088 2157 3234 2212; x_wconf 90' lang='lat' dir='ltr'><strong>enim</strong></span> <span class='ocrx_word' id='word_1_520' title='bbox 3261 2156 3454 2211; x_wconf 85' lang='lat' dir='ltr'><strong>Domi-</strong></span> 
     </span>
    </p>
   </div>
   <div class='ocr_carea' id='block_1_67' title="bbox 1873 2245 3449 2319">
    <p class='ocr_par' dir='ltr' id='par_1_67' title="bbox 1873 2245 3449 2319">
     <span class='ocr_line' id='line_1_67' title="bbox 1873 2245 3449 2319; baseline 0.001 -18"><span class='ocrx_word' id='word_1_521' title='bbox 1873 2262 2004 2302; x_wconf 90' lang='lat' dir='ltr'><strong>num</strong></span> <span class='ocrx_word' id='word_1_522' title='bbox 2038 2245 2208 2301; x_wconf 88' lang='lat' dir='ltr'><strong>Deum</strong></span> <span class='ocrx_word' id='word_1_523' title='bbox 2232 2245 2494 2310; x_wconf 83' lang='lat' dir='ltr'><strong>Verbum,</strong></span> <span class='ocrx_word' id='word_1_524' title='bbox 2524 2254 2579 2301; x_wconf 90' lang='lat' dir='ltr'><strong>et</strong></span> <span class='ocrx_word' id='word_1_525' title='bbox 2611 2248 2874 2318; x_wconf 88' lang='lat' dir='ltr'><strong>templum</strong></span> <span class='ocrx_word' id='word_1_526' title='bbox 2917 2248 3061 2319; x_wconf 89' lang='lat' dir='ltr'><strong>ejus,</strong></span> <span class='ocrx_word' id='word_1_527' title='bbox 3116 2262 3313 2319; x_wconf 91' lang='lat' dir='ltr'><strong>nempe</strong></span> <span class='ocrx_word' id='word_1_528' title='bbox 3346 2248 3449 2303; x_wconf 89' lang='lat' dir='ltr'><strong>ho-</strong></span> 
     </span>
    </p>
   </div>
   <div class='ocr_carea' id='block_1_68' title="bbox 1873 2337 3453 2412">
    <p class='ocr_par' dir='ltr' id='par_1_68' title="bbox 1873 2337 3453 2412">
     <span class='ocr_line' id='line_1_68' title="bbox 1873 2337 3453 2412; baseline 0.003 -18"><span class='ocrx_word' id='word_1_529' title='bbox 1873 2340 2099 2403; x_wconf 89' lang='lat' dir='ltr'><strong>minem,</strong></span> <span class='ocrx_word' id='word_1_530' title='bbox 2124 2338 2376 2394; x_wconf 89' lang='lat' dir='ltr'><strong>similiter</strong></span> <span class='ocrx_word' id='word_1_531' title='bbox 2419 2337 2730 2395; x_wconf 91' lang='lat' dir='ltr'><strong>Dominum.</strong></span> <span class='ocrx_word' id='word_1_532' title='bbox 2769 2339 2883 2412; x_wconf 88' lang='lat' dir='ltr'><strong>Ego</strong></span> <span class='ocrx_word' id='word_1_533' title='bbox 2908 2356 3039 2397; x_wconf 86' lang='lat' dir='ltr'><strong>vero</strong></span> <span class='ocrx_word' id='word_1_534' title='bbox 3074 2356 3275 2397; x_wconf 90' lang='lat' dir='ltr'><strong>censeo</strong></span> <span class='ocrx_word' id='word_1_535' title='bbox 3306 2340 3453 2399; x_wconf 67' lang='lat' dir='ltr'><strong>dm</strong></span> 
     </span>
    </p>
   </div>
   <div class='ocr_carea' id='block_1_69' title="bbox 1874 2429 3473 2501">
    <p class='ocr_par' dir='ltr' id='par_1_69' title="bbox 1874 2429 3473 2501">
     <span class='ocr_line' id='line_1_69' title="bbox 1874 2429 3473 2501; baseline -0.002 -15"><span class='ocrx_word' id='word_1_536' title='bbox 1874 2446 1996 2501; x_wconf 83' lang='lat' dir='ltr'><strong>esse</strong></span> <span class='ocrx_word' id='word_1_537' title='bbox 2053 2430 2337 2485; x_wconf 91' lang='lat' dir='ltr'><strong>Dominos.</strong></span> <span class='ocrx_word' id='word_1_538' title='bbox 2371 2430 2494 2485; x_wconf 85' lang='lat' dir='ltr'><strong>Ath.</strong></span> <span class='ocrx_word' id='word_1_539' title='bbox 2531 2429 2650 2486; x_wconf 90' lang='lat' dir='ltr'><strong>Non</strong></span> <span class='ocrx_word' id='word_1_540' title='bbox 2708 2444 2837 2487; x_wconf 92' lang='lat' dir='ltr'><strong>sunt</strong></span> <span class='ocrx_word' id='word_1_541' title='bbox 2893 2433 3251 2489; x_wconf 78' lang='lat' dir='ltr'><strong>duozabsit!</strong></span> <span class='ocrx_word' id='word_1_542' title='bbox 3287 2432 3473 2491; x_wconf 66' lang='lat' dir='ltr'><strong>Unut‘.</strong></span> 
     </span>
    </p>
   </div>
   <div class='ocr_carea' id='block_1_70' title="bbox 1874 2520 3453 2594">
    <p class='ocr_par' dir='ltr' id='par_1_70' title="bbox 1874 2520 3453 2594">
     <span class='ocr_line' id='line_1_70' title="bbox 1874 2520 3453 2594; baseline 0.002 -18"><span class='ocrx_word' id='word_1_543' title='bbox 1874 2523 2018 2576; x_wconf 88' lang='lat' dir='ltr'><strong>enim</strong></span> <span class='ocrx_word' id='word_1_544' title='bbox 2043 2530 2128 2576; x_wconf 90' lang='lat' dir='ltr'><strong>est</strong></span> <span class='ocrx_word' id='word_1_545' title='bbox 2156 2520 2251 2577; x_wconf 90' lang='lat' dir='ltr'><strong>Dei</strong></span> <span class='ocrx_word' id='word_1_546' title='bbox 2278 2521 2472 2589; x_wconf 86' lang='lat' dir='ltr'><strong>Filius,</strong></span> <span class='ocrx_word' id='word_1_547' title='bbox 2501 2523 2666 2577; x_wconf 89' lang='lat' dir='ltr'><strong>homo</strong></span> <span class='ocrx_word' id='word_1_548' title='bbox 2696 2531 2919 2594; x_wconf 88' lang='lat' dir='ltr'><strong>pr0pter</strong></span> <span class='ocrx_word' id='word_1_549' title='bbox 2938 2540 3041 2580; x_wconf 87' lang='lat' dir='ltr'><strong>nos</strong></span> <span class='ocrx_word' id='word_1_550' title='bbox 3077 2524 3277 2579; x_wconf 81' lang='lat' dir='ltr'><strong>factus.</strong></span> <span class='ocrx_word' id='word_1_551' title='bbox 3308 2523 3453 2579; x_wconf 84' lang='lat' dir='ltr'><strong>Num</strong></span> 
     </span>
    </p>
   </div>
   <div class='ocr_carea' id='block_1_71' title="bbox 1874 2612 3453 2684">
    <p class='ocr_par' dir='ltr' id='par_1_71' title="bbox 1874 2612 3453 2684">
     <span class='ocr_line' id='line_1_71' title="bbox 1874 2612 3453 2684; baseline 0.002 -17"><span class='ocrx_word' id='word_1_552' title='bbox 1874 2612 2023 2667; x_wconf 87' lang='lat' dir='ltr'><strong>enim</strong></span> <span class='ocrx_word' id='word_1_553' title='bbox 2049 2620 2304 2668; x_wconf 91' lang='lat' dir='ltr'><strong>terrenus</strong></span> <span class='ocrx_word' id='word_1_554' title='bbox 2336 2614 2655 2684; x_wconf 85' lang='lat' dir='ltr'><strong>imperator,</strong></span> <span class='ocrx_word' id='word_1_555' title='bbox 2688 2616 2778 2670; x_wconf 90' lang='lat' dir='ltr'><strong>die</strong></span> <span class='ocrx_word' id='word_1_556' title='bbox 2816 2616 2972 2681; x_wconf 90' lang='lat' dir='ltr'><strong>mihi,</strong></span> <span class='ocrx_word' id='word_1_557' title='bbox 3010 2631 3258 2672; x_wconf 87' lang='lat' dir='ltr'><strong>seorsum</strong></span> <span class='ocrx_word' id='word_1_558' title='bbox 3288 2617 3453 2671; x_wconf 92' lang='lat' dir='ltr'><strong>homo</strong></span> 
     </span>
    </p>
   </div>
   <div class='ocr_carea' id='block_1_72' title="bbox 1876 2701 3455 2775">
    <p class='ocr_par' dir='ltr' id='par_1_72' title="bbox 1876 2701 3455 2775">
     <span class='ocr_line' id='line_1_72' title="bbox 1876 2701 3455 2775; baseline 0.004 -20"><span class='ocrx_word' id='word_1_559' title='bbox 1876 2701 2130 2772; x_wconf 90' lang='lat' dir='ltr'><strong>imperat,</strong></span> <span class='ocrx_word' id='word_1_560' title='bbox 2155 2709 2207 2757; x_wconf 89' lang='lat' dir='ltr'><strong>et</strong></span> <span class='ocrx_word' id='word_1_561' title='bbox 2239 2718 2491 2759; x_wconf 89' lang='lat' dir='ltr'><strong>seorsum</strong></span> <span class='ocrx_word' id='word_1_562' title='bbox 2524 2718 2789 2775; x_wconf 87' lang='lat' dir='ltr'><strong>purpura,</strong></span> <span class='ocrx_word' id='word_1_563' title='bbox 2833 2705 3046 2759; x_wconf 82' lang='lat' dir='ltr'><strong>necne?</strong></span> <span class='ocrx_word' id='word_1_564' title='bbox 3075 2704 3168 2758; x_wconf 85' lang='lat' dir='ltr'><strong>Ar.</strong></span> <span class='ocrx_word' id='word_1_565' title='bbox 3198 2705 3301 2771; x_wconf 84' lang='lat' dir='ltr'><strong>Qui</strong></span> <span class='ocrx_word' id='word_1_566' title='bbox 3332 2704 3455 2761; x_wconf 78' lang='lat' dir='ltr'><strong>ﬁeri</strong></span> 
     </span>
    </p>
   </div>
   <div class='ocr_carea' id='block_1_73' title="bbox 1875 2797 3455 2869">
    <p class='ocr_par' dir='ltr' id='par_1_73' title="bbox 1875 2797 3455 2869">
     <span class='ocr_line' id='line_1_73' title="bbox 1875 2797 3455 2869; baseline 0.002 -20"><span class='ocrx_word' id='word_1_567' title='bbox 1875 2808 2039 2865; x_wconf 85' lang='lat' dir='ltr'><strong>queat</strong></span> <span class='ocrx_word' id='word_1_568' title='bbox 2089 2805 2148 2851; x_wconf 94' lang='lat' dir='ltr'><strong>ut</strong></span> <span class='ocrx_word' id='word_1_569' title='bbox 2175 2798 2259 2851; x_wconf 90' lang='lat' dir='ltr'><strong>vel</strong></span> <span class='ocrx_word' id='word_1_570' title='bbox 2294 2797 2458 2852; x_wconf 91' lang='lat' dir='ltr'><strong>homo</strong></span> <span class='ocrx_word' id='word_1_571' title='bbox 2490 2798 2697 2867; x_wconf 86' lang='lat' dir='ltr'><strong>absque</strong></span> <span class='ocrx_word' id='word_1_572' title='bbox 2754 2813 2999 2869; x_wconf 88' lang='lat' dir='ltr'><strong>purpura</strong></span> <span class='ocrx_word' id='word_1_573' title='bbox 3056 2799 3308 2869; x_wconf 87' lang='lat' dir='ltr'><strong>imperet,</strong></span> <span class='ocrx_word' id='word_1_574' title='bbox 3364 2798 3455 2855; x_wconf 92' lang='lat' dir='ltr'><strong>vel</strong></span> 
     </span>
    </p>
   </div>
   <div class='ocr_carea' id='block_1_74' title="bbox 1877 2888 3455 2962">
    <p class='ocr_par' dir='ltr' id='par_1_74' title="bbox 1877 2888 3455 2962">
     <span class='ocr_line' id='line_1_74' title="bbox 1877 2888 3455 2962; baseline 0 -17"><span class='ocrx_word' id='word_1_575' title='bbox 1877 2903 2124 2945; x_wconf 90' lang='lat' dir='ltr'><strong>seorsum</strong></span> <span class='ocrx_word' id='word_1_576' title='bbox 2158 2897 2344 2959; x_wconf 82' lang='lat' dir='ltr'><strong>regnet</strong></span> <span class='ocrx_word' id='word_1_577' title='bbox 2377 2890 2665 2959; x_wconf 71' lang='lat' dir='ltr'><strong>purpura?</strong></span> <span class='ocrx_word' id='word_1_578' title='bbox 2697 2888 2809 2944; x_wconf 86' lang='lat' dir='ltr'><strong>Nec</strong></span> <span class='ocrx_word' id='word_1_579' title='bbox 2839 2899 3023 2945; x_wconf 85' lang='lat' dir='ltr'><strong>tamen</strong></span> <span class='ocrx_word' id='word_1_580' title='bbox 3046 2906 3133 2946; x_wconf 92' lang='lat' dir='ltr'><strong>me</strong></span> <span class='ocrx_word' id='word_1_581' title='bbox 3160 2890 3299 2962; x_wconf 82' lang='lat' dir='ltr'><strong>fugit</strong></span> <span class='ocrx_word' id='word_1_582' title='bbox 3319 2891 3455 2961; x_wconf 90' lang='lat' dir='ltr'><strong>quid</strong></span> 
     </span>
    </p>
   </div>
   <div class='ocr_carea' id='block_1_75' title="bbox 1876 2979 3455 3053">
    <p class='ocr_par' dir='ltr' id='par_1_75' title="bbox 1876 2979 3455 3053">
     <span class='ocr_line' id='line_1_75' title="bbox 1876 2979 3455 3053; baseline 0.003 -20"><span class='ocrx_word' id='word_1_583' title='bbox 1876 2979 2194 3050; x_wconf 68' lang='lat' dir='ltr'><strong>huiusmodi</strong></span> <span class='ocrx_word' id='word_1_584' title='bbox 2255 2981 2506 3050; x_wconf 80' lang='lat' dir='ltr'><strong>exemplo</strong></span> <span class='ocrx_word' id='word_1_585' title='bbox 2550 2981 2689 3036; x_wconf 82' lang='lat' dir='ltr'><strong>velis</strong></span> <span class='ocrx_word' id='word_1_586' title='bbox 2722 2980 2988 3036; x_wconf 89' lang='lat' dir='ltr'><strong>indicare.</strong></span> <span class='ocrx_word' id='word_1_587' title='bbox 3036 2980 3159 3038; x_wconf 84' lang='lat' dir='ltr'><strong>Ath.</strong></span> <span class='ocrx_word' id='word_1_588' title='bbox 3194 2980 3252 3037; x_wconf 89' lang='lat' dir='ltr'><strong>Si</strong></span> <span class='ocrx_word' id='word_1_589' title='bbox 3287 2983 3455 3053; x_wconf 77' lang='lat' dir='ltr'><strong>igitur</strong></span> 
     </span>
    </p>
   </div>
   <div class='ocr_carea' id='block_1_76' title="bbox 1877 3068 3454 3143">
    <p class='ocr_par' dir='ltr' id='par_1_76' title="bbox 1877 3068 3454 3143">
     <span class='ocr_line' id='line_1_76' title="bbox 1877 3068 3454 3143; baseline 0.001 -19"><span class='ocrx_word' id='word_1_590' title='bbox 1877 3070 1996 3126; x_wconf 83' lang='lat' dir='ltr'><strong>ﬁeri</strong></span> <span class='ocrx_word' id='word_1_591' title='bbox 2058 3084 2167 3123; x_wconf 88' lang='lat' dir='ltr'><strong>non</strong></span> <span class='ocrx_word' id='word_1_592' title='bbox 2209 3076 2411 3139; x_wconf 87' lang='lat' dir='ltr'><strong>potest,</strong></span> <span class='ocrx_word' id='word_1_593' title='bbox 2462 3076 2522 3124; x_wconf 91' lang='lat' dir='ltr'><strong>ut</strong></span> <span class='ocrx_word' id='word_1_594' title='bbox 2567 3068 2679 3125; x_wconf 94' lang='lat' dir='ltr'><strong>duo</strong></span> <span class='ocrx_word' id='word_1_595' title='bbox 2740 3071 3103 3140; x_wconf 89' lang='lat' dir='ltr'><strong>imperatores</strong></span> <span class='ocrx_word' id='word_1_596' title='bbox 3149 3069 3454 3143; x_wconf 89' lang='lat' dir='ltr'><strong>(hominem</strong></span> 
     </span>
    </p>
   </div>
   <div class='ocr_carea' id='block_1_77' title="bbox 1877 3160 3457 3233">
    <p class='ocr_par' dir='ltr' id='par_1_77' title="bbox 1877 3160 3457 3233">
     <span class='ocr_line' id='line_1_77' title="bbox 1877 3160 3457 3233; baseline -0.001 -14"><span class='ocrx_word' id='word_1_597' title='bbox 1877 3163 2091 3219; x_wconf 89' lang='lat' dir='ltr'><strong>scilicet</strong></span> <span class='ocrx_word' id='word_1_598' title='bbox 2116 3162 2366 3232; x_wconf 80' lang='lat' dir='ltr'><strong>intelligo</strong></span> <span class='ocrx_word' id='word_1_599' title='bbox 2393 3169 2448 3217; x_wconf 89' lang='lat' dir='ltr'><strong>et</strong></span> <span class='ocrx_word' id='word_1_600' title='bbox 2478 3161 2805 3233; x_wconf 89' lang='lat' dir='ltr'><strong>purpuram)</strong></span> <span class='ocrx_word' id='word_1_601' title='bbox 2838 3160 2905 3216; x_wconf 92' lang='lat' dir='ltr'><strong>de</strong></span> <span class='ocrx_word' id='word_1_602' title='bbox 2952 3177 3065 3217; x_wconf 87' lang='lat' dir='ltr'><strong>uno</strong></span> <span class='ocrx_word' id='word_1_603' title='bbox 3122 3162 3457 3233; x_wconf 82' lang='lat' dir='ltr'><strong>imperatore</strong></span> 
     </span>
    </p>
   </div>
   <div class='ocr_carea' id='block_1_78' title="bbox 1877 3249 3456 3323">
    <p class='ocr_par' dir='ltr' id='par_1_78' title="bbox 1877 3249 3456 3323">
     <span class='ocr_line' id='line_1_78' title="bbox 1877 3249 3456 3323; baseline -0.002 -14"><span class='ocrx_word' id='word_1_604' title='bbox 1877 3253 2134 3309; x_wconf 88' lang='lat' dir='ltr'><strong>dicantur</strong></span> <span class='ocrx_word' id='word_1_605' title='bbox 2165 3273 2177 3307; x_wconf 89' lang='lat'>:</span> <span class='ocrx_word' id='word_1_606' title='bbox 2215 3269 2335 3318; x_wconf 91' lang='lat' dir='ltr'><strong>cur,</strong></span> <span class='ocrx_word' id='word_1_607' title='bbox 2364 3267 2573 3323; x_wconf 64' lang='lat' dir='ltr'><strong>quaeso,</strong></span> <span class='ocrx_word' id='word_1_608' title='bbox 2606 3266 2854 3307; x_wconf 86' lang='lat' dir='ltr'><strong>seorsum</strong></span> <span class='ocrx_word' id='word_1_609' title='bbox 2884 3249 3050 3306; x_wconf 90' lang='lat' dir='ltr'><strong>Verbi</strong></span> <span class='ocrx_word' id='word_1_610' title='bbox 3082 3258 3137 3306; x_wconf 90' lang='lat' dir='ltr'><strong>et</strong></span> <span class='ocrx_word' id='word_1_611' title='bbox 3166 3249 3263 3305; x_wconf 89' lang='lat' dir='ltr'><strong>Dei</strong></span> <span class='ocrx_word' id='word_1_612' title='bbox 3285 3267 3456 3322; x_wconf 89' lang='lat' dir='ltr'><strong>agno-</strong></span> 
     </span>
    </p>
   </div>
   <div class='ocr_carea' id='block_1_79' title="bbox 1880 3345 3457 3414">
    <p class='ocr_par' dir='ltr' id='par_1_79' title="bbox 1880 3345 3457 3414">
     <span class='ocr_line' id='line_1_79' title="bbox 1880 3345 3457 3414; baseline -0.003 -11"><span class='ocrx_word' id='word_1_613' title='bbox 1880 3362 2095 3403; x_wconf 83' lang='lat' dir='ltr'><strong>scemus</strong></span> <span class='ocrx_word' id='word_1_614' title='bbox 2123 3345 2487 3411; x_wconf 87' lang='lat' dir='ltr'><strong>dominatum,</strong></span> <span class='ocrx_word' id='word_1_615' title='bbox 2516 3346 2810 3414; x_wconf 86' lang='lat' dir='ltr'><strong>carnisque</strong></span> <span class='ocrx_word' id='word_1_616' title='bbox 2842 3353 3044 3399; x_wconf 74' lang='lat' dir='ltr'><strong>sanctae</strong></span> <span class='ocrx_word' id='word_1_617' title='bbox 3098 3349 3155 3399; x_wconf 88' lang='lat' dir='ltr'><strong>et</strong></span> <span class='ocrx_word' id='word_1_618' title='bbox 3201 3346 3457 3413; x_wconf 65' lang='lat' dir='ltr'><strong>pretiosa</strong></span> 
     </span>
    </p>
   </div>
   <div class='ocr_carea' id='block_1_80' title="bbox 1879 3435 3457 3509">
    <p class='ocr_par' dir='ltr' id='par_1_80' title="bbox 1879 3435 3457 3509">
     <span class='ocr_line' id='line_1_80' title="bbox 1879 3435 3457 3509; baseline -0.003 -16"><span class='ocrx_word' id='word_1_619' title='bbox 1879 3439 2169 3509; x_wconf 87' lang='lat' dir='ltr'><strong>imperium</strong></span> <span class='ocrx_word' id='word_1_620' title='bbox 2209 3437 2636 3507; x_wconf 88' lang='lat' dir='ltr'><strong>distinguemus,</strong></span> <span class='ocrx_word' id='word_1_621' title='bbox 2677 3451 2820 3506; x_wconf 65' lang='lat' dir='ltr'><strong>quae,</strong></span> <span class='ocrx_word' id='word_1_622' title='bbox 2857 3437 3037 3490; x_wconf 77' lang='lat' dir='ltr'><strong>instar</strong></span> <span class='ocrx_word' id='word_1_623' title='bbox 3071 3450 3351 3505; x_wconf 59' lang='lat' dir='ltr'><strong>purpurat,</strong></span> <span class='ocrx_word' id='word_1_624' title='bbox 3376 3435 3457 3489; x_wconf 87' lang='lat' dir='ltr'><strong>in-</strong></span> 
     </span>
    </p>
   </div>
   <div class='ocr_carea' id='block_1_81' title="bbox 1877 3526 3458 3599">
    <p class='ocr_par' dir='ltr' id='par_1_81' title="bbox 1877 3526 3458 3599">
     <span class='ocr_line' id='line_1_81' title="bbox 1877 3526 3458 3599; baseline -0.003 -15"><span class='ocrx_word' id='word_1_625' title='bbox 1877 3530 2197 3585; x_wconf 90' lang='lat' dir='ltr'><strong>dumentum</strong></span> <span class='ocrx_word' id='word_1_626' title='bbox 2275 3528 2421 3583; x_wconf 81' lang='lat' dir='ltr'><strong>facta</strong></span> <span class='ocrx_word' id='word_1_627' title='bbox 2491 3536 2611 3595; x_wconf 90' lang='lat' dir='ltr'><strong>est;</strong></span> <span class='ocrx_word' id='word_1_628' title='bbox 2674 3529 2878 3599; x_wconf 91' lang='lat' dir='ltr'><strong>quippe</strong></span> <span class='ocrx_word' id='word_1_629' title='bbox 2925 3542 3049 3597; x_wconf 68' lang='lat' dir='ltr'><strong>qua:</strong></span> <span class='ocrx_word' id='word_1_630' title='bbox 3105 3526 3458 3597; x_wconf 75' lang='lat' dir='ltr'><strong>imperatoris</strong></span> 
     </span>
    </p>
   </div>
   <div class='ocr_carea' id='block_1_82' title="bbox 1877 3617 3457 3688">
    <p class='ocr_par' dir='ltr' id='par_1_82' title="bbox 1877 3617 3457 3688">
     <span class='ocr_line' id='line_1_82' title="bbox 1877 3617 3457 3688; baseline -0.002 -15"><span class='ocrx_word' id='word_1_631' title='bbox 1877 3620 2044 3676; x_wconf 88' lang='lat' dir='ltr'><strong>Verbi</strong></span> <span class='ocrx_word' id='word_1_632' title='bbox 2072 3619 2169 3676; x_wconf 89' lang='lat' dir='ltr'><strong>Dei</strong></span> <span class='ocrx_word' id='word_1_633' title='bbox 2201 3619 2345 3675; x_wconf 83' lang='lat' dir='ltr'><strong>facta</strong></span> <span class='ocrx_word' id='word_1_634' title='bbox 2375 3619 2449 3675; x_wconf 89' lang='lat' dir='ltr'><strong>sit</strong></span> <span class='ocrx_word' id='word_1_635' title='bbox 2473 3618 2890 3674; x_wconf 82' lang='lat' dir='ltr'><strong>indumentum?</strong></span> <span class='ocrx_word' id='word_1_636' title='bbox 2917 3617 3024 3673; x_wconf 87' lang='lat' dir='ltr'><strong>Sed</strong></span> <span class='ocrx_word' id='word_1_637' title='bbox 3061 3624 3117 3672; x_wconf 89' lang='lat' dir='ltr'><strong>et</strong></span> <span class='ocrx_word' id='word_1_638' title='bbox 3173 3618 3457 3688; x_wconf 75' lang='lat' dir='ltr'><strong>apostolus</strong></span> 
     </span>
    </p>
   </div>
   <div class='ocr_carea' id='block_1_83' title="bbox 1875 3707 3458 3779">
    <p class='ocr_par' dir='ltr' id='par_1_83' title="bbox 1875 3707 3458 3779">
     <span class='ocr_line' id='line_1_83' title="bbox 1875 3707 3458 3779; baseline -0.004 -12"><span class='ocrx_word' id='word_1_639' title='bbox 1875 3710 2082 3768; x_wconf 88' lang='lat' dir='ltr'><strong>Paulus</strong></span> <span class='ocrx_word' id='word_1_640' title='bbox 2107 3711 2473 3766; x_wconf 89' lang='lat' dir='ltr'><strong>disertissime</strong></span> <span class='ocrx_word' id='word_1_641' title='bbox 2498 3711 2764 3765; x_wconf 87' lang='lat' dir='ltr'><strong>unitatem</strong></span> <span class='ocrx_word' id='word_1_642' title='bbox 2788 3709 3129 3775; x_wconf 89' lang='lat' dir='ltr'><strong>dominatus,</strong></span> <span class='ocrx_word' id='word_1_643' title='bbox 3161 3710 3323 3779; x_wconf 84' lang='lat' dir='ltr'><strong>quem</strong></span> <span class='ocrx_word' id='word_1_644' title='bbox 3358 3707 3458 3762; x_wconf 89' lang='lat' dir='ltr'><strong>Do-</strong></span> 
     </span>
    </p>
   </div>
   <div class='ocr_carea' id='block_1_84' title="bbox 1880 3797 3459 3865">
    <p class='ocr_par' dir='ltr' id='par_1_84' title="bbox 1880 3797 3459 3865">
     <span class='ocr_line' id='line_1_84' title="bbox 1880 3797 3459 3865; baseline -0.003 -9"><span class='ocrx_word' id='word_1_645' title='bbox 1880 3803 2118 3858; x_wconf 82' lang='lat' dir='ltr'><strong>minicus</strong></span> <span class='ocrx_word' id='word_1_646' title='bbox 2140 3801 2306 3856; x_wconf 93' lang='lat' dir='ltr'><strong>homo</strong></span> <span class='ocrx_word' id='word_1_647' title='bbox 2340 3816 2465 3856; x_wconf 92' lang='lat' dir='ltr'><strong>cum</strong></span> <span class='ocrx_word' id='word_1_648' title='bbox 2497 3798 2608 3856; x_wconf 88' lang='lat' dir='ltr'><strong>Deo</strong></span> <span class='ocrx_word' id='word_1_649' title='bbox 2632 3799 2812 3854; x_wconf 78' lang='lat' dir='ltr'><strong>Verbo</strong></span> <span class='ocrx_word' id='word_1_650' title='bbox 2845 3799 3078 3865; x_wconf 89' lang='lat' dir='ltr'><strong>obtinet,</strong></span> <span class='ocrx_word' id='word_1_651' title='bbox 3104 3797 3192 3855; x_wconf 90' lang='lat' dir='ltr'><strong>his</strong></span> <span class='ocrx_word' id='word_1_652' title='bbox 3213 3799 3459 3855; x_wconf 86' lang='lat' dir='ltr'><strong>declarat</strong></span> 
     </span>
    </p>
   </div>
   <div class='ocr_carea' id='block_1_85' title="bbox 1878 3888 3459 3963">
    <p class='ocr_par' dir='ltr' id='par_1_85' title="bbox 1878 3888 3459 3963">
     <span class='ocr_line' id='line_1_85' title="bbox 1878 3888 3459 3963; baseline -0.002 -15"><span class='ocrx_word' id='word_1_653' title='bbox 1878 3896 2060 3950; x_wconf 86' lang='lat' dir='ltr'><strong>verbis</strong></span> <span class='ocrx_word' id='word_1_654' title='bbox 2102 3912 2114 3946; x_wconf 90' lang='lat'><strong>:</strong></span> <span class='ocrx_word' id='word_1_655' title='bbox 2147 3912 2166 3945; x_wconf 78' lang='grc' dir='ltr'><strong>ι</strong></span> <span class='ocrx_word' id='word_1_656' title='bbox 2203 3893 2448 3960; x_wconf 85' lang='lat' dir='ltr'><strong>Quorum</strong></span> <span class='ocrx_word' id='word_1_657' title='bbox 2496 3900 2706 3963; x_wconf 89' lang='lat' dir='ltr'><strong>patres,</strong></span> <span class='ocrx_word' id='word_1_658' title='bbox 2740 3898 2795 3947; x_wconf 92' lang='lat' dir='ltr'><strong>et</strong></span> <span class='ocrx_word' id='word_1_659' title='bbox 2828 3907 2894 3947; x_wconf 79' lang='lat' dir='ltr'><strong>ex</strong></span> <span class='ocrx_word' id='word_1_660' title='bbox 2916 3890 3119 3962; x_wconf 90' lang='lat' dir='ltr'><strong>quibus</strong></span> <span class='ocrx_word' id='word_1_661' title='bbox 3163 3888 3459 3953; x_wconf 69' lang='lat' dir='ltr'><strong>est,Chri—</strong></span> 
     </span>
    </p>
   </div>
   <div class='ocr_carea' id='block_1_86' title="bbox 1879 3980 3458 4053">
    <p class='ocr_par' dir='ltr' id='par_1_86' title="bbox 1879 3980 3458 4053">
     <span class='ocr_line' id='line_1_86' title="bbox 1879 3980 3458 4053; baseline -0.004 -10"><span class='ocrx_word' id='word_1_662' title='bbox 1879 3995 1998 4044; x_wconf 90' lang='lat' dir='ltr'><strong>stus</strong></span> <span class='ocrx_word' id='word_1_663' title='bbox 2028 3984 2329 4042; x_wconf 88' lang='lat' dir='ltr'><strong>secundum</strong></span> <span class='ocrx_word' id='word_1_664' title='bbox 2364 4000 2609 4048; x_wconf 88' lang='lat' dir='ltr'><strong>carnem,</strong></span> <span class='ocrx_word' id='word_1_665' title='bbox 2654 3984 2747 4053; x_wconf 91' lang='lat' dir='ltr'><strong>qui</strong></span> <span class='ocrx_word' id='word_1_666' title='bbox 2782 3991 2867 4039; x_wconf 90' lang='lat' dir='ltr'><strong>est</strong></span> <span class='ocrx_word' id='word_1_667' title='bbox 2901 3997 3068 4053; x_wconf 91' lang='lat' dir='ltr'><strong>super</strong></span> <span class='ocrx_word' id='word_1_668' title='bbox 3100 3982 3285 4037; x_wconf 88' lang='lat' dir='ltr'><strong>omnia</strong></span> <span class='ocrx_word' id='word_1_669' title='bbox 3311 3980 3458 4037; x_wconf 88' lang='lat' dir='ltr'><strong>Deus</strong></span> 
     </span>
    </p>
   </div>
   <div class='ocr_carea' id='block_1_87' title="bbox 1878 4073 3454 4144">
    <p class='ocr_par' dir='ltr' id='par_1_87' title="bbox 1878 4073 3454 4144">
     <span class='ocr_line' id='line_1_87' title="bbox 1878 4073 3454 4144; baseline -0.005 -10"><span class='ocrx_word' id='word_1_670' title='bbox 1878 4079 1934 4134; x_wconf 90' lang='lat' dir='ltr'><strong>in</strong></span> <span class='ocrx_word' id='word_1_671' title='bbox 1965 4080 2188 4135; x_wconf 69' lang='lat' dir='ltr'><strong>srecula.</strong></span> <span class='ocrx_word' id='word_1_672' title='bbox 2208 4078 2383 4133; x_wconf 85' lang='lat' dir='ltr'><strong>Amen</strong></span> <span class='ocrx_word' id='word_1_673' title='bbox 2400 4077 2466 4131; x_wconf 77' lang='grc'><strong>⁸³.</strong></span> <span class='ocrx_word' id='word_1_674' title='bbox 2494 4095 2512 4127; x_wconf 77' lang='grc' dir='ltr'><strong>ι</strong></span> <span class='ocrx_word' id='word_1_675' title='bbox 2544 4075 2782 4130; x_wconf 86' lang='lat' dir='ltr'><strong>Videsne</strong></span> <span class='ocrx_word' id='word_1_676' title='bbox 2802 4073 3121 4144; x_wconf 86' lang='lat' dir='ltr'><strong>Apostolum</strong></span> <span class='ocrx_word' id='word_1_677' title='bbox 3142 4086 3266 4126; x_wconf 92' lang='lat' dir='ltr'><strong>eum</strong></span> <span class='ocrx_word' id='word_1_678' title='bbox 3288 4085 3454 4139; x_wconf 80' lang='lat' dir='ltr'><strong>agno-</strong></span> 
     </span>
    </p>
   </div>
   <div class='ocr_carea' id='block_1_88' title="bbox 1879 4162 3459 4238">
    <p class='ocr_par' dir='ltr' id='par_1_88' title="bbox 1879 4162 3459 4238">
     <span class='ocr_line' id='line_1_88' title="bbox 1879 4162 3459 4238; baseline -0.005 -11"><span class='ocrx_word' id='word_1_679' title='bbox 1879 4187 2033 4227; x_wconf 91' lang='lat' dir='ltr'><strong>scere</strong></span> <span class='ocrx_word' id='word_1_680' title='bbox 2067 4170 2259 4234; x_wconf 89' lang='lat' dir='ltr'><strong>Deum,</strong></span> <span class='ocrx_word' id='word_1_681' title='bbox 2291 4169 2387 4238; x_wconf 91' lang='lat' dir='ltr'><strong>qui</strong></span> <span class='ocrx_word' id='word_1_682' title='bbox 2434 4175 2519 4224; x_wconf 91' lang='lat' dir='ltr'><strong>est</strong></span> <span class='ocrx_word' id='word_1_683' title='bbox 2566 4182 2730 4237; x_wconf 88' lang='lat' dir='ltr'><strong>super</strong></span> <span class='ocrx_word' id='word_1_684' title='bbox 2778 4166 2984 4231; x_wconf 89' lang='lat' dir='ltr'><strong>omnia,</strong></span> <span class='ocrx_word' id='word_1_685' title='bbox 3015 4163 3109 4235; x_wconf 92' lang='lat' dir='ltr'><strong>qui</strong></span> <span class='ocrx_word' id='word_1_686' title='bbox 3146 4178 3213 4218; x_wconf 78' lang='lat' dir='ltr'><strong>ex</strong></span> <span class='ocrx_word' id='word_1_687' title='bbox 3247 4162 3459 4219; x_wconf 85' lang='lat' dir='ltr'><strong>semine</strong></span> 
     </span>
    </p>
   </div>
   <div class='ocr_carea' id='block_1_89' title="bbox 1879 4261 2195 4318">
    <p class='ocr_par' dir='ltr' id='par_1_89' title="bbox 1879 4261 2195 4318">
     <span class='ocr_line' id='line_1_89' title="bbox 1879 4261 2195 4318; baseline -0.013 0"><span class='ocrx_word' id='word_1_688' title='bbox 1879 4264 1951 4318; x_wconf 84' lang='lat' dir='ltr'><strong>sit</strong></span> <span class='ocrx_word' id='word_1_689' title='bbox 1981 4261 2151 4316; x_wconf 79' lang='lat' dir='ltr'><strong>David</strong></span> <span class='ocrx_word' id='word_1_690' title='bbox 2173 4262 2195 4314; x_wconf 88' lang='lat'><strong>?</strong></span> 
     </span>
    </p>
   </div>
   <div class='ocr_carea' id='block_1_90' title="bbox 1947 4350 3458 4420">
    <p class='ocr_par' dir='ltr' id='par_1_90' title="bbox 1947 4350 3458 4420">
     <span class='ocr_line' id='line_1_90' title="bbox 1947 4350 3458 4420; baseline -0.006 -11"><span class='ocrx_word' id='word_1_691' title='bbox 1947 4355 2037 4409; x_wconf 75' lang='lat'><strong>2|.</strong></span> <span class='ocrx_word' id='word_1_692' title='bbox 2078 4355 2174 4408; x_wconf 81' lang='lat' dir='ltr'><strong>Ar.</strong></span> <span class='ocrx_word' id='word_1_693' title='bbox 2207 4355 2342 4409; x_wconf 78' lang='lat' dir='ltr'><strong>dixit</strong></span> <span class='ocrx_word' id='word_1_694' title='bbox 2373 4372 2385 4407; x_wconf 93' lang='lat'><strong>:</strong></span> <span class='ocrx_word' id='word_1_695' title='bbox 2413 4353 2558 4407; x_wconf 87' lang='lat' dir='ltr'><strong>Nihil</strong></span> <span class='ocrx_word' id='word_1_696' title='bbox 2589 4352 2798 4408; x_wconf 88' lang='lat' dir='ltr'><strong>vereris</strong></span> <span class='ocrx_word' id='word_1_697' title='bbox 2840 4350 3010 4405; x_wconf 91' lang='lat' dir='ltr'><strong>Deum</strong></span> <span class='ocrx_word' id='word_1_698' title='bbox 3046 4350 3139 4420; x_wconf 90' lang='lat' dir='ltr'><strong>qui</strong></span> <span class='ocrx_word' id='word_1_699' title='bbox 3178 4354 3265 4403; x_wconf 86' lang='lat' dir='ltr'><strong>est</strong></span> <span class='ocrx_word' id='word_1_700' title='bbox 3293 4362 3458 4418; x_wconf 90' lang='lat' dir='ltr'><strong>super</strong></span> 
     </span>
    </p>
   </div>
   <div class='ocr_carea' id='block_1_91' title="bbox 1880 4437 3461 4507">
    <p class='ocr_par' dir='ltr' id='par_1_91' title="bbox 1880 4437 3461 4507">
     <span class='ocr_line' id='line_1_91' title="bbox 1880 4437 3461 4507; baseline -0.007 -7"><span class='ocrx_word' id='word_1_701' title='bbox 1880 4446 2084 4507; x_wconf 89' lang='lat' dir='ltr'><strong>omnia,</strong></span> <span class='ocrx_word' id='word_1_702' title='bbox 2109 4444 2386 4499; x_wconf 89' lang='lat' dir='ltr'><strong>hominem</strong></span> <span class='ocrx_word' id='word_1_703' title='bbox 2415 4444 2635 4499; x_wconf 86' lang='lat' dir='ltr'><strong>dicere?</strong></span> <span class='ocrx_word' id='word_1_704' title='bbox 2657 4441 2781 4496; x_wconf 82' lang='lat' dir='ltr'><strong>Ath.</strong></span> <span class='ocrx_word' id='word_1_705' title='bbox 2815 4439 3020 4495; x_wconf 89' lang='lat' dir='ltr'><strong>Paulus</strong></span> <span class='ocrx_word' id='word_1_706' title='bbox 3053 4454 3163 4493; x_wconf 90' lang='lat' dir='ltr'><strong>non</strong></span> <span class='ocrx_word' id='word_1_707' title='bbox 3193 4444 3279 4493; x_wconf 87' lang='lat' dir='ltr'><strong>est</strong></span> <span class='ocrx_word' id='word_1_708' title='bbox 3316 4437 3461 4491; x_wconf 82' lang='lat' dir='ltr'><strong>veri-</strong></span> 
     </span>
    </p>
   </div>
   <div class='ocr_carea' id='block_1_92' title="bbox 1881 4527 3462 4607">
    <p class='ocr_par' dir='ltr' id='par_1_92' title="bbox 1881 4527 3462 4607">
     <span class='ocr_line' id='line_1_92' title="bbox 1881 4527 3462 4607; baseline -0.007 -16"><span class='ocrx_word' id='word_1_709' title='bbox 1881 4548 1992 4601; x_wconf 91' lang='lat' dir='ltr'><strong>tus,</strong></span> <span class='ocrx_word' id='word_1_710' title='bbox 2021 4553 2121 4592; x_wconf 90' lang='lat' dir='ltr'><strong>nec</strong></span> <span class='ocrx_word' id='word_1_711' title='bbox 2157 4553 2258 4607; x_wconf 87' lang='lat' dir='ltr'><strong>ego</strong></span> <span class='ocrx_word' id='word_1_712' title='bbox 2296 4552 2509 4599; x_wconf 87' lang='lat' dir='ltr'><strong>vereor,</strong></span> <span class='ocrx_word' id='word_1_713' title='bbox 2549 4536 2755 4606; x_wconf 92' lang='lat' dir='ltr'><strong>quippe</strong></span> <span class='ocrx_word' id='word_1_714' title='bbox 2800 4533 2895 4603; x_wconf 92' lang='lat' dir='ltr'><strong>qui</strong></span> <span class='ocrx_word' id='word_1_715' title='bbox 2931 4548 3000 4587; x_wconf 81' lang='lat' dir='ltr'><strong>ex</strong></span> <span class='ocrx_word' id='word_1_716' title='bbox 3044 4541 3199 4602; x_wconf 91' lang='lat' dir='ltr'><strong>parte</strong></span> <span class='ocrx_word' id='word_1_717' title='bbox 3246 4527 3462 4584; x_wconf 85' lang='lat' dir='ltr'><strong>videam</strong></span> 
     </span>
    </p>
   </div>
   <div class='ocr_carea' id='block_1_93' title="bbox 184 4619 1773 4700">
    <p class='ocr_par' dir='ltr' id='par_1_93' title="bbox 184 4621 1773 4700">
     <span class='ocr_line' id='line_1_93' title="bbox 184 4621 1773 4700; baseline -0.005 -14"><span class='ocrx_word' id='word_1_718' title='bbox 184 4630 534 4700; x_wconf 83' lang='grc' dir='ltr'>οἰκονομίαν.</span> <span class='ocrx_word' id='word_1_719' title='bbox 572 4629 699 4695; x_wconf 83' lang='grc' dir='ltr'>Ἀρ.</span> <span class='ocrx_word' id='word_1_720' title='bbox 724 4621 845 4681; x_wconf 80' lang='grc' dir='ltr'>εἷπε</span> <span class='ocrx_word' id='word_1_721' title='bbox 866 4642 881 4657; x_wconf 77' lang='grc' dir='ltr'><strong>ο</strong></span> <span class='ocrx_word' id='word_1_722' title='bbox 907 4624 1076 4678; x_wconf 90' lang='grc' dir='ltr'>Ποίαν</span> <span class='ocrx_word' id='word_1_723' title='bbox 1098 4624 1435 4694; x_wconf 87' lang='grc' dir='ltr'>οἰκονομίαν;</span> <span class='ocrx_word' id='word_1_724' title='bbox 1475 4626 1595 4679; x_wconf 86' lang='grc' dir='ltr'><em>Ἀθ.</em></span> <span class='ocrx_word' id='word_1_725' title='bbox 1622 4621 1743 4678; x_wconf 86' lang='grc' dir='ltr'>εἷπε</span> <span class='ocrx_word' id='word_1_726' title='bbox 1761 4640 1773 4654; x_wconf 91' lang='grc'><strong>·</strong></span> 
     </span>
    </p>
   </div>
   <div class='ocr_carea' id='block_1_94' title="bbox 1881 4619 3458 4700">
    <p class='ocr_par' dir='ltr' id='par_1_94' title="bbox 1884 4619 3458 4695">
     <span class='ocr_line' id='line_1_94' title="bbox 1884 4619 3458 4695; baseline -0.005 -16"><span class='ocrx_word' id='word_1_727' title='bbox 1884 4627 1977 4683; x_wconf 88' lang='lat' dir='ltr'><strong>Dei</strong></span> <span class='ocrx_word' id='word_1_728' title='bbox 2009 4628 2371 4682; x_wconf 70' lang='lat' dir='ltr'><strong>(nconomiam</strong></span> <span class='ocrx_word' id='word_1_729' title='bbox 2421 4628 2536 4682; x_wconf 91' lang='lat' dir='ltr'><strong>sive</strong></span> <span class='ocrx_word' id='word_1_730' title='bbox 2586 4625 3080 4695; x_wconf 89' lang='lat' dir='ltr'><strong>dispensationem.</strong></span> <span class='ocrx_word' id='word_1_731' title='bbox 3133 4622 3231 4676; x_wconf 81' lang='lat' dir='ltr'><strong>Ar.</strong></span> <span class='ocrx_word' id='word_1_732' title='bbox 3280 4619 3458 4685; x_wconf 82' lang='lat' dir='ltr'><strong>Quam</strong></span> 
     </span>
    </p>
   </div>
   <div class='ocr_carea' id='block_1_95' title="bbox 182 4716 1775 4797">
    <p class='ocr_par' dir='ltr' id='par_1_95' title="bbox 182 4716 1775 4797">
     <span class='ocr_line' id='line_1_95' title="bbox 182 4716 1775 4797; baseline -0.003 -19"><span class='ocrx_word' id='word_1_733' title='bbox 182 4725 332 4797; x_wconf 75' lang='grc' dir='ltr'>Περὶ</span> <span class='ocrx_word' id='word_1_734' title='bbox 384 4723 490 4792; x_wconf 76' lang='grc' dir='ltr'>τῆς</span> <span class='ocrx_word' id='word_1_735' title='bbox 542 4720 637 4773; x_wconf 87' lang='grc' dir='ltr'><strong>τοῦ</strong></span> <span class='ocrx_word' id='word_1_736' title='bbox 688 4720 905 4773; x_wconf 83' lang='grc' dir='ltr'>πάντων</span> <span class='ocrx_word' id='word_1_737' title='bbox 947 4718 1058 4788; x_wconf 76' lang='grc'><strong>(25)</strong></span> <span class='ocrx_word' id='word_1_738' title='bbox 1104 4717 1238 4770; x_wconf 85' lang='grc' dir='ltr'>Θεοῦ</span> <span class='ocrx_word' id='word_1_739' title='bbox 1292 4716 1775 4789; x_wconf 82' lang='grc' dir='ltr'>ὲνανθρωπήσεως.</span> 
     </span>
    </p>
   </div>
   <div class='ocr_carea' id='block_1_96' title="bbox 190 4803 1780 4885">
    <p class='ocr_par' dir='ltr' id='par_1_96' title="bbox 190 4803 1780 4885">
     <span class='ocr_line' id='line_1_96' title="bbox 190 4803 1780 4885; baseline -0.004 -17"><span class='ocrx_word' id='word_1_740' title='bbox 190 4820 327 4885; x_wconf 77' lang='grc' dir='ltr'><strong>Ἀρ.</strong></span> <span class='ocrx_word' id='word_1_741' title='bbox 357 4810 484 4867; x_wconf 83' lang='grc' dir='ltr'>εἷπε</span> <span class='ocrx_word' id='word_1_742' title='bbox 502 4828 516 4841; x_wconf 77' lang='grc'><strong>⁸</strong></span> <span class='ocrx_word' id='word_1_743' title='bbox 544 4813 679 4882; x_wconf 74' lang='grc' dir='ltr'>Περὶ</span> <span class='ocrx_word' id='word_1_744' title='bbox 697 4814 794 4883; x_wconf 83' lang='grc' dir='ltr'>τῆς</span> <span class='ocrx_word' id='word_1_745' title='bbox 815 4803 1275 4882; x_wconf 80' lang='grc' dir='ltr'>ὲνανθρωπήσεως</span> <span class='ocrx_word' id='word_1_746' title='bbox 1301 4809 1396 4863; x_wconf 87' lang='grc' dir='ltr'><strong>τοῦ</strong></span> <span class='ocrx_word' id='word_1_747' title='bbox 1426 4810 1598 4878; x_wconf 90' lang='grc' dir='ltr'>Λόγου</span> <span class='ocrx_word' id='word_1_748' title='bbox 1624 4809 1780 4878; x_wconf 85' lang='grc' dir='ltr'>κάγὼ</span> 
     </span>
    </p>
   </div>
   <div class='ocr_carea' id='block_1_97' title="bbox 182 4898 1779 4981">
    <p class='ocr_par' dir='ltr' id='par_1_97' title="bbox 182 4898 1779 4981">
     <span class='ocr_line' id='line_1_97' title="bbox 182 4898 1779 4981; baseline -0.006 -18"><span class='ocrx_word' id='word_1_749' title='bbox 182 4905 477 4981; x_wconf 80' lang='grc' dir='ltr'>ὁμολογῶ’</span> <span class='ocrx_word' id='word_1_750' title='bbox 523 4904 653 4975; x_wconf 76' lang='grc' dir='ltr'>περὶ</span> <span class='ocrx_word' id='word_1_751' title='bbox 701 4904 759 4957; x_wconf 81' lang='grc' dir='ltr'>δὲ</span> <span class='ocrx_word' id='word_1_752' title='bbox 793 4901 889 4955; x_wconf 86' lang='grc' dir='ltr'><strong>τοῦ</strong></span> <span class='ocrx_word' id='word_1_753' title='bbox 932 4898 1070 4955; x_wconf 82' lang='grc' dir='ltr'>εἶναι</span> <span class='ocrx_word' id='word_1_754' title='bbox 1111 4903 1203 4955; x_wconf 73' lang='grc' dir='ltr'>ἐπὶ</span> <span class='ocrx_word' id='word_1_755' title='bbox 1253 4902 1470 4955; x_wconf 82' lang='grc' dir='ltr'>πάντων</span> <span class='ocrx_word' id='word_1_756' title='bbox 1510 4902 1641 4955; x_wconf 90' lang='grc' dir='ltr'>Θεὸν</span> <span class='ocrx_word' id='word_1_757' title='bbox 1686 4900 1779 4955; x_wconf 88' lang='grc' dir='ltr'><strong>τὸν</strong></span> 
     </span>
    </p>
   </div>
   <div class='ocr_carea' id='block_1_98' title="bbox 190 4988 1777 5069">
    <p class='ocr_par' dir='ltr' id='par_1_98' title="bbox 190 4988 1777 5069">
     <span class='ocr_line' id='line_1_98' title="bbox 190 4988 1777 5069; baseline -0.003 -19"><span class='ocrx_word' id='word_1_758' title='bbox 190 4996 584 5069; x_wconf 71' lang='grc' dir='ltr'>σταυρωθέντα</span> <span class='ocrx_word' id='word_1_759' title='bbox 626 4994 896 5065; x_wconf 75' lang='grc' dir='ltr'>φοὸοῦμαι</span> <span class='ocrx_word' id='word_1_760' title='bbox 936 4994 1131 5062; x_wconf 86' lang='grc' dir='ltr'>λέγειν.</span> <span class='ocrx_word' id='word_1_761' title='bbox 1168 4994 1287 5046; x_wconf 85' lang='grc' dir='ltr'><em>Ἀθ.</em></span> <span class='ocrx_word' id='word_1_762' title='bbox 1328 4988 1514 5045; x_wconf 60' lang='grc' dir='ltr'>εἶπεν</span> <span class='ocrx_word' id='word_1_763' title='bbox 1555 4994 1777 5059; x_wconf 81' lang='grc' dir='ltr'>Ἀκουε,</span> 
     </span>
    </p>
   </div>
   <div class='ocr_carea' id='block_1_99' title="bbox 188 5083 1778 5159">
    <p class='ocr_par' dir='ltr' id='par_1_99' title="bbox 188 5083 1778 5159">
     <span class='ocr_line' id='line_1_99' title="bbox 188 5083 1778 5159; baseline -0.004 -16"><span class='ocrx_word' id='word_1_764' title='bbox 188 5092 287 5144; x_wconf 73' lang='grc' dir='ltr'><strong>καὶ</strong></span> <span class='ocrx_word' id='word_1_765' title='bbox 324 5086 715 5159; x_wconf 82' lang='grc' dir='ltr'>περισσότερον</span> <span class='ocrx_word' id='word_1_766' title='bbox 743 5084 1013 5155; x_wconf 82' lang='grc' dir='ltr'>θαύμαζε,</span> <span class='ocrx_word' id='word_1_767' title='bbox 1042 5084 1124 5136; x_wconf 78' lang='grc' dir='ltr'>ὅτι</span> <span class='ocrx_word' id='word_1_768' title='bbox 1153 5085 1246 5136; x_wconf 77' lang='grc' dir='ltr'><strong>καὶ</strong></span> <span class='ocrx_word' id='word_1_769' title='bbox 1272 5083 1403 5136; x_wconf 88' lang='grc' dir='ltr'>Θεὸν</span> <span class='ocrx_word' id='word_1_770' title='bbox 1440 5084 1533 5135; x_wconf 71' lang='grc' dir='ltr'><strong>ἐπὶ</strong></span> <span class='ocrx_word' id='word_1_771' title='bbox 1562 5084 1778 5137; x_wconf 86' lang='grc' dir='ltr'>πάντων</span> 
     </span>
    </p>
   </div>
   <div class='ocr_carea' id='block_1_100' title="bbox 267 5237 1287 5307">
    <p class='ocr_par' dir='ltr' id='par_1_100' title="bbox 267 5237 1287 5307">
     <span class='ocr_line' id='line_1_100' title="bbox 267 5237 1287 5307; baseline -0.006 -9"><span class='ocrx_word' id='word_1_772' title='bbox 267 5244 314 5275; x_wconf 81' lang='grc'>³⁸</span> <span class='ocrx_word' id='word_1_773' title='bbox 353 5243 517 5298; x_wconf 81' lang='lat' dir='ltr'><strong>Joan.</strong></span> <span class='ocrx_word' id='word_1_774' title='bbox 561 5258 614 5307; x_wconf 90' lang='grc' dir='ltr'><strong>ι,</strong></span> <span class='ocrx_word' id='word_1_775' title='bbox 655 5242 742 5296; x_wconf 72' lang='grc'><strong>14.</strong></span> <span class='ocrx_word' id='word_1_776' title='bbox 821 5240 864 5272; x_wconf 76' lang='grc'><strong>³⁸</strong></span> <span class='ocrx_word' id='word_1_777' title='bbox 904 5239 1064 5292; x_wconf 83' lang='lat' dir='ltr'><strong>Rom.</strong></span> <span class='ocrx_word' id='word_1_778' title='bbox 1106 5254 1195 5301; x_wconf 77' lang='grc' dir='ltr'>ιχ,</span> <span class='ocrx_word' id='word_1_779' title='bbox 1232 5237 1287 5293; x_wconf 85' lang='lat'><strong>5.</strong></span> 
     </span>
    </p>
   </div>
   <div class='ocr_carea' id='block_1_101' title="bbox 270 5388 1783 5473">
    <p class='ocr_par' dir='ltr' id='par_1_101' title="bbox 270 5388 1783 5473">
     <span class='ocr_line' id='line_1_101' title="bbox 270 5388 1783 5473; baseline -0.007 -18"><span class='ocrx_word' id='word_1_780' title='bbox 270 5398 506 5473; x_wconf 44' lang='lat' dir='ltr'><strong>(inSic</strong></span> <span class='ocrx_word' id='word_1_781' title='bbox 533 5395 769 5473; x_wconf 79' lang='lat' dir='ltr'><strong>Reg_._At</strong></span> <span class='ocrx_word' id='word_1_782' title='bbox 794 5396 852 5473; x_wconf 69' lang='lat' dir='ltr'><strong>in</strong></span> <span class='ocrx_word' id='word_1_783' title='bbox 868 5395 990 5473; x_wconf 70' lang='lat' dir='ltr'><strong>aliis</strong></span> <span class='ocrx_word' id='word_1_784' title='bbox 1010 5393 1259 5473; x_wconf 37' lang='lat' dir='ltr'><strong>et.edi_tis</strong></span> <span class='ocrx_word' id='word_1_785' title='bbox 1276 5390 1375 5473; x_wconf 42' lang='grc' dir='ltr'>,καί</span> <span class='ocrx_word' id='word_1_786' title='bbox 1407 5389 1581 5473; x_wconf 77' lang='lat' dir='ltr'><strong>deest.</strong></span> <span class='ocrx_word' id='word_1_787' title='bbox 1606 5388 1783 5473; x_wconf 70' lang='lat' dir='ltr'><strong>Paulo</strong></span> 
     </span>
    </p>
   </div>
   <div class='ocr_carea' id='block_1_102' title="bbox 194 5460 1781 5544">
    <p class='ocr_par' dir='ltr' id='par_1_102' title="bbox 194 5460 1781 5544">
     <span class='ocr_line' id='line_1_102' title="bbox 194 5460 1781 5544; baseline -0.013 1"><span class='ocrx_word' id='word_1_788' title='bbox 194 5460 323 5544; x_wconf 69' lang='grc' dir='ltr'><strong>Ροέι</strong></span> <span class='ocrx_word' id='word_1_789' title='bbox 370 5460 871 5544; x_wconf 61' lang='grc' dir='ltr'><strong>Βξείυὲε”’βτῖειξὴ</strong></span> <span class='ocrx_word' id='word_1_790' title='bbox 913 5465 971 5518; x_wconf 77' lang='grc' dir='ltr'><strong>δὲ</strong></span> <span class='ocrx_word' id='word_1_791' title='bbox 996 5463 1105 5544; x_wconf 62' lang='grc' dir='ltr'>ρπὺ</span> <span class='ocrx_word' id='word_1_792' title='bbox 1135 5460 1564 5544; x_wconf 41' lang='lat' dir='ltr'><strong>“Quadrigarius:</strong></span> <span class='ocrx_word' id='word_1_793' title='bbox 1592 5460 1781 5544; x_wconf 44' lang='lat'><strong>4989,-</strong></span> 
     </span>
    </p>
   </div>
   <div class='ocr_carea' id='block_1_103' title="bbox 194 5530 1780 5609">
    <p class='ocr_par' dir='ltr' id='par_1_103' title="bbox 194 5530 1780 5609">
     <span class='ocr_line' id='line_1_103' title="bbox 194 5530 1780 5609; baseline -0.009 -10"><span class='ocrx_word' id='word_1_794' title='bbox 194 5530 346 5600; x_wconf 66' lang='grc' dir='ltr'><strong>ἕως..</strong></span> <span class='ocrx_word' id='word_1_795' title='bbox 398 5530 623 5609; x_wconf 69' lang='grc' dir='ltr'>Ἐπειδὴ</span> <span class='ocrx_word' id='word_1_796' title='bbox 666 5536 773 5590; x_wconf 86' lang='grc' dir='ltr'>ἀπὸ</span> <span class='ocrx_word' id='word_1_797' title='bbox 805 5530 1097 5605; x_wconf 78' lang='grc' dir='ltr'>ἁμαρτίας.</span> <span class='ocrx_word' id='word_1_798' title='bbox 1157 5530 1317 5587; x_wconf 77' lang='lat' dir='ltr'><strong>Infra</strong></span> <span class='ocrx_word' id='word_1_799' title='bbox 1350 5531 1486 5595; x_wconf 72' lang='lat' dir='ltr'><strong>Reg.</strong></span> <span class='ocrx_word' id='word_1_800' title='bbox 1518 5539 1573 5585; x_wconf 87' lang='lat' dir='ltr'><strong>et</strong></span> <span class='ocrx_word' id='word_1_801' title='bbox 1615 5530 1780 5585; x_wconf 87' lang='lat' dir='ltr'><strong>Basil.</strong></span> 
     </span>
    </p>
   </div>
   <div class='ocr_carea' id='block_1_104' title="bbox 194 5610 1273 5686">
    <p class='ocr_par' dir='ltr' id='par_1_104' title="bbox 194 5610 1273 5686">
     <span class='ocr_line' id='line_1_104' title="bbox 194 5610 1273 5686; baseline 0 0"><span class='ocrx_word' id='word_1_802' title='bbox 194 5613 348 5686; x_wconf 64' lang='grc' dir='ltr'><strong>καθέι</strong></span> <span class='ocrx_word' id='word_1_803' title='bbox 376 5610 792 5686; x_wconf 48' lang='grc' dir='ltr'><strong>γέχραῐταιομ</strong></span> <span class='ocrx_word' id='word_1_804' title='bbox 1245 5667 1273 5686; x_wconf 72' lang='grc'>,-</span> 
     </span>
    </p>
   </div>
   <div class='ocr_carea' id='block_1_105' title="bbox 278 5671 1347 5751">
    <p class='ocr_par' dir='ltr' id='par_1_105' title="bbox 278 5671 1347 5751">
     <span class='ocr_line' id='line_1_105' title="bbox 278 5671 1347 5751; baseline -0.01 -16"><span class='ocrx_word' id='word_1_805' title='bbox 278 5671 402 5751; x_wconf 57' lang='grc' dir='ltr'><strong>(Ωυῖ</strong></span> <span class='ocrx_word' id='word_1_806' title='bbox 434 5671 529 5751; x_wconf 75' lang='lat' dir='ltr'><strong>Sic</strong></span> <span class='ocrx_word' id='word_1_807' title='bbox 558 5678 702 5751; x_wconf 65' lang='lat' dir='ltr'><strong>Beg.</strong></span> <span class='ocrx_word' id='word_1_808' title='bbox 722 5674 801 5751; x_wconf 84' lang='lat' dir='ltr'><strong>_At</strong></span> <span class='ocrx_word' id='word_1_809' title='bbox 833 5677 924 5751; x_wconf 73' lang='lat' dir='ltr'><strong>alii</strong></span> <span class='ocrx_word' id='word_1_810' title='bbox 946 5680 999 5728; x_wconf 90' lang='lat' dir='ltr'><strong>et</strong></span> <span class='ocrx_word' id='word_1_811' title='bbox 1031 5671 1183 5751; x_wconf 72' lang='lat' dir='ltr'><strong>editi,</strong></span> <span class='ocrx_word' id='word_1_812' title='bbox 1217 5671 1347 5751; x_wconf 69' lang='grc' dir='ltr'><strong>οἷονΪ</strong></span> 
     </span>
    </p>
   </div>
   <div class='ocr_carea' id='block_1_106' title="bbox 282 5741 1539 5826">
    <p class='ocr_par' dir='ltr' id='par_1_106' title="bbox 282 5741 1539 5826">
     <span class='ocr_line' id='line_1_106' title="bbox 282 5741 1539 5826; baseline -0.007 -20"><span class='ocrx_word' id='word_1_813' title='bbox 282 5741 393 5826; x_wconf 66' lang='grc' dir='ltr'>(ει.)</span> <span class='ocrx_word' id='word_1_814' title='bbox 425 5749 519 5806; x_wconf 88' lang='lat' dir='ltr'><strong>Sic</strong></span> <span class='ocrx_word' id='word_1_815' title='bbox 550 5741 686 5819; x_wconf 57' lang='grc' dir='ltr'><em>Ηυξ.</em></span> <span class='ocrx_word' id='word_1_816' title='bbox 722 5746 777 5800; x_wconf 86' lang='lat' dir='ltr'><strong>lu</strong></span> <span class='ocrx_word' id='word_1_817' title='bbox 807 5745 928 5799; x_wconf 77' lang='lat' dir='ltr'><strong>alis</strong></span> <span class='ocrx_word' id='word_1_818' title='bbox 960 5753 1011 5798; x_wconf 88' lang='lat' dir='ltr'><strong>et</strong></span> <span class='ocrx_word' id='word_1_819' title='bbox 1037 5743 1217 5809; x_wconf 86' lang='lat' dir='ltr'><strong>editis,</strong></span> <span class='ocrx_word' id='word_1_820' title='bbox 1254 5743 1345 5796; x_wconf 83' lang='grc' dir='ltr'><strong>καί</strong></span> <span class='ocrx_word' id='word_1_821' title='bbox 1366 5741 1539 5798; x_wconf 82' lang='lat' dir='ltr'><strong>deest.</strong></span> 
     </span>
    </p>
   </div>
   <div class='ocr_carea' id='block_1_107' title="bbox 1885 4710 3460 4787">
    <p class='ocr_par' dir='ltr' id='par_1_107' title="bbox 1885 4710 3460 4787">
     <span class='ocr_line' id='line_1_107' title="bbox 1885 4710 3460 4787; baseline -0.01 -15"><span class='ocrx_word' id='word_1_822' title='bbox 1885 4716 2388 4787; x_wconf 86' lang='lat' dir='ltr'><strong>dispensationem?</strong></span> <span class='ocrx_word' id='word_1_823' title='bbox 2416 4715 2543 4768; x_wconf 85' lang='lat' dir='ltr'><strong>Ath.</strong></span> <span class='ocrx_word' id='word_1_824' title='bbox 2574 4714 2794 4783; x_wconf 92' lang='lat' dir='ltr'><strong>Loquor</strong></span> <span class='ocrx_word' id='word_1_825' title='bbox 2830 4711 2897 4765; x_wconf 88' lang='lat' dir='ltr'><strong>de</strong></span> <span class='ocrx_word' id='word_1_826' title='bbox 2926 4710 3046 4774; x_wconf 90' lang='lat' dir='ltr'><strong>Dei,</strong></span> <span class='ocrx_word' id='word_1_827' title='bbox 3072 4710 3166 4779; x_wconf 91' lang='lat' dir='ltr'><strong>qui</strong></span> <span class='ocrx_word' id='word_1_828' title='bbox 3197 4721 3281 4763; x_wconf 84' lang='grc' dir='ltr'><strong>εει</strong></span> <span class='ocrx_word' id='word_1_829' title='bbox 3296 4721 3460 4776; x_wconf 90' lang='lat' dir='ltr'><strong>super</strong></span> 
     </span>
    </p>
   </div>
   <div class='ocr_carea' id='block_1_108' title="bbox 1886 4795 3463 4870">
    <p class='ocr_par' dir='ltr' id='par_1_108' title="bbox 1886 4795 3463 4870">
     <span class='ocr_line' id='line_1_108' title="bbox 1886 4795 3463 4870; baseline -0.008 -10"><span class='ocrx_word' id='word_1_830' title='bbox 1886 4808 2091 4870; x_wconf 89' lang='lat' dir='ltr'><strong>omnia,</strong></span> <span class='ocrx_word' id='word_1_831' title='bbox 2144 4806 2547 4860; x_wconf 90' lang='lat' dir='ltr'><strong>incarnatione.</strong></span> <span class='ocrx_word' id='word_1_832' title='bbox 2596 4804 2693 4856; x_wconf 85' lang='lat' dir='ltr'><strong>Ar.</strong></span> <span class='ocrx_word' id='word_1_833' title='bbox 2749 4800 3030 4855; x_wconf 83' lang='lat' dir='ltr'><strong>Conﬁteor</strong></span> <span class='ocrx_word' id='word_1_834' title='bbox 3076 4811 3297 4867; x_wconf 90' lang='lat' dir='ltr'><strong>quoque</strong></span> <span class='ocrx_word' id='word_1_835' title='bbox 3341 4795 3463 4864; x_wconf 88' lang='lat' dir='ltr'><strong>ipse</strong></span> 
     </span>
    </p>
   </div>
   <div class='ocr_carea' id='block_1_109' title="bbox 1886 4890 3463 4959">
    <p class='ocr_par' dir='ltr' id='par_1_109' title="bbox 1886 4890 3463 4959">
     <span class='ocr_line' id='line_1_109' title="bbox 1886 4890 3463 4959; baseline -0.009 -7"><span class='ocrx_word' id='word_1_836' title='bbox 1886 4898 2051 4955; x_wconf 91' lang='lat' dir='ltr'><strong>Verbi</strong></span> <span class='ocrx_word' id='word_1_837' title='bbox 2104 4898 2587 4952; x_wconf 90' lang='lat' dir='ltr'><strong>incarnationem:</strong></span> <span class='ocrx_word' id='word_1_838' title='bbox 2625 4894 2722 4950; x_wconf 92' lang='lat' dir='ltr'><strong>sed</strong></span> <span class='ocrx_word' id='word_1_839' title='bbox 2769 4892 2964 4955; x_wconf 91' lang='lat' dir='ltr'><strong>Deum,</strong></span> <span class='ocrx_word' id='word_1_840' title='bbox 3015 4890 3109 4959; x_wconf 91' lang='lat' dir='ltr'><strong>qui</strong></span> <span class='ocrx_word' id='word_1_841' title='bbox 3156 4894 3242 4942; x_wconf 92' lang='lat' dir='ltr'><strong>est</strong></span> <span class='ocrx_word' id='word_1_842' title='bbox 3295 4899 3463 4954; x_wconf 86' lang='lat' dir='ltr'><strong>super</strong></span> 
     </span>
    </p>
   </div>
   <div class='ocr_carea' id='block_1_110' title="bbox 1886 4975 3458 5054">
    <p class='ocr_par' dir='ltr' id='par_1_110' title="bbox 1886 4975 3458 5054">
     <span class='ocr_line' id='line_1_110' title="bbox 1886 4975 3458 5054; baseline -0.011 -8"><span class='ocrx_word' id='word_1_843' title='bbox 1886 4991 2095 5054; x_wconf 92' lang='lat' dir='ltr'><strong>omnia,</strong></span> <span class='ocrx_word' id='word_1_844' title='bbox 2124 4990 2450 5046; x_wconf 84' lang='lat' dir='ltr'><strong>cruciﬁxum</strong></span> <span class='ocrx_word' id='word_1_845' title='bbox 2498 4988 2684 5043; x_wconf 90' lang='lat' dir='ltr'><strong>dicere</strong></span> <span class='ocrx_word' id='word_1_846' title='bbox 2734 5000 2843 5039; x_wconf 89' lang='lat' dir='ltr'><strong>non</strong></span> <span class='ocrx_word' id='word_1_847' title='bbox 2898 4982 3095 5037; x_wconf 89' lang='lat' dir='ltr'><strong>audeo.</strong></span> <span class='ocrx_word' id='word_1_848' title='bbox 3137 4978 3258 5033; x_wconf 84' lang='grc' dir='ltr'><em>ΑιΙι.</em></span> <span class='ocrx_word' id='word_1_849' title='bbox 3292 4975 3458 5039; x_wconf 85' lang='lat' dir='ltr'><strong>Audi,</strong></span> 
     </span>
    </p>
   </div>
   <div class='ocr_carea' id='block_1_111' title="bbox 1885 5071 3464 5154">
    <p class='ocr_par' dir='ltr' id='par_1_111' title="bbox 1885 5071 3464 5154">
     <span class='ocr_line' id='line_1_111' title="bbox 1885 5071 3464 5154; baseline -0.011 -16"><span class='ocrx_word' id='word_1_850' title='bbox 1885 5099 2061 5153; x_wconf 90' lang='lat' dir='ltr'><strong>eoque</strong></span> <span class='ocrx_word' id='word_1_851' title='bbox 2088 5084 2262 5154; x_wconf 82' lang='lat' dir='ltr'><strong>magis</strong></span> <span class='ocrx_word' id='word_1_852' title='bbox 2302 5081 2598 5142; x_wconf 89' lang='lat' dir='ltr'><strong>admirare,</strong></span> <span class='ocrx_word' id='word_1_853' title='bbox 2630 5075 2777 5148; x_wconf 90' lang='lat' dir='ltr'><strong>quod</strong></span> <span class='ocrx_word' id='word_1_854' title='bbox 2818 5075 3011 5139; x_wconf 88' lang='lat' dir='ltr'><strong>Deum,</strong></span> <span class='ocrx_word' id='word_1_855' title='bbox 3049 5071 3251 5142; x_wconf 90' lang='lat' dir='ltr'><strong>quiest</strong></span> <span class='ocrx_word' id='word_1_856' title='bbox 3296 5080 3464 5138; x_wconf 82' lang='lat' dir='ltr'><strong>super</strong></span> 
     </span>
    </p>
   </div>
   <div class='ocr_carea' id='block_1_112' title="bbox 1957 5382 2775 5457">
    <p class='ocr_par' dir='ltr' id='par_1_112' title="bbox 1957 5382 2775 5457">
     <span class='ocr_line' id='line_1_112' title="bbox 1957 5382 2775 5457; baseline 0.001 -20"><span class='ocrx_word' id='word_1_857' title='bbox 2102 5384 2282 5457; x_wconf 65' lang='lat' dir='ltr'><strong>Basil.</strong></span> <span class='ocrx_word' id='word_1_858' title='bbox 2305 5393 2360 5440; x_wconf 92' lang='lat' dir='ltr'><strong>et</strong></span> <span class='ocrx_word' id='word_1_859' title='bbox 2393 5384 2557 5457; x_wconf 55' lang='lat' dir='ltr'><strong>Angl.</strong></span> <span class='ocrx_word' id='word_1_860' title='bbox 2590 5382 2775 5457; x_wconf 84' lang='grc' dir='ltr'>κύρος.</span> 
     </span>
    </p>
   </div>
   <div class='ocr_carea' id='block_1_113' title="bbox 1958 5446 3466 5525">
    <p class='ocr_par' dir='ltr' id='par_1_113' title="bbox 1958 5446 3466 5525">
     <span class='ocr_line' id='line_1_113' title="bbox 1958 5446 3466 5525; baseline -0.003 -17"><span class='ocrx_word' id='word_1_861' title='bbox 1958 5446 2068 5525; x_wconf 56' lang='lat'><strong>(953</strong></span> <span class='ocrx_word' id='word_1_862' title='bbox 2100 5455 2232 5523; x_wconf 77' lang='lat' dir='ltr'><strong>Reg.</strong></span> <span class='ocrx_word' id='word_1_863' title='bbox 2270 5455 2335 5508; x_wconf 83' lang='grc' dir='ltr'>ὲκ</span> <span class='ocrx_word' id='word_1_864' title='bbox 2356 5446 2815 5525; x_wconf 48' lang='grc' dir='ltr'>τῆς-’πορφυρίδος</span> <span class='ocrx_word' id='word_1_865' title='bbox 2836 5446 3300 5523; x_wconf 72' lang='grc' dir='ltr'>βασιλεύειν.ΜοΧ</span> <span class='ocrx_word' id='word_1_866' title='bbox 3321 5450 3466 5504; x_wconf 82' lang='lat' dir='ltr'><strong>Idem</strong></span> 
     </span>
    </p>
   </div>
   <div class='ocr_carea' id='block_1_114' title="bbox 1887 5520 2947 5597">
    <p class='ocr_par' dir='ltr' id='par_1_114' title="bbox 1887 5520 2947 5597">
     <span class='ocr_line' id='line_1_114' title="bbox 1887 5520 2947 5597; baseline -0.007 -16"><span class='ocrx_word' id='word_1_867' title='bbox 1887 5533 1940 5582; x_wconf 89' lang='grc' dir='ltr'><strong>ει</strong></span> <span class='ocrx_word' id='word_1_868' title='bbox 1969 5520 2309 5597; x_wconf 76' lang='lat' dir='ltr'><strong>Basilietisis.</strong></span> <span class='ocrx_word' id='word_1_869' title='bbox 2340 5520 2518 5597; x_wconf 40' lang='grc' dir='ltr'>Είξοῦν</span> <span class='ocrx_word' id='word_1_870' title='bbox 2544 5520 2947 5597; x_wconf 51' lang='grc' dir='ltr'>ἆνεγάείρητον.</span> 
     </span>
    </p>
   </div>
   <div class='ocr_carea' id='block_1_115' title="bbox 1960 5593 2673 5665">
    <p class='ocr_par' dir='ltr' id='par_1_115' title="bbox 1960 5593 2673 5665">
     <span class='ocr_line' id='line_1_115' title="bbox 1960 5593 2673 5665; baseline -0.003 -16"><span class='ocrx_word' id='word_1_871' title='bbox 1960 5595 2070 5665; x_wconf 70' lang='lat'><strong>(26)</strong></span> <span class='ocrx_word' id='word_1_872' title='bbox 2104 5595 2242 5665; x_wconf 84' lang='lat' dir='ltr'><strong>Aug.</strong></span> <span class='ocrx_word' id='word_1_873' title='bbox 2279 5597 2338 5648; x_wconf 82' lang='grc' dir='ltr'>ὲν</span> <span class='ocrx_word' id='word_1_874' title='bbox 2364 5593 2463 5665; x_wconf 23' lang='grc' dir='ltr'>τῷγ</span> <span class='ocrx_word' id='word_1_875' title='bbox 2482 5597 2673 5664; x_wconf 78' lang='grc' dir='ltr'>φῆσαι.</span> 
     </span>
    </p>
   </div>
   <div class='ocr_carea' id='block_1_116' title="bbox 1947 5658 3467 5752">
    <p class='ocr_par' dir='ltr' id='par_1_116' title="bbox 1947 5658 3467 5752">
     <span class='ocr_line' id='line_1_116' title="bbox 1947 5658 3467 5752; baseline -0.001 -32"><span class='ocrx_word' id='word_1_876' title='bbox 1947 5658 2072 5752; x_wconf 36' lang='grc'><strong>’(25)</strong></span> <span class='ocrx_word' id='word_1_877' title='bbox 2109 5658 2218 5721; x_wconf 69' lang='grc' dir='ltr'>δῆθ’</span> <span class='ocrx_word' id='word_1_878' title='bbox 2235 5665 2376 5738; x_wconf 85' lang='lat' dir='ltr'><strong>Aug.</strong></span> <span class='ocrx_word' id='word_1_879' title='bbox 2416 5658 2569 5719; x_wconf 61' lang='lat' dir='ltr'><strong>&#39;Edit&#39;i</strong></span> <span class='ocrx_word' id='word_1_880' title='bbox 2604 5678 2732 5721; x_wconf 84' lang='lat' dir='ltr'><strong>vero</strong></span> <span class='ocrx_word' id='word_1_881' title='bbox 2780 5668 2836 5720; x_wconf 80' lang='grc' dir='ltr'><strong>ει</strong></span> <span class='ocrx_word' id='word_1_882' title='bbox 2881 5661 2998 5731; x_wconf 77' lang='lat' dir='ltr'><strong>alii,</strong></span> <span class='ocrx_word' id='word_1_883' title='bbox 3050 5658 3181 5734; x_wconf 79' lang='grc' dir='ltr'>περὶ</span> <span class='ocrx_word' id='word_1_884' title='bbox 3229 5659 3327 5733; x_wconf 82' lang='grc' dir='ltr'>τῆς</span> <span class='ocrx_word' id='word_1_885' title='bbox 3372 5659 3467 5718; x_wconf 68' lang='grc' dir='ltr'>ἐπὶ</span> 
     </span>
    </p>
   </div>
   <div class='ocr_carea' id='block_1_117' title="bbox 1891 5755 2126 5791">
    <p class='ocr_par' dir='ltr' id='par_1_117' title="bbox 1891 5755 2126 5791">
     <span class='ocr_line' id='line_1_117' title="bbox 1891 5755 2126 5791; baseline -0.004 0"><span class='ocrx_word' id='word_1_886' title='bbox 1891 5755 2106 5791; x_wconf 78' lang='grc' dir='ltr'>παντων</span> <span class='ocrx_word' id='word_1_887' title='bbox 2113 5775 2126 5790; x_wconf 78' lang='grc' dir='ltr'><strong>ο</strong></span> 
     </span>
    </p>
   </div>
  </div>
