3860 6200
350 260 460 319 463
1522 255 1578 312 S.
1620 254 1874 309 ΑΤΗΑΝΛ

2126 283 2197 292 -
2239 250 2515 308 SPUBIA.
3524 244 3634 302 ιιι

353 382 561 450 omnia,
593 380 877 446 conﬁteor,
907 396 1006 436 nec
1046 380 1210 434 alium
1259 394 1421 449 posse
1471 379 1738 435 adversus
1786 378 1877 433 illu

2191 373 2315 444 m1),
2352 374 2447 428 καὶ
2492 371 2567 444 μὴ
2599 371 2896 442 δυνάμενον
2942 370 3130 440 ἕτερον
3167 364 3514 437 λογισθῆναι’
3541 369 3638 422 τὸν
3701 439 3715 452 υ

355 475 644 539 aestimari,
710 475 804 545 qui
859 479 1003 530 Deus
1056 488 1181 527 cum
1227 486 1444 541 semper
1497 471 1588 535 sit,
1636 470 1800 526 homo
1838 486 1879 539 p‘

2114 470 2183 533 νὸς
2221 468 2314 522 τὸν
2348 465 2642 537 γενόμενον
2677 464 2964 535 ἄνθρωπον
3014 461 3110 516 καὶ
3158 458 3541 531 σταυρωθέντα
3565 459 3638 514 δι’

358 564 519 619 nobis
552 573 638 621 est
682 564 861 620 factus
889 572 943 620 et
978 563 1299 619 cruciﬁxus.
1343 563 1439 616 Ar.
1472 561 1710 617 Ubinam
1751 577 1882 616 recc]

2114 561 2193 623 ai;
2220 557 2352 611 Θεὸν
2380 558 2469 611 ἀεὶ
2496 557 2643 612 ὅντα.
2681 557 2800 625 'Ap.
2829 550 2950 609 εἷπε
2969 571 2982 586 ο
3009 553 3118 608 Ποῦ
3149 552 3460 624 γέγραπται
3480 552 3638 606 τοῦτο

357 655 472 711 tius
521 653 668 711 istud
727 655 994 725 scriptum
1034 654 1155 709 est?
1198 653 1354 724 167
1404 651 1529 705 Ath.
1581 650 1741 721 Apud
1782 649 1881 706 Jert

2155 650 2507 720 καινότερον;
2547 651 2667 704 Ἀθ.
2709 643 2861 702 εἷπε·
2906 646 3064 720 Παρὰ
3110 646 3348 718 Ἱερεμίᾳ
3385 644 3464 717 τῷ
3505 663 3642 718 προ-

358 747 527 802 miam
559 747 905 818 prophetam,
939 746 1100 816 cujus
1133 746 1249 801 haec
1275 755 1409 800 sunt
1431 745 1596 799 verba
1627 763 1640 798 :
1679 762 1697 794 ‹
1728 742 1829 799 llic
1856 760 1882 799 e

2117 759 2191 816 TI]
2211 758 2223 770 '
2258 743 2391 813 φησὶ
2412 742 2552 815 γάρ·
2593 761 2610 793 ι
2653 736 2817 805 Οὗτος
2849 743 2877 794 6
2899 740 3033 803 Θεὸς
3067 738 3250 810 ἡμῶν,
3290 741 3352 792 οὐ
3385 738 3641 811 λογισθή-

360 836 506 893 Deus
550 846 761 905 noster,
815 844 871 892 et
920 853 1030 891 non
1066 836 1431 891 aestimabitur
1476 835 1617 889 alius
1674 833 1884 889 advers:

2116 851 2197 886 rat
2220 833 2408 906 ἔτερος
2432 834 2568 905 πρὸς
2590 835 2774 888 αὐτόν.
2806 832 3024 905 Ἐξεῦρε
3052 834 3231 885 πᾶσαν
3263 832 3381 885 ὁδὸν
3409 833 3640 904 ἐπιστή-

272 916 275 919 λ
359 942 506 981 eum.
541 926 835 982 Adinvenit
859 942 1075 982 omnem
1100 927 1243 981 viam
1268 926 1592 996 disciplinae,
1624 931 1678 980 et
1713 931 1796 978 tra

2118 944 2175 995 γς,
2208 926 2303 978 καὶ
2347 924 2545 978 ἔδωκεν
2578 926 2750 996 αὐτὴν
2788 924 2983 978 Ἰακὼϐ
3011 923 3091 995 τῷ
3123 923 3276 978 παιδὶ
3315 922 3504 987 αὑτοῦ,
3540 923 3642 976 καὶ

361 1019 511 1073 illam
549 1018 720 1075 Jacoh
753 1034 924 1090 puero
961 1035 1082 1083 suo,
1115 1027 1170 1073 et
1202 1017 1370 1074 lsrael
1406 1018 1607 1073 dilecto
1657 1032 1778 1073 suo.
1810 1017 1885 1072 Po

2116 1016 2274 1088 τραὴλ
2306 1016 2384 1086 τῷ
2409 1016 2764 1088 ἠγαπημένῳ
2786 1017 2877 1071 ὑπ’
2912 1014 3099 1071 αὐτοῦ.
3143 1015 3300 1069 Μετά
3330 1015 3504 1069 ταῦτα
3543 1016 3640 1070 ἐπὶ

362 1108 479 1162 haec
516 1107 573 1162 in
604 1108 766 1163 terris
792 1113 944 1163 visus
967 1117 1071 1170 est,
1099 1119 1154 1163 et
1197 1124 1323 1163 cum
1352 1108 1667 1164 hominibus
1711 1124 1882 1165 conve

2114 1125 2141 1170 ς
2165 1107 2271 1177 γῆς
2294 1106 2473 1179 ὤφθη,
2515 1108 2610 1161 καὶ
2639 1111 2752 1172 τοῖς
2793 1107 3102 1180 ἀνθρώποις
3142 1107 3578 1179 συνανεστράφη.
3612 1125 3632 1158 ι

351 1207 516 1256 satus
537 1208 622 1256 est
639 1202 708 1256 ⁸ο.
746 1221 763 1254 ι
796 1199 921 1257 Isne
958 1202 1145 1273 igitur,
1170 1202 1265 1273 qui
1313 1202 1466 1257 visus
1505 1208 1611 1266 est,
1646 1200 1791 1257 Deus
1821 1217 1875 1257 er

2147 1195 2239 1254 οὖν
2279 1199 2466 1267 ὀφθεὶς
2497 1199 2608 1269 (26)
2654 1192 2811 1264 οὗτος
2849 1195 2916 1271 ἦν
2962 1200 3117 1266 Θεὸς,
3146 1201 3242 1253 καὶ
3283 1199 3450 1261 ἐστιν,
3489 1192 3535 1267 ᾧ
3572 1199 3639 1253 οὐ

348 1297 416 1345 et
436 1299 542 1358 est,
575 1292 840 1349 adversus
874 1309 1033 1363 quem
1063 1309 1171 1348 non
1202 1294 1343 1347 alius
1372 1292 1737 1349 aastimahitur
1772 1292 1872 1348 Det

2116 1290 2571 1362 ιοσλογισθήσεται
2601 1290 2788 1364 ἕτερος
2820 1291 2974 1356 Θεὸς,
3012 1274 3157 1363 ναῖῆ
3188 1288 3289 1357 οῦ;
3321 1292 3448 1359 Ἀρ.
3480 1284 3640 1343 εἶπεέ

348 1398 432 1436 an
457 1382 601 1436 non?
633 1382 729 1437 Ar.
786 1381 858 1437 Ut
899 1385 973 1438 ait
1017 1385 1301 1455 propheta,
1342 1384 1458 1453 ipse
1499 1391 1584 1440 est
1633 1383 1798 1440 Deus.
1827 1382 1871 1437 N

2114 1380 2243 1444 ιθὼς
2272 1382 2301 1433 6
2334 1382 2620 1453 προφήτης
2643 1380 2814 1450 λέγει,
2857 1380 3019 1444 αὐτός
3056 1381 3204 1433 ἐστιν
3229 1382 3257 1434 ὁ
3288 1379 3441 1445 Θεός.
3481 1379 3638 1433 ΪΑθέ-

360 1474 506 1527 enim
557 1472 640 1529 fas
671 1479 755 1530 est
779 1474 965 1529 dicere
984 1472 1212 1529 Patrem
1244 1474 1426 1544 ipsum
1458 1476 1637 1528 visum
1675 1489 1820 1538 esse,
1860 1472 1884 1526 ﬁ

2112 1491 2200 1526 τον
2219 1473 2329 1545 γάρ
2368 1475 2484 1527 ἐστι
2516 1474 2643 1545 περὶ
2674 1472 2768 1527 τοῦ
2804 1471 3020 1542 Πατρὸς
3049 1471 3250 1541 λέγειν,
3277 1472 3358 1525 ὅτι
3393 1470 3575 1542 ὤφθη,
3601 1470 3636 1543 ἢ

360 1576 622 1636 clumque
650 1568 950 1631 hominem,
976 1583 1099 1622 cum
1132 1566 1449 1622 hominibus
1479 1575 1759 1623 versatum
1793 1582 1884 1623 ess

2116 1584 2124 1619 ι
2155 1566 2441 1638 ἄνθρωπος
2483 1564 2722 1635 γεγονὼς
2753 1562 3239 1618 συνεπολιτεύσατο
3277 1567 3387 1628 τοῖς
3425 1561 3640 1634 ἀνθρώ⁴

360 1675 486 1714 cum
527 1674 617 1713 res
639 1659 711 1713 sit
735 1660 1028 1717 manifesta
1050 1658 1220 1713 Deum
1248 1656 1488 1713 Verbum
1513 1658 1794 1714 hominem
1816 1675 1884 1714 es:

2122 1676 2190 1723 ις,
2235 1657 2469 1731 φανεροῦ
2519 1658 2673 1722 ὄντος
2718 1658 2811 1710 τοῦ
2865 1656 3224 1729 πράγματος,
3268 1658 3349 1711 ὅτι
3393 1660 3422 1711 6
3463 1658 3640 1726 Λόγος

359 1751 588 1806 factum.
619 1749 746 1804 ΑιΙι.
778 1751 952 1821 Igitur
976 1766 1116 1805 unus
1142 1749 1335 1817 Filius,
1354 1750 1447 1821 qui
1482 1758 1608 1805 ante
1630 1750 1813 1804 omnia
1836 1766 1883 1806 sa

2113 1750 2172 1813 ὸς
2205 1747 2645 1821 ὲνηνθρώπησεν.
2686 1751 2805 1804 Ἀθ.
2838 1742 2994 1800 εἶπεν
3017 1764 3032 1778 ·
3066 1748 3276 1802 Οὐκοῦν
3308 1742 3388 1810 εἷς
3425 1748 3454 1801 6
3485 1747 3637 1810 Υἱὸς,

361 1843 485 1898 cuia
503 1858 611 1896 una
631 1857 754 1897 cum
774 1842 933 1898 Patre
954 1836 1543 1912 exsistebat,Deusque
1560 1851 1678 1898 erat
1695 1842 1885 1898 invisit

2114 1840 2214 1912 πρὸ
2251 1842 2469 1895 πάντων
2498 1839 2709 1895 αἰώνων
2740 1839 3104 1913 συνυπάρχων
3129 1837 3208 1910 τῷ
3237 1840 3413 1910 Πατρὶ
3444 1839 3638 1902 αὐτοῦ,

282 2007 288 2014 ,
354 1939 457 2002 lis,
479 1937 657 1993 factus
678 1943 763 1992 est
784 1936 949 1991 homo
967 1935 1224 1992 visibilis.
1243 1936 1342 1990 Ar.
1365 1934 1548 1990 Unum
1581 1952 1707 1992 esse
1743 1936 1803 1991 Fi

2115 1935 2178 1998 ,ὸς
2224 1933 2299 1987 ὢν
2341 1933 2592 2005 ἀόρατος,
2643 1932 2928 2004 ἄνθρωπος
2974 1931 3197 2000 γέγονεν
3240 1929 3454 2001 ὁρατός.
3504 1930 3639 1998 Ἀρ.

360 2028 458 2083 Dei
491 2043 823 2083 concessum
861 2035 946 2083 est
1000 2027 1271 2098 quidem:
1309 2033 1365 2080 at
1415 2034 1567 2083 certe
1616 2044 1726 2082 non
1781 2029 1882 2084 sim

2113 2043 2201 2078 πεν
2224 2041 2237 2055 ·
2269 2027 2392 2080 Ὅτι
2428 2020 2508 2089 εἷς
2536 2026 2683 2077 ἐστιν
2715 2026 2744 2077 6
2772 2024 2899 2087 Υἱὸς
2937 2022 3031 2076 τοῦ
3075 2021 3232 2087 Θεοῦ,
3258 2021 3637 2093 ὡμολόγηταισ

361 2132 486 2173 cum
516 2112 678 2173 Patre
702 2117 915 2172 inﬁnite
962 2116 1201 2172 exsistit.
1243 2116 1371 2172 Atla.
1405 2116 1490 2171 An
1535 2133 1648 2173 non
1675 2118 1885 2189 sapient

2146 2119 2478 2191 συνυπάρχει
2512 2118 2569 2171 δὲ
2599 2116 2677 2189 τῷ
2712 2117 2890 2189 Πατρ)⁸
2918 2116 3260 2188 ἀπεράντως.
3302 2115 3419 2169 Ἀθ.
3455 2110 3637 2168 εἶπεν

360 2219 417 2265 et
451 2210 630 2264 virtus
684 2209 851 2264 simul
876 2223 1003 2263 cum
1027 2206 1192 2264 Patre
1221 2216 1276 2262 et
1324 2206 1536 2279 Spiritu
1583 2218 1777 2265 sancto
1800 2226 1884 2266 ex:

2117 2214 2126 2266 [
2156 2214 2316 2283 σοφία
2343 2214 2439 2267 καὶ
2462 2215 2496 2283 ὴ
2527 2211 2757 2283 δύναμις
2783 2209 3118 2282 συνυπάρχει
3145 2209 3223 2280 τῷ
3246 2209 3420 2281 Πατρὶ
3441 2210 3533 2262 καὶ
3559 2206 3641 2279 τῷ

362 2302 498 2360 stit?
531 2302 629 2356 Ar.
655 2302 737 2356 Ita
770 2309 877 2357 est.
908 2302 1036 2356 Ath.
1060 2301 1227 2358 .Unus
1256 2317 1388 2372 ergo
1418 2312 1505 2358 est
1534 2303 1831 2380 invisibilis
1855 2303 1886 2357 F

2200 2324 2327 2378 ματι
2359 2304 2436 2376 τῷ
2472 2305 2646 2376 ἁγίῳ;
2703 2306 2821 2372 Ἄρ.
2869 2298 3049 2356 εἶπεψ
3100 2301 3287 2365 Οὕτως
3318 2300 3453 2371 ἔχει.
3513 2300 3639 2354 Ἀθ.
3714 2347 3724 2357 .

361 2392 474 2447 lius
516 2392 634 2457 Dei,
662 2390 758 2462 qui
813 2391 958 2446 idem
997 2398 1051 2446 et
1095 2391 1250 2449 visus
1290 2402 1409 2455 est;
1443 2393 1826 2463 incorporeus,
1854 2411 1885 2463 q

2117 2413 2234 2451 τεν·
2267 2392 2361 2460 Εἷς
2394 2392 2487 2449 οὖν
2515 2384 2591 2450 ὢν
2628 2398 2657 2449 6
2703 2395 2932 2466 ἀόρατος
2966 2394 3095 2459 Υἱὸς
3140 2394 3234 2448 τοῦ
3269 2392 3428 2463 Θεοῦ,
3474 2392 3504 2445 6
3542 2391 3641 2446 καὶ

364 2489 420 2538 et
478 2497 681 2553 corpus
741 2482 1073 2551 assumpsit;
1122 2483 1473 2547 immortalis,
1526 2485 1620 2554 qui
1673 2492 1728 2540 et
1781 2499 1888 2539 cari

2117 2490 2288 2556 αθεὶς,
2332 2487 2624 2560 ἀσώματος
2665 2490 2762 2542 καὶ
2807 2487 2965 2558 σῶμα
3003 2485 3204 2550 λαϐὼν,
3249 2485 3515 2548 ἀθάνατος
3543 2483 3641 2536 καὶ

365 2583 600 2630 mortem
626 2584 710 2630 est
741 2583 1038 2646 expertus;
1076 2575 1318 2630 intactus
1346 2574 1487 2630 idem
1522 2585 1576 2632 et
1619 2586 1819 2633 tactus.
1848 2579 1889 2632 Α

2115 2585 2281 2639 ,νάτου
2313 2586 2507 2654 πεῖραν
2534 2580 2715 2635 λαϐὼν
2744 2585 2930 2656 σαρκὶ,
2955 2585 2983 2636 ὁ
3011 2581 3368 2653 ἀψηλάφητος
3401 2578 3496 2633 καὶ
3528 2579 3639 2650 ψη-

359 2666 466 2723 ιΗίε
497 2681 619 2738 quae
643 2665 832 2723 dixisti
854 2668 1152 2723 assentior.
1183 2668 1313 2724 Atla.
1352 2669 1445 2724 ille
1478 2671 1649 2740 igitur
1679 2678 1731 2726 et
1761 2670 1883 2726 Don

2114 2674 2334 2747 φηθείς.
2362 2677 2491 2743 Ἀρ.
2534 2668 2682 2726 εἴπεο
2715 2673 2977 2746 Σύμφημι
3010 2674 3153 2744 ἀπερ
3189 2667 3368 2735 εἶπας.
3398 2670 3519 2726 Ἀθ.
3550 2665 3638 2724 εἴ·

368 2777 474 2818 nus
499 2768 555 2818 et
578 2759 723 2817 Deus
751 2769 838 2818 est
864 2763 935 2817 ob
965 2777 1189 2816 carnem
1209 2777 1334 2816 cum
1362 2761 1539 2819 Verbo
1561 2764 1892 2835 conjunctan

2121 2784 2182 2821 ν·
2232 2761 2400 2829 Οὗτος
2435 2760 2529 2819 οὖν
2569 2766 2664 2818 καὶ⁵
2712 2764 2912 2837 Κύριος
2945 2765 3056 2837 (27)
3101 2767 3197 2820 καὶ
3242 2764 3395 2829 Θεὸς,
3444 2763 3533 2818 διὰ
3576 2763 3644 2818 τὸ

366 2866 471 2908 nec
529 2859 783 2923 separate
836 2861 931 2906 aut
980 2853 1387 2908 dominationes
1440 2855 1720 2924 dicuntur,
1755 2866 1812 2911 at
1852 2857 1890 2911 D

2119 2841 2387 2929 ναφθῆναι
2430 2857 2530 2930 τὴν
2565 2856 2745 2929 σάρκα
2791 2857 2871 2929 τῷ
2906 2857 3065 2929 Λόγῳ
3089 2875 3101 2888 ο
3134 2858 3229 2911 καὶ
3274 2858 3336 2910 οὐ
3369 2856 3639 2929 διῃρημέ-

368 2943 541 3003 Filius
584 2943 1047 3009 Iesus-Christus,
1088 2942 1327 3000 Verbum
1370 2956 1421 3002 et
1457 2946 1621 3013 Deus,
1663 2964 1808 3006 unus
1838 2964 1892 3006 es

2119 2966 2156 3012 ις
2177 2989 2191 3011 ,
2245 2949 2340 3002 καὶ
2380 2946 2702 3019 κυριότητες
2750 2949 2847 3019 μὲν
2882 2947 3168 3018 λέγονται·
3197 2949 3231 3002 6
3273 2948 3330 3001 δὲ
3369 2946 3462 3000 τοῦ
3501 2947 3643 3001 Θεοῦ

1970 3085 2023 3149 C
2052 3040 2181 3105 Υἱὸς
2224 3037 2434 3110 Ἰησοῦς
2465 3038 2724 3110 Χριστὸς,
2776 3040 2805 3092 6
2836 3040 3008 3108 Λόγος
3041 3039 3136 3094 καὶ
3182 3039 3337 3104 Θεὸς,
3383 3033 3465 3102 εἷς
3507 3056 3650 3108 τυγ-

2086 3136 2229 3190 άνει.

438 3213 531 3267 22.
550 3213 647 3267 Ar.
667 3209 834 3266 Recte
849 3209 1140 3266 admodum
1155 3211 1290 3266 mihi
1309 3227 1369 3268 se
1386 3212 1587 3270 habere
1602 3214 1815 3271 videtur
1838 3215 1954 3272 haec

2251 3222 2379 3291 "Ap.
2413 3218 2571 3276 εἴπεο
2604 3223 2762 3276 Δοκεῖ
2796 3220 2885 3293 μοί
2919 3238 3036 3284 πως
3064 3221 3331 3291 ὀρθότατα
3366 3221 3646 3291 καταφαί-

366 3304 438 3361 tle
477 3303 862 3358 incarnatione
895 3302 1181 3357 deﬁnitio:
1218 3313 1597 3361 verumtamen
1642 3305 1816 3364 Filius
1851 3325 1890 3363 tr

2124 3313 2240 3367 σθαι
2285 3315 2313 3367 6
2365 3315 2495 3387 περὶ
2542 3314 2643 3384 τῆς
2681 3312 3011 3386 σαρκώσεως
3051 3313 3214 3386 ὄρος·
3261 3313 3509 3384 μέντοιγε
3539 3312 3648 3367 οὐκ

366 3397 520 3452 nime
546 3402 632 3452 est
664 3410 828 3450 verus
865 3394 1030 3461 Deus,
1063 3397 1245 3466 qualis
1300 3404 1385 3451 est
1422 3396 1606 3453 Pater.
1639 3398 1763 3455 ΑιΙι.
1799 3398 1890 3455 [1ης

2120 3404 2305 3476 ,ηθινὸς
2343 3404 2475 3469 Θεός
2508 3407 2655 3459 ἐστιν
2695 3408 2726 3459 6
2769 3405 2930 3471 Υἱὸς,
2964 3404 3155 3478 ὥσπερ
3198 3406 3227 3458 6
3264 3407 3477 3478 Πατήρ.
3524 3406 3644 3461 Ἀθ.

363 3487 478 3541 ιιιοο
504 3493 790 3556 acceptum
826 3485 1060 3541 attulisti
1111 3487 1314 3542 nobis?
1345 3487 1440 3542 Ar.
1475 3487 1837 3560 Nunquamne
1871 3491 1887 3544 l

2128 3517 2174 3552 τε
2194 3517 2206 3529 ·
2245 3499 2416 3552 Πόθεν
2449 3499 2606 3553 τοῦτο
2636 3497 2877 3570 εἰληφὼς
2904 3500 3170 3571 ἐκόμισας
3205 3500 3369 3570 ἡμῖν;
3404 3500 3523 3569 Ἄρ.
3566 3494 3652 3552 εἴ-

370 3578 498 3645 gisti
518 3574 894 3647 Evangelium,
925 3576 1020 3631 ubi
1051 3575 1314 3634 Dominus
1356 3578 1430 3634 ita
1469 3576 1688 3635 Patrem
1722 3580 1894 3652 alloqu

2129 3612 2156 3646 ν
2182 3610 2196 3623 ’
2231 3593 2503 3647 Οὐδέποτε
2550 3592 2792 3662 ἀνέγνως
2836 3592 2898 3645 τὸ
2929 3591 3283 3661 Εὐαγγέλιον,
3317 3590 3393 3654 ὥς
3422 3607 3589 3661 φησιν
3613 3592 3651 3645 6

361 3677 465 3723 -tur
495 3689 511 3725 :
542 3688 567 3723 ι
604 3667 731 3725 llaec
748 3677 835 3725 est
862 3670 975 3726 vita
999 3679 1224 3737 aeterna,
1251 3677 1311 3723 ut
1331 3679 1670 3742 cognoscant
1697 3679 1752 3728 te
1776 3673 1885 3729 solm

2126 3685 2260 3758 ὅριος
2301 3687 2437 3758 πρὸς
2481 3684 2573 3739 τὸν
2622 3684 2820 3739 ἑαυτοῦ
2864 3686 3084 3757 Πατέρα
3108 3703 3122 3716 ·
3162 3704 3181 3738 ι
3216 3683 3365 3755 Αὕτη
3418 3684 3569 3737 ἐστὶν
3609 3686 3650 3755 ή

370 3776 560 3816 verum
574 3759 768 3826 Deum,
785 3769 840 3816 et
859 3777 1022 3833 quem
1056 3761 1279 3827 misisti,
1295 3759 1483 3817 Jesum
1514 3762 1794 3836 Christum
1819 3763 1894 3816 “i

2128 3776 2273 3841 bvrog
2302 3775 2436 3848 ζωὴ,
2471 3776 2559 3829 ἴνα
2589 3776 2898 3844 γινώσκωσι
2940 3793 2999 3828 σε
3040 3776 3132 3829 τὸν
3189 3776 3348 3846 μόνον
3389 3774 3652 3845 ἀληθινὸν

368 3848 538 3908 Vides
567 3854 749 3908 solum
780 3868 969 3909 verum
1014 3852 1182 3908 Deum
1208 3853 1417 3911 dixisse
1459 3853 1712 3921 Patrem,
1768 3864 1892 3928 utpo

2127 3868 2211 3931 ὸν,
2246 3868 2339 3922 καὶ
2365 3868 2423 3921 ὃν
2469 3867 2796 3932 ἀπέστειλας
2836 3868 3044 3939 Ἰησοῦν
3072 3867 3348 3939 Χριστόν;
3389 3885 3408 3918 ι
3454 3867 3651 3938 Ὁρᾷς,

362 3959 498 4000 cum
525 3943 641 4014 ipse
675 3961 785 4000 non
811 3946 882 4000 sit
904 3961 1067 4001 verus
1085 3945 1267 4002 Deus?
1286 3946 1414 4002 Ath.
1438 3945 1496 4001 ld
1512 3948 1830 4017 conjunctio
1849 3963 1886 4003 e:

2127 3977 2139 4011 ι
2189 3960 2347 4029 μόνον
2382 3956 2632 4029 ἀληθινὸν
2656 3958 2788 4012 Θεὸν
2830 3936 2935 4029 ἔφη
2969 3936 3058 4010 τὸν
3089 3936 3334 4028 Πατέρα,
3375 3954 3450 4020 ὡς
3476 3936 3651 4011 adeo-3

371 4036 539 4091 verba
567 4051 690 4107 quae
719 4042 847 4092 ante
879 4044 1009 4092 sunt
1040 4037 1217 4106 posita
1233 4046 1287 4092 et
1315 4052 1437 4107 qua:
1463 4046 1775 4107 sequuntur
1805 4039 1895 4093 nul

2130 4050 2304 4121 ιδντος
2328 4048 2583 4122 ἀληθινοῦ
2605 4047 2743 4104 Θεοῦ
2765 4068 2780 4117 ;
2815 4050 2937 4106 Ἀθ.
2965 4044 3114 4103 εἷπε·
3150 4047 3320 4101 Τοῦτο
3347 4046 3654 4118 σύνδεσμός

364 4128 539 4183 modo
569 4128 840 4185 dividens.
873 4127 1125 4184 Profecto
1151 4129 1243 4199 qui
1273 4136 1423 4185 recte
1470 4130 1755 4196 sentiunt,
1810 4130 1888 4185 illa

2134 4158 2201 4205 tt,
2231 4140 2340 4194 τῶν
2376 4141 2794 4213 προειρημένων
2830 4141 3090 4214 ῥημάτων
3120 4140 3216 4194 καὶ
3244 4139 3352 4192 τῶν
3380 4137 3658 4211 ἐπαχθέν-

362 4229 682 4293 agnoscunt
729 4221 1174 4291 conjunctionem
1230 4223 1284 4276 in
1333 4236 1470 4276 voce
1515 4220 1815 4277 Dominica.
1867 4223 1886 4277 t

2137 4250 2166 4285 ν
2198 4232 2257 4285 οὐ
2289 4231 2555 4303 διαίρεσιν
2585 4230 2852 4302 ἐμποιῶν.
2899 4231 3209 4303 Ἀραρότως
3248 4229 3306 4284 δὲ
3341 4230 3495 4304 παρὰ
3534 4231 3660 4295 τοῖς

375 4315 677 4371 hilominus
723 4329 881 4385 aequo
909 4315 1094 4369 animo
1136 4314 1328 4368 audias
1360 4330 1483 4386 quae
1527 4330 1650 4370 sum
1684 4315 1899 4370 dicturu

2136 4320 2412 4395 φρονοῦσιν
2457 4321 2805 4394 ὡμολόγηται
2835 4322 2947 4395 (28)
2993 4319 3287 4393 σῦνδεσμος
3316 4319 3381 4373 τὸ
3417 4320 3520 4374 ἐπὶ·
3544 4320 3660 4392 τῆς

372 4404 439 4461 Si
469 4406 594 4476 quis
624 4406 790 4461 alicui
816 4406 895 4460 ita
923 4406 991 4461 de
1013 4406 1379 4462 Constantino
1405 4407 1729 4478 praeciperet
1760 4405 1896 4462 :Cer

2138 4415 2345 4486 ›ρια>ιῆς
2377 4415 2583 4485 φωνῆς.
2632 4416 2778 4487 Πλὴν
2820 4416 2986 4470 ἄκουε
3034 4414 3173 4487 μετὰ
3202 4413 3589 4487 μακροθυμίας
3624 4416 3662 4468 ὅ

370 4510 617 4565 agnosce
648 4497 824 4551 solum
844 4496 1147 4567 Augustum
1181 4503 1237 4552 et
1279 4497 1560 4551 dominum
1589 4505 1749 4552 terrae
1773 4505 1827 4552 et
1848 4513 1894 4550 m

2137 4524 2229 4577 ιμι.
2275 4505 2345 4559 Εἴ
2369 4524 2453 4570 τις
2479 4505 2559 4578 τῷ
2599 4507 2825 4580 πλησίον
2861 4507 3161 4561 ἐντέλλεται
3191 4507 3321 4579 περὶ
3351 4507 3661 4561 Κωνστανο

374 4590 458 4645 ris
487 4588 870 4658 imperatorem
906 4588 1331 4644 Constantinum
1376 4594 1435 4646 et
1488 4589 1869 4645 Constantium

2140 4615 2211 4651 νου
2248 4598 2421 4666 λέγων
2443 4614 2459 4627 ο
2495 4598 2781 4667 Ἀσφαλῶς
2825 4600 3063 4667 γίνωσκε
3101 4599 3194 4653 τὸν
3246 4598 3407 4671 μόνον
3437 4596 3664 4668 Αὔγου-

377 4681 514 4735 lium
533 4680 677 4749 ejus,
705 4696 837 4735 num
861 4681 909 4736 is
941 4681 1111 4734 ﬁlium
1145 4696 1271 4735 cum
1299 4689 1457 4751 patre
1494 4682 1869 4746 conﬁteretur,
1893 4698 1901 4735 :

2141 4706 2190 4743 ον
2240 4690 2333 4743 καὶ
2377 4690 2753 4762 αὐτοκράτορα
2810 4691 2914 4761 γῆς
2956 4691 3052 4744 καὶ
3092 4688 3368 4760 θαλάσσης
3422 4688 3665 4760 βασιλέα

378 4772 535 4827 non?
564 4772 662 4826 Ar.
717 4770 837 4827 Non
871 4771 988 4826 leve
1017 4779 1102 4828 est
1140 4771 1444 4841 periculum
1476 4774 1660 4828 dicere
1693 4772 1895 4828 Consta

2141 4782 2475 4834 υνσταντίνον
2509 4780 2605 4834 καὶ
2634 4782 3011 4836 Κωνστάντιον
3034 4779 3124 4834 τὸν
3160 4780 3275 4834 υἱὸν
3301 4779 3491 4845 αὑτοῦ,
3524 4797 3665 4834 συν-

376 4865 518 4920 tium
544 4879 657 4921 non
694 4865 965 4936 imperare
987 4879 1112 4922 cum
1140 4864 1506 4921 Constantino
1542 4875 1697 4936 patre
1731 4882 1833 4923 suo
1853 4907 1867 4923 .
1899 4897 1900 4906 ι

2143 4872 2383 4943 ιολόγησε
2412 4871 2504 4924 τὸν
2526 4872 2641 4925 υἱὸν
2666 4872 2746 4943 τῷ
2787 4872 2988 4943 πατρὶ,
3023 4871 3113 4926 ναὶ
3161 4870 3192 4943 ἦ
3237 4869 3339 4937 of»;
3396 4872 3519 4939 'Ap.
3573 4862 3667 4924 εἷ·-

378 4956 529 5028 quod
551 4970 660 5011 una
693 4971 820 5011 cum
854 4956 974 5026 ipso
1024 4963 1362 5011 numeretur.
1399 4955 1523 5010 Atii.
1553 4955 1636 5009 An
1672 4971 1802 5026 ergo
1831 4973 1902 5027 gr:

2141 4980 2169 5015 ν
2190 4979 2201 4992 ⁸
2236 4963 2310 5015 Οὐ
2348 4963 2540 5034 μικρὸς
2577 4963 2818 5027 κίνδυνος
2849 4964 2911 5016 τὸ
2945 4966 3140 5025 εἰπεῖν,
3171 4964 3254 5016 ὅτι
3281 4963 3343 5015 οὐ
3375 4961 3665 5033 συμϐασι-

378 5049 669 5106 vissimum
694 5048 997 5119 periculum
1030 5047 1213 5103 cernis
1251 5048 1600 5116 impendere,
1631 5047 1678 5104 si
1713 5047 1781 5102 de
1813 5048 1902 5102 (ἔοι

2142 5052 2214 5106 ist
2239 5054 2618 5117 Κωνστάντιος
2643 5055 3039 5127 Κωνσταντίνῳ
3064 5054 3142 5126 τῷ
3169 5055 3338 5128 πατρὶ
3362 5053 3553 5117 αὐτοῦ,
3584 5055 3666 5109 ἐκ

382 5140 626 5197 stantino
657 5147 713 5195 et
743 5138 1069 5196 Constantio
1114 5139 1189 5192 ita
1221 5138 1375 5194 ausis
1402 5140 1571 5210 loqui,
1606 5140 1741 5194 nihil
1773 5149 1906 5195 aute:

2145 5143 2157 5194 i
2194 5140 2644 5213 ὑπαριθμηθῆναι
2671 5143 2823 5215 αὐτῷ
2855 5144 2988 5217 (29).
3028 5146 3136 5199 Ἀθ.
3168 5140 3321 5199 εἷπεν
3342 5161 3353 5172 ·
3392 5144 3519 5197 Ἐπὶ
3552 5143 3669 5214 μὲν

376 5233 544 5288 times
575 5233 668 5303 qui
694 5232 825 5287 talia
852 5230 921 5286 de
949 5229 1082 5287 Jesu
1107 5230 1330 5287 Christo
1355 5240 1409 5286 et
1437 5233 1558 5302 ejus
1580 5231 1741 5288 Patre
1768 5233 1896 5303 loqu

2140 5231 2448 5288 υσταντίνου
2498 5234 2593 5288 καὶ
2652 5236 3031 5293 Κωνσταντίου
3095 5235 3335 5291 κίνδυνον
3390 5235 3664 5307 μέγιστα.

450 5389 498 5424 ⁵ο
536 5390 753 5445 Baruch
788 5404 885 5455 ιιι,
918 5390 1107 5445 36—58.
1183 5388 1225 5420 δ’
1269 5387 1429 5444 Joan.
1464 5405 1613 5456 xvn,
1652 5390 1711 5445 5.

350 5581 357 5625 ι
476 5574 547 5629 26
594 5574 719 5630 Haec
762 5576 819 5627 '0
852 5570 943 5628 οὖν
972 5572 1176 5640 ὀφθείς,
1205 5571 1402 5626 desunt
1435 5569 1491 5623 in
1518 5570 1655 5637 Aug.

350 5645 354 5663 '
455 5573 568 5712 $27;
602 5645 679 5698 Ita
719 5643 850 5712 Beg.
903 5644 1041 5698 Edit.
1091 5657 1221 5697 vero
1245 5640 1493 5712 09mm.,_
1529 5635 1696 5712 Qbooc
1730 5637 1870 5709 Κύρι

1311 5578 1402 5625 unt
1435 5569 1491 5623 in
1518 5570 1655 5637 Aug.
1796 5637 1808 5650 .
2137 5566 2254 5710 (28g
2281 5569 2446 5638 Aug.,
2475 5570 2835 5657 ὁμολογεῖται.

1311 5656 1493 5712 imm,
1529 5635 1696 5712 06sec
1730 5639 1953 5709 Κυριος.
2142 5637 2232 5709 (29
2284 5637 2441 5709 Reg,
2466 5657 2649 5694 αυτον.

347 5645 354 5663 ⁴
410 5712 419 5713 ί
458 5637 568 5713 (ετδ
602 5645 679 5698 Ita
719 5643 850 5713 Beg.
903 5637 1041 5698 Edit.
1091 5657 1221 5697 vero
1245 5640 1493 5713 09mm,
1529 5637 1696 5713 06:9;
1730 5637 1870 5709 Κύρι

1127 5657 1221 5697 ero
1245 5640 1493 5713 09mm,
1529 5637 1696 5713 06:9;
1730 5637 1953 5709 Κύριος.
2142 5637 2254 5710 (29)
2284 5637 2441 5709 Reg,
2466 5637 2648 5694 αὐτόν.

385 5704 529 5769 Edit.
551 5704 737 5770 'Paris.
769 5704 893 5768 cum
926 5714 1045 5767 aliis
1079 5727 1211 5768 mss.
1246 5706 1412 5773 Οὗτος
1442 5704 1533 5763 οὖν
1561 5708 1782 5781 Κύριος.
