3860 6200
211 382 326 442 465
1401 393 1822 451 DISPUTATIO
1861 394 2146 453 CONTRA
2180 394 2423 455 ARIUM.
3403 403 3510 461 466

175 564 182 597 ⁸
214 504 371 575 ὁρᾷς,
408 505 501 557 ἐπὶ
531 504 589 559 δὲ
629 504 807 597 Ἰησοῦ
845 507 1084 580 Χριστοῦ
1126 511 1222 565 καὶ
1257 510 1355 565 τοῦ
1396 513 1615 585 Πατρὸς
1641 512 1807 568 αὐτοῦ

1916 515 2035 571 ris?
2067 513 2329 571 Eamdem
2381 514 2648 572 adversus
2681 514 2972 571 Dominum
3028 517 3289 575 exhibere
3338 517 3508 575 debes

173 594 182 669 ξ
214 594 278 647 οὗ
309 594 448 666 φοϐῇ
481 594 709 650 τοιαῦτα
740 596 1110 671 φθεγγόμενος
1135 617 1150 665 ;
1176 605 1269 655 Δεῖ
1294 619 1354 656 σε
1379 604 1637 676 τοιαύτην
1665 604 1807 676 ἔχειν

1916 606 2205 677 pietatem,
2264 621 2330 662 ac
2362 607 2419 662 in
2467 615 2830 663 memoratum
2879 607 3326 666 Constantinum.
3383 610 3506 667 Non

168 714 179 775 μ
214 685 500 741 εὖσέδειαν
533 688 615 752 εἰς
647 688 740 741 τὸν
767 690 991 762 Κύριον,
1020 692 1141 746 οἷαν
1166 694 1262 747 καὶ
1296 697 1375 759 εἰς
1403 697 1807 753 Κωνσταντῐνον

1916 698 2193 754 abstulisti
2230 698 2301 754 ab
2327 699 2451 770 ejus
2485 697 2598 755 ﬁlio
2621 698 2947 756 Constantio
2978 701 3211 773 Augusti
3244 702 3509 775 majesta-

216 774 474 846 ῥηθέντα.
505 779 621 831 οὐκ
663 778 952 852 ἀφῄρησας
1001 782 1110 835 ἀπὸ
1151 782 1246 837 τοῦ
1280 783 1399 838 υἱοῦ
1445 786 1611 840 αὐτοῦ
1659 789 1814 843 Κων-

216 867 494 933 σταντίου,
522 869 803 923 τουτέστιν
834 872 997 926 αὐτὸν
1029 871 1364 942 Αὔγουστον,
1391 878 1488 930 καὶ
1512 878 1688 932 πάντα
1710 880 1813 934 ὅσα

213 959 300 1022 είς
344 960 436 1012 τὸν
480 960 695 1033 πατέρα
737 963 902 1017 αὑτοῦ
935 967 1251 1039 προερρήθη
1273 1007 1288 1032 ,
1328 970 1430 1023 οὐκ
1461 970 1685 1026 ἄλλοθεν
1710 972 1811 1043 τὴν

214 1050 451 1121 ἑνότητα
477 1053 578 1125 τῆς
606 1054 764 1121 ἀξίας
793 1057 1051 1125 ἐπιγνοὺς
1079 1058 1113 1129 ἢ
1146 1059 1214 1113 δι’
1242 1061 1433 1115 αὑτοῦ.
1471 1064 1591 1131 Ἀρ.
1620 1058 1771 1117 εἶπεν
1793 1081 1808 1094 ·

226 1139 517 1207 Ἐκκλίνας
545 1146 655 1199 ἀπὸ
684 1147 796 1201 τῶν
834 1149 1234 1223 συλλογισμῶν,
1280 1152 1560 1226 ἐγγραφόν
1594 1173 1682 1227 μοι
1721 1156 1813 1219 δὸς

210 1232 517 1313 ἀπόδειξιν,
538 1239 588 1291 εί
610 1238 865 1311 ἀληθινὸς
887 1241 1019 1307 Θεός
1040 1245 1188 1298 ἐστιν
1214 1247 1243 1298 ὁ
1265 1245 1414 1313 Υἱὸς,
1437 1245 1627 1318 ὥσπερ
1654 1246 1812 1316 κάγώ

213 1344 301 1382 σοι
330 1329 517 1401 φωνὴν
552 1331 876 1405 παρεθέμην
906 1334 1294 1409 εὐαγγελικήν.
1336 1337 1450 1394 Ἀθ.
1481 1334 1636 1395 εἶπεν
1661 1357 1675 1371 ·
1710 1340 1809 1395 Ἀ-

212 1438 346 1477 κουε
373 1423 472 1477 καὶ
513 1426 642 1498 περὶ
677 1425 872 1480 τούτου
920 1426 1200 1502 ἔγγραφον
1244 1430 1347 1502 τὴν
1377 1431 1685 1501 ἀπόδειξιν,
1717 1434 1812 1488 καὶ

212 1515 293 1587 μὴ
325 1510 535 1571 mia.
583 1516 838 1591 Ἰωάννης
864 1521 894 1573 6
928 1521 1228 1587 ἀπόστολος
1254 1522 1426 1589 οὕτως
1460 1524 1563 1597 ἔφη
1587 1542 1604 1557 ·
1640 1544 1660 1578 ι
1702 1528 1812 1581 Καὶ

207 1606 461 1679 οἴδαμεν,
489 1609 573 1663 ὅτι
604 1610 634 1662 6
665 1610 758 1665 τοῦ
788 1611 924 1667 Θεοῦ
954 1612 1084 1679 Υἱὸς
1125 1614 1252 1686 ἥκει
1272 1656 1286 1680 ,
1322 1618 1417 1670 καὶ
1448 1617 1651 1672 ἔδωκεν
1676 1621 1810 1691 ἡμῖν

206 1698 483 1767 διάνοιαν,
533 1701 625 1756 ἵνα
672 1702 1031 1776 γινώσκωμεν
1079 1706 1173 1761 τὸν
1201 1707 1456 1780 ἀληθινὸν
1502 1710 1635 1765 Θεόν
1662 1727 1676 1742 ·
1715 1711 1811 1766 καί

207 1789 381 1860 ἔσμεν
410 1790 470 1844 ὲν
497 1789 577 1863 τῷ
605 1791 844 1865 ἀληθινῷ
878 1794 992 1865 Υἰῷ
1024 1795 1188 1850 αὐτοῦ
1231 1798 1405 1868 Ἰησοῦ
1434 1799 1672 1871 Χριστῷ.
1703 1796 1810 1855 Οὖ-

1913 798 2046 855 tem,
2081 806 2186 847 nec
2214 792 2321 846 alia
2348 792 2532 848 omnia
2567 807 2691 864 qua
2716 793 2785 849 de
2815 801 2972 865 patre
3007 796 3130 866 ejus
3169 803 3331 853 antea
3376 806 3508 853 sunt

1913 883 2063 938 dicta
2094 903 2106 938 :
2138 900 2240 940 nec
2271 885 2493 941 aliunde
2525 885 2815 958 dignitatis
2842 887 3029 944 unitas
3065 889 3162 944 tibi
3196 898 3322 946 nota
3358 889 3461 944 fuit
3486 930 3502 952 ,

1913 992 2080 1047 quam
2107 992 2207 1048 per
2242 978 2445 1048 ipsum.
2480 978 2579 1035 Ar.
2637 977 2873 1037 Omissis
2919 982 3252 1053 syllogismis
3277 1022 3292 1048 ,
3334 982 3506 1053 proba

1914 1069 2051 1123 mihi
2119 1069 2417 1139 Scriptura;
2479 1073 2809 1129 auctoritate
2869 1073 3070 1130 Filium
3138 1090 3331 1131 verum
3385 1091 3506 1132 esse

1913 1158 2125 1228 Deum,
2174 1162 2637 1232 quemadmodum
2692 1160 2795 1236 ego
2837 1166 2936 1221 tibi
2985 1182 3177 1223 vocem
3229 1168 3506 1240 evangeli-

1913 1265 2033 1304 cam
2068 1252 2351 1322 proposui.
2405 1252 2533 1307 Ath.
2571 1255 2718 1310 Audi
2748 1258 2935 1327 itaque
2964 1255 3265 1328 Scriptum
3303 1258 3405 1314 hac
3436 1258 3506 1314 de

1914 1356 1976 1398 re
1996 1343 2185 1409 verba,
2213 1358 2317 1399 nec
2346 1359 2495 1401 erra.
2524 1345 2768 1405 Joannes
2789 1350 3072 1420 apostolus
3094 1351 3213 1406 haec
3240 1352 3316 1407 ait
3342 1369 3356 1405 :
3387 1370 3406 1403 ι
3438 1350 3506 1406 Et

1914 1433 2123 1492 scimus
2150 1436 2412 1508 quoniam
2433 1436 2605 1496 Filius
2630 1439 2727 1496 Dei
2751 1443 2925 1505 venit,
2940 1449 2994 1497 et
3014 1441 3166 1498 dedit
3189 1444 3350 1499 nobis
3366 1430 3507 1500 sen-

1914 1541 2060 1593 sum,
2096 1536 2158 1583 ut
2198 1542 2602 1600 cognoscamus
2636 1546 2823 1587 verum
2869 1531 3042 1589 Deum
3073 1553 3087 1590 :
3120 1540 3176 1588 et
3204 1549 3398 1589 sumus
3449 1537 3505 1588 in

1912 1636 2043 1676 vero
2075 1617 2215 1677 Filio
2247 1621 2369 1690 ejus
2400 1619 2531 1677 Jesu
2548 1621 2791 1679 Christo.
2827 1622 2928 1681 Hie
2959 1632 3045 1682 est
3075 1640 3243 1681 verus
3272 1625 3417 1682 Deus
3450 1636 3507 1682 et

1911 1713 2026 1767 vita
2054 1720 2259 1769 aeterna
2292 1714 2361 1770 “.
2405 1733 2425 1767 ι
2469 1713 2632 1772 Vides
2681 1719 2902 1772 easdem
2951 1732 3118 1774 voces
3148 1717 3216 1773 de
3240 1716 3402 1773 Patre
3450 1727 3507 1771 et

1912 1803 2051 1860 Filio
2081 1805 2358 1876 proferri,
2407 1805 2722 1879 Filiumque
2778 1824 2932 1880 aeque
2965 1825 3029 1866 ac
3066 1810 3286 1867 Patrem
3332 1810 3503 1865 Deum

206 1881 303 1945 τός
344 1882 496 1936 ἐστιν
543 1884 574 1937 6
615 1884 870 1956 ἀληθινὸς
909 1886 1044 1952 Θεὸς
1074 1890 1169 1942 καὶ
1216 1892 1249 1961 ἠ
1288 1889 1403 1961 ζωὴ
1449 1892 1482 1963 ἡ
1514 1889 1749 1956 αἰώνιος.
1783 1911 1801 1943 ι

1916 1894 2132 1951 dicere?
2162 1894 2298 1951 Nam
2324 1898 2785 1968 quemadmodum
2826 1900 2895 1955 de
2939 1898 3099 1956 Patre
3128 1901 3246 1957 ait:
3301 1919 3321 1953 ι
3377 1900 3506 1957 Haec

217 1973 409 2047 Ὁρᾷς,
446 1977 530 2030 ὅτι
580 1979 742 2032 αὐταὶ
786 1981 841 2033 αἱ
873 1981 1050 2049 φωναὶ
1095 1982 1354 2054 φέρονται
1397 1982 1646 2055 περὶτοῦ
1676 1984 1807 2039 Υἱοῦ

207 2067 307 2123 καὶ
352 2070 604 2143 Πατρὸς,
633 2070 981 2142 θεολογοῦσαι
1028 2075 1142 2128 ἴσον
1189 2076 1281 2129 τὸν
1327 2075 1457 2129 Υξὸν
1499 2074 1577 2147 τῷ
1611 2077 1805 2150 Πατρί.

208 2157 426 2233 Ὠσπερ
459 2160 572 2234 γάρ
619 2165 712 2217 ἐπὶ
761 2163 855 2218 τοῦ
905 2166 1119 2237 Πατρὸς
1161 2166 1300 2240 ἔφη·
1339 2187 1357 2221 ι
1398 2166 1546 2241 Λῦτη
1595 2170 1807 2243 ὲστὶνή

204 2250 431 2317 αἰώνιος
477 2253 614 2326 ζωὴ,
660 2256 744 2309 ἵνα
786 2256 1096 2326 γινώσκωσι
1127 2278 1186 2314 σε
1239 2263 1330 2317 τὸν
1362 2262 1521 2334 μόνον
1553 2263 1807 2335 ἀληθινὸν

128 2365 142 2377 ·
204 2343 367 2411 Θεόν,
408 2365 430 2399 ι
468 2348 565 2401 καὶ
603 2349 840 2403 ἐνταῦθα
883 2354 1013 2424 περὶ
1053 2354 1149 2408 τοῦ
1182 2356 1313 2410 Υίοῦ
1359 2374 1551 2427 φησιν’
1589 2376 1608 2409 ι
1639 2351 1808 2422 Οὗτός

204 2438 359 2494 ἔστιν
408 2444 439 2495 6
491 2441 744 2514 ἀληθινὸς
789 2446 923 2511 Θεὸς
967 2449 1061 2501 καὶ
1090 2449 1201 2522 ζωὴ
1247 2449 1484 2516 αἰώνιος.
1528 2471 1548 2505 ι
1584 2451 1658 2504 Τὸ
1690 2448 1804 2517 οὖν,

211 2552 233 2585 σ
270 2535 387 2588 Καὶ
428 2534 489 2590 ὃν
521 2536 849 2602 ἀπέστειλας
887 2540 1096 2611 Ἰησοῦν
1129 2540 1398 2615 Χριστὸν,
1446 2561 1465 2594 ι
1510 2541 1807 2613 σύνδεσμος

202 2624 490 2695 τυγχάνει,
521 2626 644 2680 ἀντὶ
672 2625 769 2681 τοῦ
797 2628 979 2699 λέγειν
1000 2673 1017 2698 ,
1049 2651 1067 2683 ι
1099 2633 1165 2686 Σὲ
1198 2633 1359 2703 μόνον
1388 2633 1640 2706 ἀληθινὸν
1672 2633 1807 2687 Θεὸν

207 2716 305 2772 καὶ
328 2718 390 2771 ὃν
420 2719 752 2784 ἀπέστειλας
785 2722 993 2793 Ἰησοῦν
1025 2724 1283 2795 Χριστὸν,
1311 2744 1329 2776 ι
1384 2725 1473 2779 ῐνα
1493 2725 1805 2795 γινώσκωσι

202 2812 301 2868 τὸν
327 2812 463 2869 Υἱὸν
487 2813 741 2887 ἀληθινὸν
769 2800 932 2882 Θεὸν,
968 2815 1158 2891 ὥσπερ
1188 2819 1285 2873 καὶ
1325 2818 1385 2872 σὲ
1416 2819 1508 2873 τὸν
1543 2819 1763 2890 Πατέρα
1787 2835 1801 2848 ⁸

1909 1993 1995 2040 est
2023 1986 2135 2040 vita
2173 1994 2405 2051 aeterna,
2464 1996 2525 2041 ut
2570 1998 2905 2059 cognoscant
2959 1996 3015 2043 te
3076 1986 3256 2044 solum
3312 2002 3505 2043 verum

1911 2075 2114 2133 Deum:
2140 2097 2160 2130 ι
2176 2077 2253 2131 ita
2269 2085 2323 2132 et
2344 2076 2421 2132 ibi
2447 2078 2516 2135 de
2536 2077 2675 2134 Filio
2698 2079 2861 2135 dicit:
2894 2098 2914 2132 ι
2944 2078 3048 2135 Hic
3071 2088 3157 2135 est
3173 2093 3340 2135 verus
3358 2077 3507 2135 Deus

1910 2178 1963 2224 et
1990 2172 2100 2224 vita
2129 2178 2354 2226 aeterna.
2388 2189 2408 2223 ι
2441 2169 2569 2227 Haec
2597 2172 2766 2243 igitur
2792 2174 2962 2228 verba
2995 2191 3009 2227 :
3050 2191 3069 2224 ι
3109 2172 3173 2227 Et
3208 2186 3373 2244 quem
3396 2174 3503 2225 mi-

1910 2261 2031 2317 sisti
2060 2260 2247 2317 Jesum
2276 2262 2593 2329 Christum,
2645 2282 2666 2315 ι
2702 2262 3024 2332 coniunctio
3057 2271 3164 2328 est,
3199 2278 3325 2334 qua:
3358 2262 3505 2317 idem

1910 2352 2182 2422 signiﬁcat
2201 2361 2368 2423 atque
2389 2353 2708 2423 hujusmodi
2733 2355 2936 2410 verba:
2964 2375 2983 2407 ι
3007 2353 3084 2411 Te
3107 2354 3288 2411 solum
3310 2368 3503 2409 verum

1909 2443 2079 2501 Deum
2105 2453 2160 2502 et
2185 2462 2348 2517 quem
2382 2447 2582 2503 misisti
2612 2445 2800 2503 Jesum
2836 2447 3177 2513 Christum,»
3216 2446 3269 2502 id
3290 2453 3408 2514 est,
3440 2452 3503 2501 ut

1909 2549 2251 2613 cognoscant
2322 2540 2523 2597 Filium
2594 2550 2749 2596 tuum
2805 2556 2997 2598 verum
3066 2541 3230 2613 138
3276 2539 3450 2596 Deum
3483 2578 3501 2604 ,

1908 2632 2373 2705 quemadmodum
2407 2644 2462 2690 et
2488 2641 2545 2690 te
2573 2632 2818 2691 Patrem.
2852 2633 3011 2691 Sicut
3036 2643 3093 2690 et
3121 2634 3256 2690 alibi
3292 2634 3368 2689 ait
3396 2632 3506 2687 Ι)οε

1908 2725 2115 2791 minus,
2154 2743 2175 2778 ι
2207 2725 2321 2797 Ego
2349 2741 2474 2781 sum
2500 2725 2707 2782 veritas
2734 2726 2804 2782 ⁸³.
2839 2745 2858 2780 ι
2889 2725 3327 2785 Veritasautem
3359 2740 3507 2780 nun-

1910 2833 2072 2889 quam
2104 2819 2280 2890 possit
2314 2834 2439 2876 esse
2462 2818 2831 2875 mendacium.

204 2904 464 2979 καθάπερ
494 2910 589 2963 καὶ
616 2911 673 2963 ὲν
698 2908 845 2982 ἄλλῳ
874 2912 1023 2984 τόπῳ
1057 2910 1237 2977 ἔλεξεν
1264 2915 1293 2967 6
1318 2912 1524 2985 Κύριος
1546 2929 1561 2943 ο
1597 2930 1618 2966 ι
1657 2910 1800 2981 Ἐγὼ
1837 2914 2011 2984 είμιή
2039 2911 2286 2985 ἀλήθεια.
2329 2932 2348 2967 ι
2401 2912 2656 2987 Ἀλήθεια
2682 2913 2741 2967 δὲ
2782 2914 2883 2968 οὐκ
2946 2915 3013 2969 ἂν
3060 2912 3251 2987 ψεῦδος
3286 2909 3506 2982 ἐγένετό

202 3016 366 3055 ποτε.

272 3096 368 3152 23.
397 3098 519 3167 Ἀρ.
560 3096 714 3153 εἶπεν
732 3116 746 3131 ο
788 3101 1067 3172 Ὀμολογῶ
1094 3103 1250 3172 κάγὼ
1272 3103 1406 3175 (30),
1433 3105 1514 3158 ὅτι
1547 3102 1799 3175 ἀληθινὸς

1976 3095 2069 3151 23.
2109 3096 2206 3160 Ar.
2242 3093 2521 3151 Conﬁteor
2553 3101 2609 3149 et
2637 3108 2738 3165 ego
2769 3092 2968 3149 Filium
3009 3092 3103 3149 Dei
3156 3109 3348 3150 verum
3378 3112 3501 3154 esse

201 3185 341 3251 Θεός
385 3188 535 3241 ἐστιν
565 3191 595 3242 6
626 3189 753 3253 Υἱὸς
782 3190 875 3245 τοῦ
904 3192 1067 3246 Θεοῦ·
1116 3195 1189 3264 μή
1232 3210 1295 3261 γε
1338 3193 1563 3249 δύνασαι
1607 3193 1797 3264 φάναι,

1916 3188 2077 3245 Deum
2110 3206 2123 3243 ;
2160 3203 2292 3241 num
2321 3202 2454 3243 vero
2476 3186 2661 3243 dicere
2704 3195 2882 3258 potes,
2913 3188 3079 3245 simul
3113 3186 3288 3255 Deus,
3332 3192 3501 3245 simul

202 3279 327 3349 ἃμα
353 3279 510 3346 Θεὸς,
543 3281 659 3353 ἅμα
688 3283 845 3349 Υἱός;
880 3284 988 3339 Ἀθ.
1021 3281 1141 3339 εἷπε
1166 3304 1180 3318 ·
1213 3287 1279 3340 Τί
1302 3288 1481 3357 λέγεις
1504 3289 1620 3359 ἅμα
1644 3288 1797 3352 Θεὸς,

1916 3279 2119 3335 Filius?
2151 3279 2274 3335 ΑιΙι.
2309 3279 2452 3347 Quid
2478 3279 2641 3345 dicis,
2674 3280 2839 3334 simul
2872 3279 3017 3336 Deus
3039 3321 3054 3345 ,
3096 3283 3262 3337 simul
3294 3281 3508 3339 Filius?

203 3368 326 3439 ἅμα
360 3370 527 3437 Υἱός;
562 3372 680 3427 Ὀτι
725 3375 754 3428 6
804 3375 934 3440 Υἱὸς
980 3377 1096 3448 ἅμα
1130 3377 1257 3443 Υἱὸς
1304 3379 1439 3432 Θεοῦ
1487 3381 1639 3447 eam;
1668 3380 1796 3435 Ναί.

1916 3367 2045 3424 Num
2066 3370 2214 3440 quod
2244 3367 2420 3425 Filius
2451 3368 2617 3425 simul
2650 3368 2723 3424 sit
2753 3367 2929 3426 Filius
2959 3369 3096 3424 Dei?
3120 3370 3197 3425 Ita
3220 3380 3328 3427 est.
3362 3371 3504 3427 Nam

212 3461 273 3515 '0
295 3461 411 3534 γάρ
434 3462 573 3517 Θεοῦ
596 3465 768 3535 Λόγος
796 3468 907 3540 (51)
934 3468 1068 3534 Θεὸς
1095 3470 1377 3542 τυγχάνει,
1399 3471 1528 3535 Υἱὸς
1559 3472 1653 3525 τοῦ
1688 3475 1802 3527 Πα-

1916 3459 2051 3516 Deus
2078 3459 2321 3516 Verbum
2378 3458 2526 3515 Deus
2579 3467 2707 3524 est,
2758 3475 2885 3516 cum
2946 3461 3019 3516 sit
3081 3459 3267 3518 Patris
3309 3461 3503 3519 Filius.

199 3554 333 3624 τρὸς
385 3553 487 3610 ὢν.
521 3558 642 3625 Ἃρ.
683 3555 835 3613 εἶπεν
857 3577 873 3592 θ
907 3562 1021 3633 Οὐχ
1047 3562 1221 3626 οὕτως
1262 3564 1427 3636 φημὶ,
1470 3564 1587 3618 ἀλλ’
1613 3565 1695 3618 ὃτι
1725 3565 1799 3638 μὴ

1916 3552 2002 3607 Ar.
2046 3551 2166 3605 Non
2220 3551 2336 3605 haec
2400 3549 2568 3620 dico,
2625 3551 2745 3618 sed,
2802 3553 2949 3622 quod
3002 3552 3355 3622 ipse.dicere
3407 3571 3506 3610 ne-

198 3642 434 3697 δύνασαι
469 3644 640 3716 φῆσαι
673 3646 808 3718 (52),
837 3648 956 3720 ἅμα
988 3650 1121 3714 Θεὸς
1145 3652 1356 3723 Πατὴρ,
1390 3651 1508 3723 ἀμα
1541 3652 1672 3717 Υἱὸς
1703 3654 1801 3708 σὺν

1916 3657 2096 3712 queas,
2129 3642 2295 3698 simul
2329 3640 2473 3698 Deus
2507 3641 2673 3696 Pater
2696 3682 2713 3708 ,
2764 3643 2929 3698 simul
2954 3642 3129 3700 Filius
3158 3661 3282 3701 cum
3318 3644 3503 3703 Patre.

199 3736 403 3808 Πατρί.
452 3738 561 3791 Ἀθ.
596 3732 715 3791 εἷπε
740 3757 754 3768 ·
787 3741 887 3794 Διά
922 3742 976 3794 τί
1018 3744 1077 3795 οὐ
1108 3743 1345 3814 δύναμαι
1389 3744 1547 3799 τοῦτο
1589 3746 1797 3811 εἰπεῖνς

1916 3734 2030 3789 ΑιΙι.
2083 3732 2196 3790 Cur
2235 3733 2295 3789 id
2338 3732 2523 3789 dicere
2556 3736 2869 3805 nequeam?
2920 3735 3019 3790 Ar.
3051 3735 3190 3803 Quia
3231 3737 3376 3793 Deus
3400 3736 3506 3792 Pa-

202 3829 331 3898 Ἃρ.
364 3822 553 3882 εἶπεν·
592 3831 768 3883 Ὀτιὸ
794 3832 927 3897 Θεὸς
971 3833 1161 3905 Πατὴρ
1195 3835 1489 3904 ἀγέννητοι·
1518 3838 1799 3907 τυγχάνει,

1916 3841 1988 3886 Ler
2014 3830 2294 3902 ingenitus
2320 3838 2427 3896 est,
2458 3827 2633 3886 Filius
2654 3845 2788 3886 vero
2816 3840 2902 3887 est
2936 3832 3177 3902 genitus.
3217 3831 3346 3889 ΑιΙι.
3374 3832 3504 3921 Haec

198 3920 230 3973 ό
256 3919 315 3973 δὲ
352 3918 486 3983 Υἱὸς
511 3920 769 3993 γεννητός
792 3921 959 3976 ἐστιν.
1009 3924 1120 3979 Ἀθ.
1145 3921 1297 3979 εἶπεν
1322 3942 1334 3955 ·
1381 3927 1444 3979 Ἡ
1470 3926 1803 3997 ἀγέννητος

1916 3935 2034 3987 vox,
2067 3920 2336 3990 ingenitus
2356 3959 2372 3985 ,
2407 3918 2476 3976 de
2519 3920 2713 3977 solone
2742 3918 2854 3976 Deo
2878 3930 3203 3994 usurpatur,
3236 3938 3305 3978 an
3336 3918 3503 3980 etiam

202 4011 363 4083 φωνὴ
397 4012 496 4066 ἐπὶ
521 4011 619 4065 τοῦ
648 4013 785 4068 Θεοῦ
819 4016 980 4087 μόνου
1011 4017 1287 4084 τάττεται,
1315 4019 1349 4091 ἢ
1380 4020 1474 4072 καὶ
1508 4020 1600 4074 ἐπὶ
1626 4020 1800 4075 ἀλλων

1916 4013 1971 4069 ie
2021 4013 2144 4069 aliis
2198 4010 2562 4083 quibusdam?
2595 4011 2693 4067 Ar.
2728 4010 2875 4067 Nihil
2909 4023 3058 4070 certe
3090 4014 3241 4070 aliud
3294 4014 3380 4071 fas
3415 4023 3505 4071 est

198 4104 406 4169 τινῶν;
446 4106 570 4174 Ἀρ.
604 4099 760 4160 εἶπεν
783 4123 797 4136 ·
833 4107 995 4161 ’Ἄλλο
1023 4127 1075 4163 τι
1105 4109 1179 4183 μὴ
1212 4112 1421 4180 γένοιτο
1453 4116 1622 4184 φῆσαι
1651 4114 1804 4182 ἀγέν-

1916 4105 2089 4161 iicere
2124 4105 2450 4176 ingenitum.
2475 4103 2611 4159 Nam
2653 4106 2802 4177 quod
2847 4105 3153 4176 ingenitum
3190 4117 3276 4162 est
3300 4147 3315 4172 ,
3353 4106 3500 4163 idem

201 4213 371 4268 νητον
393 4214 407 4227 ·
439 4196 471 4251 ὃ
494 4198 606 4269 γὰρ
635 4199 946 4272 ἀγέννητον,
980 4201 1139 4255 τοῦτο
1185 4204 1282 4257 καὶ
1331 4204 1566 4276 ἄναρχον
1597 4207 1801 4277 τυγχά-

1916 4206 1957 4253 at
1990 4197 2247 4269 principii
2272 4206 2357 4254 est
2408 4212 2624 4269 expers.
2666 4196 2795 4253 Ath.
2838 4196 2994 4264 Vox,
3032 4199 3333 4269 ingenitus,
3361 4198 3497 4254 sub-

200 4305 306 4343 νει.
326 4288 444 4343 Ἀθ.
481 4285 666 4343 εἶπενο
709 4291 777 4345 Ἦ
804 4292 1035 4365 φωνὴ,ὴ
1066 4293 1416 4364 ἀγέτνητος,
1441 4296 1598 4350 οὐσία
1628 4299 1797 4362 ἐστὶν,

1916 4293 2179 4347 stantianc
2208 4299 2313 4357 est,
2343 4306 2413 4345 an
2442 4292 2810 4347 substantiam
2841 4289 3219 4364 signiﬁcans?
3245 4290 3342 4346 Ar.
3365 4290 3503 4348 Sub-

202 4380 239 4450 ἦ
273 4381 472 4445 οὐσίας
524 4384 875 4455 σημαντική;
913 4386 1033 4454 Ἀρ.
1079 4383 1261 4439 εἶπεν*
1305 4388 1476 4442 Οὒσία
1518 4391 1796 4461 τυγχάνει.

1916 4382 2105 4438 stantia
2149 4389 2254 4438 est.
2295 4382 2421 4437 ΑιΙι.
2457 4381 2616 4438 Falsa
2656 4381 2836 4440 dicis:
2882 4398 2992 4438 non
3038 4391 3124 4440 est
3166 4384 3499 4451 substantia,

215 4472 333 4527 Ἀθ.
363 4468 521 4525 εἴτην
540 4491 552 4504 ·
589 4474 776 4547 Ψεύδῃ
797 4492 811 4505 ·
836 4477 938 4530 οὐκ
966 4476 1112 4531 ἔστιν
1138 4479 1316 4543 οὐσία,
1342 4479 1456 4533 ἀλλ’
1483 4479 1672 4546 οὐσίας
1705 4499 1798 4554 σηυ

1916 4474 2001 4530 sed
2055 4475 2424 4531 substantiam
2476 4475 2820 4547 significans.
2866 4475 2963 4530 Ar.
3004 4474 3148 4543 Quid
3195 4476 3500 4549 intelligis?

205 4563 473 4634 μαντική.
509 4564 638 4631 Ἀρ.
682 4538 835 4618 εἶτεν
865 4565 931 4617 Τί
966 4567 1251 4637 σημαίνειν
1285 4538 1459 4633 θέλεις
1492 4569 1604 4641 (55)
1632 4538 1795 4636 ;-Ἇθ.

1916 4568 2031 4625 ΑιΙι.
2086 4567 2333 4640 Intelligo
2391 4585 2491 4625 nec
2529 4570 2725 4625 I‘actam
2778 4583 2882 4625 nec
2929 4571 3170 4642 genitam
3215 4585 3340 4627 esse
3399 4570 3495 4626 Dei

201 4649 365 4707 εἶπεν
393 4669 407 4684 ·
448 4654 570 4709 Ὀτι
602 4656 663 4708 οὐ
695 4656 946 4726 γέγονεν,
981 4657 1106 4710 οὔτε
1166 4657 1273 4729 μὴν
1320 4660 1585 4733 ἐγεννήθη
1628 4663 1662 4733 ἡ
1704 4663 1798 4716 τοῦ

1916 4661 2271 4716 substantiam
2305 4680 2319 4716 :
2358 4659 2505 4716 unde
2538 4660 2934 4717 convenienter
2984 4659 3078 4717 Dei
3130 4662 3502 4718 substantiam

199 4750 348 4804 Θεοῦ
369 4750 557 4803 οὐσία·
585 4750 708 4803 ὅθεν
740 4751 1071 4823 προσφόρως
1111 4751 1345 4823 λέγομεν
1372 4753 1670 4826 ἀγέννητον
1701 4758 1800 4827 τὴν

1916 4752 2140 4809 dicimus
2177 4752 2500 4823 ingenitam.
2546 4750 2750 4808 Deinde
2790 4753 3064 4824 responde
3105 4752 3279 4807 mihi:
3330 4748 3500 4808 Geni-

200 4843 401 4897 οὐσίαν
449 4841 543 4896 τοῦ
586 4841 743 4895 Θεοῦ.
777 4838 912 4895 Εἶτα
958 4843 1080 4896 εἰπέ
1109 4861 1228 4914 μοι·
1268 4844 1440 4916 Ἀδάμ
1489 4846 1755 4918 ἐγεννήθη
1782 4888 1797 4911 ,

1916 4852 2073 4901 tusne
2100 4852 2186 4900 est
2213 4844 2408 4912 Adam,
2437 4859 2508 4902 an
2537 4844 2694 4899 non?
2725 4849 2823 4899 Ar.
2859 4843 2980 4901 Non
3004 4850 3090 4902 est
3131 4843 3372 4915 genitus,
3403 4842 3499 4899 sed

199 4935 295 4987 ναὶ
321 4933 359 5004 ἢ
394 4931 493 4997 οῦ;
527 4933 644 5001 Ἀρ.
685 4928 839 4986 εἶπεν
864 4950 877 4963 ·
910 4933 1024 4985 Οὐκ
1054 4933 1341 5004 ἐγεννήθη,
1376 4933 1490 4987 ἀλλ’
1530 4934 1799 5007 ἐπλάσθη.

1916 4936 2200 4994 formatus.
2232 4936 2359 4993 Ath.
2389 4935 2723 5010 Interrogavi
2753 4945 2938 4993 utrum
2960 4946 3109 4994 esset
3131 4936 3367 5009 genitus,
3387 4952 3498 4992 non

212 5026 333 5081 Ἀθ.
369 5020 493 5079 εἷπε
517 5042 531 5056 ο
566 5026 702 5099 Περὶ
728 5025 823 5079 τοῦ
847 5025 1142 5095 ἐγεννήθη
1178 5025 1532 5098 ὲπηρώτησα,
1575 5029 1636 5081 οὐ
1672 5031 1803 5101 περὶ

1916 5038 2095 5085 utrum
2117 5037 2267 5085 esset
2298 5028 2590 5087 formatus.
2634 5030 2733 5086 Ar.
2769 5028 2892 5085 Non
2940 5039 3026 5086 est
3075 5030 3318 5100 genitus.
3366 5028 3495 5087 ΑιΙι.

200 5118 301 5172 τοῦ
338 5117 622 5187 ἐπλάσθη
656 5119 793 5188 (54).
832 5120 952 5188 Ἀρ.
1000 5114 1153 5171 εἶπεν
1178 5135 1190 5148 ·
1218 5119 1332 5172 Οὐκ
1358 5118 1646 5192 ἐγεννήθη.
1690 5120 1799 5173 Ἀθ.

1916 5122 2028 5178 Erit
2062 5123 2227 5194 igitur
2255 5124 2511 5194 principii
2536 5139 2736 5195 expers
2766 5125 3068 5179 secundum
3124 5132 3195 5178 te.
3230 5121 3341 5178 Eva
3365 5123 3497 5178 item

202 5207 370 5265 εἶπεν
396 5230 410 5243 ’
438 5211 648 5266 Οὐκοῦν
678 5211 833 5267 ἔσται
878 5212 1116 5285 ἄναρχος
1145 5211 1287 5267 κατά
1323 5212 1402 5267 σέ.
1453 5212 1615 5266 Ἀλλά
1641 5215 1737 5266 καὶ
1768 5215 1801 5285 ή

1916 5229 2022 5268 non
2051 5221 2133 5269 est
2171 5214 2385 5284 genita,
2435 5214 2533 5270 sed
2569 5223 2774 5271 creata.
2802 5215 2945 5283 Quid
3000 5230 3129 5270 vero
3160 5213 3302 5270 dicis
3331 5212 3399 5269 de
3432 5230 3499 5270 eo

204 5304 327 5358 Εὔα
355 5304 461 5359 οὐκ
490 5305 776 5377 ἐγεννήθη,
797 5304 913 5359 ἀλλ’
940 5304 1370 5379 ὲδημιουργήθη.
1394 5306 1459 5359 Τί
1485 5306 1541 5360 δὲ
1574 5308 1679 5377 φῂς
1711 5309 1805 5362 καὶ

1916 5309 2006 5379 qui
2045 5308 2291 5363 nondum
2314 5311 2531 5381 genitus
2553 5317 2658 5376 est,
2685 5309 2999 5380 genitumne
3032 5322 3153 5363 esse
3181 5322 3251 5361 an
3282 5307 3498 5378 ingeni-

281 5461 332 5495 ⁸³
376 5461 394 5515 1
426 5459 585 5516 Joan.
621 5477 674 5528 ν,
703 5460 793 5515 20.
870 5460 915 5491 “
951 5459 1110 5517 δοίη).
1146 5477 1258 5525 xiv,
1294 5460 1347 5516 6.

285 5642 403 5711 (30)
434 5640 607 5711 Κάγώ
641 5642 793 5713 deest
827 5643 882 5696 in
906 5642 1047 5713 Aug.

286 5714 405 5781 (3|)
439 5714 572 5784 Reg.
597 5721 653 5768 et
677 5712 986 5783 Anglic.,'0
1011 5713 1121 5837 γὰρ
1147 5713 1277 5778 Θεὸς
1308 5714 1503 5783 Λόγος.

286 5782 401 5837 (52)
436 5782 652 5837 Anglic.
697 5782 954 5837 δύνασθαι
1041 5788 1161 5837 nl'ra
1196 5786 1338 5837 idem
1372 5802 1503 5837 scim

285 5782 401 5853 (δὲ)
436 5782 652 5855 Anglic.
697 5782 954 5838 δύνασθαι
1016 5782 1161 5839 Infra
1196 5786 1338 5840 idem
1372 5782 1588 5863 semper
1614 5786 1797 5855 habet,

204 5854 503 5926 ὀγένητος.

1983 5642 2295 5719 ('55)Ang_l.,
2322 5642 2474 5715 θέλῃ.
2504 5640 2675 5697 Paulo
2698 5649 2825 5715 post
2854 5642 3021 5711 idem,
3055 5645 3314 5719 ἐγενήθη,
3345 5654 3396 5703 ει
3425 5650 3501 5701 in-

1908 5713 2538 5797 ίνθζιῖενῐιτάνεθῐηβεετ·
2819 5783 2844 5797 ,
3205 5713 3216 5718 ’
3278 5713 3291 5719 ⁷
3361 5787 3394 5797 ..

1907 5783 2279 5926 ὲκςῗέδηιὶθς.
2342 5792 2395 5841 et
2428 5783 2606 5858 ’Aug.,
2641 5783 2904 5858 ἐπλάσθη.
2967 5784 3075 5843 Alii
3127 5802 3251 5843 cum
3310 5787 3495 5855 editis,

3290 6002 3341 6045 ἵν
