3860 6200
373 413 384 476 l

417 356 529 415 467

1597 355 1654 412 s.
1698 316 2273 410 ATHANASIUSXL
2315 316 2588 405 SPURIA.

3585 333 3695 390 ωε

417 484 590 538 tum?
613 482 710 538 Ar.
742 481 909 539 Recte
939 498 998 538 se
1018 481 1184 538 habet
1205 496 1308 536 vox
1335 482 1624 552 ingenitus.
1681 480 1799 535 Erit
1843 480 2008 550 igitur

2122 476 2242 547 περὶ
2292 474 2386 528 τοῦ
2424 473 2648 545 μηδέπω
2675 469 3065 543 γεννηθέντος,
3100 464 3359 538 γεννητὸν
3391 463 3426 534 ἢ
3457 461 3693 534 ἀγέννη-

423 572 587 628 Pater
643 573 861 644 quidem
903 572 1199 642 ingenitus.
1255 569 1427 626 Filius
1455 585 1584 624 vero
1610 570 1846 640 genitus.
1879 566 2006 619 Ath.

421 664 574 730 Quid.
599 665 727 721 inde
756 665 840 722 vis
862 665 1224 721 concludere?
1245 664 1343 718 Ar.
1379 662 1677 718 Genitusne
1700 670 1785 717 est
1813 659 2008 722 Filius,

423 773 498 813 an
555 757 710 813 non?
750 756 879 814 Ath.
939 757 1168 812 Genitus
1207 765 1312 812 est.
1353 755 1451 809 Ar.
1496 753 1664 809 Vides
1717 769 1842 810 eum
1900 766 2012 806 non

425 846 600 903 fuisse
643 857 932 918 antequam
971 856 1118 903 esset
1156 847 1407 918 genitus:
1441 861 1564 899 nam
1607 846 1652 900 si
1694 845 1864 899 fuisse
1906 844 2009 910 ais,

428 939 534 993 erit
586 940 888 995 secundum
948 946 1002 995 te
1052 940 1351 1010 ingenitus.
1388 938 1544 1003 Quod
1574 939 1621 993 si
1652 937 1726 991 ita
1767 945 1886 1003 cst,
1922 935 2015 989 Fi-

431 1032 538 1087 lius
565 1047 671 1086 non
695 1033 798 1086 erit
821 1031 1060 1101 genitus.
1113 1031 1236 1084 Ath.
1266 1031 1409 1086 Deus
1439 1031 1674 1086 simulne
1703 1028 1864 1084 Pater
1905 1035 2010 1093 est,

431 1141 500 1179 an
529 1126 674 1180 non?
705 1125 803 1178 Ar.
826 1124 1076 1180 Potentia
1103 1123 1326 1194 quidem
1344 1138 1556 1194 semper
1572 1130 1657 1178 est
1682 1120 1865 1184 Pater,
1890 1127 2013 1175 actu

428 1231 562 1275 vero
590 1231 701 1272 non
725 1233 968 1287 semper.

500 1479 591 1534 2.4.
633 1480 758 1533 Ath.
801 1477 885 1532 An
915 1479 1154 1534 mundus
1197 1477 1438 1548 potentia
1465 1485 1584 1532 erat
1627 1475 1838 1532 inﬁnite
1871 1477 2014 1547 apud

433 1571 633 1635 Deum,
671 1573 756 1627 vel
804 1572 950 1627 non?
991 1571 1087 1625 Ar.
1124 1571 1202 1625 lta
1234 1579 1339 1626 est.
1368 1570 1494 1623 Ath.
1539 1570 1709 1640 Igitur
1752 1570 2016 1640 quemad-

430 1664 652 1717 modum
685 1663 950 1718 mundum
987 1663 1132 1720 Deus
1158 1663 1438 1718 voluntate
1466 1669 1552 1718 est
1583 1661 1907 1728 fabricatus,
1934 1662 2015 1718 sic

429 1765 482 1808 et
511 1753 708 1808 Filium
735 1755 1037 1810 secundum
1063 1763 1116 1810 te
1145 1754 1443 1810 fabricatus
1465 1762 1572 1830 est.
1597 1755 1696 1808 Ar.
1723 1753 1842 1808 Non
1871 1753 2016 1810 sicut

2112 586 2241 634 τον;
2277 571 2396 637 "Ap.
2417 563 2566 621 εἶπεν
2592 583 2604 596 ·
2639 564 2845 636 Ὀρθῶς
2887 563 3030 634 ἔχειν
3058 560 3156 632 τὴν
3197 557 3530 629 ἀγένητος
3577 572 3696 624 φω-

2114 664 2230 735 νήν.
2270 663 2460 714 Ἔσται
2503 654 2594 713 οῦν
2627 659 2656 710 6
2705 659 2802 729 μὲν
2846 655 3035 727 Πατὴρ
3066 652 3378 722 άγέννητος,
3412 650 3441 701 6
3479 647 3535 700 δὲ
3560 644 3696 705 Υἱὸς

2113 754 2391 823 γεννητός.
2444 753 2563 808 Ἀθ.
2616 746 2768 804 εἷπε·
2798 748 2862 802 Τί
2912 743 3005 801 οῦν
3038 745 3210 808 θέλεις
3255 741 3580 809 συναγαγεῖν
3627 738 3697 790 ἐκ

2113 845 2305 898 τούτου
2332 860 2345 909 ;
2385 846 2511 912 Ἀρ.
2567 839 2718 895 εἶπεν
2745 859 2756 870 ·
2808 841 2866 892 Ὀ
2899 838 3027 902 Υἱὸς
3058 832 3320 906 ἐγεννήθη
3344 874 3358 898 ,
3394 831 3484 884 ναὶ
3511 829 3544 899 ἦ
3593 826 3653 880 οὗ
3679 844 3694 891 ;

2129 939 2246 993 Ἀθ.
2297 933 2488 990 εἶπενο
2544 932 2861 1003 Ἐγεννήθη.
2908 932 3027 999 "Ap.
3076 925 3268 980 εἶπεν·
3336 925 3533 996 Ὁρᾷς,
3587 922 3694 983 ὅτι,

2117 1031 2248 1101 πρὶν
2277 1030 2310 1099 ἢ
2341 1027 2684 1098 γεννηθῆναι,
2709 1026 2807 1078 οὐκ
2832 1022 2919 1095 ἦν·
2942 1025 2988 1075 εί
3021 1022 3080 1075 δὲ
3099 1017 3186 1093 ἦν,
3212 1019 3504 1089 ὰγέννητος
3539 1013 3696 1067 ἔσται

2116 1120 2258 1175 κατὰ
2287 1120 2366 1174 σέ.
2404 1120 2466 1170 Εἰ
2493 1118 2550 1170 δέ
2574 1116 2717 1169 τοῦθ’
2745 1115 2915 1177 οὕτως
2944 1112 3056 1183 ἔχει
3081 1153 3096 1176 ,
3129 1111 3228 1162 οὑκ
3260 1109 3411 1161 ἔσται
3436 1103 3698 1174 γεννητὸς

2115 1216 2144 1265 6
2175 1212 2322 1274 Υἱός.
2365 1212 2483 1264 Ἀθ.
2532 1205 2716 1262 εἶπεν·
2758 1208 2814 1260 '0
2841 1205 2973 1267 Θεὸς
3021 1203 3135 1273 ἅμα
3178 1200 3369 1270 Πατήρ
3417 1197 3555 1260 ἐστι,
3604 1195 3697 1245 ναὶ

2116 1303 2150 1372 ἢ
2179 1299 2239 1354 οὗ
2269 1317 2282 1365 ;
2311 1302 2439 1368 "Ap.
2485 1293 2604 1350 εἷπε
2625 1313 2636 1325 ·
2674 1293 2909 1364 Δυνάμει
2947 1293 3044 1362 μὲν
3087 1291 3174 1344 ἀεὶ
3202 1287 3412 1358 Πατὴρ,
3441 1282 3697 1353 ἐνεργείᾳ

2115 1393 2172 1445 δὲ
2201 1392 2301 1444 οὐκ
2326 1391 2432 1443 ἀεί.

2185 1485 2276 1538 24.
2319 1485 2438 1536 Ἀθ.
2476 1481 2650 1534 εἶπεν·
2698 1478 2935 1548 Δυνάμει
2965 1471 3033 1546 ἦν
3084 1476 3112 1527 6
3157 1474 3360 1544 κόσμος
3391 1468 3544 1542 παρὰ
3574 1467 3698 1538 Θεῷ

2117 1575 2436 1646 ἀπεράντως
2455 1615 2470 1640 ,
2505 1573 2593 1627 ναὶ
2621 1573 2654 1642 ἢ
2688 1569 2748 1624 οῦ
2775 1588 2790 1637 ;
2825 1571 2952 1637 Ἀρ.
2981 1563 3133 1620 εἶπεν
3154 1585 3166 1596 ο
3195 1564 3380 1626 Οὕτως
3402 1561 3533 1632 ἔχει.
3570 1561 3707 1613 Ἀθ..

2117 1661 2270 1722 εἶπεν
2291 1685 2303 1696 ·
2333 1665 2540 1719 Οὐκοῦν
2575 1664 2763 1733 ὥσπερ
2798 1661 3049 1732 βουλήσει
3089 1660 3179 1711 τὸν
3221 1657 3425 1726 κόσμον
3471 1652 3698 1723 ἐτεκτή-

2117 1778 2244 1814 νατο
2273 1763 2300 1813 ὁ
2327 1759 2457 1822 Θεὸς
2478 1798 2493 1822 ,
2539 1757 2712 1819 οὕτως
2757 1755 2849 1809 καὶ
2897 1752 2993 1805 τὸν
3024 1751 3151 1804 Υἱὸν
3194 1748 3520 1818 ἐτεκτήνατο
3552 1742 3698 1796 κατὰ

429 1845 693 1899 mundum
720 1865 732 1899 :
764 1861 887 1899 nam
904 1847 1124 1902 memini
1149 1861 1270 1914 quae
1291 1845 1445 1915 prius
1463 1820 1838 1902 demonstrata
1861 1852 2011 1900 sunt.

2122 1855 2196 1908 σέ.
2234 1855 2362 1920 "Ap.
2395 1817 2546 1904 ε’ίπεν
2569 1867 2583 1880 ·
2619 1817 2731 1918 Οὐχ
2755 1847 2830 1910 ὡς
2868 1846 2960 1898 τὸν
3001 1844 3238 1912 κόσμον·
3273 1817 3556 1910 μέμνημαι
3583 1835 3697 1904 γὰρ

429 1939 500 1990 At
525 1937 650 1992 dico
675 1937 872 1991 Filium
893 1939 1171 1992 voluntate
1201 1938 1461 1993 habuisse
1489 1949 1614 1993 ante
1645 1938 1873 1993 saacula:
1899 1936 2014 1992 exi-

429 2042 597 2097 guum
625 2042 754 2082 vero
782 2025 904 2080 Filii
933 2027 1230 2097 generandi
1259 2035 1440 2084 statuo
1465 2029 1831 2097 intervallum,
1860 2039 1920 2082 ut
1942 2028 2013 2083 sit

427 2117 665 2186 genitus.
693 2116 819 2172 Ath.
849 2117 1086 2174 Rectane
1112 2134 1202 2174 res
1224 2126 1311 2174 est
1335 2118 1506 2175 Deum
1525 2117 1742 2174 Patrem
1773 2134 1918 2184 esse,
1941 2135 2013 2173 an

427 2209 829 2278 vituperatione
863 2210 1066 2278 digna?
1115 2211 1210 2263 Ar.
1264 2211 1422 2266 Absit
1462 2220 1523 2266 ut
1569 2210 1680 2267 Deo
1726 2211 2013 2283 aﬂingatur

430 2300 639 2370 aliquid
663 2303 1057 2372 vituperatione
1087 2303 1310 2372 dignum
1335 2305 1348 2356 ι
1380 2305 1475 2359 sed
1503 2313 1654 2359 recta
1677 2305 1900 2359 omnino
1926 2320 2013 2360 res

429 2399 517 2446 est
544 2390 713 2446 Deum
737 2408 862 2448 esse
890 2392 1128 2449 Patrem.
1161 2393 1285 2448 Ath.
1323 2392 1493 2464 Igitur
1526 2410 1596 2450 ex
1623 2402 1715 2449 tua
1743 2396 2012 2450 sententia

431 2482 575 2539 Deus
608 2499 638 2536 a
686 2484 1054 2540 deterioribus
1099 2485 1153 2538 in
1203 2486 1429 2540 meliora
1485 2485 1739 2554 profecit.
1801 2485 1935 2539 Nam
1967 2486 2013 2539 si

428 2591 555 2629 cum
587 2575 750 2630 Pater
779 2592 889 2630 non
916 2583 1085 2638 esset,
1122 2575 1302 2632 factus
1335 2587 1419 2632 est
1444 2579 1643 2647 postea
1671 2577 1851 2644 Pater,
1885 2593 2014 2648 ergo

429 2681 458 2718 a
490 2665 796 2720 minoribus
829 2667 898 2720 ad
925 2666 1162 2720 maxima
1206 2676 1291 2720 est
1318 2682 1642 2722 conversus.
1679 2667 1836 2733 Quod
1865 2669 1911 2722 si
1930 2669 2016 2722 di-

427 2772 524 2812 cas
559 2758 772 2826 ipsum,
815 2767 1106 2827 antequam
1150 2757 1309 2811 Pater
1350 2758 1502 2813 ﬁeret
1528 2799 1542 2823 ,
1608 2759 2014 2814 honoratiorem

429 2849 633 2914 fuisse,
675 2865 805 2920 ergo
859 2850 928 2904 ab
957 2850 1409 2904 bonoratioribus
1445 2851 1510 2904 ad
1546 2850 1821 2904 deteriora
1854 2850 2015 2905 deve-

429 2942 552 2997 nit:
584 2957 707 3011 qua:
733 2943 781 2997 si
811 2956 940 2996 vera
975 2951 1139 3004 sunt,
1193 2957 1300 3010 qua
1340 2941 1551 2996 ratione
1596 2942 1781 2998 dicere
1814 2943 2014 3011 poteri-

429 3048 555 3091 mus
584 3033 798 3089 Numen
828 3048 952 3089 esse
983 3033 1346 3099 immutabile,
1375 3049 1442 3088 ex
1469 3049 1529 3089 se
1557 3033 1892 3103 perfectum,
1915 3049 2014 3089 nec

2113 1942 2220 1998 τῶν
2247 1938 2819 2011 προαποδεδειγμένων
2844 1935 2978 2007 (55).
3021 1931 3179 1985 Ἀλλὰ
3208 1930 3315 2002 πρὸ
3341 1929 3448 1982 τῶν
3481 1925 3696 1980 αἰώνων

2115 2033 2257 2104 φημὶ
2290 2031 2536 2102 βουλήσει
2568 2028 2856 2099 ἐσχηκέναι
2885 2026 2975 2078 τὸν
3009 2024 3135 2077 Υἱόν
3160 2040 3174 2053 ο
3212 2020 3383 2091 βραχὺ
3416 2019 3472 2072 δὲ
3502 2018 3699 2088 δίδωμι

2113 2126 2387 2194 διάστημα
2423 2123 2522 2193 τῆς
2554 2121 2857 2190 γεννήσεως
2897 2115 2989 2169 τοῦ
3019 2113 3148 2167 Υίοῦ
3174 2153 3188 2178 ,
3225 2107 3369 2183 ῖναῇ
3415 2108 3696 2180 γεννητός.

2130 2218 2247 2271 Ἀθ.
2286 2212 2406 2268 εἷπε
2427 2231 2439 2243 ·
2473 2214 2547 2266 Τὸ
2578 2212 2797 2281 Πατέρα
2826 2205 2964 2262 εἶναι
2999 2207 3090 2260 τὸν
3133 2205 3266 2258 Θεὸν
3294 2203 3458 2257 καλὸν
3490 2200 3701 2270 τυγχά-

2115 2326 2215 2373 νει,
2245 2309 2277 2379 ἢ
2307 2307 2470 2376 ψόγος
2504 2303 2650 2374 αὐτῷ
2675 2303 2864 2367 ἕσται;
2907 2302 3034 2367 "Ap.
3067 2294 3207 2350 εἷπε·
3240 2295 3332 2366 Μὴ
3367 2295 3577 2382 γένοιτο

2115 2416 2210 2468 γον
2245 2397 2522 2468 προσάψαι
2553 2394 2662 2464 (56)
2702 2392 2779 2463 τῷ
2807 2389 2962 2460 Θεῷι
2993 2387 3130 2442 ἀλλὰ
3163 2386 3302 2440 πάνυ
3331 2401 3396 2452 γε
3443 2381 3610 2437 καλὸν
3635 2381 3701 2435 τὸ

2115 2487 2254 2544 εἷναι
2276 2490 2365 2542 τὸν
2391 2488 2520 2541 Θεὸν
2557 2485 2795 2556 Πατέρα.
2843 2485 2954 2537 Ἀθ.
2983 2475 3136 2533 εἶπεν
3162 2496 3174 2508 ·
3208 2475 3416 2531 Οὐκοῦν
3452 2475 3562 2527 ἀπὸ
3586 2473 3702 2526 τῶν

2115 2581 2373 2654 χειρόνων
2407 2580 2500 2632 ἐπὶ
2532 2578 2599 2631 τὰ
2651 2576 2935 2647 κρείττονα
2983 2569 3285 2644 προέκοψεν
3324 2571 3353 2622 6
3390 2566 3524 2630 Θεὸς
3553 2564 3703 2619 κατὰ

2118 2674 2194 2726 σέ.
2232 2673 2293 2724 Et
2322 2671 2451 2742 γὰρ,
2487 2669 2560 2740 μὴ
2608 2667 2682 2720 ὣν
2737 2664 2965 2736 Πατὴρ,
3014 2661 3236 2731 γέγονεν
3284 2655 3439 2720 αὖθις
3481 2656 3698 2728 Πατὴρ.

2115 2765 2224 2837 ἄρα
2255 2764 2465 2834 ἐτράπη
2499 2761 2604 2814 ἀπὸ
2631 2758 2736 2812 τῶν
2764 2757 2999 2828 ἡττόνων
3034 2756 3125 2806 ἐπὶ
3151 2752 3221 2806 τὰ
3261 2752 3512 2820 μέγιστα,
3540 2749 3605 2801 Εί
3641 2747 3701 2800 δέ

2116 2856 2574 2930 ἐρεῖςςνπρότερον,
2605 2853 2714 2923 πρὸ
2740 2851 2832 2904 τοῦ
2864 2850 3083 2920 Πατέρα
3111 2847 3273 2901 αὐτὸν
3306 2843 3583 2913 γενέσθαι,
3618 2861 3702 2895 τι-

2121 2951 2381 3022 μιώτερον
2406 2943 2544 3000 εῖναι
2573 2946 2754 3007 αὑτὸν,
2785 2945 2892 3015 ἄρα
2931 2943 3038 2995 ἀπὸ
3075 2941 3182 2993 τῶν
3221 2937 3560 3009 τιμιωτέρων
3606 2937 3704 2987 ἐπὶ

2117 3043 2186 3096 τὰ
2218 3042 2435 3112 χείρονα
2460 3039 2680 3109 ἔφθασε.
2710 3039 2773 3090 Εἰ
2795 3037 2850 3089 δὲ
2872 3035 3019 3088 τοῦθ’
3047 3034 3221 3096 οὕτως
3245 3033 3380 3104 ἔχει,
3397 3029 3513 3093 πῶς
3536 3027 3700 3099 ἐροῦ-

429 3125 488 3178 in
517 3125 714 3179 melius
737 3124 1031 3195 proﬁciens
1057 3165 1074 3189 ,
1121 3141 1222 3181 nec
1256 3141 1286 3179 a
1314 3125 1681 3181 deterioribus
1710 3126 1775 3180 ad
1810 3126 2014 3194 optima

2125 3153 2222 3206 μεν
2255 3134 2522 3205 ἄτρεπτον
2553 3132 2612 3184 τὸ
2641 3131 2794 3183 Θεῖον
2821 3170 2835 3194 ,
2872 3128 3176 3190 αὐτοτελὲς,
3209 3127 3344 3196 μήτε
3388 3123 3703 3194 προκόπτον

431 3216 732 3272 desinens?
766 3215 969 3272 Rerum
994 3219 1262 3286 siquidem
1286 3217 1629 3287 corruptioni
1653 3217 2015 3272 obnoxiarum

432 3309 717 3380 proprium
746 3317 830 3364 est
860 3309 1082 3372 mutari,
1118 3310 1389 3377 modoque
1420 3324 1452 3363 a
1477 3309 1796 3366 melioribus
1826 3311 1891 3364 ad
1925 3315 2020 3366 dc-

431 3401 634 3456 teriora
677 3403 945 3465 converti,
977 3402 1140 3456 modo
1175 3402 1244 3455 ab
1291 3402 1647 3458 inferioribus
1679 3404 1747 3457 ad
1786 3404 2016 3472 majora.

431 3494 529 3548 Δγ.
559 3491 672 3547 Nec
692 3492 837 3548 oculi
857 3493 1027 3547 ictum
1053 3493 1138 3547 vis
1161 3494 1482 3556 concedere,
1517 3509 1626 3563 quo
1655 3510 1764 3548 non
1801 3495 1904 3549 fuit
1931 3495 2020 3548 Fi—

432 3584 543 3638 lius
571 3590 861 3653 antequam
883 3591 1032 3638 esset
1060 3585 1323 3653 genitus?
1379 3585 1504 3638 Ath.
1565 3585 1722 3650 Quod
1754 3603 1864 3642 non
1898 3595 2017 3652 est,

432 3675 734 3730 concedere
760 3691 870 3729 non
895 3691 1140 3744 possum.
1185 3678 1273 3731 Ar.
1304 3676 1522 3743 Quare?
1542 3679 1669 3732 Atla.
1718 3679 1857 3744 Quia
1884 3678 2021 3733 scri-

437 3776 587 3838 ptum
615 3774 733 3824 est:
763 3787 781 3818 ι
806 3767 924 3822 Νοη
945 3768 1050 3823 erit
1076 3769 1134 3822 in
1163 3775 1218 3824 te
1247 3769 1398 3824 Deus.
1414 3783 1607 3824 recens
1629 3769 1694 3820 “.
1737 3789 1755 3821 ι
1792 3769 1848 3822 Si
1875 3769 2019 3824 enim

434 3857 721 3914 minimum
769 3859 1138 3914 concesserim
1203 3860 1466 3932 temporis
1526 3861 1874 3916 intervallum
1912 3876 2020 3931 quo

435 3965 547 4004 non
578 3949 763 4016 fuerit,
796 3957 946 4006 certe
999 3966 1193 4007 recens
1236 3953 1341 4006 erit
1370 3967 1531 4022 quem
1579 3968 1680 4022 ego
1733 3953 2018 4008 conﬁteor.

436 4041 594 4095 Absit
622 4056 752 4095 vero
783 4049 843 4095 ut
867 4042 941 4094 ita
963 4041 1524 4100 sentiatChristianus
1546 4044 1738 4106 homo,
1781 4054 1835 4098 et
1884 4059 2019 4099 con-

433 4135 602 4188 traria
632 4135 838 4190 divinis
869 4133 1169 4206 Scripturis
1191 4135 1516 4191 conﬁteatur
1540 4137 1557 4191 !,
1583 4137 1680 4189 Ar.
1715 4136 1857 4202 Quid
1884 4151 2020 4190 con-

431 4227 686 4293 trarium,
711 4230 757 4282 si
785 4227 984 4281 Filium
1014 4228 1124 4282 ictu
1167 4227 1313 4282 oculi
1357 4227 1528 4282 fuisse
1553 4226 1824 4292 dicamus,
1861 4235 2017 4282 ante-

415 4307 598 4399 ;quam
629 4322 966 4392 gigneretur,
1017 4338 1088 4379 ne
1143 4322 1356 4376 scilicet
1395 4336 1521 4375 eum
1567 4321 1869 4392 ingenitum
1900 4337 2022 4377 esse

433 4413 844 4484 intelligamus?
893 4413 1017 4467 Atla.
1081 4412 1139 4467 ld
1187 4413 1326 4466 mihi
1358 4411 1517 4467 valde
1549 4413 1766 4467 videtur
1802 4421 2022 4466 contra-

417 4491 588 4580 grium
646 4516 769 4556 esse
810 4501 1118 4556 divinarum
1168 4501 1576 4571 Scripturarum
1639 4503 1851 4571 pietati,
1896 4518 2018 4572 qua:
2049 4494 2094 4548 D

419 4593 642 4662 iubique
672 4601 943 4647 testantur
977 4592 1139 4663 169
1171 4591 1367 4646 Filium
1399 4609 1613 4662 semper
1659 4593 1848 4660 fuisse,
1886 4596 2011 4647 nul-

433 4685 658 4753 lumque
685 4698 927 4752 unquam
965 4682 1136 4737 fuisse
1165 4689 1410 4752 tempus,
1432 4699 1558 4737 cum
1590 4700 1700 4737 non
1731 4692 1897 4739 esset.
1929 4683 2013 4739 An

432 4793 545 4833 non
567 4774 665 4830 tibi
687 4774 920 4837 videtur,
945 4774 996 4828 si
1021 4773 1076 4826 id
1100 4775 1368 4838 dicamus,
1386 4775 1662 4830 contraria
1687 4791 1787 4831 nos
1813 4778 2016 4832 sentire

433 4868 737 4938 Scripturis
773 4866 1036 4922 divinitus
1065 4867 1376 4937 inspiratis?

501 4983 593 5038 9.5.
633 4982 730 5036 Ar.
777 4981 969 5035 Profer
1017 4982 1351 5037 testimonia.
1400 4982 1526 5037 Ath.
1571 4980 1838 5036 Joannem
1888 4983 2018 5044 aud’.

415 5058 728 5136 dicentem,
767 5091 784 5122 ι
825 5072 886 5126 ln
923 5072 1194 5142 principio
1223 5081 1341 5126 erat
1370 5071 1608 5126 Verbum
1631 5112 1646 5136 ,
1687 5081 1743 5125 et
1777 5072 2015 5130 Verbum

427 5176 551 5220 erat
579 5166 724 5235 apud
751 5164 945 5230 Deum,
969 5173 1024 5220 et
1048 5165 1193 5220 Deus
1216 5173 1337 5220 erat
1353 5164 1590 5220 Verbum
1636 5185 1650 5220 :
1689 5166 1792 5221 hoc
1814 5179 1931 5220 erat
1960 5169 2015 5221 in

429 5258 707 5328 principio
740 5258 880 5326 apud
907 5257 1078 5313 Deum
1111 5258 1232 5314 δι’.»
1267 5257 1402 5323 Quis
1431 5267 1744 5314 sanctorum
1775 5260 2010 5329 prophe-

431 5360 615 5404 tarum
647 5351 732 5405 vel
771 5352 1144 5420 apostolorum
1179 5352 1308 5405 talia
1348 5367 1589 5422 unquam
1619 5352 1758 5407 dixit
1781 5393 1796 5418 ,
1831 5353 2012 5424 qualia

507 5506 554 5536 “
591 5505 737 5560 Psal.
775 5523 940 5573 Lxxx,
979 5509 1067 5562 l0.
1144 5508 1212 5540 “‘
1251 5506 1411 5564 Joan.
1449 5525 1500 5573 ι,
1536 5509 1586 5574 l,
1637 5509 1690 5562 9..

506 5662 617 5732 (55)
647 5662 790 5736 Edgit.
821 5665 1032 5720 Comm.
1066 5683 1188 5721 cum
1223 5665 1550 5736 quibusdam
1594 5643 2004 5734 manuscriptis.

437 5733 967 5816 προαποδεδομένων.
1006 5737 1144 5791 Edit.
1201 5733 1374 5791 Paris.
1421 5752 1543 5790 cum
1591 5737 1730 5802 aliis,
1769 5733 2007 5803 προαπο-

431 5801 810 5872 ,δεδειγμέν‹ι›ν.

2122 3229 2213 3282 ἐπὶ
2243 3227 2312 3280 τὰ
2340 3226 2642 3298 κρείττονα,
2683 3224 2822 3294 μήτε
2858 3220 2962 3291 μὴν
3001 3219 3163 3289 λῆγον
3206 3219 3284 3278 είς
3322 3215 3537 3286 χείρονα
3587 3212 3704 3266 ἀπὸ

2117 3321 2226 3375 τῶν
2258 3320 2529 3391 ἀρίστων;
2562 3313 2818 3386 Φθαρτῶν
2860 3312 2969 3383 γὰρ
3004 3312 3133 3364 ἴδιον
3173 3309 3234 3362 τὸ
3275 3305 3591 3378 τρέπεσθαι,
3620 3305 3702 3374 πὴ

2124 3415 2220 3484 μὲν
2247 3413 2354 3466 ἀπὸ
2398 3410 2507 3464 τῶν
2561 3407 2843 3478 βελτιόνων
2893 3406 2986 3458 ἐπὶ
3017 3402 3085 3456 τὰ
3123 3402 3362 3472 χείρονα,
3395 3398 3471 3468 πὴ
3504 3396 3560 3449 δέ
3587 3395 3705 3448 ἀπὸ

2118 3505 2226 3558 τῶν
2271 3503 2505 3574 ἡττόνων
2540 3501 2633 3552 ἐπὶ
2670 3499 2738 3551 τὰ
2793 3497 3132 3567 ἐντιμότερα.
3164 3495 3295 3563 "Ap.
3323 3487 3472 3544 εἷπε·
3505 3487 3703 3558 Ῥιπὴν

2120 3595 2399 3667 ὀφθαλμοῦ
2433 3596 2494 3648 οὑ
2527 3593 2700 3655 θέλεις
2743 3591 2946 3653 δοῦναι,
2981 3589 3070 3641 ὅτε
3101 3587 3202 3638 οὐκ
3248 3581 3314 3656 ῆν
3346 3584 3474 3654 πρὶν
3504 3597 3705 3650 γεννη-

2121 3688 2280 3758 θῆναι
2306 3687 2395 3740 τὸν
2421 3685 2547 3738 Υἱόν
2574 3701 2589 3749 ;
2618 3684 2739 3736 Ἀθ.
2774 3676 2893 3731 εἷπε
2911 3695 2924 3708 ·
2956 3677 3028 3729 Τὸ
3055 3676 3129 3747 μὴ
3151 3675 3213 3728 ὃν
3236 3675 3296 3726 οὐ
3323 3673 3534 3743 δίδωμι.
3565 3672 3700 3738 "Ap.

2120 3775 2242 3832 εἷπε
2266 3797 2279 3809 ·
2315 3778 2412 3830 Διὰ
2461 3776 2553 3840 τί;
2587 3775 2707 3828 Ἀθ.
2755 3768 2938 3824 εἶπεν·
2981 3770 3104 3822 Ὅτι
3145 3767 3486 3837 γέγραπταν
3525 3782 3544 3814 ι
3583 3763 3706 3815 Οὐκ

2121 3871 2269 3925 ἐσται
2302 3873 2359 3923 ἐν
2389 3870 2470 3922 σοὶ
2496 3867 2627 3929 Θεὸς
2659 3864 2985 3936 πρόσφατος.
3022 3881 3040 3911 ι
3072 3860 3253 3931 Βραχὺ
3279 3857 3334 3910 δὲ
3373 3856 3468 3909 ἐὰν
3492 3853 3588 3918 δῶ,
3617 3854 3706 3909 ὅτι

2119 3960 2187 4034 ἦν
2227 3980 2357 4016 ποτε
2386 3961 2597 4032 καιρὸς,
2627 3960 2716 4012 ὅτε
2743 3959 2843 4010 οὐκ
2875 3952 2963 4027 ἦν,
2995 3953 3145 4006 ἔσται
3171 3951 3481 4022 πρόσφατος
3512 3950 3540 4001 ὁ
3564 3948 3704 4018 παρ’

2120 4055 2256 4126 ἐμοῦ
2287 4053 2743 4125 ὁμολογούμενος·
2793 4051 2928 4118 ὅπερ
2958 4047 3032 4121 μὴ
3061 4045 3270 4114 γένοιτο
3297 4041 3470 4104 οὕτως
3497 4039 3709 4111 φρονῆ-

2123 4165 2213 4200 σαι
2250 4145 2534 4217 ἄνθρωπον
2563 4141 2906 4214 Χριστιανὸν,
2933 4134 3298 4208 ὁμολογοῦντα
3332 4131 3549 4185 ἐναντία
3576 4134 3708 4195 ταῖς

2121 4241 2293 4303 θείαις
2320 4238 2594 4310 Γραφαῖςῑ
2631 4237 2758 4303 "Ap.
2787 4228 2906 4285 εἷπε
2927 4249 2939 4261 ·
2975 4230 3110 4283 Ποία
3143 4226 3471 4294 ἐναντιότης,
3500 4223 3595 4279 ἐὰν
3621 4223 3709 4275 εῖ-

2123 4349 2311 4403 πωμεν
2339 4327 2620 4400 ὀφθαλμοῦ
2643 4326 2808 4398 ριπὴν
2835 4323 2940 4394 πρὸ
2958 4320 3052 4374 τοῦ
3081 4317 3403 4388 γεννηθῆναι
3429 4316 3503 4387 μὴ
3537 4313 3709 4377 εἶναι,

2124 4425 2213 4476 ἵνα
2247 4422 2320 4492 μὴ
2348 4419 2643 4488 ἀγέννητον
2689 4417 3009 4486 νοήσωμεν;
3043 4410 3161 4465 Ἀθ.
3201 4403 3320 4460 εἷπε
3347 4425 3360 4438 ο
3397 4407 3571 4477 Πολλὴ
3612 4424 3712 4476 μοι

2124 4513 2432 4581 ἐναντιότης
2481 4509 2755 4562 δείκνυται
2789 4505 2925 4576 πρὸς
2977 4503 3074 4574 τὴν
3127 4501 3235 4553 τῶν
3282 4499 3440 4552 θείων
3465 4496 3712 4568 Γραφῶν

2122 4607 2425 4669 εὐσέϐειαν,
2461 4600 2734 4671 πανταχοῦ
2769 4593 3179 4669 μαρτυρουσῶν,
3217 4594 3298 4646 ὅτι
3337 4591 3463 4654 Υἱὸς
3489 4590 3577 4643 ἀεὶ
3609 4585 3710 4660 ἦν,

2123 4703 2216 4755 καὶ
2259 4698 2513 4752 οὐδέποτε
2562 4691 2630 4766 ἦν
2681 4691 2900 4762 καιρὸς,
2937 4690 3026 4742 ὅτε
3068 4688 3168 4740 οὐκ
3211 4681 3299 4757 ἦν,
3347 4685 3418 4736 Ἣ
3458 4683 3518 4736 οὐ
3553 4682 3716 4736 δοκεῖ

2124 4810 2227 4855 σοι,
2259 4789 2352 4842 ἐὰν
2375 4787 2486 4858 (57)
2506 4785 2768 4855 εἴπωμεν,
2799 4781 3017 4834 ἐναντία
3045 4780 3258 4850 φρονεῖν
3284 4779 3405 4838 ταῖς
3440 4774 3710 4828 θεοπνεύ-

2125 4902 2265 4947 στοις
2300 4883 2538 4951 Γραφαῖς
2565 4897 2578 4942 ;

2191 4976 2280 5030 ‘25.
2319 4976 2447 5041 "Ap.
2467 4968 2587 5025 εἷπε
2609 4988 2622 5000 ο
2655 4969 2752 5031 Δός
2785 4984 2872 5037 μοι
2900 4964 3000 5028 τὰς
3037 4962 3359 5034 μαρτυρίας.
3387 4961 3494 5014 Ἀθ.
3533 4953 3663 5011 εἷπε
3688 4977 3700 4985 ·

2125 5074 2325 5125 ’Δκουε
2371 5066 2615 5120 Ἰωάννου
2647 5063 2897 5130 λέγοντος
2920 5076 2933 5088 ’
2975 5079 2993 5110 ι
3017 5059 3102 5110 Ἐν
3140 5057 3279 5127 ἀρχῇ
3309 5050 3376 5126 ἦν
3429 5053 3457 5104 ὁ
3501 5051 3703 5120 Λόγος,

2122 5163 2262 5217 καὶὸ
2286 5161 2456 5229 Λόγος
2477 5155 2545 5229 ἦν
2569 5157 2706 5227 πρὸς
2728 5154 2818 5208 τὸν
2843 5152 2996 5216 Θεὸν,
3029 5150 3122 5204 καὶ
3155 5149 3288 5211 Θεὸς
3315 5143 3381 5218 ῆν
3424 5149 3453 5200 6
3479 5145 3656 5213 Λόγος
3687 5163 3702 5174 ·

2119 5250 2271 5320 οὗτος
2301 5251 2368 5326 ἦν
2403 5257 2459 5308 ἐν
2492 5254 2631 5323 ἀρχῇ
2669 5249 2804 5320 πρὸς
2833 5247 2922 5300 τὸν
2948 5245 3100 5298 Θεόν.
3141 5263 3160 5296 ι
3199 5242 3295 5305 Τίς
3333 5240 3479 5306 ἔλεξε
3518 5239 3708 5292 τοιάδε

2118 5348 2227 5401 τῶν
2257 5347 2428 5416 ἁγίων
2461 5341 2755 5416 προφητῶν
2810 5339 2904 5394 καὶ
2936 5335 3270 5400 ἀποστόλων,
3299 5327 3386 5386 οἷα
3440 5330 3535 5384 καὶ
3583 5329 3650 5383 σύ
3688 5351 3704 5397 ;

2189 5658 2300 5727 (56)
2333 5658 2468 5727 Aug.
2504 5654 2786 5728 προσάξαι.

2189 5712 2300 5796 (37')
2337 5712 2465 5796 Λιιξξ.
2506 5712 2841 5797 ἢέῦδοᾶήτει
2872 5725 2983 5776 ἐὰν.
3016 5721 3137 5775 Mox
3167 5717 3328 5778 idem,
3375 5715 3497 5776 ταῖς
3526 5712 3712 5775 θείαις

2117 5801 2377 5864 Γραγαὴ.
