3860 6200
238 241 344 298 469

1425 221 1838 300 bisru'rnio
1877 238 2162 298 CONTRA
2198 239 2443 298 ARIUM.

3402 249 3508 306 470

234 363 375 416 Εἰπέ
409 379 526 432 μοι,
559 363 608 417 εἱ
641 363 864 418 δυνατὸν
899 359 998 418 καὶ·
1020 361 1100 429 εἷς
1137 361 1364 434 ¹ἔννοιαν
1391 361 1576 416 λαϐεῖν
1598 401 1612 424 ,
1668 363 1753 415 ὅτι
1798 382 1806 413 ι

1928 361 2058 432 ipse
2089 361 2212 417 ais?
2244 361 2359 417 Dic
2386 361 2549 430 mihi,
2572 376 2704 418 num
2740 361 2825 417 vel
2868 359 2924 417 in
2953 359 3340 434 cogitationem
3383 365 3508 419 cui-
3549 359 3553 376 ³

231 456 405 523 ,Λόγος
446 456 598 521 Θεὸς,
619 453 687 526 ἦν
711 474 839 509 ποτε
873 456 1081 527 καιρὸς,
1108 456 1196 508 ὅτε
1225 456 1324 508 οὔκ
1353 451 1420 528 ἧν
1445 472 1460 521 ;
1491 457 1554 509 Εἰ
1585 455 1645 506 δὲ
1668 455 1826 509 τοῦτο

231 547 379 600 οὕτω
421 548 641 618 νοηθείη
660 589 675 611 ,
706 543 775 620 ἦν
802 566 932 602 ποτε
965 549 1178 621 καιρὸς,
1207 550 1292 602 ὅτε
1329 547 1520 616 ἄλογος
1541 543 1608 618 ἦν
1638 548 1669 599 ὁ
1692 547 1824 610 Θεὸς

229 641 451 713 Πατήρ.
490 643 607 709 Ἀρ.
646 636 800 694 εἷπε·
868 640 1206 713 Προφορικὸν
1260 636 1353 693 οὖν
1400 639 1506 710 φῂς
1557 639 1648 691 τὸν
1695 638 1822 691 Υίὸν

227 733 406 801 Λόγον
433 750 446 796 ;
498 733 620 789 Ἀθ.
649 728 769 785 εἷπε
789 750 802 763 ο
860 733 952 804 Μὴ
981 734 1222 802 γένοιτοί
1254 732 1357 785 Τὸν
1379 731 1488 802 γὰρ
1521 731 1690 799 Λόγον
1713 729 1822 798 ἐγώ

228 843 379 896 φημι
436 823 698 888 ἐνούσιον,
734 825 828 878 καὶ
866 826 925 878 οὐ
962 826 1113 896 ῥῆμα
1151 825 1525 896 διαλυόμενον,
1562 823 1684 878 οὔτε
1717 823 1820 894 μὴν

229 917 642 988 προεληλυθότα
664 920 727 970 ἐκ
752 918 846 971 τοῦ
880 917 1045 982 Θεοῦ,
1064 917 1159 972 καὶ
1184 918 1343 972 πάλιν
1376 918 1455 980 εἰς
1478 915 1568 969 τὸν
1601 916 1820 986 Πατέρα

225 1007 574 1062 ἁναλυθέντα
605 1007 744 1060 κατὰ
764 1006 1084 1060 Σαὸέλλιον·
1124 1005 1260 1060 ἀλλὰ
1287 1005 1616 1075 γεννηθέντα
1647 1004 1820 1075 ἀρρή-

222 1117 361 1163 τως,
395 1099 766 1169 συνυπάρχειν
794 1099 936 1168 φημὶ
967 1097 1060 1150 τὸν
1087 1097 1214 1150 Υίὸν
1243 1096 1322 1167 τῷ
1354 1096 1548 1168 Πατρί.
1590 1096 1678 1159 Ὠς
1710 1095 1816 1166 γὰρ

222 1193 333 1244 οὑκ
395 1192 515 1243 ἔστι
569 1190 747 1260 ψυχὴν
804 1190 932 1244 ἄνευ
985 1188 1146 1257 λόγου
1196 1188 1465 1258 ἐννοῆσαι,
1496 1185 1668 1250 οὕτως
1696 1187 1816 1240 οὐδὲ

219 1281 362 1334 Θεὸν
397 1281 488 1336 τὸν
523 1280 742 1351 Πατέρα
774 1279 902 1333 ἄνευ
951 1279 1082 1332 Υἱοῦ
1133 1277 1418 1332 πιστεῦσαι
1609 1279 1816 1350 Ὥσπερ

219 1373 338 1444 γὰρ
366 1375 395 1426 6
419 1373 610 1443 Πατὴρ
638 1371 871 1446 ἄναρχός
902 1373 1070 1435 ἐστιν,
1105 1370 1244 1423 οὕτω
1272 1371 1364 1422 καὶ.
1403 1371 1431 1422 6
1469 1370 1640 1438 Λόγος
1665 1369 1759 1422 καὶ
1789 1369 1818 1420 6

218 1465 364 1528 Θεὸς
428 1465 560 1528 Υἱὸς
619 1465 754 1518 Θεοῦ
826 1464 956 1535 (⁸59).
1023 1465 1151 1532 Ἀρ.
1206 1459 1359 1516 εἷπε·
1412 1461 1537 1526 Πῶς
1584 1462 1818 1534 ἄναρχος

218 1558 377 1610 ἐστιν
404 1558 434 1609 6
483 1557 638 1620 Υἱὸς,
667 1557 726 1620 ὃς
771 1557 982 1625 ἀγνοεῖν
1015 1554 1267 1627 ὁμολογεῖ
1302 1556 1400 1626 τὴν
1454 1555 1665 1626 ἡμέραν
1716 1556 1817 1626 τῆς

220 1648 578 1713 συντελείας
632 1649 753 1704 Ἀθ.
794 1646 940 1701 εἷπε·
994 1648 1134 1716 Λέγε
1194 1664 1305 1719 μοι,
1363 1646 1637 1717 ἄνθρωπε,
1677 1649 1814 1720 ὅπερ

217 1741 524 1812 ἐπερωτῶ·
572 1741 956 1812 Ἀρχιτέκτων,
983 1741 1163 1796 λαϐὼν
1192 1741 1457 1812 κάλαμον,
1511 1741 1683 1815 μέτρα
1733 1740 1814 1793 τί-

218 1831 416 1903 θησιν·
456 1829 575 1886 εἶτα
611 1831 898 1903 διαγράφει
925 1831 1141 1900 ἁνώγεα
1166 1835 1258 1887 καὶ
1279 1830 1552 1900 κατώγεα,
1592 1831 1816 1901 διόροφά

216 1941 369 1995 φημι
390 1925 486 1977 καὶ
511 1925 776 1996 τριόροφα
807 1923 940 1993 (40).
993 1923 1120 1978 Ἐὰν
1157 1923 1342 1996 φθάσῃ
1372 1922 1501 1994 περὶ
1534 1922 1634 1993 τὴν
1667 1921 1815 1993 πρώ-

215 2033 325 2086 την
358 2016 584 2086 ὀροφὴν,
617 2013 908 2084 γινώσκει,
939 2014 1021 2067 ὅτι
1053 2015 1181 2086 περὶ
1210 2015 1308 2086 τὴν
1334 2015 1591 2086 ὸὲυτέραν
1651 2015 1813 2085 ἀσχο-

214 2107 435 2160 λεῖσθαι
473 2108 584 2160 δεῖ·
621 2107 760 2160 ἐπὰν
781 2107 837 2160 δὲ
863 2109 961 2178 τὴν
986 2107 1245 2178 δευτέραν
1272 2107 1467 2176 στέγην
1497 2105 1808 2176 συντελέσῃ,

216 2198 460 2265 νοεῖ,ὅτι
491 2197 660 2266 ἐγγύς
695 2201 808 2252 ἐστι
845 2199 982 2270 πρὸς
1022 2199 1414 2269 συμπλήρωσιν
1453 2197 1548 2250 τοῦ
1581 2197 1812 2267 κτίσμα-

215 2303 334 2350 τος.
374 2285 570 2340 Ἠνίκα
598 2287 644 2340 δ’
673 2286 740 2340 ἂν
765 2287 1290 2358 προσστοιὸασθῆναι
1327 2287 1440 2358 (Μ)
1467 2287 1690 2357 γένηται
1711 2286 1810 2358 τὴν

217 2378 418 2447 τρίτην
446 2378 670 2448 ὀροφὴν,
705 2377 782 2440 ὡς
809 2379 916 2450 πρὸ
947 2377 1041 2431 δύο
1071 2379 1103 2450 ἢ
1129 2377 1295 2448 τριῶν
1324 2377 1525 2448 δόμων,
1554 2375 1810 2446 ἀσφαλῶς

218 2468 554 2534 ἐπίσταται,
604 2469 686 2521 ὅτι
731 2469 927 2539 ἧγγικε
981 2469 1040 2522 τὸ
1088 2467 1461 2540 συμπέρασμα
1515 2467 1612 2538 τῆς
1661 2468 1806 2519 οἰκο-

214 2558 418 2630 δομῆς.
450 2557 617 2611 Ταῦθ’
645 2557 815 2621 οῦτως
838 2559 972 2628 ἔχει,
1002 2557 1091 2610 ναὶ
1114 2557 1147 2628 ἢ
1171 2557 1231 2610 οῦ
1257 2573 1272 2622 ;
1308 2559 1434 2626 "Ap.
1473 2552 1592 2610 εἷπε
1623 2574 1636 2586 ο
1670 2557 1809 2627 Σύμ-

217 2668 370 2721 φημι
394 2649 550 2702 ταῦθ’
578 2649 750 2713 οὕτως
791 2649 934 2720 ἔχειν
969 2649 1102 2719 (42).
1139 2649 1248 2704 Ἀθ.
1282 2644 1433 2702 εἶπεν
1455 2665 1468 2679 ·
1529 2648 1737 2701 Οὐκοῦν
1779 2650 1807 2701 6

219 2741 356 2804 Υἱὸς
384 2740 479 2793 τοῦ
516 2739 674 2803 Θεοῦ,
703 2741 737 2792 ὁ·
770 2741 836 2800 τά
865 2739 1043 2793 πάντα
1081 2742 1146 2792 ἐκ
1192 2738 1285 2792 τοῦ
1328 2738 1401 2810 μὴ
1431 2739 1582 2802 ὄντος
1623 2741 1702 2803 εἰς
1746 2740 1806 2792 τὸ

217 2828 367 2885 εἶναι
396 2834 652 2904 ποιήσας,
685 2833 777 2888 καὶ
827 2834 1174 2904 συναρμόσας
1203 2832 1263 2885 τὸ
1294 2835 1554 2902 στοιχεῖον
1577 2834 1752 2898 τοῦτο,
1777 2835 1806 2886 6

218 2923 624 2995 προνοούμενος
657 2924 750 2981 καὶ
789 2923 1085 2994 οἰκονομῶν
1129 2924 1220 2977 τὸν
1258 2923 1462 2994 κόσμον
1501 2923 1616 2988 ἕως·
1657 2924 1802 2994 ἄρτι,

217 3010 410 3074 καθὼς
432 3011 594 3075 αὐτὸς
615 3013 642 3063 6
668 3012 872 3084 Κύριος
899 3012 1002 3084 ἔφη
1023 3029 1035 3042 ·
1077 3032 1096 3064 ι
1131 3014 1189 3065 'O
1216 3015 1404 3084 Πατήρ
1429 3031 1529 3084 μου
1555 3013 1659 3076 ἕως
1680 3013 1802 3084 ἄρτι

216 3104 538 3174 ἐργάζεται,
597 3103 753 3172 κάγὼ
802 3104 1136 3176 ἐργάζομαι,
1190 3124 1226 3156 ι.
1258 3106 1318 3157 οὑ
1371 3103 1625 3172 γινώσκει
1673 3106 1804 3159 πότε

217 3195 445 3263 περαιοῖ
472 3193 610 3263 ὅπερ
638 3193 797 3257 αὐτὸς
824 3193 887 3262 δη
898 3197 1176 3266 μιουργεῖ;
1209 3196 1329 3248 Ἔτι
1362 3193 1467 3265 μὴν
1489 3195 1800 3266 δοκίμασον,

220 3283 402 3355 φημί·
439 3284 726 3356 πορευθεὶς
769 3285 1113 3356 ἐπερώτησον
1173 3287 1301 3358 περὶ
1360 3287 1804 3359 συμπληρώσεως

218 3373 315 3427 τοῦ
365 3374 536 3445 μηνὸς
591 3373 757 3444 ἄνδρα
810 3374 1056 3445 ἄπειρον,
1086 3374 1144 3438 ὃς
1193 3375 1292 3428 οὐκ
1337 3376 1661 3442 ἐπίσταται,
1722 3377 1804 3429 ὅτι

217 3461 519 3531 τριάκοντα
547 3461 772 3532 ἡμερῶν
804 3464 832 3515 6
853 3463 959 3533 μὴν
992 3463 1270 3533 τυγχάνει,
1292 3466 1340 3517 εί
1371 3464 1536 3533 δώσει
1559 3465 1671 3537 (45)
1723 3481 1804 3518 σοι

217 3552 517 3624 ἀπόκρισιν
542 3554 670 3628 περὶ
695 3548 754 3608 οῦ
785 3554 1045 3628 πυνθάνῃ.
1085 3555 1221 3609 Ἐὰν
1243 3555 1301 3610 δὲ
1331 3556 1686 3630 προσαγάγῃς
1704 3556 1804 3627 τὴν

219 3645 416 3700 πεῦσιν
464 3644 544 3716 τῷ
595 3647 771 3717 ἔχοντι
805 3648 902 3719 τὴν
939 3647 1160 3717 γνῶσιν,
1183 3648 1380 3714 εὐθέως
1427 3651 1544 3721 ἐρεῖ
1572 3667 1672 3714 σοι,
1709 3649 1804 3703 ἐὰν

224 3736 327 3804 μὲν
455 3737 619 3790 πέντε
661 3739 756 3790 καὶ
799 3738 1032 3810 δεκάτην
1095 3739 1234 3810 ἔχων
1288 3743 1317 3794 6
1366 3740 1494 3812 μὴν,
1523 3742 1604 3794 ᾶιι
1641 3743 1803 3813 μέσος

215 3827 392 3879 ἐστίν’
421 3826 517 3880 ἐὰν
544 3827 601 3880 δὲ
654 3829 784 3899 περὶ
827 3829 1076 3900 εἰκοστὴν
1112 3830 1367 3903 ἐὸδόμην,
1420 3832 1562 3899 λέξει
1596 3853 1699 3900 σοι,
1721 3837 1801 3890 ὃτι

218 3920 354 3991 περὶ
389 3921 784 3993 συμπλήρωσιν
811 3923 1068 3993 τυγχάνει
1097 3927 1126 3977 6
1156 3925 1283 3995 μήν.
1318 3925 1376 3979 '0
1402 3927 1564 3992 αὐτὸς
1596 3928 1653 3981 δὲ
1680 3929 1803 4001 ὄρος

219 4011 318 4066 καὶ
344 4011 475 4082 περί
507 4011 757 4083 σελήνης,
793 4013 989 4082 ὁμοίως
1022 4013 1078 4065 δὲ
1107 4016 1354 4087 καὶπερὶ
1381 4017 1474 4070 τοῦ
1532 4019 1800 4073 ἐνιαυτοῦ·

218 4102 318 4155 ἐὰν
345 4103 460 4171 (44)
501 4105 859 4176 ἐπερωτήσῃς
905 4109 1243 4178 ἐπιστήμονα
1301 4111 1490 4181 ἄνδρα,
1549 4113 1629 4166 ὅτι
1673 4114 1803 4167 πότε

219 4194 662 4266 συμπληροῦται,
697 4197 835 4250 κατὰ
857 4197 954 4270 τὴν
983 4199 1193 4254 σύνεσιν
1216 4202 1316 4273 τὴν
1336 4203 1641 4275 προσοῦσαν
1657 4206 1803 4277 αὐτῷ

215 4285 527 4355 δοκιμάσας
558 4326 574 4346 ,
625 4288 706 4340 ὃτι
761 4288 1044 4353 ἑνδέκατος
1095 4290 1200 4362 μὴν
1260 4277 1654 4366 πεπλήρωται,
1708 4299 1802 4352 καὶ

1830 3058 1877 3120 C

1924 467 2088 523 quam
2121 453 2307 509 venire
2337 453 2531 525 possit,
2555 454 2702 525 quod
2742 454 2907 509 fuerit
2939 456 3234 525 aliquando
3263 463 3504 527 tempus,

1924 557 2047 597 cum
2097 543 2332 600 Verbum
2379 545 2524 601 Deus
2573 561 2684 601 non
2729 548 2922 602 esset?
2963 547 3097 602 Nam
3147 549 3194 604 si
3239 549 3294 602 id
3330 549 3505 618 possit

1923 636 2197 706 cogitari,
2251 635 2353 691 fuit
2393 651 2524 708 ergo
2562 644 2777 708 tempus
2828 653 2951 692 cum
3004 641 3123 695 sine
3167 639 3348 695 Verbo
3387 641 3503 694 sive

1921 729 2134 784 ratione
2184 737 2330 784 esset
2363 728 2506 786 Deus
2554 727 2736 784 Pater.
2771 731 2867 784 Ar.
2913 728 3111 784 Filium
3157 731 3324 801 igitur
3363 731 3501 785 dicis
3548 763 3553 801 ί

1922 818 2162 876 Verbum
2221 837 2344 877 esse
2397 822 2794 892 prolatitium?-
2827 821 2950 878 Ath.
3011 823 3205 877 Absit!
3265 822 3498 878 Verbum

1921 913 2064 966 enim
2087 928 2190 981 ego
2214 914 2478 968 conﬁteor
2503 913 2880 976 substantiale,
2914 929 3022 968 non
3064 921 3244 968 autem
3275 915 3496 969 verbum

1891 1063 1894 1066 ,
1920 1003 2272 1070 dissolubile,
2318 1020 2498 1076 neque
2527 1021 2598 1060 ex.
2631 1003 2744 1060 Deo
2769 1005 3128 1075 progrediens
3148 1044 3162 1068 ,
3194 1020 3498 1076 rursusque

1920 1096 1989 1151 ad
2037 1096 2252 1152 Patrem
2302 1097 2638 1168 regrediens,
2675 1095 2832 1165 juxta
2881 1093 3200 1150 Sabellium.
3256 1094 3362 1150 Sed
3415 1095 3499 1150 Fi-

1919 1189 2050 1243 lium
2083 1190 2206 1244 dico
2228 1190 2390 1244 modo
2419 1189 2678 1245 ineffabili
2701 1189 2966 1260 genitum,
2993 1188 3157 1243 simul
3187 1204 3312 1242 cum
3333 1187 3496 1243 Patre

1917 1281 2204 1337 exsistere.
2239 1280 2310 1335 Ut
2340 1281 2486 1337 enim
2521 1281 2702 1335 anima
2749 1281 2869 1335 sine
2914 1288 3095 1335 mente
3137 1281 3352 1349 concipi
3385 1295 3494 1333 non

1917 1377 2118 1440 potest,
2149 1371 2231 1426 sic
2273 1386 2376 1425 nec
2419 1369 2566 1426 Deus
2595 1370 2715 1426 sine
2745 1367 2886 1424 Filio
2919 1368 3082 1424 Pater
3113 1378 3292 1440 potest
3322 1370 3491 1424 credi.

1915 1459 2052 1514 Nam
2082 1461 2543 1530 quemadmodum
2573 1459 2735 1516 Pater
2763 1477 2960 1530 expers
2997 1469 3082 1516 est
3115 1462 3392 1531 principii,
3418 1462 3494 1516 ita

1915 1561 1970 1606 et
1990 1551 2231 1608 Verbum
2261 1561 2316 1608 et
2346 1551 2493 1608 Deus
2520 1551 2693 1608 Filius
2715 1551 2834 1608 Dei.
2863 1553 2961 1606 Ar.
2991 1551 3094 1618 Qui
3118 1553 3294 1622 possit
3322 1551 3494 1608 Filius

1914 1657 2110 1712 expers
2133 1659 2255 1699 esse
2284 1643 2566 1716 principii,
2599 1645 2694 1715 qui
2733 1645 2876 1699 diem
2903 1645 3400 1700 consummationis
3433 1661 3493 1700 se

1843 1721 1888 1776 Β
1915 1735 2170 1818 ignorare
2201 1736 2444 1790 fatetur?
2477 1736 2604 1790 Ath.
2643 1735 2936 1806 Responde
2961 1736 3116 1801 mihi,
3145 1750 3178 1790 ο
3210 1737 3394 1801 homo,
3423 1739 3489 1790 ad

1915 1826 1970 1881 id
2005 1826 2150 1897 quod
2183 1835 2239 1880 te
2267 1827 2548 1895 interrogo
2585 1842 2597 1877 :
2640 1827 2988 1889 Architectus
3017 1837 3240 1896 accepto
3279 1827 3492 1882 calamo

1913 1919 2094 1973 locum
2131 1917 2512 1972 aediﬁcandum
2552 1919 2832 1973 dimetitur
2859 1936 2874 1986 ;
2906 1919 3187 1988 superiora
3213 1919 3491 1975 deinde.et

1913 2009 2176 2064 inferiora
2219 2009 2505 2073 describit,
2554 2011 2808 2066 cubicula
2853 2011 3390 2075 secundae-scilicet,
3434 2019 3490 2066 et

1911 2099 2088 2154 tertia:
2116 2099 2565 2169 contignationis.
2603 2098 2704 2154 Hic
2739 2109 2907 2166 certe,
2931 2115 3057 2156 cum
3097 2102 3330 2172 primam
3358 2104 3455 2155 alti

1911 2189 1990 2260 git
2036 2190 2540 2261 contignationem,
2599 2193 2754 2246 novit
2810 2192 2916 2247 sibi
2974 2195 3268 2248 secundam
3319 2195 3460 2250 :ediﬁ

1910 2281 2142 2337 candam
2187 2297 2342 2349 esse;
2384 2298 2494 2354 qua
2538 2284 2779 2353 perfecta
2803 2323 2819 2349 ,
2858 2285 3113 2356 intelligit
3148 2301 3286 2356 opus
3317 2302 3487 2358 prope

1909 2389 2034 2430 esse
2088 2375 2428 2430 absolutum.
2514 2375 2649 2429 Cum
2718 2391 2850 2431 vero
2921 2378 3081 2431 tertia
3150 2380 3490 2448 contignatio

1911 2473 2229 2520 constructa
2260 2466 2446 2531 fuerit,
2478 2465 2726 2537 profecto
2752 2468 3212 2536 quemadmodum
3242 2478 3368 2525 ante
3399 2486 3488 2527 se-

1909 2557 2146 2611 cundam
2178 2558 2263 2612 vel
2293 2559 2509 2612 tertiam
2542 2558 2736 2624 aedem,
2763 2559 2842 2612 sic
2867 2558 3028 2612 etiam
3063 2566 3215 2612 certo
3247 2562 3349 2615 scit
3382 2563 3485 2616 im-

1909 2649 2120 2704 minere
2149 2649 2363 2704 aadiﬁcii
2395 2650 2814 2704 absolutionem.
2846 2647 3016 2712 Itane,
3056 2666 3262 2721 quaeso,
3295 2669 3353 2708 se
3395 2669 3486 2710 res

1907 2742 2092 2808 habet,
2129 2759 2198 2797 an
2229 2744 2376 2796 non?
2416 2742 2513 2796 Ar.
2551 2741 2850 2796 Consentio
2887 2741 2990 2796 ista
3029 2742 3111 2797 sic
3153 2758 3212 2798 se
3260 2743 3479 2800 habere.

1907 2833 2034 2888 Ath.
2071 2833 2244 2903 Igitur
2279 2833 2374 2888 Dei
2408 2832 2602 2896 Filius,
2631 2833 2724 2902 qui
2758 2833 2940 2887 omnia
2973 2848 3096 2888 cum
3130 2849 3240 2888 non
3273 2845 3482 2902 essent,

1906 2925 2037 2982 fecit
2072 2934 2134 2980 ut
2153 2925 2379 2997 Iessent,
2425 2925 2518 2996 qui
2570 2924 3067 2994 istudcomposuit
3123 2926 3452 2981 elementum

1905 3017 1999 3088 qui
2034 3017 2300 3072 hactenus
2343 3016 2606 3070 mundum
2651 3017 2996 3086 providentia
3025 3019 3186 3088 regit,
3218 3021 3483 3090 quemad»

1907 3111 2129 3166 modum
2189 3111 2305 3181 ipse
2347 3110 2426 3162 ait
2468 3108 2756 3173 Dominus,
2813 3127 2832 3159 ι
2887 3107 3063 3163 Pater'
3097 3125 3251 3165 meus
3307 3125 3480 3181 usque

1905 3204 2068 3258 modo
2087 3209 2365 3274 operatur,
2385 3209 2439 3276 et.
2459 3216 2559 3273 ego
2585 3217 2780 3272 operor
2803 3201 2872 3265 ⁸⁵,
2907 3220 2926 3252 ι
2951 3216 3062 3256 non
3091 3203 3244 3258 novit
3260 3201 3481 3273 quando

1906 3296 1972 3350 ad
1995 3278 2488 3366 exitum'perducet
2520 3293 2667 3364 quod
2697 3293 3142 3363 ipse-construit?
3175 3293 3330 3360 Rem,
3357 3309 3478 3362 oro,

1904 3389 2172 3459 experire.
2205 3387 2376 3455 Vade,
2406 3394 2460 3441 et
2485 3387 2554 3441 de
2582 3385 2688 3440 ﬁne
2727 3385 2931 3441 mensis
2965 3385 3279 3456 imperitum
3310 3385 3482 3440 homi-

1903 3493 2028 3534 nem
2063 3479 2366 3547 interroga,
2407 3477 2502 3547 qui
2550 3476 2763 3532 neseiat
2805 3491 3049 3532 mensem
3096 3477 3320 3548 triginta
3364 3475 3481 3533 die-

1904 3585 2025 3625 rum
2059 3585 2202 3637 esse,
2235 3569 2468 3639 videque
2490 3584 2556 3624 an
2587 3569 2686 3624 tibi
2719 3568 3080 3637 interroganti
3106 3583 3480 3639 responsurus

1905 3661 1996 3717 sit.
2061 3659 2135 3713 At
2182 3660 2229 3716 si
2278 3659 2556 3714 eruditum
2606 3660 2912 3727 interroges
2946 3656 3245 3723 hominem,
3289 3657 3479 3713 statim

1904 3751 2049 3806 dicet
2072 3750 2192 3816 tibi,
2226 3750 2275 3806 si
2308 3749 2558 3806 decimus
2603 3749 2831 3819 quintus
2873 3747 2991 3804 dies
3031 3755 3137 3813 est,
3190 3748 3478 3804 dimidium

1903 3860 2028 3901 esse
2069 3858 2349 3907 mensem;
2405 3843 2490 3898 sin
2533 3848 2714 3896 autem
2763 3842 2835 3896 sit
2867 3839 2985 3894 dies
3025 3839 3322 3896 vicesimus
3355 3855 3480 3912 sep-

1903 3932 2070 3987 timus
2122 3931 2206 3986 vel
2252 3931 2498 3996 circiter,
2544 3928 2900 3999 respondebit
2953 3929 3052 3984 tibi
3116 3929 3278 3985 ﬁnem
3323 3946 3481 3986 men-

1905 4023 1982 4079 sis
2011 4024 2316 4078 imminere.
2345 4021 2548 4077 Eadem
2581 4036 2748 4091 porro
2787 4020 2931 4075 ratio
2960 4027 3065 4084 est,
3096 4021 3213 4076 sive
3243 4021 3311 4077 de
3348 4022 3478 4076 luna

1905 4113 2021 4168 sive
2045 4112 2113 4168 de
2135 4126 2282 4166 anno
2303 4120 2516 4182 agatur.
2557 4110 2612 4164 Si
2638 4111 2785 4166 enim
2819 4110 3056 4180 peritum
3086 4109 3364 4164 hominem
3394 4110 3482 4165 in-

1902 4208 2268 4279 terrogaveris
2327 4207 2679 4278 quandonam
2745 4206 3010 4275 ﬁnietur,
3067 4206 3161 4262 ille
3214 4221 3316 4276 pro
3377 4220 3478 4263 sua

1904 4300 2260 4370 intelligentia
2291 4300 2629 4370 perspiciens
2655 4298 3002 4354 undecimum
3043 4313 3285 4354 mensem
3327 4313 3480 4354 com-

213 4375 426 4447 ἤρξατο
455 4377 818 4444 ὁδωδέκατος,
857 4381 972 4450 ἐρεῖ
999 4398 1102 4445 σοι.
1151 4383 1233 4438 ὅτι
1261 4385 1389 4456 περὶ
1444 4389 1505 4440 τὸ
1553 4389 1800 4442 συντελε-

1913 4392 2108 4461 pletum
2135 4407 2278 4458 esse,
2310 4392 2694 4462 incepisseque
2737 4389 3147 4458 duodecimum,
3181 4393 3481 4465 responde-

216 4466 415 4537 σθῆναι
438 4467 570 4538 ἔχει.

282 4579 380 4634 26.
421 4584 552 4650 'Ap.
596 4579 779 4638 εἶπενο
824 4586 1010 4651 Οὕτως
1053 4587 1163 4660 ἔχει
1221 4591 1282 4644 τὸ
1321 4591 1629 4663 εἰρημένον.
1689 4594 1798 4648 Ἆθ.

209 4665 373 4724 εἶπεν
392 4689 406 4702 ο
437 4674 502 4725 Εἰ
527 4669 618 4732 οὖν
649 4677 984 4747 ἁρχιτέκτων
1018 4681 1301 4736 ἐπίσταται
1333 4721 1348 4747 ,
1399 4681 1528 4737 πότε
1563 4682 1803 4736 συντελεῖ

210 4767 312 4838 τὴν
343 4769 655 4842 οἰκοδομὴν,
685 4774 778 4825 καὶ
805 4776 832 4826 6
859 4776 1178 4846 ἐπιστήμων
1207 4777 1346 4850 ἀνὴρ
1361 4777 1432 4830 ἐκΔ
1450 4776 1545 4831 τοῦ
1567 4779 1798 4851 ἀριθμοῦ

210 4857 348 4909 πότε
375 4859 705 4914 συντελεῖται
731 4863 760 4914 6
787 4863 914 4934 μὴν,
947 4867 1010 4917 ἐκ
1032 4865 1089 4919 δὲ
1128 4865 1230 4934 τῆς
1258 4868 1548 4941 ἐμπειρίας
1575 4869 1669 4922 τοῦ
1702 4889 1798 4924 κυ-

209 4947 408 5001 κλικοῦ
441 4949 662 5022 δρόμου,
693 4953 820 5006 πότε
857 4955 954 5024 μὲν
985 4956 1096 5027 (45)
1133 4956 1437 5028 πληροῦται
1493 4961 1525 5031 ἡ
1572 4960 1794 5032 σελήνη,

287 5102 336 5133 ⁸⁸
375 5101 534 5158 Joan.
571 5123 626 5172 ν,
663 5107 749 5159 l7.

219 5345 243 5354 _
287 5275 588 5358 (58)‘Aug_.‘
618 5279 694 5358 ὡς
732 5280 1480 5358 γὰίζοῦκ-ἔστιᾷΧριστιανὸν
1517 5291 1612 5345 τοῦ
1648 5294 1794 5345 ἐννο-

215 5347 484 5431 ἧσαιητὸνΔ
506 5349 631 5401 Υίὸν
665 5347 791 5431 ἄνευ
810 5347 1035 5431 ’Πατρὸς
1061 5355 1181 5408 οὐδὲ
1207 5347 1296 5412 τὸν
1324 5360 1541 5431 Πατέρα
1573 5361 1722 5415 ἄνευ.

443 5419 594 5500 ρης.
618 5419 804 5500 ,οὕτως
848 5417 1023 5500 καῖ’ἐν
1053 5428 1195 5500 ἀρχῇ
1225 5428 1352 5492 Υἱὸς
1381 5417 1508 5494 Υἱὸς
1532 5431 1690 5488 Θεοῦ.

287 5487 401 5575 μθ)
443 5487 576 5571 μεθ’.
605 5489 870 5558 ἁνώγαιον
911 5497 1004 5548 καὶ
1038 5487 1363 5566 κατώγαιον,
1390 5487 1631 5572 διώροφά
1656 5487 1797 5575 φημι

219 5573 310 5609 και
333 5574 635 5612 τοιωοοωα.

294 5578 682 5642 ιτραυροφα..
1739 5646 1793 5654 ι.

291 5626 400 5696 (ll)
436 5629 526 5682 SIC
553 5629 776 5707 Regius.
805 5634 966 5689 Basxl.
996 5635 1282 5707 Anglican.
1315 5639 1538 5695 eLFelc.
1570 5641 1623 5695 2.
1655 5642 1799 5702 Ediu

221 5710 367 5764 vero,
399 5702 913 5786 προποιὸασθῆναι.
949 5702 1202 5780 Αιιειῖδι.,
1235 5712 1715 5785 προσϐιϐασθῆναι,
1747 5725 1798 5771 ct

1905 4485 1986 4541 bit
2015 4487 2158 4541 circa
2188 4487 2348 4541 ﬁnem
2377 4501 2518 4542 esse.

1975 4595 2080 4650 26.
2109 4596 2205 4651 Ar.
2255 4595 2333 4650 lta
2373 4604 2479 4661 est,
2520 4604 2579 4650 ut
2620 4597 2780 4653 dicis.
2826 4597 2950 4652 Ath.
2998 4595 3187 4668 Itaque
3232 4599 3280 4654 si
3327 4600 3480 4655 novit

1910 4689 2245 4744 architectus
2273 4688 2622 4760 quandonam
2651 4689 2942 4744 aediﬁcium
2982 4691 3054 4744 sit
3091 4688 3436 4759 perfecturus
3462 4709 3478 4758 ;

1909 4779 1954 4834 si
2011 4781 2217 4849 peritus
2262 4780 2428 4836 homo
2469 4795 2536 4841 ex,
2569 4796 2794 4846 numero
2842 4781 3094 4852 intelligit
3131 4783 3477 4851 quandonam

1906 4870 2218 4924 absolvetur
2272 4872 2501 4935 mensis,
2555 4880 2608 4924 et
2661 4887 2724 4926 ex
2779 4885 2975 4926 cursus
3032 4873 3223 4942 cyclici
3285 4875 3480 4928 notitia

1904 4961 2254 5031 quandonam
2299 4963 2456 5044 plena
2487 4970 2588 5028 est,
2612 4962 2853 5029 lunavel
2893 4962 3210 5020 decrescere
3252 4964 3481 5029 desinit.

1902 5292 1956 5344 in
1985 5292 2231 5365 margine
2263 5293 2390 5365 ἴσως
2417 5293 2929 5365 προετοιμασθῆναρ

1935 5363 2085 5449 J42)
2115 5360 2258 5433 Aug.
2293 5363 2426 5434 ἔχει.
2461 5360 2614 5420 Ἰϋίᾱ.
2641 5360 2777 5436 Aug.
2808 5360 2836 5418 6
2866 5360 2961 5418 οὖν
2992 5365 3140 5426 Υίός.
3171 5363 3304 5425 Reg.
3350 5362 3480 5428 Υἱὸς

1905 5451 2086 5577 Ἓξ)
2117 5502 2259 5577 Aug;
2285 5507 2318 5577 ἢ

1977 5571 2088 5660 (ἄλη
2117 5571 2358 5664 Ita
2383 5577 2569 5642 probe.
2600 5574 2737 5628 Editi
2765 5590 2893 5630 vero
2918 5583 2975 5630 et-
2997 5576 3110 5638 alii,
3143 5575 3235 5628 ἐὰν
3276 5575 3356 5630 δέ.
3398 5571 3476 5630 Η).

1906 5647 2043 5715 Aug.
2074 5647 2368 5715 ἐρωτήσῃς.

1979 5716 2090 5786 (45)
2128 5714 2216 5771 Sic
2251 5715 2379 5787 licg.
2413 5727 2462 5766 et
2491 5717 2626 5786 Aug.
2659 5717 2763 5771 Alii
2791 5730 2912 5772 cum
2940 5715 3124 5785 editis,
3155 5721 3251 5789 μὲν
3287 5715 3406 5774 οὖν.
