3860 6200
425 285 525 340 471

1628 281 1687 338 S.
1723 282 2185 344 ATHANASIUS.
2227 322 2293 333 -
2334 291 2607 351 SPURIA.

3581 276 3693 331 ιη

428 416 540 470 quo
576 399 706 456 item
738 407 989 470 tempore
1021 411 1197 454 annus
1239 397 1523 470 perﬁcitur
1554 418 1568 454 :
1604 414 1675 455 an
1703 416 1813 456 non
1845 402 2005 458 nobis

2111 408 2239 462 πότε
2262 409 2319 463 δὲ
2356 409 2652 482 μειουμένη
2687 404 2985 478 ἀπολήγει,
3015 399 3155 471 ποίῳ
3198 395 3261 452 δὲ
3291 392 3467 466 καιρῷ
3497 408 3690 446 συντε-

404 494 723 549 dicendum
751 493 976 548 omnino
1001 500 1087 548 est
1117 491 1408 548 Dominum
1440 491 1655 558 Jesum,
1685 495 1780 564 qui
1814 496 2006 552 mundi

431 594 518 643 est
540 585 722 657 opifex
743 625 760 651 ,
786 594 1158 654 venturusque
1186 595 1272 640 est
1306 584 1375 639 ad
1404 584 1584 654 ipsum
1610 600 2007 643 consumman-

431 678 587 741 dum,
620 678 762 733 diem
812 677 984 747 ipsam
1037 677 1408 747 cognoscere?
1455 676 1702 748 Namque
1754 681 1802 734 si
1852 681 2011 750 igno-

432 775 630 828 rasset.
665 765 944 837 quomodo
980 766 1353 836 interrogatus
1377 765 1446 820 de
1467 765 1574 821 ﬁne
1604 766 1769 836 hujus
1795 768 2004 830 saeculi,

433 860 789 930 secundoque
848 876 950 915 suo
997 860 1256 924 adventu,
1289 874 1417 914 vera
1466 860 1735 930 potuisset
1780 877 2008 931 respon-

430 951 611 1007 dere?
659 950 949 1021 Proprium
993 951 1139 1006 enim
1191 951 1407 1006 illorum
1449 959 1535 1007 est
1583 966 1713 1007 vera
1758 969 2005 1017 narrare,

430 1043 527 1114 qui
586 1050 790 1099 certam
837 1042 1039 1097 habent
1083 1043 1454 1113 cognitionem
1511 1057 1702 1097 eorum
1746 1058 1869 1113 quae
1920 1044 2008 1098 hic

430 1141 565 1192 sunt
631 1141 686 1190 et
761 1134 918 1189 liunt.
980 1133 1355 1206 Interrogatus
1431 1134 1662 1204 proinde
1734 1132 2005 1201 Salvator,

435 1229 601 1299 17o
621 1216 907 1283 veritatem
941 1242 1106 1297 quam
1129 1235 1356 1281 noverat
1391 1227 1673 1283 indicavit.
1705 1226 2008 1295 Sciscitari:-

426 1321 582 1375 tibus
659 1320 807 1374 enim
879 1319 1167 1389 discipulis
1218 1319 1366 1388 quod
1440 1321 1657 1390 signum
1738 1320 2008 1377 adventus

430 1409 647 1466 Domini
687 1410 841 1476 Iesu,
870 1419 927 1468 et
948 1411 1443 1468 consummationis
1468 1412 1636 1482 hujus
1679 1412 1885 1477 saeculi,
1924 1413 2009 1469 his

426 1503 613 1559 verbis
663 1502 948 1573 respondit
985 1522 1001 1557 :
1052 1522 1073 1554 ι
1112 1503 1305 1560 Videte
1352 1520 1426 1561 ne
1464 1507 1590 1576 quis
1625 1521 1723 1563 vos
1760 1507 2005 1564 seducat.

429 1591 584 1648 Multi
637 1594 786 1649 enim
837 1596 1055 1650 venient
1100 1597 1157 1650 in
1209 1598 1434 1653 nomine
1486 1612 1633 1662 meo,
1682 1599 1935 1656 dicentes
1990 1619 2005 1655 :

422 1685 545 1758 Ego
582 1699 702 1742 sum
749 1688 1042 1755 Christus;
1089 1696 1146 1744 et
1190 1691 1390 1745 multos
1432 1689 1713 1745 seducent.
1757 1690 2008 1746 Audituri

429 1778 578 1833 enim
623 1779 759 1835 estis
795 1779 983 1850 praelia
1019 1786 1075 1834 et
1108 1780 1398 1851 opiniones
1451 1782 1790 1851 praeliorum.
1815 1780 2010 1838 Videte

430 1885 502 1924 ne
523 1871 840 1927 turbemini.
865 1869 1093 1940 Oportet
1131 1871 1278 1926 enim
1322 1872 1439 1928 hac
1468 1872 1609 1938 ﬁeri,
1639 1874 1735 1930 sed
1764 1875 2010 1931 nondum

430 1970 518 2015 est
572 1959 721 2016 ﬁnis.
774 1958 1084 2031 Consurget
1137 1960 1284 2016 enim
1362 1977 1497 2033 gens
1558 1963 1615 2017 in
1679 1973 1895 2035 gentem
1955 1972 2031 2019 et

430 2065 663 2122 regnum
707 2050 765 2104 in
812 2066 1040 2122 regnum
1091 2070 1107 2105 :
1155 2059 1211 2105 et
1249 2059 1411 2106 erunt
1448 2053 1799 2123 pestilentiae,
1829 2061 1883 2110 et
1928 2051 2011 2107 fa-

430 2158 573 2207 mes,
604 2151 659 2199 et
685 2152 844 2198 terrae
888 2150 1070 2199 motus
1100 2158 1199 2214 per
1227 2144 1369 2198 loca.
1400 2144 1527 2200 Haec
1569 2155 1749 2201 autem
1800 2145 2008 2208 omnia,

431 2234 592 2289 initia
626 2243 755 2290 sunt
798 2235 1070 2290 dolorum.
1112 2235 1265 2290 Tunc
1307 2236 1527 2292 tradent
1556 2253 1656 2294 vos
1685 2239 1740 2292 in
1781 2238 2000 2292 tribula-

434 2326 635 2392 tiones,
668 2334 725 2383 et
762 2326 1016 2382 occident
1061 2341 1160 2382 vos
1204 2346 1220 2383 :
1272 2335 1328 2384 et
1375 2329 1532 2385 eritis
1579 2330 1705 2385 odio
1752 2330 2009 2384 omnibus

432 2425 656 2489 propter
693 2432 892 2472 nomen
942 2432 1144 2472 meum.
1190 2417 1259 2473 Et
1307 2426 1442 2474 tunc
1490 2421 2012 2477 scandalizabuntur

432 2510 613 2575 multi,
645 2517 700 2564 et
738 2509 972 2565 invicem
1019 2512 1253 2579 tradent,
1294 2519 1347 2567 et
1376 2512 1504 2568 odio
1546 2514 1824 2569 habebunt
1869 2515 2010 2568 invi-

432 2618 574 2659 cem.
624 2602 692 2656 Et
732 2602 889 2656 multi
941 2603 1426 2674 pseudoprophetae
1466 2611 1709 2674 surgent,
1744 2613 1798 2661 et
1847 2606 2011 2661 sedu-

431 2702 559 2751 eent
623 2694 847 2751 multos.
915 2694 982 2748 Et
1039 2695 1300 2765 quoniam
1363 2697 1666 2751 abundabit
1718 2697 2005 2767 iniquitas,

431 2784 754 2856 refrigescet
801 2784 1047 2840 charitas
1091 2786 1408 2841 multorum.
1457 2785 1562 2851 Qui
1608 2796 1789 2840 autem
1830 2802 2011 2856 perse-

430 2879 705 2934 veraverit
732 2894 908 2948 usque
938 2880 994 2931 in
1027 2877 1210 2943 linem,
1244 2878 1333 2932 hic
1373 2879 1558 2934 salvus
1597 2879 1722 2934 erit.
1758 2878 1826 2932 Et
1868 2895 2009 2948 prae-

432 2970 705 3025 dicabitur
752 2968 1101 3040 Evangelium
1129 2971 1280 3041 regni
1320 2973 1376 3024 in
1408 2972 1665 3027 universo
1691 2972 1919 3036 mundo,
1952 2972 2007 3027 in

2108 500 2280 554 λεῖται
2299 501 2676 574 πληρούμενος
2702 501 2731 553 6
2760 495 3003 557 ἐνιαυτὸς
3041 488 3148 546 οἵδε
3168 508 3183 522 ο
3211 488 3327 552 πῶς
3350 482 3441 541 οῦν
3481 486 3582 538 οὐκ
3616 483 3690 538 ἂν

2108 591 2354 663 εἴποιμεν
2385 594 2566 663 ἡμεῖς,
2596 592 2726 646 ὅτιὸ
2747 588 2950 659 Κύριος
2986 582 3213 657 Ἰησοῦς,
3239 582 3268 633 6
3314 579 3547 649 ποιήσας
3592 575 3690 631 τὸν

2109 683 2346 754 κόσμον,
2376 684 2473 737 καὶ
2515 684 2543 735 6
2579 682 2786 754 μέλλων
2839 675 3004 732 αὐτὸν
3048 673 3342 736 συντελεῖν,
3394 670 3689 724 ἐπίσταται

2108 775 2206 846 τὴν
2233 775 2480 847 ήμέρανς
2507 775 2569 828 Εἰ
2601 773 2711 845 γὰρ
2735 770 2918 842 ἠγνόει
2944 808 2959 834 ,
2991 767 3109 831 πῶς
3133 761 3502 837 ἐπερωτηθεὶς
3556 760 3690 824 περὶ

2107 869 2209 938 τῆς
2238 867 2546 930 συντελείας
2590 865 2684 920 τοῦ
2713 863 2905 927 αίῶνος
2960 859 3174 923 τούτου,
3205 856 3301 911 καὶ
3334 856 3434 927 τῆς
3473 870 3688 924 παρου-

2111 959 2231 1022 σίας
2261 958 2424 1013 αύτοῦ
2454 959 2551 1029 τῆς
2583 956 2860 1029 δευτέρας,
2892 952 3123 1025 ἠδύνατο
3164 947 3482 1021 ἀποκριθεὶς
3513 946 3691 1016 φῆσαι

2109 1050 2207 1122 τὴν
2240 1049 2498 1119 ἀλήθειαν
2525 1066 2540 1114 ;
2569 1048 2689 1102 Τῶν
2717 1046 2827 1119 γὰρ
2846 1041 3157 1116 ἀκραιφνῶς
3185 1042 3416 1113 ἐχόντων
3438 1037 3539 1108 τὴν
3558 1036 3692 1108 περὶ

2109 1139 2216 1193 τῶν
2257 1132 2360 1193 ὧδε
2395 1138 2506 1211 (46)
2540 1138 2710 1194 ὄντων
2745 1137 2778 1209 ἢ
2805 1137 3102 1208 γινομένων
3135 1132 3360 1202 γνῶσιν,
3411 1128 3543 1183 ἴδιόν
3570 1130 3695 1181 ἐστι

2109 1229 2207 1302 τὴν
2235 1230 2492 1302 ἀλήθειαν
2541 1228 2890 1303 ἀφηγεῖσθαι.
2939 1227 3098 1282 Ὅθεν
3124 1224 3218 1278 καὶ
3243 1223 3272 1276 6
3304 1220 3494 1293 Σωτὴρ
3523 1217 3692 1289 γινώ-

2111 1336 2258 1373 σκων
2285 1321 2523 1393 ὲσήμανε
2547 1321 2645 1392 τὴν
2667 1319 2924 1390 ἀλήθειαν
2946 1314 3333 1388 ἐπερωτηθείς.
3361 1311 3693 1384 Πυθομένων

2108 1410 2218 1482 γὰρ
2243 1411 2351 1464 τῶν
2380 1411 2657 1483 μαθητῶν,
2685 1412 2737 1465 τί
2769 1411 2832 1464 τὸ
2864 1412 3084 1481 σημεῖον
3107 1409 3204 1480 τῆς
3246 1404 3543 1478 παρουσίας
3591 1401 3691 1457 τοῦ

2109 1504 2317 1575 Κυρίου
2357 1503 2554 1574 Ἰησοῦ,
2586 1503 2682 1558 καὶ
2711 1502 2810 1572 τῆς
2849 1501 3156 1565 συντελείας
3195 1497 3288 1552 τοῦ
3324 1496 3518 1560 αίῶνος
3563 1495 3694 1549 τού-

2108 1610 2226 1661 του,
2258 1593 2577 1665 ἀποκριθεὶς
2612 1593 2716 1665 ἔφη
2743 1593 2920 1647 οὕτω⁶
2989 1613 3007 1646 ι
3042 1592 3295 1656 Βλέπετε,
3332 1590 3405 1662 μή
3432 1606 3516 1654 τις
3543 1588 3693 1660 ὑμᾶς

2112 1685 2382 1758 πλανήσῃ.
2401 1686 2594 1740 Πολλοὶ
2621 1684 2730 1759 γὰρ
2751 1686 3058 1740 ἐλεύσονται
3092 1685 3183 1738 ἐπὶ
3210 1683 3288 1754 τῷ
3314 1681 3538 1753 ὀνόματί
3562 1696 3696 1752 μου,

2040 1747 2082 1803 Β
2108 1747 2359 1846 λέγοντες
2379 1795 2393 1808 ·
2445 1778 2587 1847 Ἐγώ
2615 1747 2729 1850 έιιὶι
2756 1780 2783 1832 6
2805 1778 3059 1851 Χριστὸς,
3094 1777 3190 1831 καὶ
3230 1747 3461 1837 πολλοῦς
3492 1747 3699 1844 πλανή-

2113 1885 2284 1921 σουσι.
2335 1868 2645 1939 Μελλήσετε
2705 1868 2763 1922 δὲ
2814 1868 3030 1923 ἀκούειν
3078 1866 3347 1938 πολέμους
3374 1865 3470 1919 καὶ
3520 1862 3696 1927 ἀκοὰς
3784 1856 3791 1871 ’

2111 1959 2383 2030 πολέμων.
2400 1960 2590 2031 Ὀρᾶτε
2609 1961 2683 2033 μὴ
2705 1959 2968 2032 θροεῖσθεο
2993 1961 3075 2014 δεῖ
3087 1959 3195 2030 γὰρ
3209 1957 3310 2012 ταῦ
3321 1974 3391 2010 τα
3404 1954 3659 2020 γενέσθαι
3675 1991 3693 2018 ς

2109 2051 2226 2105 ἀλλ’
2267 2051 2418 2106 οὔπω
2462 2051 2525 2106 τὸ
2565 2053 2738 2116 τέλος.
2797 2051 3186 2124 Ἐγερθήσεται
3233 2049 3343 2122 γὰρ
3390 2048 3542 2112 ἔθνος
3599 2046 3696 2100 ἐπὶ

2109 2141 2282 2205 ἔθνος,
2312 2142 2406 2197 καὶ
2434 2142 2675 2212 βασιλεία
2700 2144 2791 2198 ἐπὶ
2824 2143 3118 2213 βασιλείαν,
3150 2143 3244 2196 καὶ
3280 2141 3488 2195 ἔσονται
3519 2139 3695 2209 λιμοὶ,

2111 2235 2205 2286 καὶ
2236 2232 2434 2305 λοιμοὶ,
2467 2235 2562 2289 καὶ
2584 2236 2797 2306 σεισμοὶ
2830 2235 2973 2288 κατά
2996 2235 3213 2304 τόπους.
3255 2231 3442 2287 Ταῦτα
3470 2231 3527 2285 δὲ
3556 2230 3699 2284 πάν-

2110 2341 2177 2377 τα
2198 2324 2340 2396 ἀρχὴ
2364 2325 2585 2379 ὠδίνων.
2606 2327 2739 2379 Τότε
2765 2324 3171 2398 παραδώσουσιν
3199 2326 3342 2395 ὑμᾶς
3359 2326 3436 2387 εἰς
3455 2321 3689 2392 θλίψεις,

2112 2416 2206 2468 καὶ
2244 2416 2632 2472 ἀποκτενοῦσιν
2663 2418 2807 2488 ὑμᾶς
2829 2434 2842 2447 ’
2874 2417 2968 2471 καὶ
2996 2416 3182 2470 ἔσεσθε
3219 2414 3534 2487 μισούμενοι
3588 2412 3698 2465 ὑπὸ

2110 2508 2328 2562 πάντων
2363 2508 2449 2561 διὰ
2478 2508 2539 2562 τὸ
2580 2509 2751 2579 ὄνομά
2794 2527 2915 2580 μου.
2972 2509 3083 2562 Καὶ
3131 2509 3249 2560 τότε
3301 2503 3696 2575 σκανδαλισθή-

2113 2616 2295 2653 σονται
2315 2599 2521 2665 πολλοὶ,
2544 2601 2637 2653 καὶ
2666 2598 2924 2671 ἀλλήλους
2956 2597 3355 2669 παραδώσουσι,
3383 2595 3476 2648 καὶ
3526 2593 3694 2664 μισή-

2114 2707 2294 2743 σουσιν
2332 2691 2608 2762 ἀλλήλους.
2645 2691 2755 2744 Καὶ
2780 2690 2961 2744 πολλοὶ
2980 2688 3421 2762 ψευδοπροφῆται
3455 2685 3695 2757 ἐγερθή-

2111 2800 2316 2846 σονται,
2349 2783 2441 2835 καὶ
2478 2782 2814 2854 πλανήσουσι
2838 2782 3083 2846 πολλούς.
3119 2781 3228 2833 Καὶ
3254 2779 3340 2833 διὰ
3368 2778 3429 2831 τὸ
3451 2776 3696 2845 πληθυν-

2111 2874 2267 2945 θῆναι
2294 2873 2392 2946 τὴν
2417 2874 2667 2945 ἀνομίαν,
2702 2858 3003 2945 ψυγήσεται
3037 2876 3070 2943 ἡ
3100 2872 3286 2943 ἀγάπη
3314 2870 3423 2924 τῶν
3455 2868 3693 2923 πολλῶν.

2124 2967 2182 3020 '0
2212 2967 2270 3020 δὲ
2320 2967 2619 3038 ὑπομείνας
2660 2969 2741 3030 είς
2794 2968 2968 3030 τέλος,
3005 2960 3157 3029 οὗτος
3208 2963 3532 3035 σωθήσεται.
3582 2962 3699 3014 Καὶ

429 3061 809 3116 testimonium
868 3062 1126 3116 omnibus
1180 3062 1476 3132 gentibus,
1527 3069 1584 3116 et
1637 3069 1769 3118 tunc
1827 3065 2008 3119 veniet

2111 3058 2511 3130 κηρυχθήσεται
2550 3060 2613 3113 τὸ
2651 3060 2980 3129 Εὑαγγέλιον
3017 3059 3115 3129 τῆς
3162 3056 3438 3127 βασιλείας
3479 3057 3538 3109 ὲν
3585 3055 3697 3124 ὅλῳ

430 3150 557 3205 linis
582 3149 647 3205 ⁸⁸.
694 3169 712 3201 ι
760 3149 828 3203 Ει
860 3151 1022 3220 paulo
1059 3160 1177 3220 post
1201 3151 1275 3205 ait
1307 3170 1320 3205 :
1356 3170 1374 3202 ι
1411 3150 1528 3205 Erit
1553 3152 1697 3207 enim
1726 3153 2009 3209 tribulatio

434 3253 652 3310 magna,
709 3239 891 3309 qualis
949 3256 1060 3294 non
1110 3239 1212 3293 fuit
1261 3240 1330 3295 ab
1362 3240 1542 3295 Iinitio
1597 3242 1787 3296 mundi
1833 3258 2010 3314 usque

429 3327 614 3391 modo,
646 3342 825 3397 neque
852 3328 965 3383 ﬁet.
994 3326 1060 3380 Et
1098 3328 1204 3383 nisi
1236 3328 1466 3383 breviati
1499 3328 1733 3385 fuissent
1760 3331 1879 3387 dies
1907 3333 2006 3399 illi,

430 3432 546 3471 non
591 3416 747 3473 ﬁeret
798 3418 947 3472 salva
992 3418 1174 3473 omnis
1217 3433 1369 3474 caro.
1422 3418 1577 3474 Tunc
1615 3420 1663 3477 si
1698 3422 1825 3491 quis
1851 3423 2010 3478 vobis

429 3509 656 3571 dixerit,
697 3507 841 3565 Ecce
884 3509 976 3564 hic
1021 3516 1106 3564 est
1147 3508 1425 3577 Christus,
1479 3527 1608 3568 ecce
1646 3513 1803 3570 illic:
1839 3515 2010 3571 nolite

430 3600 658 3656 credere
689 3598 756 3655 ⁸⁷.
801 3619 821 3654 ι
854 3600 920 3655 Ει
944 3601 1068 3658 aliis
1095 3601 1399 3671 interiectis
1432 3622 1447 3657 :
1485 3621 1504 3655 ι
1546 3602 1700 3659 Sicut
1726 3605 1871 3660 enim
1901 3605 2010 3662 l‘ul-

430 3709 534 3765 ειη·
559 3694 672 3749 exit
696 3693 766 3748 ab
790 3695 1001 3749 oriente
1023 3702 1078 3748 et
1116 3702 1341 3765 apparet
1362 3710 1537 3764 usque
1566 3696 1622 3749 in
1645 3697 2007 3762 occidentem,

429 3785 508 3839 ita
537 3783 644 3839 erit
671 3783 942 3839 adventus
990 3782 1115 3838 Filii
1163 3784 1428 3841 hominis.
1482 3783 1805 3856 Ubicunque
1845 3787 2011 3842 fuerit

429 3889 670 3945 corpus,
717 3876 852 3930 illuc
899 3876 1384 3945 congregabuntur
1439 3883 1494 3930 et
1540 3877 1755 3946 aquilae.
1815 3875 2007 3933 Statim

428 3976 614 4023 autem
690 3977 820 4038 post
887 3968 1294 4023 tribulationem
1361 3968 1578 4023 dierum
1641 3970 1863 4025 illorum
1926 3971 2008 4026 sol

427 4060 840 4124 obscurabitur,
888 4067 944 4114 et
989 4059 1118 4114 luna
1163 4074 1273 4115 non
1315 4060 1468 4116 dabit
1498 4062 1684 4118 lumen
1723 4079 1906 4126 suum,
1953 4074 2009 4117 et

427 4152 601 4209 stella:
639 4152 765 4207 caeli
805 4150 1021 4216 cadent,
1051 4160 1103 4206 et
1139 4152 1370 4207 virtutes
1406 4153 1673 4208 caelorum
1701 4146 2009 4210 com'move-

423 4242 633 4299 buntur
672 4260 686 4297 :
721 4253 776 4299 et
822 4252 955 4299 tunc
1003 4244 1286 4314 apparebit
1332 4244 1551 4315 signum
1606 4243 1733 4299 Filii
1767 4242 2010 4302 hominis

425 4336 486 4389 in
530 4335 671 4391 caelo
698 4334 766 4388 ⁸⁸.
793 4354 814 4387 ι
856 4334 921 4388 Et
970 4335 1131 4404 paulo
1163 4343 1288 4405 post
1323 4355 1338 4390 :
1381 4357 1401 4388 ι
1435 4336 1610 4392 Amen
1660 4337 1786 4392 dico
1828 4338 2004 4402 vobis,

2109 3149 2187 3221 τῷ
2216 3150 2433 3222 κόσμῳ,
2467 3154 2547 3216 είς
2578 3151 2874 3224 μαρτύριον
2906 3151 3014 3222 (47)
3045 3153 3181 3205 πᾶσι
3221 3152 3334 3213 τοῖς
3365 3149 3561 3212 ἔθνεσι,
3596 3146 3699 3200 καὶ

2108 3244 2227 3298 τότε
2256 3244 2374 3314 ἥξει
2404 3246 2465 3298 τὸ
2489 3245 2661 3308 τέλος.
2695 3264 2713 3296 ›
2741 3245 2851 3298 Kal
2883 3245 2997 3317 μετ’
3024 3243 3181 3312 ὀλίγα
3213 3242 3375 3315 φησίν
3394 3258 3406 3271 ·
3443 3260 3462 3292 ι
3496 3241 3703 3293 Ἔσται

2109 3332 2217 3404 γὰρ
2239 3332 2416 3403 θλίψις
2439 3333 2669 3405 μεγάλη,
2690 3334 2776 3388 οἵα
2812 3335 2872 3387 οὑ
2907 3334 3128 3403 γέγονεν
3158 3333 3250 3386 ἀπ’
3284 3331 3457 3402 ἀρχῆς
3480 3330 3692 3401 κόσμου

2109 3424 2214 3489 ἕως
2237 3425 2330 3478 τοῦ
2369 3425 2485 3491 νῦν,
2514 3426 2620 3480 οὐδ’
2650 3426 2711 3479 οὐ
2768 3427 2842 3500 μὴ
2895 3426 3135 3497 γένηται.
3169 3425 3277 3478 Καὶ
3298 3426 3345 3477 εί
3386 3425 3462 3494 μὴ
3507 3421 3699 3475 ὲκολο-

2109 3516 2362 3588 ὃώθησαν
2407 3520 2462 3573 αἱ
2508 3518 2710 3590 ἡμέραι
2765 3520 3007 3582 ἐκεῖναι,
3059 3518 3160 3571 οὐκ
3197 3517 3263 3570 ἂν
3302 3514 3482 3586 ἐσώθη
3537 3514 3695 3568 πᾶσα

2109 3607 2267 3680 σάρξ.
2291 3603 2426 3663 Τότε
2441 3610 2537 3664 ὲάν
2560 3627 2645 3673 τις
2683 3611 2809 3681 ὑμῖν
2844 3609 2998 3682 εἴπῃ·
3039 3609 3169 3663 Ἰδοὺ
3215 3605 3317 3663 ὧδε
3359 3610 3387 3662 6
3430 3606 3691 3679 Χριστὸς,

2112 3699 2222 3759 ἰδοὺ
2286 3701 2440 3754 ἐκεῖ·
2505 3700 2579 3771 μὴ
2624 3699 2998 3770 ξπιστεύσητεο
3073 3719 3092 3752 ›
3156 3700 3249 3754 καὶ
3302 3698 3420 3771 μεθ’
3482 3699 3687 3769 ἓτερα’

2115 3812 2135 3844 ι
2159 3792 2370 3865 ’Ὠσπερ
2399 3793 2508 3865 γὰρ
2546 3795 2580 3864 ή
2625 3793 2878 3863 ἀστραπὴ
2909 3792 3190 3863 ἐξέρχεται
3230 3792 3338 3845 ἀπὸ
3388 3789 3691 3850 ἀνατολῶν,

2109 3883 2201 3936 καὶ
2257 3885 2506 3952 φαίνεται
2545 3884 2648 3947 ἕως
2681 3882 2898 3954 δυσμῶν
2927 3884 3061 3951 (48).
3085 3882 3258 3945 οὕτως
3285 3881 3437 3935 ἔσται
3478 3882 3512 3950 ἡ
3547 3898 3692 3951 παρ-

2107 3974 2261 4026 ουσία
2300 3973 2390 4027 τοῦ
2442 3972 2570 4026 Υἱοῦ
2604 3972 2697 4025 τοῦ
2751 3971 3061 4043 ἀνθρώπου.
3118 3972 3290 4025 Ὅπου
3355 3971 3412 4024 δὲ
3452 3969 3519 4023 ἂν
3627 3969 3695 4022 τὸ

2107 4063 2332 4135 πτῶμα,
2364 4066 2481 4117 ἐκεῖ
2495 4062 2927 4134 ’συναχθήσονται
2948 4063 2995 4114 οἱ
3027 4060 3192 4114 ἀετοί.
3213 4059 3428 4137 Εύθέως
3456 4059 3511 4112 δὲ
3548 4059 3693 4130 μετά

2106 4156 2205 4228 τὴν
2233 4155 2412 4225 θλίψιν
2432 4155 2540 4209 τῶν
2567 4155 2788 4227 ἡμερῶν
2818 4153 3041 4207 ἐκείνων
3073 4154 3103 4205 6
3146 4153 3297 4224 ἥλιος
3332 4151 3689 4223 σκοτισθήσε-

2105 4267 2220 4312 ται,
2242 4248 2335 4301 καὶ
2362 4249 2394 4318 ὴ
2431 4246 2626 4316 σελήνη
2656 4246 2718 4298 οὐ
2749 4244 2909 4299 δώσει
2934 4244 2995 4297 τὸ
3042 4242 3242 4314 φέγγος
3275 4242 3466 4313 αὐτῆς,
3512 4242 3607 4295 καὶ
3635 4243 3689 4295 οἱ

2107 4341 2334 4413 ἀστέρες
2362 4339 2455 4393 τοῦ
2481 4337 2710 4410 ούρανοῦ
2746 4336 3056 4400 πεσοῦνται,
3087 4334 3180 4389 καὶ
3203 4336 3261 4389 αἱ
3294 4334 3550 4406 δυνάμεις
3577 4334 3695 4388 τῶν

426 4427 559 4496 quia
582 4443 692 4484 non
714 4427 1013 4497 pmteribit
1032 4429 1311 4496 generatio
1332 4429 1468 4494 haec,
1491 4429 1667 4484 donec
1685 4431 1871 4484 omnia
1896 4432 2008 4486 haec

2113 4431 2355 4504 οὐρανῶν
2414 4429 2833 4501 σαλευθήσονται
2861 4446 2875 4459 ’
2946 4429 3039 4482 καί
3088 4428 3209 4481 τότε
3271 4429 3571 4498 φανήσεται
3625 4426 3692 4479 τὸ

427 4516 582 4570 ﬁant.
612 4517 822 4571 (Icelum
843 4527 897 4573 et
923 4525 1067 4573 terra
1098 4520 1411 4575 transibunt
1437 4539 1450 4574 :
1475 4521 1641 4575 verba
1671 4526 1851 4575 autem
1886 4535 2006 4575 mea

2114 4523 2339 4595 σημεῖον
2378 4518 2473 4572 τοῦ
2518 4519 2648 4572 Υἱοῦ
2686 4518 2779 4571 τοῦ
2820 4514 3109 4588 ἀνθρώπου
3163 4518 3221 4569 ὲν
3271 4515 3350 4586 τῷ
3380 4512 3618 4586 οὐρανῷ.
3665 4532 3687 4565 ι

426 4621 542 4662 non
560 4609 936 4678 praeteribunt.
964 4608 1040 4664 De
1077 4611 1167 4666 die
1197 4617 1378 4667 autem
1410 4612 1498 4666 vel
1524 4611 1659 4666 hora
1690 4626 1852 4666 nemo
1876 4611 2004 4676 scit,

2111 4615 2222 4667 Kal
2250 4613 2365 4684 μετ’
2390 4610 2545 4677 ὀλίγα
2582 4610 2776 4681 φησὶνο
2820 4628 2838 4660 ι
2884 4608 3055 4681 Ἀμὴν
3078 4647 3092 4671 ,
3127 4608 3270 4674 λέγω
3313 4609 3464 4678 ὑμῖν,
3500 4607 3585 4659 ὅτι
3622 4607 3696 4660 οὐκ

429 4713 611 4769 neque
646 4700 827 4771 angeli
861 4700 1152 4766 caelorum,
1193 4702 1301 4758 nisi
1340 4704 1491 4759 solus
1531 4702 1694 4758 Pater
1722 4703 1789 4758 ".
1832 4723 1852 4755 ι
1887 4702 2008 4757 Jam

2112 4704 2187 4776 μὴ
2213 4701 2456 4775 παρέλθῃ
2482 4704 2515 4774 ἡ
2546 4701 2707 4771 γενεά
2737 4700 2896 4768 αῦτη,
2929 4701 3033 4764 ἕως
3072 4699 3138 4754 ἂν
3171 4699 3349 4753 πάντα
3377 4698 3552 4753 ταῦτα
3592 4699 3693 4767 γέ-

428 4789 715 4845 hominum
756 4799 842 4847 est
887 4793 1217 4863 sapientium
1266 4810 1334 4848 ex
1366 4794 1453 4851 his
1483 4810 1604 4864 qua:
1650 4793 1899 4850 Salvator
1941 4795 2008 4851 de

2111 4814 2286 4868 νηται.
2318 4796 2376 4848 '0
2398 4794 2627 4866 οὐρανὸς
2653 4794 2744 4847 καὶ
2794 4794 2827 4863 ἡ
2865 4792 2937 4863 γῆ
2971 4791 3390 4864 παρελεύσεταιο
3427 4792 3475 4843 οἱ
3506 4790 3565 4843 δὲ
3600 4789 3694 4845 λό-

428 4880 521 4936 die
563 4888 619 4936 et
655 4880 792 4936 hora
827 4883 1269 4954 praesigniﬁcavit
1300 4886 1632 4956 perspicere,
1667 4887 1845 4957 ipsum
1887 4901 2008 4942 cer-

2111 4905 2196 4957 γοι
2230 4903 2330 4958 μου
2360 4885 2418 4938 οὐ
2454 4883 2529 4956 μὴ
2565 4882 2898 4956 παρέλθωσι.
2928 4883 3065 4953 Περὶ
3099 4882 3158 4936 δὲ
3188 4881 3290 4952 τῆς
3325 4880 3439 4951 (49)
3469 4879 3693 4952 ἡμέρας

428 4972 642 5027 tissime
681 4987 1014 5042 cognoscere
1038 4976 1390 5046 quandonam
1424 4984 1688 5033 venturus
1731 4978 1848 5048 ipse
1893 4984 1997 5044 est,

2111 4980 2139 5052 ἢ
2180 4979 2277 5049 τῆς
2309 4976 2458 5049 ὧρας
2501 4975 2677 5040 οὐδεὶς
2717 4973 2887 5043 οἶδεν,
2929 4973 3055 5028 οὕτε
3095 4975 3146 5028 οἱ
3178 4974 3397 5043 ἄγγελοι
3442 4972 3552 5026 τῶν
3594 4976 3693 5027 οὐ-

426 5065 895 5136 restituturusque
934 5067 1152 5132 omnia,
1191 5076 1354 5138 prout
1398 5069 1677 5125 deﬁnitum
1710 5079 1814 5133 est,
1843 5069 2000 5139 juxta

2111 5070 2311 5143 ρανῶν,
2334 5072 2382 5123 εί
2421 5072 2495 5141 μὴ
2531 5070 2560 5121 6
2587 5066 2777 5138 Πατὴρ
2816 5067 2995 5138 μόνος.
3027 5085 3045 5118 ι
3085 5066 3286 5120 Λοιπὸν
3319 5064 3536 5130 πάντως
3568 5065 3690 5137 (ὅθ)

426 5156 775 5211 individuum
806 5157 980 5228 ipsius
1007 5174 1059 5216 et
1089 5158 1270 5216 Patris
1302 5163 1388 5218 sui
1418 5163 1733 5218 consilium.
1759 5162 2000 5233 Accepto

2111 5161 2213 5215 τῶν
2245 5159 2647 5234 εὐφρονούντων
2669 5159 2815 5212 ἐστὶν
2832 5157 3124 5226 ἐπιγνῶναι
3149 5158 3212 5210 ἐκ
3230 5157 3339 5211 τῶν
3367 5172 3542 5227 προση
3552 5173 3695 5225 μαν-

424 5249 576 5304 enim
602 5248 905 5320 Evangelio
935 5252 992 5306 in
1020 5253 1298 5319 manibus,
1325 5255 1439 5325 lege
1475 5255 1653 5309 locum
1675 5255 1912 5310 Matthaei
1932 5255 1999 5310 de

2111 5253 2311 5308 θέντων
2339 5256 2404 5307 ὲκ
2424 5252 2520 5306 τοῦ
2551 5252 2805 5325 Σωτῆρος
2836 5250 2963 5322 περὶ
3004 5250 3102 5321 τῆς
3139 5249 3354 5321 ἡμέρας
3383 5249 3478 5301 καὶ
3510 5247 3692 5320 ὥρας.

498 5402 545 5436 ⁸⁸
582 5403 773 5461 Matth.
807 5422 957 5470 niv,
990 5406 1142 5463 ΗΔ».
1216 5409 1260 5440 ⁸⁷
1296 5407 1430 5463 lbid.
1465 5409 1667 5466 (21-Ξὸ.
1744 5410 1787 5443 ⁵⁸
1826 5410 1964 5465 lbid.
1999 5411 2008 5464 ε

2111 5410 2193 5466 50.
2268 5408 2314 5442 δ’
2352 5407 2489 5466 Ibid.
2524 5408 2714 5464 34'36.

503 5557 613 5628 (46)
803 5560 965 5638 deest
990 5564 1042 5615 in
1070 5563 1204 5634 Reg.
1233 5563 1399 5621 Basil.
1428 5566 1584 5638 Angl.
1609 5564 1822 5638 etAug.
1854 5566 1989 5622 Ibid.

423 5625 601 5702 durati
621 5628 773 5702 deest
802 5632 857 5685 in
891 5632 1031 5702 Aug.

504 5697 611 5770 (47)
640 5698 776 5770 Aug.
806 5703 883 5763 εἰς
911 5697 1228 5775 μα’ρτυρίαν.

2319 5561 2455 5637 Regi.
2516 5564 2947 5637 μέχριδυσμῶν.
2987 5563 3131 5619 Infra
3159 5561 3288 5634 Reg.
3320 5560 3415 5616 καὶ
3431 5559 3484 5615 οἱ
3516 5560 3634 5618 he:
3654 5560 3693 5614 ί.

2172 5633 2282 5706 (49)
2311 5633 2468 5706 Angl.
2497 5633 2762 5706 περὶτῆς.

2171 5704 2286 5773 (50)
2310 5705 2442 5774 Aug.
2496 5704 2729 5759 πάντων.
