3860 6200
143 303 255 360 473

1322 312 1740 374 DISPUTATIO
1777 319 2056 375 CONTRA
2093 322 2338 380 ARIUM.

3322 331 3426 383 47-4

142 418 229 478 ετξ
249 423 510 494 γινώσκει
544 428 926 498 ἀσφαλέστατα
975 431 1103 484 πότε
1144 430 1327 502 μέλλει
1372 434 1627 507 ἔρχεσθαι
1652 440 1735 490 καλ

1847 456 1912 495 eo
1942 442 2088 512 quod
2118 442 2172 496 in
2200 441 2577 496 controversia
2603 452 2706 506 est,
2734 443 2940 513 tibique
2969 447 3191 497 omnino
3223 447 3428 514 patebit

142 517 606 573 ἀποκαθιστάνειν
660 523 874 577 ἅπαντα
905 565 919 588 ,
972 522 1155 588 καθὼς
1204 525 1562 598 προώρισται,
1604 532 1741 601 πρὸς

141 608 242 679 τὴν
267 609 621 674 ἀδιάζευκτον
643 615 805 668 αὑτοῦ
839 615 1034 685 βουλὴν
1060 616 1154 668 καὶ
1181 617 1274 668 τοῦ
1309 618 1423 671 Πατ
1435 619 1526 690 ρὸς
1549 620 1742 675 αὐτοῦ.

139 700 343 754 Λαϐὼν
381 703 491 774 γάρ
533 706 594 758 τὸ
628 708 959 777 Εὐαγγέλιον
989 711 1047 761 ὲν
1082 710 1289 779 χερσὶν,
1326 711 1597 778 ἀνάγνωθι
1642 715 1740 783 τὴν

141 798 455 868 περικοπὴν
494 799 588 852 τοῦ
631 800 911 854 Ματθαίου
953 802 1080 872 περὶ
1118 801 1210 854 τοῦ
1235 803 1565 874 ζητουμένου
1589 845 1603 867 ,
1645 806 1740 858 καὶ

139 886 301 942 ἔσται
346 909 427 944 σοι
460 895 636 946 πάντα
670 895 943 964 κατάδηλα
965 936 980 958 ,
1021 896 1098 960 ὼς
1124 898 1223 950 οὐκ
1254 899 1442 966 ἀγνοεῖ
1473 901 1500 952 ὁ
1535 902 1739 973 Κύριος

138 981 277 1051 περὶ
306 982 405 1053 τῆς
433 987 672 1056 ἡμέρας.
696 988 758 1039 Ei
792 987 848 1040 δὲ
886 987 1087 1055 ἠγνόει,
1117 989 1235 1052 πῶς
1267 990 1495 1059 ἠδύνατο
1532 993 1600 1045 τά
1638 1010 1740 1063 μη-

135 1067 294 1121 δέπω
322 1070 474 1135 ὄντα,
513 1075 648 1144 μήτε
680 1076 787 1145 μὴν
814 1078 1082 1146 γενόμενα
1124 1078 1239 1148 (51)
1285 1081 1486 1150 σημεῖά
1533 1099 1592 1134 τε
1643 1084 1738 1136 καὶ

133 1163 515 1233 πειρατήρια,
554 1165 698 1236 άπερ
748 1168 1107 1238 προτρέχουσι
1172 1169 1279 1241 πρὸ
1329 1172 1428 1242 τῆς
1483 1173 1734 1244 ἡμέρας,

1844 532 2137 588 Dominum
2160 534 2300 589 diem
2329 534 2550 589 minime
2576 535 2846 606 ignorare.
2873 535 3006 590 Nam
3031 535 3076 592 si
3099 537 3424 606 ignorasset,

1843 626 2120 694 quomodo
2169 626 2462 697 praedicere
2512 628 2784 697 potuisset
2821 629 2974 698 signa
3001 635 3054 681 et
3089 637 3425 684 tentamenta

1842 717 1986 771 diem
2039 719 2456 788 praecurrentia,
2499 735 2621 773 cum
2661 719 2902 775 nondum
2932 729 3116 776 essent
3145 722 3229 776 vel
3277 721 3425 776 acci—

1842 808 2396 882 dissent?:siquidem
2452 828 2624 882 usque
2678 813 2746 866 ad
2788 809 3313 868 consummationem
3369 824 3423 867 et

1845 905 2138 958 adventum
2223 921 2384 959 suum
2469 906 2625 977 signa
2709 913 2763 959 et
2849 921 3040 960 eorum
3132 906 3422 975 qualitates

1844 996 2256 1065 praenuntiavit,
2291 997 2368 1049 ita
2418 1003 2477 1050 ut
2527 997 2888 1052 studiosiores
2940 1005 2994 1051 et
3033 997 3424 1050 laboriosiores

1843 1101 1910 1141 ex
1970 1086 2040 1141 iis
2090 1103 2210 1157 qua:
2267 1089 2593 1159 praemonuit
2630 1088 2898 1146 Dominus
2945 1096 3160 1160 tempus
3210 1087 3422 1160 possint

1841 1191 2192 1247 cognoscere.
3423 1191 3428 1196 '

132 1253 469 1324 προλέγειν;
511 1257 615 1322 ἕως
653 1259 762 1328 γάρ
789 1261 890 1332 τῆς
925 1263 1236 1327 συντελείας
1280 1265 1376 1318 καὶ
1420 1269 1724 1336 παρουσίας
1780 1271 1974 1326 ἑαυτοῦ
2030 1273 2374 1344 προεδήλωσε
2421 1273 2488 1327 τὰ
2534 1277 2769 1346 σημεῖα,
2826 1276 2919 1329 καὶ
2983 1274 3080 1340 τὰς
3127 1274 3422 1346 ποιότητας

127 1347 340 1414 αὐτῶν,
407 1352 484 1416 ὡς
540 1353 799 1410 δύνασθαι
851 1358 944 1411 καὶ
1011 1360 1140 1423 τοὺς
1183 1360 1637 1434 σπουδαιοτέρους
1687 1364 1801 1436 (52)
1841 1368 1934 1421 καὶ
1979 1366 2302 1437 φιλοπόνους
2346 1368 2640 1438 ἐπιγνῶναι
2679 1370 2769 1423 τὸν
2801 1369 2992 1440 καιρὸν
3040 1371 3106 1422 ἐκ
3137 1368 3243 1422 τῶν
3288 1383 3422 1438 προ-

129 1443 510 1514 μεμνημένων
551 1446 690 1518 πρὸς
723 1447 817 1501 τοῦ
854 1449 1082 1521 Κυρίου.

198 1533 294 1586 27.
337 1537 470 1603 Ἀρ.
495 1534 647 1590 εἶπεν
669 1557 681 1569 ·
726 1539 791 1594 El
821 1541 1036 1612 άληθῶς
1056 1543 1347 1597 ἐπίσταται
1367 1544 1464 1616 τὴν
1489 1546 1726 1619 ἡμέραν,

124 1620 219 1675 διὰ
245 1623 302 1675 τί
356 1625 523 1690 αὐτὸς
563 1628 666 1700 ἔφη
691 1646 706 1660 ο
765 1648 784 1681 ι
820 1632 954 1686 Ούδὲ
993 1634 1022 1686 6
1063 1633 1190 1697 Υἱὸς
1237 1629 1346 1687 οἶδε
1377 1633 1478 1706 τὴν
1514 1636 1726 1707 ἡμέραν

124 1712 390 1786 ἑκείνην;
445 1737 464 1770 ι
515 1719 636 1773 Ἀθ.
670 1716 857 1775 εἶπεν
915 1723 1030 1776 Οὐκ
1053 1719 1207 1777 εἶπεν
1246 1726 1275 1776 6
1326 1725 1550 1798 Κύριος,
1591 1728 1725 1780 Ούδὲ

126 1803 241 1872 ἐγὼ
270 1802 396 1862 οἶδα
437 1810 538 1880 τὴν
580 1812 794 1883 ἡμέραν
855 1815 1090 1886 ἐκείνην.
1131 1816 1302 1870 Τοῦτο
1341 1818 1449 1890 γὰρ
1509 1819 1733 1873 ἀκόλου-

127 1896 219 1951 θον
272 1895 346 1970 ἦν
379 1901 546 1968 φάναι
595 1903 688 1956 τὸν
734 1904 958 1975 Κύριον,
985 1907 1144 1976 ειπερ
1185 1905 1347 1976 ἡθελε
1376 1908 1505 1979 περὶ
1537 1909 1730 1961 ἑαυτοῦ

127 1993 511 2063 παραστῆσαι,
544 1993 622 2056 ὡς
670 1993 745 2064 μὴ
800 1994 940 2065 ἔχων
987 1997 1188 2065 γνῶσιν
1255 1997 1346 2050 τοῦ
1386 1999 1732 2070 πράγματος.

126 2083 240 2137 Καὶ
273 2085 338 2136 ὲν
384 2086 485 2155 μὲν
517 2087 596 2157 τῷ
637 2088 905 2158 Ματθαίῳ
945 2090 1004 2142 οὐ
1061 2089 1312 2162 φέρεται,
1349 2092 1485 2144 Οὐδὲ
1533 2095 1560 2145 6
1603 2093 1733 2156 Υἱὸς

125 2169 235 2227 οἶδε
269 2175 388 2242 (⁷55)
429 2176 528 2247 τὴν
553 2177 766 2248 ἡμέραν
807 2179 1050 2250 ἐκείνην·
1089 2184 1137 2234 οἱ
1179 2180 1236 2234 δὲ
1274 2181 1452 2234 λοιποὶ
1499 2183 1732 2250 εὐαγγε-

126 2265 310 2320 λισταὶ
336 2268 642 2339 παρέλιπον
686 2271 782 2342 τὴν
824 2273 953 2342 περὶ
998 2272 1188 2326 τούτου
1243 2274 1528 2345 διήγησιν⁸
1571 2275 1734 2343 μονώ-

125 2375 288 2422 τατος
305 2358 364 2412 δὲ
381 2361 612 2432 Μάρκος
639 2361 767 2432 ἔφη’
789 2381 808 2414 ι
845 2364 979 2417 Ούδὲ
1003 2367 1031 2418 6
1060 2365 1188 2429 Υίὸς
1210 2383 1229 2416 ›
1251 2361 1357 2418 οίδε
1375 2367 1472 2437 τὴν
1495 2365 1729 2438 ἡμέραν.

126 2450 241 2503 Καὶ
283 2451 388 2522 τὴν
442 2453 538 2506 τοῦ
597 2453 826 2525 Μάρκου
883 2457 1163 2526 ἀφήγησιν
1217 2459 1275 2510 ἐν
1341 2459 1582 2528 στέρνοις
1638 2475 1731 2512 σου

127 2544 337 2612 γνῶθι,
374 2548 460 2600 ὅτι
500 2548 601 2602 οὐκ
631 2551 815 2617 ἀγνοεῖ
851 2551 880 2602 ὁ
924 2551 1128 2622 Κύριος
1169 2551 1269 2622 τὴν
1314 2551 1548 2622 ἡμέραν.
1594 2553 1733 2624 Φησὶ

128 2637 238 2708 γὰρ
282 2639 314 2690 6
351 2639 562 2710 Κύριος
603 2641 808 2710 Ἰησοῦς
832 2659 846 2673 ⁸
889 2661 908 2694 ι
935 2643 1072 2713 Περὶ
1115 2644 1171 2697 δὲ
1211 2644 1308 2713 τῆς
1342 2645 1556 2714 ἡμέρας
1589 2645 1733 2698 ὲκεί-

127 2747 227 2801 νης
252 2731 352 2784 καὶ
404 2731 555 2803 ὧρας
593 2733 765 2797 οὐδεὶς
795 2732 954 2800 οἶδεν,
991 2736 1112 2788 οὐδὲ
1151 2739 1200 2788 οἱ
1249 2737 1470 2804 ἄγγελοι
1511 2737 1620 2790 τῶν
1643 2737 1734 2790 ού-

131 2823 335 2894 ρανῶν,
361 2824 486 2877 οὐδὲ
505 2827 534 2876 6
561 2823 714 2890 Υἱὸς,
750 2828 798 2878 εί
826 2828 901 2897 μὴ
945 2829 973 2878 6
1013 2829 1220 2900 Πατήρ.
1256 2848 1275 2880 ›
1302 2830 1592 2884 Γινώσκων
1623 2829 1734 2901 γὰρ

128 2916 330 2970 ἑαυτὸν
374 2917 452 2988 μὴ
492 2916 756 2970 διεστῶτα
808 2919 917 2971 ἀπὸ
965 2919 1059 2972 τοῦ
1103 2920 1318 2991 Πατρὸς
1348 2922 1471 2974 κατ’
1523 2923 1731 2985 οὐσίαν,

129 3007 245 3061 ἀλλ’
269 3007 558 3078 ἡνωμένον
579 3012 645 3079 τῇ
671 3009 885 3079 θεότητι
919 3011 997 3080 τῷ
1023 3011 1143 3080 Θεῴ
1193 3013 1369 3082 Πατρὶ
1407 3013 1595 3078 αὑτοῦ,
1633 3014 1733 3085 τὴν

1902 1545 1995 1600 27.
2055 1545 2151 1599 Ar.
2203 1543 2258 1599 Si
2315 1561 2440 1602 vere
2487 1545 2630 1602 diem
2680 1545 2869 1612 novit,
2925 1561 3098 1614 quare
3143 1547 3261 1616 ipse
3306 1547 3424 1613 ait,

1839 1656 1862 1689 ι
1893 1636 2081 1708 Neque
2111 1636 2284 1694 Filius
2315 1637 2458 1692 diem
2493 1639 2642 1692 illam
2677 1639 2829 1692 novit
2859 1638 2940 1692 '°?
2979 1657 2998 1690 ι
3035 1638 3159 1693 Alli.
3186 1637 3306 1692 Non
3340 1640 3417 1694 ait

1837 1725 2121 1790 Dominus,
2155 1724 2344 1796 Neque
2390 1741 2492 1796 ego
2532 1726 2660 1781 novi
2707 1726 2851 1782 diem
2902 1727 3048 1781 illam
3104 1742 3118 1778 :
3172 1727 3225 1781 id
3270 1728 3415 1781 enim

1835 1816 2126 1871 Dominum
2201 1817 2384 1872 dicere
2451 1827 2877 1872 consentaneum
2939 1829 3088 1884 erat,
3147 1818 3414 1889 siquidem

1834 1911 2126 1966 ostendere
2165 1911 2266 1980 ipsi
2303 1911 2522 1964 animus
2550 1918 2718 1977 esset,
2755 1927 2812 1966 se
2854 1912 2931 1964 rei
2971 1911 3117 1966 illius
3150 1911 3404 1980 cognitio-

1834 2018 1957 2057 nem
1988 2019 2098 2057 non
2139 2003 2361 2058 habere.
2388 2003 2529 2068 Quin
2558 2004 2720 2056 etiam
2755 2003 2808 2056 in
2833 2003 3083 2057 Matthato
3107 2019 3213 2057 non
3249 2003 3416 2057 habe-

1835 2103 1942 2156 tur,
1973 2093 2159 2163 Neque
2188 2092 2360 2148 Filius
2389 2094 2531 2149 diem
2560 2093 2707 2148 illam
2736 2097 2908 2158 novit,
2943 2095 3142 2163 aliique
3183 2110 3415 2164 evange—

1835 2181 1972 2235 lista:
2019 2177 2332 2247 hujusmodi
2384 2177 2463 2232 rei
2510 2180 2840 2232 mentionem
2886 2181 3188 2233 omiserunt
3221 2195 3233 2231 :
3266 2179 3419 2233 solus

1834 2282 2012 2325 autem
2055 2269 2270 2324 Marcus
2300 2269 2394 2334 ait,
2439 2288 2456 2319 ι
2486 2269 2671 2338 Neque
2700 2269 2870 2325 Filius
2903 2271 3051 2324 n0vit
3075 2271 3240 2324 diem.
3277 2289 3296 2322 ι
3332 2269 3414 2323 Τιι

1834 2372 2014 2416 autem
2055 2361 2224 2414 Marci
2265 2362 2634 2416 narrationem
2678 2369 2856 2416 tecum
2890 2362 3074 2415 animo
3117 2361 3412 2431 perpende,

1833 2461 1887 2506 et
1942 2453 2064 2506 vide
2119 2451 2262 2506 diem
2314 2451 2461 2504 illam
2517 2450 2807 2505 Dominum
2862 2451 3086 2505 minime
3137 2453 3410 2520 ignorare.

1831 2546 1922 2600 Ait
1962 2546 2108 2600 enim
2153 2543 2418 2600 Dominus
2456 2543 2618 2600 Jesus
2657 2566 2668 2600 :
2719 2564 2738 2597 ι
2786 2543 2861 2600 De
2893 2545 2984 2600 die
3009 2552 3190 2600 autem
3229 2546 3322 2599 illo
3361 2555 3416 2598 et

1835 2639 1990 2702 hora,
2053 2653 2212 2692 nemo
2263 2639 2389 2700 scit,
2446 2653 2623 2707 neque
2669 2638 2845 2708 angeli
2871 2639 3186 2702 fcmlorum,
3241 2653 3418 2707 neque

1835 2731 2028 2794 Filius,
2063 2731 2171 2786 nisi
2210 2731 2372 2785 Pater
2404 2731 2471 2784 δι.
2515 2749 2532 2782 ι
2571 2728 2762 2783 Sciens
2790 2730 2933 2784 enim
2966 2745 3024 2786 se
3061 2745 3090 2783 a
3130 2729 3291 2785 Patre
3330 2746 3418 2785 se-

1834 2823 2076 2876 cundum
2117 2831 2370 2875 naturam
2414 2835 2521 2874 non
2553 2819 2810 2883 diﬂerre,
2851 2821 2944 2874 sed
2984 2822 3091 2875 Deo
3121 2819 3267 2875 Patri
3317 2836 3418 2875 suo

1833 2913 2121 2968 divinitate
2175 2913 2410 2973 unitum,
2469 2924 2626 2966 suam
2675 2911 3069 2978 praenotionem
3123 2911 3178 2964 in
3236 2910 3418 2966 Patris

1835 3021 1945 3076 pra:
1979 3007 2172 3062 -utione
2227 3003 2580 3074 significavit,
2634 3003 3092 3074 quemadmodum
3153 3002 3418 3061 Dominus

130 3098 329 3154 ἑαυτοῦ
400 3100 714 3170 πρόγνωσιν
769 3103 827 3153 ἐν
874 3105 939 3172 τῇ
997 3103 1089 3154 τοῦ
1151 3104 1363 3175 Πατρὸς
1419 3104 1730 3176 προγνώσει

1841 3100 1943 3152 ait-
1987 3115 2009 3150 ι
2045 3098 2158 3168 Ego
2192 3098 2346 3168 171
2379 3105 2433 3152 et
2469 3096 2630 3152 Pater
2673 3115 2840 3152 unum
2874 3115 3064 3154 sumus
3095 3117 3107 3153 :
3149 3118 3167 3150 ι
3204 3105 3257 3154 et
3292 3115 3404 3154 rur-

132 3188 434 3258 ἐσήμανεν,
475 3187 553 3251 ὥς
609 3206 772 3260 φησιν
797 3191 824 3241 6
849 3191 1081 3260 Κύριος⁸
1122 3211 1138 3241 ι
1181 3193 1322 3261 Ἐγὼ
1353 3195 1448 3248 καὶ¹
1480 3196 1508 3246 6
1542 3195 1736 3267 Πατὴρ

132 3275 188 3342 ἓν
232 3280 409 3346 ἐσμεν
433 3291 448 3307 ⁶
490 3295 511 3329 ι
550 3279 644 3330 καὶ
673 3279 862 3332 πάλιν*
901 3298 919 3331 ι
944 3280 1149 3344 Πάντα,
1185 3285 1284 3336 ὃσα
1313 3284 1423 3355 ἔχει
1454 3287 1482 3338 ὁ
1516 3285 1730 3356 Πατὴρ,

137 3369 246 3438 ἐμά
294 3370 470 3422 ἐστιν.
513 3387 531 3420 ι
567 3370 679 3438 Οὐχ
714 3371 898 3424 ἕνεκεν
932 3374 1166 3426 κτιστῶν
1200 3377 1540 3446 πραγμάτων
1578 3377 1736 3430 τοῦτο

135 3459 236 3530 εφη
262 3461 293 3511 6
327 3461 526 3532 Σωτὴρ
553 3461 633 3522 τὸ,
653 3462 839 3515 Πάντα
867 3465 966 3516 ὅσα
995 3464 1107 3535 ἔχει
1137 3468 1164 3519 6
1187 3468 1396 3538 Πατὴρ,
1427 3468 1537 3537 ὲμά
1563 3469 1730 3521 ἐστιν*

135 3551 249 3608 ἀλλ’
284 3553 388 3604 ὅσα
418 3551 588 3620 ἀνῆκε
614 3554 680 3622 τῇ
718 3551 930 3623 θεότητι
961 3554 1054 3606 τοῦ
1092 3556 1323 3626 Πατρὸς,
1343 3556 1484 3609 αὐτὰ
1501 3557 1608 3610 ἴδια
1630 3556 1732 3628 ἔφη

135 3643 421 3714 ὀΚύριος.
456 3639 568 3696 οἷον
618 3646 680 3697 τὸ
717 3646 1007 3712 ἀθάνατον,
1040 3647 1102 3699 τὸ
1161 3648 1460 3720 ἄφθαρτον,
1495 3651 1556 3703 τὸ
1597 3650 1736 3719 ἀχεί-

141 3753 335 3807 ρωτον,
366 3737 432 3788 τὸ
462 3735 756 3804 ἄτρεπτον,
789 3737 848 3790 τὸ
875 3738 1282 3808 ἀκατάληπτον,
1315 3740 1374 3792 τὸ
1397 3741 1640 3802 δυνατὸν,
1673 3740 1736 3792 τὸ

138 3829 577 3899 προγνωστικὸν,
618 3831 712 3882 καὶ
757 3831 857 3884 ὅσα
914 3831 1064 3884 ἐστὶν
1111 3834 1140 3884 6
1197 3832 1388 3902 Πατὴρ
1422 3832 1558 3903 έχων
1598 3833 1732 3902 (54),

136 3921 312 3974 ταῦτα
344 3921 456 3974 ἴδια
491 3921 588 3973 τοῦ
647 3921 778 3975 Υίοῦ
833 3923 1110 3993 τυγχάνει.
1147 3923 1386 3992 Ἀγνοεῖν
1406 3925 1462 3977 δὲ
1497 3925 1626 3996 ἔφη,
1659 3925 1736 3989 ὠς

137 4010 492 4080 προείρηται,
522 4011 788 4078 ἀγγέλους
817 4012 912 4064 καὶ
940 4013 1032 4066 τὸν
1075 4013 1225 4067 Υίόν.

205 4101 298 4153 28.
341 4103 474 4168 Ἀρ,
510 4098 665 4154 εἷπε·
721 4104 813 4174 Μὴ
853 4104 1010 4168 ἄλλος
1040 4107 1189 4161 ἐστὶν
1238 4109 1266 4159 6
1298 4107 1458 4170 Υἱός;
1509 4107 1618 4160 Ἀθ.
1659 4102 1738 4159 εἷ-

141 4209 237 4245 πεν
260 4209 275 4222 ⁶
305 4193 439 4256 Υἱὸς
465 4193 561 4262 μὲν
591 4193 839 4262 ἀληθινὸς
878 4197 973 4249 τοῦ
1018 4196 1152 4250 Θεοῦ
1177 4193 1258 4261 εἷς
1290 4197 1547 4268 τυγχάνει
1575 4199 1603 4249 ὁ
1633 4197 1737 4250 Λό-

141 4299 233 4349 γος
268 4284 368 4335 καὶ
413 4281 569 4348 Θεός.
603 4285 758 4337 Ἐστι
787 4286 844 4338 δὲ
877 4288 972 4338 καὶ
1005 4286 1081 4350 ὡς
1127 4287 1286 4351 ἄλλος
1330 4287 1457 4350 Υἱὸς
1503 4288 1740 4358 υἱοποιη-

144 4373 255 4437 θεὶς
320 4374 412 4426 διὰ
459 4372 554 4425 τοῦ
590 4373 719 4427 ναοῦ
770 4375 864 4428 τοῦ
901 4374 1154 4448 σώματος
1197 4378 1363 4430 αὑτοῦ
1414 4375 1506 4430 τοῦ
1534 4377 1737 4448 Κυρίου

1835 3206 1895 3245 su
1926 3205 1967 3245 ,ε
1993 3208 2011 3239 ‹
2043 3189 2256 3255 Omnia,
2285 3204 2631 3260 quaecunque
2658 3189 2820 3245 habet
2845 3189 3028 3256 Pater,
3057 3206 3176 3243 mea
3207 3200 3354 3246 sunt.
3393 3210 3412 3244 .-

1833 3276 1877 3331 1"
1898 3292 1951 3335 ιιι
1985 3288 2207 3349 propter
2242 3291 2334 3334 res
2361 3285 2578 3333 creatas
2603 3278 2679 3332 ait
2717 3276 2991 3340 Salvator,
3016 3277 3234 3345 Omnia,
3269 3295 3419 3350 qua:-

1832 3385 2054 3440 tlnque
2099 3371 2265 3426 habet
2309 3366 2499 3435 Pater,
2543 3386 2661 3424 mea
2711 3377 2841 3424 sunt
2882 3389 2894 3424 :
2934 3369 3030 3426 sed
3077 3387 3420 3441 quaecunque

1837 3463 1901 3517 ad
1951 3461 2135 3517 Patris
2171 3462 2448 3533 pertinent
2490 3462 2836 3518 divinitatem
2860 3504 2874 3526 ,
2905 3463 3020 3516 hzrc
3060 3464 3281 3533 propria
3313 3463 3418 3518 sibi

1835 3569 1958 3608 esse
1989 3553 2064 3606 ait
2096 3551 2385 3619 Dominus,
2418 3562 2477 3608 ut
2511 3553 3000 3616 immortalitatem,
3028 3553 3420 3622 incorruptibi-

1836 3647 2064 3711 litatem,
2115 3646 2226 3699 vim
2277 3645 2560 3710 invictam,
2615 3643 3142 3708 immutabilitatem,
3204 3645 3415 3699 incom-

1838 3737 2382 3806 preliensibilitatem,
2404 3736 2726 3806 potentiam,
2745 3737 3168 3805 praescientiam,
3187 3743 3241 3791 et
3268 3752 3419 3808 quae-

1836 3842 2057 3896 cunque
2090 3826 2206 3894 ipse
2238 3825 2400 3879 Pater
2449 3825 2635 3889 habet,
2692 3825 2804 3878 haec
2835 3825 2953 3894 ipsa
2978 3823 3099 3878 Filii
3134 3832 3264 3878 sunt
3293 3841 3423 3895 pro-

1838 3921 1975 3988 pria.
2041 3917 2300 3988 lgnorare
2344 3932 2473 3971 vero
2505 3916 2602 3980 ait,
2649 3925 2707 3970 ut
2751 3931 2917 3986 supra
2959 3915 3168 3969 dictum
3209 3922 3325 3978 est,
3370 3925 3424 3970 et

1838 4011 2061 4080 angelos
2089 4017 2142 4063 et
2180 4007 2396 4062 Filium.

1909 4100 2000 4155 28.
2041 4100 2132 4153 Ar.
2180 4097 2452 4168 Numquid
2499 4097 2641 4151 alius
2692 4103 2777 4152 est
2822 4093 3029 4149 Filius?
3069 4094 3194 4148 Ath.
3249 4093 3428 4149 Verus

1840 4192 2060 4262 quidem
2111 4189 2284 4244 Filius
2324 4187 2417 4242 Dei
2461 4201 2604 4240 unus
2631 4192 2717 4240 est
2759 4183 2999 4238 Verbum
3037 4189 3092 4238 et
3132 4182 3296 4237 Deus.
3326 4180 3425 4234 Est

1840 4292 2022 4338 autem
2059 4283 2226 4337 veluti
2278 4281 2420 4334 alius
2477 4278 2650 4332 Filius
2687 4275 2980 4346 adoptatus
3034 4290 3128 4344 per
3159 4273 3425 4342 templum

1842 4375 2094 4446 corporis
2127 4375 2304 4444 ipsius
2352 4371 2570 4426 Domini
2616 4369 2793 4425 nostri
2819 4367 2952 4422 Jesu
2984 4366 3217 4428 Christi,
3260 4371 3320 4418 ut
3346 4364 3425 4416 ait

141 4466 300 4535 ἡμῶν
342 4463 524 4535 Ἰησοῦ
555 4467 817 4536 Χριστοῦ,
839 4467 915 4531 ὣς
943 4485 1104 4539 φησιν
1133 4471 1162 4521 6
1195 4469 1338 4534 θεῖος
1385 4469 1704 4533 Ἀπόστολος
1722 4486 1735 4499 ·

1841 4445 2060 4523 divinus
2088 4465 2384 4536 Apostolus
2409 4482 2421 4518 :
2452 4483 2472 4515 ι
2498 4461 2618 4517 Non
2648 4462 2792 4517 enim
2823 4459 3136 4529 accepimus
3166 4457 3428 4528 spiritum

149 4575 166 4606 ι
195 4557 273 4608 Οὐ
301 4556 416 4627 γὰρ
447 4556 716 4627 ἐλάϐομεν
750 4558 968 4628 πνεῦμα
982 4559 1225 4623 δουλείας
1255 4561 1416 4614 πάλιν
1447 4563 1526 4624 είς
1551 4561 1738 4630 φόϐον,

143 4648 258 4702 ἀλλ’
316 4647 591 4718 ἐλάϐομεν
653 4649 873 4720 πνεῦμα
917 4650 1207 4716 υἱοθεσίας,
1254 4653 1312 4705 ὲν
1355 4647 1400 4720 ᾧ
1437 4653 1736 4724 κράζομεν,

155 4739 347 4804 Ἀϐϐά,
382 4741 414 4792 6
463 4739 674 4810 Πατήρ.
713 4759 731 4790 ι
771 4741 831 4793 Ὀ
857 4739 916 4792 δὲ
977 4741 1213 4811 Χριστὸς
1259 4740 1558 4812 διαρρἡην
1601 4741 1738 4811 πρὸς

142 4833 271 4897 soi);
335 4832 672 4896 ἀποστόλους
729 4832 872 4904 ἔφη·
912 4851 932 4884 ι
965 4834 1165 4887 Τεκνία
1223 4850 1346 4903 μου,
1397 4832 1477 4884 ἔτι
1543 4832 1738 4904 μικρὸν

151 4925 267 4996 μεθ’
318 4923 477 4994 ὑμῶν
507 4926 645 4996 εἰμι,
682 4926 776 4978 καὶ
806 4924 1111 4998 πορεύομαι
1149 4926 1286 4998 πρὸς
1325 4926 1415 4979 τὸν
1446 4925 1740 4996 πέμψαντά

150 5033 253 5086 με’
287 5035 307 5068 ι
352 5016 448 5068 καί
507 5015 643 5086 πρὸς
683 5015 968 5080 Ἰουδαίους
997 5016 1054 5069 δέ
1085 5033 1248 5088 φησιν
1301 5020 1358 5070 ὲν
1400 5015 1736 5088 παραϐολαῖς

115 5146 122 5180 ε
147 5107 321 5172 οὕτως
341 5125 354 5137 ·
392 5125 413 5157 ι
449 5107 769 5179 Ἄνθρωπός
821 5124 906 5171 τις
935 5107 1073 5178 έχων
1099 5107 1192 5161 δύο
1222 5109 1391 5170 υἱοὺς,
1425 5106 1737 5180 προσελθὼν

115 5175 229 5274 ξτῴ
287 5175 666 5271 πρεσϐυτέρῳ,
700 5197 821 5252 εἷπε
847 5215 861 5228 °
911 5175 1152 5272 Πορεύου
1183 5241 1198 5265 ,
1254 5175 1490 5272 ἐργάζου
1524 5203 1603 5262 εἰς
1645 5200 1738 5253 τὸν

121 5285 457 5371 έάμπλῶνά
485 5309 607 5362 μου.
637 5292 696 5345 'O
715 5291 793 5355 δὲ,
826 5293 1162 5363 ἀποκριθεὶς,
1188 5293 1291 5364 ἔφη
1315 5310 1328 5324 ·
1363 5292 1524 5362 Ἐγὼ,
1551 5294 1731 5364 κύριε,

1839 4560 2118 4618 servitutis
2145 4559 2342 4614 iterum
2365 4558 2420 4612 in
2452 4558 2670 4617 timore,
2703 4553 2801 4610 sed
2832 4553 3144 4622 accepimus
3168 4550 3426 4620 spiritum

1839 4651 2171 4721 adoptionis,
2219 4652 2276 4705 in
2327 4663 2436 4720 quo
2479 4649 2802 4710 clamamus,
2861 4644 3036 4711 Abba,
3090 4641 3251 4698 Pater
3303 4643 3368 4694 ⁵’.
3398 4660 3426 4693 ι

1840 4744 2097 4799 Christus
2133 4753 2313 4797 autem
2337 4743 2456 4812 ipse
2493 4740 2697 4794 diserte
2725 4737 2793 4792 ad
2830 4737 3107 4808 apostolos
3131 4736 3207 4790 ait
3242 4754 3254 4788 :
3287 4754 3305 4786 ι
3332 4732 3430 4788 Fi-

1840 4835 1953 4890 lioli
1988 4835 2119 4899 mei,
2155 4835 2334 4889 adhuc
2368 4833 2644 4888 modicum
2679 4831 2964 4886 vobiscum
3000 4845 3143 4893 sum,
3182 4836 3235 4883 et
3281 4827 3428 4881 vado

1839 4929 1908 4984 ad
1947 4944 2070 4984 eum
2097 4931 2189 4998 qui
2219 4927 2370 4982 misit
2399 4941 2487 4982 me
2517 4926 2602 4989 ⁸³;
2637 4945 2656 4977 ι
2694 4930 2748 4978 et
2778 4923 2845 4977 ad
2874 4922 3094 4977 Judaos
3128 4922 3208 4976 sic
3242 4920 3297 4974 in
3329 4935 3426 4989 pa-

1844 5017 2048 5072 rabolis
2069 5025 2153 5073 est
2189 5017 2408 5071 locutus
2443 5033 2457 5068 :
2499 5033 2522 5065 ι.
2559 5013 2734 5068 Homo
2766 5013 2985 5082 quidam
3021 5009 3258 5065 habebat
3285 5008 3432 5063 duos

1846 5106 2009 5171 ﬁlios,
2043 5115 2097 5162 et
2126 5107 2395 5179 accedens
2419 5104 2485 5157 ad
2505 5104 2765 5173 majorem
2790 5103 2960 5156 dixit:
2994 5099 3163 5163 Vade,
3195 5113 3427 5168 operare

1846 5198 1900 5251 in
1929 5199 2088 5253 vinea
2124 5214 2262 5254 mea.
2300 5197 2391 5253 Ille
2423 5207 2601 5253 autem
2632 5195 2971 5265 respondens
3012 5192 3111 5259 ait,
3148 5190 3280 5260 Ego,
3327 5190 3425 5243 do—

1847 5293 2016 5356 mine,
2063 5300 2117 5346 et
2165 5306 2275 5345 non
2321 5289 2474 5344 abiit.
2539 5287 2742 5341 Deinde
2787 5283 3053 5339 accedens
3087 5282 3152 5336 ad
3191 5282 3426 5335 alterum

224 5445 271 5477 ⁸⁸
311 5443 482 5499 Harc.
519 5460 646 5508 xm,
684 5445 771 5500 3‘2.
849 5446 892 5476 ⁵⁸
933 5445 1066 5502 Ibid.
1146 5448 1192 5478 ⁵¹
1231 5444 1391 5502 Rom.
1427 5463 1554 5512 vm,
1591 5446 1679 5501 15.

1841 5445 1997 5500 Joan.
2026 5461 2126 5500 xm
2154 5485 2168 5510 ,
2205 5446 2293 5500 55.

227 5597 340 5672 (δυ
377 5597 511 5672 ﬁeg.
541 5606 594 5653 et
619 5597 808 5672 Basil”
829 5601 1103 5672 γινόμενα.

249 5671 340 5738 52)
373 5667 512 5740 Reg.
543 5667 881 5740 σπουδαίους.

249 5673 340 5738 52)
373 5673 512 5740 Reg.
543 5673 881 5734 σπουδαίους.

226 5673 341 5813 ὶδὸ)
382 5744 525 5814 Aug.
555 5736 682 5795 εἶδε.
712 5739 879 5797 Paulo
919 5749 1063 5813 post,
1083 5742 1223 5798 idem
1251 5750 1373 5814 post
1403 5741 1612 5814 ἡμέραν
1640 5741 1736 5796 ad-

1843 5600 1923 5654 dit
1950 5599 2284 5663 Ἀθανάσιος.

1841 5741 1873 5794 d
1914 5670 2027 5792 (sit)
2063 5671 2138 5725 Ita
2166 5671 2306 5741 Aug.
2361 5669 2416 5723 lu
2451 5670 2612 5726 editis
2639 5683 2770 5725 vero
2818 5675 2870 5722 et
2919 5666 2972 5721 in
3013 5665 3251 5732 caeteris,
3287 5664 3427 5736 ἔχων

1879 5756 1968 5795 Εθδ
1999 5779 2012 5795 ι
