3860 6200
449 356 560 413 4³15

1597 346 1660 402 S‘.
1700 341 2162 400 ATHANASIUS.
2203 371 2273 383 —
2316 335 2587 395 SPURIA.

3601 326 3714 386 4⁵16

451 473 590 527 dixit
625 483 636 524 ι
663 469 836 534 Vade,
869 482 1100 540 operare
1129 466 1185 521 in
1213 462 1536 520 vineamea.
1563 460 1631 517 At
1673 461 1764 516 ille
1796 473 2020 529 respon-

2130 453 2224 507 καὶ
2255 452 2358 506 οὐκ
2403 448 2666 522 ἀπῆλθεν.
2715 440 2848 502 Εῗτα
2893 446 3207 520 προσελθὼν
3242 444 3321 517 τῷ
3349 443 3538 516 ἑτέρῳ,
3565 444 3672 516 ἔφη
3692 463 3710 478 ο

450 565 531 617 dit
551 560 736 617 :Nolo.
768 560 961 616 Postea
997 568 1175 613 autem
1208 554 1525 628 poenitentia
1551 560 1736 607 motus
1765 549 1976 605 abiit”.
2005 569 2024 601 ι

451 653 759 724 lnterrogat
791 668 920 708 vero
954 649 1217 704 Dominus
1245 664 1260 702 :
1298 647 1425 703 Uter
1473 645 1662 700 fecerit
1699 643 2030 698 voluntatem

452 747 628 816 patris
661 746 775 800 sui?
812 743 1233 807 Responderunt
1261 738 1456 804 Judaei,
1481 757 1500 788 ‹
1533 737 1812 791 Posterior
1827 735 2024 788 ﬁlius.»

451 836 626 892 Porro
662 838 719 890 in
763 836 1019 890 confesso
1055 840 1140 888 est
1169 841 1399 902 patrem,
1430 831 1810 884 universorum
1860 825 2029 880 Deum

453 945 612 994 esse;
656 928 872 982 vineam
916 941 1068 989 vero,
1125 925 1243 978 vias
1277 939 1398 978 esse
1446 922 1686 989 iustitiae,
1721 921 1775 973 in
1829 917 2029 988 quibus

453 1020 721 1088 majorem
755 1019 924 1071 ﬁlium
955 1018 1120 1086 jussit
1150 1016 1386 1086 operari.
1412 1015 1506 1069 lllc
1532 1023 1712 1068 autem
1743 1013 1835 1083 qui
1869 1013 2029 1083 paulo

453 1121 581 1184 post
630 1119 962 1182 praeceptum
995 1109 1178 1163 valere
1233 1107 1421 1176 jussit,
1450 1105 1886 1175 contempsitque
1927 1104 2029 1156 im-

451 1214 756 1274 perantem,
800 1201 1034 1271 populus
1063 1207 1146 1254 est
1171 1197 1511 1260 Judaeorum,
1545 1199 1638 1267 qui
1686 1197 1756 1252 ob
1798 1195 2029 1250 inﬁdeli-

451 1301 622 1347 tatem
649 1292 904 1346 exclusus
927 1297 1011 1344 est
1039 1289 1107 1343 ab
1137 1289 1446 1360 adoptione.
1481 1289 1674 1344 Iunior
1697 1303 1823 1343 vero
1860 1288 2028 1358 patris

453 1384 618 1447 illius,
647 1382 886 1452 gentium
918 1389 1001 1434 est
1028 1380 1281 1451 populus,
1315 1381 1406 1448 qui
1431 1380 1735 1434 vocationis
1757 1378 2027 1449 principio

452 1490 578 1529 cum
612 1489 723 1544 prae
758 1472 1080 1526 inﬁdelitate
1113 1472 1337 1526 obedire
1377 1479 1710 1532 recusasset,
1745 1470 2028 1528 detentus-

449 1581 560 1636 que
616 1564 812 1620 fuisset
873 1563 1189 1617 idololatria
1223 1602 1238 1626 ,
1297 1564 1645 1632 postmodum
1707 1563 2025 1632 pmnitentia

449 1657 651 1710 ductus
683 1664 736 1709 et
772 1655 1026 1718 credens,
1073 1655 1248 1725 patris
1293 1655 1524 1724 imperio
1574 1661 1669 1708 est.
1708 1655 2021 1710 obsecutus.

449 1746 569 1812 Qua
597 1746 819 1815 quidem
871 1745 1180 1801 obedientia
1217 1745 1423 1800 amicus
1452 1753 1505 1799 et
1539 1745 1734 1810 haeres,
1766 1754 2020 1814 tanquam

2131 541 2395 612 Πορεύου,
2427 537 2661 611 ἐργάζου
2685 539 2765 600 εἰς
2807 536 2899 590 τὸν
2936 535 3236 608 ἀμπελῶνά
3265 551 3388 606 μου.
3439 535 3498 588 '0
3519 535 3578 587 δέ
3607 552 3715 608 φη-

2132 647 2238 684 σιν’
2261 629 2336 682 Οὐ
2367 627 2524 681 Θέλω.
2555 627 2822 697 ’Ὕστερον
2852 625 2909 678 δὲ
2970 623 3364 696 μεταμεληθεὶς
3393 623 3653 695 ἀπῆλθεν.
3688 643 3706 674 ι

2143 721 2355 790 Ἐρωτᾷ
2419 718 2475 770 δὲ
2528 719 2557 770 6
2590 716 2793 788 Κύριος
2816 733 2830 747 ’
2867 716 2965 779 Τίς
3003 714 3255 784 εποίησεν
3282 713 3342 765 τὸ
3372 712 3583 782 θέλημα
3613 710 3710 764 τοῦ

2130 810 2336 882 πατρὸς
2370 807 2573 873 αὐτοῦ;
2628 807 3017 879 ἀποκριθέντες
3058 807 3115 859 δὲ
3147 807 3196 858 οἰ
3247 804 3485 858 Ἰουδαῖοί
3510 819 3708 872 φασιν·

2136 918 2155 950 ι
2197 902 2256 952 '0
2283 899 2508 970 ἔσχατος
2529 899 2659 961 υἱός.
2694 918 2712 948 ι
2733 897 3207 968 ὐμολογουμένως
3239 895 3317 959 δὲ,
3348 896 3376 947 6
3401 895 3502 966 μὲν
3524 895 3711 964 πατὴρ

2127 995 2157 1046 6
2179 993 2286 1045 τῶν
2309 993 2448 1046 ὅλων
2487 991 2621 1054 Θεὸς
2671 990 2952 1059 τυγχάνει,
2981 989 3009 1039 6
3035 988 3090 1040 δὲ
3139 986 3399 1058 ἀμπελὼν
3438 987 3500 1038 αἰ
3529 985 3709 1056 τρίϐοι

2129 1086 2227 1154 τῆς
2261 1083 2627 1153 δικαιοσύνης,
2660 1084 2716 1135 ἐν
2747 1078 2832 1144 αἷς
2863 1081 3192 1154 προσέταττε
3216 1080 3305 1132 τὸν
3337 1077 3710 1150 πρεσϐύτερον

2129 1174 2242 1227 υίὸν
2303 1172 2652 1244 ἐργάζεσθαι.
2709 1173 2766 1225 '0
2810 1171 2867 1224 δὲ
2908 1170 3086 1242 μικρῷ
3277 1170 3354 1240 τῷ
3377 1170 3711 1241 διαστήματι

2127 1266 2339 1336 χαίρειν
2393 1265 2605 1337 φράσας
2666 1262 2746 1335 τῷ
2799 1263 3126 1333 κελεύσματι
3177 1262 3548 1333 κατεφρόνησε
3611 1261 3710 1314 τοῦ

2129 1355 2530 1428 προστάξαντος
2548 1373 2560 1386 °
2589 1347 2742 1418 οὗτος
2766 1354 2823 1408 δὲ
2848 1357 2876 1408 6
2903 1353 3011 1407 τῶν
3053 1352 3320 1406 Ἰουδαίων
3351 1353 3477 1416 λαὸς
3508 1352 3713 1422 τυγχά-

2127 1464 2226 1513 νει,
2247 1449 2276 1500 6
2294 1447 2382 1501 διὰ
2401 1448 2499 1518 τὴν
2519 1446 2775 1500 ἀπιστίαν
2808 1446 3112 1517 ἀπόϐλητος
3142 1444 3378 1514 γεγονὼς
3401 1445 3500 1515 τῆς
3530 1445 3715 1497 υἱοθε-

2129 1538 2267 1601 σίας.
2309 1538 2366 1592 Ὁ
2413 1539 2470 1592 δὲ
2516 1537 2781 1610 νεώτερος
2835 1537 2950 1600 υίὸς
2985 1537 3078 1590 τοῦ
3116 1537 3353 1608 πατρὸς,
3385 1539 3412 1590 6
3443 1537 3501 1602 ὲξ
3537 1537 3713 1590 ἐθνῶν

2126 1629 2274 1697 λαὸς,
2296 1633 2324 1684 6
2348 1630 2499 1701 παρὰ
2521 1628 2622 1700 τὴν
2646 1629 2818 1700 ἀρχὴν
2843 1627 2954 1699 (56)
2980 1628 3080 1699 τῆς
3107 1629 3349 1700 κλήσεως
3380 1627 3715 1698 παρακούων

2128 1725 2192 1792 τῇ
2223 1721 2472 1792 ἀπιστίᾳ,
2513 1723 2579 1792 τῇ
2611 1720 3026 1792 εἰδωλολατρείᾳ
3070 1719 3458 1791 κρατούμενος,
3484 1719 3714 1792 ὕστερον

447 1835 629 1892 Patris
687 1837 874 1900 lilius,
926 1834 1063 1890 ellici
1124 1836 1354 1902 meruit,
1407 1835 1665 1904 omnique
1709 1835 1914 1889 honore
1971 1845 2020 1890 et

2128 1810 2183 1862 δὲ
2210 1808 2604 1880 μεταμεληθεὶς
2635 1809 2730 1861 καὶ
2754 1807 3068 1871 πιστεύσας,
3099 1809 3336 1878 ὑπήκοος
3354 1807 3714 1878 προστάγμα-

447 1926 624 1996 gratia
682 1941 711 1978 a
751 1924 912 1980 Patre
960 1930 1188 1977 ornatus
1231 1933 1335 1987 est,
1378 1931 1571 1993 przeter
1618 1921 1726 1977 diei
1751 1933 1803 1978 et
1853 1923 2021 1986 horJe,

447 2019 600 2072 illius
651 2017 1141 2072 consummationis
1168 2015 1441 2079 videlicet,
1489 2015 1874 2085 cognitionem.
1916 2012 2020 2068 Sed

447 2111 606 2180 signa
640 2109 985 2164 solummodo
1020 2109 1268 2176 accepit,
1307 2123 1396 2171 ne,
1453 2108 1498 2161 si
1544 2107 1820 2177 ignoraret
1855 2122 2023 2179 prope

447 2204 644 2257 adesse
695 2203 879 2268 linem,
918 2202 1252 2272 imparatum
1286 2200 1404 2255 dies
1443 2199 1535 2253 illa
1583 2206 1806 2270 repente
1853 2201 2019 2254 ollen-

445 2294 616 2351 deret.

515 2535 608 2590 29.
633 2536 728 2590 Ar.
768 2533 1023 2604 Agnosco
1058 2541 1206 2588 recte
1231 2533 1376 2588 dicta
1412 2546 1532 2588 csse
1570 2546 1694 2602 quaa-
1720 2531 1787 2587 de
1814 2531 1902 2586 die
1927 2531 2021 2584 illo

445 2627 767 2697 exposuisti.
807 2626 913 2680 Sed
947 2641 1092 2698 nego
1121 2634 1269 2681 recte
1297 2627 1401 2679 dici
1433 2640 1594 2694 posse
1628 2623 1824 2678 Filium
1870 2623 2018 2677 Patri

446 2718 747 2774 secundum
776 2718 1140 2774 substantiam
1175 2719 1390 2772 unitum
1429 2732 1574 2772 esse.
1602 2716 1727 2771 Atlt.
1766 2715 2021 2781 Quando—

444 2811 665 2880 quidem
705 2810 799 2863 tibi
835 2826 940 2863 non
971 2810 1254 2863 minimum
1286 2817 1370 2863 est
1412 2809 1651 2862 studium
1675 2807 2019 2878 vituperandi

445 2914 568 2969 qua:
598 2906 747 2954 recta
800 2907 958 2964 sunt,
998 2914 1230 2968 qumque
1271 2906 1417 2953 recte
1450 2914 1573 2953 esse
1623 2898 1699 2968 pii
1756 2899 2015 2962 fatentur,

442 2993 717 3062 responde
767 2992 922 3057 mihi,
955 2991 1085 3061 quid
1143 2990 1364 3044 tandem
1419 2991 1491 3045 sit
1543 2991 1883 3046 substantia?
1920 2991 2014 3042 Ar.

443 3082 721 3153 Quidquid
745 3092 828 3137 est
862 3084 916 3136 in
940 3082 1244 3153 hypostasi,
1283 3082 1387 3134 hoc
1421 3081 1723 3136 substantia
1759 3089 1861 3135 est.
1891 3081 2016 3135 Am.

2129 1918 2220 1966 τος
2269 1900 2546 1973 πατρικοῦ
2592 1899 2899 1971 ἀνεδείχθη.
2947 1901 3041 1953 Ἐκ
3077 1899 3132 1953 δὲ
3162 1900 3260 1970 τῆς
3289 1899 3533 1970 ὑπακοῆς
3557 1899 3712 1968 φίλος

2129 1995 2223 2048 καὶ
2239 1995 2592 2066 κληρονόμος,
2616 1994 2691 2058 ὡς
2726 1993 2840 2057 υἱὸς
2857 1993 3089 2064 Πατρὸς,
3109 1993 3344 2064 ἀνεφάνη
3376 1992 3509 2063 (57),
3527 1993 3712 2062 πάσης

2127 2085 2292 2155 τιμῆς
2326 2085 2421 2138 καὶ
2453 2083 2675 2154 χάριτος
2710 2083 3012 2154 ἠξιωμένος
3053 2083 3190 2156 πρὸς
3217 2083 3312 2136 τοῦ
3339 2083 3467 2136 ἰδίου
3496 2084 3714 2155 Πατρὸς

2127 2177 2254 2230 ἄνευ
2295 2177 2395 2247 τῆς
2440 2176 2652 2247 ἡμέρας
2700 2179 2796 2230 καί⁸
2849 2177 3000 2249 ὥρας
3036 2177 3274 2246 ἐκείνης,
3322 2175 3464 2244 λέγω
3495 2176 3559 2245 δὴ
3609 2175 3720 2245 τῆς

2131 2269 2457 2334 συντελείας,
2487 2269 2519 2339 ἢ
2559 2269 2718 2339 μόνον
2768 2273 2970 2340 σημεῖα
3005 2268 3205 2332 λαϐὼν,
3238 2270 3325 2322 ἵνα
3365 2269 3440 2338 μὴ
3474 2267 3712 2335 ἀγνοῶν,

2127 2361 2207 2413 ὅτι
2237 2359 2401 2428 ἐγγύς
2445 2362 2562 2412 ἐστι
2600 2360 2662 2412 τὸ
2691 2360 2862 2425 τέλος,
2911 2360 3061 2432 πρὸς·
3107 2360 3169 2412 τὸ
3211 2362 3284 2430 μὴ
3319 2359 3715 2430 ἀπαρασκεύα-

2131 2465 2253 2501 στον
2289 2449 2399 2520 (58)
2424 2449 2574 2517 ὄντα,
2597 2450 2876 2519 αἰφνιδίως
2897 2450 3178 2521 καταλάϐῃ
3213 2452 3244 2521 ἡ
3281 2450 3478 2520 ἡμέρα.

2197 2539 2285 2593 29.
2316 2541 2443 2607 Ἀρ.
2466 2536 2619 2595 εἶπεν
2636 2557 2652 2571 ⁸
2693 2541 2966 2611 Ὁμολογῶ
2991 2541 3166 2611 ὀρθῶς
3190 2542 3441 2612 εἰρῆσθαι
3467 2541 3626 2595 τοῦτο
3644 2543 3720 2594 τὸ

2129 2635 2256 2704 περί
2287 2633 2387 2702 τῆς
2422 2634 2633 2704 ἡμέρας
2653 2653 2664 2664 ·
2697 2635 2758 2687 τὸ
2807 2635 2862 2687 δὲ
2889 2637 2956 2704 τῇ
2992 2634 3152 2705 οὐσίᾳ
3183 2635 3422 2705 ἡνῶσθαι
3452 2635 3544 2686 τὸν
3578 2636 3712 2689 Υἰὸν

2127 2723 2204 2794 τῷ
2234 2725 2406 2796 Πατρὶ
2438 2725 2722 2796 οὐκόρθῶς
2749 2725 2890 2794 ἔχειν
2915 2725 3073 2793 φημί.
3113 2725 3232 2778 Ἀθ.
3269 2721 3446 2778 εἶπενο
3487 2725 3710 2796 Ἐπειδὴ

2131 2818 2331 2888 σπουδὴ
2380 2818 2638 2887 πρόσεστί
2663 2836 2744 2871 σοι
2776 2819 2838 2871 οὐ
2896 2817 3090 2888 μικρὰ,
3128 2817 3315 2887 ψέγειν
3347 2817 3415 2870 τὰ
3439 2818 3578 2870 καλά
3611 2820 3710 2870 καὶ

2126 2909 2304 2972 καλῶς
2355 2909 2761 2980 ὁμολογούμενα
2795 2909 2927 2979 πρὸς
2956 2911 3063 2962 τῶν
3092 2909 3350 2974 εὐσεϐῶν,
3381 2908 3712 2978 ἁπόὸος(59)

2129 2999 2379 3068 λόγον,τί
2408 3017 2538 3052 ποτε
2583 3001 2691 3072 ἄρα
2737 3001 2882 3051 ἐστὶν
2915 3002 2947 3070 ἡ
2979 3001 3169 3066 οὑσία;
3213 3001 3332 3068 Ἀρ.
3364 2993 3550 3052 εἷπεν·
3587 2999 3715 3052 Πᾶν

2126 3091 2180 3142 εῐ
2206 3088 2259 3140 τί
2292 3091 2438 3142 ἐστιν
2469 3091 2527 3142 ὲν
2549 3090 2864 3153 ὑποστάσει,
2896 3089 3054 3143 τοῦτο
3086 3091 3244 3143 οὐσία
3275 3091 3552 3160 τυγχάνει.
3578 3091 3707 3144 Ἀθ.

440 3174 635 3233 Recte.
663 3173 865 3229 Verum
894 3190 1020 3228 cum
1039 3189 1185 3228 nunc
1206 3174 1368 3228 nobis
1393 3187 1574 3228 sermo
1599 3173 1666 3226 de
1683 3171 1790 3226 Deo
1814 3173 1905 3236 sit,
1930 3172 2020 3226 dic

2128 3176 2314 3234 simw
2357 3181 2563 3252 Ὀρθῶς
2591 3182 2745 3252 ἔφης.
2793 3182 2945 3235 Ἐπεὶ
2970 3182 3027 3234 δὲ
3061 3183 3229 3252 ἡμεῖς
3250 3182 3342 3234 ἐπὶ
3365 3157 3459 3233 τοῦ
3495 3180 3707 3252 παρόν-

441 3267 578 3320 mihi
609 3265 875 3336 quidnam
919 3265 991 3321 sit
1044 3264 1140 3320 Dei
1187 3265 1496 3320 substantia
1532 3280 1544 3315 :
1577 3280 1648 3319 ne
1685 3263 1826 3319 forte
1866 3264 2014 3318 arbi-

441 3366 658 3412 trentur
688 3359 867 3412 idiota:
915 3373 1016 3412 nos
1045 3357 1118 3412 de
1139 3353 1387 3428 pecuniis
1435 3357 1602 3427 loqui.
1631 3357 1728 3410 Ar.
1765 3357 1858 3413 Dei
1885 3359 2018 3414 sub-

443 3450 645 3504 stantia
693 3457 779 3503 est
823 3465 837 3499 :
865 3449 910 3503 si
941 3448 1074 3518 quid
1106 3455 1189 3503 est
1222 3446 1387 3513 Deus,
1424 3448 1527 3503 hoc
1572 3449 1880 3504 substantia
1911 3456 2018 3504 est.

441 3539 565 3593 ΑιΙι.
601 3537 767 3594 Recte
806 3549 864 3594 tu
898 3539 1118 3609 quidem
1152 3554 1168 3590 :
1203 3539 1314 3608 jam
1345 3540 1589 3595 vicissim
1621 3540 1770 3595 audi.
1802 3543 1900 3594 Ar.
1926 3541 2022 3597 Dic

441 3633 589 3702 quod
639 3634 807 3688 lubet.
838 3633 963 3686 ΑιΙι.
1006 3631 1160 3686 Nosti
1188 3631 1359 3686 Deum
1391 3647 1512 3688 sese
1535 3632 1604 3686 ad
1645 3643 1888 3688 nostram
1918 3634 2022 3686 im-

442 3726 795 3782 becillitatem
854 3741 952 3795 per
1016 3723 1327 3794 Scripturas
1395 3724 1659 3780 divinitus
1724 3724 2021 3794 inspiratas

441 3819 682 3888 benigne
729 3818 1166 3881 accommodare,
1202 3833 1454 3887 smpeque
1508 3816 1578 3870 ad
1632 3831 1735 3871 nos
1778 3817 2020 3870 humano

439 3927 596 3967 more
629 3912 799 3980 loqui,
847 3922 904 3965 ut
946 3911 1154 3966 scilicet
1179 3911 1417 3964 humana
1456 3918 1655 3964 natura
1681 3924 1747 3964 ex
1795 3910 1881 3965 his
1901 3925 2021 3980 quae

441 4005 750 4061 consimilia
781 4006 948 4060 rebus
981 4005 1092 4059 illis
1123 4004 1404 4068 dicuntur,
1436 4005 1490 4058 in
1513 4005 1715 4075 quibus
1736 4019 2021 4059 versamur

439 4105 495 4152 et
540 4112 678 4168 quas
725 4097 999 4161 novimus,
1043 4098 1289 4152 caelestia
1319 4096 1505 4151 divina
1549 4097 1807 4167 mysteria
1833 4108 2020 4165 posset

439 4190 764 4260 intelligere.
808 4190 902 4243 Ar.
941 4187 1018 4243 lta
1068 4200 1174 4245 est.
1227 4189 1353 4243 Ath.
1396 4189 1532 4244 Cum
1571 4204 1701 4259 ergo
1741 4186 1886 4243 Deus
1923 4203 2022 4259 per

437 4283 759 4352 prophetam
815 4282 928 4337 haec.
986 4282 1053 4336 ad
1107 4283 1387 4354 proprium
1428 4280 1623 4334 Filium
1672 4279 1826 4347 dicit,
1883 4300 1900 4332 ι
1943 4280 2019 4334 Ex

2121 3290 2212 3336 τος
2232 3291 2298 3326 πε
2306 3275 2359 3346 ρί
2385 3274 2516 3328 Θεοῦ
2537 3274 2692 3343 λόγον
2711 3274 2927 3345 ἔχομεν,
2950 3274 3076 3328 εἰπέ-
3100 3291 3188 3344 μοι
3211 3275 3243 3344 ἡ
3270 3273 3362 3326 τοῦ
3386 3272 3518 3326 Θεοῦ
3542 3273 3712 3326 οὐσία

2121 3364 2173 3418 τί
2204 3367 2340 3430 ἐστι,
2399 3367 2604 3438 μήποτε
2643 3367 2986 3438 νομισθῶμεν
3024 3366 3161 3437 πρὸς
3209 3365 3316 3418 τῶν
3351 3363 3594 3430 ἰδιωτῶν,
3618 3365 3707 3418 ὅτι

2123 3457 2264 3528 τάχα
2315 3460 2444 3529 περί
2472 3459 2768 3528 χρημάτων
2797 3458 3046 3528 λέγομεν.
3087 3458 3217 3524 "Ap.
3257 3452 3409 3510 εἶπεν
3431 3473 3444 3487 ·
3495 3456 3560 3510 Ἡ
3605 3457 3708 3510 τοῦ

2123 3547 2259 3601 Θεοῦ
2280 3549 2436 3602 οὐσία
2465 3552 2634 3612 ἐστὶν,
2666 3550 2722 3602 εί
2737 3549 2789 3602 τί
2813 3551 2958 3603 ἐστι-ν
2983 3551 3010 3601 ὁ
3035 3549 3190 3613 Θεὸς,
3211 3547 3366 3600 τοῦτο
3385 3547 3542 3599 οὐσία
3567 3564 3704 3615 τυγ-

2125 3641 2298 3711 χάνει.
2327 3642 2438 3698 Ἀθ.
2470 3637 2620 3694 εἴπεο
2668 3641 2864 3705 Καλῶς
2908 3641 3047 3713 ἔφης
3073 3659 3086 3672 ο
3117 3641 3300 3693 λοιπὸν
3325 3640 3508 3694 ἄκουε.
3568 3643 3701 3707 Ἀρ.

2123 3733 2243 3787 εἷπε
2262 3751 2275 3765 ·
2305 3735 2445 3803 Λέγε
2468 3735 2494 3786 ὃ
2524 3734 2717 3804 βούλει.
2740 3734 2860 3790 Ἀθ.
2891 3729 3045 3786 εἷπεν
3069 3749 3083 3764 ·
3112 3729 3305 3796 Οῐσθα,
3333 3734 3435 3796 ὅτι,
3487 3749 3704 3803 σχημα-

2121 3827 2406 3898 τιζόμενος
2451 3828 2545 3879 καί
2587 3827 3034 3895 συγκαταϐαίνων
3065 3829 3130 3897 τῇ
3169 3825 3412 3897 ἡμετέρᾳ
3447 3825 3706 3897 ἀσθενείᾳ

2120 3918 2208 3973 διὰ
2233 3918 2340 3972 τῶν
2375 3917 2744 3972 θεοπνεύστων
2792 3917 3024 3990 Γραφῶν
3055 3921 3083 3970 6
3104 3919 3256 3985 Θεὸς,
3284 3919 3706 3989 ἀνθρωπινώτε-

2126 4028 2217 4082 ρον
2231 4010 2409 4081 ὁμιλεί
2427 4009 2684 4074 πολλάκις
2711 4011 2847 4081 πρὸς
2862 4011 3032 4081 ἡμᾶς,
3054 4011 3190 4082 πρὸς
3205 4011 3264 4063 τὸ
3279 4010 3538 4064 δύνασθαι
3556 4013 3706 4063 νοεῖν

2120 4101 2222 4172 τὴν
2245 4101 2589 4172 ἀνθρωπίνην
2622 4102 2781 4170 φύσιν
2809 4104 2873 4154 ὲκ
2895 4102 3004 4155 τῶν
3049 4101 3447 4173 παραπλησίως
3472 4103 3704 4173 εἰρημέ-

2121 4213 2247 4262 νων,
2287 4197 2345 4248 ὲν
2370 4191 2450 4258 οἷς
2472 4197 2630 4266 ἡμεῖς
2650 4193 2944 4266 ὲνεχὸμεθα
2964 4194 3058 4248 καὶ
3086 4194 3241 4264 ἴσμεν
3259 4234 3274 4260 ,
3304 4193 3372 4247 τὰ
3401 4194 3706 4263 ἐπουράνια

2124 4286 2241 4339 θεῖα
2278 4289 2572 4359 μυστήρια.
2600 4288 2719 4354 Ἀρ.
2755 4283 2909 4338 εἶπεν
2927 4303 2942 4316 ι
2971 4283 3156 4348 Οῦτως
3181 4284 3314 4356 ἔχει.
3358 4285 3480 4338 Ἀθ.
3509 4280 3698 4346 εἶπεν

438 4382 599 4429 utero
635 4382 760 4429 ante
790 4373 1076 4429 luciferum
1112 4376 1272 4444 genui
1308 4382 1360 4428 te
1381 4374 1448 4439 ⁵⁵,
1489 4393 1506 4424 ι
1541 4372 1663 4426 Filii
1697 4389 1761 4427 ex
1793 4382 2017 4439 paterna

2128 4377 2332 4430 Οὐκοῦν
2373 4379 2405 4429 '6
2458 4376 2609 4438 Θεὸς,
2635 4373 2810 4443 λέγων
2856 4375 2991 4446 πρὸς
3030 4373 3119 4426 τὸν
3147 4373 3275 4426 ἴδιον
3310 4371 3437 4424 Υίὸν
3469 4371 3556 4424 διὰ
3601 4369 3705 4424 τοῦ

441 4467 751 4521 substantia
782 4468 1184 4536 generationem
1215 4467 1506 4538 significat.
1544 4469 1639 4520 Ar.
1673 4467 1814 4520 Num
1853 4466 2019 4536 igitur

2128 4468 2422 4539 προφήτου·
2449 4485 2465 4516 ε
2500 4466 2594 4518 Ἐκ
2615 4465 2849 4536 γαστρὸς
2871 4464 2977 4535 πρὸ
2999 4464 3272 4533 ὲωσφόρου
3297 4462 3562 4533 έγέννησά
3577 4479 3662 4522 σε,
3677 4481 3699 4513 ι

440 4559 659 4606 uterum
708 4553 872 4608 habet
916 4553 1093 4609 Deus?
1127 4554 1250 4608 Ath.
1281 4554 1400 4608 Jam
1438 4555 1594 4624 172
1637 4563 1689 4610 te
1717 4557 2016 4626 praemonui

2129 4559 2381 4628 σημαίνει
2425 4556 2523 4626 τὴν
2553 4559 2615 4609 ἐκ
2655 4557 2757 4626 τῆς
2789 4555 3061 4626 πατρικῆς
3104 4553 3290 4616 οὐσίας
3320 4553 3579 4622 γέννησιν
3601 4555 3704 4607 τοῦ

439 4658 584 4713 saepe
612 4643 684 4698 ob
713 4652 955 4699 nostram
981 4645 1408 4700 imbecillitatem
1435 4646 1602 4700 Deum
1630 4646 1836 4701 homini
1867 4647 2018 4702 simi-

440 4741 546 4790 lem
578 4749 610 4789 a
658 4736 862 4792 divinis
909 4736 1207 4807 Scripturis
1258 4739 1440 4793 induci
1474 4755 1487 4790 :
1521 4754 1629 4792 non
1679 4738 1825 4808 quod
1872 4737 2014 4794 Deus

438 4829 565 4883 talis
595 4827 688 4889 sit,
722 4829 818 4884 sed
853 4836 913 4883 ut
959 4845 1063 4884 nos
1103 4831 1483 4901 corporalibus
1525 4832 1788 4901 exemplis
1829 4831 2014 4886 divina

437 4921 526 4992 pie
552 4921 941 4993 intelligamus.
994 4922 1211 4976 Nullam
1263 4923 1432 4993 igitur
1473 4925 1634 4978 aliam
1685 4925 1756 4978 ob
1787 4939 2010 4979 causam

437 5021 653 5068 uterum
693 5015 949 5084 appellat,
1008 5029 1171 5084 quam
1200 5022 1260 5070 ut
1305 5015 1545 5072 declaret
1599 5016 1776 5086 ipsum
1810 5015 2009 5069 Filium

437 5121 500 5160 ex
531 5105 708 5162 Patris
765 5107 1072 5162 substantia
1120 5123 1244 5162 esse
1288 5110 1553 5178 genitum.
1591 5109 1869 5180 Alioquin,
1901 5111 2008 5165 nisi

439 5211 526 5252 res
560 5198 632 5252 ita
663 5215 723 5255 se
744 5200 961 5266 habeat,
996 5201 1085 5255 dic
1115 5201 1228 5271 ipse
1258 5203 1533 5272 quomodo
1559 5204 1720 5258 verba
1743 5203 1832 5258 illa
1855 5205 2008 5258 intel-

513 5401 558 5432 ⁵⁵
595 5401 784 5457 Matth.
819 5419 944 5471 χχι,
977 5404 1167 5461 28-31.
1244 5407 1288 5439 "
1328 5407 1473 5464 Psal.
1506 5425 1622 5474 cxx,
1658 5411 1708 5464 5.

508 5559 622 5628 (55)
661 5561 844 5632 Aug.6
868 5563 924 5616 δὲ
952 5565 1164 5635 μικρός.
1200 5565 1330 5638 Reg.
1359 5569 1387 5621 6
1411 5568 1466 5621 δὲ
1503 5568 1700 5638 μικρῷ.

511 5652 634 5731 (56),
668 5654 862 5731 Αμεορ
895 5659 1022 5731 περί
1048 5659 1145 5728 τὴν
1174 5661 1363 5731 ἀρχήν.
1411 5661 1552 5716 Editi
1585 5677 1709 5716 vero
1735 5669 1780 5717 cl
1805 5662 2004 5724 cmteri,

435 5725 462 5774 6
499 5724 648 5786 παρὰ
677 5724 770 5792 τὴν
800 5724 990 5795 ἀρχήν.

510 5813 621 5884 (57)
662 5815 862 5886 Anglic.
891 5819 1081 5890 ἐφάνη.

2124 4648 2404 4716 Υίοῦ.’Άρ.
2441 4643 2560 4700 εἰπε
2581 4665 2594 4677 ·
2626 4647 2875 4719 Γαστέρα
2904 4643 2995 4700 οὖν
3011 4645 3120 4716 ἔχει
3145 4647 3173 4697 6
3195 4643 3328 4709 Θεός
3349 4661 3362 4710 ;
3391 4645 3512 4699 Ἀθ.
3536 4642 3664 4699 εἷπε
3687 4664 3702 4677 ’

2125 4741 2418 4812 Προλαϐὼν
2448 4736 2600 4792 εἷπον
2634 4741 2770 4809 πρὸς
2794 4741 2875 4801 σὲ,
2906 4741 2987 4792 ὅτι
3008 4739 3096 4792 διά
3118 4739 3215 4808 τὴν
3238 4738 3511 4809 ἡμετέραν
3535 4739 3706 4792 ἀσθέ-

2117 4851 2265 4888 νειαν
2298 4833 2557 4895 πολλάκις
2595 4832 2689 4886 καί
2720 4831 3186 4902 ἀνθρωπόσχημον
3213 4831 3274 4883 τὸ
3295 4831 3446 4883 Θεῖον
3469 4832 3524 4883 αἰ
3555 4831 3704 4884 θεῖαι

2119 4929 2334 5000 Γραφαὶ
2357 4926 2814 4995 καταγγέλλουσιν
2833 4942 2845 4954 ·
2863 4925 2960 4994 οὐχ
2976 4924 3056 4976 ὅτι
3075 4923 3244 4986 ὁΘεὸς
3259 4923 3495 4988 τοιοῦτός
3521 4925 3701 4988 ἐστιν,

2118 5020 2233 5072 ἀλλ’
2268 5020 2355 5073 ἵνα
2375 5022 2534 5090 ἡμεῖς
2559 5022 2622 5071 ὲκ
2649 5017 2757 5070 τῶν
2783 5017 3107 5086 σωματικῶν
3139 5016 3598 5087 παραδειγμάτων
3627 5018 3702 5069 τὰ

2117 5112 2234 5164 θεῖα
2291 5113 2526 5174 εὐσεϐῶς
2565 5113 2790 5182 νοῶμεν,
2840 5112 2916 5163 Δι’
2940 5111 3088 5163 οὐδὲν
3114 5105 3206 5162 οὖν
3233 5109 3414 5179 ἕτερον
3448 5110 3700 5180 γαστέρα

2115 5205 2392 5274 ὀνομάζει,
2421 5204 2452 5274 ἢ
2487 5205 2573 5257 ἵνα
2598 5205 2920 5275 παραστήσῃ
2952 5203 3110 5256 αὐτὸν
3131 5203 3219 5255 τὸν
3254 5202 3378 5255 Υἱὸν
3394 5203 3457 5254 ἐκ
3485 5202 3583 5271 τῆς
3597 5203 3696 5254 τοῦ

2189 5568 2296 5636 (58)
2338 5566 2538 5638 Regius
2565 5573 2618 5620 et
2644 5565 2808 5619 Basil.
2836 5562 3326 5616 ἁκατασκεύαστον.

2191 5661 2300 5730 (59)
2362 5661 2450 5715 Sic.
2496 5657 3126 5730 omncs_man_uscripti_,
3177 5664 3403 5730 excepto
3452 5651 3693 5721 August.

2119 5725 2293 5853 (ιιιὲἓπ
2327 5733 2499 5788 secuti
2529 5738 2654 5788 sunt
2700 5728 3033 5784 Parisienses
3061 5765 3073 5788 ,
3105 5725 3371 5791 habetque
3425 5737 3515 5790 μοι
3566 5733 3697 5795 post

2118 5818 2194 5855 απ
2255 5819 2331 5855 ος.
