3860 6200
160 268 274 327 m
1298 277 1715 357 msrurmo
1746 284 1757 333 ‹

1865 279 2027 336 ΙΤΒΑ
2063 279 2305 339 sutum.
3325 283 3444 342 478

125 473 135 479 ᾗ
163 397 398 469 Πατρὸς-
415 396 611 460 οὐσίας
632 395 1011 468 γεγεννῆσθαι.
1063 397 1214 451 Ἐπεὶ
1255 399 1307 452 εὶ
1340 399 1416 471 μὴ
1438 398 1596 454 τοῦτὸ
1617 402 1755 467 ἐστι,

1865 401 2020 473 ligas.
2069 401 2169 458 Ar.
2201 401 2493 474 Scriptura
2518 418 2587 459 ex
2616 415 2854 475 persona
2886 398 3071 457 Patris
3103 401 3200 467 ait,
3235 421 3254 456 ι
3291 403 3436 458 Ετιισ

162 488 296 558 λέγε
324 490 414 554 σὺ,
444 488 561 552 sub;
589 488 794 558 ὀφείλει
822 488 1080 560 νοηθῆναι
1106 489 1166 543 τὸ
1186 489 1369 562 ῥητόν.
1408 491 1537 559 Ἀρ.
1570 488 1755 546 εἶπεν⁵

1865 496 2028 551 ctavit
2057 510 2154 551 cor
2181 511 2363 553 meum
2391 496 2634 554 Verbum
2663 499 2870 554 bonum
2891 497 2959 551 ".
2987 517 3006 549 ι
3044 497 3305 570 Nunquid
3333 501 3439 571 igie

132 567 148 699 ᾖ
176 582 243 634 Ἡ
279 579 476 652 Γραφὴ
502 579 653 648 λέγει
694 579 759 632 ὲκ
786 579 1079 651 προσώπου
1120 579 1215 634 τοῦ
1248 581 1494 653 Πατρός
1528 600 1548 633 ι
1601 582 1758 653 Ἐξηι-

172 674 402 699 ---τε....-
454 674 487 699 .1.
535 672 729 699 u_-§l..
786 689 887 699 ..-η
944 673 1105 699 Διημ.
1151 673 1348 699 2.-.-01.-
1407 693 1423 699 -
1463 669 1608 699 τι-..
1644 672 1734 699 ,ἷῗη

166 674 406 747 ρεύξατο
454 674 487 744 ἠ
535 672 732 744 καρδία
785 689 889 743 μου
933 673 1105 740 Λόγον
1147 673 1368 741 ἀγαθόν.
1407 693 1427 726 ι
1463 669 1610 746 *Λρα
1641 672 1756 739 οὖν,

161 766 348 835 Δὸγον
395 762 730 835 ὲξηρεύξατό
784 780 914 834 φησι
946 762 1036 816 τὸν
1069 764 1199 817 Υίόν
1229 762 1375 835 (60);
1410 766 1531 820 Ἀθ.
1564 761 1716 819 εἶπεν
1739 782 1755 795 ·

124 846 131 871 ³
174 856 246 910 Ἡ
278 856 476 928 Γραφὴ
536 853 721 917 καλῶς
771 852 876 923 ἔφη
904 853 1004 907 σὺν
1058 856 1173 917 τοῖς
1220 853 1403 918 ἄλλοις
1432 854 1603 909 άπασι
1664 856 1759 909 καὶ

162 945 363 999 τοῦτο’
415 945 481 999 σὺ
531 945 608 1010 δὲ,
656 943 836 998 λαϐὼν
874 944 939 996 τὸ
968 944 1153 1015 ῥητὸν,
1187 944 1508 1017 διέστρεψας
1550 947 1756 1011 κακῶς.

168 1041 304 1108 Ἀρ.
341 1035 461 1093 εἷπε
485 1055 501 1068 ·
534 1038 746 1110 Φράσον
777 1039 909 1110 ἡμῖν
934 1039 998 1092 σὺ
1013 1039 1112 1109 τὴν
1142 1039 1401 1110 ἀλήθειαν
1431 1039 1526 1094 τοῦ
1555 1039 1719 1113 ῥητοῦ
1741 1058 1754 1071 ·

160 1128 366 1200 ἐπειδὴ
397 1128 510 1197 ἐγὼ
541 1128 675 1183 αὐτὸ
697 1127 987 1200 διέστρεψα
1017 1128 1157 1183 κατὰ
1183 1130 1266 1183 σέ.

238 1226 334 1280 50.
357 1227 469 1279 Ἀθ.
500 1221 651 1278 εἶπεν
669 1241 684 1255 ο
721 1224 780 1279 Ὁ
800 1217 933 1288 Θεὸς
960 1223 1179 1295 πνεῦμά
1214 1225 1358 1278 ἐστιν
1386 1222 1595 1287 ἀπαθὲς
1621 1221 1756 1295 (61),

162 1317 264 1369 ναὶ
296 1316 333 1386 ἢ
359 1315 601 1384 οῦ;¹Ἀρ.
648 1312 771 1369 εἷπε
795 1333 811 1346 ·
864 1317 993 1381 Ναὶ,
1023 1314 1196 1379 οὕτως
1245 1314 1379 1385 ἔχει.
1414 1316 1537 1369 Ἀθ.
1570 1310 1755 1369 εἶπεν·

166 1407 347 1461 Ὅταν
396 1403 489 1461 οὖν
522 1409 705 1480 φάσκῃ
740 1408 778 1479 ἡ
804 1408 995 1479 Γραφὴ
1044 1409 1109 1460 ὲκ
1134 1407 1372 1477 γαστρὸς
1402 1404 1760 1477 γεγεννῆσθαι

164 1501 263 1554 τὸν
291 1501 447 1566 Υίὸν,
468 1501 568 1573 τὴν
601 1503 667 1554 ἐκ
691 1501 790 1572 τῆς
822 1500 1011 1571 θεῖκῆς
1050 1500 1401 1563 ὑποστάσεως
1429 1499 1759 1571 γνησιότητα

164 1590 265 1646 τοῦ
299 1590 435 1645 Υίοῦ
476 1592 750 1663 σημαίνει.
786 1592 904 1645 Ἵνα
933 1588 1027 1646 οὖν
1089 1591 1163 1662 μὴ
1218 1591 1291 1644 τὸ
1311 1590 1419 1647 τῶν
1452 1588 1758 1663 ἀνθρώπων

164 1681 350 1751 γένος,
376 1680 602 1746 ἀσθενὲς
633 1681 879 1753 ὑπάρχον
899 1723 915 1749 ,
971 1680 1317 1751 ἀνθρωπίνην
1361 1678 1461 1750 τὴν
1501 1680 1756 1750 γέννησιν

165 1742 267 1826 ⁴τοῦ
307 1742 597 1845 ’Χριστοῦ
622 1742 966 1839 ὑπολάδοιεν,
1012 1742 1133 1825 εἶπε
1158 1772 1241 1837 τὸ,
1336 1742 1692 1843 Ἐέηρεύξατο
1718 1774 1752 1843 ἡ
1786 1742 1831 1803 Β

166 1864 375 1937 καρδία
404 1882 507 1935 μου
540 1865 714 1934 Λόγον
734 1864 958 1934 ἀγαθόν.
992 1883 1012 1916 ι
1044 1866 1109 1918 Εἰ
1152 1864 1210 1918 δὲ
1247 1863 1410 1918 πάλιν
1460 1867 1757 1937 ἐπιχειρεῖν

166 1953 438 2024 τολμήσει
486 1970 571 2017 τις
626 1953 961 2026 προφορικὸν
986 1953 1161 2022 Λόγον
1212 1952 1444 2022 φάσκειν
1494 1954 1584 2008 τὸν
1606 1956 1755 2022 Υίὸν,

169 2044 543 2116 μνημονεύσει
572 2044 693 2109 τὸ,ι
731 2047 824 2099 Ἐκ
852 2047 1106 2117 γαστρὸς,
1146 2066 1165 2100 ι
1204 2049 1298 2101 καὶ
1341 2049 1608 2100 παύσεται
1644 2046 1756 2117 (62)

165 2136 270 2207 τῆς
325 2139 571 2208 πονηρᾶς
624 2138 851 2201 ἑννοίας.
901 2139 1246 2211 Περιέγραψε
1285 2138 1395 2210 γὰρ
1427 2139 1605 2193 πάντα
1634 2137 1759 2192 νοῦν
1785 2154 1804 2171 ο

167 2229 513 2300 ἀνθρώπινον
570 2233 606 2302 η
653 2229 863 2302 Γραφὴ,
922 2232 1060 2302 πρὸς
1086 2231 1147 2284 τὸ
1185 2233 1258 2303 μὴ
1291 2231 1436 2302 ἔχειν
1479 2232 1760 2303 αἱρετικὴν

168 2321 372 2391 μανίαν
404 2319 552 2374 κατὰ
580 2320 681 2390 τῆς
709 2321 881 2375 ἀϊδίου
916 2322 1011 2375 καὶ
1035 2322 1425 2393 άκαταλήπτου
1455 2323 1759 2394 γεννήσεως

164 2412 262 2465 τοῦ
294 2412 432 2466 Υίοῦ
490 2411 588 2467 τοῦ
638 2411 795 2466 Θεοῦ.
849 2415 915 2467 El
966 2412 1077 2485 γὰρ
1119 2414 1185 2466 ὲκ
1210 2415 1449 2487 γαστρὸς
1478 2414 1757 2485 τυγχάνει,

164 2504 287 2567 πῶς
321 2505 390 2557 ix
424 2504 651 2576 καρδίας
678 2505 979 2577 προῆλθεν;
1014 2506 1077 2559 Ei
1117 2506 1175 2559 δὲ
1199 2506 1307 2559 άπὸ
1340 2506 1568 2577 καρδίας
1619 2506 1756 2571 ἐστὶ,

166 2594 287 2658 πῶς
312 2597 381 2648 ἐκ
402 2596 640 2669 γαστρὸς
670 2597 923 2667 τυγχάνει
951 2613 966 2662 ;
999 2598 1128 2665 Ἀρ.
1164 2593 1285 2651 εἷπε
1304 2614 1318 2628 ο
1345 2598 1410 2650 Τί
1432 2594 1525 2653 οὖν
1552 2598 1762 2667 ὀφείλο-

168 2702 273 2754 μεν
297 2685 485 2755 λέγειν
508 2687 604 2740 καὶ
631 2691 770 2740 νοεῖν
793 2703 808 2753 ;
844 2688 965 2743 Ἀθ.
993 2684 1147 2742 εἶπεν
1165 2706 1179 2718 °
1213 2689 1377 2743 Οὐδὲν
1396 2689 1583 2761 ἕτερον
1614 2689 1648 2760 ἢ
1670 2689 1762 2743 τὸν

166 2774 300 2829 Υἰὸν
338 2778 406 2829 ὲκ
426 2776 528 2846 τῆς
555 2776 743 2840 οὐσίας
770 2777 864 2831 τοῦ
887 2777 1023 2830 Θεοῦ
1058 2778 1153 2832 καὶ
1185 2779 1400 2851 Πατρὸς
1431 2779 1761 2851 γεννηθέντα

166 2869 233 2922 ἐκ
272 2867 388 2922 τῶν
435 2869 695 2923 τοιούτων
737 2870 1195 2941 παραδειγμάτων
1224 2870 1588 2942 μανθάνομεν.
1626 2874 1754 2941 Ἀρ.

164 2956 353 3014 εἷπε-ν’
411 2961 479 3014 Εἰ
531 2962 813 3032 ὁμοούσιος
843 2958 912 3036 ἦν
936 2963 964 3015 6
997 2962 1125 3025 Υἱὸς
1158 2962 1235 3033 τῷ
1265 2963 1461 3035 Πατρὶ,
1507 2963 1624 3027 πῶς
1660 2965 1761 3017 οὐκ

164 3045 326 3106 εἶπεν
372 3048 572 3123 παρὼν
600 3053 712 3114 τοῖς
767 3050 1036 3123 μαθηταῖς
1076 3050 1279 3117 αὐτοῦ;
1312 3054 1431 3107 Ἀθ.
1464 3047 1587 3106 εἶπε
1606 3070 1620 3083 ⁸
1646 3050 1758 3106 Ποῦ
1786 3089 1829 3148 c

164 3142 320 3197 ἐστιν
347 3143 489 3196 ὅπου
514 3143 617 3212 οὐχ
638 3143 987 3215 ὡμολόγησεν
1019 3145 1209 3199 ἑαυτὸν
1227 3145 1512 3215 ὁμοούσιον
1537 3143 1614 3215 τῷ
1644 3145 1758 3198 Πα-

166 3236 258 3305 τρὶ
278 3236 311 3288 6
338 3233 503 3301 Υἱός;
527 3235 647 3303 Ἀρ.
689 3230 841 3287 εἶπεν
866 3251 879 3265 ·
902 3235 965 3288 Et
998 3234 1223 3289 δύνασαι
1247 3232 1405 3287 τοῦτο
1423 3234 1593 3300 δεῖξαι
1614 3252 1629 3301 ;
1663 3236 1759 3288 Ἓν

164 3326 280 3380 τῶν
309 3325 639 3398 ἀμηχάνων.
678 3326 790 3380 Ἀθ.
829 3321 982 3379 εἶπεν
1002 3340 1016 3350 ·
1038 3326 1151 3379 Οὐκ
1182 3324 1240 3393 ἐξ
1283 3325 1505 3398 ἀπόρων
1532 3325 1762 3398 πορίσα-

171 3417 299 3471 σθαι
327 3414 740 3487 ἐπιχειροῦμεν,
769 3415 884 3475 άλλ’
917 3418 983 3469 ὲκ
1003 3415 1110 3469 τῶν
1133 3415 1386 3488 ὲναργῶν
1416 3416 1759 3488 πραγμάτων

167 3525 273 3581 την
301 3506 570 3578 ἀλήθειαν
619 3506 782 3572 δεῖξαι
817 3506 1062 3577 θέλομεν.
1112 3506 1395 3579 Μέμνησο,
1459 3508 1540 3561 δτι
1599 3507 1756 3578 ἔφης,

164 3601 200 3653 6
220 3603 343 3654 ἐστι
373 3599 531 3663 Θεὸς,
559 3598 720 3654 τοῦτο
744 3598 902 3653 οὐσία
934 3597 1212 3669 τυγχάνει,
1242 3598 1522 3654 τουτέστιν
1548 3601 1578 3652 6
1596 3599 1747 3660 Υἱός.

166 3693 281 3747 Ναὶ
325 3690 364 3763 ἢ
400 3690 493 3758 οῦ;
520 3693 652 3761 Ἀρ.
682 3687 802 3747 εἷπε
821 3708 837 3724 ο
869 3690 1152 3762 Μηδαμῶς
1174 3689 1307 3761 (65).
1332 3690 1453 3745 Ἀθ.
1474 3690 1598 3761 ἔφη·
1635 3689 1760 3753 Πῶς

167 3780 265 3837 οὖν
298 3784 329 3836 6
349 3781 561 3853 Κύριος
600 3781 705 3852 ἔφη
725 3797 739 3811 ’
779 3798 799 3831 ι
847 3780 988 3849 Ἐγὼ
1014 3781 1108 3835 καὶ
1137 3780 1165 3832 6
1193 3781 1384 3853 Πατὴρ
1416 3780 1474 3835 έν
1500 3782 1700 3852 ὲσμενς
1734 3799 1753 3832 ι

172 3873 236 3925 Εἰ
274 3872 354 3943 μὴ
390 3875 422 3925 6
461 3872 626 3935 αὐτός
672 3875 787 3925 ἐστι
812 3874 879 3943 τῇ
918 3871 1131 3941 θεότητι
1170 3874 1236 3942 τῇ
1266 3875 1506 3943 πατρικῇ
1546 3874 1575 3926 6
1607 3871 1756 3937 Υἱὸς,

174 3965 292 4029 πῶς
342 3965 567 4035 φάσκει,
612 3961 809 4032 ι·Ἐγὼ
832 3964 926 4016 καὶ
971 3964 999 4015 6
1028 3962 1216 4036 Πατὴρ
1241 3962 1298 4015 ἓν
1315 3964 1518 4033 eaut-2v;
1556 3982 1575 4015 ι
1610 3960 1760 4033 Ἀρα

167 4056 368 4127 ψευδὲς
388 4051 544 4110 εἶπεν
567 4055 603 4123 ἢ
632 4053 860 4124 άληθές;
882 4053 975 4127 Μὴ
998 4054 1234 4121 γένοιτοί
1253 4054 1315 4107 Ἠ
1327 4053 1552 4126 ἀλήθεια
1574 4054 1674 4107 οὐκ
1693 4055 1759 4109 ἂν

174 4148 373 4217 ψεῦδός
405 4162 539 4201 ποτε
561 4144 803 4215 ἐγένετο.
829 4145 993 4201 Ἀλλά
1009 4144 1102 4200 καὶ
1130 4145 1212 4208 τὸ,
1231 4163 1250 4196 ι
1273 4145 1330 4198 ’0
1361 4143 1621 4217 ἑωρακὼς
1656 4145 1758 4217 ἐμὲ

172 4237 394 4308 ἑώρακε
442 4237 536 4290 τὸν
579 4237 819 4309 Πατέρα,
857 4257 876 4290 ι
908 4238 1060 4293 οὐδὲν
1092 4238 1278 4309 ἕτερον
1314 4235 1425 4308 (64)
1457 4235 1757 4308 παριστᾷῆ

169 4331 269 4403 τὴν
300 4331 467 4399 ἁγίαν
503 4328 750 4399 θεότητα.
792 4331 857 4387 Εἰ
889 4328 998 4401 γὰρ
1024 4328 1181 4392 ἄλλος
1214 4327 1470 4398 τυγχάνει
1503 4331 1570 4401 τῇ
1603 4327 1760 4397 οὐσίᾳ

1858 596 1951 644 tur
1977 588 2219 645 Verbum
2247 591 2394 662 quod
2423 593 2718 656 eructavit,
2754 590 2929 648 Filius
2957 592 3081 647 est?
3111 591 3238 647 Αιιι.
3270 589 3439 648 Recte

1859 678 1912 732 id
1938 677 2227 750 Scriptura
2256 680 2394 740 dixit
2425 690 2484 736 ut
2506 686 2560 735 et
2591 681 2697 739 alia
2741 681 2926 735 omnia
2956 697 2970 730 ε
3003 687 3064 734 ιιι
3097 695 3225 735 vero
3254 682 3448 735 locum.

1860 768 2014 823 illum
2055 785 2224 840 prave
2250 769 2551 827 detorsisti.
2575 771 2672 825 Ar.
2709 769 2848 826 Tute
2872 785 3003 841 ergo
3030 771 3194 826 nobis
3225 786 3445 842 expone.

1859 856 2028 927 hujus
2067 860 2351 915 sententia
2372 860 2695 927 veritatem;
2722 859 3193 932 quandoquidem,
3227 868 3289 914 ut
3338 860 3453 915 tibi.

1860 948 2094 1016 videtur,
2124 950 2272 1007 illam
2305 966 2405 1022 ego
2432 950 2776 1008 detorserim.

1929 1210 2185 1267 30.1116.
2237 1209 2391 1267 Deus
2425 1218 2582 1269 estne
2634 1212 2865 1284 Spiritus
2927 1213 3309 1285 impassibilis,
3365 1230 3453 1271 an.

1857 1304 2004 1360 non?
2032 1304 2129 1360 Ar.
2177 1303 2279 1359 Ita.
2313 1302 2439 1360 Ath.
2489 1303 2658 1377 Igitur
2682 1320 2808 1361 cum
2856 1305 3141 1378 Scriptura
3176 1308 3445 1380 praedicat

1857 1395 2056 1451 Filium
2092 1411 2160 1451 ex
2202 1402 2361 1451 utero
2393 1411 2517 1454 esse
2545 1397 2813 1467 genitum,
2849 1396 3050 1452 Filium
3086 1415 3216 1455 vere
3244 1416 3313 1456 ex
3351 1401 3447 1456 di-

1856 1489 1986 1544 vina
2023 1487 2311 1560 hypostasi
2357 1488 2473 1546 sive
2523 1490 2831 1545 substantia
2865 1507 2990 1547 esse
3026 1492 3319 1564 signiﬁcat.
3359 1494 3455 1550 Ner

1857 1596 1989 1653 ergo
2020 1580 2295 1636 inﬁrmum
2327 1581 2610 1637 hominum
2647 1599 2821 1654 genus
2846 1584 3143 1640 humanam
3167 1601 3291 1642 esse
3318 1601 3441 1642 cre~

1859 1670 2013 1727 deret
2052 1671 2258 1728 Christi
2304 1674 2735 1744 generationem,
2786 1676 2885 1740 ait,
2926 1694 2945 1726 ί
2997 1675 3286 1732 Eructavit
3341 1692 3440 1732 cor

1858 1777 2039 1817 meum
2072 1761 2313 1818 Verbum
2343 1764 2571 1820 bonum.
2595 1751 2634 1817 ἰ
2673 1765 2831 1835 Quod
2866 1768 2913 1823 si
2949 1769 3076 1838 quis
3118 1784 3313 1823 rursus
3344 1785 3440 1823 ur—

1858 1869 1987 1924 gere
2027 1854 2159 1910 velit
2207 1863 2262 1911 et
2294 1855 2477 1912 dicere
2519 1855 2721 1912 Filium
2751 1856 2992 1914 Verbum
3039 1876 3163 1917 esse
3212 1860 3441 1931 prolati-

1858 1946 2018 2012 tium,
2054 1947 2241 2002 statim
2280 1947 2580 2003 afferentur
2633 1951 2802 2008 verba
2857 1950 2973 2019 illa,
3017 1970 3035 2003 ι
3082 1952 3164 2007 Ex
3207 1959 3386 2022 utero,
3416 1971 3435 2005 ι

1860 2044 2026 2107 atque
2074 2039 2148 2092 ita
2193 2040 2548 2110 conquiescet
2587 2057 2846 2112 perversa
2887 2043 3167 2115 cogitatio.
3209 2043 3441 2101 Omnem

1860 2127 2131 2200 siquidem
2200 2129 2498 2184 humanam
2561 2139 2800 2188 mentem
2856 2133 3235 2191 circumclusit
3300 2132 3447 2188 Scri-

1860 2228 2050 2292 ptura,
2086 2228 2147 2275 ut
2180 2236 2343 2277 nemo
2371 2222 2628 2278 haeretica
2676 2223 2894 2279 insania
2922 2226 3223 2296 agitaretur
3250 2233 3443 2281 contra

1860 2320 2122 2371 aeternam
2152 2322 2206 2369 et
2236 2314 2848 2385 incomprehensibilem
2886 2315 3009 2371 Filii
3042 2333 3109 2372 ex
3136 2316 3249 2373 Deo
3278 2334 3445 2390 gene-

1860 2406 2151 2461 rationem.
2182 2405 2321 2461 Nam
2353 2406 2400 2461 si
2434 2414 2521 2462 est
2567 2423 2635 2462 ex
2666 2416 2845 2475 utero,
2879 2408 3155 2479 quomodo
3180 2424 3249 2465 ex
3277 2408 3446 2464 corde

1867 2500 2174 2570 processit?
2206 2500 2265 2555 Si
2313 2515 2445 2555 vero
2489 2501 2563 2555 sit
2596 2517 2663 2556 ex
2704 2502 2894 2569 corde,
2936 2503 3217 2574 quomodo
3262 2511 3348 2561 est
3377 2520 3445 2559 ex

1862 2590 2057 2644 utero?
2087 2591 2182 2644 Ar.
2229 2589 2371 2657 Quid
2402 2591 2607 2661 itaque.
2634 2593 2925 2648 dicendum
2959 2600 3045 2650 est
3085 2601 3140 2648 et
3196 2594 3445 2664 cogitan-

1862 2681 2028 2736 dum?
2071 2680 2199 2736 ΑιΙι.
2232 2680 2379 2736 Nihil
2410 2682 2558 2738 aliud
2589 2699 2655 2739 ex
2690 2684 3004 2754 hujusmodi
3034 2684 3300 2754 exemplis
3334 2683 3448 2738 dis-

1862 2771 2040 2826 cimus
2065 2786 2228 2840 quam
2257 2769 2457 2825 Filium
2481 2787 2548 2826 ex
2579 2771 2885 2828 substantia
2927 2771 3018 2827 Dei
3047 2780 3101 2828 et
3120 2769 3302 2828 Patris
3322 2788 3446 2829 esse

1865 2868 2130 2938 genitum.
2158 2868 2254 2920 Ar.
2289 2866 2346 2922 Si
2375 2866 2551 2922 Filius
2578 2866 2728 2920 Patri
2752 2873 2900 2921 esset
2929 2866 3442 2931 consubstantialis,

1863 2972 1963 3013 cur
1988 2957 2042 3013 id
2071 2972 2316 3029 praesens
2338 2973 2451 3013 non
2480 2957 2621 3013 dixit
2649 2956 2939 3029 discipulis
2969 2957 3123 3015 suis?
3148 2956 3272 3011 ΑιΙι.
3304 2957 3442 3013 Ubi-

1861 3063 2010 3115 nam,
2046 3063 2203 3119 rogo,
2234 3047 2411 3104 Filius
2454 3063 2566 3102 non
2597 3046 2890 3103 confessus
2919 3055 3004 3104 est
3040 3063 3100 3105 se
3135 3046 3286 3102 Patri
3319 3063 3444 3104 esse

1862 3139 2438 3195 consubstantialem?
2485 3139 2585 3194 Ar.
2627 3138 2864 3195 Potesne
2929 3140 3067 3197 illud
3113 3140 3445 3195 ostendere?

1864 3229 2043 3287 Unum
2092 3245 2226 3286 sane
2277 3231 2334 3286 id
2378 3246 2569 3286 eorum
2615 3231 2721 3287 erit
2769 3245 2891 3301 quae
2922 3230 3037 3285 ﬁeri
3069 3246 3179 3285 non
3210 3238 3440 3302 queunt.

1860 3320 1985 3374 Atla.
2011 3320 2157 3375 Nihil
2197 3337 2263 3377 ex
2295 3321 2477 3376 dubiis
2510 3322 2769 3391 colligere
2796 3337 3083 3389 conamur,
3113 3322 3208 3378 sed
3249 3337 3318 3379 ex
3355 3339 3445 3379 re-

1861 3411 1965 3467 bus
2000 3412 2346 3469 evidentibus
2368 3414 2657 3472 veritatem
2701 3414 2956 3471 volumus
2984 3416 3294 3472 ostendere.
3331 3413 3443 3471 Re-

1861 3506 2093 3560 cordare
2116 3513 2170 3560 te
2191 3505 2398 3562 dixisse
2431 3507 2575 3576 quod
2599 3504 2744 3562 Deus
2764 3512 2873 3571 est,
2907 3506 3012 3561 hoc
3039 3490 3161 3576 eius
3184 3506 3443 3562 substan-

1859 3597 1991 3652 tiam
2029 3612 2176 3662 esse,
2222 3597 2278 3652 id
2312 3604 2419 3662 est,
2447 3596 2672 3651 Filium.
2718 3594 2869 3655 Itane
2901 3605 3007 3665 est,
3054 3613 3124 3657 an
3160 3598 3304 3653 non?
3341 3599 3441 3653 Ar.

1860 3687 2239 3759 Nequaquam.
2286 3687 2412 3742 Ath.
2449 3689 2561 3743 Cur
2603 3689 2771 3759 igitur
2794 3688 2872 3742 ait
2923 3687 3190 3746 Dominus
3227 3707 3241 3745 :
3279 3707 3299 3739 ι
3329 3687 3443 3761 Ego

1860 3789 1915 3836 et
1934 3778 2097 3836 Pater
2121 3795 2291 3835 unum
2323 3795 2516 3836 sumus
2543 3781 2616 3835 l"’1’
2651 3800 2669 3833 ι
2696 3779 2833 3835 Nam
2850 3779 2962 3836 nisi
2992 3779 3167 3837 Filius
3196 3781 3444 3852 idemisit

1861 3870 2007 3941 quod
2050 3878 2279 3941 paterna
2310 3871 2591 3936 divinitas,
2623 3873 2718 3944 qui
2762 3875 2938 3947 possit
2968 3873 3174 3939 dicere,
3201 3890 3221 3925 ι
3252 3872 3364 3945 Ego
3387 3882 3443 3930 et

1859 3961 2023 4017 Pater
2049 3976 2219 4016 unum
2253 3962 2480 4018 sumus?
2519 3982 2538 4015 ι
2577 3960 2719 4033 Quid
2750 3964 2918 4037 igitur
2950 3962 3160 4020 falsane
3191 3979 3261 4018 an
3311 3977 3440 4018 vera

1861 4054 2078 4110 locutus
2110 4054 2229 4109 est?
2267 4054 2427 4109 Absit
2454 4057 2467 4107 ι
2498 4053 2789 4129 Nunquam
2846 4055 2993 4110 enim
3025 4056 3232 4111 veritas
3277 4062 3442 4125 queat

1861 4161 1984 4201 esse
2016 4145 2388 4199 mendacium.
2420 4142 2527 4201 Sed
2560 4152 2614 4202 et
2636 4147 2739 4200 ista
2762 4146 2950 4212 verba,
2983 4164 3002 4197 ι
3039 4145 3141 4214 Qui
3168 4160 3255 4200 me
3284 4144 3437 4208 vidit,

1858 4237 1997 4292 vidit
2027 4235 2245 4292 Patrem
2261 4237 2363 4306 ⁸⁸;ι
2393 4237 2529 4291 nihil
2560 4238 2707 4292 aliud
2730 4237 2972 4292 indicant
2993 4251 3158 4309 quam
3190 4244 3439 4292 sanctam
3550 4254 3563 4269 η·

1860 4330 2225 4385 divinitatem.
2273 4328 2332 4385 Si
2362 4331 2509 4386 enim
2538 4329 2710 4387 Filius
2753 4331 3060 4387 substantia
3106 4330 3247 4385 alius
3292 4338 3377 4385 est
3407 4344 3440 4383 a

171 4426 199 4477 6
230 4425 363 4488 Υἱὸς
415 4424 572 4494 παρὰ
618 4422 712 4475 τὸν
753 4421 994 4492 Πατέρα,
1027 4420 1146 4484 πῶς
1175 4420 1395 4475 δύναται
1434 4419 1755 4492 θεωρεῖσθαι

1865 4420 2043 4490 Patre,
2074 4422 2352 4493 quomodo
2376 4420 2540 4477 Pater
2578 4423 2635 4478 in
2683 4421 2827 4478 Filio
2855 4422 3029 4478 videri
3059 4422 3271 4493 potest?
3300 4419 3437 4475 Nam

170 4519 199 4570 6
257 4515 462 4589 Πατὴρ
508 4516 569 4571 ὲν
603 4513 681 4585 τῷ
730 4514 873 4585 Υἱῷ;
920 4515 985 4567 El
1018 4514 1115 4585 μὲν
1155 4512 1265 4584 γὰρ
1303 4513 1364 4566 οὐ
1390 4512 1612 4570 δύναται
1647 4511 1759 4583 (65)

170 4607 399 4677 ἄγαλμα
433 4604 801 4677 άνδροείκελον
823 4604 1327 4674 κατεσκευασμένον
1349 4604 1415 4656 ὲκ
1431 4602 1602 4670 ξύλων
1621 4620 1760 4673 γνω-

174 4698 433 4770 ρισθῆναι
486 4697 546 4750 ὲν
586 4695 792 4767 λιθίνῳ,
822 4698 880 4749 ἐν
911 4696 991 4766 τῷ
1011 4696 1113 4751 οὐκ
1130 4697 1196 4749 ὲκ
1239 4696 1339 4768 τῆς
1370 4695 1559 4759 οὐσίας
1593 4695 1757 4748 αὐτοῦ

171 4792 285 4843 ὄντι
307 4809 320 4821 ·
358 4793 410 4843 εἰ
443 4789 501 4842 δὲ
535 4788 797 4843 ἀδύνατον
822 4787 969 4841 λίθον
996 4789 1055 4841 ὲν
1080 4786 1220 4858 ξύλῳ
1247 4786 1632 4859 γνωρισθῆναι,
1663 4789 1758 4840 καὶ

174 4881 331 4949 ξύλον
371 4884 433 4935 ὲν
474 4881 610 4952 λίθῳ
651 4881 793 4935 κατὰ
829 4881 922 4934 τὸν
945 4881 1045 4951 τῆς
1077 4878 1264 4943 οὐσίας
1297 4879 1478 4948 λόγον,
1508 4878 1753 4933 λείπεται

174 4971 361 5025 λοιπὸν
420 4970 781 5043 γνωρίζεσθαι
844 4970 936 5023 τὸν
986 4968 1338 5042 παμϐασιλέα
1384 4970 1517 5023 Θεὸν
1568 4971 1627 5023 ὲν
1677 4968 1756 5039 τῷ

141 5064 449 5150 ’ὁμοουσίῳ
489 5062 657 5118 αὑτοῦ
702 5061 837 5134 Υίῷ.
861 5060 944 5115 Τά
984 5062 1094 5135 γὰρ
1134 5056 1441 5133 ὁμοειδῆ,ᾦ
1470 5061 1580 5133 (66)
1618 5063 1757 5116 εἰσιν

1863 4514 1911 4570 si
1969 4514 2208 4571 hominis
2257 4514 2613 4572 simulacrum
2661 4530 2730 4570 ex
2774 4512 2921 4585 ligno
2967 4513 3279 4570 confectum
3327 4528 3438 4567 non

1862 4605 2038 4676 possit
2083 4605 2343 4679 cognosci
2388 4605 2445 4660 in
2479 4605 2715 4676 lapideo,
2748 4605 2895 4677 quod
2925 4606 3172 4677 ejusdem
3205 4620 3313 4660 non
3368 4604 3440 4658 sit

1862 4698 2187 4754 substantiae
2218 4714 2231 4751 :
2269 4699 2316 4754 si
2358 4699 2487 4754 item
2524 4699 2665 4769 lapis
2721 4699 2778 4753 in
2829 4700 2996 4770 ligno,
3026 4699 3113 4754 vel
3142 4699 3347 4770 lignum
3381 4698 3436 4750 in

1860 4787 2041 4857 lapide
2091 4804 2203 4844 non
2249 4791 2427 4860 possit
2457 4792 2739 4862 cognosci,
2790 4800 3057 4862 quantum
3101 4797 3312 4861 spectat
3368 4789 3437 4842 ad

1861 4878 2186 4934 substantia:
2238 4881 2531 4945 rationem,
2584 4882 2836 4952 sequitur
2893 4891 2954 4937 ut
2991 4878 3156 4949 Deus,
3189 4895 3439 4937 summus

1861 4973 2107 5026 omnium
2156 4988 2275 5041 rex,
2310 4973 2367 5027 in
2406 4973 2547 5029 Filio
2582 4974 2685 5031 sibi
2724 4973 3180 5031 consubstantiali
3232 4987 3437 5042 cogno-

1865 5074 2072 5118 scatur.
2102 5061 2245 5119 Cum
2275 5065 2421 5120 enim
2445 5066 2706 5122 videntur
2735 5080 2825 5121 res
2856 5065 3087 5128 similes,
3111 5065 3168 5118 in
3197 5078 3263 5120 eo
3286 5063 3439 5133 quod

246 5221 294 5253 ⁵⁸
330 5220 479 5277 Psal.
511 5235 659 5285 thv,
693 5217 749 5270 2.
825 5218 869 5249 ⁸⁷
907 5215 1064 5273 Joau.
1097 5233 1164 5286 χ,
1201 5215 1292 5272 50.
1371 5216 1417 5248 ³⁸
1451 5214 1610 5274 Joan.
1648 5232 1760 5283 xw,
1794 5184 1876 5273 9.‘

250 5362 365 5435 (60)
395 5363 537 5435 Aug.
555 5357 711 5435 τΑρα
730 5357 822 5435 οὖν
846 5360 927 5425 τὸ,
960 5359 1308 5433 ἐξηρεύξατο,
1337 5358 1439 5429 ἔφη
1466 5358 1594 5413 τόν.“

249 5433 363 5504 (61)
401 5433 541 5504 Aug.
575 5433 810 5504 ἀπαθᾷς.
973 5501 1011 5504 μ
1150 5500 1182 5504 Α
1269 5501 1278 5504 _
1554 5443 1566 5455 '

248 5498 362 5575 (62)
397 5498 615 5575 Anglic.
653 5502 915 5575 παύηται.
972 5501 1094 5557 Max
1150 5500 1374 5572 Regius,
1426 5498 1761 5571 περιέγραψε

180 5575 308 5645 γάρ.
340 5573 397 5630 in
424 5573 553 5632 aliis
578 5575 688 5646 γάρ
721 5573 889 5646 deest.

212 5640 364 5768 1ltili)
392 5646 553 5718 Angl.
592 5640 875 5715 ὀῦδαμῶς.
914 5644 1045 5699 Ibid.
1076 5643 1235 5715 Angl.
1267 5650 1317 5697 ct
1346 5640 1482 5712 Aug.
1512 5640 1613 5712 ἔφη
1665 5656 1762 5711 pro

236 5732 355 5768 πεν.

184 5732 355 5771 ειπεν.

1940 5355 2049 5427 (64)
2088 5355 2226 5428 Aug.
2275 5358 2427 5428 οὐδὲν
2464 5357 2644 5412 ἄλλου.
2681 5355 2853 5428 Paulo
2877 5361 3001 5423 post
3024 5352 3182 5422 Angl.
3218 5351 3282 5404 Ei
3326 5350 3436 5423 γὰρ

1862 5426 2090 5499 ἄγγελος
2124 5426 2281 5497 τυγχ.
2310 5426 2445 5499 Aug.
2474 5431 2524 5481 εἰ
2556 5428 2664 5499 γὰρ
2689 5426 3027 5499 ἄλλοςτυγχ.

1936 5492 2048 5567 (65)
2084 5499 2160 5552 Ita
2189 5492 2321 5568 R'ég.
2358 5492 2519 5568 Basil.
2552 5492 2700 5561 vero,
2728 5499 2776 5549 εἰ
2810 5492 3182 5568 μὲνδύναται.
3225 5492 3368 5568 Aug.
3386 5496 3439 5568 εἰ

1866 5561 2096 5640 μὲνγὰρ
2120 5561 2362 5621 δύνατῖχι.
2392 5567 2534 5622 Ειίὶῐί
2563 5577 2615 5623 et
2651 5561 2854 5629 caeteri,
2884 5567 2930 5617 εἰ
2967 5565 3064 5636 μὲν
3085 5564 3194 5634 γάρ
3235 5563 3294 5616 οὑ
3324 5561 3437 5616 δύ·-

1861 5656 2040 5781 ναῖἔὲ)
2072 5707 2203 5780 Reg.
2233 5709 2427 5787 1616.6
2453 5708 2711 5779 ὁμοούσια
2733 5708 2843 5763 καί.
2875 5700 2946 5780 Ὦ
2968 5707 3120 5764 deest
3145 5706 3197 5760 in
3225 5702 3365 5774 Aug.
3442 5746 3447 5775 ξ
