  <div class='ocr_page' id='page_1' title='image "/cluster/home/n/w/nwhite01/storage/ocr_20150623/28/nnc1.0046978690/279.png"; bbox 0 0 3860 6200; ppageno 0'>
   <div class='ocr_carea' id='block_1_1' title="bbox 360 5453 369 5527">
    <p class='ocr_par' dir='ltr' id='par_1_1' title="bbox 360 5453 369 5527">
     <span class='ocr_line' id='line_1_1' title="bbox 360 5453 369 5527; baseline 0 0"><span class='ocrx_word' id='word_1_1' title='bbox 360 5453 369 5527; x_wconf 70' lang='grc' dir='ltr'><strong>ί</strong></span> 
     </span>
    </p>
   </div>
   <div class='ocr_carea' id='block_1_2' title="bbox 407 318 521 374">
    <p class='ocr_par' dir='ltr' id='par_1_2' title="bbox 407 318 521 374">
     <span class='ocr_line' id='line_1_2' title="bbox 407 318 521 374; baseline -0.009 -1"><span class='ocrx_word' id='word_1_2' title='bbox 407 318 521 374; x_wconf 69' lang='grc'><strong>479</strong></span> 
     </span>
    </p>
   </div>
   <div class='ocr_carea' id='block_1_3' title="bbox 1557 310 2546 373">
    <p class='ocr_par' dir='ltr' id='par_1_3' title="bbox 1557 310 2546 373">
     <span class='ocr_line' id='line_1_3' title="bbox 1557 310 2546 373; baseline -0.005 -4"><span class='ocrx_word' id='word_1_3' title='bbox 1557 313 1614 370; x_wconf 85' lang='lat' dir='ltr'><strong>S.</strong></span> <span class='ocrx_word' id='word_1_4' title='bbox 1656 311 2121 373; x_wconf 74' lang='lat' dir='ltr'><strong>ATHANASIUS.</strong></span> <span class='ocrx_word' id='word_1_5' title='bbox 2164 340 2238 355; x_wconf 69' lang='grc' dir='ltr'><strong>ην</strong></span> <span class='ocrx_word' id='word_1_6' title='bbox 2276 310 2546 367; x_wconf 81' lang='lat' dir='ltr'><strong>SPURIA.</strong></span> 
     </span>
    </p>
   </div>
   <div class='ocr_carea' id='block_1_4' title="bbox 3575 306 3696 363">
    <p class='ocr_par' dir='ltr' id='par_1_4' title="bbox 3575 306 3696 363">
     <span class='ocr_line' id='line_1_4' title="bbox 3575 306 3696 363; baseline 0 0"><span class='ocrx_word' id='word_1_7' title='bbox 3575 306 3696 363; x_wconf 74' lang='grc'><strong>430</strong></span> 
     </span>
    </p>
   </div>
   <div class='ocr_carea' id='block_1_5' title="bbox 408 424 1997 499">
    <p class='ocr_par' dir='ltr' id='par_1_5' title="bbox 408 428 1995 499">
     <span class='ocr_line' id='line_1_5' title="bbox 408 428 1995 499; baseline -0.006 -9"><span class='ocrx_word' id='word_1_8' title='bbox 408 440 542 490; x_wconf 83' lang='lat' dir='ltr'><strong>sum</strong></span> <span class='ocrx_word' id='word_1_9' title='bbox 591 428 1115 496; x_wconf 81' lang='lat' dir='ltr'><strong>consubstantiales,</strong></span> <span class='ocrx_word' id='word_1_10' title='bbox 1160 444 1350 484; x_wconf 90' lang='lat' dir='ltr'><strong>eorum</strong></span> <span class='ocrx_word' id='word_1_11' title='bbox 1404 444 1527 499; x_wconf 70' lang='lat' dir='ltr'><strong>quze</strong></span> <span class='ocrx_word' id='word_1_12' title='bbox 1581 446 1690 483; x_wconf 87' lang='lat' dir='ltr'><strong>non</strong></span> <span class='ocrx_word' id='word_1_13' title='bbox 1739 428 1995 484; x_wconf 87' lang='lat' dir='ltr'><strong>videntur</strong></span> 
     </span>
    </p>
   </div>
   <div class='ocr_carea' id='block_1_6' title="bbox 2106 424 3695 499">
    <p class='ocr_par' dir='ltr' id='par_1_6' title="bbox 2106 424 3695 498">
     <span class='ocr_line' id='line_1_6' title="bbox 2106 424 3695 498; baseline -0.002 -18"><span class='ocrx_word' id='word_1_14' title='bbox 2106 426 2376 497; x_wconf 67' lang='lat' dir='ltr'><strong>Suooéstat,</strong></span> <span class='ocrx_word' id='word_1_15' title='bbox 2437 424 2712 498; x_wconf 83' lang='grc' dir='ltr'><strong>ὁρώμενα,</strong></span> <span class='ocrx_word' id='word_1_16' title='bbox 2765 437 3167 494; x_wconf 80' lang='grc' dir='ltr'><strong>παριστανουσι</strong></span> <span class='ocrx_word' id='word_1_17' title='bbox 3203 437 3311 493; x_wconf 68' lang='grc' dir='ltr'><strong>την</strong></span> <span class='ocrx_word' id='word_1_18' title='bbox 3335 438 3536 491; x_wconf 80' lang='grc' dir='ltr'><strong>γνωσιν</strong></span> <span class='ocrx_word' id='word_1_19' title='bbox 3588 425 3695 477; x_wconf 74' lang='grc' dir='ltr'><strong>καὶ</strong></span> 
     </span>
    </p>
   </div>
   <div class='ocr_carea' id='block_1_7' title="bbox 408 522 1093 595">
    <p class='ocr_par' dir='ltr' id='par_1_7' title="bbox 408 522 1093 595">
     <span class='ocr_line' id='line_1_7' title="bbox 408 522 1093 595; baseline -0.007 -14"><span class='ocrx_word' id='word_1_20' title='bbox 408 523 780 595; x_wconf 74' lang='lat' dir='ltr'><strong>cognitionem</strong></span> <span class='ocrx_word' id='word_1_21' title='bbox 814 522 1093 579; x_wconf 77' lang='lat' dir='ltr'><strong>exhibent.</strong></span> 
     </span>
    </p>
   </div>
   <div class='ocr_carea' id='block_1_8' title="bbox 480 602 1997 685">
    <p class='ocr_par' dir='ltr' id='par_1_8' title="bbox 480 602 1997 685">
     <span class='ocr_line' id='line_1_8' title="bbox 480 602 1997 685; baseline -0.003 -14"><span class='ocrx_word' id='word_1_22' title='bbox 480 618 572 672; x_wconf 79' lang='grc'><strong>51.</strong></span> <span class='ocrx_word' id='word_1_23' title='bbox 604 602 701 669; x_wconf 83' lang='lat' dir='ltr'><strong>Ar.</strong></span> <span class='ocrx_word' id='word_1_24' title='bbox 732 613 845 670; x_wconf 89' lang='lat' dir='ltr'><strong>Cur</strong></span> <span class='ocrx_word' id='word_1_25' title='bbox 875 630 1009 685; x_wconf 87' lang='lat' dir='ltr'><strong>ergo</strong></span> <span class='ocrx_word' id='word_1_26' title='bbox 1055 613 1324 684; x_wconf 85' lang='lat' dir='ltr'><strong>Dominus</strong></span> <span class='ocrx_word' id='word_1_27' title='bbox 1349 616 1447 678; x_wconf 87' lang='lat' dir='ltr'><strong>ait,</strong></span> <span class='ocrx_word' id='word_1_28' title='bbox 1482 633 1502 665; x_wconf 73' lang='grc' dir='ltr'><strong>ι</strong></span> <span class='ocrx_word' id='word_1_29' title='bbox 1542 613 1656 683; x_wconf 80' lang='lat' dir='ltr'><strong>Ego</strong></span> <span class='ocrx_word' id='word_1_30' title='bbox 1701 628 1822 669; x_wconf 87' lang='lat' dir='ltr'><strong>sum</strong></span> <span class='ocrx_word' id='word_1_31' title='bbox 1865 611 1997 667; x_wconf 89' lang='lat' dir='ltr'><strong>vitis</strong></span> 
     </span>
    </p>
   </div>
   <div class='ocr_carea' id='block_1_9' title="bbox 409 704 1997 778">
    <p class='ocr_par' dir='ltr' id='par_1_9' title="bbox 409 704 1997 778">
     <span class='ocr_line' id='line_1_9' title="bbox 409 704 1997 778; baseline -0.006 -10"><span class='ocrx_word' id='word_1_32' title='bbox 409 726 564 774; x_wconf 85' lang='lat' dir='ltr'><strong>vera,</strong></span> <span class='ocrx_word' id='word_1_33' title='bbox 600 717 656 766; x_wconf 89' lang='lat' dir='ltr'><strong>et</strong></span> <span class='ocrx_word' id='word_1_34' title='bbox 694 707 862 763; x_wconf 87' lang='lat' dir='ltr'><strong>Pater</strong></span> <span class='ocrx_word' id='word_1_35' title='bbox 907 723 1065 763; x_wconf 89' lang='lat' dir='ltr'><strong>meus</strong></span> <span class='ocrx_word' id='word_1_36' title='bbox 1103 707 1345 778; x_wconf 75' lang='lat' dir='ltr'><strong>agricola</strong></span> <span class='ocrx_word' id='word_1_37' title='bbox 1368 707 1531 761; x_wconf 62' lang='lat' dir='ltr'><strong>est?»</strong></span> <span class='ocrx_word' id='word_1_38' title='bbox 1575 705 1715 759; x_wconf 91' lang='lat' dir='ltr'><strong>Num</strong></span> <span class='ocrx_word' id='word_1_39' title='bbox 1758 704 1888 759; x_wconf 90' lang='lat' dir='ltr'><strong>vitis</strong></span> <span class='ocrx_word' id='word_1_40' title='bbox 1942 712 1997 759; x_wconf 88' lang='lat' dir='ltr'><strong>et</strong></span> 
     </span>
    </p>
   </div>
   <div class='ocr_carea' id='block_1_10' title="bbox 412 796 1999 873">
    <p class='ocr_par' dir='ltr' id='par_1_10' title="bbox 412 796 1999 873">
     <span class='ocr_line' id='line_1_10' title="bbox 412 796 1999 873; baseline -0.003 -17"><span class='ocrx_word' id='word_1_41' title='bbox 412 802 656 873; x_wconf 76' lang='lat' dir='ltr'><strong>agricola</strong></span> <span class='ocrx_word' id='word_1_42' title='bbox 688 808 923 873; x_wconf 88' lang='lat' dir='ltr'><strong>possunt</strong></span> <span class='ocrx_word' id='word_1_43' title='bbox 970 799 1474 855; x_wconf 88' lang='lat' dir='ltr'><strong>consubstantiales</strong></span> <span class='ocrx_word' id='word_1_44' title='bbox 1515 798 1675 853; x_wconf 81' lang='lat' dir='ltr'><strong>esse?</strong></span> <span class='ocrx_word' id='word_1_45' title='bbox 1705 797 1830 853; x_wconf 72' lang='lat' dir='ltr'><strong>Atla.</strong></span> <span class='ocrx_word' id='word_1_46' title='bbox 1873 796 1999 851; x_wconf 85' lang='lat' dir='ltr'><strong>Noli</strong></span> 
     </span>
    </p>
   </div>
   <div class='ocr_carea' id='block_1_11' title="bbox 411 888 1997 957">
    <p class='ocr_par' dir='ltr' id='par_1_11' title="bbox 411 888 1997 957">
     <span class='ocr_line' id='line_1_11' title="bbox 411 888 1997 957; baseline -0.002 -11"><span class='ocrx_word' id='word_1_47' title='bbox 411 893 548 946; x_wconf 87' lang='lat' dir='ltr'><strong>mihi</strong></span> <span class='ocrx_word' id='word_1_48' title='bbox 581 891 913 947; x_wconf 89' lang='lat' dir='ltr'><strong>detruncare</strong></span> <span class='ocrx_word' id='word_1_49' title='bbox 946 889 1291 947; x_wconf 90' lang='lat' dir='ltr'><strong>Dominicam</strong></span> <span class='ocrx_word' id='word_1_50' title='bbox 1333 904 1526 944; x_wconf 90' lang='lat' dir='ltr'><strong>vocem</strong></span> <span class='ocrx_word' id='word_1_51' title='bbox 1568 888 1708 943; x_wconf 87' lang='lat' dir='ltr'><strong>:sed</strong></span> <span class='ocrx_word' id='word_1_52' title='bbox 1756 889 1895 957; x_wconf 85' lang='lat' dir='ltr'><strong>lege,</strong></span> <span class='ocrx_word' id='word_1_53' title='bbox 1936 896 1997 943; x_wconf 91' lang='lat' dir='ltr'><strong>ut</strong></span> 
     </span>
    </p>
   </div>
   <div class='ocr_carea' id='block_1_12' title="bbox 408 981 1993 1056">
    <p class='ocr_par' dir='ltr' id='par_1_12' title="bbox 408 981 1993 1056">
     <span class='ocr_line' id='line_1_12' title="bbox 408 981 1993 1056; baseline -0.003 -17"><span class='ocrx_word' id='word_1_54' title='bbox 408 984 593 1056; x_wconf 85' lang='lat' dir='ltr'><strong>jacet:</strong></span> <span class='ocrx_word' id='word_1_55' title='bbox 627 1003 647 1035; x_wconf 75' lang='grc' dir='ltr'><strong>ι</strong></span> <span class='ocrx_word' id='word_1_56' title='bbox 694 984 808 1055; x_wconf 86' lang='lat' dir='ltr'><strong>Ego</strong></span> <span class='ocrx_word' id='word_1_57' title='bbox 840 1000 985 1047; x_wconf 89' lang='lat' dir='ltr'><strong>sum,</strong></span> <span class='ocrx_word' id='word_1_58' title='bbox 1027 1003 1046 1036; x_wconf 70' lang='grc' dir='ltr'><strong>ι</strong></span> <span class='ocrx_word' id='word_1_59' title='bbox 1088 983 1269 1054; x_wconf 89' lang='lat' dir='ltr'><strong>inquit</strong></span> <span class='ocrx_word' id='word_1_60' title='bbox 1289 981 1580 1047; x_wconf 85' lang='lat' dir='ltr'><strong>Dominus,</strong></span> <span class='ocrx_word' id='word_1_61' title='bbox 1623 1001 1643 1034; x_wconf 81' lang='grc' dir='ltr'><strong>ι</strong></span> <span class='ocrx_word' id='word_1_62' title='bbox 1679 983 1810 1037; x_wconf 86' lang='lat' dir='ltr'><strong>vitis</strong></span> <span class='ocrx_word' id='word_1_63' title='bbox 1843 996 1993 1048; x_wconf 90' lang='lat' dir='ltr'><strong>vera,</strong></span> 
     </span>
    </p>
   </div>
   <div class='ocr_carea' id='block_1_13' title="bbox 408 1070 1999 1145">
    <p class='ocr_par' dir='ltr' id='par_1_13' title="bbox 408 1070 1999 1145">
     <span class='ocr_line' id='line_1_13' title="bbox 408 1070 1999 1145; baseline -0.003 -16"><span class='ocrx_word' id='word_1_64' title='bbox 408 1089 512 1129; x_wconf 88' lang='lat' dir='ltr'><strong>vos</strong></span> <span class='ocrx_word' id='word_1_65' title='bbox 560 1075 834 1145; x_wconf 88' lang='lat' dir='ltr'><strong>palmites,</strong></span> <span class='ocrx_word' id='word_1_66' title='bbox 895 1072 1060 1130; x_wconf 88' lang='lat' dir='ltr'><strong>Pater</strong></span> <span class='ocrx_word' id='word_1_67' title='bbox 1115 1089 1272 1130; x_wconf 90' lang='lat' dir='ltr'><strong>meus</strong></span> <span class='ocrx_word' id='word_1_68' title='bbox 1320 1074 1561 1144; x_wconf 81' lang='lat' dir='ltr'><strong>agricola</strong></span> <span class='ocrx_word' id='word_1_69' title='bbox 1608 1080 1694 1128; x_wconf 90' lang='lat' dir='ltr'><strong>est</strong></span> <span class='ocrx_word' id='word_1_70' title='bbox 1740 1073 1809 1126; x_wconf 79' lang='lat'><strong>&quot;.</strong></span> <span class='ocrx_word' id='word_1_71' title='bbox 1848 1090 1866 1124; x_wconf 75' lang='grc' dir='ltr'><strong>ι</strong></span> <span class='ocrx_word' id='word_1_72' title='bbox 1902 1070 1999 1126; x_wconf 84' lang='lat' dir='ltr'><strong>Die</strong></span> 
     </span>
    </p>
   </div>
   <div class='ocr_carea' id='block_1_14' title="bbox 410 1163 1999 1239">
    <p class='ocr_par' dir='ltr' id='par_1_14' title="bbox 410 1163 1999 1239">
     <span class='ocr_line' id='line_1_14' title="bbox 410 1163 1999 1239; baseline -0.003 -16"><span class='ocrx_word' id='word_1_73' title='bbox 410 1167 548 1223; x_wconf 90' lang='lat' dir='ltr'><strong>mihi</strong></span> <span class='ocrx_word' id='word_1_74' title='bbox 583 1168 771 1239; x_wconf 84' lang='lat' dir='ltr'><strong>itaque</strong></span> <span class='ocrx_word' id='word_1_75' title='bbox 805 1185 821 1222; x_wconf 91' lang='lat'><strong>:</strong></span> <span class='ocrx_word' id='word_1_76' title='bbox 871 1168 917 1224; x_wconf 90' lang='lat' dir='ltr'><strong>si</strong></span> <span class='ocrx_word' id='word_1_77' title='bbox 947 1183 1013 1223; x_wconf 80' lang='lat' dir='ltr'><strong>ex</strong></span> <span class='ocrx_word' id='word_1_78' title='bbox 1051 1167 1304 1238; x_wconf 82' lang='lat' dir='ltr'><strong>exemplo</strong></span> <span class='ocrx_word' id='word_1_79' title='bbox 1349 1167 1482 1222; x_wconf 89' lang='lat' dir='ltr'><strong>vitis</strong></span> <span class='ocrx_word' id='word_1_80' title='bbox 1518 1173 1574 1222; x_wconf 91' lang='lat' dir='ltr'><strong>et</strong></span> <span class='ocrx_word' id='word_1_81' title='bbox 1606 1166 1860 1237; x_wconf 65' lang='lat' dir='ltr'><strong>agricolae</strong></span> <span class='ocrx_word' id='word_1_82' title='bbox 1907 1163 1999 1219; x_wconf 89' lang='lat' dir='ltr'><strong>Fi-</strong></span> 
     </span>
    </p>
   </div>
   <div class='ocr_carea' id='block_1_15' title="bbox 411 1257 1996 1317">
    <p class='ocr_par' dir='ltr' id='par_1_15' title="bbox 411 1257 1996 1317">
     <span class='ocr_line' id='line_1_15' title="bbox 411 1257 1996 1317; baseline -0.003 -4"><span class='ocrx_word' id='word_1_83' title='bbox 411 1259 547 1314; x_wconf 90' lang='lat' dir='ltr'><strong>lium</strong></span> <span class='ocrx_word' id='word_1_84' title='bbox 588 1275 702 1316; x_wconf 89' lang='lat' dir='ltr'><strong>non</strong></span> <span class='ocrx_word' id='word_1_85' title='bbox 750 1260 835 1316; x_wconf 91' lang='lat' dir='ltr'><strong>vis</strong></span> <span class='ocrx_word' id='word_1_86' title='bbox 896 1274 1020 1316; x_wconf 89' lang='lat' dir='ltr'><strong>esse</strong></span> <span class='ocrx_word' id='word_1_87' title='bbox 1061 1258 1211 1313; x_wconf 89' lang='lat' dir='ltr'><strong>Patri</strong></span> <span class='ocrx_word' id='word_1_88' title='bbox 1248 1257 1814 1317; x_wconf 86' lang='lat' dir='ltr'><strong>consubstantialem.</strong></span> <span class='ocrx_word' id='word_1_89' title='bbox 1866 1271 1996 1310; x_wconf 91' lang='lat' dir='ltr'><strong>num</strong></span> 
     </span>
    </p>
   </div>
   <div class='ocr_carea' id='block_1_16' title="bbox 411 1347 1995 1420">
    <p class='ocr_par' dir='ltr' id='par_1_16' title="bbox 411 1347 1995 1420">
     <span class='ocr_line' id='line_1_16' title="bbox 411 1347 1995 1420; baseline -0.002 -15"><span class='ocrx_word' id='word_1_90' title='bbox 411 1350 594 1420; x_wconf 86' lang='lat' dir='ltr'><strong>ipsum</strong></span> <span class='ocrx_word' id='word_1_91' title='bbox 654 1350 977 1407; x_wconf 89' lang='lat' dir='ltr'><strong>hominibus</strong></span> <span class='ocrx_word' id='word_1_92' title='bbox 1034 1349 1565 1405; x_wconf 86' lang='lat' dir='ltr'><strong>consubstantialem</strong></span> <span class='ocrx_word' id='word_1_93' title='bbox 1641 1347 1829 1403; x_wconf 82' lang='lat' dir='ltr'><strong>dicis?</strong></span> <span class='ocrx_word' id='word_1_94' title='bbox 1896 1348 1995 1402; x_wconf 85' lang='lat' dir='ltr'><strong>Ar.</strong></span> 
     </span>
    </p>
   </div>
   <div class='ocr_carea' id='block_1_17' title="bbox 415 1436 1999 1512">
    <p class='ocr_par' dir='ltr' id='par_1_17' title="bbox 415 1436 1999 1512">
     <span class='ocr_line' id='line_1_17' title="bbox 415 1436 1999 1512; baseline -0.005 -14"><span class='ocrx_word' id='word_1_95' title='bbox 415 1441 575 1512; x_wconf 77' lang='lat'><strong>173</strong></span> <span class='ocrx_word' id='word_1_96' title='bbox 602 1440 801 1497; x_wconf 84' lang='lat' dir='ltr'><strong>Absit!</strong></span> <span class='ocrx_word' id='word_1_97' title='bbox 866 1440 992 1495; x_wconf 78' lang='lat' dir='ltr'><strong>Ath.</strong></span> <span class='ocrx_word' id='word_1_98' title='bbox 1056 1439 1279 1496; x_wconf 88' lang='lat' dir='ltr'><strong>Placide</strong></span> <span class='ocrx_word' id='word_1_99' title='bbox 1342 1438 1617 1503; x_wconf 89' lang='lat' dir='ltr'><strong>ausculta,</strong></span> <span class='ocrx_word' id='word_1_100' title='bbox 1671 1444 1726 1494; x_wconf 87' lang='lat' dir='ltr'><strong>et</strong></span> <span class='ocrx_word' id='word_1_101' title='bbox 1765 1436 1834 1491; x_wconf 90' lang='lat' dir='ltr'><strong>ad</strong></span> <span class='ocrx_word' id='word_1_102' title='bbox 1882 1436 1999 1491; x_wconf 63' lang='lat' dir='ltr'><strong>haec</strong></span> 
     </span>
    </p>
   </div>
   <div class='ocr_carea' id='block_1_18' title="bbox 410 1528 2000 1602">
    <p class='ocr_par' dir='ltr' id='par_1_18' title="bbox 410 1528 2000 1602">
     <span class='ocr_line' id='line_1_18' title="bbox 410 1528 2000 1602; baseline -0.001 -17"><span class='ocrx_word' id='word_1_103' title='bbox 410 1531 546 1586; x_wconf 88' lang='lat' dir='ltr'><strong>mihi</strong></span> <span class='ocrx_word' id='word_1_104' title='bbox 580 1531 870 1602; x_wconf 85' lang='lat' dir='ltr'><strong>responde.</strong></span> <span class='ocrx_word' id='word_1_105' title='bbox 909 1530 1050 1587; x_wconf 83' lang='lat' dir='ltr'><strong>Vitis</strong></span> <span class='ocrx_word' id='word_1_106' title='bbox 1100 1538 1156 1586; x_wconf 91' lang='lat' dir='ltr'><strong>et</strong></span> <span class='ocrx_word' id='word_1_107' title='bbox 1189 1532 1443 1602; x_wconf 82' lang='lat' dir='ltr'><strong>palmites</strong></span> <span class='ocrx_word' id='word_1_108' title='bbox 1492 1538 1623 1586; x_wconf 91' lang='lat' dir='ltr'><strong>sunt</strong></span> <span class='ocrx_word' id='word_1_109' title='bbox 1656 1544 1727 1584; x_wconf 90' lang='lat' dir='ltr'><strong>ne</strong></span> <span class='ocrx_word' id='word_1_110' title='bbox 1757 1528 2000 1585; x_wconf 85' lang='lat' dir='ltr'><strong>consub-</strong></span> 
     </span>
    </p>
   </div>
   <div class='ocr_carea' id='block_1_19' title="bbox 410 1624 1999 1693">
    <p class='ocr_par' dir='ltr' id='par_1_19' title="bbox 410 1624 1999 1693">
     <span class='ocr_line' id='line_1_19' title="bbox 410 1624 1999 1693; baseline -0.002 -12"><span class='ocrx_word' id='word_1_111' title='bbox 410 1627 720 1693; x_wconf 71' lang='lat' dir='ltr'><strong>stantiales,</strong></span> <span class='ocrx_word' id='word_1_112' title='bbox 756 1642 825 1682; x_wconf 92' lang='lat' dir='ltr'><strong>an</strong></span> <span class='ocrx_word' id='word_1_113' title='bbox 848 1643 959 1683; x_wconf 89' lang='lat' dir='ltr'><strong>non</strong></span> <span class='ocrx_word' id='word_1_114' title='bbox 983 1627 1007 1680; x_wconf 86' lang='lat'><strong>?</strong></span> <span class='ocrx_word' id='word_1_115' title='bbox 1037 1627 1132 1682; x_wconf 88' lang='lat' dir='ltr'><strong>Ar.</strong></span> <span class='ocrx_word' id='word_1_116' title='bbox 1160 1625 1398 1682; x_wconf 89' lang='lat' dir='ltr'><strong>Omnino</strong></span> <span class='ocrx_word' id='word_1_117' title='bbox 1416 1626 1489 1680; x_wconf 88' lang='lat' dir='ltr'><strong>ita</strong></span> <span class='ocrx_word' id='word_1_118' title='bbox 1519 1633 1626 1680; x_wconf 88' lang='lat' dir='ltr'><strong>est.</strong></span> <span class='ocrx_word' id='word_1_119' title='bbox 1649 1624 1727 1680; x_wconf 89' lang='lat' dir='ltr'><strong>Te</strong></span> <span class='ocrx_word' id='word_1_120' title='bbox 1742 1638 1870 1680; x_wconf 89' lang='lat' dir='ltr'><strong>vero</strong></span> <span class='ocrx_word' id='word_1_121' title='bbox 1897 1638 1999 1679; x_wconf 87' lang='lat' dir='ltr'><strong>oro</strong></span> 
     </span>
    </p>
   </div>
   <div class='ocr_carea' id='block_1_20' title="bbox 411 1717 1995 1792">
    <p class='ocr_par' dir='ltr' id='par_1_20' title="bbox 411 1717 1995 1792">
     <span class='ocr_line' id='line_1_20' title="bbox 411 1717 1995 1792; baseline -0.001 -19"><span class='ocrx_word' id='word_1_122' title='bbox 411 1717 579 1774; x_wconf 81' lang='lat' dir='ltr'><strong>ﬁnem</strong></span> <span class='ocrx_word' id='word_1_123' title='bbox 629 1720 864 1791; x_wconf 89' lang='lat' dir='ltr'><strong>hujusce</strong></span> <span class='ocrx_word' id='word_1_124' title='bbox 895 1720 1124 1792; x_wconf 89' lang='lat' dir='ltr'><strong>capituli</strong></span> <span class='ocrx_word' id='word_1_125' title='bbox 1156 1719 1509 1791; x_wconf 81' lang='lat' dir='ltr'><strong>explicationi</strong></span> <span class='ocrx_word' id='word_1_126' title='bbox 1547 1719 1790 1775; x_wconf 82' lang='lat' dir='ltr'><strong>breviter</strong></span> <span class='ocrx_word' id='word_1_127' title='bbox 1817 1717 1995 1788; x_wconf 87' lang='lat' dir='ltr'><strong>impo-</strong></span> 
     </span>
    </p>
   </div>
   <div class='ocr_carea' id='block_1_21' title="bbox 412 1786 2071 1881">
    <p class='ocr_par' dir='ltr' id='par_1_21' title="bbox 412 1786 2071 1881">
     <span class='ocr_line' id='line_1_21' title="bbox 412 1786 2071 1881; baseline -0.003 -16"><span class='ocrx_word' id='word_1_128' title='bbox 412 1825 536 1876; x_wconf 90' lang='lat' dir='ltr'><strong>nas,</strong></span> <span class='ocrx_word' id='word_1_129' title='bbox 564 1820 625 1866; x_wconf 91' lang='lat' dir='ltr'><strong>ut</strong></span> <span class='ocrx_word' id='word_1_130' title='bbox 643 1786 815 1868; x_wconf 33' lang='lat' dir='ltr'><strong>etvme</strong></span> <span class='ocrx_word' id='word_1_131' title='bbox 848 1786 1017 1867; x_wconf 77' lang='lat' dir='ltr'><strong>talem</strong></span> <span class='ocrx_word' id='word_1_132' title='bbox 1048 1786 1273 1877; x_wconf 70' lang='lat' dir='ltr'><strong>reddas,</strong></span> <span class='ocrx_word' id='word_1_133' title='bbox 1322 1811 1506 1881; x_wconf 89' lang='lat' dir='ltr'><strong>qualis</strong></span> <span class='ocrx_word' id='word_1_134' title='bbox 1525 1817 1584 1865; x_wconf 92' lang='lat' dir='ltr'><strong>tu</strong></span> <span class='ocrx_word' id='word_1_135' title='bbox 1616 1811 1735 1880; x_wconf 91' lang='lat' dir='ltr'><strong>ipse</strong></span> <span class='ocrx_word' id='word_1_136' title='bbox 1761 1823 1842 1864; x_wconf 91' lang='lat' dir='ltr'><strong>es.</strong></span> <span class='ocrx_word' id='word_1_137' title='bbox 1866 1786 1995 1862; x_wconf 67' lang='lat' dir='ltr'><strong>Atla.</strong></span> <span class='ocrx_word' id='word_1_138' title='bbox 2027 1786 2071 1843; x_wconf 72' lang='grc' dir='ltr'><strong>Β</strong></span> 
     </span>
    </p>
   </div>
   <div class='ocr_carea' id='block_1_22' title="bbox 411 1899 1993 1973">
    <p class='ocr_par' dir='ltr' id='par_1_22' title="bbox 411 1899 1993 1973">
     <span class='ocr_line' id='line_1_22' title="bbox 411 1899 1993 1973; baseline 0.001 -18"><span class='ocrx_word' id='word_1_139' title='bbox 411 1899 533 1955; x_wconf 84' lang='lat' dir='ltr'><strong>Nisi</strong></span> <span class='ocrx_word' id='word_1_140' title='bbox 561 1901 693 1955; x_wconf 86' lang='lat' dir='ltr'><strong>mihi</strong></span> <span class='ocrx_word' id='word_1_141' title='bbox 722 1902 876 1972; x_wconf 90' lang='lat' dir='ltr'><strong>prius</strong></span> <span class='ocrx_word' id='word_1_142' title='bbox 905 1902 973 1957; x_wconf 85' lang='lat' dir='ltr'><strong>ad</strong></span> <span class='ocrx_word' id='word_1_143' title='bbox 1030 1917 1095 1958; x_wconf 89' lang='lat' dir='ltr'><strong>ea</strong></span> <span class='ocrx_word' id='word_1_144' title='bbox 1141 1918 1264 1973; x_wconf 75' lang='lat' dir='ltr'><strong>quze</strong></span> <span class='ocrx_word' id='word_1_145' title='bbox 1308 1902 1589 1972; x_wconf 81' lang='lat' dir='ltr'><strong>interrogo</strong></span> <span class='ocrx_word' id='word_1_146' title='bbox 1620 1900 1993 1970; x_wconf 87' lang='lat' dir='ltr'><strong>responderis,</strong></span> 
     </span>
    </p>
   </div>
   <div class='ocr_carea' id='block_1_23' title="bbox 412 1992 1997 2065">
    <p class='ocr_par' dir='ltr' id='par_1_23' title="bbox 412 1992 1997 2065">
     <span class='ocr_line' id='line_1_23' title="bbox 412 1992 1997 2065; baseline -0.001 -17"><span class='ocrx_word' id='word_1_147' title='bbox 412 1993 559 2064; x_wconf 91' lang='lat' dir='ltr'><strong>quod</strong></span> <span class='ocrx_word' id='word_1_148' title='bbox 579 1996 827 2064; x_wconf 90' lang='lat' dir='ltr'><strong>postulas</strong></span> <span class='ocrx_word' id='word_1_149' title='bbox 860 2011 971 2051; x_wconf 89' lang='lat' dir='ltr'><strong>non</strong></span> <span class='ocrx_word' id='word_1_150' title='bbox 1011 1996 1393 2065; x_wconf 89' lang='lat' dir='ltr'><strong>consequeris.</strong></span> <span class='ocrx_word' id='word_1_151' title='bbox 1424 1995 1520 2050; x_wconf 82' lang='lat' dir='ltr'><strong>Ar.</strong></span> <span class='ocrx_word' id='word_1_152' title='bbox 1568 1993 1819 2064; x_wconf 86' lang='lat' dir='ltr'><strong>Loquere</strong></span> <span class='ocrx_word' id='word_1_153' title='bbox 1847 1992 1997 2063; x_wconf 84' lang='lat' dir='ltr'><strong>quod</strong></span> 
     </span>
    </p>
   </div>
   <div class='ocr_carea' id='block_1_24' title="bbox 412 2085 1999 2157">
    <p class='ocr_par' dir='ltr' id='par_1_24' title="bbox 412 2085 1999 2157">
     <span class='ocr_line' id='line_1_24' title="bbox 412 2085 1999 2157; baseline -0.001 -17"><span class='ocrx_word' id='word_1_154' title='bbox 412 2085 513 2141; x_wconf 87' lang='lat' dir='ltr'><strong>tibi</strong></span> <span class='ocrx_word' id='word_1_155' title='bbox 549 2085 787 2151; x_wconf 76' lang='lat' dir='ltr'><strong>videtur,</strong></span> <span class='ocrx_word' id='word_1_156' title='bbox 816 2094 871 2142; x_wconf 90' lang='lat' dir='ltr'><strong>et</strong></span> <span class='ocrx_word' id='word_1_157' title='bbox 897 2102 1019 2157; x_wconf 82' lang='lat' dir='ltr'><strong>ego,</strong></span> <span class='ocrx_word' id='word_1_158' title='bbox 1057 2088 1105 2142; x_wconf 89' lang='lat' dir='ltr'><strong>si</strong></span> <span class='ocrx_word' id='word_1_159' title='bbox 1137 2087 1293 2142; x_wconf 88' lang='lat' dir='ltr'><strong>locus</strong></span> <span class='ocrx_word' id='word_1_160' title='bbox 1335 2086 1520 2150; x_wconf 89' lang='lat' dir='ltr'><strong>datur,</strong></span> <span class='ocrx_word' id='word_1_161' title='bbox 1555 2100 1654 2155; x_wconf 92' lang='lat' dir='ltr'><strong>pro</strong></span> <span class='ocrx_word' id='word_1_162' title='bbox 1676 2085 1887 2139; x_wconf 90' lang='lat' dir='ltr'><strong>viribus</strong></span> <span class='ocrx_word' id='word_1_163' title='bbox 1909 2098 1999 2139; x_wconf 86' lang='lat' dir='ltr'><strong>re-</strong></span> 
     </span>
    </p>
   </div>
   <div class='ocr_carea' id='block_1_25' title="bbox 413 2173 1995 2246">
    <p class='ocr_par' dir='ltr' id='par_1_25' title="bbox 413 2173 1995 2246">
     <span class='ocr_line' id='line_1_25' title="bbox 413 2173 1995 2246; baseline -0.002 -16"><span class='ocrx_word' id='word_1_164' title='bbox 413 2176 718 2246; x_wconf 84' lang='lat' dir='ltr'><strong>spondebo.</strong></span> <span class='ocrx_word' id='word_1_165' title='bbox 767 2176 890 2231; x_wconf 83' lang='lat' dir='ltr'><strong>Ath.</strong></span> <span class='ocrx_word' id='word_1_166' title='bbox 923 2176 1098 2246; x_wconf 89' lang='lat' dir='ltr'><strong>Cujus</strong></span> <span class='ocrx_word' id='word_1_167' title='bbox 1148 2191 1318 2231; x_wconf 87' lang='lat' dir='ltr'><strong>causa</strong></span> <span class='ocrx_word' id='word_1_168' title='bbox 1369 2176 1594 2230; x_wconf 80' lang='lat' dir='ltr'><strong>dextera</strong></span> <span class='ocrx_word' id='word_1_169' title='bbox 1621 2182 1675 2229; x_wconf 92' lang='lat' dir='ltr'><strong>et</strong></span> <span class='ocrx_word' id='word_1_170' title='bbox 1710 2173 1995 2229; x_wconf 87' lang='lat' dir='ltr'><strong>brachium</strong></span> 
     </span>
    </p>
   </div>
   <div class='ocr_carea' id='block_1_26' title="bbox 411 2264 1997 2338">
    <p class='ocr_par' dir='ltr' id='par_1_26' title="bbox 411 2264 1997 2338">
     <span class='ocr_line' id='line_1_26' title="bbox 411 2264 1997 2338; baseline -0.003 -16"><span class='ocrx_word' id='word_1_171' title='bbox 411 2265 507 2322; x_wconf 86' lang='lat' dir='ltr'><strong>Dei</strong></span> <span class='ocrx_word' id='word_1_172' title='bbox 559 2275 898 2325; x_wconf 84' lang='lat' dir='ltr'><strong>memoratur</strong></span> <span class='ocrx_word' id='word_1_173' title='bbox 924 2270 982 2323; x_wconf 89' lang='lat' dir='ltr'><strong>in</strong></span> <span class='ocrx_word' id='word_1_174' title='bbox 1014 2266 1360 2338; x_wconf 83' lang='lat' dir='ltr'><strong>Scripturis?</strong></span> <span class='ocrx_word' id='word_1_175' title='bbox 1390 2267 1487 2321; x_wconf 86' lang='lat' dir='ltr'><strong>Ar.</strong></span> <span class='ocrx_word' id='word_1_176' title='bbox 1520 2265 1653 2333; x_wconf 72' lang='lat' dir='ltr'><strong>Quae</strong></span> <span class='ocrx_word' id='word_1_177' title='bbox 1686 2264 1997 2321; x_wconf 79' lang='lat' dir='ltr'><strong>istiusmodi</strong></span> 
     </span>
    </p>
   </div>
   <div class='ocr_carea' id='block_1_27' title="bbox 410 2358 1999 2432">
    <p class='ocr_par' dir='ltr' id='par_1_27' title="bbox 410 2358 1999 2432">
     <span class='ocr_line' id='line_1_27' title="bbox 410 2358 1999 2432; baseline -0.003 -18"><span class='ocrx_word' id='word_1_178' title='bbox 410 2367 543 2414; x_wconf 81' lang='lat' dir='ltr'><strong>sunt</strong></span> <span class='ocrx_word' id='word_1_179' title='bbox 616 2360 977 2432; x_wconf 89' lang='lat' dir='ltr'><strong>intelligimus</strong></span> <span class='ocrx_word' id='word_1_180' title='bbox 1048 2360 1447 2416; x_wconf 80' lang='lat' dir='ltr'><strong>convenienter</strong></span> <span class='ocrx_word' id='word_1_181' title='bbox 1502 2358 1821 2413; x_wconf 89' lang='lat' dir='ltr'><strong>notionibus</strong></span> <span class='ocrx_word' id='word_1_182' title='bbox 1875 2371 1999 2427; x_wconf 66' lang='lat' dir='ltr'><strong>quae</strong></span> 
     </span>
    </p>
   </div>
   <div class='ocr_carea' id='block_1_28' title="bbox 410 2449 1999 2526">
    <p class='ocr_par' dir='ltr' id='par_1_28' title="bbox 410 2449 1999 2526">
     <span class='ocr_line' id='line_1_28' title="bbox 410 2449 1999 2526; baseline -0.003 -18"><span class='ocrx_word' id='word_1_183' title='bbox 410 2453 539 2509; x_wconf 88' lang='lat' dir='ltr'><strong>inde</strong></span> <span class='ocrx_word' id='word_1_184' title='bbox 561 2460 888 2526; x_wconf 88' lang='lat' dir='ltr'><strong>sequuntur.</strong></span> <span class='ocrx_word' id='word_1_185' title='bbox 921 2451 1058 2508; x_wconf 84' lang='lat' dir='ltr'><strong>Nam</strong></span> <span class='ocrx_word' id='word_1_186' title='bbox 1088 2454 1135 2508; x_wconf 89' lang='lat' dir='ltr'><strong>si</strong></span> <span class='ocrx_word' id='word_1_187' title='bbox 1164 2453 1264 2517; x_wconf 88' lang='lat' dir='ltr'><strong>ait,</strong></span> <span class='ocrx_word' id='word_1_188' title='bbox 1298 2471 1317 2503; x_wconf 79' lang='grc' dir='ltr'><strong>ι</strong></span> <span class='ocrx_word' id='word_1_189' title='bbox 1347 2452 1546 2506; x_wconf 76' lang='lat' dir='ltr'><strong>Manus</strong></span> <span class='ocrx_word' id='word_1_190' title='bbox 1590 2460 1697 2505; x_wconf 63' lang='lat' dir='ltr'><strong>tua:</strong></span> <span class='ocrx_word' id='word_1_191' title='bbox 1747 2449 1999 2505; x_wconf 80' lang='lat' dir='ltr'><strong>fecerunt</strong></span> 
     </span>
    </p>
   </div>
   <div class='ocr_carea' id='block_1_29' title="bbox 409 2539 1999 2618">
    <p class='ocr_par' dir='ltr' id='par_1_29' title="bbox 409 2539 1999 2618">
     <span class='ocr_line' id='line_1_29' title="bbox 409 2539 1999 2618; baseline -0.004 -16"><span class='ocrx_word' id='word_1_192' title='bbox 409 2561 500 2602; x_wconf 90' lang='lat' dir='ltr'><strong>me</strong></span> <span class='ocrx_word' id='word_1_193' title='bbox 533 2554 589 2602; x_wconf 88' lang='lat' dir='ltr'><strong>et</strong></span> <span class='ocrx_word' id='word_1_194' title='bbox 626 2546 1035 2618; x_wconf 89' lang='lat' dir='ltr'><strong>plasmaverunt</strong></span> <span class='ocrx_word' id='word_1_195' title='bbox 1064 2560 1149 2600; x_wconf 89' lang='lat' dir='ltr'><strong>me</strong></span> <span class='ocrx_word' id='word_1_196' title='bbox 1187 2545 1255 2612; x_wconf 83' lang='lat'><strong>°°,</strong></span> <span class='ocrx_word' id='word_1_197' title='bbox 1296 2563 1314 2597; x_wconf 74' lang='grc' dir='ltr'><strong>ι</strong></span> <span class='ocrx_word' id='word_1_198' title='bbox 1364 2543 1452 2598; x_wconf 93' lang='lat' dir='ltr'><strong>hic</strong></span> <span class='ocrx_word' id='word_1_199' title='bbox 1493 2542 1850 2613; x_wconf 85' lang='lat' dir='ltr'><strong>agnoscimus</strong></span> <span class='ocrx_word' id='word_1_200' title='bbox 1900 2539 1999 2596; x_wconf 88' lang='lat' dir='ltr'><strong>Dei</strong></span> 
     </span>
    </p>
   </div>
   <div class='ocr_carea' id='block_1_30' title="bbox 408 2634 1997 2702">
    <p class='ocr_par' dir='ltr' id='par_1_30' title="bbox 408 2634 1997 2702">
     <span class='ocr_line' id='line_1_30' title="bbox 408 2634 1997 2702; baseline -0.003 -9"><span class='ocrx_word' id='word_1_201' title='bbox 408 2637 521 2693; x_wconf 91' lang='lat' dir='ltr'><strong>vim</strong></span> <span class='ocrx_word' id='word_1_202' title='bbox 542 2637 786 2693; x_wconf 85' lang='lat' dir='ltr'><strong>creandi.</strong></span> <span class='ocrx_word' id='word_1_203' title='bbox 820 2637 957 2693; x_wconf 87' lang='lat' dir='ltr'><strong>Cum</strong></span> <span class='ocrx_word' id='word_1_204' title='bbox 986 2646 1168 2692; x_wconf 85' lang='lat' dir='ltr'><strong>autem</strong></span> <span class='ocrx_word' id='word_1_205' title='bbox 1206 2636 1361 2702; x_wconf 86' lang='lat' dir='ltr'><strong>dicit,</strong></span> <span class='ocrx_word' id='word_1_206' title='bbox 1400 2654 1420 2686; x_wconf 81' lang='grc' dir='ltr'><strong>ι</strong></span> <span class='ocrx_word' id='word_1_207' title='bbox 1457 2634 1749 2689; x_wconf 75' lang='lat' dir='ltr'><strong>Bracbium</strong></span> <span class='ocrx_word' id='word_1_208' title='bbox 1782 2634 1997 2689; x_wconf 90' lang='lat' dir='ltr'><strong>Domini</strong></span> 
     </span>
    </p>
   </div>
   <div class='ocr_carea' id='block_1_31' title="bbox 411 2726 1995 2801">
    <p class='ocr_par' dir='ltr' id='par_1_31' title="bbox 411 2726 1995 2801">
     <span class='ocr_line' id='line_1_31' title="bbox 411 2726 1995 2801; baseline -0.003 -15"><span class='ocrx_word' id='word_1_209' title='bbox 411 2732 501 2786; x_wconf 87' lang='lat' dir='ltr'><strong>cui</strong></span> <span class='ocrx_word' id='word_1_210' title='bbox 537 2732 951 2786; x_wconf 85' lang='lat' dir='ltr'><strong>revelatumest</strong></span> <span class='ocrx_word' id='word_1_211' title='bbox 981 2731 1063 2784; x_wconf 69' lang='lat'><strong>“&#39;3</strong></span> <span class='ocrx_word' id='word_1_212' title='bbox 1104 2749 1122 2782; x_wconf 75' lang='grc' dir='ltr'><strong>ι</strong></span> <span class='ocrx_word' id='word_1_213' title='bbox 1160 2732 1343 2801; x_wconf 87' lang='lat' dir='ltr'><strong>palam</strong></span> <span class='ocrx_word' id='word_1_214' title='bbox 1378 2736 1463 2785; x_wconf 90' lang='lat' dir='ltr'><strong>est</strong></span> <span class='ocrx_word' id='word_1_215' title='bbox 1496 2728 1586 2782; x_wconf 90' lang='lat' dir='ltr'><strong>hic</strong></span> <span class='ocrx_word' id='word_1_216' title='bbox 1617 2728 1685 2782; x_wconf 90' lang='lat' dir='ltr'><strong>de</strong></span> <span class='ocrx_word' id='word_1_217' title='bbox 1718 2726 1859 2782; x_wconf 89' lang='lat' dir='ltr'><strong>Filio</strong></span> <span class='ocrx_word' id='word_1_218' title='bbox 1876 2743 1995 2783; x_wconf 91' lang='lat' dir='ltr'><strong>ser-</strong></span> 
     </span>
    </p>
   </div>
   <div class='ocr_carea' id='block_1_32' title="bbox 410 2815 1998 2881">
    <p class='ocr_par' dir='ltr' id='par_1_32' title="bbox 410 2815 1998 2881">
     <span class='ocr_line' id='line_1_32' title="bbox 410 2815 1998 2881; baseline 0 -10"><span class='ocrx_word' id='word_1_219' title='bbox 410 2831 631 2873; x_wconf 88' lang='lat' dir='ltr'><strong>monem</strong></span> <span class='ocrx_word' id='word_1_220' title='bbox 663 2818 872 2873; x_wconf 88' lang='lat' dir='ltr'><strong>haberi.</strong></span> <span class='ocrx_word' id='word_1_221' title='bbox 904 2817 1031 2873; x_wconf 77' lang='lat' dir='ltr'><strong>Haec</strong></span> <span class='ocrx_word' id='word_1_222' title='bbox 1065 2820 1193 2872; x_wconf 89' lang='lat' dir='ltr'><strong>item</strong></span> <span class='ocrx_word' id='word_1_223' title='bbox 1220 2819 1407 2881; x_wconf 87' lang='lat' dir='ltr'><strong>verba,</strong></span> <span class='ocrx_word' id='word_1_224' title='bbox 1433 2836 1452 2869; x_wconf 77' lang='grc' dir='ltr'><strong>ι</strong></span> <span class='ocrx_word' id='word_1_225' title='bbox 1491 2815 1726 2872; x_wconf 82' lang='lat' dir='ltr'><strong>Dextera</strong></span> <span class='ocrx_word' id='word_1_226' title='bbox 1780 2815 1998 2871; x_wconf 86' lang='lat' dir='ltr'><strong>Domini</strong></span> 
     </span>
    </p>
   </div>
   <div class='ocr_carea' id='block_1_33' title="bbox 409 2906 1999 2983">
    <p class='ocr_par' dir='ltr' id='par_1_33' title="bbox 409 2906 1999 2983">
     <span class='ocr_line' id='line_1_33' title="bbox 409 2906 1999 2983; baseline -0.001 -16"><span class='ocrx_word' id='word_1_227' title='bbox 409 2906 543 2967; x_wconf 76' lang='lat' dir='ltr'><strong>fecit</strong></span> <span class='ocrx_word' id='word_1_228' title='bbox 558 2911 819 2967; x_wconf 81' lang='lat' dir='ltr'><strong>virtutem</strong></span> <span class='ocrx_word' id='word_1_229' title='bbox 840 2913 909 2977; x_wconf 85' lang='lat'><strong>&quot;,</strong></span> <span class='ocrx_word' id='word_1_230' title='bbox 937 2932 956 2965; x_wconf 74' lang='grc' dir='ltr'><strong>ι</strong></span> <span class='ocrx_word' id='word_1_231' title='bbox 997 2912 1205 2982; x_wconf 87' lang='lat' dir='ltr'><strong>absque</strong></span> <span class='ocrx_word' id='word_1_232' title='bbox 1226 2912 1394 2968; x_wconf 85' lang='lat' dir='ltr'><strong>dubio</strong></span> <span class='ocrx_word' id='word_1_233' title='bbox 1428 2910 1625 2966; x_wconf 86' lang='lat' dir='ltr'><strong>Filium</strong></span> <span class='ocrx_word' id='word_1_234' title='bbox 1664 2910 1999 2983; x_wconf 77' lang='lat' dir='ltr'><strong>significant,</strong></span> 
     </span>
    </p>
   </div>
   <div class='ocr_carea' id='block_1_34' title="bbox 409 3001 1999 3074">
    <p class='ocr_par' dir='ltr' id='par_1_34' title="bbox 409 3001 1999 3074">
     <span class='ocr_line' id='line_1_34' title="bbox 409 3001 1999 3074; baseline 0.002 -18"><span class='ocrx_word' id='word_1_235' title='bbox 409 3018 511 3074; x_wconf 87' lang='lat' dir='ltr'><strong>per</strong></span> <span class='ocrx_word' id='word_1_236' title='bbox 532 3018 695 3073; x_wconf 91' lang='lat' dir='ltr'><strong>quem</strong></span> <span class='ocrx_word' id='word_1_237' title='bbox 718 3001 862 3058; x_wconf 76' lang='lat' dir='ltr'><strong>facta</strong></span> <span class='ocrx_word' id='word_1_238' title='bbox 889 3012 1019 3059; x_wconf 90' lang='lat' dir='ltr'><strong>sunt</strong></span> <span class='ocrx_word' id='word_1_239' title='bbox 1034 3005 1242 3059; x_wconf 90' lang='lat' dir='ltr'><strong>omnia.</strong></span> <span class='ocrx_word' id='word_1_240' title='bbox 1273 3003 1401 3059; x_wconf 84' lang='lat' dir='ltr'><strong>Ath.</strong></span> <span class='ocrx_word' id='word_1_241' title='bbox 1422 3002 1715 3058; x_wconf 88' lang='lat' dir='ltr'><strong>Bracbium</strong></span> <span class='ocrx_word' id='word_1_242' title='bbox 1735 3003 1808 3067; x_wconf 91' lang='lat' dir='ltr'><strong>ei,</strong></span> <span class='ocrx_word' id='word_1_243' title='bbox 1839 3004 1999 3073; x_wconf 90' lang='lat' dir='ltr'><strong>cujus</strong></span> 
     </span>
    </p>
   </div>
   <div class='ocr_carea' id='block_1_35' title="bbox 408 3097 1995 3162">
    <p class='ocr_par' dir='ltr' id='par_1_35' title="bbox 408 3097 1995 3162">
     <span class='ocr_line' id='line_1_35' title="bbox 408 3097 1995 3162; baseline 0 -10"><span class='ocrx_word' id='word_1_244' title='bbox 408 3103 498 3152; x_wconf 87' lang='lat' dir='ltr'><strong>est</strong></span> <span class='ocrx_word' id='word_1_245' title='bbox 521 3097 832 3162; x_wconf 87' lang='lat' dir='ltr'><strong>brachium,</strong></span> <span class='ocrx_word' id='word_1_246' title='bbox 866 3097 1341 3153; x_wconf 78' lang='lat' dir='ltr'><strong>consubsmntiale</strong></span> <span class='ocrx_word' id='word_1_247' title='bbox 1362 3105 1469 3161; x_wconf 84' lang='lat' dir='ltr'><strong>est,</strong></span> <span class='ocrx_word' id='word_1_248' title='bbox 1504 3112 1573 3150; x_wconf 89' lang='lat' dir='ltr'><strong>an</strong></span> <span class='ocrx_word' id='word_1_249' title='bbox 1605 3112 1715 3151; x_wconf 90' lang='lat' dir='ltr'><strong>non</strong></span> <span class='ocrx_word' id='word_1_250' title='bbox 1748 3097 1869 3152; x_wconf 84' lang='lat' dir='ltr'><strong>est?</strong></span> <span class='ocrx_word' id='word_1_251' title='bbox 1899 3099 1995 3152; x_wconf 79' lang='lat' dir='ltr'><strong>Ar.</strong></span> 
     </span>
    </p>
   </div>
   <div class='ocr_carea' id='block_1_36' title="bbox 410 3187 1999 3259">
    <p class='ocr_par' dir='ltr' id='par_1_36' title="bbox 410 3187 1999 3259">
     <span class='ocr_line' id='line_1_36' title="bbox 410 3187 1999 3259; baseline 0 -15"><span class='ocrx_word' id='word_1_252' title='bbox 410 3188 490 3245; x_wconf 77' lang='lat' dir='ltr'><strong>Ita</strong></span> <span class='ocrx_word' id='word_1_253' title='bbox 530 3206 592 3246; x_wconf 89' lang='lat' dir='ltr'><strong>se</strong></span> <span class='ocrx_word' id='word_1_254' title='bbox 645 3205 737 3246; x_wconf 89' lang='lat' dir='ltr'><strong>res</strong></span> <span class='ocrx_word' id='word_1_255' title='bbox 776 3189 963 3245; x_wconf 88' lang='lat' dir='ltr'><strong>habet.</strong></span> <span class='ocrx_word' id='word_1_256' title='bbox 1024 3190 1151 3244; x_wconf 84' lang='lat' dir='ltr'><strong>Ath.</strong></span> <span class='ocrx_word' id='word_1_257' title='bbox 1186 3187 1367 3242; x_wconf 87' lang='lat' dir='ltr'><strong>Etiam</strong></span> <span class='ocrx_word' id='word_1_258' title='bbox 1405 3190 1632 3244; x_wconf 82' lang='lat' dir='ltr'><strong>dextera</strong></span> <span class='ocrx_word' id='word_1_259' title='bbox 1680 3190 1780 3252; x_wconf 91' lang='lat' dir='ltr'><strong>illi,</strong></span> <span class='ocrx_word' id='word_1_260' title='bbox 1839 3190 1999 3259; x_wconf 81' lang='lat' dir='ltr'><strong>cujus</strong></span> 
     </span>
    </p>
   </div>
   <div class='ocr_carea' id='block_1_37' title="bbox 410 3280 1997 3348">
    <p class='ocr_par' dir='ltr' id='par_1_37' title="bbox 410 3280 1997 3348">
     <span class='ocr_line' id='line_1_37' title="bbox 410 3280 1997 3348; baseline -0.002 -9"><span class='ocrx_word' id='word_1_261' title='bbox 410 3290 498 3339; x_wconf 90' lang='lat' dir='ltr'><strong>est</strong></span> <span class='ocrx_word' id='word_1_262' title='bbox 519 3282 767 3346; x_wconf 83' lang='lat' dir='ltr'><strong>dextera,</strong></span> <span class='ocrx_word' id='word_1_263' title='bbox 819 3280 1316 3337; x_wconf 88' lang='lat' dir='ltr'><strong>eonsubstantialis</strong></span> <span class='ocrx_word' id='word_1_264' title='bbox 1360 3292 1568 3348; x_wconf 44' lang='lat' dir='ltr'><strong>est,,an</strong></span> <span class='ocrx_word' id='word_1_265' title='bbox 1605 3295 1714 3335; x_wconf 91' lang='lat' dir='ltr'><strong>non</strong></span> <span class='ocrx_word' id='word_1_266' title='bbox 1739 3281 1858 3335; x_wconf 83' lang='lat' dir='ltr'><strong>est?</strong></span> <span class='ocrx_word' id='word_1_267' title='bbox 1898 3281 1997 3337; x_wconf 88' lang='lat' dir='ltr'><strong>Ar.</strong></span> 
     </span>
    </p>
   </div>
   <div class='ocr_carea' id='block_1_38' title="bbox 411 3369 1999 3444">
    <p class='ocr_par' dir='ltr' id='par_1_38' title="bbox 411 3369 1999 3444">
     <span class='ocr_line' id='line_1_38' title="bbox 411 3369 1999 3444; baseline -0.003 -14"><span class='ocrx_word' id='word_1_268' title='bbox 411 3374 494 3430; x_wconf 86' lang='lat' dir='ltr'><strong>lta</strong></span> <span class='ocrx_word' id='word_1_269' title='bbox 516 3389 738 3444; x_wconf 89' lang='lat' dir='ltr'><strong>quoque</strong></span> <span class='ocrx_word' id='word_1_270' title='bbox 753 3380 855 3428; x_wconf 89' lang='lat' dir='ltr'><strong>est.</strong></span> <span class='ocrx_word' id='word_1_271' title='bbox 888 3370 996 3426; x_wconf 91' lang='lat' dir='ltr'><strong>Sed</strong></span> <span class='ocrx_word' id='word_1_272' title='bbox 1026 3379 1083 3425; x_wconf 89' lang='lat' dir='ltr'><strong>tu</strong></span> <span class='ocrx_word' id='word_1_273' title='bbox 1104 3369 1238 3441; x_wconf 87' lang='lat' dir='ltr'><strong>quid</strong></span> <span class='ocrx_word' id='word_1_274' title='bbox 1260 3371 1342 3426; x_wconf 85' lang='lat' dir='ltr'><strong>vis</strong></span> <span class='ocrx_word' id='word_1_275' title='bbox 1373 3388 1461 3426; x_wconf 91' lang='lat' dir='ltr'><strong>me</strong></span> <span class='ocrx_word' id='word_1_276' title='bbox 1486 3380 1754 3426; x_wconf 63' lang='lat' dir='ltr'><strong>aeternum</strong></span> <span class='ocrx_word' id='word_1_277' title='bbox 1786 3370 1999 3426; x_wconf 88' lang='lat' dir='ltr'><strong>Numen</strong></span> 
     </span>
    </p>
   </div>
   <div class='ocr_carea' id='block_1_39' title="bbox 412 3462 1998 3538">
    <p class='ocr_par' dir='ltr' id='par_1_39' title="bbox 412 3462 1998 3538">
     <span class='ocr_line' id='line_1_39' title="bbox 412 3462 1998 3538; baseline -0.003 -15"><span class='ocrx_word' id='word_1_278' title='bbox 412 3467 782 3538; x_wconf 79' lang='lat' dir='ltr'><strong>componere?</strong></span> <span class='ocrx_word' id='word_1_279' title='bbox 802 3463 1166 3535; x_wconf 84' lang='lat' dir='ltr'><strong>Nunquamne</strong></span> <span class='ocrx_word' id='word_1_280' title='bbox 1216 3463 1553 3519; x_wconf 87' lang='lat' dir='ltr'><strong>Clementem</strong></span> <span class='ocrx_word' id='word_1_281' title='bbox 1581 3462 1731 3519; x_wconf 90' lang='lat' dir='ltr'><strong>Petri</strong></span> <span class='ocrx_word' id='word_1_282' title='bbox 1764 3465 1998 3535; x_wconf 90' lang='lat' dir='ltr'><strong>apostoli</strong></span> 
     </span>
    </p>
   </div>
   <div class='ocr_carea' id='block_1_40' title="bbox 412 3556 2000 3629">
    <p class='ocr_par' dir='ltr' id='par_1_40' title="bbox 412 3556 2000 3629">
     <span class='ocr_line' id='line_1_40' title="bbox 412 3556 2000 3629; baseline -0.003 -14"><span class='ocrx_word' id='word_1_283' title='bbox 412 3559 745 3629; x_wconf 89' lang='lat' dir='ltr'><strong>discipulum</strong></span> <span class='ocrx_word' id='word_1_284' title='bbox 779 3557 1002 3621; x_wconf 80' lang='lat' dir='ltr'><strong>audisti,</strong></span> <span class='ocrx_word' id='word_1_285' title='bbox 1039 3558 1135 3628; x_wconf 87' lang='lat' dir='ltr'><strong>qui</strong></span> <span class='ocrx_word' id='word_1_286' title='bbox 1163 3557 1385 3628; x_wconf 88' lang='lat' dir='ltr'><strong>quidem</strong></span> <span class='ocrx_word' id='word_1_287' title='bbox 1435 3556 1757 3629; x_wconf 89' lang='lat' dir='ltr'><strong>hujusmodi</strong></span> <span class='ocrx_word' id='word_1_288' title='bbox 1804 3558 2000 3613; x_wconf 86' lang='lat' dir='ltr'><strong>evertit</strong></span> 
     </span>
    </p>
   </div>
   <div class='ocr_carea' id='block_1_41' title="bbox 413 3646 2000 3720">
    <p class='ocr_par' dir='ltr' id='par_1_41' title="bbox 413 3646 2000 3720">
     <span class='ocr_line' id='line_1_41' title="bbox 413 3646 2000 3720; baseline -0.003 -13"><span class='ocrx_word' id='word_1_289' title='bbox 413 3649 763 3707; x_wconf 88' lang='lat' dir='ltr'><strong>doctrinam?</strong></span> <span class='ocrx_word' id='word_1_290' title='bbox 789 3646 915 3705; x_wconf 83' lang='lat' dir='ltr'><strong>Ath.</strong></span> <span class='ocrx_word' id='word_1_291' title='bbox 952 3648 1288 3717; x_wconf 86' lang='lat' dir='ltr'><strong>Memineris,</strong></span> <span class='ocrx_word' id='word_1_292' title='bbox 1333 3665 1543 3720; x_wconf 67' lang='lat' dir='ltr'><strong>quaeso,</strong></span> <span class='ocrx_word' id='word_1_293' title='bbox 1577 3649 1773 3714; x_wconf 89' lang='lat' dir='ltr'><strong>amice,</strong></span> <span class='ocrx_word' id='word_1_294' title='bbox 1806 3664 2000 3705; x_wconf 90' lang='lat' dir='ltr'><strong>eorum</strong></span> 
     </span>
    </p>
   </div>
   <div class='ocr_carea' id='block_1_42' title="bbox 414 3738 2001 3814">
    <p class='ocr_par' dir='ltr' id='par_1_42' title="bbox 414 3738 2001 3814">
     <span class='ocr_line' id='line_1_42' title="bbox 414 3738 2001 3814; baseline -0.001 -18"><span class='ocrx_word' id='word_1_295' title='bbox 414 3758 537 3814; x_wconf 70' lang='lat' dir='ltr'><strong>quae</strong></span> <span class='ocrx_word' id='word_1_296' title='bbox 557 3742 704 3797; x_wconf 89' lang='lat' dir='ltr'><strong>dicta</strong></span> <span class='ocrx_word' id='word_1_297' title='bbox 738 3749 889 3806; x_wconf 89' lang='lat' dir='ltr'><strong>sunt,</strong></span> <span class='ocrx_word' id='word_1_298' title='bbox 923 3757 1026 3797; x_wconf 88' lang='lat' dir='ltr'><strong>nec</strong></span> <span class='ocrx_word' id='word_1_299' title='bbox 1059 3743 1193 3798; x_wconf 88' lang='lat' dir='ltr'><strong>velis</strong></span> <span class='ocrx_word' id='word_1_300' title='bbox 1224 3757 1433 3798; x_wconf 89' lang='lat' dir='ltr'><strong>errare.</strong></span> <span class='ocrx_word' id='word_1_301' title='bbox 1466 3740 1581 3812; x_wconf 86' lang='lat' dir='ltr'><strong>Ego</strong></span> <span class='ocrx_word' id='word_1_302' title='bbox 1612 3743 1758 3797; x_wconf 87' lang='lat' dir='ltr'><strong>enim</strong></span> <span class='ocrx_word' id='word_1_303' title='bbox 1784 3738 2001 3796; x_wconf 88' lang='lat' dir='ltr'><strong>Numen</strong></span> 
     </span>
    </p>
   </div>
   <div class='ocr_carea' id='block_1_43' title="bbox 414 3833 2001 3906">
    <p class='ocr_par' dir='ltr' id='par_1_43' title="bbox 414 3833 2001 3906">
     <span class='ocr_line' id='line_1_43' title="bbox 414 3833 2001 3906; baseline -0.003 -14"><span class='ocrx_word' id='word_1_304' title='bbox 414 3850 669 3901; x_wconf 84' lang='lat' dir='ltr'><strong>veneror,</strong></span> <span class='ocrx_word' id='word_1_305' title='bbox 707 3833 856 3906; x_wconf 90' lang='lat' dir='ltr'><strong>quod</strong></span> <span class='ocrx_word' id='word_1_306' title='bbox 900 3836 971 3890; x_wconf 91' lang='lat' dir='ltr'><strong>sit</strong></span> <span class='ocrx_word' id='word_1_307' title='bbox 1024 3835 1279 3905; x_wconf 81' lang='lat' dir='ltr'><strong>simplex,</strong></span> <span class='ocrx_word' id='word_1_308' title='bbox 1324 3850 1428 3890; x_wconf 87' lang='lat' dir='ltr'><strong>nec</strong></span> <span class='ocrx_word' id='word_1_309' title='bbox 1475 3834 1868 3904; x_wconf 78' lang='lat' dir='ltr'><strong>compositum,</strong></span> <span class='ocrx_word' id='word_1_310' title='bbox 1904 3841 2001 3889; x_wconf 91' lang='lat' dir='ltr'><strong>aut</strong></span> 
     </span>
    </p>
   </div>
   <div class='ocr_carea' id='block_1_44' title="bbox 415 3924 2002 3998">
    <p class='ocr_par' dir='ltr' id='par_1_44' title="bbox 415 3924 2002 3998">
     <span class='ocr_line' id='line_1_44' title="bbox 415 3924 2002 3998; baseline -0.004 -14"><span class='ocrx_word' id='word_1_311' title='bbox 415 3928 916 3998; x_wconf 89' lang='lat' dir='ltr'><strong>circumscriptum,</strong></span> <span class='ocrx_word' id='word_1_312' title='bbox 955 3926 1119 3996; x_wconf 90' lang='lat' dir='ltr'><strong>idque</strong></span> <span class='ocrx_word' id='word_1_313' title='bbox 1147 3942 1213 3982; x_wconf 82' lang='lat' dir='ltr'><strong>ex</strong></span> <span class='ocrx_word' id='word_1_314' title='bbox 1236 3926 1412 3981; x_wconf 92' lang='lat' dir='ltr'><strong>sacris</strong></span> <span class='ocrx_word' id='word_1_315' title='bbox 1438 3935 1493 3980; x_wconf 89' lang='lat' dir='ltr'><strong>et</strong></span> <span class='ocrx_word' id='word_1_316' title='bbox 1517 3924 1723 3982; x_wconf 90' lang='lat' dir='ltr'><strong>divinis</strong></span> <span class='ocrx_word' id='word_1_317' title='bbox 1752 3924 2002 3996; x_wconf 86' lang='lat' dir='ltr'><strong>Scriptu-</strong></span> 
     </span>
    </p>
   </div>
   <div class='ocr_carea' id='block_1_45' title="bbox 413 4017 2000 4089">
    <p class='ocr_par' dir='ltr' id='par_1_45' title="bbox 413 4017 2000 4089">
     <span class='ocr_line' id='line_1_45' title="bbox 413 4017 2000 4089; baseline -0.003 -12"><span class='ocrx_word' id='word_1_318' title='bbox 413 4022 494 4077; x_wconf 85' lang='lat' dir='ltr'><strong>ris</strong></span> <span class='ocrx_word' id='word_1_319' title='bbox 519 4020 709 4084; x_wconf 90' lang='lat' dir='ltr'><strong>didici,</strong></span> <span class='ocrx_word' id='word_1_320' title='bbox 733 4035 834 4075; x_wconf 90' lang='lat' dir='ltr'><strong>nec</strong></span> <span class='ocrx_word' id='word_1_321' title='bbox 864 4035 974 4073; x_wconf 89' lang='lat' dir='ltr'><strong>non</strong></span> <span class='ocrx_word' id='word_1_322' title='bbox 1005 4018 1183 4073; x_wconf 88' lang='lat' dir='ltr'><strong>abhis</strong></span> <span class='ocrx_word' id='word_1_323' title='bbox 1212 4018 1308 4089; x_wconf 92' lang='lat' dir='ltr'><strong>qui</strong></span> <span class='ocrx_word' id='word_1_324' title='bbox 1342 4018 1605 4073; x_wconf 89' lang='lat' dir='ltr'><strong>continua</strong></span> <span class='ocrx_word' id='word_1_325' title='bbox 1644 4017 2000 4073; x_wconf 89' lang='lat' dir='ltr'><strong>successione</strong></span> 
     </span>
    </p>
   </div>
   <div class='ocr_carea' id='block_1_46' title="bbox 414 4109 1996 4185">
    <p class='ocr_par' dir='ltr' id='par_1_46' title="bbox 414 4109 1996 4185">
     <span class='ocr_line' id='line_1_46' title="bbox 414 4109 1996 4185; baseline -0.006 -15"><span class='ocrx_word' id='word_1_326' title='bbox 414 4113 656 4185; x_wconf 90' lang='lat' dir='ltr'><strong>episcopi</strong></span> <span class='ocrx_word' id='word_1_327' title='bbox 685 4111 927 4167; x_wconf 82' lang='lat' dir='ltr'><strong>fuerunt.</strong></span> <span class='ocrx_word' id='word_1_328' title='bbox 978 4109 1195 4165; x_wconf 88' lang='lat' dir='ltr'><strong>Nullam</strong></span> <span class='ocrx_word' id='word_1_329' title='bbox 1229 4111 1400 4182; x_wconf 85' lang='lat' dir='ltr'><strong>igitur</strong></span> <span class='ocrx_word' id='word_1_330' title='bbox 1450 4110 1613 4164; x_wconf 90' lang='lat' dir='ltr'><strong>aliam</strong></span> <span class='ocrx_word' id='word_1_331' title='bbox 1667 4109 1737 4163; x_wconf 93' lang='lat' dir='ltr'><strong>ob</strong></span> <span class='ocrx_word' id='word_1_332' title='bbox 1773 4124 1996 4163; x_wconf 88' lang='lat' dir='ltr'><strong>causam</strong></span> 
     </span>
    </p>
   </div>
   <div class='ocr_carea' id='block_1_47' title="bbox 416 4200 1996 4276">
    <p class='ocr_par' dir='ltr' id='par_1_47' title="bbox 416 4200 1996 4276">
     <span class='ocr_line' id='line_1_47' title="bbox 416 4200 1996 4276; baseline -0.004 -16"><span class='ocrx_word' id='word_1_333' title='bbox 416 4205 704 4276; x_wconf 87' lang='lat' dir='ltr'><strong>Scriptura</strong></span> <span class='ocrx_word' id='word_1_334' title='bbox 757 4203 984 4270; x_wconf 86' lang='lat' dir='ltr'><strong>Filium,</strong></span> <span class='ocrx_word' id='word_1_335' title='bbox 1048 4202 1343 4257; x_wconf 87' lang='lat' dir='ltr'><strong>brachium</strong></span> <span class='ocrx_word' id='word_1_336' title='bbox 1384 4209 1440 4256; x_wconf 89' lang='lat' dir='ltr'><strong>et</strong></span> <span class='ocrx_word' id='word_1_337' title='bbox 1484 4200 1767 4256; x_wconf 78' lang='lat' dir='ltr'><strong>dexteram</strong></span> <span class='ocrx_word' id='word_1_338' title='bbox 1813 4208 1996 4264; x_wconf 88' lang='lat' dir='ltr'><strong>vocat,</strong></span> 
     </span>
    </p>
   </div>
   <div class='ocr_carea' id='block_1_48' title="bbox 412 4291 2001 4368">
    <p class='ocr_par' dir='ltr' id='par_1_48' title="bbox 412 4291 2001 4368">
     <span class='ocr_line' id='line_1_48' title="bbox 412 4291 2001 4368; baseline -0.003 -17"><span class='ocrx_word' id='word_1_339' title='bbox 412 4313 580 4368; x_wconf 86' lang='lat' dir='ltr'><strong>quam</strong></span> <span class='ocrx_word' id='word_1_340' title='bbox 611 4304 671 4351; x_wconf 90' lang='lat' dir='ltr'><strong>ut</strong></span> <span class='ocrx_word' id='word_1_341' title='bbox 703 4297 792 4366; x_wconf 90' lang='lat' dir='ltr'><strong>pie</strong></span> <span class='ocrx_word' id='word_1_342' title='bbox 844 4295 1215 4366; x_wconf 88' lang='lat' dir='ltr'><strong>intelligamus</strong></span> <span class='ocrx_word' id='word_1_343' title='bbox 1276 4293 1477 4348; x_wconf 83' lang='lat' dir='ltr'><strong>Filium</strong></span> <span class='ocrx_word' id='word_1_344' title='bbox 1510 4307 1631 4349; x_wconf 89' lang='lat' dir='ltr'><strong>esse</strong></span> <span class='ocrx_word' id='word_1_345' title='bbox 1683 4291 1832 4347; x_wconf 89' lang='lat' dir='ltr'><strong>Patri</strong></span> <span class='ocrx_word' id='word_1_346' title='bbox 1866 4309 2001 4349; x_wconf 91' lang='lat' dir='ltr'><strong>con-</strong></span> 
     </span>
    </p>
   </div>
   <div class='ocr_carea' id='block_1_49' title="bbox 414 4382 1997 4455">
    <p class='ocr_par' dir='ltr' id='par_1_49' title="bbox 414 4382 1997 4455">
     <span class='ocr_line' id='line_1_49' title="bbox 414 4382 1997 4455; baseline -0.004 -13"><span class='ocrx_word' id='word_1_347' title='bbox 414 4386 837 4443; x_wconf 86' lang='lat' dir='ltr'><strong>substantialem</strong></span> <span class='ocrx_word' id='word_1_348' title='bbox 868 4400 879 4435; x_wconf 91' lang='lat'><strong>:</strong></span> <span class='ocrx_word' id='word_1_349' title='bbox 909 4384 1035 4455; x_wconf 92' lang='lat' dir='ltr'><strong>quia</strong></span> <span class='ocrx_word' id='word_1_350' title='bbox 1087 4383 1349 4437; x_wconf 89' lang='lat' dir='ltr'><strong>nimirum</strong></span> <span class='ocrx_word' id='word_1_351' title='bbox 1408 4382 1466 4436; x_wconf 89' lang='lat' dir='ltr'><strong>in</strong></span> <span class='ocrx_word' id='word_1_352' title='bbox 1522 4382 1742 4437; x_wconf 89' lang='lat' dir='ltr'><strong>homine</strong></span> <span class='ocrx_word' id='word_1_353' title='bbox 1781 4383 1997 4453; x_wconf 88' lang='lat' dir='ltr'><strong>concipi</strong></span> 
     </span>
    </p>
   </div>
   <div class='ocr_carea' id='block_1_50' title="bbox 2095 518 2650 590">
    <p class='ocr_par' dir='ltr' id='par_1_50' title="bbox 2095 518 2650 590">
     <span class='ocr_line' id='line_1_50' title="bbox 2095 518 2650 590; baseline 0.002 -20"><span class='ocrx_word' id='word_1_354' title='bbox 2095 519 2206 573; x_wconf 83' lang='grc' dir='ltr'><strong>τῶν</strong></span> <span class='ocrx_word' id='word_1_355' title='bbox 2237 518 2311 590; x_wconf 82' lang='grc' dir='ltr'><strong>μὴ</strong></span> <span class='ocrx_word' id='word_1_356' title='bbox 2335 518 2650 590; x_wconf 85' lang='grc' dir='ltr'>ὁρωμένων.</span> 
     </span>
    </p>
   </div>
   <div class='ocr_carea' id='block_1_51' title="bbox 2168 605 3692 680">
    <p class='ocr_par' dir='ltr' id='par_1_51' title="bbox 2168 605 3692 680">
     <span class='ocr_line' id='line_1_51' title="bbox 2168 605 3692 680; baseline -0.005 -14"><span class='ocrx_word' id='word_1_357' title='bbox 2168 611 2255 666; x_wconf 78' lang='grc'><strong>51.</strong></span> <span class='ocrx_word' id='word_1_358' title='bbox 2306 612 2433 680; x_wconf 89' lang='lat' dir='ltr'><strong>&quot;Ap.</strong></span> <span class='ocrx_word' id='word_1_359' title='bbox 2482 606 2635 664; x_wconf 77' lang='grc' dir='ltr'><strong>εἴπεο</strong></span> <span class='ocrx_word' id='word_1_360' title='bbox 2666 609 2792 673; x_wconf 85' lang='grc' dir='ltr'><strong>Πῶς</strong></span> <span class='ocrx_word' id='word_1_361' title='bbox 2833 605 2978 664; x_wconf 83' lang='grc' dir='ltr'><strong>οὖνὸ</strong></span> <span class='ocrx_word' id='word_1_362' title='bbox 3009 607 3214 680; x_wconf 89' lang='grc' dir='ltr'><strong>Κύριος</strong></span> <span class='ocrx_word' id='word_1_363' title='bbox 3254 607 3436 676; x_wconf 76' lang='grc' dir='ltr'><strong>λέγει’</strong></span> <span class='ocrx_word' id='word_1_364' title='bbox 3474 626 3495 658; x_wconf 72' lang='grc' dir='ltr'><strong>ι</strong></span> <span class='ocrx_word' id='word_1_365' title='bbox 3536 605 3692 675; x_wconf 83' lang='grc' dir='ltr'><strong>Ἐγώ</strong></span> 
     </span>
    </p>
   </div>
   <div class='ocr_carea' id='block_1_52' title="bbox 2096 701 3693 776">
    <p class='ocr_par' dir='ltr' id='par_1_52' title="bbox 2096 701 3693 776">
     <span class='ocr_line' id='line_1_52' title="bbox 2096 701 3693 776; baseline -0.003 -19"><span class='ocrx_word' id='word_1_366' title='bbox 2096 705 2214 774; x_wconf 82' lang='grc' dir='ltr'><strong>εἰμι</strong></span> <span class='ocrx_word' id='word_1_367' title='bbox 2238 706 2271 776; x_wconf 80' lang='grc' dir='ltr'>ἠ</span> <span class='ocrx_word' id='word_1_368' title='bbox 2299 703 2544 775; x_wconf 75' lang='grc' dir='ltr'><strong>ἄμπελος</strong></span> <span class='ocrx_word' id='word_1_369' title='bbox 2568 706 2604 775; x_wconf 77' lang='grc' dir='ltr'><strong>ἡ</strong></span> <span class='ocrx_word' id='word_1_370' title='bbox 2626 702 2875 775; x_wconf 84' lang='grc' dir='ltr'><strong>ἀληθινὴ,</strong></span> <span class='ocrx_word' id='word_1_371' title='bbox 2910 702 3007 757; x_wconf 76' lang='grc' dir='ltr'><strong>καὶ</strong></span> <span class='ocrx_word' id='word_1_372' title='bbox 3035 702 3065 755; x_wconf 83' lang='grc' dir='ltr'><strong>ὁ</strong></span> <span class='ocrx_word' id='word_1_373' title='bbox 3092 701 3283 776; x_wconf 80' lang='grc' dir='ltr'><strong>Πατήρ</strong></span> <span class='ocrx_word' id='word_1_374' title='bbox 3310 718 3411 772; x_wconf 89' lang='grc' dir='ltr'><strong>μου</strong></span> <span class='ocrx_word' id='word_1_375' title='bbox 3446 701 3475 753; x_wconf 85' lang='grc' dir='ltr'><strong>ὁ</strong></span> <span class='ocrx_word' id='word_1_376' title='bbox 3505 716 3693 771; x_wconf 86' lang='grc' dir='ltr'><strong>γεωρ-</strong></span> 
     </span>
    </p>
   </div>
   <div class='ocr_carea' id='block_1_53' title="bbox 2096 787 3692 866">
    <p class='ocr_par' dir='ltr' id='par_1_53' title="bbox 2096 787 3692 866">
     <span class='ocr_line' id='line_1_53' title="bbox 2096 787 3692 866; baseline -0.003 -19"><span class='ocrx_word' id='word_1_377' title='bbox 2096 794 2191 863; x_wconf 77' lang='grc' dir='ltr'><strong>γός</strong></span> <span class='ocrx_word' id='word_1_378' title='bbox 2220 797 2373 860; x_wconf 61' lang='lat' dir='ltr'><strong>tm;</strong></span> <span class='ocrx_word' id='word_1_379' title='bbox 2413 814 2432 847; x_wconf 74' lang='grc' dir='ltr'><strong>ι</strong></span> <span class='ocrx_word' id='word_1_380' title='bbox 2467 794 2560 866; x_wconf 81' lang='grc' dir='ltr'><strong>Μὴ</strong></span> <span class='ocrx_word' id='word_1_381' title='bbox 2600 793 2824 849; x_wconf 88' lang='grc' dir='ltr'><strong>δύναται</strong></span> <span class='ocrx_word' id='word_1_382' title='bbox 2858 791 3103 865; x_wconf 74' lang='grc' dir='ltr'><strong>ἄμπελος</strong></span> <span class='ocrx_word' id='word_1_383' title='bbox 3141 792 3240 846; x_wconf 80' lang='grc' dir='ltr'><strong>καὶ</strong></span> <span class='ocrx_word' id='word_1_384' title='bbox 3268 790 3516 863; x_wconf 80' lang='grc' dir='ltr'><strong>γεωργὸς</strong></span> <span class='ocrx_word' id='word_1_385' title='bbox 3540 787 3692 844; x_wconf 75' lang='grc' dir='ltr'><strong>εἶναι</strong></span> 
     </span>
    </p>
   </div>
   <div class='ocr_carea' id='block_1_54' title="bbox 2096 881 3689 958">
    <p class='ocr_par' dir='ltr' id='par_1_54' title="bbox 2096 881 3689 958">
     <span class='ocr_line' id='line_1_54' title="bbox 2096 881 3689 958; baseline -0.003 -19"><span class='ocrx_word' id='word_1_386' title='bbox 2096 886 2393 958; x_wconf 73' lang='grc' dir='ltr'><strong>ὁμοούσιας</strong></span> <span class='ocrx_word' id='word_1_387' title='bbox 2433 888 2552 942; x_wconf 90' lang='grc' dir='ltr'><strong>Ἀθ.</strong></span> <span class='ocrx_word' id='word_1_388' title='bbox 2584 881 2736 940; x_wconf 78' lang='grc' dir='ltr'><strong>εἷπε·</strong></span> <span class='ocrx_word' id='word_1_389' title='bbox 2760 885 2855 958; x_wconf 81' lang='grc' dir='ltr'><strong>Μὴ</strong></span> <span class='ocrx_word' id='word_1_390' title='bbox 2870 883 3252 958; x_wconf 78' lang='grc' dir='ltr'><strong>ἀκρωτηρίαζε</strong></span> <span class='ocrx_word' id='word_1_391' title='bbox 3280 883 3380 955; x_wconf 81' lang='grc' dir='ltr'><strong>τὴν</strong></span> <span class='ocrx_word' id='word_1_392' title='bbox 3397 883 3689 954; x_wconf 72' lang='grc' dir='ltr'><strong>Κυριακὴν</strong></span> 
     </span>
    </p>
   </div>
   <div class='ocr_carea' id='block_1_55' title="bbox 2098 975 3681 1050">
    <p class='ocr_par' dir='ltr' id='par_1_55' title="bbox 2098 975 3681 1050">
     <span class='ocr_line' id='line_1_55' title="bbox 2098 975 3681 1050; baseline -0.004 -17"><span class='ocrx_word' id='word_1_393' title='bbox 2098 982 2316 1050; x_wconf 79' lang='grc' dir='ltr'><strong>φωνήν·</strong></span> <span class='ocrx_word' id='word_1_394' title='bbox 2354 980 2491 1046; x_wconf 83' lang='grc' dir='ltr'><strong>ἀλλ’,</strong></span> <span class='ocrx_word' id='word_1_395' title='bbox 2516 979 2597 1044; x_wconf 84' lang='grc' dir='ltr'><strong>ὠς</strong></span> <span class='ocrx_word' id='word_1_396' title='bbox 2646 983 2844 1043; x_wconf 86' lang='grc' dir='ltr'><strong>κεῖται,</strong></span> <span class='ocrx_word' id='word_1_397' title='bbox 2900 978 3196 1048; x_wconf 83' lang='grc' dir='ltr'><strong>ἀνάγνωθι.</strong></span> <span class='ocrx_word' id='word_1_398' title='bbox 3228 995 3247 1028; x_wconf 72' lang='grc' dir='ltr'><strong>ι</strong></span> <span class='ocrx_word' id='word_1_399' title='bbox 3304 975 3446 1046; x_wconf 83' lang='grc' dir='ltr'><strong>Ἐγώ</strong></span> <span class='ocrx_word' id='word_1_400' title='bbox 3478 977 3617 1047; x_wconf 88' lang='grc' dir='ltr'><strong>είμι,</strong></span> <span class='ocrx_word' id='word_1_401' title='bbox 3659 995 3681 1026; x_wconf 73' lang='grc' dir='ltr'><strong>ι</strong></span> 
     </span>
    </p>
   </div>
   <div class='ocr_carea' id='block_1_56' title="bbox 2097 1068 3691 1145">
    <p class='ocr_par' dir='ltr' id='par_1_56' title="bbox 2097 1068 3691 1145">
     <span class='ocr_line' id='line_1_56' title="bbox 2097 1068 3691 1145; baseline -0.003 -19"><span class='ocrx_word' id='word_1_402' title='bbox 2097 1072 2264 1144; x_wconf 73' lang='grc' dir='ltr'><strong>φησὶν</strong></span> <span class='ocrx_word' id='word_1_403' title='bbox 2306 1073 2336 1126; x_wconf 82' lang='grc' dir='ltr'><strong>ὁ</strong></span> <span class='ocrx_word' id='word_1_404' title='bbox 2382 1072 2608 1145; x_wconf 88' lang='grc' dir='ltr'><strong>Κύριος,</strong></span> <span class='ocrx_word' id='word_1_405' title='bbox 2650 1092 2669 1124; x_wconf 85' lang='grc'><strong><em>‹</em></strong></span> <span class='ocrx_word' id='word_1_406' title='bbox 2708 1074 2742 1144; x_wconf 80' lang='grc' dir='ltr'><strong>ὴ</strong></span> <span class='ocrx_word' id='word_1_407' title='bbox 2782 1071 3026 1144; x_wconf 78' lang='grc' dir='ltr'><strong>ἄμπελος</strong></span> <span class='ocrx_word' id='word_1_408' title='bbox 3061 1073 3095 1143; x_wconf 80' lang='grc' dir='ltr'><strong>ή</strong></span> <span class='ocrx_word' id='word_1_409' title='bbox 3131 1069 3392 1142; x_wconf 84' lang='grc' dir='ltr'><strong>ἀληθινὴ,</strong></span> <span class='ocrx_word' id='word_1_410' title='bbox 3424 1070 3585 1141; x_wconf 84' lang='grc' dir='ltr'>ὑμεῖς</span> <span class='ocrx_word' id='word_1_411' title='bbox 3615 1068 3691 1121; x_wconf 76' lang='grc' dir='ltr'><strong>τὰ</strong></span> 
     </span>
    </p>
   </div>
   <div class='ocr_carea' id='block_1_57' title="bbox 2098 1163 3692 1238">
    <p class='ocr_par' dir='ltr' id='par_1_57' title="bbox 2098 1163 3692 1238">
     <span class='ocr_line' id='line_1_57' title="bbox 2098 1163 3692 1238; baseline -0.002 -19"><span class='ocrx_word' id='word_1_412' title='bbox 2098 1166 2375 1237; x_wconf 81' lang='grc' dir='ltr'><strong>κλήματα,</strong></span> <span class='ocrx_word' id='word_1_413' title='bbox 2403 1166 2432 1219; x_wconf 85' lang='grc' dir='ltr'>ὁ</span> <span class='ocrx_word' id='word_1_414' title='bbox 2460 1167 2652 1238; x_wconf 85' lang='grc' dir='ltr'><strong>Πατήρ</strong></span> <span class='ocrx_word' id='word_1_415' title='bbox 2677 1182 2781 1237; x_wconf 87' lang='grc' dir='ltr'><strong>μου</strong></span> <span class='ocrx_word' id='word_1_416' title='bbox 2818 1166 2848 1218; x_wconf 87' lang='grc' dir='ltr'>ὀ</span> <span class='ocrx_word' id='word_1_417' title='bbox 2879 1164 3124 1237; x_wconf 84' lang='grc' dir='ltr'><strong>γεωργός</strong></span> <span class='ocrx_word' id='word_1_418' title='bbox 3154 1166 3320 1218; x_wconf 76' lang='grc' dir='ltr'><strong>ἐστιν.</strong></span> <span class='ocrx_word' id='word_1_419' title='bbox 3363 1183 3383 1217; x_wconf 76' lang='grc' dir='ltr'><strong>ι</strong></span> <span class='ocrx_word' id='word_1_420' title='bbox 3418 1163 3556 1217; x_wconf 83' lang='grc' dir='ltr'><strong>Είπέ</strong></span> <span class='ocrx_word' id='word_1_421' title='bbox 3592 1180 3692 1235; x_wconf 84' lang='grc' dir='ltr'><strong>μοι</strong></span> 
     </span>
    </p>
   </div>
   <div class='ocr_carea' id='block_1_58' title="bbox 2096 1254 3707 1332">
    <p class='ocr_par' dir='ltr' id='par_1_58' title="bbox 2096 1254 3707 1332">
     <span class='ocr_line' id='line_1_58' title="bbox 2096 1254 3707 1332; baseline -0.001 -20"><span class='ocrx_word' id='word_1_422' title='bbox 2096 1254 2191 1312; x_wconf 80' lang='grc' dir='ltr'><strong>οὖν</strong></span> <span class='ocrx_word' id='word_1_423' title='bbox 2211 1276 2226 1291; x_wconf 78' lang='grc' dir='ltr'>ο</span> <span class='ocrx_word' id='word_1_424' title='bbox 2263 1261 2311 1313; x_wconf 85' lang='grc' dir='ltr'><strong>εί</strong></span> <span class='ocrx_word' id='word_1_425' title='bbox 2346 1260 2376 1313; x_wconf 86' lang='grc' dir='ltr'><strong>δ</strong></span> <span class='ocrx_word' id='word_1_426' title='bbox 2403 1258 2534 1324; x_wconf 82' lang='grc' dir='ltr'><strong>Υἱὸς</strong></span> <span class='ocrx_word' id='word_1_427' title='bbox 2554 1258 2841 1332; x_wconf 87' lang='grc' dir='ltr'><strong>ὁμοούσιος</strong></span> <span class='ocrx_word' id='word_1_428' title='bbox 2873 1258 2953 1331; x_wconf 83' lang='grc' dir='ltr'><strong>τῷ</strong></span> <span class='ocrx_word' id='word_1_429' title='bbox 2974 1259 3151 1332; x_wconf 82' lang='grc' dir='ltr'><strong>Πατρὶ</strong></span> <span class='ocrx_word' id='word_1_430' title='bbox 3177 1259 3278 1312; x_wconf 76' lang='grc' dir='ltr'><strong>οὐκ</strong></span> <span class='ocrx_word' id='word_1_431' title='bbox 3311 1257 3457 1311; x_wconf 77' lang='grc' dir='ltr'><strong>ἐστιν</strong></span> <span class='ocrx_word' id='word_1_432' title='bbox 3488 1259 3554 1312; x_wconf 82' lang='grc' dir='ltr'><strong>ὲκ</strong></span> <span class='ocrx_word' id='word_1_433' title='bbox 3585 1255 3707 1310; x_wconf 68' lang='grc' dir='ltr'><strong>τοῦν</strong></span> 
     </span>
    </p>
   </div>
   <div class='ocr_carea' id='block_1_59' title="bbox 2099 1346 3695 1423">
    <p class='ocr_par' dir='ltr' id='par_1_59' title="bbox 2099 1346 3695 1423">
     <span class='ocr_line' id='line_1_59' title="bbox 2099 1346 3695 1423; baseline -0.001 -18"><span class='ocrx_word' id='word_1_434' title='bbox 2099 1350 2546 1423; x_wconf 76' lang='grc' dir='ltr'><strong>παραδείγματος</strong></span> <span class='ocrx_word' id='word_1_435' title='bbox 2585 1351 2689 1422; x_wconf 81' lang='grc' dir='ltr'><strong>τῆς</strong></span> <span class='ocrx_word' id='word_1_436' title='bbox 2737 1350 2984 1422; x_wconf 81' lang='grc' dir='ltr'><strong>ἀμπέλου</strong></span> <span class='ocrx_word' id='word_1_437' title='bbox 3026 1351 3122 1404; x_wconf 73' lang='grc' dir='ltr'><strong>καὶ</strong></span> <span class='ocrx_word' id='word_1_438' title='bbox 3155 1348 3249 1404; x_wconf 83' lang='grc' dir='ltr'><strong>τοῦ</strong></span> <span class='ocrx_word' id='word_1_439' title='bbox 3277 1348 3548 1423; x_wconf 80' lang='grc' dir='ltr'><strong>γεωργοῦ,</strong></span> <span class='ocrx_word' id='word_1_440' title='bbox 3572 1346 3695 1420; x_wconf 86' lang='grc' dir='ltr'><strong>ἆρα.</strong></span> 
     </span>
    </p>
   </div>
   <div class='ocr_carea' id='block_1_60' title="bbox 2095 1437 3688 1518">
    <p class='ocr_par' dir='ltr' id='par_1_60' title="bbox 2095 1437 3688 1518">
     <span class='ocr_line' id='line_1_60' title="bbox 2095 1437 3688 1518; baseline -0.003 -18"><span class='ocrx_word' id='word_1_441' title='bbox 2095 1450 2209 1510; x_wconf 74' lang='grc' dir='ltr'><strong>τοῖς</strong></span> <span class='ocrx_word' id='word_1_442' title='bbox 2262 1445 2575 1518; x_wconf 86' lang='grc' dir='ltr'><strong>ἀνθρώποις</strong></span> <span class='ocrx_word' id='word_1_443' title='bbox 2630 1446 2917 1517; x_wconf 82' lang='grc' dir='ltr'><strong>ὁμοούσιον</strong></span> <span class='ocrx_word' id='word_1_444' title='bbox 2961 1445 3122 1500; x_wconf 81' lang='grc' dir='ltr'><strong>αὐτὸν</strong></span> <span class='ocrx_word' id='word_1_445' title='bbox 3157 1444 3297 1515; x_wconf 82' lang='grc' dir='ltr'><strong>φῄς;</strong></span> <span class='ocrx_word' id='word_1_446' title='bbox 3336 1445 3467 1513; x_wconf 89' lang='lat' dir='ltr'><strong>&quot;Ap.</strong></span> <span class='ocrx_word' id='word_1_447' title='bbox 3518 1437 3646 1496; x_wconf 77' lang='grc' dir='ltr'><strong>εἷπε</strong></span> <span class='ocrx_word' id='word_1_448' title='bbox 3671 1460 3688 1474; x_wconf 90' lang='grc'><strong>·</strong></span> 
     </span>
    </p>
   </div>
   <div class='ocr_carea' id='block_1_61' title="bbox 2097 1534 3696 1610">
    <p class='ocr_par' dir='ltr' id='par_1_61' title="bbox 2097 1534 3696 1610">
     <span class='ocr_line' id='line_1_61' title="bbox 2097 1534 3696 1610; baseline -0.004 -17"><span class='ocrx_word' id='word_1_449' title='bbox 2097 1539 2189 1610; x_wconf 82' lang='grc' dir='ltr'><strong>Μὴ</strong></span> <span class='ocrx_word' id='word_1_450' title='bbox 2218 1538 2463 1608; x_wconf 78' lang='grc' dir='ltr'><strong>γένοιτοί</strong></span> <span class='ocrx_word' id='word_1_451' title='bbox 2492 1539 2615 1592; x_wconf 92' lang='grc' dir='ltr'><strong>Ἀθ.</strong></span> <span class='ocrx_word' id='word_1_452' title='bbox 2664 1534 2783 1590; x_wconf 75' lang='grc' dir='ltr'><strong>εἷπε</strong></span> <span class='ocrx_word' id='word_1_453' title='bbox 2800 1553 2814 1568; x_wconf 76' lang='grc' dir='ltr'>ο</span> <span class='ocrx_word' id='word_1_454' title='bbox 2865 1537 3096 1608; x_wconf 86' lang='grc' dir='ltr'><strong>Πραέως</strong></span> <span class='ocrx_word' id='word_1_455' title='bbox 3125 1537 3380 1599; x_wconf 78' lang='grc' dir='ltr'><strong>ἄκουσον,</strong></span> <span class='ocrx_word' id='word_1_456' title='bbox 3422 1535 3518 1588; x_wconf 78' lang='grc' dir='ltr'><strong>καὶ</strong></span> <span class='ocrx_word' id='word_1_457' title='bbox 3545 1535 3696 1606; x_wconf 80' lang='grc' dir='ltr'>πρὸς</span> 
     </span>
    </p>
   </div>
   <div class='ocr_carea' id='block_1_62' title="bbox 2096 1626 3696 1699">
    <p class='ocr_par' dir='ltr' id='par_1_62' title="bbox 2096 1626 3696 1699">
     <span class='ocr_line' id='line_1_62' title="bbox 2096 1626 3696 1699; baseline -0.003 -15"><span class='ocrx_word' id='word_1_458' title='bbox 2096 1629 2270 1684; x_wconf 80' lang='grc' dir='ltr'><strong>ταῦτα</strong></span> <span class='ocrx_word' id='word_1_459' title='bbox 2293 1630 2491 1693; x_wconf 81' lang='grc' dir='ltr'><strong>ἀπόδος</strong></span> <span class='ocrx_word' id='word_1_460' title='bbox 2515 1646 2603 1699; x_wconf 89' lang='grc' dir='ltr'><strong>μοι</strong></span> <span class='ocrx_word' id='word_1_461' title='bbox 2631 1628 2790 1698; x_wconf 89' lang='grc' dir='ltr'><strong>λόγον</strong></span> <span class='ocrx_word' id='word_1_462' title='bbox 2807 1646 2821 1661; x_wconf 74' lang='grc' dir='ltr'>ο</span> <span class='ocrx_word' id='word_1_463' title='bbox 2857 1629 2922 1682; x_wconf 86' lang='grc' dir='ltr'><strong>Ἠ</strong></span> <span class='ocrx_word' id='word_1_464' title='bbox 2947 1627 3191 1699; x_wconf 75' lang='grc' dir='ltr'><strong>ἄμπελος</strong></span> <span class='ocrx_word' id='word_1_465' title='bbox 3219 1627 3315 1681; x_wconf 77' lang='grc' dir='ltr'><strong>καὶ</strong></span> <span class='ocrx_word' id='word_1_466' title='bbox 3341 1627 3410 1681; x_wconf 85' lang='grc' dir='ltr'><strong>τὰ</strong></span> <span class='ocrx_word' id='word_1_467' title='bbox 3431 1626 3696 1698; x_wconf 81' lang='grc' dir='ltr'>κλήματα</span> 
     </span>
    </p>
   </div>
   <div class='ocr_carea' id='block_1_63' title="bbox 2097 1716 3699 1797">
    <p class='ocr_par' dir='ltr' id='par_1_63' title="bbox 2097 1716 3699 1797">
     <span class='ocr_line' id='line_1_63' title="bbox 2097 1716 3699 1797; baseline -0.006 -18"><span class='ocrx_word' id='word_1_468' title='bbox 2097 1724 2359 1797; x_wconf 78' lang='grc' dir='ltr'><strong>ὁμοούσια</strong></span> <span class='ocrx_word' id='word_1_469' title='bbox 2393 1723 2675 1795; x_wconf 83' lang='grc' dir='ltr'><strong>τυγχάνει,</strong></span> <span class='ocrx_word' id='word_1_470' title='bbox 2697 1723 2784 1775; x_wconf 71' lang='grc' dir='ltr'><strong>ναὶ</strong></span> <span class='ocrx_word' id='word_1_471' title='bbox 2812 1721 2847 1793; x_wconf 82' lang='grc' dir='ltr'>ἢ</span> <span class='ocrx_word' id='word_1_472' title='bbox 2872 1720 2969 1787; x_wconf 74' lang='grc' dir='ltr'><strong>οὕς</strong></span> <span class='ocrx_word' id='word_1_473' title='bbox 2996 1722 3126 1789; x_wconf 87' lang='lat' dir='ltr'><strong>&quot;Ap.</strong></span> <span class='ocrx_word' id='word_1_474' title='bbox 3154 1716 3307 1773; x_wconf 86' lang='grc' dir='ltr'><strong>εἶπεν</strong></span> <span class='ocrx_word' id='word_1_475' title='bbox 3324 1736 3339 1749; x_wconf 80' lang='grc'><em>’</em></span> <span class='ocrx_word' id='word_1_476' title='bbox 3375 1716 3699 1791; x_wconf 82' lang='grc' dir='ltr'><strong>’Δραρότως</strong></span> 
     </span>
    </p>
   </div>
   <div class='ocr_carea' id='block_1_64' title="bbox 2100 1809 3709 1885">
    <p class='ocr_par' dir='ltr' id='par_1_64' title="bbox 2100 1809 3709 1885">
     <span class='ocr_line' id='line_1_64' title="bbox 2100 1809 3709 1885; baseline -0.005 -15"><span class='ocrx_word' id='word_1_477' title='bbox 2100 1815 2273 1871; x_wconf 81' lang='grc' dir='ltr'><strong>ταῦτα</strong></span> <span class='ocrx_word' id='word_1_478' title='bbox 2304 1814 2474 1880; x_wconf 76' lang='grc' dir='ltr'><strong>οὕτως</strong></span> <span class='ocrx_word' id='word_1_479' title='bbox 2510 1815 2644 1885; x_wconf 76' lang='grc' dir='ltr'><strong>ἔχει.</strong></span> <span class='ocrx_word' id='word_1_480' title='bbox 2687 1812 2848 1878; x_wconf 81' lang='grc' dir='ltr'><strong>Ἀξιῶ</strong></span> <span class='ocrx_word' id='word_1_481' title='bbox 2880 1812 3161 1883; x_wconf 87' lang='grc' dir='ltr'>συντόμως</span> <span class='ocrx_word' id='word_1_482' title='bbox 3192 1811 3288 1865; x_wconf 79' lang='grc' dir='ltr'><strong>καὶ</strong></span> <span class='ocrx_word' id='word_1_483' title='bbox 3326 1812 3393 1882; x_wconf 82' lang='grc' dir='ltr'><strong>τῇ</strong></span> <span class='ocrx_word' id='word_1_484' title='bbox 3425 1810 3534 1880; x_wconf 87' lang='grc'><strong>(67)</strong></span> <span class='ocrx_word' id='word_1_485' title='bbox 3563 1809 3709 1863; x_wconf 75' lang='grc' dir='ltr'><strong>τού-</strong></span> 
     </span>
    </p>
   </div>
   <div class='ocr_carea' id='block_1_65' title="bbox 2098 1902 3701 1979">
    <p class='ocr_par' dir='ltr' id='par_1_65' title="bbox 2098 1902 3701 1979">
     <span class='ocr_line' id='line_1_65' title="bbox 2098 1902 3701 1979; baseline -0.005 -16"><span class='ocrx_word' id='word_1_486' title='bbox 2098 1926 2194 1963; x_wconf 87' lang='grc' dir='ltr'><strong>του</strong></span> <span class='ocrx_word' id='word_1_487' title='bbox 2220 1906 2517 1979; x_wconf 79' lang='grc' dir='ltr'>κεφαλαίου</span> <span class='ocrx_word' id='word_1_488' title='bbox 2542 1907 2812 1979; x_wconf 77' lang='grc' dir='ltr'>σαφηνείᾳ</span> <span class='ocrx_word' id='word_1_489' title='bbox 2845 1907 2901 1959; x_wconf 81' lang='grc' dir='ltr'><strong>ὲν</strong></span> <span class='ocrx_word' id='word_1_490' title='bbox 2932 1904 3086 1975; x_wconf 87' lang='grc' dir='ltr'><strong>τάχει</strong></span> <span class='ocrx_word' id='word_1_491' title='bbox 3111 1904 3288 1976; x_wconf 82' lang='grc' dir='ltr'>πέρας</span> <span class='ocrx_word' id='word_1_492' title='bbox 3313 1902 3579 1957; x_wconf 74' lang='grc' dir='ltr'><strong>ἐπιθεῖναι</strong></span> <span class='ocrx_word' id='word_1_493' title='bbox 3607 1902 3701 1956; x_wconf 72' lang='grc' dir='ltr'><strong>θέο</strong></span> 
     </span>
    </p>
   </div>
   <div class='ocr_carea' id='block_1_66' title="bbox 2098 1988 3701 2070">
    <p class='ocr_par' dir='ltr' id='par_1_66' title="bbox 2098 1988 3701 2070">
     <span class='ocr_line' id='line_1_66' title="bbox 2098 1988 3701 2070; baseline -0.004 -18"><span class='ocrx_word' id='word_1_494' title='bbox 2098 1999 2293 2070; x_wconf 88' lang='grc' dir='ltr'><strong>λησον,</strong></span> <span class='ocrx_word' id='word_1_495' title='bbox 2337 1998 2483 2062; x_wconf 78' lang='grc' dir='ltr'>ὅπως</span> <span class='ocrx_word' id='word_1_496' title='bbox 2532 1996 2679 2068; x_wconf 82' lang='grc' dir='ltr'><strong>κάμὲ</strong></span> <span class='ocrx_word' id='word_1_497' title='bbox 2723 1996 2959 2070; x_wconf 82' lang='grc' dir='ltr'>ποιήσῃς</span> <span class='ocrx_word' id='word_1_498' title='bbox 3002 1993 3271 2060; x_wconf 82' lang='grc' dir='ltr'><strong>τοιοῦτον,</strong></span> <span class='ocrx_word' id='word_1_499' title='bbox 3325 1988 3440 2058; x_wconf 74' lang='grc' dir='ltr'><strong>οἷος</strong></span> <span class='ocrx_word' id='word_1_500' title='bbox 3479 1993 3574 2046; x_wconf 71' lang='grc' dir='ltr'><strong>καὶ</strong></span> <span class='ocrx_word' id='word_1_501' title='bbox 3622 1993 3701 2046; x_wconf 68' lang='grc' dir='ltr'>σὺ</span> 
     </span>
    </p>
   </div>
   <div class='ocr_carea' id='block_1_67' title="bbox 2097 2085 3705 2162">
    <p class='ocr_par' dir='ltr' id='par_1_67' title="bbox 2097 2085 3705 2162">
     <span class='ocr_line' id='line_1_67' title="bbox 2097 2085 3705 2162; baseline -0.005 -17"><span class='ocrx_word' id='word_1_502' title='bbox 2097 2091 2404 2162; x_wconf 83' lang='grc' dir='ltr'><strong>τυγχάνεις.</strong></span> <span class='ocrx_word' id='word_1_503' title='bbox 2430 2092 2552 2145; x_wconf 87' lang='grc' dir='ltr'><strong>Ἀθ.</strong></span> <span class='ocrx_word' id='word_1_504' title='bbox 2583 2085 2767 2143; x_wconf 78' lang='grc' dir='ltr'><strong>εἶπεν·</strong></span> <span class='ocrx_word' id='word_1_505' title='bbox 2805 2088 2931 2142; x_wconf 76' lang='grc' dir='ltr'><strong>Ἐὰν</strong></span> <span class='ocrx_word' id='word_1_506' title='bbox 2961 2086 3036 2159; x_wconf 84' lang='grc' dir='ltr'><strong>μὴ</strong></span> <span class='ocrx_word' id='word_1_507' title='bbox 3066 2088 3331 2160; x_wconf 83' lang='grc' dir='ltr'><strong>πρότερον</strong></span> <span class='ocrx_word' id='word_1_508' title='bbox 3360 2088 3528 2157; x_wconf 83' lang='grc' dir='ltr'><strong>ὅνπερ</strong></span> <span class='ocrx_word' id='word_1_509' title='bbox 3590 2087 3705 2138; x_wconf 73' lang='grc' dir='ltr'><strong>ἐπ-</strong></span> 
     </span>
    </p>
   </div>
   <div class='ocr_carea' id='block_1_68' title="bbox 2102 2178 3701 2255">
    <p class='ocr_par' dir='ltr' id='par_1_68' title="bbox 2102 2178 3701 2255">
     <span class='ocr_line' id='line_1_68' title="bbox 2102 2178 3701 2255; baseline -0.005 -18"><span class='ocrx_word' id='word_1_510' title='bbox 2102 2183 2294 2255; x_wconf 85' lang='grc' dir='ltr'><strong>ερωτῶ</strong></span> <span class='ocrx_word' id='word_1_511' title='bbox 2347 2181 2561 2252; x_wconf 85' lang='grc' dir='ltr'>ἀποδῷς</span> <span class='ocrx_word' id='word_1_512' title='bbox 2603 2199 2692 2253; x_wconf 91' lang='grc' dir='ltr'><strong>μοι</strong></span> <span class='ocrx_word' id='word_1_513' title='bbox 2734 2180 2925 2250; x_wconf 83' lang='grc' dir='ltr'><strong>λόγον,</strong></span> <span class='ocrx_word' id='word_1_514' title='bbox 2963 2181 3023 2233; x_wconf 84' lang='grc' dir='ltr'><strong>ού</strong></span> <span class='ocrx_word' id='word_1_515' title='bbox 3054 2180 3128 2251; x_wconf 82' lang='grc' dir='ltr'><strong>μὴ</strong></span> <span class='ocrx_word' id='word_1_516' title='bbox 3157 2178 3329 2252; x_wconf 74' lang='grc' dir='ltr'><strong>λάϐῃς</strong></span> <span class='ocrx_word' id='word_1_517' title='bbox 3371 2178 3434 2231; x_wconf 86' lang='grc' dir='ltr'><strong>τδ</strong></span> <span class='ocrx_word' id='word_1_518' title='bbox 3457 2178 3701 2248; x_wconf 70' lang='grc' dir='ltr'><strong>αἴτημα-</strong></span> 
     </span>
    </p>
   </div>
   <div class='ocr_carea' id='block_1_69' title="bbox 2103 2270 3691 2341">
    <p class='ocr_par' dir='ltr' id='par_1_69' title="bbox 2103 2270 3691 2341">
     <span class='ocr_line' id='line_1_69' title="bbox 2103 2270 3691 2341; baseline -0.006 -12"><span class='ocrx_word' id='word_1_519' title='bbox 2103 2276 2231 2341; x_wconf 85' lang='lat' dir='ltr'><strong>&quot;Ap.</strong></span> <span class='ocrx_word' id='word_1_520' title='bbox 2262 2270 2414 2327; x_wconf 85' lang='grc' dir='ltr'><strong>εἶπεν</strong></span> <span class='ocrx_word' id='word_1_521' title='bbox 2441 2291 2455 2304; x_wconf 89' lang='grc'><strong>·</strong></span> <span class='ocrx_word' id='word_1_522' title='bbox 2497 2272 2567 2328; x_wconf 86' lang='grc' dir='ltr'><em>Ὃ</em></span> <span class='ocrx_word' id='word_1_523' title='bbox 2598 2272 2776 2336; x_wconf 84' lang='grc' dir='ltr'><strong>θέλεις</strong></span> <span class='ocrx_word' id='word_1_524' title='bbox 2810 2271 2959 2341; x_wconf 84' lang='grc' dir='ltr'><strong>λέγε,</strong></span> <span class='ocrx_word' id='word_1_525' title='bbox 2992 2272 3097 2332; x_wconf 81' lang='grc' dir='ltr'><strong>καὶ,</strong></span> <span class='ocrx_word' id='word_1_526' title='bbox 3118 2271 3172 2324; x_wconf 83' lang='grc' dir='ltr'><strong>εί</strong></span> <span class='ocrx_word' id='word_1_527' title='bbox 3195 2271 3305 2341; x_wconf 88' lang='grc'><strong>(68)</strong></span> <span class='ocrx_word' id='word_1_528' title='bbox 3338 2287 3391 2322; x_wconf 83' lang='grc' dir='ltr'><strong>τι</strong></span> <span class='ocrx_word' id='word_1_529' title='bbox 3427 2271 3691 2340; x_wconf 75' lang='grc' dir='ltr'><strong>ἐγχωρεῖ,</strong></span> 
     </span>
    </p>
   </div>
   <div class='ocr_carea' id='block_1_70' title="bbox 2099 2359 3703 2437">
    <p class='ocr_par' dir='ltr' id='par_1_70' title="bbox 2099 2359 3703 2437">
     <span class='ocr_line' id='line_1_70' title="bbox 2099 2359 3703 2437; baseline -0.004 -18"><span class='ocrx_word' id='word_1_530' title='bbox 2099 2367 2242 2421; x_wconf 76' lang='grc' dir='ltr'><strong>κατὰ</strong></span> <span class='ocrx_word' id='word_1_531' title='bbox 2281 2366 2343 2420; x_wconf 82' lang='grc' dir='ltr'><strong>τὸ</strong></span> <span class='ocrx_word' id='word_1_532' title='bbox 2376 2366 2600 2421; x_wconf 86' lang='grc' dir='ltr'><strong>δυνατὸν</strong></span> <span class='ocrx_word' id='word_1_533' title='bbox 2629 2365 3017 2437; x_wconf 81' lang='grc' dir='ltr'><strong>ἀποκρίνομαι.</strong></span> <span class='ocrx_word' id='word_1_534' title='bbox 3051 2364 3175 2419; x_wconf 91' lang='grc' dir='ltr'><strong>Ἀθ.</strong></span> <span class='ocrx_word' id='word_1_535' title='bbox 3208 2359 3329 2416; x_wconf 81' lang='grc' dir='ltr'><strong>εἷπε</strong></span> <span class='ocrx_word' id='word_1_536' title='bbox 3351 2380 3365 2393; x_wconf 75' lang='grc' dir='ltr'>ο</span> <span class='ocrx_word' id='word_1_537' title='bbox 3401 2361 3563 2428; x_wconf 80' lang='grc' dir='ltr'><strong>Δεξιὰ</strong></span> <span class='ocrx_word' id='word_1_538' title='bbox 3592 2362 3703 2414; x_wconf 62' lang='grc' dir='ltr'><strong>καὶ</strong></span> 
     </span>
    </p>
   </div>
   <div class='ocr_carea' id='block_1_71' title="bbox 2100 2454 3689 2530">
    <p class='ocr_par' dir='ltr' id='par_1_71' title="bbox 2100 2454 3689 2530">
     <span class='ocr_line' id='line_1_71' title="bbox 2100 2454 3689 2530; baseline -0.003 -19"><span class='ocrx_word' id='word_1_539' title='bbox 2100 2457 2339 2529; x_wconf 77' lang='grc' dir='ltr'>βραχίων</span> <span class='ocrx_word' id='word_1_540' title='bbox 2382 2458 2511 2530; x_wconf 68' lang='grc' dir='ltr'><strong>περὶ</strong></span> <span class='ocrx_word' id='word_1_541' title='bbox 2554 2455 2689 2511; x_wconf 87' lang='grc' dir='ltr'>Θεοῦ</span> <span class='ocrx_word' id='word_1_542' title='bbox 2737 2456 3047 2528; x_wconf 89' lang='grc' dir='ltr'><strong>γέγραπται</strong></span> <span class='ocrx_word' id='word_1_543' title='bbox 3101 2454 3244 2518; x_wconf 89' lang='grc' dir='ltr'><strong>τίνος</strong></span> <span class='ocrx_word' id='word_1_544' title='bbox 3301 2454 3518 2519; x_wconf 79' lang='grc' dir='ltr'><strong>’ἐνεκεν;</strong></span> <span class='ocrx_word' id='word_1_545' title='bbox 3551 2454 3689 2522; x_wconf 88' lang='lat' dir='ltr'><strong>&quot;Ap.</strong></span> 
     </span>
    </p>
   </div>
   <div class='ocr_carea' id='block_1_72' title="bbox 2098 2543 3707 2622">
    <p class='ocr_par' dir='ltr' id='par_1_72' title="bbox 2098 2543 3707 2622">
     <span class='ocr_line' id='line_1_72' title="bbox 2098 2543 3707 2622; baseline -0.002 -21"><span class='ocrx_word' id='word_1_546' title='bbox 2098 2543 2221 2602; x_wconf 83' lang='grc' dir='ltr'><strong>εἷπε</strong></span> <span class='ocrx_word' id='word_1_547' title='bbox 2243 2566 2256 2579; x_wconf 88' lang='grc'><strong>·</strong></span> <span class='ocrx_word' id='word_1_548' title='bbox 2289 2549 2370 2603; x_wconf 81' lang='grc' dir='ltr'><strong>Τά</strong></span> <span class='ocrx_word' id='word_1_549' title='bbox 2397 2548 2623 2603; x_wconf 80' lang='grc' dir='ltr'><strong>τοιαῦτα</strong></span> <span class='ocrx_word' id='word_1_550' title='bbox 2656 2549 2795 2622; x_wconf 82' lang='grc' dir='ltr'>πρὸς</span> <span class='ocrx_word' id='word_1_551' title='bbox 2826 2548 2927 2611; x_wconf 84' lang='grc' dir='ltr'><strong>τὰς</strong></span> <span class='ocrx_word' id='word_1_552' title='bbox 2953 2545 3213 2609; x_wconf 78' lang='grc' dir='ltr'><strong>ἐπιϐολὰς</strong></span> <span class='ocrx_word' id='word_1_553' title='bbox 3232 2546 3449 2609; x_wconf 74' lang='grc' dir='ltr'><strong>καὶτὰς</strong></span> <span class='ocrx_word' id='word_1_554' title='bbox 3469 2545 3707 2599; x_wconf 52' lang='grc' dir='ltr'><strong>ἀκολου⁸</strong></span> 
     </span>
    </p>
   </div>
   <div class='ocr_carea' id='block_1_73' title="bbox 2100 2638 3698 2714">
    <p class='ocr_par' dir='ltr' id='par_1_73' title="bbox 2100 2638 3698 2714">
     <span class='ocr_line' id='line_1_73' title="bbox 2100 2638 3698 2714; baseline -0.001 -21"><span class='ocrx_word' id='word_1_555' title='bbox 2100 2640 2219 2705; x_wconf 89' lang='grc' dir='ltr'><strong>θίας</strong></span> <span class='ocrx_word' id='word_1_556' title='bbox 2250 2642 2500 2713; x_wconf 78' lang='grc' dir='ltr'><strong>νοοῦμεν.</strong></span> <span class='ocrx_word' id='word_1_557' title='bbox 2548 2642 2674 2697; x_wconf 82' lang='grc' dir='ltr'><strong>Ἐάν</strong></span> <span class='ocrx_word' id='word_1_558' title='bbox 2724 2641 2859 2714; x_wconf 81' lang='grc' dir='ltr'><strong>λέγῃ</strong></span> <span class='ocrx_word' id='word_1_559' title='bbox 2889 2639 3032 2694; x_wconf 81' lang='grc' dir='ltr'><strong>κατὰ</strong></span> <span class='ocrx_word' id='word_1_560' title='bbox 3058 2639 3139 2702; x_wconf 82' lang='grc' dir='ltr'><strong>τὸ,</strong></span> <span class='ocrx_word' id='word_1_561' title='bbox 3194 2658 3213 2691; x_wconf 80' lang='grc' dir='ltr'><strong>ι</strong></span> <span class='ocrx_word' id='word_1_562' title='bbox 3253 2639 3320 2692; x_wconf 74' lang='lat' dir='ltr'><strong>Ai</strong></span> <span class='ocrx_word' id='word_1_563' title='bbox 3372 2638 3552 2710; x_wconf 83' lang='grc' dir='ltr'><strong>χεῖρές</strong></span> <span class='ocrx_word' id='word_1_564' title='bbox 3592 2656 3698 2692; x_wconf 81' lang='grc' dir='ltr'><strong>σου</strong></span> 
     </span>
    </p>
   </div>
   <div class='ocr_carea' id='block_1_74' title="bbox 2100 2727 3697 2803">
    <p class='ocr_par' dir='ltr' id='par_1_74' title="bbox 2100 2727 3697 2803">
     <span class='ocr_line' id='line_1_74' title="bbox 2100 2727 3697 2803; baseline -0.003 -18"><span class='ocrx_word' id='word_1_565' title='bbox 2100 2733 2362 2802; x_wconf 76' lang='grc' dir='ltr'><strong>ἐποίησάν</strong></span> <span class='ocrx_word' id='word_1_566' title='bbox 2398 2750 2461 2803; x_wconf 90' lang='grc' dir='ltr'><strong>με</strong></span> <span class='ocrx_word' id='word_1_567' title='bbox 2484 2773 2499 2788; x_wconf 86' lang='grc'><strong>.</strong></span> <span class='ocrx_word' id='word_1_568' title='bbox 2536 2733 2629 2786; x_wconf 71' lang='grc' dir='ltr'><strong>καὶ</strong></span> <span class='ocrx_word' id='word_1_569' title='bbox 2662 2731 2904 2786; x_wconf 77' lang='grc' dir='ltr'>ἔπλασαν</span> <span class='ocrx_word' id='word_1_570' title='bbox 2942 2748 3040 2801; x_wconf 87' lang='grc' dir='ltr'><strong>με,</strong></span> <span class='ocrx_word' id='word_1_571' title='bbox 3080 2750 3098 2782; x_wconf 78' lang='grc' dir='ltr'><strong>ι</strong></span> <span class='ocrx_word' id='word_1_572' title='bbox 3127 2727 3471 2799; x_wconf 81' lang='grc' dir='ltr'><strong>γινώσκομεν</strong></span> <span class='ocrx_word' id='word_1_573' title='bbox 3503 2728 3565 2781; x_wconf 75' lang='grc' dir='ltr'><strong>τὸ</strong></span> <span class='ocrx_word' id='word_1_574' title='bbox 3588 2728 3697 2798; x_wconf 79' lang='grc' dir='ltr'><strong>δη·-</strong></span> 
     </span>
    </p>
   </div>
   <div class='ocr_carea' id='block_1_75' title="bbox 2103 2818 3705 2895">
    <p class='ocr_par' dir='ltr' id='par_1_75' title="bbox 2103 2818 3705 2895">
     <span class='ocr_line' id='line_1_75' title="bbox 2103 2818 3705 2895; baseline -0.003 -19"><span class='ocrx_word' id='word_1_575' title='bbox 2103 2823 2420 2895; x_wconf 85' lang='grc' dir='ltr'><strong>μιουργικδν</strong></span> <span class='ocrx_word' id='word_1_576' title='bbox 2461 2823 2557 2877; x_wconf 78' lang='grc' dir='ltr'><strong>τοῦ</strong></span> <span class='ocrx_word' id='word_1_577' title='bbox 2599 2821 2735 2876; x_wconf 79' lang='grc' dir='ltr'><strong>Θεοῦ</strong></span> <span class='ocrx_word' id='word_1_578' title='bbox 2779 2820 3031 2875; x_wconf 76' lang='grc' dir='ltr'><strong>ἐνταῦθα.</strong></span> <span class='ocrx_word' id='word_1_579' title='bbox 3085 2820 3269 2875; x_wconf 82' lang='grc' dir='ltr'><strong>’οπότ’</strong></span> <span class='ocrx_word' id='word_1_580' title='bbox 3315 2818 3381 2873; x_wconf 88' lang='grc' dir='ltr'><strong>ἂν</strong></span> <span class='ocrx_word' id='word_1_581' title='bbox 3429 2819 3488 2873; x_wconf 83' lang='grc' dir='ltr'><strong>δὲ</strong></span> <span class='ocrx_word' id='word_1_582' title='bbox 3530 2819 3705 2890; x_wconf 65' lang='grc' dir='ltr'><strong>λέγῃ,</strong></span> 
     </span>
    </p>
   </div>
   <div class='ocr_carea' id='block_1_76' title="bbox 2105 2911 3699 2987">
    <p class='ocr_par' dir='ltr' id='par_1_76' title="bbox 2105 2911 3699 2987">
     <span class='ocr_line' id='line_1_76' title="bbox 2105 2911 3699 2987; baseline -0.003 -20"><span class='ocrx_word' id='word_1_583' title='bbox 2105 2935 2123 2967; x_wconf 76' lang='grc' dir='ltr'><strong>ι</strong></span> <span class='ocrx_word' id='word_1_584' title='bbox 2175 2916 2233 2969; x_wconf 83' lang='grc' dir='ltr'>Ὀ</span> <span class='ocrx_word' id='word_1_585' title='bbox 2266 2915 2504 2987; x_wconf 82' lang='grc' dir='ltr'>βραχίων</span> <span class='ocrx_word' id='word_1_586' title='bbox 2530 2914 2736 2985; x_wconf 85' lang='grc' dir='ltr'><strong>Κυρίου</strong></span> <span class='ocrx_word' id='word_1_587' title='bbox 2770 2915 2875 2968; x_wconf 88' lang='grc' dir='ltr'><strong>τίνι</strong></span> <span class='ocrx_word' id='word_1_588' title='bbox 2924 2911 3337 2983; x_wconf 84' lang='grc' dir='ltr'><strong>άπεκαλύφθη;</strong></span> <span class='ocrx_word' id='word_1_589' title='bbox 3375 2929 3394 2964; x_wconf 78' lang='grc' dir='ltr'><strong>ι</strong></span> <span class='ocrx_word' id='word_1_590' title='bbox 3432 2911 3699 2983; x_wconf 81' lang='grc' dir='ltr'><strong>φανερὸν,</strong></span> 
     </span>
    </p>
   </div>
   <div class='ocr_carea' id='block_1_77' title="bbox 2099 3004 3696 3084">
    <p class='ocr_par' dir='ltr' id='par_1_77' title="bbox 2099 3004 3696 3084">
     <span class='ocr_line' id='line_1_77' title="bbox 2099 3004 3696 3084; baseline -0.002 -22"><span class='ocrx_word' id='word_1_591' title='bbox 2099 3008 2181 3063; x_wconf 83' lang='grc' dir='ltr'><strong>ὅτι</strong></span> <span class='ocrx_word' id='word_1_592' title='bbox 2221 3010 2349 3082; x_wconf 58' lang='grc' dir='ltr'><strong>περὶ⁵</strong></span> <span class='ocrx_word' id='word_1_593' title='bbox 2381 3008 2511 3062; x_wconf 88' lang='grc' dir='ltr'>Υἱοῦ</span> <span class='ocrx_word' id='word_1_594' title='bbox 2548 3008 2768 3078; x_wconf 82' lang='grc' dir='ltr'><strong>φάσκει.</strong></span> <span class='ocrx_word' id='word_1_595' title='bbox 2798 3008 2944 3084; x_wconf 74' lang='grc' dir='ltr'><strong>Πρὸς</strong></span> <span class='ocrx_word' id='word_1_596' title='bbox 2970 3006 3028 3061; x_wconf 83' lang='grc' dir='ltr'><strong>δὲ</strong></span> <span class='ocrx_word' id='word_1_597' title='bbox 3055 3006 3266 3070; x_wconf 81' lang='grc' dir='ltr'><strong>τούτοις</strong></span> <span class='ocrx_word' id='word_1_598' title='bbox 3298 3007 3392 3061; x_wconf 74' lang='grc' dir='ltr'><strong>καὶ</strong></span> <span class='ocrx_word' id='word_1_599' title='bbox 3423 3004 3505 3069; x_wconf 54' lang='lat' dir='ltr'><strong>et,</strong></span> <span class='ocrx_word' id='word_1_600' title='bbox 3539 3024 3558 3057; x_wconf 80' lang='grc' dir='ltr'><strong>ι</strong></span> <span class='ocrx_word' id='word_1_601' title='bbox 3582 3008 3696 3059; x_wconf 85' lang='grc' dir='ltr'><strong>Δε-</strong></span> 
     </span>
    </p>
   </div>
   <div class='ocr_carea' id='block_1_78' title="bbox 2102 3099 3703 3174">
    <p class='ocr_par' dir='ltr' id='par_1_78' title="bbox 2102 3099 3703 3174">
     <span class='ocr_line' id='line_1_78' title="bbox 2102 3099 3703 3174; baseline -0.002 -19"><span class='ocrx_word' id='word_1_602' title='bbox 2102 3102 2191 3170; x_wconf 82' lang='grc' dir='ltr'><strong>ξιὰ</strong></span> <span class='ocrx_word' id='word_1_603' title='bbox 2217 3103 2425 3174; x_wconf 82' lang='grc' dir='ltr'><strong>Κυρίου</strong></span> <span class='ocrx_word' id='word_1_604' title='bbox 2459 3101 2683 3173; x_wconf 75' lang='grc' dir='ltr'><strong>ἐποίησε</strong></span> <span class='ocrx_word' id='word_1_605' title='bbox 2720 3101 2982 3174; x_wconf 83' lang='grc' dir='ltr'><strong>δύναμιν,</strong></span> <span class='ocrx_word' id='word_1_606' title='bbox 3022 3120 3043 3155; x_wconf 76' lang='grc' dir='ltr'><strong>ι</strong></span> <span class='ocrx_word' id='word_1_607' title='bbox 3079 3099 3529 3173; x_wconf 80' lang='grc' dir='ltr'><strong>ὁμολογουμένως</strong></span> <span class='ocrx_word' id='word_1_608' title='bbox 3561 3100 3703 3171; x_wconf 74' lang='grc' dir='ltr'><strong>περὶ</strong></span> 
     </span>
    </p>
   </div>
   <div class='ocr_carea' id='block_1_79' title="bbox 2103 3184 3693 3264">
    <p class='ocr_par' dir='ltr' id='par_1_79' title="bbox 2103 3184 3693 3264">
     <span class='ocr_line' id='line_1_79' title="bbox 2103 3184 3693 3264; baseline -0.002 -18"><span class='ocrx_word' id='word_1_609' title='bbox 2103 3193 2235 3247; x_wconf 82' lang='grc' dir='ltr'>Υίοῦ</span> <span class='ocrx_word' id='word_1_610' title='bbox 2261 3192 2534 3264; x_wconf 74' lang='grc' dir='ltr'><strong>σημαίνει,</strong></span> <span class='ocrx_word' id='word_1_611' title='bbox 2576 3192 2642 3246; x_wconf 83' lang='grc' dir='ltr'><strong>δι’</strong></span> <span class='ocrx_word' id='word_1_612' title='bbox 2677 3184 2737 3246; x_wconf 76' lang='grc' dir='ltr'>οὗ</span> <span class='ocrx_word' id='word_1_613' title='bbox 2772 3191 2843 3245; x_wconf 83' lang='grc' dir='ltr'><strong>τὰ</strong></span> <span class='ocrx_word' id='word_1_614' title='bbox 2888 3191 3067 3245; x_wconf 89' lang='grc' dir='ltr'><strong>πάντα</strong></span> <span class='ocrx_word' id='word_1_615' title='bbox 3093 3192 3335 3261; x_wconf 82' lang='grc' dir='ltr'><strong>γέγονεν.</strong></span> <span class='ocrx_word' id='word_1_616' title='bbox 3377 3191 3495 3245; x_wconf 88' lang='grc' dir='ltr'><strong>Ἀθ.</strong></span> <span class='ocrx_word' id='word_1_617' title='bbox 3526 3186 3653 3243; x_wconf 75' lang='grc' dir='ltr'><strong>εἷπε</strong></span> <span class='ocrx_word' id='word_1_618' title='bbox 3676 3207 3693 3220; x_wconf 90' lang='grc'><strong>·</strong></span> 
     </span>
    </p>
   </div>
   <div class='ocr_carea' id='block_1_80' title="bbox 2102 3279 3705 3356">
    <p class='ocr_par' dir='ltr' id='par_1_80' title="bbox 2102 3279 3705 3356">
     <span class='ocr_line' id='line_1_80' title="bbox 2102 3279 3705 3356; baseline -0.001 -19"><span class='ocrx_word' id='word_1_619' title='bbox 2102 3286 2373 3356; x_wconf 91' lang='grc' dir='ltr'><strong>Βραχίων,</strong></span> <span class='ocrx_word' id='word_1_620' title='bbox 2397 3279 2458 3339; x_wconf 73' lang='grc' dir='ltr'><strong>οὗ</strong></span> <span class='ocrx_word' id='word_1_621' title='bbox 2492 3288 2608 3338; x_wconf 74' lang='grc' dir='ltr'><strong>ἐστι</strong></span> <span class='ocrx_word' id='word_1_622' title='bbox 2648 3283 2909 3355; x_wconf 86' lang='grc' dir='ltr'>βραχίων,</span> <span class='ocrx_word' id='word_1_623' title='bbox 2934 3283 3218 3356; x_wconf 85' lang='grc' dir='ltr'><strong>ὁμοούσιος</strong></span> <span class='ocrx_word' id='word_1_624' title='bbox 3249 3283 3548 3354; x_wconf 89' lang='grc' dir='ltr'><strong>τυγχάνει,</strong></span> <span class='ocrx_word' id='word_1_625' title='bbox 3600 3283 3705 3336; x_wconf 70' lang='grc' dir='ltr'><strong>ναὶ</strong></span> 
     </span>
    </p>
   </div>
   <div class='ocr_carea' id='block_1_81' title="bbox 2101 3373 3699 3450">
    <p class='ocr_par' dir='ltr' id='par_1_81' title="bbox 2101 3373 3699 3450">
     <span class='ocr_line' id='line_1_81' title="bbox 2101 3373 3699 3450; baseline -0.003 -18"><span class='ocrx_word' id='word_1_626' title='bbox 2101 3378 2134 3450; x_wconf 85' lang='grc' dir='ltr'>ἢ</span> <span class='ocrx_word' id='word_1_627' title='bbox 2177 3378 2274 3444; x_wconf 66' lang='lat' dir='ltr'><strong>ob;</strong></span> <span class='ocrx_word' id='word_1_628' title='bbox 2309 3380 2439 3446; x_wconf 91' lang='lat' dir='ltr'><strong>&quot;Ap.</strong></span> <span class='ocrx_word' id='word_1_629' title='bbox 2494 3373 2676 3431; x_wconf 78' lang='grc' dir='ltr'><strong>εἶπεν·</strong></span> <span class='ocrx_word' id='word_1_630' title='bbox 2725 3376 2912 3443; x_wconf 75' lang='grc' dir='ltr'><strong>Οὕτως</strong></span> <span class='ocrx_word' id='word_1_631' title='bbox 2963 3377 3098 3448; x_wconf 78' lang='grc' dir='ltr'><strong>ἔχει.</strong></span> <span class='ocrx_word' id='word_1_632' title='bbox 3135 3379 3259 3432; x_wconf 85' lang='grc' dir='ltr'><strong>Ἀθ.</strong></span> <span class='ocrx_word' id='word_1_633' title='bbox 3309 3373 3465 3429; x_wconf 73' lang='grc' dir='ltr'><strong>εἷπε’</strong></span> <span class='ocrx_word' id='word_1_634' title='bbox 3500 3376 3614 3429; x_wconf 63' lang='grc' dir='ltr'><strong>Καὶ⁵</strong></span> <span class='ocrx_word' id='word_1_635' title='bbox 3656 3378 3699 3447; x_wconf 72' lang='grc' dir='ltr'>ἡ</span> 
     </span>
    </p>
   </div>
   <div class='ocr_carea' id='block_1_82' title="bbox 2100 3464 3699 3543">
    <p class='ocr_par' dir='ltr' id='par_1_82' title="bbox 2100 3464 3699 3543">
     <span class='ocr_line' id='line_1_82' title="bbox 2100 3464 3699 3543; baseline -0.002 -19"><span class='ocrx_word' id='word_1_636' title='bbox 2100 3469 2271 3537; x_wconf 74' lang='grc' dir='ltr'><strong>δεξιά,</strong></span> <span class='ocrx_word' id='word_1_637' title='bbox 2300 3464 2362 3524; x_wconf 76' lang='grc' dir='ltr'>οὗ</span> <span class='ocrx_word' id='word_1_638' title='bbox 2397 3473 2513 3525; x_wconf 74' lang='grc' dir='ltr'><strong>ἐστι</strong></span> <span class='ocrx_word' id='word_1_639' title='bbox 2541 3470 2711 3536; x_wconf 83' lang='grc' dir='ltr'><strong>δεξιὰ,</strong></span> <span class='ocrx_word' id='word_1_640' title='bbox 2735 3470 3021 3543; x_wconf 85' lang='grc' dir='ltr'><strong>ὁμοούσιός</strong></span> <span class='ocrx_word' id='word_1_641' title='bbox 3050 3471 3189 3536; x_wconf 75' lang='grc' dir='ltr'><strong>ἐστι,</strong></span> <span class='ocrx_word' id='word_1_642' title='bbox 3230 3470 3319 3524; x_wconf 77' lang='grc' dir='ltr'><strong>ναὶ</strong></span> <span class='ocrx_word' id='word_1_643' title='bbox 3356 3469 3389 3541; x_wconf 81' lang='grc' dir='ltr'>ἢ</span> <span class='ocrx_word' id='word_1_644' title='bbox 3421 3467 3520 3535; x_wconf 78' lang='grc' dir='ltr'><strong>ού;</strong></span> <span class='ocrx_word' id='word_1_645' title='bbox 3556 3471 3699 3538; x_wconf 72' lang='lat' dir='ltr'><strong>&quot;Ap.</strong></span> 
     </span>
    </p>
   </div>
   <div class='ocr_carea' id='block_1_83' title="bbox 2102 3560 3701 3635">
    <p class='ocr_par' dir='ltr' id='par_1_83' title="bbox 2102 3560 3701 3635">
     <span class='ocr_line' id='line_1_83' title="bbox 2102 3560 3701 3635; baseline -0.002 -18"><span class='ocrx_word' id='word_1_646' title='bbox 2102 3560 2282 3619; x_wconf 72' lang='grc' dir='ltr'><strong>εἶπενο</strong></span> <span class='ocrx_word' id='word_1_647' title='bbox 2320 3564 2506 3629; x_wconf 75' lang='grc' dir='ltr'><strong>Οὖτως</strong></span> <span class='ocrx_word' id='word_1_648' title='bbox 2530 3564 2661 3635; x_wconf 75' lang='grc' dir='ltr'><strong>ἔχει.</strong></span> <span class='ocrx_word' id='word_1_649' title='bbox 2692 3567 2764 3621; x_wconf 87' lang='grc' dir='ltr'><strong>Σὺ</strong></span> <span class='ocrx_word' id='word_1_650' title='bbox 2798 3565 2856 3618; x_wconf 83' lang='grc' dir='ltr'><strong>δὲ</strong></span> <span class='ocrx_word' id='word_1_651' title='bbox 2902 3565 2956 3619; x_wconf 89' lang='grc' dir='ltr'><strong>τί</strong></span> <span class='ocrx_word' id='word_1_652' title='bbox 2987 3564 3093 3635; x_wconf 79' lang='grc' dir='ltr'><strong>φῄς</strong></span> <span class='ocrx_word' id='word_1_653' title='bbox 3130 3580 3198 3635; x_wconf 88' lang='grc' dir='ltr'><strong>με</strong></span> <span class='ocrx_word' id='word_1_654' title='bbox 3241 3562 3413 3616; x_wconf 75' lang='grc' dir='ltr'><strong>ἀΐδιον</strong></span> <span class='ocrx_word' id='word_1_655' title='bbox 3448 3561 3701 3615; x_wconf 84' lang='grc' dir='ltr'><strong>συντίθε-</strong></span> 
     </span>
    </p>
   </div>
   <div class='ocr_carea' id='block_1_84' title="bbox 2104 3651 3702 3727">
    <p class='ocr_par' dir='ltr' id='par_1_84' title="bbox 2104 3651 3702 3727">
     <span class='ocr_line' id='line_1_84' title="bbox 2104 3651 3702 3727; baseline -0.002 -18"><span class='ocrx_word' id='word_1_656' title='bbox 2104 3656 2225 3710; x_wconf 91' lang='grc' dir='ltr'><strong>σθαι</strong></span> <span class='ocrx_word' id='word_1_657' title='bbox 2256 3656 2316 3709; x_wconf 83' lang='grc' dir='ltr'><strong>τὸ</strong></span> <span class='ocrx_word' id='word_1_658' title='bbox 2343 3654 2528 3721; x_wconf 87' lang='grc' dir='ltr'><strong>Θεῖον;</strong></span> <span class='ocrx_word' id='word_1_659' title='bbox 2565 3653 2681 3710; x_wconf 84' lang='grc' dir='ltr'><strong>Ούκ</strong></span> <span class='ocrx_word' id='word_1_660' title='bbox 2716 3654 3048 3727; x_wconf 82' lang='grc' dir='ltr'><strong>ὲπηκροάσω</strong></span> <span class='ocrx_word' id='word_1_661' title='bbox 3082 3654 3212 3708; x_wconf 82' lang='grc' dir='ltr'><strong>ποτὲ</strong></span> <span class='ocrx_word' id='word_1_662' title='bbox 3247 3652 3563 3723; x_wconf 79' lang='grc' dir='ltr'><strong>Κλήμεντος</strong></span> <span class='ocrx_word' id='word_1_663' title='bbox 3593 3651 3702 3706; x_wconf 74' lang='grc' dir='ltr'><strong>τοῦ</strong></span> 
     </span>
    </p>
   </div>
   <div class='ocr_carea' id='block_1_85' title="bbox 2103 3745 3703 3819">
    <p class='ocr_par' dir='ltr' id='par_1_85' title="bbox 2103 3745 3703 3819">
     <span class='ocr_line' id='line_1_85' title="bbox 2103 3745 3703 3819; baseline -0.001 -19"><span class='ocrx_word' id='word_1_664' title='bbox 2103 3746 2682 3819; x_wconf 82' lang='grc' dir='ltr'><strong>παρακολουθήσαντος</strong></span> <span class='ocrx_word' id='word_1_665' title='bbox 2708 3748 2900 3818; x_wconf 85' lang='grc' dir='ltr'><strong>Πέτρῳ</strong></span> <span class='ocrx_word' id='word_1_666' title='bbox 2926 3746 3004 3817; x_wconf 85' lang='grc' dir='ltr'><strong>τῷ</strong></span> <span class='ocrx_word' id='word_1_667' title='bbox 3027 3746 3335 3817; x_wconf 85' lang='grc' dir='ltr'><strong>ἁποστόλῳ,</strong></span> <span class='ocrx_word' id='word_1_668' title='bbox 3357 3746 3416 3810; x_wconf 80' lang='grc' dir='ltr'><strong>ὃς</strong></span> <span class='ocrx_word' id='word_1_669' title='bbox 3437 3745 3703 3817; x_wconf 69' lang='grc' dir='ltr'><strong>καθαιρεῖ</strong></span> 
     </span>
    </p>
   </div>
   <div class='ocr_carea' id='block_1_86' title="bbox 2101 3833 3692 3911">
    <p class='ocr_par' dir='ltr' id='par_1_86' title="bbox 2101 3833 3692 3911">
     <span class='ocr_line' id='line_1_86' title="bbox 2101 3833 3692 3911; baseline -0.003 -18"><span class='ocrx_word' id='word_1_670' title='bbox 2101 3840 2200 3911; x_wconf 83' lang='grc' dir='ltr'><strong>τὴν</strong></span> <span class='ocrx_word' id='word_1_671' title='bbox 2228 3838 2485 3908; x_wconf 84' lang='grc' dir='ltr'><strong>τοιαύτην</strong></span> <span class='ocrx_word' id='word_1_672' title='bbox 2510 3839 2665 3903; x_wconf 81' lang='grc' dir='ltr'><strong>δόξαν</strong></span> <span class='ocrx_word' id='word_1_673' title='bbox 2693 3856 2707 3905; x_wconf 91' lang='grc'>;</span> <span class='ocrx_word' id='word_1_674' title='bbox 2756 3840 2877 3893; x_wconf 88' lang='grc' dir='ltr'><strong>Ἀθ.</strong></span> <span class='ocrx_word' id='word_1_675' title='bbox 2907 3833 3028 3891; x_wconf 83' lang='grc' dir='ltr'><strong>εἷπε</strong></span> <span class='ocrx_word' id='word_1_676' title='bbox 3048 3854 3063 3868; x_wconf 77' lang='grc'><em>’</em></span> <span class='ocrx_word' id='word_1_677' title='bbox 3107 3837 3371 3908; x_wconf 85' lang='grc' dir='ltr'><strong>Μέμνησο</strong></span> <span class='ocrx_word' id='word_1_678' title='bbox 3401 3836 3510 3889; x_wconf 87' lang='grc' dir='ltr'><strong>τῶν</strong></span> <span class='ocrx_word' id='word_1_679' title='bbox 3535 3838 3692 3908; x_wconf 82' lang='grc' dir='ltr'><strong>εἰρη-</strong></span> 
     </span>
    </p>
   </div>
   <div class='ocr_carea' id='block_1_87' title="bbox 2105 3923 3695 4009">
    <p class='ocr_par' dir='ltr' id='par_1_87' title="bbox 2105 3923 3695 4009">
     <span class='ocr_line' id='line_1_87' title="bbox 2105 3923 3695 4009; baseline -0.004 -27"><span class='ocrx_word' id='word_1_680' title='bbox 2105 3923 2366 4001; x_wconf 82' lang='grc' dir='ltr'><strong>μένων,ὣ</strong></span> <span class='ocrx_word' id='word_1_681' title='bbox 2389 3929 2665 4009; x_wconf 81' lang='grc' dir='ltr'><strong>ἄνθρωπε,</strong></span> <span class='ocrx_word' id='word_1_682' title='bbox 2697 3929 2791 3983; x_wconf 79' lang='grc' dir='ltr'><strong>καὶ</strong></span> <span class='ocrx_word' id='word_1_683' title='bbox 2819 3928 2895 4000; x_wconf 83' lang='grc' dir='ltr'><strong>μὴ</strong></span> <span class='ocrx_word' id='word_1_684' title='bbox 2926 3924 3133 3981; x_wconf 84' lang='grc' dir='ltr'><strong>πλανῶ.</strong></span> <span class='ocrx_word' id='word_1_685' title='bbox 3165 3925 3306 3993; x_wconf 87' lang='grc' dir='ltr'><strong>Ἐγὼ</strong></span> <span class='ocrx_word' id='word_1_686' title='bbox 3328 3924 3439 3996; x_wconf 84' lang='grc' dir='ltr'><strong>γὰρ</strong></span> <span class='ocrx_word' id='word_1_687' title='bbox 3462 3924 3695 3992; x_wconf 78' lang='grc' dir='ltr'><strong>ἁπλοῦν,</strong></span> 
     </span>
    </p>
   </div>
   <div class='ocr_carea' id='block_1_88' title="bbox 2101 4016 3698 4092">
    <p class='ocr_par' dir='ltr' id='par_1_88' title="bbox 2101 4016 3698 4092">
     <span class='ocr_line' id='line_1_88' title="bbox 2101 4016 3698 4092; baseline -0.004 -17"><span class='ocrx_word' id='word_1_688' title='bbox 2101 4020 2393 4076; x_wconf 80' lang='grc' dir='ltr'><strong>ἀσύνθετον</strong></span> <span class='ocrx_word' id='word_1_689' title='bbox 2418 4060 2432 4084; x_wconf 91' lang='grc'><strong>,</strong></span> <span class='ocrx_word' id='word_1_690' title='bbox 2465 4020 2847 4092; x_wconf 70' lang='grc' dir='ltr'><strong>ἀπερίγραφον</strong></span> <span class='ocrx_word' id='word_1_691' title='bbox 2884 4018 2997 4091; x_wconf 85' lang='grc'><strong>(69)</strong></span> <span class='ocrx_word' id='word_1_692' title='bbox 3037 4018 3097 4070; x_wconf 83' lang='grc' dir='ltr'><strong>τὸ</strong></span> <span class='ocrx_word' id='word_1_693' title='bbox 3125 4016 3281 4072; x_wconf 84' lang='grc' dir='ltr'><strong>Θείον</strong></span> <span class='ocrx_word' id='word_1_694' title='bbox 3306 4017 3553 4088; x_wconf 79' lang='grc' dir='ltr'><strong>σέὅομαι,</strong></span> <span class='ocrx_word' id='word_1_695' title='bbox 3588 4035 3698 4088; x_wconf 86' lang='grc' dir='ltr'><strong>με-</strong></span> 
     </span>
    </p>
   </div>
   <div class='ocr_carea' id='block_1_89' title="bbox 2105 4109 3698 4185">
    <p class='ocr_par' dir='ltr' id='par_1_89' title="bbox 2105 4109 3698 4185">
     <span class='ocr_line' id='line_1_89' title="bbox 2105 4109 3698 4185; baseline -0.003 -19"><span class='ocrx_word' id='word_1_696' title='bbox 2105 4111 2365 4184; x_wconf 83' lang='grc' dir='ltr'><strong>μαθηκὼς</strong></span> <span class='ocrx_word' id='word_1_697' title='bbox 2392 4114 2456 4165; x_wconf 82' lang='grc' dir='ltr'><strong>ὲκ</strong></span> <span class='ocrx_word' id='word_1_698' title='bbox 2483 4112 2592 4166; x_wconf 82' lang='grc' dir='ltr'><strong>τῶν</strong></span> <span class='ocrx_word' id='word_1_699' title='bbox 2640 4112 2800 4185; x_wconf 81' lang='grc' dir='ltr'><strong>ἱερῶν</strong></span> <span class='ocrx_word' id='word_1_700' title='bbox 2843 4111 2940 4165; x_wconf 77' lang='grc' dir='ltr'><strong>καὶ</strong></span> <span class='ocrx_word' id='word_1_701' title='bbox 2968 4109 3129 4163; x_wconf 85' lang='grc' dir='ltr'><strong>θείων</strong></span> <span class='ocrx_word' id='word_1_702' title='bbox 3171 4109 3429 4182; x_wconf 78' lang='grc' dir='ltr'><strong>Γραφῶν,</strong></span> <span class='ocrx_word' id='word_1_703' title='bbox 3456 4110 3551 4162; x_wconf 74' lang='grc' dir='ltr'><strong>καὶ</strong></span> <span class='ocrx_word' id='word_1_704' title='bbox 3578 4110 3698 4162; x_wconf 82' lang='grc' dir='ltr'><strong>τῶν</strong></span> 
     </span>
    </p>
   </div>
   <div class='ocr_carea' id='block_1_90' title="bbox 2102 4198 3698 4276">
    <p class='ocr_par' dir='ltr' id='par_1_90' title="bbox 2102 4198 3698 4276">
     <span class='ocr_line' id='line_1_90' title="bbox 2102 4198 3698 4276; baseline -0.002 -18"><span class='ocrx_word' id='word_1_705' title='bbox 2102 4203 2337 4276; x_wconf 82' lang='grc' dir='ltr'><strong>καθεξῆς</strong></span> <span class='ocrx_word' id='word_1_706' title='bbox 2375 4203 2773 4276; x_wconf 77' lang='grc' dir='ltr'><strong>διαδεξαμένων</strong></span> <span class='ocrx_word' id='word_1_707' title='bbox 2808 4203 2908 4275; x_wconf 86' lang='grc' dir='ltr'><strong>τὴν</strong></span> <span class='ocrx_word' id='word_1_708' title='bbox 2949 4203 3277 4274; x_wconf 78' lang='grc' dir='ltr'><strong>ὲπισκοπήν.</strong></span> <span class='ocrx_word' id='word_1_709' title='bbox 3329 4200 3554 4264; x_wconf 85' lang='grc' dir='ltr'><strong>Οὐδενὸς</strong></span> <span class='ocrx_word' id='word_1_710' title='bbox 3594 4198 3698 4255; x_wconf 81' lang='grc' dir='ltr'><strong>οὖν</strong></span> 
     </span>
    </p>
   </div>
   <div class='ocr_carea' id='block_1_91' title="bbox 2103 4290 3698 4364">
    <p class='ocr_par' dir='ltr' id='par_1_91' title="bbox 2103 4290 3698 4364">
     <span class='ocr_line' id='line_1_91' title="bbox 2103 4290 3698 4364; baseline 0 -19"><span class='ocrx_word' id='word_1_711' title='bbox 2103 4292 2291 4363; x_wconf 77' lang='grc' dir='ltr'><strong>ἐτέρου</strong></span> <span class='ocrx_word' id='word_1_712' title='bbox 2317 4292 2503 4345; x_wconf 71' lang='grc' dir='ltr'><strong>ἕνεκεν</strong></span> <span class='ocrx_word' id='word_1_713' title='bbox 2530 4294 2565 4363; x_wconf 81' lang='grc' dir='ltr'>ἡ</span> <span class='ocrx_word' id='word_1_714' title='bbox 2585 4290 2777 4364; x_wconf 78' lang='grc' dir='ltr'><strong>Γραφὴ</strong></span> <span class='ocrx_word' id='word_1_715' title='bbox 2806 4291 3067 4363; x_wconf 88' lang='grc' dir='ltr'><strong>βραχίονα</strong></span> <span class='ocrx_word' id='word_1_716' title='bbox 3092 4292 3187 4345; x_wconf 66' lang='grc' dir='ltr'><strong>καί¹</strong></span> <span class='ocrx_word' id='word_1_717' title='bbox 3215 4290 3396 4355; x_wconf 81' lang='grc' dir='ltr'><strong>δεξιὰν</strong></span> <span class='ocrx_word' id='word_1_718' title='bbox 3420 4290 3576 4346; x_wconf 86' lang='grc' dir='ltr'><strong>καλεῖ</strong></span> <span class='ocrx_word' id='word_1_719' title='bbox 3597 4291 3698 4345; x_wconf 80' lang='grc' dir='ltr'><strong>τὸν</strong></span> 
     </span>
    </p>
   </div>
   <div class='ocr_carea' id='block_1_92' title="bbox 2102 4384 3701 4457">
    <p class='ocr_par' dir='ltr' id='par_1_92' title="bbox 2102 4384 3701 4457">
     <span class='ocr_line' id='line_1_92' title="bbox 2102 4384 3701 4457; baseline 0.001 -19"><span class='ocrx_word' id='word_1_720' title='bbox 2102 4385 2252 4449; x_wconf 85' lang='grc' dir='ltr'><strong>Υἱὸν,</strong></span> <span class='ocrx_word' id='word_1_721' title='bbox 2281 4384 2315 4457; x_wconf 83' lang='grc' dir='ltr'>ἢ</span> <span class='ocrx_word' id='word_1_722' title='bbox 2349 4385 2437 4440; x_wconf 80' lang='grc' dir='ltr'><strong>ἵνα</strong></span> <span class='ocrx_word' id='word_1_723' title='bbox 2464 4384 2705 4449; x_wconf 77' lang='grc' dir='ltr'><strong>εὐσεϐῶς</strong></span> <span class='ocrx_word' id='word_1_724' title='bbox 2736 4384 2946 4456; x_wconf 84' lang='grc' dir='ltr'><strong>νοῶμεν</strong></span> <span class='ocrx_word' id='word_1_725' title='bbox 2978 4384 3261 4457; x_wconf 88' lang='grc' dir='ltr'><strong>ὁμοούσιον</strong></span> <span class='ocrx_word' id='word_1_726' title='bbox 3289 4384 3420 4438; x_wconf 76' lang='grc' dir='ltr'><strong>ὅντα</strong></span> <span class='ocrx_word' id='word_1_727' title='bbox 3443 4384 3537 4437; x_wconf 87' lang='grc' dir='ltr'><strong>τὸν</strong></span> <span class='ocrx_word' id='word_1_728' title='bbox 3561 4384 3701 4439; x_wconf 80' lang='grc' dir='ltr'><strong>Υίὸνι</strong></span> 
     </span>
    </p>
   </div>
   <div class='ocr_carea' id='block_1_93' title="bbox 412 4463 1997 4550">
    <p class='ocr_par' dir='ltr' id='par_1_93' title="bbox 412 4463 1995 4550">
     <span class='ocr_line' id='line_1_93' title="bbox 412 4463 1995 4550; baseline -0.003 -15"><span class='ocrx_word' id='word_1_729' title='bbox 412 4497 527 4537; x_wconf 87' lang='lat' dir='ltr'><strong>non</strong></span> <span class='ocrx_word' id='word_1_730' title='bbox 585 4487 790 4550; x_wconf 83' lang='lat' dir='ltr'><strong>potest,</strong></span> <span class='ocrx_word' id='word_1_731' title='bbox 853 4477 1088 4532; x_wconf 60' lang='lat' dir='ltr'><strong>diversae</strong></span> <span class='ocrx_word' id='word_1_732' title='bbox 1129 4491 1253 4530; x_wconf 91' lang='lat' dir='ltr'><strong>esse</strong></span> <span class='ocrx_word' id='word_1_733' title='bbox 1316 4463 1640 4530; x_wconf 71' lang='lat' dir='ltr'><strong>substantiae</strong></span> <span class='ocrx_word' id='word_1_734' title='bbox 1682 4475 1995 4542; x_wconf 89' lang='lat' dir='ltr'><strong>brachium,</strong></span> 
     </span>
    </p>
   </div>
   <div class='ocr_carea' id='block_1_94' title="bbox 2106 4463 3700 4550">
    <p class='ocr_par' dir='ltr' id='par_1_94' title="bbox 2106 4475 3700 4549">
     <span class='ocr_line' id='line_1_94' title="bbox 2106 4475 3700 4549; baseline -0.001 -18"><span class='ocrx_word' id='word_1_735' title='bbox 2106 4476 2182 4548; x_wconf 85' lang='grc' dir='ltr'><strong>τῷ</strong></span> <span class='ocrx_word' id='word_1_736' title='bbox 2214 4477 2423 4549; x_wconf 67' lang='grc' dir='ltr'><strong>Πατρὶ,</strong></span> <span class='ocrx_word' id='word_1_737' title='bbox 2456 4477 2545 4531; x_wconf 81' lang='grc' dir='ltr'><strong>διὰ</strong></span> <span class='ocrx_word' id='word_1_738' title='bbox 2574 4476 2637 4530; x_wconf 82' lang='grc' dir='ltr'><strong>τὸ</strong></span> <span class='ocrx_word' id='word_1_739' title='bbox 2673 4476 3056 4549; x_wconf 85' lang='grc' dir='ltr'><strong>ἀνεγχὼρητον</strong></span> <span class='ocrx_word' id='word_1_740' title='bbox 3087 4478 3175 4530; x_wconf 75' lang='grc' dir='ltr'><strong>ἐπ’</strong></span> <span class='ocrx_word' id='word_1_741' title='bbox 3208 4475 3497 4548; x_wconf 83' lang='grc' dir='ltr'><strong>ἀνθρώπου</strong></span> <span class='ocrx_word' id='word_1_742' title='bbox 3526 4476 3700 4530; x_wconf 75' lang='grc' dir='ltr'><strong>ἐκλα-</strong></span> 
     </span>
    </p>
   </div>
   <div class='ocr_carea' id='block_1_95' title="bbox 412 4569 2001 4642">
    <p class='ocr_par' dir='ltr' id='par_1_95' title="bbox 412 4569 2001 4642">
     <span class='ocr_line' id='line_1_95' title="bbox 412 4569 2001 4642; baseline -0.003 -13"><span class='ocrx_word' id='word_1_743' title='bbox 412 4573 695 4629; x_wconf 76' lang='lat' dir='ltr'><strong>dexteram</strong></span> <span class='ocrx_word' id='word_1_744' title='bbox 724 4579 780 4627; x_wconf 88' lang='lat' dir='ltr'><strong>et</strong></span> <span class='ocrx_word' id='word_1_745' title='bbox 809 4570 1063 4642; x_wconf 89' lang='lat' dir='ltr'><strong>digitum,</strong></span> <span class='ocrx_word' id='word_1_746' title='bbox 1126 4579 1291 4639; x_wconf 88' lang='lat' dir='ltr'><strong>prout</strong></span> <span class='ocrx_word' id='word_1_747' title='bbox 1341 4569 1556 4641; x_wconf 90' lang='lat' dir='ltr'><strong>singula</strong></span> <span class='ocrx_word' id='word_1_748' title='bbox 1591 4569 1811 4624; x_wconf 91' lang='lat' dir='ltr'><strong>illorum</strong></span> <span class='ocrx_word' id='word_1_749' title='bbox 1843 4569 2001 4626; x_wconf 83' lang='lat' dir='ltr'><strong>diﬂ&#39;e-</strong></span> 
     </span>
    </p>
   </div>
   <div class='ocr_carea' id='block_1_96' title="bbox 410 4659 1999 4721">
    <p class='ocr_par' dir='ltr' id='par_1_96' title="bbox 410 4659 1999 4721">
     <span class='ocr_line' id='line_1_96' title="bbox 410 4659 1999 4721; baseline -0.003 0"><span class='ocrx_word' id='word_1_750' title='bbox 410 4674 564 4721; x_wconf 76' lang='lat' dir='ltr'><strong>runt.</strong></span> <span class='ocrx_word' id='word_1_751' title='bbox 596 4665 694 4719; x_wconf 89' lang='lat' dir='ltr'><strong>Ar.</strong></span> <span class='ocrx_word' id='word_1_752' title='bbox 728 4663 1029 4719; x_wconf 87' lang='lat' dir='ltr'><strong>Consentio</strong></span> <span class='ocrx_word' id='word_1_753' title='bbox 1075 4660 1273 4716; x_wconf 89' lang='lat' dir='ltr'><strong>Filium</strong></span> <span class='ocrx_word' id='word_1_754' title='bbox 1301 4659 1451 4716; x_wconf 90' lang='lat' dir='ltr'><strong>Patri</strong></span> <span class='ocrx_word' id='word_1_755' title='bbox 1472 4677 1597 4718; x_wconf 89' lang='lat' dir='ltr'><strong>esse</strong></span> <span class='ocrx_word' id='word_1_756' title='bbox 1630 4663 1999 4720; x_wconf 84' lang='lat' dir='ltr'><strong>consubstan-</strong></span> 
     </span>
    </p>
   </div>
   <div class='ocr_carea' id='block_1_97' title="bbox 411 4754 1998 4829">
    <p class='ocr_par' dir='ltr' id='par_1_97' title="bbox 411 4754 1998 4829">
     <span class='ocr_line' id='line_1_97' title="bbox 411 4754 1998 4829; baseline -0.003 -13"><span class='ocrx_word' id='word_1_757' title='bbox 411 4760 638 4816; x_wconf 86' lang='lat' dir='ltr'><strong>tialem:</strong></span> <span class='ocrx_word' id='word_1_758' title='bbox 679 4758 794 4829; x_wconf 90' lang='lat' dir='ltr'><strong>jam</strong></span> <span class='ocrx_word' id='word_1_759' title='bbox 813 4755 947 4828; x_wconf 89' lang='lat' dir='ltr'><strong>quid</strong></span> <span class='ocrx_word' id='word_1_760' title='bbox 1005 4756 1134 4811; x_wconf 89' lang='lat' dir='ltr'><strong>vitis</strong></span> <span class='ocrx_word' id='word_1_761' title='bbox 1181 4754 1475 4826; x_wconf 83' lang='lat' dir='ltr'><strong>signiﬁcet,</strong></span> <span class='ocrx_word' id='word_1_762' title='bbox 1520 4755 1650 4809; x_wconf 89' lang='lat' dir='ltr'><strong>mihi</strong></span> <span class='ocrx_word' id='word_1_763' title='bbox 1687 4756 1849 4811; x_wconf 91' lang='lat' dir='ltr'><strong>velim</strong></span> <span class='ocrx_word' id='word_1_764' title='bbox 1909 4774 1998 4811; x_wconf 72' lang='lat' dir='ltr'><strong>ex-</strong></span> 
     </span>
    </p>
   </div>
   <div class='ocr_carea' id='block_1_98' title="bbox 412 4867 612 4927">
    <p class='ocr_par' dir='ltr' id='par_1_98' title="bbox 412 4867 612 4927">
     <span class='ocr_line' id='line_1_98' title="bbox 412 4867 612 4927; baseline -0.005 -19"><span class='ocrx_word' id='word_1_765' title='bbox 412 4867 612 4927; x_wconf 90' lang='lat' dir='ltr'><strong>ponas.</strong></span> 
     </span>
    </p>
   </div>
   <div class='ocr_carea' id='block_1_99' title="bbox 483 5031 1996 5103">
    <p class='ocr_par' dir='ltr' id='par_1_99' title="bbox 483 5031 1996 5103">
     <span class='ocr_line' id='line_1_99' title="bbox 483 5031 1996 5103; baseline -0.002 -13"><span class='ocrx_word' id='word_1_766' title='bbox 483 5034 573 5090; x_wconf 74' lang='lat'><strong>32.</strong></span> <span class='ocrx_word' id='word_1_767' title='bbox 607 5032 735 5088; x_wconf 84' lang='lat' dir='ltr'><strong>Ath.</strong></span> <span class='ocrx_word' id='word_1_768' title='bbox 784 5031 901 5088; x_wconf 87' lang='lat' dir='ltr'><strong>Duo</strong></span> <span class='ocrx_word' id='word_1_769' title='bbox 952 5034 1079 5087; x_wconf 89' lang='lat' dir='ltr'><strong>vitis</strong></span> <span class='ocrx_word' id='word_1_770' title='bbox 1127 5046 1329 5103; x_wconf 85' lang='lat' dir='ltr'><strong>genera</strong></span> <span class='ocrx_word' id='word_1_771' title='bbox 1382 5032 1520 5088; x_wconf 79' lang='lat' dir='ltr'><strong>solet</strong></span> <span class='ocrx_word' id='word_1_772' title='bbox 1562 5046 1996 5087; x_wconf 88' lang='lat' dir='ltr'><strong>commemorare</strong></span> 
     </span>
    </p>
   </div>
   <div class='ocr_carea' id='block_1_100' title="bbox 411 5122 1989 5196">
    <p class='ocr_par' dir='ltr' id='par_1_100' title="bbox 411 5122 1989 5196">
     <span class='ocr_line' id='line_1_100' title="bbox 411 5122 1989 5196; baseline -0.004 -13"><span class='ocrx_word' id='word_1_773' title='bbox 411 5128 599 5183; x_wconf 87' lang='lat' dir='ltr'><strong>divina</strong></span> <span class='ocrx_word' id='word_1_774' title='bbox 631 5126 1152 5196; x_wconf 85' lang='lat' dir='ltr'><strong>Scriptura,bonam</strong></span> <span class='ocrx_word' id='word_1_775' title='bbox 1177 5123 1395 5195; x_wconf 90' lang='lat' dir='ltr'><strong>quidem</strong></span> <span class='ocrx_word' id='word_1_776' title='bbox 1415 5138 1600 5188; x_wconf 91' lang='lat' dir='ltr'><strong>unam,</strong></span> <span class='ocrx_word' id='word_1_777' title='bbox 1625 5122 1989 5188; x_wconf 80' lang='lat' dir='ltr'><strong>fructiferam,</strong></span> 
     </span>
    </p>
   </div>
   <div class='ocr_carea' id='block_1_101' title="bbox 410 5214 1989 5286">
    <p class='ocr_par' dir='ltr' id='par_1_101' title="bbox 410 5214 1989 5286">
     <span class='ocr_line' id='line_1_101' title="bbox 410 5214 1989 5286; baseline -0.003 -11"><span class='ocrx_word' id='word_1_778' title='bbox 410 5218 830 5284; x_wconf 82' lang='lat' dir='ltr'><strong>exhilarantem,</strong></span> <span class='ocrx_word' id='word_1_779' title='bbox 895 5224 949 5271; x_wconf 91' lang='lat' dir='ltr'><strong>et</strong></span> <span class='ocrx_word' id='word_1_780' title='bbox 1009 5214 1377 5270; x_wconf 72' lang='lat' dir='ltr'><strong>laztilicantem</strong></span> <span class='ocrx_word' id='word_1_781' title='bbox 1426 5230 1526 5270; x_wconf 92' lang='lat' dir='ltr'><strong>cor</strong></span> <span class='ocrx_word' id='word_1_782' title='bbox 1565 5215 1827 5281; x_wconf 84' lang='lat' dir='ltr'><strong>hominis,</strong></span> <span class='ocrx_word' id='word_1_783' title='bbox 1865 5231 1989 5286; x_wconf 72' lang='lat' dir='ltr'><strong>quae</strong></span> 
     </span>
    </p>
   </div>
   <div class='ocr_carea' id='block_1_102' title="bbox 2106 4566 3698 4643">
    <p class='ocr_par' dir='ltr' id='par_1_102' title="bbox 2106 4566 3698 4643">
     <span class='ocr_line' id='line_1_102' title="bbox 2106 4566 3698 4643; baseline 0 -20"><span class='ocrx_word' id='word_1_784' title='bbox 2106 4570 2222 4625; x_wconf 74' lang='grc' dir='ltr'><strong>δεῖν</strong></span> <span class='ocrx_word' id='word_1_785' title='bbox 2250 4587 2375 4623; x_wconf 89' lang='grc' dir='ltr'><strong>τινα</strong></span> <span class='ocrx_word' id='word_1_786' title='bbox 2416 4568 2726 4643; x_wconf 80' lang='grc' dir='ltr'><strong>ἐτερούσιον</strong></span> <span class='ocrx_word' id='word_1_787' title='bbox 2765 4569 2855 4622; x_wconf 80' lang='grc' dir='ltr'><strong>τὸν</strong></span> <span class='ocrx_word' id='word_1_788' title='bbox 2887 4569 3170 4641; x_wconf 89' lang='grc' dir='ltr'><strong>βραχίονα,</strong></span> <span class='ocrx_word' id='word_1_789' title='bbox 3202 4568 3236 4640; x_wconf 81' lang='grc' dir='ltr'>ἢ</span> <span class='ocrx_word' id='word_1_790' title='bbox 3264 4569 3364 4640; x_wconf 75' lang='grc' dir='ltr'><strong>τὴν</strong></span> <span class='ocrx_word' id='word_1_791' title='bbox 3388 4566 3567 4633; x_wconf 82' lang='grc' dir='ltr'><strong>δεξιὰν</strong></span> <span class='ocrx_word' id='word_1_792' title='bbox 3596 4570 3698 4623; x_wconf 81' lang='grc' dir='ltr'><strong>καὶ</strong></span> 
     </span>
    </p>
   </div>
   <div class='ocr_carea' id='block_1_103' title="bbox 2103 4660 3698 4733">
    <p class='ocr_par' dir='ltr' id='par_1_103' title="bbox 2103 4660 3698 4733">
     <span class='ocr_line' id='line_1_103' title="bbox 2103 4660 3698 4733; baseline -0.002 -16"><span class='ocrx_word' id='word_1_793' title='bbox 2103 4663 2195 4719; x_wconf 76' lang='grc' dir='ltr'><strong>τὸν</strong></span> <span class='ocrx_word' id='word_1_794' title='bbox 2234 4662 2525 4729; x_wconf 88' lang='grc' dir='ltr'><strong>δάκτυλον,</strong></span> <span class='ocrx_word' id='word_1_795' title='bbox 2552 4662 2629 4727; x_wconf 82' lang='grc' dir='ltr'><strong>ὼς</strong></span> <span class='ocrx_word' id='word_1_796' title='bbox 2672 4662 2900 4717; x_wconf 76' lang='grc' dir='ltr'><strong>ἕκαστον</strong></span> <span class='ocrx_word' id='word_1_797' title='bbox 2943 4661 3123 4716; x_wconf 82' lang='grc' dir='ltr'><strong>αὐτῶν</strong></span> <span class='ocrx_word' id='word_1_798' title='bbox 3151 4661 3261 4732; x_wconf 84' lang='lat'><strong>(70)</strong></span> <span class='ocrx_word' id='word_1_799' title='bbox 3292 4660 3568 4733; x_wconf 84' lang='grc' dir='ltr'><strong>διαφέρειν</strong></span> <span class='ocrx_word' id='word_1_800' title='bbox 3594 4661 3698 4714; x_wconf 84' lang='grc' dir='ltr'><strong>πέ-</strong></span> 
     </span>
    </p>
   </div>
   <div class='ocr_carea' id='block_1_104' title="bbox 2104 4748 3697 4826">
    <p class='ocr_par' dir='ltr' id='par_1_104' title="bbox 2104 4748 3697 4826">
     <span class='ocr_line' id='line_1_104' title="bbox 2104 4748 3697 4826; baseline -0.002 -17"><span class='ocrx_word' id='word_1_801' title='bbox 2104 4774 2295 4826; x_wconf 83' lang='grc' dir='ltr'><strong>φυκεν.</strong></span> <span class='ocrx_word' id='word_1_802' title='bbox 2326 4757 2453 4824; x_wconf 85' lang='lat' dir='ltr'><strong>&quot;Ap.</strong></span> <span class='ocrx_word' id='word_1_803' title='bbox 2486 4751 2605 4809; x_wconf 80' lang='grc' dir='ltr'><strong>εἷπε</strong></span> <span class='ocrx_word' id='word_1_804' title='bbox 2630 4772 2644 4785; x_wconf 76' lang='grc' dir='ltr'>ο</span> <span class='ocrx_word' id='word_1_805' title='bbox 2669 4754 2932 4825; x_wconf 68' lang='grc' dir='ltr'><strong>Σύμφημι</strong></span> <span class='ocrx_word' id='word_1_806' title='bbox 2953 4752 3239 4824; x_wconf 87' lang='grc' dir='ltr'><strong>ὁμοούσιον</strong></span> <span class='ocrx_word' id='word_1_807' title='bbox 3272 4748 3411 4808; x_wconf 69' lang='grc' dir='ltr'><strong>εἶναι</strong></span> <span class='ocrx_word' id='word_1_808' title='bbox 3442 4752 3535 4806; x_wconf 85' lang='grc' dir='ltr'><strong>τὸν</strong></span> <span class='ocrx_word' id='word_1_809' title='bbox 3560 4752 3697 4806; x_wconf 83' lang='grc' dir='ltr'><strong>Υἰὸν</strong></span> 
     </span>
    </p>
   </div>
   <div class='ocr_carea' id='block_1_105' title="bbox 2102 4845 3694 4921">
    <p class='ocr_par' dir='ltr' id='par_1_105' title="bbox 2102 4845 3694 4921">
     <span class='ocr_line' id='line_1_105' title="bbox 2102 4845 3694 4921; baseline -0.001 -19"><span class='ocrx_word' id='word_1_810' title='bbox 2102 4849 2180 4919; x_wconf 83' lang='grc' dir='ltr'><strong>τῷ</strong></span> <span class='ocrx_word' id='word_1_811' title='bbox 2208 4849 2413 4921; x_wconf 86' lang='grc' dir='ltr'><strong>Πατρί·</strong></span> <span class='ocrx_word' id='word_1_812' title='bbox 2444 4848 2642 4911; x_wconf 86' lang='grc' dir='ltr'><strong>ἀπόδος</strong></span> <span class='ocrx_word' id='word_1_813' title='bbox 2673 4864 2762 4919; x_wconf 90' lang='grc' dir='ltr'><strong>μοι</strong></span> <span class='ocrx_word' id='word_1_814' title='bbox 2816 4846 2999 4899; x_wconf 79' lang='grc' dir='ltr'><strong>λοιπὸν</strong></span> <span class='ocrx_word' id='word_1_815' title='bbox 3043 4845 3202 4915; x_wconf 89' lang='grc' dir='ltr'><strong>λόγον</strong></span> <span class='ocrx_word' id='word_1_816' title='bbox 3262 4847 3391 4917; x_wconf 73' lang='grc' dir='ltr'><strong>περὶ</strong></span> <span class='ocrx_word' id='word_1_817' title='bbox 3433 4846 3534 4918; x_wconf 83' lang='grc' dir='ltr'><strong>τῆς</strong></span> <span class='ocrx_word' id='word_1_818' title='bbox 3575 4847 3694 4917; x_wconf 83' lang='grc' dir='ltr'><strong>ἀμ·-</strong></span> 
     </span>
    </p>
   </div>
   <div class='ocr_carea' id='block_1_106' title="bbox 2100 4940 2264 4993">
    <p class='ocr_par' dir='ltr' id='par_1_106' title="bbox 2100 4940 2264 4993">
     <span class='ocr_line' id='line_1_106' title="bbox 2100 4940 2264 4993; baseline 0 -1"><span class='ocrx_word' id='word_1_819' title='bbox 2100 4940 2264 4993; x_wconf 78' lang='grc' dir='ltr'><strong>πέλου</strong></span> 
     </span>
    </p>
   </div>
   <div class='ocr_carea' id='block_1_107' title="bbox 2170 5024 3694 5101">
    <p class='ocr_par' dir='ltr' id='par_1_107' title="bbox 2170 5024 3694 5101">
     <span class='ocr_line' id='line_1_107' title="bbox 2170 5024 3694 5101; baseline -0.002 -17"><span class='ocrx_word' id='word_1_820' title='bbox 2170 5032 2259 5084; x_wconf 75' lang='lat'><strong>5‘2.</strong></span> <span class='ocrx_word' id='word_1_821' title='bbox 2308 5031 2426 5085; x_wconf 83' lang='grc' dir='ltr'><strong>Ἀθ.</strong></span> <span class='ocrx_word' id='word_1_822' title='bbox 2468 5024 2590 5082; x_wconf 78' lang='grc' dir='ltr'><strong>εἶπε</strong></span> <span class='ocrx_word' id='word_1_823' title='bbox 2616 5046 2628 5059; x_wconf 92' lang='grc'><strong>·</strong></span> <span class='ocrx_word' id='word_1_824' title='bbox 2687 5028 2792 5081; x_wconf 87' lang='grc' dir='ltr'><strong>Δύο</strong></span> <span class='ocrx_word' id='word_1_825' title='bbox 2822 5028 3026 5097; x_wconf 85' lang='grc' dir='ltr'><strong>γενεῶν</strong></span> <span class='ocrx_word' id='word_1_826' title='bbox 3067 5028 3314 5101; x_wconf 77' lang='grc' dir='ltr'><strong>ἀμπέλου</strong></span> <span class='ocrx_word' id='word_1_827' title='bbox 3347 5026 3506 5081; x_wconf 75' lang='grc' dir='ltr'><strong>εἴωθε</strong></span> <span class='ocrx_word' id='word_1_828' title='bbox 3552 5045 3694 5099; x_wconf 79' lang='grc' dir='ltr'><strong>μνη-</strong></span> 
     </span>
    </p>
   </div>
   <div class='ocr_carea' id='block_1_108' title="bbox 2103 5120 3689 5194">
    <p class='ocr_par' dir='ltr' id='par_1_108' title="bbox 2103 5120 3689 5194">
     <span class='ocr_line' id='line_1_108' title="bbox 2103 5120 3689 5194; baseline -0.001 -19"><span class='ocrx_word' id='word_1_829' title='bbox 2103 5121 2349 5194; x_wconf 89' lang='grc' dir='ltr'><strong>μονεύειν</strong></span> <span class='ocrx_word' id='word_1_830' title='bbox 2382 5124 2415 5192; x_wconf 82' lang='grc' dir='ltr'><strong>ή</strong></span> <span class='ocrx_word' id='word_1_831' title='bbox 2460 5120 2582 5174; x_wconf 87' lang='grc' dir='ltr'><strong>θεία</strong></span> <span class='ocrx_word' id='word_1_832' title='bbox 2613 5120 2835 5192; x_wconf 82' lang='grc' dir='ltr'><strong>Γραφὴ,</strong></span> <span class='ocrx_word' id='word_1_833' title='bbox 2881 5120 3011 5193; x_wconf 84' lang='grc' dir='ltr'><strong>μίαν</strong></span> <span class='ocrx_word' id='word_1_834' title='bbox 3054 5121 3151 5192; x_wconf 83' lang='grc' dir='ltr'>μὲν</span> <span class='ocrx_word' id='word_1_835' title='bbox 3184 5121 3427 5192; x_wconf 76' lang='grc' dir='ltr'><strong>χρηστὴν</strong></span> <span class='ocrx_word' id='word_1_836' title='bbox 3456 5120 3551 5173; x_wconf 76' lang='grc' dir='ltr'><strong>καὶ</strong></span> <span class='ocrx_word' id='word_1_837' title='bbox 3596 5122 3689 5173; x_wconf 79' lang='grc' dir='ltr'><strong>εύ-</strong></span> 
     </span>
    </p>
   </div>
   <div class='ocr_carea' id='block_1_109' title="bbox 2100 5210 3687 5285">
    <p class='ocr_par' dir='ltr' id='par_1_109' title="bbox 2100 5210 3687 5285">
     <span class='ocr_line' id='line_1_109' title="bbox 2100 5210 3687 5285; baseline -0.001 -18"><span class='ocrx_word' id='word_1_838' title='bbox 2100 5213 2400 5284; x_wconf 84' lang='grc' dir='ltr'><strong>φραντικήν</strong></span> <span class='ocrx_word' id='word_1_839' title='bbox 2440 5229 2501 5266; x_wconf 87' lang='grc' dir='ltr'><strong>τε</strong></span> <span class='ocrx_word' id='word_1_840' title='bbox 2546 5212 2641 5265; x_wconf 76' lang='grc' dir='ltr'><strong>καὶ</strong></span> <span class='ocrx_word' id='word_1_841' title='bbox 2674 5212 3074 5285; x_wconf 56' lang='grc' dir='ltr'><strong>χαροποιοὼαν</strong></span> <span class='ocrx_word' id='word_1_842' title='bbox 3108 5210 3334 5284; x_wconf 85' lang='grc' dir='ltr'><strong>καρδίαν</strong></span> <span class='ocrx_word' id='word_1_843' title='bbox 3367 5210 3687 5282; x_wconf 79' lang='grc' dir='ltr'><strong>ἀνθρώπου,</strong></span> 
     </span>
    </p>
   </div>
   <div class='ocr_carea' id='block_1_110' title="bbox 480 5366 1997 5440">
    <p class='ocr_par' dir='ltr' id='par_1_110' title="bbox 480 5368 1990 5440">
     <span class='ocr_line' id='line_1_110' title="bbox 480 5368 1990 5440; baseline -0.002 -15"><span class='ocrx_word' id='word_1_844' title='bbox 480 5373 525 5405; x_wconf 79' lang='grc' dir='ltr'><strong>⁸ο</strong></span> <span class='ocrx_word' id='word_1_845' title='bbox 563 5383 722 5428; x_wconf 78' lang='lat' dir='ltr'><strong>Joan.</strong></span> <span class='ocrx_word' id='word_1_846' title='bbox 758 5388 852 5440; x_wconf 81' lang='lat' dir='ltr'><strong>xv,</strong></span> <span class='ocrx_word' id='word_1_847' title='bbox 888 5371 940 5425; x_wconf 85' lang='lat' dir='ltr'><strong>l.</strong></span> <span class='ocrx_word' id='word_1_848' title='bbox 1018 5371 1066 5403; x_wconf 79' lang='lat'>“</span> <span class='ocrx_word' id='word_1_849' title='bbox 1104 5370 1251 5427; x_wconf 86' lang='lat' dir='ltr'><strong>Psal.</strong></span> <span class='ocrx_word' id='word_1_850' title='bbox 1283 5385 1452 5425; x_wconf 77' lang='lat' dir='ltr'><strong>cxvm</strong></span> <span class='ocrx_word' id='word_1_851' title='bbox 1475 5410 1490 5435; x_wconf 96' lang='lat'><strong>,</strong></span> <span class='ocrx_word' id='word_1_852' title='bbox 1521 5368 1610 5423; x_wconf 80' lang='lat'><strong>75.</strong></span> <span class='ocrx_word' id='word_1_853' title='bbox 1686 5370 1729 5402; x_wconf 80' lang='lat'>“</span> <span class='ocrx_word' id='word_1_854' title='bbox 1773 5369 1879 5425; x_wconf 91' lang='lat' dir='ltr'><strong>lsa.</strong></span> <span class='ocrx_word' id='word_1_855' title='bbox 1917 5385 1990 5425; x_wconf 80' lang='grc' dir='ltr'><strong>ιιι</strong></span> 
     </span>
    </p>
   </div>
   <div class='ocr_carea' id='block_1_111' title="bbox 2106 5366 2782 5440">
    <p class='ocr_par' dir='ltr' id='par_1_111' title="bbox 2106 5366 2782 5429">
     <span class='ocr_line' id='line_1_111' title="bbox 2106 5366 2782 5429; baseline 0 -8"><span class='ocrx_word' id='word_1_856' title='bbox 2106 5407 2135 5422; x_wconf 93' lang='grc'><strong>..</strong></span> <span class='ocrx_word' id='word_1_857' title='bbox 2212 5369 2258 5401; x_wconf 69' lang='grc'><strong>⁸⁸</strong></span> <span class='ocrx_word' id='word_1_858' title='bbox 2297 5368 2442 5423; x_wconf 82' lang='lat' dir='ltr'><strong>Psal.</strong></span> <span class='ocrx_word' id='word_1_859' title='bbox 2478 5383 2658 5429; x_wconf 75' lang='lat' dir='ltr'><strong>cxvii,</strong></span> <span class='ocrx_word' id='word_1_860' title='bbox 2693 5366 2782 5422; x_wconf 79' lang='grc'><strong>16.</strong></span> 
     </span>
    </p>
   </div>
   <div class='ocr_carea' id='block_1_112' title="bbox 483 5544 1993 5625">
    <p class='ocr_par' dir='ltr' id='par_1_112' title="bbox 483 5544 1993 5625">
     <span class='ocr_line' id='line_1_112' title="bbox 483 5544 1993 5625; baseline 0.001 -24"><span class='ocrx_word' id='word_1_861' title='bbox 483 5546 911 5625; x_wconf 33' lang='lat' dir='ltr'><strong>(ii‘l)_ltegius‘et</strong></span> <span class='ocrx_word' id='word_1_862' title='bbox 938 5547 1281 5625; x_wconf 51' lang='lat' dir='ltr'><strong>Basiluﬁﬁu&#39;b</strong></span> <span class='ocrx_word' id='word_1_863' title='bbox 1301 5544 1393 5625; x_wconf 82' lang='grc' dir='ltr'>οὖν</span> <span class='ocrx_word' id='word_1_864' title='bbox 1418 5549 1513 5625; x_wconf 59' lang='grc' dir='ltr'><strong>καί</strong></span> <span class='ocrx_word' id='word_1_865' title='bbox 1531 5551 1619 5621; x_wconf 80' lang='grc' dir='ltr'><strong>τῇ.</strong></span> <span class='ocrx_word' id='word_1_866' title='bbox 1637 5548 1993 5625; x_wconf 81' lang='lat' dir='ltr'><strong>Anglicanus,</strong></span> 
     </span>
    </p>
   </div>
   <div class='ocr_carea' id='block_1_113' title="bbox 411 5617 1996 5693">
    <p class='ocr_par' dir='ltr' id='par_1_113' title="bbox 411 5617 1996 5693">
     <span class='ocr_line' id='line_1_113' title="bbox 411 5617 1996 5693; baseline -0.003 -16"><span class='ocrx_word' id='word_1_867' title='bbox 411 5617 548 5688; x_wconf 78' lang='grc' dir='ltr'><strong>ἀξιῶ</strong></span> <span class='ocrx_word' id='word_1_868' title='bbox 571 5617 665 5675; x_wconf 81' lang='grc' dir='ltr'>οὖν</span> <span class='ocrx_word' id='word_1_869' title='bbox 692 5617 971 5690; x_wconf 67' lang='grc' dir='ltr'><strong>ξυντόμως</strong></span> <span class='ocrx_word' id='word_1_870' title='bbox 1016 5619 1186 5675; x_wconf 84' lang='lat' dir='ltr'><strong>Paulo</strong></span> <span class='ocrx_word' id='word_1_871' title='bbox 1212 5628 1334 5691; x_wconf 87' lang='lat' dir='ltr'><strong>post</strong></span> <span class='ocrx_word' id='word_1_872' title='bbox 1360 5617 1716 5693; x_wconf 79' lang='lat' dir='ltr'><strong>Anglicanus,</strong></span> <span class='ocrx_word' id='word_1_873' title='bbox 1736 5617 1996 5673; x_wconf 76' lang='grc' dir='ltr'><strong>κέλευσον</strong></span> 
     </span>
    </p>
   </div>
   <div class='ocr_carea' id='block_1_114' title="bbox 413 5696 791 5764">
    <p class='ocr_par' dir='ltr' id='par_1_114' title="bbox 413 5696 791 5764">
     <span class='ocr_line' id='line_1_114' title="bbox 413 5696 791 5764; baseline 0 -17"><span class='ocrx_word' id='word_1_874' title='bbox 413 5708 514 5764; x_wconf 86' lang='lat' dir='ltr'><strong>pro</strong></span> <span class='ocrx_word' id='word_1_875' title='bbox 546 5696 791 5764; x_wconf 63' lang='grc' dir='ltr'><strong>θέλησον.</strong></span> 
     </span>
    </p>
   </div>
   <div class='ocr_carea' id='block_1_115' title="bbox 484 5761 1098 5828">
    <p class='ocr_par' dir='ltr' id='par_1_115' title="bbox 484 5761 1098 5828">
     <span class='ocr_line' id='line_1_115' title="bbox 484 5761 1098 5828; baseline 0.002 -13"><span class='ocrx_word' id='word_1_876' title='bbox 484 5764 539 5818; x_wconf 71' lang='grc'><strong>(6</strong></span> <span class='ocrx_word' id='word_1_877' title='bbox 584 5768 597 5818; x_wconf 77' lang='grc' dir='ltr'>ὶ</span> <span class='ocrx_word' id='word_1_878' title='bbox 630 5762 843 5828; x_wconf 78' lang='lat' dir='ltr'><strong>Anglic.</strong></span> <span class='ocrx_word' id='word_1_879' title='bbox 882 5764 971 5815; x_wconf 66' lang='grc' dir='ltr'><strong>καὶ</strong></span> <span class='ocrx_word' id='word_1_880' title='bbox 998 5761 1098 5816; x_wconf 75' lang='grc' dir='ltr'><strong>ἔτι.</strong></span> 
     </span>
    </p>
   </div>
   <div class='ocr_carea' id='block_1_116' title="bbox 2176 5542 3688 5621">
    <p class='ocr_par' dir='ltr' id='par_1_116' title="bbox 2176 5542 3688 5621">
     <span class='ocr_line' id='line_1_116' title="bbox 2176 5542 3688 5621; baseline -0.004 -17"><span class='ocrx_word' id='word_1_881' title='bbox 2176 5549 2287 5621; x_wconf 69' lang='grc'><strong>(69)</strong></span> <span class='ocrx_word' id='word_1_882' title='bbox 2321 5548 2396 5603; x_wconf 89' lang='lat' dir='ltr'><strong>Ita</strong></span> <span class='ocrx_word' id='word_1_883' title='bbox 2432 5562 2623 5621; x_wconf 83' lang='lat' dir='ltr'><strong>omnes</strong></span> <span class='ocrx_word' id='word_1_884' title='bbox 2663 5564 2798 5604; x_wconf 90' lang='lat' dir='ltr'><strong>mss.</strong></span> <span class='ocrx_word' id='word_1_885' title='bbox 2830 5560 3024 5621; x_wconf 63' lang='lat' dir='ltr'><strong>praeter</strong></span> <span class='ocrx_word' id='word_1_886' title='bbox 3046 5546 3184 5618; x_wconf 81' lang='lat' dir='ltr'><strong>Aug.</strong></span> <span class='ocrx_word' id='word_1_887' title='bbox 3215 5562 3376 5619; x_wconf 87' lang='lat' dir='ltr'><strong>quem</strong></span> <span class='ocrx_word' id='word_1_888' title='bbox 3430 5542 3688 5617; x_wconf 78' lang='lat' dir='ltr'><strong>sequitur</strong></span> 
     </span>
    </p>
   </div>
   <div class='ocr_carea' id='block_1_117' title="bbox 2103 5618 3201 5691">
    <p class='ocr_par' dir='ltr' id='par_1_117' title="bbox 2103 5618 3201 5691">
     <span class='ocr_line' id='line_1_117' title="bbox 2103 5618 3201 5691; baseline -0.005 -15"><span class='ocrx_word' id='word_1_889' title='bbox 2103 5618 2234 5676; x_wconf 86' lang='lat' dir='ltr'><strong>edit.</strong></span> <span class='ocrx_word' id='word_1_890' title='bbox 2263 5618 2438 5675; x_wconf 87' lang='lat' dir='ltr'><strong>Paris.</strong></span> <span class='ocrx_word' id='word_1_891' title='bbox 2471 5620 2743 5688; x_wconf 86' lang='lat' dir='ltr'><strong>habetque</strong></span> <span class='ocrx_word' id='word_1_892' title='bbox 2766 5618 3201 5691; x_wconf 81' lang='grc' dir='ltr'><strong>ἀπερίγραπτον.</strong></span> 
     </span>
    </p>
   </div>
   <div class='ocr_carea' id='block_1_118' title="bbox 2175 5690 2669 5764">
    <p class='ocr_par' dir='ltr' id='par_1_118' title="bbox 2175 5690 2669 5764">
     <span class='ocr_line' id='line_1_118' title="bbox 2175 5690 2669 5764; baseline 0 -21"><span class='ocrx_word' id='word_1_893' title='bbox 2175 5692 2287 5764; x_wconf 82' lang='lat'><strong>(&#39;70)</strong></span> <span class='ocrx_word' id='word_1_894' title='bbox 2318 5692 2457 5762; x_wconf 77' lang='lat' dir='ltr'><strong>Aug.</strong></span> <span class='ocrx_word' id='word_1_895' title='bbox 2489 5690 2669 5744; x_wconf 77' lang='grc' dir='ltr'><strong>αὐτόν.</strong></span> 
     </span>
    </p>
   </div>
  </div>
