3860 6200
2781 156 2802 187 ο

157 178 256 239 ιει
1318 179 1734 238 οιδΡυτΑτιο

1849 182 2055 239 turus
2094 181 2340 242 sutum.
2781 156 2802 187 '
3218 150 3221 153 6
3339 190 3444 245 es:

158 308 250 358 τὸν
286 302 500 374 Κυριον
553 286 752 373 Ιησοῦν
789 303 1053 374 Χριστόν*
1090 301 1323 375 θατέραν
1359 303 1417 357 δὲ
1447 302 1541 356 τὸν
1577 302 1734 356 διάϐο·

1863 313 1947 359 est
1991 303 2253 362 Dominus
2318 302 2480 362 Jesus
2530 304 2810 363 Christus.
2838 307 2959 362 Alia
3026 315 3111 365 est
3158 308 3439 375 diabolus,

158 393 270 456 λον,
302 392 511 446 λύσσαν
550 395 648 446 καὶ
688 395 767 447 ἱὸν
797 393 1199 457 ἀποστάζοντα,
1234 393 1378 446 κατά
1402 393 1462 446 τὸ
1507 410 1730 464 γεγραμ

1861 396 2067 450 rabiem
2125 402 2182 449 et
2228 411 2500 452 venenum
2548 396 2863 459 distillans,
2900 399 2977 453 uti
3011 401 3278 470 scriptum
3319 413 3437 458 est:

161 483 326 554 μένον
352 501 367 514 ·
404 502 425 536 ι
471 484 539 538 Ἦ
564 485 674 556 γάρ
701 484 948 556 ἄμπελος
972 485 1150 539 αὐτῶν
1188 487 1255 540 ἐκ
1282 486 1561 556 Σοδόμων,
1597 486 1692 538 καὶ
1719 488 1734 538 1‘

1864 504 1883 537 ι
1923 486 2056 540 Nam
2088 486 2155 541 de
2179 487 2336 542 vinea
2373 485 2762 549 Sodomorum.
2791 489 2951 545 vinea
2975 507 3165 547 eorum
3194 512 3208 547 :
3243 501 3297 548 et
3316 508 3440 548 sar-

158 576 437 647 κληματὶς
482 577 666 630 αὐτῶν
707 578 774 630 ἐκ
828 577 1146 649 Γομόρρας·
1194 578 1228 648 ἡ
1272 577 1517 647 σταφυλὴ
1575 576 1734 630 αύτῶε

1857 586 2100 633 mentum
2160 595 2349 635 eorum
2400 595 2464 635 ex
2513 578 2841 636 Gomorrha.
2879 580 2995 636 Uva
3054 598 3270 650 eorum,
3332 600 3439 640 uva

158 668 411 742 σταφυλὴ
431 668 617 740 χολῆς,
646 669 844 742 βότρυς
867 671 1124 743 πικρίας’
1149 672 1178 725 6
1208 666 1351 734 οἶνος
1372 669 1552 724 αὐτῶν
1584 669 1734 741 eone.

1857 668 2021 735 fellis,
2070 668 2264 726 botrus
2314 670 2703 727 amaritudinis
2736 688 2749 723 :
2778 673 2967 727 vinum
3029 689 3247 741 eorum,
3281 674 3439 732 furor

155 762 405 815 ἀσπίδων
425 760 666 825 ἀνίατος.
690 781 709 813 ι
731 762 843 816 Καὶ
873 765 901 816 6
929 762 1058 828 λαὸς
1084 763 1142 817 δὲ
1168 763 1412 834 ἄμπελος
1434 762 1751 834 ὠνομάσθη,

154 854 254 910 καὶ
281 853 488 908 δίκαιοι
524 853 790 924 πολλαχοῦ
825 855 1135 928 ἐκλήθησαν
1180 855 1502 927 ἀμπελῶνες
1521 895 1537 920 ,
1567 855 1753 920 ἁπλῶς

156 946 347 1016 μέντοι
376 944 471 998 καὶ
504 944 957 1018 ἀπολελυμένως,
986 949 1156 1019 χωρὶς
1193 948 1322 1014 τοῦ,
1351 967 1369 1000 ι
1396 946 1537 1016 Ἐγώ
1575 950 1690 1018 εἰμι
1717 948 1750 1019 ἡ

150 1035 407 1106 ἄμπελος
440 1035 474 1104 ἡ
511 1033 762 1106 ἀληθινή.
805 1056 824 1088 ι
860 1036 981 1090 Ἵνα
1018 1037 1093 1108 μὴ
1133 1033 1225 1091 οὖν
1261 1039 1355 1092 καὶ
1396 1038 1424 1089 6
1463 1038 1664 1110 Σωτὴρ
1687 1039 1752 1090 ὲκ

147 1131 254 1196 τῆς
284 1127 610 1198 ἐπωνυμίας
644 1127 1010 1200 προσλογισθῇ
1034 1133 1154 1192 ταῖς
1184 1129 1612 1201 προειρημέναις
1645 1130 1752 1199 ἀμ·-

147 1220 367 1285 πέλοις,
406 1222 471 1274 ού
519 1221 661 1291 λέγω
690 1221 770 1292 τῷ
799 1221 1030 1292 διαϐόλῳ
1053 1263 1067 1283 ,
1096 1222 1212 1275 ἀλλ’
1258 1216 1371 1275 οἷον
1420 1224 1488 1293 τῇ
1525 1238 1750 1292 μετενε-

146 1313 349 1386 χθείσῃ
383 1314 498 1387 (71)
525 1314 583 1381 ἐξ
610 1313 888 1384 Αἰγύπτου
917 1316 1014 1368 καὶ
1041 1313 1392 1388 φυτευθείσῃ,
1428 1315 1516 1368 ἵνα
1544 1314 1750 1386 ποιήσῃ

146 1406 370 1476 καρπὸν
416 1406 730 1477 σταφυλῆς,
768 1406 993 1478 ἐποίησε
1031 1406 1088 1460 δὲ
1137 1405 1412 1471 ἀκάνθας,
1439 1400 1562 1459 εἷπε
1612 1406 1750 1477 μετά

147 1498 479 1570 προσθήκης
500 1516 513 1528 ·
549 1518 567 1550 ι
613 1498 754 1568 Ἐγώ
781 1501 896 1570 εἰμι
922 1502 954 1570 ἡ
986 1499 1231 1570 ἄμπελος
1257 1500 1291 1569 ή
1322 1497 1572 1570 ἀληθινὴ,
1621 1518 1640 1549 ι
1681 1492 1749 1570 ἦς

131 1594 175 1643 τὸ
196 1591 419 1661 καρπὸς
444 1591 579 1659 ζωὴ,
606 1591 772 1663 χαρὰ,
799 1592 1014 1663 εἰρήνη,
1035 1592 1225 1661 ἀγάπη
1253 1590 1390 1661 (72),
1407 1590 1745 1662 δικαιοσύνη,

146 1680 340 1743 πίστις
394 1680 864 1753 εἰλικρινεστάτη,
907 1681 1140 1751 γνῶσις,
1189 1682 1474 1747 εὐσέϐεια,
1520 1682 1743 1751 ἁγνεία,

145 1772 445 1843 σεμνότης,
475 1772 876 1845 φιλανθρωπία,
916 1773 1181 1845 πραότης,
1214 1773 1533 1846 ἐγκράτεια,
1561 1774 1654 1828 καὶ
1677 1773 1745 1827 τὰ

143 1863 515 1935 παραπλήσια
552 1863 785 1928 τούτοις.
831 1865 1046 1937 Ἐπειδὴ
1086 1865 1178 1919 καὶ
1218 1865 1286 1919 τὰ
1326 1865 1603 1938 κλήματα,
1645 1867 1745 1938 τῆς

142 1955 322 2025 αὐτῆς
354 1957 636 2025 εὐγενείας
674 1957 774 2028 τῆς
807 1956 1068 2029 ἀληθινῆς
1105 1957 1351 2028 ἀμπέλου
1381 1957 1741 2027 τυγχάνοντα,

138 2048 228 2101 δεῖ
264 2050 458 2120 ὅμοιον
503 2050 717 2122 καρπὸν
755 2050 1189 2121 προϐάλλεσθαι,
1216 2046 1287 2123 ἦς
1322 2052 1461 2104 εἰσιν
1495 2050 1741 2122 ἀμπέλου

138 2139 426 2210 κλήματα.
462 2140 604 2204 Τοὺς
634 2142 965 2207 ἀποστόλους
998 2138 1092 2195 οὖν
1126 2141 1254 2213 ἔφη,
1287 2143 1404 2213 άμα
1430 2159 1742 2214 παρασκευ-

136 2231 293 2296 άζων
341 2233 542 2297 αὐτοὺς
578 2234 840 2305 ἐμμένειν
888 2235 948 2291 ἐν
988 2235 1101 2307 (75)
1148 2237 1212 2306 τῇ
1257 2235 1478 2303 πίστει,
1523 2237 1618 2290 καὶ
1666 2235 1742 2308 μὴ

139 2324 662 2396 ἀποσκιρτήσαντας
711 2328 776 2380 ἐκ
818 2327 918 2397 τῆς
965 2326 1251 2398 ἀληθείας,
1286 2325 1478 2399 ὥσπερ
1517 2326 1739 2392 Ἰούδας,

132 2418 441 2489 ἀκάρπους
458 2420 780 2489 άπομεῖναι.
806 2419 1015 2483 Οἵτινες
1030 2419 1137 2492 γὰρ
1168 2418 1607 2492 ἐξολισθήσουσιν
1625 2421 1739 2492 (74)

139 2511 207 2562 ἐκ
233 2510 337 2580 τῆς
373 2508 471 2561 τοῦ
511 2508 717 2580 Κυρίου
750 2509 970 2581 ἀγάπης
1002 2509 1099 2563 καὶ
1133 2509 1392 2574 πίστεως,
1426 2510 1584 2582 δίκην
1609 2510 1742 2583 κλη-

144 2602 339 2671 μάτων
362 2600 822 2671 ἀποτεμνόμενοι,
853 2601 1134 2673 ρίπτονται
1163 2600 1269 2667 ἔξω
1284 2601 1391 2655 τῶν
1417 2600 1597 2656 θείων.
1624 2602 1742 2675 Νη-

141 2692 373 2761 φαλίους
400 2689 497 2747 οὖν
528 2693 624 2746 καὶ
649 2693 965 2765 προθύμους
1007 2694 1306 2766 προτρέπει
1345 2694 1588 2763 γίνεσθαι
1612 2697 1739 2761 τοὺς

135 2785 403 2856 ’μαθητὰς
436 2784 528 2839 διὰ
562 2784 659 2838 τοῦ
713 2785 884 2856 φῆσαι
907 2802 922 2817 ’
957 2804 976 2838 ι
999 2786 1057 2839 ὐ
1109 2786 1300 2858 Πατήρ
1350 2804 1450 2857 μου
1494 2787 1740 2859 γεωργός

139 2879 329 2943 ἐστιν,
375 2896 396 2929 ι
440 2878 647 2932 ὡσανεὶ
700 2877 919 2948 ἔλεγενο
977 2879 1190 2934 Είδέναι
1238 2880 1384 2951 ὑμᾶς
1440 2877 1736 2950 βούλομαι,

1854 762 2107 831 aspidum
2142 763 2467 819 insanabilis
2500 764 2565 818 ⁸³.
2601 784 2620 816 ι
2661 763 2905 834 Populus
2928 766 3057 820 item
3082 768 3210 823 vitis
3248 769 3438 838 appel-

1856 855 2118 919 latusest,
2155 870 2410 927 saepeque
2449 856 2587 926 justi
2639 856 2779 920 vites
2807 866 2937 913 sunt
2962 858 3134 924 dicti,
3168 860 3439 929 simplici-

1854 956 1939 1005 ter
1969 959 2153 1006 tamen
2202 957 2257 1005 et
2285 950 2559 1015 absolute,
2605 965 2708 1006 nec
2747 949 2834 1008 de.
2869 952 2980 1007 illis
3002 952 3226 1017 dicitur,
3262 970 3284 1004 ι
3321 953 3437 1024 Ego

1854 1056 1976 1095 sum
2007 1041 2136 1097 vitis
2182 1057 2310 1097 vera
2332 1041 2439 1093 “.i
2476 1040 2748 1108 Quocirca
2805 1057 2876 1097 ne
2924 1041 3175 1098 Salvator
3210 1044 3280 1099 ob
3335 1045 3440 1100 hu-

1847 1133 2091 1203 jusmodi
2125 1148 2434 1204 cognomen
2457 1134 2581 1188 aliis
2613 1148 2780 1204 supra
2801 1133 2966 1189 dictis
2998 1135 3206 1192 vitibus
3255 1152 3436 1192 annu-

1851 1234 2097 1280 meretur
2134 1224 2266 1296 (non
2303 1225 2526 1280 diabolo
2544 1226 2777 1297 tamen),
2802 1226 2957 1282 verbi
3002 1228 3198 1297 gratia,
3236 1230 3333 1285 viti
3365 1245 3435 1286 ex

1852 1313 2087 1386 JEgypto
2137 1317 2421 1371 translatae
2454 1323 2507 1371 et
2564 1317 2843 1386 plantatze,
2895 1325 2957 1372 ut
3015 1319 3257 1374 fructum
3317 1336 3436 1377 uva:

1850 1406 2198 1475 produceret,
2256 1407 2353 1463 sed
2396 1408 2587 1477 spinas
2633 1409 2930 1478 produxit;
2963 1411 3039 1465 ait
3070 1426 3195 1466 cum
3224 1412 3436 1468 addita-

1851 1507 2058 1563 mento,
2090 1517 2110 1550 ι
2143 1496 2256 1570 Ego
2299 1515 2421 1555 sum
2454 1499 2583 1556 vitis
2621 1515 2772 1568 vera,
2808 1519 2828 1552 ι
2864 1501 3024 1570 cujus
3078 1502 3292 1558 fructus
3346 1511 3435 1559 est

1851 1589 1985 1655 vita,
2025 1590 2307 1660 gaudium,
2334 1605 2461 1659 pax,
2486 1590 2764 1652 cbaritas,
2797 1590 3034 1661 justitia,
3081 1591 3217 1647 fides
3249 1593 3435 1662 puris-

1850 1680 2012 1744 sima,
2049 1680 2315 1751 cognitio,
2341 1681 2537 1749 pietas,
2591 1681 2842 1745 castitas,
2878 1682 3141 1751 gravitas,
3176 1683 3434 1739 humani-

1854 1780 1962 1836 tas,
1986 1773 2373 1837 mansuetudo,
2402 1772 2787 1843 temperantia,
2809 1780 2864 1828 et
2889 1774 3111 1829 similia.
3144 1774 3281 1830 Nam
3304 1792 3432 1833 cum

1852 1865 2105 1934 palmites
2130 1865 2321 1920 eadem
2356 1864 2629 1935 gaudeant
2656 1865 2970 1930 nobilitate,
2987 1881 3096 1935 qua
3128 1883 3256 1923 vera
3279 1869 3429 1933 vitis,

1850 1972 1952 2026 par
1967 1964 2052 2012 cst
2096 1972 2191 2012 eos
2221 1956 2457 2013 similem
2504 1957 2600 2011 viti
2633 1956 2873 2011 fructum
2904 1959 3230 2028 producere,
3267 1960 3432 2030 cujus

1850 2057 1980 2103 sunt
2000 2047 2274 2119 palmites.
2306 2047 2602 2118 Apostolos
2620 2047 2789 2119 igitur
2823 2048 3109 2115 indicavit,
3136 2051 3302 2106 simul
3333 2068 3431 2109 eos

1848 2139 2184 2196 confirmans
2213 2146 2268 2195 et
2300 2139 2601 2194 exhortans
2645 2146 2704 2193 ut
2734 2140 2790 2194 in
2847 2139 2952 2197 ﬁde
2998 2148 3319 2221 constantes
3340 2160 3449 2204 es-l

1851 2242 1994 2296 sent,
2049 2246 2161 2286 non
2215 2238 2396 2287 autem
2451 2231 2669 2287 steriles
2716 2241 3045 2299 manerent,
3088 2248 3119 2289 a
3172 2238 3427 2303 veritate,

1846 2321 2003 2378 Iudae
2052 2323 2324 2393 exemplo,
2359 2322 2682 2379 resiliendo.
2737 2321 2874 2377 Nam
2923 2325 3016 2395 qui
3079 2341 3147 2382 ex
3207 2326 3427 2385 Domini

1847 2414 2119 2471 cbaritate
2148 2423 2203 2471 et
2233 2415 2338 2471 ﬁde
2372 2415 2665 2483 decidunt,
2706 2416 2883 2471 instar
2937 2418 3225 2487 palmitum
3267 2421 3431 2494 174

1848 2509 2137 2579 amputati,
2182 2516 2337 2564 extra
2388 2507 2575 2563 divina
2624 2509 3012 2579 projiciuntur.
3078 2511 3178 2569 His
3240 2513 3429 2584 itaque

1844 2602 2049 2666 verbis,
2089 2620 2110 2653 ι
2141 2600 2303 2657 Pater
2332 2617 2488 2657 meus
2532 2601 2774 2672 agricola
2805 2611 2912 2669 est,
2948 2624 2967 2657 ι
2996 2620 3128 2661 suos
3158 2606 3425 2661 adhorta-

1845 2697 1938 2745 tur
1981 2690 2283 2762 discipulos
2335 2700 2397 2747 ut
2440 2692 2667 2763 vigilent
2710 2702 2765 2750 et
2800 2694 3094 2766 diligentes
3117 2697 3252 2764 sint,
3280 2707 3340 2754 ut
3374 2701 3422 2756 si

1846 2779 2053 2838 diceret
2083 2801 2096 2837 :
2131 2782 2285 2840 Scire
2312 2800 2412 2840 vos
2437 2786 2562 2841 volo
2594 2786 2741 2856 quod
2782 2786 2828 2842 si
2881 2802 3047 2856 quem
3078 2787 3239 2845 Pater
3267 2806 3426 2847 meus

1844 2873 2083 2940 excolat,
2119 2872 2211 2930 ille
2270 2874 2513 2931 fructum
2560 2892 2746 2932 meum
2793 2878 3070 2947 producit.
3108 2878 3221 2936 Nec
3275 2884 3423 2937 enim

132 2971 245 3037 ὅτι,
273 2970 333 3024 εἴ
357 2989 484 3025 τινα
505 2970 535 3022 ὁ
572 2971 766 3043 Πατὴρ
793 2973 821 3025 ὁ
847 2970 979 3043 ἐμὸς
1028 2973 1284 3043 γεωργεῖ,
1319 2972 1348 3025 6
1379 2970 1620 3035 τοιοῦτος
1645 2970 1734 3024 τὸν

1849 2966 1981 3022 sinit
2042 2966 2282 3022 alienum
2344 2967 2585 3023 fructum
2626 2970 2681 3023 in
2709 2968 2857 3027 veris
2911 2973 3041 3026 vitis
3098 2974 3424 3044 palmitibus

139 3063 278 3133 ἐμὸν
306 3063 527 3135 καρπὸν
553 3063 848 3118 ἀποδίδωσι
877 3062 951 3135 μὴ
981 3062 1180 3127 ἐῶντος
1204 3062 1315 3134 (75)
1344 3063 1557 3134 καρπὸν
1583 3062 1740 3116 ἀλλό-

136 3172 295 3229 τριον
322 3159 385 3210 ἐν
409 3159 525 3221 τοῖς
546 3154 822 3226 ἀληθινοῖς
846 3155 1091 3225 κλήμασι
1117 3155 1216 3226 τῆς
1242 3155 1488 3226 ἀμπέλου
1517 3154 1744 3226 βλαστῆ-

141 3264 261 3304 aut.
304 3246 743 3322 Ἐμπεριπατῶν
776 3247 881 3318 γάρ
911 3249 970 3301 ἐν
999 3246 1080 3318 τῷ
1119 3246 1423 3317 ἀμπελῶνι,
1463 3247 1740 3302 τουτέστιν

134 3342 203 3393 ἐν
222 3344 341 3405 τοῖς
370 3340 475 3411 τῆς
505 3340 684 3411 ψυχῆς
709 3340 975 3410 ταμείοις,
1009 3338 1188 3393 πάντα
1214 3338 1282 3393 τὰ
1310 3338 1487 3411 σαθρά
1512 3340 1606 3393 καὶ
1637 3356 1741 3411 μα-

137 3434 307 3506 νιώδη
333 3436 636 3505 περιαιρεῖ,
656 3432 794 3503 πρὸς
812 3433 874 3486 τὺ
897 3433 974 3503 μὴ
1005 3432 1380 3504 ὐλομανοῦσαν
1404 3431 1740 3505 διαφθείρειν

136 3526 312 3595 ὅνπερ
349 3522 465 3593 (76)
511 3525 540 3576 6
585 3521 832 3593 γεωργὸς
886 3520 1044 3576 ποθεῖ
1095 3522 1462 3596 προϐαλέσθαι
1502 3523 1734 3594 καρπὸν.

151 3615 297 3671 ’AD.’
328 3614 519 3686 ἐπειδὴ
548 3616 578 3669 6
607 3615 709 3684 τῆς
734 3613 997 3686 αἰσθητῆς
1041 3614 1291 3684 ἀμπέλου
1334 3614 1490 3684 λόγος
1512 3614 1738 3669 δύναται

139 3705 526 3778 συμϐαλέσθαι
543 3706 679 3776 ἡμῖν
705 3706 785 3768 είς
813 3704 873 3758 τὸ
901 3702 1255 3777 ζητούμενον,
1285 3705 1518 3778 ἀρκτέον
1552 3704 1737 3760 ἐντεῦ-

138 3795 234 3850 θεν
259 3794 524 3850 ἐκθέσθαι
557 3794 655 3848 καὶ
682 3794 811 3865 περὶ
832 3794 1022 3848 τούτου
1059 3795 1158 3866 τὴν
1192 3796 1490 3867 ἀφήγησιν.

209 3888 304 3943 55.
350 3886 682 3959 Ἐπειδήπερ
713 3885 1135 3956 καταλειφθεῖσα
1178 3886 1287 3958 πρὸ
1332 3886 1427 3940 τοῦ
1468 3887 1740 3960 χειμῶνος

129 3983 175 4053 ’ἠ
206 3980 461 4050 ἄμπελος
500 3977 735 4050 εὐθαλής
765 3995 826 4033 τε
861 3981 958 4033 καὶ
987 3979 1332 4051 εύκλήματος
1368 3981 1567 4054 ἕστηκε
1602 4000 1738 4054 καρ-

134 4072 323 4144 τερῶς
345 4072 487 4144 πρὸς
508 4070 609 4136 τὰς
630 4071 854 4142 ἐφόδους
883 4070 981 4126 τοῦ
1007 4072 1278 4143 χειμῶνος
1298 4089 1311 4103 ·
1341 4075 1370 4127 6
1388 4072 1467 4137 δὲ,
1491 4077 1558 4146 τῇ
1590 4076 1737 4146 ἀπη-

136 4164 384 4238 νεστάτῃ
415 4163 690 4237 προσϐολῇ
724 4163 819 4218 τοῦ
852 4163 1054 4237 κρύους
1083 4164 1250 4218 αὐτοῦ
1291 4165 1734 4238 προσεληλυθὼς,

134 4256 548 4330 ἀπομαραίνειν
572 4256 800 4328 ἄρχεταί
829 4273 955 4312 τινα
984 4257 1097 4311 τῶν
1124 4257 1339 4328 φύλλων
1373 4259 1564 4331 αὐτῆς,
1594 4261 1736 4316 αὐτὰ

1842 3059 2174 3129 germinare.
2202 3058 2449 3131 Namque
2494 3060 2550 3115 in
2600 3062 2784 3128 vinea,
2819 3066 2924 3120 hoc
2970 3073 3054 3120 est
3104 3069 3160 3121 in
3226 3067 3426 3122 animas

1841 3154 2242 3222 penetralibus,
2279 3154 2916 3227 deambulans,putrida
2946 3159 3131 3213 omnia
3169 3168 3225 3215 et
3270 3161 3426 3215 luxu-

1839 3244 2041 3298 riantia
2076 3253 2342 3315 amputat,
2375 3260 2446 3301 ne
2485 3247 2787 3303 silvescens
2812 3247 3053 3304 fructum
3081 3260 3420 3322 corrumpat,

1841 3352 2004 3407 quem
2053 3339 2295 3408 agricola
2325 3346 2479 3409 optat
2511 3340 2763 3410 produci.
2812 3339 3018 3397 Verum
3075 3344 3424 3415 quandoqui—

1840 3429 1962 3487 dem
1994 3432 2273 3488 sensibilis
2303 3432 2432 3487 vitis
2479 3433 2791 3503 exemplum
2836 3436 2997 3490 nobis
3026 3436 3236 3507 aliquid
3286 3451 3424 3493 con-

1839 3522 1984 3580 ferre
2012 3532 2195 3595 potest
2250 3525 2317 3581 ad
2344 3525 2400 3580 id
2437 3526 2504 3582 de
2543 3542 2654 3598 quo
2696 3528 3080 3599 agitur;inde,
3124 3530 3173 3585 si
3219 3530 3421 3601 placet,

1838 3632 1955 3673 rem
1985 3634 2261 3690 exponere
2282 3619 2586 3693 ordiamur.

1909 3884 1998 3939 '55.
2019 3882 2190 3940 Vinea
2216 3890 2343 3939 ante
2362 3883 2598 3938 hiemem
2627 3881 2820 3939 viridis
2846 3890 2900 3939 et
2932 3883 3255 3954 palmitibus
3278 3884 3420 3943 bene

1838 3984 2056 4044 ornata,
2099 3984 2294 4033 contra
2337 3976 2537 4032 hiemis
2594 3976 2855 4033 incursus
2909 3973 3143 4032 fortiter.
3182 3977 3415 4035 resistit.

1838 4068 2030 4126 Hieme
2063 4077 2247 4124 autem
2278 4067 2652 4125 immitissima
2687 4066 2913 4138 frigoris
2954 4069 3287 4139 impulsione
3323 4084 3418 4126 ac~

1837 4162 2085 4229 cedente,
2114 4161 2364 4233 quaedam
2419 4161 2550 4216 vitis
2579 4159 2709 4215 folia
2747 4167 3037 4230 coeperunt
3074 4175 3419 4217 marcescere

1836 4271 1959 4326 quas
1986 4269 2111 4309 cum
2134 4262 2324 4310 essent
2368 4251 2588 4323 putrida
2607 4292 2622 4314 ,
2654 4265 2757 4307 nec
2787 4250 3095 4306 consistere
3146 4252 3416 4322 valerent,

130 4352 228 4414 δὲ,
252 4352 348 4406 διὰ
389 4350 492 4424 τὴν
522 4349 831 4423 σαθρότητα
867 4349 1163 4406 ἀτονοῦντα
1184 4392 1200 4416 ,
1231 4352 1589 4408 ἐκπίπτουσιν
1627 4355 1734 4410 ἀπὸ

1849 4362 1870 4404 e
1898 4346 2130 4404 summis
2156 4345 2406 4417 partibus
2428 4344 2772 4407 deciderunt,
2796 4348 2963 4414 atque
2995 4344 3072 4398 ita
3103 4358 3135 4399 e
3166 4345 3416 4414 superie-

137 4444 250 4501 τιῖιν
276 4443 617 4515 ύψωμάτων,
650 4443 761 4498 ἀπὸ
784 4442 893 4497 τῶν
914 4443 1173 4516 ἀνωτέρω
1208 4445 1318 4516 (77)
1349 4446 1443 4500 ἐπὶ
1471 4446 1543 4502 τὰ
1568 4446 1735 4517 βαθύ-

132 4553 278 4609 τερα
314 4536 630 4608 φερόμενα,
672 4531 791 4590 εἶτα
836 4536 987 4608 μένει
1032 4538 1066 4607 ἡ
1104 4537 1349 4608 ἄμπελος
1392 4538 1735 4612 εὐκλήματος

138 4626 453 4697 ἀπέχουσα
474 4627 542 4696 τῇ
569 4626 711 4697 φορᾷ
740 4624 851 4698 (78)
887 4624 983 4679 τοῦ
1016 4625 1302 4698 χειμῶνος.
1340 4629 1404 4683 Εἰ
1438 4629 1497 4683 δὲ
1525 4633 1592 4703 τῇ
1624 4649 1734 4686 πα-

138 4719 362 4793 ραμοηῇ
387 4717 494 4787 τῆς
520 4716 761 4789 ἀκράτου
788 4717 1126 4790 ψυχρότητος
1156 4719 1463 4791 κατέϐλαψέ
1484 4739 1605 4777 τινα
1624 4722 1735 4779 τῶν

139 4809 467 4882 κλημάτων,
488 4809 643 4880 ὅμως
667 4812 736 4881 τῇ
763 4811 1013 4865 ἐνστάσει
1041 4812 1075 4882 ή
1098 4810 1339 4882 ἄμπελος
1367 4813 1465 4866 σὺν
1490 4815 1603 4877 τοῖς
1635 4832 1734 4868 πε-

141 4902 503 4975 ριλειφθεῖσιν
536 4903 673 4975 αὐτῇ
700 4902 959 4971 ὑγιεινοῖς
1004 4902 1278 4975 κλήμασιν
1306 4904 1609 4977 ἐπεραίωσε
1639 4905 1732 4960 τὸν

140 4993 432 5064 χειμῶνα,
460 4991 555 5047 καὶ
586 4993 652 5046 ἐκ
693 4992 787 5047 τοῦ
829 4992 1140 5065 χειμερινοῦ
1183 4993 1431 5065 καμάτου
1472 4994 1728 5064 ἐξέφυγε.

215 5149 263 5181 ⁸³
300 5145 465 5205 Deut.
501 5163 686 5216 xxxn,
720 5148 821 5214 52,
854 5150 945 5204 35.
1023 5148 1068 5181 ⁸³⁸
1110 5147 1264 5207 Ioan.
1298 5166 1390 5216 xv,
1428 5151 1480 5206 l.

242 5322 337 5397 ῃ)
362 5324 648 5397 ᾼιιεέοῖαν
673 5323 1180 5397 ,μετενεχθεῖσανεη
1217 5326 1310 5379 καὶ
1345 5326 1721 5397 φυτευθεῖσαν.

243 5392 338 5462 72)
364 5392 712 5467 ξίοίὶεςὶιιε,
746 5405 801 5467 ut
831 5392 1042 5467 et'legit
1091 5392 1369 5452 Nannius.
1416 5399 1475 5452 In
1511 5398 1726 5453 caeteris

135 5470 193 5520 ει
228 5464 287 5519 in
314 5464 509 5535 editis1
530 5464 718 5535 ἀγάπη
743 5464 919 5519 deest.

110 5533 119 5548 '
214 5535 338 5605 (73)
368 5534 452 5605 [ta
479 5532 847 5605 Reg.rlnialiis
871 5551 1000 5591 vero
1037 5546 1090 5594 et
1127 5538 1181 5592 in
1216 5537 1348 5595 edit.
1387 5539 1444 5591 ἐν
1483 5537 1653 5593 deest.

215 5601 336 5675 (74)
362 5601 504 5675 Aug.
533 5601 972 5675 ὲξολισθήσασιν.σ

213 5673 337 5748 (τις)
371 5673 511 5749 Aug.
541 5673 616 5746 μὴ
639 5673 835 5728 ἐῶντα.

1836 4440 1992 4495 ribus
2025 4439 2162 4497 locis
2191 4439 2248 4494 in
2273 4436 2538 4494 inferiora
2591 4444 2723 4493 sunt
2769 4436 3031 4507 delapsa:
3075 4443 3186 4492 stat
3216 4435 3417 4492 deinde

1835 4532 1967 4588 vitis
2004 4548 2132 4588 cum
2185 4531 2529 4603 palmitibus,
2594 4531 2792 4587 hiemis
2835 4529 3064 4603 impetui
3112 4527 3413 4585 obsistens.

1835 4626 1945 4681 Aut
1977 4626 2022 4681 si
2075 4625 2276 4682 summi
2331 4623 2556 4693 frigoris
2611 4623 3024 4695 perseverantia
3072 4620 3297 4693 quidam
3347 4636 3417 4676 ex

1838 4718 2157 4789 palmitibus
2186 4716 2303 4772 laesi
2348 4715 2579 4780 fuerint,
2627 4723 2810 4771 tamen
2848 4715 2980 4771 vitis
3032 4729 3157 4769 cum
3188 4712 3417 4782 reliquis

1839 4811 1990 4865 sanis
2025 4808 2344 4879 palmitibus
2391 4815 2712 4863 constanter
2739 4821 2993 4873 manens,
3015 4805 3251 4862 hiemem
3280 4803 3417 4859 etfu-

1839 4903 1917 4973 git
1941 4911 1997 4958 et
2035 4919 2100 4958 ex
2123 4901 2374 4958 hibernis
2395 4901 2659 4957 aerumnis
2688 4900 2888 4955 evasit.
2913 4898 3053 4954 Cum
3099 4903 3283 4952 autem
3320 4910 3417 4951 ver
3488 4964 3493 4969 _

1838 4995 2104 5067 attigerit,
2125 4996 2221 5066 qui
2253 5009 2433 5050 novus
2470 5001 2558 5050 est
2592 5008 2794 5057 annus,
2822 4999 3008 5062 sperat
3061 5004 3122 5045 se
3174 4988 3416 5060 quietem

1906 5324 2019 5393 (76)
2046 5322 2137 5376 Sic
2160 5321 2293 5393 Reg.
2312 5321 2462 5393 Aug.
2492 5333 2640 5393 vero,
2668 5313 3039 5393 ύλομανοῦσαν
3090 5310 3418 5381 συμπνίγειν

1833 5387 2038 5464 ὧνπερ.
2068 5387 2653 5464 ΑΕιίὶῑίξύλομᾶνοῦσαν
2682 5387 2874 5458 ὅνπερ.

1908 5462 2022 5535 (77)
2053 5462 2214 5535 Aug?
2242 5463 2553 5535 άνωτέρων.
2674 5530 2686 5535 _

1909 5520 2022 5606 (78)
2051 5520 2302 5606 δίηνίἱοε.
2327 5541 2382 5588 et
2401 5520 2635 5603 August.
2660 5528 2767 5582 Alii
2792 5541 2924 5583 vero
2960 5538 3086 5580 cum
3112 5520 3299 5592 editis,
3344 5524 3414 5596 τῇ

1839 5607 2035 5679 φθορᾷο
