3860 6200
478 253 591 313 483

1634 243 1711 308 ’5.
1753 243 2218 307 ἈΤΗᾹΝἈἙΙΠΒ.
2261 280 2329 289 -
2373 247 2646 304 SPURIA.

3658 242 3770 297 484

480 377 797 431 habituram
831 388 998 431 :‘cum
1016 375 1201 432 Subito
1235 373 1477 446 agricola
1506 373 1574 427 ad
1603 374 1776 444 ipsam
1795 388 1919 427 cum
1951 372 2067 426 cul-

2176 368 2424 423 Φθάσασα
2447 367 2503 420 δὲ
2536 367 2627 419 ἐπὶ
2647 360 2708 418 τὺ
2738 365 2859 436 ἔαρ,
2886 365 3023 436 ὅπερ
3046 364 3166 417 ἐστὶ
3191 364 3309 417 νέον
3343 362 3483 426 ἔτος,
3508 361 3662 415 δοκεῖ
3683 361 3769 414 δι·-

480 478 573 521 tro
608 466 898 531 accedens,
921 465 1160 536 primum
1197 464 1490 533 diligenter
1514 478 1708 517 omnes
1738 461 2069 531 circumspi—

486 559 565 612 cit
591 557 864 629 palmites,
896 563 1015 610 tum
1062 571 1158 611 eos
1213 570 1354 626 quos
1398 553 1576 608 hiems
1637 551 1839 607 laeserit
1881 551 2075 620 incipit

479 661 794 722 amputare,
818 648 1017 705 deinde
1036 665 1203 704 sanos
1236 664 1457 719 quoque
1473 646 1726 717 palmites
1762 644 2072 700 ad'tertium

487 751 542 797 et
564 750 824 813 quartum
866 758 1039 812 usque
1076 743 1308 797 (oculum
1339 746 1602 809 amputat.
1643 738 1763 793 Stat
1790 754 1919 794 vero
1951 738 2073 808 ipsa

489 833 696 887 nudata
727 833 965 902 laesaque
1000 832 1177 887 cultro
1199 831 1325 886 vitis
1342 830 1613 894 sublimis,
1636 829 1691 884 in
1708 830 1905 884 malum
1925 830 2072 899 aSpi-

490 923 666 987 ciens,
695 923 1139 994 lacrymaturque
1185 923 1408 978 tertium
1435 937 1611 993 usque
1648 920 1814 976 diem.
1860 918 2065 976 Postea

493 1012 604 1069 Deo
627 1015 951 1085 providente
982 1010 1238 1070 solatium
1263 1022 1582 1079 consecuta,
1617 1014 1910 1085 lacrymari
1941 1013 2070 1067 des-

491 1105 613 1170 init,
649 1106 947 1176 multisque
977 1106 1201 1177 repente
1241 1106 1526 1177 productis
1565 1105 1882 1175 palmitibus
1923 1104 2072 1160 "talis

490 1205 735 1267 apparet,
775 1199 953 1268 qualis
982 1207 1141 1253 antea
1173 1205 1312 1263 erat,
1356 1199 1467 1254 imo
1514 1198 1687 1252 multo
1739 1196 2066 1267 speciosior.

470 1277 571 1340 ’Ἐκ
598 1287 683 1343 his
713 1298 891 1342 autem
920 1304 1039 1359 quae
1058 1289 1321 1343 hactenus
1339 1289 1720 1358 exposuimus,
1744 1287 1949 1342 clarius
1978 1287 2065 1341 in-

489 1379 813 1435 tellecturus
848 1396 908 1436 es
936 1396 1057 1448 quae
1088 1380 1156 1435 de
1188 1394 1321 1435 vera
1357 1380 1470 1435 vite
1506 1380 1708 1435 dicturi
1736 1395 1948 1436 sumus.

2172 457 2571 513 ἀναπαύεσθαι·
2605 454 2885 524 αἰφνιδίως
2913 453 2971 506 δέ
2998 455 3030 506 ὀ
3058 454 3304 525 γεωργὸς
3332 452 3560 516 ἐπιστὰς
3596 453 3769 522 αὐτῇ,

2173 550 2328 621 ξίφος
2349 546 2997 621 ἐπιφερόμενος,πρῶτον
3030 546 3150 617 μὲν,
3188 544 3431 615 ἀκριϐῶς
3463 560 3769 615 κατοπτρι-

2174 644 2408 713 σάμενος
2454 642 2673 695 ἅπαντα
2697 638 2769 692 ’τὰ
2796 638 3085 709 κλήματα,
3122 636 3349 709 ἄρχεται
3390 635 3460 688 τά
3494 635 3771 705 βλαϐέντα

2172 738 2237 789 ἐκ
2257 733 2350 789 τοῦ
2384 733 2653 805 χειμῶνος
2682 726 2985 803 ἐκτέμνειν,
3011 730 3201 783 ἔπειτα
3235 730 3330 783 καὶ
3357 727 3425 782 τά
3445 728 3773 796 ὑγιαίνοντα

2173 828 2281 890 ἀπὸ
2321 828 2504 900 τρίτου
2543 826 2577 899 ἢ
2622 825 2886 896 τετάρτου
2927 821 3212 894 ὀφθαλμοῦ
3250 824 3577 894 περιαιρεῖν.
3618 822 3773 875 Ἡδὲ

2174 920 2439 992 ἄμπελος,
2462 918 2807 990 γυμνωθεῖσα
2833 917 2929 970 καὶ
2961 917 3231 986 πληγεῖσα
3259 915 3338 985 τῷ
3367 914 3539 985 ξίφει,
3560 915 3771 984 ἕστηκε

2178 1012 2452 1085 μετέωρος
2489 1013 2570 1076 είς
2618 1006 2709 1064 τὸν
2760 1009 2988 1080 οὐρανὸν
3037 1008 3455 1072 ἀποϐλέπουσα,
3501 1006 3619 1076 ἅμα.
3671 1005 3766 1058 6'1-

2174 1103 2417 1176 κρύουσα
2454 1101 2582 1174 ἄχρι
2618 1101 2719 1172 τῆς
2757 1100 2946 1172 τρίτης
2986 1099 3220 1172 ήμέρας.
3256 1097 3669 1171 Παρακλήσεως
3704 1095 3771 1148 δὲ

2174 1195 2517 1266 τυγχάνουσα
2555 1196 2620 1248 ἐκ
2654 1192 2754 1265 τῆς
2789 1190 2881 1245 τοῦ
2921 1190 3056 1245 Θεοῦ
3097 1191 3352 1264 προνοίας
3374 1231 3390 1257 ,
3430 1189 3770 1260 παυσαμένη

2175 1289 2285 1342 τῶν
2322 1288 2573 1361 δακρύων
2595 1327 2612 1352 ,
2656 1287 2937 1357 αἰφνιδίως
2974 1286 3142 1340 πολὺν
3183 1280 3425 1357 ’ἀριθμὸν
3471 1284 3567 1337 καὶ
3601 1282 3772 1353 ὄχλον

2172 1381 2472 1453 κλημάτων
2530 1380 2919 1452 βλαστήσασα,
2960 1383 2994 1451 ἡ
3051 1381 3191 1451 αὐτὴ
3231 1376 3591 1447 ἀναφαίνεται
3633 1374 3761 1446 (79)

488 1471 577 1525 οἵα
627 1466 698 1544 ἦν
752 1473 846 1526 καὶ
904 1471 1165 1544 πρότερον
1191 1512 1206 1536 ,
1251 1466 1452 1543 μᾶλλον
1524 1473 1582 1526 δὲ
1649 1473 1745 1526 καὶ
1817 1472 2153 1544 ἐνδοξοτέρα.
2210 1475 2305 1528 Ἐκ
2359 1473 2416 1526 δὲ
2441 1472 2579 1545 ,τῶν
2651 1473 3174 1545 προαποδεδομένων
3245 1471 3402 1525 ἔσται
3454 1487 3538 1523 σοι
3587 1468 3768 1538 σαφέδ

492 1581 660 1639 στερα
690 1567 785 1621 καὶ
822 1566 892 1620 τά
916 1567 1169 1638 ιέπόμενα
1209 1567 1338 1639 περὶ
1371 1568 1474 1639 τῆς
1516 1568 1761 1638 ἀμπέλου
1806 1567 1904 1638 τῆς
1938 1562 2221 1639 ἀληθινῆς.

559 1658 650 1715 54.
674 1659 862 1729 Itaque
886 1658 1150 1715 Dominus
1198 1659 1298 1714 viti
1340 1661 1615 1715 umbrosa:
1648 1659 1946 1730 multisque
1973 1667 2068 1713 'or-

492 1844 706 1901 scilicet
733 1844 1136 1915 discipulorum
1160 1885 1176 1910 ,
1229 1852 1284 1900 et
1319 1845 1829 1915 circurnjacentium
1878 1847 2074 1901 turba--

489 1950 614 1989 rum
647 1934 713 1989 ad
746 1935 949 2005 ipsum,
1007 1934 1199 1990 auxilii
1232 1934 1531 1990 obtinendi
1594 1950 1727 2006 ergo
1783 1949 2075 1990 accurren-

471 2025 671 2091 ‘tium;
701 2024 837 2081 adeo
867 2032 925 2079 ut
952 2041 1217 2082 numerus
1265 2041 1481 2092 eorum,
1529 2027 1625 2098 qui
1656 2027 1711 2082 in
1745 2029 1924 2099 ipsum
1952 2037 2075 2085 ere-

490 2118 650 2183 dunt,
687 2132 901 2173 omnem
927 2125 1149 2188 superet
1168 2116 1566 2189 conjecturam.
1598 2116 1681 2173 Illi
1710 2135 1841 2175 vero
1885 2135 1986 2176 suo
2015 2120 2072 2175 in

491 2212 648 2267 illum
713 2210 1085 2268 indissolubili
1141 2226 1350 2276 amore,
1400 2220 1664 2282 tanquam
1728 2212 1981 2283 palmites
2021 2214 2073 2269 ei

490 2303 913 2366 adhaerescunt,
975 2317 1212 2372 quorum
1266 2301 1388 2367 alii,
1444 2303 1747 2372 spiritualis
1798 2304 2072 2359 commodi

472 2393 825 2464 percipiendi
851 2384 1048 2464 gratia,
1070 2394 1264 2450 nolunt
1295 2401 1449 2449 extra
1475 2394 1652 2458 illum,
1682 2394 1776 2449 sed
1808 2410 1914 2449 una
1946 2410 2072 2449 cum

490 2500 558 2541 eo
586 2500 712 2541 esse
744 2500 758 2536 :
792 2485 886 2538 alii
932 2500 1063 2541 vero
1096 2485 1284 2541 sanari
1336 2485 1643 2555 cupientes,
1670 2485 1762 2538 alii
1791 2480 2072 2541 Christum

490 2578 677 2632 venire
699 2575 1008 2642 audientes,
1032 2576 1197 2631 simul
1215 2585 1611 2640 convenerunt,
1636 2591 1838 2631 novum
1862 2585 2072 2646 specta-

490 2670 676 2725 culum
711 2668 935 2724 videndi
965 2668 1266 2736 desiderio,
1312 2667 1484 2724 Deum
1512 2684 1708 2738 nempe
1741 2669 1798 2723 in
1840 2684 2074 2739 corpore

476 2761 633 2814 {inter
661 2759 914 2815 homines
939 2768 1271 2815 versantem.
1303 2757 1549 2829 Denique
1586 2748 1821 2814 adventu
1842 2748 2072 2814 Domini

489 2854 678 2908 omnia
720 2853 922 2923 gaudio
958 2854 1123 2924 plena
1167 2860 1328 2908 erant
1363 2853 1501 2924 :qui
1550 2868 1883 2924 quocunque
1924 2853 2073 2909 ince-

476 2944 665 3010 deret,
694 2945 861 3000 veluti
890 2945 1019 3002 vitis
1041 2946 1358 3016 palmitibus
1397 2946 1601 3011 densa,
1647 2946 1719 3002 ob
1768 2948 1941 3002 multa
1973 2945 2073 3002 ho-

487 3039 700 3093 minum
726 3038 916 3104 millia,
955 3039 1048 3109 qui
1090 3053 1214 3093 eum
1252 3038 1698 3106 comitabantur,
1731 3039 1978 3095 omnium
2014 3040 2070 3093 in

476 3129 737 3200 'seipsum
802 3128 1054 3201 ﬂagranti
1114 3145 1299 3185 amore
1348 3136 1467 3185 erat
1518 3131 1890 3201 conspicuus,
1944 3105 2140 3186 cumc

482 3235 684 3275 omnes
740 3220 846 3289 ipsi
897 3219 1258 3275 adhaererent.
1317 3220 1387 3273 At
1444 3234 1571 3274 cum
1602 3221 1865 3278 hiemales
1923 3223 2071 3278 venti

491 3308 625 3365 ﬂare
651 3310 947 3379 cmpissent
974 3310 1204 3365 summis
1222 3326 1289 3365 ex
1319 3311 1480 3375 locis,
1512 3308 1580 3365 ad
1608 3311 1729 3366 illos
1758 3314 2072 3383 probandos

492 3401 587 3470 qui
618 3400 795 3469 ipsum
830 3401 1256 3466 comitabantur,
1312 3403 1500 3458 statim
1544 3419 1654 3459 non
1691 3406 1885 3474 pauci,
1922 3422 2070 3460 mar-

492 3491 833 3545 cescentium
889 3491 1065 3545 instar
1116 3491 1372 3547 foliorum
1402 3509 1470 3547 ex
1505 3493 1655 3548 vitali
1692 3495 1822 3558 vite,
1857 3500 1944 3551 cui
1975 3496 2072 3551 ad-

482 3580 893 3646 haerescebant,
936 3579 1281 3636 deciderunt.
1314 3580 1531 3652 Aliique
1560 3582 1879 3653 pontiﬁcum
1900 3596 2070 3654 metu,

494 3687 566 3727 ne
595 3686 881 3744 synagoga:
902 3681 1152 3729 extorres
1203 3674 1417 3742 ﬁerent,
1447 3678 1613 3730 vitam
1643 3691 1799 3731 suam
1841 3694 2074 3749 negave-

494 3774 643 3831 runt,
673 3765 1132 3836 quemadmodum
1162 3775 1216 3822 et
1263 3781 1413 3822 nunc
1450 3767 1567 3823 ﬁeri
1587 3769 1858 3826 videmus.
1884 3771 2071 3842 Siqui-

484 3856 643 3923 dem,
666 3866 727 3912 ut
756 3857 835 3911 illi
859 3858 1011 3924 olim,
1053 3857 1134 3914 sic
1161 3858 1327 3914 hodie
1355 3860 1657 3931 hypocrita:
1684 3864 1934 3921 homines
1952 3865 2072 3936 glo-

493 3949 635 4003 riam
693 3958 1107 4019 persecutorum
1193 3949 1459 4008 Ecclesia;
1525 3954 1703 4024 magis
1760 3955 2073 4012 dilexerunt

492 4054 656 4111 quam
687 4039 780 4095 Dei
798 4040 1045 4111 gloriam.
1070 4040 1176 4096 Alii
1201 4058 1331 4098 vero
1362 4060 1474 4098 non
1495 4044 1858 4117 intelligentes
1888 4048 2073 4105 divina

492 4144 547 4189 et
576 4133 881 4205 spiritualia
931 4135 1087 4206 175
1120 4135 1336 4191 Domini
1363 4140 1552 4204 verba,
1589 4147 1896 4199 retrorsum
1922 4145 2072 4200 abie-

486 4235 652 4292 runt;
681 4242 947 4298 reumque
974 4236 1027 4283 et
1060 4228 1459 4300 vituperatione
1486 4231 1710 4305 dignum
1728 4251 1852 4292 esse
1883 4238 2072 4293 existi-

490 4327 706 4374 mantes
730 4318 1133 4376 benefactorem
1187 4337 1368 4388 suum,
1423 4323 1540 4380 haec
1573 4327 1694 4381 ausi
1728 4335 1859 4381 sunt
1894 4329 2067 4399 loqui,

488 4428 517 4461 ~c
555 4410 690 4476 Quis
712 4420 1035 4480 .potesteum
1065 4414 1254 4469 audire
1266 4414 1347 4468 ‘5?
1370 4434 1389 4467 ι
1419 4413 1530 4471 Hos
1555 4432 1688 4473 sane
1705 4426 1891 4475 nostra
1914 4427 2072 4474 aetate

2246 1660 2335 1715 δι.
2378 1661 2439 1713 Ὀ
2465 1655 2558 1714 οὖν
2583 1660 2790 1733 Κύριος
2812 1660 3013 1731 τρόπον
3033 1656 3279 1730 ἀμπέλου
3300 1656 3647 1727 εὐκλημάτου
3664 1658 3768 1711 καὶ

468 1759 641 1827 nata:
656 1751 977 1823 palmitibus
1006 1760 1092 1807 est
1122 1752 1342 1817 similis,
1389 1759 1614 1822 propter
1662 1752 2067 1807 multitudinem

2176 1756 2398 1810 συσκίου
2417 1756 2654 1827 ἐπέχων,
2686 1755 2776 1809 διὰ
2794 1755 2856 1809 τὸ
2878 1755 3082 1827 πλῆθος
3105 1754 3213 1809 τῶν
3250 1752 3507 1825 μαθητῶν
3531 1751 3629 1806 καὶ
3648 1752 3768 1805 τῶν

2176 1848 2335 1920 πέριξ
2375 1848 2550 1919 ὄχλων
2593 1849 3073 1919 ἐπιπορευομένων
3121 1846 3259 1918 πρὸς
3305 1845 3468 1900 αὑτὸν
3504 1842 3767 1915 βοηθείας

2173 1938 2358 1995 ἕνεκεν
2383 1957 2396 1969 ·
2430 1938 2505 2003 ὡς
2544 1933 2683 1993 εἶναι
2728 1939 2907 2010 πλήθη
2947 1938 3244 1992 ἀνείκαστα
3267 1976 3281 2000 ,
3327 1935 3652 1990 πιστεύοντα
3679 1936 3770 1999 είς

2174 2029 2364 2083 αὐτόν·
2405 2030 2499 2083 καὶ
2535 2029 2613 2100 τῷ
2650 2030 2754 2100 μὲν
2794 2028 2942 2098 πόθῳ
2985 2027 3063 2099 τῷ
3095 2028 3175 2090 είς
3225 2026 3387 2079 αὐτὸν
3434 2025 3769 2096 ἀχωρίστως

2173 2118 2319 2190 ἔχειν
2351 2120 2568 2183 αὐτοὺς,
2607 2121 2809 2191 τρόπον
2843 2118 3140 2189 κλημάτων
3172 2117 3440 2172 συνόντων
3478 2115 3652 2186 αὐτῷ,
3681 2134 3769 2169 τι-

2173 2212 2279 2265 νῶν
2313 2212 2371 2265 δὲ
2406 2213 2501 2265 καὶ⁸
2531 2211 2802 2280 ὠφελείας
2842 2211 3001 2282 χάριν
3036 2209 3418 2280 πνευματικῆς
3457 2209 3533 2279 μὴ
3574 2208 3769 2279 βουλο-

2178 2302 2353 2373 μένων
2403 2302 2559 2365 ὲκτός
2608 2300 2774 2354 αὑτοῦ
2828 2301 3138 2371 τυγχάνειν,
3178 2300 3313 2354 ἀλλά
3357 2299 3470 2367 (80)
3518 2303 3767 2353 συνεῖναι

2174 2391 2357 2461 αὐτῷ,
2400 2391 2602 2462 ἐτέρων
2643 2392 2701 2445 δὲ
2732 2389 3069 2461 βουλομένων
3105 2392 3298 2455 ἰάσεως
3337 2393 3544 2461 τυχεῖν,
3583 2391 3769 2445 ἄλλων

2172 2483 2229 2537 δὲ
2260 2485 2573 2556 ἀκηκοότων
2592 2526 2607 2550 ,
2649 2485 2729 2537 ὅτι
2756 2482 2991 2556 Χριστὸς
3015 2485 3160 2555 ἥκει,
3195 2487 3290 2539 καὶ
3319 2485 3770 2556 συνεληλυθότων

2174 2577 2315 2630 κατά
2340 2578 2401 2643 τὸ
2426 2570 2589 2642 αὐτὸ,
2623 2577 2960 2648 βουλομένων
2999 2577 3295 2631 θεάσασθαι
3337 2577 3398 2629 τὸ
3443 2578 3769 2649 καινότερον

2174 2666 2371 2739 θέαμα,
2401 2668 2533 2721 Θεὸν
2557 2671 2617 2721 ἐν
2653 2668 2866 2739 σώματι
2903 2667 3211 2741 ἀνθρώποις
3244 2668 3765 2739 συναναστρεφόμε-

2174 2777 2282 2813 νον.
2308 2760 2418 2812 Καὶ
2460 2759 2646 2823 ἁπλῶς
2688 2756 2755 2831 ἦν
2787 2759 3004 2813 ἀπάντα
3029 2760 3206 2830 χαρᾶς
3228 2758 3467 2829 γέμοντα
3491 2759 3591 2828 τῆς
3620 2773 3768 2830 παρ-

2173 2852 2361 2916 ουσίας
2409 2851 2502 2905 ⁸ῑιοῦ
2559 2851 2763 2924 Κυρίου
2816 2852 3150 2923 γενομένηςο
3201 2846 3261 2905 οῦ
3293 2850 3337 2903 δ’
3375 2849 3441 2903 ἂν
3488 2849 3764 2915 ἐϐάδιζεν,

2174 2947 2360 3019 ὥσπερ
2410 2945 2677 3017 εὐστεφὴς
2741 2946 2985 3016 ἄμπελος
3032 2944 3121 2999 διὰ
3181 2944 3280 3008 τάς
3347 2944 3616 3016 μυριάδας
3653 2943 3772 3000 τῶν

2177 3031 2672 3111 συμπορευομένων
2703 3038 2852 3110 αὐτῷ
2880 3038 3053 3110 ὄχλων
3086 3033 3155 3110 ἦν
3189 3036 3468 3109 ὁρώμενος
3501 3038 3654 3109 πόθῳ
3684 3037 3769 3110 τῷ

2174 3130 2310 3202 πρὸς
2340 3131 2522 3195 αὐτὸν,
2548 3131 2804 3184 ἁπάντων
2839 3129 3236 3201 συνηνωμένων
3273 3129 3442 3201 αὐτῷ.
3488 3129 3768 3201 ’Δρξαμὶο

2174 3241 2282 3275 νων
2316 3223 2373 3276 δὲ
2420 3222 2746 3294 χειμερινῶν
2788 3222 3113 3293 πνευμάτων
3140 3224 3204 3275 ἐκ
3247 3222 3354 3275 τῶν
3395 3222 3769 3293 ἀκρωτηρίων

2174 3318 2494 3387 καταφυσᾷν
2530 3316 2664 3386 πρὸς
2696 3316 2921 3386 δοκιμὴν
2954 3316 3063 3369 τῶν
3094 3316 3587 3386 συμπορευομένων
3610 3315 3769 3386 αὐτῷ

2173 3408 2364 3478 ὄχλων,
2402 3408 2616 3479 ἁθρόως
2647 3407 2862 3477 φύλλων
2896 3408 3051 3478 δ”·’ῃν
3082 3408 3516 3479 μαραινομένων,
3552 3408 3767 3461 ἀπέπι-

2174 3516 2306 3551 πτον
2337 3500 2437 3553 οὐκ
2463 3499 2667 3568 ὀλίγοι,
2708 3494 2777 3572 ἦς
2822 3499 3033 3569 εἴχοντο
3069 3499 3317 3570 ἀμπέλου
3366 3499 3631 3569 ζωτικῆς,
3667 3502 3768 3553 καί

2172 3592 2280 3645 τῶν
2311 3586 2409 3663 μὶν
2444 3591 2558 3663 (81)
2581 3592 2668 3645 διά
2702 3591 2864 3660 φόϐον
2892 3591 3002 3644 τῶν
3030 3592 3356 3663 ἀρχιερέων,
3389 3592 3478 3645 ἵνα
3518 3591 3593 3663 μὴ
3623 3593 3766 3646 ἀπο-

2175 3685 2481 3753 συνάγωγοι
2506 3682 2790 3751 γένωνται,
2812 3683 3038 3754 ἐξαρνου
3047 3682 3221 3754 μένων
3236 3682 3333 3754 τὴν
3354 3681 3564 3737 ἑαυτῶν
3589 3683 3766 3755 ζωὴν,

2172 3775 2359 3849 ὥσπερ
2385 3777 2478 3831 καὶ
2503 3775 2598 3830 νῦν
2631 3776 2844 3850 ὁρῶμεν
2871 3775 3130 3846 γινόμενα
3153 3774 3225 3828 τά
3248 3774 3387 3829 αὐτὰ
3418 3776 3762 3846 πράγματα·

2173 3870 2467 3942 ἠγάπησαν
2500 3868 2630 3940 γὰρ,
2655 3868 2731 3931 ὡς
2754 3867 2803 3921 οἱ
2834 3867 2985 3931 τότε,
3027 3868 3121 3921 καὶ
3148 3866 3244 3919 νῦν
3273 3867 3376 3936 τῆς
3413 3867 3769 3940 ὑποκρίσεως

2174 3960 2449 4032 ἄνθρωποι
2499 3960 2598 4030 τὴν
2638 3952 2794 4024 δόξαν
2833 3957 2944 4012 τῶν
2987 3956 3229 4011 διωκτῶν
3271 3958 3369 4028 τῆς
3425 3959 3770 4029 Ἐκκλησίας

2173 4044 2314 4121 ὑπὲρ
2344 4050 2443 4121 τὴν
2468 4048 2624 4113 δόξαν
2654 4047 2747 4102 τοῦ
2782 4048 2919 4102 Θεοῦ
2945 4049 3168 4102 εἴλοντο·
3195 4049 3395 4119 ἐτέρων
3428 4048 3487 4102 δὲ
3520 4049 3596 4120 μὴ
3630 4063 3770 4104 συν-

2173 4142 2508 4213 αισθομένων
2560 4141 2669 4195 τῶν
2733 4141 2891 4196 θείων
2932 4141 3027 4194 καὶ
3070 4140 3455 4211 πνευματικῶν
3495 4141 3772 4212 ῥημάτων

2172 4233 2266 4287 τοῦ
2292 4233 2499 4305 Κυρίου
2529 4236 2610 4298 εἰς
2635 4233 2704 4287 τά
2743 4235 2919 4287 ὀπίσω
2951 4233 3419 4304 ἐπιστραφέντων,
3449 4232 3636 4286 αἰτίαν
3686 4234 3773 4304 τῷ

2172 4329 2437 4401 εὐεργέτῃ
2484 4327 2580 4381 καὶ
2635 4326 2800 4396 ψόγον
2841 4324 3236 4397 προσαψάντων
3259 4365 3273 4388 ,
3320 4323 3414 4378 καὶ
3461 4323 3770 4392 λεγόντων,

2178 4439 2195 4467 σ
2231 4418 2327 4483 Τίς
2366 4418 2588 4471 δύναται
2632 4415 2797 4470 αὐτοῦ
2829 4416 3090 4479 ἀκούειν;
3136 4435 3155 4467 υ
3180 4415 3362 4487 Ὅπερ
3397 4416 3492 4468 καὶ
3537 4415 3636 4469 ἐπὶ
3667 4415 3771 4470 τοῦ

490 4504 836 4567 aemulantur,
865 4504 958 4574 qui
981 4504 1261 4561 veritatem
1294 4508 1449 4577 sequi
1476 4519 1775 4577 recusant,-
1825 4527 1891 4566 eo
1918 4511 2066 4581 quod

2176 4504 2438 4579 ἡμετέρου
2473 4506 2665 4576 καιροῦ
2712 4505 3041 4577 πράττουσιν
3068 4506 3115 4557 οἱ
3166 4506 3239 4577 μὴ
3274 4505 3585 4576 βουλόμενοι
3634 4523 3771 4560 συν-

484 4594 874 4652 τιτὶὺιιιοιίυηοε
904 4605 956 4651 et
987 4598 1312 4654 tentationes
1338 4601 1497 4655 tidem
1540 4601 1715 4671 ipsam
1740 4612 2065 4673 sequantur.

489 4684 663 4740 Aiunt
698 4686 845 4740 enim
874 4687 999 4758 ipsi,
1029 4687 1163 4755 Quis
1188 4692 1365 4759 possit
1392 4692 1686 4750 observare
1711 4696 2066 4753 traditionem

432 4838 433 4841 η
489 4776 875 4832 mandatorum
908 4777 1122 4834 Domini
1150 4792 1203 4836 et
1226 4781 1390 4837 ﬁdei?

426 4911 438 4945 ἵ

560 4954 649 5011 35.
685 4954 841 5011 Iuda;
887 4964 1145 5028 prmterea
1183 4959 1554 5017 infidelitatem
1609 4963 1861 5033 patefecit
1904 4967 2070 5022 vehe-

491 5047 698 5102 mentia
727 5047 924 5104 hiemis
952 5069 964 5102 :
998 5051 1187 5120 quales
1216 5067 1361 5106 nunc
1390 5068 1450 5107 se
1477 5053 1737 5109 exhibent
1763 5055 1839 5108 illi
1872 5056 2067 5111 mundi

490 5137 653 5208 hujus
677 5140 861 5204 amici,
886 5142 979 5208 qui
1003 5157 1126 5196 cum
1153 5151 1311 5198 antea
1331 5143 1540 5200 Christi
1566 5154 1750 5201 essent
1783 5147 2061 5218 discipuli,

484 5231 652 5286 amici
684 5241 737 5287 et
777 5233 1029 5301 comites,
1060 5234 1326 5290 nefandas
1370 5237 1609 5308 synodos
1661 5239 1929 5297 adversus
1973 5240 2065 5297 Je-

560 5385 606 5419 ⁸⁸
643 5384 800 5443 Joan.
835 5405 921 5456 γι,
954 5389 1045 5448 61.

552 5543 673 5621 (79>
699 5546 862 5621 Aves
890 5548 1246 5621 ἀνοεφέρεται.

557 5616 671 5686 (80)
699 5616 952 5686 Sic’Reg.
978 5616 1186 5675 ln-aliis
1211 5628 1265 5673 et
1298 5618 1460 5674 editis
1484 5620 1637 5674 deest
1668 5618 1821 5674 ἀλλά.

551 5684 670 5753 (8i)
695 5685 828 5755 iteg.
854 5684 949 5743 κάι
975 5691 1023 5743 οἱ
1051 5692 1173 5757 μέν,
1202 5700 1255 5745 ct
1288 5707 1435 5756 mox,
1462 5690 1781 5759 ἐξηρνοῦντο
1822 5689 1922 5760 τὴν
1966 5691 2063 5746 αύ-

2167 4598 2371 4653 οδεύειν
2438 4602 2506 4670 τῇ
2564 4596 2820 4670 ἀληθείᾳ,
2866 4597 2958 4651 διά
3014 4596 3076 4649 τὸ
3140 4596 3483 4668 παρέπεσθαι
3547 4596 3771 4667 θλίψεις

2169 4691 2264 4744 καὶ
2305 4692 2636 4762 πειρατήρια
2675 4691 2741 4760 τῇ
2787 4688 2987 4742 πίστει.
3023 4689 3162 4743 Φασὶ
3205 4687 3343 4760 γὰρ,
3392 4688 3489 4752 Τίς
3533 4687 3769 4743 δύναται

2170 4779 2402 4850 φυλάξαι
2433 4778 2531 4850 τὴν
2565 4778 2862 4851 παράδοσιν
2892 4777 3001 4832 τῶν
3029 4778 3260 4833 ἐντολῶν
3282 4777 3377 4832 τοῦ
3415 4780 3631 4850 Κυρίου
3668 4780 3768 4834 καὶ

2168 4873 2268 4944 τῆς
2301 4868 2535 4936 πίστεως
2557 4888 2572 4938 ;

2242 4962 2334 5020 35.
2372 4962 2492 5018 Ἔτι
2528 4965 2635 5036 μὴν
2666 4964 2761 5018 καὶ
2791 4963 2890 5035 τὴν
2920 4964 3177 5018 ἀπιστίαν
3208 4962 3303 5016 τοῦ
3347 4962 3521 5016 Ἰούδα
3552 4964 3587 5034 ἡ
3630 4981 3769 5036 σφο-

2171 5057 2368 5128 δρότης
2390 5056 2484 5110 τοῦ
2512 5055 2777 5128 χειμῶνος
2807 5056 3059 5127 ήλεγξεν,
3101 5056 3177 5119 ὡς
3208 5056 3302 5108 καὶ
3328 5054 3443 5118 νῦν,
3477 5055 3641 5127 φιλία
3672 5058 3769 5111 κό-
3785 5056 3802 5137 ί

2174 5165 2313 5219 σμου
2348 5148 2711 5220 κρατηθέντες
2747 5148 2802 5201 οἴ
2828 5165 2959 5203 ποτε
2999 5148 3237 5220 μαθηταὶ
3269 5148 3423 5225 ὄντες
3460 5149 3560 5201 καὶ
3614 5151 3768 5219 φίλοι

2171 5241 2267 5294 καὶ
2294 5240 2659 5311 συνοδοιπόροι
2687 5239 2783 5294 τοῦ
2812 5238 3074 5313 Χριστοῦ,
3104 5239 3246 5294 κατά
3279 5237 3375 5292 τοῦ
3414 5239 3596 5311 Ἰησοῦ
3630 5259 3764 5295 συν-

2170 5546 2277 5607 τῶν
2310 5548 2477 5625 ζωήν,
2508 5562 2563 5607 et
2584 5551 2746 5623 paulo
2771 5559 2914 5623 post,
2950 5550 3128 5624 ἕτεροι
3154 5532 3228 5626 ’δὲ
3278 5553 3351 5624 μὴ
3387 5553 3758 5626 συναισθόμε-

2171 5640 2271 5678 νοι.
2304 5664 2316 5678 .
2346 5625 2835 5695 ἐπιστραφέντες...
2866 5626 3148 5696 προσῆψαν
3173 5625 3440 5699 λέγοντες³
3466 5626 3587 5695 Τίς,
3645 5625 3756 5682 etc.
