3840 6194
437 329 544 386 487

1610 320 1667 372 S.
1708 311 2173 371 ATHAN’ASIUS.
2216 340 2287 351 —-
2328 304 2599 363 SPURlA.

3610 288 3722 344 6'88

436 445 513 503 ibi
559 443 963 515 cruciﬁgerent,
1002 455 1113 511 quo
1159 438 1303 494 facto
1347 439 1535 493 omnia
1581 437 2021 507 adimpleverunt

2146 446 2241 482 ηον
2271 429 2416 497 φυγῇ
2445 425 2769 496 ἐχρήσαντο.
2808 419 2871 471 Ol
2897 396 2960 470 δέ
2982 413 3175 469 οἰκεῖοι
3205 409 3301 464 τοῦ
3331 407 3567 467 Σατανᾶ,
3592 403 3724 515 συλ-

437 546 561 603 ᾳυω
590 541 750 585 antea
790 529 859 583 de
907 529 1002 583 illo
1030 528 1239 597 scripta
1268 534 1446 591 erant,
1481 540 1928 597 suspensumque
1975 525 2031 577 in

389 686 393 692 ,
432 637 627 685 cruce,
681 620 850 675 veluti
899 620 1067 674 vitem
1114 619 1170 672 in
1226 617 1576 688 pedamento,
1631 615 1889 669 fixerunt.
1937 612 2034 667 Ille

439 720 622 768 autem
671 712 825 768 solus
873 712 928 766 in
975 726 1141 766 cruce
1190 711 1437 775 relictus,
1469 708 1609 763 duos
1635 706 1722 762 vel
1763 714 1879 759 tres
1918 704 2035 774 pal-

440 804 603 860 mites
645 804 814 859 veluti
860 803 1068 858 habens
1090 847 1103 867 ,
1139 802 1300 873 176
1330 816 1527 855 manus
1559 801 1615 854 in
1643 807 2030 853 transversum

430 896 724 967 expandit,
773 904 938 966 caput
986 909 1117 950 vero
1156 910 1282 948 cum
1334 901 1557 964 pectore
1600 901 1655 947 et
1703 890 1939 961 pedibus
1974 887 2032 942 in

434 995 675 1043 rectum.
706 985 1044 1041 Caeterorum
1076 1000 1208 1039 vero
1239 985 1525 1055 palmitum
1546 997 1704 1038 coma
1734 982 2027 1053 spoliatus.

436 1077 614 1133 clavis
638 1085 694 1133 et
723 1078 910 1132 lancea
938 1078 1281 1140 vulneratus,
1314 1086 1509 1132 sancto
1535 1076 1821 1147 sanguine,
1851 1082 2029 1130 scate-

442 1168 560 1225 bra:
606 1172 802 1237 instar,
850 1170 1145 1240 lacrymari
1196 1171 1383 1239 coepit.
1419 1167 1666 1240 Repente
1694 1178 1875 1224 autem
1910 1175 2032 1239 post

442 1262 689 1316 triduum
743 1261 1069 1324 resurrexit,
1131 1260 1188 1313 in
1237 1261 1410 1325 nullo,
1464 1259 1613 1330 quod
1671 1267 1832 1314 antea
1888 1269 2031 1321 erat,

443 1353 774 1417 diminutus,
800 1353 895 1409 sed
928 1351 1123 1422 majori
1160 1352 1343 1421 potius
1366 1367 1491 1406 cum
1523 1352 1697 1423 gloria
1739 1367 2032 1422 apparens,

441 1462 614 1516 seque
654 1449 821 1500 vitam
868 1461 992 1502 esse
1024 1446 1282 1501 cordibus
1315 1444 1715 1514 discipulorum
1754 1444 1915 1500 [idem
1947 1444 2032 1498 fa—

440 1536 619 1591 ciens.
672 1535 877 1605 Majore
927 1536 1125 1592 deinde
1176 1552 1342 1606 quam
1388 1546 1548 1591 antea
1607 1537 1878 1607 producto
1934 1555 2036 1593 nu-

444 1640 615 1687 mero,
652 1625 1052 1696 discipulorum
1109 1625 1370 1679 nimirum
1420 1632 1626 1688 turma,
1674 1632 1799 1694 post
1847 1641 2035 1679 resur—

2133 497 2424 593 λαόόμενοι
2449 517 2539 572 τὸν
2583 513 2814 586 Ἰησοῦν,
2849 511 3075 579 ἄγουσιν
3113 505 3208 559 ἐπὶ
3235 504 3326 557 τὸν
3356 500 3598 593 Κρανίου

2135 589 2286 677 πον,ν
2311 613 2390 675 εἰς
2419 610 2481 663 τὸ
2520 604 2833 677 σταυρῶσαι
2876 601 3038 655 αὐτὸν
3085 599 3219 662 ἐκεῖ,
3256 595 3473 649 ἅπαντα
3515 589 3725 659 ἐκπλη-

2137 702 2411 777 ρώσαντες
2431 699 2499 754 τά
2526 698 2655 769 πρὶν
2679 697 2766 750 ἐπ’
2791 690 2940 763 αὐτῷ
2962 687 3347 761 γεγραμμένα,
3373 682 3727 777 καιλάναρτή-

2138 754 2350 857 σαντες,
2391 754 2706 860 κατέπηξαν
2746 754 2929 854 αὐτὸνζ
2964 754 3412 865 ωςϊὲπὶνχάρακι
3453 754 3759 853 άμπελονδ

2136 888 2230 942 ἐπὶ
2271 884 2366 941 τοῦ
2403 882 2657 956 σταυροῦ.
2700 882 2760 937 Ὀ
2786 881 2843 936 δὲ
2888 878 3271 948 καταλειφθεὶς
3308 875 3468 948 μόνος
3498 875 3595 927 ἐπὶ
3636 872 3747 961 τούΙ

2139 976 2377 1052 σταυροῦ
2432 977 2567 1050 (87),
2627 976 2816 1047 ὥσπερ
2867 973 3201 1043 δικλήματος
3256 967 3291 1038 ἦ
3354 965 3734 1037 τρικλήματος

2136 1073 2448 1136 ἐκπετάσας
2484 1070 2628 1125 κατὰ
2670 1069 2767 1139 μὲν
2801 1065 2897 1120 τοῦ
2932 1065 3160 1133 πλαγίου
3190 1061 3289 1125 τὰς
3326 1063 3516 1132 χεῖρας
3537 1097 3552 1123 ,
3588 1057 3733 1110 κατᾶ

2140 1168 2200 1222 δὲ
2240 1165 2335 1220 τοῦ
2375 1163 2538 1237 ὀρθοῦ
2589 1160 2831 1231 κεφαλὴν
2865 1161 2963 1213 σὺν
3001 1155 3212 1228 θώρακι
3262 1152 3379 1224 ἅμα
3414 1150 3565 1204 ποσί.
3622 1149 3732 1201 Πε-

2138 1256 2509 1333 ριαιρεθείσης
2540 1255 2598 1309 δὲ
2626 1253 2727 1323 τῆς
2768 1252 2945 1324 κόμης
2973 1250 3193 1317 ἀπάσης
3222 1244 3330 1298 τῶν
3358 1242 3562 1333 λοιπῷν
3598 1239 3734 1309 κλη-

2140 1330 2347 1420 μάτων,
2400 1344 2631 1415 πληγεὶς
2679 1340 2817 1412 πρὸς
2862 1338 2970 1392 τῶν
3011 1337 3161 1408 ἥλων
3215 1334 3311 1388 καὶ
3359 1333 3459 1403 τῆς
3500 1330 3730 1399 λόγχης,

2136 1441 2367 1511 ἐδάκρυε
2416 1436 2496 1508 τῷ
2547 1436 2689 1505 ἁγίῳ
2731 1433 2927 1503 αἵματι
2970 1427 3285 1501 κρουνηδόν.
3332 1423 3629 1493 Αίφνιδίως
3673 1422 3734 1475 δὲ

2134 1532 2336 1604 ἀνέστη
2362 1530 2681 1602 τριήμερος,
2716 1525 2884 1597 μηδὲν
2915 1522 3187 1594 μειωθεὶς,
3224 1520 3360 1590 ὅπερ
3381 1513 3450 1589 ἦν
3482 1516 3547 1569 τὸ
3572 1516 3729 1589 πρὶν,

2140 1624 2339 1693 μᾶλλον
2360 1623 2416 1676 δὲ
2439 1620 2775 1690 ἐνδοξότερος
2798 1615 3074 1684 ἐκφανεὶς,
3100 1613 3278 1666 πίστει
3304 1608 3733 1681 πληροφορήσας

441 1721 771 1783 rectionem,
819 1735 927 1773 non
969 1720 1024 1773 in
1071 1716 1259 1772 Iudaea
1306 1725 1542 1783 tantum,
1582 1716 1676 1772 sed
1719 1736 1737 1768 ι
1789 1718 2034 1772 extendit

2146 1715 2235 1780 τὰς
2264 1714 2490 1787 καρδίας
2516 1712 2625 1766 τῶν
2664 1708 2919 1781 μαθητῶν
2947 1703 3082 1760 εἶναι
3111 1704 3271 1758 αὐτὸν
3295 1703 3396 1774 τὴν
3423 1701 3589 1771 ζωήν.
3626 1700 3736 1751 Πο-

446 1809 703 1880 palmites
738 1825 869 1864 suos
899 1824 1074 1878 usque
1099 1807 1165 1862 ad
1192 1823 1364 1871 mare,
1396 1808 1616 1877 operuit
1655 1817 1870 1861 montes
1913 1825 2033 1862 um-

2146 1811 2234 1863 λὺν
2266 1809 2323 1861 δὲ
2343 1780 2578 1879 ἀριθμὸν
2607 1780 2936 1875 βλαστήσας,
2963 1800 3120 1871 δχλον
3157 1795 3414 1869 μαθητῶν
3447 1793 3587 1865 μετά
3629 1792 3734 1863 τὴν

446 1899 546 1954 bra
568 1900 711 1970 ejus,
761 1908 814 1955 et
859 1902 1087 1955 arbusta
1121 1900 1240 1969 ejus
1266 1900 1460 1954 cedros
1496 1897 1588 1953 Dei
1621 1900 1685 1954 ".
1737 1918 1757 1951 ι
1805 1898 1929 1953 Herc
1967 1900 2034 1954 de

445 2006 576 2047 vera
608 1992 718 2047 vite
755 1992 1163 2056 commentatio,
1214 1999 1377 2061 prout
1422 1991 1596 2061 potui,
1628 2008 1658 2045 a
1692 2008 1780 2047 me
1825 1993 1911 2063 pie
1952 1992 2038 2045 in—

448 2080 646 2134 stituta
673 2088 780 2135 est.

2139 1903 2456 1962 ἀνάστασιν,
2483 1898 2516 1969 ἥ
2542 1898 2603 1952 τὸ
2628 1897 2779 1969 πρὶν,
2810 1896 2911 1948 οὐκ
2938 1893 3017 1946 ἔτι
3048 1893 3106 1944 ὲν
3139 1888 3371 1960 Ἰουδαίᾳ
3397 1886 3582 1957 μόνον,
3610 1882 3731 1938 ἀλλ’

2146 2011 2164 2043 ι
2200 1993 2432 2057 ἐξέτεινε
2469 1989 2537 2043 τὰ
2568 1990 2823 2059 κλήματα
2862 1986 3032 2055 αὐτῆς
3056 1983 3163 2047 ἓως
3189 1981 3495 2051 Θαλάσσης’
3532 1978 3735 2032 ἐκάλυ-

2141 2084 2240 2153 ψεν
2264 2083 2365 2155 ὅρη
2393 2085 2426 2152 ἡ
2451 2081 2578 2134 σκιά
2601 2082 2789 2149 αὐτῆς,
2822 2080 2915 2131 καὶ
2940 2079 2995 2129 αἱ
3027 2073 3409 2144 ἀναδενδράδες
3438 2071 3607 2142 αὐτῆς
3631 2068 3730 2133 τὰς

448 2172 676 2245 κέδρους
697 2169 793 2226 τοῦ
816 2171 974 2230 Θεοῦ.
1008 2191 1028 2224 ι
1054 2169 1204 2240 Αὕτη
1229 2172 1260 2242 ή
1284 2173 1639 2244 πραγματεία
1658 2173 1760 2244 τῆς
1778 2171 2037 2244 ἀληθινῆς
2066 2174 2310 2245 ἀμπέλου
2349 2176 2484 2228 κατά
2518 2173 2579 2226 τὸ
2600 2171 2822 2225 δυνατὸν
2846 2167 3084 2231 εὐσεόὦς
3110 2168 3379 2237 νενόηται.

518 2284 609 2340 5.7.
668 2284 766 2340 Ar.
821 2282 992 2340 Valde
1044 2285 1184 2342 bene
1231 2286 1337 2342 ista
1389 2300 1449 2341 se
1494 2284 1695 2340 habere
1728 2284 2026 2340 assentior.

442 2372 571 2432 Jam
598 2377 737 2432 mihi
767 2376 1154 2447 inquirendum
1184 2383 1439 2448 superest
1470 2378 1539 2432 de
1571 2375 1780 2446 Spiritu
1813 2383 2028 2430 sancto.

448 2466 587 2522 Nam
626 2467 773 2539 quod
808 2467 877 2522 ad
900 2465 1101 2522 Filium
1136 2474 1368 2538 spectat,
1400 2466 1665 2524 conﬁteor
1693 2475 1746 2522 et
1779 2482 1880 2536 ego
1912 2481 2035 2521 eum

452 2560 509 2613 in
547 2557 806 2615 omnibus
838 2557 988 2613 Patri
1016 2560 1283 2629 aequalem
1314 2573 1472 2623 esse,
1505 2559 1616 2612 nisi
1655 2559 1804 2628 quod
1838 2558 1931 2611 ille
1964 2557 2037 2612 sit

451 2651 821 2722 omnipotens.
872 2651 999 2705 Atla.
1052 2650 1201 2706 Nihil
1250 2659 1401 2715 certe
1442 2650 1730 2707 confessus
1783 2665 1845 2706 es
1888 2649 2037 2720 quod

444 2743 644 2813 pietati
675 2744 749 2800 sit
774 2751 1231 2799 consentaneum.
1259 2744 1356 2799 Ar.
1385 2743 1604 2810 Quare?
1639 2743 1763 2799 Atla.
1811 2742 2035 2798 Scilicet

450 2833 625 2891 Filius
654 2850 757 2891 suo
777 2834 927 2890 Patri
958 2836 1186 2905 aequalis
1212 2846 1317 2900 est.
1346 2837 1706 2906 omniumque
1733 2844 1821 2892 est
1850 2834 2037 2889 Domi-

453 2941 583 2992 nus,
620 2927 823 2997 quibus
863 2927 1042 2998 ipsius
1084 2925 1247 2983 Pater
1288 2927 1631 2983 dominatur.
1668 2926 1763 2979 Ar.
1807 2924 1921 2994 Ego
1969 2924 2039 2981 de

454 3018 850 3089 omnipotentia
884 3019 1098 3089 loquor,
1135 3034 1246 3073 non
1285 3018 1353 3074 de
1393 3034 1459 3073 eo
1493 3020 1636 3088 quod
1667 3017 1752 3071 his
1784 3016 2038 3071 omnibus

2208 2288 2296 2342 '57.
2343 2289 2461 2355 Ἀρ.
2500 2282 2621 2340 εἷπε
2642 2304 2656 2317 ·
2698 2286 2913 2357 Σφόδρα
2938 2283 3115 2357 ὀρθῶς
3142 2282 3286 2353 ἔχειν
3312 2281 3473 2354 φημί.
3524 2281 3648 2333 Ἔτι
3674 2278 3734 2334 Si

2139 2380 2525 2433 ὐπολέλειπταί
2586 2396 2676 2450 μοι
2741 2378 2871 2449 περὶ
2922 2375 3024 2446 τῆς
3084 2374 3360 2446 ζητήσεως
3407 2372 3502 2425 τοῦ
3569 2371 3734 2441 ἁγίου

2144 2470 2488 2540 Πνεύματος·
2527 2470 2656 2542 περὶ
2694 2469 2801 2541 γάρ
2855 2469 2950 2522 τοῦ
3005 2467 3134 2521 Υίοῦ
3183 2464 3526 2536 συνομολογῶ
3575 2463 3735 2531 κάγὼ

2142 2565 2202 2618 τὸ
2244 2565 2355 2616 ἴσον
2383 2563 2545 2617 αὐτὸν
2580 2560 2719 2616 εἷναι
2749 2562 2826 2633 τῷ
2855 2562 3031 2633 Ila-cpi
3062 2560 3203 2614 κατὰ
3230 2559 3426 2620 πάντα,
3451 2557 3605 2620 ἐκτὸς
3637 2554 3735 2609 τού

2142 2656 2559 2727 παντοκράτορα
2593 2655 2757 2708 αὐτὸν
2801 2650 2963 2708 εἶναι.
3006 2656 3116 2710 Ἀθ.
3156 2650 3340 2706 εἶπεν
3372 2650 3536 2706 Οὐδὲν
3582 2649 3738 2720 ὡμο-

2142 2748 2378 2818 λόγησας
2423 2746 2530 2802 τῶν
2580 2749 2646 2817 τῇ
2706 2746 2957 2817 εὐσεϐείᾳ
3004 2744 3333 2814 ἀνηκόντων.
3389 2744 3507 2809 Ἀρ.
3572 2735 3731 2792 εἴπεο

2144 2841 2300 2904 Τίνος
2330 2840 2548 2905 ’ἐνεκεν;
2584 2840 2781 2893 Ἀθαν.
2807 2833 2977 2890 εἶπεν·
3015 2838 3156 2900 Ἴσος
3181 2834 3438 2905 τυγχάνει
3467 2832 3562 2886 τοῦ
3596 2831 3735 2885 ἰδίου

2144 2933 2355 3005 Πατρὸς
2396 2931 2506 3004 (88)
2544 2932 2573 2983 6
2613 2931 2741 2994 Υἱὸς
2779 2930 3083 3001 ἀραρότως,
3126 2929 3218 2983 καὶ
3266 2927 3482 2980 πάντων
3524 2921 3736 2996 Κύριός

2146 3030 2315 3090 ἐστιν,
2350 3016 2425 3079 ὧν
2468 3023 2710 3095 κυριεύει
2733 3026 2761 3077 6
2793 3022 2980 3094 Πατὴρ
3012 3021 3197 3076 αὐτοῦ.
3237 3022 3359 3090 Ἀρ.
3392 3015 3736 3086 εἷπεν-Ἐγὼ

457 3112 774 3167 dominatur
825 3111 1020 3179 Filius,
1059 3112 1262 3183 quibus
1310 3111 1469 3168 Pater
1526 3128 1661 3174 suus
1706 3113 2037 3168 dominatur.

2146 3103 2274 3189 περὶ
2296 3116 2761 3189 παντοκρατορίας
2781 3115 2939 3187 ἔφην,
2962 3115 3024 3169 οὐ
3048 3115 3173 3188 περ).
3195 3113 3288 3167 τοῦ
3312 3112 3585 3187 κυριεύειν
3616 3110 3733 3183 (89)

454 3205 584 3260 Atla.
614 3204 754 3271 Quid
800 3212 906 3269 est,
942 3205 1327 3276 omnipotens?
1366 3205 1463 3259 Ar.
1512 3205 1562 3262 Is
1600 3214 1684 3261 est
1730 3207 1825 3276 qui
1860 3205 2043 3261 omnia

458 3298 565 3353 sub
590 3305 864 3367 potestate
891 3298 1076 3354 habet.
1094 3297 1222 3352 Atla.
1254 3298 1351 3369 An!
1371 3312 1477 3352 non
1507 3314 1637 3369 ergo
1660 3296 1835 3353 Filius
1858 3299 2045 3353 omnia

453 3391 764 3447 secundum
791 3400 844 3447 te
885 3391 990 3448 sub
1034 3398 1304 3462 potestate
1334 3391 1539 3445 habet?
1561 3393 1661 3447 Ar.
1702 3390 1869 3447 Recte
1896 3401 1952 3446 et
1989 3390 2044 3444 id

457 3496 586 3547 cum
634 3483 849 3535 caneris
887 3480 1077 3535 dixisti
1129 3499 1143 3534 :
1188 3482 1372 3535 omnia
1422 3480 1569 3535 enim
1617 3480 1720 3535 sub
1772 3488 2045 3551 potestate

458 3574 627 3629 habet
662 3570 860 3636 Filius,
894 3572 1149 3642 idemque
1179 3580 1265 3628 est
1291 3572 1661 3642 omnipotens,
1685 3581 1748 3626 ut
1778 3581 1834 3628 et
1861 3571 2042 3628 Pater.

458 3664 599 3720 Nam
636 3681 763 3721 cum
789 3680 900 3720 una
928 3665 1000 3721 sit
1026 3664 1207 3721 Patris
1240 3674 1294 3720 et
1320 3663 1445 3719 Filii
1485 3664 1791 3720 divinitatis
1823 3673 2040 3731 natura,

455 3772 573 3813 una
598 3772 820 3828 quoque
862 3764 949 3813 est
981 3757 1399 3829 omnipotentia.
1429 3754 1566 3825 {Jam
1610 3757 1776 3826 igitur
1814 3756 1883 3812 de
1920 3754 2045 3827 Spi-

458 3852 573 3905 ritu
617 3858 812 3906 sancto
850 3849 1191 3905 disseramus
1235 3868 1250 3905 :
1284 3850 1589 3920 praesertim
1617 3864 1742 3904 cum
1787 3860 1848 3905 tu
1888 3850 2046 3905 initio

456 3940 745 3999 deﬁnieris
773 3941 952 4013 ipsum
994 3956 1121 3998 esse
1149 3940 1300 3997 Patri
1333 3950 1389 3997 et
1427 3939 1568 3998 Filio
1596 3941 2045 3999 consubstantia-

459 4033 595 4100 lem,
625 4034 774 4105 quod
812 4035 930 4105 ipse
977 4050 1237 4106 pernego,
1276 4045 1592 4091 sanctarum
1637 4034 2047 4108 Scripturarum

458 4126 794 4182 auctoritate
834 4112 1080 4188 innixus,
1111 4141 1180 4181 ex
1219 4127 1422 4197 quibus
1460 4114 1639 4182 habeo
1683 4126 1865 4198 ipsum
1891 4141 2047 4183 crea-

459 4224 586 4272 tum
613 4230 739 4272 esse
770 4232 787 4273 :
817 4215 985 4286 idque
1004 4214 1106 4270 tibi
1134 4215 1328 4285 paucis
1352 4215 1545 4286 probo.
1579 4214 1782 4286 Nempe
1805 4214 2046 4273 Joannes

460 4313 750 4364 asseverat
780 4306 968 4362 omnia
997 4321 1096 4378 per
1123 4304 1324 4361 Filium
1356 4306 1501 4362 facta
1526 4322 1672 4372 esse,
1694 4323 1804 4377 quo
1826 4306 2046 4379 quidem

464 4397 638 4455 verbo
665 4396 936 4457 Spiritum
965 4396 1193 4454 minime
1221 4397 1660 4468 comprehendit,
1691 4399 1872 4468 ipsum
1911 4399 2043 4454 item

2144 3210 2233 3264 τὸν
2262 3210 2392 3264 Υίὸν
2426 3210 2701 3273 ἁπάντων,
2735 3202 2811 3263 ὧν
2842 3208 3083 3281 κυριεύει
3104 3209 3131 3261 6
3166 3206 3354 3278 Πατὴρ
3381 3204 3566 3259 αὐτοῦ.
3604 3204 3733 3259 Ἀθ.

2144 3298 2299 3356 εἷπε·
2342 3300 2749 3372 Παντοκράτωρ
2790 3301 2843 3353 τί
2887 3303 3071 3364 ὲστιν;
3104 3300 3229 3367 Ἀρ.
3256 3294 3445 3350 εἶπενο
3498 3295 3594 3349 Ἐκ
3635 3293 3735 3348 τοῦ

2145 3394 2360 3448 πάντων
2391 3396 2634 3465 κρατεῖν.
2673 3396 2860 3450 Ἄθων.
2888 3389 3041 3447 εἶπεν
3061 3410 3074 3422 ·
3131 3392 3191 3444 Ὀ
3222 3390 3352 3453 Υἱὸς
3376 3384 3470 3442 οὖν
3497 3387 3646 3442 κατὰ
3674 3385 3738 3442 σὲ

2145 3488 2364 3542 πάντων
2417 3488 2480 3541 οὐ
2537 3490 2759 3558 κρατεῖς
2820 3489 2949 3555 Ἀρ.
2998 3480 3121 3538 εἷπε
3145 3501 3157 3513 ·
3208 3482 3406 3545 Καλῶς
3450 3480 3586 3551 ἔφης
3636 3482 3738 3534 σὺν

2142 3582 2256 3641 τοῖς
2276 3578 2480 3643 λοιποῖς
2503 3581 2598 3633 καὶ
2625 3578 2811 3633 τοῦτο·
2844 3579 3064 3632 πάντων
3093 3576 3202 3648 γὰρ
3235 3577 3431 3646 κρατεῖ
3459 3573 3556 3627 καὶ
3595 3590 3739 3627 παν-

2142 3671 2428 3743 τοκράτωρ
2464 3672 2612 3725 ἐστὶν
2646 3672 2674 3723 6
2703 3670 2855 3733 Υἱὸς,
2881 3662 3070 3739 ὥσπερ
3100 3668 3193 3720 καὶ
3225 3668 3254 3719 6
3284 3665 3494 3737 Πατήρ.
3538 3664 3736 3717 Ὁπότε

2149 3765 2277 3834 μιᾶς
2323 3761 2488 3835 οὔσης
2531 3763 2718 3826 οὐσίας
2756 3760 2850 3814 τοῦ
2899 3760 3112 3831 Πατρὸς
3162 3757 3259 3811 κα)⁸
3313 3754 3407 3809 τοῦ
3458 3753 3589 3807 Υἱοῦ
3634 3754 3738 3825 τῆς

2142 3853 2397 3926 θεότητος
2419 3853 2552 3925 (90),
2583 3855 2679 3907 καὶ
2707 3853 2804 3925 μία
2832 3850 3273 3923 παντοκρατορία
3294 3847 3574 3919 τυγχάνει.
3609 3847 3738 3900 Λοι-

2144 3945 2248 3999 πὸν
2290 3946 2419 4016 περὶ
2451 3944 2546 3997 τοῦ
2584 3944 2742 4014 ἁγίου
2787 3942 3106 4013 Πνεύματος
3151 3942 3505 4013 ζητήσωμεν*
3541 3936 3734 4007 ἐπειδὴ

2146 4022 2384 4109 μάλιστα
2406 4038 2592 4109 ὡρίσω
2618 4037 2683 4090 σύ
2712 4038 2769 4090 ὲν
2800 4036 2942 4107 ἀρχῇ
2968 4033 3254 4106 όμοούσιον
3277 4032 3406 4086 αὐτὸ
3440 4026 3579 4084 εἶναι
3615 4031 3734 4083 Πα-

2143 4129 2235 4201 τρὶ
2264 4128 2362 4183 καὶ
2401 4127 2536 4200 Υίῷ,
2584 4126 2697 4197 ἐγὼ
2726 4126 2786 4181 δὲ
2818 4124 3107 4194 ἀντιλέγω,
3147 4123 3286 4195 ἔχων
3328 4121 3427 4193 τὴν
3454 4119 3737 4187 ἀπόδειξιν

2144 4222 2211 4275 ὲκ
2238 4219 2347 4274 τῶν
2374 4218 2543 4290 ἁγίων
2566 4216 2820 4293 Γραφῶν,
2843 4217 2926 4270 ὅτι
2953 4216 3170 4271 κτιστδν
3199 4215 3460 4285 τυγχάνει
3480 4230 3493 4243 ·
3524 4212 3621 4266 κει)⁵
3644 4211 3736 4266 διὰ

2146 4314 2412 4386 συντόμου
2440 4312 2551 4385 ἐρῶ
2577 4311 2676 4383 τὴν
2698 4309 2828 4381 περὶ
2851 4308 3043 4362 τούτου
3067 4307 3432 4380 παράστασιν,
3459 4306 3516 4358 ὲν
3537 4302 3616 4374 τῷ
3641 4303 3736 4355 τὺν

2158 4408 2412 4477 Ἰωάννην
2445 4402 2882 4477 διισχυρίσασθαι
2923 4401 3233 4471 φάσκοντα,
3282 4399 3459 4453 πάντα
3503 4397 3593 4451 διὰ
3636 4396 3735 4450 τοῦ

460 4505 501 4544 e
533 4490 696 4546 etatis
727 4504 759 4543 a
787 4488 951 4545 Patre
976 4488 1047 4545 ad
1089 4458 1368 4560 apostolos
1402 4489 1461 4545 in
1498 4458 1766 4545 auxilium
1813 4493 2040 4546 missum

2294 4458 2651 4568 ’γεγενῆσθῆαιί
2679 4494 2753 4567 μὴ
2782 4458 3277 4565 συμπαραλαϐόντα
3305 4490 3396 4543 καὶ
3422 4490 3483 4543 τὺ
3508 4488 3739 4559 Πνεῦμα

463 4596 596 4638 esse
625 4599 639 4637 :
675 4582 827 4652 atqui
860 4582 916 4637 id
939 4580 1087 4653 quod
1114 4596 1144 4636 e
1170 4581 1292 4637 loco
1315 4582 1384 4640 ad
1406 4582 1589 4638 locum
1617 4580 2045 4653 transgreditur,

464 4673 810 4729 transeuntis
856 4682 943 4730 est
988 4680 1218 4729 naturaz.
1260 4662 1687 4730 Unde'evidens
1727 4682 1812 4730 est
1851 4684 2049 4730 creatae

468 4765 653 4836 ipsum
684 4779 807 4821 esse
838 4772 1069 4828 naturas,
1109 4780 1221 4821 non
1246 4773 1426 4821 autem
1453 4765 1725 4829 increatm,
1753 4767 1931 4837 qualis
1956 4767 2049 4821 illa

464 4866 560 4913 est
585 4872 706 4927 quae
739 4857 913 4913 beata:
953 4858 1100 4913 illius
1136 4865 1345 4913 natura:
1370 4856 1553 4914 Patris
1582 4866 1637 4913 et
1667 4857 1787 4914 Filii
1823 4858 2046 4926 dicitur,

473 4964 705 5021 quaeque
729 4952 913 5004 omnia
943 4951 1212 5016 continet,
1239 4958 1295 5007 et
1333 4950 1536 5021 ubique
1564 4951 1873 5006 substantia
1909 4965 2048 5021 pra:-

471 5057 607 5101 eens
650 5051 774 5109 est;
819 5042 1276 5113 quemadmodum
1326 5057 1492 5112 supra
1545 5057 1578 5097 a
1624 5052 1676 5100 te
1725 5057 2049 5099 concessum

2147 4590 2206 4644 ὲν
2232 4588 2407 4661 τούτῳ
2432 4588 2512 4660 τῷ
2538 4588 2704 4658 λόγῳ,
2743 4586 2823 4640 ἔτι
2850 4585 2955 4657 μὴν
2988 4585 3081 4638 καί
3100 4581 3570 4669 ἀποστελλόμενον
3598 4581 3739 4653 πρὸς

2148 4680 2242 4735 τοῦ
2296 4682 2508 4752 Πατρὸς
2566 4681 2632 4733 ὲκ
2681 4679 2790 4733 τῶν
2843 4676 3088 4747 οὐρανῶν
3140 4674 3274 4746 πρὸς
3324 4672 3577 4745 βοήθειαν
3624 4673 3736 4726 τῶν

2151 4772 2463 4827 ἀποστόλων
2481 4788 2494 4801 ·
2528 4770 2589 4826 τὸ
2611 4769 2669 4823 δὲ
2689 4770 2798 4825 ἀπὸ
2827 4769 2994 4821 τόπου
3024 4767 3104 4829 είς
3134 4765 3320 4837 ἕτερον
3347 4765 3511 4819 τόπον
3549 4763 3734 4835 μετιδν

2126 4863 2524 4939 ⁸μεταϐατικῆς
2554 4862 2741 4926 οὐσίας
2769 4862 3049 4931 τυγχάνει.
3085 4861 3179 4913 Ἐκ
3204 4857 3392 4912 τούτου
3426 4856 3733 4927 καταδήλου

2153 4955 2306 5019 δντος
2334 4955 2559 5023 κτιστῆς
2587 4953 2750 5007 αὐτὸν
2774 4953 2989 5021 φύσεως
3016 4946 3181 5015 εἶναι,
3213 4949 3307 5003 καὶ
3326 4950 3426 5002 οὐκ
3452 4947 3733 5009 άκτίστου,

2152 5048 2252 5118 τῆς
2284 5045 2557 5118 μακαρίας
2588 5045 2774 5107 οὐσίας
2798 5044 3012 5113 ἐκείνης
3039 5042 3252 5113 Πατρὸς
3289 5042 3384 5095 καὶ
3415 5039 3548 5093 Υίοῦ
3580 5039 3737 5108 λεγο-

472 5136 561 5184 est
591 5145 605 5181 :
639 5129 698 5184 in
744 5144 854 5199 quo
886 5138 942 5184 et
974 5145 1062 5184 me
1105 5145 1216 5185 non
1268 5140 1470 5196 tecum,
1500 5132 1597 5187 sed
1648 5147 1772 5188 cum
1821 5134 2040 5188 veritate

2158 5139 2339 5209 μένης»
2366 5137 2497 5209 (9i),
2530 5138 2624 5191 xui.
2658 5136 3019 5208 περιεχούσης
3053 5134 3121 5188 τὰ
3157 5134 3274 5198 ὅλα,
3321 5134 3413 5187 καὶ
3456 5130 3733 5202 πανταχοῦ

544 5324 593 5356 ¹⁹
631 5323 779 5380 Psal.
811 5338 998 5392 tntx,
1037 5324 1125 5379 ll.

546 5506 659 5577 (87)
689 5506 782 5561 Sic
806 5507 1008 5577 Regius
1032 5521 1191 5577 quem
1228 5506 1533 5577 sequimur.
1554 5503 1718 5558 Basil.
1746 5509 1800 5557 et
1826 5501 1966 5570 Aug.
1984 5499 2044 5553 '0

470 5575 531 5629 δὲ
556 5575 935 5647 καταλειφθεϊς
955 5575 1063 5647 -ὲπῖ
1086 5576 1188 5647 τοῦ
1224 5575 1481 5647 σταυροῦ.
1520 5576 1580 5628 In
1604 5577 1925 5647 Augustano
1965 5578 2048 5625 ta-

473 5661 599 5699 men
624 5645 777 5701 deest
796 5645 825 5699 6
849 5646 926 5703 δέ.
954 5645 1012 5700 In
1034 5646 1195 5702 editis
1223 5646 1335 5703 hasc
1361 5645 1577 5703 desunt.

548 5735 660 5806 (88)
690 5738 819 5807 Reg.
847 5736 924 5807 τῷ
953 5737 1065 5807 ίδίῳ
1089 5737 1278 5807 Πατρί.

2224 5500 2335 5563 (sm
2367 5499 2499 5572 Reg.
2531 5503 2605 5576 μὴ
2631 5501 2931 5574 κυριεύειν.

2225 5592 2336 5664 (90)
2369 5591 2503 5663 Reg.
2538 5603 2589 5648 et
2614 5596 2774 5665 Angl.
2804 5597 2836 5665 ἡ
2863 5594 3074 5665 θεότης.

2228 5684 2338 5756 (91)
2374 5685 2504 5756 Reg.
2531 5697 2580 5742 et
2607 5686 2816 5760 Anglic.
2850 5688 2991 5756 λέγω
3025 5686 3212 5759 μόνης.
