3860 6200
154 255 265 311 ιε)

1292 249 1713 310 DISPUTATIO
1753 251 2037 312 CONTRA
2072 254 2319 314 ARIUM.

3333 268 3440 325 490

153 371 442 447 παρούσης
471 372 591 425 κατ’
618 370 821 425 οὐσίανο
854 369 1035 435 καθὼς
1062 372 1485 443 προαποδέδοται
1515 373 1620 427 ὑπὸ
1648 373 1721 427 σοί

1846 377 2279 433 consentientem
2300 376 2563 433 habuisti.
2588 377 2742 434 Adde
2772 377 2944 435 Deum
2977 381 3052 436 ita
3077 395 3177 453 per
3206 385 3441 454 prophe-

152 467 214 518 ὲν
238 469 358 528 τοῖς
390 463 699 535 ἔμπροσθεν
738 463 1071 537 εἰρημένοις,
1105 464 1284 536 κάμοῦ
1321 467 1747 538 συνευδοκήσαν-

1854 477 1967 523 tam
2035 470 2280 526 locutum
2337 486 2461 526 esse
2516 490 2530 526 :
2594 490 2613 523 ι
2674 471 2787 543 Ego
2847 475 3072 531 ﬁrmans
3122 477 3330 530 tonitru
3382 493 3438 533 et

148 574 243 621 τος
275 558 338 610 οὐ
384 559 491 621 σοὶ,
521 556 662 610 ἁλλὰ
696 556 762 628 τῇ
807 556 1069 629 ἀληθείᾳ·
1103 556 1185 611 ἔτι
1223 558 1282 612 δὲ
1324 559 1419 612 καὶ
1462 558 1558 612 τοῦ
1607 559 1721 612 Θεοί

1849 577 2045 618 creans
2101 563 2356 633 spiritum
2406 564 2475 631 ⁷ο,
2537 583 2554 615 ι
2604 566 2808 635 quibus
2847 580 2958 621 non
3006 574 3137 637 puto
3174 576 3227 624 te
3273 585 3437 640 posse

146 649 406 717 λέγοντος
427 649 516 703 διὰ
542 649 639 704 τοῦ
670 651 979 721 προφήτου·
1011 670 1029 701 ι
1072 650 1214 719 Ἐγὼ
1245 652 1480 722 στερεῶν
1506 651 1740 724 βροντὴν

145 743 243 795 καὶ
282 742 485 806 κτίζων
516 743 754 816 πνεῦμα,
795 764 816 798 ι
853 740 935 809 οἷς
978 743 1090 814 ἐγὼ
1128 744 1332 816 νομίζω
1366 744 1440 816 μὴ
1478 745 1739 800 δύνασθαί

145 850 209 885 σε
253 835 553 888 ἀντειπεῖν.

216 948 311 1002 58.
367 950 486 1004 Ἀθ.
518 945 668 1003 εἶπε·
718 951 1060 1023 Γέγραπταν
1109 969 1128 1003 ι
1176 950 1404 1005 Γένεσθε
1450 953 1616 1022 ἅγιοι,
1656 954 1739 1007 ὄτι

143 1043 260 1111 ἐγὼ
312 1044 467 1112 ἅγιος
514 1043 755 1113 ἁγιάζων
808 1046 974 1115 ὑμᾶς.
1048 1063 1067 1095 ι
1106 1044 1218 1097 Καὶ
1269 1044 1431 1097 πάλιν
1473 1047 1501 1099 6
1543 1045 1738 1117 Σωτὴρ

145 1138 288 1209 πρὸς
319 1138 413 1190 τὸν
445 1137 639 1191 ἑαυτοῦ
672 1137 893 1209 Πατέρα
931 1139 1073 1210 ὑπὲρ
1110 1138 1204 1191 τοῦ
1253 1137 1581 1210 ἁγιασθῆναι
1610 1141 1736 1204 τοὺς

146 1229 401 1300 μαθητάς
435 1229 539 1301 ἔφη
594 1229 762 1283 οῦτω’
797 1248 816 1279 ι
856 1231 1061 1302 Πάτερ,
1092 1230 1319 1300 ἁγίασον
1348 1233 1546 1296 αὐτοὺς
1575 1234 1634 1285 ὲν
1663 1236 1731 1306 τῇ

141 1322 375 1395 ἀληθείᾳ
406 1341 499 1377 σου
519 1340 532 1352 ·
572 1342 591 1375 ι
623 1326 717 1377 καὶ
743 1323 904 1376 πάλιν
934 1324 1064 1395 περὶ
1109 1324 1301 1377 ἑαυτοῦ
1344 1323 1455 1396 (92)
1482 1325 1510 1376 6
1539 1326 1730 1396 Σωτήρ

141 1432 339 1486 φησιν·
387 1434 407 1467 ι
456 1414 598 1484 Ἐγώ
623 1419 739 1487 εἰμι
779 1419 813 1488 ἡ
843 1414 1085 1487 ἀλήθεια.
1131 1437 1150 1468 ι
1182 1416 1342 1470 Κατὰ
1373 1416 1546 1471 ταῦτα
1573 1418 1606 1487 ἡ
1636 1415 1731 1469 τοῦ

140 1507 358 1578 Πατρὺς
387 1508 485 1561 καὶ
516 1505 609 1561 τοῦ
646 1507 775 1560 Υίοῦ
817 1506 1009 1579 θεόπις
1037 1509 1186 1562 ἐστὶν
1212 1511 1245 1578 ὴ
1282 1509 1414 1577 ἁγία
1456 1509 1550 1562 καὶ
1576 1509 1730 1577 ἅγιο-

139 1600 317 1665 ποιὸς,
354 1604 389 1672 ἡ
432 1599 735 1668 ἁγιάξουσα
766 1601 943 1655 πάντα
983 1602 1053 1654 τά
1084 1600 1298 1670 λογικὰ,
1337 1600 1404 1656 τὰ
1439 1600 1730 1666 καταξιού-

1849 655 2249 712 contradicere.

1917 938 2005 996 58.
2037 938 2164 995 Alli.
2207 938 2485 1011 Scriptum
2518 949 2626 1008 est,
2661 961 2682 994 ‹
2719 941 2912 999 Estote
2936 943 3138 1011 sancti,
3168 944 3298 1016 quia
3332 960 3433 1017 ego

1843 1038 2070 1088 sanctus
2120 1047 2220 1089 vos
2282 1033 2637 1091 sanctiﬁcans
2688 1036 2756 1089 τί.
2811 1056 2830 1089 ι
2896 1034 3138 1091 Rursum
3185 1036 3433 1093 Salvator

1842 1139 1944 1194 pro
1974 1124 2368 1196 discipulorum
2409 1126 2847 1183 sanctiﬁcatione
2898 1126 3116 1182 Patrem
3161 1130 3243 1184 sic
3298 1131 3434 1184 allo-

1842 1219 2034 1287 quitur
2070 1236 2083 1271 :
2126 1235 2145 1267 ‹
2170 1216 2359 1282 Pater,
2396 1218 2681 1275 sanctiﬁca
2711 1235 2807 1275 eos
2841 1220 2899 1274 in
2931 1221 3161 1275 veritate
3189 1227 3284 1275 tua
3313 1223 3381 1276 ⁷³.
3405 1241 3426 1275 ν

1839 1307 2042 1364 lterum
2090 1310 2158 1366 de
2212 1311 2396 1381 seipse
2439 1312 2515 1365 ait
2562 1310 2835 1379 Salvator,
2882 1331 2901 1363 ι
2951 1311 3064 1383 Ego
3109 1328 3230 1367 sum
3278 1315 3427 1369 veri-

1838 1409 1924 1457 tas
1965 1402 2032 1457 ".
2080 1423 2098 1456 ι
2135 1402 2213 1459 Ex
2259 1404 2349 1458 his
2393 1403 2561 1474 igitur
2607 1404 2814 1459 clarum
2854 1413 2939 1460 est
2969 1402 3152 1460 Patris
3189 1413 3245 1460 et
3307 1404 3431 1465 Filii

1836 1494 2177 1551 divinitatem
2209 1510 2333 1552 esse
2362 1504 2609 1552 sanctam
2643 1505 2698 1552 et
2730 1496 3042 1552 sanctitatis
3073 1496 3424 1566 eli‘ectricem,

1835 1603 1956 1656 quae
1992 1589 2253 1643 nimirum
2298 1590 2423 1645 illos
2464 1603 2657 1644 omnes
2688 1590 2921 1645 rationis
2972 1591 3270 1660 participes
3298 1606 3430 1646 san-

141 1708 283 1761 μενα
330 1690 421 1756 ἐξ·
442 1689 790 1756 αὐτεξουσίου
832 1689 1057 1763 γνώμης
1105 1708 1161 1744 τε
1211 1694 1305 1746 καὶ
1348 1692 1584 1764 σπουδῆς
1629 1692 1721 1765 τὴν

1839 1678 2070 1746 ctiﬁcat,
2112 1680 2206 1750 qui
2249 1696 2317 1735 ex
2368 1680 2543 1735 libero
2584 1680 2814 1735 arbitrio
2857 1687 2912 1735 et
2953 1680 3235 1750 diligentia
3275 1680 3429 1752 digni

139 1742 305 1852 ἁγίαν
340 1784 598 1849 δέξασθαι
638 1786 734 1839 καὶ
777 1742 1053 1856 μακαρίαν
1095 1784 1283 1837 οὐσίαν
1324 1786 1405 1847 είς
1446 1742 1721 1838 κοινωνίαι

1837 1770 2108 1826 habentur
2170 1772 2265 1842 qui
2336 1780 2588 1826 sanctam
2643 1781 2698 1826 et
2744 1772 2959 1827 beatam
3013 1773 3308 1828 essentiam
3334 1742 3427 1828 vin

136 1873 445 1945 ἁγιασμοῦ.
484 1875 550 1927 El
581 1870 674 1928 οὖν
711 1875 812 1928 οὐκ
840 1873 957 1928 ἐστι
983 1876 1083 1946 τῆς
1114 1874 1207 1928 τοῦ
1242 1874 1458 1945 Πατρὸς
1503 1875 1599 1926 καὶ
1637 1872 1732 1927 τοῦ

138 1966 272 2020 Υίοῦ
314 1966 506 2031 οὐσίας
542 1967 602 2021 τὸ
635 1967 789 2036 ἅγιον
814 1966 1062 2038 Πνεῦμα,
1111 1966 1256 2030 τίνος
1297 1966 1484 2019 ’ἐνεκεν
1514 1966 1732 2038 συνηρι-

139 2058 354 2131 θμησεν
400 2060 534 2113 αὐτὸ
571 2062 601 2113 6
641 2059 771 2123 Υἱὸς
812 2059 908 2113 τοῦ
955 2059 1090 2112 Θεοῦ
1124 2061 1181 2112 ὲν
1229 2058 1305 2129 τῷ
1352 2057 1607 2130 συμϐόλῳ
1636 2059 1731 2113 τοῦ

137 2152 455 2224 ἁγιασμοῦ;
498 2153 637 2222 Φησὶ
669 2152 778 2224 γὰρ
812 2155 840 2206 ὁ
873 2151 1077 2225 Κύριος
1112 2152 1250 2224 πρὸς
1283 2153 1410 2215 τοὺς
1445 2151 1693 2222 μαθητάς
1715 2170 1728 2183 ’

141 2257 162 2288 ς
198 2237 591 2310 Πορευθέντες,
630 2237 1007 2309 μαθητεύσατε
1042 2238 1220 2291 πάντα
1251 2236 1320 2291 τὰ
1355 2236 1505 2307 ἔθνη.
1539 2237 1732 2308 βαπτί-

137 2329 328 2393 ζοντες
368 2330 570 2395 αὐτοὺς
627 2332 708 2393 εἰς
755 2331 814 2382 τὸ
864 2328 1036 2400 ὄνομα
1086 2327 1181 2381 τοῦ
1239 2328 1452 2400 Πατρδς
1493 2327 1587 2381 καὶ
1637 2328 1732 2381 τοῦ

136 2418 273 2473 Υίοῦ
316 2420 413 2472 καὶ
443 2419 537 2472 τοῦ
581 2419 737 2487 ἁγίου
771 2418 1108 2489 Πνεῦματος.
1155 2437 1173 2470 ι
1216 2418 1280 2470 El
1310 2413 1404 2470 οὖν
1444 2418 1623 2471 πάντα
1664 2416 1734 2470 τὰ

136 2510 268 2583 ἔθνη
305 2510 377 2564 τὰ
418 2510 742 2564 πιστεύοντα
785 2512 882 2564 καὶ
918 2509 1257 2578 ἁγιαζόμενα
1311 2510 1627 2578 ἁγιάζονται
1664 2511 1730 2580 τῇ

133 2595 670 2666 τρισμακαριωτάτῃ
705 2593 1005 2665 ὀνομασίᾳ,
1041 2592 1201 2664 δῆλόν
1245 2595 1391 2647 ἐστιν
1430 2595 1510 2647 ὅτι
1540 2595 1634 2646 καὶ
1670 2594 1733 2647 τὸ

134 2685 367 2756 Πνεῦμα
387 2685 488 2755 τῆς
509 2684 603 2739 τοῦ
628 2685 841 2756 Πατρὺς
864 2685 958 2737 καὶ
993 2682 1089 2736 τοῦ
1121 2683 1252 2737 Υίοῦ
1280 2684 1532 2756 θεότητος
1561 2684 1731 2757 ὑπὰρο

135 2794 241 2847 χει,
272 2778 342 2829 ὲκ
367 2775 464 2830 τοῦ
501 2776 655 2845 ἆγιον
684 2775 818 2830 αὐτὸ
852 2770 989 2829 εἶναι
1020 2777 1141 2828 κατ’
1175 2775 1384 2841 οὐσίαν,
1417 2777 1511 2829 καὶ
1542 2776 1732 2845 ἁγίους

134 2869 313 2922 ποιεῖν
339 2867 554 2931 πάντας
588 2868 716 2931 τοὺς
754 2866 1192 2937 προσϐάλλοντας
1228 2864 1394 2920 αὐτοῦ
1428 2869 1492 2938 τῇ
1537 2883 1729 2919 κοινω-

132 2961 259 3030 νίᾳ,
322 2958 507 3023 καθώς
556 2974 722 3030 φησιν
764 2960 793 3010 ὁ
857 2958 1179 3022 Ἀπόστολος
1246 2959 1385 3029 πρὸς
1444 2958 1538 3023 οὓς
1587 2958 1725 3031 ἔφη·

1837 1864 2293 1920 sanctiﬁcationis
2320 1865 2768 1920 communionem
2801 1865 3128 1936 suscipiant.
3167 1864 3225 1919 Si
3257 1864 3427 1936 igitur

1840 1954 2082 2025 Spiritus
2112 1963 2341 2013 sanctus
2370 1971 2479 2011 non
2513 1964 2598 2011 est
2630 1957 2954 2012 substantiae
2983 1955 3165 2013 Patris
3197 1965 3250 2012 et
3275 1955 3422 2023 Filii,

1833 2063 2003 2119 quare
2058 2047 2239 2117 ipsum
2283 2046 2378 2103 Dei
2426 2046 2598 2103 Filius
2642 2048 3022 2103 annumeravit
3071 2050 3126 2102 in
3177 2050 3424 2121 symbolo

1835 2138 2329 2196 sanctiﬁcationis?
2370 2138 2462 2194 Ait
2502 2140 2650 2194 enim
2682 2140 2750 2195 ad
2786 2141 3089 2212 discipulos
3120 2142 3421 2200 Dominus:

1839 2250 1857 2281 ι
1896 2229 2125 2296 Euntes,
2152 2230 2345 2286 docete
2383 2246 2576 2287 omnes
2620 2242 2830 2301 gentes,
2854 2233 3195 2303 baptizantes
3231 2252 3327 2293 eos
3366 2237 3422 2291 in

1834 2324 2059 2379 nomine
2082 2322 2265 2378 Patris
2292 2331 2346 2378 et
2374 2322 2497 2378 Filii
2524 2329 2580 2378 et
2615 2321 2856 2392 Spiritus
2896 2326 3073 2379 sancti
3101 2327 3170 2382 ⁷⁸.
3212 2345 3231 2378 ι
3265 2327 3423 2395 Quod

1834 2409 1881 2463 si
1913 2423 2106 2464 omnes
2131 2413 2343 2480 gentes,
2375 2423 2497 2478 quae
2523 2407 2757 2464 credunt
2788 2416 2844 2464 et
2870 2410 3309 2476 sanctiﬁcantur,
3338 2423 3422 2467 ter

1835 2500 2156 2556 beatissima
2203 2498 2294 2553 illa
2346 2498 2764 2555 nomenclatura
2819 2500 3254 2568 sanctiﬁcantur,
3301 2504 3414 2557 evi-

1833 2593 1970 2648 dens
2019 2601 2104 2649 est
2157 2591 2423 2662 Spiritum
2473 2591 2542 2646 ad
2579 2590 2758 2647 Patris
2801 2601 2856 2647 et
2907 2591 3028 2648 Filii
3074 2593 3418 2651 divinitatem

1834 2687 2134 2758 pertinere,
2184 2701 2308 2742 cum
2353 2686 2533 2756 ipsum
2582 2686 2894 2742 substantia
2939 2687 3011 2743 sit
3054 2697 3331 2752 sanctum,
3364 2696 3420 2745 et

1833 2794 2025 2834 omnes
2058 2786 2282 2835 sanctos
2317 2778 2533 2843 elﬁciat,
2570 2778 2665 2848 qui
2698 2780 2767 2834 ad
2816 2779 2938 2849 ejus
2967 2781 3415 2837 communionem

1836 2872 1994 2943 177
2033 2871 2302 2928 accedunt
2336 2890 2349 2928 :
2385 2870 2850 2942 quemadmodum
2881 2872 3180 2942 Apostolus
3211 2874 3280 2929 ad
3319 2889 3416 2931 eos

1835 2967 1913 3019 ait
1957 2981 2099 3036 quos
2150 2964 2233 3020 sic
2273 2965 2573 3035 alloquitur
2619 2984 2635 3020 :
2691 2983 2710 3016 ι
2750 2964 2859 3019 Sed
2912 2965 3083 3019 abluti
3129 2967 3284 3031 estis,
3319 2969 3417 3024 sed

140 3073 158 3105 ι
202 3051 350 3105 Ἀλλ’
377 3051 778 3111 ἀπελούσασθε.
808 3050 922 3105 ἁλλ’
955 3050 1256 3121 ἡγιάσθητε
1291 3053 1348 3105 ὲν
1376 3050 1455 3123 τῷ
1496 3051 1721 3122 ὀνόματι

1833 3054 2162 3111 sanctiﬁcati
2208 3056 2345 3112 estis
2414 3055 2472 3110 in
2528 3056 2752 3112 nomine
2802 3055 3019 3111 Domini
3066 3057 3240 3112 nostri
3284 3053 3414 3114 Jesu

132 3146 226 3200 τοῦ
256 3144 469 3216 Κυρίου
501 3144 659 3216 ἡμῶν
704 3142 877 3216 Ἰησοῦ
921 3143 1183 3216 Χριστοῦ,
1215 3144 1311 3197 καὶ
1350 3146 1409 3198 έν
1441 3144 1521 3215 τῷ
1548 3145 1721 3198 Πνεῦ-

136 3255 266 3309 ματι
293 3235 464 3290 αὑτοῦ
497 3236 577 3306 τῷ
605 3236 762 3307 ἁγίῳ.
811 3255 829 3287 ι
861 3236 926 3289 El
956 3235 1014 3289 δὲ
1045 3235 1146 3288 οὐκ
1185 3234 1301 3288 ἐστι
1332 3236 1431 3307 τῆς
1463 3235 1558 3288 τοῦ
1585 3235 1721 3289 Θεοῦ

134 3332 225 3384 καὶ
251 3330 473 3401 Πατρὸς
521 3330 615 3383 καὶ
642 3328 773 3383 Υίοῦ
815 3329 1167 3392 ὑποστάσεως
1195 3327 1330 3400 (95),
1360 3327 1523 3382 πάλιν
1555 3329 1719 3400 φημὶ,

135 3422 249 3487 πῶς
285 3422 670 3495 συνηριθμήθη
697 3425 874 3495 Πατρὶ
899 3423 994 3477 καὶ
1021 3421 1166 3494 Υἱῷ·
1200 3422 1277 3486 ὡς
1310 3420 1386 3493 μὴ
1414 3421 1723 3493 δυναμένης

132 3515 229 3585 τῆς
256 3515 356 3568 τοῦ
398 3515 615 3587 Πατρὸς
652 3517 746 3569 καὶ
782 3515 914 3569 Υίοῦ
953 3515 1206 3586 θεότητος
1242 3514 1550 3587 ἐπαρκέσαι
1585 3515 1722 3587 πρὸς

133 3609 411 3679 ἁγιασμὺν
440 3611 553 3672 τοῖς
596 3611 805 3672 πιστοῖς
824 3650 839 3674 ,
875 3609 1180 3682 προσέλαϐε
1211 3609 1303 3662 τὸν
1334 3607 1717 3680 Παράκλητον,

130 3704 191 3756 τὸ
221 3700 456 3772 Πνεῦμα
474 3701 578 3771 τῆς
602 3700 859 3771 ἀληθείας
888 3704 969 3765 είς
1001 3700 1391 3772 συμπλήρωσιν
1421 3696 1716 3770 ἁγιασμοῦ,

127 3794 219 3847 τὸν
248 3796 355 3847 οὐκ
380 3796 447 3847 ὲκ
474 3794 572 3864 τῆς
602 3794 789 3856 οὐσίας
816 3793 981 3848 αὐτοῦ
1007 3792 1165 3858 δντα;
1192 3793 1257 3846 Εί
1297 3792 1353 3845 δὲ
1399 3791 1545 3845 τοῦθ’
1576 3790 1719 3844 οὕτω

124 3883 441 3956 νομισθείη,
483 3884 603 3948 πῶς
631 3901 809 3956 φαμεν
840 3883 1138 3956 ἀπροσδεὲς
1174 3884 1235 3938 τὸ
1270 3883 1455 3949 Θεῖον;
1496 3884 1717 3935 αὐτοτε-

126 3975 240 4039 λὲς,
267 3974 542 4046 μηδαμῶς
584 3976 783 4047 χρῇζον
827 3977 957 4045 παρ’
1013 3975 1202 4047 ἐτέρου
1247 3975 1391 4039 τινός
1443 3993 1495 4027 τι
1541 3974 1650 4028 τῶν
1689 3976 1718 4027 6

125 4068 529 4138 προσδεόμενος
551 4067 659 4139 (94)
689 4066 780 4120 τοῦ
812 4067 1122 4139 εὐεργετεῖν
1147 4067 1469 4138 δυναμένου.

197 4161 292 4216 59.
341 4163 464 4228 Ἄρ.
519 4156 706 4213 εἶπεν·
748 4160 813 4213 El
859 4159 962 4230 τῆς
1018 4158 1190 4213 ἀϊδίου
1244 4158 1498 4230 θεότητος
1542 4154 1611 4230 ἦν
1656 4157 1717 4212 τὸ

126 4252 362 4325 Πνεῦμα
404 4251 723 4323 ὁμοούσιον,
766 4252 984 4315 πάντως
1018 4246 1111 4305 οὖν
1142 4248 1254 4322 (95)
1285 4249 1561 4321 πανταχοῦ
1595 4251 1716 4304 κατ’

121 4346 318 4399 οὐσίαν
350 4344 559 4415 παρῆν,
599 4345 693 4397 καὶ
736 4344 837 4397 οὐκ
876 4343 1341 4416 ἁποστελλόμενον
1390 4344 1498 4396 ἀπὸ
1545 4345 1711 4397 τόπου

1826 3146 2054 3214 Christi,
2105 3156 2161 3203 et
2218 3149 2275 3202 in
2337 3146 2547 3217 Spiritu
2611 3156 2807 3203 sancto
2858 3148 2981 3218 ejus
3025 3150 3095 3204 ⁷⁸.
3139 3167 3159 3201 ι
3209 3145 3316 3214 Qui
3365 3150 3414 3204 si

1827 3255 1938 3293 non
1980 3246 2066 3294 est
2099 3240 2421 3294 substantia:
2468 3237 2565 3295 Dei
2612 3247 2667 3295 et
2704 3239 2884 3295 Patris
2914 3255 2978 3295 ac
3007 3238 3155 3304 Filii,
3188 3255 3411 3296 rursum

1828 3331 2130 3402 interrogo,
2181 3346 2281 3386 cur
2312 3346 2440 3385 cum
2469 3329 2634 3387 Patre
2665 3340 2720 3387 et
2762 3330 2902 3387 Filio
2943 3334 3016 3387 sit
3063 3341 3408 3395 numeratus,

1825 3422 1984 3493 quasi
2027 3422 2269 3487 scilicet,
2312 3421 2494 3479 Patris
2542 3430 2596 3478 et
2637 3422 2763 3478 Filii
2797 3423 3084 3480 divinitate
3120 3439 3230 3480 non
3263 3423 3413 3480 sulli-

1824 3515 2005 3570 ciente
2080 3515 2147 3569 ad
2198 3513 2440 3571 ﬁdelium
2495 3515 3007 3584 sanctiﬁcationem,
3040 3515 3410 3580 Paracletum,

1827 3605 2090 3677 Spiritum
2124 3607 2375 3663 veritatis
2404 3608 2765 3677 assumpserit
2788 3606 2931 3662 Deus
2954 3608 3008 3661 in
3038 3608 3411 3679 complemen-

1823 3706 1941 3753 tum
1971 3699 2451 3762 sanctiﬁcationis,
2487 3700 2582 3770 qui
2613 3701 2788 3770 ipsius
2813 3700 3139 3756 substantia:
3166 3716 3278 3756 non
3305 3699 3412 3756 sit?

1821 3788 1977 3858 Quod
2009 3790 2055 3846 si
2089 3789 2428 3854 admittatur,
2452 3792 2724 3861 quomodo
2753 3807 3046 3862 possumus
3068 3793 3272 3854 dicere,
3296 3791 3410 3846 Nu-

1822 3900 1947 3941 men
1983 3884 2136 3939 nulla
2169 3898 2229 3938 re
2260 3898 2441 3954 egere,
2468 3899 2535 3937 ex
2563 3897 2622 3938 se
2650 3880 2956 3953 perlectum
2981 3897 3126 3946 esse,
3159 3882 3408 3953 nihilque

1820 3993 1851 4032 a
1880 3991 2153 4047 quoquam
2174 3975 2436 4040 mutuari,
2460 3975 2554 4045 qui
2586 3974 2760 4044 possit
2803 3973 2858 4028 id
2896 3988 3007 4044 quo
3050 3973 3260 4045 indiget
3300 3973 3407 4029 sibi

1820 4067 2283 4124 subministrare?

1889 4160 1979 4216 59.
2007 4160 2103 4215 Ar.
2131 4157 2192 4214 Si
2224 4158 2463 4229 Spiritus
2487 4159 2831 4229 sempiternae
2851 4156 3067 4212 veritati
3091 4165 3239 4213 esset
3272 4173 3405 4213 con-

1820 4251 2223 4316 substantialis,
2258 4258 2407 4307 certe
2447 4250 2651 4321 ubique
2685 4249 2991 4305 secundum
3027 4251 3403 4306 substantiam

1819 4343 2055 4408 adesset,
2101 4358 2202 4397 nec
2232 4343 2438 4401 missus
2462 4358 2492 4396 e
2520 4343 2643 4396 loco
2674 4342 2728 4395 in
2762 4341 2927 4396 alium
2973 4342 3155 4396 locum
3203 4342 3402 4399 abiret.

119 4440 202 4501 εἰς
248 4437 445 4509 ἕτερον
482 4436 647 4489 τόπον
682 4435 995 4507 ἐπορεύετο.
1057 4435 1174 4491 Ἀθ.
1221 4430 1411 4488 εἶπενο
1459 4435 1523 4488 Ol
1565 4433 1711 4504 ἆγιοι

1832 4434 1944 4487 4th.
1971 4432 2158 4488 Sancti
2188 4434 2364 4504 angeli
2394 4433 2667 4488 habentne
2692 4432 2979 4504 Spiritum,
3044 4433 3273 4487 annon?
3301 4433 3400 4486 Ar.

116 4530 353 4600 ἄγγελοι
378 4529 442 4582 τὸ
475 4528 701 4599 Πνεῦμα
721 4527 935 4598 ἕχουσι;
967 4528 1055 4582 ναὶ
1082 4527 1115 4598 ἢ
1146 4524 1240 4592 ob;
1266 4528 1388 4594 Ἀρ.
1415 4520 1535 4579 εἷπε
1558 4544 1570 4556 ·
1601 4528 1712 4581 Καὶ

118 4622 290 4675 πάνυ.
335 4621 454 4674 Ἀθ.
489 4615 645 4672 εἶπε’
682 4619 985 4682 Διαπαντὸς
1019 4618 1176 4672 συνὸν
1209 4604 1392 4681 αῦτοῖς
1431 4618 1709 4688 τυγχάνει,

115 4715 152 4785 ἢ
181 4713 330 4784 πρὸς
350 4712 543 4784 καιρὸν
571 4712 734 4781 συνῆν
764 4712 859 4764 καὶ
885 4712 945 4763 τὸ
965 4710 1118 4779 ἁγιον
1135 4708 1364 4781 Πνεῦμα
1384 4712 1504 4773 ταῖς
1529 4710 1712 4777 ἁγίαις

115 4806 457 4876 δυνάμεσιν;
490 4800 694 4876 ἄραπὴ
725 4805 821 4875 μὲν
848 4804 1023 4869 λέξεις
1056 4803 1181 4867 τοὺς
1210 4801 1474 4872 ἀγγέλους
1500 4802 1709 4871 ἁγίους,

120 4897 201 4968 πὴ
233 4895 294 4950 δὲ
317 4896 420 4966 οὐχ
447 4895 668 4962 ἁγίους;
714 4894 792 4965 Τῇ
825 4894 925 4964 μὲν
955 4893 1065 4963 γὰρ
1096 4891 1371 4964 παρουσίᾳ.
1420 4891 1514 4944 τοῦ
1552 4893 1710 4960 ἁγίου

118 4989 451 5060 Πνεῦματος
511 4989 657 5056 ἁγιοι
712 4987 1104 5057 τυγχάνουσιν,
1161 4985 1220 5037 ὲν
1262 4988 1327 5055 τῇ
1370 4984 1605 5057 ἀπουσίᾳ
1652 4985 1709 5037 δὲ

120 5080 291 5133 αὐτοῦ
333 5078 492 5149 δῆλόν
544 5080 660 5130 ἐστι
693 5076 769 5149 μὴ
816 5072 957 5128 εἶναι
1005 5075 1197 5143 ἁγίους
1218 5075 1437 5138 αὐτοὺς,
1476 5073 1616 5126 κατὰ
1650 5074 1711 5126 τὸ

120 5165 422 5237 εἰρημένον
472 5166 609 5237 πρὸς
652 5164 747 5217 τοῦ
798 5164 965 5217 Θεοῦ·
1007 5184 1026 5215 ι
1063 5165 1136 5216 Οὐ
1175 5162 1250 5234 μὴ
1305 5162 1611 5236 καταμείνῃ
1651 5164 1711 5216 τὸ

1818 4526 1978 4582 Certe
2001 4526 2229 4581 habent.
2257 4526 2383 4579 Ath.
2419 4524 2716 4596 Semperne
2738 4540 2862 4579 cum
2890 4524 3002 4581 illis
3028 4534 3135 4588 est,
3159 4525 3244 4579 vel
3270 4540 3402 4580 num

1817 4619 1886 4672 ad
1908 4626 2127 4688 tempus
2154 4634 2279 4673 cum
2306 4618 2515 4673 sanctis
2546 4617 2843 4673 virtutibus
2869 4629 2989 4674 erat
3013 4616 3249 4687 Spiritus
3275 4634 3401 4673 san-

1816 4709 1983 4764 ctus?
2009 4709 2093 4763 An
2130 4708 2282 4765 dices
2325 4709 2550 4780 angelos
2585 4709 2879 4778 aliquando
2919 4720 3161 4775 sanctos,
3197 4719 3253 4764 et
3296 4711 3399 4763 ali-

1816 4799 2039 4871 quando
2071 4816 2179 4854 non
2208 4802 2470 4856 sanctos?
2494 4799 2778 4871 Siquidem
2800 4801 2974 4856 sancti
3000 4800 3236 4871 Spiritus
3263 4817 3394 4869 pra:-

1815 4894 1993 4947 sentia
2025 4894 2202 4947 sancti
2236 4894 2314 4947 illi
2360 4902 2489 4948 sunt
2521 4911 2534 4948 :
2569 4910 2633 4949 eo
2677 4905 2858 4947 autem
2897 4894 3144 4955 absente,
3188 4902 3397 4947 certum

1813 4993 1897 5037 est
1923 4991 2146 5039 sanctos
2177 4985 2302 5040 illos
2332 5001 2613 5049 noncsse,
2656 4986 2814 5054 juxta
2858 4986 3001 5038 hanc
3041 4982 3137 5037 Dei
3179 4990 3389 5037 sentcn-

1812 5077 1942 5128 tiam
1986 5094 1998 5129 :
2031 5093 2052 5126 ι
2088 5074 2207 5131 Non
2238 5078 2580 5146 permanebit
2610 5076 2845 5146 Spiritus
2872 5090 3026 5131 meus
3056 5089 3180 5130 cum
3220 5072 3382 5126 homi-

1815 5168 1978 5222 nibus
2010 5164 2384 5237 generationis
2410 5167 2594 5237 hujus,
2628 5168 2757 5238 quia
2781 5167 2884 5222 insi
2914 5181 3110 5221 carnes
3141 5172 3269 5221 sunt
3290 5162 3391 5214 ⁷⁸.»

232 5328 280 5360 ’⁸
318 5328 487 5400 Amos
522 5343 595 5400 Iv,
630 5327 717 5400 i5.
806 5328 851 5358 '”
882 5326 1053 5400 Levit.
1089 5342 1178 5400 xi,
1211 5326 1322 5400 id;
1367 5325 1721 5400 κυδρὴ-χχ,

1832 5376 1852 5389 η.
1928 5336 1974 5366 ⁷¹
2012 5332 2172 5388 Joan.
2213 5350 2354 5400 xvn,
2391 5334 2478 5389 l7.
2554 5335 2600 5367 ⁷³
2637 5333 2796 5390 Joan.
2836 5349 2946 5399 xiv,
2987 5337 3038 5390 6.
3115 5332 3160 5366 ⁷³
3199 5330 3389 5386 Matth.

120 5413 294 5453 nth
318 5438 334 5465 ,
371 5398 459 5452 i9.
537 5398 582 5429 ⁷⁵
629 5396 648 5449 l
680 5397 805 5452 Cor.
843 5415 891 5453 νι
915 5439 929 5463 ,
966 5399 1056 5453 ll.
1133 5398 1180 5428 ⁷⁶
1217 5398 1417 5452 Cenes.
1457 5413 1542 5459 γι,
1574 5397 1628 5452 ’5.

191 5551 309 5632 (9?)
348 5551 423 5605 Ita
466 5550 604 5623 Reg.
645 5551 813 5607 Basil.
850 5560 904 5608 et
938 5551 1099 5623 Angl.
1129 5550 1232 5606 Alii
1278 5561 1333 5606 et
1384 5550 1541 5617 editi,
1577 5551 1705 5622 περὶ

345 5688 423 5746 ita
456 5690 682 5762 Regius,
724 5692 1059 5762 Anglicanus
1096 5701 1151 5746 et
1188 5692 1561 5761 Augustalius.
1596 5692 1703 5746 Alii

568 5788 836 5845 ΡΑτίιοι..
878 5787 970 5845 (in
1042 5787 1337 5847 XXVI“.

1813 5565 2089 5624 verorum
2127 5551 2312 5614 editis,
2345 5552 2437 5624 καί
2465 5551 2594 5604 Υίοῦ
2629 5552 2881 5624 θεότητος
2916 5555 3287 5622 ὑποστάσεως.

1884 5622 1995 5691 (94)
2027 5625 2165 5692 Aug.
2205 5621 2618 5691 προσδεόμενον.

1884 5693 1992 5763 (95')
2025 5692 2153 5760 Heg.
2200 5694 2415 5754 πάντως
2455 5692 2541 5745 ἄν.

3067 5791 3140 5850 16
