3860 6200
454 255 556 312 J91
1589 249 1651 307 δ.
1691 247 2153 310 ATIIANASIUS.
2193 279 2264 290 —
2304 245 2577 304 SPL'PtlA.
3607 234 3718 291 492

455 370 547 422 Ait
586 381 804 438 quoque
834 364 1040 423 Paulus
1076 368 1361 439 apostolus
1394 387 1405 422 :
1452 386 1471 418 ι
1513 368 1571 423 Si
1609 370 1732 439 quis
1767 368 2028 441 Spiritum

2134 365 2360 437 Πνεῦμά
2385 383 2485 437 μου
2519 364 2658 437 μετά
2676 362 2783 417 τῶν
2807 359 3108 433 ἀνθρῴπων
3135 357 3234 427 τῆς
3266 356 3459 426 γενεᾶς
3482 354 3711 423 ταύτης,

456 456 660 513 Christi
703 470 814 511 non
855 455 1041 519 habet,
1074 455 1164 510 hic
1205 470 1314 511 non
1348 463 1432 511 est
1465 457 1586 527 ejus
1615 459 1684 512 ⁷⁷.
1724 479 1742 511 ›
1781 458 1838 514 Si
1868 460 2030 530 igitur

2134 458 2220 512 διὰ
2251 458 2311 512 τὸ
2356 452 2494 512 εἶναι
2543 457 2739 519 αὐτοὺς
2780 455 3007 525 σάρκας.
3056 470 3075 504 ι
3112 449 3224 504 Kal.
3256 447 3469 510 Παῦλος
3515 449 3544 499 6
3575 445 3719 499 ἀπό-

456 549 723 602 malarum
772 547 1050 601 actionum
1092 561 1262 601 causa
1314 547 1429 602 haec
1474 555 1589 613 est,
1637 550 1784 621 quod
1822 551 2032 606 scilicet

458 638 697 710 Spiritus
737 654 849 717 non
898 639 970 695 sit
1032 653 1157 693 cum
1204 639 1560 709 peccantibus
1595 659 1608 695 :
1641 656 1707 696 ex
1762 657 1827 697 eo
1885 642 2032 713 quod

459 732 697 803 Spiritus
728 739 954 788 sanctus
1002 731 1058 786 in
1091 730 1370 801 aliquibus
1406 747 1510 787 nec
1542 733 1616 788 sit
1667 749 1767 790 nec
1799 734 2029 798 habitet,

456 826 662 881 Christi
688 841 797 880 non
821 840 944 881 esse
969 822 1298 880 ostenditur.
1326 823 1669 897 Quapropter
1695 827 1872 898 angeli
1905 842 2032 897 pec-

456 918 565 972 cati
595 925 757 972 erunt
788 917 1047 983 ministri,
1083 917 1189 972 nisi
1226 931 1443 987 semper
1474 916 1741 988 Spiritum
1779 929 2029 992 sanctum

457 1010 764 1065 habuerint.
811 1009 1095 1075 Quomodo
1136 1023 1266 1079 ergo
1319 1006 1413 1063 Dei
1475 1009 1707 1079 gloriam
1760 1011 1880 1066 sine
1926 1014 2032 1066 line

457 1102 916 1172 contemplantur,
951 1099 1057 1155 nisi
1097 1115 1313 1169 semper
1341 1100 1451 1155 sint
1477 1103 1675 1166 sancti,
1707 1112 1759 1157 et
1794 1101 2031 1172 Spiritus

457 1196 634 1249 sancti
657 1194 981 1264 participes?
1000 1194 1093 1246 Ar.
1122 1192 1335 1250 Sanctae
1355 1197 1582 1251 virtutes
1608 1196 1871 1266 Spiritum
1887 1212 2031 1252 sem-

454 1300 553 1354 per
575 1284 795 1338 habent.
820 1282 939 1336 Ath.
972 1281 1037 1335 Et
1063 1282 1240 1337 sancti
1264 1282 1473 1345 Patres,
1494 1284 1587 1352 qui
1618 1298 1649 1336 a
1679 1282 1881 1337 mundo
1908 1299 2032 1339 cnn-

455 1376 571 1430 dito
607 1374 932 1445 placuerunt
964 1372 1095 1438 Deo,
1133 1390 1261 1427 num
1285 1389 1471 1429 secum
1508 1374 1748 1429 habuere
1776 1384 2029 1449 sanctum

458 1465 717 1536 Spiritum
745 1472 799 1520 et
825 1465 1124 1520 etiamnum
1156 1465 1377 1531 habent,
1429 1466 1652 1521 annon?
1708 1467 1802 1520 Ar.
1829 1464 2030 1523 Omnes

456 1556 631 1611 sancti
654 1563 707 1612 et
739 1542 987 1610 habuere.
1014 1563 1068 1610 et
1099 1555 1302 1610 habent
1332 1552 1595 1626 Spiritum
1626 1568 1877 1612 sanctum
1904 1558 2032 1614 abs-

455 1664 562 1719 que
602 1648 712 1702 ulla
744 1646 1110 1718 separatione.
1146 1646 1269 1700 Ath.
1305 1647 1581 1703 Aderatne
1609 1664 1733 1703 cum
1765 1650 2030 1720 apostolis

458 1740 698 1812 Spiritus
726 1746 974 1803 sanctus,
1003 1753 1128 1792 cum
1162 1745 1348 1793 essent
1379 1739 1434 1793 in
1461 1753 1649 1804 carne,
1679 1739 1904 1795 annon?
1931 1740 2025 1794 Ar.

2136 552 2320 617 στολός
2351 568 2514 623 φησιν
2536 566 2548 581 ο
2583 567 2601 600 ι
2630 549 2692 602 Εἰ
2720 548 2778 601 δέ
2807 563 2892 610 τις
2924 543 3154 614 Πνεῦμα
3179 539 3417 612 Χριστοῦ
3446 539 3548 592 οὐκ
3577 537 3716 607 ἔχει,

2133 637 2288 708 οὗτος
2321 645 2422 697 οὐκ
2463 642 2610 696 ἐστιν
2647 638 2837 695 αὐτοῦ.
2863 656 2881 689 ι
2918 638 2981 691 Εἰ
3004 632 3099 690 οὖν
3132 636 3167 707 ἡ
3207 633 3316 687 τῶν
3347 632 3535 686 κακῶν
3572 630 3721 703 πρά-

2134 736 2270 803 ξεων
2318 735 2470 799 αίτία
2518 733 2727 802 γίνεται
2778 731 2852 803 μὴ
2898 731 3137 783 συνεῖναι
3199 726 3261 779 τὸ
3317 723 3544 794 Πνεῦμα
3598 723 3717 784 τοῖς

2134 827 2560 898 ἁμαρτάνουσιν,
2590 826 2655 877 ἐκ
2684 822 2778 877 τοῦ
2818 822 2892 894 μὴ
2930 817 3070 875 εἶναι
3112 818 3209 873 καὶ¹
3240 817 3467 871 ἐνοικεῖν
3507 813 3565 867 ἐν
3601 829 3716 867 τισι

2133 918 2193 971 τὸ
2221 917 2373 986 ἁγιον
2401 916 2647 987 Πνεῦμα,
2681 915 2956 968 δείκνυται
2984 911 3057 984 μὴ
3090 907 3231 964 εἶναι
3275 906 3533 980 Χριστοῦ.
3568 907 3717 975 ’Δρα

2131 1007 2225 1064 οὖν
2277 1010 2419 1077 ἆγιοι
2468 1006 2582 1078 (96)
2645 1006 2866 1075 ἄγγελοι
2921 1002 3194 1075 ἁμαρτίας
3239 1001 3510 1063 διάκονοι,
3545 997 3596 1049 εί
3637 995 3715 1066 μὴ

2131 1101 2419 1165 διαπαντὸς
2478 1100 2660 1171 ἔχουσι
2705 1098 2764 1152 τὸ
2820 1095 3045 1167 Πνεῦμα
3102 1094 3164 1148 τὸ
3214 1095 3387 1162 ἁγιον.
3444 1090 3570 1154 Πῶς
3617 1085 3716 1142 οὖν

2133 1191 2492 1254 ἀδιαλείπτως
2547 1188 2877 1262 προσέχουσι
2917 1188 2985 1256 τῇ
3030 1183 3159 1257 δόξῃ
3206 1182 3302 1236 τοῦ
3351 1178 3509 1245 Θεοῦ,
3550 1181 3601 1232 εί
3634 1179 3715 1250 μὴ

2132 1285 2279 1353 ἁγιοι
2305 1284 2400 1338 καὶ
2434 1282 2682 1336 κοινωνοὶ
2710 1279 2851 1333 Πνεύ
2861 1296 3027 1350 ματος
3059 1277 3216 1345 ἁγίου
3247 1270 3356 1328 εἷεν
3381 1270 3715 1335 διαπαντός;

2136 1379 2255 1444 "Ap.
2298 1372 2452 1428 εἴπεο
2493 1370 2796 1435 Διαπαντδς
2847 1369 3059 1440 ἔχουσιν
3085 1369 3142 1420 αί
3172 1366 3325 1435 ἃγιαι
3365 1364 3623 1434 δυνάμεις
3651 1359 3716 1414 τὸ

2133 1467 2378 1537 Πνεῦμα.
2424 1466 2545 1519 Ἀθ.
2576 1462 2727 1516 εἶπεν
2748 1478 2761 1490 ·
2789 1462 2848 1514 Ol
2883 1460 3031 1533 ἆγιοι
3060 1457 3303 1529 Πατὲρες
3329 1456 3379 1507 oi
3400 1455 3493 1507 ἀπ’
3518 1450 3717 1514 αἰῶνος

2132 1559 2596 1631 εὐαρεστήσαντες
2617 1554 2695 1625 τῷ
2706 1552 2824 1624 Θεῷ
2844 1538 3002 1605 συνὸν
3023 1551 3176 1621 ἔσχον
3198 1548 3260 1602 τὸ
3287 1547 3442 1616 ἆγιον
3460 1544 3712 1615 Πνεῦμα,

2132 1651 2228 1705 καὶ
2255 1650 2349 1705 νῦν
2394 1649 2606 1720 ἔχουσιν
2657 1646 2828 1711 αύτό;
2876 1646 2963 1698 ναὶ
3009 1641 3043 1714 ἢ
3092 1640 3185 1708 ob;
3232 1642 3363 1708 "Ap.
3411 1633 3568 1691 εἴπεο
3600 1632 3714 1690 Καὶ

2130 1743 2283 1814 ἔσχον
2317 1741 2412 1796 καὶ
2456 1742 2638 1812 ἔχουσι
2670 1738 2869 1801 πάντες
2910 1738 2959 1792 oi
3008 1736 3151 1804 ἀγιοι
3185 1734 3246 1788 τὸ
3295 1733 3448 1803 ἅγιον
3486 1729 3716 1800 Πνεῦμα

453 1810 620 1889 Nefas
650 1838 736 1888 est
779 1830 962 1885 dicere
996 1828 1261 1900 Spiritum
1312 1836 1562 1884 sanctum
1600 1846 1726 1885 cum
1765 1832 2028 1900 apostolis

2134 1810 2646 1906 ἀχωρίστωςξἊθ.
2695 1828 2846 1885 εἷπε·
2894 1829 3019 1892 Τοῖς
3069 1826 3388 1890 ἀποστόλοις
3437 1822 3606 1890 συνῆν
3653 1820 3716 1874 τὸ

456 1942 567 1982 non
615 1924 805 1979 fuisse.
855 1921 981 1976 Ath.
1031 1920 1277 1976 Simulne
1307 1935 1498 1978 omnes
1530 1921 1759 1992 proiecti
1793 1930 1923 1978 sunt
1958 1923 2027 1977 ad

456 2014 861 2088 praedicandum
904 2028 1129 2083 regnum
1175 2013 1460 2078 cmlorum,
1506 2029 1578 2067 an
1630 2013 1687 2067 in
1737 2012 2025 2070 duodecim

456 2107 644 2163 mundi
670 2114 851 2178 partes
874 2104 1106 2175 dispersi
1132 2110 1260 2159 sunt
1281 2104 1419 2158 ?Ar.
1440 2105 1486 2158 A
1515 2119 1576 2160 se
1600 2105 1833 2160 invicem
1864 2120 2029 2161 carne

457 2198 693 2270 separati
723 2204 872 2261 sunt,
903 2203 965 2250 ut
1012 2210 1202 2251 omnes
1230 2202 1419 2267 gentes
1449 2194 1608 2250 fidem
1637 2194 1840 2250 Christi
1866 2196 2029 2251 doce-

454 2300 593 2348 rent.
626 2291 753 2346 Ath.
793 2286 984 2360 Itaque
1013 2289 1061 2343 si
1091 2302 1216 2342 cum
1247 2287 1460 2357 angelis
1503 2294 1588 2341 est
1628 2284 1865 2357 Spiritus
1904 2301 2029 2343 san-

456 2393 598 2444 ctus,
643 2380 689 2435 si
736 2380 865 2434 item
905 2384 991 2433 est
1034 2392 1159 2432 cum
1204 2375 1409 2430 sanctis
1452 2373 1673 2430 Patrum
1719 2377 2028 2443 animabus,

453 2488 576 2544 qua:
603 2470 712 2527 Deo
742 2471 1066 2541 placuerunt
1097 2488 1109 2524 :
1140 2468 1189 2524 si
1217 2468 1346 2522 item
1380 2466 1568 2522 aderat
1606 2468 1870 2537 apostolis
1899 2482 1930 2520 a
1974 2483 2033 2523 se

455 2565 689 2620 invicem
717 2562 897 2632 longis
917 2559 1220 2617 intervallis
1246 2557 1480 2623 dissitis,
1504 2557 1571 2612 ad
1594 2558 2030 2613 annuntiandum

454 2672 681 2727 regnum
707 2656 971 2711 caelorum
1006 2673 1019 2709 :
1051 2653 1218 2725 igitur
1237 2652 1421 2706 omnia
1444 2651 1652 2721 implet,
1677 2665 2028 2721 praesensque

454 2758 540 2805 est
566 2750 765 2818 ubique
792 2747 1090 2805 secundum
1114 2748 1497 2813 substantiam,
1521 2747 1663 2801 sicut
1686 2744 1829 2801 Deus
1844 2742 2024 2809 Pater,

455 2842 534 2896 ita
559 2840 874 2909 unigenitus
902 2838 1025 2908 ejus
1059 2835 1253 2892 Filius.

2133 1923 2286 1994 ἅγιον
2313 1922 2539 1995 Πνεῦμα
2574 1924 2632 1976 ἐν
2667 1923 2831 1996 σαρκὶ
2859 1917 3012 1986 οὖσι;
3048 1921 3138 1974 ναὶ
3166 1920 3199 1990 ἢ
3233 1916 3330 1982 οῦς
3371 1918 3491 1984 Ἀρ.
3521 1908 3711 1967 εἶπεν

2145 2015 2424 2088 Ἀθέμιτόν
2453 2016 2569 2069 ἐστι
2603 2015 2767 2085 φάναι
2805 2013 2880 2085 μὴ
2914 2014 3147 2066 συνεῖναι
3181 2005 3242 2062 τὸ
3290 2008 3442 2077 ἅγιον
3485 2003 3715 2074 Πνεῦμα

2132 2110 2245 2172 τοῖς
2272 2107 2605 2171 ἀποστόλοις.
2637 2109 2755 2162 Ἀθ.
2779 2102 2931 2160 εἶπεν
2948 2121 2965 2138 ·
2986 2106 3137 2176 ’Ἅμα
3165 2104 3364 2164 πάντες
3387 2099 3715 2171 ἐπορεύοντο

2134 2199 2495 2272 κηρύττοντες
2523 2198 2620 2270 τὴν
2665 2198 2943 2269 βασιλείαν
2973 2197 3082 2252 τῶν
3116 2194 3384 2267 οὐρανῶν,
3413 2193 3446 2263 ἢ
3483 2191 3713 2246 διεσπά-

2134 2308 2306 2361 ρησαν
2338 2293 2417 2355 είς
2465 2291 2534 2345 τὰ
2562 2290 2773 2344 δώδεκα
2819 2288 2961 2362 μέρη
3005 2288 3098 2343 τοῦ
3141 2287 3348 2358 κόσμου
3389 2285 3536 2357 (97);
3587 2284 3715 2352 Ἀρ.

2131 2377 2317 2435 εἶπεν·
2361 2382 2770 2455 Ἐχωρίσθησαν
2828 2383 2920 2436 ἀπ’
2956 2380 3199 2452 ἀλλήλων
3249 2377 3432 2450 σαρκὶ,
3481 2377 3623 2448 πρὸς
3654 2375 3721 2428 τὸ

2135 2472 2476 2544 μαθητεῦσαι
2500 2475 2678 2528 πάντα
2702 2474 2772 2527 τὰ
2793 2473 2919 2544 ἔθνη
2943 2474 3023 2536 εἰς
3054 2472 3152 2543 τὴν
3183 2474 3240 2524 ἐν
3261 2468 3481 2541 Χριστῷ
3502 2469 3718 2523 πίστιν.

2146 2560 2263 2617 Ἀθ.
2298 2560 2450 2618 εἶπεν
2472 2581 2485 2595 ·
2505 2565 2567 2619 Et
2600 2561 2694 2619 οῦν
2729 2565 2986 2634 ἀγγέλοις
3016 2562 3233 2617 σύνεστι
3270 2562 3332 2615 τὸ
3357 2561 3510 2630 ἆγιον
3540 2557 3722 2613 Πνεῦ-

2135 2670 2233 2725 μα,
2258 2654 2352 2707 καὶ
2385 2658 2503 2718 ταῖς
2535 2656 2717 2724 ἁγίαις
2745 2655 2944 2726 ψυχαῖς
2967 2655 3075 2708 τῶν
3102 2654 3361 2724 Πατέρων
3384 2652 3493 2706 τῶν
3513 2652 3720 2723 εὐαρε-

2136 2747 2447 2815 στησάντων
2465 2746 2543 2817 τῷ
2576 2746 2693 2818 Θεῷ
2724 2747 2880 2801 συνὸν
2905 2747 3162 2816 τυγχάνει
3189 2746 3250 2798 τὸ
3276 2746 3429 2814 ἅγιον
3461 2742 3718 2813 Πνεῦμα,

2134 2839 2227 2893 καὶ
2258 2838 2366 2891 τῶν
2390 2838 2703 2892 ἀποστόλων
2727 2838 3060 2892 διαστάντων
3097 2839 3338 2909 μακραῖς
3364 2833 3721 2889 διαστάσεσιν

454 2936 549 2990 ἐπ’
575 2933 852 3005 ἀλλήλων,
886 2932 1021 3005 πρὸς
1055 2931 1116 2985 τὸ
1164 2930 1398 3003 κηρύξαι
1445 2931 1543 3002 τὴν
1593 2930 1869 3001 βασιλείαν
1914 2931 2021 2984 τῶν
2057 2933 2335 3005 οὐρανῶν,
2364 2934 2545 3006 παρῆν
2576 2934 2760 2998 αὐτοῖς
2804 2934 2865 2988 τὸ
2911 2934 3066 3003 ἅγιον
3139 2932 3364 3005 Πνεῦμα
3411 2949 3425 2962 °
3482 2931 3594 3001 ἀρα
3646 2927 3721 2981 τὰ

459 3029 750 3100 σύμπαντα
811 3025 1008 3099 πληροῖ
1064 3025 1338 3094 πανταχοῦ
1399 3025 1572 3095 παρὸν
1624 3028 1742 3080 κατ’
1795 3025 1982 3080 ούσίαν
2006 3066 2021 3090 ,
2064 3026 2253 3099 ῶσπερ
2310 3031 2339 3081 6
2379 3027 2511 3091 Θεὸς
2556 3029 2585 3080 6
2625 3027 2836 3098 Πατὴρ,
2890 3028 2984 3081 καὶ
3024 3028 3053 3080 6
3104 3026 3398 3098 μονογενὴς
3438 3023 3570 3086 Υἱὸς
3616 3021 3722 3076 αὖ.

455 3119 571 3174 τοῦ.

526 3214 619 3269 40.
651 3210 745 3266 Ar.
778 3211 915 3265 dixit
942 3230 954 3265 :
991 3212 1157 3274 Esto,
1193 3210 1400 3281 ubique
1431 3213 1733 3268 secundum
1764 3214 2027 3270 substan—

2202 3209 2291 3264 40.
2326 3209 2453 3278 "Ap.
2503 3206 2656 3263 εἷπε’
2715 3209 2957 3264 Δεδόσθω
3007 3210 3129 3263 κατ’
3182 3211 3371 3264 οὐσίαν
3427 3217 3723 3287 πανταχοῦ

454 3306 588 3358 tiam
632 3316 871 3373 praesens
906 3302 978 3357 sit
1021 3300 1261 3371 Spiritus
1299 3310 1560 3370 sanctus;
1597 3319 1697 3359 cur
1735 3319 1864 3374 ergo
1903 3320 2031 3375 pro-

454 3395 620 3466 pheta
639 3410 706 3449 ex
720 3408 962 3463 persona
987 3391 1084 3447 Dei
1119 3393 1197 3446 ait
1216 3412 1234 3447 ς
1276 3410 1294 3444 ι
1333 3392 1445 3465 Ego
1470 3393 1734 3452 Dominus
1764 3396 1907 3452 Deus
1938 3413 2031 3451 ve-

456 3496 590 3549 stcr,
627 3484 852 3538 ﬁrmans
899 3483 1128 3545 tonitru,
1170 3491 1224 3538 et
1251 3499 1451 3540 creans
1481 3486 1736 3555 spiritum
1765 3487 1834 3548 ⁷⁸,
1869 3506 1887 3538 ι
1920 3487 2029 3542 nisi

450 3579 529 3630 sit
556 3584 738 3628 creata
774 3572 980 3627 virtus?
1028 3572 1152 3627 Ath.
1213 3572 1510 3643 Semperne
1555 3586 1772 3631 creatur
1795 3575 2029 3647 Spiritus

455 3671 679 3721 sanctus
716 3662 1016 3719 secundum
1058 3670 1146 3727 te,
1193 3678 1261 3716 an
1310 3665 1477 3720 semel
1510 3665 1777 3721 duntaxat
1813 3677 2029 3724 creatus

455 3757 586 3812 est?
613 3758 706 3809 Ar.
742 3755 863 3809 Noli
903 3755 1037 3809 mihi
1075 3757 1407 3826 quaestiones
1430 3773 1754 3828 proponere,
1788 3774 1909 3830 qua:
1945 3776 2031 3816 re-

455 3857 557 3901 ctae
573 3846 772 3903 mentis
799 3845 988 3900 alienae
1009 3846 1137 3904 sint.
1162 3846 1274 3918 Ego
1298 3856 1423 3903 ante
1451 3849 1634 3903 omnia
1657 3850 1854 3906 secula
1884 3866 2032 3906 creao

456 3931 570 3995 tum
617 3938 742 3993 dico
796 3937 967 3993 fuisse
1008 3937 1291 4008 Spiritum.
1362 3939 1488 3993 Ath.
1540 3937 1809 4008 Propheta
1859 3941 2021 4003 dixit,

460 4048 480 4081 ι
507 4043 722 4091 creans,
760 4048 777 4079 ι
809 4044 928 4098 qua!
968 4043 1070 4083 vox
1092 4027 1369 4098 prophetae
1394 4027 1563 4083 Deum
1589 4044 1804 4099 semper
1833 4045 2029 4085 crean-
2058 4102 2065 4108 .

453 4128 562 4173 tem
596 4119 822 4174 indicat.
861 4120 1168 4189 lgiturnon
1200 4118 1267 4174 de
1303 4127 1493 4174 sancto
1521 4119 1725 4190 Spiritu
1764 4119 1904 4174 hanc
1936 4136 2029 4175 vo-

457 4226 598 4273 cem,
659 4230 677 4260 ι
716 4225 932 4273 creans,
961 4230 979 4261 ›
1026 4210 1298 4281 intelligit,
1332 4211 1424 4266 sed
1457 4211 1524 4265 de
1553 4219 1839 4265 ventorum
1872 4210 2024 4280 ﬂatu,

458 4302 524 4354 ad
557 4301 908 4355 recreandum
944 4301 1252 4359 universam
1298 4317 1478 4356 rerum
1528 4308 1829 4356 creatarum
1875 4311 2031 4357 natu-

456 4406 596 4446 ram.
637 4391 692 4445 Id
735 4401 915 4447 autem
960 4393 1059 4447 tibi
1112 4393 1614 4463 exploratissitnum
1659 4395 1784 4459 erit,
1820 4397 1866 4449 si
1900 4410 2028 4466 pro-

2134 3306 2389 3375 παρεῖναι
2418 3303 2479 3356 τὸ
2512 3303 2665 3372 ἆγιον
2703 3302 2959 3376 Πνεῦμα·
3007 3303 3096 3358 διὰ
3128 3304 3182 3357 τί
3219 3299 3312 3358 οὖν
3343 3307 3371 3359 6
3423 3309 3723 3379 προφήτης

2130 3396 2195 3449 ἐκ
2228 3394 2518 3467 προσώπου
2537 3397 2631 3450 τοῦ
2660 3396 2796 3450 Θεοῦ
2826 3396 3003 3463 ἔλεξεν
3022 3415 3035 3426 ·
3064 3414 3083 3446 t
3121 3395 3262 3465 Ἐγὼ
3292 3396 3497 3469 Κύριος
3526 3400 3555 3451 6
3577 3398 3725 3464 Θεὸς

2131 3483 2307 3555 ὑμῶν,
2341 3485 2577 3555 στερεῶν
2612 3484 2836 3557 βροντὴν
2869 3485 2962 3539 καὶ
3002 3483 3201 3549 κτίζων
3232 3486 3467 3556 πνεῦμα,
3491 3508 3514 3536 ι
3556 3490 3607 3541 εί
3633 3491 3723 3561 μὴ

2129 3571 2198 3647 ἦν
2228 3576 2420 3647 κτιστὴ
2449 3576 2710 3647 δύναμις;
2756 3577 2867 3630 Ἇθ.
2903 3572 3089 3630 εἶπεν
3141 3577 3254 3630 Ἀεὶ
3297 3578 3359 3632 τὸ
3394 3579 3624 3651 Πνεῦμα
3652 3581 3721 3634 τὸ

2130 3665 2286 3735 ἆγιον
2340 3665 2615 3731 κτίζεται,
2668 3665 2701 3737 ἢ
2755 3666 2901 3732 ἅπαξ
2965 3666 3188 3738 ἐκτίσθη
3243 3668 3386 3721 κατὰ
3442 3668 3536 3734 σές
3574 3671 3716 3739 "Ap.

2129 3754 2281 3810 εἴπεο
2317 3757 2409 3829 Μὴ
2460 3756 2613 3829 παρά
2669 3757 2761 3810 τὸν
2811 3758 2967 3830 ὀρθὸν
3010 3758 3134 3813 νοῦν
3168 3759 3390 3824 πεύσεις
3437 3763 3718 3833 πρόσαγε.

2130 3848 2243 3920 Πρὸ
2272 3849 2488 3903 πάντων
2517 3848 2626 3901 τῶν
2654 3848 2865 3903 αἰώνων
2899 3851 3043 3921 φημὶ
3088 3852 3335 3904 ἐκτίσθαι
3365 3852 3427 3905 τὸ
3456 3854 3717 3927 Πνεῦμα.

2143 3940 2261 3994 Ἀθ.
2294 3937 2476 3994 εἶπενο
2533 3940 2591 3993 Ὀ
2628 3942 2912 4012 προφήτης
2940 3940 3081 4006 εἷπε,
3134 3961 3152 3993 ι
3180 3942 3401 4010 κτίζων,
3434 3965 3453 3996 ι
3484 3946 3562 4009 ὡς
3594 3947 3723 4001 δια-

2129 4031 2330 4094 παντὸς
2387 4031 2660 4096 κτίζοντος
2690 4032 2783 4086 τοῦ
2834 4032 2970 4086 Θεοῦ
3006 4035 3039 4104 ἡ
3082 4033 3177 4087 τοῦ
3227 4038 3506 4108 προφήτου
3556 4038 3724 4110 δηλοῖ

2130 4122 2301 4193 φωνή.
2351 4122 2491 4192 Ἀρα
2514 4118 2607 4175 οὖν
2628 4123 2688 4176 οὐ
2711 4125 2838 4193 περὶ
2865 4123 2958 4177 τοῦ
2980 4125 3134 4192 ἁγίου
3161 4126 3477 4197 Πνεύματος
3504 4131 3721 4200 φάσκει

2127 4212 2188 4264 τὸ
2221 4230 2239 4263 ι
2279 4212 2496 4277 κτίζων,
2524 4233 2542 4266 ›
2589 4213 2726 4267 ἀλλὰ
2756 4216 2884 4288 περὶ
2936 4218 3103 4288 πνοῆς
3132 4219 3351 4289 ἀνέμων
3394 4220 3533 4291 πρὸς
3570 4222 3722 4276 ἀνά-

2128 4318 2320 4372 κτησιν
2373 4302 2589 4374 ἀπάσης
2613 4303 2721 4375 (98)
2751 4305 2853 4375 τῆς
2885 4308 3130 4371 κτίσεως.
3173 4309 3364 4364 Ἔσται
3398 4312 3456 4365 δέ
3491 4329 3577 4367 σοι
3608 4331 3723 4368 σα-

2130 4391 2371 4462 φεστάτη
2405 4393 2438 4462 ἡ
2473 4392 2601 4463 περὶ
2622 4392 2811 4446 τούτου
2838 4394 3059 4462 γνῶσις,
3085 4395 3200 4459 ἐὰν,
3236 4397 3416 4451 λαϐὼν
3445 4398 3539 4453 τὸν
3574 4418 3727 4471 προ-

453 4478 618 4552 ’ριιεῑο
660 4491 906 4552 accepto,
942 4498 1067 4553 quae
1116 4493 1420 4558 sequuntur
1452 4485 1619 4556 legas.
1660 4483 1798 4540 Nam
1845 4486 1912 4551 si,
1966 4494 2026 4541 ut

2134 4486 2325 4555 φήτην,
2367 4482 2593 4555 ἐντύχῃς
2624 4486 2689 4537 ἐκ
2732 4484 2841 4538 τῶν
2869 4487 3170 4558 ἑπομένων.
3218 4490 3280 4542 El
3322 4489 3463 4562 γὰρ,
3521 4493 3727 4559 καθὼς

456 4573 803 4636 concessisti,
828 4584 952 4628 ante
978 4574 1162 4627 omnia
1192 4576 1389 4629 saacula
1418 4574 1655 4646 Spiritus
1680 4585 1897 4632 creatus
1920 4587 2023 4642 est,

2134 4574 2357 4639 ἔδωκας,
2408 4573 2515 4645 πρὸ
2562 4574 2778 4631 πάντων
2808 4576 2916 4630 τῶν
2954 4577 3164 4633 αἰώνων
3206 4559 3450 4635 ἔκτισται
3487 4583 3601 4654 (99)
3653 4586 3728 4638 τὺ

461 4665 625 4734 178
655 4663 882 4719 dixisset
916 4663 1193 4735 profecto,
1230 4665 1342 4736 Ego
1370 4665 1536 4734 Deus,
1554 4670 1646 4738 qui
1681 4667 1839 4723 ﬁrmo
1880 4671 2026 4724 toni-

455 4766 546 4810 tru
579 4763 631 4810 et
661 4757 843 4811 creavi
877 4756 1162 4827 Spiritum.
1192 4754 1400 4813 'Verum
1430 4774 1540 4814 non
1578 4761 1651 4813 ita
1676 4760 1892 4817 locutus
1922 4771 2024 4817 est.

456 4848 548 4899 Ar.
576 4844 723 4900 Belle
753 4847 805 4900 id
835 4862 864 4899 a
889 4854 941 4904 te
969 4847 1320 4902 observatum
1343 4856 1444 4904 est.
1469 4847 1667 4904 Verum
1695 4849 1778 4905 his
1800 4850 1980 4906 verbis
2012 4871 2025 4906 :

462 4956 480 4988 ι
515 4936 710 4991 Omnia
737 4952 834 5007 per
864 4938 1042 5008 ipsum
1078 4937 1224 4992 facta
1263 4934 1393 4994 sunt
1424 4939 1494 5003 τ’,
1532 4958 1552 4990 ι
1582 4939 1766 4993 omnia
1795 4955 2028 5010 prorsus

455 5030 1016 5099 comprehenduntur,
1046 5030 1214 5085 veluti
1246 5028 1457 5100 Spiritu
1491 5044 1614 5085 cum
1639 5029 1896 5084 omnibus
1922 5030 2032 5084 col-

458 5120 658 5180 locato,
689 5121 903 5175 etiamsi
941 5122 1177 5175 maxima
1215 5120 1378 5176 fuerit
1412 5121 1586 5176 virtus
1613 5123 1679 5175 ad
1709 5121 2027 5176 creandum.

459 5213 583 5265 Atla.
619 5211 758 5267 Num
788 5213 952 5283 igitur
981 5221 1142 5282 putas
1171 5214 1549 5269 universorum
1585 5212 1897 5278 Dominum,
1928 5210 2033 5265 Pa-

527 5370 571 5401 "
610 5369 768 5425 Rom.
804 5387 937 5436 VIII,
974 5369 1029 5427 9.
1106 5371 1154 5403 "
1191 5373 1357 5427 Amos
1394 5389 1469 5435 tv,
1507 5372 1594 5426 15.
1673 5372 1718 5404 ⁷⁸
1756 5370 1915 5426 Joan.
1960 5386 2010 5435 ι,
2046 5372 2102 5428 '5.

530 5522 645 5600 (935i
673 5525 849 5600 Ἅγιοι
898 5524 1138 5600 deest‘i‘n
1169 5527 1303 5600 Aug.
1344 5525 1529 5583 .Paulo
1557 5537 1699 5600 post,
1732 5527 1875 5597 Aug.
1904 5525 2028 5588 Πῶς

456 5587 549 5647 οὖν
573 5587 660 5647 διὰ
688 5587 884 5657 παντὸς
922 5597 1015 5649 καὶ
1048 5587 1414 5660 ἀδιαλείπτως.

533 5663 657 5716 (97)·
674 5663 814 5736 Aug.
851 5665 951 5735 τῆς
975 5665 1319 5736 οἰκουμένης.

2131 4663 2377 4735 Πνεῦμα,
2409 4667 2616 4736 εἰρήκει
2659 4665 2745 4731 ἂν,
2798 4667 2939 4737 Ἐγὼ
2965 4671 2993 4722 ὁ
3032 4669 3165 4733 Θεὸς
3208 4671 3443 4742 στερεῶν
3478 4672 3728 4746 βροντὴν

2131 4757 2226 4809 καὶ
2264 4756 2456 4820 κτίσας
2492 4756 2736 4829 Πνεῦμα.
2783 4759 2899 4814 Νῦν
2950 4760 3007 4814 δὲ
3040 4762 3137 4832 οὐχ
3178 4762 3351 4827 οὕτως
3396 4763 3523 4835 ἔφη.
3576 4766 3724 4836 Ἀρ.

2132 4845 2281 4901 εἷπε·
2314 4849 2861 4923 Παρατετηρημένως
2900 4850 2994 4907 οὖν
3030 4854 3187 4909 τοῦτο
3225 4855 3409 4921 καλῶς
3441 4857 3599 4929 ἔφης.
3638 4860 3731 4914 T6

2132 4939 2188 4992 δέ
2209 4957 2222 4970 ·
2250 4958 2267 4989 ι
2292 4940 2476 4993 Πάντα
2503 4939 2570 4993 δι’
2597 4942 2761 4996 αὑτοῦ
2791 4944 3025 5012 ἐγένετο,
3055 4966 3072 4997 ι
3104 4947 3319 5003 ᾶπαντα
3354 4950 3727 5021 περιγράφει.

2133 5029 2209 5091 ὡς
2241 5028 2336 5080 καὶ
2369 5029 2462 5081 τοῦ
2514 5030 2826 5102 Πνεύματος
2868 5036 2964 5088 σὺν
3016 5037 3149 5089 πᾶσι
3190 5038 3469 5105 ταγέντος,
3519 5041 3571 5091 εί
3619 5044 3733 5094 καὶ

2139 5119 2370 5191 μεγίστη
2414 5119 2641 5193 δύναμις
2696 5124 2904 5197 ὑπέστη
2972 5128 3109 5198 πρὸς
3154 5129 3537 5200 δημιουργίαν.
3586 5131 3727 5187 Ἀθ.

2137 5207 2286 5264 εἶπεν
2305 5226 2318 5240 ·
2360 5211 2420 5264 Ὀ
2445 5215 2552 5270 τῶν
2588 5216 2723 5271 ὅλων
2750 5219 3050 5290 Δεσπότης,
3076 5221 3105 5273 6
3137 5221 3327 5295 Πατὴρ
3370 5221 3466 5275 τοῦ
3498 5223 3729 5295 Κυρίου

2210 5524 2323 5610 (98)
2348 5525 2426 5610 Ita
2458 5525 2593 5610 Pteg.
2628 5535 2694 5610 et
2714 5528 2855 5610 aug:
2880 5529 2939 5585 ln
2961 5533 3349 5610 caeteris_et_1n_
3381 5530 3550 5586 editis
3605 5548 3732 5593 ncn

2137 5596 2335 5666 legitur
2378 5596 2614 5668 ἁπάσης.
2656 5596 2935 5657 lbid.Bas.
2974 5612 3031 5657 et
3060 5602 3219 5672 Angl.
3256 5603 3570 5657 ἀνάκτισιν.

2211 5665 2317 5725 199)
2352 5666 2483 5739 Reg.
2516 5668 2759 5737 ἐκτίσθη.
