3840 6194
166 312 268 369 693

1290 308 1706 367 DlSPUTATlO
1743 309 2024 365 CONTRA
2065 308 2307 365 ARIUM.

3306 303 3414 360 494

171 424 321 495 (tva
360 423 540 492 Ίησου
571 420 831 494 Χριστοῦ,
863 420 968 475 ὑπὸ
1006 421 1230 491 κτιστῆς
1272 416 1366 475 οῦν
1394 421 1610 490 φύσεως
1637 437 1731 473 κα-

1843 429 1980 474 trem
2016 418 2230 473 Domini
2261 419 2434 474 nostri
2467 417 2596 473 Iesu
2624 416 2850 485 Christi,
2898 431 2930 471 a
2978 423 3161 473 creata
3215 427 3411 475 natura

166 516 571 585 τιλαμδάνεται
601 515 743 567 κατά
764 513 860 579 at;
894 514 1023 581 Ἀρ.
1051 509 1171 565 εἷπε
1190 530 1203 542 ⁸
1230 512 1322 583 Μὴ
1351 513 1559 581 γένοιτο
1584 511 1741 564 τοῦτο

166 608 332 676 φῆσαί
362 606 524 658 me!
553 605 662 657 Καὶ
685 604 796 675 γὰρ
819 603 1087 673 ἀκούομεν
1105 603 1169 656 τὸ
1195 602 1346 675 παρὰ
1368 602 1460 656 τοῦ
1489 604 1741 673 Σωτῆρος

166 698 370 766 λεχθὲν,
402 714 421 745 ι
445 693 1012 763 Οὐδεὶς·ὲπιγινώσκει
1029 693 1120 746 τὸν
1141 693 1269 746 Υἱὸν
1289 695 1339 746 εὶ
1370 692 1445 764 μὴ
1472 695 1500 746 6
1522 694 1736 764 Πατήρ·

164 788 279 841 οὐδὲ
301 787 396 839 τὸν
408 787 633 857 Πατέρα
649 803 733 848 τις
748 782 1099 853 ἐπιγινώσκει
1124 785 1174 835 εἰ
1193 782 1267 854 μὴ
1286 785 1315 836 6
1334 779 1513 846 Υἱόςή
1535 785 1643 838 Ἀθ.
1665 780 1743 837 εἷ-

166 896 261 931 πεν
280 895 295 908 ·
318 879 511 930 Ἔστιν
528 876 625 930 ἀνθ
634 893 836 947 ρωπος,
855 878 1004 939 ὅστις
1024 875 1228 946 ἐκτὸςῆ
1249 875 1395 929 ἔνδον
1414 874 1742 943 γινώσκεται

164 968 295 1039 πρὸς
344 965 443 1019 τοῦ
486 967 621 1019 ἰδίου
670 965 1011 1036 πνεύματος;
1057 965 1147 1017 ναὶ
1200 965 1233 1034 ἦ
1268 964 1364 1029 ob;
1400 966 1517 1033 "Ap.
1551 962 1735 1019 εἶπεν·

172 1056 501 1111 Ἀποστὸλου
538 1058 689 1126 φωνή
723 1058 871 1109 ἐστιν
900 1058 932 1126 ή
965 1056 1249 1124 φάσκουσα
1274 1055 1461 1127 ἕτερον
1502 1054 1577 1127 μὴ
1619 1055 1741 1108 ἐπί-

161 1146 385 1199 στασθαι
420 1145 493 1199 τὰ
536 1145 725 1217 ἐτέρου
770 1144 870 1216 (Ι),
916 1147 964 1198 εἰ
1007 1146 1082 1216 μὴ
1125 1145 1283 1217 μόνον
1341 1146 1741 1217 γινωσκόμενον

158 1238 388 1290 ἕκαστον
421 1237 563 1308 πρὸς
591 1236 686 1289 τοῦ
719 1236 850 1289 ἰδίου
877 1237 1205 1307 πνεύματος.
1230 1238 1340 1291 Καὶ
1368 1237 1484 1301 πῶς
1506 1240 1742 1310 ἐγχωρεῖ

157 1325 304 1390 λέξαι
338 1326 421 1397 μὴ
444 1324 622 1389 οὕτως
660 1325 838 1395 ἕχειν;

219 1438 311 1492 Η.
352 1440 465 1493 Ἀθ.
499 1434 625 1491 εἷπε
647 1458 658 1468 ο
685 1440 791 1491 Τοῦ
812 1439 945 1493 Θεοῦ
973 1435 1067 1494 οὖν
1094 1440 1163 1494 τὰ
1192 1440 1329 1512 βάθη
1355 1441 1441 1506 τίς
1460 1441 1740 1511 γινώσκει,

155 1531 349 1601 κτιστὴ
415 1533 605 1599 φύσις,
641 1531 673 1603 ἦ
706 1532 960 1596 ἀκτιστος
1004 1533 1195 1599 obsta;
1232 1534 1304 1587 Ἦ
1333 1534 1433 1605 τὴν
1484 1533 1741 1587 ἀκτιστον

152 1622 341 1676 οὐσίαν
361 1624 507 1694 πρὸς
520 1624 622 1693 τῆς
642 1623 714 1694 (2)
735 1624 967 1688 κτίσεως
994 1625 1506 1697 καταλαμϐάνεσθαι
1531 1625 1704 1692 λέξεις
1723 1642 1738 1690 ;

152 1714 213 1767 Εἰ
243 1714 303 1767 δὲ
332 1715 477 1785 πρὸς
503 1714 764 1769 ἀκτίστου
812 1715 1006 1782 λέξεις,
1041 1715 1287 1770 λείπεται
1327 1716 1514 1771 λοιπὸν
1547 1717 1743 1788 ὀμοοῦ-

153 1822 265 1858 σιον
300 1804 695 1874 ὁμολογεῖσθαι
728 1806 834 1859 ὑπὸ
866 1807 958 1859 σοῦ
984 1807 1045 1861 τὺ
1102 1808 1255 1876 ἆγιον
1290 1808 1515 1879 Πνεῦμα
1564 1809 1739 1879 Πατρὶ
1774 1837 1813 1891 Β

152 1895 246 1948 καὶ
275 1894 420 1965 Υἱῷ.
452 1894 643 1949 Πάντα
666 1895 776 1965 γὰρ
810 1894 881 1947 τὰ
903 1895 997 1948 τοῦ
1040 1896 1171 1949 Θεοῦ
1204 1898 1298 1950 καὶ
1339 1895 1407 1949 τά
1448 1895 1585 1967 βάθη
1620 1896 1737 1949 ἐπί-

154 2001 346 2040 σταται
389 1985 457 2038 τὺ
501 1984 730 2056 Πνεῦμα
777 1986 839 2039 τὸ
894 1986 1048 2056 ἆγιον
1070 2027 1087 2052 ,
1140 1987 1281 2041 κατά
1326 1988 1418 2041 τὸν
1470 1987 1738 2059 μακάριον

152 2075 368 2131 Παῦλον
408 2075 692 2145 φάσκοντα
710 2093 724 2106 ο
777 2094 796 2128 ι
825 2077 1012 2141 Οὐδεὶς
1058 2077 1359 2148 ἀνθρώπων
1405 2075 1513 2131 οἶδε
1545 2078 1615 2131 τὰ
1644 2077 1737 2131 τοῦ

152 2167 448 2239 ἀνθρώπου
485 2169 537 2220 εἰ
584 2169 661 2240 μὴ
708 2169 771 2221 τὸ
803 2168 1026 2239 πνεῦμα
1075 2169 1170 2223 τοῦ
1228 2168 1515 2241 ἀνθρώπου
1538 2209 1554 2233 ,
1587 2169 1649 2222 τὸ
1681 2170 1738 2221 ἐν

151 2259 333 2329 αὐτῷ·
365 2258 517 2312 οὕτω
550 2261 647 2314 καὶ
677 2259 747 2312 τὰ
792 2260 886 2313 τοῦ
931 2260 1065 2314 Θεοῦ
1102 2261 1279 2324 οὐδεὶς
1308 2261 1448 2330 ἔγνω
1487 2262 1536 2313 εἰ
1571 2261 1647 2333 μὴ
1677 2261 1739 2313 τὸ

149 2348 379 2419 Πνεῦμα
393 2348 492 2400 τοῦ
514 2346 671 2401 Θεοῦ.
698 2348 772 2400 Τὸ
787 2349 896 2418 γάρ
912 2348 1133 2419 Πνεῦμα
1160 2349 1337 2401 πάντα
1354 2349 1549 2419 ἐρευνᾷ
1561 2347 1654 2400 καὶ
1670 2346 1738 2399 τά

155 2440 294 2510 βάθη
325 2441 426 2493 τοῦ
453 2439 615 2494 Θεοῦ.
639 2459 658 2489 ι
691 2441 815 2508 Ἀρ.
847 2437 993 2493 εἷπε·
1025 2440 1105 2493 Τά
1125 2440 1217 2493 τοῦ
1242 2439 1376 2493 Θεοῦ
1397 2439 1573 2493 πάντα
1594 2438 1738 2510 άπερ

152 2530 215 2582 ἂν
234 2530 366 2601 δόξῃ
409 2528 583 2598 αὐτῷ,
617 2528 791 2581 ταῦτα
841 2526 948 2581 οἶδε
982 2528 1043 2582 τὸ
1088 2529 1313 2599 Πνεῦμα
1347 2528 1444 2598 (5),
1492 2526 1736 2580 τουτέστι

151 2622 249 2685 τὰς
278 2621 519 2691 βουλὰς,
575 2620 755 2690 ἇσπερ
799 2618 863 2672 ἂν
914 2619 1247 2691 καταδήλους
1290 2618 1459 2689 αὐτῷ’
1486 2620 1684 2690 ποιήσῃ
1709 2618 1737 2668 6

152 2712 303 2776 Θεός.
356 2713 482 2766 Ἀθ.
518 2705 708 2764 εἶπεν·
749 2711 955 2765 Οὐκοῦν
984 2711 1137 2765 οὐδὲν
1174 2710 1433 2783 περισσὸν
1477 2710 1633 2774 δίδως
1659 2709 1738 2780 τῷ

152 2803 437 2873 Πνεῦματι
470 2803 627 2873 παρὰ
656 2803 717 2855 τὸ
742 2803 898 2870 γένος
930 2802 1038 2857 τῶν
1065 2802 1389 2873 ἀνθρώπων.
1420 2803 1485 2855 Εἰ
1518 2802 1736 2872 ποιήσει

149 2897 258 2968 γὰρ
276 2896 521 2966 πρᾶγμα
541 2894 570 2945 ὁ
589 2893 844 2958 Θεὸς,ἐὰν
866 2893 939 2965 μή
966 2892 1289 2964 ἀποκαλύψῃ
1310 2895 1421 2955 τοῖς
1438 2890 1642 2954 δούλοις
1659 2891 1733 2959 (4)

148 2986 313 3041 αὐτοῦ
342 2989 464 3050 τοῖς
493 2988 822 3056 προφήταις.
859 2987 980 3054 Ἀρ.
1005 2981 1157 3038 εἶπεν
1176 3000 1192 3014 ·
1225 2986 1300 3037 Οὐ
1334 2985 1483 3037 δοκεῖ.⁹
1516 2999 1596 3036 σοι
1625 3001 1643 3033 ι
1665 2982 1737 3035 τὰ

145 3078 239 3133 τοῦ
266 3078 407 3132 Θεοῦ
436 3078 620 3132 πάντα
642 3097 661 3129 ι
691 3076 789 3141 τὰς
814 3077 1006 3148 βουλάς
1037 3076 1202 3130 αὐτοῦ
1230 3072 1404 3142 εἶναι;
1432 3078 1550 3131 Ἀθ.
1578 3070 1697 3129 εἷπε
1716 3092 1730 3105 ·

1840 511 2262 581 comprehendi?
2288 513 2383 563 Ar.
2436 510 2593 566 Absit
2627 519 2687 564 ιιι
2740 510 2854 565 haec
2907 525 3148 581 unquam
3194 511 3411 568 dicam!

1839 600 1952 656 Nec
1982 600 2127 655 enim
2164 600 2479 669 ignoramus
2511 598 2658 670 quod
2689 598 2939 655 Salvator
2963 601 3164 656 dixerit
3197 620 3212 656 :
3252 620 3272 653 ι
3309 601 3415 656 Νο-

1840 707 1931 746 ιιιο
1960 693 2246 761 cognoscit
2278 690 2498 757 Filium,
2554 693 2663 749 nisi
2713 692 2899 760 Pater;
2964 709 3144 764 neque
3194 693 3412 749 Patrem

1842 782 1969 850 quis
1998 781 2169 845 novit,
2212 781 2319 835 nisi
2366 780 2538 837 Filius
2569 782 2636 836 ⁸ο.
2679 800 2699 835 ι
2737 782 2862 838 Alit.
2908 782 3075 837 Estne
3108 783 3291 849 homo,
3320 785 3415 854 qui

1843 871 1980 926 foris
1999 878 2054 925 et
2082 873 2232 927 intus
2259 887 2289 925 a
2315 873 2537 942 proprio
2560 882 2924 944 cognoscatur
2943 874 3169 943 spiritu,
3200 875 3416 929 annon?

1841 963 1940 1017 Ar.
1968 962 2082 1017 Vox
2114 970 2199 1018 est
2229 962 2476 1032 Apostoli
2506 950 2704 1022 aientis
2734 965 3007 1020 neminem
3037 979 3100 1020 ea
3135 981 3255 1035 quae
3274 967 3413 1021 alte-

1842 1053 1960 1109 rius
1985 1061 2112 1108 sunt
2142 1068 2492 1123 cognoscere,
2521 1054 2617 1110 sed
2647 1070 3095 1135 unumquemque
3137 1064 3349 1110 tantum
3383 1071 3416 1110 a

1842 1148 2067 1216 proprio
2127 1146 2382 1217 cognosci
2416 1147 2614 1216 spiritu
2644 1150 2713 1205 ⁸¹.
2755 1148 2890 1215 Quis
2928 1164 3056 1205 vero
3085 1165 3285 1220 negare
3310 1165 3415 1204 au-

1843 1237 1991 1293 debit
2012 1238 2087 1292 ita
2112 1253 2171 1293 se
2204 1253 2319 1293 rem
2342 1238 2581 1294 habere?

1911 1438 2002 1493 41.
2022 1438 2060 1493 Λ
2073 1439 2145 1494 th.
2165 1438 2300 1505 Quis
2320 1454 2448 1511 ergo
2464 1438 2556 1494 Dei
2575 1439 2844 1510 profunda
2862 1446 3034 1503 novit,
3053 1446 3307 1495 creatane
3325 1454 3419 1494 na-

1842 1537 1988 1594 tura,
2010 1545 2078 1585 an
2098 1531 2339 1586 increata
2359 1531 2689 1585 substantia?
2705 1530 2785 1586 An
2816 1546 2944 1586 vero
2968 1532 3264 1587 increatam
3282 1532 3412 1587 sub-

1843 1621 2099 1676 stantiam
2118 1636 2150 1674 a
2169 1630 2352 1676 creata
2376 1620 2760 1691 comprehendi
2784 1620 2972 1677 dices?
2988 1620 3141 1687 Quod
3166 1622 3209 1677 si
3230 1623 3300 1678 ab
3326 1623 3412 1676 in—

1843 1722 2025 1767 creata
2042 1710 2427 1782 comprehendi
2441 1712 2794 1782 respondeas,
2811 1720 2981 1767 restat
2998 1713 3164 1783 igitur
3179 1721 3238 1766 ut
3250 1712 3413 1767 conli-

1842 1802 2006 1858 tearis
2034 1800 2295 1872 Spiritum
2322 1809 2571 1856 sanctum
2601 1802 2750 1856 Patri
2779 1813 2832 1857 et
2861 1802 2998 1856 Filio
3025 1819 3147 1858 esse
3174 1803 3412 1858 consub-

1841 1894 2147 1949 stantialem
2157 1935 2171 1949 .
2186 1892 2377 1949 Omnia
2400 1895 2544 1949 enim
2557 1909 2679 1964 qua:
2691 1892 2785 1949 Dei
2799 1902 2927 1949 sunt
2940 1903 2993 1948 et
3007 1894 3124 1965 ipsa
3142 1895 3407 1965 profunda

1842 1985 1946 2041 scit
1961 1983 2199 2054 Spiritus
2219 1993 2443 2043 sanctus
2463 1985 2618 2056 juxta
2638 1986 2856 2041 beatum
2876 1985 3105 2041 Paulum
3137 1987 3370 2042 aientem
3394 2006 3406 2040 :

1845 2094 1863 2126 ι
1883 2074 2052 2130 Nemo
2065 2075 2343 2131 hominum
2356 2078 2639 2147 novitquze
2653 2088 2778 2133 sunt
2792 2077 3166 2143 hominis,nisi
3184 2079 3409 2148 spiritus

1840 2166 2099 2234 hominis,
2122 2168 2213 2239 qui
2243 2168 2300 2221 in
2324 2168 2443 2238 ipso
2474 2177 2592 2223 est:
2618 2170 2698 2223 sic
2731 2169 2896 2223 etiam
2926 2184 3087 2225 nemo
3117 2171 3267 2224 novit
3287 2185 3409 2241 qua:

1841 2266 1970 2315 sunt
1988 2258 2104 2326 Dei,
2121 2258 2484 2331 nisiSpiritus
2501 2258 2618 2314 Dei.
2644 2258 2879 2329 Spiritus
2898 2261 3042 2315 enim
3062 2261 3244 2314 omnia
3264 2276 3409 2315 scru-

1841 2358 2005 2413 tatur,
2020 2350 2181 2403 etiam
2196 2349 2563 2420 profundaDei
2578 2349 2644 2403 ⁸⁸.
2657 2368 2676 2401 ι
2700 2354 2789 2405 Ar.
2805 2348 2998 2404 Omnia
3012 2366 3132 2420 quae
3147 2350 3240 2405 Dei
3255 2360 3407 2416 sunt,

1839 2455 1961 2508 qum
1983 2440 2087 2509 ipsi
2111 2440 2397 2510 placuerit,
2438 2440 2594 2495 novit
2624 2439 2882 2510 Spiritus,
2908 2441 3144 2507 scilicet,
3178 2443 3409 2498 consilia

1839 2544 1961 2601 quae
1975 2531 2025 2586 ei
2042 2530 2331 2587 manifesta
2348 2530 2539 2587 fecerit
2556 2530 2717 2586 Deus.
2734 2534 2862 2586 Ath.
2879 2532 3025 2587 Nihil
3043 2534 3210 2603 igitur
3226 2534 3408 2605 singu-

1840 2625 1954 2679 lare
1969 2623 2166 2679 tribuis
2180 2623 2403 2693 Spiritui
2422 2638 2587 2694 supra
2605 2640 2776 2695 genus
2792 2625 3110 2680 humanum.
3128 2624 3405 2697 Siquidem

1838 2730 1946 2770 non
1966 2715 2128 2771 faciet
2146 2715 2427 2786 quidpiam
2449 2714 2612 2780 Deus,
2634 2718 2739 2771 nisi
2757 2717 3076 2772 revelaverit
3092 2719 3266 2773 servis
3289 2719 3406 2773 suis

1839 2809 2120 2878 prophetis
2139 2808 2206 2860 ⁸⁸.
2258 2808 2356 2861 Ar.
2381 2808 2578 2863 Annon
2608 2809 2707 2863 tibi
2731 2808 2948 2864 videtur
2980 2828 2999 2861 ι
3021 2810 3205 2864 omnia
3234 2809 3349 2874 Dei,
3382 2829 3404 2862 ι

1838 2916 1961 2955 esse
1979 2900 2099 2969 ejus
2124 2900 2389 2955 consilia?
2404 2899 2529 2953 ΑιΙι.
2562 2899 2837 2965 Dicuntur
2853 2919 2873 2953 ι
2896 2902 3077 2956 omnia
3094 2900 3210 2966 Dei,
3232 2920 3252 2954 ι
3278 2916 3405 2956 cum

1837 2992 1958 3060 ejus
1977 2990 2204 3047 effectus
2220 2990 2274 3046 et
2291 3006 2457 3061 opera
2478 2991 2720 3046 visibilia
2738 3001 2791 3047 et
2812 2992 3131 3058 invisibilia,
3148 3000 3264 3047 tum
3283 2992 3408 3062 ejus

1839 3085 2094 3148 consilia,
2119 3085 2403 3154 multaque
2426 3092 2555 3139 sunt
2581 3100 2702 3154 quae
2722 3083 2815 3139 Dei
2845 3085 3206 3155 appellantur.
3247 3083 3406 3139 Nunc

153 3193 172 3223 ι
198 3172 283 3224 Τὰ
303 3171 405 3225 τοῦ
423 3170 561 3224 Θεοῦ
585 3189 603 3220 ι
632 3169 877 3238 λέγονται
910 3187 929 3220 ι
957 3168 1154 3234 πάντα,
1180 3187 1199 3219 ι
1240 3168 1335 3221 καὶ
1358 3169 1412 3221 αἱ
1441 3166 1731 3237 ἐνέργειαι,

1839 3176 1969 3229 mihi
1995 3175 2161 3246 igitur
2183 3176 2343 3231 velim
2378 3176 2553 3241 dicas,
2578 3190 2708 3230 num
2734 3175 2929 3245 spiritu
2947 3175 3208 3240 hominis,
3244 3175 3408 3231 homo

148 3264 242 3316 καὶ
273 3261 346 3315 τὰ
379 3260 666 3332 ποιήματα
709 3258 897 3324 αὑτοῦ,
929 3259 999 3313 τὰ
1036 3259 1207 3329 ὁρατά
1239 3259 1332 3312 καὶ
1369 3257 1437 3312 τὰ
1474 3259 1548 3328 μὴ
1597 3256 1736 3329 ὁρώ-

150 3374 319 3427 μεναο
363 3356 625 3424 λέγονται
666 3354 723 3407 δέ
752 3355 848 3407 καὶ
893 3357 948 3408 αἱ
982 3353 1168 3424 βουλαὶ
1212 3351 1400 3416 αὐτοῦ,
1436 3354 1531 3405 καὶ
1563 3351 1735 3405 πολλά

147 3451 315 3512 ἐστιν,
340 3448 491 3517 ἅπερ
524 3445 850 3516 ὀνομάζεται
894 3443 1052 3498 Θεοῦ.
1100 3444 1237 3497 Εἰπέ
1266 3461 1356 3514 μοι
1383 3437 1475 3497 οὖν
1531 3444 1595 3495 σὺ
1641 3442 1734 3493 ἐπὶ

143 3538 237 3594 τοῦ
268 3537 547 3609 παρόντος
566 3552 581 3567 ⁸
605 3536 695 3604 Τῷ
733 3535 996 3605 πνεύματι
1023 3533 1120 3591 τοῦ
1152 3532 1437 3604 ἀνθρώπου
1468 3535 1497 3586 6
1527 3531 1734 3602 ἀνθρω-

145 3650 244 3696 πος
268 3632 342 3686 τὰ
369 3631 483 3684 ἴδια
513 3628 911 3690 ἀποκαλύπτει,
933 3628 966 3698 ἢ
991 3628 1051 3681 τὸ
1074 3610 1291 3697 πνεῦμα
1322 3625 1417 3679 τοῦ
1439 3623 1729 3698 ἀνθρώπου

143 3727 206 3778 τὸ
236 3729 298 3779 ἐν
326 3721 482 3793 αὐτῷ
514 3721 693 3775 πάντα
724 3721 1009 3774 ἐπίσταται
1044 3718 1136 3787 ἀφ’
1166 3717 1360 3772 ἐαυτοῦ
1392 3717 1459 3771 τά
1497 3717 1731 3788 πραττό-

148 3833 290 3888 μενα
314 3815 428 3868 ὑπὸ
451 3812 549 3867 τοῦ
571 3812 879 3886 ἀνθρώπου,
905 3812 997 3865 ὑπ’
1016 3810 1181 3864 αὐτοῦ
1208 3810 1302 3863 τοῦ
1317 3809 1393 3879 (5)
1422 3809 1731 3879 πνεύματος

140 3909 346 3982 δηλαδὴ
411 3906 732 3976 κινουμένου
759 3904 855 3960 τοῦ
887 3904 1172 3975 ἀνθρώπου
1229 3904 1366 3975 πρὸς
1407 3902 1469 3955 τὸ
1514 3902 1731 3956 ἅπαντα

140 4002 309 4073 δρᾷν,
339 4003 464 4069 'Ap.
499 3996 682 4053 εἶπενσ
731 4000 849 4067 Ἀφ’
882 3997 1077 4052 ἐαυτοῦ
1110 3996 1394 4051 ἐπίσταται
1417 3996 1479 4050 τὸ
1511 3995 1730 4066 πνεῦμα

139 4093 235 4147 τοῦ
291 4090 590 4163 ἀνθρώπου
656 4091 723 4145 τὰ
767 4093 825 4146 ἐν
878 4092 1047 4162 αὐτῷ.
1103 4092 1225 4145 Ἀθ.
1278 4087 1429 4144 εἷπε·
1485 4090 1575 4160 Τῷ
1628 4091 1727 4160 μὲν

142 4184 425 4255 πνεύματι
476 4183 573 4237 τοῦ
622 4183 907 4255 ἀνθρώπου
967 4183 1315 4247 ἀποδέδωκας
1384 4183 1477 4252 ἀφ’
1530 4181 1726 4235 ἐαυτοῦ

139 4276 346 4330 εἰδέναι
377 4275 582 4336 πάντα,
611 4272 687 4343 τῷ
711 4273 770 4326 δὲ
798 4272 1077 4343 Πνεῦματι
1102 4271 1195 4325 τοῦ
1227 4269 1364 4325 Θεοῦ
1420 4269 1543 4324 οὑδέ
1582 4268 1725 4322 οὓτω

140 4363 557 4437 παρεχώρησας
605 4361 748 4432 ἔχειν
785 4362 885 4431 τὴν
948 4361 1178 4429 γνῶσιν;
1220 4360 1367 4432 Πρὸς
1413 4359 1472 4412 δὲ
1515 4357 1726 4419 τούτοις

135 4458 268 4527 λέγε
321 4475 440 4527 μοι,
487 4474 508 4507 ι
551 4455 687 4526 βάθη
747 4453 882 4508 Θεοῦ
909 4474 929 4506 ι
961 4456 1015 4507 τί
1064 4456 1238 4517 νοείς;
1284 4455 1402 4521 Ἀρ.
1447 4452 1521 4521 (6)
1566 4447 1721 4504 εἶπε·

136 4546 369 4619 Πρῶτον
422 4542 731 4614 φιλαλήθως
775 4542 1100 4615 ὁμολογῆσαι
1124 4544 1225 4607 δεῖ,
1272 4542 1355 4595 ὅτι
1395 4543 1572 4596 πάντα
1627 4542 1722 4609 ἀφ’

132 4639 336 4692 ἑαυτοῦ
365 4636 630 4708 γινώσκει
663 4635 732 4689 τὰ
755 4635 850 4689 τοῦ
879 4634 1014 4689 Θεοῦ
1043 4635 1104 4688 τὸ
1147 4634 1396 4705 Πνεῦμα’
1440 4634 1631 4687 ἔπειτα
1665 4634 1723 4687 δὲ

128 4717 217 4783 δεῖ
243 4730 421 4798 φάναι
461 4745 484 4778 ι
523 4726 663 4797 βάθη
694 4726 830 4779 Θεοῦ
855 4745 873 4777 ι
913 4726 975 4777 τὸ
1017 4725 1320 4797 ἀπέραντον
1367 4726 1461 4779 καὶ
1510 4725 1720 4779 ἀκατά-

128 4822 369 4892 ληπτον,
400 4821 541 4891 ὅπερ
569 4818 706 4881 ἐστὶ,
725 4818 818 4872 καὶ
848 4816 1036 4889 ὥσπερ
1054 4818 1200 4871 ἐστὶν
1215 4819 1242 4870 6
1269 4817 1401 4881 Θεός
1415 4818 1491 4888 (7)
1507 4833 1522 4848 ⁸
1545 4817 1718 4871 ταῦτα

126 4912 342 4964 ειδέναι
373 4911 541 4979 φημί.
594 4910 703 4962 Ἀθ.
735 4903 921 4962 εἶπεν
960 4909 1024 4961 Εἰ
1056 4904 1148 4962 οὖν
1179 4908 1240 4961 τὸ
1265 4909 1575 4978 ἀπέραντον
1625 4910 1716 4962 καὶ

126 5000 551 5070 ἀκατάληπτον,
573 4999 666 5051 καὶ
697 5000 834 5069 ὅπερ
866 4999 983 5050 ἐστί
1006 4998 1098 5051 καὶ
1128 4996 1203 5060 ὡς
1233 4997 1349 5049 ἔστι
1379 4988 1552 5050 ταῦτα
1584 4998 1715 5067 φὴς,

1834 3266 2038 3320 revelet
2052 3266 2293 3336 propria,
2312 3266 2395 3321 vel
2419 3281 2547 3320 num
2570 3266 2798 3335 spiritus
2820 3264 3081 3328 hominis,
3099 3264 3191 3334 qui
3211 3267 3263 3319 in
3287 3265 3407 3336 ipso

1833 3364 1939 3420 est,
1955 3358 2137 3411 omnia
2154 3373 2217 3410 ex
2252 3356 2433 3426 seipso
2452 3355 2665 3411 noverit
2684 3370 2805 3424 qua;
2824 3355 2893 3409 ab
2909 3354 3129 3409 homine
3144 3361 3403 3423 aguntur,

1834 3449 1954 3518 ipso
1976 3448 2228 3502 videlicet
2259 3447 2453 3517 spiritu
2472 3447 2746 3502 hominem
2763 3446 2831 3501 ad
2853 3447 3034 3499 omnia
3059 3446 3265 3517 agenda
3288 3461 3404 3500 mo-

1832 3538 2029 3594 vente?
2059 3541 2152 3593 Ar.
2177 3538 2254 3592 Ex
2290 3540 2471 3608 seipso
2497 3538 2648 3592 novit
2661 3537 2889 3608 spiritus
2918 3537 3177 3601 hominis,
3206 3552 3327 3607 qua:
3347 3536 3405 3592 in

1833 3631 1953 3700 ipso
1982 3638 2110 3685 sunt
2137 3631 2374 3686 homine.
2400 3630 2523 3684 Ath.
2550 3628 2735 3699 Itaque
2756 3629 3012 3684 concedis
3030 3629 3279 3698 spiritum
3302 3628 3404 3682 ho-

1832 3723 1997 3777 minis
2025 3722 2208 3777 omnia
2233 3737 2297 3777 οι
2328 3723 2510 3791 seipso
2531 3735 2886 3791 cognoscere.
2918 3718 3072 3774 Hanc
3100 3727 3280 3774 autem
3309 3735 3405 3775 co~

1830 3814 2128 3883 gnitionem
2162 3810 2391 3882 Spiritui
2424 3810 2518 3866 Dei
2564 3809 3125 3881 denegas?Praeterea
3146 3811 3236 3866 dic
3268 3811 3401 3865 mihi

1828 3904 1958 3973 quid
1977 3920 1995 3953 ι
2016 3901 2282 3973 profunda
2299 3902 2389 3957 Dei
2409 3917 2555 3958 iesse
2568 3901 2871 3972 intelligas?
2885 3901 2923 3953 Α
2933 3918 2978 3955 r.
2993 3900 3177 3956 Primo
3190 3901 3403 3957 sincere

1829 3993 2112 4049 fatendum
2144 3999 2251 4056 est,
2288 3992 2471 4047 omnia
2507 4006 2629 4062 qua:
2650 3991 2745 4047 Dei
2779 3998 2907 4046 sunt
2934 3992 3191 4061 Spiritum
3216 3990 3310 4046 Dei
3335 4006 3401 4046 ex

1831 4084 2013 4154 seipso
2032 4098 2364 4155 cognoscere
2390 4102 2404 4137 :
2430 4083 2626 4138 deinde
2643 4082 2932 4138 dicendum
2957 4091 3041 4137 est
3077 4103 3096 4133 ι
3131 4082 3402 4152 profunda

1828 4176 1948 4242 Dei,
1978 4196 1998 4229 ι
2033 4193 2157 4232 esse
2189 4184 2243 4232 et
2268 4174 2415 4246 quod
2454 4175 2700 4230 infinitus
2724 4174 3404 4245 sitet'incomprehcnsus,

1827 4269 1974 4339 quod
1993 4270 2121 4324 item
2139 4276 2223 4325 est
2243 4275 2296 4323 et
2313 4265 2769 4338 quemadmodum
2798 4278 2882 4322 est
2900 4265 3041 4320 Deus
3065 4285 3077 4319 :
3105 4267 3220 4321 haec
3247 4267 3401 4320 illum

1828 4376 1993 4416 nosse
2010 4359 2157 4415 dico.
2179 4360 2303 4414 Ath.
2321 4358 2379 4413 Si
2402 4358 2569 4429 igitur
2590 4359 2707 4412 haec
2721 4357 2859 4413 dicis
2885 4372 3028 4419 esse,
3049 4357 3194 4426 quod
3220 4357 3405 4412 inlini-

1830 4460 1919 4508 tus
1945 4453 2017 4508 sit
2035 4461 2089 4508 et
2114 4452 2625 4523 incomprehensus.
2648 4450 2793 4520 quod
2822 4450 2948 4505 item
2968 4458 3053 4504 est
3073 4459 3127 4504 et
3147 4449 3382 4520 quemad

1830 4544 2052 4598 modum
2081 4551 2166 4598 est
2218 4563 2231 4596 :
2274 4542 2443 4599 Deum
2488 4542 2680 4613 utique
2722 4542 2872 4597 dices
2923 4557 2953 4595 ιι
2983 4550 3166 4597 creata
3207 4552 3389 4597 natur:

1830 4632 2236 4702 comprehendi.
2252 4632 2405 4699 Quod
2421 4632 2466 4688 si
2486 4646 2677 4687 verum
2693 4640 2798 4697 est,
2817 4644 2927 4687 non
2949 4633 3184 4702 amplius
3203 4647 3399 4687 secun»

1828 4723 1956 4776 dum
1973 4728 2027 4778 te
2044 4722 2185 4779 Deus
2200 4725 2306 4778 erit
2322 4724 2828 4795 incomprehensus.
2845 4723 3090 4793 Namque
3108 4724 3153 4779 si
3173 4723 3315 4778 Deus
3333 4724 3401 4777 ab

1826 4815 2011 4884 aliqua
2025 4822 2209 4870 creata
2228 4822 2444 4883 natura,
2460 4817 2717 4887 quaelibet
2733 4816 2823 4869 illa
2845 4815 3027 4881 fuerit,
3044 4816 3396 4886 comprehen-

1827 4905 1998 4969 ditur,
2028 4915 2175 4960 certe
2188 4906 2680 4977 incomprehensus
2692 4906 2797 4962 dici
2818 4922 2923 4961 non
2937 4915 3137 4977 potest.
3155 4908 3193 4959 Α
3205 4923 3251 4961 r.
3265 4905 3394 4961 Pro-

1826 5001 1907 5051 ler
1937 4997 2069 5051 mihi
2111 4998 2485 5053 testimonium
2517 5014 2584 5053 ex
2610 4998 2816 5054 sanctis
2855 4996 3179 5069 Scripturis,
3209 5013 3392 5068 quem-

202 5183 255 5215 ”
297 5178 493 5235 Matth.
528 5195 617 5242 ιι,
652 5178 741 5232 27.
816 5179 858 5209 ⁸¹
888 5177 905 5231 l
936 5177 1062 5233 Cor.
1103 5194 1175 5244 ll,
1210 5178 1297 5233 11.
1370 5179 1418 5210 ⁸²
1456 5178 1585 5234 ibid.
1612 5178 1697 5245 ll,
1729 5204 1731 5210 λ

1892 5180 1937 5211 ⁸⁸
1960 5180 2128 5235 Amos
2164 5196 2264 5247 ιιι,
2306 5180 2359 5234 7.

122 5358 305 5486 “41),
319 5357 663 5437 Basiliensis.
692 5317 1022 5426 Anglicanus
1051 5366 1103 5412 et
1130 5356 1502 5426 Augustanus.
1524 5356 1708 5427 ἐτέρου

240 5443 449 5486 Wa.
480 5425 617 5481 lbtd.
652 5426 784 5486 Reg.
813 5427 846 5486 ἦ
879 5427 1058 5486 μόνον.
1101 5428 1237 5486 Aug.
1267 5429 1316 5479 si
1349 5428 1531 5486 μόνον.

399 5443 449 5481 υ.
480 5425 617 5481 Ibid.
652 5425 846 5497 Regéﬁ
879 5427 1058 5497 μόνον.
1101 5425 1237 5497 Aug.
1267 5429 1316 5479 ει
1349 5428 1531 5497 μόνον.

206 5445 234 5483 υ
399 5445 449 5481 δ.
480 5445 617 5481 ιοιο.
654 5445 784 5497 neg.
813 5445 846 5491 η
879 5445 1058 5497 μονον.
1101 5445 1237 5497 aug.
1267 5445 1316 5479 ει
1349 5445 1531 5497 μονον.

206 5445 287 5567 (ἑ)
316 5497 463 5619 Διιὲιὲ
486 5497 594 5567 πρὸ
633 5498 752 5567 τῆς.
785 5496 951 5549 Paulo
969 5504 1109 5564 post,
1152 5497 1206 5551 in
1240 5497 1429 5552 eodem
1473 5497 1585 5551 hac
1616 5497 1706 5552 de-

206 5578 286 5619 nt.
316 5567 381 5619 Et
502 5566 639 5619 πρὸς
666 5567 921 5619 ἀκτίστου
958 5566 1167 5619 λέξεις.
1205 5576 1427 5619 nronter
1462 5569 1706 5619 ὁμοιοτέ-

121 5566 286 5630 sunt,
316 5567 381 5620 Ει
406 5566 463 5619 δὲ
502 5566 639 5636 πρὸς
666 5567 921 5621 ἀκτίστου
958 5566 1167 5632 λέξεις,
1205 5576 1427 5637 propter
1462 5569 1709 5638 ὁμοιοτέ-

119 5641 343 5696 λευτον.

206 5710 283 5778 (5)
310 5706 453 5776 Aug.
480 5707 637 5761 τοῦτο
663 5707 718 5760 δὲ
753 5702 857 5759 οἶδε
890 5706 949 5759 τὸ
970 5706 1124 5774 ἅγιον
1152 5705 1390 5779 Πνεῦμα.

1886 5358 1962 5430 (ὓ
1990 5360 2130 5430 Aug.
2160 5357 2677 5430 (inconsulti-daein}

1887 5428 1965 5497 (5)
1990 5428 2129 5498 Aug.
2174 5431 2264 5481 ὑπ’
2298 5428 2545 5483 αὑτοῦδέ
2570 5429 2684 5480 τοῦ.

1888 5498 1965 5571 (ἐξ)
1994 5497 2129 5568 Aug.
2166 5498 2328 5571 ἐχειν.
2360 5498 2599 5571 Ἀρειος.
2628 5497 2848 5571 omissis
2877 5500 3240 5571 intermediis.

1888 5567 2132 5651 qrAug.
2161 5570 2269 5649 Καῇ
2296 5567 2591 5654 ι’ὂῖτερὲοςτὶζ
2609 5567 2793 5630 καὶὼς
2818 5570 2989 5654 ἔστιν,
3018 5569 3391 5654 Ἀθαι-ἁσιρςι.

1816 5638 2005 5712 Ταῦτά
2041 5655 2173 5707 φησι
2211 5638 2301 5691 τὸν
2329 5638 2459 5692 Θείν
2498 5638 2604 5693 ὑπὸ
2657 5643 2877 5712 κτιστῆς
2917 5643 3152 5712 φύσεως
3205 5640 3396 5697 multis

1819 5709 2063 5765 omissis.
