3860 6200
430 297 540 356 495
1565 283 1623 339 S.
1667 277 2136 337 ATHANASIUS.
2178 308 2250 320 ——
2291 274 2568 331 SPURIA.
3595 267 3708 330 ‘96

437 408 729 468 admodum
758 406 825 461 de
859 402 999 459 Filio
1041 401 1244 465 fecisti,
1295 415 1404 471 quo
1439 399 1701 455 ostendas
1748 396 2013 468 Spiritum

2126 393 2207 447 τὸν
2222 392 2355 446 Θεὸν
2388 390 2494 443 ὑπὸ
2519 389 2742 460 κτιστῆς
2765 390 2979 460 φύσεως
3000 388 3512 462 καταλαμϐάνεσθαι
3534 390 3705 462 ἐρεῖς.

441 506 550 559 Deo
597 517 720 557 esse
755 495 1305 554 consubstantialem.

2126 487 2186 539 Εἰ
2234 485 2292 538 δὲ
2334 483 2479 537 τοῦθ’
2526 481 2699 544 οὕτως
2747 480 3113 556 ἔχεινούκέτι
3163 481 3547 553 ἀκατάληπτός
3588 483 3710 537 ἐστι

437 552 581 649 ξᾷἑά
603 552 917 661 σέῖ-Τὸήγὰρ
950 589 1086 660 πρὸς
1127 586 1246 650 οἵας
1288 585 1476 657 δήποτ’
1517 578 1608 637 οῦν
1657 578 2178 652 καταλαμϐάνεσθαι
2208 576 2437 647 κτιστῆς
2463 574 2679 644 φύσεως
2739 573 2831 625 τὸν
2859 552 3011 639 Θεὸν,
3044 575 3106 628 οὐ
3167 552 3407 628 δύναται
3451 573 3711 643 λέγεσθαι

437 685 837 752 ἁκατάληπτος.
864 683 983 748 Ἃρ.
1020 675 1141 732 εἶπε
1164 693 1176 706 °
1210 676 1310 740 Δός
1343 693 1433 747 μοι
1474 673 1785 747 μαρτυρίαν
1835 674 1899 724 ἐκ
1935 669 2045 723 τῶν
2083 670 2256 739 ἁγίων
2297 666 2531 739 Γραφῶν
2551 707 2565 731 ,
2612 665 2688 729 ὡς
2716 667 2849 737 περὶ
2876 666 2972 719 τοῦ
3004 664 3136 720 Υἰοῦ
3186 666 3285 737 (8),
3319 667 3400 720 ὃτι
3424 665 3712 737 ὁμοούσιον

437 781 695 852 τυγχάνει
722 779 783 831 τὸ
810 775 1036 847 Πνεῦμα
1067 772 1161 827 τοῦ
1188 769 1346 826 Θεοῦ.
2506 848 2526 852 Α,
3562 780 3573 785 -

630 872 754 928 Ath.
794 870 1068 941 Scriptum
1109 875 1194 923 est
1242 868 1299 922 in
1332 868 1450 939 lege
1483 866 1580 922 Dei
1613 884 1625 920 :
1664 884 1682 918 ι
1714 862 1834 919 Non
1869 877 2023 918 assu-

2193 854 2284 909 42.
2329 854 2439 908 Ἀθ.
2476 848 2597 906 εἷπε
2620 869 2633 881 ’
2666 853 2983 925 Γέγραπται
3016 854 3076 907 ἐν
3107 851 3187 924 τῷ
3217 854 3366 924 νόμῳ
3403 853 3498 906 τοῦ
3533 854 3675 907 Θεοῦ
3696 873 3709 886 °

438 979 555 1020 mes
588 978 787 1018 nomen
821 961 1036 1016 Domini
1082 959 1177 1015 Dei
1221 959 1300 1013 tui
1353 959 1409 1012 in
1452 972 1653 1013 vanum
1698 970 1845 1011 :nec
1873 953 2018 1009 enim

2128 963 2148 998 ι
2183 946 2256 998 Οὐ
2289 944 2435 1019 λήψῃ
2468 945 2530 998 τὸ
2580 944 2751 1015 ὄνομα
2784 946 2990 1016 Κυρίου
3026 945 3121 999 τοῦ
3159 944 3295 998 Θεοῦ
3341 963 3435 999 σου
3467 947 3562 999 ἐπὶ
3602 965 3712 1017 μα-

438 1055 658 1112 habebit
704 1056 976 1110 insontem
1018 1052 1282 1106 Dominus
1335 1066 1462 1106 eum
1511 1051 1604 1120 qui
1661 1047 2022 1118 assumpserit

435 1164 639 1206 nomen
668 1147 883 1201 Domini
910 1144 1004 1199 Dei
1039 1145 1124 1199 sui
1164 1143 1369 1198 frustra
1393 1141 1459 1196 ⁸⁸,
1503 1161 1521 1194 ι
1559 1140 1837 1211 Scriptum
1883 1153 2021 1209 quo-

437 1257 544 1313 que
581 1241 648 1296 dc
687 1238 894 1310 Spiritu
939 1237 1247 1307 reperimus
1279 1233 1584 1290 Salvatoris
1619 1232 2015 1289 testimonium.

441 1333 531 1388 Sic
574 1334 719 1388 enim
763 1331 829 1385 ad
862 1330 1003 1385 ﬁlios
1050 1328 1339 1383 Bcelzebul
1384 1328 1645 1398 loquitur,
1694 1325 1787 1394 qui
1839 1325 2017 1394 ipsum

439 1426 769 1481 contumelia
808 1423 1065 1477 volebant
1101 1419 1316 1475 allicere
1352 1440 1365 1474 :
1403 1438 1422 1470 (
1453 1418 1625 1473 Omne
1676 1432 1902 1487 regnum
1962 1416 2019 1469 in

441 1537 500 1577 se
524 1518 759 1573 divisum
809 1515 1112 1577 desolatur,
1157 1521 1213 1567 et
1254 1512 1436 1568 omnis
1466 1511 1663 1565 civitas
1697 1512 1782 1564 vel
1824 1508 2020 1563 domus

445 1608 605 1680 179
635 1610 689 1662 in
744 1621 803 1662 se
832 1604 1031 1670 divisa,
1081 1602 1246 1658 cadit.
1280 1600 1347 1655 Et
1394 1600 1444 1655 si
1487 1598 1719 1655 Satanas
1756 1597 2015 1652 Satanam

437 1701 607 1770 ejicit,
641 1707 695 1754 et
717 1698 1005 1753 adversum
1028 1710 1087 1751 se
1108 1692 1411 1750 insurrexit
1438 1699 1493 1747 et
1524 1692 1734 1746 divisus
1758 1698 1866 1755 est,
1889 1705 2021 1759 quo-

438 1791 601 1845 modo
623 1803 754 1860 ergo
783 1788 950 1843 stabit
975 1801 1199 1857 regnum
1223 1783 1377 1854 ejus?
1402 1783 1509 1837 Aut
1536 1781 1813 1853 quomodo
1837 1787 2016 1851 potest

438 1883 729 1953 quisquam
766 1894 897 1935 vasa
947 1878 1106 1933 fortis
1155 1878 1415 1947 diripere,
1449 1875 1558 1930 nisi
1599 1873 1752 1945 prius
1791 1873 2014 1928 domum

439 1975 743 2044 ingressus,
781 1971 977 2025 fortem
1019 1967 1289 2040 ligaverit,
1320 1974 1374 2023 et
1405 1973 1596 2037 postea
1634 1965 1856 2019 domum
1894 1963 2016 2032 ejus

2124 1039 2261 1109 ταίῳ
2282 1056 2296 1070 ’
2332 1039 2392 1090 οὑ
2420 1037 2529 1108 γάρ
2575 1035 2649 1108 μὴ
2679 1037 2950 1108 καταρίσῃ
2978 1038 3185 1112 Κύριος
3230 1036 3321 1091 τὸν
3363 1038 3713 1108 λαμϐάνοντα

2124 1131 2184 1183 τὸ
2215 1130 2386 1200 ὄνομα
2415 1128 2579 1182 αὑτοῦ
2622 1129 2718 1181 ἐπὶ
2754 1129 2989 1199 ματαίῳ.
3031 1149 3050 1182 ι
3092 1130 3205 1184 Καὶ
3236 1132 3365 1201 περὶ
3404 1130 3500 1184 τοῦ
3534 1130 3711 1184 Πνεύ-

2127 1239 2297 1293 ματος
2334 1222 2663 1293 εὑρίσκομεν
2691 1221 3076 1292 γεγραμμένον
3129 1223 3266 1294 πρὸς
3285 1221 3378 1276 τοῦ
3432 1223 3706 1294 Σωτῆρος.

2124 1315 2264 1384 Φησὶ
2296 1313 2406 1385 γὰρ
2462 1314 2600 1383 πρὸς
2650 1315 2780 1377 τοὺς
2834 1312 2927 1366 τοῦ
2964 1314 3292 1379 Βεελζεϐοὺλ
3340 1315 3523 1380 υἱοὺς,
3583 1317 3713 1380 τοὺς

2126 1405 2432 1477 ἐνυϐρίζειν
2500 1404 2754 1469 θέλοντας
2806 1405 3004 1460 αὐτόν’
3056 1425 3075 1457 ι
3118 1407 3275 1459 Πᾶσα
3323 1406 3570 1477 βασιλεία
3623 1408 3713 1478 ἐφ’

2126 1498 2329 1569 ἑαυτὴν
2365 1498 2440 1568 (9)
2478 1497 2800 1569 μερισθεῖσα
2825 1497 3151 1569 ἐρημοῦται,
3185 1498 3280 1552 καὶ
3317 1500 3465 1553 πᾶσα
3489 1499 3648 1564 πόλις
3673 1500 3711 1573 ἡ

2117 1591 2264 1645 οἰκία
2305 1590 2625 1661 μερισθεῖσα
2659 1590 2781 1645 καθ’
2809 1591 3008 1664 ἑαυτὴν
3049 1593 3261 1646 πίπτει.
3302 1593 3414 1645 Kal
3459 1595 3507 1647 εἰ
3535 1593 3565 1644 6
3601 1594 3713 1646 2a-

2118 1682 2285 1744 τανᾶς
2310 1680 2402 1733 τὸν
2431 1663 2680 1734 Σατανᾶν
2708 1663 2980 1745 ἐκϐάλλει,
3025 1683 3120 1735 καὶ
3168 1683 3253 1752 ἐφ’
3289 1682 3478 1736 ἑαυτὸν
3506 1682 3710 1755 ἀνέστη

2118 1772 2212 1824 καὶ
2245 1772 2594 1843 μεμέρισται,
2637 1772 2756 1835 πῶς
2795 1768 2888 1826 οῦν
2922 1773 3247 1845 σταθήσεται
3277 1772 3440 1827 αὐτοῦ
3474 1776 3508 1845 ἡ
3556 1774 3715 1846 βασι-

2117 1863 2236 1916 λεία
2260 1881 2274 1929 ;
2302 1864 2373 1916 Ἢ
2403 1863 2520 1927 πῶς
2553 1863 2775 1918 δύναταί
2798 1882 2884 1928 τις
2908 1865 2979 1918 τὰ
3002 1864 3170 1936 σκεύη
3197 1865 3291 1919 τοῦ
3318 1866 3536 1938 ἰσχυροῦ
3557 1867 3717 1939 διαρ-

2120 1956 2310 2023 πάσαι,
2340 1957 2435 2009 ἐὰν
2468 1957 2542 2027 μὴ
2574 1956 2858 2028 πρότερον,
2890 1958 3154 2041 εἰσελθὼν.
3180 1961 3237 2012 ἐν
3259 1961 3326 2030 τῇ
3368 1959 3534 2031 οἰκίᾳ,
3571 1959 3713 2030 δήσῃ

440 2064 764 2135 diripuerit?
795 2062 861 2115 Et
892 2062 941 2117 si
976 2075 1078 2131 ego
1112 2061 1167 2114 in
1200 2060 1485 2115 Beelzebul
1531 2057 1694 2126 ejicio
1722 2056 2011 2118 daemonia,

2126 2051 2205 2103 τὸν
2230 2051 2468 2125 ἰσχυρὸν,
2503 2052 2597 2104 καὶ
2618 2051 2739 2104 τότε
2756 2051 2858 2119 τὴν
2880 2051 3057 2103 οἰκίαν
3083 2050 3246 2104 αὐτοῦ
3268 2050 3554 2121 διαρπάσει
3573 2051 3715 2121 (10);

442 2156 536 2210 filii
570 2157 736 2211 vestri
764 2158 819 2208 in
853 2168 963 2224 quo
991 2152 1294 2222 ejiciunt?»
1324 2150 1392 2205 Et
1418 2150 1580 2221 paulo
1599 2160 1724 2219 post
1749 2147 1974 2217 subiicit
1999 2164 2012 2200 :

447 2266 466 2299 ι
505 2245 634 2302 Ideo
677 2245 801 2301 dico
849 2244 1024 2307 vobis,
1054 2257 1217 2297 omne
1256 2249 1545 2312 peccatum
1584 2248 1640 2296 et
1678 2239 2019 2310 blasphemia

442 2338 750 2393 remittetur
781 2335 1098 2390 hominibus
1133 2353 1145 2387 :
1190 2333 1432 2403 Spiritus
1468 2342 1647 2387 autem
1681 2331 2020 2401 blasphemia

442 2445 552 2485 non
589 2428 914 2483 remittetur.
947 2425 1011 2480 Et
1041 2425 1357 2497 quicunque
1392 2424 1592 2479 dixerit
1620 2424 1847 2478 verbum
1890 2437 2022 2477 con-

442 2531 526 2576 tra
555 2520 754 2575 Filium
786 2519 1044 2583 hominis,
1080 2519 1388 2573 remittetur
1413 2517 1464 2573 ei
1494 2535 1508 2572 :
1533 2515 1626 2587 qui
1663 2522 1845 2570 autem
1871 2516 2021 2570 dixe-

443 2613 517 2667 rit
576 2621 768 2667 contra
811 2610 1073 2681 Spiritum
1123 2620 1402 2672 sanctum,
1462 2623 1572 2662 non
1620 2607 1930 2662 remittetur
1971 2608 2020 2661 ei

443 2716 621 2772 neque
646 2702 699 2755 in
733 2702 837 2755 hoc
863 2700 1066 2755 saeculo
1090 2716 1267 2771 neque
1295 2700 1350 2755 in
1380 2699 1567 2754 futuro
1587 2699 1657 2753 ⁸⁵.
1694 2717 1712 2749 ι
1745 2697 1913 2753 Vides
1934 2698 2023 2753 hic

442 2804 500 2849 et
529 2794 586 2847 in
619 2793 805 2847 futuro
854 2792 1054 2848 saeculo
1087 2790 1355 2863 Spiritum
1399 2805 1521 2846 esse
1575 2791 1842 2861 aequalem
1875 2788 2025 2844 Deo?

446 2881 517 2937 Ut
550 2882 695 2936 enim
722 2881 817 2951 qui
847 2881 901 2934 in
932 2879 1104 2936 Deum
1131 2881 1347 2936 Patrem
1382 2878 1594 2951 profert
1622 2879 2023 2950 blasphemiam

444 2986 555 3028 non
573 2973 764 3026 insons
793 2971 1104 3037 habebitur,
1130 2970 1226 3026 sed
1245 2971 1437 3026 aeterni
1461 2971 1713 3041 supplicii
1738 2985 1868 3026 reus
1884 2971 2021 3025 erit:

447 3063 527 3119 sic
556 3072 611 3119 et
636 3062 729 3117 ille
755 3061 850 3133 qui
884 3062 940 3117 in
975 3059 1240 3132 Spiritum
1285 3069 1538 3117 sanctum
1587 3062 1878 3132 protulerit
1910 3062 2026 3116 bla-

447 3155 770 3225 spbemiam,
805 3155 996 3209 aeterni
1038 3153 1249 3226 peccati
1279 3168 1410 3209 reus
1459 3153 1572 3219 flet,
1607 3169 1709 3209 nec
1749 3170 1814 3210 ea
1863 3155 2024 3225 culpa

446 3246 550 3316 ipsi
578 3245 1001 3301 condonabitur.
1021 3244 1156 3299 Nam
1176 3245 1223 3299 si
1250 3259 1445 3300 servus
1478 3254 1647 3310 esset,
1677 3261 2023 3316 nequaquam

448 3339 516 3405 is,
547 3338 638 3408 qui
668 3353 792 3393 eum
817 3336 1137 3401 oﬂenderet,
1173 3343 1380 3391 aeterno
1407 3337 1696 3406 puniretur
1731 3338 2021 3408 supplicio,

2130 2142 2241 2197 Kal
2287 2143 2336 2194 εἰ
2382 2142 2493 2210 ἐγὼ
2522 2144 2579 2195 ἐν
2608 2141 2937 2207 Βεελζεϐοὺλ
2967 2141 3213 2196 ἐκϐάλλω
3241 2143 3310 2195 τὰ
3345 2142 3617 2213 δαιμόνια,
3662 2141 3716 2196 οἱ

2123 2238 2230 2291 υἱοὶ
2281 2236 2435 2308 ὑμῶν
2481 2239 2543 2290 ὲν
2592 2236 2698 2289 τίνι
2742 2236 3102 2303 ἐκϐάλλουσι;
3155 2255 3174 2289 ι
3234 2236 3346 2290 Kal
3395 2236 3511 2307 μετ’
3553 2236 3717 2307 ὀλίγα

2122 2330 2291 2401 φησί·
2329 2348 2348 2381 ι
2390 2328 2489 2382 Διὰ
2514 2329 2672 2382 τοῦτο
2703 2329 2846 2400 λέγω
2867 2331 3016 2401 ὑμῖν,
3043 2331 3127 2383 ὅτι
3161 2332 3313 2384 πᾶσα
3343 2329 3588 2402 ἁμαρτία
3617 2330 3718 2385 καὶ

2123 2421 2443 2492 βλασφημία
2495 2421 2824 2493 ἀφεθήσεται
2876 2424 2989 2485 τοῖς
3033 2421 3375 2494 ἀνθρώποις·
3425 2424 3459 2494 ἡ
3510 2422 3569 2476 δὲ
3614 2424 3718 2477 τοῦ

2123 2513 2446 2583 Πνεύματος
2499 2512 2817 2586 βλασφημία
2870 2515 2971 2567 οὐκ
3003 2513 3354 2586 ἀφεθήσεται.
3408 2516 3518 2569 Καὶ
3557 2515 3619 2579 ὃς
3645 2514 3717 2570 ἂν

2121 2602 2250 2675 εἴπῃ
2276 2602 2432 2671 λόγον
2461 2604 2540 2665 εἰς
2568 2602 2659 2655 τὸν
2694 2602 2821 2656 Υἰὸν
2844 2602 3153 2675 ἀνθρώπου,
3171 2604 3501 2675 ἀφεθήσεται
3530 2604 3712 2674 αὐτῷ·

2121 2690 2181 2753 ὃς
2224 2690 2268 2743 δ’
2308 2688 2373 2743 ἂν
2423 2690 2553 2764 εἴπῃ
2605 2692 2744 2744 κατὰ
2775 2692 2868 2745 τοῦ
2901 2691 3218 2764 Πνεύματος
3253 2693 3349 2746 τοῦ
3393 2694 3575 2761 άγίου,
3611 2695 3716 2748 οὐκ

2124 2777 2456 2851 ἀφεθήσεται
2506 2780 2655 2851 αὐτῷ
2684 2780 2807 2833 οὕτε
2855 2782 2913 2836 ἐν
2934 2782 3011 2852 τῷ
3058 2783 3153 2835 νῦν
3206 2783 3360 2837 αἰῶνι
3392 2783 3514 2836 οὔτε
3547 2784 3608 2839 ἐν
3632 2784 3716 2855 τῷ

2127 2869 2392 2941 μέλλοντι.
2445 2889 2464 2922 ›
2535 2871 2732 2942 Ὁρᾷς,
2783 2871 2865 2925 ὅτι
2908 2874 3003 2925 καὶ
3041 2873 3274 2927 ἐνταῦθα
3326 2875 3567 2946 ἰσότιμον
3615 2875 3715 2928 τοῦ

2122 2957 2259 3011 Θεοῦ
2283 2958 2619 3031 γνωρίζομεν
2647 2961 2707 3014 τὸ
2729 2961 2955 3033 Πνεῦμα
2980 2963 3077 3016 καὶ
3105 2966 3163 3017 ἐν
3192 2964 3270 3036 τῷ
3296 2965 3579 3036 μέλλοντι;
3623 2966 3716 3029 Ὠς

2124 3050 2234 3120 γὰρ
2259 3051 2288 3102 6
2318 3052 2398 3113 εἰς
2421 3050 2512 3103 τὸν
2534 3052 2666 3105 Θεὸν
2692 3052 2911 3124 Πατέρα
2937 3052 3271 3125 βλασφημῶν
3292 3057 3352 3109 οὐ
3376 3055 3718 3128 καθαρισθή-

2126 3143 2278 3193 σεται
2324 3140 2416 3193 τοῦ
2453 3137 2591 3195 εἶναι
2631 3144 2796 3197 αὐτὸν
2826 3146 3045 3198 αἰωνίου
3078 3146 3354 3212 κολάσεως
3385 3147 3591 3218 ἐνοχον,
3621 3148 3717 3202 οῦ-

2124 3248 2203 3284 τω
2260 3233 2355 3286 καὶ
2402 3233 2431 3285 6
2486 3234 2567 3296 εἰς
2608 3232 2669 3286 τὸ
2705 3234 2930 3306 Πνεῦμα
2977 3236 3039 3289 τὸ
3090 3237 3243 3306 ἅγιον
3310 3237 3717 3312 βλασφημήσας

2128 3325 2426 3391 ὑπεύθυνος
2454 3325 2663 3396 γίνεται
2691 3327 2907 3382 αἰωνίου
2946 3328 3242 3401 ἁμαρτίας,
3286 3330 3360 3402 μὴ
3394 3348 3714 3404 συγχωρου-

449 3441 509 3483 ut
549 3430 640 3484 ille
680 3429 775 3499 qui
819 3430 872 3482 iu
908 3429 1208 3484 increatam
1249 3427 1343 3483 Dei
1390 3428 1730 3498 majestatem
1772 3430 2023 3499 blasphe-

2131 3417 2290 3487 μένου
2334 3417 2427 3470 τοῦ
2475 3419 2834 3489 πταίσματος.
2867 3421 2932 3473 Εἰ
2964 3422 3074 3493 γὰρ
3104 3417 3172 3493 ἦν
3197 3421 3402 3489 δοῦλον,
3444 3424 3547 3476 οὐκ
3585 3423 3651 3477 ἂν
3682 3425 3717 3477 ὀ

449 3521 614 3576 miam
656 3522 881 3591 profert.
914 3519 1087 3586 Quem
1119 3534 1250 3575 vero
1292 3519 1382 3573 hic
1422 3518 1516 3573 Dei
1552 3517 1724 3576 Filius
1759 3518 2044 3590 Spirit-um‘

451 3613 545 3666 Dei
581 3612 734 3673 dicit,
763 3612 983 3682 quidam
1026 3626 1056 3667 e
1088 3611 1293 3667 Christi
1324 3610 1610 3681 discipulis
1641 3612 1707 3666 dc
1737 3612 1926 3667 eodem
1954 3614 2031 3666 lo-

452 3718 645 3774 quens,
668 3704 897 3775 digitum
928 3702 1026 3758 Dei
1061 3704 1369 3774 appellavit.
1397 3703 1721 3774 Recogitare
1747 3704 1883 3759 velis
1907 3719 2028 3775 quae

450 3795 518 3850 de
544 3792 682 3848 Filio
706 3795 760 3848 in
786 3794 979 3849 itinere
1003 3794 1279 3864 disputata
1309 3802 1461 3861 sunt,
1486 3794 1840 3865 inveniesque
1870 3803 2029 3850 aeter-

450 3900 576 3941 nam
605 3886 779 3942 sancti
815 3883 1051 3956 Spiritus
1066 3886 1325 3941 virtutem
1351 3886 1875 3942 consubstantialem
1904 3902 2028 3943 esse

448 3975 621 4043 Patri,
646 3991 713 4032 eo
733 3976 877 4046 quod
904 3975 1111 4047 digitus
1137 3975 1321 4032 dictus
1353 3976 1471 4047 ipse
1500 3975 1685 4031 fuerit.
1717 3976 1875 4033 Certe
1900 3993 2026 4033 cum

449 4068 594 4139 magi
630 4069 684 4122 in
723 4066 960 4140 Egypto
992 4067 1103 4123 vim
1129 4067 1389 4122 invictam
1415 4069 1591 4122 sancti
1622 4066 1864 4139 Spiritus
1900 4084 2029 4124 con—

449 4160 575 4215 tuiti
629 4167 836 4223 essent,
869 4160 1319 4214 exclamaverunt
1366 4159 1423 4213 in
1470 4159 1586 4214 haec
1619 4160 1786 4215 verba
1824 4180 1836 4215 :
1869 4180 1886 4212 ι
1928 4160 2027 4216 Hic

449 4251 655 4318 digitus
684 4250 779 4305 Dei
807 4257 892 4305 est
922 4250 988 4305 ⁸⁸.
1027 4269 1046 4303 ι
1072 4250 1290 4317 Quibus
1328 4251 1529 4315 verbis,
1564 4271 1582 4303 ι
1616 4252 1819 4323 digitus
1852 4252 1968 4317 Dei,
2003 4272 2021 4306 ι

449 4343 587 4397 nihil
641 4342 788 4397 aliud
845 4344 1218 4413 agnoscebant
1282 4358 1446 4413 quam
1498 4345 2025 4400 consubstantialem

450 4434 562 4489 Deo
601 4433 752 4488 Patri
812 4434 990 4489 sancti
1038 4433 1281 4504 Spiritus
1310 4435 1589 4498 virtutem,
1627 4444 1821 4490 contra
1863 4451 2026 4506 quam

451 4540 610 4579 nemo
634 4534 719 4579 est
747 4527 840 4594 qui
873 4525 1046 4595 possit
1083 4525 1323 4580 obtueri.
1359 4523 1439 4580 Ne
1467 4541 1598 4581 vero
1625 4527 1752 4596 quis
1783 4527 2028 4597 captiose

449 4616 582 4671 velit
612 4616 962 4679 contendere,
990 4630 1098 4670 non
1125 4624 1271 4671 recte
1290 4615 1345 4669 id
1371 4630 1400 4669 a
1426 4617 1600 4687 magis
1633 4616 1838 4670 dictum
1865 4631 2023 4671 esse:

451 4707 704 4776 apostoli,
732 4707 843 4760 imo
889 4707 1006 4777 ipse
1052 4706 1316 4762 Dominus
1342 4708 1434 4777 qui
1469 4710 1524 4761 in
1570 4708 1678 4762 illis
1726 4715 1865 4775 erat,
1898 4724 2022 4777 qua:

2130 3511 2354 3579 σφαλεὶς
2400 3514 2478 3575 εἰς
2526 3513 2637 3583 (Η)
2666 3512 2812 3577 ¹αὐτὸ
2856 3514 3058 3586 αἰωνίῳ
3104 3515 3321 3569 κολάσει
3363 3518 3715 3587 ἐτιμωρεῖτο,

2126 3600 2316 3674 ὥσπερ
2361 3605 2389 3657 6
2428 3603 2507 3666 εἰς
2551 3604 2649 3674 τὴν
2695 3604 2949 3659 ἄκτιστον
2988 3605 3081 3658 τοῦ
3127 3605 3260 3659 Θεοῦ
3314 3606 3716 3677 μεγαλειότητα

2129 3694 2484 3766 βλασφημῶν.
2540 3696 2718 3768 Ὅπερ
2770 3696 2827 3749 δὲ
2877 3697 3110 3751 ἐνταῦθα
3164 3701 3193 3752 6
3239 3698 3336 3752 τοῦ
3385 3699 3521 3752 Θεοῦ
3582 3699 3715 3764 Υἰὸς

2127 3787 2328 3855 φάσκει
2356 3785 2580 3858 Πνεῦμα
2608 3786 2705 3840 τοῦ
2738 3787 2892 3853 Θεοῦ,
2924 3789 3052 3860 περὶ
3077 3789 3241 3843 αὐτοῦ
3268 3791 3287 3860 (
3296 3790 3377 3861 12)
3410 3808 3493 3854 τις
3520 3791 3715 3845 διαλα-

2126 3876 2236 3931 ϐὼν
2266 3876 2373 3931 τῶν
2407 3878 2664 3949 μαθητῶν
2691 3878 2785 3932 τοῦ
2817 3879 3077 3951 Χριστοῦ,
3112 3881 3374 3934 δάκτυλον
3404 3882 3541 3935 Θεοῦ
3576 3882 3712 3955 ἔφη.

2136 3969 2583 4039 Ἀναλογίσασθαι
2615 3969 2842 4041 θέλησον
2885 3973 2984 4043 τὴν
3020 3972 3149 4044 περί⁵
3176 3972 3268 4027 τοῦ
3305 3974 3437 4027 Υἰοῦ
3469 3977 3716 4029 συνοδοι-

2126 4063 2443 4133 πορήσασαν
2481 4062 2822 4128 συνεξέτασιν
2842 4103 2856 4129 ,
2883 4066 2977 4118 καὶ
3010 4067 3259 4138 εὑρήσεις
3291 4067 3387 4140 τὴν
3419 4069 3586 4125 ἀΐδιον
3614 4072 3716 4125 τοῦ

2127 4155 2280 4224 ἁγίου
2316 4155 2631 4227 Πνεύματος
2672 4155 2900 4227 δύναμιν
2946 4159 3229 4228 ὁμοούσιον
3276 4159 3353 4229 τῷ
3403 4161 3598 4234 Πατρὶ,
3644 4164 3720 4215 ἐκ

2126 4244 2220 4299 τοῦ
2250 4245 2511 4300 δάκτυλον
2551 4247 2681 4300 αὐτὸ
2712 4247 2981 4318 εἰρῆσθαι.
3032 4248 3243 4318 Ἀμέλει
3273 4248 3404 4318 γοῦν
3440 4251 3538 4322 τὴν
3566 4254 3717 4307 ἀκα-

2125 4338 2440 4410 ταμάχητον
2467 4338 2693 4409 δύναμιν
2724 4337 2817 4392 τοῦ
2857 4339 3010 4408 ἁγίου
3043 4341 3360 4411 Πνεύματος
3391 4341 3718 4414 θεωρήσαν-

2124 4446 2217 4492 τες
2248 4431 2295 4482 οί
2337 4429 2500 4500 μάγοι
2528 4431 2586 4482 ἐν
2626 4428 2905 4501 Αἰγύπτῳ,
2941 4431 3115 4484 ἐϐόων
3155 4432 3441 4501 λέγοντεςο
3479 4452 3498 4485 ι
3538 4435 3723 4492 Τοῦτο

2125 4521 2387 4585 δάκτυλος
2408 4522 2543 4575 Θεοῦ
2580 4524 2747 4575 ἐστιν.
2792 4541 2811 4575 ι
2844 4523 3011 4578 Οὐδὲν
3032 4524 3215 4594 ἕτερον
3245 4525 3276 4596 ἢ
3306 4525 3401 4596 τὴν
3427 4528 3721 4598 ὀμοούσιον

2126 4613 2218 4666 τοῦ
2272 4612 2429 4681 ἁγίου
2468 4612 2782 4683 Πνεῦματος
2820 4614 3047 4684 δύναμιν
3090 4615 3421 4686 ὡμολόγουν,
3475 4618 3543 4689 ἢν
3595 4619 3718 4692 ἔχει

2128 4705 2262 4776 πρὸς
2308 4705 2398 4758 τὸν
2435 4705 2567 4758 Θεὸν
2603 4707 2820 4776 Πατέρα
2867 4706 2956 4760 διὰ
3006 4708 3107 4777 τῆς
3137 4706 3232 4761 τοῦ
3273 4709 3535 4764 δακτύλου
3568 4712 3714 4768 Θεοῦ

450 4799 708 4854 dixerunt
756 4798 854 4859 illi,
886 4808 1150 4870 tanquam
1186 4808 1335 4855 recte
1364 4801 1510 4854 dicta
1547 4800 1891 4855 confirmavit
1923 4801 2023 4854 hu~

2133 4797 2337 4867 φωνῆς,
2371 4792 2439 4869 ἦς
2476 4799 2916 4870 ἀντοφθαλμῆσαί
2958 4816 3078 4853 τινα
3126 4800 3406 4856 ἀδύνατον.
3459 4805 3570 4857 Kal
3620 4806 3715 4860 ἵνα

447 4889 688 4961 jusmodi
711 4890 893 4945 verbis
930 4910 944 4946 :
984 4908 1003 4940 ι
1046 4888 1103 4944 Si
1135 4906 1234 4963 ego
1269 4892 1325 4946 in
1357 4892 1528 4962 digito
1570 4890 1667 4946 Dei
1711 4891 1876 4962 ejicio
1908 4890 2025 4946 dae-

450 4980 636 5033 monia
663 4980 730 5034 '7.
759 4997 778 5031 ι

2137 4888 2210 4959 μή
2262 4905 2347 4951 τις
2402 4890 2722 4959 σοφίσασθαι
2751 4890 2919 4945 θέλων
2953 4891 3027 4964 μὴ
3075 4891 3249 4964 ὀρθῶς
3280 4894 3531 4965 εἰρῆσθαι
3574 4898 3724 4967 πρὸς

2130 4979 2241 5034 τῶν
2274 4981 2484 5050 μάγων,
2519 4984 2569 5035 οἰ
2598 4982 2902 5045 ἀπόστολοι,
2939 4984 3137 5054 μᾶλλον
3157 4984 3213 5038 δὲ
3245 4986 3274 5038 6
3301 4986 3360 5039 ἐν
3393 4988 3577 5053 αὐτοῖς
3604 4991 3725 5043 Κύ-

454 5086 588 5142 ριος,
619 5070 696 5134 ὡς
727 5069 902 5142 ὀρθῶς
939 5071 1243 5143 εἰρημένων
1286 5070 1377 5124 ὑπ’
1406 5070 1604 5136 αὐτῶν,
1633 5069 1930 5124 ἐϐεϐαίωσε
1958 5069 2027 5123 τὰ
2066 5070 2324 5142 λεχθέντα
2349 5075 2484 5146 πρὸς
2542 5075 2741 5140 αὐτῶν,
2770 5075 2858 5129 διὰ
2887 5076 2948 5129 τὸ
2986 5078 3079 5130 καὶ
3123 5077 3286 5132 αὑτὸν
3325 5079 3526 5148 φάναιο
3569 5101 3590 5134 ι
3648 5083 3723 5137 Εἰ

453 5166 563 5236 ἐγὼ
594 5168 650 5220 ἐν
679 5167 928 5238 δακτύλῳ
951 5166 1084 5221 Θεοῦ
1119 5166 1364 5221 ἐκϐάλλω
1389 5167 1457 5220 τὰ
1480 5168 1751 5239 δαιμόνια.
1791 5187 1811 5221 ι

522 5280 570 5312 ⁸⁵
608 5279 780 5337 Exod.
818 5298 915 5347 xx,
956 5282 1007 5336 7.
1083 5282 1128 5314 ⁸⁵
1168 5280 1357 5336 Matth.
1395 5297 1501 5365 xu,
1534 5281 1728 5338 25-52.
1805 5283 1851 5315 ⁸⁸
1890 5280 2023 5336 Εχοι

2126 5300 2219 5350 ⁷111,
2267 5286 2355 5340 19.
2431 5288 2475 5320 ⁸⁷
2516 5286 2652 5345 Luc.
2687 5306 2780 5352 ιι,
2811 5290 2902 5346 20.

527 5393 758 5469 (8)_Bas.
806 5394 966 5469 ang].
1014 5406 1069 5469 et
1125 5396 1259 5469 Aug.
1302 5394 1491 5468 ῶσπερ
1539 5398 1634 5451 τοῦ
1678 5397 1830 5451 Υἰοῦ.
1882 5396 2030 5452 Infra

451 5464 589 5537 Aug.
616 5466 673 5537 ἐν
701 5465 849 5536 αὐτῷ
873 5464 952 5536 τῷ
977 5466 1145 5537 νόμῳ.

526 5533 607 5607 (9)
627 5534 764 5607 Aug.
796 5533 933 5607 ἆμφ⁶
964 5533 1154 5607 αὑτήν.

525 5604 639 5673 (10)
676 5604 1138 5679 Αυὲεηδιαρπάσῂ.
1173 5605 1294 5679 Mox
1348 5617 1471 5677 post
1505 5608 1877 5669 ἐκϐάλλουσιν.
1907 5626 2028 5664 om-

453 5686 552 5726 nes
585 5688 716 5728 mss.
752 5675 952 5729 habent
974 5675 1213 5745 Εἰδ”ἐγιῖ›
1236 5680 1293 5731 ἐν
1313 5675 1451 5736 πν...
1478 5679 1755 5749 δαιμόνια,
1778 5695 1901 5753 qua:
1924 5682 2024 5735 dc-

453 5751 584 5797 sunt
609 5743 661 5796 in
684 5744 861 5797 editis.

453 5751 584 5799 sunt
609 5748 661 5796 in
684 5748 861 5799 editis.

2203 5402 2315 5484 με)
2353 5405 2516 5484 Aug”
2534 5405 3036 5484 coonvgopgcoi...
3066 5410 3132 5464 ἂν
3156 5372 3361 5484 ἐσφάλη
3393 5415 3494 5477 εἰς.

2200 5464 2315 5551 (ἰῇ
2341 5464 2514 5551 Angli,
2535 5478 2661 5549 περὶ
2700 5464 2915 5543 αὐτὸύς.
2944 5464 3115 5534 Paulo
3142 5464 3293 5551 post,
3522 5484 3724 5540 ἀναλδ-

2126 5544 2381 5617 γίσασθαι
2415 5544 2662 5617 θέλησον,
2688 5558 2821 5609 etc.,
2859 5552 2936 5604 sic
2969 5544 3415 5609 vertit-Nannius
3448 5544 3467 5607 ε’
3501 5553 3618 5611 Fac
3674 5568 3722 5610 ιι

2126 5615 2305 5698 animo
2329 5615 2540 5698 repetas
2566 5619 2957 5689 inquisitionem
2978 5621 3042 5676 de
3082 5620 3226 5677 Filio
3252 5626 3306 5678 in
3334 5622 3530 5679 Exodo
3557 5625 3721 5683 Iulii-

2126 5694 2256 5751 tam,
2288 5696 2337 5740 et
2363 5694 2614 5755 invenies,
2648 5697 2754 5745 etc.
