3860 6200
165 321 277 380 ἇθἹ

1296 322 1717 381 DISPUTATIO
1788 326 2067 382 CONTRA
2120 329 2360 385 ARIUM.

3317 328 3421 384 498

237 435 330 490 43.
378 437 496 505 Ἀρ.
541 434 696 490 εῐπεο
733 437 864 501 Θεὸς
916 437 1019 492 ποῦ
1052 438 1361 511 γέγραπται
1387 439 1448 492 τὸ
1486 439 1743 512 Πνεῦμα;

1917 444 2006 498 45.
2084 445 2179 498 Ar.
2231 444 2458 499 Ubinam
2507 446 2771 514 scriptum
2824 450 2909 499 est
2986 442 3249 513 Spiritum
3298 457 3424 498 esse

176 524 302 581 Ἀθ.
338 520 460 579 εἷπε
494 543 509 556 θ
552 525 834 598 Πανταχοῦ
878 527 1311 597 ἀπαγγέλλουσιν
1343 531 1398 581 αἱ
1431 526 1572 581 θεῖαι
1604 529 1748 601 Γρα-

167 618 266 687 (pati.
301 618 383 671 ὅτι
418 618 551 682 Θεός
613 619 731 671 ἐστι
780 618 840 671 τὸ
871 618 1023 687 ἅγιον
1066 619 1308 689 Πνεῦμα,
1350 621 1444 673 καὶ
1478 620 1538 673 ού
1579 620 1751 691 κεχώ-

168 723 356 779 ρισται
402 709 499 777 τῆς
542 706 639 759 τοῦ
673 707 829 771 Θεοῦ,
860 708 953 761 καὶ
982 708 1215 779 Πατρὸς,
1251 709 1345 761 καὶ
1374 709 1475 778 τῆς
1504 708 1595 762 τοῦ
1635 711 1749 764 Μο-

164 797 424 865 νογενοῦς
470 798 637 851 αὑτοῦ
683 798 856 868 δόξης.
902 798 1062 867 Λέγει
1116 798 1225 870 γὰρ
1272 800 1475 872 Πέτρος
1530 802 1588 853 ἐν
1629 804 1751 864 ταῖς

166 887 411 961 Πράξεσι
460 889 599 961 πρὸς
651 889 927 943 ’Δνανίανο
969 908 989 941 ι
1044 890 1177 960 Οὐχὶ
1225 890 1383 960 μένον
1436 907 1516 944 σοι
1567 890 1747 962 ἔμενε,

166 981 266 1033 καὶ
301 979 507 1051 πραθὲν
533 982 590 1035 ἐν
612 983 679 1051 τῇ
708 983 772 1052 σῇ
803 980 1019 1051 ἐξουσίᾳ
1058 981 1303 1053 ὑπῆρχε;
1333 980 1385 1035 τί
1420 982 1501 1035 ὅτι
1541 982 1662 1035 ἔθου
1691 984 1749 1035 ἐν

165 1068 235 1135 τῇ
288 1066 490 1137 καρδίᾳ
526 1083 619 1120 σου
661 1068 721 1120 τὸ
759 1068 988 1138 πρᾶγμα
1034 1067 1212 1132 τοῦτο,
1245 1068 1546 1137 ψεύσασθαί
1590 1087 1648 1123 σε
1691 1072 1750 1125 τὸ

163 1154 396 1226 Πνεῦμα
427 1157 489 1208 τὸ
532 1156 721 1225 ἂγιον;
756 1158 868 1210 υύκ
903 1158 1116 1228 ἐψεύσω
1154 1158 1480 1230 ἀνθρώποις,
1510 1160 1644 1214 ἀλλὰ
1670 1160 1748 1232 τῷ

166 1246 308 1316 Θεῷ.
373 1266 394 1299 ι
459 1249 625 1320 Ὀρᾷς
682 1247 797 1314 πῶς
851 1251 909 1303 ἐν
952 1253 1066 1314 τοῖς
1115 1251 1410 1322 ἀνωτέροις
1459 1253 1596 1325 ὅπερ
1642 1252 1745 1324 ἔφη

164 1335 398 1408 Πνεῦμα
446 1337 623 1406 ἆγιον,
660 1340 718 1392 ἐν
748 1342 860 1403 τοῖς
906 1342 1384 1414 μεταγενεστέροις
1427 1341 1531 1415 ἔφη
1583 1345 1744 1410 Θεόν;

166 1430 294 1481 Ἔτι
335 1429 443 1499 μὴν
480 1431 573 1482 καὶ
614 1429 708 1483 τοῦ
744 1431 1014 1502 μακαρίου
1042 1432 1252 1487 Παύλου
1291 1433 1538 1503 λέγοντος
1570 1438 1627 1489 ἐν
1677 1439 1744 1507 τῇ

162 1521 307 1592 πρὸς
330 1522 746 1587 Θεσσαλονικεῖς
766 1524 998 1596 δευτέρᾳ
1014 1525 1299 1596 Ἐπιστολῇ
1324 1525 1495 1591 οὕτως
1515 1544 1561 1578 ἰ
1608 1528 1666 1580 ὐ
1690 1528 1746 1581 δὲ

161 1611 374 1682 Κύριος
421 1613 750 1667 κατευθύναι
784 1613 936 1684 ὑμῶν
988 1614 1100 1684 (l5)
1130 1614 1230 1678 τὰς
1273 1615 1497 1686 καρδίας
1543 1619 1622 1680 είς
1648 1618 1745 1689 τὴν

161 1703 395 1775 ἀγάπην
456 1703 552 1757 τοῦ
616 1704 752 1758 Θεοῦ
820 1705 915 1758 καὶ
975 1708 1056 1770 είς
1140 1706 1239 1779 τὴν
1305 1707 1580 1778 ὑπομονὴν
1652 1708 1744 1761 τοῦ

162 1795 429 1867 Χριστοῦ.
514 1813 535 1848 ι
605 1795 672 1849 Τί
729 1795 904 1860 θέλεις
966 1788 1024 1850 ἐν
1085 1800 1149 1868 τῇ
1190 1799 1473 1869 Ἐπιστολῇ
1526 1799 1752 1869 νοῆσαι;

162 1888 300 1941 Τίνα
377 1886 586 1957 Κύριον
644 1887 1088 1958 ὁνομαζόμενονς
1150 1890 1241 1941 τὸν
1316 1889 1424 1942 τῶν
1492 1889 1745 1943 ἁπάντων

161 1977 437 2048 δεσπότην
477 1977 611 2030 Θεὸν
667 1977 924 2050 Πατέρα,
979 1978 1012 2049 ἢ
1066 1978 1126 2032 τὸ
1178 1978 1402 2050 Πνεῦμα
1446 1979 1509 2031 τὸ
1557 1964 1742 2048 ἅγιον;

163 2067 271 2119 Τὸν
301 2066 406 2137 μὲν
435 2066 543 2138 γὰρ
572 2067 806 2139 Χριστὸν
834 2067 1235 2139 ὑπηρίθμησεν.
1273 2069 1337 2121 Ei
1369 2069 1468 2139 μὲν
1512 2067 1620 2140 γὰρ
1655 2068 1747 2120 τὸν

165 2156 394 2227 Πατέρα
450 2156 798 2228 προτάξειας,
850 2156 984 2221 Θεός
1034 2159 1149 2210 ἐστι
1192 2157 1253 2211 τὸ
1300 2146 1559 2228 Πνεῦμαο
1612 2158 1747 2211 εἰδὲ

161 2249 225 2302 τὸ
257 2249 490 2317 Πνεῦμα
508 2248 1030 2321 προομολογήσειας,
1061 2249 1261 2321 Κύριος
1298 2249 1587 2319 τυγχάνει·
1621 2251 1670 2302 εί
1691 2249 1748 2302 δὲ

164 2342 375 2412 Κύριός
422 2345 559 2408 ἐστι,
611 2343 705 2395 καὶ
752 2342 882 2406 Θεὸς
928 2343 1203 2413 ὑπάρχει·
1254 2342 1565 2412 γέγραπται
1599 2343 1743 2413 γάρ·

170 2453 189 2486 ι
243 2432 391 2502 Ἐγὼ
427 2436 544 2503 εἰμι
575 2433 778 2504 Κύριος
814 2435 843 2486 ὁ
873 2433 1007 2496 Θεός
1043 2450 1159 2486 σου.
1195 2450 1214 2483 ι
1253 2433 1494 2503 Ζήτησον
1533 2431 1611 2495 δὲ,
1655 2435 1749 2486 καὶ

163 2527 427 2597 εύρήσεις
464 2524 778 2595 ἁπανταχοῦ
801 2523 1202 2595 γεγραμμένον,
1227 2523 1309 2575 ὅτι
1333 2523 1426 2576 καὶ
1450 2523 1553 2593 τῆς
1579 2524 1748 2593 αὐτῆς

163 2616 450 2686 ἑνεργείας
481 2616 739 2686 τυγχάνει
760 2615 821 2668 τὸ
849 2614 1074 2684 Πνεῦμα
1100 2613 1162 2666 τὸ
1192 2612 1367 2682 ἅγιον,
1413 2614 1509 2668 καὶ¹
1534 2614 1633 2684 τῆς
1655 2614 1749 2667 τοῦ

164 2707 383 2778 Πατρὸς
414 2707 511 2760 καὶ
533 2704 662 2759 Υίοῦ
696 2705 852 2778 δόξης
883 2706 984 2759 οὐκ
1002 2702 1355 2767 ἀπέζευκται.
1405 2707 1533 2771 Ἀρ.
1594 2701 1744 2758 εἴπεο

163 2799 265 2853 Διὰ
312 2798 368 2851 τί
415 2795 513 2851 οὖν
562 2799 595 2867 ἡ
651 2797 843 2869 Γραφὴ
894 2795 1129 2866 οὐδαμοῦ
1176 2795 1325 2861 λέγει
1373 2797 1632 2866 τιμᾶσθαι
1689 2797 1750 2850 τὸ
1788 2844 1796 2852 .

163 2890 394 2960 Πνεῦμα
435 2890 531 2942 σὺν
556 2888 731 2959 Πατρ)⁵
783 2887 878 2941 καὶ
909 2887 1061 2956 Υίῴ;
1109 2887 1219 2940 Ἀθ.
1272 2882 1457 2939 εἶπεν·
1493 2888 1558 2939 Αἱ
1597 2888 1750 2956 ἆγιαι

166 2983 387 3051 Γραφαὶ
410 2982 590 3034 πάντα
622 2979 770 3049 σαφῆ
795 2978 1166 3047 διαλέγονται·
1198 2979 1277 3041 εἰς
1307 2977 1337 3031 δ
1375 2977 1433 3030 δέ
1459 2978 1625 3048 ἐσμεν
1657 2979 1749 3032 τοῦ

168 3076 263 3127 ἐπὶ
290 3072 583 3143 παρόντος,
620 3074 676 3124 αἱ
720 3071 872 3139 ἆγιαι
903 3070 1159 3141 δυνάμεις
1188 3070 1380 3133 πᾶσαι,
1428 3070 1483 3122 αἱ
1531 3070 1590 3121 ἐν
1637 3072 1750 3134 τοῖς

1854 531 2220 589 Deum7Ath.
2272 534 2490 606 Ubique
2523 536 2719 590 divinae
2775 533 3072 606 Scriptura-3
3127 533 3425 605 praedicant

1853 624 2021 679 Deum
2051 641 2175 680 esse
2207 623 2465 696 Spiritum
2487 632 2758 688 sanctum,
2785 640 2886 679 nec
2916 631 3227 695 separatum
3244 639 3367 679 esse
3391 638 3425 678 a

1851 713 1947 769 Dei
1976 722 2029 770 et
2059 714 2234 771 Patris
2262 724 2317 771 et
2356 715 2631 786 Unigeniti
2679 716 2870 787 gloria.
2906 715 2997 771 Sic
3027 716 3174 771 enim
3226 713 3424 771 Petrus

1852 805 1904 858 in
1931 804 2154 860 Actibus
2187 807 2425 876 loquitur
2456 806 2523 860 ad
2554 805 2861 862 Ananiam:
2894 825 2913 858 ι
2960 804 3153 860 Nonne
3194 819 3423 870 manens

1850 895 1946 949 tibi
1973 897 2242 962 manebat,
2273 907 2327 951 et
2350 896 2741 953 venumdatum
2768 898 2824 952 in
2857 905 2951 953 tua
2973 905 3092 952 erat
3111 894 3425 966 potestate?

1849 987 2030 1054 Quare
2051 989 2283 1058 posuisti
2298 990 2351 1043 in
2375 989 2537 1045 corde
2559 998 2651 1045 tuo
2674 991 2814 1044 hanc
2837 1004 2972 1053 rem,
2996 987 3212 1043 mentiri
3233 995 3285 1041 te
3304 985 3425 1055 Spi-

1848 1079 1977 1131 ritui
2002 1078 2356 1133 sancto?Non
2373 1096 2433 1136 es
2457 1082 2711 1136 mentitus
2734 1078 3170 1141 hominibus.sed
3193 1076 3303 1132 Deo
3317 1077 3384 1132 ⁸³.
3399 1096 3417 1129 ι

1850 1167 2014 1224 Vides
2039 1170 2311 1239 quomodo
2326 1186 2487 1241 quem
2512 1180 2671 1225 antea
2699 1170 2965 1240 Spiritum
2998 1177 3249 1225 sanctum
3278 1167 3427 1223 dixe-

1848 1270 1954 1325 rat,
1985 1262 2233 1317 eumdem
2255 1269 2444 1332 postea
2461 1262 2629 1317 Deum
2661 1262 2932 1332 appellet?
2959 1260 3049 1315 Sic
3077 1260 3204 1315 item
3229 1258 3424 1314 beatus

1848 1349 2069 1415 Paulus,
2103 1351 2340 1421 Epistola
2365 1353 2606 1407 secunda
2631 1353 2697 1406 ad
2740 1350 3261 1407 Thessalonicenses
3285 1350 3425 1406 scri-

1848 1436 1931 1495 bit'
1955 1461 1965 1495 :
1987 1460 2005 1492 ι
2031 1440 2290 1498 Dominus
2312 1450 2492 1498 autem
2515 1443 2715 1513 dirigat
2729 1443 2895 1497 corda
2921 1448 3102 1496 vestra
3117 1442 3170 1495 in
3186 1440 3426 1495 Charita-

1846 1538 1954 1586 tem
1986 1530 2079 1586 Dei
2114 1540 2169 1587 et
2205 1533 2522 1603 patientiam
2578 1533 2785 1587 Christi
2811 1533 2880 1586 ⁸⁸.
2918 1551 2937 1584 ι
2977 1531 3147 1598 Quem
3209 1531 3292 1586 vis
3321 1530 3427 1584 hac

1848 1622 1903 1675 in
1934 1621 2174 1693 Epistola
2198 1624 2537 1694 intelligere?
2563 1622 2737 1689 Quem
2771 1623 3057 1678 Dominum
3093 1622 3425 1692 appellatum

1847 1723 2006 1781 putas
2030 1714 2054 1766 ?
2079 1713 2319 1769 Deumne
2362 1713 2576 1770 Patrem
2609 1730 2793 1768 rerum
2840 1715 3084 1768 omnium
3112 1711 3424 1774 Dominum,

1792 1799 1828 1852 ll
1859 1817 1927 1856 an
1959 1801 2223 1874 Spiritum
2248 1815 2498 1859 sanctum
2517 1805 2540 1857 ?
2559 1801 2695 1857 Nam
2726 1802 3006 1859 Christum
3030 1803 3230 1857 ibidem
3254 1801 3427 1857 nomi-

1846 1895 2014 1948 navit.
2060 1893 2117 1948 Si
2165 1894 2315 1949 enim
2364 1895 2545 1963 priore
2576 1895 2632 1949 in
2679 1895 2804 1949 loco
2853 1892 3072 1949 Patrem
3128 1892 3426 1964 intelligas,

1847 1980 1990 2036 Deus
2037 1989 2188 2037 certe
2247 1990 2331 2038 est
2350 1980 2589 2052 Spiritus
2652 1990 2878 2038 sanctus
2928 2001 2940 2036 :
3005 1981 3093 2036 sin
3159 1979 3426 2050 Spiritum

1846 2081 2097 2128 sanctum
2158 2073 2232 2129 ibi
2276 2076 2412 2131 velis
2469 2076 2788 2146 signiﬁcari,
2826 2076 2943 2145 ipse
2990 2089 3122 2144 ergo
3162 2072 3427 2128 Dominus

1847 2168 1931 2216 est
1956 2180 1969 2215 :
1992 2161 2137 2231 quod
2150 2162 2195 2217 si
2212 2160 2477 2218 Dominus
2491 2170 2595 2230 est,
2615 2162 2757 2216 Deus
2766 2162 3011 2231 profecto
3028 2168 3130 2214 est.
3151 2156 3425 2228 Scriptum

1847 2253 1991 2307 enim
2009 2261 2114 2318 est,
2154 2271 2174 2305 ς
2207 2254 2319 2325 Ego
2349 2270 2469 2309 sum
2520 2253 2782 2309 Dominus
2819 2252 2962 2307 Deus
3012 2260 3141 2307 tuus
3171 2251 3240 2304 ’°.
3278 2269 3297 2302 ι
3334 2248 3425 2302 ln-

1847 2346 2003 2415 quire
2015 2356 2256 2415 porro,et
2275 2347 2474 2416 ubique
2494 2346 2758 2415 scriptum
2782 2344 3028 2399 invenies
3049 2341 3292 2398 eamdem
3317 2341 3426 2393 vim

1802 2504 1809 2511 l
1848 2435 2085 2506 Spiritus
2113 2438 2290 2491 sancti
2312 2453 2457 2503 esse,
2486 2452 2584 2492 nec
2619 2453 2648 2490 a
2673 2436 2853 2491 Patris
2879 2443 2935 2490 et
2961 2432 3081 2489 Filii
3106 2433 3277 2503 gloria
3303 2447 3425 2487 esse

1848 2529 2202 2599 disiunctum.
2238 2529 2339 2584 Ar.
2397 2529 2506 2584 Cur
2562 2544 2692 2598 ergo
2732 2541 3000 2598 nusquam
3031 2524 3107 2578 ait
3142 2522 3427 2593 Scriptura

1851 2619 2112 2691 Spiritum
2134 2636 2258 2677 cum
2290 2620 2450 2676 Patre
2476 2630 2529 2676 et
2560 2619 2698 2674 Filio
2726 2618 3023 2673 honorari?
3048 2615 3175 2669 Ath.
3211 2614 3429 2669 Sanctae

1852 2711 2147 2783 Scriptura:
2173 2714 2355 2767 omnia
2393 2722 2578 2783 aperte
2608 2713 2909 2782 loquuntur
2936 2729 2950 2766 :
2978 2710 3124 2780 quod
3147 2716 3326 2763 autem
3359 2706 3427 2762 ad

1850 2812 2171 2874 praesentem
2201 2811 2412 2874 spectat
2439 2805 2823 2874 quaestionem,
2859 2816 3052 2857 omnes
3082 2808 3286 2856 sanetae
3317 2798 3428 2851 vir-

1851 2900 2018 2959 tutes,
2053 2909 2175 2964 quae
2212 2894 2268 2947 in
2295 2893 2451 2949 caelis
2508 2900 2658 2957 sunt,
2712 2898 2963 2947 sanctum
3020 2888 3283 2958 Spiritum
3315 2926 3329 2950 ,
3369 2894 3430 2939 ut

1851 2984 2010 3041 docet
2039 2985 2230 3047 Isaias,
2254 3001 2380 3040 cum
2404 2984 2565 3039 Patre
2587 2992 2641 3038 et
2662 2981 2802 3038 Filio
2831 2981 3204 3037 indesinenter
3251 2977 3431 3030 hono-

1852 3082 1999 3130 rant.
2034 3078 2128 3132 Ar.
2175 3075 2454 3145 Nusquam
2489 3074 2752 3145 scriptum
2777 3080 2862 3131 est
2886 3071 3149 3143 Spiritum
3177 3075 3429 3124 sanctum

168 3165 449 3235 οὐρανοῖς,
490 3162 785 3226 ἀπαύστως
830 3160 1031 3229 τιμῶσι
1059 3160 1122 3214 τὸ
1167 3160 1319 3228 ὄιγιον
1375 3159 1619 3230 Πνεῦμα,
1673 3161 1748 3225 ὼς

1856 3180 1975 3221 cum
2007 3165 2170 3222 Patre
2196 3176 2250 3222 et
2285 3166 2423 3221 Filio
2452 3166 2733 3221 honorari.

178 3254 413 3317 Ἡσαΐας
448 3251 619 3319 λέγει,
655 3250 752 3303 σὺν
790 3249 965 3322 Πατρὶ
1004 3250 1097 3302 καὶ
1125 3248 1259 3318 Υίῷ.
1295 3249 1416 3315 Ἄρ.
1447 3243 1566 3301 εἷπε
1587 3266 1599 3279 -
1631 3249 1736 3303 Σὺν
1776 3253 1952 3326 Πατρὶ
1982 3257 2077 3311 καὶ
2115 3255 2225 3327 Υίῷ
2281 3257 2343 3310 οὑ
2389 3256 2698 3327 γέγραπται
2736 3253 2973 3325 οὐδαμοῦ
3009 3253 3122 3325 (14)
3169 3248 3428 3321 τιμᾶσθαι

168 3348 231 3403 τὸ
258 3347 418 3415 ἅγιον
448 3344 700 3416 Πνεῦμα.

238 3438 329 3491 44.
386 3438 505 3492 Ἀθ.
546 3433 669 3490 εἷπε
691 3454 704 3466 ·
738 3434 1107 3507 Πεπλάνησαι.
1134 3436 1329 3491 Ἦνίκα
1357 3432 1497 3491 εἶδεν
1529 3437 1755 3500 Ἡσαΐας

170 3529 269 3600 τὴν
295 3529 457 3593 δόξαν
483 3527 714 3600 Κυρίου,
744 3528 838 3581 καὶ
866 3526 938 3580 τὰ
970 3527 1304 3600 στρατόπεδα
1330 3527 1441 3582 τῶν
1471 3528 1642 3596 ἁγίων
1660 3528 1751 3582 δυε-

168 3622 414 3692 νάμεων,
442 3620 495 3673 τί
537 3620 641 3691 ἔφη
672 3620 847 3689 λέγειν
878 3616 1085 3690 βοώσας
1125 3620 1183 3673 ἐν
1207 3623 1326 3684 ταῖς
1370 3620 1541 3684 θείαις
1571 3621 1753 3692 ὑμνῳ-

175 3714 355 3779 δίαις;
412 3712 527 3783 Οὐχ
549 3752 564 3777 ,
600 3730 618 3763 ι
666 3712 892 3780 ⁸Αγιος,’
921 3711 1096 3780 ἅγιος,
1128 3710 1316 3780 ἆγιος;
1360 3730 1380 3764 ι
1429 3710 1528 3765 Διὰ
1557 3712 1610 3764 τί
1633 3711 1756 3765 οὔτε

172 3804 435 3876 ἀνωτέρω
449 3803 542 3857 τοῦ
554 3802 787 3875 ἀριθμοῦ
809 3801 996 3855 τούτου
1016 3802 1309 3856 ἐπανιόντα
1333 3802 1613 3873 ὑμνοῦσιν,
1632 3800 1756 3855 οὔτε

178 3897 254 3968 μὴ
288 3894 590 3966 κατωτέρω
632 3894 985 3948 ὑποϐαίνοντα
1021 3893 1231 3964 μειοῦσι
1272 3892 1364 3946 τὸν
1403 3889 1579 3952 αἷνονς
1612 3893 1757 3946 Πάν-

176 4006 283 4051 τως
308 3985 392 4057 τῷ
435 3986 510 4057 μὴ
554 3985 709 4048 ἐκτὸς
741 3984 842 4054 τῆς
889 3983 1116 4056 Τριάδος
1163 3982 1321 4053 θέμις
1356 3981 1581 4053 τοιούτῳ
1620 3982 1758 4054 γέρᾳ

174 4076 476 4151 τιμηθῆναι
504 4093 647 4141 τινα,
683 4077 816 4147 μήτε
850 4074 1149 4129 ἐλαττῶσαί
1181 4090 1304 4126 τινα
1332 4072 1424 4125 τὸν
1453 4071 1643 4143 ὕμνον,
1670 4073 1758 4126 διὰ

177 4171 273 4242 τὴν
321 4169 489 4237 ἁγίαν
535 4168 629 4222 καὶ
677 4168 952 4239 μακαρίαν
997 4165 1227 4234 θεότητα
1270 4165 1369 4235 τῆς
1409 4163 1657 4236 Τριάδος,
1698 4164 1755 4216 ἐν

180 4262 369 4333 μονάδι
398 4256 568 4314 οὖσαν
596 4259 840 4330 αὐτάρκη
874 4255 1213 4329 (15).¹Έτιδὲ
1249 4255 1343 4308 καὶ
1371 4255 1573 4325 Μωσῆς
1610 4253 1755 4318 τίνος

178 4355 365 4407 ἕνεκεν
402 4353 497 4405 τὸν
530 4350 657 4405 λαὸν
682 4349 906 4415 ἐδίδαξε,
934 4349 1053 4422 τρὶς
1085 4346 1376 4417 κάμψαντα
1400 4346 1493 4399 ἐπὶ
1523 4346 1628 4415 γῆς
1665 4346 1756 4400 τὸν

181 4445 383 4514 αὐχένα
408 4444 507 4498 καὶ
534 4442 603 4496 τὰ
628 4442 847 4511 γόνατα,
879 4438 1255 4509 προσκυνῆσαι
1276 4454 1290 4503 ;
1322 4437 1397 4489 Οὐ
1433 4436 1522 4490 διὰ
1544 4436 1641 4507 τὴν
1662 4438 1759 4506 τῆς

1938 3437 2099 3507 180
2124 3437 2213 3491 44.
2257 3437 2383 3493 Atii.
2412 3435 2595 3492 Erras.
2657 3435 2793 3491 Cum
2823 3434 3051 3489 vidisset
3104 3432 3277 3490 Isaias
3324 3431 3432 3490 Do-

1861 3529 1992 3582 mini
2019 3528 2271 3598 gloriam,
2300 3539 2351 3583 et
2367 3535 2683 3584 sanctarum
2711 3527 2971 3581 virtutum
2984 3525 3276 3592 exercitus,
3298 3525 3431 3596 quid

1862 3619 1939 3673 ait
1960 3620 2102 3682 illas,
2129 3620 2271 3673 inter
2299 3618 2518 3675 divinas
2538 3618 2752 3681 laudes,
2776 3617 2993 3672 dicere?
3018 3615 3231 3681 Nonne,
3257 3634 3276 3668 ι
3300 3616 3436 3672 San-

1862 3718 2006 3775 ctus,
2025 3721 2270 3774 sanctus,
2285 3718 2508 3766 sanctus
2522 3710 2596 3763 9'?
2613 3729 2633 3763 ι
2653 3708 2833 3776 Quare
2850 3723 2950 3764 nec
2963 3724 3249 3763 numerum
3266 3709 3432 3763 istum

1867 3799 1920 3854 in
1953 3801 2227 3855 cantando
2247 3799 2660 3863 transcendunt,
2701 3813 2804 3855 nec
2850 3797 2981 3867 quid
3037 3814 3105 3852 ex
3145 3812 3212 3852 eo
3253 3796 3435 3853 detra-

1866 3891 2315 3947 hunt?Prol‘ecto
2335 3907 2398 3947 ea
2431 3892 2497 3947 de
2544 3905 2715 3946 causa
2757 3889 2903 3961 quod
2961 3897 3159 3959 prmter
3198 3888 3434 3944 Trinita-

1865 3993 1971 4039 tem
1999 3984 2152 4037 nefas
2181 3984 2252 4037 sit
2283 3997 2611 4053 quemquam
2642 3980 2955 4052 hujusmodi
3017 3981 3223 4035 honore
3258 3979 3431 4045 allici,

1866 4084 1922 4128 ut
1953 4085 2006 4129 et
2025 4060 2150 4143 quid
2168 4090 2232 4127 ex
2252 4074 2345 4128 illo
2380 4075 2581 4144 hymno
2600 4072 2833 4136 detrahi,
2858 4079 3077 4141 propter
3105 4080 3351 4126 sanctam
3378 4078 3434 4125 et

1863 4164 2074 4218 beatam
2096 4161 2379 4216 Trinitatis
2403 4161 2761 4224 divinitatem,
2785 4159 2840 4213 in
2875 4161 3081 4215 unitate
3106 4160 3285 4230 seipsa
3304 4174 3434 4214 con—

1860 4264 2077 4311 tentam.
2097 4254 2268 4321 Quam
2290 4256 2414 4310 item
2428 4255 2499 4310 ob
2510 4269 2726 4309 causam
2744 4253 2956 4324 Moyses
2973 4253 3229 4323 populum
3249 4252 3435 4307 docuit

1864 4348 2128 4403 cervicem
2157 4356 2211 4401 et
2238 4361 2412 4417 genua
2444 4356 2527 4401 ter
2550 4347 2605 4399 in
2634 4354 2776 4400 terra
2819 4345 3108 4410 ﬂectendo,
3168 4342 3435 4400 adorare?

1867 4438 2053 4495 Nonne
2090 4447 2149 4492 ut
2178 4437 2500 4494 Trinitatem
2551 4439 2608 4492 in
2644 4452 2748 4492 una
2785 4437 3073 4492 divinitate
3102 4435 3434 4493 adorarent?

183 4534 412 4607 Τριάδος
441 4532 810 4605 προσκύνησιν
837 4531 937 4601 τῆς
963 4532 1020 4584 ἐν
1053 4531 1154 4601 μιᾷ
1184 4528 1430 4600 θεότητι;
1480 4527 1641 4581 Ἀλλὰ
1667 4527 1751 4583 καΊ

1867 4527 2046 4583 Dcifer
2100 4544 2318 4600 quoque
2351 4529 2495 4584 Elias
2532 4535 2690 4582 terno
2738 4527 2920 4582 aﬂlatu
2973 4525 3142 4582 ﬁlium
3172 4526 3351 4580 vidua:
3403 4539 3435 4578 a

180 4627 208 4678 ὁ
230 4624 499 4696 θεοφόρος
542 4623 746 4688 Ἠλίας,
779 4623 950 4695 τρίτῳ
977 4623 1257 4694 φυσήματι
1290 4620 1492 4693 ἐγείρει
1529 4620 1620 4674 τὸν
1654 4621 1766 4674 υἱὸν

180 4715 276 4783 τῆς
307 4715 526 4785 χήρας;
552 4714 703 4767 οὐδὲν
726 4713 912 4785 ἕτερον
939 4713 1173 4778 δεικνὺς,
1198 4713 1230 4784 ἢ
1263 4712 1337 4784 μὴ
1368 4711 1627 4766 δύνασθαί
1645 4728 1764 4765 τινα

182 4807 280 4876 τῆς
299 4805 526 4859 αἰωνίου
560 4803 704 4876 ζωῆς
728 4805 1046 4875 ἀξιωθῆναι,
1073 4808 1122 4859 εἰ
1152 4804 1225 4876 μὴ
1248 4804 1355 4877 ἄρα
1383 4804 1600 4876 πρῶτον
1636 4804 1761 4857 ἁνα-

183 4899 410 4971 λήψεται
433 4900 536 4970 τὴν
564 4899 803 4968 ἰσότιμον
831 4898 945 4969 (16)
975 4886 1067 4951 καὶ
1090 4896 1370 4968 ὁμοούσιον
1390 4895 1484 4948 καὶ
1505 4894 1764 4960 ζωοποιὸν

188 4989 392 5060 Τριὰδα
431 4988 523 5044 διὰ
560 4990 658 5060 τῆς
704 4988 1153 5059 σεϐασμιωτάτης
1206 4988 1439 5049 πίστεως
1483 4988 1542 5040 ἐν
1586 4986 1753 5056 ψυχῇ,

186 5080 305 5148 ἣτις
333 5080 506 5151 πυρὸς
535 5080 693 5151 δίκην
719 5080 997 5134 ἀναλίσκει
1037 5080 1105 5134 τὰ
1148 5078 1318 5150 νεκρὰ
1358 5078 1536 5132 πάντα
1595 5077 1758 5130 πταί-

196 5187 401 5241 σματα,
432 5172 501 5225 τὰ
532 5171 831 5241 νεκροῦντα
876 5172 973 5242 τὴν
997 5172 1197 5242 ψυχὴν,
1221 5171 1314 5224 καὶ
1358 5169 1612 5232 ζωοποιεῖ
1662 5167 1760 5237 τὴν

197 5264 534 5336 κεκτημένην
581 5263 748 5334 αὐτὴν
789 5262 955 5316 ἀΐδιον
999 5263 1176 5334 ζωήν;
1220 5261 1380 5315 Ἀλλὰ
1408 5259 1514 5332 μὴν
1542 5259 1636 5312 καὶ
1672 5258 1762 5312 τὸν

1867 4619 2095 4674 mortuis
2115 4620 2453 4687 excitavit",
2477 4620 2611 4673 nihil
2638 4620 2783 4673 aliud
2805 4619 3054 4674 indicans
3082 4633 3245 4689 quam
3270 4615 3437 4672 nemi-

1866 4725 1989 4764 nem
2019 4724 2180 4780 posse
2210 4717 2413 4764 aeterna
2465 4710 2577 4763 vita
2611 4710 2838 4779 dignum
2865 4708 3149 4772 aestimari,
3172 4707 3280 4764 nisi
3311 4708 3437 4778 quis

1867 4802 2104 4873 primum
2157 4801 2441 4871 aequalem.
2478 4800 3004 4855 consubstantialem
3051 4800 3436 4870 viriﬁcamque

1868 4891 2188 4949 Trinitatem
2236 4894 2290 4947 in
2346 4892 2526 4946 anima
2561 4907 2656 4961 per
2720 4893 3082 4949 venerandam
3140 4890 3436 4945 admodum

1862 4984 2020 5039 ﬁdem
2038 4984 2323 5055 receperit,
2346 4998 2466 5054 quae
2495 4984 2636 5053 ignis
2656 4983 2846 5049 instar,
2871 4993 3082 5038 mortua
3105 4980 3289 5034 omnia
3313 4995 3438 5051 pec-

1862 5084 2009 5141 cata,
2040 5090 2162 5145 quae
2190 5076 2426 5129 animam
2453 5074 2795 5135 interimunt,
2825 5073 3123 5134 consumit,
3151 5072 3440 5140 ipsamque

1865 5164 2124 5229 viviﬁcat,
2155 5179 2276 5234 qua:
2296 5171 2553 5219 aeternam
2571 5164 2738 5218 vitam
2771 5171 2930 5217 nacta
2960 5170 3043 5216 est
3073 5162 3096 5215 ?
3125 5160 3436 5226 Quinetiam

1869 5271 1970 5312 nec
2002 5256 2161 5311 aliter
2182 5256 2421 5325 potuerit
2445 5254 2722 5310 christifer
2750 5254 2953 5309 Paulus
2993 5252 3060 5309 ad
3091 5253 3311 5307 tertium
3351 5266 3438 5307 us-

258 5420 307 5453 “
342 5421 466 5476 Act.
506 5436 558 5483 ν,
592 5418 647 5473 4.
724 5418 770 5450 ⁸³
809 5418 851 5471 ll
880 5416 1071 5473 Thess.
1112 5432 1205 5481 ιιι,
1240 5416 1291 5470 5.
1368 5415 1413 5449 ’°
1452 5413 1624 5483 Exod.
1660 5428 1751 5478 ιιι,

1929 5411 1971 5443 ⁸⁸
2015 5407 2117 5466 lsa.
2154 5423 2249 5476 v1,
2282 5409 2336 5463 '5.
2412 5409 2459 5441 θ’
2497 5406 2567 5462 Ill
2597 5406 2730 5478 Reg.
2766 5423 2909 5473 xvn,
2944 5406 3034 5463 2t.

289 5636 374 5705 15)
402 5636 571 5692 Basil.
598 5636 841 5705 et‘Angl.
869 5634 1045 5705 ἡμῶν.

402 5639 571 5760 BAasil.
598 5639 841 5745 et‘Angl.
869 5639 1045 5756 ημῶν.
1228 5722 1238 5732 ⁵
1377 5702 1395 5735 3
1552 5701 1578 5712 η

462 5723 577 5779 ug.,
626 5723 776 5759 ε.πεν
846 5706 889 5758 A
932 5704 1082 5775 ἁγίαι
1107 5704 1321 5777 Γραραὶ
1345 5702 1600 5772 οαδαμου.

1827 5676 1831 5679 .
1966 5629 2032 5683 15
2081 5628 2216 5696 Aug.
2252 5626 2604 5699 αὐτάρκειαν.
2628 5624 2750 5682 Mox
2780 5624 2944 5691 idem,
2966 5624 3290 5695 κάμψαντος

1941 5626 2056 5771 ἕως
2082 5701 2221 5769 Aug.
2253 5699 2353 5769 τὴν
2388 5696 2626 5766 ἰσότητα.

1971 5696 2056 5769 16)
2082 5701 2221 5769 Aug.
2253 5699 2353 5769 τὴν
2388 5696 2626 5766 ἰσότητα.
