3860 6200
426 385 531 444 499

1578 387 1633 444 S.
1684 387 2146 446 ATHANASIUS.
2186 419 2258 430 -—
2299 384 2567 443 SPURIA.

3587 377 3700 442 500

422 519 528 575 que
544 503 743 559 caelum
767 502 1092 570 ascendere;
1118 502 1222 559 nisi
1254 518 1353 558 suo
1373 504 1427 557 in
1451 515 1667 574 pectore
1688 504 1993 561 retinuisset

2112 502 2469 575 χριστοφόρον
2514 501 2726 557 Παῦλον
2768 501 2843 573 μὴ
2886 500 3059 565 ἄλλως
3102 500 3416 571 δεδυνῆσθαι
3444 500 3546 566 ἕως
3578 500 3702 571 τρί-

427 595 825 651 indetlcientem
857 601 911 650 et
934 594 1458 651 consubstantialem
1491 594 1779 652 Trinitatis
1814 596 1995 652 tidem.

427 686 646 742 Scilicet
696 686 1008 756 hujusmodi
1056 688 1306 757 exemplo
1347 688 1592 743 indicare
1614 688 1786 743 voluit
1850 686 1997 744 Deus

426 778 695 832 neminem
726 778 780 831 in
810 792 1034 847 regnum
1059 779 1323 832 caelorum
1359 793 1520 848 posse
1556 780 1860 849 pervenire,
1890 780 1998 834 nisi

423 864 516 935 qui
546 880 664 920 eam
689 867 969 935 amplexus
999 866 1161 921 fuerit
1193 865 1374 930 ﬁdem,
1406 883 1528 937 quae
1557 869 1612 922 in
1645 869 1813 922 Paulo
1842 869 1999 922 habi-

425 957 576 1012 tavit.
611 955 752 1023 Quid
776 974 903 1013 vero
934 960 1125 1028 loquar
1169 960 1236 1014 de
1266 961 1479 1015 vivitico
1509 969 1559 1015 et
1612 961 1997 1017 sanctificante

424 1044 487 1100 ac
519 1052 869 1115 peccatorum
903 1048 1281 1102 remissionem
1308 1049 1582 1117 praebente
1616 1049 1854 1114 lavacro,
1879 1051 1998 1106 sine

424 1149 531 1204 quo
559 1152 719 1191 nemo
745 1138 945 1192 videbit
994 1154 1217 1209 regnum
1249 1141 1555 1195 caelorum?
1600 1141 1796 1195 Annon
1832 1144 1887 1195 in
1918 1152 2000 1198 ter

421 1223 731 1282 beatissima
753 1230 1164 1283 nomenclatura
1196 1230 1447 1287 ﬁdelibus
1476 1231 1637 1285 datur
1666 1233 1688 1285 ?
1714 1231 1869 1285 Adde
1909 1232 1997 1285 his

421 1317 675 1372 omnibus
695 1321 837 1389 quod
861 1323 929 1374 ait
948 1320 1188 1377 Joannes
1210 1340 1223 1375 :
1248 1322 1343 1377 «Et
1361 1323 1412 1375 hi
1428 1331 1538 1378 tres
1558 1340 1722 1377 unum
1746 1330 1873 1378 sunt
1888 1322 1956 1378 ⁸⁸,
1973 1342 1991 1374 ι

2106 613 2199 650 του
2239 594 2471 666 ούρανοῦ
2524 594 2931 666 ἀνεληλυθέναι,
2961 596 3009 646 εἰ
3043 593 3116 664 μὴ
3160 593 3419 663 ἐκέκτητο
3450 594 3505 647 ὲν
3535 591 3702 663 στέρ-

2104 705 2218 750 νοις
2250 686 2416 740 αύτοῦ
2451 687 2549 759 τὴν
2584 687 2686 756 τῆς
2725 687 2953 758 Τριάδος
2980 686 3329 740 ἀνέκλειπτον
3370 685 3463 738 καὶ
3499 682 3700 755 ὁμοσύ-

2105 794 2220 830 σιον
2271 778 2495 830 πίστιν·
2546 781 2575 831 ὁ
2625 777 2759 841 Θεὸς
2802 778 3121 848 βουλόμενος
3165 776 3431 830 δεικνύναι
3462 777 3551 830 διά
3596 775 3698 829 τοῦ

2105 869 2349 921 τοιούτου
2380 870 2725 941 πράγματος,
2762 869 2963 939 μηδένα
3004 869 3277 923 εἰσελάσαι
3307 868 3418 937 (18)
3435 865 3698 920 δύνασθαι

2103 962 2187 1023 εἰς
2219 959 2318 1031 τὴν
2347 960 2458 1013 τῶν
2492 961 2738 1030 οὐρανῶν
2782 961 3078 1030 βασιλείαν,
3109 962 3201 1013 τὸν
3233 962 3296 1013 ὲκ
3327 959 3425 1028 τῆς
3454 960 3698 1021 πίστεως

2102 1051 2203 1119 τῆς
2235 1051 2598 1123 ὲνοικησάσης
2637 1055 2695 1104 ὲν
2742 1052 2941 1122 Παύλῳ
2976 1052 3049 1122 μὴ
3078 1052 3357 1120 γεγονότα.
3402 1050 3466 1104 Τί
3506 1050 3565 1103 δὲ
3597 1050 3698 1103 καὶ

2106 1143 2167 1195 τὺ
2196 1144 2295 1213 τῆς
2325 1143 2574 1212 ἀφέσεως
2617 1143 2724 1195 τῶν
2751 1142 3032 1214 ἁμαρτιῶν
3063 1142 3411 1213 παρεκτικὸν,
3439 1142 3532 1194 καὶ
3557 1141 3701 1204 ζωο-

2104 1233 2282 1297 ποιὸν,
2318 1235 2414 1287 καὶ
2449 1233 2769 1302 ἀγιαστικὸν
2809 1232 3051 1304 λουτρὸν,
3084 1226 3143 1286 οῦ
3169 1233 3336 1303 χωρὶς
3365 1230 3536 1292 οὐδεὶς
3564 1230 3700 1298 ὅψε-

2102 1343 2193 1380 ται
2241 1326 2339 1398 τὴν
2372 1327 2651 1397 βασιλείαν
2694 1326 2802 1379 τῶν
2829 1324 3098 1396 οὐρανῶν,
3126 1326 3225 1377 οὐκ
3271 1326 3327 1376 ὲν
3355 1326 3420 1393 τῇ
3451 1338 3699 1393 τρισμα-

420 1407 587 1479 καρίᾳ
630 1406 892 1483 ὀνομασία
931 1414 1129 1468 δίδοται
1182 1412 1293 1486 (19)
1334 1419 1447 1480 τοῖς
1479 1420 1722 1480 πιστοῖς;
1768 1416 2003 1486 Πρὸς.δὲ
2041 1421 2250 1484 τούτοις
2273 1422 2436 1474 πᾶσιν
2477 1419 2730 1490 Ἰωάννης
2760 1419 2991 1489 φάσκεν
3063 1439 3080 1470 ι
3114 1418 3223 1471 Καὶ
3254 1420 3302 1471 oi.
3330 1419 3475 1488 τρεῖς
3507 1415 3570 1467 τὸ
3631 1413 3697 1467 ἓν

418 1502 574 1555 εἰσιν.
607 1520 626 1554 ι

488 1614 579 1669 45.
613 1616 708 1671 Ar.
743 1615 879 1673 Vere
904 1619 1045 1674 beati
1065 1637 1257 1677 omnes
1284 1622 1554 1698 quitidem
1579 1624 1739 1678 istam
1768 1624 1992 1690 habent,

419 1719 650 1775 eamque
697 1707 766 1763 ad
803 1719 1035 1765 mortem
1090 1728 1263 1783 usque
1296 1717 1649 1779 conﬁtentur,
1684 1722 1739 1771 et
1766 1716 1990 1786 dignam

421 1797 537 1867 ipsa
556 1800 723 1855 vitam
752 1813 938 1871 agunt.
969 1803 1081 1875 Ego
1100 1807 1244 1860 enim
1271 1822 1419 1861 nunc
1444 1809 1637 1874 revixi,
1659 1823 1727 1863 ex
1760 1809 1994 1864 mortuis

419 1892 709 1948 excitatus.
769 1893 983 1949 Mortua
1045 1897 1316 1968 siquidem
1351 1914 1441 1953 res
1480 1907 1564 1953 est
1605 1914 1784 1962 error,
1847 1914 1993 1963 eum,

417 1996 579 2051 quem
602 1996 836 2055 occupat
864 1987 1146 2052 occidens,
1187 1990 1534 2061 animamque
1575 1992 1694 2060 ejus
1730 1993 1824 2061 qui
1874 2008 1997 2046 cum

420 2074 511 2129 illo
566 2076 830 2142 ambulat,
885 2078 959 2132 ita
1011 2079 1173 2134 allicit
1227 2089 1287 2135 ut
1334 2081 1691 2152 impudicitiis
1745 2085 2000 2154 inquine-

417 2175 527 2231 tur,
587 2168 856 2239 ellicitque
916 2187 985 2226 ne
1045 2172 1201 2243 signa
1242 2181 1458 2250 aeterna:
1513 2176 1655 2241 vitae,
1703 2192 1824 2247 quae
1874 2186 2002 2234 ante

420 2260 612 2315 oculos
673 2272 931 2328 exstant,
990 2263 1153 2320 homo
1207 2275 1503 2337 cognoscat
1564 2286 1577 2322 :
1636 2269 1782 2325 unde
1850 2270 2000 2325 futu-

419 2369 540 2407 rum
574 2363 741 2421 esset,
768 2364 826 2409 ut
868 2372 969 2411 nec
986 2364 1215 2411 mortem
1244 2359 1576 2425 desererem,
1607 2377 1709 2416 nec
1733 2362 1802 2417 ad
1837 2362 1999 2419 ﬁdem

420 2445 687 2502 viviﬁcam
720 2448 1035 2503 accederem
1062 2448 1350 2520 (l7).Cum
1374 2452 1517 2506 enim
1552 2453 1716 2508 homo
1732 2454 1803 2510 sit
1831 2471 1996 2520 unus,

420 2550 584 2588 unam
607 2535 804 2592 debere
822 2537 983 2591 habet
1012 2536 1168 2592 tidem
1190 2545 1405 2593 aeternae
1425 2550 1478 2595 et
1501 2555 1672 2597 consu
1685 2542 1998 2597 bstantialis

418 2625 728 2684 Trinitatis.
762 2628 820 2682 1n
845 2629 944 2697 illa
971 2630 1117 2684 enim
1140 2630 1480 2699 inﬁdelitate,
1514 2648 1577 2687 ex
1600 2649 1707 2703 qua
1733 2650 1820 2689 me
1854 2634 1998 2690 Deus

416 2719 643 2788 eripuit,
674 2734 782 2774 non
807 2735 917 2774 una
960 2722 1114 2785 lides,
1140 2721 1237 2777 sed
1270 2730 1383 2779 tres
1435 2725 1804 2793 praedicantur
1842 2745 1855 2777 :
1888 2742 1998 2781 una

418 2824 613 2880 nempe
650 2811 719 2868 de
755 2812 916 2869 Patre
942 2822 1168 2879 aeterno,
1212 2815 1318 2870 alia
1342 2816 1408 2872 de
1445 2814 1582 2871 Filio
1604 2826 1810 2883 creato,
1837 2819 1998 2873 tertia

415 2901 483 2956 de
515 2900 720 2972 Spiritu
743 2903 906 2959 tacto.
939 2905 1016 2960 Ex
1043 2906 1239 2976 quibus
1262 2907 1615 2963 manifestum
1639 2920 1745 2973 est,
1788 2911 1996 2964 nullam

418 2995 644 3050 omnino
674 2996 785 3051 illic
811 2996 969 3052 ﬁdem
994 3013 1117 3053 esse
1149 3014 1217 3053 ex
1249 2999 1459 3055 multis.
1492 2999 1763 3067 Quocirca
1794 3003 1997 3071 gratias

417 3101 519 3157 ago
551 3098 755 3143 sanctae
787 3087 1040 3144 Trinitati
1080 3087 1358 3153 :Patrem,
1394 3089 1591 3145 Filium
1632 3098 1687 3146 et
1733 3090 1995 3161 Spiritum

2176 1623 2263 1678 45.
2297 1625 2429 1692 Ἀρ.
2473 1619 2626 1677 εἶπεν
2647 1639 2660 1652 ·
2697 1622 2933 1693 Ἀληθῶς
2967 1639 3224 1692 μακάριοι
3246 1622 3443 1684 πάντες
3466 1622 3695 1692 οἱέχον-

2100 1731 2193 1777 τες
2220 1713 2423 1784 ταύτην
2455 1713 2555 1784 τὴν
2607 1715 2811 1777 πίστιν,
2849 1714 2942 1766 καὶ
2971 1714 3074 1777 ἕως
3108 1713 3334 1766 θανάτου
3360 1712 3695 1783 ὁμολογοῦν-

2097 1821 2189 1867 τες
2218 1803 2409 1874 αὐτὴν,
2443 1806 2536 1858 καὶ
2567 1804 2733 1868 ἀξίως
2774 1805 2945 1874 αὐτῆς
2982 1804 3384 1875 πολιτευόμενοι
3405 1821 3418 1833 ·
3450 1803 3544 1857 νῦν
3575 1805 3693 1877 γὰρ

2101 1895 2213 1965 ἐγὼ
2259 1896 2499 1967 ἀνέζησα
2550 1896 2787 1960 ἀναστὰς
2845 1898 2909 1949 ὲκ
2961 1895 3190 1967 νεκρῶν.
3249 1896 3437 1967 Νεκρὰ
3490 1895 3599 1967 γάρ
3646 1899 3687 1967 ἡ

2100 1988 2301 2058 πλάνη,
2350 1988 2445 2040 καὶ
2494 1986 2767 2059 νεκροῦσα
2817 1987 2908 2040 τὸν
2960 1988 3295 2058 κεκτημένον
3341 1988 3529 2058 αὐτὴν,
3588 1988 3691 2042 καὶ

2101 2077 2440 2150 ρυθμίζουσα
2477 2079 2576 2150 τὴν
2599 2078 2774 2151 ψυχὴν
2805 2078 2900 2131 τοῦ
2926 2078 3428 2150 συνοδοιποροῦντος
3458 2080 3595 2150 αὐτῇ
3626 2081 3689 2133 ὲν

2097 2169 2407 2237 ἀσελγείαις
2452 2169 2717 2241 φύρεσθαι
2751 2170 2889 2240 (20),
2936 2171 3074 2242 πρὸς
3119 2169 3180 2222 τὸ
3214 2172 3344 2241 παρ’
3388 2169 3689 2241 ὀφθαλμοῖς

2099 2258 2244 2330 ζωῆς
2272 2260 2491 2315 αἰωνίου
2526 2260 2770 2332 σύμϐολα
2802 2261 2876 2332 μὴ
2907 2261 3276 2330 γνωρισθέντα
3310 2262 3447 2333 πρὸς
3465 2260 3558 2314 τοῦ
3590 2262 3688 2315 ἀν-

2097 2350 2339 2423 θρώπου,
2382 2351 2494 2422 (21)
2538 2352 2860 2422 καταλεῖψαί
2905 2370 2973 2423 με
3018 2354 3109 2406 τὸν
3155 2353 3400 2416 θάνατον,
3449 2353 3544 2406 καὶ
3579 2353 3686 2422 τὴν

2096 2444 2260 2496 αὑτοῦ
2295 2443 2573 2516 θυγατέρα
2602 2445 2828 2517 πλάνην,
2865 2445 3281 2517 προσοικειῶσαι
3313 2443 3369 2496 δὲ
3394 2444 3584 2497 ἑαυτὸν
3610 2446 3683 2515 τῇ

2098 2533 2345 2605 ζωοποιῷ
2380 2536 2579 2590 πίστει.
2612 2532 2708 2600 Εἷς
2739 2537 2847 2608 γάρ
2876 2536 2950 2591 ὢν
2979 2539 3007 2590 ὁ
3038 2537 3341 2606 ἄνθρωπος,
3380 2534 3508 2605 μίαν
3535 2533 3685 2605 ἔχειν

2096 2628 2300 2696 ὀφείλει
2329 2629 2510 2682 πίστιν
2527 2629 2626 2699 τῆς
2640 2629 2858 2684 αἰωνίου
2889 2629 2983 2682 καὶ
3003 2628 3289 2699 ὁμοουσίου
3308 2627 3555 2699 Τριάδος.
3591 2626 3686 2692 Ἐξ

2096 2714 2163 2789 ἦς
2194 2718 2301 2791 γὰρ
2326 2720 2595 2792 ἐρρύσατο
2619 2738 2686 2790 με
2713 2722 2742 2774 ὁ
2775 2719 2907 2784 Θεὸς
2935 2722 3211 2784 ἀπιστίας,
3244 2721 3305 2773 οὐ
3338 2720 3436 2791 μία
3472 2720 3681 2787 πίστις,

2097 2809 2232 2863 ἀλλά
2262 2814 2410 2881 τρεῖς
2436 2810 2841 2881 ὁμολογοῦνται,
2881 2812 2997 2875 ἐνὸς
3040 2811 3137 2882 μὲν
3186 2811 3399 2883 Πατρὸς
3435 2811 3680 2877 αἰωνίου,

2098 2902 2286 2974 ἐτέρου
2316 2903 2373 2956 δὲ
2398 2903 2618 2956 κτιστοῦ
2643 2902 2793 2968 Υίοῦ,
2823 2906 2916 2958 καὶ
2937 2905 3256 2983 Πνεύματος
3284 2904 3678 2975 πεποιημένου.

2110 2993 2204 3045 Ἐκ
2236 2992 2291 3045 δὲ
2324 2993 2528 3047 τούτων
2562 2995 2860 3067 κατάδηλόν
2910 2997 3024 3049 ἐστι
3061 2996 3134 3068 μὴ
3169 2992 3307 3049 εἶναι
3348 2995 3531 3048 πίστιν
3561 2996 3686 3049 ἐκεῖ

2098 3082 2163 3134 ὲκ
2203 3082 2412 3138 πολλῶν
2447 3085 2581 3155 μηδὲ
2616 3086 2764 3155 μίαν.
2810 3085 2950 3154 Ἐγὼ
2977 3083 3069 3140 οὖν
3100 3088 3406 3159 εὐχαριστῶ
3446 3089 3511 3159 τῇ
3546 3087 3684 3159 ἀγίιμ⁵

417 3187 667 3235 sanctum
689 3181 879 3235 adoro.
905 3179 1022 3235 Jam
1040 3196 1190 3251 ergo.
1212 3181 1558 3248 charissime,
1576 3183 1739 3239 simul
1755 3198 1993 3238 oremus.

2102 3172 2325 3243 Τριάδι,
2382 3176 2671 3247 προσκυνῶ
2725 3176 2977 3246 Πατέρα,
3031 3179 3125 3230 καὶ
3177 3178 3325 3241 Υίὸν,
3380 3179 3473 3230 καὶ
3522 3177 3680 3245 ἅγιον

417 3269 532 3341 Ego
563 3271 710 3325 enim
748 3272 1009 3347 ,deposita
1029 3274 1213 3328 omnia
1242 3275 1452 3331 erroris
1489 3274 1833 3353 indumenta,
1897 3275 1994 3332 Dei

418 3362 820 3428 misericordia,
879 3362 1074 3433 abjeci.

485 3562 576 3619 46.
637 3563 761 3618 ΑιΙι.
801 3563 993 3619 Gestas
1040 3563 1221 3619 adhuc
1283 3565 1489 3620 erroris
1568 3565 1990 3632 indumentum;

417 3657 514 3712 sed
546 3657 594 3712 si
625 3658 759 3727 grati
788 3656 956 3710 animi
984 3670 1066 3723 es,
1090 3656 1143 3710 id
1172 3670 1299 3711 eum
1337 3658 1551 3714 caeteris
1582 3659 1871 3728 apostasia:
1904 3675 1993 3714 re-

419 3750 522 3804 bus
553 3748 840 3819 projicies,
870 3755 1113 3817 tuncque
1147 3748 1311 3805 simul
1346 3764 1507 3805 orare
1540 3751 1863 3820 poterimus.
1893 3750 1991 3806 Ar.

416 3839 534 3896 Nisi
559 3840 613 3895 id
635 3840 764 3893 mihi
790 3839 1151 3908 liquidissime
1172 3838 1558 3908 declaraveris,
1575 3856 1684 3896 non
1701 3842 1833 3897 mihi
1856 3858 1992 3898 eon-

416 3927 566 3982 scius
591 3941 713 3981 sum
744 3926 1041 3997 quidquam
1070 3926 1455 3984 furiosaaillius
1478 3930 1703 3987 haeresis
1736 3933 1990 3990 retinere.

414 4017 540 4072 Atla.
560 4018 759 4073 Annon
802 4018 901 4073 tibi
946 4017 1160 4074 videtur
1181 4020 1336 4086 cleri,
1384 4027 1440 4075 ut
1473 4029 1690 4084 vocant,
1731 4022 1988 4093 dignitas,

402 4123 534 4179 qua:
549 4109 650 4166 tibi
678 4110 748 4164 ab
778 4109 971 4166 haeresi
987 4111 1113 4166 data
1144 4119 1249 4175 est,
1272 4126 1393 4167 esse
1409 4127 1537 4182 pars
1552 4114 1757 4168 erroris
1782 4132 1796 4177 ;
1826 4115 1991 4186 idque

410 4202 652 4273 speciem
698 4201 918 4272 quidem
971 4201 1192 4272 pietatis
1233 4201 1369 4257 foris
1424 4219 1537 4273 pra:
1557 4221 1616 4259 se
1646 4206 1810 4270 ferre,
1843 4207 1991 4262 intus

412 4299 593 4349 autem
624 4295 847 4364 plenum
886 4308 1009 4349 esse
1026 4294 1349 4364 impietatis,
1379 4296 1454 4350 ita
1485 4305 1544 4350 ut
1590 4298 1753 4351 homo
1804 4299 1992 4369 gigan-

412 4386 498 4441 uei
522 4386 748 4456 spiritus
775 4389 866 4442 tiat
900 4388 1349 4451 instrumentum,
1384 4391 1558 4459 parati
1582 4391 1648 4445 ad
1668 4391 1864 4446 bellum
1891 4392 1989 4446 ad-

2097 3265 2343 3337 Πνεῦμα.
2400 3268 2618 3332 Λοιπὸν,
2669 3269 2939 3341 ἀγαπητὲ,
2994 3270 3113 3340 ἅμα
3163 3269 3466 3340 εὐξώμεθα.
3536 3269 3683 3339 Ἐγὼ

2093 3355 2222 3427 γὰρ,
2257 3357 2433 3410 πάντα
2458 3359 2526 3412 τὰ
2568 3358 2839 3430 ἐνδύματα
2870 3361 2968 3431 τῆς
3004 3361 3211 3431 πλάνης
3246 3360 3680 3433 ἀποδυσάμενος,

2094 3447 2375 3519 ἀπέῤῥιψα
2401 3449 2490 3503 διά
2521 3449 2615 3503 τοῦ
2643 3451 2932 3523 ὲλεήμονος
2956 3451 3113 3505 Θεοῦ.

2165 3560 2252 3615 46.
2306 3563 2424 3617 Ἀθ.
2467 3558 2657 3618 εἰπενο
2700 3564 2906 3635 ’Ᾱκμὴν
2949 3564 3028 3618 ἔτι
3093 3565 3295 3637 ἔνδυμα
3331 3566 3443 3633 (22)
3489 3569 3679 3639 φορεῖς

2092 3651 2192 3721 τῆς
2223 3651 2434 3725 πλάνης
2452 3671 2465 3684 ’
2498 3657 3036 3726 συνευγνωμονήσαις
3058 3658 3234 3728 ῥίψεις
3263 3660 3355 3711 καὶ
3382 3660 3513 3712 αὐτὸ
3538 3661 3678 3730 πρὸς

2092 3745 2204 3807 τοῖς
2233 3742 2439 3809 λοιποῖς
2478 3745 2579 3816 τῆς
2611 3747 2947 3810 ἀποστασίας
2980 3749 3289 3819 πράγμασι,
3322 3752 3414 3804 καὶ
3444 3751 3676 3822 δυνησό-

2097 3835 2235 3907 μεθα
2280 3836 2373 3889 ἐπὶ
2415 3837 2476 3890 τὸ
2524 3838 2655 3892 αὐτὸ
2687 3836 2965 3903 εὔξασθαι.
3017 3839 3135 3908 Ἀρ.
3168 3833 3351 3891 εἶπεν·
3417 3839 3542 3893 Ἐἀν
3597 3844 3675 3913 μή

2097 3944 2188 3996 μοι
2263 3927 2478 3999 φράσῃς
2555 3927 3068 3999 ἀκραιφνεστάτως,
3141 3929 3202 3982 ού
3273 3930 3676 4002 συνεπίσταμαι

2093 4017 2317 4087 ἐμαυτῷ
2364 4016 2506 4088 ἔχειν
2556 4035 2608 4070 τι
2647 4018 2747 4088 τῆς
2795 4017 3090 4089 μανιώδους
3123 4021 3386 4091 αἱρέσεως
3433 4022 3669 4094 ἐκείνης.

2105 4109 2228 4164 Ἀθ.
2264 4104 2420 4162 εἷπε·
2466 4110 2577 4181 Τὴν
2622 4110 2715 4164 τοῦ
2766 4112 3101 4183 καλουμένου
3153 4112 3353 4185 κλήρου
3386 4114 3543 4179 ἀξίαν
3570 4116 3675 4187 τὴν

2093 4202 2233 4274 πρὸς
2259 4201 2361 4272 τῆς
2384 4202 2649 4272 αἱρέσεως
2676 4203 2965 4275 δεδομένην
2998 4222 3079 4258 σοι
3106 4206 3166 4258 οὐ
3200 4206 3347 4260 δοκεῖ
3376 4224 3457 4260 σοι
3484 4209 3674 4278 μόριον

2091 4291 2229 4347 εἶναι
2262 4296 2360 4364 τῆς
2391 4295 2627 4366 ἀπάτης,
2658 4295 2855 4363 ἔξωθεν
2901 4297 2999 4367 μὲν
3031 4298 3309 4352 δεικνύντα
3351 4301 3537 4370 σχῆμα
3577 4301 3673 4351 εὐ-

2093 4385 2326 4449 σεϐείας,
2345 4385 2544 4440 ἔσωθεν
2562 4386 2618 4438 δὲ
2634 4390 2829 4457 μεστὸν
2850 4390 3182 4460 τυγχάνοντα
3206 4391 3515 4462 δυσφημίας
3533 4391 3668 4462 (25),

408 4492 605 4533 versus
633 4477 803 4533 Deum
850 4479 1143 4550 sacrilegio
1169 4478 1621 4551 suscipiendum?
1643 4481 1740 4535 Ar.
1771 4480 1892 4536 Tibi
1932 4486 1987 4536 in

2102 4479 2171 4541 ὡς
2215 4474 2352 4533 εἶναι
2398 4478 2490 4533 τὸν
2525 4478 2808 4551 ἄνθρωπον
2849 4480 3078 4552 ὄργανον
3121 4483 3427 4554 πνεύματος
3472 4484 3671 4551 γίγαν-

410 4571 700 4642 praesentia
751 4571 1029 4641 proﬁteor,
1077 4572 1223 4641 quod
1268 4588 1380 4628 non
1412 4572 1723 4644 acquiescet
1748 4574 1986 4638 animus,

412 4666 519 4721 nisi
549 4666 711 4722 istam
741 4680 896 4720 vanae
940 4666 1129 4737 gloriae
1186 4667 1530 4738 tyrannidem
1580 4667 1869 4739 diligenter
1920 4683 1986 4722 ex

410 4757 594 4813 anima
643 4773 764 4814 mea
823 4759 1101 4829 ejecerim.
1164 4758 1291 4812 Ath.
1342 4759 1529 4830 Itaque
1587 4760 1635 4815 si
1694 4760 1849 4831 181
1899 4775 1988 4815 er-

406 4848 553 4905 roris
605 4858 792 4919 partes
836 4864 962 4904 cum
999 4850 1203 4906 virtute
1251 4853 1563 4907 consentire
1608 4868 1720 4907 non
1752 4860 1984 4922 queunt,

406 4943 580 4998 multo
606 4942 784 5013 magis
825 4942 1046 4998 virtutis
1067 4948 1121 4998 et
1150 4942 1397 4998 veritatis
1429 4951 1613 5023 partes
1655 4958 1778 4998 cum
1834 4957 1984 4999 erro-

405 5035 485 5092 ris
541 5036 790 5106 partibus
840 5036 1136 5091 convenire
1180 5051 1291 5091 non
1344 5045 1594 5105 possunt.
1645 5035 1985 5091 Mendacium

403 5129 549 5185 enim
609 5126 933 5183 adversatur
980 5127 1241 5192 veritati,
1304 5139 1355 5185 et
1405 5128 1609 5184 veritas
1672 5126 1978 5185 mendacio.

473 5285 522 5320 ”
558 5283 579 5338 I
618 5282 769 5342 loan.
807 5302 861 5352 ν,
896 5287 947 5341 7.

502 5442 591 5511 17)
623 5441 806 5499 Locus
836 5443 1132 5500 obscurus.

497 5512 586 5587 ιδ)
619 5514 1215 5587 ᾼυιςιεὶσεληλξθέναιο

476 5580 495 5651 ζ
506 5580 588 5652 19)
619 5580 971 5654 lta'Regius.
1001 5584 1146 5639 Editi
1181 5598 1312 5639 vero
1350 5590 1401 5639 et
1439 5581 1555 5649 alii,
1587 5580 1790 5635 δέδοται
1843 5580 1979 5636 Ibid.

399 5651 636 5776 August.
668 5651 936 5724 πιστοῖςὴ
965 5655 1178 5736 ἄφεσις.

474 5721 494 5793 (
534 5723 590 5790 0)
612 5723 763 5793 Aug.
807 5726 904 5779 κα).
931 5742 1178 5793 νεκρουσι

2095 4569 2268 4623 τιαίου
2322 4569 2456 4641 πρὸς
2509 4568 2805 4642 θεομαχίαν
2852 4575 2917 4644 τῇ
2964 4573 3236 4645 ἱεροσυλίᾳ
3271 4574 3665 4646 ἕτοιμον;Ἅρ.

2095 4659 2282 4718 εἶπεν·
2331 4665 2607 4735 Ὀμολογῶ
2651 4681 2732 4719 σοι
2774 4666 2867 4719 ἐπὶ
2900 4666 2993 4719 τοῦ
3025 4667 3309 4738 παρόντος,
3345 4668 3406 4720 οὺ
3452 4685 3672 4722 συνεπι-

2092 4758 2275 4813 δίδωσί
2325 4778 2425 4830 μου
2476 4762 2509 4832 ἡ
2554 4761 2720 4833 ψυχὴ,
2773 4764 2822 4815 εἰ
2870 4762 2944 4834 μὴ
2976 4762 3083 4835 ἀρα
3116 4764 3209 4817 καὶ
3237 4766 3285 4817 εἰ
3317 4764 3505 4833 σκέψει
3556 4765 3669 4837 (24)

2090 4852 2279 4916 ὲξὼσω
2309 4852 2403 4906 καὶ
2444 4852 2647 4925 ταύτην
2692 4852 2789 4924 τὴν
2820 4855 3109 4926 τυραννίδα
3138 4856 3236 4926 τῆς
3268 4855 3574 4921 κενοδοξίας
3606 4860 3670 4911 ὲκ

2092 4944 2193 5014 τῆς
2238 4944 2419 5015 ψυχῆς
2453 4962 2575 5016 μου.
2621 4948 2731 5003 Ἀθ.
2766 4943 2951 5002 εἶπεν·
2988 4949 3051 5002 Εἰ
3115 4944 3207 5002 οὖν
3263 4948 3324 5001 οὐ
3391 4964 3671 5017 συγκατα-

2092 5036 2304 5091 τίθεται
2349 5038 2418 5091 τὰ
2447 5039 2588 5111 μέρη
2616 5040 2714 5110 τῆς
2739 5040 2948 5111 πλάνης
2982 5042 3064 5104 εἰς
3108 5041 3207 5113 τὴν
3259 5042 3481 5113 ἀρετὴν,
3532 5040 3668 5095 πολὺ

2094 5130 2292 5200 μᾶλλον
2330 5134 2390 5187 ού
2436 5133 2714 5205 συντρέχει
2746 5135 2815 5190 τὰ
2866 5134 3006 5207 μέρη
3041 5136 3138 5206 τῆς
3183 5135 3383 5206 ἀρετῆς
3431 5135 3527 5188 καὶ
3565 5134 3670 5205 τῆς

2163 5440 2274 5511 (21)
2309 5440 2409 5495 Hic
2432 5439 2740 5511 addendum
2775 5438 2990 5494 videtur
3022 5437 3115 5510 μή.

2163 5508 2275 5579 (22)
2308 5512 2438 5581 Beg.
2469 5508 2531 5564 τὸ
2568 5509 2790 5579 ἔνδυμα.

2164 5582 2278 5652 (25)
2308 5580 2442 5652 Reg.
2465 5582 2523 5636 δὲ
2551 5581 2793 5652 γέμοντα
2808 5580 3144 5652 δυσφημίας.

2157 5648 2270 5725 (24)
2292 5648 2439 5725 Aug.
2470 5653 2524 5725 εἰ
2554 5648 2752 5725 σκέψῃ,
2776 5648 3016 5725 Μοκ-τῆν
3047 5662 3170 5725 ante
3192 5648 3481 5721 τυραννίδα
3509 5648 3665 5707 deest

534 5723 590 5790 0)
608 5723 763 5795 Aug.
807 5726 904 5779 κα).
926 5720 1200 5795 νεκροῦσα
1240 5727 1363 5787 τοὺς
1389 5720 1783 5795 ὁμολογοῦντας
1812 5720 1979 5793 αὐτὴν

2107 5742 2142 5781 n
2167 5720 2359 5792 editis,
2391 5720 2485 5781 sed
2514 5720 2793 5795 legiturin
2824 5720 3151 5792 quibusdam
3188 5720 3319 5777 mss.

400 5791 497 5857 καὶ
533 5791 997 5867 ρυθμίῖουσαςὴν
1024 5791 1331 5870 ὁδοιπορίαν
1364 5791 1435 5848 ἐν’
1449 5791 1771 5857 ἀσελγείαις.

1438 5882 1512 5897 ,ιᾴ
