3840 6194
163 248 242 305 εθί
1190 252 1427 327 s’nnno
1465 269 1679 328 CONTI

1874 274 2020 331 [NES
2061 275 2423 333 HERESES.
3287 279 3390 335 503

159 361 547 465 diﬁcia-gnate
596 373 786 465 μέρεσι
833 377 934 449 τῆς
979 379 1206 452 πλάνης.
1253 384 1571 440 Ἀντίκειται
1603 387 1675 458 γὰ

1877 407 1953 445 am
1972 402 2265 462 utrumque
2289 393 2506 449 illorum
2531 407 2596 448 ex
2620 393 2801 450 fructu
2817 393 3185 464 cognoscitur,
3204 408 3393 465 quem-

157 453 454 552 ἐξ-αληθείξ
499 461 561 513 τὸ
604 463 817 532 ψεῦδος,
852 469 946 523 καὶ
983 471 1061 543 τῷ
1102 472 1287 542 ψεύδει
1336 453 1631 533 ἀντίκειταί

1022 471 1061 543 ᾦ
1102 472 1287 542 ψεύδει
1336 453 1631 533 ἀντίκειταί
1742 453 1785 465 κ
1811 486 2101 542 admodum
2140 453 2274 542 dixit
2304 487 2538 544 Veritas.

155 542 385 640 ἀλήθεια·
430 548 663 608 ἕκαστον
708 558 821 630 γὰρ
866 542 1071 616 τούτών
1114 566 1177 619 ὲκ
1221 565 1317 619 τοῦ
1366 567 1578 640 καρποῦ
1628 542 1712 639 γιί

158 633 411 706 νὼσκεται,
442 643 631 710 καθὼς
662 645 765 720 ἔφη
797 652 829 722 ἡ
874 651 1142 724 Ἀλήθεια.

166 749 453 828 Ἐπληρώθη
500 760 602 813 σὺν
644 762 761 833 Θεῷ
797 766 828 836 ἡ
859 765 954 819 τοῦ
1000 768 1156 838 ἁγίου
1217 771 1533 827 Ἀθανασίου
1568 791 1682 827 κατι

1892 776 2174 849 Completa
2207 785 2295 834 est
2315 793 2439 833 cum
2462 777 2572 833 Deo
2602 777 2777 833 sancti
2807 775 3090 831 Athanasii
3126 777 3388 831 adversus

630 854 840 925 Ἀρείου
867 858 1120 930 ἀριστεία
1149 860 1277 934 (25).

2290 870 2481 925 Arium
2503 870 2821 942 disputatio.

150 953 307 1079 mgf)
338 957 459 1041 Haec
482 962 747 1044 adﬁnem
782 985 959 1040 usque
989 972 1194 1060 desunt
1233 977 1290 1031 in
1320 977 1622 1049 Anglicano
1654 998 1666 1035 ε

276 1044 454 1083 κτικου
489 1048 587 1088 τοο
617 1038 849 1088 μεγάλου
895 1041 1211 1088 Ἀθαναπιηυ
1242 1049 1333 1088 νηὶ
1373 1049 1579 1088 Ἀηςιηη

1870 996 2099 1053 'ustano,
2134 1004 2367 1058 quorum
2392 988 2513 1042 loco
2544 988 2596 1042 in
2629 989 2760 1059 Reg.
2797 989 3014 1060 legitur,
3070 989 3230 1051 Τέλος,
3293 983 3386 1036 τοῦ

316 1038 454 1083 εικοῠ
489 1038 587 1088 τοῦ
615 1038 849 1107 μεγάλου
868 1038 1211 1099 ³ΑΘανασίου
1242 1049 1335 1101 καὶ⁵
1373 1038 1600 1120 ’Kpslou.

157 1180 2170 1218 Ἢ*

1073 1303 1141 1359 IN
1187 1306 1505 1375 SEQUENS
1557 1308 1985 1367 OPUSCULUM
2026 1309 2424 1367 ADMONITIO.

210 1446 244 1501 Ι.
265 1445 437 1504 Sermo
469 1460 663 1507 contra
704 1470 884 1509 omnes
934 1457 1159 1514 hereses
1199 1459 1426 1515 habetur
1468 1464 1525 1516 in
1552 1464 1790 1535 antiquis
1816 1464 2107 1529 codicibus,
2139 1473 2190 1519 et
2237 1468 2293 1519 in
2321 1465 2705 1521 Athanasianis
2750 1468 3167 1537 collectionibus,
3202 1474 3293 1527 sed
3332 1477 3387 1531 in

148 1539 373 1611 plerisque
424 1558 545 1596 cum
594 1551 725 1598 nota
772 1544 1068 1615 abjudicati
1100 1549 1398 1606 Athanasio
1433 1553 1695 1621 opusculi.
1731 1551 1822 1608 Sic
1865 1555 1922 1607 in
1962 1551 2285 1623 Segueriano
2324 1553 2498 1610 codice
2548 1553 2743 1625 legitur
2772 1557 2842 1613 ad
2894 1563 3204 1632 marginem,
3239 1564 3387 1630 ξένος

151 1637 226 1688 καὶ
250 1637 473 1705 χυδαῖος,
504 1639 691 1707 supple
718 1642 967 1712 λόγος,ἰά
999 1658 1098 1712 est,
1135 1648 1300 1704 Liber
1325 1658 1621 1707 extraneus
1652 1668 1667 1707 ε

1871 1669 1951 1708 )re
1977 1653 2121 1725 stylo
2148 1643 2480 1725 descriptus.
2516 1655 2658 1720 Quid
2690 1656 2745 1710 in
2778 1654 3212 1712 Commelinianis
3246 1659 3387 1712 codi-

151 1732 268 1785 cibus
296 1741 517 1799 notetur,
554 1749 809 1793 accurate
850 1739 1083 1808 explicat
1118 1739 1531 1809 Felckmannus,
1558 1744 1640 1798 his
1676 1743 1847 1798 verbis
1886 1760 1904 1797 :
1935 1743 2129 1799 Exstat
2161 1744 2253 1799 hic
2283 1744 2338 1799 in
2378 1744 2666 1801 codicibus
2685 1747 2995 1812 Basiliensi,
3028 1747 3380 1827 Gobleriano.

152 1834 195 1877 et
219 1827 264 1882 1.
296 1826 557 1883 Caeterum
594 1831 664 1885 ad
698 1832 913 1887 initium
949 1836 1071 1904 ejus
1100 1837 1216 1892 haec
1242 1844 1430 1891 notata
1457 1839 1511 1892 in
1542 1837 1737 1903 Basil.,
1771 1839 1928 1908 ἄφες,
1956 1838 2032 1908 μὴ
2061 1838 2300 1910 γράψῃς.
2342 1838 2494 1905 Quae,
2519 1838 2646 1909 quid
2667 1840 2771 1894 sibi
2802 1841 2990 1906 velint,
3025 1840 3216 1896 nescio
3247 1826 3380 1909 (imo

152 1922 239 1977 hac
258 1923 407 1991 plana
429 1935 479 1979 et
512 1938 704 1997 aperta
731 1938 874 1999 sunt,
906 1933 1349 2005 signiﬁcantque:
1382 1936 1529 1989 hunc
1561 1934 1881 2004 relinquito,
1916 1950 2019 1990 nec
2048 1935 2365 2006 describas)
2399 1955 2413 1991 :
2450 1935 2557 1990 nisi
2595 1934 2735 1989 forte
2761 1932 2906 1988 idem
2922 1933 3066 2001 quod
3098 1930 3382 1986 Romanus

154 2029 462 2088 anagnostes.
493 2024 761 2079 similiter
784 2025 851 2079 ad
878 2024 1001 2093 ejus
1029 2025 1271 2087 initium,
1306 2024 1362 2078 in
1402 2023 1593 2079 codice
1621 2022 1666 2077 G

1863 2038 1954 2078 mo
2008 2023 2096 2078 his
2138 2022 2324 2078 verbis
2360 2042 2372 2078 :
2406 2018 2574 2087 Οὗτος
2599 2025 2628 2075 ὁ
2654 2021 2831 2092 λόγος,
2862 2022 2938 2086 ὡς
2964 2021 3087 2092 ἐμοί
3122 2039 3187 2091 γε
3212 2020 3379 2083 δοκεῖ,

153 2111 201 2165 οὐ
223 2113 302 2167 τοῦ
327 2115 558 2186 μεγάλου
590 2119 810 2192 Πατρδς
845 2113 1164 2171 Ἀθανασῐου
1195 2114 1364 2177 ἐστὶν,
1396 2111 1534 2165 ἀλλὰ
1556 2112 1669 2179 ξένο

1865 2111 1946 2165 καὶ
1976 2112 2194 2182 χυδαῖος
2225 2111 2301 2174 ὡς
2327 2110 2397 2165 τὰ
2430 2111 2677 2198 πλεῖστα.
2719 2110 2806 2183 (Id
2842 2122 2941 2177 est,
2968 2109 3068 2165 Hic
3094 2124 3297 2174 sermo.
3324 2117 3381 2164 ut

155 2207 494 2280 mihiquidem
528 2214 777 2280 videtur,
809 2225 1160 2284 nequaquam
1199 2214 1282 2264 est
1315 2207 1498 2278 magni
1529 2206 1714 2260 Patris
1743 2206 2055 2268 Athanasii,
2090 2206 2185 2260 scd
2218 2206 2455 2269 alienus,
2501 2213 2665 2275 atque
2708 2212 2769 2258 ut
2813 2205 3134 2274 plurimum,
3175 2201 3382 2256 fusiore

156 2304 268 2374 stylo
286 2304 631 2379 descriptus.)
668 2308 798 2365 Haec
827 2310 924 2365 ibi.
950 2306 1163 2374 Quibus
1196 2304 1400 2359 similia
1440 2303 1509 2356 ad
1532 2300 1787 2357 eumdem
1820 2302 1877 2355 in
1911 2301 2081 2356 Basil.
2113 2301 2239 2356 cod.
2272 2300 2669 2366 statiminitio,
2709 2300 2801 2353 ubi
2842 2298 3196 2369 praemittitur
3227 2304 3381 2351 cata-

156 2399 281 2469 logus
320 2401 577 2458 librorum
624 2404 682 2459 in
725 2419 792 2461 eo
827 2410 1237 2465 contentorum,
1282 2400 1439 2454 haec:
1479 2400 1569 2452 Ἐν
1596 2400 1661 2469 τῇ

1896 2398 1995 2468 τῆς
2047 2398 2213 2470 μονῆς
2249 2397 2342 2451 τοῦ
2373 2396 2529 2466 ἁγίου
2575 2392 2894 2449 Ἀθανασίου
2928 2389 3075 2444 ἐστὶν
3101 2386 3378 2458 ἐπιγραφὴ

156 2492 323 2548 ἄνωθεν
349 2496 437 2550 τοῦ
472 2499 745 2570 παρόντος
781 2499 960 2568 λόγου,
993 2497 1194 2568 ἔχουσα
1225 2494 1419 2557 οὕτως⁸
1475 2493 1533 2546 Ὀ
1567 2489 1758 2564 παρὼν
1791 2491 1949 2560 λόγος
1985 2491 2086 2546 οὐκ
2125 2491 2240 2544 ἐστι
2282 2488 2377 2544 τοῦ
2409 2489 2645 2562 μεγάλου
2691 2483 3031 2539 Ἀθανασεοω
3060 2479 3196 2535 ἀλλὰ
3229 2478 3378 2544 ξένος

160 2585 234 2638 καὶ
255 2589 471 2657 χυδαῖος.
513 2592 710 2662 Ἡμεῖς
756 2591 812 2644 δὲ
866 2591 1198 2663 πρόσταγμα
1244 2586 1579 2658 πληροῦντες
1632 2603 1676 2656 μς

1861 2584 2056 2656 ὶψαμεν
2088 2586 2183 2639 καὶ
2214 2582 2425 2638 τοῦτον.
2460 2582 2572 2659 (Ιάο
2597 2590 2697 2644 est,
2745 2580 2803 2633 In
2860 2578 3002 2632 libro
3054 2575 3377 2630 monasterii

157 2677 295 2729 sancti
330 2676 634 2741 Athanasii,
685 2680 815 2735 huic
844 2681 986 2735 libro
1014 2680 1127 2734 haec
1161 2676 1499 2748 praeponitur
1526 2675 1819 2745 inscriptio
1856 2693 1869 2730 :
1909 2672 2010 2728 Hic
2040 2673 2182 2729 liber
2212 2688 2323 2729 non
2345 2688 2431 2731 est
2452 2674 2635 2744 magni
2670 2672 2978 2741 Athanasii,
3003 2672 3099 2727 sed
3133 2669 3375 2738 spurius,

159 2777 202 2828 ei
227 2769 409 2829 lusiore
439 2776 584 2848 stylo
612 2775 990 2845 conscriptus.
1022 2773 1092 2829 At
1124 2788 1227 2828 nos
1254 2780 1313 2827 ut
1338 2773 1495 2842 jussa
1518 2769 1941 2844 compleremus,
1976 2784 2104 2824 eum
2147 2783 2367 2839 quoque
2396 2767 2901 2855 transcripsimus.)
2933 2765 3065 2834 Qua:
3099 2773 3378 2837 postrema

157 2862 370 2920 Videntur
394 2883 514 2923 esse
547 2868 645 2922 τοῦ
678 2868 1030 2941 Δοξαπάτρου
1066 2868 1258 2931 verba,
1289 2864 1606 2921 excusantis
1641 2878 1701 2919 se
1730 2877 1831 2916 cur
1852 2862 2001 2917 hunc
2031 2877 2341 2918 sermonem
2377 2861 2759 2933 descripserit,
2790 2878 2913 2918 cum
2941 2861 3014 2917 sit
3045 2861 3287 2932 spurius,
3321 2866 3377 2915 et

161 2952 212 3007 ad
243 2955 345 3024 ejus
369 2956 776 3029 frontispicium
809 2957 882 3014 sit
909 2966 1159 3012 notatum
1196 2970 1267 3011 ne
1299 2953 1671 3010 describatur.
1706 2949 1836 3006 Hec
1871 2949 2284 3017 Felckmannus,
2319 2951 2470 3020 cujus
2528 2951 2657 3006 locis
2718 2949 2898 3007 Grece
2926 2960 3133 3005 tantum
3169 2948 3373 3013 allatis,

158 3045 362 3103 Latinam
395 3054 845 3123 signiﬁcationem
881 3069 976 3106 nos
1010 3051 1325 3122 adjecimus.

212 3139 264 3198 ll.
285 3142 441 3200 Porro
468 3163 531 3201 ea:
559 3148 707 3202 hisce
738 3148 978 3202 codicum
1018 3147 1218 3200 notulis
1247 3144 1430 3215 palam
1457 3153 1536 3199 est
1564 3143 1779 3213 jamdiu
1808 3142 1949 3196 hunc
1982 3140 2180 3195 librum
2230 3143 2369 3197 inter
2399 3142 2774 3197 Athanasiana
2814 3155 3135 3211 comparere,
3165 3154 3284 3200 cum
3317 3138 3379 3192 in

160 3229 207 3281 iis
230 3232 491 3301 codicibus,
526 3252 594 3291 ea:
624 3236 816 3308 quibus
839 3236 1383 3292 Commelinianorum
1412 3234 1769 3306 antiquissimi
1810 3234 2123 3302 transcripti
2149 3243 2273 3287 sunt
2302 3250 2419 3288 cum
2461 3233 2748 3288 Athanasii
2777 3233 3041 3304 operibus,
3073 3232 3246 3286 locum
3272 3231 3372 3285 ha—

163 3319 311 3380 buerit.
340 3327 603 3384 Orationis
632 3339 811 3384 autem
835 3347 1024 3401 genus,
1061 3339 1122 3383 ut
1155 3337 1365 3384 monent
1392 3344 1764 3394 amanuenses,
1806 3327 2033 3381 multum
2087 3327 2334 3383 abhorret
2365 3346 2397 3382 a
2426 3331 2603 3384 sancti
2653 3330 2887 3387 doctoris
2917 3330 3078 3403 stylo,
3108 3328 3246 3400 quod
3281 3344 3374 3383 ne-

161 3427 225 3465 mo
247 3432 355 3471 sane
381 3436 480 3474 non
512 3422 712 3476 videat.
740 3419 897 3475 Patet
924 3430 1101 3475 tamen
1141 3436 1207 3475 ex
1234 3419 1523 3474 Athanasii
1571 3417 1816 3489 operibus
1864 3433 2169 3486 expressum
2202 3420 2514 3487 opusculum
2546 3420 2749 3495 fuisse;
2771 3423 2825 3476 in
2849 3438 2909 3477 eo
2948 3422 3136 3491 quippe
3178 3418 3372 3479 cedem

160 3500 337 3562 hereses
366 3510 764 3583 impugnantur,
790 3528 922 3583 quas
946 3513 1003 3566 in
1031 3512 1193 3566 uariis
1228 3510 1516 3564 Athanasii
1539 3524 1750 3578 operum
1781 3507 1909 3563 locis
1934 3508 2237 3578 confutatus
2271 3509 2547 3583 videmus;
2579 3528 2807 3583 quarum
2830 3512 3113 3568 nonnullas
3139 3513 3205 3565 ἐκ
3230 3526 3372 3581 παρ-

161 3593 288 3664 έργου
316 3608 509 3657 tantum
541 3614 763 3658 sanctus
790 3603 978 3657 doctor.
1015 3618 1297 3675 aggressus
1321 3609 1422 3656 est.
1456 3600 1561 3654 Hic
1603 3602 1774 3670 primo
1807 3601 1920 3655 loco
1954 3602 2147 3656 Ariani
2200 3606 2567 3683 exagitantur,
2600 3621 2729 3675 quos
2760 3606 2881 3660 item
2901 3607 3104 3673 priores
3129 3605 3373 3659 Athana-

162 3686 249 3741 tius
275 3690 473 3749 adortus
516 3709 635 3758 est;
671 3703 961 3765 postremo,
994 3690 1421 3761 Apollinariste,
1456 3689 1546 3759 qui
1588 3688 1844 3750 postremi
1870 3689 1936 3742 ab
1971 3688 2269 3746 Athanasio
2318 3693 2684 3761 confutantur.
2739 3694 2844 3748 Hic
2895 3694 3369 3751 Pneumatomachi

164 3792 371 3836 vocantur
398 3786 631 3856 Tropici,
660 3801 821 3860 quam
854 3798 1030 3837 uocem
1061 3797 1323 3851 nusquam
1359 3779 1574 3834 memini
1601 3796 1683 3833 me
1709 3779 1808 3832 hac
1839 3782 2102 3836 sententia
2124 3781 2328 3853 legisse,
2347 3784 2452 3839 nisi
2483 3785 2625 3855 apud
2649 3786 2999 3842 Athanasium
3025 3787 3079 3840 in
3113 3784 3368 3855 Epistolis

164 3866 218 3922 ad
246 3868 594 3946 Serapionem.
627 3878 831 3934 Eadem
860 3895 1065 3952 quoque
1102 3879 1159 3932 in
1186 3877 1282 3931 hoc
1314 3892 1467 3945 opere
1497 3874 1749 3930 adversus
1772 3877 2050 3932 hereticos
2082 3888 2415 3949 usurpantur
2437 3892 2770 3953 argumenta,
2803 3901 2918 3956 que
2950 3883 3015 3937 ab
3049 3883 3365 3938 Athanasio.

166 3961 376 4023 Ceterum
395 3975 481 4043 qui
512 3974 596 4029 hic
620 3977 966 4047 confutantur
994 3975 1255 4040 heretici,
1279 3975 1334 4028 hi
1356 3984 1483 4028 sunt
1512 3989 1530 4026 :
1561 3973 1776 4035 Ariani,
1814 3972 2050 4043 Tropici,
2090 3974 2298 4031 Paulus
2330 3975 2744 4043 Samosatensis,
2768 3975 3075 4040 Manichei,
3099 3972 3364 4035 Marcion,

175 4049 450 4132 Valentinus,
477 4065 771 4138 Basilides,
800 4071 1086 4141 Hieracas,
1121 4071 1389 4140 Novatus,
1420 4071 1679 4142 Phryges,
1708 4069 2117 4140 Apollinariste
2142 4115 2156 4139 ,
2181 4073 2246 4129 de
2277 4074 2466 4146 quibus
2497 4075 2738 4131 omnibus
2778 4074 2955 4146 agitur
2977 4074 3029 4127 in
3055 4071 3369 4143 prefationc

164 4160 360 4221 Mercii.

1197 4376 1336 4432 ΤΟΥ
1372 4376 1464 4431 ΕΝ
1497 4377 1719 4430 ΑΓΙΟΙΣ
1751 4378 2024 4432 ΠΑΤΡΟΣ
2053 4379 2251 4433 ΗΜΩΝ

1403 4526 2039 4615 ΑΘΑΝΑΣΙΟΥ
2140 4598 2145 4603 .

1248 4695 1440 4750 ΚΑΤΑ
1473 4697 1727 4751 ΠΑΣΩΝ
1760 4697 1900 4752 ΤΩΝ
1924 4698 2306 4757 ΑΙΡΕΣΕΩΝ.

1113 4942 1209 5030 S.
1286 4944 1392 5030 P.
1475 4944 1592 5031 N.
1669 4940 2319 5032 ATHANASII

1229 5109 1526 5168 CONTRA
1559 5112 1821 5170 OMNES
1857 5110 2246 5169 HERESES.

222 5305 263 5413 lo.
288 5312 348 5369 Τδ
372 5326 710 5398 προκείμενον
742 5331 852 5385 ἀπὸ
884 5331 976 5386 τοῦ
1022 5333 1358 5403 Εὐαγγελίου
1389 5339 1484 5392 τοῦ
1527 5308 1671 5397 κατὰ

1851 5344 1903 5398 l.
1959 5341 2117 5409 Quod
2184 5341 2509 5413 proponitur
2564 5355 2633 5395 ex
2698 5336 2992 5409 Evangelio
3051 5335 3353 5397 secundum

178 5393 400 5505 :IMVttrjv'
430 5434 447 5466 ι
602 5421 745 5494 ἀρχῇ
772 5419 841 5495 ἦν
867 5425 897 5477 ὁ
929 5426 1102 5494 Λόγος
1138 5393 1275 5500 (έϐ),
1303 5430 1397 5484 καὶ
1436 5433 1465 5485 ό
1498 5393 1670 5505 Λόγος

1837 5393 2047 5491 μεηηέηι
2088 5393 2348 5492 tale‘esi:
2384 5452 2403 5486 ι
2434 5432 2494 5488 ln
2532 5432 2804 5505 principio
2851 5393 2973 5487 crat
2995 5428 3256 5494 Verbum,
3297 5436 3353 5485 et

170 5481 221 5562 ἦν
241 5498 349 5568 πρὸς
370 5506 451 5562 τὸν
474 5510 621 5580 Θεὸν,
770 5481 899 5582 έεὺς
917 5514 987 5591 ἦν
1071 5481 1274 5590 λόγος..
1498 5481 1597 5597 ἶν’

1834 5529 2021 5587 orbum
2046 5536 2167 5587 erat
2203 5529 2345 5601 apud
2378 5481 2574 5596 Dentri,
2626 5535 2681 5585 et
2713 5481 2885 5584 rDeus
2941 5531 3057 5583 erat
3085 5522 3350 5587 Verbum.

228 5646 315 5723 (35)
338 5657 472 5722 Gabi.
500 5677 550 5726 et
574 5669 719 5730 Felc.
764 5674 813 5741 Ι,
851 5675 937 5731 Ἑν
977 5676 1139 5750 ἀρχῇ,
1176 5677 1361 5751 φησὶν»
1392 5673 1480 5752 ἦνο
