  <div class='ocr_page' id='page_1' title='image "/cluster/home/n/w/nwhite01/storage/ocr_20150623/28/nnc1.0046978690/291.png"; bbox 0 0 3860 6200; ppageno 0'>
   <div class='ocr_carea' id='block_1_1' title="bbox 434 341 542 405">
    <p class='ocr_par' dir='ltr' id='par_1_1' title="bbox 434 341 542 405">
     <span class='ocr_line' id='line_1_1' title="bbox 434 341 542 405; baseline 0.056 -6"><span class='ocrx_word' id='word_1_1' title='bbox 434 341 542 405; x_wconf 73' lang='lat'><strong>50-5</strong></span> 
     </span>
    </p>
   </div>
   <div class='ocr_carea' id='block_1_2' title="bbox 1606 357 2602 426">
    <p class='ocr_par' dir='ltr' id='par_1_2' title="bbox 1606 357 2602 426">
     <span class='ocr_line' id='line_1_2' title="bbox 1606 357 2602 426; baseline 0.014 -13"><span class='ocrx_word' id='word_1_2' title='bbox 1606 357 1664 414; x_wconf 92' lang='lat' dir='ltr'><strong>S.</strong></span> <span class='ocrx_word' id='word_1_3' title='bbox 1706 358 2172 420; x_wconf 79' lang='lat' dir='ltr'><strong>ATHANASIUS.</strong></span> <span class='ocrx_word' id='word_1_4' title='bbox 2217 397 2285 408; x_wconf 66' lang='grc' dir='ltr'><strong>-ι</strong></span> <span class='ocrx_word' id='word_1_5' title='bbox 2330 367 2602 426; x_wconf 79' lang='lat' dir='ltr'><strong>SPURIA.</strong></span> 
     </span>
    </p>
   </div>
   <div class='ocr_carea' id='block_1_3' title="bbox 3592 378 3697 435">
    <p class='ocr_par' dir='ltr' id='par_1_3' title="bbox 3592 378 3697 435">
     <span class='ocr_line' id='line_1_3' title="bbox 3592 378 3697 435; baseline 0 0"><span class='ocrx_word' id='word_1_6' title='bbox 3592 378 3697 435; x_wconf 62' lang='lat'><strong>504</strong></span> 
     </span>
    </p>
   </div>
   <div class='ocr_carea' id='block_1_4' title="bbox 432 460 2009 565">
    <p class='ocr_par' dir='ltr' id='par_1_4' title="bbox 432 460 2009 546">
     <span class='ocr_line' id='line_1_4' title="bbox 432 460 2009 546; baseline 0.011 -31"><span class='ocrx_word' id='word_1_7' title='bbox 432 460 549 517; x_wconf 83' lang='lat' dir='ltr'><strong>Hoc</strong></span> <span class='ocrx_word' id='word_1_8' title='bbox 584 468 703 517; x_wconf 81' lang='lat' dir='ltr'><strong>erat</strong></span> <span class='ocrx_word' id='word_1_9' title='bbox 734 460 787 517; x_wconf 90' lang='lat' dir='ltr'><strong>in</strong></span> <span class='ocrx_word' id='word_1_10' title='bbox 808 462 1083 536; x_wconf 87' lang='lat' dir='ltr'><strong>principio</strong></span> <span class='ocrx_word' id='word_1_11' title='bbox 1115 467 1258 538; x_wconf 89' lang='lat' dir='ltr'><strong>apud</strong></span> <span class='ocrx_word' id='word_1_12' title='bbox 1292 468 1482 526; x_wconf 88' lang='lat' dir='ltr'><strong>Deum.</strong></span> <span class='ocrx_word' id='word_1_13' title='bbox 1512 471 1706 529; x_wconf 88' lang='lat' dir='ltr'><strong>Omnia</strong></span> <span class='ocrx_word' id='word_1_14' title='bbox 1723 476 2009 546; x_wconf 90' lang='lat' dir='ltr'><strong>peripsum</strong></span> 
     </span>
    </p>
   </div>
   <div class='ocr_carea' id='block_1_5' title="bbox 2123 460 3696 565">
    <p class='ocr_par' dir='ltr' id='par_1_5' title="bbox 2123 481 3696 565">
     <span class='ocr_line' id='line_1_5' title="bbox 2123 481 3696 565; baseline 0.01 -30"><span class='ocrx_word' id='word_1_15' title='bbox 2123 481 2261 555; x_wconf 72' lang='grc' dir='ltr'>ἀρχῇ</span> <span class='ocrx_word' id='word_1_16' title='bbox 2302 485 2441 556; x_wconf 79' lang='grc' dir='ltr'>πρὸς</span> <span class='ocrx_word' id='word_1_17' title='bbox 2470 487 2561 540; x_wconf 81' lang='grc' dir='ltr'>τὸν</span> <span class='ocrx_word' id='word_1_18' title='bbox 2607 490 2740 543; x_wconf 88' lang='grc' dir='ltr'>Θεόν</span> <span class='ocrx_word' id='word_1_19' title='bbox 2774 492 2909 565; x_wconf 86' lang='grc'><strong>(27).</strong></span> <span class='ocrx_word' id='word_1_20' title='bbox 2945 493 3129 548; x_wconf 82' lang='grc' dir='ltr'><strong>Πάντα</strong></span> <span class='ocrx_word' id='word_1_21' title='bbox 3175 493 3242 547; x_wconf 85' lang='grc' dir='ltr'>δι’</span> <span class='ocrx_word' id='word_1_22' title='bbox 3269 492 3433 548; x_wconf 79' lang='grc' dir='ltr'>αὐτοῦ</span> <span class='ocrx_word' id='word_1_23' title='bbox 3461 496 3696 565; x_wconf 80' lang='grc' dir='ltr'>ἐγένετο,</span> 
     </span>
    </p>
   </div>
   <div class='ocr_carea' id='block_1_6' title="bbox 432 553 2011 637">
    <p class='ocr_par' dir='ltr' id='par_1_6' title="bbox 432 553 2011 637">
     <span class='ocr_line' id='line_1_6' title="bbox 432 553 2011 637; baseline 0.011 -29"><span class='ocrx_word' id='word_1_24' title='bbox 432 553 577 609; x_wconf 84' lang='lat' dir='ltr'><strong>facta</strong></span> <span class='ocrx_word' id='word_1_25' title='bbox 608 565 757 616; x_wconf 88' lang='lat' dir='ltr'><strong>sunt,</strong></span> <span class='ocrx_word' id='word_1_26' title='bbox 790 565 844 611; x_wconf 92' lang='lat' dir='ltr'><strong>et</strong></span> <span class='ocrx_word' id='word_1_27' title='bbox 884 558 1003 613; x_wconf 87' lang='lat' dir='ltr'><strong>sine</strong></span> <span class='ocrx_word' id='word_1_28' title='bbox 1034 560 1153 628; x_wconf 82' lang='lat' dir='ltr'><strong>ipso</strong></span> <span class='ocrx_word' id='word_1_29' title='bbox 1185 559 1389 616; x_wconf 76' lang='lat' dir='ltr'><strong>factum</strong></span> <span class='ocrx_word' id='word_1_30' title='bbox 1430 572 1514 620; x_wconf 91' lang='lat' dir='ltr'><strong>est</strong></span> <span class='ocrx_word' id='word_1_31' title='bbox 1551 565 1709 630; x_wconf 83' lang='lat' dir='ltr'><strong>nihil,</strong></span> <span class='ocrx_word' id='word_1_32' title='bbox 1742 569 1889 637; x_wconf 90' lang='lat' dir='ltr'><strong>quod</strong></span> <span class='ocrx_word' id='word_1_33' title='bbox 1930 569 2011 624; x_wconf 84' lang='lat' dir='ltr'><strong>fa-</strong></span> 
     </span>
    </p>
   </div>
   <div class='ocr_carea' id='block_1_7' title="bbox 430 648 2012 730">
    <p class='ocr_par' dir='ltr' id='par_1_7' title="bbox 430 648 2012 730">
     <span class='ocr_line' id='line_1_7' title="bbox 430 648 2012 730; baseline 0.012 -31"><span class='ocrx_word' id='word_1_34' title='bbox 430 654 580 700; x_wconf 91' lang='lat' dir='ltr'><strong>ctum</strong></span> <span class='ocrx_word' id='word_1_35' title='bbox 620 655 705 701; x_wconf 91' lang='lat' dir='ltr'><strong>est</strong></span> <span class='ocrx_word' id='word_1_36' title='bbox 727 648 792 703; x_wconf 74' lang='lat'><strong>&quot;.</strong></span> <span class='ocrx_word' id='word_1_37' title='bbox 819 668 836 700; x_wconf 76' lang='grc' dir='ltr'><strong>ι</strong></span> <span class='ocrx_word' id='word_1_38' title='bbox 878 648 1091 721; x_wconf 80' lang='lat' dir='ltr'><strong>Singuli</strong></span> <span class='ocrx_word' id='word_1_39' title='bbox 1151 661 1467 711; x_wconf 89' lang='lat' dir='ltr'><strong>sanctorum</strong></span> <span class='ocrx_word' id='word_1_40' title='bbox 1516 661 1906 730; x_wconf 89' lang='lat' dir='ltr'><strong>prophetarum</strong></span> <span class='ocrx_word' id='word_1_41' title='bbox 1958 672 2012 718; x_wconf 89' lang='lat' dir='ltr'><strong>et</strong></span> 
     </span>
    </p>
   </div>
   <div class='ocr_carea' id='block_1_8' title="bbox 430 740 2009 823">
    <p class='ocr_par' dir='ltr' id='par_1_8' title="bbox 430 740 2009 823">
     <span class='ocr_line' id='line_1_8' title="bbox 430 740 2009 823; baseline 0.009 -30"><span class='ocrx_word' id='word_1_42' title='bbox 430 740 888 809; x_wconf 85' lang='lat' dir='ltr'><strong>evangelistarum</strong></span> <span class='ocrx_word' id='word_1_43' title='bbox 925 758 1049 796; x_wconf 80' lang='lat' dir='ltr'><strong>cum</strong></span> <span class='ocrx_word' id='word_1_44' title='bbox 1090 746 1437 815; x_wconf 88' lang='lat' dir='ltr'><strong>perspicaces</strong></span> <span class='ocrx_word' id='word_1_45' title='bbox 1466 758 1673 813; x_wconf 87' lang='lat' dir='ltr'><strong>essent,</strong></span> <span class='ocrx_word' id='word_1_46' title='bbox 1707 761 1761 807; x_wconf 92' lang='lat' dir='ltr'><strong>et</strong></span> <span class='ocrx_word' id='word_1_47' title='bbox 1797 752 2009 823; x_wconf 93' lang='lat' dir='ltr'><strong>Spiritu</strong></span> 
     </span>
    </p>
   </div>
   <div class='ocr_carea' id='block_1_9' title="bbox 432 832 2011 910">
    <p class='ocr_par' dir='ltr' id='par_1_9' title="bbox 432 832 2011 910">
     <span class='ocr_line' id='line_1_9' title="bbox 432 832 2011 910; baseline 0.009 -25"><span class='ocrx_word' id='word_1_48' title='bbox 432 840 624 885; x_wconf 83' lang='lat' dir='ltr'><strong>sancto</strong></span> <span class='ocrx_word' id='word_1_49' title='bbox 671 832 857 897; x_wconf 87' lang='lat' dir='ltr'><strong>alllati,</strong></span> <span class='ocrx_word' id='word_1_50' title='bbox 890 849 1140 905; x_wconf 86' lang='lat' dir='ltr'><strong>magnam</strong></span> <span class='ocrx_word' id='word_1_51' title='bbox 1191 845 1550 910; x_wconf 77' lang='lat' dir='ltr'><strong>sanctamque</strong></span> <span class='ocrx_word' id='word_1_52' title='bbox 1579 843 1811 898; x_wconf 89' lang='lat' dir='ltr'><strong>salutem</strong></span> <span class='ocrx_word' id='word_1_53' title='bbox 1845 859 2011 899; x_wconf 86' lang='lat' dir='ltr'><strong>enar-</strong></span> 
     </span>
    </p>
   </div>
   <div class='ocr_carea' id='block_1_10' title="bbox 431 924 2007 1004">
    <p class='ocr_par' dir='ltr' id='par_1_10' title="bbox 431 924 2007 1004">
     <span class='ocr_line' id='line_1_10' title="bbox 431 924 2007 1004; baseline 0.008 -28"><span class='ocrx_word' id='word_1_54' title='bbox 431 931 557 977; x_wconf 82' lang='lat' dir='ltr'><strong>rant</strong></span> <span class='ocrx_word' id='word_1_55' title='bbox 590 924 872 979; x_wconf 89' lang='lat' dir='ltr'><strong>hominum</strong></span> <span class='ocrx_word' id='word_1_56' title='bbox 904 927 1089 995; x_wconf 78' lang='lat' dir='ltr'><strong>generi</strong></span> <span class='ocrx_word' id='word_1_57' title='bbox 1124 925 1383 982; x_wconf 78' lang='lat' dir='ltr'><strong>futuram.</strong></span> <span class='ocrx_word' id='word_1_58' title='bbox 1421 928 1526 985; x_wconf 85' lang='lat' dir='ltr'><strong>Sed</strong></span> <span class='ocrx_word' id='word_1_59' title='bbox 1557 932 1756 987; x_wconf 80' lang='lat' dir='ltr'><strong>dixerit</strong></span> <span class='ocrx_word' id='word_1_60' title='bbox 1786 934 2007 1004; x_wconf 89' lang='lat' dir='ltr'><strong>aliquis,</strong></span> 
     </span>
    </p>
   </div>
   <div class='ocr_carea' id='block_1_11' title="bbox 433 1016 2008 1089">
    <p class='ocr_par' dir='ltr' id='par_1_11' title="bbox 433 1016 2008 1089">
     <span class='ocr_line' id='line_1_11' title="bbox 433 1016 2008 1089; baseline 0.009 -19"><span class='ocrx_word' id='word_1_61' title='bbox 433 1016 756 1083; x_wconf 82' lang='lat' dir='ltr'><strong>Quomodo?</strong></span> <span class='ocrx_word' id='word_1_62' title='bbox 780 1018 1152 1089; x_wconf 88' lang='lat' dir='ltr'><strong>Interpretare</strong></span> <span class='ocrx_word' id='word_1_63' title='bbox 1180 1020 1362 1077; x_wconf 89' lang='lat' dir='ltr'><strong>nobis.</strong></span> <span class='ocrx_word' id='word_1_64' title='bbox 1422 1022 1584 1088; x_wconf 81' lang='lat' dir='ltr'><strong>Audi,</strong></span> <span class='ocrx_word' id='word_1_65' title='bbox 1618 1026 1834 1082; x_wconf 92' lang='lat' dir='ltr'><strong>dilecte.</strong></span> <span class='ocrx_word' id='word_1_66' title='bbox 1871 1027 2008 1084; x_wconf 83' lang='lat' dir='ltr'><strong>Pro-</strong></span> 
     </span>
    </p>
   </div>
   <div class='ocr_carea' id='block_1_12' title="bbox 431 1111 2009 1185">
    <p class='ocr_par' dir='ltr' id='par_1_12' title="bbox 431 1111 2009 1185">
     <span class='ocr_line' id='line_1_12' title="bbox 431 1111 2009 1185; baseline 0.008 -22"><span class='ocrx_word' id='word_1_67' title='bbox 431 1111 625 1181; x_wconf 60' lang='lat' dir='ltr'><strong>pheta},</strong></span> <span class='ocrx_word' id='word_1_68' title='bbox 671 1112 747 1166; x_wconf 92' lang='lat' dir='ltr'><strong>uti</strong></span> <span class='ocrx_word' id='word_1_69' title='bbox 801 1128 967 1183; x_wconf 89' lang='lat' dir='ltr'><strong>supra</strong></span> <span class='ocrx_word' id='word_1_70' title='bbox 1008 1114 1144 1181; x_wconf 90' lang='lat' dir='ltr'><strong>dixi,</strong></span> <span class='ocrx_word' id='word_1_71' title='bbox 1178 1117 1530 1185; x_wconf 88' lang='lat' dir='ltr'><strong>perspicaces</strong></span> <span class='ocrx_word' id='word_1_72' title='bbox 1554 1132 1678 1171; x_wconf 91' lang='lat' dir='ltr'><strong>cum</strong></span> <span class='ocrx_word' id='word_1_73' title='bbox 1719 1118 1852 1183; x_wconf 90' lang='lat' dir='ltr'><strong>sint,</strong></span> <span class='ocrx_word' id='word_1_74' title='bbox 1882 1128 2009 1175; x_wconf 87' lang='lat' dir='ltr'><strong>ante</strong></span> 
     </span>
    </p>
   </div>
   <div class='ocr_carea' id='block_1_13' title="bbox 430 1206 2007 1279">
    <p class='ocr_par' dir='ltr' id='par_1_13' title="bbox 430 1206 2007 1279">
     <span class='ocr_line' id='line_1_13' title="bbox 430 1206 2007 1279; baseline 0.007 -22"><span class='ocrx_word' id='word_1_75' title='bbox 430 1210 513 1258; x_wconf 91' lang='lat' dir='ltr'><strong>tot</strong></span> <span class='ocrx_word' id='word_1_76' title='bbox 557 1206 1135 1277; x_wconf 66' lang='lat' dir='ltr'><strong>generationes,.quae</strong></span> <span class='ocrx_word' id='word_1_77' title='bbox 1188 1209 1373 1262; x_wconf 80' lang='lat' dir='ltr'><strong>futura</strong></span> <span class='ocrx_word' id='word_1_78' title='bbox 1428 1216 1559 1263; x_wconf 90' lang='lat' dir='ltr'><strong>sunt</strong></span> <span class='ocrx_word' id='word_1_79' title='bbox 1615 1213 2007 1279; x_wconf 72' lang='lat' dir='ltr'><strong>praenuntiant,</strong></span> 
     </span>
    </p>
   </div>
   <div class='ocr_carea' id='block_1_14' title="bbox 430 1297 2008 1374">
    <p class='ocr_par' dir='ltr' id='par_1_14' title="bbox 430 1297 2008 1374">
     <span class='ocr_line' id='line_1_14' title="bbox 430 1297 2008 1374; baseline 0.006 -24"><span class='ocrx_word' id='word_1_80' title='bbox 430 1297 688 1366; x_wconf 74' lang='lat' dir='ltr'><strong>clareque</strong></span> <span class='ocrx_word' id='word_1_81' title='bbox 727 1298 886 1368; x_wconf 77' lang='lat'><strong>182</strong></span> <span class='ocrx_word' id='word_1_82' title='bbox 938 1299 1120 1353; x_wconf 83' lang='lat' dir='ltr'><strong>futura</strong></span> <span class='ocrx_word' id='word_1_83' title='bbox 1168 1300 1450 1365; x_wconf 78' lang='lat' dir='ltr'><strong>exhibent,</strong></span> <span class='ocrx_word' id='word_1_84' title='bbox 1491 1302 1653 1370; x_wconf 73' lang='lat' dir='ltr'><strong>Quasi</strong></span> <span class='ocrx_word' id='word_1_85' title='bbox 1712 1305 2008 1374; x_wconf 61' lang='lat' dir='ltr'><strong>praesentia</strong></span> 
     </span>
    </p>
   </div>
   <div class='ocr_carea' id='block_1_15' title="bbox 429 1385 2010 1463">
    <p class='ocr_par' dir='ltr' id='par_1_15' title="bbox 429 1385 2010 1463">
     <span class='ocr_line' id='line_1_15' title="bbox 429 1385 2010 1463; baseline 0.007 -23"><span class='ocrx_word' id='word_1_86' title='bbox 429 1395 636 1441; x_wconf 89' lang='lat' dir='ltr'><strong>essent.</strong></span> <span class='ocrx_word' id='word_1_87' title='bbox 664 1385 963 1458; x_wconf 88' lang='lat' dir='ltr'><strong>Itidemque</strong></span> <span class='ocrx_word' id='word_1_88' title='bbox 1007 1390 1189 1459; x_wconf 82' lang='lat' dir='ltr'><strong>magni</strong></span> <span class='ocrx_word' id='word_1_89' title='bbox 1224 1393 1594 1461; x_wconf 55' lang='lat' dir='ltr'><strong>evangelista,</strong></span> <span class='ocrx_word' id='word_1_90' title='bbox 1624 1408 1747 1463; x_wconf 80' lang='lat' dir='ltr'><strong>quae</strong></span> <span class='ocrx_word' id='word_1_91' title='bbox 1796 1396 1865 1451; x_wconf 91' lang='lat' dir='ltr'><strong>de</strong></span> <span class='ocrx_word' id='word_1_92' title='bbox 1909 1396 2010 1450; x_wconf 83' lang='lat' dir='ltr'><strong>ad-</strong></span> 
     </span>
    </p>
   </div>
   <div class='ocr_carea' id='block_1_16' title="bbox 430 1476 2004 1559">
    <p class='ocr_par' dir='ltr' id='par_1_16' title="bbox 430 1476 2004 1559">
     <span class='ocr_line' id='line_1_16' title="bbox 430 1476 2004 1559; baseline 0.008 -29"><span class='ocrx_word' id='word_1_93' title='bbox 430 1484 595 1531; x_wconf 79' lang='lat' dir='ltr'><strong>ventu</strong></span> <span class='ocrx_word' id='word_1_94' title='bbox 637 1476 798 1532; x_wconf 82' lang='lat' dir='ltr'><strong>Verbi</strong></span> <span class='ocrx_word' id='word_1_95' title='bbox 852 1494 881 1532; x_wconf 89' lang='lat' dir='ltr'><strong>a</strong></span> <span class='ocrx_word' id='word_1_96' title='bbox 946 1482 1232 1552; x_wconf 88' lang='lat' dir='ltr'><strong>prophetis</strong></span> <span class='ocrx_word' id='word_1_97' title='bbox 1269 1484 1526 1553; x_wconf 68' lang='lat' dir='ltr'><strong>praedicta</strong></span> <span class='ocrx_word' id='word_1_98' title='bbox 1573 1484 1747 1551; x_wconf 80' lang='lat' dir='ltr'><strong>fuere,</strong></span> <span class='ocrx_word' id='word_1_99' title='bbox 1806 1488 2004 1559; x_wconf 85' lang='lat' dir='ltr'><strong>singuli</strong></span> 
     </span>
    </p>
   </div>
   <div class='ocr_carea' id='block_1_17' title="bbox 429 1570 2009 1651">
    <p class='ocr_par' dir='ltr' id='par_1_17' title="bbox 429 1570 2009 1651">
     <span class='ocr_line' id='line_1_17' title="bbox 429 1570 2009 1651; baseline 0.009 -30"><span class='ocrx_word' id='word_1_100' title='bbox 429 1570 793 1635; x_wconf 76' lang='lat' dir='ltr'><strong>conﬁrmant,</strong></span> <span class='ocrx_word' id='word_1_101' title='bbox 841 1572 1071 1642; x_wconf 88' lang='lat' dir='ltr'><strong>allegata</strong></span> <span class='ocrx_word' id='word_1_102' title='bbox 1109 1575 1200 1628; x_wconf 78' lang='lat' dir='ltr'><strong>illa</strong></span> <span class='ocrx_word' id='word_1_103' title='bbox 1242 1578 1718 1645; x_wconf 66' lang='lat' dir='ltr'><strong>praanuntiatione.</strong></span> <span class='ocrx_word' id='word_1_104' title='bbox 1763 1578 2009 1651; x_wconf 87' lang='lat' dir='ltr'><strong>Exempli</strong></span> 
     </span>
    </p>
   </div>
   <div class='ocr_carea' id='block_1_18' title="bbox 428 1666 2008 1738">
    <p class='ocr_par' dir='ltr' id='par_1_18' title="bbox 428 1666 2008 1738">
     <span class='ocr_line' id='line_1_18' title="bbox 428 1666 2008 1738; baseline 0.008 -22"><span class='ocrx_word' id='word_1_105' title='bbox 428 1678 628 1719; x_wconf 88' lang='lat' dir='ltr'><strong>causa:</strong></span> <span class='ocrx_word' id='word_1_106' title='bbox 659 1680 891 1734; x_wconf 87' lang='lat' dir='ltr'><strong>magnus</strong></span> <span class='ocrx_word' id='word_1_107' title='bbox 928 1666 1100 1722; x_wconf 79' lang='lat' dir='ltr'><strong>Isaias</strong></span> <span class='ocrx_word' id='word_1_108' title='bbox 1141 1669 1403 1738; x_wconf 84' lang='lat' dir='ltr'><strong>propheta</strong></span> <span class='ocrx_word' id='word_1_109' title='bbox 1463 1671 1540 1725; x_wconf 87' lang='lat' dir='ltr'><strong>ait</strong></span> <span class='ocrx_word' id='word_1_110' title='bbox 1572 1690 1584 1725; x_wconf 90' lang='lat'><strong>:</strong></span> <span class='ocrx_word' id='word_1_111' title='bbox 1633 1689 1651 1723; x_wconf 79' lang='grc' dir='ltr'><strong>ι</strong></span> <span class='ocrx_word' id='word_1_112' title='bbox 1680 1671 1848 1738; x_wconf 87' lang='lat' dir='ltr'><strong>Quasi</strong></span> <span class='ocrx_word' id='word_1_113' title='bbox 1889 1674 2008 1729; x_wconf 86' lang='lat' dir='ltr'><strong>ovis</strong></span> 
     </span>
    </p>
   </div>
   <div class='ocr_carea' id='block_1_19' title="bbox 429 1758 2007 1834">
    <p class='ocr_par' dir='ltr' id='par_1_19' title="bbox 429 1758 2007 1834">
     <span class='ocr_line' id='line_1_19' title="bbox 429 1758 2007 1834; baseline 0.006 -25"><span class='ocrx_word' id='word_1_114' title='bbox 429 1758 493 1812; x_wconf 83' lang='lat' dir='ltr'><strong>ad</strong></span> <span class='ocrx_word' id='word_1_115' title='bbox 517 1758 851 1815; x_wconf 90' lang='lat' dir='ltr'><strong>occisionem</strong></span> <span class='ocrx_word' id='word_1_116' title='bbox 903 1759 1103 1817; x_wconf 92' lang='lat' dir='ltr'><strong>ductus</strong></span> <span class='ocrx_word' id='word_1_117' title='bbox 1132 1770 1238 1827; x_wconf 90' lang='lat' dir='ltr'><strong>est,</strong></span> <span class='ocrx_word' id='word_1_118' title='bbox 1286 1771 1341 1819; x_wconf 90' lang='lat' dir='ltr'><strong>et</strong></span> <span class='ocrx_word' id='word_1_119' title='bbox 1384 1764 1543 1834; x_wconf 92' lang='lat' dir='ltr'><strong>quasi</strong></span> <span class='ocrx_word' id='word_1_120' title='bbox 1597 1778 1773 1833; x_wconf 87' lang='lat' dir='ltr'><strong>agnus</strong></span> <span class='ocrx_word' id='word_1_121' title='bbox 1820 1779 2007 1819; x_wconf 90' lang='lat' dir='ltr'><strong>coram</strong></span> 
     </span>
    </p>
   </div>
   <div class='ocr_carea' id='block_1_20' title="bbox 2118 575 3697 655">
    <p class='ocr_par' dir='ltr' id='par_1_20' title="bbox 2118 575 3697 655">
     <span class='ocr_line' id='line_1_20' title="bbox 2118 575 3697 655; baseline 0.011 -30"><span class='ocrx_word' id='word_1_122' title='bbox 2118 575 2212 626; x_wconf 68' lang='grc' dir='ltr'><strong>καὶ</strong></span> <span class='ocrx_word' id='word_1_123' title='bbox 2234 577 2404 646; x_wconf 77' lang='grc' dir='ltr'>χωρὶς</span> <span class='ocrx_word' id='word_1_124' title='bbox 2426 578 2592 633; x_wconf 81' lang='grc' dir='ltr'>αὐτοῦ</span> <span class='ocrx_word' id='word_1_125' title='bbox 2624 580 2839 650; x_wconf 79' lang='grc' dir='ltr'>ἐγένετο</span> <span class='ocrx_word' id='word_1_126' title='bbox 2875 585 2993 637; x_wconf 82' lang='grc' dir='ltr'>οὐδὲ</span> <span class='ocrx_word' id='word_1_127' title='bbox 3027 584 3105 649; x_wconf 86' lang='grc' dir='ltr'><strong>ἒν,</strong></span> <span class='ocrx_word' id='word_1_128' title='bbox 3134 585 3164 638; x_wconf 84' lang='lat'><strong>6</strong></span> <span class='ocrx_word' id='word_1_129' title='bbox 3192 585 3431 655; x_wconf 87' lang='grc' dir='ltr'>γέγονεν.</span> <span class='ocrx_word' id='word_1_130' title='bbox 3467 606 3486 638; x_wconf 77' lang='grc' dir='ltr'><strong>ι</strong></span> <span class='ocrx_word' id='word_1_131' title='bbox 3521 587 3697 642; x_wconf 77' lang='grc' dir='ltr'><strong>Ἐκα-</strong></span> 
     </span>
    </p>
   </div>
   <div class='ocr_carea' id='block_1_21' title="bbox 2120 667 3700 751">
    <p class='ocr_par' dir='ltr' id='par_1_21' title="bbox 2120 667 3700 751">
     <span class='ocr_line' id='line_1_21' title="bbox 2120 667 3700 751; baseline 0.01 -34"><span class='ocrx_word' id='word_1_132' title='bbox 2120 682 2245 729; x_wconf 88' lang='grc' dir='ltr'>στος</span> <span class='ocrx_word' id='word_1_133' title='bbox 2271 667 2381 722; x_wconf 84' lang='grc' dir='ltr'><strong>τῶν</strong></span> <span class='ocrx_word' id='word_1_134' title='bbox 2406 670 2576 738; x_wconf 85' lang='grc' dir='ltr'>ἁγίων</span> <span class='ocrx_word' id='word_1_135' title='bbox 2603 674 2897 744; x_wconf 78' lang='grc' dir='ltr'><strong>προφητῶν</strong></span> <span class='ocrx_word' id='word_1_136' title='bbox 2930 676 3023 729; x_wconf 77' lang='grc' dir='ltr'>καὶ</span> <span class='ocrx_word' id='word_1_137' title='bbox 3051 676 3468 745; x_wconf 78' lang='grc' dir='ltr'>εὐαγγελιστῶν,</span> <span class='ocrx_word' id='word_1_138' title='bbox 3516 678 3700 751; x_wconf 89' lang='grc' dir='ltr'>διορα-</span> 
     </span>
    </p>
   </div>
   <div class='ocr_carea' id='block_1_22' title="bbox 2114 758 3696 840">
    <p class='ocr_par' dir='ltr' id='par_1_22' title="bbox 2114 758 3696 840">
     <span class='ocr_line' id='line_1_22' title="bbox 2114 758 3696 840; baseline 0.009 -32"><span class='ocrx_word' id='word_1_139' title='bbox 2114 759 2257 811; x_wconf 76' lang='grc' dir='ltr'>τικοὶ</span> <span class='ocrx_word' id='word_1_140' title='bbox 2278 758 2451 824; x_wconf 78' lang='grc' dir='ltr'>ὄντες,</span> <span class='ocrx_word' id='word_1_141' title='bbox 2489 762 2584 815; x_wconf 78' lang='grc' dir='ltr'><strong>καὶ</strong></span> <span class='ocrx_word' id='word_1_142' title='bbox 2611 763 2959 835; x_wconf 79' lang='grc' dir='ltr'>ὲνηχούμενοι</span> <span class='ocrx_word' id='word_1_143' title='bbox 2985 766 3091 821; x_wconf 80' lang='grc' dir='ltr'><strong>ὑπὸ</strong></span> <span class='ocrx_word' id='word_1_144' title='bbox 3117 767 3210 820; x_wconf 79' lang='grc' dir='ltr'><strong>τοῦ</strong></span> <span class='ocrx_word' id='word_1_145' title='bbox 3239 769 3554 840; x_wconf 86' lang='grc' dir='ltr'>Πνεύματος</span> <span class='ocrx_word' id='word_1_146' title='bbox 3599 770 3696 823; x_wconf 78' lang='grc' dir='ltr'>τοῦ</span> 
     </span>
    </p>
   </div>
   <div class='ocr_carea' id='block_1_23' title="bbox 2118 850 3699 933">
    <p class='ocr_par' dir='ltr' id='par_1_23' title="bbox 2118 850 3699 933">
     <span class='ocr_line' id='line_1_23' title="bbox 2118 850 3699 933; baseline 0.009 -30"><span class='ocrx_word' id='word_1_147' title='bbox 2118 850 2300 919; x_wconf 83' lang='grc' dir='ltr'>ἁγίου,</span> <span class='ocrx_word' id='word_1_148' title='bbox 2334 853 2651 923; x_wconf 82' lang='grc' dir='ltr'><strong>διηγοῦνται</strong></span> <span class='ocrx_word' id='word_1_149' title='bbox 2683 859 2863 911; x_wconf 79' lang='grc' dir='ltr'>πᾶσαν</span> <span class='ocrx_word' id='word_1_150' title='bbox 2890 859 2989 930; x_wconf 86' lang='grc' dir='ltr'>τὴν</span> <span class='ocrx_word' id='word_1_151' title='bbox 3017 860 3173 929; x_wconf 86' lang='grc' dir='ltr'>ἁγίαν</span> <span class='ocrx_word' id='word_1_152' title='bbox 3202 860 3295 914; x_wconf 73' lang='grc' dir='ltr'>καὶ</span> <span class='ocrx_word' id='word_1_153' title='bbox 3319 860 3561 933; x_wconf 84' lang='grc' dir='ltr'><strong>μεγάλην</strong></span> <span class='ocrx_word' id='word_1_154' title='bbox 3594 879 3699 917; x_wconf 87' lang='grc' dir='ltr'>σω-</span> 
     </span>
    </p>
   </div>
   <div class='ocr_carea' id='block_1_24' title="bbox 2114 944 3699 1028">
    <p class='ocr_par' dir='ltr' id='par_1_24' title="bbox 2114 944 3699 1028">
     <span class='ocr_line' id='line_1_24' title="bbox 2114 944 3699 1028; baseline 0.009 -33"><span class='ocrx_word' id='word_1_155' title='bbox 2114 944 2329 1013; x_wconf 88' lang='grc' dir='ltr'>τηρίαν,</span> <span class='ocrx_word' id='word_1_156' title='bbox 2352 946 2450 1016; x_wconf 87' lang='grc' dir='ltr'>τὴν</span> <span class='ocrx_word' id='word_1_157' title='bbox 2483 947 2780 1016; x_wconf 88' lang='grc' dir='ltr'>μέλλουσαν</span> <span class='ocrx_word' id='word_1_158' title='bbox 2803 949 3044 1018; x_wconf 86' lang='grc' dir='ltr'>γίνεσθαι</span> <span class='ocrx_word' id='word_1_159' title='bbox 3076 951 3155 1022; x_wconf 84' lang='grc' dir='ltr'><strong>τῷ</strong></span> <span class='ocrx_word' id='word_1_160' title='bbox 3185 953 3330 1022; x_wconf 89' lang='grc' dir='ltr'>γένει</span> <span class='ocrx_word' id='word_1_161' title='bbox 3349 953 3459 1008; x_wconf 88' lang='grc' dir='ltr'><strong>τῶν</strong></span> <span class='ocrx_word' id='word_1_162' title='bbox 3486 954 3699 1028; x_wconf 63' lang='grc' dir='ltr'>ἀνθρώε</span> 
     </span>
    </p>
   </div>
   <div class='ocr_carea' id='block_1_25' title="bbox 2116 1037 3692 1118">
    <p class='ocr_par' dir='ltr' id='par_1_25' title="bbox 2116 1037 3692 1118">
     <span class='ocr_line' id='line_1_25' title="bbox 2116 1037 3692 1118; baseline 0.007 -29"><span class='ocrx_word' id='word_1_163' title='bbox 2116 1050 2236 1090; x_wconf 86' lang='grc' dir='ltr'><strong>πων</strong></span> <span class='ocrx_word' id='word_1_164' title='bbox 2268 1037 2401 1107; x_wconf 86' lang='grc'><strong>(28).</strong></span> <span class='ocrx_word' id='word_1_165' title='bbox 2450 1039 2587 1092; x_wconf 81' lang='grc' dir='ltr'>Ἀλλ’</span> <span class='ocrx_word' id='word_1_166' title='bbox 2635 1041 2752 1112; x_wconf 80' lang='grc' dir='ltr'>έρεί</span> <span class='ocrx_word' id='word_1_167' title='bbox 2777 1059 2881 1106; x_wconf 88' lang='grc' dir='ltr'>τις,</span> <span class='ocrx_word' id='word_1_168' title='bbox 2916 1042 3072 1109; x_wconf 88' lang='grc' dir='ltr'>Πῶς;</span> <span class='ocrx_word' id='word_1_169' title='bbox 3120 1046 3486 1117; x_wconf 80' lang='grc' dir='ltr'>Ἐρμήνευσον</span> <span class='ocrx_word' id='word_1_170' title='bbox 3539 1047 3692 1118; x_wconf 78' lang='grc' dir='ltr'>ἡμῖν.</span> 
     </span>
    </p>
   </div>
   <div class='ocr_carea' id='block_1_26' title="bbox 2121 1129 3699 1207">
    <p class='ocr_par' dir='ltr' id='par_1_26' title="bbox 2121 1129 3699 1207">
     <span class='ocr_line' id='line_1_26' title="bbox 2121 1129 3699 1207; baseline 0.006 -27"><span class='ocrx_word' id='word_1_171' title='bbox 2121 1129 2408 1192; x_wconf 81' lang='grc' dir='ltr'>Ἀκουσον,</span> <span class='ocrx_word' id='word_1_172' title='bbox 2440 1132 2712 1203; x_wconf 85' lang='grc' dir='ltr'>ἁγαπητέ.</span> <span class='ocrx_word' id='word_1_173' title='bbox 2746 1134 2810 1186; x_wconf 83' lang='lat' dir='ltr'><strong>Ol</strong></span> <span class='ocrx_word' id='word_1_174' title='bbox 2848 1134 2946 1205; x_wconf 86' lang='grc' dir='ltr'><strong>μὲν</strong></span> <span class='ocrx_word' id='word_1_175' title='bbox 2972 1136 3269 1207; x_wconf 80' lang='grc' dir='ltr'><strong>προφῆται,</strong></span> <span class='ocrx_word' id='word_1_176' title='bbox 3305 1135 3487 1199; x_wconf 84' lang='grc' dir='ltr'>καθὼς</span> <span class='ocrx_word' id='word_1_177' title='bbox 3511 1138 3699 1207; x_wconf 78' lang='grc' dir='ltr'>προεῖ-</span> 
     </span>
    </p>
   </div>
   <div class='ocr_carea' id='block_1_27' title="bbox 2119 1220 3701 1298">
    <p class='ocr_par' dir='ltr' id='par_1_27' title="bbox 2119 1220 3701 1298">
     <span class='ocr_line' id='line_1_27' title="bbox 2119 1220 3701 1298; baseline 0.006 -25"><span class='ocrx_word' id='word_1_178' title='bbox 2119 1237 2246 1285; x_wconf 85' lang='grc' dir='ltr'>πον,</span> <span class='ocrx_word' id='word_1_179' title='bbox 2280 1220 2580 1293; x_wconf 77' lang='grc' dir='ltr'>διορατικοὶ</span> <span class='ocrx_word' id='word_1_180' title='bbox 2622 1224 2795 1290; x_wconf 75' lang='grc' dir='ltr'>ὄντες,</span> <span class='ocrx_word' id='word_1_181' title='bbox 2834 1226 3160 1297; x_wconf 75' lang='grc' dir='ltr'><strong>σημαίνουσι</strong></span> <span class='ocrx_word' id='word_1_182' title='bbox 3187 1228 3255 1281; x_wconf 85' lang='grc' dir='ltr'>τὰ</span> <span class='ocrx_word' id='word_1_183' title='bbox 3278 1227 3539 1298; x_wconf 77' lang='grc' dir='ltr'>μέλλοντα</span> <span class='ocrx_word' id='word_1_184' title='bbox 3580 1228 3701 1281; x_wconf 74' lang='lat' dir='ltr'><strong>Eos-</strong></span> 
     </span>
    </p>
   </div>
   <div class='ocr_carea' id='block_1_28' title="bbox 2118 1312 3698 1386">
    <p class='ocr_par' dir='ltr' id='par_1_28' title="bbox 2118 1312 3698 1386">
     <span class='ocr_line' id='line_1_28' title="bbox 2118 1312 3698 1386; baseline 0.005 -19"><span class='ocrx_word' id='word_1_185' title='bbox 2118 1312 2241 1367; x_wconf 87' lang='grc' dir='ltr'>σθαι</span> <span class='ocrx_word' id='word_1_186' title='bbox 2272 1315 2379 1386; x_wconf 82' lang='grc' dir='ltr'><strong>πρὸ</strong></span> <span class='ocrx_word' id='word_1_187' title='bbox 2405 1316 2675 1371; x_wconf 82' lang='grc' dir='ltr'>τοσούτων</span> <span class='ocrx_word' id='word_1_188' title='bbox 2704 1317 2925 1385; x_wconf 85' lang='grc' dir='ltr'>γενεῶν,</span> <span class='ocrx_word' id='word_1_189' title='bbox 2946 1318 3233 1383; x_wconf 83' lang='grc' dir='ltr'>δεικτικῶς</span> <span class='ocrx_word' id='word_1_190' title='bbox 3259 1320 3594 1386; x_wconf 77' lang='grc' dir='ltr'><strong>δεικνύοντες</strong></span> <span class='ocrx_word' id='word_1_191' title='bbox 3619 1321 3698 1386; x_wconf 86' lang='grc' dir='ltr'>ὡς</span> 
     </span>
    </p>
   </div>
   <div class='ocr_carea' id='block_1_29' title="bbox 2116 1405 3700 1483">
    <p class='ocr_par' dir='ltr' id='par_1_29' title="bbox 2116 1405 3700 1483">
     <span class='ocr_line' id='line_1_29' title="bbox 2116 1405 3700 1483; baseline 0.007 -26"><span class='ocrx_word' id='word_1_192' title='bbox 2116 1405 2359 1476; x_wconf 85' lang='grc' dir='ltr'>παρόντα</span> <span class='ocrx_word' id='word_1_193' title='bbox 2390 1406 2457 1459; x_wconf 82' lang='grc' dir='ltr'><strong>τά</strong></span> <span class='ocrx_word' id='word_1_194' title='bbox 2487 1408 2765 1479; x_wconf 84' lang='grc' dir='ltr'>μέλλοντα.</span> <span class='ocrx_word' id='word_1_195' title='bbox 2813 1410 3043 1481; x_wconf 84' lang='grc' dir='ltr'><strong>Ὁμοίως</strong></span> <span class='ocrx_word' id='word_1_196' title='bbox 3074 1412 3169 1464; x_wconf 78' lang='grc' dir='ltr'>καὶ</span> <span class='ocrx_word' id='word_1_197' title='bbox 3198 1412 3247 1463; x_wconf 82' lang='grc' dir='ltr'>οἱ</span> <span class='ocrx_word' id='word_1_198' title='bbox 3285 1412 3509 1483; x_wconf 80' lang='grc' dir='ltr'>μεγάλοι</span> <span class='ocrx_word' id='word_1_199' title='bbox 3533 1414 3700 1482; x_wconf 76' lang='grc' dir='ltr'>εὐαγ-</span> 
     </span>
    </p>
   </div>
   <div class='ocr_carea' id='block_1_30' title="bbox 2114 1496 3701 1577">
    <p class='ocr_par' dir='ltr' id='par_1_30' title="bbox 2114 1496 3701 1577">
     <span class='ocr_line' id='line_1_30' title="bbox 2114 1496 3701 1577; baseline -0.007 -9"><span class='ocrx_word' id='word_1_200' title='bbox 2114 1496 2362 1565; x_wconf 66' lang='grc' dir='ltr'><strong>Υελιστσλ</strong></span> <span class='ocrx_word' id='word_1_201' title='bbox 2391 1499 2502 1567; x_wconf 63' lang='grc'><strong>(29)</strong></span> <span class='ocrx_word' id='word_1_202' title='bbox 2543 1501 2636 1553; x_wconf 76' lang='grc' dir='ltr'><strong>ἐπὶ</strong></span> <span class='ocrx_word' id='word_1_203' title='bbox 2664 1504 2730 1573; x_wconf 84' lang='grc' dir='ltr'>τῇ</span> <span class='ocrx_word' id='word_1_204' title='bbox 2763 1502 3029 1573; x_wconf 73' lang='grc' dir='ltr'><strong>ἐπιδημίᾳ</strong></span> <span class='ocrx_word' id='word_1_205' title='bbox 3056 1503 3149 1556; x_wconf 85' lang='grc' dir='ltr'>τοῦ</span> <span class='ocrx_word' id='word_1_206' title='bbox 3172 1504 3368 1572; x_wconf 87' lang='grc' dir='ltr'>Λόγου,</span> <span class='ocrx_word' id='word_1_207' title='bbox 3395 1504 3465 1558; x_wconf 79' lang='grc' dir='ltr'>τὰ</span> <span class='ocrx_word' id='word_1_208' title='bbox 3495 1521 3701 1577; x_wconf 81' lang='grc' dir='ltr'>προκη-</span> 
     </span>
    </p>
   </div>
   <div class='ocr_carea' id='block_1_31' title="bbox 2119 1590 3701 1670">
    <p class='ocr_par' dir='ltr' id='par_1_31' title="bbox 2119 1590 3701 1670">
     <span class='ocr_line' id='line_1_31' title="bbox 2119 1590 3701 1670; baseline 0.006 -27"><span class='ocrx_word' id='word_1_209' title='bbox 2119 1590 2382 1661; x_wconf 86' lang='grc' dir='ltr'>ρυχθέντα</span> <span class='ocrx_word' id='word_1_210' title='bbox 2402 1592 2490 1646; x_wconf 81' lang='grc' dir='ltr'>διὰ</span> <span class='ocrx_word' id='word_1_211' title='bbox 2528 1593 2636 1647; x_wconf 86' lang='grc' dir='ltr'><strong>τῶν</strong></span> <span class='ocrx_word' id='word_1_212' title='bbox 2669 1594 2963 1667; x_wconf 81' lang='grc' dir='ltr'>προφητῶν</span> <span class='ocrx_word' id='word_1_213' title='bbox 2995 1596 3301 1666; x_wconf 83' lang='grc' dir='ltr'>βεϐαιοῦσιν</span> <span class='ocrx_word' id='word_1_214' title='bbox 3324 1598 3555 1663; x_wconf 73' lang='grc' dir='ltr'>ἕκαστος</span> <span class='ocrx_word' id='word_1_215' title='bbox 3599 1600 3701 1670; x_wconf 79' lang='grc' dir='ltr'>τὴν</span> 
     </span>
    </p>
   </div>
   <div class='ocr_carea' id='block_1_32' title="bbox 2115 1681 3703 1761">
    <p class='ocr_par' dir='ltr' id='par_1_32' title="bbox 2115 1681 3703 1761">
     <span class='ocr_line' id='line_1_32' title="bbox 2115 1681 3703 1761; baseline 0.007 -30"><span class='ocrx_word' id='word_1_216' title='bbox 2115 1683 2501 1753; x_wconf 83' lang='grc' dir='ltr'>προσημασίαν</span> <span class='ocrx_word' id='word_1_217' title='bbox 2528 1686 2585 1737; x_wconf 83' lang='grc' dir='ltr'><strong>ὲν</strong></span> <span class='ocrx_word' id='word_1_218' title='bbox 2614 1688 2727 1749; x_wconf 81' lang='grc' dir='ltr'>τοῖς</span> <span class='ocrx_word' id='word_1_219' title='bbox 2748 1685 3120 1754; x_wconf 79' lang='grc' dir='ltr'>Εὐαγγελίοις.</span> <span class='ocrx_word' id='word_1_220' title='bbox 3146 1681 3293 1741; x_wconf 86' lang='grc' dir='ltr'>Οἷον·</span> <span class='ocrx_word' id='word_1_221' title='bbox 3322 1689 3350 1740; x_wconf 97' lang='lat'><strong>6</strong></span> <span class='ocrx_word' id='word_1_222' title='bbox 3374 1688 3547 1758; x_wconf 82' lang='grc' dir='ltr'><strong>μέγας</strong></span> <span class='ocrx_word' id='word_1_223' title='bbox 3569 1705 3703 1761; x_wconf 87' lang='grc' dir='ltr'>προ-</span> 
     </span>
    </p>
   </div>
   <div class='ocr_carea' id='block_1_33' title="bbox 2117 1776 3705 1850">
    <p class='ocr_par' dir='ltr' id='par_1_33' title="bbox 2117 1776 3705 1850">
     <span class='ocr_line' id='line_1_33' title="bbox 2117 1776 3705 1850; baseline 0.006 -25"><span class='ocrx_word' id='word_1_224' title='bbox 2117 1776 2294 1845; x_wconf 80' lang='grc' dir='ltr'>φήτης</span> <span class='ocrx_word' id='word_1_225' title='bbox 2331 1776 2555 1839; x_wconf 77' lang='grc' dir='ltr'>Ἡσαΐας</span> <span class='ocrx_word' id='word_1_226' title='bbox 2579 1776 2762 1845; x_wconf 80' lang='grc' dir='ltr'>λέγει’</span> <span class='ocrx_word' id='word_1_227' title='bbox 2803 1795 2822 1828; x_wconf 77' lang='grc' dir='ltr'><strong>ι</strong></span> <span class='ocrx_word' id='word_1_228' title='bbox 2877 1778 2965 1842; x_wconf 79' lang='grc' dir='ltr'>Ὠς</span> <span class='ocrx_word' id='word_1_229' title='bbox 3001 1778 3271 1849; x_wconf 89' lang='grc' dir='ltr'>πρόϐατον</span> <span class='ocrx_word' id='word_1_230' title='bbox 3303 1777 3394 1832; x_wconf 76' lang='grc' dir='ltr'><strong>ἐπὶ</strong></span> <span class='ocrx_word' id='word_1_231' title='bbox 3424 1778 3538 1850; x_wconf 78' lang='grc'><strong>(50)</strong></span> <span class='ocrx_word' id='word_1_232' title='bbox 3570 1797 3705 1850; x_wconf 79' lang='grc' dir='ltr'>σφα-</span> 
     </span>
    </p>
   </div>
   <div class='ocr_carea' id='block_1_34' title="bbox 428 1850 2009 1944">
    <p class='ocr_par' dir='ltr' id='par_1_34' title="bbox 428 1850 2009 1927">
     <span class='ocr_line' id='line_1_34' title="bbox 428 1850 2009 1927; baseline 0.003 -23"><span class='ocrx_word' id='word_1_233' title='bbox 428 1850 689 1907; x_wconf 90' lang='lat' dir='ltr'><strong>tondente</strong></span> <span class='ocrx_word' id='word_1_234' title='bbox 708 1868 765 1908; x_wconf 89' lang='lat' dir='ltr'><strong>se</strong></span> <span class='ocrx_word' id='word_1_235' title='bbox 800 1853 919 1909; x_wconf 91' lang='lat' dir='ltr'><strong>sine</strong></span> <span class='ocrx_word' id='word_1_236' title='bbox 948 1869 1103 1917; x_wconf 88' lang='lat' dir='ltr'><strong>voce,</strong></span> <span class='ocrx_word' id='word_1_237' title='bbox 1142 1856 1222 1909; x_wconf 90' lang='lat' dir='ltr'><strong>sic</strong></span> <span class='ocrx_word' id='word_1_238' title='bbox 1274 1872 1384 1911; x_wconf 91' lang='lat' dir='ltr'><strong>non</strong></span> <span class='ocrx_word' id='word_1_239' title='bbox 1440 1857 1619 1927; x_wconf 89' lang='lat' dir='ltr'><strong>aperit</strong></span> <span class='ocrx_word' id='word_1_240' title='bbox 1646 1873 1710 1913; x_wconf 89' lang='lat' dir='ltr'><strong>os</strong></span> <span class='ocrx_word' id='word_1_241' title='bbox 1734 1872 1915 1911; x_wconf 91' lang='lat' dir='ltr'><strong>suum.</strong></span> <span class='ocrx_word' id='word_1_242' title='bbox 1944 1855 2009 1909; x_wconf 90' lang='lat' dir='ltr'><strong>Et</strong></span> 
     </span>
    </p>
   </div>
   <div class='ocr_carea' id='block_1_35' title="bbox 2123 1850 3703 1944">
    <p class='ocr_par' dir='ltr' id='par_1_35' title="bbox 2123 1865 3703 1944">
     <span class='ocr_line' id='line_1_35' title="bbox 2123 1865 3703 1944; baseline 0.006 -26"><span class='ocrx_word' id='word_1_243' title='bbox 2123 1866 2215 1937; x_wconf 80' lang='grc' dir='ltr'><strong>γὴν</strong></span> <span class='ocrx_word' id='word_1_244' title='bbox 2244 1865 2408 1937; x_wconf 75' lang='grc' dir='ltr'>ἢχθη,</span> <span class='ocrx_word' id='word_1_245' title='bbox 2436 1869 2528 1921; x_wconf 72' lang='grc' dir='ltr'><strong>καὶ</strong></span> <span class='ocrx_word' id='word_1_246' title='bbox 2552 1868 2627 1932; x_wconf 87' lang='grc' dir='ltr'>ὼς</span> <span class='ocrx_word' id='word_1_247' title='bbox 2653 1869 2824 1941; x_wconf 84' lang='grc' dir='ltr'>ἀμνὸς</span> <span class='ocrx_word' id='word_1_248' title='bbox 2845 1871 3084 1924; x_wconf 77' lang='grc' dir='ltr'>ἐναντίον</span> <span class='ocrx_word' id='word_1_249' title='bbox 3111 1871 3205 1925; x_wconf 78' lang='grc' dir='ltr'>τοῦ</span> <span class='ocrx_word' id='word_1_250' title='bbox 3232 1872 3507 1944; x_wconf 81' lang='grc' dir='ltr'>κείροντος</span> <span class='ocrx_word' id='word_1_251' title='bbox 3550 1873 3703 1944; x_wconf 75' lang='grc' dir='ltr'>ἄφω-</span> 
     </span>
    </p>
   </div>
   <div class='ocr_carea' id='block_1_36' title="bbox 428 1942 2008 2017">
    <p class='ocr_par' dir='ltr' id='par_1_36' title="bbox 428 1942 2008 2017">
     <span class='ocr_line' id='line_1_36' title="bbox 428 1942 2008 2017; baseline 0.005 -22"><span class='ocrx_word' id='word_1_252' title='bbox 428 1943 481 1995; x_wconf 84' lang='grc' dir='ltr'>ἰη</span> <span class='ocrx_word' id='word_1_253' title='bbox 513 1942 820 2000; x_wconf 87' lang='lat' dir='ltr'><strong>humilitate</strong></span> <span class='ocrx_word' id='word_1_254' title='bbox 843 1944 1111 2013; x_wconf 91' lang='lat' dir='ltr'><strong>judicium</strong></span> <span class='ocrx_word' id='word_1_255' title='bbox 1153 1947 1273 2017; x_wconf 87' lang='lat' dir='ltr'><strong>ejus</strong></span> <span class='ocrx_word' id='word_1_256' title='bbox 1307 1948 1586 2002; x_wconf 84' lang='lat' dir='ltr'><strong>sublatum</strong></span> <span class='ocrx_word' id='word_1_257' title='bbox 1636 1957 1739 2004; x_wconf 86' lang='lat' dir='ltr'><strong>est.</strong></span> <span class='ocrx_word' id='word_1_258' title='bbox 1769 1947 2008 2003; x_wconf 87' lang='lat' dir='ltr'><strong>Genera-</strong></span> 
     </span>
    </p>
   </div>
   <div class='ocr_carea' id='block_1_37' title="bbox 427 2034 2007 2109">
    <p class='ocr_par' dir='ltr' id='par_1_37' title="bbox 427 2034 2007 2109">
     <span class='ocr_line' id='line_1_37' title="bbox 427 2034 2007 2109; baseline 0.005 -21"><span class='ocrx_word' id='word_1_259' title='bbox 427 2034 629 2089; x_wconf 89' lang='lat' dir='ltr'><strong>tionem</strong></span> <span class='ocrx_word' id='word_1_260' title='bbox 657 2035 780 2105; x_wconf 89' lang='lat' dir='ltr'><strong>ejus</strong></span> <span class='ocrx_word' id='word_1_261' title='bbox 808 2037 933 2107; x_wconf 90' lang='lat' dir='ltr'><strong>quis</strong></span> <span class='ocrx_word' id='word_1_262' title='bbox 959 2039 1279 2093; x_wconf 85' lang='lat' dir='ltr'><strong>enarrabit?</strong></span> <span class='ocrx_word' id='word_1_263' title='bbox 1308 2038 1498 2096; x_wconf 83' lang='lat' dir='ltr'><strong>Vibice</strong></span> <span class='ocrx_word' id='word_1_264' title='bbox 1530 2040 1651 2109; x_wconf 88' lang='lat' dir='ltr'><strong>ejus</strong></span> <span class='ocrx_word' id='word_1_265' title='bbox 1688 2056 1793 2095; x_wconf 87' lang='lat' dir='ltr'><strong>nos</strong></span> <span class='ocrx_word' id='word_1_266' title='bbox 1816 2055 2007 2096; x_wconf 90' lang='lat' dir='ltr'><strong>omnes</strong></span> 
     </span>
    </p>
   </div>
   <div class='ocr_carea' id='block_1_38' title="bbox 428 2129 2010 2204">
    <p class='ocr_par' dir='ltr' id='par_1_38' title="bbox 428 2129 2010 2204">
     <span class='ocr_line' id='line_1_38' title="bbox 428 2129 2010 2204; baseline 0.003 -21"><span class='ocrx_word' id='word_1_267' title='bbox 428 2129 605 2183; x_wconf 80' lang='lat' dir='ltr'><strong>sanati</strong></span> <span class='ocrx_word' id='word_1_268' title='bbox 653 2144 847 2185; x_wconf 87' lang='lat' dir='ltr'><strong>sumus</strong></span> <span class='ocrx_word' id='word_1_269' title='bbox 875 2130 943 2183; x_wconf 78' lang='lat'><strong>&quot;.</strong></span> <span class='ocrx_word' id='word_1_270' title='bbox 981 2149 999 2180; x_wconf 74' lang='grc' dir='ltr'><strong>ι</strong></span> <span class='ocrx_word' id='word_1_271' title='bbox 1035 2130 1171 2186; x_wconf 89' lang='lat' dir='ltr'><strong>Cum</strong></span> <span class='ocrx_word' id='word_1_272' title='bbox 1192 2130 1502 2189; x_wconf 85' lang='lat' dir='ltr'><strong>advenisset</strong></span> <span class='ocrx_word' id='word_1_273' title='bbox 1524 2142 1707 2188; x_wconf 90' lang='lat' dir='ltr'><strong>autem</strong></span> <span class='ocrx_word' id='word_1_274' title='bbox 1736 2134 1829 2204; x_wconf 90' lang='lat' dir='ltr'><strong>qui</strong></span> <span class='ocrx_word' id='word_1_275' title='bbox 1869 2149 2010 2203; x_wconf 66' lang='lat' dir='ltr'><strong>prae-</strong></span> 
     </span>
    </p>
   </div>
   <div class='ocr_carea' id='block_1_39' title="bbox 428 2220 2009 2296">
    <p class='ocr_par' dir='ltr' id='par_1_39' title="bbox 428 2220 2009 2296">
     <span class='ocr_line' id='line_1_39' title="bbox 428 2220 2009 2296; baseline 0.004 -22"><span class='ocrx_word' id='word_1_276' title='bbox 428 2221 709 2276; x_wconf 88' lang='lat' dir='ltr'><strong>nuntiatus</strong></span> <span class='ocrx_word' id='word_1_277' title='bbox 736 2220 934 2287; x_wconf 82' lang='lat' dir='ltr'><strong>fuerat,</strong></span> <span class='ocrx_word' id='word_1_278' title='bbox 962 2238 1198 2293; x_wconf 89' lang='lat' dir='ltr'><strong>eumque</strong></span> <span class='ocrx_word' id='word_1_279' title='bbox 1233 2233 1650 2294; x_wconf 66' lang='lat' dir='ltr'><strong>prmtereuntem</strong></span> <span class='ocrx_word' id='word_1_280' title='bbox 1691 2228 2009 2296; x_wconf 84' lang='lat' dir='ltr'><strong>conspexis-</strong></span> 
     </span>
    </p>
   </div>
   <div class='ocr_carea' id='block_1_40' title="bbox 427 2312 2006 2390">
    <p class='ocr_par' dir='ltr' id='par_1_40' title="bbox 427 2312 2006 2390">
     <span class='ocr_line' id='line_1_40' title="bbox 427 2312 2006 2390; baseline 0.001 -20"><span class='ocrx_word' id='word_1_281' title='bbox 427 2319 512 2370; x_wconf 84' lang='lat' dir='ltr'><strong>set</strong></span> <span class='ocrx_word' id='word_1_282' title='bbox 547 2328 778 2384; x_wconf 87' lang='lat' dir='ltr'><strong>magnus</strong></span> <span class='ocrx_word' id='word_1_283' title='bbox 802 2312 1040 2370; x_wconf 83' lang='lat' dir='ltr'><strong>Joannes</strong></span> <span class='ocrx_word' id='word_1_284' title='bbox 1073 2315 1345 2386; x_wconf 82' lang='lat' dir='ltr'><strong>Baptista,</strong></span> <span class='ocrx_word' id='word_1_285' title='bbox 1402 2317 1538 2372; x_wconf 87' lang='lat' dir='ltr'><strong>illud</strong></span> <span class='ocrx_word' id='word_1_286' title='bbox 1580 2318 1814 2388; x_wconf 89' lang='lat' dir='ltr'><strong>implens</strong></span> <span class='ocrx_word' id='word_1_287' title='bbox 1861 2327 2006 2390; x_wconf 78' lang='lat' dir='ltr'><strong>quod</strong></span> 
     </span>
    </p>
   </div>
   <div class='ocr_carea' id='block_1_41' title="bbox 426 2406 2007 2480">
    <p class='ocr_par' dir='ltr' id='par_1_41' title="bbox 426 2406 2007 2480">
     <span class='ocr_line' id='line_1_41' title="bbox 426 2406 2007 2480; baseline 0.004 -21"><span class='ocrx_word' id='word_1_288' title='bbox 426 2406 747 2476; x_wconf 68' lang='lat' dir='ltr'><strong>praedictum</strong></span> <span class='ocrx_word' id='word_1_289' title='bbox 824 2407 928 2462; x_wconf 79' lang='lat' dir='ltr'><strong>fuit</strong></span> <span class='ocrx_word' id='word_1_290' title='bbox 998 2422 1095 2478; x_wconf 81' lang='lat' dir='ltr'><strong>per</strong></span> <span class='ocrx_word' id='word_1_291' title='bbox 1157 2407 1355 2463; x_wconf 89' lang='lat' dir='ltr'><strong>Isaiam</strong></span> <span class='ocrx_word' id='word_1_292' title='bbox 1417 2410 1781 2480; x_wconf 87' lang='lat' dir='ltr'><strong>prophetam,</strong></span> <span class='ocrx_word' id='word_1_293' title='bbox 1834 2410 2007 2466; x_wconf 89' lang='lat' dir='ltr'><strong>dicit:</strong></span> 
     </span>
    </p>
   </div>
   <div class='ocr_carea' id='block_1_42' title="bbox 431 2494 2008 2572">
    <p class='ocr_par' dir='ltr' id='par_1_42' title="bbox 431 2494 2008 2572">
     <span class='ocr_line' id='line_1_42' title="bbox 431 2494 2008 2572; baseline 0.006 -24"><span class='ocrx_word' id='word_1_294' title='bbox 431 2514 451 2543; x_wconf 81' lang='grc' dir='ltr'><strong>ι</strong></span> <span class='ocrx_word' id='word_1_295' title='bbox 478 2494 620 2552; x_wconf 89' lang='lat' dir='ltr'><strong>Ecce</strong></span> <span class='ocrx_word' id='word_1_296' title='bbox 651 2512 826 2568; x_wconf 89' lang='lat' dir='ltr'><strong>agnus</strong></span> <span class='ocrx_word' id='word_1_297' title='bbox 869 2497 964 2554; x_wconf 90' lang='lat' dir='ltr'><strong>Dei</strong></span> <span class='ocrx_word' id='word_1_298' title='bbox 994 2501 1087 2569; x_wconf 83' lang='lat' dir='ltr'><strong>qui</strong></span> <span class='ocrx_word' id='word_1_299' title='bbox 1118 2501 1260 2554; x_wconf 87' lang='lat' dir='ltr'><strong>tollit</strong></span> <span class='ocrx_word' id='word_1_300' title='bbox 1291 2509 1513 2572; x_wconf 88' lang='lat' dir='ltr'><strong>peccata</strong></span> <span class='ocrx_word' id='word_1_301' title='bbox 1538 2503 1726 2557; x_wconf 90' lang='lat' dir='ltr'><strong>mundi</strong></span> <span class='ocrx_word' id='word_1_302' title='bbox 1761 2504 1824 2557; x_wconf 81' lang='lat'><strong>&quot;.</strong></span> <span class='ocrx_word' id='word_1_303' title='bbox 1868 2523 1888 2555; x_wconf 76' lang='grc' dir='ltr'><strong>ι</strong></span> <span class='ocrx_word' id='word_1_304' title='bbox 1928 2502 2008 2558; x_wconf 88' lang='lat' dir='ltr'><strong>En</strong></span> 
     </span>
    </p>
   </div>
   <div class='ocr_carea' id='block_1_43' title="bbox 428 2588 2006 2668">
    <p class='ocr_par' dir='ltr' id='par_1_43' title="bbox 428 2588 2006 2668">
     <span class='ocr_line' id='line_1_43' title="bbox 428 2588 2006 2668; baseline 0.008 -27"><span class='ocrx_word' id='word_1_305' title='bbox 428 2588 528 2643; x_wconf 91' lang='lat' dir='ltr'><strong>tibi</strong></span> <span class='ocrx_word' id='word_1_306' title='bbox 582 2592 862 2661; x_wconf 75' lang='lat' dir='ltr'><strong>prophetae</strong></span> <span class='ocrx_word' id='word_1_307' title='bbox 900 2608 1090 2649; x_wconf 80' lang='lat' dir='ltr'><strong>vocem</strong></span> <span class='ocrx_word' id='word_1_308' title='bbox 1144 2596 1439 2651; x_wconf 82' lang='lat' dir='ltr'><strong>conﬁrmat</strong></span> <span class='ocrx_word' id='word_1_309' title='bbox 1472 2612 1707 2667; x_wconf 86' lang='lat' dir='ltr'><strong>magnus</strong></span> <span class='ocrx_word' id='word_1_310' title='bbox 1742 2597 2006 2668; x_wconf 88' lang='lat' dir='ltr'><strong>Baptista.</strong></span> 
     </span>
    </p>
   </div>
   <div class='ocr_carea' id='block_1_44' title="bbox 429 2679 2009 2762">
    <p class='ocr_par' dir='ltr' id='par_1_44' title="bbox 429 2679 2009 2762">
     <span class='ocr_line' id='line_1_44' title="bbox 429 2679 2009 2762; baseline 0.008 -26"><span class='ocrx_word' id='word_1_311' title='bbox 429 2679 693 2739; x_wconf 88' lang='lat' dir='ltr'><strong>Similiter</strong></span> <span class='ocrx_word' id='word_1_312' title='bbox 716 2700 997 2741; x_wconf 86' lang='lat' dir='ltr'><strong>sacrorum</strong></span> <span class='ocrx_word' id='word_1_313' title='bbox 1031 2687 1123 2743; x_wconf 92' lang='lat' dir='ltr'><strong>ille</strong></span> <span class='ocrx_word' id='word_1_314' title='bbox 1151 2690 1383 2746; x_wconf 86' lang='lat' dir='ltr'><strong>antistes</strong></span> <span class='ocrx_word' id='word_1_315' title='bbox 1413 2689 1631 2762; x_wconf 84' lang='lat' dir='ltr'><strong>Moyses</strong></span> <span class='ocrx_word' id='word_1_316' title='bbox 1654 2691 1721 2747; x_wconf 89' lang='lat' dir='ltr'><strong>de</strong></span> <span class='ocrx_word' id='word_1_317' title='bbox 1739 2690 2009 2761; x_wconf 84' lang='lat' dir='ltr'><strong>ejusmodi</strong></span> 
     </span>
    </p>
   </div>
   <div class='ocr_carea' id='block_1_45' title="bbox 427 2775 2011 2855">
    <p class='ocr_par' dir='ltr' id='par_1_45' title="bbox 427 2775 2011 2855">
     <span class='ocr_line' id='line_1_45' title="bbox 427 2775 2011 2855; baseline 0.007 -25"><span class='ocrx_word' id='word_1_318' title='bbox 427 2775 628 2842; x_wconf 79' lang='lat' dir='ltr'><strong>vibice,</strong></span> <span class='ocrx_word' id='word_1_319' title='bbox 655 2794 752 2848; x_wconf 89' lang='lat' dir='ltr'><strong>per</strong></span> <span class='ocrx_word' id='word_1_320' title='bbox 780 2795 944 2850; x_wconf 88' lang='lat' dir='ltr'><strong>quem</strong></span> <span class='ocrx_word' id='word_1_321' title='bbox 1002 2782 1324 2839; x_wconf 84' lang='lat' dir='ltr'><strong>universum</strong></span> <span class='ocrx_word' id='word_1_322' title='bbox 1358 2783 1662 2840; x_wconf 90' lang='lat' dir='ltr'><strong>humanum</strong></span> <span class='ocrx_word' id='word_1_323' title='bbox 1720 2801 1894 2855; x_wconf 91' lang='lat' dir='ltr'><strong>genus</strong></span> <span class='ocrx_word' id='word_1_324' title='bbox 1922 2800 2011 2841; x_wconf 87' lang='lat' dir='ltr'><strong>sa-</strong></span> 
     </span>
    </p>
   </div>
   <div class='ocr_carea' id='block_1_46' title="bbox 427 2866 2011 2944">
    <p class='ocr_par' dir='ltr' id='par_1_46' title="bbox 427 2866 2011 2944">
     <span class='ocr_line' id='line_1_46' title="bbox 427 2866 2011 2944; baseline 0.008 -23"><span class='ocrx_word' id='word_1_325' title='bbox 427 2866 593 2924; x_wconf 90' lang='lat' dir='ltr'><strong>lutem</strong></span> <span class='ocrx_word' id='word_1_326' title='bbox 654 2880 1055 2927; x_wconf 77' lang='lat' dir='ltr'><strong>consecuturus</strong></span> <span class='ocrx_word' id='word_1_327' title='bbox 1109 2880 1248 2936; x_wconf 86' lang='lat' dir='ltr'><strong>erat,</strong></span> <span class='ocrx_word' id='word_1_328' title='bbox 1308 2876 1438 2944; x_wconf 79' lang='lat' dir='ltr'><strong>quid</strong></span> <span class='ocrx_word' id='word_1_329' title='bbox 1471 2876 1589 2930; x_wconf 84' lang='lat' dir='ltr'><strong>ait?</strong></span> <span class='ocrx_word' id='word_1_330' title='bbox 1644 2875 2011 2933; x_wconf 67' lang='lat' dir='ltr'><strong>«Maledictus</strong></span> 
     </span>
    </p>
   </div>
   <div class='ocr_carea' id='block_1_47' title="bbox 427 2960 2013 3035">
    <p class='ocr_par' dir='ltr' id='par_1_47' title="bbox 427 2960 2013 3035">
     <span class='ocr_line' id='line_1_47' title="bbox 427 2960 2013 3035; baseline 0.007 -21"><span class='ocrx_word' id='word_1_331' title='bbox 427 2960 606 3017; x_wconf 91' lang='lat' dir='ltr'><strong>omnis</strong></span> <span class='ocrx_word' id='word_1_332' title='bbox 630 2961 719 3030; x_wconf 87' lang='lat' dir='ltr'><strong>qui</strong></span> <span class='ocrx_word' id='word_1_333' title='bbox 744 2962 941 3031; x_wconf 89' lang='lat' dir='ltr'><strong>pendet</strong></span> <span class='ocrx_word' id='word_1_334' title='bbox 961 2964 1016 3020; x_wconf 92' lang='lat' dir='ltr'><strong>in</strong></span> <span class='ocrx_word' id='word_1_335' title='bbox 1048 2966 1194 3035; x_wconf 85' lang='lat' dir='ltr'><strong>ligno</strong></span> <span class='ocrx_word' id='word_1_336' title='bbox 1209 2966 1253 2996; x_wconf 78' lang='lat'><strong>&quot;</strong></span> <span class='ocrx_word' id='word_1_337' title='bbox 1280 2982 1332 3019; x_wconf 74' lang='grc' dir='ltr'><strong>ε»</strong></span> <span class='ocrx_word' id='word_1_338' title='bbox 1354 2982 1650 3024; x_wconf 87' lang='lat' dir='ltr'><strong>acrursum</strong></span> <span class='ocrx_word' id='word_1_339' title='bbox 1679 2968 2013 3025; x_wconf 72' lang='lat' dir='ltr'><strong>:cVidebitis</strong></span> 
     </span>
    </p>
   </div>
   <div class='ocr_carea' id='block_1_48' title="bbox 428 3051 2014 3131">
    <p class='ocr_par' dir='ltr' id='par_1_48' title="bbox 428 3051 2014 3131">
     <span class='ocr_line' id='line_1_48' title="bbox 428 3051 2014 3131; baseline 0.005 -25"><span class='ocrx_word' id='word_1_340' title='bbox 428 3051 594 3106; x_wconf 78' lang='lat' dir='ltr'><strong>vitam</strong></span> <span class='ocrx_word' id='word_1_341' title='bbox 623 3062 858 3110; x_wconf 81' lang='lat' dir='ltr'><strong>vestram</strong></span> <span class='ocrx_word' id='word_1_342' title='bbox 886 3071 1209 3126; x_wconf 89' lang='lat' dir='ltr'><strong>suspensam</strong></span> <span class='ocrx_word' id='word_1_343' title='bbox 1248 3058 1302 3112; x_wconf 91' lang='lat' dir='ltr'><strong>in</strong></span> <span class='ocrx_word' id='word_1_344' title='bbox 1339 3059 1489 3129; x_wconf 83' lang='lat' dir='ltr'><strong>ligno</strong></span> <span class='ocrx_word' id='word_1_345' title='bbox 1519 3059 1586 3114; x_wconf 79' lang='lat'><strong>”.</strong></span> <span class='ocrx_word' id='word_1_346' title='bbox 1619 3080 1639 3112; x_wconf 73' lang='grc' dir='ltr'><strong>ι</strong></span> <span class='ocrx_word' id='word_1_347' title='bbox 1676 3059 1796 3116; x_wconf 84' lang='grc' dir='ltr'>Νοη</span> <span class='ocrx_word' id='word_1_348' title='bbox 1830 3063 2014 3131; x_wconf 91' lang='lat' dir='ltr'><strong>posuit</strong></span> 
     </span>
    </p>
   </div>
   <div class='ocr_carea' id='block_1_49' title="bbox 430 3143 2014 3220">
    <p class='ocr_par' dir='ltr' id='par_1_49' title="bbox 430 3143 2014 3220">
     <span class='ocr_line' id='line_1_49' title="bbox 430 3143 2014 3220; baseline 0.006 -25"><span class='ocrx_word' id='word_1_349' title='bbox 430 3143 608 3213; x_wconf 89' lang='lat' dir='ltr'><strong>primo</strong></span> <span class='ocrx_word' id='word_1_350' title='bbox 639 3143 960 3211; x_wconf 85' lang='lat' dir='ltr'><strong>locovitam,</strong></span> <span class='ocrx_word' id='word_1_351' title='bbox 992 3146 1190 3202; x_wconf 89' lang='lat' dir='ltr'><strong>deinde</strong></span> <span class='ocrx_word' id='word_1_352' title='bbox 1212 3147 1650 3204; x_wconf 86' lang='lat' dir='ltr'><strong>maledictionem</strong></span> <span class='ocrx_word' id='word_1_353' title='bbox 1672 3167 1688 3216; x_wconf 91' lang='lat'><strong>;</strong></span> <span class='ocrx_word' id='word_1_354' title='bbox 1714 3149 1809 3205; x_wconf 89' lang='lat' dir='ltr'><strong>sed</strong></span> <span class='ocrx_word' id='word_1_355' title='bbox 1836 3151 2014 3220; x_wconf 89' lang='lat' dir='ltr'><strong>primo</strong></span> 
     </span>
    </p>
   </div>
   <div class='ocr_carea' id='block_1_50' title="bbox 430 3232 2008 3310">
    <p class='ocr_par' dir='ltr' id='par_1_50' title="bbox 430 3232 2008 3310">
     <span class='ocr_line' id='line_1_50' title="bbox 430 3232 2008 3310; baseline 0.006 -24"><span class='ocrx_word' id='word_1_356' title='bbox 430 3232 894 3303; x_wconf 87' lang='lat' dir='ltr'><strong>maledictionem,</strong></span> <span class='ocrx_word' id='word_1_357' title='bbox 938 3247 1126 3307; x_wconf 88' lang='lat' dir='ltr'><strong>postea</strong></span> <span class='ocrx_word' id='word_1_358' title='bbox 1157 3238 1349 3291; x_wconf 86' lang='lat' dir='ltr'><strong>vitam.</strong></span> <span class='ocrx_word' id='word_1_359' title='bbox 1393 3236 1585 3293; x_wconf 89' lang='lat' dir='ltr'><strong>Decuit</strong></span> <span class='ocrx_word' id='word_1_360' title='bbox 1629 3240 1771 3293; x_wconf 91' lang='lat' dir='ltr'><strong>enim</strong></span> <span class='ocrx_word' id='word_1_361' title='bbox 1830 3240 2008 3310; x_wconf 89' lang='lat' dir='ltr'><strong>primo</strong></span> 
     </span>
    </p>
   </div>
   <div class='ocr_carea' id='block_1_51' title="bbox 427 3323 2009 3399">
    <p class='ocr_par' dir='ltr' id='par_1_51' title="bbox 427 3323 2009 3399">
     <span class='ocr_line' id='line_1_51' title="bbox 427 3323 2009 3399; baseline 0.006 -22"><span class='ocrx_word' id='word_1_362' title='bbox 427 3323 851 3396; x_wconf 87' lang='lat' dir='ltr'><strong>chirographum</strong></span> <span class='ocrx_word' id='word_1_363' title='bbox 898 3327 1039 3399; x_wconf 83' lang='lat' dir='ltr'><strong>alligi</strong></span> <span class='ocrx_word' id='word_1_364' title='bbox 1081 3329 1255 3393; x_wconf 84' lang='lat' dir='ltr'><strong>cruci,</strong></span> <span class='ocrx_word' id='word_1_365' title='bbox 1309 3335 1364 3383; x_wconf 92' lang='lat' dir='ltr'><strong>et</strong></span> <span class='ocrx_word' id='word_1_366' title='bbox 1422 3329 1569 3386; x_wconf 90' lang='lat' dir='ltr'><strong>latus</strong></span> <span class='ocrx_word' id='word_1_367' title='bbox 1606 3328 1765 3386; x_wconf 84' lang='lat' dir='ltr'><strong>Verbi</strong></span> <span class='ocrx_word' id='word_1_368' title='bbox 1820 3331 2009 3386; x_wconf 87' lang='lat' dir='ltr'><strong>lancea</strong></span> 
     </span>
    </p>
   </div>
   <div class='ocr_carea' id='block_1_52' title="bbox 430 3417 2012 3493">
    <p class='ocr_par' dir='ltr' id='par_1_52' title="bbox 430 3417 2012 3493">
     <span class='ocr_line' id='line_1_52' title="bbox 430 3417 2012 3493; baseline 0.004 -21"><span class='ocrx_word' id='word_1_369' title='bbox 430 3417 718 3489; x_wconf 79' lang='lat' dir='ltr'><strong>perforari,</strong></span> <span class='ocrx_word' id='word_1_370' title='bbox 777 3428 836 3475; x_wconf 93' lang='lat' dir='ltr'><strong>ut</strong></span> <span class='ocrx_word' id='word_1_371' title='bbox 883 3422 1021 3474; x_wconf 77' lang='lat' dir='ltr'><strong>livor</strong></span> <span class='ocrx_word' id='word_1_372' title='bbox 1068 3421 1122 3476; x_wconf 91' lang='lat' dir='ltr'><strong>in</strong></span> <span class='ocrx_word' id='word_1_373' title='bbox 1158 3422 1543 3493; x_wconf 82' lang='lat' dir='ltr'><strong>perlossione,</strong></span> <span class='ocrx_word' id='word_1_374' title='bbox 1579 3423 1817 3493; x_wconf 83' lang='lat' dir='ltr'><strong>expiatio</strong></span> <span class='ocrx_word' id='word_1_375' title='bbox 1869 3423 2012 3480; x_wconf 77' lang='lat' dir='ltr'><strong>foret</strong></span> 
     </span>
    </p>
   </div>
   <div class='ocr_carea' id='block_1_53' title="bbox 432 3512 1728 3587">
    <p class='ocr_par' dir='ltr' id='par_1_53' title="bbox 432 3512 1728 3587">
     <span class='ocr_line' id='line_1_53' title="bbox 432 3512 1728 3587; baseline 0.005 -23"><span class='ocrx_word' id='word_1_376' title='bbox 432 3512 636 3566; x_wconf 87' lang='lat' dir='ltr'><strong>mundo</strong></span> <span class='ocrx_word' id='word_1_377' title='bbox 668 3531 681 3566; x_wconf 89' lang='lat'><strong>:</strong></span> <span class='ocrx_word' id='word_1_378' title='bbox 716 3517 942 3585; x_wconf 87' lang='lat' dir='ltr'><strong>sanguis</strong></span> <span class='ocrx_word' id='word_1_379' title='bbox 967 3524 1022 3571; x_wconf 88' lang='lat' dir='ltr'><strong>et</strong></span> <span class='ocrx_word' id='word_1_380' title='bbox 1039 3532 1180 3587; x_wconf 90' lang='lat' dir='ltr'><strong>aqua</strong></span> <span class='ocrx_word' id='word_1_381' title='bbox 1200 3557 1214 3583; x_wconf 92' lang='lat'><strong>,</strong></span> <span class='ocrx_word' id='word_1_382' title='bbox 1251 3518 1494 3571; x_wconf 89' lang='lat' dir='ltr'><strong>humano</strong></span> <span class='ocrx_word' id='word_1_383' title='bbox 1521 3517 1728 3587; x_wconf 89' lang='lat' dir='ltr'><strong>generi.</strong></span> 
     </span>
    </p>
   </div>
   <div class='ocr_carea' id='block_1_54' title="bbox 2109 1957 3699 2040">
    <p class='ocr_par' dir='ltr' id='par_1_54' title="bbox 2109 1957 3699 2040">
     <span class='ocr_line' id='line_1_54' title="bbox 2109 1957 3699 2040; baseline 0.006 -30"><span class='ocrx_word' id='word_1_384' title='bbox 2109 1974 2219 2024; x_wconf 82' lang='grc' dir='ltr'>νος,</span> <span class='ocrx_word' id='word_1_385' title='bbox 2246 1957 2418 2022; x_wconf 73' lang='grc' dir='ltr'>οὕτως</span> <span class='ocrx_word' id='word_1_386' title='bbox 2466 1960 2566 2014; x_wconf 78' lang='grc' dir='ltr'><strong>οὐκ</strong></span> <span class='ocrx_word' id='word_1_387' title='bbox 2607 1960 2811 2029; x_wconf 87' lang='grc' dir='ltr'>ἀνοίγει</span> <span class='ocrx_word' id='word_1_388' title='bbox 2836 1962 2897 2014; x_wconf 86' lang='grc' dir='ltr'><strong>τὸ</strong></span> <span class='ocrx_word' id='word_1_389' title='bbox 2943 1962 3117 2032; x_wconf 86' lang='grc' dir='ltr'>στόμα</span> <span class='ocrx_word' id='word_1_390' title='bbox 3162 1962 3345 2018; x_wconf 80' lang='grc' dir='ltr'>αὐτοῦ.</span> <span class='ocrx_word' id='word_1_391' title='bbox 3387 1963 3499 2017; x_wconf 73' lang='grc' dir='ltr'><strong>Καὶ</strong></span> <span class='ocrx_word' id='word_1_392' title='bbox 3537 1966 3598 2018; x_wconf 82' lang='grc' dir='ltr'>ὲν</span> <span class='ocrx_word' id='word_1_393' title='bbox 3632 1968 3699 2040; x_wconf 75' lang='grc' dir='ltr'>τῇ</span> 
     </span>
    </p>
   </div>
   <div class='ocr_carea' id='block_1_55' title="bbox 2109 2048 3701 2128">
    <p class='ocr_par' dir='ltr' id='par_1_55' title="bbox 2109 2048 3701 2128">
     <span class='ocr_line' id='line_1_55' title="bbox 2109 2048 3701 2128; baseline 0.009 -27"><span class='ocrx_word' id='word_1_394' title='bbox 2109 2048 2437 2103; x_wconf 82' lang='grc' dir='ltr'>ταπεινώσει</span> <span class='ocrx_word' id='word_1_395' title='bbox 2462 2051 2576 2123; x_wconf 77' lang='grc'><strong>(51)</strong></span> <span class='ocrx_word' id='word_1_396' title='bbox 2611 2054 2643 2123; x_wconf 84' lang='grc' dir='ltr'><strong>ἡ</strong></span> <span class='ocrx_word' id='word_1_397' title='bbox 2683 2054 2866 2123; x_wconf 88' lang='grc' dir='ltr'>κρίσις</span> <span class='ocrx_word' id='word_1_398' title='bbox 2898 2054 3063 2107; x_wconf 82' lang='grc' dir='ltr'>αὐτοῦ</span> <span class='ocrx_word' id='word_1_399' title='bbox 3090 2054 3254 2126; x_wconf 79' lang='grc' dir='ltr'>ἧρθη.</span> <span class='ocrx_word' id='word_1_400' title='bbox 3281 2058 3392 2127; x_wconf 79' lang='grc' dir='ltr'><strong>Τὴν</strong></span> <span class='ocrx_word' id='word_1_401' title='bbox 3424 2058 3481 2112; x_wconf 84' lang='grc' dir='ltr'>δὲ</span> <span class='ocrx_word' id='word_1_402' title='bbox 3505 2060 3701 2128; x_wconf 85' lang='grc' dir='ltr'>γενεὰν</span> 
     </span>
    </p>
   </div>
   <div class='ocr_carea' id='block_1_56' title="bbox 2110 2139 3702 2220">
    <p class='ocr_par' dir='ltr' id='par_1_56' title="bbox 2110 2139 3702 2220">
     <span class='ocr_line' id='line_1_56' title="bbox 2110 2139 3702 2220; baseline 0.008 -28"><span class='ocrx_word' id='word_1_403' title='bbox 2110 2139 2275 2193; x_wconf 81' lang='grc' dir='ltr'>αὑτοῦ</span> <span class='ocrx_word' id='word_1_404' title='bbox 2304 2141 2388 2205; x_wconf 89' lang='grc' dir='ltr'><strong>τίς</strong></span> <span class='ocrx_word' id='word_1_405' title='bbox 2408 2142 2729 2213; x_wconf 77' lang='grc' dir='ltr'>διηγήσεται</span> <span class='ocrx_word' id='word_1_406' title='bbox 2755 2161 2770 2209; x_wconf 90' lang='lat'><strong>;</strong></span> <span class='ocrx_word' id='word_1_407' title='bbox 2801 2144 2891 2215; x_wconf 86' lang='grc' dir='ltr'>Τῷ</span> <span class='ocrx_word' id='word_1_408' title='bbox 2916 2144 3144 2216; x_wconf 85' lang='grc' dir='ltr'>μώλωπι</span> <span class='ocrx_word' id='word_1_409' title='bbox 3174 2147 3336 2201; x_wconf 75' lang='grc' dir='ltr'>αὑτοῦ</span> <span class='ocrx_word' id='word_1_410' title='bbox 3363 2150 3527 2220; x_wconf 79' lang='grc' dir='ltr'>ἡμεῖς</span> <span class='ocrx_word' id='word_1_411' title='bbox 3561 2151 3702 2205; x_wconf 83' lang='grc' dir='ltr'>πάν-</span> 
     </span>
    </p>
   </div>
   <div class='ocr_carea' id='block_1_57' title="bbox 2108 2232 3705 2314">
    <p class='ocr_par' dir='ltr' id='par_1_57' title="bbox 2108 2232 3705 2314">
     <span class='ocr_line' id='line_1_57' title="bbox 2108 2232 3705 2314; baseline 0.009 -31"><span class='ocrx_word' id='word_1_412' title='bbox 2108 2247 2200 2295; x_wconf 88' lang='grc' dir='ltr'><strong>τες</strong></span> <span class='ocrx_word' id='word_1_413' title='bbox 2229 2232 2476 2303; x_wconf 83' lang='grc' dir='ltr'>ίάθημεν.</span> <span class='ocrx_word' id='word_1_414' title='bbox 2516 2253 2535 2285; x_wconf 73' lang='grc' dir='ltr'><strong>ι</strong></span> <span class='ocrx_word' id='word_1_415' title='bbox 2586 2234 3057 2308; x_wconf 75' lang='grc' dir='ltr'>Ἐπιδημήσαντος</span> <span class='ocrx_word' id='word_1_416' title='bbox 3075 2238 3131 2291; x_wconf 86' lang='grc' dir='ltr'>δὲ</span> <span class='ocrx_word' id='word_1_417' title='bbox 3162 2240 3256 2294; x_wconf 79' lang='grc' dir='ltr'><strong>τοῦ</strong></span> <span class='ocrx_word' id='word_1_418' title='bbox 3290 2242 3705 2314; x_wconf 80' lang='grc' dir='ltr'>προσημανθέν-</span> 
     </span>
    </p>
   </div>
   <div class='ocr_carea' id='block_1_58' title="bbox 2108 2325 3705 2406">
    <p class='ocr_par' dir='ltr' id='par_1_58' title="bbox 2108 2325 3705 2406">
     <span class='ocr_line' id='line_1_58' title="bbox 2108 2325 3705 2406; baseline 0.008 -30"><span class='ocrx_word' id='word_1_419' title='bbox 2108 2340 2201 2388; x_wconf 84' lang='grc' dir='ltr'><strong>τος</strong></span> <span class='ocrx_word' id='word_1_420' title='bbox 2232 2325 2367 2396; x_wconf 87' lang='grc' dir='ltr'>πρὸς</span> <span class='ocrx_word' id='word_1_421' title='bbox 2393 2327 2559 2396; x_wconf 78' lang='grc' dir='ltr'>ἡμᾶς,</span> <span class='ocrx_word' id='word_1_422' title='bbox 2588 2328 2680 2381; x_wconf 72' lang='grc' dir='ltr'><strong>καὶ</strong></span> <span class='ocrx_word' id='word_1_423' title='bbox 2706 2329 2967 2400; x_wconf 79' lang='grc' dir='ltr'>ἑωρακὼς</span> <span class='ocrx_word' id='word_1_424' title='bbox 3009 2330 3120 2402; x_wconf 81' lang='grc'><strong>(52)</strong></span> <span class='ocrx_word' id='word_1_425' title='bbox 3160 2332 3320 2386; x_wconf 81' lang='grc' dir='ltr'>αὐτὸν</span> <span class='ocrx_word' id='word_1_426' title='bbox 3353 2335 3705 2406; x_wconf 81' lang='grc' dir='ltr'>παρερχόμε-</span> 
     </span>
    </p>
   </div>
   <div class='ocr_carea' id='block_1_59' title="bbox 2112 2416 3705 2496">
    <p class='ocr_par' dir='ltr' id='par_1_59' title="bbox 2112 2416 3705 2496">
     <span class='ocr_line' id='line_1_59' title="bbox 2112 2416 3705 2496; baseline 0.007 -29"><span class='ocrx_word' id='word_1_427' title='bbox 2112 2431 2201 2468; x_wconf 92' lang='grc' dir='ltr'><strong>νον</strong></span> <span class='ocrx_word' id='word_1_428' title='bbox 2226 2417 2254 2468; x_wconf 94' lang='lat'><strong>6</strong></span> <span class='ocrx_word' id='word_1_429' title='bbox 2290 2416 2465 2487; x_wconf 85' lang='grc' dir='ltr'>μέγας</span> <span class='ocrx_word' id='word_1_430' title='bbox 2496 2417 2807 2490; x_wconf 83' lang='grc' dir='ltr'>Βαπτιστὴς</span> <span class='ocrx_word' id='word_1_431' title='bbox 2842 2420 3117 2496; x_wconf 82' lang='grc' dir='ltr'>Ἰωάννης,</span> <span class='ocrx_word' id='word_1_432' title='bbox 3155 2421 3379 2493; x_wconf 85' lang='grc' dir='ltr'>πληρῶν</span> <span class='ocrx_word' id='word_1_433' title='bbox 3402 2424 3463 2477; x_wconf 77' lang='grc' dir='ltr'>τὸ</span> <span class='ocrx_word' id='word_1_434' title='bbox 3491 2441 3705 2496; x_wconf 85' lang='grc' dir='ltr'>προση-</span> 
     </span>
    </p>
   </div>
   <div class='ocr_carea' id='block_1_60' title="bbox 2115 2494 3705 2583">
    <p class='ocr_par' dir='ltr' id='par_1_60' title="bbox 2115 2494 3705 2583">
     <span class='ocr_line' id='line_1_60' title="bbox 2115 2494 3705 2583; baseline 0.007 -26"><span class='ocrx_word' id='word_1_435' title='bbox 2115 2505 2316 2577; x_wconf 84' lang='grc' dir='ltr'>μανθὲν</span> <span class='ocrx_word' id='word_1_436' title='bbox 2347 2506 2436 2562; x_wconf 82' lang='grc' dir='ltr'>διὰ</span> <span class='ocrx_word' id='word_1_437' title='bbox 2478 2508 2700 2562; x_wconf 75' lang='grc' dir='ltr'>Ἡσαΐου</span> <span class='ocrx_word' id='word_1_438' title='bbox 2736 2494 2845 2563; x_wconf 20' lang='grc' dir='ltr'>τοῦ(</span> <span class='ocrx_word' id='word_1_439' title='bbox 2877 2513 3161 2583; x_wconf 82' lang='grc' dir='ltr'>προφήτου</span> <span class='ocrx_word' id='word_1_440' title='bbox 3211 2511 3392 2582; x_wconf 82' lang='grc' dir='ltr'>λέγει·</span> <span class='ocrx_word' id='word_1_441' title='bbox 3430 2533 3451 2565; x_wconf 78' lang='grc' dir='ltr'><strong>ι</strong></span> <span class='ocrx_word' id='word_1_442' title='bbox 3499 2514 3636 2567; x_wconf 79' lang='grc' dir='ltr'>Ἰδοὺ</span> <span class='ocrx_word' id='word_1_443' title='bbox 3664 2494 3705 2568; x_wconf 31' lang='grc' dir='ltr'>-ό</span> 
     </span>
    </p>
   </div>
   <div class='ocr_carea' id='block_1_61' title="bbox 2112 2598 3699 2677">
    <p class='ocr_par' dir='ltr' id='par_1_61' title="bbox 2112 2598 3699 2677">
     <span class='ocr_line' id='line_1_61' title="bbox 2112 2598 3699 2677; baseline 0.006 -27"><span class='ocrx_word' id='word_1_444' title='bbox 2112 2598 2283 2668; x_wconf 80' lang='grc' dir='ltr'>ἀμνὸς</span> <span class='ocrx_word' id='word_1_445' title='bbox 2310 2598 2405 2651; x_wconf 83' lang='grc' dir='ltr'>τοῦ</span> <span class='ocrx_word' id='word_1_446' title='bbox 2429 2598 2589 2663; x_wconf 83' lang='grc' dir='ltr'>Θεοῦ,</span> <span class='ocrx_word' id='word_1_447' title='bbox 2620 2602 2649 2653; x_wconf 92' lang='lat'><strong>6</strong></span> <span class='ocrx_word' id='word_1_448' title='bbox 2671 2600 2845 2674; x_wconf 79' lang='grc' dir='ltr'>αἴρων</span> <span class='ocrx_word' id='word_1_449' title='bbox 2877 2602 2975 2673; x_wconf 75' lang='grc' dir='ltr'><strong>τὴν</strong></span> <span class='ocrx_word' id='word_1_450' title='bbox 3008 2603 3285 2674; x_wconf 82' lang='grc' dir='ltr'>ἁμαρτίαν</span> <span class='ocrx_word' id='word_1_451' title='bbox 3312 2603 3407 2657; x_wconf 83' lang='grc' dir='ltr'>τοῦ</span> <span class='ocrx_word' id='word_1_452' title='bbox 3432 2605 3699 2677; x_wconf 74' lang='grc' dir='ltr'>κόσμου.»</span> 
     </span>
    </p>
   </div>
   <div class='ocr_carea' id='block_1_62' title="bbox 2124 2690 3704 2768">
    <p class='ocr_par' dir='ltr' id='par_1_62' title="bbox 2124 2690 3704 2768">
     <span class='ocr_line' id='line_1_62' title="bbox 2124 2690 3704 2768; baseline 0.007 -26"><span class='ocrx_word' id='word_1_453' title='bbox 2124 2690 2253 2743; x_wconf 83' lang='grc' dir='ltr'>Ἰδοὺ</span> <span class='ocrx_word' id='word_1_454' title='bbox 2306 2690 2513 2760; x_wconf 83' lang='grc' dir='ltr'>βεϐαιοῖ</span> <span class='ocrx_word' id='word_1_455' title='bbox 2558 2691 2655 2764; x_wconf 77' lang='grc' dir='ltr'>τὴν</span> <span class='ocrx_word' id='word_1_456' title='bbox 2702 2695 3169 2766; x_wconf 86' lang='grc' dir='ltr'>προφητευθεῖσαν</span> <span class='ocrx_word' id='word_1_457' title='bbox 3221 2698 3404 2768; x_wconf 73' lang='grc' dir='ltr'>φωνὴν</span> <span class='ocrx_word' id='word_1_458' title='bbox 3448 2699 3477 2751; x_wconf 92' lang='lat'><strong>6</strong></span> <span class='ocrx_word' id='word_1_459' title='bbox 3525 2698 3704 2768; x_wconf 80' lang='grc' dir='ltr'>μέγας</span> 
     </span>
    </p>
   </div>
   <div class='ocr_carea' id='block_1_63' title="bbox 2111 2782 3706 2861">
    <p class='ocr_par' dir='ltr' id='par_1_63' title="bbox 2111 2782 3706 2861">
     <span class='ocr_line' id='line_1_63' title="bbox 2111 2782 3706 2861; baseline 0.006 -27"><span class='ocrx_word' id='word_1_460' title='bbox 2111 2782 2441 2854; x_wconf 83' lang='grc' dir='ltr'>Βαπτιστής.</span> <span class='ocrx_word' id='word_1_461' title='bbox 2492 2782 2727 2854; x_wconf 82' lang='grc' dir='ltr'>Ὁμοίως</span> <span class='ocrx_word' id='word_1_462' title='bbox 2768 2786 2877 2857; x_wconf 78' lang='grc'><strong>(55)</strong></span> <span class='ocrx_word' id='word_1_463' title='bbox 2920 2788 3015 2840; x_wconf 66' lang='grc' dir='ltr'><strong>καὶ¹</strong></span> <span class='ocrx_word' id='word_1_464' title='bbox 3053 2789 3081 2840; x_wconf 88' lang='lat'><strong>6</strong></span> <span class='ocrx_word' id='word_1_465' title='bbox 3132 2789 3457 2860; x_wconf 80' lang='grc' dir='ltr'>ἱεροφάντης</span> <span class='ocrx_word' id='word_1_466' title='bbox 3494 2790 3706 2861; x_wconf 81' lang='grc' dir='ltr'>Μωσῆς</span> 
     </span>
    </p>
   </div>
   <div class='ocr_carea' id='block_1_64' title="bbox 2114 2870 3705 2951">
    <p class='ocr_par' dir='ltr' id='par_1_64' title="bbox 2114 2870 3705 2951">
     <span class='ocr_line' id='line_1_64' title="bbox 2114 2870 3705 2951; baseline 0.004 -26"><span class='ocrx_word' id='word_1_467' title='bbox 2114 2874 2242 2944; x_wconf 74' lang='grc' dir='ltr'>περὶ</span> <span class='ocrx_word' id='word_1_468' title='bbox 2267 2872 2458 2927; x_wconf 87' lang='grc' dir='ltr'>τούτου</span> <span class='ocrx_word' id='word_1_469' title='bbox 2478 2873 2573 2927; x_wconf 82' lang='grc' dir='ltr'>τοῦ</span> <span class='ocrx_word' id='word_1_470' title='bbox 2607 2874 2895 2945; x_wconf 82' lang='grc' dir='ltr'>μώλωπος,</span> <span class='ocrx_word' id='word_1_471' title='bbox 2925 2878 2994 2930; x_wconf 81' lang='grc' dir='ltr'>δι’</span> <span class='ocrx_word' id='word_1_472' title='bbox 3015 2870 3075 2931; x_wconf 76' lang='grc' dir='ltr'>οὗ</span> <span class='ocrx_word' id='word_1_473' title='bbox 3107 2879 3215 2932; x_wconf 79' lang='grc' dir='ltr'><strong>πᾶν</strong></span> <span class='ocrx_word' id='word_1_474' title='bbox 3246 2879 3307 2931; x_wconf 83' lang='grc' dir='ltr'>τὸ</span> <span class='ocrx_word' id='word_1_475' title='bbox 3351 2878 3459 2933; x_wconf 83' lang='grc' dir='ltr'><strong>τῶν</strong></span> <span class='ocrx_word' id='word_1_476' title='bbox 3485 2879 3705 2951; x_wconf 82' lang='grc' dir='ltr'>ἀνθρώ-</span> 
     </span>
    </p>
   </div>
   <div class='ocr_carea' id='block_1_65' title="bbox 2114 2966 3702 3040">
    <p class='ocr_par' dir='ltr' id='par_1_65' title="bbox 2114 2966 3702 3040">
     <span class='ocr_line' id='line_1_65' title="bbox 2114 2966 3702 3040; baseline 0.003 -22"><span class='ocrx_word' id='word_1_477' title='bbox 2114 2982 2232 3019; x_wconf 85' lang='grc' dir='ltr'><strong>πων</strong></span> <span class='ocrx_word' id='word_1_478' title='bbox 2263 2966 2419 3034; x_wconf 88' lang='grc' dir='ltr'>γένος</span> <span class='ocrx_word' id='word_1_479' title='bbox 2449 2967 2721 3039; x_wconf 83' lang='grc' dir='ltr'>σωτηρίας</span> <span class='ocrx_word' id='word_1_480' title='bbox 2740 2967 2933 3039; x_wconf 76' lang='grc' dir='ltr'>ἔμελλε</span> <span class='ocrx_word' id='word_1_481' title='bbox 2970 2968 3194 3039; x_wconf 81' lang='grc' dir='ltr'>μέτοχον</span> <span class='ocrx_word' id='word_1_482' title='bbox 3210 2968 3478 3038; x_wconf 88' lang='grc' dir='ltr'>γίνεσθαι,</span> <span class='ocrx_word' id='word_1_483' title='bbox 3499 2970 3555 3022; x_wconf 84' lang='grc' dir='ltr'><strong>τί</strong></span> <span class='ocrx_word' id='word_1_484' title='bbox 3585 2969 3702 3040; x_wconf 77' lang='grc'><strong>(⁸54)</strong></span> 
     </span>
    </p>
   </div>
   <div class='ocr_carea' id='block_1_66' title="bbox 2114 3058 3707 3134">
    <p class='ocr_par' dir='ltr' id='par_1_66' title="bbox 2114 3058 3707 3134">
     <span class='ocr_line' id='line_1_66' title="bbox 2114 3058 3707 3134; baseline 0.001 -21"><span class='ocrx_word' id='word_1_485' title='bbox 2114 3058 2334 3128; x_wconf 79' lang='grc' dir='ltr'>ἐλεγεν;</span> <span class='ocrx_word' id='word_1_486' title='bbox 2387 3079 2405 3111; x_wconf 81' lang='grc' dir='ltr'><strong>ι</strong></span> <span class='ocrx_word' id='word_1_487' title='bbox 2458 3061 2893 3133; x_wconf 83' lang='grc' dir='ltr'>Ἐπικατάρατος</span> <span class='ocrx_word' id='word_1_488' title='bbox 2956 3063 3066 3126; x_wconf 86' lang='grc' dir='ltr'><strong>πᾶς</strong></span> <span class='ocrx_word' id='word_1_489' title='bbox 3119 3063 3147 3115; x_wconf 97' lang='lat'><strong>6</strong></span> <span class='ocrx_word' id='word_1_490' title='bbox 3199 3062 3551 3134; x_wconf 84' lang='grc' dir='ltr'>κρεμάμενος</span> <span class='ocrx_word' id='word_1_491' title='bbox 3608 3063 3707 3115; x_wconf 69' lang='grc' dir='ltr'>ἐπὶ</span> 
     </span>
    </p>
   </div>
   <div class='ocr_carea' id='block_1_67' title="bbox 2040 3152 3707 3253">
    <p class='ocr_par' dir='ltr' id='par_1_67' title="bbox 2040 3152 3707 3253">
     <span class='ocr_line' id='line_1_67' title="bbox 2040 3152 3707 3253; baseline 0.001 -48"><span class='ocrx_word' id='word_1_492' title='bbox 2040 3197 2083 3253; x_wconf 74' lang='lat' dir='ltr'><strong><em>C</em></strong></span> <span class='ocrx_word' id='word_1_493' title='bbox 2118 3152 2312 3218; x_wconf 83' lang='grc' dir='ltr'>ξύλου·</span> <span class='ocrx_word' id='word_1_494' title='bbox 2374 3172 2392 3205; x_wconf 84' lang='grc'>›</span> <span class='ocrx_word' id='word_1_495' title='bbox 2440 3154 2535 3215; x_wconf 75' lang='grc' dir='ltr'><strong>καὶ</strong></span> <span class='ocrx_word' id='word_1_496' title='bbox 2597 3154 2759 3208; x_wconf 83' lang='grc' dir='ltr'>πάλιν</span> <span class='ocrx_word' id='word_1_497' title='bbox 2793 3154 2972 3223; x_wconf 79' lang='grc' dir='ltr'>λέγει’</span> <span class='ocrx_word' id='word_1_498' title='bbox 3037 3174 3056 3206; x_wconf 76' lang='grc' dir='ltr'><strong>ι</strong></span> <span class='ocrx_word' id='word_1_499' title='bbox 3095 3155 3331 3225; x_wconf 76' lang='grc' dir='ltr'>Ὄψεσθε</span> <span class='ocrx_word' id='word_1_500' title='bbox 3398 3154 3499 3253; x_wconf 52' lang='grc' dir='ltr'><strong>τῆν</strong></span> <span class='ocrx_word' id='word_1_501' title='bbox 3554 3154 3707 3225; x_wconf 81' lang='grc' dir='ltr'><strong>ζωὴν</strong></span> 
     </span>
    </p>
   </div>
   <div class='ocr_carea' id='block_1_68' title="bbox 2117 3242 3708 3318">
    <p class='ocr_par' dir='ltr' id='par_1_68' title="bbox 2117 3242 3708 3318">
     <span class='ocr_line' id='line_1_68' title="bbox 2117 3242 3708 3318; baseline 0.001 -21"><span class='ocrx_word' id='word_1_502' title='bbox 2117 3244 2270 3316; x_wconf 79' lang='grc' dir='ltr'>ὑμῶν</span> <span class='ocrx_word' id='word_1_503' title='bbox 2304 3244 2659 3317; x_wconf 84' lang='grc' dir='ltr'>κρεμαμένην</span> <span class='ocrx_word' id='word_1_504' title='bbox 2701 3246 2795 3299; x_wconf 74' lang='grc' dir='ltr'>ἐπὶ</span> <span class='ocrx_word' id='word_1_505' title='bbox 2824 3245 2983 3313; x_wconf 80' lang='grc' dir='ltr'>ξύλου</span> <span class='ocrx_word' id='word_1_506' title='bbox 3018 3246 3152 3318; x_wconf 74' lang='grc'><strong>(55).</strong></span> <span class='ocrx_word' id='word_1_507' title='bbox 3201 3266 3220 3299; x_wconf 73' lang='grc' dir='ltr'><strong>ι</strong></span> <span class='ocrx_word' id='word_1_508' title='bbox 3259 3247 3372 3300; x_wconf 82' lang='grc' dir='ltr'>Οὐκ</span> <span class='ocrx_word' id='word_1_509' title='bbox 3398 3242 3519 3299; x_wconf 74' lang='grc' dir='ltr'>εἷπε</span> <span class='ocrx_word' id='word_1_510' title='bbox 3548 3245 3708 3316; x_wconf 88' lang='grc' dir='ltr'>πρῶ-</span> 
     </span>
    </p>
   </div>
   <div class='ocr_carea' id='block_1_69' title="bbox 2115 3332 3707 3410">
    <p class='ocr_par' dir='ltr' id='par_1_69' title="bbox 2115 3332 3707 3410">
     <span class='ocr_line' id='line_1_69' title="bbox 2115 3332 3707 3410; baseline 0 -21"><span class='ocrx_word' id='word_1_511' title='bbox 2115 3353 2205 3389; x_wconf 93' lang='grc' dir='ltr'><strong>τον</strong></span> <span class='ocrx_word' id='word_1_512' title='bbox 2233 3337 2332 3407; x_wconf 79' lang='grc' dir='ltr'>τὴν</span> <span class='ocrx_word' id='word_1_513' title='bbox 2363 3336 2527 3408; x_wconf 80' lang='grc' dir='ltr'>ζωὴν,</span> <span class='ocrx_word' id='word_1_514' title='bbox 2564 3332 2683 3391; x_wconf 72' lang='grc' dir='ltr'>εἶτα</span> <span class='ocrx_word' id='word_1_515' title='bbox 2708 3338 2806 3410; x_wconf 82' lang='grc' dir='ltr'>τὴν</span> <span class='ocrx_word' id='word_1_516' title='bbox 2829 3339 3073 3408; x_wconf 86' lang='grc' dir='ltr'>κατάραν</span> <span class='ocrx_word' id='word_1_517' title='bbox 3107 3338 3240 3410; x_wconf 76' lang='grc'><strong>(56)’</strong></span> <span class='ocrx_word' id='word_1_518' title='bbox 3257 3338 3370 3392; x_wconf 84' lang='grc' dir='ltr'>ἀλλ’</span> <span class='ocrx_word' id='word_1_519' title='bbox 3392 3333 3516 3391; x_wconf 74' lang='grc' dir='ltr'>εἶπε</span> <span class='ocrx_word' id='word_1_520' title='bbox 3547 3336 3707 3409; x_wconf 68' lang='grc' dir='ltr'>πρῶσ</span> 
     </span>
    </p>
   </div>
   <div class='ocr_carea' id='block_1_70' title="bbox 2115 3427 3706 3502">
    <p class='ocr_par' dir='ltr' id='par_1_70' title="bbox 2115 3427 3706 3502">
     <span class='ocr_line' id='line_1_70' title="bbox 2115 3427 3706 3502; baseline 0 -22"><span class='ocrx_word' id='word_1_521' title='bbox 2115 3445 2207 3481; x_wconf 88' lang='grc' dir='ltr'><strong>τον</strong></span> <span class='ocrx_word' id='word_1_522' title='bbox 2262 3429 2361 3499; x_wconf 85' lang='grc' dir='ltr'><strong>τὴν</strong></span> <span class='ocrx_word' id='word_1_523' title='bbox 2409 3429 2676 3501; x_wconf 89' lang='grc' dir='ltr'>κατάραν,</span> <span class='ocrx_word' id='word_1_524' title='bbox 2709 3429 2900 3483; x_wconf 76' lang='grc' dir='ltr'>ἔπειτα</span> <span class='ocrx_word' id='word_1_525' title='bbox 2946 3430 3046 3502; x_wconf 80' lang='grc' dir='ltr'>τὴν</span> <span class='ocrx_word' id='word_1_526' title='bbox 3086 3428 3253 3502; x_wconf 79' lang='grc' dir='ltr'>ζωήν.</span> <span class='ocrx_word' id='word_1_527' title='bbox 3290 3431 3540 3502; x_wconf 87' lang='grc' dir='ltr'>Ἔπρεπε</span> <span class='ocrx_word' id='word_1_528' title='bbox 3592 3427 3706 3499; x_wconf 81' lang='grc' dir='ltr'>γὰρ</span> 
     </span>
    </p>
   </div>
   <div class='ocr_carea' id='block_1_71' title="bbox 2117 3519 3700 3598">
    <p class='ocr_par' dir='ltr' id='par_1_71' title="bbox 2117 3519 3700 3598">
     <span class='ocr_line' id='line_1_71' title="bbox 2117 3519 3700 3598; baseline 0 -25"><span class='ocrx_word' id='word_1_529' title='bbox 2117 3519 2381 3593; x_wconf 89' lang='grc' dir='ltr'>πρότερον</span> <span class='ocrx_word' id='word_1_530' title='bbox 2404 3520 2821 3593; x_wconf 85' lang='grc' dir='ltr'>προσηλωθῆναι</span> <span class='ocrx_word' id='word_1_531' title='bbox 2848 3522 2909 3575; x_wconf 87' lang='grc' dir='ltr'><strong>τὸ</strong></span> <span class='ocrx_word' id='word_1_532' title='bbox 2947 3522 3311 3593; x_wconf 85' lang='grc' dir='ltr'>χειρόγραφον</span> <span class='ocrx_word' id='word_1_533' title='bbox 3338 3520 3417 3592; x_wconf 82' lang='grc' dir='ltr'>τῷ</span> <span class='ocrx_word' id='word_1_534' title='bbox 3456 3519 3700 3598; x_wconf 63' lang='grc' dir='ltr'>σταυρῷ,</span> 
     </span>
    </p>
   </div>
   <div class='ocr_carea' id='block_1_72' title="bbox 428 3605 3699 3687">
    <p class='ocr_par' dir='ltr' id='par_1_72' title="bbox 428 3605 3699 3687">
     <span class='ocr_line' id='line_1_72' title="bbox 428 3605 3699 3687; baseline 0.005 -30"><span class='ocrx_word' id='word_1_535' title='bbox 428 3605 525 3658; x_wconf 76' lang='grc' dir='ltr'><strong>καὶ</strong></span> <span class='ocrx_word' id='word_1_536' title='bbox 558 3606 817 3676; x_wconf 81' lang='grc' dir='ltr'>νυχθῆναι</span> <span class='ocrx_word' id='word_1_537' title='bbox 840 3609 935 3679; x_wconf 81' lang='grc' dir='ltr'><strong>τὴν</strong></span> <span class='ocrx_word' id='word_1_538' title='bbox 957 3609 1195 3681; x_wconf 73' lang='grc' dir='ltr'>πλευρὰν</span> <span class='ocrx_word' id='word_1_539' title='bbox 1221 3608 1316 3663; x_wconf 77' lang='grc' dir='ltr'>τοῦ</span> <span class='ocrx_word' id='word_1_540' title='bbox 1338 3607 1512 3677; x_wconf 86' lang='grc' dir='ltr'>Λόγου</span> <span class='ocrx_word' id='word_1_541' title='bbox 1545 3612 1609 3680; x_wconf 86' lang='grc' dir='ltr'>τῇ</span> <span class='ocrx_word' id='word_1_542' title='bbox 1636 3608 1827 3680; x_wconf 80' lang='grc' dir='ltr'>λόγχῃ,</span> <span class='ocrx_word' id='word_1_543' title='bbox 1864 3609 1948 3662; x_wconf 79' lang='grc' dir='ltr'><strong>ἵνα</strong></span> <span class='ocrx_word' id='word_1_544' title='bbox 1983 3610 2011 3662; x_wconf 91' lang='lat'><strong>6</strong></span> <span class='ocrx_word' id='word_1_545' title='bbox 2047 3608 2250 3681; x_wconf 65' lang='grc' dir='ltr'>μώλωψ</span> <span class='ocrx_word' id='word_1_546' title='bbox 2283 3614 2341 3666; x_wconf 81' lang='grc' dir='ltr'>έν</span> <span class='ocrx_word' id='word_1_547' title='bbox 2369 3615 2435 3684; x_wconf 83' lang='grc' dir='ltr'>τῇ</span> <span class='ocrx_word' id='word_1_548' title='bbox 2458 3612 2604 3680; x_wconf 82' lang='grc' dir='ltr'>νύξει</span> <span class='ocrx_word' id='word_1_549' title='bbox 2638 3614 2935 3687; x_wconf 83' lang='grc' dir='ltr'>καθάρσιον</span> <span class='ocrx_word' id='word_1_550' title='bbox 2999 3615 3222 3687; x_wconf 86' lang='grc' dir='ltr'>γένηται</span> <span class='ocrx_word' id='word_1_551' title='bbox 3250 3617 3315 3687; x_wconf 81' lang='grc' dir='ltr'>τῇ</span> <span class='ocrx_word' id='word_1_552' title='bbox 3378 3614 3699 3685; x_wconf 65' lang='grc' dir='ltr'>οἰκουμένῃ,</span> 
     </span>
    </p>
   </div>
   <div class='ocr_carea' id='block_1_73' title="bbox 428 3695 1794 3775">
    <p class='ocr_par' dir='ltr' id='par_1_73' title="bbox 428 3695 1794 3775">
     <span class='ocr_line' id='line_1_73' title="bbox 428 3695 1794 3775; baseline 0.004 -25"><span class='ocrx_word' id='word_1_553' title='bbox 428 3697 491 3751; x_wconf 76' lang='grc' dir='ltr'><strong>τὸ</strong></span> <span class='ocrx_word' id='word_1_554' title='bbox 519 3695 659 3770; x_wconf 74' lang='grc' dir='ltr'>αἷμα</span> <span class='ocrx_word' id='word_1_555' title='bbox 686 3702 779 3754; x_wconf 74' lang='grc' dir='ltr'>καὶ</span> <span class='ocrx_word' id='word_1_556' title='bbox 804 3701 862 3754; x_wconf 86' lang='grc' dir='ltr'><strong>τὸ</strong></span> <span class='ocrx_word' id='word_1_557' title='bbox 886 3699 1029 3775; x_wconf 76' lang='grc' dir='ltr'>ὕδωρ</span> <span class='ocrx_word' id='word_1_558' title='bbox 1054 3703 1131 3774; x_wconf 78' lang='grc' dir='ltr'><strong>τῷ</strong></span> <span class='ocrx_word' id='word_1_559' title='bbox 1166 3703 1312 3772; x_wconf 88' lang='grc' dir='ltr'>γένει</span> <span class='ocrx_word' id='word_1_560' title='bbox 1338 3701 1447 3757; x_wconf 92' lang='grc' dir='ltr'><strong>τῶν</strong></span> <span class='ocrx_word' id='word_1_561' title='bbox 1470 3701 1794 3775; x_wconf 83' lang='grc' dir='ltr'>ἀνθρώπων.</span> 
     </span>
    </p>
   </div>
   <div class='ocr_carea' id='block_1_74' title="bbox 505 3818 2009 3894">
    <p class='ocr_par' dir='ltr' id='par_1_74' title="bbox 505 3818 2009 3894">
     <span class='ocr_line' id='line_1_74' title="bbox 505 3818 2009 3894; baseline 0.003 -22"><span class='ocrx_word' id='word_1_562' title='bbox 505 3818 562 3874; x_wconf 80' lang='grc'><strong>2.</strong></span> <span class='ocrx_word' id='word_1_563' title='bbox 592 3818 773 3875; x_wconf 77' lang='lat' dir='ltr'><strong>Miseri</strong></span> <span class='ocrx_word' id='word_1_564' title='bbox 828 3823 1029 3893; x_wconf 88' lang='lat' dir='ltr'><strong>ingrati</strong></span> <span class='ocrx_word' id='word_1_565' title='bbox 1069 3823 1148 3878; x_wconf 90' lang='lat' dir='ltr'><strong>illi</strong></span> <span class='ocrx_word' id='word_1_566' title='bbox 1203 3821 1400 3885; x_wconf 66' lang='lat' dir='ltr'><strong>Judaei,</strong></span> <span class='ocrx_word' id='word_1_567' title='bbox 1435 3823 1528 3894; x_wconf 90' lang='lat' dir='ltr'><strong>qui</strong></span> <span class='ocrx_word' id='word_1_568' title='bbox 1584 3829 1666 3877; x_wconf 89' lang='lat' dir='ltr'><strong>tot</strong></span> <span class='ocrx_word' id='word_1_569' title='bbox 1728 3823 2009 3893; x_wconf 85' lang='lat' dir='ltr'><strong>tantisque</strong></span> 
     </span>
    </p>
   </div>
   <div class='ocr_carea' id='block_1_75' title="bbox 433 3909 2009 3984">
    <p class='ocr_par' dir='ltr' id='par_1_75' title="bbox 433 3909 2009 3984">
     <span class='ocr_line' id='line_1_75' title="bbox 433 3909 2009 3984; baseline 0.003 -20"><span class='ocrx_word' id='word_1_570' title='bbox 433 3909 607 3980; x_wconf 85' lang='lat' dir='ltr'><strong>signis</strong></span> <span class='ocrx_word' id='word_1_571' title='bbox 645 3926 709 3965; x_wconf 89' lang='lat' dir='ltr'><strong>ac</strong></span> <span class='ocrx_word' id='word_1_572' title='bbox 756 3913 1039 3971; x_wconf 83' lang='lat' dir='ltr'><strong>beneﬁciis</strong></span> <span class='ocrx_word' id='word_1_573' title='bbox 1078 3915 1181 3970; x_wconf 91' lang='lat' dir='ltr'><strong>sibi</strong></span> <span class='ocrx_word' id='word_1_574' title='bbox 1214 3914 1450 3980; x_wconf 88' lang='lat' dir='ltr'><strong>collatis,</strong></span> <span class='ocrx_word' id='word_1_575' title='bbox 1504 3912 1706 3969; x_wconf 90' lang='lat' dir='ltr'><strong>nedum</strong></span> <span class='ocrx_word' id='word_1_576' title='bbox 1728 3914 1879 3968; x_wconf 93' lang='lat' dir='ltr'><strong>illum</strong></span> <span class='ocrx_word' id='word_1_577' title='bbox 1914 3914 2009 3984; x_wconf 91' lang='lat' dir='ltr'><strong>qui</strong></span> 
     </span>
    </p>
   </div>
   <div class='ocr_carea' id='block_1_76' title="bbox 432 4002 2011 4075">
    <p class='ocr_par' dir='ltr' id='par_1_76' title="bbox 432 4002 2011 4075">
     <span class='ocr_line' id='line_1_76' title="bbox 432 4002 2011 4075; baseline 0.003 -21"><span class='ocrx_word' id='word_1_578' title='bbox 432 4002 574 4071; x_wconf 89' lang='lat' dir='ltr'><strong>apud</strong></span> <span class='ocrx_word' id='word_1_579' title='bbox 606 4018 666 4060; x_wconf 84' lang='lat' dir='ltr'><strong>se</strong></span> <span class='ocrx_word' id='word_1_580' title='bbox 696 4005 1076 4075; x_wconf 87' lang='lat' dir='ltr'><strong>peregrinatus</strong></span> <span class='ocrx_word' id='word_1_581' title='bbox 1106 4013 1275 4069; x_wconf 88' lang='lat' dir='ltr'><strong>esset,</strong></span> <span class='ocrx_word' id='word_1_582' title='bbox 1313 4005 1603 4060; x_wconf 87' lang='lat' dir='ltr'><strong>laudarent</strong></span> <span class='ocrx_word' id='word_1_583' title='bbox 1632 4018 1696 4059; x_wconf 91' lang='lat' dir='ltr'><strong>ac</strong></span> <span class='ocrx_word' id='word_1_584' title='bbox 1720 4004 2011 4059; x_wconf 90' lang='lat' dir='ltr'><strong>benedice—</strong></span> 
     </span>
    </p>
   </div>
   <div class='ocr_carea' id='block_1_77' title="bbox 430 4092 2014 4166">
    <p class='ocr_par' dir='ltr' id='par_1_77' title="bbox 430 4092 2014 4166">
     <span class='ocr_line' id='line_1_77' title="bbox 430 4092 2014 4166; baseline 0.003 -21"><span class='ocrx_word' id='word_1_585' title='bbox 430 4101 553 4149; x_wconf 87' lang='lat' dir='ltr'><strong>rent</strong></span> <span class='ocrx_word' id='word_1_586' title='bbox 572 4095 644 4150; x_wconf 91' lang='lat' dir='ltr'><strong>ob</strong></span> <span class='ocrx_word' id='word_1_587' title='bbox 669 4111 755 4149; x_wconf 85' lang='lat' dir='ltr'><strong>res</strong></span> <span class='ocrx_word' id='word_1_588' title='bbox 775 4106 976 4166; x_wconf 84' lang='lat' dir='ltr'><strong>gestas,</strong></span> <span class='ocrx_word' id='word_1_589' title='bbox 997 4112 1063 4151; x_wconf 90' lang='lat' dir='ltr'><strong>ex</strong></span> <span class='ocrx_word' id='word_1_590' title='bbox 1101 4096 1334 4152; x_wconf 75' lang='lat' dir='ltr'><strong>adverso</strong></span> <span class='ocrx_word' id='word_1_591' title='bbox 1365 4096 1625 4152; x_wconf 90' lang='lat' dir='ltr'><strong>dicebant</strong></span> <span class='ocrx_word' id='word_1_592' title='bbox 1661 4115 1674 4150; x_wconf 90' lang='lat'>:</span> <span class='ocrx_word' id='word_1_593' title='bbox 1717 4115 1735 4147; x_wconf 74' lang='grc' dir='ltr'><strong>ι</strong></span> <span class='ocrx_word' id='word_1_594' title='bbox 1766 4093 1822 4150; x_wconf 92' lang='lat' dir='ltr'><strong>Si</strong></span> <span class='ocrx_word' id='word_1_595' title='bbox 1841 4092 2014 4150; x_wconf 88' lang='lat' dir='ltr'><strong>Filius</strong></span> 
     </span>
    </p>
   </div>
   <div class='ocr_carea' id='block_1_78' title="bbox 430 4180 2013 4256">
    <p class='ocr_par' dir='ltr' id='par_1_78' title="bbox 430 4180 2013 4256">
     <span class='ocr_line' id='line_1_78' title="bbox 430 4180 2013 4256; baseline 0.003 -20"><span class='ocrx_word' id='word_1_596' title='bbox 430 4180 526 4239; x_wconf 85' lang='lat' dir='ltr'><strong>Dei</strong></span> <span class='ocrx_word' id='word_1_597' title='bbox 553 4199 633 4248; x_wconf 88' lang='lat' dir='ltr'><strong>es,</strong></span> <span class='ocrx_word' id='word_1_598' title='bbox 669 4185 939 4241; x_wconf 89' lang='lat' dir='ltr'><strong>descende</strong></span> <span class='ocrx_word' id='word_1_599' title='bbox 986 4186 1054 4242; x_wconf 93' lang='lat' dir='ltr'><strong>de</strong></span> <span class='ocrx_word' id='word_1_600' title='bbox 1101 4203 1268 4242; x_wconf 84' lang='lat' dir='ltr'><strong>cruce</strong></span> <span class='ocrx_word' id='word_1_601' title='bbox 1296 4188 1362 4239; x_wconf 72' lang='grc'><strong>’⁸.</strong></span> <span class='ocrx_word' id='word_1_602' title='bbox 1398 4206 1417 4239; x_wconf 75' lang='grc' dir='ltr'><strong>ι</strong></span> <span class='ocrx_word' id='word_1_603' title='bbox 1447 4186 1623 4256; x_wconf 88' lang='lat' dir='ltr'><strong>Atque</strong></span> <span class='ocrx_word' id='word_1_604' title='bbox 1678 4187 1760 4242; x_wconf 91' lang='lat' dir='ltr'><strong>sol</strong></span> <span class='ocrx_word' id='word_1_605' title='bbox 1794 4187 2013 4242; x_wconf 90' lang='lat' dir='ltr'><strong>interim</strong></span> 
     </span>
    </p>
   </div>
   <div class='ocr_carea' id='block_1_79' title="bbox 431 4278 2013 4347">
    <p class='ocr_par' dir='ltr' id='par_1_79' title="bbox 431 4278 2013 4347">
     <span class='ocr_line' id='line_1_79' title="bbox 431 4278 2013 4347; baseline 0.002 -19"><span class='ocrx_word' id='word_1_606' title='bbox 431 4278 732 4331; x_wconf 86' lang='lat' dir='ltr'><strong>contractis</strong></span> <span class='ocrx_word' id='word_1_607' title='bbox 781 4278 970 4340; x_wconf 86' lang='lat' dir='ltr'><strong>radiis,</strong></span> <span class='ocrx_word' id='word_1_608' title='bbox 1005 4295 1114 4332; x_wconf 91' lang='lat' dir='ltr'><strong>non</strong></span> <span class='ocrx_word' id='word_1_609' title='bbox 1161 4279 1425 4332; x_wconf 90' lang='lat' dir='ltr'><strong>sustinuit</strong></span> <span class='ocrx_word' id='word_1_610' title='bbox 1475 4278 1657 4332; x_wconf 83' lang='lat' dir='ltr'><strong>videre</strong></span> <span class='ocrx_word' id='word_1_611' title='bbox 1683 4293 2013 4347; x_wconf 83' lang='lat' dir='ltr'><strong>suspensum</strong></span> 
     </span>
    </p>
   </div>
   <div class='ocr_carea' id='block_1_80' title="bbox 432 4366 2011 4440">
    <p class='ocr_par' dir='ltr' id='par_1_80' title="bbox 432 4366 2011 4440">
     <span class='ocr_line' id='line_1_80' title="bbox 432 4366 2011 4440; baseline 0.001 -20"><span class='ocrx_word' id='word_1_612' title='bbox 432 4366 489 4421; x_wconf 88' lang='lat' dir='ltr'><strong>in</strong></span> <span class='ocrx_word' id='word_1_613' title='bbox 544 4382 708 4421; x_wconf 89' lang='lat' dir='ltr'><strong>cruce</strong></span> <span class='ocrx_word' id='word_1_614' title='bbox 740 4368 1050 4425; x_wconf 88' lang='lat' dir='ltr'><strong>Dominum.</strong></span> <span class='ocrx_word' id='word_1_615' title='bbox 1090 4369 1207 4424; x_wconf 92' lang='lat' dir='ltr'><strong>Duo</strong></span> <span class='ocrx_word' id='word_1_616' title='bbox 1240 4386 1458 4440; x_wconf 90' lang='lat' dir='ltr'><strong>quoque</strong></span> <span class='ocrx_word' id='word_1_617' title='bbox 1490 4368 1732 4425; x_wconf 81' lang='lat' dir='ltr'><strong>latrones</strong></span> <span class='ocrx_word' id='word_1_618' title='bbox 1780 4385 1904 4423; x_wconf 90' lang='lat' dir='ltr'><strong>cum</strong></span> <span class='ocrx_word' id='word_1_619' title='bbox 1945 4384 2011 4423; x_wconf 89' lang='lat' dir='ltr'><strong>eo</strong></span> 
     </span>
    </p>
   </div>
   <div class='ocr_carea' id='block_1_81' title="bbox 432 4461 2013 4533">
    <p class='ocr_par' dir='ltr' id='par_1_81' title="bbox 432 4461 2013 4533">
     <span class='ocr_line' id='line_1_81' title="bbox 432 4461 2013 4533; baseline -0.001 -18"><span class='ocrx_word' id='word_1_620' title='bbox 432 4461 684 4530; x_wconf 82' lang='lat' dir='ltr'><strong>suspensi</strong></span> <span class='ocrx_word' id='word_1_621' title='bbox 748 4470 926 4528; x_wconf 81' lang='lat' dir='ltr'><strong>erant,</strong></span> <span class='ocrx_word' id='word_1_622' title='bbox 988 4478 1223 4533; x_wconf 89' lang='lat' dir='ltr'><strong>quorum</strong></span> <span class='ocrx_word' id='word_1_623' title='bbox 1263 4464 1433 4518; x_wconf 85' lang='lat' dir='ltr'><strong>altero</strong></span> <span class='ocrx_word' id='word_1_624' title='bbox 1484 4469 1807 4518; x_wconf 84' lang='lat' dir='ltr'><strong>exsecrante</strong></span> <span class='ocrx_word' id='word_1_625' title='bbox 1843 4461 1883 4526; x_wconf 73' lang='grc' dir='ltr'><strong>ί,</strong></span> <span class='ocrx_word' id='word_1_626' title='bbox 1937 4462 2013 4514; x_wconf 93' lang='lat' dir='ltr'><strong>ait</strong></span> 
     </span>
    </p>
   </div>
   <div class='ocr_carea' id='block_1_82' title="bbox 504 4636 1668 4703">
    <p class='ocr_par' dir='ltr' id='par_1_82' title="bbox 504 4636 1668 4703">
     <span class='ocr_line' id='line_1_82' title="bbox 504 4636 1668 4703; baseline 0.004 -15"><span class='ocrx_word' id='word_1_627' title='bbox 504 4637 549 4668; x_wconf 73' lang='grc'><strong><em>’³</em></strong></span> <span class='ocrx_word' id='word_1_628' title='bbox 586 4636 743 4691; x_wconf 78' lang='lat' dir='ltr'><strong>Joan.</strong></span> <span class='ocrx_word' id='word_1_629' title='bbox 788 4656 837 4702; x_wconf 88' lang='grc' dir='ltr'><strong>ι,</strong></span> <span class='ocrx_word' id='word_1_630' title='bbox 878 4640 989 4693; x_wconf 73' lang='grc'><strong>1-5.</strong></span> <span class='ocrx_word' id='word_1_631' title='bbox 1066 4641 1114 4673; x_wconf 81' lang='grc'><strong>’⁸</strong></span> <span class='ocrx_word' id='word_1_632' title='bbox 1150 4639 1256 4696; x_wconf 90' lang='lat' dir='ltr'><strong>Isa.</strong></span> <span class='ocrx_word' id='word_1_633' title='bbox 1291 4657 1382 4696; x_wconf 79' lang='lat' dir='ltr'><strong>Lm</strong></span> <span class='ocrx_word' id='word_1_634' title='bbox 1406 4681 1419 4702; x_wconf 93' lang='lat'><strong>,</strong></span> <span class='ocrx_word' id='word_1_635' title='bbox 1455 4639 1580 4703; x_wconf 80' lang='lat'><strong>5,7.</strong></span> <span class='ocrx_word' id='word_1_636' title='bbox 1616 4640 1668 4694; x_wconf 91' lang='lat'><strong>8.</strong></span> 
     </span>
    </p>
   </div>
   <div class='ocr_carea' id='block_1_83' title="bbox 430 4707 1823 4776">
    <p class='ocr_par' dir='ltr' id='par_1_83' title="bbox 430 4707 1823 4776">
     <span class='ocr_line' id='line_1_83' title="bbox 430 4707 1823 4776; baseline 0.001 -14"><span class='ocrx_word' id='word_1_637' title='bbox 430 4722 632 4772; x_wconf 84' lang='lat' dir='ltr'><strong>xxvm,</strong></span> <span class='ocrx_word' id='word_1_638' title='bbox 663 4707 754 4762; x_wconf 85' lang='lat'><em>66.</em></span> <span class='ocrx_word' id='word_1_639' title='bbox 827 4710 871 4739; x_wconf 71' lang='grc' dir='ltr'>θ’</span> <span class='ocrx_word' id='word_1_640' title='bbox 912 4710 1096 4765; x_wconf 82' lang='lat' dir='ltr'><strong>Matth.</strong></span> <span class='ocrx_word' id='word_1_641' title='bbox 1138 4728 1306 4776; x_wconf 77' lang='lat' dir='ltr'><strong>xxvn,</strong></span> <span class='ocrx_word' id='word_1_642' title='bbox 1346 4712 1435 4765; x_wconf 79' lang='grc'><strong>40.</strong></span> <span class='ocrx_word' id='word_1_643' title='bbox 1513 4714 1526 4743; x_wconf 84' lang='lat'>&#39;</span> <span class='ocrx_word' id='word_1_644' title='bbox 1572 4712 1701 4766; x_wconf 84' lang='lat' dir='ltr'><strong>ibid.</strong></span> <span class='ocrx_word' id='word_1_645' title='bbox 1735 4712 1823 4766; x_wconf 72' lang='grc' dir='ltr'><strong>Η.</strong></span> 
     </span>
    </p>
   </div>
   <div class='ocr_carea' id='block_1_84' title="bbox 505 4859 596 4887">
    <p class='ocr_par' dir='ltr' id='par_1_84' title="bbox 505 4859 596 4887">
     <span class='ocr_line' id='line_1_84' title="bbox 505 4859 596 4887; baseline 0 -4"><span class='ocrx_word' id='word_1_646' title='bbox 505 4859 596 4887; x_wconf 58' lang='grc' dir='ltr'>ιον</span> 
     </span>
    </p>
   </div>
   <div class='ocr_carea' id='block_1_85' title="bbox 432 4906 1126 5006">
    <p class='ocr_par' dir='ltr' id='par_1_85' title="bbox 432 4906 1126 5006">
     <span class='ocr_line' id='line_1_85' title="bbox 432 4906 1126 5006; baseline 0.001 -18"><span class='ocrx_word' id='word_1_647' title='bbox 432 4906 694 5006; x_wconf 38' lang='grc' dir='ltr'>πρλςίτὸν</span> <span class='ocrx_word' id='word_1_648' title='bbox 722 4906 876 4996; x_wconf 52' lang='grc' dir='ltr'>Θεόνῗ</span> <span class='ocrx_word' id='word_1_649' title='bbox 906 4935 1126 5006; x_wconf 56' lang='lat' dir='ltr'><strong>dsunt.</strong></span> 
     </span>
    </p>
   </div>
   <div class='ocr_carea' id='block_1_86' title="bbox 505 5003 2014 5083">
    <p class='ocr_par' dir='ltr' id='par_1_86' title="bbox 505 5003 2014 5083">
     <span class='ocr_line' id='line_1_86' title="bbox 505 5003 2014 5083; baseline 0.001 -25"><span class='ocrx_word' id='word_1_650' title='bbox 505 5003 615 5083; x_wconf 74' lang='grc'><strong>(28)</strong></span> <span class='ocrx_word' id='word_1_651' title='bbox 647 5003 864 5083; x_wconf 75' lang='lat' dir='ltr'><strong>Gobler.</strong></span> <span class='ocrx_word' id='word_1_652' title='bbox 893 5014 947 5083; x_wconf 70' lang='lat' dir='ltr'><strong>et</strong></span> <span class='ocrx_word' id='word_1_653' title='bbox 974 5004 1155 5083; x_wconf 63' lang='lat' dir='ltr'><strong>Fclck.</strong></span> <span class='ocrx_word' id='word_1_654' title='bbox 1175 5007 1239 5083; x_wconf 69' lang='grc' dir='ltr'><strong>Δ1,</strong></span> <span class='ocrx_word' id='word_1_655' title='bbox 1284 5007 1555 5083; x_wconf 60' lang='grc' dir='ltr'>σωτηρίαν</span> <span class='ocrx_word' id='word_1_656' title='bbox 1586 5012 1685 5083; x_wconf 80' lang='grc' dir='ltr'><strong>τὴν</strong></span> <span class='ocrx_word' id='word_1_657' title='bbox 1716 5004 2014 5083; x_wconf 63' lang='grc' dir='ltr'>γενομένην</span> 
     </span>
    </p>
   </div>
   <div class='ocr_carea' id='block_1_87' title="bbox 430 5074 2010 5150">
    <p class='ocr_par' dir='ltr' id='par_1_87' title="bbox 430 5074 2010 5150">
     <span class='ocr_line' id='line_1_87' title="bbox 430 5074 2010 5150; baseline 0.001 -21"><span class='ocrx_word' id='word_1_658' title='bbox 430 5074 526 5150; x_wconf 69' lang='grc' dir='ltr'><strong>έπὶ</strong></span> <span class='ocrx_word' id='word_1_659' title='bbox 570 5075 814 5150; x_wconf 75' lang='grc' dir='ltr'>σωτηρίᾳ</span> <span class='ocrx_word' id='word_1_660' title='bbox 858 5075 990 5150; x_wconf 40' lang='grc' dir='ltr'>τῶν-</span> <span class='ocrx_word' id='word_1_661' title='bbox 1017 5075 1339 5150; x_wconf 77' lang='grc' dir='ltr'>ἀνθρώπων.</span> <span class='ocrx_word' id='word_1_662' title='bbox 1384 5074 1557 5150; x_wconf 64' lang='lat' dir='ltr'><strong>Paulo</strong></span> <span class='ocrx_word' id='word_1_663' title='bbox 1592 5074 1739 5150; x_wconf 70' lang='grc' dir='ltr'>νόει,</span> <span class='ocrx_word' id='word_1_664' title='bbox 1784 5074 2010 5148; x_wconf 63' lang='lat' dir='ltr'><strong>Sdguer.</strong></span> 
     </span>
    </p>
   </div>
   <div class='ocr_carea' id='block_1_88' title="bbox 430 5145 2010 5220">
    <p class='ocr_par' dir='ltr' id='par_1_88' title="bbox 430 5145 2010 5220">
     <span class='ocr_line' id='line_1_88' title="bbox 430 5145 2010 5220; baseline 0.001 -21"><span class='ocrx_word' id='word_1_665' title='bbox 430 5145 684 5220; x_wconf 62' lang='grc' dir='ltr'>ἀγαπητέ</span> <span class='ocrx_word' id='word_1_666' title='bbox 705 5145 826 5220; x_wconf 75' lang='grc' dir='ltr'>μου.</span> <span class='ocrx_word' id='word_1_667' title='bbox 847 5148 908 5220; x_wconf 72' lang='lat' dir='ltr'><strong>Oi</strong></span> <span class='ocrx_word' id='word_1_668' title='bbox 936 5146 1036 5216; x_wconf 83' lang='grc' dir='ltr'>μὲν</span> <span class='ocrx_word' id='word_1_669' title='bbox 1065 5145 1431 5220; x_wconf 60' lang='grc' dir='ltr'>δινδρειότατοι</span> <span class='ocrx_word' id='word_1_670' title='bbox 1459 5148 1554 5202; x_wconf 77' lang='grc' dir='ltr'><strong>καὶ</strong></span> <span class='ocrx_word' id='word_1_671' title='bbox 1576 5145 1799 5220; x_wconf 81' lang='grc' dir='ltr'>μεγάλοι</span> <span class='ocrx_word' id='word_1_672' title='bbox 1841 5145 2010 5220; x_wconf 62' lang='grc' dir='ltr'>προφ.</span> 
     </span>
    </p>
   </div>
   <div class='ocr_carea' id='block_1_89' title="bbox 502 5215 2012 5289">
    <p class='ocr_par' dir='ltr' id='par_1_89' title="bbox 502 5215 2012 5289">
     <span class='ocr_line' id='line_1_89' title="bbox 502 5215 2012 5289; baseline 0.001 -19"><span class='ocrx_word' id='word_1_673' title='bbox 502 5215 614 5289; x_wconf 82' lang='grc'><strong>(29)</strong></span> <span class='ocrx_word' id='word_1_674' title='bbox 645 5215 959 5289; x_wconf 69' lang='grc' dir='ltr'>ϐοῢιετὶειιι.</span> <span class='ocrx_word' id='word_1_675' title='bbox 988 5227 1042 5271; x_wconf 91' lang='lat' dir='ltr'><strong>et</strong></span> <span class='ocrx_word' id='word_1_676' title='bbox 1072 5215 1215 5271; x_wconf 76' lang='lat' dir='ltr'><strong>Felc.</strong></span> <span class='ocrx_word' id='word_1_677' title='bbox 1251 5221 1303 5280; x_wconf 83' lang='lat' dir='ltr'><strong>I,</strong></span> <span class='ocrx_word' id='word_1_678' title='bbox 1335 5220 1384 5271; x_wconf 85' lang='grc' dir='ltr'>οἱ</span> <span class='ocrx_word' id='word_1_679' title='bbox 1409 5215 1808 5289; x_wconf 70' lang='grc' dir='ltr'>εὐαγγελίσταί.</span> <span class='ocrx_word' id='word_1_680' title='bbox 1841 5215 2012 5272; x_wconf 84' lang='lat' dir='ltr'><strong>Paulo</strong></span> 
     </span>
    </p>
   </div>
   <div class='ocr_carea' id='block_1_90' title="bbox 427 5286 1583 5360">
    <p class='ocr_par' dir='ltr' id='par_1_90' title="bbox 427 5286 1583 5360">
     <span class='ocr_line' id='line_1_90' title="bbox 427 5286 1583 5360; baseline 0.003 -22"><span class='ocrx_word' id='word_1_681' title='bbox 427 5287 808 5360; x_wconf 64' lang='lat' dir='ltr'><strong>postSeguer.</strong></span> <span class='ocrx_word' id='word_1_682' title='bbox 843 5286 951 5340; x_wconf 84' lang='grc' dir='ltr'><strong>τῶν</strong></span> <span class='ocrx_word' id='word_1_683' title='bbox 984 5289 1234 5360; x_wconf 81' lang='grc' dir='ltr'>μεγάλων</span> <span class='ocrx_word' id='word_1_684' title='bbox 1268 5286 1583 5360; x_wconf 74' lang='grc' dir='ltr'>προφητῶν.</span> 
     </span>
    </p>
   </div>
   <div class='ocr_carea' id='block_1_91' title="bbox 502 5357 2011 5431">
    <p class='ocr_par' dir='ltr' id='par_1_91' title="bbox 502 5357 2011 5431">
     <span class='ocr_line' id='line_1_91' title="bbox 502 5357 2011 5431; baseline -0.001 -17"><span class='ocrx_word' id='word_1_685' title='bbox 502 5357 636 5431; x_wconf 38' lang='grc'><strong>(50)-</strong></span> <span class='ocrx_word' id='word_1_686' title='bbox 655 5357 874 5431; x_wconf 72' lang='lat' dir='ltr'><strong>prler.</strong></span> <span class='ocrx_word' id='word_1_687' title='bbox 902 5369 953 5411; x_wconf 91' lang='lat' dir='ltr'><strong>ct</strong></span> <span class='ocrx_word' id='word_1_688' title='bbox 983 5357 1123 5431; x_wconf 59' lang='grc' dir='ltr'><strong>«τις.</strong></span> <span class='ocrx_word' id='word_1_689' title='bbox 1168 5366 1211 5423; x_wconf 89' lang='lat' dir='ltr'><strong>l,</strong></span> <span class='ocrx_word' id='word_1_690' title='bbox 1242 5357 1675 5431; x_wconf 71' lang='grc' dir='ltr'>ἐνἘὺαγγελίοις</span> <span class='ocrx_word' id='word_1_691' title='bbox 1695 5380 1709 5392; x_wconf 70' lang='grc'><strong>⁸</strong></span> <span class='ocrx_word' id='word_1_692' title='bbox 1758 5360 1849 5431; x_wconf 83' lang='grc' dir='ltr'>Ὠς</span> <span class='ocrx_word' id='word_1_693' title='bbox 1876 5359 2011 5431; x_wconf 66' lang='grc' dir='ltr'>πρᾷ-</span> 
     </span>
    </p>
   </div>
   <div class='ocr_carea' id='block_1_92' title="bbox 429 5426 2014 5501">
    <p class='ocr_par' dir='ltr' id='par_1_92' title="bbox 429 5426 2014 5501">
     <span class='ocr_line' id='line_1_92' title="bbox 429 5426 2014 5501; baseline 0.001 -22"><span class='ocrx_word' id='word_1_694' title='bbox 429 5426 593 5482; x_wconf 85' lang='grc' dir='ltr'>ϐατον</span> <span class='ocrx_word' id='word_1_695' title='bbox 623 5426 737 5491; x_wconf 74' lang='grc' dir='ltr'>ἐπί,</span> <span class='ocrx_word' id='word_1_696' title='bbox 763 5429 985 5483; x_wconf 89' lang='lat' dir='ltr'><strong>omissis</strong></span> <span class='ocrx_word' id='word_1_697' title='bbox 1012 5429 1373 5501; x_wconf 85' lang='lat' dir='ltr'><strong>interpositis.</strong></span> <span class='ocrx_word' id='word_1_698' title='bbox 1406 5426 1525 5489; x_wconf 79' lang='lat' dir='ltr'><strong>Mox</strong></span> <span class='ocrx_word' id='word_1_699' title='bbox 1559 5426 1744 5500; x_wconf 84' lang='lat' dir='ltr'><strong>iidem,</strong></span> <span class='ocrx_word' id='word_1_700' title='bbox 1774 5430 1867 5485; x_wconf 83' lang='grc' dir='ltr'>τοῦ</span> <span class='ocrx_word' id='word_1_701' title='bbox 1902 5426 2014 5483; x_wconf 77' lang='grc' dir='ltr'>κεί-</span> 
     </span>
    </p>
   </div>
   <div class='ocr_carea' id='block_1_93' title="bbox 434 5512 647 5559">
    <p class='ocr_par' dir='ltr' id='par_1_93' title="bbox 434 5512 647 5559">
     <span class='ocr_line' id='line_1_93' title="bbox 434 5512 647 5559; baseline 0.005 -10"><span class='ocrx_word' id='word_1_702' title='bbox 434 5512 647 5559; x_wconf 79' lang='grc' dir='ltr'>οαντος.</span> 
     </span>
    </p>
   </div>
   <div class='ocr_carea' id='block_1_94' title="bbox 1798 4638 2263 4708">
    <p class='ocr_par' dir='ltr' id='par_1_94' title="bbox 1798 4638 2263 4708">
     <span class='ocr_line' id='line_1_94' title="bbox 1798 4638 2263 4708; baseline 0 -15"><span class='ocrx_word' id='word_1_703' title='bbox 1798 4641 1846 4672; x_wconf 79' lang='grc'><strong>⁸⁸</strong></span> <span class='ocrx_word' id='word_1_704' title='bbox 1884 4638 2043 4695; x_wconf 85' lang='lat' dir='ltr'><strong>Joan.</strong></span> <span class='ocrx_word' id='word_1_705' title='bbox 2083 4657 2137 4708; x_wconf 85' lang='grc' dir='ltr'><strong>ι,</strong></span> <span class='ocrx_word' id='word_1_706' title='bbox 2171 4639 2263 4695; x_wconf 81' lang='grc'><strong>29.</strong></span> 
     </span>
    </p>
   </div>
   <div class='ocr_carea' id='block_1_95' title="bbox 2180 3814 3703 3889">
    <p class='ocr_par' dir='ltr' id='par_1_95' title="bbox 2180 3814 3703 3889">
     <span class='ocr_line' id='line_1_95' title="bbox 2180 3814 3703 3889; baseline 0 -18"><span class='ocrx_word' id='word_1_707' title='bbox 2180 3818 2235 3872; x_wconf 83' lang='grc'><strong>2.</strong></span> <span class='ocrx_word' id='word_1_708' title='bbox 2266 3816 2507 3880; x_wconf 87' lang='grc' dir='ltr'>Τάλανες</span> <span class='ocrx_word' id='word_1_709' title='bbox 2548 3817 2599 3869; x_wconf 79' lang='grc' dir='ltr'>οἱ</span> <span class='ocrx_word' id='word_1_710' title='bbox 2647 3816 2935 3889; x_wconf 86' lang='grc' dir='ltr'>ἀχάριστοι</span> <span class='ocrx_word' id='word_1_711' title='bbox 2996 3815 3259 3883; x_wconf 83' lang='grc' dir='ltr'>Ἰουδαῖοι,</span> <span class='ocrx_word' id='word_1_712' title='bbox 3308 3814 3566 3870; x_wconf 87' lang='grc' dir='ltr'>τοιούτων</span> <span class='ocrx_word' id='word_1_713' title='bbox 3606 3818 3703 3871; x_wconf 76' lang='grc' dir='ltr'><strong>καὶ</strong></span> 
     </span>
    </p>
   </div>
   <div class='ocr_carea' id='block_1_96' title="bbox 2112 3908 3701 3982">
    <p class='ocr_par' dir='ltr' id='par_1_96' title="bbox 2112 3908 3701 3982">
     <span class='ocr_line' id='line_1_96' title="bbox 2112 3908 3701 3982; baseline 0.001 -19"><span class='ocrx_word' id='word_1_714' title='bbox 2112 3908 2444 3980; x_wconf 79' lang='grc' dir='ltr'>τηλικούτων</span> <span class='ocrx_word' id='word_1_715' title='bbox 2472 3908 2714 3979; x_wconf 87' lang='grc' dir='ltr'>σημείων</span> <span class='ocrx_word' id='word_1_716' title='bbox 2742 3908 2835 3962; x_wconf 75' lang='grc' dir='ltr'><strong>καὶ</strong></span> <span class='ocrx_word' id='word_1_717' title='bbox 2857 3908 3188 3980; x_wconf 77' lang='grc' dir='ltr'>εὐεργεσιῶν</span> <span class='ocrx_word' id='word_1_718' title='bbox 3229 3909 3539 3979; x_wconf 88' lang='grc' dir='ltr'>γενομένων</span> <span class='ocrx_word' id='word_1_719' title='bbox 3569 3909 3701 3982; x_wconf 85' lang='grc' dir='ltr'>παρ’</span> 
     </span>
    </p>
   </div>
   <div class='ocr_carea' id='block_1_97' title="bbox 2113 3999 3702 4073">
    <p class='ocr_par' dir='ltr' id='par_1_97' title="bbox 2113 3999 3702 4073">
     <span class='ocr_line' id='line_1_97' title="bbox 2113 3999 3702 4073; baseline 0 -18"><span class='ocrx_word' id='word_1_720' title='bbox 2113 4002 2319 4064; x_wconf 82' lang='grc' dir='ltr'>αὐτοῖς,</span> <span class='ocrx_word' id='word_1_721' title='bbox 2355 4000 2478 4053; x_wconf 71' lang='grc' dir='ltr'>ἀντὶ</span> <span class='ocrx_word' id='word_1_722' title='bbox 2499 3999 2592 4052; x_wconf 82' lang='grc' dir='ltr'>τοῦ</span> <span class='ocrx_word' id='word_1_723' title='bbox 2617 3999 2708 4053; x_wconf 87' lang='grc' dir='ltr'>τὸν</span> <span class='ocrx_word' id='word_1_724' title='bbox 2734 4000 3148 4072; x_wconf 79' lang='grc' dir='ltr'>ἐπιδημήσαντα</span> <span class='ocrx_word' id='word_1_725' title='bbox 3183 4002 3313 4073; x_wconf 79' lang='grc' dir='ltr'>παρ’</span> <span class='ocrx_word' id='word_1_726' title='bbox 3342 4002 3527 4065; x_wconf 78' lang='grc' dir='ltr'>αὐτοῖς</span> <span class='ocrx_word' id='word_1_727' title='bbox 3548 4002 3702 4067; x_wconf 81' lang='grc' dir='ltr'>δοξά-</span> 
     </span>
    </p>
   </div>
   <div class='ocr_carea' id='block_1_98' title="bbox 2118 4090 3703 4163">
    <p class='ocr_par' dir='ltr' id='par_1_98' title="bbox 2118 4090 3703 4163">
     <span class='ocr_line' id='line_1_98' title="bbox 2118 4090 3703 4163; baseline 0.001 -19"><span class='ocrx_word' id='word_1_728' title='bbox 2118 4093 2230 4157; x_wconf 80' lang='grc' dir='ltr'>ζειν</span> <span class='ocrx_word' id='word_1_729' title='bbox 2255 4091 2350 4145; x_wconf 72' lang='grc' dir='ltr'>καὶ</span> <span class='ocrx_word' id='word_1_730' title='bbox 2374 4090 2615 4159; x_wconf 86' lang='grc' dir='ltr'>εὐλογεῖν</span> <span class='ocrx_word' id='word_1_731' title='bbox 2644 4090 2739 4144; x_wconf 77' lang='grc' dir='ltr'><strong>ἐπὶ</strong></span> <span class='ocrx_word' id='word_1_732' title='bbox 2781 4092 2896 4154; x_wconf 86' lang='grc' dir='ltr'>τοῖς</span> <span class='ocrx_word' id='word_1_733' title='bbox 2947 4092 3254 4162; x_wconf 81' lang='grc' dir='ltr'>γινομένοις</span> <span class='ocrx_word' id='word_1_734' title='bbox 3306 4091 3441 4163; x_wconf 82' lang='grc'><strong>(57),</strong></span> <span class='ocrx_word' id='word_1_735' title='bbox 3477 4093 3544 4145; x_wconf 82' lang='grc' dir='ltr'>ὲκ</span> <span class='ocrx_word' id='word_1_736' title='bbox 3592 4093 3703 4146; x_wconf 86' lang='grc' dir='ltr'><strong>τῶν</strong></span> 
     </span>
    </p>
   </div>
   <div class='ocr_carea' id='block_1_99' title="bbox 2121 4178 3703 4255">
    <p class='ocr_par' dir='ltr' id='par_1_99' title="bbox 2121 4178 3703 4255">
     <span class='ocr_line' id='line_1_99' title="bbox 2121 4178 3703 4255; baseline 0.001 -19"><span class='ocrx_word' id='word_1_737' title='bbox 2121 4184 2380 4238; x_wconf 78' lang='grc' dir='ltr'>ἐναντίων</span> <span class='ocrx_word' id='word_1_738' title='bbox 2428 4182 2611 4251; x_wconf 77' lang='grc' dir='ltr'>ἔλεγον</span> <span class='ocrx_word' id='word_1_739' title='bbox 2632 4200 2645 4213; x_wconf 89' lang='grc'><strong>·</strong></span> <span class='ocrx_word' id='word_1_740' title='bbox 2687 4200 2706 4233; x_wconf 79' lang='grc' dir='ltr'><strong>ι</strong></span> <span class='ocrx_word' id='word_1_741' title='bbox 2761 4183 2825 4235; x_wconf 77' lang='grc' dir='ltr'><strong>Εἰ</strong></span> <span class='ocrx_word' id='word_1_742' title='bbox 2861 4183 2989 4247; x_wconf 85' lang='grc' dir='ltr'>Υἱὸς</span> <span class='ocrx_word' id='word_1_743' title='bbox 3017 4178 3066 4236; x_wconf 79' lang='grc' dir='ltr'>εἷ</span> <span class='ocrx_word' id='word_1_744' title='bbox 3098 4182 3192 4236; x_wconf 80' lang='grc' dir='ltr'>τοῦ</span> <span class='ocrx_word' id='word_1_745' title='bbox 3225 4182 3381 4248; x_wconf 83' lang='grc' dir='ltr'>Θεοῦ,</span> <span class='ocrx_word' id='word_1_746' title='bbox 3432 4183 3703 4255; x_wconf 88' lang='grc' dir='ltr'>κατάϐηθι</span> 
     </span>
    </p>
   </div>
   <div class='ocr_carea' id='block_1_100' title="bbox 2123 4273 3706 4347">
    <p class='ocr_par' dir='ltr' id='par_1_100' title="bbox 2123 4273 3706 4347">
     <span class='ocr_line' id='line_1_100' title="bbox 2123 4273 3706 4347; baseline 0.001 -20"><span class='ocrx_word' id='word_1_747' title='bbox 2123 4275 2230 4327; x_wconf 84' lang='grc' dir='ltr'><strong>ἀπὸ</strong></span> <span class='ocrx_word' id='word_1_748' title='bbox 2253 4274 2346 4328; x_wconf 81' lang='grc' dir='ltr'>τοῦ</span> <span class='ocrx_word' id='word_1_749' title='bbox 2384 4273 2638 4345; x_wconf 83' lang='grc' dir='ltr'>σταυροῦ.</span> <span class='ocrx_word' id='word_1_750' title='bbox 2677 4293 2696 4324; x_wconf 75' lang='grc' dir='ltr'><strong>ι</strong></span> <span class='ocrx_word' id='word_1_751' title='bbox 2741 4274 2800 4327; x_wconf 84' lang='grc' dir='ltr'><strong>ὐ</strong></span> <span class='ocrx_word' id='word_1_752' title='bbox 2834 4275 3019 4345; x_wconf 89' lang='grc' dir='ltr'>μέντοι</span> <span class='ocrx_word' id='word_1_753' title='bbox 3061 4275 3211 4347; x_wconf 75' lang='grc' dir='ltr'>ἥλιος</span> <span class='ocrx_word' id='word_1_754' title='bbox 3247 4275 3566 4329; x_wconf 86' lang='grc' dir='ltr'>συνέστελλε</span> <span class='ocrx_word' id='word_1_755' title='bbox 3604 4276 3706 4339; x_wconf 70' lang='grc' dir='ltr'><strong>τὰς</strong></span> 
     </span>
    </p>
   </div>
   <div class='ocr_carea' id='block_1_101' title="bbox 2122 4366 3706 4439">
    <p class='ocr_par' dir='ltr' id='par_1_101' title="bbox 2122 4366 3706 4439">
     <span class='ocr_line' id='line_1_101' title="bbox 2122 4366 3706 4439; baseline 0 -18"><span class='ocrx_word' id='word_1_756' title='bbox 2122 4368 2367 4429; x_wconf 84' lang='grc' dir='ltr'>ἀκτῖνας,</span> <span class='ocrx_word' id='word_1_757' title='bbox 2395 4366 2471 4438; x_wconf 84' lang='grc' dir='ltr'>μὴ</span> <span class='ocrx_word' id='word_1_758' title='bbox 2512 4367 2693 4438; x_wconf 85' lang='grc' dir='ltr'>φέρων</span> <span class='ocrx_word' id='word_1_759' title='bbox 2726 4369 2855 4439; x_wconf 80' lang='grc' dir='ltr'>ὁρᾷν</span> <span class='ocrx_word' id='word_1_760' title='bbox 2874 4368 2967 4421; x_wconf 81' lang='grc' dir='ltr'>τὸν</span> <span class='ocrx_word' id='word_1_761' title='bbox 2987 4370 3190 4439; x_wconf 85' lang='grc' dir='ltr'>Κύριον</span> <span class='ocrx_word' id='word_1_762' title='bbox 3217 4368 3567 4439; x_wconf 83' lang='grc' dir='ltr'>κρεμάμενον</span> <span class='ocrx_word' id='word_1_763' title='bbox 3610 4370 3706 4421; x_wconf 77' lang='grc' dir='ltr'>ἐπὶ</span> 
     </span>
    </p>
   </div>
   <div class='ocr_carea' id='block_1_102' title="bbox 2122 4458 3704 4534">
    <p class='ocr_par' dir='ltr' id='par_1_102' title="bbox 2122 4458 3704 4534">
     <span class='ocr_line' id='line_1_102' title="bbox 2122 4458 3704 4534; baseline 0.002 -21"><span class='ocrx_word' id='word_1_764' title='bbox 2122 4460 2215 4514; x_wconf 86' lang='grc' dir='ltr'>τοῦ</span> <span class='ocrx_word' id='word_1_765' title='bbox 2251 4461 2449 4532; x_wconf 83' lang='grc' dir='ltr'>ίκρίου.</span> <span class='ocrx_word' id='word_1_766' title='bbox 2478 4461 2589 4515; x_wconf 75' lang='grc' dir='ltr'><strong>Καὶ</strong></span> <span class='ocrx_word' id='word_1_767' title='bbox 2623 4460 2718 4514; x_wconf 88' lang='grc' dir='ltr'><strong>δύο</strong></span> <span class='ocrx_word' id='word_1_768' title='bbox 2740 4462 2839 4515; x_wconf 84' lang='grc' dir='ltr'><strong>σὺν</strong></span> <span class='ocrx_word' id='word_1_769' title='bbox 2867 4461 3020 4532; x_wconf 83' lang='grc' dir='ltr'>αὐτῷ</span> <span class='ocrx_word' id='word_1_770' title='bbox 3051 4458 3190 4533; x_wconf 81' lang='grc' dir='ltr'>ἦσαν</span> <span class='ocrx_word' id='word_1_771' title='bbox 3236 4462 3432 4534; x_wconf 80' lang='grc' dir='ltr'>λῃσταὶ</span> <span class='ocrx_word' id='word_1_772' title='bbox 3485 4462 3704 4533; x_wconf 85' lang='grc' dir='ltr'>κρεμά-</span> 
     </span>
    </p>
   </div>
   <div class='ocr_carea' id='block_1_103' title="bbox 2369 4638 3703 4709">
    <p class='ocr_par' dir='ltr' id='par_1_103' title="bbox 2369 4638 3703 4709">
     <span class='ocr_line' id='line_1_103' title="bbox 2369 4638 3703 4709; baseline 0.002 -16"><span class='ocrx_word' id='word_1_773' title='bbox 2369 4639 2411 4672; x_wconf 84' lang='grc'><strong>⁹⁷</strong></span> <span class='ocrx_word' id='word_1_774' title='bbox 2453 4638 2614 4695; x_wconf 87' lang='lat' dir='ltr'><strong>Deut.</strong></span> <span class='ocrx_word' id='word_1_775' title='bbox 2653 4656 2779 4707; x_wconf 80' lang='lat' dir='ltr'><strong>xxI,</strong></span> <span class='ocrx_word' id='word_1_776' title='bbox 2813 4639 2925 4709; x_wconf 75' lang='lat'><strong>2&#39;5;</strong></span> <span class='ocrx_word' id='word_1_777' title='bbox 2963 4638 3140 4695; x_wconf 84' lang='lat' dir='ltr'><strong>Galat.</strong></span> <span class='ocrx_word' id='word_1_778' title='bbox 3176 4655 3270 4701; x_wconf 82' lang='grc' dir='ltr'>ιιι.</span> <span class='ocrx_word' id='word_1_779' title='bbox 3306 4638 3390 4695; x_wconf 79' lang='grc'><strong>15.</strong></span> <span class='ocrx_word' id='word_1_780' title='bbox 3469 4638 3517 4672; x_wconf 79' lang='grc'><strong>⁸⁸</strong></span> <span class='ocrx_word' id='word_1_781' title='bbox 3542 4638 3703 4696; x_wconf 84' lang='lat' dir='ltr'><strong>Deut.</strong></span> 
     </span>
    </p>
   </div>
   <div class='ocr_carea' id='block_1_104' title="bbox 575 4858 2009 4955">
    <p class='ocr_par' dir='ltr' id='par_1_104' title="bbox 575 4858 2009 4955">
     <span class='ocr_line' id='line_1_104' title="bbox 575 4858 2009 4955; baseline 0.034 -55"><span class='ocrx_word' id='word_1_782' title='bbox 575 4860 1301 4955; x_wconf 35' lang='grc' dir='ltr'><strong>τὶὶιιεοξῖευςτζεάἱῑὶε,</strong></span> <span class='ocrx_word' id='word_1_783' title='bbox 1326 4866 1461 4931; x_wconf 65' lang='lat' dir='ltr'><strong>hanc,</strong></span> <span class='ocrx_word' id='word_1_784' title='bbox 1498 4858 1651 4931; x_wconf 75' lang='grc' dir='ltr'>οὗτος</span> <span class='ocrx_word' id='word_1_785' title='bbox 1683 4860 1751 4936; x_wconf 79' lang='grc' dir='ltr'><strong>ἦν</strong></span> <span class='ocrx_word' id='word_1_786' title='bbox 1785 4868 1844 4919; x_wconf 70' lang='grc' dir='ltr'><strong>ὲν</strong></span> <span class='ocrx_word' id='word_1_787' title='bbox 1874 4865 2009 4937; x_wconf 64' lang='grc' dir='ltr'><strong>ἀρχῇ</strong></span> 
     </span>
    </p>
   </div>
   <div class='ocr_carea' id='block_1_105' title="bbox 2123 4858 2355 4955">
    <p class='ocr_par' dir='ltr' id='par_1_105' title="bbox 2123 4863 2355 4955">
     <span class='ocr_line' id='line_1_105' title="bbox 2123 4863 2355 4919; baseline 0 -1"><span class='ocrx_word' id='word_1_788' title='bbox 2123 4863 2249 4919; x_wconf 87' lang='lat' dir='ltr'><strong>Felc</strong></span> <span class='ocrx_word' id='word_1_789' title='bbox 2302 4863 2355 4918; x_wconf 74' lang='grc'><strong>4.</strong></span> 
     </span>
     <span class='ocr_line' id='line_1_106' title="bbox 2198 4935 2355 4955; baseline 0 0"><span class='ocrx_word' id='word_1_790' title='bbox 2198 4935 2305 4955; x_wconf 65' lang='grc' dir='ltr'><strong>...η</strong></span> <span class='ocrx_word' id='word_1_791' title='bbox 2340 4936 2355 4955; x_wconf 74' lang='grc' dir='ltr'><em>ι</em></span> 
     </span>
    </p>
   </div>
   <div class='ocr_carea' id='block_1_106' title="bbox 2195 4930 3706 5005">
    <p class='ocr_par' dir='ltr' id='par_1_106' title="bbox 2195 4930 3706 5005">
     <span class='ocr_line' id='line_1_107' title="bbox 2195 4930 3706 5005; baseline -0.001 -15"><span class='ocrx_word' id='word_1_792' title='bbox 2195 4935 2307 5005; x_wconf 80' lang='grc'><strong>(55)</strong></span> <span class='ocrx_word' id='word_1_793' title='bbox 2338 4934 2497 4991; x_wconf 89' lang='lat' dir='ltr'><strong>Gobl.</strong></span> <span class='ocrx_word' id='word_1_794' title='bbox 2538 4942 2594 4988; x_wconf 90' lang='lat' dir='ltr'><strong>et</strong></span> <span class='ocrx_word' id='word_1_795' title='bbox 2638 4930 2785 5005; x_wconf 60' lang='lat' dir='ltr'><strong>Felc.</strong></span> <span class='ocrx_word' id='word_1_796' title='bbox 2824 4931 2875 4995; x_wconf 83' lang='lat' dir='ltr'><strong>I,</strong></span> <span class='ocrx_word' id='word_1_797' title='bbox 2902 4936 2930 4986; x_wconf 90' lang='lat'><strong>6</strong></span> <span class='ocrx_word' id='word_1_798' title='bbox 2960 4934 3289 5003; x_wconf 78' lang='grc' dir='ltr'>Βαπτιστής.</span> <span class='ocrx_word' id='word_1_799' title='bbox 3328 4933 3569 5005; x_wconf 61' lang='grc' dir='ltr'>ξομοίως</span> <span class='ocrx_word' id='word_1_800' title='bbox 3611 4933 3706 4988; x_wconf 77' lang='grc' dir='ltr'>καὶ</span> 
     </span>
    </p>
   </div>
   <div class='ocr_carea' id='block_1_107' title="bbox 2122 5003 3701 5077">
    <p class='ocr_par' dir='ltr' id='par_1_107' title="bbox 2122 5003 3701 5077">
     <span class='ocr_line' id='line_1_108' title="bbox 2122 5003 3701 5077; baseline -0.003 -18"><span class='ocrx_word' id='word_1_801' title='bbox 2122 5008 2150 5059; x_wconf 91' lang='lat'><strong>6</strong></span> <span class='ocrx_word' id='word_1_802' title='bbox 2187 5003 2548 5077; x_wconf 51' lang='lat' dir='ltr'><strong>pléydglbid.</strong></span> <span class='ocrx_word' id='word_1_803' title='bbox 2575 5013 2699 5077; x_wconf 83' lang='lat' dir='ltr'><strong>post</strong></span> <span class='ocrx_word' id='word_1_804' title='bbox 2721 5004 3051 5077; x_wconf 63' lang='grc' dir='ltr'>Ιξαπτιστής,</span> <span class='ocrx_word' id='word_1_805' title='bbox 3078 5005 3222 5077; x_wconf 47' lang='lat' dir='ltr'><strong>Sea;</strong></span> <span class='ocrx_word' id='word_1_806' title='bbox 3242 5003 3404 5077; x_wconf 69' lang='lat' dir='ltr'><strong>addit</strong></span> <span class='ocrx_word' id='word_1_807' title='bbox 3424 5003 3701 5077; x_wconf 50' lang='grc' dir='ltr'>Ἰωάννης.</span> 
     </span>
    </p>
   </div>
   <div class='ocr_carea' id='block_1_108' title="bbox 2195 5072 3705 5147">
    <p class='ocr_par' dir='ltr' id='par_1_108' title="bbox 2195 5072 3705 5147">
     <span class='ocr_line' id='line_1_109' title="bbox 2195 5072 3705 5147; baseline -0.001 -17"><span class='ocrx_word' id='word_1_808' title='bbox 2195 5072 2303 5147; x_wconf 64' lang='grc'><strong>(54)</strong></span> <span class='ocrx_word' id='word_1_809' title='bbox 2338 5075 2403 5128; x_wconf 90' lang='grc' dir='ltr'>Τί</span> <span class='ocrx_word' id='word_1_810' title='bbox 2429 5072 2603 5147; x_wconf 39' lang='lat' dir='ltr'><strong>deest:</strong></span> <span class='ocrx_word' id='word_1_811' title='bbox 2626 5075 2680 5147; x_wconf 87' lang='lat' dir='ltr'><strong>in</strong></span> <span class='ocrx_word' id='word_1_812' title='bbox 2721 5072 3052 5147; x_wconf 82' lang='lat' dir='ltr'><strong>Goblcriano</strong></span> <span class='ocrx_word' id='word_1_813' title='bbox 3084 5083 3137 5127; x_wconf 93' lang='lat' dir='ltr'><strong>et</strong></span> <span class='ocrx_word' id='word_1_814' title='bbox 3182 5073 3327 5128; x_wconf 80' lang='lat' dir='ltr'><strong>Felc.</strong></span> <span class='ocrx_word' id='word_1_815' title='bbox 3363 5074 3413 5127; x_wconf 88' lang='lat' dir='ltr'><strong>I.</strong></span> <span class='ocrx_word' id='word_1_816' title='bbox 3446 5073 3571 5127; x_wconf 78' lang='lat' dir='ltr'><strong>Mox</strong></span> <span class='ocrx_word' id='word_1_817' title='bbox 3602 5072 3705 5129; x_wconf 85' lang='lat' dir='ltr'><strong>Se-</strong></span> 
     </span>
    </p>
   </div>
   <div class='ocr_carea' id='block_1_109' title="bbox 2122 5144 3111 5219">
    <p class='ocr_par' dir='ltr' id='par_1_109' title="bbox 2122 5144 3111 5219">
     <span class='ocr_line' id='line_1_110' title="bbox 2122 5144 3111 5219; baseline -0.008 -20"><span class='ocrx_word' id='word_1_818' title='bbox 2122 5144 2395 5219; x_wconf 42' lang='lat' dir='ltr'><strong>guerian.)</strong></span> <span class='ocrx_word' id='word_1_819' title='bbox 2430 5144 2911 5219; x_wconf 41' lang='lat' dir='ltr'><strong>lfldgdvllpmn&#39;oc6</strong></span> <span class='ocrx_word' id='word_1_820' title='bbox 2947 5162 3111 5219; x_wconf 12' lang='grc' dir='ltr'>κρεμγ.</span> 
     </span>
    </p>
   </div>
   <div class='ocr_carea' id='block_1_110' title="bbox 2195 5214 3593 5285">
    <p class='ocr_par' dir='ltr' id='par_1_110' title="bbox 2195 5214 3593 5285">
     <span class='ocr_line' id='line_1_111' title="bbox 2195 5214 3593 5285; baseline -0.004 -15"><span class='ocrx_word' id='word_1_821' title='bbox 2195 5218 2304 5285; x_wconf 74' lang='grc'><strong>(55)</strong></span> <span class='ocrx_word' id='word_1_822' title='bbox 2350 5216 2471 5269; x_wconf 78' lang='grc' dir='ltr'><strong>Ἐπὶ</strong></span> <span class='ocrx_word' id='word_1_823' title='bbox 2502 5214 2657 5279; x_wconf 82' lang='grc' dir='ltr'>ξύλου</span> <span class='ocrx_word' id='word_1_824' title='bbox 2700 5215 2862 5285; x_wconf 68' lang='lat' dir='ltr'><strong>deest</strong></span> <span class='ocrx_word' id='word_1_825' title='bbox 2880 5215 2936 5285; x_wconf 87' lang='lat' dir='ltr'><strong>in</strong></span> <span class='ocrx_word' id='word_1_826' title='bbox 2977 5214 3071 5269; x_wconf 87' lang='lat' dir='ltr'><strong>Gr.</strong></span> <span class='ocrx_word' id='word_1_827' title='bbox 3096 5214 3391 5285; x_wconf 64' lang='lat' dir='ltr'><strong>Scriptura:</strong></span> <span class='ocrx_word' id='word_1_828' title='bbox 3419 5223 3593 5285; x_wconf 67' lang='lat' dir='ltr'><strong>textu.</strong></span> 
     </span>
    </p>
   </div>
   <div class='ocr_carea' id='block_1_111' title="bbox 2194 5283 3704 5358">
    <p class='ocr_par' dir='ltr' id='par_1_111' title="bbox 2194 5283 3704 5358">
     <span class='ocr_line' id='line_1_112' title="bbox 2194 5283 3704 5358; baseline -0.003 -18"><span class='ocrx_word' id='word_1_829' title='bbox 2194 5283 2305 5358; x_wconf 80' lang='grc'><strong>(56)</strong></span> <span class='ocrx_word' id='word_1_830' title='bbox 2345 5286 2592 5355; x_wconf 71' lang='lat' dir='ltr'><strong>Srguer.,</strong></span> <span class='ocrx_word' id='word_1_831' title='bbox 2614 5285 2823 5358; x_wconf 69' lang='grc' dir='ltr'>ξπειτα.</span> <span class='ocrx_word' id='word_1_832' title='bbox 2845 5284 2964 5358; x_wconf 73' lang='lat' dir='ltr'><strong>Mox</strong></span> <span class='ocrx_word' id='word_1_833' title='bbox 2988 5285 3205 5358; x_wconf 77' lang='lat' dir='ltr'><strong>Goblcr.</strong></span> <span class='ocrx_word' id='word_1_834' title='bbox 3231 5284 3452 5358; x_wconf 35' lang='lat' dir='ltr'><strong>ethelc.</strong></span> <span class='ocrx_word' id='word_1_835' title='bbox 3470 5283 3538 5358; x_wconf 79' lang='lat' dir='ltr'><strong>_I,</strong></span> <span class='ocrx_word' id='word_1_836' title='bbox 3566 5283 3704 5335; x_wconf 77' lang='grc' dir='ltr'>ἀλλὰ</span> 
     </span>
    </p>
   </div>
   <div class='ocr_carea' id='block_1_112' title="bbox 2121 5352 3698 5428">
    <p class='ocr_par' dir='ltr' id='par_1_112' title="bbox 2121 5352 3698 5428">
     <span class='ocr_line' id='line_1_113' title="bbox 2121 5352 3698 5428; baseline 0.008 -26"><span class='ocrx_word' id='word_1_837' title='bbox 2121 5352 2217 5428; x_wconf 59' lang='grc' dir='ltr'><strong>τὴν</strong></span> <span class='ocrx_word' id='word_1_838' title='bbox 2247 5352 2498 5428; x_wconf 60' lang='grc' dir='ltr'>κατάραν</span> <span class='ocrx_word' id='word_1_839' title='bbox 2524 5354 2759 5428; x_wconf 75' lang='grc' dir='ltr'>πρῶτον,</span> <span class='ocrx_word' id='word_1_840' title='bbox 2776 5354 2868 5428; x_wconf 26' lang='grc' dir='ltr'>ξπ..</span> <span class='ocrx_word' id='word_1_841' title='bbox 2891 5355 3096 5428; x_wconf 84' lang='lat' dir='ltr'><strong>Ibidem</strong></span> <span class='ocrx_word' id='word_1_842' title='bbox 3129 5363 3250 5428; x_wconf 78' lang='lat' dir='ltr'><strong>p_ost</strong></span> <span class='ocrx_word' id='word_1_843' title='bbox 3278 5354 3441 5428; x_wconf 75' lang='grc' dir='ltr'>ζωήν,</span> <span class='ocrx_word' id='word_1_844' title='bbox 3467 5352 3698 5428; x_wconf 66' lang='lat' dir='ltr'><strong>Séjgller-</strong></span> 
     </span>
    </p>
   </div>
   <div class='ocr_carea' id='block_1_113' title="bbox 2120 5423 3702 5498">
    <p class='ocr_par' dir='ltr' id='par_1_113' title="bbox 2120 5423 3702 5498">
     <span class='ocr_line' id='line_1_114' title="bbox 2120 5423 3702 5498; baseline -0.003 -18"><span class='ocrx_word' id='word_1_845' title='bbox 2120 5423 2284 5481; x_wconf 67' lang='lat' dir='ltr'><strong>habet</strong></span> <span class='ocrx_word' id='word_1_846' title='bbox 2336 5423 2720 5498; x_wconf 53' lang='lat' dir='ltr'><strong>dllneég.&#39;lllnx</strong></span> <span class='ocrx_word' id='word_1_847' title='bbox 2766 5423 2986 5498; x_wconf 70' lang='lat' dir='ltr'><strong>Gohler.</strong></span> <span class='ocrx_word' id='word_1_848' title='bbox 3031 5433 3085 5475; x_wconf 78' lang='lat' dir='ltr'><strong>et</strong></span> <span class='ocrx_word' id='word_1_849' title='bbox 3147 5423 3386 5498; x_wconf 27' lang='grc' dir='ltr'>ιτυιλεηις</span> <span class='ocrx_word' id='word_1_850' title='bbox 3430 5424 3702 5498; x_wconf 81' lang='grc' dir='ltr'>πρότερον</span> 
     </span>
    </p>
   </div>
   <div class='ocr_carea' id='block_1_114' title="bbox 2119 5494 3699 5569">
    <p class='ocr_par' dir='ltr' id='par_1_114' title="bbox 2119 5494 3699 5569">
     <span class='ocr_line' id='line_1_115' title="bbox 2119 5494 3699 5569; baseline -0.001 -20"><span class='ocrx_word' id='word_1_851' title='bbox 2119 5494 2573 5569; x_wconf 76' lang='grc' dir='ltr'>προσηλωθῆναι,</span> <span class='ocrx_word' id='word_1_852' title='bbox 2620 5495 2747 5564; x_wconf 76' lang='lat' dir='ltr'><strong>Seg.</strong></span> <span class='ocrx_word' id='word_1_853' title='bbox 2800 5496 3015 5569; x_wconf 74' lang='grc' dir='ltr'>πρῶτον</span> <span class='ocrx_word' id='word_1_854' title='bbox 3052 5494 3490 5567; x_wconf 86' lang='grc' dir='ltr'>προσηλωθῆναι,</span> <span class='ocrx_word' id='word_1_855' title='bbox 3543 5497 3699 5562; x_wconf 82' lang='lat' dir='ltr'><strong>prius</strong></span> 
     </span>
    </p>
   </div>
   <div class='ocr_carea' id='block_1_115' title="bbox 506 5564 2009 5641">
    <p class='ocr_par' dir='ltr' id='par_1_115' title="bbox 506 5566 2009 5641">
     <span class='ocr_line' id='line_1_116' title="bbox 506 5566 2009 5641; baseline 0.001 -20"><span class='ocrx_word' id='word_1_856' title='bbox 506 5566 793 5641; x_wconf 65' lang='lat' dir='ltr'><strong>(5|)_Ilze_c,</strong></span> <span class='ocrx_word' id='word_1_857' title='bbox 833 5571 891 5641; x_wconf 75' lang='grc' dir='ltr'><strong>ὲν</strong></span> <span class='ocrx_word' id='word_1_858' title='bbox 927 5574 992 5641; x_wconf 80' lang='grc' dir='ltr'>τῇ</span> <span class='ocrx_word' id='word_1_859' title='bbox 1040 5568 1364 5641; x_wconf 81' lang='grc' dir='ltr'>ταπεινώσει</span> <span class='ocrx_word' id='word_1_860' title='bbox 1402 5571 1601 5628; x_wconf 85' lang='lat' dir='ltr'><strong>desunt</strong></span> <span class='ocrx_word' id='word_1_861' title='bbox 1627 5574 1681 5628; x_wconf 87' lang='lat' dir='ltr'><strong>in</strong></span> <span class='ocrx_word' id='word_1_862' title='bbox 1710 5571 1929 5628; x_wconf 84' lang='lat' dir='ltr'><strong>Gobler.</strong></span> <span class='ocrx_word' id='word_1_863' title='bbox 1960 5578 2009 5626; x_wconf 87' lang='lat' dir='ltr'><strong>et</strong></span> 
     </span>
    </p>
   </div>
   <div class='ocr_carea' id='block_1_116' title="bbox 2123 5564 3062 5641">
    <p class='ocr_par' dir='ltr' id='par_1_116' title="bbox 2123 5564 3062 5641">
     <span class='ocr_line' id='line_1_117' title="bbox 2123 5564 3062 5641; baseline -0.004 -19"><span class='ocrx_word' id='word_1_864' title='bbox 2123 5564 2561 5641; x_wconf 39' lang='lat' dir='ltr'><strong>editi._&#39;ngo&#39;{spov</strong></span> <span class='ocrx_word' id='word_1_865' title='bbox 2597 5564 3062 5641; x_wconf 56' lang='grc' dir='ltr'>προσημανθῆναι.</span> 
     </span>
    </p>
   </div>
   <div class='ocr_carea' id='block_1_117' title="bbox 408 5627 1334 5749">
    <p class='ocr_par' dir='ltr' id='par_1_117' title="bbox 408 5627 1334 5749">
     <span class='ocr_line' id='line_1_118' title="bbox 408 5627 1334 5749; baseline 0.001 -57"><span class='ocrx_word' id='word_1_866' title='bbox 408 5627 581 5749; x_wconf 57' lang='lat' dir='ltr'><strong>’Feic.</strong></span> <span class='ocrx_word' id='word_1_867' title='bbox 605 5627 671 5689; x_wconf 71' lang='grc'><strong>’1.</strong></span> <span class='ocrx_word' id='word_1_868' title='bbox 707 5627 825 5692; x_wconf 73' lang='lat' dir='ltr'><strong>Mox</strong></span> <span class='ocrx_word' id='word_1_869' title='bbox 856 5640 914 5693; x_wconf 81' lang='grc' dir='ltr'><strong>δέ</strong></span> <span class='ocrx_word' id='word_1_870' title='bbox 946 5627 1180 5723; x_wconf 63' lang='lat' dir='ltr'><strong>deestin</strong></span> <span class='ocrx_word' id='word_1_871' title='bbox 1213 5638 1334 5710; x_wconf 84' lang='lat' dir='ltr'><strong>Seg.</strong></span> 
     </span>
     <span class='ocr_line' id='line_1_119' title="bbox 505 5704 1285 5749; baseline 0 0"><span class='ocrx_word' id='word_1_872' title='bbox 505 5704 614 5749; x_wconf 60' lang='lat' dir='ltr'><strong>(Em</strong></span> <span class='ocrx_word' id='word_1_873' title='bbox 654 5706 729 5749; x_wconf 69' lang='lat' dir='ltr'><strong>Im</strong></span> <span class='ocrx_word' id='word_1_874' title='bbox 784 5707 887 5749; x_wconf 71' lang='grc' dir='ltr'><strong>ςρσ</strong></span> <span class='ocrx_word' id='word_1_875' title='bbox 966 5711 1107 5749; x_wconf 69' lang='lat' dir='ltr'><strong>Mm</strong></span> <span class='ocrx_word' id='word_1_876' title='bbox 1152 5726 1285 5749; x_wconf 61' lang='lat' dir='ltr'><strong>worn</strong></span> 
     </span>
    </p>
   </div>
   <div class='ocr_carea' id='block_1_118' title="bbox 401 5704 2011 5786">
    <p class='ocr_par' dir='ltr' id='par_1_118' title="bbox 401 5704 2011 5786">
     <span class='ocr_line' id='line_1_120' title="bbox 401 5704 2011 5786; baseline 0.003 -26"><span class='ocrx_word' id='word_1_877' title='bbox 401 5704 425 5760; x_wconf 81' lang='grc' dir='ltr'><em>,Ι</em></span> <span class='ocrx_word' id='word_1_878' title='bbox 505 5704 622 5786; x_wconf 43' lang='grc'><strong>(52)-</strong></span> <span class='ocrx_word' id='word_1_879' title='bbox 654 5706 731 5786; x_wconf 81' lang='lat' dir='ltr'><strong>|l_a</strong></span> <span class='ocrx_word' id='word_1_880' title='bbox 784 5707 904 5786; x_wconf 76' lang='lat' dir='ltr'><strong>Seg.</strong></span> <span class='ocrx_word' id='word_1_881' title='bbox 966 5704 1332 5786; x_wconf 31' lang='lat' dir='ltr'><strong>[ﬁditiﬂveroi</strong></span> <span class='ocrx_word' id='word_1_882' title='bbox 1359 5713 1886 5786; x_wconf 42' lang='grc' dir='ltr'>προσημανθέντρς,</span> <span class='ocrx_word' id='word_1_883' title='bbox 1918 5713 2011 5767; x_wconf 79' lang='grc' dir='ltr'><strong>καὶ</strong></span> 
     </span>
    </p>
   </div>
   <div class='ocr_carea' id='block_1_119' title="bbox 431 5776 2009 5851">
    <p class='ocr_par' dir='ltr' id='par_1_119' title="bbox 431 5776 2009 5851">
     <span class='ocr_line' id='line_1_121' title="bbox 431 5776 2009 5851; baseline 0.003 -20"><span class='ocrx_word' id='word_1_884' title='bbox 431 5776 569 5846; x_wconf 74' lang='grc' dir='ltr'>πρὸς</span> <span class='ocrx_word' id='word_1_885' title='bbox 601 5779 747 5847; x_wconf 70' lang='grc' dir='ltr'>ἡμᾶς</span> <span class='ocrx_word' id='word_1_886' title='bbox 790 5776 1068 5849; x_wconf 71' lang='grc' dir='ltr'>ἑωρακώς.</span> <span class='ocrx_word' id='word_1_887' title='bbox 1115 5779 1237 5835; x_wconf 81' lang='lat' dir='ltr'><strong>Mox</strong></span> <span class='ocrx_word' id='word_1_888' title='bbox 1268 5776 1439 5851; x_wconf 72' lang='grc' dir='ltr'>μέγας</span> <span class='ocrx_word' id='word_1_889' title='bbox 1476 5776 1630 5838; x_wconf 67' lang='lat' dir='ltr'><strong>deest</strong></span> <span class='ocrx_word' id='word_1_890' title='bbox 1660 5784 1713 5837; x_wconf 90' lang='lat' dir='ltr'><strong>in</strong></span> <span class='ocrx_word' id='word_1_891' title='bbox 1757 5783 1912 5838; x_wconf 89' lang='lat' dir='ltr'><strong>Gobl.</strong></span> <span class='ocrx_word' id='word_1_892' title='bbox 1955 5791 2009 5838; x_wconf 84' lang='lat' dir='ltr'><strong>et</strong></span> 
     </span>
    </p>
   </div>
   <div class='ocr_carea' id='block_1_120' title="bbox 2189 5632 3696 5709">
    <p class='ocr_par' dir='ltr' id='par_1_120' title="bbox 2189 5632 3696 5709">
     <span class='ocr_line' id='line_1_122' title="bbox 2189 5632 3696 5709; baseline -0.001 -16"><span class='ocrx_word' id='word_1_893' title='bbox 2189 5638 2298 5709; x_wconf 75' lang='grc'><strong>(57)</strong></span> <span class='ocrx_word' id='word_1_894' title='bbox 2332 5632 2580 5709; x_wconf 74' lang='lat' dir='ltr'><strong>Gobler._</strong></span> <span class='ocrx_word' id='word_1_895' title='bbox 2603 5632 2653 5709; x_wconf 79' lang='lat' dir='ltr'><strong>ei</strong></span> <span class='ocrx_word' id='word_1_896' title='bbox 2709 5632 2853 5709; x_wconf 70' lang='lat' dir='ltr'><strong>Felc.</strong></span> <span class='ocrx_word' id='word_1_897' title='bbox 2900 5632 2953 5701; x_wconf 72' lang='lat' dir='ltr'><strong>I,</strong></span> <span class='ocrx_word' id='word_1_898' title='bbox 2986 5636 3314 5709; x_wconf 72' lang='grc' dir='ltr'>γενομένοις.</span> <span class='ocrx_word' id='word_1_899' title='bbox 3347 5632 3696 5709; x_wconf 79' lang='lat' dir='ltr'><strong>Paulo_pos_t,</strong></span> 
     </span>
    </p>
   </div>
   <div class='ocr_carea' id='block_1_121' title="bbox 2117 5704 3700 5779">
    <p class='ocr_par' dir='ltr' id='par_1_121' title="bbox 2117 5704 3700 5779">
     <span class='ocr_line' id='line_1_123' title="bbox 2117 5704 3700 5779; baseline -0.002 -15"><span class='ocrx_word' id='word_1_900' title='bbox 2279 5704 2377 5779; x_wconf 82' lang='lat' dir='ltr'><strong>pro</strong></span> <span class='ocrx_word' id='word_1_901' title='bbox 2410 5707 2698 5778; x_wconf 85' lang='grc' dir='ltr'>κατάϐηθι,</span> <span class='ocrx_word' id='word_1_902' title='bbox 2722 5707 2911 5779; x_wconf 61' lang='grc' dir='ltr'><strong>Δαίιιιικει</strong></span> <span class='ocrx_word' id='word_1_903' title='bbox 2946 5704 3219 5779; x_wconf 82' lang='grc' dir='ltr'>κατάϐαλε</span> <span class='ocrx_word' id='word_1_904' title='bbox 3249 5707 3493 5779; x_wconf 74' lang='grc' dir='ltr'>σεαυτόν.</span> <span class='ocrx_word' id='word_1_905' title='bbox 3524 5704 3700 5762; x_wconf 84' lang='lat' dir='ltr'><strong>Paulo</strong></span> 
     </span>
    </p>
   </div>
   <div class='ocr_carea' id='block_1_122' title="bbox 2116 5776 3429 5850">
    <p class='ocr_par' dir='ltr' id='par_1_122' title="bbox 2116 5776 3429 5850">
     <span class='ocr_line' id='line_1_124' title="bbox 2116 5776 3429 5850; baseline -0.005 -16"><span class='ocrx_word' id='word_1_906' title='bbox 2116 5776 2293 5844; x_wconf 59' lang='lat' dir='ltr'><strong>intra,</strong></span> <span class='ocrx_word' id='word_1_907' title='bbox 2316 5778 2433 5850; x_wconf 85' lang='lat' dir='ltr'><strong>Seg.</strong></span> <span class='ocrx_word' id='word_1_908' title='bbox 2461 5776 2618 5834; x_wconf 71' lang='lat' dir='ltr'><strong>Gobl.</strong></span> <span class='ocrx_word' id='word_1_909' title='bbox 2646 5787 2697 5834; x_wconf 85' lang='lat' dir='ltr'><strong>ct</strong></span> <span class='ocrx_word' id='word_1_910' title='bbox 2720 5776 2863 5833; x_wconf 89' lang='lat' dir='ltr'><strong>Felc.</strong></span> <span class='ocrx_word' id='word_1_911' title='bbox 2894 5777 2944 5845; x_wconf 88' lang='lat' dir='ltr'><strong>I,</strong></span> <span class='ocrx_word' id='word_1_912' title='bbox 2973 5776 3045 5847; x_wconf 83' lang='grc' dir='ltr'><strong>μὴ</strong></span> <span class='ocrx_word' id='word_1_913' title='bbox 3071 5780 3251 5849; x_wconf 71' lang='grc' dir='ltr'>φέρων</span> <span class='ocrx_word' id='word_1_914' title='bbox 3285 5776 3429 5829; x_wconf 79' lang='grc' dir='ltr'><strong>ἰδεῖν.</strong></span> 
     </span>
    </p>
   </div>
  </div>
