3860 6200
405 337 511 399 5οἹ

1516 350 1574 407 S.
1616 349 2084 407 ATHANASIUS.
2125 382 2195 393 —
2238 352 2514 410 SPURIA.

3586 354 3698 411 508

405 468 553 524 facta
575 475 724 535 sunt,
754 476 808 524 et
844 468 966 525 sine
1007 471 1129 543 ipso
1164 469 1369 527 factum
1404 479 1489 528 est
1514 472 1650 527 nihil
1676 473 1718 525 ⁸.
1754 493 1773 526 ι
1814 471 1874 528 Si
1900 488 1994 544 per

2103 472 2250 527 Θεόν.
2286 475 2472 530 Πάντα
2498 475 2549 528 δι
2566 476 2580 496 ’
2608 474 2775 529 αὐτοῦ
2799 473 3035 544 ἐγένετο,
3066 476 3158 529 καὶ
3185 473 3356 548 χωρὶς
3387 474 3562 530 αὐτοῦ
3580 475 3701 543 ἐγε-

405 559 586 630 ipsum
630 561 817 616 omnia
869 560 1015 617 facta
1065 572 1195 618 sunt
1228 584 1239 618 :
1274 579 1407 635 ergo
1437 566 1554 635 ipse
1584 574 1671 622 est
1711 575 1868 622 extra
1914 583 2003 624 res

407 667 531 723 qua:
574 652 733 709 facta:
777 661 929 721 sunt,
980 655 1449 727 manifestumque
1476 666 1583 721 est,
1617 658 1796 728 ipsum
1821 661 1877 714 in
1898 660 2003 715 Pa-

406 754 490 798 tre
528 760 748 815 semper
778 746 973 802 fuisse.
1021 746 1207 803 Miseri
1246 746 1419 803 Judaei
1458 751 1586 804 novi
1619 751 1998 818 Ariomanitae,

406 840 500 908 qui
526 854 703 909 neque
734 848 883 895 recte
906 842 1112 911 legunt,
1146 858 1324 912 neque
1353 850 1613 898 accurate
1646 853 2002 913 perscrutan-

406 940 521 995 tur,
580 933 725 1003 quod
780 941 1038 990 caecatos.
1069 935 1307 988 habeant
1356 936 1556 991 mentis
1606 937 1797 992 oculos
1826 980 1842 1003 ,
1894 938 2000 992 rati

407 1024 655 1079 omnium
704 1034 1013 1083 creatorem
1057 1035 1112 1083 et
1160 1030 1433 1098 opificem,
1485 1046 1611 1086 esse
1660 1038 1996 1086 creaturam.

406 1116 607 1172 Audite
657 1117 791 1172 illud
827 1121 1009 1190 magni
1047 1121 1400 1191 evangelista:
1434 1138 1448 1173 :
1500 1139 1518 1172 ι
1567 1120 1627 1176 In
1657 1122 1947 1193 principio.
1974 1141 1993 1175 ο

407 1207 453 1263 0
483 1208 691 1265 Christi
724 1211 948 1267 inimice
978 1213 1200 1278 Ariane,
1236 1213 1284 1267 si
1327 1212 1559 1269 dixisset
1590 1231 1603 1265 :
1638 1213 1696 1268 in
1728 1215 1999 1286 principio

409 1302 613 1358 factum
648 1312 758 1366 est,
799 1321 925 1360 cum
956 1306 1184 1361 obtentu
1215 1306 1457 1376 quodam
1501 1307 1716 1363 diceres
1752 1327 1767 1363 :
1818 1309 1999 1363 Evan-

410 1397 604 1467 gelista
633 1397 793 1464 dixit,
846 1398 905 1452 In
932 1399 1204 1468 principio
1229 1398 1432 1455 factum
1461 1408 1566 1456 est.
1597 1400 1666 1454 At
1688 1416 1812 1455 cum
1842 1401 1999 1455 dixe-

409 1489 480 1541 rit
520 1507 534 1542 :
584 1506 603 1539 ‹
665 1487 725 1542 In
776 1489 1049 1559 principio
1097 1499 1236 1556 erat,
1297 1511 1316 1543 ι
1356 1507 1539 1562 quaere
1580 1493 1892 1562 diligenter,
1941 1496 1997 1547 et

406 1579 783 1650 deprehendes
837 1583 1124 1637 veritatem
1157 1601 1172 1638 :
1209 1583 1339 1638 hinc
1370 1585 1656 1640 sciscitare
1694 1601 1760 1640 ex
1797 1601 1996 1656 magno

407 1673 741 1743 evangelista
791 1672 879 1729 his
914 1675 1137 1729 verbis:
1191 1674 1235 1729 Ο
1285 1675 1642 1745 evangelista,
1701 1675 1791 1730 dic
1832 1676 1995 1730 nobis

407 1765 553 1836 quod
582 1782 721 1838 opus
770 1768 1025 1839 principii
1074 1777 1129 1825 et
1178 1769 1294 1825 veri
1328 1768 1424 1824 Dei
1475 1769 1640 1824 Verbi
1674 1786 1686 1821 :
1722 1770 1993 1841 siquidem

408 1857 612 1913 Christi
669 1838 973 1915 adversarii
1021 1862 1244 1927 Ariani,
1292 1863 1635 1918 arbitrantur
1674 1838 1989 1919 Creatorem
2025 1838 2067 1893 ³

407 1952 653 2004 omnium
698 1968 823 2007 esse
855 1961 1203 2021 creaturam;
1239 1958 1425 2010 statim
1477 1957 1829 2027 respondebit
1872 1973 1990 2012 ma-

409 2057 551 2111 gnus
577 2042 667 2097 ille
696 2045 1029 2115 evangelista
1062 2063 1075 2098 :
1108 2047 1248 2118 Lege
1273 2048 1480 2103 conditi
1506 2050 1693 2104 mundi
1724 2050 1991 2121 originem

411 2134 468 2190 iu
514 2132 735 2200 Genesi,
795 2153 917 2207 qua:
962 2138 1044 2193 sic
1093 2140 1258 2194 habet
1316 2160 1329 2195 :
1384 2159 1403 2192 ‹
1449 2140 1507 2195 ln
1543 2143 1814 2213 principio
1865 2143 1995 2199 fecit

410 2224 555 2283 Deus
580 2229 778 2282 coelum
826 2238 880 2284 et
908 2238 1111 2285 terram
1139 2232 1181 2287 ’.
1215 2251 1233 2284 ι
1265 2231 1385 2287 Sint
1413 2233 1598 2304 itaque
1628 2250 1693 2289 ea
1725 2251 1846 2305 qua:
1883 2252 1993 2290 non

409 2325 560 2381 sunt,
591 2325 650 2371 ut
682 2318 793 2372 sint
820 2333 883 2373 ea
900 2334 1021 2389 qua).
1044 2319 1226 2375 futura
1256 2329 1405 2376 sunt.
1439 2321 1571 2376 Erat
1594 2322 1738 2379 Deus
1754 2322 1991 2379 Verbum

408 2407 554 2479 apud
582 2408 822 2473 Patrem,
858 2425 956 2479 per
983 2426 1144 2480 quem
1175 2413 1363 2467 omnia
1398 2412 1544 2471 facta
1574 2421 1725 2468 sunt.
1757 2413 1995 2471 Pulchre

408 2499 576 2571 igitur
598 2502 934 2572 evangelista
964 2503 1042 2557 ait
1080 2522 1093 2558 :
1129 2521 1149 2555 ι
1187 2502 1246 2557 In
1269 2505 1547 2576 principio
1582 2514 1701 2561 erat
1728 2505 1990 2573 Verbum,

405 2601 462 2648 et
490 2590 730 2647 Verbum
766 2601 883 2649 erat
911 2596 1053 2666 apud
1087 2594 1281 2660 Deum,
1308 2605 1360 2652 et
1380 2597 1524 2654 Deus
1550 2608 1668 2654 erat
1694 2598 1987 2658 Verbum.»

408 2685 549 2742 Ecce
578 2688 763 2754 tertio,
795 2707 815 2739 ι
852 2696 991 2753 erat,
1036 2709 1055 2742 ι
1102 2705 1397 2761 nusquam,
1431 2710 1449 2743 ‹
1492 2708 1601 2747 non
1646 2703 1784 2747 erat.
1820 2712 1838 2744 ι
1875 2693 1992 2747 Ma-

407 2792 550 2846 gnus
576 2792 741 2848 porro
790 2778 1155 2849 archangelus
1172 2780 1414 2846 Gabriel,
1448 2798 1574 2837 cum
1617 2783 1685 2838 ad
1721 2783 1993 2839 immacu-

409 2871 573 2925 latam
614 2878 669 2926 et
709 2872 973 2927 intactam
999 2872 1289 2944 Deiparam
1333 2875 1509 2929 dixit:
1541 2894 1561 2927 ‹
1599 2875 1838 2947 Spiritus
1869 2893 1995 2933 san-

407 2974 532 3018 ctus
575 2966 925 3034 superveniet
957 2965 1014 3020 in
1062 2972 1136 3033 te,
1181 2977 1235 3021 et
1281 2967 1456 3023 virtus
1491 2968 1760 3023 Altissimi
1794 2969 1990 3025 obum-

408 3055 593 3111 brabit
626 3058 757 3123 tibi;
795 3076 813 3108 ι
847 3073 957 3113 non
990 3058 1129 3113 dixit
1155 3076 1185 3112 :.
1208 3057 1447 3130 Spiritus
1465 3068 1691 3116 sanctus
1716 3061 1806 3117 ﬁet
1828 3064 1885 3117 in
1914 3072 1990 3128 te,

409 3157 504 3204 aut
529 3150 703 3205 virtus
749 3149 1015 3205 eﬂicietur
1058 3151 1114 3205 in
1156 3158 1244 3217 te;
1276 3152 1371 3208 sed
1416 3170 1435 3203 ι
1475 3150 1716 3222 Spiritus
1768 3162 1993 3210 sanctus

410 3241 758 3311 superveniet
807 3241 863 3295 in
913 3250 988 3306 te,
1034 3252 1089 3298 et
1120 3243 1297 3299 virtus
1344 3217 1614 3299 Altissimi
1644 3217 2065 3300 obumbrabitcl

411 3333 533 3388 tibi.
573 3352 593 3386 ι
629 3331 744 3388 Hoc
777 3334 971 3390 beatus
1005 3334 1301 3405 Apostolus
1333 3336 1421 3392 his
1448 3337 1631 3393 verbis
1679 3337 1944 3392 indicavit
1975 3353 1992 3393 :

416 3442 437 3477 ι
467 3423 726 3481 Christus
758 3425 852 3481 Dei
882 3427 1082 3494 virtus,
1108 3434 1164 3483 et
1194 3426 1288 3482 Dei
1319 3428 1589 3498 sapientia
1622 3429 1691 3485 ⁸ο.
1727 3448 1746 3481 ι
1785 3427 1891 3485 Sed
1928 3430 1997 3484 ad

411 3515 529 3573 hac
559 3516 703 3571 dicet
758 3516 1131 3574 Ariomanita:
1170 3516 1359 3585 Quare
1390 3519 1557 3589 igitur
1605 3518 1996 3577 Parmmiastes

412 3607 529 3664 ait:
572 3626 591 3660 ι
622 3607 889 3665 Dominus
912 3609 1120 3664 creavit
1152 3625 1238 3665 me
1271 3610 1485 3665 initium
1520 3611 1734 3665 viarum
1769 3627 1993 3668 suarum

412 3700 467 3755 in
512 3714 681 3771 opera
729 3716 827 3756 sua
872 3702 961 3756 “‘1
1007 3721 1027 3755 ι
1064 3701 1108 3757 Ο
1153 3703 1506 3774 impiissimel
1557 3719 1741 3759 annon
1795 3703 1997 3761 audisti

411 3789 668 3859 angelum
699 3789 912 3862 Virgini
941 3791 1214 3848 dicentem
1249 3811 1264 3848 :
1299 3811 1319 3845 ι
1357 3792 1512 3860 Quod
1543 3795 1794 3850 nascitur
1819 3810 1888 3850 ex
1918 3802 1994 3860 te,

415 3879 677 3936 Sanctum
705 3884 1031 3939 vocabitur?
1057 3905 1077 3938 ι
1107 3884 1274 3941 Vides
1294 3886 1441 3957 quod
1470 3886 1538 3942 de
1566 3887 1788 3958 negotio
1809 3888 1995 3942 incar-

412 3975 653 4032 nationis
677 3977 841 4032 verba
874 3976 1059 4033 faciat.
1088 3978 1225 4033 Cum
1250 3988 1429 4034 autem
1463 3980 1827 4035 inveteratum
1851 3986 1998 4036 esset

412 4083 509 4123 sex
537 4067 752 4124 dierum
795 4083 957 4138 opus,
1006 4070 1061 4123 in
1099 4072 1552 4140 praevaricatione
1594 4073 1767 4142 patris
1805 4085 1997 4142 prosa-

411 4159 516 4228 piae
552 4169 756 4215 nostra:
788 4160 1005 4223 Adami,
1051 4161 1107 4217 in
1147 4170 1491 4234 mortemque
1524 4164 1807 4234 delapsum
1848 4171 1997 4220 esset

410 4260 660 4308 nostrum
695 4270 891 4324 genus,
940 4255 1152 4325 placuit
1210 4255 1322 4311 Deo
1356 4257 1423 4312 ad
1455 4273 1557 4312 nos
1600 4258 1821 4314 mittere
1866 4272 1997 4329 pro-

411 4345 591 4414 prium
623 4344 822 4401 Filium
850 4346 1032 4407 Deum
1082 4346 1325 4403 Verbum
1371 4357 1536 4420 atque
1566 4365 1874 4416 assumere,
1913 4352 1994 4406 uti

412 4450 578 4509 supra
605 4437 743 4503 dixi,
775 4454 843 4493 ex
892 4439 1101 4495 intacta
1134 4438 1362 4511 Virgine
1411 4442 1696 4512 templum,
1736 4443 1841 4498 hoc
1886 4452 1991 4508 est,

2106 584 2229 621 νετο
2260 568 2381 622 οὐδὲ
2406 569 2484 623 ἓν.
2530 589 2548 619 ι
2576 570 2637 623 Εἰ
2670 569 2736 622 δι’
2758 568 2926 624 αὐτοῦ
2959 569 3138 623 πάντα
3170 569 3417 639 γέγονεν,
3444 569 3558 642 ἄρα
3600 570 3699 623 ὲκ-

2102 660 2195 723 τός
2224 662 2340 713 ἐστι
2358 660 2467 714 τῶν
2492 660 2756 732 γενητῶν,
2787 662 2883 716 καὶ
2909 661 3142 733 φανερόν
3178 663 3348 725 ἐστιν,
3380 662 3464 715 ὅτι
3511 664 3570 716 ὲν
3615 659 3697 732 τῷ

2104 753 2280 824 Πατρῖ
2297 750 2365 825 ἦν
2395 754 2648 808 πάντοτε.
2669 754 2910 818 Τάλανες
2932 755 2983 806 οἱ
3018 753 3258 808 Ἰουδαῖοι
3274 753 3385 809 νέοι
3410 755 3462 808 oi.
3495 755 3697 826 Ἀρειο-

2108 849 2346 917 μανίται,
2407 850 2457 900 oi
2513 847 2587 919 μὴ
2630 847 2806 919 ὀρθῶς
2861 848 3203 916 ἀναγνόντες,
3264 848 3388 921 μηδ’
3445 848 3691 920 ἀκριϐῶς

2104 941 2501 1013 ἐρευνήσαντες
2528 942 2762 1010 τυφλοὺς
2798 941 3011 1012 ἔχοντες
3042 943 3168 1006 τοὺς
3200 941 3302 1011 τῆς
3322 942 3562 1005 διανοίας
3592 944 3693 1011 όφ-

2102 1032 2376 1104 θαλμούς,
2422 1033 2735 1104 νομίζοντες
2784 1033 2874 1087 τὸν
2933 1034 3155 1105 κτίστην
3206 1035 3302 1088 καὶ
3361 1035 3691 1107 δημιουργὸν

2100 1124 2210 1176 τῶν
2226 1123 2364 1176 ὅλων
2396 1123 2603 1192 κτίσμα
2622 1119 2779 1175 εἶναι.
2823 1122 3117 1175 Ἀκούσατε
3165 1120 3262 1174 τοῦ
3297 1121 3408 1192 (47)
3446 1120 3689 1191 μεγάλου

2102 1216 2492 1284 εὐαγγελιστοῦ
2521 1216 2633 1280 τὸ,‹
2659 1216 2746 1267 Ἐν
2763 1216 2926 1286 ἀρχῇ.
2954 1233 2972 1264 ι
2989 1208 3474 1285 ὮχριστομάχεἈ
3486 1209 3688 1283 ρειανὲ,

2100 1312 2147 1363 εἱ
2174 1304 2241 1380 ἦν
2265 1308 2456 1371 εἰπὼν,
2487 1309 2566 1361 ὅτι
2612 1309 2700 1361 Ἐν
2734 1307 2876 1377 ἀρχῇ
2910 1305 3151 1374 γέγονεν,
3188 1301 3331 1374 εἶχες
3376 1302 3441 1356 ἂν
3491 1302 3690 1373 χρῶμα

2099 1402 2300 1470 λέγειν,
2328 1402 2411 1454 ὅτι
2451 1400 2583 1454 Ἰδοὺ
2633 1402 2663 1453 6
2714 1397 3107 1469 εὐαγγελιστὴς
3155 1392 3349 1449 εἶπεν·
3399 1396 3488 1449 Ἐν
3542 1396 3687 1466 ἀρχῇ

2098 1497 2344 1563 γέγονεν.
2383 1495 2446 1547 Ei
2475 1494 2534 1547 δὲ
2559 1488 2743 1546 εἶπεν·
2787 1511 2806 1544 ι
2849 1492 2937 1544 Ἐν
2966 1492 3106 1562 ἀρχῇ
3142 1489 3254 1561 (48)
3281 1484 3371 1561 ἦν,
3408 1508 3428 1542 ι
3451 1490 3688 1562 ζήτησον

2096 1586 2362 1658 ἀκριϐῶς,
2398 1586 2495 1639 καὶ
2550 1585 2807 1657 εὑρήσεις
2855 1583 2956 1654 τὴν
3019 1583 3309 1654 ἁλήθειαν’
3362 1581 3554 1635 ἔπειτα
3602 1585 3691 1636 ἑπ-

2096 1676 2376 1747 ερὼτησον
2393 1677 2485 1729 τὸν
2516 1675 2689 1748 μέγαν
2712 1675 3107 1747 εὐαγγελιστὴν
3126 1674 3301 1744 λέγων
3318 1675 3455 1747 πρὸς
3481 1676 3650 1730 αὐτόν
3670 1692 3685 1705 ⁸

2094 1765 2166 1822 Ὦ
2188 1767 2571 1837 εὐαγγελιστά,
2593 1770 2716 1822 εἰπὲ
2746 1770 2877 1839 ἡμῖν
2903 1768 3002 1839 τὴν
3031 1768 3415 1838 πραγματείαν
3445 1771 3550 1839 τῆς
3587 1770 3688 1840 ἀρ-

2097 1859 2217 1930 χῆςν
2255 1857 2466 1912 καὶτοῦ
2489 1859 2640 1922 ὄντος
2666 1858 2802 1911 Θεοῦ
2834 1858 3010 1927 Λόγου
3040 1857 3172 1928 (49)·
3214 1859 3297 1910 ὅτι
3328 1857 3689 1930 χριστομάχοι

2111 1951 2380 2023 ’Λρειανοὶ
2412 1949 2693 2021 νομίζουσι
2733 1950 2939 2021 κτίσμα
2979 1945 3120 2003 εἶναι
3161 1949 3252 2002 τὸν
3298 1949 3523 2020 κτίστην
3575 1950 3689 2004 τῶν

2096 2044 2233 2098 ὅλων
2251 2062 2265 2075 ο
2291 2043 2494 2107 εὐθέως
2521 2042 2663 2107 λέξει
2690 2059 2772 2095 σοι
2794 2045 2823 2095 6
2855 2042 3031 2112 μέγας
3065 2042 3455 2114 εὐαγγελιστής
3475 2059 3488 2073 ·
3529 2041 3691 2097 Ἀνά-

2096 2136 2267 2207 γνωθι
2305 2135 2405 2206 τῆς
2434 2134 2793 2206 κοσμοποιίας
2838 2134 2938 2203 τὴν
2991 2133 3231 2199 Γένεσιν,
3303 2134 3444 2188 οὕτω
3497 2133 3691 2204 λέγου-

2099 2246 2225 2283 σανο
2262 2247 2281 2280 ι
2329 2229 2420 2283 Ἐν
2453 2228 2595 2299 ἀρχῇ
2638 2228 2895 2297 ἐποίησεν
2924 2229 2953 2279 6
3001 2224 3136 2289 Θεὸς
3181 2225 3272 2279 τὸν
3313 2226 3540 2297 οὐρανὸν
3593 2225 3691 2280 καὶ

2094 2318 2194 2390 τὴν
2224 2318 2349 2386 γῆν.
2379 2337 2397 2370 ι
2429 2319 2612 2370 Ἔστω
2638 2318 2818 2372 τοίνυν
2845 2317 2914 2371 τά
2938 2317 3012 2389 μὴ
3027 2318 3156 2372 ὄντα
3185 2319 3267 2382 εἰς
3291 2318 3352 2372 τὸ
3393 2314 3532 2372 εἶναι
3557 2358 3572 2382 ,
3606 2320 3691 2382 είς

2094 2411 2165 2464 τὰ
2184 2410 2444 2482 μέλλοντα
2457 2410 2695 2465 ἔσεσθαι.
2717 2405 2864 2465 *Ηνό
2892 2410 3026 2475 Θεὸς
3049 2411 3220 2479 Λόγος
3250 2411 3385 2483 πρὸς
3399 2411 3491 2463 τὸν
3514 2410 3687 2465 Πατέ-

2100 2520 2189 2574 ρα,
2221 2503 2287 2557 δι’
2312 2496 2373 2556 οὗ
2403 2503 2471 2557 τὰ
2496 2502 2674 2557 πάντα
2697 2502 2947 2572 γέγονεν.
2986 2503 3199 2557 Οὐκοῦν
3224 2502 3405 2567 καλῶς
3450 2505 3480 2556 6
3522 2503 3692 2571 εὐαγ-

2097 2596 2353 2667 γελιστὴς
2385 2595 2535 2665 λέγει
2584 2596 2717 2665 (50)·
2762 2615 2781 2647 ι
2819 2596 2907 2649 Ἐν
2942 2595 3085 2667 ἀρχῇ
3123 2591 3191 2666 ἦν
3236 2597 3266 2648 6
3301 2595 3493 2663 Λόγος,
3529 2594 3628 2648 κα)⁵
3658 2593 3691 2645 6

2095 2689 2267 2756 Λόγος
2296 2684 2365 2759 ἦν
2405 2688 2541 2760 πρὸς
2592 2688 2685 2741 τὸν
2724 2688 2880 2751 Θεὸν,
2921 2688 3018 2741 καὶ
3062 2688 3196 2750 Θεὸς
3247 2683 3316 2758 ἦν
3357 2688 3387 2739 6
3425 2686 3620 2755 Λόγος.
3663 2706 3683 2738 ι

2108 2782 2241 2835 Ἰδοὺ
2267 2782 2472 2855 τριχῶς
2501 2782 2563 2836 τὸ
2603 2799 2623 2833 ι
2655 2778 2723 2853 ἦν
2758 2781 2927 2853 (51),›
2964 2780 3203 2852 οὐδαμοῦ
3241 2780 3324 2845 τὸ,
3363 2799 3384 2831 ι
3416 2781 3514 2833 οὐκ
3535 2775 3626 2851 ἦν.
3661 2800 3683 2833 ι

2095 2875 2209 2928 Καὶ
2264 2876 2292 2928 6
2350 2875 2524 2947 μέγας
2557 2875 2898 2947 ἀρχάγγελος
2952 2873 3216 2946 Γαϐριὴλ,
3257 2875 3345 2927 ὅτε
3399 2873 3535 2945 πρὸς
3585 2874 3690 2944 τὴν

2095 2966 2360 3038 ἄχραντον
2386 2968 2480 3022 καὶ
2506 2968 2878 3039 ἁπειρόγαμον
2894 2966 3155 3021 Θεοτόκον
3182 2965 3335 3033 ἔλεγε
3357 2981 3372 2995 ο
3412 2983 3430 3016 ι
3458 2963 3689 3035 Πνεῦμα

2095 3059 2248 3128 ἆγιον
2278 3058 2628 3113 ἐπελεύσεται
2660 3060 2753 3112 ἐπὶ
2774 3059 2856 3125 σὲ,
2897 3059 2991 3112 καὶ
3026 3057 3257 3127 δύναμις
3284 3054 3540 3126 Ὑψίστου
3567 3057 3692 3110 ἐπι-

2100 3153 2315 3207 σκιάσει
2344 3170 2448 3218 σοι,
2484 3172 2503 3204 ι
2536 3152 2637 3206 οὐκ
2661 3148 2811 3205 εἶπεν
2850 3151 2986 3222 (52),
3007 3153 3089 3205 ὅτι
3122 3150 3351 3221 Πνεῦμα
3380 3150 3472 3202 ἐπὶ
3507 3150 3567 3202 σὲ
3593 3165 3692 3218 γε·

2099 3246 2344 3317 νήσεται,
2365 3246 2399 3316 ἢ
2419 3244 2647 3315 δύναμις
2677 3243 3144 3315 ποιηθήσεταιὲπὶ
3169 3243 3249 3306 σὲ,
3282 3241 3441 3306 ἀλλὰ,
3467 3261 3486 3293 ι
3514 3241 3690 3294 Πνεῦ-

2105 3355 2181 3409 μα
2216 3341 2370 3407 ἆγιον
2397 3336 2748 3391 ἐπελεύσεται
2787 3336 2881 3390 ἐπὶ
2916 3337 2998 3399 σὲ,
3034 3337 3130 3390 καὶ
3157 3335 3389 3405 δύναμις
3428 3334 3692 3404 Ὑψίστου

2100 3431 2410 3485 ἐπισκιάσει
2450 3446 2553 3484 σοι.
2592 3448 2612 3481 ι
2645 3428 2817 3483 Τοῦτο
2849 3428 2945 3481 καὶ
2988 3430 3018 3482 6
3066 3427 3337 3499 μακάριος
3365 3424 3695 3489 ’Λπόστολος

2100 3521 2338 3593 ἐδήλωσε
2368 3521 2569 3590 λέγων’
2610 3538 2630 3572 ι
2660 3519 2894 3592 Χριστὸς
2926 3516 3063 3572 Θεοῦ
3101 3518 3353 3589 δύναμις,
3406 3518 3500 3571 καὶ
3547 3514 3692 3572 Θεοῦ

2102 3612 2282 3683 σοφία.
2335 3632 2355 3665 ι
2409 3612 2550 3666 Ἀλλ’
2602 3615 2718 3684 ἐρεῖ
2770 3611 2908 3683 πρὸς
2959 3610 3129 3664 ταῦτα
3179 3612 3209 3664 6
3253 3608 3692 3681 Ἀρειομανίτης,

2099 3708 2183 3761 ὅτι
2213 3706 2339 3772 Πῶς
2367 3707 2517 3776 λέγει
2574 3707 2604 3759 ὁ
2650 3703 3068 3777 Παροιμιαστὴς
3107 3700 3251 3770 (55),
3290 3701 3369 3754 ὃτι
3405 3718 3424 3752 ι
3480 3701 3695 3772 Κύριος

2100 3799 2284 3854 ἐκτισέ
2318 3816 2385 3870 με
2439 3797 2614 3870 ἀρχὴν
2661 3796 2796 3850 ὁδῶν
2844 3792 3012 3849 αὐτοῦ
3046 3795 3127 3857 είς
3171 3792 3310 3865 ἔργα
3349 3792 3535 3848 αὐτοῦ.
3570 3811 3590 3845 ι
3617 3787 3698 3847 Ὦ

2097 3892 2447 3958 ἀσεὸέστατε,
2482 3891 2583 3944 οὐκ
2625 3889 2867 3961 ἤκουσας
2916 3884 3017 3941 τοῦ
3066 3885 3405 3958 ἀρχαγγέλου
3436 3884 3548 3957 (54)
3596 3884 3696 3939 λέ-

2099 4001 2289 4056 γοντος
2319 3985 2387 4055 τῇ
2426 3981 2687 4054 Παρθένῳ
2708 3997 2722 4012 ·
2755 3998 2774 4033 ι
2810 3979 2882 4032 Τὸ
2898 3978 3235 4049 γεννώμενον
3267 3979 3331 4033 ὲκ
3359 3976 3455 4031 σοῦ
3495 3977 3696 4047 ’Δγιον

2102 4076 2440 4148 κληθήσεται
2468 4091 2483 4141 ;
2524 4093 2542 4125 ι
2564 4072 2754 4145 Ὁρᾷς,
2788 4072 2871 4125 ὃτι
2896 4071 3023 4144 περὶ
3046 4073 3146 4142 τῆς
3174 4068 3555 4143 πραγματείας
3586 4070 3696 4138 τῆς

2099 4167 2566 4239 ὲνανθρωπήσεως
2604 4165 2811 4234 ἔλεγεν.
2861 4162 3080 4235 Ἐπειδὴ
3121 4162 3179 4216 δὲ
3224 4160 3604 4216 πεπαλαίωται
3654 4163 3695 4233 ἠ

2100 4258 2406 4330 ὲξαήμερος
2438 4258 2472 4327 ἡ
2510 4254 2815 4318 παλαίωσις
2857 4253 2916 4306 ὲν
2955 4256 3020 4325 τῇ
3073 4250 3385 4323 παραὸἀσει
3430 4250 3542 4321 (55)
3590 4251 3697 4306 τοῦ

2101 4350 2310 4422 πατρὸς
2335 4347 2429 4401 τοῦ
2455 4348 2647 4418 γένους
2671 4345 2829 4417 ήμῶν
2869 4343 3063 4415 Ἀδὰμ,
3085 4342 3180 4398 καὶ
3210 4343 3292 4406 εἰς
3320 4340 3548 4396 θάνατον
3589 4357 3699 4395 κα-

2102 4439 2456 4496 ταπεπτώκει
2483 4439 2544 4493 τὸ
2590 4438 2747 4509 γένος
2779 4435 2939 4509 ⁴ἡμῶν
2977 4435 3114 4507 (56),
3144 4434 3437 4505 εὐδόκησεν
3475 4435 3505 4486 6
3554 4433 3701 4499 Θεὸς

485 4602 509 4633 ⁸
538 4599 697 4656 Joan.
740 4616 791 4666 ι,
828 4602 946 4658 1-5.
1019 4602 1041 4634 ⁸
1082 4600 1343 4669 Genes.1,
1385 4606 1434 4660 l.
1516 4605 1556 4637 ¹⁰
1598 4604 1617 4658 1
1652 4605 1781 4661 Cor.
1823 4622 1873 4671 ι,
1906 4606 1979 4663 24

2107 4609 2121 4638 ¹
2166 4605 2330 4661 Prov.
2368 4622 2490 4669 vm,
2525 4604 2617 4659 ‘22.

482 4758 851 4834 (47)_Segper.
913 4759 1246 4834 ἁκούραντες
1294 4752 1422 4834 τοῦ,
1451 4766 1590 4834 ~etc.
1661 4760 1883 4834 Gobler.
1918 4767 1994 4834 ret

2171 4763 2285 4834 (52)
2320 4761 2396 4834 ita
2429 4761 2657 4834 chuer.
2704 4758 2762 4812 In
2813 4759 2976 4815 editis
3005 4757 3333 4834 vero,_haac,
3373 4755 3476 4834 οὐκ
3512 4749 3702 4834 εἶπεν,

409 4833 556 4888 Felc.
575 4826 956 4903 ’1,’Ᾱκούσατε
977 4830 1071 4903 τοῦ
1087 4829 1499 4903 εὐαγγελιστοῦ.
1531 4832 1595 4884 Εἰ
1633 4826 1728 4885 οὖν
1754 4831 1880 4903 ἔφη,
1911 4833 1993 4885 ὅτι

423 4906 510 4958 Ἐν
547 4903 690 4973 ἀρχῇ
739 4902 982 4970 γέγονεν,
1018 4897 1175 4973 εἶχες
1198 4901 1376 4973 λόγον,
1418 4902 1505 4973 ὅτι
1531 4904 1560 4954 6
1602 4897 1994 4973 εὐαγγελιστὴς

426 4921 510 4958 ἰςν
547 4921 690 5026 αρέῃ
739 4921 982 4970 γεγονεν,
1018 4921 1162 4972 ειχες
1200 4921 1376 4967 Αογον,
1418 4921 1560 4986 οτιψο
1602 4921 1992 5024 ευαγγεΑιστές

411 4974 556 5108 $333:
585 4974 856 5108 ὲήζηάἑρὶχῗι
884 4972 1128 5042 γέγονεν.
1160 4972 1225 5025 El
1258 4971 1314 5025 δὲ
1336 4971 1460 5043 ἔφη,
1494 4988 1577 5025 οτι
1609 4972 1697 5025 Ἐν
1720 4973 1861 5044 ἀρχῇ
1881 4973 1932 5042 (γ
1965 5002 1992 5013 -

447 5062 532 5100 ονε
542 5084 556 5103 ο
585 5061 718 5103 ςητη
727 5061 836 5100 σον.

408 5062 556 5115 γονε,
585 5046 836 5170 Cynum.
1361 5112 1374 5130 υ
1749 5113 1762 5131 ν

483 5115 595 5188 (48)
673 5116 843 5188 obler.
894 5120 950 5169 et
994 5112 1142 5188 Felc.
1173 5115 1246 5188 _l,
1279 5115 1553 5188 ὲρωτῃσον
1597 5112 1689 5165 τὸν
1711 5112 1992 5188 εὐαγγελι-

483 5131 595 5188 (46)
624 5131 843 5170 uonler.
894 5131 950 5169 et
996 5131 1142 5170 relc.
1195 5131 1246 5179 ι,
1279 5131 1553 5236 εεωτησον
1597 5131 1689 5165 τον
1711 5131 1992 5182 εὐαγγελι-

412 5188 564 5257 στὴν,
595 5189 689 5241 καὶ
715 5184 869 5257 λέξει
898 5202 1017 5257 σοιζ
1052 5185 1306 5257 κ’Λνάγνω
1346 5203 1362 5237 ι
1379 5183 1874 5257 τῆεκοσμοποιίας
1892 5185 1995 5254 τὴν

411 5258 450 5309 Γ
454 5253 649 5319 ένεσιν,
666 5257 762 5310 καὶ
786 5256 990 5319 εὐθέως
1006 5254 1148 5320 λέξει
1169 5256 1303 5324 πρὸς
1334 5254 1393 5308 σέ
1408 5273 1421 5286 ο
1443 5253 1539 5307 Ἔν
1560 5254 1702 5324 ἀρχῇ
1720 5253 1996 5324 ἐποίησεν.

485 5274 649 5319 νεσιν,
666 5274 762 5310 και
786 5273 990 5319 ευυεως
1007 5273 1148 5320 Αεςει
1169 5273 1208 5309 π
1245 5273 1303 5317 ος
1334 5273 1421 5308 σε’
1456 5273 1539 5307 νιν
1560 5273 1702 5324 αρχῃ
1720 5273 1996 5322 εποιησεν.

485 5327 597 5398 (49)
627 5329 704 5381 Ita
751 5325 974 5398 Se_g.‘et
997 5325 1172 5398 Basil,
1200 5273 1349 5398 Editi
1381 5324 1659 5398 vero,_xat
1696 5323 1788 5398 τὸν
1828 5323 1999 5388 ὄντως

410 5393 764 5468 ΘεοῦΛόγον.
812 5393 960 5468 Infra
990 5396 1114 5468 Seg.
1151 5395 1297 5463 λέξει
1333 5395 1470 5468 πρὸς
1506 5393 1852 5468 σὲὸμμέγας,
1888 5402 1994 5449 etc.

484 5466 595 5539 (59)
627 5458 786 5522 σθω.
832 5475 887 5524 et
918 5458 1093 5523 Felc:
1116 5458 1349 5539 primus,
1382 5458 1451 5520 δι’
1477 5458 1538 5518 οὐ
1582 5458 1761 5520 πάντα
1781 5465 1995 5535 γέγονε.

412 5536 610 5607 καλῶς
636 5540 667 5607 6
691 5539 888 5607 εὐαγγ.

486 5605 605 5691 (51)
624 5603 1043 5691 Βςευετλπαντὶ
1065 5608 1136 5691 τὸ
1157 5603 1255 5691 ἦνἱ
1271 5607 1495 5691 ὕψιονἐ
1524 5612 1581 5662 et
1608 5604 1759 5691 Felc:
1790 5605 1844 5691 1,
1874 5622 1994 5691 τρι-

413 5674 527 5756 κδ’ἐξ
556 5674 618 5731 τδ
660 5674 751 5756 ᾖδε
791 5674 1308 5756 καὶούδεμῶςζτδι
1326 5680 1439 5756 οὐδε
1466 5674 1557 5748 ἦν,
1604 5675 1701 5756 δεεὲ
1721 5677 1754 5756 εδ
1778 5674 1993 5756 ἀρξάτ-

416 5744 574 5813 γελος
598 5744 735 5819 πρὸς
758 5749 856 5821 τὴν
884 5744 1394 5807 ΘεοτόκονΠνεῦιια
1413 5744 1588 5818 ἅγιον.
1622 5744 1832 5803 ibidem
1854 5744 1989 5818 ’Seg.

413 5814 674 5873 Θεοτόκον
707 5818 981 5893 Παρθένον
1002 5820 1152 5891 ἔλεγε
1175 5822 1274 5875 Ην.

2100 4826 2277 4903 usque
2309 4826 2737 4903 κάνέπίσκιάσει
2762 4848 2845 4883 σοι
2875 4845 3131 4903 sequens,
3154 4828 3375 4903 desunt,
3410 4826 3476 4903 δις
3502 4826 3703 4903 ὁμοιρὲ

2096 4896 2370 4957 τὲλὲυτον.
2408 4901 2552 4964 Mox,
2594 4902 2863 4973 μακάριος
2903 4896 3030 4955 ante
3071 4897 3392 4960 Ἀπόστολος
3439 4896 3599 4951 deest
3635 4898 3705 4953 in

2100 4974 2258 5026 Gobl.
2286 4981 2340 5026 et
2364 4971 2510 5026 Felc.
2546 4973 2596 5025 1.

2100 4974 2258 5030 Gobl.
2286 4981 2340 5029 et
2364 4974 2510 5027 Felc.
2546 4974 2596 5025 1.

2170 5045 2281 5114 (53)
2322 5043 2544 5100 Gobler.
2574 5051 2628 5097 et
2653 5039 2801 5096 Felc.
2826 5041 3059 5112 primus,
3090 5043 3119 5095 6
3159 5039 3455 5113 ’Λρειανὸς,
3480 5036 3579 5092 καὶ
3615 5038 3702 5104 ὡς

2095 5117 2124 5169 ὁ
2158 5117 2308 5325 [(135)
2313 5133 2544 5239 Ἑὸδιθτ.
2570 5190 2625 5237 et
2658 5180 2804 5237 Felc.
2841 5181 2893 5247 l,
2919 5182 3175 5268 div-raw;

2175 5256 2268 5325 (55
2320 5254 2539 5309 Gobler.
2574 5260 2629 5307 et
2658 5251 2803 5307 Felc.
2835 5254 2886 5325 ,
2926 5253 3077 5305 Ἐπεὶ
3112 5270 3172 5305 ου

2175 5248 2289 5325 (55)
2320 5254 2539 5309 Gobler.
2574 5260 2629 5307 et
2658 5251 2803 5307 Felc.
2835 5254 2886 5325 1,
2926 5248 3077 5305 Ἐπεὶ
3112 5248 3207 5305 οὖν
3239 5248 3620 5304 πεπαλαίωται
3659 5251 3704 5321 ἠ

2104 5322 2452 5396 φύσιςήμῶν
2479 5325 2538 5376 ἐν
2570 5326 2637 5394 τῇ
2672 5322 2882 5396 εαὲραό,

2176 5396 2288 5467 (56)
2307 5388 2539 5474 :Cglﬂer.
2575 5388 2637 5474 ert:
2672 5388 2821 5447 Felc.
2860 5393 2915 5456 1,
2951 5391 3510 5474 κατ’ἐπεπτώκειμενι
3534 5388 3703 5474 εὐδό-

2102 5458 2327 5538 κησεν’ό
2361 5465 2425 5517 Θ.
2454 5462 2574 5518 Mox
2604 5462 2829 5533 Seguer.
2855 5458 3544 5548 xatanépdatfrpbg'ﬁ'pd;
3571 5458 3700 5544 τόν.

2102 5537 2304 5592 Ibidem
2327 5534 2546 5591 Gobler.
2573 5541 2627 5588 et
2647 5533 2795 5587 Felc.
2824 5533 2876 5596 1,
2903 5533 2994 5587 τὸν
3021 5534 3152 5587 ίδιον
3171 5549 3336 5586 αυτου
3365 5533 3535 5596 Λογον
3559 5529 3591 5581 Ἰ
3612 5528 3703 5585 ίὸν

2100 5537 2304 5592 Ibidem
2327 5537 2546 5591 Gobler.
2573 5541 2627 5588 et
2648 5537 2795 5587 Felc.
2824 5537 2876 5597 l,
2903 5537 2994 5587 τὸν
3021 5537 3152 5587 ίδιον
3171 5537 3336 5586 αὐτοῦ
3365 5537 3535 5596 Λόγον
3565 5537 3703 5585 Γιὸν

2100 5609 2194 5693 κοξκ
2216 5606 2377 5694 es”:
2405 5604 2591 5694 Ws?"
2609 5604 2773 5694 se:
2783 5600 3703 5694 γῇςὲοξρθέγξξξῖηιὲξὲξῖξυξξέαξ

2102 5678 2292 5746 φύσιψ
2338 5675 2414 5737 ὡς
2463 5676 2557 5730 καὶ
2599 5678 2629 5729 6
2672 5672 3013 5739 ’Λπόστολός
3052 5691 3247 5748 φησιν’
3274 5672 3608 5745 ὝΕὐδόκησεν
3665 5674 3702 5726 6

2100 5748 2231 5813 Θεὸς
2260 5747 2325 5801 πέ
2336 5745 2491 5817 μψαι.
