3860 6200
153 372 259 433 509

1158 371 1393 428 SERMO
1434 373 1712 429 CONTRA
1753 373 1987 431 OMNES
2026 377 2388 435 HERESES.

3311 378 3417 435 510

151 492 293 561 πρὸς
330 491 480 560 ἡμᾶς
510 489 722 561 πέμψαι
750 490 843 542 τὸν
891 489 1020 542 ῐδιον
1054 489 1184 542 Υῐδν
1231 489 1363 543 Θεὸν
1403 492 1595 560 Λόγον,
1650 491 1732 547 λα-

1846 495 2145 550 hominem.
2183 497 2379 566 Aitque
2404 495 2595 550 beatus
2625 496 2905 565 apostolus
2934 495 3133 552 Paulus
3160 516 3174 552 :
3202 493 3418 550 Placuit

151 582 272 634 ϐεἶν
293 597 376 648 τε,
406 578 589 643 καθὼς
621 584 907 651 προεῖπον,
943 582 1006 633 ἐκ
1050 580 1151 650 τῆς
1182 581 1557 653 ἀπειρογάμου
1586 584 1734 656 Παρ-

150 673 310 727 θένου
343 670 439 723 τὸν
460 670 609 736 ναὸν,
647 671 739 723 τὸν
768 670 1076 742 ἄνθρωπον.
1095 672 1204 723 Καὶ
1227 670 1373 740 λέγει
1401 674 1429 725 6
1464 674 1733 744 μακάριος

1842 585 1952 642 Deo
1984 586 2041 642 in
2091 589 2358 643 mundum
2408 591 2625 645 mittere
2674 590 2871 644 Filium
2905 606 3064 646 suum
3108 598 3297 642 natum
3346 604 3414 646 ex

1840 678 2071 733 muliere
2107 681 2172 733 ".
2218 679 2413 747 Viden,
2439 697 2563 735 eum
2584 682 2731 753 loqui
2763 681 2829 737 de
2867 681 3280 735 incarnatione?

150 761 450 825 ἀπόστολος
478 760 720 824 Παῦλοςο
771 761 1076 831 Εὑδόκησεν
1103 764 1131 815 6
1182 762 1315 826 Θεὸς
1371 765 1728 835 καταπέμψαι
1765 765 1856 821 τὸν
1882 769 2009 823 Υξδν
2036 771 2199 825 αὑτοῦ
2227 772 2304 836 εἰς
2330 773 2420 826 τὸν
2442 773 2665 845 κόσμον,
2688 772 3026 845 γεννώμενον
3052 776 3117 827 ἐκ
3137 771 3411 843 γυναικός.

163 850 351 927 Ὁρᾷς,
374 857 457 909 ὅτι
487 858 617 928 περὶ
648 856 749 927 τῆς
775 856 1244 928 ὲνανθρωπήσεὼς
1279 860 1447 912 ἐστιν.

225 965 280 1020 6.
312 967 376 1020 ΕΞ
403 967 458 1019 δὲ
489 966 664 1031 θέλεις
694 967 923 1022 ἀκοῦσαι
969 971 1100 1040 περὶ¹
1146 971 1246 1041 τῆς
1297 972 1603 1045 ἀδιαιρέτου
1637 975 1731 1029 καὶ

156 1060 289 1128 μιᾶς
321 1058 574 1129 θεότητος
618 1060 751 1130 (57),
783 1061 947 1114 ἄκουε
996 1062 1211 1116 Παύλου
1251 1065 1533 1133 λέγοντος·
1570 1086 1588 1117 ι
1634 1069 1732 1130 Ὃς

153 1148 230 1202 ὧν
267 1149 612 1221 ἀπαύγασμα
638 1152 733 1222 τῆς
758 1151 917 1222 δόξης
941 1154 1035 1206 καὶ
1062 1156 1348 1227 χαρακτὴρ
1368 1160 1465 1227 τῆς
1497 1158 1733 1211 ὑποστά-

156 1259 296 1306 σεως
332 1241 532 1295 αὐτοῦ·
591 1261 608 1294 ι
659 1244 753 1297 καὶ
788 1244 951 1297 πάλιν
1009 1245 1185 1314 λέγει·
1221 1265 1239 1297 ι
1279 1249 1395 1311 Ὃς,
1437 1251 1494 1301 ὲν
1549 1250 1731 1320 μορφῇ

152 1332 292 1385 Θεοῦ
324 1334 609 1404 ὑπάρχων,
642 1334 744 1405 οὐχ
769 1335 1061 1406 ἁρπαγμὸν
1084 1337 1330 1407 ἡγήσατο
1369 1337 1431 1390 τὸ
1467 1333 1607 1391 εἶναι
1646 1338 1736 1392 ίσα

154 1422 299 1492 Θεῷ,
336 1423 452 1476 ἀλλ’
480 1424 672 1477 ἑαυτὸν
704 1424 963 1491 ἐκένωσε,
1011 1426 1225 1497 μορφὴν
1254 1426 1441 1480 δούλου
1463 1427 1663 1482 λαϐών.
1712 1448 1731 1481 ι

167 1513 354 1583 Ὁρᾷς,
386 1514 469 1566 ὅτι
500 1514 629 1585 περὶ
665 1515 765 1585 τῆς
815 1515 926 1586 (58)
978 1516 1441 1589 ὲνανθρωπήσεώς
1493 1520 1630 1571 εἰσιν
1680 1521 1737 1572 ai

153 1605 404 1660 τοιαῦται
436 1606 628 1675 φωναί.
652 1608 763 1659 Καὶ
782 1608 945 1672 αὐτὸς
971 1612 999 1662 6
1030 1609 1232 1681 Κύριος
1265 1610 1552 1683 αὐθεντικῇ
1586 1615 1735 1683 φωνῇ

154 1693 310 1750 εἶπεν
330 1713 347 1728 ⁸
380 1715 401 1748 ι
457 1696 596 1765 Ἐγὼ
622 1699 681 1750 ὲν
712 1696 789 1767 τῷ
820 1697 1017 1769 Πατρὶ,
1042 1700 1135 1752 καὶ
1162 1702 1191 1753 6
1213 1700 1402 1771 Πατὴρ
1433 1703 1489 1753 ὲν
1515 1702 1637 1773 ὲμοί
1662 1719 1675 1733 ·
1715 1722 1733 1754 ι

1918 970 2079 1044 184
2106 971 2161 1027 ι.
2196 970 2293 1026 Sin
2319 973 2455 1028 velis
2494 971 2684 1028 audire
2723 972 2790 1028 de
2824 972 3057 1027 indivisa
3085 980 3139 1025 et
3172 987 3277 1025 una
3306 968 3414 1025 dei

1839 1069 1973 1125 tate,
2026 1063 2276 1117 ausculta
2320 1063 2435 1116 haec
2473 1061 2630 1116 Pauli
2686 1063 2897 1117 verba:
2940 1082 2957 1113 ι
3020 1063 3124 1128 Qui
3158 1077 3282 1115 cum
3340 1062 3413 1115 sit

1838 1152 2101 1223 Splendor
2141 1154 2327 1224 gloria:
2356 1164 2410 1209 et
2445 1154 2616 1225 ﬁgura
2657 1154 2978 1209 substantiae
3018 1154 3138 1222 ejus
3182 1154 3226 1184 ¹³
3254 1169 3267 1218 ;
3300 1171 3320 1204 ι
3358 1160 3418 1205 et

1841 1262 2064 1301 rursum
2099 1266 2113 1301 :
2145 1266 2163 1298 ι
2203 1245 2307 1313 Qui
2340 1263 2466 1302 cum
2495 1248 2551 1301 in
2583 1246 2756 1301 forma
2798 1245 2892 1303 Dei
2918 1257 3087 1311 esset,
3128 1262 3236 1301 non
3267 1248 3414 1317 rapi-

1839 1354 1967 1393 nam
2001 1340 2304 1395 arbitratus
2328 1346 2414 1396 est
2444 1357 2566 1396 esse
2611 1357 2671 1396 se
2706 1341 2971 1410 aequalem
3014 1339 3143 1403 Deo,
3189 1340 3286 1395 sed
3333 1354 3415 1394 se-

1839 1430 2131 1499 metipsum
2167 1431 2469 1486 exinanivit
2514 1430 2745 1486 formam
2782 1431 2926 1486 servi
2959 1431 3235 1501 accipiens
3280 1430 3343 1482 “.
3383 1449 3404 1482 ι

1844 1519 2036 1584 Vides,
2094 1522 2366 1601 ejusmodi
2427 1539 2592 1579 voces
2652 1523 3084 1579 incarnationem
3137 1528 3411 1591 spectare.

1842 1611 1985 1677 Quin
2024 1620 2079 1666 et
2109 1613 2226 1683 ipse
2259 1613 2520 1670 Dominus
2554 1615 2869 1670 authentica
2911 1630 3044 1669 voce
3075 1613 3151 1666 ait
3182 1629 3196 1664 :
3234 1630 3253 1663 ι
3297 1611 3412 1683 Ego

1844 1705 1901 1758 in
1928 1703 2111 1772 Patre,
2145 1716 2199 1760 et
2230 1705 2390 1762 Pater
2421 1708 2474 1760 in
2501 1723 2586 1762 me
2610 1708 2674 1775 ¹⁸;
2711 1726 2730 1759 ι
2766 1720 3094 1775 rursumque
3122 1702 3408 1773 Philippo:

155 1788 253 1841 καὶ
282 1786 447 1842 πάλιν
491 1788 642 1857 λέγει
690 1787 977 1859 Φιλίππῳο
1017 1807 1038 1843 ι
1063 1789 1204 1860 Ἐγὼ
1244 1792 1339 1845 καὶ
1383 1795 1411 1845 6
1449 1792 1638 1864 Πατὴρ
1679 1793 1732 1847 ἓν

1848 1815 1868 1848 ι
1910 1796 2023 1866 Ego
2055 1806 2110 1852 et
2139 1797 2301 1853 Pater
2348 1814 2517 1853 unum
2551 1816 2741 1855 sumus
2772 1800 2836 1855 ¹⁶.
2872 1818 2895 1851 ι
2928 1797 2994 1851 Et
3028 1814 3123 1861 per
3153 1811 3410 1866 magnum

154 1881 348 1950 ἐσμεν.
380 1897 402 1931 ι
458 1879 571 1933 Kal
629 1879 775 1949 λέγει
826 1880 914 1934 διὰ
975 1880 1067 1935 τοῦ
1121 1882 1359 1953 μεγάλου
1416 1887 1725 1956 προφήτου’

159 1994 179 2024 ι
212 1971 384 2028 Ἴδετέ
412 1990 503 2045 με,
538 1974 620 2027 ὅτι
653 1972 766 2041 ἐγώ
799 1977 935 2045 είμι,
990 1975 1084 2029 καὶ
1113 1975 1213 2027 οὐκ
1241 1975 1594 2046 ἡλλοίωμαι.»
1619 1978 1730 2031 Kal

155 2063 325 2118 «eam
368 2064 548 2134 λέγει’
589 2084 608 2117 ι
655 2064 791 2133 Ἐγὼ
830 2067 896 2119 ὲκ
934 2064 1029 2119 τοῦ
1083 2067 1297 2139 Πατρὸς
1340 2067 1579 2139 ἐξῆλθον,
1638 2071 1731 2122 καὶ

151 2156 299 2226 ήκω.
335 2174 358 2209 ι
392 2158 504 2210 Kal.
536 2156 624 2210 διὰ
645 2156 736 2210 τοῦ
782 2158 1047 2229 Ἰερεμίου
1073 2158 1265 2227 λέγειό
1292 2160 1479 2231 Πατήρ
1500 2177 1512 2189 ·
1561 2178 1579 2210 ι
1602 2160 1732 2229 Ἐμὲ

153 2247 518 2317 ἐγκατέλιπον
552 2249 666 2319 (59)
696 2249 879 2321 πηγὴν
912 2250 1105 2315 ὓδατος
1147 2250 1367 2315 ζῶντος,
1398 2253 1494 2305 καὶ
1518 2252 1731 2324 ὤρυξαν

154 2342 374 2404 ἑαυτοῖς
410 2339 648 2405 λάκκους
682 2342 1198 2414 συντετριμμένους,
1229 2343 1278 2396 οἳ
1315 2344 1374 2397 οὐ
1414 2344 1733 2415 δυνήσονται

155 2435 372 2498 ἑαυτοῖς
404 2433 551 2506 ὕδωρ
608 2436 955 2504 συναγαγεῖν.
996 2454 1015 2485 ι
1053 2435 1127 2488 Οὐ
1184 2435 1310 2505 χθὲς
1342 2438 1375 2506 ἡ
1428 2436 1599 2516 πηγὴ,
1642 2439 1732 2490 καὶ

156 2527 402 2597 σήμερον
421 2525 482 2579 τὸ
513 2524 656 2598 ὕδωρ
679 2544 694 2557 ·
731 2527 806 2597 μὴ
823 2526 1033 2595 γένοιτο
1059 2527 1072 2580 ι
1116 2527 1226 2579 Ἀεὶ
1251 2527 1420 2599 πηγὴ,
1452 2530 1539 2581 ἀεὶ
1566 2528 1727 2600 ὕδωρ.

152 2615 399 2681 Τάλανες
449 2617 500 2669 οἱ
551 2617 834 2688 ἀχάριστοι
896 2617 1009 2685 (60)
1044 2618 1476 2689 Ἀρειομανῖται·
1529 2620 1732 2674 τούτων

151 2708 423 2782 κρείττων
450 2708 651 2781 εὑρέθη
683 2711 712 2762 6
742 2707 1236 2782 Ναϐουχοδονόσορ,
1272 2710 1352 2774 ὃς,
1389 2710 1579 2763 ἑαυτὸν
1612 2709 1732 2765 θεὸν

150 2800 393 2873 νομίζων
420 2796 580 2864 εἶναι,
616 2801 708 2854 καὶ
732 2800 917 2854 εἰκόνα
945 2800 1136 2854 ἑαυτοῦ
1170 2803 1372 2872 στήσας
1394 2803 1451 2853 ἐν
1481 2801 1734 2855 Βαϐυλῶ-

150 2909 226 2957 νι,
263 2893 361 2946 καὶ
393 2889 647 2961 ἐμϐαλὼν
662 2893 742 2955 είς
759 2891 854 2963 τὴν
871 2891 1107 2962 κάμινον
1140 2891 1235 2945 τοῦ
1268 2891 1441 2964 πυρὸς
1463 2893 1729 2957 Ἀνανίαν,

151 2984 250 3037 καὶ
278 2979 560 3054 ’Δζαρίαν,
590 2983 686 3036 καὶ
714 2981 934 3054 Μισαὴλ
952 2999 965 3013 ο
999 2983 1093 3036 καὶ
1122 2982 1215 3036 τοῦ
1255 2982 1570 3054 δροσοποιοῦ
1618 2984 1731 3055 (61)

150 3074 315 3143 λόγου
338 3076 397 3128 ἐν
427 3073 577 3145 μέσῳ
607 3073 787 3127 αὐτῶν
814 3073 1124 3145 γινομένου,
1164 3076 1259 3127 καὶ
1286 3074 1638 3140 ἐξελάσαντος
1671 3075 1732 3128 τὸ

1836 1886 2161 1956 prophetam
2191 1888 2269 1940 ait
2300 1904 2313 1939 :
2350 1906 2369 1939 ‹
2412 1888 2604 1944 Videte
2634 1905 2740 1953 me,
2774 1890 2901 1959 quia
2931 1904 3030 1956 ego
3063 1902 3185 1941 sum
3216 1894 3271 1940 et
3300 1899 3412 1938 non

1836 1984 2023 2032 mutor
2056 1979 2121 2033 "’.
2166 1997 2186 2029 ι
2226 1977 2575 2049 Rursumque
2605 1981 2681 2032 ait
2716 1997 2728 2031 :
2763 1999 2781 2031 ι
2830 1979 2942 2049 Ego
2966 1994 3031 2033 ex
3066 1976 3225 2031 Patre
3267 1975 3410 2030 exivi

1837 2077 1892 2123 et
1927 2070 2087 2124 venio
2118 2069 2184 2124 ".
2231 2089 2249 2121 ι
2289 2072 2501 2140 Acper
2559 2070 2849 2126 Jeremiam
2895 2071 2971 2125 ait
3025 2069 3230 2125 Pater:
3266 2086 3286 2120 ‹
3325 2065 3411 2123 Me

1838 2161 2247 2232 dereliquerunt
2289 2163 2491 2217 fontem
2541 2180 2694 2233 aqua:
2728 2165 2882 2227 vivas,
2929 2171 2983 2219 et
3024 2163 3278 2218 foderunt
3305 2160 3412 2216 sibi

1839 2253 2109 2307 cisternas
2164 2252 2485 2323 dissipatas,
2536 2269 2657 2323 qua:
2709 2268 2904 2323 aquam
2938 2254 3042 2308 sibi
3082 2266 3416 2324 congregare

1839 2359 1946 2397 non
1991 2350 2250 2414 poterunt
2282 2346 2347 2399 ι’.
2390 2364 2409 2397 ι
2443 2343 2797 2415 Nequaquam
2842 2346 3096 2400 hesterna
3130 2345 3219 2399 die
3264 2343 3412 2407 fons,

1839 2431 2002 2487 hodie
2032 2449 2172 2503 aqua
2201 2453 2213 2488 :
2248 2434 2411 2489 absit.
2444 2434 2674 2503 Semper
2706 2433 2848 2497 fons,
2881 2450 3097 2504 semper
3122 2448 3285 2503 aqua.
3312 2431 3415 2486 Mi-

1839 2525 1949 2579 seri
1982 2525 2181 2594 ingrati
2214 2524 2289 2578 illi
2322 2524 2710 2591 Ariomanitze,
2755 2525 2955 2594 quibus
2994 2525 3184 2578 melior
3216 2524 3414 2593 deprc-

1840 2614 2046 2670 hensus
2077 2627 2160 2670 est
2204 2616 2321 2685 ipse
2364 2614 2888 2678 Nabuchodonosor,
2920 2617 3012 2685 qui
3064 2630 3186 2670 sese
3251 2615 3414 2669 deum

1840 2706 2165 2768 arbitratus,
2202 2706 2610 2777 constitutaque
2666 2707 2770 2761 sibi
2822 2705 3098 2777 Babylone
3154 2704 3412 2775 imagine,

1838 2804 2003 2867 atque
2043 2796 2301 2866 projectis
2337 2798 2389 2850 in
2436 2797 2710 2851 caminum
2743 2797 2884 2867 ignis
2916 2794 3149 2860 Anania,
3193 2794 3413 2859 Azaria,

1839 2895 1895 2942 et
1928 2885 2148 2941 Misaele
2169 2905 2184 2953 ;
2209 2902 2332 2941 cum
2363 2885 2592 2941 verbum
2624 2886 2899 2939 rorilicum
2931 2884 2986 2938 in
3012 2885 3190 2938 medio
3221 2898 3413 2938 eorum

1840 2978 2059 3033 factum»
2085 2988 2253 3046 esset,
2286 2979 2735 3047 excussissetque
2781 2978 2982 3048 ignem,
3013 2975 3142 3030 dum
3179 2975 3416 3046 hymnos

1840 3071 1917 3125 illi
1954 3079 2251 3137 canerent;
2281 3072 2524 3134 veniens,
2553 3072 2799 3141 inquam,
2829 3070 2947 3139 ipse
2978 3067 3416 3122 Nabuchodono-

152 3167 285 3239 πῦρ,
308 3167 404 3219 καὶ
432 3165 613 3220 αὐτῶν
638 3166 951 3236 ὑμνούντων
970 3182 985 3195 ⁶
1012 3166 1107 3219 καὶ
1134 3165 1377 3229 ἐλθόντος
1402 3164 1498 3218 τοῦ
1526 3165 1732 3219 Ναϐου-

1846 3179 1955 3226 sor,
2001 3171 2165 3233 atque
2201 3163 2395 3218 videns
2440 3163 2565 3217 illos
2594 3170 2873 3226 canentes,
2908 3162 2983 3215 ait
3027 3161 3212 3230 pueris
3244 3159 3361 3214 suis
3396 3174 3411 3211 :

153 3252 462 3325 χοδονόσορ,
496 3253 592 3306 καὶ
633 3253 941 3326 ἑωρακότος
970 3256 1168 3318 αὐτοὺς
1214 3254 1537 3326 ὑμνοῦντας,
1584 3254 1737 3325 ἔλεγε

153 3348 267 3409 Ιτοῖς
294 3346 484 3399 παισὶν
513 3343 678 3397 αὐτοῦ
699 3361 712 3374 ·
770 3363 789 3395 ι
824 3346 960 3416 Οὐχὶ
995 3345 1194 3417 ἄνδρας
1228 3349 1379 3418 τρεῖς
1414 3346 1737 3418 ὲνεϐἀλομεν

153 3438 237 3500 είς
258 3437 361 3507 τὴν
383 3436 612 3507 κάμινον
637 3454 652 3504 ;
686 3454 705 3487 ι
733 3437 795 3490 Ol
813 3436 869 3489 δὲ
896 3432 1048 3490 εἷπον
1068 3454 1082 3468 ο
1121 3457 1140 3489 ι
1163 3437 1421 3509 Ἀληθῶς,
1459 3437 1730 3509 βασιλεῦ.)

154 3530 266 3585 Kal.
302 3524 425 3581 εἷπε
455 3528 592 3600 πρὸς
624 3528 855 3593 αὐτούς·
902 3546 922 3581 ι
976 3529 1105 3583 Ἰδοὺ
1148 3528 1337 3600 θεωρῶ
1382 3528 1493 3598 ἐγὼ
1538 3530 1737 3602 ἄνδρας

154 3619 456 3690 τέσσαρας,
505 3620 602 3674 καὶ
649 3621 679 3673 6
720 3619 983 3692 τέταρτος
1034 3621 1219 3691 ὅμοιος
1277 3619 1392 3691 Υίῷ
1437 3620 1592 3675 Θεοῦ.
1630 3616 1735 3674 »Ὦ

153 3711 646 3783 Ναϐουχοδονόσορ,
678 3712 903 3766 σεαυτὸν
934 3712 1056 3766 θεὸν
1088 3713 1373 3783 ἐποίησας,
1415 3712 1533 3777 πῶς
1564 3709 1733 3778 οἶδας,

153 3804 237 3857 δτι
263 3803 450 3873 ὅμοιος
470 3803 584 3873 Υἱῷ
606 3802 741 3856 Θεοῦ
753 3804 900 3857 ἐστιν
920 3803 1151 3870 ;εὐθέως
1166 3800 1320 3858 εἶπεν
1336 3821 1349 3835 ⁸
1374 3804 1544 3869 Αὐτὸς
1572 3806 1738 3859 κατέ-

154 3892 280 3958 νυξέ
330 3910 399 3963 με
448 3894 643 3947 εἰπεῖν.
690 3894 969 3965 Χρείττων
1004 3893 1211 3948 τούτων
1239 3894 1439 3965 εὑρέθη
1463 3896 1739 3967 Ναϐουχο-

154 3988 376 4057 δονόσορ
397 3987 504 4041 τῶν
537 3986 771 4052 ἀσεϐῶν,
809 3989 903 4042 καὶ
942 3989 1075 4060 μηδὲ
1112 3990 1320 4061 ὅμοιον,
1366 3990 1501 4062 μηδὲ
1538 3992 1734 4062 ὀμοού-

160 4096 275 4132 σιον
307 4077 575 4147 λεγόντων
607 4079 698 4132 τὸν
732 4078 879 4132 Υίόν.
903 4079 1107 4133 Εἴπατε
1134 4079 1248 4152 (62)
1272 4085 1383 4145 τοῖς
1404 4081 1624 4135 ἀσεϐέσι
1659 4083 1733 4155 μὴ

159 4171 523 4241 βλασφημεῖν,
560 4170 674 4224 ἀλλ’
718 4171 1098 4243 εὐφημοῦντας
1130 4177 1455 4246 προσκυνεῖν
1482 4175 1574 4227 τὸν
1605 4175 1735 4228 ὄντα

153 4262 285 4315 Θεὸν
309 4262 484 4329 Λόγον
512 4264 568 4314 ἐν
604 4262 893 4332 πνεύματι,
926 4264 975 4315 εἰ
1004 4263 1111 4334 ἄρα
1154 4262 1493 4335 ἀφεθήσεται
1537 4265 1572 4333 ή
1601 4265 1734 4318 ἀσέ-

155 4357 277 4407 ϐεια
306 4356 404 4423 τῆς
436 4353 783 4425 βλασφημίας
820 4353 1019 4407 αὐτῶν.

232 4445 286 4499 5.
318 4445 537 4498 Τούτων
569 4445 746 4498 τοίνυν
771 4444 1293 4517 ὲξοστρακισθέντων
1330 4449 1424 4501 καὶ
1446 4447 1735 4520 ἐκϐληθέν-

1843 3276 1862 3309 ι
1898 3256 2091 3312 Nonne
2121 3258 2268 3312 viros
2299 3266 2411 3312 tres
2443 3257 2777 3326 conjccimus
2813 3255 2869 3309 in
2899 3252 3216 3307 caminum?
3242 3272 3260 3304 ι
3309 3250 3417 3306 Re-

1838 3351 2182 3420 sponderunt
2208 3349 2324 3403 illi:
2352 3368 2373 3401 ι
2404 3348 2481 3403 Ita
2510 3359 2614 3413 est,
2645 3363 2677 3402 ο
2699 3362 2862 3415 rex.»
2898 3344 2964 3399 Et
2991 3345 3129 3400 dixit
3148 3344 3216 3398 ad
3246 3342 3369 3398 illos
3396 3357 3411 3394 :

1844 3456 1862 3490 ι
1893 3438 2034 3494 Ecce
2063 3438 2225 3493 video
2259 3454 2359 3508 ego
2387 3438 2536 3492 viros
2566 3446 2825 3507 quatuor,
2857 3443 2912 3491 et
2957 3444 3190 3505 quartus
3218 3430 3417 3488 similis

1836 3527 1977 3584 Filio
2009 3528 2100 3585 Dei
2130 3530 2228 3583 π.»
2252 3527 2297 3584 Ο
2318 3527 2846 3592 Nabuchodonosor,
2875 3527 2968 3596 qui
2999 3528 3227 3596 teipsum
3250 3524 3418 3578 deum

1838 3618 2087 3678 eﬂ‘eeisti.
2116 3620 2262 3675 unde
2290 3620 2434 3674 nosti
2458 3634 2582 3674 esse
2612 3620 2848 3674 similem
2880 3616 3021 3671 Filio
3054 3616 3184 3671 Dei?
3214 3615 3414 3670 Statim

1837 3711 1929 3765 ille
1962 3712 2308 3782 responderit
2339 3731 2351 3766 :
2392 3711 2530 3777 Quia
2563 3710 2679 3780 ipse
2706 3725 2793 3765 me
2834 3708 3138 3764 stimulavit
3185 3714 3244 3761 ut
3299 3706 3415 3763 haec

1837 3804 2095 3858 dicerem.
2152 3802 2344 3857 Melior
2373 3804 2556 3873 itaque
2608 3802 2980 3873 deprehensus
3011 3810 3096 3856 est
3121 3799 3415 3855 Nabucho-

1836 3895 2077 3949 donosor
2117 3895 2297 3964 impiis
2351 3895 2460 3949 illis
2487 3935 2500 3958 ,
2549 3894 2643 3965 qui
2692 3909 2870 3963 neque
2913 3893 3143 3948 similem
3172 3932 3186 3957 ,
3237 3905 3417 3961 neque

1836 3986 2360 4041 consubstantialem
2398 3987 2587 4041 dicunt
2618 3984 2844 4053 Filium.
2891 3984 3066 4038 Dicite
3099 3983 3304 4054 impiis,
3343 3997 3414 4037 ne

1835 4079 2241 4149 blasphement,
2282 4080 2377 4134 sed
2416 4094 2541 4133 cum
2588 4078 2970 4134 benedictione
3008 4076 3244 4131 Verbum
3284 4088 3415 4129 vere

1835 4169 2005 4224 Deum
2033 4170 2263 4225 adorent
2288 4170 2343 4223 in
2378 4170 2597 4241 spiritu,
2630 4170 2676 4225 si
2700 4168 2839 4223 forte
2871 4168 3183 4223 remittatur
3214 4163 3410 4235 impie-

1835 4269 1920 4318 tas
1950 4261 2302 4333 blaspbemiaa
2327 4277 2539 4318 eorum.

1906 4441 1959 4497 5.
1985 4440 2082 4499 His
2111 4441 2277 4512 igitur
2302 4441 2558 4510 relegatis
2577 4449 2631 4495 et
2661 4439 2889 4509 abjectis
2909 4453 2974 4494 ex
3003 4435 3190 4491 divino
3217 4435 3411 4499 choro,

154 4554 264 4589 των
290 4539 357 4589 ὲκ
390 4535 482 4588 τοῦ
512 4535 656 4588 θείου
688 4535 876 4607 χοροῦ,
908 4511 1152 4607 εἴπωμεν
1171 4539 1264 4591 καὶ
1286 4538 1423 4610 πρὸς
1449 4511 1732 4602 Τοὺςτού-

1846 4511 2228 4605 Ιοιιυδηιυτίιιᾱ
2258 4534 2475 4587 illorum
2507 4532 2705 4587 fratres
2739 4526 3287 4610 Pneumatomachos,
3315 4540 3413 4581 seu

154 4643 263 4679 των
283 4627 548 4695 ἀδελφοὺς
573 4627 697 4690 τοὺς
723 4628 1220 4698 Πνευματομάχους
1251 4629 1379 4693 τοὺς
1405 4629 1730 4701 Τροπικοὺς,

153 4718 281 4781 τοὺς
301 4718 563 4787 λέγοντας
588 4719 699 4790 (65)
720 4718 781 4771 τὸ
807 4718 1033 4789 Πνεῦμα
1056 4716 1195 4774 εἶναι
1214 4722 1448 4774 κτιστόν.
1480 4714 1551 4773 Ὦ
1591 4719 1730 4793 Τρο-

241 4873 610 4948 ⁸ξϐιιΙαι.-ιγ,
640 4877 693 4931 Δ.
772 4878 816 4909 ³³
856 4875 1022 4948 Hebr.
1048 4894 1123 4948 71,7
1151 4877 1204 4932 3.
1283 4876 1330 4910 “
1367 4876 1586 4948 Philipp

1592 4877 1807 4941 .ιι,6.

1836 4603 2123 4697 Tropicos,
2159 4625 2252 4695 qui
2286 4624 2477 4679 dicunt
2507 4616 2776 4695 Spiritum
2821 4614 3072 4677 sanctum
3101 4603 3225 4675 esse
3258 4631 3415 4672 crea-

1832 4727 1971 4775 tum.
2012 4717 2056 4775 0
2097 4719 2352 4789 'l‘ropice,
2393 4733 2503 4774 non
2546 4715 2751 4772 audisti
2791 4714 3048 4771 Davidem
3088 4713 3360 4769 dicentem
3393 4724 3409 4761 :

1913 4879 1957 4910 ¹⁸
1994 4877 2153 4935 Joan.
2189 4894 2302 4943 xw,
2341 4877 2429 4932 ιο.
2508 4877 2552 4908 ¹⁸
2591 4873 2754 4931 Joan.
2804 4892 2857 4941 χ,
2893 4875 2981 4932 50.
3092 4876 3136 4905 ¹⁷
3175 4869 3407 4941 Malach,

155 4960 239 5010 ιιι,
271 4947 325 5001 ϐ.
407 4947 450 4977 ’⁸
486 4944 645 5001 Joan.
682 4964 771 5002 nt
844 4946 938 5004 28.
1019 4947 1061 4979 ¹⁹
1099 4947 1302 5005 Jerem.
1346 4964 1422 5014 ιι,
1460 4944 1571 5003 13Ῐ
1625 4950 1670 4980 ὀ
1714 4947 1732 5001 l

1846 4990 1852 5004 .
1892 4964 1994 5016 ιιι,
2031 4951 2119 5014 91,
2166 4949 2255 5003 92.

220 5106 338 5186 15])
357 5105 591 5186 _Gobler.
634 5113 687 5162 et
719 5104 866 5161 Felc.
900 5107 954 5172 1,
1000 5108 1128 5179 περὶ
1159 5107 1259 5178 τῆς
1296 5107 1602 5179 ἀδιαιρέτου
1633 5108 1733 5161 αὐ-

154 5176 249 5228 τοῦ
279 5175 555 5246 θεότητος.
1075 5175 1085 5179 ⁷
1218 5175 1226 5178 ⁷
1448 5175 1459 5179 ⁷

227 5243 521 5319 (δελ-σοιν.
550 5254 603 5301 et
622 5244 768 5319 Felc.
799 5247 853 5319 1,
894 5248 1082 5319 Ὁρᾷς,
1115 5246 1235 5311 πῶς
1261 5249 1388 5319 περὶ
1414 5249 1534 5319 τῆς.
1562 5247 1732 5304 Paulo

157 5303 520 5391 pcist1'iidem,
565 5317 662 5370 καὶ
706 5303 867 5380 αὐτὸς
898 5321 927 5371 6
957 5303 1178 5391 ’Κῦριός
1211 5303 1398 5389 ἷρησίν,
1445 5303 1525 5372 ὃτι
1591 5303 1731 5389 Ἐγὼ

150 5387 536 5580 Ζέιέτξοω.
570 5467 625 5512 et
667 5438 824 5512 Felc.
851 5458 904 5524 1,
930 5459 1025 5513 τοῦ
1066 5458 1327 5531 Ἱερεμίου
1348 5476 1360 5489 ·
1410 5459 1543 5531 Ἐμὲ
1563 5460 1729 5529 ἐγκα-

224 5595 343 5737 £60}
370 5595 517 5659 Haac,
540 5599 589 5651 οἱ
618 5596 921 5720 ἀχάριστοι,
946 5598 1144 5655 desunt
1169 5600 1222 5653 in
1249 5598 1406 5655 Gobl.
1428 5613 1481 5656 et
1506 5600 1651 5657 Felc.
1670 5601 1721 5656 1.

247 5666 309 5721 6|
373 5665 534 5737 Gorbl.
573 5676 629 5723 et
660 5666 733 5721 Fe
756 5683 806 5737 c.
842 5684 1073 5737 primus,
1113 5672 1171 5724 ὲν
1208 5670 1506 5735 Βαϐυλῶνι,
1539 5673 1630 5724 καὶ
1667 5674 1721 5724 ὲν

247 5665 340 5723 6|)
373 5665 534 5723 Gobl.
573 5676 629 5723 et
658 5665 733 5721 Fe

756 5683 806 5745 ρ.
842 5671 1073 5745 primus,
1113 5672 1171 5724 ὲν
1203 5670 1506 5745 Βαϐυλῶνι,
1537 5673 1630 5745 ira}
1667 5674 1726 5724 ὲν
1828 5670 1941 5745 λέγ.
1974 5670 2067 5730 Sic
2090 5670 2306 5745 Gohler.
2329 5682 2384 5729 et

1832 5112 2063 5180 primus,
2095 5113 2187 5166 καὶ
2229 5110 2609 5176 ὲκτινάξαντος
2638 5108 2700 5162 τὸ
2728 5107 2860 5179 πῦρ.
2881 5108 3006 5180 _Kal.
3030 5105 3160 5180 Δτῶν
3204 5108 3412 5180 παίδων

1834 5177 2166 5251 ὖμνούντων,
2199 5183 2351 5251 ἔλεγε
2379 5185 2489 5244 τοῖς
2528 5182 2716 5233 παισὶν
2732 5177 2905 5251 αυτοῦ
2933 5177 3111 5251 ξ-Ορχι
3137 5178 3285 5251 τρεὶς
3331 5179 3412 5231 ὲν-

1830 5246 2097 5324 εϐάλομεν
2130 5246 2187 5305 έν
2208 5255 2273 5324 τῇ
2300 5246 2523 5324 καμίνῳ
2539 5268 2553 5317 ;
2571 5250 2663 5324 καὶ
2705 5248 2812 5303 ἰδοὺ
2837 5248 2900 5301 δ’.
2937 5248 2980 5300 Τ
2981 5246 3041 5300 οῦ
3068 5247 3125 5301 δὲ
3144 5246 3409 5319 τετάρτου

1831 5307 2021 5395 ὅρασις
2048 5324 2208 5395 ὁμοία
2234 5307 2717 5395 ΘεῷᾲὦγΝαϐουχ.

1904 5378 2015 5461 (6ἳῇ
2049 5378 2267 5448 Gobler.
2302 5378 2522 5447 e't'Felc.
2551 5378 2783 5461 prin'fus,
2813 5388 3091 5461 Κρείττων
3116 5387 3281 5461 αὐτὸν
3313 5389 3407 5443 εὑ-

1868 5464 1963 5532 ἐθη
1998 5457 2467 5533 Ναϐουχοδονόσορ
2495 5457 2603 5514 τῶν
2632 5459 2705 5533 μὴ
2737 5457 2921 5529 ὅμοιον
2965 5458 3099 5530 μηδὲ
3121 5457 3406 5529 ὁμοούσιον

1876 5531 1966 5587 εοῦ
1999 5531 2262 5602 λεγόντων
2298 5534 2389 5586 τὸν
2420 5533 2567 5587 Υἱόν.
2603 5531 2827 5585 Εἴπατε.

1902 5604 2028 5690 (65),
2065 5597 2320 5674 Εἴπωμεν
2364 5604 2501 5726 πρὸς
2552 5602 2678 5663 τοὺς
2728 5597 3223 5682 Πνευματομάχους
3279 5599 3407 5665 τοὺς

1902 5693 1941 5727 γ.
1974 5677 2067 5727 Sic
2090 5674 2306 5727 Gohler.
2329 5682 2384 5727 et
2452 5675 2554 5727 elc.
2584 5673 2635 5726 1.
2668 5669 2787 5725 Mox
2817 5671 3004 5727 iidem.
3031 5671 3281 5724 κτιστύν·
3304 5670 3407 5727 οὐκ

149 5738 217 5806 τῇ
238 5736 616 5817 έκειξινῷηβίο)
648 5736 822 5807 βαλὼν
844 5736 992 5817 sei»;
1020 5741 1439 5817 γ’,ῃαῖδαςικᾳι
1469 5742 1724 5817 τοῦ-δρο-
1826 5736 2094 5817 ἠκούσατε
2124 5745 2217 5799 τοῦ
2254 5744 2323 5800 δι.
2349 5744 2486 5801 Ibid.
2521 5743 2642 5814 Seg.
2672 5741 2764 5796 τοῦ
2790 5740 3025 5813 μεγάλου
3057 5740 3239 5797 Δαϐίδ.

152 5823 276 5861 σοπ.
313 5806 686 5880 Μοιδέειιθικ
724 5806 1041 5883 γενομένουξ
1072 5809 1272 5868 Ibidem
1305 5810 1461 5869 Gobl.
1493 5819 1545 5870 et
1572 5806 1715 5869 Felc.
