3860 6200
422 325 552 409 εδει

1552 331 1609 388 S.
1651 327 2114 388 ATllANASlL'S.
2153 363 2222 372 —
2264 330 2532 389 SPUBIA.

3602 334 3717 389 διε

454 457 476 493 ι
514 438 692 497 Verbo
721 440 937 498 Domini
979 444 1105 498 (τωιί
1156 443 1351 500 llrmati
1387 455 1536 511 sunt,
1573 457 1627 502 et
1670 450 1877 518 Spiritu
1911 450 2025 504 oris

2132 450 2277 512 πικὲ,
2308 450 2408 503 οὐκ
2438 450 2677 520 ἤκουσας
2713 448 2807 502 τοῦ
2842 449 3007 502 Δασὶδ
3045 448 3326 517 λέγοντος·
3369 468 3387 500 ι
3429 448 3520 519 Τῷ
3544 450 3714 519 Λόγῳ

449 534 571 602 ejus
601 536 783 591 omnis
815 536 989 591 virtus
1026 552 1214 592 eorum
1255 541 1339 593 “?
1370 561 1388 592 ι
1417 541 1558 597 Ecce
1585 541 1908 597 Trinitatem
1946 544 2030 597 in-

446 628 802 682 tlivisibilem.
839 628 906 682 Et
949 644 1166 686 rursum
1213 630 1267 685 in
1308 633 1493 685 mundi
1544 634 1764 704 opiﬁcio
1800 650 2029 705 magnus

453 720 543 775 ille
585 719 825 774 famulus
859 720 1093 792 Moyses.
1139 722 1220 776 sic
1264 723 1505 792 loquitur
1543 743 1555 777 :
1598 743 1617 775 ι
1655 723 1713 778 1η
1761 726 2029 797 principio

448 810 585 866 fecit
624 810 769 865 Deus
799 813 999 866 ειεΙιιιιι
1030 823 1083 867 Cl
1125 822 1350 876 terram,
1399 823 1546 870 terra
1579 825 1759 871 autem
1792 826 1910 872 erat
1945 819 2031 872 in-

450 904 687 959 visibilis
708 912 760 959 et
784 905 1167 974 incomposita,
1194 916 1248 959 et
1281 907 1519 961 tenebrae
1550 924 1715 978 super
1746 910 2028 981 abyssum,

446 1005 508 1051 et
540 995 780 1066 Spiritus
823 996 1037 1051 Domini
1081 996 1359 1051 ferebatur
1388 1014 1553 1068 super
1581 1015 1753 1069 aquas
1783 1003 1849 1055 ¹².
1891 1020 1912 1052 ι
1944 1001 2030 1055 Si-

450 1087 658 1143 militer
688 1102 918 1159 magnus
945 1086 1149 1142 Paulus
1182 1090 1257 1141 ait
1290 1104 1303 1139 :
1339 1107 1358 1140 (
1402 1089 1549 1146 Misit
1581 1090 1726 1147 Deus
1764 1090 2028 1160 Spiritum

448 1173 671 1230 Filiisui
692 1175 744 1229 in
770 1175 937 1229 corda
950 1182 1159 1236 nostra,
1183 1176 1505 1232 clamantem
1529 1194 1541 1229 :
1564 1178 1735 1241 Abba,
1763 1178 2024 1233 Pater'h

449 1264 521 1319 Et
544 1266 660 1335 ipse
683 1263 845 1319 Pater
875 1281 969 1334 per
998 1281 1254 1335 magnum
1283 1268 1602 1336 prophetam
1634 1269 1710 1321 ait
1740 1287 1754 1322 :
1786 1287 1804 1319 ι
1845 1265 2031 1322 Emm-

446 1356 575 1411 dam
607 1357 675 1411 de
711 1356 918 1427 Spiritu
952 1371 1072 1410 meo
1107 1372 1272 1427 super
1297 1372 1515 1414 omnem
1541 1373 1786 1423 carnem,
1819 1367 1873 1414 et
1903 1374 2031 1430 pro-

448 1449 841 1519 phetabunt“.
880 1469 899 1501 ι
926 1447 1155 1521 Ipseque
1199 1449 1464 1505 Dominus
1493 1450 1586 1517 qui
1637 1452 1787 1505 venit
1819 1455 2030 1506 salvum

448 1539 633 1595 facere
665 1556 835 1611 genus
858 1540 1177 1605 humanum,
1216 1542 1530 1595 authentica
1561 1556 1693 1597 voce
1722 1542 1833 1596 ait:
1863 1562 1883 1595 ι
1920 1540 2031 1611 Ego

447 1632 508 1687 lu
529 1630 689 1686 Patre
715 1639 768 1686 et
784 1631 943 1685 Pater
974 1633 1028 1685 in
1048 1648 1164 1696 me;
1197 1652 1216 1685 ι
1242 1639 1317 1695 et,
1342 1651 1360 1682 ι
1384 1630 1497 1701 Ego
1520 1647 1639 1686 sum
1670 1633 1874 1687 veritas
1896 1634 1941 1664 ⁸⁸
1964 1649 1978 1695 ;
2005 1651 2023 1683 ι

442 1731 525 1783 et.
551 1742 568 1773 ι
597 1723 653 1777 Si
682 1723 868 1777 abiero
891 1722 955 1775 ad
989 1722 1204 1776 Patrem
1238 1738 1439 1783 meum,
1464 1737 1571 1777 non
1606 1723 1908 1790 relinquam
1933 1736 2031 1779 vos

442 1815 726 1885 orphauos
758 1831 771 1866 :
805 1814 900 1870 sed
949 1816 1160 1868 mittam
1204 1813 1361 1869 vobis
1391 1813 1733 1868 Paracletum
1765 1812 2029 1885 Spiritum

448 1908 700 1963 veritatis
721 1908 788 1960 ".
829 1925 848 1958 ι
888 1906 1028 1961 Ecce
1065 1907 1328 1977 Spiritum
1364 1906 1417 1959 in
1456 1908 1706 1969 veritate,
1741 1907 2028 1961 veritatem

455 2001 512 2055 in
560 2000 742 2054 Patre.
778 1997 916 2053 Ecce
969 1997 1295 2054 Trinitatem
1346 1998 1753 2063 indivisibilem,
1789 2000 2031 2069 triplica—

448 2099 570 2145 tum
601 2091 899 2156 vincuium,
930 2106 1039 2160 quo
1070 2091 1379 2161 manipulos
1403 2093 1865 2161 constringentes,
1899 2090 2032 2145 oﬂ'e-

2130 542 2336 613 Κυρίου
2365 542 2655 611 οίοὺρανο).
2684 539 3114 611 ἐστερεώθησαν,
3157 541 3251 593 καὶ
3293 539 3370 611 τῷ
3421 540 3715 610 Πνεῦματι

2129 633 2224 687 τοῦ
2262 634 2528 704 στόματος
2551 632 2713 686 αὑτοῦ
2755 634 2904 687 πᾶσα
2938 634 2972 703 ἡ
2997 632 3226 703 δύναμις
3260 631 3470 697 αὺτῶνς
3502 652 3521 682 ι
3568 632 3711 686 Ἰδοὺ

2128 727 2162 796 ἡ
2196 724 2366 796 Τριὰς
2396 724 2718 796 ἀδιαίρετος.
2742 724 2853 778 Kal
2874 724 2983 778 πάλ
3002 742 3049 776 ιν
3082 726 3140 777 ἐν
3159 727 3224 795 τῇ
3263 724 3590 794 κοσμοποιίᾳ
3620 723 3709 775 δι-

2130 816 2265 889 ηγοῦ
2276 818 2474 888 μενοςὸ
2494 816 2670 887 μέγας
2694 815 2947 886 θεράπων
2987 815 3191 885 Μωσῆς
3211 831 3224 844 ·
3267 832 3285 865 ‹
3310 814 3397 866 Ἑν
3424 814 3565 884 ἀρχῇ
3583 811 3705 881 (64)

2129 910 2384 979 ἐποίησεν
2409 911 2438 962 6
2468 907 2600 970 Θεὸς
2626 906 2717 959 τὸν
2741 906 2968 978 οὐρανὸν
3006 907 3100 958 καὶ
3128 906 3227 977 τὴν
3275 903 3379 975 γῆν
3404 921 3418 933 ·
3462 906 3495 975 ή
3539 904 3599 956 δὲ
3628 904 3710 975 γῆ

2127 997 2195 1072 ἦν
2225 1001 2453 1072 ἀόρατος
2485 1000 2577 1053 κα)⁵
2605 996 3103 1061 ἀκατασκεύαστος,
3147 998 3242 1050 καὶ
3291 996 3478 1058 σκότος
3517 996 3711 1050 ἐπάνω

2127 1094 2229 1163 τῆς
2255 1093 2517 1158 ἀϐύσσου,
2540 1092 2632 1145 καὶ
2665 1091 2885 1160 Πνεῦμα
2906 1089 3040 1143 Θεοῦ
3069 1089 3365 1160 ἐπεφέρετο
3393 1089 3580 1141 ἐπάνω
3608 1088 3709 1142 τοῦ

2131 1183 2342 1247 ὓδατος.
2389 1203 2408 1235 ι
2458 1182 2689 1253 Ὁμοίως
2725 1182 2820 1235 καὶ
2853 1183 2881 1235 6
2917 1181 3092 1251 μέγας
3123 1180 3333 1243 Παῦλος
3370 1179 3482 1246 (65)
3512 1179 3661 1244 λέγει
3692 1195 3710 1206 δ

2135 1291 2154 1324 ι
2200 1272 2613 1337 Ἐξαπέστειλεν
2652 1272 2681 1323 6
2731 1270 2862 1334 Θεὸς
2906 1270 2966 1323 τὸ
3002 1268 3226 1339 Πνεῦμα
3258 1268 3350 1321 τοῦ
3375 1266 3507 1321 Υίοῦ
3534 1267 3710 1321 αὐτοῦ

2129 1364 2209 1425 εἰς
2239 1362 2339 1417 τὰς
2364 1362 2590 1433 καρδίας
2610 1360 2768 1431 ἡμῶν
2790 1360 2992 1432 κρᾶζον
3010 1376 3025 1390 ο
3055 1359 3244 1424 ’A66c‘i,
3273 1361 3302 1412 6
3326 1359 3569 1430 Πατήρ.»
3592 1359 3711 1412 Kal

2130 1452 2291 1516 αὐτὸς
2317 1454 2344 1506 6
2393 1452 2581 1523 Πατὴρ
2629 1452 2776 1520 λέγει
2811 1450 2898 1504 διά
2952 1451 3047 1504 τοῦ
3096 1451 3328 1522 μεγάλου
3384 1452 3667 1522 προφήτου
3688 1468 3705 1481 ο

2134 1562 2155 1595 ι
2208 1543 2411 1613 Ἐκχεῶ
2443 1544 2549 1596 ἀπὸ
2579 1543 2673 1596 τοῦ
2707 1541 3019 1614 Πνεύματός
3047 1560 3146 1613 μου
3178 1542 3271 1596 ἐπὶ
3302 1544 3479 1596 πᾶσαν
3500 1543 3708 1611 σάρκα,

2130 1636 2224 1688 καὶ
2255 1635 2707 1706 προφητεύσουσι.
2746 1653 2765 1687 ι
2806 1635 2918 1688 Καὶ
2967 1634 3135 1697 αὑτὸς
3179 1635 3208 1686 6
3255 1633 3479 1706 Κύριος,
3533 1631 3712 1686 ἐλθὼν

2133 1726 2303 1779 σῶσαι
2337 1727 2397 1779 τὸ
2427 1726 2583 1795 γένος
2607 1726 2763 1797 ἡμῶν
2789 1725 2897 1778 τῶν
2927 1724 3229 1796 ἀνθρώπων
3265 1724 3553 1795 αὐθεντικῇ
3588 1742 3711 1792 φω-

2130 1822 2194 1889 νῇ
2245 1815 2397 1871 εἷπεν
2430 1836 2444 1850 ο
2485 1839 2503 1870 ι
2545 1818 2686 1886 Ἐγὼ
2733 1819 2791 1869 ἐν
2836 1818 2912 1888 τῷ
2950 1818 3150 1889 Πατρὶ,
3182 1818 3277 1871 καὶ
3327 1817 3356 1868 6
3403 1817 3595 1888 Πατὴρ
3646 1818 3712 1869 ὲν

2128 1909 2285 1980 ἐμοί’
2330 1929 2350 1962 ι
2381 1909 2495 1972 καὶ,
2537 1930 2554 1961 ι
2606 1908 2899 1980 Ἐγώ·εἰμι
2934 1911 2968 1980 ἡ
3004 1909 3261 1981 ἁλήθειαο
3306 1927 3324 1961 ι
3368 1909 3482 1973 καὶ,
3518 1926 3536 1959 ι
3577 1906 3712 1960 Ἐὰν

2128 1998 2348 2052 ἀπέλθω
2389 1999 2526 2071 πρὸς
2568 1999 2658 2053 τὸν
2717 1999 2939 2072 Πατέρα
2997 2017 3119 2070 μου,
3167 2000 3267 2052 οὐκ
3310 1999 3505 2069 ἀφήσω
3558 1998 3713 2069 ὑμᾶς

2127 2091 2415 2159 ὀρφανοὺς,
2450 2091 2564 2144 ἀλλ’
2606 2090 2886 2144 ἀποστελῶ
2941 2091 3070 2161 ὑμῖν
3107 2092 3199 2145 τὸν
3240 2089 3596 2163 Παράκλητον
3645 2088 3712 2142 τὸ

452 2186 627 2240 rimus
660 2183 829 2239 Patri.
868 2182 1196 2254 Dispereant
1230 2185 1415 2254 itaque
1441 2192 1496 2238 et
1530 2184 1583 2237 hi
1617 2183 1867 2238 homines
1902 2198 2025 2237 cum

2132 2182 2355 2252 Πνεῦμα
2386 2183 2485 2252 τῆς
2510 2181 2781 2252 ἀληθείας.
2822 2200 2840 2232 ι
2891 2182 3021 2235 Ἰδοὺ
3050 2181 3111 2234 τὸ
3135 2180 3359 2252 Πνεῦμα
3383 2182 3439 2233 ὲν
3470 2183 3537 2251 τῇ
3567 2179 3709 2250 άλη-

451 2274 825 2329 Ariomanitis.

2134 2273 2271 2343 θείᾳ,
2303 2275 2335 2344 ὴ
2366 2273 2590 2344 ἀλήθεια
2614 2276 2670 2327 ὲν
2702 2274 2779 2346 τῷ
2810 2273 3007 2344 Πατρί.
3054 2273 3184 2327 Ἰδοὺ
3218 2274 3251 2343 ἡ
3276 2273 3445 2343 Τριάς
3472 2271 3713 2342 ἀδιαίρε-

447 2384 564 2431 τος,
591 2367 652 2421 τὸ
676 2366 967 2439 τρίπλοκον
1001 2367 1254 2437 σχοινίον,
1286 2368 1344 2420 ὲν
1381 2384 1425 2435 ῳ
1453 2365 1525 2419 τὰ
1554 2366 1845 2436 δράγματα
1915 2365 2234 2433 σφίγγοντες
2302 2367 2686 2439 προσφέρομεν
2757 2367 2835 2439 τῷ
2884 2365 3075 2437 Πατρί.
3124 2365 3234 2419 Kal
3266 2360 3409 2418 οῦτοι
3450 2360 3544 2417 οὖν
3608 2364 3711 2417 σὺν

447 2462 564 2523 τοῖς
595 2460 1023 2532 ’Ᾱρειομανίταις
1060 2459 1355 2515 ἀπώλοντο.

524 2573 578 2628 6.
605 2572 724 2629 Jam
764 2576 1050 2645 loquamur
1092 2574 1357 2630 adversus
1407 2575 1847 2629 infelicissimum
1880 2573 2025 2628 Pau-

453 2664 566 2718 lum
602 2664 759 2735 185
810 2663 1250 2720 Samosatensem
1278 2706 1292 2727 ,
1340 2667 1433 2735 qui
1470 2666 1566 2729 ait,
1620 2664 1911 2720 Dominum
1959 2681 2027 2720 ex

452 2773 562 2827 quo
609 2758 809 2827 prodiit
863 2774 931 2812 ex
985 2758 1192 2812 intacta
1239 2756 1493 2827 Virgine,
1547 2774 1614 2813 ex
1682 2773 1747 2813 eo
1785 2765 2030 2827 tempore

455 2848 623 2903 fuisse
654 2846 871 2904 Filium.
905 2849 1128 2913 Amens,
1157 2864 1267 2903 non
1302 2849 1700 2918 audistiipsum
1734 2847 2026 2902 Dominum

453 2938 722 2993 dicentem
773 2937 841 2992 ad
893 2937 1111 2993 Judaaos
1165 2957 1177 2992 :
1234 2956 1252 2990 ι
1304 2937 1467 2992 Pater
1525 2946 1707 2993 vester
1754 2938 2025 2992 Abraham

450 3029 744 3084 exstﬂtavit
772 3035 831 3082 ut
866 3028 1076 3083 videret
1111 3027 1253 3082 diem
1283 3043 1482 3092 meum,
1518 3034 1573 3081 et
1610 3027 1745 3081 vidit
1778 3027 2028 3097 gavisus-

2201 2568 2251 2623 6.
2268 2569 2420 2621 Εἴπω
2427 2587 2525 2639 μεν
2541 2570 2631 2622 καὶ
2649 2571 2782 2641 πρὸς
2793 2572 2883 2624 τὸν
2894 2571 3255 2642 ἀτυχέστατον
3270 2570 3711 2642 (66)Σαμοσατέα

2133 2660 2364 2723 Παῦλον,
2393 2662 2485 2713 τὸν
2527 2661 2770 2730 λέγοντα,
2797 2664 2876 2715 ὅτι
2924 2656 3101 2733 ἀφόῦ
3144 2663 3409 2734 προῆλθεν
3455 2665 3563 2718 ἀπὸ
3605 2666 3708 2737 τῆς

2130 2753 2506 2823 ἀπειρογάμου
2539 2755 2838 2824 Παρθένου,
2876 2755 2985 2809 ἀπὸ
3016 2756 3137 2808 τότε
3163 2755 3291 2817 Υἱὸς
3310 2756 3704 2826 ἐχρημάτισεν.

2133 2846 2358 2916 ΙἈφρον,
2393 2846 2492 2897 οὑκ
2537 2846 2774 2915 ἤκουσας
2830 2844 2994 2897 αὑτοῦ
3050 2842 3145 2897 τοῦ
3195 2845 3401 2916 Κυρίου
3453 2846 3710 2914 λέγοντος

2130 2938 2267 3007 πρὸς
2313 2938 2440 3000 τοὺς
2484 2937 2799 2999 Ἰουδαίους·
2835 2955 2854 2987 ι
2900 2938 2957 2990 'U
3014 2937 3195 3008 πατὴρ
3240 2937 3392 3007 ὑμῶν
3452 2938 3708 3010 ’Δϐραὰμ

2129 3028 2494 3099 ἠγαλλιάσατο
2532 3028 2657 3081 ἰδεῖν
2673 3029 2771 3099 τὴν
2805 3029 3016 3100 ἡμέραν
3038 3028 3135 3099 τὴν
3159 3028 3317 3098 ἐμὴν,
3349 3029 3441 3081 καὶ
3472 3025 3580 3082 εἶδε
3607 3032 3707 3084 καὶ

452 3137 560 3190 que
606 3128 731 3186 est;
804 3138 824 3173 ι
881 3119 1445 3190 respondentibusque
1498 3119 1730 3173 Domino
1786 3095 2026 3188 ingratis

2132 3095 2321 3191 ἐγάρη.
2358 3140 2375 3171 ι
2423 3122 2531 3173 Kal
2579 3119 2686 3172 τῶν
2728 3095 3052 3192 τάχα-ρίστων
3094 3095 3384 3172 λιουδαίων
3438 3118 3707 3188 λεγόντων

451 3211 657 3268 Judaais
692 3228 705 3264 :
748 3230 768 3262 ι
809 3211 1181 3283 Quadraginta
1226 3227 1402 3267 annos
1453 3211 1694 3266 nondum
1740 3210 1934 3277 habes,
1974 3220 2028 3265 et

454 3303 593 3359 dicis
625 3314 678 3359 te
705 3303 980 3358 Abraham
1020 3303 1262 3358 vidisse?
1297 3323 1315 3355 ι
1351 3303 1653 3373 Respondit
1680 3304 1789 3359 illis
1815 3311 1867 3357 et
1904 3305 1979 3357 ait
2012 3324 2024 3359 :

461 3414 480 3447 ι
515 3397 682 3450 Amen
712 3435 728 3459 ,
779 3410 934 3449 amen
988 3394 1113 3449 dico
1161 3395 1358 3460 vobis,
1411 3403 1702 3463 antequam
1750 3395 2027 3449 Abraham

456 3487 630 3551 ﬁeret,
650 3500 751 3556 ego
795 3501 916 3541 sum
957 3486 1024 3541 ’⁷.
1067 3505 1086 3536 ι
1123 3483 1180 3539 Si
1227 3495 1519 3555 antequam
1543 3484 1815 3539 Abraham
1850 3484 2023 3551 fieret,

455 3576 572 3646 ipse
601 3582 705 3638 est,
737 3591 843 3646 qua
884 3577 1092 3631 ratione
1123 3582 1179 3629 tu
1219 3576 1377 3639 dicis,
1416 3576 1567 3629 illum
1603 3582 1726 3646 post
1753 3576 2026 3631 carnalem

456 3682 617 3722 suum
650 3666 943 3721 adventum
976 3665 1172 3721 Filium
1222 3666 1424 3721 factum
1462 3667 1666 3723 fuisse?
1692 3668 1887 3722 Annon
1930 3682 2027 3721 au-

455 3758 584 3813 disti
636 3757 691 3812 in
739 3756 1116 3823 Parmmiaste,
1148 3758 1425 3828 quomodo
1475 3759 1591 3828 ipsa
1648 3756 1921 3828 Sapientia
1958 3761 2029 3814 lo-

455 3857 656 3920 quatur
690 3866 703 3901 :
734 3867 754 3901 ι
796 3848 906 3920 Ego
951 3865 1098 3905 eram
1131 3865 1238 3920 qua
1286 3851 1577 3920 gaudebat,
1608 3851 1849 3921 quotidie
1881 3852 2028 3906 laeta-

455 3942 555 3997 bar
575 3949 699 3995 ante
728 3940 917 3995 faciem
945 3941 1065 4011 ejus
1096 3943 1164 4004 ³⁸,
1195 3960 1212 3992 ι
1232 3958 1364 3996 cum
1400 3949 1657 3996 conderet
1689 3943 1875 3997 orbem
1931 3944 2027 3995 ad-

456 4045 611 4085 eram
630 4031 768 4102 ipsi?
785 4029 1131 4101 Rursumque
1153 4034 1229 4085 ait
1253 4048 1481 4102 magnus
1504 4034 1593 4087 ille
1609 4032 2023 4088 Partemiastes:

460 4140 481 4172 ι
518 4120 661 4177 Deus
694 4122 958 4193 sapientia
994 4122 1240 4177 fundavit
1272 4132 1473 4178 terram
1503 4125 1569 4177 ".
1613 4143 1631 4174 ι
1672 4122 1859 4178 Viden’
1879 4139 2023 4178 sem-

456 4228 553 4283 per
591 4213 743 4266 illum
786 4213 841 4266 in
892 4211 1054 4267 Patre
1099 4214 1261 4268 esse?
1305 4213 1366 4266 Et
1411 4229 1642 4283 magnus
1690 4214 2022 4284 Apostolus:

461 4320 480 4353 ‹
514 4301 767 4357 Christus
797 4302 889 4356 Dei
925 4303 1098 4357 virtus
1129 4313 1182 4357 et
1212 4300 1304 4356 Dei
1336 4303 1604 4372 sapientia
1637 4304 1703 4358 ³ο.
1744 4322 1760 4354 ι
1790 4302 1927 4369 Quid
1959 4305 2023 4359 ad

2132 3213 2267 3283 πρὸς
2291 3212 2454 3265 αὐτὸν
2486 3212 2578 3265 τὸν
2620 3211 2845 3283 Κύριον,
2886 3231 2904 3261 ι
2955 3210 3121 3265 Οὔπω
3153 3212 3563 3284 τεσσαράκοντα
3606 3212 3705 3284 ἐτη

2130 3301 2293 3372 ἔχεις,
2331 3303 2424 3355 καὶ
2456 3301 2636 3371 λέγεις
2688 3302 2988 3373 ἑωρακέναι
3030 3302 3121 3355 τὸν
3161 3302 3449 3374 Ἀϐραάμ;
3486 3323 3505 3355 ι
3537 3305 3705 3357 ’Δπεο

2129 3395 2293 3465 κρίθη
2329 3394 2465 3466 πρὸς
2486 3395 2681 3457 αὐτοὺς
2716 3395 2809 3447 καὶ
2853 3393 3066 3462 ἔλεγεν·
3106 3412 3123 3444 ι
3148 3392 3338 3464 Ἀμὴν,
3377 3394 3523 3465 ἀμὴν
3555 3395 3707 3463 λέγω

2129 3486 2276 3555 ὑμῖν,
2317 3488 2446 3556 πρὶν
2487 3484 2736 3556 Ἀϐραὰμ
2773 3484 3043 3552 γενέσθαι,
3071 3483 3181 3553 ἐγώ
3214 3486 3348 3555 εἰμι.
3387 3503 3406 3535 ι
3443 3486 3529 3549 Εἰ,
3569 3486 3706 3558 πρὶν

2140 3576 2389 3646 Ἀϐραὰμ
2411 3575 2680 3645 γενέσθαι,
2706 3576 2867 3639 αὑτός
2892 3578 3030 3639 ἐστι,
3072 3575 3188 3640 πῶς
3214 3575 3411 3645 λέγεις,
3443 3575 3526 3628 ὅτι
3559 3577 3704 3647 μετά

2127 3667 2224 3739 τὴν
2257 3667 2518 3738 ἕνσαρκον
2560 3666 2722 3721 αὐτοῦ
2765 3668 3067 3739 παρουσίαν
3117 3668 3243 3732 Υἱὸς
3294 3668 3702 3739 ἑχρημάτισενς

2129 3761 2243 3813 Οὐκ
2268 3761 2505 3830 ἤκουσας
2540 3762 2596 3812 ὲν
2619 3759 2699 3830 τῷ
2723 3760 3120 3831 Παροιμιαστῇ,
3158 3761 3295 3831 αὑτὴ
3318 3762 3351 3831 ἡ
3380 3761 3549 3829 Σοφία
3583 3760 3707 3824 πῶς

2128 3850 2340 3919 ἔλεγεν·
2373 3872 2391 3903 ι
2441 3851 2580 3919 Ἐγὼ
2613 3853 2757 3923 ήμην
2800 3852 2936 3920 (67),
3052 3853 3380 3924 προσέχαιρε
3403 3869 3417 3883 ⁸
3454 3851 3708 3923 καθημέ-

2132 3960 2229 4014 ραν
2254 3944 2625 4013 εὐφραινόμην
2662 3945 2717 3995 ὲν
2751 3942 3028 4014 προσώπῳ
3057 3943 3242 4008 αὐτοῦ,
3279 3962 3297 3994 ι
3334 3945 3423 3997 ὅτε
3470 3945 3707 4014 ἐποίησε

2127 4033 2225 4104 τὴν
2250 4035 2594 4104 οἰκουμένην,
2627 4035 2999 4105 συμπαρήμην
3032 4034 3212 4105 atina};
3250 4035 3361 4088 Kal
3405 4033 3567 4088 πάλιν
3613 4034 3707 4087 λέ-

2126 4141 2212 4191 γει
2240 4126 2268 4176 6
2309 4123 2482 4195 μέγας
2506 4126 2917 4196 Παροιμιαστής
2943 4123 3073 4194 (68)·
3116 4144 3135 4176 ι
3178 4125 3234 4178 '0
3270 4125 3401 4189 Θεὸς
3428 4130 3495 4197 τῇ
3535 4127 3706 4197 σοςρίεε⁵

2128 4214 2457 4284 ὲθεμελίωσε
2481 4213 2578 4284 τὴν
2599 4216 2721 4285 γῆν.
2758 4233 2776 4265 ι
2816 4215 2944 4267 Ἰδοὺ
2975 4214 3062 4267 ἀεί
3098 4217 3243 4269 ἐστιν
3276 4216 3333 4270 ὲν
3363 4216 3441 4287 τῷ
3479 4216 3659 4289 Πατρί
3684 4233 3700 4248 ⁸

2127 4308 2222 4358 καὶ
2250 4306 2278 4356 6
2307 4304 2479 4375 μέγας
2506 4304 2822 4368 Ἀπόστολος
2845 4321 2860 4334 ’
2893 4324 2911 4356 ι
2939 4306 3171 4377 Χριστὸς
3196 4306 3330 4359 Θεοῦ
3351 4306 3575 4378 δύναμις
3603 4308 3706 4363 καὶ

459 4392 574 4446 haec
622 4393 914 4461 respondet
958 4393 1184 4448 insanus
1239 4393 1674 4449 Samosatensis?
1721 4392 1840 4463 lpse
1882 4410 2023 4463 quo-

2132 4394 2260 4448 Θεοῦ
2296 4395 2475 4464 σοφία.
2516 4415 2542 4485 Ξ
2561 4396 2625 4447 Τί
2654 4396 2790 4466 πρὸς
2816 4396 2987 4449 ταῦτα
3015 4396 3162 4465 λέγει
3198 4399 3225 4450 6
3260 4398 3484 4469 ἀνόητος
3518 4399 3704 4470 Σαμο-

454 4474 564 4553 que
617 4483 861 4537 divinum
906 4484 1008 4539 hoc
1052 4501 1262 4539 merum
1313 4486 1368 4540 in
1407 4501 1601 4554 aquam
1660 4494 2017 4552 convertens,

455 4589 580 4627 cum
609 4574 857 4638 bibisset,
889 4590 1026 4646 aqua
1055 4578 1324 4632 intercute
1352 4577 1625 4633 distentus
1657 4593 1779 4633 cum
1802 4577 2020 4634 Arianis

455 4663 681 4719 interiit.

2130 4486 2344 4549 σατεὺς,
2370 4485 2461 4538 καὶ
2486 4477 2660 4548 οὗτος,
2698 4484 3039 4556 ὲξυδαρώσας
3066 4487 3159 4540 τὸν
3212 4486 3351 4540 θεῖον
3399 4486 3594 4543 τοῦτον
3623 4485 3706 4541 οἴ-

2126 4595 2237 4637 νον,
2261 4576 2354 4630 καὶ
2376 4574 2534 4639 πιὼν,
2587 4578 2682 4630 καὶ
2730 4577 3130 4647 τυμπανωθεὶς,
3180 4577 3426 4631 ἀπώλετο
3461 4581 3560 4633 σὺν
3586 4580 3704 4644 1:02.:

2142 4669 2200 4720 ’A
2209 4667 2594 4739 ρειομανὶταις.

525 4821 568 4853 ’ί
608 4819 755 4876 Psal.
790 4836 973 4884 χχχιι,
1008 4820 1062 4877 6.
1137 4824 1182 4853 ²⁹
1219 4821 1415 4877 Cenes.
1454 4839 1493 4882 ι,
1530 4824 1582 4884 1,
1607 4823 1663 4877 2.
1739 4823 1784 4853 ’³
1822 4820 1996 4875 Galat.

2144 4820 2197 4875 6.
2272 4820 2317 4851 “
2355 4818 2470 4874 Jocl
2506 4835 2574 4884 ιι,
2607 4818 2699 4874 28.
2773 4820 2819 4852 ³⁵
2855 4818 3017 4874 Joan.
3057 4835 3165 4886 xlv,
3207 4819 3295 4885 l0,
3323 4820 3377 4874 6.
3452 4820 3500 4852 ’⁸
3532 4818 3700 4876 Joan.

455 4907 569 4958 xvi,
607 4890 673 4959 7;
711 4906 801 4946 xw
836 4890 940 4956 18;
981 4908 1068 4955 xv,
1103 4890 1194 4946 26.
1269 4893 1311 4923 "
1350 4890 1508 4946 Joan.
1545 4909 1675 4956 vm,
1711 4892 1898 4946 56-58.

520 5093 881 5169 (66)_Gohler.
916 5103 970 5150 et
997 5094 1227 5169 _Felc.__i.
1248 5097 1364 5169 Καὶ
1384 5099 1439 5150 ὲν
1462 5101 1527 5169 τῇ
1555 5098 1885 5169 κοσμογονίᾳ
1904 5100 2025 5152 Mte-

456 5164 585 5234 σῆςο
616 5164 720 5217 Ἕν
992 5165 1118 5233 Seg.
1158 5166 1381 5246 ibidem,
1418 5164 1621 5239 Μωσῆς
1652 5164 1819 5236 λέγει.

526 5234 637 5287 (65)
670 5236 775 5287 Του
844 5236 1001 5287 δατος
1042 5238 1135 5287 καὶ
1184 5237 1414 5287 Παυλοε.
1451 5237 1669 5287 Gobler.
1699 5246 1752 5287 et
1791 5238 1819 5287 Ε

526 5234 637 5304 (65)
670 5234 775 5288 Τοῦ
798 5234 1001 5300 ὓδατος
1042 5238 1135 5290 καὶ
1184 5236 1414 5299 Παῦλος.
1451 5234 1669 5293 ϐοιιιεν.
1699 5234 1752 5291 et
1791 5237 1937 5292 Felc.
1974 5239 2024 5293 1.

459 5302 789 5387 plurimos},
811 5306 992 5387 iidem,
1032 5308 1089 5387 ὲγ
1120 5307 1522 5387 ταῖςήκαρδίαις-
1543 5306 1790 5387 ήμῷν....
1824 5309 2026 5387 πατὴρ.

460 5374 566 5426 Καὶ
605 5373 758 5450 ξΙωὴλ
810 5377 883 5450 ἐκ.
904 5375 1195 5450 προσώπου
1245 5373 1377 5450 Θεοῦ
1403 5394 1430 5450 '_
1468 5373 1739 5450 'Exieib...
1766 5379 1858 5431 καὶ
1898 5373 2031 5450 πρὸ·

461 5441 806 5516 φητερλσουσι.
842 5441 962 5516 Kal
979 5447 1007 5498 6
1035 5446 1236 5516 Κύριος
1255 5462 1269 5476 ο
1314 5445 1452 5514 Ἐγὼ
1478 5448 1535 5500 ὲν
1557 5441 1607 5501 τ’.

530 5511 642 5595 (liti)
685 5513 1076 5595 Ἀτυχέστατον
1125 5511 1295 5595 'd_cest_
1338 5511 1407 5595 in,
1440 5517 1757 5595 (lobler_._et
1792 5515 2031 5595 Felcnl,

464 5578 786 5657 Paulo_post
816 5578 873 5637 in
903 5584 1118 5657 iisdem.
1150 5586 1233 5638 ὅτι
1263 5584 1436 5640 deest.
1470 5586 1589 5640 Mox
1614 5586 1798 5648 iidem,
1824 5587 2035 5657 Παρθέ-

465 5665 571 5727 ίου,
613 5651 840 5727 Ἕκτοτε
880 5656 1292 5727 χρηματίσαντα
1336 5657 1427 5711 τὸν
1477 5657 1613 5710 υἱόν.
1660 5651 2035 5727 ¹έιθιφρον,ὀῦκ

466 5718 699 5791 ἠκουσας
746 5723 839 5777 τοῦ

1976 4892 2021 4923 ’⁸
2063 4892 2222 4945 Prov.
2259 4906 2393 4956 vnn,
2430 4891 2519 4947 30.

2621 4891 2667 4922 ⁸⁸
2708 4887 2869 4943 Prov.
2906 4906 3000 4956 ttt,
3040 4890 3125 4944 19.
3212 4890 3257 4921 ³⁸
3296 4889 3473 4945 lCor.
3512 4904 3571 4956 ι,
3604 4892 3700 4945 9-4.

2138 5096 2388 5167 Ἀϐραὰμ
2408 5095 2671 5167 ἠγαλλ....
2702 5094 2795 5167 καὶ
2827 5094 2950 5167 ἰδὼν
2980 5095 3171 5167 ἐχάρη.
3196 5094 3317 5167 Τῶν
3337 5095 3393 5167 δὲ
3426 5094 3702 5167 Ἰουδαίων

2126 5165 2384 5220 εἰπόντων
2403 5182 2416 5195 ·
2435 5165 2607 5219 Οῦπω
2631 5172 2683 5236 μέ
2708 5165 2801 5235 ἐτη
2830 5165 2983 5236 ἔχη..
3027 5165 3305 5236 ’Δϐραάμ;
3359 5166 3417 5218 '0
3443 5165 3502 5217 δέ
3526 5182 3658 5235 φησι
3680 5182 3696 5195 °

2127 5239 2264 5308 Πρὶν
2309 5236 2559 5307 Ἀϐραὰμ
2587 5233 2698 5305 ἐγώ
2723 5233 2859 5358 εἰμι.

2201 5307 2308 5358 (6⁵7)
2341 5306 2651 5358 Goblerian.
2687 5314 2741 5358 et
2816 5306 2859 5358 el

2201 5302 2651 5377 (b7)rGo'b_lerian.
2687 5314 2741 5360 et
2774 5302 2918 5359 Felc.
2970 5304 3021 5377 1,
3050 5302 3352 5377 παρουσίαν
3390 5303 3701 5377 ἐχρημάτι-

2129 5371 2219 5428 σεέ
2252 5371 2346 5429 καὶ
2375 5375 2535 5429 πάλιν
2594 5376 2622 5427 6
2664 5373 3070 5447 Παροιμιαστὴς
3111 5371 3168 5427 ἔν
3209 5377 3273 5445 τῇ
3312 5371 3700 5444 ΣοφίᾲπἙγὼ

2249 5464 2297 5498 ν.

2128 5447 2313 5583 mils)
2346 5513 2491 5576 Haec,
2512 5512 2659 5584 λέγει
2689 5516 2717 5566 6
2743 5515 2911 5584 μέγας
2938 5514 3368 5584 Παροιμιαστής,
3399 5512 3603 5584 desunt
3636 5512 3699 5584 in

2130 5580 2347 5639 Goble’r.
2400 5592 2453 5637 et
2490 5580 2633 5639 Felc.
2671 5580 2928 5653 LPa‘ulo
2965 5580 3267 5653 post,'Seg.
3306 5580 3361 5636 et
3398 5580 3564 5653 Ba_sil.
3598 5580 3699 5653 καὶ

2131 5654 2293 5707 πάλιν
2338 5653 2485 5721 λέγει
2522 5655 2567 5723 6
2593 5653 2762 5723 μέγας
2801 5648 3138 5716 Ἀπόσῖτολος.
3177 5648 3337 5709 (ἶὸὺΙ.
3360 5658 3415 5707 et
3452 5648 3695 5717 Felc."l,

942 5722 1094 5794 υρίου
1127 5724 1375 5793 λέγοντος
1425 5729 1536 5789 τοῖς
1590 5722 1857 5798 μαθηταῖς
1875 5722 1895 5756 ’ί
1924 5727 2034 5781 Καὶ
2134 5726 2227 5779 καὶ
2264 5726 2293 5778 6
2334 5722 2668 5786 ’Δπόστολος.
