3860 6200
156 269 263 328 543

1161 263 1393 321 SERMO
1429 262 1710 321 CONTRA
1749 262 1984 320 OMNES
2024 261 2389 320 HERESES.

3327 265 3437 322 5M

231 381 284 435 7.
331 377 592 450 Εἷπωμεν
622 378 717 432 καὶ
767 376 904 450 πρὸς
942 376 1070 439 τοὺς
1124 378 1521 442 ἀσεϐεστάτους
1573 381 1731 433 Mam-

1921 376 1973 433 7.
1997 377 2117 434 Jam
2143 380 2306 434 verba
2331 378 2599 433 faciamus
2624 377 2891 435 adversus
2926 376 3286 450 impiissimos
3314 379 3439 433 Ma-

156 475 371 545 χαίους,
412 473 540 535 τοὺς
577 473 833 543 τρυγιοὺς
872 471 981 525 τῶν
1025 471 1229 525 κακῶν.
1279 468 1350 526 Ὦ
1392 473 1746 527 ἀσεϐέστατοι

157 567 475 634 Μανιχαϊοι,
503 563 688 632 λέγετε
722 561 816 616 δύο
859 562 1186 625 ὑποστάσεις
1236 559 1398 629 εἶναι,
1440 564 1647 634 ἀγαθοῦ
1685 581 1745 620 τε

156 658 251 710 καὶ
290 655 565 727 πονηροῦ;
612 655 723 708 Καὶ
770 655 949 724 λέγεις
975 655 1066 709 τὸν
1098 656 1334 728 πονηρὸν
1368 655 1477 726 (69)
1523 656 1746 710 Θέλοντα

160 746 435 817 μάχεσθαι
468 744 546 815 τῷ
576 737 793 816 ἀγαθῷ,
824 745 911 798 ἵνα
937 744 1076 817 λάϐῃ
1113 747 1278 817 μέρος
1308 763 1396 799 τι·
1428 748 1522 800 καὶ
1551 749 1580 799 ό
1604 749 1745 816 ἀγα-

161 840 269 901 θὸς,
307 838 495 908 φησὶν,
538 838 739 907 ἀγαθὸς
769 837 845 891 ὢν
884 840 978 892 καὶ
1022 839 1097 911 μὴ
1131 824 1300 893 θέλων
1332 839 1621 910 μάχεσθαι,
1656 840 1744 893 δέ-

155 931 295 982 δωκε
328 932 737 1000 παραχωρήσας
772 931 935 1004 μέρος
957 948 1008 984 τι
1039 931 1118 1002 τῷ
1145 932 1386 1003 πονηρῷ,
1432 933 1526 986 καὶ
1551 933 1743 1001 γέγονε

154 1020 232 1091 τῷ
277 1021 505 1092 πονηρῷ
538 1021 596 1073 ἒν
635 1023 804 1092 ἥμισυ
856 1023 1039 1093 μέρος,
1092 1025 1185 1077 καὶ
1232 1024 1308 1094 τῷ
1339 1023 1530 1095 ἀγαθῷ
1568 1027 1742 1096 ἥμισυ

159 1115 346 1185 μέρος.
398 1115 507 1165 Καὶ
560 1113 957 1185 μεταμεληϐὲν,
1010 1117 1202 1185 φησὶν,
1247 1113 1379 1187 ἦλθε
1431 1118 1492 1171 τὺ
1538 1118 1742 1186 ἀγαθὸν

158 1204 685 1275 παρασκευάσασθαι
718 1207 797 1269 εις
827 1206 1082 1277 πόλεμον,
1106 1208 1199 1260 καὶ
1232 1210 1596 1279 ἐσχημάτισεν
1623 1210 1743 1263 ἐαυ-

155 1297 245 1350 τὸν
277 1300 336 1349 ἐν
361 1296 438 1367 τῷ
458 1297 551 1349 τοῦ
586 1295 821 1368 πονηροῦ
853 1299 1108 1368 σχήματι.
1149 1299 1287 1352 Ἀλλ’
1304 1301 1436 1371 (70),
1474 1295 1518 1353 ὦ
1552 1301 1741 1354 ἀσεϐέ-

157 1404 317 1441 στατε
343 1390 632 1459 Μανιχαῖε,
662 1390 749 1441 ὅτε
779 1388 1069 1460 ὁλόκληρον
1107 1386 1174 1463 ἧν
1200 1392 1259 1444 τὸ
1288 1393 1509 1460 ἀγαθὸν,
1538 1393 1737 1461 λέγεις,

156 1482 268 1534 οὒκ
310 1480 548 1553 ἠθέλησε
581 1481 871 1552 μάχεσθαι,
917 1484 1011 1535 καὶ
1049 1484 1139 1536 ὅτε
1173 1485 1346 1554 ἥμισυ
1389 1484 1631 1553 γέγονεν,
1665 1485 1740 1546 ὡς

154 1572 358 1641 λέγεις,
395 1576 475 1638 εἰς
510 1573 743 1644 πόλεμον
774 1570 927 1646 ἦλθε.
970 1574 1069 1629 Διά
1100 1576 1259 1629 τοῦτο
1290 1576 1436 1645 λέγει
1477 1579 1505 1629 ὁ
1550 1577 1739 1631 ἀσεϐέ-

160 1681 354 1728 στατος
384 1666 706 1737 Μανιχαῖος,
751 1670 831 1723 ὅτι
864 1687 882 1720 ι
914 1665 1117 1721 *Ηλθον
1149 1667 1381 1739 ζητῆσαι
1421 1668 1480 1722 τὸ
1521 1671 1736 1722 ἀπολω-

1851 473 2092 528 ιιίοιιίεοε
2130 474 2402 527 malorum
2459 472 2644 527 fmces.
2680 470 2725 526 Ο
2755 472 3066 542 impiissimi
3121 471 3433 538 Manichzei,

1849 564 2036 618 dicitis
2059 563 2199 620 duas
2231 580 2354 618 esse
2382 564 2753 626 substantias,
2783 564 2912 618 boni
2947 564 3158 620 scilicet
3189 574 3243 620 et
3268 563 3438 619 mali?

1850 655 2064 719 Dicitis,
2085 657 2333 726 inquam,
2368 657 2572 710 malum
2613 671 2856 727 pugnare
2889 657 3133 712 voluisse
3163 671 3289 711 cum
3334 658 3434 712 bo-

1846 762 1940 809 no,
1962 756 2022 801 ut
2043 756 2249 818 partem
2285 749 2578 817 quamdam
2614 749 2718 804 sibi
2742 757 2983 803 sumeret
3014 766 3026 802 :
3054 748 3257 803 bonum
3280 766 3429 815 vero,

1846 854 1971 893 cum
2006 848 2195 908 utpote
2235 840 2463 904 bonum,
2505 856 2751 911 pugnare
2782 842 2975 903 nollet,
3010 849 3215 910 partem
3237 856 3433 911 quain-

1846 929 1970 982 dam
2021 930 2164 984 malo
2213 939 2410 1000 sponte
2461 933 2731 998 cessisse;
2762 932 2834 985 ita
2865 940 2923 985 ut
2955 946 3083 1000 pars
3127 946 3236 985 una
3285 932 3433 985 malo

1845 1037 1970 1075 cum
1996 1022 2225 1078 dimidio
2286 1024 2530 1091 cederet,
2564 1025 2852 1079 dimidium
2889 1032 3103 1078 tantum
3142 1025 3315 1093 partis
3346 1026 3430 1078 al-

1847 1114 2019 1168 terius
2075 1113 2222 1167 bono
2267 1116 2572 1169 obveniret.
2634 1114 2772 1168 Tum
2830 1115 3156 1186 pmnitentia
3201 1115 3429 1170 (luctum

1843 1207 2045 1261 bonum
2076 1223 2196 1262 sese
2223 1209 2288 1261 ad
2337 1209 2539 1262 bellum
2584 1208 2937 1271 instruxisse,
2957 1221 3119 1277 atque
3141 1208 3268 1261 mali
3304 1223 3433 1278 spe-

1843 1301 1979 1353 ciem
2008 1299 2276 1355 induisse.
2305 1298 2530 1363 Verum,
2551 1315 2584 1353 o
2612 1300 2934 1370 impiissime
2963 1299 3427 1366 Manichaee,cum

1841 1393 2114 1461 integrum
2154 1400 2303 1447 esset
2360 1392 2586 1451 bonum.
2613 1392 2696 1447 ais
2752 1392 2997 1447 noluisse
3025 1407 3303 1463 pugnare;
3331 1392 3433 1446 ubi

1842 1497 1972 1536 vero
2002 1481 2067 1535 ad
2105 1482 2388 1536 dimidiam
2416 1492 2649 1552 partem,
2687 1488 2746 1535 ut
2774 1483 2877 1545 ais,
2904 1482 3186 1536 redactum
3214 1489 3321 1547 est,
3357 1480 3432 1536 ad

1839 1572 2040 1626 bellum
2068 1575 2359 1641 processit.
2389 1573 2466 1628 Eo
2496 1581 2727 1642 spectat,
2760 1574 2836 1626 ait
2866 1572 3227 1643 impiissimus
3253 1572 3437 1628 Mani-

1840 1664 2050 1728 chaeus,
2075 1665 2210 1718 illud
2247 1682 2271 1718 ε’
2297 1683 2315 1715 ι
2351 1663 2488 1720 Veni
2520 1679 2766 1734 quaerere
2795 1664 2939 1734 quod
2967 1663 3202 1733 perierat
3235 1664 3299 1719 ".
3334 1684 3352 1716 ι
3379 1664 3424 1719 0

152 1754 261 1819 λός.
303 1774 325 1807 ›
399 1757 465 1809 '0
502 1757 701 1830 πολλῆς
745 1760 1090 1831 ἀφροσύνηςῑ
1126 1760 1234 1813 Ποῦ
1276 1756 1369 1813 οὖν
1407 1760 1486 1811 ἔτι
1533 1759 1731 1828 ἀγαθοῦ

1842 1757 2118 1826 ingentem
2165 1757 2489 1812 stultitiam!
2528 1756 2881 1827 Ecquodnam
2929 1757 3044 1826 jam
3097 1756 3228 1810 boni
3278 1756 3425 1811 indi-

152 1849 477 1921 γνῶρισμα;
532 1851 780 1905 Μάλιστα
824 1852 905 1905 ὅτι
959 1852 1052 1906 καὶ
1110 1850 1205 1903 τοῦ
1260 1850 1497 1923 πονηροῦ
1551 1852 1735 1922 σχῆμα

152 1942 382 1996 ἀνέλαϐε
420 1943 561 1998 κατά
596 1945 707 2015 (71)
746 1945 825 1999 σέ.
857 1946 1070 2015 ’Ὠσπερ
1104 1944 1479 1997 οἰκοδεσπότου
1504 1948 1735 2013 γυναῖκα

153 2033 247 2086 ἐὰν
275 2033 571 2107 ζωγράφος
593 2037 777 2109 γράψῃ
802 2039 859 2091 ὲν
884 2037 1053 2091 εἰκόνι
1086 2038 1425 2110 παραχρῆμα
1460 2037 1731 2109 ἀσέμνως,

154 2124 245 2175 καὶ
270 2121 680 2196 παρερχόμενος
699 2128 728 2180 ὁ
757 2124 1141 2196 οἰκοδεσπότης
1165 2128 1248 2199 ἴδῃ
1275 2127 1371 2198 τὴν
1400 2128 1535 2181 ἰδίαν
1559 2145 1734 2197 γαμε-

150 2219 251 2290 τὴν
284 2222 441 2292 παρὰ
479 2221 664 2293 σχῆμα
706 2218 890 2285 οὖσαν,
925 2222 1048 2286 οὐκ,
1082 2223 1356 2293 ὀργισθεὶς
1388 2223 1483 2276 καὶ
1523 2222 1734 2293 πλήρης

151 2309 324 2381 θυμοῦ
369 2315 652 2384 γινόμενος
700 2313 810 2384 (72)
853 2314 1136 2385 ἀναιρήσει
1181 2315 1273 2367 τὸν
1325 2314 1480 2367 τοῦτο
1533 2313 1735 2385 τολμη-

150 2420 319 2457 σαντα
369 2405 635 2475 ποιῆσαι;
671 2406 831 2475 Πόσῳ
873 2405 1072 2476 μᾶλλον
1106 2406 1195 2459 τὸν
1236 2406 1485 2475 λέγοντα,
1527 2406 1607 2458 ὃτι
1637 2404 1731 2457 τοῦ

148 2494 390 2566 πονηροῦ
426 2496 612 2567 σχῆμα
668 2496 965 2562 ἀνέλαϐεν;
1028 2497 1394 2568 Ἰσχυρότερόν
1442 2498 1557 2550 ἐστι
1621 2496 1732 2550 τοί-

145 2603 262 2651 νυν,
300 2582 363 2641 οὗ
421 2589 770 2659 ἀπεχρήσατο
819 2589 881 2642 τὸ
930 2589 1134 2660 σχῆμα.
1173 2589 1359 2643 Ταῦτα
1408 2589 1516 2642 τῶν
1560 2590 1732 2662 ἀφρό-

152 2695 254 2732 ιιων
305 2680 405 2733 καὶ
480 2679 697 2734 ἀσεϐῶν
759 2680 829 2733 τά
879 2681 1225 2753 τολμήματα.
1282 2677 1353 2734 Ὦ
1402 2682 1732 2735 ἀσεϐέστατε

143 2772 338 2844 τρυγιὲ
386 2772 496 2826 τῶν
528 2773 712 2827 κακῶν
743 2775 1015 2845 Μανιχαῖε
1064 2775 1199 2845 (75),
1235 2775 1335 2828 ούκ
1374 2776 1613 2846 ἤκουσας
1637 2776 1731 2829 τοῦ

146 2865 432 2919 Ματθαίου
460 2865 711 2934 λέγοντος
756 2868 883 2939 περὶ
914 2868 1013 2938 τῆς
1041 2866 1506 2938 ὲνανθρωπήσεως
1529 2885 1543 2897 ·
1589 2886 1608 2918 ι
1645 2868 1734 2920 Βί-

146 2954 274 3017 ϐλος
332 2955 598 3022 γενέσεως
658 2955 831 3026 Ἰησοῦ
888 2955 1127 3026 Χριστοῦ
1180 2955 1306 3008 υἱοῦ
1362 2956 1545 3016 Δαϐὶδ,
1614 2955 1728 3009 υἱοῦ

157 3045 447 3118 ’Δϐραάμ;
485 3065 504 3097 ι
542 3046 680 3099 Ἀλλ’
704 3049 837 3118 ὲρεῖ,
864 3048 946 3100 ὅτι
979 3048 1053 3101 Οὐ
1085 3047 1310 3118 δέχομαι
1341 3048 1439 3119 τὴν
1465 3046 1726 3101 Παλαιάν.

1842 1850 2027 1903 cium?
2068 1864 2193 1903 cum
2236 1851 2471 1904 maxime
2500 1860 2554 1904 tu
2591 1850 2766 1914 dicas,
2819 1848 3000 1919 ipsum
3029 1850 3434 1906 maliinduisse-

1837 1941 2098 2012 speciem.
2142 1940 2213 1995 Ut
2236 1942 2283 1996 si
2316 1942 2490 2011 pictor
2526 1942 2802 2012 quispiam
2839 1941 3256 2011 patrisfamilias
3286 1957 3424 1996 uxo-

1834 2049 1951 2088 rem
1999 2031 2325 2088 festinanter
2379 2034 2767 2100 indecentique
2816 2034 2992 2086 forma
3037 2034 3298 2104 depingat
3360 2035 3425 2088 in

1836 2124 2097 2195 imagine,
2138 2132 2254 2179 tum
2287 2125 2687 2196 paterlamilias
2711 2124 3114 2195 prmtereuudo,
3140 2125 3427 2181 indecenti

1835 2215 2012 2271 forma
2032 2233 2257 2272 uxorem
2293 2220 2493 2282 videat,
2521 2234 2705 2271 nonne
2725 2218 2806 2272 ira
2833 2218 3128 2287 furoreque
3151 2218 3419 2289 percitus,

1834 2308 2099 2377 pictorem
2124 2309 2216 2379 qui
2250 2309 2353 2365 hoc
2376 2325 2547 2365 ausus
2572 2310 2673 2363 fuit
2697 2308 2765 2362 de
2797 2310 2976 2387 medio
2998 2309 3431 2375 tollet?Quanto-

1833 2402 2008 2471 magis
2040 2418 2163 2454 eum
2195 2402 2289 2471 qui
2345 2402 2419 2454 ait
2463 2402 2688 2464 bonum,
2724 2400 2855 2476 ntali
2909 2400 3147 2470 speciem
3204 2416 3420 2456 assum-

1834 2491 2051 2559 psisse?
2082 2490 2136 2545 Id
2176 2491 2342 2561 igitur
2385 2490 2546 2559 cujus
2596 2491 2778 2561 specie
2814 2492 2939 2561 quis
2987 2491 3180 2555 utitur,
3231 2499 3426 2546 utente

1832 2590 1918 2637 est
1948 2582 2320 2652 praestantius.
2356 2579 2421 2635 Hi
2453 2582 2747 2636 stultorum
2795 2582 3202 2653 inipiorumque
3239 2580 3420 2635 homi-

1834 2690 1966 2728 num
2002 2686 2130 2731 sunt
2160 2692 2351 2731 ausus.
2386 2674 2430 2731 Ο
2470 2677 2800 2746 impiissime
2826 2687 2880 2732 et
2931 2678 3200 2730 malorum
3234 2675 3416 2740 faeces,

1835 2766 2152 2831 Manichaee,
2211 2784 2398 2822 annon
2448 2770 2647 2824 audisti
2694 2767 3008 2825 Matthaeum
3050 2769 3117 2824 de
3160 2770 3421 2824 incarna-

1833 2859 1982 2913 tione
2013 2860 2283 2915 dicentem
2321 2879 2335 2916 :
2376 2879 2395 2912 ι
2434 2860 2595 2915 Liber
2626 2862 2998 2933 generationis
3031 2860 3161 2917 Jesu
3213 2862 3417 2917 Christi

1833 2953 1929 3006 ﬁlii
1966 2952 2154 3016 David,
2182 2954 2281 3007 ﬁiii
2334 2953 2610 3008 Abraham
2633 2954 2697 3009 ³⁸.
2728 2973 2746 3005 ›
2780 2954 2849 3006 At
2908 2952 3204 3023 respondet
3235 2972 3247 3007 :
3294 2950 3414 3005 Non

1833 3044 2068 3100 admitto
2103 3043 2274 3101 Vetus
2325 3044 2761 3100 Testamentum.
2805 3043 3086 3114 Reponam
3123 3058 3267 3112 ego:
3310 3041 3415 3095 Ec-

146 3138 255 3190 Καὶ
294 3138 408 3206 ἐγὼ
446 3136 556 3209 ἐρῶ
582 3138 719 3209 πρὸς
750 3139 944 3192 αὐτόν’
983 3139 1083 3194 Διά
1119 3140 1172 3192 τί
1219 3141 1279 3192 ού
1310 3139 1437 3211 δέχῃ
1478 3141 1577 3210 τὴν
1610 3141 1726 3194 Πα-

1835 3138 1961 3206 quid
1993 3146 2076 3192 est
2111 3138 2256 3207 quod
2309 3152 2419 3191 non
2455 3137 2702 3192 admittis
2736 3136 2908 3191 Vetus
2960 3134 3369 3190 Testamentum
3393 3133 3419 3187 ἲ

144 3227 334 3293 λαιάν;
368 3228 482 3281 Ούκ
507 3229 746 3300 ἡκούσας
770 3227 937 3282 αὑτοῦ
972 3228 1067 3282 τοῦ
1105 3229 1311 3300 Κυρίου
1343 3229 1594 3299 λέγοντος
1619 3234 1731 3295 τοῖς

145 3318 531 3382 ἀσεϐεστάτοις
577 3319 670 3373 καὶ
712 3320 1028 3390 ἀχαρίστοις
1081 3318 1391 3381 Ἰουδαίοις·
1438 3336 1456 3368 ι
1504 3320 1567 3371 El
1612 3320 1732 3372 ἐπι-

147 3411 367 3466 στεύετε
404 3411 601 3483 Μωσῇ,
631 3411 944 3464 ἐπιστεύετε
972 3410 1037 3464 ἂν
1076 3411 1218 3481 ἐμοὶ,
1250 3410 1331 3462 ὅτι
1370 3410 1577 3479 Μωσῆς
1602 3412 1729 3483 περὶ

143 3502 277 3573 ἐμοῦ
313 3501 565 3573 ὲλάλησε.
604 3522 623 3554 ι
658 3502 723 3555 Τί
747 3502 1028 3572 ἐλάλησεν,
1051 3496 1096 3554 ὧ
1126 3501 1333 3572 Κύριε;
1374 3520 1391 3552 ι
1435 3502 1729 3575 Προφήτην

142 3594 275 3664 ὑμῖν
317 3593 430 3664 (74)
465 3594 755 3665 ἀναστήσει
782 3593 984 3664 Κύριος
1022 3594 1089 3646 ὲκ
1131 3593 1238 3646 τῶν
1264 3594 1508 3663 ἀδελφῶν
1552 3595 1725 3665 ὑμῶν,

142 3686 219 3748 ὡς
247 3684 371 3756 ὲμὲ.
407 3704 425 3735 ι
465 3685 664 3738 Τοῦτον
685 3685 774 3738 τὸν
803 3687 1090 3757 προφήτην
1112 3685 1378 3756 ὡμολόγει
1406 3687 1438 3756 ἡ
1484 3685 1728 3757 μακαρία

142 3777 475 3848 Σαμαρεῖτις
504 3777 613 3845 (75)
645 3776 877 3846 λέγουσα
897 3794 910 3808 ·
944 3796 962 3826 ι
1003 3776 1196 3850 Κύριε,
1241 3776 1447 3847 θεωρῶ,
1475 3778 1556 3830 ὃτι
1590 3795 1726 3848 προ-

142 3867 322 3937 φήτης
345 3863 394 3918 εἶ
421 3866 508 3919 σύ.
543 3883 561 3917 ι
601 3866 664 3918 ΕΞ
693 3866 789 3919 καὶ
814 3866 1098 3936 ἄνθρωπον
1121 3867 1215 3919 καὶ
1249 3865 1451 3937 Κύριον
1480 3867 1571 3919 καὶ
1596 3885 1730 3939 προ-

142 3958 322 4028 φήτην
356 3956 624 4028 ὡμολόγει
651 3959 683 4028 ἡ
713 3958 961 4029 μακαρία
1004 3959 1359 4031 Σαμαρεῖτις·
1402 3959 1508 4012 ἰδοὺ
1548 3960 1722 4033 πάντη

142 4050 237 4102 καὶ
266 4050 296 4101 ὁ
327 4050 491 4119 νόμος
517 4051 611 4102 καὶ
642 4053 689 4102 οὶ
718 4050 1013 4122 προφῆται,
1043 4051 1091 4104 οἱ
1125 4052 1349 4122 μεγάλοι
1382 4054 1474 4104 καὶ
1502 4054 1549 4105 οἱ
1580 4054 1724 4122 ἅγιοι

141 4139 632 4211 ὁμολογοῦσι.ιΠῶς
654 4142 872 4194 δύναται
901 4142 1097 4214 βότρυς
1121 4140 1257 4195 εἶναι
1285 4143 1411 4196 ἄνευ
1444 4144 1721 4213 άμπέλου;

143 4231 265 4294 Πῶς
293 4231 518 4284 δύναται
566 4232 927 4303 βεϐαιωθῆναι
970 4235 1120 4287 πᾶσα
1155 4234 1524 4305 πραγματεία,
1560 4237 1653 4288 καὶ
1691 4238 1723 4309 ἡ

142 4324 221 4385 εἰς
249 4323 345 4376 τὸν
382 4323 587 4393 κόσμον
632 4324 896 4394 μέλλουσα
928 4323 1144 4377 ἔσεσθαι
1185 4324 1460 4396 σωτηρία;
1507 4327 1724 4396 Ὁμολο-

140 4415 400 4483 γήσουσιν
444 4415 492 4466 οἱ
526 4414 866 4486 σημάντορες
896 4417 943 4467 οἰ
994 4414 1215 4485 μεγάλοι
1249 4419 1523 4487 προφῆται
1562 4418 1656 4470 καὶ
1695 4420 1724 4471 ὁ

1834 3227 2030 3281 Annon
2067 3228 2270 3282 audisti
2320 3226 2611 3281 Dominum
2653 3227 2926 3281 dicentem
2976 3224 3323 3295 impiissimis
3361 3231 3417 3277 et

1832 3320 2061 3389 ingratis
2112 3317 2317 3374 Judasis
2352 3338 2364 3373 :
2409 3338 2426 3370 ι
2462 3319 2521 3372 Si
2548 3317 2854 3372 crederetis
2895 3315 3089 3387 Moysi,
3119 3314 3416 3369 crederetis

1829 3420 1884 3466 et
1916 3411 2069 3474 mihi,
2097 3413 2225 3481 quia
2264 3410 2478 3482 Moyses
2514 3410 2582 3465 de
2616 3426 2703 3465 me
2733 3411 2951 3465 locutus
2982 3416 3067 3463 est
3088 3408 3174 3459 ”?
3209 3426 3228 3459 ι
3273 3406 3420 3473 Quid

1832 3504 2054 3558 locutus
2108 3514 2212 3567 est,
2251 3503 2521 3557 Domine?
2550 3523 2568 3554 ι
2610 3501 2938 3571 Prophetam
2972 3499 3230 3555 excitabit
3258 3498 3421 3553 vobis-

1831 3595 2095 3651 Dominus
2129 3596 2196 3651 de
2245 3596 2509 3650 fratribus
2528 3595 2748 3659 vestris,
2784 3594 2928 3648 sicut
2965 3607 3059 3647 me
3101 3591 3170 3645 ³⁸⁵.
3210 3610 3229 3642 ι
3257 3588 3415 3646 Hunc

1828 3687 2150 3758 prophetam
2185 3689 2551 3743 conﬁtebatur
2584 3687 2744 3742 beata
2770 3685 3153 3746 Samaritana,
3172 3698 3296 3737 cum
3326 3681 3421 3737 «ιι-

1829 3786 1978 3834 ceret
2007 3797 2020 3833 :
2055 3797 2073 3830 ι
2108 3778 2356 3843 Domine,
2386 3786 2445 3833 ut
2476 3778 2657 3840 video,
2684 3778 2950 3848 propheta
2986 3791 3046 3831 es
3089 3785 3144 3829 tu
3181 3772 3249 3830 ".
3294 3793 3311 3824 ι
3355 3772 3415 3828 Si

1827 3874 1879 3920 et
1907 3866 2180 3921 hominem
2211 3875 2265 3922 et
2301 3866 2590 3922 Dominum
2638 3878 2693 3921 et
2734 3866 3062 3937 prophetam
3112 3864 3418 3920 conﬁteba-

1828 3967 1919 4013 tur
1965 3960 2122 4014 beata
2178 3959 2523 4014 Samaritana
2559 3956 2581 4013 ε’
2601 3975 2727 4015 ecce
2769 3960 2972 4029 ubique
3021 3960 3105 4013 lex
3162 3969 3214 4013 et
3267 3960 3417 4015 sacri

1828 4052 2122 4121 magnique
2153 4053 2434 4123 prophetae
2475 4052 2831 4106 conﬁtentur.
2868 4049 3157 4117 Quomodo
3214 4050 3419 4104 bon-us

1827 4154 2002 4214 potest
2041 4145 2249 4213 absque
2302 4146 2414 4199 vite
2464 4143 2935 4210 esse?Quomodo
2965 4141 3279 4196 conﬁrmari
3314 4156 3411 4210 po-

1826 4244 1932 4290 test
1967 4243 2137 4289 totum
2174 4237 2450 4306 negotium
2474 4242 2529 4289 et
2566 4235 2749 4288 futura
2796 4234 2984 4288 mundi
3025 4234 3186 4304 186
3216 4231 3419 4287 salus?

1824 4329 2242 4382 Conﬁtebuutur
2280 4329 2489 4383 indices
2537 4328 2615 4382 illi
2646 4328 2828 4397 magni
2873 4329 3175 4397 prophetae,
3204 4333 3259 4380 et
3290 4325 3413 4390 lex;

1825 4436 1947 4474 cum
1987 4420 2221 4475 maxime
2264 4419 2530 4476 Dominus
2582 4421 2700 4490 ipse
2729 4419 2876 4472 dicat
2912 4437 2925 4473 :
2976 4436 2994 4469 ι
3035 4415 3147 4472 Lex
3187 4424 3241 4472 et
3282 4431 3409 4486 pro-

140 4503 303 4574 νόμος
332 4503 443 4574 (76)
467 4521 479 4535 ·
513 4504 744 4575 μάλιστα
772 4504 936 4559 αὐτοῦ
971 4506 1066 4560 τοῦ
1103 4507 1308 4578 Κυρίου
1333 4508 1601 4576 λέγοντος,
1636 4510 1718 4562 ὅτι

1835 4512 1999 4581 pheta;
2034 4528 2208 4581 usque
2241 4513 2310 4566 ad
2359 4511 2627 4569 Joannem
2661 4513 2729 4573 ⁸⁸,
2771 4532 2789 4565 ι
2825 4510 2893 4565 Et
2939 4525 3202 4566 rursum:
3239 4528 3258 4562 ι
3287 4509 3415 4565 Non

209 4638 253 4668 ³⁸
298 4635 437 4691 Luc.
470 4653 598 4701 xu,
635 4638 722 4693 10.
801 4638 845 4669 ³²
884 4636 1077 4693 Matth.
1113 4655 1171 4705 ι,
1207 4638 1258 4693 1.
1332 4639 1378 4671 ³³
1416 4637 1574 4695 Joan.
1609 4660 1663 4706 ν,
1698 4643 1790 4700 46.

139 4722 234 4763 ιη
262 4745 279 4771 ,
314 4707 407 4760 16.

210 4798 327 4871 (69)
358 4797 673 4872 Goblerian.
706 4808 760 4854 et
809 4796 957 4872 Felc.
982 4799 1050 4872 nl.
1093 4799 1253 4872 Ἀλλά
1294 4803 1388 4872 κ-α).
1432 4809 1567 4872 πρὸς
1594 4800 1721 4862 τοὺς

135 4868 479 4941 Μανιχαίους
505 4870 630 4941 τοὺς
656 4869 911 4941 τρυγιοὺς
938 4868 1045 4941 τῶν
1077 4870 1285 4934 κακῶν,
1318 4868 1389 4941 Ὦ
1418 4868 1719 4924 ἀσεϐέστα-

136 4957 241 5003 τοι,
286 4936 478 5007 λέγετε
520 4939 614 5009 δύο
641 4936 963 5009 ὑποστάσεις
993 4936 1131 4994 εἶναι
1169 4940 1371 5009 ἀγαθοῦ
1398 4959 1458 4994 τε
1507 4942 1601 4993 καὶ
1625 4957 1721 4993 πο-

139 5008 329 5081 νηροῦ.
362 5009 473 5061 Καὶ
497 5008 686 5078 λέγετε
717 5008 808 5062 τὸν
830 5010 1082 5081 πονηρόν.
1108 5008 1277 5065 Paulo
1300 5022 1445 5081 post,
1488 5011 1714 5081 Seguer.

140 5079 226 5132 ἵνα
252 5078 427 5133 λάϐης
451 5078 616 5133 μέρος
646 5095 719 5133 τι.

162 5078 226 5132 να
252 5078 427 5147 λάϐῃς
451 5078 616 5200 μέρος
646 5095 748 5163 τι..
953 5078 984 5081 ”
1087 5150 1099 5162 .
1300 5078 1318 5081 “
1430 5078 1435 5079 “
1567 5078 1584 5081 ’

174 5148 323 5231 ⁸(71).)
366 5148 464 5231 Ἀλ
486 5149 691 5231 .‘hdeest
737 5166 812 5231 tn_
835 5149 983 5231 Segg,
1007 5165 1099 5231 _q_ui
1135 5165 1275 5231 mox.
1298 5149 1481 5231 habet,
1511 5152 1621 5216 ὅτε,
1656 5158 1717 5205 ιιι

138 5228 192 5271 et
222 5217 388 5272 intra.
424 5217 566 5272 Editi
600 5235 749 5285 vero,
785 5221 886 5274 ὅτι.
912 5217 1080 5276 Cobl.
1104 5228 1157 5289 et
1188 5218 1333 5275 Felc.
1367 5224 1596 5289 primus,
1631 5234 1715 5275 to-

138 5297 252 5342 tum
298 5290 676 5356 hunc‘locum
716 5292 795 5345 sic
840 5293 1061 5354 habent,
1111 5287 1179 5342 Ὦ
1214 5287 1584 5356 ἀσεϐέστατοι,
1625 5292 1713 5345 ὅτε

137 5354 588 5434 ὁλόκληρσνῌῆν
633 5358 809 5434 λέγεις
839 5362 1063 5428 ἀγαθὸν,
1116 5363 1216 5415 οὐκ
1271 5360 1504 5434 ἠθέλησε
1547 5354 1715 5433 μάχε·

140 5429 283 5487 σθαι.
316 5431 408 5481 καὶ
432 5430 522 5482 ὅτε
542 5431 712 5500 ἥμισυ
740 5432 980 5499 γέγονεν.

208 5500 319 5572 (Ἠ)
361 5500 436 5552 Ιιι
471 5500 695 5572 §egnetz
737 5501 901 5560 L‘diti,
941 5503 1188 5556 ἀνέλασε.
1235 5500 1483 5557 Nannius
1514 5502 1713 5572 legisse

136 5569 355 5694 ﬁgatur
400 5569 651 5634 ἀνέλαϐε,
689 5574 852 5626 vertit
884 5574 1024 5627 enim
1061 5593 1074 5628 :
1115 5572 1210 5628 sub
1252 5572 1381 5627 mali
1414 5569 1591 5645 [armti
1625 5574 1710 5627 la-

213 5711 322 5780 (7‘2)
340 5708 568 5781 Seguer.
601 5712 910 5781 γενόμενος.

3186 4644 3232 4676 ³⁸
3268 4643 3412 4700 Luc.

1900 4646 1944 4676 "
1986 4645 2143 4702 Deut.
2179 4664 2314 4703 xvm
2338 4688 2353 4705 .
2393 4648 2481 4703 15.
2591 4650 2636 4681 ⁸⁸
2673 4647 2834 4703 Joan.
2872 4663 2949 4712 tv,
2986 4644 3077 4699 19.

1896 4778 2008 4931 ἓξὲξ

1896 4802 2008 4931 (⁵75)
2049 4802 2207 4889 (ξοω.
2239 4810 2294 4857 et
2317 4802 2497 4857 Felck.
2532 4809 2586 4865 1,
2612 4804 2803 4926 τρυγιὲ
2831 4806 3121 4875 Μανιχαῖε.

1894 4873 1983 4941 (74
2041 4874 2197 4928 bobl.
2243 4885 2294 4928 et
2335 4873 2478 4928 Felc.
2509 4877 2559 4938 1,
2602 4872 2680 4928 Ou
2757 4875 2951 4941 έχομαι
2984 4876 3083 4941 τὴν

2041 4874 2197 4928 Gobl.
2243 4885 2294 4928 et
2318 4873 2478 4947 _Felc.
2509 4877 2559 4947 1,
2724 4872 2951 4945 δέχομαι
2970 4872 3083 4947 ,τὴν
3121 4875 3400 4947 Παλαιάν;

1822 4942 1936 5018 ρύκ
1969 4945 2207 5018 ἤκουσας
2249 4943 2344 5018 τοῦ
2379 4945 2582 5018 κυρίου
2638 4942 2887 5018 λέγοντος
2910 4962 2942 5018 '_
2967 4942 3051 5018 Et:
3076 4946 3404 5018 ἐπιστεύετε

1820 5013 2031 5087 Mitigat,
2067 5016 2389 5087 smn-edere
2430 5013 2496 5069 ἂν
2539 5017 2664 5086 ἐμοί
2686 5013 2719 5044 ·ί
2757 5015 2851 5070 καὶ
2885 5014 3242 5087 γὰρ-Μωσῆς
3273 5018 3404 5086 περὶ

1820 5083 1953 5158 ἐμοῦ
1988 5084 2215 5155 ὲλάλησε
2260 5086 2460 5154 λέγων’
2493 5083 2789 5158 Προφήτην
2817 5083 3144 5158 ύμῖνξ-Ειίἰιί
3176 5083 3256 5158 ει
3279 5083 3404 5156 (ιιιὶ-

1819 5153 1942 5227 d_a_n_i
1965 5153 2356 5227 manli-scripti,
2390 5164 2514 5225 post
2546 5153 2681 5227 περῖ
2715 5153 2866 5227 ἐμοῦ
2898 5156 3146 5227 ὲλάλησε,
3175 5153 3399 5222 habent,

1812 5222 1863 5274 τί
1887 5221 2168 5297 ἐλέληεῖενν
2203 5221 2481 5297 ὦπρρὶες
2519 5221 2623 5297 Πρέ

1886 5293 1998 5369 (75)
2030 5293 2188 5369 Πρω.
2221 5306 2274 5349 et
2309 5293 2456 5352 Felc.
2496 5298 2547 5363 1,
2574 5293 3008 5369 ’ήᾲΣαμαρεῖτιᾳ
3047 5294 3170 5349 Mox
3206 5295 3396 5369 iidem,

1812 5358 1861 5438 εἷ
1894 5358 1989 5438 et).
2030 5365 2158 5438 Ἰδοὺ
2193 5368 2404 5438 πάντες,
2425 5358 2542 5420 και
2562 5358 2764 5437 Κύριον
2790 5358 2883 5420 καὶ
2921 5367 3205 5438 ἄνθρωπον
3235 5358 3400 5421 αὐτὸν

1728 5470 1731 5473 -
1810 5434 2152 5503 ὁμολογοῦσι.
2192 5438 2315 5501 Πῶς
2350 5437 2463 5491 δύν.

1884 5504 1997 5582 (7(ξ)
2027 5503 2186 5582 _Gol_)l.
2217 5517 2271 5582 et
2299 5508 2441 5563 Felc.
2486 5509 2536 5582 l,
2584 5506 2647 5559 'H
2677 5508 2757 5582 ei;
2787 5509 2877 5561 τὸν
2907 5507 3395 5582 κόσμονᾼσωτηρίιι,

1822 5576 1871 5697 ἓξ
1912 5576 1987 5647 μὴ
2018 5576 2441 5650 ὁμολογήσουσιν
2485 5580 2533 5631 οξ
2577 5579 2917 5651 σημάντορες
2963 5576 3400 5652 προφῆται,”κλὶ

1879 5668 1927 5701 ν.
