3860 6200
379 247 485 305 519

1478 239 1535 297 S.
1577 241 2042 301 ATHANASIUS.
2084 276 2156 286 —
2197 243 2467 303 SPURIA.

3547 250 3661 310 suo

382 359 523 413 dixit
573 355 845 411 Domino:
891 373 911 407 ι
956 353 1172 424 Sequar
1218 360 1272 408 te
1318 368 1651 425 quocunque
1710 355 1865 422 ieris,
1909 370 1948 411 ei

2071 359 2333 423 τοσαύτας
2361 359 2693 429 ἐπαγγελίας
2718 359 2920 426 λαϐὼν,
2940 355 3061 415 εἷπε
3087 361 3166 433 τῷ
3191 362 3382 436 Κυρίῳ
3401 380 3414 394 ’
3453 381 3474 415 ι
3497 364 3658 417 Ἀκο-

383 452 624 505 animam
682 464 857 504 meam
905 462 1107 518 ponam
1163 462 1265 517 pro
1316 456 1388 501 te.
1425 467 1444 499 ι
1487 446 1796 518 Statimque
1825 449 1965 503 dixit

380 544 456 596 illi
489 540 753 595 Dominus
788 554 801 589 :
846 556 865 589 ι
921 538 1095 592 Amen
1130 536 1257 590 dico
1292 536 1415 599 libi,
1453 536 1616 591 hodie
1669 543 1962 605 antequam

379 635 558 704 gallus
595 639 802 691 cantet,
834 637 920 685 ter
970 645 1057 684 me
1103 628 1330 698 negabis
1358 628 1426 679 ³⁸.
1474 646 1492 679 ι
1530 626 1596 681 Et
1648 627 1880 681 Domino
1903 627 1963 682 in

380 726 487 781 don
515 740 605 779 um
638 724 859 792 Caiphae
898 723 1147 790 abrepto,
1192 721 1284 773 uhi
1317 726 1488 774 totum
1509 720 1802 773 concilium
1836 734 1962 773 cum

380 811 588 880 Caipha
621 812 841 875 aderat;
872 811 1071 864 Petrus
1095 810 1275 864 stabat
1308 808 1377 861 ad
1419 808 1621 862 ostium
1663 828 1675 863 :
1710 825 1871 878 quem
1902 819 1962 864 ut

383 904 521 959 vidit
568 919 721 972 puer,
750 904 826 956 ait
870 903 946 956 illi
985 901 1214 958 :Nonne
1247 916 1369 956 cum
1401 916 1466 956 eo
1500 901 1598 955 es?
1658 901 1963 972 Respondit

384 997 463 1051 illi
499 995 693 1051 Petrus
732 995 891 1049 :Non
943 1010 1087 1049 sum.
1120 992 1361 1048 Rursum
1418 994 1740 1048 sciscitante
1771 1010 1840 1048 ex
1894 1010 1961 1050 eo

380 1087 579 1141 ancilla
616 1104 629 1140 :
663 1085 855 1140 Nonne
898 1094 957 1139 tu
1014 1100 1081 1139 ex
1132 1082 1375 1140 Galilaeis
1437 1083 1541 1139 es?
1580 1085 1864 1155 respondit
1906 1092 1962 1140 et

379 1181 512 1237 dixit
547 1200 560 1234 :
590 1179 708 1234 Non
734 1194 877 1235 sum.
912 1178 1289 1247 lnterrogante
1333 1186 1513 1232 autem
1562 1178 1839 1242 ministro,
1864 1194 1959 1232 ne-

377 1272 526 1344 gavit
559 1272 669 1334 ille,
706 1278 758 1324 et
811 1270 996 1324 statim
1041 1270 1218 1339 gallus
1253 1270 1515 1324 cantavit.
1554 1268 1619 1321 Et
1658 1284 1960 1324 conversus

378 1366 756 1419 universarum
776 1377 960 1415 rerum
987 1360 1271 1423 Dominus,
1299 1360 1670 1415 consideravit
1696 1360 1918 1416 Petrum
1942 1380 1956 1417 :

378 1456 638 1525 ﬂevitque
692 1442 909 1519 Petrus;
939 1453 1305 1524 lacrymisque
1340 1453 1511 1506 abluit
1542 1454 1958 1522 abnegationem

377 1548 433 1603 in
466 1563 565 1603 sua
596 1545 992 1616 pmnitentia‘“.
1023 1546 1262 1598 llursum
1289 1552 1518 1599 sanctus
1553 1546 1816 1613 propheta
1843 1544 1954 1598 ait:

380 1658 400 1691 ‹
443 1640 605 1694 Astra
634 1645 817 1691 autem
841 1650 951 1690 non
983 1646 1111 1690 sunt
1144 1648 1279 1703 pura
1311 1635 1365 1688 in
1389 1641 1685 1703 conspectu
1711 1632 1830 1703 ejus
1851 1634 1951 1689 ".i

2066 449 2320 521 λουθήσω
2350 467 2455 515 σοι,
2489 451 2624 504 ὅπου
2655 449 2749 503 ἐὰν
2771 451 3009 525 ἀπέρχῃ,
3040 452 3135 505 καὶ
3163 452 3315 524 θήσω
3345 453 3443 524 τὴν
3472 452 3659 524 ψυχήν

2067 554 2169 608 μου
2188 537 2325 608 ὑπὲρ
2346 537 2460 591 σοῦ.
2476 557 2494 590 ›
2518 538 2735 603 Εὐθέως
2754 539 2866 611 (92)
2885 537 3005 593 εἷπε
3022 541 3158 612 πρὸς
3176 542 3336 595 αὑτὸν
3352 543 3380 595 ὁ
3409 542 3615 612 Κύριος
3632 556 3656 575 ο

2067 650 2085 682 ε
2112 631 2282 701 Ἀμὴν
2306 630 2452 699 λέγω
2485 648 2599 684 σοι·
2637 633 2874 705 σήμερον
2907 634 3013 705 πρὸ
3045 632 3139 687 τοῦ
3171 634 3440 706 ἀλέκτορα
3466 635 3659 704 φωνῆ-

2064 740 2177 786 σαι,
2218 723 2340 795 τρὶς
2385 725 2676 798 ἀπαρνήσῃ
2722 743 2809 796 με.
2839 745 2857 778 ι
2890 727 2998 779 Καὶ
3024 726 3283 797 ἀρθέντος
3313 725 3407 778 τοῦ
3447 723 3657 796 Κυρίου

2062 818 2143 879 είς
2171 816 2263 869 τὸν
2296 811 2443 869 οἷκον
2480 816 2573 870 τοῦ
2608 817 2855 886 Καῖάφα,
2894 820 2988 871 καὶ
3017 818 3219 881 παντὸς
3246 817 3342 871 τοῦ
3377 817 3658 889 συνεδρίου

2065 906 2206 976 μετά
2233 905 2329 958 τοῦ
2360 906 2604 975 Καῖάςρα,
2629 908 2723 960 καὶ
2748 907 2840 962 τοῦ
2874 908 3083 979 Πέτρου
3114 908 3346 973 ἑστῶτος
3376 908 3527 980 ἐντῷ
3549 926 3658 961 πυ-

2061 994 2212 1059 λῶνι,
2252 994 2312 1047 ὃν
2338 995 2433 1048 καὶ¹
2468 994 2590 1050 ίδὼν
2614 998 2642 1050 6
2668 1000 2797 1060 παῖς
2826 992 2947 1050 εἶπε
2976 998 3109 1067 πρὸς
3137 998 3328 1053 αὐτόν·
3361 999 3475 1051 Οὐκ
3507 994 3559 1050 εἷ
3587 997 3657 1051 σὺ

2065 1086 2181 1154 μετ’
2208 1084 2409 1149 αὐτοῦς
2434 1084 2494 1136 'U
2516 1084 2573 1138 δὲ
2607 1086 2813 1158 Πέτρος
2839 1083 2959 1140 εἷπε
2989 1087 3124 1158 πρὸς
3152 1088 3313 1141 αὐτόν
3336 1106 3349 1117 ·
3376 1090 3489 1140 Ούκ
3511 1087 3655 1158 εἰμί.

2061 1180 2172 1232 Καὶ
2198 1178 2361 1231 πάλιν
2392 1180 2491 1249 τῆς
2548 1178 2795 1251 θυρωροῦ
2843 1180 3105 1252 εἰπούσης
3146 1181 3284 1252 πρὸς
3324 1182 3485 1235 αὐτόν
3507 1198 3521 1210 ο
3557 1178 3657 1254 Μὴ

2060 1272 2156 1325 καὶ
2186 1272 2251 1325 σὺ
2280 1273 2346 1325 ἐκ
2381 1271 2491 1324 τῶν
2522 1270 2821 1326 Γαλιλαίων
2848 1267 2933 1334 εἷς
2982 1272 3280 1344 Ἀπεκρίθη
3324 1272 3416 1325 καὶ
3459 1268 3651 1325 εἷπενο

2061 1363 2174 1416 Οὐκ
2218 1362 2356 1433 εἰμί.
2404 1363 2516 1414 Καὶ
2547 1361 2639 1416 τοῦ
2673 1362 2947 1433 ὑπηρέτου
2983 1364 3431 1433 ἐπερωτήσαντος
3462 1363 3652 1431 αὐτὸν,

2058 1455 2355 1523 ἠρνήσατο,
2386 1453 2481 1506 καὶ
2517 1452 2722 1515 εὐθέως
2755 1453 3005 1524 ἀλέκτωρ
3039 1452 3309 1525 ἐφώνησε.
3346 1456 3456 1507 Kal
3489 1472 3659 1526 στρα-

2060 1548 2181 1614 φεὶς
2218 1547 2248 1598 6
2297 1546 2404 1599 τῶν
2442 1546 2579 1599 ὅλων
2625 1545 2830 1618 Κύριος
2878 1548 3146 1618 προσέσχε
3170 1546 3247 1618 τῷ
3282 1548 3506 1620 Πέτρῳ·
3555 1549 3658 1605 καὶ
3773 1542 3785 1554 ’

2060 1639 2357 1710 ἐδάκρυσεν
2384 1642 2413 1692 6
2446 1639 2672 1711 Πέτρος,
2709 1638 2803 1692 καὶ
2843 1638 2932 1691 διὰ
2960 1640 3067 1692 τῶν
3090 1639 3341 1710 δακρύων
3380 1640 3656 1710 ἀπενίψα-

378 1724 434 1782 Si
466 1737 612 1783 astra
653 1744 760 1780 non
808 1736 936 1782 sunt
967 1740 1123 1794 pura,
1151 1724 1282 1793 quid
1321 1734 1405 1778 est
1432 1725 1577 1793 quod
1615 1732 1694 1789 tu,
1737 1740 1948 1793 purum,

2071 1747 2124 1782 το
2149 1731 2259 1802 (95)
2288 1729 2385 1801 τὴν
2410 1730 2637 1802 ἄρνησιν
2666 1731 2725 1783 ἐν
2751 1731 2887 1800 αὐτῇ
2913 1732 2979 1801 τῇ
3017 1731 3291 1801 μετανοίᾳ.
3333 1731 3443 1784 Kal
3488 1730 3658 1786 πάλιν

373 1820 783 1876 misericordem
820 1827 874 1872 et
917 1821 1240 1873 clementem
1297 1816 1489 1881 Deum,
1521 1817 1718 1871 durum
1754 1826 1809 1872 et
1854 1819 1956 1872 im-

375 1914 561 1968 mitem
609 1912 791 1966 dicis?
820 1911 885 1964 Et
926 1911 1016 1963 hic
1060 1925 1281 1980 quoque
1328 1909 1616 1979 rejiciatur
1659 1924 1785 1963 cum
1833 1910 1956 1965 aliis

373 2004 780 2060 haeresiarchis.

2064 1823 2093 1875 6
2140 1821 2292 1891 ἅγιος
2337 1824 2624 1894 προφήτης
2669 1817 2852 1875 εἷπεν·
2910 1822 3150 1893 «Ἄστρα
3200 1821 3256 1874 δὲ
3301 1822 3368 1874 οὐ
3433 1821 3658 1892 καθαρὰ

2063 1913 2291 1967 ἐνώπιον
2322 1914 2510 1967 αὐτοῦ.
2540 1933 2559 1966 ι
2594 1914 2657 1966 Εἰ
2700 1914 2876 1984 ἄστρα
2903 1913 2961 1965 ού
3008 1911 3244 1983 καθαρὰ,
3288 1913 3403 1977 πῶς
3439 1913 3503 1966 σὺ
3560 1912 3659 1966 τὸν

2062 2006 2299 2079 καθαρὸν
2359 2007 2454 2061 καὶ
2484 2005 2876 2075 εὖσπλαγχνον,
2925 2006 3021 2059 καὶ
3079 2005 3458 2078 φιλάνθρωπον
3515 2004 3658 2060 Θεὸν

373 2101 607 2172 σγμληρὸν
658 2100 752 2152 καὶ
796 2097 1214 2170 ἀφιλάνθρωπον
1258 2097 1437 2167 λέγεις
1454 2096 1602 2169 (94);
1647 2098 1761 2152 Kal
1800 2091 1955 2163 οὗτος
1988 2101 2434 2157 συνεκϐαλλέσθω
2471 2100 2611 2174 μετά
2642 2100 2752 2153 τῶν
2788 2100 2960 2155 ἄλλων
2997 2101 3385 2174 αίρεσιαρχῶν.

447 2215 556 2269 10⁸.
594 2211 714 2266 Jam
746 2212 1033 2281 loquamur
1073 2209 1335 2263 adversus
1371 2209 1632 2262 miserum
1657 2206 1948 2279 Phrygem,

2130 2213 2240 2269 10'.
2271 2194 2532 2285 Εἴπωμεν
2561 2213 2655 2267 καὶ
2673 2212 2811 2283 πρὸς
2842 2211 2933 2265 τὸν
2962 2211 3192 2265 δείλαιον
3223 2211 3412 2283 Φρύγα
3436 2212 3529 2267 τὸν
3559 2211 3657 2267 λέ-

369 2307 465 2380 qui
497 2308 594 2369 ait,
621 2314 743 2377 post
786 2305 1076 2359 adventum
1116 2303 1443 2366 Salvatoris,
1477 2301 1766 2356 advenisse
1798 2299 1948 2354 Mon-

2071 2322 2224 2375 γοντα
2261 2305 2401 2377 μετά
2429 2304 2528 2376 τὴν
2557 2303 2850 2374 ἐπιδημίαν
2882 2302 2977 2355 τοῦ
3026 2303 3280 2374 Σωτῆρος
3321 2302 3659 2375 ἐπιδεδημη-

368 2408 560 2454 tanum
588 2404 641 2453 et
675 2395 1002 2450 Priscillam.
1048 2393 1174 2447 Hzec
1205 2401 1334 2447 sunt
1382 2394 1723 2447 anicularum
1750 2392 1948 2447 delira-

2071 2396 2213 2450 κέναι
2245 2396 2522 2450 Μοντανὺν
2566 2396 2660 2448 καὶ
2691 2393 3041 2464 Πρίσκιλλαν.
3071 2393 3256 2447 Ταῦτα
3295 2393 3474 2465 γρεῶν
3515 2393 3658 2447 πτύ-

370 2500 575 2548 menta.
613 2490 717 2554 Qui
750 2487 863 2542 lieri
896 2494 1075 2557 potest
1112 2494 1168 2539 ut
1204 2493 1325 2555 post
1362 2486 1655 2540 adventura
1688 2483 1948 2539 Salvato-

2071 2504 2244 2558 σματα
2262 2489 2391 2550 ἴσως
2412 2488 2488 2550 ὡς
2509 2485 2953 2556 κεκεπφωμένων
2969 2485 3101 2557 (95).
3118 2486 3243 2551 Πῶς
3263 2487 3485 2542 δύναται
3511 2486 3660 2558 μετὰ

369 2585 449 2640 ris
476 2582 742 2655 propheta
778 2595 997 2634 rursum
1037 2577 1325 2631 adveniat?
1372 2575 1492 2629 Non
1528 2576 1754 2639 audisti,
1780 2576 1948 2646 legem

2071 2578 2158 2649 τὴν
2186 2578 2478 2647 ἐπιδημίαν
2497 2576 2591 2630 τοῦ
2623 2578 2874 2649 Σωτῆρος
2899 2578 3063 2633 πάλιν
3096 2579 3381 2651 προφήτης
3402 2580 3659 2652 ἐπιδεδη-

370 2679 427 2731 et
453 2672 752 2744 prOphetas
788 2669 907 2725 fore
941 2684 1113 2738 usque
1134 2670 1200 2723 ad
1235 2667 1537 2722 Joannem?
1566 2668 1706 2721 Audi
1757 2674 1836 2733 tu,
1868 2682 1948 2737 po

2071 2669 2291 2740 ιηκέναι
2315 2685 2331 2734 ;
2365 2670 2479 2722 Οὐκ
2512 2669 2773 2739 ἤκουσας,
2799 2670 2885 2723 ὅτι
2912 2671 2942 2722 6
2970 2669 3133 2739 νόμος
3162 2671 3255 2724 καὶ
3289 2673 3337 2725 οί
3372 2672 3655 2744 προφῆται

370 2772 499 2842 pule
523 2769 761 2824 Domini.
796 2766 951 2822 Sicut
984 2782 1076 2821 rex
1106 2767 1160 2819 in
1189 2763 1484 2832 quamdam
1518 2762 1706 2817 urbem
1729 2776 1948 2817 conces‘

2071 2763 2158 2825 an;
2200 2761 2488 2823 Ἰωάννου;
2527 2761 2791 2815 Ἄκουσον
2840 2762 2926 2825 σὺ,
2980 2761 3075 2815 λαὲ
3123 2760 3218 2815 τοῦ
3277 2764 3483 2834 Κυρίου
3509 2762 3650 2835 (96).

367 2879 556 2926 surus,
581 2861 807 2915 nuntios
843 2858 1122 2930 praemittit
1148 2859 1241 2928 qui
1284 2855 1531 2910 indicent
1562 2868 1671 2923 quo
1696 2854 1768 2907 sit
1795 2853 1948 2907 cultu

2071 2856 2267 2924 Ὠσπερ
2300 2853 2552 2924 βασιλεὺς
2584 2852 2768 2924 μέλλει
2801 2855 3077 2925 καταντᾷν
3110 2853 3168 2908 ἐν
3199 2872 3306 2908 τινι
3344 2854 3516 2920 πόλει,
3550 2855 3656 2910 καὶ

367 2956 707 3011 adventurus
754 2966 927 3005 :cum
973 2961 1154 3004 autem
1213 2964 1279 3003 eo
1314 2945 1623 3012 advenerit,
1670 2954 1724 3000 et
1768 2945 1948 2999 norint

2071 2945 2368 2999 ιποστέλλει
2422 2946 2772 3017 σημάντορας
2821 2944 2996 3014 λέγων
3019 2945 3182 3001 ’Ἰδοὺ
3226 2944 3365 3016 ποίῳ
3406 2946 3655 3015 σχήματι

369 3047 521 3102 cives
556 3046 678 3115 ejus
711 3043 1028 3111 adventum,
1060 3048 1121 3095 ut
1150 3041 1428 3094 iudicatus
1485 3038 1696 3104 fuerat,
1725 3035 1948 3090 adorant

2071 3038 2238 3092 ιέλλω
2269 3036 2547 3110 ἔρχεσθαι.
2588 3038 2719 3093 Ἐὰν
2757 3039 2816 3093 δε
2856 3039 3194 3111 ἐπιδημήσῃ,
3230 3038 3326 3091 καὶ
3379 3037 3657 3106 ὲπιγνῶσι

367 3137 586 3208 ipsum;
612 3136 744 3205 quin
768 3134 880 3203 jam
912 3133 1021 3185 ulla
1045 3132 1115 3186 sit
1145 3130 1442 3185 indicantis
1468 3144 1654 3199 Opera,
1673 3142 1795 3181 cum
1817 3142 1943 3181 eum

366 3230 607 3301 propriis
637 3228 751 3297 jam
783 3225 958 3280 oculis
1008 3224 1373 3294 conspiciant.
1410 3221 1531 3277 Jam
1564 3222 1609 3277 si
1635 3221 1760 3292 quis
1792 3221 1847 3273 in
1879 3234 1943 3274 ea

362 3324 483 3392 ipsa
528 3320 664 3373 urbe
696 3318 916 3380 dixerit,
964 3315 1327 3369 adventurum
1359 3329 1542 3383 regem
1582 3329 1725 3376 esse,
1762 3326 1945 3366 nonne

364 3412 423 3465 in
444 3426 568 3465 eum
606 3414 974 3478 eonspuerent
1019 3405 1300 3476 Oppidani,
1342 3405 1505 3475 188
1535 3404 1893 3473 dicerentque
1925 3419 1939 3454 :

361 3502 475 3559 Nos
503 3502 738 3556 vidimus
772 3500 923 3553 illum
955 3497 1353 3567 nobiscumque
1377 3499 1662 3561 habemus,
1691 3503 1746 3550 et
1775 3510 1945 3568 quare

361 3604 422 3652 tu
452 3595 610 3655 dicis,
645 3592 913 3647 exsistere
947 3589 1148 3643 alium?
1174 3588 1243 3642 Et
1270 3590 1327 3642 hi
1349 3605 1569 3660 quoque
1602 3604 1729 3644 cum
1767 3588 1944 3643 hatre-

358 3687 517 3741 sibus
550 3684 673 3739 aliis
701 3697 925 3753 pessum
955 3688 1105 3735 eant.

434 3883 522 3937 11.
551 3878 757 3934 Novam
797 3895 945 3934 nunc
979 3878 1214 3933 heresin
1248 3892 1370 3947 quae
1390 3892 1454 3932 ex
1492 3874 1652 3947 Syria
1685 3876 1739 3930 in
1766 3874 1943 3947 Egy-

362 3984 516 4047 ptum
544 3973 839 4037 emanavit,
860 3972 1236 4040 alloquamur;
1266 3969 1693 4040 Apollinaristas
1712 3984 1941 4041 nempe:

364 4082 563 4123 novam
597 4067 795 4137 quippe
827 4065 1136 4119 doctrinam
1170 4064 1354 4116 attulit
1376 4063 1806 4133 'Apollinarius,
1851 4064 1947 4134 qui

362 4160 473 4219 ait,
530 4172 731 4228 corpus
771 4156 1037 4210 duntaxat
1061 4156 1429 4223 assumpsisse
1471 4153 1667 4219 Deum,
1699 4171 1766 4210 ex
1808 4156 1947 4211 inte-

361 4258 569 4305 merata
608 4256 662 4304 et
699 4262 914 4317 semper
957 4247 1169 4313 virgine
1193 4246 1387 4310 Maria,
1429 4247 1723 4316 ipsumque
1771 4245 1947 4300 Deum

364 4345 599 4403 Verbum
634 4343 830 4397 anima:
855 4341 1031 4395 vicem
1082 4341 1357 4410 supplere.
1392 4338 1436 4396 Ο
1461 4340 1942 4411 imperfectissime

2043 3132 2142 3203 τὴν
2169 3131 2602 3202 ἐνσημανθεῖσαν
2628 3131 2944 3204 ἐπιδημίαν,
2995 3130 3429 3203 προσκυνοῦντες
3457 3130 3652 3193 αὐτὸν,

2044 3225 2145 3276 οὐκ
2170 3222 2247 3276 ἐτι
2281 3223 2439 3294 χρεία
2474 3222 2569 3276 τοῦ
2599 3223 2960 3294 σημαίνοντος
2980 3240 2994 3254 ο
3039 3223 3234 3292 αὑτοψὶ
3272 3221 3384 3293 γὰρ
3419 3221 3653 3294 ἑώρακα

2044 3315 2207 3369 αὐτὸν
2234 3314 2324 3367 τὸν
2360 3313 2708 3386 σημανθέντα
2735 3314 2868 3385 (97).
2896 3314 3021 3369 Ἐὰν
3049 3314 3106 3368 δέ
3136 3331 3221 3377 τις
3252 3313 3380 3385 εἴπῃ
3411 3316 3469 3367 ἐν
3502 3314 3650 3385 αὐτῇ

2042 3407 2110 3476 τῇ
2139 3405 2408 3469 πόλει,ὄτι
2436 3404 2618 3475 μέλλει
2652 3403 2871 3458 ἔσεσθαι
2891 3406 2919 3457 ὁ
2952 3404 3223 3474 βασιλεὺς,
3243 3405 3344 3459 οὐκ
3379 3404 3444 3458 ἂν
3477 3421 3656 3458 κατα-

2046 3496 2319 3550 πτύσωσιν
2335 3494 2501 3549 αὐτοῦ
2528 3497 2579 3549 oi
2608 3498 2664 3548 ἐν
2693 3498 2759 3567 τῇ
2785 3496 2937 3550 πόλει
2960 3495 3229 3566 λέγοντες,
3262 3497 3344 3550 ὅτι
3361 3514 3376 3529 ·
3417 3494 3516 3552 Ὃν
3538 3497 3654 3549 ἐω-

2046 3583 2294 3654 ράκαμεν
2321 3584 2413 3636 καὶ
2447 3582 2645 3654 ἔχομεν
2683 3583 2802 3654 μεθ’
2834 3584 3064 3649 ἐαυτῶν,
3099 3583 3216 3649 πῶς
3244 3585 3309 3638 σὺ
3346 3585 3653 3662 λέγεις,δτι

2046 3676 2296 3746 σημαίνω
2322 3677 2588 3748 ὑπάρχειν
2613 3677 2807 3742 ἀλλον;
2854 3679 2964 3732 Καὶ
2994 3672 3141 3732 οὗτοι
3182 3678 3361 3733 τοίνυν
3397 3680 3494 3733 σὺν
3518 3683 3653 3745 ταῖς

2045 3767 2234 3832 ἄλλαις
2258 3770 2537 3838 αἱρέσεσιν
2572 3769 2851 3824 ἀπώλοντο
2872 3771 2984 3842 (98)

2117 3879 2205 3934 11.
2227 3880 2485 3952 Εἴπωμεν
2514 3882 2602 3935 καὶ
2633 3881 2769 3953 πρὸς
2795 3883 2895 3953 τὴν
2928 3882 3054 3936 νέαν
3082 3883 3427 3955 αἵρεσιν,τὴν
3452 3887 3517 3939 ἐκ
3542 3887 3653 3940 Συ-

2051 3973 2170 4044 ρίας
2200 3972 2460 4027 ἐλθοῦσαν
2497 3976 2579 4037 εἰς
2618 3974 2915 4042 Αἴγυπτον,
2950 3976 3075 4037 τοὺς
3120 3974 3602 4046 Ἀπολλιναριστάς
3627 3993 3648 4010 ’

2047 4064 2234 4117 καινὸν
2294 4063 2469 4134 δόγμα
2531 4064 2997 4136 προσενέγκαντος
3049 4064 3160 4135 (99)
3210 4065 3649 4138 Ἀπολλιναρίου,

2049 4159 2210 4229 σῶμα
2239 4157 2399 4228 μόνον
2425 4158 2658 4212 λαϐόντα
2683 4158 2814 4213 Θεὸν
2842 4160 2907 4211 ἐκ
2947 4159 3046 4229 τῆς
3093 4161 3364 4232 ἁχράντου
3400 4163 3494 4215 καὶ
3524 4163 3653 4217 ἀει-

2049 4249 2321 4320 παρθένου
2347 4253 2568 4322 Μαρίας
2590 4251 2686 4323 (1),
2722 4253 2816 4306 καὶ
2840 4252 3003 4305 αὐτὸν
3035 4252 3125 4306 τὸν
3159 4253 3291 4306 Θεὸν
3321 4255 3492 4323 Λόγον
3517 4256 3651 4310 ἀντὶ

2048 4340 2223 4413 ψυχῆς
2246 4339 2474 4410 δνταίὯ
2509 4341 2835 4396 ἀτελέστατε
2864 4345 2959 4397 καὶ
2979 4343 3154 4415 ἀψυχε
3180 4344 3194 4397 ι
3222 4345 3306 4411 Εἰ,
3323 4345 3529 4399 τελείου
3560 4348 3647 4417 (2)

429 4521 475 4554 ⁵⁸
510 4518 646 4575 Luc.
679 4535 830 4583 xm,
861 4520 971 4586 35,
1003 4518 1093 4573 54.
1169 4517 1215 4549 ³¹
1255 4517 1392 4571 ibid.
1431 4516 1622 4573 55-62.
1698 4519 1746 4550 "
1784 4515 1888 4572 Job
1921 4533 2012 4583 xv,
2051 4517 2136 4571 15.

429 4675 543 4748 (θὲ)
575 4675 667 4730 Sic
694 4673 823 4746 Seg.
852 4675 997 4748 Editi
1025 4691 1182 4740 vero,
1227 4674 1623 4741 Ἀλλ’-εὐθέως.

427 4746 540 4831 (ἓξ)
577 4748 733 4831 ἓθβεν
761 4746 1052 4831 ἀπΐὶλῗιψεε

430 4814 553 4941 (942‘
574 4814 735 4871 Gobl.
766 4827 821 4872 et
847 4814 992 4872 Felc.
1037 4817 1082 4877 ι,
1121 4816 1355 4901 σκληρδν
1385 4817 1481 4869 καὶ
1517 4814 1828 4937 ἀσυμπαθῗ(
1850 4815 1937 4868 λέ-

430 4905 493 4941 rc.
555 4889 682 4941 aulo
716 4894 861 4941 post.
889 4886 987 4941 Ed.
1007 4885 1162 4940 Com.
1186 4896 1240 4941 et
1282 4892 1431 4941 Sea“
1465 4886 1601 4941 μετά
1625 4904 1731 4939 των
1771 4885 1937 4939 ἅλων

350 4905 413 4956 γε
428 4885 493 4952 ις.
511 4885 861 4957 Ρευιοίροείι,
889 4886 987 4942 Ed.
1007 4885 1453 4957 Comaet‘Sequ
1464 4886 1611 4957 pera,
1625 4885 1731 4939 τῶν
1771 4885 1946 4939 ἄλλων

353 4955 643 5028 αἱρέσεων.
679 4955 780 5012 Ed.
802 4956 990 5028 Paris.
1007 4973 1131 5012 cum
1150 4956 1308 5028 Gobl.
1342 4955 1395 5012 et
1418 4955 1569 5028 Felc.
1593 4956 1644 5022 1,
1672 4958 1812 5028 μετὰ
1835 4957 1944 5009 τῶν

354 5026 530 5083 ἄλλων
553 5027 1033 5100 αἰρεσιαρχῶνειη
1058 5027 1270 5100 iisdem
1302 5043 1448 5100 mox,
1477 5026 1708 5100 δείλαιον
1732 5028 1907 5100 deest.

427 5100 541 5169 (95)
575 5096 1022 5185 exaggam”.
1058 5096 1262 5152 [bidem
1297 5097 1941 5185 Seguerqi'a‘clpgltbgnxe-

353 5166 749 5239 κεπφωμένων.
793 5166 958 5233 Editi,
995 5168 1124 5240 ἴσως
1148 5166 1595 5240 κεκεπφωμένον.
1634 5166 1770 5240 Vide
1798 5166 1936 5240 Ono-

354 5238 640 5306 masticen,
666 5243 733 5294 ad
756 5255 946 5309 vocem
969 5239 1197 5306 κέπφος.
1224 5240 1391 5293 Paulo
1416 5238 1559 5309 post,
1593 5238 1756 5292 πάλιν
1780 5239 1935 5295 deest

354 5312 410 5366 in
437 5309 658 5368 Gobler.
681 5318 736 5365 et
764 5308 914 5366 Felc.
936 5310 987 5363 1.
1024 5309 1231 5364 Ibidem
1255 5308 1478 5381 Seguer.
1526 5309 1692 5365 habet
1725 5310 1942 5381 προφή-

351 5398 472 5451 της.
498 5382 665 5453 _Editi,
690 5381 790 5453 τὸν
820 5382 1130 5453 πρςρήτην.

425 5451 539 5524 (96)
568 5446 876 5524 (ξοωθιιτςςί
901 5446 1052 5524 Fel'c.
1066 5446 1317 5524 primus,
1351 5452 1618 5524 Ἀκουσον
1639 5446 1751 5516 οὖν,
1787 5453 1815 5505 ὁ
1842 5449 1938 5524 τοῦ

354 5521 561 5594 ῌυρίου
601 5522 744 5594 λαρς.
781 5522 990 5594 Ὥσπερ
1031 5521 1295 5591 βασιλέως
1316 5523 1616 5594 (μέλλοντος
1665 5523 1941 5594 καταντᾷν

355 5590 413 5643 εν
441 5576 558 5665 iam
603 5576 787 5665 πόλει,
822 5576 1041 5665 στέλλει
1070 5576 1761 5665 προσημαντρραςίλέγειν,
1800 5576 1938 5665 ποίῳ

1970 4681 2016 4734 Ι)
2047 4675 2165 4749 ἕρχ.
2189 4674 2353 4749 Editi,
2375 4676 2708 4749 μέλλωνέρχ.
2729 4676 2850 4733 Mox
2877 4676 3029 4748 Seg.,
3046 4675 3439 4749 σημανθεῖσαν.
3467 4674 3646 4741 Editi,

2051 4746 2179 4817 ἐνση
2190 4746 2504 4816 μανθεῖσαν.

2125 4816 2238 4888 (97)
2277 4819 2369 4871 Sic
2402 4816 2524 4888 Seg.
2559 4817 2781 4873 Gobler.
2814 4828 2868 4873 et
2904 4816 3049 4872 Felc.
3096 4818 3161 4888 1ἒ
3180 4816 3322 4870 Editi
3352 4832 3508 4888 vero,
3540 4819 3646 4872 αὺ-

2048 4886 2626 4960 τοψίᾳγάρλέλώρακαν
2656 4889 2746 4960 τὸ]
2781 4902 2922 4960 61w.
2956 4888 3087 4960 Ibid.
3124 4886 3283 4960 Gohl.
3316 4896 3371 4942 et
3408 4887 3557 4943 Felc.
3588 4894 3644 4952 1,

2046 4959 2138 5031 τὸν
2173 4955 2536 5031 σημανθέντα.
2564 4960 2627 5011 Εί
2671 4955 2764 5012 οὖν
2801 4955 2939 5029 μετά
2973 4957 3145 5012 ταῦτα
3172 4958 3314 5010 εἴποι
3354 4976 3438 5022 τις
3478 4961 3537 5012 ἐν
3569 4963 3642 5031 τῇ

2050 5027 2236 5100 πόλει,
2251 5027 2344 5100 θὸτι
2377 5027 2578 5100 μέλλει.

2122 5099 2234 5171 (98)
2271 5096 2491 5172 GobLer.
2514 5097 2747 5172 etiFelc.
2781 5099 2842 5172 1,
2857 5097 2975 5172 πῶς
3002 5099 3066 5172 σὺ
3090 5097 3271 5172 λέγεις
3301 5096 3460 5151 ἄλλον
3486 5099 3645 5172 ἔρχε-

2052 5167 2175 5221 σθαι
2195 5165 2347 5233 {Kal
2368 5165 2513 5222 οὗτοι
2544 5171 2640 5222 σὺν
2656 5171 2767 5233 τοῖς
2795 5168 2974 5232 ἄλλοις
2995 5168 3169 5222 ἀπώλ.

2116 5239 2228 5310 (99)
2286 5240 2693 5308 Seguerianus,
2744 5239 3109 5310 Gohlerianus
3161 5245 3213 5293 et
3255 5237 3637 5310 _Felckmanni

2042 5308 2272 5380 primus,
2309 5310 2791 5380 προσενέγκαντος.
2832 5309 3006 5380 Editi,
3035 5308 3536 5380 προσενέγκαντας.

2115 5378 2388 5455 (ᾖδες,
2418 5381 2796 5455 ὰπᾳρογάμου
2824 5378 3108 5455 Παρθένου
3139 5380 3381 5455 Μαρίας.
3408 5378 3636 5436 Gobler.

2040 5459 2093 5504 et
2151 5449 2316 5506 Fclcf
2365 5451 2430 5516 1,
2494 5449 2883 5523 ἀπειρογόῳω
2921 5449 3180 5522 Μαρίας,
3238 5450 3449 5505 omissa
3502 5466 3639 5507 voce

2040 5521 2332 5572 ἀνοάντου.

2151 5538 2310 5576 αντου
2319 5562 2332 5575 .

2078 5538 2373 5663 χᾶῗνέἲὲη
2408 5591 2518 5647 Ναὶ
2560 5591 2788 5647 τελείου.
2852 5584 3073 5649 Gobler.
3120 5599 3173 5647 et
3216 5588 3403 5647 Felck.
3438 5592 3491 5658 1,
3535 5593 3638 5650 ταὶ

356 5662 595 5733 σχήματι
614 5661 801 5718 τοῦτον
832 5661 1349 5733 ἐρχεσθαιζιιιὶιίθω
1391 5661 1517 5734 Seg.
1546 5664 1731 5729 habet,
1759 5661 1938 5735 μέλλω

2074 5662 2247 5715 ελείου
2258 5703 2271 5719 .
