3840 6194
421 257 525 314 525

1548 253 1606 309 S.
1646 253 2110 312 ATHANASIUS.
2141 286 2210 295 —
2248 253 2518 310 SPURIA.

3577 250 3690 307 εει

420 364 704 437 templum,
734 380 828 422 seu
878 366 1154 421 hominem
1183 367 1476 438 gestaverit
1505 367 1683 425 factus
1712 369 1898 434 homo,
1932 376 1990 423 ut

2105 370 2250 440 ὐμῶν
2283 369 2376 422 καὶ
2405 369 2473 421 τὰ
2512 365 2766 420 Σάϐϐατα
2803 369 2947 437 μισεῖ
2980 365 3175 438 ἡψυχή
3208 381 3345 436 μου;
3379 384 3397 416 ι
3427 365 3691 436 Ἀφρονέ-

422 473 583 513 omne
623 472 797 528 genus
859 465 1110 512 nostrum
1165 459 1447 512 hominum
1505 460 1884 514 redimeretur.
1929 460 1998 512 At

421 549 554 620 quid
577 548 748 616 dices,
782 564 907 604 cum
966 563 1063 618 per
1116 547 1313 604 Isaiam
1369 550 1568 605 dixerit
1614 551 1678 605 ad
1729 550 1993 606 Judaeos:

427 659 446 693 ι
479 641 804 697 Neomenias
824 649 1038 695 vestras
1062 647 1115 691 ct
1141 638 1381 694 Sahbata
1403 641 1518 695 odit
1543 642 1723 695 anima
1745 658 1864 696 mea
1884 642 1953 694 °°?
1974 663 1992 695 ›

420 731 466 788 Ο
500 733 840 789 stultissime.
879 731 1350 797 Quemadmodum
1406 733 1568 787 etiam
1624 749 1720 803 per
1744 734 1995 788 eumdem

420 839 679 895 magnum
714 824 1033 895 prophetam
1086 826 1207 877 ait:
1253 843 1272 874 ι
1301 825 1442 878 Ecce
1496 823 1662 894 Virgo
1720 825 1775 878 in
1836 833 1997 879 utero

420 917 644 973 habebit
672 927 726 973 et
762 917 938 987 pariet
978 917 1171 980 ﬁlium,
1207 925 1261 970 et
1296 917 1570 971 vocabunt
1622 933 1817 971 nomen
1851 918 1994 987 ejus,

420 1011 741 1066 Emmanuel
773 1010 839 1063 “.
874 1027 892 1061 ι
954 1009 1020 1062 Et
1069 1024 1284 1064 rursum
1340 1027 1354 1061 :
1429 1027 1449 1058 ‹
1501 1007 1770 1064 Parvulus
1831 1017 1996 1065 natus

417 1113 502 1159 est
522 1104 587 1158 “.
628 1125 646 1155 ι
676 1101 741 1156 Ει
767 1104 962 1157 iterum
998 1119 1053 1156 ;ι
1083 1100 1256 1154 Homo
1285 1107 1390 1164 est,
1423 1119 1440 1152 ι
1469 1109 1542 1163 et,
1573 1118 1591 1150 ι
1623 1101 1757 1166 Quis
1793 1116 1996 1171 cogno-

419 1204 537 1252 scet
569 1195 793 1265 ipsum?
817 1212 835 1244 ›
861 1193 1016 1260 Quod
1044 1208 1288 1262 praesens
1310 1193 1426 1262 ipse
1446 1191 1710 1249 Dominus
1745 1209 1840 1263 per
1871 1210 1993 1250 sese

417 1286 765 1358 signiﬁcavit,
801 1301 923 1340 cum
953 1291 1032 1338 tot
1060 1293 1322 1354 tantaque
1359 1283 1611 1340 edentem
1644 1288 1798 1357 signa
1832 1295 1996 1357 atque

420 1379 584 1450 189
617 1383 868 1448 portenta
911 1375 965 1429 in
993 1375 1281 1440 Sabbatis;
1317 1374 1490 1430 Judaei
1513 1391 1542 1429 a
1565 1375 1783 1430 diabolo
1815 1378 1996 1432 conci-

417 1470 539 1531 tati,
569 1483 692 1522 cum
716 1466 972 1520 laudibus
994 1466 1255 1520 extollere
1280 1465 1617 1551 debuissent:
1650 1467 1997 1522 contumeliis

2111 478 2292 514 στατε.
2324 461 2534 531 Ὥσπερ
2582 459 2668 512 διὰ
2716 459 2906 511 τούτου
2952 457 3044 510 τοῦ
3094 457 3327 528 μεγάλου
3368 459 3689 528 προφήτου·

2113 570 2132 602 ‹
2175 551 2304 605 Ἰδοὺ
2336 553 2368 622 ή
2405 549 2680 622 Παρθένος
2713 551 2769 602 ὲν
2801 550 2998 620 γαστρὶ
3029 547 3137 612 ἕξει
3181 549 3274 602 καὶ
3305 547 3514 612 τέξεται
3544 547 3690 607 υἱὸν,

2105 642 2200 695 καὶ
2251 641 2542 695 καλέσουσι
2596 641 2658 692 τὸ
2691 640 2858 710 ὄνομα
2893 639 3057 693 αὐτοῦ
3105 638 3470 709 Ἐμμανουήλ.
3516 656 3533 688 ι
3576 637 3693 688 Καὶ

2105 734 2297 787 πάλινο
2334 751 2353 785 ι
2392 733 2610 787 Παιδίον
2646 732 2910 803 ἐγεννήθη
2939 748 2951 760 ·
2988 751 3005 783 ι
3056 731 3149 784 καὶ
3177 730 3359 792 πάλιν,
3396 729 3477 781 ὃτι
3514 728 3692 778 ("Av-

2103 827 2318 898 θρωπός
2345 827 2648 893 ὲστι,›καὶ,
2681 844 2699 876 ι
2731 825 2826 888 Τίς
2853 824 3118 893 γνώσεται
3147 823 3338 886 αὐτόν;
3381 840 3399 872 ι
3433 819 3526 873 καὶ
3558 818 3694 888 περὶ

2103 919 2292 973 τούτου
2323 920 2565 989 ὲσήμανε
2613 917 2680 970 δι’
2709 915 2904 970 ἑαυτοῦ
2944 917 2972 968 ὁ
3001 915 3224 985 Κύριος,
3260 913 3341 964 ὅτι
3381 913 3437 963 ὲν
3462 913 3525 980 τῇ
3565 911 3693 961 ἐπι-

2100 1010 2288 1082 δημίᾳ,
2327 1011 2610 1080 μέλλοντος
2651 1008 2816 1061 αὐτοῦ
2855 1007 3076 1060 τοιαῦτα
3111 1007 3205 1059 καὶ
3242 1003 3545 1075 τηλικαῦτα
3588 1018 3694 1069 ση-

2103 1105 2230 1172 μεῖα
2256 1102 2348 1154 καὶ
2377 1101 2580 1173 τέρατα
2614 1099 2881 1152 ποιεῖσθαι
2913 1101 2970 1151 ὲν
2989 1097 3308 1157 Σαδδάτοις,
3332 1095 3422 1147 καὶ
3449 1095 3572 1146 ἀντὶ
3589 1091 3692 1144 τοῦ

2102 1193 2344 1261 εὐλογεῖν
2382 1193 2563 1256 αὐτὸν,
2626 1191 3050 1261 ὐποδαλλόμενοι
3104 1189 3208 1242 ὑπὸ
3264 1188 3358 1241 τοῦ
3413 1186 3690 1248 διαϐόλου,

2102 1285 2321 1356 ὕϐριζον
2359 1285 2542 1337 αὐτόν.
2572 1284 2670 1337 Διά
2703 1283 2883 1348 τοῦτο,
2916 1279 3096 1342 καθὼς
3126 1283 3402 1350 προεῖπον,
3429 1279 3522 1331 καὶ
3551 1276 3694 1329 αὐτὸ

2102 1377 2554 1448 προεσημαίνετο.
2580 1375 2780 1430 Λοιπὸν
2803 1375 2938 1445 πρὸς
2972 1374 3142 1426 ταῦτα
3169 1371 3222 1424 τί
3249 1371 3449 1439 λέγεις,
3485 1364 3528 1422 ὦ
3555 1369 3695 1436 ἄψυ-

2105 1486 2165 1538 χε
2188 1485 2207 1554 ξ
2227 1469 2336 1522 Καὶ
2369 1470 2430 1522 σὺ
2464 1470 2559 1521 σὺν
2582 1471 2702 1530 ταῖς
2730 1466 2916 1529 ἄλλαις
2945 1465 3218 1538 αἱρέσεσιν
3243 1463 3443 1516 ἁπόλου
3474 1459 3610 1531 (Η).

417 1559 737 1614 alliciebant.
778 1557 1137 1628 Quapropter,
1166 1558 1242 1610 uti
1293 1572 1458 1627 supra
1487 1557 1620 1624 dixi,
1664 1557 1897 1628 idipsum
1928 1553 2346 1628 praenuntiatum
2370 1560 2490 1615 fuit.
2513 1559 2651 1625 Quid
2683 1561 2749 1614 ad
2776 1559 2888 1612 haec
2907 1558 3124 1612 demum
3151 1556 3373 1618 dixeris,
3403 1569 3436 1608 ο
3457 1553 3694 1607 insane!

415 1648 481 1704 Et
525 1658 581 1703 tu
604 1664 820 1720 quoque
843 1664 964 1702 cum
997 1649 1118 1702 aliis
1148 1647 1448 1704 hiercsibus
1476 1649 1530 1701 in
1562 1650 1855 1717 perniciem
1881 1665 1999 1706 eas.

485 1741 572 1795 12.
613 1739 898 1796 Catholica
927 1756 1058 1795 vero
1089 1740 1355 1804 Ecclesia,
1397 1756 1520 1811 qua:
1553 1750 1700 1796 recte
1729 1743 1877 1813 legit,
1911 1759 1994 1797 ac-

2178 1738 2266 1795 12.
2311 1739 2376 1792 Ἥ
2413 1739 2470 1792 δὲ
2515 1737 2774 1808 καθολικὴ
2807 1736 3098 1807 Ἐκκλησία
3145 1735 3313 1807 αὐτη,
3344 1738 3516 1808 ὀρθῶς
3549 1743 3694 1797 ἀνα..

413 1844 601 1889 curate
633 1841 916 1888 scrutatur
947 1833 1164 1888 divinas
1214 1831 1554 1902 Scripturas,
1593 1849 1652 1888 se
1684 1835 1800 1904 ipsa
1829 1835 1999 1889 aediﬁ-

414 1926 558 1981 cavit
615 1940 780 1996 supra
842 1933 1096 1996 petram:
1142 1923 1380 1995 perl‘ecta
1438 1926 1726 1990 columba,
1782 1927 1996 1981 clavum

413 2019 613 2074 retinet
640 2024 802 2072 rectae
834 2026 887 2074 et
917 2017 1018 2087 piae
1052 2016 1174 2071 ﬁdei
1205 2017 1261 2070 in
1297 2019 1499 2088 scapha
1523 2019 1844 2088 apostolica,
1877 2019 1998 2072 alli-

413 2109 728 2180 dunturque
753 2108 1040 2164 decumani
1073 2107 1272 2162 ﬁuctus
1302 2109 1356 2162 in
1390 2118 1600 2178 petram
1633 2111 1780 2163 illam
1804 2111 1998 2164 immo-

414 2201 599 2265 bilem,
637 2209 688 2255 et
738 2207 1058 2270 spumantes
1095 2209 1257 2270 atque
1285 2201 1448 2254 soluti
1481 2211 1834 2256 evanescunt.
1859 2201 1993 2257 Pro-

413 2295 581 2350 cellas
605 2308 767 2364 porro
805 2293 1116 2349 existimato
1139 2306 1330 2347 omnes
1359 2291 1613 2346 haereses.
1646 2291 1757 2347 Nos
1790 2299 1994 2356 autem,

413 2403 619 2457 quaeso,
650 2386 754 2441 hoc
795 2386 998 2455 triplici
1036 2394 1199 2454 atque
1229 2385 1512 2440 insolubili
1540 2383 1788 2439 funiculo
1818 2385 1998 2439 mani-

413 2480 572 2549 pulos
603 2477 1080 2548 constringamus,
1119 2476 1327 2532 scilicet
1379 2485 1648 2546 praecepta
1693 2476 1994 2541 servando,

415 2578 475 2624 ut
527 2570 864 2642 appellamus
919 2569 985 2623 ad
1053 2569 1351 2624 salutarem
1394 2577 1609 2637 portum
1651 2567 1706 2622 in
1768 2583 1996 2639 regnum

413 2663 678 2718 ccelorum
705 2681 716 2716 :
751 2661 1008 2731 dicatque
1022 2661 1178 2716 nobis
1195 2660 1336 2716 Deus
1360 2659 1616 2726 Verbum,
1644 2659 1813 2717 Filius
1833 2671 1888 2716 et
1909 2676 1997 2718 sa-

414 2753 621 2822 pientia
654 2751 832 2806 Patris
864 2769 878 2804 :
933 2770 951 2802 ι
992 2750 1131 2804 Ecce
1164 2766 1264 2821 ego
1312 2757 1366 2805 et
1399 2751 1553 2820 pueri
1589 2752 1693 2804 mei
1725 2766 1866 2820 quos
1897 2751 1994 2806 de-

413 2844 542 2897 disti
575 2843 706 2896 mihi
731 2843 776 2874 ⁶⁸
811 2861 826 2896 :
870 2861 888 2893 ι
924 2857 1134 2909 nosque
1169 2843 1242 2895 ita
1270 2842 1469 2912 alloqui
1506 2841 1798 2912 dignetur:
1827 2845 1993 2913 Euge,

398 2937 555 3013 servi
580 2936 764 2991 ﬁdeles
788 2944 841 2990 et
866 2935 990 2991 boni
1016 2975 1031 3001 ,
1068 2951 1231 3006 super
1265 2951 1434 3005 pauca
1471 2935 1652 2990 fuistis
1685 2935 1888 2997 ﬁdeles,
1911 2951 1998 2990 su-

412 3043 510 3098 per
537 3029 706 3082 multa
740 3044 838 3084 vos
873 3028 1222 3090 constituam,
1261 3028 1458 3084 intrate
1489 3027 1544 3082 in
1574 3043 1800 3098 regnum
1833 3027 1991 3085 vobis

2102 1831 2306 1900 γνοῦσα
2340 1829 2434 1884 xui.
2467 1829 2708 1900 ἀκριϐῶς
2735 1831 3075 1900 ἐρευνήσασα
3117 1827 3215 1892 τὰς
3248 1829 3398 1892 Θείας
3431 1833 3470 1883 Γ
3477 1835 3686 1903 ραφὰς,

2104 1922 2522 1993 ἐπῳκοδόμησεν
2556 1921 2756 1990 ἑαυτὴν
2795 1922 2888 1973 ἐπὶ
2917 1919 3014 1990 τὴν
3042 1918 3267 1992 πέτραν,
3299 1924 3330 1991 ἡ
3375 1923 3555 1978 τελεία
3585 1945 3690 1980 πε-

2107 2012 2352 2082 ριστερὰ,
2379 2015 2412 2083 ἡ
2441 2013 2747 2082 κατέχουσα
2768 2011 2860 2063 τὸν
2889 2011 3049 2062 οἴακα
3077 2010 3178 2079 τῆς
3208 2011 3372 2082 ὀρθῆς
3401 2014 3495 2065 καὶ
3523 2016 3688 2068 εὐσε-

2103 2095 2233 2168 ϐοῦς
2274 2105 2509 2166 πίστεως
2557 2105 2615 2156 ἐν
2646 2103 2722 2172 τῷ
2773 2103 2969 2170 σκάφει
3012 2101 3088 2172 τῷ
3143 2103 3504 2175 ἀποστολικῴ.
3559 2107 3690 2162 Τῶν

2103 2193 2362 2264 κυμάτων
2383 2193 2490 2262 (ιῖ)
2519 2193 2976 2265 προσρασσόντων
2997 2195 3061 2262 τῇ
3091 2193 3331 2263 ἀκινήτῳ
3361 2195 3555 2266 πέτρᾳ,
3587 2198 3690 2250 καὶ

2103 2283 2536 2355 ἐπαφριζόντων,
2567 2286 2647 2347 εἰς
2683 2283 2849 2336 ἑαυτὰ
2875 2283 3218 2354 ἁναλυόμενα
3243 2287 3686 2355 ὲξαφανίζονται,

2104 2377 2412 2448 Τρικυμίας
2446 2376 2502 2429 δὲ
2535 2376 2670 2447 ήγοῦ
2713 2379 2891 2440 πάσας
2933 2377 3034 2440 τὰς
3066 2378 3327 2448 αἱρέσεις.
3375 2380 3565 2450 Ἡμεῖς
3601 2380 3688 2444 δὲ,

2102 2468 2427 2538 παρακαλῶ,
2449 2469 2622 2538 τούτῳ
2655 2468 2732 2538 τῷ
2763 2469 3039 2540 τριπλόκῳ
3075 2471 3170 2524 καὶ
3211 2469 3500 2541 ἀδιαιρέτῳ
3535 2488 3690 2541 σχοι-

2102 2559 2198 2630 νίῳ
2227 2558 2295 2612 τὰ
2328 2559 2616 2628 δράγματα
2650 2559 2985 2630 σφίγξωμεν,
3016 2558 3116 2622 τὰς
3143 2560 3360 2623 ἐντολὰς
3400 2560 3690 2621 ποιοῦντες

2102 2653 2266 2721 λέγω,
2301 2653 2388 2705 ἵνα
2434 2654 2864 2722 καταντήσωμεν
2914 2651 3028 2720 (13)
3061 2654 3177 2704 ἐκεῖ
3227 2655 3306 2714 εἰς
3350 2653 3440 2706 τὸν
3485 2653 3689 2724 λιμένα.

2101 2745 2191 2797 τδν
2221 2745 2488 2814 σωτήριον
2516 2746 2574 2796 ὲν
2602 2745 2667 2812 τῇ
2707 2741 2954 2813 βασιλείᾳ
2983 2741 3090 2795 τῶν
3129 2743 3393 2812 οὐρανῶν,
3427 2746 3519 2798 καὶ
3550 2746 3686 2817 εἴπῃ

2100 2836 2128 2886 ὁ
2157 2834 2288 2896 Θεὸς
2321 2835 2524 2902 Λόγος,
2574 2836 2602 2886 ὁ
2635 2834 2761 2896 Υἱὸς
2805 2835 2838 2905 ἡ
2870 2833 3026 2902 σοφία
3067 2833 3160 2886 τοῦ
3195 2835 3438 2906 Πατρός·
3491 2856 3509 2886 ‹
3547 2835 3687 2889 Ἰδοὺ

2101 2924 2212 2993 ἐγὼ
2241 2926 2334 2978 καὶ¹
2367 2925 2434 2978 τὰ
2480 2925 2700 2989 παιδία,
2735 2925 2772 2980 ἆ
2806 2944 2895 2997 μοι
2930 2925 3155 2989 ἔδωκας,
3186 2945 3205 2978 ι
3243 2928 3338 2979 καὶ
3364 2927 3689 3000 καταξιώσῃ

2100 3017 2274 3068 εἰπεῖν
2307 3017 2401 3069 καὶ
2445 3017 2581 3088 πρὸς
2631 3019 2806 3088 ἡμᾶς·
2842 3014 2900 3070 εὖ
2924 3057 2938 3081 ,
2983 3018 3156 3071 δοῦλοι
3205 3021 3386 3072 πιστοὶ
3418 3022 3510 3073 καὶ
3540 3023 3690 3090 ἁγα-

2018 3120 2060 3177 c
2095 3108 2210 3162 Ool°
2244 3108 2336 3160 ἐπὶ
2380 3108 2536 3176 ὀλίγα
2570 3105 2668 3180 ἦτε
2717 3112 2920 3176 πιστοὶ,
2959 3111 3051 3164 ἐπὶ
3102 3111 3311 3166 πολλῶν
3351 3115 3690 3184 καταστήσω

2095 3202 2240 3271 ὑμᾶς
2288 3201 2431 3273 (14),
2486 3201 2755 3256 εἰσέλθετε
2810 3207 2890 3267 εἰς
2937 3204 3034 3275 τὴν
3085 3206 3490 3277 ἡτοιμασμένην
3549 3209 3691 3278 ὑμῖν

2094 3291 2392 3361 βασιλείαν.
2425 3293 2672 3347 Γένοιτοί
2706 3296 2901 3366 Ἀμήν.

482 3411 526 3444 ⁸ο
564 3411 670 3466 lsa.
706 3426 757 3474 ι,
797 3410 882 3463 15.
959 3408 1000 3440 *⁸
1044 3410 1149 3464 lsa.
1181 3424 1278 3472 vn,
1317 3408 1403 3462 M.
1481 3408 1525 3440 “
1566 3407 1669 3464 lsa.
1702 3425 1776 3474 Ix,
1813 3409 1866 3463 6.
1943 3409 1989 3442 ⁸³

2105 3429 2134 3465 ι.
2169 3429 2282 3476 vnt,
2324 3413 2412 3467 l8.
2489 3413 2535 3445 “
2574 3413 2765 3469 Matth.
2802 3432 2930 3479 xxv,
2965 3417 3054 3483 21,
3086 3416 3174 3471 25.

483 3528 598 3600 (Hi),
629 3528 876 3598 Seguel‘.,
897 3526 1145 3600 ἀπόλλου,
1184 3525 1346 3600 Basil:
1379 3525 1602 3600 ἀπόλου1
1624 3523 1800 3600 _Editi,
1833 3525 1986 3600 ᾁπὼ-

411 3594 526 3680 λου.
557 3594 677 3653 Mox
705 3594 855 3670 Seg.,
906 3597 1078 3670 ὀρθῶς
1118 3595 1438 3665 ἀναγνοῦσα.
1487 3594 1688 3666 Ὀρθῶς
1713 3597 1805 3648 καὶ
1830 3597 1989 3668 ἀκρι-

629 3737 852 3820 ξρειιετ.
879 3735 1190 3820 βοὺῐεινίοη.
1210 3745 1263 3791 et
1284 3735 1430 3791 Felc.
1457 3735 1508 3799 1,
1532 3735 1639 3788 τῶν
1660 3733 1986 3807 τρικυμιῶν,

413 3807 587 3870 Εάὶιί,
613 3807 724 3862 τῶν
750 3807 1032 3878 κυμάτων.

484 3879 596 3950 (15)
627 3873 874 3950 Segugrl,
901 3876 1294 3950 καταντήσητε.
1311 3873 1529 3929 Goblcr.
1557 3883 1609 3950 et
1626 3874 1769 3950 Felc.
1795 3876 1845 3950 i_,
1871 3892 1997 3950 κατέ

413 3945 735 4021 αντήσηταῐ.
763 3948 886 4003 Mox
932 3948 1096 4002 iidem
1136 3945 1245 4000 duo
1313 3946 1595 4016 postremi,
1627 3945 1891 4016 οὐρανῶν,
1928 3945 1993 3997 ἵν’

413 3127 776 3189 praeparatum
808 3119 872 3173 “.
907 3116 1065 3172 Faxit
1092 3117 1268 3174 Deus!
1301 3119 1494 3172 Amen.

2252 3528 2426 3607 όΥίὺς
2454 3529 2741 3607 καὶ-Λόγος
2763 3533 2855 3586 τοῦ
2884 3533 3094 3602 Θεοῦ,ἠ
3125 3535 3216 3588 τοῦ
3235 3535 3445 3605 Πατρὸς
3473 3538 3641 3607 σοφία
3670 3556 3687 3569 ·

2110 3597 2239 3649 Ἰδοὺ
2265 3597 2373 3666 ἐγὼ
2397 3600 2490 3653 καὶ
2514 3601 2582 3653 τὰ
2613 3597 2799 3656 τέκνα.

2161 3668 2272 3748 (η)
2305 3669 2401 3748 ἓίο
2451 3668 2674 3748 Seguer.
2724 3681 2778 3726 et
2827 3672 3163 3748 Basiliensis.
3222 3673 3483 3748 lnredjtis
3532 3678 3692 3748 ὑμᾶς

2098 3736 2425 3814 deest.)qu
2456 3736 2590 3804 haec,
2609 3743 2820 3814 γένοιτο
2842 3745 2867 3814 l
2890 3745 3058 3814 ἀμήν,
3075 3746 3270 3799 desunt
3293 3747 3345 3798 in
3373 3736 3596 3801 Gobler'.
3628 3736 3692 3803 ei

2098 3807 2242 3889 [:‘lelc2
2279 3809 2330 3861 1.
2369 3807 2594 3879 Seguer.
2622 3807 2790 3868 habet
2837 3809 2905 3886 ἧς
2931 3807 3151 3884 ’γένοιτο
3190 3818 3467 3887 ἐπιτυχεῖν
3507 3820 3687 3889 ὑμᾶς.

2114 3878 2304 3949 Ἀμήν.

3227 4115 3668 4137 ινα-..η--υ

1249 4214 1317 4271 ιΝ
1359 4212 1744 4269 HISTORIAM
1783 4210 1873 4266 DE
1916 4208 2400 4266 MELCHISEDEC
2441 4210 2851 4268 ADMONITIO.

483 4377 773 4448 Propalam
800 4372 994 4427 esthoc
1015 4370 1325 4439 opusculum
1373 4384 1476 4421 non
1511 4383 1623 4421 esse
1653 4365 1966 4429 Athanasii,
1994 4365 2084 4420 sed
2117 4355 2461 4436 nugacissimi
2483 4360 2758 4434 cujusdam
2779 4364 3042 4434 Graculi,
3073 4371 3162 4440 qui
3195 4383 3545 4428 commentum
3578 4377 3687 4433 hoc

412 4493 565 4533 suum
584 4473 940 4542 utevulgaret,
960 4468 1256 4521 Athanasio
1275 4482 1434 4519 ausus
1451 4461 1527 4519 est
1547 4463 1830 4517 ascribere.
1857 4462 2004 4516 Unde
2019 4463 2282 4516 miramur
2312 4460 2580 4516 eruditum
2597 4468 2875 4532 quemdam
2895 4466 3054 4535 hujus
3073 4469 3168 4521 tevi
3191 4469 3517 4538 scriptorem,
3540 4475 3687 4530 adeo

411 4575 644 4640 ineptam
682 4568 961 4623 historiam
987 4563 1281 4617 Athanasio
1307 4577 1538 4615 asserere
1575 4559 1818 4613 voluisse.
1857 4559 1999 4624 Quid
2039 4559 2205 4628 magis
2238 4559 2376 4612 enim
2404 4558 2596 4612 anilem
2629 4562 2766 4627 sapit
2795 4560 3058 4629 fabulam,
3085 4579 3244 4630 quant
3265 4567 3508 4619 narratio
3547 4569 3686 4632 ilp'a‘

411 4667 474 4721 de
507 4663 701 4719 Melchi
727 4677 844 4732 rege
880 4658 1082 4722 Salem,
1115 4652 1206 4726 qui
1242 4667 1359 4704 cum
1395 4649 1496 4703 diis
1528 4648 1676 4702 vellet
1715 4648 2010 4711 immolare,
2041 4645 2419 4702 Melchisedeco
2465 4649 2578 4717 ﬁlio
2601 4650 2767 4717 jussit
2801 4659 2858 4702 ut
2893 4651 3102 4719 afferret
3126 4653 3333 4707 vitulos.
3359 4643 3690 4726 Βεραςηαηέ

413 4768 514 4813 tem
547 4754 981 4812 Melchisedecum
1006 4753 1178 4820 ipsum
1207 4743 1474 4812 sacriﬁcio
1495 4741 1813 4804 destinavit;
1844 4758 1960 4794 cum
1985 4757 2150 4796 uxore
2175 4752 2370 4796 sortem
2398 4743 2543 4795 misit
2587 4754 2642 4796 ut
2687 4745 2840 4798 sciret
2870 4755 2986 4798 uter
3025 4761 3091 4800 ex
3117 4748 3320 4802 duobus
3353 4750 3481 4818 ﬁliis
3504 4755 3691 4807 sacri-

410 4850 532 4919 ﬁcio
560 4844 854 4917 o/ferendus
883 4851 1053 4897 esset:
1094 4841 1149 4893 in
1189 4834 1597 4907 primogenitum
1630 4832 1770 4898 patri
1807 4833 2179 4886 charissimam
2231 4849 2346 4887 sors
2379 4836 2520 4887 cadit
2551 4850 2569 4887 :
2603 4833 2816 4888 ducitur
2843 4835 2936 4890 ille
2965 4837 3323 4893 immolandas
3361 4857 3482 4894 cum
3517 4845 3688 4912 quin-

409 4945 578 5016 gentis
608 4942 730 4996 aliis
763 4933 1179 4993 adolescentibus
1203 4973 1218 4993 ,
1264 4945 1328 4986 ex
1363 4931 1574 4998 aliaque
1600 4939 1752 5000 parte
1779 4930 2022 4982 trecentis
2049 4945 2158 4981 una
2191 4928 2510 4983 mactandis.
2551 4929 2815 4998 Beneﬁcio
2843 4931 3004 4984 sortis
3040 4944 3277 4987 servatus
3305 4933 3684 5003 Melchisedec,

409 5043 562 5106 rogat
602 5032 770 5086 Deum
796 5038 854 5082 ut
885 5025 1267 5082 absorbeantur
1287 5022 1326 5074 ii
1353 5020 1444 5091 qui
1473 5019 1577 5073 diis
1607 5020 1979 5083 immolabant,
2013 5028 2122 5072 tum
2153 5019 2380 5075 hiscente
2405 5030 2546 5073 terra
2575 5019 2884 5074 absorbetur
2921 5031 3032 5076 tota
3061 5025 3270 5088 civitas,
3303 5042 3394 5080 nec
3421 5043 3526 5080 uno
3560 5031 3656 5097 qui

407 5127 523 5180 dem
545 5123 844 5194 superstite.
878 5119 943 5173 In
983 5118 1199 5172 densam
1230 5111 1422 5164 silvam
1463 5108 1655 5163 secedit
1685 5107 2034 5162 Melchisedec
2059 5125 2150 5176 per
2179 5110 2504 5177 septennium
2525 5150 2539 5174 ,
2572 5107 2662 5161 ubi
2695 5108 2912 5162 dorsum
2941 5110 3055 5180 ejus
3088 5113 3260 5167 instar
3283 5116 3564 5170 testudinis
3588 5135 3688 5171 oc-

409 5216 616 5279 calluit,
647 5228 846 5282 ungues
873 5210 941 5263 ad
969 5209 1136 5279 palmi
1175 5208 1553 5278 longitudinem
1582 5215 1856 5270 crescunt,
1899 5214 1949 5259 et
1983 5206 2186 5260 similia
2217 5206 2590 5270 deliramenta,
2617 5223 2733 5276 qua:
2761 5208 2972 5262 etiamsi
3005 5227 3109 5264 non
3139 5223 3310 5265 essent
3332 5213 3470 5265 alias
3492 5225 3689 5282 aperte

407 5302 771 5376 repudiandd,
803 5305 882 5360 vel
903 5321 967 5358 ex
996 5303 1093 5356 hoc
1113 5320 1217 5356 uno
1240 5301 1550 5356 damnanda
1587 5301 1728 5371 quod
1763 5319 1866 5356 non
1893 5302 2052 5356 semel
2082 5318 2197 5356 cum
2226 5301 2505 5372 Scriptura
2532 5301 2810 5371 manifeste
2831 5315 3076 5374 pugnent.
3096 5305 3363 5361 Praeterea
3386 5307 3482 5360 sub
3511 5309 3684 5376 ﬁnem

407 5401 648 5469 opusculi
676 5404 752 5454 ita
781 5401 845 5454 de
871 5399 1095 5453 Nicwna
1123 5396 1323 5467 synodo
1355 5413 1526 5451 sermo
1560 5395 1802 5464 habetur,
1830 5398 1983 5467 quasi
2012 5397 2248 5466 jamdiu,
2268 5415 2430 5468 neque
2453 5399 2671 5468 hujusce
2702 5400 2976 5469 scriptoris
3009 5415 3138 5461 αιυο,
3166 5397 3452 5463 celebrata,
3476 5409 3536 5453 ut
3574 5418 3688 5456 uox

407 5492 548 5546 κατὰ
576 5491 799 5564 καιρούς
821 5492 1058 5546 indicare
1083 5489 1305 5545 videtur.
1339 5488 1484 5543 Satis
1513 5489 1732 5558 antiqua
1788 5498 1964 5543 tamen
2023 5499 2099 5544 est
2149 5489 2260 5544 haec
2317 5491 2573 5553 historia,
2626 5500 2804 5559 utpote
2866 5506 2982 5562 qua:
3014 5491 3069 5544 in
3104 5489 3280 5543 codice
3307 5489 3467 5561 Regio
3501 5502 3684 5548 exstet

409 5580 474 5631 ab
503 5584 656 5636 annis
684 5583 802 5651 plus
833 5584 1168 5654 septingentis
1201 5583 1484 5653 descripto.
1527 5583 1786 5640 Carterum
1823 5601 2016 5655 magna
2059 5594 2138 5640 est
2174 5585 2414 5643 codicum
2445 5587 2696 5655 varietas,
2728 5588 2854 5659 quia
2890 5589 3108 5660 quisque
3146 5588 3401 5645 librarius
3422 5629 3436 5654 ,
3489 5588 3684 5659 hujus-

408 5671 550 5724 modi
583 5676 870 5744 conspectis
902 5677 1076 5746 nugis,
1111 5693 1270 5730 novas
1301 5676 1565 5732 arbitratu
1595 5695 1690 5734 suo
1713 5693 1880 5747 nugas
1912 5675 2128 5746 adjecit.
