3860 6200
171 314 265 368 5‘35

170 432 307 485 ΤΟΥ
327 432 596 495 ΑΥΤΟΥ,
622 434 741 487 ΔΙΑ
771 435 840 487 ΤΙ
873 435 1173 488 ΕΚΛΗΘΗ
1198 437 1241 486 0
1258 433 1702 488 ΜΕΛΧΙΣΕΔΕἿ

1839 430 2182 487 EIUSDEM
2203 473 2218 495 ,

663 505 965 558 ΑΜΗΤΩΡ
1021 506 1156 559 ΚΑΙ
1197 504 1729 559 ΑΓΕΝΕΑΛΟΓΗ-

320 604 361 624 ..ι
518 611 531 623 .
564 590 584 622 ι

320 590 361 624 ἐι
397 590 531 624 ιιθι.
564 590 584 622 δ

474 684 726 753 Ἰστορία
766 687 853 751 εἰς
884 685 992 739 τὸν
1027 685 1423 755 Μελχισεδέκ.

238 797 323 849 Ἐν
354 795 436 866 τῷ
489 797 665 869 καιρῷ
702 799 897 868 ἐκείνῳ
947 794 1015 870 ἦν
1056 818 1139 863 τις
1186 799 1474 871 βασίλισσα
1516 797 1727 870 Σαλὴμ,

158 888 293 943 κατά
324 890 386 943 τὸ
417 889 587 961 ὄνομα
607 891 706 961 τῆς
734 891 941 955 πόλεως
959 908 972 922 ·
1004 892 1261 963 ἐγέννησε
1290 893 1347 947 δὲ
1373 892 1726 947 τὸνΣαλαάδ.

155 982 360 1035 Σαλαὰδ
383 983 441 1035 δὲ
482 983 740 1054 ἐγέννησε
789 984 982 1055 Μελχί.
1025 985 1199 1055 Μελχὶ
1229 985 1287 1038 δὲ
1335 985 1460 1056 ἔσχε
1496 988 1729 1054 γυναῖκα

154 1072 289 1126 λιτά
337 1073 398 1126 τὺ
448 1074 618 1145 ὄνομα
665 1076 834 1145 αὐτῆς
877 1076 1100 1147 Σαλήμ·
1149 1077 1302 1130 ἔτεκε
1341 1078 1398 1130 δὲ
1445 1076 1593 1148 αὐτῷ
1636 1076 1729 1130 δύο

154 1166 316 1229 υἱοὺς,
350 1166 447 1218 ἕνα
474 1165 808 1236 καλούμενον
840 1166 930 1221 τὸν
959 1168 1153 1238 Μελχὶ,
1179 1169 1274 1223 καὶ
1310 1169 1496 1241 ἕτερον
1520 1168 1727 1238 Μελχι-

154 1257 326 1312 σεδέκ.
343 1253 453 1311 ⁴Ἦν
480 1258 539 1311 δὲ
566 1259 594 1311 6
620 1258 802 1331 πατὴρ
826 1258 1005 1313 αὐτῶν
1024 1259 1243 1330 Ἕλλην,
1274 1260 1503 1325 ἄσωτος,
1534 1259 1727 1323 θυσίας

152 1348 417 1402 ἐπιτελῶν
467 1352 581 1413 τοῖς
629 1350 888 1416 εἰδώλοις.
938 1353 1244 1422 Συνέφθασε
1274 1353 1331 1406 δὲ
1363 1354 1554 1425 καιρὸς
1601 1355 1726 1407 ἐπι·

144 1441 354 1511 τήδειος
386 1441 480 1495 τοῦ
514 1442 789 1509 θυσιάζειν
828 1448 941 1508 τοῖς
976 1446 1243 1508 εἰδώλοις·
1278 1442 1347 1516 ἦν
1391 1446 1501 1518 γὰρ
1538 1446 1727 1500 θυσιά-

144 1533 249 1596 {cev
281 1535 343 1587 ὲν
386 1534 466 1606 τῷ
514 1535 831 1607 δωδεκαθέῳ
857 1537 1000 1608 (16)·
1042 1539 1135 1592 καὶ
1171 1538 1318 1607 λέγει
1353 1540 1529 1611 Μελχὶ
1559 1543 1587 1594 6
1628 1540 1727 1611 βα-

145 1626 323 1689 σιλεὺς
370 1625 450 1697 τῷ
487 1626 683 1680 ἑαυτοῦ
708 1627 810 1698 υίῷ
856 1628 1222 1699 Μελχισεδέκ·
1258 1629 1404 1683 Λάϐε
1448 1629 1585 1700 μετὰ
1629 1630 1722 1685 σοῦ

1295 307 1620 371 HISTORIA
1658 314 1745 369 DE
1783 300 2287 371 MELCHISEDEC‘.

3318 280 3423 372 δερ

2271 422 2521 500 QUARE
2556 426 2828 488 DICTUS
2862 431 2985 489 SIT
3008 431 3423 489 MELCHISE-

1910 501 2082 564 DEC,
2123 521 2141 554 ι
2193 500 2378 558 SINE
2409 501 2673 570 PATRE,
2708 501 2896 558 SINE
2920 502 3193 571 MATRE,
3237 502 3423 559 SINE

1907 571 2384 629 GENEALOGIA
2420 574 2490 627 ⁸⁵.
2522 593 2542 626 ι

2252 684 2497 740 Historia
2533 686 2598 740 de
2639 684 3003 741 Melchisedec.

1904 796 2058 853 Tunc
2122 800 2381 870 temporis
2454 807 2574 853 erat
2640 798 2827 869 regina
2888 796 3137 869 quasdam
3202 797 3416 864 Salem,

1833 891 1976 961 quod
2011 893 2190 961 ipsum
2233 900 2351 946 erat
2402 890 2556 946 urbis
2613 905 2835 956 nomen,
2869 891 3164 961 genuitque
3198 888 3414 945 Salaad.

1834 982 2032 1038 Salaad
2063 999 2191 1039 vero
2220 985 2407 1055 genuit
2464 983 2678 1039 Melchi.
2720 982 2916 1038 Melcbi
2946 991 3128 1039 autem
3189 998 3417 1038 uxorem

1830 1075 2021 1130 habuit
2043 1075 2090 1130 ei
2125 1075 2740 1147 cognominem,Salem
2790 1094 2801 1129 :
2869 1089 2991 1145 qua:
3048 1075 3263 1146 peperit
3310 1074 3416 1145 ipsi

1829 1166 1969 1223 duos
2002 1167 2163 1230 ﬁlios,
2188 1183 2357 1222 unum
2388 1167 2611 1223 nomine
2661 1167 2853 1223 Melcbi
2875 1156 2911 1234 ,’
2936 1174 2990 1221 et
3016 1168 3248 1223 alterum
3278 1164 3413 1222 Mel—

1828 1260 2100 1315 chisedec.
2133 1260 2371 1331 Eratque
2393 1261 2613 1316 illorum
2644 1269 2822 1332 pater,
2857 1261 3105 1333 gentilis,
3137 1261 3409 1332 impurus,

1827 1352 2099 1408 sacriﬁcia
2128 1353 2417 1409 immolans
2434 1353 2613 1408 idolis.
2658 1354 2891 1409 Advenit
2917 1369 3047 1408 vero
3076 1361 3292 1424 tempus
3317 1368 3408 1410 sa-

1826 1444 2106 1500 criﬁcandi
2141 1444 2302 1500 idolis
2322 1444 2600 1509 idoneum,
2631 1445 2948 1500 immolabat
2976 1444 3125 1499 enim
3151 1445 3207 1499 in
3238 1446 3407 1501 dode-

1824 1538 2020 1592 catbeo
2056 1536 2184 1609 (hoc
2207 1545 2314 1601 est,
2344 1538 2402 1591 in
2433 1539 2636 1610 templo
2661 1538 2950 1594 duodecim
2982 1539 3232 1610 deorum)
3263 1559 3277 1595 :
3312 1540 3411 1595 ait-

1825 1645 1931 1699 que
1954 1644 2049 1684 rex
2090 1627 2282 1684 Melcbi
2315 1628 2429 1684 ﬁlio
2480 1645 2581 1686 suo
2612 1629 3012 1686 Melchisedec:
3065 1629 3408 1696 Quibusdam

141 1718 205 1770 ἐκ
232 1716 344 1769 τῶν
374 1718 700 1789 παιδαρίων,
736 1720 831 1773 καὶ
862 1720 1064 1774 ἄπελθε
1088 1722 1169 1786 είς
1196 1721 1257 1774 τὸ
1303 1720 1601 1792 βουκόλιον,
1630 1725 1702 1777 κα

1826 1722 2011 1793 pueris
2042 1731 2221 1777 tecum
2249 1722 2549 1794 assumptis
2579 1722 2649 1777 ad
2676 1721 2856 1777 bovile
2900 1735 3088 1791 perge,
3125 1728 3179 1776 et
3228 1720 3408 1777 adduc

140 1811 386 1881 πρόσαγέ
449 1830 536 1882 μοι
593 1812 736 1865 ἑπτά
799 1813 1072 1883 μόσχους,
1150 1813 1237 1865 i'va
1299 1813 1553 1885 θύσωμεν
1605 1817 1719 1879 τοῖς

140 1902 298 1967 θεοῖς.
341 1906 741 1976 Ἀπερχόμενος
773 1903 867 1959 οὖν
892 1908 920 1959 ὁ
957 1907 1309 1978 Μελχισεδὲκ,
1350 1907 1531 1961 ἔννοια
1564 1907 1717 1980 θεῖκὴ

137 1996 371 2067 ἐπῆλθεν
425 1996 574 2067 αὐτῷ
615 1998 759 2052 κατὰ
801 1999 901 2070 τὴν
943 1998 1098 2064 ὁδὸν,
1151 2000 1245 2053 καὶ
1298 2000 1553 2064 ἀτενίσας
1604 2002 1717 2064 τοῖς

137 2088 433 2159 ὀφθαλμοῖς
477 2089 641 2142 αὐτοῦ
674 2091 757 2153 είς
793 2089 885 2144 τὸν
935 2091 1163 2163 οὐρανὸν
1199 2093 1341 2164 (l7),
1387 2092 1599 2162 ὴτένιξε
1637 2092 1717 2163 τῷ

135 2182 301 2253 ἡλίῳ,
336 2182 432 2235 καὶ
482 2181 798 2254 ἐνεθυμεῖτο
849 2185 978 2256 περὶ
1024 2186 1119 2256 τῆς
1184 2186 1415 2258 σελήνης
1474 2189 1567 2241 καὶ
1608 2186 1715 2241 τῶν

135 2272 381 2343 ἄστρων·
436 2273 530 2326 καὶ
573 2274 631 2326 ἐν
684 2273 863 2345 ἑαυτῷ
912 2276 1200 2345 γενόμενος
1261 2273 1447 2332 εἶπεν·
1513 2278 1581 2332 Εἴ
1630 2295 1715 2343 τις

133 2365 357 2437 ἐποίησε
390 2365 481 2419 τὸν
505 2366 751 2435 οὐρανὸν,
783 2366 881 2438 τὴν
908 2368 1031 2439 γῆν,
1057 2368 1151 2422 καὶ
1169 2368 1266 2440 τὴν
1281 2369 1577 2435 θάλασσαν,
1618 2371 1714 2425 καὶ

131 2456 200 2509 τά
219 2456 418 2529 ἄστρα,
443 2458 636 2528 ἐκείνῳ
663 2458 867 2528 ὀφείλει
889 2459 1106 2531 δοθῆναι
1131 2464 1163 2532 ή
1188 2461 1345 2515 θυσία
1365 2461 1444 2533 τῷ
1467 2463 1712 2518 κτίσαντι

130 2547 289 2601 αὐτά.
324 2548 589 2619 Ἔκδηλόν
619 2567 686 2619 με
730 2549 945 2603 ποιοῦσι
970 2551 1039 2605 τά
1084 2555 1286 2623 σημεῖα
1324 2553 1417 2606 τοῦ
1454 2553 1709 2626 οὐρανοῦ,

129 2638 211 2691 ὅτι
236 2640 266 2691 6
294 2638 519 2708 κτίστης
562 2639 741 2694 αὐτῶν
760 2681 775 2707 ,
811 2641 996 2695 ἐπάνω
1033 2642 1214 2696 αὐτῶν
1238 2644 1708 2712 ’ἐπαναπαύεται,

128 2730 440 2802 ἄφθαρτος,
471 2731 733 2801 ἀόρατος,
784 2732 1053 2797 ἀθάνατος
1089 2735 1248 2805 μόνος
1279 2735 1411 2800 Θεὸς
1447 2736 1709 2808 ὑπάρχων

126 2822 181 2874 ὲν
218 2820 436 2893 οὐρανῷ
488 2822 583 2874 καὶ
631 2824 725 2877 ἐπὶ
769 2825 907 2895 γῆς,
949 2825 1310 2897 ἐπιστάμενος
1362 2827 1710 2899 βλασφημίας

124 2913 363 2983 καρδιῶν
406 2912 558 2985 (18)·
609 2916 771 2979 αὑτός
827 2920 976 2972 ἐστιν
1026 2918 1280 2989 ἀληθινὸς
1328 2920 1494 2983 θεός·
1558 2920 1707 2992 αὐτῷ

120 3006 329 3074 ὀφείλει
375 3005 594 3078 δοθῆναι
644 3010 676 3079 ἡ
736 3008 915 3063 θυσία.
985 3009 1228 3063 Ἀπέλθω
1276 3006 1368 3064 οὖν
1424 3011 1559 3082 πρὸς
1617 3012 1707 3065 τὸν

1821 1815 1955 1868 mihi
1998 1822 2203 1884 septem
2232 1815 2458 1879 vitulos,
2486 1823 2545 1868 ut
2594 1814 2701 1869 diis
2733 1813 3128 1869 sacriﬁcemus.
3164 1811 3406 1885 Pergen-

1821 1911 1925 1958 tem
1955 1903 2115 1975 190
2142 1904 2504 1960 Melchisedec
2520 1904 2727 1978 .divina
2754 1902 3001 1975 quasdam
3044 1904 3306 1975 cogitatio
3348 1905 3404 1959 in

1818 1997 1907 2050 via
1939 1998 2131 2061 subiit,
2167 2009 2221 2052 et
2266 1997 2498 2053 sublatis
2542 1996 2596 2051 in
2625 1999 2824 2053 coelum
2855 1997 3032 2053 oculis
3054 2036 3070 2061 ,
3102 1997 3404 2068 aspiciebat

1819 2087 2011 2152 solem,
2031 2087 2213 2142 lunam
2230 2088 2608 2144 considerabat
2634 2097 2689 2143 et
2719 2088 2927 2144 stellas.
2959 2086 3084 2143 Haec
3110 2102 3295 2144 secum
3315 2103 3394 2143 re-

1818 2190 2019 2251 putans
2049 2179 2127 2235 ait
2154 2200 2166 2235 :
2199 2178 2256 2234 Si
2282 2180 2405 2250 quis
2427 2178 2558 2235 fecit
2583 2180 2806 2244 cmlum,
2831 2188 3054 2244 terram,
3073 2194 3245 2245 mare,
3268 2180 3404 2236 stel-

1816 2271 1918 2337 las,
1952 2271 2081 2327 huic
2131 2272 2342 2327 scilicet
2389 2286 2581 2327 eorum
2639 2270 2911 2326 conditori
2964 2270 3147 2328 oﬁerri
3197 2271 3404 2328 sacriﬁ-

1815 2364 1961 2419 cium
2007 2371 2239 2433 oportet.
2264 2362 2553 2433 Propalam
2604 2362 2736 2417 mihi
2784 2360 2995 2417 faciunt
3022 2362 3181 2433 signa
3234 2362 3400 2429 cmli,

1813 2468 2001 2510 eorum
2032 2454 2369 2510 conditorem
2406 2469 2573 2525 super
2620 2454 2700 2511 eis
2743 2454 3047 2523 quiescere.
3081 2451 3185 2520 Qui
3213 2454 3402 2508 incor-

1813 2544 2110 2616 ruptibilis,
2130 2543 2442 2609 invisibilis,
2470 2541 2819 2608 immortalis,
2840 2541 2990 2598 solus
3009 2540 3153 2596 Deus
3179 2539 3397 2597 exsistit

1811 2637 1867 2691 in
1910 2639 2052 2693 coelo
2084 2648 2139 2693 et
2177 2638 2233 2692 in
2267 2645 2413 2692 terra
2446 2655 2459 2691 :
2514 2635 2665 2690 novit
2697 2634 3067 2704 blaSphemias
3097 2631 3345 2689 cordium
3378 2649 3395 2700 ;

1811 2728 1860 2783 is
1889 2743 2023 2785 sane
2064 2744 2229 2786 verus
2285 2727 2431 2784 Deus
2464 2735 2585 2791 est,
2634 2727 2740 2797 ipsi
2788 2726 3121 2781 sacriﬁcium
3150 2725 3393 2780 oblatum

1810 2830 2045 2893 oportet.
2075 2821 2293 2877 Patrem
2330 2821 2494 2892 igitur
2524 2820 2686 2876 adibo
2730 2834 2945 2886 meum,
3006 2825 3295 2890 petamque
3326 2819 3394 2874 ab

1810 2929 1877 2969 eo
1907 2912 2142 2976 veniam,
2175 2910 2429 2966 fortassis
2476 2925 2564 2965 me
2605 2909 2895 2964 auditurus
2948 2915 3053 2964 est.
3090 2907 3394 2964 Reversus-

1809 3022 1916 3077 que
1938 3014 2022 3062 est
2058 3004 2442 3068 Melchisedec,
2474 3003 2612 3057 nihil
2669 3018 2859 3058 secum
2913 3001 3170 3057 aﬁ‘erens.
3215 3000 3390 3068 Quem

122 3100 341 3171 πατέρα
373 3118 497 3171 μου,
530 3102 625 3155 καὶ¹
652 3103 1118 3173 συγγνωμήσομαι
1145 3102 1323 3174 αὐτῷ·
1375 3104 1506 3166 ἴσως
1538 3102 1702 3157 ἀκού-

1815 3102 1903 3155 ubi
1927 3100 2064 3155 vidit
2094 3110 2250 3169 pater
2279 3098 2421 3167 ejus,
2451 3096 2529 3151 ait
2579 3096 2683 3167 ipsi
2716 3113 2729 3149 :
2762 3093 2995 3150 Ubinam
3026 3102 3159 3151 sunt
3191 3092 3389 3149 vituli?

120 3193 272 3246 σεται
324 3210 447 3264 μου.
486 3193 733 3247 Ἀνέλυσε
777 3194 833 3247 δὲ
866 3197 895 3248 6
945 3195 1311 3265 Μελχισεδὲκ,
1359 3196 1523 3266 μηδὲν
1561 3196 1701 3249 ἀπο·-
1744 3262 1747 3265 _

117 3286 324 3357 φέρων.
365 3285 510 3339 Ἰδὼν
538 3286 593 3339 δὲ
618 3287 782 3340 αὑτὸν
813 3288 843 3340 6
884 3287 1067 3358 πατὴρ
1096 3286 1284 3352 αὐτοῦ,
1334 3288 1480 3357 λέγει
1515 3286 1666 3357 αὑτῷ
1685 3306 1698 3319 ·

116 3379 228 3432 Ποῦ
257 3380 397 3432 εἰσιν
429 3380 479 3431 oi
524 3380 748 3450 μόσχοι;
784 3381 843 3433 '0
871 3380 928 3432 δὲ
967 3380 1300 3450 Μελχισεδὲκ
1330 3380 1478 3449 λέγει
1511 3380 1660 3452 αὑτῷ
1682 3397 1694 3409 ·

113 3473 205 3544 Μὴ
240 3472 486 3544 ὀργίζου,
532 3473 707 3545 πάτερ
753 3472 990 3544 βασιλεῦ,
1040 3473 1154 3526 ἀλλ’
1192 3473 1424 3528 ἄκουσόν
1467 3491 1588 3545 μου.
1642 3473 1700 3529 ’0

109 3564 166 3617 δὲ
223 3562 379 3617 εἶπε·
421 3565 485 3616 Τί
524 3564 669 3634 ἔχεις
710 3566 919 3629 εἰπεῖν,
956 3564 1077 3617 εἰπὲ
1130 3564 1221 3617 διὰ
1270 3566 1487 3635 τάχους.
1544 3566 1602 3618 '0
1640 3566 1698 3619 δὲ

110 3650 450 3722 Μελχισεδὲκ
498 3652 670 3721 λέγει·
725 3653 916 3723 Δεῦρο,
977 3656 1075 3726 τὴν
1123 3654 1346 3718 θυσίαν,
1381 3656 1448 3725 ἢν
1499 3655 1696 3727 ἔχομεν

106 3740 321 3805 δοῦναι,
374 3743 449 3813 μὴ
492 3743 672 3814 δῶμεν
716 3745 887 3815 αὐτὴν
930 3748 1045 3808 τοῖς
1092 3745 1236 3809 θεοῖς
1276 3745 1516 3810 τούτοις·
1550 3740 1695 3801 οὗτοι

104 3832 219 3902 γὰρ
275 3832 338 3885 οὐ
393 3832 671 3901 φαίνονταί
736 3852 827 3906 μοι
872 3835 1017 3889 θεοί·
1070 3835 1207 3889 ἀλλὰ
1259 3836 1459 3908 μᾶλλον
1514 3837 1695 3909 δῶμεν

104 3923 307 3978 θυσίαν
363 3924 443 3996 τῷ
493 3927 962 3998 έπαναπαυομένῳ
1014 3927 1199 3981 ἐπάνω
1260 3928 1368 3983 τῶν
1425 3929 1690 3999 οὐρανῶν.

100 4017 287 4080 Αὐτὸς
320 4016 428 4089 γάρ
450 4016 583 4081 Θεὸς
619 4018 778 4074 θεῶν.
822 4021 878 4073 Ὁ
904 4019 960 4072 δὲ
987 4021 1171 4092 πατὴρ
1213 4020 1378 4075 αὐτοῦ
1414 4021 1690 4093 ὀργισθεὶς

97 4104 256 4174 λέγει
284 4106 461 4177 αὐτῷ·
511 4108 784 4180 Πορεύου·
830 4109 1003 4179 ἄγαγε
1050 4110 1086 4164 ἃ
1117 4107 1270 4164 εἶπόν
1316 4127 1433 4164 σοι’
1470 4114 1592 4167 ἐπεὶ
1622 4115 1685 4167 οὐ

97 4199 271 4270 ζήσῃ.
313 4201 589 4265 Ἀπιὸντος
612 4202 668 4253 δὲ
698 4202 863 4255 αὑτοῦ
906 4204 1069 4257 πάλιν
1095 4204 1190 4258 τοῦ
1237 4203 1571 4275 Μελχισεδὲκ
1607 4208 1689 4269 είς

91 4287 161 4341 τὸ
198 4288 482 4357 βουκόλων
506 4290 640 4361 (19),
669 4291 918 4363 εἰσῆλθεν
948 4294 976 4345 6
1011 4294 1262 4363 βασιλεὺς
1292 4295 1487 4367 Σαλὴμ
1512 4295 1688 4366 Μελχὶ

91 4380 242 4453 πρὸς
272 4380 463 4453 Σαλὴμ
488 4381 587 4453 τὴν
613 4386 847 4452 γυναῖκα
858 4384 1045 4448 αὐτοῦ,
1073 4385 1247 4455 λέγων
1278 4387 1417 4458 αὐτῇ
1444 4404 1459 4419 ο
1491 4385 1682 4459 Δεῦρο,

167 4537 216 4569 ⁸³
259 4535 428 4592 Hebr.
461 4554 562 4604 vn,
604 4540 659 4596 5.

1807 3190 2123 3261 Respondet
2176 3187 2536 3245 Melchisedec
2568 3206 2581 3241 :
2614 3185 2693 3242 Ne
2724 3181 3074 3250 succenseas,
3122 3192 3277 3255 pater
3310 3184 3387 3239 mi

1806 3300 1922 3345 rex,
1956 3281 2050 3338 sed
2073 3270 2198 3336 audi
2231 3295 2335 3336 me.
2365 3278 2493 3334 llle:
2525 3278 2667 3346 Quid
2697 3278 2891 3343 babes,
2927 3277 3025 3342 ait,
3052 3275 3387 3332 dicendum?

1803 3377 1917 3429 cito
1941 3375 2181 3444 loquere.
2212 3372 2448 3443 Reponit
2469 3369 2864 3428 Melchisedec:
2898 3369 3147 3441 Agedum
3171 3409 3186 3434 ,
3233 3369 3382 3440 quod

1802 3467 2039 3523 oblaturi
2096 3482 2288 3523 sumus
2340 3465 2669 3521 sacriﬁcium
2697 3503 2714 3529 ,
2747 3479 2816 3518 ne
2847 3463 2953 3518 diis
2999 3462 3152 3517 hisce
3184 3459 3382 3518 oﬁ‘era-

1802 3575 1946 3624 mus,
1974 3575 2151 3629 neque
2178 3560 2322 3613 enim
2357 3558 2490 3611 mihi
2520 3557 2771 3612 videntur
2798 3571 2922 3611 esse
2956 3553 3031 3609 dii
3095 3573 3109 3609 :
3156 3552 3251 3609 sed
3280 3567 3379 3623 po.

1799 3653 1909 3706 tius
1938 3652 1988 3706 ei
2021 3651 2350 3707 sacriﬁcium
2379 3649 2672 3705 offeramus
2705 3649 2797 3718 qui
2827 3662 2993 3717 supra
3017 3646 3189 3701 cmlos
3219 3645 3378 3716 quie-

1799 3743 1939 3808 scit;
1964 3743 2082 3813 ipse
2114 3758 2348 3813 namque
2372 3742 2515 3797 Deus
2536 3739 2760 3797 deorum
2792 3748 2898 3796 est.
2928 3738 3104 3793 Iratus
3126 3744 3279 3808 pater
3308 3736 3385 3791 ait

1797 3837 1875 3891 illi
1911 3857 1922 3891 :
1957 3838 2080 3902 Abi,
2116 3836 2293 3892 adduc
2320 3852 2439 3907 qua:
2461 3835 2624 3906 jussi,
2668 3833 2871 3904 alioqui
2913 3847 3022 3886 non
3056 3831 3226 3886 vives.
3268 3829 3379 3883 Ab-

1796 3937 1960 3986 eunte
1978 3945 2198 3984 rursum
2224 3927 2622 3985 Melchisedeco
2652 3925 2720 3980 ad
2744 3925 2942 3994 bovile,
2966 3925 3250 3993 ingressus
3275 3935 3374 3975 rex

1796 4020 1978 4077 Salem
2012 4019 2230 4084 Melcbi,
2261 4034 2488 4073 uxorem
2524 4015 2702 4072 Salem
2729 4014 3065 4085 compellans
3091 4012 3167 4066 ait
3195 4030 3208 4066 :
3244 4009 3376 4081 Age,

1793 4112 1851 4167 in
1879 4111 2216 4167 sacriﬁcium
2264 4110 2560 4165 oﬂ‘eramus
2585 4123 2757 4163 unum
2788 4122 2856 4162 ex
2883 4105 3009 4160 ﬁliis
3032 4102 3258 4159 nostris.
3282 4099 3379 4156 His

1791 4205 2017 4270 auditis,
2048 4219 2188 4259 uxor
2218 4204 2338 4275 ejus
2364 4202 2514 4258 ﬁevit
2537 4216 2742 4264 amare,
2780 4214 2982 4272 gnara,
3013 4195 3161 4268 quod
3189 4210 3256 4250 eo
3280 4193 3381 4249 ob.

1790 4303 1945 4352 tentu
1980 4296 2144 4350 vellet
2187 4309 2286 4355 rex
2319 4293 2566 4349 occidere
2597 4288 3082 4355 Melchisedecum,
3108 4285 3238 4358 quia
3286 4298 3378 4338 sa-

1789 4386 2058 4442 criﬁcium
2112 4385 2191 4441 illi
2223 4384 2426 4455 probro
2472 4381 2754 4437 vertisset.
2789 4378 3134 4449 Gemensque
3188 4374 3377 4447 regina

168 4691 289 4759 (15)
328 4690 548 4748 Titulus
580 4694 632 4747 in
657 4692 814 4764 Reg.,
855 4695 1035 4749 Ἀθαν.
1084 4698 1211 4768 άρχ.
1248 4697 1420 4764 Ἀλεξ.
1468 4700 1547 4763 εἰς
1595 4699 1687 4751 τὸν

168 4763 459 4811 ελνισεδέκ-
499 4762 555 4811 1η
598 4763 916 4811 Colherlinn
946 4781 1091 4811 vam-
1119 4767 1224 4811 Tm“;
1258 4770 1316 4811 Im
1361 4769 1537 4811 divinu-
1578 4784 1685 4811 πα-

1815 4696 1977 4766 λγᾶπα
2001 4693 2094 4746 τὸν
2116 4689 2443 4763 μειςώτερον
2476 4687 2590 4740 υἱὸν
2612 4686 2705 4740 τὸν
2730 4684 2975 4757 Μελχιήλ
2998 4701 3012 4714 ·
3047 4685 3162 4757 ἡηδὲ

1815 4766 1968 4811 lotam
1980 4763 2171 4811 ἠγάπα.
2201 4761 2294 4811 τὸν
2328 4758 2646 4811 ιιικοότεοον
2678 4755 2771 4810 τὸν
2803 4755 3156 4811 Μελγισεδέκ.
3262 4774 3290 4811 ν
3348 4759 3375 4811 ὲ

83 4763 459 4837 Μελχισεδέκ.
482 4762 562 4837 in
598 4762 1092 4837 Colbertinovero,
1119 4762 1224 4821 Τοῦ
1258 4770 1316 4822 ὲν
1361 4762 1537 4837 ἄγίοις
1578 4784 1685 4821 πα-

84 4834 439 4910 massas
481 4833 660 4910 ’ᾼθαγο
690 4837 816 4910 ᾴρχο
865 4835 1036 4910 ’ᾼλεξς
1070 4837 1224 4910 λόγρς
1247 4840 1375 4910 περι
1409 4833 1508 4892 eos
1538 4839 1683 4910 Μελ-

85 4853 229 4903 τρος
280 4853 439 4904 ημων
486 4853 660 4890 Αυαν.
690 4853 816 4957 αρξ.
870 4853 1036 4901 Ἀλεξ.
1071 4853 1224 4906 Αογος
1247 4853 1379 4921 περι
1413 4856 1508 4892 του
1538 4853 1681 4919 ψιελ-

85 4904 319 4978 χισεδέκ
346 4906 439 4978 διαὶ
459 4905 557 4978 ei;
574 4904 664 4957 τὸν
706 4907 761 4978 ξᾼ
806 4907 985 4978 ραάμ.
1014 4907 1142 4978 inde
1171 4907 1303 4978 Reg.
1335 4925 1416 4964 ste
1444 4910 1681 4970 orditur,

101 4975 414 5049 ξΕρμηνεία
457 4975 815 5049 ῌελχισεδειιί
856 4975 1113 5049 βασιλέως
1162 4975 1381 5049 Σαλὴμ,
1434 4979 1583 5049 κατά
1614 4978 1685 5049 τὸ

422 5044 631 5119 πόλεως
656 5044 873 5119 Σαλῲμί
883 5046 1134 5119 ὠνόμασε
1164 5048 1224 5101 τὸ
1251 5044 1394 5118 Σᾶλή
1406 5066 1460 5117 μ.
1496 5048 1686 5119 Σαλὴμ

90 5118 201 5202 μὲν
234 5116 495 5202 ἐγέννησε
530 5116 642 5202 τίὲν.
673 5117 895 5201 Μελχὴλ
917 5116 1131 5202 (γι-ὀψε
1157 5134 1320 5202 tua-nu
1353 5116 1685 5202 Μελχισεδὲκ

86 5186 230 5260 bis)‘
263 5186 487 5260 Μελχὴλ
536 5186 593 5239 δὲ
627 5186 883 5260 ἐγέννησε
912 5186 1004 5260 δῦο
1030 5190 1199 5253 υἱοὺς,
1228 5189 1322 5242 ἕνα
1354 5186 1685 5260 καλὸῦμενον

86 5256 323 5330 Μελχὴλ
348 5256 673 5330 ⁸σιηιὶώνυμοικιι
700 5256 777 5327 τῷ
799 5256 986 5330 πατρὶ,
1004 5260 1117 5330 Ᾱκαὶ
1144 5259 1330 5330 ἕτερον
1351 5256 1684 5330 καλούμενον

86 5275 323 5327 meum.
357 5275 673 5327 συνωνυμον
700 5275 777 5327 τῳ
799 5275 908 5310 πατ
952 5275 986 5322 ι,
1023 5275 1117 5313 και
1145 5275 1330 5329 ετερον
1351 5275 1516 5313 καλου
1525 5276 1684 5330 μενον

86 5327 457 5401 ἒξελχισεδέκ.
501 5328 559 5401 'D
596 5328 655 5401 δὲ
689 5328 884 5401 τιτατὴρΔ
910 5275 1101 5401 gnata
1129 5328 1219 5382 τὸν
1235 5328 1566 5401 συνώνυμον
1591 5329 1684 5401 τον

85 5397 472 5470 Μελχὴληκαὶ
489 5398 754 5470 Αήᾼμήτηρ
785 5397 971 5470 ἠγάπα
996 5399 1086 5453 τὸν
1116 5399 1426 5470 συνώνυμον
1451 5397 1564 5453 υἱὸν
1590 5399 1682 5453 τὸν

86 5463 458 5540 Μελῇίισεδέκ.
485 5463 598 5540 ΪΗν
632 5463 780 5540 ’δὲ”όν
802 5463 985 5540 farti}?
1032 5469 1213 5540 αὐτῶν
1245 5463 1495 5540 βασιλεὺς
1528 5470 1682 5540 Ἐλή-

85 5555 204 5609 νων
224 5536 361 5609 (εἰς)
391 5536 624 5609 ἀσώτοις
661 5537 875 5609 θυσίαις
912 5536 1195 5602 ἔττιτελῶν,
1224 5536 1332 5595 étc.
1369 5541 1524 5595 Colb.
1551 5536 1680 5595 vero

88 5608 169 5681 i_ta
205 5607 397 5681 incipit
418 5627 431 5662 :
453 5607 696 5681 Μελχιῂλ
726 5610 775 5681 6_
795 5608 1061 5681 βασιλεὺς·
1073 5610 1369 5681 ἐγέννησεν
1384 5610 1475 5665 δύο
1506 5612 1676 5681 υἱοὺς.

88 5626 169 5660 ua
205 5626 397 5678 Inetpu
418 5627 431 5662 :
454 5626 571 5663 Μελ
612 5626 696 5678 ιηΑ
726 5626 756 5660 ο
795 5626 1360 5681 ρασιλευςέγεννησεν
1384 5626 1475 5665 ouo
1506 5626 1676 5673 υιους.

84 5677 191 5751 tua
207 5678 540 5751 καλούμενον
554 5626 813 5751 Aleum},
829 5679 1115 5751 ὁμώνυμον
1129 5679 1207 5750 τῷ
1219 5680 1384 5750 πατρὶ
1394 5680 1684 5751 automata).

86 5749 286 5823 ἕτερον
320 5747 654 5822 καλούμενον
684 5747 1037 5819 Μελχισεδέκ.
1085 5747 1195 5807 Καὶ
1231 5753 1261 5805 6
1292 5747 1475 5823 πατὴρ
1496 5749 1679 5806 αὐτῶν

1790 4755 1968 4819 αὑτῶν
1980 4755 2171 4834 ὴγάτὶα
2192 4755 2646 4834 ,τὸνμικρότερον
2678 4755 2789 4834 τὸνΔ
2803 4755 3156 4834 Μελχισεδέκἔ

1788 4840 1817 4891 6
1839 4824 2041 4908 vta
2072 4824 2492 4908 αὑτῶνςιῖξλλην,
2511 4824 2740 4908 ἄσωτος,
2764 4824 2955 4908 Θυσίας
2977 4826 3240 4908 ἐπιτελῶν
3251 4830 3374 4908 ’τοῖς

1789 4896 2046 4969 εἰδώλοις,
2099 4915 2204 4959 etc.
2241 4900 2347 4970 Qui
2377 4896 2487 4954 duo
2520 4897 2763 4970 codices
2787 4897 2863 4950 ita
2901 4896 2960 4950 in
3015 4896 3374 4970 sequentibus

1790 4966 2105 5047 discrepant
2134 4966 2289 5047 inter
2302 4987 2362 5028 se
2398 4977 2453 5047 et
2481 4984 2605 5024 cum
2636 4966 2821 5030 editis,
2852 4972 2914 5020 ut
2946 4971 3138 5047 ambos
3171 4966 3375 5047 deseri-

1791 5048 1921 5102 bere
1953 5036 2205 5116 oporteat
2247 5044 2295 5116 si
2336 5042 2570 5116 velimus
2619 5052 2811 5116 omnes
2853 5037 3141 5116 complecti
3187 5036 3371 5116 varias

1791 5106 2079 5179 lection'es,
2129 5113 2276 5183 quod
2314 5112 2520 5168 nullius
2565 5109 2819 5183 utilitatis
2862 5114 3057 5183 esset._
3085 5106 3243 5183 Unde
3274 5121 3370 5160 eas

1792 5189 1969 5243 solum
2006 5176 2322 5240 notabimus
2368 5197 2489 5252 quae
2530 5178 2766 5252 alicujus
2800 5176 3060 5252 m_omenti
3075 5176 3365 5252 sidentur.

1863 5257 1973 5329 (16)
1999 5245 2640 5329 ροιῇτβωδεκᾷτῳβεῷ.
2658 5245 2976 5320 lnl'ra,Reg.
3001 5247 3218 5329 ethtb.
3249 5246 3371 5319 βου·

1789 5322 1988 5381 πόλιον.
2020 5326 2182 5390 Editi,
2216 5322 2550 5393 βουκολικόν.
2733 5390 2744 5393 _
2833 5389 2845 5393 _
2900 5387 2917 5393 Δ
2966 5388 2979 5393 Α
3075 5322 3127 5393 ,’

1865 5398 1977 5468 (17)
2011 5398 2090 5450 lta
2115 5386 2273 5450 coll).
2314 5393 2458 5448 Editi
2490 5406 2640 5457 vero,
2667 5390 2793 5454 τοὺς
2823 5387 3137 5459 ὀφθαλμοὺς
3160 5389 3243 5452 είς
3272 5386 3367 5443 τὸν

1786 5470 1847 5524 οὐ
1857 5468 2034 5524 οανόν.

1856 5487 2158 5612 ῗῗέἷῖίοεη
2185 5533 2548 5612 πλαστήματα
2577 5530 2822 5612 καρδίας.
2843 5529 2991 5585 Infra
3022 5527 3167 5612 Beg.‘
3190 5527 3367 5599 prima

1784 5600 1972 5675 manu,
1999 5600 2486 5676 συγγνωμάσομὶαι,
2506 5600 2778 5676 secuuda,
2806 5600 3367 5672 συγγνωμαγήσομαι.

1785 5668 2152 5744 Colbertinus,
2187 5668 2476 5746 συγνώμας
2499 5668 2662 5744 ὧμαι.

1858 5750 1971 5824 (l9)
1998 5747 2075 5804 lta
2105 5740 2276 5805 Colb;
2297 5740 2443 5803 Editi
2472 5740 2620 5813 vero,
2661 5742 2754 5797 ἐπὶ
2775 5740 2838 5797 τὸ
2867 5740 3206 5812 βουκολικόν.
