3860 6200
471 247 575 304 521

1632 243 1690 301 S.
1732 242 2195 302 ATHANASIUS.
2237 271 2308 283 —
2347 240 2620 298 SPURIA.

3618 229 3727 284 5'28

465 371 601 426 dixit
635 389 648 423 :
689 367 804 423 Heu
834 368 966 422 mihi
991 407 1006 432 ,
1038 365 1242 423 frustra
1276 365 1517 420 laboravi
1539 373 1593 421 et
1621 381 1894 421 aerumnas
1917 365 2040 420 tuli.

2153 363 2325 434 δῶμεν
2349 359 2540 416 θυσίαν
2565 360 2661 413 ἕνα
2684 358 2794 412 τῶν
2823 357 2954 411 υίῶν
2988 356 3165 428 ἡμῶν.
3210 355 3272 408 Ἦ
3295 354 3351 407 δὲ
3377 353 3513 423 γυνὴ
3538 351 3731 405 αὑτοῦ»

465 461 622 528 Quod
657 461 748 516 ubi
777 475 874 516 rex
901 460 1058 524 vidit,
1091 459 1207 513 ait:
1246 457 1324 512 Ne
1369 456 1515 520 fleto,
1555 458 1646 512 sed
1684 465 1885 513 sortem
1915 458 2042 510 mit-

466 566 676 620 tamus;
707 552 756 608 si
774 567 896 607 sors
924 551 1058 606 mihi
1086 550 1389 613 obvenerit,
1431 563 1594 618 quem
1616 548 1804 603 libebit
1825 549 2040 618 eligam,

466 648 798 716 oll‘eramque
827 645 933 700 diis
967 643 1172 698 nostris
1208 641 1540 697 sacrificium
1567 658 1582 703 ;
1615 641 1700 696 sin
1729 640 1852 706 tibi,
1880 655 2042 709 quem

470 739 706 794 volueris
739 738 897 808 elige,
932 745 986 790 et
1035 750 1190 790 serva
1227 734 1427 804 ipsum.
1460 732 1596 786 lllud
1645 731 1767 786 ideo
1824 732 2040 797 aiebat,

467 831 612 901 quod
625 837 866 900 speraret
879 835 1080 883 sortem
1095 826 1320 881 arbitrio
1341 825 1642 881 sacerdotis
1663 825 2040 879 obventuram.

469 921 688 975 Mittunt
718 921 901 991 itaque
929 928 1155 983 sortem,
1180 934 1302 988 qua:
1335 933 1458 971 cum
1509 917 1710 986 regina:
1738 917 2040 986 obtigisset,

468 1015 631 1085 elegit
661 1013 750 1066 illa
771 1026 930 1083 quem
954 1009 1212 1082 diligebat
1238 1008 1713 1064 Melchisedecum.
1736 1008 1848 1062 Rex
1883 1023 2044 1078 porro

471 1101 652 1156 Salem
685 1109 973 1170 superatus
1006 1100 1073 1153 ab
1107 1114 1296 1165 uxore,
1321 1113 1481 1168 quem
1513 1099 1955 1168 sorszassignarat
1985 1098 2045 1152 fi-

470 1195 602 1249 lium
626 1194 909 1248 adornavit
935 1192 1002 1247 ad
1038 1191 1390 1257 sacrificium,
1419 1191 1630 1245 veritus
1686 1207 1754 1244 ne
1804 1189 1936 1245 deos
1963 1189 2043 1244 of-

471 1285 716 1340 fenderet
760 1301 910 1340 suos.
975 1283 1040 1339 Et
1086 1299 1371 1355 regressus
1433 1281 1793 1336 Melchisedec
1839 1291 2042 1351 septem

468 1378 672 1432 vitulos
721 1377 917 1430 attulit.
970 1378 1264 1444 Acceptum
1318 1381 1500 1430 autem
1554 1385 1708 1444 pater
1755 1374 1927 1428 filium
1977 1389 2041 1429 ex

471 1476 618 1523 sorte
649 1469 990 1531 necandum,
1045 1467 1113 1521 ad
1159 1468 1346 1522 fanum
1381 1468 1650 1522 idolorum
1705 1466 1939 1521 ducebat
1989 1467 2042 1520 in

450 1560 884 1615 :dodecatheum.
932 1550 1248 1615 Convenere
1279 1561 1409 1614 item
1453 1561 1507 1614 in
1550 1560 1882 1614 sacrificium
1932 1569 2044 1614 tres

443 1659 524 1706 «ει
552 1652 831 1723 quingenti
867 1651 1020 1722 pueri
1063 1667 1094 1706 a
1141 1652 1388 1722 patribus
1427 1652 1543 1706 suis
1591 1652 1798 1717 oblati,
1846 1657 1901 1705 et
1951 1651 2042 1704 alii

2145 455 2448 519 ἀκούσασα,
2482 454 2712 507 ἐκλαυσε
2747 450 2978 523 πικρῶς·
3006 450 3146 518 ἐγνω
3171 448 3279 518 γὰρ
3304 446 3437 517 (‘20),
3473 447 3555 499 ὅτι
3597 461 3708 516 προ

2145 549 2304 618 φάσει
2337 545 2477 600 θέλει
2513 548 2541 598 6
2574 544 2827 616 βασιλεὺς
2853 541 3110 612 φονεῦσαι
3144 540 3234 594 τὸν
3259 538 3614 610 Μελχισεδὲκ,
3647 539 3733 591 ὅτι

2143 638 2419 692 ὠνείδισεν
2455 637 2607 707 αὐτῷ
2644 637 2735 689 ἐπὶ
2767 634 2864 706 τὴν
2903 633 3116 686 θυσίαν.
3161 633 3276 686 Καὶ
3307 630 3665 694 άνεστέναζεν
3696 631 3732 701 ἡ

2146 731 2452 802 βασίλισσα,
2488 729 2584 781 καὶ
2609 724 2790 780 εἶπεν·
2826 725 3006 796 Οἵμοι,
3035 724 3304 778 ἐκοπίασα
3331 725 3424 776 καὶ
3448 722 3731 793 ὲμόχθησα

2145 827 2225 888 εἰς
2258 824 2432 878 κενόν.
2473 821 2618 875 Ἰδὼν
2661 821 2717 874 δὲ
2765 819 2932 891 αὐτὴν
2958 820 2986 872 6
3031 819 3304 888 βασιλεὺς,
3351 813 3504 870 εἶπεν
3549 817 3688 885 αὐτῇ
3713 831 3728 844 ·

2145 916 2235 988 Μὴ
2268 916 2442 977 κλαῖε,
2476 913 2610 966 ἀλλὰ
2641 911 2798 983 δεῦρο
2846 911 3101 980 λάχωμεν
3122 927 3135 940 ο
3173 910 3264 962 καὶ
3304 908 3398 960 ἐὰν
3445 907 3586 979 λάχῃ
3615 922 3729 976 μοι,

2145 1008 2469 1078 ἐπιλέγομαι
2502 1007 2560 1058 ὃν
2615 1004 2775 1067 Θέλω,
2831 1005 2926 1058 καὶ
2975 1001 3130 1056 δώσω
3184 1002 3345 1054 αὐτὸν
3377 1000 3570 1054 θυσίαν
3616 1003 3732 1062 τοῖς

2146 1099 2284 1164 θεοῖς
2307 1099 2492 1171 ἡμῶνδ
2537 1098 2668 1151 εἰδὲ
2700 1098 2839 1168 λάχῃ
2889 1115 2991 1160 σοι,
3038 1095 3281 1161 ἐπίλεξαι
3313 1094 3372 1148 ὃν
3424 1093 3490 1147 ἂν
3542 1093 3728 1166 θέλῃς,

2146 1194 2237 1246 καί⁷
2260 1191 2649 1262 παραφύλαττε
2685 1191 2865 1244 αὐτόν.
2892 1189 3061 1242 Τοῦτο
3081 1189 3134 1241 δέ
3159 1189 3332 1256 ἔλεγε,
3359 1186 3529 1240 δοκῶν
3555 1203 3731 1239 κατα-

2145 1284 2432 1356 λαγχάνειν
2463 1283 2539 1354 τῷ
2561 1285 2697 1353 ίερεῖ
2719 1283 2829 1352 (21)
2849 1299 2862 1312 ·
2893 1281 2986 1334 καί
3011 1281 3262 1352 βαλόντες
3287 1280 3510 1350 κλῆρον,
3536 1278 3732 1348 ἔλαχεν

2146 1378 2180 1447 ἡ
2231 1374 2549 1444 βασίλισσα,
2609 1374 2702 1425 καὶ
2751 1372 3043 1438 ἐπελέξατο
3090 1370 3181 1423 τὸν
3228 1369 3602 1440 Μελχισεδὲκ,
3670 1367 3731 1420 ὃν

2146 1466 2354 1536 ἠγάπα.
2391 1466 2449 1518 '0
2488 1464 2544 1517 δὲ
2581 1463 2834 1534 βασιλεὺς
2868 1463 3076 1534 Σαλὴμ,
3123 1461 3376 1533 ἡττηθεὶς
3425 1459 3576 1532 παρὰ
3628 1460 3732 1527 τῆς

2144 1558 2400 1626 γυναικὸς
2427 1555 2592 1610 αὑτοῦ
2615 1596 2628 1620 ,
2678 1557 2768 1608 τὸν
2811 1555 3040 1626 λαχόντα
3083 1554 3230 1624 αὐτῷ
3263 1554 3377 1606 υἱὸν
3399 1552 3730 1624 ηὑτρέπισεν

2147 1652 2226 1712 εἰς
2275 1650 2496 1704 θυσίαν·
2551 1648 2798 1718 ἐφοϐεῖτο
2837 1648 2945 1718 γὰρ
2996 1645 3370 1718 προσκροῦσαι
3417 1648 3530 1708 τοῖς
3587 1644 3731 1708 Θεοῖς

468 1747 697 1800 trecenti
726 1761 756 1798 a
781 1745 1069 1808 matribus,
1106 1759 1317 1798 necnon
1349 1743 1513 1798 boves
1554 1750 1607 1797 et
1635 1759 1764 1797 oves
1795 1743 2045 1797 innume-

2153 1741 2309 1794 αὑτοῦ
2331 1741 2462 1811 (2'2).
2493 1741 2602 1794 Καὶ
2626 1739 2794 1792 ἐλθὼν
2807 1739 2834 1790 ό
2850 1737 3204 1808 Μελχισεδὲκ,
3228 1738 3427 1809 ἧνεγκε
3443 1738 3571 1800 τοὺς
3588 1737 3730 1789 ἑπτὰ

449 1853 562 1902 τερ,
589 1837 796 1906 fuitque
817 1844 1062 1906 paratum
1090 1836 1436 1890 Sacrificium.
1498 1833 1669 1889 Porro
1703 1834 1880 1888 Salem
1911 1833 2043 1888 Mel-

469 1927 740 1982 chisedeci
769 1936 958 1988 mater,
996 1925 1140 1979 domi
1173 1925 1369 1980 sedens
1397 1925 1724 1979 exclamavit
1755 1940 1889 1980 voce
1923 1938 2040 1976 ma-

469 2034 573 2088 gna
600 2057 615 2083 ,
668 2019 852 2087 aitque
901 2017 1332 2072 Melchisedeco:
1376 2017 1570 2071 Annon
1615 2018 1780 2074 defles
1820 2017 2041 2071 fratrem

471 2116 645 2170 tuum,
675 2109 765 2176 qui
805 2113 927 2176 post
957 2113 1165 2159 tantum
1217 2106 1483 2169 laborem,
1519 2107 1585 2161 ad
1633 2123 1821 2161 necem
1853 2123 2044 2176 prope-

469 2197 593 2251 rat?
621 2196 830 2263 Quibus
879 2197 969 2252 ille
999 2197 1202 2253 auditis
1238 2195 1406 2260 flevit,
1434 2199 1618 2268 aitque
1661 2200 1823 2252 matri
1850 2217 1864 2254 :
1894 2197 2044 2268 Opus

469 2297 551 2343 est
581 2297 639 2344 ut
669 2290 850 2344 isthuc
883 2290 989 2344 loci
1028 2289 1364 2357 concedam;
1406 2306 1745 2360 surgensque
1803 2293 2046 2346 ascendit

467 2383 524 2435 in
560 2389 798 2435 montem
827 2379 1070 2435 Thabor.
1103 2380 1348 2451 Surgens
1380 2381 1506 2436 item
1539 2390 1712 2436 mater
1742 2381 1884 2450 ejus,
1911 2391 2046 2435 tem-

470 2475 616 2543 plum
647 2473 800 2542 petiit
849 2471 1138 2540 iddlorum,
1170 2483 1226 2526 ut
1279 2473 1446 2527 filium
1489 2473 1717 2536 videret,
1755 2483 2046 2544 antequam

470 2565 830 2630 occideretur,
863 2574 917 2620 ct
946 2580 1051 2619 una
1083 2573 1258 2620 totum
1283 2581 1456 2636 genus
1484 2581 1665 2620 suum.
1691 2564 2049 2620 Melchisedec

451 2672 674 2724 autem,
719 2673 1024 2712 conscenso
1048 2666 1230 2712 monte
1263 2657 1505 2724 Thabor,
1537 2657 1693 2712 ﬂexis
1721 2657 1950 2727 genibus
1973 2656 2050 2708 di-

461 2752 549 2805 .xit
573 2769 586 2804 :
625 2750 787 2815 Deus,
812 2750 1192 2804 universorum
1217 2748 1500 2812 Dominus,
1526 2751 1616 2818 qui
1644 2748 1821 2804 fecisti
1851 2738 2049 2802 eoelum

468 2854 523 2897 et
543 2854 764 2909 terram,
801 2853 851 2898 te
880 2843 1075 2896 invoco
1099 2843 1276 2896 solum
1307 2859 1491 2896 verum
1524 2841 1712 2906 Deum,
1739 2841 1935 2896 exaudi
1967 2856 2052 2896 me

473 2933 574 2987 hac
619 2933 774 2996 hora,
814 2933 1135 3003 jubetoque,
1165 2939 1225 2985 ut
1260 2932 1506 2987 omnium
1542 2938 1806 3000 quotquot
1853 2932 2052 2986 adsunt

457 3026 743 3080 .sacrilicio
799 3025 986 3080 fratris
1029 3025 1134 3078 mei
1181 3023 1417 3088 Melchi,
1476 3025 1631 3079 locus
1687 3025 1757 3079 sit
1805 3023 2054 3079 infernus

2148 1834 2398 1904 μόσχους.
2429 1833 2622 1886 Λαϐὼν
2653 1834 2708 1886 δὲ
2736 1833 2764 1885 6
2804 1831 2985 1903 πατὴρ
3010 1831 3099 1884 τὸν
3145 1831 3378 1900 λαχόντα
3405 1831 3553 1902 αὐτῷ
3587 1829 3728 1895 υἱὸν,

2145 1925 2438 1996 ἐπορεύετο
2455 1925 2546 1977 ἐπὶ
2561 1925 2651 1977 τὸν
2673 1924 2797 1977 ναὸν
2820 1923 2926 1975 τῶν
2949 1921 3180 1975 εἰδώλων
3203 1925 3260 1975 ἐν
3279 1921 3357 1992 τῷ
3383 1922 3727 1991 δωδεκαθέῳ·

2147 2017 2407 2088 συνῆλθον
2424 2018 2479 2071 δὲ
2507 2018 2600 2070 ἐπὶ
2614 2021 2679 2088 τῇ
2701 2016 2860 2086 θυσίᾳ
2890 2022 2978 2083 φγ¹
3005 2016 3190 2078 παῖδες
3208 2014 3310 2067 ὑπὸ
3335 2013 3440 2067 τῶν
3460 2014 3607 2067 ἰδίων
3625 2029 3731 2067 πα-

2143 2108 2314 2181 τέρων
2331 2109 2762 2181 προσφερόμενοι
2782 2125 2794 2137 ο
2829 2109 2921 2161 καί
2943 2107 3090 2160 ἄλλοι
3114 2105 3417 2178 τριακόσιοι
3437 2106 3548 2177 (25)
3579 2107 3733 2178 παρὰ

2144 2201 2251 2254 τῶν
2275 2201 2546 2273 μητέρων,
2571 2201 2663 2253 καὶ
2697 2199 2814 2270 βόες
2837 2201 2930 2253 καὶ
2961 2199 3209 2270 πρόϐατα
3231 2200 3330 2252 ἀνα
3341 2197 3423 2270 ρίθ
3433 2215 3602 2268 μητα,
3636 2195 3733 2250 καὶ

2147 2294 2362 2362 ἐγένετο
2392 2296 2426 2364 ἡ
2477 2293 2639 2347 θυσία
2681 2294 2916 2364 ἕτοιμος.
2964 2292 3154 2362 Σαλὴμ
3209 2291 3264 2345 δέ
3311 2293 3343 2362 ἡ
3401 2294 3583 2361 μήτηρ
3636 2287 3731 2342 τοῖ’)

2147 2385 2497 2456 Μελχισεδὲκ,
2535 2384 2820 2456 καθημένη
2872 2388 2931 2437 ἐν
2959 2383 3037 2454 τῷ
3079 2385 3212 2454 οἴκῳ
3240 2383 3428 2454 αὐτῆς,
3467 2381 3731 2452 ἁνεὸῂσε

2151 2480 2298 2548 φωνῇ
2334 2478 2544 2552 μεγάλῃ
2575 2479 2668 2530 καὶ
2711 2477 2857 2546 λέγει
2897 2476 2973 2547 τῷ
3000 2475 3366 2547 Μελχισεδέκ·
3400 2476 3475 2528 Ού
3525 2474 3734 2537 κλαίεις

2149 2571 2238 2622 τὸν
2269 2569 2493 2639 ἀδελφόν
2525 2587 2638 2647 σου,
2671 2569 2752 2622 ὅτι
2803 2568 2940 2639 μετὰ
2979 2568 3232 2621 τοσοῦτον
3283 2568 3527 2638 κάματον
3561 2567 3734 2636 ἀπέρ-

2149 2679 2300 2731 χεται
2357 2661 2660 2731 σφαγῆναι;
2713 2660 2823 2714 Καὶ
2879 2658 3051 2712 ταῦτα
3099 2659 3338 2722 ἀκούσας
3387 2660 3516 2730 παρ’
3563 2661 3735 2728 αὐτῆς

2153 2753 2403 2816 ἔκλαυσε,
2434 2754 2528 2806 καὶ
2556 2753 2704 2821 λέγει
2744 2756 2808 2823 τῇ
2843 2753 3010 2823 μητρὶ
3057 2750 3251 2805 αὐτοῦ’
3283 2751 3430 2814 Ἕως
3475 2750 3585 2802 τῶν
3632 2745 3735 2803 ὧδε

2153 2845 2338 2917 χρείαν
2367 2845 2503 2916 ἔχω·
2534 2845 2628 2898 καὶ
2649 2844 2909 2907 ἀναστὰς,
2933 2843 3165 2913 ἀνῆλθεν
3196 2845 3252 2894 ἐν
3273 2842 3350 2912 τῷ
3369 2843 3484 2913 όρει
3513 2841 3731 2913 Θαὸὡρ.

2153 2938 2324 3008 Καλή
2362 2938 2546 3007 μήτηρ
2579 2935 2746 2990 αὑτοῦ
2793 2937 3072 2988 ἀναστᾶσα
3093 2975 3107 2998 ,
3143 2934 3381 3005 ἀπῆλθεν
3415 2937 3472 2986 ἐν
3503 2933 3582 3004 τῷ
3621 2933 3737 3004 ναῷ

2154 3025 2263 3078 τῶν
2309 3022 2576 3088 εἰδώλων,
2634 3023 2835 3077 ἰδέσθαι
2885 3024 2976 3077 τὸν
3029 3025 3229 3094 ἑαυτῆς
3284 3023 3432 3088 υἱὸν,
3505 3025 3635 3095 πρὶν
3698 3025 3732 3095 ῆ

472 3117 685 3188 quieos
717 3116 999 3186 dcglutiat.
1047 3115 1446 3186 Exaudivitque
1505 3115 1647 3172 Deus
1698 3115 2048 3170 Melchisede-

2157 3117 2460 3188 σφαγῆναι,
2512 3118 2605 3170 καὶ
2659 3116 2777 3170 ὅλον
2822 3117 2882 3169 τὸ
2931 3117 3087 3185 γένος
3137 3116 3327 3186 αὐτῆς.
3367 3115 3630 3170 Ἀνελθὼν
3680 3117 3737 3170 δὲ

471 3227 620 3276 cum,
651 3225 714 3262 ac
754 3210 1048 3278 derepente
1094 3215 1282 3276 aperta
1314 3216 1398 3262 est
1428 3217 1570 3262 terra
1598 3248 1613 3273 ,
1668 3215 1722 3262 et
1766 3208 2052 3278 deglutivit

471 3316 590 3366 eos,
625 3300 935 3353 universam
974 3297 1182 3352 scilicet
1205 3296 1465 3351 familiam
1488 3297 1714 3362 Melchi,
1765 3313 1889 3352 cum
1939 3305 2050 3350 tota

474 3392 629 3456 urbe,
661 3390 734 3444 ita
767 3397 826 3444 ut
849 3404 949 3444 nec
976 3389 1158 3454 homo,
1177 3404 1276 3444 nec
1301 3404 1416 3452 ara,
1439 3405 1538 3444 nec
1564 3390 1771 3453 fanum,
1796 3405 1898 3442 nec
1923 3390 2054 3443 bru-

474 3492 612 3548 tum,
639 3497 817 3553 neque
849 3490 1102 3535 creatura
1134 3481 1314 3550 aliqua
1348 3481 1500 3536 urbis
1547 3482 1716 3536 t0tius
1769 3490 2051 3551 superstes

474 3576 673 3642 fuerit;
713 3576 805 3630 sed
837 3575 1019 3629 omnia
1050 3575 1306 3644 absorpta
1356 3574 1487 3627 sint.
1540 3572 1830 3627 Descendit
1869 3582 2051 3626 autem

475 3667 836 3722 Melchisedec
873 3666 940 3720 de
994 3674 1179 3720 monte
1211 3664 1464 3728 Thabor,
1501 3672 1554 3718 et
1585 3664 1675 3718 ubi
1709 3680 1832 3719 sese
1867 3666 2051 3718 vidita

473 3758 586 3814 Deo
619 3760 958 3822 exauditum,
979 3772 1175 3827 magno
1204 3758 1400 3810 timore
1422 3765 1706 3825 correptus
1734 3756 1786 3808 in
1813 3766 2050 3808 montem

479 3852 634 3923 191
665 3851 1000 3921 remigravit,
1038 3857 1201 3921 atque
1249 3851 1304 3904 in
1356 3849 1582 3904 densam
1635 3848 1918 3917 ingressus
1951 3847 2050 3900 sil-

473 3959 621 4006 vam,
657 3949 864 4010 septem
919 3940 1028 3994 illic
1070 3953 1243 3992 annos
1286 3936 1625 4008 permansit:
1659 3934 1838 4001 nudus
1877 3941 1936 3986 ut
1984 3949 2051 3987 ex

479 4041 668 4090 ventre
692 4032 887 4088 matris
917 4046 1029 4088 sua:
1063 4031 1338 4101 prodierat
1362 4048 1374 4083 :
1403 4044 1612 4099 ungues
1644 4028 1763 4096 ejus
1792 4025 1859 4079 ad
1885 4024 2050 4095 palmi

479 4125 642 4179 unius
669 4123 1070 4195 longitudinem
1111 4128 1426 4182 creverunt,
1465 4117 1648 4188 capilli
1687 4132 1818 4171 vero
1855 4115 2050 4185 capitis

477 4216 546 4272 ad
579 4217 900 4272 umbilicum
939 4229 1113 4279 usque
1134 4212 1374 4282 protensi
1413 4218 1562 4274 sunt,
1591 4210 1814 4264 dorsum
1841 4208 1960 4278 ejus
1993 4213 2053 4259 ut

478 4311 701 4366 cochlea
731 4307 1025 4364 testudinis
1048 4306 1328 4360 obduruit.
1357 4304 1526 4360 Cibus
1563 4303 1680 4373 ejus
1708 4310 1866 4357 erant
1889 4301 2052 4354 arbo-

478 4416 602 4456 rum
638 4400 843 4463 baccae,
877 4407 1040 4468 potus
1064 4407 1244 4451 autem
1283 4411 1375 4450 ros
1422 4411 1583 4465 quem
1617 4395 1874 4464 lingebat.
1920 4390 2051 4445 Post

479 4498 687 4560 septem
719 4504 912 4550 annos,
937 4504 1040 4542 vox
1071 4487 1318 4557 quaedam
1353 4485 1724 4539 Abrahamum
1755 4484 2052 4552 compella-

478 4586 577 4647 vit,
609 4583 798 4636 dicens
826 4599 838 4633 :
870 4580 1169 4642 Abraham,
1194 4577 1490 4632 Abraham.
1536 4575 1836 4646 Respondit
1879 4573 2052 4627 Abra-

480 4675 607 4728 ham
633 4691 648 4726 :
673 4672 896 4726 Domine
920 4673 1012 4724 mi.
1037 4669 1138 4723 Cui
1162 4685 1264 4724 vox
1293 4669 1520 4724 :Sterne
1544 4669 1850 4738 iumentum
1870 4675 2053 4729 tuum,

481 4766 809 4836 imponeque
841 4773 1018 4816 vestes
1046 4762 1316 4831 pretiosas
1341 4769 1394 4816 et
1420 4761 1708 4826 novacula,
1737 4769 1788 4815 et
1815 4757 2052 4814 ascende

479 4859 536 4914 in
579 4864 819 4911 montem
851 4853 1090 4918 Thabor,
1138 4860 1330 4923 terque
1376 4854 1552 4908 clama
1583 4872 1595 4907 :
1622 4850 1795 4907 llomo
1848 4851 1965 4914 Dei,
1999 4859 2053 4905 et

478 4947 790 5019 egredietur
833 4945 996 5000 homo
1055 4943 1226 4999 ferus.
1277 4943 1356 4998 Ne
1403 4943 1665 4998 formides
1715 4943 1902 5007 illum,
1959 4942 2055 4997 sed

479 5040 635 5104 rade,
674 5054 886 5109 ungues
931 5051 1140 5102 reseca,
1189 5035 1465 5106 indueque
1501 5035 1677 5099 illum,
1729 5050 1793 5089 ac
1831 5035 2058 5090 benedi-

481 5129 721 5183 ctionem
753 5126 874 5196 ejus
903 5126 1110 5196 accipe.
1146 5122 1407 5196 Fecitque
1446 5123 1721 5178 Abraham
1757 5125 1904 5195 quod
1934 5125 2056 5194 jus-

479 5236 604 5276 sum
646 5221 752 5274 sibi
785 5218 962 5274 fuerat
992 5235 1024 5274 a
1066 5217 1318 5283 Domino,
1357 5225 1412 5274 et
1445 5217 1691 5273 ascendit
1723 5218 1780 5272 in
1815 5225 2056 5272 montem

481 5309 728 5376 Thabor,
761 5313 1024 5382 stetitque
1050 5312 1105 5364 in
1135 5311 1304 5366 densa
1329 5310 1467 5366 silva
1495 5329 1507 5365 :
1542 5318 1656 5365 tum
1678 5317 1762 5366 ter
1787 5311 2060 5364 exclama-

579 5583 668 5655 21)
704 5584 862 5655 Reg.,
891 5583 1064 5655 δοκῶν
1098 5584 1530 5655 καταλαγχάνειν
1547 5583 1637 5636 τὸν
1662 5583 1761 5651 τῆς
1776 5583 2057 5655 γυναικός.

483 5651 664 5726 Calig,
697 5651 867 5726 δοκῶν
902 5653 978 5724 μὴ
1016 5654 1170 5726 λάχει
1194 5655 1290 5726 τὴν
1323 5651 1554 5724 γυναῖκα
1586 5655 1750 5726 αὐτοῦ
1785 5651 1812 5706 6
1845 5653 2062 5724 κλῆρος.

557 5722 669 5792 (29.)
715 5722 860 5792 Haec,
899 5722 1147 5794 ἐφοϐεῖτο
1189 5722 1296 5798 γᾶρ
1337 5722 1723 5796 προσκροῦσαι
1774 5727 1886 5788 τοῖς
1923 5722 2064 5790 θεοῖς

550 5512 669 5704 ξῖθῗ
704 5511 782 5566 lta
815 5512 951 5582 Reg.
982 5520 1036 5567 et
1056 5512 1211 5568 Colb.
1239 5513 1380 5568 Editi
1402 5528 1554 5574 vero,
1586 5513 1828 5581 ἐπέγνων
1860 5513 1986 5584 γάρ.

579 5583 640 5636 21
705 5584 862 5653 Reg.,
891 5583 1064 5639 δοκῶν
1098 5584 1530 5655 καταλαγχάνειν
1547 5583 1637 5636 τὸν
1662 5583 1761 5651 τῆς
1776 5600 1986 5652 γυναικι

550 5654 664 5704 tb..
697 5653 867 5704 δοκῶν
903 5653 976 5704 μὴ
1017 5654 1170 5704 λάνει
1194 5655 1290 5704 τὴν
1325 5659 1554 5704 γυναῖκα
1586 5655 1750 5704 αὐτοῦ
1785 5657 1812 5704 6
1845 5653 1986 5704 κλῆοι

2153 3208 2488 3279 Μελχισεδὲκ
2531 3211 2611 3272 εἰς
2649 3208 2709 3261 τὸ
2752 3208 2877 3281 ὄρος
2903 3207 3099 3277 Θαϐὼρ
3123 3251 3136 3273 ,
3167 3207 3354 3271 κλίνας
3404 3209 3472 3260 τὰ
3513 3208 3734 3277 γόνατα,

2153 3299 2336 3355 εἶπεν·
2387 3302 2446 3355 '0
2479 3303 2611 3364 Θεὸς
2657 3303 2685 3354 6
2731 3300 2840 3352 τῶν
2871 3301 3006 3353 ὅλων
3036 3301 3260 3372 Κύριος,
3299 3305 3326 3354 ὁ
3379 3303 3612 3372 ποιήσας
3645 3300 3739 3353 τὸν

2153 3391 2378 3463 οὐρανὸν
2426 3392 2520 3446 καὶ
2572 3392 2671 3463 τὴν
2718 3393 2840 3462 γῆν,
2892 3393 2952 3444 σὲ
3009 3391 3374 3462 ἐπικαλοῦμαι
3428 3391 3520 3443 τὸν
3577 3392 3738 3461 μόνον

2152 3484 2403 3554 ἀληθινὸν
2453 3485 2604 3549 Θεὸν,
2643 3485 2948 3537 ἐπάκουσόν
3000 3502 3100 3554 μου
3149 3487 3214 3554 τῇ
3244 3483 3362 3554 ὥρα
3401 3483 3593 3556 ταύτῃ,
3643 3485 3741 3538 καὶ

2155 3575 2475 3646 πρόσταξον,
2504 3576 2591 3628 ἵνα
2639 3577 2754 3629 ὅσοι
2786 3575 3153 3647 παρεγένοντο
3195 3575 3286 3628 ἐπὶ
3332 3578 3398 3646 τῇ
3445 3574 3605 3644 θυσία
3642 3574 3738 3626 τοῦ

2153 3665 2382 3734 ἀδελφοῦ
2416 3684 2516 3736 μου
2549 3665 2745 3736 Μελχί,
2781 3668 2809 3719 ὁ
2855 3666 3021 3730 τόπος
3054 3666 3188 3736 ᾇδης
3221 3666 3466 3736 γένηται,
3499 3665 3594 3718 καὶ
3636 3683 3742 3720 κα-

2152 3753 2320 3826 ταπίῃ
2343 3753 2558 3817 αὐτούς.
2588 3756 2698 3808 Καὶ
2719 3756 3023 3825 ἐπήκουσεν
3048 3758 3075 3807 ὀ
3101 3756 3231 3818 Θεὸς
3256 3755 3346 3807 τοῦ
3374 3755 3740 3825 Μελχισεδὲκ,

2153 3845 2248 3898 καὶ
2300 3845 2499 3909 εὐθέως
2535 3847 2724 3916 ἔχανεν
2753 3849 2784 3917 ἡ
2816 3847 2925 3916 γῆ,
2962 3847 3058 3900 καὶ
3106 3847 3363 3898 κατέπιεν
3406 3849 3603 3910 αὐτοὺς
3647 3849 3744 3901 καὶ

2152 3937 2332 3988 πᾶσαν
2376 3935 2545 4007 φυλὴν
2591 3935 2683 3988 τοῦ
2739 3937 2946 4007 Μελχί,
2990 3938 3085 3990 σὺν
3119 3937 3267 4008 πάσῃ
3300 3939 3364 4008 τῇ
3420 3936 3602 3989 πόλει·
3648 3937 3744 3990 καὶ

2152 4023 2275 4076 οὔτε
2307 4024 2622 4094 ἄνθρωπος,
2675 4025 2736 4078 ού
2790 4025 2993 4096 βωμὸς,
3042 4026 3102 4078 οὐ
3152 4025 3313 4089 ναὸς,
3371 4027 3470 4079 οὐκ
3507 4027 3738 4095 ἄλογον,

2152 4113 2275 4166 οὔτε
2327 4132 2410 4177 τις
2461 4115 2638 4178 κτίσις
2675 4115 2775 4185 τῆς
2819 4115 3000 4186 πάσης
3044 4115 3253 4178 πόλεως
3305 4115 3540 4186 ἔμεινεν,
3598 4116 3744 4171 ἀλλὰ

2153 4205 2330 4258 πάντα
2387 4206 2652 4278 ἐχανώθη.
2718 4208 2972 4278 Κατῆλθε
3041 4209 3097 4262 δὲ
3160 4212 3188 4263 6
3236 4210 3573 4279 Μελχισεδὲκ
3629 4211 3745 4264 ἀπὸ

2152 4295 2246 4348 τοῦ
2315 4297 2474 4367 ὅρους
2542 4297 2778 4370 Θαϐὼρ,
2859 4301 2954 4353 καὶ
3031 4299 3196 4365 ίδὼν,
3276 4302 3357 4354 ὅτι
3432 4303 3745 4372 ἐπήκουσεν

2155 4389 2318 4442 αὑτοῦ
2362 4392 2390 4442 6
2431 4390 2596 4456 Θεὸς,
2651 4393 2709 4445 ἐν
2763 4393 2914 4464 φόϐῳ
2974 4395 3193 4464 μεγάλῳ
3253 4394 3413 4448 πάλιν
3471 4397 3746 4469 ὑπέστρε-

2155 4482 2254 4550 ψεν
2281 4485 2360 4546 εἰς
2408 4483 2468 4536 τὸ
2499 4483 2642 4555 ὅρος,
2701 4487 2794 4538 καὶ
2842 4489 2898 4539 ἐν
2931 4486 3011 4556 τῷ
3067 4486 3216 4539 δασεῖ
3238 4487 3338 4557 τῆς
3371 4487 3504 4560 ὕλης
3546 4489 3742 4556 ἐλθὼν,

2156 4575 2415 4645 ἐμόνασεν
2440 4577 2557 4629 ἐκεῖ
2585 4576 2678 4648 ἔτη
2707 4577 2850 4630 ἑπτά
2884 4578 3016 4649 (ειγ
3050 4579 3254 4648 γυμνὸς
3278 4580 3353 4642 ὼς
3381 4581 3489 4634 ἀπὸ
3503 4584 3746 4655 γαστρὸς

2160 4665 2363 4737 μητρὸς
2393 4666 2556 4720 αὑτοῦ
2592 4667 2816 4738 ἐξῆλθεν
2835 4684 2848 4697 ⁸
2885 4669 2978 4721 καὶ
3004 4668 3253 4737 ἐγένοντο
3283 4670 3330 4722 οἰ
3363 4670 3552 4740 ὄνυχες
3571 4672 3743 4726 αὐτοῦ

2160 4758 2532 4830 σπιθαμήσιοι,
2568 4760 2660 4812 καί
2718 4762 2773 4814 αἱ
2804 4762 2988 4832 τρίχες
3036 4761 3134 4834 τῆς
3163 4763 3403 4834 κεφαλῆς
3430 4764 3596 4818 αὐτοῦ
3635 4767 3745 4832 ἕως

2158 4855 2254 4923 τὴς
2279 4853 2478 4924 ὀσφύος
2504 4855 2691 4914 αὐτοῦ.
2733 4857 2827 4910 καὶ
2866 4858 2894 4909 ὁ
2934 4857 3104 4922 νῶτος
3134 4861 3298 4912 αὐτοῦ
3351 4861 3566 4929 ἐγένετο
3609 4861 3748 4915 ὡσεὶ

2159 4947 2331 5018 δέρμα
2355 4947 2616 5018 χελώνης.
2660 4949 2724 5001 Ἡ
2746 4949 2803 5001 δὲ
2832 4950 3010 5022 τροφὴ
3034 4951 3199 5004 αὑτοῦ
3225 4953 3500 5023 ἀκρόδρυα
3525 4949 3614 5024 ἦν,
3646 4954 3748 5006 καὶ

2159 5038 2186 5088 6
2211 5037 2370 5102 ποτὸς
2402 5039 2565 5092 αὑτοῦ
2591 5040 2780 5110 δρόσος
2799 5081 2813 5104 ,
2839 5041 2896 5094 ὂν
2923 5041 3116 5112 έλειχε.
3173 5043 3284 5096 Καὶ
3319 5044 3459 5114 μετὰ
3502 5044 3570 5098 τὰ
3602 5045 3746 5098 ἑπτὰ

2159 5129 2252 5201 ἔτη
2294 5133 2443 5203 φωνὴ
2490 5128 2620 5203 ἦλθε
2675 5133 2752 5204 τῷ
2793 5133 3076 5205 Ἀϐραὰμ,
3125 5135 3356 5202 λέγουσα
3387 5176 3402 5201 ,
3466 5136 3744 5208 Ἀϐραὰμ,

2174 5224 2440 5296 Ἀϐραάμ.
2478 5227 2586 5279 Καὶ
2615 5223 2765 5280 εἶπεν
2805 5227 3088 5300 Ἀϐραάμο
3131 5229 3188 5281 '0
3220 5228 3425 5300 Κύριός
3450 5246 3595 5300 ι-μου.
3633 5233 3747 5283 Καὶ

2160 5311 2282 5369 εἷπε
2305 5335 2317 5347 ι
2341 5317 2589 5389 Στρῶσον
2608 5319 2669 5372 τὸ
2698 5319 2988 5388 ὑποζύγιον
3017 5338 3130 5388 σου,
3164 5323 3258 5374 καὶ
3313 5322 3582 5392 βάστασον
3614 5323 3747 5393 ἱμά-

2163 5517 2349 5591 αὑτού,
2373 5517 2574 5591 desunt
2592 5518 2642 5573 in
2659 5518 2841 5580 editis,
2862 5519 2956 5576 sed
2975 5520 3244 5575 habentur
3275 5521 3328 5574 in
3354 5522 3488 5591 Reg.
3515 5531 3568 5575 et
3585 5521 3743 5577 Colb.

2166 5621 2209 5658 κ
2376 5587 2450 5664 l_ta
2481 5587 2614 5658 Reg.
2644 5598 2698 5644 et
2743 5591 2900 5646 Colb.
2942 5591 3001 5645 In
3043 5591 3205 5664 editis
3235 5591 3388 5664 deest
3419 5587 3743 5664 τριακόσιοι.

2241 5658 2472 5735 (ﬁdis-ie
2504 5669 2711 5735 t_ex_t_um
2757 5671 2914 5735 antea
2940 5662 3198 5735 mutilum
3235 5677 3299 5735 ex
3334 5658 3469 5735 Reg.
3501 5663 3749 5720 restitui-

2171 5727 2313 5788 mus.
2343 5727 2480 5787 lbid.
2505 5729 2658 5787 Colb.
2685 5740 2738 5788 et
2769 5731 2910 5787 infra
2939 5730 3101 5787 habet
3128 5730 3220 5800 ἔτη
3249 5729 3310 5799 ξ’.
