3860 6200
104 347 201 410 ω

1243 344 1573 403 HISTORIA
1613 342 1704 400 DE
1732 334 2234 405 MELCHISEDEC.

3252 324 3359 383 530

104 483 185 520 τια
208 460 473 532 πολυτελῆ
502 459 597 517 καὶ
628 459 786 528 ξυρὸν
811 460 923 533 (25)
942 498 959 526 ,
988 460 1084 516 καὶ
1110 460 1299 525 ἄνελθε
1331 465 1388 516 ἐν
1442 461 1522 533 τῷ
1554 460 1669 533 ὄρει

1780 457 1848 511 vit
1881 474 1894 510 :
1928 434 2103 507 Homo
2140 450 2266 506 Dei!
2316 446 2692 520 Egressusque
2719 454 2806 505 est
2833 442 3214 508 Melchisedec,
3247 457 3360 514 quo

104 552 308 625 Θαϐὼρ,
325 551 424 606 καὶ
446 551 646 623 κράξον
660 552 811 623 τρεῖς
832 550 1015 620 φωνάς
1030 567 1046 583 '
1081 550 1370 623 ΙἌνθρωπε
1393 550 1485 606 τοῦ
1515 548 1671 603 Θεοῦ’

108 645 194 700 καὶ
220 641 499 697 ἐλεύσεται
539 640 827 713 ἄνθρωπος
869 639 1232 712 ἡγριωμὲνος.
1281 639 1373 712 Μὴ
1433 638 1676 711 φοϐηθῇς

106 732 186 793 οὖν
233 733 427 790 αὐτόν·
484 731 621 786 ἀλλά
671 732 890 803 ξύρισον
931 731 1114 796 αὑτὸν,
1147 732 1243 786 καὶ
1277 731 1555 802 ὁνύχισον,
1582 732 1679 784 καὶ

106 826 364 897 ἀμφίασον
418 824 582 878 αὑτὸν
618 823 753 894 (26),
813 823 908 877 καὶ
959 821 1282 894 εὐλογήθητι
1326 824 1453 895 παρ’
1486 820 1673 876 αὐτοῦ.

106 918 205 973 Καὶ
230 917 487 986 ἐποίησεν
526 915 776 988 Ἀϐραάμ
802 915 945 969 καθά
971 914 1259 982 συνέταξεν
1284 914 1432 984 αὑτῷ
1452 913 1675 986 Κύριος,

108 1012 191 1065 καὶ
249 1008 481 1078 ἀνῆλθεν
527 1011 607 1071 είς
662 1007 725 1060 τὸ
772 1005 898 1077 ὄρος
953 1006 1172 1079 Θαϐὼρ,
1202 1007 1296 1059 καὶ
1334 1006 1472 1077 εστ-η
1495 1008 1575 1069 είς
1611 1004 1679 1059 τὰ

106 1101 257 1156 δασέα
287 1101 389 1170 τῆς
422 1100 556 1170 ὕλης
576 1115 591 1130 ·
625 1086 723 1152 καί
750 1097 945 1169 ἐκραξε
967 1100 1116 1171 τρεῖς
1147 1098 1359 1168 φωνάς·
1389 1097 1678 1171 Ἄνθρωπε

105 1191 190 1244 τοῦ
239 1190 397 1244 Θεοῦ.
455 1190 568 1243 Καὶ
625 1187 850 1258 ἐξῆλθεν
902 1189 932 1240 ὁ
991 1188 1354 1259 Μελχισεδὲκ,
1398 1188 1494 1242 καὶ
1540 1183 1678 1242 εἶδεν

119 1283 374 1354 Ἀϐραὰμ,
401 1281 499 1335 καὶ
529 1279 791 1352 ἐφοϐήθη.
819 1281 929 1333 Καὶ
964 1275 1118 1333 εἶπεν
1145 1279 1295 1351 αὐτῷ
1338 1282 1366 1334 ό
1413 1279 1680 1349 Μελχισε-

107 1373 223 1427 δέκ·
254 1373 344 1446 Μὴ
374 1372 567 1443 φοϐοῦ,
595 1372 711 1426 ἀλλ’
738 1368 882 1425 εἴπεο
913 1372 1010 1435 Τίς
1047 1370 1131 1438 ei;
1163 1373 1256 1426 καὶ
1284 1371 1407 1425 τινὰ
1460 1372 1676 1443 ζητεῖςς

109 1460 229 1519 Eine
261 1466 318 1519 δέ
368 1464 655 1536 ’Δϐραάμο
707 1463 1019 1536 Προσέταξέ
1073 1481 1162 1535 μοι
1200 1463 1405 1536 Κύριος
1449 1463 1678 1537 ξυρῆσαί

110 1556 269 1612 τεκαὶ
291 1556 698 1628 όνυχοκοπῆσαί
732 1573 791 1609 σε
821 1556 956 1626 ('27),
986 1557 1080 1608 καὶ
1132 1556 1428 1626 ἀμφιάσαι,
1462 1558 1557 1610 καὶ
1584 1556 1678 1610 εὐ-

107 1646 384 1718 λογηθῆναι
412 1646 568 1716 παρά
601 1647 717 1701 σοῦ.
755 1647 812 1700 'U
838 1647 894 1701 δὲ
926 1646 1263 1718 Μελχισεδὲκ
1294 1642 1447 1700 εἶπεν
1495 1646 1674 1718 αὑτῷ⁸

117 1739 195 1803 Ὠς
223 1739 525 1812 προσέταξέ
565 1757 647 1793 σοι
699 1739 924 1816 Κύριος,
977 1740 1221 1809 ποίησον.
1270 1741 1381 1793 Καὶ
1424 1739 1678 1812 ἐποίησεν

118 1799 370 1903 ’Ᾰϐραάμ,
514 1799 845 1904 προσέταξεν
873 1799 1021 1902 αθτῷ
1054 1799 1276 1903 Ιέύριος.
1322 1832 1434 1886 Καὶ
1486 1799 1678 1885 κατελ-
1710 1799 1749 1858 Β

109 1924 205 1978 θὼν
231 1923 616 1998 ὁΜελχισεδὲκ
646 1924 752 1978 ἀπὸ
779 1924 872 1978 τοῦ
909 1924 1068 1996 ὅρους
1114 1922 1312 1995 Θαϐὼρ
1358 1925 1494 1995 μετά
1528 1928 1677 1996 τρεῖς

111 2016 341 2095 ἡμέρας,
396 2016 571 2086 κέρας
606 2016 787 2070 ἐλαίου
843 2014 1059 2081 λαϐὼν,
1108 2018 1202 2071 καὶ
1273 2018 1677 2088 ἐπισφραγίσας

110 2104 177 2176 τῷ
204 2107 404 2177 ῥήματι
431 2105 530 2159 τοῦ
565 2106 724 2169 Θεοῦ,
751 2106 1024 2178 ηὑλόγησε
1053 2107 1145 2161 τὸν
1187 2107 1436 2180 Ἀϐραὰμ
1466 2108 1674 2177 λέγων·

110 2197 475 2268 Εὐλογημένος
500 2193 553 2250 εἴ
594 2196 672 2268 τῷ
697 2197 816 2268 Θεῷ
848 2197 926 2268 τῷ
977 2198 1208 2269 ὑψίστῳ,
1244 2199 1339 2252 καὶ
1389 2200 1452 2251 τὸ
1491 2197 1676 2255 λοιπὸν

115 2287 336 2342 καλεῖται
363 2287 427 2340 τὸ
453 2286 630 2360 ὄνομά
650 2305 741 2341 σου
762 2286 1196 2357 τετελειωμένων
1214 2285 1347 2357 (εδ),
1376 2288 1469 2340 καὶ
1491 2288 1677 2341 οὐκέτι

112 2378 280 2432 λοιπὸν
334 2379 591 2432 καλεῖται
650 2380 713 2432 τὸ
742 2378 915 2448 ὄνομά
961 2394 1056 2432 σου
1098 2378 1330 2450 ’Δϐράμ,
1366 2378 1481 2432 ἀλλ’
1525 2378 1677 2433 ἔσται

110 2472 163 2524 τὸ
197 2470 361 2542 δνομά
412 2488 512 2524 σου
570 2470 796 2535 τέλειον,
838 2471 1110 2542 Ἁϐραάμ.
1166 2472 1278 2524 Καὶ
1328 2470 1488 2524 πάλιν
1524 2470 1676 2543 φωνὴ

109 2557 224 2635 ἦλθε
250 2563 327 2634 τῷ
371 2562 658 2634 Ἀϐραάμο
694 2564 722 2615 ό
745 2562 801 2615 δὲ
836 2558 991 2626 εἶπε,
1021 2562 1108 2625 Τί,
1141 2560 1313 2633 Κύριέ
1343 2579 1476 2633 μου;
1521 2563 1577 2617 '0
1617 2563 1676 2616 δὲ

114 2653 291 2727 Κύριος
337 2655 480 2726 πρὸς
535 2654 729 2707 αὐτόν·
776 2654 993 2725 Ἐπειδὴ
1033 2654 1207 2717 οὐδεὶς
1250 2655 1314 2707 ἐκ
1339 2652 1434 2707 τοῦ
1487 2654 1678 2723 γένους

110 2746 190 2801 τοῦ
218 2746 554 2817 Μελχισεδὲκ
585 2744 970 2817 ἐπερίσσευσεν
994 2744 1102 2798 ἀπὸ
1121 2744 1220 2816 τῆς
1247 2747 1370 2816 γῆς,
1400 2744 1488 2799 διὰ
1518 2744 1678 2798 τοῦτο

111 2836 419 2907 κληθήσεται
474 2836 723 2908 ἀπάτωρ,
755 2837 1007 2908 ἀμήτωρ,
1053 2836 1497 2907 ἀγενεαλόγητος,
1540 2837 1677 2907 μήτε

111 2928 264 3000 ἀρχὴν
299 2927 552 3000 ἡμερῶν,
580 2928 715 2998 μήτε
740 2928 896 2992 τέλος
922 2927 1061 2998 ἔχων
1092 2925 1235 2997 ζωῆς
1261 2944 1275 2958 ο
1310 2926 1678 2999 ἀφωμοιωμέ-

111 3037 186 3083 νος
210 3020 262 3073 δέ
293 3019 371 3091 τῷ
398 3018 519 3091 Υἱῷ
547 3018 640 3072 τοῦ
668 3017 825 3083 Θεοῦ,
858 3017 1005 3090 μένει
1036 3021 1214 3092 ἱερεὺς
1240 3021 1320 3082 είς
1351 3019 1444 3073 τὸν
1467 3020 1640 3073 αἰῶνα
1658 3034 1671 3050 ·

112 3111 191 3164 καὶ
219 3111 487 3182 ἠγάπησα
535 3110 718 3175 αὐτὸν,
770 3109 846 3174 ὡς
874 3110 1140 3182 ἠγάπησα
1183 3110 1274 3165 τὸν
1306 3111 1433 3165 Υἱόν
1460 3128 1562 3182 μου
1585 3111 1677 3164 τὸν
1705 3136 1747 3193 c

112 3203 370 3273 ἀγαπητόν
392 3222 406 3234 ο
445 3202 531 3255 ὅτι
561 3200 792 3272 ἐφύλαξε
825 3202 923 3266 τὰς
954 3202 1174 3266 ἐντολάς
1201 3220 1332 3274 μου,
1365 3203 1461 3258 καὶ
1503 3203 1673 3273 φυλά-

114 3291 181 3356 ξει
201 3294 272 3356 είς
290 3294 380 3346 τὸν
408 3292 608 3346 αἰῶνα.
637 3292 754 3346 ’Ὶνα
801 3289 892 3347 οὖν
946 3293 1020 3365 μὴ
1062 3294 1189 3365 δόξῃ
1249 3292 1418 3365 ἀρχὴν
1449 3294 1674 3364 ἡμερῶν

116 3385 180 3455 μὴ
201 3385 359 3457 ἔχειν,
387 3386 482 3440 διὰ
507 3385 569 3439 τὸ
618 3387 692 3457 μὴ
738 3386 936 3439 εἰδέναι
968 3385 1093 3440 τινὰ
1129 3386 1257 3439 πότε
1303 3387 1586 3459 ἐγεννήθη,
1613 3386 1675 3440 τὸ

113 3477 197 3547 τῆς
228 3476 579 3546 γενεαλογίας
603 3475 734 3547 (‘29),
770 3478 907 3549 μήτε
935 3477 1158 3550 πατρὸς,
1180 3479 1314 3550 μήτε
1342 3478 1569 3550 μητρὸς,
1586 3478 1674 3532 διὰ

112 3567 250 3622 τοῦτο
276 3569 495 3638 λέγεται
528 3568 777 3638 ἀπάτωρ,
806 3569 1057 3639 ἀμήτωρ,
1095 3569 1189 3621 καὶ
1218 3568 1674 3640 ἀγενεαλόγητος⁹

115 3663 197 3714 καὶ
224 3661 308 3715 διὰ
334 3661 397 3715 τὸ
416 3660 783 3733 εὐαρεστῆσαι
816 3659 977 3714 αὑτὸν
1010 3659 1087 3729 τῷ
1121 3658 1273 3728 Θεῷ,
1310 3659 1457 3730 μένει
1500 3660 1679 3731 ἱερεὺς

114 3751 182 3813 είς
199 3749 255 3803 τὸ
272 3749 541 3822 διηνεκές.
586 3747 674 3811 Ὧς
707 3743 799 3802 οὖν
854 3749 1168 3819 ἀπήντησεν
1197 3751 1225 3801 ό
1245 3749 1577 3819 Μελχισεδὲκ
1600 3748 1677 3822 τῷ

124 3840 353 3912 ’Δϐραάμ
380 3840 779 3912 ὑποστρέφοντι
810 3839 917 3893 ἀπὸ
941 3840 1042 3910 τῆς
1069 3840 1246 3910 κοπῆς
1268 3840 1375 3893 τῶν
1395 3840 1677 3911 βασιλέων,

114 3929 362 3985 ἐπέδωκεν
378 3931 533 4002 αὐτῷ
558 3931 812 4002 ποτήριον
835 3930 978 3984 οἴνου
1007 3931 1254 4001 ἀοράτως
1278 3930 1388 4001 (50)
1407 3931 1678 3987 ἐπιϐαλὼν

115 4019 246 4090 αὐτῷ
273 4021 364 4075 καὶ
392 4021 619 4092 κλάσμα
652 4020 839 4090 ἄρτου,
863 4022 958 4075 καὶ
986 4021 1067 4093 τῷ
1091 4020 1205 4092 λαῷ
1232 4021 1395 4075 αὐτοῦ
1423 4023 1582 4091 ,ὄντος
1621 4026 1679 4078 ἐν

116 4111 318 4183 ἀνδράσι
347 4120 477 4185 τιη’,
511 4112 541 4165 ὂ
572 4111 789 4181 λέγεται
828 4110 1202 4183 βουκάκρατον
1224 4112 1330 4176 ἓως
1360 4114 1460 4185 τῆς
1506 4116 1678 4185 σήμε-

119 4220 198 4274 ρον
243 4206 475 4277 ήμέρας.
526 4204 685 4259 Κατά
731 4204 920 4259 τοῦτον
945 4205 1036 4259 τὸν
1088 4205 1288 4277 τρόπον
1321 4204 1576 4278 ὡμοιώθη
1602 4207 1679 4279 τῷ

118 4294 215 4367 Υἱῷ
236 4297 326 4351 τοῦ
356 4296 495 4351 Θεοῦ
517 4337 533 4361 ,
561 4296 676 4351 ἀλλ’
739 4297 840 4349 οὐκ
881 4297 962 4360 είς
1004 4296 1104 4368 τὴν
1159 4297 1320 4369 χάριν
1342 4316 1355 4329 ·
1394 4298 1488 4351 καὶ
1538 4297 1679 4352 οὕτω

1777 549 1921 611 viso,
1950 542 2226 599 Abraham
2268 541 2472 595 timuit.
2521 540 2721 611 Aitque
2759 538 2838 594 illi
2862 533 3362 594 MelchisedeczNe

1775 641 1994 700 timeas,
2029 635 2125 693 sed
2147 634 2236 690 dic
2271 634 2405 688 mihi
2427 634 2523 704 qui
2556 632 2655 697 sis,
2682 640 2738 687 et
2767 646 2930 703 quem
2954 644 3188 700 quaeras.
3215 624 3355 681 Tum

1778 729 2056 784 Abraham
2091 746 2103 781 :
2137 724 2313 782 Jussit
2363 724 2497 779 mihi
2548 723 2834 787 Dominus,
2888 729 2949 775 ut
2982 719 3231 775 raderem
3280 725 3357 781 te,

1779 835 1991 890 ungues
2021 832 2289 882 secarem,
2322 815 2630 883 induerem,
2665 829 2729 870 ac
2749 812 3183 870 benediCtionem
3206 817 3358 864 tuam

1778 914 2107 982 acciperem.
2160 910 2262 965 Cui
2314 907 2715 964 Melchisedec:
2752 904 2862 960 Fac
2908 904 3055 976 quod
3103 901 3359 973 praecepit

1779 1003 2065 1059 Dominus.
2089 1000 2352 1072 Fecitque
2381 1000 2656 1055 Abraham
2684 999 2831 1070 quod
2850 999 3068 1068 jussum
3089 994 3207 1080 .sibi
3241 993 3359 1049 lue-

1780 1104 1865 1150 rat
1901 1110 1933 1149 a
1978 1094 2230 1150 Domino.
2273 1092 2341 1147 Et
2386 1107 2509 1147 cum
2564 1091 2943 1147 descendisset
2993 1084 3357 1142 Melchisedec

1778 1188 1847 1243 de
1868 1195 2054 1244 monte
2072 1187 2315 1252 Tbabor,
2335 1193 2460 1256 post
2488 1184 2753 1252 triduum,
2778 1189 3006 1253 accepto
3029 1181 3133 1236 olei
3158 1194 3355 1243 cornu,

1780 1295 1844 1335 ac
1880 1282 2108 1352 signans
2137 1280 2303 1335 verbo
2348 1277 2466 1343 Dei,
2503 1276 2782 1333 benedixit
2811 1275 3089 1330 Abraham
3122 1273 3313 1328 dicens
3340 1312 3354 1325 .

1781 1371 2114 1429 Benedictus
2142 1388 2202 1427 es
2237 1371 2469 1425 Domino
2521 1369 2632 1425 Deo
2662 1368 2955 1432 altissimo,
2994 1382 3060 1422 ac
3096 1365 3356 1434 deinceps

1779 1468 1884 1521 erit
1922 1482 2121 1522 nomen
2156 1473 2311 1519 tuum
2352 1462 2658 1535 perfectum
2685 1481 2698 1517 :
2726 1475 2829 1516 nec
2870 1461 3017 1515 ultra
3070 1456 3358 1514 vocabitur

1779 1574 1982 1614 nomen
2016 1566 2170 1613 tuum
2206 1558 2433 1623 Abram,
2476 1554 2571 1611 sed
2611 1555 2719 1609 erit
2760 1568 2962 1608 nomen
2994 1560 3147 1607 tuum
3184 1550 3358 1622 perfe-

1780 1659 1952 1718 ctum,
1983 1649 2282 1705 Abraham.
2316 1646 2627 1717 lterumque
2660 1645 2808 1699 venit
2829 1658 2935 1700 vox
2962 1642 3029 1697 ad
3059 1643 3355 1709 Abraham,

1782 1741 1874 1810 qui
1917 1740 1994 1794 ait
2020 1758 2033 1794 :
2058 1738 2198 1805 Quid
2230 1745 2336 1801 est,
2370 1736 2603 1792 Domine
2632 1735 2743 1790 mi?
2772 1733 2911 1789 Tum
2941 1732 3205 1789 Dominus
3238 1733 3314 1787 illi
3337 1748 3361 1787 :'

1778 1831 2231 1902 Quandoquidem
2263 1844 2426 1886 nemo
2453 1846 2519 1884 ex
2552 1842 2751 1899 genere
2772 1826 3133 1882 Melchisedec
3157 1840 3354 1896 super-

1778 1934 1889 1980 stes
1923 1931 2009 1979 est
2048 1925 2105 1978 in
2134 1933 2304 1987 terra,
2336 1922 2459 1977 ideo
2494 1919 2782 1975 vocabitur
2828 1919 2946 1974 sine
2996 1927 3171 1989 patre,
3236 1918 3355 1973 sine

1777 2026 1973 2082 matre,
2007 2017 2126 2073 sine
2155 2014 2497 2086 genealogia,
2525 2029 2705 2085 neque
2738 2013 2955 2068 initium
2986 2013 3221 2076 dierum,
3260 2022 3357 2067 ne-

1775 2123 1883 2177 que
1933 2109 2096 2163 tinem
2138 2106 2263 2161 vita:
2319 2105 2565 2161 habens:
2596 2104 2934 2161 assimilatus
2983 2109 3163 2158 autem
3216 2101 3357 2159 Filio

1777 2196 1895 2262 Dei,
1936 2205 2122 2253 manet
2155 2195 2418 2252 sacerdos
2461 2195 2518 2251 in
2558 2196 2842 2259 saeculum,
2866 2195 3145 2266 dilexique
3174 2194 3352 2258 illum,

1778 2296 1838 2344 ut
1874 2290 2042 2345 dilexi
2091 2286 2289 2342 Filium
2339 2302 2520 2342 meum
2559 2288 2842 2351 dilectum,
2875 2286 3005 2356 quia
3055 2286 3356 2342 custodivit

1776 2387 2053 2451 praecepta
2085 2394 2229 2443 mea,
2253 2384 2310 2434 et
2343 2379 2617 2434 custodiet
2656 2377 2712 2432 in
2753 2379 2973 2433 saecula.
3002 2377 3081 2433 Ne
3104 2379 3357 2433 videatur

1778 2471 1963 2541 itaque
1981 2471 2197 2524 initium
2226 2469 2441 2524 dierum
2464 2483 2575 2524 non
2600 2468 2823 2532 habere,
2848 2467 2995 2539 quod
3030 2483 3191 2523 nemo
3213 2468 3352 2523 sciat

1777 2562 1999 2635 quando
2030 2569 2195 2618 natus
2234 2560 2329 2626 sit,
2362 2576 2539 2632 neque
2569 2561 2690 2632 ejus
2721 2561 3115 2632 genealogiam,
3143 2568 3356 2631 patrem

1777 2656 1863 2710 vel
1907 2664 2173 2721 matrem;
2226 2654 2349 2709 ideo
2391 2654 2604 2721 dicitur,
2636 2653 2756 2709 sine
2786 2660 2961 2723 patre,
3000 2654 3119 2709 sine
3158 2659 3354 2717 matre,

1780 2747 1900 2802 sine
1926 2747 2262 2817 genealogia.
2295 2745 2361 2801 Et
2398 2748 2525 2817 quia
2554 2746 2761 2815 placuit
2791 2744 2923 2810 Deo,
2959 2752 3144 2800 manet
3174 2760 3359 2801 sacer-

1779 2840 1879 2895 dos
1908 2839 1962 2892 in
1995 2849 2339 2909 perpetuum.
2383 2837 2520 2892 Cum
2563 2837 2731 2907 igitur
2773 2837 3108 2892 occurrisset
3141 2835 3360 2890 Melchi-

1780 2930 1940 2985 sedec
1982 2928 2293 2983 Abrahamo
2327 2928 2619 2983 revertenti
2655 2943 2723 2982 ex
2757 2927 2903 2981 caede
2948 2941 3176 2996 regum;
3206 2925 3357 2981 dedit

1779 3020 1858 3074 κιί
1905 3020 2132 3083 calicem
2168 3021 2283 3075 vini
2322 3020 2463 3074 clam
2505 3018 2753 3073 immisso
2800 3019 2957 3090 panis
2987 3016 3185 3084 frusto,
3219 3033 3354 3072 nec-

1779 3126 1891 3166 non
1944 3111 2147 3181 populo
2190 3110 2339 3166 illius
2377 3124 2612 3165 cccxvm
2658 3110 2927 3176 virorum,
2976 3110 3122 3180 quod
3153 3109 3357 3165 dicitur

1781 3203 2160 3267 bucacratum,
2195 3219 2368 3274 usque
2406 3203 2462 3257 in
2501 3209 2828 3273 praesentem
2860 3202 3025 3258 diem.
3072 3200 3150 3257 Eo
3188 3202 3353 3258 modo

1781 3295 1978 3351 similis
2024 3295 2201 3350 factus
2246 3302 2331 3351 est
2380 3292 2521 3349 Filio
2548 3293 2685 3362 Dei,
2739 3293 2835 3350 sed
2887 3308 2996 3348 non
3054 3293 3357 3349 secundum

1780 3388 2031 3458 gratiam.
2066 3386 2240 3456 Atque
2270 3386 2341 3442 ita
2367 3388 2579 3458 primus
2607 3386 2724 3457 ipse
2752 3393 2916 3458 typus
2948 3385 3051 3439 fuit
3079 3385 3356 3440 incruenti

1781 3478 2034 3535 sacriﬁcii
2063 3478 2383 3541 Salvatoris,
2404 3494 2528 3534 cum
2551 3479 2678 3532 tulit
2706 3486 2954 3533 sanctam
2990 3478 3348 3533 oblationem.

1779 3569 2127 3641 Quapropter
2156 3570 2267 3625 ait:
2299 3589 2316 3620 ι
2351 3568 2433 3623 Tu
2467 3585 2526 3625 es
2570 3569 2830 3623 sacerdos
2861 3569 2916 3622 in
2960 3574 3226 3622 aeternum
3267 3581 3358 3622 se-

1780 3659 2023 3714 cundum
2083 3659 2333 3714 ordinem
2396 3656 2757 3712 Melchisedec
2778 3655 2846 3723 ⁶⁶,
2884 3674 2904 3708 ι
2953 3655 3212 3726 quoniam
3278 3661 3358 3726 ty-

1780 3766 1884 3822 pus
1919 3750 2021 3806 t‘uit
2059 3764 2229 3806 saera:
2273 3748 2589 3813 oblationis,
2621 3747 2849 3803 tradens
2884 3761 3002 3802 eam
3043 3744 3357 3801 Abrahamo

1778 3851 1834 3898 et
1864 3857 2098 3898 ccexvm
2125 3843 2281 3897 viris.
2306 3840 2666 3911 Totidemque
2705 3854 2935 3895 numero
2971 3837 3181 3893 inventi
3223 3842 3357 3893 sunt

1780 3940 1910 3995 olim
1941 3939 1997 3994 in
2020 3937 2241 3993 Nicaena
2268 3937 2403 3993 urbe
2428 3935 2604 3991 sancti
2634 3934 2850 3999 Patres,
2880 3933 2975 4004 qui
3009 3941 3215 3987 rectam
3242 3939 3356 3986 stac

1780 4037 2006 4086 tuerunt
2037 4026 2195 4086 tidem
2227 4050 2245 4085 ξ
2271 4044 2506 4100 quorum
2540 4043 2806 4084 numerus
2841 4024 2909 4080 ad
2939 4023 3356 4082 similitudinem

1780 4121 2105 4193 patriarchae
2135 4120 2370 4175 Abrahae
2403 4126 2488 4175 est
2512 4125 2884 4174 trecentorum
2911 4115 3100 4172 decem
3135 4121 3190 4170 et
3229 4120 3357 4169 octo

1781 4220 2097 4269 sanctorum
2120 4213 2504 4283 episcoporum
2532 4211 2626 4282 qui
2655 4210 2711 4267 in
2741 4206 2951 4280 synodo
2984 4206 3152 4261 fuere.
3183 4203 3357 4259 Deum

1780 4310 1959 4357 autem
1989 4308 2239 4356 nostrum
2282 4300 2440 4356 decet
2485 4299 2658 4371 gloria
2705 4313 2855 4353 nunc
2880 4303 2934 4351 et
2963 4308 3182 4366 semper
3211 4299 3266 4348 et
3298 4293 3357 4347 in

118 4390 310 4462 πρῶτος
353 4391 530 4454 τύπος
572 4390 787 4460 ἐγένετο
838 4390 941 4462 τῆς
991 4391 1329 4461 ἀναιμάκτου
1357 4389 1547 4457 θυσίας
1579 4392 1674 4445 τοῦ

1780 4395 1979 4450 saecula
2015 4395 2362 4449 saeculorum.
2391 4390 2585 4448 Amen.

115 4481 343 4555 Σωτῆρος
386 4484 572 4556 φέρων
592 4485 671 4547 είς
698 4483 797 4555 τὴν
830 4483 991 4551 ἁγίαν
1047 4482 1364 4555 προσφοράν
1409 4482 1543 4553 (51).
1585 4484 1676 4537 Διὸ
1705 4484 1889 4555 λέγεις
1946 4505 1965 4539 ι
2037 4487 2111 4540 Σὺ
2170 4487 2349 4557 ἱερεὺς
2397 4487 2479 4548 είς
2525 4483 2619 4538 τὸν
2661 4476 2832 4536 αίῶνα
2894 4479 3037 4537 κατά
3059 4478 3158 4552 τὴν
3203 4474 3358 4542 τάξιν

113 4575 449 4648 Μελχισεδὲκ,
476 4599 496 4631 ι
542 4577 729 4648 ἐπειδὴ
760 4576 931 4640 τύπος
960 4577 1176 4647 ἐγένετο
1198 4579 1298 4649 τῆς
1323 4579 1484 4649 ἁγίας
1531 4568 1879 4653 προσφορᾶςξ
1923 4560 2267 4644 ἐπιδεδωκὼς
2316 4578 2396 4650 τῷ
2468 4577 2739 4650 Ἀϐραὰμ,
2784 4576 2880 4631 καὶ
2935 4578 3049 4640 τοῖς
3083 4579 3206 4644 τιη’.
3247 4569 3357 4625 Οὔ·

112 4685 183 4724 τω
229 4687 284 4724 τε
305 4672 397 4725 καὶ
416 4674 467 4726 οί
494 4671 640 4739 ἆγιοι
661 4669 904 4742 Πατέρες
934 4671 1075 4724 κατὰ
1106 4673 1332 4743 καιροὺς
1361 4671 1662 4744 εὑρέθησαν
1696 4674 1754 4726 ἐν
1784 4676 1851 4746 τῇ
1885 4673 2137 4727 Νικαέων
2166 4671 2317 4726 πόλει
2336 4713 2351 4738 ,
2400 4669 2450 4724 οἳ
2519 4668 2616 4723 καὶΙ
2666 4667 3058 4744 ὠρθοτόμησαν
3112 4667 3213 4737 τὴν
3263 4662 3357 4717 πί-

116 4776 253 4817 στιν·
288 4758 361 4819 ὧν
393 4767 429 4837 ή
467 4763 753 4833 ⁸ποσότης,
805 4761 932 4815 καθ’
980 4763 1273 4833 ὁμοιότητα
1338 4765 1433 4818 τοῦ
1487 4768 1825 4840 πατριάρχου
1887 4767 1998 4839 (52)
2039 4765 2325 4839 Ἀϐραὰμ,
2358 4764 2474 4817 ἐστ)⁵
2509 4762 2812 4833 τριακόσιοι
2867 4760 3000 4815 δέκα
3056 4759 3150 4813 καὶ
3212 4754 3356 4812 ὀκτὼ

116 4858 259 4929 ἆγιοι
292 4859 578 4913 ἐπίσκοποι
639 4859 696 4911 ἐν
747 4858 815 4929 τῇ
870 4855 1088 4930 συνόδῳ.
1119 4857 1208 4928 Τῷ
1246 4858 1302 4912 δὲ
1360 4859 1480 4932 Θεῷ
1510 4859 1668 4932 ἡμῶν
1706 4862 1905 4934 πρέπει
1954 4861 2080 4927 δόξα
2141 4859 2237 4915 νῦν
2287 4859 2381 4913 καὶ
2408 4857 2531 4925 ἀεὶ,
2557 4857 2651 4911 καὶ
2681 4859 2763 4922 είς
2798 4856 2925 4919 τοὺς
2982 4853 3186 4917 αἰῶνας
3244 4850 3354 4907 τῶν

116 4946 326 5003 αἰώνων.
372 4948 570 5020 Ἀμήν.

179 5064 221 5097 ⁸⁸
253 5062 394 5123 Psal.
429 5080 556 5132 CII,
590 5064 647 5121 4.

179 5177 282 5249 (25)
311 5179 388 5233 Ita
417 5178 552 5249 Reg.
582 5178 727 5249 Editi
748 5192 896 5244 vero,
923 5178 1019 5231 καὶ
1049 5174 1231 5234 θῦσον.
1261 5176 1441 5243 Colb.,
1464 5177 1559 5232 καὶ
1581 5176 1675 5232 θῦ-

120 5248 417 5321 σον-θυσίαν
434 5248 624 5321 Κυρίῳ
647 5248 727 5318 τῷ
753 5249 872 5321 Θεῷ
907 5265 1021 5302 σου.

182 5318 285 5388 (26)
326 5316 711 5389 ϐοιὺοτὶίῐὶιιε,
749 5316 855 5373 καῖ’
892 5317 1289 5389 τριχοκόπησον
1338 5316 1522 5382 αὑτὸν,
1577 5318 1674 5371 καὶ

118 5386 498 5460 ὀνυχοκόπησον
522 5388 706 5455 αὐτὸν,
738 5389 833 5460 καί
870 5386 1094 5460 φίλησον
1113 5386 1294 5460 αὐτόν.

182 5456 400 5536 (i7)_lta:
418 5460 783 5536 Colbertinus.
813 5456 894 5512 ln‘
916 5456 1076 5514 editis
1105 5473 1236 5513 vero
1259 5457 1396 5521 base,
1432 5456 1526 5509 καὶ
1547 5456 1673 5511 ὀνυ-

118 5529 400 5599 χοκοπῆσαί
429 5545 511 5599 σε,
550 5529 768 5584 desunt.

181 5595 393 5668 (28)'lta
421 5598 787 5654 Colbertinus.
811 5596 955 5659 Editi
968 5604 1022 5653 et
1043 5595 1205 5668 Reg.,
1223 5595 1665 5668 τετελειωμένον.

117 5666 217 5721 καὶ
247 5666 403 5722 πάλιν
433 5670 604 5736 φωνή,
632 5670 851 5723 omissis
883 5669 1069 5723 multis

183 5737 286 5811 (:19)
312 5738 389 5811 [la
414 5736 874 5811 lies-Editueto.
903 5740 1039 5811 μήτε
1062 5738 1119 5791 δὲ
1148 5736 1514 5811 γενεαλργίας-
1582 5786 1593 5811 .-

181 5808 287 5878 (ΞΟ)
321 5807 413 5865 Sic
436 5806 655 5882 Regius.
686 5807 824 5864 Editi
852 5806 999 5878 vero,
1033 5809 1287 5883 ποτήριον
1318 5807 1551 5881 ἄκρατον
1579 5807 1668 5862 ira.

1779 5175 2014 5263 Inferius
2035 5175 2264 5266 Regium
2300 5176 2603 5272 sequimur,
2646 5174 2737 5272 uin
2775 5173 2830 5228 in
2863 5172 3024 5229 editis
3048 5168 3349 5242 legebatur,

1777 5247 1857 5319 τῷ
1883 5247 1997 5319 λαῷ
2028 5247 2194 5301 αὐτοῦ
2232 5252 2335 5316 τιη⁹
2367 5247 2472 5310 ἓως
2497 5247 2617 5314 τῆς,
2645 5252 2752 5300 etc.

1792 5386 1813 5388 _
1851 5318 1963 5388 (5|)
2004 5320 2191 5388 itaex
2241 5313 2413 5388 Regio
2438 5317 2641 5388 locum
2680 5313 3351 5388 vitiatum_restitu_imus.

1778 5382 1953 5441 Colb.’
1977 5390 2057 5441 sic
2093 5387 2269 5446 habet,
2310 5382 2450 5437 ’Ἀλλ’
2480 5385 2620 5438 οὕτω
2652 5383 2868 5505 πρῶτος
2905 5382 3075 5447 τύπος
3128 5383 3355 5452 γέγονεν

1778 5457 1806 5505 ὁ
1832 5457 2164 5505 Μελνισεδὲκ
2197 5455 2296 5505 τῆς
2322 5455 2661 5505 ἀναιμάκτου
2733 5453 2908 5505 υσίας.
2937 5454 3116 5505 φέρων
3149 5455 3230 5505 είς
3255 5454 3355 5505 τὴν

1777 5457 1806 5508 ὁ
1832 5457 2164 5527 Μελχισεδὲκ
2197 5455 2296 5527 τῆς
2318 5455 2661 5527 λάναιμάκτου
2674 5453 2908 5527 θυσίας,
2937 5454 3116 5527 φέρων
3147 5455 3230 5527 είς
3255 5454 3356 5527 τῂν

1777 5519 2281 5607 ἀγίανᾟτροσφορὰὶι
2308 5519 2471 5607 ἄρτρν
2509 5526 2603 5576 καὶ
2647 5519 2785 5577 οἶνον
2818 5525 2913 5576 καὶ
2946 5519 3111 5595 ὕδωρ,
3141 5519 3357 5586 δεικνῦς

1774 5596 1837 5649 τὸ
1858 5595 2297 5670 ’τρισυπόστατον
2307 5595 2547 5670 ,κράτοςπ

1844 5647 2215 5748 Regius,
2263 5647 2446 5748 Οἰιξπέοιι
2474 5647 2594 5748 idle
2624 5661 2945 5748 ὑπάρχουσᾷ
2982 5647 3355 5748 συμμεριστα)

1776 5732 1870 5789 τοῦ
1905 5732 2272 5808 πατρξιιιίτο,
2292 5732 2382 5803 Τῷ
2402 5732 2460 5787 δὲ
2486 5732 2625 5805 Θεῷ,
2644 5732 2777 5801 etc.,
2800 5732 2872 5790 ex
2906 5732 3076 5806 Elegit)
3101 5732 3358 5791 'm’utuatl

1779 5821 1990 5864 sumus.
2026 5808 2083 5863 In
2116 5805 2279 5863 editis
2300 5803 2542 5860 deerant.
