3860 6200
469 337 570 397 551
1637 335 1693 392 S.
1737 330 2198 391 ATHAN-ASIUS.
2239 366 2307 375 —
2349 331 2620 389 SPURIA.
3610 323 3718 383 532

1424 657 1494 713 IN
1531 658 1959 717 OPUSCULUM
2000 657 2319 726 SEQUENS
2356 654 2756 712 ADMONITIO.

543 815 701 887 192
733 815 1055 886 Opusculum
1086 816 1156 871 ad
1175 815 1458 871 Iovianum
1483 815 1684 869 nullam
1712 815 1931 885 praefert
1955 814 2212 885 Epistolre
2240 813 2319 867 vel
2342 821 2621 879 tractatus,
2649 809 2883 881 Augusto
2912 807 3083 873 missi,
3112 805 3342 875 formam
3362 818 3381 857 :
3405 803 3495 858 sed
3518 802 3735 857 videtur

469 927 582 966 esse
612 913 967 983 fragmentum
991 913 1237 968 alicunde
1273 912 1560 974 divulsum,
1592 929 1695 965 non
1735 920 1911 965 tamen
1938 924 2004 964 ea:
2040 908 2321 963 Athanasii
2353 908 2586 977 scriptis,
2620 905 2754 959 nihil
2781 906 2966 976 quippe
2994 903 3077 957 hic
3107 910 3371 970 comparet
3399 899 3722 954 Athanasiu-

469 1023 617 1064 num.
652 1008 737 1062 Ea:
774 1020 1083 1081 argumento
1116 1026 1338 1081 namque
1375 1010 1537 1079 liquet
1574 1024 1687 1063 esse
1728 1008 1979 1077 scriptum
2022 1015 2139 1071 post
2182 1015 2380 1059 motam
2418 1003 2756 1074 quaestionem
2800 1001 2863 1055 de
2885 1000 3090 1055 duabus
3129 996 3517 1069 hyposlasibus,
3568 1004 3723 1062 atque

470 1116 535 1154 ea:
570 1102 885 1172 quibusdam
914 1105 986 1157 ad
1013 1104 1209 1157 calcem
1245 1102 1413 1157 verbis
1446 1102 1650 1157 videtur
1674 1101 1873 1156 editum
1906 1109 2026 1154 ante
2057 1099 2316 1169 synodum
2356 1097 2830 1152 Chalcedonensem
2871 1111 2889 1148 :
2912 1110 3070 1147 unam
3101 1094 3241 1147 enim
3267 1091 3393 1144 dicit
3418 1106 3529 1143 esse
3568 1086 3723 1142 Verbi

471 1200 723 1247 naturam
760 1202 813 1248 et
843 1194 1151 1265 hypostasin
1184 1194 1543 1257 incarnatam,
1570 1195 1724 1264 quasi
1745 1201 1942 1247 natura
1964 1192 2194 1260 idipsum
2216 1191 2287 1245 sit
2311 1189 2447 1260 quod
2473 1190 2790 1260 hypostasis.
2829 1186 2952 1242 Nisi
2977 1186 3204 1255 fortasse
3232 1185 3347 1254 quis
3374 1189 3582 1251 putaret
3608 1189 3724 1247 post

471 1289 728 1355 synodum
771 1285 1244 1341 Chalcedonensem
1274 1288 1628 1356 conscriptum
1658 1286 1965 1355 opusculum
2005 1285 2171 1354 fuisse
2210 1282 2276 1338 ab
2316 1284 2496 1356 aliquo
2527 1281 2875 1352 Eutychiano.
2917 1278 3101 1349 Slylus
3130 1277 3347 1345 denique
3372 1273 3647 1342 perplexas
3675 1280 3723 1324 et

471 1378 769 1444 intricatus,
806 1397 869 1433 ac
899 1381 1064 1434 verbis
1087 1391 1335 1435 constans
1372 1381 1665 1435 Athanasio
1693 1383 1907 1434 minime
1938 1380 2175 1441 usitatis,
2211 1389 2483 1432 auctorem
2512 1377 2709 1431 indicat
2740 1374 3033 1428 Athanasio
3064 1373 3214 1441 longe
3236 1372 3510 1437 imparem.
3545 1364 3725 1419 Habe-

476 1477 562 1521 tur
597 1483 772 1523 autem
809 1472 865 1524 in
908 1473 1246 1541 paucissimis
1281 1473 1568 1535 codicibus,
1594 1474 1650 1526 in
1688 1471 1973 1527 Basiliensi
2006 1471 2277 1533 nimirum,
2309 1469 2445 1523 unde
2485 1470 2657 1537 primo
2686 1483 2867 1522 ensum
2902 1465 3026 1535 fuit,
3069 1474 3118 1517 et
3152 1465 3205 1515 in
3225 1462 3472 1514 Vaticano
3496 1457 3723 1527 quodam

472 1579 617 1617 num.
647 1564 805 1619 1451.

473 1803 814 1860 EIUSDEM
851 1805 1271 1862 ATHANASII
1313 1809 1411 1862 AD
1466 1809 1867 1871 BIISSIMUM
1911 1812 2034 1867 Hl-

797 1875 983 1930 PERA
997 1877 1242 1933 TOREM
1295 1878 1378 1936 10
1393 1878 1511 1935 VIA
1525 1880 1711 1936 NUM.

544 1983 808 2043 Dominus
835 1998 1021 2044 noster
1046 1988 1206 2046 Jesus
1233 1991 1490 2048 Christus
1519 1994 1587 2049 de
1617 1995 1890 2065 baptismo
1914 2012 2038 2052 cum
2069 1966 2116 2016 Α

472 2077 623 2146 leges
665 2079 809 2146 tulit,
842 2089 1090 2135 exactam
1136 2094 1556 2155 accuratamque
1598 2087 1719 2142 ﬁdei
1765 2089 2040 2144 deﬁnitio-

475 2182 599 2221 nem
643 2168 832 2234 edidit,
870 2172 1077 2227 sanctis
1119 2175 1384 2243 apostolis
1422 2177 1617 2230 aiens:
1650 2196 1669 2228 ί
1701 2177 1906 2234 Euntes
1939 2179 2040 2233 do-

473 2264 591 2311 cete
623 2272 816 2314 omnes
847 2266 1060 2329 gentes,
1095 2262 1433 2333 baptizantes
1462 2280 1557 2319 eos
1597 2267 1652 2319 in
1684 2267 1904 2323 nomine
1939 2267 2046 2321 Pa--

473 2348 575 2402 tris
615 2357 669 2403 et
693 2346 815 2403 Filii
844 2359 898 2405 et
942 2348 1180 2421 Spiritus
1232 2355 1495 2408 sancti".
1530 2373 1549 2406 ι
1580 2353 1769 2424 Itaque
1810 2355 2044 2412 initiatio

476 2438 529 2489 in
563 2436 689 2500 ﬁde,
719 2446 804 2493 est
843 2440 899 2494 in
928 2439 1144 2496 Patrem
1176 2449 1231 2497 et
1268 2442 1464 2499 Filium
1510 2453 1565 2498 et
1605 2443 1869 2515 Spiritum
1918 2461 2045 2501 san-

473 2538 642 2585 ctum.
683 2529 819 2585 Cum
867 2541 1056 2586 sancta
1098 2549 1229 2605 ergo
1256 2533 1497 2591 Trinitas
1527 2537 1898 2592 accessionem
1934 2553 2046 2593 non

474 2620 749 2686 admittat,
799 2623 959 2693 plane
989 2633 1206 2681 constat
1247 2627 1586 2696 unigenitum
1629 2627 1750 2698 ejus
1781 2628 2042 2693 Verbum,

473 2711 618 2782 quod
640 2728 708 2769 ex
729 2713 907 2770 Patris
933 2717 1134 2786 placito
1154 2726 1208 2772 et
1234 2733 1332 2771 sua
1363 2725 1554 2787 sponte
1598 2727 1847 2774 nostrum
1877 2721 2047 2790 parti-

475 2815 604 2871 ceps
654 2810 760 2867 est,
807 2818 874 2858 ex
926 2805 1136 2875 Spiritu
1189 2816 1383 2861 sancto
1426 2815 1481 2862 et
1512 2823 1577 2862 ex
1625 2808 1793 2863 Maria
1823 2808 2048 2881 Virgine

476 2902 673 2959 matre,
718 2911 890 2950 unum
938 2913 1060 2953 esse
1096 2896 1315 2964 Filium,
1365 2914 1492 2953 cum
1533 2901 1931 2971 assumptione,
1979 2918 2049 2957 ex

476 2986 699 3042 unionis
752 2990 1081 3045 (economia.
1127 2989 1302 3046 Simul
1350 2992 1496 3047 enim
1538 3006 1687 3056 caro,
1743 2993 1908 3048 simul
1952 2992 2048 3049 Dei

2148 1807 2982 1867 ΤΟΥΑΥΤΟΥΑΘΑΝΑΣΙΟΥ
3020 1806 3211 1858 ΠΡΟΣ
3251 1802 3728 1856 ΤΟΝΕΥΣΕΒΕ-

2404 1880 2691 1935 ΣΤΑΊὈΝ
2729 1879 3048 1931 ΒΑΣΙΛΕΑ
3084 1875 3461 1927 ΙΩΒῙΑΝΟΝ.

2228 1995 2285 2048 '0
2315 1993 2515 2064 Κύριος
2541 1989 2700 2062 ἡμῶν
2742 1989 2950 2058 Ἰησοῦς
2992 1986 3245 2059 Χριστὸς,
3281 1987 3373 2039 ἐπὶ
3404 1985 3481 2056 τῷ
3530 1985 3724 2056 βαπτί-

2147 2101 2312 2156 σματι
2349 2080 2711 2153 θεσμοθετῶν,
2765 2079 2854 2131 τὸν
2909 2077 3109 2148 ἀκριϐῆ
3157 2076 3250 2128 καὶ
3308 2076 3727 2146 τετορνευμένον

2143 2177 2267 2247 ὅρον
2289 2176 2385 2246 τῆς
2409 2174 2644 2234 πίστεως
2675 2170 2920 2240 ἐποίησε,
2949 2168 3120 2236 λέγων
3152 2169 3264 2229 τοῖς
3288 2167 3462 2234 ἁγίοις
3495 2167 3730 2220 ἀποστό-

2146 2268 2258 2331 λοις
2282 2285 2295 2298 ’
2325 2286 2344 2318 ι
2386 2265 2771 2337 Πορευθέντες,
2815 2260 3187 2332 μαθητεύσατε
3250 2258 3428 2311 πάντα
3465 2258 3535 2310 τὰ
3573 2257 3723 2327 ἔθνη,

2148 2357 2501 2431 βαπτίζοντες
2532 2355 2823 2418 αὐτοὺςείς
2848 2351 2907 2405 τὸ
2942 2351 3111 2420 ὄνομα
3141 2349 3233 2402 τοῦ
3265 2348 3476 2420 Πατρὸς
3513 2349 3608 2400 καὶ
3630 2349 3726 2401 τοῦ

2145 2450 2278 2505 Υἱοῦ
2334 2450 2428 2502 καὶ
2479 2448 2572 2501 τοῦ
2617 2447 2772 2514 ἁγίου
2803 2443 3137 2513 Πνεύματος.
3176 2461 3193 2492 ›
3233 2439 3439 2493 Οὐκοῦν
3469 2443 3502 2510 ἡ
3532 2443 3591 2492 ὲν
3633 2440 3726 2491 πί-

2147 2558 2262 2596 στει
2291 2539 2568 2602 τελείωσις
2608 2540 2685 2600 εἰς
2717 2536 2808 2589 τὸν
2837 2534 3058 2604 Πατέρα
3082 2533 3177 2585 καὶ
3205 2531 3294 2584 τὸν
3320 2530 3447 2583 Υἱόν
3482 2531 3599 2582 ἐστι
3633 2530 3729 2582 καὶ

2145 2633 2207 2687 τὸ
2238 2631 2461 2702 Πνεῦμα
2481 2630 2543 2683 τὸ
2577 2630 2750 2697 ἅγιον.
2780 2627 2889 2696 Τῆς
2922 2621 3014 2679 οὖν
3040 2624 3201 2691 ἁγίας
3225 2622 3452 2693 Τριὰδος
3484 2619 3729 2690 προσθή-

2146 2741 2250 2794 κην
2278 2724 2379 2776 οὐκ
2401 2718 2806 2790 ἐπιδεχομένης,
2826 2717 3041 2779 πάντως
3063 2715 3167 2775 ὅτι,
3191 2716 3247 2767 ὲν
3269 2712 3485 2783 εὐδοκία
3512 2711 3730 2781 Πατρὸς

2149 2813 2410 2877 ἑκουσίως
2443 2809 2725 2883 μετασχὼν
2761 2808 2868 2862 τῶν
2903 2810 2958 2861 ὲν
2990 2810 3119 2879 ἡμῖν
3153 2809 3181 2860 ὁ
3227 2806 3519 2875 μονογενὴς
3553 2801 3728 2857 αὐτοῦ

2148 2907 2317 2975 Λόγος
2352 2906 2417 2957 ὲκ
2463 2902 2775 2972 Πνεύματος
2828 2900 2984 2968 ἁγίου
3032 2899 3128 2952 καὶ
3180 2897 3397 2968 Μαρίας
3446 2896 3730 2967 Παρθένου

2148 2997 2391 3068 Μητρὸς,
2425 2990 2506 3058 εἷς
2536 2994 2696 3048 πάλιν
2730 2993 2875 3046 ἐστὶν
2914 2991 3042 3055 Υἱὸς
3077 2989 3212 3062 μετά
3236 2990 3327 3044 καὶ
3356 2989 3455 3058 τῆς
3484 2988 3728 3059 προσλή-

479 3076 644 3133 Verbi
674 3093 826 3145 caro,
856 3081 1020 3136 simul
1051 3095 1182 3136 caro
1215 3083 1469 3139 animalis
1496 3084 1783 3139 rationalis
1808 3103 1821 3139 :
1849 3085 1908 3138 in
1928 3086 2048 3156 ipso

2154 3091 2295 3161 ψεως
2318 3093 2384 3161 τῇ
2401 3089 2498 3158 τῆς
2520 3087 2763 3150 ὲνώσεως
2783 3086 3080 3156 οἰκονομίᾳ.
3103 3086 3252 3156 ’Ἅμα
3276 3082 3382 3155 γὰρ
3420 3082 3593 3155 σὰρξ,
3612 3082 3734 3153 ἄμα

476 3184 715 3240 namque
746 3178 801 3224 et
828 3170 1154 3241 hypostasin
1195 3171 1406 3227 habuit.
1441 3169 1597 3228 Unde
1618 3174 1764 3243 jure,
1810 3176 1921 3231 imo
1950 3192 2048 3247 po-

2154 3183 2284 3237 Θεοῦ
2308 3182 2484 3251 Λόγου
2512 3178 2670 3253 σὰρξ,
2707 3181 2824 3250 ἅμα
2854 3179 2987 3253 σὰρξ
3011 3178 3253 3250 ἔμψυχος
3279 3178 3471 3248 λογική
3492 3193 3505 3205 ·
3539 3176 3600 3230 ὲν
3632 3176 3734 3228 αὐ-

478 3260 610 3322 tius,
640 3274 853 3325 revera,
903 3275 1024 3331 quae
1071 3271 1353 3332 assumpta
1394 3272 1544 3329 sunt,
1587 3265 1762 3335 ipsius
1809 3265 2044 3330 Domini,
2081 3296 2083 3348 ζ

2154 3276 2225 3346 τῷ
2262 3274 2371 3348 γὰρ
2413 3274 2507 3327 καὶ
2538 3272 2634 3343 τὴν
2682 3273 2980 3326 ὑπόστασιν
3033 3271 3207 3342 ἔσχεν.
3270 3269 3431 3323 Ὅθεν
3482 3268 3731 3331 δικαίως,

478 3357 535 3402 rt
564 3365 675 3404 non
722 3351 950 3407 alterius
982 3354 1201 3424 propria
1228 3368 1353 3410 esse
1386 3353 1443 3408 in
1477 3354 1733 3412 confesso
1770 3357 1892 3412 erit.
1922 3355 2045 3412 Pri-

2154 3366 2356 3439 μᾶλλον
2403 3365 2461 3419 δὲ
2517 3364 2612 3418 καὶ
2651 3362 2885 3435 ἀληθῶς,
2916 3362 3080 3416 αὐτοῦ
3105 3362 3198 3415 τοῦ
3227 3361 3431 3433 Κυρίου
3461 3359 3569 3412 ἴδια
3591 3399 3606 3421 ,
3636 3359 3737 3411 καὶ

479 3456 629 3495 mum
659 3455 898 3513 namque
928 3442 1193 3501 Dominus
1221 3461 1346 3501 cum
1379 3448 1473 3503 illa
1497 3447 1703 3515 divine,
1730 3457 1785 3504 et
1815 3457 1949 3505 tunc
1980 3465 2047 3505 ex

2154 3457 2247 3526 οὐχ
2271 3455 2459 3527 ἑτέρου
2488 3454 2651 3518 τινὸς,
2680 3453 2749 3506 τὰ
2785 3452 3198 3524 προσληφθέντα
3254 3448 3738 3523 προσομολογηθή-

481 3532 573 3586 illa
624 3533 746 3603 ipse
800 3549 898 3604 per
947 3534 1413 3607 dispensationem
1481 3555 1639 3610 puer.
1704 3539 2049 3610 Quapropter

482 3623 647 3694 Virgo
665 3632 843 3681 mater
870 3633 976 3692 est,
1008 3634 1198 3698 utpote
1229 3628 1482 3700 Deipara,
1509 3640 1700 3687 sancta
1733 3631 1920 3686 Maria.
1945 3630 2051 3685 Par

484 3716 669 3786 itaque
701 3716 916 3772 videtur
944 3733 1068 3775 esse
1096 3735 1263 3774 unam
1294 3724 1480 3791 potius
1502 3721 1687 3778 dicere
1715 3730 1771 3777 et
1801 3722 2049 3777 conﬁteri

481 3815 736 3862 naturam
769 3806 958 3875 Verbi,
993 3819 1247 3867 naturam
1283 3813 1493 3869 scilicet
1529 3821 1583 3867 et
1611 3814 1935 3884 hyposlasin
1963 3818 2048 3870 in-

482 3910 784 3967 carnatam,
817 3912 869 3957 et
891 3902 1131 3973 perfecte
1160 3904 1435 3961 hominem
1470 3906 1689 3962 factam.
1725 3906 1793 3960 Et
1819 3909 1915 3978 qui
1947 3910 2050 3963 hoc

484 4004 593 4043 non
624 3988 847 4056 fatetur,
877 4007 1004 4048 cum
1040 3992 1151 4049 Deo
1182 4004 1387 4066 pugnat
1423 4007 1478 4052 et
1508 3997 1683 4054 hostis
1714 4006 1800 4054 est
1829 4007 2050 4054 sancto-

482 4096 604 4136 rum
633 4080 893 4156 Patrum.|

2156 3566 2358 3602 σονται.
2384 3548 2606 3619 Πρῶτον
2626 3547 2722 3618 μὲν
2753 3546 2863 3617 γὰρ
2889 3547 2918 3598 ὁ
2950 3544 3152 3617 Κύριος
3174 3543 3288 3613 μετ’
3320 3542 3488 3613 αὐτῆς
3510 3541 3734 3605 θεῖκῶς,

2155 3641 2251 3692 καὶ
2278 3638 2401 3692 τότε
2448 3638 2507 3705 ἐξ
2540 3638 2708 3708 αὐτῆς
2737 3639 2766 3690 ὁ
2807 3636 2969 3699 αὐτὸς
2996 3633 3352 3704 οἰκονομικῶς
3376 3632 3608 3686 παιδίον.
3643 3631 3741 3683 Διὸ

2152 3728 2247 3781 καὶ
2279 3725 2717 3799 Παρθενομήτωρ
2739 3725 2815 3788 ὡς
2846 3723 3102 3786 Θεοτόκος
3135 3725 3168 3794 ἡ
3199 3722 3329 3790 ἁγία
3354 3721 3562 3792 Μαρία.
3586 3720 3741 3773 Μίαν

2151 3819 2329 3873 τοίνυν
2361 3818 2504 3871 ἔοικε
2531 3816 2730 3887 μᾶλλον
2751 3816 2929 3883 λέγειν
2957 3814 3053 3868 καὶ
3089 3813 3370 3883 ὁμολογεῖν
3428 3810 3589 3881 φύσιν
3637 3810 3739 3863 τοῦ

2155 3911 2351 3978 Λόγου,
2392 3909 2551 3978 φύσιν
2577 3925 2637 3961 τε
2679 3908 2774 3961 καὶ
2818 3907 3114 3960 ὑπόστασιν
3162 3904 3606 3975 σεσαρκωμένην.
3642 3902 3744 3955 καὶ

2155 3999 2377 4062 τελείως
2430 3998 2948 4068 ὲνανθρωπήσασαν.
2988 3994 3099 4048 Καὶ
3139 3994 3169 4044 ὁ
3226 3993 3384 4046 τοῦτο
3436 3992 3511 4063 μὴ
3556 3991 3744 4058 λέγων

2159 4089 2424 4160 θεομάχος
2444 4088 2562 4142 ἐστὶ
2581 4089 2674 4142 καὶ
2696 4087 2803 4140 τῶν
2819 4086 2989 4154 ἁγίων
3005 4084 3265 4156 Πατέρων
3288 4082 3544 4152 πολέμιος
3573 4080 3741 4154 (32‘).

560 4240 602 4273 ⁸⁷
638 4238 828 4297 Matth.
864 4255 1075 4309 xxvm,
1110 4228 1199 4300 19.

554 4397 684 4468 (52')
708 4396 883 4466 Hujus
897 4397 1143 4468 opusculi
1161 4413 1255 4453 seu
1266 4397 1515 4468 epistola:
1533 4397 1892 4467 fragmentum
1913 4397 2056 4466 quod

2161 4396 2314 4468 θένου
2343 4395 2668 4468 γεννηθέντα
2692 4396 2837 4468 ,κατὰ
2856 4396 3067 4468 σάρκα,
3096 4397 3172 4468 ὡς
3197 4393 3750 4468 ὁ-θεῖοςἈπόστολος

484 4464 572 4521 Ιιίιέ
613 4464 1026 4537 noncompairet
1064 4467 1219 4520 affert
1259 4464 1770 4536 Justinianus'imp.
1815 4468 1868 4521 in
1912 4464 2055 4522 libro

2158 4464 2397 4520 διδάσκει
2430 4464 2605 4537 λέγων
2624 4481 2638 4496 ⁸
2675 4467 2803 4537 Ὅτε
2847 4466 2903 4519 δὲ
2928 4464 3059 4537 ἦλθε
3089 4466 3150 4537 τὸ
3191 4466 3464 4537 πλήρωμα
3482 4464 3579 4537 τοῦ
3609 4465 3756 4534 χρό-

483 4546 668 4590 contra
703 4534 1117 4607 Monoplzysitasi
1140 4552 1297 4605 quem
1335 4538 1534 4605 publici
1569 4534 1872 4605 juris—fecit
1900 4537 2050 4591 card.

2161 4554 2274 4598 νου,
2308 4534 2685 4602 ἐξαπέστειλεν
2701 4538 2755 4607 ῌὸ
2780 4536 2911 4599 Θεὸς
2948 4534 3038 4590 τὸν
3068 4536 3191 4590 Υἱὸν
3243 4534 3752 4607 αὐτοῦμγενόμενον

482 4608 687 4676 Angelo
717 4607 819 4660 Mai
866 4602 1000 4676 tom.
1036 4606 1122 4662 VII
1158 4602 1355 4674 Scriptl
1386 4617 1507 4669 vet.,
1550 4602 1602 4676 p.
1640 4607 1744 4661 505
1782 4627 1793 4659 :
1834 4606 2054 4676 Ἑτέραν

2161 4606 2225 4659 ἐκ
2245 4607 2494 4675 γυναικός
2512 4623 2525 4636 ·
2552 4608 2643 4659 καὶ
2673 4602 2811 4659 εἶναι
2840 4608 2998 4660 αὐτὸν
3022 4607 3148 4658 Υἱὸν
3176 4606 3267 4658 τοῦ
3295 4602 3752 4676 Θεοῢ,ίκαὶίΘερν

481 4678 537 4749 δὲ
561 4673 643 4749 ὦς
664 4675 906 4749 δὴᾼπαρᾲ
949 4673 1473 4749 Ἀθανασίουτοῦηὲν
1499 4673 1677 4749 ἁγίοις
1703 4677 1837 4749 πρὸς
1874 4673 2058 4749 Ἰοὸια-
2162 4673 2306 4749 κατὰ
2337 4677 2575 4749 πνεῦμα,
2603 4677 2737 4749 Υίδν
2788 4677 3073 4749 ἀνθρώπου
3114 4678 3255 4729 κατὰ
3306 4677 3504 4749 σᾴρκα,
3528 4675 3611 4749 cf;
3642 4673 3753 4749 δύο

482 4693 537 4729 οε
561 4693 638 4738 ως
664 4693 729 4748 οη
756 4693 906 4798 παρα
952 4693 1264 4730 Ἀυανασιου
1293 4693 1387 4728 του
1416 4693 1473 4729 εν
1499 4693 1674 4745 αγιοις
1703 4693 1837 4749 προς
1874 4693 2058 4731 -ιοοια-
2162 4693 2306 4730 κατα
2337 4693 2575 4746 πνευμα,
2612 4693 2634 4728 ι
2654 4693 2731 4730 ιον
2788 4693 3073 4799 ανυρωπου
3114 4693 3255 4729 κατα
3306 4693 3504 4747 σαρκα,
3547 4693 3611 4727 ου
3642 4693 3751 4727 ouo

482 4746 571 4829 νὺν
597 4746 690 4826 τὸν
717 4747 843 4832 βασι
879 4746 1351 4832 έαῖγεγραμμκένῃν
1381 4747 1605 4832 έὶχουσαν
1622 4747 1812 4832 οὕτως·
1846 4766 1864 4797 ι
1889 4748 2062 4832 ’ζρμο-
2164 4747 2354 4828 φύσεις
2392 4747 2485 4831 τὸν
2524 4746 2807 4832 ἓναιχὶδν,
2836 4765 2888 4832 ,μ
2913 4765 2978 4801 αν
3010 4746 3410 4832 ’προσκυνῃτὴν
3455 4747 3551 4832 καὶ
3607 4746 3751 4814 μίαν

482 4784 748 4896 λογοῦμειν
786 4817 878 4869 τὸν
911 4784 1324 4870 Υἱδνιξοὲἓεοέ
1365 4784 1455 4870 τόν
1501 4818 1607 4887 πρὸ
1640 4784 1850 4871 αἰώνῖυν
1877 4784 2059 4880 assii»;
2161 4784 2591 4887 ἔπροεξκύνητον,
2623 4817 2759 4871 ἀλλὰ
2790 4784 2916 4886 ᾖίὲν
2956 4784 3115 4886 φύσίν
3140 4816 3233 4869 τοῦ
3278 4784 3411 4867 ἀεόῦ
3442 4784 3750 4882 Λόγουνσε-

483 4889 550 4940 ἐκ
575 4903 670 4939 του
698 4887 910 4940 Πατοὺς
950 4887 1295 4940 γεννηθέντα.
1330 4887 1415 4938 ἐπ’
1451 4887 1679 4940 ὲσγὰτου
1707 4887 1814 4940 τῶν
1847 4887 2056 4938 αἰώνων
2163 4887 2543 4940 σαοκωμένην.
2587 4887 2680 4939 καὶ
2720 4886 3194 4940 προσκυνουμένην
3240 4886 3375 4940 μετά
3403 4885 3503 4940 τῆς
3536 4884 3750 4940 σαρκὸς

483 4903 551 4958 εκ
575 4903 670 4958 του
698 4902 910 4958 υατρος
950 4902 1310 4958 γεννηυεντα,
1330 4902 1413 4938 επ
1451 4902 1679 4957 εσχατου
1707 4904 1826 4958 των
1847 4902 2056 4958 αιωῖνων

2163 4884 2543 4958 σαρκωμένήν,
2587 4887 2680 4939 καὶ
2720 4884 3194 4958 προσκυνουμένην
3239 4886 3375 4956 μετὰ
3403 4885 3503 4954 τῆς
3536 4884 3753 4955 σαρκὸς

482 4957 569 5011 διὰ
589 4956 688 5028 τὴν
711 4956 986 5028 ἡμετέραν
1006 4956 1274 5028 σωτηρίαν
1296 4956 1360 5008 ὲκ
1385 4958 1602 5028 Μαρίας
1622 4958 1720 5028 τῆς
1735 4957 1896 5025 ἁγίας
1918 4957 2058 5027 Παρ-
2161 4956 2325 5009 αὑτοῦ
2360 4956 2460 5027 μιᾷ
2488 4956 2871 5028 προσκυνήσει.
2911 4976 2930 5008 ι

1230 5301 1297 5357 IN
1337 5298 1594 5355 LIBRUM
1637 5298 1726 5352 DE
1763 5295 2318 5353 DEFINITIONIBUS
2364 5295 2761 5353 ADMONITIO.

557 5445 812 5516 Opusculi
836 5446 1052 5516 hujusce
1079 5444 1290 5500 νοθείαν
1316 5443 1554 5498 eruditus
1577 5457 1726 5496 nemo
1752 5442 1924 5510 primo
1947 5450 2160 5509 aspectu
2187 5455 2292 5492 non
2319 5437 2492 5493 videat
2521 5454 2540 5492 :
2563 5448 2675 5492 tum
2703 5455 2768 5494 ea:
2801 5440 3020 5494 laudato
3046 5439 3292 5510 Gregorio
3319 5438 3592 5510 Nysseno,
3628 5448 3751 5493 tum

485 5555 547 5594 ea:
576 5538 735 5609 style,
776 5540 1007 5603 vocibus,
1038 5539 1247 5593 demum
1278 5538 1577 5609 nugacitate
1604 5535 1880 5604 scriptoris
1911 5534 2147 5603 hujusce.
2182 5531 2535 5598 Quamobrem
2567 5533 2687 5599 erit,
2723 5533 2779 5587 ni
2803 5532 2988 5599 lallor,
3030 5535 3187 5597 satis,
3222 5548 3431 5586 monere
3463 5532 3748 5595 lectomn,

489 5632 671 5687 haberi
707 5635 958 5701 pauculas
989 5633 1319 5705 deﬁnitiones
1366 5631 1423 5685 in
1474 5630 1715 5699 operibus
1756 5628 2003 5697 Maximi,
2048 5624 2361 5695 Combeﬁsio
2396 5624 2613 5694 editors,
2643 5641 2758 5695 quis
2791 5625 2999 5696 quidem
3036 5626 3221 5680 harum
3264 5623 3585 5696 quibusdam
3634 5640 3748 5677 non

486 5730 753 5785 absimiles
786 5739 927 5784 sunt.
