3860 6200
137 346 231 402 533
1337 328 1540 384 LIBER
1581 325 1670 381 DE
1709 319 2285 380 DEFINITIONIBUS.

3287 313 3396 370 εει

201 463 264 520 lu
293 463 654 531 manuscripto
684 475 842 529 porro
873 456 1104 513 Colbert.
1136 454 1296 515 6753,
1323 451 1633 521 opusculum
1668 448 1722 501 Ιιι

1833 465 1888 500 ur
1922 446 2016 498 hoc
2053 444 2243 498 titulo:
2276 439 2562 510 Κεφάλαιά
2595 457 2715 493 τινα
2761 437 3042 523 ὀφείλοντα
3067 433 3394 492 ἐπίστασθαι

135 565 256 627 τοῖς,
299 560 376 623 ὼς
409 559 527 624 ἐξὸν
560 518 886 626 ἀνθρωπίνῳ
929 551 1030 611 νοῒ,
1064 518 1405 620 βουλομένοις
1422 545 1625 615 γνῶναι
1657 544 1717 596 τὸ
1751 543 2050 613 μυστήριον
2078 539 2177 609 τῆς
2199 539 2292 593 τοῦ
2325 539 2498 606 Λόγου
2535 534 2886 606 σαρκώσεως.
2920 518 3112 604 Capita
3143 529 3390 600 quaedam

137 667 247 722 quae
277 651 424 704 scire
447 653 666 718 oportet
694 658 812 705 eos,
841 619 956 712 qui,
985 648 1043 694 ut
1068 619 1177 694 l‘ert
1211 637 1445 691 facultas
1477 635 1678 688 mentis
1707 634 1984 696 humanae,
2010 646 2174 686 nosse
2207 630 2400 684 volunt
2431 627 2749 698 mysterium
2782 623 3181 679 lncarnationis
3205 619 3390 676 Verbi.

136 716 293 799 isthic
316 716 499 796 multa?
517 736 798 800 habentur,
819 749 937 804 quae
959 733 1015 786 in
1043 731 1125 785 Itis
1161 744 1364 799 quoque
1393 725 1806 794 Deﬁnitionibus
1847 722 2109 793 leguntur,
2141 721 2352 789 suisque
2384 718 2512 773 locis
2544 716 2936 771 adnotavimus.

458 987 599 1043 ΤΟΥ
629 983 897 1047 ΑΥΤΟΥ,
945 979 1143 1034 ΠΕΡΙ
1176 977 1399 1029 ΟΡΩΝ.

199 1111 252 1166 1.
283 1110 441 1180 Ὅροι
475 1106 722 1176 διάφοροι
774 1101 913 1155 κατὰ
945 1098 1044 1170 τὴν
1078 1096 1376 1168 παράδοσιν
1405 1093 1500 1146 καὶ
1531 1090 1713 1143 πίστιν

134 1203 225 1273 τῆς
291 1197 593 1267 καθολικῆς
659 1191 1022 1262 Ἐκκλησίας,
1086 1187 1434 1254 συλλεγέντες
1481 1183 1603 1254 ⁸ἀπό
1655 1197 1713 1234 τε

135 1295 446 1363 Κλήμεντος
484 1289 576 1342 καὶ
608 1286 809 1358 ἐτέρων
838 1285 1002 1336 ὁσίων
1041 1279 1250 1352 ἀνδρῶν
1286 1277 1380 1330 καὶ
1431 1273 1714 1346 μακαρίων

135 1386 423 1455 Πατέρων·
483 1379 576 1443 οὓς
628 1378 706 1431 δεῖ
756 1375 863 1447 πρὸ
905 1373 1102 1435 παντὸς
1161 1371 1346 1441 ἐτέρου
1396 1366 1716 1438 μαθήματος

137 1475 376 1545 μετιέναι
421 1472 513 1525 καὶ
553 1466 910 1539 ἑνστηθίζειν,
957 1465 1046 1518 τὸν
1073 1465 1140 1533 τῇ
1203 1459 1422 1531 βοηθείᾳ
1452 1457 1543 1510 τοῦ
1580 1455 1714 1508 Θεοῦ

137 1565 493 1639 προΐστασθαι
519 1563 612 1615 τοῦ
642 1561 815 1628 Λόγου
841 1559 939 1628 τῆς
961 1556 1217 1628 ἀληθείας
1242 1551 1561 1623 βουλόμενον
1579 1589 1594 1613 ,
1623 1548 1717 1600 καὶ

134 1659 307 1711 πάντα
362 1654 648 1725 ἄνθρωπον
677 1650 972 1721 ὁρθοδόξως
1015 1647 1314 1719 φρονοῦντα
1337 1685 1350 1709 ,
1388 1643 1482 1697 καὶ
1534 1642 1716 1694 πίστιν

134 1750 265 1821 πρὸς
293 1746 429 1800 Θεὸν
458 1745 556 1815 τὴν
591 1742 855 1814 εἱλικρινῆ
882 1739 1173 1810 ἐσχηκότα.

198 1841 252 1894 2.
272 1840 422 1910 Πρὸς
451 1837 508 1890 δὲ
536 1833 934 1906 ἀκριϐεστέραν
963 1829 1262 1901 παράδοσιν
1296 1829 1474 1880 ἐκεῖνο
1519 1824 1716 1878 εἰδέναι

136 1933 259 2004 χρὴ,
288 1932 482 2000 ὅτιπερ
514 1930 622 1981 πᾶν
648 1927 709 1979 τὸ
729 1924 938 1979 οἱονοῦν
971 1923 1190 1993 ζήτημα
1221 1921 1254 1990 ἢ
1291 1918 1550 1991 ἐρώτημα
1568 1919 1717 1987 τρεῖς

136 2027 229 2088 τὰς
277 2025 581 2093 ἐρωτήσεις
611 2021 706 2074 καὶ
731 2017 1004 2082 ἐξετάσεις
1036 2015 1148 2085 ἕχει
1174 2031 1188 2044 ο
1213 2009 1323 2066 οἷον
1361 2011 1413 2064 τί
1442 2012 1555 2063 ἐστι
1597 2009 1717 2062 τόδε

139 2119 390 2190 πρᾶγμα,
458 2116 554 2168 καὶ
611 2113 752 2167 κατὰ
798 2111 850 2163 τί
905 2110 1119 2179 εἴρηται
1154 2107 1296 2168 τόδε,
1339 2105 1434 2158 καὶ
1462 2103 1716 2174 (ὁσαχῶς)

139 2213 335 2263 νοεῖται
372 2207 436 2259 τὸ
491 2205 660 2275 ὄνομα
703 2202 841 2262 τόδε.
893 2200 1004 2253 Καὶ
1047 2200 1133 2251 ὅτε
1171 2198 1271 2268 μὲν
1324 2195 1636 2268 ἐρωτῶμεν,
1666 2193 1717 2245 τί

141 2304 252 2355 ἐστι
300 2299 459 2363 τόδε;
521 2295 782 2368 πρόδηλον
807 2333 822 2356 ,
861 2293 941 2345 ὅτι
993 2292 1084 2343 τὸν
1129 2291 1254 2360 ὅρον
1301 2287 1570 2359 ζητοῦμεν
1623 2285 1716 2338 τοῦ

145 2394 497 2466 πράγματος·
522 2390 649 2442 ὅταν
681 2387 737 2439 δὲ
759 2386 1029 2455 λέγωμεν,
1064 2382 1206 2435 κατά
1235 2381 1288 2434 τί
1318 2381 1536 2451 εἴρηται
1561 2379 1717 2441 τόδε;
1753 2408 1794 2460 Β

140 2488 234 2559 τὴν
256 2489 349 2538 ἐτυ
359 2483 616 2555 μολογίαν
638 2480 729 2533 τοῦ
754 2478 1016 2549 ὀνόματος
1049 2472 1282 2528 ἀπαιτοῦ
1292 2489 1408 2543 μεν.
1451 2469 1644 2523 Ἦνίκα
1666 2469 1720 2521 δὲ

141 2581 388 2650 λέγομεν,
428 2573 640 2646 ὁσαχῶς
671 2575 870 2626 νοεῖται
921 2571 982 2624 τὸ
1013 2570 1185 2638 ὄνομα
1225 2565 1384 2630 τόδε;
1434 2561 1720 2634 πρόδηλον,

142 2675 219 2726 ὅτι
254 2671 398 2723 πόσα
452 2667 723 2737 ζητοῦμεν
767 2663 836 2716 τὰ
884 2659 1260 2732 σημαινόμενα
1309 2656 1404 2710 τοῦ
1437 2654 1719 2724 ὀνόματος.

153 2766 209 2817 Ὀ
241 2762 375 2831 γοῦν
400 2760 558 2822 ἐκτὸς
584 2759 838 2828 εἰδήσεως
883 2753 992 2807 τῶν
1041 2752 1182 2824 ὅρων
1214 2747 1557 2818 δογματίζειν
1605 2745 1726 2796 ἐπι-

145 2857 339 2928 χειρῶν
368 2853 523 2907 οὐδὲν
550 2851 793 2920 διαφέρει
815 2845 1015 2916 τυφλοῦ
1045 2843 1326 2912 ὁδοιπόρου
1369 2833 1468 2892 ὧδε
1499 2839 1722 2892 κάκεῖσε

146 2946 504 3016 πλαζομένου.
531 2940 787 3011 Εἰρητέον
818 2938 994 2990 τοίνυν
1018 2935 1126 2988 τῶν
1153 2929 1566 3004 προειρημένων
1598 2927 1724 2999 τρό·

147 3054 256 3089 πων
283 3032 489 3105 τριχῶς
528 3027 797 3084 ποιεῖσθαι
828 3025 926 3098 τὴν
961 3024 1226 3090 ἐξέτασιν.

217 3210 265 3264 5.
296 3211 462 3279 Ὅρος
488 3205 598 3258 τῶν
629 3205 770 3274 ὅρων
810 3201 957 3254 ἐστὶν
985 3202 1014 3254 6
1044 3199 1221 3253 πάντα
1254 3196 1352 3268 μὲν
1385 3193 1604 3267 ὁρίζων,
1636 3193 1722 3248 αὐ-

146 3305 229 3365 τὸς
256 3302 315 3354 δὲ
348 3300 440 3352 ὑπ’
476 3296 689 3359 οὐδενὸς
716 3293 1030 3366 ὁριζόμενος
1051 3307 1064 3321 °
1095 3290 1234 3343 ὥστε
1271 3289 1430 3358 μόνος
1469 3288 1592 3358 ὄρος
1617 3287 1726 3340 τῶν

147 3395 281 3465 ὅρων
305 3390 456 3444 ἐστὶν
487 3390 516 3440 ὁ
540 3387 690 3450 Θεὸς.
724 3386 890 3457 ’Ὄρος
923 3384 1040 3436 ἐστὶ
1075 3381 1235 3450 λόγος
1263 3379 1524 3449 σύντομος
1555 3378 1727 3447 δηλω-

145 3487 293 3549 me;
329 3484 431 3553 τῆς
458 3482 674 3552 φύσεως
702 3478 796 3532 τοῦ
815 3475 1174 3546 ὑποκειμένου
1204 3473 1549 3544 πράγματος.
1571 3473 1726 3541 Ὅροι

144 3577 197 3628 δὲ
223 3575 494 3642 λέγονται,
517 3571 594 3634 ὼς
623 3570 839 3640 ὁράσεις
861 3567 956 3620 καὶ
971 3564 1241 3636 ὀφθαλμοὶ
1264 3563 1373 3616 τῶν
1388 3561 1727 3633 πραγμάτων

143 3667 521 3736 τυγχάνοντες,
580 3662 674 3716 καὶ
714 3661 789 3723 ὡς
839 3659 1163 3731 διορίζοντες
1199 3654 1475 3725 συντόμως
1512 3652 1610 3723 τὴν
1633 3651 1726 3703 τοῦ

1759 889 1817 905 ρ..-

1994 969 2369 1034 EIUSDEM,
2409 968 2510 1023 DE
2549 919 3223 1026 DE'FINITIONIBUS.

1894 1089 1946 1143 1.
1990 1087 2165 1142 Variae
2193 1084 2716 1154 dcﬁnitionesjuxta
2750 1084 3095 1139 traditionem
3125 1083 3395 1154 ﬁdemque

1825 1179 2109 1235 catholica:
2140 1177 2418 1245 Ecclesiaa,
2457 1177 2700 1233 collectae
2729 1192 2795 1230 ex
2820 1177 3116 1242 Clemente,
3151 1176 3392 1246 aliisque

1822 1271 2032 1326 sanctis
2078 1271 2235 1335 viris,
2283 1269 2570 1339 beatisque
2611 1266 3066 1338 Patrihus:quas
3114 1284 3226 1338 pra:
3272 1269 3395 1324 aliis

1822 1362 2076 1416 omnibus
2116 1361 2448 1432 disciplinis,
2483 1361 2634 1415 adire
2685 1369 2848 1430 atque
2883 1361 3067 1414 animo
3105 1359 3396 1430 complecti

1823 1462 2036 1524 oportet
2068 1470 2193 1509 eum
2224 1454 2340 1523 qui,
2367 1452 2478 1508 Deo
2495 1454 2745 1523 juvante,
2781 1453 2950 1507 verbo
2982 1453 3230 1508 veritatis
3257 1468 3396 1522 pra-

1822 1562 1944 1603 esse
1980 1547 2250 1614 voluerit;
2295 1561 2510 1600 necnon
2553 1547 2804 1616 quisquis
2839 1544 3199 1599 orthodoxam
3248 1550 3397 1599 tenet

1825 1641 2174 1706 sententiam,
2223 1641 2605 1709 sinceramque
2634 1638 2794 1692 ﬁdem
2835 1638 3000 1692 habet
3037 1652 3167 1707 erga
3202 1635 3391 1691 Deum.

1891 1815 1946 1868 ἓ.
2003 1813 2086 1868 Ad
2137 1814 2533 1868 accuratiorem
2590 1826 2755 1880 porro
2814 1811 3202 1874 traditionem,
3253 1809 3399 1866 scire

1823 1906 2100 1972 convenit,
2152 1905 2453 1974 quamlibet
2507 1904 2864 1973 quaestionem
2916 1910 2972 1958 et
3014 1903 3398 1972 interrogatio-

1823 2012 1947 2052 nem
1973 2007 2085 2052 tres
2109 1997 2310 2051 habere
2335 1994 2814 2065 interrogationes,
2839 2000 2892 2048 et
2919 1993 3352 2064 perquisitiones
3379 2011 3394 2046 :

1825 2104 2038 2157 nempe,
2053 2088 2185 2158 quid
2202 2104 2290 2143 res
2307 2087 2378 2143 sit
2400 2103 2550 2157 :quae
2563 2089 2812 2143 sitcausa
2831 2087 3071 2140 nominis
3087 2086 3210 2156 ejus
3231 2104 3244 2139 :
3262 2095 3398 2158 quot

1825 2181 2002 2234 modis
2025 2181 2382 2249 intelligatur.
2403 2156 2538 2234 cum
2562 2195 2692 2235 vero
2714 2180 3153 2248 interrogamus:
3179 2176 3320 2243 Quid
3340 2156 3402 2230 il;

1827 2271 1919 2326 lud
1952 2270 2075 2327 est?
2106 2272 2284 2340 palam
2332 2280 2412 2325 est
2461 2286 2563 2324 nos
2612 2271 2690 2324 rei
2733 2269 3102 2324 deﬁnitionem
3131 2284 3394 2338 qumrere.

1827 2362 1963 2417 Cum
1983 2362 2222 2416 dicimus
2244 2374 2423 2416 anzem
2453 2381 2465 2415 :
2492 2362 2610 2427 Qua
2631 2361 2698 2416 de
2727 2376 2890 2416 causa
2911 2359 2992 2414 sic
3008 2360 3269 2415 vocatur-?
3297 2375 3398 2414 no-

1825 2454 1990 2509 minis
2038 2453 2420 2524 etymologiam
2464 2453 2826 2523 postulamus.
2878 2450 2979 2507 Ubi
3032 2467 3162 2506 vero
3211 2451 3402 2508 scisci-

1824 2552 2026 2608 tamur,
2077 2543 2390 2615 Quotuplici
2439 2544 2601 2598 modo
2649 2545 2751 2598 hoc
2800 2558 2998 2598 nomen
3039 2543 3401 2614 intelligitur?

1829 2635 1985 2706 193
2019 2637 2298 2706 propalam
2333 2645 2416 2691 est
2446 2652 2546 2691 nos
2576 2651 2854 2705 quaerere,
2889 2642 3021 2705 quot
3067 2636 3178 2691 sint
3223 2635 3402 2690 nomi-

1825 2727 1912 2782 nis
1955 2727 2280 2796 signilicata.
2316 2726 2563 2796 Quisque
2601 2742 2732 2797 ergo
2776 2727 2983 2796 absque
3020 2724 3398 2780 deﬁnitionum

1825 2820 2056 2886 notitia,
2121 2820 2322 2874 docere
2385 2818 2734 2890 aggreditur,
2813 2819 2860 2873 is
2925 2817 3063 2871 nihil
3128 2816 3310 2872 diﬂ‘ert
3369 2833 3400 2871 a

1827 2925 1972 2965 caeco
2031 2911 2242 2965 viatore
2307 2912 2409 2965 hac
2463 2911 2590 2965 illac
2642 2915 2884 2965 errante.
2939 2908 3235 2964 Dicendum
3293 2910 3400 2963 ita-

1827 3015 1932 3071 que
1963 3001 2139 3058 tribus
2175 3001 2329 3057 hisce
2362 3002 2538 3057 modis
2576 3000 2991 3074 inquisitionem
3020 3000 3208 3055 haberi
3239 3015 3404 3070 opor-

1827 3100 1965 3148 tere.

1897 3183 1950 3238 5.
1991 3181 2263 3238 .Deﬁnitio
2329 3180 2713 3238 deﬁnitionum
2769 3195 2831 3236 ea
2888 3188 2994 3248 est,
3047 3195 3169 3250 quae
3219 3180 3402 3234 omnia

1827 3275 2015 3330 deﬁnit
2047 3282 2101 3330 et
2135 3291 2166 3330 a
2197 3275 2349 3329 nullo
2385 3273 2661 3329 deﬁnitur.
2699 3273 3040 3343 Quapropter
3073 3273 3226 3328 solus
3257 3271 3402 3327 Deus

1827 3367 2068 3422 deﬁnitio
2097 3365 2474 3421 deﬁnitionum
2501 3373 2604 3421 est.
2636 3363 2888 3419 Deﬁnitio
2930 3371 3014 3418 est
3059 3364 3239 3417 oratio
3276 3363 3402 3418 bre-

1827 3462 1932 3525 vis,
1987 3460 2283 3531 propositae
2331 3457 2411 3513 rei
2466 3464 2718 3512 naturam
2768 3455 3069 3526 explicans.
3106 3452 3402 3508 Dicuntur-

1827 3566 1933 3621 que
1968 3551 2105 3621 ὅροι,
2156 3565 2254 3604 seu
2296 3547 2663 3611 deﬁnitiones,
2706 3546 2864 3616 quasi
2900 3545 3137 3616 ὁράσεις,
3173 3560 3269 3598 seu
3319 3544 3403 3598 in-

1829 3643 2140 3711 spectiones
2193 3650 2357 3710 atque
2409 3641 2556 3694 oculi
2602 3653 2785 3692 rerum
2813 3677 2827 3701 ,
2872 3646 2927 3690 et
2966 3635 3112 3706 quod
3165 3635 3404 3690 breviter

144 3725 338 3830 νοητοῦ
372 3725 625 3826 δύναμιν.
661 3753 773 3807 Καὶ
801 3725 962 3822 γὰρ-ὁ
992 3749 1276 3820 ἄνθρωπός
1309 3749 1454 3800 ἐστιν
1479 3744 1636 3798 οὐσία
1664 3744 1722 3795 ἐκ

1833 3732 2090 3787 deﬁniant
2133 3730 2492 3798 intelligibilis
2533 3729 2611 3784 rei
2653 3729 2932 3782 virtutem.
2974 3725 3189 3781 Etenim
3236 3725 3404 3781 homo

146 3853 346 3924 σαρκὸς
368 3850 466 3902 καὶ
499 3846 700 3917 ψυχῆς,
728 3845 821 3897 καὶ
845 3844 1006 3911 λόγου
1037 3843 1130 3895 καὶ
1165 3841 1414 3911 αἵματος,
1449 3837 1545 3890 καὶ
1578 3853 1722 3888 στοι-

143 3945 323 4016 χείων,
355 3941 452 3993 καὶ
479 3939 680 4010 ἐτέρων
727 3935 986 3989 πλειόνων
1026 3931 1410 4002 συνισταμένη.
1454 3929 1643 3999 Ἡμεῖς
1670 3926 1725 3979 δὲ

143 4033 532 4106 περιορίζομεν
574 4028 764 4092 ταῦτα,
799 4027 894 4081 καὶ
935 4025 1212 4095 συντόμως
1245 4023 1474 4092 λέγομεν
1502 4019 1588 4073 διὰ
1629 4017 1724 4072 τοῦ

141 4130 288 4199 ὅρου,
346 4127 432 4178 ὅτι
482 4125 540 4176 '0
593 4120 880 4193 ἄνθρωπός
926 4121 1041 4171 ἐστι
1085 4116 1220 4182 ζῶον
1251 4115 1484 4184 λογικὸν,
1512 4111 1723 4182 θνητὸν,

141 4220 230 4273 νοῦ
280 4218 379 4272 καὶ
424 4216 735 4286 ἐπιστήμης
777 4211 1040 4266 δεκτικόν.
1079 4210 1312 4278 Λέγεται
1347 4208 1440 4262 καὶ
1477 4205 1636 4258 πάλιν
1666 4205 1728 4257 τὸ

143 4312 358 4374 ἐντελὲς
407 4310 579 4378 ὄνομα
614 4306 708 4358 τοῦ
752 4304 1040 4378 ἀνθρώπου
1080 4297 1722 4370 άνορθοπεριπατητικόν.

140 4404 458 4472 Συνέκοψαν
506 4374 569 4454 δὲ
621 4401 669 4452 οί
716 4374 1100 4466 ὀνοματοθέται
1136 4395 1234 4464 τὴν
1279 4389 1612 4454 πολυλεξίαν,
1636 4387 1729 4440 καὶ

140 4496 440 4566 ὠνόμασαν
487 4493 650 4546 αὐτὸν
700 4489 984 4560 ἄνθρωπον
1025 4485 1114 4538 διὰ
1151 4485 1248 4557 τὴν
1283 4481 1725 4552 συντομολογίαν.

152 4583 818 4658 Ἀνορθοπεριπατητικὸν
842 4581 899 4633 δὲ
933 4579 1150 4647 λέγεται
1171 4580 1198 4632 ὁ
1217 4575 1314 4632 ἀνθ
1324 4592 1522 4647 ρωπος,
1541 4572 1728 4642 ἐπειδὴ

138 4682 208 4735 τά
253 4683 431 4748 ἄλογα
463 4677 579 4742 ζῶα
631 4672 1057 4746 περιπατοῦντα,
1090 4671 1335 4725 κλίνοντα
1364 4669 1462 4741 τὴν
1491 4665 1729 4735 κεφαλὴν

143 4772 406 4840 βλέπουσι
455 4767 606 4820 κάτω
641 4765 776 4836 πρὸς
803 4763 902 4835 τὴν
923 4762 1057 4833 γῆν’
1090 4764 1118 4814 ὁ
1149 4761 1204 4813 δὲ
1247 4759 1530 4830 ἄνθρωπος
1575 4774 1732 4828 περι-

146 4862 340 4916 πατῶν
391 4858 580 4930 βλέπει
638 4857 733 4910 καὶ
781 4855 974 4925 θεωρεῖ
1031 4853 1099 4906 τὰ
1155 4853 1288 4907 ἄνω.
1338 4853 1424 4904 Ἐν
1482 4852 1727 4920 συγκοπῇ

140 4954 200 5009 δὲ
251 4953 580 5023 ὀνομάζεται
615 4948 916 5019 ἄνθρωπος.
966 4945 1134 4999 ΙΙάλιν
1179 4944 1463 5014 ἄνθρωπος
1494 4942 1730 5010 λέγεται,

142 5046 233 5098 διὰ
256 5047 322 5098 τὸ
348 5045 461 5098 ἄνω
478 5042 664 5112 ἀθρεῖν
680 5040 770 5092 τὸν
791 5033 916 5092 ὦπα
933 5055 946 5067 ο
974 5037 1118 5090 τοῦτ’
1143 5037 1258 5090 ἐστι
1281 5036 1368 5088 διά
1385 5036 1442 5088 τὸ
1458 5035 1568 5090 ἄνω
1599 5034 1728 5088 θεων

150 5141 264 5208 ρεῖν
317 5136 428 5188 τῶν
463 5134 758 5204 ὀφθαλμῶν
801 5131 960 5204 ἡμῶν
1014 5131 1114 5201 τὴν
1166 5130 1465 5200 ἐνέργειαν.
1513 5129 1569 5182 Ὁ
1621 5129 1730 5199 γάρ

146 5229 429 5299 ὀφθαλμὸς
487 5229 581 5280 καὶ
621 5229 648 5279 ὁ
680 5225 803 5288 νοῦς
839 5225 1068 5279 πάντοτε
1096 5223 1208 5277 ἄνω
1235 5223 1349 5293 ὁρᾷ.
1406 5221 1517 5275 Καὶ
1539 5219 1727 5273 τούτου

144 5319 310 5390 χάριν
357 5318 570 5388 εἴρηται
625 5318 780 5388 ὄροςο
815 5317 896 5368 ὅτι
951 5313 1251 5385 περιορίζει
1297 5313 1389 5365 καὶ
1436 5312 1730 5381 συγκόπτει

142 5412 244 5483 τὴν
297 5409 643 5476 πολυλεξίαν,
701 5409 797 5463 καὶ
843 5410 990 5462 ποιεῖ
1057 5407 1323 5478 σύντομον
1375 5406 1474 5476 τὴν
1519 5422 1729 5476 μακρο-

143 5501 234 5570 lu;
249 5504 361 5555 ίαν.

216 5673 275 5726 4.
313 5671 512 5725 Πολλοὶ
544 5669 640 5740 μὲν
673 5666 765 5723 οὖν
793 5670 898 5722 εἰσι
939 5670 1032 5722 καὶ
1059 5668 1420 5739 ἀναρίθμητοι
1453 5668 1567 5738 ὅροι
1601 5668 1730 5740 περὶ

145 5765 354 5826 παντὸς
381 5762 728 5834 πράγματος.
770 5762 863 5814 Ἐκ
898 5760 1106 5814 πολλῶν
1141 5760 1197 5814 δέ
1225 5760 1438 5829 ὀλίγους
1469 5759 1594 5822 τοὺς
1631 5777 1729 5813 κυ-

1825 3830 1910 3878 est
1963 3821 2296 3883 substantia,
2345 3835 2532 3882 carne,
2578 3818 2782 3882 anima,
2830 3818 3060 3880 ratione,
3111 3816 3400 3888 sanguine,

1825 3913 2130 3978 elementis,
2184 3913 2417 3982 aliisque
2468 3911 2657 3966 multis
2710 3919 2996 3965 constans.
3051 3907 3161 3964 Nos
3217 3916 3401 3962 autem

1829 4005 1921 4060 illa
1967 4004 2504 4068 circumscribimus,
2556 4011 2610 4058 et
2658 4001 2848 4072 paucis
2891 4016 2988 4070 per
3026 3998 3400 4055 deﬁnitionem

1827 4097 2062 4153 dicimus
2111 4115 2127 4154 :
2187 4095 2362 4152 Homo
2413 4102 2496 4150 est
2546 4094 2746 4148 animal
2805 4092 3090 4155 rationale,
3147 4090 3399 4154 mortale,

1827 4189 2026 4244 mentis
2080 4195 2135 4243 et
2182 4189 2427 4242 scientiae
2476 4202 2671 4257 capax.
2733 4184 2943 4239 Dicitur
2993 4190 3175 4236 autem
3219 4182 3400 4251 ipsum

1827 4282 2096 4352 integrum
2143 4281 2382 4335 hominis
2444 4294 2674 4342 nomen,
2735 4273 3398 4349 ἀνορθοπεριπατητικὸν,

1829 4373 1883 4428 id
1914 4381 2020 4437 est,
2061 4383 2248 4428 erecto
2293 4386 2523 4442 corpore
2558 4370 2834 4424 incedens.
2874 4367 3276 4430 Abbrevjarunt
3304 4379 3404 4418 au-

1829 4474 1936 4520 tem
1969 4467 2062 4536 qui
2094 4467 2260 4521 rebus
2292 4464 2538 4518 indidere
2559 4463 2804 4525 nomina,
2833 4462 2984 4517 vocis
3008 4458 3400 4530 prolixitatem,

1828 4565 1883 4610 et
1927 4563 2194 4610 vocarunt
2243 4570 2402 4618 eum,
2457 4553 2764 4624 ἄνθρωπον,
2813 4552 2864 4606 id
2916 4559 3033 4614 est,
3088 4549 3400 4612 hominem,

1829 4648 2114 4703 brevitatis
2147 4662 2334 4701 causa.
2363 4645 2572 4698 Dicitur
2595 4649 2774 4698 autem
2803 4651 2988 4697 erecto
3008 4655 3236 4710 corpore
3262 4640 3407 4694 ince-

1831 4741 1988 4803 dens,
2028 4740 2216 4806 homo,
2249 4739 2506 4808 quoniam
2544 4737 2704 4790 bruta
2750 4735 3048 4789 animantia
3083 4750 3208 4789 cum
3255 4733 3406 4787 ince-

1830 4833 1990 4897 dunt,
2027 4846 2204 4902 prono
2229 4832 2428 4901 capite,
2464 4829 2696 4884 inferius
2738 4827 2792 4881 in
2824 4833 3027 4882 terram
3062 4827 3401 4896 reSpiciunt;

1832 4924 1996 4980 homo
2061 4939 2227 4988 vero,
2300 4923 2430 4977 dum
2493 4921 2760 4992 graditur,
2837 4933 3073 4988 superna
3141 4917 3288 4972 videt
3350 4925 3405 4971 et

1832 5017 2247 5086 contemplatur.
2282 5013 2386 5068 Per
2416 5029 2690 5085 syncopen
2725 5017 2905 5065 autem
2935 5010 3218 5082 ἅνθρωπος
3243 5025 3400 5064 voca-

1837 5122 1946 5168 tur.
1981 5110 2154 5164 llomo
2189 5124 2408 5163 rursum
2450 5106 2673 5169 dicitur,
2735 5104 2879 5174 quod
2910 5103 3091 5157 vultus
3127 5101 3247 5173 ejus
3282 5118 3407 5156 sur-

1838 5221 1958 5261 sum
2030 5202 2278 5272 aspiciat,
2326 5201 2380 5254 id
2425 5206 2508 5255 est
2572 5197 2717 5268 quod
2767 5196 3050 5250 oculorum
3090 5203 3403 5250 nostrorum

1837 5298 1974 5362 acie,
2004 5310 2223 5352 sursum
2251 5293 2604 5363 aspiciamus.
2637 5289 2844 5344 Oculus
2875 5288 3020 5342 enim
3061 5294 3224 5356 atque
3250 5301 3406 5343 mens

1836 5405 2055 5445 sursum
2080 5402 2294 5456 semper
2313 5386 2556 5455 respicit.
2585 5383 2758 5452 Atque
2783 5381 2900 5434 ideo
2924 5380 3119 5434 dicitur
3140 5377 3404 5440 deﬁnitio,

1837 5483 1965 5552 quia
2002 5479 2194 5535 deﬁnit
2239 5487 2292 5532 et
2337 5475 2621 5532 abbreviat
2659 5472 3066 5527 multitudinem
3101 5485 3320 5534 vocum,
3353 5478 3408 5523 et

1836 5573 2207 5644 prolixitatem
2237 5569 2507 5624 orationis
2537 5565 2808 5622 decurtat.

1903 5665 1958 5719 4.
2001 5663 2183 5717 Multae
2216 5661 2382 5731 igitur
2421 5666 2586 5729 atque
2617 5659 2919 5713 innumeras
2951 5663 3079 5711 sunt
3110 5654 3410 5725 cujuscun-

1834 5773 1943 5828 que
1974 5756 2050 5812 rei
2083 5753 2447 5811 deﬁnitiones.
2477 5751 2556 5806 Ex
2577 5750 2768 5806 multis
2799 5758 2979 5806 autem
3008 5763 3215 5820 paucas
3250 5755 3412 5816 atque
