3860 6200
439 365 543 421 555

1601 358 1658 413 S.
1700 352 2159 410 ATHANASIUS.
2202 380 2271 392 --
2313 345 2583 405 SPURIA.

3586 325 3692 383 536

435 489 809 540 accuratiores
834 490 1053 552 propter
1078 479 1363 542 hominum
1391 476 2004 545 inertiam-colligemus.

2131 470 2410 540 >ιωτέρους
2463 465 2786 533 ὲντάττομεν
2827 458 2913 512 διὰ
2957 455 3017 510 τὸ
3058 452 3300 552 ῥᾴθυμον
3325 446 3434 552 τῶν
3479 441 3692 552 ἀνθρῶ-

435 573 706 628 Caeterum
756 570 888 625 illud
929 571 1210 626 sciendum
1260 584 1324 628 ac
1371 583 1470 638 pro
1518 574 1669 621 certo
1706 563 2016 618 habendum

437 671 542 727 est,
580 678 704 718 eum
732 661 824 732 qui
862 660 1052 717 sedulo
1094 675 1279 720 rerum
1309 659 1658 714 definitiones
1685 655 1830 718 edat,
1857 653 2018 708 facile

437 769 601 822 posse
634 754 910 816 rhetores,
943 761 1109 824 atque
1143 752 1409 806 facundos
1435 759 1704 811 oratores,
1737 748 1792 800 in
1831 745 2021 814 diSpu-

441 847 743 901 tationibus
791 847 1112 916 reprimere.
1162 843 1298 896 Nam
1356 843 1400 897 si
1453 842 1841 908 interrogatus,
1887 834 2021 906 quid

441 938 513 993 sit
550 939 829 1004 definitio,
877 953 1048 1008 quare
1086 936 1302 990 dicatur
1343 933 1621 999 deﬁnitio,
1661 941 1794 1001 quot
1843 929 2020 984 modis

441 1028 779 1100 intelligatur
806 1028 1082 1089 deﬁnitio.
1115 1027 1318 1082 haereat
1368 1023 1718 1080 adversarius
1748 1041 1762 1090 ;
1814 1021 2021 1092 pudore

441 1119 597 1190 quasi
629 1120 762 1174 nihil
792 1121 928 1174 sciat
957 1119 1236 1174 allicietur.

512 1213 566 1268 5.
599 1211 726 1266 Tria
777 1219 906 1267 sunt
953 1211 1255 1266 secundum
1306 1208 1667 1264 substantiam
1706 1204 2021 1262 hominibus

444 1303 630 1373 ignota
680 1312 734 1358 et
766 1301 1068 1365 indeﬁnita,
1102 1301 1270 1364 Deus,
1311 1301 1538 1370 angelus
1574 1307 1627 1353 et
1667 1299 1868 1361 anima,
1901 1310 2024 1366 qua:

442 1401 572 1447 sunt
606 1394 908 1448 secundum
945 1393 1311 1448 substantiam
1349 1392 1452 1447 soli
1485 1391 1594 1445 Deo
1623 1399 1773 1445 nota.

512 1483 654 1548 Quid
701 1494 787 1538 est
839 1483 1072 1547 ﬁnitum,
1113 1484 1245 1553 quid
1289 1483 1582 1545 inﬁnitum,
1613 1481 1744 1552 quid
1784 1479 2020 1542 diﬁlcile,

439 1575 572 1648 quid
616 1573 773 1630 facile
817 1575 1080 1630 deﬁnitu?
1107 1574 1344 1630 Finitum
1387 1585 1493 1642 est,
1543 1576 1688 1646 quod
1730 1589 1860 1630 suos
1906 1578 2022 1624 ter-
2097 1630 2100 1632 _

442 1665 622 1719 minos
669 1680 775 1718 non
820 1667 1053 1732 excedit,
1091 1673 1150 1719 ut
1179 1667 1416 1732 cmlum,
1484 1677 1649 1729 terra,
1696 1679 1867 1726 mare,
1903 1677 2026 1732 quae

444 1773 576 1812 suos
630 1758 892 1815 terminos
941 1773 1049 1811 non
1109 1759 1529 1813 transcendunt.
1594 1759 1869 1812 Infinitum
1915 1762 2020 1820 est,

2125 579 2262 614 πων.
2292 559 2437 628 Πλὴν
2469 555 2626 609 τοῦτο
2645 551 2914 622 γνωστέον
2930 549 3024 601 καὶ
3047 540 3381 606 πιστευτέον,
3407 540 3486 590 ὃτι
3514 538 3542 588 6
3557 535 3696 604 φιλο-

2122 654 2298 714 πόνως
2316 627 2569 720 πράττων
2595 646 2718 708 τοὺς
2746 645 2904 714 ὅρους
2935 640 3168 712 ῥήτορας
3181 635 3277 688 καὶ
3307 631 3512 690 δεινοὺς
3532 627 3698 679 πολυ-

2121 745 2312 812 λὸγους
2335 742 2620 811 δυνήσεται
2653 734 2890 806 εὐχερῶς
2930 735 2987 786 ὲν
3011 733 3130 792 ταῖς
3155 727 3448 792 διαλέξεσιν
3474 724 3695 802 ἐπιστο-

2125 836 2322 907 μίζειν.
2355 834 2522 886 Ὅταν
2539 829 2646 901 γὰρ
2665 825 2977 897 ἐρωτηθεὶς,
3007 822 3059 874 τί
3092 823 3236 873 ἐστιν
3255 819 3407 888 ὃρος;
3442 815 3535 866 καὶ
3557 811 3700 865 κατὰ

2119 905 2172 980 τί
2206 927 2419 998 εἴρηται
2450 925 2608 994 ὅρος;
2636 921 2730 973 καὶ
2758 916 2967 988 ὁσαχῶς
3011 915 3204 967 νοεῖται
3235 911 3359 980 ὅρος
3384 923 3398 972 ;
3433 905 3701 998 ἀπορήσει

2121 1021 2150 1072 6
2183 1017 2242 1082 ἐξ
2273 1016 2518 1077 ἐναντίας
2557 1011 2692 1083 πρὸς
2724 1009 2915 1072 ταῦτα,
2944 1005 3037 1060 καὶ
3074 999 3490 1069 καταισχύνεται
3512 994 3701 1049 λοιπὸν

2122 1111 2199 1173 ὡς
2236 1109 2400 1181 μηδὲν
2427 1106 2807 1174 ἐπιστάμενος.

2194 1177 2248 1255 5.
2282 1177 2423 1268 Τρία
2455 1198 2561 1250 εἰσὶ
2585 1196 2704 1248 κατ’
2731 1192 2918 1246 οὐσίαν
2934 1188 3240 1260 ἀνθρώποις
3271 1182 3582 1253 ἀγνώριστα
3604 1177 3705 1232 καὶ

2122 1292 2370 1363 ἀόριστα,
2427 1289 2578 1350 Θεὸς,
2605 1284 2852 1353 ἄγγελος,
2881 1283 2976 1336 καὶ
3026 1277 3193 1350 ψυχὴ,
3244 1276 3388 1348 μόνῳ
3425 1271 3544 1342 Θεῴ
3579 1269 3702 1323 κατ’

2122 1383 2309 1436 οὐσίαν
2337 1379 2729 1450 γνωριζόμενα.

2194 1474 2259 1526 Τί
2296 1461 2462 1525 ἐστιν’
2496 1469 2742 1540 όριστόν;
2801 1467 2894 1520 καὶ¹
2936 1467 2988 1518 τί
3023 1464 3313 1534 ἀόριστον;
3353 1458 3448 1512 καὶ
3467 1457 3518 1510 τί
3547 1455 3706 1509 δυσό-

2126 1581 2344 1637 ριστον;
2379 1563 2472 1614 καὶ
2517 1560 2567 1613 τί
2600 1560 2912 1630 εὐόριστον;
2952 1555 3196 1626 Ὀριστόν
3222 1553 3369 1604 ἐστιν
3401 1545 3706 1617 ἀνυπέρϐα-

2123 1674 2214 1719 τος
2234 1655 2422 1717 στάσις
2441 1670 2453 1682 ·
2484 1646 2594 1706 οἷον
2627 1653 2656 1703 ὁ
2691 1649 2919 1720 οὐρανὸς
2950 1647 3044 1700 καὶ¹
3066 1648 3099 1716 ἡ
3127 1645 3220 1714 γῆ,
3253 1642 3348 1696 καλ⁵
3371 1643 3404 1710 ἡ
3433 1639 3703 1703 θάλασσα,

2124 1755 2157 1821 ἠ
2193 1751 2316 1811 τοὺς
2341 1748 2498 1818 ὅρους
2524 1746 2692 1814 αὐτῆς
2728 1742 2800 1813 μὴ
2834 1738 3250 1810 ὑπερϐαίνουσα.
3290 1731 3564 1803 Ἀόριστόν
3588 1731 3706 1782 ὲστι

448 1851 625 1902 solum
699 1849 831 1904 illud
881 1850 1026 1919 quod
1075 1850 1376 1904 increatum
1431 1859 1536 1914 est,
1592 1850 1800 1904 scilicet
1854 1845 2018 1900 Deus.

2131 1839 2182 1890 τὸ
2220 1839 2377 1908 μόνον
2436 1838 2710 1899 ἃκτιστον,
2747 1836 2776 1887 6
2803 1833 2956 1895 Θεός.
3005 1827 3324 1900 Δυσόριστόν
3357 1827 3472 1877 ἐστι
3504 1823 3564 1919 τὸ
3589 1839 3708 1873 κτι-

445 1937 670 1992 Dﬁicile
702 1938 928 1997 deﬁnitu
973 1948 1078 2001 est,
1125 1940 1271 2009 quod
1311 1948 1555 1994 creatum
1595 1949 1647 1994 et
1683 1937 2022 1993 indefinitum

442 2037 545 2092 est,
577 2029 882 2102 cujusmodi
919 2039 1002 2086 est
1030 2032 1279 2100 angelus,
1303 2033 1505 2096 anima,
1525 2031 1735 2086 dzemon
1760 2049 1771 2084 :
1799 2039 1891 2082 aut
1915 2025 2024 2082 dif-

448 2119 584 2174 ﬁcile
611 2119 839 2173 deﬁnitu
875 2126 980 2185 est,
1011 2119 1159 2189 quod
1207 2135 1317 2174 non
1359 2120 1607 2184 omnino,
1645 2119 1739 2174 sed
1773 2135 1839 2173 ex
1871 2123 2026 2188 parte

445 2222 654 2275 tantum
685 2215 1051 2284 cognoscitur,
1113 2214 1274 2284 quale
1306 2223 1389 2268 est
1421 2215 1628 2288 lignum
1663 2213 1808 2267 vitae.
1845 2209 2025 2264 Facile

444 2303 674 2359 deﬁnitu
717 2313 822 2368 est,
859 2304 1006 2374 quod
1056 2311 1432 2358 contrectatur
1469 2312 1525 2359 et
1563 2301 1928 2372 conspicitur,
1966 2303 2026 2351 ut

444 2393 600 2462 panis
627 2400 681 2447 et
708 2391 928 2447 similia.

513 2482 567 2537 6.
635 2483 776 2549 Quid
822 2494 908 2539 est
970 2481 1147 2536 Deus?
1197 2488 1250 2536 et
1295 2480 1597 2536 secundum
1639 2481 1770 2551 quid
1825 2482 2026 2538 dicitur

445 2573 626 2630 Deus?
660 2583 715 2629 et
755 2584 887 2644 quot
938 2574 1116 2628 modis
1162 2571 1486 2642 intelligitur
1539 2571 1719 2627 Deus?
1762 2571 1905 2628 Deus
1941 2581 2026 2628 est

444 2667 750 2729 substantia
803 2668 922 2721 sine
975 2681 1178 2730 causa,
1260 2665 1440 2720 omnis
1499 2663 1816 2718 substantiae
1857 2680 2025 2720 causa

442 2759 1009 2828 supersubstantialis.
1037 2757 1246 2811 Dicitur
1266 2764 1448 2810 autem
1471 2755 1602 2818 Θεὸς
1623 2756 1729 2808 ἀπὸ
1745 2755 1836 2808 τοῦ
1860 2755 2022 2820 θέειν,

449 2849 503 2902 id
531 2856 636 2913 est,
670 2863 700 2902 a
730 2849 1024 2904 currendo.
1068 2849 1278 2902 Cursus
1305 2857 1489 2901 autem
1526 2847 1617 2901 ille
1664 2863 1775 2901 non
1817 2847 2025 2901 intelli-

446 2940 652 3015 gendus
678 2940 744 2994 de
772 2942 1007 2994 transitu
1033 2955 1098 2994 ex
1122 2938 1360 3009 quodam
1393 2939 1512 2992 loco
1543 2939 1597 2991 in
1622 2938 1787 2992 alium
1810 2939 2024 3006 locum;

447 3031 543 3086 sed
595 3031 661 3086 de
705 3030 801 3085 Dei
852 3031 1195 3101 providentia
1244 3037 1299 3084 et
1348 3031 1667 3100 operatione
1721 3045 1843 3099 qua:
1902 3046 2026 3095 per-

448 3123 597 3178 vadit
619 3125 824 3179 omnia.
852 3123 969 3187 Vel,
1003 3123 1110 3186 ᾀπὸ
1138 3122 1230 3175 τοῦ
1263 3120 1458 3185 αἴθειν,
1490 3121 1544 3176 id
1567 3129 1671 3188 est,
1699 3122 1767 3176 ab
1793 3122 2022 3186 urendo,

445 3217 533 3272 vel
561 3217 668 3270 ἀπὸ
702 3215 794 3268 τοῦ
825 3215 1068 3288 θεωρεῖν,
1103 3215 1156 3269 id
1183 3226 1266 3270 est
1297 3216 1443 3286 quod
1470 3215 1781 3284 speculetur
1811 3215 2020 3269 omnia.
2053 3191 2094 3246 δ

450 3307 600 3360 Nihil
638 3307 840 3376 quippe
878 3321 1084 3369 rerum,
1136 3304 1258 3378 ejus
1304 3305 1621 3375 speculandi
1650 3306 1755 3357 vim
1791 3304 2027 3374 effugere

447 3398 608 3452 valet.
641 3397 864 3452 Duobus
907 3405 1088 3450 autem
1133 3381 1309 3450 modis
1371 3413 1474 3451 vox
1527 3397 1619 3450 illa
1663 3395 1804 3450 Deus
1866 3412 2029 3451 usur-

449 3500 607 3560 patur
637 3491 692 3544 in
721 3490 907 3543 divina
940 3487 1224 3557 Scriptura
1259 3505 1273 3554 ;
1305 3488 1566 3540 nimirum
1599 3495 1794 3541 natura
1821 3495 1875 3542 et
1907 3504 2028 3556 gra-

449 3585 522 3636 tia
561 3601 574 3637 :
608 3580 752 3636 Deus
791 3581 1010 3651 quidem
1041 3587 1239 3634 natura
1267 3588 1321 3634 et
1356 3580 1662 3634 substantia
1710 3589 1796 3634 est
1838 3579 1980 3634 Deus
2009 3599 2024 3648 ;

445 3675 622 3745 gratia
653 3681 837 3728 autem
881 3680 936 3728 et
971 3673 1262 3742 adoptione
1289 3672 1422 3742 justi
1456 3688 1673 3742 quoque
1715 3672 1793 3727 dii
1833 3674 2028 3728 dicun-

447 3773 556 3825 tur.
586 3761 678 3816 Ait
701 3763 844 3817 enim
889 3762 1171 3830 Scriptura
1214 3777 1226 3811 :
1267 3777 1285 3811 ι
1333 3759 1444 3829 Ego
1473 3760 1583 3814 dixi
1616 3777 1629 3814 :
1663 3760 1744 3814 Dii
1773 3762 1906 3825 estis
1929 3801 1942 3824 ,
1973 3770 2028 3816 et

447 3854 542 3918 {alii
587 3853 855 3909 Altissimi
881 3854 942 3906 ⁵⁸.
985 3873 1004 3906 ι
1035 3851 1246 3906 Dicitur
1303 3859 1484 3906 autem
1519 3851 1699 3916 Pater,
1728 3853 1832 3916 vel,
1870 3855 2027 3924 quasi

445 3945 514 3999 τὰ
553 3945 730 4008 πάντα
784 3945 990 4016 τηρῶν,
1041 3943 1096 3998 id
1143 3952 1249 4010 est,
1299 3943 1481 3997 omnia
1534 3957 1890 4008 conservans,
1943 3944 2026 3998 vel

445 4035 600 4105 quasi
635 4035 830 4102 παῖδας
861 4033 1063 4107 τηρῶν,
1095 4033 1150 4087 id
1184 4041 1287 4097 est,
1323 4034 1574 4104 preprios
1617 4033 1757 4088 ﬁlios
1805 4049 2030 4088 conser-

444 4143 578 4181 vans
609 4134 661 4181 et
690 4126 1024 4180 conﬁrmans
1049 4126 1207 4196 quasi
1253 4135 1409 4194 pater
1445 4141 1457 4176 :
1491 4123 1663 4178 Filius
1699 4139 1863 4194 porro
1892 4125 2029 4180 dici-

445 4226 554 4281 tur,
589 4215 744 4286 quasi
776 4215 928 4270 dicas
962 4235 975 4269 :
1017 4215 1204 4281 Qualis
1248 4213 1409 4268 Pater
1441 4214 1742 4268 secundum
1773 4214 2029 4268 substan-

446 4312 602 4370 tiam,
639 4309 768 4364 talis
812 4316 896 4364 est
926 4307 1100 4362 Filius
1131 4327 1146 4375 ;
1187 4307 1302 4362 sive
1331 4323 1394 4361 ex
1433 4306 1678 4360 increato
1723 4305 2024 4366 increatus,

443 4403 557 4459 sive
580 4418 646 4457 ex
667 4403 883 4455 mortali
911 4401 1180 4456 mortalis.
1204 4399 1429 4470 Πνεῦμα
1460 4406 1640 4451 autem
1673 4411 1768 4452 seu
1802 4397 2030 4465 spiritus

441 4495 664 4559 dicitur,
705 4494 883 4563 quasi,
931 4495 1110 4548 omnis
1163 4501 1353 4558 nutus,
1399 4491 1662 4547 velociter
1713 4488 1858 4544 enim
1915 4491 2028 4542 cir-

2129 1929 2251 1982 στὸν
2286 1931 2380 1983 καὶ⁸
2411 1931 2658 2000 ἀόριστον
2679 1945 2691 1958 ’
2725 1921 2834 1979 οἷον
2868 1923 3118 1992 ἄγγελος,
3147 1919 3315 1989 ψυχὴ,
3346 1917 3440 1969 καὶ
3468 1913 3700 1984 δαίμων·

2127 2018 2158 2088 ἢ
2219 2017 2530 2090 δυσόριστον
2565 2019 2681 2070 ἐστι
2711 2015 2774 2068 τὸ
2812 2015 2885 2085 μὴ
2935 2011 3184 2072 καθόλου,
3225 2007 3336 2060 ἀλλ’
3385 2007 3450 2057 ὲκ
3501 2003 3707 2074 μέρους

2127 2112 2556 2180 γινωσκόμενον·
2615 2104 2726 2163 οἷον
2775 2108 2835 2160 τὸ
2879 2106 3031 2171 ξύλον
3057 2104 3154 2174 τῆς
3201 2099 3368 2169 ζωῆς.
3412 2096 3706 2168 Εὑόριστόν

2127 2203 2243 2254 ἐστι
2274 2202 2334 2253 τὸ
2375 2199 2772 2271 ψηλαφώμενον
2801 2197 2895 2252 καὶ
2945 2191 3348 2266 θεωρούμενον
3383 2181 3494 2240 οἷον
3542 2188 3709 2256 ἄρτος

2127 2294 2217 2346 καὶ
2249 2293 2316 2346 τὰ
2349 2293 2530 2363 ὅμοια.

2198 2492 2252 2546 6.
2284 2492 2350 2544 Τί
2383 2493 2497 2544 ἐστι
2556 2490 2728 2556 Θεός;
2780 2491 2874 2544 καὶ
2907 2489 3047 2543 κατὰ
3081 2487 3134 2540 τί
3171 2487 3382 2558 εἴρηται
3414 2483 3584 2546 Θεόςς
3615 2480 3712 2534 καὶ

2124 2584 2334 2654 ὁσαχῶς
2355 2586 2558 2636 νοεῖται
2591 2583 2757 2646 Θεός;
2791 2583 2924 2646 Θεὸς
2956 2581 3054 2652 μέν
3105 2581 3252 2632 ἐστιν
3277 2577 3434 2630 οὐσία
3465 2576 3710 2638 ἀναίτιος

2128 2675 2221 2727 καὶ
2260 2676 2442 2744 πάσης
2461 2674 2648 2737 οὐσίας
2677 2675 2824 2728 αἰτία
2843 2671 3166 2743 ὑπερούσιος
3189 2687 3202 2699 ·
3240 2667 3334 2722 καὶ
3354 2668 3575 2735 λέγεται
3600 2665 3712 2718 ἀπὸ

2126 2765 2219 2818 τοῦ
2283 2765 2450 2829 θέειν,
2475 2766 2591 2834 ἦτοι
2647 2765 2881 2836 τρέχειν.
2913 2764 2985 2815 Τὸ
3028 2762 3240 2831 τρέχειν
3266 2759 3322 2810 δὲ
3355 2757 3428 2828 μὴ
3463 2755 3562 2826 τὴν
3601 2755 3712 2808 ἀπὸ

2125 2857 2291 2909 τόπου
2344 2857 2560 2927 νοητέον
2625 2858 2705 2918 εἰς
2763 2855 2926 2907 τόπον
2963 2851 3276 2923 μετάϐασιν,
3330 2848 3466 2901 ἀλλὰ
3507 2848 3571 2899 τὸ
3611 2845 3712 2916 τὴν

2128 2949 2384 3022 προνοίαν
2410 2947 2502 3000 τοῦ
2543 2946 2677 2999 Θεοῦ
2705 2947 2798 3000 καὶ
2823 2945 2921 3015 τὴν
2957 2944 3237 3014 ἐνέργειαν
3266 2941 3359 2995 ἐπὶ
3385 2940 3564 2992 πάντα
3595 2937 3716 3008 διή-

2128 3058 2243 3093 κειν
2266 3057 2278 3069 ο
2310 3040 2342 3109 ἢ
2375 3039 2481 3091 ἀπὸ
2505 3039 2597 3091 τοῦ
2630 3037 2801 3090 αἴθειν
2831 3038 2948 3107 ἦτοι
2993 3035 3167 3088 καίειν
3189 3052 3200 3066 ’
3239 3034 3271 3104 ἢ
3307 3033 3414 3086 ἀπὸ
3445 3030 3538 3084 τοῦ
3575 3033 3717 3082 θεω-

2132 3135 2243 3202 ρεῖν
2276 3132 2344 3184 τὰ
2378 3131 2584 3183 πάντα.
2623 3129 2773 3182 οὐδὲν
2798 3128 2908 3200 γὰρ
2939 3126 3045 3179 τῶν
3075 3127 3240 3179 ὄντων
3271 3125 3370 3196 τὴν
3408 3123 3716 3192 ὲποπτικὴν

2129 3221 2293 3275 αὐτοῦ
2347 3221 2626 3290 διαφεύγει
2653 3220 2901 3289 δύναμιν.
2934 3217 3142 3281 Δισσῶς
3169 3217 3225 3269 δὲ
3267 3216 3484 3282 λέγεται
3509 3217 3542 3282 ἡ
3578 3214 3717 3277 Θεὸς

2131 3312 2472 3382 προσηγορία
2505 3311 2656 3381 παρὰ
2697 3313 2762 3380 τῇ
2787 3310 2908 3380 θείᾳ
2939 3299 3150 3378 Γραφῇ,
3185 3308 3345 3376 φύσει
3379 3307 3471 3360 καὶ
3500 3307 3713 3376 χάριτι.

2119 3401 2198 3456 ’⁸0
2248 3405 2344 3473 μὲν
2388 3403 2518 3466 Θεὸς
2567 3403 2726 3472 φύσει
2774 3403 2866 3455 καὶ
2891 3401 3048 3472 οὐσίᾳ⁹
3086 3401 3204 3454 ἐστὶ
3236 3400 3367 3462 Θεός
3389 3417 3402 3430 ο
3438 3399 3622 3470 χάριτι
3658 3398 3720 3450 δὲ

2128 3496 2221 3547 καὶ
2276 3495 2418 3547 θέσει
2477 3495 2726 3563 λέγονται
2777 3495 2889 3547 θεοὶ
2917 3495 3009 3546 καὶ
3051 3496 3098 3546 οἱ
3127 3493 3342 3545 δίκαιοι.
3378 3492 3485 3543 Καὶ
3510 3491 3621 3561 γὰρ
3682 3493 3717 3560 ἡ

2127 3585 2318 3656 Γραφὴ
2346 3585 2490 3652 λέγει
2512 3601 2524 3614 ·
2565 3603 2582 3635 ι
2639 3583 2779 3652 Ἐγὼ
2809 3580 2968 3638 εἶπα·
3004 3583 3125 3636 Θεοί
3148 3584 3268 3634 ἐστε
3299 3581 3393 3633 καὶ
3421 3580 3525 3632 υἱοὶ
3559 3578 3722 3648 Ὑψί-

2129 3693 2275 3730 στου.
2317 3697 2334 3727 ι
2369 3677 2601 3749 Εἴρηται
2646 3678 2702 3730 δὲ
2747 3678 2957 3748 Πατὴρ,
2998 3677 3030 3748 ἢ
3075 3676 3152 3739 ὡς
3181 3677 3250 3728 τὰ
3285 3675 3459 3728 πάντα
3500 3673 3719 3744 τηρῶν,

2127 3769 2159 3838 ἢ
2189 3770 2263 3831 ὼς
2315 3771 2442 3834 τοὺς
2483 3772 2720 3834 οἰκείους
2761 3771 2959 3833 παῖδας
2999 3769 3180 3840 τηρῶν
3204 3771 3298 3822 καὶ
3326 3767 3596 3838 στηρίζων
3625 3761 3722 3819 οἷα

2129 3862 2332 3932 πατήρ.
2368 3862 2494 3926 Υἱὸς
2526 3862 2581 3915 δὲ
2604 3863 2841 3930 λέγεται,
2871 3863 2945 3926 ὡς
2973 3861 3037 3915 ἂν
3071 3863 3242 3924 εἴποις
3261 3878 3273 3890 ·
3302 3855 3426 3922 Οἷος
3447 3860 3474 3910 6
3516 3858 3721 3931 Πατὴρ

2127 3951 2226 4021 τὴν
2273 3953 2479 4018 οὐσίαν,
2535 3953 2774 4016 τοιοῦτος
2817 3956 2912 4008 καὶ
2960 3955 2988 4006 6
3020 3954 3183 4016 Υἱός·
3216 3954 3322 4006 εἴτε
3369 3951 3426 4016 ἐξ
3453 3951 3722 4003 ἁκτίστου

2128 4041 2400 4110 ἄκτιστος,
2429 4044 2538 4096 εἴτε
2567 4048 2630 4098 ἐκ
2655 4043 2849 4114 θνητοῦ
2882 4043 3092 4113 θνητός.
3122 4041 3345 4110 Πνεῦμα
3377 4041 3433 4092 δὲ
3469 4040 3720 4109 εἴρηται,

2128 4131 2327 4184 ὡσανεὶ
2361 4135 2469 4187 πᾶν
2503 4137 2697 4206 νεῦμα,
2727 4136 2892 4201 ὀξέως
2925 4135 3099 4204 πάντη
3129 4132 3283 4186 νεῦον
3324 4131 3418 4184 καὶ
3451 4130 3724 4200 κινούμε-

2129 4239 2236 4275 νον.
2263 4222 2493 4294 Εἴρηται
2526 4225 2582 4278 δὲ
2623 4226 2840 4297 πνεῦμα
2872 4228 2929 4279 ὲν
2959 4228 3022 4295 τῇ
3043 4224 3162 4294 θείᾳ
3188 4221 3374 4295 Γραφῇ
3406 4220 3724 4290 τετραχῶς,

2128 4313 2354 4384 Πνεῦμα
2407 4315 2467 4368 τὸ
2513 4316 2686 4384 ἅγιον,
2749 4317 2965 4388 πνεῦμα
3017 4320 3044 4370 6
3093 4315 3340 4385 ἄγγελος,
3407 4312 3634 4382 πνεῦμα
3683 4312 3724 4381 ἢ

2127 4403 2294 4475 ψυχὴ,
2329 4407 2547 4478 πνεῦμα
2583 4407 2782 4479 ἄνεμος
2805 4426 2818 4437 ·
2842 4407 3022 4460 ἔστιδ’
3046 4409 3134 4460 ὅτε
3160 4406 3254 4459 καὶ
3281 4407 3311 4457 6
3338 4402 3462 4465 νοῦς
3493 4403 3727 4474 εἴρηται
3785 4467 3792 4474 _

2131 4515 2367 4568 πνεῦμα.

441 4601 787 4657 cumquaque
836 4593 1103 4640 movetur.
1169 4581 1407 4657 Spiritus
1453 4599 1618 4653 porro
1675 4581 2026 4653 quadruplici
2069 4587 2230 4660 194
2256 4591 2463 4645 ratione
2499 4592 2555 4645 in
2589 4591 2773 4646 divina
2805 4590 3088 4662 scriptura
3143 4595 3463 4659 usurpatur,
3535 4584 3731 4654 spiri-

443 4687 532 4740 tus
597 4689 860 4744 sanctus,
917 4679 1146 4750 spiritus
1204 4678 1452 4749 angelus,
1524 4675 1755 4748 spiritus
1837 4677 2058 4744 anima,
2137 4684 2365 4751 Spiritus
2413 4693 2659 4753 ventus;
2717 4687 2829 4741 imo
2883 4686 3211 4756 quandoque
3271 4697 3427 4737 mens
3479 4678 3729 4748 spiritus

443 4779 688 4828 vocatur.

510 4863 567 4928 7._
625 4861 1029 4932 Sempiternum
1079 4871 1183 4926 est,
1226 4861 1371 4930 quod
1427 4875 1645 4929 semper
1693 4869 1895 4915 manet.
1960 4860 2023 4915 Et

2203 4866 2255 4919 7.
2316 4867 2507 4920 Ἀΐδιόν
2571 4870 2686 4922 ἐστι
2717 4868 2779 4921 τὸ
2825 4864 2912 4922 ἀεὶ
2934 4868 3137 4934 διάγον.
3170 4864 3280 4918 Καὶ
3315 4862 3378 4916 τὸ
3411 4863 3510 4934 μὲν
3537 4863 3728 4917 ἀΐδιον

439 4955 584 5024 quod
612 4963 876 5016 aeternum
913 4961 1018 5017 est,
1057 4969 1169 5008 non
1207 4953 1392 5008 statim
1429 4953 1549 5008 sine.
1587 4952 1856 5029 principio
1899 4968 2023 5008 esse

438 5047 691 5114 dicitur;
747 5047 845 5102 sed
901 5046 1046 5116 quod
1105 5045 1224 5100 sine
1286 5044 1558 5114 principio
1617 5051 1700 5098 est
1756 5051 2020 5098 aeternum

438 5136 659 5192 dicitur.
688 5136 755 5202 Et
796 5137 914 5192 sine
957 5135 1226 5207 principio
1261 5134 1467 5189 dicitur
1498 5133 1643 5202 quod
1689 5133 2019 5203 principium

438 5247 546 5284 non
578 5230 762 5294 habet.
799 5229 913 5288 Hoc
955 5235 1136 5284 autem
1176 5225 1320 5282 Deus
1362 5236 1468 5282 est.
1501 5226 1680 5293 Quare
1719 5225 1837 5280 sine
1869 5215 2021 5295 prin-

437 5322 582 5391 cipio
609 5329 663 5377 et
697 5321 1064 5392 sempiternus
1097 5321 1187 5376 ille
1227 5319 1452 5383 dicitur,
1482 5319 1588 5373 hoc
1618 5327 1702 5373 est
1741 5319 1860 5371 sine
1893 5315 2017 5372 ﬁne.

438 5413 626 5483 Angeli
666 5429 795 5469 vero
827 5422 881 5469 et
907 5413 1102 5470 anima:
1133 5428 1242 5466 non
1273 5411 1534 5466 dicuntur
1558 5411 1676 5466 sine
1705 5409 1974 5478 principio
2001 5422 2016 5459 :

441 5495 764 5574 principium
818 5521 1053 5576 namque
1107 5511 1438 5574 acceperunt
1503 5511 1558 5557 et
1608 5501 1779 5556 creati
1827 5505 1955 5554 sunt
1991 5513 2024 5552 a

441 5593 571 5648 Deo.
627 5594 900 5651 Dicuntur
951 5604 1134 5650 autem
1188 5602 1412 5659 mterna,
1461 5595 1588 5664 quia
1630 5601 1893 5648 :eternum
1950 5589 2018 5644 vi-

439 5694 580 5740 νειιιι.

511 5802 554 5832 ’⁸
594 5799 740 5860 Psal.
781 5816 978 5854 mut.
1016 5798 1067 5854 ﬁ.

2129 4959 2189 5011 οὐ
2223 4959 2466 5026 λέγεται.
2493 4961 2586 5014 καὶ
2615 4961 2880 5032 ἄναρχονο
2910 4960 2970 5012 τὸ
3002 4960 3058 5011 δὲ
3090 4959 3324 5028 ἄναρχον
3361 4956 3581 5024 λέγεται
3620 4957 3732 5010 καὶ

2127 5053 2314 5106 ἀΐδιον.
2345 5055 2609 5126 Ἀναρχον
2633 5055 2687 5107 δὲ
2713 5054 2928 5123 λέγεται
2957 5054 3016 5106 τὸ
3050 5051 3122 5123 μὴ
3155 5051 3275 5122 ἔχον
3313 5051 3485 5121 ἀρχήν
3505 5067 3519 5080 ο
3555 5051 3733 5104 τοῦτο

2125 5146 2182 5198 δέ
2210 5147 2355 5198 ἐστιν
2381 5147 2409 5196 ὁ
2444 5147 2594 5208 Θεὸς.
2625 5147 2716 5198 Διὸ
2743 5147 2834 5200 καὶ
2871 5146 3106 5217 ἄναρχος
3140 5144 3358 5212 λέγεται
3392 5144 3486 5194 καὶ
3517 5142 3728 5206 ἀΐδιος,

2126 5237 2400 5289 τουτέστιν
2441 5238 2812 5308 ἀτελεύτητος.
2858 5239 2920 5290 Οἱ
2944 5238 3000 5290 δὲ
3047 5237 3269 5305 ἄγγελοι
3307 5235 3400 5288 καὶ
3441 5235 3499 5287 αἱ
3540 5233 3729 5303 ψυχαὶ

2121 5327 2182 5377 οὐ
2245 5326 2500 5394 λέγονται
2534 5327 2792 5398 ἄναρχοισ
2840 5327 3013 5400 ἀρχὴν
3059 5326 3168 5395 γὰρ
3199 5324 3389 5398 ἔλαϐον
3427 5323 3522 5376 καὶ
3568 5323 3732 5376 ἐκτί-

2125 5417 2330 5486 σθησαν
2361 5419 2512 5488 παρὰ
2560 5417 2716 5470 Θεοῦ.
2754 5418 3014 5488 Λέγονται
3054 5417 3110 5471 δὲ
3147 5417 3312 5481 ἀΐδια,
3352 5413 3542 5485 ἐπειδὴ
3575 5413 3727 5485 μέλ-

2123 5509 2304 5567 λουσιν
2337 5510 2579 5566 ἀθάνατα
2608 5509 2724 5582 ζῇν.
