3860 6200
163 309 268 363 537

1371 313 1571 370 LIBER
1606 311 1697 366 DE
1732 301 2316 375 DEFINITIONIBUS.

3327 327 3435 386 558

243 424 465 495 Ἷδίωμα
497 426 714 494 λέγεται
745 427 807 479 τὺ
852 428 996 493 ἰδίως
1036 430 1282 503 ὑπάρχον
1310 431 1368 484 ἒν
1398 431 1464 502 τῇ
1492 430 1672 500 φύσει,
1697 433 1750 485 ὲν

1929 425 2249 501 Proprietas
2286 432 2514 500 dicitur,
2548 436 2693 505 quod
2733 438 2953 509 proprie
2994 442 3210 499 exsistit
3248 444 3302 500 in
3335 462 3436 502 lia-

163 514 330 587 ὲτέρᾳ
356 514 415 568 δὲ
447 516 607 587 οὐσίᾳ
639 516 903 588 μηδαμῶς
927 517 1203 591 ὑπάρχον·
1231 519 1421 592 ὥσπερ
1464 522 1524 573 ὲν
1550 518 1747 591 τῷ·άν-

165 606 371 678 θρώπῳ
394 606 455 661 τὺ
493 608 833 678 γελαστικόν.
876 611 1011 665 Οὐδὲ
1044 613 1153 684 γάρ
1174 614 1292 667 ἐστι
1316 612 1490 682 γέλως
1524 614 1584 666 ὲν
1611 612 1750 688 ἄλλῃ

161 698 251 769 οἴει
278 699 484 769 δήποτε
515 700 694 770 φύσει.

235 789 291 843 8.
320 790 386 842 Τί
422 791 636 862 λέγεται
669 795 867 863 φύσις;
901 792 1068 858 Φύσις
1098 794 1333 868 εἴρηται,
1363 796 1452 851 διὰ
1484 796 1547 849 τὺ
1571 813 1748 865 πεφυ-

166 885 323 938 κέναι
347 888 442 939 καὶ
468 881 630 950 εἶναι,
647 886 837 959 ὥσπερ
859 889 953 941 καὶ
972 887 1149 953 οὐσία,
1166 884 1391 952 ὠς.οὑσα
1422 890 1516 943 καὶ
1543 891 1602 942 ὲν
1618 889 1751 960 άλη-

165 977 289 1049 θείᾳ
319 978 717 1050 γνωριξομένη.
737 978 901 1042 Φύσις
930 980 1092 1034 πάλιν
1114 980 1349 1052 εἴρηται,
1365 979 1455 1034 διὰ
1479 980 1574 1034 τοῦ
1594 980 1750 1052 φύειν

164 1070 261 1123 καὶ
290 1069 629 1141 βλαστάνειν.
664 1071 830 1135 Φύσις
853 1074 948 1126 καὶ
970 1073 1128 1127 οὐσία
1150 1074 1243 1127 καὶ
1265 1074 1421 1143 γένος
1446 1074 1539 1128 καὶ
1564 1075 1750 1147 μορφὴ

163 1161 223 1213 ἓν
255 1162 396 1214 ἐστι.
450 1162 746 1235 Πρόσωπον
782 1165 840 1218 δὲ
880 1167 974 1220 καὶ
1001 1168 1285 1240 χαρακτὴρ
1335 1168 1428 1222 καὶ
1453 1168 1751 1232 ὑπόστασις

161 1255 258 1308 καὶ
287 1256 456 1309 tam
495 1256 591 1310 καὶ
631 1257 833 1329 ἄτομον
877 1260 936 1312 ἓν
988 1261 1083 1313 καὶ⁵
1121 1260 1253 1314 αὐτὸ
1299 1261 1553 1332 ὑπάρχει.
1589 1260 1750 1314 Ἄλλο

159 1347 272 1420 γὰρ
333 1348 496 1418 φύσις
529 1350 637 1412 ,καὶ
678 1351 807 1405 ἄλλο
845 1351 1160 1417 ὑπόστασις.
1213 1353 1338 1407 Ἐὰν
1381 1350 1474 1408 οὑν
1506 1353 1635 1428 εἴπῃ
1667 1353 1750 1408 σοί

157 1456 246 1502 τις
293 1440 379 1492 ὅτι
413 1439 537 1494 Ἐπὶ
568 1442 669 1512 τῆς
704 1441 959 1514 θεότητος
986 1444 1160 1509 πόσας
1203 1445 1395 1515 φύσεις
1430 1447 1746 1518 ὁμολογεϊς;

158 1528 285 1583 είπὲ
314 1529 466 1600 μίαν,
489 1532 815 1597 ὑποστάσεις
845 1534 903 1587 δὲ
934 1537 1102 1607 τρεῖς.
1140 1535 1265 1591 Ἐὰν
1290 1536 1347 1590 δὲ
1386 1536 1514 1610 εἴπῃ
1546 1554 1628 1590 σοι
1655 1536 1751 1590 ἐπὶ

157 1621 261 1690 τῆς
301 1623 570 1687 ἐνσάρκου
615 1624 947 1694 οἰκονομίας,
993 1624 1167 1689 πόσας
1208 1625 1395 1695 φύσεις
1422 1627 1746 1697 όμολογεϊς;

158 1711 283 1763 εἰπὲ
308 1709 406 1763 δύο
428 1730 441 1741 ·
471 1712 601 1781 μίαν
619 1711 677 1765 δὲ
700 1714 801 1783 τὴν
840 1713 1154 1769 ὑπόστασιν.
1189 1717 1301 1770 Kal
1328 1715 1438 1787 γὰρ
1471 1718 1499 1770 ό
1516 1716 1749 1788 Χριστὸς

156 1803 258 1866 τὰς
272 1803 372 1857 δύο
399 1803 587 1868 οὐσίας
610 1805 706 1859 καὶ
742 1805 933 1877 φύσεις
957 1808 1116 1878 ἔσχεν
1144 1808 1452 1880 ἀτρέπτους
1487 1811 1582 1863 καὶ
1613 1809 1746 1863 ἀκε-

159 1894 374 1966 ραίους,
426 1897 528 1968 τὴν
583 1896 812 1969 θεότητα
861 1900 957 1952 καὶ
987 1898 1085 1970 τὴν
1117 1898 1508 1972 άνθρωπότητα
1551 1901 1611 1953 ὲν
1647 1902 1748 1971 μιᾷ

158 1988 487 2053 ὑποστάσει,
519 1989 652 2053 Θεὸς
682 1991 889 2052 τέλειος
909 1992 1005 2045 xal
1020 1991 1117 2047 ἄνθ
1126 2009 1305 2063 ρωπος
1320 1992 1526 2057 τέλειος
1548 2009 1748 2065 γνωρι-

156 2078 413 2150 ζόμενος.
459 2082 570 2135 Καὶ
600 2081 688 2136 διὰ
715 2083 873 2136 τοῦτο
900 2083 993 2137 δύο
1011 2083 1203 2154 φύσεις
1243 2086 1300 2137 ὲν
1325 2087 1424 2155 μιᾷ
1452 2084 1746 2138 ὑποστάσει

156 2171 537 2242 ὁμολογοῦμεν
567 2173 668 2244 τὴν
699 2173 974 2246 σάρκωσιν
1003 2174 1099 2228 τοῦ
1136 2174 1344 2246 Κυρίου
1376 2174 1536 2246 ἡμῶν
1570 2174 1742 2247 Ἰησοῦ

155 2263 399 2334 Χριστοῦ
434 2264 529 2317 καὶ
569 2263 726 2319 Θεοῦ.

240 2356 369 2409 Ἐπὶ
426 2356 485 2410 δὲ
545 2356 648 2426 τῆς
696 2355 975 2425 θεολογίας
1026 2356 1152 2428 μίαν
1185 2357 1345 2426 φύσιν
1377 2355 1745 2427 ὁμολογοῦμεν

153 2447 257 2518 τῆς
312 2448 479 2517 ἁγίας
526 2447 777 2519 Τριάδος,
802 2450 951 2520 τρεῖς
1002 2448 1060 2503 δὲ
1106 2450 1449 2512 ὑποστάσεις.
1492 2450 1602 2503 Kal
1635 2449 1745 2519 γὰρ

155 2539 378 2611 Πατρδς
412 2541 506 2593 καὶ
544 2539 674 2605 Υἱοῦ
714 2541 809 2594 καὶ
870 2541 1027 2609 ἁγίου
1074 2540 1394 2612 Πνεύματος
1440 2541 1539 2612 μία
1582 2541 1745 2611 φύσις

154 2631 301 2693 ἐστὶ,
330 2631 429 2683 καὶ
453 2631 552 2699 μία
587 2630 765 2694 οὐσία,
801 2632 897 2685 καὶ
932 2631 1032 2702 μία
1078 2631 1318 2698 ἐξουσία,
1352 2634 1446 2686 καὶ
1475 2632 1742 2703 βασιλεία,

155 2722 256 2775 καὶ
306 2721 577 2793 δύναμις*
616 2726 768 2794 τρεῖς
810 2722 867 2776 δὲ
925 2722 1289 2787 ὑποστάσεις,
1337 2724 1431 2777 καὶ
1472 2726 1620 2794 τρεῖς
1646 2741 1747 2793 χα-

159 2815 465 2887 ρακτῆρες,
491 2815 587 2869 καὶ
626 2815 756 2886 τρία
797 2814 1098 2886 πρόσωπα·
1139 2814 1387 2868 τουτέστι
1431 2814 1621 2886 Πατὴρ
1651 2814 1745 2867 καὶ

155 2906 290 2970 Υἱὸς
320 2908 418 2960 καὶ
449 2906 674 2977 Πνεῦμα
720 2906 892 2975 ἅγιον.
934 2906 1049 2961 Μία
1095 2906 1286 2978 θεότης
1330 2905 1478 2960 ἐστὶν
1512 2907 1569 2959 ἐν
1595 2908 1743 2978 τρισὶ

156 2998 480 3068 προσώποις
503 2998 903 3070 γνωριζομένη.

1779 1772 1822 1827 Β

230 3091 363 3144 Δέον
390 3086 485 3143 οὑν
507 3089 934 3162 καθολικώτερον
971 3091 1146 3144 εἰπεῖν
1178 3090 1232 3144 τί
1274 3090 1425 3143 ἐστιν
1448 3089 1624 3152 οὐσία,
1653 3090 1744 3142 καὶ
1772 3122 1818 3184 C

154 3184 212 3235 τί
245 3184 399 3236 ἐστιν
452 3184 768 3246 ὑπόστασις.
815 3183 879 3235 Ἦ
908 3182 1007 3253 μὲν
1033 3183 1213 3245 οὐσία,
1242 3182 1339 3236 καὶ
1368 3182 1428 3235 τὸ
1450 3182 1626 3251 γένος,
1651 3183 1745 3235 καὶ

155 3276 191 3345 ἡ
229 3273 419 3342 φύσις,
460 3274 557 3326 καὶ
607 3275 640 3343 ἡ
678 3272 881 3346 μορφὴ,
918 3272 994 3336 ὡς
1030 3273 1266 3344 εἴρηται,
1305 3271 1403 3341 μία
1432 3271 1579 3325 ἐστί·
1602 3270 1664 3323 τὸ
1690 3270 1746 3324 δὲ

158 3366 460 3437 πρόσωπον
501 3366 643 3419 καὶὸ
671 3366 958 3436 χαρακτὴρ
1000 3366 1095 3418 καὶ
1128 3366 1161 3435 ἠ
1192 3364 1505 3429 ὑπόστασις,
1560 3364 1654 3418 καὶ
1688 3363 1748 3416 τὸ

158 3458 388 3529 ἄτομον,
422 3457 593 3511 καὶτὸ
638 3457 834 3521 ίδικὸνν
871 3456 930 3509 ἓν
958 3458 1095 3509 ἐστι.
1130 3457 1241 3510 Kal
1269 3454 1378 3527 γὰρ
1409 3458 1442 3524 ἡ
1473 3455 1633 3524 φύσις
1665 3453 1750 3507 δύ-

155 3566 316 3603 ναται
369 3548 516 3620 ἔχειν
566 3549 626 3602 ἐν
677 3550 845 3619 ἑαυτῇ
882 3547 1101 3611 πλείους
1134 3547 1232 3610 τὰς
1262 3547 1610 3611 ὑποστάσεις.
1637 3549 1748 3600 Kal

156 3646 269 3713 γὰρ
299 3642 352 3694 ol
406 3640 706 3711 ἄνθρωποι,
741 3639 801 3704 ἐξ
852 3639 970 3703 ἐνὸς
1013 3638 1264 3709 σώματος
1307 3638 1458 3702 ὄντες
1496 3640 1589 3692 καὶ
1620 3640 1748 3708 μιᾶς

154 3734 336 3803 πνοῆς
368 3733 590 3795 πάντες,
626 3733 754 3802 μιᾶς
784 3733 951 3802 ἐσμεν
981 3730 1195 3798 φύσεως
1215 3731 1309 3784 καὶ
1329 3729 1539 3794 οὐσίας.
1586 3730 1749 3783 Ὑπο-

155 3824 385 3885 στάσεις
407 3822 465 3874 δὲ
486 3821 697 3875 πολλαί.
743 3821 854 3875 Kal
885 3821 995 3893 γὰρ
1029 3822 1324 3885 ὑπόστασις
1360 3820 1448 3874 διὰ
1477 3820 1636 3874 τοῦτο
1665 3820 1750 3875 λέ-

170 3932 342 3985 γεται,
379 3912 491 3968 ἀπὸ
518 3912 611 3967 τοῦ
644 3914 867 3984 στήκειν
900 3915 966 3985 τῇ
996 3913 1174 3985 οὐσίᾳ.

176 3988 181 3995 .
229 4008 346 4062 Kal
384 4009 420 4078 ἠ
476 4007 575 4077 μὲν
634 4007 794 4076 φύσις
827 4005 922 4057 καὶ
947 4007 981 4075 ἡ
1016 4005 1175 4058 οὐσία
1219 4005 1438 4073 λέγεται
1466 4002 1747 4074 καθολικὴ,

157 4101 194 4173 ὴ
221 4102 279 4154 δὲ
300 4100 604 4164 ὑπόστασις
639 4100 859 4171 μερική.
876 4098 1176 4152 Καθολικὺν
1204 4097 1263 4151 δὲ
1290 4097 1507 4165 λέγεται
1526 4097 1585 4150 τὸ
1614 4095 1748 4150 καθ-

157 4194 284 4247 όλου
339 4191 522 4245 πάντα
573 4191 979 4262 περιλαμϐάνον
1042 4191 1137 4245 καὶ
1193 4191 1444 4263 περιέχον
1467 4205 1480 4220 ο
1527 4189 1750 4260 μερικὸν

157 4285 217 4338 δὲ
246 4285 311 4338 τὸ
336 4284 460 4355 ἔχον
493 4284 657 4355 μέρος
700 4301 753 4336 τι
779 4283 985 4347 οὐσίας.
1015 4278 1140 4336 Οἴον
1160 4325 1175 4349 ,
1206 4284 1303 4335 ἐὰν
1336 4281 1519 4352 εἴπῃς,
1570 4281 1628 4334 Ὀ
1658 4279 1752 4333 άν-

1851 527 1997 582 tura,
2040 521 2097 575 in
2131 522 2348 593 aliaque
2393 525 2544 579 nulla
2591 527 2901 584 substantia
2953 534 3257 602 reperitur;
3290 539 3438 593 velut

1850 610 1908 665 in
1939 610 2164 667 homine
2190 614 2401 669 ridendi
2424 614 2679 673 facultas.
2708 619 2769 673 ln
2793 620 2942 674 nulla
2971 623 3173 695 quippe
3201 626 3307 681 alia
3337 644 3436 682 na.

1849 709 1973 757 tura
2003 704 2152 760 risus
2184 707 2476 775 reperitur.

1919 796 1974 851 8.
2013 795 2153 863 Quid
2207 798 2413 853 dicitur
2463 802 2709 857 natura?
2754 800 2962 858 Natura
3009 805 3233 873 dicitur,
3288 811 3434 880 quod

1848 898 1977 943 nata
2013 891 2084 945 sit
2124 898 2179 944 et
2203 892 2470 958 exsistat,
2508 896 2669 964 quasi
2698 897 2975 953 exsistens
3009 906 3073 953 et-
3107 901 3162 954 in
3204 905 3436 960 veritate

1849 981 2088 1049 cognita.
2123 979 2328 1038 Natura
2356 984 2481 1039 item
2519 986 2747 1053 dicitur,
2772 1004 2801 1042 a
2831 994 3113 1047 nascendo
3151 1001 3207 1050 et
3233 999 3437 1067 germi-

1849 1070 2052 1126 nando.
2096 1070 2324 1141 Natura,
2367 1076 2698 1141 substantia,
2745 1094 2939 1149 genus,
2990 1082 3207 1150 forma,
3263 1104 3433 1144 unum

1850 1173 2000 1220 sunt.
2048 1164 2288 1223 Persona
2330 1180 2534 1237 autem,
2582 1173 2889 1242 character,
2927 1178 3263 1251 hypostasis,
3313 1202 3440 1256 pro-

1849 1259 2053 1327 prium,
2091 1260 2387 1317 indivisum
2413 1303 2429 1323 .
2462 1280 2629 1319 ttnum
2662 1267 2826 1322 etiam
2860 1280 3008 1325 sunt.
3037 1271 3200 1328 Aliud
3234 1278 3438 1349 quippe

1849 1359 2065 1412 natura,
2096 1352 2242 1408 aliud
2273 1354 2606 1426 hypostasis.
2637 1356 2693 1411 Si
2733 1360 2857 1429 quis
2884 1376 3013 1432 ergo
3053 1363 3252 1421 dixerit
3285 1370 3383 1424 tibi
3414 1390 3429 1426 :

1848 1442 1909 1497 in
1964 1441 2165 1500 deitate
2209 1455 2344 1516 quot
2394 1456 2623 1504 naturas
2670 1451 2995 1509 conﬁteris?
3036 1454 3163 1521 Dic,
3218 1474 3434 1530 unam;

1850 1534 2176 1607 hypostases
2231 1553 2361 1593 vero
2409 1550 2543 1597 tres.
2598 1540 2754 1609 Quod
2803 1543 2851 1599 si
2900 1545 3100 1601 dixerit
3149 1550 3247 1605 tibi
3303 1570 3318 1606 :
3372 1552 3435 1608 ln

1849 1628 2155 1683 oeconomia
2191 1638 2487 1702 assumpta:
2507 1633 2693 1689 carnis
2717 1642 2850 1703 quot
2874 1644 3102 1702 naturas
3121 1641 3437 1702 conﬁteris?

1850 1716 1948 1773 Dic
1981 1737 1996 1775 :
2031 1716 2197 1785 Duas,
2231 1738 2505 1794 unamque
2543 1725 2886 1797 hypostasin.
2928 1729 3141 1787 Etenim
3175 1733 3433 1794 Christus

1852 1810 1988 1866 duas
2032 1811 2365 1869 substantias
2402 1824 2455 1869 et
2486 1824 2713 1874 naturas
2754 1820 2941 1876 habuit
2984 1823 3352 1883 immutabiles
3380 1836 3435 1884 et

1852 1899 2209 1967 inconfusus,
2290 1903 2552 1960 deitatem
2612 1917 2668 1963 et
2725 1909 3123 1969 humanitatem
3197 1917 3253 1970 in
3320 1935 3431 1974 una

1851 1996 2155 2067 hypostasi,
2188 1997 2331 2055 Deus
2362 2001 2638 2069 perfectus
2666 2014 2721 2059 et
2751 2005 3027 2075 perfectus
3053 2007 3218 2062 homo
3246 2012 3437 2079 cogni-

1850 2093 1963 2142 tus.
2001 2088 2082 2143 Ac
2125 2100 2417 2161 propterea
2468 2093 2608 2149 duas
2655 2103 2885 2153 naturas
2918 2099 2973 2153 in
3005 2085 3114 2153 una
3147 2100 3435 2172 hypostasi

1850 2178 2177 2235 conﬁtemur
2243 2182 2684 2242 incarnationem
2764 2186 2985 2244 Domini
3056 2191 3233 2247 nostri
3305 2190 3437 2248 Jesu

1849 2260 2053 2317 Christi
2086 2273 2139 2319 et
2166 2264 2284 2322 Dei.

1922 2353 1982 2408 In
2018 2355 2291 2427 theologia
2322 2374 2455 2415 vero
2494 2376 2660 2415 unam
2701 2364 3027 2420 conﬁtemur
3070 2375 3275 2422 sancta;
3315 2367 3440 2423 Tri-

1848 2446 2040 2503 nitatis
2087 2456 2365 2518 naturam,
2419 2459 2533 2508 tres
2583 2464 2761 2509 autem
2804 2456 3167 2527 ,hypostases.
3222 2458 3438 2515 Etenim

1848 2534 2053 2602 Patris,
2100 2537 2224 2593 Filii
2270 2548 2327 2596 et
2385 2538 2625 2611 Spiritus
2675 2545 2877 2610 sancti,
2929 2561 3039 2599 una
3086 2556 3285 2603 natura
3326 2555 3433 2615 est,

1851 2644 1960 2683 una
1989 2632 2321 2698 substantia,
2363 2649 2473 2688 una
2509 2641 2772 2705 potestas,
2808 2652 3038 2708 regnum
3072 2647 3127 2695 et
3164 2641 3431 2710 potentia.

1851 2720 1988 2778 Tres
2017 2731 2198 2779 autem
2231 2724 2583 2796 hypostases,
2612 2737 2723 2784 tres
2753 2731 3127 2796 characteres,
3166 2741 3277 2789 tres
3310 2748 3438 2805 per-

1851 2829 2020 2876 sonae,
2063 2813 2165 2868 hoc
2189 2824 2295 2880 est,
2327 2812 2509 2878 Pater,
2539 2825 2594 2870 et
2622 2816 2796 2874 Filius
2827 2828 2881 2874 et
2911 2818 3150 2890 Spiritus
3184 2829 3433 2879 sanctus.

1854 2905 1971 2959 Una
1997 2905 2261 2962 divinitas
2287 2907 2345 2961 in
2372 2908 2549 2963 tribus
2571 2911 2825 2979 personis
2852 2914 3071 2984 cognita
3097 2922 3202 2970 est.

1922 3080 2243 3139 Generalius
2295 3082 2479 3139 dicere
2532 3094 2749 3155 oportet
2797 3088 2929 3158 quid
2981 3090 3053 3145 sit
3102 3090 3432 3159 substantia,

1849 3176 1980 3246 quid
2021 3176 2358 3248 hypostasis.
2394 3175 2734 3246 Suhstantia,
2761 3196 2954 3250 genus,
2985 3192 3204 3248 natura,
3234 3183 3431 3252 forma,

1849 3279 1909 3324 ut
1958 3270 2164 3325 dictum
2214 3278 2320 3333 est,
2373 3285 2543 3324 unum
2594 3278 2724 3326 sunt
2767 3287 2782 3323 :
2832 3288 3069 3343 persona
3106 3275 3256 3340 item,
3303 3274 3438 3329 cha-

1848 3367 2048 3425 racter,
2097 3358 2431 3431 hypostasis,
2484 3359 2850 3428 individuum,
2886 3364 3167 3433 proprium
3201 3402 3218 3429 ,
3264 3379 3436 3420 unum

1849 3459 1996 3506 sunt.
2066 3450 2274 3505 Natura
2348 3451 2552 3521 quippe
2618 3454 2933 3523 complures
2992 3455 3049 3510 in
3111 3472 3172 3512 se
3232 3457 3437 3515 habere

1850 3549 2031 3612 potest
2083 3543 2427 3614 hypostases.
2493 3544 2755 3601 Homines
2812 3547 2961 3601 enim
3007 3563 3119 3603 uno
3173 3564 3433 3619 corpore,

1851 3649 1961 3688 uno
2013 3634 2207 3703 spiritu
2256 3644 2573 3690 constantes
2618 3651 2833 3699 omnes,
2882 3637 3051 3692 unius
3098 3654 3292 3693 sumus
3335 3654 3436 3694 na-

1850 3736 1984 3781 tura:
2010 3734 2175 3797 atque
2205 3727 2545 3782 substantias.
2585 3725 2918 3797 Hypostases
2951 3737 3132 3783 autem
3162 3731 3429 3800 plurimae.

1849 3818 2059 3873 Etenim
2114 3817 2238 3874 ideo
2281 3819 2483 3874 dicitur
2530 3819 2864 3891 hypostasis,
2905 3820 3052 3891 quod
3094 3823 3151 3876 in
3192 3824 3436 3880 essentia

1848 3911 2133 3983 subsistat.

1873 4064 1880 4074 .
1919 4001 2125 4057 Natura
2164 4016 2332 4072 porro
2380 4016 2446 4056 ac
2490 4001 2733 4057 essentia
2773 4001 3035 4057 dicuntur
3073 4005 3431 4069 universales,

1849 4096 2166 4166 hypostasis
2227 4111 2360 4151 vero
2425 4096 2798 4167 particularis.
2864 4096 3187 4153 Universale
3248 4108 3432 4153 autem

1850 4187 2071 4252 dicitur,
2116 4173 2261 4257 quod
2307 4189 2490 4241 omnia
2541 4190 2766 4243 omnino
2812 4191 3217 4260 complectitur,
3268 4201 3435 4263 atque

1853 4279 2139 4345 continet;
2176 4279 2511 4350 particulare
2538 4291 2743 4343 autem,
2775 4280 2918 4351 quod
2954 4291 3161 4351 partem
3194 4283 3431 4354 aliquam

63 4422 71 4431 .
160 4376 403 4448 θρωπος,
430 4375 539 4428 ίδοὺ
573 4371 733 4438 εἶπας
770 4376 948 4428 πάντα
989 4374 1302 4446 ἄνθρωπονο
1338 4372 1623 4426 καθολικὸν
1644 4372 1750 4443 γάρ

1854 4371 2014 4426 habet
2054 4372 2327 4425 essentia.
2357 4370 2603 4441 Exempli
2642 4387 2833 4434 causa,
2871 4374 2918 4427 si
2950 4374 3157 4429 dixeris
3188 4393 3201 4429 :
3235 4372 3431 4439 Homo,

160 4470 280 4523 ἐστι
304 4468 465 4521 τοῦτο
496 4467 593 4520 καὶ
622 4467 902 4533 οὐσιῶδες,
932 4469 1026 4520 καὶ
1044 4467 1244 4530 πάντες
1269 4465 1546 4538 ἄνθρωποι
1567 4464 1750 4533 λέγον-

1854 4476 2067 4518 omnem
2099 4461 2286 4515 dixisti
2318 4460 2595 4516 hominem
2631 4480 2644 4516 :
2677 4460 2810 4515 illud
2847 4478 3087 4532 namque
3122 4464 3437 4520 universale

158 4575 273 4621 ται,
314 4558 412 4611 καὶ
443 4558 544 4627 τῆς
566 4559 735 4625 αὐτῆς
750 4558 939 4621 οὐσίας
969 4557 1129 4610 είσίν.
1150 4558 1212 4610 Εἰ
1239 4556 1296 4609 δὲ
1328 4556 1508 4628 εἴπῃς,
1543 4556 1602 4608 '0
1636 4553 1746 4608 Πέ-

158 4666 291 4720 τρος
317 4649 415 4701 καὶ
461 4651 491 4703 ὁ
540 4648 752 4714 Παῦλος
775 4649 808 4720 ἢ
833 4651 861 4703 ὁ
897 4648 1169 4719 Ἰωάννης,
1190 4648 1312 4702 τότε
1340 4647 1435 4700 ἕνα
1465 4645 1748 4718 ἄνθρωπον

161 4741 469 4810 ἑσήμανας,
511 4737 592 4791 ὅτι
649 4739 874 4810 μερικόν
913 4740 1029 4792 ὲστι
1065 4737 1246 4792 τοῦτο.
1296 4737 1371 4790 Τὸ
1423 4736 1533 4808 γὰρ
1573 4735 1749 4790 κοινόν

165 4832 305 4894 ἐστι,
342 4831 440 4883 ἐὰν
468 4831 650 4901 εἴπῃς,
689 4831 750 4885 '0
777 4829 1084 4903 ἄνθρωπος,
1113 4830 1301 4903 ἐπειδὴ
1335 4831 1536 4894 πάντες
1572 4830 1620 4882 οἱ
1657 4829 1752 4883 άν-

164 4922 377 4994 θρωποι
410 4923 785 4993 ὀνομάζονται.
809 4923 884 4977 re
914 4923 972 4977 δὲ
1006 4924 1229 4995 μερικόν
1262 4925 1380 4977 ἐστι
1421 4923 1651 4977 ἑκάστου
1690 4922 1751 4975 τὸ

162 5015 359 5083 ενομα.
410 5012 668 5086 ’Δρμόζει
710 5013 982 5069 καὶτοῦτο
1021 5015 1111 5068 τὸν
1154 5014 1375 5069 θέλοντα
1413 5011 1616 5080 γνῶναι
1644 5009 1752 5064 τῶν

163 5114 512 5181 πραγμάτων
559 5109 660 5179 τὴν
699 5108 882 5180 φύσιν,
943 5108 1032 5163 ἵνα
1062 5107 1326 5181 γινώσκῃ,
1366 5111 1517 5164 ποῖόν
1546 5112 1662 5164 ἐστι
1690 5110 1753 5164 τὸ

168 5198 418 5268 μερικὸν,
450 5197 543 5250 καὶ
568 5199 719 5250 ποῖον
746 5197 999 5251 καθόλου.
1021 5198 1095 5273 Οὐ
1122 5197 1232 5269 γὰρ
1252 5198 1410 5269 μόνον
1440 5201 1526 5253 ἐπ’
1545 5199 1754 5272 ἀνθρώ-

164 5305 309 5348 πων.
345 5288 484 5343 ἀλλὰ
507 5290 602 5342 καὶ
635 5289 726 5343 ἐπὶ
767 5289 969 5353 παντὸς
995 5290 1341 5361 πράγματος,
1372 5291 1638 5363 οὐρανίων
1662 5294 1755 5347 καὶ

163 5380 451 5448 ἐπιγείων,
480 5380 635 5434 τοῦτό
678 5383 827 5435 ἐστιν
856 5364 1059 5451 εὑρεῖν.
1098 5384 1207 5436 Kal
1242 5382 1487 5455 εἴπωμεν
1511 5385 1757 5457 φανερώ-

163 5487 363 5544 τερονο
396 5474 672 5541 ἀναγκαῖα
716 5474 826 5545 γάρ
858 5475 964 5526 είσι
990 5472 1164 5527 ταῦτα
1192 5478 1305 5538 τοῖς
1349 5475 1631 5546 μέλλουσιν
1664 5479 1756 5531 ἐκ-

165 5560 373 5633 ζητεῖν.
408 5564 653 5635 Λέγομεν
690 5565 749 5619 δὲ
781 5565 974 5629 οὑτως.
1039 5565 1163 5620 Ἐὰν
1191 5568 1372 5640 είπῃς,
1416 5567 1475 5622 ὐ
1506 5568 1752 5638 ἄγγελος,

163 5654 298 5725 ὃλην
324 5656 427 5728 τὴν
452 5656 642 5713 οὐσίαν
666 5657 777 5712 τῶν
815 5657 1062 5728 ἀγγέλων
1101 5659 1381 5731 ὲσήμανας
1398 5677 1413 5692 ο
1443 5660 1620 5715 κοινὸν
1648 5660 1755 5733 γάρ

166 5746 287 5802 ἔστι
334 5748 494 5803 τοῦτο
547 5749 607 5805 τὸ
650 5750 820 5822 ὄνομα
868 5753 979 5815 τῖς
1015 5751 1266 5821 ἀγγέλοις
1326 5752 1419 5811 καὶ
1477 5750 1752 5819 οὐσιῶδες,

1848 4561 1933 4610 est
1977 4568 2041 4608 ac
2087 4553 2379 4609 essentiale
2430 4571 2444 4607 :
2498 4567 2799 4622 omnesque
2856 4553 3116 4609 dicuntur
3164 4556 3434 4623 homines,

1848 4654 2010 4715 atque
2037 4645 2279 4715 ejusdem
2338 4652 2466 4700 sunt
2516 4645 2788 4699 essentia}.
2845 4644 3002 4710 Quod
3049 4646 3097 4700 si
3156 4645 3364 4701 dixeris
3406 4662 3419 4698 :

1846 4733 2061 4798 Petrus,
2093 4733 2315 4801 Paulus,
2347 4740 2442 4787 aut
2479 4731 2742 4799 Joannes,
2776 4749 2944 4787 unum
2984 4742 3117 4789 tunc
3159 4737 3434 4791 hominem

1848 4827 2193 4899 signiﬁcasti,
2233 4827 2361 4897 quia
2409 4825 2544 4881 illud
2595 4827 2928 4897 particulare
2978 4834 3084 4885 est.
3131 4826 3435 4883 Commune

1850 4921 2119 4992 siquidem
2144 4930 2247 4985 est,
2279 4920 2324 4974 si
2354 4919 2581 4984 dixeris,
2605 4918 2799 4985 Homo,
2823 4921 2950 4991 quia
2972 4934 3162 4974 onmes
3189 4919 3436 4975 homines

1850 5015 2226 5070 nominantur.
2275 5011 2617 5066 Particulare
2664 5021 2847 5067 autem
2894 5018 2980 5067 est
3018 5012 3290 5082 cujusque
3338 5027 3438 5065 nn-

1851 5122 1998 5161 men.
2031 5105 2174 5162 Sane
2207 5121 2308 5176 par
2333 5115 2420 5163 est
2449 5121 2575 5161 eum
2608 5106 2701 5175 qui
2728 5120 2912 5160 rerum
2947 5112 3201 5158 naturam
3232 5119 3437 5173 cogno-

1853 5215 2007 5255 scere
2031 5200 2179 5266 velit,
2209 5200 2372 5267 scire,
2404 5200 2534 5270 quid
2560 5198 2893 5269 particulare
2925 5196 3020 5260 sit,
3052 5195 3185 5265 quid
3215 5196 3438 5249 univer-

1853 5293 1987 5347 sale.
2035 5290 2221 5361 Neque
2265 5293 2442 5347 solum
2496 5295 2645 5349 enim
2697 5293 2751 5345 in
2802 5291 3169 5354 hominibus;
3226 5288 3322 5343 sed
3376 5288 3433 5343 in

1852 5398 2180 5456 quacunque
2216 5399 2296 5448 re,
2335 5384 2665 5449 caelestium,
2706 5383 3071 5446 terrestrium,
3108 5380 3436 5449 illud'repe-

1854 5475 1964 5529 rire
2003 5481 2089 5528 est
2136 5490 2151 5528 :
2202 5473 2350 5543 quod
2405 5474 2668 5544 liquidius
2710 5473 3069 5544 explicemus,
3119 5471 3432 5526 necessaria

1854 5565 2055 5637 quippe
2108 5575 2237 5622 sunt
2281 5567 2388 5622 ista
2441 5566 2510 5621 iis
2555 5564 2651 5635 qui
2708 5564 3088 5635 investigaturi
3146 5571 3295 5621 sunt.
3340 5563 3432 5619 Sic

1856 5658 2041 5730 itaque
2090 5658 2348 5715 dicimus.
2433 5658 2492 5713 Si
2551 5658 2728 5724 dicas,
2790 5657 3052 5731 Angelus,
3107 5657 3427 5730 angelorum

1859 5748 2156 5807 essentiam
2208 5763 2425 5808 omnem
2479 5747 2821 5821 signiﬁcasti,
2881 5764 3173 5807 commune
3229 5749 3428 5821 quippe
