3860 6200
454 313 563 369 559

1627 315 1686 372 S.
1726 314 2172 372 ATHANASIUS
2230 351 2298 360 —
2338 319 2610 378 SPURIA.

3624 325 3731 384 540

455 435 588 489 illud
632 448 830 490 nomen
877 440 964 489 est
993 434 1214 505 angelis
1254 440 1309 488 et
1349 433 1648 491 essentiale
1684 454 1697 489 :
1739 450 2029 504 omnesque

2142 440 2236 491 καὶ
2267 441 2469 505 πάντες
2494 443 2716 511 άγγελοι
2754 443 3022 513 λέγονται·
3065 445 3189 499 Ἐὰν
3211 445 3268 498 δὲ
3308 447 3490 518 εἴπῃς,
3540 448 3598 502 '0
3626 451 3735 503 Μι-

454 526 715 581 dicuntur
770 526 998 596 angeli;
1060 526 1144 580 sin
1212 526 1421 581 dixeris
1483 524 1735 592 Michael,
1793 524 2038 592 Gabriel,

453 619 773 690 hypostasin
810 634 976 673 unam
1016 618 1224 684 dixisti,
1259 619 1361 673 hoc
1397 625 1483 674 est
1544 633 1716 673 unum
1763 619 2038 689 angelum.

453 710 660 765 Natura
699 711 900 782 quippe
947 710 1149 766 dicitur
1184 712 1360 782 angeli
1397 712 1640 768 essentia
1674 730 1687 765 :
1725 711 2038 782 hypostasis

450 816 582 855 vero
618 801 1059 871 uniuscujusque
1110 802 1289 872 angeli
1333 802 1648 872 appellatio.
1691 801 2040 872 1951mm-

449 909 557 962 que
583 909 692 947 una
715 901 911 948 natura
939 894 1250 949 communis
1281 904 1365 951 est
1394 896 1746 963 humanitas;
1779 896 2039 966 hyposta-

450 1001 540 1041 ses
583 1001 747 1050 vero,
800 986 1023 1051 Petrus,
1070 986 1314 1050 Paulus,
1365 985 1648 1051 Thomas,
1695 1002 1760 1041 ac
1813 987 2038 1057 reliqua:

446 1095 696 1150 personae
733 1085 788 1133 et
828 1079 1199 1133 characteres.
1228 1076 1434 1132 Natura
1479 1078 1645 1149 igitur
1687 1088 1773 1134 est
1813 1078 2036 1134 domina

445 1168 794 1240 genitrixque
839 1168 1241 1239 hypostasium.
1285 1166 1582 1237 Propterea
1628 1184 1846 1223 rursum
1893 1169 2038 1225 dice-

449 1275 573 1315 mus
617 1276 631 1311 :
681 1260 727 1315 si
769 1259 925 1316 dicas
958 1279 971 1315 :
1005 1259 1154 1315 Bona
1193 1269 1278 1315 est
1326 1269 1525 1314 natura
1570 1262 1822 1332 angelus,
1863 1269 2034 1316 totam

447 1346 643 1406 eorum
699 1351 993 1405 essentiam
1037 1350 1381 1422 signiﬁcasti.
1433 1350 1530 1405 Sin
1578 1352 1770 1407 dicas:
1806 1352 2036 1423 Magnus

445 1446 531 1496 est
571 1440 813 1505 Gabriel,
853 1455 1020 1494 unam
1069 1457 1135 1495 ex
1182 1441 1439 1497 omnibus
1484 1443 1806 1514 hypostasin
1851 1444 2033 1499 nomi-

447 1534 613 1587 nasti.
643 1532 711 1586 Et
743 1532 790 1588 si
820 1534 996 1597 dicas,
1028 1532 1286 1600 Volatile,
1323 1534 1601 1591 denotasti
1644 1544 1812 1589 totam
1837 1536 2035 1591 volati-

446 1624 580 1677 linm
608 1626 943 1693 essentiam;
977 1626 1061 1680 sin
1096 1627 1272 1693 dicas,
1303 1626 1593 1691 Columba,
1629 1635 1832 1693 turtur,
1862 1630 2034 1683 lusci-

445 1718 558 1781 nia,
609 1733 772 1788 pavo,
826 1734 1035 1790 cygnus
1095 1735 1108 1772 :
1158 1721 1275 1774 haec
1318 1727 1450 1776 sunt
1512 1720 1854 1792 bypostascs.
1913 1719 2032 1775 Non

2141 532 2299 601 χαὴλ,
2329 535 2358 587 6
2386 534 2625 607 Γαϐριὴλ
2644 576 2659 598 ,
2689 536 2989 591 ὑπόστασιν
3038 538 3169 609 μίαν
3212 534 3391 603 εἶπας,
3450 540 3732 596 τουτέστιν

2129 626 2234 700 ἡὲνα
2259 627 2507 695 ἄγγελον.
2525 627 2690 692 Φύσις
2705 627 2812 700 γάρ
2832 628 3050 697 λέγεται
3078 631 3112 700 ἠ
3139 629 3445 701 ἀγγελότης
3462 648 3475 661 ’
3499 632 3734 687 ὑπόστα-

2142 735 2224 781 σις
2255 718 2312 771 δέ
2340 722 2488 772 ἐστιν
2508 721 2626 784 ἐνὸς
2662 721 2891 774 ἐκάστου
2923 721 3156 790 ἀγγέλου
3210 723 3574 795 προσηγορία.
3617 726 3733 779 Καὶ

2138 805 2248 876 γὰρ
2274 805 2435 875 φύσις
2462 807 2577 859 ἐστὶ
2614 808 2712 877 μία
2738 808 2888 879 κοινὴ
2923 811 2956 880 ἠ
2988 810 3364 883 ἀνθρωπότης,
3394 812 3732 876 ὑποστάσεις

2137 895 2194 948 δὲ
2229 897 2453 969 Πέτρος,
2490 898 2698 962 Παῦλος
2733 900 2828 953 καὶ
2867 900 3091 970 Θωμᾶς,
3127 901 3223 954 καὶ
3275 901 3342 955 τά
3370 902 3533 957 λοιπά
3565 905 3733 975 πρόσε-

2137 1007 2262 1043 ωπα
2285 991 2382 1044 καὶ
2408 992 2458 1044 οἱ
2491 992 2861 1063 χαρακτῆρες.
2903 992 2965 1044 Ἡ
3001 988 3094 1047 οὖν
3122 993 3286 1062 φύσις
3312 996 3460 1050 ἐστὶν
3485 997 3519 1067 ἡ
3558 998 3731 1069 κυρία

2138 1081 2231 1135 καὶ
2257 1083 2548 1154 γεννητικὴ
2577 1082 2686 1135 τῶν
2712 1084 3085 1139 ὑποστάσεων.
3121 1086 3231 1139 Καὶ
3255 1084 3345 1138 διὰ
3371 1086 3529 1141 τοῦτο
3561 1087 3727 1141 πάλιν

2137 1173 2371 1246 ἐροῦμεν
2395 1192 2409 1206 ·
2451 1174 2547 1227 ἐὰν
2587 1175 2780 1246 εἴπῃς·
2819 1175 2974 1245 Καλὴ
3013 1175 3176 1245 φύσις
3216 1179 3244 1230 6
3283 1178 3550 1246 ἄγγελος,
3593 1179 3727 1249 ὃλην

2136 1262 2234 1332 τὴν
2262 1262 2449 1314 οὑσίαν
2488 1262 2667 1316 αὐτῶν
2713 1265 3015 1334 ἐσήμανας.
3060 1265 3185 1318 Ἐἀν
3212 1265 3269 1319 δὲ
3313 1266 3504 1338 εἴπῃς’
3534 1269 3728 1338 Μέγας

2138 1353 2286 1407 ἐστὶν
2327 1355 2355 1407 6
2381 1353 2640 1425 Γαϐριὴλ,
2683 1355 2979 1409 ὑπόστασιν
3013 1357 3144 1428 μίαν
3173 1359 3239 1411 ἐκ
3278 1359 3495 1413 πάντων
3539 1355 3723 1423 εἶπας.

2134 1445 2248 1498 Καὶ
2290 1446 2385 1501 ἐάν
2419 1447 2599 1517 εἴπῃς,
2637 1447 2710 1500 Τὺ
2738 1448 3006 1514 πετεινὺν,
3051 1451 3160 1503 ἰδοὺ
3188 1451 3286 1521 τὴν
3326 1452 3517 1506 οὑσίαν
3545 1454 3727 1507 πᾶσαν

2136 1537 2409 1608 ἐδήλωσας
2428 1538 2537 1591 τῶν
2569 1540 2830 1594 πετεινῶν
2857 1558 2869 1571 ’
2894 1541 2990 1595 ἐάν
3012 1542 3069 1595 δέ
3097 1543 3278 1614 εἴπῃς,
3304 1544 3371 1597 Ἠ
3399 1546 3725 1616 περιστερὰ,

2134 1632 2167 1701 ὴ
2196 1629 2434 1702 τρυγὼν,
2454 1634 2487 1702 ἡ
2518 1630 2720 1703 ἀηδὼν,
2744 1634 2773 1687 6
2798 1632 2961 1699 ταὼς,
2990 1635 3085 1688 καὶ
3110 1636 3138 1688 6
3166 1636 3385 1701 κύκνος,
3414 1637 3524 1691 ἰδοὺ
3549 1639 3725 1691 ταῦτα

2135 1723 2464 1788 ὑποστάσεις
2507 1726 2666 1778 εἰσίν.
2728 1725 2802 1778 Οὑ
2840 1726 3001 1796 μόνον
3045 1726 3102 1780 δὲ
3143 1727 3370 1781 ἐπὶτῶν
3396 1729 3600 1800 νοερῶν
3628 1730 3726 1783 καὶ

446 1811 627 1866 solum
676 1820 860 1866 autem
914 1812 971 1865 in
1024 1812 1481 1883 intelligibilibus,
1535 1814 1919 1877 rationalibus,
1977 1821 2029 1868 et

2135 1814 2370 1884 λογικῶν
2394 1815 2489 1868 καὶ
2516 1815 2778 1886 ἐμψύχων
2810 1818 3040 1889 ἁρμόζει
3068 1821 3097 1871 6
3125 1819 3285 1882 αὑτὸς
3320 1819 3429 1872 τῶν
3453 1796 3596 1891 ὅρων
3622 1838 3725 1874 κα-

446 1903 829 1973 spiritualibus
876 1905 1017 1959 valet
1062 1906 1177 1959 lucc
1223 1904 1599 1960 deﬁnitionum
1647 1908 1879 1978 regula;
1935 1907 2030 1963 sed

444 1994 607 2050 etiam
652 1995 708 2049 in
753 1997 901 2049 omni
955 1996 1274 2061 inanimata,
1308 1998 1619 2053 insensibili
1667 2008 1721 2053 et
1762 1999 2029 2055 immobili

446 2094 665 2141 natura.
734 2085 898 2142 Verbi
965 2089 1161 2157 gratia,
1230 2089 1277 2144 si
1340 2090 1546 2146 dixeris
1607 2109 1624 2146 :
1685 2090 1839 2146 Fecit
1886 2090 2029 2149 Deus

447 2180 648 2242 lucem,
702 2194 831 2234 ecce
875 2180 1189 2235 universam
1262 2181 1682 2237 luminariorum
1730 2188 2025 2240 essentiam

447 2271 789 2340 signiﬁcasti.
831 2271 952 2340 Ipsa
994 2286 1159 2340 porro
1194 2274 1433 2326 essentia
1467 2273 1723 2345 deinceps
1767 2276 2030 2332 dividitur

445 2364 501 2417 in
533 2378 664 2417 suas
694 2363 1059 2433 hypostases;
1092 2363 1148 2417 in
1181 2364 1353 2419 solem
1392 2366 1624 2429 scl'ﬁcet,
1658 2369 1866 2434 lunam,
1899 2371 2029 2425 stel-

445 2455 551 2517 las,
585 2453 861 2519 lucernas,
885 2468 1095 2518 cereos,
1126 2454 1392 2525 variaque
1421 2472 1548 2513 ana.
1594 2456 1775 2513 Simili
1809 2476 2029 2531 quoque

444 2546 609 2601 modo
638 2547 706 2602 de
749 2547 966 2611 ventis;
1000 2547 1047 2602 si
1090 2547 1319 2614 dixeris,
1351 2549 1616 2619 Spiritum
1652 2567 1750 2606 seu
1778 2562 2027 2620 ventum,

446 2657 666 2696 omnem
690 2652 980 2696 ventorum
1013 2650 1270 2696 naturam
1306 2644 1651 2714 signiﬁcasti.
1685 2643 1780 2700 Sin
1798 2647 2024 2711 dixeris,

441 2728 1019 2800 Austrum,‘boream,
1072 2740 1167 2787 aut
1199 2735 1626 2806 euroclydonem
1676 2754 1691 2791 :
1741 2736 1857 2792 haec
1900 2747 2029 2793 sunt

444 2823 789 2894 bypostases.
836 2828 971 2879 Item
1019 2826 1064 2880 si
1116 2825 1342 2891 dixeris,
1368 2824 1657 2893 Arborem,
1711 2830 2027 2885 universam

445 2915 705 2969 arborum
735 2915 1031 2970 essentiam
1052 2916 1407 2986 signiﬁcasti;
1442 2918 1529 2974 sin
1557 2919 1786 2985 dixeris,
1814 2919 2025 2985 Ficum,

444 3023 662 3069 nucem,
716 3017 1052 3073 castaneam,
1097 3012 1464 3082 amygdalum,
1503 3029 1667 3068 unam
1710 3015 2029 3086 hypostasin

445 3101 705 3155 arborum
751 3101 1094 3172 signiﬁcasti.
1150 3101 1390 3159 Rursum
1436 3105 1484 3160 si
1532 3106 1760 3170 dixeris,
1792 3108 2025 3178 Aquam,

445 3193 763 3249 universam
806 3209 1074 3264 aquarum
1120 3204 1374 3251 naturam
1416 3196 1640 3266 dixisti;
1671 3201 1758 3256 sin
1801 3200 2030 3265 dixeris,

447 3284 618 3354 Mare,
682 3284 960 3356 paludem,
1006 3295 1257 3358 puteum,
1316 3289 1546 3356 fontem,
1607 3307 1775 3346 unam
1823 3301 2034 3348 tantum

444 3394 714 3449 aquarum
774 3380 962 3435 dixisti
1017 3382 1364 3453 hypostasin.
1430 3382 1631 3440 lterum
1685 3386 1732 3441 si
1782 3387 2030 3441 Fluvium

443 3472 718 3535 nomines,
747 3470 944 3528 ﬂuvios
967 3489 1157 3530 omnes
1188 3476 1409 3544 dixisti;
1442 3479 1528 3533 sin
1563 3478 1791 3546 dixeris,
1832 3480 2032 3535 Maean-

443 3561 628 3626 drum,
689 3561 1031 3634 Euphraten,
1088 3564 1295 3630 Nilum,
1347 3575 1464 3622 tum
1523 3568 1813 3626 ﬂuviorum
1866 3589 2030 3627 unam

444 3654 768 3727 hypostasin
830 3657 1041 3712 dixisti.
1100 3658 1160 3713 In
1216 3660 1445 3730 reliquis
1506 3663 1759 3718 similiter
1817 3675 2029 3735 oportet

440 3749 624 3807 omnia
656 3750 1005 3821 investigare,
1038 3761 1203 3823 atque
1231 3754 1499 3823 cogitare,
1532 3756 1931 3823 internoscere,
1968 3776 2032 3815 ac

440 3838 787 3906 discernere,
862 3843 993 3913 quid
1055 3845 1127 3900 sit
1192 3853 1427 3912 natura,
1494 3849 1627 3918 quid
1697 3849 2028 3921 hypostasis.

441 3927 647 3984 Natura
678 3933 879 4003 quippe
904 3934 1057 3989 radix
1084 3943 1168 3990 est
1198 3935 1431 4007 forisque
1452 3954 1636 3993 rerum
1671 3959 1685 3995 :
1717 3941 2029 4011 bypostasis

440 4031 625 4077 autem
650 4038 779 4094 pars
803 4032 888 4082 est
911 4035 1142 4083 naturae.
1180 4027 1307 4085 Haec
1331 4030 1534 4101 quippe
1559 4041 1689 4087 sunt
1719 4035 2029 4091 necessaria

440 4114 512 4169 iis
540 4115 633 4184 qui
662 4116 972 4174 mundanas
1007 4133 1097 4174 res
1135 4131 1393 4176 accurate
1432 4137 1766 4194 cognoscere
1790 4118 2030 4181 ac'scru-

439 4207 549 4260 tari
578 4207 791 4263 volunt.

439 4316 507 4372 ll.
547 4318 627 4374 De
671 4321 975 4386 voluntate,
1018 4326 1342 4394 proprietate
1390 4336 1443 4379 et
1493 4329 1821 4395 operatione,
1875 4339 1926 4384 et
1965 4330 2030 4385 de

829 4395 1023 4467 unione
1068 4407 1118 4449 et
1162 4396 1628 4453 consubstantiali.

2135 1905 2263 1970 νὼν,
2289 1906 2426 1959 ἀλλά
2459 1906 2552 1960 καὶ
2579 1907 2668 1961 διὰ
2695 1908 2875 1978 πάσης
2900 1910 3107 1979 ἀψύχου
3139 1910 3234 1963 καὶ
3270 1910 3601 1981 ἀναισθήτου
3627 1911 3733 1963 καὶ

2135 1998 2392 2069 ἀκινήτου
2448 1998 2694 2067 φύσεωςο
2751 1996 2866 2052 οἷόν
2916 2018 2969 2053 τι
3027 2001 3190 2069 λέγω,
3251 2000 3346 2055 ἐάν
3402 2003 3586 2073 εἴπῃς,
3640 2003 3726 2056 ὅτι

2148 2093 2432 2164 Ἐποίησεν
2456 2096 2484 2147 ὀ
2511 2092 2642 2157 Θεὸς
2664 2094 2725 2147 τὸ
2757 2093 2891 2163 φῶς,
2926 2096 3032 2149 ἰδοὺ
3067 2098 3244 2150 πᾶσαν
3277 2096 3376 2167 τὴν
3399 2096 3589 2150 οὐσίαν
3614 2097 3728 2149 τῶν

2135 2185 2439 2255 φωστήρων
2467 2184 2765 2255 ἐσήμανας.
2802 2185 2952 2255 Αὕτη
2988 2186 3173 2240 λοιπὸν
3207 2189 3241 2259 ἡ
3272 2187 3429 2240 οὑσία
3460 2187 3727 2256 τέμνεται

2134 2277 2214 2338 εἰς
2246 2274 2345 2339 τάς
2379 2276 2705 2342 ὑποστάσεις
2735 2278 2935 2349 αὑτῆς·
2970 2278 3249 2351 μερίζεται
3283 2278 3393 2350 γάρ
3431 2281 3511 2341 είς
3541 2278 3722 2350 ἥλιον,

2134 2370 2213 2431 εἰς
2239 2367 2468 2438 σελήνην
2497 2368 2590 2421 καὶ
2618 2371 2697 2430 εἰς
2726 2369 2981 2441 ἀστέρας,
3010 2371 3090 2433 είς
3110 2369 3357 2441 λύχνους,
3381 2370 3462 2433 εἰς
3493 2371 3723 2440 κηρρὺς,

2136 2462 2231 2514 καὶ
2256 2464 2336 2525 εἰς
2375 2461 2509 2515 ἄλλα
2538 2463 2791 2534 διάφορα.
2834 2461 3067 2533 Ὁμοίως
3099 2463 3192 2516 καὶ
3218 2463 3309 2516 ἐπὶ
3348 2464 3599 2534 ἀνέμωνο
3623 2463 3723 2517 ἐὰν

2134 2555 2315 2628 εἴπῃς,
2345 2556 2589 2626 Πνεῦμα,
2640 2557 2820 2609 πᾶσαν
2867 2554 2965 2627 τὴν
2998 2555 3159 2625 φύσιν
3189 2555 3297 2609 τῶν
3343 2556 3561 2626 ἀνέμων
3593 2557 3723 2627 ἐσή-

2138 2665 2334 2719 μανας.
2367 2649 2430 2702 Εἰ
2462 2648 2518 2701 δὲ
2552 2649 2733 2722 εἴπῃς,
2764 2648 2956 2713 Νότος,
2989 2649 3021 2720 ἢ
3048 2648 3328 2721 βορῥᾶς,ἢ
3356 2648 3722 2722 εύροκλύδων,

2133 2738 2294 2796 αὗται
2327 2741 2655 2805 ὑποστάσεις
2685 2741 2810 2796 εἰσί.
2851 2740 3017 2796 Πάλιν
3043 2742 3138 2795 ὲάν
3170 2742 3350 2812 εἴπῃς,
3382 2741 3455 2794 T6
3481 2740 3722 2811 δένδρον,

2136 2837 2318 2889 πᾶσαν
2346 2834 2445 2905 τὴν
2482 2835 2674 2888 οὐσίαν
2704 2834 2812 2888 τῶν
2853 2834 3087 2907 δένδρων
3122 2835 3435 2905 ἐσήμανας·
3468 2835 3517 2887 εἰ
3545 2833 3606 2886 δὲ
3641 2833 3720 2887 εἶ-

2136 2946 2263 3001 πῃς,
2299 2930 2363 2981 Ἥ
2394 2929 2552 2999 συκῆ,
2587 2929 2619 2998 ή
2664 2926 2865 3000 καρύα,
2895 2929 2929 2997 ἡ
2979 2926 3303 2991 κασταναία,
3336 2926 3371 2996 ἡ
3413 2924 3722 2996 ἀμυγδαλῆ,

2140 3019 2266 3089 μίαν
2290 3017 2584 3071 ὑπόστασιν
2607 3011 2769 3079 εἴπας
2790 3013 2898 3067 τῶν
2927 3013 3179 3085 δένδρων.
3210 3013 3381 3068 Πάλιν
3415 3013 3510 3066 ἐὰν
3537 3015 3722 3085 εἴπῃς,

2138 3107 2210 3160 Τὸ
2244 3107 2408 3177 ὕδωρ,
2435 3107 2563 3176 ὅλην
2595 3105 2694 3175 τὴν
2740 3103 2901 3173 φύσιν
2930 3103 3038 3157 τῶν
3071 3102 3279 3157 ὑδάτων
3307 3096 3469 3164 εἶπας
3490 3117 3504 3130 ·
3543 3101 3639 3155 ἐάν
3666 3102 3725 3155 δὲ

2136 3199 2314 3271 εἴπῃς,
2358 3199 2423 3251 Ἡ
2453 3198 2717 3260 θάλασσα,
2747 3200 2779 3266 ἠ
2803 3196 2988 3267 λίμνη,
3009 3196 3071 3248 τὸ
3101 3194 3297 3267 φρέαρ,
3326 3197 3361 3266 ἡ
3387 3194 3559 3266 πηγὴ,
3592 3194 3725 3266 μίαν

2134 3288 2295 3354 εἶπας
2325 3290 2434 3343 τῶν
2476 3290 2683 3343 ὑδάτων
2726 3289 3044 3342 ὑπόστασιν.
3090 3286 3258 3340 Πάλιν
3298 3286 3394 3340 ἐὰν
3433 3288 3617 3359 εἴπῃς,
3664 3287 3725 3340 'U

2134 3384 2397 3454 ποταμὸς,
2442 3384 2568 3446 τοὺς
2598 3384 2874 3453 ποταμοὺς
2923 3381 3132 3444 πάντας
3165 3381 3392 3451 είρηκας
3413 3396 3427 3410 ·
3463 3381 3513 3432 εἰ
3555 3379 3613 3433 δὲ
3643 3378 3727 3431 εῖ-

2134 3494 2263 3548 πῃς,
2293 3478 2322 3528 6
2361 3475 2693 3548 Μαίανδρος,
2736 3478 2765 3529 6
2792 3473 3107 3546 Εὐφράτης,
3136 3475 3164 3526 6
3204 3473 3415 3538 Νεῖλος,
3450 3472 3572 3524 τότε
3609 3472 3724 3524 τῶν

2134 3568 2396 3641 ποταμῶν
2419 3564 2579 3632 εἶπας
2609 3568 2738 3639 μίαν
2782 3568 3097 3621 ὑπόστασιν.
3135 3568 3246 3620 Καὶ
3284 3568 3342 3621 ἐν
3371 3570 3484 3627 τοῖς
3514 3567 3725 3629 λοιποῖς

2132 3660 2331 3732 ὁμοίως
2361 3659 2505 3714 οὕτω
2534 3660 2641 3732 χρὴ
2698 3659 2875 3713 πάντα
2907 3658 3208 3732 διερευνᾷν,
3244 3658 3339 3712 καὶ
3364 3657 3488 3711 καθ’
3511 3656 3571 3711 ὃν
3597 3656 3726 3729 τρό·

2133 3771 2232 3807 πον
2276 3754 2594 3825 ἐγράφησαν
2644 3750 2970 3805 διανοεῖσθαι
3014 3750 3109 3805 καὶ
3156 3748 3564 3818 ἐπιγινώσκειν,
3622 3750 3724 3803 καὶ

2131 3846 2425 3918 διακρίνειν
2457 3845 2510 3898 τί
2544 3846 2659 3898 ἐστι
2694 3842 2877 3913 φύσις,
2910 3843 3007 3896 καὶ
3035 3842 3087 3895 τί
3117 3842 3266 3895 ἐστιν
3301 3841 3616 3904 ὑπόστασις.
3654 3841 3725 3895 Ἡ

2135 3939 2233 4010 μὲν
2261 3937 2368 4009 γὰρ
2393 3937 2554 4008 φύσις
2578 3937 2778 4007 ἐστὶνὴ
2809 3935 2933 4008 ῥίζα
2966 3936 3060 3989 καὶ
3086 3936 3119 4006 ἡ
3328 3932 3434 3987 τῶν
3466 3934 3728 4005 πραγμά-

2130 4052 2273 4088 των·
2307 4035 2341 4105 ή
2384 4034 2442 4086 δὲ
2474 4033 2772 4094 ὑπόστασις
2835 4028 2999 4102 μέρος
3032 4030 3149 4082 ἐστὶ
3187 4029 3289 4099 τῆς
3328 4029 3559 4097 φύσεως.
3602 4028 3729 4080 Ἀν-

2130 4130 2333 4197 αγκαῖα
2366 4125 2476 4198 γάρ
2522 4125 2695 4178 ταῦτα
2725 4127 2836 4186 τοῖς
2868 4122 3115 4176 θέλουσιν
3135 4120 3377 4194 ἀκριϐῶς
3416 4119 3488 4173 τὰ
3539 4122 3595 4174 ἐν
3640 4121 3731 4191 τῷ

2130 4224 2323 4294 κόσμῳ
2354 4218 2740 4289 ἐπιγινώσκειν
2775 4218 2870 4271 καὶ
2904 4217 3152 4288 ἐρευνᾷν.

2132 4339 2199 4393 II.
2232 4336 2372 4406 Περὶ
2402 4332 2887 4406 θελήματοςκκαὶ
2912 4330 3238 4406 ἰδιώματος,
3268 4328 3369 4406 καί
3392 4328 3727 4397 ἐνεργείας,

2377 4407 2478 4461 καὶ
2511 4400 2644 4474 περὶ
2671 4402 2945 4468 ὲνὼσεως
2974 4401 3074 4454 καὶ
3116 4400 3464 4469 όμοουσίου.

511 4480 653 4547 Quid
695 4490 780 4539 est
811 4487 1102 4542 voluntas?
1130 4485 1397 4544 Voluntas
1438 4498 1522 4545 est
1567 4490 1924 4563 intelligentis
1971 4503 2025 4549 et

2199 4501 2264 4554 Τί
2302 4502 2418 4553 ἐστι
2454 4498 2701 4570 θέλημα;
2734 4493 2963 4565 Θέλημά
2994 4495 3144 4546 ἐστιν
3177 4490 3362 4554 οὐσίας
3392 4491 3589 4561 νοερᾶς
3626 4491 3731 4544 καὶ⁵

439 4573 726 4630 rationalis
759 4577 1080 4633 substantiae
1102 4581 1399 4649 appetitus,
1435 4583 1502 4638 ad
1544 4584 1598 4639 id
1630 4586 1776 4655 quod
1817 4601 2025 4641 concu-

438 4665 690 4734 piscitur.
735 4665 1015 4739 Quidquid
1045 4671 1191 4725 enim
1228 4672 1505 4746 intelligit,
1541 4678 1720 4746 palam
1747 4686 1831 4735 est
1878 4682 2025 4750 quod

437 4759 605 4811 etiam
636 4758 936 4816 voluntatis
970 4763 1044 4816 sit
1073 4778 1247 4834 capax
1275 4784 1288 4818 :
1321 4766 1538 4840 θέλημα
1566 4771 1744 4835 enim,
1796 4789 1893 4829 seu
1926 4790 2025 4828 vo-

438 4848 642 4914 luntas,
675 4852 819 4906 κατά
845 4855 908 4907 τὸ
937 4855 1078 4911 θέειν
1101 4858 1242 4925 λίαν,
1277 4862 1488 4917 scilicet
1517 4876 1547 4915 a
1575 4862 1735 4918 valde
1754 4867 2025 4920 currendo

436 4941 679 4998 dicitur:
712 4946 832 5010 vel,
864 4950 1037 5017 optati
1075 4953 1384 5022 assumptio
1420 4970 1514 5010 seu
1553 4957 1864 5026 occupatio.
1909 4959 2026 5013 Tri-

435 5034 652 5102 pliciter
690 5046 870 5094 autem
901 5043 1159 5100 voluntas
1203 5045 1631 5103 consideratur:
1667 5050 1852 5105 divina
1874 5093 1888 5118 ,
1925 5066 2024 5105 an-

432 5128 605 5194 gelica
649 5138 706 5184 et
753 5133 982 5200 animae;
1023 5136 1467 5207 quandoquidem
1526 5140 1610 5195 har
1650 5151 1764 5198 tres
1812 5151 2025 5201 naturae

433 5230 672 5287 tantum,
695 5226 996 5283 voluntatis
1033 5237 1162 5283 sunt
1191 5244 1439 5300 capaces.
1494 5232 1805 5304 Tripliciter
1840 5246 2022 5293 autem

431 5322 487 5368 et
511 5315 565 5367 in
600 5315 882 5387 Scriptura
911 5320 1246 5375 voluntatem
1274 5322 1585 5381 invenimus
1617 5328 1871 5397 usurpari
1900 5348 1913 5384 ε
1946 5328 2025 5382 di-

435 5406 639 5471 vinam,
665 5412 971 5466 naturalem
1003 5412 1087 5467 vel
1123 5414 1379 5478 mediam,
1406 5418 1568 5470 tertio
1584 5420 1879 5486 carnalem,
1902 5437 2023 5491 quae

434 5496 761 5554 diabolicam
796 5503 1092 5573 signiﬁcat.
1143 5502 1412 5560 Voluntas
1445 5506 1626 5561 divina
1648 5549 1663 5575 ,
1698 5516 1830 5564 sunt
1859 5525 2015 5563 man-

436 5586 563 5640 data
597 5588 712 5644 Dei.
759 5590 1028 5650 Voluntas
1075 5595 1378 5660 naturalis,
1432 5604 1518 5653 est
1547 5600 1797 5666 operatio
1825 5598 2023 5653 divinae

438 5679 757 5737 voluntatis.
783 5683 1036 5742 Carnalis
1073 5703 1206 5743 vero
1236 5691 1511 5758 voluntas,
1537 5701 1623 5746 est
1660 5692 1795 5764 legis
1824 5692 2022 5749 divina:

439 5772 827 5842 transgressio.
860 5775 1081 5848 Triplex
1114 5780 1219 5836 ista
1253 5781 1507 5839 voluntas
1547 5789 1629 5840 cst
1679 5784 1734 5839 in
1778 5785 2016 5842 homine.

2126 4593 2350 4662 λογικῆς
2381 4591 2565 4661 ἔφεσις
2594 4588 2729 4660 πρὸς
2754 4587 2814 4640 τὸ
2839 4585 3199 4656 καταθύμιον.
3231 4585 3346 4638 Πᾶν
3371 4582 3480 4653 γὰρ
3509 4583 3727 4654 νοερὸν,

2127 4684 2415 4757 πρόδηλον,
2460 4685 2543 4737 ὃτι
2592 4683 2687 4735 καὶ
2733 4680 3014 4750 θελητικὸν
3052 4679 3323 4750 ὑπάρχει·
3366 4676 3579 4747 θέλημα
3609 4676 3729 4749 γάρ

2125 4778 2366 4847 λέγεται,
2402 4773 2546 4829 κατὰ
2576 4773 2636 4827 τὸ
2679 4771 2822 4825 Θέειν
2855 4772 2999 4834 λίαν,
3029 4771 3063 4841 ἢ
3094 4770 3188 4823 τοῦ
3223 4767 3448 4838 θελητοῦ
3495 4768 3725 4839 λῆμμα,

2125 4871 2157 4940 ἢ
2193 4869 2269 4932 ὡς
2300 4868 2577 4939 κράτημα.
2606 4864 2822 4935 Τριχῶς
2846 4862 2899 4915 δὲ
2934 4862 3220 4933 θεωρεῖται
3251 4862 3313 4914 τὸ
3339 4860 3573 4931 θέλημα,
3610 4859 3728 4913 θεῖ-

2127 4963 2242 5026 κὸν,
2286 4956 2600 5028 ἀγγελικὸν,
2632 4955 2727 5009 καὶ
2759 4953 3020 5023 ψυχικόν·
3065 4951 3254 5022 ἐπειδὴ
3286 4943 3447 5004 αὗται
3479 4951 3536 5002 at
3567 4952 3729 5021 τρεῖς

2126 5050 2317 5121 φύσεις
2350 5049 2509 5119 μόναι
2550 5045 2657 5100 εἰσὶ
2706 5042 3009 5113 θελητικαί.
3060 5040 3277 5112 Τριχῶς
3314 5040 3372 5093 δέ
3411 5040 3507 5092 καὶ⁹
3552 5040 3614 5093 ἐν
3652 5042 3724 5110 τῇ

2124 5143 2314 5213 Γραφῇ
2356 5138 2684 5209 εὑρίσκομεν
2722 5135 2785 5188 τὸ
2816 5133 3032 5205 θέλημα
3069 5133 3387 5202 λεγόμενον,
3423 5130 3628 5195 θεῖκὸν,
3656 5131 3725 5183 τὸ

2125 5231 2410 5304 φυσικὸνῆ
2456 5230 2516 5283 τὸ
2568 5229 2751 5299 μέσον,
2801 5228 2894 5281 καὶ
2922 5226 3106 5298 τρίτον
3139 5225 3202 5277 τὸ
3249 5222 3528 5294 σαρκικὺν,
3579 5222 3724 5293 ὅπερ

2127 5324 2379 5396 σημαίνει
2404 5321 2463 5374 τὸ
2496 5317 2817 5374 διαϐολικόν.
2854 5316 2992 5387 Θέλη
3003 5333 3077 5387 μα
3112 5313 3253 5367 θεῖόν
3282 5313 3399 5366 ἐστι
3432 5310 3502 5364 τά
3543 5327 3722 5380 προσ-

2122 5416 2380 5485 τάγματα
2402 5412 2497 5466 τοῦ
2518 5411 2673 5465 Θεοῦ.
2701 5410 2839 5479 Θέλη
2851 5426 2926 5479 μα
2953 5408 3008 5462 δέ
3032 5405 3257 5478 φυσικὸν
3285 5406 3319 5475 ἡ
3346 5403 3579 5475 ἐργασία
3622 5402 3722 5456 τοῦ

2122 5504 2259 5558 Θεοῦ
2286 5504 2608 5574 θελήματος.
2635 5502 2774 5573 Θέλη
2784 5519 2858 5572 μα
2883 5500 2941 5553 δὲ
2971 5496 3237 5569 σαρκικὸν
3259 5499 3292 5567 ἡ
3329 5494 3585 5566 παρακοὴ
3618 5493 3719 5547 τοῦ

2123 5599 2269 5653 θείου
2300 5600 2488 5671 νόμου.
2536 5597 2725 5651 Ταῦτα
2762 5594 2830 5648 τά
2864 5594 2990 5665 τρία
3023 5590 3306 5663 θελήματά
3346 5589 3484 5641 είσιν
3528 5588 3588 5640 ἐν
3635 5586 3722 5657 τῷ

2123 5691 2414 5765 ἀνθρώπῳ.
2450 5689 2682 5744 Ἔστιδέ
2713 5688 2808 5741 καὶ
2842 5686 3028 5758 ἕτερον
3055 5684 3264 5756 θέλημα
3297 5681 3546 5754 φυσικὸν,
3575 5680 3721 5752 ὅπερ

2122 5784 2343 5854 λέγεται
2390 5783 2566 5838 κοινὸν
2610 5782 2777 5836 πᾶσιν
2822 5779 3155 5850 ἀνθρώποις.
3196 5777 3366 5832 Τοῦτο
3404 5775 3459 5829 δέ
3505 5777 3627 5830 ἐστι
3654 5776 3719 5829 τὺ
