3840 6194
228 258 333 315 ειι

1439 260 1647 315 LIBER
1689 260 1779 317 DE
1819 262 2396 322 DEFINITIONIBUS.

3406 262 3512 319 549..

227 374 519 442 φιλόζωον.
571 375 782 439 Πάντες
836 375 946 446 γὰρ
997 377 1047 428 οἱ
1101 374 1377 447 ἄνθρωποι
1460 377 1674 446 φιλοῦσι
1731 379 1788 431 τὶ

1932 378 2030 435 Est
2054 382 2216 436 etiam
2244 381 2351 435 alia
2383 381 2650 436 naturalis
2683 379 2956 439 voluntas,
2982 393 3103 448 quae
3133 377 3334 433 dicitur
3361 395 3512 435 com-

226 465 395 536 ζωὴν,
430 466 531 518 καὶ
569 466 632 518 τὸ
677 467 813 537 ὁρᾷν
853 466 915 518 τὸ
957 466 1092 535 φῶς.
1133 466 1265 519 Ἰδοὺ
1305 467 1401 520 xa‘t
1431 467 1494 520 τὸ
1534 468 1712 521 κοινὸν
1746 467 1828 520 θέ-

1928 473 2113 528 munis
2133 474 2389 527 omnibus
2414 474 2747 536 hominibus,
2768 486 2889 541 quae
2915 479 2999 526 est
3021 486 3176 525 amor
3204 471 3346 526 vitae.
3371 470 3509 526 Nam

223 558 397 629 λημα.
430 559 559 611 Εἰσὶ
584 558 641 611 δὲ
672 559 769 612 καὶ
797 559 961 628 ἕτερα
998 557 1279 629 θελήματα
1302 560 1361 612 ὲν
1386 560 1538 629 ἡμῖν,
1562 559 1705 629 ἀπερ
1727 576 1788 612 κο

1927 576 2117 618 omnes
2154 563 2405 619 homines
2437 563 2603 617 vitam
2648 569 2876 627 amant,
2932 561 3268 631 cupiuntque
3324 561 3509 615 videre

223 648 451 701 λοῦνται
496 648 775 718 γνωμικά.
807 647 1000 711 Ἀλλος
1048 647 1145 717 μὲν
1189 647 1299 720 γὰρ
1351 647 1633 717 ἄνθρωπος
1681 648 1823 701 θέλει

226 738 478 803 ίδιάζειν,
516 739 677 802 ἄλλος
708 741 1003 809 γεωργεῖν·
1034 739 1130 792 καὶ
1160 738 1318 803 ἄλλος
1356 738 1455 809 μὲν
1494 738 1697 799 πλέειν,
1727 738 1823 791 ἆλ-

220 831 311 894 λος
335 831 396 884 δὲ
426 831 830 893 ἀναπαύεσθαι,
856 831 952 883 καὶ
986 830 1144 894 ἄλλος
1180 830 1405 894 ὁδεύειν,
1430 830 1587 893 ἄλλος
1615 846 1821 900 γρηγο-

223 926 363 993 ρείν,
398 924 498 975 καὶ
528 922 688 987 ἄλλος
721 921 943 984 ὑπνοῢν,
971 922 1067 975 καὶ
1093 922 1143 975 οἱ
1181 921 1356 975 λοιποὶ
1384 919 1583 991 ὁμοίως
1603 937 1615 949 ·
1646 918 1819 972 πολλά

218 1015 483 1085 γνωμικά
547 1002 831 1085 θελήματα
886 1013 1086 1084 ἔχομεν
1146 1014 1195 1064 οἱ
1260 1010 1555 1082 ἄνθρωποι.
1615 1010 1710 1061 ’Ἑν
1759 1008 1816 1062 δὲ

220 1109 457 1175 φυσικὸν
512 1106 722 1178 θέλημα
772 1105 972 1177 ἔχομεν
1037 1106 1257 1169 πάντες,
1314 1104 1378 1157 τὸ
1437 1104 1657 1174 ἀγαπᾷν
1714 1101 1813 1174 τὴν

221 1199 391 1270 ζωὴν,
427 1200 548 1270 ἦτοι
588 1199 687 1269 τὴν
712 1198 1028 1262 ἀθανασίαν,
1061 1198 1127 1269 ἣν
1153 1196 1417 1267 ἐλάϐομεν
1454 1195 1515 1262 ἐξ
1540 1195 1737 1268 ἀρχῆς.

215 1295 457 1348 turalem
518 1308 711 1348 omnes
757 1293 1106 1362 accepimus,

215 1394 388 1464 cipio.

642 1532 730 1587 lll.
793 1535 854 1587 Τί
876 1532 1113 1605 λέγεται
1142 1533 1370 1604 ἰδίωμα.

293 1688 523 1761 ’ἰδίωμα
547 1689 765 1758 λέγεται
802 1688 888 1743 διὰ
913 1689 971 1742 τὸ
1018 1688 1125 1742 ἴδια
1153 1683 1291 1741 εἶναι
1331 1687 1447 1758 ἅμα
1464 1701 1478 1715 ⁸
1506 1685 1797 1758 ἀχώριστοι

1923 654 2125 708 lucem.
2161 653 2229 706 Et
2260 655 2374 710 hinc
2402 662 2487 709 est
2517 655 2829 710 communis
2862 656 3140 709 voluntas.
3175 654 3314 707 Sunt
3340 655 3505 708 etiam

1922 747 1979 799 in
2011 744 2173 799 nobis
2205 745 2313 798 alia
2338 745 2637 800 voluntatis
2666 760 2889 815 genera,
2921 758 3043 814 qua
3070 744 3330 798 dicuntur
3359 743 3506 797 arbi-

1921 835 2034 889 trii.
2077 834 2213 888 Nam
2244 836 2385 890 alius
2422 836 2535 889 vult
2560 836 3044 905 vivere.privatus,
3075 836 3217 890 alius
3240 837 3501 896 rusticus,

1920 933 1975 980 et
2008 926 2148 980 alius
2173 927 2434 996 navigare
2458 966 2473 990 ,
2511 927 2652 982 alius
2691 943 2822 981 vero
2870 927 2978 981 frui
3013 928 3226 996 quiete.
3277 936 3330 982 et
3364 928 3503 981 alius

1920 1019 2282 1088 peregrinari,
2319 1020 2460 1074 alius
2490 1020 2713 1090 vigilare
2739 1026 2794 1074 et
2830 1019 2972 1074 alius
3001 1000 3241 1074 dormire
3269 1038 3282 1073 :
3314 1026 3369 1073 et
3401 1033 3506 1072 ca:-

1921 1110 2023 1164 teri
2059 1109 2331 1176 similiter,
2363 1111 2505 1165 alius
2538 1111 2653 1165 vult
2686 1110 2869 1164 aliud:
2909 1125 3037 1164 nam
3079 1111 3279 1164 multas
3309 1110 3475 1163 volun

1916 1203 2056 1250 tates
2090 1197 2304 1250 arbitrii
2338 1198 2626 1253 habemus.
2681 1198 2854 1253 Unam
2888 1214 3017 1254 vero
3043 1200 3373 1254 voluntatem
3405 1213 3501 1253 na-

1184 1306 1382 1363 nempe
1436 1304 1622 1345 amare
1686 1290 1891 1354 vitam,
1956 1304 2054 1344 seu
2119 1292 2616 1360 immortalitatem,
2666 1309 2831 1365 quam
2893 1295 3205 1365 accepimus
3268 1311 3300 1350 a
3353 1295 3504 1367 prin-

2190 1526 2350 1597 196
2381 1523 2471 1579 Ill.
2511 1524 2652 1591 Quid
2682 1524 2878 1578 dicitur
2910 1526 3227 1594 proprietas.

1976 1683 2205 1749 ldioma,
2245 1698 2341 1738 seu
2371 1683 2678 1753 proprietas
2710 1681 2945 1743 dicitur,
3005 1682 3093 1737 διὰ
3126 1681 3187 1734 τὸ
3219 1681 3325 1735 ῐδια
3357 1677 3496 1735 εἶναι

210 1783 322 1853 γάρ
349 1783 463 1833 είσι
493 1780 603 1833 τῶν
631 1780 848 1850 φύσεων
888 1780 983 1832 xai.
1010 1778 1121 1833 τῶν
1156 1780 1512 1833 ὑποστάσεων
1546 1780 1602 1831 αἰ
1636 1777 1788 1830 αὑτῶε

1916 1776 2055 1846 ἅμα,
2084 1777 2207 1830 ideo
2241 1776 2387 1846 quod
2445 1776 2609 1830 simul
2659 1776 2768 1830 sint
2820 1777 3060 1847 propria.
3098 1775 3496 1846 lnseparahiles

213 1870 502 1941 ἰδιότητες.
538 1868 757 1939 Ἰδίωμά
793 1871 907 1922 ἐστι
944 1869 1006 1922 τὸ
1035 1867 1092 1921 ἐν
1129 1885 1234 1923 τινι
1270 1867 1429 1938 φύσει
1461 1867 1643 1930 ιδικῶς
1665 1884 1806 1936 γνω-

213 1960 504 2032 ριζόμενον
539 1961 634 2014 καὶ
672 1963 730 2014 ὲν
780 1961 946 2031 ἑτέρᾳ
994 1960 1068 2031 μὴ
1119 1961 1528 2032 εὑρισκόμενον.
1581 1954 1705 2013 Οἷόν
1752 1976 1804 2012 τι

206 2052 354 2121 λέγω
377 2071 391 2083 ·
410 2055 502 2106 Ἑν
532 2052 611 2123 τῷ
636 2051 755 2123 Θεῷ
771 2054 888 2104 ἐστι
903 2051 965 2104 τὸ
986 2050 1335 2123 προαιώνιον,
1368 2051 1428 2105 τὸ
1442 2052 1713 2115 ἄκτιστον,
1743 2049 1805 2103 τὸ

205 2146 312 2198 ἀπε
319 2146 648 2216 ρίγραπτον,
666 2143 822 2199 ἅτινα
833 2145 929 2214 οὐχ
945 2143 1192 2214 ⁹ὂπέιρχου
1199 2160 1281 2196 σιν
1295 2145 1352 2196 ὲν
1362 2142 1495 2213 ἄλλη
1507 2142 1594 2213 οἵᾳ
1606 2141 1802 2213 δήποτε

204 2239 384 2309 οὐσίᾳ.
407 2238 632 2308 Ἱδίωμά
648 2239 764 2289 ἐστι
783 2240 894 2299 τοῖς
912 2236 1167 2305 ἀγγέλοις
1185 2236 1246 2288 τδ
1263 2235 1472 2298 ἀπαθὲς
1489 2236 1581 2288 καὶ
1597 2235 1800 2288 ἀθάνα-

206 2346 318 2393 τον,
336 2330 439 2381 τὸῠ
449 2328 793 2398 μνολογικὸν,
811 2327 872 2380 τὸ
886 2326 1169 2397 ἀσίγητον.
1202 2326 1419 2397 Ἰδίωμα
1435 2326 1490 2379 δὲ
1512 2324 1799 2396 ἀνθρώπου

204 2420 416 2490 κυρίως
431 2419 497 2473 τὸ
523 2418 776 2472 σύνθετον
804 2420 868 2471 ὲκ
897 2416 1102 2488 Θνητῆς
1136 2417 1231 2471 καὶ
1268 2417 1537 2471 ἀθανάτου
1565 2417 1797 2486 φύσεως.

204 2513 262 2565 ἐν
288 2510 429 2584 ἄλλῃ
443 2511 533 2583 οἵᾳ
548 2511 749 2582 δήποτε
768 2510 926 2580 οὐσίᾳ
945 2508 1019 2580 μὴ
1050 2508 1472 2580 γνωριζόμενον.
1488 2509 1599 2561 Καὶ
1629 2507 1800 2560 ταῦτα

208 2602 310 2671 μέν
332 2604 444 2654 εἰσι
462 2601 670 2671 φυσικά
692 2601 979 2672 ἰδιώματα·
1006 2601 1092 2653 ’έτε
1102 2617 1170 2671 ρα
1188 2600 1283 2653 καὶ
1300 2598 1660 2664 ὑποτακτικὰ,
1687 2593 1798 2651 οἷον

201 2693 497 2765 λευκότης,
550 2693 802 2765 μελανία,
849 2692 1150 2764 μακρότης,
1203 2691 1513 2760 κολοϐότης,
1562 2690 1798 2758 γλαυκό-

203 2802 326 2855 της,
359 2785 655 2856 γοργὸτης,
687 2784 983 2855 νωθρότης,
1015 2785 1109 2837 καὶ
1140 2783 1207 2837 τὰ
1237 2784 1397 2854 ὃμοια
1428 2783 1567 2854 ἅπερ
1597 2783 1703 2836 ,οὐκ
1740 2783 1798 2834 ἐν

205 2878 376 2928 πᾶσιν
414 2873 728 2946 ἀνθρώποις
759 2873 1120 2944 εὑρίσκονται.
1154 2874 1228 2927 Οὐ
1256 2872 1363 2943 γὰρ
1393 2872 1590 2936 πάντες
1625 2873 1673 2925 ot
1704 2872 1797 2926 ἄν-

204 2967 419 3039 θρωποι
453 2967 668 3038 γοργοὶ,
711 2967 831 3020 οὐδὲ
873 2968 1075 3029 πάντες
1119 2965 1325 3032 ξανθοί.
1371 2964 1453 3018 Τὰ
1494 2966 1549 3018 δὲ
1594 2964 1798 3035 φυσικὰ

207 3059 483 3129 ἰδιώματα
511 3057 570 3124 ἐξ
601 3058 717 3110 ῐσου
754 3056 848 3110 καὶ
877 3059 933 3110 ὲν
958 3056 1123 3110 παντὶ
1146 3057 1223 3127 τῷ
1257 3055 1384 3109 εἴδει
1418 3056 1791 3126 εὐρίσκονται-’

1908 1867 2057 1921 enim
2095 1877 2225 1922 sunt
2258 1883 2290 1921 a
2324 1868 2441 1923 suis
2480 1868 2695 1923 naturis
2727 1875 2781 1920 et
2812 1868 3202 1939 hypostasibus
3247 1868 3496 1937 proprie-

1903 1964 2052 2011 tates
2084 1958 2350 2027 ipsarum.
2389 1956 2703 2028 Proprietas
2733 1967 2838 2026 est,
2871 1960 3014 2029 quod
3068 1959 3124 2013 in
3175 1959 3356 2028 aliqua
3402 1974 3497 2012 na-

1905 2055 2030 2102 tura
2059 2050 2280 2119 proprie
2310 2049 2682 2119 cognoscitur,
2713 2050 2843 2105 etin
2881 2050 2985 2103 alia
3014 2051 3164 2104 nulla
3196 2051 3490 2120 reperitur.

1902 2140 2151 2210 Exempli
2193 2154 2383 2203 causa,
2410 2140 2463 2193 in
2492 2139 2602 2194 Deo
2627 2148 2729 2207 est,
2758 2141 2902 2210 quod
2934 2143 3005 2196 sit
3053 2148 3178 2195 ante
3227 2142 3496 2195 aeternita-

1899 2240 2008 2285 tem
2039 2240 2369 2301 temporum,
2403 2231 2682 2286 increatus
2709 2240 2764 2286 et
2794 2233 3114 2295 immensus,
3149 2248 3271 2301 quae
3302 2234 3355 2286 in
3383 2232 3491 2286 alia

1898 2324 2050 2377 nulla
2073 2338 2304 2391 usquam
2332 2332 2461 2378 sunt
2501 2323 2833 2378 substantia.
2870 2322 3202 2393 Angelorum
3242 2324 3490 2393 proprie-

1896 2422 1982 2469 tas
2015 2420 2120 2481 est,
2152 2413 2298 2483 quod
2337 2413 2623 2469 affectibus
2656 2415 2975 2484 passionum
3007 2423 3235 2469 careant
3271 2422 3327 2469 et
3374 2416 3489 2470 sint

1898 2505 2260 2571 immortales,
2279 2507 2425 2577 quod
2455 2506 2622 2561 Deum
2652 2505 2906 2562 laudibus
2940 2507 3239 2573 celebrent,
3272 2515 3327 2561 et
3350 2523 3489 2561 nun-

1899 2614 2060 2668 quam
2088 2600 2304 2655 sileant.
2338 2599 2647 2669 Proprietas
2672 2615 2804 2655 vero
2834 2600 3075 2654 hominis
3106 2610 3212 2664 est,
3239 2600 3389 2669 quod
3406 2596 3483 2654 ’ex

1898 2692 2116 2746 mortali
2161 2699 2215 2747 et
2269 2692 2565 2745 immortali
2596 2700 2793 2745 natura
2827 2693 3167 2758 compositus
3211 2693 3304 2756 sit,
3339 2693 3487 2761 quod

1898 2784 1952 2837 iu
1979 2783 2083 2838 alia
2115 2783 2262 2837 nulla
2294 2799 2523 2852 usquam
2550 2783 2856 2839 substantia
2885 2784 3175 2852 reperitur.
3204 2783 3380 2853 Atque
3406 2783 3488 2838 hae

1897 2875 2118 2944 quidem
2156 2882 2283 2929 sunt
2306 2876 2673 2944 proprietates
2705 2875 3003 2929 naturales.
3040 2874 3173 2929 Aliae
3202 2884 3333 2929 sunt
3361 2877 3488 2930 sub—

1898 2969 2183 3029 ordinatae,
2220 2975 2281 3020 ut
2314 2967 2531 3032 albedo,
2562 2968 2825 3038 nigredo,
2866 2968 3174 3038 longitudo,
3201 2968 3442 3023 brevitas
3467 3011 3484 3034 ,

1898 3059 2044 3113 ca‘sii
2074 3065 2168 3112 aut
2202 3057 2337 3111 torvi
2370 3058 2514 3111 oculi
2536 3097 2552 3122 ,
2595 3057 2847 3117 tarditas,
2880 3065 2935 3110 et
2962 3058 3188 3119 similia,
3221 3073 3343 3128 quae
3375 3075 3485 3113 non

204 3153 412 3215 πάντες
438 3151 551 3221 γὰρ
576 3153 623 3203 οἱ
647 3150 921 3222 ἄνθρωποι
954 3150 1132 3223 βροτοὶ
1161 3151 1360 3221 ὁμοίως
1387 3151 1513 3213 εἰσὶ,
1546 3151 1640 3203 καὶ
1669 3149 1788 3221 θνη-

1906 3151 1951 3204 ἱη
1984 3151 2242 3205 omnibus
2266 3149 2581 3204 hominibus
2613 3149 2987 3219 reperiuntur.
3019 3148 3137 3204 Non
3186 3151 3332 3205 enim
3371 3166 3487 3203 om-

201 3245 309 3307 τοὶ,
352 3243 587 3312 λογικοὶ,
635 3242 1016 3313 πλατυόνυχοι,
1063 3241 1633 3314 ὀρθοπεριπατητικοί.
1675 3241 1796 3294 Etsi.

201 3337 258 3389 δὲ
311 3336 409 3389 καὶ
452 3335 638 3406 ἕτερα,
681 3335 824 3406 ἅπερ
874 3336 935 3388 οὐ
981 3334 1230 3401 λέγονται
1263 3333 1469 3404 κυρίως
1511 3331 1792 3404 ἰδιώματα,

201 3427 342 3480 ἀλλὰ
373 3426 784 3498 συμϐεϐηκότα.
821 3425 1004 3479 Ταῦτα
1033 3425 1089 3478 δὲ
1115 3425 1354 3494 γίνονται
1390 3426 1484 3478 xai.
1517 3424 1798 3492 ἀπογίνον-

200 3534 326 3569 ται·
357 3511 475 3569 οἷον
508 3518 542 3586 ἡ
571 3517 856 3587 νηπιότης,
884 3517 917 3587 ἡ
944 3515 1123 3583 ὑγεία,
1162 3516 1196 3586 ἡ
1220 3515 1395 3580 νόσος,
1425 3517 1458 3585 ἡ
1501 3514 1795 3586 θερμότης,

197 3612 232 3678 ἡ
264 3607 577 3678 ψυχρότης·
607 3608 701 3660 καὶ
743 3606 928 3670 ἁπλῶς
962 3607 1070 3659 πᾶν
1099 3606 1160 3659 τὸ
1194 3604 1606 3677 παραλλαγῆναι
1647 3604 1799 3658 δυνά-

202 3717 368 3769 μενον
399 3698 749 3769 συμϐεϐηκὸς
779 3697 1017 3765 λέγεται.

1893 3258 1992 3297 nes
2027 3242 2277 3297 homines
2327 3250 2457 3297 sunt
2502 3243 2675 3297 torvis
2726 3242 2940 3304 oculis,
2977 3256 3080 3296 nec
3113 3256 3303 3296 omnes
3356 3250 3486 3297 sunt

1893 3332 2039 3388 flavi.
2069 3333 2356 3390 Naturales
2388 3340 2570 3388 autem
2618 3334 2979 3404 proprietates
3009 3333 3212 3401 pariter
3242 3334 3298 3388 in
3331 3336 3484 3388 omni

1894 3425 2079 3494 specie
2133 3426 2522 3494 reperiuntur:
2561 3439 2690 3479 nam
2749 3440 2941 3480 omnes
2976 3424 3230 3479 homines
3278 3426 3488 3496 pariter

1893 3516 2306 3586 corruptibiles,
2334 3524 2464 3572 sunt
2479 3515 2757 3579 mortales,
2779 3515 3095 3580 rationales,
3120 3516 3260 3570 latos
3278 3531 3487 3585 ungues

1903 3607 2166 3663 habentes
2200 3614 2255 3663 et
2284 3606 2597 3663 incedentes
2620 3613 2804 3661 erecto
2825 3621 3076 3677 corpore.
3110 3605 3251 3660 Sunt
3303 3616 3486 3661 autem

1901 3705 1955 3753 et
1985 3699 2109 3763 alia,
2139 3713 2261 3767 quae
2280 3714 2389 3752 non
2413 3697 2634 3767 praprie
2662 3695 2921 3750 dicuntur
2954 3696 3237 3760 idiomata,
3266 3697 3361 3752 sed
3389 3713 3484 3752 ac-

198 3793 467 3856 cidentia,
502 3806 625 3860 quae
676 3791 877 3845 adsunt
924 3790 1248 3845 substantiae
1298 3797 1354 3845 et
1398 3788 1704 3855 recedunt;
1739 3796 1800 3843 ut
1842 3789 2096 3855 infantia,
2132 3791 2360 3857 sanitas,
2413 3791 2662 3854 morbus,
2715 3789 2990 3849 caliditas.
3037 3789 3351 3860 frigiditas:
3384 3788 3482 3843 de—

198 3887 367 3955 nique
395 3883 668 3955 quidquid
700 3883 902 3937 mutari
938 3891 1140 3955 potest,
1167 3884 1493 3953 contingens
1531 3881 1614 3937 vel
1637 3881 1895 3937 accidens
1926 3882 2150 3937 dicitur.

687 4034 777 4090 IV.
816 4036 956 4105 Περὶ
981 4037 1308 4108 ἐνεργείας.

278 4193 573 4265 Ἐνέργειά
612 4195 752 4256 ἐστι,
794 4194 936 4249 καθά
974 4212 1139 4266 φησιν
1184 4197 1212 4249 ὁ
1247 4193 1401 4264 am;
1437 4195 1732 4268 Γρηγόριος
1765 4198 1793 4250 ὁ

197 4281 445 4353 Νὑσσης,
480 4285 513 4352 ἡ
550 4285 755 4357 φυσική
790 4284 1023 4339 ἑκάστου
1055 4285 1286 4356 δύναμίς
1318 4304 1378 4339 τε
1422 4288 1516 4340 καὶ
1556 4289 1788 4359 κίνησις.

2420 4034 2508 4089 ιν.
2550 4033 2626 4088 De
2667 4036 2716 4087 vi
2755 4034 2965 4105 agendi.

1965 4189 2061 4247 Vis
2099 4191 2331 4261 agendi,
2385 4191 2847 4261 quemadmodum
2904 4196 3133 4246 sanctus
3183 4186 3484 4259 Gregorius

1892 4280 2173 4353 Nyssenus
2217 4282 2414 4353 inquit,
2448 4291 2534 4338 est
2572 4281 2840 4338 naturalis
2874 4280 3145 4349 cujusque
3176 4278 3254 4333 rei
3284 4286 3480 4348 poten-

196 4374 307 4427 Καὶ
358 4375 474 4443 γάρ
516 4373 748 4428 ἕκαστον
797 4376 1054 4439 οὐσιῶδες
1094 4376 1205 4447 ἔχει
1246 4376 1346 4448 τὴν
1389 4377 1583 4431 ἑαυτοῦ
1635 4380 1788 4451 ἐνέρ-

1906 4375 1971 4427 iia
2000 4381 2055 4429 et
2081 4381 2289 4429 motus.
2316 4373 2451 4427 Nam
2476 4374 2709 4445 quodvis
2742 4372 3040 4429 essentiale
3070 4413 3086 4437 ,
3132 4386 3287 4426 suam
3319 4370 3482 4424 habet

195 4481 382 4532 γειανο
419 4459 533 4517 οἷον
562 4465 631 4518 τὰ
670 4466 832 4538 νοερά
861 4468 962 4540 τὴν
1006 4469 1212 4538 νόησιν,
1255 4470 1324 4523 τὰ
1368 4471 1660 4542 αἰσθητικά
1690 4474 1788 4544 τὴν

194 4556 474 4627 αἴσθησιν,
523 4556 591 4609 τὰ
635 4558 832 4628 κινητὰ
875 4559 976 4629 τὴν
1025 4558 1257 4630 κίνησιν,
1299 4560 1369 4614 τὰ
1420 4562 1640 4616 πετεινά
1690 4564 1789 4634 τὴν

196 4648 418 4717 πτῆσιν,
450 4648 521 4702 τὰ
562 4649 735 4718 νηκτὰ
762 4649 860 4721 τὴν
897 4650 1071 4721 νῆξιν,
1107 4651 1175 4704 τὰ
1217 4651 1484 4722 βλαστικὰ
1519 4653 1618 4725 τὴν
1664 4654 1791 4726 βλά-

197 4755 412 4810 στησιν,
452 4739 522 4792 τὰ
570 4739 879 4812 ἐρπυστικά
923 4742 1024 4811 τὴν
1068 4740 1324 4813 ἓρπυσιν,
1371 4744 1442 4797 τὰ
1488 4746 1791 4814 φωτιστικά

194 4830 287 4902 τὴν
319 4831 613 4902 ἔλλαμψιν,
642 4833 710 4886 τὰ
742 4834 1037 4904 γεννητικὰ
1059 4834 1156 4905 τὴν
1186 4835 1438 4906 γέννησιν
1463 4854 1476 4867 ·
1513 4837 1656 4909 ἅπερ
1687 4837 1792 4891 πά-

191 4921 305 4987 λιν,
360 4922 769 4994 ἀναιρουμένης
822 4926 923 4995 τῆς
978 4925 1283 4997 ἐνεργείας,
1340 4930 1640 5000 ἀναιρεῖται
1698 4932 1792 4983 καὶ

194 5014 495 5067 ἀπόλλυται
517 5018 614 5068 καὶ
639 5018 671 5086 ή
701 5017 865 5069 αὑτοῦ
890 5017 1072 5087 φύσις.
1114 5016 1538 5092 Ἀναιρουμένηὶς
1565 5023 1672 5094 γὰρ
1694 5025 1793 5093 τῆς

195 5104 468 5170 καύσεως,
506 5104 795 5159 σϐέννυται
817 5106 878 5159 τὸ
906 5107 1017 5179 πῦρ
1042 5124 1054 5137 ·
1081 5108 1484 5182 ἀναιρουμένης
1513 5112 1611 5183 τῆς
1637 5113 1792 5184 κινή-

195 5211 331 5257 σεως
371 5193 471 5247 τοῦ
508 5193 672 5260 ζώου,
719 5197 1018 5251 ἀπόλλυται
1053 5195 1224 5262 ζῶον·
1270 5201 1667 5273 ἀναιρουμένης
1695 5204 1794 5275 τῆς

192 5290 457 5355 νοήσεως,
503 5286 808 5341 ἀπόλλυται
842 5290 903 5342 τὸ
930 5290 1115 5360 νοερὸν
1146 5292 1246 5361 τῆς
1280 5291 1458 5363 ψυχῆς
1492 5294 1587 5346 καὶ
1617 5294 1676 5347 τὸ
1704 5294 1795 5346 λο-

191 5376 350 5442 γικὸν
385 5375 582 5447 αὐτῆς.
606 5377 682 5429 Τὸ
708 5376 764 5429 δὲ
793 5379 1115 5449 παράδοξον,
1142 5381 1223 5433 ὅτι
1261 5381 1355 5434 καί
1381 5398 1527 5445 τινες
1552 5383 1795 5454 διάφοροι

191 5468 387 5539 φύσεις
429 5470 798 5541 στερούμεναιμ
822 5472 931 5524 τῶν
964 5471 1211 5541 φυσικῶν
1256 5474 1547 5544 ἐνεργειῶν
1588 5475 1790 5544 αὐτῶν,

189 5562 390 5635 ἑτέρας
424 5563 712 5634 ἐνεργείας
743 5562 1035 5619 τίκτουσιν.
1070 5559 1194 5618 Οἶον
1234 5569 1262 5619 ὁ
1290 5566 1436 5629 λίθος
1471 5568 1782 5638 καιόμενος,

192 5656 287 5709 καὶ
348 5656 616 5709 ἀπόλλυσι
664 5655 762 5727 τὴν
806 5658 1038 5729 φυσικὴν
1087 5659 1385 5730 ἐνεργείαν.
1442 5660 1536 5715 καὶ
1582 5660 1794 5729 γίνεται

1890 4464 2185 4522 efficaciam
2215 4485 2229 4521 :
2266 4466 2475 4521 scilicet
2517 4465 2907 4520 intellectualia
2939 4462 3309 4533 intelligendi,
3357 4477 3486 4516 sen-

1891 4558 2073 4612 sibilia
2104 4558 2396 4619 sentiendi,
2422 4557 2643 4612 mobilia
2672 4556 2946 4622 movendi,
2969 4555 3215 4610 volatilia
3236 4553 3481 4619 volandi,

1892 4651 2137 4704 natatilia
2182 4651 2426 4712 natandi,
2461 4650 2705 4718 germina
2739 4648 3104 4720 germinandi,
3133 4646 3346 4715 reptilia
3396 4660 3486 4700 re-

1892 4743 2101 4811 ptandi,
2141 4743 2377 4797 lucentia
2409 4742 2670 4807 lurendi,
2716 4748 2771 4795 et
2820 4741 3134 4811 generativa
3185 4735 3482 4808 generandi

1890 4835 2001 4889 vim
2036 4835 2260 4890 habent.
2288 4833 2345 4888 In
2376 4835 2579 4904 quibus
2616 4835 2795 4888 ablata
2818 4834 2872 4887 vi
2901 4834 2990 4886 illa
3020 4831 3238 4901 agendi,
3269 4829 3480 4883 tollitur

1893 4937 1946 4982 et
1974 4927 2161 4983 interit
2213 4926 2332 4998 ipsa
2367 4928 2444 4982 rei
2480 4935 2699 4981 natura.
2745 4926 2975 4979 Sublato
3009 4939 3244 4992 namque
3277 4921 3481 4985 calore,

1893 5020 2055 5075 etiam
2098 5020 2238 5091 ignis
2288 5020 2692 5089 exstinguitur;
2738 5019 2953 5073 sublato
3003 5017 3255 5071 animalis
3291 5022 3479 5075 motu,

1896 5112 2094 5166 animal
2125 5112 2346 5177 interit;
2384 5112 2595 5165 sublata
2640 5112 2692 5164 vi
2728 5110 3085 5180 intelligendi,
3151 5109 3348 5161 animae
3398 5107 3483 5160 in-

1897 5206 2023 5256 terit
2041 5204 2346 5257 intellectus
2364 5212 2418 5257 et
2445 5202 2606 5256 ratio.
2630 5201 2743 5255 Hoc
2768 5209 2949 5257 autem
2977 5199 3363 5254 admirandum
3397 5206 3484 5252 est

1897 5292 2043 5363 quod
2073 5293 2382 5347 differentes
2419 5293 2667 5362 quaedam
2708 5300 2916 5346 naturae
2967 5291 3082 5347 suis
3136 5289 3479 5345 naturalibus

1898 5384 2207 5438 actionibus
2258 5383 2505 5455 privata,
2538 5384 2699 5436 aliam
2743 5381 3013 5436 efﬁciendi
3049 5382 3155 5435 vim
3191 5385 3473 5451 generant.

1897 5475 2077 5531 Veluti
2109 5475 2248 5545 lapis
2283 5475 2511 5531 adustus
2532 5475 2834 5530 naturalem
2857 5488 3013 5529 suam
3034 5475 3145 5529 vim
3182 5471 3402 5531 amittit,
3422 5477 3477 5522 et

1899 5569 2016 5623 calx
2036 5567 2283 5633 edicitur,
2301 5575 2465 5639 atque
2480 5567 2587 5622 vim
2612 5565 2874 5621 adurendi
2901 5565 3119 5622 retinet.
3136 5563 3336 5630 Eodem
3354 5575 3476 5615 mo-

1901 5661 1970 5715 do
1999 5660 2214 5727 cedrus,
2234 5660 2435 5715 amissa
2464 5659 2511 5714 vi
2546 5656 3153 5732 germinandi,-sanandi
3177 5653 3476 5712 efﬁcaciam
