3840 6194
384 251 495 313 313

1566 258 2139 322 5.ἈΤΙΙΔΝΑ811.]8.
2177 298 2246 312 -—
2281 262 2577 324 SPURIA.‘

3557 274 3670 329 5η

386 372 609 442 accipit,
642 378 696 428 et
731 388 946 429 vermes
984 374 1171 432 baccis
1224 376 1342 433 suis
1396 377 1693 435 interfecit.
1756 379 1976 452 Oportet

2086 384 2367 450 ἄσϐεστος,
2403 388 2498 441 καὶ
2534 387 2831 459 καυστικὴν
2873 388 3155 460 ἐνέργειαν
3180 388 3460 460 κέκτηται.
3491 392 3605 444 Καὶ
3631 393 3668 461 ἡ

388 464 575 535 igitur,
611 473 670 520 ut
701 466 804 521 viri
845 466 1168 536 prudentes,
1205 470 1602 541 appellationes
1636 487 1820 527 rerum
1852 489 1982 528 con-

385 554 657 620 siderent,
685 564 741 611 et
771 556 1099 627 dijudieent,
1131 574 1242 629 quo
1282 561 1694 630 deprehendere
1734 566 1977 634 pns~int,

384 649 663 718 quomodo
704 650 893 720 plures
926 653 1108 707 omnis
1153 655 1372 722 generis
1404 655 1724 711 substantiae
1752 672 1977 713 suarum

385 742 666 796 actionum
711 744 954 809 nomina,
989 745 1086 801 sed
1113 762 1223 801 non
1269 748 1549 803 naturales
1582 750 1979 818 appellationes

384 832 641 900 habeant,
667 851 808 906 quas
828 852 894 891 ex
930 838 1166 908 propriis
1195 839 1506 895 actionibus
1537 842 1975 911 acquisiverunt,

383 925 699 998 habentque
727 935 781 983 et
805 927 933 983 inde
970 929 1251 985 dicuntur.
1280 929 1516 995 Etenim,
1551 941 1611 987 ut
1640 941 1802 989 antea
1836 934 1975 988 dixi-

382 1030 529 1080 mus,
564 1017 709 1073 sicut
751 1020 954 1074 dicitur
982 1020 1124 1077 Deus
1157 1022 1265 1075 ἀπὸ
1290 1021 1385 1077 τοῦ
1417 1022 1643 1095 θεωρεῖν
1673 1024 1744 1078 τὰ
1777 1027 1975 1093 πάντα,

383 1114 439 1170 id
472 1123 580 1181 est,
614 1118 683 1172 ab
710 1133 779 1172 eo
821 1120 966 1189 quod
994 1120 1397 1187 contemplatur
1430 1121 1637 1185 omnia,
1666 1129 1721 1177 et
1752 1124 1980 1193 angelus

383 1206 455 1260 ab
480 1208 724 1278 angelica
757 1209 1078 1278 operatione
1118 1214 1173 1263 et
1223 1209 1667 1273 ministratione,
1715 1217 1770 1264 et
1813 1210 1980 1267 homo

381 1297 492 1353 ἀπὸ
542 1299 637 1353 τοῦ
668 1300 780 1355 ἄνω
813 1300 1038 1371 θεωρεῖν
1058 1300 1152 1353 τὸν
1182 1294 1309 1354 ὦπα
1330 1341 1345 1366 ,
1378 1300 1431 1355 id
1465 1310 1572 1366 est,
1612 1302 1681 1356 ab
1719 1318 1785 1358 eo
1833 1303 1980 1373 quod

382 1385 536 1447 vultu
574 1408 812 1464 superna
862 1393 1129 1464 suspicit,
1190 1393 1266 1447 ita
1323 1400 1379 1449 et
1421 1394 1477 1449 in
1532 1394 1791 1465 reliquis:
1827 1396 1981 1467 virgo

382 1499 641 1554 namque,
676 1483 965 1556 παρθένος,
994 1498 1024 1537 a
1052 1483 1434 1540 mortiﬁcanda
1463 1487 1650 1542 carnis
1673 1485 1979 1541 inﬂamma-

381 1574 534 1631 tione
579 1575 827 1630 dicitur:
866 1576 1203 1649 περιστερά,
1257 1577 1309 1632 id
1348 1586 1435 1633 est
1483 1577 1735 1632 columba
1759 1618 1773 1642 ,
1809 1577 1882 1633 ob
1926 1578 1979 1633 id

381 1676 631 1734 vocatur,
656 1669 737 1722 ὃτι
784 1669 1007 1723 πέτεται
1051 1669 1318 1742 στερρῶς,
1363 1670 1416 1725 id
1441 1677 1547 1737 est,
1581 1669 1729 1741 quod
1760 1670 1977 1725 ﬁrmum

386 1757 588 1813 habeat
614 1760 854 1814 volatum
884 1779 898 1815 :
929 1769 984 1816 et
1014 1760 1232 1832 ἔλαφος,
1267 1763 1321 1817 id
1357 1771 1444 1818 est
1482 1777 1700 1827 cervus,
1726 1761 1835 1816 ἀπὸ
1883 1763 1977 1817 τοῦ

384 1848 528 1903 ἑλεῖν
573 1852 702 1914 τοὺς
729 1850 905 1921 ὄφεις,
938 1852 989 1906 id
1046 1863 1130 1908 est
1163 1854 1232 1907 ah
1274 1869 1341 1908 eo
1377 1854 1523 1924 quod
1568 1861 1852 1923 serpentes
1884 1855 1981 1909 tol-

382 1942 448 1997 lit
472 1958 489 1997 :
515 1941 762 2014 χελιδών,
802 1943 857 1997 id
884 1951 969 1999 est
1019 1944 1279 2010 hirundo,
1306 1945 1397 2000 διὰ
1425 1947 1487 2000 τὸ
1514 1945 1586 2000 τὰ
1600 1947 1754 2018 χείλη
1784 1946 1977 2013 δονεῖν,

382 2033 440 2089 id
472 2041 558 2090 est
606 2043 897 2105 propterea
929 2037 1074 2106 quod
1101 2037 1394 2106 garriendo
1418 2038 1559 2092 labia
1589 2043 1805 2092 movet:
1832 2036 1976 2105 ὄφις,

383 2140 631 2195 serpens,
660 2127 934 2179 τουτέστιν
962 2129 991 2180 6
1028 2128 1154 2197 φάς,
1190 2127 1244 2182 id
1268 2135 1353 2184 est
1402 2129 1492 2199 qui
1521 2127 1787 2199 loquitur,
1832 2128 1978 2183 vide-

383 2216 532 2282 licet,
561 2215 709 2287 quod
741 2217 871 2271 olim
904 2215 1028 2271 Eva:
1052 2218 1271 2273 locutus
1304 2218 1375 2273 sit
1402 2238 1415 2273 :
1446 2217 1666 2289 δορκάς,
1704 2218 1759 2272 id
1782 2227 1868 2273 est
1888 2232 1982 2272 ca-

382 2320 513 2377 prea
541 2345 556 2369 ,
605 2308 669 2360 ἐκ
715 2304 810 2359 τοῦ
866 2306 1033 2373 ὀξέως
1075 2306 1326 2379 δέρκειν,
1375 2305 1430 2361 id
1480 2313 1586 2371 est,
1627 2307 1697 2361 ab
1729 2307 1981 2363 acumine

381 2396 535 2451 visus
561 2413 574 2450 :
614 2394 856 2468 τρυγών,
887 2395 941 2451 id
968 2406 1053 2451 est
1101 2403 1304 2459 turtur,
1338 2397 1371 2467 ἡ
1398 2396 1641 2468 τηροῦσα
1671 2396 1770 2467 τὴν
1794 2396 1977 2468 γονὴν,

383 2485 501 2556 ἦτοι
533 2485 595 2538 τὸ
625 2488 825 2539 οἰκεῖον
844 2487 1034 2555 γένος,
1066 2485 1119 2539 id
1163 2492 1248 2541 est
1295 2499 1521 2541 servans
1560 2484 1806 2554 stirpem,
1839 2485 1983 2540 vide-

385 2575 513 2629 licet
548 2575 707 2646 197
740 2577 1023 2647 proprium
1077 2591 1252 2648 genus
1283 2596 1297 2632 :
1330 2574 1544 2646 ἀηδών,
1601 2575 1655 2630 id
1687 2585 1773 2632 est
1811 2577 1980 2630 lusci-

381 2669 498 2732 nia,
529 2668 615 2723 διὰ
638 2668 699 2722 τὸ
730 2670 818 2723 ἀεὶ
850 2669 1019 2741 ᾄδειν,
1051 2669 1180 2739 quia
1204 2684 1429 2738 semper
1457 2669 1626 2732 cauit,
1662 2684 1787 2722 cum
1820 2677 1982 2723 testa-

381 2767 459 2826 te,
491 2767 606 2815 tum
641 2760 820 2817 hieme
848 2781 862 2816 :
890 2761 1023 2831 γύψ,
1070 2761 1122 2815 id
1155 2768 1240 2815 est
1270 2762 1477 2825 vultur,
1505 2760 1591 2814 διὰ
1622 2761 1684 2814 τὸ
1729 2760 1981 2833 γυρεύειν

384 2851 517 2924 ὕψη,
549 2860 774 2923 prepter
813 2853 1106 2907 sublimem
1142 2852 1196 2905 in
1227 2867 1425 2923 gyrum
1457 2852 1697 2907 volatum
1735 2872 1747 2907 :
1804 2868 1981 2922 equus

383 2943 531 3012 quod
566 2943 799 3013 pedibus
832 2944 1039 3013 equitet
1067 2957 1081 2996 :
1138 2944 1315 3007 ἀετός,
1347 2942 1401 2996 id
1437 2951 1522 2998 est
1550 2943 1758 3013 aquila,
1807 2942 1895 2996 διὰ
1920 2943 1982 2996 τὸ

2081 478 2271 547 κέδρος
2321 478 2524 549 ὁμοίως
2564 482 2834 551 στερεῖται
2884 479 2984 550 μὲν
3026 481 3126 549 τῆς
3176 480 3467 551 βλαστικῆς
3509 484 3672 554 ἐνερ-

2080 568 2254 635 γείας,
2285 569 2378 621 καῖ
2412 568 2707 639 ίαματικὴν
2740 569 3022 641 κέκτηται,
3051 571 3400 642 ἀναιρετικὴν
3432 572 3670 627 ποιοῦσα

2078 656 2188 709 τῶν
2228 656 2526 727 σκωλήκων
2564 656 2660 729 τὴν
2684 658 2920 730 κεδρίαν.
2963 660 3055 710 Δεῖ
3079 654 3170 712 οὖν
3212 660 3336 722 τοὺς
3366 660 3672 731 ἐχέφρονας

2080 749 2179 813 τὰς
2210 749 2319 802 τῶν
2344 749 2511 803 όντων
2540 751 2911 822 προσηγορίας
2938 754 3178 817 σκοπεῖν,
3209 753 3303 806 καὶ⁸
3327 754 3668 824 ἀνακρίνειν,

2080 833 2157 897 ὡς
2185 832 2251 887 ἂν
2283 834 2529 889 δύναιντο
2559 838 2757 909 εὑρεῖν,
2786 838 2958 901 πόσας
2995 839 3214 903 πλείους
3244 842 3460 912 ἁπάσης
3490 843 3673 914 ὑπάρ-

2082 923 2219 991 ξεως
2246 929 2618 1000 προσηγορίας
2651 931 3029 1002 ἐνεργητικὰς,
3065 931 3179 984 ἀλλ’
3207 933 3268 985 οὑ
3292 934 3527 1001 φυσικὰς
3558 935 3672 988 ὀνο-

2085 1020 2286 1090 μασίας
2309 1021 2545 1092 ἔχουσιν,
2580 1025 2645 1077 ἐκ
2683 1024 2790 1078 τῶν
2827 1024 2972 1079 ἰδίων
3004 1027 3295 1098 ἐνεργειῶν
3329 1028 3532 1092 ταύτας
3566 1027 3670 1081 λα-

2082 1109 2274 1165 ϐοῦσαι
2299 1114 2394 1166 καὶ
2414 1112 2634 1184 ἔχουσαι
2662 1116 2757 1169 καὶ
2790 1115 3099 1187 λεγόμεναι.
3134 1120 3245 1173 Καὶ
3268 1119 3396 1190 γὰρ,
3429 1120 3503 1184 ὡς
3532 1138 3672 1192 προ-

2081 1205 2407 1276 ειρήκαμεν,
2442 1205 2626 1270 καθὼς
2652 1207 2977 1278 ὀνομάζεται
3005 1210 3139 1274 Θεὸς
3165 1210 3273 1265 ἀπὸ
3307 1210 3403 1264 τοῦ
3438 1212 3670 1285 θεωρεῖν

2079 1294 2150 1349 τὰ
2189 1297 2386 1363 πάντα,
2430 1299 2526 1351 καὶ
2552 1298 2779 1367 ἄγγελος
2819 1302 2883 1354 ἐκ
2913 1302 3011 1372 τῆς
3046 1301 3343 1373 ἀγγελικῆς
3376 1304 3541 1357 αὑτοῦ
3581 1308 3671 1381 ἐν-

2081 1389 2303 1459 εργείας
2342 1391 2441 1442 καὶ
2472 1386 2763 1455 διακονίας,
2804 1392 2896 1445 καὶ
2931 1391 3218 1463 ἄνθρωπος
3264 1394 3371 1447 ἀπὸ
3409 1395 3504 1449 τοῦ
3552 1396 3671 1450 ἄνω

2083 1480 2307 1553 θεωρεῖν
2336 1482 2427 1535 τὸν
2458 1476 2614 1536 ὦπα·
2651 1481 2792 1535 οὑτω
2839 1483 2942 1536 κάν
2974 1487 3085 1547 τοῖς
3121 1484 3331 1550 λοιποῖς
3357 1503 3371 1517 ο
3423 1489 3518 1541 καὶ
3555 1489 3669 1558 γὰρ

2083 1572 2351 1643 παρθένος
2379 1573 2614 1641 λέγεται,
2645 1573 2733 1627 διὰ
2767 1574 2829 1627 τὸ
2869 1574 3131 1629 θανατοῦν
3155 1576 3251 1647 τὴν
3285 1578 3530 1648 πύρωσιν
3564 1581 3671 1651 τῆς

2085 1665 2286 1736 σαρκός
2306 1682 2319 1696 ·
2362 1666 2456 1719 καὶ
2488 1665 2788 1738 περιστερὰ
2815 1665 2906 1719 διὰ
2936 1666 3096 1721 τοῦτο
3122 1667 3358 1736 λέγεται,
3390 1670 3473 1723 ὅτι
3503 1671 3670 1726 πέτε-

2079 1774 2170 1811 ται
2203 1757 2445 1831 στερρὦ
2468 1774 2483 1788 ο
2530 1759 2626 1812 καὶ
2670 1758 2865 1828 ἔλαφος
2912 1758 2999 1812 διὰ
3035 1759 3097 1813 τὸ
3125 1760 3265 1813 ἑλεῖν
3304 1761 3432 1825 τοὺς
3474 1761 3667 1830 ὄφειςο

2080 1847 2325 1918 χελιδὼν,
2366 1848 2455 1901 διὰ
2488 1849 2548 1901 τὸ
2577 1849 2646 1902 τὰ
2674 1849 2825 1921 χείλη
2851 1849 3020 1904 δονεῖν
3044 1853 3102 1904 ἐν
3145 1851 3222 1921 τῷ
3251 1851 3431 1907 λαλεῖν
3453 1868 3465 1880 ·
3515 1852 3666 1922 ὄφις,

2078 1939 2355 1993 τουτέστιν
2375 1942 2403 1992 6
2430 1941 2535 2009 φὰς
2562 1942 2680 2011 ἦτοι
2702 1942 2731 1994 6
2767 1941 3008 2013 λαλήσας
3042 1943 3176 2014 πρὸς
3201 1944 3299 2015 τὴν
3328 1943 3473 1998 Εὕαν
3498 1945 3632 1999 ποτέ
3650 1963 3665 1975 ·

2078 2030 2297 2103 ὼρκὰς,
2330 2033 2396 2085 ἐκ
2441 2032 2537 2085 τοῦ
2572 2033 2737 2097 ὀξέως
2778 2034 3015 2104 δέρκειν,
3050 2034 3084 2105 ἢ
3126 2034 3202 2098 ὼς
3237 2036 3369 2107 όρᾷν
3393 2052 3407 2065 ·
3443 2034 3669 2107 τρυγὼν

2078 2127 2112 2196 ἠ
2148 2123 2389 2196 τηροῦσα
2414 2125 2514 2195 τὴν
2540 2124 2722 2194 γονὴν,
2759 2124 2876 2194 ἢτοι
2909 2123 2970 2178 τὸ
2997 2126 3197 2177 οἰκεῖον
3235 2126 3424 2193 γένος·
3461 2125 3670 2198 ἀηδὼν,

2078 2216 2167 2269 διὰ
2197 2216 2257 2268 τὸ
2283 2215 2370 2271 ἀεὶ
2398 2215 2566 2287 ᾄδειν,
2601 2215 2695 2268 καὶ
2728 2215 2787 2267 ἐν
2824 2214 2990 2285 θέρει,
3021 2216 3115 2267 καὶ
3145 2216 3201 2266 ἐν
3240 2215 3499 2285 χειμῶνι·
3530 2217 3669 2286 γὺψ,

2079 2305 2170 2360 διὰ
2209 2306 2270 2360 τὸ
2310 2308 2561 2377 γυρεύειν
2609 2304 2753 2375 ὑψησ
2796 2305 2982 2369 ἵππος,
3014 2306 3081 2360 ἐκ
3120 2305 3214 2359 τοῦ
3252 2307 3519 2361 ίππᾶσθαι
3550 2310 3669 2371 τοῖς

2082 2395 2238 2448 ποσίν
2262 2412 2275 2425 ο
2302 2395 2461 2451 ἀετὸς
2489 2395 2718 2459 ἀείετος,
2738 2393 2828 2448 διὰ
2846 2393 2907 2447 τὸ
2933 2393 3191 2459 πολλάκις
3222 2397 3671 2462 ἁνακαινίζεσθαι

2081 2487 2177 2541 καὶ
2211 2486 2379 2540 πολλὰ
2413 2487 2551 2558 (ἐτη)
2585 2486 2718 2557 ζῆν’
2755 2485 3022 2551 πετεινδν,
3057 2488 3117 2541 τὸ
3143 2488 3240 2560 τὴν
3269 2490 3511 2560 πτέρυγα
3550 2493 3671 2545 τεί-

2081 2596 2200 2632 νονο
2242 2578 2501 2649 ποταμὸς,
2532 2578 2606 2642 ὡς
2640 2577 2870 2648 πότιμον
2906 2578 3045 2649 ἔχων
3084 2579 3393 2652 ἐνέργειαν
3431 2583 3674 2656 χείμαῤ-

2083 2672 2196 2741 ρος,
2242 2671 2324 2723 δτι
2369 2672 2426 2724 ἐν
2470 2668 2699 2740 χειμῶνι
2748 2673 2863 2741 ῥεῖ’
2901 2670 3079 2740 φύσις,
3122 2674 3188 2726 ἐκ
3230 2672 3323 2727 τοῦ
3368 2674 3524 2744 φύειν
3566 2675 3672 2741 τὰς

2083 2762 2437 2824 ὑποστάσεις·
2494 2761 2711 2834 βοτάνη,
2760 2761 2849 2815 διὰ
2890 2763 2949 2816 τὸ
3000 2762 3234 2835 βαδίζειν
3278 2766 3421 2820 ἄνω·
3474 2765 3672 2840 ὥσπερ

2084 2854 2178 2907 καὶ
2205 2855 2232 2906 6
2275 2852 2577 2923 ἄνθρωπος,
2607 2856 2670 2906 ἐκ
2710 2853 2803 2906 τοῦ
2834 2854 2946 2908 ἄνω
2971 2853 3215 2926 θεωρεῖν,
3241 2854 3279 2928 ᾖ
3314 2856 3390 2920 ὼς
3420 2856 3672 2926 βλέπειν.

2084 2946 2177 2998 καὶ
2214 2946 2245 3015 ἡ
2276 2944 2421 3015 ψυχὴ
2451 2944 2508 2996 δὲ
2540 2946 2603 2996 ἐκ
2632 2944 2731 3014 τῆς
2759 2946 2962 3008 οἰκείας
2994 2947 3273 3019 ἐνεργείας
3301 2946 3409 3018 ἔχει
3441 2947 3544 3019 τὴν
3566 2947 3675 3019 τῆς

382 3033 645 3097 πολλάκις
673 3034 1138 3101 ἀνακαινίζεσθαι,
1161 3036 1255 3088 καὶ⁵
1282 3034 1453 3088 πολλὰ
1492 3035 1587 3107 ἐτη
1620 3036 1741 3107 ζῇν,
1779 3034 1833 3090 id
1862 3042 1977 3097 est,
2008 3065 2050 3119 ρ
2081 3032 2259 3105 ψυχῆς
2293 3033 2694 3105 προσηγορίανο
2722 3033 2915 3104 ψύχειν
2945 3025 3054 3107 γὰρ
3092 3036 3152 3090 τὸ
3190 3036 3474 3101 ζωοποιεῖν
3511 3038 3675 3108 λέγε-

383 3134 676 3197 propterea
704 3126 849 3197 quod
894 3142 1268 3197 saepenumero
1316 3135 1647 3192 renovatur,
1678 3142 1743 3181 ac
1778 3128 1980 3184 multos

385 3229 563 3269 annos
602 3215 773 3269 vivit:
803 3215 1068 3281 πετεινόν,
1123 3216 1178 3271 id
1217 3224 1303 3272 est
1337 3218 1600 3282 volucris,
1631 3218 1691 3271 τὸ
1723 3219 1821 3290 τὴν
1852 3219 1980 3272 πτέ-

2084 3143 2207 3178 ται·
2244 3125 2332 3178 διὰ
2368 3125 2526 3179 τοῦτο
2561 3128 2624 3179 ὲκ
2656 3128 2756 3198 τῆς
2789 3125 3049 3190 ζωοποιοῦ
3085 3129 3365 3201 ἐνεργείας
3393 3129 3543 3203 ψυχὴ
3583 3130 3674 3184 λέ-

2084 3234 2259 3286 γεται,
2291 3216 2379 3270 διὰ
2416 3216 2477 3269 τὸ
2508 3216 2666 3287 σῶμα
2709 3216 3018 3281 ζωοποιεῖν·
3060 3219 3154 3272 καὶ
3192 3219 3355 3291 ἔτερα
3397 3221 3454 3274 δὲ
3495 3223 3676 3295 μυρία

389 3322 528 3377 ρυγα
560 3308 752 3371 τεῖνον,
781 3306 929 3377 quod
964 3308 1105 3361 alant
1139 3308 1398 3364 extendat
1431 3327 1444 3364 :
1477 3309 1743 3381 ποταμός,
1786 3310 1840 3365 id
1893 3318 1976 3367 est

2082 3310 2248 3373 ἐστὶν,
2274 3308 2309 3362 ἃ
2336 3307 2625 3379 παρίεμεν,
2682 3307 2769 3361 ἵνα
2810 3308 2885 3381 μὴ
2918 3307 3164 3379 λέγωμεν
3188 3309 3364 3364 πάντα
3397 3311 3540 3364 κατὰ
3568 3311 3675 3377 τὰς

384 3396 607 3458 ﬂuvius,
634 3397 711 3461 ὡς
740 3397 971 3469 πότιμον
999 3398 1137 3470 ἔχων
1165 3400 1465 3472 ἐνέργειαν,
1493 3401 1546 3455 id
1575 3409 1680 3468 est,
1713 3410 1973 3473 tanquam

2082 3401 2288 3465 οἰκείας
2318 3400 2710 3472 προσηγορίας.
3032 3408 3035 3411 “

385 3494 681 3564 potabilem
719 3493 930 3550 habens
989 3495 1320 3565 energiam:
1380 3496 1723 3569 χείμαρρος,
1778 3498 1833 3552 id
1888 3505 1973 3553 est

2080 3512 2284 3564 irrens,
2331 3498 2414 3550 ὅτι
2467 3499 2526 3549 ὲν
2586 3496 2816 3568 χειμῶνι
2876 3500 2991 3569 ρεῖ,
3042 3498 3190 3569 quod
3242 3499 3423 3555 hieme
3487 3498 3669 3555 ﬂuat:

389 3586 573 3657 φύσις,
606 3589 657 3642 id
691 3597 776 3644 est
816 3593 1045 3654 natura,
1101 3592 1164 3643 ἐκ
1195 3591 1287 3645 τοῦ
1313 3591 1468 3661 φύειν
1499 3591 1598 3656 τὰς
1647 3593 1973 3657 ὑποστάσεις

2089 3593 2193 3647 uod
2233 3592 2556 3664 hypostases
2598 3593 2903 3663 producat:
2940 3593 3174 3667 βοτάνη,
3226 3595 3281 3651 id
3314 3607 3399 3652 est
3458 3595 3674 3662 herba.

385 3682 475 3737 διὰ
501 3682 563 3735 τὸ
593 3681 829 3753 βαδίζειν
858 3684 990 3749 ἄνω,
1026 3699 1092 3739 εο
1121 3683 1268 3755 quod
1298 3702 1517 3741 sursum
1546 3688 1754 3752 tendat,
1793 3704 1976 3758 quem:

2080 3687 2255 3743 lodum
2306 3695 2361 3741 et
2427 3685 2740 3759 ἄνθρωπος,
2782 3688 2837 3742 id
2888 3699 2974 3745 est
3022 3690 3225 3756 homo,
3295 3691 3361 3744 ἐκ
3391 3690 3486 3745 τοῦ
3557 3691 3676 3746 ἄνω

389 3774 633 3848 θεωρεῖν,
663 3793 730 3832 eo
759 3776 906 3847 quod
943 3794 1163 3834 sursum
1200 3779 1461 3850 respiciat
1500 3798 1515 3838 :
1568 3782 1755 3854 ψυχή,
1799 3782 1854 3837 id
1893 3789 1976 3837 est

2080 3782 2218 3843 lima,
2237 3795 2303 3835 ex
2326 3780 2546 3850 pr0pria
2568 3781 2621 3834 vi
2639 3780 2741 3836 hoc
2767 3781 3005 3839 nominis
3050 3783 3232 3838 habet.
3281 3780 3417 3836 Nam
3447 3782 3674 3854 ψύχειν,

390 3864 534 3920 idem
565 3876 649 3923 est
676 3869 820 3939 quod
863 3869 1182 3928 viviﬁcare:
1218 3871 1343 3927 ideo
1374 3872 1576 3942 anima,
1646 3890 1715 3929 ex
1780 3873 2092 3929 viviﬁcandi
2163 3872 2461 3935 facultate,
2517 3871 2665 3942 ψυχὴ
2696 3872 2931 3938 dicitur,
2972 3889 3174 3944 corpus
3210 3874 3356 3929 enim
3402 3875 3669 3933 viviﬁcat.

392 3956 534 4014 Sunt
562 3968 616 4017 et
645 3963 750 4016 alia
782 3973 1041 4019 sexcenta
1065 4004 1078 4030 ,
1134 3981 1257 4037 quae
1290 3967 1437 4021 ultro
1473 3967 1980 4037 praetermittimus,
2022 3983 2092 4023 ne
2125 3966 2308 4021 omnia
2336 3964 2451 4020 suis
2484 3964 2801 4019 nominibus
2833 3980 3349 4022 commemoremus.

956 4056 1022 4112 V.
1074 4058 1148 4113 De
1190 4061 1404 4115 unione.

2590 4055 2655 4111 ν.
2692 4059 2831 4127 Περὶ
2861 4058 3151 4124 ἐνώσεως.

462 4145 605 4213 Quid
638 4156 724 4209 est
763 4150 917 4215 unio,
951 4160 1005 4206 et
1036 4159 1170 4221 quot
1211 4153 1390 4209 modis
1436 4154 1798 4224 intelligitur?
1835 4152 1976 4209 Unio

2156 4152 2221 4205 Τί
2257 4151 2403 4204 ἐστιν
2435 4149 2661 4215 ἓνωσιςς
2687 4152 2781 4204 καί
2824 4149 3077 4224 ποσαχῶς
3107 4152 3308 4203 νοεῖται
3350 4152 3384 4219 ἡ
3434 4149 3673 4215 ἐνωσιςς

391 4249 478 4294 est
504 4240 826 4296 distantium
885 4259 1071 4300 rerum
1110 4245 1421 4302 communis
1457 4262 1784 4303 concursus.
1821 4246 1976 4303 Dicta

2088 4244 2321 4306 Ἐνωσις
2344 4243 2443 4313 μὲν
2477 4242 2593 4294 ἔστι
2638 4240 2940 4295 διεστώτων
2981 4242 3321 4315 πραγμάτων
3375 4242 3676 4313 κοινωνικὴ

392 4338 575 4385 autem
598 4341 682 4401 est
708 4335 860 4397 unio,
884 4334 1031 4404 quod
1067 4351 1156 4392 res
1181 4352 1349 4390 unum
1378 4337 1528 4401 (iant,
1559 4338 1664 4392 hoc
1691 4345 1797 4405 est,
1823 4337 1971 4407 quod

2080 4333 2369 4405 συνδρομή
2398 4332 2592 4394 ἐνωσις
2618 4330 2675 4383 δὲ
2692 4331 2906 4403 εἴρηται
2936 4331 3022 4385 διὰ
3051 4333 3111 4385 τὸ
3143 4332 3363 4392 ἐνῶσαι,
3417 4331 3675 4385 τουτέστι

391 4430 585 4476 coeant
626 4430 681 4477 et
723 4425 1209 4482 commisceantur.
1261 4426 1434 4485 Porro
1503 4429 1750 4499 quinque
1796 4429 1976 4483 modis

2083 4424 2392 4496 ωνωθῆσαι
2421 4424 2515 4479 καὶ
2547 4424 2699 4495 μίξαι
2722 4423 2790 4487 τὰ
2820 4424 3140 4495 πράγματα.
3173 4423 3462 4493 Πενταχῶς
3492 4423 3554 4477 δὲ
3585 4424 3678 4478 λέ-

392 4512 526 4567 unio
556 4512 779 4580 dicitur,
809 4518 1452 4587 commistiva,divisiva,
1486 4520 1805 4585 habitualis,
1834 4520 1976 4591 posi-

2081 4535 2238 4587 γεται
2285 4520 2319 4590 ή
2345 4519 2559 4582 ἐνωσις,
2591 4518 2913 4588 συγχυτικὴ,
2941 4515 3265 4588 διαιρετικὴ,
3292 4519 3543 4589 σχετικὴ,
3577 4517 3674 4571 θε-

391 4606 524 4669 tiva,
560 4615 613 4660 et
642 4607 772 4660 unio
800 4617 991 4663 sancta
1016 4608 1246 4675 Christi,
1269 4628 1391 4682 qua:
1421 4628 1588 4684 supra
1616 4613 1753 4669 istas
1782 4629 1976 4669 secun-

2080 4611 2229 4683 τικὴ,
2271 4612 2425 4681 καὶὴ
2461 4610 2595 4679 ἁγία
2661 4610 2855 4672 ἐνωσις
2907 4608 3002 4662 τοῦ
3048 4607 3310 4679 Χριστοῦ,
3345 4611 3467 4681 ἥτις
3522 4610 3675 4683 ὑπὲρ

390 4697 521 4752 dum
552 4696 876 4769 hypostasin
908 4702 1055 4756 dicta
1078 4711 1182 4757 est.
1212 4704 1389 4775 Atque
1418 4706 1548 4760 unio
1578 4706 1797 4777 quidem
1828 4722 1980 4761 com-

391 4791 611 4846 mistiva
638 4790 859 4857 dicitur,
891 4795 1073 4864 qualis
1110 4804 1194 4850 est
1228 4797 1336 4851 vini
1379 4806 1434 4852 ct
1473 4813 1662 4867 aqua};
1714 4798 1972 4862 divisiva,

391 4884 569 4953 qualis
598 4891 682 4939 est
710 4884 951 4942 hominis
993 4887 1061 4941 ad
1097 4887 1371 4944 hominem
1397 4907 1412 4958 ;
1453 4890 1773 4957 habitualis,
1799 4892 1980 4962 qualis

389 4981 475 5029 est
509 4974 630 5028 auri
662 4974 730 5029 ad
772 4988 990 5031 aurum.
1028 4973 1172 5031 Unio
1203 4985 1385 5032 autem
1416 4976 1621 5033 Christi
1656 4993 1824 5049 supra
1856 4978 1979 5033 illas

390 5066 694 5122 secundum
716 5067 1038 5139 hypostasin
1062 5070 1284 5125 dicitur.
1320 5068 1632 5125 Secundum
1656 5070 1978 5142 hypostasin

391 5173 521 5214 vero
555 5160 685 5214 unio
729 5166 814 5215 est
860 5175 959 5230 per
987 5176 1048 5216 se
1098 5161 1406 5217 subsistens
1436 5176 1712 5218 concursu
1744 5162 1976 5217 duarum

391 5258 715 5305 naturarum
750 5251 807 5305 in
844 5263 998 5307 utero
1026 5260 1232 5308 sanctae
1274 5251 1520 5323 Deipara:
1552 5250 1819 5323 Virginis.
1851 5252 1975 5309 Non

390 5340 537 5393 enim
571 5348 699 5397 ante
728 5339 968 5397 Verbum
1021 5342 1191 5399 Deum
1250 5343 1323 5399 ibi
1372 5344 1587 5398 exsistit
1636 5359 1860 5413 corpus.
1893 5345 1978 5399 vel

394 5430 615 5497 anima;
653 5432 747 5487 sed
809 5433 977 5488 simul
1027 5449 1183 5500 caro,
1212 5442 1268 5491 et
1314 5435 1479 5490 simul
1520 5434 1667 5490 Deus
1713 5433 1974 5490 Verbum.

394 5513 535 5575 Caro
564 5524 805 5578 animata
830 5526 1119 5582 rationalis
1157 5528 1212 5582 in
1241 5542 1309 5583 eo
1342 5528 1480 5596 fuit;
1512 5527 1975 5598 quemadmodum

396 5610 453 5666 in
508 5624 698 5672 nostra
746 5634 966 5690 quoque
1024 5622 1403 5692 conceptione,
1460 5629 1521 5676 ut
1561 5622 1695 5679 mihi
1733 5620 1972 5686 videtur,

399 5702 577 5759 anima
613 5722 709 5777 per
743 5724 802 5765 se
835 5711 1146 5769 subsistens
1177 5714 1343 5770 simul
1382 5714 1662 5772 concurrit
1696 5727 1820 5770 cum
1849 5728 1975 5769 cor-

2078 4701 2251 4755 ταῦτα
2281 4700 2401 4755 καθ’
2431 4701 2729 4755 ὑπόστασιν
2752 4700 2985 4771 εἴρηται.
3009 4700 3119 4753 Καὶ
3134 4700 3327 4762 ἐνωσις
3350 4699 3452 4770 μὲν
3473 4715 3678 4771 συγχυο

2079 4793 2207 4866 τικὴ
2237 4793 2477 4862 λέγεται,
2503 4791 2579 4856 ὡς
2609 4794 2641 4863 ὴ
2672 4790 2766 4845 τοῦ
2802 4790 2947 4844 οἴνου
2982 4793 3077 4844 καὶ
3107 4791 3203 4844 τοῦ
3255 4790 3467 4855 ὕδατος.
3523 4795 3675 4845 Διαι-

2083 4885 2271 4959 ρετικὴ
2300 4885 2377 4950 δὲ,
2410 4886 2485 4951 ὡς
2515 4883 2801 4956 ἀνθρώπου
2822 4884 2959 4956 πρὸς
2991 4883 3295 4955 ἄνθρωπον.
3330 4884 3571 4956 Σχετικὴ
3591 4885 3671 4948 δέ,

2078 4977 2156 5042 ὡς
2186 4977 2561 5050 χρυσοῦ,πρὸς
2583 4976 2801 5047 χρυσόν.
2846 4977 2910 5029 Ἢ
2940 4975 2998 5028 δέ
3041 4975 3137 5028 τοῦ
3181 4975 3419 5047 Χριστοῦ
3470 4975 3674 5040 ἐνωσις

2080 5067 2220 5138 ὑπὲρ
2245 5066 2415 5120 ταῦτα
2442 5066 2565 5120 καθ’
2587 5066 2884 5119 ὑπόστασιν
2913 5066 3148 5137 εἴρηται.
3183 5064 3323 5119 Καθ’
3363 5064 3672 5120 ὑπόστασιν

2078 5157 2137 5212 δὲ
2172 5158 2366 5222 ἐνωσίς
2428 5160 2576 5211 ἐστιν
2626 5159 2659 5228 ἡ
2717 5156 3103 5229 αὑθύπαρκτος
3147 5159 3205 5210 ἐν
3246 5160 3313 5228 τῇ
3347 5158 3534 5229 μήτρᾳ
3565 5159 3672 5228 τῆς

2078 5249 2241 5318 ἁγίας
2270 5248 2534 5301 θεοτόκου
2560 5247 2669 5300 τῶν
2700 5246 2792 5299 δύο
2814 5247 3029 5315 φύσεων
3062 5247 3333 5319 συνδρομή
3359 5264 3372 5313 ;
3400 5245 3526 5300 οὕτε
3556 5246 3671 5318 γὰρ

2075 5339 2138 5393 τὸ
2191 5340 2349 5411 σῶμα
2376 5339 2482 5412 πρὸ
2506 5338 2601 5392 τοῦ
2630 5339 2766 5392 Θεοῦ
2799 5338 2973 5406 Λόγου
2999 5339 3207 5410 ὑπέστη
3256 5341 3391 5403 ἐκεῖ,
3451 5336 3579 5391 οὔτε
3631 5340 3667 5408 ἠ

2074 5432 2219 5504 ψυχή
2248 5449 2262 5463 ο
2300 5431 2436 5485 ἀλλὰ
2484 5429 2621 5503 σὰρξ
2656 5429 2791 5500 ἅμα,
2822 5431 2916 5482 καὶ
2962 5429 3095 5493 Θεὸς
3143 5429 3315 5497 Λόγος
3349 5428 3485 5498 ἅμα.
3519 5426 3671 5498 Σάρξ

2077 5526 2320 5598 ἔμψυχος
2343 5525 2534 5596 λογικὴ
2571 5528 2628 5578 ἐν
2655 5524 2803 5594 αύτῷ
2838 5525 3066 5594 ὑπέστη.
3092 5522 3366 5592 καθάπερ,
3403 5522 3481 5585 ὡς
3538 5521 3671 5592 ἐμοὶ

2076 5619 2244 5678 δοκεῖ,
2266 5617 2361 5673 καὶ
2379 5617 2473 5671 ἐπὶ
2495 5617 2593 5686 τῆς
2618 5616 2894 5687 ἡμετέρας
2921 5615 3255 5687 συλλήψεως,
3278 5613 3668 5683 αὑθύπαρκτος

2077 5714 2109 5783 ἡ
2139 5711 2286 5785 ψυχὴ
2315 5711 2593 5784 συντρέχει
2621 5709 2699 5781 τῷ
2725 5708 2956 5782 σώματι.
2994 5705 3129 5762 UO"
3161 5707 3284 5779 ιγάρ
3333 5704 3489 5775 σῶμα
3540 5703 3666 5758 καθ’
