3860 6200
227 226 336 286 515

1416 225 1618 287 LIBER
1659 234 1749 289 DE
1790 233 2366 292 DEFINITIONIBUS.

3397 234 3502 295 διο

228 349 392 403 ἑαυτὸ
418 350 749 414 συνίσταται,
787 350 913 405 οὔτε
947 354 980 423 ἡ
1009 352 1155 424 ψυχὴ
1186 355 1529 426 προῦπάρχει
1557 355 1652 408 106
1701 353 1807 408 σώ-

1913 371 2065 426 pore.
2123 355 2258 411 Nam
2305 371 2508 427 corpus
2550 373 2649 427 per
2683 373 2743 414 se
2779 357 3088 416 consistere
3134 373 3242 413 non
3276 366 3499 428 potest;

232 458 433 512 ματος,
496 443 845 514 προτυπωσις
902 441 1037 498 οὖσα
1102 446 1204 516 τῆς
1265 445 1511 510 ὲνώσεως
1563 446 1657 500 τοῦ
1701 448 1812 500 Ku-

232 547 369 600 ριου.

703 644 790 698 Vl.
816 647 954 715 Περὶ
983 650 1328 718 ὁμοουσίου.

300 734 365 785 Τί
389 737 536 786 ἐστιν
563 737 865 807 ὁμοούσιον,
895 742 985 792 καὶ
1015 742 1155 794 κατὰ
1186 743 1238 793 τί
1268 741 1482 812 εἴρηται
1507 743 1810 812 ὁμοούσιον;

228 827 324 877 καὶ
373 826 586 895 ὁσαχῶς
622 829 682 881 τὸ
712 831 1026 901 ὁμοούσιον;
1067 832 1376 902 Ὀμοούσιὸν
1429 835 1565 894 ἐστι,
1605 835 1666 888 τὸ
1713 835 1813 906 τῆς

227 919 400 988 αὐτῆς
424 920 610 983 οὐσῖας
648 921 744 974 καὶ
803 923 1083 993 ἐνεργείας
1147 924 1580 996 ἀπαραλλάκτως
1641 929 1815 998 ὑπάρ-

229 1028 344 1081 χον.
371 1013 481 1064 Kal
501 1013 608 1084 γὰρ
635 1015 720 1069 διὰ
757 1016 916 1069 τοῦτο
957 1016 1173 1084 λέγεται
1228 1017 1530 1088 ὁμοούσιον,
1589 1020 1670 1072 ὅτι
1716 1019 1813 1089 τὴν

228 1103 400 1172 αὐτὴν
452 1105 638 1159 οὐσίαν
687 1108 780 1160 καὶ
837 1107 1064 1176 δύναμιν
1111 1110 1392 1180 κέκτηται.
1429 1109 1720 1181 Πενταχῶς
1757 1111 1814 1163 δὲ

229 1195 446 1266 εἴρηται
499 1197 782 1266 ὁμοούσιον
807 1200 903 1252 καὶ
927 1201 1206 1270 ὁμογενὲς,
1235 1201 1329 1254 καὶ
1383 1205 1662 1270 συγγενὲς,
1719 1203 1813 1256 κα)¹

226 1287 491 1356 ὁμοφυὲς,
528 1289 620 1340 καὶ
653 1289 943 1359 ὁμόφυλον.
987 1291 1299 1362 Ὀμοούσιον
1319 1293 1373 1346 δέ
1402 1296 1538 1358 ἐστι,
1573 1295 1633 1347 τὸ
1664 1293 1723 1347 ὃν
1751 1295 1810 1347 ὲν

226 1380 294 1448 τῇ
351 1379 486 1449 αὐτῇ
541 1381 716 1451 οὐσίᾳ,
757 1381 876 1450 ἔχον
929 1382 985 1434 δέ
1035 1401 1157 1436 τινα
1208 1384 1502 1457 διαφορὰν,
1531 1381 1640 1439 οἷον
1666 1385 1812 1450 λίθος

227 1470 452 1541 σαθρὸς,
492 1473 586 1524 καὶ
621 1473 764 1537 λίϐος
800 1474 1062 1545 σκληρός·
1104 1477 1210 1530 εἰσὶ
1235 1477 1290 1530 δὲ
1322 1478 1623 1548 ὁμοούσιοι,
1657 1495 1813 1532 τουτ-

226 1564 346 1615 έστι
407 1566 539 1633 μιᾶς
578 1565 784 1629 οὐσίας.
819 1568 973 1620 Ἔστι
1007 1569 1062 1621 δὲ
1098 1570 1191 1621 καὶ
1221 1569 1376 1634 ξύλον
1429 1571 1690 1640 φοίνικος,
1718 1571 1812 1624 καὶ

227 1655 386 1720 ξύλον
415 1656 601 1710 ἐϐένου
626 1674 640 1688 ⁸
671 1659 871 1728 ὁμοίως
902 1660 995 1712 καὶ
1045 1661 1182 1733 σὰρξ
1213 1663 1485 1733 καμήλου,
1531 1664 1626 1716 καὶ
1675 1663 1808 1733 σὰρξ
1846 1712 1887 1767 Β

229 1747 431 1817 ἰχθύος.
477 1749 657 1802 Ταῦτα
683 1749 739 1803 δὲ
787 1751 1031 1820 λέγονται
1064 1753 1344 1823 ὁμοούσια,
1381 1755 1461 1808 ὅτι
1503 1754 1602 1824 τῆς
1642 1755 1812 1824 αὐτῆς

227 1838 416 1901 οὐσίας
451 1839 617 1893 ἐστίν.
653 1842 860 1914 ’Ὠσπερ
888 1841 1089 1905 πάντες
1124 1845 1173 1896 οί
1216 1843 1492 1916 ἄνθρωποι
1540 1845 1636 1915 τῆς
1684 1845 1810 1914 μιᾶς

225 1929 416 1994 οὐσίας
470 1931 642 1984 εἰσίνο
677 1931 858 2003 ἔχουσι
910 1934 966 1986 δὲ
1013 1934 1272 2004 διαφορὰν
1323 1935 1383 1988 τὸ
1421 1932 1582 1998 εἶναι,
1622 1935 1809 2006 ἓτερος

231 2019 464 2091 μακρὸς,
483 2021 574 2073 καὶ
602 2021 784 2087 ἕτερος
811 2023 1028 2086 κολοϐός
1044 2040 1056 2052 ’
1081 2023 1235 2087 ἄλλος
1271 2024 1513 2087 δυνατὸς,
1537 2026 1630 2077 καὶ
1655 2026 1811 2088 ἄλλος

225 2111 594 2183 ταλαίπωρος.
657 2114 795 2166 Ἀλλ’
829 2115 977 2184 ὅμως
1041 2118 1172 2185 μιᾶς
1227 2115 1416 2178 οὐσίας
1480 2115 1811 2186 εἰσὶμῴυχῆς

226 2204 370 2270 λέγω
403 2205 498 2256 καὶ
534 2203 801 2274 σώματος.
845 2207 1208 2278 Ἐτεροούσιον
1241 2207 1295 2260 δὲ
1333 2207 1568 2274 λέγεται,
1598 2207 1658 2260 τὸ
1693 2207 1809 2260 ἑτέ·

229 2314 331 2370 ρας
362 2297 549 2360 οὐσίας
572 2298 832 2369 ὑπάρχον,
861 2302 955 2352 καὶ
987 2301 1229 2372 μηδόλως
1267 2299 1347 2371 τῷ
1379 2298 1549 2370 ἑτέρῳ
1593 2304 1811 2371 προσοῖ-

227 2405 346 2449 κον,
375 2387 512 2440 ἀλλὰ
536 2389 810 2454 παντελῶς
836 2392 1114 2464 ἀλλότριον
1143 2395 1237 2448 καὶ
1285 2391 1426 2445 κατὰ
1449 2393 1628 2445 πάντα
1684 2391 1810 2464 τρό-

228 2500 331 2536 πον
359 2484 568 2538 ἐκείνου
604 2483 878 2555 ἀνόμοιον,
910 2483 1020 2538 οἷον
1051 2486 1194 2557 ὕδωρ
1219 2487 1312 2540 καὶ
1341 2487 1452 2557 πῦρ
1474 2503 1487 2516 ο
1519 2485 1650 2556 ἄλλη
1703 2487 1808 2559 γὰρ

225 2578 387 2630 οὐσία
413 2579 506 2631 106
535 2579 725 2649 πυρὸς,
759 2579 852 2630 καὶ
876 2578 1008 2648 ἄλλη
1036 2578 1131 2632 τοῦ
1163 2578 1375 2642 ὓδατος.
1402 2581 1511 2632 Kal
1539 2577 1627 2629 διὰ
1655 2579 1811 2634 τοῦτο

226 2670 568 2740 ἐτεροούσιον
622 2671 856 2739 λέγεται,
903 2672 986 2724 ὅτι
1052 2673 1340 2742 ὲτεροφυὲς
1387 2675 1482 2727 καὶ
1528 2674 1812 2742 ἀλλογενὲς

227 2763 504 2835 ὑπάρχει*
561 2762 750 2835 ὥσπερ
782 2764 1066 2834 ἄνθρωπος
1113 2765 1206 2817 καὶ
1231 2764 1382 2828 Θεὸς,
1426 2766 1518 2818 καὶ
1559 2765 1807 2835 ἄγγελος,

228 2857 324 2908 καὶ
375 2857 567 2927 πηλὸς,
601 2857 694 2910 καὶ
743 2857 915 2926 ἥλιος,
942 2857 1038 2908 καὶ
1087 2855 1239 2925 χλόη.
1272 2856 1457 2910 Ταῦτα
1511 2857 1620 2928 γὰρ
1669 2855 1811 2910 κατὰ

227 2947 410 3000 πάντα
434 2948 633 3019 τρόπον
666 2947 890 3016 ἀνόμοιὰ
915 2950 1018 3000 εἰσι
1061 2947 1195 3018 πρὸς
1244 2947 1479 3018 ἄλληλα,
1515 2949 1602 3001 διὰ
1651 2948 1809 3001 τοῦτο

1913 461 2018 500 nec
2051 446 2230 499 anima
2277 447 2494 501 exsistit
2524 455 2651 502 ante
2689 463 2913 519 corpus,
2945 465 3068 520 quae
3125 449 3347 507 unionis
3393 449 3502 506 Do-

1915 538 2048 592 mini
2084 545 2168 592 est
2203 538 2384 606 imago
2408 539 2684 607 quaedam.

2339 649 2428 706 Vl.
2481 651 2561 705 De
2603 651 3072 708 consubstantiali.

1985 741 2126 805 Quid
2161 749 2246 796 est
2291 744 2786 807 consubstantiale,
2819 753 2871 799 et
2904 745 3206 799 secundum
3243 744 3375 814 quid
3407 743 3496 798 di-

1915 839 2062 886 ctum
2090 841 2174 886 est
2229 835 2722 894 consubstantiale.
2756 842 2809 888 et
2841 835 3230 904 quotupliciter
3261 834 3499 889 consub-

1916 926 2171 980 stantiale
2200 925 2444 979 dicitur?
2473 926 2958 985 Consuhstantiale
2985 928 3207 993 dicitur,
3239 929 3382 996 quod
3413 935 3500 982 εει

1915 1016 2159 1084 ejusdem
2193 1019 2514 1072 substantiae
2543 1028 2594 1072 et
2627 1019 2879 1072 ellicaciae
2918 1019 3125 1087 absque
3154 1019 3494 1073 discrimine.

1914 1107 2049 1162 Nam
2106 1110 2228 1164 ideo
2260 1111 2732 1165 consubstantiale
2785 1110 3010 1173 dicitur,
3053 1110 3200 1180 quod
3253 1111 3498 1163 eamdem

1916 1201 2115 1256 habeat
2152 1202 2516 1256 substantiam
2545 1211 2598 1257 et
2627 1202 2757 1256 vim.
2803 1200 3012 1256 Dicitur
3045 1209 3227 1254 autem
3257 1201 3500 1270 quinque

1914 1296 2092 1351 modis
2125 1293 2662 1356 :consubstantiale,
2711 1294 2875 1347 simul
2918 1293 3182 1362 genitum,
3231 1293 3496 1360 congeni-

1915 1398 2053 1450 tum,
2117 1387 2282 1441 simul
2334 1395 2546 1449 natum,
2587 1393 2642 1439 et
2672 1386 2816 1454 quod
2849 1393 2933 1439 est
2967 1385 3213 1454 ejusdem
3256 1386 3495 1454 generis.

1912 1478 2395 1534 Consuhstantiale
2425 1486 2606 1532 autem
2640 1486 2744 1541 est,
2777 1478 2922 1548 quod
2962 1478 3016 1531 in
3058 1478 3245 1532 eadem
3278 1463 3497 1546 quidem

1913 1575 1998 1622 est
2027 1569 2356 1634 substantia,
2390 1569 2483 1623 sed
2519 1569 2756 1637 aliquam
2791 1577 2969 1622 tamen
3013 1566 3373 1621 dill‘erentiam
3400 1567 3498 1622 ha-

1916 1659 2040 1725 bet;
2075 1660 2223 1715 verbi
2256 1660 2450 1730 gratia,
2485 1660 2624 1728 lapis
2647 1660 2920 1724 cariosus,
2946 1667 3000 1712 et
3031 1659 3262 1721 solidus,
3289 1659 3370 1712 vel
3395 1659 3497 1712 du-

1914 1765 2010 1805 rus
2045 1769 2058 1804 :
2094 1751 2619 1812 consubstantiales,
2660 1750 2766 1803 hoc
2817 1757 2921 1813 εει,
2968 1749 3132 1803 unius
3160 1759 3213 1802 et
3248 1749 3492 1816 ejusdem

1913 1851 2041 1897 sunt
2064 1843 2404 1897 substantias.
2431 1841 2509 1896 Ita
2534 1843 2740 1914 lignum
2763 1843 2976 1912 palmae,
3003 1849 3056 1897 et
3081 1842 3237 1896 ebeni
3263 1841 3492 1911 lignum,

1912 1946 1965 1992 et
1987 1952 2117 1990 caro
2141 1938 2355 2000 cameli,
2382 1951 2445 1990 ac
2474 1951 2603 1990 caro
2628 1935 2817 2006 piscis.
2852 1933 2976 1988 Haec
3004 1933 3492 1988 consubstantialia

1912 2026 2193 2090 dicuntur,
2229 2042 2295 2081 eo
2320 2026 2462 2096 quod
2494 2025 2742 2095 ejusdem
2779 2025 2890 2079 sint
2921 2025 3262 2078 substantiae.
3295 2022 3496 2091 Quem-

1913 2120 2205 2183 admodum
2240 2135 2433 2173 omnes
2475 2117 2731 2172 homines
2764 2117 2928 2170 unius
2975 2115 3298 2170 substantia:
3342 2123 3494 2181 sunt,

1913 2227 2042 2267 suas
2098 2221 2282 2266 tamen
2341 2210 2680 2265 differentias
2729 2211 2956 2275 habent,
3000 2217 3294 2279 propterea
3347 2208 3493 2280 quod

1913 2305 2052 2360 alius
2079 2305 2296 2375 quidem
2329 2317 2614 2373 procerus.
2645 2302 2786 2356 alius
2828 2301 3034 2364 brevis,
3087 2302 3229 2355 alius
3273 2311 3494 2370 potens,

1913 2397 2055 2450 alius
2083 2396 2268 2450 miser.
2302 2393 2698 2449 Verumtamen
2733 2394 2939 2463 pariter
2970 2393 3134 2446 unius
3162 2401 3218 2448 et
3247 2392 3493 2462 ejusdem

1913 2495 2042 2545 sunt
2085 2487 2428 2552 substantias,
2475 2486 2672 2540 anima:
2734 2485 2947 2541 scilicet
3000 2493 3164 2554 atque
3224 2485 3494 2555 corporis.

1910 2582 2152 2636 Alterius
2183 2579 2506 2635 substantiae
2537 2578 2762 2640 dicitur,
2803 2578 2948 2647 quod
2983 2575 3214 2631 diversa:
3247 2584 3331 2631 est
3359 2575 3495 2630 sub-

1911 2671 2147 2734 stantiae,
2197 2685 2300 2724 nec
2348 2667 2764 2752 ullatenusalii
2799 2675 2883 2720 est
2909 2665 3094 2728 afﬁne,
3132 2664 3228 2719 sed
3275 2664 3496 2734 penitus

1911 2758 2149 2812 alienum
2175 2767 2228 2811 et
2271 2757 2420 2812 omni
2467 2755 2632 2810 modo
2681 2755 2966 2820 absimile;
3006 2753 3317 2823 cujusmodi
3368 2763 3497 2810 sunt

1911 2853 2054 2922 ignis
2085 2858 2140 2905 et
2169 2865 2309 2920 aqua
2345 2868 2358 2903 :
2389 2849 2497 2902 alia
2539 2847 2743 2918 quippe
2777 2854 2861 2902 est
2903 2845 3212 2901 substantia
3259 2846 3404 2916 ignis
3439 2853 3494 2900 et

1911 2960 2066 3016 aquae
2125 2945 2254 3004 alia.
2319 2942 2558 3012 Ideoque
2612 2939 2840 2995 alterius
2897 2939 3220 2994 substantia:
3270 2938 3495 3004 dicitur,

228 3040 327 3090 καὶ
379 3038 693 3109 ἐτεροοὺσια
743 3037 1018 3106 λέγονται·
1050 3027 1189 3092 ὡσεὶ⁵
1206 3039 1294 3092 διὰ
1329 3039 1390 3092 τὸ
1438 3041 1512 3110 μὴ
1563 3039 1807 3110 μετέχειν

1912 3037 2040 3106 quia
2061 3035 2283 3090 alterius
2306 3041 2514 3089 natura:
2545 3039 2709 3103 atque
2729 3033 2944 3101 generis
2971 3047 2983 3082 :
3008 3029 3493 3102 quemadmodum,

226 3129 416 3199 ἕτερον
438 3128 538 3198 τῆς
563 3127 749 3192 οὐσίας
770 3127 863 3181 106
893 3127 1078 3199 ἑτέρου
1101 3145 1114 3158 ο
1137 3127 1274 3181 ἀλλὰ
1293 3127 1426 3198 ἄλλη
1453 3127 1553 3198 μὲν
1575 3128 1808 3196 ἐκείνου,

227 3218 419 3290 ἐτέρου
450 3219 506 3271 δὲ
539 3218 694 3290 ἄλλη,
726 3217 906 3282 καθὼς
935 3219 1167 3290 εἴρηται.

1907 3126 2094 3194 Deus,
2130 3126 2376 3197 angelus,
2424 3125 2621 3188 lutum,
2675 3124 2759 3179 sol
2810 3133 2865 3177 et
2916 3121 3122 3177 fenum.
3175 3121 3301 3178 Haec
3348 3122 3494 3177 enim

1907 3218 2164 3274 omnibus
2199 3217 2378 3272 modis
2407 3216 2682 3271 absimilia
2710 3223 2838 3272 sunt
2874 3215 3016 3268 inter
3050 3230 3129 3278 se,
3155 3221 3498 3285 quapropter

227 3315 459 3368 alterius
485 3315 807 3369 substantias
836 3314 1095 3368 dicuntur
1126 3332 1139 3368 :
1179 3321 1367 3383 utpote
1425 3314 1570 3384 quod
1598 3313 1830 3369 alterum
1863 3329 1990 3370 cum
2067 3315 2296 3370 alterius
2345 3313 2658 3369 substantia
2703 3311 2928 3367 minime
2966 3311 3358 3378 communicet,
3396 3309 3494 3365 sed

228 3407 336 3460 alia
369 3409 441 3460 sit
484 3407 650 3465 illius,
676 3406 780 3459 alia
809 3407 1055 3468 alterius,
1093 3412 1156 3460 ut
1189 3406 1392 3460 dictum
1421 3413 1524 3460 est.

594 3499 707 3554 ΥΠ.
741 3501 880 3567 Περὶ
911 3499 1120 3570 ψυχῆς
1150 3501 1246 3554 καὶ
1272 3501 1434 3566 νοός.

298 3595 512 3659 Δισσῶς
541 3596 758 3664 λέγεται
806 3596 838 3666 ἡ
887 3594 1054 3666 ψυχὴ,
1095 3595 1189 3665 μία
1226 3595 1322 3665 μὲν
1349 3596 1382 3665 ἡ
1413 3595 1627 3662 ἄλογος,
1685 3594 1806 3665 ἥτις

225 3689 348 3742 ἐστὶ
384 3689 446 3740 τὸ
510 3687 618 3739 τῶν
652 3685 894 3756 κτηνῶνο
943 3687 1103 3758 ἑτέρα
1129 3686 1186 3738 δὲ
1213 3687 1246 3756 ἡ
1277 3686 1489 3755 λογικὴ,
1514 3686 1635 3755 ἣτις
1688 3687 1805 3737 ἐστὶ

225 3779 337 3831 τῶν
403 3776 727 3845 ἀνθρώπων.
773 3778 882 3829 Kal
935 3777 968 3846 ή
1027 3777 1124 3844 μὲν
1168 3775 1275 3828 τῶν
1329 3775 1564 3845 κτηνῶν,
1599 3776 1663 3826 ἐκ
1701 3775 1805 3844 γῆς

224 3871 421 3922 ἐλαϐεν
444 3870 540 3940 τὴν
573 3869 931 3940 δημιουργίαν
977 3869 1120 3921 κατὰ
1147 3867 1281 3920 Θεοῦ
1319 3868 1630 3938 πρόσταξιν,
1662 3867 1737 3929 ὡς
1769 3868 1802 3936 ὴ

226 3961 350 4014 θεία
407 3959 557 4026 λέγει
589 3959 776 4029 Γραφή
806 3975 819 3987 ·
867 3977 884 4008 ι
910 3958 1016 4010 Kal
1042 3953 1193 4010 εἶπεν
1230 3960 1258 4010 ὁ
1288 3958 1438 4020 Θεός·
1460 3956 1805 4025 Ἐξαγαγέτω

224 4056 260 4124 ἡ
287 4053 360 4122 γῆ
391 4049 600 4121 ἑρπετὰ
619 4050 802 4120 ψυχῶν
833 4049 1041 4114 ζωσῶν.
1057 4049 1247 4101 »Ὥστε
1279 4049 1346 4102 τὰ
1365 4049 1477 4113 ζῶα
1502 4051 1565 4102 ὲκ
1590 4049 1687 4120 τῆς
1703 4050 1806 4121 γῆς

225 4143 421 4197 ἔλαϐον
473 4143 572 4213 τὴν
603 4143 798 4212 ψυχήν.
835 4141 934 4194 Διὰ
969 4141 1128 4194 τοῦτο
1168 4141 1306 4211 πρὸς
1332 4143 1402 4194 τὰ
1441 4143 1603 4211 γήϊνα
1647 4142 1806 4211 μόνον

225 4237 411 4305 ἔχουσι
438 4233 536 4304 τὴν
564 4233 737 4304 ὁρμὴν
770 4235 865 4286 καὶ
903 4235 1078 4285 πᾶσαν
1111 4232 1208 4303 τὴν
1240 4232 1438 4303 ὄρεξιν,
1471 4233 1563 4284 καὶ
1583 4233 1640 4284 οὐ
1671 4249 1803 4303 φρο-

224 4326 379 4379 νοῦσι
410 4324 480 4378 τὰ
508 4325 639 4378 ἄνω.
679 4324 802 4387 Πῶς
829 4324 883 4376 δὲ
915 4323 1132 4392 ἐγένετο
1158 4325 1191 4393 ἡ
1218 4323 1362 4394 ψυχὴ
1387 4323 1566 4376 αὐτῶν
1599 4326 1664 4375 ὲκ
1706 4324 1806 4393 τῆς

2236 3496 2400 3566 198
2435 3494 2550 3549 νη.
2592 3493 2670 3548 De
2705 3495 2883 3547 anima
2905 3503 2952 3548 et
2983 3501 3170 3547 mente.

1983 3588 2282 3659 Dupliciter
2307 3588 2511 3641 dicitur
2533 3587 2736 3639 anima.
2762 3585 2946 3638 Altera
2980 3585 3200 3653 quidem
3231 3591 3316 3639 est
3349 3585 3492 3640 irra-

1913 3682 2157 3745 tionalis,
2195 3695 2316 3750 quze
2345 3679 2632 3732 brutorum
2676 3684 2779 3743 est,
2816 3676 2988 3730 altera
3021 3690 3152 3730 vero
3181 3675 3490 3740 rationalis,

1909 3789 2030 3845 quae
2053 3782 2136 3828 est
2170 3772 2472 3826 hominum.
2497 3769 2676 3839 Atque
2701 3785 2760 3823 ea
2783 3768 3026 3838 quidem,
3057 3783 3177 3837 quae
3203 3767 3492 3821 brutoruni

1913 3875 2021 3928 est,
2053 3863 2389 3920 creationem
2423 3878 2577 3917 suam
2609 3877 2673 3914 ex
2705 3869 2853 3913 terra
2899 3859 3120 3928 accipit,
3150 3859 3306 3926 juxta
3337 3874 3492 3912 man-

1911 3958 2098 4011 datum
2130 3954 2248 4018 Dei,
2279 3951 2740 4023 quemadmodum
2771 3950 2957 4004 divina
2991 3950 3123 4003 dicit
3156 3946 3443 4019 Scriptura
3474 3970 3486 4003 :

1916 4069 1935 4102 ι
1969 4049 2034 4103 Ει
2071 4049 2207 4102 dixit
2239 4047 2403 4111 Deus,
2440 4043 2706 4115 producat
2742 4051 2889 4096 terra
2935 4042 3148 4110 reptilia
3180 4041 3490 4094 animarum

1909 4141 2206 4194 viventium
2231 4139 2296 4190 ‘9.
2325 4157 2344 4189 ι
2394 4136 2538 4206 Ergo
2566 4134 2827 4186 animalia
2860 4134 3021 4187 bruta
3058 4147 3124 4186 ex
3155 4139 3298 4185 terra
3331 4146 3491 4186 acce-

1909 4241 2106 4300 perunt
2133 4231 2370 4282 animam
2415 4242 2591 4283 suam.
2647 4222 2886 4293 Ideoque
2927 4224 2996 4278 ad
3033 4231 3249 4278 terrena
3281 4222 3486 4276 solum-

1908 4323 2070 4377 modo
2105 4323 2306 4377 habent
2339 4321 2676 4375 aﬂ‘ectionem
2708 4328 2762 4374 et
2792 4332 3009 4372 omnem
3032 4315 3353 4386 appetitum,
3390 4328 3490 4368 nec

223 4415 332 4485 γῆς
357 4416 621 4484 εἴπωμεν.
664 4413 900 4466 Ἔδωκεν
949 4413 1084 4484 ήγῆ
1135 4413 1279 4465 κατὰ
1319 4413 1614 4484 πρόσταξιν
1665 4413 1798 4464 Θεοῦ

1912 4425 1990 4470 εει
2024 4416 2130 4470 illis
2161 4429 2341 4469 rerum
2366 4413 2670 4468 cmlestium
2702 4426 2854 4464 cura.
2891 4407 3177 4474 Quomodo
3207 4422 3337 4462 vero
3369 4407 3482 4460 ani-

227 4505 410 4574 σάρκα
431 4505 545 4566 τοῖς
575 4504 858 4574 κτήνεσιν·
886 4507 919 4572 ἡ
953 4504 1008 4556 δὲ
1037 4503 1172 4574 σὰρξ
1203 4507 1502 4574 πεποίηκεν
1537 4499 1674 4572 αἷμα
1731 4505 1804 4554 Τὸ

222 4598 282 4651 δὲ
313 4592 454 4666 αἷμα
485 4596 678 4664 γέγονε
705 4594 850 4667 ψυχὴ
876 4593 1156 4665 κτηνώδης
1184 4593 1263 4664 τῷ
1296 4593 1438 4664 ζώῳ,
1467 4593 1607 4646 ὥστε
1643 4595 1802 4646 πάλιν

224 4687 522 4755 Θνὴξαντος
569 4684 663 4738 τοῦ
717 4684 875 4749 ζώου,
916 4684 976 4736 τὸ
1018 4678 1154 4753 αἷμα
1211 4683 1458 4754 πεπηγὸς
1494 4686 1573 4746 εἰς
1628 4684 1802 4754 σάρκα

228 4778 648 4851 μεταϐάλλεται.
697 4778 761 4830 Ἦ
787 4777 843 4829 δὲ
883 4775 1021 4847 σὰρξ
1047 4777 1332 4848 φθαρεῖσα,
1366 4777 1527 4830 πάλιν
1584 4775 1805 4828 ἀναλυο-

228 4872 388 4944 μένη,
426 4873 637 4939 γίνεται
668 4869 760 4938 γῆ.
797 4869 908 4922 Kal
957 4867 1045 4921 διὰ
1101 4869 1258 4921 τοῦτο
1290 4867 1565 4936 ἀγνοοῦσι,
1597 4869 1691 4920 καὶ
1739 4867 1800 4918 οὑ

225 4963 486 5035 φρονοῦσι
537 4962 606 5014 τὰ
653 4963 782 5016 ἄνω.
829 4960 885 5012 ὐ
936 4960 991 5012 δὲ
1047 4959 1330 5031 ἄνθρωπος
1371 4962 1436 5014 ὲκ
1491 4961 1591 5031 τῆς
1653 4959 1802 5021 Oeta;

223 5053 581 5124 ὲμπνεύσεως
629 5053 830 5124 ἔσχηκε
881 5053 978 5124 τὴν
1033 5053 1230 5124 ψυχὴν,
1265 5051 1350 5104 διὰ
1406 5051 1566 5104 τοῦτο
1611 5050 1802 5102 καὶτὰ

223 5149 346 5200 Θεῖα
380 5145 750 5215 ἐπιγινώσκει,
783 5147 874 5199 καὶ
900 5146 966 5198 τὰ
994 5145 1104 5198 ἄνω
1131 5144 1332 5207 διώκει,
1359 5144 1450 5196 καὶ
1480 5142 1548 5196 τὰ
1578 5142 1801 5212 οὐράνια

220 5242 356 5305 νοεῖ,
390 5241 486 5293 καὶ
507 5239 721 5308 λογικὸς
754 5239 990 5308 ὑπάρχει
1039 5237 1129 5290 καὶ
1161 5237 1364 5300 ἔννους.
1411 5235 1569 5288 Ἀλλὰ
1615 5235 1802 5306 μηδεὶς

222 5333 542 5395 ὑπονοείτω,
573 5333 654 5384 ὅτι
685 5332 742 5384 τὸ
776 5331 1010 5401 πνεῦμα,
1045 5332 1182 5401 ὅπερ
1215 5329 1546 5399 ἐνεφύσησεν
1593 5330 1622 5381 ὁ
1667 5329 1800 5392 Θεὸς

222 5429 284 5478 ὲν
338 5425 417 5494 τῷ
447 5423 736 5494 ἀνθρώπῳ,
772 5426 947 5476 ἐκεῖνο
979 5422 1193 5490 ἐγένετο
1219 5422 1362 5492 ψυχή
1385 5439 1398 5452 ·
1440 5421 1512 5493 μὴ
1546 5421 1753 5490 γένοιτο
1781 5439 1795 5452 ο

219 5515 364 5570 ἀλλὰ
385 5516 448 5568 τὸ
483 5515 695 5584 πνεῦμα
721 5517 898 5568 ἐκεῖνο
919 5513 1094 5586 ψυχὴν
1123 5512 1571 5584 ἐδημιούργησεν.
1598 5515 1660 5567 ΕΞ
1691 5514 1799 5586 γὰρ

295 5677 341 5710 ⁸⁸
380 5676 580 5732 Geaes.
620 5690 672 5740 ι,
704 5675 790 5728 20.

1906 4524 1992 4559 ina
2034 4523 2221 4561 eorum
2255 4521 2322 4558 ex
2346 4514 2491 4558 terra
2529 4502 2669 4556 facta
2705 4503 2800 4564 sit,
2833 4501 3102 4555 dicamus.
3135 4497 3292 4552 Dedit
3317 4507 3483 4562 terra,

1899 4597 2053 4667 juxta
2084 4605 2411 4667 praeceptum
2448 4595 2564 4660 Dei,
2598 4594 2775 4648 brutis
2803 4607 3024 4646 carnem
3055 4609 3068 4644 :
3095 4605 3224 4644 caro
3262 4588 3484 4659 sangui-

1903 4709 2026 4747 nem
2065 4700 2148 4745 est
2178 4699 2400 4761 operata
2454 4708 2467 4742 :
2507 4687 2734 4757 sanguis
2761 4695 2966 4750 autem,
2997 4684 3161 4738 bruta
3193 4682 3373 4736 anima
3406 4682 3486 4736 l'a-

1903 4791 2024 4835 ctus
2051 4789 2135 4835 est
2160 4781 2382 4832 animali
2414 4779 2738 4832 irrationali.
2777 4775 2958 4842 Quare
2986 4782 3204 4827 mortuo
3238 4773 3480 4834 animali,

1904 4874 2188 4942 sanguinis
2231 4879 2524 4926 concretus
2558 4871 2614 4924 iu
2645 4884 2867 4924 carnem
2897 4872 3318 4921 transmutatur.
3345 4863 3484 4918 Caro

1903 4973 2084 5018 autem
2111 4973 2370 5033 corrupta
2401 4971 2454 5018 et
2487 4966 2749 5022 resoluta,
2784 4969 2928 5014 terra
2962 4959 3022 5010 fit
3057 4971 3273 5010 rursus.
3306 4955 3484 5024 Atque

1903 5074 2020 5111 eam
2050 5056 2120 5110 ob
2149 5071 2369 5111 causam
2397 5055 2652 5125 ignorant
2679 5053 2791 5116 illa,
2817 5065 2995 5119 neque
3022 5053 3218 5101 curant
3253 5062 3340 5100 res
3370 5061 3477 5100 ca:-

1904 5150 2090 5204 l'estes.
2122 5147 2229 5203 Sed
2268 5150 2431 5203 homo
2466 5163 2533 5202 ex
2565 5147 2928 5216 inspiratione
2965 5141 3148 5196 divina
3180 5154 3336 5193 suam
3364 5139 3482 5192 ani-

1903 5256 2048 5294 mam
2111 5241 2342 5310 accepit,
2401 5239 2523 5293 ideo
2563 5253 2652 5292 res
2698 5237 2912 5291 divinas
2943 5230 3210 5303 agnoscit,
3244 5243 3480 5297 superna

1903 5332 2272 5404 persequitur,
2294 5339 2348 5386 ει
2372 5347 2460 5385 res
2485 5331 2738 5384 ccelestes
2761 5325 3016 5395 intelligit
3047 5343 3060 5377 :
3095 5329 3288 5410 estque
3315 5321 3480 5374 ratio-

1903 5422 2065 5488 nalis,
2093 5431 2146 5476 et
2167 5430 2349 5477 mente
2375 5421 2655 5492 przeditus.
2683 5418 2952 5474 Cmterum
2987 5429 3146 5469 nemo
3177 5410 3475 5470 existimet,

1903 5514 2046 5586 quod
2103 5514 2194 5570 ille
2243 5514 2494 5586 spiritus,
2535 5527 2696 5584 quem
2755 5511 2810 5565 in
2863 5507 3138 5564 hominem
3185 5501 3478 5559 insulilarit
