3840 6194
402 248 505 304 δη

1567 248 1624 304 S.
1651 247 2114 305 ATHANASIUS.
2146 282 2213 291 --
2254 248 2531 306 SPURIA.

3566 251 3685 308 548

400 364 568 428 Deus,
627 364 806 419 {actus
844 363 917 419 sit
972 362 1175 419 anima.
1228 362 1418 418 Absit!
1474 363 1581 418 Sed
1616 366 1846 435 spiritus
1897 367 1979 420 ille

2086 368 2261 420 ἐκεῖνο
2280 367 2339 419 τὸ
2364 367 2582 437 πνεῦμα
2607 365 2751 436 ψυχὴ
2784 368 2841 419 ἐν
2872 365 2951 437 τῷ
2976 364 3268 437 ἀνθρώπῳ,
3302 367 3444 437 τάχα
3476 367 3543 419 ἐκ
3574 367 3689 438 τῆς

399 458 604 515 creavit
640 459 899 512 animam.
933 455 1071 511 Nam
1103 457 1150 512 si
1175 457 1232 510 in
1262 456 1483 512 homine
1518 458 1745 526 spiritus
1777 459 1867 513 ille
1896 474 1981 513 es-

402 557 486 604 set
517 550 718 610 anima,
763 555 910 603 esset
955 547 1215 601 nimirum
1258 549 1441 602 anima
1488 563 1553 602 ex
1591 547 1685 602 Dei
1717 550 1977 605 essentia.

405 642 462 695 Si
494 657 624 712 ergo
651 658 714 696 ex
738 640 833 695 Dei
855 639 1098 696 essentia
1126 645 1271 693 esset
1295 640 1496 700 anima,
1526 654 1697 708 quare
1722 654 1830 693 non
1855 640 1982 693 inal-

403 735 648 789 terabilis
702 748 920 804 semper
968 740 1116 787 esset
1161 741 1216 787 et
1250 731 1629 794 immutabilis,
1674 732 1855 801 qualis
1899 741 1983 787 est

405 826 585 882 Deus?
634 824 814 895 lnquit
852 825 996 879 enim
1032 826 1149 893 ipse
1183 839 1199 876 :
1234 843 1252 869 ι
1290 823 1403 894 Ego
1444 823 1561 892 ipse
1608 839 1755 889 sum,
1785 831 1841 878 et
1870 838 1981 877 non

403 926 586 972 mutor
608 919 677 970 ⁷ο.
710 937 730 969 ι
761 916 957 972 Anima
1014 926 1194 970 autem
1248 915 1527 970 interdum
1557 915 1777 984 quidem
1815 915 1983 969 stulta

401 1018 507 1075 est,
549 1009 822 1064 interdum
851 1007 1090 1077 sapiens,
1140 1006 1416 1061 interdum
1462 1006 1762 1076 peccatrix,
1809 1007 1984 1062 inter-

401 1103 533 1157 dum
583 1104 773 1172 justa:
813 1111 867 1155 et
926 1101 1032 1154 alio
1081 1100 1303 1169 quidem
1339 1107 1584 1167 tempore
1641 1098 1839 1165 ﬁdelis,
1877 1099 1984 1154 alio

400 1208 532 1249 vero
560 1201 805 1262 tempore
844 1190 1124 1245 incredula
1161 1208 1177 1245 :
1216 1190 1509 1259 aliquando
1540 1206 1725 1244 rerum
1769 1190 1980 1260 ignara,

402 1285 698 1353 aliquando
726 1299 919 1354 gnara,
945 1297 1344 1351 nonnunquam
1378 1282 1576 1337 alacris
1605 1290 1660 1337 et
1689 1282 1984 1352 aliquando

403 1376 607 1446 segnis.
629 1376 767 1429 Cum
788 1376 904 1429 ιιι]ιο
932 1376 986 1429 in
1020 1390 1140 1430 sese
1165 1375 1363 1428 habeat
1389 1373 1592 1436 anima,
1628 1388 1865 1442 quonam
1888 1389 1984 1444 pa-

401 1474 492 1521 cto
515 1466 624 1521 dici
652 1473 851 1536 potest,
877 1466 1022 1535 quod
1046 1482 1111 1521 ex
1134 1465 1229 1519 Dei
1253 1465 1323 1519 sit
1351 1463 1783 1520 essentia?-lllud
1810 1465 1984 1519 haud-

403 1573 675 1628 quaquam
705 1573 826 1612 esse
862 1565 1062 1628 potest.
1109 1554 1217 1611 Sed
1265 1558 1382 1611 haec
1421 1556 1711 1625 inspiratio
1742 1556 1983 1609 animam

404 1653 460 1706 in
488 1652 707 1706 homine
734 1651 1001 1706 fabricata
1024 1660 1109 1707 est
1133 1652 1454 1707 rationalem
1483 1660 1537 1706 et
1563 1651 1978 1720 intelligentem.

2087 456 2273 521 οὐσίας
2300 455 2394 509 τοῦ
2427 456 2562 509 Θεοῦ
2594 459 2627 528 ή
2659 458 2804 529 ψυχὴ
2856 456 3078 528 ἔμελλεν
3108 454 3266 512 εἶναι.
3335 457 3459 511 Ἐὰν
3491 459 3686 529 ὑπῆρ-

2089 562 2179 615 χεν
2212 549 2243 616 ἡ
2272 545 2416 617 ψυχὴ
2446 547 2511 598 ἐκ
2542 546 2642 615 τῆς
2670 538 2881 609 οὐσίας
2906 546 3001 600 τοῦ
3027 546 3183 609 Θεοῦ,
3212 546 3301 599 διὰ
3331 546 3385 599 τί
3427 548 3528 600 οὐκ
3557 547 3687 601 ἔστι

2088 638 2318 689 πάντοτε
2383 637 2758 701 ἀναλλοίωτος,
2824 640 3112 710 ἄτρεπτος,
3167 639 3355 711 ὥσπερ
3411 641 3440 692 ὀ
3500 639 3681 705 Θεόςς

2089 731 2295 791 ἐκεῖνος
2338 729 2446 800 γὰρ
2499 729 2646 797 λέγει
2702 731 2818 782 ὅτι·
2846 752 2864 781 ι
2889 716 3060 794 Λὺτός
3104 731 3213 799 ἐγώ
3270 733 3407 802 εἰμι,
3448 732 3546 784 καὶ
3574 732 3684 785 οὐκ

2087 819 2407 889 ὴλλοίωμαι.
2451 841 2468 871 ι
2515 822 2576 874 Ἠ
2603 822 2659 874 δὲ
2684 821 2827 893 ψυχή
2855 840 2985 875 ποτε
3019 824 3115 892 μὲν
3144 818 3277 875 οὖσα
3318 823 3498 895 μωρὰ,
3529 822 3674 876 ποτὲ

2087 911 2142 963 δὲ
2199 911 2492 982 φρόνιμος·
2533 913 2625 966 καί
2674 931 2804 967 ποτε
2835 915 2934 984 μὲν
2973 913 3315 985 ἁμαρτωλὸς,
3359 917 3489 968 ποτὲ
3510 916 3571 967 δὲ
3595 914 3682 967 δι-

2088 1002 2219 1055 καία
2243 1020 2256 1033 ·
2288 1003 2380 1055 καὶ
2418 1002 2606 1056 ἄλλοτε
2650 1003 2836 1073 πιστὴ,
2873 1003 2968 1056 καὶ
3015 1003 3203 1057 ἄλλοτε
3270 1005 3527 1066 ἄπιστος·
3578 1003 3680 1057 καί

2089 1111 2219 1147 ποτε
2255 1096 2353 1165 μὲν
2385 1094 2674 1162 ἀγνοοῦσα,
2713 1096 2842 1148 ποτέ
2873 1095 2929 1148 δὲ
2972 1094 3348 1162 γινώσκουσα·
3393 1096 3487 1147 καί
3537 1112 3678 1147 ποτε

2092 1187 2188 1257 μὲν
2219 1185 2496 1258 πρόθυμος
2518 1181 2671 1249 οὖσα,
2702 1186 2833 1240 ποτὲ
2860 1186 2916 1239 δὲ
2962 1186 3190 1257 ὀκνηρά.
3227 1185 3412 1239 Ταῦτα
3445 1185 3673 1256 ἔχουσα,

2089 1279 2205 1342 πῶς
2231 1266 2451 1334 δύναται
2476 1277 2726 1346 λέγεσθαι
2754 1279 2817 1330 ἐκ
2856 1277 2953 1347 τῆς
2978 1277 3162 1339 οὐσίας
3190 1272 3327 1330 εἶναι
3366 1276 3459 1330 τοῦ
3494 1275 3671 1341 Θεοῦς

2087 1374 2186 1426 οὐκ
2217 1371 2332 1424 ἐστι
2361 1373 2536 1434 τοῦτο,
2572 1371 2672 1423 οὐκ
2729 1371 2864 1424 ἔστι.
2899 1370 2971 1422 Τὸ
3033 1369 3091 1421 δέ
3139 1369 3439 1439 ἐμφύσημα
3468 1370 3670 1431 ἐκεῖνο,

2087 1464 2263 1534 ψυχὴν
2290 1462 2719 1534 ἐδημιούργησεν
2749 1464 2806 1515 ἐν
2850 1461 2925 1532 τῷ
2950 1459 3222 1531 ἀνθρώπῳ
3250 1501 3265 1524 ,
3299 1459 3522 1531 λογικὴν
3576 1461 3673 1513 καὶ

2088 1559 2299 1628 νοεράν.
2333 1555 2431 1608 Διὰ
2460 1555 2619 1608 τοῦτο
2643 1554 2736 1606 καὶ
2764 1556 2795 1623 ἡ
2823 1552 2969 1623 ψυχὴ
2993 1552 3195 1623 νοερῶς
3225 1552 3293 1606 τὰ
3326 1553 3438 1606 ἄνω
3464 1552 3672 1620 φαντά-

2090 1646 2258 1712 ζεται,
2287 1647 2380 1699 καὶ
2399 1646 2467 1698 τά
2501 1644 2713 1697 ἐκεῖθεν
2746 1644 2897 1712 ζητεῖ
2948 1644 3040 1695 καὶ
3066 1642 3316 1713 ὀρέγεται
3344 1643 3438 1695 καὶ
3489 1642 3669 1705 ποθεῖ,

370 1798 379 1807 ,
400 1742 747 1812 Quapropter
767 1744 946 1796 anima
978 1759 1199 1815 quoque
1220 1743 1575 1813 intelligendo
1598 1758 1838 1814 superna
1860 1758 1979 1813 spe-

2086 1735 2166 1787 ὅτι
2202 1734 2407 1787 ἐκεῖθεν
2432 1733 2545 1803 ἔχει
2577 1734 2676 1801 τὴν
2702 1731 3085 1802 δημιουργίαν.
3125 1733 3186 1783 Ἡ
3209 1731 3265 1784 δὲ
3293 1731 3401 1784 τῶν
3430 1731 3668 1799 ἀλόγων,

399 1834 637 1896 culatur,
673 1839 729 1886 et
764 1848 885 1901 quae
923 1833 1038 1886 illic
1060 1841 1208 1897 sunt,
1243 1833 1458 1903 quaerit,
1492 1833 1698 1903 appetit
1750 1843 1803 1889 et
1841 1834 1986 1889 desi-

398 1920 578 1983 derat,
615 1923 872 1991 quoniam
890 1922 1042 1976 illinc
1064 1923 1227 1977 habet
1250 1922 1580 1977 creationem
1618 1936 1796 1977 suam.
1841 1924 1988 1976 lrra-

400 2008 624 2062 tionalis
657 2016 839 2062 autem
887 2010 1071 2063 anima
1108 2025 1216 2065 non
1253 2010 1370 2075 sic;
1406 2010 1501 2065 sed
1543 2010 1672 2080 quia
1709 2012 1986 2068 terrestris

399 2104 508 2161 est,
534 2098 878 2153 solummodo
902 2100 1185 2154 terrestria
1217 2102 1432 2169 quaerit,
1468 2100 1700 2169 ideoque
1731 2116 1839 2155 una
1861 2115 1985 2155 cum

400 2204 633 2259 corpore
665 2191 917 2245 moritur.
950 2191 1145 2245 Anima
1180 2208 1309 2247 vero
1343 2191 1581 2246 hominis
1612 2199 1877 2246 aeternum
1904 2193 1987 2246 vi-

399 2295 431 2330 ν
457 2286 497 2342 ι,
535 2289 726 2334 etnon
775 2281 936 2335 habet
984 2281 1168 2336 ﬁnem.
1204 2280 1377 2336 Habet
1409 2290 1590 2337 autem
1646 2282 1829 2335 anima
1872 2291 1986 2339 tres

399 2378 582 2440 partes
610 2389 623 2425 :
650 2371 1052 2436 rationabilem,
1079 2372 1434 2436 irascibilem,
1469 2374 1979 2442 concupiseibilem.

399 2470 578 2531 Atque
609 2477 705 2531 per
733 2470 943 2531 partem
964 2464 1183 2533 quidem
1208 2465 1531 2519 rationalem
1567 2465 1737 2520 Deum
1769 2466 1944 2535 diligit
1969 2485 1981 2520 :

402 2566 500 2621 per
536 2552 864 2606 irascibilem
900 2545 1030 2608 vero
1065 2554 1410 2609 daemonibus
1441 2555 1723 2620 irascitur,
1768 2566 1824 2611 et
1867 2572 1988 2612 sese

400 2650 625 2699 strenue
671 2644 937 2700 adversus
965 2660 1062 2701 eos
1090 2647 1230 2716 gerit
1258 2664 1274 2713 ;
1325 2654 1381 2700 et
1416 2664 1510 2717 per
1541 2657 1752 2718 partem
1783 2664 1988 2705 concu-

400 2731 727 2800 piscibilem,
770 2732 914 2787 bona
958 2735 1164 2803 appetit
1193 2745 1417 2788 αξιοι-ηε.
1456 2734 1631 2790 Habet
1662 2744 1846 2792 autem
1886 2736 1987 2792 ho-

403 2837 493 2878 mo
528 2839 724 2879 sensus
754 2826 997 2895 quinque
1028 2826 1362 2895 corporales,
1381 2835 1434 2881 et
1451 2829 1697 2897 quinque
1727 2829 1980 2898 spiritua-

402 2915 482 2969 les
534 2934 547 2970 :
589 2919 904 2988 corporales
946 2920 1167 2988 quidem
1200 2927 1329 2975 sunt
1359 2920 1446 2975 isti
1483 2937 1496 2973 :
1534 2921 1708 2984 visus,
1741 2922 1982 2985 auditus,

400 3007 656 3071 olfactus,
702 3021 894 3080 gustus
926 3017 979 3065 ct
1014 3019 1215 3066 tactus.
1269 3010 1707 3066 Considerantur
1752 3027 1883 3066 vero
1929 3014 1983 3066 in

2087 1828 2184 1897 οὐχ
2220 1827 2411 1889 οὕτως,
2447 1827 2560 1879 ἀλλ’
2591 1826 2829 1893 ἐπίγειος
2862 1821 3019 1886 οὖσα,
3045 1824 3113 1877 τὰ
3151 1826 3369 1893 ἐπίγεια
3404 1824 3541 1894 μόνα
3571 1825 3673 1895 ζη-

2085 1922 2168 1972 τεῖ
2190 1937 2203 1950 ·
2250 1919 2330 1973 διὸ
2375 1918 2468 1972 καὶ
2499 1917 2936 1986 συναποθνήσκει
2963 1916 3039 1986 τῷ
3081 1915 3313 1986 σώματι.
3341 1915 3447 1969 Τοῦ
3477 1916 3534 1969 δέ
3573 1918 3672 1970 άν-

2088 2010 2305 2082 θρώπου
2339 2013 2372 2081 ή
2403 2010 2568 2081 ψυχὴ,
2595 2008 2821 2072 ἀείζωος
2852 2008 3085 2079 ὑπάρχει
3137 2010 3230 2062 καὶ
3285 2008 3664 2079 ἀτελεύτητος.

2091 2104 2240 2173 Ἔχει
2267 2102 2320 2156 δὲ
2364 2105 2396 2173 ή
2447 2102 2591 2172 ψυχὴ
2650 2101 2776 2170 τρία
2818 2102 2979 2171 μέρη,
3038 2101 3273 2169 λογικὸν,
3314 2100 3541 2172 θυμικὸν
3572 2103 3670 2155 καὶ

2087 2194 2495 2264 ἐπιθυμητικόν.
2521 2194 2629 2247 Καὶ
2654 2192 2742 2246 διὰ
2774 2194 2869 2263 μέν
2902 2192 2995 2245 τοῦ
3030 2191 3247 2263 λογικρῦ
3297 2193 3495 2263 μέρους
3523 2193 3668 2257 ἀγα-

2088 2289 2164 2357 πᾷ
2192 2288 2282 2339 τὸν
2313 2287 2443 2338 Θεόν
2462 2302 2475 2314 ·
2510 2285 2597 2338 διὰ
2627 2284 2718 2339 τοῦ
2746 2283 2977 2355 θυμικοῦ
3009 2284 3207 2354 μέρους
3235 2283 3511 2354 ὀργίζεται
3552 2287 3668 2362 τοῖς

2086 2381 2334 2451 δαίμοσιν
2358 2419 2373 2443 ,
2411 2377 2770 2451 ἀνδριζομένη
2791 2381 2910 2432 κατ’
2943 2378 3152 2431 αὐτῶν
3185 2377 3272 2430 διὰ
3295 2377 3352 2430 δὲ
3398 2377 3492 2431 τοῦ
3541 2378 3663 2430 ἐπι-

2088 2473 2387 2543 θυμητικοῦ
2425 2472 2624 2542 μέρους
2647 2471 2902 2541 ἐπιθυμεῖ
2934 2470 3001 2523 τὰ
3041 2468 3236 2524 αἰώνια
3269 2468 3471 2537 ἀγαθά.
3507 2470 3664 2539 Ἔχει

2085 2566 2141 2619 δὲ
2160 2568 2188 2618 ὁ
2211 2564 2495 2636 ἄνθρωπος
2526 2562 2806 2633 αἰσθήσεις
2837 2562 3000 2615 πέντε
3022 2561 3358 2633 σωματικάς,
3380 2562 3476 2615 καὶ
3500 2561 3662 2615 πέντε

2086 2658 2347 2728 ψυχικάς·
2384 2658 2437 2708 αἱ
2464 2654 2774 2725 σωματικαὶ
2803 2654 2902 2723 μέν
2934 2656 3071 2707 εἰσιν
3099 2670 3113 2682 ·
3146 2654 3354 2725 ὅρασις,
3390 2652 3548 2724 ἀκοὴ,
3571 2653 3666 2707 δσ-

2088 2765 2310 2819 φρησις,
2368 2746 2576 2815 γεῦσις,
2628 2746 2723 2799 καὶ
2754 2745 2891 2815 ἁφή.
2927 2745 3224 2817 Θεωρεῖται
3265 2745 3322 2798 δὲ
3379 2746 3436 2797 ἐν
3465 2745 3564 2815 μὲν
3593 2747 3660 2815 τῇ

2086 2838 2271 2908 ὁράσει
2297 2838 2356 2888 τὸ
2385 2836 2576 2888 λευκὸν
2611 2836 2706 2889 καὶ¹
2741 2836 2928 2906 μέλαν,
2964 2836 3022 2886 ἐν
3055 2834 3110 2887 δὲ
3137 2837 3201 2903 τῇ
3246 2835 3403 2904 ἀκοῇ,
3455 2834 3515 2886 τὸ
3567 2833 3662 2897 ὀξὺ

2087 2928 2179 2980 καὶ
2207 2928 2267 2979 τὸ
2292 2926 2427 2997 βαρύ
2449 2944 2461 2956 ·
2500 2930 2556 2980 ἐν
2582 2927 2637 2979 δὲ
2672 2929 2737 2997 τῇ
2769 2928 3033 2997 ὀσφρήσει
3053 2925 3113 2978 τὸ
3157 2924 3381 2994 εῦοσμον
3415 2924 3509 2978 καὶ
3537 2925 3666 2977 δυσ-

2087 3019 2220 3082 ῶδες
2242 3036 2255 3048 ·
2314 3020 2370 3071 ἐν
2398 3020 2455 3071 δὲ
2480 3022 2546 3089 τῇ
2578 3018 2764 3086 γεύσει
2796 3018 2859 3070 τὸ
2899 3017 3072 3085 γλυκὺ
3110 3017 3203 3070 καὶ
3242 3017 3466 3087 πικρόν’
3516 3017 3575 3070 ἐν
3606 3016 3665 3070 δὲ

400 3098 522 3153 visu
548 3099 788 3167 quidem,
826 3102 1005 3154 album
1040 3108 1095 3155 et
1126 3085 1380 3171 nigrum:
1397 3100 1456 3155 In
1501 3103 1713 3165 auditu,
1759 3112 1976 3157 acutum

2086 3114 2151 3182 τῇ
2209 3114 2341 3182 ἁφῇ,
2372 3111 2434 3163 τὸ
2490 3085 2722 3181 σκληρὸν
2776 3109 2869 3162 καὶ
2918 3109 3156 3179 μαλακὸν
3190 3110 3284 3162 καὶ
3331 3085 3532 3180 θερμὸν
3567 3109 3664 3162 καὶ

399 3195 453 3241 ct
479 3202 664 3257 grave.
693 3186 751 3241 In
784 3189 1009 3254 olfactu,
1047 3202 1237 3259 gratus
1266 3191 1401 3246 odor
1431 3196 1484 3247 et
1514 3209 1680 3263 grave
1710 3196 1885 3252 olens.
1924 3195 1983 3250 ln

401 3289 585 3349 gustu,
612 3280 771 3335 dulce
797 3290 850 3335 et
880 3297 1149 3336 amarum.
1185 3282 1244 3337 In
1280 3291 1452 3347 tactu,
1485 3285 1683 3339 durum
1715 3295 1767 3339 et
1795 3287 1978 3351 molle,

401 3372 639 3425 calidum
692 3383 746 3426 et
803 3371 1081 3441 frigidum.
1136 3373 1345 3430 Sensus
1375 3383 1556 3430 autem
1614 3378 1810 3432 animae
1854 3388 1982 3434 sunt

401 3462 490 3516 isti
525 3479 539 3514 :
577 3460 749 3524 Mens,
788 3462 1162 3532 intelligentia,
1192 3465 1399 3534 Opinio,
1428 3465 1740 3535 phantasia,
1772 3477 1826 3521 et
1856 3483 1982 3523 sen-

400 3568 516 3608 sus.
565 3551 882 3623 Diciturque
942 3555 1378 3626 uniuscujusque
1453 3572 1649 3613 sensus
1713 3572 1981 3627 organum

401 3643 729 3706 sensorium,
760 3659 826 3697 eo
861 3644 1009 3714 quod
1039 3661 1259 3701 sensum
1294 3654 1581 3702 conservet
1619 3651 1819 3702 animal
1854 3666 1981 3705 sen-

316 3744 321 3748 '
402 3732 645 3787 sitivum.
676 3732 867 3802 Operae
899 3745 1079 3790 autem
1120 3738 1354 3806 pretium
1401 3745 1486 3792 est
1525 3744 1579 3792 et
1628 3739 1732 3793 hoc
1778 3754 1982 3809 cogno-

402 3839 580 3888 scere,
624 3825 769 3896 quod
817 3827 1025 3893 quaevis
1069 3842 1198 3882 caro
1244 3845 1443 3899 corpus
1474 3845 1691 3900 quoque
1740 3831 1975 3896 dicatur,

401 3931 511 3971 nou
538 3929 718 3971 autem
751 3917 983 3987 quodvis
1031 3934 1232 3990 corpus
1260 3922 1476 3976 dicatur
1524 3924 1687 3977 etiam
1720 3939 1869 3978 caro.
1916 3924 1980 3978 Et

400 4022 532 4061 sane
574 4009 743 4061 stella:
787 4009 1035 4062 coelestia
1067 4024 1299 4079 corpora
1336 4012 1612 4075 dicuntur,
1650 4028 1757 4066 non
1797 4022 1977 4067 tamen

398 4104 665 4150 vocantur
684 4097 940 4152 cmlestes
957 4112 1172 4153 carnes.
1191 4100 1368 4169 Atque
1386 4116 1587 4170 corpus
1608 4103 1825 4171 quidem
1848 4104 1981 4157 dici-

400 4195 491 4242 tur
518 4188 810 4258 dupliciter
834 4209 846 4244 :
872 4206 1075 4261 corpus
1098 4194 1402 4258 matcriale,
1441 4203 1494 4249 et
1525 4210 1727 4265 corpus
1756 4197 1977 4251 subtile.

399 4278 477 4332 Ac
502 4294 701 4349 corpus
728 4281 949 4350 quidem
987 4284 1266 4339 materiale
1303 4292 1408 4342 est.
1455 4286 1603 4354 quod
1643 4287 1977 4356 deprehendi

399 4382 563 4422 manu
595 4378 793 4438 potest,
832 4379 886 4425 et
915 4373 1061 4440 quod
1092 4376 1432 4444 corruptioni
1474 4377 1746 4447 mortique
1766 4387 1850 4433 cst
1880 4379 1979 4433 ob-

2088 3202 2328 3273 ψυχρόψ
2374 3203 2471 3273 τῆς
2496 3203 2551 3255 δὲ
2585 3201 2762 3271 ψυχῆς
2792 3201 2860 3254 τὰ
2920 3200 3246 3271 αίσθητήριά
3298 3202 3403 3252 είσι
3460 3200 3664 3253 ταῦτα’

2088 3295 2231 3358 νοῦς,
2266 3294 2495 3359 διάνοια,
2516 3295 2660 3359 δόξα,
2690 3295 2976 3363 φαντασία,
3009 3294 3102 3346 καὶ
3133 3293 3402 3363 αἴσθησις.
3428 3293 3665 3361 Λέγεται

2086 3387 2141 3439 δέ
2169 3389 2295 3458 μιᾶς
2313 3387 2546 3457 ἑκάστης
2572 3386 2871 3456 αἰσθήσεως
2900 3386 3153 3457 ὄργανον,
3170 3385 3666 3456 αἱσθητήριον,ἀπὸ

2086 3478 2178 3532 τοῦ
2206 3482 2390 3550 τηρεῖν
2422 3479 2519 3550 τὴν
2557 3478 2806 3549 αἴσθησιν
2841 3477 3151 3547 αἰσθητικὸν
3189 3477 3251 3530 τὸ
3280 3476 3435 3541 ζῶον.
3475 3478 3567 3529 Δεῖ
3606 3477 3666 3530 δὲ

2086 3566 2368 3620 καὶτοῦτο
2413 3567 2721 3635 γινώσκειν,
2757 3568 2838 3620 ὅτι
2886 3569 3035 3620 πᾶσα
3073 3566 3210 3637 σάρξ
3253 3568 3343 3620 καὶ
3381 3565 3542 3636 σῶμα
3575 3566 3667 3619 λέ-

2084 3676 2270 3727 γεται·
2300 3660 2361 3711 οὐ
2396 3660 2503 3712 πᾶν
2530 3659 2586 3711 δέ
2630 3658 2807 3730 σῶμα,
2843 3659 2937 3711 καὶ
2971 3658 3107 3728 σὰρξ
3149 3657 3492 3728 ὀνομάζεται.
3550 3658 3666 3711 Καὶ

2084 3752 2134 3803 οἱ
2162 3751 2408 3823 ἀστέρες,
2444 3750 2666 3821 σώματα
2690 3752 2983 3821 ἐπουράνια
3014 3750 3285 3817 λέγονται,
3319 3750 3380 3802 οὐ
3429 3750 3538 3820 μὴν
3568 3750 3667 3802 καὶ

2087 3843 2285 3911 σάρκες
2320 3842 2659 3912 ἐπουράνιοιῖ
2688 3842 2868 3895 Καὶτὺ
2899 3843 2996 3912 μὲν
3024 3843 3181 3913 σῶμα
3208 3842 3399 3905 διττῶς
3423 3844 3663 3914 εἴρηται,
3702 3836 3725 3845 ”

2087 3933 2244 4003 σῶμα
2280 3932 2485 3996 ὑλικὸν,
2521 3934 2615 3987 καὶ
2668 3933 2826 4002 σῶμα
2875 3932 3087 3985 λεπτόν.
3124 3932 3231 3985 Καὶ
3255 3934 3314 3985 τὸ
3346 3933 3445 4001 μὲν
3478 3933 3665 3987 ὑλικὸν

2086 4024 2246 4093 σῶμά
2276 4027 2390 4076 ἐστι
2410 4023 2470 4075 τὸ
2496 4023 2862 4095 κρατούμενον
2891 4023 2977 4076 διὰ
3010 4025 3210 4093 χειρὸς,
3248 4024 3339 4076 καὶ
3359 4023 3535 4094 φθορᾷ
3568 4026 3664 4077 καὶ

2084 4115 2297 4185 θανάτῳ
2330 4117 2714 4185 ὑποκείμενον·
2749 4115 2906 4184 σῶμα
2931 4116 2985 4167 δὲ
3012 4113 3204 4166 λεπτόν
3236 4115 3352 4166 ἐστι
3394 4111 3455 4166 τὸ
3487 4114 3665 4186 ἀκρά-

2082 4223 2243 4276 τητον
2268 4208 2361 4259 καὶ
2387 4207 2760 4276 άψηλάφητον,
2783 4200 2892 4258 οἷον
2919 4204 3011 4258 τοῦ
3048 4206 3218 4276 ἡλίου,
3247 4205 3343 4274 τῆς
3402 4208 3660 4276 σελήνης,

2084 4295 2178 4348 καὶ
2205 4295 2313 4348 τῶν
2344 4296 2606 4366 ἀστέρων·
2635 4295 2695 4347 τὸ
2716 4296 2772 4347 δέ
2822 4295 2979 4365 σῶμα
3034 4295 3096 4347 τὸ
3122 4295 3267 4364 παχὺ
3321 4297 3413 4347 καὶ
3451 4295 3663 4363 ὑλικὸν,

2082 4389 2218 4457 ὅπερ
2239 4388 2456 4456 λέγεται
2476 4387 2630 4459 σὰρξ,
2650 4389 2958 4440 συνίσταται
2979 4391 3043 4440 ἐκ
3058 4386 3335 4457 τεσσαρῶν
3354 4389 3661 4458 στοιχείων,

398 4460 619 4513 noxium
641 4478 655 4526 ;
676 4476 875 4529 corpus
895 4478 1023 4517 vero
1036 4469 1321 4532 tenue'est,
1341 4469 1486 4537 quod
1507 4485 1612 4523 nou
1628 4471 1979 4541 comprehen-

2086 4478 2141 4544 ἐξ
2166 4444 2414 4549 αἵματος,
2444 4480 2507 4531 ἐκ
2530 4444 2854 4549 (ἐλέγματος,
2878 4480 2940 4530 ἐκ
2970 4478 3168 4548 χυμοῦ,
3196 4444 3290 4530 καὶ
3310 4444 3551 4549 χολῆςῖῆ
3585 4444 3665 4543 ὡς

396 4551 475 4616 di,
494 4554 576 4607 vel
594 4554 739 4622 tangi
762 4564 961 4622 potest,
982 4565 1042 4610 ut
1060 4566 1143 4611 est
1163 4558 1266 4622 sol,
1294 4560 1441 4622 luna,
1464 4568 1519 4614 et
1542 4562 1728 4615 stellae.
1761 4561 1976 4632 Corpus

398 4652 579 4698 autem
613 4660 860 4700 crassum
886 4655 941 4701 et
984 4650 1289 4717 matcriale,
1329 4651 1476 4721 quod
1507 4668 1635 4706 caro
1662 4653 1883 4719 dicitur,
1908 4671 1974 4709 ex

400 4735 561 4806 199
583 4746 821 4807 quatuor
859 4739 1143 4796 elementis
1196 4752 1433 4810 constat,
1485 4746 1775 4816 sanguine,
1815 4746 1969 4815 phle-

396 4836 594 4894 gmate,
644 4826 894 4891 humore,
944 4837 997 4884 et
1024 4829 1173 4885 bile:
1206 4832 1476 4899 videlicet,
1526 4850 1593 4887 ex
1623 4850 1768 4899 aere,
1798 4844 1966 4900 terra,

395 4920 518 4988 igne
539 4925 593 4972 et
625 4932 766 4987 aqua
796 4937 810 4973 :
844 4918 947 4974 hoc
973 4928 1058 4975 est
1087 4938 1153 4976 ex
1188 4924 1387 4984 calido,
1417 4923 1633 4994 frigido,
1666 4925 1892 4981 humido
1914 4934 1969 4981 et

393 5011 563 5065 sicco.
589 5009 703 5072 Sol,
733 5010 971 5065 calidum
1001 5021 1056 5066 et
1090 5014 1256 5069 vitale
1284 5016 1650 5083 elementum;
1678 5031 1790 5080 aer,
1830 5020 1964 5072 eali-

390 5101 519 5155 dum
546 5111 599 5156 et
636 5101 918 5155 humidum
950 5111 1153 5168 ;terra,
1208 5107 1413 5160 siccum
1443 5124 1457 5173 ;
1491 5122 1645 5176 aqua:
1679 5108 1962 5165 humidum

2083 4570 2141 4636 ἐξ
2195 4571 2374 4640 ἀέρος,
2423 4570 2546 4639 γῆς,
2601 4571 2791 4639 πυρὸς,
2822 4570 2916 4621 καὶ
2966 4568 3197 4632 ὓδατος·
3241 4569 3543 4631 τουτέστιν,
3595 4571 3664 4621 ἐκ

2082 4661 2308 4732 θερμοῦ,
2343 4663 2437 4716 καὶ
2468 4661 2693 4732 ψυχροῦ,
2723 4661 2818 4714 καὶ
2850 4660 3040 4732 ὑγροῦ,
3065 4660 3159 4714 καὶ
3186 4659 3372 4730 ξηροῦ.
3414 4661 3472 4712 Ὀ
3506 4660 3665 4730 ἥλιος

2077 4754 2136 4807 τὸ
2164 4753 2362 4825 θερμὸν
2391 4754 2484 4806 καὶ
2510 4752 2736 4815 ζωτικὸν
2788 4755 3048 4822 στοιχεῖον
3074 4770 3086 4784 '
3133 4755 3161 4805 ὀ
3196 4752 3303 4823 ἀὴρ
3354 4752 3417 4804 τὸ
3454 4751 3662 4821 θερμὸν

2076 4846 2170 4899 καὶ
2198 4845 2359 4914 ὑγρόν
2382 4863 2395 4875 ·
2423 4847 2456 4916 ὴ
2490 4846 2560 4914 γῆ
2587 4846 2647 4898 τὸ
2674 4844 2835 4915 ξηρόν
2860 4862 2873 4875 ·
2906 4846 2974 4897 τά
3008 4845 3173 4897 ὕδατα
3203 4845 3263 4897 τὸ
3298 4842 3463 4914 ὑγρὸν
3514 4860 3664 4897 στοι-

2074 4938 2219 5005 χεῖον
2248 4935 2439 4988 τίκτει.
2476 4934 2660 4989 Ταῦτά
2691 4936 2847 4995 εἰσιν,
2884 4933 2942 4998 ἐξ
2992 4927 3066 4985 ὧν
3111 4934 3440 5002 συνέστηκεν
3481 4934 3508 4986 ὀ
3562 4931 3664 4985 ἄν·

2070 5023 2098 5075 Θ
2105 5041 2303 5094 ρωπος,

2072 5117 2212 5185 μετὰ
2246 5115 2473 5169 θάνατον
2506 5115 2667 5167 πάλιν
2699 5116 2778 5176 εἰς
2800 5112 2939 5165 αὐτὰ
2970 5113 3277 5168 ἀναλύεται.

2363 5023 2558 5093 μᾶλλον
2602 5024 2659 5076 δὲ
2713 5025 2745 5092 ὴ
2810 5021 2947 5092 σάρξ
2973 5021 3067 5074 τοῦ
3105 5022 3539 5093 ἀνθρώπου·’διὸ
3560 5022 3662 5076 καὶ

389 5195 717 5249 clementem
764 5195 1004 5265 pariunt.
1061 5195 1242 5268 Atque
1287 5200 1400 5255 hzec
1436 5210 1585 5267 sunt,
1640 5219 1707 5259 ex
1755 5206 1956 5275 quibus
1998 5217 2215 5263 constat
2251 5211 2432 5276 homo,
2468 5211 2575 5264 imo
2605 5210 2789 5278 potius
2819 5209 3060 5264 hominis
3086 5221 3267 5277 'caro;
3334 5209 3458 5265 ideo
3525 5215 3659 5279 post

388 5295 617 5343 mortem
648 5288 704 5342 in
736 5303 800 5343 ea
831 5303 1028 5342 rursus
1059 5291 1373 5349 resolvitur.

852 5378 983 5434 Vlll.
1030 5381 1104 5436 De
1134 5387 1484 5457 corruptibili.

462 5468 598 5537 Quid
622 5481 707 5529 est
737 5473 1114 5542 corruptibile,
1148 5478 1293 5535 unde
1321 5480 1554 5547 dictum,
1584 5487 1639 5538 et
1661 5489 1808 5553 {quot
1843 5498 1963 5540 mo-

388 5562 473 5617 dis
506 5563 736 5620 dicitur?

459 5685 503 5715 ⁷ο
541 5684 771 5745 Malach.
808 5705 881 5755 ιι,
916 5689 971 5745 6.

2541 5387 2676 5442 VIII.
2718 5388 2855 5456 Περὶ
2885 5387 3167 5457 φθαρτοῦ.

2138 5483 2203 5537 Τί
2259 5482 2375 5536 ἐστι
2424 5481 2700 5552 φθαρτόν;
2730 5482 2823 5534 καὶ
2860 5481 3003 5535 κατὰ
3035 5482 3087 5534 τί
3121 5482 3339 5553 εἴρηται
3363 5482 3655 5556 φθαρτόν;

2066 5575 2158 5628 καὶ
2188 5573 2402 5645 ὁσαχῶς
2427 5572 2638 5644 εἴρηται
2671 5570 2905 5640 φθαρτόν
2923 5587 2935 5599 ·
