3840 6194
121 251 224 310 549

1295 250 1499 305 LIBER
1539 251 1628 306 DE
1665 249 2233 307 DEFINITIONIBUS.

3295 234 3404 317 σεο

188 365 303 418 Καὶ
332 366 551 434 εἴρηται
584 365 683 435 μὲν
716 365 957 438 φθαρτὸν
985 365 1202 429 δισσῶς,
1239 366 1567 436 σωματικῶς
1623 368 1709 421 καὶ

1894 366 2194 437 Dupliciter
2250 367 2611 437 eorruptibile
2667 368 2893 437 dicitur,
2943 372 3307 442 corporaliter
3344 384 3402 431 et

118 456 389 527 ψυχικῶς.
432 457 542 508 Καὶ
574 457 819 527 ψυχικῶς
847 457 966 526 μὲν,
996 458 1123 511 ὅταν
1167 474 1252 520 τις
1291 458 1601 531 ἁμαρτάνῃ,
1627 458 1713 511 λέ-

121 564 276 615 γεται
322 543 468 599 εἶναι
524 546 938 618 διεφθαρμένος,
986 546 1169 610 καθὼς
1220 547 1372 615 λέγει
1411 549 1665 620 ὴΓραιρή
1694 566 1708 579 ο

125 658 143 689 ι
188 639 580 709 Διεφθάρησαν
630 640 727 692 καὶ
791 638 1191 711 ἐϐδελύχθησαν
1239 642 1297 693 ὲν
1360 640 1640 710 ἀνομίαις·
1689 659 1707 691 ι

122 730 458 800 σωματικῶς
510 730 568 783 δὲ
617 731 837 799 λέγεται
894 732 1169 802 τρισσῶς·
1212 731 1409 801 φθορὰ,
1447 730 1714 803 διαφθορά

120 822 211 873 καὶ
262 822 614 892 καθαφθορά.
646 824 757 875 Καὶ
811 821 990 893 φθορὰ
1056 822 1154 891 μὲν
1207 822 1424 890 λέγεται
1455 822 1516 875 τὸ
1549 839 1715 893 χωρι-

121 913 317 982 σθῆναι
346 914 508 983 μόνον
536 914 635 984 τὴν
668 915 846 985 ψυχὴν
876 917 940 967 ὲκ
964 912 1058 967 τοῦ
1086 913 1338 983 σώματος
1367 914 1461 967 καὶ⁵
1509 913 1715 966 ἀποθα-

120 1007 260 1056 νεῖν·
300 1004 577 1076 διαφθορὰ
619 1005 674 1058 δέ
708 1008 876 1068 ἐστιν,
910 1007 1039 1059 ὅταν
1071 1006 1132 1057 τὸ
1162 1006 1320 1075 σῶμα
1356 1004 1536 1076 βρωθῇ
1608 1006 1713 1059 ὑπὸ

120 1093 226 1147 τῶν
249 1094 578 1165 σκωλήκων,
614 1096 708 1148 καὶ
748 1097 883 1166 μόνα
903 1097 1310 1164 καταλειφθῶσι
1329 1096 1398 1148 τὰ
1416 1098 1570 1150 ὀστᾶ.
1608 1097 1715 1150 Κα-

120 1182 369 1253 ταφθορά
393 1183 639 1251 λέγεται,
661 1185 789 1237 ὅταν
818 1184 1032 1237 σαπῶσι
1058 1186 1151 1238 καὶ
1168 1184 1310 1239 αὐτά
1340 1186 1409 1238 τά
1439 1186 1594 1250 ὀστᾶ,
1618 1185 1714 1238 καὶ

120 1274 507 1344 δατπνηθῶσι,
555 1276 649 1329 καὶ
710 1277 793 1339 εἰς
849 1275 923 1347 μὴ
962 1276 1021 1329 δν
1072 1280 1363 1347 χωρήσωσι
1409 1276 1710 1341 παντελῶς.

122 1367 289 1420 Τοῦτο
319 1368 433 1439 γάρ
456 1368 688 1439 λέγομεν
720 1371 814 1423 καὶ
867 1371 997 1442 περὶ
1026 1370 1120 1424 τοῦ
1152 1371 1355 1440 Κυρίου
1408 1369 1568 1441 ἡμῶν
1608 1372 1715 1441 Ἰη-

121 1458 211 1511 σοῦ
242 1460 523 1530 Χριστοῦ,
557 1462 639 1514 ὅτι
679 1460 886 1532 φθορὰν
947 1462 1115 1534 μόνην
1154 1462 1404 1529 ἐδέξατο·
1466 1462 1712 1516 τουτέστι

122 1549 370 1603 θάνατον.
406 1551 718 1624 Διαφθοράν
749 1553 804 1606 δὲ
851 1552 884 1624 ἢ
926 1553 1279 1627 καταφθορὰν
1329 1554 1391 1607 τὺ
1446 1555 1713 1623 πανάγιον

121 1642 284 1695 αὑτοῦ
321 1643 485 1713 σῶμα
518 1643 657 1707 ὅλως
689 1644 788 1697 οὐκ
815 1644 1062 1711 ἐδέξατο,
1101 1646 1302 1717 ἀνέστη
1324 1646 1383 1700 δὲ
1415 1647 1711 1717 τριήμερος

122 1732 469 1802 πρωτότοκος
496 1734 789 1805 γενόμενος
808 1737 872 1788 ὲκ
905 1734 1013 1788 τῶν
1034 1735 1266 1809 νεκρῶν.

401 1969 495 2024 IX.
539 1970 643 2024 Διὰ
678 1971 732 2024 τί
757 1970 992 2040 λέγεται
1023 1972 1393 2040 πρωτότοκος
1412 1989 1430 2036 ;

186 2097 333 2155 Διότι
362 2101 569 2170 ἀνέστη
592 2101 809 2174 πρῶτος
840 2105 905 2158 ἐκ
925 2103 1018 2158 τοῦ
1041 2104 1190 2175 ᾅδου,
1216 2105 1400 2169 καθὼς
1432 2106 1526 2160 καὶ
1549 2108 1711 2177 ἡμεῖς

124 2191 390 2262 μέλλομεν
434 2194 758 2248 ἀνίστασθαι
803 2197 861 2248 ὲν
898 2198 963 2267 τῇ
1008 2197 1237 2269 δευτέρᾳ
1271 2199 1565 2273 παρουσίᾳ.
1602 2201 1712 2254 Καὶ

121 2284 237 2337 ἐπεὶ
263 2285 470 2354 ἀνέστη
500 2286 607 2357 πρὸ
640 2287 849 2340 ἐκείνου
876 2290 905 2341 6
931 2289 1178 2360 Λάζαρος
1206 2291 1304 2345 καὶ
1343 2291 1438 2344 τοῦ
1483 2293 1709 2364 Ἰαείρου

122 2373 383 2449 θυγάτηρ,
417 2378 513 2429 καὶ
544 2378 692 2432 ἄλλοι
725 2379 931 2444 πολλοὶ,
962 2381 1051 2435 διὰ
1070 2382 1123 2435 τί
1159 2383 1260 2435 οὐκ
1290 2382 1491 2454 ἐκλήθη
1518 2401 1602 2446 τις
1652 2382 1712 2449 ἐξ

122 2471 295 2523 αὐτῶν
325 2472 712 2541 πρωτότοκος;
742 2473 889 2527 Διότι
915 2476 1112 2528 ἐκεῖνοι
1144 2476 1476 2538 ἀναστάντες
1510 2477 1575 2529 ἐκ
1602 2476 1711 2529 τῶν

122 2560 330 2630 νεκρῶν
352 2560 520 2614 πάλιν
554 2561 847 2617 ἀπέθανον.
884 2564 943 2617 ’0
971 2565 1030 2618 δὲ
1053 2563 1305 2635 Χριστὸς,
1325 2566 1584 2629 ἀναστὰς,
1611 2567 1713 2620 οὐκ

123 2650 203 2704 ἔτι
220 2652 485 2706 ἀπέθανε.
528 2654 639 2707 Καὶ
665 2655 803 2727 ὅπερ
862 2657 948 2725 ἐφ’
978 2657 1136 2728 ἡμῶν
1184 2658 1477 2728 γενήσεται
1533 2659 1590 2710 ὲν
1642 2659 1709 2728 τῇ

122 2741 438 2807 ἀναστάσει,
468 2743 629 2797 τοῦτο
658 2745 851 2813 γέγονε
889 2747 984 2800 καί
1014 2749 1100 2799 ἐπ’
1129 2747 1318 2801 αὐτοῦ.
1344 2747 1570 2819 Πρῶτος
1602 2747 1711 2820 γὰρ

123 2832 187 2883 ἐκ
214 2832 323 2885 τῶν
350 2832 564 2904 νεκρῶν
598 2835 799 2905 ἀνέστη
832 2838 929 2907 τὴν
972 2837 1029 2890 ὲν
1056 2837 1337 2909 ἀφθαρσίᾳ
1392 2836 1708 2903 ἀνάστασιν,

120 2920 188 2995 ἧς
217 2926 313 2979 καὶ
333 2926 496 2996 ἡμεῖς
522 2927 667 2980 κατὰ
703 2928 764 2980 τὸ
817 2928 1011 2999 μέλλον
1066 2930 1356 3003 ἐλπίζομεν
1402 2928 1713 2984 ἀπολαύσα-

126 3015 267 3080 σθαι,
304 3017 372 3087 ἢν
405 3016 481 3088 μὴ
513 3017 815 3088 διαδέχεται
848 3018 1095 3082 θάνατος.

257 3282 331 3338 Χ.
377 3284 449 3339 Τί
473 3284 607 3340 ἐστι
633 3286 815 3357 ,λόγος
833 3328 848 3351 ,
878 3287 979 3341 καὶ
1011 3287 1253 3356 ὁσαχῶς
1281 3291 1315 3342 ὁ
1352 3290 1571 3359 λόγος;

189 3373 424 3445 Εἴρηται
475 3375 576 3445 μὲν
621 3378 650 3429 ὁ
701 3376 857 3446 λόγος
906 3378 1146 3451 τριχῶς’
1197 3379 1353 3449 λόγος
1391 3380 1650 3445 ὲνούσιος,
1684 3383 1712 3434 6

122 3464 250 3529 Θεὸς
272 3465 467 3533 Λόγος,
504 3464 663 3534 λόγος
696 3465 1024 3533 ἐνδιάθετος,
1054 3467 1083 3519 6
1109 3466 1218 3521 τῶν
1251 3467 1520 3537 ἀγγέλων,
1562 3468 1657 3521 καὶ
1683 3471 1712 3522 6

120 3559 176 3609 ὲν
201 3560 268 3628 τῇ
299 3557 549 3628 ἡμετέρᾳ
571 3557 779 3630 διανοίᾳ
801 3557 1131 3628 λαλούμενος
1155 3558 1311 3627 λόγος
1334 3576 1348 3589 ·
1402 3560 1497 3613 καὶ
1522 3562 1550 3613 6
1576 3576 1712 3632 προ-

119 3649 362 3719 φορικὺς,
422 3651 452 3703 6
483 3649 574 3703 διὰ
616 3650 719 3721 τῆς
766 3650 1035 3723 γλώττης,
1093 3651 1152 3715 ὃς
1199 3651 1417 3720 λέγεται
1481 3653 1712 3722 ἄγγελος

117 3742 408 3813 νοήματος.
444 3742 617 3811 Λόγος
662 3744 721 3797 δὲ
749 3742 968 3815 εἴρηται
996 3745 1060 3797 ὲκ
1088 3743 1183 3797 τοῦ
1211 3744 1411 3814 λέγειν.

524 3958 616 4013 XI.
655 3960 718 4014 Τί
745 3960 879 4015 ἐστι
910 3961 1301 4029 Χριστιανόςξ

184 4099 517 4170 Χριστιανός
543 4101 688 4153 ἐστιν
713 4097 966 4169 ἀληθινὸς
990 4093 1139 4161 οἶκος
1175 4097 1414 4168 Χριστοῦ
1470 4098 1709 4167 λογικὸς,

118 4186 179 4241 it‘
210 4189 396 4261 ἔργων
448 4188 675 4257 ἀγαθῶν
721 4189 818 4242 καὶ
844 4187 1133 4259 δογμάτων
1163 4187 1341 4258 ὀρθῶν
1383 4189 1711 4259 συνιστάμε-

120 4298 222 4336 νος.

152 4300 473 4444 ἶὶρετικδς
528 4369 586 4422 δέ
645 4371 762 4423 ἐστι
836 4372 1182 4442 συκοφάντης
1249 4373 1343 4426 καὶ
1404 4376 1711 4445 κατήγορος

1818 454 2198 529 spiritualiter.
2213 459 2291 515 Ac
2308 459 2666 529 spiritualiter
2688 461 2928 530 quidem,
2949 478 3069 517 cum
3090 466 3401 534 peccaverit

1814 552 1959 621 quis.
1992 550 2195 605 dicitur
2233 566 2356 606 esse
2400 561 2716 621 corruptus,
2759 553 3218 623 quemadmodum
3263 558 3402 612 dicit

1817 643 2103 713 Scriptura
2144 662 2158 698 :
2196 661 2215 694 ι
2248 643 2506 714 Corrupti
2530 653 2660 699 sunt
2715 654 2770 699 et
2817 646 3216 703 abominabiles
3270 649 3403 705 facti

1814 742 1942 789 sunt
1974 737 2032 791 in
2060 735 2533 805 iniquitatibus“.
2573 754 2592 786 ›
2632 734 3009 805 Corporaliter
3040 753 3170 791 vero
3207 754 3402 794 corru-

1817 830 2006 898 ptibile
2036 829 2215 883 tribus
2246 828 2427 882 modis
2457 827 2657 882 dicitur
2684 846 2698 882 :
2723 828 3001 891 interitus,
3034 832 3317 899 corruptio
3345 841 3401 887 et

1815 918 2186 988 consumptio.
2222 917 2485 972 lnteritus
2530 916 2755 982 dicitur,
2796 917 2914 972 sola
2945 919 3141 972 animae
3178 936 3401 989 separa-

1815 1013 1892 1064 tio
1919 1027 1950 1065 a
1979 1025 2211 1080 corpore
2233 1018 2287 1065 et
2324 1024 2497 1063 mors.
2544 1008 2845 1079 Correptio
2878 1024 3013 1065 vero
3035 1018 3141 1067 est.
3179 1011 3402 1079 quando

1815 1118 2017 1173 corpus
2052 1118 2081 1156 a
2125 1100 2408 1155 vermibus
2458 1101 2791 1165 corroditur,
2840 1109 2895 1157 et
2941 1102 3291 1157 solummodo
3320 1120 3403 1157 re-

1816 1197 2141 1265 linquuntur
2158 1209 2306 1249 ossa.
2327 1193 2692 1264 Consumplio
2707 1203 2891 1248 autem
2907 1204 3158 1262 vocatur,
3180 1196 3402 1265 quando

1815 1295 2140 1361 putrescunt
2208 1287 2329 1357 ipsa
2388 1301 2609 1356 quoque
2672 1301 2801 1341 ossa
2870 1293 2925 1341 et
2991 1287 3399 1356 absumuntur,

1815 1381 2150 1451 abeuntque,
2180 1394 2286 1434 nec
2318 1378 2557 1448 amplius
2587 1385 2828 1434 exstant.
2863 1378 2978 1435 Hoc
3016 1380 3164 1435 enim
3200 1381 3268 1434 de
3295 1379 3401 1435 Do-

1816 1470 1968 1524 mino
2014 1476 2207 1524 nostro
2228 1467 2360 1523 Jesu
2412 1468 2635 1526 Christo
2677 1484 2898 1539 quoque
2943 1469 3204 1537 dicimus,
3251 1470 3400 1541 quod

1815 1562 2097 1620 interitum
2144 1568 2358 1615 tantum
2402 1561 2656 1625 subierit,
2689 1562 2743 1616 id
2783 1570 2868 1618 est
2914 1572 3168 1619 mortem.
3195 1563 3399 1619 Corru-

1816 1655 2057 1724 ptionem
2108 1667 2240 1709 vero
2299 1662 2394 1707 aut
2447 1655 2924 1724 consumptionem
2982 1664 3399 1711 sacrosanctum

1739 1743 1931 1814 Bejus
1972 1760 2177 1816 corpus
2232 1745 2558 1815 neutiquam
2607 1747 2893 1812 sustinuit,
2944 1748 3042 1802 sed
3090 1749 3401 1805 resurrexit

1813 1838 1902 1894 die
1930 1838 2092 1893 tertia
2126 1837 2525 1908 primogenitus
2562 1836 2743 1893 factus
2767 1853 2836 1893 ex
2862 1839 3116 1895 mortuis.

2107 1969 2203 2029 IX.
2246 1969 2426 2037 Quare
2449 1970 2650 2026 dicitur
2676 1973 3059 2044 primogenita:
3079 1976 3105 2030 ?

1884 2107 1964 2164 Eo
1995 2107 2143 2179 quod
2179 2106 2394 2179 primus
2428 2107 2498 2162 ab
2548 2106 2742 2163 inferis
2786 2113 3174 2177 resurrexerit,
3208 2126 3401 2182 quem—

1813 2200 2107 2256 admodum
2160 2205 2327 2257 etiam
2366 2217 2470 2258 nos
2510 2217 2867 2272 resurgemus
2918 2203 2973 2256 in
3023 2203 3265 2257 secundo
3307 2203 3402 2258 ad-

1814 2299 1997 2345 ventu.
2025 2289 2164 2356 Quia
2196 2300 2380 2346 autem
2406 2300 2533 2346 ante
2566 2291 2721 2345 illum
2748 2290 2991 2347 Lazarus
3018 2302 3399 2349 resurrexerat

1812 2389 1867 2435 et
1892 2378 2025 2436 Jairi
2057 2380 2190 2445 ﬁlia,
2234 2381 2505 2452 multique
2539 2381 2655 2442 alii.
2689 2395 2864 2451 quare
2909 2397 3017 2435 non
3054 2382 3271 2436 illorum
3299 2384 3396 2437 ali-

1813 2471 1937 2542 quis
1971 2473 2372 2544 primogenitus
2412 2480 2644 2527 vocatus
2674 2480 2759 2528 est
2790 2472 2942 2543 (55)?
2971 2471 3110 2538 Quia
3155 2474 3235 2527 illi
3272 2481 3401 2545 post

1812 2565 2271 2619 resurrectionem
2319 2579 2475 2621 suam
2530 2579 2561 2619 e
2617 2564 2874 2626 mortuis,
2934 2579 3132 2619 rursus
3193 2567 3399 2621 mortui

1814 2663 1967 2710 sunt.
1993 2654 2249 2713 Christus
2272 2664 2454 2711 autem
2486 2662 2777 2726 postquam
2813 2657 3112 2711 resurrexit
3136 2672 3248 2710 non
3280 2672 3400 2712 am-

1813 2748 1958 2817 plius
1983 2757 2068 2803 est
2092 2756 2366 2812 mortuus,
2398 2748 2493 2803 sed
2525 2747 2673 2818 quod
2707 2748 2763 2802 in
2789 2749 3198 2804 resurrectione
3237 2750 3399 2805 nobis

1813 2839 2048 2901 eveniet,
2086 2839 2139 2893 id
2181 2840 2285 2910 ipsi
2316 2839 2429 2908 jam
2459 2839 2708 2909 contigit.
2744 2838 2880 2892 Nam
2910 2840 3120 2909 primus
3146 2855 3215 2894 ex
3248 2854 3400 2894 mor-

1814 2932 1924 2984 tuis
1958 2946 2021 2985 ea
2057 2934 2464 2986 resurrectione
2497 2932 2825 2995 resurrexit,
2860 2946 2981 3000 qua:
3010 2940 3092 2986 est
3124 2933 3179 2985 in
3214 2931 3399 2986 incor-

1813 3021 2198 3089 ruptibilitate,
2226 3024 2387 3091 cujus
2415 3036 2518 3077 nos
2543 3023 2762 3091 quoque
2790 3036 3075 3090 speramus
3118 3021 3171 3074 in
3208 3021 3397 3076 futuro

1735 3102 1777 3160 C
1812 3113 2108 3182 participes
2156 3112 2293 3177 fore,
2329 3127 2494 3182 quam
2540 3113 2999 3167 resurrectionem
3047 3114 3197 3167 nulla
3244 3127 3396 3168 mors

1813 3204 2049 3273 amplius
2080 3211 2362 3273 sequetur.

1933 3292 2000 3350 Χ.
2044 3293 2184 3360 Quid
2215 3302 2296 3348 est
2344 3294 2576 3360 verbum,
2602 3302 2653 3349 et
2682 3302 2807 3365 quot
2832 3293 3001 3348 modis
3032 3294 3232 3348 dicitur

1883 3384 2123 3441 Verbum
2154 3386 2359 3442 dicitur
2388 3387 2679 3457 tripliciter
2705 3403 2719 3439 :
2756 3387 2984 3441 verbum
3009 3385 3394 3453 substantiale,

1812 3477 1958 3547 quod
1988 3485 2074 3532 est
2122 3477 2268 3533 Deus
2297 3477 2581 3546 Verbum;
2619 3478 2847 3532 verbum
2891 3478 3191 3542 internum,
3245 3478 3395 3550 quod

1812 3577 1898 3623 est
1936 3570 2281 3640 angelorum,
2307 3577 2362 3625 et
2389 3570 2536 3639 quod
2568 3569 2624 3623 in
2654 3578 2837 3625 mente
2863 3577 3052 3624 nostra
3080 3569 3392 3637 loquimur;

1810 3661 2038 3717 verbum
2096 3663 2521 3725 enuntiativum,
2576 3661 2725 3732 quod
2779 3663 3101 3717 enuntiatur
3153 3678 3251 3733 per
3288 3664 3396 3718 lin-

1811 3770 1995 3824 guam,
2037 3754 2184 3825 quod
2227 3755 2433 3810 mentis
2482 3756 2718 3809 nuntius
2770 3771 2991 3825 quoque
3038 3755 3263 3810 dicitur.
3301 3754 3395 3810 Di-

1810 3856 1959 3903 ctum
1994 3855 2082 3904 est
2119 3858 2301 3903 autem
2331 3845 2598 3909 Verbum.
2652 3862 2751 3900 seu
2798 3846 3033 3911 dictum,
3065 3862 3097 3901 a
3131 3847 3391 3906 dicendo.

2200 3960 2292 4016 XI.
2331 3961 2472 4028 Quid
2513 3969 2592 4017 est
2623 3958 3003 4017 Christianus?

1883 4098 2236 4155 Christianus
2287 4106 2373 4154 est
2410 4113 2539 4152 vera
2588 4096 2788 4152 domus
2830 4096 3037 4152 Christi
3077 4096 3388 4163 rationalis,

1811 4206 1909 4261 per
1936 4191 2082 4245 bona
2117 4204 2281 4260 opera
2311 4196 2366 4245 et
2400 4196 2555 4243 recta
2586 4186 2842 4259 dogmata
2869 4195 3210 4243 constructa.

1882 4367 1996 4439 (54)
2040 4365 2340 4422 [hereticus
2376 4372 2558 4421 autem
2601 4372 2708 4429 est,
2750 4364 3088 4437 syc0phanta
3129 4372 3184 4420 et
3227 4380 3391 4423 accu-

117 4463 396 4536 ἀληθείας.
452 4461 679 4530 Αἵρεσις
727 4462 762 4532 ἡ
814 4459 1015 4534 ψευδὴς
1042 4461 1311 4535 ὑπόληψις
1352 4462 1446 4517 τοῦ
1501 4463 1576 4534 μὴ
1621 4464 1709 4518 ἤν-

1828 4467 1963 4515 sator
2011 4457 2280 4514 veritatis.
2336 4456 2596 4523 llaeresis,
2657 4455 2798 4512 falsa
2849 4456 3036 4528 opinio
3072 4456 3192 4526 ejus
3245 4456 3390 4529 quod

120 4571 219 4615 τος.

183 4644 497 4719 ’Δτρεπτόν
526 4645 643 4697 ἐστι
672 4643 735 4697 τὸ
769 4643 856 4696 ἀεὶ
880 4641 1143 4709 ὡσαύτως
1170 4645 1314 4716 ἔχον.

178 4741 417 4795 Φυσικόν
438 4742 556 4792 ἐστι
579 4738 642 4791 τὸ
661 4740 718 4791 ἐν
740 4742 810 4811 τῇ
841 4737 1001 4808 φύσει
1032 4740 1306 4810 κείμενον,
1336 4737 1369 4810 ἢ
1400 4738 1461 4792 τὸ
1489 4738 1706 4810 ἀληθῶς

114 4832 306 4903 ἀληθὲς
332 4829 763 4901 γνωριζόμενον.

180 4922 348 4994 Παρά
375 4921 542 4991 φύσιν
567 4922 735 4982 ἐστὶν,
764 4919 792 4973 6
816 4922 844 4974 6
871 4920 1003 4984 Θεὸς
1036 4921 1134 4991 οὐχ
1193 4919 1336 4973 οὕτω
1379 4919 1703 4990 πεποίηκεν,

1813 4567 1920 4606 11011
1949 4559 2054 4606 εει.

1886 4640 2228 4696 Immutabile
2256 4649 2360 4703 est,
2391 4640 2539 4711 quod
2574 4655 2632 4695 se
2669 4653 2886 4709 semper
2924 4638 3176 4695 similiter
3203 4639 3387 4695 habet.

1876 4731 2133 4787 Naturale
2158 4740 2264 4792 est.
2297 4733 2441 4802 quod
2475 4733 2533 4786 in
2559 4739 2760 4785 natura
2791 4731 2958 4784 situm
2988 4738 3092 4798 est,
3129 4733 3214 4787 vel
3243 4732 3389 4802 quod

1810 4841 1937 4880 vere
1965 4841 2156 4881 verum
2195 4828 2569 4896 cognoscitur.

1881 4915 2086 4972 Prmter
2112 4927 2363 4972 naturam
2393 4926 2497 4981 est,
2530 4919 2677 4988 quod
2702 4918 2845 4974 Deus
2875 4934 2987 4973 non
3018 4918 3093 4971 ita
3124 4915 3277 4980 fecit,
3303 4915 3388 4971 vel

113 5013 146 5083 ἢ
176 5015 314 5084 ὅπερ
344 5013 487 5076 ὅλως
510 5012 573 5064 οὐ
615 5010 935 5081 πεποίηκεν,
965 5006 1075 5064 οἶόν
1101 5012 1246 5063 ἐστιν
1271 5012 1304 5080 ἠ
1337 5010 1578 5081 ἁμαρτία
1606 5009 1701 5063 καὶ

1828 5007 1953 5079 ιιιοά
1987 5010 2209 5064 omnino
2252 5025 2365 5065 non
2403 5008 2552 5074 fecit,
2600 5011 2784 5081 qualia
2824 5017 2955 5066 sunt
2994 5017 3282 5079 peccatum
3334 5015 3387 5063 et

115 5106 141 5159 ό
176 5105 427 5167 θάνατος.

183 5198 321 5269 Τρία
367 5196 507 5268 φησὶ
551 5194 621 5248 τὰ
646 5195 948 5267 λαλούμενα
986 5196 1044 5248 ἐν
1068 5191 1411 5264 ἀνθρώποις·
1440 5193 1501 5246 τὸ
1559 5193 1700 5247 κατά

1724 5114 1725 5117 “
1810 5116 1981 5157 lliOl‘S.

1881 5191 2009 5273 Tria
2041 5200 2190 5255 sunt,
2220 5209 2342 5264 quae
2371 5193 2439 5248 de
2466 5192 2780 5249 hominibus
2818 5191 3385 5264 praedicantur:quod

118 5285 294 5354 φύσιν,
326 5286 393 5339 τὸ
419 5284 574 5357 παρὰ
604 5285 784 5353 φύσιν,
821 5286 915 5338 καὶ
945 5285 1006 5337 τὸ
1034 5284 1175 5356 ὑπὲρ
1203 5284 1385 5354 φύσιν.
1411 5285 1521 5338 Καὶ
1560 5287 1699 5339 κατά

1828 5283 1968 5354 ὶοο
1994 5284 2296 5340 secundum
2339 5294 2619 5350 naturam,
2668 5283 2815 5354 quod
2871 5292 3068 5353 pra-ter
3106 5290 3383 5344 naturam.

118 5375 270 5443 φύσιν
304 5376 410 5448 μὲν
441 5374 591 5429 ἐστιν
625 5377 654 5428 6
687 5376 889 5447 γάμος·
920 5374 1073 5447 παρά
1121 5375 1281 5443 φύσιν
1333 5376 1368 5446 ἡ
1422 5376 1647 5447 πορνεία
1681 5393 1694 5406 ·

178 5532 222 5563 ⁷¹
262 5531 414 5590 Psal.
447 5548 574 5598 xm,
597 5532 652 5587 1.

1805 5384 1859 5431 et
1903 5376 2052 5447 quod
2090 5392 2257 5448 supra
2298 5384 2576 5432 naturam.
2623 5376 2941 5431 Secundum
2990 5384 3242 5429 naturam
3297 5377 3384 5429 est

181 5687 295 5746 ’ἶῖὶ
322 5685 423 5745 His
462 5686 665 5744 similia
690 5686 937 5759 quaedam
959 5685 1246 5761 habentur
1286 5685 1342 5741 in
1380 5682 1503 5740 cod.
1543 5683 1698 5740 Colb.
1736 5682 1896 5740 L755.
1975 5682 2086 5755 (5i)
2126 5679 2249 5739 Haec
2279 5688 2332 5738 et
2365 5681 2566 5738 similia
2600 5681 2652 5737 in
2683 5680 2805 5738 eod.
2831 5682 2954 5738 cod.
