3860 6200
413 252 515 311 ΒΜ

1550 248 1608 306 S.
1648 249 2116 309 ATHANASIUS.
2156 283 2229 295 —-
2263 251 2535 308 SPURIA.

3573 262 3683 321 552

413 365 824 426 matrimonium
858 384 874 423 :
905 375 1103 438 prater
1152 376 1430 433 naturam,
1470 369 1736 424 scortatio
1779 387 1794 424 :
1828 384 1995 440 supra

2119 371 2238 443 »πὲρ
2270 370 2433 442 φύσιν
2482 373 2516 443 ἡ
2564 371 2849 443 παρθενία,
2894 374 3005 428 Καὶ
3064 375 3225 430 πάλιν
3266 375 3409 431 κατά
3436 376 3601 448 φύσιν
3651 381 3683 433 ὁ

414 471 695 522 naturam,
725 460 1035 531 virginitas.
1070 458 1137 514 Et
1168 475 1367 515 rursus
1398 460 1703 515 secundum
1743 468 1996 515 naturam

2119 464 2323 527 ῑικαίως
2356 464 2722 535 συναγόμενος
2747 465 2975 529 πλοῦτος
3001 483 3015 496 ·
3042 467 3195 538 παρὰ
3215 467 3376 538 φύσιν
3409 470 3442 542 ή
3472 470 3686 526 πλεονε-

416 561 546 609 sunt
572 569 707 624 opes
737 552 884 624 jusle
929 555 1249 623 acquisitaa:
1282 564 1479 624 praeter
1507 562 1784 617 naturam,
1821 553 2001 607 avari-

416 644 492 697 tia
536 658 754 714 :supra
809 653 1064 698 naturam
1092 683 1107 707 ,
1161 644 1573 714 possessionum
1624 650 1997 714 contemptus.

416 735 549 792 ltem
584 735 889 791 secundum
923 743 1177 790 naturam
1213 745 1321 802 est,
1350 734 1712 805 temperantia
1742 736 1798 788 in
1831 735 1996 789 cibo:

414 840 614 897 praeter
663 837 952 891 naturam,
1016 826 1480 896 crapulazsupra
1519 834 1806 889 naturam,
1857 823 2002 894 jeju-

414 921 592 975 nium.
626 920 893 974 Similiter
926 919 1228 976 secundum
1256 926 1510 973 naturam
1546 924 1651 981 est,
1688 932 1794 988 pax
1823 935 1836 971 :
1864 932 2003 987 pra:-

416 1019 500 1067 ter
529 1021 807 1078 naturam,
858 1012 1172 1067 tumultus:
1204 1024 1373 1080 supra
1416 1016 1694 1076 naturam,
1737 1023 1868 1078 erga
1897 1007 2004 1061 ini-

414 1105 592 1160 micos
621 1105 863 1186 dilectio.
902 1102 969 1157 Et
1000 1104 1057 1157 in
1087 1103 1304 1158 caateris
1334 1102 1606 1158 similiter.

486 1216 829 1288 Etymologia
872 1224 978 1279 est,
1011 1230 1135 1285 quae
1160 1214 1270 1269 vim
1314 1215 1559 1269 nominis
1591 1212 1829 1283 alicujus
1856 1217 2004 1265 recte

417 1308 690 1378 designat,
738 1314 794 1361 et
837 1323 903 1361 ex
940 1307 1060 1375 ipso
1096 1320 1264 1360 sensu
1309 1305 1603 1374 explicata,
1649 1303 1858 1359 veluti:
1891 1300 2002 1357 Pax

419 1399 564 1453 unde
592 1401 673 1452 sic
700 1397 848 1451 dicta
882 1395 1005 1451 est?
1041 1394 1199 1460 Quod
1228 1401 1467 1449 mentem
1490 1394 1843 1464 tranquillam
1876 1392 2004 1446 red-

418 1488 532 1544 dat.
573 1487 886 1550 Tumultus,
915 1502 946 1541 a
990 1485 1250 1540 facilitate
1281 1485 1679 1540 confundendi.
1709 1476 1899 1546 Er'ror,
1936 1485 2005 1539 ah

418 1597 488 1637 eo
517 1580 662 1651 quod
701 1580 922 1649 oblique
964 1589 1206 1631 mentem
1246 1577 1445 1630 trahat.
1488 1575 1892 1646 Temperantia,
1920 1575 2005 1630 vel

419 1673 570 1743 quod
601 1672 868 1726 salutaria
902 1668 1205 1739 provideat,
1236 1668 1325 1721 vel
1357 1666 1505 1737 quod
1531 1682 1737 1737 corpus
1761 1682 1791 1720 a
1821 1665 2003 1722 sordi-

420 1766 525 1822 bus
563 1773 869 1818 conservet.
920 1759 1193 1815 Scortatio
1223 1761 1310 1816 vel
1340 1760 1410 1814 ab
1443 1774 1529 1824 eo,
1576 1758 1724 1829 quod
1748 1759 2008 1827 juventm

420 1865 529 1913 tem
562 1856 885 1917 inﬂammet,
919 1854 1003 1908 vel
1027 1850 1176 1922 quod
1208 1860 1447 1906 mentem
1477 1852 1656 1907 oculis
1685 1853 1888 1920 privet,
1921 1850 2007 1903 vel

421 1950 571 2021 quod
599 1964 629 2002 a
671 1947 971 2017 longinquo
1005 1953 1234 2002 annuat.
1274 1944 1538 1999 Similiter
1568 1951 1624 1998 et
1657 1943 1713 1997 in
1755 1941 2002 2011 reliquis.

495 2062 712 2133 Corpus
743 2060 872 2131 quia
919 2076 987 2115 ex
1020 2058 1303 2115 elementis
1350 2057 1717 2127 compositum
1760 2064 1867 2120 est,
1919 2054 2009 2109 ad-

425 2155 593 2210 mittit
618 2153 1060 2216 dissolutionem,
1100 2160 1155 2206 et
1186 2150 1510 2206 destruitur.
1554 2148 1856 2218 Propterea
1883 2161 2009 2201 cor-

425 2262 560 2318 pora
582 2254 690 2299 tam
720 2244 1004 2300 hominum
1029 2258 1191 2314 quam
1216 2243 1518 2298 bestiarum
1546 2240 1709 2295 facile
1728 2239 2007 2308 corrumpi

426 2354 493 2395 ac
528 2338 666 2392 mori
690 2344 947 2408 possunt,
972 2352 1036 2391 ex
1063 2342 1302 2406 quatuor
1328 2350 1457 2389 cum
1486 2341 1743 2388 constent
1766 2333 2008 2388 elemen-

425 2431 539 2488 tis:
565 2439 734 2492 terra,
774 2429 1022 2499 inquam,
1057 2442 1220 2497 aqua,
1259 2427 1409 2498 igne,
1456 2433 1512 2481 et
1554 2440 1701 2480 aere.
1742 2423 1881 2478 Nam
1919 2440 2004 2489 ea,

426 2537 551 2594 quae
579 2538 647 2577 ex
672 2521 793 2577 istis
813 2526 1091 2584 constant,
1131 2533 1348 2589 semper
1376 2526 1734 2588 generantur,
1765 2531 2009 2586 semper-

430 2630 541 2684 que
581 2619 1051 2682 corrumpuntur;
1098 2610 1495 2666 elementorum
1537 2608 1792 2664 videlicet
1828 2607 2008 2663 disso-

427 2706 544 2761 luta
584 2703 1004 2774 compositione,
1049 2709 1104 2758 et
1132 2701 1380 2772 quolibet
1409 2700 1466 2755 in
1516 2715 1677 2755 suum
1705 2700 1888 2754 locum
1924 2713 2009 2753 re-

427 2800 607 2869 cepto.
639 2795 762 2868 Ipsa
799 2810 931 2851 vero
977 2794 1268 2856 elementa,
1300 2793 1573 2863 simplicia
1613 2807 1739 2847 cum
1782 2791 1914 2853 sint,
1954 2799 2010 2846 et

427 2887 818 2959 incomposita,
851 2899 1010 2940 suam
1033 2900 1253 2954 quoque
1284 2883 1640 2939 stabilitatem
1666 2883 1927 2950 retinent,
1954 2891 2010 2937 et

427 2998 605 3054 usque
628 2980 696 3035 ad
730 2979 1264 3035 consummationem
1293 2978 1623 3034 indissoluta
1650 2986 1802 3033 sunt.

983 3115 1099 3171 XII.
1141 3114 1219 3169 De
1251 3114 1453 3167 anima.

499 3232 579 3289 De
610 3231 794 3287 anima
822 3239 1006 3286 autem
1041 3219 1302 3288 dicimus.
1352 3225 1498 3296 quod
1528 3225 1771 3296 quinque
1800 3226 1911 3281 sint
1940 3223 2016 3280 af—

434 3324 609 3379 fectus
636 3323 695 3376 in
728 3336 813 3388 ea,
842 3320 937 3391 qui
978 3317 1245 3372 animales
1280 3315 1509 3371 affectus
1546 3322 1839 3370 vocantur.
1875 3313 2016 3369 Sunt

435 3422 619 3470 autem
655 3413 748 3468 isti
774 3433 786 3467 :
813 3413 916 3478 ira,
975 3410 1154 3477 dolor,
1202 3415 1406 3475 metus,
1442 3407 1757 3463 sollicitudo
1784 3416 1839 3461 et
1881 3406 2018 3462 invi-

434 3509 545 3564 dia.
582 3507 686 3574 Qui
725 3520 858 3576 ergo
893 3501 1185 3575 prudentia
1237 3498 1441 3554 mentis
1481 3497 1745 3568 praeditus
1789 3504 1875 3552 est
1917 3511 2018 3567 po-

434 3601 565 3656 terit
590 3599 702 3654 illis
723 3598 1019 3667 imperare.
1052 3593 1148 3649 Est
1172 3599 1353 3646 autem
1385 3591 1569 3644 anima
1605 3605 1699 3660 per
1732 3604 1792 3643 se
1816 3589 2014 3657 calida,

433 3698 698 3761 tanquam
736 3687 937 3741 ardens
984 3685 1147 3756 ignis.
1192 3683 1347 3737 Sicut
1398 3681 1566 3752 igitur
1594 3680 1758 3750 ignis,
1794 3694 1858 3733 ea
1896 3693 2018 3749 quae

436 3775 573 3837 sunt
615 3780 673 3834 in
724 3780 889 3833 ollam
934 3776 1184 3845 conjecta
1240 3776 1463 3845 coquit;
1512 3774 1595 3828 sic
1635 3774 1841 3839 anima,
1897 3787 2019 3843 quae

437 3873 656 3944 igneam
687 3878 941 3925 naturam
976 3869 1162 3933 habet,
1189 3867 1344 3922 cibos
1385 3868 1443 3921 in
1471 3865 1835 3921 ventriculum
1867 3880 2021 3921 rece-

438 3972 566 4036 ptos
598 3961 924 4017 comminuit
948 3967 1001 4014 et
1032 3958 1331 4014 consumit.
1358 3955 1497 4011 Nam
1536 3957 1721 4011 anima
1750 3972 1862 4012 non
1889 3971 2021 4026 pro-

438 4064 626 4126 pterea
652 4054 797 4124 ψυχή
832 4059 1077 4116 vocatur,
1110 4049 1258 4120 quod
1282 4049 1522 4104 essentia
1547 4062 1649 4103 sua
1692 4047 1765 4102 sit
1791 4046 2016 4117 ψυχρός,

439 4146 657 4217 frigida,
682 4147 829 4202 sicut
851 4144 1104 4199 rudiores
1122 4141 1345 4212 quidam
1370 4142 1723 4206 existimant;
1754 4141 1850 4196 sed
1872 4139 2017 4209 quod

438 4254 637 4311 magno
665 4252 766 4294 suo
798 4234 1268 4291 calore-humores
1296 4239 1582 4303 extergat;
1614 4232 1764 4287 sicut
1809 4247 1876 4286 ex
1906 4231 2020 4285 vir-

438 4336 558 4383 tute
596 4328 733 4383 solis
766 4326 1061 4381 manifeste
1087 4324 1361 4378 declarari
1394 4331 1594 4392 potest.
1633 4321 1772 4376 Nam
1804 4322 2017 4377 calidus

2100 552 2218 620 ξία·
2243 554 2383 625 ὑπὲρ
2410 554 2573 622 φύσιν
2603 556 2636 625 ἡ
2668 556 3043 628 ἀκτημοσύνη.
3083 558 3315 629 Ὁμοίως
3347 560 3509 615 πάλιν
3542 563 3686 617 κατά

2101 639 2265 707 φύσιν
2301 642 2670 713 ήσύμμετρος
2709 647 2883 717 τροφή
2909 662 2924 677 ο
2960 645 3114 717 παρὰ
3161 648 3326 717 φύσιν
3370 652 3404 720 ὴ
3460 667 3687 722 γαστρι-

2104 728 2343 801 μαργία’
2384 731 2524 804 ὑπὲρ
2583 731 2743 801 φύσιν
2802 735 2835 805 ἡ
2896 734 3139 805 νηστεία.
3193 736 3468 800 Ὡσαύτως
3522 738 3688 791 πάλιν

2102 822 2243 875 κοιτά
2277 822 2438 893 φύσιν
2467 825 2500 895 ἡ
2543 825 2731 897 εἰρήνη
2759 841 2772 854 ’
2799 826 2952 897 παρά
2984 826 3145 896 φύσιν
3196 829 3227 898 ἡ
3254 830 3466 901 ταραχή
3492 846 3505 860 ο
3548 830 3688 900 ὑπὲρ

2103 913 2263 982 φύσιν
2294 917 2326 984 ή
2362 916 2497 986 πρὸς
2524 918 2647 980 τοὺς
2668 915 3048 989 ὲχθραίνοντας
3079 919 3287 991 ἀγάπη.
3316 922 3426 974 Καὶ
3471 922 3530 976 ἐν
3574 924 3688 985 τοῖς

2102 1007 2308 1072 λοιποῖς
2327 1009 2547 1079 ὁμοίως.

2183 1206 2536 1279 Ἔτυμολογία
2565 1210 2713 1263 ἐστὶν
2765 1212 2799 1282 ἡ
2852 1211 2951 1282 τῆς
2972 1211 3255 1283 δυνάμεως
3287 1210 3381 1266 τοῦ
3424 1212 3692 1283 ὀνόματος

2103 1299 2350 1372 ὀρθότης,
2385 1300 2444 1368 ἐξ
2464 1301 2627 1355 αὐτοῦ
2648 1303 2741 1356 τοῦ
2762 1303 2879 1366 νοδς
2903 1304 3312 1375 ἑρμηνευομένη
3331 1321 3345 1335 ’
3367 1299 3498 1371 οἷον,
3531 1305 3693 1360 Κατά

2105 1392 2157 1444 τί
2178 1393 2368 1464 εἰρήνη
2392 1409 2406 1456 ;
2438 1394 2596 1448 Κατὰ
2624 1395 2685 1448 τὸ
2713 1396 2941 1469 ἠρεμεῖν
2969 1394 3060 1448 τὸν
3081 1396 3227 1451 νοῦν.
3259 1396 3469 1468 Ὥσπερ
3525 1396 3692 1450 πάλιν

2105 1491 2339 1561 ταραχὴ,
2366 1490 2454 1545 διά
2480 1490 2544 1544 τὸ
2575 1492 2704 1563 ῥᾷον
2728 1491 2974 1561 χεῖσθαι·
3001 1493 3093 1547 xui.
3113 1492 3289 1564 πλάνη
3314 1492 3455 1546 κατὰ
3473 1494 3536 1547 τὸ
3556 1493 3694 1547 πλα-

2105 1581 2316 1651 γιάζειν
2344 1582 2434 1636 τὸν
2475 1583 2616 1637 νοῦν.
2649 1584 3002 1656 Σωφροσύνη,
3056 1585 3090 1655 ἢ
3121 1586 3230 1639 ἀπὸ
3271 1585 3366 1639 τοῦ
3407 1586 3522 1639 σῶα
3553 1603 3689 1658 φρο-

2106 1679 2236 1739 νεῖν,
2267 1676 2300 1746 ἦ
2337 1676 2444 1729 ἀπὸ
2477 1676 2571 1730 τοῦ
2599 1676 2661 1730 τὸ
2685 1677 2842 1748 σῶμα
2872 1680 3127 1750 φρουρεῖν
3156 1679 3264 1732 ἀπο
3292 1678 3490 1749 ῥύπου.
3544 1680 3689 1751 Πορ-

2114 1765 2231 1818 νεία
2259 1764 2291 1837 ἢ
2317 1765 2406 1818 διά
2434 1765 2497 1818 τὸ
2528 1765 2736 1836 πυροῦν
2760 1766 2858 1838 τὴν
2884 1768 3133 1837 νεότητα,
3165 1768 3198 1838 ἢ
3226 1766 3317 1821 διὰ
3358 1767 3421 1820 τὸ
3456 1767 3689 1839 πηροῦν,

2113 1854 2147 1926 ἢ
2191 1853 2267 1918 ὡς
2288 1854 2587 1924 ἐκτυφλοῦν
2614 1855 2706 1908 τὸν
2738 1855 2942 1927 νοῦν,ἢ
2972 1856 3060 1910 διά
3093 1857 3154 1910 τὸ
3184 1856 3468 1930 πόρρωθεν
3493 1856 3688 1911 νεύειν.

2114 1946 2224 2001 Καὶ
2253 1950 2311 2000 ὲν
2338 1950 2451 2011 τοῖς
2480 1947 2685 2010 λοιποῖς
2705 1947 2927 2017 ὁμοίως.

2185 2058 2256 2112 Τὸ
2288 2058 2467 2128 σῶμα,
2501 2058 2620 2127 ἔχον
2646 2057 2747 2128 τὴν
2776 2052 3021 2112 σύνθεσιν
3054 2060 3119 2111 ὲκ
3142 2057 3250 2111 τῶν
3280 2058 3579 2129 στοιχείων,
3604 2057 3695 2113 δέ·

2114 2166 2267 2221 χεται
2293 2148 2388 2203 xui.
2412 2149 2676 2217 διάλυσιν,
2705 2149 2798 2204 xui.
2821 2149 3164 2220 ἀφανίζεται.
3200 2151 3300 2205 Διά
3320 2151 3478 2205 τοῦτο
3502 2151 3572 2204 τά
3588 2151 3698 2205 σώ-

2117 2259 2263 2313 ματα
2296 2242 2389 2295 xui.
2410 2240 2714 2313 ἀνθρώπων
2753 2241 2847 2298 xui.
2891 2241 3044 2307 ζώων
3078 2241 3357 2314 εὔφθαρτα
3383 2243 3478 2296 καὶ
3508 2241 3702 2314 εὐθνη-

2113 2350 2181 2386 τα
2216 2334 2494 2405 τυγχάνει,
2524 2336 2591 2388 ἐκ
2622 2337 2902 2407 τεσσάρων
2952 2334 3321 2405 συνεστηκότα
3375 2335 3658 2405 στοιχείων
3680 2353 3694 2366 ·

2114 2425 2256 2496 λέγω
2283 2427 2346 2499 δὴ
2375 2428 2478 2498 γῆς
2515 2429 2612 2482 καὶ
2644 2427 2856 2494 ὓδατος,
2881 2429 2976 2482 xui.
3008 2427 3179 2499 πυρὸς
3203 2470 3215 2488 ,
3242 2429 3336 2481 xui
3379 2428 3561 2499 ἀέρος.
3586 2429 3701 2482 Καὶ

2114 2520 2254 2574 αύτά
2276 2521 2346 2574 τά
2368 2522 2433 2574 ἐκ
2475 2520 2679 2575 τούτων
2706 2521 3073 2592 συνεστηκότα
3103 2521 3190 2573 ἀεὶ
3212 2520 3451 2589 γίνονται
3487 2520 3584 2573 xui.
3607 2519 3701 2572 ἀεὶ

2115 2610 2459 2685 φθείρονται,
2501 2613 2600 2684 τῆς
2645 2611 2756 2665 τῶν
2798 2612 3074 2682 στοιχείων
3112 2612 3472 2682 διαλυομένης
3513 2611 3701 2666 συνθέ-

2115 2716 2274 2765 σεως,
2306 2702 2401 2754 καὶ
2430 2702 2662 2755 ἑκάστου
2691 2701 2829 2773 πρὸς
2849 2702 2940 2755 τὸν
2973 2701 3102 2755 ῐδιον
3153 2700 3478 2764 ἀναλύοντος
3505 2701 3697 2756 τόπον.

2114 2794 2265 2847 Αὐτά
2289 2793 2346 2846 δὲ
2372 2792 2443 2845 τά
2469 2796 2726 2863 στοιχεῖα,
2750 2793 2900 2849 ἁπλᾶ
2925 2794 3257 2865 τυγχάνοντα
3280 2794 3377 2847 xui.
3402 2793 3697 2858 ἀσύνθετα,

2112 2882 2175 2935 τὸ
2202 2882 2426 2953 μόνιμον
2454 2882 2587 2954 ἔχει,
2624 2884 2720 2938 καὶ
2751 2884 2915 2955 μέχοι
2959 2886 3060 2959 τῆς
3109 2885 3420 2949 συντελείας
3470 2885 3699 2940 ἀδιάλυ-

2114 2990 2226 3027 τον.

2630 3110 2672 3165 Χ
2687 3113 2745 3166 ΙΙ.
2775 3111 2917 3181 Περὶ
2942 3112 3169 3184 ψυχῆς.

2185 3224 2323 3295 Περὶ
2356 3224 2414 3277 δὲ
2459 3224 2640 3296 ψυχῆς
2679 3225 2931 3297 λέγομεν,
2968 3228 3052 3280 ὅτι
3107 3228 3214 3282 εἰσὶ
3245 3229 3409 3282 πέντε
3447 3228 3596 3299 πάθη
3642 3228 3702 3282 ὲν

2115 3313 2275 3384 αὐτῇ,
2308 3313 2466 3368 ἅτινα
2494 3315 2700 3386 ψυχικά
2727 3317 2874 3387 πάθη
2898 3316 3208 3371 καλοῦνται.
3232 3318 3355 3371 Elui.
3397 3318 3454 3372 δὲ
3499 3319 3701 3383 ταῦτα,

2114 3404 2272 3476 ὀργὴ,
2301 3404 2469 3478 λύπη,
2499 3406 2682 3476 φόϐος,
2706 3409 2948 3479 φροντὶς,
2971 3409 3066 3462 xui.
3095 3408 3306 3478 φθόνος.
3350 3410 3407 3463 '0
3433 3407 3528 3464 οὖν
3564 3412 3704 3484 φρό-

2114 3515 2273 3569 νιμον
2298 3497 2436 3569 ἔχων
2455 3497 2546 3552 τὸν
2570 3499 2824 3568 λογισμὸν
2853 3499 3075 3555 δύναται
3106 3500 3310 3554 τούτων
3339 3506 3585 3573 κρατεῖν.
3640 3504 3704 3558 Ἦ

2114 3588 2263 3661 ψυχὴ
2289 3590 2347 3642 δὲ
2372 3590 2605 3662 ὑπάρχει
2630 3590 2749 3644 καθ’
2779 3591 2978 3662 ἑαυτὴν
3009 3591 3186 3664 θερμὴ
3203 3632 3217 3655 ,
3240 3593 3317 3657 ὡς
3338 3593 3450 3664 πῦρ
3479 3595 3709 3665 καιόμε-

2116 3698 2228 3734 νον.
2269 3682 2359 3744 Ὠς
2396 3678 2492 3735 οὖν
2524 3682 2586 3735 τὸ
2634 3680 2835 3752 πῦρτά
2880 3682 3179 3754 βαλλόμενα
3203 3687 3283 3748 εἰς
3326 3685 3532 3755 λέϐητα
3558 3687 3704 3755 έψεί,

2117 3773 2260 3826 οὕτω
2281 3773 2377 3826 xui.
2410 3775 2443 3843 ἡ
2476 3772 2730 3843 πυρώδης
2760 3773 2904 3844 ψυχὴ
2934 3774 3002 3828 τά
3042 3776 3524 3847 παραπεμπόμενα
3556 3778 3709 3830 σιτία

2118 3865 2177 3919 ὲν
2201 3867 2269 3935 τῇ
2295 3865 2472 3936 κοιλίᾳ
2502 3865 2755 3918 λεπτύνει
2782 3867 2876 3919 xui.
2900 3865 3131 3937 δαπανᾷ.
3159 3867 3319 3938 Ψυχὴ
3350 3868 3462 3939 γὰρ
3481 3908 3496 3933 ,
3525 3869 3587 3922 οὐ
3617 3868 3712 3923 διὰ

2117 3957 2180 4011 τὸ
2207 3958 2414 4029 ψυχρὸν
2438 3957 2534 4030 τὴν
2570 3960 2757 4013 οὐσίαν
2808 3956 2968 4025 εἶναι,
3003 3961 3269 4023 καλεῖται,
3334 3959 3518 4024 καθώς
3558 3978 3712 4024 τινες

2119 4051 2226 4103 τῶν
2251 4050 2636 4129 ἁπλουστέρων
2659 4051 2915 4122 ἐνόμισαν
2943 4069 2957 4082 ·
2984 4051 3120 4105 ἀλλὰ
3153 4051 3239 4105 διὰ
3280 4051 3340 4105 τὸ
3387 4053 3452 4105 ἐκ
3502 4052 3714 4123 πολλῆς

2121 4142 2456 4213 θερμότητος
2490 4142 2875 4213 ἀναξηραίνειν
2900 4142 3070 4214 αὐτὴν
3119 4141 3187 4195 τὰ
3236 4142 3412 4212 ὑγρά·
3470 4142 3545 4206 ὡς
3588 4142 3715 4196 ἔστι

2122 4233 2606 4306 πληροφορηθῆναι
2644 4236 2739 4287 xui.
2783 4234 2848 4286 ὲκ
2902 4233 3001 4305 τῆς
3043 4233 3323 4305 ἐνεργείας
3372 4231 3468 4285 τοῦ
3524 4233 3712 4304 ἡλίου.

2121 4327 2334 4400 Θερμὺς
2377 4327 2489 4398 γάρ
2525 4325 2601 4379 ὢν
2635 4327 2729 4379 xui
2764 4325 3053 4399 πυρώδης,
3089 4326 3260 4396 πηλὸν
3312 4324 3558 4396 ξηραίνει
3619 4328 3720 4380 καὶ

439 4434 567 4473 cum
597 4419 667 4474 sit
693 4426 749 4472 et
787 4419 1014 4487 ignitus,
1049 4416 1219 4472 siccat
1262 4416 1439 4469 lutum
1479 4423 1534 4470 et
1572 4429 1790 4469 omnem
1821 4413 2012 4468 humo-

2123 4422 2230 4475 πᾶν
2257 4419 2420 4492 ὑγρὸν
2442 4421 2704 4489 ἀνιμᾶται
2736 4418 2868 4490 ('55).
2916 4420 3035 4474 Ὅτι
3054 4419 3109 4472 δὲ
3141 4421 3174 4490 ἡ
3212 4418 3358 4488 ψυχὴ
3385 4417 3563 4489 θερμὴ
3590 4419 3719 4471 ἐστι

439 4524 557 4564 rem
596 4522 818 4564 sursum
855 4507 1044 4561 trahit.
1076 4506 1234 4572 Quod
1265 4514 1446 4560 autem
1481 4505 1665 4558 anima
1695 4504 2021 4559 naturaliter

441 4606 517 4664 sit
541 4605 738 4669 calida,
766 4618 796 4657 a
820 4602 1182 4658 morientibus
1203 4616 1421 4672 quoque
1443 4601 1855 4671 comprobatur.
1882 4598 2019 4672 Cum

439 4695 588 4754 enim
627 4694 866 4766 primum
908 4693 1091 4748 anima
1145 4693 1428 4759 recedens,
1474 4706 1676 4763 corpus
1713 4667 2018 4762 reliquiarit,

439 4788 628 4846 omnia
654 4787 841 4844 statim
869 4786 1115 4842 membra
1136 4794 1265 4841 sunt
1291 4786 1510 4858 frigida,
1543 4787 1852 4858 frigoreque
1875 4784 2021 4841 haud

443 4882 652 4946 minus,
685 4895 849 4950 quam
877 4879 1082 4951 glacies
1104 4879 1356 4934 hiemalis
1383 4880 1669 4950 congelata
1699 4880 2025 4950 relinquun-

443 4982 558 5031 tur.
586 4972 837 5040 Quandiu
868 4971 1015 5026 enim
1045 4971 1345 5026 abundanti
1387 4971 1512 5026 cibo
1543 4973 1724 5026 anima
1756 4972 2020 5039 reﬁcitur,

447 5066 591 5137 viget
622 5079 843 5136 corpus,
883 5062 948 5133 let
978 5062 1124 5117 valet
1159 5062 1413 5117 viribus:
1451 5062 1671 5129 quando
1714 5077 1845 5118 vero
1884 5063 2024 5119 cibis

443 5158 787 5222 destituitur,
842 5158 1085 5213 absumit
1121 5166 1177 5211 et
1220 5155 1530 5225 corrumpit
1573 5155 1753 5226 ipsum
1797 5170 2019 5225 corpus.

442 5253 565 5310 Non
599 5255 745 5310 enim
773 5260 956 5324 potest
982 5267 1185 5322 corpus
1206 5251 1412 5320 absque
1439 5249 1564 5305 cibo
1598 5250 1796 5329 animae
1825 5250 2024 5305 calidi-

445 5347 547 5403 tati
586 5348 848 5404 resistere
874 5364 887 5401 :
911 5343 1371 5416 quemadmodum
1417 5358 1519 5399 nec
1560 5357 1772 5398 aeneum
1810 5358 1907 5399 vas
1958 5341 2027 5397 ad

449 5439 728 5496 fornacem
756 5440 1017 5511 positum,
1046 5437 1190 5509 ignis
1205 5437 1620 5517 .vehementiam
1650 5437 1857 5507 absque
1884 5450 2026 5507 aqua

450 5533 594 5589 ferre
630 5532 1043 5604 potestznimio
1079 5531 1226 5589 enim
1270 5529 1466 5586 ardore
1518 5530 1780 5596 siccatur,
1822 5534 1877 5583 et
1905 5537 2028 5584 tan-

526 5683 638 5754 (55)
673 5683 813 5741 Edit.
849 5701 1071 5751 comm.,
1103 5684 1386 5757 ἀνηλᾶται.

2118 4512 2262 4567 κατά
2294 4515 2474 4582 φύσιν,
2502 4512 2759 4584 παράθου¹
2780 4513 2870 4566 xui.
2890 4513 2954 4566 ὲκ
2983 4511 3093 4565 τῶν
3126 4510 3601 4580 ἀποθνησκόντων.
3634 4505 3719 4584 τῌ

2121 4605 2229 4676 γάρ
2268 4604 2446 4677 ὦραὴ
2485 4603 2631 4676 ψυχὴ
2664 4604 2905 4676 χωρισθῇ
2938 4606 3004 4657 ἐκ
3054 4602 3150 4657 τοῦ
3204 4600 3490 4671 σώματος,
3527 4601 3719 4654 πάντα

2120 4698 2190 4752 τά
2219 4697 2354 4769 μέλη
2387 4697 2571 4769 ψυχρά
2601 4698 2697 4751 xui.
2727 4695 3112 4769 κρυσταλλώδη
3142 4694 3509 4767 εὑρίσκονται,
3553 4693 3719 4746 οὐδὲν

2120 4784 2281 4861 ἦττον
2306 4788 2482 4859 πάγου
2523 4786 2857 4861 χειμερινοῦ.
2893 4787 3037 4849 Ἕως
3082 4784 3190 4857 γὰρ
3215 4784 3328 4855 ἔχει
3364 4786 3392 4853 ἡ
3431 4782 3579 4853 ψυχὴ
3610 4780 3718 4852 τὴν

2123 4881 2331 4952 τροφὴν
2353 4883 2434 4945 εἰς
2466 4879 2749 4949 ἀφθονίαν,
2771 4878 2951 4933 θάλλει
2982 4877 3042 4930 τὸ
3071 4876 3231 4946 σῶμα
3266 4877 3361 4929 καὶ
3395 4874 3714 4946 ἁϐρύνεται.

2138 4973 2402 5044 Ὁπηνίκα
2432 4972 2489 5026 δὲ
2539 4973 2806 5042 ἀπορήσει
2837 4970 3046 5033 σιτίων,
3081 4969 3214 5022 αὐτὸ
3257 4968 3318 5021 τὸ
3356 4966 3516 5038 σῶμα
3570 4983 3717 5019 κατ-

2126 5064 2408 5118 εσθίεικαὶ
2450 5063 2680 5135 φθείρει.
2715 5064 2789 5115 Οὐ
2852 5062 2962 5135 γάρ
2997 5061 3220 5116 δύναται
3264 5060 3326 5114 τὸ
3379 5060 3537 5130 σῶμα
3576 5059 3717 5113 ἄνευ

2125 5156 2330 5228 τροφῆς
2359 5156 2605 5226 ἀντέχειν
2659 5154 2796 5228 πρὸς
2853 5156 2956 5227 τὴν
3007 5154 3317 5226 θερμότητα
3375 5153 3471 5223 τῆς
3505 5151 3715 5222 ψυχῆς,

2126 5245 2315 5318 ὥσπερ
2342 5244 2464 5299 οὔτε
2498 5247 2716 5314 ἀγγεῖον
2736 5244 2992 5315 χαλκοῦν,
3045 5243 3218 5307 ἑστὼς
3271 5241 3367 5295 ἐπὶ
3425 5241 3716 5307 κλιϐάνου,

2127 5337 2345 5392 δύναται
2370 5338 2555 5412 φέρειν
2587 5339 2714 5393 ἄνευ
2741 5337 2932 5401 ὕδατος
2960 5337 3060 5408 τὴν
3096 5336 3432 5407 σφοδρότητα
3456 5333 3552 5386 τοῦ
3602 5350 3718 5386 πυ-

2129 5432 2255 5506 ρός·
2294 5433 2628 5505 ὲκφρύγεται
2657 5434 2766 5506 γὰρ
2803 5433 2896 5487 xui.
2952 5430 3228 5486 διαλύεται
3257 5430 3460 5483 τέλεον.
3519 5426 3719 5494 Οὕτως

2128 5522 2220 5581 οὖν
2257 5526 2351 5581 xui.
2387 5527 2417 5580 ό
2448 5526 2610 5599 λέϐης
2635 5525 2737 5580 -τοΰ
2771 5524 3054 5598 σώματος,
3087 5525 3162 5597 μὴ
3185 5523 3322 5596 ἔχων
3345 5520 3445 5593 τὴν
3477 5519 3719 5593 τροφὴν,
