3860 6200
153 289 241 346 553
1136 282 1486 340 DOCTRINA
1524 283 1617 337 AD
1664 281 2069 338 ANTIOCHUM
2107 283 2359 339 DUCEM.

3234 291 3342 348 554

149 398 279 471 παρὰ
312 397 406 469 τῆς
431 360 715 468 ’πυρώδους
740 394 917 466 ψυχῆς
945 395 1348 466 ὲκπυρούμενος
1370 436 1384 460 ,
1444 394 1676 448 ἀπόλλυ-

1782 392 1906 447 dem
1933 393 2270 448 dissolvitur.
2297 392 2379 448 Ad
2408 393 2659 449 eumdem
2693 395 2912 452 modum
2945 398 3052 453 olla
3091 406 3341 473 corporis

148 509 225 547 ται
247 488 592 544 παντάπασιν.

206 660 266 715 Ei
280 676 399 714 ποτε
421 659 477 712 δέ
503 677 582 712 σοι
622 660 750 730 περὶ
791 658 891 730 τῆς
929 658 1109 728 ψυχῆς
1164 675 1250 721 τις
1283 657 1676 729 ἀμφισόητοίη,

149 751 388 821 ἐρώτησον
418 749 576 802 αὐτόν
594 765 608 780 ⁸
635 745 770 802 Εἰπέ
803 767 914 819 μοι,
939 751 997 802 ὲν
1027 749 1133 818 ὅλῳ
1158 747 1235 818 τῷ
1263 747 1470 817 σώματι
1505 752 1679 801 κεῖται

147 843 172 911 ή
201 839 325 910 ψυχὴ
349 839 438 892 τοῦ
467 837 774 909 ἀνθρώπου,
806 839 839 910 ἦ
870 839 928 892 ἐν
967 840 1049 892 ἑνὶ
1076 839 1259 908 τόπῳ;
1303 838 1412 890 Καὶ
1471 839 1520 891 εί
1581 838 1680 908 μὲν

146 928 252 999 εἴπῃ
279 943 374 990 σοι,
419 927 501 978 ὅτι
536 927 594 978 ὲν
649 925 756 996 ὅλῳ
799 925 878 996 τῷ
904 925 1139 996 σώματι,
1174 925 1295 978 είπὲ
1327 925 1504 995 αὐτῷ’
1569 925 1680 978 Καὶ

145 1021 244 1085 πῶς
270 1023 516 1092 τέμνουσι
544 1019 640 1091 τὴν
663 1024 818 1092 χεῖρα
850 1018 942 1072 τοῦ
969 1018 1277 1090 ἀνθρώπου,
1301 1017 1334 1088 ἥ
1367 1017 1459 1070 τὸν
1519 1018 1675 1082 πόδα,

143 1117 220 1170 καὶ
242 1116 295 1168 οὐ
321 1115 573 1167 κόπτεται
597 1114 688 1166 καὶ
722 1114 755 1183 ἡ
792 1111 967 1183 ψυχὴ,
1016 1111 1151 1165 ἀλλὰ
1185 1112 1344 1165 πάλιν
1388 1110 1454 1182 ζῇ
1503 1112 1532 1164 ὁ
1584 1111 1679 1164 ἄν·

143 1208 344 1281 θρωπος,
378 1208 470 1261 καὶ
501 1209 600 1263 οὐκ
632 1206 996 1278 ἀποθνήσκεις
1032 1205 1095 1258 El
1144 1204 1201 1257 δὲ
1260 1205 1389 1276 εἴπῃ
1443 1220 1544 1268 σοι,
1588 1205 1676 1256 Ἐν

142 1302 205 1352 ἑνὶ
236 1300 374 1370 μέρει
396 1301 592 1362 κεῖται,
618 1297 777 1352 πάλιν
814 1297 934 1351 εἰπέ
959 1315 972 1327 ο
1003 1297 1112 1349 Καὶ
1139 1295 1256 1360 πῶς
1286 1297 1390 1348 εἱσι
1441 1296 1510 1348 τὰ
1543 1296 1676 1350 ἄλλα

144 1390 260 1461 μέρη
283 1390 366 1445 τοῦ
395 1389 677 1462 ἀνθρώπου
705 1391 872 1459 χωρὶς
907 1388 1106 1460 ψυχῆς,
1137 1391 1231 1443 καὶ
1283 1389 1400 1452 πῶς
1448 1389 1674 1443 δύναται

139 1482 310 1552 ἇψδχον
339 1480 493 1552 μέλος
522 1481 712 1552 ἕχεινό
742 1480 1054 1552 ἅνθρωποςς
1091 1482 1200 1534 Καὶ
1227 1480 1346 1544 πῶς
1378 1482 1495 1535 ἐστι
1518 1481 1676 1534 δυνα-

138 1556 508 1642 τὺνζῇνχωρὶς
531 1571 739 1641 ψυχῆςς
785 1571 899 1623 Πᾶν
931 1571 1039 1641 γὰρ
1069 1571 1130 1623 τὸ
1192 1569 1268 1642 μὴ
1329 1569 1450 1641 ἔχον
1498 1570 1674 1641 ψυχὴν

139 1664 298 1734 νεκρόν
321 1665 430 1715 ἐστι
449 1679 463 1693 ο
493 1665 589 1716 καὶ
613 1663 712 1717 οὐκ
754 1659 901 1726 οἶδας
927 1665 980 1717 τί
1011 1663 1206 1732 λέγεις.
1244 1663 1384 1733 Ἐγὼ
1433 1664 1489 1716 δὲ
1532 1665 1671 1717 εῐπω

1781 483 1827 537 si
1857 497 1964 536 non
1996 484 2191 539 habeat
2215 484 2421 550 cibum,
2453 487 2521 541 ab
2551 487 2714 557 ignita
2745 489 2925 544 anima
2955 506 3207 560 accensa,
3248 512 3341 567 pe-

1779 573 1928 630 nitus
1953 575 2158 629 interit.

1850 663 2007 730 Quod
2042 667 2088 721 si
2121 667 2416 737 aliquando
2458 668 2526 724 de
2554 671 2735 726 anima
2765 673 2976 732 dubitet
3009 678 3226 750 aliquis,
3271 684 3340 740 ab

1779 755 1900 825 ipso
1932 772 2113 826 quaere
2142 777 2154 813 :
2180 756 2320 812 Num
2369 761 2550 815 anima
2585 762 2824 820 hominis
2867 767 2926 821 in
2961 777 3075 824 toto
3112 787 3340 842 corpore

1777 855 1882 910 est,
1911 847 1998 901 vel
2027 847 2084 900 in
2117 863 2226 902 uno
2264 849 2450 919 aliquo
2479 851 2639 906 loco?
2679 853 2746 908 Et
2779 857 2826 912 si
2875 858 2930 912 in
2963 867 3079 916 toto
3112 877 3341 934 corpore

1778 938 2104 1007 respondeat
2137 939 2373 994 animam
2403 958 2546 1008 esse,
2589 945 2861 1019 interroga
2890 969 2902 1004 :
2930 951 3212 1016 Quomodo
3243 959 3342 1014 ab-

1785 1029 1960 1084 scissa
1991 1045 2177 1094 manu,
2213 1032 2298 1086 vel
2324 1033 2477 1102 pede,
2522 1051 2630 1090 non
2681 1039 3021 1096 abscinditur
3052 1047 3250 1116 anima,
3285 1056 3340 1105 et

1777 1119 1953 1174 adhuc
1981 1120 2114 1175 vivit
2157 1122 2340 1190 homo,
2391 1140 2453 1180 ac
2498 1129 2737 1183 nondum
2785 1134 3052 1191 moritur?
3083 1137 3236 1204 Quod
3293 1144 3339 1198 si

1776 1210 1940 1276 dicat,
1975 1211 2030 1265 in
2060 1221 2214 1280 parte
2244 1214 2423 1284 aliqua
2449 1219 2684 1274 animam
2705 1236 2848 1291 esse,
2889 1241 3083 1284 rursus
3113 1246 3294 1300 quaere
3321 1253 3335 1290 :

1776 1301 2024 1368 Quonam
2049 1313 2212 1374 pacto
2232 1305 2471 1363 hominis
2500 1311 2618 1364 aliae
2639 1323 2818 1381 partes
2845 1331 2966 1372 esse
2985 1333 3192 1389 queunt
3213 1327 3341 1382 abs-

1775 1410 1882 1465 que
1906 1395 2106 1462 anima,
2141 1403 2195 1452 et
2224 1401 2495 1468 quomodo
2530 1405 2831 1459 membrum
2860 1390 3338 1471 inanimatumha-

1775 1486 1902 1541 bere
1934 1489 2110 1556 possit
2138 1488 2345 1543 homo?
2376 1491 2507 1546 ltcm
2553 1499 2826 1563 quomodo
2855 1504 3112 1570 possibile
3148 1508 3219 1562 sit
3256 1511 3339 1564 vi-

1774 1591 1901 1630 vere
1943 1576 2064 1631 sine
2097 1577 2318 1631 anima?
2349 1579 2483 1632 Nam
2521 1582 2788 1652 quidquid
2830 1589 3065 1643 animam
3105 1608 3215 1648 non
3243 1594 3338 1648 ha-

1775 1666 1886 1730 bet,
1913 1678 2188 1721 mortuum
2214 1676 2318 1724 est.
2347 1668 2491 1724 Sane
2520 1673 2701 1728 nescis
2729 1675 2861 1743 quid
2881 1678 3051 1735 dicas.
3077 1679 3188 1751 Ego
3207 1699 3339 1739 vero

138 1773 222 1819 σοι,
242 1760 294 1810 ὲν
317 1757 448 1827 ποίῳ
467 1755 639 1827 τόπῳ,
665 1757 759 1810 καὶ
789 1758 926 1826 ποίῳ
943 1759 1150 1827 τρόπῳ,
1177 1757 1272 1810 καὶ
1303 1758 1406 1811 ποῦ
1431 1757 1676 1810 ἀναπαύ-

1782 1757 1872 1810 tibi
1895 1757 2092 1825 dicam,
2117 1773 2225 1828 qua
2254 1761 2308 1813 in
2335 1769 2507 1829 parte,
2534 1764 2806 1832 quomodo
2833 1773 2885 1820 et
2907 1767 2998 1823 ubi
3030 1769 3339 1841 requiescat

136 1849 283 1919 εταιή
314 1847 476 1920 ψυχή.
523 1849 614 1902 Ἐν
639 1850 786 1920 τρισὶ
830 1849 1016 1912 τόποις
1065 1849 1160 1902 τοῦ
1218 1848 1467 1920 σώματός
1523 1850 1670 1902 ἐστιν

1782 1849 1929 1918 201
1967 1851 2170 1906 anima.
2213 1851 2274 1906 In
2316 1853 2493 1909 tribus
2530 1855 2668 1911 locis
2704 1861 2951 1928 corporis
2985 1877 3137 1917 suam
3176 1865 3339 1921 habet

137 1941 438 2012 ὲνιδρυμὲνη,
477 1941 574 1994 καὶ
598 1941 784 2013 ὥσπερ
817 1943 851 2012 ἡ
905 1941 1062 2005 ἀκτὶς
1105 1941 1198 1994 τοῦ
1251 1941 1406 2012 ἡλίου
1458 1944 1537 2004 εἰς
1575 1942 1670 1994 ἕνα

1782 1938 1980 1992 sedem.
2015 1939 2084 1993 Et
2113 1940 2277 1994 sicuti
2307 1942 2440 1996 solis
2469 1943 2658 1999 radius
2684 1961 2854 2000 unum
2893 1951 3124 2020 aliquem
3156 1954 3336 2011 locum

135 2033 270 2086 τόπον
300 2037 478 2106 χωρεῖ,
509 2034 608 2087 καὶ
658 2035 962 2105 εἰσέρχεται
998 2032 1092 2086 τοῦ
1144 2033 1320 2096 οἴκου,
1357 2031 1580 2102 φωτίζει
1612 2033 1670 2086 δὲ

1782 2037 2032 2099 occupat,
2075 2039 2129 2086 et
2158 2032 2217 2086 in
2243 2032 2465 2088 domum
2496 2043 2763 2104 penetrat,
2797 2039 3066 2096 illuminat
3096 2061 3223 2101 vero
3253 2057 3339 2103 to-
3393 2046 3397 2049 ’

136 2125 282 2178 πάντα
308 2125 392 2178 τὸν
414 2120 594 2178 οἷκον⁹
634 2125 728 2178 καὶ
765 2127 798 2196 ὴ
827 2125 972 2196 ψυχὴ
993 2165 1007 2188 ,
1039 2127 1097 2178 ὲν
1134 2127 1246 2188 τοῖς
1275 2124 1424 2194 τρισὶ
1481 2125 1668 2196 μέρεσι

1782 2127 1883 2175 tam
1908 2121 2128 2177 domum
2156 2141 2171 2178 :
2210 2124 2290 2179 sic
2316 2125 2496 2180 anima
2523 2142 2740 2198 quoque
2773 2130 2828 2184 in
2857 2133 3031 2189 tribus
3065 2134 3188 2193 istis
3212 2154 3338 2210 par-

134 2213 208 2266 τοῦ
236 2215 466 2284 σώματος
489 2214 832 2288 ἐνιδρυμένη,
867 2215 957 2268 τὸν
977 2210 1124 2267 οἶκον
1146 2215 1265 2269 ὅλον
1291 2214 1547 2283 ζωογονεῖ
1574 2214 1668 2267 τοῦ

1782 2213 1919 2268 libus
1940 2215 2188 2284 corporis
2215 2217 2483 2282 residens,
2515 2228 2682 2274 totam
2719 2221 2938 2278 domum
2958 2269 2975 2293 ,
3005 2242 3226 2299 corpus,
3254 2233 3339 2287 vi-

136 2305 368 2375 σώματος.
410 2307 759 2361 Κατοικεῖ¹δὲ
795 2309 828 2378 ἡ
858 2306 1002 2377 ψυχὴ
1031 2309 1088 2359 ὲν
1109 2310 1174 2378 τῇ
1205 2305 1421 2377 καρδίᾳ,
1471 2307 1565 2359 καὶ
1610 2308 1669 2360 ὲν

1782 2305 1974 2361 vilicat.
2017 2306 2191 2363 Habet
2221 2319 2399 2365 autem
2437 2312 2616 2366 anima
2645 2315 2828 2370 sedem
2858 2332 3013 2372 suam
3053 2321 3108 2376 in
3148 2323 3332 2389 corde,

133 2395 195 2464 τῷ
217 2397 416 2450 δπισθεν
442 2397 600 2468 μέρει
629 2397 730 2467 τῆς
761 2397 1002 2466 κεφαλῆς
1019 2438 1032 2456 .
1061 2397 1196 2467 ὅπερ
1224 2395 1445 2450 κότυλον
1473 2396 1670 2467 ὀνομά-

1782 2396 1829 2450 in
1861 2401 2154 2469 posteriori
2182 2411 2339 2471 parte
2368 2405 2585 2475 capitis,
2611 2421 2733 2477 quae
2755 2422 2888 2464 cava
2919 2421 3165 2481 vocatur,
3200 2425 3254 2471 et
3278 2418 3334 2473 in

135 2486 275 2549 ζεται,
301 2490 390 2542 καὶ
416 2490 473 2542 ὲν
498 2492 620 2552 ταῖς
641 2488 942 2560 βασιλικαῖς
970 2487 1180 2558 φλεψίν.
1235 2489 1322 2541 Ἐν
1342 2487 1550 2551 τούτοις
1575 2484 1668 2543 οὖν

1782 2488 2016 2546 basilicis
2049 2493 2222 2549 venis.
2255 2492 2312 2548 In
2343 2495 2464 2551 istis
2494 2497 2660 2568 igitur
2691 2499 2867 2557 tribus
2896 2503 3142 2571 partibus
3180 2506 3336 2561 habiv

133 2579 222 2640 τοῖς
236 2581 369 2649 τρισὶ
402 2580 595 2652 μέρεσι
624 2583 866 2634 κατοικεῖ
892 2581 925 2650 ή
954 2577 1122 2650 ψυχή.
1152 2577 1250 2631 Διὰ
1287 2577 1444 2631 τοῦτο
1483 2578 1552 2648 ἢν
1601 2578 1668 2632 ἂν

1782 2586 1852 2634 tat
1876 2583 2076 2638 anima.
2107 2584 2308 2651 Quare,
2342 2587 2389 2642 si
2415 2603 2512 2643 cor
2532 2590 2863 2658 vulneretur,
2895 2601 2988 2649 aut
3015 2610 3080 2651 ex
3111 2597 3334 2654 basilica

133 2665 257 2740 ὥραν
285 2671 458 2744 τρωθῇ
492 2673 526 2742 ἡ
566 2671 781 2743 καρδία,
809 2673 844 2744 ἢ
887 2673 952 2725 ὲκ
993 2670 1095 2741 τῆς
1142 2669 1423 2741 βασιλικῆς
1474 2669 1667 2740 φλεϐὸς

1782 2686 1916 2726 vena
1949 2675 2176 2729 multum
2211 2677 2496 2747 sanguinis
2523 2679 2725 2746 eliluat,
2755 2689 2848 2737 aut
2887 2684 2932 2739 si
2968 2694 3131 2756 caput
3163 2679 3336 2743 caida-

133 2759 247 2830 αἷμα
277 2764 435 2837 ρεύσῃ
465 2765 640 2830 πολὺ,
675 2767 708 2836 ἢ
749 2767 784 2838 ἡ
825 2763 1038 2835 κεφαλὴ
1071 2761 1308 2834 κρουσθῇ
1353 2762 1446 2816 καὶ
1482 2761 1666 2834 τμηθῇ

1782 2769 1883 2826 tur,
1930 2765 2016 2821 vel
2060 2766 2241 2836 gladio
2273 2777 2513 2836 secetur,
2555 2773 2739 2828 statim
2783 2790 2815 2829 a
2859 2789 3089 2846 corpore
3129 2779 3334 2834 recedit

134 2847 216 2902 ὑπὸ
258 2848 452 2922 ξίφους,
511 2853 792 2924 παρευθὺς
840 2851 1134 2925 χωρίζεται
1201 2850 1295 2904 τοῦ
1342 2850 1589 2921 σώματος
1627 2853 1664 2921 ἠ

1782 2856 1982 2923 anima,
2031 2866 2088 2914 et
2136 2868 2414 2917 mortuum
2461 2878 2662 2934 corpus
2709 2867 3055 2937 relinquitur.
3103 2869 3166 2923 In
3213 2870 3333 2926 istis

132 2937 268 3011 ψυχὴ,
298 2943 385 2996 καὶ
410 2943 606 3016 νεκρὸν
628 2944 689 2997 τὸ
736 2943 894 3015 σῶμα
943 2942 1278 3014 εὑρίσκεται.
1325 2940 1668 2994 Κατοικοῦσα

1782 2962 1936 3018 porro
1968 2949 2144 3006 tribus
2185 2951 2434 3021 partibus
2467 2953 2646 3008 anima
2679 2954 2862 3012 sedem
2900 2957 3130 3021 habens,
3167 2957 3222 3011 in
3249 2965 3333 3013 to-

132 3029 226 3104 δὲή
252 3034 386 3110 ψυχὴ
409 3041 466 3093 ὲν
491 3042 608 3102 τοῖς
631 3039 777 3110 τρισὶ
803 3037 1013 3101 τούτοις
1037 3037 1278 3108 μέρεσιν,
1309 3035 1416 3106 ὅλῳ
1447 3034 1525 3105 τῷ
1561 3032 1666 3087 σώ-

1782 3046 1887 3094 tum
1916 3054 2116 3109 corpus
2143 3042 2365 3096 vitalem
2413 3059 2570 3097 suam
2603 3046 2898 3114 potentiam
2927 3046 3226 3102 distribuit.

135 3138 238 3191 ματι
265 3129 580 3196 μεταδίδωσι
607 3128 708 3199 τῆς
737 3128 940 3192 οἰκείας
968 3126 1202 3198 ζωτικῆς
1230 3124 1528 3196 δυνάμεως.

138 3277 3325 3305 W

1447 3434 2026 3528 MONITUM

888 3636 957 3691 ΙΝ
994 3634 1385 3703 SEQUENTIA
1421 3634 1516 3689 AD
1554 3624 1963 3690 ANTIOCHUM
2001 3634 2238 3691 DUCEM
2279 3633 2528 3692 OPERA.

187 3861 222 3917 1.
256 3863 563 3920 Antiochum
593 3859 869 3933 quemdam
918 3861 1201 3915 Athanasii
1231 3877 1358 3925 arvo,
1387 3861 1586 3931 ipsique
1623 3859 1915 3913 Athanasio
1963 3855 2298 3925 familiarem,
2331 3855 2593 3909 exstitisse
2611 3859 2790 3925 palam
2821 3872 2897 3916 est
2923 3879 2987 3916 ea:
3014 3863 3236 3935 epistola
3260 3871 3330 3924 ad

132 3953 352 4014 Joannem
389 3968 437 4014 et
464 3955 782 4013 Antiochum
816 3969 944 4008 cusa
979 3961 1104 4007 tom.
1132 3949 1163 4004 Ι
1192 3950 1360 4022 [nunc
1407 3959 1449 4005 t.
1484 3948 1575 4021 ll],
1607 3966 1658 4018 p.
1691 3950 1812 4004 765.
1842 3947 1946 4014 Qui
1972 3943 2238 4015 presbyter
2264 3945 2387 3999 item
2417 3943 2538 4011 fuit,
2569 3955 2628 3999 ut
2654 3950 2940 4006 Antiochus
2965 3954 3048 4008 hic
3067 3959 3334 4029 presbyter

134 4052 364 4108 ordinatus
385 4055 552 4124 fuisse
585 4058 903 4105 memoratur
927 4048 1172 4117 inferius.
1202 4044 1378 4110 Quare
1405 4045 1494 4100 ille
1525 4029 1769 4113 fortassis
1799 4043 2088 4096 Antiochus
2113 4037 2399 4108 presbyter,
2432 4041 2636 4092 occasio
2664 4040 2765 4108 fuit
2809 4052 2865 4095 ut
2912 4048 3117 4102 nomine
3162 4050 3333 4104 Atha-

134 4151 244 4203 nasii
270 4150 406 4202 varia
434 4147 713 4202 ederentur
757 4159 934 4212 opera,
980 4139 1047 4193 ad
1095 4138 1424 4193 Antiochum
1473 4146 1794 4206 nuncupata.
1837 4133 1942 4188 Sed
1969 4134 2074 4186 sive
2100 4131 2206 4185 ista
2233 4131 2336 4184 sive
2367 4131 2478 4182 alia
2505 4133 2776 4185 occasione
2804 4137 3100 4204 conscripta
3135 4139 3333 4206 fuerint

132 4243 347 4309 ejusmodi
371 4261 550 4308 opera,
581 4241 760 4309 palam
787 4244 864 4290 est
893 4247 1219 4304 nequaquam
1250 4228 1528 4284 Athanasii
1562 4228 1662 4281 illa
1692 4243 1837 4289 esse;
1867 4225 1956 4278 sed
1992 4225 2210 4278 alterius
2243 4223 2514 4290 scriptoris
2541 4223 2832 4278 Athanasio
2870 4235 3025 4280 (etate
3065 4229 3332 4298 inferioris

131 4333 300 4403 ingenio
327 4337 471 4406 longe
497 4332 740 4402 imparis.

184 4429 240 4484 ll.
273 4430 348 4486 Ex
375 4430 543 4484 tribus
579 4428 716 4481 hisce
749 4422 1084 4484 tractatibus,
1119 4419 1184 4474 ad
1219 4417 1547 4472 Antiochum
1578 4415 1866 4484 inscriptis,
1899 4416 2002 4466 duo
2031 4412 2254 4480 priores,
2286 4409 2482 4464 scilicet
2511 4407 2768 4464 Doctrina
2800 4411 2867 4466 ad
2902 4413 3247 4482 Antiochum,
3283 4428 3334 4474 et

129 4523 236 4578 illud
258 4528 318 4580 ad
344 4525 662 4582 Antiochum
685 4519 1013 4591 opusculum,
1046 4513 1276 4568 nondum
1313 4511 1442 4566 editi
1472 4510 1702 4581 fuerant.
1724 4510 1807 4562 An
1829 4524 1945 4562 vero
1986 4508 2089 4559 tria
2117 4505 2216 4558 illa
2244 4504 2494 4572 opuscula
2523 4503 2753 4571 ejusdem
2782 4507 3052 4574 scriptoris
3076 4512 3202 4576 sint,
3237 4517 3336 4573 mi-

131 4622 242 4675 nime
285 4632 512 4687 constat;
555 4635 660 4675 non
703 4617 929 4671 multum
979 4621 1149 4664 tamen
1178 4607 1415 4662 absimile
1441 4614 1519 4659 est
1541 4604 1798 4658 orationis
1844 4617 2024 4672 genus.
2060 4600 2319 4654 Cteterum
2359 4598 2575 4667 antiqua
2606 4609 2729 4652 sunt
2753 4617 2816 4655 ea
2846 4604 3046 4672 omnia,
3083 4624 3205 4687 nam
3231 4610 3337 4664 duo

129 4716 301 4779 quidem
317 4719 594 4784 priora,ea',
626 4711 855 4781 antiquis
881 4705 1250 4773 manuscriptis
1284 4700 1516 4755 mutuati
1547 4713 1765 4760 sumus;
1797 4697 2108 4766 quwstiones
2130 4709 2247 4747 vero
2281 4692 2348 4745 ad
2383 4691 2721 4759 Antiochum,
2759 4694 2824 4750 ab
2847 4695 3119 4769 Anonymo
3142 4699 3341 4757 Raven-

131 4817 229 4861 nate
253 4811 465 4878 septimi,
515 4808 596 4864 vel
639 4815 699 4860 ut
745 4805 838 4859 alii
877 4808 1086 4871 putant,
1123 4797 1378 4867 sequioris
1428 4792 1788 4857 saeculi,edito
1831 4805 1921 4858 per
1955 4789 2020 4844 Ι).
2063 4787 2346 4842 Placidum
2373 4785 2676 4878 Porcheron
2713 4787 3022 4854 laudantur,
3059 4793 3173 4847 loco
3192 4795 3340 4863 infra

132 4875 344 4954 notando.
393 4899 719 4963 Quaestiones
769 4908 926 4963 porro
967 4888 1090 4941 illas
1146 4887 1214 4939 ad
1260 4883 1574 4938 Antiochum
1602 4890 1862 4949 postremo
1898 4879 2010 4932 loco
2047 4877 2310 4946 ponimus,
2340 4891 2403 4929 ne
2430 4875 2765 4944 sejungamus
2795 4893 2828 4930 a
2859 4880 3061 4933 cceteris
3090 4883 3340 4950 quaestio‘

131 4990 256 5046 nibus
283 5010 391 5062 quae
422 4993 489 5046 ad
516 4989 831 5046 Antiochum
864 4983 1071 5037 minime
1097 4980 1475 5034 inscribuntur.
1515 4977 1590 5030 De
1634 4974 1854 5045 singulis
1885 4973 2124 5043 quaedam
2155 4970 2530 5041 pertractanda
2561 4969 2710 5023 nobis
2743 4980 2884 5026 sunt.

185 5084 260 5141 Ill.
299 5086 572 5142 Doc-num
617 5101 685 5139 AD
737 5083 1055 5136 ANTIOCHI}!
1107 5091 1313 5135 DUCEH,
1367 5073 1522 5128 otiosi
1565 5070 1789 5123 hominis
1834 5077 2202 5131 commentum,
2235 5073 2292 5118 ut
2343 5081 2490 5119 nemo
2525 5079 2625 5116 non
2659 5063 2814 5125 videt.
2839 5080 2897 5117 eo
2932 5072 3102 5118 tamen
3131 5064 3340 5118 nomine

131 5181 326 5244 pretiosa
352 5191 399 5236 et
427 5178 841 5236 commendanda
893 5186 992 5248 est,
1039 5173 1175 5244 quod
1223 5185 1470 5240 magnam
1526 5165 1650 5220 libri
1693 5163 1940 5218 Pastoris
1975 5171 2198 5229 partem,
2233 5160 2385 5225 cuius
2420 5157 2607 5212 Graeca
2629 5155 2841 5224 jamdiu
2870 5156 3128 5217 interiere,
3159 5154 3340 5209 Graece

133 5269 254 5328 nobis
287 5274 516 5328 exhibeat
544 5281 632 5328 :et
656 5270 862 5344 quidem
909 5271 985 5322 ita
1034 5283 1244 5337 puram,
1272 5264 1350 5316 ita
1377 5259 1581 5314 Latinis
1613 5257 1824 5311 Hermae
1850 5254 2092 5309 Pastoris
2121 5269 2426 5344 consonam,
2466 5258 2525 5304 ut
2554 5248 2621 5302 ad
2654 5248 2861 5303 verbum
2889 5263 2952 5301 ea:
2995 5264 3054 5301 eo
3082 5255 3138 5344 ut
3171 5248 3312 5315 pluri
3330 5279 3340 5289 -

134 5377 250 5418 nium
272 5367 580 5439 descriptam
608 5338 740 5429 esse,
782 5365 1122 5434 conspicuum
1158 5361 1248 5414 sit.
1294 5357 1480 5411 Primo
1530 5369 1754 5423 namque
1785 5353 2008 5419 scriptor
2047 5338 2148 5404 iste
2178 5348 2493 5402 Antiochum
2529 5345 2676 5399 nobis
2698 5348 3035 5439 repraesentat
3063 5338 3340 5439 adeuntem

135 5451 183 5506 S.
203 5429 532 5513 Athanasium
590 5429 918 5526 inﬁrmitatis
960 5468 1222 5523 corporea:
1269 5463 1469 5505 causa:
1499 5457 1556 5500 ut
1581 5463 1688 5500 una
1714 5445 1951 5514 precibus
1980 5442 2089 5497 suis
2131 5440 2256 5494 levet
2285 5437 2669 5508 aegritudinem.
2700 5430 2991 5526 monitis
3025 5429 3164 5526 uiam
3191 5439 3342 5496 paret

134 5544 190 5595 ad
212 5549 566 5610 paenitentiam.
608 5519 743 5601 H'uic
784 5519 1110 5600 Athanasius
1137 5544 1365 5599 sanitate
1383 5540 1647 5601 restituto,
1673 5535 1948 5589 duodecim
1989 5532 2245 5586 mandata
2279 5527 2482 5582 tradit:
2511 5542 2626 5596 qua:
2667 5523 2798 5578 nihil
2822 5530 2944 5578 sunt
2984 5519 3155 5585 aliud,
3181 5537 3341 5589 quam

133 5637 373 5696 duodecim
403 5644 502 5697 illa
551 5642 760 5696 Herniea
806 5639 1052 5697 Pastoris
1095 5635 1372 5697 mandata,
1397 5629 1584 5703 quibus
1617 5635 1828 5683 constat
1855 5625 1988 5680 liber
2016 5620 2299 5679 secundus.
2338 5618 2430 5674 Ita
2461 5626 2636 5671 tamen
2681 5625 2740 5668 ut
2767 5631 2871 5668 non
2901 5615 3107 5682 integra
3140 5626 3343 5681 semper

134 5736 206 5788 sed
226 5738 525 5807 quibusdam
553 5738 801 5806 ademptis
835 5736 1046 5804 σπίναι.
1093 5731 1292 5786 Deinde
1321 5727 1490 5784 multa
1519 5726 1632 5780 alia
1662 5739 1728 5780 ea:
1758 5721 1936 5778 eodem
1975 5720 2111 5776 libro
2142 5718 2262 5775 hinc
2296 5713 2416 5772 inde
2449 5719 2774 5768 consuuntur
2804 5724 2821 5763 :
2850 5723 2910 5762 ac
2939 5715 3196 5807 postremo
3226 5721 3343 5793 ma-

417 5836 676 5896 rmor.
701 5802 846 5894 ὀιι.
871 5802 1177 5892 sxvm.
2935 5802 3010 5862 18
