3840 6194
486 266 594 324 555
1591 269 1647 324 S.
1689 267 2150 327 ATHANASIUS.
2193 299 2266 311 -—
2305 270 2578 327 SPURIA.
3643 272 3750 330 536

483 397 642 454 gnam
671 393 718 438 et
737 379 1012 452 prolixam
1034 380 1510 438 enarratAntiochi
1539 383 1807 446 visionem,
1833 399 1990 454 quam
2022 383 2145 438 item
2176 399 2241 437 ex
2270 386 2424 439 tertio
2445 385 2686 439 Pastoris
2719 383 2851 438 libro
2882 383 2950 436 ad
2977 382 3183 438 verbum
3209 394 3479 441 mutuatus
3506 397 3606 443 est.
3636 387 3757 443 Hoc

484 489 660 552 itaque
684 480 1014 550 opusculum,
1039 480 1156 535 licet
1176 481 1350 550 prima
1377 479 1551 550 fronte
1581 496 1643 535 ne
1668 480 1822 548 ﬂocci
1848 481 2058 551 quidem
2084 480 2385 550 faciendum
2411 483 2671 548 videatur,
2705 481 2927 535 maximi
2960 488 3134 533 tamen
3161 486 3238 531 est
3271 481 3538 542 momenti,
3563 484 3755 551 quippe

483 589 603 626 cum
646 572 768 626 libri
810 573 958 628 illius
1009 573 1367 642 apostolorum
1416 587 1523 626 wvo
1574 570 1724 634 editi,
1753 581 1803 626 et
1837 589 1869 626 a
1900 581 1975 625 tot
2008 571 2260 626 Patribus
2299 590 2390 628 nec
2426 575 2535 628 sine
2569 573 2727 626 laude
2753 570 3049 632 memorati,
3083 569 3250 623 multa
3275 579 3324 623 et
3348 569 3560 638 prolixa
3595 573 3753 627 nobis

483 666 781 734 fragmenta
808 663 1121 734 suppeditet.
1152 660 1328 716 Probo
1360 663 1522 733 igitur
1545 661 1768 716 consilio
1799 677 2120 732 qutecunque
2144 661 2426 715 Athanasii
2464 661 2672 714 nomine
2698 662 2751 713 in
2782 663 3153 730 manuscriptis
3183 663 3630 730 circumferuntur
3663 667 3752 719 edi

477 755 820 819 curavimus;
852 773 976 810 nam
1007 756 1074 822 si,
1105 755 1185 810 uti
1213 751 1508 808 suadebant
1541 753 1804 820 nonnulli,
1837 770 1900 807 ea
1924 753 2102 806 omnia
2130 753 2525 822 abjecissemus,
2559 768 2678 823 qua:
2708 751 2770 805 ab
2803 753 3060 822 imperitis
3099 755 3582 827 inelegantibusque
3608 761 3750 812 scri-

478 845 717 912 ptoribus
758 844 1044 902 Athanasii
1084 853 1292 908 nomine
1338 854 1629 922 composita
1660 859 1856 917 essent,
1891 850 1987 905 hoc
2018 850 2328 918 opusculum
2368 851 2542 918 prima
2574 849 2746 919 fronte
2785 850 3117 919 repudiaturi
3136 869 3370 918 eramus,
3413 869 3531 906 cum
3561 855 3750 911 multis

480 935 604 990 aliis
634 953 855 1008 quorum
894 940 1102 994 nullum
1141 959 1239 996 sua
1266 953 1412 998 caret
1452 944 1705 997 utilitate.
1745 940 1812 996 In
1839 958 1965 996 mss.
2010 940 2225 1010 antiquo
2271 938 2525 993 Ecclesia:
2552 937 3012 1004 Carcassonensis,
3034 942 3118 996 hic
3147 953 3407 1000 tractatus
3443 949 3522 1001 sic
3548 949 3749 1003 inscri-

475 1038 599 1096 ptus
628 1039 706 1085 est
737 1047 757 1085 :
785 1029 984 1102 incipit
1027 1033 1276 1090 doctrina
1305 1044 1360 1092 et
1390 1036 1658 1107 expositio
1695 1033 1980 1089 Athanasii
2014 1031 2212 1097 sancti,
2242 1031 2628 1086 Alexandrinae
2657 1029 2896 1085 civitatis
2933 1030 3198 1104 episcopi.
3240 1032 3342 1089 Sed
3367 1038 3562 1093 codicis
3597 1042 3749 1095 illius

479 1120 627 1176 nobis
666 1123 818 1191 copia
851 1139 956 1177 non
981 1134 1080 1183 est.

546 1218 637 1274 ιν.
675 1218 997 1291 Opusculum
1045 1222 1192 1276 aliud
1226 1221 1584 1292 subsequitur,
1615 1235 1684 1276 an
1727 1219 2051 1274 ANTIOCHI)!
2109 1226 2494 1287 nuncupatum,
2541 1217 2681 1287 stylo
2712 1216 2917 1287 χυδαίῳ
2949 1226 2998 1270 et
3035 1234 3223 1287 parum
3257 1219 3482 1288 eleganti
3507 1222 3753 1273 conscri-

474 1316 643 1376 ptum,
678 1309 734 1363 in
764 1325 866 1380 quo
890 1320 1212 1381 postremum
1241 1310 1339 1365 Dei
1358 1310 1646 1380 judicium,
1676 1320 1725 1364 et
1760 1310 1910 1364 varia
1941 1310 2139 1379 inferni
2177 1308 2435 1378 supplicia
2469 1309 2648 1362 multis
2699 1321 3037 1363 enarrantur.
3062 1308 3225 1374 Quem
3250 1308 3538 1365 Athanasio
3574 1315 3753 1366 ascri—

477 1405 595 1460 bere
617 1423 680 1462 ne
707 1409 1018 1477 cogitaverit
1040 1408 1250 1480 quidem
1275 1408 1561 1478 quispiam,
1585 1416 1795 1461 tantum
1833 1406 2035 1460 scilicet
2085 1405 2150 1458 ab
2177 1406 2280 1459 illa
2309 1404 2590 1458 Athanasii
2618 1404 2864 1476 ἐνεργείᾳ
2891 1415 2938 1459 et
2961 1405 3219 1472 elegantia
3247 1405 3510 1462 abhorret.

549 1491 611 1546 V.
671 1492 846 1549 Tertio
899 1505 1184 1550 occurrunt
1240 1494 1602 1561 QUESTIONES
1652 1510 1719 1548 AD
1754 1495 2076 1550 AN'nocuuu
2109 1511 2226 1565 quia
2249 1494 2462 1563 jamdiu
2505 1495 2642 1547 inter
2674 1495 2957 1549 Athanasii
2982 1499 3123 1551 edita
3151 1511 3475 1569 comparent,
3508 1519 3602 1556 nec
3629 1504 3756 1572 pri-

473 1601 638 1651 mum,
661 1595 721 1640 ut
759 1587 878 1657 jam
915 1597 1127 1642 exstant
1170 1587 1472 1654 composita:
1500 1595 1624 1640 sunt
1655 1600 1672 1640 :
1702 1585 1791 1640 sed
1819 1603 1940 1639 cum
1963 1588 2238 1654 pauciores
2271 1602 2485 1640 numero
2544 1586 2670 1638 olim
2706 1586 2902 1655 fuerint
2932 1602 2948 1640 :
2978 1605 3070 1642 nec
3099 1591 3273 1659 plures
3313 1592 3382 1647 55
3408 1594 3462 1646 in
3485 1596 3751 1651 veteribus

472 1671 678 1729 Latinis
703 1673 882 1739 editis,
917 1685 966 1730 et
1000 1677 1054 1730 in
1085 1675 1402 1746 quibusdam
1444 1677 1843 1746 manuscriptis,
1866 1676 1923 1730 in
1951 1677 2076 1730 aliis
2102 1694 2218 1730 vero
2252 1677 2341 1731 41.
2388 1675 2516 1730 lam
2551 1687 2765 1730 exstant
2792 1695 2936 1733 num.
2964 1680 3088 1744 156,
3123 1681 3358 1736 librariis
3396 1701 3558 1740 novas
3600 1704 3756 1757 qucr-

472 1762 666 1864 stiones
695 1777 897 1832 semper
921 1763 1234 1864 addentibus
1259 1785 1278 1824 :
1303 1770 1442 1824 unde
1478 1771 1540 1841 fit
1571 1780 1629 1825 ut
1655 1771 1864 1826 codices
1887 1771 2114 1825 multum
2137 1773 2274 1825 inter
2297 1788 2352 1825 se
2374 1773 2596 1827 varient.
2633 1772 2803 1828 Porro
2833 1777 3168 1844 conspicuum
3197 1779 3351 1846 plane
3371 1789 3447 1834 est
3472 1781 3569 1836 has
3599 1801 3756 1853 quee-

472 1858 667 1908 stiones
703 1870 808 1908 non
837 1871 950 1910 esse
979 1858 1286 1926 Athanasii,
1322 1861 1411 1915 sed
1443 1861 1726 1916 nonnullas
1750 1877 1816 1916 ex
1837 1861 2003 1915 variis
2044 1861 2349 1916 auctoribus
2375 1861 2495 1916 hinc
2520 1861 2639 1916 inde
2661 1873 2934 1932 excerptas
2957 1865 3144 1933 fuisse,
3176 1870 3312 1924 alias
3346 1889 3379 1925 a
3419 1874 3582 1928 varii;
3608 1880 3754 1929 seri-

470 1944 709 2012 ptoribus
759 1945 1110 2016 compositas;
1149 1950 1268 2004 inde
1296 1951 1520 2021 factum,
1550 1962 1607 2005 ut
1636 1952 1830 2022 aliqua:
1857 1961 2060 2006 exstent
2094 1951 2217 2005 aliis
2258 1955 2678 2021 prtestantiores,
2705 1956 3169 2029 elegantioresque,
3216 1979 3305 2016 nec
3350 1964 3582 2034 indigna:
3625 1983 3751 2036 qua

473 2038 740 2106 legantur.
795 2038 913 2094 lmo
953 2057 1020 2094 ex
1073 2044 1183 2111 ipso
1231 2046 1526 2101 Athanasio
1577 2046 1818 2116 qutedam
1850 2046 1951 2100 huc
1989 2048 2252 2100 translata
2286 2049 2764 2117 deprehenduntur.
2801 2051 2911 2106 Pro
2940 2054 3195 2122 facultate
3233 2071 3327 2109 nos
3355 2059 3637 2127 scriptores
3677 2059 3750 2112 ad

471 2131 761 2200 marginem
813 2131 1180 2190 adnotavimus
1231 2135 1370 2192 unde
1416 2137 1528 2192 illa:
1563 2149 1825 2206 excerpta:
1853 2147 1996 2192 sunt.
2030 2137 2169 2191 Hinc
2202 2138 2360 2210 liquet
2389 2140 2526 2194 alias
2547 2157 2661 2195 esse
2690 2143 2814 2197 aliis
2841 2147 3186 2215 antiquiores,
3225 2149 3302 2201 uti
3332 2150 3450 2219 jam
3480 2151 3746 2204 diximus.

473 2220 628 2284 Quod
653 2236 771 2276 vero
801 2224 1043 2278 nonnulli
1069 2224 1282 2290 νοθείας
1333 2238 1701 2298 argumentum
1727 2244 1790 2282 ex
1811 2246 1869 2283 eo
1897 2238 2209 2283 mutuantur
2237 2229 2376 2298 quod
2409 2231 2576 2302 aliqui
2605 2232 2812 2296 Patres,
2846 2237 3143 2294 Athanasio
3163 2251 3318 2295 cetate
3344 2242 3623 2310 inferiores
3660 2243 3751 2296 hic

471 2321 844 2378 memorentur,
877 2330 981 2369 non
1034 2317 1168 2370 tanti
1199 2328 1276 2373 est
1308 2323 1593 2385 momenti;
1634 2338 1754 2375 cum
1802 2321 2039 2376 videlicet
2083 2337 2146 2375 ea
2195 2322 2311 2375 loca
2339 2322 2524 2393 quibus
2557 2325 2856 2393 afferuntur
2879 2327 2965 2382 illi
2991 2327 3203 2396 Patres,
3237 2333 3292 2386 in
3345 2333 3750 2401 antiquissimis

470 2407 737 2464 codicibus
786 2426 890 2464 non
931 2421 1158 2467 exstent.
1204 2415 1395 2471 Verum
1423 2418 1638 2472 aliunde
1675 2419 1786 2472 luce
1815 2418 2012 2472 clarius
2039 2426 2487 2473 commonstratur
2521 2437 2625 2474 non
2658 2438 2770 2476 esse
2808 2423 2933 2478 illas
2965 2424 3264 2488 Athanasii,
3294 2425 3354 2478 1°
3384 2441 3450 2478 ex
3477 2425 3748 2478 orationis

471 2515 674 2570 genere,
709 2502 954 2572 impolita
998 2515 1048 2559 et
1080 2506 1391 2578 ineleganti,
1436 2519 1494 2563 ut
1532 2509 1818 2577 plurimum
1848 2509 2070 2563 saltem:
2105 2526 2230 2562 nam
2262 2510 2363 2564 sibi
2407 2512 2576 2580 stylus
2606 2513 2816 2568 minime
2854 2524 3085 2579 constat,
3113 2519 3237 2588 quia
3279 2519 3448 2572 multa
3476 2534 3541 2572 ex
3575 2519 3747 2572 variis

473 2599 821 2668 scriptoribus
856 2603 1015 2656 tacito
1052 2604 1260 2662 nomine
1290 2617 1536 2678 excerpta
1569 2615 1724 2670 sunt;
1756 2605 1813 2659 2ο
1835 2619 1900 2658 ex
1945 2607 2099 2675 nugis
2141 2606 2500 2674 compluribus
2531 2625 2664 2678 quas
2709 2610 2925 2680 quisque
2950 2612 3107 2680 facile
3135 2611 3598 2664 animadversurus
3627 2621 3747 2674 est;

473 2697 532 2751 5⁸
557 2714 623 2754 ex
648 2701 714 2754 iis
735 2717 851 2772 qua:
871 2702 934 2755 de
957 2701 1273 2774 imaginibus
1295 2711 1575 2766 eorumque
1605 2693 1751 2747 cultu
1775 2691 2024 2746 dicuntur
2055 2709 2199 2748 num.
2226 2694 2314 2748 59.
2341 2693 2504 2760 Nam,
2536 2697 2655 2751 licet
2684 2699 2914 2753 Eusebio
2941 2710 3068 2756 teste
3095 2702 3328 2770 plurimi,
3361 2717 3454 2755 suo
3485 2708 3745 2768 tempore,

473 2797 834 2864 apostolorum
863 2799 1114 2870 imagines
1146 2798 1376 2866 depictas
1399 2792 1540 2861 apud
1565 2808 1618 2846 se
1645 2806 1766 2844 cum
1785 2788 1978 2843 honore
2006 2789 2307 2856 retinerent,
2349 2807 2452 2845 non
2475 2793 2551 2845 ita
2583 2792 2824 2864 frequens
2850 2805 2970 2848 tunc
2997 2795 3285 2864 imaginum
3315 2800 3428 2846 erat
3468 2805 3614 2844 usus.
3657 2790 3750 2843 Ex

473 2891 654 2946 multis
698 2891 917 2965 denique
969 2895 1090 2947 aliis
1147 2905 1262 2964 qua:
1319 2886 1554 2957 proferre
1586 2900 1688 2938 non
1705 2883 1880 2952 juvat,
1916 2896 1979 2934 ne
2011 2882 2357 2948 apertissima:
2386 2883 2463 2936 rei
2492 2885 2895 2951 comprobanda:
2946 2887 3143 2939 diutius
3189 2899 3334 2953 arguo
3373 2884 3745 2935 immorentur.

472 2979 755 3047 therum,
781 2982 929 3053 quod.
948 2991 1144 3051 spectat
1172 2978 1486 3050 quazstiones
1513 2975 1581 3030 50
1605 2983 1653 3029 ει
1685 2973 1774 3038 51,
1798 2971 1862 3026 de
1890 2972 2110 3042 angelis,
2136 2987 2252 3042 qum
2273 2973 2328 3024 in
2349 2975 2660 3029 testimoniis
2680 2992 2744 3029 ex
2768 2975 3047 3045 Scriptura
3075 2996 3233 3033 sacra
3260 2981 3497 3048 superius
3524 2987 3750 3032 exstant

469 3090 590 3147 pag.
637 3075 731 3138 21,
763 3075 992 3130 arbitror
1016 3073 1138 3128 illas
1169 3085 1234 3127 ex
1259 3067 1354 3122 hoc
1388 3075 1621 3120 tractatu
1663 3069 1935 3126 excerptas
1963 3077 2024 3115 eo
2049 3061 2348 3116 translatas
2380 3063 2576 3131 fuisse;
2606 3081 2722 3134 qua:
2754 3077 3040 3136 sequuntur
3063 3070 3222 3132 enim,
3247 3085 3366 3122 cum
3400 3068 3508 3121 illis
3553 3068 3749 3135 afﬁni-

473 3180 638 3226 tatem
694 3171 902 3227 habent.
944 3171 1201 3225 Similiter
1251 3164 1470 3237 qutestio
1516 3163 1580 3216 71
1622 3161 1689 3216 ad
1742 3161 1878 3214 hunc
1907 3159 2082 3228 potius
2108 3167 2393 3214 tractatum
2432 3162 2640 3216 videtur
2668 3164 2948 3232 pertinere,
2978 3179 3136 3233 quam
3173 3161 3241 3214 ad
3281 3159 3582 3214 testimonia
3606 3159 3748 3224 illa;

474 3263 564 3316 ubi
606 3279 722 3332 qute
769 3273 1175 3335 consequuntur,
1198 3263 1329 3318 nihil
1375 3260 1444 3316 ad
1479 3259 1632 3315 illam
1673 3260 2036 3330 questionem.
2073 3255 2178 3310 Hic
2209 3273 2328 3312 vero
2362 3270 2548 3314 contra
2593 3262 2815 3331 quwstio
2851 3261 3164 3330 subsequens
3207 3257 3441 3330 ejusdem
3467 3265 3546 3311 est
3575 3272 3744 3325 argu-

475 3363 658 3417 menti.

1559 3584 1708 3656 ,ΤΟΥ
1743 3583 1835 3636 ΕΝ
1872 3579 2094 3635 ΑΙΊΟΙΣ
2118 3535 2402 3635 ἨΑΤΡΟέ
2441 3579 2639 3634 ΗΜΩΝ

1782 3729 2417 3821 ΑΘΑΝΑΣΙΟΥ
2451 3693 2456 3700 ’

1423 3903 1840 3960 ΔΙΔΔΣΚΑΛΙΑ
1876 3901 2073 3956 ΠΡΟΣ
2100 3897 2463 3952 ΑΝΤῙΟΧΟΝ
2493 3893 2802 3948 ΛΟΥΚΑΝ.

1521 4167 1616 4257 S.
1686 4166 1792 4253 P.
1874 4165 1992 4252 N.
2069 4159 2717 4252 ATHANASII

1372 4354 1753 4414 DOCTRINA
1785 4354 1883 4410 AD
1920 4351 2376 4409 ANTIOCHUM
2417 4348 2676 4409 DUCEM
2715 4347 2849 4422 (56).

547 4616 708 4689 202
761 4615 814 4669 1.
853 4609 1276 4674 Sanctissimum
1317 4606 1635 4678 episcopum
1694 4603 2052 4661 Athanasium
2083 4619 2118 4677 Α

2229 4603 2281 4656 1.
2323 4599 2522 4653 Ἐλθὼν
2547 4599 2684 4669 πρὸς
2717 4597 2806 4650 τὸν
2856 4593 3154 4664 ἁγιώτατον
3184 4591 3478 4643 ἐπίσκοπον
3512 4589 3753 4646 Ἀθανά-

476 4713 610 4770 adiit
641 4713 754 4768 dux
796 4707 1040 4780 quidam,
1063 4705 1282 4760 nomine
1312 4701 1638 4767 Antiochus,
1673 4700 1824 4770 gravi
1854 4698 2046 4754 morbo

2155 4709 2268 4748 σιον
2301 4691 2424 4756 δοὺξ
2453 4691 2680 4761 ὀνόματι
2707 4688 2995 4757 Ἀντίοχος,
3019 4689 3076 4739 ὲν
3099 4685 3243 4756 δεινῇ
3273 4683 3554 4753 ἀρρωστίᾳ
3607 4699 3752 4736 κατ-

2152 4786 2428 4856 εχόμενος,
2458 4781 2756 4854 παρεκάλει
2790 4779 3040 4850 εὔχεσθαι
3069 4779 3204 4849 ὑπὲρ
3222 4775 3406 4837 αὑτοῦ,
3433 4775 3603 4838 ὅπως,
3643 4777 3750 4831 ἐὰν

2153 4877 2368 4948 ὑγιάνῃ,
2421 4873 2735 4945 ἐπιστρέψει
2777 4871 2958 4924 λοιπὸν
3011 4871 3149 4941 πρὸς
3182 4869 3272 4922 τὸν
3304 4867 3529 4938 Κύριον,
3564 4884 3749 4937 μετα-

2151 4970 2287 5022 νοῶν
2315 4969 2407 5021 ὲπὶ
2451 4971 2562 5031 τοῖς
2590 4967 2978 5038 ἁμαρτήμασιν
3031 4962 3214 5016 αὐτοῦ.
3256 4962 3365 5015 Καὶ
3414 4961 3748 5030 παρακαλέ-

2157 5078 2342 5124 σαντος
2366 5060 2459 5112 τοῦ
2487 5058 2783 5113 ἐπισκόπου
2817 5057 2906 5109 τὸν
2959 5055 3336 5125 φιλάνθρωπον
3369 5051 3522 5114 Θεὸν,
3572 5052 3747 5122 ὑγιὴς

2153 5155 2220 5223 τῇ
2250 5152 2377 5223 ἑξῆς
2403 5152 2613 5222 γέγονε.
2648 5151 2757 5204 Καὶ
2798 5150 2862 5220 δὴ
2912 5148 3124 5219 εἵρχετο
3159 5147 3337 5216 φέρων
3375 5143 3491 5213 μεθ’
3532 5145 3745 5197 ἑαυτοῦ

2152 5251 2221 5301 τὰ
2249 5248 2564 5319 ὑπάρχοντα
2604 5244 2791 5308 αὐτοῦ,
2838 5244 2931 5296 καὶ
2957 5241 3138 5311 τίθησι
3186 5238 3336 5310 παρὰ
3379 5239 3510 5298 τοὺς
3563 5237 3749 5299 πόδας

2153 5340 2246 5393 τοῦ
2280 5338 2598 5402 ἐπισκόπου,
2635 5335 2965 5407 παρακαλῶν
2987 5333 3204 5402 δοθῆναι
3225 5335 3337 5392 τοῖς
3369 5330 3609 5398 πτωχοῖς
3643 5332 3748 5382 καὶ

2152 5434 2264 5494 τοῖς
2296 5429 2482 5501 χρείαν
2514 5429 2760 5499 ἔχουσιν·
2810 5427 2973 5480 αὐτὸν
3019 5426 3096 5488 δὲ,
3141 5423 3370 5476 λαϐόντα
3418 5420 3479 5472 τὸ
3531 5421 3746 5489 σεμνὸν

2155 5522 2340 5593 σχῆμα
2365 5521 2516 5594 παρὰ
2544 5518 2635 5574 τοῦ
2665 5519 2820 5590 ἁγίου
2846 5517 3058 5589 ἀνδρὸς,
3092 5515 3183 5569 τὸν
3215 5513 3467 5586 ἐνάρετον
3507 5512 3608 5565 καὶ
3644 5531 3750 5582 μο-

475 4807 756 4866 laborans,
798 4799 1114 4871 rogavitque
1161 4803 1222 4850 ut
1272 4794 1358 4850 sui
1391 4807 1558 4848 causa
1611 4798 1829 4857 oraret;
1859 4805 1965 4860 quo
1997 4789 2046 4845 si

476 4911 645 4951 sanus
676 4893 827 4948 ﬁeret
856 4893 1267 4944 converteretur
1313 4881 1380 4938 ad
1411 4881 1722 4946 Dominum,
1744 4896 1807 4934 ac
1851 4894 2048 4949 pecca-

477 5001 659 5046 torum
727 4981 1102 5056 pmnitentiam
1164 4984 1366 5050 ageret.
1425 4974 1674 5044 Cumque
1721 4972 2042 5026 clementem

476 5081 648 5136 Deum
687 5083 899 5131 orasset
925 5072 1239 5142 episcopus,
1271 5066 1594 5134 insequente
1625 5061 1714 5117 die
1758 5076 1926 5116 sanus
1957 5059 2046 5114 ille

475 5173 599 5228 fuit.
632 5169 771 5224 Tum
801 5165 1053 5229 accessit,
1088 5163 1231 5217 bona
1260 5174 1360 5216 sua
1403 5171 1588 5214 secum
1629 5153 1882 5218 aﬂ‘erens,
1927 5167 2048 5223 qua:

475 5261 662 5335 posuit
711 5259 781 5314 ad
845 5257 1008 5328 pedes
1064 5252 1328 5325 episcopi,
1362 5266 1565 5323 rogans
1611 5257 1671 5304 ut
1713 5248 2046 5319 pauperibus

475 5357 834 5426 erogarentur
870 5356 925 5405 et
949 5347 1172 5418 egenis;
1203 5346 1418 5416 sibique
1445 5343 1656 5406 liceret,
1698 5349 1924 5410 accepto
1951 5355 2048 5410 per

477 5453 726 5502 sanctum
753 5444 931 5497 virum
968 5437 1279 5495 venerando
1311 5434 1524 5499 habitu,
1555 5431 1916 5488 monasticam
1937 5431 2050 5484 vir-

477 5538 611 5592 tutis
636 5535 804 5590 vitam
835 5546 1014 5604 agere.
1048 5528 1203 5596 Quod
1226 5527 1321 5583 Dei
1357 5526 1531 5598 gratia
1567 5524 1695 5580 fecit
1733 5523 2042 5592 episcopus.

534 5689 659 5762 .(56)
690 5689 846 5746 Nunc
880 5687 1114 5759 primum
1151 5683 1294 5741 edita
1341 5697 1407 5740 ex
1431 5698 1561 5739 mss.
1595 5679 1836 5737 Colbert.
1870 5675 2034 5734 1249.
