3840 6194
143 303 246 359 537

1175 302 1527 358 DOCTRINA
1555 304 1647 358 AD
1686 302 2090 358 AN‘IIUCHUM
2130 301 2387 358 DUCEM.

3283 301 3390 360 558

137 425 286 494 νήρη
319 423 436 494 βίον
486 421 896 477 πολιτεύεσθαι·
951 424 1087 496 ὅπερ
1113 427 1180 495 τῇ
1225 423 1319 477 τοῦ
1369 423 1504 478 Θεοῦ
1547 425 1718 496 χάριτι

1833 424 1986 479 Tunc
2030 425 2105 478 ait
2147 423 2406 494 episcopo
2455 421 2564 477 dux
2606 420 2910 476 Antiochus
2940 438 2955 477 :
2981 419 3065 477 Me
3105 421 3390 492 oportebat

138 515 403 586 ἐποίησεν
437 516 465 567 ὁ
498 517 814 580 ἐπίσκοπος.
848 516 984 570 Τότε
1030 516 1179 585 λέγει
1226 515 1305 587 τῷ
1362 516 1648 585 ὲπισκόπῳ
1697 518 1718 569 ἐ

1829 517 2134 588 baptizatus
2194 531 2320 571 cum
2372 514 2621 581 fuissem,
2653 513 2812 569 ﬁdem
2857 529 3094 580 scrvare,
3119 530 3220 569 nec
3245 515 3390 569 ultra

137 604 269 668 δοῖιξ
314 606 614 676 Ἀντίοχος·
652 609 802 660 Ἔδει
857 625 944 678 με,
974 609 1070 676 ἀφ’
1113 602 1174 663 οὗ
1217 607 1573 677 ὲὸαπτίσθην,
1621 625 1724 675 φυ-

135 696 298 762 λάξαι
329 697 432 770 τὴν
463 698 666 763 πίστιν,
707 701 802 753 καὶ
832 702 906 772 μὴ
945 699 1167 772 μολῦναι
1203 699 1265 752 τὸ
1299 700 1579 770 βάπτισμα
1609 697 1686 752 ἔτι
1711 716 1724 729 ·

133 788 253 840 ἀλλ’
289 789 479 860 ἐπειδὴ
509 792 542 861 ὴ
570 791 849 863 ἀφροσύνη
884 810 986 863 μου
1019 792 1264 862 μεγάλην
1287 793 1343 844 ἐν
1371 792 1494 863 ἐμοὶ
1534 793 1722 865 εἰργά-

136 896 273 931 σατο
304 880 589 950 ἀμέλειαν,
620 883 926 956 παρακαλῶ
949 883 1048 955 τὴν
1066 884 1166 955 σὴν
1195 883 1489 954 ἀγιοσύνην
1513 884 1720 950 διδάξαι

136 986 204 1038 με
239 970 338 1022 καὶ
369 975 681 1044 κατηχῆσαι
713 977 810 1028 καὶ
833 975 1174 1046 νουθετῆσαι,
1203 975 1362 1028 τίνων
1386 975 1494 1028 ἀπὸ
1519 975 1610 1028 τοῦ
1628 975 1723 1028 νῦν

1826 608 2158 679 baptismum
2196 607 2435 674 violare;
2467 604 2562 661 sed
2607 619 2732 658 cum
2777 605 3014 659 amentia
3049 620 3166 659 mea
3199 605 3391 676 ingen-

1826 706 1936 754 tem
1962 700 2018 754 in
2041 697 2424 771 negligentiam
2450 711 2536 751 me
2554 695 2872 765 conjecerit,
2917 701 3066 749 tuam
3100 710 3234 766 rogo
3261 711 3391 750 san-

1825 795 2092 860 ctitatem,
2127 796 2186 845 ut
2212 805 2300 845 me
2329 789 2549 851 doceas,
2603 789 2878 852 instituas,
2917 803 3160 852 moneas,
3195 789 3392 858 quibus

1822 883 1936 955 jam
1990 882 2265 938 abstinere
2308 882 2532 937 debeam
2583 880 2764 944 factis,
2794 880 3072 951 operibus,
3109 881 3394 950 cogitatio-

1829 975 2022 1041 nibus;
2054 973 2253 1044 quibus
2277 979 2468 1027 contra
2498 970 2793 1026 virtutibus
2817 984 3036 1040 operam
3066 968 3217 1026 dare.

132 1063 480 1132 πραγμάτων
503 1065 595 1117 καὶ
628 1065 805 1138 ἔργων
839 1067 931 1120 καὶ
952 1067 1229 1139 λογισμῶν
1258 1067 1696 1138 ὲγκρατεύσομαι
1719 1066 1815 1122 καὶ
1845 1067 2005 1120 τίνων
2033 1065 2206 1121 ἄλλων
2231 1064 2636 1142 ὲπιμελήσομαι
2666 1061 2896 1134 ἀρετῶν.

204 1177 344 1230 Τότε
371 1180 402 1231 ό
427 1177 746 1244 ἐπίσκοπος,
779 1184 1012 1254 ποιήσας
1045 1182 1212 1254 εὐχὴν
1242 1182 1336 1236 καὶ
1377 1181 1605 1245 καθίσας
1625 1181 1725 1234 ὲδί-

134 1268 336 1322 δασκεν
359 1269 527 1323 αὐτὸν
561 1272 618 1324 ἐν
653 1272 929 1344 Πνεύματι
971 1274 1112 1344 ἁγίῳ
1143 1274 1274 1343 μίαν
1305 1274 1541 1345 ἑκάστην
1571 1275 1720 1325 ἐντο-

132 1358 232 1428 λὴν
255 1358 368 1412 τῶν
395 1360 742 1433 διδαγμάτων
771 1365 866 1418 τοῦ
912 1365 1154 1436 Χριστοῦ
1192 1366 1496 1438 πληρῶσαι.
1528 1367 1724 1437 Ἀρχε-

132 1464 222 1499 ται
261 1444 359 1501 οὖν
385 1447 566 1518 λέγειν
605 1451 775 1523 αὐτῷ’

1898 1181 2058 1248 Tum,
2089 1179 2335 1234 oratione
2383 1177 2549 1241 facta,
2583 1177 2895 1247 episcOpus,
2956 1175 3152 1233 sedens
3208 1174 3396 1232 docuit

1827 1276 1979 1330 illum
2025 1275 2081 1328 in
2139 1271 2344 1342 Spiritu
2398 1279 2611 1334 sancto,
2643 1269 2858 1340 singula
2901 1268 3105 1325 Christi
3135 1268 3396 1327 doctrina:

1827 1363 2084 1420 mandata
2113 1362 2404 1432 complere.
2437 1359 2528 1416 Sic
2559 1361 2744 1431 itaque
2770 1375 2932 1416 orsus
2956 1367 3040 1416 est
3078 1379 3091 1414 :

1359 1615 1614 1672 'Primum
1655 1612 1964 1670 mandatum
1987 1607 2051 1662 de
2079 1605 2202 1678 ﬁde.

200 1763 326 1836 Χρὴ
363 1764 460 1819 τὸν
505 1765 600 1820 ἐπὶ
649 1768 749 1838 τὴν
790 1769 1122 1840 ἀκηλίδωτον
1180 1774 1382 1845 ἀρετὴν
1424 1775 1718 1846 ἐρχόμενον

1892 1768 2030 1823 Eum
2055 1766 2151 1838 qui
2179 1762 2248 1819 ad
2281 1761 2685 1818 immaculatam
2732 1760 2989 1815 virtutem
3025 1757 3257 1825 accedit,
3297 1772 3397 1814 ve-

133 1860 226 1910 καὶ
251 1859 454 1929 σεμνὸν
491 1859 604 1930 βίον
635 1861 1049 1934 πολιτεύομενον
1068 1866 1162 1918 καὶ
1183 1867 1276 1919 ἐπὶ
1301 1869 1416 1930 τοῖς
1437 1868 1722 1940 προτέροις

135 1949 505 2021 ἁμαρτήμασι
539 1953 902 2022 μετανοοῦντα
928 1956 1042 2027 (57)
1062 1958 1169 2029 πρὸ
1206 1958 1423 2012 πάντων
1446 1960 1720 2013 πιστεύειν

135 2043 214 2105 εἰς
243 2042 342 2094 ἕνα
388 2041 526 2095 Θεὸν
576 2047 1016 2117 παντοκράτορα,
1064 2048 1295 2121 ποιητὴν
1343 2049 1571 2122 οὐρανοῦ
1628 2050 1720 2103 καὶ

134 2136 258 2204 γῆς,
292 2133 510 2204 ὁρατῶν
542 2153 602 2188 τε
638 2137 857 2190 πάντων
907 2140 1003 2192 καὶ
1049 2139 1328 2211 ἀοράτων·
1361 2143 1456 2195 καὶ
1497 2144 1578 2205 εἰς
1623 2142 1720 2196 ἕνα

133 2223 338 2294 Κύριον
378 2224 588 2298 Ἰησοῦν
616 2227 850 2298 Χριστὸν
874 2229 965 2283 τὸν
994 2229 1121 2283 Υἱὺν
1146 2230 1240 2284 τοῦ
1273 2231 1407 2285 Θεοῦ
1435 2233 1524 2286 τὸν
1561 2251 1719 2303 μονο-

132 2316 286 2386 γενῆ,
315 2315 385 2369 δι’
416 2310 477 2370 οὗ
508 2317 578 2370 τὰ
607 2318 788 2372 πάντα
819 2320 1056 2389 ἐγένετο,
1087 2323 1154 2376 τὰ
1187 2324 1247 2377 ἐν
1278 2325 1356 2397 τῷ
1378 2325 1592 2396 οὐρανῷ
1626 2327 1720 2379 καὶ

133 2407 189 2458 ἐν
215 2411 284 2478 τῇ
307 2411 406 2478 γῇ,
435 2409 568 2462 Θεὸν
613 2411 842 2482 Σωτῆρα
887 2414 1045 2484 ἡμῶν
1076 2415 1412 2488 ὑπάρχοντα,
1437 2417 1719 2488 ὀμοούσιον

132 2497 208 2567 τῷ
239 2499 454 2571 Πατρί·
487 2501 583 2553 καὶ
605 2501 686 2565 εὶς
709 2502 770 2554 τὸ
803 2502 958 2571 ἅγιον
992 2506 1237 2577 Πνεῦμα,
1272 2507 1334 2560 τὸ
1379 2509 1582 2580 Κύριον
1626 2509 1721 2561 καὶ

133 2589 420 2655 ζωοποιὸν,
454 2591 517 2644 τὸ
558 2594 622 2644 ἐκ
648 2592 742 2646 τοῦ
780 2595 994 2666 Πατρὸς
1037 2598 1488 2670 ἐκπορευόμενον,
1533 2601 1593 2654 τὸ
1624 2601 1720 2653 σὺν

133 2681 310 2753 Hasz
343 2683 442 2734 καὶ
465 2682 582 2752 Υἱῷ
618 2687 1208 2758 συμπροσκυνούμενον
1253 2690 1347 2742 καὶ
1400 2689 1720 2757 συνδοξαζό-

137 2789 314 2841 μενον.
339 2768 440 2837 Εἷς
470 2773 602 2837 Θεὸς
625 2775 785 2845 μόνος
806 2778 834 2829 ὁ
857 2775 1035 2832 πάντα
1064 2779 1278 2851 χωρῶν,
1309 2781 1466 2851 μόνος
1495 2781 1552 2834 δὲ
1583 2783 1723 2852 ἀχώ-

134 2881 294 2934 ρητος
319 2864 419 2924 ὣν,
449 2867 545 2919 καὶ
563 2867 646 2919 ὅτι
669 2867 847 2922 πάντα
875 2869 1120 2933 δύναται,
1169 2871 1430 2926 ἀδύνατον
1472 2873 1529 2927 δὲ
1561 2873 1713 2944 αὐτῷ

131 2955 300 3007 οὐδέν.
366 2955 494 3008 Ἐὰν
533 2955 675 3009 οὕτω
725 2957 1022 3031 πιστεύσῃς
1077 2960 1299 3036 ἐξιὸλης
1357 2962 1581 3033 καρδίας
1625 2981 1718 3018 σου

132 3047 224 3099 καὶ
253 3048 313 3112 ἐξ
343 3048 475 3118 ὅλης
508 3049 685 3120 ψυχῆς
712 3051 806 3103 καὶ
836 3050 894 3117 ἐξ
930 3051 1058 3122 ὅλης
1115 3053 1299 3123 ἰσχύος
1336 3072 1452 3122 σου,
1488 3056 1580 3108 καὶ
1628 3073 1720 3125 φο-

1823 1858 2119 1916 nerandam
2139 1853 2254 1928 (42)
2278 1853 2429 1909 ducit
2451 1853 2638 1914 vitam,
2663 1849 3172 1921 praeteritorumque
3203 1862 3396 1918 pecca-

1821 1959 2002 2004 torum
2043 1943 2421 2018 paanitcntiam
2467 1941 2597 2010 agit,
2629 1945 2846 2008 oportet
2895 1946 3023 1992 ante
3056 1938 3240 1992 omnia
3275 1952 3396 1991 cre-

1821 2041 1951 2097 dere
1986 2039 2043 2095 in
2090 2051 2259 2092 unum
2292 2033 2463 2089 Deum
2493 2032 2941 2102 omnipotentem,
2974 2029 3238 2084 factorem
3271 2028 3396 2084 οωιὶ

1819 2142 1875 2190 et
1915 2143 2093 2197 terrai,
2120 2127 2423 2184 visibilium
2457 2124 2702 2179 omnium
2731 2130 2784 2178 et
2814 2121 3192 2177 invisibilium.
3229 2120 3293 2174 Et
3337 2121 3396 2175 in

1819 2238 1988 2279 unum
2024 2220 2315 2276 Dominum
2343 2215 2531 2272 Jesum
2553 2213 2835 2268 Christum
2884 2210 3084 2266 Filium
3139 2211 3233 2265 Dei
3270 2210 3394 2264 uni-

1821 2316 2082 2388 genitum,
2121 2328 2218 2384 per
2251 2325 2412 2380 quem
2446 2308 2632 2364 omnia
2660 2306 2802 2362 facta
2837 2312 2987 2370 sunt,
3014 2318 3136 2374 quae
3165 2303 3222 2357 in
3255 2305 3396 2360 coelo

1819 2417 1874 2465 et
1905 2423 2025 2478 quae
2053 2407 2106 2460 in
2126 2413 2281 2460 terra
2318 2422 2330 2456 :
2364 2401 2532 2456 Deum
2572 2399 2911 2453 Salvatorem
2954 2403 3224 2457 nostrum,
3265 2411 3396 2451 con-

1821 2498 2240 2557 substantialem
2281 2493 2453 2549 Patri.
2496 2491 2562 2546 Et
2601 2492 2657 2545 in
2701 2488 2964 2560 Spiritum
2997 2497 3244 2543 sanctum
3289 2486 3397 2540 Do—

1821 2594 2030 2649 minum
2058 2599 2112 2647 et
2135 2588 2522 2650 viviﬁcantem,
2557 2584 2651 2654 qui
2683 2599 2750 2638 ex
2786 2581 2947 2637 Patre
2990 2580 3256 2650 procedit,
3300 2581 3394 2650 qui

1820 2700 1945 2741 cum
1981 2683 2142 2737 Patre
2173 2687 2226 2735 et
2253 2677 2393 2732 Filio
2441 2675 2605 2730 simul
2650 2674 2912 2728 adoratur
2935 2681 2990 2726 et
3015 2671 3395 2740 congloriiica-

1821 2787 1928 2834 tur.
1955 2776 2108 2832 Unus
2128 2774 2271 2830 Deus
2302 2771 2452 2827 solus
2471 2770 2565 2840 qui
2591 2769 2773 2824 omnia
2805 2768 3068 2833 continet,
3095 2781 3220 2821 cum
3245 2766 3397 2819 solus

1820 2870 1938 2940 ipse
1966 2867 2234 2922 contineri
2266 2867 2500 2932 nequeat
2528 2879 2541 2914 :
2574 2859 2668 2930 qui
2701 2858 2883 2914 omnia
2917 2857 3399 2929 potest,vnibilquc

1821 2961 1926 3032 ipsi
1956 2957 2294 3029 impossibile
2346 2963 2449 3010 est.
2495 2952 2553 3007 Si
2595 2967 2660 3007 eo
2710 2951 2872 3006 modo
2919 2951 3112 3007 credas
3155 2967 3222 3007 ex
3279 2959 3398 3006 toto

1822 3053 1990 3110 corde
2023 3059 2137 3116 tuo,
2168 3065 2234 3103 ex
2270 3053 2383 3100 tota
2414 3044 2595 3098 anima
2623 3053 2743 3107 tua,
2779 3050 2834 3096 et
2884 3058 2952 3098 ex
3011 3050 3124 3097 tota
3177 3041 3398 3096 fortitu-

135 3138 303 3210 6ηϐῇς
324 3141 516 3203 αὐτὸν,
546 3143 641 3194 καὶ
662 3141 1054 3214 ἐγκρατεύσῃς,
1081 3144 1154 3207 ὡς
1181 3145 1322 3215 λέγω
1352 3164 1454 3210 σοι,
1471 3151 1718 3202 εἰσακου-

1829 3145 1969 3210 dine,
1997 3156 2231 3212 eumque
2252 3141 2466 3203 timeas,
2491 3143 2546 3192 et
2579 3141 2949 3203 temperanter
2989 3149 3140 3204 agas,
3192 3141 3254 3187 ut
3296 3133 3396 3187 tibi

137 3231 398 3300 σθήσεταί
427 3235 582 3304 σουή
628 3234 887 3302 ἔντευξις,
923 3237 1017 3289 καὶ
1061 3238 1358 3302 πιστεύσας
1407 3239 1552 3312 λήψῃ
1587 3244 1715 3314 παρ’

137 3325 297 3378 αὑτοῦ
331 3327 433 3398 τὴν
461 3327 715 3399 βοήθειαν
741 3329 834 3382 καὶ
867 3331 1023 3398 νίκην
1053 3332 1148 3384 καὶ
1182 3331 1455 3403 σωτηρίαν
1485 3335 1565 3398 εἰς
1588 3337 1717 3400 τοὺς

135 3419 352 3484 αἰῶνας.
394 3422 591 3493 Ἀμήν.

1821 3238 1964 3301 dico,
2016 3232 2338 3290 exaudietur
2385 3226 2624 3299 precatio
2649 3232 2741 3279 tua
2775 3245 2788 3280 :
2829 3232 2884 3279 et
2911 3240 3037 3279 cum
3075 3224 3396 3289 credideris,

1821 3336 2148 3399 accepturus
2180 3325 2249 3378 ab
2276 3337 2341 3378 eo
2363 3335 2422 3377 es
2450 3319 2735 3383 auxilium,
2756 3317 3042 3372 victoriam
3078 3325 3134 3372 et
3165 3318 3395 3374 salutem
3426 3336 3430 3338 γ

1821 3424 1880 3476 in
1915 3419 2134 3476 saecula.
2170 3417 2364 3470 Amen.

540 3533 838 3590 Secundum
873 3539 1204 3606 mandatum,
1237 3541 1552 3609 simpacuas
1599 3542 1859 3598 servanda
1887 3557 1904 3595 :
1932 3554 2034 3593 non
2066 3530 2380 3604 loquendum
2417 3528 2664 3584 adversus
2692 3526 3014 3596 proximum.

199 3650 251 3703 2.
275 3651 391 3704 Καὶ
422 3651 662 3717 ἀναστὰς
685 3653 909 3724 ηῦξατο,
944 3657 1038 3710 καὶ
1067 3658 1203 3729 μετά
1236 3658 1333 3729 τὴν
1367 3659 1531 3730 εὐχὴν
1564 3661 1711 3728 λέγει

132 3741 275 3812 αὑτῷ
299 3760 312 3772 ·
352 3741 473 3813 (38)
503 3743 805 3816 Ἀπλότητα
831 3746 942 3816 ἔχε,
963 3748 1058 3800 καὶ
1075 3748 1280 3811 ἄκακος
1303 3749 1460 3817 γενοῦ
1496 3751 1589 3805 καὶ
1621 3751 1711 3805 ἕσο

132 3834 203 3897 ὡς
225 3836 290 3887 τὰ
327 3835 505 3905 νήπια
538 3835 606 3888 τὰ
657 3837 729 3906 μὴ
771 3836 1107 3905 γινώσκοντα
1155 3839 1419 3910 πονηρίαν
1449 3840 1546 3910 τὴν
1580 3844 1714 3895 ἀπο-

1883 3659 1937 3712 2.
1985 3655 2334 3725 Surgcnsque
2368 3648 2566 3712 oravit,
2606 3653 2660 3702 et
2711 3644 2964 3700 absoluta
3021 3645 3288 3710 oratione,
3320 3645 3400 3699 ait

1815 3753 1936 3808 illi:
1974 3733 2396 3816 Simplicitatem
2442 3739 2602 3804 habe,
2637 3744 2692 3793 et
2740 3737 2863 3794 sine
2905 3736 3113 3790 malitia
3155 3745 3296 3801 esto,
3333 3751 3399 3791 ac

1817 3843 1965 3900 velut
1992 3839 2252 3900 infantes,
2285 3834 2378 3905 qui
2410 3833 2664 3903 ignorant
2692 3831 2954 3885 malitiam
3001 3830 3165 3884 saluti
3213 3830 3396 3884 homi-

132 3928 325 3982 λοῦσαν
348 3927 452 3997 τὴν
487 3930 761 3999 σωτηρίαν
813 3930 920 3983 τῶν
960 3931 1280 4002 ἀνθρώπων.
1332 3932 1445 4002 (59)
1493 3934 1714 4004 Πρῶτον

1829 3948 1947 3988 num
1975 3929 2272 3985 exitialem.
2320 3923 2562 3978 Primum
2605 3921 2826 3992 quidem
2889 3936 2959 3974 ne
3015 3921 3249 3990 cuipiam
3302 3921 3398 3973 ob-

137 4022 229 4090 μὲν
259 4020 494 4091 μηδενὸς
534 4021 844 4086 καταλάλει,
872 4023 1005 4093 μηδὲ
1036 4023 1208 4093 ἡδέως
1228 4023 1392 4076 ἄκουε
1420 4024 1514 4076 τοῦ
1549 4043 1714 4078 κατασ

133 4114 452 4177 λαλοῦντος-
505 4115 554 4166 εἰ
581 4114 637 4166 δὲ
666 4115 764 4185 μὴ,
798 4116 893 4169 καὶ
922 4117 985 4169 σὺ
1015 4116 1228 4168 ἀκούων
1254 4116 1435 4185 ἔνοχος
1477 4115 1575 4189 ἔσῃ
1616 4117 1715 4186 τῆς

138 4209 409 4279 ἁμαρτίας
429 4207 525 4260 τοῦ
575 4207 1018 4270 καταλαλοῦντος,
1069 4207 1163 4261 ἐὰν
1197 4208 1490 4278 πιστεύσῃς
1527 4211 1588 4278 τῇ
1625 4226 1723 4261 κα-

135 4299 379 4370 ταλαλιᾷ,
483 4299 580 4351 ἐὰν
607 4301 844 4371 ἀκούσῃς
862 4317 875 4329 ·
904 4300 1198 4362 πιστεύσας
1221 4301 1329 4370 γὰρ
1356 4301 1447 4352 καὶ
1473 4302 1535 4353 σὺ
1562 4300 1723 4362 αὐτὸς

135 4390 238 4453 ἕξει
265 4390 412 4443 κατά
432 4387 528 4442 τοῦ
559 4389 785 4458 ἀδελφοῦ
814 4407 929 4449 σου,
957 4389 1130 4452 οὕτως
1169 4385 1262 4442 οὖν
1298 4389 1479 4460 ἔνοχος
1503 4388 1598 4460 ἔσῃ
1625 4389 1719 4440 τοῦ

1817 4027 2042 4083 trectes,
2089 4033 2265 4088 neque
2295 4016 2719 4071 obtrectatorem
2751 4010 2983 4065 libenter
3012 4010 3225 4065 audias.
3252 4009 3400 4062 Alio-

1819 4114 1952 4184 quin
1977 4121 2034 4166 tn
2076 4109 2214 4180 ipse,
2247 4107 2340 4178 qui
2375 4103 2552 4166 audis,
2580 4117 2708 4158 reus
2740 4101 2851 4156 eris
2882 4101 3087 4171 peccati
3125 4101 3401 4154 obtrecta-

1822 4207 1978 4270 toris,
2013 4204 2059 4260 si
2089 4199 2474 4257 obtrectationi
2529 4196 2687 4249 [idem
2722 4195 2945 4256 habeas,
2975 4192 3064 4246 cui
3104 4197 3162 4243 tu
3207 4205 3396 4244 aurem

1824 4297 2152 4368 praebuisti;
2206 4306 2362 4353 nam,
2425 4289 2471 4342 si
2518 4282 2838 4348 credideris,
2894 4275 3009 4353 ipse
3061 4290 3283 4353 peccato
3343 4283 3401 4334 in

1827 4389 2051 4442 fratrem
2098 4393 2251 4438 tuum
2305 4380 2595 4442 obnoxius,
2655 4385 2816 4446 atque
2858 4375 2933 4428 ita
2962 4390 3086 4428 cum
3127 4374 3402 4429 obtrecta-

135 4480 583 4544 καταλαλοῦντος.
627 4481 867 4553 Πονηρὸν
915 4482 1022 4553 γὰρ
1068 4482 1286 4552 πνεῦμά
1339 4482 1454 4554 (40)
1516 4484 1718 4553 ἐστινὴ

1829 4487 1944 4535 tore
1984 4492 2110 4532 reus
2138 4476 2268 4530 eris.
2306 4470 2544 4542 Spiritus
2573 4467 2772 4537 quippe
2802 4466 3073 4535 malignus
3101 4474 3185 4518 est
3212 4465 3397 4519 obtre-

134 4573 462 4635 xatalalta,
518 4573 609 4625 καὶ
661 4572 1034 4626 ἀκατάστατον
1090 4572 1384 4642 δαιμόνιον,
1451 4572 1716 4643 μηδέποτε

135 4665 439 4738 εἰρηνεῦον,
477 4663 614 4717 ἀλλὰ
651 4663 881 4716 πάντοτε
917 4665 974 4715 ἐν
999 4662 1366 4732 διχοστασίαις
1410 4661 1716 4715 κατοικοῦν.

138 4763 344 4829 Ἀπεχε
373 4753 470 4810 οὖν
518 4757 615 4809 ἀπ’
641 4754 806 4808 αὐτοῦ
839 4753 932 4808 καὶ
965 4756 1188 4826 εἰρήνην
1235 4753 1378 4818 ’ἐξεις
1427 4753 1538 4823 (41)
1584 4751 1719 4823 μετά

136 4855 374 4908 πάντων.
415 4851 675 4904 Ἔνδυσαι
701 4848 758 4902 δὲ
801 4848 901 4918 τὴν
949 4847 1224 4918 ἁπλότητα
1264 4847 1364 4899 παὶ
1393 4847 1490 4917 τὴν
1525 4846 1719 4916 σεμνό-

133 4956 292 5009 τητα,
324 4941 386 4991 ὲν
429 4931 517 5000 οἷς
563 4935 715 4990 οὐδὲν
762 4936 1094 5007 πρόσκομμα
1135 4938 1251 4988 ὲστι
1298 4935 1554 5006 πονηρὸν,
1585 4934 1721 4987 ἀλλά

206 5119 319 5192 (57)
349 5117 470 5192 Hoc
519 5117 754 5192 primum
794 5115 1116 5192 mandatum
1160 5131 1227 5192 ex
1277 5112 1719 5192 pri_mo_H_err_nae

136 5182 444 5244 Pastoralis
476 5182 756 5252 mandato,
794 5187 831 5240 Ι.
865 5201 928 5254 ιι,
969 5201 1023 5256 p.
1050 5185 1142 5250 44,
1177 5191 1232 5239 et
1251 5182 1315 5239 ex
1343 5184 1601 5256 Symbolo
1621 5182 1717 5237 Ni-

139 5276 289 5315 czeno
322 5276 428 5313 con
439 5259 640 5313 fectum
668 5265 773 5312 est.

205 5330 318 5399 (58)
351 5328 491 5382 Vide
523 5330 630 5399 hoc
678 5327 978 5399 secundum
1021 5330 1337 5399 mandatum
1387 5323 1530 5393 apud
1581 5320 1720 5376 ﬂer-

135 5395 308 5462 mam,'
333 5416 388 5469 p.
439 5399 512 5453 ﬂ
537 5419 550 5430 υ
595 5397 1178 5469 δίιηριίεὶιαιεηιιιαρς,
1212 5405 1262 5449 et
1310 5395 1556 5469 innocens
1585 5402 1719 5469 esto.

203 5462 482 5540 (59"Haac
512 5462 811 5540 Antiochus
851 5467 1074 5540 homilia
1099 5467 1201 5540 29Ἀ
1231 5482 1286 5540 ρ.
1327 5465 1488 5530 1077,
1511 5462 1614 5540 sed
1641 5465 1716 5540 ita

136 5533 364 5610 incipit:
424 5540 604 5594 Καλὸν
649 5535 740 5593 οὖν
778 5533 1330 5610 ὲστινᾼὲπὶῌμηδένὸς
1369 5533 1712 5610 καταλαλῶν,

139 5605 270 5682 μηδὲ
316 5613 493 5683 ἡδέως
529 5611 746 5683 ἀκούειν
796 5605 1242 5683 καταλαλοῦντος,
1291 5605 1714 5683 accommodatis

138 5675 350 5739 scilicet
373 5683 442 5737 ad
469 5681 706 5736 homiliae
738 5696 848 5736 sua:
881 5681 1097 5741 seriem,
1131 5675 1340 5731 Hermae
1362 5676 1566 5736 verbis.
1593 5688 1714 5742 quae

139 5762 428 5812 contextus
495 5759 682 5808 noster
725 5752 942 5807 exhibet
1006 5747 1337 5803 accuratius.
1410 5745 1714 5800 Antiochus

1827 4569 2010 4630 ctatio,
2037 4573 2092 4620 et
2143 4562 2518 4616 turbulentum
2551 4555 2900 4618 daemonium,
2932 4555 3077 4624 quod
3117 4553 3396 4625 nunquam

1827 4656 1881 4709 in
1925 4669 2058 4724 pace
2096 4652 2263 4720 degit,
2297 4649 2392 4704 sed
2431 4660 2648 4716 semper
2675 4643 2730 4698 in
2757 4644 3246 4713 disceptationibus
3275 4661 3398 4699 ver-

1826 4752 1998 4801 satur.
2030 4745 2112 4796 Ab
2146 4756 2210 4796 ea
2238 4740 2402 4810 igitur
2441 4753 2499 4792 re
2539 4735 2832 4795 abstineto,
2873 4741 2928 4788 et
2966 4733 3189 4802 paciﬁce
3233 4733 3398 4804 deges

1827 4853 1950 4893 cum
1997 4835 2271 4891 omnibus.
2319 4831 2486 4887 Indue
2515 4828 2919 4898 simplicitatem
2948 4833 3001 4882 et
3028 4827 3393 4888 honestatem,

1826 4932 2025 5002 quibus
2089 4928 2299 4983 nullum
2356 4927 2499 4980 inest
2561 4922 2947 4979 oﬂ'endiculum
3005 4923 3244 4988 malum;
3300 4920 3396 4976 sed

1825 5112 1987 5166 etiam
2014 5110 2180 5164 multa
2209 5123 2306 5162 suo
2330 5116 2504 5160 marte
2532 5104 2738 5173 adjicit,
2777 5095 2836 5157 ut
2856 5103 3053 5172 cuique
3083 5101 3267 5158 videre
3287 5114 3393 5158 est.

1821 5212 1894 5223 —
1923 5180 2044 5234 Mox
2074 5180 2256 5248 vulgo,
2342 5177 2462 5250 ἐάν.
2496 5175 2704 5250 Non-ra.

1894 5249 2004 5321 (40)
2039 5241 2262 5321 Πνεῦνμα
2290 5241 2516 5321 'videtur
2544 5244 2852 5321 irrepsisse,
2869 5244 2965 5321 _sic
3001 5242 3148 5297 enim
3196 5241 3397 5314 legitur

1823 5323 1880 5377 in
1902 5315 2138 5374 ‘Pa'store
2159 5315 2512 5372 {Perniciosa
2547 5327 2624 5369 est
2655 5315 2932 5367 detractio.

1894 5392 2007 5461 (M)
2044 5389 2171 5461 Haec
2205 5388 2564 5461 sic_leguntur
2595 5385 2904 5461 in_Pa.s-tore
2933 5382 3043 5436 :Et
3076 5397 3278 5461 semper
3297 5397 3398 5450 pa-

1822 5454 1930 5517 cein
1962 5454 2094 5514 habe
2120 5474 2240 5512 cum
2280 5454 2447 5526 fratre
2485 5465 2593 5510 tuo.
2643 5454 2811 5508 Indue
2858 5455 3210 5526 constantiam
3261 5469 3393 5526 san-

1822 5543 1982 5592 ctam,
2030 5532 2086 5585 in
2135 5546 2238 5600 qua
2280 5521 2436 5581 nulla
2483 5535 2605 5580 sunt
2649 5535 2881 5594 peccata,
2912 5524 3001 5579 sed
3041 5524 3218 5577 omnia
3264 5521 3396 5578 laeta

1821 5613 1963 5668 sunt,
1994 5613 2102 5658 etc.

1894 5667 2008 5745 (42)
2038 5670 2095 5729 Id
2120 5677 2222 5737 est,
2253 5667 2632 5724 monasticam.
