3860 6200
429 299 536 358 559

1539 293 1598 350 5.
1632 289 2091 348 ATHANASIUS.
2135 317 2204 330 --
2241 285 2513 345 SPURIA.

3574 282 3674 339 560

427 417 612 472 omnia
657 415 819 488 plana
860 425 1022 486 atque
1054 412 1297 486 jucunda
1333 431 1346 467 :
1379 423 1432 469 et
1473 413 1622 469 vives
1668 413 1724 468 in
1779 412 1998 470 saecula.

2120 409 2286 463 πάντα
2314 408 2491 462 ὁααλά
2530 407 2624 460 καὶ
2651 405 2812 478 ἱλαρὰ
2832 421 2845 435 ο
2883 405 2978 459 καὶ
2990 403 3175 476 ζήσεις
3201 404 3281 468 είς
3305 404 3428 468 τοὺς
3456 403 3674 468 αἰῶνας.

426 509 625 566 Amen.

2123 501 2314 572 Ἀμήν.

1306 620 1466 692 203
1504 619 1740 674 Tertium
1775 616 2110 682 mandatum,
2140 614 2475 671 mendacium
2507 610 2782 667 vitandum

498 746 554 801 '5.
597 743 662 800 Et
700 756 1006 814 exsurgens
1054 739 1254 804 oravit,
1303 739 1684 810 eompletaque
1726 737 2000 802 oratione,

431 838 628 894 sedens
667 836 741 889 ait
773 834 892 889 illi:
933 832 1075 888 Audi
1121 831 1227 887 hoc
1286 831 1414 886 item
1469 830 1810 886 mandatum.
1843 829 2000 885 Veri-

2176 734 2230 788 5.
2265 732 2376 805 (45)
2408 733 2518 785 Καὶ
2561 731 2796 795 ἀναστὰς
2822 729 3046 801 ηὔξατο,
3074 730 3168 783 καὶ
3221 727 3357 800 μετὰ
3394 729 3492 799 τὴν
3521 728 3681 800 εὐχὴν

2103 823 2334 888 καθίσας
2377 823 2525 892 λέγει
2567 822 2749 894 αὐτῷ·
2790 823 2984 875 Ἀκουε
3025 822 3116 874 καὶ
3151 821 3354 892 ταύτην
3402 820 3499 892 τὴν
3540 823 3685 873 ἐντο-

431 939 597 984 tatem
653 927 817 997 dilige
843 967 858 992 ,
913 925 1202 994 omnisque
1236 925 1439 979 veritas
1488 923 1719 993 prodeat
1778 937 1849 978 ex
1905 936 2002 976 ore

2120 918 2224 988 κήν.
2248 915 2534 988 Ἀλήθειαν
2561 915 2752 984 ἀγάπα
2785 915 2920 986 (44),
2948 915 3042 967 καὶ
3071 915 3220 968 πᾶσα
3248 912 3470 984 ἀλήθεια
3499 915 3562 966 ἐκ
3591 913 3682 965 τοῦ

431 1029 547 1082 tuo,
576 1025 635 1072 ut
664 1018 722 1072 in
752 1024 806 1071 te
832 1015 1038 1070 habitet
1079 1011 1318 1084 Spiritus
1347 1013 1462 1069 Dei.
1497 1013 1602 1080 Qui
1649 1012 1795 1069 enim
1844 1027 2001 1067 men-

2107 1009 2374 1079 στόματός
2410 1025 2501 1060 σου
2531 1006 2932 1079 ἐκπορευέσθω,
2969 1007 3053 1060 ἵνα
3084 1005 3144 1058 τὸ
3172 1005 3397 1074 Πνεῦμα
3433 1004 3526 1057 τοῦ
3549 1004 3684 1057 Θεοῦ

430 1114 664 1174 tiuntur,
694 1108 868 1164 Deum
899 1112 1276 1162 contemnunt.
1310 1103 1584 1174 Accepere
1615 1117 1852 1173 namque
1870 1101 1999 1171 Spi-

2120 1105 2331 1171 ιατοικῇ
2369 1117 2470 1154 σοι.
2503 1101 2566 1153 Οί
2605 1099 2714 1171 γὰρ
2759 1098 3075 1169 ψευδόμενοι
3116 1097 3367 1150 ἀθετοῦσι
3399 1097 3490 1151 τὸν
3531 1096 3683 1150 Θεόν.

431 1202 597 1256 ritum
629 1199 896 1262 veritatis,
919 1205 975 1254 et
1007 1196 1138 1251 facti
1171 1203 1300 1252 sunt
1328 1195 1640 1250 habitacula
1672 1195 1787 1250 veri
1822 1194 2002 1264 Spiri-

430 1303 540 1351 tus.
581 1293 642 1349 Si
677 1294 860 1363 itaque
891 1291 1176 1347 veritatem
1213 1289 1699 1359 servaris,poteris
1732 1289 1831 1343 tibi
1853 1303 2002 1342 eom-

430 1401 626 1458 parare
649 1381 1231 1440 vitam.Juramentum
1261 1395 1426 1451 porro
1455 1383 1570 1438 sive
1587 1396 1686 1451 pro
1710 1381 1858 1450 justa
1888 1380 2004 1436 sive

431 1494 533 1551 pro
572 1479 776 1548 injusta
814 1491 874 1530 re
908 1474 1086 1546 fugias
1119 1492 1134 1541 ;
1165 1480 1221 1528 et
1260 1473 1470 1528 veritas
1523 1472 1834 1530 introducet
1864 1480 1918 1528 te
1946 1473 2003 1527 in

430 1573 596 1628 vitam
625 1568 988 1625 immortalem
1007 1566 1067 1622 in
1092 1565 1315 1622 saecula.
1338 1565 1532 1620 Amen.

2111 1195 2340 1248 Ἔλασον
2370 1194 2477 1266 γάρ
2521 1193 2744 1264 Πνεῦμα
2780 1191 3038 1263 ἀληθείας
3069 1192 3163 1244 καὶ
3192 1191 3437 1258 ἐγένοντο
3467 1193 3688 1263 οἰκητή-

2113 1305 2201 1358 ρια
2233 1286 2328 1340 τοῦ
2358 1285 2610 1358 ἀληθινοῦ
2649 1284 2986 1354 Πνεύματος.
3029 1284 3156 1337 Ἐὰν
3189 1280 3280 1337 οὖν
3303 1285 3403 1355 τὴν
3433 1284 3688 1354 ἀλήθειαν

2109 1379 2373 1454 φυλάξῃς,
2407 1381 2612 1452 δυνήσῃ
2640 1379 2851 1450 σεαυτῷ
2879 1378 3022 1450 ζωὴν
3049 1378 3524 1450 περιποιήσασθαι.
3557 1379 3690 1449 Ὄρ-

2108 1492 2203 1528 κον
2251 1475 2307 1527 δὲ
2345 1474 2569 1536 δικαίως
2615 1473 2647 1542 ἢ
2695 1473 2894 1536 ἀδίκως
2943 1471 3197 1540 έκφευγε,
3244 1471 3338 1524 καὶ
3381 1473 3414 1542 ή
3463 1469 3692 1540 ἀλήθεια

2107 1567 2312 1634 εἰσάξει
2345 1584 2404 1620 σε
2437 1568 2517 1631 είς
2549 1567 2650 1639 τὴν
2691 1565 2836 1636 ζωὴν
2865 1566 2963 1636 τὴν
3001 1565 3267 1620 ἀθάνατον
3299 1567 3379 1628 εἰς
3407 1565 3536 1628 τοὺς
3557 1563 3692 1618 α.ίῶ-

2106 1677 2225 1723 νας.
2267 1661 2460 1730 Ἀμήν.

1461 1771 1727 1838 Quartum
1757 1772 2091 1842 mandatum,
2124 1778 2348 1831 castitas
2387 1777 2667 1830 servanda.

499 1889 555 1944 4.
578 1885 715 1942 Cum
742 1891 996 1941 orassent
1032 1884 1134 1945 illi,
1171 1883 1368 1940 sedens
1415 1885 1710 1955 episcopus
1762 1885 1843 1942 sic
1876 1901 2002 1941 eum

2177 1891 2231 1946 4.
2272 1891 2382 1962 (45)
2411 1891 2522 1945 Καὶ
2543 1890 2856 1961 εὐξαμένων
2882 1889 3080 1954 αὐτῶν,
3113 1887 3396 1952 καθεσθεὶς
3426 1891 3455 1942 6
3476 1889 3697 1942 ἐπίσκο-

433 1979 728 2051 alloquitur
757 1995 771 2032 :
811 1975 951 2030 Audi
979 1975 1144 2031 etiam
1169 1982 1426 2045 quartum
1466 1977 1806 2032 mandatum.
1838 1977 2009 2033 Serva

433 2072 764 2136 castitatem,
806 2083 985 2138 neque
1032 2067 1089 2122 in
1145 2067 1312 2122 corde
1367 2075 1462 2122 tuo
1494 2078 1711 2123 maneat
1747 2070 2010 2140 cogitatio

434 2161 626 2218 uxoris
661 2159 872 2227 aliena,
905 2164 999 2212 aut
1056 2155 1434 2213 fornicationis
1490 2157 1819 2228 cujuSpiam,
1858 2159 2014 2214 simi-

433 2255 636 2311 liumve
679 2251 986 2306 nominum.
1008 2245 1145 2302 Nam
1177 2247 1281 2303 hoc
1311 2249 1358 2304 si
1410 2263 1562 2319 agas,
1612 2264 1870 2320 magnum
1915 2249 2013 2304 ad-

433 2343 607 2399 mittis
625 2352 930 2411 peccatum,
952 2354 1054 2394 nec
1071 2354 1180 2394 non
1195 2338 1242 2395 si
1259 2347 1493 2394 mentem
1519 2349 1668 2394 tuam
1683 2355 1712 2393 a
1733 2339 1879 2410 turpi
1911 2340 2013 2393 hu—

429 2434 669 2509 jusmodi
707 2433 998 2506 phantasia
1030 2447 1140 2487 non
1173 2432 1455 2488 averteris.
1480 2430 1760 2503 Siquidem
1784 2432 1869 2488 vel
1893 2432 2012 2502 ipsa

436 2527 732 2599 cogitatio,
767 2523 958 2597 ingens
986 2524 1085 2581 Dei
1113 2523 1318 2579 famulo
1345 2531 1430 2580 est
1461 2523 1746 2594 ﬂagitium.
1777 2523 1932 2591 Quod
1964 2525 2012 2580 si

436 2619 560 2690 quis
607 2618 812 2672 malum
851 2618 955 2672 hoc
985 2616 1199 2673 facinus
1234 2616 1506 2683 admittat,
1537 2618 1586 2672 is
1629 2625 1859 2672 mortem
1906 2615 2011 2671 sibi

435 2710 676 2767 coniicit.
706 2709 842 2765 Vide
861 2709 1045 2782 igitur,
1071 2710 1138 2764 ab
1172 2709 1486 2779 hujusmodi
1523 2709 1852 2780 cogitatione
1879 2710 2010 2765 abs-

435 2804 631 2859 tineas.
664 2800 800 2856 Nam
844 2802 934 2856 ubi
971 2802 1230 2861 honestas
1279 2799 1613 2872 castitasque
1642 2801 1872 2865 habitat,
1901 2801 2013 2856 illic

434 2899 618 2956 scelus
663 2913 733 2953 ne
774 2895 1054 2952 ascendat.
1108 2893 1265 2960 Quod
1319 2892 1591 2965 frequenti
1632 2902 1689 2949 et
1738 2895 2012 2951 laboriosa

437 2989 685 3044 oratione
743 2988 1041 3044 obtinetur.
1096 2985 1212 3041 Hoc
1254 2985 1420 3056 igitur
1464 2985 1632 3042 facito
1666 2994 1721 3043 et
1765 2989 1915 3045 vives
1957 2989 2013 3044 in

435 3085 657 3142 sacula.
690 3083 885 3139 Amen.

2115 2001 2214 2046 πος
2240 1983 2385 2052 λέγει
2419 1982 2566 2054 αύτῷ
2588 2000 2600 2012 ·
2639 1985 2835 2036 Ἀκουε
2869 1982 2962 2035 καὶ
3010 1983 3108 2053 τῆς
3133 1981 3398 2052 τετάρτης
3438 1981 3656 2050 ἐντολῆς
3677 1999 3691 2012 ·

2109 2073 2351 2127 Φύλασσε
2383 2073 2480 2144 τὴν
2523 2073 2766 2141 ἁγνείαν,
2813 2073 2908 2124 καὶ
2957 2071 3031 2142 μὴ
3081 2071 3416 2125 άναδαινέτω
3450 2071 3558 2142 (46)
3600 2072 3696 2124 ἐπὶ

2109 2167 2208 2238 τὴν
2235 2165 2462 2235 καρδίαν
2491 2183 2582 2218 σου
2607 2181 2672 2217 πε
2684 2165 2733 2236 pi.
2759 2165 3015 2233 γυναικὸς
3041 2164 3323 2234 ἀλλοτρίας
3345 2164 3378 2236 ἢ
3405 2165 3532 2234 περὶ
3562 2183 3698 2237 πορ-

2111 2258 2257 2321 νείας
2303 2257 2512 2328 τινδςῆ
2564 2256 2691 2328 περὶ
2738 2255 2993 2309 τοιούτων
3040 2257 3338 2327 ὀνομάτων.
3387 2257 3555 2309 Τοῦτο
3585 2257 3698 2328 γὰρ

2113 2349 2280 2404 ποιῶν
2309 2350 2582 2421 ἁμαρτίαν
2611 2349 2852 2420 μεγάλην
2881 2351 3106 2421 ἐργάζῃ,
3131 2348 3204 2420 μὴ
3222 2349 3425 2418 ταχέως
3451 2349 3699 2418 ἀφιστῶν

2111 2444 2200 2497 τὸν
2228 2441 2354 2497 νοῦν
2383 2459 2474 2496 σου
2499 2441 2592 2495 τοῦ
2633 2442 2874 2496 τοιούτου
2907 2441 3131 2513 αἰσχροῦ
3174 2442 3454 2512 φάσματος
3477 2457 3491 2473 ο
3523 2441 3557 2512 ἡ
3584 2440 3699 2512 γάρ

2112 2536 2412 2608 ἐνθύμησις
2437 2536 2578 2606 αὐτὴ
2608 2534 2744 2589 Θεοῦ
2783 2535 2952 2606 δούλῳ
2985 2535 3225 2606 ἁμαρτία
3275 2533 3482 2605 μεγάλη
3525 2535 3696 2590 ἐστίν.

2113 2629 2176 2681 Εί
2207 2629 2263 2682 δέ
2293 2647 2376 2693 τις
2410 2629 2699 2701 ἐργάζεται
2731 2627 2792 2683 τὸ
2825 2629 2983 2698 ἔργον
3007 2628 3067 2682 τὸ
3113 2628 3345 2699 πονηρὸν
3374 2627 3551 2691 τοῦτο,
3596 2627 3696 2680 θά-

2115 2739 2276 2776 νατον
2317 2723 2496 2793 ἐαυτῷ
2533 2722 2950 2794 κατεργάζεται.
2995 2721 3169 2773 Βλέπε
3210 2717 3321 2780 οὖν.
3355 2720 3558 2790 ἀπέχου
3588 2719 3700 2771 ἀπὸ

2112 2813 2214 2884 τῆς
2264 2812 2610 2884 ἐνθυμήσεως
2659 2812 2892 2883 ταύτης’
2945 2813 3077 2865 ὅπου
3121 2811 3230 2882 γάρ
3283 2811 3548 2880 σεμνότης
3601 2810 3702 2863 καὶ

2115 2900 2304 2968 ἁγνεία
2338 2903 2600 2963 κατοικεῖ,
2639 2901 2753 2952 ἐκεῖ
2779 2901 2978 2970 ἀνομία
3009 2902 3108 2953 ούκ
3137 2899 3336 2969 ὀφείλει
3364 2899 3697 2952 ἀναϐαίνειν.

2115 2989 2286 3042 Τοῦτο
2333 2989 2390 3042 δὲ
2426 2988 2784 3061 κατορθοῦται
2832 2989 2920 3042 διά
2973 2990 3307 3060 πυκνοτέρας
3351 2991 3444 3042 καὶ
3499 2987 3701 3041 ἐπιπο-

2115 3099 2206 3135 νου
2240 3081 2426 3152 εὐχῆς.
2457 3081 2628 3134 Τοῦτο
2659 3077 2752 3136 οῦν
2787 3082 2930 3134 ποίει
2964 3083 3057 3134 καὶ
3106 3081 3244 3152 ζήσῃ
3279 3082 3359 3144 εἰς
3402 3082 3526 3144 τοὺς
3558 3081 3700 3133 αἰῶ-

2115 3183 2232 3236 νας.
2277 3173 2334 3226 Ἀ
2343 3175 2469 3244 μήν.

1391 3281 1648 3348 Quintum
1676 3284 2010 3354 mandatum,
2047 3286 2426 3359 longanimitas
2464 3286 2740 3342 servanda.

507 3418 564 3475 5.
597 3418 895 3489 Surgentes
937 3425 1120 3473 autem
1178 3417 1388 3488 precati
1442 3427 1610 3486 sunt;
1648 3427 1764 3475 tum
1813 3421 2013 3478 sedens

2186 3424 2238 3478 5.
2274 3423 2384 3494 (47)
2415 3423 2526 3476 Καὶ
2551 3422 2881 3485 ἀναστάντες
2907 3420 3138 3492 ηὔξαντο
3163 3419 3257 3473 καὶ
3277 3418 3505 3481 καθίσας
3529 3419 3556 3471 6
3579 3417 3706 3470 ἐπί-

437 3511 732 3580 episcopus
757 3511 833 3564 ait
867 3510 947 3564 illi
982 3529 998 3565 :
1038 3510 1182 3564 Audi
1215 3524 1434 3580 quoque
1481 3511 1737 3582 quintum
1787 3515 2014 3567 manda-

439 3614 554 3658 tum
579 3622 592 3657 :
621 3601 794 3658 Serva
823 3603 1168 3658 tolerantiam
1200 3612 1256 3659 et
1285 3603 1745 3674 aequanimitatem
1768 3623 1782 3672 ;
1807 3620 1871 3660 ac
1892 3621 2016 3676 pru-

439 3695 575 3751 dens
605 3702 745 3763 esto,
774 3695 962 3766 sicque
993 3695 1236 3750 omnium
1269 3711 1559 3766 pravorum
1589 3711 1814 3766 operum
1839 3697 2016 3752 domi-

441 3785 669 3847 nabere,
693 3799 1026 3854 omnemque
1057 3783 1330 3854 justitiam
1375 3781 1718 3854 adimplehis.
1753 3784 1809 3838 Si
1860 3800 2014 3838 nam-

441 3895 548 3948 que
593 3877 916 3947 aquanimis
960 3875 1152 3940 fueris,
1189 3875 1427 3947 Spiritus
1448 3884 1696 3939 sanctus,
1728 3877 1819 3946 qui
1861 3877 1919 3930 in
1960 3883 2014 3930 te

440 3970 672 4033 habitat,
695 3984 868 4041 purus
905 3968 1030 4031 erit,
1055 3985 1157 4024 nec
1185 3984 1215 4022 a
1249 3969 1486 4039 maligno
1519 3968 1718 4038 spiritu
1749 3969 2012 4023 obscura-

441 4071 550 4125 tus,
572 4060 658 4114 vel
687 4059 920 4114 foedatus
946 4059 1015 4113 ab
1031 4059 1334 4114 iracundia.
1362 4058 1496 4112 Nam
1528 4059 1583 4112 in
1610 4059 2016 4129 aquanimitate

440 4150 709 4206 Dominus
740 4151 952 4205 habitat
979 4169 991 4205 :
1028 4151 1084 4205 in
1124 4151 1410 4206 iracundia
1433 4151 1706 4206 diabolus.
1739 4150 1858 4204 Non
1885 4167 2016 4206 con-

440 4245 590 4299 venit
614 4252 795 4298 autem
827 4250 1123 4313 utrumque
1157 4243 1415 4314 spiritum
1455 4243 1647 4300 eodem
1679 4245 1736 4298 in
1766 4244 1887 4298 loco
1918 4243 2016 4296 ha-

441 4335 637 4390 bitare.
660 4333 796 4389 Nam
827 4334 872 4390 si
909 4343 1194 4405 acceptum
1219 4335 1481 4390 absinthii
1509 4337 1816 4399 minimum,
1846 4335 1902 4389 in
1932 4335 2014 4388 la-

443 4441 638 4498 genam
663 4425 840 4480 mellis
865 4424 1144 4490 effuderis,
1177 4440 1360 4480 nonne
1399 4427 1507 4480 mel
1538 4433 1711 4480 totum
1743 4426 1874 4480 illud
1904 4426 2018 4481 dis-

443 4518 622 4588 perit,
662 4527 717 4572 et
772 4523 925 4570 tanta
964 4516 1140 4572 mellis
1181 4517 1336 4587 cepia
1379 4532 1411 4571 a
1463 4517 1689 4572 minimo
1741 4515 2018 4572 absinthio

443 4609 850 4680 corrumpitur?
875 4607 982 4664 Sed
1013 4617 1208 4664 contra
1238 4610 1285 4666 si
1317 4611 1654 4666 absinthium
1685 4611 1740 4666 in
1772 4612 1880 4667 mel
1906 4625 2016 4665 non

443 4703 790 4776 projiciatur,
824 4703 899 4757 ita
936 4703 1044 4758 mel
1075 4703 1234 4759 dulce
1268 4706 1564 4775 reperitur,
1601 4719 1667 4759 ac
1696 4705 1831 4761 utile
1857 4705 2018 4776 plane

441 4802 527 4852 est
554 4795 778 4850 domino
799 4810 919 4850 suo.

510 4885 791 4958 Perpende
826 4887 1008 4958 itaque
1057 4887 1358 4943 dulciorem
1409 4889 1569 4943 melle
1623 4904 1745 4943 esse
1777 4889 2019 4958 aquani-

365 5018 376 5028 .
441 4980 708 5044 mitatem,
744 4987 906 5049 atque
934 4979 1124 5034 utilem
1157 4978 1389 5033 Domino
1421 4980 1516 5050 qui
1566 4979 1620 5032 in
1653 4980 1743 5033 illa
1775 4979 2012 5045 habitat;

441 5070 725 5127 iracundia
753 5085 885 5126 vero
909 5069 1371 5141 aquanimitatem
1403 5069 1715 5126 labefactat.
1740 5068 1879 5123 Audi
1911 5070 2014 5142 igi-

441 5176 533 5220 tur
563 5164 856 5221 iracundia
877 5165 1008 5229 vim,
1035 5179 1199 5236 quam
1221 5163 1292 5218 sit
1310 5164 1568 5236 maligna,
1591 5179 1755 5236 quam
1788 5164 2019 5220 seducat

442 5274 633 5317 servos
662 5257 779 5324 Dei,
810 5265 865 5314 et
899 5273 1000 5314 sua
1029 5259 1082 5314 vi
1107 5265 1442 5330 prosternat.
1476 5255 1648 5312 Porro
1671 5256 1895 5312 minime
1929 5271 2017 5312 se-

534 5415 625 5480 43)
653 5414 867 5471 Henna
900 5417 1140 5472 mandat.
1168 5417 1219 5471 '5.

537 5487 626 5557 M)
663 5485 790 5540 Hac
811 5487 976 5542 verba
1007 5487 1062 5540 in
1093 5487 1334 5542 secundo
1363 5485 1575 5542 Herma
1597 5487 1874 5554 mandato,
1899 5502 2013 5543 non

443 5565 860 5626 consequenter,
887 5559 982 5622 sed
1017 5558 1300 5612 hinctinde
1334 5557 1624 5626 desumpta
1661 5567 1806 5621 sunt,
1833 5567 1886 5613 et
1913 5560 2012 5613 ha-
2113 5567 2240 5612 test.

443 5623 794 5700 benturjtem
826 5629 967 5696 apud
1001 5629 1330 5700 Antiochum
1357 5629 1504 5682 hom.
1533 5623 1623 5695 66,
1656 5647 1711 5700 p.
1743 5629 1901 5685 “28.

513 5695 624 5766 (45)
657 5695 1128 5753 Ηθνιηξείῐηαιιᾱηι.
1153 5701 1208 5755 5.

515 5766 625 5835 (46)
661 5766 829 5840 Vulgo
854 5768 1013 5835 male,
1044 5769 1604 5844 c‘tvattavétw_NOL'n-:.

2119 3533 2322 3579 σκοπος
2347 3515 2494 3584 λέγει
2531 3513 2676 3585 αύτῷ
2699 3533 2712 3545 ⁸
2745 3514 2941 3566 Ἀκουε
2975 3513 3070 3566 καὶ
3100 3513 3198 3583 τῆς
3247 3511 3504 3581 πέμπτης
3548 3510 3706 3563 ἐντο-

2114 3605 2214 3676 λῆς
2233 3623 2245 3634 ·
2274 3605 2517 3658 Φύλασσε
2548 3603 2645 3675 τὴν
2671 3603 2880 3657 εὔνοιαν
2909 3603 3018 3673 (48)
3043 3604 3135 3655 καὶ
3165 3601 3562 3674 μακροθυμίαν,
3601 3602 3705 3654 καὶ

2116 3699 2267 3766 γίνου
2303 3697 2522 3760 συνετὸς
2554 3697 2647 3749 καὶ¹
2681 3697 2896 3750 πάντων
2921 3695 3027 3748 τῶν
3056 3695 3305 3766 πονηρῶν
3338 3693 3512 3766 ἔργων
3532 3710 3708 3746 κατα-

2117 3789 2444 3859 κυριεύσεις,
2471 3790 2565 3842 καὶ
2589 3789 2798 3862 ἐργάσῃ
2829 3790 3006 3842 πᾶσαν
3029 3787 3390 3858 δικαιοσύνην.
3433 3786 3556 3838 Ἐάν
3589 3804 3611 3853 ·,
3625 3785 3706 3857 ἀρ

2121 3881 2473 3953 μακρόθυμος
2505 3880 2626 3952 ἔσῃ,
2669 3880 2730 3933 τὺ
2767 3881 2992 3951 Πνεῦμα
3019 3881 3080 3932 τὸ
3113 3879 3264 3947 ἅγιον
3305 3877 3594 3932 κατοικοῦν
3640 3881 3707 3931 ἐν

2118 3973 2203 4024 σοὶ
2247 3971 2485 4042 καθαρὸν
2538 3970 2713 4034 ἔσται,
2770 3971 2843 4041 μὴ
2894 3970 3254 4040 σκοτούμενον
3302 3968 3405 4022 ὑπὸ
3456 3969 3706 4040 πονηροῦ

2118 4063 2446 4134 πνεύματος,
2487 4064 2561 4134 μὴ
2607 4048 2924 4134 μειούμενον
2962 4061 3071 4134 (49)
3115 4061 3223 4115 ὑπὸ
3260 4061 3358 4131 τῆς
3389 4059 3704 4131 ὀξυχολίας.

2130 4157 2218 4209 Ἐν
2254 4155 2362 4227 γὰρ
2387 4158 2452 4226 τῇ
2494 4155 2844 4226 μακροθυμίᾳ
2868 4158 2896 4208 6
2929 4154 3131 4226 Κύριος
3163 4155 3422 4220 κατοικεῖ,
3455 4156 3511 4206 ἐν
3545 4153 3604 4206 δέ
3629 4156 3710 4224 τῇ

2117 4247 2367 4318 ὀξυχολίᾳ
2412 4248 2440 4298 6
2486 4245 2750 4308 διάϐολος.
2802 4246 3111 4316 Ἀμφότερα
3161 4241 3253 4298 οῦν
3295 4244 3363 4298 τά
3409 4244 3711 4314 πνεύματα

2118 4335 2433 4406 ἀσύμφορόν
2477 4336 2622 4388 ἐστιν
2663 4338 2719 4388 ἐν
2750 4336 2928 4406 ταύτῷ
2963 4339 3252 4389 κατοικεῖν.
3287 4335 3415 4388 Ἐὰν
3459 4335 3567 4406 γὰρ
3603 4335 3713 4387 λα.-

2119 4427 2229 4481 6ὼν
2263 4425 2509 4497 ἀψινθίου
2555 4427 2747 4499 μικρὸν
2778 4430 2858 4491 είς
2891 4428 3154 4498 κεράμιον
3189 4427 3404 4498 μέλιτος
3447 4428 3709 4500 ἐπιχέῃς,

2119 4519 2239 4588 ούχὶ
2271 4516 2389 4571 ὅλον
2417 4518 2478 4571 τὸ
2513 4517 2633 4589 μέλι
2667 4517 2984 4588 ἀφανίζεται
3019 4518 3113 4571 καὶ
3143 4517 3394 4571 τοσοῦτον
3427 4518 3545 4589 μέλι
3593 4519 3716 4572 ὑπὸ

2119 4611 2214 4666 τοῦ
2247 4612 2530 4684 ἐλαχίστου
2577 4613 2828 4682 ἀψινθίου
2874 4613 3202 4678 ἀπόλλυται;
3244 4613 3369 4666 Ἐἀν
3405 4614 3461 4666 δὲ
3509 4616 3593 4677 είς
3634 4615 3714 4668 τὸ

2125 4702 2244 4772 μέλι
2294 4703 2368 4774 μὴ
2422 4702 2590 4775 βληθῇ
2629 4703 2690 4757 τὸ
2742 4703 3008 4770 άψίνθιον,
3054 4703 3225 4772 γλυκὺ
3279 4704 3596 4775 εὑρίσκεται
3637 4707 3716 4758 τὸ

2044 4783 2089 4838 Ῑ)
2118 4794 2238 4865 μέλι
2268 4797 2363 4849 καὶ
2388 4793 2686 4868 εὔχρηστον
2715 4796 2931 4860 πάντως
2961 4797 3168 4863 γίνεται
3196 4795 3273 4867 τῷ
3298 4795 3548 4867 δεσπότῃ.

2194 4886 2368 4940 Βλέπε
2415 4883 2540 4953 οῦν,
2589 4888 2671 4941 ὅτι
2715 4889 2748 4959 ἡ
2801 4887 3150 4958 μακροθυμία
3192 4887 3500 4958 γλυκυτάτη
3550 4887 3715 4940 ἐστὶν

2124 4979 2264 5050 ὑπὲρ
2289 4979 2350 5032 τὸ
2391 4979 2514 5050 μέλι
2549 4980 2643 5034 καὶ
2680 4979 2976 5050 εὔχρηστος
3008 4981 3125 5032 ἐστι
3156 4979 3234 5049 τῷ
3267 4980 3457 5050 Κυρίῳ
3499 4980 3595 5032 καὶ
3638 4982 3715 5034 ἐν

2123 5075 2258 5144 αὐτῇ
2317 5076 2560 5126 κατοικεῖ
2589 5091 2602 5104 ο
2664 5074 2698 5143 ἡ
2752 5072 2808 5125 δὲ
2861 5072 3108 5142 ὀξυχολία
3157 5071 3254 5143 τὴν
3316 5071 3715 5142 μακροθυμίαν

2126 5166 2346 5235 μιαίνει.
2387 5167 2584 5220 Ἀκουε
2621 5165 2679 5219 δὲ
2708 5167 2802 5220 καὶ
2833 5166 2935 5237 τὴν
2961 5165 3238 5238 ἐνέργειαν
3267 5165 3366 5236 τῆς
3395 5165 3713 5235 ὀξυχολίας,

2123 5257 2241 5321 πῶς
2283 5259 2495 5330 πονηρά
2536 5261 2651 5311 ἐστι
2684 5259 2778 5311 καὶ
2818 5258 2994 5329 πλανᾷ
3019 5259 3144 5321 τοὺς
3179 5257 3394 5320 δούλους
3439 5257 3536 5310 τοῦ
3565 5256 3712 5310 Θεοῦ

2185 5415 2300 5552 (47)
2329 5413 2543 5470 Herma
2573 5414 2815 5470 mandat.
2849 5415 2902 5479 5,
2935 5421 2988 5469 et
3012 5413 3264 5468 Antioch.
3298 5414 3445 5468 hom.
3479 5414 3568 5470 10.

2185 5484 2275 5552 (48
2325 5483 2518 5552 Vulgo,
2548 5485 2754 5552 ἀνείαν,
2792 5487 2848 5540 in
2873 5501 2982 5552 quo
3008 5493 3062 5540 et
3097 5485 3342 5538 ἀνεικίαν
3394 5485 3566 5540 latere

2184 5483 2518 5556 (48)7Yulgo,
2548 5485 2754 5552 ἀνείαν,
2792 5487 2848 5540 in
2873 5501 2982 5556 quo
3008 5493 3062 5540 et
3097 5485 3342 5538 ἀνεικίαν
3394 5485 3566 5540 latere
3603 5499 3715 5556 po-

2535 5643 2657 5697 qua
2709 5626 2893 5681 statim
2918 5634 3240 5697 sequuntur,
3272 5627 3304 5696 ἡ
3331 5625 3388 5678 δὲ
3421 5624 3714 5697 ὀξυχητὴν

2115 5715 2173 5768 μ.
2204 5697 2423 5767 μιαίνει,
2461 5696 2639 5767 posSis
2671 5698 2942 5764 conjicere
2963 5699 3047 5768 hic
3078 5696 3313 5768 fortasse
3343 5696 3712 5768 scribendum

2111 5764 2235 5826 esse
2263 5764 2612 5840 μιαινόμενον
2630 5785 2647 5838 ;
2681 5771 2842 5839 vulgo
2872 5767 3012 5824 male
3039 5765 3354 5836 μιούμενον.
3393 5764 3468 5820 In.
