3860 6200
427 335 536 394 565

1558 336 1620 394 S.
1656 334 2125 394 ATHANASIUS.
2164 366 2234 378 ——
2274 333 2549 392 SPURIA.

3574 336 3681 394 564

426 455 638 511 ’ustitia
658 463 714 511 et
744 452 1038 526 iniustitia.
1067 446 1167 512 Tu.
1183 472 1315 529 ergo
1339 457 1573 529 justitiae
1594 458 1829 524 credito,
1854 458 1980 529 inju-

2094 455 2303 509 κεῖνται
2346 453 2454 524 γὰρ
2484 452 2577 506 ἐπὶ
2613 450 2809 524 δικαίῳ
2849 453 2944 507 καὶ
2984 452 3173 525 ἀδίκῳ.
3217 454 3291 508 Σὺ
3330 448 3425 509 οὖν
3456 454 3682 511 πίστευε

427 548 592 604 stitia:
620 548 957 604 nullatenus.
974 547 1197 605 Iustitia
1229 557 1437 605 rectam
1461 550 1628 606 habet
1657 551 1828 615 viam,
1851 548 1998 619 inju-

426 639 577 693 stitia
613 645 940 694 tortuosam.
987 636 1106 695 Duo
1163 650 1293 695 sunt
1345 641 1520 711 angeli
1578 654 1703 694 cum
1753 639 1994 705 homine,

426 732 566 785 alter
586 728 838 799 iustitiae,
883 729 1022 785 alter
1071 732 1451 803 malignitatis.
1490 730 1727 788 Iustitiae
1769 733 1997 805 angelus

425 822 613 877 suavis
641 830 746 887 est,
777 822 1143 885 verecundus,
1171 823 1320 879 mitis
1346 831 1398 878 et
1421 824 1701 880 robustus.
1726 825 1861 880 Cum
1892 825 1997 879 ita-

425 929 532 984 que
554 913 639 969 his
660 914 838 969 modis
861 914 917 968 in
943 929 1040 970 cor
1060 922 1214 969 tuum
1251 917 1581 981 ascenderit,
1612 916 1793 972 statim
1812 925 1994 973 tecum

425 1004 673 1076 loquitur
702 1006 770 1061 de
796 1005 1034 1076 justitia,
1071 1006 1138 1062 de
1166 1007 1439 1071 castitate,
1475 1007 1543 1062 de
1583 1023 1799 1063 morum
1824 1008 1997 1064 hone-

427 1105 589 1161 state,
611 1097 679 1153 de
704 1097 1040 1170 frugalitate,
1070 1100 1138 1155 de
1174 1100 1323 1154 omni
1354 1100 1592 1170 denique
1610 1101 1784 1170 probo
1807 1115 1992 1171 opere,

424 1194 482 1242 et
508 1185 577 1242 de
608 1201 936 1258 quacunque
957 1189 1219 1259 praeclara
1244 1192 1468 1245 virtute.
1504 1189 1633 1245 Haec
1653 1190 1837 1244 omnia
1868 1206 1994 1246 cum

424 1279 485 1334 in
513 1294 612 1337 cor
635 1289 787 1334 tuum
816 1279 1193 1346 ascenderint,
1222 1280 1361 1335 scito
1382 1281 1635 1351 angelum
1654 1280 1884 1351 justitiae
1917 1287 1994 1335 te-

422 1385 550 1425 cum
588 1386 732 1427 esse.
784 1370 924 1425 Huic
970 1372 1156 1442 itaque
1200 1371 1397 1427 credas
1437 1379 1492 1427 et
1529 1372 1788 1443 operibus
1848 1373 1991 1442 ejus,

419 1461 570 1517 hunc
599 1470 724 1519 tene
744 1473 796 1519 et
826 1463 1070 1535 posside.
1103 1462 1242 1519 Vide
1280 1463 1395 1534 jam
1440 1463 1576 1518 mihi
1615 1463 1794 1534 angeli
1843 1464 1996 1517 mali-

420 1555 648 1625 gnitatis
686 1570 870 1625 opera.
910 1554 1093 1609 Primo
1131 1554 1432 1610 iracundus
1480 1562 1586 1621 est,
1622 1555 1875 1618 acerbus,
1909 1554 1994 1607 in-

420 1661 590 1703 sanus
624 1666 637 1701 :
667 1661 942 1718 operaque
970 1646 1120 1701 illius
1161 1654 1292 1701 sunt
1337 1646 1501 1710 mala,
1526 1661 1649 1717 quae
1675 1660 1866 1702 servos
1894 1645 1993 1701 Dei

416 1745 771 1809 prosternant
814 1746 870 1794 et
924 1737 1205 1808 dejiciant.
1255 1738 1391 1793 Cum
1436 1738 1527 1793 ille
1569 1739 1627 1793 in
1680 1754 1777 1793 cor
1835 1747 1990 1794 tuum

2096 546 2175 618 τῷ
2205 546 2417 617 δικαίῳ,
2440 544 2520 616 τῷ
2547 544 2604 598 δέ
2631 544 2800 616 ἀδίκῳ
2823 546 2988 618 μηδὲν
3015 546 3330 619 πιστεύσῃς.
3355 548 3430 602 T6
3461 548 3569 621 γὰρ
3600 549 3685 604 δί-

2097 654 2248 691 καιον
2265 636 2431 709 ὀρθὴν
2450 636 2568 690 ὁδὸν
2595 635 2729 707 ἔχει,
2760 636 2818 690 τὸ
2840 637 2896 691 δὲ
2919 639 3101 693 ἄδικον
3133 639 3400 712 στρεϐλήν
3417 639 3552 711 (54).
3574 640 3684 693 Δύο

2096 727 2232 781 εἰσὶν
2256 726 2475 795 ἄγγελοι
2505 725 2648 796 μετά
2678 725 2771 779 τοῦ
2805 725 3115 801 ἀνθρώπου,
3147 721 3230 790 εἷς
3268 727 3369 799 τῆς
3405 727 3683 795 δικαιοσύ-

2096 834 2211 887 νης,
2246 816 2342 871 καὶ
2371 809 2453 879 εἷς
2481 816 2581 887 τῆς
2614 814 2898 886 πονηρίας.
2929 816 3041 870 Kal.
3072 818 3101 870 6
3137 816 3234 888 μὲν
3264 816 3366 888 τῆς
3400 816 3682 872 δικαιοσύ-

2093 924 2191 978 νης
2217 907 2446 976 ἄγγελος
2470 906 2736 978 τρυφερός
2756 905 2985 959 ἐστικαὶ
3007 906 3367 979 αἰσχυντηρὺς
3388 907 3483 960 καὶ
3505 909 3685 979 πρᾶος

2094 999 2190 1052 καὶ
2223 997 2462 1069 ἰσχυρός.
2498 998 2665 1049 Ὅταν
2706 991 2799 1050 οὖν
2833 996 3008 1061 οὕτως
3051 997 3147 1050 ἐπὶ
3176 997 3277 1069 τὴν
3314 999 3545 1070 καρδίαν
3584 1015 3682 1053 σου

2093 1090 2289 1162 ἀναϐῇ,
2343 1088 2545 1152 εὐθέως
2593 1087 2746 1142 λαλεῖ
2795 1087 2933 1159 μετά
2985 1087 3081 1141 σοῦ
3133 1088 3263 1161 περὶ
3308 1088 3681 1160 δικαιοσύνης,

2094 1181 2223 1252 περὶ
2253 1181 2496 1249 ἁγνείας,
2530 1180 2664 1252 περὶ
2697 1180 3025 1251 σεμνότητος
3057 1179 3152 1232 καὶ
3170 1178 3299 1251 περὶ
3323 1180 3680 1252 αὐταρκείας,

2094 1271 2188 1325 καὶ
2216 1272 2344 1344 περὶ
2378 1271 2579 1335 παντὸς
2606 1271 2767 1343 ἔργου
2804 1271 3013 1325 δικαίου
3043 1272 3137 1325 καὶ
3175 1271 3303 1343 περὶ
3336 1272 3516 1343 πάσης
3549 1272 3684 1345 ἀρε-

2092 1363 2193 1432 τῆς
2229 1361 2461 1429 ἐνδόξου.
2491 1361 2677 1415 Ταῦτα
2702 1362 2879 1415 πάντα
2912 1363 3040 1416 ὃταν
3074 1364 3155 1426 είς
3196 1362 3295 1435 τὴν
3326 1364 3552 1436 καρδίαν
3583 1382 3680 1419 σου

2094 1454 2290 1527 ἀναϐῇ,
2324 1454 2558 1523 γίνωσκε
2579 1456 2662 1508 ὅτι
2693 1457 2723 1509 6
2772 1454 3001 1525 ἄγγελος
3032 1455 3133 1525 τῆς
3162 1455 3507 1529 δικαιοσύνης
3537 1457 3683 1527 μετά

2096 1546 2189 1599 σοῦ
2220 1550 2357 1601 ἐστι.
2388 1548 2576 1620 Τούτῳ
2601 1545 2693 1601 οὖν
2738 1548 2961 1602 πίστευε
2999 1547 3091 1601 καὶ
3124 1551 3238 1612 τοῖς
3274 1548 3456 1621 ἔργοις
3484 1551 3679 1618 αὐτοῦ,

2094 1641 2188 1694 καὶ
2216 1639 2490 1712 ἐγκρατὴς
2518 1639 2683 1693 αὐτοῦ
2710 1638 2889 1709 γενοῦ.
2916 1640 3058 1711 Ὅρα
3079 1634 3172 1693 οὖν
3200 1640 3294 1694 καὶ
3319 1640 3410 1694 τοῦ
3440 1642 3680 1711 ἀγγέλου

2092 1731 2191 1801 τῆς
2222 1731 2485 1803 πονηρίας
2508 1729 2577 1783 τὰ
2605 1730 2761 1802 ἔργα.
2794 1732 3017 1803 Πρῶτον
3050 1732 3266 1787 πάντων
3290 1733 3536 1804 ὀξύχολός
3555 1736 3681 1791 ἐστι

417 1830 750 1898 ascenderit,
782 1847 849 1886 ex
877 1830 1136 1901 operibus
1165 1831 1286 1900 ejus
1332 1833 1652 1903 cognoscito
1687 1833 1861 1887 illum.
1901 1832 1980 1887 Ait

2093 1823 2186 1877 καὶ
2214 1821 2411 1895 πικρὸς
2438 1822 2532 1876 καὶ
2562 1823 2773 1895 ἄφρων,
2808 1823 2904 1876 καὶ¹
2941 1822 3010 1877 τά
3052 1822 3190 1896 ἔργα
3230 1824 3395 1878 αὐτοῦ
3437 1827 3676 1898 πονηρὰ,

418 1921 502 1976 illi
528 1921 639 1978 dux
662 1921 969 1977 Antiochus
999 1940 1014 1976 :
1050 1921 1169 1987 Quo
1201 1933 1382 1992 pacto,
1412 1924 1654 1989 domine,
1688 1940 1983 1995 agnoscam

417 2013 602 2085 ipsum
626 2014 841 2085 ignoro,
867 2015 971 2069 nisi
999 2015 1109 2071 tuis
1132 2015 1376 2071 ediscam
1403 2016 1608 2073 verbis.
1643 2008 1877 2087 Reponit
1907 2017 1985 2071 illi

413 2104 746 2176 episcopus:
777 2104 920 2160 Audi
952 2106 1264 2177 singulatim
1293 2114 1348 2162 et
1376 2113 1619 2164 attentus
1671 2118 1815 2164 esto.
1846 2107 1985 2164 Cum

414 2206 470 2254 te
489 2198 742 2269 quaedam
773 2198 1062 2253 iracundia
1091 2199 1323 2264 invadit,
1362 2207 1459 2255 aut
1492 2200 1822 2268 amaritudo,
1870 2201 1985 2272 jam

412 2288 556 2345 scito
581 2289 639 2345 in
666 2297 722 2346 te
766 2290 920 2345 illum
954 2305 1096 2347 esse.
1124 2290 1263 2349 Hinc
1294 2300 1598 2348 nascuntur
1625 2292 1986 2364 plurimorum

417 2393 643 2450 operum
690 2379 994 2445 desideria,
1047 2382 1508 2452 concupiscentiae
1558 2383 1698 2437 varii
1746 2390 1801 2439 et
1848 2383 1985 2438 lauti

412 2472 800 2543 cibi,crapul:e
820 2473 1028 2539 multae,
1053 2474 1280 2531 minime
1299 2476 1723 2546 congruentium
1756 2475 1986 2531 alimen-

409 2568 635 2629 torum;
665 2563 955 2620 mulierum
983 2565 1204 2636 cupido,
1232 2565 1482 2631 avaritia,
1514 2565 1770 2636 superbia
1788 2605 1803 2631 ,
1829 2580 1984 2620 arro-

409 2655 617 2726 gantia,
648 2664 704 2710 et
722 2666 1062 2727 quaecunque
1084 2656 1171 2712 his
1201 2656 1422 2712 similia.
1470 2655 1597 2712 Haec
1638 2656 1823 2728 itaque
1848 2657 1896 2713 si
1926 2657 1984 2712 in

410 2761 508 2802 cor
533 2753 689 2802 tuum
722 2747 1096 2812 ascenderint,
1151 2748 1292 2804 scito
1333 2747 1691 2818 malignitatis
1731 2748 1983 2819 angelum

410 2838 470 2894 in
502 2847 557 2895 te
606 2854 751 2897 esse.
783 2838 1009 2897 Gnarus
1039 2855 1169 2911 ergo
1219 2839 1340 2909 ejus
1367 2855 1620 2910 operum,
1650 2839 1883 2896 abscede
1914 2839 1983 2894 ab

407 2931 528 2997 illo,
556 2947 660 2988 nec
693 2932 971 2990 ullatenus
1012 2933 1092 2988 illi
1142 2932 1375 2989 credito.
1418 2931 1500 2986 En
1540 2932 1639 2988 tibi
1692 2934 1983 3004 utriusque

409 3025 589 3096 angeli
608 3040 777 3097 opera
811 3041 918 3082 :ea
958 3027 1270 3097 intelligito.
1306 3026 1423 3081 Hoc
1450 3027 1673 3097 quidem
1714 3032 1801 3081 est
1844 3040 1985 3095 prae-

407 3128 625 3187 ceptum
655 3119 724 3175 de
752 3119 1013 3190 operibus
1038 3118 1186 3187 ﬁdei,
1222 3128 1282 3175 ut
1321 3120 1498 3189 angeli
1531 3118 1760 3189 iustitiae
1795 3117 1981 3187 operi-

2088 1915 2530 1987 καταστρέφοντα
2563 1918 2689 1979 τοὺς
2723 1915 2941 1980 δούλους
2976 1916 3071 1970 τοῦ
3123 1915 3281 1972 Θεοῦ.
3320 1919 3488 1973 Ὅταν
3510 1920 3679 1985 αὐτὸς

2087 2006 2180 2059 ἐπὶ
2227 2006 2325 2077 τὴν
2366 2008 2592 2077 καρδίαν
2627 2025 2720 2061 σου
2762 2009 2959 2081 ἀναϐῇ,
3004 2008 3174 2078 γνῶθι
3214 2011 3379 2067 αὐτὸν
3424 2012 3520 2065 ἐπὶ
3562 2013 3679 2067 τῶν

2086 2097 2263 2170 ἔργων
2304 2097 2488 2153 αὐτοῦ.
2538 2099 2699 2168 Λέγει
2750 2100 2898 2171 αὐτῷ
2938 2102 2966 2154 6
3008 2101 3134 2168 δοὺξ
3170 2103 3479 2175 Ἀντίοχος·
3523 2105 3674 2171 Πῶς,

2086 2190 2263 2263 κύριε,
2291 2192 2468 2263 νοήσω
2504 2192 2698 2258 αὐτόν;
2730 2193 2843 2246 Οὐκ
2866 2193 3188 2265 ἐπίσταμαι,
3214 2196 3308 2249 ἐὰν
3337 2196 3412 2268 μὴ
3437 2196 3683 2268 διδαχθῶ

2085 2284 2225 2339 κατά
2252 2283 2429 2353 λόγον.
2461 2285 2623 2355 Λέγει
2645 2285 2793 2356 αὐτῷ
2820 2287 2849 2339 ὁ
2880 2286 3212 2352 ἐπίσκοπος*
3247 2289 3447 2342 ’Δκουε
3479 2288 3678 2345 λεπτο-

2087 2377 2267 2450 μερῶς
2298 2377 2391 2432 καὶ
2425 2376 2747 2450 [προσεχὴς]
2778 2379 2950 2448 γίνου.
2978 2380 3147 2435 Ὅταν
3192 2380 3444 2453 ὀξυχολία
3476 2381 3560 2435 σοί
3586 2399 3677 2447 τις

2083 2469 2376 2542 προσέλθῃ,
2405 2469 2439 2541 ἢ
2465 2471 2679 2543 πικρία,
2714 2471 2951 2540 γίνωσκε
2979 2472 3062 2526 ὅτι
3099 2473 3263 2537 αὐτός
3295 2475 3444 2528 ἐστιν
3469 2476 3530 2529 ἐν
3559 2474 3673 2529 σοίο

2083 2556 2203 2615 εἷτα
2230 2560 2414 2616 λοιπὸν
2442 2562 2731 2633 ἐπιθυμίαι
2773 2564 3026 2636 πράξεων
3073 2565 3283 2621 πολλῶν
3311 2567 3405 2620 καὶ
3441 2567 3677 2622 πολυτὲ-

2082 2652 2200 2708 λεια
2227 2654 2537 2726 ἐδεσμάτων
2562 2658 2655 2710 καὶ
2695 2657 3016 2729 κραιπαλῶν
3049 2657 3260 2712 πολλῶν
3292 2659 3388 2713 καὶ
3410 2659 3678 2715 ποικίλων

2080 2745 2298 2816 τροφῶν
2328 2747 2424 2800 καὶ
2448 2747 2508 2800 οὐ
2541 2747 2794 2812 δεόντων,
2824 2749 2918 2803 καὶ
2949 2749 3238 2822 ἐπιθυμίαι
3267 2752 3543 2820 γυναικῶν
3573 2754 3675 2808 καὶ

2081 2836 2404 2904 πλεονεξίαι,
2450 2839 2798 2912 ὑπερηφανία
2846 2858 2905 2894 τε
2947 2843 3040 2895 καὶ
3082 2841 3390 2911 ἀλαζονεία,
3432 2847 3528 2900 καὶ
3567 2847 3675 2901 ὅσα

2078 2929 2290 2994 τούτοις
2320 2932 2699 3004 παραπλήσια.
2742 2932 2929 2987 Ταῦτα
2963 2931 3054 2989 οὖν
3086 2936 3214 2989 ὅταν
3253 2937 3348 2990 ἐπὶ
3384 2938 3485 3009 τὴν
3528 2956 3673 3011 καρ-

2080 3022 2199 3076 δίαν
2234 3041 2328 3077 σου
2371 3025 2543 3097 ἀναϐῇ
2570 3064 2585 3090 ,
2629 3025 2863 3094 γίνωσκε
2891 3027 2974 3080 ὅτι
3007 3029 3036 3081 6
3086 3026 3315 3097 ἄγγελος
3356 3029 3456 3100 τῆς
3499 3046 3677 3101 πονη-

2084 3114 2206 3186 ρίας
2244 3115 2393 3169 ἐστὶν
2425 3117 2484 3172 ἐν
2534 3117 2636 3171 σοί.
2677 3119 2750 3172 Σὺ
2795 3115 2909 3183 οὖν,
2942 3121 3199 3189 ἐπιγνοὺς
3235 3120 3304 3175 τὰ
3335 3121 3474 3194 ἔργα
3501 3122 3679 3176 αὐτοῦ

407 3208 517 3264 bus
541 3211 761 3275 credas,
800 3225 975 3282 eaque
1006 3226 1132 3266 cum
1175 3211 1475 3282 perfeceris
1504 3211 1618 3267 Deo
1648 3212 1819 3276 vivas,
1848 3210 1979 3281 quia

2088 3207 2292 3260 ἀπόστα
2330 3207 2425 3262 ἀπ’
2469 3209 2655 3275 αὐτοῦ,
2683 3211 2777 3264 καὶ
2814 3212 2980 3283 μηδὲν
3021 3213 3170 3284 αὐτῷ
3208 3214 3451 3268 πίστευε.
3482 3214 3675 3286 Ἔχεις

409 3298 493 3352 illi
519 3300 693 3370 gloria
725 3300 785 3355 in
813 3300 1033 3356 saecula.
1056 3300 1249 3356 Amen.

2079 3292 2172 3351 οὖν
2199 3298 2525 3372 ἀμφοτέρων
2560 3300 2671 3355 τῶν
2716 3303 2965 3373 ἀγγέλων
3006 3305 3109 3371 τὰς
3153 3306 3467 3379 ἐνεργείας·
3511 3309 3676 3374 σύνες

406 3393 604 3457 αὐτάς.
624 3394 762 3466 Περὶ
792 3395 890 3465 μὲν
924 3393 1034 3448 τῶν
1065 3395 1241 3467 ἔργων
1263 3397 1362 3468 τῆς
1385 3396 1621 3460 πίστεως
1655 3394 1794 3468 αὕτη
1825 3394 1973 3448 ἐστὶν
2010 3393 2045 3463 ή
2071 3389 2280 3461 ἐντολὴ,
2307 3391 2394 3445 ἵνα
2415 3395 2527 3458 τοῖς
2555 3393 2738 3465 ἔργοις
2758 3395 2852 3449 τοῦ
2876 3397 3110 3467 ἀγγέλου
3173 3400 3272 3471 τῆς
3325 3398 3678 3473 δικαιοσύνης

407 3486 725 3559 πιστεύσῃς,
765 3487 860 3542 καὶ
905 3489 1278 3561 ἐργασάμενος
1325 3490 1465 3545 αὐτά
1506 3491 1677 3563 ζήσῃς
1712 3490 1791 3562 τῷ
1836 3488 1981 3560 Θεῷ-
2025 3489 2107 3542 ὅτι
2134 3485 2285 3557 αὐτῷ
2314 3489 2347 3559 ἡ
2381 3486 2509 3553 δόξα
2536 3490 2617 3554 εις
2638 3490 2767 3555 τοὺς
2801 3491 3022 3559 αἰῶνας.
3065 3494 3260 3566 Ἀμήν.

1494 3604 1785 3674 Septimum
1817 3602 2152 3668 mandatum,
2192 3601 2353 3656 timor
2381 3602 2501 3658 Dei.

477 3718 530 3775 7.
561 3704 860 3796 Postquam
888 3730 1078 3801 autem
1095 3725 1301 3797 precati
1336 3732 1465 3783 sunt
1496 3744 1510 3781 :
1547 3724 1881 3789 Memineris,
1900 3724 1977 3780 ait

402 3812 717 3887 episcopus,
750 3832 836 3873 me
867 3817 925 3873 in
953 3819 1132 3889 primo
1176 3819 1436 3876 mandato
1476 3819 1805 3892 praecepisse
1852 3817 1971 3884 tibi,

402 3907 472 3963 de
503 3906 630 3973 ﬁde,
663 3908 732 3965 de
759 3909 976 3978 timore,
1005 3910 1073 3967 de
1094 3913 1477 3983 temperantia.
1506 3912 1707 3979 Etiam,
1730 3910 1970 3977 domine,

400 3999 685 4069 respondit
738 4001 849 4057 ille.
895 3999 1017 4056 Iam
1054 4018 1206 4067 vero,
1262 4003 1459 4075 inquit,
1499 4003 1628 4059 audi
1684 4002 1975 4073 septimum

401 4076 823 4150 mandatum\de
855 4093 1074 4149 timore.
1110 4093 1265 4151 Time
1297 4094 1591 4151 Dominum
1633 4101 1687 4150 et
1717 4092 1976 4148 mandata

399 4183 522 4254 ejus
554 4185 810 4249 observa,
842 4195 898 4243 et
942 4188 1053 4244 eris
1078 4196 1274 4258 potens
1322 4203 1510 4258 opere,
1540 4201 1789 4258 opusque
1818 4194 1972 4240 tuum

398 4274 845 4348 incomparabile.
879 4279 1166 4336 Dominum
1201 4282 1248 4337 si
1298 4281 1516 4346 timeas,
1551 4281 1732 4335 omnia
1772 4278 1972 4335 ellicies

400 4368 566 4424 bona.
594 4370 694 4426 Hic
717 4371 809 4428 ille
828 4373 995 4430 timor
1030 4382 1115 4430 est
1144 4391 1254 4446 quo
1277 4375 1454 4431 teneri
1492 4384 1546 4431 te
1576 4380 1812 4445 oportet.
1841 4373 1970 4427 Dia-

2153 3721 2205 3774 7.
2235 3722 2346 3775 Kal.
2373 3719 2686 3793 εὐξαμένων
2712 3723 2913 3789 αὐτῶν,
2938 3723 3086 3794 λέγει
3111 3722 3261 3795 αὐτῷ
3288 3725 3318 3777 6
3344 3724 3677 3793 ἐπίσκοποςο

2080 3815 2395 3886 Μέμνησαι,
2429 3816 2510 3871 ὃτι
2546 3816 2628 3880 εἰς
2662 3816 2761 3889 τὴν
2793 3816 3015 3889 πρώτην
3058 3816 3281 3888 ἐντολὴν
3308 3816 3675 3890 ἐνετειλάμην

2082 3922 2164 3959 σοι
2202 3907 2330 3977 περὶ
2380 3907 2616 3971 πίστεως
2659 3908 2771 3979 (55)
2819 3909 2915 3964 καί⁹
2965 3908 3130 3977 φόϐου
3179 3908 3275 3962 καὶ
3311 3908 3671 3981 ἐγκρατείας.

2098 3999 2396 4070 Ἀπεκρίθη
2416 4016 2430 4029 ’
2471 4000 2600 4063 Ναὶ,
2644 4000 2823 4072 κύριε.
2856 4001 3019 4070 Λέγει
3062 4000 3212 4072 αὐτῷ
3235 4017 3249 4031 ⁸
3285 4000 3400 4055 Νῦν
3429 4001 3675 4057 ἄκουσον

2082 4091 2181 4161 τῆς
2204 4090 2438 4162 ἑϐδόμης
2468 4091 2704 4163 ἐντολῆς,
2736 4093 2866 4164 περὶ
2893 4092 2988 4146 τοῦ
3014 4092 3202 4162 φόϐου.
3236 4092 3407 4147 Φοϐοὕ
3437 4094 3531 4147 τὸν
3557 4093 3679 4148 Κύ-

2084 4197 2218 4251 ριον,
2246 4182 2341 4234 καὶ
2373 4183 2615 4252 φύλασσε
2652 4183 2752 4248 τὰς
2783 4183 3006 4248 ἐντολὰς
3037 4183 3224 4250 αὐτοῦ,
3254 4185 3349 4239 καὶ
3375 4183 3474 4257 ἔσῃ
3504 4185 3678 4240 δυνα-

2077 4274 2171 4337 τὸς
2202 4274 2260 4328 ἐν
2288 4275 2503 4347 πράξει,
2540 4277 2633 4330 καὶ
2672 4277 2706 4348 ἡ
2737 4275 2937 4349 πρᾶξίς
2982 4294 3076 4331 σου
3114 4277 3444 4350 ἀσύγκριτος
3483 4276 3668 4333 ἔσται.

2076 4367 2414 4439 Φοϐούμενος
2446 4369 2537 4422 τὸν
2573 4369 2800 4440 Κύριον,
2833 4372 3012 4424 πάντα
3044 4368 3185 4423 καλά
3223 4368 3452 4440 ἐργάσῃ.
3489 4361 3675 4434 Οὗτός

399 4462 587 4519 bolum
622 4481 692 4521 ne
726 4467 860 4523 time
879 4466 1011 4538 quia
1042 4467 1127 4524 vis
1156 4469 1211 4522 in
1242 4483 1308 4523 eo
1331 4467 1504 4533 nulla,
1536 4483 1642 4523 nec
1667 4465 1969 4522 formidan-

2088 4462 2222 4513 ἐστιν
2262 4462 2290 4514 6
2315 4460 2479 4529 φόϐος
2512 4460 2575 4513 ὃν
2608 4461 2690 4514 δεῖ
2715 4478 2775 4513 σε
2821 4460 3154 4531 φοϐηθῆναι·
3185 4460 3277 4513 τὸν
3303 4458 3549 4513 διάϐολον
3582 4460 3671 4533 μὴ

397 4547 502 4606 dus
521 4557 624 4607 est.
649 4552 751 4608 Cui
784 4554 870 4609 vis
891 4554 1035 4610 inest
1060 4555 1345 4624 praeclara,
1370 4556 1462 4611 ille
1482 4554 1778 4611 timendus.
1805 4553 1971 4621 Quis-

396 4640 521 4709 quis
548 4641 695 4696 enim
729 4644 840 4697 vim
864 4651 920 4699 et
943 4651 1270 4715 potestatem
1300 4645 1485 4710 habet,
1516 4647 1607 4702 ille
1651 4644 1971 4701 formidabi-

395 4726 465 4783 lis
497 4747 511 4784 :
547 4729 642 4800 qui
678 4732 886 4786 nullam
918 4734 1027 4788 vim
1069 4741 1242 4800 tenet,
1278 4735 1367 4791 hic
1404 4738 1741 4808 contemptui
1785 4736 1967 4792 omni-

394 4820 501 4877 bus
533 4830 636 4879 est.
672 4821 878 4881 Servus
926 4823 1145 4882 Domini
1191 4827 1349 4884 fortis
1391 4838 1477 4884 est
1517 4836 1571 4884 et
1608 4828 1745 4883 nihil
1790 4828 1967 4886 timet.

394 4909 552 4968 Time
579 4930 711 4986 ergo
742 4914 1035 4973 Dominum
1064 4925 1118 4974 et
1149 4919 1229 4974 illi
1256 4919 1428 4987 vives,
1463 4935 1691 4977 servans
1712 4920 1967 4976 mandata

392 5003 515 5074 ejus
538 5007 595 5060 in
626 5008 847 5063 saecula.

2079 4549 2340 4622 φοϐηθῇς,
2374 4551 2454 4604 ὅτι
2481 4550 2711 4622 δύναμις
2743 4553 2801 4603 ἐν
2828 4549 2977 4620 αὐτῷ
3006 4550 3111 4606 οὐκ
3134 4550 3300 4615 ἐστιν,
3324 4549 3446 4603 οὐδὲ
3469 4547 3669 4619 φόϐος.

2090 4641 2179 4695 Ἐν
2288 4642 2346 4696 δέ
2386 4645 2419 4713 ὴ
2451 4641 2682 4714 δύναμις
2803 4641 3029 4706 ἔνδοξος,
3067 4642 3161 4694 καὶ
3194 4640 3356 4709 φόϐος
3385 4641 3444 4694 ἐν
3484 4639 3667 4710 αὐτῷ.

2077 4733 2194 4798 Πᾶς
2224 4734 2334 4806 γὰρ
2378 4735 2408 4787 6
2444 4733 2672 4804 δύναμιν
2714 4732 2853 4803 έχων
2893 4732 2987 4785 καὶ
3030 4731 3194 4800 φόϐον
3231 4729 3380 4802 ἔχει·
3421 4732 3450 4783 6
3484 4731 3543 4783 δὲ
3580 4732 3668 4804 μὴ

2076 4824 2216 4896 ἔχων
2247 4825 2476 4898 δύναμιν
2502 4826 2608 4879 ὐπὸ
2638 4825 2855 4878 πάντων
2893 4825 3334 4895 καταφρονεῖται.
3378 4822 3436 4875 Ἰ)
3470 4821 3667 4888 δοῦλος

2073 4910 2166 4971 οὖν
2203 4915 2298 4969 τοῦ
2323 4916 2531 4989 Κυρίου
2561 4915 2779 4986 ἰσχυρός
2811 4917 2929 4968 ἐστι
2951 4915 3046 4969 καὶ
3077 4911 3355 4985 [ἔνδοξος].
3381 4911 3665 4984 Φοϐήθητι

2071 5002 2163 5061 οὖν
2184 5007 2275 5061 τὸν
2289 5006 2514 5078 Κύριον,
2532 5007 2625 5060 καὶ
2646 5006 2784 5077 ζήσῃ
2806 5004 2975 5079 αὐτῷ,
3005 5004 3293 5074 φυλάσσων
3318 5003 3418 5070 τὰς
3434 5004 3666 5071 ἐντολὰς

2062 5097 2229 5151 αὐτοῦ
2267 5098 2348 5162 εἰς
2380 5099 2509 5160 τοὺς
2535 5095 2760 5159 αἰῶνας.

1347 5208 1508 5281 205
1550 5210 1808 5266 Octavum
1838 5209 2170 5278 mandatum,
2201 5212 2266 5266 de
2288 5208 2626 5265 abstinentia.

461 5319 515 5372 8.
545 5316 615 5373 Et
642 5327 930 5392 postquam
965 5322 1125 5378 ambo
1169 5323 1373 5394 precati
1419 5330 1568 5390 sunt,
1612 5324 1691 5381 ait
1726 5324 1806 5379 illi
1844 5327 1960 5396 epi-

391 5422 593 5477 scopus
651 5432 662 5465 :
710 5412 854 5466 Audi
918 5428 1136 5485 quoque
1178 5423 1431 5471 octavum
1471 5422 1831 5487 praeceptum,
1889 5416 1958 5472 de

389 5500 741 5559 abstinentia.
782 5506 972 5578 Cogita
1011 5508 1249 5579 duplicis
1277 5524 1401 5566 esse
1433 5509 1647 5580 generis
1675 5508 1956 5565 abstinen-

378 5638 382 5665 ⁵
427 5732 435 5735 Α
461 5652 571 5735 (ὄρ)
603 5654 703 5713 Hic
729 5658 898 5714 multa
933 5638 1259 5718 omittuntur
1285 5678 1406 5735 quae
1434 5663 1685 5735 leguntur
1713 5664 1768 5735 in
1792 5663 1830 5718 1,
1861 5662 1962 5735 pa.

388 5732 569 5803 storis,
593 5736 646 5782 et
670 5744 942 5803 qutemox
965 5742 1288 5803 sequuntur,
1303 5732 1409 5788 ’δύο
1424 5732 1559 5789 εἰσὶν
1599 5733 1837 5803 ἄγγελοι,
1874 5733 1962 5789 ha-

389 5792 588 5851 bentur
612 5792 752 5868 apud
786 5792 1133 5859 Antiochum.

2135 5328 2188 5380 8.
2221 5324 2330 5395 (56)
2358 5324 2467 5376 Καὶ
2484 5322 2795 5392 εὐξαμένων
2814 5319 3014 5380 αὐτῶν,
3040 5319 3187 5388 λέγει
3206 5316 3352 5387 αὐτῷ
3379 5318 3408 5370 6
3430 5319 3660 5374 ἐπίσκο-

2068 5434 2168 5481 πος
2186 5434 2199 5448 ·
2221 5417 2421 5469 ’Ἄκουε
2446 5415 2541 5468 καὶ
2566 5413 2667 5483 τῆς
2684 5412 2873 5483 ὀγδόης
2897 5411 3117 5483 ἐντολῆς
3139 5412 3650 5483 περὶέγκρατείας.

2062 5508 2272 5580 Νόησον
2311 5507 2393 5561 ὅτι
2441 5507 2476 5577 ἡ
2506 5506 2801 5578 ἐγκράτεια
2828 5503 2990 5575 διπλῆ
3026 5504 3163 5558 ἐστι.
3195 5503 3315 5556 Ἐπί
3349 5520 3512 5558 τινων
3540 5503 3657 5576 γὰρ

2140 5660 2251 5734 (55)
2276 5660 2493 5718 Hermae
2520 5659 2836 5716 mandatum
2856 5659 3178 5730 septimum;
3202 5657 3458 5714 Antioch.
3494 5656 3651 5715 hom.

2069 5730 2259 5874 12ἷέἶϐ)
2292 5801 2502 5860 Hermae
2536 5800 2777 5859 mandat.
2814 5801 2871 5858 8.
2904 5800 3161 5858 Antioch.
3194 5799 3342 5856 hom.
3380 5797 3464 5854 l9.
