3860 6200
164 247 274 316 865

1184 261 1531 321 DOCTRINA
1573 268 1664 323 AD
1703 266 2111 327 ANTIOCHUM
2147 239 2402 328 DUCEM.

3313 272 3416 332 566

168 382 249 435 δεῖ
279 399 339 434 σε
368 382 813 455 ὲγκρατεύεσθαι,
849 384 941 438 ἐπί
971 401 1133 440 τινων
1169 385 1227 439 δὲ
1257 387 1318 440 οὐ
1347 387 1442 446 δεῖ,
1476 389 1549 442 Τὸ
1579 407 1743 463 πονη-

1871 391 1999 446 iam.
2040 391 2088 446 A
2115 392 2442 464 quibusdam
2481 351 2638 448 enim.
2677 392 2971 459 abstinere,
3022 407 3053 448 a
3088 389 3418 464 quibusdam

177 474 272 545 ρὸν
323 474 754 548 ἐγκρατεύεσθαι
800 475 898 530 καὶ
928 476 1002 548 μὴ
1041 479 1212 529 ποιεῖν
1245 477 1356 549 (57)
1404 480 1560 533 οιὺτὸ⁹
1599 479 1661 533 τὸ
1691 481 1748 535 δὲ

175 565 381 633 ἀγαθὸν
415 567 489 638 μὴ
540 567 896 637 ὲγκρατεύου,
927 568 1061 622 ἀλλὰ
1097 569 1240 622 ποίει
1273 571 1420 624 αὑτό.
1450 572 1646 625 ’Λκουε
1693 572 1749 648 δὲ

173 659 545 730 λεπομερῶς.
564 661 725 729 Λέγει
747 660 896 732 αὑτῷ
911 662 939 714 ὁ
955 662 1222 732 Ἀντίοχος
1241 679 1254 692 °
1281 663 1409 727 Ναὶ,
1425 664 1616 735 δέομαί
1634 682 1748 729 σου,

174 751 354 804 πάντα
380 769 469 820 μοι
488 751 840 824 λεπτομερῶς
864 752 1102 824 δήλωσον
1118 771 1131 783 ·
1159 753 1241 806 ὅτι
1266 754 1521 808 οὐδέποτε
1544 757 1751 827 ἥκουσα

169 841 413 895 τοιοῦτον
447 842 600 912 λόγον
635 845 908 915 σωτηρίας
942 843 1336 908 καθοπλίζοντα
1361 846 1453 899 τὸν
1469 847 1751 920 ἄνθρωπον

172 932 315 985 κατὰ
347 932 526 1004 πάσης
550 934 799 1004 μηχανῆς
822 934 913 987 τοῦ
931 933 1197 990 διαϐόλου.
1217 935 1314 989 Διὰ
1341 936 1497 990 τοῦτο
1523 937 1753 1008 ἐποίησα

171 1027 269 1078 καὶ
292 1025 385 1078 τὸν
417 1027 658 1098 νοτάριόν
685 1044 785 1097 μου
815 1028 994 1080 πᾶσαν
1022 1029 1121 1100 τὴν
1153 1028 1358 1094 ἔνδοξον
1380 1030 1475 1081 καὶ
1501 1030 1753 1100 ἐνάρετον

170 1117 377 1188 ταύτην
404 1117 624 1188 διδαχὴν
653 1117 881 1190 γράψαι.
914 1120 1075 1188 Λέγει
1100 1123 1128 1172 ὁ
1152 1121 1479 1183 ἐπίσκοπος·
1521 1121 1754 1191 Ἐγκρα-

172 1209 333 1263 τεύου
361 1210 468 1263 ἀπὸ
507 1211 688 1280 πάσης
739 1211 1023 1284 πονηρίας,
1074 1212 1181 1265 ἀπὸ
1221 1211 1587 1283 μεθύσματος,
1635 1213 1756 1266 ἀνο-

178 1300 329 1370 μίας,
363 1301 470 1352 άπὸ
506 1302 714 1372 τρυφῆς
749 1303 1011 1372 πονηρᾶς,
1063 1301 1172 1354 ἀπὸ
1209 1302 1516 1372 ἐδεσμάτων
1547 1302 1756 1356 πολλῶν

175 1391 274 1443 καὶ
308 1389 635 1454 πολυτελῶν,
664 1390 918 1455 πλούτου,
943 1391 1281 1462 καυχήσεως,
1313 1391 1757 1465 ὑψηλοφροσύνης

174 1485 274 1536 καὶ
322 1483 698 1554 ὑπερηφανίας
736 1484 830 1536 καὶ
866 1482 1091 1554 ψεύδους
1131 1485 1226 1537 καὶ
1275 1485 1606 1549 καταλαλιάς
1664 1488 1758 1540 καὶ

179 1575 525 1646 ὑποκρίσεως
573 1576 666 1629 καὶ
715 1577 1078 1648 μνησικακίας
1137 1577 1232 1630 καὶ
1270 1581 1451 1650 πάσης
1517 1579 1757 1650 βλασφη-

1849 499 1962 539 non
2009 485 2284 541 abstinere
2320 485 2593 540 convenit.
2629 484 2675 539 A
2714 485 2857 539 malo
2889 483 3269 540 abstinendum
3315 497 3419 540 nec

1849 575 2120 647 agendum
2165 575 2297 631 illud
2344 585 2448 641 est,
2496 576 2714 648 abono
2748 575 2971 631 minime
3012 574 3416 634 abstinendum.

1848 667 1988 722 Audi
2014 683 2176 738 porro
2201 667 2534 739 singulatim.
2558 667 2658 724 Cui
2689 667 2991 723 Antiochus
3025 683 3040 720 :
3069 665 3202 734 lmo,
3235 680 3420 736 quaeso

1850 769 1907 817 te
1945 761 2126 816 omnia
2172 761 2486 830 singulatim
2541 759 2817 831 expendas
2874 775 2886 810 :
2943 773 3222 828 nunquam
3271 758 3419 814 enim

1852 861 1961 906 tam
2006 852 2310 907 salutarem
2369 851 2552 904 audivi
2613 864 2945 914 sermonem,
3001 848 3094 918 qui
3147 847 3419 903 hominem

1853 942 2022 998 armis
2062 942 2289 997 instruit
2329 941 2592 997 adversus
2625 941 2878 1012 quaelibet
2903 940 3116 998 diaboli
3141 938 3404 997 machina-

1851 1042 2054 1090 menta.
2094 1033 2436 1106 QuaprOpter
2471 1033 2611 1103 jussi
2651 1033 2925 1088 notarium
2967 1047 3148 1087 meum
3192 1031 3422 1102 pracla-

1854 1143 1970 1180 ram
1996 1135 2051 1182 et
2077 1127 2295 1182 virtutis
2327 1127 2642 1197 magistram
2669 1127 2812 1180 hanc
2839 1126 3143 1183 doctrinam
3171 1123 3422 1179 conscri-

1853 1220 2002 1275 bere.
2055 1219 2145 1273 Ait
2193 1220 2482 1289 episcopus
2538 1239 2550 1273 :
2597 1218 2834 1274 Abstine.
2876 1219 2946 1272 ab
2987 1217 3134 1272 omni
3180 1215 3420 1280 malitia,

1854 1312 2153 1376 ebrietate,
2197 1311 2516 1381 iniquitate,
2575 1326 2742 1380 prava
2796 1311 3102 1381 voluptate,
3159 1323 3192 1363 a
3238 1308 3426 1364 multis

1857 1403 2132 1472 lautisque
2179 1402 2341 1466 cibis,
2399 1416 2431 1454 a
2467 1402 2694 1466 divitiis,
2741 1417 2772 1456 a
2815 1401 3104 1472 jactantia,
3147 1400 3426 1471 superbia,

1857 1494 2204 1564 arrogantia,
2267 1492 2593 1557 mendacio,
2641 1492 3076 1559 obtrectatione,
3123 1490 3426 1562 hypocrisi,

1858 1586 2182 1656 injuriarum
2227 1584 2633 1646 recordatione,
2679 1592 2732 1638 et
2765 1585 2835 1639 ab
2870 1585 3020 1640 omni
3064 1581 3426 1652 blasphemia.
3484 1607 3489 1614 ο

181 1669 315 1738 μίας
338 1669 472 1738 (58).
510 1669 696 1724 Ταῦτα
727 1668 797 1722 τὰ
823 1668 958 1741 ἔργα
1005 1668 1219 1740 πονηρά
1259 1671 1374 1723 ἐστι
1413 1673 1477 1742 τῇ
1506 1671 1616 1743 ζωῇ
1649 1671 1757 1726 τῶν

1871 1675 1984 1731 Haec
2025 1675 2166 1732 facta
2218 1676 2339 1730 vitae
2382 1673 2848 1746 hominum_mala
2889 1681 3057 1739 sunt;
3095 1671 3164 1728 ab
3203 1670 3289 1728 his
3336 1671 3430 1726 Dei

180 1760 512 1833 ἀνθρώπων.
536 1761 754 1815 Τούτων
778 1756 870 1814 οὖν
898 1760 1007 1814 τῶν
1033 1761 1206 1832 ἔργων
1233 1762 1312 1815 δεῖ
1332 1763 1757 1834 ὲγκρατεύεσθαι

1871 1782 2078 1822 servum
2126 1766 2398 1821 abstinere
2436 1772 2652 1836 oportet
2681 1784 2694 1820 :
2725 1779 2851 1820 nam
2886 1764 2980 1835 qui
3021 1763 3088 1819 ab
3120 1761 3434 1820 istiusmodi

177 1855 273 1906 τὸν
309 1853 493 1906 δοῦλον
509 1853 602 1906 τοῦ
629 1852 786 1907 Θεοῦ.
817 1852 874 1905 '0
900 1852 1007 1924 γάρ
1039 1852 1112 1924 μὴ
1139 1853 1600 1924 ἐγκρατευόμενος
1632 1853 1757 1906 τού-

179 1963 291 1998 ἰ’ων
316 1947 378 1998 οὑ
400 1945 615 1998 δύναται
649 1943 809 2014 ζῆσαι
840 1944 918 2015 τῷ
938 1943 1077 2014 Θεῷ.
1106 1945 1302 1997 Ἀκουε
1338 1945 1394 1997 δὲ
1425 1946 1518 1997 καὶ
1541 1945 1608 1999 τά
1628 1946 1758 1998 ἀκό-

178 2034 352 2087 λουθα
376 2034 598 2087 τούτων.
619 2034 778 2103 Λέγει
804 2033 832 2085 ό
855 2033 978 2100 sese,
1011 2033 1278 2103 Ἀντίοχος
1297 2049 1311 2064 ·
1346 2034 1467 2088 Ἔτι
1490 2033 1598 2106 γὰρ
1617 2073 1632 2098 ,
1663 2035 1760 2088 κύ-

185 2144 291 2199 ριε,
317 2127 528 2198 πονηρά
553 2127 689 2180 εἰσιν
713 2125 848 2197 ἔργα
868 2143 882 2192 ;
904 2125 1064 2193 Λέγει
1084 2125 1232 2197 αὑτῷ
1254 2128 1282 2179 ὁ
1309 2125 1628 2190 ἐπίσκοπος
1651 2128 1762 2181 Καὶ

183 2217 359 2272 πολλά
405 2220 540 2272 εἰσιν
569 2219 661 2286 ἀφ’
699 2211 774 2270 ὧν
806 2217 886 2270 δεῖ
926 2217 1016 2270 τὸν
1041 2216 1224 2271 δοῦλον
1261 2217 1356 2271 τοῦ
1394 2218 1526 2272 Θεοῦ
1557 2221 1761 2292 ἐγκρα-

181 2307 459 2371 τεύεσθαι,
500 2308 695 2389 κλοπὴ,
726 2307 936 2377 ψεῦδος,
966 2309 1349 2380 άποστέρησις,
1380 2309 1760 2385 ψευδομαρτυ-

187 2400 302 2471 ρία,
339 2399 639 2466 πλεονεξία,
670 2398 954 2463 ἀλαζονεία
999 2402 1092 2454 καὶ
1123 2401 1223 2455 ὅσα
1254 2402 1464 2468 τούτοις
1487 2404 1667 2475 ὃμοια.
1699 2407 1763 2459 Εἰ

184 2495 246 2546 οὑ
268 2494 416 2546 δοκεῖ
436 2510 514 2546 σοι
535 2491 746 2564 πονηρά
767 2489 907 2545 εἶναι
929 2492 1103 2547 ταῦτα
1123 2510 1137 2560 ;
1157 2495 1455 2567 Ἀπεκρίθη
1472 2513 1486 2526 ο
1511 2497 1621 2551 Καὶ
1645 2497 1764 2551 λίαν

188 2585 407 2657 πονηρὰ
435 2587 548 2648 τοῖς
584 2585 788 2648 δούλοις
819 2584 912 2637 τοῦ
941 2584 1096 2637 Θεοῦ.
1124 2584 1288 2654 Λέγει
1316 2586 1468 2657 αὐτῷ
1492 2589 1520 2641 ὁ
1548 2588 1768 2642 ἐπίσκο-

189 2693 318 2738 πος·
367 2675 756 2747 Ἐγκρατεῦσαι
783 2671 876 2728 οῦν
905 2676 1012 2730 ἀπὸ
1037 2676 1250 2731 πάντων
1289 2677 1514 2745 τούτων,
1555 2679 1642 2732 ἵνα
1667 2678 1767 2752 ζή-

190 2785 292 2842 σῃς
321 2769 400 2840 τῷ
431 2769 550 2839 Θεῷ
582 2771 676 2822 καὶ
699 2771 1023 2843 ὲγγραφήοῃ
1051 2769 1189 2839 μετὰ
1215 2768 1325 2823 τῶν
1365 2771 1768 2843 ἐγκρατευομέ-

189 2876 318 2910 νων.
347 2861 413 2910 "A
437 2860 534 2928 μὲν
555 2854 646 2912 οῦν
677 2860 758 2913 δεῖ
786 2859 1234 2934 ὲγκρατεύεσθαι,
1257 2861 1430 2914 ταῦτά
1452 2862 1598 2916 ἐστιν
1617 2878 1631 2892 ·
1655 2861 1692 2915 ἃ
1713 2860 1770 2914 δὲ

189 2951 272 3003 δεῖ
301 2968 359 3003 σε
384 2951 458 3022 μὴ
483 2952 928 3024 ἐγκρατεύεσθαι,
946 2952 1079 3006 ἀλλὰ
1100 2956 1294 3017 ποιεῖν,
1320 2952 1482 3006 ἄκουε
1502 2970 1516 2982 ο
1545 2953 1769 3007 Πάντων

190 3043 410 3143 πρῶτον
451 3045 654 3143 πίστις,
690 3045 852 3143 φόϐος
883 3046 1108 3118 Κυρίου,
1149 3047 1390 3117 ὁμόνοια,
1431 3045 1640 3117 ἀγάπη,
1677 3047 1770 3118 ρή-
1797 3085 1839 3143 C

196 3151 346 3204 ματα
367 3135 734 3204 δικαιοσύνης,
758 3133 1004 3208 ἀλήθεια,
1023 3137 1290 3208 ὑπομονὴ.
1309 3135 1527 3190 Τούτων
1554 3134 1770 3204 άγαθώμ

192 3242 350 3295 τερον
380 3226 532 3278 οὐδέν
561 3228 707 3280 ἐστιν
735 3229 794 3280 ὲν
825 3231 891 3300 τῇ
926 3227 1038 3300 ζωῇ
1082 3227 1190 3281 τῶν
1221 3227 1542 3300 ἀνθρώπων.
1587 3226 1770 3280 Ταῦτα

193 3318 290 3370 ὲάν
306 3335 392 3381 τις
414 3318 662 3390 φυλάσσῃ
688 3320 870 3392 καὶμὴ
898 3319 1297 3391 ὲγκρατεύηται
1321 3319 1430 3391 (59)
1453 3321 1547 3373 ἀπ’
1571 3318 1770 3383 αὐτῶν,

200 3410 473 3481 μακάριός
507 3413 653 3464 ἐστιν
683 3414 741 3465 ὲν
773 3414 840 3483 τῇ
883 3410 994 3483 ζωῇ
1034 3412 1219 3467 αὑτοῦ.
1273 3408 1408 3467 Εἶτα
1447 3414 1652 3466 τούτων
1703 3412 1772 3466 τὰ

195 3501 468 3554 ἀκόλουθα
488 3501 650 3555 ἄκουε
671 3520 683 3533 ·
708 3505 880 3575 χήρας
900 3504 1191 3575 ὑπηρετεῖν
1210 3505 1304 3558 καὶ
1325 3505 1591 3576 ὀρφανοὺς
1620 3506 1776 3558 ὑστε-

200 3594 498 3664 ρουμένους
544 3593 984 3660 ἐπισκέπτεσθαι,
1016 3595 1074 3662 ἐξ
1110 3596 1355 3666 ἀνάγκης
1396 3594 1774 3667 λυτρώσασθαι

195 3686 325 3747 τοὺς
356 3683 575 3748 δούλους
595 3685 689 3738 τοῦ
715 3685 871 3749 Θεοῦ,
904 3685 1174 3756 φιλόξενον
1197 3683 1334 3740 εἶναι
1362 3688 1442 3758 (ὲν
1463 3687 1570 3757 γάρ
1592 3689 1657 3758 τῇ
1689 3705 1778 3757 φι-

196 3775 412 3848 λοξενίᾳ
445 3777 756 3848 εὑρίσκεται
789 3777 1224 3850 άγαθοποίησις),
1254 3778 1475 3849 ἡσύχιον
1499 3775 1659 3846 εἶναι,
1690 3780 1777 3832 ὲν·-

195 3868 483 3939 δεέστερον
525 3869 795 3937 γενέσθαι,
827 3869 1005 3923 πάντα
1029 3869 1313 3942 ἄνθρωπον
1345 3869 1658 3942 πρεσϐύτην
1686 3869 1777 3922 σέ-

200 3958 414 4024 ϐεσθαι,
456 3962 641 4014 ἀσκεῖν
681 3961 1044 4034 δικαιοσύνην,
1089 3962 1426 4033 ἀδελφότητα
1474 3964 1776 4032 συντηρεῖν,

201 4051 362 4122 ὕϐριν
396 4053 707 4124 ὑποφέρειν,
773 4055 1122 4125 μακρόθυμον
1163 4051 1332 4119 εἷναι,
1384 4053 1778 4125 άμνησίκακον,

201 4144 516 4214 κάμνοντας
563 4147 629 4215 τῇ
662 4145 806 4217 ψυχῇ
861 4146 1218 4217 παρακαλεῖν,
1264 4145 1781 4216 ὲσκανδαλισμένους

200 4234 314 4288 ἀπὸ
342 4236 444 4306 τῆς
476 4235 711 4299 πίστεως
748 4236 822 4308 μὴ
872 4237 1260 4303 άποϐαλέσθαι,
1295 4237 1409 4290 ἀλλ’
1434 4237 1782 4308 ἐπιστρέφειν

203 4327 302 4381 καὶ
323 4326 596 4398 εὑθύμους
629 4331 821 4393 ποιεῖν,
856 4330 1268 4401 ἁμαρτάνοντας
1291 4329 1578 4393 νουθετεῖν,
1605 4327 1778 4400 χρεώ-

1860 1872 1970 1910 non
2018 1856 2421 1927 temperaverit,
2471 1870 2582 1910 non
2631 1864 2811 1925 potest
2857 1855 3040 1911 vivere
3097 1853 3230 1910 Deo.
3291 1852 3434 1908 Audi

1859 1949 2024 2004 etiam
2069 1962 2191 2018 qum
2251 1956 2682 2016 consequuntur.
2739 1945 2975 2001 Plurane
3030 1951 3162 2000 sunt
3219 1942 3430 2008 adhuc,

1861 2040 2103 2103 domine,
2127 2040 2201 2093 ait
2231 2038 2342 2093 dux
2366 2038 2690 2102 Antiochus,
2716 2037 2859 2092 mala
2879 2035 3436 2109 opera?qlmo.multa,

1860 2130 2077 2206 reponit
2115 2130 2429 2200 episcopus,
2467 2142 2496 2181 a
2522 2127 2722 2198 quibus
2755 2125 2851 2182 Dei
2895 2142 3112 2182 servum
3159 2124 3436 2182 abstinere

1861 2229 2123 2292 oportet;
2190 2221 2420 2285 furtum,
2464 2219 2834 2283 mendacium,
2885 2216 3177 2284 fraudatio,
3235 2215 3433 2271 falsum

1863 2314 2267 2378 testimonium,
2318 2311 2577 2376 avaritia,
2621 2311 2965 2382 arrogantia,
3007 2317 3062 2365 et
3098 2323 3438 2381 quaecunque

1864 2405 1952 2460 his
1990 2404 2209 2460 similia.
2245 2404 2329 2458 An
2368 2419 2477 2458 non
2519 2403 2616 2458 tibi
2657 2403 2772 2462 haec
2806 2403 2948 2461 mala
2978 2401 3233 2457 videntur
3275 2399 3439 2455 esse?

1863 2495 1977 2551 lmo
2035 2494 2326 2549 admodum
2381 2493 2565 2558 mala,
2621 2494 2869 2562 reponit,
2921 2491 3016 2547 Dei
3085 2491 3279 2548 servis.
3345 2491 3438 2543 Ait

1867 2588 1946 2642 illi
1995 2587 2284 2658 episcopus
2328 2604 2342 2640 :
2373 2585 2603 2641 Abstine
2645 2585 2815 2657 igitur
2845 2585 2914 2638 ab
2952 2584 3038 2640 bis
3072 2584 3348 2645 omnibus,
3379 2590 3440 2635 ut

1865 2678 2018 2734 vivas
2041 2677 2172 2743 Deo,
2198 2685 2253 2733 et
2282 2678 2336 2730 in
2360 2676 2544 2731 album
2567 2673 2810 2731 ell‘eraris
2836 2689 2958 2729 cum
2987 2673 3436 2744 temperantibus.

1868 2768 1995 2824 Haec
2036 2769 2219 2840 itaque
2258 2777 2386 2823 sunt
2431 2783 2463 2822 a
2508 2767 2708 2839 quibus
2746 2774 3052 2835 temperare
3091 2770 3326 2834 Oportet.
3365 2763 3441 2817 Ea

1870 2872 2052 2917 autem
2101 2877 2132 2915 a
2183 2861 2380 2932 quibus
2433 2874 2545 2914 non
2588 2866 2914 2928 temperare,
2973 2857 3066 2912 sed
3115 2871 3234 2928 quae
3265 2855 3443 2910 facere

1870 2962 2107 3026 oportet,
2141 2969 2261 3025 quae
2303 2957 2414 3009 sint
2460 2951 2586 3007 audi
2629 2971 2643 3006 :
2683 2950 2924 3010 Primum
2967 2951 3241 3014 omnium,
3286 2948 3441 3016 lldes;

1869 3045 1999 3101 hinc
2026 3049 2190 3101 timor
2222 3044 2458 3111 Domini,
2490 3044 2803 3111 concordia,
2847 3043 3088 3099 charitas
3107 3082 3123 3107 ,
3152 3041 3317 3096 verba
3351 3041 3445 3110 ju-

1872 3139 2055 3206 stitiae,
2087 3138 2310 3203 veritas,
2347 3137 2631 3209 patientia.
2675 3135 2774 3193 His
2801 3136 2939 3191 nihil
2981 3135 3347 3206 praestabilius
3385 3133 3453 3190 in.

1871 3232 2160 3289 hominum
2192 3231 2323 3287 vita.
2369 3230 2496 3287 Haec
2532 3231 2580 3288 si
2609 3230 2734 3303 quis
2769 3227 3086 3294 servaverit,
3116 3242 3219 3283 nec
3251 3227 3322 3282 ab
3357 3225 3447 3284 his

1873 3322 2212 3393 temperarit,
2250 3322 2444 3378 beatus
2481 3329 2568 3377 est
2609 3321 2666 3374 in
2706 3319 2818 3376 vita
2859 3333 2979 3374 sua.
3009 3316 3148 3372 Hinc
3191 3332 3313 3392 quae
3356 3332 3446 3374 se?

1875 3422 2118 3486 quuntur
2147 3413 2358 3470 audias.
2381 3411 2574 3469 Viduis
2604 3411 2777 3468 ollicia
2806 3410 3141 3483 impendere,
3172 3409 3450 3479 orphanos

1873 3516 2097 3580 egentes
2129 3522 2343 3574 curare,
2389 3520 2578 3562 servos
2626 3503 2724 3560 Dei
2763 3519 2830 3560 ex
2856 3502 3127 3574 angustiis
3156 3501 3444 3563 redimere,

1874 3599 2205 3670 hospitalem
2229 3613 2372 3663 esse,
2402 3597 2459 3652 in
2491 3596 2859 3668 hospitalitate
2895 3594 3093 3670 quippe
3126 3591 3448 3652 beneficium

1876 3692 2148 3764 reperitur
2189 3711 2203 3747 :
2250 3689 2539 3762 paciﬁcum
2585 3702 2730 3753 esse,
2773 3685 3040 3757 frugalem
3088 3700 3232 3749 esse,
3263 3697 3449 3739 senem

1879 3783 2176 3855 quemlibet
2217 3781 2498 3838 hominem
2535 3778 2808 3844 venerari,
2853 3777 3125 3849 justitiam
3170 3789 3449 3838 exercere,

1878 3875 2274 3932 fraternitatem
2298 3887 2646 3938 conservare,
2669 3871 3052 3927 contumeliam
3078 3867 3240 3934 ferre,
3271 3881 3454 3937 aequa-

1877 3970 2091 4025 nimum
2149 3982 2314 4033 esse,
2365 3965 2692 4036 iniuriarum
2758 3964 3160 4025 immemorem,
3225 3958 3452 4013 aﬂliCtos

1879 4058 2175 4126 consolari,
2217 4073 2313 4114 eos
2357 4057 2453 4128 qui
2503 4057 2650 4112 circa
2700 4055 2858 4111 ﬁdem
2902 4051 3255 4110 odensionem
3303 4048 3456 4120 passi

1881 4157 2012 4208 sunt
2036 4165 2146 4205 non
2179 4148 2501 4221 repudiare,
2533 4147 2629 4204 sed
2661 4147 2945 4212 reducere,
2983 4152 3038 4200 et
3087 4144 3232 4198 bono
3270 4141 3456 4196 animo

1881 4259 2008 4300 esse
2049 4259 2281 4307 curare,
2321 4249 2613 4313 peccantes
2656 4240 2969 4302 admonere,
3016 4237 3292 4292 debitores
3343 4249 3457 4289 non

1884 4340 2152 4398 atterere,
2201 4347 2412 4403 egenos
2455 4345 2568 4385 non
2607 4329 2968 4393 contristare,
3027 4333 3082 4381 et
3122 4326 3170 4382 si
3215 4339 3322 4395 qua
3369 4323 3457 4381 his

206 4437 342 4484 στας
373 4419 448 4491 μὴ
484 4419 703 4485 θλίϐειν,
750 4420 946 4485 ἐνδεεῖς
976 4421 1049 4493 μὴ
1082 4423 1270 4475 λυπεῖν
1321 4422 1414 4475 καὶ
1455 4423 1555 4475 ὅσα
1578 4421 1768 4485 τούτοις

1887 4424 2106 4480 similia.
2145 4423 2232 4477 An
2277 4422 2375 4479 tibi
2406 4421 2671 4476 videntur.
2695 4419 2814 4474 haec
2839 4432 2962 4474 esse
3005 4415 3186 4472 bona?
3225 4413 3459 4485 Reponit

205 4513 370 4583 ὅμοιά
397 4515 537 4567 ἐστι.
565 4515 721 4566 Δοκεῖ
751 4531 832 4568 σοι
861 4513 1034 4568 ταῦτα
1058 4514 1241 4582 ἀγαθά
1277 4510 1450 4581 εἷναις
1491 4515 1786 4588 ’Δπεκρίθη

205 4605 236 4656 ὁ
265 4605 562 4675 Ἀντίοχος·
596 4606 660 4657 Τί
691 4607 820 4678 γὰρ,
859 4605 1037 4677 κύριε,
1073 4606 1293 4660 δύναται
1336 4606 1539 4661 τούτων
1568 4605 1787 4676 ἀγαθώ-

205 4714 366 4767 τερον
395 4695 565 4765 εἴναι;
593 4698 754 4766 Λέγει
779 4697 974 4768 αὑτῷὸ
1001 4699 1324 4762 ἐπίσκοποςο
1355 4697 1604 4767 Γύμναζε
1633 4714 1790 4751 σεαυ-

205 4787 299 4842 τὸν
323 4789 383 4840 ἐν
415 4788 647 4852 τούτοις,
690 4791 784 4843 καὶ
831 4790 906 4861 μὴ
939 4788 1270 4860 ἐγκρατεύου
1297 4789 1536 4854 πάντων,
1572 4789 1668 4842 καὶ
1696 4790 1790 4860 ςή-

211 4896 326 4944 σεις
352 4880 430 4952 τῷ
456 4881 574 4951 Θεῷ
593 4883 673 4946 εἰς
707 4881 832 4945 τοὺς
852 4882 1074 4946 αἰῶνας.
1108 4882 1296 4953 Ἀμήν.

1888 4513 2192 4569 Antiochus
2225 4531 2240 4566 :
2276 4511 2440 4578 Quid,
2470 4525 2678 4581 quaeso,
2709 4507 2946 4575 domine,
2981 4506 3083 4563 his.
3109 4505 3458 4578 praestantius

1889 4623 2015 4662 esse
2068 4605 2280 4675 possit?
2321 4603 2412 4658 Ait
2457 4603 2538 4657 illi
2587 4601 2882 4672 episcopus
2935 4619 2948 4654 :
3001 4596 3062 4653 In
3112 4598 3211 4654 his‘
3240 4605 3296 4652 te
3343 4596 3459 4665 ipse

1889 4711 2171 4763 exerceas,
2215 4709 2394 4764 neque
2441 4693 2508 4748 ab
2549 4691 2806 4748 omnibus
2849 4697 3170 4761 temperato,
3215 4696 3270 4744 et
3311 4687 3460 4743 vives

1889 4787 2001 4844 Deo
2024 4787 2080 4843 in
2108 4786 2328 4843 saecula.
2361 4785 2555 4839 Amen.

1130 5017 1349 5072 Nonum
1382 5017 1716 5081 mandatum,
1749 5013 1990 5071 dubietas
2017 5014 2184 5069 animi
2206 5012 2440 5068 vitanda.

282 5135 334 5189 9.
372 5134 483 5206 (60)
514 5135 624 5188 Καὶ
659 5136 968 5206 εὐξαμένων
1003 5133 1178 5189 αὑτῶν
1197 5133 1435 5198 ἀναστάς
1457 5134 1602 5202 λέγει
1629 5136 1656 5187 ό
1677 5132 1786 5186 ἐπί-

217 5239 448 5290 σκοπος·
489 5228 686 5280 Ἀκουε
745 5229 840 5281 καὶ
876 5227 1080 5297 ταύτην
1127 5223 1207 5278 ἐτι
1262 5225 1362 5296 τὴν
1403 5223 1746 5278 διδασκαλίαν
1769 5239 1782 5252 ·

219 5318 356 5374 πάνυ
387 5319 497 5390 γὰρ
531 5319 804 5396 ὠφέλιμός
829 5320 996 5374 ἐστιν.
1027 5313 1199 5390 *Αρον
1229 5317 1337 5373 ἀπὸ
1363 5316 1457 5374 σοῦ
1500 5315 1600 5392 τὴν
1631 5314 1784 5384 διφυ-

287 5499 404 5571 (57)
450 5499 703 5572 lntinitivi
735 5504 890 5572 ὲγκρ.
920 5509 974 5556 et
1017 5503 1191 5554 ποιεῖν
1234 5497 1441 5554 nemini
1485 5495 1774 5553 oﬂ‘ensioni

219 5570 389 5624 erunt
402 5570 939 5626 conferenti.NoL‘re.

288 5641 402 5712 (58)
439 5641 625 5710 Πάσης
644 5642 988 5714 βλασφημίας
1001 5641 1325 5712 exprimitur
1342 5638 1482 5710 apud
1511 5636 1783 5700 Hermam,

218 5711 362 5778 fama
386 5713 637 5778 pessima.

1959 5132 2014 5188 9.
2043 5131 2335 5202 Postquam
2360 5137 2538 5185 autem
2561 5136 2869 5192 uraverant,
2900 5139 3129 5196 surgens
3158 5122 3232 5177 ait
3248 5123 3462 5194 episco-
3515 5133 3526 5150 -‘

1894 5235 1997 5292 pus
2040 5235 2054 5270 :
2110 5217 2264 5273 Hanc
2316 5219 2447 5273 item
2494 5216 2797 5272 doctrinam
2849 5214 3121 5277 ausculta,
3171 5213 3464 5268 admodum

1895 5313 2039 5368 enim
2097 5319 2183 5385 est
2235 5310 2404 5367 utilis.
2464 5307 2803 5365 Dubietatem
2852 5305 3021 5363 animi
3059 5305 3304 5371 elimina,
3363 5319 3465 5363 seu

1955 5495 2068 5568 (59)
2098 5494 2291 5568 Vulgo,
2323 5493 2579 5564 pessime,
2612 5491 2870 5562 φυλάσσει
2911 5499 2967 5546 et
3014 5482 3478 5560 ὲγκρατεῡεσθαι..

1894 5565 2324 5705 ΝΟἴδἛἨοηηω
2352 5634 2592 5689 mandat.
2627 5632 2678 5689 9.
2714 5632 2966 5690 Antioch.
2994 5631 3138 5686 hom.
3167 5629 3288 5692 85.x
