3860 6200
409 191 519 250 567

1534 203 1594 260 Β.
1632 202 2094 264 ATHANASIUS.
2133 238 2205 249 —
2235 207 2508 266 SPURIA.

3539 218 3655 274 568

412 327 691 398 nunquam
724 313 941 372 haesites
969 316 1242 388 quidpiam
1270 333 1300 372 a
1329 317 1439 376 Deo
1469 324 1765 392 postulare,
1796 326 1982 384 dicens

2091 328 2226 400 χίαν,
2251 331 2344 384 καὶ
2385 333 2609 402 μηδενὸς
2631 332 2768 397 ὅλως
2808 332 3109 407 διψυχήσῃς
3139 336 3461 408 αἰτήσασθαι
3495 338 3652 412 παρὰ

410 394 468 490 i‘n
514 409 802 480 temetipso
849 429 862 464 :
911 411 1051 478 Quid
1099 429 1126 466 a
1163 413 1393 470 Domino
1433 420 1709 488 postulare
1747 422 1977 491 possim,

411 488 541 554 cum
584 507 735 553 tanta
773 501 1036 560 adversus
1079 520 1202 560 eum
1247 518 1467 576 peccata
1513 511 1869 567 admiserim?
1903 513 1982 571 Ne

411 588 528 643 haec
573 591 756 644 animo
785 608 972 649 verses
1004 613 1018 661 ;
1052 596 1147 651 sed
1187 612 1252 652 ex
1284 608 1394 653 toto
1435 600 1600 655 corde
1627 609 1720 657 tuo
1751 619 1982 660 conver-

411 687 529 735 tere
557 682 622 736 ad
661 682 944 740 Dominum
972 727 986 751 ,
1030 695 1084 743 et
1118 689 1324 762 absque
1362 692 1473 746 ulla
1506 692 1848 751 haasitatione
1888 713 1982 765 po-

413 772 555 826 stula
588 774 656 828 ab
708 776 822 840 illo,
873 792 1244 849 agnoscesque
1290 797 1556 836 summam
1604 783 1726 853 ejus
1773 787 1984 841 miseri-

413 861 654 914 cordiam
681 880 696 929 ;
717 865 842 932 quia
867 873 919 920 te
943 883 1049 920 non
1074 867 1306 926 deseret.
1332 869 1427 925 sed
1451 871 1765 942 petitionem
1788 876 1983 931 animae

411 959 522 1006 tua}
553 955 861 1023 complebit.
893 955 1078 1028 Neque
1116 960 1261 1014 enim
1296 960 1439 1017 Deus
1467 971 1573 1028 est,
1618 973 1678 1020 ut
1711 965 1982 1033 homines,

414 1043 743 1112 iniuriarum
793 1063 1085 1114 memores,
1150 1051 1244 1106 sed
1301 1053 1586 1110 immemor
1637 1056 1980 1128 delictorum,

413 1135 687 1204 opiﬁcium
732 1139 1021 1193 miseratur
1062 1157 1245 1196 suum.
1279 1143 1459 1217 Purga
1494 1147 1680 1218 itaque
1703 1164 1800 1205 cor
1828 1158 1982 1205 tuum

414 1242 445 1280 a
476 1229 631 1282 vanis
679 1230 932 1286 omnibus
953 1233 1220 1302 ejusmodi
1245 1237 1460 1302 verbis,
1492 1255 1702 1294 necnon
1733 1257 1762 1296 a
1792 1258 1984 1314 supra-

414 1320 577 1374 dictis
615 1340 629 1377 :
667 1328 721 1376 et
767 1325 984 1392 postula
1023 1340 1054 1378 a
1084 1325 1336 1394 Domino,
1368 1331 1712 1402 accipiesque
1743 1351 1758 1400 ;
1800 1336 1984 1390 omnia

412 1413 686 1482 postulata
747 1413 1085 1484 impetrabis,
1145 1419 1274 1473 dum
1315 1421 1432 1476 sine
1486 1424 1594 1476 ulla
1646 1425 1984 1483 dubitatione

413 1504 798 1572 postulaveris.
838 1503 932 1560 Sin
964 1508 1020 1562 in
1051 1510 1215 1564 corde
1245 1517 1340 1565 tuo
1365 1513 1725 1580 dubitaveris,
1762 1517 1986 1572 nihilex

413 1596 703 1662 postulatis
743 1607 1054 1669 assequere.
1099 1601 1232 1656 Nam
1275 1604 1365 1673 qui
1411 1620 1534 1659 cum
1570 1605 1681 1662 Deo
1709 1608 1980 1674 haisitant,

2079 421 2173 474 τοῦ
2198 422 2331 476 Θεοῦ
2363 423 2534 492 λέγων
2563 428 2620 478 ἐν
2647 427 2842 496 ἐαυτῷ,
2885 428 2967 480 ὅτι
2997 429 3120 492 Πῶς
3159 430 3454 502 δυνήσομαι
3487 437 3651 504 αἰτή-

2082 513 2276 567 σασθαι
2309 515 2460 586 παρὰ
2489 515 2584 569 τοῦ
2616 518 2822 589 Κυρίου
2843 518 3026 571 λαϐεῖν
3049 520 3384 591 ἡμαρτηκὼς
3411 523 3653 578 τοσαῦτα

2081 606 2161 669 εἰς
2190 606 2352 659 αὐτόν
2378 623 2394 672 ;
2448 607 2539 680 Μὴ
2567 608 2865 676 διαλογίζου
2909 609 3101 675 ταῦτα,
3133 611 3248 664 ἀλλ’
3271 609 3330 676 ἐξ
3352 613 3478 684 ὅλης
3511 632 3656 686 καρ-

2079 697 2195 761 δίας
2218 717 2310 752 σου
2332 699 2655 770 ὲπίστρεψον
2687 701 2822 772 πρὸς
2847 701 3069 772 Κύριον,
3103 703 3196 756 καὶ
3223 703 3373 757 αἰτοῦ
3403 706 3528 774 παρ’
3546 706 3655 758 αύ-

2081 788 2175 840 τοῦ
2223 788 2580 853 άδιστάκτως,
2610 791 2696 843 καί
2733 789 2914 862 γνώσῃ
2965 791 3064 863 τὴν
3113 793 3654 866 πολυευσπλαγχνίαν

2082 879 2268 946 αὐτοῦ,
2287 882 2368 934 ὅτι
2387 883 2448 935 οὐ
2475 883 2547 953 μή
2583 899 2641 934 σε
2670 884 3038 955 ἐγκαταλείπῃ
3057 885 3341 956 (61),άλλά
3362 887 3423 940 τὺ
3441 889 3656 959 αἴτημα

2079 973 2180 1042 τῆς
2204 973 2380 1044 ψυχῆς
2403 991 2495 1027 σου
2529 974 2951 1047 πληροφορήσει.
2971 979 3085 1031 υύκ
3115 978 3227 1032 ἐστι
3248 979 3356 1052 γὰρ
3375 983 3402 1032 ὁ
3422 981 3552 1044 Θεὸς
3576 981 3657 1045 ὡς

2080 1064 2129 1117 οἱ
2162 1064 2433 1135 ἄνθρωποι
2463 1066 2940 1135 μνησικακοῦντες,
2955 1067 3066 1121 ἀλλ’
3089 1070 3251 1134 αὐτὸς
3275 1071 3658 1140 ἁμνησίκακός

2083 1157 2342 1210 ἐστι·καί
2387 1155 2804 1227 σπλαγχνίζεται
2845 1161 2938 1212 ἐπὶ
2976 1161 3075 1231 τὴν
3113 1162 3329 1232 ποίησιν
3369 1162 3552 1216 αὑτοῦ.
3578 1162 3654 1214 Σὺ

2081 1236 2174 1294 οὖν
2208 1241 2501 1314 καθάρισον
2533 1245 2630 1316 τὴν
2667 1245 2890 1316 καρδίαν
2917 1264 3010 1300 σου
3043 1249 3150 1302 ἀπὺ
3173 1251 3386 1303 πάντων
3415 1251 3520 1303 τῶν
3546 1268 3656 1320 μα-

2079 1331 2244 1387 ταίων
2274 1333 2500 1398 τούτων,
2534 1336 2628 1388 καὶ
2667 1336 2776 1389 τῶν
2803 1339 3212 1410 προειρημένων
3255 1358 3336 1394 σοι
3371 1342 3656 1412 ῥημάτων,

2081 1425 2176 1477 καὶ
2202 1425 2351 1479 αἰτοῦ
2386 1426 2537 1498 παρά
2561 1425 2654 1479 τοῦ
2690 1429 2916 1499 Κυρίου,
2945 1431 3038 1483 καὶ
3063 1429 3230 1503 λήψῃ,
3260 1431 3354 1484 καὶ
3382 1431 3489 1485 ἀπὸ
3517 1431 3660 1484 πάν-

2081 1533 2188 1569 των
2219 1517 2326 1570 τῶν
2365 1519 2682 1590 αἰτημάτων
2711 1538 2804 1574 σου
2835 1521 3131 1594 άστέρητος
3160 1523 3277 1596 ἔσῃ,
3307 1523 3402 1577 ἐὰν
3438 1523 3661 1576 άδιστά-

2083 1626 2225 1672 κτως
2243 1611 2492 1683 αἰτήσῃς.
2524 1613 2648 1668 Ἐὰν
2669 1614 2725 1668 δὲ
2745 1614 2999 1686 διστάσῃς
3017 1614 3123 1686 (62)
3143 1617 3200 1669 ἐν
3229 1619 3294 1687 τῇ
3321 1617 3514 1689 καρδίᾳ
3536 1634 3657 1681 σου,

414 1686 452 1740 ii
487 1696 616 1742 sunt
663 1691 844 1745 animo
891 1691 1080 1758 dubio,
1123 1694 1215 1764 qui
1257 1696 1393 1749 nihil
1429 1711 1655 1766 prorsus
1694 1699 1985 1770 impetrant

2091 1700 2234 1754 οὐδὲν
2262 1702 2323 1754 οὐ
2353 1701 2428 1773 μὴ
2455 1701 2598 1774 λήψῃ
2627 1703 2733 1758 τῶν
2763 1705 3078 1775 αἰτημάτων
3109 1723 3223 1759 σου.
3259 1686 3321 1758 Οἱ
3349 1686 3455 1777 γάρ
3479 1705 3661 1758 διστά-

412 1780 831 1848 postulatorum.
864 1781 966 1850 Qui
994 1793 1172 1838 autem
1197 1787 1392 1856 integri
1419 1797 1544 1842 sunt
1565 1789 1618 1842 in
1650 1789 1770 1855 ﬁde,
1803 1792 1836 1845 ii
1858 1807 1982 1847 cum

415 1871 616 1926 ﬁducia
642 1873 825 1927 omnia
848 1881 1038 1944 petunt
1067 1891 1098 1929 a
1125 1874 1256 1937 Deo.
1288 1878 1687 1950 accipiuntque,
1715 1883 1842 1952 quia
1866 1884 1985 1940 sine

415 1962 778 2028 dubitatione,
813 1981 913 2020 nec
940 1966 1224 2022 hzesitante
1253 1969 1436 2024 animo
1456 1972 1752 2040 postulant.
1795 1973 1983 2040 Quivis

414 2053 559 2108 enim
603 2056 766 2110 homo
809 2056 1086 2124 haesitans,
1114 2060 1276 2132 206
1305 2062 1406 2116 nisi
1439 2064 1744 2134 resipiscat,
1770 2066 1985 2123 diﬁicile

414 2145 649 2202 salutem
694 2158 1080 2218 consequetur.
1126 2150 1236 2205 Cor
1295 2151 1477 2222 itaque
1530 2162 1684 2209 tuum
1733 2172 1903 2229 purga
1952 2173 1984 2213 a

413 2241 775 2307 dubitatione,
823 2241 920 2300 sed
971 2241 1142 2301 indue
1187 2243 1370 2310 ﬁdem,
1413 2263 1534 2317 quae
1575 2249 1730 2305 ﬁrma
1772 2261 1877 2316 est,
1930 2259 1986 2307 et

413 2333 526 2388 Deo
556 2334 788 2401 conﬁde,
823 2336 970 2406 quod
1010 2340 1193 2394 omnia
1237 2339 1509 2410 postulata
1554 2349 1647 2396 tua
1689 2343 1767 2399 sis
1811 2345 1984 2415 impe-

415 2434 677 2482 traturus.
711 2427 864 2494 Quod
898 2429 946 2484 si
981 2430 1256 2501 quidpiam
1287 2447 1318 2486 a
1347 2431 1576 2490 Domino
1600 2449 1724 2490 cum
1751 2437 1989 2506 postula-

412 2519 580 2582 veris,
621 2535 731 2574 non
770 2520 1062 2592 impetres,
1103 2539 1172 2578 ne
1209 2523 1414 2580 idcirco
1455 2527 1636 2581 animo
1674 2525 1753 2584 sis
1797 2527 1984 2593 dubio,

413 2611 560 2681 quod
622 2613 818 2668 anima:
879 2622 987 2669 tua:
1047 2615 1363 2686 petitionem
1415 2619 1816 2688 quamprimum
1874 2634 1985 2674 non

417 2706 696 2774 acceperis
747 2723 760 2759 :
813 2723 941 2762 nam
985 2709 1071 2764 vel
1102 2710 1424 2766 tcntationis
1465 2711 1752 2781 cujusdam
1792 2726 1983 2777 causa,

357 2827 368 2835 -
415 2794 500 2851 .vel
529 2794 599 2850 ob
623 2809 811 2851 casum
837 2800 1123 2867 quemdam
1153 2800 1250 2854 tibi
1279 2801 1542 2872 ignotum,
1565 2817 1672 2857 non
1701 2804 1981 2874 accepisti.

413 2884 494 2943 Ne
515 2902 644 2959 ergo
677 2888 903 2945 deﬁcias
937 2892 1165 2958 orando,
1195 2893 1370 2950 donec
1410 2895 1604 2950 animae
1634 2903 1740 2951 tua:
1766 2899 1986 2968 petitio-

414 2994 538 3034 nem
597 2995 910 3051 assequare.
957 2983 1110 3050 Quod
1158 2986 1203 3040 si
1249 2987 1390 3042 inter
1423 2988 1711 3057 petendum
1745 2991 1983 3043 animum

2090 1791 2272 1855 ζοντες
2297 1795 2376 1857 εἰς
2396 1794 2486 1847 τὸν
2515 1794 2668 1856 Θεὸν,
2693 1790 2836 1850 οὗτοί
2874 1797 3009 1850 εἰσιν
3034 1797 3109 1860 ὼς
3133 1796 3363 1868 δίψυχοι,
3386 1797 3479 1850 καὶ
3506 1797 3662 1850 οὐδὲν

2089 1876 2224 1940 ὅλως
2247 1877 2580 1948 λαμϐάνουσι
2609 1879 2715 1932 τῶν
2740 1881 3056 1951 αἰτημάτων
3077 1880 3276 1935 αὐτῶν.
3303 1883 3365 1934 Ut
3392 1881 3447 1933 δὲ
3479 1881 3663 1934 ὁλοτε-

2088 1968 2200 2032 λεῖς
2227 1970 2376 2034 ὄντες
2400 1973 2458 2024 ἐν
2489 1973 2554 2042 τῇ
2584 1972 2763 2025 πίστει
2801 1974 2978 2028 πάντα
3021 1973 3294 2027 αἰτοῦνται
3339 1972 3663 2038 πεποιθότε

2091 2064 2183 2117 ἐπὶ
2231 2064 2321 2117 τὸν
2368 2063 2498 2116 Θεὸν
2540 2065 2632 2116 καὶ
2685 2064 3067 2135 λαμϐάνουσιν,
3101 2067 3185 2119 ὅτι
3214 2066 3546 2128 ἀδιστάκτως
3574 2066 3663 2119 αἱ·

2088 2154 2306 2208 τοῦνται
2341 2155 2505 2227 μηδὲν
2551 2156 2916 2227 διψυχοῦντες.
2958 2159 3072 2221 Πᾶς
3099 2157 3206 2227 γὰρ
3248 2158 3465 2228 δίψυχος
3495 2157 3660 2230 ἀνὴρ,

2091 2245 2185 2300 ἐὰν
2219 2246 2294 2318 μὴ
2334 2249 2658 2321 μετανοήσῃ,
2688 2248 2960 2312 δυσκόλως
2989 2249 3306 2321 σωθήσεται.
3348 2249 3660 2322 Καθάρισνν

2089 2331 2180 2389 οὖν
2213 2337 2311 2407 τὴν
2351 2337 2573 2409 καρδίαν
2609 2354 2700 2391 σου
2743 2339 2849 2392 ἀπὸ
2900 2341 2998 2409 τῆς
3029 2339 3277 2410 διψυχίας
3297 2335 3328 2370 ·”
3347 2339 3562 2394 ἔνδυσαι
3603 2339 3663 2393 δὲ

2089 2429 2188 2500 τὴν
2213 2430 2412 2492 πίστιν,
2447 2430 2528 2482 ὅτι
2555 2430 2748 2500 ἰσχυρά
2774 2432 2911 2495 ἐστι,
2941 2431 3034 2484 καὶ
3066 2431 3282 2485 πίστευε
3313 2431 3389 2502 τῷ
3417 2431 3555 2502 Θεῷ,
3578 2433 3661 2484 ὅτι

2091 2521 2267 2574 πάντα
2290 2520 2357 2574 τὰ
2377 2522 2654 2593 αἰτήματά
2689 2539 2801 2589 σου,
2823 2522 2858 2576 ἃ.
2883 2523 3028 2592 αἰτῇ,
3055 2522 3220 2594 λήψῃ.
3248 2523 3359 2576 Καὶ
3387 2522 3480 2576 ἐὰν
3500 2525 3624 2592 αἰτη
3639 2551 3661 2562 ο

2093 2613 2326 2682 σάμενός
2361 2631 2492 2667 ποτε
2527 2613 2678 2684 παρὰ
2726 2613 2821 2667 τοῦ
2847 2613 3051 2685 Κυρίου
3081 2614 3291 2685 αἴτημά
3318 2631 3370 2668 τι
3411 2615 3503 2666 καὶ
3557 2612 3662 2685 [μὴ

2091 2703 2391 2776 άπολήψῃ],
2445 2704 2519 2776 μὴ
2551 2704 2873 2780 διψυχήσῃς,
2909 2707 2990 2759 ὅτι
3023 2705 3206 2776 τάχιον
3237 2708 3338 2760 οὐκ
3378 2704 3566 2768 έλαδες
3599 2705 3663 2757 τὸ

2090 2798 2298 2868 αἴτημα
2325 2797 2427 2868 τῆς
2458 2797 2633 2869 ψυχῆς
2669 2815 2763 2852 σου
2786 2815 2800 2827 ·
2833 2797 3049 2862 πάντως
3099 2797 3208 2873 γάρ
3234 2797 3322 2851 διὰ
3354 2799 3664 2870 πειρασμόν

2090 2905 2210 2941 τινα
2241 2888 2273 2959 ἢ
2304 2888 2660 2958 παράπτωμά
2689 2906 2743 2942 τι
2783 2889 2813 2943 ὃ
2858 2891 2920 2944 σὺ
2947 2891 3180 2959 ἀγνοεῖς,
3212 2891 3313 2944 οὐκ
3341 2889 3549 2954 ἔλαϐες.
3588 2891 3664 2944 Σὺ

2089 2975 2182 3034 οὖν
2213 2979 2285 3049 μὴ
2315 2979 2566 3054 διαλίπῃς
2589 2980 2877 3051 εὐχόμενος
2898 2981 2958 3034 τὸ
2989 2980 3193 3052 αἴτημα
3216 2982 3312 3052 τῆς
3333 2981 3510 3052 ψυχῆς
3544 2999 3664 3045 σου,

417 3069 759 3141 despondeas
785 3080 839 3128 et
867 3073 1082 3130 dubites
1101 3117 1116 3140 ,
1145 3076 1380 3145 teipsum
1413 3078 1683 3142 incusato,
1721 3095 1829 3134 non
1858 3095 1983 3134 eum

2091 3072 2193 3136 ἕως
2213 3068 2274 3124 οὗ
2301 3052 2554 3146 ἀπολήψῃ
2581 3073 2728 3128 αὑτό.
2762 3074 2885 3126 Ἐὰν
2911 3073 2966 3126 δὲ
2996 3076 3307 3148 ἐκκακήσῃς
3331 3076 3424 3127 καὶ
3445 3074 3668 3145 διψυχή-

415 3163 508 3233 qui
563 3181 673 3220 non
731 3165 880 3221 dedit
948 3168 1303 3237 postulatum.
1379 3170 1522 3226 Cave
1590 3174 1772 3244 itaque
1844 3173 1986 3230 hanc

417 3255 584 3308 animi
629 3256 1048 3325 dubitationem,
1097 3274 1217 3328 quae
1266 3261 1410 3314 mala
1456 3261 1667 3316 scilicet
1703 3270 1807 3326 est,
1844 3264 1986 3318 mul-

418 3353 613 3416 tosque
659 3363 726 3402 ex
764 3347 868 3404 ﬁde
915 3349 1178 3406 radicitus
1225 3351 1429 3416 avellit,
1473 3352 1597 3408 licet
1645 3362 1770 3409 ante
1796 3355 1986 3409 admo-

418 3439 547 3493 dum
598 3439 782 3496 ﬁdeles
835 3441 1112 3512 fortesque
1161 3443 1382 3498 fuerint.
1419 3443 1553 3499 Eam
1599 3445 1988 3501 dubitationem

419 3531 474 3585 in
517 3533 761 3603 qualibet
803 3549 865 3590 re
917 3537 1273 3600 contemnito,
1321 3535 1546 3594 indutus
1597 3539 1887 3608 praevalida
1935 3546 1991 3594 et

419 3623 575 3679 ﬁrma
607 3625 729 3680 ﬁde.
762 3624 896 3680 Nam
941 3625 1072 3682 ﬁdes
1106 3627 1290 3682 omnia
1319 3628 1622 3698 promittit,
1655 3629 1838 3684 omnia
1865 3645 1990 3699 per-

421 3717 553 3771 licit.
601 3715 878 3772 Dubitatio
929 3733 1082 3781 vero,
1142 3734 1262 3788 quae
1301 3720 1436 3773 nihil
1487 3719 1680 3784 credit,
1737 3721 1990 3776 omnibus

421 3809 534 3864 suis
585 3807 789 3863 excidit
834 3809 1110 3880 operibus.
1152 3808 1230 3863 Tu
1277 3810 1460 3880 itaque
1501 3811 1735 3866 orationi
1767 3827 1988 3882 operam

419 3897 565 3964 dato,
593 3913 690 3968 per
722 3899 977 3954 virtutem
1010 3899 1152 3963 ﬁdei,
1184 3906 1237 3954 et
1272 3899 1379 3956 Deo
1403 3901 1574 3965 vives,
1605 3909 1768 3970 atque
1799 3915 1988 3956 omnes

419 3987 511 4056 qui
590 3987 1068 4058 (dubitationem)
1135 3989 1562 4059 contempserint
1640 3991 1694 4043 in
1766 3991 1987 4046 saecula.

419 4077 612 4134 Amen.

2091 3182 2192 3240 σῃς
2217 3164 2554 3236 αἰτούμενος,
2582 3165 2773 3219 ἑαυτὸν
2802 3165 2978 3229 αἰτιῶ,
3013 3169 3108 3220 καὶ
3133 3167 3206 3238 μὴ
3229 3168 3319 3220 τὸν
3356 3167 3430 3238 μὴ
3455 3167 3666 3220 διδόντα

2090 3245 2192 3308 σοὶ.
2221 3254 2389 3306 Βλέπε
2412 3249 2503 3308 οὖν
2521 3254 2616 3325 τὴν
2646 3253 2896 3325 διψυχίαν
2915 3255 3117 3326 ταύτην
3137 3273 3149 3285 ·
3173 3255 3382 3326 πονηρά
3413 3256 3519 3324 γάρ
3548 3258 3667 3309 ἐστι

2089 3346 2183 3400 καὶ
2215 3344 2468 3408 ἀσύνετος
2500 3347 2592 3399 καὶ
2640 3344 2864 3408 πολλοὺς
2902 3345 3109 3416 ἐκριζοῖ
3150 3346 3258 3416 (65)
3294 3345 3400 3400 ἀπὸ
3437 3347 3536 3416 τῆς
3583 3346 3674 3398 πί-

2095 3456 2285 3502 στεως,
2316 3438 2410 3491 καί
2441 3456 2503 3507 γε
2530 3437 2647 3491 λίαν
2689 3439 2912 3499 πιστοὺς
2945 3439 3040 3492 καὶ
3077 3439 3349 3511 ἰσχυρούς.
3377 3440 3672 3510 Καταφρό-

2093 3547 2256 3601 νησον
2285 3524 2377 3581 οὗν
2400 3529 2566 3598 αὐτῆς
2589 3530 2646 3582 ἐν
2672 3530 2832 3582 παντὶ
2863 3529 3165 3600 πράγματι,
3188 3531 3543 3600 ἐνδυσάμενος
3569 3530 3672 3601 τὴν

2094 3622 2276 3674 πίστιν
2307 3620 2402 3691 τὴν
2435 3620 2660 3692 ἰσχυρὰν
2693 3621 2785 3673 καὶ
2804 3621 3063 3693 δυνατήν’
3096 3625 3128 3694 ἡ
3159 3621 3265 3693 γάρ
3286 3622 3466 3686 πίστις
3492 3623 3672 3677 πάντα

2095 3713 2509 3782 ἐπαγγέλλεται,
2533 3713 2708 3767 πάντα
2735 3713 2931 3767 τελειοῖ
2950 3732 2964 3746 ’
2994 3717 3026 3785 ἡ
3055 3716 3111 3768 δὲ
3137 3715 3376 3785 διψυχία,
3403 3715 3476 3787 μὴ
3499 3733 3675 3770 κατα-

2096 3805 2426 3858 πιστεύουσα
2460 3806 2674 3877 ἑαυτὴν,
2711 3808 2925 3861 πάντων
2960 3809 3326 3878 ἀποτυγχάνει
3358 3809 3466 3862 τῶν
3493 3809 3673 3880 ἔργων

2097 3897 2286 3966 αὐτῆς,
2312 3891 2385 3950 ὧν
2414 3897 2666 3967 πράσσει.
2703 3899 2774 3950 Σὺ
2813 3895 2904 3953 οὖν
2933 3899 3148 3953 δούλευε
3181 3905 3245 3972 τῇ
3276 3903 3406 3972 εὐχῇ
3435 3917 3550 3965 σου,
3600 3906 3670 3974 τῇ

2095 3988 2322 4058 δυνάμει
2367 3989 2464 4058 τῆς
2493 3989 2748 4053 πίστεως,
2789 3991 2883 4044 καὶ
2918 3989 3058 4064 ζήσῃ
3086 3993 3162 4064 τῷ
3189 3993 3307 4065 Θεῷ
3338 3996 3432 4048 καὶ
3469 3995 3674 4057 πάντες

2097 4080 2145 4132 οἰ
2176 4083 2682 4152 καταφρονήσαντες
2707 4084 2784 4146 εἰς
2818 4085 2944 4148 τοὺς
2971 4083 3187 4148 αἰῶνας.
3229 4087 3420 4158 Ἀμήν.

1191 4199 1465 4254 Decimum
1486 4201 1820 4263 mandatum,
1853 4201 1996 4254 mala
2031 4200 2449 4268 concupiscentia
2473 4199 2820 4254 eliminanda.

490 4314 584 4369 10.
629 4316 766 4369 Cum
818 4315 1014 4370 iterum
1065 4326 1336 4381 orassent,
1389 4317 1464 4370 ait
1511 4318 1588 4371 illi
1631 4318 1921 4388 epis00pus
1966 4336 1980 4373 :

2160 4318 2244 4372 10.
2263 4317 2372 4386 (64)
2391 4318 2499 4370 Καὶ
2525 4317 2836 4386 εὐξαμένων
2853 4317 3051 4379 αὐτῶν,
3072 4317 3219 4384 λέγει
3239 4316 3387 4387 αὐτῷ
3409 4316 3678 4368 ὁέπίσκο-

423 4405 564 4459 Audi
601 4406 871 4460 decimum
901 4414 1228 4477 praeceptum
1260 4427 1274 4462 :
1300 4407 1468 4463 Aufer
1498 4424 1530 4462 a
1562 4415 1616 4462 te
1634 4424 1849 4463 omnem
1877 4424 1994 4463 ma-

424 4497 530 4548 lam
583 4496 956 4566 cupiditatem,
1009 4495 1282 4566 indueque
1337 4496 1535 4551 bonam
1597 4503 1651 4550 et
1711 4496 1993 4549 honestam

424 4587 776 4655 cupiditatem
827 4603 843 4640 :
888 4603 1010 4642 eam
1056 4603 1290 4658 namque
1339 4587 1586 4654 indutus,
1637 4588 1833 4641 malam
1868 4587 1997 4641 odio

425 4681 676 4738 habebis.
703 4682 840 4737 Fera
866 4682 1011 4738 enim
1039 4683 1310 4752 cupiditas
1352 4683 1406 4736 in
1442 4683 1558 4736 haec
1587 4680 1778 4735 incidit
1813 4679 1993 4747 mala;

427 4775 481 4827 in
515 4773 759 4829 dolorem
791 4788 900 4843 quo
931 4775 1013 4829 vir
1059 4774 1375 4843 imprudens
1404 4773 1792 4828 miserabiliter
1828 4771 1996 4826 absuv

424 4865 612 4919 mitur.
668 4863 995 4934 Hujusmodi
1045 4872 1225 4920 autem
1273 4864 1520 4919 homines
1548 4862 1788 4918 absumit
1815 4861 1994 4928 dolor,

426 4960 553 5028 quia
598 4957 917 5013 indumento
964 4964 1153 5013 carent
1198 4957 1354 5012 bonae
1395 4953 1732 5024 cupiditatis,
1766 4953 1862 5008 sed
1894 4948 1997 5007 h'oc

427 5049 627 5104 saeculo
693 5046 967 5102 commisti
1022 5053 1170 5102 sunt.
1241 5045 1351 5099 llos
1405 5046 1588 5114 itaque
1644 5043 1712 5098 ad
1765 5050 1996 5097 mortem

426 5141 611 5196 tradit.
646 5140 969 5211 Ecquaznam
1006 5139 1099 5193 illa
1131 5148 1279 5202 sunt,
1310 5138 1386 5192 ait
1419 5137 1743 5201 Antiochus,
1774 5137 1828 5189 in
1855 5135 2000 5190 mala

427 5233 744 5302 cupiditate,
769 5247 889 5301 quae
914 5231 1137 5285 tradunt
1171 5229 1418 5284 homines
1448 5227 1515 5281 ad
1547 5227 1822 5282 mortem?
1849 5225 1996 5280 indi-

428 5334 548 5377 cato
590 5324 721 5377 mihi
764 5331 823 5377 ut
861 5325 929 5378 ab
977 5324 1046 5378 iis
1087 5313 1506 5392 aufugiamfAit
1553 5321 1630 5374 illi
1661 5322 1993 5392 episcOpus:

430 5415 589 5472 Audi.
639 5415 883 5471 Primum
943 5415 1188 5471 omnium
1246 5413 1518 5485 cupiditas
1563 5415 1827 5482 mulieris,
1881 5421 1995 5468 tum

499 5553 611 5626 (ﬁt)
640 5553 836 5626 fulgo,
865 5553 1231 5626 ἐγκαταλίπῃ.
1254 5552 1465 5609 Noun.

502 5623 613 5693 (ϐξ)
640 5623 831 5696 Vulgo,
857 5623 1101 5696 διστάσῃ.
1147 5623 1224 5677 lo.

2097 4424 2215 4470 πος’
2255 4408 2452 4459 Ἀκουε
2492 4406 2584 4458 καὶ
2611 4407 2708 4474 τῆς
2729 4406 2957 4476 δεκάτης
2988 4406 3221 4475 ἐντολῆς·
3241 4401 3409 4476 τΑρον
3438 4403 3545 4456 ἀπὸ
3574 4402 3674 4455 σοῦ

2097 4501 2275 4552 πᾶσαν
2303 4497 2595 4568 ἐπιθυμίαν
2621 4498 2883 4569 πονηρὰν,
2913 4498 3122 4551 ἔνδυσαι
3142 4498 3237 4568 τὴν
3259 4495 3550 4565 ἐπιθυμίαν
3570 4495 3677 4564 τὴν

2098 4590 2328 4660 ἀγαθὴν,
2363 4590 2458 4643 καὶ
2481 4590 2683 4660 σεμνήν
2703 4606 2717 4620 ο
2742 4589 3089 4659 ἐνδεδυμένος
3114 4589 3220 4660 γὰρ
3249 4588 3346 4658 τὴν
3371 4586 3678 4656 ἐπιθυμίαν

2095 4681 2320 4753 ταύτην,
2351 4681 2600 4752 μισήσεις
2627 4681 2724 4749 τὴν
2751 4679 2994 4750 πονηρὰν
3021 4679 3332 4749 ἐπιθυμίαν.
3351 4677 3542 4748 Ἀγρία
3561 4677 3679 4746 γάρ

2096 4773 2363 4843 ἐπιθυμία
2391 4773 2472 4834 εἰς
2499 4771 2626 4824 τάδε
2654 4773 2970 4842 άνεμπεσεῖ,
2998 4772 3078 4834 εἰς
3110 4769 3284 4838 λύπην
3310 4769 3360 4839 (.
3396 4809 3408 4821 .
3442 4807 3456 4820 .
3485 4810 3498 4823 .
3538 4808 3551 4820 .
3577 4769 3678 4820 ἐὰν

2100 4867 2173 4938 μὴ
2202 4862 2259 4939 ᾖ)
2299 4864 2516 4929 συνετὸς
2545 4865 2846 4919 δαπανᾶται
2879 4865 2970 4916 ὑπ’
3004 4863 3172 4931 αὐτῆς
3209 4860 3416 4923 δεινῶς.
3445 4861 3680 4929 Δαπανᾷ

2097 4957 2153 5010 δὲ
2191 4956 2414 5019 τούτους
2461 4956 2535 5027 μὴ
2576 4955 2796 5025 ἔχοντας
2843 4953 3044 5024 ἔνδυμα
3092 4951 3384 5022 ἐπιθυμίας
3437 4949 3672 5020 ἀγαθῆς,

2097 5049 2210 5103 ἀλλ’
2248 5047 2701 5118 ἐμπεςρυρμένους
2746 5045 2823 5117 τῷ
2856 5045 3009 5099 αἰῶνι
3060 5044 3262 5113 τούτῳ·
3311 5043 3533 5104 τούτους
3577 5039 3677 5095 οὖν

2097 5142 2456 5212 παραδίδωσιν
2476 5142 2554 5203 εἰς
2575 5141 2819 5194 θάνατον.
2844 5141 2950 5193 Καὶ
2973 5140 3165 5207 λέγειό
3193 5137 3457 5206 Ἀντίοχος
3479 5153 3490 5166 ·
3509 5137 3672 5202 Ποῖα,

2097 5232 2274 5302 κύριε,
2310 5232 2416 5284 εἰσὶ
2466 5231 2564 5298 τῆς
2595 5229 2889 5298 ἐπιθυμίας
2935 5231 3033 5298 τῆς
3072 5227 3312 5296 πονηρᾶς
3345 5222 3414 5290 τά
3439 5221 3678 5292 παραδι-

2096 5325 2255 5377 δόντα
2281 5323 2407 5384 τοὺς
2440 5321 2759 5393 ἀνθρώπους
2798 5322 2878 5383 εἰς
2929 5320 3192 5381 θάνατον;
3246 5315 3518 5388 Γνώρισόν
3556 5331 3672 5383 μοι,

2096 5417 2184 5471 ἵνα
2211 5417 2366 5486 φύγω
2382 5415 2686 5470 ἀπἀὐτῶν.
2715 5413 2875 5483 Λέγει
2896 5411 3044 5483 αὐτῷ
3070 5414 3096 5465 ὁ
3122 5410 3415 5472 ἐπίσκοπος
3434 5424 3449 5436 ’
3477 5407 3678 5460 Ἀκου-

2168 5547 2278 5612 (65)
2314 5545 2508 5617 vulgo,
2530 5545 3032 5617 ρεεείιῐιθ,ὲκριζέἰῖἶ
3065 5541 3141 5617 In.

2172 5608 2282 5688 (64)
2321 5608 2544 5673 llernim'
2575 5615 2815 5670 mandat.
2861 5608 2912 5669 8.
2973 5615 3062 5669 10.
3108 5610 3362 5666 Antioch.
3398 5609 3548 5666 hom.
3582 5608 3672 5663 Ἠ.
