3860 6200
183 270 290 328 569

1210 270 1560 327 οοοτιιιΝΑ
1593 269 1686 324 AD
1722 267 2132 327 ANTIOCHUM
2171 255 2429 330 DUCEM;

3329 280 3437 341 570

184 409 300 466 σον.
337 391 453 463 (65)
477 393 697 464 Πρῶτον
721 392 939 448 πάντων
971 394 1235 466 ἐπιθυμία
1259 395 1520 465 γυναικὸς
1552 396 1645 447 καὶ
1672 411 1765 447 πο-

1881 395 2178 452 livitiarum
2221 399 2517 452 multarum
2560 399 2781 469 cupido,
2807 415 2926 470 quae
2952 409 3036 456 est
3063 399 3310 466 avaritia,
3333 419 3436 459 nec

184 483 430 536 λυτέλεια
467 483 767 553 πλούτου,ἤ
791 487 907 538 ἐστι
937 485 1296 557 φιλαργυρία,
1332 487 1426 539 καὶ
1451 485 1761 554 ἐδεσμάτων

183 573 398 626 πολλῶν
427 575 519 626 καὶ
549 575 814 645 ματαίων,
844 577 938 629 καὶ
971 575 1313 646 μεθύσματος
1334 574 1550 639 πολλοῦ,
1576 575 1762 645 διαφό-

185 682 297 736 ρων
325 665 587 731 γεύσεων,
608 666 700 719 καὶ
721 667 921 736 ἐτέρων
940 665 1158 737 τρυφῶν
1186 665 1396 722 πολλῶν
1418 668 1511 720 καὶ
1540 667 1759 739 μωρῶν,

185 757 280 808 καὶ
309 756 468 827 δόξης
495 757 840 828 ἀνθρωπίνης
860 759 952 810 καὶ
982 758 1235 828 ματαίας.
1270 760 1426 812 Πᾶσα
1457 759 1633 830 τρυφὴ
1661 776 1765 828 μω-

186 847 258 918 ρά
290 850 408 900 ἐστι
437 848 532 900 καὶ
571 848 704 919 κενὴ
749 851 862 912 τοῖς
889 849 1096 912 δούλοις
1126 847 1221 902 τοῦ
1255 849 1411 903 Θεοῦ.
1439 850 1767 920 Ἀπέχεσθαι

184 937 278 994 οὖν
308 941 390 992 δεῖ
427 941 534 993 τῶν
569 941 873 1012 ἐπιθυμιῶν
902 943 1126 1008 τούτων,
1162 945 1251 997 ἵνα
1293 944 1619 1014 ἀπεχόμενοι
1671 943 1768 1014 ζή-

184 1050 317 1104 σητε
364 1033 445 1104 τῷ
495 1033 634 1103 Θεῷ.
687 1035 816 1088 Ἐὰν
857 1035 912 1087 δὲ
963 1035 1253 1109 δουλεύσῃς
1301 1037 1367 1106 τῇ
1404 1033 1666 1106 ἐπιθυμίᾳ.
1699 1037 1765 1107 τῇ

184 1125 367 1196 ἀγαθῇ
415 1126 510 1177 καὶ
541 1127 821 1197 ὑποταγῆς
873 1129 1031 1198 αὐτῇ,
1067 1127 1288 1181 δύνασαι
1341 1127 1768 1198 κατακυριεῦσαι

183 1217 287 1286 τῆς
313 1216 608 1287 ἐπιθυμίας
631 1218 730 1287 τῆς
753 1222 996 1290 πονηρᾶς
1023 1220 1115 1273 καὶ
1143 1219 1406 1286 ὑποτάξαι
1427 1220 1615 1290 αὐτὴν,
1638 1219 1770 1272 καθ-

183 1306 262 1370 ὼς
282 1307 482 1376 βούλει.
510 1308 570 1362 Ὀ
601 1309 869 1380 Ἀντίοχος
892 1310 1067 1379 λέγει’
1122 1311 1348 1364 Ἥθελον
1366 1312 1570 1380 γνῶναι
1597 1312 1768 1375 ποίοις

184 1399 410 1471 τρόποις
445 1399 526 1452 δεῖ
569 1417 635 1470 με
692 1400 972 1455 δουλεῦσαι
1023 1406 1088 1474 τῇ
1130 1404 1394 1475 ἐπιθυμίᾳ
1444 1407 1510 1475 τῇ
1563 1403 1762 1474 ἀγαθῇ.

187 1490 304 1559 (66)
349 1490 407 1542 Ὀ
454 1490 752 1556 ἐπίσκοπος
794 1491 1226 1560 λέγει-Ἀκουεο
1252 1495 1524 1566 Ἔργασαι
1567 1495 1770 1547 δικαιο-

187 1582 356 1654 σύνην
387 1582 482 1635 καὶ
509 1583 710 1655 ἀρετὴν
744 1583 1000 1654 ἀληθείας
1031 1587 1123 1639 κα).
1157 1585 1319 1654 φόϐον
1347 1588 1550 1659 Κυρίου
1578 1587 1670 1640 καὶ
1691 1585 1772 1638 πί-

187 1690 306 1726 στιν
351 1674 447 1727 καὶ
493 1675 712 1744 ἀγάπην
763 1674 858 1728 καὶ
909 1676 1407 1748 ταπεινοφροσύνην
1464 1678 1559 1730 καὶ
1604 1677 1772 1747 ἀκτη-

189 1766 433 1838 μοσύνην
463 1807 479 1820 .
516 1804 532 1821 .
566 1808 580 1821 .
618 1809 632 1822 .
667 1807 680 1820 .
716 1766 835 1837 ιθην
895 1769 1117 1839 ποιῆσαι
1185 1769 1286 1839 τῆς
1345 1769 1612 1839 κοσμικῆς
1655 1807 1669 1821 .
1703 1809 1717 1823 .
1753 1808 1766 1822 .

188 1897 206 1913 .
237 1898 255 1913 .
293 1900 306 1912 .
321 1859 534 1929 ότητος,
555 1860 648 1912 καὶ
666 1859 768 1913 ὅσα
787 1858 996 1923 τούτοις
1011 1860 1171 1930 ὃμοια
1195 1862 1309 1926 τοῖς
1332 1861 1768 1932 προειρημένοις,

185 1949 360 2003 ταῦτα
405 1950 793 2021 ἐργαζόμενος,
845 1951 1138 2023 εὐάρεστος
1171 1951 1271 2024 ἔσῃ
1303 1951 1486 2016 δοῦλος
1529 1951 1662 2004 Θεοῦ
1693 1953 1774 2015 είς

185 2043 315 2106 τοὺς
342 2042 566 2106 αἰῶνας.
605 2043 796 2114 Ἀμήν.

261 2137 432 2189 Πάλιν
463 2136 610 2204 λέγει
652 2137 802 2208 αὐτῷ
845 2139 873 2191 6
906 2137 1235 2202 ἐπίσκοποςο
1269 2138 1329 2192 Ὀ
1351 2136 1613 2204 διάϐολος,
1646 2138 1774 2191 ὅταν

188 2228 276 2298 [δη
323 2229 408 2279 ὅτι
437 2227 502 2280 δι’
533 2228 747 2293 ἑαυτοῦ,
778 2227 1022 2282 τουτέστι
1057 2227 1147 2282 διὰ
1179 2228 1270 2282 τοῦ
1312 2229 1442 2282 ἰδίου
1487 2229 1771 2300 λογισμοῦ,

188 2318 341 2370 οὐδὲν
376 2317 598 2372 δύναταί
633 2336 690 2372 σε
739 2318 960 2390 βλάψαι,
995 2319 1116 2372 τότε
1152 2319 1308 2391 φέρει
1358 2319 1494 2391 πρὸς
1525 2319 1584 2372 σὲ
1618 2320 1776 2373 ἀσθε-

188 2412 480 2482 νεστέρους
501 2414 784 2484 μοναχούς,
815 2413 910 2465 κα).
936 2413 1003 2466 δι’
1021 2413 1196 2466 αὐτῶν
1225 2412 1492 2484 πρόφασίν
1521 2431 1642 2467 τινα
1663 2414 1776 2467 δια-

189 2505 427 2575 λόγωνοῆ
461 2503 657 2576 ἔργων,
687 2505 720 2578 ἢ
752 2506 1130 2570 ἀναπαύσεως,
1163 2505 1196 2576 ἢ
1225 2505 1385 2577 ζήλου
1413 2505 1672 2578 σαρκικοῦ
1699 2505 1776 2558 δί-

190 2597 325 2667 δωσί
360 2615 463 2662 σοι,
493 2602 571 2662 είς
610 2599 670 2652 τὸ
693 2597 1039 2651 σκανδαλίσαι
1068 2597 1160 2652 καὶ
1184 2598 1436 2667 ταράξαι.
1456 2599 1528 2650 Σὺ
1555 2598 1610 2651 δὲ
1641 2598 1775 2652 νοῶν

190 2689 288 2742 τοῦ
312 2687 506 2760 ἐχθροῦ
537 2684 675 2742 εἶναι
721 2689 1065 2759 κατασκευὴν
1107 2688 1283 2752 τοῦτο,
1305 2689 1377 2760 μὴ
1402 2689 1536 2760 ἄρξῃ
1569 2691 1667 2760 τὴν
1698 2689 1777 2752 είς

192 2780 434 2834 διάνοιάν
462 2798 553 2834 σου
595 2780 803 2850 λέγειν·
843 2780 986 2850 Ἐγὼ
1026 2782 1133 2836 ἀπὸ
1168 2779 1263 2834 τοῦ
1301 2781 1541 2834 τοιούτου
1587 2781 1777 2848 γένους

194 2874 312 2944 εἰμὶ
343 2875 600 2945 μεγάλου,
635 2875 732 2928 καὶ
774 2868 929 2939 οὗτος
970 2873 1184 2947 ἰδιώτης
1210 2874 1307 2928 καὶ
1345 2873 1585 2945 εὐτελὴς,
1620 2873 1776 2942 κάγὼ

197 2969 277 3031 εἰς
299 2967 424 3028 τοὺς
444 2966 610 3029 πόδας
639 2965 801 3020 αὐτοῦ
830 2966 938 3037 ἔχω
967 2969 1186 3032 πεσεῖν;
1218 2965 1418 3036 μᾶλλον
1444 2967 1602 3021 δὲδιά
1620 2967 1778 3021 τοῦτο

197 3060 474 3134 πρόσπεσε
501 3058 670 3130 αὐτῷ,
712 3059 1060 3130 μεμνημένος
1082 3060 1179 3130 τῆς
1206 3058 1301 3112 τοῦ
1338 3059 1585 3130 Σωτῆρος
1620 3061 1776 3132 ἡμῶν

209 3151 388 3223 Ἰησοῦ
437 3150 672 3224 Χριστοῦ
725 3152 966 3223 ἐντολῆς,
1014 3151 1137 3223 ἥτις
1191 3169 1272 3205 σοι
1310 3153 1774 3223 παρακελεύεται’

202 3267 220 3297 ι
245 3246 373 3298 Ἑάν
399 3245 483 3309 τίς
514 3262 571 3298 σε
600 3243 804 3316 ραπίσῃ
834 3245 909 3309 είς
933 3245 1032 3316 τὴν
1059 3243 1238 3311 δεξιὰν
1272 3245 1513 3313 σιαγόνα,
1549 3245 1778 3317 στρέψον

198 3336 347 3407 αὐτῷ
371 3337 464 3390 καὶ
481 3335 776 3408 τὴνάλλην,
798 3355 817 3388 ι
845 3336 937 3390 καὶ
965 3335 1038 3408 μὴ
1063 3336 1324 3408 πρότερον
1347 3335 1510 3389 αὐτοῦ
1537 3336 1778 3407 ἀποστῇς

198 3425 306 3476 τῶν
346 3423 543 3488 ποδῶν,
570 3424 675 3488 ἓως
711 3417 771 3476 οὐ
805 3423 1148 3496 συγχώρησιν
1185 3425 1300 3496 μετ’
1324 3425 1488 3495 εὐχῆς
1527 3427 1658 3498 παρ’
1685 3427 1780 3480 αὐ-

197 3516 294 3568 τοῦ
324 3515 470 3590 δέξῃ,
505 3517 654 3579 ὅπως
692 3516 891 3580 τέλειός
925 3533 1007 3570 σοι
1041 3516 1276 3588 ἀποδοθῇ
1305 3516 1406 3588 τῆς
1425 3535 1781 3591 ταπεινοφρο-

201 3608 370 3678 σύνης
392 3609 420 3660 6
448 3608 708 3677 στέφανος
733 3609 813 3672 είς
838 3609 964 3672 τοὺς
994 3607 1215 3672 αἰῶνας.
1243 3609 1436 3680 Ἀμήν.

1867 503 1976 542 non
2039 490 2339 543 multorum
2390 503 2764 559 vanorumque
2817 491 3098 554 ciborum,
3153 492 3437 551 ebrietatis

1865 581 2070 645 nimiae,
2102 584 2384 635 variorum
2419 583 2557 651 gula:
2606 583 3089 649 irritamentorum,
3120 591 3174 638 et
3207 585 3437 639 aliarum

1865 671 2220 742 plurimarum
2267 672 2667 742 stultarumque
2715 673 3053 743 voluptatum
3119 693 3133 729 :
3186 675 3439 732 humana

1868 764 1997 817 item
2046 778 2310 834 variaeque
2365 765 2570 835 gloriae.
2642 763 2904 837 Voluptas
2965 767 3218 836 quaelibet
3272 771 3438 824 stulta

1866 862 1950 909 est
1977 855 2264 925 inanisque
2294 858 2466 912 servis
2504 856 2621 912 Dei.
2657 856 2945 914 Abstinere
2974 861 3156 930 itaque
3183 864 3440 916 convenit

1868 959 1898 998 a
1932 946 2302 1016 voluptatibus
2336 948 2736 1017 hujuscemodi,
2759 958 2818 1004 ut
2847 950 2914 1004 iis
2943 951 3297 1017 abstinentes,
3327 951 3439 1007 Deo

1867 1039 2082 1093 vivatis.
2128 1037 2282 1105 Quod
2313 1039 2357 1095 si
2390 1040 2547 1096 bona:
2576 1041 2861 1111 cupiditati
2896 1043 3246 1105 inservieris,
3281 1045 3440 1114 eique

1868 1133 2160 1190 obsecutus
2213 1132 2420 1199 fueris,
2490 1133 2843 1188 dominabere
2887 1149 3068 1203 prava:
3127 1134 3440 1204 cupiditati,

1868 1239 2098 1293 eamque
2137 1224 2404 1278 arbitratu
2451 1232 2545 1278 tuo
2600 1226 2700 1280 tibi
2752 1225 3033 1294 subjicies.
3067 1226 3206 1280 Tum
3251 1227 3444 1282 Antio-

1869 1315 2006 1370 chus
2069 1334 2082 1369 :
2136 1315 2289 1371 Scire
2341 1317 2556 1385 vellem,
2607 1319 2704 1382 ait,
2754 1317 3084 1387 quibusnam
3125 1318 3302 1373 modis
3355 1332 3442 1373 me

1869 1412 2116 1475 Oporteat
2146 1405 2302 1460 bona:
2333 1406 2619 1476 cupiditati
2645 1407 2928 1462 inservire.
2957 1406 3060 1461 Cui
3096 1407 3387 1477 episcopus
3423 1421 3439 1461 :

1870 1497 2032 1561 Audi,
2093 1495 2362 1566 justitiam
2417 1513 2664 1567 operare,
2708 1497 2969 1552 virtutem
3007 1504 3131 1552 tene
3168 1497 3438 1564 veritatis,

1871 1605 2084 1645 necnon
2121 1592 2370 1644 timorem
2415 1588 2652 1654 Domini,
2684 1589 2863 1653 (idem,
2892 1590 3228 1653 charitatem,
3262 1589 3444 1644 humi-

1873 1685 2080 1738 litatem
2133 1689 2187 1737 et
2241 1691 2616 1753 paupertatem
2673 1683 2847 1754 pluris
2893 1683 3063 1738 facias
3119 1682 3230 1754 (70)
3275 1698 3440 1754 quam

1875 1775 2205 1829 mundanam
2238 1776 2551 1839 vanitatem,
2598 1782 2652 1830 et
2697 1775 2783 1830 his
2810 1775 3008 1831 similia
3037 1793 3051 1828 :
3084 1790 3205 1846 quae
3237 1776 3282 1831 si
3311 1791 3442 1846 cpe-

1873 1874 2026 1920 ratus
2065 1865 2266 1932 fueris,
2299 1881 2491 1922 servus
2533 1864 2645 1920 Deo
2683 1873 2940 1935 acceptus
2975 1864 3086 1921 eris
3129 1864 3185 1919 in
3220 1865 3440 1922 sarcula.

1872 1958 2064 2013 Amen.
2265 1947 2278 1972 ⁸

1943 2138 2142 2192 lterum
2183 2137 2259 2192 ait
2299 2137 2375 2192 illi
2419 2137 2711 2206 episcopus
2754 2155 2767 2191 :
2802 2135 2940 2191 Cum
2969 2135 3149 2191 videat
3196 2136 3446 2193 diabolus

1872 2246 1982 2286 non
2023 2245 2184 2300 posse
2227 2245 2285 2284 se
2316 2243 2416 2284 suo
2460 2240 2654 2292 marte,
2697 2229 2748 2283 id
2779 2237 2862 2282 est
2908 2243 3004 2298 per
3040 2244 3193 2283 suam
3236 2230 3444 2298 c0gita~

1873 2323 2101 2385 tionem,
2142 2323 2242 2377 tibi
2292 2336 2525 2385 nocere,
2572 2319 2902 2375 inﬁrmiores
2938 2321 3004 2373 ad
3054 2327 3106 2374 te
3147 2319 3446 2375 monachos

1875 2415 2098 2471 adducit
2127 2433 2142 2480 ;
2170 2430 2402 2486 quorum
2431 2428 2617 2483 opera,
2645 2412 2938 2483 quamdam
2970 2411 3071 2466 tibi
3123 2411 3324 2480 praebet
3351 2426 3446 2465 oc-

1875 2511 2148 2565 casionem
2191 2507 2558 2578 dialogorum,
2606 2520 2852 2575 operum,
2897 2504 3014 2567 otii,
3069 2511 3163 2556 aut
3207 2503 3446 2558 carnalis

1875 2599 2145 2672 cupidinis
2165 2640 2178 2664 ,
2211 2607 2269 2654 ut
2300 2600 2354 2653 in
2387 2599 2705 2653 scandalum
2739 2605 2793 2652 te
2819 2603 2873 2652 et
2901 2597 2954 2650 in
2981 2594 3447 2666 perturbationem

1875 2693 2151 2763 conjiciat.
2173 2693 2240 2746 At
2259 2699 2339 2756 tu,
2365 2707 2488 2745 cum
2524 2691 2677 2746 noris
2701 2691 2799 2745 has
2821 2704 2944 2745 esse
2967 2688 3172 2743 inimici
3196 2687 3446 2754 insidias,

1875 2802 1946 2841 ne
1982 2784 2217 2856 coeperis
2250 2785 2305 2838 in
2333 2793 2514 2839 mente
2547 2793 2639 2838 tua
2689 2783 2873 2838 dicere
2905 2801 2918 2838 :
2952 2780 3136 2852 Egone
3171 2789 3282 2836 tam
3309 2795 3449 2850 pra:-

1877 2877 2026 2933 claro
2064 2891 2262 2948 genere
2287 2874 2574 2940 oriundus,
2609 2875 2676 2930 ad
2703 2874 2867 2945 pedes
2888 2873 3118 2943 hujusce
3145 2873 3239 2943 qui
3267 2873 3450 2943 priva-

1877 2978 1969 3025 tus
2021 2975 2077 3024 et
2123 2967 2267 3038 vulgi
2319 2967 2482 3022 homo
2525 2973 2630 3029 est,
2675 2981 2761 3020 me
2795 2965 3174 3035 prosternam?
3222 2964 3336 3019 lmo
3384 2978 3450 3020 ea

1879 3059 2111 3116 maxime
2143 3057 2208 3112 de
2238 3072 2404 3112 causa
2448 3057 2670 3126 procide
2705 3071 2888 3110 coram
2931 3056 3050 3118 illo,
3097 3070 3304 3110 memor
3331 3055 3452 3124 jus-

1884 3150 2057 3206 sionis
2080 3149 2379 3204 Salvatoris
2409 3146 2585 3202 nostri
2613 3143 2742 3202 Iesu
2762 3145 2985 3210 Christi,
3010 3161 3116 3216 qua
3139 3145 3453 3216 praacipitur

1882 3242 1984 3296 tibi
2016 3257 2030 3293 :
2072 3259 2091 3292 ι
2128 3239 2186 3294 Si
2226 3241 2350 3310 quis
2389 3238 2724 3309 percusserit
2765 3246 2818 3292 te
2861 3238 2918 3290 in
2964 3237 3236 3290 maxillam
3266 3235 3454 3290 dexte-

1884 3350 2025 3397 ram,
2059 3333 2240 3404 prmbe
2271 3333 2343 3386 illi
2375 3341 2429 3387 et
2457 3331 2616 3384 aliam
2644 3330 2689 3362 τ’
2717 3348 2730 3385 :
2775 3348 2794 3382 ι
2824 3343 2999 3398 neque
3020 3327 3088 3382 ab
3116 3327 3260 3382 illius
3297 3325 3453 3397 pedi-

1885 3426 1987 3481 bus
2036 3435 2162 3480 ante
2211 3423 2586 3489 abscesseris,
2633 3422 2807 3477 donec
2853 3421 3066 3476 veniam
3108 3421 3176 3475 ab
3215 3435 3280 3475 eo
3327 3435 3450 3474 cum

1883 3517 2131 3573 oratione
2163 3517 2496 3588 impetraris,
2533 3521 2594 3570 ut
2626 3513 2864 3585 perfecta
2893 3512 3220 3568 humilitatis
3252 3524 3454 3566 corona

1885 3609 2105 3663 doneris
2132 3607 2188 3662 in
2218 3607 2436 3662 sazcula.
2472 3605 2666 3660 Amen.

1245 3699 1587 3754 Undecimum
1619 3699 1950 3765 mandatum,
1980 3701 2202 3754 tristitia
2229 3699 2468 3755 vitanda.

278 3796 363 3848 11.
387 3794 496 3866 (67)
524 3794 640 3847 Καὶ
671 3794 981 3866 εὐξαμένων
1017 3794 1216 3860 αὐτῶν,
1240 3795 1387 3864 λέγει
1420 3795 1568 3866 αὐτῷ
1609 3799 1637 3849 ὁ
1664 3796 1785 3848 ἐπί-

201 3903 408 3950 σκοπος
424 3903 437 3914 ·
462 3888 657 3939 Ἀκουε
675 3888 768 3940 καὶ
790 3887 888 3957 τῆς
910 3888 1198 3957 ἑνδεκάτης
1229 3887 1466 3959 ἐντολῆς⁰
1485 3883 1555 3940 *Α
1564 3906 1652 3958 ρον
1675 3888 1784 3942 ἀπὸ

204 3977 300 4030 σοῦ
325 3978 424 4048 τὴν
458 3977 632 4047 λύπην
651 3995 664 4008 ’
696 3978 789 4030 καὶ
821 3978 930 4050 γὰρ
958 3979 1094 4048 αὐτη
1118 3978 1318 4049 ἀδελφή
1355 3981 1469 4032 ἐστι
1500 3980 1600 4050 τῆς
1629 3979 1781 4050 διφυ-

203 4066 327 4137 χεας
348 4083 362 4096 ·
387 4068 482 4119 καὶ
508 4066 605 4136 τῆς
629 4067 926 4138 ὀξυχολίας.
956 4055 1120 4136 Λέγει
1137 4071 1164 4122 6
1195 4069 1486 4138 Ἀντίοχος·
1516 4069 1661 4133 Πῶς,
1688 4070 1785 4124 κύ-

208 4175 314 4228 ριε,
350 4157 552 4228 ἀδελφή
575 4159 720 4212 ἐστιν
747 4161 949 4231 αὐτῆς;
979 4161 1140 4214 Ἀλλο
1171 4161 1279 4232 γάρ
1310 4179 1398 4232 μοι
1426 4162 1571 4216 δοκεῖ
1602 4164 1788 4236 ὀξύχο-

204 4251 316 4313 λία,
360 4251 457 4302 καὶ
501 4250 630 4304 ἀλλο
665 4250 906 4322 διψυχία,
941 4252 1038 4306 καὶ
1081 4252 1209 4308 ἀλλο
1239 4253 1404 4324 λύπη.
1448 4254 1610 4322 Λέγει
1641 4255 1786 4326 αὐτῷ

1960 3796 2048 3850 ii.
2087 3795 2150 3850 Et
2178 3804 2465 3865 postquam
2501 3792 2661 3848 ambo
2700 3790 2905 3862 precati
2941 3774 3090 3854 sunt,
3125 3790 3199 3844 ait
3226 3789 3302 3844 illi
3335 3789 3454 3861 epi-

1888 3903 2086 3958 scepus
2106 3906 2119 3942 :
2138 3886 2278 3940 Audi
2302 3884 2646 3940 undecimum
2668 3897 2884 3953 quoque
2911 3888 3258 3952 praeceptum.
3291 3880 3456 3952 Exige

1885 3996 1915 4034 a
1957 3989 2012 4035 te
2047 3994 2261 4034 omnem
2297 3977 2600 4038 tristitiam,
2632 3989 2757 4030 nam
2801 3988 2960 4029 soror
3006 3973 3096 4026 illa
3147 3981 3232 4027 est
3287 3972 3456 4027 animi

1887 4072 2037 4127 dubii
2082 4079 2136 4126 et
2174 4069 2500 4132 hazsitantis,
2536 4081 2638 4121 nec
2679 4081 2788 4119 non
2823 4063 3133 4118 iracundi-az.
3171 4061 3307 4115 Tum
3341 4061 3456 4116 An-

1887 4163 2105 4217 tiochus
2133 4176 2146 4211 :
2175 4158 2301 4225 Qui,
2329 4172 2536 4228 quaeso,
2572 4156 2669 4220 ait,
2705 4154 2953 4218 Domine,
2985 4169 3142 4208 soror
3166 4153 3314 4207 illius
3341 4153 3457 4208 est?

1889 4251 2051 4306 Aliud
2084 4251 2229 4306 enim
2263 4249 2480 4304 videtur
2513 4248 2646 4302 mihi
2673 4245 2976 4308 iracundia,
3011 4245 3154 4299 aliud
3194 4245 3458 4300 dubitatio

204 4349 238 4399 6
264 4345 592 4407 ἐπίσκοπος·
626 4344 722 4397 Διά
747 4345 799 4397 τί
840 4346 899 4398 οὐ
933 4347 1071 4409 νοεῖς
1109 4345 1180 4399 τὰ
1207 4345 1474 4418 λεγόμενά
1508 4363 1590 4399 σοι
1618 4363 1631 4411 ;
1677 4348 1777 4399 Kal

1891 4342 2081 4407 animi,
2128 4341 2286 4410 207
2332 4341 2480 4394 aliud
2513 4339 2758 4394 tristitia.
2805 4336 2906 4392 Cui
2945 4336 3233 4406 episcopus
3268 4355 3280 4390 :
3317 4336 3458 4402 Quid

203 4437 318 4510 γὰρ
340 4438 538 4490 ἐκεῖνοι
569 4438 630 4490 οὐ
670 4437 902 4504 νοοῦσιν,
941 4439 992 4491 οἱ
1021 4439 1300 4509 βάλλοντες
1349 4441 1573 4504 ἑαυτοὺς
1607 4442 1686 4504 εἰς
1717 4441 1786 4496 τὰ

211 4532 454 4604 σαρκικὰ
505 4533 600 4585 καὶ
653 4531 895 4602 κοσμικά
943 4533 1266 4605 πράγματα.
1321 4534 1396 4587 Οὐ
1434 4537 1575 4598 νοεῖς
1617 4535 1699 4588 ὅτι
1752 4536 1785 4606 ή

209 4624 358 4693 λύπη
412 4622 630 4675 πάντων
695 4621 803 4676 τῶν
857 4623 1044 4677 παθῶν
1117 4626 1456 4698 πονηροτέρα
1522 4626 1639 4680 ἐστὶ
1696 4626 1790 4680 καὶ

210 4712 492 4782 δεινοτάτη
523 4716 637 4775 τοῖς
688 4711 896 4777 δούλοις
941 4713 1034 4768 τοῦ
1079 4713 1236 4780 Θεοῦ,
1287 4716 1380 4770 καὶ
1418 4715 1569 4788 παρά
1611 4718 1788 4771 πάντα

211 4803 280 4857 τὶ
311 4802 595 4872 πνεύματα
627 4802 738 4873 (68)
789 4804 1147 4877 καταφθείρει
1179 4809 1271 4861 τὸν
1313 4806 1597 4878 ἄνθρωπον
1632 4807 1787 4880 (69);

217 4899 278 4948 Ui
305 4895 363 4947 δὲ
395 4894 556 4964 φόϐον
591 4894 804 4965 ἔχοντες
840 4895 976 4950 Θεοῦ
1006 4899 1102 4952 καὶ
1139 4898 1466 4970 ἐρευνῶντες
1492 4901 1620 4968 περὶ
1651 4898 1789 4954 Θεοῦ

218 4988 393 5057 ἔργων
429 4987 525 5040 καὶ
565 4987 820 5056 ἀληθείας
852 4988 947 5042 καὶ
984 4988 1082 5060 τὴν
1128 4989 1356 5059 καρδίαν
1395 4989 1606 5061 ἔχοντες
1653 4990 1789 5062 πρὸς

219 5079 445 5150 Κύριον,
469 5078 645 5132 πάντα
673 5080 742 5133 τά
769 5080 1040 5151 λεγόμενα
1065 5081 1249 5144 αὐτοῖς
1275 5081 1461 5152 τάχιον
1491 5081 1667 5134 νοοῦσι
1697 5083 1792 5134 καὶ

221 5168 532 5236 συνιοῦσιν,
592 5169 673 5222 ὅτι
735 5169 966 5242 καθαροί
1020 5171 1126 5223 είσι
1185 5171 1280 5224 καὶ
1338 5171 1635 5242 ἀμέριμνοι
1683 5171 1792 5223 ἀπὸ

222 5261 403 5329 πάσης
438 5261 715 5332 φροντίδος
760 5262 854 5314 κα).
886 5260 1156 5333 μερίμνης
1188 5262 1479 5333 κοσμικῆς,
1507 5263 1602 5316 καὶ
1639 5263 1791 5316 οὐδὲν

217 5348 350 5402 ἄλλο
383 5351 434 5402 εί
470 5350 544 5422 μὴ
588 5351 679 5404 τὸν
718 5351 880 5421 φόϐον
909 5353 1002 5406 τοῦ
1032 5351 1167 5406 Θεοῦ
1198 5352 1412 5424 ἔχουσιν
1445 5356 1502 5407 ἐν
1558 5355 1802 5416 ἑαυτοῖς..

293 5463 340 5496 ⁷²
365 5461 556 5519 Matth.
590 5473 642 5526 τ’,
670 5464 760 5519 '59.

315 5553 408 5624 65)
441 5553 541 5609 llic
562 5556 734 5610 multa
757 5555 1103 5612 omittuntur.

318 5624 410 5688 66)
445 5624 567 5681 Haec
598 5642 707 5681 non
736 5628 956 5682 omnino
980 5627 1176 5683 similia
1213 5625 1426 5682 Hermae
1455 5627 1729 5683 mandato.

297 5693 412 5765 (67)
449 5694 662 5750 llerma:
685 5696 925 5750 mandat.
957 5699 1041 5752 Η.

292 5763 406 5834 (68)
437 5767 545 5822 Καὶ
562 5765 721 5836 παρὰ
748 5765 940 5822 πάντα
963 5770 1034 5824 τὰ
1061 5768 1386 5837 πνεύματα.
1418 5765 1543 5824 Haec
1580 5768 1657 5825 sic
1685 5767 1791 5824 La-

1890 4431 2036 4502 quod
2065 4446 2176 4487 non
2209 4431 2470 4501 intelligis
2496 4445 2618 4500 quae
2643 4429 2790 4484 dicta
2824 4429 2990 4484 sunt?
3015 4427 3056 4484 li
3090 4445 3324 4499 namque
3348 4446 3458 4486 non

1890 4525 2214 4594 intelligunt,
2258 4523 2352 4593 qui
2397 4537 2521 4578 sese
2560 4523 2616 4576 in
2660 4522 2902 4576 carnalia
2935 4527 2990 4576 et
3022 4521 3459 4577 mundana-faci-

1890 4632 2024 4671 nora
2047 4616 2331 4686 dejiciunt.
2359 4614 2555 4669 Annon
2596 4614 2857 4685 intelligis
2895 4614 3136 4669 omnium
3169 4613 3458 4670 affectuum

1888 4711 2185 4781 pessimum
2232 4723 2354 4763 esse
2397 4707 2699 4770 tristitiam,
2753 4705 2956 4775 Deique
3005 4707 3180 4762 servis
3227 4707 3461 4762 durissi-

1887 4817 2032 4857 mam
2067 4820 2081 4856 :
2111 4816 2233 4872 quae
2262 4801 2385 4870 plus
2413 4815 2578 4869 quam
2610 4800 2700 4854 alii
2741 4815 2932 4856 omnes
2965 4801 3262 4870 (nequitiae)
3294 4799 3459 4869 spiri-

1888 4901 1979 4948 tus
2029 4893 2304 4948 hominem
2346 4891 2694 4960 corrumpit?
2726 4890 2868 4947 Sane
2898 4892 2993 4962 qui
3037 4891 3202 4945 Deum
3247 4891 3458 4953 timent,

1889 4987 2179 5056 divinaque
2220 5000 2384 5054 Opera
2427 4998 2491 5037 ac
2529 4984 2812 5038 veritatem
2846 4990 3181 5043 scrutantur,
3213 4988 3266 5035 et
3297 4980 3461 5036 corde

1891 5077 2120 5132 Domino
2150 5078 2447 5140 adhaerent,
2479 5076 2516 5131 ii
2557 5077 2739 5131 omnia
2786 5076 2888 5131 sibi
2929 5076 3072 5129 dicta
3115 5075 3226 5128 cito
3261 5073 3462 5126 intelli-

1889 5175 2024 5240 gunt
2053 5175 2109 5224 et
2139 5169 2480 5238 percipiunt,
2529 5168 2659 5237 quia
2710 5168 2832 5237 puri
2879 5174 3008 5221 sunt
3048 5173 3102 5218 et
3128 5163 3284 5216 vacui
3311 5162 3459 5216 omni

1889 5267 2099 5343 cura‘et
2122 5260 2489 5316 sollicitudine
2519 5259 2766 5315 saeculari
2801 5273 2816 5309 :
2854 5259 3111 5326 nulloque
3137 5255 3244 5308 alio
3272 5260 3464 5308 teneo-

1890 5357 1980 5405 tur
2013 5342 2252 5421 (’aﬂ‘ectu)
2285 5366 2446 5420 quam
2492 5351 2686 5404 timore
2729 5347 2846 5402 Dei.
2891 5345 3025 5399 Nam
3063 5343 3156 5400 ubi
3199 5342 3462 5398 Dominus

1891 5555 2004 5610 tine
2030 5555 2408 5626 exprimuntur
2436 5553 2577 5626 apud
2612 5551 2900 5626 Hennam:
2935 5549 3002 5603 Et
3032 5549 3262 5603 omnium
3303 5547 3464 5613 spiri-

1896 5636 1978 5679 tus
2003 5622 2316 5680 exterminat
2343 5634 2392 5679 et
2421 5622 2622 5676 cruciat
2654 5622 2914 5693 Spiritum
2932 5630 3173 5676 sanctum

1969 5697 2082 5764 (69)
2122 5695 2224 5750 Hic
2250 5697 2385 5750 bene
2422 5697 2590 5748 multa
2630 5694 2851 5748 desunt.

1965 5767 2078 5836 (70)
2112 5766 2202 5823 Sic
2224 5765 2583 5836 conjectando
2601 5765 2884 5820 vertimus.
