3860 6200
433 257 532 313 571

1598 263 1656 318 S.
1693 263 2157 322 ATHANASIUS.
2195 297 2266 308 —
2307 266 2579 324 SPUBIA.

3588 267 3698 322 572

433 373 666 440 habitat,
718 373 834 430 illic
879 373 1239 448 intelligentia
1297 380 1490 436 multa.
1547 379 1780 438 Adhaere
1835 385 2020 454 itaque

2126 386 2298 440 Ὅπου
2356 387 2466 458 γάρ
2512 387 2542 438 6
2607 385 2811 457 Κύριος
2844 387 3104 447 κατοικεῖ,
3160 385 3276 438 ἐκεῖ
3331 385 3427 439 καὶ
3483 385 3697 450 σύνεσις

432 464 686 531 Domino,
724 473 779 521 et
825 467 978 522 nulla
1024 483 1137 522 non
1183 469 1478 542 intelliges.
1515 470 1658 528 Audi
1700 475 1865 544 igitur
1909 491 2019 546 quo

430 566 596 630 pacto
626 559 848 614 tristitia
882 560 1136 630 spiritum
1168 568 1386 626 atterat,
1423 572 1478 618 et
1502 580 1612 634 quo
1643 574 1803 636 pacto
1828 579 2019 622 contra

433 650 648 705 salvum
694 649 878 706 faciat.
918 650 1057 707 Cum
1092 652 1257 713 homo
1301 655 1502 712 dubius
1541 658 1710 711 animi
1741 660 2020 729 quidpiam

432 741 774 811 aggreditur,
803 743 952 812 quod
981 744 1341 802 dubitationis
1363 765 1529 804 causa
1573 758 1769 820 practer
1798 761 2021 808 senten-

434 833 570 886 tiam
632 834 738 904 ipsi
799 836 966 902 cadit,
1021 843 1138 890 tum
1191 839 1410 894 tristitia
1463 841 1671 896 invadit
1723 844 2017 911 hominem,

435 923 816 996 Spiritumque
871 936 1123 982 sanctum
1183 931 1473 986 contristat
1523 943 1686 1003 atque
1742 943 2016 1004 angustat.

431 1015 574 1071 Hinc
618 1034 840 1074 rursum
883 1019 975 1074 ubi
1028 1021 1309 1074 iracundia
1339 1032 1571 1093 occupat
1606 1025 1880 1079 hominem
1902 1071 1914 1090 ,
1950 1025 2022 1080 ob

431 1125 548 1165 rem
579 1112 880 1181 quamlibet
921 1119 1084 1181 atque
1125 1114 1357 1169 multum
1405 1116 1727 1181 exacerbat,
1759 1117 1834 1170 ita
1872 1127 1933 1170 ut
1965 1119 2022 1172 in

430 1204 638 1258 malum
683 1202 958 1273 quidpiam
1009 1203 1226 1261 facinus
1268 1216 1787 1278 prorumpat;tunc
1823 1210 2020 1264 iterum

437 1294 664 1349 tristitia
696 1295 1004 1364 ingreditur
1046 1296 1104 1349 in
1141 1311 1236 1350 cor
1276 1298 1515 1353 hominis
1547 1299 1820 1366 iracundi,
1859 1309 2023 1370 atque

431 1386 499 1441 de
556 1383 703 1440 facto
737 1401 838 1441 suo
879 1386 1023 1441 dolet
1051 1388 1390 1459 pcenitetque
1419 1391 1569 1443 illum
1615 1389 1842 1444 admissi
1889 1391 2024 1445 faci-

432 1477 606 1532 noris.
651 1475 780 1530 Haac
832 1477 1018 1548 itaque
1060 1479 1286 1533 tristitia
1323 1480 1538 1534 videtur
1579 1481 1859 1546 salutaris,
1893 1482 2023 1552 quia

431 1580 557 1621 eum
607 1567 888 1622 commissi
936 1566 1198 1623 facinoris
1235 1571 1485 1639 pmnitet.
1531 1569 1732 1625 Verum
1778 1581 2022 1644 utraeque

429 1673 520 1712 res
559 1657 835 1711 hominem
860 1659 1209 1724 contristant,
1233 1677 1430 1732 nempe
1469 1663 1718 1728 tristitia,
1763 1665 1893 1736 quia
1935 1681 2023 1720 res

2123 479 2314 550 πολλή.
2375 478 2682 550 Κολλήθητι
2733 475 2827 532 οὖν
2883 477 2978 531 τοῦ
3037 477 3280 550 Κυρίου,
3333 479 3426 532 καὶ
3476 479 3698 533 πάντων

2121 570 2351 641 νοήσεις.
2390 570 2588 622 Ἀκουε
2630 564 2722 622 οὖν
2759 567 2875 632 πῶς
2909 571 2942 640 ἡ
2986 568 3129 639 λύπη
3169 568 3407 640 ἐκτρίϐει
3439 569 3499 623 τὸ
3530 571 3696 624 πνεῦ-

2125 679 2233 732 μα,
2282 661 2376 713 καὶ
2404 659 2566 714 πάλιν
2603 659 2790 726 σώζει.
2823 662 2992 714 Ὅταν
3037 662 3067 714 6
3109 660 3331 731 δίψυχος
3370 661 3698 735 ἐπιϐάληται

2121 751 2324 824 πρᾶξαί
2351 769 2424 816 τι,
2463 753 2557 805 καὶ
2589 753 2834 824 ἀποτύχῃ
2889 753 2976 806 διά
3009 753 3106 824 τὴν
3139 753 3390 824 διψυχίαν
3437 755 3622 821 αὐτοῦ,
3662 758 3697 826 ἡ

2121 844 2263 914 λύπη
2310 843 2667 915 ἐκπορεύεται
2705 846 2785 908 εἰς
2817 844 2908 898 τὸν
2959 845 3243 915 ἄνθρωπον
3298 847 3393 899 καὶ
3429 847 3588 901 λυπεῖ
3638 849 3698 901 τὸ

2121 934 2345 1005 Πνεῦμα
2373 935 2434 987 τὸ
2475 935 2628 1003 ἅγιον
2659 937 2753 989 καὶ
2783 940 3105 1006 στενοχωρεῖ
3148 937 3299 990 αύτό.
3353 934 3487 992 Εἶτα
3535 939 3700 994 πάλιν

2120 1026 2369 1097 ὀξυχολία
2397 1028 2524 1080 ὅταν
2545 1027 2778 1099 κολληθῇ
2809 1027 2886 1098 τῷ
2916 1027 3190 1099 ἀνθρώπῳ
3215 1030 3344 1102 περὶ
3373 1027 3710 1102 πράγματός

2121 1136 2284 1182 τινος,
2317 1120 2412 1172 καὶ
2441 1119 2560 1172 λίαν
2583 1120 2880 1191 πικρανθῇ,
2903 1121 2996 1174 καὶ
3022 1122 3223 1194 ποιήσῃ
3251 1139 3303 1174 τι
3322 1123 3508 1186 κακὸν,
3535 1123 3700 1177 πάλιν

2121 1209 2155 1276 ἡ
2191 1205 2334 1278 λύπη
2362 1207 2740 1277 εἰσπορεύεται
2770 1211 2848 1272 εἰς
2870 1209 2968 1279 τὴν
3006 1209 3235 1278 καρδίαν
3280 1210 3373 1262 τοῦ
3407 1211 3714 1290 ἀνθρώπου.

2119 1297 2215 1350 τοῦ
2267 1298 2729 1370 ὀξύχολήσαντος,
2783 1303 2878 1355 καὶ
2929 1301 3178 1355 λυπεῖται
3233 1302 3326 1354 ἐπὶ
3382 1306 3448 1374 τῇ
3503 1305 3702 1375 πράξει

2122 1389 2310 1452 αὑτοῦ,
2417 1389 2644 1460 ἔπραξε,
2680 1391 2788 1443 καὶ-
2813 1396 3080 1460 μετανοεῖ,
3125 1393 3207 1443 ὅτι
3246 1393 3480 1462 πονηρὸν
3509 1395 3715 1464 είργά-’

2125 1496 2274 1532 σατο.
2303 1479 2452 1551 Αῦτη
2480 1476 2572 1533 οὖν
2601 1483 2634 1551 ὴ
2674 1481 2822 1550 λύπη
2857 1481 3004 1534 δοκεῖ
3032 1481 3305 1552 σωτηρίαν
3334 1482 3497 1552 ἔχειν,
3529 1483 3608 1536 ὅτι
3641 1470 3714 1537 τις

2123 1570 2360 1641 πονηρὸν
2407 1570 2621 1640 πράξας
2671 1571 3011 1641 μετενόησεν.
3061 1569 3430 1641 [Ἄμφότεραι
3468 1571 3525 1623 δὲ
3556 1571 3700 1643 τῶν]

2125 1660 2376 1734 πράξεων
2414 1661 2642 1714 λυποῦσι
2673 1661 2762 1714 τὸν
2791 1662 3074 1734 ἄνθρωπον
3094 1679 3106 1691 ⁸
3263 1663 3359 1732 μὲν
3384 1663 3548 1732 λύπη,
3579 1665 3708 1736 ὅτι]

431 1763 545 1804 non
580 1765 610 1804 e
655 1751 927 1804 sententia
959 1750 1126 1816 cadit,
1161 1761 1215 1807 et
1247 1755 1553 1818 iracundia,
1599 1756 1726 1825 quia
1761 1757 2020 1828 ﬂagitium

2126 1751 2364 1822 ἀπέτυχε
2394 1752 2508 1820 τῆς,
2535 1751 2806 1822 πράξεως,
2841 1752 2873 1821 ὴ
2912 1751 2967 1804 δὲ
2995 1750 3264 1820 ὀξυχολία,
3294 1753 3375 1804 ὅτι
3406 1752 3605 1824 ἔπραξε
3639 1754 3704 1806 τὸ

429 1841 763 1910 perpetravit
797 1860 811 1896 ι
842 1856 963 1911 qua:
1000 1845 1172 1897 ambae
1215 1843 1477 1914 Spiritum
1515 1857 1766 1902 sanctum
1808 1851 2019 1904 contri-

429 1937 600 1986 stant.
661 1930 896 1986 Elimina
953 1949 1083 2003 ergo
1127 1936 1425 2001 tristitiam,
1492 1953 1670 2008 neque
1721 1942 2018 1997 contristes

434 2020 698 2088 Spiritum
723 2030 972 2076 sanctum
1008 2025 1060 2077 in
1082 2032 1136 2079 te
1168 2025 1502 2081 habitantem
1532 2049 1543 2082 :
1577 2045 1646 2084 ne
1677 2029 1817 2086 forte
1848 2031 2016 2086 Deum

433 2111 777 2176 obsecretur,
818 2114 871 2167 et
900 2129 930 2166 a
963 2122 1016 2168 te
1051 2115 1334 2171 abscedat.
1376 2115 1615 2186 Spiritus
1656 2137 1892 2192 namque
1922 2121 2020 2178 Dei

433 2203 528 2272 qui
569 2203 720 2256 carni
766 2212 968 2258 nostrae
1021 2205 1355 2274 impcrtitur,
1409 2211 1682 2265 carnalem
1737 2213 2018 2267 tristitiam

433 2311 546 2350 non
603 2295 866 2363 sustinet,
930 2312 1107 2366 neque
1173 2301 1626 2358 coarctationem.
1691 2302 1817 2357 Sola
1873 2306 2017 2358 enim

432 2384 662 2438 tristitia
720 2386 1119 2454 praateritorum
1185 2398 1533 2458 peccatorum
1606 2393 1760 2446 affert
1817 2393 2025 2446 utilita-

431 2482 592 2541 tem;
633 2475 764 2529 dum
811 2477 1042 2532 ulterius
1093 2494 1201 2532 non
1260 2481 1594 2549 peccaveris.
1658 2482 1826 2536 lndue
1879 2482 2020 2536 hila-

430 2566 670 2631 ritatem,
715 2583 837 2637 qua:
887 2570 1037 2622 omni
1090 2568 1244 2624 floret
1287 2574 1461 2642 gratia
1504 2572 1646 2642 apud
1691 2572 1882 2638 Deum,
1932 2574 2019 2627 cui

429 2664 516 2710 est
557 2658 967 2728 acceptissima,
1014 2662 1070 2714 in
1108 2677 1282 2731 eaque
1332 2663 1536 2718 laetare.
1591 2666 1778 2719 Omnis
1824 2665 2024 2736 quippe

431 2747 626 2805 hilaris
652 2750 818 2806 homo
867 2752 1010 2806 bona
1042 2763 1322 2824 Operatur,
1355 2755 1497 2810 bona
1522 2757 1688 2811 sentit
1712 2764 1766 2812 et
1795 2758 2019 2828 cogitat,

432 2841 752 2911 spernitque
797 2858 992 2897 vanam
1040 2845 1323 2900 tristitiam
1360 2866 1374 2901 :
1411 2856 1600 2902 contra
1640 2848 1804 2903 homo
1853 2849 2024 2905 tristis

435 2931 662 2988 assidue
707 2934 964 2988 irascitur
998 2942 1052 2989 et
1080 2937 1425 3006 iniquitatem
1471 2950 1750 3011 operatur,
1781 2958 1882 2996 nec
1914 2943 2022 2997 Do-

433 3023 645 3079 minum
688 3033 968 3094 precatur,
1013 3042 1192 3097 neque
1227 3031 1371 3084 mala
1424 3031 1528 3101 ipsi
1567 3033 1858 3088 confitetur
1901 3050 2018 3089 sua.

2121 1844 2378 1916 πονηρόν.
2431 1845 2742 1914 Ἀμφότερα
2793 1839 2883 1896 οὖν
2910 1843 3131 1914 λυπηρά
3160 1845 3276 1896 ἐστι
3316 1843 3392 1914 τῷ
3423 1845 3704 1915 Πνεύματι

2119 1935 2196 2006 τῷ
2224 1935 2386 2006 ἁγίῳ.
2409 1930 2580 2006 τΑρον
2612 1931 2704 1987 οὖν
2736 1934 2844 1988 ἀπὸ
2883 1933 2974 1988 σοῦ
3001 1933 3098 2004 τὴν
3128 1933 3306 2004 λύπην
3331 1936 3424 1987 καὶ
3457 1935 3533 2007 μὴ
3553 1936 3701 1988 θλίϐε

2117 2026 2178 2078 τὸ
2211 2025 2438 2094 Πνεῦμα
2470 2025 2532 2078 τὸ
2587 2026 2741 2093 ἅγιον
2794 2025 2854 2078 τὸ
2886 2027 2944 2078 ἐν
2999 2024 3082 2076 σοὶ
3127 2024 3416 2077 κατοικοῦν
3440 2065 3456 2090 ,
3492 2027 3703 2096 μήποτε

2120 2116 2434 2186 ἐντεύξηται
2471 2115 2548 2186 τῷ
2588 2116 2728 2186 Θεῷ,
2765 2116 2859 2168 καὶ
2904 2117 3114 2186 ἀποστῇ
3166 2116 3272 2169 ἀπὸ
3307 2115 3424 2168 σοῦ.
3472 2117 3544 2168 Τὸ
3591 2118 3704 2189 γάρ

2119 2205 2341 2276 Πνεῦμα
2384 2203 2477 2257 τοῦ
2526 2203 2680 2267 Θεοῦ,
2709 2204 2769 2256 τὸ
2809 2202 2958 2256 δοθὲν
3001 2205 3080 2268 εἰς
3127 2203 3224 2275 τὴν
3270 2204 3447 2273 σάρκα
3475 2205 3703 2276 ταύτην,

2119 2296 2294 2366 λύπην
2331 2295 2598 2366 σαρκικὴν
2650 2295 2748 2363 οὐχ
2796 2293 3095 2364 ὑποφέρει,
3149 2293 3272 2346 οὐδὲ
3315 2295 3700 2366 στενοχωρίαν.

2120 2387 2278 2458 Λύπη
2326 2387 2434 2458 γάρ
2475 2388 2508 2457 ή
2571 2386 2662 2437 ἐπὶ
2707 2388 2819 2449 τοῖς
2867 2383 3102 2455 πρώτοις
3153 2386 3513 2457 ἁμαρτήμασι
3564 2385 3702 2457 μόνη

2120 2480 2233 2549 ἔχει
2281 2479 2566 2547 ὠφέλειαν,
2597 2476 2693 2530 ἐὰν
2733 2477 2806 2547 μὴ
2854 2475 3013 2529 πάλιν
3053 2477 3396 2549 ἀμαρτὴσῃς.
3443 2477 3705 2530 Ἐνδυσαι

2121 2567 2212 2623 οῦν
2244 2569 2342 2640 τὴν
2375 2569 2690 2640 ἱλαρότητα,
2713 2565 2811 2637 τὴν
2840 2566 3072 2620 πάντοτε
3105 2567 3331 2638 ἔχουσαν
3367 2567 3527 2637 χάριν
3552 2567 3705 2638 παρά

2121 2661 2199 2732 τῷ
2229 2661 2348 2732 Θεῷ
2383 2662 2477 2714 καὶ
2506 2659 2902 2730 εὐπρόσδεκτον
2931 2655 3099 2713 οὖσαν
3132 2659 3280 2730 αὐτῷ
3309 2660 3403 2713 καὶ
3434 2659 3705 2730 ἐντρύφη-

2124 2769 2214 2804 σον
2254 2753 2310 2803 ἐν
2343 2752 2500 2822 αὐτῇ.
2524 2751 2638 2813 Πᾶς
2665 2749 2774 2820 γάρ
2804 2748 2988 2820 ἱλαρὸς
3013 2749 3152 2820 ἀνὴρ
3194 2749 3376 2818 ἀγαθά
3410 2749 3706 2821 ἐργάζεται

2123 2843 2216 2895 καὶ
2245 2840 2427 2911 ἀγαθά
2449 2843 2636 2912 φρονεῖ
2659 2842 2752 2894 καὶ
2776 2843 3111 2910 καταφρονεῖ
3124 2842 3220 2912 τῆς
3245 2843 3480 2912 ματαίας
3501 2841 3702 2914 λύπης.

2136 2936 2193 2987 '0
2214 2935 2270 2987 δὲ
2302 2933 2543 3003 λυπηρὸς
2570 2931 2710 3003 ἀνὴρ
2744 2933 2975 2986 πάντοτε
3013 2932 3291 3004 ὀργίζεται
3345 2935 3437 2985 καὶ
3473 2934 3706 3004 ἀνομίαν

2125 3026 2416 3098 ἐργάζεται
2452 3025 2526 3094 μὴ
2553 3025 2894 3094 ἐντυγχάνων
2932 3024 3068 3096 μηδὲ
3107 3023 3595 3095 ἐξομολογούμενος
3626 3025 3708 3097 τῷ

431 3113 623 3172 Oratio
654 3118 854 3188 quippe
883 3119 986 3173 viri
1018 3121 1242 3175 tristitia
1269 3125 1547 3193 occupati,
1578 3125 1878 3182 ascendere
1909 3143 2020 3182 non

2123 3117 2259 3188 Θεῷ.
2307 3118 2545 3170 Πάντοτε
2591 3116 2700 3187 γὰρ
2733 3115 2980 3187 λυπηροῦ
3029 3116 3224 3188 ἀνδρὸς
3267 3120 3301 3187 ἡ
3335 3115 3571 3183 ἔντευξις
3603 3118 3709 3170 οῦκ

428 3209 575 3263 valet
614 3208 684 3262 ad
727 3210 899 3264 altare
935 3209 1051 3274 Dei,
1093 3214 1221 3281 quia
1274 3213 1498 3268 tristitia
1535 3215 1738 3271 insidet
1775 3217 1834 3270 in
1853 3217 2020 3272 corde

430 3301 628 3370 ipsius.
687 3299 939 3357 Tristitia
995 3318 1127 3374 ergo
1176 3305 1453 3359 mundana
1505 3308 1810 3375 precationi
1865 3323 2017 3363 com-

430 3390 618 3453 mista,
655 3405 766 3445 non
795 3392 927 3446 sinit
959 3394 1331 3464 precationem
1381 3398 1679 3452 ascendere
1724 3413 1920 3469 puram
1949 3400 2018 3454 ad

431 3483 630 3538 altare.
699 3481 1172 3549 Quemadmodum
1237 3487 1384 3542 enim
1452 3498 1667 3544 acetum
1718 3498 1772 3546 et
1829 3492 2019 3546 vinum

432 3574 697 3643 permista
737 3589 848 3630 non
891 3577 1141 3632 eamdem
1189 3577 1374 3633 ferunt
1419 3583 1578 3637 ambo
1631 3584 1962 3655 voluptatem
1999 3627 2015 3652 ,

433 3666 516 3720 sic
537 3666 765 3722 tristitia
795 3684 923 3722 cum
951 3667 1161 3739 Spiritu
1193 3679 1385 3727 sancto
1415 3675 1599 3740 mista,
1631 3691 1741 3730 non
1771 3677 2019 3732 eamdem

432 3756 635 3813 emittit
663 3759 989 3815 orationem.
1020 3762 1204 3832 Purga
1240 3763 1408 3833 igitur
1444 3771 1497 3819 te
1533 3766 1648 3836 ipse
1673 3781 1703 3820 a
1728 3782 1894 3838 prava
1929 3767 2021 3821 illa
2051 3766 2054 3768 ’

432 3848 678 3914 tristitia,
708 3858 763 3904 et
792 3850 942 3905 vives
974 3849 1085 3905 Deo
1119 3853 1176 3906 in
1203 3855 1424 3908 saecula.
1449 3855 1641 3912 Amen.

2126 3211 2237 3281 ἔχει
2264 3209 2490 3281 δύναμιν
2523 3209 2619 3262 τοῦ
2650 3211 2917 3280 ἀναϐῆναι
2960 3209 3054 3264 ἐπὶ
3085 3209 3146 3262 τὸ
3188 3208 3574 3281 θυσιαστήριον
3608 3209 3706 3262 τοῦ

2125 3302 2288 3355 Θεοῦ·
2325 3303 2404 3354 ὅτι
2435 3304 2470 3372 ὴ
2505 3301 2650 3371 λύπη
2686 3300 2988 3372 ἐγκάθηται
3022 3301 3102 3363 είς
3125 3299 3221 3372 τὴν
3257 3299 3486 3371 καρδίαν
3511 3300 3704 3354 αὐτοῦ.

2123 3395 2454 3466 Μεμιγμένη
2486 3389 2578 3447 οῦν
2602 3394 2636 3465 ἡ
2663 3392 2838 3463 λύπη⁸
2877 3395 2910 3463 ἡ
2940 3393 3179 3464 κοσμικὴ
3221 3391 3358 3463 μετά
3380 3393 3478 3463 τῆς
3515 3393 3707 3445 ἐντεύ-

2125 3487 2260 3554 ξεως
2284 3488 2385 3540 οὐκ
2423 3486 2618 3556 ἀφίησι
2644 3486 2742 3557 τὴν
2767 3484 3006 3550 ἔντευξιν
3033 3483 3302 3555 ἀναϐῆναι
3347 3484 3594 3556 καθαράν
3627 3487 3711 3550 εἰς

2122 3579 2184 3632 τὸ
2228 3578 2633 3649 θυσιαστήριον.
2668 3578 2878 3648 Ὥσπερ
2916 3574 3026 3647 γὰρ
3066 3575 3186 3641 ὅξος
3221 3575 3316 3628 καὶ
3349 3571 3491 3639 οἶνος
3536 3593 3709 3647 μεμι-

2124 3671 2301 3742 γμένα
2322 3670 2435 3743 (71)
2464 3669 2562 3740 τὴν
2609 3669 2781 3739 αὐτὴν
2807 3667 2999 3738 ἡδονὴν
3025 3666 3126 3720 οὐκ
3163 3666 3396 3736 ἔχουσιν,
3435 3665 3578 3720 οὕτω
3608 3668 3711 3720 καὶ

2119 3764 2262 3837 λύπη
2323 3763 2635 3836 μεμιγμένη
2702 3761 2842 3832 μετά
2883 3760 2977 3814 τοῦ
3031 3759 3187 3828 ἀγίου
3239 3758 3554 3829 Πνεύματος
3604 3760 3712 3831 τὴν

2126 3857 2296 3928 αὐτὴν
2339 3854 2577 3918 ἔντευξιν
2627 3851 2766 3924 [οὐκ
2796 3851 2972 3924 ἔχει].
3017 3850 3329 3922 Καθάρισον
3373 3846 3465 3904 οὖν
3510 3851 3723 3908 ἑαυτὸν.

434 3941 544 3995 ἀπὸ
594 3942 693 4013 τῆς
723 3941 902 4012 λύπης
951 3946 1192 4016 πονηρᾶς
1229 3946 1464 4018 ταύτης,
1514 3949 1610 4002 καὶ
1659 3948 1799 4023 ζήσῃ
1841 3949 1921 4022 τῷ
1971 3949 2091 4020 Θεῷ
2118 3950 2198 4013 εἰς
2226 3949 2352 4012 τοὺς
2394 3947 2614 4009 αἰῶνας.
2655 3945 2850 4016 Ἀμήν.

1034 4105 1416 4161 Duodecimum
1440 4117 1779 4178 prwceptum,
1809 4107 1974 4162 Deum
2004 4108 2204 4171 timere,
2236 4106 2506 4159 diabolum
2536 4121 2639 4158 non
2667 4104 2848 4156 timere
2880 4110 3099 4170 oportet.

513 4235 594 4290 l2.
621 4236 918 4308 Postquam
965 4247 1150 4295 autem
1201 4250 1514 4307 oraverant,
1551 4244 1628 4297 ait
1676 4243 1756 4296 illi
1802 4244 2021 4313 episco-

2197 4241 2286 4295 12.
2332 4241 2440 4294 Καὶ
2472 4239 2785 4310 εὐξαμένων
2819 4235 3018 4300 αὐτῶν,
3051 4235 3201 4303 λέγει
3229 4233 3378 4304 αὐτῷ
3410 4233 3438 4286 6
3473 4233 3712 4288 ἐπίσκο-

436 4343 581 4399 pus:
627 4330 844 4385 Attente
893 4331 1188 4400 perpende,
1221 4341 1278 4387 et
1317 4349 1386 4388 ex
1419 4343 1534 4390 toto
1561 4335 1728 4391 corde
1765 4344 1860 4392 tuo
1887 4351 2020 4392 con-

2125 4351 2254 4398 πος’
2296 4332 2470 4386 Βλέπε
2517 4329 2775 4403 στερεῶς,
2811 4330 2906 4383 καὶ
2934 4327 2994 4392 ἐξ
3040 4327 3170 4396 ὅλης
3202 4327 3302 4397 τῆς
3344 4325 3570 4398 καρδίας
3608 4343 3711 4380 σου

436 4425 653 4474 vertere
675 4420 742 4474 ad
770 4420 1086 4486 Dominum,
1112 4437 1217 4478 nec
1241 4424 1521 4480 diabolum
1555 4426 1898 4493 reformides,
1937 4428 2022 4485 vis

437 4511 640 4596 quippe
677 4513 826 4567 nulla
858 4514 915 4568 in
947 4530 1014 4570 eo
1056 4522 1142 4571 est
1188 4517 1452 4574 adversus
1499 4535 1688 4576 servos
1718 4520 1814 4576 Dei
1843 4541 1858 4576 :
1892 4535 2019 4576 nam

440 4601 586 4658 Deus
602 4611 688 4658 est
715 4605 810 4674 qui
832 4605 926 4660 dat
940 4605 1248 4664 victoriam.
1273 4608 1534 4668 Diabolus
1558 4621 1820 4668 terrorem
1839 4629 2023 4684 quem-

441 4690 568 4745 dam
603 4692 782 4746 solum
836 4693 1122 4764 imprimit,
1170 4698 1267 4753 sed
1310 4706 1489 4754 terror
1526 4700 1618 4756 ille
1651 4702 1789 4756 nihil
1821 4701 2020 4757 virium

440 4782 622 4838 habet.
655 4781 734 4838 Ne
766 4782 1026 4843 formides
1062 4788 1246 4858 itaque
1270 4789 1447 4856 illum,
1468 4799 1523 4847 et
1556 4801 1662 4849 ate
1686 4793 1876 4864 fugiet.
1909 4792 2021 4848 Nec

439 4873 618 4928 minas
652 4874 801 4931 illius
841 4879 1217 4947 pertimescas.
1251 4881 1485 4939 Perinde
1529 4886 1674 4940 enim
1714 4886 2021 4942 imbecillus

439 4971 524 5019 est
564 4970 624 5018 ut
673 4967 827 5021 nervi
879 4968 1183 5025 cadaveris.
1233 4970 1345 5028 Nec
1379 4982 1558 5043 potest
1605 4975 1878 5030 dominari
1926 4975 2020 5032 Dei

441 5055 638 5122 servis,
660 5056 756 5126 qui
787 5073 849 5116 ex
884 5065 998 5114 toto
1027 5061 1194 5118 corde
1221 5078 1319 5117 suo
1358 5074 1580 5134 sperant
1609 5067 1665 5120 in
1709 5066 1882 5120 illum.
1911 5066 2019 5121 Pu-

440 5162 608 5218 gnare
637 5147 887 5208 diabolus
912 5153 1079 5218 valet,
1128 5169 1442 5227 oppugnare
1475 5173 1586 5212 non
1615 5158 1779 5214 valet.
1827 5158 1884 5212 Si
1923 5161 2022 5213 ob-

442 5240 650 5295 stiteris
677 5242 780 5307 illi,
807 5254 1102 5314 superatus
1128 5246 1299 5318 fugiet
1331 5257 1434 5305 ate
1463 5267 1586 5306 cum
1619 5251 1848 5324 pudore.
1869 5251 2022 5306 Time

443 5331 628 5397 potius
661 5331 978 5401 Dominum,
1014 5337 1108 5407 qui
1140 5345 1319 5409 potest
1353 5341 1564 5395 salvum
1590 5340 1769 5396 facere
1799 5349 1854 5396 et
1893 5356 2020 5410 per-

444 5419 592 5478 dere.
623 5421 702 5480 Ne
741 5426 1066 5485 reformides
1094 5431 1182 5486 vel
1226 5432 1418 5489 timeas
1467 5443 1695 5489 mortem
1724 5449 1846 5505 quae
1876 5433 2021 5488 fluxa

518 5603 632 5743 (7i;
663 5605 854 5679 Vulgo,
887 5611 1008 5678 ὅξος
1038 5614 1165 5684 οἴνῳ
1197 5616 1548 5687 μεμιγμένον.
1577 5616 1785 5672 Noua.

520 5673 608 5743 (72
669 5677 788 5733 Haec
830 5692 1045 5738 exstant
1088 5686 1189 5740 sub
1243 5685 1398 5743 finem
1452 5689 1751 5743 duodecimi

2125 4428 2428 4498 ἐπίστρεφε
2471 4423 2607 4494 πρὸς
2671 4423 2877 4494 Κύριον
2931 4420 3067 4490 (72)
3099 4435 3114 4450 ⁸
3179 4420 3274 4472 καὶ
3331 4417 3404 4488 μὴ
3457 4415 3715 4488 φοϐηθῇς

2120 4519 2214 4572 τὸν
2241 4515 2488 4571 διάϐολον
2519 4533 2533 4546 °
2578 4514 2809 4586 δύναμις
2852 4512 2961 4584 γὰρ
3005 4513 3063 4564 ἐν
3097 4509 3245 4580 αὐτῷ
3270 4509 3368 4562 οὐκ
3413 4507 3526 4560 ἔστι
3559 4508 3717 4561 κατὰ

2120 4611 2228 4665 τῶν
2260 4610 2461 4664 δούλων
2491 4608 2584 4662 τοῦ
2618 4606 2775 4662 Θεοῦ.
2830 4607 2888 4660 '0
2917 4605 3048 4667 Θεὸς
3073 4603 3180 4674 γάρ
3209 4603 3353 4654 ἐστιν
3387 4603 3414 4654 ὁ
3446 4600 3715 4672 παρέχων

2107 4702 2219 4776 ’τὴν
2249 4708 2425 4774 νίκην.
2469 4703 2526 4756 Ὁ
2551 4700 2796 4764 διάϐολος
2833 4698 2992 4770 μόνον
3022 4695 3186 4764 φόϐον
3219 4693 3360 4764 ἔχει·
3394 4694 3422 4744 6
3451 4691 3508 4744 δὲ
3537 4691 3716 4760 φόϐος

2120 4793 2284 4848 αὑτοῦ
2316 4794 2504 4856 τόνους
2545 4793 2645 4845 οὐκ
2692 4791 2826 4862 ἔχει.
2878 4790 2969 4860 Μὴ
2996 4785 3238 4858 φοϐηθῇς
3265 4781 3356 4838 οὖν
3383 4785 3563 4847 αὑτὸν,
3608 4787 3716 4839 καὶ

2122 4883 2374 4952 φεύξεται
2401 4883 2507 4935 ἀπὸ
2527 4880 2644 4948 σοῦ,
2666 4881 2799 4952 μηδὲ
2825 4881 2922 4950 τὴν
2953 4878 3181 4950 ἀπειλὴν
3210 4877 3374 4932 αὐτοῦ
3403 4877 3710 4950 δειλιάσῃς.

2126 4978 2346 5037 Ἀτονος
2379 4974 2487 5046 γὰρ
2520 4973 2596 5037 ὡς
2626 4971 2822 5043 νεκροῦ
2865 4969 3051 5042 νεῦρα.
3081 4971 3155 5023 Οὐ
3199 4969 3420 5024 δύναται
3453 4969 3562 5042 γὰρ
3605 4988 3715 5024 κα-

2121 5066 2536 5121 ταδυναστεύειν
2571 5065 2678 5117 τῷν
2731 5062 2934 5116 δούλων
2979 5061 3074 5116 τοῦ
3120 5061 3255 5115 Θεοῦ
3302 5061 3410 5114 τῶν
3463 5061 3522 5126 ἐξ
3572 5060 3713 5128 ὅλης

2122 5160 2347 5230 καρδίας
2390 5157 2720 5223 ἐλπιζόντων
2759 5157 2847 5208 ἐπ’
2886 5155 3068 5210 αὐτόν.
3116 5154 3350 5208 Δύναται
3383 5149 3474 5208 οὖν
3507 5156 3535 5207 6
3577 5154 3708 5208 διά-

2122 5251 2275 5314 ϐολος
2319 5251 2600 5313 παλαῖσαι,
2653 5247 3054 5302 καταπαλαῖσαι
3100 5246 3157 5298 δὲ
3198 5245 3258 5298 ού
3291 5244 3534 5298 δύναται.
3574 5244 3710 5297 Ἐὰν

2121 5339 2213 5397 οὖν
2243 5345 2495 5413 άντιστῇς
2534 5342 2716 5405 αὑτὸν,
2749 5339 2992 5412 νικηθεὶς
3021 5337 3272 5408 φεύξεται
3303 5338 3410 5391 ἀπὸ
3438 5337 3531 5390 σοῦ
3565 5355 3711 5392 κατ.-

2120 5434 2486 5508 ῃσχυμμένος.
2512 5434 2731 5488 Μᾶλλον
2769 5431 3038 5503 φοϐήθητι
3065 5431 3157 5485 τὸν
3182 5429 3387 5502 Κύριον
3420 5427 3512 5483 τὸν
3539 5427 3710 5486 δυνά-

669 5677 792 5733 Haec
830 5677 1045 5738 exstant
1088 5677 1208 5740 sub'
1243 5677 1398 5743 finem
1452 5689 1751 5744 duodecimi
1804 5687 2014 5746 Hermae
2035 5688 2294 5753 mandati,
2323 5687 2415 5743 sed
2457 5687 2793 5756 aliquantum
2821 5685 3054 5739 diversa.
