3860 6200
156 304 264 359 575

1159 293 1513 353 DOCTRINA
1550 293 1643 350 AD
1680 294 2090 354 ANTIOCHUM
2119 294 2375 355 DUCEM.

3292 286 3401 347 57‘

142 431 308 487 μενον
365 415 539 468 σῶσαι
596 414 693 469 καὶ
750 414 1035 472 ἀπολέσαι.
1085 414 1178 486 Μὴ
1223 413 1502 487 δειλιάσῃς
1524 452 1541 478 ,
1590 413 1757 486 μηδὲ,

1864 424 1937 472 st.
1978 415 2087 472 Sed
2115 415 2247 471 time
2274 420 2581 486 peccatum,
2615 411 2761 484 quod
2794 426 2861 468 ex
2885 410 3169 467 voluntate
3207 414 3263 463 et
3289 405 3402 462 ele-
3442 408 3456 421 ‘

144 505 402 607 φοϐηθῇς·
438 508 531 607 τδν
580 506 845 572 θάνατον,
900 505 1140 576 φθαρτὸς
1200 504 1311 577 γάρ
1358 507 1540 560 ἐστιν’
1587 505 1725 560 ἀλλὰ

1860 509 2006 563 tione
2030 508 2296 577 procedit.
2320 507 2464 562 Cave
2488 506 2587 561 tibi
2616 522 2645 560 a
2666 505 2842 560 tribus
2861 502 3109 573 corporis
3128 499 3208 555 tui
3230 512 3405 552 mem-

149 596 320 666 φοϐοῦ
349 596 450 670 τὴν
476 597 773 669 ἁμαρτίαν,
804 596 1162 669 προαιρετική
1197 596 1305 667 γάρ
1325 597 1460 649 ἐστι.
1482 595 1726 650 Φύλασσε

1860 603 1964 666 τῖε,
1996 601 2177 666 oculo,
2205 615 2323 666 ore,
2358 599 2567 654 auditu.
2604 597 2683 653 Ne
2714 596 2855 651 forte
2880 596 3116 664 aliquem
3149 589 3322 646 torvis
3349 595 3405 643 et

148 688 382 744 σεαυτὸν
414 688 523 742 ἀπὸ
551 688 661 742 τῶν
712 689 914 760 τρίτων
961 688 1137 760 μελῶν
1168 687 1262 741 τοῦ
1318 687 1570 758 σώματός
1609 705 1725 753 σου,

149 780 463 851 ὀφθαλμοῦ,
521 780 789 850 στόματος
832 781 927 834 καὶ
976 779 1179 850 ἀκοῆς·
1231 780 1443 852 μήποτε
1489 778 1580 832 διὰ
1618 778 1730 833 τῶν

149 868 451 939 ὀφθαλμῶν
491 886 585 922 σου
648 867 922 940 φθονερῶς
954 867 1047 921 καὶ
1094 867 1410 932 ἀκολάστως
1455 867 1732 941 προσέχῃς

149 959 284 1023 τινὶ,
308 958 407 1011 καὶ
433 956 525 1010 διά
557 956 824 1026 πόματος
844 953 938 1008 τοῦ
978 956 1052 1026 μὴ
1068 954 1245 1009 λαλεῖν
1265 971 1394 1009 ποτε
1414 955 1730 1027 ἀσύμφορα,

149 1050 253 1102 καὶ
298 1048 471 1119 ἀκοὴν
518 1050 586 1118 τῇ
630 1046 947 1118 ὑγιαινούσῃ
999 1044 1343 1117 [διδασκαλίᾳ
1384 1045 1731 1119 ὲπίστρεφε],

158 1141 376 1213 μήποτε
433 1139 702 1211 καταδέξῃ
769 1136 985 1209 λόγ[ους
1039 1136 1279 1209 ἀσεϐεῖς]
1324 1138 1457 1207 (75),
1526 1139 1736 1209 μήποτε

156 1232 403 1303 ήττηθῇς
443 1231 726 1294 ἀσυνέτοις
761 1229 1045 1299 λογισμοῖς
1070 1269 1086 1294 ,
1135 1230 1271 1301 ἀκοῇ
1323 1229 1597 1302 βλαϐερᾷ,
1642 1228 1739 1282 καὶ

158 1324 501 1397 ἐπιστρέψίῖς
557 1324 633 1387 ὡς
674 1321 820 1375 κύων
878 1321 972 1374 ἐπὶ¹
1018 1323 1110 1375 τὸν
1141 1322 1275 1376 ἴδιον
1326 1322 1541 1393 ἐμετόν.
1581 1322 1740 1376 Ἀλλά

159 1418 295 1471 λάϐε
351 1417 554 1488 μᾶλλον
621 1416 701 1477 είς
752 1412 850 1484 τὴν
912 1412 1011 1484 σὴν
1066 1412 1275 1469 ἔννοιαν
1335 1413 1434 1486 τὴν
1505 1414 1741 1485 ἐσχάτην

161 1509 401 1581 ἡμέραν.
436 1508 511 1561 Ού
537 1508 646 1582 γὰρ
672 1506 832 1578 μόνος
872 1507 965 1561 τὸν
999 1506 1173 1560 αἰῶνα
1202 1504 1442 1576 βιώσεις,
1476 1505 1615 1559 ἀλλά
1640 1504 1742 1576 τὴν

160 1601 288 1654 τότε
326 1599 597 1672 μνήσθητι
663 1598 893 1669 συνοχὴν
944 1598 1041 1651 καὶ
1072 1597 1310 1667 πνιγμὸν
1362 1598 1458 1650 καὶ
1511 1597 1742 1651 θανάτου

164 1692 316 1764 ῶραν
352 1693 450 1746 καὶ
481 1691 753 1761 ἀπόφασιν
794 1689 931 1743 θεοῦ
967 1689 1398 1759 κατεπείγουσαν
1438 1689 1532 1743 καὶ
1583 1689 1747 1758 ἀγγέ-

164 1786 292 1849 λους
320 1785 746 1846 ἐπισπεύδοντας
791 1783 889 1836 καὶ
935 1782 1112 1853 ψυχὴν
1146 1783 1203 1834 ἐν
1250 1780 1461 1843 τούτοις
1489 1779 1747 1851 θορύϐου·
1775 1769 1818 1824 Β

168 1879 340 1949 μένην
362 1878 456 1930 καὶ
490 1877 607 1947 ἅμα
643 1875 722 1947 τῷ
753 1876 1016 1929 συνειδότι
1051 1873 1265 1948 πικρῶς
1305 1873 1747 1945 μαστιγουμένην

164 1972 264 2024 xui.
316 1970 456 2042 πρὸς
505 1969 574 2022 τὰ
604 1962 707 2021 ὧδε
743 1967 992 2030 ἐλεεινῶς
1023 1966 1473 2039 ἐπιστρέφουσαν.
1502 1966 1612 2018 Καὶ
1649 1965 1748 2035 τὴν

170 2058 547 2130 ἀπαραίτητον
572 2058 672 2128 τῆς
695 2057 911 2127 μακρᾶς
940 2055 1156 2127 ἐκείνης
1178 2054 1488 2125 ἀποδημίας
1503 2054 1748 2124 ἀνάγκην

167 2150 471 2223 διάγραψόν
504 2167 592 2220 μοι
619 2153 682 2221 τῇ
712 2149 941 2219 διανοίᾳ,
972 2148 1072 2220 τὴν
1100 2145 1418 2200 τελευταίαν
1445 2144 1539 2198 τοῦ
1567 2142 1747 2198 κοινοῦ

170 2244 288 2315 βίου
322 2244 728 2314 καταστροφὴν,
751 2243 880 2296 ὅταν
906 2239 1035 2313 ἔλθῃ
1063 2242 1092 2294 ό
1115 2239 1247 2302 Υἱὸς
1275 2237 1372 2292 τοῦ
1408 2236 1544 2291 Θεοῦ
1587 2238 1643 2291 ἐν
1676 2238 1747 2308 τῇ

170 2337 296 2408 δέξῃ
326 2334 493 2390 αὑτοῦ
548 2334 684 2406 μετά
730 2333 840 2387 τῶν
888 2332 1136 2402 ἀγγέλων
1180 2327 1347 2384 αὐτοῦ
1398 2329 1508 2382 τῶν
1554 2328 1746 2396 ἁγίων.

173 2428 334 2492 Ἥξει
374 2425 483 2497 γάρ
530 2424 625 2479 καὶ
676 2424 738 2477 ού
798 2421 1284 2494 παρασιωπήσεται
1311 2457 1327 2482 ,
1380 2418 1508 2470 ὅταν
1554 2414 1681 2488 ἔλθῃ
1722 2415 1751 2466 ὁ

171 2517 380 2588 Κύριος
430 2519 614 2586 κρῖναι
646 2513 855 2578 ζῶντας
903 2512 999 2566 καὶ
1046 2511 1275 2582 νεκροὺς
1316 2508 1412 2562 καὶ
1461 2505 1752 2560 ἀποδοῦναι

174 2610 393 2679 ἑκάστῳ
420 2608 563 2662 κατὰ
606 2607 675 2661 τά
707 2606 843 2679 ἔργα
873 2602 1061 2658 αὑτοῦ.
1083 2600 1368 2672 Μνήσθητι
1404 2598 1495 2653 τὸν
1530 2597 1753 2669 πύρινον

175 2702 423 2773 ποταμὸν
448 2741 463 2765 ,
494 2702 584 2755 τὸν
633 2697 891 2769 σκώληκα
937 2695 1029 2750 τὸν
1086 2693 1382 2765 ἀκοίμητον
1401 2732 1416 2756 ,
1457 2691 1549 2745 τὸν
1584 2689 1754 2744 δεινὸν

176 2796 335 2867 ᾅδην,
369 2794 430 2847 τὸ
457 2793 646 2855 σκότος
678 2791 739 2845 τὸ
771 2789 1053 2861 ἐξώτερον,
1087 2787 1180 2840 τὸν
1209 2783 1405 2855 πικρὸν
1454 2781 1751 2852 κλαυθμὸν,

178 2890 273 2943 τὸν
324 2886 572 2959 βρυγμὸν
609 2884 719 2939 τῶν
756 2883 1018 2946 ὀδόντων,
1062 2878 1161 2951 τὴν
1208 2876 1471 2932 ἄσϐεστον
1502 2875 1751 2945 κάμινον.

182 2983 372 3036 Πάντα
422 2984 533 3051 γὰρ
582 2976 765 3048 γυμνά
814 2975 908 3029 καὶ
948 2968 1426 3044 τετραχηλισμένα
1467 2966 1754 3038 παραστή-

182 3089 369 3127 σεται·
403 3072 532 3125 ὅταν
563 3072 598 3142 ἡ
642 3066 875 3137 σάλπιγξ
904 3065 1087 3134 ἐκείνη
1124 3062 1265 3135 μέγα
1298 3079 1353 3116 τι
1392 3061 1485 3114 καὶ
1531 3059 1757 3132 φοϐερὸν

1828 693 2035 751 invidis
2056 694 2232 750 oculis
2266 693 2532 763 respicias
2551 733 2566 758 ,
2598 699 2651 745 et
2682 705 2777 745 ore
2808 686 3055 758 quaedam
3084 684 3246 739 noxia
3276 695 3407 752 pro-

1831 786 1977 843 feras
2006 804 2022 854 ;
2064 787 2309 842 auditum
2341 800 2471 841 vero
2514 799 2662 840 sanae
2692 781 2815 838 ﬁdei
2847 779 3106 835 adhibeto
3152 782 3404 840 tantum;

1832 895 1902 934 ne
1958 879 2097 935 forte
2147 893 2465 949 perversum
2513 888 2818 931 sermonem
2880 870 3160 932 admittas,
3205 866 3293 921 vel
3342 879 3409 920 ex

1834 973 2001 1029 noxio
2043 972 2231 1027 auditu
2257 972 2326 1025 ab
2367 967 2808 1040 imprudentibus
2852 960 3276 1034 cogitationibus
3316 972 3412 1013 su-

1835 1066 2046 1138 pereris
2071 1063 2207 1137 (τι),
2235 1070 2292 1120 et
2338 1072 2614 1117 revertare
2660 1058 2808 1114 velut
2863 1055 3018 1109 canis
3057 1051 3124 1105 ad
3150 1049 3411 1105 vomitum

1836 1165 2015 1215 tuum.
2060 1154 2168 1211 Sed
2219 1154 2403 1227 potius
2449 1151 2805 1208 novissimam
2850 1148 2994 1204 diem
3022 1145 3187 1215 208
3228 1149 3413 1198 tecum

1838 1259 2053 1322 reputa.
2072 1247 2258 1319 Neque
2285 1247 2431 1304 enim
2459 1253 2518 1300 tu
2544 1244 2697 1300 solus
2721 1243 2778 1297 in
2808 1239 3065 1297 saeculum
3096 1238 3248 1293 vives
3275 1252 3290 1290 :
3315 1231 3414 1289 sed

1841 1348 2115 1399 memento
2164 1340 2363 1396 futura:
2409 1339 2557 1395 illius
2604 1332 2993 1413 coarctationis
3018 1325 3420 1385 suﬂ‘ocationis-

1843 1451 1970 1508 que,
2012 1435 2163 1490 hora
2196 1434 2397 1499 obitus,
2430 1429 2675 1501 urgentis
2715 1425 2999 1481 sententia:
3041 1421 3159 1486 Dei,
3190 1418 3416 1489 angelo-

1842 1544 1968 1584 rum
1999 1526 2396 1588 festinantium,
2444 1522 2639 1576 animae
2677 1519 2938 1573 harumce
2970 1528 3153 1569 rerum
3204 1516 3422 1580 specta-

1845 1621 1970 1677 culo
1996 1619 2250 1681 turbata,
2275 1613 2611 1671 conscientia
2642 1626 2742 1666 sua
2776 1607 3018 1678 graviter
3042 1601 3332 1674 perculsae,
3365 1605 3422 1653 et

1844 1727 1937 1767 res
1957 1710 2123 1779 huius
2140 1707 2323 1764 saeculi
2343 1701 2727 1759 miserabiliter
2745 1694 3089 1766 respicientis
3115 1710 3128 1745 :
3150 1696 3315 1758 atque
3336 1686 3423 1740 in-

1851 1802 2248 1873 deprecabilem
2277 1798 2424 1852 illius
2454 1788 2913 1866 peregrinationis
2953 1782 3334 1841 necessitatem
3365 1776 3425 1832 in

1853 1905 1948 1951 tua
1976 1903 2159 1950 mente
2191 1891 2509 1952 describito,
2547 1901 2649 1941 nec
2677 1899 2786 1939 non
2812 1887 3149 1954 postremum
3174 1887 3421 1930 commu-

1856 1987 1940 2042 nis
1973 1985 2253 2040 hominum
2287 1984 2411 2037 vitae
2439 1980 2668 2042 exitum,
2700 1991 2810 2045 quo
2841 1981 3085 2042 tempore
3113 1967 3294 2023 veniet
3325 1963 3423 2018 Fi-

1854 2078 1961 2133 lins
1998 2075 2095 2131 Dei
2142 2075 2198 2128 in
2249 2071 2421 2144 gloria
2472 2083 2571 2125 sua
2605 2080 2730 2121 cum
2783 2062 2992 2133 angelis
3034 2057 3243 2115 sanctis
3282 2055 3424 2110 suis.

1854 2166 2050 2223 Veniet
2092 2179 2329 2234 namque
2376 2169 2431 2217 et
2459 2177 2570 2215 non
2606 2156 2807 2221 silebit,
2843 2170 2968 2210 cum
3004 2150 3214 2208 venerit
3245 2146 3429 2202 Domi-

1855 2273 1962 2313 nus
1998 2255 2252 2325 judicare
2283 2253 2437 2307 vivos
2474 2258 2528 2305 et
2569 2258 2838 2311 mortuos,
2877 2254 2932 2300 et
2962 2244 3094 2297 dare
3131 2239 3430 2309 unicuique

1857 2348 2157 2407 secundum
2188 2360 2355 2419 opera
2387 2359 2508 2401 sua.
2545 2341 2813 2397 Memento
2843 2338 2986 2409 ignei
3023 2332 3286 2397 ﬂuminis,
3313 2346 3433 2388 ver-

1856 2443 1963 2498 mis
1991 2442 2086 2513 qui
2123 2453 2403 2510 nunquam
2449 2436 2701 2500 moritur,
2748 2429 3027 2486 horribilis
3084 2425 3306 2490 inferni,
3348 2430 3430 2479 te-

1857 2534 2151 2589 nebrarum
2181 2531 2538 2593 exteriorum,
2570 2524 2754 2582 acerbi
2776 2524 2979 2587 luctus,
3018 2517 3272 2576 stridoris
3287 2516 3433 2576 .den-

1858 2624 2016 2689 tium,
2035 2619 2350 2677 inexstincti
2377 2617 2599 2673 camini.
2624 2613 2815 2671 Omnia
2834 2612 2978 2667 enim
3005 2607 3150 2664 nuda
3170 2616 3225 2662 et
3245 2610 3435 2675 aperta

1858 2715 2277 2779 exhibebuntur,
2312 2726 2436 2767 cum
2468 2710 2593 2765 tuba
2642 2708 2737 2762 illa
2777 2718 3033 2776 magnum
3065 2700 3194 2771 quid
3233 2706 3289 2754 et
3325 2704 3437 2751 ter-

1859 2803 2019 2859 ribile
2055 2815 2359 2873 personans
2409 2797 2668 2854 excitabit
2717 2808 2814 2850 eos
2857 2793 2949 2863 qui
2988 2806 3018 2846 a
3065 2789 3263 2846 saeculo
3307 2785 3436 2840 dor.-

1860 2895 2035 2950 miunt
2062 2912 2078 2949 :
2115 2911 2133 2945 ι
2165 2898 2219 2949 et
2251 2890 2548 2963 precedent
2576 2888 2671 2959 qui
2704 2888 2849 2943 bona
2881 2884 3131 2940 fecerunt
3164 2882 3220 2936 in
3248 2894 3435 2936 resur-

1860 2987 2160 3043 rectionem
2187 2984 2343 3050 vitae;
2395 2983 2489 3051 qui
2515 2994 2646 3036 vero
2687 2978 2830 3033 mala
2862 2980 3110 3047 egerunt,
3149 2973 3205 3028 in
3243 2985 3435 3028 resur-

1860 3077 2157 3133 rectionem
2189 3074 2382 3145 jndicii
2411 3074 2477 3128 ⁷⁸.
2519 3090 2539 3125 ›
2576 3069 2847 3126 Memento
2888 3065 3119 3122 visionis
3155 3062 3432 3118 Danielis:

181 3167 438 3235 ήχήσασα
477 3131 605 3227 τοὺς
658 3162 754 3215 ἀπ’
806 3131 1001 3221 αἰῶνος
1158 3192 1175 3208 .
1239 3192 1255 3209 .
1284 3194 1299 3207 .
1320 3193 1333 3208 .
1362 3131 1754 3214 καθεύδοντας,

1860 3131 1970 3243 quo
2010 3178 2172 3241 pacto
2189 3131 2284 3223 ὀι)
2333 3165 2523 3222 oculos
2575 3171 2741 3235 ponat
2782 3158 3051 3231 judicium
3093 3177 3106 3210 :
3159 3173 3179 3208 ι
3230 3153 3434 3216 Donec,

188 3278 209 3308 ι
259 3259 354 3310 καὶ
398 3254 822 3329 ἐκπορεύσονται
867 3253 919 3304 ot
972 3248 1043 3303 τὰ
1098 3245 1283 3316 ἀγαθὰ
1331 3244 1638 3316 πράξαντες
1679 3242 1759 3304 είς

183 3349 485 3403 ἀνάστασιν
539 3347 717 3418 ζωῆςο
760 3347 811 3398 οἱ
855 3342 914 3397 δὲ
962 3341 1034 3395 τά
1090 3338 1268 3410 φαῦλα
1323 3335 1630 3410 πράξαντες
1683 3335 1763 3397 είς

184 3441 503 3497 ἀνάστασιν
532 3439 787 3509 κρίσεως.
836 3453 857 3487 ›
904 3431 1186 3504 Μνήσθητι
1247 3427 1348 3498 τῆς
1411 3424 1508 3480 τοῦ
1567 3423 1764 3495 Δανιὴλ

186 3536 473 3598 omnem,
490 3531 608 3596 πῶς
632 3531 725 3584 ὑπ’
750 3527 934 3598 ὄψεσιν
954 3524 1080 3594 ἄγει
1100 3523 1198 3595 τὴν
1220 3520 1423 3593 κρίσιν,
1445 3519 1548 3582 ὅτι,
1577 3516 1762 3587 φησὶν,

191 3649 211 3681 ι
246 3630 399 3693 Ἕως
449 3622 512 3680 οῦ
561 3623 742 3695 θρόνοι
775 3618 1062 3689 ἐτέθησαν,
1114 3615 1213 3670 καὶ
1259 3610 1496 3674 Παλαιὸς
1543 3606 1766 3680 ἡμερῶν

187 3720 434 3783 ἐκάθισε,
472 3715 570 3771 καὶ
599 3714 661 3768 τὸ
704 3712 906 3782 ἔνδυμα
935 3706 1100 3763 αὐτοῦ
1145 3705 1337 3759 λευκὸν
1375 3703 1450 3766 ὡς
1485 3700 1640 3772 χιὼν,
1676 3699 1770 3752 καὶ

188 3819 224 3887 ἡ
253 3813 378 3888 θρὶξ
424 3812 525 3883 τῆς
574 3808 817 3879 κεφαλῆς
874 3803 1038 3859 αὐτοῦ
1085 3803 1162 3865 ὼς
1200 3800 1344 3873 ἐριον
1389 3795 1651 3866 καθαρόν.
1711 3794 1770 3847 Ὁ

190 3885 384 3979 θρόνος
418 3902 583 3957 αὐτοῦ
616 3901 692 3965 ὡς
726 3898 856 3970 φλὸξ
907 3895 1102 3969 πυρός·
1147 3894 1196 3947 οί
1229 3892 1412 3964 τροχοὶ
1464 3887 1628 3944 αὐτοῦ
1660 3885 1771 3960 πῦρ

192 3998 395 4069 φλέγον
415 4013 429 4026 ·
481 3993 725 4065 ποταμὸς
777 3990 949 4062 πυρὸς
1006 3982 1187 4040 εἷλκεν
1232 3981 1540 4056 ἔμπροσθεν
1582 3979 1770 4034 αὑτοῦ.

189 4091 378 4146 Χίλιαι
417 4086 655 4159 χιλιάδες
698 4080 1072 4152 ἐλειτούργουν
1114 4077 1263 4149 αύτῷ
1296 4076 1389 4129 καὶ
1445 4073 1635 4146 μύριαι
1674 4089 1774 4144 μυ-

196 4183 379 4255 ριάδες
408 4178 869 4252 παρειστήκεισαν
895 4172 1062 4244 αὐτῷ.
1104 4171 1402 4243 Κριτήριον
1431 4167 1652 4221 ἐκάθισε
1682 4166 1775 4219 καὶ

196 4268 881 4348 βίῶοιήνειξ›χθησαν.ιΤά
910 4262 1196 4336 ἀγαθά,τά
1224 4260 1426 4332 φαῦλα,
1443 4259 1512 4312 τά
1539 4256 1772 4329 φανερὰ,

193 4346 265 4422 τὰ
289 4365 670 4438 κεκρυμμένα,
703 4360 775 4415 τὰ
799 4359 1123 4431 πράγματα,
1150 4354 1219 4408 τὰ
1253 4353 1495 4425 ῥήματα,
1528 4350 1596 4402 τὰ
1624 4346 1779 4401 ἐνθυ-

1862 3261 1969 3329 ait,
2015 3259 2199 3315 throni
2238 3255 2402 3328 positi
2443 3262 2605 3318 sunt,
2641 3257 2696 3307 et
2724 3250 2999 3322 Antiquus
3038 3247 3247 3303 dierum
3275 3243 3438 3308 sedit,

1861 3362 1916 3412 et
1961 3352 2346 3409 vestimentum
2378 3349 2499 3420 ejus
2543 3347 2727 3403 album
2771 3344 2915 3401 sicut
2960 3342 3076 3406 nix,
3111 3347 3165 3395 et
3208 3337 3439 3409 capillus

1864 3444 2060 3515 capitis
2109 3443 2229 3513 ejus
2271 3440 2427 3513 quasi
2471 3440 2599 3493 lana
2649 3435 2870 3490 munda.
2914 3432 3170 3487 Thronus
3210 3428 3333 3499 ejus
3381 3433 3442 3480 ut

1864 3529 2081 3584 ﬂamma
2127 3529 2289 3601 ignis,
2342 3534 2477 3583 rotae
2524 3526 2645 3596 ejus
2691 3523 2833 3595 ignis
2881 3536 3194 3579 accensus:
3244 3516 3443 3571 ﬂuvius

1850 3624 2060 3694 igneus
2105 3620 2308 3677 ﬂuebat
2362 3619 2418 3673 in
2460 3622 2754 3686 conspectu
2805 3612 2948 3682 ejus.
3000 3609 3168 3664 Millia
3210 3605 3444 3661 millium

1868 3713 2251 3769 ministrabant
2286 3710 2359 3778 ei,
2391 3716 2448 3765 et
2474 3709 2657 3764 decies
2686 3704 2886 3760 millies
2927 3698 3275 3758 dena.millia
3306 3695 3448 3752 assi-

1871 3808 2089 3864 stebant
2110 3806 2183 3870 ei,
2221 3803 2489 3874 judicium
2529 3799 2671 3856 sedit
2701 3804 2758 3854 et
2792 3797 2919 3852 libri
2958 3793 3133 3866 aperti
3164 3797 3293 3848 sunt
3315 3788 3384 3844 ".
3418 3805 3446 3841 ι

1872 3899 2010 3955 Tum
2045 3900 2210 3965 bona,
2236 3897 2399 3960 mala,
2431 3890 2743 3959 manifesta,
2791 3886 3134 3948 abscondita,
3167 3883 3329 3946 facta,
3363 3880 3450 3935 di-

1872 4001 1981 4056 cta,
2019 3989 2273 4061 cogitata,
2311 3987 2602 4057 derepente
2643 3981 2898 4038 omnibus
2932 3976 3282 4034 audientibus
3319 3987 3445 4029 cum

1874 4060 2105 4152 angelis,
2132 4086 2247 4133 tum
2304 4073 2620 4130 hominibus
2668 4070 2850 4141 palam
2916 4067 3197 4123 revelabit.
3250 4060 3446 4120 Omnia

1874 4151 2042 4237 enim,
2079 4167 2159 4224 uti
2188 4181 2355 4237 supra
2385 4164 2518 4228 dixi,
2554 4161 2701 4217 nuda
2732 4167 2789 4216 et
2828 4155 3121 4215 manifesta
3147 4151 3444 4217 exhibebit,

1877 4277 2063 4320 coram
2094 4257 2324 4315 terribili
2372 4253 2652 4311 tribunali.
2680 4250 2818 4307 Vide
2863 4250 3029 4321 igitur
3065 4262 3136 4302 ne
3165 4242 3450 4301 residuum

1880 4354 2162 4427 temporis,
2202 4368 2311 4423 quo
2341 4359 2395 4406 te
2415 4353 2630 4419 oportet
2653 4346 2974 4400 immensam
3000 4338 3121 4410 ejus
3146 4336 3454 4393 misericor-

201 4430 685 4535 pﬁpata,‘st’:0éwq
708 4448 800 4508 οὖν
828 4430 910 4515 είς
947 4447 1272 4514 ἐξάκουστον
1302 4446 1416 4507 τοῖς
1468 4443 1625 4505 πᾶσι,
1682 4440 1757 4493 κα¹

1880 4450 2027 4505 diam
2072 4446 2291 4502 ﬂectere
2329 4449 2383 4499 et
2431 4438 2722 4503 demereri,
2762 4436 2822 4491 in
2868 4433 3110 4489 vanitate
3155 4430 3451 4496 absumas;

200 4534 456 4626 ἀγγέλοις
482 4553 579 4607 καὶ
618 4547 926 4621 ἀνθρώποις
964 4543 1152 4614 σαφῶς
1200 4537 1554 4608 ἀνακαλύψει.
1590 4534 1776 4589 Πάντα

198 4652 333 4722 γὰρ,
365 4649 444 4712 ὡς
470 4647 751 4718 προεῖπον,
776 4638 961 4712 γυμνά
985 4637 1080 4691 καὶ
1100 4629 1571 4705 τετραχηλισμένα
1603 4644 1781 4700 παρα-

203 4719 395 4815 στήσει
450 4739 528 4810 τῷ
587 4736 791 4807 βήματι
822 4730 900 4803 τῷ
953 4726 1188 4800 φοϐερῷ.
1239 4725 1412 4779 Βλέπε
1463 4720 1648 4776 λοιπὸν
1689 4719 1780 4773 τὸν

202 4809 397 4909 χρόνον
431 4809 557 4899 ἐνῷ
580 4829 662 4882 δεῖ
692 4844 751 4880 σε
774 4819 1169 4897 καρπώσασθαι
1191 4818 1254 4872 τὸ
1283 4816 1594 4889 ἀμέτρητον
1616 4809 1782 4866 αὐτοῦ

108 4958 116 4966 -
412 4924 488 4996 μὴ
532 4926 589 4977 ἐν
635 4919 958 4993 ματαιότητι
1000 4911 1307 4985 ἀναλώσῃς,
1336 4908 1452 4962 ’καὶ
1482 4907 1541 4960 ἐν
1590 4902 1785 4966 πύλαις

202 5020 333 5092 ᾅδου
358 4994 616 5089 ζητήσεις
646 5011 804 5067 τοῦτο
846 5009 942 5063 καὶ
986 5007 1085 5078 οὐχ
1110 5005 1364 5075 εὑρήσεις
1391 5000 1420 5054 ὃ
1451 5001 1509 5053 ἐν
1544 4996 1624 5068 τῷ
1657 4994 1780 5065 ὕψει

202 5090 316 5166 τῶν
347 5106 573 5183 ἡμερῶν
613 5123 707 5161 σου
769 5101 1130 5173 προκείμενον
1170 5098 1272 5150 οὐκ
1313 5093 1602 5165 ¹ήθέλησας.
1633 5090 1783 5160 Μνή-

209 5205 366 5276 σθητι
407 5198 503 5258 οῦν
549 5201 643 5255 καὶ
679 5197 882 5267 ταύτην
914 5195 1014 5267 τὴν
1061 5189 1292 5276 φρικτὴν
1338 5187 1439 5258 τῆς
1487 5182 1781 5251 ἀπολογίας

207 5274 423 5367 ἡμέραν
467 5294 567 5366 τῆς
614 5291 870 5363 κρίσεως,
924 5287 1020 5342 καὶ
1059 5274 1137 5339 ῐδε
1171 5282 1292 5346 πῶς
1339 5278 1552 5352 μέλλεις
1589 5275 1783 5330 ἀπολο-

208 5389 427 5458 γεῖσθαι
464 5386 545 5459 τῷ
569 5384 833 5441 πλάσαντι
877 5400 939 5437 σε
983 5378 1123 5452 Θεῷ,
1145 5379 1227 5433 ὅτι
1256 5376 1418 5439 αὐτός
1468 5377 1584 5429 ἐστι
1623 5370 1816 5444 κρ.τὴς

280 5504 330 5538 ⁷³
364 5504 526 5560 Joan.
560 5520 616 5570 v,
645 5502 742 5558 29.
818 5499 865 5533 ⁷⁸
904 5498 1044 5553 Dan.
1077 5512 1201 5564 vm,
1233 5494 1289 5562 9,
1326 5492 1413 5548 i0.

270 5619 401 5703 .(73)
443 5618 845 5745 Suspplevimus,
882 5612 1201 5678 διδασκαλία
1232 5611 1544 5684 ἐπίστρεφε.
1574 5606 1712 5665 Coll.
1753 5603 1798 5660 ll

270 5708 362 5745 Im.
397 5707 470 5745 tv.
544 5732 558 5745 .
585 5688 777 5745 Vulgo.
809 5685 988 5745 λογίον
1014 5683 1244 5745 ἀσεϐεῖς.

220 5683 470 5756 Τὶὶη.ἰν,
503 5683 777 5759 δίκτιιὶεο,
809 5685 988 5756 λογίον
1014 5683 1244 5747 ἀσεϐεῖς.

1880 4540 2027 4612 quod
2050 4545 2240 4611 postea
2282 4535 2352 4590 ad
2383 4541 2572 4605 portas
2609 4528 2775 4586 inferi
2806 4525 3182 4597 exquisiturus
3214 4529 3270 4578 et
3297 4527 3457 4591 opta-

1878 4642 2037 4689 turus
2059 4649 2120 4689 es
2145 4651 2159 4686 :
2190 4644 2292 4686 nec
2318 4626 2564 4684 invenies
2591 4622 2747 4688 illud,
2775 4618 2919 4693 quod
2948 4618 3006 4673 in
3035 4616 3215 4672 medio
3243 4613 3456 4670 dierum

1881 4734 2103 4782 tuorum
2151 4738 2275 4779 cum
2318 4720 2534 4776 adesset
2572 4715 2854 4787 respuisti.
2908 4710 3222 4767 Recordare
3268 4706 3458 4775 itaque

1883 4814 2219 4874 horrendum
2251 4813 2406 4868 illum
2447 4811 2592 4867 diem
2616 4807 2832 4880 judicii,
2869 4820 2978 4877 quo
3018 4816 3242 4858 causam
3279 4798 3457 4855 dictu-

1883 4924 1979 4965 rus
2003 4924 2084 4973 es,
2117 4921 2226 4978 quo
2254 4911 2417 4977 pacto
2440 4903 2692 4958 dicturus
2728 4900 2877 4953 illam
2902 4912 2964 4953 es
2987 4893 3131 4964 apud
3164 4890 3332 4945 Deum
3362 4886 3457 4957 qui

1887 5003 1941 5050 te
1971 4993 2239 5057 condidit,
2265 4992 2393 5064 quia
2417 4992 2533 5062 ipse
2553 4990 2720 5060 judex
2751 4992 2837 5043 est
2865 4986 3112 5040 vivorum
3137 4988 3192 5034 et
3219 4984 3459 5033 mortuo-

1888 5102 2032 5142 rum.
2060 5085 2328 5152 Quoniam
2360 5083 2724 5155 glorilicatum
2752 5086 2837 5135 est
2861 5090 3061 5131 nomen
3093 5070 3272 5126 Patris
3291 5076 3348 5125 et
3374 5066 3459 5122 Fi-

1889 5180 1948 5233 lii
1980 5184 2035 5234 et
2078 5176 2313 5248 Spiritus
2354 5174 2550 5236 sancti,
2579 5172 2723 5228 sicut
2754 5185 2786 5225 a
2826 5167 3097 5240 principio
3126 5164 3201 5219 ita
3236 5168 3292 5219 et
3311 5175 3458 5217 nunc

1889 5280 1943 5325 et
1981 5282 2198 5340 semper
2219 5274 2275 5323 et
2300 5267 2358 5320 in
2383 5265 2581 5322 saecula
2618 5262 2966 5319 saeculorum.
2998 5258 3193 5312 Amen.

1885 5365 2102 5432 ζώντων
2151 5365 2247 5420 καὶ
2292 5361 2521 5434 νεκρῶν,
2579 5362 2660 5416 ὅτι
2696 5356 3007 5423 δεδόξασται
3046 5353 3110 5410 τὺ
3145 5352 3318 5426 ὄνομα
3360 5366 3456 5426 τοῦ

1975 5604 2085 5678 (74)
2118 5599 2489 5673 Conjectando
2509 5598 2588 5655 sic
2615 5595 2896 5652 vertimus.
