3860 6200
139 324 241 380 577

209 441 298 494 15.
332 441 591 513 Θυγάτηρ
629 438 698 514 ἦν
746 443 1037 515 μονογενής
1087 443 1165 515 τῷ
1205 445 1465 515 διακόνῳ·
1510 443 1716 513 ταύτην
1745 451 1789 503 Α

143 533 404 597 πολλάκις
421 535 818 606 προσεδρεύσας
836 554 920 599 τις
943 537 1289 607 ἀναγνώστης
1305 535 1720 608 όνόματιἈλέξ-

140 623 335 694 ανδρος
378 623 628 695 ἔφθειρε·
673 626 766 679 καὶ
805 626 903 696 τῆς
947 627 1114 698 κόρης
1149 627 1348 695 ἐγκύου
1391 628 1717 698 γενομένης,

141 715 402 786 φοϐηθεὶς
430 719 459 769 6
478 713 829 786 ἀναγνώστης
848 717 940 769 τὸν
961 717 1277 780 ἐπίσκοπον,
1295 718 1389 770 καὶ
1414 717 1512 786 τὴν
1540 717 1720 786 αἰσχύ-

140 826 238 879 νην
272 810 346 879 μὴ
381 809 582 880 φέρων,
613 808 841 862 ὑπέθετο
867 811 932 879 τῇ
965 809 1099 881 κόρῃ
1129 808 1225 880 τὴν
1249 810 1429 862 αἰτίαν
1448 809 1527 880 τῷ
1549 809 1720 880 δούλῳ

136 899 231 952 τοῦ
255 900 394 953 Θεοῦ
424 901 679 972 Ἀντιόχῳ
699 900 1020 972 ἐπιγράψαι,
1113 901 1207 954 καὶ
1237 901 1487 954 συνέθετο
1514 904 1546 972 ή
1584 901 1718 973 κόρη

136 996 263 1056 τοὺς
301 994 512 1057 πάντας
544 992 685 1047 οὕτω
733 994 1166 1066 πληροφορῆσαι.
1208 994 1318 1047 Καὶ
1351 994 1466 1064 μεθ’
1508 994 1720 1064 ἡμέρας

133 1089 548 1158 τεσσαράκοντα
571 1089 668 1158 τῆς
689 1087 780 1140 τοῦ
807 1087 1019 1140 παιδίου
1042 1089 1343 1158 γεννήσεως
1372 1087 1603 1158 φανερὸν
1629 1087 1721 1156 γέ-

135 1194 259 1246 γονε
295 1176 374 1247 τῷ
405 1178 686 1247 ὲπισκόπῳ
713 1176 782 1230 τά
815 1177 954 1230 κατά
985 1177 1083 1248 τὴν
1116 1177 1303 1247 κόρην,
1340 1177 1433 1230 καὶ
1480 1193 1720 1246 προσκα-

134 1271 439 1342 λεσάμενος
466 1271 635 1341 αὐτὴν
669 1272 697 1322 6
734 1270 1030 1331 ἐπίσκοπος
1074 1268 1400 1322 ἐπυνθάνετο
1436 1269 1573 1339 μετά
1601 1269 1721 1322 πολ-

135 1362 233 1434 λῆς
262 1362 500 1432 ἀπειλῆς
520 1362 605 1424 τίς
627 1361 692 1416 ἂν
729 1361 814 1432 εἴη
838 1362 866 1413 6
888 1360 1044 1414 τοῦτο
1080 1361 1414 1433 πεποιηκώς.
1446 1363 1508 1415 Ἡ
1532 1363 1587 1415 δὲ
1613 1363 1720 1416 ἀπ-

136 1456 332 1527 εκρίθη
362 1455 472 1509 ἀπὸ
500 1455 592 1508 τοῦ
627 1454 945 1525 μονάζοντος
959 1455 1248 1526 Ἀντιόχου,
1273 1455 1436 1519 καθὰ,
1455 1457 1636 1525 φησιν,
1661 1460 1719 1510 ὲν

139 1546 402 1618 συνηθείᾳ
426 1545 545 1599 ἐστὶ
572 1545 664 1598 τοῦ
693 1545 944 1616 ἔρχεσθαι
976 1546 1112 1616 πρὸς
1141 1548 1306 1616 ἡμᾶς.
1337 1547 1446 1598 Καὶ
1476 1545 1720 1599 ἐπίστευ-

140 1657 231 1691 σεν
284 1642 313 1692 6
351 1637 650 1702 ἐπίσκοπος
699 1639 793 1691 καὶ
838 1639 1036 1702 πάντες
1083 1639 1132 1691 οἱ
1193 1638 1562 1708 παρεστῶτες.
1608 1640 1718 1692 Καὶ

140 1732 366 1801 πέμψας
405 1731 540 1803 μετά
574 1731 765 1786 πολλοῦ
800 1730 970 1800 θυμοῦ
1005 1733 1084 1794 είς
1113 1731 1175 1784 τὸ
1209 1733 1568 1803 μοναστήριον
1588 1773 1601 1785 .
1632 1773 1644 1785 .
1665 1771 1678 1784 .
1701 1773 1714 1785 .

139 1793 229 1875 τὸν
272 1793 460 1876 δοῦλον
503 1820 597 1874 τοῦ
642 1821 796 1875 Θεοῦ.
829 1793 966 1876 Μεθ’
1011 1793 1220 1893 ὖὸρεως
1259 1820 1338 1892 [δὲ
1363 1793 1714 1893 εἰσελθόντες]
1751 1793 1790 1846 Β

144 1915 261 1984 μετ’
297 1913 464 1967 αὐτοῦ
506 1917 586 1978 είς
609 1915 706 1986 τὴν
746 1914 928 1978 πόλιν,
970 1913 1124 1976 ἄλλος
1164 1914 1262 1983 μὲν
1292 1911 1509 1984 ὕϐριζεν
1532 1913 1714 1978 αὑτὸν,

139 2005 300 2068 ἄλλος
327 2006 606 2070 ὲνέπτυεν,
644 2007 828 2076 ἕτερος
859 2003 1150 2068 ὠνείδιζεν.
1196 2005 1366 2068 Αὐτὸς
1385 2005 1442 2058 δὲ
1470 2005 1714 2076 παρέστη

138 2095 218 2166 τῷ
265 2097 569 2167 ὲπισκόπῳ.
609 2097 720 2150 Καὶ
760 2095 1054 2167 ἐρωτηθεὶς
1103 2097 1233 2166 περὶ
1277 2097 1376 2167 τῆς
1410 2096 1580 2167 κόρης
1623 2096 1718 2148 καὶ

141 2191 274 2260 περὶ
325 2189 420 2242 τοῦ
457 2191 738 2258 γεγονότος
784 2185 936 2243 εἶπεν
983 2192 1012 2243 6
1054 2190 1355 2260 Ἀντίοχος·
1409 2189 1533 2244 Ἐὰν
1578 2190 1718 2243 εἴπω

138 2280 241 2350 τὴν
271 2279 553 2351 ἀλήθειαν,
588 2282 620 2351 ή
651 2278 878 2350 ἀλήθειά
924 2298 1022 2352 μου
1055 2280 1112 2332 ὲν
1149 2279 1226 2351 τῷ
1254 2280 1504 2351 ὑμετέρῳ
1534 2279 1718 2349 ψεύδει

138 2371 204 2422 οὐ
255 2370 333 2440 μὴ
383 2369 665 2441 πιστευθῇ.
707 2371 816 2424 Καὶ
852 2369 1198 2441 παρεστῶτος
1232 2369 1354 2424 ὅλου
1393 2368 1486 2422 τοῦ
1536 2369 1714 2441 ὄχλου,

139 2455 298 2512 εἶπεν
328 2462 361 2530 ἡ
389 2460 524 2530 κόρη
554 2457 830 2531 κράζουσα
849 2477 863 2492 ⁸
891 2462 934 2513 Τ
941 2461 956 2512 ί
979 2461 1120 2530 ἔχεις
1149 2461 1321 2513 εἰπεῖν
1349 2477 1363 2525 ;
1389 2462 1462 2513 Οὐ
1492 2461 1718 2514 δύνασαι

142 2549 519 2620 ἀρνήσασθαιο
541 2550 648 2603 ἀπὸ
676 2549 768 2603 σοῦ
795 2549 902 2622 γὰρ
926 2551 1246 2620 γεγέννηται
1269 2551 1330 2604 τὺ
1356 2551 1565 2630 παιδίον
1582 2568 1595 2581 ·
1623 2553 1719 2605 καὶ

139 2638 196 2690 τί
225 2637 494 2708 αἰσχύνῃ;
539 2638 868 2709 ὁμολόγησον
894 2640 922 2692 6
964 2640 1246 2712 ἐποίησας.
1293 2641 1424 2694 Τότε
1462 2641 1720 2708 στενάξας

142 2732 170 2781 6
199 2729 385 2793 δοῦλος
417 2730 511 2782 τοῦ
541 2729 674 2784 Θεοῦ
720 2731 987 2802 Ἀντίοχος
1012 2731 1157 2800 λέγει
1178 2749 1192 2766 ·
1227 2734 1356 2786 Δότε
1384 2751 1474 2804 μοι
1509 2734 1569 2786 τὸ
1595 2751 1721 2788 παι-

141 2819 288 2883 δίον,
316 2823 410 2874 καὶ
437 2820 532 2873 ἴδω
551 2861 565 2884 ,
600 2823 647 2874 εί
681 2821 741 2886 ἐξ
775 2823 908 2894 ἐμοῦ
942 2823 1283 2893 γεγέννηται.
1314 2825 1425 2878 Καὶ
1451 2825 1719 2879 λαϐὼντὸ

144 2912 356 2964 παιδίον
397 2914 802 2984 τεσσαράκοντα
838 2915 1058 2986 ἡμερῶν
1102 2915 1162 2969 ὃν
1209 2917 1303 2968 καὶ
1340 2918 1621 2988 κρατήσας
1662 2919 1720 2972 ἐν

141 3008 263 3067 ταῖς
305 3007 492 3076 χερσὶν
534 3007 695 3058 αὐτοῦ
718 3046 731 3069 ,
760 3008 1010 3070 ἀτενίσας
1047 3009 1127 3070 είς
1166 3007 1259 3060 τὸν
1297 3008 1560 3080 οὐρανὸν,
1600 3005 1718 3062 εἷπε

1157 321 1505 380 DOCTRINA
1541 322 1632 377 AD
1667 319 2076 378 ANTIOCHUM
2115 320 2376 378 DUCEM.

3281 318 3386 375 578

1895 442 1984 498 15.
2013 441 2150 497 Filia
2177 442 2410 497 diacono
2439 447 2558 495 erat
2586 440 2767 504 unica,
2789 453 2953 510 quam
2975 453 3101 494 cum
3124 437 3389 508 frequens

1819 535 2081 590 inviseret
2111 536 2286 590 lector
2317 534 2562 605 quidam,
2595 533 2815 588 nomine
2839 531 3169 596 Alexander,
3192 531 3388 586 vitium

1817 628 1868 682 ei
1892 628 2092 682 obtulit
2127 648 2138 681 :
2173 627 2301 682 hinc
2355 641 2481 680 cum
2514 625 2694 696 puella
2730 633 2946 679 uterum
2989 631 3248 692 gestaret,
3273 637 3389 677 me-

1818 727 1977 774 tuens
2009 720 2180 773 lector
2217 719 2458 789 episcopi
2493 717 2948 787 indignationem,
2981 731 3080 771 nec
3121 718 3388 787 pudorem

1820 810 2000 865 ferens
2025 851 2040 877 ,
2073 811 2266 880 puella:
2299 818 2492 864 auctor
2532 809 2656 872 fuit,
2692 817 2753 864 ut
2809 810 2912 863 hoc
2969 809 3175 862 crimen
3227 821 3389 862 servo

1819 901 1912 956 Dei
1944 903 2213 956 Antiocho
2265 903 2588 964 ascriberet,
2623 901 2709 955 cui
2763 900 3051 971 pollicetur
3105 898 3283 968 puella
3327 912 3389 953 se

1820 1009 1932 1047 rem
1964 994 2222 1048 omnibus
2250 994 2327 1046 ita
2363 1001 2729 1047 narraturam.
2763 992 2977 1061 Elapsis
3025 990 3388 1061 quadraginta

1819 1099 1850 1136 a
1877 1086 2030 1153 pueri
2062 1093 2184 1139 ortu
2213 1085 2426 1150 diebus,
2456 1085 2714 1154 episcopo
2740 1085 3027 1138 innotuere
3065 1098 3184 1152 qua:
3230 1081 3389 1146 puel-

1821 1176 2299 1246 lamspectabant.
2346 1178 2594 1232 Accitam
2645 1191 2763 1231 eam
2824 1177 3116 1246 episcopus
3155 1189 3388 1245 percon-

1819 1275 1966 1320 tatur
2007 1269 2322 1339 ingentibus
2357 1268 2616 1323 adhibitis
2669 1268 2854 1330 minis,
2893 1269 3018 1337 quis
3056 1276 3205 1322 esset
3247 1267 3388 1320 fari-

1818 1358 1970 1412 noris
2006 1370 2216 1413 auctor.
2253 1357 2556 1430 Respondit
2595 1359 2686 1413 illa
2733 1360 3060 1414 Antiochum
3102 1376 3225 1415 esse
3270 1376 3389 1413 mo-

1818 1451 2076 1513 nachum,
2103 1453 2218 1521 qui,
2252 1452 2447 1521 inquit,
2483 1452 2740 1522 frequens
2763 1452 2906 1522 apud
2936 1468 3036 1508 nos
3056 1453 3384 1507 diversatur.

1817 1541 2060 1595 Credidit
2120 1543 2433 1612 episcopus,
2457 1551 2511 1597 et
2559 1545 2652 1612 qui
2688 1544 2912 1599 aderant
2967 1545 3229 1608 universi,
3273 1560 3391 1598 ma-

1818 1649 2034 1704 gnaque
2064 1636 2436 1706 indignatione
2476 1647 2775 1705 permotus,
2801 1638 2967 1690 mittit
3025 1640 3079 1690 in
3111 1646 3390 1691 monaste-

1823 1725 1962 1779 rium
1992 1727 2083 1795 qui
2120 1740 2338 1780 servum
2362 1725 2455 1780 Dei
2480 1724 2772 1780 adducant.
2824 1725 3094 1795 Ingressis
3123 1725 3231 1779 illis
3262 1741 3388 1778 cum

1819 1832 1884 1872 eo
1913 1817 1968 1873 in
1999 1819 2298 1882 civitatem,
2325 1817 2466 1872 alius
2485 1832 2607 1870 eum
2633 1817 2960 1871 contumelia
2990 1815 3222 1878 allicere,
3248 1816 3390 1870 alius

1819 1911 1875 1966 in
1905 1911 2056 1964 illum
2087 1925 2303 1979 spuere,
2331 1909 2548 1978 probris
2581 1910 2721 1964 alius
2770 1923 3022 1963 onerare.
3075 1907 3264 1962 Astitit
3291 1921 3389 1959 au-

1820 1997 1926 2057 tem
1959 2001 2049 2056 ille
2080 2015 2266 2055 coram
2301 2000 2579 2067 episcopo,
2611 2007 2665 2054 et
2695 2000 3062 2068 interrogatus
3091 1998 3157 2052 de
3185 1997 3386 2068 puella,

1817 2102 1872 2149 et
1902 2095 1968 2149 de
1989 2109 2124 2148 casu
2146 2093 2273 2157 isto,
2298 2094 2372 2148 ait
2398 2093 2701 2148 Antiochus
2732 2111 2744 2146 :
2769 2088 2826 2146 Si
2857 2094 3142 2148 veritatem
3174 2090 3386 2154 dixero,

1818 2189 2032 2243 veritati
2065 2201 2197 2242 mete
2224 2203 2255 2241 a
2287 2189 2570 2243 mendacio
2605 2198 2789 2243 vestro
2816 2188 3039 2242 minime
3073 2188 3206 2242 ﬁdes
3229 2187 3390 2242 hahe-

1817 2280 1989 2336 bitur.
2019 2280 2108 2344 At,
2144 2288 2411 2350 prazsente
2469 2288 2583 2334 tota
2629 2281 2809 2345 turba,
2859 2281 2934 2332 ait
2971 2293 3094 2332 cum
3149 2279 3390 2334 clamore

1819 2368 1997 2438 puella
2031 2385 2046 2422 :
2083 2367 2225 2434 Quid
2269 2368 2372 2422 tibi
2412 2367 2704 2423 dicendum
2765 2367 3042 2438 superest?
3075 2384 3184 2422 non
3232 2376 3389 2438 putes

1820 2474 1936 2513 rem
1966 2475 2164 2530 negare
2194 2477 2207 2512 :
2243 2475 2274 2513 a
2304 2467 2358 2515 te
2387 2475 2623 2531 namque
2647 2461 2862 2531 genitus
2897 2477 3031 2530 puer
3049 2469 3132 2515 est
3161 2480 3174 2514 :
3201 2461 3390 2531 ecqui-

1819 2567 1945 2605 nam
1978 2552 2070 2606 ille
2091 2553 2302 2622 pudor?
2336 2553 2504 2610 fatere
2526 2555 2806 2610 delictum.
2839 2552 2994 2608 Tunc
3020 2545 3394 2622 ingemiscens

1819 2657 2013 2696 servus
2045 2641 2139 2697 Dei
2173 2644 2476 2699 Antiochus
2508 2662 2521 2697 :
2559 2642 2690 2698 Date
2726 2642 2880 2706 mihi,
2908 2642 3104 2712 inquit,
3135 2658 3387 2712 puerum,

1819 2741 1880 2788 ut
1907 2734 2121 2789 videam
2157 2750 2285 2788 num
2319 2750 2349 2788 a
2377 2752 2462 2791 me
2493 2737 2564 2790 sit
2605 2735 2840 2806 genitus.
2875 2733 3206 2807 Aecepitque
3258 2752 3391 2806 pue-

1819 2841 1942 2879 rum
1966 2826 2060 2894 qui
2087 2825 2448 2897 quadraginta
2477 2826 2692 2882 dierum
2731 2833 2870 2891 erat,
2899 2835 2952 2882 et
2981 2842 3104 2881 cum
3138 2845 3247 2898 pra:
3273 2844 3390 2883 ma-

1820 2917 1984 2972 nibus
2013 2925 2222 2972 teneret
2250 2932 2397 2985 eum,
2437 2933 2564 2972 cum
2595 2918 2663 2972 ad
2693 2919 2890 2972 omium
2916 2919 3105 2973 oculos
3135 2920 3390 2985 levasset,

1821 3011 1897 3064 ait
1917 3026 2088 3082 puero
2126 3011 2226 3066 :In
2273 3011 2497 3066 nomine
2540 3009 2753 3065 Domini
2801 3011 2970 3066 dicito
3013 3027 3168 3081 puer,
3198 3029 3326 3066 num
3360 3029 3391 3067 a

143 3098 222 3166 τῷ
251 3098 448 3168 παιδίῳ
468 3116 481 3129 ·
527 3100 612 3151 Ἑν
635 3100 854 3169 ὀνόματι
885 3099 978 3152 τοῦ
1006 3100 1210 3171 Κυρίου
1230 3141 1244 3164 ,
1276 3101 1399 3154 εἰπὲ
1419 3141 1433 3164 ,
1470 3101 1682 3154 παιδίον
1700 3119 1713 3131 ·

1822 3120 1907 3159 me
1935 3104 2151 3174 genitus
2197 3103 2295 3158 sis.
2334 3102 2496 3170 Tum,
2526 3119 2624 3173 per
2675 3103 2771 3158 Dei
2813 3104 3066 3175 gratiam,
3121 3107 3393 3160 exclamat

153 3191 246 3254 Ἐξ
277 3189 414 3260 ἐμοῦ
444 3192 733 3261 γεγένησαι
770 3191 834 3244 σύ
861 3208 876 3257 ;
906 3193 1036 3245 Τότε
1068 3193 1168 3264 βοᾷ
1199 3193 1260 3246 τὸ
1287 3193 1496 3248 παιδίον
1534 3194 1717 3265 χάριτι

140 3281 235 3333 τοῦ
267 3283 406 3335 Θεοῦ
452 3284 663 3356 μεγάλῃ
709 3289 773 3356 τῇ
821 3288 1002 3356 φωνῇ’
1041 3286 1205 3357 Οὐχὶ,
1235 3285 1387 3339 δοῦλε
1432 3285 1526 3340 τοῦ
1557 3286 1715 3352 Θεοῦ,

141 3371 386 3442 καθαρὸς
417 3373 479 3426 σὺ
514 3374 742 3427 ἐνώπιον
771 3377 865 3427 τοῦ
894 3373 1047 3428 Θεοῦ.
1092 3376 1148 3428 '0
1180 3375 1238 3428 δὲ
1271 3376 1428 3428 τοῦτο
1460 3376 1520 3429 τὸ
1555 3376 1718 3429 σκάν-

136 3463 302 3515 δαλον
329 3465 558 3534 ποιήσας
591 3465 935 3536 Ἀλέξανδρός
960 3467 1106 3518 ἐστιν
1129 3467 1157 3519 6
1183 3466 1554 3537 άναγνώστης.
1582 3467 1715 3520 Τότε

137 3559 171 3624 ἡ
214 3557 316 3623 μὲν
348 3557 506 3627 κόρη,
538 3558 918 3627 κατανοήσασα
947 3558 1046 3628 τὴν
1071 3557 1164 3610 τοῦ
1197 3558 1331 3628 Θεοῦ
1359 3559 1590 3628 ἔλεγξιν,
1619 3579 1718 3615 πα-

142 3649 406 3718 ραχρῆμα
436 3648 676 3703 πεσοῦσα
707 3649 860 3718 παρὰ
890 3649 1016 3712 τοὺς
1045 3650 1208 3714 πόδας
1231 3652 1420 3715 αὑτοῦ,
1439 3652 1711 3721 ἐξέψυξεν.

151 3740 210 3791 '0
225 3739 283 3790 δὲ
302 3738 597 3802 ἐπίσκοπος
613 3739 1014 3810 ἀμνησικακίας
1026 3740 1182 3811 χάριν
1204 3741 1315 3812 (77)
1334 3743 1573 3813 ᾐτήσατο
1592 3744 1718 3814 παρ’

137 3828 330 3882 αὐτοῦ.
374 3829 432 3882 Ὁ
464 3828 520 3880 δὲ
547 3829 927 3898 ἀναγνώστης,
971 3830 1141 3884 πολλὰ
1181 3831 1390 3894 ἐπιθεὶς
1427 3833 1604 3902 ἑαυτῴ
1635 3833 1720 3886 σί-

136 3919 280 3989 δηρα
312 3922 406 3973 καὶ
436 3920 620 3992 μακρά
646 3921 753 3974 ἀπὸ
780 3922 878 3992 τῆς
906 3921 1108 3985 πόλεως
1134 3922 1403 3987 ἀπελθὼν,
1433 3925 1720 3993 ἐγκλείσας

138 4011 334 4064 ἑαυτὸν
364 4013 422 4062 ὲν
457 4011 651 4082 κελλίῳ
691 4012 870 4083 μικρῷ
908 4012 1012 4077 ἓως
1035 4015 1133 4084 τῆς
1161 4015 1418 4086 τελευτῆς
1451 4015 1616 4068 αὐτοῦ
1653 4017 1712 4070 ἐν

137 4103 204 4171 τῇ
233 4101 514 4171 μετανοίᾳ,
552 4101 751 4154 τέλειον
787 4101 863 4170 τῷ
889 4101 1007 4172 Θεῷ
1047 4103 1297 4156 ἀπεδίδου
1332 4104 1428 4176 τὴν
1459 4104 1711 4176 ἐξομολό-

1824 3212 1958 3268 puer
1989 3212 2120 3252 voce
2161 3211 2397 3267 magna:
2435 3194 2811 3267 Nequaquam,
2854 3195 2948 3250 Dei
3001 3212 3180 3260 serve,
3214 3213 3386 3267 purus

1823 3296 1881 3341 tu
1909 3303 1967 3343 es
1989 3302 2174 3342 coram
2207 3286 2336 3343 Deo.
2362 3285 2465 3353 Qui
2493 3301 2624 3341 vero
2647 3286 2751 3340 hoc
2775 3286 3092 3341 scandalum
3123 3286 3269 3350 fecit,
3303 3297 3388 3342 est

1823 3381 2132 3435 Alexander
2153 3382 2344 3436 lector.
2382 3377 2537 3434 Tune
2564 3379 2764 3458 puella,
2801 3388 2859 3433 ut
2897 3393 2955 3434 se
2991 3393 3022 3432 a
3068 3377 3178 3433 Deo
3204 3378 3394 3432 convi-

1823 3479 1965 3526 ctam
1988 3472 2392 3538 animadvertit,
2428 3477 2650 3540 repente
2682 3460 2938 3541 prolapsa
2968 3471 3036 3524 ad
3079 3471 3244 3540 pedes
3272 3470 3395 3540 ejus

1822 3563 2142 3634 exspiravit.
2179 3562 2518 3633 Rogavitque
2549 3563 2702 3616 illum
2755 3563 3046 3632 episcopus
3077 3570 3139 3616 ut
3177 3563 3392 3630 injuriae.

1821 3657 2145 3711 memoriam
2171 3657 2488 3726 deponeret.
2527 3654 2725 3710 Lector
2764 3661 2946 3710 autem
2993 3656 3182 3711 multis
3213 3659 3393 3727 gravi-

1820 3743 2034 3813 busque
2072 3744 2178 3799 sibi
2203 3744 2477 3812 impositis
2516 3743 2887 3810 ferramentis,
2921 3760 2984 3799 ex
3039 3745 3175 3802 urbe
3212 3762 3394 3817 egres-

1821 3849 1938 3900 sus,
1967 3833 2022 3887 in
2057 3847 2225 3904 parva
2259 3847 2379 3887 sese
2410 3834 2605 3888 cellula
2645 3833 2887 3898 inclusit,
2922 3834 3014 3888 ubi
3045 3835 3114 3889 ad
3159 3844 3392 3890 mortem

1823 3940 1998 3995 usque
2036 3925 2415 3994 pmnitcnliam
2449 3940 2637 3996 agens,
2672 3924 2971 3995 perfectam
3006 3925 3116 3982 Deo
3155 3927 3392 3982 reddidit

1822 4015 2255 4081 confessionem,
2309 4016 2486 4086 gratia
2517 4015 2732 4070 Domini
2771 4019 2946 4073 nostri
2985 4017 3116 4074 Jesu
3157 4018 3388 4089 Christi,

1820 4109 1908 4162 cui
1937 4108 2109 4179 gloria
2138 4109 2192 4161 in
2224 4109 2444 4162 saecula.
2472 4107 2664 4162 Amen.

137 4208 301 4264 γησιν
331 4195 514 4265 χάριτι
544 4195 634 4247 τοῦ
662 4197 866 4268 Κυρίου
892 4198 1046 4268 ἡμῶν
1087 4199 1260 4269 Ἰησοῦ
1293 4201 1550 4270 Χριστοῦ,
1584 4193 1628 4269 ᾧ
1654 4203 1686 4272 ὴ
1710 4202 1835 4269 δόξα
1865 4207 1944 4268 εἰς
1976 4205 2102 4268 τοὺς
2134 4205 2351 4268 αἰῶνας.
2387 4206 2581 4276 Ἀμήν.

209 4333 300 4387 16.
333 4335 444 4388 Καὶ
481 4335 912 4405 ὲπανερχομένου
945 4335 1108 4389 αὑτοῦ
1145 4339 1223 4400 είς
1246 4337 1306 4389 τὸ
1332 4338 1714 4408 μοναστήριον,

1891 4339 1979 4394 16.
2022 4339 2088 4393 Ει
2146 4355 2272 4393 cum
2323 4339 2649 4409 remigraret
2704 4337 2797 4394 ille
2851 4339 2920 4393 ad
2969 4340 3386 4405 monasterium,

139 4428 312 4494 ἐγγὺς
351 4427 452 4496 τῆς
495 4426 668 4497 πύλης
699 4427 800 4497 τῆς
830 4426 1038 4490 πόλεως
1081 4406 1416 4498 προσπίπτει
1459 4406 1606 4500 αὐτῷ
1631 4444 1718 4492 τις

1822 4447 1990 4502 prope
2017 4431 2172 4486 urbis
2194 4442 2426 4500 portam,
2455 4406 2777 4487 adolescens
2808 4430 3028 4498 quidam
3056 4431 3288 4500 procidit
3321 4432 3390 4485 ad

145 4519 408 4588 νεώτερος
457 4519 766 4588 γονυπετῶν
813 4521 908 4572 καὶ
953 4518 1160 4587 λέγων·
1206 4521 1368 4574 Δοῦλε
1424 4520 1517 4572 τοῦ
1559 4519 1717 4586 Θεοῦ,

141 4611 496 4682 συγχώρησόν
523 4628 644 4682 μοι,
675 4612 756 4663 ὅτι
788 4611 1056 4665 ὲνέπτυσα
1081 4613 1160 4674 είς
1194 4611 1253 4663 τὸ
1279 4612 1567 4683 πρόσωπόν
1600 4628 1716 4676 σου,

139 4703 442 4766 πιστεύσας
467 4707 531 4774 τῇ
561 4703 744 4773 ἀνόμῳ
775 4704 908 4773 κόρῃ
946 4703 1127 4776 ἐκείνῃ
1156 4704 1283 4774 περὶ
1317 4703 1424 4757 τῶν
1454 4704 1594 4757 κατά
1623 4719 1716 4756 σου

140 4793 470 4862 λεχθέντων,
511 4795 604 4846 καὶ
636 4794 880 4863 νηστεύω
905 4794 1087 4848 ἕνεκεν
1119 4795 1219 4865 τῆς
1250 4794 1454 4865 τόλμης
1488 4795 1713 4864 ταύτης.

140 4886 238 4938 καὶ
283 4884 589 4956 παρακαλῶ
635 4885 725 4936 τὸν
750 4883 973 4955 Κύριον.
1025 4883 1083 4938 ’0
1124 4884 1180 4938 δὲ
1221 4884 1405 4947 δοῦλος
1431 4883 1524 4937 τοῦ
1574 4883 1710 4937 Θεοῦ

153 4978 428 5046 Ἀντίοχος
471 4976 620 5044 λέγει
662 4977 840 5048 αὐτῷ’
889 4976 980 5049 Μὴ
1024 4976 1176 5030 κλαῖε
1224 4978 1352 5048 περὶ
1395 4976 1528 5046 ὲμοῦ
1581 4978 1717 5048 μηδὲ

141 5073 405 5140 νήστευε·
443 5069 579 5123 ἀλλά
624 5069 774 5123 κλαῖε
823 5072 918 5125 καὶ
959 5071 1188 5140 νήστευε
1221 5070 1308 5124 διὰ
1353 5070 1414 5123 τὸ
1457 5072 1666 5141 ἱμάτιον
1691 5073 1719 5126 6

142 5160 379 5229 ἔκλεψας
413 5161 512 5230 τῆς
549 5160 805 5229 γυναικὸς
847 5159 948 5230 τῆς
992 5161 1167 5231 χήρας
1204 5161 1298 5213 καὶ
1346 5161 1567 5231 πτωχῆς
1615 5162 1720 5234 πρὸ

141 5248 312 5317 τριῶν
345 5247 564 5319 ἡμερῶν
588 5263 601 5277 ·
630 5250 724 5302 καὶ
753 5250 818 5302 σὺ
857 5249 995 5320 ἔχων
1023 5249 1184 5302 πέντε
1231 5251 1420 5320 ἱμάτια
1447 5250 1506 5303 τὸ
1539 5251 1596 5305 ἓν
1623 5253 1721 5322 τῆς

141 5343 323 5412 χήρας
343 5341 596 5410 ἔκλεψας.
631 5343 762 5395 Τότε
788 5343 817 5394 ὁ
856 5340 1134 5413 νεώτερος,
1161 5342 1436 5413 ἐλεγχθεὶς
1463 5344 1555 5396 καὶ
1589 5344 1712 5416 φρί-

142 5432 240 5499 ξας
267 5433 365 5486 καὶ
389 5433 694 5504 θαυμάσας,
729 5432 843 5495 πῶς
874 5433 1104 5503 φανερὸν
1133 5433 1353 5502 γέγονεν
1387 5433 1416 5486 6
1446 5436 1504 5486 ἐν
1530 5437 1710 5505 κρυφῇ

139 5526 238 5578 καὶ
263 5526 472 5596 ἑσπέρᾳ
499 5525 695 5597 ἔπραξε
729 5526 907 5596 μόνος,
935 5527 1233 5597 ἀπέρχεται
1265 5527 1482 5597 τρέμων
1508 5529 1602 5581 καὶ
1622 5528 1716 5595 φέ-

144 5635 228 5688 ρει
255 5617 325 5669 τὰ
354 5617 459 5670 ἴδια
487 5620 645 5671 πέντε
682 5620 872 5688 ίμάτια
902 5620 997 5672 καὶ
1033 5619 1094 5671 τὸ
1139 5619 1197 5672 ἓν
1235 5619 1334 5690 τῆς
1377 5621 1584 5690 χήρας,
1620 5622 1715 5673 καὶ

1821 4536 1996 4592 genua
2022 4522 2142 4590 ejus
2174 4521 2289 4577 haec
2317 4521 2549 4575 dicendo
2587 4540 2599 4575 :
2637 4519 2803 4576 Serve
2862 4519 2978 4586 Dei,
3010 4522 3224 4576 veniam
3255 4520 3388 4575 mihi

1820 4613 2128 4676 concedito,
2149 4612 2293 4682 quod
2322 4611 2375 4665 in
2404 4611 2594 4666 faciem
2625 4619 2775 4665 tuam
2806 4613 3178 4680 conspuerim,
3198 4611 3392 4680 puellae

1819 4705 2022 4775 iniqua:
2050 4711 2103 4759 te
2138 4704 2422 4758 accusanti
2455 4703 2621 4758 dictis
2645 4704 2806 4758 fidem
2849 4703 3093 4770 habens;
3128 4702 3286 4771 cujus
3309 4703 3390 4756 fa-

1819 4796 2027 4851 cinoris
2057 4810 2223 4849 causa
2248 4785 2440 4864 jejuno
2459 4802 2514 4848 et
2545 4795 2833 4849 Dominum
2869 4795 3153 4864 deprecor.
3179 4793 3248 4847 At
3272 4811 3391 4849 ser-

1819 4906 1923 4943 vus
1961 4888 2056 4943 Dei
2077 4889 2383 4943 Antiochus
2416 4887 2491 4941 ait
2522 4888 2599 4941 illi
2629 4907 2640 4942 :
2672 4881 2776 4943 Mei
2824 4903 2993 4942 causa
3036 4904 3106 4942 ne
3138 4887 3270 4944 ﬂeas
3306 4887 3391 4942 vel

1812 4981 2062 5051 jejunes;
2098 4981 2193 5035 sed
2214 4979 2340 5034 fleto
2363 4988 2415 5035 et
2441 4981 2708 5049 jejunato,
2740 4981 2810 5034 ob
2833 4980 3216 5034 vestimentum
3244 4979 3388 5046 quod

1816 5079 1944 5128 ante
2001 5078 2116 5142 tres
2170 5071 2288 5126 dies
2341 5071 2553 5126 furatus
2597 5087 2658 5127 es
2707 5071 2925 5125 mulieri
2983 5070 3160 5126 vidum
3223 5079 3388 5138 atque

1815 5173 2020 5233 egeriae.
2059 5161 2306 5230 Cumque
2355 5162 2453 5216 tibi
2501 5162 2746 5232 quinque
2802 5166 2986 5215 essent
3041 5158 3385 5224 vestimenta,

1817 5270 1986 5308 unum
2025 5254 2154 5308 illud
2208 5255 2388 5308 vidua:
2426 5253 2770 5324 subripuisti.
2817 5252 2978 5320 210
3007 5250 3162 5305 Tunc
3199 5250 3388 5304 adole-

1822 5361 1984 5403 scens
2005 5347 2314 5412 convictus,
2339 5363 2403 5400 ac
2439 5355 2648 5402 terrore
2688 5355 2996 5414 correptus,
3023 5345 3388 5413 miratusque,

1821 5454 1930 5509 quo
1960 5445 2120 5508 pacto
2145 5440 2321 5508 palam
2357 5436 2411 5491 id
2441 5444 2607 5502 esset,
2639 5436 2786 5506 quod
2810 5437 2950 5490 clam
2973 5436 3065 5490 ille
3085 5442 3139 5489 et
3169 5449 3390 5504 vespere

1821 5531 1974 5587 solus
2003 5528 2625 5595 admisisset;abscedit
2672 5536 2929 5588 tremens.
2981 5527 3250 5597 alfertque
3287 5543 3390 5582 sua

1821 5624 2064 5694 quinque
2076 5623 2419 5689 vestimenta,
2438 5636 2561 5676 cum
2584 5621 2678 5675 illo
2700 5621 2768 5676 ad
2789 5621 3008 5676 viduam
3039 5620 3386 5690 pertinente;

213 5799 326 5869 (77)
354 5795 665 5870 Vulgatum,
690 5799 891 5870 ᾑτήτω,
911 5799 1025 5871 jam
1057 5800 1112 5856 in
1137 5800 1380 5872 margine
1410 5810 1716 5858 correctum
1757 5813 1891 5858 erat.
1922 5798 2129 5855 Noua.
