3840 6194
473 306 579 364 579

1635 300 1697 357 S.
1736 300 2202 359 ATHANASlUS.
2241 332 2312 344 —
2351 302 2624 363 SPURIA.

3629 314 3738 368 580

471 421 798 492 mulierique
825 420 919 476 dat
962 418 1166 484 omnia,
1203 431 1403 489 rogans
1435 425 1497 473 ut
1536 433 1723 474 secum
1770 419 1837 474 ad
1869 434 2045 490 genua

2170 419 2247 472 ἱλα
2273 419 2488 474 δίδωσιν
2529 425 2593 494 τῇ
2631 427 2848 492 γυναικὶ
2891 427 3222 499 παρακαλῶν
3259 428 3397 500 αὐτῇ
3441 430 3541 484 σὺν
3584 431 3740 502 αὐτῷ

476 514 621 571 servi
648 512 742 568 Dei
769 513 1037 584 procitlat.
1067 511 1138 567 Ut
1160 512 1352 568 ambos
1379 510 1515 566 vidit
1549 511 1640 566 ille
1666 513 1972 582 prolapsos,
2001 518 2055 566 et

477 621 631 662 reum
691 621 758 662 ex
825 606 993 661 corde
1057 605 1460 678 pmnitentemﬁ
1499 603 1721 658 admisit
1773 604 1923 658 illum
1988 604 2054 658 ad

476 700 728 756 osculum
760 709 1036 755 sanctum.
1091 699 1291 770 Aitque
1347 698 1671 754 adolescens
1715 717 1728 753 :
1767 696 1929 761 Volo,
1957 696 2056 751 do-

477 789 628 844 mine
656 789 753 855 mi,
789 789 978 844 multis
1010 787 1207 843 diebus
1233 786 1507 856 jejunare,
1542 787 1670 856 quia
1699 785 1870 839 multa
1918 789 2055 839 sunt

477 892 706 953 peccata
737 897 877 936 mea.
907 881 1006 937 Cui
1027 896 1227 958 servus
1263 879 1358 935 Dei
1391 899 1403 934 :
1441 878 1562 945 Quo
1589 885 1751 948 pacto
1796 877 1880 932 vis
1914 877 2054 946 jeju-

478 974 644 1030 narc?
675 973 813 1028 Tum
843 974 933 1029 ille
963 993 976 1027 :
1001 973 1047 1026 A
1075 988 1236 1028 mane
1262 986 1438 1042 usque
1471 970 1540 1025 ad
1593 983 1904 1038 vesperum.
1938 968 2054 1020 Ait-

475 1082 584 1138 que
630 1066 708 1120 illi
768 1064 1074 1120 Antiochus
1115 1080 1128 1116 :
1166 1063 1285 1129 Quo
1323 1063 1377 1116 in
1425 1062 1546 1117 loco
1604 1061 1759 1131 degis
1805 1060 1933 1114 dum
1977 1059 2052 1112 ita

477 1156 722 1212 abstines
754 1171 784 1209 a
813 1155 977 1209 cibo?
1011 1153 1112 1208 Cui
1149 1155 1275 1209 ille:
1310 1151 1533 1207 Amicos
1560 1161 1613 1206 et
1667 1151 1884 1220 negotia
1932 1165 2052 1204 mea

477 1247 675 1312 inviso,
705 1246 832 1301 hinc
861 1245 1141 1316 paululum
1173 1243 1410 1308 dormio,
1443 1251 1497 1297 et
1522 1256 1650 1295 cum
1697 1254 1921 1309 vespera
1957 1253 2050 1292 ac-

476 1340 706 1394 cesserit
732 1340 914 1393 cibum
949 1353 1125 1393 sumo.
1159 1336 1249 1389 Ait
1278 1336 1358 1390 illi
1381 1350 1574 1390 servus
1597 1332 1690 1388 Dei
1713 1331 2046 1386 Antiochus:

475 1431 590 1487 Hoc
611 1432 878 1502 jejunium
909 1447 1017 1486 non
1059 1438 1163 1486 est.
1202 1430 1337 1484 Nam
1375 1431 1422 1486 si
1460 1445 1491 1483 a
1513 1429 1652 1484 cibis
1675 1427 1970 1491 abstineas,
1997 1433 2052 1482 et

474 1524 530 1578 in
563 1524 799 1593 aliquem
844 1523 1139 1586 obtrectes,
1166 1523 1250 1578 vel
1285 1522 1597 1592 quempiam
1618 1519 1926 1574 contristes
1966 1517 2050 1572 vel

472 1616 864 1672 calumnieris:
900 1625 994 1670 aut
1039 1616 1088 1671 si
1140 1623 1265 1686 post
1313 1614 1551 1684 priorem
1599 1611 2049 1681 disceptationem

2158 515 2487 580 προσπεσεῖν
2517 513 2594 584 τῷ
2618 514 2787 586 δούλῳ
2813 516 2906 570 τοῦ
2937 517 3093 572 Θεοῦ.
3129 516 3273 570 Ἰδὼν
3298 517 3356 570 δὲ
3385 519 3741 592 ἀμφοτέρους

2157 601 2598 670 προσπίπτοντας
2626 605 2718 658 xal
2754 605 2862 660 ἀπὸ
2897 607 3123 678 καρδίας
3160 608 3253 662 τὸν
3294 608 3467 662 αἴτιον
3505 628 3742 680 μετανο-

2153 693 2336 755 οῦντα,
2371 695 2619 762 ἐδέξαντο
2644 698 2804 751 αὑτὸν
2836 699 2894 750 ἐν
2942 701 3209 772 φιλήματι
3242 701 3400 772 ἁγίῳ.
3439 703 3558 756 Kal
3589 703 3742 773 λέγει

2153 785 2182 836 6
2215 783 2476 858 νεώτερος
2493 803 2507 816 ο
2535 787 2704 852 Θέλω,
2727 789 2884 860 κύριέ
2913 807 3037 860 μου,
3055 790 3344 862 νηστεῦσαι
3374 792 3583 858 πολλὰς
3605 796 3744 865 ἡμέ-

2156 894 2275 947 ρας,
2305 879 2386 931 ὃτι
2419 880 2609 933 πολλαί
2635 883 2772 934 εἰσιν
2799 885 2855 935 at
2883 884 3145 954 ἁμαρτίαι
3175 902 3298 955 μου.
3336 886 3500 955 Λέγει
3528 888 3685 958 αὐτῷ
3712 889 3742 940 6

2153 963 2336 1030 δοῦλος
2363 967 2457 1020 τοῦ
2492 967 2626 1022 Θεοῦ
2655 988 2665 998 ·
2703 969 2874 1043 [Πῶς]
2907 970 3080 1036 θέλεις
3105 973 3392 1044 νηστεῦσαι
3425 991 3441 1040 ;
3485 977 3550 1029 Ὁ
3579 977 3640 1030 δὲ
3666 973 3748 1031 εἷ-

2153 1077 2254 1115 πεν
2279 1060 2425 1131 αὐτῷ
2443 1078 2456 1090 ·
2493 1059 2698 1131 (78-79)
2741 1062 2870 1115 Ἀπὸ
2903 1063 2998 1116 τοῦ
3039 1063 3184 1134 πρωῒ
3211 1065 3315 1129 ἔως
3333 1067 3603 1138 ἑσπέρας.
3629 1069 3745 1123 Kal

2153 1151 2301 1220 λέγει
2357 1151 2506 1221 αὑτῷ
2550 1151 2578 1202 ὁ
2616 1151 2882 1222 Ἀντίοχος
2907 1170 2918 1182 ·
2952 1153 3062 1205 Kal
3095 1154 3169 1224 μὴ
3222 1153 3450 1225 τρώγων
3486 1156 3598 1210 ποῦ
3627 1158 3747 1211 διά-

2151 1261 2308 1311 γεις;
2347 1245 2404 1297 Ὀ
2429 1244 2484 1297 δὲ
2515 1239 2632 1296 εἷπε
2655 1261 2670 1274 ο
2705 1245 2840 1307 Τοὺς
2863 1245 3049 1313 φίλους
3080 1246 3172 1298 καὶ
3195 1247 3264 1299 τὰ
3297 1248 3607 1318 πράγματά
3639 1267 3745 1319 μου

2154 1339 2356 1410 βλέπω,
2392 1339 2488 1391 καὶ
2522 1337 2684 1390 πάλιν
2715 1337 2894 1405 ὀλίγον
2922 1338 3185 1404 καθεύδω,
3217 1341 3311 1393 καὶ
3341 1341 3470 1393 ὅταν
3505 1343 3744 1412 γένηται

2152 1429 2379 1501 ἑσπέρα,
2400 1425 2818 1498 μεταλαμϐάνω.
2845 1427 3008 1496 Λέγει
3038 1428 3184 1499 αὺτῴ
3213 1430 3242 1480 6
3268 1428 3454 1492 δοῦλος
3479 1430 3578 1484 τοῦ
3602 1431 3746 1484 Θεοῦ

2164 1520 2432 1590 Ἀντίοχος
2457 1535 2469 1547 ·
2519 1517 2688 1569 Τοῦτο
2733 1517 2832 1570 ούκ
2873 1517 2990 1571 ἐστι
3035 1519 3276 1590 νηστεία.
3326 1519 3451 1573 Ἐὰν
3487 1521 3604 1592 γὰρ
3643 1540 3745 1592 νη-

2153 1610 2383 1683 στεύσῃς
2420 1609 2528 1663 ἀπὸ
2559 1607 2860 1679 βρωμάτων
2889 1610 2982 1663 καί
3011 1628 3131 1664 τινα
3167 1611 3547 1683 κακολογήσῃς
3579 1615 3611 1684 ἢ
3650 1614 3749 1666 λυ-

472 1706 687 1776 injuria:
715 1707 1033 1761 memoriam
1062 1709 1334 1772 retineas;
1374 1705 1420 1760 si
1445 1705 1574 1758 item
1593 1718 1821 1776 vespere
1843 1703 2047 1756 lautam

2170 1701 2334 1774 τήσῃς
2383 1701 2416 1770 ἡ
2467 1699 2727 1772 διαϐάλῃς
2746 1738 2760 1763 ,
2789 1699 2822 1770 ἡ
2873 1702 3292 1774 μνησικακήσῃς
3321 1703 3427 1756 ἀπὸ
3458 1707 3747 1776 προτέρας

471 1814 632 1868 pares
661 1813 897 1866 caenam,
927 1807 1086 1870 teque
1145 1798 1386 1853 inebries
1426 1812 1491 1850 ac
1533 1796 1716 1866 turpia
1743 1801 2043 1865 perpetres,

473 1899 568 1945 aut
605 1891 652 1946 si
704 1892 898 1946 horum
931 1891 1212 1962 quidpiam
1256 1891 1652 1961 concupiscas;
1694 1889 1866 1942 multo
1907 1902 2049 1956 prae-

474 1980 728 2034 stabilius
748 1980 850 2033 tibi
875 1987 977 2044 est,
1011 1989 1070 2032 ut
1094 1980 1390 2050 quinquies
1415 1979 1658 2049 quelidie
1688 1977 1964 2042 comedas,
1995 1983 2049 2032 et

473 2070 626 2124 hisce
651 2069 815 2124 rebus
842 2050 1139 2133 abstineas,
1171 2083 1335 2138 quam
1368 2076 1427 2122 ut
1453 2068 1589 2121 nihil
1615 2074 1801 2136 gustes
1822 2077 1876 2121 ct
1898 2066 2049 2121 hisce

475 2160 638 2214 rebus
663 2170 714 2214 te
742 2161 1118 2215 commisceas.
1147 2159 1416 2224 Quidnam
1451 2159 1706 2213 utilitatis
1738 2157 1894 2212 affert
1923 2158 2049 2213 abs-

473 2251 702 2305 tinentia
734 2265 764 2304 a
807 2251 977 2314 cibis,
1025 2250 1072 2304 si
1125 2249 1273 2303 omni
1308 2250 1415 2303 alia
1465 2249 1915 2318 concupiscentia
1946 2249 2049 2301 im-

473 2341 692 2410 pleare?
715 2342 795 2394 Au
825 2341 1043 2410 ignoras
1068 2355 1194 2395 eum
1229 2341 1324 2411 qui
1361 2355 1519 2394 suam
1570 2341 1760 2410 implet
1788 2339 2049 2408 concupi-

472 2433 760 2496 scentiam,
793 2433 876 2488 vel
911 2434 1087 2487 solum
1123 2442 1324 2497 mente,
1353 2433 1480 2487 licet
1530 2433 1774 2488 externis
1806 2448 1916 2486 non
1965 2447 2048 2486 sa-

471 2525 640 2578 tietur
674 2525 833 2588 cibis,
855 2525 966 2594 jam
993 2533 1240 2581 saturum
1293 2534 1347 2580 et
1393 2525 1608 2580 ebrium
1659 2525 1816 2580 esse?
1860 2523 1965 2577 Sed
1998 2523 2045 2578 si

470 2611 608 2666 velis
640 2621 1004 2680 temperanter
1055 2627 1217 2683 agere
1264 2619 1318 2668 et
1360 2613 1632 2683 jejunare,
1674 2620 1733 2666 ut
1777 2612 2048 2684 jejunium

471 2711 624 2756 tuum
649 2703 758 2759 Deo
789 2705 859 2759 sit
895 2714 1204 2776 acceptum,
1244 2706 1479 2776 primum
1523 2707 1766 2761 omnium
1813 2708 2046 2762 observa

472 2802 532 2847 ut
568 2793 785 2864 jejunes
819 2796 888 2851 ab
939 2798 1088 2850 omni
1120 2812 1288 2866 pravo
1337 2813 1590 2853 sermone
1638 2797 1968 2868 proferendo
1993 2805 2048 2854 et

472 2885 748 2941 audiendo
781 2903 795 2938 :
831 2894 886 2942 et
941 2903 1113 2959 purga
1151 2904 1248 2943 cor
1301 2897 1454 2944 tuum
1505 2889 1574 2944 ab
1613 2892 1762 2944 omni
1793 2891 2046 2961 inquina—

471 2985 678 3043 mento,
722 2979 1048 3049 injuriarum
1103 2981 1390 3047 memoria,
1439 2983 1615 3051 turpis
1653 2982 1792 3037 lucri
1839 2997 2043 3037 amore.

471 3067 537 3122 Et
567 3085 675 3139 qua
700 3071 788 3125 die
811 3072 1170 3142 jejunaveris,
1204 3088 1366 3144 pane,
1404 3074 1650 3130 oleribus
1680 3083 1892 3144 etaqua
1912 3089 2046 3128 con-
2071 3105 2115 3164 ε

468 3173 656 3221 tentus
679 3174 817 3234 esto,
851 3168 1166 3239 gratiasque
1189 3169 1300 3224 Deo
1333 3185 1484 3240 agas.
1509 3169 1836 3242 Computato
1863 3181 2043 3226 autem

471 3259 686 3328 prandii
719 3259 866 3329 quod
893 3275 958 3315 eo
991 3260 1080 3315 die
1110 3269 1433 3332 sumpturus
1476 3278 1600 3318 eras
1637 3264 1837 3333 pretio,
1883 3278 2045 3333 eroga

470 3349 666 3415 viduae,
715 3351 983 3432 orphano,
1027 3367 1222 3421 egeno,
1272 3354 1368 3423 qui
1420 3353 1640 3423 impleta
1693 3343 1875 3409 anima
1921 3370 2042 3421 sua,

471 3442 650 3496 orabit
675 3459 775 3512 pro
807 3453 858 3498 te
883 3443 1192 3498 Dominum.
1227 3443 1286 3499 Si
1321 3460 1449 3515 ergo
1492 3446 1795 3517 jejunium,
1825 3454 1886 3501 ut
1916 3462 2048 3516 prae-

472 3533 670 3601 scripsi
702 3533 820 3598 tibi,
848 3535 1196 3603 persolveris,
1241 3535 1574 3590 sacrificium
1629 3545 1782 3591 tuum
1814 3539 1918 3592 erit
1949 3553 2045 3592 ac-

469 3629 687 3690 ceptum
708 3621 759 3676 in
781 3631 1080 3692 conspectu
1104 3623 1339 3691 Domini,
1361 3634 1416 3680 et
1433 3626 1774 3697 descriptum
1803 3628 1861 3682 in
1889 3629 2044 3685 coelis

471 3715 529 3768 in
558 3713 646 3766 die
669 3713 1042 3770 retributionis
1072 3715 1342 3770 bonorum
1385 3716 1554 3787 justis
1585 3727 2042 3789 praeparatorum.

2079 1763 2122 1817 B

2153 1791 2417 1862 μάχης,ἢ
2468 1791 2707 1863 ἑσπέρας
2753 1794 2986 1866 ποιήσῃς
3036 1794 3332 1864 πολύτιμον
3373 1795 3612 1862 δεῖπνον,
3646 1800 3750 1851 καὶ

2147 1881 2288 1955 ἄρξῃ
2324 1881 2770 1955 μεθύσκεσθαι,ἢ
2806 1884 3008 1956 αίσχρά
3036 1885 3384 1956 ἐργάζεσθαι,
3418 1888 3450 1957 ἡ
3488 1893 3615 1942 κατ’
3649 1890 3745 1941 ἓν-

2146 1988 2296 2024 νοιαν
2338 1971 2625 2042 ἐπιθυμεῖν
2688 1991 2739 2026 τι
2788 1972 3066 2026 τοιοῦτον·
3118 1977 3252 2029 πολὺ
3318 1978 3592 2048 συμφέρει
3656 1995 3747 2030 σοι

2147 2066 2399 2136 πέμπτον
2424 2066 2524 2136 τῆς
2563 2066 2778 2138 ἡμέρας
2815 2066 3014 2120 ἐσθίειν
3046 2069 3140 2120 καὶ
3180 2067 3385 2121 τούτων
3413 2070 3746 2138 φείσασθαι,

2146 2157 2179 2227 ἢ
2230 2158 2303 2229 μὴ
2351 2159 2683 2228 γευσάμενον
2731 2158 2960 2222 ἐκείνοις
3012 2159 3409 2230 συμφύρεσθαι.
3475 2161 3575 2224 Τίς
3629 2163 3747 2233 γὰρ

2146 2249 2383 2319 ὠφέλεία
2421 2250 2724 2321 βρωμάτων
2756 2250 3090 2321 ἀπέχεσθαι,
3122 2252 3302 2322 πάσης
3335 2254 3392 2306 δὲ
3426 2253 3595 2325 ἄλλης
3626 2257 3751 2307 ἐπι-

2147 2341 2348 2412 θυμίας
2395 2342 2788 2413 ἐμφορεῖσθαι;
2825 2345 2896 2396 Ἢ
2948 2344 3049 2397 οὐκ
3087 2339 3236 2408 οἶδας
3275 2346 3356 2398 ὅτι
3401 2348 3510 2407 πᾶς
3556 2348 3588 2398 6
3637 2348 3750 2415 τὴν

2147 2433 2439 2503 ἐπιθυμίαν
2470 2433 2634 2487 αὐτοῦ
2676 2434 2898 2506 πληρῶν
2924 2436 3044 2488 κατ’
3073 2435 3280 2489 ἔννοιαν
3316 2438 3407 2489 καὶ
3439 2437 3600 2500 ἐκτὸς
3624 2438 3749 2490 τῶν

2147 2525 2345 2591 ἔξωθεν
2380 2525 2683 2596 βρωμάτων
2713 2526 2814 2596 ἤδη
2847 2526 3166 2597 κεκόρεσται
3200 2527 3292 2580 καὶ
3322 2527 3511 2597 μεθύει
3538 2545 3552 2591 ;
3590 2529 3749 2581 Ἀλλ’

2148 2619 2197 2670 εί
2229 2617 2400 2680 θέλεις
2445 2616 2914 2687 ἐγκρατεύσασθαι
2956 2618 3051 2670 καὶ
3075 2619 3400 2689 νηστεῦσαι,
3446 2621 3535 2672 ἵνα
3575 2622 3609 2690 ἡ
3647 2639 3752 2691 νη-

2149 2706 2299 2758 στεία
2334 2723 2424 2758 σου
2454 2705 2616 2776 δεκτὴ
2707 2705 2786 2777 τῷ
2828 2705 2946 2777 Θεῷ
2965 2748 2981 2774 ,
3012 2708 3226 2780 πρῶτον
3255 2709 3469 2762 πάντων
3499 2709 3749 2777 φύλαξαι

2147 2797 2426 2864 νηστεύειν
2473 2797 2580 2851 ἀπὸ
2631 2799 2832 2863 παντὸς
2870 2801 3114 2870 ῥήματος
3161 2801 3393 2872 πονηροῦ
3434 2803 3530 2854 καὶ
3564 2805 3751 2875 ἀκοῆς

2149 2893 2413 2961 πονηρᾶς,
2439 2892 2532 2944 καὶ
2562 2890 2857 2962 καθάρισόν
2883 2908 2978 2944 σου
3011 2892 3111 2963 τὴν
3139 2893 3364 2964 καρδίαν
3392 2894 3500 2948 ἀπὸ
3529 2899 3750 2961 παντὸς

2153 2982 2426 3055 μολυσμοῦ
2462 2984 2555 3036 καὶ
2593 2984 2957 3054 μνησικακίας
2980 2986 3095 3038 ’καὶ
3128 2987 3594 3057 αἰσχροκερδείας.
3631 2991 3755 3043 Καὶ

2149 3077 2207 3129 ἐν
2234 3075 2416 3147 ἡμέρᾳ
2517 3076 2797 3147 νηστεύεις
2828 3078 3129 3149 ἀρκέσθητι
3162 3080 3312 3151 ἄρτῳ
3351 3082 3445 3134 καὶ
3476 3082 3754 3151 λαχάνοις

2148 3169 2242 3222 καὶ
2277 3167 2450 3232 ὕδατι,
2483 3169 2822 3238 εὐχαριστῶν
2861 3169 2939 3241 τῷ
2973 3171 3110 3243 Θεῷ.
3155 3173 3520 3243 Συμψηφίσας
3549 3175 3610 3229 δὲ
3647 3178 3756 3248 τὴν

2151 3260 2424 3330 ποσότητα
2474 3260 2572 3330 τῆς
2639 3260 2882 3332 δαπάνης
2935 3261 3026 3315 τοῦ
3098 3264 3325 3334 ἀρίστου
3387 3259 3449 3318 οὗ
3512 3266 3756 3336 ἔμελλες

2151 3353 2350 3406 ἐσθίειν
2380 3355 2496 3406 κατ’
2523 3352 2737 3424 ἐκείνην
2769 3354 2868 3426 τὴν
2897 3354 3132 3426 ἡμέραν,
3168 3355 3258 3419 δὸς
3282 3358 3426 3429 χήρᾳ
3451 3359 3484 3428 ἡ
3512 3359 3758 3430 ὀρφανῷ

2152 3444 2184 3513 ἢ
2238 3441 2607 3513 στερουμένῳ·
2645 3440 2826 3513 (πρὸς)
2874 3441 2934 3494 ὃν
2983 3442 3048 3514 δὴ
3099 3443 3282 3512 σαφῶς
3315 3444 3606 3516 ἐμπλήσας
3649 3447 3760 3518 τὴν

2152 3534 2344 3588 ἐαυτοῦ
2373 3533 2573 3603 ψυχὴν,
2602 3531 2818 3599 εὔξεται
2865 3532 3006 3605 ὑπὲρ
3041 3533 3133 3586 σοῦ
3169 3535 3305 3605 πρὸς
3337 3534 3563 3605 Κύριον.
3618 3538 3761 3590 Ἐὰν

2151 3624 2243 3681 οὖν
2272 3625 2493 3696 τελέσῃς
2518 3624 2616 3696 τὴν
2639 3625 2912 3696 νηστείαν,
2936 3625 3012 3688 ὡς
3051 3625 3404 3696 ἐνετειλάμην
3445 3645 3554 3691 σοι,
3584 3628 3762 3682 ἔσται

2150 3721 2184 3790 ἡ
2220 3717 2380 3770 θυσία
2431 3732 2523 3768 σου
2557 3715 2718 3788 δεκτὴ
2765 3715 2994 3769 ἐνώπιον
3026 3717 3235 3789 Κυρίου
3272 3720 3367 3772 καὶ
3416 3719 3765 3794 ἐγγεγραμ-

475 3809 612 3881 μένη
649 3811 708 3863 ἐν
750 3812 864 3874 τοῖς
906 3811 1154 3882 οὐρανοῖς
1185 3811 1243 3865 ἐν
1287 3811 1471 3883 ἡμέρᾳ
1518 3813 1927 3879 ἁνταποδόσεως
1974 3816 2083 3871 τῶν
2123 3812 2539 3886 ἡτοιμασμένων
2578 3810 2797 3879 ἀγαθῶν
2844 3812 2954 3874 τοῖς
2994 3811 3238 3876 δικαίοις.

540 3975 638 4031 His
669 3975 871 4032 auditis
894 3975 1234 4042 adolescens,
1267 3976 1631 4046 omnibusque
1670 3977 1876 4035 relictis
1925 3994 2040 4034 ser-

471 4084 599 4123 vum
631 4067 726 4122 Dei
748 4067 801 4122 vi
835 4067 1102 4137 compulit
1139 4076 1197 4122 ut
1252 4081 1312 4122 se
1354 4068 1621 4135 reciperet
1667 4069 1723 4123 in
1773 4079 2050 4126 monaste-

471 4162 635 4215 rium.
662 4159 740 4214 Ac
771 4166 993 4215 secutus
1016 4160 1192 4224 illum,
1233 4159 1578 4230 servatisque
1635 4161 1891 4216 omnibus
1926 4177 2048 4232 qua:

472 4255 542 4309 ab
563 4268 628 4308 eo
650 4252 941 4318 didicerat,
974 4260 1138 4323 atque
1168 4267 1313 4306 anno
1360 4268 1470 4307 uno
1514 4252 1572 4306 in
1613 4267 1809 4324 magna
1835 4260 2048 4324 tempe-

470 4347 670 4410 rantia,
723 4345 984 4416 lacrymis
1018 4354 1073 4399 et
1135 4343 1426 4414 gemitibus
1484 4358 1769 4414 percurso,
1806 4344 1862 4398 in
1914 4358 2050 4414 pace

472 4438 823 4504 obdormivit,
850 4435 1185 4506 tradiditque
1219 4435 1450 4490 Domino
1491 4437 1766 4506 spiritum.

543 4529 632 4582 17.
675 4528 889 4598 Elapsis
927 4529 1108 4583 tribus
1141 4529 1323 4594 annis,
1352 4543 1482 4582 mox
1516 4528 1845 4582 moriturum
1862 4540 2052 4580 mona-

473 4619 628 4676 sterii
659 4617 974 4689 praefectum
1027 4619 1250 4688 quidam
1285 4618 1463 4673 sancti
1486 4617 1728 4687 episcopi
1756 4616 1937 4671 visum
1965 4631 2052 4670 ve-

473 4717 719 4767 nerunt:
755 4712 1075 4781 rogavitque
1135 4710 1257 4764 illos
1325 4708 1643 4780 praefectus,
1694 4715 1756 4762 ut
1812 4707 2043 4761 fratrum

404 4797 411 4804 ’
473 4813 768 4868 amantem,
798 4803 1123 4873 injuriarum
1155 4802 1527 4857 immemorem
1565 4807 1622 4855 et
1654 4799 1915 4854 humilem
1936 4799 2046 4853 An-

417 4920 424 4939 ι
472 4898 713 4952 tiochum
776 4897 861 4950 sui
891 4897 1012 4950 loco
1054 4895 1454 4950 constituerent
1498 4911 1512 4947 :
1546 4907 1668 4963 quae
1715 4890 1907 4947 eadem
1935 4899 2053 4947 erat

477 4991 704 5045 fratrum
753 4989 1000 5043 omnium
1041 4988 1365 5059 postulatio.
1433 4985 1800 5056 Repugnante
1846 4983 1941 5038 illo
1986 4997 2051 5037 ac

477 5083 1144 5153 collacrymantc,'magna
1173 5081 1229 5135 vi
1288 5077 1534 5150 episcopi
1589 5076 1825 5132 invitum
1872 5076 2048 5141 illum,
2093 5102 2095 5104 -

477 5190 600 5228 cum
631 5174 783 5244 prius
808 5173 1158 5228 ordinassent
1195 5170 1601 5241 presbyterum,
1640 5169 2052 5222 constituerunt

476 5275 531 5321 et
559 5267 924 5338 hegumenum
964 5280 1062 5320 seu
1094 5261 1432 5334 praefectum.
1457 5265 1537 5315 Ac
1579 5274 1706 5314 cum
1755 5257 2052 5330 praefectus

479 5366 653 5413 totum
696 5359 801 5429 ipsi
840 5360 896 5412 in
921 5357 1144 5413 Christo
1177 5355 1410 5410 fratrum
1439 5360 1648 5410 cretum
1673 5350 2054 5407 commendas-

481 5460 585 5519 set,
639 5450 970 5506 obdormivit
1017 5451 1075 5504 in
1110 5463 1266 5519 pace.
1324 5445 1597 5517 Suscepta
1642 5445 1811 5516 igitur
1863 5442 2054 5510 hujus-

482 5545 628 5598 modi
659 5558 790 5598 cura
812 5543 1111 5599 Antiochus
1139 5542 1196 5597 in
1229 5541 1402 5597 multo
1432 5539 1638 5607 studio,
1668 5535 2052 5608 temperantia,

2230 3974 2416 4030 Ταῦτα
2435 3973 2672 4037 ἀκούσας
2693 3974 2721 4026 ὁ
2744 3971 3027 4042 νεώτερος,
3049 3972 3144 4024 καὶ
3174 3971 3504 4040 καταλείψας
3537 3974 3764 4037 πάντα,

2155 4069 2409 4123 ἐϐιάσατο
2446 4068 2537 4120 τὸν
2569 4066 2752 4120 δοῦλον
2785 4065 2879 4119 τοῦ
2915 4065 3050 4117 Θεοῦ
3092 4063 3275 4116 λαϐεῖν
3309 4063 3470 4117 αὐτὸν
3518 4067 3605 4128 είς
3655 4071 3769 4141 τὴν

2158 4161 2346 4232 μονήν.
2383 4161 2493 4213 Kal
2523 4159 2892 4228 ἀκολουθήσας
2930 4155 3099 4227 αὐτῷ,
3141 4156 3319 4209 πάντα
3351 4157 3450 4209 ὅσα
3485 4157 3768 4232 ἐδιδάχθη

2155 4253 2286 4322 παρ’
2311 4251 2474 4304 αὐτοῦ
2499 4250 2758 4320 φυλάξας,
2780 4250 2838 4300 ἐν
2874 4246 3041 4319 πολλῇ
3068 4247 3361 4322 ἐγκρατείᾳ
3385 4249 3482 4300 καὶ
3504 4249 3771 4322 δάκρυσι

2154 4343 2249 4395 καὶ
2274 4345 2595 4412 στεναγμοῖς
2615 4337 2905 4411 πληρώσας
2927 4337 3198 4392 ἐνιαύσιον
3226 4340 3436 4410 χρόνον,
3456 4341 3516 4392 ἐν
3547 4343 3772 4414 εἰρήνῃ

2081 4429 2125 4484 D
2154 4435 2441 4506 ἐκοιμήθη,
2483 4432 2756 4500 παραδοὺς
2784 4429 2844 4482 τὸ
2871 4430 3087 4500 πνεῦμα
3115 4430 3194 4500 τῷ
3222 4430 3432 4500 Κυρίῳ.

2228 4526 2316 4579 17.
2350 4526 2461 4578 Kal
2499 4523 2636 4595 μετά
2669 4521 2796 4592 τρία
2839 4520 2956 4590 ἔτη,
2992 4520 3401 4592 μέλλοντος-τοῦ
3429 4521 3769 4592 ἡγουμένου
3798 4564 3813 4595 ,

2155 4617 2253 4688 τῆς
2285 4615 2452 4687 μονῆς
2490 4614 2766 4683 τελευτᾷν,
2791 4607 2955 4682 ἦλθον
2981 4613 3060 4674 εἰς
3083 4609 3369 4680 ἐπίσκεψιν
3398 4610 3571 4662 αὐτοῦ
3607 4631 3774 4678 τινες

2164 4709 2308 4778 ἅγιοι
2336 4709 2653 4762 ἐπίσκοποι·
2678 4705 2770 4758 καὶ
2800 4703 3099 4775 παρεκάλει
3134 4704 3329 4766 αὐτοὺς
3357 4703 3384 4754 ὁ
3411 4703 3769 4784 ἡγούμενος,

2163 4804 2312 4865 ὅπως
2355 4802 2466 4854 ἀντ’
2516 4797 2679 4852 αὑτοῦ
2713 4796 2803 4848 τὸν
2855 4793 3176 4864 φιλάδελφον
3223 4795 3317 4846 καὶ
3358 4794 3771 4866 ἀμνησίκακον

2159 4895 2253 4948 καὶ
2285 4891 2681 4960 ταπεινόφρονα
2701 4885 2973 4956 Ἀντίοχον
3004 4886 3384 4955 καταστήσωσι
3413 4903 3426 4914 ·
3459 4888 3774 4944 καὶ⁹πᾶσχ

2157 4984 2214 5037 δέ
2242 4985 2275 5054 ἡ
2305 4981 2599 5050 ἀδελφότης
2641 4973 3073 5047 συμπαρεκάλει.
3121 4972 3227 5025 Τοῦ
3277 4973 3336 5024 δὲ
3364 4974 3772 5044 ἀντιλέγοντος

2159 5076 2252 5129 καὶ
2279 5073 2621 5145 ὀδυρομένου,
2665 5067 2800 5140 μετά
2835 5063 3037 5135 πολλῆς
3064 5065 3185 5134 βίας
3214 5066 3307 5118 καὶ
3335 5065 3596 5138 ἀνάγκης
3642 5089 3774 5141 χει-

2162 5167 2544 5238 ροτονήσαντες
2573 5161 2759 5214 τοῦτον
2786 5161 2834 5213 οἱ
2874 5158 3158 5211 ἐπίσκοποι
3197 5158 3573 5228 πρεσϐύτερον
3610 5180 3768 5217 κατ-

2160 5259 2393 5328 έστησαν
2437 5255 2532 5310 καὶ
2574 5252 2893 5324 ἡγούμενον.
2948 5251 3059 5303 Kal
3107 5249 3485 5320 παραθέμενος
3539 5254 3710 5327 αὐτῷ
3743 5262 3774 5310 ὁ

2159 5350 2457 5421 ἡγούμενος
2500 5348 2680 5400 πᾶσαν
2713 5345 2811 5414 τὴν
2854 5343 2912 5397 ἐν
2953 5342 3175 5414 Χριστῷ
3207 5343 3574 5412 ἀδελφότητα,
3617 5350 3774 5403 ἐκοι-

2163 5441 2309 5512 μήθη
2347 5441 2404 5491 ἐν
2431 5439 2640 5510 εἰρήνῃ.
2691 5433 2883 5487 Λαϐὼν
2918 5427 3009 5486 οὖν
3040 5431 3136 5503 τὴν
3176 5432 3429 5502 φροντίδα
3465 5434 3496 5485 6
3541 5435 3774 5490 ’Awio~

2162 5550 2274 5603 χος,
2307 5533 2365 5586 ὲν
2392 5529 2558 5601 πολλῇ
2597 5527 2798 5597 σπουδῇ
2849 5525 2943 5579 καὶ
2977 5525 3275 5598 ἐγκρατείᾳ
3319 5525 3412 5578 καὶ
3461 5525 3775 5604 ἀγρυπνίᾳ

559 5740 762 5814 (78-79)
804 5742 928 5800 Haec
964 5760 1027 5800 ex
1064 5743 1204 5798 libro
1256 5758 1293 5796 ιι
1339 5741 1552 5813 Hennae
1601 5739 1728 5795 hinc
1764 5739 1890 5794 inde
1929 5741 2200 5805 excerpta.
