3860 6200
178 252 286 310 581

1218 248 1568 306 DOCTRINA
1607 247 1700 302 AD
1739 246 2146 305 ANTIOCHUM
2184 249 2443 308 DUCEM.

3330 253 3437 313 582

183 367 280 420 καὶ
310 365 496 438 εὐχαῖς
517 365 770 419 διετέλει·
806 363 976 418 πολλά
1003 381 1062 418 τε
1099 361 1328 436 [ἔνδοξα]
1358 365 1453 419 καὶ
1489 360 1754 435 κατορθώ-

1865 364 2067 434 vigiliis
2084 374 2139 420 et
2156 366 2500 424 orationibus
2529 369 2951 438 perseverabat:
2983 370 3265 442 multaque
3295 386 3436 444 prae-

187 476 335 529 ματα
360 457 656 511 διεπετέλει
688 459 717 510 6
747 456 1003 527 Χριστός.

256 552 348 605 18.
383 551 494 602 Καὶ
549 549 685 620 μετά
724 548 818 602 δύο
859 549 950 620 έτη
981 547 1074 602 τοῦ
1119 547 1428 620 ἡγήσασθαι
1461 547 1622 600 αὐτὸν
1666 546 1766 616 τῆς

186 643 356 713 μονῆς
393 641 484 694 δύο
530 639 752 710 ἀδελφοὶ
783 640 1089 710 όλιγόψυχοι
1131 641 1282 709 κοινῇ
1325 637 1518 710 γνώμῃ
1545 635 1764 706 ἐξῆλθον

179 731 278 784 τοῦ
314 731 710 802 μοναστηρίου,
741 732 835 783 καὶ
879 729 1218 801 ἐπέστρεψαν
1249 729 1325 790 ὼς
1373 727 1518 780 κύων
1549 727 1641 779 ἐπὶ
1670 727 1764 780 τὸν

185 822 320 874 ἴδιον
353 821 548 892 ἐμετὸν
577 821 959 884 σπαταλῶντες
987 820 1082 874 καὶ
1117 818 1487 891 ἐντρυφῶντες
1515 817 1607 871 ἐπὶ
1645 819 1764 882 ταῖς

182 913 466 982 βιωτικαῖς
495 913 820 981 ἀσελγείαις.
850 912 958 964 Καὶ
975 912 1148 965 ταῦτα
1185 911 1368 982 μαθὼν
1398 912 1426 964 6
1453 909 1638 972 δοῦλος
1668 907 1761 962 τοῦ

181 1005 321 1058 Θεοῦ
369 1004 637 1075 Ἀντίοχος
689 1003 830 1058 πάνυ
872 1003 1088 1074 ἔθλιψεν
1139 1002 1331 1056 ἑαυτὸν
1379 1001 1590 1072 θρηνῶν
1638 1002 1763 1065 τοὺς

176 1094 277 1148 δύο
319 1095 614 1164 ἀδελφοὺς,
657 1095 752 1148 καὶ
799 1093 984 1147 ἐδέετο
1034 1093 1161 1165 περὶ
1199 1091 1377 1145 αὐτῶν
1407 1090 1501 1143 τοῦ
1531 1090 1758 1160 Κυρίου.

179 1187 508 1242 Ψαλλόντων
535 1186 594 1240 δὲ
643 1186 820 1240 αὐτῶν
850 1186 952 1257 τὴν
994 1186 1210 1256 ἐνάτην,
1236 1184 1311 1247 ὡς
1348 1182 1525 1237 ἔκλινε
1562 1182 1631 1236 τά
1671 1182 1762 1250 γό-

180 1297 320 1333 νατα
363 1281 460 1333 σὺν
500 1281 613 1342 τοῖς
657 1278 924 1348 ἀδελφοῖς,
967 1277 1189 1346 γέγονεν
1233 1279 1290 1330 ἐν
1333 1275 1620 1340 ἐκστάσει,
1667 1274 1762 1327 καὶ

177 1372 668 1443 παραλαμϐάνεται
718 1373 752 1442 ἡ
797 1370 942 1442 ψυχὴ
987 1369 1150 1424 αὐτοῦ
1192 1369 1297 1422 ὑπὸ
1339 1369 1592 1437 ἀγγέλου.
1649 1367 1760 1420 Καὶ

177 1462 389 1533 πολλῆς
436 1462 586 1533 ὥρας
647 1462 1057 1533 παρελθούσης,
1117 1461 1210 1514 καὶ
1277 1460 1350 1531 μὴ
1409 1459 1758 1531 ἐγειρομένου

175 1553 348 1608 αὑτοῦ
375 1595 392 1620 ,
447 1554 721 1625 ἐγείρεται
779 1555 807 1607 6
857 1553 1202 1625 δευτεράριος
1231 1551 1431 1615 αὐτοῦ,
1493 1551 1589 1604 καὶ
1639 1550 1758 1622 μετ’

174 1646 482 1709 ἐπιεικείας
520 1645 816 1718 παρεκάλει
855 1645 1194 1714 ἀναστῆναι,
1250 1645 1342 1697 καὶ
1396 1643 1607 1696 τελέσαι
1660 1643 1758 1714 τὴν

177 1738 520 1810 λειτουργίαν
583 1737 685 1807 τῆς
757 1737 942 1808 εὐχῆς.
999 1738 1087 1800 Ὠς
1154 1736 1211 1790 δὲ
1277 1732 1414 1789 εἶδον
1442 1777 1457 1800 ,
1516 1736 1596 1788 ὅτι
1657 1736 1758 1788 οὐκ

173 1827 247 1902 ἦν
298 1831 450 1900 φωνὴ
493 1831 585 1882 καὶ
631 1830 731 1883 οὐκ
773 1824 842 1901 ἦν
888 1828 1191 1899 ἀκρόασις,
1246 1826 1547 1898 ἐγνώρισαν
1592 1828 1759 1879 ὀπτα-

179 1920 305 1973 σίαν
356 1920 516 1972 αὐτὸν
586 1919 800 1989 βλέπειν
870 1919 966 1973 καὶ⁵
1022 1917 1408 1990 ,ὑπεχώρησαν
1488 1919 1580 1970 ἀπ’
1649 1917 1759 1970 αύ-

175 2010 273 2064 τοῦ
327 2009 712 2082 πληρώσαντες
753 2009 841 2062 τὸν
882 2010 1100 2066 κανόνα.
1147 2010 1448 2073 Μέλλοντος
1479 2009 1536 2062 δέ
1585 2008 1758 2063 δύνειν

170 2103 274 2156 τοῦ
309 2103 459 2173 ἡλίου
494 2102 696 2175 κράξας
726 2097 878 2154 εἶπεν
902 2120 915 2133 ο
949 2102 1088 2168 Δόξα
1122 2119 1223 2166 σοι,
1258 2103 1287 2155 6
1318 2102 1470 2168 Θεὸς,
1498 2101 1625 2168 δόξα
1653 2119 1755 2154 σοι.

176 2195 315 2247 Τότε
361 2193 664 2265 προσῆλθον
701 2193 850 2265 αὐτῷ
894 2195 1044 2247 πᾶσα
1087 2195 1121 2265 ἡ
1170 2194 1404 2259 συνοδία,
1442 2194 1757 2247 ἱκετεύουσα

180 2285 350 2356 μηδὲν
377 2287 472 2338 ἀπ’
501 2284 680 2338 αὐτῶν
709 2285 936 2356 κρύψαι,
973 2278 1048 2338 ὧν
1089 2285 1118 2336 6
1146 2285 1276 2348 Θεὸς
1305 2284 1454 2356 αὐτῷ
1486 2285 1760 2340 ἀπεκάλυ-

169 2377 299 2446 ψεν.
329 2378 440 2430 Καὶ
467 2377 541 2448 μὴ
569 2377 814 2448 δυνηθεὶς
841 2377 1044 2449 κρύψαι
1075 2377 1162 2430 διὰ
1191 2378 1288 2448 τὴν
1317 2378 1513 2449 πολλὴν
1541 2378 1758 2450 ὄχλησιν

172 2469 287 2521 τῶν
312 2468 574 2538 ἀδελφῶν,
613 2470 846 2541 ποιήσας
877 2469 1076 2540 εὐχὴν,
1108 2468 1309 2541 ἤρξατο
1337 2469 1544 2538 λέγειν·
1581 2472 1762 2541 Παρα-

175 2558 406 2631 ληφθεὶς
439 2560 620 2630 χάριτι
652 2559 888 2631 Χριστοῦ
935 2560 1040 2612 ὑπὸ
1085 2559 1317 2628 ἀγγέλου
1353 2559 1462 2631 (80)
1487 2557 1648 2632 ἦλθον
1681 2564 1759 2624 είς

177 2652 381 2716 πεδίον,
410 2653 502 2704 καὶ
526 2652 794 2724 [δείκνυσι
823 2650 948 2724 μοι]
981 2652 1148 2706 παῖδα
1170 2652 1448 2706 νεανίσκον
1477 2653 1760 2724 ἐνδεδυμέ-

177 2759 270 2796 νον
304 2741 550 2796 σύνθεσιν
576 2743 886 2814 ἐνδυμάτων
916 2743 1178 2814 κροκέων,
1213 2743 1477 2813 βόσκοντα
1508 2743 1758 2815 πρόϐατα

171 2832 353 2886 πολλά
397 2833 550 2886 λίαν·
601 2834 694 2886 καλ¹
735 2834 801 2888 τὰ
855 2833 1106 2904 πρόϐατα
1153 2834 1329 2888 ταῦτα
1360 2830 1429 2905 ἦν
1462 2835 1594 2887 ὡσεὶ
1626 2852 1757 2905 τρυ-

175 2924 375 2991 φῶντα
415 2926 508 2978 καὶ
550 2925 668 2978 λίαν
705 2924 1063 2978 σπαταλῶντα
1097 2927 1191 2979 καὶ
1241 2925 1419 2997 ἱλαρὰ,
1456 2925 1758 2997 σκιρτῶντα

165 3008 278 3069 ὧδε
305 3016 487 3070 κάκεῖ.
517 3015 626 3068 Καὶ
659 3015 817 3078 αὐτὸς
846 3017 874 3068 6
914 3015 1118 3087 ποιμὴν
1149 3014 1291 3068 πάνυ
1336 3015 1518 3086 ίλαρὺς
1555 3016 1646 3068 ἐπὶ
1679 3014 1756 3085 τῷ

175 3108 416 3178 ποιμνίῳ
458 3105 604 3177 αύτῷ
640 3102 707 3178 ἦν
742 3107 833 3159 καὶ
873 3107 1190 3178 περιέτρεχε
1229 3106 1298 3160 τά
1331 3106 1598 3177 πρόϐατα.
1642 3108 1754 3160 Καὶ

173 3199 312 3252 ἄλλα
361 3198 608 3270 πρόϐατα
648 3195 784 3250 εἶδον
819 3198 1176 3252 σπαταλῶντα
1225 3199 1318 3252 καὶ
1359 3198 1649 3270 τρυφῶντα
1697 3202 1756 3252 ἐν

173 3291 326 3359 τόπῳ
351 3290 460 3354 ἐνὶ,
488 3290 550 3341 οὐ
582 3289 764 3360 μέντοι
793 3290 1120 3362 σκιρτῶντα.
1151 3290 1262 3344 Καὶ
1288 3290 1435 3358 λέγει
1469 3307 1589 3360 μοι·
1625 3290 1755 3343 Βλέ-

177 3398 303 3443 πεις
329 3381 423 3434 τὸν
450 3381 683 3451 ποιμένα
708 3381 929 3447 τοῦτον;
969 3382 1159 3436 Βλέπω
1179 3421 1192 3446 ,
1226 3382 1378 3452 φησὶ,
1415 3381 1609 3453 Κύριε.
1652 3375 1756 3436 Οὗ-

171 3491 287 3538 τος,
314 3475 498 3543 φησὶν,
528 3473 754 3542 ἄγγελος
779 3478 988 3545 τρυφῆς
1019 3475 1113 3528 καὶ
1145 3474 1363 3545 ἀπάτης
1394 3474 1572 3527 ἐστίν’
1602 3467 1756 3539 οὗτος

168 3565 418 3635 ἐκτρίϐει
460 3565 558 3629 τὰς
585 3565 761 3636 ψυχὰς
803 3567 909 3618 τῶν
935 3566 1134 3619 δούλων
1164 3565 1258 3618 τοῦ
1289 3564 1425 3619 Θεοῦ
1469 3567 1561 3620 καὶ
1591 3584 1756 3620 κατα-

175 3657 399 3727 στρέφει
426 3655 535 3709 ἀπδ
561 3657 661 3726 τῆς
685 3656 943 3726 ἀληθείας
970 3656 1192 3709 ἀπατῶν
1221 3656 1391 3720 αὑτὰς
1421 3661 1540 3722 ταῖς
1569 3658 1756 3711 ἐπιθυ-

176 3749 330 3818 μίαις
353 3751 474 3811 ταῖς
494 3750 784 3818 πονηραῖς,
820 3749 876 3799 ἐν
908 3743 997 3810 αἶς
1033 3747 1361 3801 ἀπόλλυνται
1398 3749 1753 3805 ἐπιλανθανό-

175 3857 328 3909 μενοι
361 3839 471 3892 τῶν
504 3838 730 3892 ἐντολῶν
753 3837 847 3891 τοῦ
874 3838 1070 3902 ζῶντος
1102 3839 1195 3891 τοῦ
1231 3839 1365 3892 Θεοῦ
1397 3841 1492 3893 καὶ
1529 3843 1756 3912 πορευό-

175 3948 328 4002 μενοι
355 3932 478 3993 ταῖς
514 3930 769 4000 ματαίαις
814 3933 1046 3999 τρυφαῖς
1093 3930 1187 3983 καὶ
1226 3931 1466 3996 ἀπάταις
1497 3933 1589 3987 τοῦ
1635 3935 1751 4005 βίου

171 4024 386 4075 τούτου.
419 4021 510 4073 Διὸ
539 4021 633 4074 καὶ
660 4021 987 4074 ἀπόλλυνται
1018 4022 1124 4074 ὑπὸ
1160 4023 1255 4075 τοῦ
1295 4024 1529 4092 ἀγγέλου
1563 4027 1750 4080 τούτου

170 4118 254 4175 εἰς
288 4114 517 4168 θάνατον
557 4112 667 4181 (8i)
707 4113 800 4165 καὶ
842 4112 1212 4184 καταφθοράν.
1252 4114 1410 4183 Λέγω
1446 4117 1623 4187 αὐτῷ’
1674 4121 1749 4172 Οὺ

173 4203 450 4271 γινώσκω,
476 4201 668 4272 Κύριε,
696 4201 747 4252 τί
783 4201 949 4264 ἐστιν,
988 4204 1068 4264 εἰς
1113 4201 1341 4255 θάνατον
1367 4204 1459 4256 καὶ
1485 4206 1753 4276 καταφθο-

173 4296 298 4369 ραν.
343 4295 456 4347 Καὶ
495 4292 645 4360 λέγει
681 4308 804 4362 μοι·
854 4293 1073 4355 Ἀκουε,
1111 4294 1294 4361 φησὶν,
1335 4294 1370 4347 ἃ
1406 4290 1562 4358 εἶδες.
1608 4298 1750 4367 Πρό-

1864 457 2012 511 clara
2041 469 2194 529 gesta
2228 474 2325 529 per
2349 473 2474 514 eum
2502 458 2757 516 Christus
2785 460 3136 531 operabatur.

1936 545 2024 601 l8.
2063 546 2193 602 Post
2225 547 2366 602 duos
2403 563 2536 602 vero
2580 564 2693 605 suae
2742 551 2798 604 in
2854 550 3193 608 monasterio
3235 550 3434 621 prafe-

1863 645 2034 694 ctura:
2072 653 2266 706 annos,
2309 638 2418 694 duo
2441 640 2837 710 'pusillanimes
2891 640 3109 710 fratres,
3155 645 3433 698 communi

1864 729 2134 784 sententia
2180 743 2249 782 ex
2297 731 2636 785 monasterio
2688 733 2918 802 egressi,
2958 734 3164 788 reversi
3212 741 3433 789 suntut

1863 833 2028 874 canes
2054 818 2121 872 ad
2152 818 2416 874 vomitum
2443 836 2627 888 suum,
2651 836 2775 876 sese
2797 822 2991 878 dantes
3037 824 3430 893 voluptatibus,

1861 911 2070 966 deliciis
2097 920 2150 966 et
2178 911 2422 968 lasciviis
2447 912 2613 982 hujus
2636 914 2844 970 saeculi.
2868 914 2966 969 llis
2996 917 3294 986 compertis
3324 933 3434 974 ser-

1860 1017 1963 1057 vus
2012 1001 2107 1057 Dei
2147 1003 2480 1070 Antiochus,
2533 1007 2768 1060 multum
2811 1022 2934 1063 sese
2966 1010 3284 1072 maceravit,
3318 1025 3434 1064 am-

1862 1095 1962 1152 bos
2009 1095 2136 1152 illos
2169 1095 2468 1166 deplorans
2506 1096 2728 1164 fratres,
2771 1115 2834 1154 ac
2866 1100 3157 1155 Dominum
3209 1103 3432 1159 illorum

1860 1201 2030 1243 causa
2065 1194 2322 1257 precatus
2340 1195 2444 1243 est.
2469 1189 2837 1245 Psallentibus
2866 1201 3044 1246 autem
3071 1193 3180 1247 illis
3208 1207 3431 1258 nonam,

1860 1277 1954 1332 ubi
1984 1293 2094 1333 una
2116 1293 2242 1333 cum
2271 1279 2534 1336 fratribus
2558 1297 2732 1352 genua
2752 1281 3023 1349 flectebat,
3059 1291 3248 1353 raptus
3269 1291 3354 1339 est
3376 1286 3430 1339 in

1859 1370 2126 1434 exstasin,
2160 1371 2455 1442 animaque
2487 1373 2608 1442 ejus
2640 1374 2904 1444 arripitur
2934 1375 3001 1429 ab
3019 1377 3232 1446 angelo.
3265 1376 3434 1432 Multo

1858 1461 2044 1532 elapso
2073 1464 2336 1532 temporis
2359 1465 2558 1534 spatio,
2579 1480 2703 1520 cum
2734 1467 2976 1520 nondum
3008 1468 3429 1538 expergisceret,

1859 1555 2034 1625 surgit
2082 1556 2444 1613 secundarius
2503 1558 2644 1629 ejus,
2699 1559 3006 1631 leniterque
3064 1562 3316 1617 hortatur
3371 1569 3432 1616 ut

1858 1659 2136 1720 exsurgat,
2163 1651 2540 1723 orationisque
2571 1654 2940 1710 ministerium
2969 1657 3262 1725 persolvat.
3294 1656 3434 1712 Con-

1859 1741 2055 1808 spicati
2090 1748 2272 1796 autem
2314 1757 2417 1796 nec
2451 1757 2641 1798 vocem
2685 1760 2785 1799 nec
2825 1745 3068 1800 auditum
3099 1762 3241 1812 esse,
3271 1748 3432 1801 intel-

1858 1829 2037 1884 lexere
2057 1831 2321 1886 visionem
2345 1832 2498 1886 illum
2517 1839 2730 1892 contem
2739 1833 2968 1902 plari,ac
2984 1836 3254 1905 completo
3271 1851 3432 1890 cano-

1859 1935 1928 1973 ne
1954 1921 2111 1989 211
2142 1921 2458 1978 abscessere
2488 1924 2556 1978 ab
2584 1925 2695 1978 illo.
2727 1925 2864 1979 Cum
2896 1934 3075 1980 autem
3123 1929 3432 1985 immineret

1859 2012 1992 2067 solis
2033 2027 2288 2078 occasus,
2330 2030 2454 2069 cum
2479 2016 2718 2070 clamore
2749 2019 2862 2074 ait:
2894 2019 3077 2074 Gloria
3109 2021 3228 2085 tibi,
3261 2021 3426 2087 Deus,

1859 2102 2029 2172 gloria
2051 2104 2167 2158 tibi.
2189 2104 2343 2161 Tunc
2377 2109 2609 2162 accessit
2639 2111 2821 2164 omnis
2856 2120 3033 2167 coetus
3066 2152 3079 2174 ,
3110 2113 3432 2184 rogavitque

1859 2194 1996 2248 nihil
2022 2202 2080 2248 ut
2100 2196 2302 2252 celaret
2320 2213 2510 2252 eorum
2543 2215 2662 2269 quae
2683 2200 2942 2257 Dominus
2973 2204 3077 2258 sibi
3108 2206 3424 2262 revelasset.

1859 2283 2062 2340 Etcum
2082 2302 2193 2355 prae
2210 2289 2622 2358 importunitate
2645 2291 2874 2346 fratrum
2897 2295 3072 2350 celare
3089 2311 3197 2349 non
3220 2308 3426 2367 posset,

1860 2375 2004 2431 facta
2021 2379 2173 2447 prius
2188 2381 2456 2448 oratione,
2478 2383 2551 2436 ita
2571 2398 2732 2439 orsus
2749 2393 2832 2439 est
2849 2405 2862 2440 :
2879 2385 3087 2456 Raptus
3104 2404 3198 2457 per
3214 2389 3428 2443 Domini

1859 2469 2090 2536 gratiam
2125 2470 2192 2523 ab
2211 2473 2402 2541 angelo
2438 2475 2561 2527 veni
2589 2475 2644 2528 in
2676 2492 2868 2546 agrum
2887 2480 3199 2547 quemdam.
3231 2478 3428 2535 Osten-

1859 2559 2046 2630 ditque
2080 2560 2171 2617 ille
2220 2565 2353 2617 mihi
2388 2565 2786 2622 adolescentem
2827 2570 3120 2638 quemdam
3172 2571 3426 2626 indutum

1859 2651 2101 2722 synthesi
2125 2667 2440 2708 croceorum
2466 2657 2932 2722 vestimentorum,
2961 2657 3054 2726 qui
3073 2659 3424 2728 quampluri-

1860 2755 1978 2795 mas
2010 2743 2266 2811 pascebat
2292 2759 2456 2799 oves:
2488 2755 2754 2814 erantque
2775 2761 2905 2801 oves
2933 2747 3039 2800 illae
3081 2748 3424 2813 deliciantes,

1860 2833 2259 2904 admodumque
2280 2836 2618 2892 luxuriantes
2640 2845 2695 2892 et
2715 2838 2939 2904 hilares,
2959 2839 3086 2892 hinc
3109 2847 3271 2908 atque
3297 2839 3427 2894 hinc

1861 2925 2218 2982 exsultantes.
2244 2926 2474 2998 Ipseque
2509 2936 2694 2998 pastor
2729 2929 2957 2998 multum
3003 2929 3197 2984 hilaris
3221 2930 3272 2982 in
3295 2929 3426 2984 ovili

1861 3017 2089 3088 degebat
2111 3034 2232 3084 suo,
2282 3027 2335 3073 et
2367 3035 2495 3074 oves
2543 3019 2830 3074 circuibat.
2874 3019 3132 3089 Aliasque
3154 3021 3264 3074 vidi
3291 3035 3423 3076 oves

1859 3112 2198 3166 luxuriantes
2222 3119 2278 3165 et
2306 3111 2624 3175 deliciantes
2666 3128 2776 3168 uno
2827 3113 2885 3166 in
2934 3112 3075 3176 loco,
3119 3127 3218 3166 nec
3243 3123 3422 3168 tamen

1856 3203 2210 3258 exsultantes.
2243 3201 2442 3271 Aitque
2487 3202 2623 3256 mihi
2651 3219 2665 3256 :
2697 3201 2890 3258 Viden’
2929 3203 3076 3258 hunc
3109 3207 3426 3274 pastorem?

1857 3292 2044 3358 Video,
2066 3295 2308 3364 inquam,
2339 3293 2587 3348 Domine.
2611 3293 2711 3348 Hic
2733 3302 2835 3361 est,
2855 3297 2952 3362 ait,
2976 3297 3199 3366 angelus
3240 3299 3426 3370 volup-

1853 3387 1982 3441 tatis
2001 3394 2055 3442 et
2084 3386 2331 3442 fallaciae.
2363 3386 2463 3442 Hic
2491 3389 2677 3442 atterit
2709 3390 2920 3444 animas
2938 3405 3218 3445 servorum
3239 3391 3354 3456 Dei,
3373 3399 3428 3447 et

1865 3479 2067 3533 avertit
2084 3494 2114 3532 a
2129 3481 2373 3543 veritate,
2407 3481 2566 3535 malis
2588 3479 2865 3551 decipiens
2887 3483 3008 3537 illas
3030 3483 3427 3555 concupiscen-

1855 3570 1967 3636 tiis,
1985 3571 2039 3624 in
2057 3572 2255 3639 quibus
2272 3571 2380 3624 illa
2400 3579 2630 3639 pereunt
2674 3573 3020 3628 immemores
3048 3574 3426 3630 mandatorum

1855 3661 1948 3717 Dei
2001 3663 2257 3728 viventis,
2294 3663 2719 3732 incedentesque
2761 3663 2818 3716 in
2861 3663 3017 3719 vanis
3053 3665 3425 3734 voluptatibus

1854 3760 1908 3806 et
1931 3750 2162 3807 fallaciis
2215 3752 2378 3822 hujus
2428 3753 2568 3807 vitaz.
2604 3753 2946 3823 Quapropter
2982 3755 3316 3824 dispereunt,
3356 3757 3427 3813 ab

1855 3843 1959 3898 hoc
2016 3846 2208 3915 angelo
2236 3845 2292 3900 in
2323 3855 2554 3903 mortem
2596 3856 2651 3903 et
2693 3849 3104 3919 corruptionem
3154 3850 3424 3906 deductae.

1855 3935 1992 3990 Tum
2025 3952 2124 4006 ego
2157 3956 2169 3990 :
2202 3935 2417 4007 Ignoro,
2453 3937 2700 4002 Domine,
2743 3939 2870 4008 quid
2905 3939 2977 3994 sit
3017 3940 3074 3993 in
3119 3951 3346 3995 mortem
3370 3949 3425 3994 et

1853 4027 2281 4096 corruptionem.
2320 4027 2572 4096 Dixitque
2601 4027 2735 4081 mihi
2761 4043 2773 4078 :
2811 4027 2951 4082 Audi
2984 4036 3036 4083 et
3065 4029 3283 4099 percipe
3303 4046 3425 4100 quae

1853 4119 2004 4172 vides
2037 4137 2050 4172 :
2077 4117 2218 4173 Oves
2242 4117 2443 4173 hilares
2482 4118 2586 4171 illae
2611 4124 2664 4172 et
2686 4117 3026 4173 exsultantes
3046 4157 3062 4183 ,
3091 4119 3145 4172 hi
3175 4129 3301 4174 sunt
3328 4120 3423 4189 qui

1854 4225 1884 4263 a
1913 4209 2024 4264 Deo
2053 4209 2118 4264 ad
2168 4208 2330 4264 ﬁnem
2372 4224 2548 4279 usque
2592 4209 2772 4264 avulsi
2804 4216 2953 4274 sunt,
2989 4219 3044 4265 et
3075 4226 3198 4266 sese
3219 4225 3424 4265 concu-

1853 4302 2137 4372 piscentiis
2186 4301 2351 4370 hujus
2398 4301 2583 4356 saeculi
2639 4299 3000 4358 tradiderunt.
3031 4300 3088 4355 ln
3119 4302 3203 4356 his
3238 4302 3425 4373 itaque

171 4386 315 4440 ϐατα
344 4383 506 4455 ἱλαρά
532 4385 626 4436 καὶ
656 4383 959 4453 σκιρτῶντα
985 4375 1130 4435 οὗτοί
1159 4386 1293 4438 εἰσιν
1319 4388 1368 4438 οἱ
1399 4388 1754 4459 ἀπεσπασμέ-

1858 4397 2006 4451 nulla
2022 4403 2107 4452 est
2123 4395 2445 4466 ptenitentia
2467 4393 2561 4463 {de
2598 4393 2710 4449 vita
2735 4409 2857 4459 sua,
2891 4395 3018 4464 quia
3035 4397 3197 4451 etiam
3222 4411 3422 4451 nomen

171 4498 254 4534 νοι
278 4475 495 4532 ἀπὸτοῦ
519 4475 652 4528 Θεοῦ
669 4476 748 4537 είς
770 4474 920 4536 τέλος
944 4475 1036 4526 καὶ
1063 4476 1504 4546 παραδεδωκότες
1526 4481 1748 4543 ἑαυτοὺς

169 4574 297 4633 ταῖς
331 4569 644 4638 ἐπιθυμίαις
672 4566 766 4619 τοῦ
804 4567 995 4628 αἰῶνος
1024 4566 1233 4620 τούτου.
1297 4570 1384 4622 Ἐν
1411 4570 1620 4634 τούτοις
1657 4568 1748 4626 οῦν

175 4661 438 4732 μετάνοια
465 4659 608 4729 ζωῆς
634 4659 734 4711 οὐκ
769 4657 934 4722 ἔστιν,
971 4660 1050 4712 ὅτι
1088 4660 1182 4712 καὶ
1208 4660 1268 4712 τὸ
1294 4660 1464 4732 ὄνομα
1485 4663 1578 4716 τοῦ
1612 4663 1746 4716 Θεοῦ

169 4755 238 4807 δι’
269 4753 469 4813 αὐτοὺς
499 4751 913 4821 βλασφημεῖται.
945 4751 1064 4802 Τῶν
1092 4751 1348 4805 τοιούτων
1375 4755 1407 4823 ἡ
1436 4752 1548 4825 ζωὴ
1581 4754 1746 4808 θάνα-

171 4847 265 4909 τός
300 4846 469 4896 ἐστιν.
506 4843 572 4894 *Α
605 4841 662 4894 δέ
700 4838 839 4904 εἶδες
880 4841 954 4912 μὴ
997 4843 1319 4915 σκιρτῶντα,
1368 4845 1502 4898 ἀλλά
1551 4848 1646 4900 καὶ
1689 4851 1746 4900 ἐν

172 4938 326 5005 τόπῳ
358 4934 693 5005 βοσκόμενα,
728 4929 872 4986 οὗτοί
913 4937 1050 4987 εἰσιν
1091 4938 1140 4988 οἱ
1174 4938 1618 5007 παραδεδωκότες
1650 4944 1746 5012 μὲν

173 5031 241 5098 τῇ
270 5029 451 5097 τρυφῇ
485 5027 579 5079 καὶ
607 5025 788 5095 ἀπάτῃ
818 5025 1063 5090 ἑαυτοὺς,
1103 5030 1182 5090 εἰς
1214 5028 1271 5080 δὲ
1298 5030 1391 5082 τὸν
1434 5030 1636 5102 Κύριον
1671 5034 1745 5105 μὴ

173 5119 684 5189 βλασφημήσαντες.
711 5109 868 5170 Οὗτοι
888 5112 980 5169 οὖν
1009 5118 1446 5190 κατεφθαρμένοι
1475 5123 1609 5175 εἰσὶν
1640 5125 1746 5178 ἀπὸ

169 5212 277 5281 τῆς
301 5210 556 5280 ἀληθείας
575 5226 587 5239 ·
623 5210 681 5261 ἐν
706 5208 914 5272 τούτοις
943 5210 1099 5273 ἐλπίς
1131 5213 1245 5263 ἐστι
1282 5213 1589 5281 μετανοίας,
1625 5218 1682 5268 ἐν

1853 4489 2069 4544 Domini
2124 4495 2349 4557 propter
2402 4486 2526 4541 illos
2572 4486 3004 4556 blasphematur.
3065 4487 3269 4541 Harum
3309 4488 3424 4544 vita

1853 4594 2002 4634 mors
2025 4584 2130 4634 est.
2157 4576 2308 4643 Quas
2337 4585 2517 4631 autem
2551 4576 2739 4631 vidisti
2760 4591 2870 4630 non
2894 4577 3254 4643 exsultantes,
3280 4585 3335 4634 et
3365 4579 3421 4633 in

1853 4671 1975 4726 loco
2005 4685 2106 4724 suo
2136 4675 2446 4739 pascentes,
2495 4667 2550 4720 hi
2577 4675 2705 4722 sunt
2734 4669 2826 4738 qui
2848 4684 2970 4723 sese
3001 4670 3217 4738 quidem
3264 4671 3419 4724 voluo

1853 4763 1989 4833 ptati
2017 4770 2071 4817 et
2104 4761 2332 4815 fallacia:
2381 4759 2657 4822 dedidere,
2717 4761 2811 4815 sed
2857 4761 2912 4814 in
2971 4761 3258 4816 Dominum
3306 4777 3417 4817 non

1852 4853 2317 4923 blasphemavere.
2347 4850 2413 4904 Hi
2434 4850 2652 4920 quidem
2685 4851 2926 4919 corrupti
2953 4859 3008 4905 et
3033 4867 3064 4904 a
3085 4852 3309 4905 veritate
3331 4866 3419 4905 se-

1854 4945 2004 5000 ducti
2040 4950 2188 5008 sunt,
2223 4943 2279 4996 in
2303 4943 2390 4996 his
2434 4951 2612 4996 tamen
2671 4957 2794 5012 spes
2840 4953 2924 4997 est
2958 4944 3310 5012 poenitentiae,
3361 4943 3418 4996 in

1852 5052 1960 5107 qua
1987 5037 2168 5090 vivere
2223 5041 2468 5104 possunt.
2509 5032 2712 5087 Earum
2765 5032 2949 5102 itaque
2995 5034 3276 5103 corruptio
3309 5047 3418 5086 non

1852 5137 1938 5183 est
1975 5129 2093 5183 sine
2113 5141 2209 5196 spe
2244 5128 2670 5182 resurrectionis
2698 5169 2713 5192 ,
2749 5143 2922 5198 usque
2957 5126 3026 5181 ad
3049 5133 3259 5180 certum
3282 5131 3420 5179 tem-

1851 5221 2002 5292 poris
2028 5219 2283 5287 spatium.
2305 5217 2452 5274 Mors
2485 5228 2664 5273 autem
2694 5227 2956 5274 aeternum
2994 5224 3078 5273 est
3097 5216 3344 5273 exitium.

171 5305 427 5356 δύνανται
460 5301 639 5373 ζῆσαι.
674 5302 740 5354 Ἡ
768 5301 1083 5374 καταφθορά
1107 5298 1198 5356 οῦν
1227 5304 1416 5358 ἐλπίδα
1453 5306 1565 5377 ἔχει
1605 5309 1954 5376 ἀναστάσεως
1986 5312 2089 5374 ἓως
2114 5311 2260 5374 τινός
2283 5327 2295 5338 ·
2326 5311 2355 5361 6
2382 5311 2438 5364 δὲ
2501 5311 2728 5374 θάνατος
2784 5310 3057 5365 ἀπώλειαν
3111 5309 3224 5380 ἔχει
3282 5307 3414 5360 αἰώ-

173 5410 305 5448 νιον.

246 5488 494 5564 (80)_Hic
537 5491 690 5564 locus
716 5489 907 5564 Latine
941 5497 1150 5564 tantum
1198 5493 1395 5564 legitur
1435 5497 1576 5564 apud
1605 5496 1742 5552 Her—

175 5573 322 5612 mam
341 5560 632 5631 fauorem
664 5561 702 5613 l.
731 5577 812 5622 In,
849 5562 1014 5631 simil.
1049 5562 1103 5624 6,
1133 5577 1187 5631 p.
1219 5560 1307 5628 63,
1337 5566 1425 5618 ubi
1465 5560 1546 5620 sic
1585 5568 1743 5623 halic-

176 5641 265 5682 tur
290 5648 301 5682 :
336 5627 402 5680 Et
433 5631 665 5682 venimus
693 5633 744 5683 in
765 5629 1040 5693 quemdam
1070 5627 1333 5700 campum,
1355 5645 1404 5687 et
1430 5637 1540 5688 illic
1569 5647 1741 5691 osten-

175 5701 253 5751 dit
291 5701 420 5752 mihi
469 5701 711 5768 juvenem
754 5710 1012 5768 pastorem
1055 5705 1290 5756 vestitum
1338 5707 1621 5775 synthesth
1661 5726 1742 5763 re-

1846 5498 2213 5551 stimentorum
2243 5494 2414 5547 colore
2448 5495 2705 5547 coccineo.
2745 5493 2810 5548 Et
2847 5507 3038 5548 caetera
3074 5493 3211 5549 bene
3245 5495 3417 5553 multa

1848 5582 1968 5636 quae
2006 5566 2240 5632 scriptor
2272 5565 2372 5616 iste
2411 5562 2607 5636 ex_Gr.
2631 5563 2866 5636 Hermae
2899 5573 3070 5625 textu,
3102 5564 3193 5632 qui
3237 5565 3416 5622 adhuc

1849 5632 2129 5706 supererat
2156 5649 2253 5688 suo
2279 5648 2412 5706 aevo,
2443 5632 2513 5706 ad
2535 5633 2757 5706 verbum
2789 5641 3068 5690 mutuatus
3096 5642 3196 5690 est.

1918 5701 2028 5776 (8t)
2059 5704 2300 5772 Hermas,
2324 5702 2391 5756 ad
2421 5701 2778 5772 defectionem.
