3840 6194
487 315 591 372 585
1605 313 1665 370 S.
1699 310 2031 369 ATHANASJ

2146 353 2162 369 .
2201 345 2272 355 —
2308 311 2584 372 SPURIA.
3624 321 3725 377 580

562 427 647 484 t9.
672 426 883 483 Rursus
930 427 1211 498 paululum
1259 429 1654 500 processimus,
1698 440 1754 486 et
1807 430 2028 486 ostendi

2225 432 2312 488 19.
2362 431 2534 486 Πάλιν
2581 430 2896 504 προέϐημεν
2949 431 3178 502 μικρὸν,
3212 431 3306 485 ml
3349 430 3590 486 δείκνυσί
3637 451 3726 504 μοι

488 521 621 575 mihi
649 521 815 574 alium
855 527 1133 590 pastorem
1167 527 1380 575 statura
1437 522 1743 591 praealtum,
1779 521 2031 593 eﬂeraqui

2152 522 2339 593 ἕτερον
2369 522 2600 593 ποιμένα
2633 521 2826 593 μέγαν,
2861 521 2938 585 ώς
2966 523 3156 594 ἄγριον
3195 525 3262 592 τῇ
3313 521 3456 593 ἰδέᾳ,
3492 524 3722 594 περικεί-

488 613 688 682 specie,
721 611 972 665 indutum
1007 611 1232 680 caprina
1261 612 1411 683 pelle
1440 612 1585 676 alba,
1613 613 1709 683 qui
1744 629 1932 683 peram
1951 613 2056 668 ha-

485 697 647 760 bebat
673 703 901 758 humero
915 703 1245 773 impositam,
1269 719 1332 758 ac
1344 705 1650 774 praeduram
1683 706 2056 777 nodosamque

484 794 716 867 virgam,
753 803 1016 865 torvoque
1039 803 1154 850 erat
1175 803 1421 866 aspectu,
1452 796 1527 850 ita
1553 805 1612 850 ut
1641 797 2052 854 reformidarem

486 887 658 945 illum.
681 885 780 941 Hic
803 888 980 958 itaque
1000 895 1187 958 pastor
1213 903 1343 943 oves
1361 889 1570 959 accepit
1592 905 1621 943 a
1641 892 1816 961 primo
1834 898 2053 962 pastore

485 977 580 1033 illo
638 978 1004 1042 adolescente,
1057 979 1178 1033 illas
1219 978 1449 1044 scilicet,
1498 979 1839 1045 deliciantes,
1894 981 2053 1035 luxu-

485 1067 712 1134 riantes,
743 1083 842 1122 nec
857 1069 1217 1133 exsultantes,
1251 1082 1316 1122 ac
1347 1069 1586 1138 conjecit
1622 1069 1745 1126 illas
1778 1072 1829 1124 in
1863 1088 2052 1142 quem-

453 1168 458 1176 '
485 1157 609 1210 dam
641 1167 972 1229 praaruptum
997 1159 1197 1222 locum,
1217 1159 1392 1230 spinis
1406 1169 1458 1214 et
1476 1162 1695 1217 tribulis
1713 1164 2048 1233 perplexum,

486 1249 560 1303 ita
611 1257 670 1303 ut
726 1266 834 1304 non
869 1261 1093 1319 possent
1145 1267 1274 1307 oves
1320 1267 1351 1306 a
1386 1253 1606 1309 tribulis
1641 1254 1748 1307 illis
1777 1265 1831 1309 et
1876 1256 2050 1325 spinis

483 1355 606 1395 sese
627 1342 918 1407 extricare,
953 1343 1049 1397 sed
1089 1342 1145 1396 in
1189 1343 1323 1412 ipsis
1349 1344 1830 1415 complicarentur,
1861 1361 1924 1400 ac
1956 1347 2052 1400 mi-

483 1433 710 1487 serrime
751 1443 992 1503 agerent,
1057 1434 1255 1488 abillo
1312 1435 1476 1489 etiam
1523 1435 1829 1501 laucinatae,
1888 1444 2050 1506 atque

482 1526 628 1581 ultro
669 1527 917 1595 citroque
965 1526 1278 1597 compulsat.
1315 1526 1530 1580 Nullam
1588 1526 1826 1597 denique
1852 1543 2049 1583 conce-

481 1617 641 1672 debat
669 1620 932 1687 requiem,
966 1634 1068 1674 nec
1123 1626 1183 1674 ut
1220 1619 1459 1689 quodam
1502 1619 1626 1674 loco
1661 1621 2043 1676 consisterent.

477 1709 614 1764 Cum
643 1710 763 1765 illas
785 1711 859 1764 ita
896 1712 1208 1766 verberatas
1237 1719 1289 1767 et
1340 1712 1539 1766 misere
1570 1711 1799 1766 afﬂictas
1831 1713 2031 1782 conspi-

2146 1707 2348 1774 ἐδίδου,
2401 1707 2520 1760 οὐδὲ
2565 1707 2798 1760 ἵσταντο.
2852 1707 3077 1760 Βλέπων
3117 1702 3212 1760 οὖν
3249 1705 3388 1759 αὑτά
3427 1705 3538 1774 ἐγὼ
3580 1706 3721 1758 οὕτω

478 1817 658 1857 cerem
680 1841 696 1867 ,
724 1801 974 1857 dolebam
1000 1818 1100 1872 pro
1126 1803 1234 1858 illis
1277 1803 1404 1871 quia
1449 1803 1605 1858 valde
1632 1803 2031 1870 cruciabantur,

2146 1800 2514 1872 μαστιζόμενα
2545 1801 2640 1854 καὶ
2671 1799 3145 1871 ταλαιπωροῦντα,
3165 1798 3474 1869 ἐλυπούμην
3506 1801 3594 1850 ἐπ’
3630 1800 3722 1851 αύ-

478 1910 579 1950 nec
651 1894 1112 1950 intermissionem
1175 1895 1342 1948 ullam
1425 1894 1717 1950 habebant.
1775 1895 2031 1965 Angelum

2142 1897 2274 1959 τοῖς,
2301 1897 2383 1948 ὅτι
2405 1895 2577 1958 οὕτως
2607 1891 2989 1958 ἐϐασανίζοντο
3015 1894 3110 1946 καὶ
3137 1893 3332 1963 ἀνοχὴν
3356 1892 3491 1954 ὅλως
3521 1893 3623 1944 οὐκ
3649 1888 3721 1943 εῖ-

476 2002 657 2040 meum
705 1987 1012 2056 loquentem
1051 1995 1420 2057 percunctor:
1451 1987 1680 2041 Domine
1707 2027 1722 2053 ,
1782 1988 1905 2057 quis
1954 1988 2031 2042 hic

2143 2004 2257 2057 χον.
2301 1988 2414 2040 Καὶ
2443 1985 2587 2056 λέγω
2619 1985 2696 2057 τῷ
2729 1986 2946 2057 ἀγγέλῳ
2973 1985 3050 2056 τῷ
3100 1987 3216 2056 μετ’
3255 1982 3390 2056 ἐμοῦ
3433 1983 3682 2036 λαλοῦντι
3703 2001 3715 2013 '

478 2086 665 2148 pastor
710 2086 813 2147 est,
859 2080 935 2133 ita
988 2079 1212 2145 immitis
1241 2087 1294 2133 et
1317 2078 1591 2134 acerbus?
1621 2079 1816 2150 Aitque
1862 2080 2031 2135 mihi:

2142 2079 2336 2150 Κύριε,
2368 2078 2452 2142 τίς
2489 2081 2637 2132 ἐστιν
2677 2072 2830 2142 οὗτος
2871 2081 2900 2130 0
2937 2077 3163 2148 ποιμὴν,
3194 2079 3222 2130 0
3249 2075 3596 2145 ἄσπλαγχνος
3630 2075 3718 2126 καὶ

476 2167 576 2222 Hic
605 2177 687 2223 est
708 2170 931 2238 angelus
963 2169 1209 2232 ultionis,
1245 2169 1338 2239 qui
1367 2184 1397 2225 e
1443 2185 1673 2224 numero
1701 2179 1786 2226 est
1823 2171 2031 2241 angelo-

2142 2171 2370 2243 πικρός;
2416 2169 2526 2222 Kal.
2550 2169 2698 2238 λέγει
2735 2184 2858 2240 μοι’
2893 2161 3066 2231 Οὗτός
3099 2169 3246 2220 ἐστιν
3285 2169 3314 2219 0
3357 2165 3591 2235 ἄγγελος
3621 2169 3717 2235 τῆς

474 2277 596 2315 rum
623 2263 917 2331 justorum,
953 2263 1282 2318 constitutus
1315 2263 1379 2315 ad
1404 2263 1688 2317 ultionem.
1709 2261 1810 2317 llic
1841 2264 2031 2334 excipit

2142 2261 2406 2332 τιμωρίας
2424 2276 2436 2288 ·
2477 2261 2540 2312 ἐκ
2571 2258 2627 2312 δὲ
2654 2258 2764 2313 τῶν
2794 2257 3040 2327 ἀγγέλων
3071 2258 3178 2311 τῶν
3210 2247 3432 2311 δικαίων
3457 2255 3599 2320 ἐστὶ,
3628 2272 3717 2308 τε-

471 2366 568 2405 eos
597 2351 687 2420 qui
721 2365 751 2404 a
785 2348 894 2405 Deo
920 2350 1269 2413 aberrarunt,
1305 2359 1357 2404 et
1380 2349 1722 2404 incesserunt
1750 2350 1804 2403 in
1831 2364 2031 2404 concu-

2142 2350 2409 2422 ταγμένος
2454 2351 2512 2404 δὲ
2551 2350 2646 2404 ἐπὶ
2677 2351 2774 2421 τῆς
2811 2349 3100 2421 τιμωρίας.
3156 2349 3585 2420 Παραλαμϐάνει
3626 2344 3720 2401 οὖν

472 2441 758 2512 piscentiis
785 2441 919 2496 suis.
953 2441 1130 2511 Atque
1160 2441 1284 2496 illos
1311 2455 1409 2510 pro
1465 2442 1660 2496 merito
1689 2455 1789 2496 suo
1818 2440 2031 2495 ulcisci-

2142 2442 2264 2506 τοὺς
2295 2440 2774 2513 ἀποπλανηθέντας
2805 2441 2912 2495 ἀπὺ
2938 2441 3034 2494 τοῦ
3063 2439 3198 2494 Θεοῦ
3229 2441 3322 2494 καὶ
3355 2440 3719 2510 πορευθέντας

469 2538 579 2598 tur,
619 2532 893 2586 atrocibus
949 2540 1003 2588 et
1049 2531 1219 2586 variis
1272 2530 1514 2600 aliligens
1547 2531 1844 2600 suppliciis.
1898 2529 2031 2585 Tum

2142 2536 2258 2599 ταῖς
2292 2533 2608 2605 ἐπιθυμίαις
2639 2531 2836 2598 αὐτῶν,
2867 2534 2960 2585 ml
2986 2536 3305 2604 τιμωρεῖται
3339 2533 3557 2594 αὐτοὺς,
3583 2531 3716 2585 καθ-

468 2638 569 2691 ego
601 2638 615 2676 :
653 2621 806 2678 Scire
824 2623 1007 2694 cupio,
1037 2623 1284 2689 Domine,
1324 2638 1446 2694 quae
1463 2629 1516 2679 et
1547 2623 1728 2693 qualia
1756 2624 1867 2678 sint
1888 2624 2031 2678 varia

2142 2624 2214 2690 ὼς
2237 2624 2376 2690 ἄξιοί
2398 2626 2554 2689 εἰσιν,
2581 2625 2780 2688 δειναῖς
2801 2623 2896 2677 ml
2917 2623 3188 2687 ποικίλαις
3211 2622 3522 2695 τιμωρίαις.
3556 2621 3718 2689 Λέγω

470 2715 562 2768 illa
597 2715 882 2785 supplicia.
907 2714 1084 2781 Audi,
1115 2714 1296 2785 inquit
1353 2715 1464 2779 ille,
1496 2715 1648 2768 varia
1690 2714 1956 2785 supplicia
1983 2721 2031 2772 et

2142 2715 2314 2788 αὐτῷ·
2353 2714 2579 2769 1Ἥθελον
2620 2715 2844 2785 γνῶναι,
2875 2714 3070 2786 Κύριε,
3099 2715 3197 2776 τὰς
3229 2713 3480 2776 ποικίλας
3513 2711 3716 2773 ταύτας

469 2815 759 2874 tormenta,
793 2807 1078 2862 saecularia
1104 2813 1235 2862 sunt
1258 2805 1706 2861 tormenta.Cum
1738 2806 1882 2884 enim
1916 2821 2031 2862 sese

2142 2807 2424 2880 τιμωρίας,
2448 2807 2690 2861 ποταπαί
2716 2808 2874 2860 είσιν.
2904 2808 3125 2872 Ἄκουε,
3156 2806 3320 2878 φησίν
3340 2822 3354 2836 ·
3382 2807 3448 2858 Δί
3470 2803 3716 2857 ποικίλαι

467 2897 716 2954 homines
743 2913 774 2951 a
795 2896 904 2954 Deo
934 2897 1331 2968 separaverint,
1363 2898 1469 2952 rati
1492 2913 1552 2953 se
1585 2897 1642 2952 in
1662 2897 1844 2968 quiete
1866 2905 1920 2953 et
1948 2897 2031 2951 di-

2142 2899 2391 2970 τιμωρίαι
2439 2899 2532 2953 ml
2571 2898 2795 2969 βάσανοι
2829 2898 3078 2968 βιωτικαί
3105 2898 3212 2950 εισι
3251 2897 3492 2967 βάσανοι.
3543 2895 3715 2948 Ἐπάν

465 2989 614 3044 vitiis
639 2996 973 3052 versaturos,
1025 2995 1156 3044 tunc
1181 3003 1371 3059 poenas
1398 2989 1577 3054 luunt,
1603 2995 1657 3043 et
1689 2988 1782 3042 alii
1816 2989 2031 3058 quidem

2142 2991 2241 3062 γὰρ
2293 2990 2569 3044 ἀποστῶσι
2618 2989 2714 3044 τοῦ
2763 2990 2898 3044 Θεοῦ
2944 2989 3257 3061 νομίζοντες
3304 2990 3364 3043 ὲν
3407 2987 3715 3042 ἀναπαύσει

464 3081 788 3147 multantur,
833 3081 927 3136 alii
958 3081 1114 3152 egeni
1159 3081 1418 3149 evadunt,
1450 3082 1544 3136 alii
1593 3082 1649 3136 in
1688 3064 2031 3137 inﬁrmitates

2142 3079 2271 3137 εἶναι
2320 3084 2415 3137 καὶ
2463 3082 2697 3154 πλούτῳ,
2731 3082 2852 3135 τότε
2880 3080 3248 3152 τιμωροῦνται
3273 3081 3322 3134 ol
3359 3079 3458 3151 μὲν
3484 3069 3718 3151 ζημιού-

463 3171 726 3241 plurimas
778 3170 982 3225 cadunt
1018 3177 1072 3224 et
1123 3169 1178 3224 in
1215 3169 1538 3238 seditiones,
1589 3171 1682 3224 alii
1712 3171 1781 3226 ab
1814 3170 2031 3227 inferio-

2142 3192 2306 3247 μενοι,
2332 3176 2380 3228 οί
2413 3175 2468 3228 δὲ
2501 3173 2907 3246 ὑστερούμενοι,
2935 3175 2987 3227 οί
3016 3175 3072 3227 δὲ
3103 3173 3410 3237 ἀσθενείαις
3442 3172 3718 3233 ποικίλαις

463 3262 618 3318 ribus
649 3262 980 3318 contumelia
1014 3260 1342 3326 afficiuntur,
1377 3271 1430 3316 et
1463 3261 1571 3315 alia
1593 3262 1661 3317 iis
1684 3262 1883 3318 similia
1898 3279 2031 3318 con«

2142 3268 2571 3339 περιπίπτοντες,
2603 3267 2751 3322 ἄλλοι
2777 3268 2834 3321 ἐν
2861 3266 3310 3328 ἀκαταστασίαις,
3343 3264 3521 3334 ἕτεροι
3558 3264 3716 3333 ὑϐρι-

465 3354 699 3423 tingunt.
728 3351 956 3406 Plurimi
992 3367 1228 3423 namque
1273 3353 1367 3423 qui
1428 3353 1759 3408 tumultuose
1799 3355 2029 3410 consilia

2142 3357 2348 3427 ζόμενοι
2391 3356 2498 3409 ὑπὸ
2529 3356 2850 3422 ἐλαττόνων,
2885 3357 2981 3409 καὶ
3012 3355 3227 3427 ἑτέραις
3267 3355 3541 3417 ποικίλαις
3577 3355 3719 3426 πρά-

465 3444 764 3516 agitant,in
796 3445 967 3499 multa
991 3447 1210 3514 negotia
1229 3445 1620 3516 conjiciuntur,
1653 3445 1897 3516 nihilque
1921 3447 2028 3504 illis

2142 3446 2263 3512 Ξεσι.
2299 3446 2492 3500 Πολλοὶ
2519 3447 2628 3517 γὰρ
2662 3447 3067 3510 ἀκαταστάντες
3109 3447 3168 3499 ὲν
3211 3449 3332 3509 ταῖς
3359 3445 3580 3516 βουλαῖς
3614 3446 3716 3498 αὺ-

461 3551 722 3606 prospere
744 3536 912 3599 cadit,
940 3536 1087 3606 quod
1111 3537 1332 3608 indigne
1363 3537 1546 3592 ferunt
1585 3539 1718 3608 ipsi:
1752 3539 2031 3609 ignorant-

2142 3540 2236 3594 τῶν
2271 3539 2649 3596 ἐπιϐάλλονται
2679 3540 2761 3603 είς
2791 3540 2960 3595 πολλά
2991 3540 3290 3611 πράγματα
3315 3540 3410 3592 καὶ
3437 3539 3594 3592 οὐδὲν
3626 3541 3720 3593 αὺ-

460 3643 567 3697 que
601 3629 721 3682 ideo
756 3643 814 3682 se
832 3629 1013 3684 minus
1046 3644 1307 3698 prospere
1339 3645 1454 3684 rem
1490 3646 1668 3701 agere,
1702 3631 1850 3702 quod
1885 3634 2028 3687 mala

2142 3633 2238 3694 τοῖς
2268 3631 2403 3694 ὅλως
2433 3631 2716 3685 ἀποϐαίνει
2743 3631 2873 3702 (82),
2923 3632 3016 3685 καὶ
3061 3631 3489 3702 δυσχεραίνουσι,
3528 3633 3629 3684 καὶ
3657 3632 3718 3684 οὐ

459 3720 620 3790 212
650 3721 1014 3790 perpetrarint
1041 3739 1054 3774 :
1086 3736 1150 3775 ac
1180 3721 1398 3777 demum
1429 3721 1719 3778 Dominum
1748 3725 2024 3790 incusant,

2142 3721 2503 3790 γινώσκουσιν,
2547 3723 2628 3775 ὅτι
2664 3721 2752 3775 διὰ
2783 3724 2850 3777 τὰ
2883 3723 3092 3794 πονηρά
3120 3723 3156 3776 ἀ
3191 3723 3431 3794 ἔπραξαν
3467 3725 3574 3777 οὐκ
3627 3727 3718 3778 εύ-

459 3827 560 3866 nec
579 3812 851 3866 sustinent
902 3811 1127 3882 reliquis
1171 3813 1297 3868 vitae
1345 3830 1459 3869 suae
1507 3815 1700 3872 diebus
1754 3817 1820 3871 ad
1856 3816 2027 3872 Deum

2142 3813 2369 3867 >δοῦνται
2415 3815 2510 3868 καὶ
2553 3813 2737 3868 λοιπὸν
2779 3814 3062 3868 αἰτιῶνται
3104 3815 3196 3868 τὸν
3240 3815 3443 3884 Κύριον
3475 3817 3576 3869 καὶ
3617 3818 3720 3870 οὖα

2156 629 2315 684 μενον
2337 612 2510 684 δέρμα
2530 610 2734 679 αἴγειον
2760 610 2974 675 λευκὸν,
2991 613 3088 665 καὶ
3105 611 3284 682 πήραν
3311 611 3436 664 τινὰ
3460 607 3607 682 εἶχεν
3635 612 3722 664 ἐπὶ

2151 703 2244 757 τὸν
2267 697 2417 773 ὦμον
2437 703 2531 756 ml
2557 702 2748 774 ῥάϐδον
2777 701 3018 772 σκληρὰν
3043 701 3162 754 λίαν
3181 702 3275 755 καὶ
3297 700 3455 764 ὄζους
3477 701 3723 771 ἔχουσαν·

2151 796 2247 848 ml
2275 795 2338 848 τὸ
2387 794 2602 865 βλέμμα
2632 789 2745 864 εἶχε
2793 793 3007 866 πικρὸν,
3033 792 3172 846 ὥστε
3202 793 3501 864 φοϐηθῆναι
3537 810 3607 863 με
3636 795 3724 845 αύ-

2150 889 2262 942 τόν.
2298 881 2467 950 Οὗτος
2504 884 2598 940 οῦν
2629 888 2658 940 0
2705 887 2908 957 ποιμὴν
2942 886 3331 956 παρελάμϐανε
3363 885 3432 938 τὰ
3477 886 3723 957 πρόϐατα

2151 978 2258 1033 ἀπὸ
2299 977 2393 1031 τοῦ
2429 979 2687 1049 ποιμένος
2718 977 2811 1030 τοῦ
2839 976 3058 1049 πρώτου
3087 977 3180 1031 τοῦ
3207 977 3512 1038 νεανίσκου,
3546 979 3726 1031 ἐκεῖνα

2150 1068 2218 1121 τά
2266 1066 2622 1121 σπαταλῶντα
2669 1067 2764 1120 καὶ
2806 1066 3116 1137 τρυφῶντα,
3156 1065 3232 1136 μὴ
3289 1065 3600 1135 σκιρτῶντα
3647 1067 3722 1130 δὲ,

2150 1159 2244 1212 καὶ
2267 1157 2484 1211 ἔϐαλλεν
2513 1157 2651 1212 αύτά
2680 1157 2758 1221 εἷς
2784 1174 2904 1211 τινα
2929 1159 3095 1211 τόπον
3124 1156 3418 1228 κρημνώδη
3449 1157 3544 1211 καὶ
3569 1159 3727 1211 ἀκαν-

2151 1249 2290 1322 θώδη
2315 1251 2409 1304 καὶ
2433 1268 2462 1302 τ
2471 1249 2730 1319 ριϐολώδη
2751 1266 2764 1278 ·
2793 1248 2935 1302 ὥστε
2958 1249 3064 1302 ἀπὸ
3084 1248 3194 1302 τῶν
3215 1248 3464 1302 ἀκανθῶν
3492 1250 3591 1302 καὶ
3613 1267 3726 1319 τρι-

2149 1341 2318 1396 ϐόλων
2354 1342 2427 1414 μὴ
2459 1341 2716 1395 δύνασθαι
2749 1340 3012 1405 ὲκπλέξαι
3054 1341 3124 1394 τά
3159 1340 3423 1412 πρόϐατα,
3474 1341 3725 1410 ἀλλ’.ὲμ-

2147 1433 2440 1487 πλέκεσθαι
2467 1437 2587 1496 ταῖς
2621 1431 2884 1496 ἀκάνθαις
2912 1432 3007 1485 καὶ
3032 1431 3304 1502 τριϐόλοις
3332 1432 3425 1485 ml
3450 1432 3573 1485 λίαν
3602 1433 3725 1483 ἐτα-

2147 1523 2454 1595 λαιπώρουν
2485 1524 2780 1594 δαιρόμενα
2825 1525 2915 1577 ὑπ’
2948 1523 3113 1577 αὐτοῦ
3160 1524 3255 1578 ml.
3295 1517 3398 1578 ὧδε
3429 1525 3591 1576 κάκεῖ
3621 1540 3718 1576 πει

2147 1615 2428 1686 ριέλαυνεν
2491 1614 2632 1667 αὐτὰ
2691 1617 2783 1668 καὶ
2826 1615 2962 1677 ὅλως
3017 1615 3322 1668 ἀνάπαυσιν
3381 1615 3565 1676 αὐτοῖς
3625 1617 3723 1667 ούκ

2127 3905 2407 3976 ἀνέχονται
2446 3906 2542 3971 τὰς
2585 3905 2777 3969 λοιπάς
2808 3905 3019 3977 ἡμέρας
3059 3905 3237 3959 αὐτῶν
3275 3907 3719 3977 ἐπιστρέψαντες

2123 3996 2405 4050 δουλεῦσαι
2436 3997 2514 4068 τῷ
2556 3997 2674 4068 Θεῷ
2702 3998 2760 4051 ὲν
2789 3997 3004 4068 καθαρᾷ
3035 3997 3249 4068 καρδία.
3295 3999 3391 4051 Ἂν
3432 3998 3488 4050 δὲ
3539 4016 3717 4069 μετακ

2125 4088 2358 4158 νοήσωσι
2396 4085 2490 4138 ml.
2532 4086 2846 4157 ἀνανήψωσι
2867 4125 2881 4150 ,
2913 4087 3032 4139 τότε
3066 4087 3353 4150 συνιῶσιν,
3379 4087 3461 4140 ὅτι
3501 4087 3596 4142 διὰ
3649 4090 3720 4142 τὰ

2124 4176 2260 4248 ἔργα
2288 4176 2465 4230 αὐτῶν
2501 4177 2567 4229 τὰ
2603 4177 2813 4249 πονηρὰ
2845 4177 2944 4229 οὐκ
2977 4176 3273 4230 εὐωδοῦντο
3317 4179 3411 4230 ml
3444 4177 3598 4232 οὓτω
3629 4179 3720 4231 δο-

2125 4267 2343 4332 ξάζουσι
2376 4268 2464 4321 τὸν
2499 4267 2725 4338 Κύριον,
2757 4269 2838 4321 ὅτι
2877 4267 3082 4332 δίκαιος
3108 4270 3300 4340 κριτής
3331 4270 3468 4336 ἐστι,
3504 4272 3608 4323 ml.
3641 4271 3721 4324 δι-

459 3906 708 3961 converti
731 3912 896 3975 atque
930 3905 1010 3958 illi
1041 3921 1179 3976 puro
1228 3905 1395 3962 corde
1426 3909 1650 3962 servire.
1679 3907 1832 3974 Quod
1863 3909 1907 3963 si
1937 3924 2026 3963 re-

459 3996 719 4068 sipiscant
758 3994 1243 4065 poenitentiamque
1292 4003 1472 4064 agant,
1533 4003 1665 4050 tunc
1715 3996 2025 4065 intelligunt

458 4089 600 4142 mala
630 4101 728 4142 sua
757 4101 923 4157 opera
955 4086 1008 4139 in
1034 4101 1200 4141 causa
1234 4085 1406 4142 fuisse
1445 4086 1591 4156 quod
1626 4102 1734 4140 non
1763 4100 2026 4157 prospere

457 4195 569 4233 rem
603 4180 895 4248 gesserint,
929 4185 1094 4248 atque
1132 4179 1206 4232 ita
1237 4176 1468 4233 Domino
1498 4179 1728 4248 gloriam
1753 4177 2021 4242 referunt,

458 4276 518 4322 ut
539 4270 688 4338 justo
713 4270 905 4340 judici,
943 4284 972 4322 a
1005 4285 1114 4339 quo
1166 4269 1292 4338 jure
1332 4267 1536 4335 amicti,
1563 4276 1618 4323 et
1655 4269 1812 4338 juxta
1857 4282 2023 4338 opera

460 4374 556 4412 sua
587 4358 838 4428 castigati
869 4365 1017 4413 sunt.
1045 4357 1187 4412 Audi
1240 4357 1424 4428 itaque
1456 4359 1565 4412 vim
1583 4359 1892 4427 utriusque,
1927 4373 2024 4412 vo-

457 4451 683 4518 luptatis
707 4451 918 4506 scilicet
946 4457 1000 4504 et
1030 4449 1307 4518 supplicii.
1339 4449 1649 4518 Voluptatis
1685 4449 2022 4518 fallaciaeque

459 4554 565 4592 una
594 4548 678 4593 est
703 4539 871 4605 hora;
928 4538 1185 4608 supplicii
1235 4547 1416 4592 autem
1445 4539 1593 4592 hora:
1617 4538 1840 4608 triginta
1862 4579 1876 4602 ,
1901 4553 2023 4607 quae.

457 4631 669 4685 dierum
705 4629 812 4683 vim
845 4631 1065 4684 habent.
1093 4627 1294 4699 Siquis
1316 4644 1446 4700 ergo
1481 4630 1570 4684 die
1605 4645 1713 4684 una
1754 4631 2018 4700 voluptati

455 4735 610 4778 vacet
647 4731 704 4778 et
734 4739 831 4792 pro
869 4738 932 4778 ea
956 4737 1014 4779 re
1041 4737 1166 4777 cum
1194 4736 1260 4776 eo
1289 4723 1685 4792 expostuletur,
1719 4731 1882 4794 atque
1912 4739 2021 4778 uno

455 4814 544 4870 die
581 4814 878 4880 crucietur,
908 4813 1024 4868 dies
1080 4815 1172 4869 illa
1209 4815 1488 4870 cruciatus
1527 4816 1656 4870 anni
1685 4815 1883 4886 integri
1909 4818 2020 4870 vim

455 4906 638 4960 habet.
662 4903 806 4971 Quot
835 4905 1000 4974 igitur
1015 4906 1248 4974 quisque
1281 4906 1400 4960 dies
1422 4905 1688 4976 voluptati
1732 4921 1852 4961 sese
1874 4906 2021 4962 dedi-

2124 4360 2292 4423 καίως
2331 4357 2551 4422 ἔπαθον,
2597 4359 2692 4412 ml
2728 4359 3129 4430 ὲπαιδεύθησαν
3174 4360 3315 4413 κατά
3348 4359 3445 4423 τάς
3474 4362 3720 4432 πράξεις

2122 4449 2300 4503 αὐτῶν
2335 4450 2468 4521 (83).
2508 4451 2703 4502 Ἀκουε
2732 4447 2824 4504 οὖν
2855 4451 3180 4523 ἀμφοτέρων
3203 4453 3302 4523 τὴν
3327 4452 3588 4521 δύναμιν,
3616 4455 3721 4522 τῆς

2126 4650 2224 4702 της
2253 4636 2280 4686 ὁ
2323 4634 2512 4704 χρόνος
2559 4633 2677 4703 ὥρα
2710 4633 2825 4685 ἐστὶ
2873 4634 2992 4704 μία,
3036 4635 3133 4704 τῆς
3182 4633 3238 4686 δὲ
3289 4633 3527 4703 βασάνου
3572 4637 3720 4708 ὧραι

2125 4724 2417 4796 τριάκοντα
2453 4723 2674 4793 ἡμερῶν
2711 4723 2937 4793 δύναμιν
2975 4723 3208 4793 ἔχουσαι.
3265 4726 3390 4778 Ἐὰν
3433 4721 3530 4778 οὖν
3586 4728 3720 4796 μίαν

2127 4815 2340 4886 ἡμέραν
2372 4831 2455 4876 τις
2492 4815 2742 4883 τρυπήσῃ
2771 4815 2864 4865 καὶ
2896 4814 3194 4884 ἀπαιτηθῇ,
3237 4815 3362 4883 μίαν
3391 4814 3447 4866 δὲ
3488 4817 3721 4887 ἡμέραν

2129 4905 2444 4977 βασανισθῇ,
2479 4905 2725 4959 ἐνιαυτοῦ
2769 4907 3066 4976 ὁλοκλήρου
3116 4909 3266 4976 ἰσχὺν
3301 4906 3411 4975 ἕχει
3447 4908 3480 4976 ὴ
3521 4910 3719 4979 ἡμέρα

2125 4998 2303 5069 ἐκείνη
2331 4999 2427 5068 τῆς
2462 4999 2709 5068 βασάνου.
2744 4998 2913 5060 Ὅσας
2942 4996 3034 5050 οὖν
3064 4999 3275 5068 ἡμέρας
3303 5001 3564 5070 τρυφή-σῃ
3603 5017 3714 5062 τις,

2122 5089 2404 5151 τοσούτους
2455 5093 2728 5153 ἐνιαυτοὺς
2776 5089 3248 5159 βασανισθήσεται.
3305 5089 3539 5153 Βλέπεις
3595 5087 3714 5152 οὖν,

2122 5179 2202 5230 ὅτι
2227 5179 2328 5248 τῆς
2354 5181 2564 5250 τρυφῆς
2591 5183 2682 5234 ml
2724 5181 2937 5250 ἀπάτης
2964 5183 2992 5233 0
3027 5181 3212 5250 χρόνος
3241 5177 3391 5232 οὐδὲν
3419 5181 3577 5244 ἐστι,
3611 5183 3717 5252 τῆς

2120 5269 2175 5322 δὲ
2197 5273 2462 5342 τιμωρίας
2487 5274 2580 5325 καὶ
2614 5272 2845 5342 βασάνου
2878 5273 3062 5335 πολύς.
3111 5272 3167 5325 Ὁ
3191 5272 3410 5343 τρυφῶν
3433 5275 3535 5326 καὶ
3565 5278 3715 5328 ἀπα-

2120 5361 2360 5432 τώμενος
2393 5367 2484 5417 καὶ
2517 5367 2775 5436 πράσσων
2805 5365 2840 5419 ἀ
2875 5365 3119 5435 βούλεται
3158 5365 3356 5435 πολλὴν
3382 5367 3714 5437 ἀφροσύνην

455 4995 614 5056 derit,
645 5002 724 5048 tot
756 4994 914 5048 annis
945 4995 1299 5050 cruciabitur.
1343 4994 1502 5050 Vides
1539 5010 1669 5065 ergo
1720 4998 2016 5066 voluptatis

453 5095 507 5139 ot
536 5084 761 5138 fallaciae
781 5091 996 5153 tempus
1027 5084 1162 5138 nihil
1190 5099 1332 5146 esse,
1362 5085 1615 5154 supplicii
1653 5100 1784 5140 vero
1811 5094 1865 5140 et
1891 5101 2018 5140 cru-

455 5175 630 5229 ciatus
660 5173 1056 5244 longissimum.
1090 5171 1194 5239 Qui
1229 5173 1492 5244 voluptati
1519 5181 1676 5228 vacat
1699 5181 1753 5232 et
1788 5173 2016 5229 fallacia:

454 5263 788 5332 hujusmodi,
821 5277 885 5317 ac
912 5278 1011 5332 pro
1043 5263 1266 5319 libidine
1297 5263 1449 5333 agit,
1479 5263 1526 5319 is
1549 5278 1743 5333 magna
1788 5263 2014 5320 indutus

452 5360 537 5407 est
559 5353 816 5408 amentia.
857 5353 961 5408 Pro
993 5354 1270 5423 voluptate
1307 5370 1545 5423 namque
1589 5364 1643 5410 et
1673 5355 1888 5412 fallacia
1917 5372 2016 5412 cu-

449 5440 648 5513 jusque
679 5443 1078 5518 diei,magnunt
1103 5448 1214 5501 luet
1241 5448 1590 5518 supplicium,
1625 5463 1830 5502 annum
1859 5451 2012 5504 scili-

454 5541 540 5588 cet
585 5550 685 5603 pro
722 5539 964 5606 qualibet
1009 5540 1117 5595 die.
1149 5539 1378 5612 Dixique
1430 5542 1620 5612 angelo
1651 5561 1662 5596 :
1693 5542 1895 5608 Quales
1918 5559 2015 5597 vo-

2122 5453 2391 5507 ὲνδέδυται
2407 5473 2419 5484 ·
2452 5457 2570 5508 ἀντὶ
2597 5458 2706 5526 γάρ
2731 5457 2828 5527 τῆς
2853 5456 3065 5527 τρυφῆς
3098 5458 3192 5510 καὶ
3217 5458 3431 5527 ἀπάτης
3455 5458 3715 5532 ἑκάστης

2121 5545 2333 5616 ἡμέρας
2393 5548 2638 5601 ἀποτίσει
2701 5549 2930 5619 βάσανον
2993 5549 3235 5620 μεγάλην
3256 5591 3271 5617 ,
3321 5549 3580 5606 ἐνιαυτὸν
3640 5554 3711 5624 τῇ

659 5687 850 5760 Eulgo,
880 5693 1038 5746 ὑποϐ.
1075 5693 1281 5749 None.

526 5756 636 5828 (85)
663 5756 1077 5833 Ηίθόοωριυτιι
1107 5766 1450 5836 omittuntur,
1480 5783 1600 5838 qua
1632 5768 1884 5840 leguntur
1915 5769 2058 5838 apud
2072 5771 2359 5846 _llermam.

2127 4543 2336 4613 τρυφῆς
2363 4543 2456 4594 καὶ
2495 4543 2593 4612 τῆς
2623 4542 2877 4611 βασάνου.
2915 4544 3024 4612 Τῆς
3054 4543 3266 4615 τρυφῆς
3303 4545 3396 4595 καὶ
3436 4544 3542 4614 τῆς
3573 4547 3724 4598 ἁπά-

3752 4561 3772 4592 Ι
