3860 6200
185 374 289 432 585

1195 366 1545 426 DOCTRINA
1584 365 1675 421 AD
1713 364 2120 424 ANTIOCHUM
2159 371 2417 430 DUCEM.

3326 388 3431 445 586

183 496 384 572 ἡμέρᾳ.
431 497 542 552 Καὶ
576 495 720 562 λέγω
766 495 844 568 τῷ
894 496 1146 568 ἀγγέλῳ·
1192 497 1351 550 Ποῖαι
1400 494 1602 568 τρυφαί
1649 495 1734 547 εἰσ

1861 490 2098 563 luptates
2137 498 2314 553 noxia:
2363 507 2513 563 sunt,
2560 499 2730 556 dicito
2779 501 2931 558 mihi.
2981 501 3153 561 Omne
3207 508 3432 564 carnale

184 591 475 664 βλαϐεραὶ,
517 592 642 662 λέγε
689 609 800 663 μοι.
850 592 1006 645 Πᾶσα
1030 589 1225 663 πρᾶξις
1270 589 1528 662 σαρκικὴ,
1575 589 1756 660 τρυφή

1860 600 1999 655 opus
2026 588 2278 658 voluptas
2308 599 2392 647 est
2420 607 2433 643 :
2460 606 2585 647 nam
2606 593 2923 657 iracundus,
2951 609 3076 651 cum
3093 614 3192 653 suo
3212 598 3430 655 alfectui

180 686 294 738 ἐστι
315 684 448 756 (84).
481 683 595 737 Νῦν
634 684 805 756 ἡδέως
836 686 979 736 ποιεῖ
1008 683 1197 754 αὐτήν.
1230 680 1323 754 [Ὀ
1349 679 1482 752 γάρ]
1510 679 1734 751 ὀξύχολος

1859 678 1991 735 facit
2039 681 2199 748 satis,
2230 683 2563 753 voluptatein
2593 684 2825 755 percipit
2854 702 2867 738 :
2901 686 3264 760 similiterque
3291 706 3429 747 mm-

178 777 257 849 τῷ
280 776 478 831 ἑαυτοῦ
507 777 670 831 πάθει
694 777 756 831 τὸ
789 776 969 830 ἰκανὸν
998 775 1166 829 ποιῶν
1197 776 1399 847 τρυφᾷ,
1433 773 1634 845 ὁμοίως
1662 777 1734 825 κα

1856 772 2016 837 chus,
2069 774 2424 843 temulentus,
2478 776 2851 844 obtrectator,
2897 780 3155 848 mendax,
3206 796 3424 844 avarus.

176 872 206 923 6
241 869 430 941 μοιχὸς
458 870 551 923 καὶ
589 870 618 921 6
659 868 888 941 μέθυσος
918 871 1013 923 καὶ
1049 870 1078 922 ὁ
1116 867 1415 930 κατάλαλος
1444 867 1538 920 καὶ
1566 867 1596 918 6
1622 864 1756 934 ψεύ-

177 976 310 1031 στης
358 962 508 1014 καὶὸ
536 960 863 1031 πλεονέκτης
904 962 999 1014 καὶ
1040 963 1069 1014 ὁ
1109 957 1488 1032 ἀποστερητὴς
1527 957 1623 1011 καὶ
1653 958 1754 1011 ὅσα

172 1049 417 1105 τοιαῦτα.
450 1051 710 1123 Τρυφῶσι
750 1052 860 1124 γὰρ
899 1055 958 1106 ἐν
1000 1055 1066 1124 τῇ
1101 1051 1281 1105 αὐτῶν
1325 1051 1540 1122 πράξει.
1583 1040 1753 1103 Αὐται

171 1141 227 1194 δέ
260 1143 319 1195 αἰ
353 1141 581 1213 πράξεις
628 1141 888 1213 βλαϐεραί
919 1145 1027 1196 εἰσι
1069 1145 1180 1206 τοῖς
1223 1142 1430 1204 δούλοις
1467 1140 1560 1194 τοῦ
1591 1139 1750 1194 Θεοῦ.

172 1235 294 1289 Εἰσὶ
322 1235 380 1288 δὲ
403 1236 499 1289 καὶ
522 1236 723 1306 τρυφαὶ
751 1234 1019 1299 σώζουσαι
1042 1236 1167 1298 τοὺς
1194 1234 1532 1306 ἀνθρώπους.
1559 1232 1752 1286 Πολλοὶ

169 1328 281 1401 γὰρ
304 1328 484 1397 ἀγαθά
520 1327 877 1400 ἐργαζόμενοι
902 1327 1202 1400 τρυφῶσιν.
1224 1326 1373 1399 Α’ὐτη
1398 1323 1491 1381 οῦν
1512 1328 1544 1398 ἡ
1565 1325 1748 1398 τρυφὴ

166 1423 282 1482 τοῖς
306 1420 516 1484 δούλοις
536 1418 628 1472 τοῦ
655 1418 791 1472 Θεοῦ
811 1421 1179 1490 περιποιεῖται
1205 1417 1370 1489 ζωὴν,
1403 1419 1459 1471 αἰ
1484 1417 1544 1471 δὲ
1570 1434 1751 1488 προει-

168 1514 405 1585 ρημέναι
444 1512 648 1585 τρυφαὶ
691 1510 944 1582 βάσανον.
994 1509 1181 1563 Ταῦτά
1225 1526 1315 1580 μοι
1361 1502 1680 1581 φανερώσας
1718 1509 1746 1561 6

162 1605 400 1675 ἄγγελος
449 1602 758 1675 ἀπέστρεψέ
800 1620 868 1674 με
897 1603 978 1665 εἰς
1010 1602 1100 1655 τὸν
1132 1600 1296 1655 τόπον
1332 1618 1455 1672 μου.
1495 1600 1745 1665 Δοξάσω-

165 1716 270 1770 μεν
303 1694 421 1762 οὖν,
451 1696 688 1768 ἀδελφοὶ,
725 1696 821 1767 τὴν
849 1694 944 1748 τοῦ
971 1693 1108 1750 Θεοῦ
1147 1692 1588 1765 φιλανθρωπίαν·
1629 1692 1746 1757 πῶς

1855 865 2227 935 defraudatur,
2261 876 2317 924 et
2361 869 2405 925 si
2446 870 2539 940 qui
2573 870 2687 925 alii.
2729 870 3069 943 Voluptatem
3099 888 3336 944 namque
3369 872 3426 928 in

1856 972 1958 1013 suo
1984 973 2148 1028 opere
2171 960 2498 1030 percipiunt.
2537 961 2664 1018 Haec
2697 970 2876 1019 autem
2929 981 3096 1036 opera
3122 965 3283 1021 noxia
3308 980 3428 1021 ser-

1852 1054 1938 1109 vis
1958 1052 2052 1108 Dei
2101 1062 2248 1110 sunt.
2288 1055 2428 1109 Sunt
2461 1061 2642 1111 autem
2670 1062 2725 1111 et
2748 1057 3055 1126 voluptates
3087 1056 3287 1127 quibus
3325 1055 3424 1111 lio-

1852 1147 2031 1202 miaes
2061 1148 2295 1203 salutem
2322 1157 2756 1219 consequuntur.
2811 1148 2968 1203 Multi
3014 1162 3253 1219 namque
3280 1147 3423 1202 bona

1852 1241 2128 1310 operando
2149 1243 2484 1311 voluptatem
2514 1242 2740 1298 habent.
2782 1240 2915 1307 Quae
2957 1243 3210 1311 voluptas
3246 1237 3424 1294 servis

1850 1331 1948 1387 Dei
1975 1333 2142 1387 vitam
2166 1334 2491 1404 adipiscitur
2517 1352 2532 1401 ;
2563 1334 2841 1404 praedicta:
2874 1342 3055 1389 autem
3088 1333 3421 1402 voluptates,

1849 1427 2175 1482 cruciatum.
2201 1425 2327 1481 Haec
2353 1442 2479 1481 cum
2525 1427 2657 1481 mihi
2708 1425 3044 1482 declarasset
3084 1425 3336 1494 angelus,
3363 1423 3422 1477 in

1848 1535 2031 1575 meum
2063 1535 2149 1575 me
2192 1519 2373 1573 locum
2409 1519 2648 1576 reduxit.
2697 1519 2938 1575 Gloriam
2978 1518 3164 1587 itaque
3214 1514 3423 1570 refera—
3482 1554 3487 1559 ο

1846 1629 1993 1689 mus,
2019 1612 2235 1679 fratres,
2266 1613 2570 1668 clementiae
2593 1612 2709 1677 Dei,
2740 1613 2836 1685 qui
2868 1613 2939 1667 ita
2960 1611 3290 1682 longanimis
3310 1618 3419 1675 est,

1845 1707 1922 1761 ita
1952 1706 2268 1763 misericors
2292 1721 2421 1778 erga
2439 1715 2645 1761 tantam
2676 1707 2963 1762 hominum
2991 1706 3273 1762 malitiam.
3305 1704 3419 1775 Ipsi

164 1790 520 1863 μακρόθυμος
550 1790 645 1841 καὶ
682 1785 1055 1857 εὐσπλαγχνός
1088 1787 1236 1840 ἐστιν
1259 1786 1352 1839 ἐπὶ
1389 1789 1457 1857 τῇ
1502 1785 1734 1859 τοσαύτη

1846 1804 2017 1874 gloria
2046 1803 2101 1858 in
2132 1803 2331 1859 saecula
2369 1802 2712 1857 saeculorum.
2750 1800 2943 1856 Amen.

159 1879 334 1948 auxi;
366 1877 475 1931 τῶν
504 1875 825 1943 ἀνθρώπων.
862 1875 1021 1947 Αὐτῷ
1050 1878 1085 1947 ή
1111 1876 1239 1940 δόξα
1280 1877 1361 1940 εἰς
1384 1878 1513 1940 τοὺς
1542 1875 1745 1939 αίῶνας

158 1970 272 2022 τῶν
301 1968 536 2023 αἰώνων.
553 1969 749 2040 Ἀμήν.

227 2061 324 2116 20.
364 2061 474 2115 Καὶ
512 2062 627 2133 μετ’
657 2061 835 2131 ὀλίγον
858 2062 1050 2134 χρόνον
1073 2062 1123 2115 οἰ
1153 2060 1247 2114 δύο
1274 2059 1495 2131 ἀδελφοὶ
1526 2062 1576 2114 οἰ
1605 2059 1746 2125 ἐξελ-

157 2151 347 2215 θόντες
380 2151 473 2207 τοῦ
516 2151 877 2224 μοναστηρίου
905 2152 1167 2207 ἐνέπεσαν
1205 2154 1287 2217 εἰς
1314 2151 1621 2225 πειρασμὸν
1651 2153 1744 2206 καὶ

155 2244 390 2314 θλίψεις.
419 2243 510 2314 Τῷ
542 2244 651 2315 γάρ
674 2246 756 2297 ἐνὶ
781 2244 940 2308 ἕλκος
973 2244 1214 2317 ἀνεφάνη
1252 2247 1332 2309 εἰς
1358 2244 1457 2317 τὴν
1478 2243 1740 2316 πλευρὰν,

152 2336 257 2391 καὶ
300 2334 556 2389 εἰσελθὼν
596 2339 677 2400 εἰς
718 2339 1064 2408 νοσοκομεῖον
1103 2339 1183 2400 εἰς
1228 2335 1321 2390 δύο
1356 2337 1531 2407 μῆνας
1558 2336 1741 2408 τρίτον

151 2427 553 2501 ἐχειρουργήθη
596 2426 702 2481 ὑπὸ
740 2428 835 2483 τοῦ
874 2428 1090 2501 ἰατροῦ,
1139 2428 1233 2482 καὶ
1262 2428 1384 2482 οὐδὲ
1415 2429 1588 2493 οὓτως
1625 2427 1742 2482 ἐθε-

154 2519 429 2592 ραπεύθη.
460 2518 553 2590 Τῷ
583 2518 640 2572 δὲ
676 2519 847 2592 ἑτέρῳ
876 2518 1171 2590 ἐμπεσόντι
1204 2519 1341 2591 μετὰ
1372 2518 1482 2572 τῶν
1518 2535 1742 2572 στασια-

150 2611 301 2666 στῶν
331 2611 531 2682 συνέϐη
562 2610 717 2683 νώτῳ
747 2613 842 2666 καὶ
873 2612 1051 2685 κοιλίᾳ
1087 2611 1486 2682 μαστιγωθέντι
1527 2610 1741 2683 σιδηρο-

143 2706 376 2778 δέσμιον
408 2704 745 2777 ἐμϐληθῆναι
788 2708 848 2759 ἐν
893 2707 960 2777 τῇ
1013 2704 1264 2776 φυλακῇ,
1309 2704 1406 2757 καὶ
1453 2705 1513 2759 ἐν
1557 2705 1737 2758 σκότει

143 2798 361 2867 διάγειν
397 2797 491 2849 ἐπὶ
519 2797 721 2860 πολλὰς
754 2795 988 2868 ἡμέρας.
1028 2796 1168 2849 Ἀλλ’
1198 2795 1383 2867 ἐπειδὴ
1412 2797 1445 2868 ὴ
1476 2794 1609 2867 εὐχὴ
1640 2794 1736 2849 τοῦ

142 2891 301 2945 ὁσίου
328 2890 544 2962 Πατρὸς
576 2889 849 2960 Ἀντιόχου
879 2889 1148 2943 ἐδυσώπει
1172 2888 1262 2942 τὸν
1286 2890 1554 2960 ἐλεήμονα
1580 2888 1735 2954 Θεὸν,

148 2983 273 3055 μεθ’
307 2981 527 3054 ἡμέρας
556 2980 754 3036 ἔδωκεν
794 2983 823 3035 6
857 2981 1113 3053 Χριστὸς,
1140 2981 1235 3034 καὶ
1266 2980 1529 3053 ἐξεϐλήθη
1567 2983 1626 3034 ἐν
1665 2983 1734 3053 τῇ

140 3077 392 3147 φυλακῇ.
431 3075 545 3129 Καὶ
572 3073 733 3127 πάλιν
772 3075 997 3138 ἐκεῖνος,
1033 3072 1282 3127 ἀπελθὼν
1311 3075 1371 3127 ἐν
1398 3073 1478 3145 τῷ
1519 3090 1737 3127 νοσοκο-

1914 2069 2004 2125 20.
2039 2068 2253 2125 Modico
2281 2074 2462 2123 autem
2513 2066 2701 2138 elapso
2757 2072 3021 2135 tempore,
3048 2065 3160 2120 duo
3193 2063 3274 2118 illi
3304 2061 3417 2118 fra-

1843 2170 1957 2222 tres
1978 2164 2073 2235 qui
2097 2178 2165 2218 ex
2192 2160 2528 2217 monasterio
2574 2155 2783 2231 egressi
2829 2159 3072 2228 fuerant,
3099 2156 3417 2214 inciderunt

1844 2257 1900 2312 in
1961 2255 2320 2311 tentationem
2364 2259 2418 2309 et
2454 2253 2512 2308 in
2552 2253 2915 2307 calamitates.
2945 2249 3121 2305 Alteri
3145 2249 3293 2305 enim
3317 2264 3415 2304 ex-

1842 2347 2014 2404 crevit
2073 2346 2232 2401 ulcus
2263 2343 2527 2409 adlatus,
2571 2350 2735 2413 atque
2783 2342 3066 2413 ingressus
3088 2343 3145 2395 in
3178 2354 3416 2396 nosoco-

1841 2440 2012 2494 mium
2055 2451 2152 2493 seu
2204 2434 2546 2489 infirmorum
2580 2433 2880 2504 hospitium
2913 2432 3057 2487 intra
3088 2430 3228 2486 duos
3257 2442 3414 2483 men-

1842 2547 1929 2588 ses
1950 2538 2034 2587 ter
2058 2528 2255 2585 medici
2282 2544 2447 2585 manu
2474 2531 2720 2591 curatus,
2748 2538 2925 2594 neque
2947 2524 3024 2577 ita
3044 2528 3270 2578 sanatus
3304 2527 3408 2575 est.

1838 2618 1991 2673 Alter
2022 2633 2151 2674 vero
2174 2633 2297 2673 cum
2328 2617 2385 2672 in
2411 2615 2705 2673 seditiosos
2745 2613 3052 2674 incidisset,
3084 2611 3329 2675 adorso,
3353 2615 3412 2665 et

1839 2723 1871 2763 a
1901 2718 2093 2765 ventre
2135 2710 2478 2772 verberatus,
2541 2708 2686 2764 ferro
2745 2712 2980 2762 onustus
3028 2704 3084 2759 in
3131 2717 3410 2758 carcerem

1838 2800 2122 2870 conjectus
2147 2808 2252 2867 est,
2276 2807 2440 2871 atque
2469 2801 2525 2854 in
2548 2798 2789 2855 tenebris
2814 2798 2961 2867 degit
2984 2795 3169 2849 multis
3190 2793 3406 2849 diebus.

1837 2889 1977 2945 Cum
2011 2898 2191 2946 autem
2210 2892 2387 2947 oratio
2449 2880 2626 2945 sancti
2672 2888 2852 2943 Patris
2891 2885 3153 2943 Antiochi
3184 2886 3412 2940 misera—

1837 2992 2012 3041 torem
2058 2984 2228 3042 Deum
2262 2986 2555 3056 placasset,
2605 2982 2811 3037 Christi
2862 2980 3124 3036 beneﬁcio
3174 2978 3409 3034 eductus

1836 3073 1928 3128 ille
1944 3088 2011 3129 ex
2033 3088 2275 3140 carcere,
2311 3087 2436 3127 cum
2467 3072 2535 3125 ad
2578 3071 2958 3127 nosocomium
2991 3071 3253 3134 venisset,
3288 3067 3404 3121 fra-

143 3168 311 3239 μείῳ,
340 3166 423 3219 ἔτι
452 3167 511 3218 ἐν
544 3169 611 3238 τῇ
635 3165 886 3237 ἀλγηδόνι
916 3165 1043 3219 ὅντα
1073 3166 1165 3219 τὸν
1192 3164 1418 3235 ἀδελφὸν
1441 3164 1734 3220 διαϐαστά-

1841 3170 1977 3219 trem
2008 3164 2174 3218 alium
2220 3164 2399 3218 adhuc
2419 3162 2610 3219 dolore
2641 3161 2999 3221 laborantem,
3023 3161 3245 3231 paulum
3285 3174 3408 3216 sus-

140 3258 254 3324 ζων
304 3258 490 3327 ὀλίγον
531 3261 599 3330 τῇ
648 3258 792 3329 χειρὶ
836 3258 1252 3328 ἀναπαυόμενον
1295 3259 1502 3330 ῆγαγεν
1546 3260 1627 3324 εἰς
1674 3261 1735 3314 τὸ

142 3351 546 3423 μοναστήριον·
571 3351 666 3404 καὶ
689 3349 765 3414 ὡς
795 3351 1064 3421 ἐσήμανεν
1098 3352 1123 3404 6
1150 3350 1418 3423 θυρωρὸς,
1447 3343 1575 3423 εὗρε
1608 3353 1734 3416 τοὺς

138 3444 414 3513 ἀδελφοὺς
456 3442 565 3514 πρὸ
604 3442 700 3495 τοῦ
746 3442 1038 3506 πυλεῶνος,
1081 3443 1175 3497 καὶ
1203 3444 1606 3515 εὐχαριστήσας
1652 3447 1733 3516 τῷ

136 3531 517 3606 φιλανθρώπῳ
547 3532 667 3605 Θεῷ
693 3533 908 3600 ἐδέξατο
931 3533 1148 3598 αὐτούς.
1176 3535 1288 3587 Καὶ
1323 3535 1490 3605 εὐχὴν
1518 3535 1604 3587 ἐπ’
1638 3535 1734 3607 αὐ-

133 3627 270 3690 τοὺς
301 3626 540 3696 ποιήσας
560 3624 904 3696 παραχρῆμα
937 3625 1106 3691 ὑγιεῖς
1141 3623 1220 3696 τῷ
1247 3623 1458 3695 σώματι
1487 3625 1730 3679 ἀποκατ-

136 3716 366 3787 έστησε.
409 3717 522 3769 Καὶ
574 3714 759 3769 λοιπὸν
801 3715 1185 3785 μετανοοῦντες
1222 3715 1306 3784 ἐφ’
1348 3711 1429 3779 οἷς
1487 3714 1729 3787 ἔπραξαν

138 3808 200 3861 ἐν
246 3808 421 3878 πολλῇ
463 3806 698 3876 ἀσκήσει
738 3804 1063 3878 δακρύοντές
1103 3823 1162 3859 τε
1196 3806 1291 3860 καὶ
1325 3807 1731 3878 ἀγρυπνοῦντες

133 3898 416 3953 διετέλουν
444 3900 503 3951 ἐν
532 3897 702 3968 πολλῇ
729 3897 1217 3970 ταπεινοφροσύνῃ.
1249 3899 1358 3951 Καὶ
1411 3896 1554 3951 οὐτω
1590 3898 1729 3969 μετά

130 3992 291 4061 τρεῖς
312 3988 599 4052 ἐνιαυτοὺς
636 3988 750 4059 μετ’
782 3990 1002 4061 εἰρήνης
1039 3990 1133 4042 καὶ
1164 3988 1377 4059 ἀγαθῆς
1400 3988 1727 4060 ἐξομολογή-

138 4099 282 4147 σεως
319 4080 700 4152 ἐκοιμήθησαν
728 4082 787 4135 ἐν
827 4081 1049 4153 Χριστῷ
1091 4080 1303 4153 Ἰησοῦ,
1330 4075 1375 4149 ᾧ
1414 4084 1448 4153 ή
1480 4081 1607 4146 δόξα
1648 4084 1729 4145 εἰς

134 4176 271 4237 τοὺς
304 4171 531 4235 αἰῶνας.
571 4172 764 4243 Ἀμήν.

202 4265 301 4319 21.
344 4264 574 4318 Ἀλλοτε
602 4264 913 4337 καθημένου
945 4266 1040 4319 καὶ
1067 4264 1532 4334 ἀναγινώσκοντος
1559 4266 1723 4321 αὐτοῦ

130 4355 235 4427 τὴν
265 4355 454 4426 βίϐλον
473 4353 585 4409 τῶν
609 4355 839 4409 ἐντολῶν
862 4354 955 4409 τοῦ
977 4356 1124 4409 ὁσίου
1155 4356 1369 4429 Πατρὸς
1391 4358 1486 4410 καὶ
1513 4358 1728 4411 ἐπισκό-

135 4462 240 4498 που
288 4443 615 4499 Ἀθανασίου
657 4443 796 4516 μετά
825 4445 1009 4516 φωνῆς
1037 4445 1131 4499 καὶ
1160 4445 1352 4516 ἡδονῆς
1386 4446 1608 4519 πολλῆς,
1644 4445 1724 4512 εἷς

130 4534 246 4589 τῶν
299 4535 580 4605 ἀδελφῶν,
621 4535 1034 4607 ἀκροασάμενος
1085 4536 1327 4607 ἀκριϐῶς
1373 4538 1522 4603 ὅλας,
1571 4539 1718 4608 λέγει
1750 4524 1796 4580 Ῑ)

131 4627 290 4699 αὐτῷ
321 4626 438 4699 (85)
461 4643 477 4658 '
523 4645 543 4678 ι
570 4626 743 4699 Κύριε
763 4669 779 4694 ,
802 4629 859 4682 αἰ
893 4626 1106 4681 ἐντολαὶ
1148 4619 1307 4682 αὗται
1350 4629 1584 4700 μεγάλαι
1626 4633 1720 4686 καὶ

129 4721 301 4775 καλαὶ
351 4721 447 4773 καὶ
498 4719 721 4773 δυναταί
767 4721 893 4783 εἰσι,
925 4718 1222 4790 δυνάμεναι
1271 4721 1540 4792 εὐφρᾶναι
1620 4723 1720 4796 τὴν

130 4813 368 4887 καρδίαν
380 4810 477 4866 τοῦ
501 4812 797 4885 δυναμένου
827 4814 1066 4885 τηρῆσαι
1096 4814 1283 4877 αὐτάς.
1313 4815 1426 4869 Οὐκ
1448 4812 1585 4882 οἶδα,
1622 4817 1721 4871 κύ-

135 4921 245 4978 ριε,
288 4907 339 4959 εἰ
376 4903 630 4958 δύνανται
671 4907 726 4958 αἰ
770 4904 982 4958 ἐντολαὶ
1020 4898 1180 4959 αὗται
1219 4905 1326 4959 ὑπὸ
1358 4905 1568 4962 πολλῶν
1618 4926 1721 4977 (po-

133 4996 431 5069 λαχθῆναι,
470 4997 606 5051 διότι
628 4996 861 5069 σκληραί
896 4998 1052 5050 εἰσιν.
1085 5015 1105 5049 ι
1136 4996 1442 5068 Ἐμϐλέψας
1463 4998 1521 5051 δὲ
1556 4999 1719 5054 αὐτὸν

130 5096 167 5147 ὁ
206 5092 396 5158 δοῦλος
437 5091 535 5146 τοῦ
574 5091 707 5146 Θεοῦ
761 5092 897 5163 μετά
938 5091 1140 5164 πολλῆς
1180 5093 1481 5164 αὐστηρίας
1525 5090 1712 5150 εἶπεν

138 5184 481 5255 «Ἂνανδρε,
518 5182 842 5256 ἀκηδιαστά,
877 5182 1089 5254 ρᾴθυμε
1135 5183 1228 5236 καὶ
1271 5183 1589 5257 όλιγόψυχε,
1616 5187 1717 5241 οὐκ

129 5268 309 5339 οἶδας,
358 5275 464 5339 ὅτι,
510 5273 606 5328 ἐὰν
646 5277 705 5327 ἐν
744 5275 827 5328 σοὶ
874 5275 1052 5348 ἐαυτῷ
1105 5276 1301 5349 προϐῇ,
1349 5279 1431 5331 ὅτι
1467 5278 1718 5334 δύνανται

128 5364 484 5436 φυλαχθῆναι
504 5404 519 5429 ,
546 5365 783 5429 εὐκόλως
807 5366 976 5430 αὐτὰς
1013 5366 1287 5435 φυλάξεις,
1324 5369 1419 5423 καὶ
1445 5371 1546 5424 οὐκ
1570 5370 1721 5426 ἔσον-

128 5474 226 5510 εαι
266 5456 538 5529 “Iapeti;
582 5458 646 5511 Εἰ
679 5458 737 5512 δὲ
775 5458 948 5530 ἀναϐῇ
989 5459 1081 5512 ἐπὶ
1110 5460 1206 5533 τὴν
1234 5462 1463 5534 καρδίαν
1501 5479 1593 5518 σου
1641 5466 1716 5538 μὴ

122 5549 402 5606 δύνασθαι
465 5551 637 5616 αὐτὰς
701 5552 807 5607 ὑπὸ
867 5553 1157 5626 ἀνθρώπου
1221 5557 1593 5632 φυλαχθῆναι,
1655 5562 1717 5615 οὐ

233 5727 329 5793 84)
365 5725 468 5782 Hic
499 5728 795 5797 paululum
815 5729 989 5785 variat
1024 5738 1230 5788 textus.

1807 3262 2076 3323 .tentans,
2107 3271 2383 3327 manuque
2415 3257 2519 3312 sibi
2539 3256 2810 3321 innixum,
2839 3252 3066 3309 deduxit
3112 3252 3180 3307 ad
3213 3266 3403 3306 mona-

1834 3348 2098 3402 sterium:
2137 3363 2202 3403 ac
2225 3363 2351 3403 cum
2381 3349 2461 3403 illi
2503 3363 2621 3404 rem
2661 3347 2961 3403 iudicasset
3010 3346 3296 3410 ostiarius,
3320 3344 3407 3400 in-

1831 3444 1982 3502 venit
2006 3448 2134 3498 ante
2162 3444 2365 3497 ostium
2393 3442 2589 3498 fratres
2611 3441 2757 3508 illos,
2789 3441 3102 3511 gratiasque
3120 3438 3401 3494 hominum

1833 3539 2038 3594 amanti
2073 3536 2184 3592 Deo
2208 3550 2397 3606 agens,
2456 3533 2707 3590 homines
2756 3531 3017 3601 suscepit.
3053 3534 3229 3600 Atque
3262 3529 3403 3583 facta

1833 3645 1998 3700 super
2018 3629 2126 3683 illis
2156 3627 2425 3688 oratione,
2462 3625 2646 3681 statim
2678 3624 2900 3679 sanitati
2934 3637 3213 3691 corporeae
3238 3622 3396 3678 resti-

1830 3725 1955 3778 tuit.
2011 3720 2092 3776 Ac
2136 3720 2353 3775 demum
2377 3717 2756 3788 paenitentiam
2809 3726 3031 3786 agentes
3073 3714 3141 3769 de
3184 3714 3403 3770 delictis

1831 3817 1967 3882 suis,
1990 3814 2047 3868 in
2086 3812 2258 3867 multa
2281 3809 2696 3873 exercitatione,
2724 3807 3003 3878 lacrymis,
3030 3808 3253 3878 vigiliis,
3283 3821 3402 3860 ma-

1830 3918 2042 3976 gnaque
2065 3901 2375 3955 humilitate
2398 3904 2839 3970 perseverarunt.
2878 3896 3202 3967 Elapsisque
3224 3895 3403 3952 tribus

1830 3995 2011 4059 annis,
2047 4007 2172 4047 cum
2186 4006 2322 4062 pace
2338 4000 2391 4046 et
2420 3990 2562 4045 bona
2580 3988 2951 4052 confessione,
2985 3988 3401 4043 obdormierunt

1828 4090 1886 4144 in
1912 4088 2130 4144 Christo
2152 4085 2307 4151 Jesu,
2339 4083 2427 4139 cui
2464 4082 2636 4153 gloria
2676 4082 2741 4137 in
2776 4084 2995 4137 saecula.
3027 4082 3220 4137 Amen.

1897 4267 1988 4323 ‘21.
2033 4264 2154 4319 Alio
2189 4273 2430 4335 tempore
2482 4262 2706 4318 sedente
2736 4258 2829 4313 illo
2860 4272 2925 4312 ac
2955 4257 3167 4326 legente
3197 4255 3399 4310 librum

1829 4365 2225 4431 praeceptorum
2278 4355 2454 4411 sancti
2484 4354 2663 4409 Patris
2717 4360 2772 4407 et
2807 4349 3054 4422 episcopi
3110 4348 3398 4404 Athanasii

1828 4454 1938 4508 alta
1963 4466 2097 4509 voce
2124 4460 2179 4507 et
2208 4467 2333 4507 cum
2359 4449 2553 4523 grandi
2601 4447 2902 4519 voluptate,
2946 4443 3169 4516 quidam
3194 4459 3258 4498 ex
3284 4442 3399 4498 fra-

1828 4547 2006 4603 tribus
2037 4561 2163 4601 cum
2190 4545 2407 4616 singula
2435 4550 2640 4598 attente
2662 4540 2981 4604 audivisset,
3006 4539 3083 4593 ait
3102 4538 3181 4594 illi
3206 4556 3218 4592 :
3244 4556 3264 4590 ι
3288 4535 3397 4591 Do-

1827 4641 1994 4704 mine,
2057 4639 2174 4693 haec
2204 4646 2493 4707 praecepta,
2549 4649 2769 4706 magna,
2821 4633 3070 4704 pulchra,
3114 4638 3170 4687 et
3209 4630 3397 4685 valida

1827 4739 1974 4795 sunt,
2014 4737 2354 4800 possuntque
2407 4726 2680 4781 delectare
2713 4739 2811 4780 cor
2830 4723 2951 4793 ejus
2993 4721 3086 4793 qui
3130 4734 3195 4775 ea
3245 4733 3398 4773 com-

1824 4822 1974 4892 plere
2007 4822 2184 4887 valet;
2234 4818 2331 4875 sed
2388 4817 2596 4882 nescio,
2655 4816 2900 4878 domine,
2929 4829 2998 4868 an
3030 4811 3246 4885 possint
3273 4810 3394 4880 plu-

1823 4916 1949 4971 rimi
1973 4930 2035 4970 ea
2059 4928 2298 4977 servare,
2321 4913 2459 4968 dura
2484 4926 2720 4982 namque
2740 4917 2887 4966 sunt.
2919 4930 2938 4963 ι
2960 4908 3131 4964 Istum
3162 4906 3397 4961 intuitus

1824 5024 2017 5066 servus
2047 5008 2163 5075 Dei,
2196 5024 2390 5079 magna
2443 5023 2569 5062 cum
2624 5007 2912 5063 severitate
2959 5005 3082 5058 ait:
3128 5003 3393 5071 «Ignave,

1822 5101 1998 5172 piger,
2049 5100 2326 5155 desidiose
2366 5109 2421 5154 et
2465 5098 2854 5169 pusillanimis,
2918 5108 3103 5149 nonne
3131 5090 3287 5145 vides
3318 5097 3393 5153 te,

1824 5194 1871 5250 si
1892 5194 1985 5249 tibi
2018 5199 2143 5246 ante
2165 5192 2518 5263 proposueris
2570 5205 2734 5259 posse
2756 5190 2849 5242 illa
2879 5185 3198 5247 observari,
3235 5181 3396 5236 facile

1823 5287 1916 5341 illa
1947 5287 2387 5344 observaturum,
2421 5296 2520 5336 nec
2541 5281 2638 5334 tibi
2684 5279 2799 5335 fore
2830 5277 2923 5332 illa
2952 5276 3091 5330 dura
3118 5279 3172 5328 et
3195 5271 3392 5326 difﬁci-

1821 5378 1894 5431 lia
1912 5378 1938 5432 ?
1969 5376 2124 5442 Quod
2153 5375 2198 5431 si
2219 5391 2341 5430 cum
2392 5372 2557 5428 corde
2584 5380 2676 5425 tuo
2707 5366 3070 5439 reputaveris,
3093 5380 3204 5419 non
3231 5376 3393 5432 posse

1822 5473 1913 5526 illa
1973 5470 2043 5525 ab
2095 5469 2315 5523 homine
2386 5465 2691 5528 observari,
2743 5474 3025 5532 nunquam
3073 5457 3395 5512 observatu-

1821 5577 1919 5617 rus
1952 5576 2032 5617 es.
2062 5561 2260 5615 Annon
2280 5557 2422 5613 nosti
2460 5556 2551 5611 Dei
2577 5553 2828 5627 gloriam,
2860 5557 3088 5622 quanta,
3115 5562 3280 5620 quam
3300 5559 3396 5601 va-

236 5798 331 5870 85)
364 5797 494 5854 Hac
518 5814 584 5853 ex
621 5799 762 5853 libro
790 5816 830 5854 ιι
861 5800 1091 5866 Hermae,
1133 5802 1389 5861 mandato
1428 5805 1511 5872 12,
1554 5806 1684 5861 hinc
1720 5805 1847 5863 inde
1867 5808 2251 5863 consarcinata
2284 5815 2430 5863 sunt.

421 5892 699 5954 ΡΑτιιοι.
732 5893 849 5957 Gn.
889 5896 1186 5958 XXVIII.

3005 5904 3079 5965 19
