3840 6194
481 371 576 428 587

1598 356 1656 411 S.
1698 349 2161 409 ATIIANASIUS.
2203 380 2272 391 -
2313 348 2585 405 SPURIA.

3613 344 3721 401 588

475 488 609 551 lida,
640 495 802 555 quam
824 477 1091 534 mirabilis
1120 477 1211 531 illa
1243 476 1349 544 sit;
1385 474 1525 545 quod
1551 474 1759 529 scilicet
1777 472 2039 527 mundum

2146 466 2398 536 φυλάξεις
2427 465 2615 529 αὐτάς.
2644 465 2719 519 Οὐ
2764 467 2901 527 νοεῖς
2939 464 3040 535 τὴν
3084 460 3239 526 δόξαν
3273 459 3366 513 τοῦ
3409 457 3567 525 Θεοῦ,
3603 458 3723 521 πῶς

478 578 639 650 313
667 572 935 630 creaverit
969 577 1191 641 propter
1238 568 1549 631 hominem,
1604 572 2038 635 potestatemque

478 672 556 726 illi
585 666 798 724 dederit
837 672 898 719 ut
926 663 1300 717 dominaretur
1332 660 1587 715 omnibus
1613 673 1735 728 qua:
1768 664 1896 712 sunt
1946 671 2042 710 su-

480 776 576 833 per
600 756 839 814 terram?
866 754 1007 822 Quid
1048 754 1215 825 igitur
1245 754 1438 807 borum
1477 750 1720 804 omnium
1761 748 1925 801 homo
1950 744 2043 799 do-

478 853 663 906 minus
699 857 803 913 est,
841 846 1209 915 omnibusque
1232 843 1501 912 imperare
1530 840 1704 904 valet;
1749 851 1918 907 ecqua
1951 850 2043 890 ra-

480 943 629 998 tione
670 956 781 995 non
811 937 1012 1009 poterit
1040 936 1193 991 hisce
1232 933 1520 1005 praeceptis
1562 928 1868 984 dominari?
1905 926 2046 992 Quo-

480 1033 769 1099 modonam
791 1027 958 1082 David
979 1026 1250 1097 gigantem
1268 1023 1647 1091 alienigenam,
1665 1018 2045 1085 hominemque

480 1125 818 1184 bellatorem,
855 1121 1003 1176 omni
1038 1131 1317 1174 armorum
1347 1129 1546 1186 genere
1580 1113 1907 1167 instructum
1949 1125 2043 1163 su—

480 1215 725 1287 peravit?
770 1228 951 1269 nonne
998 1213 1115 1268 solo
1159 1209 1458 1281 proposito,
1506 1220 1569 1259 ac
1619 1203 1724 1258 ﬁde
1764 1218 1833 1258 ex
1882 1200 2045 1255 corde

479 1307 849 1378 procedente?
878 1305 997 1376 Ipse
1041 1304 1192 1360 solus
1220 1302 1335 1356 haec
1369 1299 1474 1354 Deo
1509 1297 1723 1354 obtulit.
1764 1294 1907 1348 Deus
1949 1310 2045 1347 au-

480 1409 587 1453 tem
621 1400 737 1453 visa
766 1397 886 1467 ejus
925 1396 1231 1459 alacritate,
1264 1408 1328 1448 ac
1352 1391 1457 1445 ﬁde
1490 1391 1548 1444 in
1585 1388 1752 1443 corde
1797 1388 1917 1457 ejus
1957 1386 2043 1439 in-

480 1490 602 1552 sita,
637 1501 852 1543 necnon
881 1502 997 1555 spe,
1039 1487 1158 1558 ipse
1198 1483 1417 1538 tandem
1448 1479 1732 1535 victoriam
1766 1477 2042 1547 praestitit,

479 1579 748 1647 uniusque
793 1575 1157 1631 adolescentis
1203 1587 1369 1626 manu
1407 1570 1690 1624 inimicum
1722 1569 2043 1637 prostravit.

476 1665 543 1719 Et
573 1665 772 1724 diseito
800 1680 911 1719 non
946 1662 1228 1726 Davidem,
1277 1658 1373 1715 sed
1407 1658 1578 1712 Deum
1619 1657 1671 1711 id
1712 1655 1892 1725 operis
1924 1670 2047 1723 per-

476 1754 689 1811 fecisse.
715 1755 905 1825 Cogita
938 1753 1275 1824 Stephanum
1301 1749 1538 1821 primum
1573 1756 1887 1816 martyrem,
1913 1750 2045 1814 quot

2147 559 2355 628 μεγάλη
2387 558 2503 610 ἐστὶ
2548 558 2641 610 καὶ
2669 555 2866 628 ἰσχυρὰ
2902 556 2996 610 καὶ
3033 553 3319 624 θαυμαστῆ
3340 593 3355 616 ,
3417 553 3500 605 δτι
3533 550 3723 604 ἔκτισε

2142 650 2233 702 τὸν
2279 649 2482 718 κόσμον
2541 646 2628 700 διὰ
2674 648 2765 700 τὸν
2815 647 3122 719 ἄνθρωπον,
3187 645 3283 698 κα)⁸
3314 643 3413 715 τὴν
3472 642 3724 707 ἐξουσίαν

2145 741 2358 795 ἃπασαν
2400 739 2596 791 ἔδωκεν
2628 737 2775 807 αὐτῷ
2809 737 3081 808 κυριεύειν
3128 736 3343 789 πάντων
3378 734 3484 788 τῶν
3510 735 3605 788 ἐπὶ
3624 735 3725 805 τῆς

2144 833 2263 902 γῆς.
2287 831 2350 882 Τί
2368 826 2457 883 οὖν
2477 831 2695 884 πάντων
2708 829 2911 882 τούτων
2932 831 2960 881 6
2984 828 3079 882 ἄνθ
3087 845 3266 900 ρωπος
3288 827 3472 900 κύριός
3493 829 3611 881 ἐστι
3630 827 3727 880 καὶ

2146 924 2363 976 πάντων
2391 921 2612 975 δύναται
2657 920 3120 992 κατακυριεύσαις
3169 920 3285 983 πῶς
3328 921 3388 973 οὐ
3437 921 3726 991 δυνήσεται

2145 1014 2238 1066 καὶ
2277 1012 2478 1066 τούτων
2505 1012 2615 1065 τῶν
2648 1012 2874 1065 ἐντολῶν
2904 1012 3367 1084 κατακυριεῦσαι;
3402 1011 3526 1074 Πῶς
3559 1010 3725 1063 Δαεὶδ

2145 1102 2492 1176 ὲτροπώσατο
2534 1104 2624 1156 τὸν
2663 1103 2958 1172 ἀλλόφυλον
2992 1106 3221 1173 γίγαντα
3261 1106 3352 1159 καὶ
3392 1104 3727 1176 πολεμιστὴν

2147 1194 2428 1268 ἄνθρωπον
2461 1193 2724 1248 πάντοθεν
2756 1194 3239 1267 καθωπλισμένον;
3285 1197 3418 1266 οὐχὶ
3457 1196 3615 1267 μόνον
3657 1199 3726 1268 τῇ

2148 1286 2463 1358 προαιρέσει
2503 1287 2597 1339 καὶ
2624 1288 2690 1356 τῇ
2724 1286 2831 1339 ἀπὸ
2865 1286 3090 1358 καρδίας
3124 1287 3336 1353 πίστει;
3384 1290 3590 1352 ἐκεῖνος
3623 1286 3728 1357 μό-

2146 1395 2233 1430 νον
2262 1377 2432 1430 ταῦτα
2462 1379 2802 1449 προσήνεγκε
2822 1378 2898 1449 τῷ
2931 1378 3066 1449 Θεῷ.
3116 1380 3171 1432 '0
3204 1379 3260 1432 δὲ
3289 1380 3439 1445 Θεὸς,
3475 1380 3597 1433 ἰδὼν
3625 1380 3729 1433 αὑ-

2146 1468 2239 1521 τοῦ
2269 1469 2366 1539 τὴν
2402 1470 2707 1539 προθυμίαν
2740 1471 2833 1523 καὶ
2864 1469 2964 1541 τὴν
3005 1470 3115 1523 ἀπὸ
3150 1472 3374 1543 καρδίας
3400 1471 3581 1527 πίστιν
3630 1475 3729 1527 καὶ

2146 1561 2356 1625 ἐλπίδα,
2403 1561 2588 1614 λοιπὸν
2633 1562 2794 1624 αὐτὸς
2817 1562 3110 1633 εἰργάσατο
3159 1563 3257 1633 τὴν
3303 1564 3481 1634 νίκην,
3527 1565 3623 1616 καὶ
3654 1564 3727 1617 δι’

2146 1654 2264 1715 ὲνὸς
2300 1654 2580 1724 μειρακίου
2615 1654 2888 1725 κατέϐαλε
2906 1655 2996 1709 τὸν
3029 1654 3363 1709 ὑπεναντίον.
3385 1656 3492 1708 Καὶ
3523 1656 3729 1729 μάθῃς,

2147 1744 2228 1796 ὅτι
2258 1744 2378 1813 οὐχὶ
2403 1744 2589 1809 Δαϐὶδ,
2629 1745 2742 1798 ἀλλ’
2771 1748 2799 1798 ὁ
2827 1745 2958 1809 Θεὸς
2986 1746 3046 1798 τὸ
3073 1746 3230 1818 ἔργον
3263 1747 3574 1818 εἰργάσατο.
3610 1750 3731 1801 Κα-

475 1846 683 1917 lapides
732 1862 763 1900 a
812 1853 947 1915 quot
999 1843 1311 1899 hominibus
1351 1840 1585 1910 injectos
1636 1839 1931 1908 exceperit,
1980 1852 2042 1892 ac

2146 1835 2404 1905 τανὸησον
2449 1836 2720 1904 Στέφανον
2766 1836 2856 1889 τὸν
2909 1840 3371 1909 πρωτομάρτυρα,
3402 1838 3599 1903 πόσους
3640 1839 3729 1893 λε-

475 1938 581 1993 nisi
616 1937 735 2008 ipse
755 1936 1042 1990 Dominum
1063 1933 1343 1989 Christum
1368 1936 1620 2001 precatus
1642 1937 1807 1993 esset,
1836 1944 2041 1997 nequa-

474 2043 638 2099 quam
676 2028 778 2097 ipsi
812 2026 1125 2083 tradidisset
1164 2024 1439 2094 spiritum.
1467 2021 1581 2076 Cur
1605 2020 1672 2076 de
1706 2021 1839 2076 viris
1867 2021 2041 2090 loqui-

476 2119 635 2174 mur?
671 2116 950 2173 Juditham
994 2116 1124 2170 mihi
1173 2114 1483 2180 considera,
1538 2112 1827 2169 adeuntem
1877 2112 2043 2168 Ποιο-

476 2213 756 2279 phernem,
789 2224 890 2263 nec
922 2207 989 2261 de
1018 2222 1126 2275 sua
1175 2206 1503 2276 cogitantem
1548 2204 1884 2271 inﬁrmitate,
1930 2221 2042 2259 non

475 2302 543 2356 de
568 2299 790 2366 decoro,
834 2300 919 2355 vel
956 2299 1022 2354 de
1052 2298 1297 2369 periculo
1344 2313 1466 2354 suo.
1513 2295 1863 2368 Nequaquam
1907 2297 2044 2353 dixit

476 2394 531 2445 in
560 2393 850 2461 semetipsa
875 2410 888 2446 :
920 2389 1023 2445 Tot
1050 2390 1151 2445 viri
1183 2390 1239 2444 in
1269 2390 1401 2444 urbe
1431 2396 1561 2445 sunt
1583 2388 1815 2451 robusti,
1842 2403 2044 2458 prazva-

475 2482 590 2547 lidi,
620 2483 940 2553 prudentes,
968 2481 1286 2550 artiﬁciosi;
1329 2496 1562 2551 quorum
1592 2496 1754 2535 nemo
1787 2480 1891 2535 hoc
1916 2480 2044 2536 faci-

472 2588 580 2629 nus
624 2581 836 2629 tentare
886 2573 1051 2627 audet
1088 2580 1186 2627 :et
1234 2587 1334 2641 ego
1382 2573 1627 2626 omnium
1672 2572 2039 2639 imbecillima,

472 2664 603 2718 illud
639 2664 962 2735 aggrediar?
993 2662 1141 2718 Nihil
1164 2663 1436 2734 ejusmodi
1463 2662 1742 2732 cogitavit.
1780 2661 1885 2718 Sed
1919 2678 2044 2717 cum

471 2756 622 2811 omni
670 2757 953 2810 alacritate
997 2762 1052 2810 et
1097 2754 1220 2819 ﬁde,
1276 2753 1344 2807 ad
1390 2755 1817 2822 omnipotentem
1875 2752 2043 2807 Deum

471 2864 598 2904 cum
645 2849 844 2904 ﬁducia
880 2848 1155 2914 accessit;
1188 2863 1251 2901 ac
1287 2847 1432 2902 Deus
1480 2846 1574 2916 qui
1618 2845 1801 2900 omnia
1842 2852 2040 2914 potest,

471 2948 746 3011 acceptam
810 2940 930 3009 ejus
975 2940 1183 2995 habens
1223 2938 1514 3003 ﬁduciam,
1573 2939 1718 3008 quod
1775 2938 2043 3007 reliquum

469 3042 589 3092 erat
619 3035 734 3104 ipse
764 3033 1013 3104 perfecit.
1056 3030 1191 3086 Nam
1227 3032 1519 3086 miserator
1545 3029 1687 3086 Deus
1709 3045 1818 3085 non
1847 3044 2043 3099 corpo-

472 3126 550 3181 ris
578 3127 765 3189 robur,
807 3123 902 3178 sed
935 3122 1300 3193 propositum,
1354 3122 1594 3176 studium
1643 3128 1697 3176 et
1727 3122 2042 3190 patientiam

2142 1923 2267 1989 θους
2294 1927 2398 1979 ὑπὸ
2427 1928 2696 1981 τοσούτων
2723 1928 3024 2001 ἀνθρώπων
3055 1931 3286 1995 ἐδέξατο,
3322 1932 3413 1985 καὶ
3439 1935 3487 1985 εἰ
3517 1931 3595 2003 μὴ
3630 1934 3732 1986 αύ-

2139 2018 2233 2082 τὸς
2266 2019 2606 2089 παρεκάλεσε
2635 2012 3032 2092 τὸν-Δεσπότην
3064 2021 3315 2091 Χριστὸν,
3348 2024 3448 2076 οὐκ
3485 2024 3551 2077 ἂν
3582 2041 3729 2095 παρ-

2143 2108 2313 2161 έδωκε
2367 2108 2427 2161 τὸ
2475 2110 2713 2181 πνεῦμα.
2773 2110 2838 2163 Τί
2898 2110 2956 2163 δὲ
3018 2111 3247 2183 λέγομεν
3297 2114 3426 2184 περὶ
3475 2113 3730 2185 ἀνδρῶν;

2147 2201 2412 2254 Κατανόει
2449 2220 2540 2273 μοι
2587 2204 2685 2274 τὴν
2731 2204 2916 2257 Ἰουδὶθ
2962 2205 3099 2276 πρὸς
3137 2209 3229 2259 τὸν
3270 2206 3594 2278 Ὀλοφέρνην
3624 2224 3728 2260 πο·-

2146 2309 2267 2364 ρευο
2274 2293 2439 2364 μένην
2458 2296 2551 2347 καὶ
2575 2295 2647 2366 μὴ
2665 2298 3076 2367 κατανοήσασαν
3089 2297 3186 2368 τὴν
3204 2298 3400 2368 ἑαυτῆς
3417 2298 3727 2363 ἀσθένειαν,

2140 2381 2201 2434 τὸ
2229 2384 2521 2454 εὐπρεπὲς,
2554 2385 2613 2437 τὸ
2641 2386 2929 2441 εὐάλωτον.
2973 2387 3096 2450 Πῶς
3122 2388 3220 2440 οὐκ
3244 2384 3395 2442 εἶπεν
3424 2391 3480 2441 ὲν
3505 2390 3682 2460 ἑαυτῇ
3708 2407 3721 2418 ·

2143 2473 2396 2527 Τοσοῦτοι
2441 2474 2713 2547 ἄνθρωποι
2747 2480 2805 2531 ἐν
2846 2481 2912 2549 τῇ
2953 2478 3101 2532 πόλει
3132 2481 3340 2552 ἰσχυροὶ
3372 2482 3465 2533 ml.
3505 2480 3730 2534 δυνατοὶ

2144 2567 2236 2617 καὶ
2284 2566 2534 2638 φρόνιμοι
2585 2568 2680 2621 καὶ
2724 2570 3050 2640 εὐμήχανοι,
3099 2573 3193 2625 καὶ
3240 2573 3414 2636 οὐδεὶς
3455 2573 3730 2646 ἐπιχειρεῖ

2141 2656 2301 2710 τοῦτο
2346 2660 2605 2729 ποιῆσαιο
2639 2660 2795 2728 κάγὼ
2842 2661 2902 2714 τὸ
2938 2662 3317 2735 ἀσθενέστερον
3364 2665 3526 2735 μέρος
3561 2663 3728 2717 τοῦτο

2144 2752 2365 2822 ποιῆσαι
2398 2753 2688 2824 τολμήσω;
2742 2754 2907 2809 Οὐδὲν
2955 2756 3195 2810 τοιοῦτον
3238 2757 3550 2825 ἐλογίσατο·
3585 2758 3727 2811 ἀλλὰ

2145 2842 2295 2916 πάσῃ
2337 2844 2615 2915 προθυμίᾳ
2653 2844 2745 2898 καὶ
2780 2844 2960 2899 πίστει
3000 2847 3272 2919 προσῆλθε
3303 2849 3382 2918 τῷ
3414 2850 3728 2921 παντοκρά-

2107 2951 2259 3015 οτορι
2307 2934 2424 3006 Θεῷ
2474 2936 2770 3007 θαρροῦσα,
2823 2938 2917 2991 καὶ
2969 2941 2997 2991 ὁ
3046 2940 3178 3003 Θεὸς
3220 2943 3248 2994 6
3292 2942 3727 3015 παντοδύναμος,

2145 3025 2433 3096 δεξάμενος
2455 3027 2582 3097 παρ’
2607 3028 2775 3098 αὐτῆς
2797 3028 2999 3100 ταύτην
3032 3031 3129 3100 τὴν
3150 3032 3487 3105 πεποίθησιν,
3518 3036 3581 3088 τὸ
3615 3040 3729 3091 πᾶν

2146 3116 2328 3170 λοιπὸν
2367 3118 2527 3181 αὐτὸς
2564 3118 2902 3173 ἐπετέλεσεν.
2947 3121 3005 3174 Ὀ
3048 3121 3156 3192 γὰρ
3187 3123 3435 3194 ἐλεήμων
3477 3125 3614 3190 Θεὸς
3666 3130 3730 3181 οὐ

472 3220 725 3290 requirit.
771 3217 1045 3273 Abscedat
1089 3214 1271 3283 itaque
1322 3213 1558 3266 humana
1607 3214 1786 3267 omnis
1824 3213 2042 3267 occasio

2146 3209 2298 3281 ζητεί
2345 3209 2594 3280 σώματος
2629 3211 2877 3283 δύναμιν,
2914 3210 3047 3266 ἀλλᾶ
3080 3215 3396 3285 προαίρεσιν
3428 3217 3524 3270 καὶ
3559 3236 3734 3272 σπου-

470 3318 527 3365 et
561 3318 794 3363 conatus
823 3327 835 3360 :
863 3322 973 3361 non
1004 3307 1294 3361 dicendum
1335 3305 1534 3374 quippe
1573 3303 1683 3360 Deo
1726 3313 1811 3359 est
1850 3304 2041 3357 :Iniir—

473 3387 596 3455 mus
637 3414 779 3454 sum.
814 3398 958 3452 Deus
989 3413 1224 3466 namque
1264 3414 1375 3452 non
1427 3400 1595 3454 robur
1639 3414 1669 3453 a
1705 3411 1757 3453 te
1787 3399 2036 3470 requirit,

473 3490 571 3549 sed
603 3490 787 3545 cordis
811 3492 1172 3559 propositum.
1204 3488 1302 3543 Dic
1328 3490 1483 3558 mihi,
1514 3506 1675 3561 quam
1708 3492 1897 3547 habuit
1930 3491 2039 3546 vim

475 3582 616 3635 latro
654 3581 744 3635 ille
793 3580 941 3651 ligno
989 3580 1237 3636 conﬁxus
1270 3596 1299 3633 a
1334 3580 1540 3635 dextris
1584 3581 1830 3636 Christi?
1854 3582 2043 3637 Nonne

478 3671 535 3726 in
571 3670 847 3726 infernum
890 3677 1242 3741 perrecturus
1265 3671 1420 3725 erat?
1458 3670 1524 3725 Et
1562 3673 1756 3726 mulier
1788 3688 1907 3742 qua:
1938 3671 2043 3725 Do-

473 3761 681 3816 minum
724 3770 999 3832 unguento
1035 3764 1209 3827 unxit,
1257 3773 1310 3818 et
1352 3763 1607 3834 lacrymis
1639 3765 1835 3833 rigavit
1880 3764 2042 3834 pedes

473 3851 613 3922 ejus,
647 3867 827 3908 nonne
865 3854 1146 3923 proposito
1178 3861 1232 3908 et
1258 3852 1361 3908 ﬁde
1385 3869 1483 3908 sua
1511 3855 1684 3909 solum
1719 3858 1867 3911 salva
1902 3856 2044 3910 facta

472 3943 600 3998 est?
628 3943 764 3999 Nolo
793 3943 859 4000 de
904 3943 1106 3999 Thecla
1146 3945 1295 4014 loqui
1326 3946 1406 3999 vel
1446 3946 1513 4001 de
1543 3947 1768 4015 reliquis
1803 3947 2045 4000 mulieri-

476 4036 598 4097 bus,
645 4050 766 4104 qua:
812 4035 869 4088 in
918 4035 1101 4089 futuro
1144 4036 1345 4090 saiculo
1392 4051 1515 4090 cum
1559 4038 1731 4106 gloria
1773 4049 2044 4093 coronata:

475 4140 642 4194 prope
671 4124 951 4180 Christum
980 4126 1423 4181 collocabuntur.
1454 4125 1839 4184 Pusillanimes
1863 4140 2043 4184 autem

472 4222 526 4269 et
557 4216 697 4286 pigri
734 4230 857 4269 cum
888 4215 1097 4286 pudore
1156 4225 1383 4287 pergcnt
1426 4218 1494 4271 ad
1526 4220 1851 4288 supplicium
1881 4228 2041 4276 aster-

475 4322 623 4362 num.
660 4308 843 4377 Itaque
884 4310 1140 4365 omnibus
1175 4311 1325 4365 hisce
1354 4311 1638 4379 przcccptis
1681 4311 2042 4382 adimplendis

474 4400 726 4468 superior
756 4408 841 4455 est
880 4400 1064 4465 homo,
1114 4401 1209 4471 qui
1242 4401 1531 4455 Dominum
1574 4402 1736 4456 habet
1766 4403 1823 4457 in
1855 4404 2039 4459 corde.

473 4488 579 4554 Qui
615 4498 796 4543 autem
843 4489 900 4543 in
929 4489 1090 4544 labiis
1137 4497 1347 4544 tantum
1406 4491 1608 4545 habent
1634 4490 1809 4557 illum,
1846 4494 2043 4547 corde-

472 4594 580 4649 que
621 4587 913 4643 excaecato,
965 4581 1034 4634 ob
1080 4580 1332 4635 inertia..i
1372 4598 1527 4636 suam
1580 4584 1770 4653 procul
1816 4583 2044 4641 Domino

476 4678 635 4731 sunt,
672 4669 757 4723 his
787 4678 1056 4739 praecepta
1088 4670 1194 4725 ista
1231 4671 1369 4724 dura
1399 4678 1527 4726 sunt
1567 4679 1621 4726 et
1649 4670 1905 4728 diﬁicilia.
1937 4672 2043 4728 Po—

476 4762 587 4815 nite
625 4762 792 4830 igitur
823 4761 1220 4827 indesinenter,
1258 4776 1291 4815 ο
1320 4763 1698 4832 pusillanimes
1747 4774 1801 4819 et
1831 4765 1937 4820 ﬁde
1964 4767 2043 4822 le-

474 4851 706 4916 vissimi,
744 4850 1034 4905 Dominum
1069 4852 1124 4905 in
1154 4852 1415 4909 cordibus
1446 4853 1665 4921 vestris,
1697 4857 2039 4926 agnoscetis-

472 4960 579 5016 que
610 4944 747 4998 nihil
776 4960 899 4999 esse
940 4943 1157 5000 facilius
1191 4945 1341 5001 hisce
1386 4948 1694 5016 praeceptis.
1741 4949 1878 5003 nihil
1921 4948 2042 5004 dul-

473 5038 613 5102 cius,
666 5036 1119 5110 nihillplacidius
1148 5058 1160 5093 :
1190 5040 1555 5096 violentorum
1599 5042 1800 5112 quippe
1846 5051 1930 5099 est
1963 5059 2045 5098 re-

472 5144 636 5199 gnum
667 5127 783 5184 Dei.
808 5127 946 5182 Nam
969 5132 1175 5198 petenti
1200 5131 1397 5198 datur;
1422 5133 1514 5201 qui
1537 5132 1806 5188 laboriose
1826 5135 2042 5204 quaerit,

387 5254 401 5273 κ
472 5221 732 5283 inveniet,
763 5227 816 5274 et
838 5221 1077 5290 pulsanti
1106 5237 1174 5276 ex
1192 5222 1357 5278 corde
1387 5230 1579 5277 etcum
1600 5226 1885 5294 patientia,
1909 5243 2043 5296 ape-

472 5312 645 5366 rietur
671 5330 684 5364 :
710 5321 872 5381 atque
913 5312 1069 5381 plura
1114 5312 1389 5368 dabuntur
1418 5327 1581 5383 quam
1632 5322 1902 5385 petamus.
1934 5315 2039 5371 Va-

473 5417 581 5457 nus
612 5402 815 5473 quippe
858 5410 943 5459 est
974 5405 1229 5475 quisquis
1268 5405 1459 5473 homo,
1496 5415 1549 5461 et
1591 5407 1678 5461 hic
1708 5407 1815 5462 frui
1844 5409 1959 5464 vult
1987 5417 2042 5463 et

474 5492 776 5559 quiescere,
812 5501 867 5549 et
898 5496 1009 5549 illic
1032 5510 1157 5551 cum
1186 5496 1405 5553 Christo
1438 5515 1686 5569 regnare.
1723 5499 1839 5555 Vim
1876 5501 2043 5571 igitur

474 5582 573 5635 tibi
619 5583 845 5648 inferas,
895 5594 1060 5656 atque
1098 5604 1248 5659 spem
1281 5590 1481 5645 habeto
1514 5593 1569 5644 in
1612 5594 2040 5662 omnipotentem

476 5670 681 5740 Deum;
726 5676 856 5744 quia
890 5678 1035 5747 apud
1083 5679 1236 5733 illum
1270 5682 1427 5735 radix
1477 5691 1561 5738 est
1604 5683 1888 5747 bonitatis,
1924 5685 2046 5741 fons

475 5760 866 5829 miserationis,
937 5768 1161 5839 pelagus
1203 5770 1723 5827 misei-icordiarnm.
1785 5770 1891 5843 Ipsi
1927 5775 2045 5844 glo-

2142 3302 2236 3372 δὴν
2271 3304 2363 3355 καὶ
2396 3304 2692 3374 ὑπομονήν.
2730 3306 2885 3358 Πᾶσα
2927 3301 3019 3358 οὖν
3045 3307 3267 3378 ἀφορμὴ
3297 3306 3589 3379 ἀνθρώπου
3636 3312 3737 3364 ὲκ-

2143 3394 2319 3447 ποδὼν
2338 3395 2595 3464 γενέσθω.
2621 3398 2694 3449 Οὐ
2723 3398 2830 3469 γὰρ
2860 3398 2975 3451 ἔστι
2997 3398 3176 3467 λέγειν
3204 3400 3354 3470 aegr
3398 3401 3524 3470 Εγὼ
3563 3403 3735 3457 ἀσθε-

2142 3488 2239 3557 νής
2271 3489 2406 3557 είμι.
2450 3489 2505 3542 '0
2537 3489 2667 3553 Θεὸς
2700 3490 2809 3562 γὰρ
2846 3492 2952 3544 ἀπὸ
2985 3491 3078 3544 σοῦ
3114 3494 3264 3563 ἰσχὺν
3291 3494 3351 3546 ού
3384 3494 3557 3564 ζητεῖ,
3588 3497 3737 3550 ἀλλὰ

2143 3579 2461 3650 προαίρεσιν
2504 3581 2611 3634 ἀπὸ
2660 3583 2905 3652 καρδίας,
2948 3583 3085 3636 Εἰπέ
3134 3601 3243 3653 μοι,
3277 3576 3435 3645 ποίαν
3491 3587 3739 3660 δύναμιν

2142 3666 2287 3740 εἶχεν
2337 3672 2365 3723 6
2414 3671 2613 3743 λῃστὴς
2655 3675 2925 3743 ἐμπαγε“ις
2959 3677 3015 3727 ὲν
3066 3674 3144 3746 τῷ
3193 3676 3335 3748 ξύλῳ
3385 3680 3450 3731 ἐκ
3496 3679 3739 3745 δεξιιῖιν;

2144 3762 2276 3831 Οὐχὶ
2308 3762 2426 3825 ὅλος
2458 3765 2515 3816 ὲν
2546 3763 2623 3831 τῷ
2652 3764 2753 3837 ᾅδῃ
2782 3762 2849 3835 ἦν
2884 3768 3414 3838 πορευόμενοςλΚαὶ
3447 3771 3478 3840 ἡ
3526 3772 3675 3843 γυνὴ
3702 3776 3737 3842 ἡ

2142 3851 2406 3920 ἀλείψασα
2452 3853 2542 3905 τὸν
2589 3855 2793 3926 Κύριον
2844 3856 3023 3928 μύρῳ,
3076 3858 3169 3911 καὶ
3215 3858 3446 3930 δάκρυσι
3486 3859 3743 3933 βρέξασα

2142 3945 2268 4007 τοὺς
2299 3944 2484 4005 πόδας,
2516 3946 2636 4017 οὐχὶ
2668 3949 2732 4017 τῇ
2774 3950 3087 4019 προαιρέσει
3120 3952 3213 4003 καὶ
3238 3955 3304 4024 τῇ
3338 3953 3521 4006 πίστει
3571 3958 3743 4026 μόνον

2143 4035 2319 4107 ἐσώθη
2347 4053 2359 4101 ;
2400 4039 2473 4089 Ού
2508 4038 2646 4092 θέλω
2676 4039 2851 4109 λέγειν
2880 4042 2948 4094 τὰ
2976 4043 3103 4113 περὶ
3133 4043 3341 4115 Θέκλης
3370 4046 3464 4099 καὶ⁵
3492 4048 3599 4111 τὰς
3626 4049 3745 4102 λοι-

2100 4164 2106 4171 ι
2145 4128 2252 4191 πᾶς
2301 4134 2583 4198 γυναῖκας,
2614 4132 2813 4196 αἵτινες
2864 4135 2921 4188 ὲν
2976 4133 3053 4204 τῷ
3087 4135 3329 4205 μέλλοντι
3380 4137 3541 4191 αίῶνι
3595 4143 3748 4210 μετᾶ

2143 4218 2300 4290 δόξης
2326 4222 2822 4295 στεφανοφοροῦσαι
2853 4225 3362 4298 παρασταθήσονται
3381 4228 3459 4299 τῷ
3479 4231 3743 4304 Χριστῷ.

2145 4314 2209 4365 Οἱ
2233 4312 2288 4365 δὲ
2316 4312 2622 4384 ὀλιγόψυχοι
2651 4315 2744 4369 καὶ
2772 4316 3004 4388 ῥᾴθυμοι
3044 4321 3496 4391 κατῃσχυμμένοι
3532 4326 3752 4395 πορεύ-

2147 4424 2327 4460 σονται
2352 4408 2432 4470 εἰς
2458 4409 2555 4478 τὴν
2581 4407 2795 4463 αἰώνιον
2819 4410 3059 4465 κόλασιν.
3094 4412 3258 4464 Ὥστε
3283 4413 3466 4467 πασῶν
3496 4414 3616 4467 τῶν
3651 4419 3748 4471 ὲνο

2142 4498 2311 4551 τολῶν
2336 4498 2539 4552 τούτων
2565 4501 2990 4572 κατακυριεύσαι
3017 4504 3047 4556 6
3083 4502 3367 4575 ἄνθρωπος
3398 4506 3425 4555 ὀ
3468 4504 3623 4575 ἔχων
3654 4508 3752 4561 τὸν

2150 4591 2354 4662 Κύριον
2383 4593 2441 4645 ὲν
2461 4594 2525 4663 τῇ
2562 4592 2757 4663 καρδία
2777 4594 2961 4648 αὑτοῦ.
3003 4596 3066 4647 Οἱ
3099 4595 3155 4648 δὲ
3187 4597 3279 4648 ἐπὶ
3307 4596 3374 4649 τὰ
3398 4595 3556 4670 χείλη
3586 4600 3754 4671 ἕχον-

2149 4698 2239 4745 τες
2280 4682 2371 4735 τὸν
2416 4682 2638 4754 Κύριον,
2674 4683 2772 4754 τὴν
2816 4684 2872 4737 δὲ
2905 4686 3133 4757 καρδίαν
3167 4688 3597 4760 πεπωρωμένην
3652 4695 3757 4745 καὶ

2152 4773 2367 4845 μακρὰν
2405 4773 2554 4838 ὄντες
2580 4775 2687 4829 ἀπὸ
2714 4772 2807 4828 τοῦ
2838 4777 3043 4848 Κυρίου
3070 4777 3157 4831 διὰ
3189 4780 3286 4849 τὴν
3314 4780 3529 4833 ἑαυτῶν
3568 4785 3752 4855 ῥᾳθυ-

2151 4864 2309 4934 μίαν,
2354 4864 2582 4928 ὲκείνοις
2628 4866 2684 4917 αἱ
2734 4865 2947 4919 ἐντολαὶ
2991 4857 3152 4919 αὗται
3201 4866 3433 4938 σκληραί
3474 4870 3594 4921 εἱσι
3656 4875 3759 4925 καὶ

2142 4956 2595 5027 δυσκατόρθωτοι.
2629 4956 2799 5011 Θὲσθε
2845 4954 2938 5013 οὖν
2973 4959 3150 5030 ὑμεῖς,
3196 4961 3244 5012 οἱ
3290 4959 3619 5032 ὀλιγόψυχοι
3655 4966 3757 5017 καὶ

2145 5048 2372 5119 ἐλαφροὶ
2418 5052 2484 5120 τῇ
2526 5049 2726 5114 πίστει,
2759 5051 2849 5105 τὸν
2883 5050 3085 5122 Κύριον
3118 5051 3475 5115 ἀδιαλείπτως
3522 5055 3613 5119 εἰς
3650 5056 3758 5120 τὰς

2145 5141 2372 5211 καρδίας
2401 5141 2576 5212 ὑμῶν,
2612 5142 2706 5197 καί
2752 5141 3047 5211 γνώσεσθε,
3086 5144 3167 5196 ὅτι
3207 5144 3358 5197 οὐδέν
3390 5144 3548 5198 ἐστιν
3585 5148 3761 5200 εὐκο-

2144 5228 2376 5302 λώτερον
2402 5230 2510 5284 τῶν
2541 5231 2771 5287 ἐντολῶν
2798 5232 3024 5298 τούτων,
3058 5232 3180 5287 οὔτε
3212 5232 3573 5305 γλυκύτερον,
3622 5237 3758 5290 οὔτε

2148 5321 2529 5395 ἡμερώτερονο
2583 5323 2816 5394 βιαστῶν
2866 5327 2973 5397 γάρ
3038 5328 3185 5382 ἐστιν
3236 5328 3269 5397 ἡ
3334 5325 3597 5396 βασιλεία
3654 5331 3757 5384 τοῦ

2148 5412 2282 5466 Θεοῦ
2303 5430 2316 5444 ·
2358 5415 2435 5485 τῷ
2480 5414 2588 5487 γὰρ
2627 5416 2866 5471 αἰτοῦντι
2903 5419 3125 5483 δίδοται,
3159 5419 3251 5471 καὶ
3287 5420 3316 5472 ὀ
3347 5418 3617 5488 ὲμπὸνως
3651 5421 3758 5493 ζη-

2147 5501 2257 5555 τῶν
2308 5504 2548 5576 εὑρήσει,
2597 5507 2691 5559 καὶ
2743 5506 2822 5578 τῷ
2862 5507 2972 5561 ἀπὸ
3027 5508 3254 5580 καρδίας
3308 5509 3403 5561 καὶ
3450 5510 3759 5581 ὑπομονῆς

2147 5593 2396 5664 κρούοντι
2425 5597 2767 5669 ἀνοιγήσεται
2787 5615 2810 5634 α
2834 5600 2928 5653 καὶ
2966 5599 3184 5652 πλείονα
3230 5598 3518 5671 χαρίζεται
3548 5595 3637 5654 ὧν
3667 5607 3760 5657 αἱ-

2149 5684 2368 5757 τοῦμεν.
2400 5689 2643 5753 Μάταιος
2669 5690 2777 5761 γάρ
2814 5692 2961 5744 ἐστιν
3004 5691 3289 5762 ἄνθρωπος
3314 5691 3463 5755 ὅστις
3491 5690 3600 5744 καὶ
3646 5687 3759 5747 ὧδε

2154 5775 2297 5830 θέλει
2331 5778 2636 5833 ἀπολαῦσαι
2667 5782 2760 5836 καὶ
2787 5781 3180 5849 ἀναπαύεσθαι,
3203 5784 3364 5837 κάκεῖ
3396 5784 3495 5837 σὺν
3513 5783 3761 5859 Χριστῷ
