3860 6200
1326 316 1558 374 SERMO
1595 315 1687 369 AD
1720 312 2124 370 ANTIOCHUM
2159 310 2417 368 DUCEM.
3336 309 3442 372 590

180 328 286 387 589

180 436 628 512 συμϐασιλεῦσαι.
660 434 856 488 Βίασαι
892 427 983 486 οῦν
1029 430 1273 497 σεαυτὸν,
1302 429 1397 483 καί¹
1442 427 1632 481 ἐλπίδα
1669 426 1758 497 ἔχε

1874 427 1943 481 ria
2007 437 2061 483 et
2109 427 2427 499 magnitudo
2479 427 2534 481 in
2580 427 2778 482 saecula
2830 427 3177 484 saeculorum.
3242 429 3437 487 Amen.

177 535 260 596 εἰς
282 531 375 584 τὸν
408 525 820 598 παντοκράτορα
862 522 1013 575 Θεόν·
1070 521 1154 574 ὅτι
1197 519 1326 592 παρ’
1359 517 1506 588 αὐτῷ
1550 520 1583 589 ή
1632 516 1756 588 ῥίζα
1792 517 1890 588 τῆς
1939 517 2270 588 ἀγαθότητος
2315 521 2410 571 καὶ
2447 517 2480 588 ή
2512 517 2663 587 πηγὴ
2692 516 2783 571 τοῦ
2807 516 2991 583 ἐλέους
3050 518 3145 572 καὶ
3179 518 3243 573 τὸ
3274 519 3443 578 πέλα-

178 641 274 694 γος
311 622 422 677 τῶν
460 619 777 692 οἰκτιρμῶν.
809 615 968 688 Αύτῷ
993 618 1025 687 ή
1073 614 1199 680 δόξα
1229 614 1322 668 καὶ
1347 616 1381 686 ή
1418 613 1754 685 μεγαλοσύνη
1793 614 1875 677 είς
1897 615 2023 677 τοὺς
2048 613 2249 678 αἰῶνας
2272 614 2381 666 τῶν
2406 612 2635 667 αίώνων.
2680 613 2872 686 Ἀμήν.

184 803 329 857 ΤΟΥ
363 800 466 853 EN
502 798 744 853 ΑΓῙΟΙΣ
770 798 1051 851 ΙΙΑΤΡΟΣ
1096 796 1307 848 ΗΜΩΝ
1346 796 1769 850 ΑΘΑΝΑΣΙΟΥ

1874 793 2143 852 SANCTI
2198 784 2466 850 PATRIS
2523 786 2799 849 AL‘STR!
2857 794 3281 853 ATHANASII
3318 793 3441 851 AR-

245 870 835 927 ΑΡΧΙΕΠΙΣΚΟΠΟΥ
915 865 1443 921 ΑΛΕΞΑΝΔΡΕΙΑΣ
1467 904 1482 928 ,
1574 868 1767 921 ΠΡΟΣ

249 941 616 996 ΑΝΤιοΧοΝ
643 934 979 993 ΑΡΧοΝΤΑ
1024 936 1156 1008 (86).

248 1056 645 1127 Σκοπήσωμεν,
690 1051 1029 1123 ηὐλογημένε
1067 1048 1162 1105 τοῦ
1201 1048 1337 1104 Θεοῦ
1369 1049 1645 1122 ἄνθρωπε,
1672 1052 1766 1105 ὲπὶ

181 1149 338 1212 πᾶσι,
379 1146 469 1200 διὰ
491 1148 623 1200 πᾶσι
653 1145 749 1197 καὶ
772 1145 879 1216 πρὸ
903 1145 1140 1206 πάντων,
1183 1143 1299 1206 πῶς
1333 1144 1763 1215 περιπατοῦμεν,

180 1239 273 1292 καὶ
294 1238 351 1290 τί
385 1237 514 1309 περὶ
541 1234 750 1289 ἑαυτῶν
781 1232 1145 1304 βουλευόμεθα
1164 1249 1177 1262 ⁸
1211 1232 1439 1296 πολλοὺς
1472 1233 1767 1302 γινώσκον-

180 1342 271 1389 τες
294 1324 407 1379 τῶν
419 1324 548 1396 παρ’
577 1323 733 1394 ἡμῶν
757 1323 1053 1394 γινομένων
1080 1339 1139 1376 τε
1162 1321 1255 1375 καὶ
1279 1323 1582 1393 νοουμένων
1601 1324 1767 1393 ἀορά-

178 1434 306 1480 τους
336 1413 705 1487 παρίστασθαι
739 1414 1041 1484 μάρτυρας,
1084 1413 1185 1465 οὐκ
1227 1414 1307 1476 είς
1337 1412 1399 1465 τὸ
1441 1413 1765 1484 φαινόμενον

182 1506 483 1577 βλέποντας
514 1505 693 1575 μόνον,
720 1503 835 1556 ἀλλ’
868 1504 954 1556 ἐπ’
981 1501 1152 1566 αὐτάς
1184 1502 1641 1574 παρακύπτοντας
1669 1505 1765 1567 τὰς

177 1598 360 1670 ψυχὰς
398 1598 493 1651 καί¹
542 1596 605 1650 τὸ
653 1595 893 1668 κρυπτὸν
943 1594 1316 1666 διελέγχοντας
1362 1595 1464 1664 τῆς
1514 1597 1757 1666 καρδίας.

178 1690 376 1745 Πολλοὶ
403 1688 515 1761 γὰρ
540 1688 616 1751 ὡς
648 1686 863 1758 ἀληθῶς
899 1687 1231 1756 πανταχόθεν
1272 1687 1578 1755 ἀγγελικῶν
1604 1689 1763 1741 δυνα-

181 1798 332 1853 μεων
360 1783 508 1853 ἡμᾶς
545 1780 1029 1852 παρειστήκεισαν,
1060 1778 1129 1832 τὰ
1167 1778 1437 1850 λεγόμενά
1463 1797 1522 1832 τε
1555 1780 1650 1832 κα)⁸
1680 1797 1765 1848 γι-

177 1870 384 1942 νόμενα
426 1871 556 1941 παρ’
582 1867 763 1940 ήμῶν,
798 1867 891 1921 καὶ
924 1867 1190 1937 νοούμενα
1219 1867 1380 1939 μέχρι
1421 1868 1585 1940 ψιλῆς
1613 1868 1768 1921 ὲνθυ-

181 1964 424 2035 μήσεως,
472 1961 538 2014 δι’
583 1959 870 2031 ἀκριϐείας
914 1959 1094 2030 πάσης
1124 1960 1182 2012 ὲν
1232 1957 1447 2029 οὐρανῷ
1491 1960 1767 2030 καταγρά-

1938 860 2432 922 CHIEPISCOPI
2506 864 3065 933 ALEXANDRl/E,
3143 867 3243 921 AD
3302 865 3438 922 ΑΝ-

1941 935 2287 991 TIOCHUM
2325 935 2610 994 DUCEH.

1940 1052 1992 1105 1.
2032 1051 2484 1123 Perpendamus,
2537 1053 2823 1109 benedicte
2876 1053 3041 1107 homo
3097 1050 3228 1117 Dei,
3275 1066 3441 1122 super

1867 1144 2070 1206 omnia,
2101 1159 2197 1213 per
2240 1145 2445 1210 omnia,
2490 1152 2617 1199 ante
2643 1144 2848 1211 omnia,
2879 1144 3158 1215 quomodo
3197 1143 3444 1198 ambule-

1867 1250 2011 1295 mus,
2040 1234 2241 1304 quidve
2277 1236 2425 1291 circa
2463 1236 2834 1305 nosmetipsos
2864 1235 3081 1290 consilii
3123 1234 3439 1303 capiamus;

1866 1327 2021 1398 gnari
2053 1328 2256 1383 multos
2284 1327 2478 1383 adesse
2505 1336 2782 1399 gestorum
2811 1327 3315 1399 cogitationumque
3341 1340 3444 1380 no-

1868 1427 2108 1474 strarum
2164 1426 2331 1475 testes
2377 1420 2681 1475 invisibiles
2713 1441 2724 1474 :
2752 1421 2845 1490 qui
2883 1435 2992 1472 non
3040 1433 3102 1473 ea
3153 1417 3330 1473 solum
3358 1417 3445 1473 vi-

1867 1509 1997 1563 dent
2031 1525 2151 1578 quae
2178 1510 2282 1565 sub
2316 1519 2597 1581 aspectum
2638 1510 2878 1576 cadunt;
2907 1509 3001 1564 sed
3034 1509 3195 1563 etiam
3229 1508 3443 1564 animas

1867 1599 2190 1668 respiciunt,
2238 1607 2292 1655 et
2320 1600 2464 1670 quod
2500 1600 2554 1654 in
2588 1599 2752 1672 214
2772 1600 2938 1655 corde
2972 1600 3106 1655 latet
3139 1598 3443 1670 deprehen-

1867 1687 2025 1743 dunt.
2061 1688 2212 1743 Multi
2251 1702 2441 1743 revera
2483 1691 2912 1760 circumquaque
2953 1689 3110 1745 nobis
3146 1689 3345 1745 adsunt
3375 1704 3443 1745 ex

1868 1781 2235 1851 angelicarum
2281 1783 2546 1836 virtutum
2598 1799 2852 1845 numero,
2908 1782 3001 1853 qui
3057 1783 3223 1847 dicta,
3274 1781 3441 1848 facta,

1868 1887 2030 1927 sensa
2060 1882 2249 1928 nostra
2293 1874 2359 1928 ad
2394 1875 2675 1928 minimam
2706 1889 2883 1944 usque
2934 1864 3319 1945 cogitationem
3350 1889 3446 1929 ac-

1867 1964 2217 2019 curatissime
2264 1966 2320 2019 in
2354 1966 2496 2020 coelo
2525 1966 2865 2030 describunt,
2904 1973 2963 2019 ut
3008 1966 3139 2020 hinc
3183 1976 3447 2037 coargua-

178 2071 395 2123 φοντες,
426 2053 563 2124 πρὸς
592 2051 813 2121 ἔλεγχον
836 2050 995 2121 ήμῶν
1016 2052 1074 2105 ὲν
1099 2054 1164 2122 τῇ
1193 2051 1401 2122 φοϐερᾷ
1434 2052 1620 2122 ἡμέρᾳ
1664 2052 1764 2123 τῆς

1874 2071 1994 2109 mur
2022 2055 2076 2108 in
2109 2055 2389 2109 tremenda
2412 2054 2605 2125 judicii
2634 2055 2744 2120 die,
2769 2055 2991 2125 quando
3010 2056 3265 2111 universa
3287 2066 3447 2126 aspe-

178 2144 418 2217 κρίσεως
436 2161 451 2174 °
476 2145 565 2197 ὅτε
595 2145 746 2197 πᾶσα
772 2143 881 2196 τῶν
912 2141 1119 2213 ὁρατῶν
1148 2144 1181 2213 ή
1210 2144 1406 2206 κτίσις,
1432 2142 1766 2214 κλονουμένη

177 2235 302 2287 κατ’
332 2232 542 2298 έπειξιν
584 2234 810 2302 ἄφατον,
845 2232 982 2304 πρὸς
1021 2231 1120 2303 τὴν
1155 2232 1364 2287 οἰκείαν
1389 2232 1607 2286 ὠθεῖται
1647 2250 1769 2287 συν-

176 2324 421 2378 τέλειαν·
452 2324 548 2378 καὶ
570 2325 601 2376 ὁ
626 2324 853 2395 οὐρανὸς
882 2323 978 2377 καὶ
1010 2326 1044 2395 ή
1077 2324 1149 2395 γῆ
1186 2323 1402 2395 ριζηδὸν
1435 2324 1768 2396 παρελεύσε-

180 2432 296 2480 ται,
323 2415 424 2469 καὶ
465 2415 536 2469 τά
580 2414 670 2469 διὰ
724 2415 892 2487 μέσου
938 2417 1178 2486 στοιχεῖα
1214 2414 1564 2487 καυσούμενα
1606 2415 1770 2487 λυθή-

182 2522 396 2562 εκπντιιι⁵
445 2508 543 2561 καὶ
585 2507 822 2573 Παλαιὸς
869 2508 1091 2579 ἡμερῶν
1119 2505 1427 2574 καθέξεται,
1463 2510 1559 2562 καὶ
1600 2509 1768 2580 βίϐλοι

178 2602 514 2670 ἀνοίγονται,
548 2600 659 2654 τῶν
690 2601 975 2673 ἡμετέρων
1016 2601 1192 2673 ἔργων
1225 2619 1288 2655 τε
1321 2602 1417 2656 καὶ
1460 2602 1633 2671 λόγων
1676 2603 1770 2657 καὶ

180 2695 474 2766 νοημάτων
521 2693 591 2747 τὰ
642 2693 894 2766 έγγραφα
918 2733 933 2759 ,
982 2693 1189 2758 πιστῶς
1232 2711 1292 2748 τε
1334 2695 1427 2748 καὶ
1470 2694 1770 2758 ἀνοθεύτως

180 2786 385 2857 ἔχουσι.
428 2785 615 2840 Χίλιαί
631 2804 690 2839 τε
710 2786 946 2857 χιλιάδες
960 2786 1365 2858 λειτουργοῦσιν
1380 2787 1548 2859 αὐτῷ,
1563 2789 1657 2842 καὶ
1677 2787 1770 2858 μύ-

183 2896 298 2950 ριαι
314 2879 577 2951 μυριάδες
600 2880 1061 2950 παρειστήκεισαν
1083 2878 1250 2950 αὐτῷ,
1270 2879 1364 2932 καὶ
1380 2878 1575 2950 ἀπειλὴ
1595 2878 1766 2951 πυρὸς

181 2971 466 3042 πανταχοῦ
492 2971 847 3043 διατρέχουσα
870 2972 965 3024 καὶ
990 2971 1057 3025 τὰ
1090 2971 1274 3043 κύκλῳ
1300 2972 1481 3026 πάντα
1506 2972 1770 3043 περιλαμ-

180 3065 446 3128 ϐάνουσα,
481 3065 578 3117 καὶ
612 3064 714 3136 ὅρη
756 3065 888 3117 ὡσεὶ
930 3064 1099 3136 κηρὸν
1146 3065 1451 3135 ἐκτήκουσα
1475 3080 1489 3095 ο
1526 3064 1771 3135 ποταμὸς

180 3156 294 3228 γὰρ
327 3155 506 3227 πυρὸς
539 3148 718 3207 εἷλκεν
756 3153 1063 3225 ἔμπροσθεν
1088 3152 1252 3206 αὐτοῦ
1272 3170 1286 3184 ο
1308 3153 1469 3223 ἡνίκα
1502 3154 1771 3225 τάρταρος

182 3250 279 3302 καὶ
306 3246 502 3319 βόθρος
532 3247 736 3318 ἀχανὴς
770 3247 861 3299 καὶ
903 3245 1240 3311 ἀνείκαστος,
1276 3246 1369 3298 καὶ
1404 3244 1594 3308 σκότος
1635 3243 1769 3309 ἐξώ-

180 3355 365 3410 τερον,
394 3337 493 3391 καί³
524 3334 739 3401 σκώληξ
766 3335 1082 3406 ἀκοίμητος,
1121 3334 1476 3404 άναδειχθῶσι
1504 3334 1766 3406 παρόντα.

1868 2147 2150 2201 ctabilium
2203 2162 2390 2203 rerum
2447 2158 2734 2212 creatura,
2790 2148 3148 2203 inenarrabili
3202 2148 3445 2218 impulsu

1868 2250 2162 2302 concussa,
2211 2239 2271 2293 in
2319 2240 2598 2310 propriam
2638 2240 2870 2310 pelletur
2894 2240 3441 2296 consummatiOnem.

1867 2331 2079 2386 Caelum
2128 2339 2184 2386 et
2234 2339 2381 2386 terra
2425 2331 2694 2386 radicitus
2741 2332 3077 2395 transibunt,
3120 2340 3176 2387 et
3218 2345 3339 2402 quae
3388 2331 3445 2385 in

1868 2421 2048 2477 medio
2074 2431 2215 2490 sunt
2262 2421 2555 2487 elementa,
2590 2421 2847 2476 incendio
2899 2421 3189 2491 absumpta
3235 2421 3448 2476 solven-

1868 2518 1979 2566 tur.
2014 2508 2154 2566 Tum
2204 2512 2478 2582 Antiquus
2508 2512 2719 2567 dierum
2760 2510 2993 2577 sedebit,
3036 2511 3161 2565 libri
3204 2510 3447 2581 aperien-

1867 2612 1979 2669 tur,
2014 2603 2073 2658 in
2104 2603 2307 2674 quibus
2343 2611 2537 2658 nostra
2563 2618 2750 2675 opera,
2777 2605 2965 2666 verba,
3001 2602 3239 2671 cogitata
3265 2601 3412 2657 fideli
3431 2631 3445 2643 -

1870 2703 1953 2751 ter
1980 2705 2143 2766 atque
2182 2695 2501 2766 incorrupte
2539 2695 2814 2765 descripta
2857 2695 3235 2749 continentur.
3276 2692 3446 2748 Millia

1868 2787 2101 2841 millium
2135 2786 2450 2842 ministrant
2483 2785 2582 2851 illi,
2612 2788 2666 2840 et
2697 2785 2880 2841 decies
2909 2786 3108 2840 millies
3145 2785 3286 2841 dena
3322 2784 3447 2838 mile

1868 2877 1942 2932 lia
1986 2876 2256 2932 assistunt
2296 2876 2396 2929 illi.
2443 2874 2587 2945 Ignis
2631 2874 2744 2929 illic
2788 2873 3146 2929 comminatio
3198 2858 3444 2942 est,-qui

1869 2971 2072 3041 ubique
2110 2969 2391 3035 discurrit,
2426 2968 2609 3022 omnia
2651 2967 3086 3037 circumquaque
3127 2966 3448 3035 complecti-

1869 3070 1981 3126 tur,
2023 3068 2237 3117 montes
2275 3058 2557 3130 liquefacit
2597 3059 2743 3113 sicut
2789 3073 2997 3113 ceram.
3031 3056 3258 3115 Flavius
3299 3059 3445 3113 enim

1870 3154 2063 3225 igneus
2110 3152 2230 3207 ﬂuit
2273 3153 2331 3206 in
2382 3160 2681 3220 conspectu
2731 3149 2875 3220 ejus.
2927 3148 3155 3215 Quando
3204 3156 3448 3206 tartarus

1869 3245 2218 3301 vastissimus
2244 3254 2569 3313 omnemque
2600 3242 2897 3311 cogitatum
2942 3257 3211 3312 superans
3243 3242 3444 3306 hiatus,

1870 3336 2109 3392 tenebrae
2136 3337 2460 3402 exteriores,
2490 3336 2694 3389 vermis
2734 3350 3014 3404 nunquam
3060 3336 3301 3390 moriens
3338 3350 3448 3389 una

181 3432 299 3486 Καὶ
326 3431 356 3483 ὁ
402 3428 492 3482 ἐπ’
530 3417 894 3497 αὐτὰς’φόϐος
943 3429 1188 3497 εἱστήκει
1233 3428 1525 3498 μετέωρος,
1557 3427 1769 3497 ἐκδεχο-

1874 3429 2170 3499 conspicuo
2198 3428 2451 3484 aderunt.
2484 3428 2622 3484 Hinc
2650 3444 2898 3483 summus
2927 3437 3105 3483 terror
3126 3434 3450 3498 exspectan-

187 3523 371 3592 μένων
412 3520 513 3592 τὴν
542 3519 796 3574 ἔκϐασιν·
831 3520 926 3573 καὶ
956 3520 1124 3590 ὀργῆς
1170 3518 1391 3587 ἄγγελοι
1435 3519 1767 3584 κολαστικοὶ,

183 3613 302 3683 πῦρ
357 3611 808 3677 ἀποστίλϐοντες,
863 3610 976 3682 πῦρ
1025 3627 1085 3663 τε
1138 3610 1458 3680 βλέποντες,
1515 3611 1609 3664 καλ⁵
1660 3610 1770 3681 πῦρ

183 3706 570 3770 ἀναπνέοντες,
599 3706 806 3775 ἕτοιμοι
831 3706 911 3767 είς
932 3705 1111 3757 πᾶσαν
1144 3703 1421 3774 ἐκδίκησιν
1451 3702 1631 3774 πάσης
1668 3718 1773 3755 πα-

188 3799 457 3873 ρανομίας
481 3799 762 3870 ἑστήκασι.
788 3797 947 3851 Πᾶσά
967 3814 1027 3849 τε
1059 3797 1196 3867 πρὸς
1216 3795 1423 3859 τούτοις
1454 3795 1629 3858 κτίσις
1654 3793 1772 3847 έπί-

185 3891 336 3959 γειός
361 3908 425 3943 τε
450 3892 546 3944 καὶ
575 3890 911 3961 ἐπουράνιος,
938 3890 1037 3960 ὅση
1062 3906 1121 3941 τε
1153 3890 1210 3941 έν
1242 3889 1495 3957 ἀγγέλοις
1526 3888 1621 3942 καὶ
1651 3890 1772 3950 ταῖς

188 3982 329 4055 ὑπὲρ
374 3982 628 4050 ἀγγέλοις
672 3980 953 4051 δυνάμεσι,
992 3981 1085 4034 καὶ
1127 3982 1226 4050 ὅση
1255 3981 1314 4033 ἐν
1337 3981 1587 4051 οὐρανοῖς
1634 3997 1774 4051 παρ·

194 4079 440 4133 ίστανται
475 4076 615 4147 μετὰ
656 4076 857 4149 τρόμου
894 4074 994 4147 τὴν
1027 4073 1262 4146 φοϐερὰν
1325 4074 1426 4144 τῆς
1464 4073 1612 4137 θείας
1652 4074 1773 4143 βου-

189 4167 289 4239 λῆς
332 4167 679 4237 ἐκδεχόμενοι
735 4165 1063 4238 φανέρωσιν.
1130 4164 1245 4234 Ἐφ’
1295 4159 1369 4217 ὧν
1396 4166 1415 4184 ⁴
1450 4164 1772 4217 κατειόντων

192 4257 371 4328 ήμῶν,
403 4255 911 4327 ἀναγνωσθήσονται
953 4254 1203 4325 πράξεις,
1247 4255 1341 4307 καὶ
1372 4254 1480 4306 τῶν
1513 4252 1772 4324 κρυπτῶν

192 4349 474 4420 γύμνωσις
510 4348 799 4419 γενήσεται
822 4364 836 4378 ’
867 4347 1006 4399 ὥστε
1036 4346 1241 4409 πάντας
1285 4344 1457 4410 οὕτως
1486 4344 1775 4415 γινώσκειν

195 4442 444 4513 ἀλλήλων
470 4441 570 4504 τὰς
598 4439 870 4511 ἁμαρτίας
889 4454 905 4468 ·
931 4438 1008 4501 ὡς
1049 4437 1277 4500 ἕκαστος
1297 4436 1392 4500 τὰς
1428 4435 1642 4501 ἑαυτοῦ,
1675 4435 1775 4506 τὴν

199 4531 380 4602 βίϐλον
400 4530 791 4599 ἀναγινώσκειν
808 4530 910 4600 τῆς
930 4527 1124 4583 ἑαυτοῦ
1148 4528 1522 4601 συνειδήσεως.
1543 4546 1561 4579 ι
1595 4528 1777 4597 Ἐλέγ·

196 4623 273 4689 ξω
306 4640 366 4701 σε
412 4642 432 4675 ι
470 4622 602 4693 γάρ,
636 4623 803 4695 φησὶ,
843 4640 863 4673 ι
917 4624 1012 4675 καὶ
1068 4623 1406 4694 παραστήσω
1445 4620 1585 4675 κατὰ
1617 4621 1778 4692 πρόσ-

1868 3521 2006 3574 tium
2050 3520 2279 3576 exitum.
2334 3520 2569 3576 Stabunt
2629 3520 2808 3592 angeli
2867 3521 2959 3575 irae
3009 3520 3270 3583 ministri,
3324 3520 3449 3589 igne

1869 3620 2160 3677 micantes,
2207 3613 2380 3682 ignito
2428 3614 2632 3667 intuitu
2665 3620 3059 3684 respectantes,
3110 3612 3286 3682 ignem
3334 3612 3447 3681 spi-

1870 3712 2077 3769 rantes,
2115 3706 2290 3774 parati
2321 3704 2388 3758 ad
2432 3719 2650 3758 omnem
2702 3704 2961 3759 ultionem
2992 3703 3287 3774 cujuslibet
3323 3716 3450 3772 pec-

1871 3797 2001 3850 cati.
2038 3795 2120 3849 Ad
2149 3795 2265 3850 haec
2295 3808 2417 3849 cum
2452 3804 2692 3850 tremore
2735 3795 2912 3850 aderit
2959 3797 3140 3852 omnis
3173 3802 3445 3862 creatura,

1874 3896 2088 3942 terrena
2121 3887 2508 3956 cmlestisque;
2546 3886 2725 3957 angeli
2748 3888 2978 3951 scilicet,
2999 3890 3315 3958 angelisqne
3348 3902 3447 3944 su-

1872 3978 2116 4048 periores
2161 3986 2480 4049 potestates,
2541 3994 2733 4035 omnes
2775 3980 2991 4034 demum
3040 3984 3133 4050 qui
3191 3983 3247 4037 in
3292 3985 3449 4040 ccelis

1874 4078 2023 4135 sunt,
2060 4078 2448 4139 exspectantes
2475 4071 2732 4126 horrendi
2764 4073 2980 4126 consilii
3008 4073 3178 4128 divini
3205 4072 3449 4130 declara-

1872 4161 2097 4217 tionem.
2138 4161 2308 4216 Nobis
2354 4162 2561 4217 interea
2612 4163 2950 4226 sedentibus,
2996 4164 3246 4234 legentur
3283 4180 3448 4236 opera

1874 4252 2163 4323 cujusque,
2202 4252 2401 4324 ﬁetque
2433 4254 2771 4309 occultorum
2804 4256 3103 4323 revelatio;
3138 4256 3214 4310 ita
3246 4267 3303 4312 ut
3329 4273 3449 4313 om-

1874 4359 1971 4398 nes
2021 4344 2254 4398 aliorum
2290 4351 2513 4414 peccata
2563 4353 2754 4399 mutuo
2799 4353 3152 4416 cognoscant,
3190 4350 3451 4417 quemad-

1874 4436 2098 4491 modum
2132 4437 2332 4507 singuli
2360 4453 2483 4502 sua,
2512 4447 2567 4492 et
2594 4438 2791 4492 librum
2823 4438 3003 4509 legant
3031 4455 3143 4495 suae
3162 4442 3453 4497 conscien-

1875 4529 1985 4584 tiae.
2016 4526 2176 4592 Nam,
2219 4548 2237 4580 r
2266 4528 2503 4599 Arguam
2549 4537 2623 4597 te,
2656 4549 2674 4582 ι
2712 4530 2808 4591 ait,
2841 4549 2860 4581 ‹
2891 4538 2944 4586 et
2992 4538 3228 4587 statuam
3259 4542 3449 4588 contra

1876 4617 2072 4672 faciem
2119 4628 2267 4673 tuam
2307 4635 2325 4671 ι
2380 4625 2605 4690 peccata
2654 4628 2747 4675 tua
2769 4622 2836 4676 ⁷⁸.
2888 4621 2955 4675 Et
2990 4638 3231 4688 rursum,
3282 4643 3301 4677 ι
3331 4624 3450 4680 Cir-

194 4715 347 4771 ωπόν
382 4731 477 4767 σου
511 4732 534 4767 ι
571 4713 671 4778 τὰς
711 4712 987 4785 ἁμαρτίας
1013 4729 1106 4766 σου
1129 4731 1142 4744 ·
1173 4713 1265 4767 καὶ
1293 4713 1477 4777 πάλιν,
1501 4731 1521 4764 ‹
1546 4711 1769 4765 Κυκλώ-

1876 4708 2213 4763 cumdahunt
2241 4724 2336 4765 eos
2375 4712 2606 4766 consilia
2648 4727 2839 4767 eorum
2864 4714 2933 4768 ⁷⁸.
2968 4733 2987 4764 ι
3014 4713 3082 4768 Et
3117 4731 3245 4771 ecce
3288 4716 3452 4772 homo

206 4822 281 4859 se:
308 4807 506 4869 αὐτοὺς
532 4805 603 4859 τά
622 4803 905 4858 διαϐούλια
931 4804 1130 4859 αὐτῶν.
1177 4825 1196 4856 ι
1229 4806 1340 4861 Καὶ
1363 4805 1470 4859 ἰδοὺ
1490 4804 1774 4877 ἄνθρωπος

203 4899 293 4954 καὶ
328 4898 390 4951 τὸ
434 4896 595 4969 ἔργον
639 4895 833 4961 αὐτοῦ,
882 4895 978 4949 καὶ
1017 4895 1272 4966 δικαστὴς
1320 4893 1770 4965 ἀπαραλόγιστος,

206 4986 610 5058 παρισταμένην
641 4984 778 5057 έχων
817 4984 915 5057 τὴν
947 4984 1336 5056 μεγαλοπρεπῆ
1372 4985 1480 5037 τῶν
1512 4983 1774 5057 οὐρανίων

206 5080 496 5150 ταγμάτων
560 5078 784 5149 δύναμιν
804 5118 818 5142 ,
878 5078 1099 5150 ὑψηλῶς
1146 5077 1537 5149 προκαθέζεται
1595 5078 1775 5130 πᾶσαν

207 5171 608 5242 ἁπαστράπτων
628 5170 992 5240 δικαιοσύνην,
1019 5170 1110 5224 καὶ
1138 5170 1352 5241 ἑκάστῳ
1372 5169 1439 5222 δι’
1467 5168 1775 5232 ἀποδόσεως

206 5261 435 5334 ἀληθοῦς
454 5263 550 5315 κα)⁹
580 5261 799 5325 δικαίας
825 5261 1006 5333 νέμων
1029 5262 1098 5314 τὰ
1144 5261 1282 5334 πρὸς
1305 5260 1465 5328 ἀξίαν
1485 5298 1500 5324 ,
1530 5263 1641 5324 τοῖς
1675 5260 1773 5331 μὲν

204 5356 269 5410 ὲκ
290 5353 481 5419 δεξιῶν
500 5353 591 5407 διὰ
618 5352 720 5418 τὰς
738 5353 909 5418 καλὰς
935 5351 1162 5426 πράξεις
1185 5352 1317 5425 (86')
1334 5352 1589 5425 σταθήσιν
1609 5362 1776 5424 προσ-

281 5504 322 5538 ⁹¹
357 5503 505 5559 Psal.
540 5519 702 5568 χιιι,
733 5503 821 5559 21.
894 5506 941 5537 ⁷⁸
978 5504 1126 5561 Psal.
1163 5519 1273 5569 vn,
1307 5504 1358 5559 8.

1802 4761 1853 4821 D

1878 4807 1933 4852 et
1964 4812 2101 4868 opus
2123 4798 2265 4867 ejus,
2288 4813 2351 4853 ac
2380 4799 2543 4868 iudex
2571 4802 2665 4871 qui
2697 4801 2875 4872 decipi
2935 4805 3146 4874 nequit,
3176 4806 3265 4860 cui
3295 4806 3451 4861 adest

1880 4890 2171 4960 magniﬁca
2201 4892 2506 4947 caelestium
2547 4894 2797 4948 ordinum
2830 4904 3097 4964 potestas,
3144 4897 3201 4950 in
3234 4898 3452 4953 excelso

1882 4985 2020 5040 solio
2051 4986 2306 5040 omnibus
2333 4987 2583 5057 superior
2608 4988 2837 5055 sedebit,
2869 4990 3016 5044 omni
3046 4989 3261 5061 fulgens
3286 4991 3453 5059 justi-

1881 5079 1981 5143 tia,
2015 5079 2108 5149 qul
2142 5078 2375 5149 singulis
2402 5087 2658 5135 accurate
2681 5089 2735 5134 et
2762 5081 2910 5149 juste
2940 5096 3039 5150 pro
3067 5082 3262 5135 merito
3292 5082 3453 5135 retri-

1878 5169 2041 5223 buet:
2068 5168 2139 5223 iis
2173 5170 2392 5240 quidem
2416 5171 2509 5241 qui
2540 5185 2570 5223 a
2603 5171 2814 5226 dextris
2843 5179 2993 5234 sunt,
3028 5186 3150 5240 quae
3178 5170 3344 5226 statio
3367 5180 3453 5224 est

1879 5262 2089 5317 scilicet
2111 5263 2305 5318 animae
2331 5263 2479 5320 mitis
2509 5271 2563 5319 et
2588 5271 2908 5328 mansuetae,
2936 5278 3163 5334 regnum
3199 5263 3449 5318 tribuens

1880 5369 1910 5407 a
1957 5354 2349 5410 constitutione
2392 5353 2581 5409 mundi
2631 5362 2912 5425 paratum;
2960 5368 3056 5409 eos
3108 5359 3312 5418 autem,
3355 5353 3453 5427 qui

274 5679 391 5755 (86)
425 5678 583 5755 ῌυηο
629 5681 863 5755 primum
905 5682 1051 5738 edita
1086 5697 1152 5737 ex
1194 5680 1382 5739 codice
1426 5677 1559 5755 Reg.
1603 5681 1746 5738 9570
1786 5695 2056 5737 annorum
2093 5680 2217 5752 plus
2243 5678 2371 5735 600.

266 5750 401 5824 (86‘)
434 5750 638 5816 Locus,
672 5759 732 5806 ut
758 5751 988 5819 videtur,
1023 5759 1334 5824 corruptus.
