3860 6200
207 308 310 363 593

1272 306 1507 362 SERMO
1541 305 1633 360 AD
1670 302 2076 359 ANTIOCHUM
2123 303 2379 360 DUCEM.

3322 297 3426 356 δεδι

210 420 362 494 paea:
404 418 781 488 ’Δπετύφλωσε
810 424 918 490 γὰρ
940 422 1088 492 ἡμᾶς
1116 423 1149 490 ή
1186 419 1368 490 ἀπάτη
1390 418 1484 474 τοῦ
1516 418 1651 489 βίου,
1675 418 1769 471 καί⁵

1880 418 2122 473 novimus
2150 418 2406 488 mysteria
2430 416 2542 481 Dei,
2580 432 2677 471 nec
2698 415 3032 487 speravimus
3064 430 3288 485 prorsus
3306 431 3427 471 esse

206 513 300 564 οὐκ
328 510 572 581 ἔγνωμεν
629 514 900 583 μυστήρια
949 510 1103 577 Θεοῦ,
1157 512 1276 564 οὑδὲ
1320 510 1507 582 μισθὸν
1547 505 1769 565 εἶναιτὸ

209 602 419 655 σύνολον
443 602 751 673 ⁴ήλπίσαμεν
796 602 1070 674 ὁσιότητος
1092 619 1106 633 ·
1134 604 1227 655 καὶ
1257 602 1345 657 διὰ
1380 602 1536 656 τοῦτο
1566 602 1769 674 τρίϐοις

207 690 426 761 ἀνομίας
456 691 881 763 ἐνεπλήσθημεν.
908 691 1283 762 Διωδεύσαμεν
1314 692 1372 746 δὲ
1397 692 1614 764 τρίϐους
1639 693 1772 747 ἀϐά-

206 798 343 846 τους,
364 781 564 854 δηλαδὴ
586 784 686 853 τῆς
707 781 856 847 θείας
876 784 1178 854 ἐπισκοπῆς
1197 800 1211 813 ’
1242 784 1340 856 τὴν
1359 784 1415 837 δὲ
1429 784 1544 837 ὁδὸν
1563 784 1768 856 Κυρίου

204 875 301 929 οὐκ
326 873 591 944 ἔγνωμεν.
618 874 727 928 Καὶ
758 873 842 938 τίς
876 877 905 928 ὁ
935 874 1159 939 πλοῦτος
1191 874 1251 937 ὃς
1294 874 1430 945 μετὰ
1459 872 1772 939 ἀλαζονείας

208 965 571 1037 συμϐέϐληται
624 968 786 1037 ἡμίν;
818 966 1092 1038 παρῆλθεν
1112 968 1294 1020 ἐκεῖνα
1320 967 1494 1020 πάντα
1538 967 1614 1030 ὡς
1647 968 1774 1023 σκιά

205 1058 296 1110 καὶ
325 1058 401 1121 ὠς
426 1056 655 1127 ἀγγελία
692 1059 1130 1130 παρατρέχουσα,
1171 1058 1264 1111 καὶ
1296 1058 1371 1121 ὡς
1404 1058 1535 1122 ναῦς
1571 1059 1774 1131 διερχο⁴¹

210 1149 338 1221 μένη
395 1150 791 1220 κυμαινόμενον
831 1149 993 1221 ὕδωρ,
1044 1145 1111 1220 ἧς
1164 1149 1447 1220 διαϐἀσης,
1479 1152 1577 1205 οὑκ
1628 1152 1773 1207 ἐστιν

206 1242 346 1311 ἴχνος
377 1243 576 1314 εὑρεῖν,
601 1242 722 1295 οὑδέ
752 1242 996 1313 ἀτραπὸν
1017 1243 1290 1313 τροπαίως
1324 1242 1494 1313 αὐτῆς
1519 1245 1576 1298 ἐν
1598 1244 1775 1316 κύμα-

209 1350 307 1387 σιν,
344 1335 414 1385 Ἦ
447 1334 523 1397 ὡς
546 1334 732 1405 ὀρνέου
757 1334 1077 1397 διαπτὲιντος
1106 1334 1264 1407 ἀέρα,
1286 1334 1439 1388 οὐδὲν
1465 1336 1773 1407 εὑρίσκεται

205 1426 498 1497 τεκμήριον
514 1426 760 1497 πορείας.
788 1425 1074 1498 Παρῆλθεν
1092 1427 1277 1481 ἐκεῖνα
1308 1428 1505 1492 πάντα,
1529 1428 1688 1483 τοῦτο
1715 1430 1775 1483 τὸ

205 1514 314 1587 πῦρ
342 1517 473 1586 ἡμῖν
501 1517 726 1586 ἀφέντα,
757 1515 1119 1588 κληρονομίαν
1149 1518 1230 1581 είς
1258 1518 1465 1582 πάντας
1494 1519 1775 1590 διαμένου-

208 1623 303 1661 σαν
331 1608 554 1674 αίῶνας.
579 1608 771 1663 Δικαία
801 1610 833 1680 ἡ
861 1610 1041 1681 κρίσις
1072 1626 1188 1673 σου,
1216 1610 1244 1662 δ
1269 1609 1399 1673 Θεός
1422 1627 1434 1639 ·
1458 1609 1633 1665 ταῦτα
1667 1611 1776 1683 γὰρ

208 1693 451 1765 λέγοντες
500 1699 753 1752 οὐδέποτε
806 1698 1125 1770 παυσόμεθα
1156 1699 1373 1754 λοιπόν’
1413 1699 1773 1772 ἐκαλούμεθα,

212 1790 296 1843 καὶ
345 1790 445 1859 οὑχ
489 1789 832 1860 ὑπηκούομεν
854 1807 869 1820 ο
905 1790 1350 1862 ἐνουθετούμεθα,
1385 1792 1560 1845 καὶού
1608 1771 1777 1863 προσ-
1807 1771 1848 1826 Β

209 1880 421 1952 έχομεν.
454 1883 589 1953 Περὶ
613 1882 815 1935 τούτων
844 1882 966 1936 καθ’
996 1885 1232 1954 ἑκάστην
1265 1882 1478 1955 ἡμέραν
1503 1884 1777 1941 ἐδιδασκό-

211 1970 346 2041 μεθα
366 1969 477 2024 τῶν
503 1969 709 2036 δεινῶν,
733 1971 828 2024 καὶ
852 1974 1182 2045 κατεφρονοῦ
1190 1991 1289 2046 μεν
1313 1974 1422 2028 τῶν
1436 1974 1740 2046 λεγομένων
1759 1993 1773 2006 ⁸

206 2062 303 2114 οὑκ
333 2061 524 2115 ἐλύπει
563 2064 711 2133 ἡμᾶς
749 2065 871 2117 τότε
919 2063 1021 2118 κᾶν
1055 2065 1250 2137 μικρὸν
1295 2065 1365 2119 τά
1410 2068 1538 2138 περὶ
1574 2067 1777 2124 τούτων

207 2152 452 2223 ῥήματα·
482 2154 603 2206 ἐπεὶ
617 2153 715 2207 οὑκ
746 2152 811 2208 ἂν
847 2155 1089 2228 σφοδρῶς
1122 2156 1293 2222 οὑτως
1320 2156 1507 2211 ἐλύπει
1537 2159 1604 2213 τά
1632 2160 1777 2231 πρά·-

206 2260 390 2314 γματα
408 2262 423 2275 σ
445 2244 611 2318 λῆρος
644 2248 774 2317 ἡμῖν
791 2247 1069 2317 ἐνομίζετο
1095 2249 1163 2303 τά
1183 2249 1277 2303 νῦν
1299 2250 1454 2322 ἡμῶν
1488 2252 1779 2323 συνέχοντα

204 2336 303 2406 τὴν
336 2337 502 2408 ζωήν.
560 2337 731 2391 Τοῦτο
788 2340 1024 2410 συνεχῶς
1062 2334 1334 2412 ἐπᾲδομεν
1355 2359 1369 2372 ·
1390 2344 1453 2395 Ὢ
1482 2343 1580 2415 τῆς
1608 2344 1776 2416 ρᾳθυ-

208 2427 335 2497 μίας
360 2428 373 2479 !
398 2425 446 2479 ὣ
479 2427 579 2496 τῆς
614 2427 861 2500 ἀπάτηςῐ
905 2428 950 2482 ὣ
977 2429 1083 2483 τῶν
1130 2430 1319 2484 κακῶν
1358 2429 1773 2502 βουλευμάτωνί

205 2517 253 2570 ὣ
295 2518 401 2572 τῶν
441 2519 693 2589 πονηρῶν
744 2519 1233 2592 συναλλαγμάτωνί
1270 2520 1316 2576 ὣ
1365 2522 1458 2576 τοῦ
1504 2522 1778 2594 θαύματος

204 2606 303 2676 τῆς
348 2608 444 2660 ἐπὶ
473 2608 681 2673 τούτοις
724 2610 817 2663 τοῦ
856 2610 989 2664 Θεοῦ
1018 2611 1229 2675 δικαίας
1261 2613 1493 2686 κρίσεως
1522 2612 1617 2668 καῖ
1639 2614 1776 2666 ἀπο-

206 2699 422 2769 φάσεως
447 2704 460 2754 l
495 2701 623 2764 Πῶς
654 2702 880 2757 ἑκάστου
902 2703 1012 2757 τῶν
1041 2705 1321 2777 ἡμετέρων
1367 2705 1777 2777 ἁμαρτημάτων

205 2791 379 2856 εἴδους
404 2793 712 2864 πρόσφορον
732 2797 862 2865 ἡμῖν
893 2795 1159 2849 ἀντέδωκε
1185 2796 1440 2866 βάσανονί
1469 2796 1534 2850 δι’
1554 2796 1776 2867 οίκτράν

203 2883 313 2955 γὰρ
346 2885 444 2937 καί
460 2885 803 2940 ἀπόπτυστον
828 2886 1026 2958 σαρκὸς
1048 2886 1260 2959 ἡδονὴν,
1287 2889 1491 2959 ταύτην
1515 2887 1658 2959 ἔχειν
1679 2888 1777 2958 τὴν

152 3023 161 3033 .
210 2975 447 3047 φοϐεράν
463 2976 685 3041 δικαίως
700 2979 1101 3051 κατεκρίθημεν
1123 2981 1346 3048 γέενναν
1364 2998 1377 3010 ·
1400 2982 1491 3035 τὸν
1506 2981 1666 3050 ζόφον
1683 2982 1777 3034 καὶ

208 3067 271 3120 τὸ
296 3068 490 3160 σκότος
507 3068 664 3160 τοῦτο
681 3072 845 3124 οἰκεῖν
869 3071 1287 3160 κατεκρίθημεν.
1320 3071 1532 3143 Ἐπειδὴ
1560 3074 1777 3144 ήγαπή-
1806 3095 1852 3160 C

205 3175 376 3229 σαμεν
401 3158 580 3212 πάντα
603 3159 674 3213 τὰ
701 3159 921 3232 αίσχρά,
951 3162 1047 3215 καὶ
1079 3162 1297 3216 πάντων
1326 3162 1461 3233 ὁμοῦ
1487 3161 1595 3216 τῶν
1623 3161 1781 3216 θείων

202 3247 426 3316 ἀγαθῶν
447 3251 978 3321 καταφρονήσαντες,
1008 3251 1079 3305 τά
1116 3251 1314 3306 ἱππικά
1360 3253 1455 3305 καὶ
1483 3251 1552 3305 τά
1582 3250 1784 3323 θέατρα

204 3341 300 3394 καὶ
316 3342 386 3395 τά
410 3341 709 3412 κυνηγέσια
735 3345 1200 3415 προετιμήσαμεν,
1217 3344 1273 3397 ἐν
1297 3337 1376 3407 οἷς
1388 3342 1652 3416 δαιμόνων
1666 3343 1786 3414 ἐχό-

203 3419 364 3504 ρευον
391 3434 573 3504 δῆμοι,
604 3434 698 3487 καὶ
714 3435 863 3489 πᾶσα
879 3433 1000 3489 θεία
1046 3435 1291 3504 ἀγγέλων
1314 3435 1458 3505 ἀπῆν
1482 3437 1680 3492 σκοπιά
1692 3437 1785 3490 καὶ

203 3525 522 3594 ἐπίγνωσις.
562 3525 729 3578 Ἔνθα
754 3526 814 3579 τὸ
850 3527 946 3597 μὲν
972 3529 1167 3598 σεμνὸν
1196 3528 1293 3599 τῆς
1315 3529 1647 3601 εὐφροσύνης
1662 3528 1785 3582 πολ-

201 3617 314 3681 λοῖς
349 3616 715 3688 καθυϐρίξετο
733 3618 954 3690 τρόποις
974 3637 986 3651 ·
1013 3620 1073 3673 τὸ
1101 3619 1159 3672 δέ
1177 3620 1275 3690 τῆς
1303 3620 1594 3684 ἀκολασίας
1621 3621 1786 3674 κακόν

201 3727 261 3763 τε
278 3711 375 3763 καὶ
397 3708 650 3779 βδελυρὸν
680 3709 1018 3779 ἐσεμνύνετο.
1038 3711 1273 3774 Δικαίως
1301 3709 1396 3764 τοῦ
1444 3710 1618 3779 φωτὸς
1633 3712 1786 3763 ἐστε-

205 3802 269 3872 pi;
280 3800 423 3871 μθα
439 3799 558 3863 νῦν,
575 3802 656 3854 ὅτι
684 3800 822 3872 πρὸς
850 3801 1113 3866 δόξαντοῦ
1138 3800 1499 3873 πεποιηκότος
1523 3800 1656 3854 Θεοῦ
1688 3800 1786 3871 τὴν

204 3891 386 3944 κτίσιν
409 3890 553 3943 κατὰ
591 3889 688 3960 τὴν
733 3891 1234 3963 πρόσκαιρονὴμῶν
1251 3890 1395 3962 ζωὴν
1422 3891 1520 3944 οὑκ
1557 3890 1779 3945 ἐθεασά-

206 3979 365 4051 μεθα·
384 3980 501 4033 ἀλλ’
516 3979 749 4050 ἐμολύνα
756 3998 852 4050 μεν
863 3982 987 4045 τοὺς
1002 3980 1306 4051 ὀφθαλμοὺς
1324 3980 1478 4051 ἡμῶν
1494 3978 1586 4037 καὶ
1596 3979 1662 4033 τά
1677 3972 1790 4032 ὦτα

203 4072 296 4126 καὶ
323 4072 601 4140 γλῶσσαν,
641 4072 837 4143 μᾶλλον
868 4073 925 4126 δὲ
957 4073 1056 4143 τὴν
1083 4075 1203 4127 κατ’
1243 4073 1427 4126 είκόνα
1459 4071 1595 4125 Θεοῦ
1633 4089 1789 4141 γεγε-

203 4163 453 4233 νημένην
477 4160 654 4232 ψυχὴν
676 4164 808 4215 πᾶσι
832 4165 945 4224 τοῖς
958 4162 1035 4234 τῷ
1051 4162 1171 4233 Θεῷ
1190 4180 1346 4233 μισου
1356 4162 1536 4234 μένοις
1558 4162 1791 4233 θεάμασί

200 4270 262 4306 τε
299 4255 398 4306 καὶ
428 4254 742 4324 ἀκροάμασι
778 4255 871 4307 καὶ
901 4255 1238 4326 ῥήμασι,καὶ
1264 4256 1382 4316 ταῖς
1402 4254 1521 4308 κατ’
1549 4253 1791 4325 ἀλλήλων

205 4343 535 4414 βασκανίαις
592 4343 944 4414 ἐφθείραμεν,
976 4346 1056 4407 είς
1092 4343 1149 4396 δὲ
1174 4343 1266 4397 τὸν
1309 4343 1576 4414 τάρταρον
1601 4343 1789 4397 τοῦτον

1870 510 2158 580 quamdam
2194 509 2497 565 sanctitatis
2529 509 2831 564 mercedem
2862 527 2874 562 :
2911 517 3237 579 quapropter
3267 508 3425 562 semi-

1871 601 1942 657 tis
1973 601 2274 671 iniquitatis
2302 601 2492 671 repleti
2526 615 2732 656 sumus.
2756 599 3165 656 Ambulavimus
3193 614 3288 670 per
3312 598 3430 653 vias

1869 695 2203 761 inaccessas,
2234 694 2431 749 divinae
2483 693 2693 750 scilicet
2719 693 3035 760 visitationi,
3064 693 3205 746 viam
3244 702 3429 748 autem

1870 783 2082 841 Domini
2118 784 2506 854 ignoravimus.
2548 783 2745 853 Ecquae
2777 783 2881 837 illa:
2915 783 3113 837 divitiae
3139 797 3275 852 quas
3305 796 3431 835 cum

1871 877 2182 948 arrogantia
2211 875 2718 931 accumulavimus?
2752 874 2876 930 Haec
2904 874 3086 929 omnia
3113 873 3271 945 quasi
3313 888 3434 926 um-
3533 868 3538 873 “

1870 967 1967 1023 bra
1994 965 2260 1023 transiere
2287 975 2341 1022 et
2367 966 2523 1037 quasi
2569 966 2817 1020 nuntium
2850 966 3179 1037 praeteriere,
3222 979 3434 1019 necnon

1873 1059 2031 1128 quasi
2063 1061 2217 1115 navis
2264 1059 2461 1114 undam
2508 1073 2701 1114 secans
2744 1058 3027 1128 agitatam,
3055 1072 3161 1131 qua
3209 1064 3431 1127 praeter-

1872 1165 2082 1222 gressa,
2132 1151 2341 1205 nullum
2380 1160 2658 1221 comparet
2702 1149 3010 1219 vestigium,
3053 1148 3201 1202 nulla
3243 1147 3434 1202 semita

1874 1241 1929 1295 in
1960 1239 2212 1296 [luctibus
2245 1240 2600 1311 conspicitur.
2650 1238 2746 1295 Vel
2791 1241 2932 1294 sicut
2964 1239 3079 1293 avis
3128 1253 3224 1308 per
3256 1252 3436 1293 aerem

1873 1332 2107 1388 volantis
2133 1333 2340 1386 nullum
2369 1332 2583 1387 volatus
2609 1333 2879 1402 reperitur
2904 1332 3141 1400 signum.
3167 1328 3291 1384 llaec
3317 1344 3441 1384 om-

1874 1424 1963 1478 nia
2004 1424 2305 1487 transiere,
2347 1423 2613 1493 nobisque
2659 1438 2760 1492 pro
2808 1423 3122 1478 haereditate
3171 1421 3441 1491 reliquere

1873 1514 2020 1569 hunc
2041 1514 2219 1585 ignem
2240 1528 2335 1584 per
2357 1515 2538 1568 omnia
2565 1515 2761 1569 saecula
2786 1515 3190 1585 perdurantem.
3220 1511 3439 1570 Justum

1874 1616 1957 1661 est
1982 1604 2246 1675 judicium
2291 1615 2464 1671 tuum,
2493 1604 2678 1673 Deus;
2712 1606 2827 1661 haec
2860 1606 3004 1662 enim
3044 1604 3259 1661 dicendi
3292 1621 3438 1659 nun-

1875 1711 2037 1766 quam
2063 1695 2318 1765 deinceps
2352 1695 2512 1751 tinem
2543 1695 2803 1751 faciemus
2841 1714 2856 1751 :
2892 1698 3071 1751 vocati
3095 1712 3307 1761 sumus,
3339 1712 3441 1750 nec

1877 1788 2391 1857 ohtemperavimus,
2444 1788 2634 1842 moniti
2689 1788 2892 1844 fuimus
2943 1802 3044 1844 nec
3091 1789 3439 1845 attendimus.

1877 1876 2216 1934 Docebamur
2262 1878 2502 1949 quotidie
2549 1880 2859 1949 huiusmodi
2906 1879 3021 1936 fore
3068 1895 3358 1946 aerumnas,
3387 1886 3443 1936 et

1878 1968 2023 2025 dicta
2073 1969 2383 2041 huiusmodi
2427 1971 2887 2042 despiciebamus,
2925 1987 3100 2042 neque
3146 1972 3303 2029 nobis
3349 1972 3447 2029 isti

1877 2076 2158 2118 sermones
2186 2064 2271 2117 vel
2304 2062 2588 2117 minimum
2618 2064 2884 2121 molestiae
2931 2063 3263 2132 aii'erebant;
3314 2065 3443 2135 quia

1876 2167 1978 2208 nec
2006 2154 2136 2223 ipsae
2162 2168 2250 2208 res
2279 2153 2439 2208 nobis
2472 2153 2762 2208 admodum
2803 2153 3045 2209 molestae
3069 2161 3226 2209 erant
3249 2173 3264 2209 :
3287 2170 3443 2226 nugae

1875 2241 2200 2298 videbantur
2227 2243 2384 2300 nobis
2428 2259 2549 2300 esse
2589 2259 2710 2313 quae
2739 2234 2855 2313 jam
2889 2254 3131 2302 nostram
3175 2258 3445 2317 occupant

1874 2332 2063 2389 vitam.
2092 2330 2206 2389 Hoc
2235 2333 2483 2390 canimus
2510 2333 2758 2390 assidue:
2788 2332 2833 2389 Ο
2854 2335 3263 2406 negligentiam!
3283 2351 3316 2392 ο
3345 2336 3444 2392 fal-

1875 2424 2100 2479 laciaml
2133 2439 2167 2479 o
2197 2440 2363 2495 prava
2386 2426 2613 2482 consilia
2638 2428 2650 2480 !
2677 2441 2709 2481 o
2730 2441 2926 2497 pravas
2956 2428 3439 2485 commutationes!

1876 2532 1910 2575 0
1945 2519 2267 2575 miraculum
2303 2519 2406 2574 hac
2436 2521 2490 2575 in
2534 2537 2593 2575 re
2617 2520 2751 2590 justi
2788 2519 2882 2574 Dei
2911 2520 3103 2591 judicii
3129 2536 3193 2577 ac
3224 2533 3443 2579 senten-

1877 2613 1998 2667 tiae!
2027 2612 2145 2679 Quo
2172 2622 2332 2684 pacto
2359 2629 2457 2685 pro
2494 2615 2724 2685 singulis
2772 2621 3121 2685 peccatorum
3153 2615 3443 2688 generibus

1876 2721 2176 2777 congruum
2217 2707 2377 2762 nobis
2422 2706 2655 2767 reddidit
2699 2708 3045 2763 cruciatum!
3080 2708 3152 2764 ob
3188 2708 3445 2764 miseram

1875 2805 1931 2857 et
1951 2799 2311 2869 respuendam
2329 2800 2682 2869 voluptatem,
2701 2799 2759 2854 in
2777 2799 2919 2854 hanc
2936 2798 3231 2855 terribilem
3246 2798 3449 2871 gehen-

1875 2905 2005 2944 nam
2034 2890 2230 2946 merito
2256 2891 2499 2945 damnati
2536 2906 2728 2946 sumus
2759 2909 2774 2947 :
2804 2891 2919 2946 haec
2972 2892 3167 2963 caligo,
3194 2892 3275 2948 hac
3298 2902 3451 2949 tene-

1873 2980 1987 3037 brae
2030 2982 2085 3037 in
2116 2980 2453 3038 domicilium
2494 2982 2654 3038 nobis
2687 2982 2960 3052 deputata:
2988 2990 3135 3039 sunt.
3169 2981 3445 3051 Quoniam

1882 3073 2090 3129 scilicet
2111 3072 2349 3129 obscena
2365 3073 2547 3128 omnia
2563 3072 2873 3138 dileximus,
2893 3073 3076 3128 divina
3093 3074 3236 3129 bona
3261 3076 3445 3130 omnia

1882 3164 2086 3236 pariter
2131 3162 2508 3234 despeximus.
2549 3164 2766 3235 illisque
2823 3165 3235 3234 anteposuimus
3282 3180 3449 3236 eque-

1884 3256 2041 3322 stria,
2073 3255 2306 3322 theatra,
2330 3256 2679 3321 venationes,
2718 3256 2918 3328 quibus
2956 3258 3013 3313 in
3038 3257 3203 3314 rebus
3242 3257 3447 3314 daemo-

1884 3363 2014 3403 num
2040 3348 2250 3404 choreae
2268 3348 2650 3414 versabantur,
2668 3348 2960 3420 aberatque
2992 3349 3245 3406 universa
3266 3349 3459 3405 divina:

1884 3440 2198 3511 angelorum
2232 3439 2530 3510 speculatio
2556 3447 2610 3494 et
2647 3441 2907 3510 cognitio.
2939 3438 3053 3496 Illic
3086 3442 3271 3511 probae
3313 3441 3423 3496 laeti

1884 3531 1975 3585 tiae
1996 3530 2231 3601 gravitas
2259 3529 2446 3585 multis
2479 3530 2929 3585 contumeliarum
2973 3529 3149 3585 modis
3179 3528 3449 3586 allicieba-

1886 3630 2007 3691 tur;
2053 3621 2487 3692 intemperantiae
2535 3635 2664 3675 vero
2705 3622 3097 3676 exsecrandum
3143 3622 3346 3676 malum
3391 3623 3453 3677 in

1885 3712 2094 3767 honore
2114 3719 2251 3768 erat.
2273 3710 2403 3767 Iure
2424 3726 2488 3766 ac
2510 3714 2703 3766 merito
2724 3711 2839 3781 jam
2865 3713 2983 3768 luce
3003 3713 3297 3780 privamur,
3322 3714 3448 3782 quia

1889 3810 2165 3860 creaturas
2185 3802 2253 3858 ad
2268 3803 2497 3874 gloriam
2525 3803 2824 3857 conditoris
2849 3800 2944 3858 Dei
2961 3805 3310 3874 contemplati
3338 3820 3445 3860 non

1890 3910 2080 3951 sumus
2106 3894 2162 3948 in
2195 3895 2302 3950 vita
2332 3900 2560 3960 nostra;
2588 3893 2681 3950 scd
2710 3894 3001 3963 polluimus
3023 3895 3231 3960 oculos,
3267 3909 3446 3959 aures,

1888 3995 1943 4041 et
1971 3987 2211 4056 linguam
2247 3991 2514 4046 nostram,
2546 3983 2889 4053 maximeque
2926 3984 3168 4038 omnium
3214 3984 3449 4044 animam

1890 4078 1958 4134 ad
1990 4076 2397 4132 similitudinem
2426 4074 2521 4129 Dei
2552 4073 2749 4128 factam
2773 4074 2938 4128 nullis
2969 4088 3078 4127 non
3105 4073 3214 4129 Deo
3242 4075 3451 4143 perosis

1890 4166 2234 4238 spectaculis,
2260 4164 2591 4229 rumoribus,
2617 4163 3190 4227 sermocinationibus,
3209 4164 3447 4228 invidiis,

1889 4259 2379 4318 obtrectationibus
2412 4257 2676 4313 adversus
2705 4256 2981 4327 proximos
3000 4296 3015 4322 ,
3050 4272 3159 4311 non
3189 4259 3452 4311 contami-

1890 4352 2165 4417 navimus,
2207 4360 2368 4421 atque
2416 4350 2472 4404 in
2502 4350 2647 4405 hunc
2684 4355 2946 4402 tartarum
2971 4347 3200 4415 conjecti
3227 4361 3449 4413 sumus;

202 4434 632 4506 ἀπερρίφημεν,
669 4432 827 4503 πήξει
852 4432 945 4486 καὶ
992 4431 1137 4503 βυθῷ
1168 4433 1288 4485 κατ’
1322 4433 1498 4485 αὐτῶν
1526 4432 1779 4504 τρυχόμε-

1894 4446 1986 4501 ubi
2019 4446 2123 4499 loci
2149 4440 2424 4514 angustiis
2445 4449 2498 4496 et
2521 4440 2622 4494 hac
2652 4437 3021 4509 profunditate
3044 4437 3316 4508 voraginis
3336 4452 3453 4506 gra.

204 4542 284 4578 νοι
316 4525 530 4588 δεινῶς.
568 4524 784 4595 Ἐπειδὴ
811 4524 908 4595 τῆς
943 4524 1042 4594 μὲν
1070 4525 1278 4596 ὑψηλῆς
1302 4525 1398 4578 καὶ
1429 4523 1534 4577 τῶν
1567 4522 1784 4595 ὑψηλῶν

203 4616 300 4668 καὶ
322 4614 486 4668 θείων
517 4613 811 4685 προξενοῦν
856 4613 1349 4686 ταπεινοφροσύνης
1387 4614 1784 4685 προεκρίναμεν

208 4707 311 4777 τὴν
339 4704 739 4776 ὑπερηφανίαν,
768 4705 862 4758 καὶ
907 4704 969 4758 τὸ
1018 4705 1117 4774 τῆς
1148 4703 1352 4776 ἀρετῆς
1383 4701 1566 4756 στενόν
1604 4719 1660 4755 τε
1672 4701 1784 4755 ’καὶ

214 4797 471 4851 σύντονον
520 4795 611 4849 διὰ
642 4795 740 4866 τὴν
767 4796 864 4867 τῆς
905 4795 1105 4866 σαρκὸς
1126 4794 1564 4867 ὑπερϐάλλουσαν
1588 4792 1783 4866 θρύψιν

202 4907 262 4942 τε
290 4889 389 4943 καὶ
417 4887 658 4941 διάθεσιν
684 4885 1069 4956 ἀπεωσάμεθα.

274 4980 331 5037 4.
370 4978 484 5033 Ποῦ
513 4977 609 5033 νῦν
669 4977 824 5048 ἡμῶν
867 4979 1012 5031 ἐστιν
1038 4979 1071 5047 ἡ
1098 4975 1467 5048 ὑπερηφανία,
1500 4977 1596 5032 καὶ
1628 4977 1661 5047 ἡ
1693 4974 1783 5028 διὰ

202 5073 304 5143 τὴν
337 5070 554 5136 ἀλαζὼν
578 5069 715 5141 πρὸς
732 5069 938 5134 πάντας
960 5068 1217 5135 διάθεσις,
1259 5070 1354 5122 καὶ⁹
1384 5070 1418 5140 ἡ
1446 5068 1546 5138 τῆς
1580 5068 1783 5140 σαρκὸς

207 5161 497 5236 βλακώδης
527 5163 621 5217 καὶ
648 5162 957 5231 εὑδιάχυτος
982 5160 1213 5233 θρύψις;
1252 5161 1315 5213 Ὢ
1343 5160 1443 5229 τῆς
1491 5159 1777 5223 ἀϐουλίαςι

205 5257 331 5311 ἀντί
354 5255 591 5325 γέλωτος
615 5253 883 5326 ἀκρατοῦς
910 5253 1006 5306 καὶ
1036 5252 1129 5305 τοῦ
1151 5251 1442 5305 ἀκολάστου
1471 5249 1640 5319 ψόφου
1673 5250 1781 5304 τῶν

207 5347 455 5422 παρειῶν
498 5351 527 5401 ὁ
583 5346 752 5418 βαρὺς
794 5339 947 5409 οὗτος
975 5342 1220 5417 βρυγμὸς
1248 5345 1365 5396 ἐστι
1402 5342 1510 5396 τῶν
1530 5343 1779 5398 ὀδόντων.

206 5443 323 5515 Τὴν
348 5440 460 5493 τῶν
491 5437 649 5491 θείων
672 5438 765 5491 καὶ
792 5437 1070 5507 σωτηρίων
1091 5435 1262 5505 λόγων
1293 5435 1526 5505 ἀσκῆσαι
1549 5432 1783 5504 μάθησιν

208 5534 290 5606 μὴ
320 5530 695 5604 βουληθέντες,
721 5527 856 5582 ἀλλά
890 5526 1059 5598 μέθης
1089 5525 1352 5598 ἀμετρίαν
1381 5526 1481 5595 τῆς
1509 5523 1594 5578 διὰ
1624 5524 1780 5593 λόγου

208 5626 368 5688 θείας
420 5623 853 5695 προτιμήσαντες
878 5620 1154 5682 αἰνέσεως,
1205 5617 1392 5681 δεινῶς
1444 5616 1782 5686 κολαζόμεθα

206 5715 311 5771 νῦν
336 5716 445 5787 τῆς
475 5711 886 5783 γλώσσηςεδίψει
928 5711 1131 5782 φοϐερᾷ
1160 5713 1180 5733 ¹
1202 5709 1472 5780 διακενῆς.
1506 5707 1686 5772 Ἀξιον
1724 5707 1781 5761 δὲ

1885 4539 2028 4596 viter
2050 4534 2338 4605 amigimur
2368 4551 2381 4587 :
2413 4532 2674 4603 quoniam
2708 4530 2829 4585 altae
2861 4529 3176 4594 humilitati,
3204 4544 3328 4599 qua:
3355 4544 3452 4584 ex-

1885 4630 2033 4687 celsa
2059 4638 2112 4684 et
2148 4627 2330 4681 divina
2375 4624 2656 4686 conciliat,
2707 4621 3050 4693 praetulimus
3104 4619 3448 4692 superbiam;

1882 4720 2209 4790 virtutisque
2240 4716 2520 4787 angustias
2550 4721 2605 4770 et
2632 4713 3054 4777 contentionem,
3078 4712 3150 4768 ob
3181 4725 3450 4768 summam

1883 4810 2070 4866 carnis
2089 4808 2371 4864 mollitiem
2401 4806 2842 4877 voluptatemque
2867 4803 3295 4874 repudiavimus.

1952 4966 2007 5022 4.
2039 4963 2143 5020 Ubi
2188 4964 2303 5034 jam
2345 4970 2428 5017 est
2463 4968 2650 5017 nostra
2694 4960 2971 5031 superbia,
3017 4960 3108 5014 ubi
3147 4956 3235 5012 ille
3268 4965 3451 5011 noster

1884 5057 2207 5128 arrogantiae
2235 5069 2361 5125 erga
2384 5068 2575 5109 omnes
2601 5050 2850 5114 allectus,
2876 5052 2969 5104 ubi
2991 5050 3172 5104 carnis
3202 5048 3292 5102 illa
3314 5051 3452 5102 mol—

1883 5151 2024 5206 lities
2065 5146 2286 5204 sordida
2323 5154 2378 5202 et
2409 5144 2625 5200 eil‘usa?
2673 5143 2717 5199 Ο
2769 5141 3314 5198 inconsiderantiam!
3351 5156 3450 5210 pro

1881 5245 2237 5313 intemperato
2264 5239 2381 5293 risu
2402 5245 2456 5293 et
2489 5236 2694 5292 lascivo
2720 5250 2980 5306 genarum
3005 5234 3168 5305 216
3198 5234 3448 5302 strepitu,

1880 5335 2063 5408 gravis
2109 5334 2223 5404 jam
2275 5339 2360 5387 est
2410 5331 2614 5388 stridor
2647 5331 2913 5386 dentium.
2960 5329 3097 5394 Quia
3139 5328 3451 5382 divinorum

1880 5426 2311 5495 salutariumque
2353 5440 2666 5479 sermonum
2709 5422 3052 5490 disciplinam
3114 5420 3448 5489 respuimus,

1882 5521 1978 5579 sed
2008 5519 2420 5575 immoderatam
2455 5517 2773 5572 ebrietatem
2803 5513 3003 5568 divinis
3038 5511 3290 5567 laudibus
3318 5527 3453 5582 prae-

1880 5615 2187 5686 posuimus,
2222 5611 2333 5681 jam
2366 5609 2605 5680 graviter
2643 5607 2976 5670 cruciamur,
3012 5605 3138 5660 dum
3179 5604 3455 5660 horrenda

1884 5707 1974 5763 siti
2004 5706 2187 5776 lingua
2216 5708 2402 5759 nostra
2431 5699 2720 5756 exarescit.
2756 5696 2988 5771 Dignum
3012 5711 3143 5754 sane
3174 5694 3299 5753 odio
3341 5693 3453 5751 ιη,
