3840 6194
429 324 532 383 595

1538 321 1596 377 S.
1638 320 2098 379 ATHANASIUS.
2136 352 2205 363 -—
2244 319 2512 378 SPURIA.

3474 376 3505 405 ,
3562 318 3667 376 596

429 449 607 504 terno,
641 438 865 504 invidia,
907 439 1033 495 dolo
1082 439 1235 503 item,
1267 446 1322 493 et
1353 438 1628 513 hypocrisi
1672 439 1915 512 (quibus
1947 451 1987 495 el

2102 439 2197 493 καὶ
2234 440 2328 492 τοῦ
2388 438 2525 510 πρὸς
2573 438 2699 501 τοὺς
2743 436 3003 508 ἀδελφοὺς
3047 436 3201 509 ἡμῶν
3232 438 3443 508 μίσους,
3470 436 3668 508 φθόνου

430 550 528 605 per
571 548 694 604 quae
726 532 926 589 invidia
955 530 1249 603 exoritur),
1290 533 1640 597 contumelia,
1683 533 1992 601 calumniis,

430 625 760 696 injuriarum
802 625 1083 688 memoria,
1115 625 1421 691 mendacio,
1454 624 1718 695 parjurio,
1757 624 1994 680 fructum

430 717 801 791 decerpimus,
848 716 995 820 huqc
1045 717 1254 772 scilicet
1288 732 1528 775 vermem
1576 717 1670 787 qui
1713 732 1993 788 nunquam

429 808 686 872 moritur,
728 807 1076 883 animamque
1123 814 1370 862 nostram
1417 808 1665 862 corrodit
1706 807 1896 863 intime
1942 815 1997 863 et

428 899 833 955 insatiabiliter.
860 898 1126 965 Quoniam
1154 900 1497 969 corrupimus
1519 898 1804 954 charitatis
1831 900 1995 954 recti-

428 991 695 1057 tudinem,
735 997 1038 1046 tortuosam
1068 998 1122 1046 et
1155 990 1429 1061 obliquam
1471 990 1701 1045 fecimus
1734 990 1903 1055 illam,
1931 1002 1996 1042 ac

429 1098 525 1152 per
544 1082 727 1136 odium
748 1082 905 1137 nobis
932 1089 1125 1152 sponte
1151 1090 1336 1138 nostra
1362 1082 1563 1136 malum
1584 1082 1735 1135 illum
1756 1095 1995 1136 vermem

428 1171 793 1237 condidimus,
827 1186 891 1225 ac
928 1171 1168 1241 pejorem
1207 1172 1608 1227 tortuositatem
1647 1186 1743 1240 per
1780 1170 1998 1225 menda-

428 1262 571 1317 cium
611 1262 770 1321 nobis
809 1260 1119 1327 eﬂodimus,
1152 1263 1223 1317 ob
1251 1277 1413 1331 quam
1448 1262 1556 1317 Deo
1591 1261 1683 1332 qui
1723 1268 1907 1315 rectus
1941 1266 1997 1314 et

426 1353 632 1424 probus
662 1361 747 1415 est
774 1353 1053 1424 conjuncti
1078 1371 1186 1409 non
1233 1370 1443 1409 sumus.
1483 1353 1603 1422 ipse
1652 1367 1886 1422 namque
1919 1352 1997 1406 ait

427 1459 523 1515 per
552 1451 800 1497 sanctum
830 1443 1147 1514 prophetam
1172 1443 1339 1498 David
1366 1462 1377 1497 :
1414 1461 1433 1493 ι
1465 1442 1583 1497 Non
1604 1441 1834 1497 adhaesit
1863 1442 1995 1495 mihi

426 1543 522 1582 cor
554 1536 861 1585 tortuosum
893 1531 960 1583 ⁷⁷.
990 1550 1008 1581 ι
1046 1529 1216 1601 Digna
1246 1532 1430 1601 itaque
1478 1530 1638 1586 factis
1676 1532 1991 1601 recipimus,

426 1622 717 1693 potiusque
753 1622 917 1694 digna
944 1623 1158 1679 consilii
1206 1631 1259 1677 et
1305 1621 1534 1678 aﬂ’ectus
1564 1624 1739 1677 nostri
1776 1622 1996 1693 prmmia

427 1709 738 1768 referimus.
783 1711 892 1767 Pro
931 1714 1226 1782 voluptatis
1270 1712 1420 1781 igne,
1472 1714 1652 1782 ignem
1695 1713 1991 1782 gehennae;

2097 546 2155 584 τε
2228 530 2323 585 καὶ⁵
2372 531 2544 595 δόλου,
2580 529 2674 583 καλ⁸
2718 529 3057 601 ὑποκρίσεως
3098 528 3180 600 (ἐξ
3221 523 3294 582 ὧν
3325 530 3418 582 καὶ
3442 528 3511 582 δι’
3534 521 3611 583 ὧν
3638 531 3668 583 ὁ

2095 620 2329 690 φθόνος),
2358 620 2623 690 λοιδορίας
2653 635 2711 672 τε
2738 621 2831 673 καὶ
2873 618 3250 687 συκοφαντίας,
3280 619 3373 671 καὶ
3401 635 3669 689 μνησικα-

2094 711 2241 778 κίας,
2274 712 2369 766 καὶ
2394 711 2642 781 ψεύδους,
2668 711 2762 766 καὶ
2798 710 3081 782 ἐπιορκίας
3111 708 3417 782 δρεπόμεθα
3432 709 3665 781 καρπὸν,

2094 805 2283 858 τοῦτον
2315 804 2406 858 τὸν
2443 804 2743 876 ἀκοίμητον
2777 802 3032 875 σκώληκα
3078 803 3139 856 τὸ
3181 803 3343 874 βάθος
3370 802 3528 874 ἡμῶν
3564 802 3670 873 τῆς

2092 895 2269 967 ψυχῆς
2312 895 2622 967 ἀκορέστως
2663 896 2928 952 ἐσθίοντα.
2974 895 3191 966 Ἐπειδὴ
3232 896 3331 966 τῆς
3361 895 3584 966 ἀγάπης
3609 894 3671 949 τὸ

2093 988 2268 1054 εὺθὲς,
2302 988 2713 1060 διαφθείραντες
2760 989 2950 1059 αὐτὴν,
2986 987 3456 1059 ὲσκαμϐώσαμεν,
3500 987 3670 1041 κακὸν

2091 1079 2180 1133 διὰ
2242 1080 2431 1150 μίσους
2483 1081 2667 1144 αὐτοῖς
2699 1080 2942 1135 ἑκούσιον
2974 1081 3475 1152 δημιουργήσαντες
3521 1078 3669 1135 σκώ-

2092 1172 2253 1245 ληκα,
2277 1174 2373 1226 καὶ
2399 1175 2767 1246 πονηροτέραν
2801 1174 3152 1245 σκαμϐότητα
3180 1174 3268 1228 διὰ
3292 1175 3518 1244 ψεύδους
3535 1174 3666 1246 ὀρύ-

2094 1264 2304 1331 ξαντες,
2339 1264 2405 1317 δι’
2435 1265 2501 1335 ἢν
2533 1264 2610 1335 τῷ
2659 1264 2777 1336 Θεῷ
2811 1265 2888 1337 τῷ
2924 1264 3074 1318 εὐθεῖ
3104 1266 3197 1319 καὶ
3230 1264 3373 1336 ὀρθῷ
3401 1267 3501 1336 οὐχ
3521 1265 3660 1335 ήνώ·

2094 1356 2286 1427 θημεν.
2317 1356 2490 1419 Αὐτὸς
2520 1356 2629 1426 γὰρ
2658 1352 2779 1408 εἷπε
2808 1355 2895 1409 διὰ
2909 1355 3001 1409 τοῦ
3026 1356 3181 1423 ἁγίου
3212 1355 3374 1408 Δαϐὶδ
3405 1355 3498 1408 τοῦ
3530 1372 3662 1426 προ-

2094 1448 2261 1517 φήτου
2282 1462 2295 1475 ⁵
2339 1464 2358 1497 ι
2398 1446 2511 1499 Οὐκ
2542 1445 2806 1517 ἐκολλήθη
2844 1464 2934 1518 μοι
2965 1445 3160 1517 καρδία
3190 1445 3427 1517 σκαμϐή.
3463 1463 3482 1496 ι
3505 1444 3671 1508 ’Δξια

2091 1536 2376 1608 τοιγαροῦν
2401 1531 2475 1591 ὧν
2512 1537 2830 1609 ἐπράξαμεν
2869 1536 3350 1607 ἀπολαμϐάνομεν
3391 1536 3670 1607 μᾶλλονδὲ

2092 1631 2189 1700 τῆς
2216 1628 2421 1693 οἰκείας
2442 1630 2582 1684 κατά
2600 1629 2853 1702 πρόθεσιν
2881 1629 3168 1691 διαθέσεως
3182 1627 3305 1692 ἄξια
3332 1626 3670 1698 κομιζόμεθα

2092 1720 2161 1773 τὰ
2192 1720 2445 1792 ἐπίχειρα
2468 1738 2480 1750 ο
2508 1721 2680 1792 πυρὸς
2708 1721 2898 1793 ἡδονῆς
2923 1720 3033 1792 πῦρ
3048 1720 3291 1791 γεέννης,
3319 1719 3412 1772 καὶ
3444 1719 3669 1781 σκότους

425 1818 524 1873 pro
553 1805 792 1861 tenebris
845 1805 1166 1876 ignorantia:
1210 1814 1264 1860 et
1325 1805 1554 1860 fallacia:
1607 1812 1986 1874 temporaneaa,

2091 1812 2311 1880 ἀγνοίας
2344 1814 2438 1866 καὶ
2471 1813 2686 1884 ἀπάτης
2725 1812 3059 1885 προσκαίρου
3095 1811 3283 1875 σκότος
3322 1810 3537 1864 αἰώνιον
3570 1810 3668 1863 καὶ

423 1896 677 1951 tenebras
698 1905 949 1962 aeternas,
977 1906 1031 1953 et
1064 1912 1302 1952 vermem
1325 1897 1556 1951 ultorem
1589 1897 1681 1967 qui
1709 1911 1986 1967 nunquam

423 1987 692 2056 moritur;
727 2004 827 2058 pro
850 2004 1034 2044 verme
1068 1990 1161 2043 illo
1192 1990 1283 2059 qui
1317 2004 1412 2059 per
1447 1988 1631 2042 odium
1678 1994 1733 2041 et
1768 1988 1992 2043 menda-

423 2080 590 2147 cium,
632 2096 730 2137 cor
759 2080 1039 2152 obliquum
1072 2090 1126 2136 et
1162 2089 1466 2137 tortuosum
1497 2080 1751 2146 reddidit,
1795 2087 1849 2134 et
1890 2094 1991 2150 pro

421 2160 691 2240 genarum'
728 2171 933 2226 lascivo
970 2172 1236 2243 strepitu,‘
1263 2172 1478 2226 ardoris
1515 2171 1666 2227 illius
1703 2171 1989 2241 strepitum

423 2263 823 2335 stridoremque
852 2265 1097 2321 dentium
1128 2285 1141 2320 :
1176 2280 1275 2337 pro
1304 2264 1539 2320 elatione
1575 2264 1754 2319 inanis
1800 2279 1990 2334 super-

420 2351 541 2417 biae,
576 2359 632 2407 et
664 2368 762 2423 pro
790 2353 1055 2411 etl‘usione
1076 2354 1186 2421 illa,
1214 2355 1638 2425 absorptionem,
1668 2355 1990 2411 immensam

420 2444 735 2515 voraginem
764 2453 819 2501 et
842 2448 948 2502 loci
978 2449 1279 2519 angustias.
1308 2447 1570 2519 Denique,
1596 2456 1655 2502 ut
1686 2462 1796 2505 uno
1824 2448 1990 2503 verbo

419 2535 618 2601 dicam,
639 2552 739 2606 pro
755 2537 985 2609 singulis
1006 2546 1200 2609 sponte
1216 2538 1472 2594 admissis
1494 2538 1989 2609 malis,congruum

420 2626 543 2682 licet
566 2628 732 2683 invite
757 2630 1084 2700 supplicium
1110 2631 1308 2686 merito
1338 2631 1562 2685 luimus.

487 2717 539 2772 5.
572 2715 618 2772 Ο
647 2718 923 2775 miseriam
946 2721 1223 2776 nostram!
1253 2721 1356 2775 heu
1388 2721 1575 2775 miseri
1607 2734 1728 2787 nos,
1755 2720 1847 2791 qui
1867 2734 1991 2775 car-

416 2806 505 2861 nis
549 2808 731 2880 ignem
770 2826 879 2866 non
917 2811 1316 2881 exstinguimus
1346 2810 1575 2880 jejunio,
1599 2811 1812 2882 vigiliis,
1852 2811 1990 2866 divi-

415 2914 611 2954 norum
650 2902 993 2972 eloquiorum
1036 2902 1390 2959 meditatione
1430 2921 1442 2956 :
1489 2904 1689 2974 quibus
1736 2902 1905 2973 probe
1935 2910 1989 2958 et

2092 1903 2346 1977 σκώληκα
2365 1905 2682 1960 κολαστικόν
2706 1922 2766 1957 τε
2787 1904 2881 1959 καὶ
2898 1904 3193 1976 ἀκοίμητον
3212 1920 3226 1934 °
3260 1901 3536 1972 σκώληκος
3565 1899 3665 1953 τοῦ

2086 1997 2174 2050 διὰ
2203 1998 2392 2069 μίσους
2417 1999 2513 2052 καὶ
2536 1998 2762 2069 ψεύδους
2793 1998 2890 2069 τὴν
2911 1997 3136 2068 καρδίαν
3165 1995 3553 2056 σκολιώσαντος
3569 1993 3669 2045 καὶ

2090 2088 2539 2160 σκαμϐώσαντος,
2560 2089 2656 2143 καὶ
2694 2089 2899 2159 ψόφους
2935 2087 3071 2160 (87‘)
3100 2084 3340 2158 παρειῶν
3378 2082 3666 2150 ἀσελγοῦς,

2088 2180 2401 2252 βράσματος
2440 2180 2612 2250 ψόφον
2662 2180 2755 2233 καὶ
2785 2179 3011 2233 ὀδόντων
3054 2178 3329 2249 βρυγμόν⁸
3367 2177 3461 2230 καὶ
3496 2175 3668 2243 ὕψους

2087 2269 2464 2341 ὑπερηφανίας
2495 2268 2729 2340 ματαίας
2750 2268 2843 2321 καὶ
2866 2266 3163 2338 διαχύσεως
3196 2267 3352 2319 πόσιν
3377 2265 3472 2318 καὶ
3499 2264 3668 2335 βάθος

2089 2362 2287 2432 ἀχανὲς
2306 2362 2400 2414 καὶ
2425 2360 2714 2431 στενότητα
2747 2359 2979 2432 πήξεως,
2998 2359 3092 2413 καλ⁸
3106 2357 3289 2421 ἁπλῶς
3318 2358 3512 2418 εἰπεῖν,
3532 2354 3666 2408 ἐκά-

2088 2466 2211 2503 στου
2240 2449 2347 2503 τῶν
2371 2449 2632 2503 ἑκουσίων
2658 2452 2689 2522 ἡ
2699 2449 2814 2521 μῶν
2852 2449 3036 2503 κακῶν
3057 2448 3153 2521 τὴν
3166 2447 3395 2502 ἑκάστου
3425 2462 3668 2516 προσφοο

2088 2542 2189 2615 ράν
2209 2542 2301 2596 καί⁹
2332 2541 2586 2607 ἀκούσιον
2613 2540 2882 2612 τιμωρίαν
2909 2539 3134 2603 δικαίως
3163 2537 3664 2608 ἀντιλαμϐάνομεν.

2155 2719 2208 2773 5.
2246 2719 2309 2772 Ὢ
2334 2718 2435 2789 τῆς
2462 2718 2824 2789 ὲλεεινότητος
2860 2717 3041 2791 ἡμῶνί
3080 2719 3228 2789 ἡμᾶς
3253 2719 3381 2782 τοὺς
3421 2717 3664 2781 ἀθλίους,

2088 2811 2162 2883 μὴ
2198 2811 2535 2866 κατασϐέσαι
2564 2812 2626 2863 τὸ
2657 2810 2769 2881 πῦρ
2794 2810 2897 2880 τῆς
2930 2810 3130 2880 σαρκὸς
3166 2810 3256 2863 διὰ
3287 2810 3540 2879 νηστείας
3569 2810 3667 2863 καὶ

2084 2903 2389 2973 ἀγρυπνίας
2411 2903 2506 2956 καὶ
2532 2902 2632 2973 τῆς
2659 2901 2769 2955 τῶν
2801 2901 2959 2954 θείων
2989 2900 3182 2970 λογίων
3200 2901 3447 2972 μελέτης,
3480 2901 3668 2955 καλῶν

416 2990 674 3050 facillime
705 2994 1064 3065 restinguitur
1093 2995 1256 3067 ignis,
1287 3002 1346 3049 ut
1372 3009 1440 3049 ne
1468 2995 1572 3050 hoc
1598 2996 1711 3065 jam
1734 2995 1858 3066 igne
1880 3002 1987 3049 tor-

2091 2992 2252 3049 5vrwv
2283 2994 2376 3048 καὶ
2421 2993 2678 3066 εὐμαρῶν
2707 2992 2801 3046 τοῦ
2852 2993 3023 3063 πυρὸς
3060 2993 3414 3065 σϐεστηρίων,
3443 2994 3538 3046 καὶ
3590 2992 3667 3064 μὴ
3718 3010 3727 3017 ·

415 3101 684 3143 reremus.
710 3086 851 3154 Quid
870 3088 1013 3159 quod
1038 3102 1147 3142 non
1176 3088 1518 3143 assuevimus
1543 3089 1742 3154 videre,
1772 3087 1981 3156 audire,

2083 3083 2257 3155 τούτῳ
2285 3084 2381 3138 νῦν
2404 3083 2481 3155 τῷ
2511 3083 2644 3155 πυρὶ
2677 3083 3081 3155 τηγανίςεσθαι.
3122 3084 3188 3137 Τί
3212 3086 3287 3155 μὴ
3330 3084 3472 3137 κατά
3503 3084 3668 3153 φύσιν

415 3178 566 3250 loqui
603 3179 902 3235 secundum
946 3185 1237 3245 naturam;
1279 3193 1347 3232 ne
1377 3177 1489 3247 jam
1538 3178 1597 3233 in
1623 3178 1726 3233 hac
1756 3178 1986 3249 caligine

2091 3177 2217 3247 δρᾷν
2239 3192 2298 3229 τε
2330 3175 2424 3229 καὶ
2453 3174 2671 3229 ἀκούειν
2706 3175 2800 3228 καὶ
2821 3175 3001 3229 λαλεῖν
3041 3175 3139 3245 τὴν
3176 3174 3425 3243 γλῶτταν
3452 3174 3665 3228 είθίσαο

415 3270 793 3339 altissimoque
818 3269 1036 3325 silentio
1066 3268 1424 3339 degeremus;
1478 3269 1573 3323 sed
1622 3270 1764 3333 luce,
1819 3270 1984 3325 verbo

413 3369 470 3416 et
498 3361 764 3430 sapientia
792 3359 907 3425 Dei,
939 3375 1062 3414 cum
1089 3361 1298 3419 sanctis
1327 3375 1429 3416 nos
1456 3360 1618 3416 etiam
1657 3361 1980 3429 frueremur,

417 3451 662 3506 divinam
695 3450 926 3521 gloriam
961 3454 1414 3523 contemplantes,
1445 3452 1748 3521 audientes,
1784 3468 1986 3507 canen-

415 3541 534 3597 tes?
567 3545 673 3596 Aut
697 3541 824 3612 quid
855 3549 939 3597 est
961 3542 1108 3612 quod
1141 3530 1252 3599 odii
1281 3545 1566 3616 spontanei
1594 3559 1832 3601 vermem
1854 3545 1985 3598 cha-

416 3635 577 3688 ritate
605 3648 715 3687 non
743 3635 1114 3702 enecavimus,
1167 3636 1299 3705 quid
1343 3651 1452 3691 non
1478 3637 1710 3701 veritate
1761 3634 1986 3688 menda-

415 3727 559 3780 cium
583 3726 915 3781 delevimus?
935 3726 1048 3796 jam
1074 3737 1224 3783 certe
1246 3729 1349 3783 hoc
1384 3728 1593 3783 ardenti
1618 3743 1801 3783 verme
1832 3727 1985 3781 liberi

413 3833 695 3882 essemus,
752 3835 965 3875 necnon
1007 3820 1231 3890 reliquis
1267 3836 1386 3889 qua:
1424 3819 1700 3875 miseriam
1740 3826 1985 3874 nostram

415 3908 679 3963 distinent
708 3911 891 3965 vitam.
936 3910 1151 3967 Justum
1191 3917 1274 3966 est
1308 3910 1399 3966 Dei
1439 3910 1729 3980 judicium.
1764 3908 1984 3980 Nequa-

413 4016 578 4070 quam
620 4001 931 4057 invenlmus
978 4003 1122 4073 quod
1177 4002 1546 4073 quaesivimus,
1594 4017 1698 4056 nec
1746 4003 1987 4072 aperitur

413 4091 574 4158 nobis
599 4093 765 4161 janua
810 4095 961 4164 regni
1013 4096 1299 4149 caelorum.
1336 4092 1474 4160 Quia
1519 4094 1663 4148 enim
1717 4094 1984 4147 bonorum

409 4181 633 4248 januam
690 4182 849 4238 factis
897 4187 1099 4239 nostris
1152 4199 1263 4238 non
1310 4183 1664 4254 pulsavimus,
1717 4182 1985 4237 bonorum

412 4280 744 4333 aeternorum
804 4292 913 4332 non
979 4278 1278 4347 accipimus
1357 4276 1785 4346 possessionem.
1845 4274 1985 4340 Quia

415 4366 657 4429 scientiae
681 4371 908 4438 gratiam
937 4369 1189 4436 precibus
1224 4382 1331 4421 non
1362 4367 1757 4437 postulavimus
1816 4365 1835 4435 (
1860 4365 1985 4419 nul-

415 4456 502 4510 lus
534 4458 733 4526 quippe
764 4459 923 4523 nobis
957 4458 1057 4512 fuit
1093 4458 1397 4511 divinorum
1447 4472 1628 4523 amor;
1675 4456 1768 4511 sed
1804 4462 1983 4510 mente

414 4554 602 4601 nostra
639 4533 873 4604 terrenis
905 4549 1138 4615 irretita,
1180 4557 1347 4603 totam
1380 4548 1544 4601 vitam
1587 4555 1829 4602 nostram
1857 4561 1982 4600 cor-

413 4622 732 4715 rupimus),
769 4641 861 4695 illa
889 4641 1109 4711 quidem
1146 4641 1329 4695 omnia
1360 4641 1717 4707 transierunt,
1751 4639 1978 4693 verbum

413 4738 595 4787 autem
631 4731 856 4794 ultionis
905 4732 1167 4787 horumce
1196 4733 1462 4789 scelerum
1506 4737 1689 4788 manet
1727 4732 1781 4786 in
1832 4739 1983 4786 azter-
2014 4788 2018 4793 ,

413 4837 568 4888 num,
595 4837 697 4877 nec
729 4838 970 4893 unquam
1001 4824 1313 4893 praeteribit.

412 5083 419 5090 ι
482 5012 537 5067 6.
567 5010 693 5067 Haec
729 5011 807 5066 illi
839 5027 962 5066 cum
995 5028 1063 5067 ex
1102 5013 1259 5069 malis
1297 5012 1414 5067 suis
1479 5011 1637 5081 quasi
1684 5010 1979 5080 exemplari

412 5104 648 5174 quodam
703 5103 1046 5168 edidicerint,
1098 5119 1219 5173 quae
1265 5104 1337 5159 sit
1380 5102 1576 5157 divina:
1615 5102 1843 5171 justitia:
1875 5102 1976 5166 vis,

412 5195 740 5269 pmnitentes
770 5201 960 5253 mutuo
997 5195 1397 5265 colloquentur.
1428 5193 1540 5262 Ego
1568 5208 1696 5248 vero
1721 5193 1814 5262 qui
1857 5208 1980 5248 sum

411 5286 598 5353 miser,
629 5285 828 5358 quibus
858 5287 1025 5345 tuitus
1058 5287 1317 5358 operibus
1355 5286 1586 5358 sperabo
1614 5284 1683 5339 ab
1711 5284 1981 5348 horrenda

413 5375 550 5444 eripi
587 5376 974 5432 damnatione?
1011 5375 1149 5431 Cum
1178 5390 1386 5430 vacuus
1423 5375 1524 5431 sim
1570 5373 1719 5427 omni
1757 5374 1976 5435 virtute,

414 5467 563 5531 omni
596 5468 843 5535 scientia,
871 5470 1036 5533 timeo
1066 5485 1134 5524 ne
1155 5469 1336 5540 ligatis
1370 5468 1622 5523 manibus
1645 5466 1981 5537 pedibusque

418 5556 674 5635 projiciar
705 5559 762 5613 in
793 5568 992 5623 terram
1025 5561 1365 5618 tenebrosam
1396 5568 1449 5615 et
1483 5558 1858 5629 caliginosam,
1924 5556 1979 5626 in

430 5702 451 5723 πη
487 5666 534 5698 ⁷⁷
570 5664 715 5722 Psal.
747 5684 809 5732 ο,
841 5670 892 5728 4,

489 5744 622 5837 (87η
653 5758 855 5841 Ψύφον.

2088 3286 2205 3340 μεν,
2258 3269 2346 3322 ἴνα
2400 3268 2474 3339 μὴ
2528 3265 2717 3321 τοῦτον
2755 3267 2967 3339 ἔχωμεν
3005 3266 3099 3322 νῦν
3129 3269 3217 3321 τὸν
3246 3266 3407 3338 ζόφον
3436 3268 3531 3321 καὶ
3564 3267 3668 3339 τὴν

2085 3357 2391 3429 βαρυτάτην
2429 3358 2611 3430 σιγὴν,
2635 3357 2770 3433 ἀλλὰ
2806 3357 2899 3439 καί
2929 3359 3093 3427 ἡμεῖς
3118 3356 3211 3410 τοῦ
3244 3357 3420 3425 φωτὸς
3451 3357 3545 3410 καὶ
3566 3356 3665 3409 τοῦ

2083 3456 2239 3527 λόγου
2291 3456 2387 3510 καὶ
2445 3455 2545 3526 τῆς
2595 3455 2787 3524 σοφίας
2843 3452 2938 3507 τοῦ
2973 3452 3107 3506 Θεοῦ
3140 3451 3277 3524 μετά
3322 3452 3430 3506 τῶν
3489 3452 3667 3520 ἀγίων

2083 3549 2468 3621 ἀπολαύωμεν,
2501 3549 2577 3613 ὡς
2612 3548 2712 3618 τῆς
2754 3547 2903 3610 θείας
2952 3547 3230 3617 γενόμενοι
3278 3546 3436 3616 δόξης
3471 3545 3667 3612 θεαταὶ

2084 3642 2177 3694 καὶ
2200 3640 2461 3694 ἀκουσταὶ
2476 3639 2571 3693 καὶ
2595 3638 2828 3710 ὑμνῳδοί
2848 3638 2942 3705 ;Ἦ
2963 3639 3030 3692 δι’
3058 3637 3279 3708 ἀγάπης
3304 3637 3395 3690 τὸν
3412 3635 3667 3690 ἑκούσιον

2083 3730 2177 3783 τοῦ
2209 3732 2396 3801 μίσους
2416 3726 2799 3800 ὲνεκρώσαμεν
2854 3728 3129 3799 σκώληκα,
3161 3727 3257 3780 καὶ
3301 3726 3370 3780 δι’
3404 3725 3667 3796 ἀληθείας

2084 3823 2144 3875 τὸ
2172 3821 2365 3892 ψεῦδος
2394 3821 2773 3892 ἡφανίσαμεν;
2811 3819 2904 3874 νῦν
2935 3820 3000 3873 ἂν
3032 3819 3219 3872 τούτου
3238 3817 3333 3871 τοῦ
3362 3817 3663 3870 καυστικοῦ

2084 3912 2503 3984 καθεστήκαμεν
2538 3909 2809 3981 ἐλεύθεροι
2847 3908 3145 3978 σκώληκος,
3180 3907 3275 3960 καὶ
3304 3906 3413 3960 τῶν
3458 3906 3667 3960 λοιπῶν

2084 4003 2177 4057 νῦν
2210 4003 2310 4055 ὅσα
2340 4002 2436 4073 τὴν
2471 4001 2627 4073 ἡμῶν
2664 4001 2874 4071 συνέχει
2922 3998 3233 4069 δεινοτάτην
3263 3997 3429 4070 ζωήν.
3465 3998 3664 4051 Δικαία

2086 4096 2118 4167 ἡ
2152 4094 2333 4166 κρίσις
2354 4092 2445 4146 τοῦ
2462 4091 2619 4147 Θεοῦ.
2646 4092 2756 4161 Οὐχ
2784 4089 3105 4162 εὑρίσκομεν
3120 4091 3258 4160 ὅπερ
3291 4087 3660 4159 ἐζητήσαμεν,

2084 4184 2185 4236 οὐκ
2209 4183 2481 4250 ἀνοίγεται
2507 4182 2639 4251 ἡμῖν
2669 4179 2806 4251 θύρα
2836 4180 2933 4249 τῆς
2958 4179 3231 4249 βασιλείας
3254 4178 3365 4231 τῶν
3391 4177 3660 4250 οὐρανῶν.
3727 4207 3732 4210 -

2098 4273 2314 4344 Ἐπειδὴ
2347 4273 2454 4342 γάρ
2473 4273 2571 4344 τὴν
2596 4271 2766 4353 θύραν
2788 4270 2895 4323 τῶν
2915 4270 3133 4338 ἀγαθῶν
3159 4269 3246 4323 διὰ
3280 4267 3531 4340 πράξεως
3560 4270 3666 4323 οὐκ

2084 4365 2443 4437 ὲκρούσαμεν,
2500 4366 2561 4417 οὑ
2618 4363 2966 4434 λαμϐάνομεν
3015 4362 3123 4414 τῶν
3158 4361 3390 4415 αἰωνίων
3437 4361 3665 4430 ἀγαθῶν

2084 4456 2182 4528 τὴν
2214 4455 2510 4509 ἀπόλαυσιν
2536 4472 2549 4484 ·
2583 4455 2768 4525 ἐπειδὴ
2798 4453 3047 4525 διέὐχῆς
3076 4454 3176 4525 τὴν
3203 4453 3362 4524 χάριν
3393 4454 3494 4524 τῆς
3514 4453 3665 4522 γνώ-

2090 4566 2227 4611 σεως
2255 4548 2353 4600 οὐκ
2379 4549 2689 4623 ᾑτήσαμενο
2732 4545 2941 4615 (οὐδένα
2978 4546 3087 4617 γὰρ
3117 4545 3225 4598 τῶν
3258 4545 3417 4598 θείων
3439 4545 3667 4616 εἴχομεν

2088 4638 2288 4710 ἔρωτα,
2334 4636 2489 4702 ἀλλά,
2537 4640 2651 4700 τοῖς
2692 4637 2900 4706 γηῖνοις
2931 4636 3021 4701 τὸν
3050 4636 3172 4690 νοῦν
3232 4637 3664 4707 καταδήσαντες,

2087 4705 2267 4783 πᾶσαν
2326 4730 2508 4793 αὐτοῖς
2552 4731 2682 4800 ἡμῖν
2707 4705 2822 4799 τὴν
2856 4727 2997 4800 ζωὴν
3028 4705 3458 4800 συνεφθείραμεν
3554 4730 3666 4782 κά-

2086 4823 2239 4873 κεῖνα
2261 4819 2356 4890 μὲν
2372 4818 2548 4870 πάντα
2565 4810 2770 4870 καπνοῦ
2792 4817 2947 4887 δίκην
2976 4815 3338 4885 ἀφανισθέντα
3355 4816 3661 4888 παρῆλθεν

296 4936 301 4941 '
410 4921 441 4976 ὁ
500 4919 558 4973 δὲ
597 4917 699 4989 τῆς
746 4918 832 4973 ἐπ’
865 4919 1047 4982 αὐτοῖς
1080 4918 1235 4990 δίκης
1273 4919 1429 4987 λόγος
1466 4918 1612 4989 μένει
1657 4916 1745 4970 διά
1777 4918 1977 4981 παντὸς
2011 4915 2393 4988 ἁπαρόδευτος.

2158 5008 2210 5062 6.
2239 5008 2350 5060 Καὶ
2380 5006 2549 5078 ταῦτα
2571 5006 2667 5078 μὲν
2679 5007 2873 5060 ἐκεῖνοι
2896 5005 2995 5076 τῆς
3017 5005 3166 5069 θείας
3183 5005 3529 5076 δικαιοσύνης
3563 5024 3668 5075 με..

2086 5100 2537 5173 ταμανθάνοντες,
2609 5098 2668 5165 ἐξ
2716 5093 2792 5152 ὧν
2837 5099 3100 5169 πάσχουσι
3136 5098 3233 5172 τὴν
3271 5098 3535 5170 δύναμιν,
3584 5100 3667 5165 ὡς

2086 5193 2244 5263 τύπῳ
2303 5191 2629 5264 περιλαϐεῖν,
2693 5190 2939 5263 ἀλλήλοις
2991 5190 3453 5261 διαλεχθήσονται.
3514 5190 3667 5261 Ἐγὼ

2086 5285 2143 5338 δὲ
2168 5284 2251 5347 τίς
2282 5283 2567 5353 γενόμενος
2598 5281 2783 5346 τάλας,
2827 5266 2968 5334 τίσιν
3005 5280 3342 5350 ἐρειδόμενος
3391 5279 3666 5352 πράξεσιν

2086 5376 2290 5429 ἐλπίσω
2321 5374 2420 5444 τῆς
2448 5373 2684 5446 φοϐερᾶς
2714 5372 3055 5449 ἐξαιρεθῆναι
3101 5373 3516 5444 κατακρίσεως;
3546 5375 3669 5429 Πά-

2089 5486 2187 5538 σης
2227 5468 2424 5539 ἀρετῆς
2480 5467 2572 5521 καὶ
2627 5466 2799 5537 πάσης
2848 5465 3096 5534 γνώσεως
3139 5465 3398 5537 ὕπάρχων
3428 5466 3664 5538 ἔρημος,

2090 5562 2295 5627 δέδοικα
2320 5560 2393 5632 μὴ
2419 5560 2588 5622 δεθεὶς
2619 5560 2805 5629 χεῖρας
2838 5558 2930 5610 καὶ
2948 5557 3112 5628 πόδας
3136 5557 3278 5630 ῥιφῶ
3303 5559 3382 5621 εἰς
3400 5556 3507 5635 γῆν
3536 5575 3671 5612 σκο-
