3840 6194
196 167 305 230 597

1193 176 1654 245 QUIESTIONES
1692 179 1784 233 AD
1823 176 2234 235 ANTIOCHUM
2272 176 2529 235 DUCEM.

3347 180 3454 239 598

198 290 378 361 τεινὴν
430 291 527 345 καὶ
559 292 847 363 γνοφεράν,
881 295 960 356 εἰς
999 295 1103 365 γῆν
1135 294 1358 358 σκότους
1387 295 1628 359 αἰωνίου,
1656 293 1783 349 ἔνθα

1891 301 2079 350 terram
2112 295 2462 350 tenebrarum
2509 300 2857 359 teternarum,
2892 294 2985 349 ubi
3038 310 3215 365 neque
3274 296 3483 352 lueem'

196 388 299 439 οὐκ
328 383 449 437 ἐστι
479 384 680 453 φέγγος
711 385 833 438 οὐδὲ
876 388 1009 458 όρᾷν
1054 386 1198 459 ζωὴν
1237 386 1463 458 βροτῶν,
1497 387 1572 452 ὡς
1616 388 1782 459 δήσας

195 481 309 541 τοῖς
356 474 592 529 πάθεσιν
638 477 898 541 ἑκουσίως
952 477 1052 541 τὰς
1101 477 1412 549 πρακτικὰς
1461 478 1558 548 τῆς
1607 477 1784 549 ψυχῆς

198 568 422 639 ἀρετὰς,
482 571 577 623 καὶ
626 570 736 622 ἀπὸ
772 570 865 623 τοῦ
912 570 1056 624 θείου
1103 570 1307 643 δρόμου
1340 570 1439 641 τῆς
1486 570 1783 640 ἀγγελικῆς

200 658 502 723 πολιτείας.
532 660 783 724 κωλύσας
802 660 1007 731 ταύτης
1020 661 1089 715 τὰ
1121 660 1455 731 διαϐήματα.
1490 659 1780 732 Ἰλάσθητι,

196 751 427 822 Χριστὲ,
490 752 587 803 καὶ
640 750 812 804 σῶσον
856 753 1002 822 ἡμᾶς
1044 751 1249 823 ταύτης
1301 755 1400 823 τῆς
1449 751 1660 822 ὀδύνης.
1688 747 1783 815 Οἷς

195 840 306 912 γὰρ
339 839 487 893 κατά
521 839 611 895 τὸν
632 842 801 894 αἰῶνα
847 841 1033 895 τοῦτον
1079 841 1168 895 διὰ
1200 841 1307 894 τῶν
1341 840 1783 912 ἐπιτηδευμάτων

195 932 354 1002 ἡμῶν
375 931 489 985 τῶν
522 931 776 1003 πονηρῶν
809 934 1049 987 συνεῖναι
1073 935 1215 986 κατά
1242 933 1459 1002 θέλησιν
1489 930 1783 1002 γνωμικῶς

193 1022 597 1093 ἐπελεξάμεθα,
635 1023 732 1076 σὺν
757 1024 965 1087 τούτοις
996 1023 1219 1086 εἰκότως
1257 1022 1315 1089 ἐξ
1359 1022 1603 1093 ἀνάγκης
1644 1018 1781 1074 εἶναι

193 1114 339 1168 κατά
365 1115 461 1167 τὸν
487 1114 660 1167 αἰῶνα
690 1115 779 1169 τὸν
826 1115 1086 1186 μέλλοντα
1131 1115 1204 1185 μὴ
1252 1114 1493 1176 θέλοντες
1522 1130 1784 1184 κατακρι-

192 1206 501 1278 θησόμεθα.
538 1202 730 1260 Ἔσται
756 1207 865 1278 γὰρ
889 1208 965 1271 ῶς
992 1207 1225 1277 ἀληθῶς,
1252 1206 1403 1260 ἔσται
1446 1206 1657 1277 καιρὸς,
1693 1206 1782 1258 ὅτε

192 1299 408 1371 φοϐερά
436 1316 523 1362 τις
554 1299 738 1369 βοήσει
766 1297 1000 1367 σάλπιγξ
1031 1298 1184 1367 ξένην
1224 1297 1420 1367 ἔχουσα
1451 1297 1653 1369 φωνὴν,
1690 1299 1783 1350 καὶ

189 1391 255 1443 τὸ
286 1392 402 1444 πᾶν
424 1390 585 1443 τοῦτο
608 1390 900 1459 λυθήσεται
927 1389 1214 1443 διαπίπτον
1252 1389 1352 1458 τῆς
1376 1391 1432 1442 ἐν
1463 1388 1611 1459 αὐτῷ
1642 1390 1781 1459 ὁρω-

194 1479 370 1551 μένης
397 1481 843 1551 διακοσμήσεως
868 1483 896 1534 ό
928 1481 1025 1550 μὲν
1073 1481 1393 1551 φαινόμενος
1424 1481 1628 1551 κόσμος
1662 1481 1780 1544 ὅλος

189 1571 599 1641 παρελεύσεται
623 1572 719 1642 τὴν
739 1572 944 1624 οἰκείαν
965 1571 1257 1642 λαμϐάνων
1290 1572 1596 1626 συντέλειαν
1617 1588 1630 1601 ·
1664 1572 1692 1624 ὁ
1724 1572 1781 1624 δὲ

1884 401 2061 456 neque
2089 387 2396 442 mortalium
2430 387 2595 441 vitam
2627 387 2944 456 conspicere
2973 396 3075 454 est,
3108 389 3235 459 quia
3259 397 3452 460 sponte

1882 492 2003 531 mea
2034 477 2219 548 pravis
2255 476 2561 543 aﬂ‘eetibus,
2597 477 2793 531 animae
2832 478 3063 536 virtutes
3115 481 3183 536 ad
3219 496 3452 552 operan-

1883 568 2035 633 dum,
2087 568 2317 634 irrctivi,
2368 574 2529 638 atque
2582 567 2978 640 ipsi‘divinum
3027 572 3283 641 angelica:
3326 574 3453 629 vita!

1883 675 2107 716 cursum
2149 660 2455 715 interclusi.
2505 658 2781 731 Propitius
2833 670 2970 727 esto,
3006 661 3241 729 Christe,
3292 673 3347 720 et
3382 666 3451 720 ab

1884 746 2200 817 hujusmodi
2230 748 2419 803 dolore
2448 763 2550 803 nos
2573 750 2722 820 eripe
2749 769 2761 804 :
2789 765 3015 806 necesse
3044 754 3242 823 quippe
3279 763 3364 809 est
3390 764 3454 809 ut

1883 839 2210 910 quibuscum
2239 840 2295 894 in
2328 839 2434 896 hoc
2456 841 2656 895 saeculo
2684 856 2806 896 esse
2828 857 2925 911 per
2950 857 3117 912 prava
3148 845 3329 899 studia
3353 861 3451 901 no-

1883 938 2019 999 stra,
2048 933 2218 987 libere
2252 940 2306 987 et
2332 940 2523 1003 sponte
2558 941 2747 989 nostra
2781 935 3066 1006 elegimus,
3100 951 3225 990 cum
3256 937 3450 992 iisdem

1884 1022 1938 1076 in
1967 1021 2153 1077 futuro
2178 1023 2374 1093 degere
2407 1024 2491 1079 vel
2523 1023 2676 1078 inviti
2708 1039 2967 1095 cogamur
2993 1041 3090 1096 per
3125 1025 3218 1082 Dei
3257 1029 3453 1085 conde-

1882 1113 2237 1167 mnationem.
2272 1113 2390 1167 Erit
2426 1115 2607 1184 plane,
2632 1113 2738 1170 erit
2783 1121 3017 1184 tempus,
3048 1132 3158 1186 quo
3184 1119 3453 1176 terribilis

1883 1203 2097 1273 elanget
2154 1205 2285 1259 tuba
2330 1203 2604 1259 horrendo
2655 1219 2812 1270 sono,
2861 1212 2917 1258 et
2971 1205 3075 1259 hoc
3136 1207 3453 1262 universum

1883 1296 2087 1350 amisso
2117 1310 2218 1351 suo
2245 1295 2563 1364 aspectabili
2590 1302 2788 1348 ornatu
2816 1296 3080 1351 solvetur.
3110 1295 3452 1368 Conspicuus

1882 1386 1971 1440 hic
2000 1387 2234 1442 mundus
2260 1393 2408 1441 totus
2437 1388 2793 1457 pertransibit
2824 1387 2892 1441 ad
2928 1390 3453 1446 consummationem

1882 1494 2037 1536 suam
2076 1478 2381 1545 deductus;
2423 1479 2514 1548 qui
2560 1495 2690 1534 vero
2721 1480 2880 1549 217
2934 1480 3047 1550 jam
3106 1488 3454 1551 exspectatur

1880 1571 2119 1626 mundus
2150 1577 2280 1624 tunc
2306 1570 2606 1641 apparebit,
2639 1572 2733 1641 qui
2779 1571 2972 1636 oculis,
3020 1571 3260 1637 auribus,
3298 1587 3452 1627 men-

189 1661 290 1715 νῦν
341 1662 797 1734 προσδοκώμενος
843 1662 949 1717 τῶν
994 1663 1161 1717 ὄντων
1199 1665 1495 1734 φανήσεται
1538 1663 1776 1734 κόσμος,

1891 1665 2029 1720 tibus
2051 1677 2189 1717 nova
2222 1662 2403 1716 omnia
2432 1662 2618 1717 aﬂ‘eret
2639 1662 2921 1733 mysteria.
2952 1661 3096 1718 Deus
3118 1670 3298 1719 autem
3334 1664 3453 1717 sin-

187 1751 499 1823 ὸφθαλμοῖς
525 1755 619 1807 καὶ
639 1757 831 1817 ἀκοαῖς
856 1756 948 1808 καὶ
974 1754 1234 1817 διανοίαις
1272 1753 1397 1820 ξένα
1422 1754 1598 1807 πάντα
1625 1754 1782 1824 κομί-

190 1845 305 1910 ζων
357 1848 657 1918 μυστήρια.
693 1848 753 1900 '0
786 1846 843 1899 δὲ
890 1846 1021 1909 Θεὸς
1071 1847 1287 1916 ἑκάστῳ
1327 1845 1463 1917 πρὸς
1501 1845 1536 1899 ἃ
1569 1844 1656 1898 διὰ
1686 1843 1779 1897 τοῦ

192 1933 453 2005 σώματος
472 1934 731 2006 ἔπραξεν,
760 1936 871 1988 εἴτε
895 1936 1061 1989 καλὸν
1105 1936 1215 1988 εἴτε
1239 1934 1462 2004 φαῦλον,
1487 1936 1605 1987 κατ’
1626 1933 1781 2000 ἀξίαν

189 2028 496 2082 ἀποδίδωσι
517 2045 531 2058 ·
567 2030 712 2099 μέγα
740 2029 836 2082 καὶ
871 2028 1100 2100 φοϐερὸν
1130 2028 1225 2082 καὶ
1257 2030 1336 2091 εἰς
1367 2027 1590 2098 ἔσχατον
1616 2028 1782 2079 πᾶσιν

187 2119 485 2183 ἀποδιδοὺς
519 2120 904 2191 συγκλεισμόν.
953 2119 1112 2173 Ἀλλὰ
1156 2121 1362 2189 γένοιτο
1394 2120 1601 2181 πάντας
1636 2119 1782 2189 ἡμᾶς

189 2211 286 2265 τόν
337 2229 405 2265 τε
451 2214 719 2285 σωτήριον
748 2213 848 2283 τῆς
880 2213 1103 2283 γεέννης
1146 2212 1331 2281 φόϐον,
1370 2212 1582 2267 καὶτὸν
1604 2212 1783 2281 τίμιον

188 2303 364 2357 πόθον
396 2304 499 2374 τῆς
545 2305 654 2359 τῶν
701 2303 943 2376 οὐρανῶν
993 2303 1268 2374 βασιλείας
1329 2302 1646 2356 ἀναλαϐεῖνί
1695 2301 1783 2354 τὸν

194 2396 302 2466 μὲν
326 2395 494 2464 φόϐον
533 2394 767 2467 παντελῆ
795 2395 903 2450 τῶν
944 2395 1128 2448 κακῶν
1162 2396 1293 2465 ἡμῖν
1332 2394 1541 2463 ἀποχὴν
1567 2393 1658 2447 καὶ
1686 2393 1783 2463 ἀρε

189 2488 325 2557 τίαν
358 2488 617 2542 ποιοῦντα
635 2506 647 2517 ·
679 2488 769 2540 τὸν
792 2487 849 2540 δὲ
882 2488 1042 2541 πόθον
1071 2487 1167 2541 καὶ
1189 2488 1268 2550 εἰς
1291 2486 1389 2550 τὰς
1415 2485 1524 2540 τῶν
1560 2484 1782 2554 ἀγαθῶν

189 2582 433 2652 πράξεις
485 2582 930 2652 προτρεπόμενον
974 2580 1195 2654 ἱλαρῶς,
1261 2581 1349 2635 ἵνα
1395 2579 1645 2651 τύχωμεν
1676 2579 1782 2633 τῶν

190 2671 631 2743 ἐπηγγελμένων
686 2672 906 2741 ἀγαθῶν
947 2673 1047 2744 τὴν
1104 2672 1403 2726 ἀπόλαυσιν
1454 2674 1512 2725 ἐν
1562 2671 1783 2743 Χριστῷ

203 2762 394 2833 Ἰησοῦ
424 2763 503 2833 τῷ
530 2763 718 2835 Κυρίῳ
752 2763 929 2833 ἡμῶν,
1032 2764 1065 2834 ἡ
1092 2762 1219 2826 δόξα
1253 2762 1348 2817 καὶ
1370 2760 1429 2814 τὸ
1459 2761 1659 2835 κράτος
1689 2761 1785 2813 σὺν

188 2853 277 2925 τῷ
302 2853 529 2925 ἀνάρχῳ
556 2856 771 2923 (Πατρί)
802 2853 895 2907 καὶ
926 2852 1176 2923 παναγίῳ
1198 2853 1292 2928 καὶ
1325 2852 1512 2923 ἀγαθῷ
1543 2852 1636 2905 καὶ
1653 2851 1787 2914 ζωο-

190 2942 342 3014 ποιῷ
369 2943 538 2997 αὐτοῦ
563 2944 841 3014 Πνεύματι
864 2943 958 2999 νῦν
982 2942 1076 2997 καὶ
1115 2943 1201 2996 ἀεὶ
1220 2943 1313 2997 καὶ
1337 2944 1416 3005 εἰς
1437 2942 1564 3005 τοὺς
1584 2940 1785 3003 αἰῶνας

186 3034 307 3087 τῶν
333 3032 572 3090 αἰώνων.
607 3036 802 3107 Ἀμήν.

269 3210 414 3268 ΤΟΥ
435 3212 527 3265 EN
544 3211 763 3266 Al‘lOiE
792 3214 1060 3268 ΠΑΤΡΟΣ
1086 3212 1285 3267 ΗΜΩΝ
1321 3212 1710 3266 ΑΘΛΝΑΣΙΟΥ
1804 3230 1851 3291 c

531 3348 985 3419 ’Δρχιεπισκόπου
1042 3347 1469 3422 Ἀλεξανδρείας,

192 3483 364 3554 Πρὸς
394 3484 695 3551 Ἀντίοχον
726 3482 986 3552 ἄρχοντα
1020 3483 1153 3555 (88),
1180 3484 1313 3553 περί
1349 3485 1652 3538 πλείστων
1687 3481 1786 3535 καί

272 3554 625 3609 ἀναγκαίων
646 3553 1007 3609 ζητημάτων.
1036 3554 1153 3608 τῶν
1174 3555 1243 3607 ἐν
1270 3553 1399 3609 ταῖς
1423 3556 1607 3609 θείαις
1635 3554 1685 3605 Γ
1681 3569 1786 3609 ρα-

272 3554 625 3623 ἀνατκαίων
646 3553 1007 3622 ζητημάτων,
1030 3553 1153 3608 ’τῶν
1174 3555 1243 3607 ἐν
1270 3553 1399 3618 ταῖς
1423 3556 1607 3619 θείαις
1635 3554 1787 3620 Γρα-

270 3623 417 3695 φαῑς
446 3623 892 3693 ἀπορουμένων,
922 3624 1021 3678 καὶ
1047 3625 1206 3692 παρὰ
1229 3622 1379 3679 πᾶσι
1413 3622 1787 3693 Χριστιανυῐς

270 3692 685 3766 ⁸ᾖτνώσθιαειγθαι
708 3695 1131 3765 ὀφειλομένων.

283 3874 593 3948 Ἐρώτησις
624 3873 694 3927 α’.
726 3875 1120 3938 Πιστεύσαντες
1163 3877 1257 3928 καὶ
1305 3874 1688 3945 βαπτισθέντες
1710 3878 1790 3937 εἰς

198 3967 415 4039 Τριάδα
440 3965 722 4039 ὁμοούσιον
739 4007 753 4032 ,
786 3970 881 4020 καὶ
912 3967 1159 4036 λέγοντες
1179 3967 1310 4020 Θεὸν
1332 3965 1471 4021 εἶναι
1497 3968 1587 4021 τὸν
1619 3968 1791 4020 Πατέ-

200 4061 520 4133 (mortem);
547 4059 679 4130 (88‘)
707 4060 800 4113 καὶ
830 4059 959 4112 Θεὸν
1003 4055 1141 4112 εἶναι
1172 4059 1262 4113 τὸν
1280 4058 1699 4123 Υἰὸν,ὡσαύτως
1734 4057 1791 4111 δὲ

198 4153 301 4206 καὶ
351 4151 488 4205 Θεὸν
530 4147 668 4205 εἶναι
707 4152 768 4204 τὸ
804 4151 955 4220 ἅγιον
1003 4152 1248 4222 Πνεῦμα,
1287 4152 1404 4216 πῶς
1448 4152 1509 4204 οὐ
1559 4151 1790 4222 λέγομεν

198 4246 355 4314 τρεῖς
396 4243 577 4306 θεοὺς,
624 4242 863 4296 ἀλλ’ἒνα
906 4243 1001 4296 καὶ
1044 4243 1204 4313 μόνον
1247 4242 1415 4309 Θεόν;
1447 4244 1558 4297 Καὶ
1597 4245 1645 4296 εἰ
1693 4242 1790 4313 μὲν

199 4337 302 4389 ἕνα
323 4333 742 4406 προσκυνοῦμεν
772 4335 923 4396 Θεὸν,
945 4332 1166 4405 εὔδηλον
1195 4334 1278 4387 ὅτι
1322 4334 1458 4405 (89),
1487 4336 1571 4397 εἰς
1594 4351 1793 4403 μοναρ⁴

200 4426 331 4498 χξαν
381 4425 751 4490 πιστεύοντες,
796 4425 1153 4496 Ἰουδαῒξομεν
1179 4442 1193 4455 ·
1225 4427 1274 4478 εἰ
1332 4426 1390 4479 δὲ
1447 4425 1607 4479 πάλιν
1644 4427 1792 4498 τρεῖς

202 4516 387 4580 θεοὺς,
438 4515 703 4587 πρόδηλον
766 4516 847 4569 ὅτι
899 4515 1298 4588 Ἐλληνίζομεν,
1340 4516 1629 4570 πολυθεῖαν
1673 4517 1788 4569 εἰσ-

203 4610 459 4677 άγοντες,
490 4609 584 4660 καὶ
628 4607 728 4678 οὐχ
759 4608 854 4661 ἕνα
897 4607 1055 4679 μόνον
1085 4608 1215 4662 Θεὸν
1264 4607 1504 4672 εὐσεϐῶς
1548 4623 1790 4679 προσκυ-

202 4716 448 4764 νουντες.

289 4878 630 4948 Ἀπόκρισις.
684 4876 1036 4949 Ἀπερίεργος
1084 4877 1113 4928 ὁ
1161 4874 1315 4943 λόγος
1355 4874 1449 4927 καὶ
1505 4874 1535 4926 ὸ
1590 4874 1789 4945 τρόπος

202 4971 308 5039 τῆς
363 4968 669 5032 εὐσεϐείας,
734 4969 916 5022 πίστει
972 4968 1130 5040 μόνῃ,
1166 4966 1279 5021 ἀλλ’
1308 4968 1407 5020 οὐκ
1446 4965 1789 5038 ὲξερευνήλσει

204 5061 612 5134 γνωριζόμενος
646 5063 740 5115 καὶ
772 5061 1100 5133 τιμώμενος.
1131 5059 1264 5123 Θεὸς
1293 5060 1403 5132 γὰρ
1440 5058 1792 5128 καταλαμϐα-

202 5154 455 5225 νόμενος,
476 5152 580 5205 οὐκ
609 5151 725 5205 ἐστι
747 5152 898 5216 Θεός.
929 5153 993 5205 Εἰ
1014 5151 1124 5222 γὰρ
1151 5152 1279 5214 τοὺς
1311 5150 1594 5219 ἀγγέλους,
1632 5150 1667 5219 ἢ
1691 5148 1790 5212 τὰς

207 5246 487 5318 ἡμετέρας
510 5244 688 5315 ψυχὰς
716 5244 991 5315 κτίσματα
1015 5244 1144 5297 ὄντα
1175 5241 1500 5297 καταλαϐεῖν
1541 5241 1601 5299 οὐ
1630 5241 1789 5295 δυνά-

274 5401 394 5474 (88)
428 5400 642 5474 Regius
666 5397 1514 5474 2,7:1siarwv_dtva7xa£wv
1543 5395 1791 5474 ζητημάι

206 5466 317 5527 οων
342 5466 483 5543 τέρὸς
498 5466 1135 5543 τὸνβασιλέαἋντίοχον.
1177 5467 1350 5543 Porro
1372 5466 1706 5543 quaestiones
1739 5466 1789 5526 i,

207 5544 262 5606 2,
301 5544 356 5607 5,
388 5536 620 5597 absunt'
645 5557 677 5595 a
708 5540 895 5596 codice
920 5536 1169 5595 Palatino
1201 5539 1257 5602 2,
1294 5546 1354 5592 ut
1378 5545 1433 5592 et
1461 5551 1490 5589 a
1516 5536 1791 5591 veteribus

206 5612 372 5669 editis
395 5611 630 5678 Latinis,
659 5612 753 5682 qui
782 5610 1047 5683 incipiunt
1084 5625 1112 5663 a
1140 5619 1335 5680 quarta
1359 5608 1681 5679 quaestione.

1880 1758 2021 1828 gulis
2044 1755 2343 1812 secundum
2366 1770 2429 1810 ea
2465 1770 2584 1825 qua:
2623 1770 2719 1825 per
2763 1770 2964 1826 corpus
3005 1771 3166 1811 suum
3220 1756 3454 1826 egerint,

1882 1849 1996 1903 sive
2041 1847 2207 1911 bona,
2260 1845 2375 1901 sive
2407 1846 2547 1899 mala
2578 1847 2708 1911 sint,
2756 1849 3095 1915 promerito
3143 1847 3459 1905 retribuet:

1882 1954 2132 2010 magnam
2170 1938 2620 2009 tremendamque
2679 1937 2935 1992 omnibus
2989 1946 3267 2006 postremo
3318 1938 3459 1995 dans

1883 2031 2311 2085 conclusionem.
2348 2029 2456 2084 Sed
2488 2028 2621 2083 faxit
2652 2027 2796 2084 Deus
2820 2038 2879 2083 ut
2904 2044 3004 2083 nus
3028 2043 3218 2083 omnes
3246 2029 3457 2083 saluta-

1881 2138 1996 2179 rem
2046 2123 2304 2193 gehennae
2348 2122 2622 2185 timorem,
2656 2121 3067 2192 pretiosumque
3100 2121 3254 2192 regni
3287 2122 3458 2177 c0310-

1883 2230 2003 2271 rum
2039 2231 2278 2271 amorem
2333 2215 2728 2284 concipiamus!
2784 2215 3033 2269 timorem
3082 2215 3322 2285 quidem,
3360 2215 3473 2286 qui

1882 2324 1992 2362 nos.
2013 2308 2173 2364 malis
2205 2308 2428 2362 omnino
2457 2308 2732 2363 abstinere
2758 2306 3023 2372 suadeat;
3058 2321 3300 2361 amorem
3323 2321 3455 2361 vero
3495 2298 3511 2323 '

1882 2397 1977 2468 qui
2003 2397 2070 2451 ad
2099 2397 2242 2451 bona
2276 2397 2521 2451 hilariter
2550 2396 2756 2468 agenda
2781 2397 3040 2463 concitet,
3068 2403 3127 2450 ut
3157 2397 3460 2466 promisso-

1883 2502 2004 2541 rum
2035 2487 2304 2541 bonorum
2358 2489 2761 2556 possessionem
2793 2500 3154 2555 assequamur
3208 2487 3264 2540 in
3297 2485 3457 2541 Chri-

1884 2586 1970 2635 sto
1996 2577 2123 2633 Jesu
2148 2577 2378 2634 Domino
2398 2586 2611 2643 nostro,
2634 2578 2723 2632 cui
2750 2578 2922 2649 gloria
2948 2586 3001 2633 et
3023 2579 3458 2649 imperium‘cum

1885 2670 2115 2742 (Patre)
2143 2671 2414 2741 principio
2454 2677 2697 2734 earente,
2746 2685 2856 2724 una
2903 2685 3029 2725 cum
3083 2670 3459 2735 sanctissimo,

1883 2764 2030 2820 bono
2057 2773 2111 2819 et
2142 2764 2360 2819 viviﬁco
2390 2764 2511 2833 ejus
2539 2761 2767 2833 Spiritu,
2797 2776 2945 2816 nunc
2971 2770 3026 2817 et
3064 2777 3277 2832 semper
3308 2768 3363 2817 et
3397 2762 3457 2818 in

1886 2857 2086 2913 saecula
2116 2857 2468 2912 saeculorum.
2500 2855 2694 2909 Amen.

2025 3204 2270 3263 SANCTI
2319 3204 2563 3259 PATRIS
2611 3202 2865 3260 NOSTRI
2909 3200 3284 3257 ATHANASII

2265 3340 2675 3412 Archiepiseopi
2701 3339 3063 3403 Alexandriae,

1886 3480 1971 3535 Ad
2021 3478 2343 3532 Antiochum
2375 3477 2683 3547 principem,
2726 3476 2789 3547 de
2843 3475 3026 3530 multis
3069 3484 3118 3529 et
3153 3475 3463 3530 necessariis

1958 3548 2341 3620 quastionibus
2359 3551 2437 3620 in
2477 3547 2657 3601 divina
2683 3617 2693 3620 _
2721 3546 3028 3620 Scriptura
3052 3548 3410 3601 controversis
3444 3584 3463 3609 ,

1958 3616 2088 3688 quas
2122 3635 2272 3673 nemo
2303 3616 2640 3673 Christianus
2674 3617 2919 3688 ignorare
2944 3616 3109 3670 debet.

1858 3840 1863 3843 ι
1961 3865 2283 3935 Ουεετιοι.
2314 3862 2765 3934 Quandoquidem
2816 3862 2873 3916 iu
2934 3859 3464 3916 consubstantialem

1892 3960 2210 4015 Trinitatem
2245 3956 2519 4011 credimus
2540 3962 2593 4008 et
2611 3952 2868 4023 baptizati
2890 3966 3101 4016 sumus,
3125 3950 3465 4019 dieimusque

1890 4048 2060 4104 Deum
2077 4063 2195 4102 esse
2223 4045 2459 4109 Patrem,
2476 4042 2671 4097 Filium
2690 4042 2941 4098 similiter
2964 4040 3129 4095 Deum
3153 4055 3294 4105 esse,
3312 4041 3466 4094 item-

1891 4156 1996 4210 que
2026 4139 2287 4210 Spiritum
2324 4146 2575 4193 sanetum
2602 4150 2726 4191 esse
2752 4133 2946 4199 Deum,
2978 4149 3084 4203 qua
3112 4133 3324 4187 ratione
3352 4146 3462 4188 non

1893 4240 2005 4287 tres
2029 4230 2162 4285 deos
2198 4228 2294 4284 sed
2325 4243 2495 4283 unum
2553 4237 2607 4283 et
2663 4226 2841 4283 solum
2872 4224 3042 4280 Deum
3090 4222 3369 4279 dicimus?
3397 4222 3464 4275 Et

1893 4320 2115 4393 quidem
2144 4320 2190 4374 si
2225 4334 2396 4373 unum
2430 4317 2725 4373 adoramus
2758 4315 2950 4382 Deum,
2981 4317 3191 4371 clarum
3220 4322 3307 4370 est
3336 4329 3461 4379 nos,

1894 4414 2060 4467 veluti
2092 4413 2150 4466 in
2194 4410 2570 4466 monarehiam
2620 4408 2914 4472 credendo,
2966 4405 3185 4463 Judaeos
3235 4405 3461 4460 imitari.

1894 4505 2047 4572 Quod
2072 4505 2118 4561 si
2138 4519 2334 4559 rursus
2364 4510 2480 4558 tres
2492 4501 2625 4557 deos
2655 4501 2970 4559 adoramus.
2998 4500 3344 4570 perspicuum
3382 4506 3468 4553 est
3530 4542 3535 4549 ν

1895 4598 2125 4669 gentiles
2159 4611 2260 4652 nos
2298 4594 2519 4662 sectari,
2543 4593 2744 4665 quippe
2772 4593 2867 4664 qui
2897 4592 3123 4647 deorum
3153 4589 3465 4646 multitudi-

1896 4703 2020 4744 nem
2039 4686 2383 4751 inducamus,
2411 4700 2514 4741 nec
2546 4699 2717 4740 unum
2742 4685 2920 4740 solum
2944 4682 3112 4739 Deum
3147 4683 3235 4752 pie
3268 4681 3466 4737 adore-

1896 4794 2038 4834 mus.
2450 4780 2455 4786 '

1882 4906 1887 4909 -
1966 4870 2287 4927 RESPONSIO.
2312 4868 2544 4924 Curiose
2578 4866 2875 4924 scrutanda
2914 4879 3024 4919 non
3058 4870 3144 4918 εει
3174 4870 3337 4918 rectae
3380 4876 3465 4915 re-

1895 4964 2112 5034 ligionis
2153 4964 2316 5026 ratio,
2338 4977 2440 5017 nec
2462 4958 2885 5021 investigatione
2906 4955 3001 5010 sed
3020 4955 3135 5010 sola
3156 4955 3260 5009 ﬁde
3300 4968 3468 5023 agno-

1895 5056 2094 5111 scenda
2119 5063 2201 5111 est
2227 5063 2280 5109 et
2313 5052 2613 5110 adoranda.
2650 5050 2929 5120 Siquidem
2965 5046 3109 5102 Deus
3144 5047 3188 5100 si
3219 5060 3467 5115 compre-

1890 5147 2183 5212 hendatur,
2215 5162 2324 5200 non
2348 5153 2431 5200 est
2445 5144 2609 5200 Deus.
2635 5140 2881 5210 Namque
2911 5139 2957 5194 si
2980 5153 3081 5193 nec
3109 5137 3334 5207 angelos
3358 5148 3464 5190 nec

1894 5242 2103 5294 animas
2155 5244 2400 5300 nostras,
2428 5286 2433 5293 .
2462 5248 2583 5305 quae
2652 5240 2781 5287 sunt
2813 5245 2902 5286 res
2950 5235 3166 5292 creatae,
3222 5224 3466 5280 valemus

1969 5392 2102 5462 (88‘)
2137 5389 2366 5462 Ὁμοίως
2393 5387 2543 5462 deest
2567 5387 2628 5462 in
2652 5384 2785 5455 Reg.
2822 5383 2872 5437 i.
2899 5380 3019 5437 Mox
3050 5380 3113 5433 δέ’
3138 5388 3258 5450 post
3282 5376 3468 5434 ὡσαύ-

1897 5456 2004 5525 τως
2042 5456 2274 5517 ἁὸθειῖιι
2304 5458 2436 5527 Reg.
2478 5458 2529 5521 1,
2563 5456 2618 5511 2.
2860 5524 2870 5531 _
2941 5523 2951 5531 _
3002 5520 3139 5531 -η,

1970 5518 2081 5601 (89)
2114 5530 2188 5601 Ita
2217 5518 2415 5601 omnes
2426 5518 2569 5601 pene
2600 5520 3293 5601 manﬁuscripti.‘l_€ditinvero
3318 5518 3469 5594 εὔδη-

1896 5592 2101 5667 λον
2138 5600 2289 5655 Palat
2341 5600 2390 5665 1,
2422 5592 2587 5664 infra,
2617 5597 2764 5667 τρεῖς
2800 5594 2953 5657 θεοὺς
2973 5592 3129 5664 δῆλον
3152 5592 3253 5645 ὅτι.
