3840 6194
407 205 512 263 593

1532 201 1587 257 S.
1630 199 2096 259 ATHANASIUS.
2129 231 2199 242 —-
2237 197 2508 256 SPURIA.

3556 201 3683 257 600

409 321 891 388 comprehendere,
920 328 1126 391 quanto
1167 321 1341 393 magis
1362 320 1533 376 Deum
1584 322 1804 377 illorum
1852 322 1975 393 opi-

2092 321 2240 386 ιιεθα,
2291 321 2446 391 πόσῳ
2502 318 2702 392 μᾶλλον
2758 319 2906 391 αὐτῷ
2945 318 3023 392 τῷ
3061 318 3266 375 τούτων
3318 324 3517 394 ποιητῇ
3549 322 3682 397 (90)

409 413 569 468 licem
622 410 878 466 convenit
910 426 1033 466 esse
1078 409 1627 482 incomprehensum?
1684 410 1975 482 Cognitum

408 504 556 557 enim
588 502 909 574 mysterium
967 502 1102 556 nihil
1153 508 1237 557 est
1288 502 1523 571 amplius
1572 501 1973 558 admirandum.

407 591 597 665 Itaque
647 592 1086 649 Christianorum
1143 592 1299 657 ﬁdes,
1350 594 1642 664 trinusque
1694 594 1977 666 hypostasi

409 685 554 743 Deus
583 702 797 752 eorum,
823 702 935 741 non
966 701 1108 740 unus
1144 694 1228 741 est
1258 687 1541 757 hypostasi
1562 726 1577 752 ,
1611 685 1841 740 formam
1877 686 1977 740 ho-

407 779 573 835 minis
599 794 817 850 gerens,
854 789 913 833 ut
967 775 1281 832 Graecorum
1334 776 1518 832 ferunt
1541 776 1771 832 fabulae:
1801 793 1977 848 neque

408 884 606 926 rursus
636 879 749 927 tres
799 878 929 926 sunt
987 870 1205 940 quidam
1237 869 1334 933 dii,
1373 884 1402 923 a
1432 886 1491 925 se
1537 871 1770 927 invicem
1809 871 1977 926 veluti

409 962 609 1018 dissiti.
661 962 845 1034 Apage
892 962 1205 1019 Grtecorum
1289 964 1629 1018 commenta!
1694 962 1977 1017 lndividua

409 1054 553 1109 enim
581 1062 667 1110 est
692 1054 748 1109 in
781 1055 957 1110 tribus
1008 1055 1395 1126 hypostasibus
1450 1055 1627 1109 deitas
1680 1054 1846 1110 unius
1887 1057 2018 1110 es-'

411 1144 622 1199 sentite.
646 1144 915 1199 Caeterum
975 1160 1140 1199 nosse
1172 1152 1386 1213 oportet
1410 1144 1705 1198 humanam
1740 1150 1977 1199 mentem

409 1234 548 1289 nihil
584 1234 891 1292 divinitatis
928 1237 1011 1291 vel
1040 1236 1219 1291 verbis
1259 1237 1339 1290 vel
1362 1236 1788 1306 cogitationibus
1818 1250 1980 1305 posse

410 1327 870 1397 comprehendere
890 1329 972 1382 vel
992 1343 1270 1383 enarrare.
1298 1327 1575 1399 QuotquOt
1611 1337 1789 1385 autem
1808 1328 1978 1384 Deum

410 1416 592 1473 conati
617 1423 746 1471 sunt
800 1417 1283 1487 comprehendere,
1339 1432 1501 1472 suam
1563 1417 1807 1488 ipsorum
1860 1434 1980 1472 um-
2029 1428 2037 1444 '

408 1504 562 1559 bram
589 1513 716 1560 sunt
748 1507 1041 1576 persecuti.
1081 1505 1361 1578 Quotquot
1387 1507 1521 1561 item
1552 1507 1758 1577 aliquid
1787 1506 1855 1562 de
1887 1522 1978 1563 es-

2080 414 2282 485 πρέπει
2310 412 2372 466 τὸ
2406 409 2546 466 εἶναι
2578 412 2963 483 ἀκατάληπτον
2989 429 3004 479 ;
3043 413 3356 484 Μυστήριον
3386 413 3496 484 γάρ
3522 432 3684 483 γνω-

2083 504 2371 577 ριζόμενον
2420 503 2573 556 οὐδέν
2606 503 2724 555 ἐστι
2757 502 2942 556 λοιπὸν
2984 501 3416 573 θαυμαζόμενον.
3451 500 3683 556 Οὐκοῦν

2080 600 2113 667 ἡ
2154 595 2500 669 Χριστιανῶν
2557 594 2758 659 πίστις,
2811 593 2907 647 καὶ
2943 594 2972 646 ὁ
3013 592 3216 646 τούτων
3238 593 3684 665 τρισυπόστατος

2081 688 2215 752 Θεὸς
2240 686 2363 741 οὔτε
2390 682 2472 751 εἷς
2519 688 2636 739 ἐστι
2678 686 2779 753 τὴν
2814 685 3114 738 ὑπόστασιν
3141 683 3251 755 (91)
3275 684 3683 756 ἀνθρωπόμορ-

2081 797 2199 849 φος,
2236 780 2312 844 ὡς
2344 781 2393 833 οἱ
2433 778 2700 850 Ἑλλήνων
2750 776 2940 840 παῖδες
2967 775 3317 847 μυθεύονταιο
3346 774 3472 829 οὐτε
3502 777 3681 830 πάλιν

2079 873 2229 942 τρεῖς
2260 887 2403 933 τινες
2433 869 2565 935 θεοὶ,
2605 868 2793 938 ῶσπερ
2827 867 3071 937 ἀλλήλων
3103 866 3419 937 ἀπέχοντες.
3446 869 3679 936 Ἄπαγε

2078 964 2177 1033 τῆς
2212 960 2528 1032 Ἑλληνικῆς
2555 958 2908 1031 μυθολογίαςί
2956 958 3280 1031 Ἀδιαίρετος
3310 957 3421 1030 γὰρ
3451 960 3512 1012 ἐν
3543 962 3678 1023 ταῖς

2078 1053 2258 1125 τρισὶν
2286 1052 2651 1106 ὑποστάσεσιν
2688 1053 2721 1121 ἡ
2755 1051 2854 1121 τῆς
2886 1051 3013 1121 μιᾶς
3048 1051 3235 1113 οὐσίας
3273 1050 3483 1120 θεότης.
3518 1050 3678 1123 Πλὴν

2080 1146 2279 1198 εἰδέναι
2321 1143 2445 1215 χρὴ,
2478 1144 2665 1212 ὅτιπερ
2714 1140 2837 1194 οὐτε
2866 1143 3104 1213 ῥήμασιν
3160 1141 3284 1194 οὔτε
3318 1142 3678 1213 ἐνθυμήμασι

2080 1236 2426 1299 καταλαϐεῖν,
2457 1234 2490 1305 ἥ
2513 1233 2880 1306 διηγήσασθαί
2920 1250 2975 1285 τι
3005 1234 3103 1305 τῆς
3129 1232 3402 1304 θεότητος,
3427 1234 3556 1298 νοῦς
3583 1237 3678 1289 ἁν-

2081 1328 2352 1401 θρώπινος
2389 1328 2630 1381 δύναται.
2652 1328 2859 1391 Πάντες
2878 1328 2932 1381 δὲ
2952 1328 3068 1380 ὅσοι
3096 1327 3227 1380 Θεὸν
3255 1327 3673 1381 καταλαϐέσθαι

2081 1422 2372 1487 ἔσπευσαν,
2398 1421 2498 1493 τὴν
2525 1421 2735 1475 ἑαυτῶν
2771 1420 2928 1474 σκιὰν
2964 1420 3324 1484 κατεδίωξαν’
3357 1421 3449 1473 καὶ
3468 1422 3587 1474 ὅσοι
3615 1438 3672 1473 τι

2082 1515 2210 1584 περὶ
2236 1513 2423 1577 οὐσίας
2454 1511 2590 1566 Θεοῦ
2639 1515 2812 1565 εἰπεῖν
2854 1510 3253 1582 ἠϐουλήθησαν,
3295 1510 3392 1582 τὴν
3424 1511 3675 1566 ἄϐυσσον

408 1598 586 1654 sentia
610 1596 707 1653 Dei
737 1597 920 1652 dicere
943 1599 1267 1663 voluerunt,
1293 1599 1557 1670 abyssum
1588 1613 1770 1668 pugno
1798 1598 1978 1653 metiri

2092 1603 2352 1674 μετρῆσαι
2395 1605 2461 1674 τῇ
2505 1601 2715 1656 ἑαυτῶν
2752 1600 2914 1673 δρακὶ
2949 1600 3244 1657 ἔσπευσαν.
3273 1602 3382 1654 Καὶ
3419 1602 3536 1655 ὅσοι
3574 1602 3676 1673 βα-

405 1689 581 1779 mol.iti
611 1698 757 1745 sunt.
788 1688 893 1755 Qui
919 1705 1050 1745 vero
1085 1705 1146 1745 se
1194 1690 1249 1744 in
1300 1689 1633 1760 profundum
1688 1696 1977 1760 penetrare

2092 1668 2540 1766 'Bﬁvctt'évdptc-av,
2578 1696 2657 1758 είς
2683 1668 2926 1766 πονηρὰς
2954 1694 3193 1766 αἱρέσεις
3237 1695 3500 1748 ὲνέπεσαν
3526 1668 3671 1766 (έὲ).

406 1788 757 1850 putaverunt,
804 1782 860 1836 in
905 1782 1183 1851 improbas
1214 1783 1447 1838 haereses
1499 1782 1831 1837 inciderunt.
1862 1781 1975 1838 Nec

408 1871 555 1924 enim
586 1870 747 1926 Pater
774 1882 829 1927 et
858 1870 1024 1937 Deus,
1060 1880 1119 1926 ut
1142 1889 1241 1943 ego
1274 1874 1367 1943 qui
1388 1882 1609 1930 creatus
1639 1892 1784 1941 sum,
1817 1884 1975 1947 pater

404 1968 512 2025 est,
542 1963 637 2032 qui
667 1974 908 2017 creatum
931 1964 1122 2028 ﬁlium,
1159 1973 1217 2017 ut
1271 1980 1395 2035 ego,
1426 1967 1680 2036 genuerit
1709 1987 1722 2021 :
1754 1983 1855 2023 nec
1879 1966 1975 2022 Εἰς

405 2054 513 2109 lius
543 2055 762 2124 genitus
821 2063 926 2124 est,
986 2064 1048 2110 ut
1102 2056 1281 2112 omnis
1344 2060 1582 2115 carnalis
1647 2060 1971 2117 ﬁlius:nec

408 2141 649 2214 Spiritus
670 2155 919 2211 sanctus,
975 2147 1142 2203 veluti
1176 2148 1415 2205 hominis
1454 2151 1702 2221 spiritus,
1736 2154 1975 2207 circum-

409 2236 651 2304 scriptus
702 2243 788 2291 est
828 2252 841 2288 :
879 2236 975 2293 sed
1029 2237 1303 2293 inellabile
1357 2246 1411 2293 et
1460 2241 1845 2312 inexplicabile
1893 2249 1978 2298 est

408 2334 615 2382 sanctae
647 2326 937 2384 Trinitatis
978 2331 1321 2401 mysterium.
1350 2329 1461 2387 Nec
1490 2348 1619 2388 vero
1654 2333 1828 2400 dicas,
1859 2334 1978 2401 Qua

405 2417 619 2473 ratione
677 2418 850 2473 illud?
882 2434 1006 2473 nam
1037 2420 1203 2490 218
1253 2422 1308 2476 id
1374 2438 1590 2478 omnem
1616 2433 1841 2494 superat
1883 2440 1977 2479 ra.

406 2509 609 2564 tionem
638 2525 797 2574 :nec,
831 2510 950 2578 Quo
1000 2512 1183 2578 modo,
1218 2513 1464 2581 dixeris;
1500 2516 1769 2584 siquidem
1813 2533 1978 2586 supra

406 2615 625 2657 omnem
658 2604 878 2658 modum
911 2611 997 2660 est
1020 2605 1239 2661 divinus
1270 2606 1486 2661 modus.
1516 2606 1626 2663 Nec
1654 2609 1785 2664 item
1816 2609 1980 2663 inter-

406 2703 602 2761 roges,
649 2706 885 2761 quonam
946 2693 1114 2748 verbo
1163 2694 1216 2748 id
1270 2695 1758 2765 expliceturznam
1812 2713 1978 2766 supra

405 2786 631 2841 verbum
658 2794 743 2842 est
774 2786 1018 2843 divinum
1058 2791 1306 2845 verbum.
1334 2790 1535 2846 Verum
1579 2793 1740 2849 crede
1788 2796 1843 2849 in
1875 2795 1979 2848 Pa-

409 2886 547 2934 trem
584 2899 597 2934 :
632 2881 744 2935 noli
767 2889 948 2937 autem
976 2898 1090 2939 rem
1116 2886 1371 2941 scrutari.
1410 2885 1608 2940 Filium
1657 2889 1843 2950 adora,
1882 2890 1979 2945 sed

407 2973 529 3043 ejus
558 2976 965 3046 generationem
987 2994 1058 3034 ne
1086 2980 1306 3035 curiose
1350 2981 1584 3051 inquire.
1634 2982 1818 3038 Lauda
1855 2983 1979 3055 Spi-

407 3066 574 3120 ritum
605 3077 880 3135 sanctum,
913 3086 1016 3125 nec
1049 3072 1182 3128 velis
1209 3072 1544 3143 investigare
1569 3085 1774 3130 sanctae
1800 3074 1983 3131 Trini-

408 3161 535 3214 tatis
567 3161 906 3231 mysterium.
942 3160 1078 3218 Veni
1128 3163 1197 3217 ad
1236 3162 1555 3229 Jordanem,
1615 3181 1678 3220 ac
1724 3167 1977 3222 virtutem

409 3260 614 3306 sanctae
659 3264 713 3305 et
744 3253 1232 3310 consubstantialis
1277 3254 1565 3312 Trinitatis
1599 3257 1746 3312 clare
1799 3258 1979 3327 reipsa

409 3340 554 3401 vide,
587 3339 805 3397 Patrem
858 3343 1117 3398 nimirum
1167 3360 1404 3415 superne
1447 3346 1853 3410 testiﬁcantem,
1885 3346 1979 3401 Fi-

409 3429 541 3485 lium
570 3447 700 3487 vero
757 3431 901 3488 infra
934 3434 1285 3505 baptizatum,
1343 3437 1751 3493 sanctissimum
1797 3446 1977 3493 autem

413 3520 674 3599 Spiritum
727 3522 783 3577 in
844 3524 1112 3580 columbae
1167 3528 1351 3597 specie
1387 3527 1829 3585 descendentem.
1870 3529 1979 3600 Ipsi

412 3612 605 3682 gloria,
636 3614 896 3682 potentia,
924 3621 978 3669 et
996 3615 1245 3673 adoratio
1265 3634 1392 3674 eum
1418 3618 1581 3675 Patre
1607 3620 1980 3689 omnipotente

2094 1789 2152 1843 '0
2181 1789 2289 1861 γάρ
2320 1789 2512 1860 Πατὴρ
2544 1789 2640 1841 καὶ
2671 1787 2803 1851 Θεὸς
2832 1788 2930 1858 οὐχ
2955 1787 3032 1850 ὡς
3057 1784 3168 1856 ἐγὼ
3197 1788 3225 1840 ὁ
3252 1787 3466 1850 κτιστὺς
3495 1786 3676 1858 ὑπάρ-

2083 1895 2166 1949 χει
2205 1880 2407 1949 πατὴρ,
2454 1879 2722 1950 γεννήσας
2756 1877 2832 1941 ὡς
2866 1876 2977 1946 ἐγὼ
3041 1877 3261 1931 κτιστὸν
3302 1876 3448 1929 υίόν·
3480 1877 3609 1930 οὐδὲ
3642 1878 3675 1929 ό

2084 1968 2212 2033 Υίὸς
2224 1969 2298 2033 ῶς
2313 1970 2419 2032 πᾶς
2437 1969 2699 2040 σαρκικδς
2710 1967 3035 2037 γεγέννηται
3058 1967 3173 2031 υἱός
3189 1985 3203 1997 ·
3223 1967 3345 2021 οὐδὲ
3360 1967 3422 2020 τὸ
3437 1967 3674 2038 Πνεῦμα

2082 2058 2142 2113 τὸ
2168 2059 2319 2128 ἆγιον
2341 2058 2416 2122 ὡς
2442 2059 2504 2113 τὸ
2534 2058 2629 2112 τοῦ
2661 2056 2947 2130 ἀνθρώπου
2997 2058 3214 2128 πνεῦμα
3248 2057 3628 2128 περίγραπτον
3652 2073 3670 2088 ·

2083 2148 2196 2204 ἀλλ’
2228 2149 2462 2221 ἄρρητον
2486 2148 2581 2202 καὶ
2600 2148 2979 2218 ἁνέκφραστον
3011 2147 3073 2201 τὸ
3103 2148 3203 2218 τῆς
3239 2146 3403 2215 ἁγίας
3437 2145 3677 2218 Τριάδος

2087 2239 2323 2310 ὑπάρχει
2371 2238 2692 2310 μυστήριον.
2720 2237 2831 2289 Καὶ
2867 2237 2941 2308 μὴ
2970 2236 3149 2309 εἴπῃς,
3184 2236 3343 2300 Πῶς;
3386 2235 3528 2305 ὑπὲρ
3559 2235 3675 2306 γάρ

2083 2331 2145 2385 τὸ
2170 2331 2287 2395 πῶς
2319 2332 2435 2384 ἐστι
2462 2330 2653 2384 τοῦτο·
2705 2329 2839 2400 μηδὲ
2880 2330 3062 2403 εἴπῃς,
3097 2328 3235 2400 ποίῳ
3264 2328 3488 2400 τρόπῳ;
3526 2328 3674 2401 ὑπὲρ

2082 2423 2192 2495 γὰρ
2214 2422 2414 2495 τρόπον
2441 2424 2469 2476 ὁ
2494 2422 2636 2487 θεῖος
2657 2422 2859 2493 τρόπος
2881 2437 2896 2452 ·
2935 2422 3070 2493 μηδὲ
3098 2421 3280 2493 εἴπῃς,
3311 2423 3459 2493 Ποίῳ
3485 2422 3672 2494 λόγῳς

2085 2515 2223 2587 ὑπὲρ
2250 2515 2360 2585 γὰρ
2379 2514 2536 2583 λόγον
2568 2516 2596 2567 ὁ
2629 2512 2771 2576 θεῖος
2794 2513 2972 2581 λόγος.
3011 2514 3171 2568 Ἀλλὰ
3206 2515 3423 2567 πίστευε
3452 2516 3535 2577 εἰς
3562 2515 3673 2567 Παο

2082 2607 2246 2678 τέρα·
2294 2607 2368 2679 μὴ
2401 2607 2699 2679 ὲρευνήσῃς
2743 2605 2800 2659 δὲ
2842 2605 2903 2657 τὸ
2935 2607 3204 2681 πρᾶγμαο
3250 2604 3543 2676 προσκύνει
3578 2605 3673 2658 τὸν

2085 2699 2235 2764 Υἰδν,
2269 2698 2342 2770 μὴ
2371 2697 2840 2769 πολυπραγμονῶν
2869 2696 2968 2768 τὴν
3014 2697 3179 2750 αὐτοῦ
3215 2698 3468 2768 γέννησιν
3495 2712 3510 2727 ’
3575 2698 3674 2750 ἁν-

2085 2790 2241 2861 ύμνει
2266 2790 2326 2843 τὸ
2352 2789 2573 2861 Πνεῦμα
2600 2790 2661 2842 τὸ
2706 2789 2880 2858 ἆγιον,
2920 2790 2994 2861 μὴ
3026 2789 3269 2859 ἐκζητῶν
3293 2791 3352 2842 τὸ
3377 2789 3480 2859 τῆς
3506 2787 3672 2855 ἁγίας

2083 2883 2310 2955 Τριάδος
2352 2883 2667 2954 μυστήριον.
2709 2882 2879 2954 Δεῦρο
2940 2884 2998 2935 ὲν
3035 2882 3295 2955 Ἰορδάνῃ,
3329 2882 3423 2934 καὶ
3455 2883 3556 2953 ὅρα
3580 2879 3673 2933 διὰ

2084 2977 2424 3049 πραγμάτων
2452 2975 2743 3046 τηλαυγῶς
2772 2976 2871 3046 τῆς
2895 2976 3056 3045 ἁγίας
3075 2976 3168 3028 καὶ
3184 2975 3467 3046 ὀμοουσίου
3497 2972 3671 3044 Τριά-

2083 3067 2170 3129 δος
2202 3067 2301 3138 τὴν
2333 3066 2580 3136 δύναμιν·
2617 3067 2840 3137 Πατέρα
2882 3066 2980 3137 μὲν
3004 3067 3209 3122 ἄνωθεν
3243 3064 3631 3138 μαρτυροῦντα
3651 3079 3668 3092 '

2087 3160 2214 3213 Υίὸν
2239 3160 2295 3213 δὲ
2323 3159 2566 3214 κάτωθεν
2607 3159 3022 3231 βαπτιζόμενον,
3052 3158 3277 3229 Πνεῦμα
3306 3158 3365 3211 δὲ
3398 3156 3673 3225 πανάγιον

2086 3254 2142 3305 ὲν
2176 3253 2307 3306 εῖδει
2332 3254 2659 3324 περιστερᾶς
2693 3251 3113 3325 κατερχόμενον.
3151 3247 3310 3319 Αὐτῷ
3341 3250 3373 3319 ἡ
3399 3246 3543 3311 δόξα,
3572 3247 3672 3301 καὶ

2084 3344 2145 3398 τὸ
2176 3344 2397 3417 κράτος,
2451 3346 2546 3398 καὶ
2590 3347 2624 3416 ή
2675 3344 3067 3415 προσκύνησις,
3102 3342 3198 3395 σὺν
3246 3340 3323 3411 τῷ
3356 3339 3531 3411 Πατρὶ
3554 3338 3669 3411 (95)

2084 3435 2163 3507 τῷ
2192 3437 2604 3508 παντοκράτορι,
2660 3436 2754 3490 καὶ
2781 3435 2857 3507 τῷ
2902 3434 3199 3503 Μονογενεῖ
3230 3429 3395 3485 αὐτοῦ
3425 3429 3562 3501 Υίῷ,
3590 3429 3671 3501 τῷ

2087 3528 2278 3599 Κυρίῳ
2320 3527 2479 3599 ἡμῶν
2544 3528 2718 3600 Ἰησοῦ
2771 3526 3013 3601 Χριστῷ,
3041 3526 3135 3580 νῦν
3186 3524 3282 3578 καὶ
3312 3522 3418 3589 ἀεὶ,
3451 3522 3547 3575 καὶ
3588 3524 3670 3586 εἰς

2084 3622 2208 3684 τοὺς
2231 3620 2432 3684 αἰῶνας
2452 3619 2558 3675 τῶν
2583 3618 2815 3674 αἰώνων.
2834 3620 3009 3691 Ἀμήν
3041 3616 3171 3689 (94).

410 3713 465 3760 et
492 3708 769 3777 unigenito
796 3709 917 3778 ejus
941 3707 1079 3767 Filio
1104 3710 1332 3769 Domino
1354 3724 1541 3772 nostro
1570 3716 1699 3774 Jesu
1720 3718 1965 3785 Christo,
2005 3732 2152 3772 nunc
2183 3724 2236 3771 et
2266 3730 2481 3785 semper
2511 3723 2566 3771 et
2581 3715 2637 3769 in
2666 3713 2864 3769 saecula
2894 3712 3243 3768 saeculorum.-
3264 3709 3459 3764 Amen.

484 3887 704 3956 Quaasr.
727 3888 790 3944 ll.
836 3889 1118 3946 Undenam
1150 3895 1432 3963 cognoscit
1460 3896 1619 3951 homo
1651 3912 1709 3951 se
1735 3896 1979 3969 baptiza-

412 3988 527 4035 tum
549 3982 710 4052 plane
746 3998 889 4048 esse,
950 3999 1014 4039 ac
1073 3982 1339 4054 Spiritum
1398 3994 1646 4041 sanctum
1675 3989 1975 4058 accepisse,

412 4090 537 4130 cum
564 4083 712 4131 esset
734 4075 918 4133 infans
951 4077 1008 4132 in
1043 4086 1235 4134 sancto
1267 4079 1632 4149 baptismate?

480 4165 647 4223 Resp.
677 4167 845 4223 Isaias
876 4169 1143 4239 propheta
1166 4170 1344 4241 inquit
1370 4170 1439 4224 ad
1466 4169 1666 4225 Deum:
1696 4189 1715 4222 ι
1748 4170 1979 4242 Propter

411 4261 659 4315 timorem
687 4270 859 4325 tuum,
904 4260 1154 4329 Domine,
1195 4263 1566 4334 concepimus,
1598 4271 1652 4317 et
1684 4265 1979 4336 parturivi-

411 4368 557 4416 mus,
588 4368 652 4407 ac
674 4355 987 4424 peperimus
1027 4353 1291 4424 Spiritum
1334 4355 1527 4411 salutis
1561 4355 1627 4409 ’⁸.
1651 4375 1669 4407 ι
1704 4355 1980 4422 Quemad-

480 4508 528 4540 "
564 4506 669 4565 lsa.
701 4524 850 4573 xxvi,
887 4509 975 4564 18.

2171 3894 2363 3965 Ἑρώτ.
2396 3893 2461 3964 β’.
2500 3893 2671 3947 Πόθεν
2697 3889 3050 3960 ἐπιγινώσκει
3086 3887 3391 3959 ἄνθρωπος,
3421 3885 3505 3938 ὅτι
3530 3882 3667 3947 ὅλως

2082 3986 2409 4059 ἐϐαπτίσθη,
2443 3987 2537 4041 καὶ
2577 3984 2802 4055 Πνεῦμα
2844 3984 3001 4053 ἆγιον
3044 3980 3223 4047 ἔλαϐε,
3282 3982 3474 4052 νήπιος
3504 3976 3579 4031 ὣν
3607 3979 3665 4031 ὲν

2080 4078 2160 4150 τῷ
2189 4078 2331 4149 ἁγίῳ
2361 4077 2698 4149 βαπτίσματι
2730 4076 2873 4147 (95);

2168 4172 2357 4226 Ἀπόκ.
2428 4172 2488 4224 '0
2548 4171 2833 4245 προφήτης
2900 4167 3129 4230 Ἡσαΐας
3186 4165 3320 4235 φησὶ
3383 4161 3522 4234 πρὸς
3571 4160 3663 4215 τὸν

2081 4264 2246 4319 Θεόν·
2288 4282 2308 4316 ι
2342 4262 2444 4318 Διὰ
2500 4263 2592 4317 τὸν
2626 4263 2788 4333 φόϐον
2817 4270 2932 4327 σου,
2966 4259 3159 4331 Κύριε,
3214 4261 3272 4313 ὲν
3303 4256 3500 4327 γαστρὶ
3542 4252 3663 4307 ὲλὰ-

2086 4357 2254 4428 ϐομεν
2283 4357 2376 4411 καὶ
2419 4357 2782 4428 ὠδινήσαμεν,
2815 4354 2910 4409 καὶ
2939 4353 3199 4423 ὲτέκομεν
3232 4348 3456 4419 Πνεῦμα
3492 4361 3662 4415 σωτη-

485 4664 597 4736 (90)
626 4661 706 4736 Ita
739 4662 888 4736 Reg.
927 4664 951 4717 l
996 4671 1051 4736 et
1083 4663 1141 4729 2,
1180 4680 1320 4734 quos
1346 4666 1669 4736 sequimur.
1714 4664 1819 4719 Alii
1850 4679 1976 4719 cum

2092 4664 2164 4726 εἰς
2195 4662 2256 4715 τὸ
2284 4661 2342 4715 ἒν
2365 4660 2729 4736 ἁναφέρομαιο
2760 4660 2816 4736 id_
2836 4667 2941 4736 est_,
2971 4657 3660 4736 ynusquisqgensecundum

413 4733 595 4805 editis,
632 4734 792 4805 αὐτὸν
819 4734 907 4805 τὸν
934 4733 1139 4787 τούτων
1166 4733 1414 4805 ποιητήν.

484 4804 597 4877 (tu)
620 4804 749 4877 Τὴν
772 4804 1065 4877 ὑπόστασιν
1095 4805 1247 4862 deest
1281 4804 1335 4859 in
1351 4804 1524 4862 Basil.

484 4873 596 4945 (92)
620 4873 825 4947 Regius
846 4877 898 4947 '5,
924 4876 1208 4947 ὲνέπεσαν,
1240 4883 1296 4930 et
1318 4876 1391 4930 ita
1418 4876 1549 4947 legit
1590 4876 1862 4947 interpres
1889 4890 1984 4947 ve-

414 4953 527 5000 tus.
558 4944 737 5018 Editi’:
769 4946 1102 5018 ἐτράπησαν.
1131 4945 1299 5018 Infra,
1332 4944 1571 5018 hmcﬂb;
1591 4946 1699 5008 πᾶς
1726 4944 1984 5017 σαρκικὸς

415 5017 530 5080 υἱὸς
559 5014 874 5086 γενόμενος,
904 5014 1105 5072 desunt
1138 5017 1192 5070 in
1219 5014 1385 5071 Basil.

487 5084 599 5159 (93)
625 5084 778 5140 Hanc
816 5087 1420 5159 conclusionem‘aliqui
1456 5084 1817 5157 manuscripti
1861 5084 1989 5140 bre-

412 5158 642 5213 viorem.
679 5164 739 5211 ut
763 5159 924 5221 solet,
961 5158 1180 5212 habent.

485 5228 598 5299 (94)
633 5227 763 5299 Haec
808 5229 1061 5298 leguntur
1087 5229 1150 5299 in
1179 5226 1357 5299 tribus
1391 5224 1821 5299 manuscriplis:
1856 5222 1988 5299 Θεὸν

412 5295 641 5369 ἕκαστον
674 5298 795 5352 καθ’
840 5295 1027 5352 ἑαυτὸν
1079 5297 1469 5369 θεωρούμενον,
1508 5297 1583 5359 ὡς
1630 5295 1850 5369 Πατέρα
1895 5295 1989 5369 καὶ

413 5366 561 5429 Υἰὸν,
583 5369 660 5432 ὡς
693 5369 821 5423 Υἱὸν
848 5370 941 5423 καὶ
971 5369 1031 5421 τὸ
1062 5364 1377 5438 Πνεῦματὸ
1422 5367 1598 5438 ἅγιον,
1649 5364 1989 5438 φυλασσομέ-

414 5454 511 5524 νης
543 5440 756 5524 ἑκάστῳ
785 5440 883 5510 τῆς
914 5435 1371 5524 ίδιότητοςίὶθερν
1401 5439 1496 5524 καὶ
1517 5436 1586 5489 τὰ
1608 5435 1989 5524 τρία-τοῖς

414 5506 593 5579 ληλοις
624 5506 917 5579 νοούμενα·
952 5506 1129 5563 ἐκεῖνο
1156 5506 1245 5579 διὰ
1272 5507 1370 5579 τὴν
1402 5506 1986 5579 ὅμοουσιότητα,λτοῦτο

415 5510 446 5559 λ
483 5510 593 5572 λοις
624 5510 917 5579 νοούμενα·
952 5511 1129 5563 ἐκεῖνο
1156 5510 1245 5561 διὰ
1272 5510 1370 5578 τὴν
1402 5510 1430 5560 ὁ
1475 5510 1986 5575 οουσιότητα,τοῦτο

415 5510 500 5628 δῖλ
523 5577 621 5650 τὴν
646 5580 962 5650 μοναρχίαν.
1007 5579 1081 5633 Οὐ
1112 5578 1298 5650 φθάνω
1321 5577 1382 5630 τὸ
1509 5575 1841 5650 νοῆσαιηκαὶ
1873 5577 1986 5650 τοῖς

415 5646 563 5714 τρισὶ
579 5645 1007 5719 ’περιλάμπομαι
1028 5668 1039 5679 ·
1072 5645 1136 5703 οὐ
1170 5648 1356 5719 φθάνω
1384 5645 1454 5701 τὰ
1487 5646 1615 5718 τρία
1650 5645 1860 5712 διελεῖν,
1893 5646 1986 5699 καὶ

2090 4725 2154 4786 se
2174 4741 2438 4801 spectatus
2470 4725 2739 4797 De'us'est,
2772 4731 2928 4801 sicuti
2958 4725 3309 4801 Pater'iluF
3311 4727 3436 4780 ilius
3458 4770 3473 4792 ,
3504 4728 3660 4781 sicuti

2092 4799 2266 4858 Filius
2292 4806 2371 4856 ita
2393 4801 2647 4871 Spiritus,
2677 4799 2898 4869 singulis
2923 4815 3049 4853 suas
3070 4799 3417 4871 proprietates
3450 4813 3660 4850 serran-

2092 4873 2232 4927 tibus
2252 4891 2271 4928 :
2298 4882 2349 4927 et
2377 4866 2478 4926 tres
2503 4872 2585 4924 illi
2615 4872 2670 4924 in
2698 4866 2964 4924 se'mutuo
3004 4866 3325 4922 considerati
3360 4866 3495 4920 Deus
3517 4877 3655 4923 sunt.

2093 4942 2241 4997 Illud
2267 4944 2463 4997 scilicet
2485 4942 2772 5001 secundum
2799 4938 3405 4992 consubstantialitalem
3428 4938 3615 4990 habent
3637 4955 3659 4990 .-

2091 5014 2210 5077 hoc,
2234 5013 2519 5067 secundum
2569 5010 2954 5063 manare/tiam.
2998 5007 3122 5062 Non
3161 5010 3351 5061 accedo
3376 5007 3444 5060 ad
3465 5009 3658 5077 cogita-

2092 5084 2286 5137 tionem
2314 5085 2489 5145 unius,
2525 5083 2651 5151 quin
2680 5080 2848 5151 tribus
2877 5080 2984 5132 illis
3008 5080 3281 5131 illuminer
3302 5094 3453 5151 {non
3472 5080 3657 5151 accedo

2094 5155 2163 5207 ad
2188 5164 2292 5207 tres
2318 5153 2437 5207 illos
2467 5146 2793 5214 diuidendos,
2822 5151 2947 5219 quin
2973 5151 3027 5202 in
3059 5166 3222 5202 unum
3241 5149 3483 5219 reducat}
3518 5146 3582 5200 Et
3604 5149 3656 5202 in

2093 5225 2309 5278 duobus
2341 5223 2657 5276 tribuuntur
2687 5217 2948 5292 Gregorio
2976 5218 3275 5292 Tlleologo,
3302 5226 3355 5271 et
3390 5217 3657 5292 habenth

2093 5301 2232 5347 orat.
2271 5294 2359 5347 40.
2400 5292 2566 5347 Basil.
2606 5287 2904 5356 habetféx
2951 5289 3046 5343 τοῦ
3093 5289 3340 5358 θεολόγου
3396 5288 3525 5359 περὶ
3560 5287 3656 5359 τῆς

2092 5365 2251 5427 ἁγίας
2286 5365 2530 5427 Τριάδος.

2141 5380 2251 5431 γιας
2286 5380 2317 5415 1
2370 5380 2530 5427 ιαοος.

2176 5434 2286 5501 (95)
2322 5381 2413 5487 gic
2438 5435 2569 5504 Reg.
2601 5432 2654 5497 5,
2674 5438 2837 5504 recte.
2859 5429 3025 5504 Editi,
3046 5429 3121 5495 ὡς
3154 5427 3462 5504 ὲνρηπίοις.
3492 5423 3651 5504 Infra,

2094 5497 2229 5576 πρὸς
2257 5504 2348 5557 τὸν
2374 5505 2505 5558 Θεὸν
2521 5497 2686 5560 Ἇθεει
2716 5504 2788 5576 ἰιιΔ
2810 5501 3184 5576 dttobus_mss._
3207 5497 3378 5576 Paulo
3410 5497 3653 5576 post__xat

2092 5565 2353 5645 ὲτὲκομεν
2398 5576 2583 5632 deerat
2609 5576 2665 5630 in
2707 5573 2903 5639 editis;
2953 5570 3050 5627 sed
3084 5570 3280 5642 legitur
3314 5567 3372 5622 in
3404 5565 3651 5624 omnibus

2091 5661 2226 5716 pene
2246 5660 2377 5701 mss.
