3860 6200
193 238 294 298 σοι

1162 243 1625 312 ΟυΑΕδΤιΟΝΕΒ
1659 250 1752 307 AD
1787 252 2195 315 ANTIOCHUM
2232 256 2490 317 DUCEM.

3342 272 3449 331 603

194 360 335 432 ρὶας.
373 376 395 409 ι
428 358 636 431 Ὠσπερ
663 355 758 415 οὖν
789 362 823 432 ὴ
845 362 903 415 έν
934 361 1134 434 γαστρὶ
1148 363 1388 420 λαϐοῦσα
1419 368 1555 439 γυνὴ
1579 368 1644 422 ὲκ
1664 369 1759 424 τῶι

1881 376 2096 431 modum
2124 392 2252 450 ergo
2276 395 2565 452 pregnans
2620 383 2837 453 mulier,
2872 402 2941 441 ex
2976 386 3141 456 fetus,
3187 407 3349 463 quem
3387 396 3444 452 in

192 451 581 523 σκιρτημάτων
613 451 706 505 τοῦ
731 452 985 525 βρέφους,
1020 454 1110 508 τοῦ
1154 458 1212 510 ὲν
1249 460 1316 530 τῇ
1357 460 1541 531 μήτρᾳ
1573 461 1766 532 αὐτῆς,

189 542 476 597 ἐπίσταται
507 542 752 614 άψευδῶς
778 546 860 600 ὅτι
888 548 1101 619 καρπὸν
1153 548 1373 604 ἔλαϐενο
1410 550 1552 606 οὕτω
1608 555 1703 608 καὶ
1733 557 1767 628 ἠ

187 634 331 706 ψυχὴ
358 635 454 690 τοῦ
507 636 723 707 ἀληθῶς
752 638 1100 710 Χριστιανοῦ,
1147 642 1208 695 οὐ
1251 642 1339 696 διὰ
1371 645 1631 716 ῥημάτων
1660 646 1768 701 τῶν

186 728 410 796 γονέων,
446 728 581 783 ἀλλὰ
612 728 702 784 διὰ
742 732 1085 804 πραγμάτων
1129 734 1225 789 καὶ
1257 739 1645 809 σκιρτημάτων
1672 740 1769 811 τῆς

186 821 414 893 καρδίας
446 821 633 887 αὑτοῦ,
664 824 759 878 καὶ
793 824 1024 895 μάλιστα
1054 827 1132 898 τῷ
1152 828 1329 900 καιρῷ
1356 828 1464 883 τῶν
1486 832 1766 903 φωτισμάο

184 929 313 977 των,
364 914 460 966 καὶ
508 913 611 984 τῆς
664 915 1017 986 μεταλήψεως
1046 918 1140 971 τοῦ
1193 919 1351 987 ἁγίου
1400 920 1651 993 σώματος
1673 925 1768 978 καὶ

185 1006 418 1076 αἵματος
465 1006 562 1059 τοῦ
623 1007 882 1079 Χριστοῦ,
918 1011 1177 1081 μανθάνει
1216 1014 1282 1066 ὲκ
1316 1013 1415 1084 τῆς
1454 1017 1630 1085 χαρᾶς
1657 1016 1765 1087 (96)

182 1097 286 1166 τῆς
347 1098 514 1151 αὐτοῦ
571 1098 769 1171 ψυχῆς,
817 1102 900 1155 ὅτι
944 1103 1005 1156 τὸ
1051 1103 1278 1176 Πνεῦμα
1323 1106 1384 1159 τὸ
1415 1105 1568 1176 ἆγιον
1606 1108 1765 1163 ἔλαϐε

185 1189 527 1260 βαπτισθείς.

268 1283 460 1355 Ἐρώτ.
488 1291 560 1355 γ’.
587 1286 749 1352 Πότε,
785 1287 881 1342 καὶ
914 1288 1097 1354 πόθεν,
1132 1290 1228 1344 καὶ
1255 1290 1372 1355 πῶς
1402 1291 1689 1361 γεγόνασιν
1716 1294 1763 1346 οἱ

180 1374 404 1445 ἄγγελοι
428 1394 444 1443 ;
554 1390 559 1395 '

267 1470 455 1523 Ἀπόκ.
492 1470 631 1524 Οὔτε
654 1472 839 1538 πόθεν,
866 1471 993 1527 οὔτε
1053 1472 1171 1537 πῶς
1199 1474 1486 1543 γεγόνασιν
1518 1477 1567 1529 οἱ
1599 1475 1765 1546 ἄγγει

180 1559 284 1623 λοι,
317 1559 541 1615 δυνατὸν
602 1561 761 1631 φύσει
794 1563 1109 1636 ἀνθρωπίνῃ
1152 1568 1324 1618 εἰπεῖν
1348 1582 1363 1596 ο
1408 1567 1457 1618 εί
1494 1565 1567 1638 μὴ
1606 1566 1763 1621 τοῦτο

182 1653 365 1722 μόνον,
382 1654 545 1708 ὅτιὲκ
574 1653 675 1708 τοῦ
699 1655 775 1727 μὴ
803 1654 956 1720 ὄντος
979 1659 1060 1720 εἰς
1075 1658 1136 1710 τὸ
1162 1651 1303 1709 εἷναι
1330 1655 1474 1728 λόγῳ
1493 1656 1627 1710 Θεοῦ
1648 1657 1760 1730 (97)

1871 474 2028 523 utero
2060 468 2245 536 habet,
2301 472 2631 543 agitatione,
2696 485 2847 533 certo
2890 495 2949 536 se
3000 482 3153 537 novit
3206 484 3443 542 fructum

1871 562 2184 632 suscepisse
2214 582 2228 617 :
2260 565 2344 619 sic
2365 574 2420 621 et
2466 568 2649 622 anima
2696 571 2811 625 veri
2837 570 3160 642 Christiani,
3220 594 3333 633 non
3375 595 3445 636 ex

1868 653 2050 710 verbis
2095 665 2404 726 parentum,
2448 660 2543 715 sed
2599 677 2669 716 ex
2724 663 2891 719 rebus
2923 665 3058 735 ipsis
3100 675 3156 723 et
3201 670 3443 726 motibus

1867 745 2054 802 cordis
2069 748 2176 813 sui,
2210 751 2446 807 maxime
2492 769 2624 809 vero
2668 754 2862 813 diebus
2893 757 3048 816 festis
3085 768 3139 815 et
3168 762 3443 818 illumina-

1869 836 2081 894 tionum
2147 856 2245 896 seu
2310 842 2746 914 baptismatum,
2807 863 2871 902 ac
2924 852 3440 909 communicationis

1867 933 2046 987 sancti
2102 935 2352 1005 corporis
2398 945 2453 992 et
2501 940 2787 1008 sanguinis
2844 939 3071 1005 Christi,
3118 958 3185 998 ex
3242 945 3440 1014 gaudio

1868 1022 2067 1078 animae
2095 1040 2209 1081 sua:
2241 1025 2405 1083 discit
2434 1044 2494 1085 se
2517 1029 2854 1101 baptizatum
2871 1034 3152 1105 accepisse
3176 1034 3439 1107 Spiritum

1864 1125 2135 1171 sanctum.

1936 1277 2156 1345 Qumsr.
2184 1280 2274 1336 lll.
2298 1281 2681 1351 Quandonam,
2732 1288 2878 1343 unde
2905 1296 2960 1344 et
2991 1289 3267 1360 quomodo
3308 1290 3439 1346 facti

1863 1377 1993 1426 sunt
2014 1373 2189 1443 angeli
2212 1374 2236 1428 ἲ

1934 1462 2096 1519 Rssr.
2123 1463 2241 1519 Non
2258 1474 2440 1536 potest
2467 1477 2665 1524 natura
2705 1469 2945 1526 humana
2975 1474 3160 1530 dicere
3190 1476 3335 1532 unde
3352 1477 3440 1531 vel

1861 1559 2138 1626 quomodo
2173 1558 2303 1614 facti
2334 1562 2445 1615 sint
2478 1563 2655 1633 angeli
2688 1584 2701 1619 :
2732 1566 2826 1621 sed
2883 1566 2987 1623 hoc
3037 1569 3214 1623 solum
3261 1572 3435 1635 novit,

1860 1648 1986 1704 illos
2006 1650 2173 1706 verbo
2206 1651 2384 1708 Deiex
2411 1654 2585 1711 nihilo
2631 1655 2809 1713 factos
2861 1674 3003 1714 esse.
3040 1658 3271 1725 Quando
3307 1677 3438 1717 vero

178 1743 460 1812 γεγόνασι.
485 1746 558 1799 Τὸ
580 1746 638 1799 δὲ
669 1748 823 1812 πότε,
858 1748 909 1800 οἱ
946 1748 1046 1818 μέν
1082 1764 1216 1818 φασι
1248 1749 1316 1819 τῇ
1340 1746 1530 1819 πρώτῃ
1556 1748 1757 1820 ἡμέρᾳ,

1881 1741 1992 1795 'acti
2029 1742 2257 1809 fuerint,
2295 1746 2387 1800 alii
2421 1747 2598 1818 prima
2653 1750 2763 1815 die,
2790 1750 2882 1804 alii
2915 1759 3040 1807 ante
3078 1752 3309 1822 primam
3336 1769 3440 1823 pu-

178 1838 230 1889 οἱ
260 1836 316 1889 δὲ
338 1837 443 1909 πρὸ
472 1838 574 1909 τῆς
605 1837 832 1911 πρώτης
855 1840 1090 1912 ἡμέρας.

263 1928 320 1981 Ὁ
350 1928 407 1982 δὲ
449 1930 508 1982 ὲν
562 1931 740 1999 ἁγίοις
796 1933 984 2004 Πατὴρ
1014 1932 1171 2003 ἡμῶν
1206 1935 1303 1987 καὶ
1351 1930 1762 2005 θαυματουργὸς

190 2022 509 2091 Ἐπιφάνιος
530 2025 559 2076 6
590 2024 1015 2094 ἀρχιεπίσκοπος
1060 2024 1310 2096 Κύπρου,
1361 2027 1441 2089 είς
1472 2028 1565 2078 τὸν
1604 2024 1761 2093 λόγον

177 2114 343 2167 αὑτοῦ
359 2116 452 2168 τὸν
478 2115 621 2170 κατὰ
648 2116 861 2170 Παύλου
890 2117 984 2170 τοῦ
1032 2117 1414 2188 Σαμοσατὲως,
1450 2117 1531 2178 εἰς
1551 2116 1619 2170 τὰ
1645 2119 1763 2169 Πα-

174 2203 384 2273 uipera
407 2206 518 2278 (98)
548 2207 896 2280 πλατυτέρως
923 2208 1155 2275 ἐξέθετο,
1184 2210 1303 2280 ἅμα
1324 2208 1537 2281 οὐρανῷ
1570 2209 1663 2262 καὶ
1687 2211 1758 2282 γῇ

174 2297 399 2361 τούτους
427 2297 920 2371 δημιουργηθῆναι,
948 2300 1041 2353 καὶ
1072 2300 1193 2370 οὐχὶ
1216 2300 1500 2373 πρότερον,
1528 2300 1758 2373 ἀνατρέ-

175 2405 295 2449 πων
331 2388 422 2443 διὰ
475 2389 850 2462 συλλογισμῶν
877 2393 1003 2457 τοὺς
1026 2392 1186 2447 τοῦτο
1220 2392 1495 2461 λέγοντας.
1543 2394 1654 2448 Καὶ
1699 2394 1759 2448 ὲν

174 2480 351 2551 ἑτέρῳ
380 2481 439 2534 δὲ
463 2482 626 2535 αὐτοῦ
652 2482 796 2554 λόγῳ
822 2483 982 2537 τοῦτό
1005 2499 1190 2554 φησιν.

259 2572 453 2644 Ἐρώτ.
479 2573 543 2627 δ’.
568 2574 742 2628 Πόθεν
789 2573 951 2644 δῆλον
985 2575 1067 2628 ὅτι
1098 2574 1308 2628 κτιστοί
1328 2576 1465 2627 εἰσιν
1511 2575 1558 2627 οἰ
1599 2574 1760 2644 ἄγγε-

174 2662 293 2728 λοι;
321 2664 451 2717 οὐδὲ
465 2663 574 2737 γάρ
608 2665 906 2736 ἐμφέρεται
935 2682 988 2718 τι
1012 2665 1256 2719 τοιοῦτον
1284 2667 1342 2720 ὲν
1366 2667 1432 2737 τῇ
1458 2663 1623 2737 βίϐλῳ
1655 2664 1757 2735 τῆς

173 2756 468 2821 Γενέσεως.

259 2848 448 2901 Ἀπόκ.
482 2848 772 2904 Γινώσκων
797 2851 825 2903 6
850 2849 982 2914 Θεὸς
1022 2851 1085 2904 τὸ
1116 2850 1425 2919 φιλείδωλον
1467 2852 1561 2904 καὶ
1595 2846 1756 2902 πολύ-

174 2941 297 2995 θεον
355 2942 467 3013 (99)
491 2942 601 2997 τῶν
659 2943 961 3015 ἀνθρώπιον
990 2984 1005 3009 ,
1065 2945 1161 2997 καὶ
1205 2945 1443 3015 μάλιστα
1479 2942 1587 2996 τῶν
1624 2944 1756 2997 Ἰου-

1863 1840 2003 1888 tant.

1934 1928 2169 1985 Sanctus
2221 1938 2401 1985 autem
2436 1929 2600 1987 Pater
2627 1940 2817 1987 noster
2836 1944 2890 1989 et
2923 1933 3189 1990 miriﬁcus
3208 1933 3440 2005 Epipha-

1860 2021 1989 2076 nius
2025 2021 2135 2092 (98)
2171 2023 2618 2093 archiepiscopus
2640 2024 2829 2095 Cypri,
2868 2026 2923 2079 in
2946 2026 3087 2080 libro
3119 2041 3221 2081 suo
3243 2034 3437 2080 contra

1859 2111 2089 2167 Paulum
2154 2112 2612 2181 Samosatenum,
2651 2116 2707 2170 in
2762 2115 3018 2171 Panariis
3060 2118 3211 2184 suis,
3274 2119 3440 2173 latius

1859 2206 2103 2276 exponit,
2139 2221 2248 2260 una
2287 2222 2412 2261 cum
2436 2208 2579 2262 creto
2609 2216 2663 2263 et
2703 2215 2848 2263 terra
2878 2226 3001 2266 esse
3035 2210 3234 2276 factos,
3270 2221 3324 2266 et
3343 2228 3440 2266 ne-

1857 2312 2134 2368 quaquam
2170 2299 2347 2369 prius,
2391 2299 2643 2357 refutans
2674 2304 3116 2358 contradicentes
3147 2319 3244 2373 per
3269 2303 3438 2377 syllo-

1858 2383 2085 2454 gismos.
2106 2383 2171 2439 Et
2191 2384 2247 2439 in
2274 2386 2381 2443 alio
2410 2388 2648 2459 quodam
2670 2390 2811 2446 libro
2845 2390 2988 2446 idem
3011 2392 3230 2447 asserit.

1921 2554 2145 2620 Quas-1'.
2178 2553 2269 2608 IV.
2300 2553 2586 2611 Undenam
2604 2552 2956 2609 manifestum
2974 2560 3059 2609 est
3081 2559 3296 2608 creatos
3313 2566 3437 2608 esse

1858 2647 2117 2718 angelos?
2150 2662 2388 2718 namque
2419 2646 2553 2700 nihil
2584 2645 2899 2716 huiusmodi
2953 2646 3184 2700 habetur
3204 2646 3262 2699 in
3290 2645 3437 2701 libro

1857 2736 2152 2793 Geneseos.

1926 2828 2091 2884 Resp.
2131 2828 2268 2883 Cum
2317 2836 2508 2885 nosset
2560 2827 2705 2885 Deus
2750 2828 3037 2893 homines,
3088 2830 3436 2900 maximeque

1856 2918 2073 2976 Judaeos
2114 2935 2417 2990 propensos
2459 2935 2584 2975 esse
2642 2918 2711 2973 ad
2752 2918 3023 2973 idolorum
3056 2925 3110 2973 et
3134 2918 3431 2973 multorum

171 3009 374 3096 δαίων..
410 3009 601 3101 τούτου
644 3009 804 3106 χάριν
851 3034 1169 3107 ἀπέκρυψεν
1206 3009 1277 3089 ’ὲν
1307 3037 1372 3106 τῇ
1423 3033 1639 3087 Γενέσει
1664 3033 1755 3087 τὸν

1881 3013 2086 3068 leorum
2116 3014 2346 3078 cultum,
2371 3013 2576 3067 idcirco
2618 3012 2673 3065 in
2704 3011 2902 3066 Genesi
2934 3010 3154 3066 reticuit
3187 3010 3333 3079 quod
3365 3009 3433 3063 ad

172 3125 304 3195 περὶ
332 3123 443 3179 τῶν
791 3126 981 3196 λόγον’
1001 3096 1013 3107 ’
1046 3096 1131 3180 ἵνα
1164 3126 1239 3198 μὴ
1281 3096 1375 3180 καί
1412 3128 1609 3191 αὐτοὺς
1638 3126 1756 3180 θεο-

1881 3105 2084 3174 Ingelos
2116 3111 2409 3173 spectaret,
2430 3119 2499 3158 ne
2519 3103 2596 3157 illi
2617 3103 2708 3173 qui
2734 3102 2961 3157 vitulum
2981 3110 3036 3156 et
3055 3103 3160 3155 alia
3183 3100 3432 3171 quaedam

171 3219 472 3288 ποιήσωσιν
532 3220 583 3271 ol
627 3219 719 3272 τὸν
772 3220 971 3291 μόσχον
1032 3220 1126 3273 καὶ
1183 3220 1319 3274 ἄλλα
1362 3219 1481 3274 τινὰ
1515 3220 1760 3292 θεοποιή-

172 3325 369 3374 σαντες
390 3310 467 3375 ὡς
499 3309 655 3374 θεούς
688 3311 782 3382 (1).
812 3312 936 3365 Ὅτι
961 3310 1020 3365 δὲ
1049 3313 1143 3365 καὶ
1178 3313 1386 3366 κτιστοί
1413 3313 1551 3365 εἰσιν
1582 3313 1632 3366 οἱ
1662 3314 1760 3382 ἄγ-

169 3400 318 3469 γελοι
349 3441 368 3467 ,
398 3402 630 3455 ἄκουσον
682 3401 772 3456 τοῦ
834 3404 992 3471 ἁγίου
1034 3403 1349 3474 Πνεύματος
1377 3403 1465 3457 διὰ
1492 3404 1585 3457 τοῦ
1620 3405 1760 3476 Προ-

167 3493 341 3562 φήτου
389 3492 675 3561 λέγοντοςο
720 3511 740 3544 ι
771 3494 980 3547 Αἰνεῖτε
1032 3493 1126 3547 τὸν
1188 3493 1437 3565 Κύριον,“
1464 3494 1666 3557 πάντες
1705 3494 1755 3547 oi

163 3584 391 3653 ἄγγελοι
451 3584 655 3639 αὐτοῦ’
692 3587 889 3639 αἰνείτε
940 3587 1124 3651 αὐτὸν,
1178 3588 1348 3641 πᾶσαι
1399 3587 1453 3640 αἱ
1500 3586 1757 3657 δυνάμεις

166 3675 364 3739 αὑτοῦ,
396 3676 481 3729 ὅτι
522 3675 686 3741 αὐτὸς
745 3672 889 3740 εἷπε,
936 3678 1031 3731 καὶ
1067 3676 1425 3749 ἐγενήθησαν,
1476 3675 1638 3740 αὐτὸς
1677 3677 1763 3729 ὲν-

165 3767 432 3831 ετείλατο,
466 3767 561 3821 καὶ
580 3767 928 3840 ἐκτίσθησαν.
970 3790 989 3821 ι

251 3860 448 3933 Ἐρώτ.
476 3867 537 3914 ε’.
586 3861 682 3914 Ἐκ
730 3860 833 3932 τῆς
888 3859 1078 3925 οὐσίας
1116 3860 1175 3915 δὲ
1204 3860 1300 3914 τοῦ
1334 3860 1511 3931 φωτὸς
1561 3857 1753 3913 τούτου

165 3951 328 4017 εἰσιν,
363 3951 397 4022 ἢ
427 3950 596 4022 ἄλλης
627 3950 775 4015 τινὸς
810 3949 1061 4020 φύσεως;

252 4063 444 4118 Ἀπόκ.
477 4064 642 4118 Ὅσον
667 4063 913 4137 διαφέρει
936 4064 1032 4118 τοῦ
1055 4063 1283 4136 ἀστέρος
1306 4065 1335 4117 6
1369 4063 1541 4135 ἥλιος,
1563 4059 1756 4115 τοσοῦ-

165 4172 258 4209 τον
286 4152 538 4226 διαφέρει
572 4156 604 4227 ἡ
638 4154 797 4208 οὐσία
827 4155 937 4210 τῶν
987 4155 1234 4226 ἀγγέλων
1269 4155 1450 4227 πάσης
1488 4152 1594 4223 τῆς
1621 4152 1759 4223 ὁρω-

169 4247 342 4319 μένης
374 4248 629 4311 κτίσεως.

249 4339 449 4412 Ἑρὼτ.
486 4345 560 4404 ς’.
597 4339 772 4403 Πόσος
804 4338 864 4392 δὲ
908 4337 1017 4411 ἄρα
1049 4335 1156 4391 τῶν
1196 4336 1443 4407 ἀγγέλων
1465 4337 1494 4389 6
1525 4334 1759 4409 ἀριθμὸς

164 4432 405 4504 ὑπάρχει
428 4431 570 4502 ὑπὲρ
596 4430 688 4485 τὸν
716 4429 947 4502 ἀριθμὸν
974 4430 1075 4501 τῆς
1094 4428 1545 4501 άνθρωπότητος;

251 4544 483 4616 ’Δπόκρ.
509 4545 574 4599 Oi
597 4544 696 4615 μέν
723 4561 887 4613 φασιν
912 4544 1238 4615 ἐνενήκοντα
1265 4541 1422 4596 ὲννέα
1443 4540 1585 4613 μέρη
1617 4534 1758 4593 εἶναι

164 4640 296 4701 τοὺς
326 4637 597 4707 ἀγγέλους
622 4635 697 4707 (2)
720 4636 858 4708 πρὸς
895 4636 985 4690 τὸν
1018 4633 1250 4707 ἀριθμὸν
1274 4633 1374 4703 τῆς
1402 4630 1756 4703 ἁνθρωπότη-

163 4748 281 4795 τος,
297 4732 443 4785 κατά
465 4730 565 4803 τὴν
590 4749 666 4784 πα
675 4730 907 4803 ραόολὴν
928 4729 1022 4784 τοῦ
1044 4727 1251 4799 Κυρίου
1275 4726 1383 4781 τῶν
1408 4725 1602 4780 ἑκατὸν
1624 4741 1761 4796 προ-

164 4824 349 4879 ϐάτων
368 4841 382 4853 ·
415 4822 565 4877 ἄλλοι
588 4823 646 4877 δὲ
668 4822 828 4877 ἐννέα
854 4822 997 4877 κατὰ
1027 4822 1124 4894 τὴν
1146 4818 1462 4892 παραϐολὴν
1488 4817 1598 4872 τῶν
1624 4816 1757 4872 δέκα

162 4916 455 4990 δραχμῶν.
493 4917 712 4988 Ἐτεροι
765 4916 821 4969 δὲ
863 4915 1181 4989 ἰσαρίθμους
1225 4912 1445 4981 λέγουσι
1498 4911 1626 4974 τοὺς
1664 4911 1759 4964 ἁν-

164 5008 424 5081 θρὼπους
448 5008 544 5061 καὶ
569 5010 696 5072 τοὺς
721 5008 1008 5077 ἀγγέλους,
1037 5008 1293 5080 φέροντες
1338 5010 1419 5073 εἰς
1452 5007 1756 5081 μαρτυρίαν

236 5168 287 5198 ⁷⁹
323 5164 475 5221 Psal.
505 5180 743 5233 CXLVIII,
778 5164 843 5232 2,
878 5164 930 5220 5.

240 5348 356 5413 (96)
390 5347 527 5419 Tres
559 5346 823 5419 ῐηνεεζτῆς
849 5346 1089 5419 χάριτος.

242 5420 360 5488 (97)
395 5418 555 5486 Λόγῳ
588 5416 721 5488 Θεοῦ
770 5413 935 5488 deest
955 5419 1009 5471 in
1036 5416 1201 5488 Basil.
1245 5414 1559 5488 Momlieg.
1602 5413 1660 5488 ἓ,
1689 5414 1750 5488 0i

171 5491 285 5569 μέν.
307 5485 441 5569 φασι
468 5485 720 5569 τῇιτρίτῃ
751 5486 932 5569 ἡμέρέ
954 5525 981 5569 ,-
1004 5489 1052 5540 οἱ
1070 5487 1237 5569 ,δὲτῇ
1260 5486 1497 5569 τετράδι,
1519 5485 1567 5539 οἱ
1596 5485 1653 5539 δὲ
1684 5487 1748 5556 τῇ

165 5544 367 5640 iugoin
385 5561 487 5630 ὴμ.
510 5544 646 5611 Ibid.
680 5544 816 5640 ἦστε,
840 5544 1026 5640 όδὲὲν
1060 5544 1336 5640 άγίοςξ,“ει
1358 5544 1552 5612 cmtera
1579 5544 1754 5627 usque

170 5627 241 5687 ad
281 5627 441 5684 ﬁdem
475 5628 850 5699 responsionis
878 5627 1077 5683 desunt
1111 5629 1168 5683 in
1191 5628 1368 5685 tribus
1402 5642 1537 5683 mss.

246 5700 364 5773 (98)
394 5698 595 5770 Epiph.
625 5698 821 5755 haeres.
853 5713 978 5754 va.

439 5714 595 5770 pIpn.
626 5714 821 5755 narres.
853 5714 978 5754 uv.

1858 3197 1913 3252 in
1948 3198 2174 3251 deorum
2214 3211 2509 3252 numerum
2554 3196 2885 3259 retulerunt,
2944 3195 3096 3265 ipsos
3143 3195 3305 3248 etiam
3337 3208 3436 3248 an—

1858 3289 2008 3359 gelos
2029 3296 2087 3342 ut
2108 3288 2240 3343 deos
2271 3274 2541 3343 colerent.
2560 3285 2716 3352 Quod
2747 3293 2927 3340 autem
2963 3285 3133 3340 creati
3181 3285 3293 3339 sint
3334 3298 3435 3337 an-

1858 3381 1984 3451 geli,
2016 3380 2215 3435 discea
2240 3377 2446 3450 Spiritu
2476 3386 2670 3433 sancto
2703 3392 2798 3447 per
2826 3375 3155 3446 Prophetam
3196 3375 3381 3430 aiente
3414 3391 3432 3429 :

1865 3491 1883 3524 ι
1911 3472 2154 3527 Laudate
2210 3470 2521 3537 Dominum,
2573 3485 2763 3524 omnes
2813 3468 2991 3539 angeli
3022 3467 3141 3538 ejus
3172 3485 3185 3518 :
3215 3465 3435 3521 laudate

1858 3581 2005 3630 eum,
2039 3580 2230 3620 omnes
2268 3564 2501 3619 virtutes
2535 3563 2678 3632 ejus,
2733 3562 2862 3632 quia
2905 3561 3021 3631 ipse
3042 3560 3178 3614 dixit
3205 3568 3260 3616 et
3288 3558 3432 3614 facta

1858 3666 2008 3723 sunt,
2044 3657 2160 3730 ipse
2177 3655 2453 3711 mandavit
2481 3663 2535 3711 et
2556 3662 2739 3710 creata
2775 3663 2904 3708 sunt
2934 3653 2999 3704 ".
3030 3669 3050 3703 ι

1928 3840 2151 3906 Qua-:51.
2181 3835 2246 3891 V.
2280 3835 2361 3890 Ex
2406 3844 2719 3891 essentIane
2753 3838 2882 3887 sunt
2918 3831 3084 3901 hujus
3107 3831 3332 3887 luminis
3361 3845 3433 3886 an

1857 3948 1925 3988 ex
1955 3934 2139 4001 aliqua
2168 3930 2272 3984 alia
2312 3928 2549 3983 natura?

1929 4042 2092 4097 Rssr.
2125 4040 2401 4108 Quantum
2438 4040 2519 4094 sol
2551 4052 2583 4091 a
2607 4036 2760 4093 stella
2788 4035 2991 4100 dill‘ert,
3017 4042 3230 4090 tantum
3254 4033 3435 4092 dill‘ert

1858 4145 2056 4193 natura
2087 4135 2403 4206 angelorum
2434 4133 2503 4188 ab
2529 4133 2677 4188 omni
2713 4130 2919 4187 visibili
2950 4135 3223 4184 creatura.

1932 4325 2155 4383 uomsr.
2189 4311 2278 4368 Vl.
2312 4311 2584 4379 Quantum
2620 4310 2782 4381 igitur
2811 4308 3128 4381 angelorum
3149 4323 3433 4375 numerus,

1787 4445 1834 4500 Β
1863 4410 2146 4465 hominum
2179 4402 2583 4460 multitudinem
2606 4401 2862 4473 superat?

1930 4542 2098 4599 RESP.
2129 4541 2235 4596 Alii
2263 4540 2484 4611 quidem
2525 4539 2681 4593 aiunt
2710 4534 3011 4606 nonaginta
3033 4548 3230 4589 novem
3249 4538 3436 4603 partes

1864 4651 1988 4692 esse
2021 4636 2246 4706 angelos
2286 4634 2334 4688 si
2380 4647 2503 4687 cum
2532 4644 2763 4685 numero
2788 4628 3069 4682 hominum
3105 4639 3432 4696 comparen-

1863 4736 1995 4795 tur;
2033 4736 2254 4796 propter
2285 4725 2499 4781 scilicet
2530 4722 2847 4794 parabolam
2876 4718 3089 4774 Domini
3110 4718 3178 4774 de
3210 4724 3432 4773 centum

1862 4820 2028 4891 219
2045 4820 2240 4875 ovibus
2264 4837 2278 4872 :
2311 4818 2401 4873 alii
2436 4834 2588 4882 vero,
2611 4830 2807 4872 novem
2831 4855 2847 4881 ,
2878 4823 3098 4886 propter
3116 4811 3433 4883 parabolam

1860 4914 1929 4969 de
1954 4914 2142 4969 decem
2178 4913 2475 4968 drachmis.
2507 4912 2702 4968 Cazteri
2735 4917 2916 4964 autem
2947 4914 3141 4978 putant
3167 4903 3430 4974 aqualem

1864 5020 1987 5063 esse
2044 5005 2361 5074 angelorum
2421 5014 2476 5060 et
2526 5004 2809 5060 hominum
2846 5013 3175 5061 numerum,
3232 4995 3430 5095 borum

1931 5339 2046 5410 (99)
2074 5338 2209 5393 Tres
2238 5353 2370 5410 mss.
2396 5338 2490 5410 xa‘t
2510 5332 3040 5410 nameso~llomissis
3069 5328 3431 5410 intermediis.

1930 5400 2007 5483 (1)
2030 5400 2189 5483 Haec,
2220 5410 2268 5483 οἱ
2297 5408 2388 5483 τὸν
2419 5408 2614 5483 μόσχον
2637 5406 2731 5459 καλ¹
2761 5402 3054 5483 άλλαῇτινά
3093 5400 3438 5483 θεοποιήσανυ

1857 5472 2206 5545 τες,ἰιθειιηι
2244 5480 2297 5531 in
2335 5472 2553 5532 duobus
2583 5491 2717 5529 mss.
2761 5474 2878 5527 Mox
2904 5472 3075 5545 Palat.
3115 5472 3171 5545 2,
3206 5472 3434 5545 ᾄκουσον

1857 5540 2154 5607 τόδ’Δαϐἱδ
2179 5548 2273 5602 τοῦ
2310 5548 2584 5620 προφήτου
2625 5545 2888 5614 λέγοντος.
2945 5543 3183 5611 Quaestio
3216 5541 3250 5598 5
3280 5540 3441 5597 abest

1790 5671 1799 5680 .
1859 5624 1928 5679 ab
1952 5623 2164 5677 eodem.

1935 5694 2010 5764 (2)
2036 5692 2113 5747 Ita
2141 5692 2173 5745 4
2199 5704 2329 5746 mss.
2372 5686 2517 5744 Editi
2539 5700 2689 5751 vero,
2721 5686 2827 5739 τῶν
2860 5683 3125 5754 ἀγγέλων.
