3840 6194
417 269 525 330 603

1547 265 1603 320 S.
1642 262 2107 322 ATBANASIUS.
2149 292 2221 305 —
2269 259 2540 320 SPURIA.

3559 260 3679 317 604

415 357 710 445 verborum
742 382 1058 440 testimonio
1085 381 1280 446 innixi,
1318 399 1336 432 ι
1370 378 1674 437 Constituit
1730 378 1995 434 terminos

2129 375 2186 429 6'
2230 394 2248 427 ι
2283 377 2551 448 Ἐστησεν
2598 374 2720 446 ὅρια
2770 372 2936 428 ἐθνῶν
2959 372 3100 426 κατά
3148 372 3379 444 ἀριθμὸν
3428 375 3684 444 ἀγγέλων

417 480 660 551 gentium
689 476 844 547 juxta
874 489 1164 529 numerum
1198 474 1519 545 angelorum
1548 472 1642 527 Dei
1666 471 1732 525 ⁸ο.
1756 490 1775 523 ι

487 571 709 638 ngsr.
750 566 863 622 VII.
905 565 1024 633 Qua
1054 567 1110 621 in
1142 582 1201 623 re
1228 566 1409 623 diﬂ‘ert
1450 566 1757 621 daemonum
1796 568 1995 617 natura

418 679 448 717 a
490 672 691 718 natura
733 660 1093 731 angelorum?

434 754 439 759 ⁷
489 753 655 815 Besr.
697 750 857 807 Nulla
885 758 970 806 est
1008 759 1220 805 natura:
1257 749 1503 820 ipsorum
1537 745 1866 811 diil‘erentia,
1899 745 1995 801 sed

420 846 748 912 voluntatis,
776 843 1237 916 quemadmodum
1270 843 1375 897 alia
1409 850 1494 897 est
1517 840 1654 912 justi
1682 855 1859 905 mens,
1890 839 1997 893 alia

421 939 752 1012 peccatoris.

493 1033 716 1100 Quassr.
748 1029 883 1086 Vill.
925 1029 1071 1098 Quot
1100 1037 1232 1086 sunt
1262 1029 1486 1086 ordines
1510 1034 1565 1083 et
1588 1035 1720 1098 quot
1746 1032 1874 1081 sunt
1900 1039 1997 1078 an-

423 1124 669 1196 gelorum
701 1122 943 1177 naturae?

494 1210 658 1269 Resp.
701 1209 823 1266 Una
862 1219 946 1267 est
987 1218 1208 1274 natura,
1240 1204 1696 1279 quemadmodum
1730 1211 1784 1259 et
1820 1202 1999 1257 homi-

422 1319 577 1360 num.
619 1306 687 1359 At
716 1319 909 1359 novem
942 1310 1071 1357 sunt
1100 1302 1343 1367 ordines,
1373 1308 1433 1354 ut
1468 1298 1753 1368 theologiae
1781 1295 1998 1365 peritis-

425 1394 599 1450 simus
646 1393 806 1448 docet
857 1392 1171 1464 Dionysius,
1211 1391 1305 1462 qui
1348 1389 1661 1459 huiusmodi
1705 1395 1833 1445 sunt
1861 1407 1873 1442 :
1899 1403 1997 1441 an-

422 1485 553 1556 geli,
595 1484 930 1554 archangeli,
975 1483 1339 1553 principatus,
1374 1486 1697 1551 potestates,
1741 1478 1995 1542 virtutes,

424 1574 848 1637 dominationes,
882 1589 979 1630 sex
1009 1574 1111 1628 alis
1146 1573 1416 1627 instructa
1449 1570 1748 1639 seraphim,
1779 1568 1997 1623 multis-

423 1681 530 1737 que
560 1667 736 1722 oculis
767 1675 956 1720 ornata
986 1665 1292 1730 cherubim,
1337 1672 1392 1718 et
1423 1664 1625 1716 throni.
1657 1660 1731 1715 De
1760 1677 1870 1715 una
1905 1675 1997 1714 an-

2098 465 2255 521 Θεοῦ.
2297 486 2315 518 ι

2182 558 2374 630 Ἐρώτ.
2413 558 2477 623 ζ’.
2514 559 2579 611 Τί
2620 557 2999 628 παρήλλακται
3028 557 3062 627 ὴ
3093 555 3249 609 οὐσία
3275 554 3385 610 τῶν
3408 557 3683 627 δαιμόνων

2098 650 2198 721 τῆς
2229 650 2417 714 οὐσίας
2442 649 2550 702 τῶν
2572 649 2847 719 άγγέλων;
3735 709 3741 713 ,

2181 741 2368 795 Ἀπόκ.
2423 742 2489 793 Ἠ
2530 740 2685 794 οὐσία
2733 741 2793 794 οὐ
2829 739 3228 811 παρήλλακται,
3275 739 3389 793 ἀλλ’
3420 743 3453 810 ἡ
3483 742 3683 813 προαί-

2101 848 2266 903 ρεσις,
2300 832 2486 903 ὥσπερ
2519 834 2551 903 ή
2578 830 2768 903 γνώμη
2796 831 3006 885 δικαίου
3037 832 3131 885 καὶ
3173 832 3518 904 άμαρτωλοῦ.

2185 1009 2377 1081 Ἐρώτ.
2403 1015 2471 1081 η’.
2505 1009 2655 1064 Πόσα
2703 1009 2958 1080 τάγματα
2989 1009 3083 1063 καὶ
3111 1009 3275 1063 πόσαι
3305 1010 3483 1066 οὐσίαι
3510 1012 3684 1081 ἀγγέ-

2101 1099 2207 1154 λων
2237 1102 2409 1168 είσίν;

2177 1192 2365 1245 Ἀπόκ.
2394 1192 2565 1246 Οὑσία
2585 1191 2701 1262 μία,
2730 1189 2918 1262 ὥσπερ
2943 1191 3037 1243 καὶ¹
3057 1189 3358 1261 ἀνθρώπων
3401 1192 3500 1262 μία
3567 1192 3679 1246 Τά-

2095 1298 2280 1351 γματα
2327 1282 2406 1347 δὲ,
2435 1282 2510 1346 ὡς
2531 1284 2560 1335 6
2590 1282 2755 1344 πολὺς
2800 1283 2859 1334 ὲν
2904 1281 3149 1354 θεολογίᾳ
3186 1282 3455 1347 Διονύσιός
3490 1302 3681 1354 φησιν,

2097 1372 2274 1436 ἐννέα,
2328 1372 2468 1445 ειπερ
2523 1375 2630 1427 εἰσὶ
2660 1372 2863 1427 ταῦτα’
2900 1374 3142 1443 ἄγγελοι,
3183 1375 3535 1447 ἀρχάγγελοι,
3584 1379 3685 1448 ἀρ-

2096 1464 2207 1534 χαὶ,
2243 1464 2501 1529 ἐξουσίαι,
2530 1466 2809 1536 δυνάμεις,
2845 1466 3184 1536 κυριότητες,
3220 1466 3287 1519 τὰ
3325 1466 3680 1538 ἑξαπτέρυγα

2098 1555 2358 1625 σεραφὶμ,
2383 1554 2452 1607 τὰ
2476 1554 2833 1625 πολυόμματα
2851 1555 3135 1626 χερουϐὶμ,
3166 1557 3261 1608 καὶ
3280 1558 3328 1608 οἱ
3361 1556 3542 1628 θρόνοι
3574 1557 3680 1627 (5).

2095 1645 2232 1716 Περὶ
2271 1647 2398 1716 μιᾶς
2435 1646 2623 1710 οὐσίας
2671 1646 2915 1715 ἀγγέλων
2960 1648 3055 1701 καὶ
3105 1649 3135 1700 ό
3177 1647 3329 1717 ἅγιος
3376 1636 3685 1722 Γρηγόριος

422 1728 666 1826 gelorum
700 1755 1011 1811 substantia
1040 1728 1286 1824 loquitur
1326 1754 1489 1808 etiam
1521 1750 1818 1821 Gregorius
1850 1749 1993 1821 Nys-

2155 1737 2376 1809 Νύσσ-ης
2403 1737 2548 1806 λέγει
2576 1739 2657 1802 είς
2690 1738 2751 1790 τὸ
2777 1738 3233 1793 ἑπτακαιδέκατον
3262 1740 3555 1810 κεφάλαιον
3581 1742 3684 1801 τοῦ

427 1859 596 1899 senus
644 1845 701 1898 in
749 1844 964 1899 decimo
1010 1844 1241 1914 septimo
1272 1843 1469 1913 {capite
1498 1842 1621 1897 libri
1663 1842 1750 1897 sui
1784 1839 1859 1897 De
1898 1842 1997 1896 ho-

422 1935 590 1988 mine.

494 2025 717 2091 Quas'r.
751 2024 845 2081 IX.
887 2025 1031 2092 Quot
1063 2031 1190 2080 sunt
1221 2024 1345 2078 coeli
1366 2023 1484 2095 (4)?

492 2114 656 2171 Esse.
699 2116 854 2170 Multi
881 2119 983 2171 hac
1003 2117 1069 2171 de
1091 2116 1393 2186 qumstione
1419 2115 1720 2169 decertant.
1753 2111 1997 2183 Namque

423 2206 564 2262 liber
606 2206 834 2263 Genesis
882 2207 1019 2263 duos
1051 2209 1223 2263 caelos
1272 2214 1684 2262 commemorat.
1733 2205 1803 2259 At
1838 2204 1996 2259 divus

425 2296 630 2352 Paulus
705 2299 927 2353 tertium
1004 2299 1203 2353 ctelum
1254 2298 1426 2352 novit.
1466 2296 1775 2363 Quinetiam
1828 2294 1997 2349 David

423 2389 688 2460 prapheta
740 2398 996 2460 quartum
1045 2396 1317 2455 numerat,
1367 2405 1492 2444 cum
1551 2389 1648 2453 ait,
1708 2407 1726 2440 ι
1756 2386 1998 2443 Laudato

423 2496 571 2544 eum,
604 2481 728 2534 ειειὶ
769 2482 1051 2536 ccelorum.
1086 2501 1105 2535 ι
1147 2480 1442 2537 Sciendum
1481 2487 1662 2535 autem
1700 2487 1784 2535 est
1816 2479 1999 2535 existi-

422 2585 576 2626 mare
608 2586 705 2626 eos
726 2573 819 2642 qui
849 2572 1061 2637 dicunt,
1094 2579 1310 2643 raptum
1352 2572 1525 2627 fuisse
1546 2571 1776 2626 Paulum
1810 2574 1867 2625 in
1888 2580 1999 2626 ter-

422 2663 561 2718 tium
599 2665 821 2731 cmlum,
857 2681 967 2720 non
1000 2666 1057 2720 in
1092 2673 1204 2720 tres
1231 2664 1423 2729 cmlos,
1459 2664 1604 2735 quod
1639 2664 1998 2735 quemadmo—

423 2754 555 2811 dum
601 2757 886 2811 hominum
946 2764 1142 2811 natura
1194 2764 1249 2812 et
1300 2773 1443 2812 unus
1499 2757 1663 2811 homo
1705 2756 1907 2812 dicitur
1944 2765 1999 2811 et

424 2849 581 2903 multi
625 2849 872 2905 homines
901 2869 914 2903 :
941 2849 1015 2903 ita
1064 2855 1261 2903 natura
1293 2850 1559 2904 caelorum
1599 2856 1652 2902 et
1681 2863 1849 2902 unum
1886 2863 1999 2903 cte-

422 2938 536 2994 lum
561 2939 704 3009 apud
724 2938 965 2995 divinam
989 2938 1328 3009 Scripturam
1352 2939 1573 3005 dicitur,
1597 2947 1651 2994 et
1667 2940 1826 2994 multi
1848 2940 1992 2994 caeli.

495 3093 718 3173 Qumsr.
758 3094 826 3149 X.
867 3094 1228 3162 Quandonam
1279 3103 1335 3152 et
1366 3111 1539 3167 quare
1576 3096 1773 3152 cecidit
1809 3095 1998 3157 diabo-

425 3185 552 3240 lus?
578 3183 837 3239 Nonnulli
878 3187 1023 3241 enim
1071 3186 1566 3243 comminiscuntur
1608 3187 1759 3241 illum
1791 3186 2000 3243 idcirco

427 3277 719 3343 cecidisse,
753 3277 900 3348 quod
930 3279 1199 3332 Adamum
1231 3278 1406 3334 nollet
1434 3279 1683 3335 adorare.

499 3368 666 3424 BESP.
745 3368 1050 3425 Stultorum
1125 3370 1408 3429 hominum
1484 3378 1613 3427 sunt
1687 3372 2002 3442 hujusmodi

427 3457 615 3516 verba.
659 3458 940 3530 Siquidem
991 3460 1188 3515 cecidit
1222 3460 1493 3527 diabolus,
1540 3469 1833 3533 antequam
1864 3464 2004 3519 Ada-

428 3563 555 3604 mus
590 3557 757 3606 esset.
807 3550 1039 3605 Constat
1081 3567 1212 3607 vero
1260 3552 1464 3623 ipsum,
1492 3562 1553 3608 ut
1601 3563 1791 3609 narrat
1831 3553 2002 3612 Isaias

429 3638 720 3709 propheta,
756 3655 912 3696 suam
951 3648 1175 3712 propter
1218 3644 1531 3713 superbiam
1569 3645 1855 3711 cecidisse,
1895 3661 2004 3717 qua

430 3745 627 3800 nempe
660 3729 777 3785 haec
835 3746 1021 3786 secum
1081 3732 1397 3803 cogitabat,
1432 3752 1450 3785 ι
1480 3723 1687 3789 Ponam
1746 3735 2003 3790 thronum

430 3837 611 3877 meum
647 3836 811 3892 supra
836 3822 1033 3889 nubes,
1059 3831 1113 3879 et
1138 3839 1234 3879 ero
1266 3825 1464 3881 similis
1504 3825 1787 3881 Altissimo
1808 3827 1876 3882 ει.
1908 3846 1926 3878 ι

504 3912 724 3978 ρυλεετ.
760 3912 853 3973 XI.
892 3915 1065 3985 Cujus
1113 3916 1287 3987 gratia
1325 3916 1404 3971 illi
1438 3918 1715 3974 concessit
1756 3916 1900 3974 Deus
1944 3925 2004 3973 ut

431 4003 634 4059 bellum
673 4004 902 4061 inferret
934 4008 1117 4078 generi
1148 4008 1469 4063 hominum?

504 4094 668 4150 Resp.
709 4094 914 4166 Nempe
954 4108 1012 4151 ut
1041 4096 1134 4168 qui
1169 4096 1339 4155 Deum
1378 4098 1688 4168 diligerent,
1720 4098 2005 4169 conspicui

432 4184 634 4253 forent,
664 4195 719 4242 et
747 4188 840 4258 qui
871 4189 1245 4259 voluptatibus
1280 4199 1466 4245 essent
1493 4189 1682 4255 dediti,
1714 4188 2005 4260 deprehen-

432 4279 709 4336 derentur.
760 4279 922 4335 Nullo
959 4282 1106 4336 enim
1150 4282 1453 4337 obsistente
1500 4282 1836 4346 adversario,
1890 4282 2005 4337 veri

2095 1829 2191 1893 Είς
2226 1829 2318 1883 τὸν
2354 1830 2645 1884 ἄνθπωπον
2667 1829 2825 1899 λόγου
2847 1828 3032 1884 αὐτοῦ.

2176 1998 2367 2072 Ἐρώτ,
2404 1999 2468 2054 θ’,
2499 2000 2662 2054 Πόσοι
2700 2000 2918 2072 οὐρανοί
2946 2000 3083 2054 εἰσιν
3113 2001 3223 2073 (4);

2178 2092 2365 2145 Ἀπόκ.
2423 2092 2841 2163 Ἀμφιϐἀλλεται
2898 2093 3113 2157 πολλοῖς
3169 2095 3231 2147 τὸ
3269 2093 3533 2166 ἐρώτημα
3576 2096 3683 2166 (5).

2106 2184 2172 2238 Ἡ
2202 2185 2300 2255 μὲν
2327 2184 2435 2255 γὰρ
2466 2183 2642 2254 βίϐλος
2670 2187 2770 2256 τῆς
2796 2184 3067 2250 Γενέσεως
3097 2185 3190 2239 δύο
3216 2188 3477 2258 οὐρανοὺς
3502 2188 3681 2257 λέγει·

2094 2278 2122 2329 6
2146 2277 2202 2329 δὲ
2235 2276 2389 2344 ἅγιος
2414 2274 2626 2339 Παῦλος
2658 2276 2751 2330 καὶ
2810 2277 2992 2346 τρίτον
3031 2277 3258 2348 οὐρανὸν
3308 2275 3467 2335 εἶδεν.
3505 2281 3565 2333 Ὁ
3621 2280 3681 2334 δὲ

2096 2370 2379 2439 προφήτης
2404 2368 2586 2432 Δαϐὶδ,
2616 2368 2711 2421 καὶ
2760 2367 3018 2441 τέταρτον
3051 2369 3218 2437 λέγει,
3246 2369 3429 2433 καθώς
3472 2387 3673 2442 φησιν·

2101 2478 2120 2511 ι
2156 2461 2367 2513 Αἰνεῖτε
2393 2458 2578 2524 αὐτόν,
2611 2460 2661 2512 οἱ
2683 2460 2901 2530 οὐρανοὶ
2929 2461 3036 2513 τῶν
3063 2462 3324 2533 οὐρανῶν.
3360 2481 3381 2514 ι
3414 2464 3611 2516 Ἰστέον
3625 2464 3686 2517 δὲ

2095 2553 2405 2622 λογίζεσθαι
2438 2552 2512 2625 (6)
2546 2552 2673 2616 τοὺς
2709 2551 2964 2620 λέγοντας
2996 2554 3075 2616 είς
3106 2555 3167 2606 τὸ
3194 2554 3372 2625 τρίτον
3401 2554 3497 2607 τοῦ
3518 2556 3684 2627 οὐρα-

2096 2643 2208 2708 νοῦ,
2240 2645 2330 2697 καὶ
2363 2644 2463 2697 οὐκ
2488 2647 2567 2708 εἰς
2593 2644 2740 2714 τρεῖς
2769 2644 3028 2714 οὐρανοὺς
3063 2645 3380 2715 άρπαγῆναι
3402 2645 3492 2698 τὸν
3526 2645 3682 2714 ἅγιον

2097 2735 2332 2803 Παῦλον,
2382 2736 2484 2801 ὅτι,
2524 2734 2775 2806 καθάπερ
2819 2737 2852 2807 ἡ
2897 2734 3056 2804 φύσις
3105 2736 3213 2788 τῶν
3245 2736 3543 2806 ἀνθρώπων
3585 2738 3684 2791 καὶ

2096 2820 2178 2890 εἷς
2208 2827 2422 2895 λέγεται
2469 2826 2774 2896 ἄνθρωπος,
2823 2826 2916 2879 καὶ
2940 2825 3098 2879 πάλιν
3136 2827 3321 2880 πολλοὶ
3361 2827 3641 2899 ἄνθρωποι
3665 2846 3678 2860 ⁸

2096 2923 2236 2978 οὕτω
2269 2925 2419 2996 καὶὴ
2463 2923 2572 2977 τῶν
2599 2923 2845 2995 οὐρανῶν
2881 2922 3061 2991 φύσις,
3096 2923 3192 2975 καὶ
3225 2921 3305 2986 εἷς
3325 2923 3553 2995 οὐρανὸς
3585 2937 3683 2978 καθ.

2100 3015 2284 3069 πολλοὶ
2312 3016 2530 3089 οὐρανοὶ
2563 3019 2620 3072 ὲν
2641 3019 2707 3088 τῇ
2740 3017 2861 3089 θείᾳ
2893 3017 3082 3089 Γραφῇ
3116 3017 3383 3085 λέγονται.

2181 3106 2372 3178 Ἐρώτ.
2410 3114 2460 3162 ι’.
2491 3108 2652 3173 Πότε,
2708 3109 2804 3162 καὶ
2826 3108 2912 3162 διὰ
2963 3109 3015 3161 τί
3059 3108 3312 3175 ἐξέπεσεν
3342 3109 3371 3160 ὁ
3402 3105 3650 3170 διάϐολος
3670 3149 3684 3171 ,

2098 3194 2437 3251 Μυθεύονται
2460 3196 2568 3267 γάρ
2602 3213 2765 3261 τινες,
2792 3197 2896 3259 ὅτι,
2920 3196 3350 3266 καταδεξάμενος
3374 3195 3687 3266 προσκυνῆ-

2107 3302 2198 3338 σαι
2222 3285 2313 3339 τὸν
2353 3285 2544 3356 Ἀδάμ,
2576 3285 2664 3340 διὰ
2698 3286 2856 3341 τοῦτο
2876 3287 3154 3352 ἐξέπεσεν.

2186 3376 2372 3430 Ἀπόκ.
2420 3378 2693 3449 Ἀφρόνων
2725 3378 2802 3450 (7)
2847 3378 3059 3451 ἀνδρῶν
3110 3377 3178 3431 τά
3227 3376 3451 3431 τοιαῦτα
3479 3378 3688 3448 τυγχά-

2103 3484 2251 3521 νουσι
2303 3468 2541 3539 ῥήματα.
2597 3469 2654 3522 '0
2695 3469 2804 3539 γὰρ
2841 3470 3104 3535 διάϐολος,
3130 3470 3258 3541 πρὶν
3295 3469 3550 3538 γενέσθαι
3593 3471 3686 3523 τὸν

2115 3560 2286 3629 Ἀδὰμ
2317 3557 2412 3630 (8),
2441 3558 2686 3623 ἐξέπεσε.
2717 3561 2992 3633 Πρόδηλον
3020 3562 3097 3625 δὲ,
3132 3556 3213 3614 ἔτι
3234 3561 3323 3615 διὰ
3353 3562 3452 3632 τὴν
3510 3564 3688 3634 ὑπερ-

2103 3649 2336 3721 ηφανίαν
2362 3648 2548 3715 αὐτοῦ,
2578 3650 2652 3714 ὥς
2670 3668 2835 3721 φησιν
2874 3652 3101 3715 Ἡσαΐας
3139 3654 3168 3705 6
3195 3653 3500 3723 προφήτης,
3535 3652 3685 3723 λογι-

2103 3741 2357 3811 σάμενος,
2386 3741 2466 3794 ὅτι
2492 3760 2510 3793 ι
2534 3742 2694 3814 Θήσω
2718 3743 2807 3797 τὸν
2840 3742 3028 3814 θρόνον
3058 3760 3157 3814 μου
3193 3743 3412 3797 ἐπὶτῶν
3436 3743 3513 3814 (9)
3536 3762 3697 3813 νεφεα

2103 3832 2210 3887 λῶν
2260 3834 2353 3887 καὶ
2384 3832 2577 3904 ἔσομαι
2602 3835 2787 3904 ὅμοιος
2810 3834 2888 3904 τῷ
2933 3835 3191 3905 Ὑψίστῳ.
3232 3853 3251 3886 ι

2188 3924 2381 3996 Ἐρὼτ.
2405 3932 2495 3979 ια’.
2518 3926 2674 3989 Τίνος
2690 3926 2745 3979 δὲ
2758 3926 2915 3997 χάριν
2939 3926 3311 3998 συνεχώρησεν
3326 3926 3476 3998 αὐτῷ
3505 3929 3533 3979 6
3554 3927 3686 3991 Θεὸς

2104 4017 2362 4087 πολεμεῖν
2388 4018 2449 4070 τὸ
2477 4017 2635 4086 γένος
2664 4017 2772 4088 (10)
2804 4017 2913 4070 τῶν
2949 4017 3251 4089 ἀνθρώπων
3279 4033 3293 4083 ;

2188 4110 2376 4163 Ἀπόκ.
2410 4110 2599 4173 Ὅπως
2628 4111 2723 4164 καὶ
2741 4113 2789 4163 οί
2811 4110 3131 4179 ἀγαπῶντες
3155 4110 3247 4164 τὸν
3274 4108 3407 4163 Θεὸν
3440 4126 3689 4182 φανερω-

2107 4199 2273 4265 θῶσι,
2336 4200 2432 4254 καὶ
2471 4202 2859 4271 προσκείμενοι
2910 4203 3029 4263 ταῖς
3075 4201 3289 4272 ἡδοναῖς
3332 4198 3684 4268 ἐλεγχθῶσιν.

2054 4351 2066 4362 ,
2120 4290 2417 4344 Ἀντιδίκου
2446 4290 2555 4363 γὰρ
2580 4291 2654 4362 μὴ
2689 4291 3084 4362 προσκειμένου
3117 4291 3165 4342 οἰ
3185 4290 3395 4361 γνήσιοι
3426 4289 3689 4359 στρατιῶ-

433 4371 637 4428 milites
664 4371 1011 4441 imperatoris
1033 4387 1144 4426 non
1169 4372 1638 4427 internascuntur.
1670 4372 1859 4443 Itaque
1886 4372 1999 4426 dia-

2129 4398 2194 4434 :at
2256 4382 2348 4435 τοῦ
2402 4381 2667 4452 βασιλέως
2699 4383 2760 4436 οὗ
2795 4380 3170 4454 φανεροῦνται.
3215 4382 3272 4434 '0
3314 4375 3408 4434 οὖν
3445 4380 3687 4445 διάϐολος

432 4459 592 4517 holus
623 4475 791 4523 causa
817 4462 1078 4527 victoriae,
1128 4476 1455 4518 coronarum
1498 4470 1554 4519 et
1619 4463 1891 4519 honorum
1936 4465 1999 4522 iis

2129 4472 2281 4535 ιῐτιος
2323 4472 2478 4543 νίκης
2531 4474 2624 4527 καὶ
2675 4476 2955 4544 στεφάνων
3001 4474 3208 4543 γίνεται
3239 4473 3334 4526 καὶ
3356 4472 3534 4543 τιμῶν
3574 4477 3689 4537 τοῖς

433 4559 518 4606 est
548 4552 641 4622 qui
671 4551 906 4622 diligunt
937 4552 1129 4608 Deum.

502 4642 725 4709 ρυλε-ι’.
769 4642 881 4698 Xil.
942 4645 1078 4700 Cum
1123 4645 1374 4702 diabolus
1427 4660 1458 4701 e
1508 4646 1664 4702 coelis
1715 4646 2004 4714 ceciderit,

434 4733 709 4802 quomodo
735 4734 792 4789 in
825 4735 966 4790 libro
992 4735 1095 4792 Job
1130 4738 1396 4808 scriptum
1421 4746 1507 4793 est
1533 4738 1750 4794 venisse
1779 4739 2004 4809 angelos

435 4824 533 4882 Dei
559 4834 620 4880 ut
670 4828 997 4883 assisterent
1043 4843 1230 4883 coram
1265 4829 1516 4897 Domino,
1563 4838 1618 4887 et
1646 4832 1920 4887 diabolum
1948 4833 2006 4887 in

436 4917 619 4974 medio
652 4918 897 4989 ipsorum
914 4920 996 4972 9'?

510 5091 558 5125 ⁸ο
595 5090 752 5147 Deut.
788 5107 939 5148 χχιιι
963 5135 978 5161 ,
1008 5092 1061 5151 8.
1137 5094 1183 5127 ⁸¹
1223 5093 1328 5151 lsa.
1366 5110 1479 5158 xw.
1514 5096 1605 5151 14.
1681 5097 1726 5129 θ’
1764 5095 1867 5152 Joh
1896 5113 1947 5163 ι,
1984 5097 2035 5153 6.

508 5243 760 5334 (animi:
788 5249 1103 5334 v‘ogemjta).
1142 5250 1193 5334 9t
1233 5248 1433 5334 θρόνοι,
1482 5249 1539 5334 in
1568 5249 1731 5305 editis
1762 5250 1877 5334 haec
1906 5222 2021 5334 ha;

436 5315 659 5389 petitur,
693 5315 830 5389 ῌερὶ
861 5317 915 5370 δὲ
943 5317 1041 5389 τῇς
1072 5320 1201 5389 μιᾶς
1234 5315 1440 5382 οὐσίας,
1481 5329 1613 5385 etc.,
1652 5336 1772 5389 qua:
1805 5321 2007 5377 desnnl’.

440 5385 497 5441 in
521 5401 669 5458 mss:
694 5385 806 5441 fere
831 5385 1105 5458 omnibus,
1137 5398 1192 5443 et
1218 5389 1473 5442 videntur
1497 5385 1794 5458 adject'itia.

510 5455 585 5527 (ᾧ)
624 5455 751 5511 Haec
778 5456 1007 5527 qumstio
1029 5468 1112 5513 est
1134 5458 1277 5527 apud
1300 5455 1700 5517 Theodoretum
1719 5500 1734 5527 ,
1762 5475 1801 5514 ιι
1828 5461 1882 5514 in
1904 5460 2005 5516 Ge-

441 5525 632 5589 nesim,
661 5541 770 5579 non
794 5526 953 5589 plane
981 5525 1182 5583 similis
1201 5529 1254 5583 in
1284 5529 1561 5586 omnibus.

512 5593 592 5668 (ξ)
627 5593 761 5668 ἕξεις-
791 5593 848 5668 2ς
875 5595 1228 5668 ἐπερώτημα·

513 5661 589 5734 (ϐ)
627 5661 773 5724 Haec.
799 5661 1168 5733 λογίζεσθαιζζ.
1203 5669 1432 5739 Παῦλον,
1455 5670 1651 5728 desunt
1680 5673 1734 5727 in
1782 5673 2010 5743 quibus-

2111 4563 2367 4633 ἀγαπῶσι
2389 4564 2481 4618 τὸν
2509 4563 2662 4619 Θεόν.

2194 4654 2384 4726 Ἔράνι.
2422 4655 2508 4726 ιβ’.
2560 4656 2826 4721 Πεσόντος
2879 4654 2973 4710 τοῦ
3027 4655 3273 4709 διαϐόλου
3321 4655 3388 4719 ὲκ
3442 4654 3554 4708 τῶν
3600 4657 3690 4709 οὑ-

2114 4746 2313 4819 ρανῶν,
2344 4747 2464 4811 πῶς
2493 4747 2801 4819 γέγραπται
2832 4749 2890 4801 ἐν
2928 4747 3005 4819 τῷ
3045 4746 3164 4800 Ἰὼϐ
3193 4746 3325 4819 (Η),
3347 4746 3432 4799 ὄτι
3451 4742 3615 4817 ἦλθον
3642 4750 3687 4800 oi

2112 4836 2331 4905 ἄγγελοι
2349 4836 2443 4891 τοῦ
2467 4837 2601 4891 Θεοῦ
2638 4837 2984 4908 παραστῆναι
3018 4836 3248 4891 ἐνώπιον
3273 4834 3508 4905 Κυρίου,
3546 4835 3640 4888 καὶ
3662 4837 3690 4888 6

2115 4926 2359 4991 διάϐολος
2379 4929 2437 4982 ὲν
2466 4929 2615 5000 μέσῳ
2640 4927 2858 4995 αὐτῶν;

2110 5250 2236 5306 dam
2271 5265 2407 5306 mss.

2209 5320 2262 5457 τί
2297 5320 2514 5393 Μωρῶν
2544 5320 2889 5393 ἀνδρῶν,ι1ιιο
2914 5318 3301 5390 manuscripti.

2209 5392 2240 5445 8
2303 5390 2420 5444 Duo
2452 5392 2832 5457 manuscripti,
2862 5391 2953 5444 τὸν
2981 5391 3292 5457 ἄνθρωπον.

2208 5390 2262 5463 8)
2301 5390 2420 5463 Duo
2452 5390 2832 5463 manuscripti,
2862 5391 2953 5463 τδν
2981 5391 3292 5463 ἄνθρωπον,

2209 5459 2533 5533 9)_Palatin.
2565 5463 2618 5526 1,
2641 5459 2830 5533 ἐπάνῳλ
2856 5461 2984 5533 τῶν.
3020 5459 3154 5533 Reg.
3184 5462 3239 5525 3,
3268 5460 3401 5518 ἄνω.

2209 5530 2297 5602 10)
2333 5529 2562 5602 Quidam
2589 5547 2746 5597 mss.,
2766 5530 2842 5602 τῷ
2866 5532 3030 5600 γένει.

2190 5599 2303 5671 (11)
2341 5600 2625 5656 Palatinus
2665 5603 2718 5667 1,
2769 5599 2825 5665 2,
2874 5604 2953 5664 εἰς
2992 5602 3092 5671 τὸν
3149 5602 3288 5655 Ἰὼϐ.
3342 5599 3518 5655 Paulo
3567 5611 3693 5671 post

2120 5670 2327 5744 RegiUS
2365 5671 2699 5763 1,ιὲναντίον
2724 5672 2952 5742 Κυρίου.
2986 5670 3119 5744 Reg.
3153 5672 3208 5739 2,
3245 5672 3425 5727 ἔναντι
3458 5670 3689 5745 Κυρίου.
