3840 6194
161 296 269 352 605

1082 291 1555 362 QUIESTIONES
1592 290 1687 346 AD
1724 288 2131 347 ANTIOCHUM
2172 286 2429 344 DUCEM.

3300 271 3405 328 θθϐ

241 404 437 462 Ἀπόκ.
480 407 595 460 Οὐκ
626 399 779 463 εἶπεν
811 407 846 479 ἡ
892 406 1108 479 Γραφὴ,
1140 408 1224 460 ὅτι
1258 402 1421 478 ἦλθεν
1445 408 1474 460 6
1501 405 1743 469 διάϐολος

1916 405 2085 461 Rssr.
2120 404 2242 460 Non
2276 404 2353 458 ait
2381 400 2663 469 Scriptura
2692 394 2967 451 diabolum
2996 386 3317 446 convenisse
3345 388 3403 441 in

162 500 221 553 ὲν
270 496 670 570 τοίςὍύρανοῖς
714 499 773 550 έν
822 498 973 570 μέσῳ
1008 499 1119 552 τῶν
1160 496 1406 567 ἀγγέλων
1431 513 1446 528 ο
1481 497 1747 569 πρόδηλον

161 578 287 654 οὖν,
307 589 396 642 δτι
423 589 518 641 ἐπὶ
536 589 637 659 τῆς
650 588 776 659 γῆς.
802 589 916 643 Καὶ
936 589 1046 661 γὰρ
1070 589 1204 643 ὅπου
1225 587 1321 642 ὲάν
1346 589 1485 641 εἰσιν
1517 589 1567 640 οί
1600 587 1746 657 ἅγιοι

161 679 408 749 ἄγγελοι,
433 678 515 750 τῷ
537 678 657 750 Θεῷ
700 679 1080 752 παρίστανται.
1110 680 1257 752 Πλὴν
1296 680 1377 733 δεῖ
1404 679 1624 743 εἰδέναι,
1663 680 1745 734 ὅτι

161 774 191 825 6
216 771 356 836 Θεὸς
392 771 484 825 διά
534 788 682 836 τινος
720 771 878 842 ἁγίου
912 772 1143 842 ἀγγέλου
1181 772 1320 844 πρὸς
1358 770 1450 825 τὸν
1503 771 1747 826 διάϐολον

159 860 458 930 διελέγετο,
480 861 736 933 καθάπερ
762 861 855 917 καὶ
877 860 1151 931 βασιλεὺς,
1171 860 1263 914 διά
1275 877 1418 915 τινος
1446 860 1610 916 μέσου
1633 858 1745 932 (12)

158 951 479 1025 ἀνθρώπου,
508 952 647 1025 πρὸς
674 951 767 1008 τὸν
798 951 1110 1007 κατάδικον.

245 1125 442 1197 Ἑρώτ.
504 1132 594 1194 ιγ’.
653 1121 801 1199 *Δρα
863 1124 1036 1197 ίσχύει
1094 1124 1382 1198 φάρμακον
1431 1126 1745 1182 ἀποκτεῖναι

158 1213 495 1287 Nam;

244 1306 438 1361 Ἀπόκ.
463 1306 680 1362 Δίκαιον
709 1309 808 1380 μὲν
842 1309 1096 1380 οὐδαμῶς
1120 1327 1145 1371 ο,
1170 1308 1287 1364 ἀλλ’
1315 1310 1437 1364 οὐδὲ
1458 1311 1750 1383 προσεγγί-

158 1413 255 1452 σαι
276 1398 431 1471 αὐτῷ
454 1416 470 1432 ο
494 1400 815 1472 ἁμαρτωλὸν
835 1401 893 1454 δὲ
909 1402 1022 1465 καὶ,
1051 1399 1147 1455 τοῦ
1162 1399 1296 1455 Θεοῦ
1318 1401 1740 1475 συγχωροῦντος.

167 1488 331 1542 Ἐπεὶ
387 1490 512 1544 οὐδὲ
558 1492 704 1546 κατά
756 1494 957 1565 χοίρων
989 1492 1100 1565 ἔχει
1139 1493 1406 1562 ἐξουσίαν,
1443 1495 1518 1560 ὡς
1553 1497 1611 1548 ὲν
1637 1497 1750 1559 τοῖς

156 1582 526 1656 Ερεγγελίοις
538 1583 675 1653 ἡκού
682 1602 749 1638 σα
755 1601 874 1656 μεν.

498 1639 580 1728 ίδί
635 1639 802 1731 Ποίαν
854 1677 1020 1748 εὐχὴν
1065 1676 1160 1731 καὶ
1187 1676 1340 1748 ῥῆμα
1371 1677 1525 1751 παρά
1570 1680 1750 1731 πᾶσαν

1845 494 2005 549 cmlis
2029 493 2082 547 in
2117 493 2295 548 medio
2318 488 2633 560 angelorum
2659 504 2671 538 :
2695 490 3026 554 quapropter
3056 478 3405 551 perspicuum

1844 592 1928 641 est
1968 599 2096 639 eum
2138 583 2194 637 in
2242 592 2387 637 terra
2436 576 2781 633 convenisse.
2829 571 3042 626 Etenim
3095 569 3406 638 ubicunque

1846 683 1975 733 sunt
2028 674 2203 731 sancti
2253 671 2451 743 angeli,
2514 669 2624 736 Deo
2680 666 2965 723 assistunt.
3019 659 3406 729 Verumtamen

1846 765 2128 822 sciendum
2150 772 2255 831 est,
2284 761 2454 818 Deum
2484 777 2581 832 per
2615 768 2863 815 sanctum
2887 757 3120 825 aliquem
3155 751 3405 822 angelum

1846 875 1970 915 cum
1998 857 2215 913 diabolo
2247 870 2370 912 esse
2406 855 2671 916 locutum,
2702 846 3156 922 quemadmodum
3188 860 3284 898 rex
3310 857 3407 913 per

1846 947 2229 1004 intermedium
2254 946 2489 1016 aliquem
2516 941 2792 998 hominem
2823 954 2948 995 cum
2981 936 3237 993 damnato
3269 932 3408 989 solet

1844 1038 2016 1109 loqui.

1918 1131 2141 1198 Quaas'r.
2176 1127 2317 1186 XIII.
2357 1126 2498 1183 Num
2525 1133 2707 1197 potest
2732 1122 3054 1181 veneﬁcium
3080 1132 3276 1176 necare
3306 1116 3408 1170 ho—

1846 1226 2090 1282 minem?

1917 1317 2081 1376 RESP.
2120 1313 2337 1369 Iustum
2370 1312 2588 1383 quidem
2617 1321 2981 1378 nequaquam,
3009 1305 3119 1360 imo
3151 1316 3220 1357 ne
3244 1312 3410 1370 prope

1844 1408 2064 1481 quidem
2110 1407 2388 1461 accedere.
2421 1405 2493 1458 At
2532 1410 2873 1473 peccatorem
2918 1403 3095 1469 potest
3137 1392 3408 1452 occidere,

1849 1501 1895 1556 si
1926 1498 2068 1553 Deus
2098 1496 2429 1567 permiserit.
2479 1493 2725 1563 Namque
2761 1507 2833 1546 ne
2865 1491 2921 1545 in
2958 1500 3156 1557 porcos
3188 1481 3410 1553 quidem

1847 1589 2007 1643 habet
2034 1595 2378 1658 potestatem,
2418 1593 2480 1639 ut
2510 1585 2567 1638 in
2600 1580 2905 1652 Evangeliis
2938 1574 3268 1631 audivimus.

1921 1679 2143 1745 Qu.£s1'.
2181 1676 2323 1732 XIV.
2363 1676 2590 1743 Qualem
2613 1674 2912 1728 orationem
2937 1678 2991 1723 et
3019 1666 3242 1721 verbum
3268 1663 3414 1734 plus-

157 1765 333 1837 εὐχὴν
365 1763 478 1839 (15)
510 1767 605 1820 καὶ
648 1767 802 1839 ῥῆμα
855 1768 1144 1837 φοϐοῦνται
1177 1770 1226 1822 οί
1270 1750 1525 1840 δαίμονες
1567 1769 1663 1823 καὶ
1711 1768 1741 1820 ό

1866 1785 2008 1842 luam
2049 1782 2265 1823 omnem
2310 1768 2470 1820 aliam
2510 1763 2811 1818 orationem
2865 1758 3197 1826 verbumque
3239 1750 3414 1806 refor-

158 1852 415 1918 διάϐολος
441 1872 457 1921 ;

245 1944 445 2001 Ἀπόκ.
473 1946 814 2018 Διηγήσαντό
840 1964 983 2012 τινες
1028 1947 1458 2019 πνευματοφόροι
1484 1947 1624 2014 ἄξιοι
1654 1946 1747 2001 τοῦ

161 2037 547 2104 πιστεύεσθαι,
567 2040 758 2110 ὅτιπερ
777 2040 969 2104 αὐταῖς
1014 2041 1169 2111 δψεσί
1196 2057 1325 2094 ποτε
1352 2041 1539 2111 φανεὶς
1568 2040 1749 2104 αὐτοῖς

156 2136 190 2186 6
217 2132 497 2198 διάϐολος,
525 2134 623 2187 καὶ
652 2132 813 2187 τοῦτο
833 2134 894 2187 τὸ
926 2133 1186 2206 ἐρώτημα
1217 2131 1511 2205 ἐρωτηθεὶς
1535 2133 1626 2185 ὑπ’
1656 2133 1752 2185 αύ-

159 2223 273 2278 τῶν
305 2224 669 2296 ἀπεκρίνατο,
706 2226 789 2278 ὅτι
835 2225 937 2278 οὐκ
974 2223 1119 2277 ἔστιν
1150 2225 1207 2276 έν
1238 2222 1390 2296 πάσῃ
1420 2222 1631 2294 Παλαιᾷ
1658 2224 1752 2276 καὶ

160 2318 345 2388 Καινῇ
380 2316 624 2388 Διαθήκῃ
651 2317 803 2388 ῥῆμα
829 2315 1093 2386 ὲκφοϐοῦν
1119 2315 1212 2369 καὶ
1240 2315 1623 2386 διασκορπίζον
1647 2318 1753 2370 πᾶ-

158 2422 268 2458 σαν
293 2404 459 2477 ἡμῶν
478 2405 836 2477 τὴνδύναμιν,
866 2407 941 2470 ὡς
968 2408 1001 2477 ἠ
1031 2405 1172 2477 ἀρχὴ
1188 2406 1283 2458 τοῦ
1302 2404 1633 2477 ξζνψαλμοῦ.
1664 2407 1754 2470 Ὠς

161 2493 261 2550 οὖν
287 2500 319 2551 6
340 2497 587 2563 διάϐολος
613 2497 772 2551 τοῦτο
817 2497 1063 2570 εἴρηκεν,
1103 2497 1422 2569 ἀρξαμένων
1452 2496 1630 2551 αὐτῶν
1657 2497 1751 2551 τοῦ

158 2588 411 2657 ψαλμοῦ,
441 2588 540 2643 καὶ
589 2588 891 2661 εἰρηκότων
932 2589 1094 2660 μόνον
1125 2589 1186 2642 τὸ
1218 2588 1433 2660 πρῶτον
1463 2589 1631 2661 ῥῆμα,
1657 2589 1718 2643 τὸ
1736 2628 1750 2653 ,

170 2700 194 2734 ε
248 2682 558 2753 Ἀναστήτω
603 2682 633 2733 ό
677 2681 830 2747 Θεὸς,
888 2700 908 2733 ι
947 2680 1150 2745 εὐθέως
1208 2679 1472 2744 ὀλολύζων
1520 2681 1754 2749 ἄφαντος

159 2771 393 2839 ὲγένετο
438 2775 469 2826 6
523 2771 788 2837 διάϐολος,
845 2769 1030 2843 έργοις
1083 2770 1262 2835 δείξας
1319 2771 1420 2842 τῆς
1460 2769 1624 2841 εὐχῆς
1655 2769 1754 2841 τὴν

161 2862 523 2941 ἑπέργειανυ
1608 2891 1610 2893 ›

206 2932 574 3023 ﬁght—5'.
604 2951 778 3006 Πόθεν
813 2950 1089 3008 κινοῦνται
1121 2954 1180 3006 ἐν
1219 2954 1285 3023 τῇ
1311 2950 1508 3023 καρδίᾳ
1531 2949 1627 3003 τοῦ
1662 2950 1757 3003 ἀν-

165 3041 398 3113 θρώπου
417 3042 754 3113 διαλογισμοὶ
788 3041 884 3096 καὶ
912 3042 1060 3113 λόγοι
1096 3044 1404 3115 βλάσφημοι
1432 3044 1527 3097 καὶ
1560 3041 1754 3112 ἀθέμι-

163 3152 278 3226 τοι,
303 3136 403 3226 καὶ
426 3136 591 3226 αὐτὸν
625 3136 718 3190 τὸν
749 3136 882 3192 Θεὸν
909 3136 1219 3209 ὑϐρίζοντες
1263 3136 1540 3200 πολλάκις,
1562 3118 1668 3226 [οὓς
1694 3135 1754 3188 οὐ

167 3225 531 3296 βεϐούλευται
552 3225 779 3299 λαλῆσαι
801 3229 834 3299 ἡ
856 3226 1027 3300 ψυχὴ,
1051 3228 1085 3300 ἢ
1109 3227 1329 3297 γλῶσσα
1351 3227 1444 3281 τοῦ
1468 3225 1755 3298 ἀνθρώπου

167 3317 444 3388 ὀνομάσαι
459 3309 538 3409 ε]

258 3409 456 3464 ’Δπότα
502 3409 671 3465 Τοῦτο
705 3413 735 3465 6
781 3411 1025 3475 διάϐολός
1059 3413 1205 3466 ἐστιν
1254 3410 1637 3484 ἐργαζόμενος,
1664 3413 1758 3465 καὶ

167 3495 333 3565 οὗτος
362 3501 431 3555 τά
456 3500 682 3555 τοιαῦτα
720 3503 953 3574 ἀθέμιτα
1000 3505 1058 3556 ὲν
1080 3506 1146 3575 τῇ
1174 3504 1317 3575 ψυχῇ
1342 3504 1436 3557 τοῦ
1469 3503 1755 3576 ἀνθρώπου

170 3591 494 3654 ὑποϐάλλει,
526 3591 702 3646 λαλῶν
758 3593 901 3647 κατά
952 3593 1044 3647 τοῦ
1078 3595 1211 3648 Θεοῦ
1252 3596 1491 3666 ῥήματα,
1517 3597 1597 3659 είς
1625 3596 1758 3650 ἀπό-

169 3674 502 3757 ᾐωσινῇὸν
537 3672 1070 3762 ἄνθρωπονξὲνέγκαι
1105 3684 1445 3755 βουλόμενος.
1488 3685 1624 3739 Ἀλλ’
1657 3688 1758 3762 οὐκ

169 3776 241 3827 ὲκ
274 3755 470 3827 τούτου
497 3774 557 3827 τὸ
590 3755 1234 3847 σύνολοίκατακρίνεται
1266 3777 1295 3828 6
1326 3776 1608 3848 ἄνθρωπος
1630 3795 1643 3808 ο
1662 3755 1757 3849 ἱμὴ

169 3863 425 3932 τένοιτοί
451 3862 719 3928 Πολλάκις
762 3864 821 3918 δὲ
866 3867 961 3919 καὶ
992 3866 1054 3930 ἐξ
1084 3868 1313 3938 οἰήσεως
1338 3869 1367 3920 6
1401 3867 1638 3931 τοιοῦτος
1667 3867 1756 3921 λο-

170 3954 376 4026 γισμὸς
391 3957 725 4025 ἐπανάγεται
741 3956 818 4027 τῷ
833 3955 1101 4029 ἀνθρώπῳ
1115 3974 1128 3987 ·
1161 3958 1560 4013 ἀπαλλάττεται
1582 3958 1639 4011 δὲ
1662 3959 1758 4015 αὐ-

168 4046 266 4099 τοῦ
326 4047 434 4118 γῆν
495 4048 589 4101 καὶ
646 4046 841 4101 σποδὸν
891 4048 1083 4102 ἑαυτὸν
1114 4047 1480 4120 λογιζόμενος,
1511 4048 1604 4102 καὶ
1635 4048 1756 4119 μηδ’

168 4137 310 4202 ὅλως
337 4140 421 4201 είς
452 4138 649 4209 μέτρον
694 4139 787 4192 τὸν
831 4138 1073 4192 τοιοῦτον
1106 4139 1365 4211 λογισμὸν
1408 4140 1582 4211 ἔχων,
1623 4138 1758 4193 ἀλλά

168 4230 350 4298 λέγων
370 4229 452 4301 τῷ
484 4229 714 4301 διαϐόλῳ
729 4248 743 4261 ·
764 4248 783 4282 ι
805 4230 870 4284 Ἡ
892 4230 1207 4303 βλασφημία
1238 4249 1330 4285 σου
1360 4231 1452 4284 ἐπὶ
1474 4229 1570 4301 τὴν
1593 4247 1759 4298 κεφα-

167 4324 270 4394 λήν
326 4338 448 4388 σου,
510 4322 744 4378 διάϐολε.
782 4324 924 4394 Ἐγὼ
969 4325 1079 4413 γάρ
1124 4324 1330 4396 Κύριον
1370 4323 1461 4377 τὸν
1493 4323 1624 4377 Θεόν
1654 4341 1755 4395 μου

1848 1861 2057 1916 midant
2088 1860 2363 1914 daamones
2396 1864 2450 1912 et
2478 1854 2770 1911 diabolus?

1919 1953 2082 2023 220
2106 1951 2269 2007 Resp.
2310 1950 2543 2018 Quidam
2575 1948 2769 2018 spiritu
2813 1941 2981 2015 pleni,
3027 1954 3090 1993 ac
3131 1935 3236 1991 lide
3264 1930 3413 2002 digni

1847 2046 2096 2102 homines
2119 2057 2413 2097 narravere
2441 2041 2623 2105 nobis,
2666 2037 2834 2109 quod,
2867 2049 2989 2088 cum
3023 2027 3318 2100 aliquando
3347 2025 3416 2079 il-

1848 2138 1917 2194 lis
1941 2136 2193 2191 diabolus
2223 2135 2444 2205 propria
2486 2135 2539 2187 in
2576 2132 2755 2203 specie
2778 2128 3134 2199 apparuisset.
3165 2138 3226 2177 ea
3261 2119 3327 2174 de
3354 2131 3416 2172 re

1849 2229 1918 2283 ab
1946 2227 2080 2299 ipsis
2104 2230 2471 2296 interrogatus
2504 2224 2619 2278 haec
2648 2218 2991 2291 responderit
3025 2236 3037 2271 :
3076 2213 3292 2268 Nullum
3330 2217 3416 2264 est

1848 2319 2075 2374 verbum
2110 2320 2167 2373 in
2208 2318 2469 2373 universo
2508 2324 2620 2368 tum
2660 2312 2842 2367 Veteri
2876 2317 2990 2363 tum
3034 2304 3186 2360 Novo
3226 2303 3419 2357 Testa-

1850 2419 2037 2465 mento
2068 2409 2178 2463 vim
2210 2423 2428 2464 omnem
2460 2414 2704 2461 nostram
2745 2402 2826 2457 sic
2851 2396 3193 2469 disperdens,
3221 2401 3281 2446 ut
3314 2393 3418 2458 inj-

1850 2502 1987 2555 tium
2020 2500 2349 2571 sexagesimi
2378 2496 2594 2567 septimi
2621 2493 2838 2564 psalmi.
2879 2489 2952 2544 Ut
2992 2488 3158 2559 igitur
3188 2484 3243 2538 id
3280 2482 3420 2537 dixit

1851 2592 2124 2656 diabolus,
2168 2591 2440 2661 psalmum
2472 2589 2638 2643 istum
2674 2586 2751 2638 illi
2791 2583 3187 2638 inchoaverunt
3220 2574 3419 2644 :cujus

1852 2701 1976 2741 cum
2023 2686 2261 2755 primum
2314 2676 2695 2755 tantummodo
2743 2676 2970 2732 verbum
3024 2668 3416 2743 protulissent,

1858 2795 1877 2829 ι
1900 2776 2168 2844 Exsurgat
2188 2775 2332 2829 Deus
2351 2774 2418 2837 ⁸³,
2442 2792 2461 2824 ι
2487 2788 2613 2826 mox
2641 2770 2858 2823 ululans
2893 2765 3144 2820 diabolus
3173 2759 3416 2821 evanuit,

1851 2869 2033 2937 reipsa
2061 2867 2172 2921 vim
2194 2866 2426 2935 hujusce
2455 2861 2723 2916 orationis
2754 2857 3069 2913 ostendens.

1927 2959 2150 3026 qus'r.
2188 2955 2307 3012 XV.
2361 2954 2647 3010 Undenam
2691 2953 2744 3005 in
2805 2948 2970 3005 corde
3020 2943 3258 3001 hominis
3304 2954 3422 2993 mo—

1855 3058 2050 3107 ventur
2072 3049 2425 3120 cogitationes
2447 3053 2501 3101 et
2530 3042 2882 3113 blasphemiae
2904 3040 3066 3093 verba
3095 3052 3158 3089 ac
3186 3031 3421 3094 nefaria,

1857 3157 2106 3212 saepeque
2150 3141 2207 3193 in
2245 3138 2414 3193 Deum
2454 3138 2633 3208 ipsum
2683 3131 3114 3192 contumeliosa,
3157 3140 3278 3197 quae
3320 3136 3422 3176 nec

1856 3235 2037 3289 anima
2059 3231 2242 3303 eloqui
2273 3230 2455 3297 vellet,
2485 3244 2586 3283 nec
2611 3228 2797 3297 lingua
2831 3221 3069 3279 hominis
3098 3213 3422 3274 nominare?

1927 3414 2094 3471 Res».
2136 3412 2212 3466 Ea
2243 3417 2372 3467 sunt
2401 3408 2605 3464 diaboli
2638 3419 2825 3477 opera,
2867 3416 2988 3474 quae
3033 3395 3268 3455 nefanda
3308 3396 3424 3466 ipse

1858 3509 2054 3562 animae
2102 3503 2346 3561 hominis
2401 3500 2661 3572 suggerit,
2700 3497 2865 3552 verba
2902 3501 3093 3549 contra
3131 3491 3298 3545 Deum
3337 3489 3425 3543 lo-

1857 3613 2053 3669 quens,
2100 3594 2376 3650 hominem
2418 3592 2476 3646 in
2512 3587 2945 3660 desperationem
2983 3583 3211 3653 cupiens
3250 3579 3423 3633 addu-

1857 3704 2001 3745 cere.
2037 3686 2239 3742 Verum
2270 3695 2613 3754 nequaquam
2648 3676 2774 3732 inde
2801 3676 2963 3729 homo
2991 3670 3420 3726 condemnatur:

1858 3780 2036 3836 absit!
2070 3778 2225 3848 Saepe
2261 3777 2426 3832 etiam
2473 3789 2539 3828 ex
2570 3769 2885 3841 Opinatione
2929 3762 3139 3817 homini
3178 3759 3424 3815 oboritur

1857 3869 2170 3942 hujusmodi
2226 3865 2655 3953 cogitatiot-qua
2702 3859 2921 3929 quidem
2969 3855 3250 3915 liberatur,
3297 3863 3422 3902 cum

1858 3979 1920 4020 se
1959 3968 2162 4017 terram
2197 3967 2254 4015 et
2286 3942 2529 4013 cinerem
2564 3967 2687 4009 esse
2725 3956 2966 4022 reputat,
3002 3962 3102 4001 nec
3129 3960 3247 4000 eam
3276 3942 3426 4011 cogi-

1856 4055 2120 4109 tationem
2139 4049 2429 4108 admodum
2451 4045 2670 4109 retinet,
2690 4042 2785 4097 sed
2809 4039 3024 4095 diabolo
3046 4035 3207 4090 dicit:
3230 4052 3248 4083 ι
3270 4032 3423 4086 Blas-

1858 4144 2079 4215 phemia
2122 4152 2213 4197 tua
2259 4142 2331 4195 sit
2377 4139 2434 4192 in
2468 4144 2630 4205 caput
2657 4142 2834 4195 tuum,
2869 4127 3101 4183 diabole.
3132 4126 3244 4194 Ego
3278 4122 3422 4176 enim

1857 4213 2148 4290 hominum
2183 4232 2353 4287 Deum
2376 4244 2561 4284 meum
2588 4224 2847 4286 adorabo,
2885 4234 2986 4274 nec
3010 4230 3248 4287 unquam
3272 4213 3421 4267 blas-

1858 4328 2109 4398 phemias
2136 4324 2194 4380 in
2219 4338 2343 4379 eum
2370 4320 2697 4391 proferam.»
2723 4313 2894 4369 Caute
2922 4311 3084 4382 igitur
3105 4308 3171 4362 ad
3193 4321 3278 4371 ea,
3303 4318 3423 4374 quae

167 4417 575 4515 προσκυνήσω,
645 4416 741 4470 καὶ
793 4417 957 4470 αὐτὸν
1002 4403 1256 4470 οῦδέποτε
1306 4415 1748 4489 βλασφημήσω.ι

1866 4397 2012 4476 dicta
2040 4425 2191 4482 sunt,
2232 4424 2317 4472 est
2345 4412 2755 4469 attendendum.
2785 4406 3108 4476 Complures
3138 4400 3283 4456 enim
3324 4397 3425 4450 ho-

181 4504 476 4576 ’Δσφαλῶς
509 4501 604 4560 οῦν
660 4508 991 4580 προσεκτέον
1032 4512 1145 4572 τοῖς
1191 4508 1518 4580 εἰρημένοις.
1564 4508 1748 4562 Πολλοὶ

1866 4512 2038 4567 mines
2073 4510 2203 4565 victi
2244 4504 2627 4577 hujuscemodi
2656 4500 3005 4573 cogitatione,
3039 4496 3130 4550 alii
3166 4507 3286 4549 sese
3319 4489 3424 4560 ipsi

166 4595 279 4668 γὰρ
303 4595 416 4650 τῶν
436 4594 742 4668 ἀνθρώπιον
776 4598 880 4651 ὑπὸ
914 4598 1102 4651 τούτου
1131 4597 1226 4651 τοῦ
1260 4596 1520 4669 λογισμοῦ
1553 4615 1757 4671 κράτη-

166 4686 379 4751 θέντες,
405 4687 459 4739 οί
490 4687 590 4758 μὲν
621 4689 847 4752 ἑαυτοὺς
897 4690 1235 4762 ὲκρήμνισαν
1254 4730 1271 4758 ,
1305 4691 1355 4743 οἱ
1385 4689 1463 4755 δὲ,
1506 4691 1586 4754 είς
1628 4689 1757 4743 ἀπό-

164 4793 375 4869 γνωσιν
397 4775 665 4841 ἐλθόντες,
692 4774 1035 4869 ἀπώλοντω

252 4866 455 4938 Ἐρώτ.
508 4874 606 4933 ις’.
662 4866 985 4922 Ἀκόλουθοῦ
1029 4869 1308 4941 ἡγούμεθα
1351 4868 1463 4940 (14)
1501 4866 1638 4939 μετά
1663 4867 1755 4922 τὸν

167 4959 298 5030 περὶ
321 4957 461 5010 Θεοῦ
492 4958 589 5011 καὶ
615 4959 861 5027 ἀγγέλων
891 4959 1072 5028 λόγον,
1102 4960 1284 5031 τρίτον
1300 4959 1392 5013 τὸν
1423 4960 1554 5030 περὶ
1568 4959 1754 5031 ψυχῶν

169 5049 370 5104 λοιπὸν
393 5050 556 5118 λόγον
580 5052 659 5115 είς
677 5051 840 5121 μέσον
863 5051 1308 5124 προσενεχθῆναι.
1341 5051 1517 5122 Πολλὴ
1544 5052 1652 5123 γὰρ
1680 5052 1755 5116 ὡς

167 5140 392 5214 ἀληθῶς
422 5142 521 5195 καὶ
541 5144 576 5214 ή
609 5143 736 5214 περὶ
754 5140 946 5197 τούτου
976 5143 1130 5217 παρὰ
1174 5142 1479 5215 ἀνθρώποις
1524 5145 1756 5216 ὑπάρχει

239 5321 291 5356 ⁸³
330 5319 480 5378 Psal.
511 5337 681 5387 uvn,
712 5322 768 5376 2.

238 5499 359 5571 (l2)
400 5498 631 5571 Πειρᾷ,
687 5499 927 5568 μεσίτου.
971 5498 1219 5571 Quatuor
1257 5508 1508 5569 sequent.
1548 5507 1741 5569 quaest.

170 5569 263 5634 15,
294 5569 384 5631 ﬂ,
416 5569 505 5634 15,
537 5569 628 5632 16,
677 5571 877 5623 absunt
917 5584 949 5623 a
993 5570 1165 5624 Palat.
1200 5571 1256 5635 2,
1297 5580 1351 5626 et
1397 5587 1426 5625 a
1472 5571 1746 5625 veteribus

167 5640 341 5696 editis
371 5638 608 5696 Latinis.

245 5709 362 5781 (l3)
400 5708 634 5779 Quidam
684 5708 953 5776 mss.,xal.
999 5710 1217 5782 ῥήματα
1259 5709 1409 5781 παρά
1446 5710 1622 5764 πᾶσαν
1650 5708 1745 5781 τὴν

1859 4601 2356 4673 praecipitaverunt,
2388 4598 2479 4653 alii
2506 4597 2563 4651 in
2586 4592 3020 4665 desperationem
3053 4585 3273 4642 adducti
3300 4598 3425 4653 per-

1858 4694 2057 4749 ierunt.

1933 4869 2154 4937 Qumsr.
2216 4865 2359 4923 XVI.
2399 4865 2755 4934 Consequens
2797 4874 2919 4915 esse
2962 4855 3323 4916 arbitramur,
3366 4857 3423 4909 ut

1859 4971 2149 5032 postquam
2198 4959 2266 5015 de
2303 4958 2413 5013 Deo
2445 4966 2500 5012 et
2547 4955 2614 5010 de
2660 4953 2865 5023 angelis
2897 4946 3277 5005 disseruimus,
3312 4949 3424 4994 ter-

1861 5052 1940 5107 tio
1965 5052 2079 5122 jam
2114 5052 2237 5106 loco
2265 5049 2622 5121 quaestionem
2643 5046 2711 5101 de
2743 5041 3030 5099 animabus
3056 5048 3421 5108 proponamus

1862 5145 1920 5200 in
1953 5145 2215 5200 medium.
2254 5141 2394 5198 Vere
2421 5138 2567 5197 enim
2599 5138 2770 5197 multa
2805 5136 2909 5190 hac
2942 5131 3010 5186 de
3050 5145 3113 5185 re
3138 5127 3421 5197 disputant

1850 5492 2118 5570 YW‘PﬁV‘.
2427 5563 2440 5570 -
2525 5559 2550 5570 -
2710 5554 2752 5570 ,ι
2830 5555 2872 5570 ι,
2917 5566 2975 5570 μ-
3017 5557 3036 5570 .
3099 5548 3182 5570 -19:

1924 5545 2213 5638 (vitiivTres
2242 5577 2377 5618 mss.
2412 5559 2680 5643 ῂγοῦμαι.
2710 5554 2883 5635 Paulo
2915 5557 3059 5622 post,
3095 5548 3197 5632 alii
3216 5548 3297 5611 εἰς
3317 5545 3418 5673 ζέ-

1924 5657 1945 5673 ..
1971 5633 2325 5673 η-ΛΛηνηῗῆυηι,
2355 5632 2464 5673 at...
2501 5629 2748 5673 ἀνθηναι.
2777 5618 3290 5673 ιιΙιιΑτοοενεγθηναι
3357 5631 3418 5673 a~

1856 5618 2329 5711 eoa—npoaxﬂﬁvat,
2355 5618 2479 5695 alii;
2498 5618 2748 5711 ἀχθῆναι,
2777 5618 3290 5711 οιξί,ρτροενεχθῆναι
3317 5618 3421 5676 ha-

1855 5690 2162 5765 ὺειιιίΜοῖ,
2196 5690 2362 5760 Palat.
2394 5690 2520 5777 περὶ
2542 5690 2732 5752 ’τούτου
2761 5694 2853 5748 τοῦ
2878 5690 3191 5767 ἀνθρώπου,
