3840 6194
433 286 540 344 607

1561 283 1618 336 S.
1660 281 2123 338 ATHANASIUS.
2154 312 2223 322 —
2261 281 2523 339 SPURIA.

3572 294 3690 351 ωε

431 410 489 460 et
533 401 817 472 tnquirdnt
867 400 1139 468 homines,
1190 415 1404 471 nempe,
1458 416 1581 471 qua:
1616 417 1705 457 res
1755 402 1827 457 sit
1886 403 2006 472 ipsa

2124 402 2332 474 ζήτησίς
2362 419 2423 454 τε
2457 404 2550 455 καὶ
2591 403 2887 472 ἀμφιϐολία
2906 422 2919 435 ·
2954 403 3099 473 λέγω
3124 405 3210 477 δὴ,
3239 408 3291 459 τί
3319 409 3452 462 αὐτὸ
3486 411 3694 482 χρῆμὰ

434 496 619 551 anima
641 494 903 559 hominis,
936 494 1083 550 unde
1112 493 1230 564 ipsa
1265 494 1319 548 in
1358 508 1589 564 corpore
1611 495 2005 557 constituatur,

434 585 779 660 quandonam
807 592 863 641 et
886 585 1162 656 quomodo
1188 593 1476 655 separatur
1499 585 1568 640 ab
1585 585 1832 651 homine,
1854 585 2010 656 quid-

433 696 541 752 que
565 687 692 750 agat
725 694 902 749 usque
931 680 1000 733 ad
1040 679 1525 734 resurrectionem.
1551 677 1721 734 Nemo
1764 680 1909 734 enim
1939 695 2009 734 ex

435 772 670 827 mortuis
695 772 751 826 in
779 769 1047 826 mundum
1078 771 1307 826 veniens
1333 771 1449 826 haec
1486 772 1643 826 nobis
1672 774 2011 827 renuntiavit

436 868 530 916 aut
560 860 924 917 conﬁrmavit.
959 858 1306 930 Quapropter
1334 875 1366 914 a
1409 867 1501 914 tua
1534 863 1825 918 sanctitate
1862 861 2010 934 ﬂagi-

434 961 619 1009 tamus
659 962 720 1007 nt
746 954 1103 1023 quaestionem
1155 953 1299 1008 hanc
1331 953 1399 1009 de
1446 954 1651 1021 anima,
1704 957 1894 1013 multis
1926 957 2012 1013 in-

436 1046 906 1116 comprehensam,
946 1060 1047 1100 nos
1080 1045 1213 1100 velis
1242 1047 1491 1102 edocere.

506 1156 670 1215 Rssr.
729 1157 979 1213 Hominis
1032 1158 1251 1229 quidem
1315 1159 1498 1214 anima
1561 1167 1647 1217 est
1703 1161 2011 1217 substantia

435 1250 747 1321 Intelligens
769 1290 783 1315 ,
823 1252 1146 1321 incorporea
1166 1290 1181 1313 ,
1244 1251 1536 1307 invisibilis
1557 1292 1572 1316 ,
1614 1252 2006 1322 impassihilis,

438 1342 786 1409 immortalis,
825 1342 1045 1412 fereque
1091 1344 1408 1413 angelorum
1458 1345 1748 1399 subtilitati
1792 1345 2009 1402 similis.

439 1433 724 1503 Nunquam
768 1442 947 1489 tamen
996 1435 1179 1488 anima
1225 1434 1328 1489 fuit
1375 1434 1623 1506 angelus,
1669 1443 1728 1490 ut
1761 1435 2013 1491 fabulan-

439 1534 528 1580 tur
564 1523 918 1597 Origenistze;
962 1541 1063 1580 nec
1112 1532 1240 1580 ante
1289 1540 1519 1596 corpora
1575 1527 1849 1581 exsistunt
1892 1527 2013 1580 ani-

438 1634 559 1681 mte,
614 1628 674 1672 ut
718 1618 1031 1673 Manichmis
1089 1618 1307 1673 videtur
1345 1637 1360 1673 :
1407 1618 1503 1674 sed
1553 1617 2010 1688 quemadmodum

438 1710 618 1780 lapide
668 1720 723 1765 et
768 1710 915 1765 ferro
972 1710 1216 1775 collisis,
1276 1725 1345 1765 ex
1392 1717 1624 1780 utroque
1651 1709 1792 1779 ignis
1831 1710 2013 1766 nasci-

438 1809 557 1866 tur,
610 1803 690 1857 sic
739 1802 795 1856 in
848 1803 951 1855 viri
1017 1810 1073 1855 et
1115 1802 1361 1857 mulieris
1426 1816 1760 1872 congressu,
1812 1816 2013 1872 corpus

440 1899 492 1948 et
517 1895 697 1948 anima
722 1892 1074 1963 Dcojubente
1104 1895 1540 1949 constituuntur.
1571 1893 1739 1963 quue
1770 1893 1869 1947 tihi
1895 1909 2017 1963 per-

440 1986 668 2040 suadeat
713 1984 919 2041 Paulus
968 1986 1288 2056 apostolus,
1339 1984 1435 2055 qui
1489 1984 1566 2038 ait
1604 2002 1667 2039 :c
1702 1983 2015 2040 Seminatur

439 2089 639 2144 corpus
662 2075 917 2139 animale,
949 2075 1125 2146 surgit
1151 2088 1354 2145 corpus
1387 2072 1635 2144 spiritale
1660 2071 1740 2138 “,
1771 2091 1789 2124 ι
1822 2071 2016 2127 videli-

440 2175 527 2221 cet
557 2167 612 2220 in
640 2167 1065 2223 resurrectione.

508 2276 727 2341 Qumsr.
765 2274 929 2330 XVII.
971 2274 1257 2330 Undenam
1304 2285 1512 2331 certum
1556 2275 1790 2330 habetur
1819 2273 2016 2330 mortis

440 2374 685 2437 tempore
719 2368 957 2422 animam
982 2383 1093 2423 non
1123 2368 1288 2423 simul
1311 2367 1448 2425 mori
1482 2383 1606 2423 cum
1638 2366 1897 2438 corpore?
1925 2365 2016 2423 Sic

439 2458 584 2513 enim
615 2458 840 2529 quidam
871 2458 1189 2530 Opinantur.

510 2573 672 2627 Rssr.
715 2572 809 2628 Dei
838 2571 1014 2628 Filius
1040 2581 1096 2628 et
1116 2571 1358 2628 Verbum
1391 2571 1554 2628 Jesus
1580 2571 1835 2628 Christus
1856 2587 2014 2643 aper-

438 2665 512 2721 tis
542 2665 724 2721 verbis
759 2681 861 2720 nos
890 2664 1051 2720 docet
1073 2673 1127 2720 et
1156 2665 1385 2720 mortale
1417 2679 1619 2733 corpus
1641 2680 1784 2729 esse,
1809 2672 1863 2719 et
1894 2665 2015 2719 ani-

438 2772 584 2813 mam
620 2757 1006 2812 immortalem.
1042 2775 1061 2807 ‹
1092 2755 1295 2819 Nolite,
1331 2775 1350 2808 ι
1399 2755 1599 2825 inquit,
1641 2773 1660 2806 ι
1694 2754 1888 2808 timere
1917 2769 2013 2809 eos

438 2853 531 2920 qui
576 2849 836 2904 occidunt
875 2865 1098 2919 corpus,
1147 2849 1385 2903 animam
1419 2854 1600 2903 autem
1641 2862 1749 2902 non
1786 2857 2015 2916 possunt

438 2938 692 2994 occidere
713 2939 780 2994 ⁸³.
817 2958 836 2991 ι
867 2938 1025 2994 Certe
1053 2936 1405 2993 manifestum
1437 2936 1564 2992 inde
1601 2944 1686 2994 est
1729 2937 2012 2992 immorta-

439 3029 545 3085 lem
578 3045 698 3084 eam
726 3045 849 3085 esse
876 3039 931 3085 et
962 3045 992 3084 a
1028 3030 1137 3085 Deo
1162 3031 1449 3086 exsistere.

438 3207 479 3233 ν
509 3142 732 3210 ρυλεετ.
781 3140 970 3196 XVIII.
1017 3160 1036 3193 ι
1065 3140 1267 3197 Fidelis
1318 3157 1499 3197 sermo
1554 3149 1609 3197 et
1657 3141 1807 3197 omni
1853 3156 2009 3197 acce—
2038 3123 2081 3181 (ἶ

2068 3244 2077 3253 ·
2113 3230 2281 3297 ἄξιος.
2312 3250 2330 3282 ι
2362 3234 2504 3304 Ποίῳ
2556 3234 2613 3287 δὲ
2642 3233 2747 3305 ἄρα
2771 3235 2958 3305 τρόπῳ
3003 3235 3036 3305 ἡ
3070 3233 3213 3305 ψυχὴ
3258 3230 3549 3303 χωρίζεται
3582 3234 3699 3287 ἀπὸ

442 3236 627 3307 ptione
655 3235 853 3306 dignus
876 3235 942 3290 ⁸⁸.
973 3253 992 3286 ι
1032 3233 1235 3289 Verum
1281 3250 1545 3303 quonam,
1591 3250 1800 3304 quaeso,
1852 3234 2013 3289 modo

443 3328 625 3381 anima
659 3334 946 3395 separatur
971 3340 1002 3379 a
1033 3324 1299 3395 corpore?

512 3418 676 3475 Rssr.
712 3417 964 3474 Hominis
986 3433 1186 3487 corpus
1207 3425 1461 3472 constare
1488 3416 1764 3472 credimus
1785 3432 1853 3472 ex
1882 3432 2016 3487 qua-

440 3519 569 3567 tuor
618 3512 921 3577 elementis,
977 3526 1173 3581 nempe
1225 3525 1291 3565 ex
1342 3511 1629 3581 sanguine,
1683 3510 2010 3580 phlegmatc,

441 3602 673 3658 humore
718 3610 773 3658 et
818 3602 913 3656 bili
944 3620 958 3658 :
988 3602 1123 3667 sive,
1159 3617 1225 3655 ex
1270 3601 1470 3666 calido,
1516 3599 1733 3670 frigido,
1769 3602 1916 3655 sicco
1961 3608 2015 3657 et

442 3694 691 3761 humido,
738 3692 793 3747 id
843 3699 948 3756 est,
1002 3708 1071 3749 ex
1116 3692 1262 3763 igne,
1316 3706 1478 3762 aqua,
1537 3706 1682 3757 aere,
1742 3699 1796 3745 et
1848 3701 2012 3746 terra.

440 3784 690 3855 Namque
725 3785 973 3856 sanguis,
1024 3783 1192 3837 veluti
1234 3783 1471 3837 calidum
1504 3790 1558 3838 et
1587 3784 1751 3838 vitale
1780 3784 2015 3839 clemen-

441 3884 583 3941 tum,
619 3893 684 3931 ει
713 3877 835 3947 igne
874 3877 1063 3945 utique
1085 3882 1171 3930 est
1196 3893 1208 3928 :
1235 3875 1433 3931 humor
1460 3890 1615 3941 vero,
1648 3883 1707 3929 ut
1731 3876 1889 3946 22],
1917 3878 2017 3931 hu-

442 3969 645 4034 midus,
695 3976 781 4023 est
810 3969 878 4023 ab
931 3984 1058 4023 aere
1085 3987 1098 4024 :
1127 3970 1252 4024 bilis
1293 3983 1444 4032 vero,
1481 3975 1541 4022 ut
1585 3968 1754 4032 sicca,
1801 3985 1832 4022 a
1870 3976 2015 4023 terra

440 4066 566 4115 est:
604 4060 855 4130 phlegma
906 4059 1144 4130 denique
1188 4067 1248 4114 ut
1276 4059 1557 4130 frigidum,
1610 4065 1696 4114 est
1741 4059 1809 4113 ab
1849 4072 2012 4129 aqua.

443 4147 542 4204 His
567 4156 824 4219 quatuor,
860 4163 971 4204 non
1008 4164 1169 4204 secus
1211 4163 1276 4202 ac
1320 4156 1555 4218 quatuor
1583 4148 1777 4213 muris,
1811 4150 2013 4214 anima,

442 4242 619 4297 instar
662 4242 948 4308 columbae,
999 4243 1055 4297 in
1101 4241 1264 4297 domo
1297 4241 1549 4313 corporis
1601 4242 1862 4297 conclusa
1908 4249 2014 4297 est.

443 4334 615 4406 Igitur
639 4337 831 4391 mortis
873 4343 1140 4405 tempore,
1171 4334 1266 4391 Dei
1286 4335 1468 4405 jussu,
1495 4342 1735 4405 quatuor
1776 4334 2015 4390 clemen-

441 4430 516 4483 tis
542 4429 863 4483 ab'inviccm
890 4427 1324 4494 discedentibus,
1359 4436 1595 4499 quatuor
1618 4428 1761 4483 muri
1791 4428 2009 4493 domus,

442 4528 505 4576 ut
533 4521 607 4574 ita
640 4520 869 4585 dixeris,
898 4521 1298 4587 dissolvuntur,
1346 4522 1662 4592 receditque
1695 4523 1845 4578 intus
1885 4537 2013 4577 con-

444 4612 595 4668 clusa
622 4613 876 4667 columba
922 4613 1036 4668 sive
1077 4614 1280 4680 anima,
1327 4629 1391 4669 ac
1418 4616 1597 4684 primo
1631 4614 1837 4669 recedit
1886 4630 2017 4671 san—

445 4706 566 4776 guis
602 4705 717 4760 sive
746 4704 984 4759 calidum
1015 4712 1070 4760 et
1095 4705 1259 4760 vitale
1304 4707 1651 4763 elementum.
1684 4706 1823 4762 Hinc
1868 4722 2017 4761 mor-

445 4807 537 4853 tua
578 4812 807 4869 corpora
849 4798 1014 4853 bilem
1060 4806 1113 4853 et
1155 4798 1407 4871 phlegma
1452 4814 1515 4854 ac
1562 4800 1845 4854 humorem
1894 4806 2017 4871 post

445 4898 676 4947 mortem
706 4898 947 4959 servant,
976 4897 1031 4945 at
1064 4892 1383 4957 sanguinem
1414 4893 1624 4947 nullum
1652 4893 1870 4947 habent.

2041 4480 2090 4541 ο

2110 497 2257 547 ἐστιν
2281 496 2313 564 ὴ
2341 493 2484 565 ψυχὴ
2536 493 2631 547 τοῦ
2680 495 3002 568 ἀνθρώπου;
3039 497 3134 550 καὶ
3170 499 3330 554 πόθεν
3368 500 3505 572 αῦτη
3559 521 3690 559 συν-

2112 585 2322 641 ίσταται
2342 588 2398 638 ὲν
2412 585 2489 657 τῷ
2513 584 2723 658 σώματι
2743 603 2757 653 ;
2788 589 2880 641 καὶ
2898 589 3028 641 πότε
3050 590 3146 642 καὶ
3166 591 3281 655 πῶς
3307 591 3402 645 τοῦ
3433 593 3691 666 σώματος

2109 678 2400 750 χωρίζεται
2425 695 2440 744 ;
2468 679 2560 733 καὶ
2606 679 2660 734 τί
2692 680 2853 751 μέχρι
2899 681 2997 751 τῆς
3030 683 3381 748 ἀναστάσεως
3416 685 3690 758 διαπράτ-

2108 788 2289 837 τεται;
2315 772 2492 836 οὐδεὶς
2520 771 2629 844 γάρ
2682 774 2748 826 ὲκ
2776 773 2985 844 νεκρῶν
3014 776 3072 827 ὲν
3097 776 3175 846 τῷ
3208 776 3307 848 βίῳ
3341 778 3694 851 ἐπιδημήσας

2107 863 2281 917 ταῦτα
2307 866 2439 935 ἡμῖν
2467 865 2823 936 ἀπήγγειλεν,
2855 866 2888 937 ἦ
2932 866 3271 922 ἐπιστώσατο
3291 887 3306 901 ο
3354 871 3447 925 Διὸ
3469 872 3545 936 ὡς
3574 878 3693 937 τοῖς

2110 955 2324 1020 πολλοῖς
2375 957 2760 1029 ἀκατάληπτον
2795 959 2889 1012 τὸν
2931 961 3060 1031 περὶ
3088 961 3186 1029 τῆς
3225 961 3403 1034 ψυχῆς
3424 963 3585 1033 λόγον
3610 964 3696 1018 δι-

2108 1048 2367 1121 δαχθῆναι
2398 1052 2764 1123 ἠρωτήσαμεν
2792 1051 2891 1124 τὴν
2925 1054 3025 1126 σὴν
3047 1054 3324 1124 ἀγιότητα.

2192 1161 2382 1215 Ἀπὸκ.
2423 1161 2488 1214 ἸΙ
2539 1162 2637 1233 μὲν
2690 1162 2785 1216 τοῦ
2836 1164 3124 1237 ἀνθρώπου
3180 1166 3323 1238 ψυχή
3353 1170 3503 1223 ἐστιν
3529 1170 3698 1224 οὐσία

2110 1251 2289 1321 νοερὰ,
2321 1240 2627 1323 ἀσώματος,
2662 1253 2899 1327 ἀπαθὴς,
2937 1256 3203 1321 ἀθάνατος
3232 1259 3339 1329 (I5)
3362 1276 3375 1289 ·
3400 1260 3462 1313 οὑ
3495 1261 3603 1332 μὴν
3632 1262 3697 1314 δὲ

2111 1342 2339 1412 ἄγγελός
2394 1362 2525 1397 ποτε
2572 1341 2640 1418 ἦν
2682 1349 2715 1419 ὴ
2765 1347 2931 1418 ψυχὴ,
2979 1348 3056 1413 ὡς
3073 1351 3122 1403 οἱ
3166 1351 3561 1422 Ὠριγενιασταὶ
3591 1371 3699 1424 μυ-

2113 1434 2358 1487 θεύονται
2382 1452 2395 1465 ·
2453 1436 2573 1489 οὑδὲ
2622 1439 3063 1510 προὺπάρχουσιν
3087 1442 3141 1494 αί
3179 1441 3348 1513 ψυχαὶ
3366 1442 3477 1496 τῶν
3501 1446 3702 1516 σωμά-

2111 1544 2240 1591 των,
2276 1528 2350 1592 ὼς
2401 1530 2449 1581 οἱ
2500 1530 2792 1600 Μανιχαῖοι
2839 1530 3288 1602 δογματίζουσινο
3351 1536 3466 1590 ἀλλ’
3500 1537 3701 1610 ὥσπερ

2112 1619 2206 1673 τοῦ
2244 1619 2391 1672 λίθου
2433 1619 2529 1674 καὶ
2569 1620 2662 1674 τοῦ
2706 1620 2925 1692 σιδήρου
2954 1624 3424 1696 συγκρουομένων,
3468 1628 3534 1680 ὲκ
3583 1627 3698 1680 τῶν

2114 1710 2438 1783 ἀμφοτέρων
2487 1710 2730 1764 τίκτεται
2779 1712 2841 1764 τὸ
2888 1711 3033 1785 πῦρ·
3097 1713 3241 1769 οῦτω
3319 1716 3413 1770 καὶ
3458 1717 3552 1771 ἐπὶ
3591 1717 3701 1787 τῆς

2111 1801 2206 1856 τοῦ
2251 1803 2442 1873 ἀνδρὸς
2475 1802 2570 1857 καὶ
2600 1802 2854 1873 γυναικὸς
2881 1803 3202 1875 συμπλοκῆς
3234 1807 3548 1863 συνίσταται
3579 1808 3698 1879 (I6)

2111 1891 2245 1946 Θεοῦ
2290 1892 2536 1945 κελεύσει
2590 1892 2749 1964 σῶμα
2806 1893 2901 1947 καὶ
2950 1894 3121 1965 ψυχή.
3154 1896 3264 1950 Καὶ
3304 1896 3539 1951 πειθέτω
3569 1915 3630 1951 σε
3664 1901 3700 1951 6

2113 1984 2270 2053 ἅγιος
2300 1981 2619 2046 Ἀπόπολος
2649 1982 2884 2052 λέγων’(
2915 1984 3202 2057 Σπείρεται
3232 1984 3391 2057 σῶμα
3420 1986 3651 2063 ψυχᾳόν
3676 2004 3693 2018 ο

2112 2074 2381 2145 ἐγείρεται
2417 2074 2577 2147 σῶμα
2622 2075 3011 2146 πνευματικὸν,
3037 2095 3058 2129 ι
3096 2075 3338 2149 δηλονότι
3366 2080 3425 2133 ὲν
3459 2081 3525 2150 τῇ
3561 2079 3699 2132 ἀνα-

2114 2168 2320 2223 στάσει.

2195 2280 2386 2353 Ἐρώτ.
2419 2280 2504 2345 ιζ’.
2531 2279 2703 2337 Πόθεν
2736 2280 2795 2335 δὲ
2842 2281 3000 2354 δῆλον
3047 2283 3129 2338 ὃτι
3175 2284 3234 2339 ὲν
3261 2283 3342 2355 τῷ
3381 2284 3562 2357 καιρῷ
3595 2286 3696 2341 τοῦ

2113 2372 2345 2427 θανάτου
2362 2372 2421 2425 οὑ
2446 2371 2881 2442 συναποθνήσκει
2915 2373 3054 2445 μετά
3077 2373 3171 2428 τοῦ
3197 2372 3446 2446 σώματος
3461 2378 3495 2448 η
3516 2376 3693 2451 quin;

2113 2461 2269 2525 Τινὲς
2300 2460 2408 2533 γὰρ
2426 2461 2568 2516 οὕτω
2598 2460 2931 2533 νομίζουσιν.

2194 2572 2382 2626 Ἀπόκ.
2429 2573 2489 2626 '0
2517 2572 2612 2626 τοῦ
2659 2573 2794 2628 Θεοῦ
2833 2574 2962 2637 Υἱὸς
2993 2575 3089 2629 καὶ
3118 2576 3289 2644 Λόγος
3319 2576 3428 2647 (I7)
3481 2578 3697 2650 Ἰησοῦς

2111 2664 2141 2716 ὀ
2191 2662 2427 2732 Χριστὸς
2480 2663 2771 2735 προφανῶς
2822 2666 2972 2735 ἡμᾶς
3003 2665 3242 2720 διδάσκει
3267 2668 3328 2720 τὸ
3364 2668 3558 2739 θνητὸν
3594 2670 3691 2722 τοῦ

2115 2749 2386 2821 σώματος,
2418 2753 2512 2806 καὶ
2558 2753 2620 2807 τὸ
2650 2754 2916 2809 ἀθάνατον
2945 2753 3045 2827 τῆς
3074 2757 3349 2827 ἡμετέρας
3369 2758 3567 2832 ψυχῆς,
3602 2758 3693 2813 λέο

2111 2858 2223 2910 γων
2245 2859 2288 2893 ἰ
2313 2844 2402 2914 Μὴ
2425 2843 2698 2916 φοϐηθῆτε
2720 2846 2826 2899 ἀπὸ
2847 2846 2953 2900 τῶν
2972 2847 3397 2902 ἀποκτεινόντων
3416 2849 3478 2901 τὸ
3504 2849 3690 2919 σῶμα,

2111 2934 2209 3006 τὴν
2237 2934 2293 2988 δὲ
2316 2934 2492 3006 ψυχὴν
2522 2936 2597 3007 μὴ
2629 2936 2944 3008 δυναμένων
2989 2940 3326 2992 ἀποκτεῖναι.
3367 2958 3386 2991 ι
3417 2938 3697 3011 Πρόδηλον

2114 3024 2189 3088 ὡς
2211 3025 2472 3092 ἀθάνατος
2505 3028 2619 3100 (I8)
2653 3029 2747 3083 καὶ
2776 3030 2883 3084 ἀπὸ
2910 3028 3045 3084 Θεοῦ
3078 3030 3332 3102 ὑπάρχει.

2197 3139 2386 3211 Ἐρὼτ.
2416 3148 2505 3212 ιη’.
2541 3162 2559 3193 ι
2592 3143 2788 3206 Πιστὸς
2816 3144 2844 3196 ὁ
2877 3142 3033 3212 λόγος
3074 3144 3169 3196 καὶ.
3201 3143 3382 3213 πάσης
3416 3141 3697 3213 ἀποδοχῆς

2114 3319 2204 3372 τοῦ
2241 3320 2491 3392 σώματος
2510 3339 2524 3387 ;

2192 3414 2380 3467 Ἀπόκ.
2432 3415 2527 3468 Ἐκ
2583 3414 2862 3484 τεσσάρων
2910 3413 3187 3484 στοιχείων
3245 3413 3575 3484 πιστεύομεν
3633 3413 3702 3466 τὸ

2114 3511 2273 3581 σῶμα
2303 3506 2395 3561 τοῦ
2425 3504 2709 3578 ἀνθρώπου
2735 3506 3082 3558 συνίστασθαι
3100 3521 3115 3536 ο
3144 3504 3289 3572 λέγω
3328 3503 3393 3574 δὴ
3425 3502 3487 3567 ἐξ
3522 3504 3702 3574 αἵμα-

2112 3618 2222 3663 τος,
2248 3598 2344 3651 καὶ
2377 3596 2702 3666 φλέγματος,
2725 3596 2818 3648 καὶ
2843 3594 3040 3666 χυμοῦ,
3069 3594 3164 3647 καὶ
3194 3594 3356 3665 χολῆς
3374 3610 3389 3624 ·
3421 3595 3595 3664 ῆγουν
3635 3594 3702 3645 ὲκ

2115 3690 2338 3763 θερμοῦ,
2358 3689 2452 3744 καὶ
2484 3688 2715 3760 ψυχροῦ,
2747 3689 2840 3742 καὶ
2869 3686 3054 3757 ξηροῦ,
3076 3689 3171 3741 καὶ
3199 3686 3387 3759 ὑγροῦ,
3418 3686 3702 3740 τουτέστιν

2118 3783 2181 3835 ὲκ
2215 3780 2401 3851 πυρὸς,
2458 3780 2551 3832 καὶ
2603 3778 2813 3842 ὓδατος,
2859 3778 2953 3830 καὶ
2997 3778 3175 3849 ἀέρος,
3211 3778 3303 3831 καὶ
3334 3778 3457 3847 γῆς.
3493 3777 3570 3830 Τὸ
3599 3778 3703 3849 μὲν

2115 3871 2223 3943 γὰρ
2248 3866 2386 3942 αἷμα
2410 3870 2598 3943 ὥσπερ
2632 3869 2833 3942 θερμὸν
2861 3870 2955 3923 καί⁵
2982 3868 3207 3933 ζωτικὸν
3233 3871 3512 3939 στοιχεῖον,
3532 3869 3704 3940 δῆλον

2114 3967 2196 4019 ὅτι
2237 3967 2302 4018 ὲκ
2342 3962 2434 4017 τοῦ
2483 3964 2684 4038 πυρός·
2716 3965 2744 4016 ὁ
2787 3962 2843 4015 δὲ
2877 3961 3068 4032 χυμὸς,
3094 3960 3170 4025 ὡς
3213 3961 3399 4030 ὑγρὸς,
3430 3962 3704 4033 πρόδηλον

2116 4057 2199 4109 ὅτι
2228 4055 2287 4122 ἐξ
2309 4056 2470 4127 ἀέρος
2490 4072 2504 4086 ·
2535 4057 2568 4125 ἡ
2603 4054 2659 4107 δὲ
2688 4054 2817 4124 χολὴ
2851 4054 2926 4117 ὼς
2956 4051 3098 4124 ξηρά
3128 4053 3392 4124 πρόδηλον
3418 4054 3528 4106 ἀπὸ
3552 4055 3662 4125 γῆς
3683 4072 3699 4086 .

2112 4148 2176 4201 τὸ
2205 4148 2262 4201 δὲ
2296 4147 2514 4217 φλέγμα
2544 4147 2621 4211 ὡς
2644 4146 2870 4218 ψυχρὸν,
2893 4145 3112 4218 εὔδηλον
3136 4146 3194 4213 ἐξ
3211 4146 3419 4209 ὓδατος.
3435 4147 3548 4200 Καὶ
3572 4146 3704 4201 τού-

2116 4256 2230 4304 τοις
2257 4242 2371 4303 τοῖς
2406 4238 2698 4310 τέσσαρσιν
2738 4238 2926 4310 ὥσπερ
2960 4238 3055 4292 καὶ
3086 4238 3343 4310 τέσσαρσι
3393 4239 3601 4309 τοίχοις
3645 4243 3707 4294 ὲν

2114 4331 2249 4399 οῐκῳ
2280 4330 2372 4384 τοῦ
2405 4329 2654 4400 σώματος
2684 4327 2838 4401 δίκην
2855 4330 2998 4393 τινὸς
3031 4331 3359 4401 περιστερᾶς
3375 4330 3707 4384 ἀποκέκλει-

2118 4439 2239 4476 σται
2268 4423 2300 4493 ἡ
2328 4421 2494 4494 ψυχή.
2547 4420 2637 4491 Τῷ
2679 4420 2809 4490 γοῦν
2835 4421 3013 4492 καιρῷ
3035 4421 3130 4475 τοῦ
3163 4422 3392 4475 Θανάτου
3424 4422 3704 4496 ἐπιτροπῇ

2112 4514 2207 4569 τοῦ
2237 4514 2395 4579 Θεοῦ,
2433 4514 2861 4586 ὑποχωρούντων
2902 4513 2960 4580 ἐξ
3006 4513 3251 4585 ἀλλήλων
3277 4513 3387 4567 τῶν
3413 4515 3706 4587 τεσσάρων

2116 4607 2416 4678 στοιχείων,
2451 4606 2527 4670 ὼς
2556 4605 2622 4659 ἂν
2667 4605 2862 4669 εἴποις,
2902 4604 3207 4658 διαλύονται
3239 4606 3289 4658 οἱ
3316 4604 3587 4677 τέσσαρες
3604 4606 3705 4661 τοῦ

2114 4696 2264 4750 οἴκου
2294 4699 2486 4766 τοῖχοι,
2526 4696 2620 4749 καὶ
2651 4696 2926 4767 ἀναχωρεῖ
2960 4697 2992 4766 ή
3030 4696 3176 4749 ἔνδον
3224 4696 3703 4769 ἀποκεκλεισμένη

2113 4788 2433 4860 περιστερὰ,
2458 4790 2625 4860 ἤγουν
2657 4791 2690 4860 ἡ
2716 4788 2858 4860 ψυχή
2878 4806 2891 4819 ο
2923 4788 3016 4841 καὶ
3050 4787 3263 4860 πρῶτον
3295 4786 3395 4860 μὲν
3416 4789 3706 4863 ἀποχωρεί

2114 4881 2176 4935 τὸ
2199 4876 2357 4953 αἷμα,
2390 4883 2558 4953 ῆγουν
2590 4881 2651 4934 τὸ
2678 4880 2878 4953 θερμὸν
2906 4882 2999 4934 καὶ
3042 4880 3288 4945 ζωτικόν.
3322 4882 3483 4935 Ὅθεν
3508 4883 3581 4937 τά
3614 4901 3703 4936 νε-

2121 4972 2231 5044 κρά
2263 4974 2490 5045 σώματα
2531 4972 2693 5044 χολὴν
2755 4972 2855 5043 μὲν
2898 4972 3078 5043 ἔχουσι
3133 4973 3270 5043 μετά
3319 4972 3552 5027 θάνατον
3607 4977 3706 5029 καὶ

2123 5066 2343 5137 φλέγμα
2366 5067 2459 5120 καὶ
2480 5066 2675 5137 χυμὸν,
2709 5062 2848 5136 αἷμα
2876 5065 2933 5119 δὲ
2956 5066 3055 5119 οὐκ
3081 5065 3312 5137 ἔχουσιν.

513 5224 561 5262 ³⁸
599 5224 619 5279 I
653 5223 779 5278 Cor.
812 5237 904 5290 xv,
933 5223 1022 5277 44.
1098 5223 1144 5256 ⁸⁸
1185 5221 1374 5278 Matth.
1410 5239 1468 5288 κ,
1499 5223 1590 5279 28.
1662 5222 1744 5277 “I
1777 5220 1918 5276 Tim.
1954 5237 1994 5286 ι,
2034 5221 2118 5276 I5.

517 5375 629 5446 (15)
666 5375 830 5441 Post,
903 5376 1209 5441 ἀθάνατος,
1282 5376 1503 5446 quidam
1565 5375 1800 5446 habent_
1829 5375 2014 5446 σχεδον

446 5444 727 5517 ὁμοίατῆς
757 5447 867 5501 τῶν
909 5446 1153 5516 ἀγγέλων
1204 5444 1551 5517 λεπτότητος.
1609 5446 1731 5500 Mox
1775 5444 1914 5517 Reg.
1956 5444 2013 5509 2,

461 5517 835 5583 Ὠριγενισταί.

519 5532 991 5707 ᾃιέῗνῖῗξῗιιὺἱόθιη
1028 5587 1385 5657 manuscripti
1426 5588 1632 5644 rectius
1668 5602 1832 5659 quam
1860 5583 2016 5648 editi,

519 5671 525 5705 l
573 5654 795 5707 habent.
820 5656 1166 5707 συνίστασθαι
1195 5656 1426 5707 κελεύει.

451 5654 545 5723 (ιιιὶ
573 5654 803 5723 habent,
820 5656 1166 5711 συνίστασθαι
1195 5654 1426 5710 κελεύει.

525 5721 637 5795 (I7)
676 5726 921 5790 Quatuor
950 5743 1109 5792 mss.,
1138 5729 1166 5779 ό
1185 5727 1279 5780 τοῦ
1308 5727 1541 5798 Χριστοῦ
1574 5728 1667 5782 καὶ
1698 5727 1831 5781 Θεοῦ
1864 5724 2019 5797 ἡμῶν

2121 5373 2374 5445 Λόγοςο,
3088 5434 3101 5445 .
3186 5437 3199 5445 .
3295 5433 3354 5445 --

2194 5433 2315 5513 (’18),
2343 5440 2459 5513 Duo
2492 5455 2667 5513 gmss.,
2695 5436 2961 5513 ἀθάνατον
3016 5434 3125 5513 καὶ-
3175 5433 3361 5513 ἀπαθῇ
3420 5433 3702 5513 δπᾲρχοεν

2125 5504 2244 5567 σαν.
2281 5504 2424 5565 Edit.
2470 5511 2707 5570 Comm..
2735 5508 2999 5569 ἀθάνατος
3043 5508 3138 5559 καὶ
3181 5504 3396 5574 ἀπαθὴς
3433 5504 3697 5574 ὑπάρχει.

2124 5583 2267 5637 Edit.
2310 5583 2482 5636 Paris.
2525 5595 2650 5633 cum
2692 5578 2867 5632 Palat.
2908 5577 2962 5642 2,
3002 5576 3269 5639 ἀθάνατος
3309 5573 3401 5632 καί
3432 5575 3540 5626 ἀπὸ
3557 5573 3703 5627 Θεοῦ

2127 5653 2382 5725 ὑπάρχεὲ
2417 5651 2588 5725 Ροιτρ
2626 5658 2819 5718 quaest.
2854 5646 3061 5725 19)-20,
3094 5646 3205 5725 2.1,
3230 5645 3321 5725 ἓξ,
3352 5643 3445 5725 g5,
3479 5644 3573 5712 24,
3605 5645 3701 5700 ab~

2128 5714 2259 5781 sunt
2280 5714 2320 5779 ’ὁ
2348 5721 2521 5777 Palat.
2547 5719 2603 5788 2,
2628 5714 2676 5775 et
2707 5737 2736 5775 a
2768 5719 3044 5775 veteribus
3077 5716 3240 5773 editis
3271 5714 3502 5770 Latinis.
