3860 6200
158 336 263 394 639

1087 326 1552 397 QUIESTIONES
1587 327 1680 381 AD
1714 325 2122 383 ANTIOCHUM
2157 324 2410 383 DUCEM.

3294 293 3399 378 διὸ

466 403 696 508 ὤκῆιοῦ
731 450 788 504 δὲ
829 449 937 525 ἄρα
972 448 1197 521 θέλομεν
1223 449 1436 519 λέγειν,
1479 449 1560 501 ὅτι
1591 448 1727 501 εἰσὶν

1898 445 2119 512 Quass'r.
2149 442 2292 497 XIX.
2317 441 2553 498 Ubinam
2587 454 2750 512 porro
2769 455 2893 496 esse
2914 439 3159 495 dicemus
3184 438 3398 494 animas

160 546 214 599 αἱ
245 543 617 616 προλαὸοὖσαι
646 542 754 596 τῶν
782 540 1085 613 ἀνθρώπων
1106 541 1305 612 ψυχαί;

238 636 428 704 ’Λπὸκ.
465 636 626 689 Ξένον
668 634 766 705 μὲν
803 633 898 687 καὶ
942 631 1171 703 φοϐερὸν
1202 631 1263 685 τὸ
1299 631 1561 702 ἐρώτημα
1594 629 1727 701 (i9),

159 728 249 781 καὶ
279 726 433 798 παρὰ
459 724 766 797 ἀνθρώποις
797 723 1308 796 ἀποκεκρυμμένον.
1339 725 1414 776 Οὑ
1457 722 1567 794 γὰρ
1607 740 1731 776 συν-

156 818 435 891 εχὼρησεν
459 819 488 870 6
514 818 645 881 Θεὸς
671 815 1004 870 ἐπαναλῦσαί
1021 833 1143 868 τινα
1171 815 1307 885 πρὸς
1328 816 1475 885 ἡμᾶς
1499 814 1729 879 ἐκεῖθεν,

156 913 248 964 καὶ
278 909 643 981 διηγήσασθαι
670 908 772 961 ποῦ
799 908 832 980 ἦ
860 909 977 972 πῶς
1002 911 1138 961 εἰσιν
1182 908 1237 960 αἱ
1266 908 1357 977 ἀφ’
1385 909 1539 978 ἡμῶν
1565 905 1731 960 ἀπελ-

156 1002 342 1057 θοῦσαι
385 1001 575 1072 ψυχαί.
611 1002 801 1072 Ὅμως
834 1003 897 1053 ὲκ
943 999 1052 1053 τῶν
1087 1000 1319 1072 Γραφῶν
1366 999 1728 1070 μανθάνομεν,

153 1094 233 1145 ὅτι
259 1095 313 1145 αἱ
340 1093 440 1164 μὲν
467 1091 575 1146 τῶν
600 1089 940 1163 ἁμαρτωλῶν
964 1090 1134 1161 ψυχαὶ
1155 1093 1212 1143 ὲν
1238 1089 1430 1163 τῷᾷδῃ
1458 1090 1732 1163 ὑπάρχου-

154 1203 235 1238 σιν
262 1185 522 1237 ὑποκάτω
551 1183 732 1254 πάσης
762 1183 861 1255 τῆς
889 1183 994 1254 γῆς
1026 1184 1121 1237 καὶ
1146 1182 1248 1253 τῆς
1271 1183 1542 1255 θαλάττης
1569 1184 1728 1252 είσὶν,

152 1275 226 1339 ῶς
253 1293 418 1347 φησιν
451 1278 480 1328 ὁ
508 1274 740 1346 ψαλμὸς,
776 1296 795 1328 ι
846 1277 933 1329 Ἐν
960 1278 1253 1339 σκοτεινοῖς
1284 1276 1379 1328 καὶ
1406 1276 1463 1329 ἐν
1487 1277 1615 1347 σκιᾷ
1636 1275 1733 1329 θα-

150 1367 313 1420 νάτου
347 1365 444 1418 καὶ
475 1367 532 1418 ὲν
562 1366 749 1437 λάκκῳ
780 1365 1100 1436 κατωτάτω,
1136 1384 1154 1417 ι
1193 1366 1287 1418 καὶ
1313 1364 1388 1430 ὡς
1420 1366 1730 1439 γέγραπται

150 1463 207 1513 ἐν
224 1460 304 1532 τῷ
337 1459 477 1513 Ἰὼϐ·
504 1479 524 1510 ι
559 1460 671 1524 Ἐἰς
686 1461 787 1530 γῆν
805 1459 1084 1531 σκοτεινὴν
1105 1460 1200 1513 καὶ
1228 1461 1517 1532 γνοφεράν,
1538 1462 1617 1525 εἰς
1628 1461 1731 1532 γῆν

151 1553 379 1616 σκότους
400 1551 641 1617 αἰωνίου,
671 1543 732 1605 οὗ
761 1553 859 1605 οὑκ
887 1552 1004 1605 ἔστι
1034 1552 1257 1620 φέγγος,
1280 1553 1403 1606 οὑδὲ
1430 1554 1562 1624 ὁρᾷν
1587 1550 1732 1624 ζωὴν

151 1644 366 1715 βροτοῖς
395 1643 529 1715 (20),
585 1663 604 1696 ι
646 1635 705 1697 αἱ
732 1645 790 1698 δὲ
840 1643 950 1698 τῶν
987 1644 1210 1698 δικαίων
1250 1643 1419 1715 ψυχαὶ
1458 1644 1596 1715 μετά
1631 1645 1731 1717 τὴν

148 1736 389 1809 Χριστοῦ
433 1737 768 1809 παρουσίαν,
802 1735 877 1798 ὡς
932 1736 997 1788 ὲκ
1028 1734 1124 1788 τοῦ
1175 1734 1373 1808 λῃστοῦ
1424 1735 1517 1789 τοῦ
1550 1738 1609 1789 ὲν
1651 1735 1731 1807 τῷ

151 1827 370 1899 σταυρῷ
407 1828 769 1898 μανθάνομεν,
804 1829 886 1882 ὃτι
915 1829 973 1880 ὲν
999 1828 1077 1898 τῷ
1111 1827 1423 1899 παραδείσῳ
1456 1828 1732 1900 ὑπάρχου-
1761 1810 1802 1865 Β

149 1937 260 1972 σιν.
291 1920 365 1972 Οὑ
400 1919 510 1991 γάρ
541 1917 630 1972 διὰ
674 1918 843 1990 μόνην
874 1918 972 1990 τὴν
1009 1917 1185 1989 ψυχὴν
1214 1918 1308 1971 τοῦ
1343 1919 1500 1988 ἁγίου
1528 1917 1728 1991 λῃστοῦ

148 2008 386 2080 Χριστὸς
420 2010 449 2061 6
485 2008 617 2070 Θεὸς
657 2007 813 2078 ἡμῶν
840 2006 1017 2079 ἤνοιξε
1071 2007 1162 2060 τὸν
1210 2009 1563 2080 παράδεισον,
1597 2007 1732 2062 ἀλλὰ

150 2102 245 2154 καὶ
274 2101 364 2154 διὰ
402 2102 580 2163 πάσας
611 2098 796 2166 λοιπὸν
826 2098 925 2163 τὰς
958 2099 1068 2152 τῶν
1100 2100 1269 2168 ἁγίων
1301 2100 1501 2171 ψυχάς.

234 2188 430 2262 Ἑρὼτ.
471 2198 539 2244 κ’.
576 2191 639 2243 Τί
670 2187 785 2256 οὖν,
810 2190 1082 2245 ἀπέλαϐον
1119 2192 1169 2245 οἱ
1197 2191 1394 2246 δίκαιοι
1425 2194 1494 2246 τὰ
1527 2190 1728 2262 ἀγαθὰ,

149 2279 249 2335 καὶ
279 2282 330 2333 oi
364 2280 682 2352 ἁμαρτωλοὶ
707 2280 806 2352 τὴν
849 2280 1100 2345 κόλασιν;

233 2370 423 2423 Ἀπόκ.
480 2369 766 2442 Οὐδαμῶς.
825 2372 1015 2444 Ὅμως
1061 2373 1119 2426 δὲ
1168 2371 1266 2443 τὴν
1315 2372 1490 2444 χαρὰν
1526 2372 1732 2445 ταύτην

148 2463 365 2533 ἔχουσιν
407 2464 465 2515 at
514 2463 621 2516 τῶν
668 2465 835 2533 ἁγίων
877 2465 1045 2535 ψυχαί
1094 2464 1235 2535 (21)°
1271 2465 1366 2517 καὶ
1414 2463 1559 2517 ἔστιν
1590 2464 1728 2537 αὕτη

153 2550 356 2623 μερικὴ
390 2552 708 2616 ἀπόλαυσις,
742 2551 930 2623 ῶσπερ
968 2553 1063 2606 καὶ¹
1092 2553 1125 2623 ἡ
1164 2551 1342 2622 λύπη,
1373 2552 1438 2622 ἣν
1468 2552 1518 2604 oi
1549 2552 1730 2624 ἁμαρ-

147 2643 313 2696 τωλολ¹
343 2644 544 2714 ἔχουσι,
578 2661 643 2714 με
655 2643 777 2716 ρικὴ
805 2644 1046 2707 κόλασις,
1068 2640 1164 2697 κοιλ¹
1184 2642 1372 2714 ὥσπερ
1402 2641 1511 2715 (22)
1533 2659 1732 2713 μετασ-

147 2734 395 2787 τέλλεται
440 2734 692 2805 βασιλεὺς
732 2735 921 2805 φίλους
949 2735 1114 2788 αὑτοῦ
1156 2737 1250 2789 ἐπὶ
1277 2734 1354 2806 τῷ
1399 2734 1731 2806 συναριστῆ-

150 2845 242 2880 σαι
276 2826 428 2898 αὐτῷ
460 2826 722 2891 ὡσαύτως
766 2829 861 2882 καὶ
902 2829 1230 2893 καταδίκους
1270 2830 1364 2881 ἐπὶ
1408 2829 1470 2882 τὸ
1508 2828 1731 2884 κολάσαι

147 2918 370 2982 αὐτούς.
397 2919 508 2972 Καὶ
531 2918 579 2971 οἱ
616 2918 715 2989 μὲν
741 2921 824 2983 είς
849 2919 909 2972 τὸ
934 2920 1153 2992 ἄριστον
1191 2919 1477 2991 κληθέντες
1505 2920 1563 2974 ὲν
1587 2920 1733 2992 χαρᾷ

148 3014 288 3063 εἰσιν
336 3010 647 3082 ἔμπροσθεν
695 3011 790 3064 τοῦ
839 3012 990 3065 οἴκου
1037 3013 1132 3066 τοῦ
1184 3012 1447 3085 βασιλέως
1490 3013 1596 3078 ἕως
1631 3014 1732 3084 τῆς

146 3101 301 3172 ῶρας
325 3100 422 3153 τοῦ
456 3101 710 3173 ἀρίστου·
747 3104 794 3155 οί
823 3102 880 3156 δὲ
917 3105 1199 3159 κατάδικοι
1236 3106 1296 3158 ἐν
1342 3105 1555 3176 φυλακῇ
1582 3105 1734 3175 ¹ἀπο-

1756 3146 1805 3213 C

1832 539 2111 593 hominum
2151 551 2273 608 quae
2293 536 2404 605 jam
2434 532 2848 590 discesserunt?

1899 626 2066 683 Bssr.
2093 626 2231 681 Mira
2279 639 2414 681 sane
2459 633 2513 679 et
2551 622 2842 679 metuenda
2881 623 3132 694 quaestio,
3158 622 3397 677 homini-

1829 720 2042 790 busque
2073 720 2307 774 occulta.
2340 717 2451 773 Nec
2477 717 2621 772 enim
2656 715 2800 771 Deus
2826 730 3151 786 quemquam
3186 716 3255 770 ad
3293 731 3396 772 nos

1832 811 1957 865 inde
2007 810 2185 865 redire
2246 809 2518 880 permisit,
2551 820 2920 876 enarrareque
2962 806 3183 860 ubinam
3215 821 3392 876 quove

1830 905 1993 959 modo
2022 904 2133 959 sint
2173 904 2370 957 animm
2402 916 2434 955 a
2470 899 2632 955 nobis
2692 898 2967 969 profectae.
3000 895 3388 954 Verumtamen

1829 995 2095 1052 discimus
2154 1011 2221 1051 ex
2265 994 2465 1050 divinis
2538 992 2736 1047 litteris
2781 997 3130 1062 peccatorum
3180 992 3391 1045 animas

1832 1090 1888 1143 in
1918 1088 2110 1145 inferis
2130 1105 2253 1147 esse
2281 1090 2425 1145 infra
2446 1106 2659 1147 omnem
2684 1100 2885 1147 terram
2915 1098 2968 1145 et
3005 1100 3174 1149 mare,
3204 1098 3395 1155 quem-

1831 1180 2121 1235 admodum
2194 1182 2269 1235 ait
2340 1180 2629 1238 Psalmista
2679 1202 2694 1237 :
2762 1201 2780 1234 ι
2836 1180 2895 1236 1η
2968 1179 3278 1235 tenebrosis
3338 1185 3393 1233 et

1832 1272 1887 1325 in
1949 1272 2144 1327 umbra
2210 1273 2403 1329 mortis
2453 1284 2506 1329 et
2558 1274 2613 1328 in
2662 1275 2785 1328 lacu
2834 1272 3102 1337 infimo",
3170 1290 3189 1323 ι
3232 1277 3288 1325 et
3332 1276 3394 1324 ut

1830 1365 1971 1435 apud
2000 1363 2103 1419 Job
2133 1364 2396 1435 scriptum
2428 1374 2513 1422 est
2547 1386 2560 1421 :
2600 1386 2617 1419 ι
2644 1365 2703 1420 In
2727 1373 2929 1421 terram
2953 1365 3295 1420 tenebrosam
3341 1372 3397 1417 et

1831 1457 2210 1527 caliginosam,
2238 1459 2295 1512 in
2318 1464 2521 1512 terram
2548 1459 2895 1513 tenebrarum
2924 1466 3273 1519 teternarum,
3302 1454 3396 1508 ubi

1830 1546 2014 1602 nullus
2046 1547 2326 1616 splendor,
2353 1562 2451 1603 nec
2473 1547 2581 1602 vita
2610 1554 2695 1602 est
2732 1546 3127 1602 hominibus”.
3156 1564 3175 1597 ι
3211 1543 3396 1600 Justo-

1831 1654 1949 1693 rum
1982 1648 2162 1695 autem
2195 1640 2409 1703 animae,
2434 1649 2494 1694 ut
2533 1655 2601 1695 ex
2648 1641 2858 1694 latrone
2905 1638 2962 1693 in
3020 1654 3184 1695 cruce
3234 1637 3395 1694 disci-

1832 1747 1953 1787 mus
1975 1732 2042 1799 ”,
2074 1740 2203 1788 sunt
2232 1733 2286 1787 in
2324 1732 2600 1803 paradiso.
2644 1731 2755 1787 Nec
2787 1732 2931 1786 enim
2979 1738 3198 1802 propter
3226 1732 3394 1786 solam

1830 1824 2005 1879 sancti
2055 1824 2285 1880 latronis
2333 1824 2571 1878 animam
2602 1822 2858 1878 Christus
2896 1823 3209 1893 paradisum
3262 1836 3390 1891 ape-

1829 1916 1958 1979 ruit,
1986 1914 2081 1970 sed
2110 1916 2273 1969 etiam
2306 1922 2527 1985 propter
2558 1929 2748 1970 omnes
2782 1921 3100 1969 sanctorum
3123 1912 3355 1969 animas.

1898 2182 2118 2252 Qus'r.
2154 2182 2273 2238 XX.
2315 2182 2457 2249 Quid
2500 2181 2698 2254 igitur?
2738 2180 2961 2235 Bonane
3007 2178 3144 2250 iusti
3172 2192 3396 2248 recepe-

1829 2286 1977 2340 runt,
2014 2286 2068 2333 et
2095 2286 2410 2348 peccatores
2440 2273 2807 2346 supplicium?

1899 2366 2062 2424 Rssr.
2088 2367 2462 2438 Nequaquam.
2510 2366 2628 2419 Hoc
2664 2372 2848 2419 tamen
2890 2363 3149 2416 fruuntur
3195 2358 3395 2430 gaudio

1831 2469 2149 2515 sanctorum
2181 2458 2393 2520 animae,
2419 2472 2541 2529 quae
2568 2470 2697 2525 pars
2724 2461 2811 2510 est
2842 2454 3059 2509 illorum
3091 2449 3391 2515 felicitatis,

1836 2559 1897 2605 ut
1942 2550 2188 2617 tristitia,
2224 2566 2387 2621 quam
2412 2549 2616 2603 habent
2646 2556 2983 2619 peccatores,
3001 2560 3129 2616 pars
3158 2551 3242 2599 est
3267 2540 3393 2597 illo-

1828 2655 1951 2693 rum
1985 2640 2264 2711 supplicii.
2294 2638 2763 2706 Quemadmodum
2795 2638 2980 2708 itaque
3013 2649 3144 2691 suos
3188 2635 3394 2690 amicos

1830 2733 2065 2787 accersit
2118 2733 2438 2803 imperator,
2473 2738 2535 2785 ut
2586 2745 2771 2787 secum
2838 2729 3162 2800 prandeant,
3207 2727 3289 2782 sic
3340 2734 3396 2780 et

1830 2824 2117 2879 damnatos
2164 2832 2225 2877 ut
2270 2823 2592 2893 puniantur.
2624 2820 2707 2875 Illi
2762 2830 2943 2874 autem
2981 2819 3050 2874 ad
3104 2816 3394 2888 prandium

1829 2916 2008 2971 vocati
2046 2915 2300 2969 laetantur
2359 2920 2486 2968 ante
2540 2911 2761 2966 domum
2821 2908 3187 2980 imperatoris,
3219 2906 3395 2962 donec

1830 3008 2042 3064 venerit
2068 3008 2202 3061 bora
2239 3006 2477 3078 prandii.
2506 3003 2758 3058 Damnati
2793 3004 2849 3058 in
2881 3002 3133 3059 custodia
3165 3001 3391 3065 inclusi,

1833 3099 1889 3155 in
1915 3113 2149 3154 mmrore
2187 3098 2412 3169 degunt,
2466 3111 2640 3168 usque
2681 3097 2815 3151 dum
2847 3094 3031 3150 veniat
3073 3093 3263 3165 judcx.
3302 3091 3395 3147 Sic

148 3192 565 3263 κεκλεισμένοι,
602 3195 660 3247 ἐν
702 3192 848 3265 λύπῃ
891 3195 1258 3267 ὑπάρχουσιν,
1294 3194 1400 3259 ἕως
1429 3188 1490 3248 οὗ
1526 3195 1654 3268 ἔλθῃ
1702 3198 1729 3250 6

1845 3189 2176 3246 sentiendum
2204 3196 2287 3244 est
2318 3189 2386 3244 de
2421 3189 2709 3244 animabus
2738 3188 3015 3257 iustorum
3043 3193 3101 3243 et
3130 3192 3389 3257 peccato-

148 3286 366 3357 κριτής.
411 3283 570 3338 Οὖτω
613 3285 694 3338 δεῖ
723 3285 906 3340 λοιπὸν
939 3290 1078 3341 νοεῖν
1124 3287 1219 3341 καὶ
1264 3287 1357 3341 ἐπὶ
1404 3287 1512 3340 τῶν
1553 3289 1730 3341 ἐκεῖσε

149 3375 246 3428 νῦν
271 3376 366 3446 ἀφ’
391 3376 547 3448 ἡμῶν
579 3377 967 3447 προλαὸουσῶν
998 3376 1205 3450 ψυχῶν,
1232 3378 1377 3447 λέγω
1407 3378 1471 3451 δὴ
1508 3378 1732 3433 δικαίων

151 3470 245 3522 καὶ
274 3468 634 3541 ἁμαρτωλῶν.

235 3563 431 3636 Ἐρώτ.
468 3569 579 3617 κα¹.
608 3564 670 3617 Et
696 3557 787 3617 οὖν
822 3561 997 3630 οὐδεὶς
1028 3563 1151 3619 καθ’
1179 3565 1215 3620 ἃ
1245 3565 1491 3638 εἴρηκας,
1519 3564 1642 3619 οὔτε
1672 3566 1731 3621 ὲν

153 3655 425 3728 βασιλείᾳ,
465 3657 588 3710 οὕτε
621 3657 678 3709 ὲν
702 3656 897 3732 γεέννῃ
929 3657 1244 3731 εἰσελήλυθε
1264 3674 1280 3689 ο
1315 3657 1433 3723 πῶς
1477 3659 1605 3731 περὶ
1635 3657 1729 3713 τοῦ

150 3747 411 3800 πλουσίου
442 3745 536 3801 τοῦ
565 3748 708 3803 κατά
736 3748 828 3803 τὸν
850 3747 1100 3824 Λάζαρον
1128 3750 1418 3822 ἀκούομεν,
1441 3749 1546 3816 ὅτι,
1575 3753 1632 3805 ὲν
1653 3750 1731 3823 τῷ

152 3839 288 3909 πυρὶ
326 3838 425 3892 καὶ
452 3837 707 3908 βασάνοις
740 3839 1019 3914 ὑπάρχων,
1065 3842 1202 3907 πρὸς
1242 3843 1333 3898 τὸν
1370 3841 1622 3915 Ἀϐραὰμ
1651 3842 1731 3897 δι-

152 3923 378 3992 ελέγετο
400 3942 417 3990 ;

235 4015 430 4070 ’Λπόκ.
477 4015 536 4070 '0
576 4016 780 4088 Κύριος
823 4018 1205 4090 παραϐολικῶς
1241 4021 1338 4077 ὅλα
1362 4021 1432 4077 τὰ
1464 4023 1605 4077 κατὰ
1639 4024 1730 4078 τὸν

151 4105 404 4177 Λάζαρον
440 4108 534 4161 καὶ
569 4108 659 4162 τὸν
690 4108 942 4164 πλούσιον
971 4112 1222 4184 εἴρηκεν,
1250 4114 1437 4187 ὥσπερ
1471 4115 1565 4169 καὶ
1602 4117 1731 4187 περὶ

148 4197 259 4250 τῶν
289 4198 426 4252 δέκα
459 4199 756 4271 παρθένων,
787 4202 881 4256 καὶ
910 4202 1018 4256 τῶν
1049 4202 1251 4258 λοιπῶν
1280 4206 1619 4279 παραϐολῶν.
1655 4208 1728 4261 Οὐ

152 4288 261 4360 γάρ
293 4291 353 4344 ὲν
383 4290 671 4361 πράγματι
696 4293 919 4362 γέγονεν
950 4295 984 4366 ἡ
1015 4295 1107 4349 τοὺ
1139 4296 1391 4369 Λαζάρου
1422 4297 1726 4371 παραϐολή.

151 4380 297 4433 Διότι
329 4381 430 4451 οὐχ
473 4382 671 4454 ὁρῶσιν
702 4386 751 4438 oi
791 4386 1103 4458 ἁμαρτωλοὶ
1145 4388 1203 4442 ἐν
1243 4388 1434 4461 γεέννῃ
1483 4389 1608 4453 τοὺς
1649 4389 1729 4443 δι-

1831 3296 1952 3337 rum
1977 3295 2095 3351 quae
2131 3286 2258 3335 ante
2286 3294 2390 3337 nos
2422 3279 2555 3334 illuc
2587 3278 2967 3334 discesserint.

1899 3553 2121 3614 Qus-:31.
2151 3542 2294 3599 XXI.
2323 3542 2383 3598 Si
2430 3543 2598 3614 igitur
2647 3557 2830 3608 nemo,
2857 3548 3019 3614 prout
3070 3540 3277 3605 dixisti,
3298 3555 3397 3595 ne-

1830 3651 1937 3708 que
1960 3635 2017 3690 in
2048 3650 2276 3707 regnum
2303 3649 2480 3705 neque
2508 3634 2565 3688 in
2599 3633 2901 3704 gehennam
2935 3631 3226 3687 introivit:
3261 3631 3392 3701 quid

1832 3728 1965 3784 illud
1988 3743 2117 3799 ergo
2142 3737 2233 3783 est
2253 3727 2399 3798 quod
2427 3726 2495 3781 de
2529 3725 2701 3782 divite
2736 3733 2790 3781 et
2815 3726 2883 3781 de
2927 3723 3136 3779 Lazaro
3178 3724 3393 3781 audivi-

1830 3834 1974 3887 mus,
2008 3819 2160 3873 illum
2207 3832 2403 3888 nempe
2444 3817 2668 3873 divitem
2719 3816 2776 3871 in
2823 3817 2946 3888 igne
2996 3824 3051 3871 et
3103 3816 3391 3872 tormentis

1830 3912 2183 3968 exsistentem
2216 3910 2367 3982 loqui
2401 3911 2469 3965 ad
2503 3908 2914 3964 Abrahamum?

1900 4003 2064 4060 Resp.
2102 4003 2451 4075 Quaecunque
2477 4004 2698 4059 divitem
2733 3992 3090 4059 et'Lazarum
3119 4012 3389 4075 spectant,

1830 4097 2141 4169 parabolice
2191 4098 2408 4154 locutus
2440 4106 2524 4153 est
2558 4098 2843 4163 Dominus,
2875 4106 2937 4151 ut
2969 4106 3023 4153 et
3045 4113 3166 4168 quze
3197 4098 3265 4153 de
3294 4098 3392 4151 de-

1831 4205 1948 4247 cem
1995 4189 2298 4261 virginibus
2359 4197 2413 4245 et
2468 4190 2682 4246 caeteris
2730 4190 3011 4262 parabolis
3064 4190 3224 4245 dixit.
3278 4186 3394 4245 Nec

1830 4283 1974 4338 enim
2019 4281 2201 4351 reipsa
2250 4281 2477 4353 contigit
2534 4279 2728 4335 Lazari
2768 4282 3049 4351 parabola.
3094 4279 3308 4352 Quippe
3337 4281 3395 4335 in

1830 4377 2075 4446 gebenna
2112 4385 2428 4446 peccatores
2475 4389 2589 4429 non
2644 4375 2832 4430 vident
2858 4375 3060 4446 justos,
3113 4382 3209 4445 qui
3267 4390 3392 4430 cum

153 4470 344 4533 καίους
388 4473 517 4536 τοὺς
556 4472 695 4544 μετά
740 4475 993 4547 Ἀϐραὰμ
1037 4475 1194 4542 ὄντας
1241 4480 1299 4531 ὲν
1338 4481 1403 4550 τῇ
1459 4478 1723 4550 βασιλείᾳ.

1845 4468 2140 4524 Abrahamo
2172 4470 2229 4523 in
2261 4484 2427 4540 regno
2453 4469 2746 4524 exsistunt.
2781 4466 2894 4523 lmo
2936 4483 3042 4523 nec
3102 4468 3395 4539 quisquam

166 4562 305 4616 Ἀλλ’
334 4561 459 4617 οὔτε
487 4564 544 4617 δὲ
574 4565 733 4621 πάλιν
760 4566 1113 4636 ἐπιγινώσκει
1146 4587 1228 4632 τις
1250 4570 1341 4625 τὸν
1372 4569 1596 4641 πλησίον
1627 4569 1726 4622 αὐ-

152 4653 269 4717 τοῦ,
299 4656 481 4710 ἐκεῖσε
511 4658 569 4711 ὲν
600 4658 777 4712 σκότει
807 4660 1085 4732 ὑπάρχων.

237 4743 431 4814 Ἐρώτ.
468 4745 573 4799 κδ’.
602 4747 728 4812 Πῶς
750 4748 942 4817 τοῦτο;
974 4750 1084 4804 Καὶ
1121 4752 1227 4825 γὰρ
1264 4751 1493 4825 φοϐερὸς
1519 4754 1547 4806 6
1573 4752 1728 4820 λόγος

154 4831 249 4885 καὶ
267 4832 443 4897 ξένος,
464 4835 547 4888 ὅτι
566 4837 666 4890 οὐκ
688 4838 1118 4910 ὲπιγινώσκομεν
1147 4840 1410 4911 ἀλλήλους
1433 4842 1568 4904 ἐκεῖ,
1595 4838 1730 4893 ἁλλά

153 4926 483 4998 ἀγνώριστοι
516 4928 733 4998 ἀδελφοὶ
766 4931 1035 5002 ἀδελφοῖς,
1065 4932 1159 4985 καὶ
1188 4933 1422 5005 πατέρες
1452 4934 1606 4997 υἱοῖς,
1636 4934 1728 4987 καὶ

156 5018 299 5087 φίλοι
333 5018 511 5088 φίλοις
544 5020 658 5093 (23)
695 5021 1129 5096 καθεστήκαμεν.

1828 4561 1942 4616 illic
1980 4560 2035 4615 in
2068 4561 2313 4616 tenebris
2345 4561 2641 4629 exsistens,
2666 4561 2975 4630 proximum
3020 4576 3180 4617 suum
3226 4575 3394 4632 agno-

1831 4654 1956 4708 scit.

1900 4744 2121 4811 Qums'r.
2152 4743 2318 4800 XXII.
2351 4744 2456 4812 Qui
2506 4746 2561 4800 id
2620 4745 2752 4801 ﬁat?
2796 4746 3063 4803 Terribile
3118 4749 3264 4803 enim
3299 4747 3396 4801 ad-

1829 4839 2052 4893 modum
2111 4844 2167 4894 et
2203 4839 2403 4893 mirum
2446 4845 2530 4894 est
2569 4838 2714 4910 quod
2755 4839 2856 4905 ais,
2890 4840 3102 4895 scilicet
3153 4839 3266 4893 illic
3294 4853 3398 4893 nos

1831 4947 1941 4987 non
1974 4932 2211 4986 invicem
2249 4945 2603 5002 cognoscere,
2639 4932 2735 4987 sed
2771 4930 2968 4988 fratres
3016 4931 3302 4997 fratribus,
3330 4930 3395 4983 fi-

1832 5024 1922 5079 liis
1952 5033 2153 5094 patres,
2182 5032 2238 5080 et
2259 5025 2466 5079 amicos
2502 5024 2697 5080 amicis
2726 5039 2849 5081 esse
2876 5025 3112 5095 ignotos.

228 5197 273 5227 ⁸⁷
311 5195 463 5251 Psal.
502 5211 752 5264 vaxvn,
788 5197 838 5252 7.
917 5199 961 5229 ³⁸
997 5197 1102 5255 Job
1133 5215 1187 5265 ι,
1228 5197 1317 5253 22.
1394 5200 1440 5232 ⁸⁸
1478 5198 1612 5255 Luc.
1647 5216 1817 5267 χχιιι,
1848 5199 1939 5254 45.

252 5350 343 5426 l9)_
366 5348 519 5426 _Reg.
551 5353 606 5426 ξ.
647 5352 998 5426 ἐπερώτημα.
1032 5352 1201 5426 Paulo
1227 5361 1351 5423 post
1379 5354 1514 5425 Reg.
1541 5355 1567 5409 1
1596 5364 1648 5411 et
1673 5355 1725 5421 ‘5,

156 5420 493 5495 emyglﬁgat
521 5422 629 5495 τῶν
649 5420 835 5495 ἐκεῖσέ
868 5420 989 5478 τινα
1018 5425 1152 5495 πρὸς
1183 5420 1348 5495 ἡμᾶς,
1380 5420 1492 5480 καίῖ

229 5490 518 5566 (20)_}leg.
551 5492 610 5557 2,
638 5492 1026 5566 ρροτῶν,ίρρει
1053 5490 1249 5566 ψυχάς.
1286 5494 1418 5566 Reg.
1453 5496 1508 5561 2,
1537 5496 1726 5565 adjicit

154 5561 294 5625 hac,
324 5561 405 5635 ης)
446 5561 623 5635 ἆγιοςῌ
636 5561 823 5635 Πατὴρ
863 5561 1023 5635 ῄμῶν
1050 5561 1328 5629 Βασίλειος
1357 5561 1437 5631 Et;
1464 5567 1554 5620 τὸν
1582 5561 1723 5633 Περὶ

156 5630 942 5717 ησῖειαεαὺτοῦηλόγονζιοβνῆ
960 5635 1122 5706 ἀρχή·
1146 5656 1171 5717 1
1192 5630 1513 5717 Σαλπίσατε,
1542 5657 1559 5688 ι
1581 5630 1724 5717 οὕτω

158 5704 343 5784 φησίν·
372 5719 393 5752 ι
417 5704 529 5771 Οὐχ
543 5704 673 5774 ὁρᾷς
695 5704 782 5788 τὸν
798 5704 1067 5776 Λάζαρον,
1091 5704 1211 5769 πῶς
1227 5706 1312 5759 διὰ
1326 5709 1580 5789 νηστείας
1608 5711 1720 5761 εἰσ-

157 5772 317 5824 ῆλθεν
344 5775 425 5835 είς
457 5772 547 5825 τὸν
574 5773 925 5844 παραδεισον;
963 5795 980 5827 ι
1002 5773 1173 5830 Porro
1205 5778 1357 5833 locus
1386 5778 1476 5834 lttc
1495 5779 1723 5834 habetur

1836 5355 1979 5425 apud
2016 5354 2397 5425 Basiliensem.

1905 5424 2016 5503 (2f)
2056 5424 2195 5503 Iieg.
2225 5429 2276 5503 i,
2307 5428 2588 5503 '5,_"0;L_w;
2618 5429 2676 5483 δὲ
2708 5427 2847 5503 αὑτῃ
2885 5432 2918 5503 ἡ
2954 5429 3097 5503 χαρὰ
3129 5433 3192 5503 ἢν
3214 5448 3400 5503 εχουσι

1833 5494 2005 5572 νῦνΑαί
2032 5494 2339 5572 τῶνξάγίων
2365 5494 2553 5572 ψυχάι,
2588 5500 2785 5572 μερικῂ
2813 5494 3110 5572 ἇπᾴλᾶυσίς
3136 5494 3303 5557 ἐστίν.

1903 5567 2012 5639 (22)
2053 5566 2219 5632 Editi,
2247 5570 2341 5622 καὶ
2372 5566 2559 5641 ῶσπερ
2589 5566 2702 5625 οὖν.
2740 5566 2846 5625 Sed
2874 5568 2968 5626 οὖν
3001 5572 3156 5629 deest
3194 5577 3249 5628 in
3278 5589 3401 5629 ma-

1830 5639 1973 5710 xima
2011 5645 2163 5710 parte
2194 5639 2698 5710 manuscriptorum

1901 5709 2013 5779 (25)
2051 5708 2335 5785 ζυιιιιὶιιιιε
2358 5708 2588 5785 primus,
2625 5712 2842 5783 ἀδελφοὶ
2877 5714 3140 5785 ἀδελφῶν,
3166 5717 3262 5770 καὶ
3291 5732 3399 5770 ta.-

1827 5780 1985 5851 τέρες
2014 5779 2164 5846 υἱῶν,
2196 5780 2291 5835 καὶ
2318 5781 2458 5851 φίλοι
2485 5783 2673 5851 φίλων.
