3840 6194
424 247 525 304 sit

492 360 657 418 Resp.
687 360 908 433 Agnitio
929 376 993 416 ex
1028 361 1308 431 corporeis
1364 361 1537 432 signis
1577 360 1718 416 solet
1751 360 1886 416 ﬁeri.
1917 361 1989 414 At
2017 369 2066 426 Α

425 456 622 511 animaa
660 454 996 523 incorporea:
1033 454 1264 508 invicem
1294 461 1423 507 sunt
1477 452 1701 507 omnino
1756 452 1987 518 similes,

425 562 536 602 non
568 561 729 603 secus
757 560 822 600 ac
866 545 1157 600 multitudo
1195 545 1378 615 aliqua
1435 542 1888 598 uitidissimarum
1936 551 1992 597 et

425 640 687 693 similium
743 637 1120 693 columbarum
1173 644 1268 691 aut
1319 652 1506 706 apum,
1560 650 1793 705 quarum
1841 635 1990 688 nulla

423 730 638 785 diﬁ‘erat
664 728 749 783 vel
777 728 1044 798 gravitate
1082 728 1167 782 vel
1217 726 1612 797 magnitudine,
1638 724 1734 779 sed
1774 739 1894 795 qua:
1933 724 1990 778 in

425 822 680 876 omnibus
709 821 947 891 aequales
991 820 1101 876 sint
1152 820 1409 873 invicem.
1458 816 1631 872 Porro
1686 817 1878 887 loquor
1920 816 1988 871 de

424 914 698 984 damnatis
725 921 1072 983 peccatorum
1103 912 1390 966 animabus
1420 910 1564 981 apud
1586 908 1814 975 inferos,
1838 910 1987 979 ipsas

425 1020 620 1077 nempe
645 1005 855 1076 seipsas
887 1020 998 1059 non
1031 1018 1381 1074 cognoscere.
1426 1001 1562 1056 Nam
1606 1001 1766 1071 222
1804 1002 1987 1071 justo-

422 1114 547 1153 rum
581 1098 868 1153 animabus
898 1096 953 1151 id
985 1096 1188 1152 bonum
1229 1095 1505 1150 concessit
1560 1094 1724 1159 Deus,
1759 1100 1820 1147 ut
1851 1093 1991 1147 invi-

423 1204 543 1246 cem
571 1205 630 1245 se
655 1197 972 1261 agnoscant.

494 1369 716 1435 ρωεετ.
762 1364 952 1421 XXIII.
1002 1362 1202 1419 Demus
1263 1364 1448 1433 igitur,
1487 1362 1645 1432 juxta
1688 1360 1833 1432 quod
1883 1361 1987 1427 ais,

424 1458 636 1513 animas
664 1474 810 1512 nunc
829 1458 1059 1512 invicem
1078 1472 1135 1510 se
1153 1471 1262 1510 non
1288 1471 1649 1526 cognoscere:
1669 1465 1723 1509 at
1743 1452 1990 1526 nunquid

422 1564 524 1605 nec
544 1549 598 1603 in
629 1549 1029 1603 resurrectione
1062 1555 1252 1601 mutuo
1278 1563 1334 1603 se
1372 1554 1706 1618 cognoscent
1737 1556 1989 1617 peccato-

423 1654 534 1703 res,
562 1640 656 1709 qui
718 1653 911 1709 nempe
961 1654 1025 1693 cx
1056 1653 1165 1691 una
1213 1638 1455 1709 regione,
1492 1636 1653 1693 domo
1699 1646 1754 1693 et
1792 1654 1990 1711 genere

422 1730 768 1787 exstiterint?

493 1820 657 1876 Rese.
697 1820 882 1891 Neque
904 1820 961 1875 in
990 1821 1416 1878 resurrectione.

493 1912 710 1979 Qumsr.
752 1911 942 1967 XXIV.
984 1911 1209 1980 Quare?

492 2003 656 2060 Resa.
698 2003 836 2070 Quia
862 2005 1065 2077 ﬁgurae,
1092 2005 1269 2075 signa,
1294 2011 1350 2060 ct
1388 2002 1704 2062 aﬁ‘ectiones
1731 2021 1853 2077 qua:
1889 2020 1989 2062 no-

425 2098 557 2153 stris
581 2097 906 2167 corporibus
934 2113 1000 2152 ex
1024 2098 1374 2167 corruptione
1394 2106 1448 2152 et
1471 2097 1682 2153 satione
1711 2098 1987 2167 accidunt,

424 2205 521 2260 per
547 2204 685 2259 quas
714 2204 817 2243 nos
860 2188 1093 2243 invicem
1122 2189 1211 2243 hic
1243 2190 1650 2260 cognoscimus,
1686 2191 1741 2245 in
1795 2206 1987 2246 resur-

423 2280 669 2335 rectione
711 2286 1050 2334 mortuorum
1099 2295 1220 2333 cum
1280 2280 1494 2335 satione
1535 2287 1591 2335 et
1640 2282 1990 2351 corruptione

424 2370 804 2426 destruuntur.
862 2369 928 2423 Et
982 2370 1441 2439 quemadmodum
1496 2368 1638 2425 Deus
1705 2370 1775 2424 ab
1832 2370 1991 2424 initio

425 2478 594 2517 unum
661 2461 789 2515 fecit
831 2461 1141 2526 hominem;
1196 2462 1278 2516 sic
1340 2468 1395 2516 et
1469 2460 1526 2514 in
1578 2461 1990 2532 regeneratione

424 2569 636 2616 omnes,
685 2553 831 2608 velut
881 2568 1024 2609 unus
1077 2553 1259 2621 homo,
1313 2568 1661 2624 resurgemus
1705 2569 1719 2605 :
1775 2553 1831 2609 id
1882 2560 1988 2617 est,

425 2647 605 2703 omnis
631 2647 809 2717 imago
837 2646 1075 2701 hominis
1117 2646 1315 2703 similis
1348 2647 1453 2701 erit
1494 2646 1737 2717 imagini,
1778 2646 1985 2710 formai,

424 2738 819 2809 magnitudinis
869 2747 924 2794 et
974 2737 1160 2809 ﬁgurae
1201 2738 1416 2793 Adami.
1444 2737 1598 2793 Unde
1635 2738 1692 2792 in
1742 2753 1989 2793 resurre-

423 2830 607 2885 ctione
640 2845 747 2883 non
777 2837 861 2884 est
887 2844 1087 2899 parvus
1124 2837 1216 2883 aut
1240 2844 1487 2900 magnus,
1521 2829 1675 2900 niger
1698 2829 1782 2884 vel
1809 2829 1985 2894 albus,

425 2920 599 2976 ﬁavus
628 2922 712 2975 vel
742 2919 919 2986 rufus,
939 2921 1112 2976 simus
1135 2929 1228 2975 aut
1257 2921 1471 2975 adunco
1500 2935 1657 2986 naso,
1691 2935 1794 2975 nec
1824 2921 1989 2976 variae

424 3013 635 3081 ﬁgurae,
666 3009 855 3066 formae
898 3021 953 3067 et
995 3012 1227 3068 colores.
1264 3009 1391 3067 Haec
1442 3013 1588 3067 enim
1642 3012 1826 3067 omnia
1868 3027 1989 3082 quae

425 3114 493 3154 ex
517 3100 731 3154 satione
759 3106 814 3155 et
846 3100 1197 3169 corruptione
1245 3100 1594 3170 proveniunt,
1632 3100 1988 3156 dcstruentur

424 3189 591 3244 simul
621 3205 744 3243 cum
775 3190 1145 3260 corruptione.
1188 3189 1476 3246 Enimvero
1505 3192 1778 3261 quomodo
1806 3200 1991 3261 posset

425 3294 727 3350 agnoscere
768 3289 922 3351 pater
969 3282 1252 3351 preprium
1278 3283 1471 3348 ﬁlium,
1502 3284 1594 3354 qui
1626 3283 1803 3339 infans
1845 3298 1989 3337 mor—

424 3376 555 3424 tuus
595 3368 777 3434 fuerit,
820 3370 1044 3441 triginta
1088 3371 1203 3441 jam
1252 3387 1520 3427 annorum
1564 3374 1838 3435 hominem
1875 3390 1991 3444 per-

425 3462 628 3518 fectum
676 3471 1069 3534 resurgentem,
1121 3464 1580 3533 quemadmodum
1634 3473 1687 3521 et
1735 3466 1989 3523 Christus

423 3554 646 3624 triginta
702 3567 874 3609 annos
910 3546 1073 3610 natus
1113 3554 1420 3625 baptizatus
1453 3557 1576 3612 est?
1603 3555 1888 3623 Quomodo
1914 3559 1991 3613 di-

308 3712 315 3725 .
425 3644 613 3713 gnosci
644 3645 815 3713 possit
844 3642 1116 3716 Ethiops,
1143 3648 1236 3716 qui
1271 3648 1429 3703 albus
1458 3655 1706 3719 resurget
1740 3668 1754 3704 :
1786 3650 1870 3704 vel
1896 3650 1989 3720 qui

426 3734 649 3789 saucius
676 3735 893 3804 obierit,
924 3752 1091 3793 sanus
1112 3740 1444 3808 resurgens?
1478 3738 1629 3805 Quod
1655 3742 1701 3795 si
1749 3741 1866 3797 haec
1892 3743 1990 3797 tibi

424 3824 681 3879 videntur
700 3826 786 3880 vix
808 3827 1104 3893 credibilia,
1135 3828 1258 3882 audi
1277 3828 1561 3884 Dominum
1579 3830 1646 3884 ad
1664 3829 1989 3888 Sadducaeos

425 3915 659 3970 aientcm
684 3935 697 3971 :
718 3934 737 3967 ι
773 3914 832 3971 In
864 3920 1266 3974 resurrectione
1298 3928 1644 3975 mortuorum
1673 3910 1849 3992 neque
1880 3938 1988 3977 nu-

425 4007 555 4062 bent
586 4023 763 4079 neque
812 4011 1089 4065 nubentur
1120 4026 1131 4060 :
1158 4012 1252 4066 sed
1298 4020 1461 4067 erunt
1494 4014 1637 4069 sicut
1666 4016 1840 4086 angeli
1861 4017 1928 4070 νο.
1964 4036 1983 4069 ι

423 4101 597 4170 igitur
647 4102 1103 4171 quemadmodum
1158 4119 1266 4157 una
1313 4112 1397 4160 est
1449 4107 1658 4176 species
1706 4115 1761 4161 et
1817 4106 1989 4177 ﬁgura

425 4193 787 4261 angelorum:
820 4194 895 4247 ita
954 4194 1096 4249 idem
1150 4204 1352 4252 nostrae
1394 4207 1603 4253 naturae
1629 4199 1683 4252 in
1741 4215 1991 4255 resurre-

424 4283 607 4336 ctione
634 4298 729 4351 per
768 4284 1233 4340 immortalitatem
1291 4287 1539 4342 futurum
1595 4287 1891 4346 credimus.
1924 4288 1990 4342 Et

1543 242 1600 298 S.
1645 241 2102 298 ATBANASIUS.
2135 270 2209 283 —
2245 241 2510 298 SPURIA.

3557 245 3671 304 612

2172 360 2363 415 ’Δπόκ.
2409 362 2469 413 '0
2508 358 2909 430 ὲπιγνωρισμὸς
2947 359 3012 412 ἐκ
3053 358 3381 429 σωματικῶν
3421 358 3674 431 σημείων

2093 452 2335 522 γίνεσθαι
2358 452 2588 521 πέφυκε.
2612 453 2677 504 Αἱ
2707 450 2764 504 δὲ
2788 449 3071 521 ἀσώματοι
3122 450 3294 520 ψυχαὶ
3325 451 3509 521 ὅμοιαι
3562 450 3669 505 ἀλ-

2091 544 2284 615 λήλαις
2309 543 2452 597 κατά
2496 543 2672 596 πάντα
2714 542 2916 614 τρόπον
2955 541 3065 613 (24)
3100 542 3453 613 ὑπάρχουσιν,
3477 541 3671 616 ὥσπερ

2090 635 2183 687 ἐπὶ
2220 633 2454 705 πλήθους
2491 631 2651 685 τινῶν
2684 631 2925 685 ἀσπίλων
2961 631 3057 685 καὶ
3086 631 3287 701 ὁμοίων
3325 632 3671 704 περιστερῶν

2089 727 2122 798 ἢ
2154 725 2441 797 μελισσῶν,
2464 725 2526 778 οὐ
2567 724 2937 796 διαφερουσῶν
2972 724 3069 795 μία
3102 724 3202 794 τῆς
3238 725 3386 794 μιᾶς,
3412 723 3536 777 οὔτε
3578 742 3673 778 σε-

2093 820 2334 891 μνὸτητι,
2364 816 2489 870 οὔτε
2516 816 2918 888 μεγαλειότητι,
2941 816 3080 870 ἀλλά
3098 815 3240 870 κατὰ
3264 817 3439 870 πάντα
3470 817 3527 869 ὲν
3550 817 3666 869 [G6—

2088 926 2210 980 τητι
2243 909 2501 980 ἀλλήλαις
2529 907 2735 971 οὔσαις.
2765 907 2933 961 Τοῦτο
2958 906 3017 960 δὲ
3054 903 3198 975 λέγω
3227 907 3319 960 ἐπὶ
3345 906 3453 960 τῶν
3486 908 3545 960 ὲν
3586 905 3670 977 τῷ

2089 1001 2192 1075 ᾅδῃ
2236 1000 2736 1056 καταδικασθεισῶν
2790 998 2977 1070 ψυχῶν
3022 996 3131 1051 τῶν
3168 998 3525 1069 ἁμαρτωλῶν,
3580 999 3670 1053 ἅττ

2090 1093 2288 1158 ἑαυτὰς
2327 1095 2427 1148 οὐκ
2472 1091 2913 1163 ἐπιγινώσκουσι.
2957 1091 3088 1154 Ταῖς
3137 1088 3247 1161 γάρ
3286 1090 3393 1142 τῶν
3439 1090 3669 1144 δικαίων

2086 1182 2282 1255 ψυχαῖς
2311 1185 2403 1237 καὶ
2432 1182 2591 1236 τοῦτο
2614 1185 2643 1236 6
2667 1181 2799 1246 Θεὸς
2829 1180 2892 1233 τὸ
2915 1180 3136 1251 ἀγαθὸν,
3170 1180 3312 1250 λέγω
3338 1180 3402 1252 δὴ
3427 1182 3519 1235 τὸν
3550 1183 3672 1235 ἑπι-

2087 1275 2420 1346 γνωρισμὸν,
2445 1276 2779 1347 ἐδωρήσατο.

2173 1366 2362 1439 Ἐρώτ.
2394 1373 2499 1435 κγ’.
2536 1364 2776 1419 Δεδόσθω
2803 1365 2981 1418 τοίνυν
3015 1364 3128 1436 (25)
3151 1363 3294 1418 κατὰ
3323 1364 3414 1418 τὸν
3446 1364 3539 1417 σὸν
3570 1362 3664 1417 λό-

2088 1474 2202 1526 γον,
2236 1460 2292 1511 αἱ
2324 1457 2493 1529 ψυχαὶ
2521 1457 2755 1528 ἀλλήλας
2797 1457 2897 1509 οὐκ
2934 1455 3351 1525 ὲπιγινώσκουσι
3384 1455 3507 1508 νῦν·
3543 1448 3667 1508 εἶτα

2088 1547 2199 1623 ἆρα
2230 1550 2353 1604 οὔτε
2387 1554 2444 1603 ὲν
2475 1553 2541 1621 τῇ
2572 1550 2864 1605 ἀναστάσει
2895 1546 3289 1617 ὲπιγνώσονται
3314 1545 3579 1619 ἀλλήλους
3613 1547 3666 1598 οἱ

2090 1641 2420 1713 ἁμαρτωλοὶ,
2449 1641 2592 1709 λέγω
2619 1642 2676 1695 δὲ
2701 1643 2750 1693 οἱ
2782 1641 2847 1695 ὲκ
2876 1638 3003 1711 μιᾶς
3040 1635 3224 1709 χώρας
3267 1638 3360 1690 καὶ
3384 1636 3537 1690 οῐιιου
3566 1639 3667 1689 καὶ

2015 1715 2064 1776 Β
2090 1734 2279 1796 νένους
2314 1733 2647 1805 ὑπάρχοντες
2662 1750 2677 1799 ;

2172 1827 2359 1880 Ἀπόκ.
2398 1826 2534 1880 Οὔτε
2575 1826 2630 1879 ἐν
2663 1827 2728 1896 τῇ
2753 1824 3064 1879 ἀναστάσει.

2171 1918 2363 1990 Ἐρὼτ.
2397 1918 2497 1971 κδ’.
2527 1917 2684 1979 Τίνος
2715 1915 2904 1988 χάριν;

2171 2012 2360 2066 Ἀπόκ.
2399 2012 2629 2082 ’Ότιπερ
2654 2009 2869 2064 ἅπαντα
2900 2007 2967 2061 τὰ
3001 2009 3067 2062 ὲκ
3098 2004 3301 2076 φθορᾶς
3326 2021 3420 2057 και
3449 2019 3663 2075 σπορας

2089 2104 2468 2176 ὲπισυμὸάντα
2504 2105 2619 2167 τοῖς
2672 2101 2959 2173 ἡμετέροις
3003 2099 3216 2169 σώμασι
3259 2098 3516 2167 σχήματα
3566 2094 3666 2148 καὶ

2091 2199 2311 2266 σημεῖα,
2342 2194 2435 2247 καὶ
2464 2191 2787 2262 παθήματα,
2813 2189 2877 2243 δι’
2910 2184 2983 2241 ὧν
3012 2186 3273 2258 ἀλλήλους
3304 2182 3664 2254 ἐπιγινώσκο-

2092 2305 2190 2360 μεν
2217 2287 2327 2358 (26)
2358 2279 2484 2350 ὧδε,
2544 2286 2602 2337 ὲν
2646 2286 2713 2354 τῇ
2751 2283 3041 2336 ἀναστάσει
3071 2280 3176 2333 τῶν
3208 2278 3415 2350 νεκρῶν
3458 2278 3559 2330 σὺν
3592 2280 3660 2348 τῇ

2092 2379 2267 2449 σπορᾷ
2296 2376 2389 2429 καὶ
2417 2376 2591 2446 φθορᾷ
2621 2373 3035 2446 καταργοῦνται.
3071 2373 3180 2425 Καὶ
3220 2370 3408 2442 ὥσπερ
3439 2371 3533 2423 ἀπ’
3557 2372 3660 2440 ἀμ-

2089 2472 2190 2540 χῆς
2216 2468 2245 2520 ὁ
2277 2467 2407 2529 Θεὸς
2432 2466 2526 2519 ἕνα
2558 2462 2839 2539 ἄνθρωπον
2872 2463 3143 2533 εποίησεν,
3178 2460 3320 2517 οὕτω
3382 2464 3477 2516 καὶ
3506 2465 3565 2515 ὲν
3592 2463 3665 2534 τῇ

2090 2558 2477 2629 παλιγγενεσία
2531 2556 2731 2621 πάντες
2774 2556 2851 2619 ὡς
2904 2550 2983 2619 εἷς
3032 2554 3315 2626 ἄνθρωπος
3366 2553 3664 2606 ἐπανιστά-

2091 2650 2257 2721 μεθα·
2288 2648 2529 2702 τουτέστι
2556 2650 2706 2701 πᾶσα
2731 2646 3015 2719 ἀνθρώπου
3045 2645 3206 2700 εἰκὼν
3235 2645 3398 2715 ὁμοία
3428 2644 3530 2715 τῆς
3563 2643 3663 2698 τοῦ

2101 2738 2269 2810 Ἀδὰμ
2301 2738 2505 2802 εἰκόνος
2530 2739 2624 2791 κα)⁵
2647 2738 2929 2803 πλάσεως,
2966 2738 3061 2791 καὶ
3106 2735 3367 2808 μεγέθους
3401 2736 3494 2787 καὶ
3522 2737 3659 2806 σχή-

2091 2846 2276 2899 ματος.
2306 2828 2395 2881 Διὸ
2420 2828 2518 2880 οὐκ
2544 2827 2689 2880 ἔστιν
2726 2829 2784 2880 ὲν
2810 2830 2877 2899 τῇ
2912 2828 3198 2881 ἀναστάσει
3231 2826 3394 2897 ἄρσεν
3420 2826 3513 2880 καὶ
3544 2827 3662 2897 (27)

2088 2920 2245 2991 θῆλυ,
2278 2921 2399 2973 οὐδὲ
2433 2920 2627 2992 μικρὸς
2663 2920 2757 2973 καὶ
2793 2920 2990 2990 μέγας,
3026 2919 3145 2972 οὐδὲ
3187 2918 3355 2989 μέλας
3414 2919 3509 2972 καὶ
3537 2918 3665 2972 λευ-

2043 3074 2054 3092 ί
2088 3014 2199 3077 κὸς,
2232 3013 2352 3067 οὐδὲ
2380 3012 2638 3083 ξανθότης
2662 3012 2756 3065 καὶ
2784 3012 3080 3084 πυρρότης,
3110 3009 3143 3080 ἢ
3179 3010 3405 3080 σιμότης
3444 3009 3479 3081 ἢ
3522 3027 3662 3081 γρυ-

2089 3106 2278 3175 πότης,
2321 3104 2442 3157 οὐδὲ
2484 3105 2716 3177 διάφορα
2749 3106 3023 3175 σχήματα,
3069 3102 3163 3157 καὶ
3218 3102 3508 3174 πρόσωπα,
3562 3102 3662 3157 καὶ

2088 3192 2371 3265 χρώματα,
2406 3194 2501 3246 καὶ
2549 3193 2878 3264 παθήματα,
2923 3192 3019 3245 καὶ
3069 3191 3419 3262 σκηνώματα.
3472 3193 3665 3248 Ταῦτα

2088 3285 2197 3356 γὰρ
2229 3286 2403 3338 πάντα
2436 3286 2542 3338 ἀπὸ
2578 3286 2783 3355 σπορᾶς
2817 3284 2909 3337 καὶ
2939 3282 3142 3354 φθορᾶς
3171 3284 3429 3355 γινόμενα
3464 3284 3562 3337 σὺν
3592 3289 3660 3354 τῇ

2089 3376 2262 3447 φθορᾷ
2294 3374 2687 3447 καταργοῦνται
2725 3374 2857 3445 (28).
2893 3375 3003 3426 Καὶ
3046 3373 3163 3437 πῶς
3206 3373 3391 3427 λοιπὸν
3422 3374 3667 3442 ὲπιγνώσ

2091 3481 2260 3528 σεται,
2290 3465 2410 3517 εἰπέ
2438 3482 2549 3535 μοι,
2585 3464 2765 3535 πατὴρ
2788 3464 2849 3516 τὸ
2880 3464 3008 3517 ῐδιον
3035 3464 3223 3518 τέκνον
3253 3464 3442 3535 νήπιον
3474 3464 3667 3517 τελευ-

2089 3557 2279 3628 τῆσαν,
2320 3557 2413 3611 καὶ
2447 3558 2831 3629 τριακονταετῆ
2862 3557 3065 3610 τέλειον
3095 3556 3380 3628 ἄνθρωπον
3426 3557 3535 3627 (29)
3573 3559 3668 3610 ἀν-

2092 3648 2398 3719 ιστάμενον,
2427 3648 2609 3712 καθὼς
2650 3650 2744 3702 καὶ
2773 3651 2800 3702 6
2828 3648 3063 3719 Χριστὸς
3091 3649 3508 3721 τριακονταετὴς
3530 3650 3663 3705 ἐϐα-

2090 3740 2321 3810 mlo-01;;
2369 3742 2439 3794 "H
2475 3741 2590 3805 πῶς
2634 3741 3011 3812 γνωσθήσεται
3042 3744 3070 3794 6
3104 3741 3429 3812 τελευτήσας
3470 3743 3666 3812 Αἰθίοψ

2088 3831 2276 3895 λευκὸς
2327 3832 2783 3903 ἀνιστάμενοςοῆ
2839 3834 2867 3885 6
2917 3833 3201 3887 ἀποθανὼν
3251 3833 3665 3904 λελωϐημένος,

2090 3921 2247 3993 ὑγιὴς
2282 3922 2667 3993 ἀνιστάμενος;
2706 3922 2770 3976 El
2808 3924 2865 3976 δὲ
2897 3924 3161 3977 δύσπιστά
3204 3941 3281 3977 σοι
3310 3923 3485 3978 ταῦτα
3535 3926 3666 3995 φαί-

2089 4029 2297 4078 νονται,
2333 4014 2559 4068 ἄκουσον
2591 4013 2685 4067 τοῦ
2716 4015 2919 4086 Κυρίου
2954 4017 3091 4086 πρὸς
3120 4016 3247 4077 τοὺς
3276 4015 3666 4079 Σαδδουκαίους

2089 4102 2354 4171 λέγοντος,
2399 4105 2481 4158 ὅτι
2529 4124 2548 4157 ι
2611 4106 2697 4158 Ἐν
2729 4108 2796 4177 τῇ
2832 4106 3125 4159 ἀναστάσει
3159 4105 3266 4157 τῶν
3299 4105 3510 4179 νεκρῶν
3538 4105 3667 4159 οὔτε

2089 4195 2375 4265 γαμοῦσιν,
2394 4194 2517 4248 οὔτε
2543 4197 2867 4267 γαμίζονται
2898 4197 3041 4269 (50)·
3077 4196 3189 4249 ἀλλ’
3221 4196 3534 4267 ἔσονταιὼς
3564 4199 3649 4268 ἄγη

2089 4286 2255 4355 γελοι.
2277 4307 2296 4339 ι
2318 4287 2524 4341 Οὐκοῦν
2552 4289 2739 4359 ὥσπερ
2755 4290 2804 4341 οἱ
2825 4288 3045 4359 ἄγγελοι
3082 4292 3213 4359 μιᾶς
3242 4288 3386 4353 ἰδέας
3412 4291 3506 4343 καὶ
3532 4294 3674 4361 σχήο

423 4374 883 4464 quemadmodum
937 4377 994 4430 in
1037 4376 1312 4432 frumento
1343 4379 1550 4448 spicam
1582 4379 1710 4435 fecit
1742 4379 1885 4435 Deus
1920 4380 1988 4434 ab

2094 4395 2261 4449 ματος
2308 4378 2674 4449 ὑπάρχουσινο
2720 4379 2861 4432 οὕτω
2913 4380 3239 4449 πιστεύομεν
3298 4382 3393 4434 καὶ
3439 4380 3531 4435 ἐπὶ
3566 4383 3671 4453 τῆς

424 4462 603 4531 initio,
638 4472 692 4520 et
729 4481 797 4520 ex
851 4467 1001 4537 spica
1042 4483 1272 4539 granum
1310 4470 1550 4539 prodiit,
1600 4471 1747 4540 quod
1790 4470 1985 4526 deinde

2094 4467 2362 4540 ἡμετέρας
2391 4467 2605 4538 φύσεως
2628 4471 2687 4523 ὲν
2713 4473 2777 4542 τῇ
2807 4471 3101 4525 ἀναστάσει
3124 4471 3213 4525 διὰ
3240 4471 3337 4542 τῆς
3358 4472 3670 4543 ἀφθαρσίας

424 4562 605 4610 satum
647 4571 843 4613 rursus
870 4559 1137 4628 germinat
1178 4560 1329 4629 spica
1358 4577 1373 4615 :
1410 4561 1490 4616 sic
1517 4568 1573 4617 et
1617 4562 1779 4617 homo
1808 4561 1985 4619 factus

420 4655 511 4701 est
541 4660 573 4699 a
604 4645 714 4702 Deo
745 4648 1094 4719 incorruptus
1130 4659 1348 4722 propter
1378 4662 1706 4723 praeceptum
1742 4670 1755 4706 :
1790 4655 1986 4712 deinde

421 4739 857 4808 transgressione
882 4740 1149 4795 contritus
1178 4750 1263 4796 est
1292 4756 1357 4795 ac
1386 4749 1680 4813 corruptus
1708 4742 1981 4798 redditus:

398 4960 402 4983 ἱ
492 4891 540 4924 ⁸ο
579 4890 768 4946 Matth.
802 4907 952 4956 xxit,
981 4891 1073 4949 30.

423 5115 437 5129 ο
492 5044 855 5129 (ΞρλΤρόπον
879 5049 1033 5129 deest
1061 5048 1119 5129 in
1147 5048 1278 5119 Reg.
1321 5050 1375 5129 l_,
1406 5047 1475 5129 2,·
1500 5046 1644 5104 Infra
1684 5048 1782 5121 μία
1824 5050 1978 5105 deest

422 5118 481 5170 in
501 5118 691 5190 editis,
719 5119 815 5190 sed
842 5118 1076 5190 habetur
1104 5120 1158 5173 in
1189 5118 1563 5190 cempluribus
1589 5118 1725 5175 mss.

485 5185 601 5308 ¹(25)
638 5186 716 5243 Ita
749 5187 879 5257 Reg.
917 5189 971 5248 '5.
1016 5200 1191 5270 recte:
1214 5185 1355 5271 Editi
1383 5205 1513 5244 vero
1544 5191 1718 5252 male,
1748 5192 1831 5245 ὅτι
1858 5190 1974 5245 νῦν.

420 5252 479 5308 In
507 5273 562 5310 ra
591 5260 638 5310 οί
665 5258 971 5317 ἁμαρτωλοί
997 5259 1149 5313 deest
1180 5276 1232 5312 in
1256 5258 1579 5317 quibusdam
1605 5276 1739 5317 mss.

491 5275 562 5310 ira
591 5275 638 5310 οι
665 5275 970 5329 αμαρτωλοι
997 5275 1149 5313 aeeSt
1180 5276 1232 5312 tn
1256 5275 1579 5328 quibusnam
1605 5276 1739 5317 mss.

491 5326 603 5467 (26;
643 5328 777 5382 Tres
808 5344 941 5384 mss.
974 5328 1327 5410 γνωρίζομεν.

491 5397 583 5453 (27
642 5396 863 5467 ltatres
895 5412 1029 5452 mss.
1050 5397 1106 5451 In
1133 5398 1295 5453 editis
1324 5414 1474 5462 vero,
1494 5399 1659 5467 ἄρσεν
1691 5417 1739 5453 κς

488 5396 603 5467 (⁷27)
642 5396 874 5471 Ita‘tresA
895 5412 1029 5452 mss.
1050 5396 1106 5471 In
1133 5396 1295 5471 editis
1324 5414 1474 5471 vero,
1494 5399 1659 5471 ἄρσεν
1691 5399 1785 5453 καὶ
1815 5400 1973 5470 θῆλυ,

418 5461 636 5547 desunt.
657 5466 818 5531 Infra,
848 5467 881 5538 ἢ
911 5468 1202 5590 γρυπόττζς⁹
1218 5470 1391 5532 deest,
1413 5470 1465 5522 in
1493 5461 1819 5524 quibusdam
1840 5461 1975 5525 mss.

493 5535 604 5590 (28‘.
643 5535 780 5590 Tres
817 5553 974 5590 mss..
1004 5554 1142 5590 κατα
1179 5556 1375 5590 υονται.

493 5535 604 5598 (28)
643 5535 780 5591 Tres
817 5535 974 5598 isf,
1004 5535 1375 5591 καταλύονται.

493 5570 583 5597 κου
654 5570 780 5591 Ιιῦδ
818 5570 974 5598 Ιιιδδιν
1006 5570 1375 5591 Λψυυιιιυυνιιιι.

491 5570 604 5685 (29)
645 5604 942 5685 Βυοῇῐηεξη
971 5606 1173 5660 τέλειον
1207 5608 1731 5685 ᾅνῃθρωπονζ-Αιίιιε,
1772 5608 1976 5685 τέλειον

416 5672 478 5725 τὸ
510 5672 723 5743 βρέφος.
761 5674 930 5729 Paulo
970 5686 1092 5744 post
1128 5679 1280 5731 multi
1313 5672 1544 5744 inss.,“ﬂ
1582 5680 1694 5741 πῶς
1726 5679 1974 5751 γνωσθή-

2088 4559 2272 4613 λοιπὸν
2315 4562 2577 4631 γίνεσθαι.
2621 4564 2731 4616 Καὶ
2775 4562 2962 4635 ὥσπερ
3008 4563 3100 4616 ἐπὶ
3140 4562 3234 4616 τοῦ
3271 4563 3419 4616 σίτου
3461 4564 3670 4634 στάχυν

2089 4652 2342 4723 ἐποίησεν
2373 4656 2401 4707 6
2446 4654 2576 4718 Θεὸς
2608 4655 2701 4707 ἀπ’
2735 4656 2933 4728 ἀρχῆς,
2968 4656 3063 4709 καὶ
3095 4658 3161 4710 ὲκ
3185 4655 3279 4709 τοῦ
3313 4656 3544 4727 στάχυος
3577 4659 3671 4726 γέ-

2089 4760 2245 4813 γονεν
2273 4746 2302 4798 6
2326 4745 2543 4812 κόκκος,
2579 4747 2673 4800 καὶ
2700 4746 2859 4801 πάλιν
2885 4747 3241 4818 σπειρόμενος
3270 4747 3668 4802 ἀναδλαστάνει

2085 5067 2287 5122 σεταιτί
2316 5048 2479 5114 Editi,
2523 5050 2556 5120 ἢ
2609 5048 3161 5121 ὲπιγνωρισθήσεται.
3206 5050 3363 5106 Unus
3392 5050 3596 5116 codex,
3627 5052 3653 5122 ἦ

2082 5120 2476 5192 mallem!-

2151 5187 2503 5311 (ᾔθγθιιείιη
2536 5187 2944 5271 ἐκγαμίζονται.
3002 5188 3084 5269 Ad
3140 5190 3441 5259 marginem
3496 5190 3652 5259 hujus

2189 5275 2287 5311 ιρις
2326 5267 2549 5311 notatur
2578 5260 2708 5311 ibid.
2738 5259 2973 5311 Σγόλιον.
2996 5260 3108 5311 Της
3129 5260 3251 5311 τότε
3274 5260 3543 5311 ἀπαθείας
3569 5262 3652 5311 καὶ

2082 5259 2287 5329 codicis
2326 5267 2549 5329 notatur
2578 5260 2708 5313 ibid.
2738 5259 2973 5329 Σχόλιον.
2996 5259 3108 5329 Τῆς
3129 5260 3251 5313 τότε
3274 5260 3543 5323 ἀπαθείας
3569 5262 3657 5315 καὶ

2082 5328 2367 5399 ἁγιότητος
2414 5328 2558 5397 λέγει
2610 5332 2637 5381 ὁ
2690 5328 2949 5399 Χριστὸς,
2984 5328 3075 5381 ὅτι
3111 5329 3170 5381 οὺ
3211 5329 3501 5399 γαμοῦσιν,
3536 5330 3658 5384 οὔτε

2083 5398 2486 5469 ὲγγαμίζονται.
2521 5399 2656 5469 υὺχλ⁵
2692 5399 2773 5451 ὅτι
2811 5398 2866 5450 δὲ
2891 5398 3002 5469 οὐκ
3032 5398 3363 5461 ἀνίστανται,
3405 5398 3529 5451 οὕτε
3572 5401 3663 5453 άν-

2082 5466 2376 5540 δρες,“οῦτε
2406 5466 2675 5536 γυνκῐκες.
2708 5469 2817 5540 Καὶ
2843 5466 2950 5537 γὰρ
2972 5469 3034 5540 έν
3057 5472 3122 5538 τῇ
3154 5469 3450 5522 ἀναστάσει
3480 5469 3528 5521 οί
3563 5470 3663 5538 μὲν

2082 5537 2271 5606 ἄνδρες
2291 5538 2527 5605 ἀναστήδ
2563 5555 2681 5591 νται
2705 5538 2913 5606 ἄνδρες,
2936 5538 2990 5587 αἱ
3018 5537 3074 5591 δὲ
3098 5537 3358 5607 γυναῖκες
3381 5537 3663 5606 γυναῖκες,

2081 5608 2157 5671 ὡς
2178 5611 2209 5679 ή
2233 5609 2363 5675 ἁγία
2384 5609 2484 5661 Geo
2501 5615 2544 5660 τὰ
2586 5623 2661 5671 ος.
2689 5606 2889 5661 llorum
2918 5622 3043 5677 pars
3067 5611 3119 5665 in
3144 5620 3347 5664 textum
3375 5610 3545 5664 relata
3577 5619 3663 5664 est

2085 5694 2115 5732 a
2150 5680 2317 5734 veteri
2360 5679 2559 5742 interp'v
2572 5689 2675 5743 κισ.
