3840 6194
191 317 302 375 615

1151 319 1611 389 ουιΕεΤιοΝΕδ
1648 322 1739 376 AD
1777 322 2187 381 ANTIOCHUM
2227 324 2482 381 DUCEM.

3346 326 3451 381 614

190 432 399 503 στάχυς
420 451 436 464 ο
465 434 609 489 οὕτω
633 437 728 490 καὶ
756 438 786 491 6
815 436 1102 508 ἄνθρωπος
1134 437 1356 507 γέγονεν
1384 439 1495 492 ὑπὸ
1519 438 1615 509 τοῦ
1646 440 1768 493 Θεοί

1889 449 2038 498 satus
2066 458 2196 497 vero
2220 458 2316 513 per
2336 452 2567 498 mortem
2596 450 2649 497 et
2671 451 2815 498 terra
2849 445 3101 515 obrutus,
3142 444 3337 501 iterum
3366 445 3452 501 in~

191 526 483 592 φυλάττων
510 527 609 598 τὴν
643 527 862 599 ἐντολὴν
895 527 1200 599 ἄφθαρτος·
1234 524 1353 584 εἷτα
1388 530 1478 583 διὰ
1508 531 1607 601 τῆς
1640 548 1783 602 παρ-

188 624 366 694 ακοῆς
407 622 719 694 συνετρίϐη,
762 625 858 678 καὶ
902 624 1091 692 γέγονε
1141 624 1375 696 φθαρτὸς³
1407 643 1424 658 ο
1487 627 1841 698 σπειρόμενος
1874 629 1931 682 δὲ
1973 630 2061 683 διὰ
2098 629 2190 684 τοῦ
2224 629 2451 684 θανάτου
2486 631 2579 684 καὶ
2612 631 2950 702 χωννύμενος
2991 633 3049 684 ὲν
3084 635 3151 704 τῇ
3188 634 3282 704 γῇ,
3317 633 3451 687 ἀνα-
3566 642 3577 659 ‘

188 716 486 770 ϐλαστάνει
513 718 702 790 ῶσπερ
732 714 801 790 ἦν
833 719 926 773 ἀπ’
956 720 1129 790 ἀρχῆς
1161 719 1457 791 ἄφθαρτος.

275 810 473 882 Ἐρώτ.
515 819 612 867 κε’.
642 808 789 884 ’Δρα
827 814 1250 868 ὲπισκέπτονται
1291 815 1381 870 τὸν
1415 817 1528 888 βίον
1560 820 1617 872 at
1650 836 1786 892 προ-

187 901 460 956 λαϐοῦσαι
504 905 616 975 (51)
650 905 758 958 τῶν
799 904 1100 977 ἀνθρώπων
1126 907 1316 978 ψυχαὶ,
1346 908 1380 979 ἢ
1407 908 1505 976 of»;

280 993 473 1046 Ἀπόκ.
523 994 805 1065 Οὐδαμῶς.
868 996 1131 1049 Ἀκουσον
1189 997 1300 1068 γὰρ
1353 999 1447 1053 τοῦ
1501 1002 1782 1073 προφήτου

191 1083 364 1136 Δαόὶδ
412 1084 546 1154 περὶ
590 1083 698 1138 τῶν
734 1085 1109 1141 τελευτώντων
1155 1088 1456 1160 ἀνθρώπων
1494 1090 1744 1159 λέγοντος
1764 1109 1777 1122 ’

198 1194 220 1227 ι
261 1176 608 1247 Ἀνθρωπος,
660 1176 793 1229 ὡσεὶ
840 1178 1031 1249 χόρτος
1078 1179 1134 1232 αἱ
1184 1180 1389 1251 ἡμέραι
1426 1181 1611 1248 αὐτοῦ,
1648 1182 1779 1236 ὡσεὶ

191 1266 361 1331 ἄνθος
420 1268 517 1321 τοῦ
575 1268 745 1339 ἀγροῦ
805 1269 978 1334 οῦτως
1024 1271 1328 1343 ὲξανθήσει.
1389 1275 1509 1327 Ὅτι
1563 1276 1779 1347 πνεῦμα

189 1359 413 1430 διῆλθεν
445 1360 505 1410 ὲν
538 1360 705 1430 αὐτῷ,
738 1361 830 1414 καὶ
860 1363 958 1433 οὐχ
989 1362 1238 1434 ὑπάρξει,
1275 1364 1370 1417 καὶ
1407 1366 1507 1419 οὐκ
1542 1366 1778 1435 ὲπιγνώ-

192 1467 353 1504 σεται
387 1450 469 1503 ἔτι
493 1452 584 1504 τὸν
611 1451 774 1505 τόπον
802 1453 984 1509 αὐτοῦ.
1020 1474 1039 1507 ι
1070 1456 1205 1527 Περὶ
1231 1455 1288 1508 δὲ
1314 1455 1423 1510 τῶν
1451 1456 1638 1527 ψυχῶν
1669 1457 1777 1512 τῶν

190 1543 368 1610 ἁγίων
407 1544 472 1596 οὐ
504 1544 610 1615 χρὴ
638 1544 996 1613 ἀμφιϐάλλειν
1027 1546 1162 1618 (52).
1676 1540 1685 1555 ’

274 1635 473 1706 Ἐρώτ.
497 1644 610 1701 κς².
640 1638 752 1690 Καὶ
777 1640 824 1690 εί
852 1636 1024 1691 ταῦτα
1046 1638 1206 1705 οῦτω,
1239 1639 1356 1703 πῶς
1403 1641 1775 1709 ἐπιφαίνονται

187 1728 239 1780 οἱ
275 1727 427 1793 ἆγιοι
458 1727 719 1791 πολλάκις
758 1731 814 1782 ὲν
843 1733 954 1792 τοῖς
995 1731 1203 1785 ἑαυτῶν
1228 1735 1376 1796 ναοῖς
1412 1735 1506 1786 καὶ
1546 1738 1773 1806 σωροῖς;
1810 1757 1853 1815 Β

274 1818 470 1870 Ἀπόκ.
504 1819 663 1873 Ξένον
694 1820 785 1873 καὶ
828 1821 1127 1892 παράδοξον
1162 1822 1221 1876 τὸ
1267 1824 1600 1897 ἐπερώτημα
1620 1866 1635 1890 ,
1684 1827 1779 1880 καὶ

187 1910 528 1980 πιστοτάτης
565 1911 744 1981 ψυχῆς
775 1911 1025 1981 δεόμενον
1051 1914 1129 1974 εἰς
1159 1913 1468 1985 ἀπόκρισιν.
1514 1916 1703 1986 Ὅμως
1730 1917 1779 1969 εί

185 2005 412 2071 χωρεῖς,
442 2002 674 2055 ἄκουσον
704 2002 778 2074 μὴ
811 2004 1053 2068 ὀκλάζων
1084 2004 1161 2075 τῷ
1190 2005 1455 2076 λογισμῷ.
1486 2008 1554 2059 At
1584 2008 1641 2061 ὲν
1665 2010 1778 2072 τοῖς

184 2094 340 2155 ναοῖς
382 2093 481 2145 καὶ
527 2096 723 2162 σωροῖς
763 2092 872 2146 τῶν
911 2095 1079 2163 ἁγίων
1113 2096 1393 2166 γινόμεναι
1437 2097 1813 2161 ἐπισκιάσεις

187 2184 286 2237 καὶ
317 2183 581 2237 δπτασίαι
622 2186 682 2237 οὐ
715 2185 802 2238 διὰ
830 2186 939 2239 τῶν
967 2185 1153 2256 ψυχῶν
1181 2187 1289 2239 τῶν
1320 2186 1485 2255 ἁγίων
1515 2188 1775 2256 γίνονται,

188 2273 329 2327 ἀλλά
375 2276 488 2344 (55)
533 2275 600 2328 δι’
645 2276 890 2345 ἀγγέλων
934 2276 1105 2345 ἁγίων
1150 2277 1776 2350 μετασχηματιζομένων

186 2366 271 2428 εἰς
310 2365 375 2418 τὺ
416 2362 557 2429 εἶδος
598 2367 704 2420 τῶν
746 2367 938 2437 ἀγίων;
984 2367 1110 2431 Πῶς
1156 2368 1283 2439 γὰρ,
1336 2368 1456 2421 είπέ
1508 2387 1620 2440 μοι,
1679 2370 1776 2441 μία

184 2452 327 2508 ὦσα
363 2456 510 2527 ψυχὴ
538 2456 632 2510 τοῦ
669 2459 941 2531 μακαρίου
981 2460 1190 2532 Πέτρου
1225 2460 1257 2530 ἢ
1309 2461 1520 2514 Παύλου
1555 2463 1775 2517 δύναται

183 2548 307 2599 κατ’
341 2547 510 2618 αὐτὴν
534 2547 631 2619 τὴν
660 2550 833 2620 ῥοπὴν
860 2550 918 2603 ὲν
942 2552 1006 2621 τῇ
1038 2552 1225 2622 μνήμῃ
1260 2551 1418 2604 αὐτοῦ
1447 2553 1774 2624 ἐπιφανῆναι

187 2636 246 2688 ὲν
279 2634 476 2707 χιλίοις
506 2641 652 2701 ναοῖς
686 2638 872 2703 αὐτοῦ,
898 2643 956 2692 ὲν
987 2640 1092 2711 ὅλῳ
1119 2641 1195 2710 τῷ
1229 2641 1451 2713 κόσμῳ;
1486 2643 1642 2696 τοῦτο
1666 2643 1773 2714 γὰρ

184 2726 315 2781 οὔτε
357 2728 582 2796 ἄγγελος
616 2724 697 2792 εἷς
737 2729 960 2784 δύναται
1003 2732 1225 2802 ποιῆσαί
1266 2749 1414 2787 ποτε.
1451 2734 1627 2787 Μόνου
1665 2734 1774 2806 γὰρ

180 2818 282 2872 τοῦ
311 2820 451 2874 Θεοῦ
479 2821 624 2874 ἐστιν
658 2823 716 2874 ἐν
748 2822 868 2875 δυσὶ
908 2823 1094 2886 τόποις
1123 2824 1218 2876 καὶ
1246 2826 1303 2877 ὲν
1335 2824 1440 2895 ὅλῳ
1471 2824 1549 2896 τῷ
1581 2826 1771 2897 κόσμῳ

180 2910 246 2963 ὲν
280 2911 422 2981 αὐτῇ
459 2914 525 2983 τῇ
580 2915 720 2984 ῥοπῇ
768 2914 1135 2985 εὑρίσκεσθαι.
1185 2915 1337 2967 Ἐπεὶ
1380 2917 1473 2969 καὶ
1502 2917 1663 2971 αὐταὶ
1712 2918 1771 2970 αί

183 3002 379 3071 νοτεραί¹
403 3001 662 3072 δυνάμεις
693 3003 1159 3075 ἀπολιμπάνονται
1191 3004 1303 3075 (54)
1336 3005 1551 3069 πάντως
1580 3008 1678 3078 τῆς
1713 3010 1770 3062 ὲν

1893 543 2185 604 corruptus
2212 534 2522 604 repullulat,
2553 535 2730 605 qualis
2761 536 2830 591 ab
2858 536 3011 591 initio
3039 547 3176 592 erat.

1955 811 2178 879 Qums'r.
2215 809 2384 867 XXV.
2432 810 2574 865 Num
2630 809 2912 865 hominum
2959 811 3174 877 animae,
3205 814 3452 883 quiante

1882 919 1987 959 nos
2019 904 2313 967 decedunt,
2340 902 2511 957 vitam
2542 901 2741 955 iterum
2774 901 3039 965 invisunt,
3080 904 3295 957 necne?

1956 992 2113 1048 Resr.
2148 992 2522 1063 Nequaquam.
2554 990 2696 1045 Audi
2723 991 2869 1045 enim
2911 992 3231 1062 preplietam
3288 991 3451 1050 Davi-

1882 1086 2004 1141 dem
2038 1086 2103 1141 de
2134 1086 2448 1140 hominibus
2482 1083 2847 1138 morientibus
2894 1084 3129 1138 aientem
3155 1099 3170 1136 :
3202 1101 3221 1135 ι
3252 1081 3448 1152 Homo,

1885 1178 2028 1233 sicut
2070 1176 2255 1231 fenum
2286 1178 2403 1232 dies
2433 1176 2576 1247 ejus,
2614 1183 2873 1245 tanquam
2906 1173 3007 1230 llos
3038 1175 3155 1246 agri
3200 1176 3282 1232 sic
3302 1176 3452 1231 cillo-

1884 1271 2043 1324 rebit.
2068 1268 2338 1336 Quoniam
2366 1268 2594 1339 Spiritus
2628 1265 2984 1338 pertransivit
3017 1266 3073 1320 in
3108 1267 3222 1331 illo,
3257 1274 3311 1322 et
3338 1282 3451 1322 non

1884 1361 2133 1425 exsistet,
2160 1369 2215 1416 et
2242 1375 2352 1414 non
2375 1365 2669 1430 cognoscet
2699 1358 2933 1428 amplius
2954 1357 3131 1413 locum
3166 1359 3446 1413 suum".s

1884 1453 1959 1507 De
1988 1453 2275 1507 animabus
2319 1460 2498 1507 autem
2532 1450 2808 1521 justorum
2852 1450 2992 1504 nihil
3035 1457 3120 1504 est
3169 1449 3449 1521 ambigen-

1883 1546 2032 1601 dum.
2211 1604 2217 1609 _

1951 1634 2170 1701 Qumsr.
2211 1632 2400 1691 XXVI.
2436 1631 2494 1687 Si
2551 1633 2667 1688 haec
2716 1632 2791 1686 ita
2820 1648 2879 1687 se
2920 1630 3143 1697 habent,
3177 1631 3456 1702 quomodo

1883 1744 2027 1799 saepe
2062 1728 2237 1783 sancti
2263 1731 2382 1783 suis
2409 1727 2464 1781 in
2489 1726 2707 1796 templis
2730 1734 2785 1781 et
2816 1725 3042 1780 tumulis
3074 1723 3379 1795 apparent?

1953 1818 2115 1872 llesr.
2151 1816 2454 1887 Singularis
2476 1822 2530 1869 et
2568 1814 2844 1886 paradoxa
2874 1830 3005 1870 sane
3036 1815 3287 1884 quaestio,
3317 1812 3451 1868 Iide—

1878 1911 2199 1979 lissimaque
2231 1909 2484 1978 indigens
2527 1907 2710 1961 anima
2744 1905 2812 1959 ad
2841 1904 3307 1976 respondendum.
3343 1902 3454 1958 Ta-

1876 2019 2001 2059 men
2036 2003 2082 2057 si
2118 2003 2292 2071 capis,
2322 2002 2451 2056 audi
2520 2016 2621 2055 nec
2674 2000 2889 2054 ratione
2935 2000 3178 2053 vacilles.
3229 1998 3362 2064 Quae
3389 2000 3446 2051 in

1875 2095 2094 2164 templis
2125 2102 2181 2149 et
2226 2094 2458 2149 tumulis
2520 2100 2843 2149 sanctorum
2896 2090 3342 2145 adumbrationes
3391 2096 3447 2145 et

1875 2187 2117 2241 visiones
2144 2185 2300 2250 ﬁunt,
2334 2201 2443 2240 non
2493 2200 2592 2255 per
2639 2185 2853 2239 animas
2914 2190 3232 2239 sanctorum
3286 2182 3443 2246 ﬁunt,

1876 2278 1971 2333 sed
2000 2294 2098 2349 per
2130 2279 2354 2348 angelos
2374 2278 2468 2348 qui
2507 2276 2739 2331 formam
2771 2283 3090 2331 sanctorum
3131 2282 3448 2331 assumunt.

1875 2368 2156 2434 Quomodo
2199 2369 2368 2431 enim,
2410 2367 2498 2421 dic
2548 2367 2704 2431 mihi,
2747 2367 2890 2421 beati
2939 2365 3089 2420 Petri
3141 2366 3226 2420 vel
3289 2364 3445 2421 Pauli

1873 2461 2053 2514 anima
2086 2475 2195 2514 una
2227 2461 2398 2531 possit
2425 2459 2614 2514 eodem
2647 2466 2922 2514 momento
2948 2461 3003 2513 in
3034 2458 3298 2513 memoria
3331 2459 3446 2514 sive

1873 2559 2228 2606 monumento
2261 2552 2382 2621 ejus
2440 2566 2703 2621 apparere
2764 2551 2820 2605 in
2872 2551 3023 2606 mille
3052 2551 3173 2621 ejus
3227 2552 3444 2621 templis

1872 2656 1971 2711 per
1998 2649 2171 2695 totum
2199 2641 2429 2697 orbem?
2456 2640 2512 2695 id
2541 2642 2686 2695 enim
2716 2656 2818 2696 nec
2841 2655 2985 2696 unus
3018 2641 3244 2711 angelus
3277 2647 3446 2710 queat

1872 2751 2114 2807 unquam
2147 2746 2429 2808 praestare.
2466 2734 2647 2791 Solius
2676 2736 2945 2807 siquidem
2976 2735 3071 2791 Dei
3100 2744 3189 2792 est
3226 2737 3442 2793 duobus

1872 2827 1925 2881 in
1953 2827 2091 2881 locis
2121 2834 2175 2880 et
2196 2834 2309 2881 toto
2333 2826 2387 2880 in
2412 2824 2617 2879 mundo
2639 2824 2828 2879 eodem
2856 2832 3134 2880 momento
3167 2826 3398 2895 reperiri
3422 2845 3436 2881 :

1873 2915 2316 2985 quandoquidem
2366 2923 2420 2971 et
2473 2916 2602 2985 ipsae
2633 2914 2999 2984 intelligentes
3033 2916 3263 2971 virtutes
3306 2916 3442 2970 deti-

1872 3007 2025 3060 ciunt
2059 3005 2284 3059 omnino
2331 3020 2360 3058 a
2413 3004 2703 3076 doxologia
2737 3020 2858 3075 quae
2891 3004 2948 3058 in
3002 3005 3158 3060 cmlis
3188 3012 3293 3070 est,
3315 3020 3440 3060 cum

181 3092 439 3164 οὐρανοῖς
472 3093 797 3162 δοξολογίας,
832 3096 995 3166 ἡνίκα
1032 3096 1076 3149 δ’
1113 3095 1179 3149 ἂν
1226 3096 1664 3152 ἀποστέλλωνται
1690 3102 1768 3164 είς

1892 3113 1926 3152 n
1957 3098 2323 3153 ministerium
2356 3097 2411 3151 in
2444 3106 2646 3152 terram
2677 3097 2992 3151 mittuntur.

178 3182 465 3238 διακονίαν
497 3185 589 3237 ἐπὶ
618 3186 717 3255 τῆς
749 3186 875 3255 γῆς.

270 3270 467 3341 Ἐρώτ.
505 3274 607 3338 κζ’.
637 3274 701 3325 Τί
744 3273 986 3345 διαφέρει
1021 3276 1053 3346 ή
1091 3276 1245 3330 οὐσία
1277 3277 1371 3331 τοῦ
1404 3279 1637 3348 ἀγγέλου
1669 3280 1770 3351 τῆς

182 3363 381 3426 οὐσίας
410 3364 509 3432 τῆς
532 3365 710 3434 ψυχῆς
741 3364 835 3417 τοῦ
863 3365 1149 3437 ἀνθρώπου
1175 3384 1189 3434 ;

268 3453 462 3507 Ἀπόκ.
494 3454 656 3525 Τρεῖς
698 3455 885 3517 οὐσίας
921 3457 1340 3528 ἀκαταλήπτους
1370 3460 1519 3531 παρὰ
1560 3460 1771 3532 ἀνθρώ-

184 3563 311 3609 ποις
341 3546 688 3617 εὐρίσκομεν,
727 3546 791 3610 ἃς
816 3547 991 3611 οὐδεὶς
1019 3548 1266 3619 οὐδαμῶς
1297 3548 1419 3603 οὔτε
1452 3547 1610 3617 εἶδεν,
1646 3553 1767 3607 οὐτε

186 3638 398 3693 ἰδέσθαι
429 3640 523 3691 ἐπὶ
557 3640 660 3709 γῆς
690 3639 942 3705 δύναται,
980 3641 1056 3705 ὡς
1085 3643 1213 3704 εἰσὶ,
1246 3641 1389 3711 λέγω
1417 3643 1480 3715 δὴ
1511 3643 1645 3697 Θεοῦ
1677 3647 1769 3699 καὶ

182 3728 437 3798 ἀγγέλων
461 3729 556 3782 καὶ
584 3729 799 3800 ψυχῶν·
830 3731 977 3801 ὅμως
1003 3731 1392 3802 στοχαζόμεθα,
1422 3734 1613 3805 ὅτιπερ
1645 3736 1768 3789 ὅσον

182 3820 435 3891 διαφέρει
487 3822 585 3891 τῆς
641 3821 869 3893 σελήνης
913 3824 943 3875 6
986 3823 1167 3895 ἥλιος,
1208 3824 1460 3879 τοσοῦτον
1513 3827 1767 3898 ὑπερέχει

183 3913 284 3964 καὶ
322 3912 704 3984 λαμπροφορεῖ
732 3915 844 3984 (55)
884 3916 917 3986 ή
953 3915 1062 3968 τῶν
1089 3914 1333 3983 ἀγγέλων
1370 3915 1526 3970 οὐσία
1556 3918 1654 3988 τῆς
1681 3918 1767 3971 οὐ·

183 4002 313 4064 σίας
344 4001 456 4053 τῶν
480 4004 668 4072 ψυχῶν
696 4002 1016 4075 ἀνθρώπων.

271 4093 467 4164 Ἐρώτ.
493 4102 600 4166 κη’.
636 4094 747 4147 Καὶ
785 4095 901 4158 πῶς
945 4097 995 4148 ot
1028 4096 1301 4167 προφῆται
1334 4096 1610 4166 φαίνονται
1640 4098 1768 4153 πολ-

183 4185 348 4250 λάκις
378 4187 580 4248 ἰδόντες
607 4187 696 4240 τὸν
735 4188 940 4259 Κύριον
962 4188 1111 4260 (56);

269 4275 464 4330 ’Δπόκ.
502 4277 659 4330 Μετὰ
689 4276 896 4340 πάντας
922 4279 1047 4342 τοὺς
1079 4280 1363 4350 προφήτας
1396 4279 1491 4333 καὶ
1526 4280 1644 4350 μετ’
1661 4281 1768 4344 ,αὐ-

181 4369 286 4439 τὴν
314 4369 415 4438 τὴν
450 4368 767 4436 ἐπιφάνειαν
799 4367 891 4420 τοῦ
925 4369 1161 4439 Χριστοῦ
1195 4365 1347 4421 εἶπεν
1372 4369 1400 4420 6
1435 4368 1587 4436 ἆγιος
1640 4367 1767 4421 ἀπό-

1938 3274 2096 3344 223
2135 3273 2357 3340 Qumsv.
2387 3272 2598 3330 XXVII.
2620 3274 2761 3341 Quid
2790 3273 2971 3331 differt
3011 3273 3316 3330 substantia
3347 3290 3439 3332 an-

1868 3366 1972 3435 geli
2000 3366 2068 3420 ah
2094 3366 2330 3421 hominis
2361 3367 2702 3422 substantia?

1938 3455 2101 3511 Βεει».
2127 3456 2262 3513 Tres
2287 3458 2594 3514 invenimus
2628 3457 2961 3513 substantias
2989 3472 3126 3528 quas
3155 3458 3318 3513 homo
3349 3473 3438 3513 ne-

1868 3549 1987 3618 quit
2013 3549 2497 3618 comprehcndere,
2542 3564 2811 3620 nemoque
2851 3565 3087 3619 unquam
3128 3549 3283 3613 vidit,
3316 3565 3439 3620 qua:

1873 3656 1976 3695 nec
2039 3640 2093 3694 in
2138 3648 2284 3695 terra
2315 3650 2549 3711 possunt
2602 3641 2796 3705 videri,
2832 3649 2891 3695 ut
2938 3649 3065 3695 sunt
3092 3657 3286 3712 nempe
3314 3640 3433 3707 Dei,

1868 3731 2187 3800 angelorum
2220 3738 2274 3786 et
2307 3731 2902 3786 animarum.Attamen
2935 3731 3259 3800 conjicimus
3289 3732 3436 3803 quod

1867 3826 2128 3887 quantum
2173 3819 2354 3873 dill‘ert
2406 3821 2486 3874 sol
2540 3834 2570 3874 a
2626 3820 2776 3887 luna,
2822 3827 3032 3873 tantum
3074 3823 3349 3876 antecellit
3380 3829 3435 3875 et

1867 3911 2037 3980 magis
2068 3910 2315 3979 splendet
2364 3911 2679 3980 angelorum
2722 3911 2980 3976 essentia,
3017 3925 3181 3980 quam
3224 3913 3434 3966 anima-

1866 4016 1985 4054 rum
2007 4003 2287 4055 hominum
2313 4000 2573 4057 essentia.

1948 4091 2169 4157 Qumsr.
2201 4091 2436 4147 XXVIII.
2472 4091 2754 4158 Quomodo
2784 4092 3057 4163 pmphetae
3094 4106 3237 4162 sape
3263 4091 3432 4149 Deum

1865 4182 2114 4238 videntes
2142 4184 2447 4253 apparent?

1936 4272 2098 4329 Resr.
2135 4274 2266 4329 Post
2309 4274 2605 4345 prOphetas
2653 4289 2844 4330 omnes
2894 4274 3181 4346 ipsumque
3227 4274 3434 4332 Christi

1867 4365 2159 4421 adventum
2186 4364 2326 4420 dixit
2367 4367 2669 4436 apostolus,
2698 4366 3141 4437 evangelistaque
3178 4372 3234 4421 et
3278 4366 3436 4422 theo-

182 4457 373 4519 στολος
408 4456 502 4509 καὶ
539 4457 927 4528 εὐαγγελιστὴς
961 4458 1056 4511 καὶ
1082 4458 1329 4527 θεολόγος
1369 4458 1639 4529 Ἰωάννης,
1682 4459 1765 4511 ὅτι

1889 4472 2023 4527 ogus
2050 4455 2309 4520 Joannes,
2367 4456 2563 4527 quod:
2613 4475 2633 4508 ι
2684 4455 2855 4511 Deum
2925 4471 3087 4511 nemo
3141 4455 3278 4512 vidit
3329 4473 3435 4513 un-

188 4566 208 4599 ι
250 4547 389 4600 Θεὸν
429 4546 603 4609 οὐδεὶς
634 4546 845 4617 ἑώρακε
872 4546 1111 4601 πώποτε.
1157 4567 1175 4599 ι
1224 4549 1334 4601 Καὶ
1367 4547 1453 4600 ἵνα
1486 4545 1766 4617 πιστώση-

182 4657 276 4693 ται
307 4639 385 4702 ὡς
434 4638 661 4709 φοϐερὸν
711 4640 802 4692 καὶ⁵
834 4638 983 4705 ξένον
1009 4640 1070 4693 τὸ
1102 4641 1285 4710 ῥῆμα,
1329 4641 1608 4709 ἐπήγαγεν
1628 4678 1643 4703 ,
1684 4640 1765 4692 ὅτι

189 4747 210 4779 ι
234 4730 298 4781 '0
339 4730 651 4800 Μονογενὴς
696 4732 724 4783 ό
770 4729 846 4782 ὢν
890 4732 948 4783 ὲν
973 4732 1086 4794 τοῖς
1117 4731 1342 4793 κόλποις
1392 4730 1477 4783 τοῦ
1529 4729 1761 4801 Πατρὸς,

182 4818 393 4881 ἐκεῖνος
414 4816 583 4890 ὲξηγή
592 4836 738 4872 σατο.
753 4838 771 4870 ι
802 4820 961 4873 Ὅθεν
976 4822 1071 4873 καὶ
1090 4823 1117 4874 6
1134 4820 1286 4891 ἅγιος
1305 4820 1599 4885 ἀπόστολος
1618 4820 1760 4874 Παῦ-

180 4908 278 4972 λός
303 4926 488 4980 φησιν·
512 4928 532 4961 ι
550 4914 646 4963 ’ον
672 4907 809 4965 εἶδεν
832 4912 1004 4976 οὐδεὶς
1031 4912 1127 4964 ἀνθ
1137 4910 1489 4980 ρώπων,οὐτε
1510 4912 1636 4965 ἰδεῖν
1666 4911 1759 4964 δύ-

183 5019 363 5056 ναται.
394 5021 417 5054 ι
449 5003 610 5055 Ὥστε
638 5002 808 5066 οὐδεὶς
841 5003 1141 5076 ἀνθρώπων
1169 5004 1388 5057 δύναται
1413 5002 1546 5056 Θεοῦ
1579 5003 1762 5056 οὐσίαν

186 5095 406 5166 γυμνὴν
451 5093 579 5147 ίδείν
615 5095 848 5166 οὐδαμοῦ
874 5113 888 5128 ·
923 5096 1058 5150 ἀλλὰ
1077 5135 1092 5160 ,
1130 5098 1266 5168 πρὸς
1297 5097 1394 5168 τὴν
1422 5096 1530 5149 τῶν
1556 5094 1766 5166 ἀνθρώ·

1873 4550 2119 4619 quam”.
2159 4568 2178 4601 ι
2213 4549 2370 4616 Quod
2420 4556 2483 4603 ut
2539 4549 2797 4604 credibile
2846 4548 3121 4617 redderet,
3170 4556 3434 4619 tanquam

1871 4641 2075 4711 aliquid
2104 4641 2443 4695 tremendum
2473 4647 2527 4695 et
2570 4640 2866 4710 singulare,
2904 4640 3188 4695 addiditn
3227 4641 3433 4712 Unige-

1868 4731 2017 4786 nitus
2045 4732 2138 4802 qui
2184 4739 2269 4797 est
2327 4731 2384 4784 in
2432 4729 2556 4784 sinu
2598 4728 2798 4796 Patris,
2835 4731 2950 4799 ipse
3002 4731 3280 4785 enarravit
3298 4732 3364 4784 ”.
3409 4750 3429 4782 ι

1868 4820 2023 4878 Unde
2056 4831 2110 4878 et
2158 4831 2382 4878 sanctus
2450 4821 2733 4891 apostolus
2800 4818 3003 4875 Paulus
3043 4821 3118 4873 ait
3154 4835 3166 4870 :
3205 4839 3225 4871 ι
3260 4820 3431 4887 Quem

1865 4928 2027 4969 nemo
2059 4913 2339 4968 hominum
2370 4912 2504 4968 vidit
2527 4913 2612 4968 vel
2637 4911 2819 4967 videre
2845 4911 3109 4982 potest”
3140 4931 3155 4967 :
3194 4930 3213 4963 ι
3248 4910 3435 4982 Itaque

1868 5006 2054 5061 nullus
2102 5005 2267 5058 homo
2313 5004 2516 5059 nudam
2547 5002 2642 5058 Dei
2671 4990 3171 5071 essentiam'potuit
3202 5016 3431 5072 usquam

1870 5098 2079 5163 videre,
2113 5097 2211 5152 sed
2256 5112 2377 5153 sese
2411 5097 2555 5152 Deus
2612 5094 2681 5149 ad
2729 5093 3099 5149 inﬁrmitatem
3151 5093 3432 5148 hominum

259 5247 306 5279 “
346 5245 493 5301 Psal.
527 5261 638 5312 cu,
677 5247 776 5314 15,
810 5248 898 5302 16.
972 5251 1018 5282 θ’
1050 5247 1207 5304 Joan.
1245 5266 1295 5315 ι,
1332 5250 1418 5304 18.
1495 5252 1541 5284 ”
1564 5252 1696 5307 ibid.

1889 5250 1899 5303 Ι
1930 5249 2070 5304 Tim.
2104 5266 2155 5305 v1
2181 5290 2195 5315 ,
2227 5248 2315 5304 16.

252 5401 371 5476 (51)
411 5400 643 5476 Quidam
668 5418 802 5476 mss.
830 5404 886 5455 αί
914 5405 1031 5476 ἐκεῖ
1062 5404 1450 5476 προλαϐοῦσαι.

253 5471 506 5547 (.32)-Ilis
540 5470 726 5547 adjicit
771 5472 941 5547 Palat.
986 5470 1350 5547 ΞηΓνωρίζει
1394 5476 1502 5547 γὰρ
1547 5475 1759 5529 ἅπαντα

185 5541 328 5616 μετά
374 5540 617 5593 θανάτου
632 5542 735 5616 καὶ
780 5546 841 5616 ἐν
857 5546 938 5616 ῌτῇ
970 5545 1151 5616 ἡμέρᾳ
1187 5540 1284 5616 τ’ᾗς
1314 5540 1566 5616 κρίσεως.
1601 5547 1760 5612 Quie-

179 5612 397 5664 stiones
428 5626 594 5678 porro
626 5612 697 5665 26
735 5620 788 5667 et
815 5612 884 5665 27
916 5612 1135 5669 'aUSunt’
1162 5629 1192 5667 a
1220 5612 1395 5669 Palat.
1436 5616 1489 5679 2,
1525 5624 1578 5671 et
1607 5634 1635 5670 a
1665 5632 1755 5672 ve-

183 5681 400 5734 teribus
429 5681 592 5734 editis
623 5680 848 5737 Latinis.

260 5750 374 5820 ('53)
417 5748 508 5805 Sic
532 5748 666 5822 Reg.
702 5753 754 5817 1,
779 5752 830 5807 5.
864 5751 923 5808 ln
954 5754 1134 5819 editis,
1163 5754 1298 5810 ἀλλά
1335 5755 1509 5811 deest.
1621 5772 1633 5785 ε

1943 5406 2052 5475 (54)
2088 5405 2165 5459 Ita
2197 5404 2232 5458 2
2260 5420 2393 5461 mss.
2446 5403 2590 5459 Editi
2620 5445 2635 5467 ,
2684 5401 3182 5475 ἀπολαμϐάνονται.
3226 5398 3432 5457 Ibidem

1865 5473 2000 5544 Reg.
2030 5473 2057 5548 *1
2071 5515 2107 5548 ,_
2119 5478 2238 5548 ταῖς
2266 5475 2324 5548 ἐν
2352 5476 2596 5548 οὐρανοῖς
2615 5474 2963 5543 δοξολογίαις.

1936 5543 2045 5615 (35')
2080 5545 2248 5616 Palat.
2286 5545 2336 5616 1,
2361 5543 2746 5616 λαμπροτερεί.

1936 5612 2047 5681 (561)
2081 5612 2248 5667 Palat.
2279 5613 2334 5675 2,
2371 5612 2459 5666 τὸν
2485 5612 2659 5666 Θεόν.’
2926 5641 2937 5652 -

1932 5679 2269 5750 Quaestiones
2290 5690 2471 5738 autem
2495 5683 2585 5745 29,
2609 5683 2698 5747 '50,
2723 5683 2811 5745 51,
2839 5682 2926 5748 32,
2950 5682 3021 5736 55
3038 5688 3092 5736 et
3110 5681 3199 5747 54,
3230 5679 3432 5737 absunt

1861 5770 1892 5809 a
1916 5754 2089 5809 Palat.
2128 5753 2182 5821 2,
2205 5763 2258 5809 et
2287 5769 2319 5809 a
2351 5754 2623 5810 veteribus
2652 5755 2811 5811 editis
2840 5752 3070 5809 Latinis.
3400 5784 3403 5785 ν
