3860 6200
389 327 493 383 615

1514 327 1572 382 S.
1613 322 2077 381 ATHANASIUS.
2117 355 2189 365 —
2223 322 2498 381 SPURIA.

3538 325 3639 382 616

391 445 835 512 accommodans,
854 445 1195 518 formamque
1228 456 1617 519 congruentem
1648 462 1957 512 assumens,

2069 462 2182 500 πων
2217 445 2502 501 ἀσθένειαν
2546 444 3032 515 συγκαταϐατικῶς
3063 449 3093 502 ὁ
3136 448 3269 514 Θεδς
3311 450 3638 521 σχηματιζό-

388 539 671 609 prophetis
700 541 1020 611 apparebat.
1060 540 1220 596 Certe
1243 549 1377 596 tunc
1412 542 1502 596 ille
1531 541 1716 595 carnis
1744 553 1964 609 expers,

393 646 538 703 saepe
589 631 698 687 illis
754 639 816 687 ut
855 615 1018 689 homo
1065 633 1387 689 incarnatus
1450 632 1766 703 apparebat.
1808 629 1965 686 Unde

390 720 746 790 perspicuum
796 728 882 776 est
919 722 1068 791 ipsos
1111 738 1220 776 non
1266 722 1360 776 Dei
1398 724 1693 777 essentiam
1735 720 1961 784 vidisse,

391 809 487 865 sed
519 811 770 881 gloriam.
796 809 953 878 Quod
985 811 1126 866 idem
1166 812 1235 867 de
1260 812 1467 883 angelis
1489 820 1543 867 et
1568 812 1732 866 nudis
1754 810 1966 864 anima-

391 904 495 960 bus
528 914 614 960 est
657 906 1088 976 intelligendum.
1149 907 1277 961 Sola
1326 923 1457 963 vero
1508 914 1698 962 sancta
1732 906 1965 976 Deipara

392 998 594 1053 nudam
647 1001 944 1055 essentiam
1003 1002 1314 1073 archangeli
1369 1000 1659 1068 Gabrielis,
1700 1001 1780 1055 uti
1823 1009 1960 1067 erat,

390 1094 758 1162 contemplata
788 1102 891 1150 est.

461 1185 681 1250 Qua-251'.
708 1183 898 1238 XXIX.
932 1185 1073 1251 Quid
1119 1186 1287 1256 ergo?
1314 1186 1513 1240 Annon
1543 1192 1597 1240 et
1628 1184 1733 1255 ipsi
1784 1183 1963 1254 angeli

390 1275 692 1329 secundum
722 1276 1087 1331 substantiam
1128 1276 1443 1332 hominibus
1498 1277 1554 1331 in
1609 1286 1754 1332 terra
1796 1290 1966 1347 appa-

388 1375 513 1420 rent
537 1366 562 1419 ?

462 1457 621 1512 Rssr.
675 1456 913 1513 Minime.
973 1457 1084 1513 Nec
1139 1459 1284 1513 enim
1341 1458 1720 1529 corruptibilis
1770 1457 1964 1514 oculus

390 1547 753 1603 substantiam
819 1549 1291 1620 incorruptibilem
1348 1557 1529 1619 potest
1580 1549 1960 1618 contemplari.

387 1638 518 1693 inde
546 1654 676 1693 vero
714 1649 899 1707 aperte
947 1639 1073 1693 licet
1110 1654 1445 1710 cognoscere
1476 1641 1703 1710 angelos
1731 1655 1843 1694 non
1876 1656 1958 1696 se-

387 1730 626 1785 cundum
676 1731 1040 1786 substantiam
1090 1733 1250 1787 nobis
1296 1747 1583 1803 apparere,
1653 1732 1801 1803 quod
1850 1748 1961 1787 non

2068 554 2256 608 μενος,
2289 540 2403 601 τοῖς
2442 539 2748 610 προφήταις
2785 540 3054 609 ἐφαίνετο.
3100 540 3320 611 Ἀμέλει
3344 542 3440 595 καὶ⁵
3472 543 3640 616 ἄσαρ-

2064 647 2160 694 κος
2200 629 2324 683 τότε
2368 630 2663 702 ὑπάρχων,
2699 630 2775 694 ὼς
2808 631 3095 704 ἄνθρωπος
3147 634 3329 698 αὐτοῖς
3381 634 3638 699 πολλάκις

2063 721 2312 789 ἐφαίνετο
2356 722 2792 794 σεσαρκωμένος.
2813 723 2974 776 Ὅθεν
3019 725 3285 796 πρόδηλον
3321 728 3428 794 ὅτι,
3457 727 3519 779 οὐ
3543 728 3638 800 τὴν

2063 813 2250 867 οὐσίαν
2277 813 2371 867 τοῦ
2396 813 2530 867 Θεοῦ
2563 814 2808 881 ἔϐλεπον,
2840 816 2975 870 ἀλλὰ
3004 817 3103 888 τὴν
3125 818 3302 883 δόξαν.
3340 820 3518 891 Ὅπερ
3546 822 3638 874 καὶ

2063 905 2155 957 ἐπὶ
2182 905 2289 958 τῶν
2311 905 2557 974 ἀγγέλων
2581 907 2675 960 καὶ
2696 906 2805 962 τῶν
2830 908 3052 979 γυμνῶν
3074 909 3262 981 ψυχῶν
3286 911 3392 984 χρὴ
3419 915 3634 966 ἐννοεῖν.

2062 995 2213 1067 Μόνη
2252 995 2309 1048 δὲ
2338 998 2369 1067 ή
2414 996 2544 1066 ἁγία
2575 998 2839 1065 Θεοτόκος
2860 1040 2874 1065 ,
2909 1003 3121 1075 γυμνὴν
3148 1004 3366 1069 οὐσίαν,
3394 1006 3471 1069 ὡς
3504 1005 3634 1072 ἐστι,

2062 1085 2156 1139 τοῦ
2193 1088 2535 1159 ἀρχαγγέλου
2565 1090 2605 1141 Γ
2608 1089 2806 1162 αϐριὴλ
2832 1092 3112 1147 ἐθεάσατο.

2145 1177 2338 1249 Ἐριὶγτ.
2367 1179 2468 1233 κθν.
2503 1181 2569 1233 Τί
2602 1176 2726 1247 οὗν;
2755 1182 2890 1235 Οὐδὲ
2930 1185 2980 1237 ot
3028 1183 3247 1253 ἄγγελοι
3294 1186 3413 1239 κατ’
3451 1187 3635 1241 οὐσίαν

2064 1268 2344 1339 φαίνονται
2381 1272 2474 1325 ἐπὶ
2501 1271 2601 1343 τῆς
2636 1273 2740 1345 γῆς
2763 1278 2874 1338 τοῖς
2902 1275 3211 1348 ἀνθρώποις
3235 1294 3250 1343 ;

2145 1428 2335 1484 Ἀπόκ.
2382 1430 2678 1502 Οὐδαμῶςο
2729 1431 2853 1486 οὔτε
2906 1434 3017 1507 γὰρ
3063 1434 3282 1489 δύναται
3328 1436 3568 1510 φθαρτὸς
3608 1439 3636 1492 ό

2062 1521 2341 1593 ὀφθαλμὸς
2386 1522 2660 1596 θεωρῆσαι
2705 1525 2895 1582 οὐσίαν
2933 1526 3232 1598 ἄφθαρτον.
3275 1528 3557 1581 Ἐντεῦθεν
3582 1529 3637 1583 δὲ

2063 1613 2177 1667 ἔστι
2206 1615 2393 1684 σαφῶς
2421 1616 2740 1685 ἐπιγνῶναι,
2789 1618 2870 1671 ὅτι
2901 1619 2963 1671 οὐ
2998 1620 3119 1672 κατ’
3143 1620 3330 1673 οὐσίαν
3361 1622 3638 1690 φαίνονται

2063 1707 2194 1778 ἡμῖν
2215 1709 2262 1761 οἱ
2290 1707 2507 1777 ἄγγελοι
2526 1725 2540 1738 ⁸
2566 1709 2752 1781 ἐπειδὴ
2785 1710 2883 1781 οὐχ
2913 1710 2993 1763 ἑνὶ
3021 1713 3260 1783 σχήματι
3288 1712 3381 1765 ἐπὶ
3411 1713 3512 1783 τῆς
3534 1713 3637 1784 γῆς

387 1836 497 1875 una
528 1822 698 1891 ligura
741 1824 795 1875 in
834 1823 998 1877 terris
1031 1833 1349 1893 appareant.
1385 1823 1521 1878 Nam
1570 1825 1661 1878 alii
1696 1825 1957 1895 juvenum

2069 1797 2472 1870 ἐμφανίζονται,
2496 1798 2614 1853 ἀλλ’
2645 1801 2695 1853 οἱ
2732 1801 2829 1871 μὲν
2864 1803 2922 1855 ὲν
2957 1802 3197 1874 σχήματι
3228 1803 3525 1858 νεανίσκων
3545 1822 3636 1875 με·

387 1912 617 1966 formam
668 1923 990 1980 assumunt;
1023 1915 1114 1967 alii
1147 1915 1400 1968 militum.
1457 1914 1701 1986 Denique
1759 1919 1962 1973 multas

386 2004 464 2059 illi
508 2004 711 2060 formas
749 2005 1024 2060 induunt:
1059 2012 1115 2059 at
1143 2021 1253 2061 una
1294 2006 1536 2076 ipsorum
1586 2015 1673 2064 est
1699 2008 1964 2063 substan-

385 2099 484 2152 tia.

457 2188 679 2255 Qumsr.
708 2188 877 2244 XXX.
925 2188 1186 2257 Quanam
1223 2198 1309 2246 est
1341 2189 1587 2246 deﬁnitio
1633 2190 1961 2247 substantiae

386 2280 703 2350 angelorum
726 2279 751 2333 τ

455 2369 619 2425 lisse.
658 2371 898 2441 Angelus
921 2378 1005 2425 est
1028 2369 1229 2424 animal
1256 2370 1544 2436 rationale,
1575 2369 1958 2436 immateriale,

384 2460 796 2534 bymnisonum,
833 2464 1162 2518 immortale.

453 2552 676 2620 Qumsr.
717 2553 909 2608 XXXI.
952 2555 1236 2621 Quodnam
1297 2569 1435 2625 opus
1502 2562 1586 2610 est
1653 2552 1959 2610 caelestium

383 2644 648 2699 virtutum
683 2646 740 2699 in
776 2646 972 2700 oculis?

455 2737 617 2794 Resp.
671 2737 916 2811 Hymnus
964 2754 1243 2810 nunquam
1294 2739 1664 2805 intermissus,
1730 2740 1962 2810 lausque

383 2832 640 2902 perennis
673 2832 1091 2902 magniﬁcentiae
1125 2831 1217 2887 Dei
1254 2853 1267 2886 :
1303 2832 1441 2888 forte
1469 2834 1632 2888 etiam
1668 2836 1846 2888 oratio
1870 2847 1961 2888 as-

384 2923 543 2979 sidua
578 2938 678 2994 pro
726 2933 914 2978 nostra
945 2924 1143 2979 salute.
1180 2923 1410 2989 Quando
1466 2939 1597 2979 vero
1652 2924 1873 2978 ordines
1904 2931 1959 2978 et

382 3015 594 3070 militiae
648 3016 926 3082 dicuntur,
962 3015 1377 3086 intelligendum
1414 3022 1498 3071 est
1543 3016 1788 3072 ordinem
1835 3032 1961 3071 esse

383 3107 707 3177 magisterii,
735 3106 980 3160 ordinem
1016 3108 1221 3171 tutelae,
1262 3107 1511 3161 ordinem
1579 3108 1953 3177 providentiae,
1982 3140 2028 3202 Ο

381 3197 630 3252 ordinem
684 3198 996 3261 ministerii,
1028 3197 1275 3251 ordinem
1324 3199 1663 3267 punientem,
1707 3200 1953 3254 ordinem

382 3291 477 3360 qui
508 3291 719 3345 animas
746 3298 984 3361 separet,
1008 3290 1255 3345 ordinem
1294 3290 1350 3344 in
1375 3291 1497 3347 aliis
1525 3299 1952 3361 permanentem.

382 3380 554 3436 Porro
586 3393 644 3436 ut
670 3384 853 3437 varios
888 3398 1246 3453 supernarum
1280 3385 1544 3439 virtutum
1583 3383 1803 3439 ordines
1836 3398 1957 3440 esse

382 3474 654 3535 novimus,
680 3477 759 3530 sic
782 3485 906 3529 sunt
939 3477 1203 3532 stationes
1236 3484 1291 3532 et
1323 3476 1665 3548 cognitiones
1703 3476 1951 3531 diversae.

380 3560 629 3631 Namque
654 3563 861 3628 throni,
894 3564 1178 3619 cherubim
1215 3572 1268 3621 et
1317 3566 1591 3635 seraphim
1625 3567 1745 3620 sine
1777 3565 1956 3621 medio

383 3669 414 3708 a
438 3653 547 3709 Deo
584 3654 869 3721 docentur,
901 3664 960 3710 ut
989 3658 1080 3727 qui
1112 3659 1324 3713 caateris
1382 3658 1492 3713 sint
1540 3657 1871 3727 superiores,
1902 3666 1956 3712 et

385 3745 494 3800 Deo
518 3746 771 3816 proximi.
802 3745 869 3801 Hi
909 3754 1089 3801 autem
1124 3747 1325 3803 docent
1370 3746 1660 3801 inferiores
1702 3746 1949 3809 ordines,

382 3851 558 3907 eaque
604 3838 864 3907 deinceps
910 3840 1125 3895 ratione
1174 3839 1465 3895 inferiores
1513 3854 1542 3892 a
1576 3838 1953 3909 superioribus

381 3914 670 3985 docen'tur.
703 3930 930 3986 lnﬁmus
977 3940 1160 3987 autem
1190 3933 1435 3986 omnium
1482 3932 1619 3986 ordo
1652 3939 1780 3986 sunt
1826 3946 1955 3986 san-

382 4022 456 4077 cti
486 4023 684 4094 angeli,
710 4025 801 4093 qui
820 4033 873 4080 et
895 4023 1000 4095 ipsi
1026 4024 1307 4079 hominum
1346 4033 1474 4081 sunt
1502 4025 1772 4096 magistri.

453 4196 674 4263 Qumsr.
708 4195 923 4250 XXXII.
950 4196 1034 4250 Au
1085 4196 1258 4251 nostri
1302 4203 1430 4252 sunt
1459 4210 1729 4251 memores
1756 4197 1953 4251 anima:

380 4303 503 4357 qua:
524 4289 921 4355 discesserunt,
973 4288 1433 4360 quemadmodum
1477 4295 1532 4344 et
1598 4289 1775 4358 angeli
1824 4296 1951 4344 sunt

380 4382 556 4435 nostri
579 4381 889 4437 memores?

450 4490 614 4547 Resp.
643 4490 970 4549 Sanctorum
995 4492 1212 4564 quidem
1269 4493 1464 4547 anima:
1514 4493 1690 4549 nostri
1721 4494 1945 4548 omnino
1958 4474 2029 4532 τί)

381 4585 769 4651 meminerunt,
804 4586 1025 4640 minime
1050 4587 1557 4656 vero'peccatorum
1607 4585 1800 4640 animae
1825 4600 1945 4655 qua

377 4677 437 4732 in
463 4676 872 4748 inlerisjacent.
901 4677 1037 4732 Cum
1068 4678 1212 4733 enim
1256 4676 1581 4746 supplicium
1629 4676 1733 4731 sibi
1795 4677 1951 4731 debi-

382 4779 496 4825 tum
517 4778 852 4840 exspectent,
883 4772 1078 4826 merito
1101 4778 1248 4826 certe
1273 4769 1338 4826 de
1367 4771 1458 4825 illo
1485 4769 1663 4825 solum
1687 4778 1813 4824 sunt
1832 4770 1947 4825 sol-

377 4864 535 4930 liciti,
563 4863 702 4918 nibil
725 4863 874 4918 aliud
903 4869 1184 4919 curantes.

449 5039 561 5111 (57)
591 5038 669 5094 lta
698 5039 831 5109 Reg.
867 5041 920 5102 5,
942 5048 1017 5111 et
1050 5037 1221 5093 Palat.
1252 5039 1302 5111 ι,
1330 5036 1473 5092 Editi
1499 5053 1667 5111 ‘vero,
1703 5039 1781 5111 _at_
1809 5036 1946 5111 πρδς

377 5109 523 5191 ἡμᾶς
544 5108 1154 5183 ’μετασχηίματιζόμεναι
1195 5109 1412 5175 εἰδέναι,
1450 5108 1546 5180 μία
1582 5109 1640 5161 δὲ
1662 5108 1818 5162 οὐσία
1848 5108 1947 5161 αὐ-

376 5196 484 5234 των
491 5220 506 5234 ο

449 5248 748 5321 Sequentes
770 5264 934 5320 porro
957 5249 1075 5304 dua:
1098 5250 1424 5321 quaestiones
1452 5249 1521 5303 50
1542 5255 1597 5304 et
1625 5248 1713 5312 51,
1740 5248 1945 5321 haben-

376 5327 469 5372 tur
522 5317 689 5388 supra
743 5317 800 5375 ἰὴ
845 5317 1172 5376 testimoniis
1217 5319 1515 5388 Scriptura:
1567 5334 1753 5374 sacrae.
1808 5317 1945 5373 Vide

376 5405 499 5443 uuae
528 5392 593 5445 de
621 5392 704 5444 his
731 5391 967 5445 diximus
997 5391 1052 5443 in
1083 5391 1486 5445 Admonitione.

456 5461 559 5531 {58)
595 5462 789 5515 Ἀὖλον
819 5462 970 5516 deest
1007 5461 1062 5515 in
1092 5460 1254 5516 editis
1282 5470 1337 5517 et
1368 5458 1693 5531 quihusdam
1724 5473 1858 5513 mss.
1889 5465 1943 5514 et

380 5543 542 5596 supra
575 5531 791 5598 legitur.

450 5598 558 5673 (59)
586 5598 716 5673 Reg.
772 5602 828 5663 5,
867 5602 1310 5673 ἐπιστρεπτικὴν,
1360 5599 1512 5664 τάξιν
1560 5598 1938 5673 προνοητικὴν,

378 5668 530 5743 τάξιν
556 5668 909 5743 φυλάκτιξήν.
938 5668 1259 5743 Moiti’alat.
1288 5673 1337 5734 1,
1362 5668 1757 5743 τιμωρητικὴν,
1789 5668 1941 5734 τάξιν

379 5738 699 5809 πολεμικήν,
734 5738 885 5804 τάξιν
913 5743 971 5795 ὲν
994 5741 1299 5811 ἀνθρώποις
1324 5738 1536 5812 παραμ.

2060 1888 2630 1962 τασχηματιξόμενοι·
2693 1893 2742 1944 οἱ
2826 1891 2883 1945 δὲ
2961 1894 3020 1946 ὲν
3080 1894 3209 1948 εῖδει
3270 1896 3634 1967 στρατιωτῶν.

2060 1981 2171 2033 Καὶ
2223 1980 2408 2044 ἁπλῶς
2456 1980 2649 2034 πολλαὶ
2682 1981 2861 2036 αὐτῶν
2897 1984 2953 2037 αἱ
2990 1987 3196 2056 μορφαὶ
3218 2025 3233 2052 ,
3266 1986 3366 2057 μία
3392 1986 3449 2039 δὲ
3484 1989 3519 2058 ὴ
3544 1987 3632 2039 οὐ·

2064 2072 2152 2126 σία
2183 2072 2315 2145 (57).

2145 2146 2335 2238 Ἐρὼτ.
2367 2167 2433 2220 λ’.
2461 2161 2527 2221 Τί
2561 2167 2621 2221 δέ
2644 2169 2789 2221 ἐστιν
2821 2169 2945 2240 ὅρος
2975 2169 3164 2232 οὐσίας
3198 2169 3484 2238 ἁγγέλων;

2087 2359 2094 2367 ·
2145 2337 2332 2392 Ἀπόκ.
2372 2339 2639 2409 Ἀγγελός
2689 2342 2803 2395 ἐστι
2849 2341 2986 2406 ζῶον
3032 2341 3267 2413 λογικὸν,
3304 2346 3465 2400 ἄῦλον
3504 2348 3637 2419 (58),

2063 2429 2439 2501 ὑμνολογικὸν,
2468 2431 2756 2488 ἀθάνατον.

2146 2523 2336 2595 Ἐρώτ.
2373 2524 2473 2578 λα’.
2508 2525 2572 2579 Τί
2599 2526 2656 2580 δὲ
2683 2526 2744 2579 τὸ
2773 2527 2934 2599 ἔργον
2968 2527 3076 2583 τῶν
3114 2530 3454 2603 ἐπουρανίων
3482 2532 3639 2588 δυνά-

2065 2632 2210 2686 μεων
2240 2618 2298 2669 ὲν
2331 2618 2578 2690 οὐρανοῖς
2615 2620 2852 2692 ὑπάρχει
2879 2637 2894 2688 ;

2143 2708 2332 2762 Ἀπόκ.
2360 2709 2567 2780 ’Ύμνος
2602 2711 2856 2783 ἆληκτος,
2898 2714 2990 2767 καὶ
3043 2710 3192 2780 αἶνος
3227 2715 3506 2782 ἄπαυστος
3538 2718 3637 2789 τῆς

2065 2800 2539 2872 μεγαλοπρεπείας
2577 2804 2669 2857 τοῦ
2699 2804 2833 2859 Θεοῦ
2860 2824 2873 2837 ⁸
2908 2807 3047 2877 τάχα
3078 2807 3137 2860 δὲ
3172 2809 3265 2862 καὶ
3290 2810 3422 2881 εὐχὴ
3454 2794 3637 2882 ἔμμο-

2061 2911 2150 2957 νος
2178 2894 2319 2966 ὑπὲρ
2360 2899 2456 2967 τῆς
2495 2899 2767 2969 σωτηρίας
2788 2898 2967 2969 ἡμῶν.
3017 2901 3232 2972 Ἐπειδὴ
3264 2902 3319 2954 δὲ
3359 2905 3453 2956 καὶ
3479 2900 3636 2959 αὗται

2061 2987 2118 3039 at
2159 2987 2341 3053 τάξεις
2385 2988 2479 3041 καὶ
2523 2990 2773 3061 στρατιαὶ
2800 2991 3081 3061 λέγονται,
3113 2992 3195 3046 δεῖ
3223 2994 3408 3048 λοιπὸν
3435 2997 3636 3050 ὲννοεῑν

2061 3077 2213 3145 τάξιν
2241 3081 2642 3153 διδασκαλικὴν,
2669 3083 2821 3148 τάξιν
2867 3086 3278 3158 ὲπιτρεπτικὴν,
3305 3088 3456 3152 τάξιν
3500 3107 3635 3160 προ-

2056 3174 2331 3244 νοητικὴν,
2361 3173 2512 3240 τάξιν
2556 3175 2869 3247 διακονικὴν
2898 3176 3027 3247 (59),
3055 3177 3207 3242 τάξιν
3234 3182 3633 3251 τιμωρητικὴν,

2056 3264 2207 3330 τάξιν
2237 3265 2706 3337 Ιζιυχοχιιιριστικὴν
2726 3305 2741 3329 ,
2770 3266 2923 3333 τάξιν
2963 3269 3022 3321 ἐν
3053 3268 3234 3331 ἄλλοις
3261 3286 3638 3341 παραμονητι-

2056 3359 2178 3428 κήν.
2209 3358 2420 3427 Ὠσπερ
2461 3357 2518 3410 δὲ
2558 3357 2762 3422 τάξεων
2788 3358 3052 3431 διαφορὰς
3094 3362 3152 3413 ὲν
3181 3363 3301 3423 ταῖς
3334 3361 3446 3415 ἄνω
3474 3361 3636 3416 δυνά-

2052 3468 2214 3522 μεσιν
2242 3450 2507 3520 ἔγνωμεν,
2537 3449 2680 3502 οὕτω
2708 3452 2804 3504 καὶ
2841 3451 3082 3513 στάσεως
3121 3451 3215 3504 καὶ
3246 3451 3521 3520 γνώσεως.
3569 3453 3634 3507 Ol

2059 3541 2159 3613 μὲν
2204 3537 2297 3595 οὖν
2353 3540 2531 3611 θρόνοι
2574 3541 2669 3595 καὶ
2720 3541 2788 3595 τὰ
2834 3542 3102 3612 χερουϐὶμ
3149 3544 3242 3596 καὶ
3282 3542 3350 3596 τὰ
3389 3545 3636 3617 σεραφὶμ

2054 3632 2275 3703 ἁμέσως
2320 3631 2470 3703 παρά
2516 3631 2609 3685 τοῦ
2662 3630 2797 3684 Θεοῦ
2841 3632 3235 3702 μανθάνουσιν,
3290 3633 3367 3696 ὡς
3413 3635 3634 3689 πάντων

2054 3729 2300 3801 ἀνώτερα
2333 3729 2427 3782 καὶ
2455 3726 2574 3798 Θεῷ
2615 3726 2980 3798 πλησιάζοντα
3009 3724 3120 3796 (40)
3150 3740 3162 3753 ·
3199 3724 3369 3777 ταῦτα
3398 3724 3454 3777 δὲ
3484 3725 3633 3779 διδά-

2055 3837 2173 3874 σκει
2214 3820 2286 3873 τὰ
2330 3817 2614 3890 κατώτερα
2655 3818 2947 3887 τάγματα,
2980 3816 3075 3868 καὶ
3118 3815 3290 3878 οὕτως
3328 3815 3528 3885 ἐφεξῆς
3567 3814 3638 3868 τά

2052 3911 2301 3984 ἀνώτερα
2342 3910 2583 3964 διδάσκει
2630 3910 2699 3963 τά
2738 3908 3024 3979 κατώτερα
3049 3924 3064 3938 ⁸
3112 3907 3173 3960 τὸ
3219 3906 3276 3959 δὲ
3324 3906 3636 3979 κατώτερον

2053 4003 2269 4057 πάντων
2298 4003 2483 4072 τάγμα
2510 4002 2652 4054 εἰσὶν
2683 4002 2731 4054 οἱ
2762 4000 2905 4069 άγιοι
2931 3998 3173 4069 ἄγγελοι,
3206 3999 3255 4051 οἱ
3284 3997 3378 4050 καὶ
3403 3997 3514 4050 τῶν
3543 3998 3638 4050 ἀν·

2053 4094 2286 4169 θρώπων
2307 4095 2458 4157 ὄντες
2484 4093 2813 4147 διδάσκαλοι.

2122 4187 2316 4258 Ἐρώτ.
2368 4186 2467 4256 λβ’.
2515 4180 2662 4256 *Αρα
2705 4184 2763 4237 δὲ
2821 4182 3123 4255 μέμνηνται
3166 4178 3323 4251 ημῶν
3370 4181 3427 4232 at
3466 4181 3639 4232 ἁπεΑ-

2052 4280 2239 4335 θοῦσαι
2267 4278 2377 4351 (41)
2404 4278 2592 4349 ψυχαὶ,
2624 4277 2813 4348 ὥσπερ
2845 4275 2938 4330 καὶ
2971 4276 3020 4328 οἱ
3051 4273 3273 4343 ἄγγελοι
3299 4272 3456 4343 ἡμῶν
3493 4290 3634 4344 μνη-

2055 4372 2370 4444 μονεύουσιν
2393 4387 2407 4436 ;
3286 4379 3292 4385 ”

2135 4482 2325 4536 Ἀπόκ.
2359 4483 2426 4534 At
2461 4481 2558 4552 μὲν
2602 4480 2710 4535 τῶν
2759 4480 2929 4549 ἁγίων
2979 4480 3149 4552 ψυχαὶ
3187 4480 3426 4545 πάντως,
3472 4482 3530 4534 at
3575 4481 3636 4536 δὲ

2051 4576 2157 4630 τῶν
2186 4574 2523 4647 ἁμαρτωλῶν
2549 4576 2606 4628 ὲν
2637 4574 2715 4645 τῷ
2742 4574 2845 4647 ᾄδῃ
2876 4571 3052 4640 οὖσαι,
3070 4572 3320 4644 οὐδαμῶς
3353 4572 3488 4645 (42).
3519 4574 3637 4644 Τὴν

2049 4670 2156 4741 γὰρ
2205 4668 2469 4740 μένουσαν
2514 4667 2695 4732 αὐτοῖς
2743 4667 3088 4738 ἐκδεχόμενοι
3117 4666 3372 4730 κόλασιν,
3403 4665 3636 4729 εἰκότως

2050 4765 2178 4836 περὶ
2220 4763 2423 4834 ταύτης
2469 4764 2563 4817 καὶ
2600 4763 2758 4835 μόνον
2802 4760 3138 4834 μεριμνῶσι,
3173 4758 3402 4830 μηδενὸς
3434 4758 3632 4828 ἑτέρου

2049 4854 2445 4928 φροντίζοντες.

2059 5101 2062 5104 ,
2122 5036 2234 5108 (40)
2256 5036 2388 5106 Reg.
2419 5037 2474 5099 5,
2496 5034 2863 5108 πλησιέστερα
2886 5034 3223 5105 τυγχάνοντα
3241 5050 3254 5063 ⁸
3289 5030 3358 5084 τὰ
3381 5030 3440 5084 δὲ
3466 5046 3632 5102 σερα-

2087 5110 2154 5162 ὶιι.
2187 5108 2447 5160 διδάσκει.

2049 5126 2154 5178 φιμ
2187 5126 2447 5160 οιοασκει.

2119 5179 2232 5249 (Η)
2263 5178 2407 5249 Reg;
2433 5178 2486 5239 5,
2523 5173 2981 5249 προαπελθοῖισαι.

2123 5243 2234 5328 (42)
2266 5248 2323 5328 In
2351 5243 2512 5328 'F_elc.
2723 5247 3177 5328 quodamuquem
3200 5243 3291 5328 ille
3321 5246 3628 5328 non-nota:

2044 5308 2142 5379 νειζ
2190 5308 2270 5373 sic
2311 5319 2528 5386 legitur,
2574 5318 2660 5369 Ἐν
2688 5308 2766 5386 τῷ
2798 5315 2910 5387 ,ᾅδῃ
2965 5308 3140 5374 οὖσαι,
3172 5313 3291 5387 οὐδὲ
3318 5308 3628 5387 θεοζιμοῦδὲ

2046 5388 2202 5459 ἡμῶν
2235 5380 2679 5459 μνημῖφνειξοντοιιἶ
2708 5380 3073 5459 Καξᾶκουσον
3106 5383 3198 5459 τοῦ
3230 5381 3393 5459 Δαὸξδ
3431 5380 3624 5459 λάγοντ

2043 5450 2136 5521 τος
2182 5450 2453 5529 πρὸς”τὸν
2480 5456 2757 5529 Θεὸνκότι
2788 5457 2899 5529 Οὐκ
2932 5456 3106 5529 ἔστιν-
3127 5455 3184 5529 ὲν
3206 5450 3304 5529 .τῷ
3332 5451 3569 5529 ⁵Θανάτῳ

2047 5518 2401 5600 μνημονεύων
2452 5544 2566 5580 σου.
2601 5526 2690 5600 ξΕν
2716 5522 2772 5600 δὲ.
2814 5525 2891 5595 τῷ
2929 5526 3025 5600 ξιδη
3049 5524 3137 5600 ’τίς
3171 5518 3627 5600 ἐξομολογὴαεταί

2045 5591 2281 5659 σοιξ’καὶ
2311 5597 2474 5649 πάλιν
2500 5615 2513 5627 ⁸
2546 5599 2660 5667 Οὐχ
2682 5666 2685 5667 ν
2705 5599 2752 5649 οἱ
2783 5591 2967 5667 νεκροὶ
3000 5591 3411 5667 ῖιίιίνιέσουσί-σε,Δ
3426 5591 3624 5667 κύριε,

2044 5669 2164 5722 οὐδὲ
2200 5669 2400 5729 πάντες
2425 5667 2475 5720 οἱ
2517 5663 2854 5729 καταϐάντες
2883 5663 2962 5729 εἰς
2994 5665 3140 5737 ᾅδου,
3170 5673 3224 5720 et
3256 5664 3343 5718 hic
3383 5663 3503 5715 [init
3535 5677 3624 5714 re-

2045 5753 2328 5810 sponsum.
