3860 6200
149 244 251 299 617

1093 249 1554 317 QUESTIONES
1588 251 2112 324 ADANTIOCHUM
2152 260 2405 319 DUCEM.

3281 276 3390 335 618

224 362 418 435 Ἐρώτ.
447 364 550 434 λγ¹.
570 365 634 419 Τί
653 366 711 419 δὲ
762 366 856 421 νῦν
886 367 993 439 ἄρα
1021 368 1082 421 τὸ
1111 368 1270 441 ἔργον
1298 373 1415 426 ἐκεῖ
1448 369 1558 425 τῶν
1587 386 1684 448 πρε

1887 374 2051 449 225
2103 376 2323 444 Quasr.
2373 379 2611 436 XXXIII.
2672 382 2812 450 Quid
2857 403 3005 444 nunc
3056 388 3224 460 igitur
3270 391 3385 449 illic

148 455 501 512 απελθουσῶν
525 456 712 530 ψυχῶν
736 477 751 524 ;

228 547 418 602 Ἀπόκ.
450 550 611 622 Ψυχὴ
650 550 902 623 σώματος
932 553 1325 629 ἀπηλλαγμένη
1356 556 1480 612 οὔτε
1517 558 1720 628 ἀγαθόν

146 656 195 694 τι
215 638 341 694 οὔτε
370 642 605 714 πονηρὸν
631 643 1036 716 διαπράξασθαι
1067 648 1310 704 δύναται.
1332 651 1399 704 AI
1424 650 1533 725 γὰρ
1552 653 1722 706 ὀπτα-

148 731 255 785 σίαι
277 771 294 797 ,
324 731 393 797 ἃς
426 732 680 803 βλέπουσι
710 734 822 807 (45)
854 753 999 802 τινες
1023 739 1284 811 περὶτῶν
1318 744 1529 809 ἐκεῖσε,
1573 745 1718 799 οἰκο-

145 822 381 892 νομικῶς
438 826 469 877 6
504 823 637 889 Θεὸς
691 827 894 890 ταύτας
946 828 1182 886 δείκνυσι
1237 833 1376 905 πρὸς
1422 834 1711 905 ὠφέλειαν.

144 912 352 984 Ὥσπερ
382 912 494 985 γὰρ
523 916 557 986 ἡ
590 914 748 987 λύρα,
780 917 876 972 ἐὰν
909 918 984 990 μὴ
1008 918 1107 993 ἔχῃ
1134 920 1224 975 τὸν
1251 923 1539 994 κρούοντα,
1567 927 1713 1000 ἀργὴ

140 1002 329 1072 ὁρᾶται
352 1003 450 1056 καὶ
472 1005 751 1076 ἄπρακτος
770 1024 784 1038 ·
810 1007 952 1066 οὕτω
970 1010 1064 1066 καὶ
1092 1013 1125 1084 ἡ
1149 1012 1295 1086 ψυχὴ
1325 1016 1418 1069 καὶ
1443 1017 1505 1069 τὸ
1530 1017 1710 1090 σῶμα,

138 1092 194 1159 ἐξ
225 1093 473 1165 ἀλλήλων
507 1096 841 1169 χωρισθέντα
863 1139 879 1165 ,
922 1101 1072 1156 οὐδὲν
1102 1104 1393 1175 ἐνεργῆσαι
1435 1106 1707 1165 δύνανται.

136 1184 199 1236 Αἱ
226 1184 360 1253 γοῦν
384 1186 494 1241 τῶν
524 1189 693 1257 ἁγίων
718 1189 921 1263 ψυχαὶ,
948 1194 1051 1247 ὑπὸ
1077 1193 1170 1248 τοῦ
1210 1197 1364 1266 ἁγίου
1394 1198 1709 1271 Πνεύματος

135 1276 544 1350 ἑνεργούμεναι,
581 1281 719 1352 μετὰ
746 1283 993 1353 ἀγγέλων
1037 1286 1095 1341 ὲν
1135 1285 1290 1360 χώρᾳ
1334 1288 1551 1354 ζώντων
1574 1293 1706 1349 Θεὸν

136 1368 363 1439 ὑμνοῦσι
393 1373 490 1428 καὶ
513 1373 859 1442 ἀγάλλονται.

154 1444 406 1534 Γῗρώτ.
436 1462 531 1518 λδ’.
564 1465 629 1517 Τί
653 1461 746 1518 οὖν
770 1482 785 1532 ;
813 1466 912 1521 οὐκ
939 1467 1285 1525 αἰσθάνονται
1313 1490 1459 1539 τινος
1489 1475 1705 1548 εὐεργε-

132 1549 249 1614 σίας
276 1553 374 1605 καὶ
402 1554 462 1607 αἱ
489 1553 598 1609 τῶν
623 1556 961 1627 ἁμαρτωλῶν
993 1559 1194 1632 ψυχαὶ,
1234 1566 1532 1636 γινομένων
1562 1568 1703 1642 ὑπὲρ

130 1641 307 1695 αὐτῶν
330 1643 603 1712 συνάξεων
633 1648 727 1701 καὶ
755 1647 986 1704 εὐποιῶν
1017 1652 1112 1706 καὶ
1135 1657 1497 1729 προσφορῶν;

1821 474 1989 536 agunt
2027 470 2222 525 animae
2246 488 2366 542 quae
2391 473 2503 542 jam
2543 475 2932 534 decesserunt?

1888 557 2049 617 Rnsr.
2076 560 2268 616 Anima
2311 579 2541 633 corpore
2594 566 2824 623 liberata
2867 586 2967 626 nec
3022 572 3225 629 bonum
3279 591 3382 632 nec

1816 652 2020 706 malum
2050 661 2233 724 potest
2259 654 2496 713 efﬁcere.
2552 656 2689 719 Nam
2740 662 2982 721 visiones
3002 680 3138 736 quas
3165 668 3234 724 de
3269 668 3380 727 illis

1815 742 2036 812 quidam
2058 754 2311 811 cernunt,
2339 746 2484 805 Deus
2512 748 2581 804 ad
2607 758 2857 807 nostrum
2887 756 3232 813 commodum
3261 760 3378 816 dis-

1810 841 2024 903 pensat.
2059 834 2525 902 Quemadmodum
2556 842 2701 898 enim
2741 843 2882 913 lyra,
2922 846 3032 902 nisi
3066 850 3376 919 pulsantem

1811 926 2047 996 aliquem
2107 936 2271 984 nacta
2333 929 2519 997 fuerit,
2575 948 2717 991 vana
2769 944 2824 991 et
2861 938 3070 996 inutilis
3111 942 3371 998 videtur:

1809 1018 1891 1074 sic
1913 1020 2098 1076 anima
2153 1031 2206 1076 et
2243 1036 2446 1093 corpus
2499 1032 2625 1095 post
2676 1036 2921 1084 mutuam
2967 1035 3373 1103 separationem

1808 1111 1945 1166 nihil
1979 1120 2210 1182 possunt
2259 1129 2441 1186 agere.
2495 1115 2684 1188 Itaque
2730 1131 3049 1177 sanctorum
3111 1126 3307 1182 animae
3340 1143 3372 1182 a

1810 1211 2003 1257 sancto
2032 1202 2241 1274 Spiritu
2274 1206 2511 1277 agitatae,
2543 1224 2668 1264 cum
2708 1212 2915 1282 angelis
2954 1215 3011 1270 in
3040 1217 3262 1289 regione
3287 1219 3373 1275 vi-

1808 1291 2049 1349 ventium
2075 1293 2247 1349 Deum
2274 1295 2494 1367 hymnis
2524 1298 2749 1353 laudant
2776 1308 2829 1356 et
2853 1304 3147 1361 exsultant.

1871 1464 2090 1531 Qua-:51.
2125 1465 2360 1524 XXXIV.
2388 1467 2529 1536 Quid
2558 1472 3024 1545 ergo‘mullumne
3042 1477 3365 1538 beneﬁcium

1800 1556 2110 1627 percipiunt
2132 1569 2481 1630 peccatorum
2524 1564 2736 1630 animae,
2770 1581 2895 1622 cum
2936 1584 3037 1640 pro
3068 1570 3203 1642 ipsis
3227 1572 3364 1629 ﬁunt

1801 1663 2055 1721 synaxes,
2084 1651 2455 1710 beneﬁcentiae
2489 1663 2543 1712 et
2569 1656 2934 1715 oblationes‘b

207 1734 395 1789 ’Amix.
418 1736 481 1789 Εἰ
505 1738 577 1809 μή
599 1755 742 1805 τινες
770 1742 1087 1814 εὐεργεσίας
1116 1714 1364 1818 μετεῖχον
1393 1751 1457 1804 ὲκ
1482 1714 1684 1819 τούτου,

1830 1714 1847 1721 ⁷
1871 1714 2047 1798 Resp.
2066 1741 2184 1800 Nisi
2202 1744 2329 1800 inde
2371 1746 2607 1819 alicujus
2640 1751 2933 1822 participes
2962 1763 3146 1810 essent
3197 1758 3363 1814 bene-

127 1824 223 1879 οὑκ
245 1824 315 1879 ἂν
339 1828 402 1878 ὲν
427 1830 493 1900 τῇ
517 1833 851 1906 προσκομιδῇ
872 1835 1320 1907 ὲμνημονεύοντο.
1353 1840 1491 1895 Ἀλλ’
1511 1841 1699 1917 ὥσπερ

125 1918 248 1971 ὅταν
271 1921 306 1991 ή
347 1919 592 1991 ἄμπελος
638 1923 790 1979 ἀνθεῖ
819 1926 923 1994 ἔξω
949 1930 1009 1982 ὲν
1035 1928 1115 2000 τῷ
1156 1929 1313 2001 ἀγρῷ
1334 1971 1352 1997 ,
1386 1933 1698 1990 αίσθάνεται

125 2007 179 2061 δὲ
210 2011 307 2081 τῆς
352 2013 529 2084 ὀσμῆς
566 2014 738 2086 αὐτῆς
785 2019 816 2072 6
860 2018 1353 2092 ἀποκεκλεισμένος
1397 2019 1538 2088 οἶνος
1560 2066 1576 2092 ,
1604 2025 1698 2080 καὶ

127 2101 377 2155 συνανθεί
416 2105 513 2158 καὶ
552 2107 715 2171 αὑτός
734 2123 749 2139 ’
780 2106 924 2164 οὕτω
946 2110 1054 2164 νόει
1085 2113 1180 2190 καὶ
1219 2114 1321 2179 τὰς
1348 2114 1459 2169 τῶν
1510 2118 1696 2190 ἁμαρ-

122 2192 305 2246 τωλῶν
334 2193 513 2266 ψυχὰς
548 2196 791 2269 μετέχειν
819 2188 1305 2281 εὐεργεσίαάτινὸς
1330 2206 1396 2260 ὲκ
1424 2208 1526 2279 τῆς
1552 2188 1692 2283 ὑπὲρ

122 2284 298 2339 αὐτῶν
340 2289 639 2360 γενομένης
678 2293 1018 2364 ἀναιμάκτου
1062 2296 1252 2363 θυσίας
1291 2299 1385 2352 καὶ
1422 2301 1687 2370 εὐποιίας,

120 2374 195 2438 ώς
224 2377 383 2447 μόνος
408 2381 690 2437 ἐπίσταται
722 2386 815 2439 καὶ
836 2387 1047 2442 κελεύει
1072 2391 1103 2443 6
1130 2388 1346 2455 ζώντων
1366 2393 1460 2448 καὶ
1479 2396 1689 2467 νεκρῶν

121 2466 470 2543 gemmam;
499 2474 593 2528 xui.
619 2474 753 2541 θεὸς
779 2478 957 2550 ἡμῶν.

196 2561 391 2633 Ἐρώτ.
425 2563 517 2619 λε’.
542 2562 688 2639 *Δρα
725 2568 948 2627 δυνατὸν
991 2572 1228 2643 γνῶναι,
1260 2575 1403 2641 τίνος
1433 2579 1592 2650 χάριν
1625 2582 1686 2635 οὐ

121 2650 494 2725 συνεχώρησεν
523 2657 552 2710 6
582 2655 714 2721 Θεὸς
745 2659 922 2732 ψυχήν
944 2678 1088 2727 τινος
1132 2665 1241 2719 τῶν
1283 2667 1401 2722 ἐκεῖ
1427 2669 1689 2726 ἀπελθόν-

116 2759 225 2797 των
265 2746 579 2802 ἐπανελθεῖν
619 2751 757 2823 πρὸς
797 2756 945 2825 ἡμᾶς
966 2795 981 2821 ,
1012 2759 1107 2812 καὶ
1140 2758 1499 2834 διηγήσασθαι
1521 2804 1538 2829 ,
1568 2765 1685 2830 πῶς

116 2834 223 2888 είσι
250 2836 319 2891 τὰ
346 2839 650 2930 πράγματα
677 2846 736 2899 έν
761 2844 839 2917 τῷ
865 2845 969 2922 ᾄδῃ
999 2848 1135 2923 (44),
1176 2853 1272 2907 κα)⁵
1298 2853 1380 2919 τίς
1408 2856 1442 2927 ἡ
1467 2856 1680 2930 ἀνάγκη

115 2925 147 2994 ἠ
174 2926 295 2978 ἐκεῖ
342 2928 663 3001 ὑπάρχουσα
682 2950 699 3000 ;

1800 1833 1931 1900 ﬁcii,
1960 1849 2069 1891 non
2099 1851 2290 1892 eorum
2312 1840 2516 1895 mentio
2552 1840 2705 1901 ﬁeret
2733 1843 2787 1898 in
2829 1844 3123 1904 oblatione.
3156 1848 3359 1906 Verum

1798 1924 2255 1996 quemadmodum
2281 1931 2391 1987 vite
2430 1930 2566 1990 foris
2605 1935 2663 1991 in
2705 1952 2836 2008 abro
2863 1939 3204 2007 ﬁorescente,
3239 1944 3360 2012 ejus

1797 2017 2029 2088 percipit
2057 2017 2282 2074 odorem
2309 2021 2497 2078 vinum
2542 2027 2889 2095 conclusum,
2913 2031 3186 2103 simulque
3204 2034 3358 2090 elllo—

1794 2109 1962 2164 rescit
1996 2124 2011 2162 :
2041 2110 2122 2167 sic
2174 2110 2420 2184 intellige
2463 2126 2812 2186 peccatorum
2864 2123 3076 2181 animas
3123 2126 3358 2197 alicujus

1792 2199 2087 2270 participes
2140 2217 2263 2260 esse
2326 2205 2600 2275 beneﬁcii,
2631 2225 2697 2265 ex
2749 2213 3039 2272 incruento
3083 2220 3356 2276 sacriﬁcio

1792 2301 1848 2349 et
1877 2295 2226 2352 beneﬁcentia
2261 2314 2360 2368 pro
2390 2299 2523 2371 ipsis
2550 2300 2716 2367 facta,
2753 2312 2809 2359 ut
2829 2308 2980 2365 solus
3007 2311 3159 2364 novit
3190 2318 3244 2366 et
3259 2312 3355 2381 ju-

1790 2385 1882 2440 bet
1929 2387 2178 2442 vivorum
2218 2396 2273 2445 et
2317 2401 2658 2449 mortuorum
2698 2396 3026 2469 dominator,
3061 2399 3205 2458 Deus
3252 2418 3353 2458 no-

1790 2485 1923 2533 ster.

1858 2568 2078 2636 Quzsr.
2109 2570 2326 2630 XXXV.
2364 2574 2506 2631 Num
2536 2578 2700 2650 igitur
2723 2582 2898 2651 possit
2930 2584 3060 2639 sciri
3090 2599 3254 2655 quam
3281 2587 3352 2642 ob

1787 2675 2008 2718 causam
2033 2679 2144 2720 non
2173 2667 2421 2736 permisit
2446 2668 2586 2726 Deus
2609 2672 2847 2728 animam
2870 2675 3104 2746 alicujus
3134 2692 3344 2741 eorum.

1785 2759 1880 2826 qui
1921 2756 2054 2813 illuc
2101 2759 2500 2829 discesserunt,
2556 2763 2735 2821 redire
2788 2766 2857 2821 ad
2920 2783 3042 2833 nos,
3079 2770 3348 2843 nobisque

1785 2864 2042 2907 enarrare
2068 2854 2342 2922 quomodo
2401 2871 2461 2911 se
2514 2873 2603 2913 res
2654 2858 2888 2915 habeant
2931 2862 3076 2933 apud
3115 2863 3342 2930 inferos,

1784 2958 1971 3013 quaeve
1998 2944 2069 3000 sit
2090 2945 2164 2999 ibi
2192 2949 2443 3017 angustia
2464 2948 2488 3002 τ

192 3020 381 3109 ’drrdx.
406 3023 582 3097 Πολλὴ
605 3027 851 3083 ἐντεῦθεν
870 3030 1046 3104 πλάνη
1079 3034 1139 3087 ὲν
1167 3034 1246 3106 τῷ
1278 3036 1379 3109 βίῳ
1398 3040 1678 3096 τίκτεσθαι

1854 3032 2019 3090 Resp.
2052 3034 2255 3092 Multus
2297 3038 2424 3094 inde
2448 3054 2603 3094 error
2640 3040 2697 3095 in
2740 3042 2849 3096 vita
2883 3044 3140 3100 oriretur.
3178 3043 3342 3100 Nam-

112 3104 322 3176 ἔμελλε.
372 3110 565 3167 Πολλοὶ
610 3114 720 3187 γὰρ
749 3118 857 3171 τῶν
894 3119 1158 3193 δαιμόνων
1203 3104 1262 3179 έν
1279 3104 1390 3199 ex};
1397 3146 1558 3200 μασιν
1591 3133 1683 3187 ἀν-

110 3197 345 3269 θρώπων
375 3203 484 3257 τῶν
514 3208 882 3279 κοιμηθέντων
915 3207 1060 3284 εἶχον
1092 3197 1676 3290 μετασχηματίζεσθαι,

110 3292 204 3344 καὶ
248 3291 472 3363 ἔμελλον
525 3297 591 3349 ὲκ
632 3299 839 3371 νεκρῶν
884 3303 1181 3376 ὲγηγέρθαι
1238 3309 1432 3374 αὐτοὺς
1478 3311 1677 3382 λέγειν,

112 3383 203 3435 καὶ
245 3385 422 3439 πολλά
461 3386 632 3460 ψευδῆ
673 3390 977 3462 πράγματα
1009 3396 1104 3449 κα)⁸
1131 3395 1375 3468 δόγματα
1409 3401 1539 3470 περὶ
1569 3402 1679 3457 τῶν

111 3474 223 3527 ἐκεῖ
244 3470 392 3547 εἶχον
438 3477 569 3548 ἡμῖν
605 3480 1034 3555 ἐγκατασπεῖραι
1067 3485 1205 3558 πρὸς
1229 3487 1326 3559 τὴν
1354 3491 1387 3561 ἡ
1397 3490 1513 3560 μῶν
1542 3491 1678 3546 πλά-

109 3581 203 3636 νην
228 3568 326 3621 καὶ
352 3566 646 3625 ἀπώλειαν.

175 3657 287 3727 (45)
318 3658 513 3730 Ἕρώτ.
565 3661 675 3728 λς’.
728 3664 921 3719 Πολλοὶ
975 3665 1223 3736 λέγουσιν
1281 3671 1364 3725 ὅτι
1408 3674 1669 3747 συνέφερε

106 3747 179 3818 τῷ
220 3749 497 3823 ἀνθρώπῳ
543 3753 938 3825 προγινώσκειν
983 3758 1079 3831 τὴν
1121 3761 1337 3835 ἡμέραν
1373 3764 1469 3836 τῆς
1509 3768 1672 3822 αὐτοῦ

107 3838 378 3909 τελευτῆς.

184 3931 376 3985 Ἀπόκ.
404 3932 532 3987 Ἐὰν
573 3934 751 3989 πάντα
785 3937 921 4006 πρὸς
959 3937 1020 3991 τὸ
1058 3940 1331 4012 συμφέρον
1371 3946 1400 3997 6
1438 3943 1570 4010 Θεὸς
1612 3947 1671 4001 ἐν

107 4021 261 4093 σοφίᾳ
283 4023 559 4095 ἐποίησεν,
582 4026 702 4081 οὐδὲ
727 4028 884 4083 τοῦτο
898 4030 1151 4096 ἀσκόπως
1170 4035 1302 4104 ἡμῖν
1330 4036 1665 4108 ἀπέκρυψεν.

105 4112 164 4164 Εἰ
191 4113 301 4184 γὰρ
336 4115 739 4186 προεγίνωσκεν
777 4120 807 4173 6
854 4119 1277 4200 eivﬁpmrroc‘rijv
1314 4127 1527 4199 ἡμέραν
1570 4130 1671 4200 τῆς

105 4203 290 4258 ἑαυτοῦ
320 4206 599 4278 τελευτῆς,
623 4208 743 4262 ὅλον
772 4210 863 4263 τὸν
891 4209 1004 4281 βίον
1037 4196 1200 4268 αὑτοῦ
1244 4196 1466 4288 ἔμελλεν
1497 4196 1668 4285 ἀδεῶς

104 4292 511 4366 ἐξαμαρτάνειν,
539 4298 632 4352 καὶ
659 4299 765 4370 πρὸ
787 4300 879 4355 δύο
903 4302 1161 4368 πολλάκις
1189 4304 1223 4377 ἢ
1248 4307 1413 4379 τριῶν
1443 4311 1475 4380 ἡ
1486 4312 1667 4384 μερῶν

1780 3142 1886 3196 que
1914 3128 2071 3182 multi
2098 3129 2373 3185 daemones
2420 3141 2644 3202 possent
2677 3144 3017 3190 mortuorum
3060 3138 3338 3193 hominum

1781 3218 1984 3274 formas
2019 3234 2318 3285 assumere,
2342 3238 2509 3293 seque
2539 3240 2607 3279 ex
2635 3226 2867 3282 mortuis
2896 3229 3163 3285 excitatos
3186 3246 3340 3287 asse—

1778 3328 1989 3379 verare,
2017 3312 2265 3385 falsaque
2295 3316 2469 3371 multa
2502 3317 2754 3388 dogmata
2782 3327 2836 3375 et
2866 3337 2956 3377 res
3006 3322 3074 3377 de
3106 3323 3192 3379 his
3219 3339 3343 3394 quae

1780 3402 1849 3455 ibi
1887 3402 2042 3466 ﬁunt,
2071 3404 2231 3459 nobis
2265 3419 2540 3477 spargere,
2567 3423 2688 3477 quae
2731 3412 2951 3467 errandi
2987 3420 3041 3468 et
3074 3415 3336 3483 pereundi

1776 3494 1936 3551 nobis
1958 3512 2123 3553 causa
2162 3497 2340 3555 forent

1847 3674 2069 3742 Quaas'r.
2105 3676 2345 3733 XXXVI.
2377 3678 2531 3734 Multi
2558 3681 2750 3737 dicunt
2782 3683 2912 3739 utile
2963 3684 3171 3741 homini
3212 3700 3338 3743 esse

1775 3782 2048 3838 prmnosse
2076 3769 2217 3824 diem
2244 3771 2331 3825 sui
2365 3771 2565 3828 obitus.

1842 3945 2004 4002 Res».
2044 3945 2101 4000 Si
2148 3946 2292 4003 Deus
2324 3948 2507 4003 omnia
2551 3949 2607 4003 in
2646 3949 2911 4019 sapientia
2968 3950 3037 4005 ad
3079 3960 3329 4007 nostrum

1771 4039 2115 4094 commodum
2166 4040 2316 4103 fecit,
2353 4048 2503 4095 certe
2556 4055 2732 4110 neque
2785 4041 2991 4112 absque
3027 4044 3238 4098 ratione
3277 4044 3331 4098 id

1773 4127 1931 4182 nobis
1957 4129 2270 4184 occultavit.
2292 4129 2429 4185 Nam
2469 4131 2516 4186 si
2573 4131 2739 4187 homo
2786 4132 2931 4186 diem
2985 4147 3098 4188 sua:
3138 4136 3330 4190 mortis

1771 4225 2090 4284 praenosset,
2132 4234 2326 4275 secure
2381 4236 2479 4289 per
2512 4226 2682 4275 totam
2722 4221 2887 4275 vitam
2928 4231 3197 4291 peccaret,
3222 4240 3324 4279 sa:-

1768 4306 2000 4377 piusque
2030 4308 2242 4365 duobus
2263 4310 2348 4365 vel
2375 4310 2552 4366 tribus
2583 4317 2709 4366 ante
2736 4319 2967 4367 mortem
2997 4311 3191 4368 diebus
3214 4328 3330 4383 poe-

100 4388 193 4455 τῆς
216 4387 416 4441 ἑαυτοῦ
448 4388 700 4463 τελευτῆς
740 4392 1013 4448 ἐπιδοῦναι
1046 4397 1207 4450 αὑτὸν
1242 4401 1323 4464 εἰς
1355 4402 1662 4471 μετάνοιαν,

1799 4399 2049 4454 ιίιθηιίοω
2072 4401 2510 4471 amplecteretur,
2540 4409 2760 4474 propter
2790 4401 2905 4458 haec
2930 4403 3026 4459 Dei
3056 4405 3215 4461 verba
3234 4421 3330 4475 per

99 4478 333 4544 ἀκούσας
371 4481 468 4535 τοῦ
507 4482 643 4536 θεοῦ
685 4485 774 4539 διὰ
820 4487 912 4541 τοῦ
952 4491 1228 4563 προφήτου
1276 4494 1555 4562 εἰπόντος,
1584 4498 1664 4552 ὅτι

1767 4492 2083 4562 prophetam
2105 4494 2300 4548 aientis
2337 4513 2350 4548 :
2395 4513 2415 4546 ι
2438 4493 2501 4577 In
2527 4510 2636 4566 quo
2655 4504 2710 4552 te
2742 4497 3019 4561 invenero,
3052 4497 3109 4552 in
3142 4497 3244 4552 hoc
3276 4506 3330 4553 te

104 4585 123 4618 ι
155 4569 245 4624 Ἐν
286 4564 335 4639 ᾧ
376 4572 525 4645 εὕρω
571 4591 666 4639 σε,
700 4578 759 4629 ὲν
804 4577 996 4650 ἐκείνῳ
1033 4580 1127 4633 καὶ
1173 4584 1343 4653 κρινῶ
1392 4601 1473 4642 σε.
1506 4607 1525 4640 ι
1555 4589 1665 4642 Καὶ

1799 4587 2039 4643 udicabo.
2076 4608 2096 4641 ι
2138 4587 2203 4643 Et
2225 4605 2355 4645 vero
2397 4570 2518 4661 quae
2544 4564 2688 4660 jam,
2738 4608 2945 4661 qua-so,
2982 4593 3186 4648 homini
3233 4608 3329 4649 su-

97 4662 219 4716 ποία
240 4663 451 4729 λοιπὸν,
481 4667 603 4720 εἰπέ
636 4686 746 4739 μοι,
767 4669 946 4744 χάρις,
970 4673 1055 4726 ἵνα
1085 4676 1277 4730 ἑκατὸν
1318 4679 1511 4746 φόνους
1545 4699 1664 4734 ποι-

97 4754 226 4824 ήσῃς
268 4758 627 4827 καταφρονῶν
664 4759 759 4813 τοῦ
797 4762 965 4829 Θεοῦ,
1008 4765 1103 4819 καὶ
1134 4766 1227 4819 δύο
1261 4769 1474 4840 ἡμέρας
1505 4772 1662 4842 μόνον

94 4841 199 4897 τῶν
226 4845 413 4899 κακῶν
441 4848 719 4922 ήσυχάσῃς
743 4867 758 4917 ;

410 4939 508 5003 λζ’.
570 4941 727 5007 Τίνος
774 4944 932 5016 χάριν
967 4947 1019 5000 οἱ
1067 4948 1382 5020 Χριστιανοὶ
1416 4971 1657 5025 προσκυ-

91 5026 286 5099 νοῦμεν
317 5030 460 5084 κατά
501 5032 787 5099 ἀνατολὰς,
819 5037 914 5090 καὶ
953 5037 1008 5090 τί
1037 5037 1236 5109 δήποτε
1272 5041 1382 5114 (46)
1429 5045 1479 5097 οἱ
1521 5047 1653 5099 Ἰου-

89 5118 221 5172 δαῖοι
252 5121 398 5176 κατά
425 5123 576 5179 νότον
598 5142 613 5192 ;

156 5209 346 5268 Ἀπόκ.
374 5215 449 5269 Οὐ
489 5216 588 5286 μία
614 5219 775 5289 ὁμοία
804 5222 837 5291 ἡ
868 5222 995 5292 περὶ
1021 5224 1213 5278 τούτου
1248 5227 1520 5295 ἀπόδειξις
1553 5232 1649 5284 καὶ

88 5298 395 5375 ἀπόκρισις.
441 5305 673 5379 Ἑτέρως
700 5309 810 5381 γὰρ
828 5309 1105 5377 Ἰουδαίοις
1134 5315 1522 5389 ἀπολογητέον,
1557 5323 1650 5375 καὶ

174 5459 265 5541 μ’»)
295 5460 379 5541 Ita
407 5461 628 5531 quidam
662 5479 794 5541 mss.
833 5465 977 5541 Editi
1006 5483 1157 5541 rem,
1187 5469 1255 5534 ἃς
1289 5471 1573 5541 βλέπομεν.

174 5490 265 5527 ειν)
299 5490 379 5513 ua
407 5490 628 5531 quinam
662 5490 794 5520 ruas.
833 5490 977 5521 nuru
1006 5490 1157 5533 vero,
1187 5490 1255 5534 ας
1289 5490 1450 5541 ρΑεπο
1525 5491 1573 5529 ν.

173 5528 263 5616 6f)
294 5529 412 5616 Duo
435 5535 813 5616 manuscripti,
835 5537 1168 5616 ἐπαναλῦσαι
1189 5543 1326 5614 πρὸς
1357 5490 1525 5616 qui:
1555 5545 1650 5599 καὶ

80 5596 438 5724 ὃιηγέσασθαι
466 5601 601 5672 πρὸς
620 5596 885 5672 ὠφέλειαν
908 5608 1085 5678 ἡμῶν.

146 5672 164 5724 I
241 5670 259 5724 I
290 5669 420 5724 Haec
449 5674 679 5724 quaestio
704 5676 855 5724 deest
876 5677 931 5724 in
961 5676 1085 5724 Pala

146 5669 259 5742 (65)
290 5669 420 5726 Haec
449 5669 691 5741 quaestio
704 5676 855 5731 deest
876 5669 1136 5734 in"Palat.
1168 5680 1204 5734 2

394 5763 665 5828 Ριτιιοι..
692 5765 808 5831 Gn.
842 5768 1137 5835 XXI’III.‘

1766 4687 2010 4747 peresset
2052 4680 2247 4749 gratia,
2280 4682 2326 4735 si
2368 4689 2677 4751 contempto
2734 4681 2844 4737 Deo
2879 4692 3098 4739 centum
3134 4697 3326 4753 perpe-

1764 4774 1941 4823 trares
1971 4768 2284 4835 homicidia,
2312 4770 2559 4841 duosque
2581 4778 2795 4826 tantum
2836 4788 2934 4833 per
2961 4773 3076 4828 dies
3107 4788 3136 4826 a
3165 4773 3325 4827 malis

1765 4873 2008 4916 cessares
2023 4862 2047 4914 ?

1836 4954 2057 5022 Qua-:s'r.
2086 4944 2540 5026 XXXVH.‘Cujus
2563 4957 2737 5027 gratia
2763 4972 2862 5010 nos
2879 4956 3172 5012 Christiani
3202 4968 3320 5007 ver-

1763 5061 1858 5100 sus
1918 5046 2184 5101 orientem
2243 5047 2556 5114 adoramus,
2604 5054 2656 5101 et
2730 5044 2903 5100 Iud-.ei
2964 5060 3191 5101 versus.
3224 5060 3321 5097 au-

1762 5147 1933 5194 strum
1956 5138 1980 5190 2

1832 5232 1993 5289 Resr.
2032 5231 2151 5286 Non
2178 5231 2367 5286 eadem
2392 5230 2655 5286 similisve
2693 5229 2796 5284 hac
2823 5229 2891 5286 de
2931 5244 2990 5284 re
3021 5228 3200 5284 danda
3237 5235 3322 5283 est

1758 5322 2006 5394 probatio
2038 5331 2093 5378 et
2124 5321 2430 5391 responsio.
2482 5320 2653 5376 Aliter
2685 5319 2830 5375 enim
2863 5330 2948 5376 est
2978 5320 3321 5376 satisfacien-

1829 5476 2068 5556 (66)__Sic
2095 5491 2152 5556 ἐς
2183 5494 2299 5556 mss
2324 5480 2418 5556 __In
2453 5481 2615 5556 editis
2645 5496 2793 5556 νει-ο,
2817 5482 2882 5556 τί
2907 5485 3108 5556 δήποτε
3142 5488 3316 5538 deest.

1756 5545 1881 5602 Mox
1902 5545 2056 5617 editi,
2086 5550 2161 5605 Οὐ
2195 5551 2294 5621 μία
2320 5549 2399 5617 δέ,
2433 5552 2529 5609 sed
2550 5551 2604 5606 δέ
2630 5553 2784 5608 deest
2814 5554 2871 5608 in
2899 5545 3135 5610 maxima
3164 5564 3318 5623 parte

1754 5632 1888 5673 mss.

2968 5784 3045 5847 εξο
