3840 6194
491 288 597 344 619

1615 286 1673 344 S.
1712 285 2176 346 ATHANASIUS.
2216 319 2286 331 —
2338 287 2612 347 SPURIA.

3624 289 3726 346 620

490 401 620 455 dum
671 397 872 455 Iudaeis
908 418 920 454 :
953 399 1107 455 aliter
1134 413 1226 456 res
1251 408 1336 456 est
1363 401 1682 472 explicanda
1709 402 2000 473 gentilibus
2030 418 2044 454 :

2154 403 2352 475 ἑτέρως
2369 403 2625 474 Ἕλλησιν
2653 403 3015 475 έρμηνευτέον
3035 419 3049 432 ·
3081 403 3176 456 καὶ
3203 403 3379 468 ἄλλως
3407 404 3572 460 πάλιν
3607 420 3726 477 περὶ

491 493 649 548 aliter
671 492 907 562 denique
945 491 1000 546 id
1031 499 1117 546 est
1157 491 1488 547 Christianis
1531 493 1930 564 explicandum.
1957 492 2057 548 Ju-

489 580 621 636 daeis
654 579 821 650 igitur
884 579 1121 635 dicimus
1155 579 1344 635 ﬁdeles
1379 581 1586 638 idcirco
1640 597 1833 638 versus
1873 583 2054 638 orien-

490 676 599 724 tem
628 667 880 733 adorare,
905 668 1050 738 quod
1081 668 1157 722 ita
1197 669 1359 724 nobis
1397 670 1626 739 jusserit
1662 669 1900 742 Spiritus
1927 687 2056 727 san-

490 769 615 816 ctus
646 776 743 832 per
769 761 1027 816 Davidem
1059 761 1379 832 prophetam
1401 762 1515 817 haec
1547 764 1777 834 loquens
1805 779 1819 815 :
1859 782 1878 816 ι
1909 763 2057 818 Ado-

489 867 674 908 remus
724 853 782 908 in
840 854 982 918 loco,
1018 853 1111 908 ubi
1169 861 1435 910 steterunt
1490 854 1655 925 pedes
1706 854 2049 910 Domini“.)

489 943 647 1012 Quod
697 945 746 1001 si
803 945 951 1000 dicat
991 945 1234 1013 Iudaeus,
1287 947 1380 1002 ubi
1431 955 1698 1004 steterunt
1751 947 1918 1018 pedes
1950 947 2056 1003 Do-

490 1037 664 1091 mini?
692 1037 839 1107 ipsos
870 1039 956 1093 his
984 1039 1165 1095 verbis
1211 1039 1370 1094 docet
1394 1040 1660 1110 propheta
1719 1039 2050 1096 Zacharias:

494 1145 513 1178 ι
545 1127 609 1182 Ει
664 1129 886 1183 stabunt
935 1128 1100 1200 pedes
1152 1128 1367 1184 Domini
1430 1129 1488 1183 in
1547 1137 1731 1184 monte
1775 1129 2054 1184 Olivarum

490 1219 559 1274 ad
591 1220 854 1276 orientem
887 1229 1077 1276 contra
1103 1219 1478 1276 Jerusalem".
1516 1219 1707 1278 iUnde
1727 1228 1782 1278 et
1819 1221 1922 1292 ipsi
1958 1219 2054 1276 Ju-

487 1311 589 1366 daei
613 1309 966 1383 Jerosolymis
989 1320 1208 1368 orantes
1239 1327 1433 1368 versus
1455 1314 1740 1378 orientem,
1766 1320 1926 1368 orant
1978 1312 2048 1366 ad

492 1409 730 1458 montem
759 1401 1057 1458 Olivarum.
1089 1401 1155 1456 Et
1200 1403 1257 1458 id
1300 1403 1519 1474 quidem
1566 1403 1806 1460 breviter
1845 1403 2053 1460 Iudaeis

493 1508 814 1564 responsum
843 1501 981 1551 esto.
1011 1493 1094 1549 Ad
1118 1495 1345 1566 gentiles
1374 1503 1556 1551 autem
1586 1496 1717 1551 illud
1745 1503 1830 1552 est
1865 1496 2056 1552 dicen-

487 1581 640 1647 dum,
673 1598 775 1638 nos
825 1584 1033 1640 scilicet
1066 1599 1262 1640 versus
1309 1584 1575 1641 orientem
1629 1586 1878 1651 adorare,
1939 1603 2052 1642 non

485 1673 640 1742 quasi
669 1673 831 1745 plaga
876 1674 1132 1731 orientali
1184 1663 1672 1731 circumscribatur
1725 1673 1899 1744 Deus;
1957 1677 2053 1733 sed

2159 494 2348 548 τούτου
2389 495 2731 565 Χριστιανοίς
2781 493 3159 565 σαφηνιστέον.
3190 494 3467 558 Ἰουδαίοις
3502 495 3603 566 μὲν
3641 493 3726 549 οὖν

2159 584 2421 655 εἴπομεν.
2468 585 2550 637 ὅτι
2577 584 2767 637 τούτου
2811 584 2972 654 χάριν
3014 585 3065 636 οί
3109 585 3292 639 πιστοὶ
3319 585 3726 656 προσκυνοῦμεν

2159 671 2299 725 κατὰ
2323 671 2604 737 ἀνατολὰς,
2629 671 2724 725 τοῦ
2752 673 2909 740 ἁγίου
2937 671 3252 743 Πνεῦματος
3275 674 3726 743 νομοθετήσαντος

2159 765 2289 834 ἡμῖν
2319 762 2408 816 διὰ
2447 761 2542 815 τοῦ
2588 763 2866 834 προφήτου
2900 762 3064 815 Δαϐὶδ
3105 763 3351 827 εἰπόντος
3375 781 3390 796 ο
3432 783 3451 815 ι
3488 765 3727 834 Προσκυ-

2159 857 2410 927 νήσωμεν
2453 857 2537 920 είς
2584 857 2675 910 τὸν
2726 857 2888 910 τόπον
2937 849 3000 909 οῦ
3053 856 3288 927 ἔστησαν
3327 857 3377 910 οί
3426 857 3588 920 πόδες
3619 858 3726 910 Κυ-

2162 947 2278 1017 ρίου
2311 946 2446 1017 (47).
2487 967 2508 1000 ι
2540 948 2650 1001 Καὶ
2677 947 2772 1001 ὲάν
2801 947 2934 1020 λέγῃ
2973 949 3003 1001 ό
3035 948 3320 1014 Ἰουδαῖος,
3353 947 3457 1002 ποῦ
3502 948 3726 1019 ἔστησαν

2157 1040 2208 1091 οἱ
2239 1040 2396 1103 πόδες
2423 1039 2516 1092 τοῦ
2543 1039 2746 1111 Κυρίου
2773 1056 2788 1105 ;
2827 1043 2856 1093 ό
2879 1041 3163 1112 προφήτης
3193 1040 3467 1110 Ζαχαρίας
3491 1041 3727 1095 διδάσκει

2157 1132 2354 1195 αὐτοὺς
2377 1132 2552 1201 λέγων
2577 1149 2591 1163 ·
2631 1151 2651 1184 ι
2686 1133 2795 1187 Καὶ
2832 1135 3117 1206 στήσονται
3149 1136 3197 1187 οἱ
3231 1134 3390 1198 πόδες
3416 1135 3625 1205 Κυρίου
3653 1137 3728 1199 εἰς

2157 1221 2218 1274 τὸ
2248 1222 2373 1290 ὄρος
2396 1221 2504 1274 τῶν
2529 1221 2758 1276 Ἐλαιῶν
2788 1223 2907 1276 κατ’
2933 1223 3201 1286 ἀνατολὰς
3222 1222 3508 1276 κατέναντι
3543 1223 3728 1295 Ἱερουι-

2160 1312 2360 1384 σαλήμ.
2395 1331 2413 1364 ι
2453 1313 2613 1368 Ὅθεν
2653 1314 2753 1367 καὶ
2793 1315 2946 1368 αὐτοὶ
2995 1315 3044 1367 oi
3072 1315 3312 1368 Ἰουδαῖοι
3358 1314 3416 1367 ὲν
3460 1314 3726 1386 Ἰερουσα-

2157 1404 2270 1477 λὴμ
2294 1406 2716 1477 προσευχόμενοι
2745 1406 2884 1460 κατά
2912 1405 3194 1472 ἀνατολὰς,
3230 1405 3625 1477 προσεύχονται
3653 1408 3729 1470 εἰς

2156 1497 2217 1549 τὸ
2249 1497 2372 1568 ὅρος
2417 1497 2525 1551 τῶν
2551 1497 2796 1551 Ἐλαιῶν.
2835 1499 2945 1551 Καὶ
2991 1497 3129 1568 αὕτη
3173 1498 3274 1567 μὲν
3299 1500 3333 1569 ή
3361 1498 3447 1552 διὰ
3483 1498 3728 1570 βραχέων

2157 1587 2294 1659 πρὸς
2321 1587 2605 1652 Ἰουδαίους
2643 1588 2911 1657 ἀπολογία
2932 1604 2945 1616 °
2977 1587 3115 1659 πρὸς
3156 1586 3214 1640 δὲ
3247 1586 3516 1658 Ἕλληνας
3555 1587 3728 1640 ἐκεῖνό
3763 1635 3765 1638 .

2158 1695 2364 1750 φαμεν,
2393 1680 2475 1732 ὅτι
2505 1681 2605 1750 οὐχ
2631 1679 2707 1744 ὡς
2731 1681 2790 1733 ὲν
2818 1679 3103 1742 ἀνατολαῖς
3135 1679 3612 1750 περιγραφομένου
3635 1676 3726 1730 τοῦ

489 1767 621 1836 quia
643 1764 788 1822 Deus
820 1776 924 1832 est,
947 1774 1003 1822 et
1033 1765 1237 1822 dicitur
1270 1765 1364 1821 lux
1381 1779 1530 1821 vera.
1561 1766 1772 1822 Idcirco
1787 1767 1855 1821 ad
1881 1767 2045 1824 lucem

2159 1769 2292 1821 Θεοῦ
2329 1769 2469 1823 κατά
2509 1770 2772 1834 ἀνατολὰς
2808 1770 3217 1842 προσκυνοῦμεν
3238 1784 3252 1797 °
3297 1768 3417 1823 ἀλλ’
3471 1767 3658 1839 ἐπειδὴ
3700 1769 3727 1820 ὁ

480 1866 723 1911 creatam
775 1857 1152 1927 respicientes,
1196 1871 1305 1912 non
1337 1857 1535 1926 ipsam.
1583 1857 1679 1912 sed
1729 1857 2052 1914 Creatorem

481 1946 603 2016 ejus
640 1948 954 2014 adoramus,
996 1964 1066 2004 ex
1094 1949 1536 2019 splendidissimo
1561 1951 1852 2014 elemento,
1889 1949 2050 2020 225

483 2036 653 2094 Deum
689 2039 934 2094 omnium
961 2039 1357 2095 elementorum
1389 2047 1442 2096 et
1488 2041 1814 2096 saeculorum
1867 2042 2051 2110 splen-

481 2128 832 2186 didissimum
857 2140 1201 2187 venerantes.
1228 2131 1472 2202 Denique
1501 2131 1722 2186 audiant
1754 2139 1808 2186 et
1838 2131 2052 2186 discant

482 2220 668 2278 ﬁdeles
697 2221 816 2292 ejus
846 2221 926 2277 rei
954 2236 1120 2278 causa
1147 2223 1495 2279 beatissimos
1521 2223 1798 2294 apostolos
1818 2223 2052 2292 jussisse

481 2318 541 2366 ut
564 2309 821 2367 Ecclesia:
848 2310 1285 2368 Christianorum
1310 2313 1576 2368 orientem
1608 2321 1954 2382 spectarent;
1990 2322 2050 2369 ut

481 2404 550 2456 ad
581 2400 923 2472 paradisum,
959 2402 1105 2458 unde
1139 2403 1464 2469 excidimus,
1507 2404 1788 2474 antiquam
1814 2406 2045 2473 patriam

480 2491 762 2562 regionem
791 2499 1037 2548 nostram
1081 2492 1440 2562 respiciamus
1474 2507 1488 2544 :
1517 2506 1844 2562 oremusque
1877 2489 2047 2545 Deum

482 2592 538 2638 et
557 2582 871 2648 Dominum,
895 2590 957 2637 ut
993 2583 1061 2639 ad
1091 2583 1296 2650 locum,
1321 2583 1465 2639 unde
1513 2583 1733 2638 exsules
1779 2581 1937 2650 ejecti
1963 2595 2050 2636 su-

481 2689 632 2739 mus,
663 2688 765 2730 nos
809 2674 942 2729 velit
984 2674 1294 2730 restituere.
1339 2673 1622 2744 Propheta:
1664 2688 1790 2728 vero
1831 2671 2048 2728 Iudaeos

478 2765 547 2820 ad
572 2765 850 2820 meridiem
877 2764 1154 2819 attendere
1177 2771 1577 2833 praeceperunt,
1601 2762 1727 2832 quia
1758 2761 2046 2816 Dominum

476 2873 545 2913 ex
577 2856 804 2912 meridie
835 2855 1139 2912 Jerusalem
1167 2858 1282 2911 sive
1301 2870 1368 2910 ex
1417 2853 1730 2908 Bethlehem
1775 2853 1928 2908 nasci
1951 2853 2048 2908 de-

477 2949 631 3004 beret
665 2967 677 3002 :
708 2949 835 3003 hinc
895 2948 1074 3003 aiebat
1094 2947 1355 3018 propheta
1374 2946 1442 3012 ³⁸,
1477 2963 1496 2998 ι
1537 2944 1682 3001 Deus
1727 2958 1760 2998 a
1783 2941 2045 2998 Themam

475 3040 672 3108 veniet,
704 3059 723 3092 ι
746 3038 802 3094 id
825 3049 929 3107 est,
961 3057 979 3090 ι
1007 3039 1076 3094 ab
1097 3046 1309 3095 austro.
1338 3057 1366 3090 ι»

2150 1859 2283 1922 Θεὸς
2308 1859 2422 1928 φῶς
2463 1860 2714 1931 ἀληθινόν
2756 1863 2874 1914 ἐστί
2906 1879 2966 1915 τε
3007 1863 3102 1914 καὶ
3145 1861 3501 1933 ὀνομάζεται·
3534 1861 3725 1915 τούτου

2149 1949 2308 2021 χάριν
2337 1949 2474 2020 πρὸς
2502 1951 2564 2004 τὸ
2596 1951 2711 2021 φῶς
2739 1951 2802 2005 τὺ
2845 1951 3062 2006 κτιστὸν
3090 1953 3418 2023 ἀφορῶντες,
3444 1951 3544 2005 οὐκ
3574 1953 3723 2016 αὐτὸ,

2147 2037 2283 2091 ἀλλὰ
2310 2037 2400 2090 τὸν
2430 2039 2658 2111 ποιητὴν
2696 2039 2862 2093 αὐτοῦ
2896 2039 3307 2111 προσκυνοῦμεν
3325 2079 3340 2106 ,
3371 2039 3437 2092 ἐκ
3465 2037 3563 2090 τοῦ
3592 2037 3726 2108 λαμ-

2148 2128 2412 2200 προτέρου
2446 2129 2709 2198 στοιχείου
2740 2129 2874 2198 (48),
2909 2130 3000 2182 τὸν
3045 2129 3150 2199 πρὸ
3182 2129 3402 2182 πάντων
3442 2128 3726 2197 στοιχείων

2147 2219 2242 2272 καὶ
2275 2218 2383 2272 τῶν
2421 2217 2633 2273 αἰώνων
2660 2219 3056 2290 ὑπέρλαμπρον
3085 2217 3218 2270 Θεὸν
3260 2217 3630 2288 γεραίροντες.
3665 2217 3726 2269 Οἱ

2146 2308 2204 2362 δὲ
2233 2310 2414 2363 πιστοὶ
2437 2310 2782 2364 ἀκουέτωσαν
2802 2311 2895 2364 καὶ
2928 2309 3367 2382 μανθανέτωσανς
3381 2309 3580 2380 ὕτιπερ
3599 2308 3728 2362 τού-

2145 2418 2238 2454 του
2268 2403 2428 2475 χάριν
2452 2403 2504 2455 οί
2540 2401 2946 2474 μακαριώτατοι
2968 2403 3257 2457 ἀπόστολοι
3284 2401 3398 2472 (49)
3426 2402 3570 2454 κατά
3591 2403 3727 2456 ἀνα-

2146 2493 2306 2558 τολὰς
2361 2495 2456 2556 τὰς
2505 2495 2615 2547 τῶν
2675 2494 3018 2566 Χριστιανῶν
3075 2494 3370 2565 ἐκκλησίας
3434 2493 3725 2564 προσέχειν

2148 2585 2428 2656 ἐποίησαν,
2463 2585 2552 2639 ἴνα
2584 2586 2721 2657 πρὸς
2749 2587 2840 2642 τὸν
2869 2585 3195 2658 παράδεισον
3218 2583 3511 2654 ἀφορῶμεν
3535 2601 3550 2613 ο
3598 2583 3722 2638 ὅθεν

2146 2678 2240 2730 καὶ
2269 2677 2604 2748 έξεπέσαμεν
2631 2679 2764 2750 πρὸς
2788 2679 2886 2750 τὴν
2922 2677 3152 2750 ἀρχαίαν
3183 2676 3340 2748 ήμῶν
3365 2675 3602 2746 πατρίδα
3629 2674 3722 2728 καὶ

2145 2768 2350 2840 χώραν,
2376 2769 2684 2839 αἰτούμενοι
2711 2770 2805 2822 τὸν
2831 2769 2964 2823 Θεὸν
2996 2770 3088 2823 καὶ
3130 2769 3409 2837 Δεσπότην
3438 2769 3722 2822 ἀποκατα-

2147 2861 2341 2932 στῆσαι
2369 2863 2535 2931 ὴμᾶς,
2563 2861 2684 2914 ὅθεν
2710 2860 3100 2931 ὲξωρίσθημεν.
3148 2861 3244 2924 Είς
3270 2859 3420 2914 νότον
3448 2859 3505 2911 δὲ
3549 2873 3719 2929 προσ-

2146 2949 2293 3021 έχειν
2327 2951 2602 3016 Ἰουδαίοις
2632 2953 2681 3004 οί
2713 2952 2983 3024 προφῆται
3005 2950 3394 3022 ἐνομοθέτησαν
3420 2948 3508 3001 διά
3533 2948 3626 3000 τὸν
3659 2949 3722 2999 ἐκ

2147 3042 2300 3096 νότου
2329 3042 2434 3114 τῆς
2473 3043 2844 3115 Ἰερουσαλὴμ,
2875 3043 3045 3112 ἤγουν
3066 3043 3130 3094 ὲκ
3163 3040 3428 3110 Βηθλεὲμ,
3461 3037 3720 3110 μέλλοντα

474 3136 752 3190 τίκτεσθαι
794 3134 1023 3207 Κύριονο
1070 3136 1150 3190 διὸ
1199 3135 1292 3190 καὶ
1327 3133 1481 3203 ἔλεγε
1527 3135 1847 3206 προφήτης*
1907 3150 1926 3185 ι
1993 3137 2035 3190 0
2070 3136 2204 3203 Θεὸς
2237 3139 2346 3194 ἀπὸ
2403 3140 2618 3212 Θαιμᾶν
2657 3138 2768 3212 (50)
2811 3137 2961 3210 ήξει,
2999 3157 3017 3190 ι
3069 3137 3380 3202 τουτέστιν,
3435 3152 3454 3186 ι
3527 3135 3596 3186 ὲκ
3639 3131 3724 3186 νό-

473 3245 594 3283 του.
635 3245 654 3279 ι

541 3317 762 3385 ουδετ.
803 3316 1096 3372 XXXVIII.
1139 3317 1342 3384 Quare,
1383 3331 1510 3374 eum
1535 3317 1792 3376 Christus
1829 3321 1901 3376 sit
1943 3321 2120 3384 cir-c

475 3411 780 3476 cumcisus,
810 3426 913 3466 nos
943 3410 1198 3466 similiter
1226 3425 1337 3465 non
1367 3410 1853 3466 circumcidimur?

544 3501 710 3558 Rssr.
751 3502 1004 3558 Christus
1035 3500 1206 3556 Filius
1245 3500 1341 3556 Dei
1365 3501 1516 3556 venit
1537 3512 1610 3556 rut
1650 3502 1820 3573 legem
1853 3503 2046 3572 imple-

465 3601 579 3659 ret,
614 3609 684 3648 ne
722 3592 834 3648 Deo
863 3593 1147 3664 oppositus
1169 3607 1292 3648 esse
1319 3600 1626 3663 putaretur,
1665 3593 2045 3649 adversarius-

472 3698 579 3754 que
625 3682 720 3738 Dei
760 3684 855 3754 qui
902 3684 1073 3754 legem
1105 3682 1350 3740 dederat.
1383 3683 1442 3738 ld
1489 3683 1632 3739 enim
1675 3684 1779 3754 ipsi
1824 3698 2043 3740 sursum

472 3776 840 3846 deorsumque
865 3776 1292 3846 exprobrabant.
1318 3774 1457 3830 Cum
1483 3782 1662 3830 autem
1688 3777 1804 3846 ipse
1826 3792 1924 3846 pro
1946 3792 2046 3830 no-

470 3869 554 3924 bis
591 3882 661 3923 ea
705 3883 824 3938 qua:
851 3867 940 3922 lex
991 3867 1232 3922 continet
1278 3865 1607 3937 impleverit,
1636 3867 1748 3936 jam
1797 3881 1897 3922 nos
1936 3867 2040 3922 sub

469 3959 588 4030 lege
615 3974 722 4013 non
757 3973 950 4014 sumus
983 3959 1078 4014 sed
1127 3957 1229 4014 sub
1257 3957 1454 4029 gratia.
1499 3956 1640 4012 Hinc
1668 3957 1921 4013 Christus
1948 3973 2044 4028 per

463 4049 701 4105 Paulum
733 4051 848 4105 hazc
887 4051 954 4105 ad
981 4065 1082 4105 nos
1109 4049 1246 4104 dicit
1275 4068 1289 4104 :
1326 4069 1344 4102 ι
1374 4049 1643 4116 Quoniam
1677 4050 1722 4104 si
1746 4051 2042 4104 circumci-

469 4138 698 4202 damini,
754 4137 1007 4194 Christus
1047 4137 1203 4192 vobis
1255 4137 1392 4191 nihil
1435 4137 1682 4207 proderit
1704 4138 1771 4189 ⁸⁷.
1808 4155 1827 4188 ι
1887 4137 2044 4192 Unde

469 4227 758 4283 manifesto
786 4228 1167 4299 cognoscimus
1197 4225 1308 4282 Deo
1347 4227 1554 4284 alienos
1579 4243 1704 4284 esse
1732 4243 1922 4282 omnes
1946 4227 2040 4296 qui

461 4318 1110 4384 -circumciduntur,-sive
1156 4319 1344 4374 ﬁdeles
1378 4319 1458 4372 illi
1500 4319 1629 4382 sint,
1681 4319 1797 4374 sive
1841 4317 2038 4374 inﬁde-

468 4408 585 4472 les,
641 4409 756 4475 sive
805 4406 1018 4473 Judaei,
1084 4410 1200 4464 sive
1249 4409 1518 4480 gentiles,
1571 4407 1774 4478 quippe
1836 4410 1930 4478 qui
1981 4408 2039 4463 in

466 4498 582 4568 lege
625 4497 862 4553 Mosaica
900 4499 1228 4569 glorientur,
1275 4514 1376 4553 nec
1397 4499 1679 4555 Christum
1711 4507 2033 4569 sequantur.

458 4587 930 4653 Quemadmodum
970 4589 1115 4645 enim
1156 4589 1394 4646 universi
1425 4590 1519 4662 qui
1559 4605 1656 4660 per
1703 4591 2031 4661 sanguinem

2235 3319 2423 3391 Ἐρώτ.
2458 3317 2560 3389 λη’.
2589 3318 2745 3382 Τίνος
2767 3317 2930 3388 χάριν
2967 3314 3059 3368 τοῦ
3093 3313 3329 3386 Χριστοῦ
3360 3313 3721 3385 περιτμηθέν-

2147 3429 2260 3475 τος,
2290 3412 2351 3463 οὐ
2377 3410 2811 3483 περιτεμνόμεθα
2837 3408 2931 3462 καὶ
2953 3409 3132 3478 ἡμεῖς,
3161 3407 3235 3470 ὡς
3265 3407 3430 3470 αὑτός
3453 3423 3468 3472 ;

2231 3503 2419 3558 Ἀπόκ.
2455 3504 2512 3555 Ὁ
2554 3502 2650 3574 μὲν
2690 3503 2943 3574 Χριστὸς,
2978 3500 3112 3553 Θεοῦ
3139 3499 3267 3563 Υἱὸς
3298 3498 3394 3562 ὢν,
3432 3498 3721 3570 πληρῶσαι

2143 3589 2275 3665 ἦλθε
2305 3593 2395 3647 τὸν
2427 3594 2611 3664 νόμον,
2649 3593 2736 3646 ἵνα
2766 3592 2840 3663 μὴ
2882 3589 3112 3661 νομισθῇ
3166 3587 3410 3652 ἀντίθεος
3443 3584 3586 3642 εἶναι
3629 3590 3720 3642 καὶ

2145 3685 2412 3748 ἀντίδικος
2437 3684 2534 3738 τοῦ
2567 3682 2700 3736 Θεοῦ
2730 3682 2824 3735 τοῦ
2856 3681 3144 3743 δεδωκότος
3188 3680 3278 3734 τὸν
3325 3681 3507 3751 νόμον.
3547 3681 3721 3734 Τοῦτο

2143 3776 2251 3846 γὰρ
2278 3776 2388 3829 ἄνω
2411 3775 2500 3830 καὶ
2532 3775 2682 3828 κάτω
2716 3771 3004 3826 ἐνεκάλουν
3042 3770 3188 3841 αὐτῷ
3219 3771 3268 3823 οί
3307 3771 3579 3827 Ἰουδαῖοι.
3621 3771 3722 3824 Λύ-

2141 3867 2234 3919 τοῦ
2263 3866 2319 3918 δὲ
2350 3867 2487 3937 ὑπὲρ
2522 3865 2676 3936 ήμῶν
2719 3862 3103 3934 πληρώσαντος
3127 3861 3196 3913 τά
3227 3862 3282 3913 ὲν
3309 3861 3481 3931 νόμῳ,
3526 3861 3720 3915 οὐκέτι

2143 3957 2326 4011 λοιπὸν
2357 3958 2517 4027 ἡμεῖς
2551 3958 2717 4026 ἐσμεν
2745 3954 2849 4008 ὑπὸ
2873 3955 3065 4024 νόμον,
3106 3951 3220 4004 ἀλλ’
3267 3952 3372 4004 ὑπὸ
3403 3951 3591 4022 χάριν.
3629 3956 3721 4009 Διὸ

2144 4064 2274 4118 φησι
2303 4047 2437 4117 πρὸς
2468 4048 2615 4117 ἡμᾶς
2648 4044 2735 4098 διὰ
2763 4043 2972 4097 Παύλου
3006 4045 3035 4096 ὁ
3084 4043 3349 4113 Χριστός·
3378 4061 3397 4093 ι
3445 4043 3596 4108 Ὅτι,
3626 4045 3720 4098 ἐὰν

2142 4137 2561 4208 περιτέμνησθε,
2579 4134 2811 4208 Χριστὸς
2845 4134 2986 4205 ὑμᾶς
3009 4133 3159 4186 οὐδὲν
3191 4133 3482 4204 ὠφελήσει.
3519 4137 3720 4188 vna-.5

2141 4204 2388 4283 ἐντεῦθεν
2413 4204 2598 4297 σαφῶς
2620 4204 2976 4296 γινώσκομεν,
3007 4227 3088 4278 ὅτι
3131 4225 3400 4296 ἀλλότριοι
3441 4225 3534 4278 τοῦ
3578 4227 3718 4298 Χρι-

2142 4321 2269 4374 στοῦ
2302 4319 2411 4390 (51)
2443 4321 2548 4372 εἰσι
2579 4318 2777 4380 πάντες
2794 4317 2841 4369 οί
2872 4317 3345 4387 περιτεμνόμενοι,
3372 4316 3479 4369 εἴτε
3506 4317 3720 4378 πιστοὶ,

2139 4411 2247 4464 εἴτε
2271 4401 2526 4475 ἄπιστοι,
2549 4410 2658 4461 είτε
2695 4407 2955 4472 Ἰουδαῖοι,
2987 4409 3097 4460 εἴτε
3125 4408 3406 4478 Ἕλληνες,
3431 4407 3508 4471 ὡς
3543 4411 3607 4461 ὲν
3634 4409 3721 4461 νό-

2142 4517 2227 4570 μῳ
2249 4496 2527 4568 Μωσαῖκῷ
2554 4494 2915 4566 καυχώμενοι,
2943 4495 3037 4546 καὶ
3060 4495 3120 4546 οὐ
3147 4493 3224 4564 τῷ
3250 4492 3470 4564 Χριστῷ
3510 4494 3722 4564 ἑπόμε-

2138 4607 2240 4643 νοι.
2263 4590 2476 4660 ’Ὠσπερ
2508 4587 2617 4660 γάρ
2641 4589 2878 4652 ἅπαντες
2901 4587 2952 4639 oi
2972 4587 3072 4657 τὴν
3105 4585 3170 4640 δι’
3207 4586 3437 4657 αἵματος
3459 4585 3580 4657 (52)
3621 4585 3719 4639 καὶ

529 4741 579 4772 ⁸⁸
607 4739 761 4796 Psal.
795 4754 993 4806 cxxxt,
1028 4741 1080 4796 7.
1153 4741 1198 4773 ⁸⁸
1238 4737 1467 4796 Zachar.
1499 4757 1612 4807 xxv,
1643 4741 1698 4796 4.
1774 4741 1820 4773 ⁸⁸
1856 4739 2042 4798 Hahae

2154 4758 2184 4797 I.
2267 4741 2314 4774 "’
2353 4739 2530 4797 Galat.
2562 4757 2618 4807 v,
2646 4740 2701 4795 2.

491 4922 642 4994 -Αμ-ι)
666 4921 956 4994 TreSAmss.
990 4923 1069 4979 sic
1105 4923 1323 4994 habent,
1370 4919 1682 4994 Ecgqav‘oi
1712 4921 1869 4987 πόδες
1916 4924 2027 4976 Κυ-

2154 4924 2267 4979 lsic
2315 4924 2477 4981 habet
2505 4943 2518 4978 :
2552 4921 2815 4994 Προέχειν
2846 4919 3160 4994 ἐκέλευσαν,
3189 4917 3295 4983 ἵνα,
3321 4917 3458 4989 πρὸς
3483 4917 3589 4994 τρν
3612 4935 3714 4994 παι

500 4990 596 5044 ίου.
622 4992 734 5045 Καὶ
766 4992 861 5046 ἐὰν
888 4993 1036 5062 λέγει
1059 4995 1088 5046 ὁ
1127 4993 1402 5054 Ἰουδαῖος·
1439 4990 1550 5062 Ποῦ
1580 4990 1822 5062 ἔστησαν
1850 4995 1898 5046 οί
1928 4994 2027 5046 πό-

459 5061 555 5166 ξεςι
565 5062 656 5114 τοῦ
679 5063 904 5134 Κυρίου,
934 5061 1264 5135 όπροφήτης
1279 5061 1553 5135 Ζαχαρίας
1572 5061 1811 5114 διδάσκει
1832 5062 2024 5131 λέγων’

458 5149 773 5184 λιτῇσονται.

527 5150 899 5271 ἂέῗὸαιίίᾶαω
946 5199 1326 5270 manuscripti,
1362 5199 1428 5254 ἐκ
1470 5197 1564 5252 τοῦ
1609 5199 1834 5271 πρώτου
1886 5217 2029 5254 στοι-

456 5269 621 5344 χείου.
654 5269 857 5326 Ibidem
886 5272 1174 5344 ΔΙὶεξεςὶει
1197 5269 1266 5344 3,.
1289 5285 1427 5344 quos
1470 5269 1769 5344 sequimur,
1799 5271 1888 5324 τὸν
1921 5271 2028 5342 πρὸ

455 5338 1182 5412 πάντων-στοιχείωνῖΕάίιὶ,
1221 5338 1311 5412 τόν
1335 5339 1444 5412 τῶν
1468 5338 1684 5412 πάντων
1704 5357 1795 5394 στ.

526 5409 635 5479 (49)
675 5409 755 5479 ita
787 5409 978 5466 omnes
1011 5410 1390 5478 manuscripti.
1426 5410 1484 5462 ln
1515 5410 1697 5479 editis.
1733 5409 2022 5464 ἀπόστολοι

453 5479 625 5550 deest.
667 5478 789 5533 Mox
827 5479 1106 5535 Palatinus
1144 5479 1374 5550 primus,
1421 5478 1713 5550 Ἐποίησαν
1753 5479 1893 5550 κατὰ
1929 5481 2022 5550 τὸν

456 5548 776 5621 παράδεισον
807 5552 954 5621 ήμᾶς
986 5547 1290 5621 προσέχειν,
1323 5547 1811 5621 ὃθενᾼὲξεπέσα-μεν
1840 5549 2024 5621 βουλό-

459 5632 626 5682 μενοι,
657 5617 764 5697 ἵνα3
797 5617 934 5690 πρὸς
965 5617 1062 5702 τῂν
1079 5617 1326 5700 υάρχαίαν
1349 5617 1506 5740 ήμῶν
1530 5619 1759 5689 πατρίδα
1794 5617 1888 5672 καὶ
1911 5618 2020 5689 χώ-

459 5701 556 5740 ραν
586 5685 914 5740 ἀφορῶντες.
955 5705 1213 5740 αιτουιιεν
1243 5687 1334 5740 τὸν
1391 5687 1645 5740 εσπότην.
1676 5687 1850 5740 Palat.
1890 5704 2020 5740 vero

459 5701 556 5741 ραν
586 5685 914 5752 ἀφορῶντες,
955 5685 1213 5759 αἰτοῦμεν
1243 5687 1334 5741 τὸν
1359 5685 1656 5758 δεσπότηνζ
1676 5687 1850 5745 Palat.
1890 5685 2021 5746 vero

2131 4995 2376 5067 ράδεισον
2415 4987 2732 5067 ἀφορῶντες
2761 4991 2880 5067 δλθεν
2916 4987 3375 5067 ἐκπεπτώκαμεν,
3413 4987 3584 5067 acpbe;

2129 5057 2363 5136 ἀρχαίαν
2407 5057 2564 5136 ἡμῶν
2586 5061 2839 5136 *πατρίδα
2888 5061 2980 5112 καὶ
3023 5058 3226 5136 χώραν,
3257 5057 3590 5136 ίαίτρύμζελθα
3623 5057 3713 5136 τόν

2129 5129 2259 5187 Θεδν
2303 5135 2394 5187 καὶ
2429 5129 2697 5202 δεσπότην
2722 5129 3249 5202 ἀποκατασταθῆναι-
3274 5129 3312 5197 ή

2129 5204 2423 5274 επέσαμεν.
2471 5202 2571 5274 Hic
2615 5197 3028 5274 responsionem
3074 5197 3278 5252 claudit

2128 5289 2238 5344 quo
2268 5268 2459 5344 quaest.
2493 5273 2560 5344 ὅθ
2593 5281 2647 5344 c_t
2674 5268 3011 5344 59,_desunt.

3355 5129 3421 5188 ἃς
3460 5127 3596 5180 ὅθεν
3629 5129 3710 5192 ἐξ·

3367 5197 3497 5250 alat.
3551 5198 3613 5264 2,
3658 5201 3709 5252 in

2223 5340 2310 5410 ὅσ)
2350 5341 2494 5413 Reg.
2511 5343 2565 5405 ‘2,
2604 5340 2840 5413 Θαιμάν,

2223 5345 2310 5410 5'0)
2350 5343 2482 5413 Reg.
2511 5343 2565 5405 2,
2604 5343 2840 5462 GatEdV.
3141 5404 3167 5416 __
3302 5403 3330 5414 _

2201 5343 2313 5483 ίέἱί)
2353 5412 2443 5483 Sic
2471 5412 2506 5464 2
2533 5427 2664 5483 mss.
2743 5409 2841 5463 diti
2862 5421 3044 5483 _vero_._
3073 5422 3169 5483 του
3196 5404 3354 5457 Θεου.
3375 5403 3553 5458 Paulo
3583 5412 3705 5476 post

2126 5481 2164 5536 2
2192 5476 2353 5544 mss"
2391 5481 2500 5534 εἴτε
2538 5481 2800 5540 Ἰουδαῖοι,
2829 5479 2937 5532 εἴτε
2963 5476 3293 5530 ἀλλόπιστοι.

2200 5553 2310 5625 (5‘2)
2331 5543 2481 5625 ᾔεις.
2506 5551 2575 5625 2,-
2592 5553 2639 5603 οἱ
2665 5550 2760 5625 τὴν
2781 5549 3039 5618 διαίρεσιν
3060 5546 3155 5600 καὶ
3177 5545 3243 5598 δι’
3267 5543 3526 5614 αἵματος.
3563 5545 3703 5599 Pau-

2129 5622 2182 5679 lo
2205 5620 2513 5694 post'idem,
2553 5620 2965 5691 ἀνατρέπονται.
