3860 6200
156 307 241 362 52]
1128 297 1595 370 QUIESTIONES
1633 296 1724 350 AD
1757 295 2166 351 ANTIOCHUM
2201 295 2477 352 DUCEM.‘

3294 298 3401 352 623

155 425 351 494 5:16wa
372 424 564 478 Θυσίαν
585 423 704 495 Θεῷ
717 425 1084 496 προσαγαγεῖν
1099 423 1433 492 νομίζοντες,
1457 421 1555 492 τὴν
1575 421 1722 474 ἀναί-

1827 425 1880 473 et
1921 417 2263 474 irrationalia
2301 418 2562 472 animalia
2601 417 2713 474 Deo
2742 433 2803 474 se
2832 417 3164 474 sacriﬁcium
3203 419 3400 476 oﬁ‘erre

153 535 352 587 μακτον
387 517 575 571 θυσίαν
606 515 840 588 Χριστοῦ
871 513 1235 585 ἀνατρέπουσι
1267 515 1361 568 καὶ
1413 513 1728 584 βδελύσσον-

154 625 233 661 ται
252 625 265 638 ·
309 606 456 662 οὕτω
483 609 683 672 πάντες
721 608 771 660 οἱ
809 606 910 678 τὴν
938 605 1118 674 σάρκα
1147 605 1594 677 περιτεμνόμενοι
1630 602 1728 674 τὴν

150 698 519 770 πνευματικὴν
558 695 881 770 περιτομὴν,
914 695 1081 766 ἤγουν
1115 693 1177 746 τὸ
1219 695 1372 763 ἆγιον
1426 693 1726 764 βάπτισμα,

152 791 452 862 λοιδοροῦσι
515 789 610 843 καὶ
673 787 1143 859 ἀποστρέφονταιο
1219 786 1316 840 καὶ
1383 785 1543 839 πάλιν
1601 785 1730 839 ἄλλο

147 884 346 954 ὅμοιον.
379 881 496 935 Οὐκ
521 882 580 934 ὲν
611 879 689 950 τῷ
721 879 870 951 νόμῳ
894 881 922 932 ὁ
941 879 1176 950 Χριστὸς
1206 878 1299 932 τὸν
1326 878 1570 934 διάϐολον
1593 897 1728 933 κατ-

148 977 353 1046 ήργησε
393 973 488 1027 καὶ
529 973 655 1035 τοὺς
683 972 965 1042 δαίμονας,
997 972 1118 1026 οὐδὲ
1160 972 1218 1025 ὲν
1249 970 1397 1041 αύτῷ
1422 970 1522 1042 τὴν
1560 987 1729 1040 σωτη-

148 1067 268 1138 ρίαν
290 1065 607 1136 εἰργάσατοο
640 1063 756 1117 ἀλλ’
786 1065 843 1117 έν
868 1063 947 1134 τῷ
975 1062 1214 1133 σταυρῷ.
1242 1061 1404 1115 Ὅθεν
1437 1061 1598 1132 νόμον
1627 1061 1727 1131 μὲν

143 1157 376 1229 ὁρῶντες
411 1156 461 1209 οἰ
492 1155 747 1226 δαίμονες
793 1156 854 1208 ού
893 1154 1189 1226 τρέμουσιν
1219 1153 1341 1207 ούδὲ
1393 1152 1682 1222 φοϐοῦνται
1707 1169 1720 1183 ⁸

145 1247 381 1319 σταυρὸν
411 1247 468 1301 δὲ
491 1246 750 1310 πολλάκις
773 1246 1007 1318 ὁρῶντες
1048 1245 1310 1316 τρέμουσι
1339 1245 1434 1300 καὶ
1465 1244 1725 1314 φεύγουσι

142 1341 236 1395 καὶ
265 1337 672 1410 καταργοῦνται
702 1337 797 1391 καὶ
826 1336 1135 1391 διώκονται.

225 1429 420 1502 Ἐρὼτ.
448 1431 549 1489 λθ’.
581 1430 689 1484 Τοῦ
714 1430 850 1485 Θεοῦ
895 1430 983 1484 διὰ
1030 1429 1138 1484 τῶν
1166 1429 1461 1502 προφητῶν
1501 1431 1722 1502 ἐπιτρέ-

141 1541 362 1589 ποντος,
403 1524 479 1596 μὴ
526 1525 852 1596 προσκυνεῖν
884 1522 1259 1593 χειροποίητα,
1283 1522 1372 1576 διὰ
1401 1523 1456 1576 τί
1485 1539 1724 1594 προσκυ-

106 1644 110 1648 -
141 1617 342 1687 νοῦμεν
367 1616 586 1680 εἰκόνας
637 1616 733 1670 καὶ
781 1615 1034 1686 σταυρὸν,
1079 1613 1219 1686 ἔργα
1244 1615 1513 1669 τεκτόνων
1545 1615 1722 1686 ὑπάρ-

139 1726 324 1779 χοντα,
352 1707 536 1772 καθὼς
561 1708 656 1762 καὶ
679 1707 747 1761 τὰ
779 1706 972 1760 εἴδωλα
997 1706 1358 1776 τυγχάνουσιν
1385 1705 1496 1777 (55)
1531 1723 1546 1772 ;

1831 509 2187 574 arbitrantur,
2236 510 2588 565 incruentum
2621 509 2825 566 Christi
2872 510 3207 566 sacriﬁcium
3245 525 3399 567 ever-

1829 607 1950 654 tunt
1988 607 2043 655 et
2092 600 2482 656 abominantur
2521 620 2534 656 :
2569 602 2643 656 ita
2689 617 2880 658 omnes
2931 602 3025 672 qui
3076 617 3245 658 carne
3282 603 3395 658 cir-

1828 689 2237 756 cumciduntur,
2269 691 2610 761 spiritualem
2637 692 3119 748 circumeisionem
3141 693 3257 748 sive
3282 707 3398 749 san-

1827 789 1976 837 ctum
2011 781 2285 853 baptisma
2320 783 2654 838 contumelia
2684 782 2926 838 alliciunt
2958 791 3013 838 et
3052 795 3396 843 aversantur.

1826 872 1988 928 Aliud
2016 888 2212 928 rursus
2233 873 2432 928 simile.
2462 871 2581 927 Non
2609 873 2662 926 in
2692 872 2808 944 lege
2837 873 3090 930 Christus
3119 873 3396 931 diabolum

1825 971 1881 1018 et
1927 964 2203 1020 daemones
2254 963 2573 1034 prostravit,
2617 980 2796 1035 neque
2833 965 2889 1019 in
2933 981 3000 1022 ea
3045 967 3279 1022 salutem
3313 976 3398 1024 est

1825 1067 2114 1127 Operatus;
2149 1059 2246 1114 sed
2292 1059 2350 1113 in
2394 1073 2579 1115 cruce.
2613 1058 2766 1115 Unde
2799 1061 2972 1132 legem
3013 1062 3288 1119 daemones
3315 1064 3396 1119 vi-

1825 1151 2037 1216 dentes,
2082 1167 2194 1207 non
2243 1161 2485 1208 tremunt
2525 1169 2642 1209 nee'
2671 1154 2894 1222 timent;
2949 1169 3166 1211 crucem
3214 1165 3396 1213 autem

1825 1259 1969 1316 saepe
2005 1254 2292 1303 cernentes
2319 1254 2562 1303 tremunt
2601 1247 2932 1320 abeuntque,
2969 1258 3396 1320 prosternuntur

1823 1347 1881 1392 et
1913 1337 2190 1407 fugantur.

1893 1427 2116 1495 ngsr.
2145 1428 2390 1485 XXXIX.
2432 1430 2567 1486 Cum
2603 1431 2746 1488 Deus
2789 1447 2888 1503 per
2925 1433 3223 1504 prophetas
3257 1450 3396 1506 prae-

1822 1516 1990 1586 cipiat
2017 1531 2088 1572 ne
2136 1531 2305 1588 Opera
2345 1533 2509 1574 manu
2539 1519 2681 1574 facta
2713 1518 3039 1587 adoremus,
3069 1537 3170 1577 cur
3202 1523 3394 1594 imagi-

1823 1623 1920 1664 nes
1954 1617 2010 1664 et
2055 1623 2274 1665 crucem
2312 1611 2630 1674 adoramus,
2677 1628 2799 1683 quae
2829 1623 2959 1669 sunt
3006 1628 3172 1684 opera
3220 1616 3396 1670 artiﬁ-

1823 1713 1973 1763 cum,
2007 1715 2117 1755 non
2144 1715 2303 1758 secus
2327 1717 2392 1757 ac
2419 1703 2535 1772 ipsa
2568 1703 2747 1760 idola?

221 1799 416 1852 Ἀπόκ.
444 1798 556 1868 Ούχ
581 1800 656 1862 ὼς
682 1797 837 1860 θεοὺς
861 1797 1276 1870 προσκυνοῦμεν
1308 1797 1410 1862 τὰς
1441 1798 1654 1860 εἰκόνας
1673 1797 1722 1851 οἰ

1896 1788 2062 1844 Res».
2100 1788 2212 1848 Nos
2261 1789 2446 1848 ﬁdeles
2490 1794 2716 1850 minime
2747 1795 3042 1854 adoramus
3087 1799 3392 1870 imagines,

149 1888 370 1942 πιστοί·
419 1887 493 1960 μὴ
546 1888 789 1957 γένοιτοί
822 1887 899 1950 ὡς
955 1888 1005 1940 οἱ
1035 1887 1321 1958 Ἕλληνες·
1376 1885 1514 1940 ἁλλὰ
1563 1886 1722 1958 μόνον

138 1983 239 2053 τὴν
275 1981 464 2052 σχέσιν
514 1980 610 2034 καὶ
655 1978 754 2050 τὴν
793 1977 1012 2049 ἀγάπην
1040 1978 1140 2048 τῆς
1194 1977 1374 2048 ψυχῆς
1420 1975 1576 2048 ἡμῶν
1622 1975 1725 2046 τῆς

141 2073 278 2143 πρὸς
322 2070 415 2124 τὸν
440 2070 768 2142 χαρακτῆρα
799 2069 900 2140 τῆς
939 2068 1146 2133 εἰκόνος
1171 2066 1550 2139 ὲμφανίζομεν
1580 2067 1722 2138 (54)·

139 2165 261 2218 ὅθεν
289 2163 551 2227 πολλάκις
580 2163 673 2216 τοῦ
705 2162 1052 2234 χαρακτῆρος
1091 2159 1445 2224 λειανθέντος,
1473 2159 1548 2223 ὡς
1574 2158 1726 2224 ξύλον

138 2256 309 2326 ἀργὸν
344 2255 531 2308 λοιπὸν
568 2255 667 2325 τήν
694 2270 826 2307 ποτε
866 2253 1049 2306 εἰκόνα
1095 2252 1343 2322 καίομεν.
1389 2251 1500 2304 Καὶ
1531 2249 1720 2321 ῶσπερ

150 2345 348 2400 Ἰακὼϐ
375 2344 584 2417 μέλλων
607 2343 861 2414 τελευτᾷν
885 2343 977 2395 ἐπὶ
1004 2341 1064 2394 τὸ
1087 2343 1256 2413 ἄκρον
1283 2341 1382 2412 τῆς
1414 2340 1629 2412 ῥάϐδου,
1645 2340 1726 2412 τῷ

150 2439 354 2509 Ἰωσὴφ
400 2435 827 2508 προσεκύνησεν,
877 2433 938 2485 ού
974 2432 1076 2504 τὴν
1126 2432 1321 2504 ῥάϐδον
1358 2431 1558 2501 τιμῶν,
1589 2431 1726 2485 ἀλλὰ

139 2530 231 2583 τὸν
263 2528 472 2599 ταύτην
522 2528 860 2597 κατέχονταο
921 2525 1062 2580 οῦτω
1112 2525 1205 2577 καί
1247 2524 1294 2576 οί
1328 2523 1506 2576 πιστοὶ
1549 2523 1610 2576 ού
1655 2523 1724 2576 δι’

138 2621 331 2692 ἕτερόν
347 2635 472 2673 τινα
499 2617 699 2690 τρόπον
722 2617 822 2681 τὰς
841 2613 1453 2686 εἰκόναςπὰσπαζόμεθα,
1469 2616 1518 2667 εἰ
1547 2613 1724 2684 μὴδιὰ

137 2713 305 2767 πόθον
329 2707 405 2768 ὧν
435 2704 805 2782 ἐμφανίξομεν
827 2727 842 2740 ·
868 2709 1027 2763 τοῦτο
1054 2707 1332 2772 ποιοῦντες
1366 2705 1498 2776 (55),
1529 2705 1602 2769 ὡς
1631 2706 1724 2759 καὶ

138 2806 388 2876 πατέρας
411 2804 505 2858 καὶ
533 2803 720 2872 φίλους
749 2800 1110 2871 ἀσπαζόμεθα
1128 2817 1142 2830 ·
1177 2797 1358 2862 καθὼς
1390 2798 1484 2851 καὶ
1512 2798 1561 2850 οἱ
1594 2799 1734 2862 ἰουέ

133 2897 274 2951 δαῖοί
301 2913 436 2950 ποτε
464 2894 563 2959 τὰς
594 2893 688 2948 τοῦ
727 2893 892 2965 νόμου
920 2891 1152 2956 πλάκας,
1187 2891 1281 2944 καὶ
1308 2889 1378 2943 τὰ
1404 2889 1499 2942 δύο
1525 2905 1720 2960 χερου-

134 2989 240 3061 ϐ’ῐμ
261 2989 333 3042 τὰ
349 2989 530 3059 χρυσᾶ
556 2987 648 3040 καὶ
677 2985 748 3039 τά
773 2984 989 3055 γλυπτὰ
1015 2981 1400 3054 προσεκύνουν,
1432 2981 1493 3034 ού
1527 2979 1724 3051 τιμῶν-

130 3099 227 3145 τες
250 3082 353 3152 τὴν
383 3079 478 3133 τοῦ
509 3079 658 3132 λίθου
683 3078 778 3131 καὶ
817 3077 1040 3148 χρυσίου
1066 3076 1248 3145 φύσιν,
1275 3073 1411 3128 ἀλλὰ
1433 3073 1524 3127 τὸν
1549 3071 1717 3126 ταῦτα

1824 1890 2082 1951 tanquam
2137 1883 2300 1949 deos,
2367 1894 2425 1940 ut
2479 1887 2709 1957 gentiles
2742 1889 2952 1946 :absitl
3007 1890 3105 1947 sed
3153 1901 3395 1948 tantum-

1824 1971 1986 2027 modo
2006 1970 2259 2027 aﬁ'ectum
2285 1981 2342 2030 et
2374 1989 2612 2032 amorem
2647 1979 2841 2034 animae
2861 1988 3064 2036 nostrae
3094 1997 3221 2053 erga
3252 1983 3394 2038 ima-

1825 2061 1968 2131 ginis
2019 2061 2249 2120 formam
2299 2066 2691 2136 signiﬁcamus.
2741 2068 3107 2136 Quamobrem
3153 2077 3395 2146 plerum-

1823 2168 1951 2227 que,
1979 2154 2160 2208 ablat‘a
2207 2163 2262 2210 et
2301 2157 2478 2214 deleta
2526 2159 2718 2230 ﬁgura,
2771 2163 2826 2216 id
2860 2163 3010 2233 quod
3038 2166 3168 2220 olim
3212 2167 3392 2238 imago

1823 2242 1949 2308 fuit,
1984 2255 2046 2299 ut
2088 2245 2280 2302 inutile
2322 2249 2530 2319 lignum
2577 2253 2971 2310 comburimus.
3021 2258 3101 2311 Ac
3133 2259 3394 2328 quemad-

1824 2334 2046 2388 modum
2089 2334 2256 2392 Jacob
2296 2340 2616 2406 moriturus,
2657 2343 2714 2398 in
2759 2353 3001 2401 extrema
3039 2349 3192 2419 virga
3233 2347 3392 2406 Jose-

1823 2423 1990 2494 phum
2039 2425 2307 2494 adoravit,
2355 2446 2464 2485 non
2508 2433 2717 2503 virgam
2766 2435 3066 2504 honorans,
3123 2441 3217 2495 sed
3264 2457 3392 2497 eum

1824 2517 1918 2586 qui
1953 2517 2161 2588 virgam
2204 2521 2424 2576 tenebat
2453 2543 2466 2578 :
2492 2524 2567 2578 ita
2608 2534 2660 2580 et
2701 2525 2888 2584 ﬁdeles
2926 2545 3037 2585 non
3084 2532 3192 2588 alio
3227 2534 3392 2590 modo

1824 2609 2090 2681 imagines
2117 2629 2464 2681 veneramur,
2496 2618 2602 2673 nisi
2631 2618 2702 2674 ob
2729 2627 2981 2677 nostrum
3011 2639 3140 2694 erga
3167 2639 3261 2682 eos
3297 2626 3392 2681 de-

1823 2704 2104 2771 siderium,
2148 2723 2382 2777 quorum
2415 2708 2640 2780 eﬂigiem
2672 2712 3063 2782 exprimimus:
3091 2716 3145 2770 id
3191 2731 3267 2772 ea'
3301 2733 3392 2772 ra-

1822 2796 1970 2853 tione
2001 2807 2242 2867 agentes,
2268 2815 2376 2871 qua
2403 2803 2490 2857 vel
2514 2803 2737 2870 liberos,
2769 2807 2854 2862 vel
2884 2815 3136 2876 parentes
3160 2816 3214 2863 et
3253 2810 3390 2865 ami-

1822 2899 1918 2940 cos
1974 2887 2313 2944 salutamus:
2350 2889 2804 2959 quemadmodum
2853 2893 3025 2950 Judaei
3071 2898 3200 2953 olim
3251 2899 3390 2956 duas

1823 2975 1960 3047 legis
1985 2979 2222 3047 tabulas,
2249 2981 2498 3053 duosque
2523 2983 2809 3041 cherubim
2837 3003 3038 3045 aureos
3064 2997 3120 3044 et
3143 2993 3390 3061 sculptos

1824 3070 2148 3138 adorabant,
2198 3089 2308 3130 non
2356 3077 2530 3147 ipsam
2577 3080 2774 3150 lapidis
2828 3081 2914 3136 vel
2967 3083 3085 3137 auri
3136 3093 3388 3139 naturam

130 3137 516 3245 ὲπξτρέψαντα
567 3137 1090 3242 γενέσθαιῃίίύριον..
1118 3171 1180 3222 Ol.
1220 3137 1277 3221 δὲ
1307 3167 1366 3234 ἐξ
1405 3166 1721 3231 ἀλαζονείας

1825 3166 2177 3234 honorantes,
2211 3172 2306 3227 sed
2337 3171 2628 3229 Dominum
2657 3176 2751 3246 qui
2791 3177 2898 3232 ista
2921 3178 3088 3247 jussit
3113 3177 3249 3234 ﬁeri.
3285 3179 3388 3245 Qui

128 3257 611 3336 ἀποστρεφόμενοι
674 3263 998 3334 προσκυνεῖν
1047 3261 1140 3314 τὸν
1190 3259 1424 3330 σταυρὸν
1471 3258 1567 3312 καὶ
1619 3257 1719 3320 τὰς

130 3357 358 3418 εἰκόνας
387 3355 532 3426 (56),
557 3353 864 3422 λεγέτωσαν
888 3353 934 3405 οἰ
989 3351 1206 3422 ἀνόητοι
1244 3350 1361 3414 πῶς
1402 3349 1550 3421 μῦρα
1593 3349 1718 3402 πολ·-

127 3448 291 3511 λάκις
306 3447 542 3500 ἑϐλυσαν
573 3447 628 3499 αἱ
649 3445 801 3513 ἁγιαι
827 3443 1051 3508 εἰκόνες,
1081 3442 1307 3514 δυνάμει
1336 3441 1576 3512 Κυρίου;
1602 3439 1720 3504 πῶς

131 3539 291 3609 βέλος
338 3537 608 3608 δεξαμένη
651 3536 856 3605 ἄψυχος
896 3533 1086 3605 στήλη,
1132 3533 1208 3596 ὡς
1263 3531 1576 3602 ἐνσώματος
1617 3530 1720 3600 φύ-

127 3647 219 3694 σις
244 3631 341 3702 (57
373 3625 516 3700 αἷμα
542 3626 859 3700 παραδόξως
904 3625 1206 3699 ὲξήγαγεν;
1253 3623 1372 3687 πῶς
1407 3625 1471 3676 ὲκ
1522 3622 1720 3692 σωρῶν

127 3725 228 3776 καὶ
246 3721 522 3790 λειψάνων
546 3721 642 3773 καί⁸
666 3719 889 3773 εἰκόνων
921 3717 1180 3781 πολλάκις
1204 3717 1455 3787 δαίμονες
1489 3713 1720 3786 βοῶντες

124 3814 535 3868 ἀπελαύνονται
563 3830 578 3878 ;
605 3813 694 3865 ἵνα
721 3811 779 3864 δὲ
806 3812 933 3874 τοὺς
954 3810 1195 3881 ἄφρονας
1229 3808 1578 3879 ὲντρέψωμεν
1625 3807 1719 3860 ἐπὶ

124 3906 342 3971 πλεῖον,
367 3905 598 3959 ἄκουσον
622 3904 779 3973 λόγον
807 3905 872 3956 ὲκ
893 3903 1146 3972 πατέρων
1194 3899 1354 3972 ἡμῶν
1390 3897 1719 3970 διηγηθέντα

126 3999 266 4068 mp't
294 3997 526 4060 εἰκόνος.
552 3997 673 4049 Ὀτι
695 3997 752 4047 έν
785 3993 1173 4065 Ἰεροσολύμοις
1198 3992 1304 4045 τινὶ
1328 3991 1436 4044 τῶν
1466 3988 1720 4060 ἀσκητῶν

126 4085 422 4138 ἐπετίθετο
457 4085 551 4137 καί
581 4082 865 4154 διηνώχλει
894 4084 922 4136 ό
945 4082 1180 4152 πονηρὸς
1210 4081 1419 4151 δαίμων
1445 4079 1580 4150 (58).
1632 4080 1718 4132 Ἐν

130 4177 238 4244 μιᾷ
261 4169 358 4228 οὖν
392 4174 639 4243 φαίνεται
669 4171 820 4242 αὐτῷ
858 4172 1045 4235 αύταῖς
1077 4171 1231 4240 ὄψεσι.
1258 4169 1320 4223 τὸ
1345 4169 1583 4241 πνεῦμα,
1633 4168 1720 4221 λέ-

124 4283 268 4334 γων,
297 4267 404 4326 ὅτι,
429 4265 525 4317 ἐὰν
547 4264 706 4337 θέλῃς
731 4265 818 4318 ἵνα
848 4266 920 4335 μή
946 4281 1004 4316 σε
1030 4263 1274 4334 πολεμῶ,
1310 4264 1384 4335 μὴ
1404 4265 1716 4336 προσκυνή-

123 4375 237 4430 σῃς
254 4358 358 4428 τὴν
385 4357 568 4410 εἰκόνα
602 4357 824 4427 ταύτην,
861 4356 955 4409 καί⁴
981 4356 1286 4426 ἀφίσταμαι
1317 4355 1426 4410 ἀπὸ
1471 4355 1586 4408 σοῦ.
1609 4351 1720 4410 Ἦν

1820 3274 1950 3313 vero
1988 3277 2096 3330 prae
2140 3263 2391 3332 superbia
2420 3279 2638 3321 crucem
2674 3275 2730 3322 et
2770 3275 3086 3324 sanctorum
3125 3270 3388 3341 imagines

1821 3351 2052 3406 adorare
2082 3351 2377 3423 refugiunt,
2413 3354 2598 3410 dicant
2649 3357 2799 3412 stulti
2830 3358 3102 3427 quomodo
3130 3374 3238 3413 non
3262 3375 3389 3412 raro

1820 3456 1852 3497 e
1903 3443 2078 3498 sacris
2131 3444 2490 3516 imaginibus,
2544 3445 2639 3502 Dei
2689 3448 2911 3514 virtute,
2961 3450 3235 3504 manarint
3285 3466 3386 3505 un-

1819 3532 2058 3602 guenta?
2093 3535 2364 3602 quomodo
2412 3534 2710 3590 inanimata
2752 3545 2932 3592 statua
2977 3539 3086 3593 telo
3133 3540 3389 3596 confossa

1822 3623 2165 3694 sanguinem,
2191 3625 2340 3680 velut
2373 3641 2634 3697 corporea
2664 3638 2880 3689 natura.
2914 3631 3240 3686 mirabiliter
3267 3646 3390 3701 pro-

1821 3715 2062 3772 fuderit?
2099 3719 2370 3788 quomodo
2399 3721 2656 3785 tumulis‘,
2697 3723 2941 3792 reliquiis
2975 3730 3029 3777 et
3058 3725 3387 3794 imaginibus

1821 3825 1965 3879 saepe
2008 3810 2282 3867 daemones
2331 3812 2634 3868 clamantes
2677 3815 3057 3884 expellantur?
3091 3814 3161 3870 Ut
3203 3827 3387 3871 autem

1821 3901 2049 3956 insanos
2078 3903 2251 3972 magis
2281 3901 2700 3967 confundamus,
2732 3904 2858 3958 audi
2893 3921 3201 3962 sermonem
3223 3923 3386 3976 quem

1821 3999 2007 4061 patres
2038 3992 2212 4046 nostri
2258 3992 2325 4047 de
2355 3993 2591 4062 quadam
2623 3994 2858 4064 imagine
2887 4006 3270 4051 narraverunt.
3304 3994 3389 4050 Je-

1822 4083 2114 4154 rosolymis
2145 4083 2361 4138 cuidam
2400 4092 2597 4140 ascetze
2638 4085 3003 4140 insidiabatur
3037 4095 3092 4143 et
3121 4089 3387 4143 molestus

1820 4184 1937 4228 erat
1959 4175 2134 4229 malus
2166 4174 2397 4229 daemon.
2427 4174 2671 4242 Quodam
2694 4178 2857 4248 226
2879 4177 3041 4247 igitur
3062 4180 3150 4234 die
3173 4181 3224 4234 ei
3251 4180 3386 4249 ipsis

1821 4265 1995 4320 oculis
2027 4266 2293 4322 videndus
2337 4275 2558 4338 apparet
2600 4267 2825 4338 Spiritus
2849 4271 3000 4323 aiens
3029 4286 3043 4323 ε
3071 4270 3128 4324 Si
3165 4270 3299 4325 velis
3327 4278 3387 4324 ut

1821 4365 1875 4413 te
1905 4373 2016 4413 non
2071 4361 2416 4430 irnpugnem,
2466 4361 2576 4416 noli
2609 4361 2753 4416 hanc
2800 4361 3030 4417 adorare
3070 4363 3385 4434 imaginem,

118 4450 182 4502 δὲ
228 4452 263 4522 ἡ
299 4449 464 4502 εἰκὼν
507 4449 606 4519 τῆς
651 4450 811 4517 ἁγίας
847 4447 1109 4501 Θεοτόκου
1146 4447 1276 4517 (59).
1319 4443 1453 4500 Εἶτα
1496 4448 1550 4500 τί
1581 4464 1713 4516 φασι

1825 4455 1875 4500 et
1899 4461 1929 4500 a
1954 4454 2006 4501 te
2025 4447 2322 4505 discedam.
2343 4449 2472 4503 Erat
2491 4456 2671 4504 autem
2695 4460 2897 4506 sanctae
2921 4451 3164 4521 Deiparae
3183 4453 3386 4524 imago.

116 4543 273 4615 πρὸς
301 4541 479 4595 ταῦτα
500 4544 547 4593 οἱ
574 4540 960 4611 ἐπιτρέποντες
996 4538 1069 4610 μὴ
1108 4540 1433 4609 προσκυνεῖν
1464 4538 1590 4600 τοὺς
1619 4554 1716 4608 χα-

1825 4538 1968 4605 Quid
2011 4540 2078 4594 ad
2112 4541 2226 4595 haec
2277 4541 2566 4596 dicendum
2613 4543 2813 4597 habent
2858 4543 2896 4597 ii
2933 4543 3028 4613 qui
3071 4552 3386 4599 sanctorum

118 4633 426 4706 ρακτῆρας
470 4631 578 4685 τῶν
640 4631 830 4700 ἁγίων,
884 4629 1093 4700 οὕσπερ
1146 4629 1214 4681 δι’
1267 4629 1572 4700 ὑπόμνησιν
1625 4629 1721 4681 καὶ

1825 4631 2027 4701 elligies
2081 4640 2270 4687 vetant
2331 4633 2581 4698 adorare,
2631 4650 2768 4704 quas
2808 4635 3084 4690 memoriae
3123 4635 3387 4690 duntaxat

117 4727 299 4795 μόνον
332 4723 700 4794 ὲκτυποῦμεν,
732 4723 827 4776 καὶ
859 4723 920 4774 ού
953 4721 1020 4774 δι’
1048 4721 1234 4792 ἕτερον
1251 4720 1481 4791 τρόπον;
1509 4719 1602 4773 καὶ
1625 4718 1720 4773 οῦ-

1825 4737 2011 4785 causa,
2035 4737 2145 4777 non
2168 4723 2328 4776 aliam
2357 4723 2429 4778 ob
2449 4723 2717 4777 rationem
2737 4721 3042 4778 efﬁcimus?
3066 4723 3244 4793 Atque
3272 4723 3386 4777 haec

108 4835 206 4870 τω
270 4815 372 4886 μὲν
414 4815 543 4884 περί
590 4813 813 4866 εἰκόνων
859 4811 946 4866 διὰ
990 4811 1235 4882 βραχέων
1285 4809 1459 4879 λόγος.
1520 4811 1624 4864 Τὸν
1665 4810 1720 4864 δὲ

1825 4813 2042 4883 quidem
2091 4813 2330 4869 breviter
2367 4814 2435 4868 de
2479 4814 2806 4884 imaginibus
2850 4813 2996 4869 dicta
3041 4815 3171 4869 sint.
3229 4814 3385 4879 Quod

110 4907 373 4979 σταυρὸν
391 4905 679 4977 πρόδηλον,
710 4907 793 4958 ὅτι
819 4903 908 4957 διὰ
931 4903 1022 4956 τὸν
1065 4901 1446 4972 σταυρωθέντα
1479 4903 1538 4955 ὲν
1571 4901 1719 4972 αύτῷ

1825 4913 2003 4960 autem
2039 4921 2140 4960 nos
2173 4905 2359 4961 ﬁdeles
2393 4919 2613 4960 crucem
2640 4905 2935 4960 adoramus
2974 4912 3030 4959 et
3059 4905 3384 4966 salutamus,

106 4999 373 5073 Χριστὸν
402 4996 816 5070 προσκυνοῦμεν
838 4997 888 5048 οἰ
913 4994 1098 5049 πιστοὶ
1126 4994 1222 5047 καὶ
1251 4993 1630 5064 ἀσπαζόμεθα.

1825 4996 2173 5050 manifestum
2203 5003 2289 5050 est
2327 4995 2383 5050 id
2416 5009 2519 5050 nos
2553 5009 2714 5066 agere
2743 5003 2964 5066 propter
2982 4993 3259 5050 Christum
3291 4995 3385 5065 qui

1821 5086 1877 5140 in
1907 5101 1971 5140 ea
2001 5085 2192 5141 aiIixus
2217 5094 2318 5140 est.

220 5177 412 5235 Ἑοώτ.
449 5184 524 5250 μ’.
547 5175 776 5243 Οὐκοῦν,
801 5174 990 5248 ἐπειδὴ
1019 5173 1116 5228 καὶ
1141 5174 1224 5238 εἰς
1253 5172 1374 5226 ὄνον
1414 5174 1444 5226 ὀ
1483 5171 1718 5244 Χριστὸς

1890 5177 2112 5243 Ωοεετ.
2165 5174 2278 5231 XL.
2319 5173 2490 5247 Igitur
2521 5190 2646 5230 cum
2680 5172 2936 5230 Christus
2972 5187 3190 5242 quoque
3231 5173 3387 5226 asino

190 5335 324 5407 (53)
364 5333 501 5407 Reg.
526 5333 584 5400 2,
609 5336 664 5398 '5,
693 5335 998 5407 τυγχάνει.-
1140 5403 1180 5407 _
1203 5403 1237 5407 __
1267 5401 1280 5407 _
1489 5400 1502 5407 _
1675 5402 1686 5407 _

1873 5332 2003 5407 (57)
2043 5330 2122 5386 Ita
2181 5329 2402 5402 quidam
2466 5346 2602 5388 mss.
2656 5328 2799 5384 Editi
2848 5342 3010 5392 vero,
3064 5328 3123 5379 ὲν
3174 5325 3386 5396 σώματι

190 5336 303 5406 (55
364 5336 501 5407 Reg.
526 5336 584 5400 2,
609 5336 664 5398 '5,
693 5336 974 5406 τυγχάνει.

189 5336 324 5478 (54)
365 5405 445 5478 Ita
480 5409 836 5478 manuscripti
871 5405 1114 5478 quidam.
1140 5401 1283 5478 Editi
1304 5415 1455 5465 vero,
1487 5400 1714 5472 ἐμφανί-

1871 5336 1998 5420 ,(5⁷)

1825 5421 1998 5478 Ῥυῖξές

97 5471 324 5556 ξομ-εξ·
358 5475 456 5556 καὶ
478 5475 686 5546 ὥσπερ,
717 5471 938 5556 omissis
963 5474 1212 5556 reliquis.
1421 5545 1434 5556 _
1522 5471 1529 5472 ί
1575 5471 1579 5472 ί
1632 5541 1684 5556 ω

1829 5471 1841 5475 “
1889 5472 1999 5556 ςέἓὲὶ
2040 5473 2173 5556 Efes-
2206 5472 2260 5556 Ξο
2295 5471 2600 5556 ὲετοριεκδς
2627 5471 2857 5556 adeo“:
3146 5537 3172 5548 ..

215 5546 320 5614 55)
364 5545 458 5621 §ic
487 5541 736 5621 man_uSc.
777 5548 1020 5604 quidam.
1048 5545 1193 5600 Editi
1228 5560 1384 5611 vero,
1417 5541 1715 5616 ὲμφανιζό-

1826 5615 1840 5621 Δ
1887 5541 2174 5621 (59)]ἶρές.
2211 5541 2264 5594 2.
2288 5541 2520 5621 “suae:
2561 5544 2594 5612 ή
2624 5541 2900 5621 εἰκιὼνοτὸν
2931 5541 3252 5621 χαρακτῆρα
3285 5541 3382 5617 τῇς

92 5609 458 5694 μιεέᾳέθὲτο
479 5615 774 5694 “2W7wa-
815 5687 828 5694 _
883 5685 896 5694 _
1082 5684 1109 5694 _
1202 5685 1216 5694 _
1274 5684 1287 5694 .
1367 5609 1375 5611 ⁷
1544 5684 1556 5694 _
1608 5684 1629 5694 Δ
1815 5609 2256 5694 ἁγίαςξὴοτόκου
2287 5609 2615 5676 ϐαστάζοντα
2644 5611 2732 5664 τὸν
2756 5609 2962 5683 Κύριον
2987 5609 3143 5681 ἡμῶν
3183 5609 3382 5678 Ἰησοῦν

182 5686 322 5760 (56)
363 5683 565 5760 Reg?
596 5696 652 5741 et
683 5687 738 5746 5.
783 5685 994 5751 εἰκόνας
1040 5684 1149 5740 τῶν
1192 5684 1388 5753 ἁγίων.
1430 5683 1495 5738 Et
1543 5684 1708 5751 infra,

1825 5684 2048 5752 Χριστόν
2965 5717 2968 5720 ~

85 5764 160 5819 αἱ
194 5754 395 5827 ἆγίων
419 5754 626 5820 εἰκόνες
