3840 6194
465 347 563 408 525

1586 337 1643 393 S.
1685 330 2152 391 ATHANASIUS.
2193 360 2264 370 —
2304 327 2579 385 SPURIA.

3611 323 3713 380 624

459 464 745 531 insederit,
779 460 1043 518 debemus
1072 457 1240 514 etiam
1285 454 1474 511 asinos
1508 452 1749 508 salutare
1790 465 1857 506 ac
1883 464 2029 505 vene

2143 444 2488 510 ἐπεκάθισεν,
2519 443 2805 516 ὀφείλομεν
2831 442 3014 497 λοιπὸν
3038 440 3278 505 καὶτοὺς
3298 439 3456 504 ὅνους
3482 439 3718 503 ἀσπάζε-

457 556 609 612 rari?
636 553 764 610 Hazc
801 552 950 608 enim
996 549 1157 607 nobis
1203 547 1472 619 objiciunt
1497 542 1670 600 Judaei
1695 549 1751 598 et
1778 541 2028 614 gentiles.

526 731 695 790 Rssr.
733 730 855 788 Non
880 734 941 786 in
980 730 1139 787 asino
1164 727 1419 785 Christus
1439 724 1718 781 diabolum
1748 729 1804 778 et
1825 722 2031 778 daemo-

459 841 559 883 nes
585 825 805 891 devicit,
837 837 1017 894 neque
1043 823 1101 877 in
1139 836 1206 877 eo
1236 820 1466 875 salutem
1486 822 1581 885 “est
1617 821 1897 887 operatus,
1934 812 2032 869 sed

459 921 516 975 in
559 932 744 973 cruce.
775 914 931 971 Unde
968 930 1091 969 cum
1141 912 1328 969 asinos
1351 910 1537 966 vident
1581 906 1877 972 damones,
1922 919 2032 960 non

458 1017 699 1067 tremunt
750 1024 855 1064 nec
893 1004 1192 1063 formidant
1232 1012 1332 1060 :at
1381 1017 1509 1058 cum
1556 1014 1775 1055 crucem
1821 996 2030 1064 vident,

459 1117 602 1173 saepe
627 1109 889 1167 tremunt,
925 1100 1171 1166 horrent,
1203 1103 1527 1156 sternuntur
1551 1108 1617 1150 ac
1646 1092 1925 1166 fugantur.

529 1268 750 1338 Qua-:sr.
779 1268 915 1323 XLI.
956 1266 1076 1335 Qua
1119 1268 1189 1323 de
1234 1281 1401 1323 causa
1444 1280 1548 1322 nos
1588 1263 1778 1320 ﬁdeles
1816 1274 2028 1325 omnes,

459 1376 676 1428 cruces,
720 1358 925 1414 Christi
971 1358 1151 1414 crucis
1194 1357 1480 1427 imagines,
1519 1353 1824 1424 efﬁngimus
1860 1370 1874 1407 :
1905 1365 2034 1407 san-

459 1459 561 1506 etae
589 1456 771 1504 autem
804 1449 924 1519 ejus
961 1448 1184 1512 lancem,
1217 1446 1506 1502 arundinis
1536 1452 1591 1501 et
1619 1444 1861 1516 spongiae
1884 1442 2034 1497 'ima-

457 1542 613 1613 gines
658 1555 768 1595 non
801 1539 1101 1596 eﬁicimus?
1136 1538 1262 1595 Hec
1295 1538 1444 1594 enim
1481 1551 1637 1609 aeque
1675 1545 1805 1594 sunt
1840 1542 2034 1592 sancta

458 1647 523 1687 ac
552 1646 688 1687 crux
714 1632 854 1701 ipsa.

529 1720 691 1778 Resp.
732 1721 927 1778 Crucis
956 1719 1183 1792 ﬁguram
1215 1734 1287 1776 ex
1319 1719 1535 1776 duobus
1578 1718 1743 1791 lignis
1776 1717 2027 1789 compin-

2136 536 2261 590 σθαι
2293 536 2428 609 (60);
2480 537 2652 591 Τοῦτο
2684 535 2795 609 γὰρ
2838 536 2978 610 πρὸς
3029 537 3180 609 ἡμᾶς
3218 535 3476 606 λέγουσιν
3504 536 3556 587 oi
3592 535 3719 588 Ἰου-

2132 628 2297 684 δαίων
2319 630 2416 683 καὶ⁸
2447 629 2712 702 Ἐλλήνων
2742 628 2951 692 παῖδες.

2216 721 2401 777 Ἀπόκ.
2432 722 2545 776 Οὐκ
2561 723 2618 776 ἐν
2645 721 2725 793 τῷ
2747 722 2856 793 ὄνῳ
2878 720 2970 775 τὸν
2993 720 3238 775 διάϐολον
3260 721 3289 775 ό
3316 718 3559 792 Χριστὸς
3592 737 3718 774 κατ-

2132 810 2343 883 ήργησε
2376 810 2621 875 καὶτοὺς
2672 810 2951 882 δαίμονας,
2981 810 3104 864 οὐδὲ
3147 812 3207 864 ἐν
3238 809 3387 881 αὐτῷ
3413 809 3515 882 τὴν
3546 827 3718 882 σωτη-

2134 900 2258 973 ρίαν
2276 900 2591 973 εἰργάσατο,
2621 898 2825 955 ἀλλ”ἐν
2861 900 2940 973 τῷ
2969 899 3205 973 σταυρῷ.
3239 900 3402 954 Ὅθεν
3434 899 3595 964 ὅνους
3622 901 3719 971 μὲν

2131 991 2367 1063 ὁρῶντες
2397 994 2448 1046 οί
2496 992 2749 1063 δαίμονες
2793 991 2855 1045 ού
2884 992 3204 1064 τρέμουσιν,
3226 990 3349 1044 οὐδὲ
3386 990 3717 1061 φοϐοῦνται⁸

2134 1082 2371 1154 σταυρὸν
2397 1082 2455 1136 δέ
2482 1082 2745 1147 πολλάκις
2778 1081 3013 1154 ὁρῶντες
3038 1081 3303 1154 τρέμουσι
3330 1082 3426 1135 καὶ
3459 1081 3713 1153 φρίττουσ

2135 1188 2191 1226 σι
2217 1172 2349 1244 (61),
2366 1172 2462 1226 καὶ
2485 1171 2891 1245 καταργοῦνται
2910 1173 3006 1226 καὶ
3037 1172 3346 1226 διώκονται.

2216 1261 2409 1335 Ἐρώτ.
2444 1260 2555 1334 μα’.
2575 1263 2731 1327 Τίνος
2754 1264 2811 1317 δὲ
2832 1262 2991 1335 χάριν
3022 1263 3073 1316 oi
3103 1264 3284 1318 πιστοὶ
3299 1262 3541 1328 ἅπαντες
3566 1281 3719 1318 σταυ-

2136 1354 2262 1426 ροὺς
2293 1354 2391 1425 μὲν
2416 1354 2738 1418 ἀντιτύπους
2756 1354 2851 1407 τοῦ
2883 1353 3115 1427 σταυροῦ
3135 1354 3229 1408 τοῦ
3254 1355 3495 1428 Χριστοῦ
3530 1356 3719 1410 ποιοῦ-

2135 1463 2257 1518 μεν,
2287 1445 2389 1517 τῆς
2419 1445 2476 1499 δὲ
2506 1446 2668 1516 ἁγίας
2701 1444 2865 1499 αὑτοῦ
2891 1444 3114 1518 λόγχης,
3149 1446 3182 1517 ἢ
3230 1446 3325 1500 τοῦ
3364 1446 3639 1518 καλάμου,
3682 1450 3715 1519 ἢ

2130 1535 2226 1589 τοῦ
2265 1536 2525 1605 σπόγγου,
2574 1536 2844 1590 ἀντίτυπα
2891 1535 2954 1589 ού
2997 1537 3506 1609 κατασκευάζομεν;
3549 1538 3719 1607 ’Δγισι

2131 1626 2242 1699 γάρ
2279 1629 2386 1682 είσι
2418 1626 2707 1682 καὶταῦτα
2734 1627 2878 1682 καθὰ
2910 1627 3006 1682 καὶ
3046 1628 3077 1680 ό
3109 1628 3358 1700 σταυρός.

2216 1718 2406 1773 ’Δπόκ.
2438 1718 2543 1773 Τὸν
2576 1718 2675 1790 μὲν
2706 1718 2800 1773 τοῦ
2838 1717 3073 1790 σταυροῦ
3102 1719 3273 1773 τύπον
3304 1721 3369 1774 ὲκ
3398 1720 3495 1773 δύο
3543 1720 3719 1787 ξύλων

456 1815 661 1887 gimus,
691 1829 856 1886 quam
888 1812 1202 1869 adoramus.
1241 1811 1379 1866 Cum
1408 1827 1545 1868 vero
1573 1811 1697 1882 quis
1729 1808 2029 1865 inﬁdelium

2143 1811 2497 1877 συνάπτοντες
2522 1811 2958 1885 προσκυνοῦμεν.
2990 1811 3184 1866 Ἠνίκα
3220 1814 3279 1867 δέ
3311 1831 3398 1878 τις
3431 1816 3567 1886 ἡμῖν
3607 1816 3717 1869 τῶν

457 1907 618 1963 nobis
633 1906 967 1977 exprobrare
986 1904 1137 1971 velit,
1160 1902 1311 1975 quod
1334 1903 1541 1975 lignum
1563 1902 1876 1966 adoremus,
1901 1914 2032 1970 pos-

458 2015 652 2058 sumus
693 1999 805 2054 duo
864 1999 1009 2070 ligna
1055 1997 1392 2067 disjungere,
1453 1995 1749 2066 crucisque
1799 1994 2030 2065 ﬁguram

458 2093 778 2159 dissolvere,
807 2099 971 2163 atque
1003 2098 1064 2145 ut
1106 2105 1258 2145 mera
1294 2090 1441 2161 ligna
1471 2097 1770 2160 reputare:
1797 2087 2034 2157 indeque

458 2185 664 2242 inﬁdeli
708 2185 1039 2257 persuadere
1080 2198 1183 2239 nos
1216 2197 1325 2238 non
1376 2182 1584 2254 lignum
1612 2180 1887 2244 venerari,
1937 2176 2034 2235 sed

459 2278 642 2334 crucis
668 2277 919 2350 ﬁguram.
950 2274 1096 2331 Idem
1122 2281 1306 2330 autem
1337 2288 1499 2345 agere
1525 2286 1633 2329 non
1659 2287 1953 2345 possumus
1976 2270 2035 2325 in

459 2373 671 2437 lancea.
708 2369 979 2427 arundine
1008 2375 1102 2423 aut
1136 2368 1386 2442 spongia.

530 2548 754 2616 Quzs'r.
784 2544 949 2602 XLII.
993 2544 1277 2602 Undenam
1320 2552 1532 2600 certum
1579 2552 1663 2599 est
1691 2542 2036 2600 Christiano-

458 2656 581 2697 rum
622 2640 782 2696 ﬁdem
819 2648 1083 2710 praestare
1135 2637 1257 2693 aliis
1291 2638 1548 2693 omnibus
1580 2653 1702 2708 quae
1749 2639 1853 2694 sub
1893 2639 2035 2693 coelo

458 2732 628 2788 sunt?
656 2730 938 2802 Siquidem
971 2728 1108 2787 ﬁdes
1140 2729 1321 2785 omnis
1356 2744 1418 2785 se
1438 2729 1655 2786 caeteris
1682 2731 1856 2803 magis
1887 2722 2033 2802 piam

458 2840 583 2882 esse
614 2824 910 2880 existimat.

531 2913 693 2971 Resp.
734 2912 902 2967 Multa
933 2911 1039 2967 hac
1069 2911 1138 2968 de
1170 2926 1229 2967 re
1264 2912 1456 2968 liceret
1478 2912 1684 2977 dicere,
1712 2913 2034 2983 prolixaque

458 3012 544 3063 est
597 3004 1040 3061 Christianorum
1085 3001 1211 3058 ﬁdei
1272 3002 1548 3073 probatio.
1608 3001 1867 3057 Altamen
1922 3004 2035 3057 duo

458 3098 707 3170 quaedam
761 3096 919 3167 signa
958 3093 1103 3166 apud
1140 3110 1244 3150 nos
1288 3094 1566 3163 videntur,
1619 3111 1741 3167 qua:
1785 3104 2031 3151 nostram

455 3188 777 3258 religionem
812 3185 1017 3257 Deique
1051 3200 1180 3256 erga
1209 3200 1313 3241 nos
1350 3200 1591 3241 amorem
1634 3194 1688 3242 et
1716 3187 2030 3257 praesidium
2060 3215 2101 3273 α

455 3275 761 3331 declarant.
796 3274 1038 3331 Primum
1078 3281 1184 3340 est,
1214 3273 1363 3345 quod
1391 3275 1461 3330 ab
1498 3276 1657 3332 initio
1682 3278 1869 3332 saeculi
1911 3278 2031 3332 nul-

455 3368 565 3422 lam
600 3376 813 3438 gentem
861 3366 1113 3421 novimus
1142 3366 1211 3421 ab
1239 3366 1496 3423 omnibus
1537 3367 1661 3424 aliis
1690 3368 1880 3422 tandiu
1928 3368 2034 3423 im-

459 3467 754 3531 pugnatam
805 3458 1058 3529 gentibus
1112 3474 1216 3513 nec
1273 3458 1507 3513 deletam
1535 3498 1551 3524 ,
1609 3467 1806 3531 praeter
1861 3462 2033 3516 solum

460 3552 668 3609 Christi
702 3552 884 3619 ﬁdem,
916 3568 1039 3623 quae
1071 3566 1204 3608 sane
1230 3568 1342 3609 non
1371 3554 1546 3610 deleri
1593 3569 1703 3610 non
1739 3555 2029 3624 potuisset,

460 3642 533 3699 ab
559 3644 815 3699 omnibus
853 3643 988 3699 adeo
1018 3643 1336 3716 impugnata
1366 3645 1644 3717 gentibus,
1687 3647 1793 3701 nisi
1836 3661 2032 3701 manus

457 3734 672 3791 Domini
703 3750 824 3792 eam
865 3744 1139 3793 servasset
1185 3748 1241 3793 et
1282 3746 1528 3794 servaret
1551 3737 1848 3809 quominus
1887 3737 2034 3792 dele-

457 3832 632 3881 retur.
678 3825 924 3881 Alterum
972 3834 1077 3890 est,
1109 3826 1255 3897 quod
1301 3828 1488 3883 nullus
1530 3827 1832 3898 imperator
1873 3825 2034 3881 Chri-

460 3917 767 3973 stianorum
793 3917 1045 3974 barbaris
1069 3933 1307 3988 unquam
1330 3919 1387 3973 in
1408 3926 1641 3974 mortem
1664 3918 1901 3974 traditus
1923 3929 2027 3982 est,

456 4009 709 4080 quamvis
750 4014 833 4064 tot
877 4018 1066 4081 gentes
1113 4009 1404 4080 imperium
1463 4017 1870 4082 oppugnarent.
1919 4011 2031 4063 [mo

456 4119 569 4158 non
600 4103 779 4160 solum
808 4101 1193 4173 imperatorem
1223 4101 1533 4172 opprimere
1568 4117 1679 4156 non
1716 4102 2029 4165 valuerunt,

458 4193 556 4250 sed
582 4208 687 4250 nec
714 4193 836 4264 ejus
865 4192 1155 4264 imaginem
1190 4208 1259 4247 ex
1289 4193 1551 4256 nummis,
1582 4207 1708 4247 cum
1735 4208 1901 4248 cruce
1936 4194 2035 4249 de-

457 4284 607 4350 lere,
660 4285 789 4340 licet
847 4284 1098 4339 nonnulli
1148 4283 1368 4355 tyranni
1413 4283 1470 4338 id
1511 4284 1865 4340 tentaverint.
1918 4283 2033 4341 Nec

456 4374 603 4429 enim
646 4374 929 4431 existimes
971 4382 1194 4431 tenuem
1231 4381 1287 4429 et
1311 4374 1474 4431 vilem
1522 4389 1639 4429 rem
1689 4375 1854 4431 istam
1884 4391 2029 4434 esse.

455 4459 572 4517 Nisi
601 4464 746 4519 enim
781 4463 941 4519 ﬁdem
968 4471 1212 4518 nostram
1239 4478 1352 4534 prae
1397 4463 1521 4519 aliis
1546 4465 1806 4522 omnibus
1833 4467 2035 4538 elegis-

2137 1903 2381 1958 ἀπίστων
2410 1904 2782 1974 ἐγκαλέσειεν,
2812 1905 2888 1970 ὡς
2917 1904 3071 1970 ξύλον
3121 1906 3589 1980 προσκυνοῦντας,
3623 1908 3716 1960 δυ-

2133 1995 2345 2067 νάμεθα
2386 1996 2455 2050 τὰ
2489 1997 2583 2050 δύο
2602 1995 2736 2064 ξύλα
2763 1997 3117 2074 χωρίσαντες,
3143 1997 3238 2052 καὶ
3272 1998 3363 2052 τὸν
3396 1998 3570 2054 τύπον
3621 2000 3715 2054 τοῦ

2135 2086 2370 2159 σταυροῦ
2392 2087 2763 2153 διαλύσαντες,
2786 2089 2863 2153 ὡς
2894 2088 3041 2160 ἀργὰ
3063 2088 3237 2143 ταῦτα
3270 2089 3525 2160 ἡγεῖσθαι
3564 2090 3716 2157 ξύλα,

2133 2177 2229 2231 καὶ
2270 2177 2363 2233 τὸν
2406 2177 2635 2232 ἄπιστον
2661 2177 2773 2250 (62)
2810 2181 3029 2247 πεῖσαι,
3062 2179 3147 2233 ὅτι
3188 2178 3249 2232 ού
3280 2179 3341 2232 τὸ
3378 2178 3533 2244 ξύλον
3567 2181 3719 2234 σεϐό-

2137 2265 2298 2338 μεθα,
2329 2266 2466 2320 ἀλλὰ
2494 2267 2587 2321 τὸν
2618 2267 2714 2321 τοῦ
2747 2267 2984 2341 σταυροῦ
3018 2267 3207 2324 τύπον.
3227 2268 3349 2322 Ἐπὶ
3375 2269 3435 2324 δὲ
3462 2268 3717 2344 λόγχηςῆ

2134 2356 2405 2428 καλάμου,
2450 2357 2485 2429 ἦ
2544 2358 2808 2428 σπόγγου,
2860 2358 3020 2412 τοῦτο
3066 2359 3292 2430 ποιῆσαι
3316 2359 3370 2432 ,ἢ
3420 2360 3599 2429 δεῖξαι
3655 2365 3716 2417 ού

2133 2447 2433 2519 δυνάμεθα.

2208 2539 2321 2612 (65)
2360 2537 2558 2612 Ἐρὼτ.
2596 2540 2708 2613 μβ’.
2743 2539 2915 2596 Πόθεν
2936 2540 3118 2612 δῆλον,
3145 2542 3226 2596 ὅτι
3258 2545 3504 2614 κρεῖττον
3536 2544 3719 2617 πάσης

2123 2614 2236 2702 ’τῆς
2264 2633 2356 2686 ὑπ’
2378 2633 2606 2703 οὐρανὸν
2636 2633 2874 2698 πίστεως
2906 2637 2956 2688 oi
2986 2634 3306 2706 Χριστιανοὶ
3348 2614 3687 2710 πιστεύομεν
3698 2656 3714 2705 ;

2135 2725 2294 2778 Πᾶσα
2325 2726 2433 2799 γὰρ
2459 2726 2645 2790 πίστις
2670 2725 3065 2798 εὐσεϐεστέραν
3091 2727 3291 2800 ἑαυτὴν
3321 2723 3464 2783 εἶναι
3504 2731 3717 2802 νομίζει

2133 2817 2243 2869 τῶν
2269 2816 2469 2871 λοιπῶν
2502 2817 2758 2873 πίστεων.

2218 2908 2406 2962 Ἀπόκ.
2446 2909 2619 2973 Πολὺς
2649 2911 2677 2963 ό
2708 2910 2837 2981 περὶ
2871 2909 3065 2964 τούτου
3101 2910 3279 2982 λόγος,
3322 2912 3419 2967 καὶ
3459 2914 3654 2988 μακρὰ
3682 2918 3715 2987 ἡ

2133 2999 2480 3071 Χριστιανῶν
2507 2999 2618 3072 (64)
2637 3001 2872 3066 πίστεως
2898 3003 3171 3067 ἀπόδοσις.
3198 3004 3389 3076 Ὅμως
3410 3004 3468 3059 δὲ
3487 3006 3584 3060 δύο
3598 3009 3718 3061 τινὰ

2134 3091 2366 3162 ὁρῶντες
2396 3094 2597 3163 σημεῖα
2633 3095 2762 3164 παρ’
2798 3094 2949 3164 ἡμῖν,
2986 3095 3085 3165 τὴν
3112 3094 3267 3166 ἡμῶν
3293 3095 3583 3151 εὐσέϐειαν
3626 3100 3719 3152 καὶ

2133 3187 2234 3257 τὴν
2265 3186 2358 3239 τοῦ
2384 3185 2518 3239 Θεοῦ
2552 3186 2689 3257 πρὸς
2709 3188 2856 3257 ἡμᾶς
2875 3187 3096 3258 ἀγάπην
3125 3188 3220 3241 καὶ
3250 3189 3460 3261 σκέπην
3488 3192 3721 3262 ἐμφανί-

2137 3274 2297 3341 ζοντα
2321 3293 2334 3308 ·
2379 3276 2595 3348 πρῶτον
2641 3279 2758 3350 μὲν,
2788 3278 2870 3332 ὅτι
2919 3278 3017 3349 οὐχ
3057 3280 3383 3352 εὑρίσκομεν
3413 3282 3507 3334 ἀπ’
3543 3284 3719 3356 app};

2135 3367 2328 3431 αίῶνος
2356 3367 2504 3432 ἔθνος
2534 3368 2641 3422 ὑπὸ
2672 3370 2888 3424 πάντων
2914 3369 3083 3423 ἐθνῶν
3111 3371 3418 3442 πολεμηθὲν
3457 3374 3555 3426 ἐπὶ
3594 3375 3723 3444 χρό-

2135 3475 2256 3521 νους
2283 3459 2568 3525 τοσούτους
2590 3460 2701 3531 (65)
2733 3462 2827 3515 καὶ
2860 3461 2935 3533 μὴ
2979 3461 3314 3532 ἐξαλειφθέν,
3348 3466 3396 3518 εί
3438 3466 3514 3537 μὴ
3559 3469 3719 3537 μόνον

2131 3551 2232 3622 τὴν
2260 3549 2353 3603 τοῦ
2376 3552 2611 3622 Χριστοῦ
2654 3546 2858 3618 πίστιν,
2886 3555 3008 3625 ῆτις
3045 3554 3146 3608 οὐκ
3176 3554 3242 3609 ἂν
3272 3554 3490 3626 ἔμεινεν
3532 3558 3721 3625 ἀνεξά-

2132 3641 2369 3705 λειπτος,
2392 3641 2562 3705 οὕτως
2595 3642 2700 3695 ὑπὸ
2738 3643 2954 3698 πάντων
2976 3644 3084 3698 τῶν
3119 3644 3291 3698 ἐθνῶν
3317 3645 3716 3719 πολεμηθείσα,

2133 3735 2183 3786 εἰ
2219 3732 2292 3804 μὴ
2318 3734 2437 3805 χεὶρ
2479 3733 2680 3805 Κυρίου
2738 3735 3055 3805 διεφύλαττε
3102 3737 3198 3790 καὶ
3245 3737 3508 3806 φυλάττει
3547 3742 3719 3812 αὐτὴν

2133 3826 2547 3892 άνεξάλειπτον’
2583 3826 2831 3898 δεύτερον
2875 3828 2952 3892 δὲ,
2999 3831 3191 3902 ὅτιπερ
3245 3831 3421 3895 οὐδεὶς
3462 3832 3721 3903 βασιλεὺς

2132 3916 2472 3990 Χριστιανῶν
2513 3919 2809 3992 βαρϐάροις
2838 3922 2966 3975 ποτέ
3004 3922 3276 3995 παρεδόθη
3318 3924 3401 3988 είς
3461 3924 3720 3990 θάνατον,

2133 4009 2309 4062 καίτοι
2345 4008 2616 4063 τοσούτων
2645 4009 2816 4064 ἐθνῶν
2842 4012 2903 4065 τὸ
2955 4011 3224 4074 βασίλειον
3251 4013 3717 4086 πολεμησάντων.

2134 4099 2208 4152 Ού
2239 4100 2396 4170 μόνον
2419 4099 2477 4152 δὲ
2500 4101 2591 4154 τὸν
2612 4100 2857 4171 βασιλέα,
2878 4100 3012 4155 ἀλλὰ
3039 4104 3160 4157 οὐδὲ
3179 4104 3278 4176 τὴν
3304 4105 3503 4158 ἑαυτοῦ
3529 4108 3721 4159 εἰκόνα

2133 4191 2198 4244 ἐκ
2216 4190 2309 4244 τοῦ
2338 4191 2671 4262 νομίσματος
2691 4194 3036 4265 καταργῆσαι
3069 4196 3166 4248 σὺν
3205 4195 3282 4267 τῷ
3308 4198 3535 4268 σταυρῷ
3567 4199 3723 4269 ἴσχυ-

2135 4298 2253 4346 σαν,
2301 4281 2502 4353 καίπερ
2558 4281 2718 4336 τινῶν
2762 4284 3039 4354 τυράννων
3070 4283 3228 4338 τοῦτο
3277 4284 3718 4356 δοκιμασάντων.

2133 4371 2225 4443 Μὴ
2252 4372 2361 4443 γὰρ
2386 4372 2540 4442 ψιλόν
2561 4390 2621 4426 τε
2650 4372 2746 4427 καὶ
2771 4374 2985 4439 εὐτελές
3011 4391 3092 4429 σοι
3118 4378 3354 4448 πρᾶγμα
3380 4379 3545 4432 τοῦτο
3580 4376 3722 4438 εἶναι

2135 4460 2383 4532 νομισθῇ.
2420 4463 2484 4515 El
2522 4463 2597 4534 μὴ
2644 4462 2754 4534 γὰρ
2794 4464 2933 4536 ὑπὲρ
2977 4465 3157 4531 πάσας
3209 4469 3310 4532 τὰς
3356 4470 3581 4537 πίστεις
3625 4476 3721 4546 τὴν
3774 4484 3781 4493 ’

458 4564 543 4613 set
574 4555 718 4612 Deus
745 4563 799 4612 et
819 4555 1120 4621 dilexisset,
1147 4556 1319 4625 ipsam
1343 4556 1574 4613 minime
1599 4558 1807 4630 absque
1829 4558 2029 4616 damno

2143 4554 2409 4626 ἡμετέραν
2460 4556 2489 4608 ό
2529 4554 2662 4619 Θεὸς
2688 4553 2969 4620 ἐξελέξατο
3019 4561 3113 4613 καὶ⁵
3142 4560 3454 4632 ἠγάπησεν,
3500 4567 3614 4621 οὐκ
3657 4569 3723 4622 ἂν

458 4657 511 4703 et
537 4648 781 4709 vulnere.
820 4646 1031 4701 medias
1078 4646 1222 4702 inter
1250 4656 1441 4719 gentes
1494 4649 1750 4719 luporum
1794 4652 2029 4719 similes,

458 4745 751 4793 servasset.
795 4734 1065 4792 Prmterea
1120 4753 1231 4792 non
1283 4740 1472 4794 debuit
1509 4742 1826 4811 permittere
1884 4744 2032 4802 Deus

458 4823 651 4880 falsam
695 4824 876 4893 fidem,
910 4833 1035 4895 post
1078 4824 1514 4883 incarnationem
1558 4830 1683 4885 Filii
1722 4837 1806 4887 sui
1840 4844 1893 4889 et
1933 4833 2030 4889 Dei

457 4916 631 4971 nostri
674 4914 885 4971 Domini
908 4915 1037 4971 Jesu
1061 4916 1291 4985 Christi,
1336 4934 1432 4989 per
1465 4936 1658 4977 omnes
1691 4930 1850 4978 terrae
1890 4924 2029 4982 fines

457 5007 749 5063 dominari.
776 5007 931 5066 Unde
954 5010 1057 5065 hoc
1083 5012 1263 5081 ipsum
1284 5014 1432 5083 quod
1459 5015 1515 5069 in
1560 5016 1817 5073 omnibus
1845 5022 1995 5089 genti
2012 5049 2031 5062 -

456 5098 562 5154 bus
604 5100 873 5155 creditum
897 5103 967 5157 sit
1014 5102 1222 5158 Christi
1254 5105 1632 5176 Evangelium,
1681 5117 1892 5164 certum
1943 5121 2028 5168 est

459 5200 839 5263 argumentum
867 5208 979 5249 non
1009 5194 1168 5249 aliam
1201 5198 1347 5267 piam
1385 5212 1509 5254 esse
1542 5197 1700 5255 ﬁdem
1729 5203 1835 5257 sub
1860 5205 2021 5261 caelo.

531 5476 641 5555 (69)
682 5477 806 5555 Ilaec
833 5482 1062 5555 quastio
1092 5482 1245 5538 deest
1278 5484 1330 5537 in
1376 5483 1540 5539 Basil.
1587 5486 1723 5542 Ibid.
1765 5486 1940 5544 Palat.
1971 5490 2027 5555 2,

461 5545 659 5631 ᾼοιπὸν
683 5551 804 5631 ἐπεὶ
832 5545 1113 5631 είςρνονρ
1151 5556 1382 5631 Χριστός
1425 5555 1699 5631 ἐκάθισεν,
1745 5545 2029 5631 ὀφείλομεν

462 5614 718 5698 καὶτοὺς
731 5618 885 5698 ὅνους
912 5614 1271 5687 ἀσπάζεσθαι.
1314 5614 1503 5679 ’Ᾰπόδα

532 5683 641 5770 (ﬁl)
671 5686 905 5769 ’Quidam
941 5683 1099 5770 rnssf,
1146 5695 1376 5766 σταυρὸν
1412 5697 1470 5750 δὲ
1503 5696 1738 5769 ὁρῶντες
1768 5700 2028 5770 τρέμουσι

464 5752 555 5822 και
569 5753 844 5822 Δφεύγουσι
878 5760 972 5812 καὶ
1004 5752 1127 5814 κατ.

533 5820 644 5891 (62)
687 5820 856 5881 Palat.
886 5829 938 5895 I,
966 5828 1310 5898 διαλύσαντες
1333 5835 1500 5889 ταῦτα
1528 5836 1701 5908 ῥίψαν
1736 5839 1829 5896 καὶ
1861 5857 2029 5896 κατα-

2112 5755 2117 5762 .
2357 5704 2449 5783 §ic
2470 5708 2690 5783 quidam
2725 5725 2857 5767 mss.
2894 5712 3056 5783 Editi,

2133 4645 2299 4717 αὐτὴν
2323 4645 2427 4700 ἀνὰ
2451 4646 2614 4717 μέσον
2644 4647 2754 4703 τῶν
2782 4648 2949 4704 ἐθνῶν
2974 4650 3050 4714 ὡς
3063 4651 3242 4707 λύκων
3273 4655 3444 4711 ὄντων
3474 4658 3722 4729 ἐφύλατ-

2131 4755 2222 4792 τεν
2250 4738 2460 4811 άϐλαϐῆ
2494 4757 2555 4793 τε
2589 4740 2685 4793 καὶ
2715 4741 2981 4812 ἄτρωτον.
3017 4744 3166 4816 Πλὴν
3186 4747 3305 4801 οὐδὲ
3346 4748 3551 4820 ἔμελλε
3585 4771 3721 4822 συγ-

2132 4835 2326 4905 χωρεῖν
2357 4834 2386 4886 ὁ
2436 4832 2568 4897 Θεὸς
2615 4833 3033 4907 πεπλανημένην
3082 4838 3263 4893 πίστιν
3289 4848 3722 4919 κατακυριεύειν

2136 4924 2272 4995 μετὰ
2294 4925 2392 4996 τὴν
2424 4924 2701 4996 σάρκωσιν
2726 4926 2818 4980 τοῦ
2858 4927 2989 4981 Υίοῦ
3020 4929 3185 4983 αὐτοῦ
3218 4934 3312 4986 καὶ
3356 4934 3491 4990 Θεοῦ
3532 4940 3718 5011 ήμῶν,

2130 5015 2224 5068 τοῦ
2259 5016 2466 5087 Κυρίου
2514 5016 2687 5087 Ἰησοῦ
2741 5016 2978 5088 Χριστοῦ
3031 5018 3126 5074 ἐπὶ
3175 5022 3353 5077 πάντα
3390 5026 3463 5079 τὰ
3498 5032 3720 5103 πέρατα

2131 5107 2229 5177 τῆς
2242 5108 2365 5179 γῆς.
2398 5106 2559 5162 Ὅθεν
2587 5109 2681 5162 καὶ
2701 5108 2833 5161 αὐτὸ
2857 5108 3036 5174 τοῦτο,
3053 5112 3115 5166 τὸ
3140 5113 3198 5167 ἐν
3232 5117 3369 5169 πᾶσι
3399 5120 3516 5182 τοῖς
3536 5122 3718 5177 ἔθνεσι

2131 5198 2486 5271 πιστευθῆναι
2529 5200 2592 5254 τὸ
2632 5201 2964 5270 Εὐαγγέλιον
2999 5202 3095 5256 τοῦ
3133 5203 3395 5278 Χριστοῦ,
3436 5217 3719 5288 μαρτυρέα

2131 5290 2279 5343 ἐστὶν
2309 5291 2566 5363 ἀψευδὴς,
2588 5292 2671 5346 ὅτι
2700 5293 2802 5373 οὐκ
2825 5291 2974 5348 ἐστιν
3000 5294 3134 5369 ἄλλη
3163 5297 3348 5366 πίστις
3377 5303 3623 5379 εὐσεϐὴς
3662 5311 3720 5362 ἐν

2130 5382 2196 5451 τῇ
2228 5381 2322 5434 ὑπ’
2359 5381 2608 5453 οὐρανόν.

2132 5495 2393 5565 πατῆσαι,
2429 5498 2523 5551 καὶ
2548 5497 2638 5551 τὸν
2668 5500 2764 5558 ἄπ.

2203 5564 2597 5646 ςδδλρυιεειίυ
2623 5570 2737 5626 haec
2767 5574 2922 5630 abest
2948 5589 2977 5629 a
3008 5574 3184 5629 Palat.
3231 5572 3268 5627 2
3299 5584 3353 5631 ct
3375 5591 3405 5631 a
3430 5582 3717 5636 veteribus

2130 5633 2295 5690 editis
2322 5636 2553 5693 Latinis.

2258 5716 2314 5790 με)
2354 5716 2449 5790 Ξιο
2470 5716 2690 5789 quidam
2725 5725 2857 5767 mss.
2894 5716 3279 5790 Editi,_ﬂ__7repl_.
3302 5718 3682 5790 Χριστιανῶν.

2134 5774 2446 5912 σόἑεέεέἰςξίο
2477 5774 2715 5835 maxima
2743 5795 2870 5852 pars
2898 5774 3236 5855 mss.'Editi,'
3263 5774 3715 5861 summa};
