3860 6200
209 325 314 380 625

1203 321 1670 390 QUIESTIONES
1706 320 1799 375 AD
1835 317 2243 376 ANTIOCHUM
2281 316 2542 373 DUCEM.

3377 312 3482 370 626

279 443 396 512 (66)
430 443 622 515 Ἐρὼτ.
662 450 773 515 μγ¹.
799 445 910 498 Καὶ
935 445 984 497 εί
1023 444 1196 500 ταῦτα
1225 445 1399 510 οὕτως
1438 445 1571 517 ἔχει,
1601 444 1716 507 πῶς
1767 445 1783 496 ἑ

1970 441 2192 507 ρυιιῑετ.
2222 437 2405 493 XLIII.
2449 436 2509 492 Si
2540 435 2614 492 ita
2645 450 2733 490 res
2762 433 2947 500 habet,
2975 449 3076 489 cur
3106 431 3337 487 Satanas
3367 445 3481 486 non

210 537 457 599 Σατανᾶς
487 536 548 588 οὐ
587 536 780 590 διεῖλεν
819 536 985 608 άλλην
1015 538 1198 591 πίστιν
1229 539 1322 591 ἐπὶ
1342 540 1446 608 γῆς
1484 539 1564 602 είς
1595 537 1791 591 τοσαύ-

208 646 304 692 τας
334 629 596 700 αἱρέσεις,
622 630 671 682 εί
708 632 782 701 μὴ
803 630 902 701 τὴν
932 629 1040 684 τῶν
1065 631 1437 702 Χριστιανῶν;

295 719 485 774 ’Δπόκ.
519 719 608 784 Ὠς
638 721 1018 792 ἀντικειμένην
1036 721 1184 792 αὑτῷ
1208 721 1450 792 δηλονότι
1481 721 1574 774 καὶ
1594 736 1794 790 καταρ-

205 810 410 880 γοῦσαν
441 813 624 866 αὐτόν.
654 811 790 866 Ποία
823 811 952 883 γὰρ,
977 812 1099 866 εἰπέ
1145 829 1256 882 μοι,
1297 812 1518 883 φροντὶς
1559 812 1592 882 ἢ
1639 811 1785 882 μέρι-

208 920 315 972 μνα
339 902 420 974 τῷ
447 903 680 974 Σατανᾷ,
728 904 1035 968 Ἰουδαίους,
1063 903 1098 975 ἢ
1121 903 1487 975 Σαμαρείτας,
1519 903 1554 973 ἢ
1591 903 1788 973 ’Ἐλλη-

204 1011 300 1058 νας
332 994 721 1066 πολεμῆσαι,ἢ
757 995 977 1067 μερίσαι
1025 996 1105 1059 εἰς
1153 996 1398 1068 αἱρέσεις
1439 995 1534 1049 καὶ
1579 993 1789 1058 πίστεις

203 1086 539 1157 διαφόρους;
580 1087 759 1141 Πᾶσαι
797 1088 908 1158 γάρ
937 1081 1098 1141 αὗται
1128 1087 1292 1140 αὐτοῦ
1319 1089 1449 1151 είσι,
1495 1087 1590 1140 καὶ
1635 1087 1790 1139 οὐδα-

205 1177 326 1246 μῶς
359 1179 389 1230 6
420 1178 663 1242 Σατανᾶς
684 1178 744 1231 τὸ
769 1177 962 1232 ἑαυτοῦ
991 1177 1238 1248 πολεμεῖ,
1267 1177 1404 1231 ἀλλὰ
1418 1176 1486 1230 τὰ
1507 1176 1601 1230 τοῦ
1627 1174 1784 1229 Θεοῦ.

202 1268 366 1320 Ὥστε
390 1267 468 1338 τῷ
495 1267 803 1338 βουλομένῳ
828 1268 923 1322 καὶ
972 1267 1221 1321 ἐντεῦθέν
1267 1269 1385 1320 ἐστι
1447 1267 1670 1338 μαθεῖν,
1705 1267 1786 1320 ὅτι

199 1358 297 1410 οὐκ
330 1357 478 1411 ἐστιν
506 1359 668 1430 ἑτέρα
699 1360 883 1422 πίστις
917 1357 1150 1430 εὐσεϐὴς
1171 1358 1263 1412 ἐπὶ
1295 1358 1397 1428 τῆς
1419 1360 1524 1429 γῆς
1551 1357 1710 1428 άλλη,
1737 1359 1786 1409 εί

201 1447 276 1518 μὴ
316 1447 454 1518 μόνη
487 1449 519 1519 ἡ
543 1449 622 1512 είς
641 1447 898 1520 Χριστόν.

273 1539 382 1610 (67)
436 1537 630 1611 Ἑρώτ.
684 1539 785 1609 μδ’.
841 1538 986 1609 Ποίῳ
1032 1538 1091 1592 δὲ
1138 1539 1324 1610 τρόπῳ
1377 1536 1640 1610 πείσομεν
1693 1538 1786 1592 τὸν

199 1629 420 1701 ἰδιώτην
450 1632 544 1684 καὶ
577 1630 873 1702 βάρϐαρον,
901 1631 985 1684 ὅτι
1026 1631 1167 1701 ὑπὲρ
1207 1631 1388 1693 πάσας
1419 1630 1517 1693 τὰς
1547 1630 1786 1700 αἱρέσεις

196 1724 229 1791 ἡ
258 1721 527 1792 καθολικὴ
569 1721 860 1794 Ἐκκλησία
881 1721 979 1793 τὴν
1013 1721 1179 1794 ὀρθὴν
1210 1721 1393 1775 πίστιν
1414 1721 1550 1792 ἔχει,
1590 1723 1687 1778 καὶ
1722 1722 1783 1775 οὐ

200 1810 499 1880 σφάλλεται
519 1827 534 1875 ;

283 1905 480 1957 Ἀπόκ.
509 1905 572 1957 Οἱ
604 1902 677 1975 μὴ
698 1903 983 1976 δυνάμενοι
1009 1903 1244 1977 Γραφῶν
1272 1923 1332 1959 τε
1362 1904 1458 1958 καὶ
1499 1903 1784 1976 δογμάτων

199 1994 492 2067 ἀκρίϐειαν
516 1996 609 2048 καὶ
639 1996 802 2065 βάθος
828 1995 1059 2051 ἀκοῦσαι
1091 1995 1341 2050 ἐντεῦθεν
1370 1996 1433 2049 τὸ
1473 1997 1632 2066 μόνον
1694 1995 1789 2048 καὶ

197 2087 425 2151 εὐσεϐὲς
468 2088 578 2158 (68)
640 2090 738 2160 τῆς
793 2089 1091 2160 καθολικῆς
1153 2090 1390 2162 Χριστοῦ
1461 2089 1789 2162 Ἐκκλησίας

196 2179 535 2252 πιστωθῆναι
563 2180 866 2248 ὀφείλουσι·
921 2181 1065 2250 λέγω
1097 2181 1161 2253 δὴ
1183 2183 1247 2235 ἐκ
1281 2179 1376 2234 τοῦ
1423 2181 1602 2236 πάντα
1661 2181 1790 2245 τοὺς

197 2273 506 2342 σωτηρίους
538 2273 634 2328 καὶ
663 2273 877 2344 τιμίους
909 2272 1016 2326 τῶν
1044 2272 1282 2343 Χριστοῦ
1328 2273 1670 2344 παθημάτων
1695 2274 1787 2328 τό-

195 2383 332 2429 πους
362 2368 433 2436 τῇ
479 2364 741 2436 καθολικῇ
786 2366 882 2419 καὶ
927 2363 1192 2438 ὀρθοδόξῳ
1238 2365 1396 2436 ήμῶν
1450 2365 1630 2418 πίστει
1691 2366 1788 2420 κα)⁸

207 2457 514 2529 Ἐκκλησία
566 2457 672 2511 ὑπὸ
725 2455 861 2510 Θεοῦ
890 2456 1198 2529 δωρηθῆναι
1239 2458 1335 2511 καὶ
1389 2457 1784 2528 πιστευθῆναιο

195 2548 342 2617 λέγω
367 2548 434 2620 δὴ
463 2549 565 2620 τὴν
589 2546 866 2620 Ναζαρὲθ,
901 2548 1029 2602 ἔνθα
1052 2549 1081 2602 6
1111 2547 1346 2620 Χριστὸς
1377 2549 1435 2602 ὲν
1463 2549 1790 2622 ἡμῖν-ἐσκή-

194 2657 372 2694 νωσε·
414 2641 512 2711 τὴν
535 2640 802 2712 Βηθλεὲμ,
833 2639 961 2694 ἔνθα
1004 2642 1147 2696 κατὰ
1195 2642 1374 2714 σάρκα
1425 2641 1652 2714 ἐτέχθηο
1687 2644 1786 2714 τὴν

195 2733 360 2797 Σιὼν,
385 2732 516 2786 ἔνθα
549 2731 646 2803 τὴν
677 2734 954 2806 σωτηρίαν
992 2732 1071 2805 τῷ
1098 2733 1288 2806 κόσμῳ
1313 2735 1610 2806 εἰργάσατο
1630 2752 1644 2767 ο
1692 2735 1786 2790 τὸν

205 2825 503 2898 Ἰορδάνην,
535 2824 667 2879 ἔνθα
706 2825 797 2878 τὸν
849 2825 1020 2898 Ἀδὰμ
1062 2827 1402 2881 ἀνεκαίνισε·
1453 2826 1516 2880 τὸ
1561 2826 1784 2899 Θαϐὼρ,

193 2919 328 2974 ἔνθα
378 2919 479 2991 τὴν
520 2917 628 2972 τῶν
661 2919 905 2992 οὐρανῶν
961 2919 1238 2991 βασιλείαν
1283 2919 1674 2992 προετύπωσεο
1721 2921 1785 2976 τὸ

191 3011 304 3064 τῶν
356 3009 584 3064 Ἐλαιῶν
623 3010 782 3082 ὅρος,
808 3010 930 3065 ὅθεν
955 3011 1092 3083 πρὸς
1118 3013 1209 3066 τὸν
1265 3013 1488 3083 Πατέρα
1532 3014 1589 3066 ὲν
1621 3013 1784 3086 οὐρα-

1895 535 2058 588 aliam
2098 533 2256 588 fidem
2302 534 2356 587 in
2390 539 2543 586 terra
2573 528 2762 583 divisit
2795 528 2851 581 in
2880 533 2962 580 tot
2992 525 3250 588 hareses,
3283 530 3478 594 prater

1893 627 2064 681 solam
2101 625 2548 680 Cliz-istiauorum
2578 619 2777 675 ﬁdem?

1964 719 2122 775 Resp.
2163 719 2304 785 Quia
2332 719 2548 775 scilicet
2579 716 2682 785 ipsi
2724 715 3070 779 adversatur,
3101 713 3323 783 vimque
3355 711 3477 780 ejus

1894 813 2104 865 irritam
2161 812 2324 880 plane
2379 808 2578 864 reddit.
2629 805 2815 877 Ecqua
2863 808 3012 862 enim
3057 819 3212 868 cura,
3257 805 3474 872 amabo,

1892 900 2052 970 227
2083 898 2298 955 Satana
2328 906 2476 955 esset
2517 895 2756 961 Judaos,
2785 894 3089 951 Samaritas
3125 903 3220 950 aut
3248 895 3476 966 gentiles

1891 991 2179 1046 adoriendi
2227 999 2323 1046 aut
2368 992 2427 1046 in
2475 991 2714 1046 hareses
2757 998 2812 1044 et
2861 989 3043 1044 varias
3096 987 3231 1043 ﬁdes
3280 986 3476 1042 discin-

1889 1083 2094 1140 dendi?
2123 1083 2216 1139 Ha
2260 1085 2408 1140 enim
2433 1084 2501 1139 ad
2532 1084 2711 1154 ipsum
2746 1082 3047 1153 pertinent,
3082 1096 3186 1136 nec
3226 1095 3475 1150 unquam

1891 1176 2126 1233 Satanas
2155 1192 2222 1232 ea
2260 1193 2382 1248 qua
2430 1185 2560 1233 sunt
2587 1176 2710 1245 ejus
2751 1176 3056 1245 impugnat,
3100 1173 3195 1228 sed
3226 1188 3350 1244 qua
3377 1170 3474 1226 Dei

1889 1278 2037 1326 sunt.
2069 1269 2347 1336 Quocirca
2391 1269 2518 1323 inde
2546 1268 2783 1338 quisque
2814 1266 2991 1336 possit
3030 1264 3266 1328 discere,
3311 1263 3471 1316 aliam

1888 1368 2032 1435 piam
2055 1363 2215 1420 {idem
2254 1365 2310 1418 in
2351 1363 2515 1420 terris
2546 1363 2754 1416 nullam
2795 1376 2940 1424 esse,
2976 1367 3174 1430 prater
3201 1374 3321 1413 eam
3365 1371 3471 1426 qua

1885 1457 1942 1511 in
1973 1455 2252 1512 Christum
2284 1455 2584 1510 credimus.

1957 1549 2180 1615 Quas'r.
2243 1546 2426 1603 XLiV.
2474 1546 2723 1614 Quanam
2797 1545 3014 1600 ratione
3077 1542 3198 1598 rudi
3262 1541 3470 1597 homini

1885 1649 1942 1696 et
1987 1641 2224 1696 barbaro
2284 1640 2737 1711 persuadebimus
2789 1639 3115 1692 catholicam
3168 1635 3468 1690 Ecclesium

1885 1744 1998 1798 pra
2066 1729 2322 1784 omnibus
2381 1729 2681 1784 haresibus
2741 1734 2948 1783 rectam
3007 1726 3164 1781 ﬁdem
3229 1726 3464 1787 habere.

1885 1835 1987 1875 nec
2029 1835 2218 1875 errare
2249 1820 2272 1872 ?

1961 1909 2127 1966 R359.
2183 1911 2288 1978 Qui
2349 1908 2764 1978 Scripturarum
2819 1916 2874 1964 et
2929 1909 3242 1980 dogmatum
3301 1921 3464 1961 accu-

1887 2009 2064 2055 ratam
2128 2009 2182 2057 et
2232 2001 2558 2071 profundam
2618 2000 3057 2070 explanationem
3118 1999 3306 2054 audire
3356 2014 3468 2052 nou

1887 2101 2152 2165 possunt,
2202 2093 2330 2147 inde
2391 2092 2640 2163 persuasi
2701 2091 2901 2146 debent
2951 2106 3074 2146 esse
3129 2089 3208 2145 de
3242 2091 3463 2161 integri-

1892 2193 2005 2241 tate
2063 2192 2119 2242 et
2146 2185 2379 2240 veritate
2411 2183 2696 2238 catholica
2727 2182 2933 2238 Christi
2972 2181 3252 2249 Ecclesia,
3271 2198 3466 2252 nempe

1889 2277 1994 2332 hoc
2068 2293 2135 2333 ex
2205 2277 2421 2346 capite,
2483 2275 2629 2345 quod
2702 2275 2963 2328 salutaria
3033 2281 3087 2330 et
3160 2273 3465 2329 veneranda

1887 2371 2094 2428 Christi
2142 2370 2463 2441 passionum
2511 2369 2671 2434 loca,
2704 2368 2988 2422 catholica
3041 2375 3095 2422 et
3149 2368 3466 2422 orthodoxa

1886 2471 2096 2520 nostra
2145 2460 2270 2516 ﬁdei
2330 2467 2387 2516 et
2441 2458 2702 2514 Ecclesiae
2759 2474 2791 2513 a
2843 2458 2956 2514 Deo
3001 2458 3202 2513 donata
3253 2459 3363 2514 sint
3411 2467 3464 2514 et

1887 2553 2096 2608 credita
2141 2571 2155 2607 :
2197 2567 2394 2622 nempe
2436 2549 2708 2606 Nazareth
2757 2550 2850 2605 ubi
2901 2549 3157 2605 Christus
3193 2569 3213 2602 ι
3253 2551 3465 2605 habita-

1885 2646 1964 2700 vit
2007 2645 2065 2699 in
2115 2645 2272 2699 nobis
2300 2645 2414 2710 ’3»;
2457 2641 2809 2705 Bethlehem,
2860 2641 2953 2696 ubi
2987 2641 3289 2698 secundum
3331 2657 3460 2696 car-

1887 2752 2012 2792 nem
2068 2745 2230 2792 natus
2271 2742 2388 2801 est;
2425 2733 2556 2789 Sion
2583 2774 2598 2798 ,
2647 2735 2740 2790 ubi
2787 2734 3018 2790 salutem
3077 2733 3282 2787 mundo
3329 2747 3461 2802 ope-

1883 2837 2040 2882 ratus
2109 2835 2225 2891 est;
2285 2823 2574 2892 Jordanis,
2632 2826 2723 2880 ubi
2799 2824 3070 2878 Adamum
3145 2824 3458 2889 renovavit;

1885 2918 2134 2984 Thabor,
2162 2917 2254 2972 ubi
2287 2917 2550 2972 calorum
2583 2932 2807 2987 regnum
2834 2913 3236 2986 praﬁguravit;
3303 2931 3462 2970 mons

1886 3009 2200 3074 Olivarum,
2254 3009 2400 3064 unde
2457 3009 2514 3062 in
2572 3009 2743 3064 caelos
2792 3007 2858 3062 ad
2906 3005 3161 3072 Patrem,
3211 3021 3241 3060 a
3300 3006 3462 3062 nobis

192 3101 309 3162 νοῖς
353 3099 446 3169 ἀφ’
488 3099 645 3170 ἡμῶν
696 3100 1041 3172 ἀνελήλυθεν.
1093 3100 1316 3174 Οῦσπερ
1358 3102 1606 3166 ἅπαντας
1655 3106 1782 3167 τοὺς

1895 3100 2151 3156 ascendit.
2193 3099 2324 3166 Qua
2399 3099 2581 3154 omnia
2638 3107 2828 3155 sancta
2877 3107 2930 3154 et
2976 3097 3283 3154 veneranda
3339 3098 3460 3168 ejus

194 3191 364 3246 αὑτοῦ
398 3192 588 3260 ἁγίους
629 3192 724 3246 καὶ
749 3192 1079 3264 σεϐασμίους
1126 3193 1322 3258 τόπους
1361 3196 1463 3248 οὐκ
1495 3195 1618 3264 εἰκῆ
1658 3196 1780 3250 οὐδὲ

1895 3195 2002 3248 loca
2047 3208 2156 3248 non
2199 3199 2404 3248 temere
2457 3207 2560 3248 nec
2617 3191 2821 3247 frustra
2869 3191 3154 3247 catholica
3199 3189 3460 3246 Ecclesia

199 3283 382 3353 μάτην
429 3284 494 3353 τῇ
550 3282 808 3354 καθολικῇ
856 3283 1152 3356 Ἐκκλησία
1195 3284 1573 3339 ὲνεπίστευσεν
1622 3286 1730 3358 (69)
1763 3304 1776 3318 ο

197 3375 314 3428 ἀλλ’
337 3376 416 3438 ὡς
443 3373 803 3446 εὐσεϐεστέρᾳ
831 3375 1074 3446 δηλονότι
1107 3376 1201 3430 καὶ
1230 3377 1529 3449 τιμιωτέρᾳ
1567 3379 1784 3433 πάντων

197 3468 291 3520 ἐπὶ
313 3466 426 3520 τῶν
467 3466 638 3536 ἁγίων
665 3467 816 3540 παρὰ
849 3469 1194 3539 Χριστιανοῖς
1228 3468 1644 3542 ὀνομαζομένων
1693 3471 1785 3524 πί-

199 3573 376 3610 στεων
409 3558 504 3610 καὶ
537 3556 864 3628 ἐκκλησιῶν.
891 3559 1002 3612 Καὶ
1023 3557 1211 3629 ὥσπερ
1261 3558 1511 3629 βασιλεὺς
1547 3561 1673 3626 τοὺς
1697 3579 1782 3615 τι-

199 3649 359 3718 μίους
392 3645 556 3701 αὑτοῦ
604 3647 697 3701 τοῦ
731 3647 990 3702 παλατίου
1024 3645 1288 3712 κοιτὼνας
1334 3650 1429 3706 καὶ
1477 3651 1783 3724 θησαυροὺς

195 3741 314 3802 τοῖς
340 3737 684 3810 πιστοτέροις
705 3738 923 3792 πάντων
953 3737 1062 3792 τῶν
1090 3739 1379 3810 ὑπουργῶν
1409 3742 1572 3795 αὐτοῦ
1606 3744 1784 3814 ἐγχειο

200 3821 344 3894 ρίζει
371 3840 434 3877 τε
461 3825 558 3878 καὶ
597 3825 874 3878 πιστεύειο
907 3825 1048 3880 οῦτω
1094 3827 1189 3880 καὶ
1221 3829 1248 3880 6
1279 3830 1513 3900 Χριστὸς
1545 3833 1638 3884 ἀπ’
1676 3835 1779 3904 ἀρ-

199 3915 303 3986 χῆς
354 3914 458 3984 τῆς
504 3916 806 3989 παρουσίας
860 3916 1024 3970 αὑτοῦ
1061 3919 1128 3988 τῇ
1178 3918 1439 3991 καθολικῇ
1488 3921 1782 3997 Ἐκκλησία

196 4007 325 4070 τοὺς
357 4007 689 4078 σεϐασμίους
712 4007 874 4062 αὐτοῦ
905 4009 1104 4073 τόπους
1131 4011 1464 4066 ἐπίστευσεν.
1492 4015 1555 4067 Εἰ
1603 4015 1659 4068 δὲ
1701 4015 1784 4070 λέ-

196 4116 285 4168 γει
313 4101 342 4152 6
389 4099 458 4152 δι’
489 4099 738 4164 ἐναντίας
767 4101 905 4172 (70),
934 4102 1016 4154 ὅτι
1066 4101 1318 4175 βασιλικῇ
1353 4106 1626 4175 τυραννίδι
1659 4109 1782 4162 τού-

195 4209 323 4255 τους
352 4189 680 4262 κατέχομεν,
722 4192 1036 4263 μανθανέτω
1061 4194 1089 4246 6
1123 4193 1362 4259 τοιοῦτος
1381 4235 1395 4260 ,
1418 4197 1628 4270 ὅτιπερ,
1685 4201 1781 4254 καὶ

199 4283 491 4354 βαρϐάρων
523 4284 782 4348 πολλάκις
817 4285 914 4355 τὴν
940 4285 1297 4357 Παλαιστίνην
1331 4289 1776 4360 παραλαϐόντων,

196 4376 257 4427 οὐ
305 4373 651 4446 συνεχώρησε
681 4377 914 4449 Χριστὸς
939 4376 1065 4439 τοὺς
1096 4377 1289 4431 ἑαυτοῦ
1323 4379 1521 4444 τόπους
1575 4383 1779 4454 αἱρετι-

197 4469 315 4530 κοῖς
337 4465 448 4536 (71)
480 4468 868 4540 παραδοθῆναι.
918 4468 1096 4534 Ἀλλὰ,
1129 4469 1231 4524 κᾶν
1265 4471 1403 4541 πρὸς
1433 4471 1603 4544 βραχὺ
1620 4475 1778 4530 τοῦτο

1885 3283 2382 3349 concredidit,sed
2425 3295 2508 3351 ut,
2555 3284 2702 3339 omni
2763 3283 2868 3338 alia
2918 3283 3022 3337 ﬁde
3067 3289 3120 3336 et
3178 3281 3456 3349 Ecclesia,

1885 3377 2026 3433 inter
2071 3377 2415 3432 Christianos
2447 3384 2794 3447 nuncupata,
2832 3375 2934 3446 pia
2963 3377 3138 3447 magis
3184 3384 3239 3432 et
3287 3377 3459 3432 bono-

1882 3469 2094 3524 ratiori.
2123 3469 2201 3523 Ac
2228 3469 2686 3540 quemadmodum
2747 3470 3044 3539 imperator
3073 3470 3314 3544 pretiosa
3362 3486 3462 3539 pa«

1882 3561 1999 3616 latii
2027 3561 2111 3617 sui
2139 3561 2391 3616 cubicula
2424 3561 2822 3632 thesaurosque
2851 3562 3146 3617 committit
3180 3572 3234 3618 et
3279 3563 3456 3618 credit

1881 3654 2126 3709 omnium
2167 3669 2389 3710 suorum
2435 3656 2814 3709 ministrorum
2862 3654 3206 3711 ﬁdelioribus
3241 3676 3253 3711 :
3290 3657 3362 3711 ita
3403 3664 3458 3711 et

1880 3749 2135 3805 Christus
2190 3749 2260 3804 ab
2303 3748 2460 3804 initio
2507 3749 2593 3804 sui
2641 3748 2928 3812 adventus,
2983 3748 3294 3803 veneranda
3333 3747 3456 3818 ejus

1879 3841 2090 3896 scilicet
2122 3841 2260 3905 loca,
2289 3841 2574 3896 catholica
2602 3839 2864 3895 Ecclesia
2893 3841 3250 3895 concredidit.
3293 3837 3456 3905 Quod

1880 3935 1930 3990 si
1960 3933 2313 3990 adversarius
2357 3933 2689 4003 respondeat
2719 3948 2818 3988 nos
2862 3940 3131 4004 potestate
3162 3932 3450 4004 tyrannica

1880 4026 1973 4080 illa
2004 4025 2308 4097 possidere,
2345 4025 2522 4082 discat
2552 4026 2642 4080 ille
2673 4025 2840 4095 quod,
2865 4025 3080 4080 etiamsi
3108 4022 3455 4078 Palastinam

1878 4132 2020 4189 sape
2049 4118 2268 4174 barbari
2294 4117 2705 4188 occupaverint,
2748 4132 2859 4170 non
2903 4116 3156 4185 permisit
3200 4114 3454 4170 Christus

1880 4225 1978 4266 sua
2024 4210 2144 4263 loca
2179 4209 2321 4264 tradi
2378 4209 2669 4264 hareticis.
2710 4207 2867 4272 Quod
2911 4208 3014 4262 etsi
3073 4205 3126 4260 id
3175 4205 3241 4260 ad
3291 4205 3454 4259 breve

1877 4291 2093 4370 tempus
2127 4308 2496 4362 tentaverunt,
2535 4300 2646 4354 cito
2674 4313 2870 4353 rursus
2898 4297 3165 4352 catholica
3197 4295 3449 4350 Ecclesia

1877 4391 2027 4459 ipsos
2063 4391 2264 4461 abegit,
2295 4405 2403 4444 non
2435 4406 2595 4446 secus
2619 4405 2682 4445 ac
2713 4405 2912 4460 porcos
2956 4405 2985 4442 a
3021 4388 3226 4444 sanctis
3251 4386 3452 4442 Christi

1883 4479 1978 4534 Dei
2008 4481 2181 4534 nostri
2212 4479 2421 4534 adibus
2453 4488 2507 4534 et
2536 4479 2693 4535 locis.

195 4563 580 4634 ἐπεχείρησαν,
624 4565 900 4635 συντόμως
946 4565 1106 4620 πάλιν
1162 4567 1194 4637 ἡ
1243 4567 1506 4640 καθολικὴ
1547 4571 1844 4644 Ἐκκλησία
1875 4575 2099 4640 τούτους
2126 4574 2443 4642 ἀπεδίωξεν,
2470 4576 2547 4638 ὡς
2596 4575 2811 4646 χοίρους
2839 4575 2949 4628 τῶν
2995 4574 3176 4642 άγίων
3217 4568 3452 4642 Χριστοῦ

196 4655 288 4707 τοῦ
320 4653 456 4706 Θεοῦ
489 4656 521 4726 ἡ
532 4653 647 4725 μῶν
671 4655 849 4710 αὐλῶν
882 4657 975 4710 καὶ
995 4658 1193 4710 τόπων.

518 4746 618 4819 με’.
652 4748 764 4802 Ποῦ
796 4750 1146 4822 ἐπέτρεψενό
1198 4752 1332 4818 Θεὸς
1384 4757 1496 4819 τοῖς
1544 4756 1774 4811 ἀποστό-

1949 4761 2171 4829 Qua-:51.
2233 4759 2395 4816 XLV.
2441 4759 2672 4816 Ubinam
2722 4757 2979 4830 pracepit
3016 4755 3160 4812 Deus
3192 4755 3450 4826 apostolis

195 4840 308 4904 λοις
359 4840 720 4910 Χριστιανοὺς
779 4843 1079 4915 ὀνομάζειν.
1108 4847 1233 4911 τοὺς
1293 4847 1646 4914 πιστεύοντας
1697 4849 1775 4922 τῷ

196 4932 420 5004 Χριστῷ
440 4951 455 4998 ;

278 5025 470 5077 ’Δπόκ.
508 5024 598 5077 Ἐν
653 5028 775 5088 ταῖς
806 5025 1045 5096 Πράξεσι
1084 5028 1190 5080 τῶν
1224 5029 1534 5084 ἀποστόλων
1582 5031 1775 5085 ἀκούο-

199 5132 323 5187 μεν,
387 5117 472 5169 ὅτι
528 5117 588 5170 ὲν
636 5116 934 5190 Ἀντιοχείᾳ
994 5118 1182 5187 γέγονε
1241 5121 1453 5192 πρῶτος
1505 5141 1775 5196 χρηματι-

263 5274 310 5307 ’⁸
344 5271 506 5328 Joan.
539 5289 592 5338 ι,
629 5273 716 5328 14.
791 5274 838 5306 ⁹⁹
876 5273 996 5328 Act.
1030 5290 1120 5339 χι,
1158 5273 1248 5329 26.

269 5429 384 5501 (66)
417 5427 764 5501 Quastioncs
792 5428 884 5501 45,
916 5428 1005 5491 44,
1039 5428 1130 5501 45,
1173 5427 1265 5490 46,
1306 5427 1396 5487 47,
1433 5427 1524 5501 48,
1556 5426 1646 5490 49,
1670 5427 1775 5501 _5t_).

199 5499 258 5580 ξι
281 5497 376 5580 'Jet;
412 5499 502 5564 52,
550 5501 750 5554 absunt
793 5514 822 5552 a
856 5498 1027 5553 Palat.
1061 5498 1116 5565 2,
1159 5505 1214 5552 et
1246 5513 1276 5551 a
1307 5499 1580 5553 veteribus
1619 5497 1780 5553 editis

200 5567 664 5709 Léz6g38Quastio
691 5638 806 5709 hac
840 5639 993 5694 abest
1028 5655 1057 5692 a
1089 5637 1260 5709 Palat.
1297 5637 1356 5703 i;
1396 5644 1450 5690 at
1489 5637 1780 5709 responsio

199 5707 446 5764 minime.
481 5710 609 5765 Post
651 5708 918 5781 βάρϐαρον
964 5711 1094 5782 Reg.
1127 5709 1183 5778 ‘2,
1219 5708 1400 5773 habet,
1432 5707 1526 5762 καὶ
1559 5709 1776 5778 ἀγράμ-

202 5794 390 5843 μαῖον.

1881 4856 2222 4912 Christianos
2255 4856 2523 4926 appellare
2551 4870 2645 4910 eos
2670 4853 2764 4924 qui
2795 4851 3016 4907 Christo
3047 4850 3315 4905 credunt?

1953 5030 2117 5086 Res».
2160 5030 2417 5100 Legimus
2462 5030 2518 5084 in
2561 5027 2790 5082 Actibus
2837 5023 3284 5095 apostolorum",
3331 5037 3448 5074 ora-

1882 5124 2065 5178 culum
2101 5122 2280 5192 primo
2309 5120 2512 5176 editum
2542 5135 2662 5176 esse
2694 5116 3016 5180 Antiochia,
3042 5113 3157 5169 sive
3183 5111 3276 5166 Dei
3305 5127 3445 5166 reve-

1951 5425 2063 5497 (68)
2102 5424 2234 5496 Reg.
2277 5428 2333 5489 2,
2372 5426 2433 5479 τὸ
2469 5428 2698 5498 ἄμωμον
2723 5427 2815 5479 καὶ
2843 5427 3085 5498 ἀκριϐές.
3131 5425 3445 5498 ῐηῖνθίίᾶθιυ

1880 5513 2040 5568 quem
2077 5498 2375 5568 sequimur,
2407 5499 2470 5549 ὲκ
2493 5497 2588 5549 τοῦ
2622 5498 2847 5560 πάντας.
2880 5497 3040 5561 liditi,
3064 5499 3188 5568 τοὺς
3221 5497 3430 5560 πάντας

2077 5533 2375 5565 συμμυηη,
2407 5533 2470 5580 ετξ
2505 5533 2588 5549 ..νυ
2629 5533 2847 5560 ..νην
2880 5533 3040 5561 .......,
3074 5533 3187 5588 ..ναῒ

1952 5567 2062 5636 (69)
2103 5567 2236 5636 Tres
2269 5582 2381 5620 mss
2411 5607 2424 5629 ,
2456 5568 2794 5622 επίστευσεν.

1952 5639 2064 5707 (⁵70)
2107 5635 2277 5708 Palat
2316 5639 2364 5700 l,
2392 5637 2421 5688 6
2455 5637 2711 5708 ἐναντίος.

1953 5706 2064 5777 (71)
2106 5707 2180 5760 Ita
2219 5706 2349 5777 Reg.
2395 5708 2450 5766 ἒ,
2483 5707 2540 5777 5,
2575 5715 2625 5760 et
2667 5706 2831 5760 Basil.
2864 5706 2955 5774 qui
2993 5706 3046 5760 in
3079 5711 3183 5760 hac
3216 5717 3442 5776 respon-

1882 5776 2032 5833 sione
2069 5779 2225 5848 plane
2260 5776 2476 5834 desinit.
2505 5776 2674 5838 Edit.,
2699 5778 2792 5830 καὶ
2822 5779 2993 5847 αἰρετ.
