  <div class='ocr_page' id='page_1' title='image "/cluster/home/n/w/nwhite01/storage/ocr_20150623/28/nnc1.0046978690/353.png"; bbox 0 0 3852 6192; ppageno 0'>
   <div class='ocr_carea' id='block_1_1' title="bbox 397 303 502 360">
    <p class='ocr_par' dir='ltr' id='par_1_1' title="bbox 397 303 502 360">
     <span class='ocr_line' id='line_1_1' title="bbox 397 303 502 360; baseline 0.019 -2"><span class='ocrx_word' id='word_1_1' title='bbox 397 303 502 360; x_wconf 75' lang='lat'><strong>627</strong></span> 
     </span>
    </p>
   </div>
   <div class='ocr_carea' id='block_1_2' title="bbox 1551 299 2538 358">
    <p class='ocr_par' dir='ltr' id='par_1_2' title="bbox 1551 299 2538 358">
     <span class='ocr_line' id='line_1_2' title="bbox 1551 299 2538 358; baseline 0.001 -1"><span class='ocrx_word' id='word_1_2' title='bbox 1551 302 1608 357; x_wconf 93' lang='lat' dir='ltr'><strong>S.</strong></span> <span class='ocrx_word' id='word_1_3' title='bbox 1649 299 2117 357; x_wconf 75' lang='lat' dir='ltr'><strong>ATHANASIUS.</strong></span> <span class='ocrx_word' id='word_1_4' title='bbox 2161 329 2228 342; x_wconf 93' lang='lat'><strong>—</strong></span> <span class='ocrx_word' id='word_1_5' title='bbox 2266 300 2538 358; x_wconf 80' lang='lat' dir='ltr'><strong>SPURIA.</strong></span> 
     </span>
    </p>
   </div>
   <div class='ocr_carea' id='block_1_3' title="bbox 3555 305 3665 364">
    <p class='ocr_par' dir='ltr' id='par_1_3' title="bbox 3555 305 3665 364">
     <span class='ocr_line' id='line_1_3' title="bbox 3555 305 3665 364; baseline 0.018 -2"><span class='ocrx_word' id='word_1_6' title='bbox 3555 305 3665 364; x_wconf 76' lang='grc'><strong>628</strong></span> 
     </span>
    </p>
   </div>
   <div class='ocr_carea' id='block_1_4' title="bbox 394 414 1963 488">
    <p class='ocr_par' dir='ltr' id='par_1_4' title="bbox 394 415 1963 488">
     <span class='ocr_line' id='line_1_4' title="bbox 394 415 1963 488; baseline -0.001 -17"><span class='ocrx_word' id='word_1_7' title='bbox 394 417 654 473; x_wconf 73' lang='lat' dir='ltr'><strong>lationem</strong></span> <span class='ocrx_word' id='word_1_8' title='bbox 685 415 948 487; x_wconf 78' lang='lat' dir='ltr'><strong>apostolis</strong></span> <span class='ocrx_word' id='word_1_9' title='bbox 974 415 1405 488; x_wconf 72' lang='lat' dir='ltr'><strong>praecipientem,</strong></span> <span class='ocrx_word' id='word_1_10' title='bbox 1431 423 1491 471; x_wconf 91' lang='lat' dir='ltr'><strong>ut</strong></span> <span class='ocrx_word' id='word_1_11' title='bbox 1522 433 1624 473; x_wconf 88' lang='lat' dir='ltr'><strong>nos</strong></span> <span class='ocrx_word' id='word_1_12' title='bbox 1670 415 1963 472; x_wconf 78' lang='lat' dir='ltr'><strong>Christiani</strong></span> 
     </span>
    </p>
   </div>
   <div class='ocr_carea' id='block_1_5' title="bbox 2077 414 3665 488">
    <p class='ocr_par' dir='ltr' id='par_1_5' title="bbox 2080 414 3665 486">
     <span class='ocr_line' id='line_1_5' title="bbox 2080 414 3665 486; baseline 0.006 -21"><span class='ocrx_word' id='word_1_13' title='bbox 2080 414 2216 485; x_wconf 90' lang='grc' dir='ltr'>σμὸς</span> <span class='ocrx_word' id='word_1_14' title='bbox 2246 414 2383 485; x_wconf 65' lang='lat'><strong>(72),</strong></span> <span class='ocrx_word' id='word_1_15' title='bbox 2414 415 2582 485; x_wconf 74' lang='grc' dir='ltr'>ἧγονν</span> <span class='ocrx_word' id='word_1_16' title='bbox 2609 415 2948 486; x_wconf 76' lang='grc' dir='ltr'><strong>ἀποκάλυψις</strong></span> <span class='ocrx_word' id='word_1_17' title='bbox 2981 414 3139 483; x_wconf 79' lang='grc' dir='ltr'>Θεοῦ,</span> <span class='ocrx_word' id='word_1_18' title='bbox 3186 419 3300 482; x_wconf 78' lang='grc' dir='ltr'>τοῖς</span> <span class='ocrx_word' id='word_1_19' title='bbox 3342 419 3665 486; x_wconf 69' lang='grc' dir='ltr'><strong>ἀποστόλοις</strong></span> 
     </span>
    </p>
   </div>
   <div class='ocr_carea' id='block_1_6' title="bbox 395 507 1963 579">
    <p class='ocr_par' dir='ltr' id='par_1_6' title="bbox 395 507 1963 579">
     <span class='ocr_line' id='line_1_6' title="bbox 395 507 1963 579; baseline -0.003 -14"><span class='ocrx_word' id='word_1_20' title='bbox 395 509 828 565; x_wconf 89' lang='lat' dir='ltr'><strong>nominaremur.</strong></span> <span class='ocrx_word' id='word_1_21' title='bbox 881 509 1153 576; x_wconf 85' lang='lat' dir='ltr'><strong>Quocirca</strong></span> <span class='ocrx_word' id='word_1_22' title='bbox 1210 509 1500 579; x_wconf 79' lang='lat' dir='ltr'><strong>diligenter</strong></span> <span class='ocrx_word' id='word_1_23' title='bbox 1545 507 1793 563; x_wconf 75' lang='lat' dir='ltr'><strong>advertat</strong></span> <span class='ocrx_word' id='word_1_24' title='bbox 1835 508 1963 578; x_wconf 90' lang='lat' dir='ltr'><strong>qui-</strong></span> 
     </span>
    </p>
   </div>
   <div class='ocr_carea' id='block_1_7' title="bbox 395 599 1964 670">
    <p class='ocr_par' dir='ltr' id='par_1_7' title="bbox 395 599 1964 670">
     <span class='ocr_line' id='line_1_7' title="bbox 395 599 1964 670; baseline -0.001 -15"><span class='ocrx_word' id='word_1_25' title='bbox 395 615 612 670; x_wconf 83' lang='lat' dir='ltr'><strong>cunque</strong></span> <span class='ocrx_word' id='word_1_26' title='bbox 648 599 715 654; x_wconf 92' lang='lat' dir='ltr'><strong>ad</strong></span> <span class='ocrx_word' id='word_1_27' title='bbox 752 599 1028 656; x_wconf 87' lang='lat' dir='ltr'><strong>Christum</strong></span> <span class='ocrx_word' id='word_1_28' title='bbox 1067 601 1185 656; x_wconf 85' lang='lat' dir='ltr'><strong>vult</strong></span> <span class='ocrx_word' id='word_1_29' title='bbox 1227 602 1506 665; x_wconf 86' lang='lat' dir='ltr'><strong>accedere,</strong></span> <span class='ocrx_word' id='word_1_30' title='bbox 1541 617 1759 657; x_wconf 91' lang='lat' dir='ltr'><strong>omnem</strong></span> <span class='ocrx_word' id='word_1_31' title='bbox 1805 601 1964 656; x_wconf 87' lang='lat' dir='ltr'><strong>ﬁdem</strong></span> 
     </span>
    </p>
   </div>
   <div class='ocr_carea' id='block_1_8' title="bbox 394 690 1967 762">
    <p class='ocr_par' dir='ltr' id='par_1_8' title="bbox 394 690 1967 762">
     <span class='ocr_line' id='line_1_8' title="bbox 394 690 1967 762; baseline -0.002 -15"><span class='ocrx_word' id='word_1_32' title='bbox 394 693 453 747; x_wconf 90' lang='lat' dir='ltr'><strong>in</strong></span> <span class='ocrx_word' id='word_1_33' title='bbox 486 692 650 748; x_wconf 84' lang='lat' dir='ltr'><strong>terris</strong></span> <span class='ocrx_word' id='word_1_34' title='bbox 678 691 900 746; x_wconf 89' lang='lat' dir='ltr'><strong>nomine</strong></span> <span class='ocrx_word' id='word_1_35' title='bbox 916 691 1148 761; x_wconf 89' lang='lat' dir='ltr'><strong>alicujus</strong></span> <span class='ocrx_word' id='word_1_36' title='bbox 1163 692 1402 747; x_wconf 91' lang='lat' dir='ltr'><strong>hominis</strong></span> <span class='ocrx_word' id='word_1_37' title='bbox 1433 691 1715 762; x_wconf 86' lang='lat' dir='ltr'><strong>appellari.</strong></span> <span class='ocrx_word' id='word_1_38' title='bbox 1744 690 1967 746; x_wconf 87' lang='lat' dir='ltr'><strong>Scilicet</strong></span> 
     </span>
    </p>
   </div>
   <div class='ocr_carea' id='block_1_9' title="bbox 394 781 1968 847">
    <p class='ocr_par' dir='ltr' id='par_1_9' title="bbox 394 781 1968 847">
     <span class='ocr_line' id='line_1_9' title="bbox 394 781 1968 847; baseline 0.001 -11"><span class='ocrx_word' id='word_1_39' title='bbox 394 797 426 836; x_wconf 86' lang='lat' dir='ltr'><strong>a</strong></span> <span class='ocrx_word' id='word_1_40' title='bbox 459 781 683 837; x_wconf 87' lang='lat' dir='ltr'><strong>Simone</strong></span> <span class='ocrx_word' id='word_1_41' title='bbox 707 781 1014 837; x_wconf 87' lang='lat' dir='ltr'><strong>Simoniani</strong></span> <span class='ocrx_word' id='word_1_42' title='bbox 1043 783 1322 847; x_wconf 84' lang='lat' dir='ltr'><strong>dicuntur,</strong></span> <span class='ocrx_word' id='word_1_43' title='bbox 1355 798 1386 836; x_wconf 90' lang='lat' dir='ltr'><strong>a</strong></span> <span class='ocrx_word' id='word_1_44' title='bbox 1419 782 1699 839; x_wconf 80' lang='lat' dir='ltr'><strong>Marciane</strong></span> <span class='ocrx_word' id='word_1_45' title='bbox 1729 782 1968 838; x_wconf 84' lang='lat' dir='ltr'><strong>Marcio-</strong></span> 
     </span>
    </p>
   </div>
   <div class='ocr_carea' id='block_1_10' title="bbox 393 874 1968 947">
    <p class='ocr_par' dir='ltr' id='par_1_10' title="bbox 393 874 1968 947">
     <span class='ocr_line' id='line_1_10' title="bbox 393 874 1968 947; baseline 0.001 -17"><span class='ocrx_word' id='word_1_46' title='bbox 393 876 542 938; x_wconf 58' lang='lat' dir='ltr'><strong>nita},</strong></span> <span class='ocrx_word' id='word_1_47' title='bbox 585 875 654 931; x_wconf 89' lang='lat' dir='ltr'><strong>ab</strong></span> <span class='ocrx_word' id='word_1_48' title='bbox 682 875 813 930; x_wconf 88' lang='lat' dir='ltr'><strong>Ario</strong></span> <span class='ocrx_word' id='word_1_49' title='bbox 876 875 1086 941; x_wconf 80' lang='lat' dir='ltr'><strong>Ariani,</strong></span> <span class='ocrx_word' id='word_1_50' title='bbox 1133 885 1186 931; x_wconf 89' lang='lat' dir='ltr'><strong>et</strong></span> <span class='ocrx_word' id='word_1_51' title='bbox 1230 875 1552 931; x_wconf 88' lang='lat' dir='ltr'><strong>Eunomiani</strong></span> <span class='ocrx_word' id='word_1_52' title='bbox 1596 885 1818 947; x_wconf 89' lang='lat' dir='ltr'><strong>propter</strong></span> <span class='ocrx_word' id='word_1_53' title='bbox 1858 874 1968 931; x_wconf 86' lang='lat' dir='ltr'><strong>Eu-</strong></span> 
     </span>
    </p>
   </div>
   <div class='ocr_carea' id='block_1_11' title="bbox 393 965 1967 1036">
    <p class='ocr_par' dir='ltr' id='par_1_11' title="bbox 393 965 1967 1036">
     <span class='ocr_line' id='line_1_11' title="bbox 393 965 1967 1036; baseline 0.001 -16"><span class='ocrx_word' id='word_1_54' title='bbox 393 967 662 1020; x_wconf 89' lang='lat' dir='ltr'><strong>nomium.</strong></span> <span class='ocrx_word' id='word_1_55' title='bbox 685 965 780 1021; x_wconf 66' lang='lat' dir='ltr'><strong>Ha:</strong></span> <span class='ocrx_word' id='word_1_56' title='bbox 809 981 1000 1022; x_wconf 91' lang='lat' dir='ltr'><strong>omnes</strong></span> <span class='ocrx_word' id='word_1_57' title='bbox 1031 974 1345 1036; x_wconf 57' lang='lat' dir='ltr'><strong>craterasque</strong></span> <span class='ocrx_word' id='word_1_58' title='bbox 1380 966 1660 1036; x_wconf 73' lang='lat' dir='ltr'><strong>ﬁdes,qua:</strong></span> <span class='ocrx_word' id='word_1_59' title='bbox 1685 966 1967 1022; x_wconf 89' lang='lat' dir='ltr'><strong>hominum</strong></span> 
     </span>
    </p>
   </div>
   <div class='ocr_carea' id='block_1_12' title="bbox 393 1056 1966 1128">
    <p class='ocr_par' dir='ltr' id='par_1_12' title="bbox 393 1056 1966 1128">
     <span class='ocr_line' id='line_1_12' title="bbox 393 1056 1966 1128; baseline 0.001 -18"><span class='ocrx_word' id='word_1_60' title='bbox 393 1057 618 1111; x_wconf 87' lang='lat' dir='ltr'><strong>nomina</strong></span> <span class='ocrx_word' id='word_1_61' title='bbox 649 1056 851 1123; x_wconf 83' lang='lat' dir='ltr'><strong>ferunt,</strong></span> <span class='ocrx_word' id='word_1_62' title='bbox 894 1065 1057 1128; x_wconf 91' lang='lat' dir='ltr'><strong>atque</strong></span> <span class='ocrx_word' id='word_1_63' title='bbox 1086 1059 1162 1112; x_wconf 88' lang='lat' dir='ltr'><strong>ita</strong></span> <span class='ocrx_word' id='word_1_64' title='bbox 1191 1065 1412 1128; x_wconf 83' lang='lat' dir='ltr'><strong>propter</strong></span> <span class='ocrx_word' id='word_1_65' title='bbox 1438 1058 1561 1113; x_wconf 89' lang='lat' dir='ltr'><strong>illos</strong></span> <span class='ocrx_word' id='word_1_66' title='bbox 1602 1058 1966 1128; x_wconf 83' lang='lat' dir='ltr'><strong>appellantur,</strong></span> 
     </span>
    </p>
   </div>
   <div class='ocr_carea' id='block_1_13' title="bbox 393 1147 1968 1219">
    <p class='ocr_par' dir='ltr' id='par_1_13' title="bbox 393 1147 1968 1219">
     <span class='ocr_line' id='line_1_13' title="bbox 393 1147 1968 1219; baseline 0 -15"><span class='ocrx_word' id='word_1_67' title='bbox 393 1163 506 1204; x_wconf 87' lang='lat' dir='ltr'><strong>non</strong></span> <span class='ocrx_word' id='word_1_68' title='bbox 533 1158 663 1204; x_wconf 90' lang='lat' dir='ltr'><strong>sunt</strong></span> <span class='ocrx_word' id='word_1_69' title='bbox 692 1147 811 1215; x_wconf 89' lang='lat' dir='ltr'><strong>Dei,</strong></span> <span class='ocrx_word' id='word_1_70' title='bbox 835 1164 1014 1219; x_wconf 89' lang='lat' dir='ltr'><strong>neque</strong></span> <span class='ocrx_word' id='word_1_71' title='bbox 1047 1148 1191 1205; x_wconf 90' lang='lat' dir='ltr'><strong>Deus</strong></span> <span class='ocrx_word' id='word_1_72' title='bbox 1229 1150 1287 1203; x_wconf 89' lang='lat' dir='ltr'><strong>in</strong></span> <span class='ocrx_word' id='word_1_73' title='bbox 1329 1149 1438 1205; x_wconf 78' lang='lat' dir='ltr'><strong>illis</strong></span> <span class='ocrx_word' id='word_1_74' title='bbox 1477 1157 1581 1206; x_wconf 86' lang='lat' dir='ltr'><strong>est.</strong></span> <span class='ocrx_word' id='word_1_75' title='bbox 1613 1149 1752 1204; x_wconf 88' lang='lat' dir='ltr'><strong>Nam</strong></span> <span class='ocrx_word' id='word_1_76' title='bbox 1782 1151 1830 1205; x_wconf 89' lang='lat' dir='ltr'><strong>si</strong></span> <span class='ocrx_word' id='word_1_77' title='bbox 1871 1149 1968 1206; x_wconf 87' lang='lat' dir='ltr'><strong>Dei</strong></span> 
     </span>
    </p>
   </div>
   <div class='ocr_carea' id='block_1_14' title="bbox 393 1241 1970 1311">
    <p class='ocr_par' dir='ltr' id='par_1_14' title="bbox 393 1241 1970 1311">
     <span class='ocr_line' id='line_1_14' title="bbox 393 1241 1970 1311; baseline 0 -15"><span class='ocrx_word' id='word_1_78' title='bbox 393 1247 543 1308; x_wconf 88' lang='lat' dir='ltr'><strong>sunt,</strong></span> <span class='ocrx_word' id='word_1_79' title='bbox 587 1256 686 1297; x_wconf 89' lang='lat' dir='ltr'><strong>cur</strong></span> <span class='ocrx_word' id='word_1_80' title='bbox 723 1241 1003 1296; x_wconf 92' lang='lat' dir='ltr'><strong>hominum</strong></span> <span class='ocrx_word' id='word_1_81' title='bbox 1047 1242 1361 1296; x_wconf 85' lang='lat' dir='ltr'><strong>nominibus</strong></span> <span class='ocrx_word' id='word_1_82' title='bbox 1409 1243 1751 1311; x_wconf 85' lang='lat' dir='ltr'><strong>appellantur</strong></span> <span class='ocrx_word' id='word_1_83' title='bbox 1784 1250 1839 1297; x_wconf 88' lang='lat' dir='ltr'><strong>et</strong></span> <span class='ocrx_word' id='word_1_84' title='bbox 1887 1242 1970 1296; x_wconf 94' lang='lat' dir='ltr'><strong>in-</strong></span> 
     </span>
    </p>
   </div>
   <div class='ocr_carea' id='block_1_15' title="bbox 393 1331 1969 1404">
    <p class='ocr_par' dir='ltr' id='par_1_15' title="bbox 393 1331 1969 1404">
     <span class='ocr_line' id='line_1_15' title="bbox 393 1331 1969 1404; baseline 0.001 -18"><span class='ocrx_word' id='word_1_85' title='bbox 393 1331 745 1403; x_wconf 82' lang='lat' dir='ltr'><strong>signiuntur?</strong></span> <span class='ocrx_word' id='word_1_86' title='bbox 765 1331 1026 1387; x_wconf 84' lang='lat' dir='ltr'><strong>Gloriatio</strong></span> <span class='ocrx_word' id='word_1_87' title='bbox 1051 1333 1218 1403; x_wconf 81' lang='lat' dir='ltr'><strong>igitur</strong></span> <span class='ocrx_word' id='word_1_88' title='bbox 1255 1333 1636 1404; x_wconf 88' lang='lat' dir='ltr'><strong>gloriationum</strong></span> <span class='ocrx_word' id='word_1_89' title='bbox 1661 1333 1765 1388; x_wconf 90' lang='lat' dir='ltr'><strong>erit</strong></span> <span class='ocrx_word' id='word_1_90' title='bbox 1809 1333 1969 1388; x_wconf 83' lang='lat' dir='ltr'><strong>nobis</strong></span> 
     </span>
    </p>
   </div>
   <div class='ocr_carea' id='block_1_16' title="bbox 393 1423 1972 1496">
    <p class='ocr_par' dir='ltr' id='par_1_16' title="bbox 393 1423 1972 1496">
     <span class='ocr_line' id='line_1_16' title="bbox 393 1423 1972 1496; baseline 0 -17"><span class='ocrx_word' id='word_1_91' title='bbox 393 1425 666 1480; x_wconf 88' lang='lat' dir='ltr'><strong>catholica</strong></span> <span class='ocrx_word' id='word_1_92' title='bbox 713 1423 980 1488; x_wconf 88' lang='lat' dir='ltr'><strong>Ecclesia,</strong></span> <span class='ocrx_word' id='word_1_93' title='bbox 1027 1434 1088 1480; x_wconf 92' lang='lat' dir='ltr'><strong>ut</strong></span> <span class='ocrx_word' id='word_1_94' title='bbox 1135 1432 1187 1480; x_wconf 89' lang='lat' dir='ltr'><strong>et</strong></span> <span class='ocrx_word' id='word_1_95' title='bbox 1215 1425 1360 1496; x_wconf 90' lang='lat' dir='ltr'><strong>quod</strong></span> <span class='ocrx_word' id='word_1_96' title='bbox 1407 1424 1706 1480; x_wconf 87' lang='lat' dir='ltr'><strong>Christiani</strong></span> <span class='ocrx_word' id='word_1_97' title='bbox 1739 1424 1972 1479; x_wconf 86' lang='lat' dir='ltr'><strong>dicimur</strong></span> 
     </span>
    </p>
   </div>
   <div class='ocr_carea' id='block_1_17' title="bbox 392 1518 1969 1590">
    <p class='ocr_par' dir='ltr' id='par_1_17' title="bbox 392 1518 1969 1590">
     <span class='ocr_line' id='line_1_17' title="bbox 392 1518 1969 1590; baseline -0.001 -15"><span class='ocrx_word' id='word_1_98' title='bbox 392 1529 446 1575; x_wconf 88' lang='lat' dir='ltr'><strong>et</strong></span> <span class='ocrx_word' id='word_1_99' title='bbox 483 1520 850 1585; x_wconf 77' lang='lat' dir='ltr'><strong>nominamur,</strong></span> <span class='ocrx_word' id='word_1_100' title='bbox 888 1527 948 1574; x_wconf 86' lang='lat' dir='ltr'><strong>ut</strong></span> <span class='ocrx_word' id='word_1_101' title='bbox 976 1521 1068 1590; x_wconf 85' lang='lat' dir='ltr'><strong>qui</strong></span> <span class='ocrx_word' id='word_1_102' title='bbox 1111 1535 1220 1573; x_wconf 93' lang='lat' dir='ltr'><strong>non</strong></span> <span class='ocrx_word' id='word_1_103' title='bbox 1257 1521 1328 1575; x_wconf 92' lang='lat' dir='ltr'><strong>ab</strong></span> <span class='ocrx_word' id='word_1_104' title='bbox 1361 1519 1673 1575; x_wconf 78' lang='lat' dir='ltr'><strong>&quot;ominibus</strong></span> <span class='ocrx_word' id='word_1_105' title='bbox 1717 1518 1969 1574; x_wconf 86' lang='lat' dir='ltr'><strong>nomine-</strong></span> 
     </span>
    </p>
   </div>
   <div class='ocr_carea' id='block_1_18' title="bbox 389 1612 1267 1680">
    <p class='ocr_par' dir='ltr' id='par_1_18' title="bbox 389 1612 1267 1680">
     <span class='ocr_line' id='line_1_18' title="bbox 389 1612 1267 1680; baseline 0.001 -10"><span class='ocrx_word' id='word_1_106' title='bbox 389 1629 536 1680; x_wconf 89' lang='lat' dir='ltr'><strong>mur,</strong></span> <span class='ocrx_word' id='word_1_107' title='bbox 561 1613 656 1671; x_wconf 88' lang='lat' dir='ltr'><strong>sed</strong></span> <span class='ocrx_word' id='word_1_108' title='bbox 684 1627 716 1668; x_wconf 86' lang='lat' dir='ltr'><strong>a</strong></span> <span class='ocrx_word' id='word_1_109' title='bbox 741 1612 853 1669; x_wconf 88' lang='lat' dir='ltr'><strong>Deo</strong></span> <span class='ocrx_word' id='word_1_110' title='bbox 879 1613 1267 1671; x_wconf 90' lang='lat' dir='ltr'><strong>illuminemur.</strong></span> 
     </span>
    </p>
   </div>
   <div class='ocr_carea' id='block_1_19' title="bbox 2068 506 3665 584">
    <p class='ocr_par' dir='ltr' id='par_1_19' title="bbox 2068 506 3665 584">
     <span class='ocr_line' id='line_1_19' title="bbox 2068 506 3665 584; baseline 0.006 -27"><span class='ocrx_word' id='word_1_111' title='bbox 2068 506 2436 576; x_wconf 74' lang='grc' dir='ltr'><strong>ἐπιτρέπουσα</strong></span> <span class='ocrx_word' id='word_1_112' title='bbox 2461 507 2742 560; x_wconf 84' lang='grc' dir='ltr'>καλεῖσθαι</span> <span class='ocrx_word' id='word_1_113' title='bbox 2771 509 2924 578; x_wconf 79' lang='grc' dir='ltr'>ἡμᾶς</span> <span class='ocrx_word' id='word_1_114' title='bbox 2956 509 3334 580; x_wconf 88' lang='grc' dir='ltr'>Χριστιανούς.</span> <span class='ocrx_word' id='word_1_115' title='bbox 3381 512 3474 565; x_wconf 88' lang='grc' dir='ltr'>Διὸ</span> <span class='ocrx_word' id='word_1_116' title='bbox 3503 514 3665 584; x_wconf 87' lang='grc' dir='ltr'>ἀκρι-</span> 
     </span>
    </p>
   </div>
   <div class='ocr_carea' id='block_1_20' title="bbox 2068 596 3662 677">
    <p class='ocr_par' dir='ltr' id='par_1_20' title="bbox 2068 596 3662 677">
     <span class='ocr_line' id='line_1_20' title="bbox 2068 596 3662 677; baseline 0.009 -29"><span class='ocrx_word' id='word_1_117' title='bbox 2068 596 2180 661; x_wconf 86' lang='grc' dir='ltr'><strong>ϐῶς</strong></span> <span class='ocrx_word' id='word_1_118' title='bbox 2207 597 2525 666; x_wconf 81' lang='grc' dir='ltr'><strong>γινωσκέτω</strong></span> <span class='ocrx_word' id='word_1_119' title='bbox 2549 602 2578 653; x_wconf 98' lang='lat'><strong>6</strong></span> <span class='ocrx_word' id='word_1_120' title='bbox 2604 599 2683 671; x_wconf 84' lang='grc' dir='ltr'>τῷ</span> <span class='ocrx_word' id='word_1_121' title='bbox 2712 600 2934 674; x_wconf 84' lang='grc' dir='ltr'>Χριστῷ</span> <span class='ocrx_word' id='word_1_122' title='bbox 2957 602 3275 675; x_wconf 86' lang='grc' dir='ltr'>προσελθεῖν</span> <span class='ocrx_word' id='word_1_123' title='bbox 3314 603 3662 677; x_wconf 83' lang='grc' dir='ltr'>βουλόμενος,</span> 
     </span>
    </p>
   </div>
   <div class='ocr_carea' id='block_1_21' title="bbox 2068 691 3667 770">
    <p class='ocr_par' dir='ltr' id='par_1_21' title="bbox 2068 691 3667 770">
     <span class='ocr_line' id='line_1_21' title="bbox 2068 691 3667 770; baseline 0.006 -27"><span class='ocrx_word' id='word_1_124' title='bbox 2068 691 2152 744; x_wconf 84' lang='grc' dir='ltr'>ὅτι.</span> <span class='ocrx_word' id='word_1_125' title='bbox 2177 692 2330 745; x_wconf 80' lang='grc' dir='ltr'>πᾶσα</span> <span class='ocrx_word' id='word_1_126' title='bbox 2362 692 2546 757; x_wconf 83' lang='grc' dir='ltr'>πίστις</span> <span class='ocrx_word' id='word_1_127' title='bbox 2575 693 2669 746; x_wconf 77' lang='grc' dir='ltr'><strong>ἐπὶ</strong></span> <span class='ocrx_word' id='word_1_128' title='bbox 2691 695 2796 765; x_wconf 85' lang='grc' dir='ltr'><strong>γῆς</strong></span> <span class='ocrx_word' id='word_1_129' title='bbox 2822 697 2901 759; x_wconf 88' lang='grc' dir='ltr'><strong>είς</strong></span> <span class='ocrx_word' id='word_1_130' title='bbox 2929 696 3101 766; x_wconf 74' lang='grc' dir='ltr'>ὄνομα</span> <span class='ocrx_word' id='word_1_131' title='bbox 3123 695 3413 767; x_wconf 81' lang='grc' dir='ltr'>ἀνθρώπου</span> <span class='ocrx_word' id='word_1_132' title='bbox 3468 699 3667 770; x_wconf 83' lang='grc' dir='ltr'>ὀνομα-</span> 
     </span>
    </p>
   </div>
   <div class='ocr_carea' id='block_1_22' title="bbox 2069 781 3666 858">
    <p class='ocr_par' dir='ltr' id='par_1_22' title="bbox 2069 781 3666 858">
     <span class='ocr_line' id='line_1_22' title="bbox 2069 781 3666 858; baseline 0.006 -23"><span class='ocrx_word' id='word_1_133' title='bbox 2069 781 2272 854; x_wconf 78' lang='grc' dir='ltr'>ζομένη</span> <span class='ocrx_word' id='word_1_134' title='bbox 2300 799 2312 811; x_wconf 86' lang='grc'><strong>·</strong></span> <span class='ocrx_word' id='word_1_135' title='bbox 2340 783 2483 852; x_wconf 85' lang='grc' dir='ltr'>λέγω</span> <span class='ocrx_word' id='word_1_136' title='bbox 2515 783 2580 854; x_wconf 86' lang='grc' dir='ltr'>δὴ</span> <span class='ocrx_word' id='word_1_137' title='bbox 2610 785 2718 838; x_wconf 83' lang='grc' dir='ltr'>ἀπὸ</span> <span class='ocrx_word' id='word_1_138' title='bbox 2743 785 2988 856; x_wconf 90' lang='grc' dir='ltr'>Σίμωνος</span> <span class='ocrx_word' id='word_1_139' title='bbox 3017 788 3376 858; x_wconf 78' lang='grc' dir='ltr'>Σιμωνιανοὶ,</span> <span class='ocrx_word' id='word_1_140' title='bbox 3408 791 3507 852; x_wconf 77' lang='grc' dir='ltr'>καὶ</span> <span class='ocrx_word' id='word_1_141' title='bbox 3553 791 3666 844; x_wconf 84' lang='grc' dir='ltr'>ἀπὸ</span> 
     </span>
    </p>
   </div>
   <div class='ocr_carea' id='block_1_23' title="bbox 2068 875 3664 952">
    <p class='ocr_par' dir='ltr' id='par_1_23' title="bbox 2068 875 3664 952">
     <span class='ocr_line' id='line_1_23' title="bbox 2068 875 3664 952; baseline 0.004 -24"><span class='ocrx_word' id='word_1_142' title='bbox 2068 875 2395 946; x_wconf 83' lang='grc' dir='ltr'>Μαρκίωνος</span> <span class='ocrx_word' id='word_1_143' title='bbox 2435 877 2838 946; x_wconf 77' lang='grc' dir='ltr'>Μαρκιωνιταὶ,</span> <span class='ocrx_word' id='word_1_144' title='bbox 2883 878 2977 931; x_wconf 82' lang='grc' dir='ltr'>καὶ</span> <span class='ocrx_word' id='word_1_145' title='bbox 3020 878 3129 932; x_wconf 84' lang='grc' dir='ltr'>ἀπὸ</span> <span class='ocrx_word' id='word_1_146' title='bbox 3175 879 3381 950; x_wconf 81' lang='grc' dir='ltr'>Ἀρείου</span> <span class='ocrx_word' id='word_1_147' title='bbox 3446 881 3664 952; x_wconf 86' lang='grc' dir='ltr'>Ἀρεια-</span> 
     </span>
    </p>
   </div>
   <div class='ocr_carea' id='block_1_24' title="bbox 2068 961 3661 1040">
    <p class='ocr_par' dir='ltr' id='par_1_24' title="bbox 2068 961 3661 1040">
     <span class='ocr_line' id='line_1_24' title="bbox 2068 961 3661 1040; baseline 0.005 -22"><span class='ocrx_word' id='word_1_148' title='bbox 2068 965 2172 1028; x_wconf 61' lang='lat' dir='ltr'><strong>vol,</strong></span> <span class='ocrx_word' id='word_1_149' title='bbox 2205 965 2300 1019; x_wconf 77' lang='grc' dir='ltr'>καὶ</span> <span class='ocrx_word' id='word_1_150' title='bbox 2322 965 2389 1018; x_wconf 85' lang='grc' dir='ltr'><strong>δι’</strong></span> <span class='ocrx_word' id='word_1_151' title='bbox 2414 966 2679 1036; x_wconf 84' lang='grc' dir='ltr'><strong>Εὐνόμιον</strong></span> <span class='ocrx_word' id='word_1_152' title='bbox 2705 967 3029 1040; x_wconf 86' lang='grc' dir='ltr'>Εὐνομιανοί</span> <span class='ocrx_word' id='word_1_153' title='bbox 3054 987 3068 1001; x_wconf 90' lang='grc'><strong>·</strong></span> <span class='ocrx_word' id='word_1_154' title='bbox 3096 961 3255 1024; x_wconf 79' lang='grc' dir='ltr'>αὗται</span> <span class='ocrx_word' id='word_1_155' title='bbox 3277 972 3451 1024; x_wconf 85' lang='grc' dir='ltr'>πᾶσαι</span> <span class='ocrx_word' id='word_1_156' title='bbox 3485 973 3583 1025; x_wconf 82' lang='grc' dir='ltr'>καὶ</span> <span class='ocrx_word' id='word_1_157' title='bbox 3606 976 3661 1027; x_wconf 75' lang='lat' dir='ltr'><strong>al</strong></span> 
     </span>
    </p>
   </div>
   <div class='ocr_carea' id='block_1_25' title="bbox 2069 1055 3663 1132">
    <p class='ocr_par' dir='ltr' id='par_1_25' title="bbox 2069 1055 3663 1132">
     <span class='ocr_line' id='line_1_25' title="bbox 2069 1055 3663 1132; baseline 0.006 -24"><span class='ocrx_word' id='word_1_158' title='bbox 2069 1055 2275 1120; x_wconf 77' lang='grc' dir='ltr'>λοιπαὶ,</span> <span class='ocrx_word' id='word_1_159' title='bbox 2310 1057 2371 1109; x_wconf 83' lang='grc' dir='ltr'>αἴ</span> <span class='ocrx_word' id='word_1_160' title='bbox 2395 1058 2534 1111; x_wconf 77' lang='grc' dir='ltr'>εἰσιν</span> <span class='ocrx_word' id='word_1_161' title='bbox 2566 1058 2871 1130; x_wconf 79' lang='grc' dir='ltr'>ἀνθρώπων</span> <span class='ocrx_word' id='word_1_162' title='bbox 2919 1062 3190 1132; x_wconf 87' lang='grc' dir='ltr'>ὀνόματα,</span> <span class='ocrx_word' id='word_1_163' title='bbox 3217 1062 3312 1115; x_wconf 77' lang='grc' dir='ltr'>καὶ</span> <span class='ocrx_word' id='word_1_164' title='bbox 3343 1062 3412 1116; x_wconf 86' lang='grc' dir='ltr'><strong>δι’</strong></span> <span class='ocrx_word' id='word_1_165' title='bbox 3461 1064 3663 1128; x_wconf 83' lang='grc' dir='ltr'>αὐτοὺς</span> 
     </span>
    </p>
   </div>
   <div class='ocr_carea' id='block_1_26' title="bbox 2067 1147 3663 1220">
    <p class='ocr_par' dir='ltr' id='par_1_26' title="bbox 2067 1147 3663 1220">
     <span class='ocr_line' id='line_1_26' title="bbox 2067 1147 3663 1220; baseline 0.004 -18"><span class='ocrx_word' id='word_1_166' title='bbox 2067 1147 2242 1212; x_wconf 78' lang='grc' dir='ltr'>οὕτως</span> <span class='ocrx_word' id='word_1_167' title='bbox 2263 1149 2660 1220; x_wconf 82' lang='grc' dir='ltr'>ὀνομαζόμεναι</span> <span class='ocrx_word' id='word_1_168' title='bbox 2694 1151 2927 1216; x_wconf 85' lang='grc' dir='ltr'>πίστεις,</span> <span class='ocrx_word' id='word_1_169' title='bbox 2959 1153 3058 1206; x_wconf 87' lang='grc' dir='ltr'><strong>οὐκ</strong></span> <span class='ocrx_word' id='word_1_170' title='bbox 3085 1154 3192 1206; x_wconf 80' lang='grc' dir='ltr'>είσὶ</span> <span class='ocrx_word' id='word_1_171' title='bbox 3227 1153 3322 1208; x_wconf 84' lang='grc' dir='ltr'><strong>τοῦ</strong></span> <span class='ocrx_word' id='word_1_172' title='bbox 3354 1153 3516 1220; x_wconf 79' lang='grc' dir='ltr'>Θεοῦ,</span> <span class='ocrx_word' id='word_1_173' title='bbox 3539 1156 3663 1209; x_wconf 83' lang='grc' dir='ltr'>οὐδὲ</span> 
     </span>
    </p>
   </div>
   <div class='ocr_carea' id='block_1_27' title="bbox 2068 1240 3661 1318">
    <p class='ocr_par' dir='ltr' id='par_1_27' title="bbox 2068 1240 3661 1318">
     <span class='ocr_line' id='line_1_27' title="bbox 2068 1240 3661 1318; baseline 0.004 -24"><span class='ocrx_word' id='word_1_174' title='bbox 2068 1243 2098 1294; x_wconf 93' lang='lat'><strong>6</strong></span> <span class='ocrx_word' id='word_1_175' title='bbox 2127 1240 2259 1304; x_wconf 85' lang='grc' dir='ltr'>Θεὸς</span> <span class='ocrx_word' id='word_1_176' title='bbox 2280 1243 2338 1294; x_wconf 83' lang='grc' dir='ltr'>ὲν</span> <span class='ocrx_word' id='word_1_177' title='bbox 2361 1242 2570 1305; x_wconf 78' lang='grc' dir='ltr'>αὐταῖς.</span> <span class='ocrx_word' id='word_1_178' title='bbox 2607 1242 2671 1296; x_wconf 81' lang='grc' dir='ltr'><strong>Εἰ</strong></span> <span class='ocrx_word' id='word_1_179' title='bbox 2701 1241 2810 1314; x_wconf 83' lang='grc' dir='ltr'><strong>γὰρ</strong></span> <span class='ocrx_word' id='word_1_180' title='bbox 2846 1243 2942 1297; x_wconf 77' lang='grc' dir='ltr'>τοῦ</span> <span class='ocrx_word' id='word_1_181' title='bbox 2966 1242 3109 1298; x_wconf 77' lang='grc' dir='ltr'>Θεοῦ</span> <span class='ocrx_word' id='word_1_182' title='bbox 3138 1248 3266 1311; x_wconf 79' lang='grc' dir='ltr'>εἱσι,</span> <span class='ocrx_word' id='word_1_183' title='bbox 3315 1247 3464 1310; x_wconf 88' lang='grc' dir='ltr'>τίνος</span> <span class='ocrx_word' id='word_1_184' title='bbox 3497 1248 3661 1318; x_wconf 83' lang='grc' dir='ltr'>χάριν</span> 
     </span>
    </p>
   </div>
   <div class='ocr_carea' id='block_1_28' title="bbox 2068 1331 3656 1408">
    <p class='ocr_par' dir='ltr' id='par_1_28' title="bbox 2068 1331 3656 1408">
     <span class='ocr_line' id='line_1_28' title="bbox 2068 1331 3656 1408; baseline 0.003 -22"><span class='ocrx_word' id='word_1_185' title='bbox 2068 1331 2376 1403; x_wconf 84' lang='grc' dir='ltr'>ἀνθρώπων</span> <span class='ocrx_word' id='word_1_186' title='bbox 2406 1331 2668 1404; x_wconf 85' lang='grc' dir='ltr'>ὀνόμασιν</span> <span class='ocrx_word' id='word_1_187' title='bbox 2693 1333 3050 1405; x_wconf 80' lang='grc' dir='ltr'>ὀνομάζονταί</span> <span class='ocrx_word' id='word_1_188' title='bbox 3082 1353 3142 1388; x_wconf 90' lang='grc' dir='ltr'><strong>τε</strong></span> <span class='ocrx_word' id='word_1_189' title='bbox 3168 1336 3264 1390; x_wconf 74' lang='grc' dir='ltr'>καὶ</span> <span class='ocrx_word' id='word_1_190' title='bbox 3281 1337 3656 1408; x_wconf 86' lang='grc' dir='ltr'>σεμνύνονται;</span> 
     </span>
    </p>
   </div>
   <div class='ocr_carea' id='block_1_29' title="bbox 2070 1420 3660 1497">
    <p class='ocr_par' dir='ltr' id='par_1_29' title="bbox 2070 1420 3660 1497">
     <span class='ocr_line' id='line_1_29' title="bbox 2070 1420 3660 1497; baseline 0.005 -25"><span class='ocrx_word' id='word_1_191' title='bbox 2070 1420 2345 1491; x_wconf 86' lang='grc' dir='ltr'>Καύχημα</span> <span class='ocrx_word' id='word_1_192' title='bbox 2383 1420 2560 1475; x_wconf 77' lang='grc' dir='ltr'>τοίνυν</span> <span class='ocrx_word' id='word_1_193' title='bbox 2592 1423 2726 1493; x_wconf 86' lang='grc' dir='ltr'>ἡμῖν</span> <span class='ocrx_word' id='word_1_194' title='bbox 2765 1424 2883 1476; x_wconf 78' lang='grc' dir='ltr'>ἐστι</span> <span class='ocrx_word' id='word_1_195' title='bbox 2905 1424 3284 1496; x_wconf 87' lang='grc' dir='ltr'>καυχημάτων</span> <span class='ocrx_word' id='word_1_196' title='bbox 3315 1428 3348 1497; x_wconf 85' lang='grc' dir='ltr'><strong>ἠ</strong></span> <span class='ocrx_word' id='word_1_197' title='bbox 3389 1426 3660 1497; x_wconf 80' lang='grc' dir='ltr'>καθολικὴ</span> 
     </span>
    </p>
   </div>
   <div class='ocr_carea' id='block_1_30' title="bbox 2083 1512 3659 1589">
    <p class='ocr_par' dir='ltr' id='par_1_30' title="bbox 2083 1512 3659 1589">
     <span class='ocr_line' id='line_1_30' title="bbox 2083 1512 3659 1589; baseline 0.005 -26"><span class='ocrx_word' id='word_1_198' title='bbox 2083 1512 2400 1583; x_wconf 83' lang='grc' dir='ltr'><strong>Ἐκκλησία,</strong></span> <span class='ocrx_word' id='word_1_199' title='bbox 2440 1513 2539 1566; x_wconf 74' lang='grc' dir='ltr'>καὶ</span> <span class='ocrx_word' id='word_1_200' title='bbox 2589 1515 2652 1567; x_wconf 89' lang='grc' dir='ltr'><strong>τὸ</strong></span> <span class='ocrx_word' id='word_1_201' title='bbox 2716 1513 3082 1586; x_wconf 84' lang='grc' dir='ltr'>κηρύττεσθαι</span> <span class='ocrx_word' id='word_1_202' title='bbox 3143 1516 3238 1570; x_wconf 71' lang='grc' dir='ltr'>καὶ</span> <span class='ocrx_word' id='word_1_203' title='bbox 3293 1518 3659 1589; x_wconf 78' lang='grc' dir='ltr'>ὀνομάζεσθαι</span> 
     </span>
    </p>
   </div>
   <div class='ocr_carea' id='block_1_31' title="bbox 2069 1603 3654 1681">
    <p class='ocr_par' dir='ltr' id='par_1_31' title="bbox 2069 1603 3654 1681">
     <span class='ocr_line' id='line_1_31' title="bbox 2069 1603 3654 1681; baseline 0.007 -26"><span class='ocrx_word' id='word_1_204' title='bbox 2069 1603 2408 1675; x_wconf 74' lang='grc' dir='ltr'>Χριστιανοὶ,</span> <span class='ocrx_word' id='word_1_205' title='bbox 2461 1605 2539 1668; x_wconf 78' lang='grc' dir='ltr'>ὡς</span> <span class='ocrx_word' id='word_1_206' title='bbox 2592 1604 2669 1677; x_wconf 82' lang='grc' dir='ltr'>μὴ</span> <span class='ocrx_word' id='word_1_207' title='bbox 2717 1606 3190 1678; x_wconf 61' lang='grc' dir='ltr'>παρὰράνθρώπου</span> <span class='ocrx_word' id='word_1_208' title='bbox 3240 1608 3654 1681; x_wconf 81' lang='grc' dir='ltr'>ὀνομασθέντες,</span> 
     </span>
    </p>
   </div>
   <div class='ocr_carea' id='block_1_32' title="bbox 2069 1697 3052 1770">
    <p class='ocr_par' dir='ltr' id='par_1_32' title="bbox 2069 1697 3052 1770">
     <span class='ocr_line' id='line_1_32' title="bbox 2069 1697 3052 1770; baseline 0.006 -19"><span class='ocrx_word' id='word_1_209' title='bbox 2069 1698 2184 1752; x_wconf 80' lang='grc' dir='ltr'>ἀλλ’</span> <span class='ocrx_word' id='word_1_210' title='bbox 2228 1697 2334 1752; x_wconf 82' lang='grc' dir='ltr'>ὑπὸ</span> <span class='ocrx_word' id='word_1_211' title='bbox 2372 1699 2467 1754; x_wconf 83' lang='grc' dir='ltr'><strong>τοῦ</strong></span> <span class='ocrx_word' id='word_1_212' title='bbox 2501 1699 2638 1754; x_wconf 86' lang='grc' dir='ltr'>Θεοῦ</span> <span class='ocrx_word' id='word_1_213' title='bbox 2671 1700 3052 1770; x_wconf 83' lang='grc' dir='ltr'>φωτισθέντες.</span> 
     </span>
    </p>
   </div>
   <div class='ocr_carea' id='block_1_33' title="bbox 463 1778 1963 1885">
    <p class='ocr_par' dir='ltr' id='par_1_33' title="bbox 463 1807 1963 1878">
     <span class='ocr_line' id='line_1_33' title="bbox 463 1807 1963 1878; baseline 0.003 -15"><span class='ocrx_word' id='word_1_214' title='bbox 463 1807 688 1875; x_wconf 65' lang='grc' dir='ltr'>ροιεετ.</span> <span class='ocrx_word' id='word_1_215' title='bbox 725 1807 913 1865; x_wconf 80' lang='lat' dir='ltr'><strong>XLVI.</strong></span> <span class='ocrx_word' id='word_1_216' title='bbox 954 1809 1089 1878; x_wconf 87' lang='lat' dir='ltr'><strong>Quis</strong></span> <span class='ocrx_word' id='word_1_217' title='bbox 1123 1818 1248 1866; x_wconf 83' lang='lat' dir='ltr'><strong>ante</strong></span> <span class='ocrx_word' id='word_1_218' title='bbox 1279 1826 1468 1868; x_wconf 90' lang='lat' dir='ltr'><strong>omnes</strong></span> <span class='ocrx_word' id='word_1_219' title='bbox 1498 1809 1667 1867; x_wconf 92' lang='lat' dir='ltr'><strong>Deum</strong></span> <span class='ocrx_word' id='word_1_220' title='bbox 1711 1812 1766 1866; x_wconf 88' lang='lat' dir='ltr'><strong>ln</strong></span> <span class='ocrx_word' id='word_1_221' title='bbox 1808 1811 1963 1867; x_wconf 88' lang='lat' dir='ltr'><strong>terris</strong></span> 
     </span>
    </p>
   </div>
   <div class='ocr_carea' id='block_1_34' title="bbox 2077 1778 3655 1885">
    <p class='ocr_par' dir='ltr' id='par_1_34' title="bbox 2141 1807 3655 1885">
     <span class='ocr_line' id='line_1_34' title="bbox 2141 1807 3655 1885; baseline 0.005 -25"><span class='ocrx_word' id='word_1_222' title='bbox 2141 1807 2254 1880; x_wconf 82' lang='lat'><strong>(75)</strong></span> <span class='ocrx_word' id='word_1_223' title='bbox 2297 1807 2489 1880; x_wconf 84' lang='grc' dir='ltr'>Ἐρώτ.</span> <span class='ocrx_word' id='word_1_224' title='bbox 2514 1817 2628 1881; x_wconf 64' lang='lat' dir='ltr'><strong>pg’.</strong></span> <span class='ocrx_word' id='word_1_225' title='bbox 2676 1810 2775 1874; x_wconf 90' lang='grc' dir='ltr'>Τίς</span> <span class='ocrx_word' id='word_1_226' title='bbox 2822 1811 2929 1882; x_wconf 82' lang='grc' dir='ltr'><strong>πρὸ</strong></span> <span class='ocrx_word' id='word_1_227' title='bbox 2959 1812 3175 1867; x_wconf 87' lang='grc' dir='ltr'>πάντων</span> <span class='ocrx_word' id='word_1_228' title='bbox 3222 1812 3472 1885; x_wconf 80' lang='grc' dir='ltr'>ὠνόμασε</span> <span class='ocrx_word' id='word_1_229' title='bbox 3520 1815 3655 1868; x_wconf 77' lang='grc' dir='ltr'>Θεὸν</span> 
     </span>
    </p>
   </div>
   <div class='ocr_carea' id='block_1_35' title="bbox 395 1901 934 1957">
    <p class='ocr_par' dir='ltr' id='par_1_35' title="bbox 395 1901 934 1957">
     <span class='ocr_line' id='line_1_35' title="bbox 395 1901 934 1957; baseline 0.004 -1"><span class='ocrx_word' id='word_1_230' title='bbox 395 1903 699 1957; x_wconf 81' lang='lat' dir='ltr'><strong>nominavit</strong></span> <span class='ocrx_word' id='word_1_231' title='bbox 725 1901 934 1957; x_wconf 89' lang='lat' dir='ltr'><strong>Deum?</strong></span> 
     </span>
    </p>
   </div>
   <div class='ocr_carea' id='block_1_36' title="bbox 466 1993 1968 2060">
    <p class='ocr_par' dir='ltr' id='par_1_36' title="bbox 466 1993 1968 2060">
     <span class='ocr_line' id='line_1_36' title="bbox 466 1993 1968 2060; baseline 0 -12"><span class='ocrx_word' id='word_1_232' title='bbox 466 1994 630 2050; x_wconf 75' lang='lat' dir='ltr'><strong>Resp.</strong></span> <span class='ocrx_word' id='word_1_233' title='bbox 676 1993 962 2050; x_wconf 89' lang='lat' dir='ltr'><strong>Diabolum</strong></span> <span class='ocrx_word' id='word_1_234' title='bbox 1002 2010 1125 2052; x_wconf 91' lang='lat' dir='ltr'><strong>esse</strong></span> <span class='ocrx_word' id='word_1_235' title='bbox 1165 1997 1513 2052; x_wconf 85' lang='lat' dir='ltr'><strong>manifestum</strong></span> <span class='ocrx_word' id='word_1_236' title='bbox 1553 2004 1658 2060; x_wconf 90' lang='lat' dir='ltr'><strong>est,</strong></span> <span class='ocrx_word' id='word_1_237' title='bbox 1689 2011 1813 2050; x_wconf 90' lang='lat' dir='ltr'><strong>cum</strong></span> <span class='ocrx_word' id='word_1_238' title='bbox 1857 1995 1968 2051; x_wconf 88' lang='lat' dir='ltr'><strong>sci-</strong></span> 
     </span>
    </p>
   </div>
   <div class='ocr_carea' id='block_1_37' title="bbox 392 2085 1969 2154">
    <p class='ocr_par' dir='ltr' id='par_1_37' title="bbox 392 2085 1969 2154">
     <span class='ocr_line' id='line_1_37' title="bbox 392 2085 1969 2154; baseline 0.001 -14"><span class='ocrx_word' id='word_1_239' title='bbox 392 2085 522 2140; x_wconf 84' lang='lat' dir='ltr'><strong>licet</strong></span> <span class='ocrx_word' id='word_1_240' title='bbox 547 2085 616 2141; x_wconf 90' lang='lat' dir='ltr'><strong>ad</strong></span> <span class='ocrx_word' id='word_1_241' title='bbox 645 2085 816 2140; x_wconf 88' lang='lat' dir='ltr'><strong>Evam</strong></span> <span class='ocrx_word' id='word_1_242' title='bbox 847 2086 986 2141; x_wconf 76' lang='lat' dir='ltr'><strong>dixit</strong></span> <span class='ocrx_word' id='word_1_243' title='bbox 1015 2106 1030 2142; x_wconf 89' lang='lat'><strong>:</strong></span> <span class='ocrx_word' id='word_1_244' title='bbox 1068 2087 1240 2154; x_wconf 71' lang='lat' dir='ltr'><strong>«Quid</strong></span> <span class='ocrx_word' id='word_1_245' title='bbox 1270 2089 1410 2142; x_wconf 76' lang='lat' dir='ltr'><strong>dixit</strong></span> <span class='ocrx_word' id='word_1_246' title='bbox 1434 2089 1589 2144; x_wconf 90' lang='lat' dir='ltr'><strong>vobis</strong></span> <span class='ocrx_word' id='word_1_247' title='bbox 1619 2087 1764 2142; x_wconf 90' lang='lat' dir='ltr'><strong>Deus</strong></span> <span class='ocrx_word' id='word_1_248' title='bbox 1805 2095 1864 2142; x_wconf 87' lang='lat' dir='ltr'><strong>ut</strong></span> <span class='ocrx_word' id='word_1_249' title='bbox 1900 2103 1969 2142; x_wconf 82' lang='lat' dir='ltr'><strong>ex</strong></span> 
     </span>
    </p>
   </div>
   <div class='ocr_carea' id='block_1_38' title="bbox 389 2176 1969 2248">
    <p class='ocr_par' dir='ltr' id='par_1_38' title="bbox 389 2176 1969 2248">
     <span class='ocr_line' id='line_1_38' title="bbox 389 2176 1969 2248; baseline 0.001 -17"><span class='ocrx_word' id='word_1_250' title='bbox 389 2177 539 2231; x_wconf 91' lang='lat' dir='ltr'><strong>omni</strong></span> <span class='ocrx_word' id='word_1_251' title='bbox 568 2177 896 2248; x_wconf 85' lang='lat' dir='ltr'><strong>ligno.quod</strong></span> <span class='ocrx_word' id='word_1_252' title='bbox 925 2186 1010 2233; x_wconf 88' lang='lat' dir='ltr'><strong>est</strong></span> <span class='ocrx_word' id='word_1_253' title='bbox 1040 2178 1099 2233; x_wconf 90' lang='lat' dir='ltr'><strong>in</strong></span> <span class='ocrx_word' id='word_1_254' title='bbox 1128 2180 1402 2246; x_wconf 83' lang='lat' dir='ltr'><strong>paradiso,</strong></span> <span class='ocrx_word' id='word_1_255' title='bbox 1427 2178 1759 2233; x_wconf 72' lang='lat' dir='ltr'><strong>comedatis‘</strong></span> <span class='ocrx_word' id='word_1_256' title='bbox 1778 2179 1828 2232; x_wconf 69' lang='grc' dir='ltr'><strong>ἲ»</strong></span> <span class='ocrx_word' id='word_1_257' title='bbox 1858 2176 1969 2232; x_wconf 82' lang='grc' dir='ltr'>Νεο</span> 
     </span>
    </p>
   </div>
   <div class='ocr_carea' id='block_1_39' title="bbox 391 2269 1965 2340">
    <p class='ocr_par' dir='ltr' id='par_1_39' title="bbox 391 2269 1965 2340">
     <span class='ocr_line' id='line_1_39' title="bbox 391 2269 1965 2340; baseline 0.001 -18"><span class='ocrx_word' id='word_1_258' title='bbox 391 2284 521 2324; x_wconf 89' lang='lat' dir='ltr'><strong>vero</strong></span> <span class='ocrx_word' id='word_1_259' title='bbox 548 2269 606 2324; x_wconf 87' lang='lat' dir='ltr'><strong>id</strong></span> <span class='ocrx_word' id='word_1_260' title='bbox 634 2269 851 2325; x_wconf 86' lang='lat' dir='ltr'><strong>mireris</strong></span> <span class='ocrx_word' id='word_1_261' title='bbox 882 2289 898 2324; x_wconf 85' lang='lat'><strong>:</strong></span> <span class='ocrx_word' id='word_1_262' title='bbox 936 2285 1173 2340; x_wconf 89' lang='lat' dir='ltr'><strong>namque</strong></span> <span class='ocrx_word' id='word_1_263' title='bbox 1201 2285 1326 2325; x_wconf 90' lang='lat' dir='ltr'><strong>cum</strong></span> <span class='ocrx_word' id='word_1_264' title='bbox 1355 2270 1606 2326; x_wconf 84' lang='lat' dir='ltr'><strong>diabolus</strong></span> <span class='ocrx_word' id='word_1_265' title='bbox 1637 2270 1800 2324; x_wconf 88' lang='lat' dir='ltr'><strong>fuerit</strong></span> <span class='ocrx_word' id='word_1_266' title='bbox 1839 2270 1965 2324; x_wconf 88' lang='lat' dir='ltr'><strong>olim</strong></span> 
     </span>
    </p>
   </div>
   <div class='ocr_carea' id='block_1_40' title="bbox 390 2361 1882 2433">
    <p class='ocr_par' dir='ltr' id='par_1_40' title="bbox 390 2361 1882 2433">
     <span class='ocr_line' id='line_1_40' title="bbox 390 2361 1882 2433; baseline 0.001 -19"><span class='ocrx_word' id='word_1_267' title='bbox 390 2362 640 2432; x_wconf 85' lang='lat' dir='ltr'><strong>angelus,</strong></span> <span class='ocrx_word' id='word_1_268' title='bbox 693 2370 826 2417; x_wconf 90' lang='lat' dir='ltr'><strong>tunc</strong></span> <span class='ocrx_word' id='word_1_269' title='bbox 853 2377 1020 2433; x_wconf 88' lang='lat' dir='ltr'><strong>supra</strong></span> <span class='ocrx_word' id='word_1_270' title='bbox 1056 2362 1335 2417; x_wconf 86' lang='lat' dir='ltr'><strong>hominem</strong></span> <span class='ocrx_word' id='word_1_271' title='bbox 1366 2363 1647 2419; x_wconf 84' lang='lat' dir='ltr'><strong>scientiam</strong></span> <span class='ocrx_word' id='word_1_272' title='bbox 1673 2361 1882 2417; x_wconf 88' lang='lat' dir='ltr'><strong>habuit.</strong></span> 
     </span>
    </p>
   </div>
   <div class='ocr_carea' id='block_1_41' title="bbox 460 2452 1966 2525">
    <p class='ocr_par' dir='ltr' id='par_1_41' title="bbox 460 2452 1966 2525">
     <span class='ocr_line' id='line_1_41' title="bbox 460 2452 1966 2525; baseline 0.001 -17"><span class='ocrx_word' id='word_1_273' title='bbox 460 2452 680 2521; x_wconf 66' lang='grc' dir='ltr'>ρυλες-ι’.</span> <span class='ocrx_word' id='word_1_274' title='bbox 728 2453 937 2508; x_wconf 85' lang='lat' dir='ltr'><strong>XLVII.</strong></span> <span class='ocrx_word' id='word_1_275' title='bbox 967 2454 1200 2511; x_wconf 80' lang='lat' dir='ltr'><strong>Ubinam</strong></span> <span class='ocrx_word' id='word_1_276' title='bbox 1231 2469 1361 2510; x_wconf 89' lang='lat' dir='ltr'><strong>vero</strong></span> <span class='ocrx_word' id='word_1_277' title='bbox 1382 2455 1696 2525; x_wconf 84' lang='lat' dir='ltr'><strong>paradisum</strong></span> <span class='ocrx_word' id='word_1_278' title='bbox 1721 2454 1966 2510; x_wconf 85' lang='lat' dir='ltr'><strong>dicemus</strong></span> 
     </span>
    </p>
   </div>
   <div class='ocr_carea' id='block_1_42' title="bbox 389 2545 1967 2619">
    <p class='ocr_par' dir='ltr' id='par_1_42' title="bbox 389 2545 1967 2619">
     <span class='ocr_line' id='line_1_42' title="bbox 389 2545 1967 2619; baseline 0.001 -18"><span class='ocrx_word' id='word_1_279' title='bbox 389 2547 553 2601; x_wconf 84' lang='lat' dir='ltr'><strong>esse?</strong></span> <span class='ocrx_word' id='word_1_280' title='bbox 574 2546 681 2602; x_wconf 87' lang='lat' dir='ltr'><strong>Alii</strong></span> <span class='ocrx_word' id='word_1_281' title='bbox 715 2548 861 2604; x_wconf 89' lang='lat' dir='ltr'><strong>enim</strong></span> <span class='ocrx_word' id='word_1_282' title='bbox 893 2545 1271 2619; x_wconf 77' lang='lat' dir='ltr'><strong>Jerosolymis,</strong></span> <span class='ocrx_word' id='word_1_283' title='bbox 1303 2547 1397 2601; x_wconf 89' lang='lat' dir='ltr'><strong>alii</strong></span> <span class='ocrx_word' id='word_1_284' title='bbox 1431 2547 1486 2602; x_wconf 91' lang='lat' dir='ltr'><strong>in</strong></span> <span class='ocrx_word' id='word_1_285' title='bbox 1515 2547 1671 2602; x_wconf 72' lang='lat' dir='ltr'><strong>caelis</strong></span> <span class='ocrx_word' id='word_1_286' title='bbox 1693 2561 1819 2601; x_wconf 89' lang='lat' dir='ltr'><strong>eum</strong></span> <span class='ocrx_word' id='word_1_287' title='bbox 1844 2561 1967 2602; x_wconf 82' lang='lat' dir='ltr'><strong>esse</strong></span> 
     </span>
    </p>
   </div>
   <div class='ocr_carea' id='block_1_43' title="bbox 390 2638 564 2694">
    <p class='ocr_par' dir='ltr' id='par_1_43' title="bbox 390 2638 564 2694">
     <span class='ocr_line' id='line_1_43' title="bbox 390 2638 564 2694; baseline 0.011 -2"><span class='ocrx_word' id='word_1_288' title='bbox 390 2638 564 2694; x_wconf 88' lang='lat' dir='ltr'><strong>aiunt.</strong></span> 
     </span>
    </p>
   </div>
   <div class='ocr_carea' id='block_1_44' title="bbox 458 2729 1966 2800">
    <p class='ocr_par' dir='ltr' id='par_1_44' title="bbox 458 2729 1966 2800">
     <span class='ocr_line' id='line_1_44' title="bbox 458 2729 1966 2800; baseline 0.001 -17"><span class='ocrx_word' id='word_1_289' title='bbox 458 2729 626 2786; x_wconf 72' lang='lat' dir='ltr'><strong>Rssr.</strong></span> <span class='ocrx_word' id='word_1_290' title='bbox 652 2729 823 2786; x_wconf 78' lang='lat' dir='ltr'><strong>Nemo</strong></span> <span class='ocrx_word' id='word_1_291' title='bbox 855 2730 1049 2786; x_wconf 88' lang='lat' dir='ltr'><strong>horum</strong></span> <span class='ocrx_word' id='word_1_292' title='bbox 1082 2746 1208 2786; x_wconf 85' lang='lat' dir='ltr'><strong>vere</strong></span> <span class='ocrx_word' id='word_1_293' title='bbox 1245 2731 1430 2787; x_wconf 87' lang='lat' dir='ltr'><strong>sentit.</strong></span> <span class='ocrx_word' id='word_1_294' title='bbox 1469 2729 1604 2784; x_wconf 89' lang='lat' dir='ltr'><strong>Nam</strong></span> <span class='ocrx_word' id='word_1_295' title='bbox 1630 2730 1773 2800; x_wconf 87' lang='lat' dir='ltr'><strong>quod</strong></span> <span class='ocrx_word' id='word_1_296' title='bbox 1809 2729 1966 2786; x_wconf 62' lang='grc' dir='ltr'>ποι-οι-</span> 
     </span>
    </p>
   </div>
   <div class='ocr_carea' id='block_1_45' title="bbox 389 2822 1965 2896">
    <p class='ocr_par' dir='ltr' id='par_1_45' title="bbox 389 2822 1965 2896">
     <span class='ocr_line' id='line_1_45' title="bbox 389 2822 1965 2896; baseline -0.002 -17"><span class='ocrx_word' id='word_1_297' title='bbox 389 2823 617 2896; x_wconf 88' lang='lat' dir='ltr'><strong>solymis</strong></span> <span class='ocrx_word' id='word_1_298' title='bbox 661 2822 951 2894; x_wconf 87' lang='lat' dir='ltr'><strong>paradisus</strong></span> <span class='ocrx_word' id='word_1_299' title='bbox 994 2838 1103 2877; x_wconf 92' lang='lat' dir='ltr'><strong>non</strong></span> <span class='ocrx_word' id='word_1_300' title='bbox 1151 2824 1244 2888; x_wconf 88' lang='lat' dir='ltr'><strong>sit,</strong></span> <span class='ocrx_word' id='word_1_301' title='bbox 1290 2829 1523 2877; x_wconf 86' lang='lat' dir='ltr'><strong>testatur</strong></span> <span class='ocrx_word' id='word_1_302' title='bbox 1562 2823 1731 2876; x_wconf 86' lang='lat' dir='ltr'><strong>Adam</strong></span> <span class='ocrx_word' id='word_1_303' title='bbox 1779 2823 1871 2892; x_wconf 87' lang='lat' dir='ltr'><strong>qui</strong></span> <span class='ocrx_word' id='word_1_304' title='bbox 1910 2823 1965 2876; x_wconf 91' lang='lat' dir='ltr'><strong>in</strong></span> 
     </span>
    </p>
   </div>
   <div class='ocr_carea' id='block_1_46' title="bbox 388 2912 1965 2986">
    <p class='ocr_par' dir='ltr' id='par_1_46' title="bbox 388 2912 1965 2986">
     <span class='ocr_line' id='line_1_46' title="bbox 388 2912 1965 2986; baseline -0.002 -13"><span class='ocrx_word' id='word_1_305' title='bbox 388 2916 555 2986; x_wconf 77' lang='lat'><strong>228</strong></span> <span class='ocrx_word' id='word_1_306' title='bbox 599 2912 851 2971; x_wconf 80' lang='lat' dir='ltr'><strong>C‘alvario</strong></span> <span class='ocrx_word' id='word_1_307' title='bbox 891 2916 1057 2986; x_wconf 82' lang='lat' dir='ltr'><strong>jacet.</strong></span> <span class='ocrx_word' id='word_1_308' title='bbox 1096 2914 1322 2971; x_wconf 85' lang='lat' dir='ltr'><strong>Certum</strong></span> <span class='ocrx_word' id='word_1_309' title='bbox 1372 2924 1550 2970; x_wconf 88' lang='lat' dir='ltr'><strong>autem</strong></span> <span class='ocrx_word' id='word_1_310' title='bbox 1595 2922 1679 2970; x_wconf 90' lang='lat' dir='ltr'><strong>est</strong></span> <span class='ocrx_word' id='word_1_311' title='bbox 1735 2931 1858 2970; x_wconf 91' lang='lat' dir='ltr'><strong>eum</strong></span> <span class='ocrx_word' id='word_1_312' title='bbox 1909 2915 1965 2970; x_wconf 91' lang='lat' dir='ltr'><strong>in</strong></span> 
     </span>
    </p>
   </div>
   <div class='ocr_carea' id='block_1_47' title="bbox 394 3006 1965 3078">
    <p class='ocr_par' dir='ltr' id='par_1_47' title="bbox 394 3006 1965 3078">
     <span class='ocr_line' id='line_1_47' title="bbox 394 3006 1965 3078; baseline 0.001 -18"><span class='ocrx_word' id='word_1_313' title='bbox 394 3007 656 3076; x_wconf 88' lang='lat' dir='ltr'><strong>paradiso</strong></span> <span class='ocrx_word' id='word_1_314' title='bbox 699 3007 971 3078; x_wconf 89' lang='lat' dir='ltr'><strong>sepultum</strong></span> <span class='ocrx_word' id='word_1_315' title='bbox 1019 3022 1130 3062; x_wconf 93' lang='lat' dir='ltr'><strong>non</strong></span> <span class='ocrx_word' id='word_1_316' title='bbox 1165 3007 1359 3074; x_wconf 86' lang='lat' dir='ltr'><strong>fuisse,</strong></span> <span class='ocrx_word' id='word_1_317' title='bbox 1389 3007 1484 3064; x_wconf 89' lang='lat' dir='ltr'><strong>sed</strong></span> <span class='ocrx_word' id='word_1_318' title='bbox 1515 3016 1668 3062; x_wconf 78' lang='lat' dir='ltr'><strong>extra</strong></span> <span class='ocrx_word' id='word_1_319' title='bbox 1696 3023 1820 3062; x_wconf 89' lang='lat' dir='ltr'><strong>eum</strong></span> <span class='ocrx_word' id='word_1_320' title='bbox 1849 3006 1965 3076; x_wconf 82' lang='lat' dir='ltr'><strong>eje-</strong></span> 
     </span>
    </p>
   </div>
   <div class='ocr_carea' id='block_1_48' title="bbox 389 3099 2033 3183">
    <p class='ocr_par' dir='ltr' id='par_1_48' title="bbox 389 3099 2033 3183">
     <span class='ocr_line' id='line_1_48' title="bbox 389 3099 2033 3183; baseline 0 -28"><span class='ocrx_word' id='word_1_321' title='bbox 389 3107 538 3155; x_wconf 82' lang='lat' dir='ltr'><strong>otum</strong></span> <span class='ocrx_word' id='word_1_322' title='bbox 564 3115 708 3156; x_wconf 87' lang='lat' dir='ltr'><strong>esse.</strong></span> <span class='ocrx_word' id='word_1_323' title='bbox 734 3099 888 3166; x_wconf 92' lang='lat' dir='ltr'><strong>Quod</strong></span> <span class='ocrx_word' id='word_1_324' title='bbox 927 3108 1105 3155; x_wconf 85' lang='lat' dir='ltr'><strong>autem</strong></span> <span class='ocrx_word' id='word_1_325' title='bbox 1133 3101 1417 3169; x_wconf 87' lang='lat' dir='ltr'><strong>paradisus</strong></span> <span class='ocrx_word' id='word_1_326' title='bbox 1461 3115 1569 3154; x_wconf 88' lang='lat' dir='ltr'><strong>non</strong></span> <span class='ocrx_word' id='word_1_327' title='bbox 1601 3101 1669 3155; x_wconf 88' lang='lat' dir='ltr'><strong>sit</strong></span> <span class='ocrx_word' id='word_1_328' title='bbox 1699 3101 1751 3154; x_wconf 92' lang='lat' dir='ltr'><strong>in</strong></span> <span class='ocrx_word' id='word_1_329' title='bbox 1786 3100 1961 3167; x_wconf 63' lang='lat' dir='ltr'><strong>caelis,</strong></span> <span class='ocrx_word' id='word_1_330' title='bbox 1989 3127 2033 3183; x_wconf 70' lang='grc' dir='ltr'>ο</span> 
     </span>
    </p>
   </div>
   <div class='ocr_carea' id='block_1_49' title="bbox 389 3189 1967 3262">
    <p class='ocr_par' dir='ltr' id='par_1_49' title="bbox 389 3189 1967 3262">
     <span class='ocr_line' id='line_1_49' title="bbox 389 3189 1967 3262; baseline -0.001 -17"><span class='ocrx_word' id='word_1_331' title='bbox 389 3198 623 3247; x_wconf 86' lang='lat' dir='ltr'><strong>testatur</strong></span> <span class='ocrx_word' id='word_1_332' title='bbox 653 3189 936 3261; x_wconf 88' lang='lat' dir='ltr'><strong>Scriptura</strong></span> <span class='ocrx_word' id='word_1_333' title='bbox 965 3206 1085 3261; x_wconf 74' lang='lat' dir='ltr'><strong>quae</strong></span> <span class='ocrx_word' id='word_1_334' title='bbox 1114 3192 1208 3258; x_wconf 85' lang='lat' dir='ltr'><strong>ait,</strong></span> <span class='ocrx_word' id='word_1_335' title='bbox 1233 3191 1328 3244; x_wconf 71' lang='lat' dir='ltr'><strong>«Et</strong></span> <span class='ocrx_word' id='word_1_336' title='bbox 1357 3192 1620 3262; x_wconf 89' lang='lat' dir='ltr'><strong>plantavit</strong></span> <span class='ocrx_word' id='word_1_337' title='bbox 1647 3189 1790 3245; x_wconf 90' lang='lat' dir='ltr'><strong>Deus</strong></span> <span class='ocrx_word' id='word_1_338' title='bbox 1812 3205 1967 3261; x_wconf 86' lang='lat' dir='ltr'><strong>para-</strong></span> 
     </span>
    </p>
   </div>
   <div class='ocr_carea' id='block_1_50' title="bbox 388 3282 1965 3353">
    <p class='ocr_par' dir='ltr' id='par_1_50' title="bbox 388 3282 1965 3353">
     <span class='ocr_line' id='line_1_50' title="bbox 388 3282 1965 3353; baseline -0.001 -14"><span class='ocrx_word' id='word_1_339' title='bbox 388 3284 571 3341; x_wconf 90' lang='lat' dir='ltr'><strong>disum</strong></span> <span class='ocrx_word' id='word_1_340' title='bbox 599 3284 655 3338; x_wconf 90' lang='lat' dir='ltr'><strong>in</strong></span> <span class='ocrx_word' id='word_1_341' title='bbox 686 3282 837 3339; x_wconf 87' lang='lat' dir='ltr'><strong>Eden</strong></span> <span class='ocrx_word' id='word_1_342' title='bbox 883 3285 949 3338; x_wconf 90' lang='lat' dir='ltr'><strong>ad</strong></span> <span class='ocrx_word' id='word_1_343' title='bbox 985 3285 1344 3339; x_wconf 65' lang='lat' dir='ltr'><strong>orientem&#39;.»</strong></span> <span class='ocrx_word' id='word_1_344' title='bbox 1387 3284 1655 3338; x_wconf 88' lang='lat' dir='ltr'><strong>Docemur</strong></span> <span class='ocrx_word' id='word_1_345' title='bbox 1689 3283 1871 3353; x_wconf 88' lang='lat' dir='ltr'><strong>itaque</strong></span> <span class='ocrx_word' id='word_1_346' title='bbox 1899 3282 1965 3338; x_wconf 87' lang='lat' dir='ltr'><strong>ab</strong></span> 
     </span>
    </p>
   </div>
   <div class='ocr_carea' id='block_1_51' title="bbox 389 3373 1966 3444">
    <p class='ocr_par' dir='ltr' id='par_1_51' title="bbox 389 3373 1966 3444">
     <span class='ocr_line' id='line_1_51' title="bbox 389 3373 1966 3444; baseline -0.002 -14"><span class='ocrx_word' id='word_1_347' title='bbox 389 3374 603 3430; x_wconf 89' lang='lat' dir='ltr'><strong>oriente</strong></span> <span class='ocrx_word' id='word_1_348' title='bbox 629 3375 898 3430; x_wconf 70' lang='lat' dir='ltr'><strong>universae</strong></span> <span class='ocrx_word' id='word_1_349' title='bbox 925 3381 1087 3430; x_wconf 81' lang='lat' dir='ltr'><strong>terrae</strong></span> <span class='ocrx_word' id='word_1_350' title='bbox 1131 3390 1254 3430; x_wconf 86' lang='lat' dir='ltr'><strong>esse</strong></span> <span class='ocrx_word' id='word_1_351' title='bbox 1283 3375 1615 3444; x_wconf 89' lang='lat' dir='ltr'><strong>paradisum.</strong></span> <span class='ocrx_word' id='word_1_352' title='bbox 1649 3373 1786 3428; x_wconf 82' lang='lat' dir='ltr'><strong>Hinc</strong></span> <span class='ocrx_word' id='word_1_353' title='bbox 1828 3373 1966 3429; x_wconf 88' lang='lat' dir='ltr'><strong>scri-</strong></span> 
     </span>
    </p>
   </div>
   <div class='ocr_carea' id='block_1_52' title="bbox 389 3463 1964 3534">
    <p class='ocr_par' dir='ltr' id='par_1_52' title="bbox 389 3463 1964 3534">
     <span class='ocr_line' id='line_1_52' title="bbox 389 3463 1964 3534; baseline -0.001 -14"><span class='ocrx_word' id='word_1_354' title='bbox 389 3464 529 3520; x_wconf 82' lang='lat' dir='ltr'><strong>bunt</strong></span> <span class='ocrx_word' id='word_1_355' title='bbox 557 3464 798 3520; x_wconf 89' lang='lat' dir='ltr'><strong>accurati</strong></span> <span class='ocrx_word' id='word_1_356' title='bbox 831 3464 1080 3520; x_wconf 89' lang='lat' dir='ltr'><strong>historici</strong></span> <span class='ocrx_word' id='word_1_357' title='bbox 1111 3464 1276 3534; x_wconf 87' lang='lat' dir='ltr'><strong>hujus</strong></span> <span class='ocrx_word' id='word_1_358' title='bbox 1317 3465 1395 3520; x_wconf 87' lang='lat' dir='ltr'><strong>rei</strong></span> <span class='ocrx_word' id='word_1_359' title='bbox 1435 3479 1602 3520; x_wconf 88' lang='lat' dir='ltr'><strong>causa</strong></span> <span class='ocrx_word' id='word_1_360' title='bbox 1667 3463 1964 3534; x_wconf 80' lang='lat' dir='ltr'><strong>fragrantia</strong></span> 
     </span>
    </p>
   </div>
   <div class='ocr_carea' id='block_1_53' title="bbox 389 3553 1966 3625">
    <p class='ocr_par' dir='ltr' id='par_1_53' title="bbox 389 3553 1966 3625">
     <span class='ocr_line' id='line_1_53' title="bbox 389 3553 1966 3625; baseline 0.001 -19"><span class='ocrx_word' id='word_1_361' title='bbox 389 3561 638 3608; x_wconf 87' lang='lat' dir='ltr'><strong>aromata</strong></span> <span class='ocrx_word' id='word_1_362' title='bbox 667 3569 860 3610; x_wconf 90' lang='lat' dir='ltr'><strong>versus</strong></span> <span class='ocrx_word' id='word_1_363' title='bbox 890 3554 1184 3611; x_wconf 86' lang='lat' dir='ltr'><strong>orientales</strong></span> <span class='ocrx_word' id='word_1_364' title='bbox 1213 3556 1327 3611; x_wconf 90' lang='lat' dir='ltr'><strong>sive</strong></span> <span class='ocrx_word' id='word_1_365' title='bbox 1367 3553 1580 3610; x_wconf 90' lang='lat' dir='ltr'><strong>Indicas</strong></span> <span class='ocrx_word' id='word_1_366' title='bbox 1619 3565 1800 3625; x_wconf 90' lang='lat' dir='ltr'><strong>partes</strong></span> <span class='ocrx_word' id='word_1_367' title='bbox 1821 3555 1966 3610; x_wconf 84' lang='lat' dir='ltr'><strong>exsi-</strong></span> 
     </span>
    </p>
   </div>
   <div class='ocr_carea' id='block_1_54' title="bbox 390 3637 1966 3710">
    <p class='ocr_par' dir='ltr' id='par_1_54' title="bbox 390 3637 1966 3710">
     <span class='ocr_line' id='line_1_54' title="bbox 390 3637 1966 3710; baseline 0.002 -18"><span class='ocrx_word' id='word_1_368' title='bbox 390 3644 558 3700; x_wconf 80' lang='lat' dir='ltr'><strong>stere,</strong></span> <span class='ocrx_word' id='word_1_369' title='bbox 588 3642 776 3708; x_wconf 87' lang='lat' dir='ltr'><strong>utpote</strong></span> <span class='ocrx_word' id='word_1_370' title='bbox 813 3653 934 3708; x_wconf 73' lang='lat' dir='ltr'><strong>qua:</strong></span> <span class='ocrx_word' id='word_1_371' title='bbox 963 3637 1219 3707; x_wconf 79' lang='lat' dir='ltr'><strong>paradiso</strong></span> <span class='ocrx_word' id='word_1_372' title='bbox 1273 3639 1382 3694; x_wconf 89' lang='lat' dir='ltr'><strong>sint</strong></span> <span class='ocrx_word' id='word_1_373' title='bbox 1427 3639 1741 3696; x_wconf 87' lang='lat' dir='ltr'><strong>viciniores.</strong></span> <span class='ocrx_word' id='word_1_374' title='bbox 1793 3640 1966 3710; x_wconf 83' lang='lat' dir='ltr'><strong>Atque</strong></span> 
     </span>
    </p>
   </div>
   <div class='ocr_carea' id='block_1_55' title="bbox 393 3727 1966 3798">
    <p class='ocr_par' dir='ltr' id='par_1_55' title="bbox 393 3727 1966 3798">
     <span class='ocr_line' id='line_1_55' title="bbox 393 3727 1966 3798; baseline 0.001 -17"><span class='ocrx_word' id='word_1_375' title='bbox 393 3733 456 3781; x_wconf 90' lang='lat' dir='ltr'><strong>ut</strong></span> <span class='ocrx_word' id='word_1_376' title='bbox 480 3727 672 3797; x_wconf 73' lang='lat' dir='ltr'><strong>palmae</strong></span> <span class='ocrx_word' id='word_1_377' title='bbox 714 3742 892 3784; x_wconf 89' lang='lat' dir='ltr'><strong>mares</strong></span> <span class='ocrx_word' id='word_1_378' title='bbox 937 3729 1149 3798; x_wconf 89' lang='lat' dir='ltr'><strong>palmas</strong></span> <span class='ocrx_word' id='word_1_379' title='bbox 1187 3727 1420 3783; x_wconf 87' lang='lat' dir='ltr'><strong>femi-nas</strong></span> <span class='ocrx_word' id='word_1_380' title='bbox 1445 3728 1744 3798; x_wconf 80' lang='lat' dir='ltr'><strong>proximas,</strong></span> <span class='ocrx_word' id='word_1_381' title='bbox 1777 3738 1966 3784; x_wconf 88' lang='lat' dir='ltr'><strong>vento-</strong></span> 
     </span>
    </p>
   </div>
   <div class='ocr_carea' id='block_1_56' title="bbox 390 3819 1964 3891">
    <p class='ocr_par' dir='ltr' id='par_1_56' title="bbox 390 3819 1964 3891">
     <span class='ocr_line' id='line_1_56' title="bbox 390 3819 1964 3891; baseline 0.001 -19"><span class='ocrx_word' id='word_1_382' title='bbox 390 3833 518 3873; x_wconf 87' lang='lat' dir='ltr'><strong>rum</strong></span> <span class='ocrx_word' id='word_1_383' title='bbox 563 3820 916 3889; x_wconf 82' lang='lat' dir='ltr'><strong>aspiratione,</strong></span> <span class='ocrx_word' id='word_1_384' title='bbox 964 3820 1367 3891; x_wconf 83' lang='lat' dir='ltr'><strong>contingentes,</strong></span> <span class='ocrx_word' id='word_1_385' title='bbox 1409 3834 1502 3874; x_wconf 91' lang='lat' dir='ltr'><strong>eas</strong></span> <span class='ocrx_word' id='word_1_386' title='bbox 1533 3819 1795 3874; x_wconf 83' lang='lat' dir='ltr'><strong>fecundas</strong></span> <span class='ocrx_word' id='word_1_387' title='bbox 1837 3820 1964 3874; x_wconf 91' lang='lat' dir='ltr'><strong>red-</strong></span> 
     </span>
    </p>
   </div>
   <div class='ocr_carea' id='block_1_57' title="bbox 389 3906 1964 3979">
    <p class='ocr_par' dir='ltr' id='par_1_57' title="bbox 389 3906 1964 3979">
     <span class='ocr_line' id='line_1_57' title="bbox 389 3906 1964 3979; baseline 0.001 -18"><span class='ocrx_word' id='word_1_388' title='bbox 389 3906 529 3961; x_wconf 82' lang='lat' dir='ltr'><strong>dunt</strong></span> <span class='ocrx_word' id='word_1_389' title='bbox 564 3926 577 3962; x_wconf 91' lang='lat'><strong>:</strong></span> <span class='ocrx_word' id='word_1_390' title='bbox 619 3907 698 3963; x_wconf 92' lang='lat' dir='ltr'><strong>sic</strong></span> <span class='ocrx_word' id='word_1_391' title='bbox 739 3907 1038 3979; x_wconf 80' lang='lat' dir='ltr'><strong>fragrantia</strong></span> <span class='ocrx_word' id='word_1_392' title='bbox 1088 3924 1211 3979; x_wconf 65' lang='lat' dir='ltr'><strong>quae</strong></span> <span class='ocrx_word' id='word_1_393' title='bbox 1253 3923 1322 3964; x_wconf 80' lang='lat' dir='ltr'><strong>ex</strong></span> <span class='ocrx_word' id='word_1_394' title='bbox 1351 3908 1629 3979; x_wconf 89' lang='lat' dir='ltr'><strong>paradiso,</strong></span> <span class='ocrx_word' id='word_1_395' title='bbox 1678 3919 1964 3963; x_wconf 87' lang='lat' dir='ltr'><strong>ventorum</strong></span> 
     </span>
    </p>
   </div>
   <div class='ocr_carea' id='block_1_58' title="bbox 391 3999 1965 4063">
    <p class='ocr_par' dir='ltr' id='par_1_58' title="bbox 391 3999 1965 4063">
     <span class='ocr_line' id='line_1_58' title="bbox 391 3999 1965 4063; baseline 0.003 -11"><span class='ocrx_word' id='word_1_396' title='bbox 391 3999 599 4063; x_wconf 81' lang='lat' dir='ltr'><strong>afflatu,</strong></span> <span class='ocrx_word' id='word_1_397' title='bbox 649 4000 781 4059; x_wconf 78' lang='lat' dir='ltr'><strong>exit,</strong></span> <span class='ocrx_word' id='word_1_398' title='bbox 835 4001 1063 4056; x_wconf 88' lang='lat' dir='ltr'><strong>arbores</strong></span> <span class='ocrx_word' id='word_1_399' title='bbox 1113 4001 1359 4055; x_wconf 81' lang='lat' dir='ltr'><strong>locorum</strong></span> <span class='ocrx_word' id='word_1_400' title='bbox 1409 4000 1626 4054; x_wconf 78' lang='lat' dir='ltr'><strong>illorum</strong></span> <span class='ocrx_word' id='word_1_401' title='bbox 1671 4001 1965 4057; x_wconf 84' lang='lat' dir='ltr'><strong>viciniores</strong></span> 
     </span>
    </p>
   </div>
   <div class='ocr_carea' id='block_1_59' title="bbox 390 4089 904 4160">
    <p class='ocr_par' dir='ltr' id='par_1_59' title="bbox 390 4089 904 4160">
     <span class='ocr_line' id='line_1_59' title="bbox 390 4089 904 4160; baseline 0.006 -18"><span class='ocrx_word' id='word_1_402' title='bbox 390 4089 697 4160; x_wconf 79' lang='lat' dir='ltr'><strong>fragrantes</strong></span> <span class='ocrx_word' id='word_1_403' title='bbox 721 4090 904 4146; x_wconf 82' lang='lat' dir='ltr'><strong>efﬁcit.</strong></span> 
     </span>
    </p>
   </div>
   <div class='ocr_carea' id='block_1_60' title="bbox 458 4359 1964 4433">
    <p class='ocr_par' dir='ltr' id='par_1_60' title="bbox 458 4359 1964 4433">
     <span class='ocr_line' id='line_1_60' title="bbox 458 4359 1964 4433; baseline 0.003 -20"><span class='ocrx_word' id='word_1_404' title='bbox 458 4359 678 4425; x_wconf 59' lang='lat' dir='ltr'><strong>Quasr.</strong></span> <span class='ocrx_word' id='word_1_405' title='bbox 738 4359 969 4414; x_wconf 81' lang='lat' dir='ltr'><strong>XLVIII.</strong></span> <span class='ocrx_word' id='word_1_406' title='bbox 1019 4361 1332 4417; x_wconf 86' lang='lat' dir='ltr'><strong>Dicimusne</strong></span> <span class='ocrx_word' id='word_1_407' title='bbox 1370 4361 1684 4433; x_wconf 88' lang='lat' dir='ltr'><strong>paradisum</strong></span> <span class='ocrx_word' id='word_1_408' title='bbox 1737 4377 1964 4433; x_wconf 88' lang='lat' dir='ltr'><strong>corrup-</strong></span> 
     </span>
    </p>
   </div>
   <div class='ocr_carea' id='block_1_61' title="bbox 389 4450 1584 4523">
    <p class='ocr_par' dir='ltr' id='par_1_61' title="bbox 389 4450 1584 4523">
     <span class='ocr_line' id='line_1_61' title="bbox 389 4450 1584 4523; baseline 0.004 -20"><span class='ocrx_word' id='word_1_409' title='bbox 389 4450 523 4504; x_wconf 87' lang='lat' dir='ltr'><strong>tioni</strong></span> <span class='ocrx_word' id='word_1_410' title='bbox 554 4451 849 4505; x_wconf 81' lang='lat' dir='ltr'><strong>obnoxium</strong></span> <span class='ocrx_word' id='word_1_411' title='bbox 881 4467 1026 4516; x_wconf 89' lang='lat' dir='ltr'><strong>esse,</strong></span> <span class='ocrx_word' id='word_1_412' title='bbox 1059 4467 1128 4506; x_wconf 91' lang='lat' dir='ltr'><strong>an</strong></span> <span class='ocrx_word' id='word_1_413' title='bbox 1160 4453 1584 4523; x_wconf 83' lang='lat' dir='ltr'><strong>incorruptum?</strong></span> 
     </span>
    </p>
   </div>
   <div class='ocr_carea' id='block_1_62' title="bbox 455 4535 1963 4614">
    <p class='ocr_par' dir='ltr' id='par_1_62' title="bbox 455 4535 1963 4614">
     <span class='ocr_line' id='line_1_62' title="bbox 455 4535 1963 4614; baseline 0.005 -24"><span class='ocrx_word' id='word_1_414' title='bbox 455 4535 618 4594; x_wconf 71' lang='lat' dir='ltr'><strong>Resp.</strong></span> <span class='ocrx_word' id='word_1_415' title='bbox 657 4538 844 4609; x_wconf 87' lang='lat' dir='ltr'><strong>Neque</strong></span> <span class='ocrx_word' id='word_1_416' title='bbox 872 4541 1208 4610; x_wconf 89' lang='lat' dir='ltr'><strong>corruptioni</strong></span> <span class='ocrx_word' id='word_1_417' title='bbox 1236 4543 1529 4598; x_wconf 85' lang='lat' dir='ltr'><strong>obnoxium</strong></span> <span class='ocrx_word' id='word_1_418' title='bbox 1567 4542 1822 4608; x_wconf 85' lang='lat' dir='ltr'><strong>dicimus,</strong></span> <span class='ocrx_word' id='word_1_419' title='bbox 1853 4559 1963 4614; x_wconf 87' lang='lat' dir='ltr'><strong>quo</strong></span> 
     </span>
    </p>
   </div>
   <div class='ocr_carea' id='block_1_63' title="bbox 388 4630 1963 4704">
    <p class='ocr_par' dir='ltr' id='par_1_63' title="bbox 388 4630 1963 4704">
     <span class='ocr_line' id='line_1_63' title="bbox 388 4630 1963 4704; baseline 0.003 -20"><span class='ocrx_word' id='word_1_420' title='bbox 388 4630 550 4685; x_wconf 91' lang='lat' dir='ltr'><strong>modo</strong></span> <span class='ocrx_word' id='word_1_421' title='bbox 574 4639 775 4686; x_wconf 69' lang='lat' dir='ltr'><strong>nostra:</strong></span> <span class='ocrx_word' id='word_1_422' title='bbox 806 4631 1032 4688; x_wconf 89' lang='lat' dir='ltr'><strong>arbores</strong></span> <span class='ocrx_word' id='word_1_423' title='bbox 1059 4639 1114 4688; x_wconf 87' lang='lat' dir='ltr'><strong>et</strong></span> <span class='ocrx_word' id='word_1_424' title='bbox 1143 4633 1357 4689; x_wconf 88' lang='lat' dir='ltr'><strong>fruetus</strong></span> <span class='ocrx_word' id='word_1_425' title='bbox 1381 4635 1669 4704; x_wconf 89' lang='lat' dir='ltr'><strong>putredine</strong></span> <span class='ocrx_word' id='word_1_426' title='bbox 1689 4645 1743 4691; x_wconf 90' lang='lat' dir='ltr'><strong>et</strong></span> <span class='ocrx_word' id='word_1_427' title='bbox 1765 4635 1963 4690; x_wconf 88' lang='lat' dir='ltr'><strong>vermi-</strong></span> 
     </span>
    </p>
   </div>
   <div class='ocr_carea' id='block_1_64' title="bbox 389 4720 1961 4800">
    <p class='ocr_par' dir='ltr' id='par_1_64' title="bbox 389 4720 1961 4800">
     <span class='ocr_line' id='line_1_64' title="bbox 389 4720 1961 4800; baseline 0.005 -25"><span class='ocrx_word' id='word_1_428' title='bbox 389 4720 492 4776; x_wconf 89' lang='lat' dir='ltr'><strong>bus</strong></span> <span class='ocrx_word' id='word_1_429' title='bbox 533 4731 981 4792; x_wconf 82' lang='lat' dir='ltr'><strong>corrumpuntur.</strong></span> <span class='ocrx_word' id='word_1_430' title='bbox 1031 4723 1142 4779; x_wconf 90' lang='lat' dir='ltr'><strong>Nec</strong></span> <span class='ocrx_word' id='word_1_431' title='bbox 1188 4726 1318 4782; x_wconf 85' lang='lat' dir='ltr'><strong>item</strong></span> <span class='ocrx_word' id='word_1_432' title='bbox 1365 4743 1562 4786; x_wconf 88' lang='lat' dir='ltr'><strong>rursus</strong></span> <span class='ocrx_word' id='word_1_433' title='bbox 1609 4731 1961 4800; x_wconf 86' lang='lat' dir='ltr'><strong>incorruptus</strong></span> 
     </span>
    </p>
   </div>
   <div class='ocr_carea' id='block_1_65' title="bbox 389 4809 1958 4953">
    <p class='ocr_par' dir='ltr' id='par_1_65' title="bbox 389 4809 1958 4953">
     <span class='ocr_line' id='line_1_65' title="bbox 389 4809 1958 4953; baseline 0.005 -91"><span class='ocrx_word' id='word_1_434' title='bbox 389 4809 548 4878; x_wconf 92' lang='lat' dir='ltr'><strong>plane</strong></span> <span class='ocrx_word' id='word_1_435' title='bbox 575 4818 677 4871; x_wconf 88' lang='lat' dir='ltr'><strong>est,</strong></span> <span class='ocrx_word' id='word_1_436' title='bbox 697 4809 876 4953; x_wconf 46' lang='grc' dir='ltr'>ἓιιιιί</span> <span class='ocrx_word' id='word_1_437' title='bbox 923 4812 1109 4867; x_wconf 72' lang='lat' dir='ltr'><strong>saeculi</strong></span> <span class='ocrx_word' id='word_1_438' title='bbox 1139 4829 1250 4868; x_wconf 89' lang='lat' dir='ltr'><strong>non</strong></span> <span class='ocrx_word' id='word_1_439' title='bbox 1291 4817 1524 4885; x_wconf 89' lang='lat' dir='ltr'><strong>amplius</strong></span> <span class='ocrx_word' id='word_1_440' title='bbox 1567 4817 1958 4873; x_wconf 87' lang='lat' dir='ltr'><strong>veterascentis</strong></span> 
     </span>
     <span class='ocr_line' id='line_1_66' title="bbox 389 4899 1958 4953; baseline 0.001 -2"><span class='ocrx_word' id='word_1_441' title='bbox 389 4899 692 4953; x_wconf 83' lang='lat' dir='ltr'><strong>incorrunti</strong></span> <span class='ocrx_word' id='word_1_442' title='bbox 771 4915 816 4953; x_wconf 92' lang='lat' dir='ltr'><strong>e.</strong></span> <span class='ocrx_word' id='word_1_443' title='bbox 856 4899 1055 4953; x_wconf 78' lang='lat' dir='ltr'><strong>Verum</strong></span> <span class='ocrx_word' id='word_1_444' title='bbox 1091 4903 1138 4953; x_wconf 88' lang='lat' dir='ltr'><strong>si</strong></span> <span class='ocrx_word' id='word_1_445' title='bbox 1180 4919 1304 4953; x_wconf 90' lang='lat' dir='ltr'><strong>cum</strong></span> <span class='ocrx_word' id='word_1_446' title='bbox 1348 4907 1553 4953; x_wconf 80' lang='lat' dir='ltr'><strong>nostris</strong></span> <span class='ocrx_word' id='word_1_447' title='bbox 1591 4906 1861 4953; x_wconf 66' lang='lat' dir='ltr'><strong>fructibus</strong></span> <span class='ocrx_word' id='word_1_448' title='bbox 1904 4913 1958 4953; x_wconf 74' lang='lat' dir='ltr'><strong>et</strong></span> 
     </span>
    </p>
   </div>
   <div class='ocr_carea' id='block_1_66' title="bbox 389 4899 1958 4969">
    <p class='ocr_par' dir='ltr' id='par_1_66' title="bbox 389 4899 1958 4969">
     <span class='ocr_line' id='line_1_67' title="bbox 389 4899 1958 4969; baseline 0.006 -18"><span class='ocrx_word' id='word_1_449' title='bbox 389 4899 816 4969; x_wconf 68' lang='lat' dir='ltr'><strong>incorruptidle.</strong></span> <span class='ocrx_word' id='word_1_450' title='bbox 856 4899 1055 4956; x_wconf 80' lang='lat' dir='ltr'><strong>Verum</strong></span> <span class='ocrx_word' id='word_1_451' title='bbox 1091 4903 1138 4958; x_wconf 90' lang='lat' dir='ltr'><strong>si</strong></span> <span class='ocrx_word' id='word_1_452' title='bbox 1180 4919 1304 4958; x_wconf 92' lang='lat' dir='ltr'><strong>cum</strong></span> <span class='ocrx_word' id='word_1_453' title='bbox 1348 4907 1553 4960; x_wconf 91' lang='lat' dir='ltr'><strong>nostris</strong></span> <span class='ocrx_word' id='word_1_454' title='bbox 1590 4906 1861 4965; x_wconf 89' lang='lat' dir='ltr'><strong>fructibus</strong></span> <span class='ocrx_word' id='word_1_455' title='bbox 1904 4913 1958 4962; x_wconf 91' lang='lat' dir='ltr'><strong>et</strong></span> 
     </span>
    </p>
   </div>
   <div class='ocr_carea' id='block_1_67' title="bbox 390 4986 1956 5068">
    <p class='ocr_par' dir='ltr' id='par_1_67' title="bbox 390 4986 1956 5068">
     <span class='ocr_line' id='line_1_68' title="bbox 390 4986 1956 5068; baseline 0.01 -28"><span class='ocrx_word' id='word_1_456' title='bbox 390 4986 566 5044; x_wconf 88' lang='lat' dir='ltr'><strong>hortis</strong></span> <span class='ocrx_word' id='word_1_457' title='bbox 594 4999 969 5060; x_wconf 88' lang='lat' dir='ltr'><strong>comparatur,</strong></span> <span class='ocrx_word' id='word_1_458' title='bbox 993 4995 1141 5047; x_wconf 91' lang='lat' dir='ltr'><strong>omni</strong></span> <span class='ocrx_word' id='word_1_459' title='bbox 1171 4995 1522 5064; x_wconf 87' lang='lat' dir='ltr'><strong>corruptione</strong></span> <span class='ocrx_word' id='word_1_460' title='bbox 1554 5001 1807 5068; x_wconf 89' lang='lat' dir='ltr'><strong>superior</strong></span> <span class='ocrx_word' id='word_1_461' title='bbox 1830 5011 1912 5056; x_wconf 89' lang='lat' dir='ltr'><strong>est</strong></span> <span class='ocrx_word' id='word_1_462' title='bbox 1924 5003 1956 5056; x_wconf 71' lang='grc' dir='ltr'><em>ἐ</em></span> 
     </span>
    </p>
   </div>
   <div class='ocr_carea' id='block_1_68' title="bbox 293 5081 1954 5161">
    <p class='ocr_par' dir='ltr' id='par_1_68' title="bbox 293 5081 1954 5161">
     <span class='ocr_line' id='line_1_69' title="bbox 293 5081 1954 5161; baseline 0.011 -30"><span class='ocrx_word' id='word_1_463' title='bbox 293 5095 302 5106; x_wconf 89' lang='grc'>·</span> <span class='ocrx_word' id='word_1_464' title='bbox 388 5088 443 5134; x_wconf 86' lang='lat' dir='ltr'><strong>at</strong></span> <span class='ocrx_word' id='word_1_465' title='bbox 472 5081 520 5136; x_wconf 90' lang='lat' dir='ltr'><strong>si</strong></span> <span class='ocrx_word' id='word_1_466' title='bbox 569 5097 694 5136; x_wconf 89' lang='lat' dir='ltr'><strong>cum</strong></span> <span class='ocrx_word' id='word_1_467' title='bbox 735 5083 907 5154; x_wconf 83' lang='lat' dir='ltr'><strong>gloria</strong></span> <span class='ocrx_word' id='word_1_468' title='bbox 960 5084 1268 5141; x_wconf 86' lang='lat' dir='ltr'><strong>futurorum</strong></span> <span class='ocrx_word' id='word_1_469' title='bbox 1305 5089 1570 5143; x_wconf 87' lang='lat' dir='ltr'><strong>bonorum</strong></span> <span class='ocrx_word' id='word_1_470' title='bbox 1622 5091 1954 5161; x_wconf 75' lang='lat' dir='ltr'><strong>conferatur,</strong></span> 
     </span>
    </p>
   </div>
   <div class='ocr_carea' id='block_1_69' title="bbox 466 5261 1352 5335">
    <p class='ocr_par' dir='ltr' id='par_1_69' title="bbox 466 5261 1352 5335">
     <span class='ocr_line' id='line_1_70' title="bbox 466 5261 1352 5335; baseline 0.008 -18"><span class='ocrx_word' id='word_1_471' title='bbox 466 5261 484 5292; x_wconf 81' lang='grc'><em>³</em></span> <span class='ocrx_word' id='word_1_472' title='bbox 518 5261 654 5320; x_wconf 88' lang='lat' dir='ltr'><strong>Gen.</strong></span> <span class='ocrx_word' id='word_1_473' title='bbox 690 5279 791 5330; x_wconf 87' lang='grc' dir='ltr'>ιιι,</span> <span class='ocrx_word' id='word_1_474' title='bbox 824 5265 878 5320; x_wconf 79' lang='grc'>1.</span> <span class='ocrx_word' id='word_1_475' title='bbox 954 5269 975 5298; x_wconf 77' lang='grc'>⁸</span> <span class='ocrx_word' id='word_1_476' title='bbox 1013 5264 1149 5322; x_wconf 86' lang='lat' dir='ltr'><strong>Gen.</strong></span> <span class='ocrx_word' id='word_1_477' title='bbox 1188 5285 1263 5335; x_wconf 77' lang='grc' dir='ltr'><strong>ιι,</strong></span> <span class='ocrx_word' id='word_1_478' title='bbox 1299 5269 1352 5324; x_wconf 89' lang='grc'><strong>8.</strong></span> 
     </span>
    </p>
   </div>
   <div class='ocr_carea' id='block_1_70' title="bbox 458 5440 1960 5522">
    <p class='ocr_par' dir='ltr' id='par_1_70' title="bbox 458 5440 1960 5522">
     <span class='ocr_line' id='line_1_71' title="bbox 458 5440 1960 5522; baseline 0.007 -27"><span class='ocrx_word' id='word_1_479' title='bbox 606 5441 682 5522; x_wconf 84' lang='lat' dir='ltr'><strong>I_t_a</strong></span> <span class='ocrx_word' id='word_1_480' title='bbox 714 5444 1104 5522; x_wconf 75' lang='lat' dir='ltr'><strong>quidammss.</strong></span> <span class='ocrx_word' id='word_1_481' title='bbox 1137 5447 1289 5522; x_wconf 77' lang='lat' dir='ltr'><strong>Editi</strong></span> <span class='ocrx_word' id='word_1_482' title='bbox 1312 5463 1479 5522; x_wconf 81' lang='lat' dir='ltr'><strong>vero,</strong></span> <span class='ocrx_word' id='word_1_483' title='bbox 1513 5449 1960 5522; x_wconf 74' lang='grc' dir='ltr'>Χριστιανισμὸς.</span> 
     </span>
    </p>
   </div>
   <div class='ocr_carea' id='block_1_71' title="bbox 457 5504 1965 5594">
    <p class='ocr_par' dir='ltr' id='par_1_71' title="bbox 457 5504 1965 5594">
     <span class='ocr_line' id='line_1_72' title="bbox 457 5504 1965 5594; baseline 0.023 -14"><span class='ocrx_word' id='word_1_484' title='bbox 457 5504 570 5582; x_wconf 81' lang='lat'><strong>(75)</strong></span> <span class='ocrx_word' id='word_1_485' title='bbox 610 5504 746 5594; x_wconf 59' lang='lat' dir='ltr'><strong>haesi</strong></span> <span class='ocrx_word' id='word_1_486' title='bbox 765 5517 1254 5594; x_wconf 60' lang='lat' dir='ltr'><strong>quaesypjnlérius</strong></span> <span class='ocrx_word' id='word_1_487' title='bbox 1274 5504 1506 5594; x_wconf 41' lang='lat' dir='ltr'><strong>habet&quot;?</strong></span> <span class='ocrx_word' id='word_1_488' title='bbox 1531 5504 1676 5594; x_wconf 63' lang='grc' dir='ltr'>ίέἶιβτ</span> <span class='ocrx_word' id='word_1_489' title='bbox 1702 5504 1965 5594; x_wconf 28' lang='lat' dir='ltr'><strong>ﬂag“;</strong></span> 
     </span>
    </p>
   </div>
   <div class='ocr_carea' id='block_1_72' title="bbox 388 5584 1961 5719">
    <p class='ocr_par' dir='ltr' id='par_1_72' title="bbox 388 5584 1961 5719">
     <span class='ocr_line' id='line_1_73' title="bbox 389 5584 1961 5659; baseline 0.009 -27"><span class='ocrx_word' id='word_1_490' title='bbox 389 5596 484 5634; x_wconf 86' lang='lat' dir='ltr'><strong>nes</strong></span> <span class='ocrx_word' id='word_1_491' title='bbox 521 5584 875 5650; x_wconf 88' lang='lat' dir='ltr'><strong>posteriores.</strong></span> <span class='ocrx_word' id='word_1_492' title='bbox 905 5584 1040 5640; x_wconf 92' lang='lat' dir='ltr'><strong>Ibid.</strong></span> <span class='ocrx_word' id='word_1_493' title='bbox 1075 5603 1208 5644; x_wconf 81' lang='lat' dir='ltr'><strong>&#39;nss.</strong></span> <span class='ocrx_word' id='word_1_494' title='bbox 1246 5590 1492 5659; x_wconf 88' lang='lat' dir='ltr'><strong>quidam,</strong></span> <span class='ocrx_word' id='word_1_495' title='bbox 1534 5589 1666 5644; x_wconf 85' lang='grc' dir='ltr'>Θεὸν</span> <span class='ocrx_word' id='word_1_496' title='bbox 1692 5584 1782 5645; x_wconf 82' lang='grc' dir='ltr'><strong>τὸν</strong></span> <span class='ocrx_word' id='word_1_497' title='bbox 1807 5591 1961 5657; x_wconf 85' lang='grc' dir='ltr'>Θεόν,</span> 
     </span>
     <span class='ocr_line' id='line_1_74' title="bbox 388 5650 1383 5719; baseline 0.009 -16"><span class='ocrx_word' id='word_1_498' title='bbox 388 5659 555 5709; x_wconf 82' lang='lat' dir='ltr'><strong>recte.</strong></span> <span class='ocrx_word' id='word_1_499' title='bbox 595 5650 650 5705; x_wconf 90' lang='lat' dir='ltr'><strong>In</strong></span> <span class='ocrx_word' id='word_1_500' title='bbox 681 5655 864 5719; x_wconf 88' lang='lat' dir='ltr'><strong>editis,</strong></span> <span class='ocrx_word' id='word_1_501' title='bbox 891 5656 981 5708; x_wconf 72' lang='grc' dir='ltr'><strong>τὸν</strong></span> <span class='ocrx_word' id='word_1_502' title='bbox 1014 5656 1163 5718; x_wconf 73' lang='grc' dir='ltr'>Θεὸν,</span> <span class='ocrx_word' id='word_1_503' title='bbox 1197 5660 1383 5714; x_wconf 82' lang='lat' dir='ltr'><strong>semel.</strong></span> 
     </span>
    </p>
   </div>
   <div class='ocr_carea' id='block_1_73' title="bbox 477 5719 1963 5804">
    <p class='ocr_par' dir='ltr' id='par_1_73' title="bbox 477 5719 1963 5804">
     <span class='ocr_line' id='line_1_75' title="bbox 477 5719 1963 5804; baseline 0.005 -25"><span class='ocrx_word' id='word_1_504' title='bbox 477 5719 581 5792; x_wconf 71' lang='lat' dir='ltr'><strong>i&#39;u)</strong></span> <span class='ocrx_word' id='word_1_505' title='bbox 624 5721 746 5779; x_wconf 77' lang='lat' dir='ltr'><strong>Haec</strong></span> <span class='ocrx_word' id='word_1_506' title='bbox 776 5724 908 5782; x_wconf 81' lang='lat' dir='ltr'><strong>alIer</strong></span> <span class='ocrx_word' id='word_1_507' title='bbox 929 5735 1075 5780; x_wconf 68' lang='lat' dir='ltr'><strong>untur</strong></span> <span class='ocrx_word' id='word_1_508' title='bbox 1101 5728 1167 5783; x_wconf 90' lang='lat' dir='ltr'><strong>ab</strong></span> <span class='ocrx_word' id='word_1_509' title='bbox 1206 5732 1490 5800; x_wconf 64' lang='lat' dir='ltr'><strong>Anonymi)</strong></span> <span class='ocrx_word' id='word_1_510' title='bbox 1522 5731 1835 5788; x_wconf 79' lang='lat' dir='ltr'><strong>Ravennate</strong></span> <span class='ocrx_word' id='word_1_511' title='bbox 1870 5749 1963 5804; x_wconf 84' lang='lat' dir='ltr'><strong>per</strong></span> 
     </span>
    </p>
   </div>
   <div class='ocr_carea' id='block_1_74' title="bbox 2067 1897 2614 1973">
    <p class='ocr_par' dir='ltr' id='par_1_74' title="bbox 2067 1897 2614 1973">
     <span class='ocr_line' id='line_1_76' title="bbox 2067 1897 2614 1973; baseline 0.005 -22"><span class='ocrx_word' id='word_1_512' title='bbox 2067 1899 2159 1952; x_wconf 90' lang='grc' dir='ltr'><strong>τὸν</strong></span> <span class='ocrx_word' id='word_1_513' title='bbox 2187 1897 2321 1954; x_wconf 83' lang='grc' dir='ltr'>Θεὸν</span> <span class='ocrx_word' id='word_1_514' title='bbox 2359 1900 2452 1954; x_wconf 80' lang='grc' dir='ltr'><strong>ἐπὶ</strong></span> <span class='ocrx_word' id='word_1_515' title='bbox 2473 1901 2614 1973; x_wconf 86' lang='grc' dir='ltr'><strong>γῆς;</strong></span> 
     </span>
    </p>
   </div>
   <div class='ocr_carea' id='block_1_75' title="bbox 2150 1990 3654 2069">
    <p class='ocr_par' dir='ltr' id='par_1_75' title="bbox 2150 1990 3654 2069">
     <span class='ocr_line' id='line_1_77' title="bbox 2150 1990 3654 2069; baseline 0.005 -26"><span class='ocrx_word' id='word_1_516' title='bbox 2150 1990 2339 2044; x_wconf 87' lang='grc' dir='ltr'>Ἀπόκ.</span> <span class='ocrx_word' id='word_1_517' title='bbox 2371 1991 2665 2064; x_wconf 84' lang='grc' dir='ltr'>Πρόδηλον,</span> <span class='ocrx_word' id='word_1_518' title='bbox 2708 1994 2790 2048; x_wconf 84' lang='grc' dir='ltr'>ὅτι</span> <span class='ocrx_word' id='word_1_519' title='bbox 2844 1995 2873 2047; x_wconf 98' lang='lat'><strong>6</strong></span> <span class='ocrx_word' id='word_1_520' title='bbox 2913 1993 3180 2060; x_wconf 84' lang='grc' dir='ltr'>διάϐολος,</span> <span class='ocrx_word' id='word_1_521' title='bbox 3225 1997 3316 2050; x_wconf 84' lang='grc' dir='ltr'>ὅτε</span> <span class='ocrx_word' id='word_1_522' title='bbox 3368 1997 3508 2068; x_wconf 87' lang='grc' dir='ltr'>πρὸς</span> <span class='ocrx_word' id='word_1_523' title='bbox 3552 1999 3654 2069; x_wconf 81' lang='grc' dir='ltr'>τὴν</span> 
     </span>
    </p>
   </div>
   <div class='ocr_carea' id='block_1_76' title="bbox 2066 2077 3653 2156">
    <p class='ocr_par' dir='ltr' id='par_1_76' title="bbox 2066 2077 3653 2156">
     <span class='ocr_line' id='line_1_78' title="bbox 2066 2077 3653 2156; baseline 0.005 -24"><span class='ocrx_word' id='word_1_524' title='bbox 2066 2077 2210 2133; x_wconf 83' lang='grc' dir='ltr'>Εὐαν</span> <span class='ocrx_word' id='word_1_525' title='bbox 2238 2079 2391 2150; x_wconf 76' lang='grc' dir='ltr'>ἔλεγε</span> <span class='ocrx_word' id='word_1_526' title='bbox 2417 2099 2432 2112; x_wconf 91' lang='grc'><strong>·</strong></span> <span class='ocrx_word' id='word_1_527' title='bbox 2469 2101 2488 2134; x_wconf 78' lang='grc' dir='ltr'><strong>ι</strong></span> <span class='ocrx_word' id='word_1_528' title='bbox 2529 2082 2594 2136; x_wconf 92' lang='grc' dir='ltr'>Τί</span> <span class='ocrx_word' id='word_1_529' title='bbox 2624 2083 2706 2137; x_wconf 85' lang='grc' dir='ltr'>ὅτι</span> <span class='ocrx_word' id='word_1_530' title='bbox 2767 2079 2920 2138; x_wconf 77' lang='grc' dir='ltr'>εἶπεν</span> <span class='ocrx_word' id='word_1_531' title='bbox 2957 2086 3084 2156; x_wconf 85' lang='grc' dir='ltr'>ὑμῖν</span> <span class='ocrx_word' id='word_1_532' title='bbox 3114 2085 3313 2152; x_wconf 84' lang='grc' dir='ltr'>όΘεὸς,</span> <span class='ocrx_word' id='word_1_533' title='bbox 3347 2087 3455 2140; x_wconf 86' lang='grc' dir='ltr'>ἀπὸ</span> <span class='ocrx_word' id='word_1_534' title='bbox 3512 2105 3653 2140; x_wconf 86' lang='grc' dir='ltr'>παν-</span> 
     </span>
    </p>
   </div>
   <div class='ocr_carea' id='block_1_77' title="bbox 2065 2170 3652 2250">
    <p class='ocr_par' dir='ltr' id='par_1_77' title="bbox 2065 2170 3652 2250">
     <span class='ocr_line' id='line_1_79' title="bbox 2065 2170 3652 2250; baseline 0.005 -27"><span class='ocrx_word' id='word_1_535' title='bbox 2065 2171 2158 2234; x_wconf 88' lang='grc' dir='ltr'><strong>τὸς</strong></span> <span class='ocrx_word' id='word_1_536' title='bbox 2190 2170 2350 2238; x_wconf 83' lang='grc' dir='ltr'>ξύλου</span> <span class='ocrx_word' id='word_1_537' title='bbox 2404 2171 2501 2227; x_wconf 78' lang='grc' dir='ltr'>τοῦ</span> <span class='ocrx_word' id='word_1_538' title='bbox 2537 2176 2596 2228; x_wconf 81' lang='grc' dir='ltr'>ὲν</span> <span class='ocrx_word' id='word_1_539' title='bbox 2628 2173 2708 2246; x_wconf 84' lang='grc' dir='ltr'>τῷ</span> <span class='ocrx_word' id='word_1_540' title='bbox 2766 2176 3083 2248; x_wconf 86' lang='grc' dir='ltr'>παραδείσῳ</span> <span class='ocrx_word' id='word_1_541' title='bbox 3115 2181 3342 2248; x_wconf 80' lang='grc' dir='ltr'>φαγεῖν,</span> <span class='ocrx_word' id='word_1_542' title='bbox 3369 2197 3388 2230; x_wconf 75' lang='grc' dir='ltr'><strong>ι</strong></span> <span class='ocrx_word' id='word_1_543' title='bbox 3421 2178 3514 2232; x_wconf 82' lang='grc' dir='ltr'>καὶ</span> <span class='ocrx_word' id='word_1_544' title='bbox 3578 2179 3652 2250; x_wconf 78' lang='grc' dir='ltr'>μὴ</span> 
     </span>
    </p>
   </div>
   <div class='ocr_carea' id='block_1_78' title="bbox 2067 2261 3652 2340">
    <p class='ocr_par' dir='ltr' id='par_1_78' title="bbox 2067 2261 3652 2340">
     <span class='ocr_line' id='line_1_80' title="bbox 2067 2261 3652 2340; baseline 0.006 -25"><span class='ocrx_word' id='word_1_545' title='bbox 2067 2261 2358 2336; x_wconf 84' lang='grc' dir='ltr'>θαυμάσῃς</span> <span class='ocrx_word' id='word_1_546' title='bbox 2380 2265 2568 2319; x_wconf 79' lang='grc' dir='ltr'>τοῦτο·</span> <span class='ocrx_word' id='word_1_547' title='bbox 2593 2265 2825 2336; x_wconf 80' lang='grc' dir='ltr'>ἅγγελος</span> <span class='ocrx_word' id='word_1_548' title='bbox 2857 2267 2967 2340; x_wconf 84' lang='grc' dir='ltr'><strong>γὰρ</strong></span> <span class='ocrx_word' id='word_1_549' title='bbox 3017 2268 3092 2322; x_wconf 81' lang='grc' dir='ltr'>ὧν</span> <span class='ocrx_word' id='word_1_550' title='bbox 3144 2287 3275 2323; x_wconf 86' lang='grc' dir='ltr'>ποτε</span> <span class='ocrx_word' id='word_1_551' title='bbox 3308 2273 3337 2324; x_wconf 92' lang='lat'><strong>6</strong></span> <span class='ocrx_word' id='word_1_552' title='bbox 3384 2271 3652 2337; x_wconf 88' lang='grc' dir='ltr'>διάϐολος,</span> 
     </span>
    </p>
   </div>
   <div class='ocr_carea' id='block_1_79' title="bbox 2067 2351 3171 2432">
    <p class='ocr_par' dir='ltr' id='par_1_79' title="bbox 2067 2351 3171 2432">
     <span class='ocr_line' id='line_1_81' title="bbox 2067 2351 3171 2432; baseline 0.006 -24"><span class='ocrx_word' id='word_1_553' title='bbox 2067 2351 2180 2426; x_wconf 75' lang='grc' dir='ltr'>εἷχε</span> <span class='ocrx_word' id='word_1_554' title='bbox 2205 2357 2408 2425; x_wconf 84' lang='grc' dir='ltr'>γνῶσιν</span> <span class='ocrx_word' id='word_1_555' title='bbox 2443 2358 2582 2429; x_wconf 82' lang='grc' dir='ltr'>ὑπὲρ</span> <span class='ocrx_word' id='word_1_556' title='bbox 2610 2359 2704 2412; x_wconf 91' lang='grc' dir='ltr'><strong>τὸν</strong></span> <span class='ocrx_word' id='word_1_557' title='bbox 2731 2359 3016 2432; x_wconf 84' lang='grc' dir='ltr'>ἄνθρωπον</span> <span class='ocrx_word' id='word_1_558' title='bbox 3051 2361 3171 2415; x_wconf 90' lang='grc' dir='ltr'>τότε</span> 
     </span>
    </p>
   </div>
   <div class='ocr_carea' id='block_1_80' title="bbox 2149 2446 3655 2523">
    <p class='ocr_par' dir='ltr' id='par_1_80' title="bbox 2149 2446 3655 2523">
     <span class='ocr_line' id='line_1_82' title="bbox 2149 2446 3655 2523; baseline 0.003 -23"><span class='ocrx_word' id='word_1_559' title='bbox 2149 2446 2342 2519; x_wconf 84' lang='grc' dir='ltr'>Ἐρὼτ.</span> <span class='ocrx_word' id='word_1_560' title='bbox 2376 2447 2484 2520; x_wconf 64' lang='grc' dir='ltr'>με’.</span> <span class='ocrx_word' id='word_1_561' title='bbox 2512 2447 2624 2502; x_wconf 79' lang='grc' dir='ltr'><strong>Ποῦ</strong></span> <span class='ocrx_word' id='word_1_562' title='bbox 2651 2448 2880 2521; x_wconf 85' lang='grc' dir='ltr'>θέλομεν</span> <span class='ocrx_word' id='word_1_563' title='bbox 2903 2450 3105 2519; x_wconf 83' lang='grc' dir='ltr'>λέγειν,</span> <span class='ocrx_word' id='word_1_564' title='bbox 3135 2451 3217 2504; x_wconf 86' lang='grc' dir='ltr'>ὅτι</span> <span class='ocrx_word' id='word_1_565' title='bbox 3239 2451 3388 2505; x_wconf 75' lang='grc' dir='ltr'>ἐστιν</span> <span class='ocrx_word' id='word_1_566' title='bbox 3409 2453 3438 2504; x_wconf 92' lang='lat'><strong>6</strong></span> <span class='ocrx_word' id='word_1_567' title='bbox 3476 2453 3655 2523; x_wconf 82' lang='grc' dir='ltr'>παρά-</span> 
     </span>
    </p>
   </div>
   <div class='ocr_carea' id='block_1_81' title="bbox 2064 2538 3651 2612">
    <p class='ocr_par' dir='ltr' id='par_1_81' title="bbox 2064 2538 3651 2612">
     <span class='ocr_line' id='line_1_83' title="bbox 2064 2538 3651 2612; baseline 0.003 -22"><span class='ocrx_word' id='word_1_568' title='bbox 2064 2538 2271 2603; x_wconf 88' lang='grc' dir='ltr'>δεισος;</span> <span class='ocrx_word' id='word_1_569' title='bbox 2302 2539 2366 2591; x_wconf 70' lang='grc' dir='ltr'><strong>Οἱ</strong></span> <span class='ocrx_word' id='word_1_570' title='bbox 2395 2539 2492 2609; x_wconf 83' lang='grc' dir='ltr'>μὲν</span> <span class='ocrx_word' id='word_1_571' title='bbox 2524 2539 2633 2611; x_wconf 82' lang='grc' dir='ltr'>γάρ</span> <span class='ocrx_word' id='word_1_572' title='bbox 2665 2555 2830 2608; x_wconf 86' lang='grc' dir='ltr'>φασιν</span> <span class='ocrx_word' id='word_1_573' title='bbox 2851 2579 2866 2607; x_wconf 92' lang='grc'><strong>,</strong></span> <span class='ocrx_word' id='word_1_574' title='bbox 2896 2541 2975 2594; x_wconf 85' lang='grc' dir='ltr'>ὅτι</span> <span class='ocrx_word' id='word_1_575' title='bbox 3005 2542 3063 2594; x_wconf 83' lang='grc' dir='ltr'>ὲν</span> <span class='ocrx_word' id='word_1_576' title='bbox 3100 2539 3488 2612; x_wconf 81' lang='grc' dir='ltr'>Ἰερουσαλὴμ,</span> <span class='ocrx_word' id='word_1_577' title='bbox 3515 2542 3565 2594; x_wconf 80' lang='grc' dir='ltr'>οἱ</span> <span class='ocrx_word' id='word_1_578' title='bbox 3595 2541 3651 2594; x_wconf 82' lang='grc' dir='ltr'>δὲ</span> 
     </span>
    </p>
   </div>
   <div class='ocr_carea' id='block_1_82' title="bbox 2065 2631 2417 2702">
    <p class='ocr_par' dir='ltr' id='par_1_82' title="bbox 2065 2631 2417 2702">
     <span class='ocr_line' id='line_1_84' title="bbox 2065 2631 2417 2702; baseline 0.006 -20"><span class='ocrx_word' id='word_1_579' title='bbox 2065 2631 2123 2683; x_wconf 79' lang='grc' dir='ltr'>ὲν</span> <span class='ocrx_word' id='word_1_580' title='bbox 2146 2631 2417 2702; x_wconf 81' lang='grc' dir='ltr'>οὐρανοῖς.</span> 
     </span>
    </p>
   </div>
   <div class='ocr_carea' id='block_1_83' title="bbox 2149 2716 3648 2794">
    <p class='ocr_par' dir='ltr' id='par_1_83' title="bbox 2149 2716 3648 2794">
     <span class='ocr_line' id='line_1_85' title="bbox 2149 2716 3648 2794; baseline -0.001 -18"><span class='ocrx_word' id='word_1_581' title='bbox 2149 2722 2337 2776; x_wconf 86' lang='grc' dir='ltr'>Ἀπόκ.</span> <span class='ocrx_word' id='word_1_582' title='bbox 2375 2723 2493 2793; x_wconf 73' lang='grc'>(74)</span> <span class='ocrx_word' id='word_1_583' title='bbox 2541 2723 2680 2777; x_wconf 80' lang='grc' dir='ltr'>Οὐδὲ</span> <span class='ocrx_word' id='word_1_584' title='bbox 2729 2716 2811 2786; x_wconf 75' lang='grc' dir='ltr'><strong>εἷς</strong></span> <span class='ocrx_word' id='word_1_585' title='bbox 2843 2721 2950 2776; x_wconf 84' lang='grc' dir='ltr'><strong>τῶν</strong></span> <span class='ocrx_word' id='word_1_586' title='bbox 2988 2722 3082 2777; x_wconf 87' lang='grc' dir='ltr'>δύο</span> <span class='ocrx_word' id='word_1_587' title='bbox 3115 2721 3343 2794; x_wconf 83' lang='grc' dir='ltr'>ἀληθής.</span> <span class='ocrx_word' id='word_1_588' title='bbox 3395 2723 3508 2777; x_wconf 70' lang='grc' dir='ltr'><strong>Καὶ</strong></span> <span class='ocrx_word' id='word_1_589' title='bbox 3565 2724 3648 2776; x_wconf 83' lang='grc' dir='ltr'>ὅτι</span> 
     </span>
    </p>
   </div>
   <div class='ocr_carea' id='block_1_84' title="bbox 2069 2813 3646 2887">
    <p class='ocr_par' dir='ltr' id='par_1_84' title="bbox 2069 2813 3646 2887">
     <span class='ocr_line' id='line_1_86' title="bbox 2069 2813 3646 2887; baseline -0.001 -19"><span class='ocrx_word' id='word_1_590' title='bbox 2069 2815 2166 2886; x_wconf 86' lang='grc' dir='ltr'>μὲν</span> <span class='ocrx_word' id='word_1_591' title='bbox 2191 2815 2292 2868; x_wconf 89' lang='grc' dir='ltr'><strong>οὐκ</strong></span> <span class='ocrx_word' id='word_1_592' title='bbox 2330 2816 2386 2867; x_wconf 82' lang='grc' dir='ltr'>ὲν</span> <span class='ocrx_word' id='word_1_593' title='bbox 2434 2813 2791 2886; x_wconf 83' lang='grc' dir='ltr'>Ἰερουσαλήμ</span> <span class='ocrx_word' id='word_1_594' title='bbox 2825 2817 2972 2868; x_wconf 78' lang='grc' dir='ltr'>ἐστιν</span> <span class='ocrx_word' id='word_1_595' title='bbox 3000 2817 3028 2869; x_wconf 94' lang='lat'><strong>6</strong></span> <span class='ocrx_word' id='word_1_596' title='bbox 3059 2816 3387 2887; x_wconf 86' lang='grc' dir='ltr'>παράδεισος</span> <span class='ocrx_word' id='word_1_597' title='bbox 3438 2833 3646 2887; x_wconf 85' lang='grc' dir='ltr'>μαρτυ-</span> 
     </span>
    </p>
   </div>
   <div class='ocr_carea' id='block_1_85' title="bbox 2067 2904 3646 2979">
    <p class='ocr_par' dir='ltr' id='par_1_85' title="bbox 2067 2904 3646 2979">
     <span class='ocr_line' id='line_1_87' title="bbox 2067 2904 3646 2979; baseline 0.001 -20"><span class='ocrx_word' id='word_1_598' title='bbox 2067 2911 2150 2977; x_wconf 85' lang='grc' dir='ltr'><strong>ρεῖ</strong></span> <span class='ocrx_word' id='word_1_599' title='bbox 2180 2908 2209 2959; x_wconf 91' lang='lat'><strong>6</strong></span> <span class='ocrx_word' id='word_1_600' title='bbox 2243 2905 2413 2977; x_wconf 77' lang='grc' dir='ltr'>Ἀδὰμ</span> <span class='ocrx_word' id='word_1_601' title='bbox 2440 2907 2468 2959; x_wconf 93' lang='lat'><strong>6</strong></span> <span class='ocrx_word' id='word_1_602' title='bbox 2502 2909 2560 2960; x_wconf 84' lang='grc' dir='ltr'>ὲν</span> <span class='ocrx_word' id='word_1_603' title='bbox 2587 2905 2666 2976; x_wconf 83' lang='grc' dir='ltr'><strong>τῷ</strong></span> <span class='ocrx_word' id='word_1_604' title='bbox 2697 2904 2922 2979; x_wconf 75' lang='grc' dir='ltr'>Κρανίῳ</span> <span class='ocrx_word' id='word_1_605' title='bbox 2957 2907 3230 2975; x_wconf 91' lang='grc' dir='ltr'>κείμενος.</span> <span class='ocrx_word' id='word_1_606' title='bbox 3287 2906 3527 2977; x_wconf 75' lang='grc' dir='ltr'>Εὔδηλον</span> <span class='ocrx_word' id='word_1_607' title='bbox 3570 2907 3646 2970; x_wconf 84' lang='grc' dir='ltr'>δὲ,</span> 
     </span>
    </p>
   </div>
   <div class='ocr_carea' id='block_1_86' title="bbox 2065 2998 3649 3071">
    <p class='ocr_par' dir='ltr' id='par_1_86' title="bbox 2065 2998 3649 3071">
     <span class='ocr_line' id='line_1_88' title="bbox 2065 2998 3649 3071; baseline 0 -19"><span class='ocrx_word' id='word_1_608' title='bbox 2065 3000 2147 3054; x_wconf 84' lang='grc' dir='ltr'>ὅτι</span> <span class='ocrx_word' id='word_1_609' title='bbox 2178 2999 2277 3052; x_wconf 92' lang='grc' dir='ltr'><strong>οὐκ</strong></span> <span class='ocrx_word' id='word_1_610' title='bbox 2305 2999 2361 3052; x_wconf 80' lang='grc' dir='ltr'>ἐν</span> <span class='ocrx_word' id='word_1_611' title='bbox 2385 2998 2464 3069; x_wconf 81' lang='grc' dir='ltr'>τῷ</span> <span class='ocrx_word' id='word_1_612' title='bbox 2496 2999 2811 3071; x_wconf 83' lang='grc' dir='ltr'>παραδείσῳ</span> <span class='ocrx_word' id='word_1_613' title='bbox 2845 3000 3037 3071; x_wconf 74' lang='grc' dir='ltr'>ἐτάφη,</span> <span class='ocrx_word' id='word_1_614' title='bbox 3057 2999 3169 3053; x_wconf 86' lang='grc' dir='ltr'>ἀλλ’</span> <span class='ocrx_word' id='word_1_615' title='bbox 3208 3000 3492 3070; x_wconf 75' lang='grc' dir='ltr'>ἐξεϐλήθη.</span> <span class='ocrx_word' id='word_1_616' title='bbox 3529 3001 3649 3053; x_wconf 82' lang='grc' dir='ltr'>Ὀτι</span> 
     </span>
    </p>
   </div>
   <div class='ocr_carea' id='block_1_87' title="bbox 2066 3089 3649 3164">
    <p class='ocr_par' dir='ltr' id='par_1_87' title="bbox 2066 3089 3649 3164">
     <span class='ocr_line' id='line_1_89' title="bbox 2066 3089 3649 3164; baseline 0.001 -22"><span class='ocrx_word' id='word_1_617' title='bbox 2066 3090 2124 3143; x_wconf 85' lang='grc' dir='ltr'>δὲ</span> <span class='ocrx_word' id='word_1_618' title='bbox 2146 3090 2246 3142; x_wconf 89' lang='grc' dir='ltr'><strong>οὐκ</strong></span> <span class='ocrx_word' id='word_1_619' title='bbox 2285 3089 2388 3161; x_wconf 79' lang='grc' dir='ltr'>(ἐν)</span> <span class='ocrx_word' id='word_1_620' title='bbox 2442 3090 2688 3161; x_wconf 82' lang='grc' dir='ltr'>οὐρανοῖς</span> <span class='ocrx_word' id='word_1_621' title='bbox 2721 3092 2867 3143; x_wconf 79' lang='grc' dir='ltr'>ἐστιν</span> <span class='ocrx_word' id='word_1_622' title='bbox 2901 3093 2929 3144; x_wconf 91' lang='lat'><strong>6</strong></span> <span class='ocrx_word' id='word_1_623' title='bbox 2953 3090 3280 3162; x_wconf 81' lang='grc' dir='ltr'>παράδεισος</span> <span class='ocrx_word' id='word_1_624' title='bbox 3326 3095 3649 3164; x_wconf 80' lang='grc' dir='ltr'>μαρτυρεῖή</span> 
     </span>
    </p>
   </div>
   <div class='ocr_carea' id='block_1_88' title="bbox 2065 3180 3648 3253">
    <p class='ocr_par' dir='ltr' id='par_1_88' title="bbox 2065 3180 3648 3253">
     <span class='ocr_line' id='line_1_90' title="bbox 2065 3180 3648 3253; baseline 0.002 -19"><span class='ocrx_word' id='word_1_625' title='bbox 2065 3181 2258 3253; x_wconf 82' lang='grc' dir='ltr'>Γραφὴ</span> <span class='ocrx_word' id='word_1_626' title='bbox 2286 3180 2551 3250; x_wconf 86' lang='grc' dir='ltr'>λέγουσα·</span> <span class='ocrx_word' id='word_1_627' title='bbox 2584 3200 2602 3234; x_wconf 76' lang='grc' dir='ltr'><strong>ι</strong></span> <span class='ocrx_word' id='word_1_628' title='bbox 2635 3183 2748 3236; x_wconf 77' lang='grc' dir='ltr'>Καὶ</span> <span class='ocrx_word' id='word_1_629' title='bbox 2782 3183 3077 3252; x_wconf 77' lang='grc' dir='ltr'>ἐφύτευσεν</span> <span class='ocrx_word' id='word_1_630' title='bbox 3103 3185 3130 3236; x_wconf 91' lang='lat'><strong>6</strong></span> <span class='ocrx_word' id='word_1_631' title='bbox 3160 3182 3293 3245; x_wconf 73' lang='grc' dir='ltr'>Θεὸς</span> <span class='ocrx_word' id='word_1_632' title='bbox 3323 3184 3648 3253; x_wconf 83' lang='grc' dir='ltr'>παράδεισον</span> 
     </span>
    </p>
   </div>
   <div class='ocr_carea' id='block_1_89' title="bbox 2072 3271 3651 3346">
    <p class='ocr_par' dir='ltr' id='par_1_89' title="bbox 2072 3271 3651 3346">
     <span class='ocr_line' id='line_1_91' title="bbox 2072 3271 3651 3346; baseline 0 -17"><span class='ocrx_word' id='word_1_633' title='bbox 2072 3277 2131 3329; x_wconf 84' lang='grc' dir='ltr'>ὲν</span> <span class='ocrx_word' id='word_1_634' title='bbox 2175 3275 2336 3344; x_wconf 78' lang='grc' dir='ltr'>Ἐδὲμ</span> <span class='ocrx_word' id='word_1_635' title='bbox 2359 3275 2503 3328; x_wconf 84' lang='grc' dir='ltr'>κατὰ</span> <span class='ocrx_word' id='word_1_636' title='bbox 2526 3275 2838 3339; x_wconf 79' lang='grc' dir='ltr'>ἀνατολάς.»</span> <span class='ocrx_word' id='word_1_637' title='bbox 2860 3276 3107 3329; x_wconf 87' lang='grc' dir='ltr'>Διδάσκει</span> <span class='ocrx_word' id='word_1_638' title='bbox 3129 3271 3220 3329; x_wconf 79' lang='grc' dir='ltr'>οὖν</span> <span class='ocrx_word' id='word_1_639' title='bbox 3244 3277 3412 3346; x_wconf 78' lang='grc' dir='ltr'>ἡμᾶς,</span> <span class='ocrx_word' id='word_1_640' title='bbox 3456 3277 3537 3329; x_wconf 87' lang='grc' dir='ltr'>ὅτι</span> <span class='ocrx_word' id='word_1_641' title='bbox 3591 3277 3651 3342; x_wconf 81' lang='grc' dir='ltr'>ἐξ</span> 
     </span>
    </p>
   </div>
   <div class='ocr_carea' id='block_1_90' title="bbox 2064 3366 3650 3440">
    <p class='ocr_par' dir='ltr' id='par_1_90' title="bbox 2064 3366 3650 3440">
     <span class='ocr_line' id='line_1_92' title="bbox 2064 3366 3650 3440; baseline 0 -18"><span class='ocrx_word' id='word_1_642' title='bbox 2064 3366 2338 3422; x_wconf 82' lang='grc' dir='ltr'>ἀνατολῶν</span> <span class='ocrx_word' id='word_1_643' title='bbox 2371 3366 2553 3437; x_wconf 81' lang='grc' dir='ltr'>πάσης</span> <span class='ocrx_word' id='word_1_644' title='bbox 2576 3367 2675 3438; x_wconf 80' lang='grc' dir='ltr'><strong>τῆς</strong></span> <span class='ocrx_word' id='word_1_645' title='bbox 2721 3369 2824 3439; x_wconf 81' lang='grc' dir='ltr'><strong>γῆς</strong></span> <span class='ocrx_word' id='word_1_646' title='bbox 2857 3371 3004 3421; x_wconf 81' lang='grc' dir='ltr'>ἐστιν</span> <span class='ocrx_word' id='word_1_647' title='bbox 3032 3371 3060 3421; x_wconf 88' lang='lat'><strong>6</strong></span> <span class='ocrx_word' id='word_1_648' title='bbox 3106 3368 3453 3440; x_wconf 84' lang='grc' dir='ltr'>παράδεισος.</span> <span class='ocrx_word' id='word_1_649' title='bbox 3485 3367 3650 3422; x_wconf 87' lang='grc' dir='ltr'>Ὅθεν</span> 
     </span>
    </p>
   </div>
   <div class='ocr_carea' id='block_1_91' title="bbox 2066 3460 3652 3532">
    <p class='ocr_par' dir='ltr' id='par_1_91' title="bbox 2066 3460 3652 3532">
     <span class='ocr_line' id='line_1_93' title="bbox 2066 3460 3652 3532; baseline 0.001 -20"><span class='ocrx_word' id='word_1_650' title='bbox 2066 3461 2229 3529; x_wconf 73' lang='grc' dir='ltr'>φασὶν</span> <span class='ocrx_word' id='word_1_651' title='bbox 2254 3460 2514 3532; x_wconf 80' lang='grc' dir='ltr'>ἱστορικοί</span> <span class='ocrx_word' id='word_1_652' title='bbox 2543 3478 2688 3524; x_wconf 91' lang='grc' dir='ltr'>τινες</span> <span class='ocrx_word' id='word_1_653' title='bbox 2719 3461 2966 3532; x_wconf 79' lang='grc' dir='ltr'>ἀκριϐεῖς</span> <span class='ocrx_word' id='word_1_654' title='bbox 3000 3461 3188 3524; x_wconf 86' lang='grc' dir='ltr'>παῖδες</span> <span class='ocrx_word' id='word_1_655' title='bbox 3217 3460 3328 3531; x_wconf 84' lang='grc'>(75)</span> <span class='ocrx_word' id='word_1_656' title='bbox 3356 3500 3370 3525; x_wconf 90' lang='grc'><strong>,</strong></span> <span class='ocrx_word' id='word_1_657' title='bbox 3401 3462 3486 3514; x_wconf 81' lang='grc' dir='ltr'>ὅτι</span> <span class='ocrx_word' id='word_1_658' title='bbox 3529 3461 3652 3514; x_wconf 87' lang='grc' dir='ltr'>τού-</span> 
     </span>
    </p>
   </div>
   <div class='ocr_carea' id='block_1_92' title="bbox 2062 3550 3651 3624">
    <p class='ocr_par' dir='ltr' id='par_1_92' title="bbox 2062 3550 3651 3624">
     <span class='ocr_line' id='line_1_94' title="bbox 2062 3550 3651 3624; baseline 0.003 -21"><span class='ocrx_word' id='word_1_659' title='bbox 2062 3569 2154 3604; x_wconf 88' lang='grc' dir='ltr'><strong>του</strong></span> <span class='ocrx_word' id='word_1_660' title='bbox 2176 3551 2335 3620; x_wconf 90' lang='grc' dir='ltr'>χάριν</span> <span class='ocrx_word' id='word_1_661' title='bbox 2365 3552 2542 3604; x_wconf 83' lang='grc' dir='ltr'>πάντα</span> <span class='ocrx_word' id='word_1_662' title='bbox 2567 3552 2636 3605; x_wconf 85' lang='grc' dir='ltr'><strong>τὰ</strong></span> <span class='ocrx_word' id='word_1_663' title='bbox 2668 3550 2841 3622; x_wconf 84' lang='grc' dir='ltr'>εὐώδη</span> <span class='ocrx_word' id='word_1_664' title='bbox 2881 3553 2989 3604; x_wconf 85' lang='grc' dir='ltr'><strong>τῶν</strong></span> <span class='ocrx_word' id='word_1_665' title='bbox 3043 3552 3351 3624; x_wconf 86' lang='grc' dir='ltr'>ἀρωμάτων</span> <span class='ocrx_word' id='word_1_666' title='bbox 3400 3555 3530 3624; x_wconf 73' lang='grc' dir='ltr'>περὶ</span> <span class='ocrx_word' id='word_1_667' title='bbox 3581 3554 3651 3608; x_wconf 78' lang='grc' dir='ltr'><strong>τά</strong></span> 
     </span>
    </p>
   </div>
   <div class='ocr_carea' id='block_1_93' title="bbox 2064 3641 3652 3716">
    <p class='ocr_par' dir='ltr' id='par_1_93' title="bbox 2064 3641 3652 3716">
     <span class='ocr_line' id='line_1_95' title="bbox 2064 3641 3652 3716; baseline 0.002 -20"><span class='ocrx_word' id='word_1_668' title='bbox 2064 3641 2715 3714; x_wconf 72' lang='grc' dir='ltr'>ἀνατολικώτερα,ἧγουν</span> <span class='ocrx_word' id='word_1_669' title='bbox 2743 3642 2813 3696; x_wconf 81' lang='grc' dir='ltr'><strong>τὰ</strong></span> <span class='ocrx_word' id='word_1_670' title='bbox 2860 3643 3057 3697; x_wconf 81' lang='grc' dir='ltr'>Ἰνδικὰ</span> <span class='ocrx_word' id='word_1_671' title='bbox 3117 3645 3278 3716; x_wconf 81' lang='grc' dir='ltr'>μέρη,</span> <span class='ocrx_word' id='word_1_672' title='bbox 3314 3646 3652 3716; x_wconf 85' lang='grc' dir='ltr'>ὑπάρχουσιν</span> 
     </span>
    </p>
   </div>
   <div class='ocr_carea' id='block_1_94' title="bbox 2064 3733 3650 3809">
    <p class='ocr_par' dir='ltr' id='par_1_94' title="bbox 2064 3733 3650 3809">
     <span class='ocr_line' id='line_1_96' title="bbox 2064 3733 3650 3809; baseline 0.004 -24"><span class='ocrx_word' id='word_1_673' title='bbox 2064 3733 2141 3797; x_wconf 87' lang='grc' dir='ltr'>ὡς</span> <span class='ocrx_word' id='word_1_674' title='bbox 2191 3733 2544 3805; x_wconf 90' lang='grc' dir='ltr'>πλησιόχωρα</span> <span class='ocrx_word' id='word_1_675' title='bbox 2600 3735 2936 3805; x_wconf 83' lang='grc' dir='ltr'>τυγχάνοντα</span> <span class='ocrx_word' id='word_1_676' title='bbox 2977 3735 3072 3788; x_wconf 82' lang='grc' dir='ltr'><strong>τοῦ</strong></span> <span class='ocrx_word' id='word_1_677' title='bbox 3127 3737 3479 3809; x_wconf 86' lang='grc' dir='ltr'>παραδείσου.</span> <span class='ocrx_word' id='word_1_678' title='bbox 3536 3738 3650 3791; x_wconf 72' lang='grc' dir='ltr'><strong>Καὶ</strong></span> 
     </span>
    </p>
   </div>
   <div class='ocr_carea' id='block_1_95' title="bbox 2065 3824 3646 3898">
    <p class='ocr_par' dir='ltr' id='par_1_95' title="bbox 2065 3824 3646 3898">
     <span class='ocr_line' id='line_1_97' title="bbox 2065 3824 3646 3898; baseline 0.002 -20"><span class='ocrx_word' id='word_1_679' title='bbox 2065 3824 2254 3896; x_wconf 86' lang='grc' dir='ltr'>ὥσπερ</span> <span class='ocrx_word' id='word_1_680' title='bbox 2281 3826 2524 3893; x_wconf 84' lang='grc' dir='ltr'>φοίνικες</span> <span class='ocrx_word' id='word_1_681' title='bbox 2552 3827 2780 3898; x_wconf 82' lang='grc' dir='ltr'>ἄρσενες</span> <span class='ocrx_word' id='word_1_682' title='bbox 2807 3827 2934 3890; x_wconf 83' lang='grc' dir='ltr'>τοὺς</span> <span class='ocrx_word' id='word_1_683' title='bbox 2959 3827 3357 3898; x_wconf 76' lang='grc' dir='ltr'>πλησιάζοντας</span> <span class='ocrx_word' id='word_1_684' title='bbox 3395 3828 3646 3898; x_wconf 85' lang='grc' dir='ltr'>φοίνικας</span> 
     </span>
    </p>
   </div>
   <div class='ocr_carea' id='block_1_96' title="bbox 2065 3915 3648 3992">
    <p class='ocr_par' dir='ltr' id='par_1_96' title="bbox 2065 3915 3648 3992">
     <span class='ocr_line' id='line_1_98' title="bbox 2065 3915 3648 3992; baseline 0.004 -24"><span class='ocrx_word' id='word_1_685' title='bbox 2065 3915 2332 3986; x_wconf 80' lang='grc' dir='ltr'>θηλυκοὺς</span> <span class='ocrx_word' id='word_1_686' title='bbox 2363 3919 2428 3988; x_wconf 81' lang='grc' dir='ltr'>τῇ</span> <span class='ocrx_word' id='word_1_687' title='bbox 2460 3921 2596 3988; x_wconf 83' lang='grc' dir='ltr'>πνοῇ</span> <span class='ocrx_word' id='word_1_688' title='bbox 2625 3917 2732 3970; x_wconf 85' lang='grc' dir='ltr'><strong>τῶν</strong></span> <span class='ocrx_word' id='word_1_689' title='bbox 2763 3917 2978 3987; x_wconf 85' lang='grc' dir='ltr'>ἀνέμων</span> <span class='ocrx_word' id='word_1_690' title='bbox 3036 3919 3484 3989; x_wconf 81' lang='grc' dir='ltr'>συμϐιϐάζοντες,</span> <span class='ocrx_word' id='word_1_691' title='bbox 3508 3938 3648 3992; x_wconf 86' lang='grc' dir='ltr'>καρ-</span> 
     </span>
    </p>
   </div>
   <div class='ocr_carea' id='block_1_97' title="bbox 2066 4007 3650 4082">
    <p class='ocr_par' dir='ltr' id='par_1_97' title="bbox 2066 4007 3650 4082">
     <span class='ocr_line' id='line_1_99' title="bbox 2066 4007 3650 4082; baseline 0.004 -24"><span class='ocrx_word' id='word_1_692' title='bbox 2066 4007 2338 4078; x_wconf 82' lang='grc' dir='ltr'>ποφόρους</span> <span class='ocrx_word' id='word_1_693' title='bbox 2364 4007 2475 4078; x_wconf 85' lang='grc'>(76)</span> <span class='ocrx_word' id='word_1_694' title='bbox 2510 4008 2758 4063; x_wconf 78' lang='grc' dir='ltr'>ποιοῦσιν</span> <span class='ocrx_word' id='word_1_695' title='bbox 2781 4027 2793 4040; x_wconf 90' lang='grc'><strong>·</strong></span> <span class='ocrx_word' id='word_1_696' title='bbox 2831 4009 2974 4064; x_wconf 77' lang='grc' dir='ltr'>οὕτω</span> <span class='ocrx_word' id='word_1_697' title='bbox 3005 4011 3067 4081; x_wconf 79' lang='grc' dir='ltr'>δὴ</span> <span class='ocrx_word' id='word_1_698' title='bbox 3103 4013 3197 4065; x_wconf 73' lang='grc' dir='ltr'>καὶ</span> <span class='ocrx_word' id='word_1_699' title='bbox 3226 4012 3291 4064; x_wconf 84' lang='grc' dir='ltr'>ὲκ</span> <span class='ocrx_word' id='word_1_700' title='bbox 3322 4012 3416 4064; x_wconf 79' lang='grc' dir='ltr'><strong>τοῦ</strong></span> <span class='ocrx_word' id='word_1_701' title='bbox 3466 4030 3650 4082; x_wconf 87' lang='grc' dir='ltr'>παρα-</span> 
     </span>
    </p>
   </div>
   <div class='ocr_carea' id='block_1_98' title="bbox 2063 4095 3650 4172">
    <p class='ocr_par' dir='ltr' id='par_1_98' title="bbox 2063 4095 3650 4172">
     <span class='ocr_line' id='line_1_100' title="bbox 2063 4095 3650 4172; baseline 0.006 -25"><span class='ocrx_word' id='word_1_702' title='bbox 2063 4095 2239 4149; x_wconf 88' lang='grc' dir='ltr'>δείσου</span> <span class='ocrx_word' id='word_1_703' title='bbox 2269 4097 2334 4167; x_wconf 82' lang='grc' dir='ltr'>τῇ</span> <span class='ocrx_word' id='word_1_704' title='bbox 2365 4097 2472 4150; x_wconf 86' lang='grc' dir='ltr'>τῶν</span> <span class='ocrx_word' id='word_1_705' title='bbox 2512 4097 2729 4168; x_wconf 82' lang='grc' dir='ltr'>ἀνέμων</span> <span class='ocrx_word' id='word_1_706' title='bbox 2763 4103 2898 4170; x_wconf 86' lang='grc' dir='ltr'>πνοῇ</span> <span class='ocrx_word' id='word_1_707' title='bbox 2933 4101 3130 4154; x_wconf 88' lang='grc' dir='ltr'>εὐωδία</span> <span class='ocrx_word' id='word_1_708' title='bbox 3191 4100 3522 4172; x_wconf 79' lang='grc' dir='ltr'>ἐξερχομένη</span> <span class='ocrx_word' id='word_1_709' title='bbox 3580 4104 3650 4156; x_wconf 79' lang='grc' dir='ltr'><strong>τὰ</strong></span> 
     </span>
    </p>
   </div>
   <div class='ocr_carea' id='block_1_99' title="bbox 2065 4185 3649 4265">
    <p class='ocr_par' dir='ltr' id='par_1_99' title="bbox 2065 4185 3649 4265">
     <span class='ocr_line' id='line_1_101' title="bbox 2065 4185 3649 4265; baseline 0.008 -29"><span class='ocrx_word' id='word_1_710' title='bbox 2065 4185 2416 4258; x_wconf 84' lang='grc' dir='ltr'>πλησιὼτερα</span> <span class='ocrx_word' id='word_1_711' title='bbox 2448 4187 2555 4242; x_wconf 86' lang='grc' dir='ltr'><strong>τῶν</strong></span> <span class='ocrx_word' id='word_1_712' title='bbox 2583 4185 2763 4242; x_wconf 79' lang='grc' dir='ltr'>ἐκεῖσε</span> <span class='ocrx_word' id='word_1_713' title='bbox 2809 4191 2988 4246; x_wconf 88' lang='grc' dir='ltr'>τόπων</span> <span class='ocrx_word' id='word_1_714' title='bbox 3021 4191 3211 4264; x_wconf 78' lang='grc' dir='ltr'>δένδρα</span> <span class='ocrx_word' id='word_1_715' title='bbox 3273 4192 3649 4265; x_wconf 81' lang='grc' dir='ltr'>ὰρωματίζειν</span> 
     </span>
    </p>
   </div>
   <div class='ocr_carea' id='block_1_100' title="bbox 2065 4279 2228 4329">
    <p class='ocr_par' dir='ltr' id='par_1_100' title="bbox 2065 4279 2228 4329">
     <span class='ocr_line' id='line_1_102' title="bbox 2065 4279 2228 4329; baseline 0.012 -2"><span class='ocrx_word' id='word_1_716' title='bbox 2065 4279 2228 4329; x_wconf 89' lang='grc' dir='ltr'>ποιεῖ.</span> 
     </span>
    </p>
   </div>
   <div class='ocr_carea' id='block_1_101' title="bbox 2147 4365 3644 4447">
    <p class='ocr_par' dir='ltr' id='par_1_101' title="bbox 2147 4365 3644 4447">
     <span class='ocr_line' id='line_1_103' title="bbox 2147 4365 3644 4447; baseline 0.007 -28"><span class='ocrx_word' id='word_1_717' title='bbox 2147 4365 2339 4438; x_wconf 84' lang='grc' dir='ltr'>Ἐρὼτ.</span> <span class='ocrx_word' id='word_1_718' title='bbox 2369 4375 2482 4440; x_wconf 83' lang='grc' dir='ltr'>μη’.</span> <span class='ocrx_word' id='word_1_719' title='bbox 2515 4369 2756 4442; x_wconf 87' lang='grc' dir='ltr'>Φθαρτὸν</span> <span class='ocrx_word' id='word_1_720' title='bbox 2791 4371 2890 4443; x_wconf 72' lang='grc' dir='ltr'><strong>μέν</strong></span> <span class='ocrx_word' id='word_1_721' title='bbox 2935 4390 3116 4444; x_wconf 85' lang='grc' dir='ltr'>φαμεν</span> <span class='ocrx_word' id='word_1_722' title='bbox 3148 4373 3240 4427; x_wconf 91' lang='grc' dir='ltr'><strong>τὸν</strong></span> <span class='ocrx_word' id='word_1_723' title='bbox 3293 4375 3644 4447; x_wconf 85' lang='grc' dir='ltr'>παράδεισον,</span> 
     </span>
    </p>
   </div>
   <div class='ocr_carea' id='block_1_102' title="bbox 1993 4457 2436 4529">
    <p class='ocr_par' dir='ltr' id='par_1_102' title="bbox 1993 4457 2436 4529">
     <span class='ocr_line' id='line_1_104' title="bbox 1993 4457 2436 4529; baseline -0.002 -17"><span class='ocrx_word' id='word_1_724' title='bbox 1993 4462 2037 4518; x_wconf 86' lang='grc'>1)</span> <span class='ocrx_word' id='word_1_725' title='bbox 2066 4457 2099 4528; x_wconf 83' lang='grc' dir='ltr'><strong>ἢ</strong></span> <span class='ocrx_word' id='word_1_726' title='bbox 2128 4457 2402 4529; x_wconf 78' lang='grc' dir='ltr'>ἄφθαρτον</span> <span class='ocrx_word' id='word_1_727' title='bbox 2421 4475 2436 4524; x_wconf 89' lang='grc'>;</span> 
     </span>
    </p>
   </div>
   <div class='ocr_carea' id='block_1_103' title="bbox 2149 4548 3648 4624">
    <p class='ocr_par' dir='ltr' id='par_1_103' title="bbox 2149 4548 3648 4624">
     <span class='ocr_line' id='line_1_105' title="bbox 2149 4548 3648 4624; baseline 0.005 -25"><span class='ocrx_word' id='word_1_728' title='bbox 2149 4550 2338 4603; x_wconf 85' lang='grc' dir='ltr'>Ἀπόκ.</span> <span class='ocrx_word' id='word_1_729' title='bbox 2367 4548 2504 4604; x_wconf 81' lang='grc' dir='ltr'>Οὐτε</span> <span class='ocrx_word' id='word_1_730' title='bbox 2535 4549 2775 4621; x_wconf 85' lang='grc' dir='ltr'>φθαρτὸν</span> <span class='ocrx_word' id='word_1_731' title='bbox 2801 4551 2975 4607; x_wconf 75' lang='grc' dir='ltr'>αὐτὸν</span> <span class='ocrx_word' id='word_1_732' title='bbox 2995 4553 3224 4624; x_wconf 88' lang='grc' dir='ltr'>λέγομεν</span> <span class='ocrx_word' id='word_1_733' title='bbox 3251 4553 3394 4607; x_wconf 87' lang='grc' dir='ltr'>κατὰ</span> <span class='ocrx_word' id='word_1_734' title='bbox 3417 4553 3514 4624; x_wconf 87' lang='grc' dir='ltr'><strong>τὴν</strong></span> <span class='ocrx_word' id='word_1_735' title='bbox 3534 4554 3648 4606; x_wconf 86' lang='grc' dir='ltr'><strong>τῶν</strong></span> 
     </span>
    </p>
   </div>
   <div class='ocr_carea' id='block_1_104' title="bbox 2064 4640 3642 4717">
    <p class='ocr_par' dir='ltr' id='par_1_104' title="bbox 2064 4640 3642 4717">
     <span class='ocr_line' id='line_1_106' title="bbox 2064 4640 3642 4717; baseline 0.004 -25"><span class='ocrx_word' id='word_1_736' title='bbox 2064 4641 2192 4711; x_wconf 83' lang='grc' dir='ltr'>παρ’</span> <span class='ocrx_word' id='word_1_737' title='bbox 2212 4640 2366 4712; x_wconf 77' lang='grc' dir='ltr'>ἡμῶν</span> <span class='ocrx_word' id='word_1_738' title='bbox 2388 4641 2571 4710; x_wconf 84' lang='grc' dir='ltr'>φυτῶν</span> <span class='ocrx_word' id='word_1_739' title='bbox 2597 4659 2658 4695; x_wconf 89' lang='grc' dir='ltr'><strong>τε</strong></span> <span class='ocrx_word' id='word_1_740' title='bbox 2690 4644 2786 4696; x_wconf 75' lang='grc' dir='ltr'><strong>καὶ</strong></span> <span class='ocrx_word' id='word_1_741' title='bbox 2822 4645 3053 4717; x_wconf 82' lang='grc' dir='ltr'>καρπῶν</span> <span class='ocrx_word' id='word_1_742' title='bbox 3086 4645 3250 4716; x_wconf 71' lang='grc' dir='ltr'>σῆψιν</span> <span class='ocrx_word' id='word_1_743' title='bbox 3309 4646 3401 4698; x_wconf 79' lang='grc' dir='ltr'>καὶ</span> <span class='ocrx_word' id='word_1_744' title='bbox 3437 4645 3642 4716; x_wconf 84' lang='grc' dir='ltr'>σκωλή-</span> 
     </span>
    </p>
   </div>
   <div class='ocr_carea' id='block_1_105' title="bbox 2063 4732 3647 4808">
    <p class='ocr_par' dir='ltr' id='par_1_105' title="bbox 2063 4732 3647 4808">
     <span class='ocr_line' id='line_1_107' title="bbox 2063 4732 3647 4808; baseline 0.003 -24"><span class='ocrx_word' id='word_1_745' title='bbox 2063 4748 2174 4785; x_wconf 90' lang='grc' dir='ltr'><strong>κων</strong></span> <span class='ocrx_word' id='word_1_746' title='bbox 2205 4732 2494 4804; x_wconf 86' lang='grc' dir='ltr'>ποιότητα·</span> <span class='ocrx_word' id='word_1_747' title='bbox 2555 4733 2678 4788; x_wconf 82' lang='grc' dir='ltr'>οὐτε</span> <span class='ocrx_word' id='word_1_748' title='bbox 2741 4736 2850 4808; x_wconf 84' lang='grc' dir='ltr'>μὴν</span> <span class='ocrx_word' id='word_1_749' title='bbox 2914 4736 3089 4808; x_wconf 86' lang='grc' dir='ltr'>πάντη</span> <span class='ocrx_word' id='word_1_750' title='bbox 3139 4735 3301 4790; x_wconf 89' lang='grc' dir='ltr'>πάλιν</span> <span class='ocrx_word' id='word_1_751' title='bbox 3357 4736 3647 4808; x_wconf 75' lang='grc' dir='ltr'>ἄφθαρτον</span> 
     </span>
    </p>
   </div>
   <div class='ocr_carea' id='block_1_106' title="bbox 2065 4821 3644 4901">
    <p class='ocr_par' dir='ltr' id='par_1_106' title="bbox 2065 4821 3644 4901">
     <span class='ocr_line' id='line_1_108' title="bbox 2065 4821 3644 4901; baseline 0.004 -25"><span class='ocrx_word' id='word_1_752' title='bbox 2065 4821 2206 4876; x_wconf 85' lang='grc' dir='ltr'>κατὰ</span> <span class='ocrx_word' id='word_1_753' title='bbox 2238 4822 2336 4894; x_wconf 84' lang='grc' dir='ltr'>τὴν</span> <span class='ocrx_word' id='word_1_754' title='bbox 2359 4823 2452 4878; x_wconf 82' lang='grc' dir='ltr'><strong>τοῦ</strong></span> <span class='ocrx_word' id='word_1_755' title='bbox 2493 4825 2774 4897; x_wconf 84' lang='grc' dir='ltr'>μέλλοντος</span> <span class='ocrx_word' id='word_1_756' title='bbox 2804 4827 2998 4891; x_wconf 86' lang='grc' dir='ltr'>αἰῶνος</span> <span class='ocrx_word' id='word_1_757' title='bbox 3052 4827 3359 4901; x_wconf 79' lang='grc' dir='ltr'>ἀφθαρσίαν</span> <span class='ocrx_word' id='word_1_758' title='bbox 3383 4868 3398 4890; x_wconf 87' lang='grc'><strong>,</strong></span> <span class='ocrx_word' id='word_1_759' title='bbox 3443 4831 3537 4882; x_wconf 79' lang='grc' dir='ltr'>καὶ</span> <span class='ocrx_word' id='word_1_760' title='bbox 3583 4830 3644 4882; x_wconf 86' lang='grc' dir='ltr'><strong>οὐ</strong></span> 
     </span>
    </p>
   </div>
   <div class='ocr_carea' id='block_1_107' title="bbox 2065 4914 3643 4992">
    <p class='ocr_par' dir='ltr' id='par_1_107' title="bbox 2065 4914 3643 4992">
     <span class='ocr_line' id='line_1_109' title="bbox 2065 4914 3643 4992; baseline 0.004 -26"><span class='ocrx_word' id='word_1_761' title='bbox 2065 4914 2357 4986; x_wconf 83' lang='grc' dir='ltr'>γινομένην</span> <span class='ocrx_word' id='word_1_762' title='bbox 2402 4917 2722 4972; x_wconf 85' lang='grc' dir='ltr'>παλαίωσιν.</span> <span class='ocrx_word' id='word_1_763' title='bbox 2773 4919 2934 4973; x_wconf 83' lang='grc' dir='ltr'>Ἀλλὰ</span> <span class='ocrx_word' id='word_1_764' title='bbox 2991 4920 3129 4992; x_wconf 88' lang='grc' dir='ltr'>πρὸς</span> <span class='ocrx_word' id='word_1_765' title='bbox 3169 4921 3267 4992; x_wconf 84' lang='grc' dir='ltr'>μὲν</span> <span class='ocrx_word' id='word_1_766' title='bbox 3325 4921 3453 4983; x_wconf 75' lang='grc' dir='ltr'>τοὺς</span> <span class='ocrx_word' id='word_1_767' title='bbox 3509 4921 3643 4992; x_wconf 82' lang='grc' dir='ltr'>παρ’</span> 
     </span>
    </p>
   </div>
   <div class='ocr_carea' id='block_1_108' title="bbox 2064 5007 3642 5084">
    <p class='ocr_par' dir='ltr' id='par_1_108' title="bbox 2064 5007 3642 5084">
     <span class='ocr_line' id='line_1_110' title="bbox 2064 5007 3642 5084; baseline -0.005 -23"><span class='ocrx_word' id='word_1_768' title='bbox 2064 5007 2194 5077; x_wconf 85' lang='grc' dir='ltr'>ἡμῖν</span> <span class='ocrx_word' id='word_1_769' title='bbox 2238 5008 2485 5079; x_wconf 85' lang='grc' dir='ltr'>καρπούς</span> <span class='ocrx_word' id='word_1_770' title='bbox 2523 5027 2584 5064; x_wconf 86' lang='grc' dir='ltr'><strong>τε</strong></span> <span class='ocrx_word' id='word_1_771' title='bbox 2633 5011 2726 5064; x_wconf 70' lang='grc' dir='ltr'><strong>καὶ</strong></span> <span class='ocrx_word' id='word_1_772' title='bbox 2787 5011 3146 5084; x_wconf 83' lang='grc' dir='ltr'>παραδείσους</span> <span class='ocrx_word' id='word_1_773' title='bbox 3207 5013 3389 5082; x_wconf 82' lang='grc' dir='ltr'>πάσης</span> <span class='ocrx_word' id='word_1_774' title='bbox 3437 5012 3642 5083; x_wconf 74' lang='grc' dir='ltr'>φθορᾶς</span> 
     </span>
    </p>
   </div>
   <div class='ocr_carea' id='block_1_109' title="bbox 2063 5098 3641 5176">
    <p class='ocr_par' dir='ltr' id='par_1_109' title="bbox 2063 5098 3641 5176">
     <span class='ocr_line' id='line_1_111' title="bbox 2063 5098 3641 5176; baseline 0.008 -27"><span class='ocrx_word' id='word_1_775' title='bbox 2063 5098 2210 5151; x_wconf 79' lang='grc' dir='ltr'>ἐστιν</span> <span class='ocrx_word' id='word_1_776' title='bbox 2243 5098 2604 5172; x_wconf 79' lang='grc' dir='ltr'>ὑψηλότερος·</span> <span class='ocrx_word' id='word_1_777' title='bbox 2634 5103 2771 5174; x_wconf 86' lang='grc' dir='ltr'>πρὸς</span> <span class='ocrx_word' id='word_1_778' title='bbox 2801 5104 2857 5157; x_wconf 85' lang='grc' dir='ltr'>δὲ</span> <span class='ocrx_word' id='word_1_779' title='bbox 2889 5104 2986 5176; x_wconf 78' lang='grc' dir='ltr'>τὴν</span> <span class='ocrx_word' id='word_1_780' title='bbox 3014 5103 3173 5170; x_wconf 78' lang='grc' dir='ltr'>δόξαν</span> <span class='ocrx_word' id='word_1_781' title='bbox 3197 5104 3303 5160; x_wconf 85' lang='grc' dir='ltr'><strong>τῶν</strong></span> <span class='ocrx_word' id='word_1_782' title='bbox 3340 5104 3641 5176; x_wconf 85' lang='grc' dir='ltr'>μελλόντων</span> 
     </span>
    </p>
   </div>
   <div class='ocr_carea' id='block_1_110' title="bbox 2069 5452 3202 5525">
    <p class='ocr_par' dir='ltr' id='par_1_110' title="bbox 2069 5452 3202 5525">
     <span class='ocr_line' id='line_1_112' title="bbox 2069 5452 3202 5525; baseline 0.005 -19"><span class='ocrx_word' id='word_1_783' title='bbox 2069 5452 2133 5509; x_wconf 92' lang='lat' dir='ltr'><strong>D.</strong></span> <span class='ocrx_word' id='word_1_784' title='bbox 2159 5453 2439 5525; x_wconf 79' lang='lat' dir='ltr'><strong>Placidum</strong></span> <span class='ocrx_word' id='word_1_785' title='bbox 2477 5453 2790 5511; x_wconf 86' lang='lat' dir='ltr'><strong>Porcheron</strong></span> <span class='ocrx_word' id='word_1_786' title='bbox 2826 5453 2994 5516; x_wconf 85' lang='lat' dir='ltr'><strong>edito.</strong></span> <span class='ocrx_word' id='word_1_787' title='bbox 3023 5472 3079 5525; x_wconf 85' lang='lat' dir='ltr'><strong>p.</strong></span> <span class='ocrx_word' id='word_1_788' title='bbox 3114 5455 3202 5512; x_wconf 71' lang='lat' dir='ltr'><strong>l4.</strong></span> 
     </span>
    </p>
   </div>
   <div class='ocr_carea' id='block_1_111' title="bbox 2138 5523 3632 5597">
    <p class='ocr_par' dir='ltr' id='par_1_111' title="bbox 2138 5523 3632 5597">
     <span class='ocr_line' id='line_1_113' title="bbox 2138 5523 3632 5597; baseline 0.001 -20"><span class='ocrx_word' id='word_1_789' title='bbox 2138 5525 2248 5595; x_wconf 84' lang='lat'><strong>(75)</strong></span> <span class='ocrx_word' id='word_1_790' title='bbox 2287 5523 2365 5597; x_wconf 80' lang='lat' dir='ltr'><strong>Ita</strong></span> <span class='ocrx_word' id='word_1_791' title='bbox 2402 5525 2623 5596; x_wconf 89' lang='lat' dir='ltr'><strong>quidam</strong></span> <span class='ocrx_word' id='word_1_792' title='bbox 2652 5541 2786 5580; x_wconf 89' lang='lat' dir='ltr'><strong>mss.</strong></span> <span class='ocrx_word' id='word_1_793' title='bbox 2825 5525 2968 5581; x_wconf 88' lang='lat' dir='ltr'><strong>Editi</strong></span> <span class='ocrx_word' id='word_1_794' title='bbox 2995 5523 3144 5592; x_wconf 82' lang='lat' dir='ltr'><strong>vero,</strong></span> <span class='ocrx_word' id='word_1_795' title='bbox 3174 5524 3459 5597; x_wconf 80' lang='grc' dir='ltr'>ἱστορικῶν</span> <span class='ocrx_word' id='word_1_796' title='bbox 3481 5525 3632 5596; x_wconf 68' lang='grc' dir='ltr'>ἀκριτ</span> 
     </span>
    </p>
   </div>
   <div class='ocr_carea' id='block_1_112' title="bbox 2070 5594 2413 5658">
    <p class='ocr_par' dir='ltr' id='par_1_112' title="bbox 2070 5594 2413 5658">
     <span class='ocr_line' id='line_1_114' title="bbox 2070 5594 2413 5658; baseline 0.003 -10"><span class='ocrx_word' id='word_1_797' title='bbox 2070 5594 2179 5649; x_wconf 84' lang='grc' dir='ltr'>ϐῶν</span> <span class='ocrx_word' id='word_1_798' title='bbox 2211 5594 2413 5658; x_wconf 83' lang='grc' dir='ltr'>παῖδες.</span> 
     </span>
    </p>
   </div>
   <div class='ocr_carea' id='block_1_113' title="bbox 2147 5663 3006 5737">
    <p class='ocr_par' dir='ltr' id='par_1_113' title="bbox 2147 5663 3006 5737">
     <span class='ocr_line' id='line_1_115' title="bbox 2147 5663 3006 5737; baseline -0.002 -17"><span class='ocrx_word' id='word_1_799' title='bbox 2147 5666 2257 5737; x_wconf 81' lang='grc'>(76)</span> <span class='ocrx_word' id='word_1_800' title='bbox 2299 5663 2431 5737; x_wconf 71' lang='lat' dir='ltr'><strong>Reg.</strong></span> <span class='ocrx_word' id='word_1_801' title='bbox 2464 5665 2519 5734; x_wconf 74' lang='grc'><strong>9.,</strong></span> <span class='ocrx_word' id='word_1_802' title='bbox 2545 5664 3006 5736; x_wconf 76' lang='grc' dir='ltr'>καρποφοροῦσιν.</span> 
     </span>
    </p>
   </div>
  </div>
