3852 6192
204 308 311 367 629

1198 298 1663 369 QUESTIONES
1695 297 1805 353 AD.
1824 294 2229 355 ANTIOCHUM
2260 292 2515 351 DUCEM.

3349 281 3455 340 650

206 427 449 495 ἀγαθῶν,
476 418 552 481 ὧν
575 424 849 497 ὀφθαλμὸς
879 424 979 477 ούκ
1006 416 1134 486 εἶδε,
1162 423 1258 476 καὶ
1298 415 1392 484 οὖς
1420 420 1520 474 οὐκ
1557 420 1777 491 ἢκουσε,
1807 451 1820 480 Α

1939 415 2205 472 taeoculus
2218 428 2325 469 non
2349 411 2505 477 vidit,
2520 424 2621 466 nec
2636 408 2787 463 auris
2816 403 3040 469 audivit,
3064 417 3164 458 nec
3177 400 3233 456 in
3253 397 3459 454 corho—

207 520 351 575 πάνυ
374 518 572 589 ἐλαχύς
596 519 714 570 ἐστι
738 515 833 569 καὶ⁹
862 512 1196 569 πιστεύεται.

289 608 487 682 Ἐρώτ.
515 607 621 679 μθ’.
650 608 761 679 (77)
786 606 956 663 Πόσον
974 603 1163 677 χρόνον
1183 602 1242 656 ἐν
1261 598 1576 674 παραδείσῳ
1600 595 1786 668 ἐποίη-

212 717 301 754 σεν
332 701 361 750 6
400 698 598 767 ’Δδάμ;

291 789 483 843 ’Δπόκ.
523 786 1013 859 Ἀμφιϐαλλὸμενον
1042 784 1154 848 τοῖς
1187 781 1458 854 πατράσιν
1499 778 1788 851 ἠρώτησας

210 881 526 954 πρόϐλημα.
571 880 635 933 Οἱ
688 878 784 950 μὲν
816 878 925 949 γάρ
974 892 1134 947 φασιν
1188 874 1536 945 ἑξαμηνιαῖον
1578 869 1787 942 χρόνον,

209 975 258 1027 οἱ
284 974 343 1026 δὲ
375 972 602 1026 πλείονα
621 988 635 1001 ο
672 971 822 1025 ἄλλοι
864 969 922 1022 δὲ
949 966 1216 1030 τοσαύτας
1247 965 1395 1035 ὧρας
1458 963 1554 1017 καὶ
1608 962 1787 1031 μόνον,

211 1067 344 1128 ὅσας
373 1065 402 1116 ὁ
438 1063 642 1135 Κύριος
663 1065 721 1117 ἐν
776 1061 854 1132 τῷ
887 1059 1033 1132 ξύλῳ
1059 1057 1155 1113 τοῦ
1203 1054 1435 1129 σταυροῦ
1470 1053 1788 1124 πεποίηκεν,

210 1160 350 1230 ὅπερ
379 1150 533 1228 οἶμαι
564 1156 924 1229 ἀληθέστερον
962 1151 1132 1209 εἶναι’
1168 1152 1344 1224 ἐτεροι
1391 1149 1449 1203 δέ
1491 1147 1647 1202 ἐννέα
1696 1146 1793 1200 καὶ

215 1251 377 1322 μόνον
401 1250 551 1321 ὥρας
584 1250 826 1320 ποιῆσαι.

297 1341 494 1413 Ἐρώτ.
523 1348 585 1394 ν’.
619 1340 727 1411 (78)
759 1340 824 1392 Τί
857 1338 915 1392 δὲ
942 1331 1011 1410 ἦν
1044 1336 1153 1409 ἄρα
1183 1335 1244 1389 τὸ
1275 1333 1451 1399 ξύλον,
1497 1331 1556 1399 ἐξ
1585 1324 1646 1386 οὗ
1702 1329 1795 1384 τὸν

213 1432 431 1503 καρπὸν
460 1431 660 1501 ἔφαγεν
682 1433 712 1484 ὁ
756 1430 960 1500 Ἀδάμ;
1376 1436 1377 1439 ‘

300 1524 493 1577 ’Δπόκ.
533 1523 669 1578 Οὐδὲ
722 1523 779 1575 ἐν
828 1522 1011 1591 τούτῳ
1068 1517 1373 1591 συμφώνως
1427 1517 1712 1590 εἰρήκασιν
1748 1515 1797 1567 oi

215 1617 493 1687 Πατέρες·
565 1614 660 1668 καὶ
706 1614 948 1677 δικαίως.
981 1613 1156 1682 Ὅπερ
1204 1610 1313 1681 γὰρ
1358 1611 1391 1680 ἡ
1433 1609 1551 1662 θεία
1608 1605 1798 1678 Γραφή

217 1710 486 1773 ἑκουσίως
507 1706 843 1779 ἀπέκρυψεν,
876 1705 1048 1769 οὐδεὶς
1081 1704 1223 1758 κατὰ
1278 1702 1566 1772 ἀκρίϐειαν
1626 1701 1799 1752 είπεῖν

1884 508 2461 571 minisaseenderunt,
2492 503 2648 559 valde
2683 499 2908 557 inferior
2935 503 2991 552 et
3009 505 3094 551 est
3119 500 3173 549 et
3194 490 3452 547 creditur.

1956 606 2181 672 Qu-aas'r.
2242 601 2430 657 XLIX.
2480 600 2755 667 Quantum
2807 594 3070 666 temporis
3106 591 3163 645 in
3204 585 3458 660 paradiso

1885 699 2089 755 mansit
2115 696 2322 752 Adam?

1957 789 2122 844 Rssr.
2164 787 2296 843 Rem
2325 784 2393 841 de
2418 797 2526 855 qua
2569 795 2678 836 non
2712 776 3062 834 consentiunt
3110 772 3302 839 Patres
3329 780 3462 838 pro-

1888 883 2067 954 ponis.
2102 880 2208 935 Alii
2233 878 2380 935 enim
2414 892 2509 933 sex
2538 888 2780 936 menses,
2823 869 2915 924 alii
2942 866 3149 923 diutius
3192 860 3461 917 mansisse

1888 949 2224 1037 existimant,
2260 970 2350 1025 alii
2373 976 2455 1023 tot
2481 968 2645 1022 horas
2672 966 2797 1037 (nec
2833 958 3090 1031 amplius)
3120 961 3247 1027 quot
3277 949 3462 1006 Domi-

1889 1085 1995 1124 nus
2040 1068 2098 1122 in
2142 1066 2291 1137 ligno
2333 1061 2516 1117 crucis
2553 1058 2775 1121 mansit,
2820 1053 2965 1125 quod
3004 1049 3242 1105 arbitror
3279 1043 3463 1100 verius

1892 1174 2039 1217 esse.
2065 1159 2135 1213 At
2166 1157 2260 1211 alii
2285 1168 2418 1211 vero
2449 1166 2641 1208 novem
2668 1153 2880 1203 tantum
2912 1145 3098 1199 horas.

1963 1311 2187 1378 Qumsr.
2256 1308 2321 1365 L.
2378 1303 2550 1372 Quale
2604 1301 2813 1371 lignum
2874 1296 3001 1363 fuit,
3056 1293 3214 1365 cujus
3257 1289 3469 1345 fructus

1894 1404 2139 1459 Adamus
2170 1399 2443 1456 comedit?

1964 1493 2128 1549 Rssr.
2160 1491 2271 1546 Nec
2299 1490 2402 1544 hac
2444 1489 2501 1543 in
2525 1491 2593 1543 're
2631 1480 2980 1541 consentiunt
3020 1476 3230 1541 Patres,
3274 1478 3329 1527 et
3356 1483 3472 1525 me—

1895 1586 2022 1643 rito.
2054 1581 2211 1649 Quod
2237 1582 2380 1636 enim
2411 1578 2593 1634 divina
2624 1576 2910 1646 Scriptura
2941 1577 3132 1640 sponte
3159 1560 3471 1624 occultavit,

1897 1692 2058 1734 nemo
2088 1674 2357 1745 exquisite
2382 1670 2557 1743 potuit
2588 1670 2787 1725 dicere.
2822 1664 2974 1719 Unde
2990 1660 3080 1716 alii
3111 1660 3272 1713 ticum
3304 1653 3476 1707 fuisse

222 1744 483 1773 ubvvvsua.
507 1744 843 1779 υι-ιυςοιιιυνγειγ,
877 1744 1046 1769 νψνονπ,
1083 1744 1223 1758 σενι-υ.
1278 1744 1561 1772 ..ηις-ν-η..
1626 1744 1791 1752 -.η---

222 1804 465 1874 ίσχυσεν.
495 1801 658 1854 Ὅθεν
677 1802 727 1854 oi
756 1800 857 1870 μὲν
892 1799 1055 1853 σῦκον
1083 1792 1223 1851 εἷναί
1253 1813 1387 1865 φασι
1428 1794 1521 1848 τὸν
1568 1792 1797 1863 καρπὸν,

1939 1770 2054 1824 lum
2088 1744 2326 1821 fructum
2366 1769 2558 1835 putant
2587 1781 2601 1816 :
2626 1760 2717 1815 alii
2739 1758 2977 1815 fructum
2990 1750 3285 1825 spiritalem
3315 1744 3473 1815 (78‘),

1940 1860 1993 1874 ...
2026 1858 2067 1874 ,π
2113 1872 2140 1874 ,κ
2191 1853 2694 1874 ,,κ,.,φ-..1ᾼ.ε,-,...
2751 1846 3037 1874 κηφηιιιι.
3071 1843 3231 1874 Alium
3261 1837 3473 1874 vidntur

220 1896 375 1950 ἄλλοι
399 1894 457 1948 δὲ
489 1892 587 1964 τὴν
612 1893 709 1963 τῆς
742 1892 888 1956 Εὔας
918 1891 1173 1962 θεωρίαν.
1201 1890 1357 1941 Δοκεῖ
1384 1887 1440 1940 δέ
1479 1903 1589 1940 τισι
1632 1883 1804 1955 μηδα-

227 1984 348 2055 μῶς
380 1982 716 2054 βεϐρωκέναι
744 1982 838 2035 τὸν
875 1981 1047 2050 Ἀδὰμ
1076 1981 1134 2033 ἐν
1162 1978 1239 2049 τῷ
1275 1975 1610 2048 παραδείσῳ.
1647 1975 1807 2036 Ἴσως

220 2077 281 2129 δὲ
313 2078 343 2129 6
366 2075 584 2146 πρῶτος
610 2073 967 2143 ἀληθέστερος
994 2071 1253 2141 ὑπάρχει,
1294 2070 1322 2121 ὁ
1349 2068 1443 2121 τοῦ
1480 2067 1669 2130 σύκου,
1694 2063 1805 2135 (79)

226 2169 316 2221 διὰ
344 2168 405 2219 τὸ
437 2170 549 2229 τοῖς
573 2165 789 2235 φύλλοις
815 2161 977 2217 αὐτοῦ
1003 2165 1084 2226 είς
1119 2161 1326 2231 σκέπην
1348 2157 1656 2231 χρήσασθαι
1683 2155 1809 2217 τοὺς

228 2256 605 2330 προπάτορας,
632 2257 727 2310 καὶ
749 2254 837 2309 διὰ
861 2254 923 2307 τὸ
941 2253 1040 2325 τὴν
1070 2252 1239 2322 συκῆν
1269 2251 1491 2323 ὕστερον
1521 2248 1625 2302 ὑπὸ
1672 2248 1808 2319 Χρι-

230 2348 363 2401 στοῦ
421 2347 836 2417 καταραθεῖσαν.
885 2346 975 2414 ('0
1019 2343 1077 2396 δέ
1125 2345 1183 2396 ἐν
1232 2342 1407 2411 ἁγίοις
1462 2341 1728 2408 Ἰσίδωρος
1781 2338 1811 2389 6

229 2435 620 2509 Πηλουσιώτης
641 2437 697 2489 ἐν
724 2438 792 2506 τῇ
816 2434 1153 2502 πεντηκοστῇ
1176 2427 1338 2484 αὑτοῦ
1367 2426 1557 2500 πρώτῃ
1593 2428 1811 2479 ἐπιστο-

230 2530 300 2601 λῇ
332 2546 519 2600 φησιν,
550 2529 633 2581 ὅτι
655 2526 816 2580 σῦκον
838 2520 927 2597 ἦν,
961 2524 1021 2591 ἐξ
1044 2514 1105 2576 οὗ
1137 2520 1558 2592 οἱοπροπάτορες
1610 2517 1813 2587 ἔφαγον

233 2620 479 2691 καρπόν’
531 2618 628 2671 καὶ
670 2618 751 2670 ὅτι
789 2616 895 2671 άπὸ
948 2614 1192 2687 ἀρχαίων
1240 2611 1513 2686 γερόντων
1566 2606 1812 2679 ἐγνώσθη

231 2710 385 2781 αὐτῷ
407 2709 611 2779 τοῦτο.)

325 2800 518 2872 Ἐρώτ.
562 2806 664 2855 να’.
716 2800 828 2853 Καὶ
879 2800 929 2853 εί
968 2798 1043 2871 μὴ
1097 2797 1308 2870 παρέϐη
1360 2798 1389 2851 6
1436 2794 1639 2865 Ἀδὰμ,
1698 2789 1817 2854 πῶς

236 2893 465 2965 ἔμελλεν
495 2890 797 2961 γενέσθαιὸ
846 2888 960 2961 βίος
999 2887 1108 2943 τῶν
1130 2885 1445 2962 ἀνθρώπων
1464 2885 1557 2938 καὶ
1586 2883 1647 2936 τὸ
1680 2881 1818 2951 πλῆο

239 2985 368 3051 θος;

340 3075 517 3130 Απόκ.
556 3073 815 3129 Ἦδύνατο
840 3071 1043 3143 ὁλλόγῳ
1073 3069 1480 3141 συστησάμενος
1516 3066 1579 3120 τὸ
1615 3064 1820 3137 πλῆθος

1905 1860 1997 1915 alii
2026 1858 2152 1913 Eva:
2180 1846 3041 1925 contemplationem.Nonnullis
3070 1843 3234 1898 etiam
3261 1837 3477 1893 videtur

1904 1949 2043 2007 nihil
2074 1950 2130 2004 in
2164 1946 2423 2020 paradiso
2445 1943 2751 2001 comedisse
2781 1939 3048 1997 Adamus.
3099 1932 3264 1987 Forte
3294 1935 3478 1981 tamen

1904 2044 2088 2100 verior
2113 2049 2197 2097 est
2226 2041 2405 2112 prima
2435 2036 2704 2094 sententia
2732 2047 2853 2104 quae
2880 2030 3043 2085 ficum
3074 2025 3246 2081 fuisse
3290 2019 3482 2075 defen-

1908 2134 2010 2199 dit,
2048 2132 2177 2203 quia
2204 2129 2418 2186 scilicet
2442 2127 2609 2197 hujus
2638 2122 2785 2178 foliis
2819 2119 2905 2175 usi
2936 2123 3062 2175 sunt
3092 2113 3254 2186 primi
3284 2123 3482 2181 paren-

1908 2233 1993 2282 tes
2024 2198 2092 2279 ad
2121 2238 2181 2279 se
2210 2219 2522 2292 tegendum,
2556 2224 2610 2271 et
2639 2213 2785 2285 quod
2812 2216 3001 2283 postea
3039 2206 3173 2261 licus
3202 2218 3233 2256 a
3264 2198 3484 2255 Christo

1910 2316 2197 2373 maledicta
2228 2289 2408 2368 fuerit.
2440 2309 2698 2383 (Sanctus
2715 2309 2907 2359 autem
2940 2298 3183 2356 Isidorus
3210 2289 3485 2348 Pelusiota

1911 2411 1969 2466 in
1998 2381 2460 2480 quinquagesima
2480 2400 2658 2473 prima
2704 2394 2879 2467 ipsius
2915 2388 3168 2463 epistola,
3196 2385 3273 2439 ait
3321 2381 3486 2435 ﬁcum

1912 2504 2101 2567 fuisse,
2129 2499 2289 2571 cujus
2333 2497 2569 2551 fructum
2599 2489 2759 2563 primi
2804 2490 3056 2558 parentes
3108 2475 3485 2534 comederunt,

1915 2593 2172 2668 quodque
2199 2569 2255 2646 id
2284 2588 2352 2644 ab
2382 2584 2630 2656 antiquis.
2649 2579 2869 2639 senibus
2894 2569 3206 2640 audiverit.)

1989 2800 2211 2867 Qums'r.
2230 2796 2314 2852 LI.
2343 2793 2515 2849 Porro
2542 2789 2589 2845 si
2609 2785 2779 2842 Adam
2794 2796 2904 2837 non
2917 2772 3302 2849 praevaricatus
3322 2768 3494 2825 esset,

1919 2855 2108 2967 quales
2137 2855 2377 2947 debebat
2419 2899 2541 2943 esse
2586 2879 2871 2938 hominum
2918 2872 3030 2927 vita
3063 2875 3118 2924 et
3158 2855 3499 2919 multitudo?

1989 3069 2153 3126 Resp.
2204 3065 2433 3122 Poterat
2506 3059 2672 3124 Deus,
2720 3053 2816 3126 qui
2877 3048 3045 3106 verbo
3094 3036 3498 3098 multitudinem

237 3168 352 3222 τῶν
380 3166 648 3235 ἀγγέλων,
687 3163 851 3235 τιμίῳ
876 3131 984 3217 τινί
1014 3131 1109 3217 καὶ
1152 3131 1377 3233 καθαρῷ
1407 3160 1596 3232 τρόπῳ
1621 3131 1820 3228 συστή-

1939 3162 2247 3235 angelorum
2298 3162 2603 3216 creaverat,
2654 3142 2966 3204 venerando
2998 3135 3232 3211 quodam
3276 3138 3331 3187 et
3359 3144 3500 3201 puro

241 3258 448 3314 σασθαι
484 3255 689 3326 πλῆθος
720 3255 912 3325 γένους
967 3253 1291 3325 ἀνθρώπων.
1343 3252 1499 3314 Τινὲς
1545 3249 1603 3303 δέ
1636 3264 1819 3317 φασιν,

241 3354 351 3415 ὅτι,
380 3350 476 3404 τοῦ
510 3347 642 3403 Θεοῦ
669 3348 834 3420 ἄρσεν
860 3347 953 3401 καὶ
1009 3345 1141 3417 θῆλυ
1184 3345 1532 3415 ποιήσαντος,
1582 3340 1822 3412 εύδηλον,

242 3443 327 3496 ὅτι
348 3442 435 3496 διὰ
464 3437 859 3512 σπερμογονίας
888 3435 1152 3508 ἐϐουλήθη
1184 3437 1213 3488 ὁ
1246 3433 1377 3496 Θεὸς
1411 3431 1473 3485 τὸ
1521 3430 1676 3500 γένος
1715 3429 1825 3483 τῶν

244 3531 550 3604 ἀνθρώπων
583 3526 972 3599 συστήσασθαι.
999 3526 1188 3596 Ὅμως
1217 3522 1273 3575 δέ
1295 3521 1403 3581 ,οὐκ
1453 3519 1715 3591 ἠϐούλετο
1740 3517 1827 3573 διὰ

248 3621 555 3695 παρακοῆς,
574 3618 715 3681 ,ἀλλὰ
747 3616 882 3688 μετὰ
909 3616 1074 3686 τιμῆς
1110 3611 1360 3682 γενέσθαι
1385 3609 1564 3664 τοῦτοί

335 3712 532 3784 Ἑρώτ.
562 3710 661 3763 νϐ’.
691 3709 789 3762 Διὰ
815 3708 869 3761 τί
893 3707 951 3760 δέ
977 3708 1044 3778 τῇ
1075 3706 1281 3777 ἐϐδόμῃ
1306 3702 1491 3777 ἡμέρᾳ
1514 3703 1543 3756 6
1572 3699 1705 3764 Θεὸς
1729 3696 1828 3770 τὴν

251 3807 432 3861 κτίσιν
466 3802 710 3861 ἐτέλεσεν
730 3817 744 3867 ;

336 3893 529 3948 Ἀπόκ.
595 3892 683 3944 Ἑν
724 3888 802 3960 τῷ
849 3884 1068 3960 ἀριθμῷ
1115 3884 1215 3956 τὴν
1262 3881 1461 3936 δεκάδα
1506 3878 1830 3951 εὑρίσκομεν

257 3988 533 4057 πλήρωμα
562 3979 760 4043 παντὸς
784 3976 1039 4050 ἀριθμοῦ.
1083 3974 1209 4029 Ἐὰν
1250 3973 1357 4045 γὰρ
1384 3972 1461 4034 είς
1500 3970 1597 4041 τὴν
1633 3968 1831 4023 δεκάδα

257 4077 593 4149 καταλάϐῃς,
620 4074 777 4128 πάλιν
815 4071 1016 4133 εὐθέως
1044 4070 1123 4132 εἰς
1161 4066 1261 4138 τὴν
1317 4063 1517 4136 μονάδα
1574 4060 1833 4131 ὑποστρέ-

259 4189 402 4241 φεις.
477 4167 647 4220 Ἑπτὰ
694 4158 787 4218 οὖν
848 4163 943 4215 καὶ
997 4162 1145 4232 τρεῖς
1196 4160 1343 4210 ἐστιν
1394 4157 1423 4209 6
1464 4153 1832 4225 πληρέστατος

260 4260 513 4333 ἀριθμός.
538 4258 650 4315 Καὶ
671 4254 859 4309 τούτου
889 4251 1049 4325 χάριν
1079 4251 1134 4306 αἱ
1158 4248 1300 4305 ἐπτά
1322 4247 1426 4300 εἰσι
1448 4248 1546 4317 τῆς
1574 4243 1829 4306 κτίσεως’

262 4357 295 4424 ή
316 4354 372 4406 δὲ
400 4352 549 4420 ἁγία,
569 4347 737 4420 Τριὰς
768 4346 1040 4407 άκτιστος.

1928 3254 2092 3310 modo
2120 3248 2524 3307 multitudinem
2551 3238 2775 3298 humani
2796 3232 3010 3309 generis
3030 3242 3239 3285 creare.
3269 3221 3499 3290 Quidam

1933 3362 2066 3404 vero
2095 3346 2271 3407 aiunt,
2297 3356 2422 3397 cum
2458 3339 2600 3392 Deus
2624 3330 2899 3388 hominem
2928 3320 3232 3380 masculum
3262 3325 3316 3371 et
3342 3310 3499 3368 femi-

1930 3455 2057 3497 nam
2081 3435 2289 3500 fecerit,
2316 3431 2442 3488 inde
2470 3430 2681 3484 clarum
2702 3437 2827 3479 esse
2845 3420 3017 3474 Deum
3047 3412 3289 3470 voluisse
3328 3405 3504 3461 homi-

1931 3544 2062 3585 num
2086 3540 2257 3597 genus
2273 3519 2623 3594 generatione
2647 3523 2957 3586 procreare.
2980 3507 3233 3560 Attamen
3254 3498 3310 3554 id
3330 3495 3507 3552 noluit

1933 3635 2031 3692 per
2062 3613 2489 3673 inobedientiam
2522 3609 2657 3673 ﬁeri,
2685 3604 2782 3661 sed
2809 3615 2933 3657 cum
2962 3600 3188 3652 honore.

2009 3710 2231 3778 Quass'r.
2274 3704 2384 3760 LII.
2430 3701 2612 3768 Quare
2634 3698 2721 3754 die
2749 3693 2979 3765 septima
3003 3688 3149 3744 Deus
3176 3681 3504 3741 creationem

1935 3805 2166 3880 perfecit
2188 3803 2211 3856 *Ι

2003 3896 2167 3952 Rssr.
2197 3893 2343 3948 Inter
2364 3900 2623 3945 numeros
2668 3880 2954 3940 denarium
2982 3886 3272 3930 numerum
3297 3867 3510 3939 reperi-

1938 4004 2060 4044 mus
2089 4000 2213 4042 esse
2269 3982 2449 4038 omnis
2482 3976 2695 4034 numeri
2737 3970 3217 4040 complementum.
3264 3960 3322 4015 Si
3361 3958 3508 4014 enim

1939 4080 2008 4135 ad
2036 4077 2322 4135 denarium
2346 4085 2632 4128 numerum
2667 4062 2973 4123 deveneris,
3008 4056 3194 4114 statim
3225 4064 3420 4106 rursus
3455 4047 3513 4100 in

1938 4173 2201 4230 unitatem
2232 4167 2399 4222 redis.
2450 4163 2639 4233 Itaque
2664 4154 3004 4229 septenarius
3032 4156 3086 4205 et
3104 4155 3295 4202 ternus
3323 4155 3514 4197 nume-

1940 4279 2059 4331 rus,
2122 4255 2556 4331 perfectissimus
2584 4255 2700 4322 (est.
2761 4244 2971 4299 Idcirco
3036 4234 3378 4308 septenarius
3430 4238 3517 4287 est

1941 4353 2256 4414 creationis.
2288 4350 2357 4405 At
2391 4354 2578 4404 sancta
2602 4340 2845 4397 Trinitas
2867 4344 2952 4391 est
2984 4334 3244 4388 increata.

342 4414 536 4515 ‘Epd'n.
552 4414 631 4508 v1;
639 4480 651 4493 .
668 4437 842 4509 Πολλή
867 4453 950 4498 τις
976 4431 1128 4505 παρὰ
1161 4431 1273 4485 τῶν
1296 4429 1512 4485 πολλῶν,
1532 4426 1820 4495 καθέστηκε

1996 4445 2160 4517 229
2172 4443 2389 4509 Qus-:51.
2408 4432 2713 4492 LllI.Valde
2730 4430 2872 4484 inter
2890 4424 3093 4481 multos
3107 4418 3334 4491 quaestio
3351 4414 3520 4486 agita-

266 4551 513 4606 ngqmg,
542 4531 662 4585 τίνα
689 4529 776 4585 δεῖ
791 4524 1207 4598 προτάττεσθαι,
1236 4522 1378 4591 λέγω
1407 4520 1470 4591 δὴ
1500 4520 1601 4592 τὴν
1628 4516 1820 4589 ἡμέραπ

1946 4516 2061 4604 tur,
2084 4547 2376 4608 quemnam
2403 4530 2587 4600 priore
2609 4525 2730 4579 loco
2750 4520 3020 4577 collocare
3036 4517 3306 4585 oporteat,
3331 4520 3523 4575 nempe

268 4625 372 4697 πρὸ
404 4621 737 4694 τῆςνυκτὸς,
773 4619 926 4690 ἢτὴν
954 4615 1124 4671 νύκτα
1164 4614 1268 4686 πρὸ
1298 4614 1396 4685 τῆς
1435 4611 1679 4683 ἡμέρας;
1720 4607 1846 4661 Ἐὰν

270 4720 375 4788 γὰρ
409 4715 650 4785 είπωμεν
683 4712 779 4782 τὴν
822 4709 1036 4781 ἡμέραν
1086 4703 1439 4779 προτερεύειν
1468 4743 1485 4770 ,
1537 4701 1849 4772 εὑρίσκεται

269 4805 453 4859 λοιπὸν
491 4804 521 4857 ὁ
564 4800 797 4874 Χριστὸς
818 4800 876 4851 ἐν
911 4797 1166 4866 σαϐϐάτῳ
1197 4792 1452 4857 ἀναστάς.
1500 4791 1565 4845 Ἦ
1597 4790 1707 4861 γὰρ
1753 4790 1850 4855 νὺξ

274 4898 454 4966 ἐκείνη
486 4892 582 4948 τοῦ
607 4891 877 4946 σαϐϐάτου
902 4884 990 4961 ἦν,
1014 4887 1157 4942 κατὰ
1174 4886 1264 4941 τὸν
1282 4884 1440 4955 λόγον
1467 4882 1713 4947 Μωσέως
1753 4881 1849 4935 τοῦ

278 4985 634 5059 συγγραφέως
662 4983 761 5053 τῆς
790 4977 1170 5051 κοσμοποιίας.

358 5078 547 5133 Ἀπὸκ.
584 5075 743 5130 Κατὰ
774 5073 872 5143 μὲν
899 5070 987 5125 τὸν
1021 5068 1221 5122 σκοπὸν
1245 5067 1339 5121 καὶ
1369 5065 1526 5135 λόγον
1556 5062 1648 5117 τὸν
1672 5059 1855 5129 λέγον-

279 5191 363 5237 τα,
388 5173 471 5224 ὅτι
504 5166 653 5223 εἴπεν
678 5168 707 5220 ὁ
731 5165 862 5228 Θεὸς
891 5162 997 5234 πρὸ
1026 5162 1262 5224 πάντων,
1308 5176 1327 5209 ι
1349 5155 1639 5227 Γενηθήτω
1668 5150 1802 5222 φῶς,
1829 5168 1849 5200 ι

283 5262 570 5337 πρόδηλον,
608 5262 689 5314 ὅτι
723 5259 758 5329 ἡ
784 5256 967 5329 ἡμέρα
1009 5249 1329 5326 προτερεύει
1363 5247 1472 5321 (80)
1498 5247 1598 5317 τῆς
1639 5243 1852 5306 νυκτός.

355 5431 469 5502 (777)
510 5429 638 5502 Haec
671 5426 902 5502 quaestio
930 5423 1166 5481 deestin
1204 5421 1361 5494 prius
1388 5418 1579 5486 editis;
1604 5416 1700 5473 sed
1727 5415 1860 5485 legi-

286 5499 378 5556 tur
407 5501 463 5554 in
500 5499 824 5556 quibusdam
856 5511 989 5550 mss.

362 5571 475 5643 (78)

294 5640 484 5695 Cenes.

364 5692 499 5781 (ξεῖ)
534 5711 810 5781 Interpres
842 5704 1059 5781 videtur
1089 5701 1289 5781 legisse
1325 5716 1344 5781 ξ
1377 5697 1525 5781 ἄλλοι
1556 5696 1613 5749 δὲ
1646 5692 1862 5781 καρπὸν

296 5766 843 5845 πνευματικόνξιιυεε
890 5775 1088 5831 desunt
1129 5766 1186 5827 in
1240 5777 1390 5827 textu
1436 5768 1643 5824 Graeco.
1701 5766 1864 5824 Eot'r.

1947 4631 2092 4685 diem
2118 4634 2243 4682 ante
2267 4628 2509 4685 noctem,
2555 4623 2650 4671 aut
2681 4620 2897 4669 noctem
2917 4616 3042 4664 ante
3072 4605 3258 4663 diem?
3302 4602 3438 4656 Nam
3476 4600 3523 4655 si

1950 4718 2186 4775 dicimus
2212 4714 2354 4771 diem
2378 4710 2585 4783 primas
2610 4718 2903 4775 occupare,
2939 4699 3241 4771 reperietur
3270 4693 3524 4749 Christus

1952 4809 2180 4868 sabbato
2225 4802 2613 4861 resurrexisse.
2664 4795 2785 4851 Nox
2826 4793 2972 4850 enim
3014 4792 3107 4846 illa
3154 4786 3366 4845 sabbati
3409 4793 3516 4848 est,

1947 4903 2105 4974 juxta
2124 4901 2290 4957 verba
2312 4894 2523 4968 Moysis
2534 4887 2825 4948 ereationis
2852 4884 3039 4941 mundi
3065 4880 3367 4950 scriptoris.

2023 5059 2189 5114 Rssr.
2218 5053 2488 5122 Exrscopo
2517 5055 2573 5103 et
2608 5044 2791 5101 verbis
2823 5040 3024 5112 quibus
3066 5040 3324 5091 narratur
3357 5030 3526 5084 Deum

1958 5158 2082 5207 ante
2115 5147 2297 5203 omnia
2327 5143 2555 5207 dixisse,
2585 5155 2604 5190 ι
2640 5135 2761 5192 Fiat
2786 5135 2904 5196 lux,
2950 5149 2969 5182 ι
3011 5126 3364 5199 perspicuum
3407 5128 3527 5183 est,

1956 5245 2100 5301 diem
2133 5248 2261 5299 ante
2291 5243 2507 5296 noctem
2540 5245 2680 5289 esse.
2705 5226 2843 5282 Nam
2862 5225 3099 5280 tenebrae
3130 5218 3255 5282 illa,
3285 5228 3407 5286 quae
3433 5228 3529 5268 su-

2028 5414 2153 5488 m)-
2182 5411 2309 5466 Haec
2334 5409 2592 5488 θάιιηριη
2610 5390 3528 5488 "SqueresrPnerli615.5%?

1961 5461 2449 5553 όεέιιώρῖίίηείιῆιξ
2491 5477 2622 5553 Quae
2667 5461 2833 5553 porro
2880 5461 2947 5524 de
2981 5465 3191 5553 Isidpro
3247 5461 3529 5520 dicuntur,

563 5534 824 5555 ιιυυῠυαιιι
856 5534 989 5550 ιιιοῡο
2070 5534 2095 5537 -
2138 5534 2149 5535 γ

563 5570 655 5625 uie
703 5566 900 5626 similis
932 5571 1018 5622 est
1056 5561 1289 5635 quaestio
1329 5557 1401 5613 Q6
1445 5555 1772 5613 Theodoreti
1804 5555 1862 5608 in
1962 5534 2249 5610 noluimus
2286 5534 2319 5603 a
2361 5534 2575 5602 caneris
2621 5534 2908 5635 seiungere
2953 5545 3009 5593 et
3046 5535 3128 5635 adI
3152 5534 3320 5587 imum
3372 5542 3535 5597 repo-

2231 5622 2244 5635 I
2370 5619 2402 5635 ,'
2428 5618 2494 5635 ,'_
2529 5617 2615 5635 Qu-
2644 5613 2851 5635 ---ἒ-...ιι-
2903 5622 3027 5635 νισι-νη
3064 5622 3109 5635 Α,
3381 5605 3529 5635 cnnL

1963 5640 2115 5686 nere,
2152 5602 2248 5676 sed
2281 5602 2497 5674 uncinis
2529 5602 2876 5686 inclusimus,
2903 5602 3343 5686 namgadjcctitia
3381 5605 3531 5653 sunt.

2178 5689 2320 5761 ﬂag.
2357 5688 2412 5755 2,
2444 5683 2734 5758 πρωτεύει,
2768 5681 2857 5736 hic
2885 5688 2938 5736 ει
2969 5676 3134 5732 infra.
