3852 6192
357 277 451 332 631

1523 276 1579 332 S.
1620 275 2082 332 ATHANASIUS.
2121 307 2192 318 -—
2231 275 2502 332 SPURIA.

3501 273 3613 328 659.

356 407 452 462 pra
482 393 740 461 abyssum
773 398 950 455 erant,
987 407 1092 447 nox
1142 393 1384 448 nondum
1423 395 1706 464 appellata
1745 401 1924 456 erant,

2052 393 2102 445 [‘6
2129 392 2236 463 γὰρ
2262 391 2451 454 σκότος
2483 391 2658 443 ὲκείνο
2686 387 2747 442 τὸ
2761 386 2946 440 ἐπάνω
2968 385 3070 457 τῆς
3101 381 3338 441 ἀϐύσσου
3359 384 3512 440 οὔπω
3536 384 3612 458 ἦν

355 497 457 538 nec
487 497 516 536 a
545 483 674 537 luna
695 490 751 539 et
781 483 1055 552 sideribus
1084 484 1442 540 duodecimve
1466 486 1616 540 horis
1643 485 1923 541 dimensa.

355 573 509 628 Haud
547 574 710 629 dubie
747 571 880 644 ergo
911 574 1002 628 lux
1030 575 1286 630 tenebras
1313 575 1604 630 antecedit.
1639 574 1930 630 Verumta-

356 679 479 719 men
510 680 578 720 ne
608 665 822 735 possint
860 663 1030 720 Judaei
1071 666 1230 721 nobis
1263 666 1444 721 dicere
1473 666 1751 722 Christum
1787 665 1926 722 Sab-

355 757 486 810 bato
515 759 888 813 resurrexisse
929 776 941 811 :
978 757 1185 812 idcirco
1225 771 1414 812 eorum
1452 773 1548 812 ora
1578 758 1732 828 prius
1764 758 1926 813 obtu-

355 847 518 913 ravit,
550 848 669 919 lege
696 849 807 905 illis
837 849 965 904 data
989 857 1048 904 ut
1084 865 1114 902 a
1144 863 1372 919 vespera
1409 849 1554 904 diem
1591 848 1812 904 Sabbati
1843 849 1928 904 in-

356 941 620 996 choareut

432 1116 658 1184 ngsr.
684 1118 816 1173 LIV.
849 1119 961 1174 Cur
998 1134 1130 1189 ergo
1161 1134 1280 1174 eam
1323 1119 1394 1175 ob
1435 1135 1550 1175 rem
1590 1119 1752 1173 nobis
1781 1117 1926 1176 Deus

353 1209 521 1279 jussit
549 1210 886 1265 Dominicam
913 1227 942 1264 a
965 1226 1191 1280 vespera
1223 1209 1436 1266 sabbati
1481 1211 1684 1266 ordiri?

424 1388 584 1446 Rssr.
619 1389 737 1444 Non
762 1404 880 1444 eam
912 1378 990 1448 ob.
1009 1405 1123 1446 rem
1155 1407 1170 1445 :
1201 1390 1296 1444 sed
1321 1391 1448 1460 quia
1476 1389 1618 1446 Deus
1649 1397 1838 1460 gentes
1858 1406 1926 1445 ex

355 1480 676 1550 ignorantiae
708 1478 952 1535 tenebris
981 1491 1036 1535 et
1060 1495 1125 1535 ex
1158 1481 1349 1536 umbra
1382 1481 1514 1550 legis
1543 1482 1596 1534 in
1633 1480 1808 1536 lucem
1832 1495 1927 1534 co-

355 1569 616 1637 gnitionis
647 1569 744 1624 Dei
769 1577 824 1626 et
845 1569 1121 1642 Evangelii
1151 1572 1388 1626 vocavit.
1424 1570 1728 1624 Admodum
1761 1569 1927 1640 igitur

353 1667 722 1730 congruenter
773 1675 886 1716 suae
936 1660 1360 1716 resurrectionis
1408 1659 1550 1714 diem
1619 1672 1650 1712 a
1697 1674 1925 1729 vespera

2025 480 2327 552 ὀνομασθὲν
2362 479 2479 545 νὺξ,
2517 479 2643 533 οὔτε
2675 478 2780 532 ὑπὸ
2813 477 3044 550 σελήνης
3073 477 3168 530 καὶ
3213 476 3476 548 ἀστέρων,
3511 478 3611 532 καὶ

2024 572 2233 628 δώδεκα
2257 571 2415 644 ὡρῶν
2447 571 2834 644 μετρούμενον.
2862 569 3268 639 Ἀναμφιϐόλως
3291 565 3383 622 οὖν
3405 569 3466 622 τὸ
3491 569 3611 639 φῶς

2025 665 2344 737 προτερεύει
2374 664 2470 718 τοῦ
2507 664 2750 727 σκότους.
2783 663 2975 733 Ὅμως
3011 663 3098 715 ἵνα
3127 661 3201 732 μὴ
3241 661 3443 733 εὕρωσι
3471 661 3610 732 πρὸς
3636 655 3640 657 ’

2022 757 2174 827 ἡμᾶς
2195 755 2378 823 λέγειν
2404 753 2674 808 Ἰουδαίων
2699 753 2906 818 παῖδες,
2929 753 3010 807 ὅτι
3041 752 3098 805 ὲν
3121 751 3374 822 σαϐϐάτῳ
3405 752 3608 824 ἀνέστη

2021 848 2051 900 6
2106 846 2360 918 Χριστὸς,
2391 846 2581 899 τούτου
2633 845 2793 917 χάριν
2827 843 3290 916 προαπεφίμωσεν
3341 844 3543 906 αὐτοὺς
3577 844 3610 897 6

2023 936 2172 1000 Θεὸς,
2205 935 2569 1007 νομοθετήσας
2600 935 2695 988 καὶ
2729 934 2912 998 αὐτοῖς
2944 935 3037 1003 ἀφ’
3073 933 3311 1005 ἑσπέρας
3341 935 3610 1006 ἄρχεσθαι

2026 1030 2125 1100 τῆς
2157 1029 2370 1100 ἡμέρας
2394 1029 2490 1081 τοῦ
2519 1025 2789 1080 σαϐϐάτου
2817 1026 2924 1098 (81)

2106 1117 2299 1189 Ἐρώτ.
2329 1117 2420 1172 νϐ’.
2450 1117 2515 1170 Τί
2553 1111 2646 1169 οὖν
2677 1115 2868 1170 τούτου
2908 1116 3067 1188 χάριν
3115 1113 3212 1168 καὶ
3255 1115 3386 1185 ἡμῖν
3414 1115 3442 1167 6
3472 1115 3609 1178 Θεὸς

2025 1206 2358 1278 προσέταξεν
2402 1207 2496 1276 ἀφ’
2513 1205 2752 1276 ἑσπέρας
2802 1204 2897 1258 τοῦ
2948 1205 3215 1259 σαϐϐάτου
3261 1203 3610 1275 ἀπάρχεσθαι

2023 1299 2122 1368 τῆς
2149 1299 2434 1368 Κυριακῆς

2107 1387 2298 1440 Ἀπόκ.
2333 1387 2443 1458 (82)
2471 1387 2546 1440 Οὐ
2575 1387 2764 1441 τούτου
2805 1386 2997 1458 χάριν·
3046 1384 3161 1438 ἀλλ’
3197 1381 3384 1453 ἐπειδὴ
3409 1383 3438 1436 6
3472 1381 3609 1446 Θεὸς

2023 1477 2092 1530 τὰ
2123 1477 2250 1547 ἔθνη
2278 1479 2343 1531 ἐκ
2362 1477 2455 1530 τοῦ
2488 1479 2712 1543 σκότους
2741 1479 2842 1548 τῆς
2868 1476 3163 1546 ἀγνωσίας,
3190 1475 3285 1529 καὶ
3313 1473 3413 1542 τῆς
3447 1474 3609 1537 σκιᾶς

2023 1567 2115 1622 τοῦ
2143 1568 2308 1638 νόμου
2337 1569 2418 1632 εἰς
2448 1568 2508 1622 τὸ
2532 1568 2646 1638 φῶς
2665 1570 2764 1640 τῆς
2787 1566 3113 1637 θεογνωσίας
3133 1569 3229 1620 καὶ
3251 1564 3342 1619 τοῦ
3365 1565 3610 1634 Εὑαγγε-

2025 1658 2138 1713 λίου
2168 1659 2413 1713 ἐκάλεσε.
2469 1660 2794 1731 Πρεπόντως
2817 1660 2928 1730 ἄρα
2964 1661 3096 1729 ἡμῖν
3114 1659 3212 1728 τὴν
3234 1655 3609 1728 ἀναστάσιμον

351 1751 608 1822 praecepit
632 1751 878 1823 incipere
905 1759 961 1807 et
990 1751 1058 1806 ad
1081 1751 1257 1806 lucem
1285 1751 1556 1807 desinere.
1589 1749 1759 1806 Valde
1779 1751 1925 1806 enim

2052 1751 2192 1804 ιὺτοῦ
2218 1751 2428 1823 ἡμέραν
2456 1752 2550 1821 ἀφ’
2575 1751 2810 1823 ἑσπέρας
2835 1749 3098 1822 ἄρχεσθαι
3141 1749 3236 1803 καὶ
3265 1751 3343 1812 είς
3377 1749 3491 1819 φῶς
3518 1767 3609 1803 τε·-

352 1842 648 1898 dedecebat
677 1844 1010 1913 minimeque
1038 1843 1368 1898 conveniens
1397 1850 1538 1905 erat,
1568 1842 1686 1898 dies
1715 1841 1920 1899 Christi

351 1931 466 1985 veri
495 1931 719 1987 luminis
747 1947 778 1985 a
810 1935 933 1988 luce
963 1933 1205 2003 incipere
1239 1939 1293 1987 et
1347 1933 1404 1987 in
1435 1942 1651 1988 noctem
1681 1947 1746 1988 ac
1765 1940 1919 1988 tene-

351 2023 482 2078 bras
514 2022 787 2078 desinere.

423 2201 645 2268 Qua-:57.
681 2203 793 2258 LV.
827 2203 1007 2270 Quare
1042 2204 1296 2260 vicesima
1321 2207 1508 2276 quinta
1537 2207 1744 2262 mensis
1774 2206 1918 2263 Mar-

350 2291 434 2354 tii,
469 2300 527 2344 ut
547 2300 745 2346 vocant
779 2291 1032 2357 Romani,
1058 2293 1312 2349 Christus
1339 2294 1393 2348 in
1429 2302 1584 2348 utero
1601 2293 1838 2365 Virginis
1863 2295 1919 2348 in

351 2385 513 2440 terris
549 2385 847 2440 habitavit?

421 2477 584 2535 Rese.
617 2479 754 2546 Quia
795 2481 1008 2536 scilicet
1033 2480 1137 2536 hac
1180 2481 1299 2552 ipsa
1337 2480 1428 2536 die
1475 2479 1619 2538 Deus
1663 2481 1732 2536 ab
1763 2481 1918 2536 initio

352 2573 618 2627 Adamum
649 2573 927 2628 formavit.
953 2571 1108 2629 Unde
1151 2579 1204 2628 et
1238 2588 1426 2628 mense
1455 2574 1548 2628 illo
1593 2573 1818 2627 arbores
1866 2579 1920 2627 et

351 2667 550 2736 planta:
594 2679 784 2721 omnes
825 2681 927 2721 nec
955 2682 1064 2720 non
1094 2665 1349 2719 animalia
1375 2708 1390 2730 ,
1437 2665 1503 2718 ad
1555 2664 1828 2719 fructuum
1865 2670 1920 2720 et

351 2755 519 2824 prolis
547 2757 982 2826 procreationem
1017 2767 1423 2826 permoventur,
1445 2765 1705 2828 tanquam
1737 2774 1858 2829 quae
1888 2774 1919 2813 a

353 2847 461 2902 Deo
487 2855 620 2903 tunc
643 2850 903 2918 temporis
933 2849 1084 2905 fuere
1107 2859 1311 2906 creata.

421 2939 640 3006 Qwes'r.
687 2939 821 2994 LVI.
857 2939 1176 3010 Cujusmodi
1219 2949 1374 2997 erant
1426 2943 1667 3012 pelliceas
1698 2944 1918 3007 tunicae,

351 3045 488 3100 quas
521 3030 662 3086 Deus
693 3031 902 3086 Adamo
940 3039 994 3086 et
1017 3030 1142 3086 Eva:
1181 3031 1344 3088 fecit?

426 3122 586 3180 IlI-:sr.
638 3123 747 3179 Alii
787 3125 980 3180 volunt
1013 3139 1083 3179 ex
1128 3123 1278 3180 foliis
1329 3125 1589 3182 arborum
1639 3110 1994 3182 contextasc

352 3215 526 3271 fuisse
556 3235 570 3270 :
602 3215 694 3269 alii
725 3231 947 3271 carnem
983 3223 1227 3272 nostram
1251 3217 1353 3273 has
1373 3234 1497 3274 esse
1527 3221 1744 3274 tunicas
1767 3220 1923 3275 dixe-

353 3323 414 3361 re
444 3325 458 3362 :
485 3305 608 3362 aliis
632 3314 814 3362 autem
837 3308 1014 3362 visum
1051 3315 1154 3371 est,
1200 3310 1292 3378 qui
1335 3318 1390 3364 et
1429 3311 1613 3367 verius
1652 3312 1920 3378 sentiunt,

354 3413 541 3454 revera
563 3399 819 3469 pelliceas
837 3398 1011 3456 fuisse
1031 3400 1245 3455 illorum
1280 3402 1518 3460 tunicas.

425 3578 644 3644 Qusr.
669 3577 831 3633 LVII.
867 3579 1001 3633 Cum
1031 3579 1214 3636 nullus
1251 3579 1534 3637 hominum
1557 3590 1804 3639 mortuus
1833 3598 1923 3639 es-

357 3680 460 3734 set,
486 3669 760 3726 undenam
793 3669 998 3727 Cainus
1031 3670 1218 3726 didicit
1245 3672 1466 3729 Abelem
1496 3674 1788 3730 occidere?

427 3761 587 3817 lisse.
624 3762 886 3818 Diabolus
916 3763 1020 3834 ipsi
1044 3766 1099 3820 in
1125 3767 1333 3824 somnis
1363 3767 1625 3832 ostendit,
1653 3765 1926 3838 quomodo

357 3853 580 3908 fratrem
605 3863 782 3909 morte
810 3854 1060 3912 alliceret.

421 3942 642 4010 Qua-:51.
663 3944 844 4000 LVIII.
868 3945 1100 4012 Quinam
1123 3958 1279 4004 erant
1303 3947 1396 4004 ﬁlii
1420 3949 1536 4017 Dei,
1559 3951 1654 4020 qui
1677 3950 1928 4006 viderunt

356 4053 420 4092 ac
445 4045 796 4109 sumpserunt
831 4039 970 4096 ﬁlias
997 4040 1317 4095 hominum?

421 4126 584 4184 Resp.
619 4127 743 4183 Filii
775 4126 928 4183 Seth.
959 4127 1094 4187 Nam
1117 4130 1439 4201 incorporea
1457 4135 1656 4183 natura
1680 4144 1784 4184 nec
1806 4143 1928 4184 cor-

355 4233 488 4288 pora
519 4226 686 4281 amat,
718 4233 820 4273 nec
852 4233 975 4273 cum
1007 4219 1327 4274 mulieribus
1348 4219 1749 4274 commiscetur.

430 4309 651 4375 thsr.
685 4308 824 4364 LIX.
857 4309 971 4364 Cur
1000 4309 1146 4366 Deus
1182 4310 1355 4382 Moysi
1389 4311 1444 4364 in
1476 4312 1613 4366 rubo
1655 4312 1926 4381 apparuit,

357 4418 466 4457 non
496 4403 604 4458 alio
631 4403 686 4456 in
713 4401 972 4457 arbusto?

430 4492 589 4548 lisse.
617 4491 849 4558 Quidam
867 4493 1200 4563 respondent
1222 4509 1445 4550 causam
1470 4510 1612 4552 esse.
1637 4505 1697 4551 ut
1719 4512 1786 4552 ex
1807 4497 1925 4565 ejus

359 4586 505 4656 iigno
533 4583 889 4640 simulacrum
918 4601 1026 4639 non
1048 4596 1274 4654 possent
1300 4586 1512 4642 Hebraei
1535 4587 1765 4643 elﬁcere.
1790 4587 1925 4644 Aliis

359 4683 541 4730 autem
569 4674 791 4730 videtur
820 4673 991 4730 Deum
1018 4676 1125 4732 hoc
1149 4676 1296 4733 facto
1317 4679 1768 4750 przesigniﬁcasse
1791 4696 1851 4736 se
1869 4681 1925 4734 in

359 4769 583 4840 spinosa
615 4782 782 4824 carne
802 4776 991 4824 nostra
1011 4785 1134 4825 esse
1163 4770 1581 4835 incarnandum,
1603 4787 1832 4843 eamque
1856 4773 1927 4827 ob

361 4877 474 4918 rem
499 4861 557 4918 in
585 4860 898 4932 hujusmodi
937 4861 1163 4919 arbusto
1197 4861 1369 4918 Movsi
1397 4863 1734 4920 aobaruisse.

433 5101 570 5181 (SI)_
584 5101 722 5172 Reg.
754 5101 808 5167 5,
844 5101 937 5172 ἀφ’
971 5098 1212 5173 ἑσπέρας
1238 5104 1338 5175 τῆς
1377 5105 1728 5173 παρασκευῆς
1768 5105 1930 5176 ἄρχε-

365 5170 712 5313 ῗθῗέὲφῆἶιίο
739 5241 1024 5313 quaestioni
1053 5239 1253 5313 similia
1284 5239 1538 5313 quged_am_
1561 5239 1830 5297 habentur
1851 5244 1934 5298 in-

365 5309 452 5363 fra
480 5309 535 5365 in
572 5309 1116 5382 interpretationibus
1146 5309 1397 5382 Parabol.
1423 5309 1719 5378 Scriptura:
1740 5329 1930 5375 sacrae,

364 5382 667 5466 quaestione
857 5381 1194 5467 Pau‘l'o_post
1235 5381 1457 5467 quida‘m
1503 5385 1788 5467 m§S~'Xa‘t
1836 5385 1934 5467 τῆς

366 5453 524 5513 σκιᾶς
548 5453 642 5505 τοῦ
675 5452 864 5522 νόμου.
903 5451 1046 5507 Editi
1074 5465 1226 5520 vero,
1267 5451 1361 5503 καὶ
1393 5451 1458 5504 ὲκ
1486 5451 1578 5503 τοῦ
1618 5451 1805 5523 νόμου,
1830 5451 1937 5508 mi-

368 5535 472 5573 nus
512 5530 674 5577 recte.

441 5590 552 5658 (8.3)
581 5591 818 5654 Quaestio
850 5592 940 5656 55,
968 5591 1080 5660 jam
1114 5591 1202 5658 56,
1232 5591 1385 5647 abest
1414 5607 1442 5645 a
1466 5589 1584 5647 Pal.
1614 5590 1668 5659 2,
1693 5599 1747 5648 et
1781 5607 1810 5646 a
1840 5610 1932 5649 ve-

371 5660 576 5713 teribus
609 5660 813 5716 Latinis
844 5661 1025 5716 editis.

445 5729 554 5800 (84)
592 5729 714 5785 Ilaec
757 5730 869 5787 fere
899 5731 1060 5786 habet
1091 5731 1485 5798 Theodoretus,
1523 5740 1713 5801 quaest.
1748 5732 1835 5798 59,
1873 5734 1922 5785 in

2026 1842 2297 1896 λειοῦσθαι
2324 1841 2674 1915 προσέταξεν.
2713 1842 2983 1914 Ἀπρεπὲς
3006 1841 3112 1912 γὰρ
3143 1836 3211 1911 ἦν
3243 1840 3337 1893 καὶ
3367 1839 3610 1911 ἀνάρμο-

2028 1950 2152 1986 στον
2176 1933 2285 1988 ἀπὸ
2310 1933 2487 2003 φωτὸς
2513 1933 2794 2006 ἄρχεσθαι,
2813 1933 2907 1987 καὶ
2934 1934 3014 1996 εἰς
3040 1931 3229 1994 νύκτα,
3263 1930 3356 1984 καὶ
3381 1931 3460 1994 εἰς
3483 1931 3610 1983 σκό-

2024 2044 2117 2091 τος
2176 2026 2510 2099 καταλήγειν
2553 2027 2654 2091 τὰς
2710 2025 2948 2098 Χριστοῦ
2987 2024 3080 2078 τοῦ
3133 2022 3387 2094 ἀληθινοῦ
3427 2022 3610 2093 φωτὸς

2025 2118 2261 2188 ἡμέρας·

2111 2209 2304 2280 Ἐρώτ.
2337 2217 2429 2266 νε’.
2467 2210 2624 2275 Τίνος
2663 2210 2824 2282 χάριν
2849 2213 2916 2282 τῇ
2939 2209 3114 2264 εἰκάδι
3147 2208 3369 2279 πέμπτῃ
3395 2205 3490 2262 τοῦ
3513 2207 3610 2260 λε-

2027 2301 2260 2371 γομένου
2287 2300 2441 2372 παρά
2468 2303 2750 2372 Ῥωμαίων
2771 2303 3016 2372 Μαρτίου
3049 2301 3217 2373 μηνὸς
3240 2304 3269 2355 6
3291 2301 3523 2372 Χριστὸς
3548 2302 3608 2355 ὲν

2025 2395 2090 2462 τῇ
2127 2393 2308 2464 μήτρᾳ
2331 2397 2430 2465 τῆς
2453 2393 2732 2465 Παρθένου
2762 2394 2855 2447 ἐπὶ
2880 2394 2982 2464 γῆς
3010 2394 3317 2464 ἐσκήνωσεν
3341 2409 3356 2458 ;

2066 2507 2070 2512 ·
2109 2484 2296 2537 Ἀπόκ.
2325 2485 2542 2556 Ἐπειδὴ
2569 2487 2627 2540 ἐν
2657 2487 2792 2557 αὐτῇ
2818 2488 2884 2557 τῇ
2909 2485 3090 2556 ἡμέρᾳ
3112 2486 3204 2538 ἀπ’
3221 2484 3396 2556 ἀρχῆς
3419 2485 3448 2536 6
3474 2482 3609 2547 Θεὸς

2025 2574 2116 2628 τὸν
2150 2575 2322 2646 Ἀδὰμ
2349 2559 2605 2630 ἔπλασεν.
2639 2575 2798 2630 Ὅθεν
2833 2576 2927 2629 καὶ
2947 2575 3024 2646 τῷ
3048 2575 3177 2646 μηνὶ
3203 2574 3398 2644 ἐκείνῳ
3427 2572 3611 2627 πάντα

2025 2665 2095 2719 τὰ
2119 2666 2332 2737 δένδρα,
2361 2667 2455 2721 καὶ
2485 2668 2540 2720 αἱ
2575 2667 2810 2737 βοτάναι,
2842 2667 2936 2720 καὶ
2976 2666 3045 2720 τὰ
3071 2666 3185 2731 ζῶα
3216 2669 3295 2728 είς
3323 2682 3608 2736 καρποφο-

2030 2760 2151 2831 ρίαν
2181 2761 2277 2812 καὶ
2301 2760 2648 2830 τεκνογονίαν
2690 2759 2984 2825 κινοῦνται,
3019 2759 3095 2823 ὼς
3123 2757 3201 2829 τῷ
3219 2757 3395 2829 καιρῷ
3412 2757 3608 2829 ἐκείνῳ

2029 2851 2134 2903 ὑπὸ
2167 2851 2300 2904 Θεοῦ
2325 2851 2609 2922 γενόμενα.

2117 2941 2308 3013 Ἐρώτ.
2344 2948 2454 3007 νςθ.
2485 2941 2596 3014 (8'5)
2630 2943 2832 2995 Ὀποῖοι
2852 2935 2993 3013 ἦσαν
3026 2941 3074 2995 oi
3107 2940 3420 3012 δερμάτινοι
3446 2941 3610 3012 χιτῶ-

2027 3050 2138 3097 νες,
2159 3033 2252 3096 οὒς
2275 3033 2309 3088 6
2339 3033 2472 3096 Θεὸς
2499 3033 2579 3104 τῷ
2620 3033 2790 3104 Ἀδὰμ
2814 3033 2910 3087 καὶ
2936 3035 3002 3104 τῇ
3024 3032 3138 3104 Εὒᾳ
3167 3035 3502 3103 πεποίηκεν;

2110 3124 2298 3178 Ἀπόκ.
2337 3124 2448 3197 (84)
2471 3126 2534 3179 Οἱ
2582 3124 2679 3196 μέν
2713 3141 2877 3194 φασιν
2904 3126 2970 3179 ὲκ
3004 3124 3217 3195 φύλλων
3255 3123 3518 3195 δένδρωνο
3555 3123 3609 3177 οἱ

2023 3215 2080 3269 δὲ
2109 3215 2272 3269 πάλιν
2298 3215 2398 3288 τὴν
2419 3215 2597 3288 σάρκα
2624 3215 2781 3287 ἡμῶν
2802 3215 3024 3280 τούτους
3051 3211 3179 3280 τοὺς
3207 3212 3441 3287 χιτῶνας
3467 3211 3610 3272 εἶναι

2025 3309 2346 3380 εἰρήκασινο
2402 3308 2548 3376 ἔδοξε
2579 3308 2637 3361 δὲ
2670 3307 2900 3381 ἑτέροις,
2933 3311 3047 3373 τοῖς
3079 3309 3173 3362 καὶ
3202 3308 3608 3381 άληθεστέροις,

2027 3403 2084 3454 ὲν
2116 3399 2346 3471 ἀληθείᾳ
2374 3399 2608 3470 χιτῶνας
2635 3399 2989 3470 δερματίνους
3017 3396 3155 3453 εἶναι
3184 3399 3312 3462 τοὺς
3337 3397 3446 3452 τῶν
3474 3412 3614 3469 προξ

2027 3491 2167 3545 πατό
2175 3507 2280 3562 ρων
2311 3490 2543 3561 χιτῶνας

2110 3579 2302 3651 Ἐρώτ.
2331 3579 2430 3644 νζν.
2465 3579 2572 3651 (85)
2593 3579 2750 3645 Τινὸς
2773 3579 2926 3635 οὔπω
2953 3581 3072 3635 τότε
3097 3580 3479 3644 ἀποθανόντος,
3508 3577 3614 3632 πό-

2023 3670 2114 3725 θεν
2145 3670 2347 3743 έμαθεν
2380 3674 2408 3724 6
2439 3672 2578 3724 Κάῖν
2607 3669 2864 3740 φονεῦσαι
2899 3671 2991 3726 τὸν
3015 3671 3213 3737 Ἀϐελς

2109 3762 2300 3817 Ἀπόκ.
2343 3762 2402 3815 '0
2427 3761 2670 3826 διάϐολος
2704 3761 2852 3832 αὐτῷ
2883 3764 3004 3816 κατ’
3028 3762 3161 3834 ὄναρ
3185 3761 3450 3831 ὑπέδειξε,
3469 3763 3616 3836 ποίῳ

2025 3852 2215 3924 τρόπῳ
2243 3852 2556 3906 θανατῶσαι
2594 3852 2686 3906 τὸν
2715 3853 2944 3923 ἀδελφόν
2970 3853 3103 3924 (86).

2110 3941 2301 4014 Ἐρώτ.
2335 3941 2759 4013 νη’.’(87),Τίνες
2787 3939 2928 4014 ἦσαν
2955 3944 3004 3996 oi
3037 3941 3142 3996 υἱοὶ
3167 3942 3278 4015 (88)
3317 3945 3412 3997 τοῦ
3446 3942 3612 4008 Θεοῦ,

2026 4036 2075 4088 οἱ
2104 4035 2300 4100 ἰδόντες
2320 4035 2414 4089 καὶ
2431 4035 2686 4100 λαϐόντες
2707 4035 2807 4098 τὰς
2833 4035 3135 4107 θυγατέρας
3149 4036 3257 4089 τῶν
3276 4035 3613 4107 ἀνθρώπων;

2112 4128 2303 4181 Ἀπόκ.
2341 4129 2404 4180 Oi
2453 4127 2559 4180 υἱοὶ
2585 4127 2680 4180 τοῦ
2712 4127 2840 4198 Σήθ.
2886 4127 3037 4180 Ἐπεὶ
3068 4129 3102 4198 ἡ
3129 4128 3417 4200 ἀσώματος
3446 4128 3616 4198 φύσις

2029 4218 2154 4272 οὔτε
2183 4218 2452 4290 σωμάτων
2479 4220 2602 4288 ὲρᾷ,
2629 4216 2753 4272 οὔτε
2773 4219 2985 4287 γυναιξὶ
3014 4218 3403 4290 συμπλέκεται.

2113 4309 2301 4381 Ἐρώτ.
2336 4309 2432 4364 νϐ’.
2458 4310 2557 4364 Διὰ
2585 4311 2640 4364 τί
2665 4311 2722 4364 ὲν
2745 4309 2892 4380 βάτω
2928 4309 3082 4382 ὤφθη
3110 4311 3243 4375 Θεὸς
3285 4311 3364 4382 τῷ
3409 4311 3613 4382 Μωὰᾔ,

2031 4403 2122 4456 καὶ
2151 4403 2252 4456 οὐκ
2289 4401 2347 4455 ὲν
2379 4401 2549 4473 ἑτέρῳ
2581 4401 2763 4473 φυτῷ;

2112 4494 2301 4547 Ἀπόκ.
2331 4493 2395 4547 Οἱ
2421 4493 2517 4564 μέν
2552 4511 2734 4563 φασιν,
2772 4495 2859 4548 ἵνα
2895 4494 2970 4565 μὴ
3001 4491 3302 4565 δυνηθῶσιν
3337 4492 3614 4564 Ἑϐραίων

2031 4584 2216 4647 παῖδες
2246 4582 2462 4636 εἴδωλον
2499 4584 2724 4655 ποιῆσαι
2779 4586 2844 4638 ὲκ
2899 4583 2993 4637 τοῦ
3041 4583 3199 4651 ξύλου
3241 4583 3414 4653 αὐτῆς
3455 4583 3610 4654 (89)·

2028 4677 2206 4738 ἄλλοις
2257 4674 2314 4728 δὲ
2345 4675 2511 4741 δοκεῖ,
2537 4677 2620 4730 ὅτι
2663 4675 3086 4748 προδιαγράφων
3128 4676 3158 4728 6
3188 4675 3338 4739 Θεὸς,
3366 4677 3449 4728 ὅτι
3483 4674 3614 4745 μέλ-

2029 4767 2110 4819 λει
2157 4769 2215 4820 έν
2257 4768 2323 4838 τῇ
2373 4765 2789 4839 ὲξακανθησάσῃ
2839 4765 2997 4836 ἡμῶν
3045 4764 3374 4836 σαρκοῦσθαι
3424 4765 3610 4835 φύσει,

2028 4858 2218 4911 τούτου
2263 4857 2424 4930 χάριν
2448 4859 2506 4912 ὲν
2542 4857 2620 4929 τῷ
2667 4857 2892 4928 τοιούτῳ
2927 4856 3079 4927 φυτῷ
3101 4855 3255 4928 ῶφθη
3290 4858 3368 4929 τῷ
3405 4859 3609 4930 Μωῇσ.

2038 5103 2224 5162 Cenes.
2259 5107 2434 5176 iisque
2466 5106 2634 5161 multa
2665 5107 2868 5177 adjicit.

2108 5177 2219 5246 (85)
2266 5175 2419 5231 Hunc
2448 5177 2626 5231 locum
2661 5175 2794 5231 citat
2823 5178 3048 5232 Michael
3080 5175 3295 5245 Glycas,
3329 5190 3383 5246 p7.
3419 5176 3540 5231 119.

2104 5245 2218 5313 (86)
2257 5247 2517 5318 Balat._2,
2547 5247 2684 5318 ποίῳ
2716 5250 2901 5318 τρόπῳ
2929 5246 3176 5318 φονεύσει
3199 5246 3289 5318 τὸν
3319 5245 3402 5298 ἀδ.

2109 5312 2221 5388 (87)
2263 5316 2398 5388 Vide
2427 5312 2760 5372 Theodoreti
2794 5312 2987 5388 quaest.
3021 5316 3091 5369 47
3123 5318 3176 5368 in
3211 5312 3396 5368 Cenes.

2109 5387 2224 5456 (88)
2264 5387 2494 5452 Quidam
2522 5402 2680 5449 mss.,
2713 5389 2761 5440 oi
2787 5387 3029 5455 ἄγγελοι.

2109 5452 2224 5526 (89)
2264 5457 2437 5510 Palat.
2466 5456 2522 5519 2,
2562 5457 2784 5525 ποιῆσαι
2817 5452 2884 5510 ἐκ
2925 5456 3094 5521 ξύλων
3128 5455 3318 5526 αὐτῆς.
3355 5452 3521 5526 ’Ἄλλη
3555 5452 3602 5505 δε

2036 5523 2127 5581 ὅτι
2147 5523 2370 5596 ἔμελλεν
2399 5529 2428 5580 ὁ
2457 5523 2691 5597 Χριστὸς
2720 5526 3018 5597 βλαστῆσαι
3045 5528 3110 5597 εκ
3135 5525 3236 5594 τῆς
3258 5523 3600 5597 ἀκανθώδου)

2037 5592 2194 5668 ἡμῶν
2241 5597 2474 5668 φύσεως,
2491 5592 2731 5668 ζτούτου
2760 5592 2922 5668 χάριν
2959 5595 3112 5668 ὤφθη
3153 5592 3210 5649 ἐν
3247 5598 3312 5666 τῇ
3358 5594 3506 5665 βάτῳ
3533 5592 3599 5662 τῇ

2035 5665 2229 5739 Μωσῇ.
2266 5667 2466 5722 Ibidem
2491 5665 2624 5737 Reg.
2661 5667 2713 5731 5,
2745 5665 3118 5737 ἀκανθησάσῃζ
