3836 6194
433 285 544 345 633
1572 297 1630 354 S.
1671 297 2134 357 ATHANASIUS.
2171 331 2244 345 —
2276 301 2526 359 SPURIA
3584 307 3692 364 656

432 417 536 477 per
562 405 852 464 Jeremiam
879 424 1074 466 rursus
1107 409 1245 466 dixit
1271 427 1383 468 non
1405 411 1480 468 ita
1509 416 1743 486 amplius
1772 417 2005 473 futurum

2119 420 2176 474 δὲ
2215 420 2478 495 Ἱερεμίου
2527 421 2618 476 τοῦ
2661 423 2937 495 προφήτου
2987 411 3163 477 πάλιν
3194 421 3432 495 εἴρηκεν,
3462 417 3546 476 δτι
3585 425 3692 478 οὐκ

439 513 598 566 esse;
630 499 726 554 sed
763 500 857 570 qui
886 501 1188 556 comederit
1215 518 1350 559 uvas
1383 505 1630 572 acerbas,
1660 508 1853 566 dentes
1888 512 2005 582 ejus

2117 511 2269 568 ἔσται
2296 515 2390 568 τοῦ
2424 514 2610 568 λοιποῦ
2640 515 2837 579 οὕτως’
2874 513 2988 569 ἀλλ’
3017 515 3166 578 ὅστις
3197 513 3343 586 φάγῃ
3364 515 3492 578 τοὺς
3510 515 3692 587 ὄμφα-

437 597 663 660 stupore
682 590 992 648 afficiendos
1019 594 1060 645 δ.
1093 593 1219 650 Haec
1264 610 1457 653 rursus
1486 598 1764 656 Christum
1801 603 1870 658 ad
1908 601 2010 658 Ju-

439 680 586 738 daeos
620 683 889 740 dicentem
913 685 1165 742 audimus
1197 706 1210 743 :
1241 706 1262 740 ι
1311 689 1483 745 Amen
1520 691 1647 747 dico
1678 694 1832 750 vobis
1855 735 1872 759 ,
1917 711 2010 752 ve-

441 774 596 830 nient
627 775 946 846 iniquitates
990 787 1206 848 patrum
1242 789 1548 837 vestrorum
1600 801 1764 854 super
1804 802 1924 852 vos,
1977 803 2009 843 a

440 867 708 936 sanguine
736 868 871 922 Abel
895 871 1051 939 justi,
1082 887 1258 942 usque
1285 873 1354 928 ad
1383 876 1704 946 sanguinem
1735 877 2011 935 Zachariae

440 954 536 1011 ﬁlii
570 957 867 1024 Baraeliize,
895 977 1056 1032 quem
1082 964 1362 1022 occidistis
1389 965 1532 1021 inter
1564 970 1822 1039 templum
1853 979 1906 1026 et
1931 973 2010 1026 al-

439 1054 556 1102 tare
588 1049 630 1101 '.
670 1067 690 1100 ι
740 1047 896 1106 Unde
925 1053 1055 1108 licet
1091 1054 1366 1125 conjicere
1389 1099 1405 1123 ,
1439 1059 1584 1127 apud
1617 1059 1861 1116 inﬁdeles
1889 1077 2012 1132 pee-

438 1145 561 1194 cata
587 1149 871 1210 parentum
910 1143 1199 1214 impiorum
1224 1147 1280 1202 in
1311 1148 1450 1204 ﬁlios
1472 1165 1759 1221 perversos
1799 1154 2004 1218 induci,

437 1243 549 1284 non
597 1230 654 1286 in
694 1231 868 1288 bonos
906 1251 921 1289 :
977 1241 1034 1287 at
1073 1235 1217 1305 apud
1271 1236 1488 1304 ﬁdeles,
1541 1249 1788 1296 sanetum
1835 1244 2008 1314 bapti-

439 1333 557 1374 sma
604 1336 772 1392 puros
814 1339 917 1380 nos
961 1326 1143 1384 reddit
1191 1329 1260 1385 ab
1301 1332 1449 1387 omni
1478 1331 1780 1404 ‘hiniquitate
1815 1351 2009 1405 paren-

439 1417 573 1465 tum.

508 1571 728 1640 Qunsr.
764 1575 994 1633 LXVIII.
1026 1579 1256 1646 Quidam
1289 1583 1598 1654 aiuntsaepe
1619 1585 1858 1645 infantes
1889 1606 2010 1662 pro-

438 1673 559 1732 pter
596 1677 882 1735 parentum
914 1679 1134 1739 peccata
1168 1674 1307 1728 mori
1335 1693 1351 1730 :
1384 1691 1515 1730 num
1546 1679 1600 1733 id
1624 1696 1810 1736 verum
1833 1683 1957 1754 est_?

508 1754 672 1812 Rssr.
703 1759 859 1813 Absit
892 1761 944 1814 id
975 1763 1050 1816 ita
1074 1765 1234 1818 esse!

509 1843 729 1911 Qumsr.
783 1846 968 1902 LXIX.
1012 1849 1124 1905 Cur
1167 1853 1334 1923 igitur
1367 1853 1601 1913 infantes
1648 1860 2001 1919 moriuntur:

437 1936 533 1990 alii
552 1953 680 1992 vero
703 1943 1134 1996 consenescunt?
1153 1944 1262 2000 Cur
1288 1947 1414 2001 item
1438 1951 1656 2019 quidam
1674 1953 1823 2020 juste
1843 1971 2008 2026 agen-

437 2036 541 2092 tes,
575 2028 736 2084 breve
759 2037 972 2102 tempus
1005 2035 1240 2089 vivunt:
1289 2038 1379 2093 alii
1414 2056 1542 2096 vero
1573 2043 1713 2099 male
1755 2056 2001 2116 agentes,

437 2118 666 2187 longaevi
699 2122 1046 2177 moriuntur?
1077 2125 1188 2180 Cur
1222 2128 1348 2182 item
1391 2131 1482 2184 alii
1510 2133 1638 2187 boni
1696 2135 1904 2207 absque
1941 2140 2006 2195 li-

436 2210 586 2266 beris
619 2221 672 2266 et
705 2211 893 2282 inopes
933 2223 1062 2269 sunt
1098 2235 1110 2270 :
1153 2219 1243 2272 alii
1275 2226 1454 2274 autem
1478 2222 1626 2292 impii
1663 2226 1865 2282 multos
1908 2228 2008 2282 ha-

436 2297 568 2353 bent
594 2298 816 2364 liberos,
851 2311 906 2357 et
938 2301 1170 2360 feliciter
1198 2307 1444 2378 degunt?

508 2387 670 2444 Rssr.
701 2389 870 2446 Multa
901 2392 967 2450 de
1000 2395 1084 2449 liis
1108 2395 1200 2451 Dei
1225 2399 1446 2467 judiciis
1468 2411 1692 2472 possent
1714 2405 2003 2476 disputari,

437 2494 666 2550 quorum
685 2483 870 2553 utique
893 2487 1032 2540 ratio
1050 2489 1237 2557 nequit
1255 2492 1662 2561 comprehendi.
1683 2495 1909 2563 Tamen,
1942 2507 2002 2556 ut

435 2587 505 2626 ex
549 2576 754 2628 sanctis
797 2575 1098 2647 Scripturis
1125 2581 1478 2650 percipimus,
1508 2587 1904 2656 respondemus
1947 2589 2008 2644 ﬁ-

435 2663 636 2718 delium
660 2664 898 2722 infantes
927 2683 1037 2722 non
1070 2668 1140 2723 ob
1177 2679 1463 2739 parentum
1495 2685 1752 2745 peccata,
1803 2680 1898 2735 sed
1937 2679 2006 2735 ad

433 2771 624 2810 eorum
665 2757 1102 2815 emendationem
1155 2775 1298 2832 saepe
1337 2765 1479 2818 mori
1506 2784 1519 2821 :
1551 2783 1658 2837 qua
1692 2769 1749 2822 in
1792 2785 1851 2825 re
1898 2770 2006 2826 duo

434 2847 577 2904 Deus
601 2859 855 2919 procurat
884 2851 1062 2917 bona,
1092 2869 1262 2908 unum
1296 2855 1548 2926 quidem,
1592 2869 1650 2913 ut
1682 2860 1805 2930 puri
1843 2861 2005 2919 dece-

433 2941 658 3010 dentes,
711 2945 944 2999 salutem
984 2944 1096 2998 illic
1143 2956 1551 3016 consequantur
1598 2968 1610 3004 :
1664 2951 1806 3007 forte
1858 2955 2005 3009 enim

433 3034 560 3104 quia
603 3035 907 3104 improbam
957 3036 1394 3093 omnino-vitam
1448 3043 1626 3096 acturi
1667 3052 1858 3111 erant,
1911 3062 2005 3102 eos

433 3124 578 3181 Deus
603 3124 1008 3196 dispensatione
1031 3127 1267 3197 quadam
1297 3138 1456 3184 antea
1483 3132 1708 3202 eripuit;
1743 3135 1888 3189 aliud
1918 3151 2008 3190 au-
2033 3114 2074 3172 α

433 3223 542 3269 tem
573 3214 775 3269 bonum
798 3223 900 3280 εει,
924 3223 983 3270 ut
1014 3217 1116 3286 ipsi
1136 3225 1390 3287 parentes
1452 3222 1810 3291 sapientiores
1837 3225 1966 3280 ﬁant
1990 3243 2004 3280 :

434 3305 575 3361 forte
605 3321 734 3360 vero
773 3317 832 3360 ut
858 3308 1145 3376 pecuniam
1171 3351 1187 3375 ,
1243 3323 1406 3379 quam
1451 3317 1778 3370 testamento
1822 3317 2006 3373 liberis

434 3397 616 3452 daturi
645 3405 823 3462 erant,
857 3399 913 3452 in
963 3414 1230 3470 pauperes
1266 3401 1525 3472 deinceps
1568 3405 1866 3462 insumant.
1905 3409 2009 3465 De-

436 3490 600 3559 nique
617 3489 718 3544 alia
737 3489 894 3558 plane
916 3490 983 3545 de
1014 3506 1176 3546 causa
1198 3493 1356 3550 nobis
1384 3496 1618 3551 occulta.
1645 3496 1711 3550 Et
1739 3498 1851 3554 haec
1884 3501 2006 3570 qui-

435 3581 556 3636 dem
574 3583 715 3651 quod
735 3580 808 3636 ad-
821 3579 1056 3635 fidelium
1077 3583 1312 3640 infantes
1330 3594 1554 3655 spectat.
1575 3588 1806 3658 Improbi
1829 3600 2007 3648 autem

2114 624 2236 672 κας,
2283 607 2448 662 αὐτοῦ
2493 610 2552 662 οἱ·
2585 608 2794 673 ὀδόντες
2831 608 3241 678 ὠμοδιάσουσιν.
3285 609 3582 680 ’Δκούομεν
3630 610 3690 663 δὲ

2115 700 2276 754 πάλιν
2319 700 2414 754 τοῦ
2469 700 2704 772 Χριστοῦ
2765 700 2900 772 πρδς
2941 701 3221 766 Ἰουδαίους
3271 701 3541 770 λέγοντος,
3576 703 3685 766 ὅτι,

2127 788 2306 858 Ἀμὴν
2348 789 2503 859 λέγω
2548 789 2708 858 ὑμῖν,
2737 788 3167 843 ἐπελεύσονται
3209 792 3268 843 al
3303 789 3544 858 ἀνομίαι
3570 788 3686 859 (98)

2111 878 2233 933 τῶν
2269 878 2535 948 πατέρων
2578 876 2744 948 ὑμῶν
2776 878 2867 947 ἐφ’
2899 878 3075 948 ὑμᾶς,
3123 879 3240 934 ἀπὸ
3266 878 3396 948 (τοῦ
3436 881 3688 948 αἵματος

2119 970 2297 1024 Ἅϐελ
2327 969 2433 1022 τοῦ
2458 969 2688 1022 δικαίου
2720 968 2831 1036 ἔως
2853 969 2959 1023 τοῦ
2978 970 3224 1038 αἵματος
3248 971 3552 1039 Ζαχαρίου
3578 970 3688 1023 τοῦ

2112 1057 2246 1112 υἱοῦ
2279 1057 2602 1125 Βαραχίου,
2632 1057 2704 1111 ὃν
2739 1058 3107 1127 ἐφονεύσατε
3137 1057 3364 1126 μεταξὺ
3395 1056 3503 1112 τοῦ
3535 1057 3687 1111 ναοῦ

2113 1147 2210 1200 καί
2236 1147 2344 1201 τοῦ
2372 1149 2822 1215 θυσιαστηρίου.
2849 1147 3009 1201 Ὅθεν
3041 1144 3394 1216 στοχάζεσθαι
3434 1147 3566 1217 χρὴ,
3602 1146 3689 1199 ὃτι

2113 1238 2206 1290 ἐπὶ
2241 1239 2340 1307 μὲν
2370 1237 2480 1291 τῶν
2522 1239 2764 1292 ἀπίστων
2794 1237 2905 1310 (99)
2945 1239 3238 1307 ἐπάγονται
3286 1240 3555 1309 ἁμαρτίαι
3580 1255 3686 1290 πα-

2111 1330 2286 1400 τέρων
2315 1330 2524 1386 ἀσεϐῶν
2551 1331 2644 1384 ἐπὶ
2669 1333 2817 1396 υἱοὺς
2835 1333 3102 1403 πονηρούς
3123 1350 3137 1364 ·
3171 1332 3233 1386 οὐ
3265 1331 3374 1403 γάρ
3404 1331 3645 1400 ἀγαθούς
3669 1349 3684 1361 “

2112 1422 2206 1474 ἐπὶ
2227 1421 2283 1475 δὲ
2310 1421 2417 1476 τῶν
2439 1423 2646 1478 πιστῶν
2673 1424 2732 1477 τὸ
2761 1425 2913 1494 ἅγιον
2936 1426 3212 1496 βάπτισμα
3225 1423 3510 1495 καθαρίζει
3536 1424 3686 1494 ἡμᾶς

2111 1511 2219 1564 ἀπὸ
2255 1513 2440 1585 πάσης
2466 1517 2878 1588 προπατορικῆς
2907 1504 3250 1658 άμαρτίαςζῑ(

2197 1601 2253 1653 Ἐ
2262 1600 2386 1658 ρὼτ.
2410 1601 2508 1658 ξη’.
2529 1604 2685 1658 Τινές
2703 1621 2834 1658 ωασι
2858 1605 3118 1658 πολλάκις
3136 1622 3195 1658 τε
3229 1622 3250 1657 ε

2197 1601 2253 1653 Ἐ
2261 1600 2386 1671 ρὼτ.
2410 1601 2508 1675 ξη’.
2529 1604 2685 1668 Τινές
2703 1621 2834 1674 φασι
2858 1605 3118 1669 πολλάκις
3136 1600 3391 1676 τέλευτᾷν
3416 1604 3586 1676 νήπια
3605 1602 3684 1674 (I)

2111 1693 2197 1747 διὰ
2231 1695 2433 1764 γονέων
2458 1697 2727 1768 ἁμαρτίας
2743 1713 2757 1726 ·
2795 1692 2904 1767 ἆρα
2928 1696 3098 1759 οὕτως
3119 1696 3298 1761 tat-iv;

2190 1787 2378 1841 Ἀπόκ.
2408 1787 2495 1858 Μὴ
2522 1787 2728 1856 γένοιτο
2758 1783 2896 1842 εἶναι
2927 1787 3085 1841 τοῦτο
3112 1787 3312 1851 οῦτωςί

2192 1878 2382 1948 Ἐρώτ.
2413 1877 2511 1949 ξθν.
2541 1880 2696 1944 Τίνος
2723 1880 2880 1952 χάριν
2914 1882 3084 1951 νήπια
3115 1879 3468 1934 τελευτῶσιν·
3503 1878 3682 1949 ἕτεροι

2107 1969 2164 2023 δὲ
2195 1970 2580 2041 ὑπεργηρῶσι;
2628 1972 2720 2025 καὶ
2749 1972 2908 2026 πόθεν
2940 1972 3084 2035 τινὲς
3111 1971 3208 2043 μὲν
3229 1969 3684 2044 δικαιοπραγοῦν-

2107 2077 2197 2124 τες
2229 2059 2466 2129 γίνονται
2495 2061 2749 2132 όλιγόϐιοι
2781 2062 2885 2134 (2)'
2917 2062 3062 2126 τινες
3098 2061 3156 2114 δὲ
3197 2060 3682 2133 κακοπραγοῦντες

2109 2150 2446 2222 πολυχρόνιοι
2474 2151 2819 2205 τελευτῶσιν·
2843 2151 2988 2205 ἄλλοι
3003 2151 3059 2205 δὲ
3083 2151 3276 2221 ἁγαθοὶ
3293 2152 3532 2220 γίνονται
3552 2151 3684 2206 ἄτε-

2108 2258 2225 2295 κνοι
2242 2241 2335 2294 καὶ
2358 2243 2587 2314 πένητες
2607 2261 2619 2273 ·
2652 2243 2828 2314 ἕτεροι
2848 2244 2906 2298 δὲ
2933 2242 3149 2308 άσεϐεῖς
3172 2243 3483 2299 εὐτεκνοῦσί
3502 2259 3566 2296 τε
3584 2241 3685 2296 καὶ

2107 2333 2474 2405 εὐπραγοῦσιν
2491 2351 2505 2399 ;

2191 2425 2379 2480 Ἀπόκ.
2399 2426 2572 2488 Πολὺς
2606 2427 2634 2479 ό
2669 2425 2798 2498 περὶ
2823 2425 3027 2480 τούτων
3056 2426 3164 2481 τῶν
3195 2424 3289 2480 τοῦ
3312 2426 3445 2481 Θεοῦ
3481 2429 3685 2499 χριμά-

2105 2531 2214 2568 των
2239 2515 2394 2583 λόγος
2427 2516 2521 2568 καὶ
2547 2516 2946 2584 ἀκατάληπτος.
2971 2518 3161 2588 Ὅμως
3178 2516 3254 2581 ὡς
3285 2517 3349 2570 ὲκ
3374 2517 3482 2572 τῶν
3508 2519 3683 2588 ἁγίων

2106 2605 2340 2676 Γραφῶν
2379 2606 2932 2678 καταλαμϐανόμεθα,
2971 2608 3221 2680 λέγομεν,
3259 2609 3450 2680 ὅτιπερ
3470 2610 3542 2663 τὰ
3571 2610 3682 2663 τῶν

2107 2699 2314 2751 πιστῶν
2334 2700 2504 2770 νήπια
2534 2699 2632 2752 οὐκ
2662 2698 2721 2763 ἐξ
2751 2701 3054 2773 ἁμαρτιῶν,
3083 2701 3218 2756 ἀλλὰ
3251 2702 3509 2766 πολλάκις
3545 2687 3685 2774 πρὸς

2109 2789 2482 2860 σωφρονισμὸν
2505 2789 2614 2842 τῶν
2646 2789 2848 2858 γονέων
2891 2791 3212 2845 τελευτῶσι·
3241 2791 3336 2845 δύο
3367 2793 3552 2861 ἀγαθά
3584 2793 3682 2847 τοῦ

2107 2878 2241 2932 Θεοῦ
2275 2881 2333 2932 ὲν
2358 2879 2534 2950 τούτῳ
2567 2883 3111 2953 πραγματευομένου,
3146 2882 3203 2936 ἓν
3225 2885 3344 2954 μὲν,
3373 2885 3542 2948 ὅπως,
3579 2903 3681 2938 κα-

2107 2969 2247 3041 θαρὰ
2265 2969 2585 3034 ἀπελθόντα,
2613 2973 2889 3044 σωτηρίας
2917 2976 3032 3026 ὲκεί
3056 2974 3380 3045 ἐντύχωσινο
3413 2976 3544 3039 ἴσως
3575 2976 3684 3046 γὰρ

2107 3059 2190 3112 ὅτι
2227 3061 2366 3114 πάνυ
2396 3062 2631 3134 πονηρὸν
2655 3061 2768 3133 βίον
2807 3062 2969 3134 ζῆσαι
3017 3064 3300 3136 μέλλοντα,
3325 3065 3686 3137 οίκονομικῶς

2107 3152 2134 3204 ὁ
2155 3151 2286 3215 Θεὸς
2304 3153 2441 3224 προή
2449 3170 2653 3224 ρπασεν
2668 3154 2805 3208 αὑτά
2823 3173 2836 3186 ·
2863 3155 3110 3227 δεύτερον
3126 3156 3204 3221 δὲ,
3221 3157 3371 3220 ὅπως
3387 3159 3545 3211 καὶοὶ
3563 3159 3687 3212 τού-

2105 3260 2211 3296 των
2261 3248 2437 3312 γονεῖς
2485 3246 2910 3318 σωφρονέστεροι
2964 3249 3217 3318 γίνωνται
3301 3249 3432 3314 ίσως
3488 3250 3549 3303 δὲ
3599 3252 3687 3305 ἵνα

2105 3334 2174 3388 τά
2205 3335 2280 3406 (5)
2318 3339 2432 3400 τοῖς
2455 3336 2664 3402 τέκνοις
2697 3338 2956 3410 μέλλοντα
2989 3342 3132 3396 κατὰ
3173 3334 3437 3412 διαθήκας
3463 3341 3687 3413 δοθῆναι

2107 3430 2363 3500 χρήματα
2395 3432 2474 3494 είς
2525 3433 2771 3502 πτωχοὺς
2800 3431 2982 3488 λοιπὸν
3013 3432 3382 3504 δαπανηθῶσι.
3452 3434 3687 3496 Πάντως

2105 3518 2162 3570 δὲ
2200 3519 2464 3573 καὶκατὰ
2503 3520 2630 3573 ἄλλο
2667 3523 2840 3592 κρῖμα
2878 3522 3010 3590 ἡμῖν
3043 3521 3284 3592 ὑπάρχον
3315 3520 3534 3591 ἄδηλον.
3577 3521 3691 3573 Καὶ

2106 3605 2248 3660 οὕτω
2275 3607 2373 3680 μὲν
2397 3608 2526 3679 περὶ
2564 3609 2768 3661 πιστῶν
2797 3609 3005 3680 νηπίων
3029 3609 3202 3678 λόγος.
3231 3608 3592 3678 Εὑπραγοῦσι
3625 3610 3688 3662 δὲ

435 3673 683 3728 homines
716 3673 855 3728 forte
875 3674 1078 3729 ideirco
1100 3675 1363 3732 fortunati
1386 3689 1535 3745 sunt,
1566 3680 1794 3737 feliciter
1819 3695 2004 3755 agunt,

2117 3697 2202 3750 καὶ
2227 3676 2507 3776 εὐθβίνοῦσι
2547 3701 2639 3753 καὶ
2669 3699 3010 3754 εὐτεκνοῦσιν
3049 3701 3237 3772 ἄνδρες
3269 3701 3520 3771 πονηροὶ,
3559 3699 3694 3763 ἴσως

433 3775 489 3823 et
518 3769 720 3824 liberos
749 3767 986 3835 habent;
1032 3770 1178 3839 quod
1215 3771 1462 3840 quaedam
1501 3788 1666 3843 parva
1715 3777 1854 3831 bona
1878 3794 2006 3848 ege-

2107 3789 2226 3844 τινὰ
2246 3777 2415 3863 μικρὰ
2435 3792 2615 3860 ἀγαθά
2627 3791 2761 3864 ἔργα
2780 3793 2856 3863 (4)
2876 3793 3216 3864 ποιήσαντες,
3240 3793 3332 3845 καὶ
3345 3790 3585 3845 ἐνταῦθα
3601 3791 3695 3843 τὸν

438 3860 564 3924 rint,
602 3874 833 3928 quorum
870 3860 1177 3915 mercedem
1210 3861 1297 3916 hic
1321 3863 1476 3932 231
1505 3866 1802 3935 recipiant,
1837 3875 1895 3920 ut
1921 3869 2005 3923 di-

2117 3881 2298 3952 μισθὸν
2326 3860 2510 3952 ξαὺτῶν
2533 3860 3027 3953 ἀπολαμϐάνοντες,
3062 3882 3137 3945 ὡς
3165 3884 3193 3934 ό
3210 3881 3458 3944 πλούσιος
3480 3882 3696 3944 ἐκεῖνος

438 3965 532 4005 ves
561 3949 649 4004 ille
673 3948 738 4002 ad
778 3965 937 4019 quem
963 3951 1077 4006 haec
1103 3953 1244 4008 dicta
1277 3963 1406 4009 sunt
1431 3974 1445 4009 :
1480 3975 1498 4008 ι
1531 3955 1838 4013 Recordare
1863 3960 2005 4028 quod

2117 3948 2135 4026 ό
2163 3948 2402 4037 ἀκούσας
2422 3991 2435 4004 ·
2483 3993 2500 4026 ι
2530 3948 2810 4045 Μνήσθητι
2843 3975 2924 4028 ὅτι
2958 3974 3228 4038 ἀπέλαϐες
3258 3973 3328 4027 τὰ
3374 3973 3562 4042 ἀγαθά
3596 3992 3693 4028 σου

437 4041 713 4112 receperis
746 4041 889 4095 bona
919 4051 1010 4096 tua
1037 4043 1092 4096 in
1123 4044 1233 4098 vita
1277 4051 1371 4098 tua
1396 4045 1435 4100 ⁸.
1467 4063 1487 4097 ι
1519 4045 1634 4101 Ηοο
1661 4056 1764 4113 est,
1795 4049 2005 4118 plenam

2117 4067 2167 4119 ὲν
2193 4069 2259 4137 τῇ
2291 4069 2402 4138 ζωῇ
2440 4083 2565 4119 σου·
2603 4041 2958 4131 ι-τουτέστιν,
3005 4065 3330 4138 ὲπληρώθης
3368 4041 3460 4119 τδν
3496 4067 3696 4136 μισθὸν

437 4133 739 4188 mercedem
761 4135 1026 4188 bonorum
1076 4150 1196 4204 qua
1230 4137 1412 4206 egisti,
1444 4140 1751 4209 percepisti.
1789 4140 2005 4195 [Erum-

2117 4157 2214 4210 τῶν
2234 4133 2455 4225 άγαθῶν
2493 4157 2690 4226 ἔργων,
2710 4151 2784 4210 ὧν
2813 4156 3076 4229 ἔπραξας.
3100 4133 3571 4228 Δυσπρναγοῦσιϋδὲ
3602 4159 3696 4214 εὑ-

438 4224 559 4278 nosi
589 4229 773 4278 autem
806 4223 894 4278 hic
940 4230 1068 4279 sunt
1097 4224 1171 4294 pii
1199 4232 1254 4279 et
1291 4227 1462 4281 sancti
1493 4228 1615 4291 viri,
1652 4235 1732 4294 ut,
1754 4246 1848 4299 per
1881 4231 2005 4285 affli-

2117 4223 2294 4312 λαϐεῖς
2325 4250 2416 4302 καὶ
2452 4223 2588 4302 ὅσιοι
2613 4248 2868 4310 ἐνταῦθα,
2891 4223 3064 4315 ῦπως,
3096 4248 3184 4302 διὰ
3212 4223 3311 4319 της
3337 4223 3578 4317 θλίψεως
3597 4267 3698 4302 κα-

437 4317 672 4371 ctionem
695 4317 958 4386 peccatis,
997 4326 1054 4371 ut
1080 4316 1341 4382 Lazarus,
1378 4321 1613 4390 purgati,
1641 4321 1750 4376 illic
1790 4323 2005 4377 demum

2117 4340 2472 4411 θαρισθέντες,
2498 4339 2574 4402 ὡς
2605 4341 2633 4392 ό
2661 4340 2908 4411 Λάζαρος
2937 4340 3046 4394 τῶν
3083 4340 3227 4394 ἰδίων
3249 4316 3699 4410 άμαρτιῶν,ὲκεῖ

438 4421 561 4460 cum
587 4409 705 4476 ipso
727 4409 1106 4463 consolatione
1133 4411 1502 4479 perfruantur.
1537 4413 1594 4467 Si
1623 4417 1767 4469 enim
1800 4435 1817 4467 ι
1845 4433 2005 4486 quem

2117 4409 2290 4486 λοιπὸν
2317 4431 2537 4496 τελείως
2573 4432 2669 4484 σὺν
2717 4409 2866 4502 αὐτῷ
2905 4431 3348 4504 παρακληθῶσιν.
3376 4409 3462 4483 (Εἰ
3493 4433 3610 4501 γάρ
3638 4432 3700 4484 ὃν

438 4499 616 4569 diligit
649 4498 931 4566 Dominus,
968 4501 1274 4572 corripit':
1309 4523 1328 4556 ι
1363 4502 1492 4574 quid
1532 4505 1698 4575 igitur
1720 4509 2005 4576 perturba-

2117 4525 2304 4595 ἀγαπᾷ
2335 4525 2536 4595 Κύριος
2584 4498 2850 4588 παιδεύει,
2897 4523 2950 4575 τί
2989 4498 3194 4576 ’λοιπόν
3228 4498 3517 4594 θορυϐεἰς,
3551 4498 3700 4594 ὁρῶν

438 4591 539 4653 ris,
576 4591 670 4660 qui
703 4598 923 4646 sanctos
953 4593 1108 4648 vides
1142 4597 1340 4650 misere
1375 4596 1657 4665 degentes,
1703 4600 1879 4656 malos
1910 4615 2005 4655 au-

2117 4591 2305 4686 άγίους
2338 4617 2395 4669 ὲν
2423 4591 2753 4688 δυσπραγίᾳ,
2781 4616 2996 4679 ἀσεϐεῖς
3025 4615 3083 4669 δὲ
3124 4617 3182 4669 ὲν
3214 4591 3486 4684 εὐπραγίᾳ
3517 4591 3699 4685 ὑπάρ-

438 4689 547 4735 tem
583 4680 815 4736 feliciter
843 4691 1087 4753 agentes,
1119 4700 1184 4740 ac
1213 4688 1358 4741 velut
1387 4705 1583 4759 porcos
1617 4690 1684 4744 ad
1722 4693 2005 4746 mactatio-

2117 4680 2330 4780 χόντας,
2371 4710 2464 4764 καὶ
2484 4680 2800 4779 ὡς’χὸίρους
2841 4710 2921 4772 είς
2950 4707 3166 4778 σφαγὴν
3201 4705 3278 4777 τῷ
3316 4680 3525 4775 αἰωνίῳ
3561 4680 3700 4778 πυρὶ

438 4788 562 4827 nem
616 4773 728 4843 igni
767 4781 970 4830 aeterno
1019 4777 1300 4847 saginatos
1346 4787 1400 4833 et
1448 4783 1819 4851 praeparatos?
1862 4783 2005 4838 Nihil

2117 4773 2482 4868 σιτιξομένους
2514 4773 2617 4850 καλ.-
2638 4773 3089 4869 ἑτοιμαζόμενους
3111 4773 3133 4862 ;-
3161 4773 3347 4850 λοιπὸν
3375 4790 3468 4848 οῦν
3495 4773 3582 4867 ἡμὴ
3613 4773 3700 4850 θο-

436 4878 567 4935 ergo
605 4871 661 4919 te
701 4865 934 4935 amplius
981 4870 1287 4926 conturbet.
1321 4869 1434 4928 Nec
1476 4873 1619 4928 enim
1663 4873 1751 4928 hic
1793 4882 2005 4930 tantum

2117 4865 2320 4960 pu6oi3v°
2347 4890 2423 4961 (5)
2471 4891 2530 4942 οὐ
2565 4889 2672 4961 γὰρ
2719 4865 3039 4962 μεχριῠτῶν
3093 4889 3322 4943 ἐνταῦθα
3373 4865 3699 4945 ἵσταταιτά

439 4957 746 5012 consistunt
761 4974 883 5029 quae
907 4959 974 5014 ad
997 4976 1094 5016 nos
1121 4970 1392 5034 spectant,
1413 4964 1508 5020 sed
1529 4966 1753 5022 omnino
1783 4983 2005 5026 necesse

2117 4957 2379 5048 ἦμέτερα,
2402 4957 2537 5030 άλλά
2562 4957 2653 5029 δεῖ.
2671 4957 2888 5041 πάντως
2915 4979 3042 5041 τοὺς
3068 4978 3406 5048 σωζομένους
3439 4978 3535 5032 διὰ
3565 4980 3698 5034 πολ-

437 5058 524 5105 est
551 5065 646 5105 eos
701 5053 795 5122 qui
835 5054 1132 5122 salvantur,
1165 5072 1261 5126 per
1288 5058 1488 5113 multas
1518 5059 1897 5116 tribulationes
1925 5063 2005 5116 in-

2117 5064 2224 5120 λῶν
2259 5066 2490 5136 θλίψεων
2524 5067 2784 5122 εἰσελθεῖν
2825 5072 2905 5132 είς
2936 5069 3035 5140 τὴν
3073 5068 3351 5140 βασιλείαν
3387 5068 3499 5122 τῶν
3534 5071 3692 5143 οὐρα·

440 5141 591 5211 gredi
619 5141 674 5196 in
699 5158 929 5214 regnum
949 5147 1234 5202 caelorum.
1256 5147 1358 5204 Hic
1378 5149 1526 5204 enim
1549 5150 1660 5207 Deo
1681 5159 1764 5208 est
1786 5168 2005 5225 scepus,

2117 5154 2243 5210 νῶν.
2274 5156 2483 5220 Σκοπὸς
2511 5156 2617 5229 γὰρ
2663 5149 2816 5224 οὗτός
2845 5159 2960 5211 ἐστι
2987 5157 3066 5230 τῷ
3093 5157 3232 5229 Θεῷ,
3265 5159 3327 5212 τὸ
3353 5159 3570 5224 πάντας
3602 5141 3689 5217 άν-

508 5300 532 5330 δ
563 5295 763 5352 Jerem.
800 5313 967 5366 xm,
1001 5301 1092 5357 50.
1165 5302 1188 5334 ⁵
1227 5302 1417 5358 Matth.
1449 5321 1608 5372 mn,
1639 5305 1728 5361 55.
1805 5307 1826 5338 °
1859 5305 1992 5363 Luc.

2133 5347 2148 5373 ,
2178 5307 2272 5364 25.
2345 5310 2366 5341 "
2404 5307 2568 5366 Prov.
2617 5326 2714 5376 ιιι,
2750 5309 2837 5364 12.

512 5412 625 5499 ίὲἒὲ)
663 5411 782 5499 ΒΨ
808 5427 968 5499 ’Βεεν
1007 5418 1302 5499 ,ἀμαρτίοιξε
1367 5491 1425 5499 .-
1547 5493 1558 5499 _

2183 5424 2393 5499 (3)7.Sic
2436 5442 2570 5482 mss.
2620 5427 2680 5482 In
2705 5425 2884 5499 _editis
2912 5439 3012 5496 pro
3041 5426 3148 5491 ἵνα,
3195 5424 3310 5493 καί,
3343 5433 3398 5482 et
3427 5423 3686 5489 inferius,

534 5482 794 5568 inlinniieg‘.
810 5482 883 5568 ⁸2,
911 5482 1186 5568 ἐπίστιον,
1211 5491 1324 5554 alii,
1345 5491 1723 5568 άϐᾳπτίστωγ.

2117 5482 2213 5568 pro
2243 5482 2486 5568 δοθῆναι,
2521 5498 2678 5568 θῆναι
2705 5482 2922 5568 legitur:

911 5549 1182 5647 ξψξὶρἱἰ,
1202 5549 1369 5647 πιστὰ
1398 5564 1584 5632 νήπια,
1621 5565 1806 5645 minus
1839 5574 2004 5647 recte.
2115 5549 2161 5567 Γ
2299 5549 2381 5647 Ita
2409 5549 2628 5647 quidam
2653 5549 2814 5647 mss:
2833 5565 2969 5647 ἔργα
3001 5565 3154 5647 deest
3173 5567 3229 5621 in
3262 5564 3450 5647 editis.
3489 5635 3528 5647 ﬂ

537 5619 593 5710 ei
627 5619 898 5710 διοριεξὲ
918 5623 1061 5710 nam
1102 5619 1252 5710 vero,
1295 5619 1811 5710 δικαιοπραγοῦντες
1849 5619 2005 5690 cedit};

2187 5619 2263 5707 {55
2291 5619 2461 5696 Joanj.
2484 5619 2680 5708 Chrys.
2704 5619 2889 5692 liomii.
2909 5619 2978 5704 '1,-
3009 5619 3094 5692 56'
3107 5619 3374 5710 populum
3399 5619 3687 5691 Antioche-

447 5689 646 5760 χρόνιοι
674 5689 1009 5762 τελευτῶσιν,
1035 5689 1253 5756 omissis
1282 5689 1625 5772 quibusdam:
1703 5689 1708 5690 ί
1790 5689 1807 5700 ’
1860 5689 1863 5690 ν
1904 5689 1912 5690 7
1962 5689 1975 5690 ί

2118 5689 2270 5764 nu‘m'.
