3852 6192
160 295 265 353 S37

1126 296 1600 366 QUESTIONES
1636 297 1730 354 AD
1768 296 2179 356 ANTIOCHUM
2219 296 2480 354 DUCEM.

3332 303 3439 361 638

167 411 415 483 ,ρώπους
441 411 704 482 σωθῆναι,
728 411 823 467 καὶ
848 413 929 477 είς
957 412 1254 482 ἐπίγνωσιν
1281 415 1537 488 ἀληθείας
1557 415 1752 470 ἐλθεῖν.

1871 428 2057 470 omnes
2103 414 2358 469 homines
2391 413 2576 469 salvos
2605 410 2722 468 ﬁeri
2749 417 2805 468 et
2835 410 2890 466 in
2928 412 3265 484 agnitionem
3296 417 3442 471 veri-

168 502 362 573 ὶιόπερ
398 502 493 555 καὶ
537 505 654 566 τοῖς
692 503 792 575 μὲν
841 505 1189 579 ἁμαρτωλοῖς
1231 507 1493 571 πολλάκις
1545 523 1754 578 μακρο-

168 594 384 666 (ρονίαν
415 594 700 666 χαρίζεται
748 596 848 668 (6),
899 598 1156 671 ἀφορμὴν
1191 600 1376 664 αὐτοῖς
1413 599 1588 662 διδοὺς
1616 597 1755 670 πρὸς

169 685 492 751 ,ιετάνοιανο
528 686 678 752 ὅπως
709 687 814 741 κᾶν
861 687 938 752 ὡς
965 691 1018 742 ot
1056 690 1187 762 περὶ
1219 690 1323 762 τὴν
1365 689 1656 760 ἑνδεκάτην
1694 691 1755 744 ὲν

168 777 315 830 ὀάθει
340 777 531 849 γήρως
555 778 956 851 ὲπιστρέψωσι·
984 781 1112 846 τοὺς
1150 782 1207 834 δὲ
1227 782 1470 846 δικαίους
1493 782 1756 846 πολλάκις

169 868 566 939 Ἆλιγοχρονίους
587 870 824 941 ἁρπάζει
843 887 859 902 ·
895 871 984 925 ἵνα
1017 871 1113 944 μὴ,
1137 871 1213 936 ῶς
1228 890 1405 944 φησιν
1435 869 1754 942 ὁΣολομὼν,

169 963 192 1033 ή
224 961 402 1015 κακία
431 960 640 1033 ἀλλάξῃ
670 962 747 1034 (7)
780 956 998 1017 σύνεσιν
1029 956 1289 1036 αὐτῶνχῆ
1317 964 1467 1027 δόλος
1496 965 1754 1036 ἀπατήσῃ

169 1052 341 1124 Ῑωχὴν
374 1044 978 1130 αὐτῶνΒτελειωθέντες
999 1053 1059 1106 ὲν
1089 1052 1256 1124 ὀλίγῳ
1287 1051 1612 1124 ἐπλήρωσαν
1631 1052 1756 1124 χρό-

169 1161 288 1210 δους
318 1143 590 1214 μακρούς.
608 1146 839 1218 ’Δρεστὴ
871 1146 980 1219 γάρ
1010 1144 1079 1219 ἦν
1104 1146 1296 1220 Κυρίῳ
1320 1148 1354 1218 ή
1379 1145 1526 1218 ψυχὴ
1553 1144 1752 1201 αὐτῶν.

242 1320 442 1392 Έρώτ.
490 1320 552 1376 o'.
599 1322 667 1377 Τί
696 1319 826 1390 οῦν;
878 1323 1068 1389 Οὐδεὶς
1118 1324 1229 1380 τῶν
1270 1326 1328 1380 ὲν
1369 1324 1504 1397 τῷδε
1535 1325 1616 1396 τῷ
1656 1324 1758 1399 βίῳ

169 1411 706 1486 εαλαιπωρησάντων
750 1415 1061 1488 εἰσέρχεται
1097 1417 1217 1470 ἐκεῖ
1259 1417 1340 1480 είς
1368 1415 1468 1488 τὴν
1508 1417 1755 1485 γέενναν,

171 1505 286 1561 ὧτε
324 1506 432 1578 μὴν
466 1506 630 1561 πάλιν
674 1525 761 1572 τις
791 1509 900 1562 τῶν
929 1507 1390 1580 εὐημερησάντων
1431 1500 1536 1562 ὧδε
1573 1507 1756 1581 είσέρ-

167 1616 320 1670 (εται
356 1601 475 1653 ἐκεῖ
500 1601 581 1664 είς
608 1599 706 1672 τὴν
737 1599 1014 1671 βασιλείαν
1043 1600 1154 1656 τῶν
1190 1600 1434 1672 οὐρανῶν
1462 1602 1578 1673 (8);

247 1691 441 1744 Ἀπόκ.
474 1692 604 1746 Ναί.
645 1693 708 1746 Ol
745 1693 843 1764 μὲν
868 1692 977 1765 γάρ
1014 1691 1124 1748 τῶν
1171 1693 1475 1766 ἀνθρώπων
1506 1695 1757 1766 ἥμαρτον

171 1783 406 1853 μεγάλα,
435 1784 530 1838 καὶ
575 1785 976 1858 ὲπαιδεύθησαν
1009 1779 1114 1841 ὧδε
1147 1787 1340 1858 μικρὰ,
1376 1791 1470 1841 καὶ
1511 1788 1763 1843 ὑπόκειν-
1793 1777 1836 1834 Β

171 1893 253 1930 cat
287 1876 510 1940 πάντως
537 1878 656 1931 ἐκεῖ
686 1879 1085 1951 τιμωρηθῆναι,
1114 1879 1191 1944 ῶς
1223 1881 1317 1935 ἐπὶ
1351 1881 1460 1935 τῶν
1499 1883 1558 1936 έν
1598 1881 1756 1935 Σοδό-

172 1987 291 2040 ,ιοις
324 1969 657 2042 εὑρίσκομεν
681 1989 696 2004 ’
730 1973 782 2025 οἱ
827 1973 885 2026 δὲ
935 1973 1099 2027 πάλιν
1138 1975 1494 2046 προσήγαγον
1521 1974 1601 2046 τῷ
1639 1973 1760 2047 Θεῷ

172 2063 452 2135 καμάτους
486 2063 735 2128 πολλοὺς,
778 2063 1042 2137 μετέσχον
1073 2065 1131 2119 δὲ
1177 2066 1416 2122 ἐνταῦθα
1459 2068 1760 2140 εὐημερίας

172 2159 375 2229 μικρᾶς
404 2157 506 2228 (9),
539 2158 635 2212 καὶ
666 2159 956 2213 ἀπόκειται
993 2160 1178 2224 αὐτοῖς
1209 2159 1397 2214 λοιπὸν
1436 2163 1471 2234 ή
1514 2161 1763 2232 βασιλεία

172 2250 277 2305 τῶν
322 2250 592 2320 οὐρανῶν,
638 2250 716 2315 ὡς
766 2253 816 2306 οἱ
863 2253 996 2324 περὶ
1035 2251 1289 2324 Ἀϐραὰμ
1343 2255 1438 2309 καὶ
1484 2255 1631 2320 Νῶε,
1665 2254 1762 2308 καὶ

173 2341 506 2412 Μελχισεδέκ
524 2359 539 2378 ε
575 2341 725 2396 ἄλλοι
753 2343 1001 2416 ἥμαρτον
1031 2343 1224 2410 πολλά,
1253 2344 1348 2398 καὶ
1384 2344 1582 2399 ἔπαθον
1609 2346 1764 2400 οὐδὲν

175 2433 357 2488 ἐνθάδε
384 2435 640 2506 πονηρὸν,
671 2435 748 2499 ὡς
783 2437 812 2488 ό
842 2435 1094 2502 πλούσιος
1139 2437 1168 2490 ὁ
1195 2437 1339 2492 κατὰ
1370 2438 1464 2492 τὸν
1490 2438 1760 2510 Λάζαρον,

173 2527 262 2579 καὶ
295 2526 610 2580 ὑπόκεινται
637 2528 757 2581 ἐκεῖ
780 2531 847 2600 τῇ
881 2530 1098 2584 πάντων
1121 2530 1479 2604 χαλεπωτέρᾳ
1506 2531 1727 2586 κολάσει
1744 2548 1760 2563 ⁸

175 2618 348 2690 ἕτεροι
379 2617 438 2671 δὲ
474 2618 698 2690 ἐξῆλθον
729 2619 818 2674 διὰ
845 2619 977 2673 Θεὸν
1005 2623 1062 2674 ὲν
1093 2621 1200 2694 ὅλῳ
1229 2621 1307 2693 τῷ
1337 2623 1513 2694 χρόνῳ
1557 2625 1616 2678 ὲν
1662 2641 1766 2696 μη-

173 2713 376 2774 λωταῖς
425 2711 521 2765 καὶ
574 2710 805 2780 αἰγείοις
860 2711 1126 2783 δέρμασι,
1180 2714 1364 2785 πάσης
1414 2714 1768 2780 ἀπολαύσεως

175 2805 418 2874 επιγείου
463 2804 889 2876 άπαταξάμενοι,
933 2805 985 2858 οἳ
1033 2806 1127 2859 καὶ
1161 2805 1422 2878 μειζόνων
1449 2809 1603 2880 παρὰ
1632 2809 1766 2864 Θεοῦ

173 2895 393 2967 δωρεῶν
435 2895 574 2967 ὑπὲρ
623 2896 832 2960 πάντας
866 2893 1180 2960 ἀξιοῦνται·
1219 2898 1370 2952 ἄλλοι
1422 2899 1479 2952 δὲ
1521 2900 1770 2973 ἥμαρτον

173 2989 257 3060 τῷ
291 2988 412 3060 Θεῷ
449 2987 690 3060 μερικῶς
718 2989 852 3060 (10),
888 2991 983 3043 καὶ
1013 2990 1411 3062 ὲπαιδεύθησαν
1438 2991 1608 3059 ἀξίως
1629 2993 1769 3065 ὑπὲρ

174 3075 248 3137 ὧν
281 3082 553 3154 ἥμαρτον,
579 3083 674 3136 καὶ
707 3081 1093 3154 ὲλυτρώθησαν
1125 3085 1243 3136 ἐκεῖ
1273 3084 1376 3156 τῆς
1419 3084 1638 3139 αἰωνίου
1670 3103 1765 3138 κο-

178 3175 408 3240 Αάσεως,
438 3173 514 3238 ὡς
545 3176 573 3227 ὁ
607 3173 825 3246 πτωχὸς
855 3173 1127 3247 Λάζαρος.
1160 3176 1322 3229 Ὥστε
1363 3175 1454 3229 διά
1482 3176 1591 3230 τῶν
1617 3180 1769 3248 εἰρη-

177 3267 356 3337 μένων
409 3266 708 3338 ὲμάθομεν,
756 3267 840 3320 ὃτι
868 3267 919 3320 οί
969 3267 1069 3338 μὲν
1115 3267 1226 3321 τῶν
1259 3267 1564 3339 ἀνθρώπων
1611 3271 1773 3323 κάκεῖ

178 3361 271 3414 καὶ
311 3352 416 3414 ὧδε
447 3359 800 3424 κολάζονται’
835 3362 884 3414 οἱ
915 3359 972 3414 δὲ
1019 3353 1121 3414 ὧδε
1155 3361 1250 3415 καὶ⁸
1286 3360 1445 3432 μόνον
1466 3377 1479 3391 ·
1535 3360 1684 3415 ἄλλοι
1713 3361 1771 3414 δὲ

176 3445 285 3508 ὧδε
309 3451 409 3523 μὲν
438 3452 711 3523 οὐδαμῶς,
745 3452 863 3506 ἐκεῖ
890 3453 949 3506 δὲ
993 3453 1288 3524 ὀδυνηρῶς.
1337 3453 1547 3524 ’Ὠσπερ
1583 3454 1678 3506 καὶ
1709 3453 1772 3506 τὸ

175 3543 421 3598 ἐναντίον
453 3542 564 3614 (11)
585 3559 598 3572 ·
631 3543 715 3597 ὅτι
758 3543 808 3596 οἱ
849 3542 946 3614 μὲν
974 3542 1068 3596 καὶ
1090 3541 1322 3598 ἐνταῦθα
1356 3543 1450 3596 καὶ
1491 3543 1608 3595 ἐκεῖ
1637 3542 1775 3596 άποο

177 3635 466 3690 λαύουσιν·
520 3637 571 3690 οἱ
620 3635 680 3689 δὲ
729 3634 963 3689 ἐνταῦθα
1003 3635 1103 3706 μὲν
1143 3635 1417 3707 οὐδαμῶς,
1469 3635 1586 3690 ἀλλ’
1632 3636 1768 3690 ἐκεῖ.

177 3730 346 3792 Ἴσως
377 3727 436 3784 δέ
464 3744 608 3791 τινες
652 3727 749 3782 καὶ
778 3726 887 3781 τῶν
933 3727 1168 3781 ἐνταῦθα
1215 3727 1312 3781 καὶ
1339 3726 1448 3779 τῶν
1482 3726 1601 3778 ἐκεῖ
1626 3726 1769 3779 άπο-

176 3823 473 3876 πίπτουσιν
495 3837 509 3852 ο
557 3813 661 3875 ὧδε
699 3819 797 3890 μὲν
844 3819 911 3874 δι’
958 3819 1481 3891 άνθρωπαρέσκειαν
1521 3833 1772 3871 κακοπα-

176 3914 468 3985 θήσαντες,
497 3912 595 3966 καὶ
640 3910 730 3965 διά
765 3912 924 3965 τοῦτο
962 3911 1073 3965 τῶν
1116 3913 1235 3966 ἐκεῖ
1268 3910 1486 3980 ἀγαθῶν
1513 3909 1776 3962 ἐκπεσόν-

175 4022 289 4069 τες.
345 4006 442 4058 Δεῖ
497 4004 676 4058 τοίνυν
730 4003 940 4067 πάντας
990 4003 1118 4067 τοὺς
1167 4003 1412 4067 εὐσεϐεῖς
1469 4001 1776 4073 συμπαθεῖς

175 4098 509 4152 ἐπίστασθαι
584 4097 850 4170 ἀκριϐῶς,
909 4098 1105 4167 ὅτιπερ
1163 4096 1225 4150 οὐ
1287 4097 1446 4167 μόνον
1509 4094 1650 4165 ὑπὲρ
1699 4087 1774 4148 ὧν

175 4188 425 4261 ἔπραξαν
457 4187 772 4241 ὑπόκεινται
804 4188 1150 4258 συμπάθειαν
1194 4188 1276 4250 είς
1318 4188 1446 4250 τοὺς
1489 4185 1774 4256 δεομένους

176 4279 576 4346 ἐπιδείξασθαι,
626 4278 762 4332 άλλά
811 4279 906 4332 καὶ
957 4278 1098 4349 ὑπὲρ
1141 4277 1360 4332 πάντων
1403 4269 1480 4330 ὧν
1512 4276 1696 4340 αὐτοῖς
1745 4273 1777 4327 ὁ

174 4372 316 4436 Θεὸς
340 4372 655 4442 ἐδωρήσατο
683 4370 925 4439 ἀγαθῶν.
961 4372 1036 4424 Οὐ
1073 4369 1184 4443 γὰρ
1214 4369 1295 4422 δεῖ
1327 4371 1546 4442 μετρεῖν
1593 4368 1663 4422 τά
1693 4367 1776 4420 δι-

1858 510 1991 563 tatis
2022 508 2229 564 venire.
2269 505 2413 563 Hinc
2461 522 2606 578 saepe
2643 507 3028 577 peccatoribus
3053 508 3273 580 longum
3307 525 3444 565 con-

1857 600 2008 655 cedit
2030 607 2271 672 tempus,
2307 599 2660 656 occasionem
2692 599 2807 656 illis
2833 599 2900 655 ad
2925 600 3302 671 pmnitentiam
3344 601 3444 656 tri-

1857 691 2054 757 buens,
2089 700 2150 747 ut
2185 692 2408 759 saltem,
2440 692 2593 748 velut
2621 693 2715 764 qui
2761 691 2831 747 ad
2868 693 3061 748 horam
3097 695 3444 750 undecimam

1857 794 2151 851 venerunt,
2202 787 2258 841 in
2291 793 2538 842 extrema
2577 796 2859 844 senectute
2908 797 3318 843 convertantur.
3347 787 3444 843 Ju-

1857 885 1975 934 stos
2000 893 2167 947 porro
2195 893 2339 948 sape
2361 885 2486 948 post
2506 879 2672 934 breve
2699 879 2825 933 vita:
2856 887 3070 949 tempus
3098 880 3319 950 abripit,
3351 897 3441 944 ne,

1859 975 1921 1022 ut
1949 969 2026 1022 ait
2063 967 2346 1036 Salomon,
2373 969 2582 1024 malitia
2604 975 2777 1024 mutet
2803 969 3140 1024 intellectum
3171 970 3443 1040 ipsorum,

1861 1067 1957 1114 aut
1979 1060 2140 1116 dolus
2168 1059 2405 1132 decipiat
2424 1076 2612 1116 eorum
2643 1061 2906 1115 animam.
2933 1079 2952 1111 ι
2977 1061 3356 1116 Consummati
3389 1061 3445 1116 in

1857 1151 2037 1217 brevi,
2081 1152 2438 1222 expleverunt
2466 1159 2714 1222 tempora
2753 1153 2975 1226 longa“.
3007 1171 3026 1204 ›
3067 1152 3273 1208 Placita
3297 1153 3446 1210 enim

1858 1254 1979 1302 erat
2006 1242 2239 1300 Domino
2283 1245 2466 1300 anima
2498 1246 2762 1316 ipsorum.

1931 1336 2153 1403 er-zsr.
2193 1336 2357 1390 LXX.
2408 1335 2551 1402 Quid
2601 1335 2969 1407 ergoiNemo
3019 1351 3208 1392 eorum
3261 1335 3354 1405 qui
3390 1335 3449 1388 in

1859 1427 1966 1483 bac
1997 1429 2109 1482 vita
2137 1427 2517 1482 calamitosam
2547 1428 2761 1482 ducunt
2792 1428 2961 1482 vitam
3003 1428 3134 1482 illuc
3165 1428 3218 1481 in
3245 1427 3450 1497 gehen-

1858 1535 1987 1576 nam
2014 1519 2362 1592 ingreditur?
2380 1519 2622 1575 Nemone
2664 1522 2795 1575 item
2833 1521 3053 1576 illorum
3087 1521 3179 1590 qui
3216 1521 3304 1574 hic
3335 1519 3451 1576 for-

1858 1616 2052 1665 tunate
2078 1611 2295 1675 vivunt,
2323 1611 2632 1682 ingreditur
2667 1611 2724 1665 in
2761 1627 2990 1682 regnum
3021 1611 3328 1666 caelorum?

1930 1701 2088 1758 Rssr.
2140 1702 2237 1758 Est
2267 1718 2400 1758 sane
2427 1703 2524 1757 ita.
2561 1703 2669 1757 Alii
2703 1704 2847 1758 enim
2880 1703 3120 1775 graviter
3145 1701 3450 1757 admodum

1861 1803 2252 1864 peccaverunt,
2283 1803 2337 1851 et
2371 1811 2565 1866 parum
2600 1796 2692 1850 hic
2739 1803 2869 1850 sunt
2916 1794 3189 1866 castigati,
3221 1794 3449 1850 debent-

1861 1901 1969 1957 que
1999 1887 2224 1940 omnino
2264 1886 2380 1941 illic
2407 1887 2590 1956 puniri
2625 1895 2685 1941 ut
2710 1888 2765 1941 in
2799 1885 3100 1941 Sodomitis
3130 1885 3316 1940 videre
3341 1895 3449 1941 est.

1859 1977 1968 2031 Alii
1997 1993 2194 2033 rursus
2225 1979 2428 2032 multos
2473 1978 2692 2032 labores
2737 1976 2848 2033 Deo
2876 1977 3213 2043 obtulerunt,
3241 1991 3454 2047 parua-

1861 2083 1968 2138 que
1999 2065 2278 2122 felicitatis
2320 2067 2410 2122 hic
2455 2066 2609 2122 fuere
2647 2067 2967 2138 participes,
3017 2066 3219 2138 quibus
3262 2065 3452 2136 utique

1861 2174 2092 2231 regnum
2139 2160 2409 2215 caelorum
2459 2166 2805 2215 reservatum
2857 2165 2980 2226 est,
3020 2166 3081 2213 ut
3126 2157 3450 2222 Abraham,

1862 2252 1980 2309 Noe
2008 2261 2064 2309 et
2099 2251 2484 2308 Melehisedec.
2522 2251 2631 2306 Alii
2666 2251 2898 2305 multum
2929 2257 3318 2320 peccaverunt,
3365 2249 3452 2304 ni-

1863 2345 2052 2416 hilque
2081 2345 2173 2401 hic
2206 2343 2612 2399 incommodum
2643 2344 2890 2414 perpessi
2922 2351 3052 2398 sunt
3089 2351 3150 2396 ut
3182 2342 3335 2396 dives
3361 2340 3454 2396 ille

1866 2438 1961 2509 qui
1992 2439 2049 2493 in
2095 2437 2330 2494 historia
2369 2435 2564 2490 Lazari
2599 2436 3000 2500 memoratur’,
3037 2435 3258 2505 illicque
3301 2433 3456 2489 subi-

1865 2530 1977 2585 turi
2000 2538 2130 2586 sunt
2159 2528 2524 2599 asperrimum
2553 2527 2797 2582 omnium
2834 2525 3184 2596 supplicium.
3216 2525 3324 2578 Alii
3350 2539 3454 2577 au-

1867 2632 1977 2679 tem
2015 2638 2112 2694 per
2145 2629 2320 2677 totam
2356 2620 2523 2676 vitam
2556 2627 2780 2692 propter
2818 2617 2988 2673 Deum
3024 2617 3365 2672 circuierunt
3399 2617 3455 2670 in

1867 2716 2088 2772 melotis
2135 2721 2190 2770 et
2223 2713 2462 2785 pellibus
2489 2713 2732 2783 caprinis
2756 2711 2822 2778 ¹⁰,
2851 2710 3004 2764 omni
3051 2717 3271 2764 terrena
3306 2709 3460 2763 volu-

1869 2815 2019 2880 ptate
2047 2808 2275 2878 rejecta,
2305 2821 2447 2877 quos
2470 2805 2830 2874 amplioribus
2851 2801 3014 2858 donis
3043 2802 3155 2856 illic
3184 2799 3328 2856 Deus
3348 2816 3459 2870 pra:

1870 2903 2089 2958 caeteris
2134 2899 2393 2955 omnibus
2427 2898 2768 2969 dignabitur.
2801 2896 2906 2951 Alii
2941 2911 3071 2952 vero
3101 2896 3158 2950 in
3188 2893 3360 2950 Deum
3389 2909 3460 2949 ex

1871 3001 2028 3065 parte
2054 2998 2448 3063 peccaverunt,
2479 2997 2553 3053 et,
2582 2997 2644 3043 ut
2676 2989 3053 3052 merebantur,
3089 3002 3189 3058 pro
3218 2985 3458 3056 peccatis

1871 3085 2146 3143 emendati
2178 3095 2328 3150 sunt,
2371 3092 2535 3154 atque
2568 3083 2791 3138 aeternis
2822 3080 3116 3136 tormentis
3165 3087 3294 3134 sunt
3323 3079 3461 3135 libe-

1870 3182 2001 3246 rati,
2033 3181 2112 3235 uti
2152 3193 2362 3249 pauper
2390 3176 2654 3232 Lazarus.
2691 3174 2848 3230 Unde
2889 3190 2955 3228 ex
2986 3171 3263 3243 praedictis
3291 3170 3461 3225 disci-

1869 3287 1993 3327 mus
2051 3271 2189 3326 alios
2234 3276 2288 3324 et
2335 3269 2447 3324 illic
2489 3278 2541 3323 et
2585 3268 2675 3322 hic
2737 3266 2920 3338 puniri
2975 3284 2988 3320 :
3040 3265 3177 3319 alios
3209 3277 3340 3317 vero
3371 3262 3462 3316 hic

1870 3365 2177 3420 duntaxat:
2205 3363 2342 3417 alios
2373 3371 2554 3416 autem
2587 3361 2678 3416 hic
2711 3360 2936 3414 minime
2969 3356 3178 3428 puniri,
3224 3353 3318 3410 sed
3348 3353 3463 3409 illic

1870 3457 2132 3529 graviter.
2173 3453 2246 3510 Ut
2291 3463 2346 3510 et
2375 3470 2405 3510 e
2453 3454 2754 3518 contrario,
2803 3451 2896 3505 alii
2929 3451 3018 3504 hic
3057 3456 3111 3504 et
3156 3449 3269 3502 illic
3300 3446 3467 3502 bonis

1871 3545 2251 3616 perfruuntur,
2285 3545 2378 3598 alii
2411 3544 2500 3599 hic
2535 3544 2782 3608 minime,
2808 3541 2901 3596 sed
2935 3539 3070 3598 illic.
3097 3537 3262 3594 Forte
3294 3537 3461 3591 etiam

1870 3637 2122 3694 nonnulli
2160 3648 2214 3694 et
2256 3637 2346 3692 hic
2391 3645 2445 3692 et
2482 3636 2595 3691 illic
2629 3635 2780 3690 omni
2825 3632 3105 3701 voluptate
3149 3630 3464 3702 privamur,

1872 3730 1967 3800 qui
1997 3745 2195 3799 nempe
2235 3728 2325 3783 hic
2374 3736 2434 3782 ut
2467 3729 2746 3798 placerent
2770 3725 3108 3786 hominibus,
3145 3723 3287 3776 mala
3329 3729 3462 3775 sunt

1872 3821 2142 3892 perpessi,
2195 3828 2250 3876 et
2300 3820 2373 3875 ob
2421 3819 2565 3873 hanc
2609 3833 2835 3874 causam
2878 3817 2989 3872 illic
3040 3829 3258 3886 quoque
3300 3813 3463 3868 bonis

1873 3912 2217 3967 exciderunt.
2272 3910 2464 3980 Itaque
2509 3924 2702 3964 omnes
2741 3908 2863 3978 pios
2910 3905 3268 3960 condolentes
3321 3903 3465 3957 scire

1873 4023 2102 4064 necesse
2132 4013 2238 4072 est,
2281 4021 2392 4060 non
2437 4006 2614 4060 solum
2657 4003 2856 4058 debere
2910 4017 3010 4072 pro
3045 4000 3132 4053 his
3177 4014 3298 4068 quae
3329 4013 3459 4066 cge-

1873 4104 2005 4154 runt
2042 4112 2102 4152 se
2139 4096 2496 4152 condolentes
2536 4108 2664 4164 erga
2695 4091 3004 4162 indigentes
3039 4089 3320 4150 exhibere,
3367 4088 3463 4139 εοά

1874 4198 1930 4245 et
1959 4203 2059 4259 pro
2102 4187 2364 4242 omnibus
2393 4184 2554 4240 bonis
2590 4198 2712 4254 qum
2755 4182 2865 4237 illis
2899 4181 3122 4235 donavit
3153 4177 3319 4232 Deus.
3351 4175 3464 4242 Nec

1875 4280 2020 4335 enim
2064 4279 2247 4334 metiri
2291 4282 2508 4347 oportet
2550 4290 2670 4345 qua:
2725 4274 2779 4328 in
2826 4286 3096 4343 pauperes
3144 4277 3462 4338 erogantur,

1876 4371 1974 4428 sed
2007 4369 2292 4425 attendere
2322 4384 2387 4423 ea
2427 4383 2456 4421 a
2487 4365 2598 4421 Deo
2639 4365 2798 4421 nobis
2833 4365 3050 4426 donari,
3095 4378 3164 4416 ne
3194 4360 3334 4415 forte
3364 4375 3470 4431 pro

175 4467 408 4537 δόμενα,
444 4464 581 4518 άλλά
631 4463 701 4517 τά
752 4464 858 4517 ὑπὸ
891 4462 987 4516 τοῦ
1041 4462 1178 4516 Θεοῦ
1213 4464 1346 4534 ἡμῖν
1397 4460 1761 4534 χαριζόμενα·

1877 4460 2016 4532 ipsis
2075 4461 2171 4515 Dei
2228 4459 2388 4514 donis
2448 4455 2786 4512 horrendum
2828 4455 3125 4511 subeamus
3171 4452 3460 4523 judicium.

181 4559 386 4628 μήπως
420 4556 518 4609 καὶ
557 4555 698 4627 ὑπὲρ
732 4554 913 4608 αὐτῶν
955 4553 1064 4607 τῶν
1092 4552 1187 4607 τοῦ
1221 4553 1356 4606 Θεοῦ
1387 4552 1606 4625 δωρεῶν
1648 4551 1773 4623 κρί-

181 4666 319 4722 ματι
401 4645 622 4718 φοϐερῷ
653 4647 1078 4719 ,ὑποπέσωμεψ
1152 4644 1424 4708 Πολλάκις
1500 4643 1611 4714 γάρ
1678 4642 1777 4698 κα)⁵

178 4740 427 4804 ἀναξίοις
474 4739 570 4793 καὶ
597 4737 942 4810 ἁμαρτωλοῖς
972 4740 1001 4792 ὁ
1043 4736 1178 4801 Θεὸς
1210 4735 1438 4790 πλοῦτον
1471 4734 1776 4806 χαρίζεται,

180 4834 274 4886 ῖνα
300 4831 369 4884 δι’
398 4831 567 4884 αὐτοῦ
601 4833 660 4885 ὲν
692 4829 1087 4902 ὲλεημοσύναις
1115 4829 1214 4893 τάς
1251 4826 1461 4882 ἑαυτῶν
1499 4826 1776 4900 ἁμαρτίας

182 4924 562 4988 άποπλύνωσι,
609 4925 705 4978 καὶ
737 4923 1114 4994 ὲξαλείψωσιν.
1173 4919 1596 4994 Ἐλεημοσύναις
1643 4919 1773 4995 γάρ,

185 5018 354 5088 φησιν
379 5019 413 5088 ή
449 5015 568 5070 θεία
596 5016 811 5088 Γραφὴ,
843 5015 1311 5086 ἀποκαθαίρονται
1345 5013 1633 5085 ἁμαρτίαι.

273 5111 471 5183 Ἐρώτ.
503 5116 605 5164 οα¹.
641 5109 708 5165 Τί
743 5109 970 5186 θέλομεν
1001 5108 1181 5178 λέγειν
1213 5108 1345 5181 περί
1379 5107 1489 5160 τῶν
1521 5106 1782 5178 ἐξαίφνης

186 5199 589 5268 τελευτώντων,
613 5202 647 5274 ἢ
683 5201 1159 5275 κρημνιζομένων,
1189 5202 1224 5272 ἦ
1269 5199 1377 5254 ὑπὸ
1403 5199 1578 5254 ἄλλων
1606 5198 1784 5253 τοιού-

188 5313 299 5353 των
325 5294 574 5350 θανάτων
603 5295 748 5349 τέλει
775 5294 871 5349 τοῦ
906 5295 1022 5365 βίου
1055 5294 1390 5368 χρωμένων;

1878 4555 2033 4628 Saepe
2067 4555 2213 4612 cnim
2245 4560 2314 4609 'et
2341 4551 2582 4622 indignis
2624 4557 2678 4606 et
2707 4547 3092 4621 peccatoribus
3138 4545 3283 4600 Deus
3321 4543 3463 4598 divi-

1878 4650 1988 4704 tias
2020 4647 2288 4718 impertit,
2333 4651 2396 4698 ut
2435 4644 2652 4698 illarum
2703 4657 2805 4712 ope
2834 4650 3057 4712 peccata
3103 4654 3200 4693 sua
3233 4637 3466 4691 cleemo-

1877 4743 2031 4815 synis
2062 4742 2310 4799 abluaut.
2354 4737 2732 4808 Eleemosynis
2766 4737 2934 4805 enim,
2972 4733 3150 4806 inquit
3180 4731 3464 4801 Scriptura

1877 4834 2097 4903 divina},
2141 4837 2366 4905 peccata
2400 4835 2704 4902 purgantur
2726 4827 2744 4857 ³

1957 5104 2182 5172 ρυλες-ι’.
2208 5097 2398 5156 LXXI.
2438 5097 2582 5167 Quid
2608 5096 2899 5153 dicendum
2936 5098 3022 5149 est
3048 5089 3116 5144 de
3146 5088 3214 5143 iis
3244 5087 3338 5157 qui
3367 5101 3463 5141 su-

1884 5197 2002 5255 bito
2035 5196 2367 5259 moriuntur,
2391 5198 2486 5246 aut
2517 5189 2952 5262 praecipitantur,
2989 5184 3073 5239 vel
3100 5180 3262 5238 simili
3289 5187 3468 5234 morte

1887 5289 2168 5346 intereunt
2184 5287 2205 5341 ἳ

261 5453 287 5486 ⁸
325 5449 460 5524 Sap.
491 5467 572 5522 tv,
603 5450 691 5505 ll.
768 5451 790 5483 '
826 5450 962 5508 Luc.
996 5465 1122 5517 XVI,
1154 5450 1248 5506 20.
1324 5449 1369 5482 ¹⁰
1409 5447 1576 5506 Hebr.
1610 5464 1663 5504 ιι
1685 5489 1702 5518 ,
1731 5447 1761 5503 5

1900 5445 1944 5478 ¹¹
2001 5441 2154 5500 Eccl.
2185 5455 2287 5509 ιιι,
2316 5438 2400 5498 55.

293 5609 348 5750 3}
376 5607 1250 5751 ἕξεθ’,ιέεῗιςὲξέῖςέϊὲἔάρξὲἓὲξιῖ

295 5747 351 5822 8)
379 5749 462 5806 Ita
488 5764 655 5816 mss.;
683 5747 794 5806 τῶν
821 5749 1062 5822 οὐρανῶν
1086 5747 1241 5808 deest
1268 5748 1325 5806 in
1345 5748 1526 5807 editis.

1986 5599 2206 5670 9)Beg.
2238 5596 2294 5665 2,
2337 5594 2574 5670 μακρᾶς.
2606 5590 2750 5646 Editi
2779 5603 2910 5642 vero
2939 5585 3160 5669 μικρᾶς.

1991 5665 2079 5731 ιθ)
2112 5665 2189 5724 Ita
2222 5665 2355 5723 mss.
2392 5665 2533 5720 Editi
2564 5678 2715 5724 vero,
2750 5665 3041 5731 μετρικῶς.

1966 5669 2054 5743 (ιο
2112 5669 2189 5724 Ita
2222 5683 2355 5723 mss.
2392 5669 2533 5720 Editi
2564 5678 2715 5724 vero,
2750 5675 3041 5742 μετρεκως.

1966 5669 2080 5815 (ll;
2119 5739 2211 5797 Sic
2241 5737 2372 5809 Reg.
2411 5736 2463 5792 5.
2499 5733 2642 5789 Editi
2672 5747 2822 5798 vero,
2855 5747 2962 5785 των
2994 5725 3277 5782 ἐναντίων.
