3852 6192
410 323 515 380 659

414 545 525 582 non
565 536 648 582 est
694 527 1102 598 ambigendum.
1151 525 1405 581 Attamen
1453 541 1577 580 cum
1627 526 1775 582 dicat
1809 525 1995 580 Domi-

416 633 521 671 nus
553 635 568 672 :
602 635 621 666 ι
652 615 794 682 Quid
841 616 1031 670 enim?
1077 621 1161 669 An
1205 615 1394 670 decem
1435 615 1514 669 illi
1569 621 1624 670 et
1654 625 1778 669 octo
1828 629 1996 686 snpra

417 723 555 777 quos
593 706 792 761 cecidit
828 706 996 761 turris
1027 704 1254 770 Siloam,
1291 706 1464 775 magis
1494 712 1811 774 peccatores
1841 711 1998 759 erant

418 809 616 871 praeter
639 814 830 854 omnes
879 799 1187 852 habitantes
1218 799 1271 852 in
1301 797 1603 852 Jerusalem
1630 797 1653 850 ?
1683 796 1824 861 Non,
1873 797 1997 851 dico

417 893 575 947 vobis
602 892 643 923 ¹¹
671 911 682 946 :
715 911 733 944 ι
775 891 899 945 inde
925 891 1190 945 discimus
1217 905 1324 942 non
1349 903 1542 942 omnes
1565 887 1661 956 qui
1691 886 1844 957 impii
1869 895 1999 940 sunt

419 992 473 1037 et
525 982 738 1052 iniqui,
793 981 1045 1035 acerbam
1081 985 1311 1033 mortem
1344 978 1505 1048 232
1559 977 1732 1032 obire.
1783 975 1998 1030 Etenim

418 1075 542 1130 Jobi
578 1077 833 1139 ﬁliorum,
864 1074 957 1144 qui
984 1072 1120 1143 justi
1145 1078 1323 1134 erant,
1349 1072 1546 1125 acerba
1573 1085 1723 1125 mors
1757 1069 1878 1122 fuit.
1902 1069 2002 1138 Igi-

420 1178 510 1223 tur
549 1169 665 1223 haec
709 1168 818 1222 duo
856 1167 1118 1221 debemus
1157 1164 1506 1230 concludere,
1557 1163 1680 1234 pios
1724 1161 1996 1226 homines,

420 1258 513 1328 qui
553 1259 746 1312 acerba
792 1263 968 1310 morte
1005 1255 1350 1320 interierunt,
1399 1254 1516 1309 leve
1558 1253 1779 1322 aliquod
1805 1253 1998 1304 vitium

422 1348 703 1413 habuisse,
729 1363 901 1416 eoque
929 1347 1188 1400 liberatos
1217 1360 1366 1416 esse,
1391 1345 1537 1398 malo
1569 1342 1888 1412 hujusmodi
1918 1342 2002 1395 in-

421 1439 607 1503 teritu,
643 1446 702 1492 ut
747 1438 1045 1507 majoribus
1080 1453 1208 1492 vere
1256 1436 1558 1490 honoribus
1588 1434 1740 1506 digni
1784 1441 1988 1490 essent.

420 1531 476 1584 Id
511 1531 674 1585 etiam
703 1531 999 1598 evenit,.ut
1025 1546 1144 1593 nos.
1176 1531 1294 1584 hmc
1326 1529 1596 1594 videntes,
1639 1529 1893 1583 meliores
1920 1526 2001 1580 ef-

422 1623 692 1686 ﬁciamur,
724 1621 879 1692 juxta
924 1624 1040 1676 haec
1084 1623 1293 1677 verba:
1326 1640 1343 1673 ι
1377 1620 1434 1675 Si
1471 1621 1657 1690 justus
1691 1620 1782 1673 vix
1820 1619 2000 1674 salva-

420 1723 530 1777 tur,
554 1713 758 1784 impius
782 1720 834 1768 et
863 1722 1123 1783 peccator
1153 1713 1245 1767 ubi
1280 1712 1553 1784 parebunt
1579 1711 1652 1764 ‘3?
1678 1730 1696 1762 ι
1737 1709 2002 1763 Similiter

1584 317 1643 373 s.
1686 312 2153 372 ATllANASEUS.
2194 345 2263 354 —
2304 297 2597 369 spumis;

485 438 646 490 Resp.
689 434 845 502 Quod
889 434 1005 489 hzec
1038 403 1249 488 incerta
1297 432 1408 490 sint
1449 443 1504 488 et
1541 434 1645 488 soli
1692 433 1799 488 Deo
1837 440 1988 495 nota,
2020 439 2068 494 Α

3582 313 3693 368 650

2179 431 2368 485 Ἀπόκ.
2407 432 2530 485 Ὅτι
2574 430 2672 502 μὲν
2701 430 2872 502 ἄδηλα
2915 430 2982 485 τὰ
3009 430 3234 486 τοιαῦτα
3263 449 3357 485 και
3383 431 3504 502 Θεῷ
3541 435 3694 506 μόνῳ

2096 523 2334 592 γνωστὰ,
2374 523 2436 576 οὐ
2477 523 2558 576 δεῖ
2581 523 2962 593 ἀμφιὸάλλειν.
3005 523 3198 594 Ὅμως
3229 523 3324 576 τοῦ
3358 523 3566 594 Κυρίου
3599 524 3692 577 λέ-

2095 630 2316 683 γοντος·
2361 632 2379 664 ι
2421 614 2486 666 Τί
2529 615 2638 686 γὰρ
2664 617 2712 668 οἱ
2758 615 2890 669 δέκα
2922 615 3020 668 καὶ
3050 613 3214 680 ὀκτὼ,
3247 616 3334 684 ἐφ’
3366 614 3462 679 οὓς
3493 618 3524 669 6
3549 617 3694 686 πύρ·

2096 723 2194 775 γος
2220 705 2314 759 τοῦ
2349 706 2571 778 Σιλωὰμ
2602 707 2818 771 ἔπεσεν,
2853 707 3296 778 άμαρτωλότεροι.
3347 703 3488 777 ἦσαν
3535 709 3692 775 παρά

2097 800 2307 864 πάντας
2359 801 2486 864 τοὺς
2529 800 2913 863 κατοικοῦντας
2964 802 3022 852 ἐν
3086 799 3476 870 Ἱερουσαλήμ;
3530 799 3688 869 Οὐχὶ,

2097 891 2240 961 λέγω
2286 893 2446 963 ὑμῖν·
2487 911 2507 946 ι
2549 891 2915 963 μανθάνομεν,
2960 892 3042 945 ὅτι
3087 894 3150 946 οὐ
3185 893 3386 956 πάντες
3415 893 3533 945 ὅσοι
3562 894 3692 945 ἀσε-

2100 986 2274 1056 ϐεῖςῆ
2308 987 2482 1040 ἄδικοι
2526 985 2876 1057 τυγχάνουσι,
2921 985 3105 1058 πικρῷ
3147 985 3361 1054 θανάτῳ
3393 985 3690 1038 τελευτῶν-

2099 1097 2189 1143 τες
2221 1076 2649 1148 ἁποθνήσκουσι.
2692 1080 2803 1132 Καὶ
2844 1076 2954 1149 γὰρ
2985 1079 3033 1130 οί
3077 1077 3265 1140 παῖδες
3293 1075 3386 1130 τοῦ
3431 1075 3575 1141 Ἰὼϐ,
3611 1075 3688 1128 δί-

2100 1189 2247 1225 καιοι
2272 1170 2447 1234 ὄντες,
2483 1169 2716 1224 ἐλεεινὸν
2750 1170 3050 1240 ὑπέμειναν
3077 1169 3325 1224 θάνατον.
3361 1169 3576 1223 Οὐκοῦν
3598 1168 3687 1222 δύο

2099 1259 2275 1314 ταῦτα
2309 1259 2421 1328 (12)
2457 1260 2603 1330 ἡμᾶς
2643 1260 2735 1312 ἐπὶ
2783 1259 2985 1312 τούτων
3022 1258 3128 1331 χρὴ
3168 1259 3560 1329 στοχάζεσθαι⁸
3608 1259 3686 1311 ὅτι

2099 1352 2149 1404 οἱ
2187 1351 2284 1420 μὲν
2308 1349 2576 1414 εὐλαϐεῖς,
2609 1351 2806 1421 πικρὸν
2836 1349 3270 1420 ἀποθνήσκοντες
3299 1350 3555 1412 θάνατον,
3602 1367 3688 1420 μισ

2102 1446 2232 1516 κρόν
2260 1463 2312 1498 τι
2333 1443 2622 1514 ἐλάττωμα
2645 1443 2960 1513 ἐκέκτηντο,
2984 1445 3079 1497 καὶ
3105 1442 3279 1513 τούτῳ
3303 1441 3585 1514 ἐλυτρὼθη
3595 1461 3690 1495 σαν

2102 1539 2167 1591 ἐκ
2212 1538 2309 1607 τῆς
2349 1536 2608 1608 τοιαύτης
2659 1537 2905 1608 πονηρᾶς
2951 1535 3243 1606 τελευτῆς,
3299 1536 3384 1589 ἵνα
3425 1536 3692 1606 μειζόνων

2105 1627 2320 1700 ἀληθῶς
2347 1627 2520 1698 τιμῶν
2560 1624 2852 1692 ἀξιωθῶσι.
2885 1627 3085 1682 Λοιπὸν
3114 1628 3172 1681 δὲ
3213 1628 3360 1693 ὅπως
3389 1630 3483 1682 καὶ
3528 1631 3689 1700 ¹ἡμεῖς

2104 1720 2341 1792 ὁρῶντες
2369 1718 2830 1792 σωφρονισθῶμεν
2875 1718 3018 1772 κατὰ
3043 1718 3133 1772 τὸν
3177 1719 3467 1792 εἰρημένον
3493 1719 3687 1787 λόγον’

420 1820 550 1859 vero
579 1813 634 1859 et
674 1813 992 1875 peccatores
1040 1819 1165 1858 cum
1215 1803 1482 1873 ejusmodi
1518 1809 1747 1857 mortem
1783 1800 2002 1871 patiun-

2120 1832 2128 1864 l
2166 1813 2228 1865 El
2265 1815 2293 1865 6
2321 1813 2528 1876 δίκαιος
2575 1811 2731 1882 μόλις
2766 1810 3016 1874 σώζεται,
3043 1811 3072 1863 6
3103 1811 3325 1883 ἀσεϐὴς,
3373 1811 3468 1865 καὶ
3507 1814 3691 1884 ἀμαρο

423 1906 533 1959 tur,
585 1896 810 1950 omnino
860 1895 986 1950 inde
1034 1896 1271 1965 aliquam
1323 1893 1753 1950 misericordiam
1803 1908 2001 1948 conse-

425 1994 688 2058 quuntur.
730 1986 833 2054 Qui
867 1989 994 2043 item
1027 1989 1142 2042 haec
1167 1987 1372 2052 vident,
1407 1987 1646 2056 aliquam
1677 1986 1803 2041 inde
1825 1986 2004 2055 perci-

427 2077 584 2148 piunt
637 2079 971 2144 utilitatem,
1018 2087 1234 2149 raptum
1280 2085 1505 2148 repente
1553 2086 1841 2132 cernentes
1902 2091 2004 2131 nec

428 2168 740 2237 opinantem
772 2169 1068 2224 hominem.
1115 2168 1271 2234 Quod
1319 2170 1365 2224 si
1414 2168 1653 2224 infantes
1690 2183 1756 2223 eo
1788 2181 2005 2238 quoque

428 2261 592 2316 modo
641 2261 971 2325 moriuntur,
1030 2277 1098 2316 ne
1149 2261 1506 2330 obstupescas
1536 2279 1548 2314 :
1579 2274 1816 2329 namque
1868 2258 2006 2312 nihil

429 2355 507 2408 illi
537 2353 795 2409 damnum
841 2353 966 2408 inde
997 2353 1398 2422 perpetiuntur,
1427 2367 1534 2407 nec
1567 2351 1620 2405 id
1651 2352 1761 2407 illis
1805 2350 2006 2406 accidit

429 2444 710 2515 proprium
764 2443 834 2497 ob
875 2454 1180 2513 peccatum,
1227 2442 1323 2499 sed
1363 2451 1425 2498 ut
1461 2443 1706 2513 ipsorum
1749 2449 2007 2513 parentes

431 2537 687 2592 meliores
738 2543 793 2592 et
845 2537 1216 2607 religiosiores
1260 2535 1514 2599 evadant,
1564 2550 1761 2605 nempe
1807 2535 2009 2590 intelli-

430 2634 618 2694 gentes
656 2643 756 2683 sua
787 2634 1008 2697 propter
1035 2634 1260 2697 peccata
1303 2629 1445 2682 mori
1474 2629 1718 2697 ipsorum
1747 2627 2006 2684 infantes.

429 2715 702 2770 Caeterum
744 2717 802 2771 in
836 2717 922 2772 his
955 2715 1212 2772 omnibus
1251 2718 1566 2774 meminisse
1599 2726 1813 2788 oportet
1843 2719 2009 2788 hujus

431 2807 646 2862 Domini
691 2809 845 2864 vocis
882 2826 896 2863 :
928 2828 948 2860 ι
976 2808 1092 2864 Duo
1146 2824 1399 2879 passeres
1457 2825 1580 2866 asse
1633 2818 1902 2876 veneunt,
1957 2819 2010 2866 et

433 2917 576 2956 unus
617 2917 683 2956 ex
730 2901 840 2957 illis
887 2917 999 2955 non
1041 2900 1200 2956 cadet
1244 2917 1410 2972 super
1450 2910 1651 2957 terram
1703 2903 1821 2958 sine
1851 2902 2013 2958 Patre

434 3009 554 3048 meo
593 2995 687 3064 qui
721 2995 777 3048 in
815 2993 970 3050 cmlis
999 3001 1084 3048 est
1107 2993 1190 3060 ”;
1227 3014 1244 3046 ι
1276 3004 1331 3048 et
1354 2995 1499 3064 quod
1529 2995 1727 3060 nostri,
1769 2995 1862 3064 qui
1891 2993 2014 3050 Iide-

435 3083 514 3138 Ics
547 3100 760 3148 sumus,
787 3099 980 3141 omnes
1018 3085 1199 3156 capilli
1232 3087 1428 3156 capitis
1457 3087 1731 3140 numerati
1755 3093 1904 3141 sunt.

2102 1903 2272 1966 τωλδς
2308 1902 2410 1956 ποῦ
2457 1905 2735 1971 φανεῖται;
2786 1919 2804 1952 ι
2863 1901 3138 1965 Ὡσαύτως
3173 1903 3230 1955 δὲ
3277 1903 3372 1956 καὶ
3417 1905 3466 1956 oi
3507 1905 3690 1976 ἀμαρ-

2103 1996 2284 2061 τωλοί,
2312 1994 2575 2059 τοιούτοις
2617 1994 2865 2060 θανάτοις
2896 1995 3352 2066 ἀποθνήσκοντες,
3385 1996 3607 2059 πάντως
3633 1997 3690 2049 ἐν

2103 2088 2280 2159 τούτῳ
2338 2087 2564 2160 μερικοῦ
2617 2087 2730 2160 (15)
2787 2087 2970 2150 ἐλέους
3010 2085 3390 2157 τυγχάνουσιν.
3434 2087 3588 2158 ’Ἅμα
3635 2087 3691 2138 δὲ

2107 2180 2268 2234 πάλιν
2294 2181 2386 2234 κα)⁹
2413 2180 2462 2232 oi
2487 2178 2722 2252 ὁρῶντες
2752 2178 3024 2248 ὠφέλειάν
3045 2195 3166 2232 τινα
3199 2177 3540 2249 κομίζονται,
3573 2175 3695 2246 βλέ-

2108 2287 2298 2333 ποντες
2329 2270 2483 2338 ἄφνω
2513 2268 2912 2339 ἁρπαζόμενον,
2944 2268 3019 2332 ὡς
3057 2268 3158 2320 οὐκ
3187 2262 3315 2331 οἶδε,
3354 2266 3446 2319 τὸν
3478 2264 3692 2336 ἄνθρω-

2107 2380 2229 2417 πον.
2271 2363 2334 2415 Εἰ
2366 2361 2424 2415 δὲ
2453 2361 2550 2415 καὶ
2583 2362 2755 2432 νήπια
2801 2360 2946 2415 οὕτω
2998 2359 3343 2423 θανατοῦται,
3378 2359 3452 2430 μὴ
3480 2355 3695 2428 θαμση-

2109 2454 2227 2524 θῇς.
2263 2452 2412 2506 Αὒτά
2445 2453 2543 2524 μὲν
2569 2453 2676 2522 γὰρ
2703 2454 2766 2506 ἐκ
2793 2451 2983 2507 τούτου
3013 2451 3163 2505 οὐδὲν
3200 2450 3529 2521 ἐϐλάϐησαν,
3568 2447 3692 2502 οὔτε

2105 2545 2174 2599 δι’
2205 2545 2411 2599 οἰκείαν
2459 2545 2734 2616 ἁμαρτίαν
2785 2544 2944 2598 τοῦτο
2988 2541 3354 2597 πεπόνθασιν·
3403 2541 3517 2594 ἀλλ’
3544 2541 3694 2602 ὅπως

2110 2635 2205 2690 καὶ
2249 2637 2298 2688 οἱ
2348 2633 2529 2688 αὐτῶν
2575 2635 2754 2701 γονεῖς
2810 2630 3261 2702 σωφρονέστεροι,
3309 2629 3342 2700 ἢ
3398 2627 3494 2681 καὶ
3540 2625 3693 2678 εὐσε-

2111 2726 2356 2797 ϐέστεροι
2383 2724 2670 2794 γίνωνταισ
2704 2722 3064 2794 ἐννοούμενοι,
3099 2722 3290 2791 ὅτιπερ
3331 2717 3419 2771 διὰ
3455 2715 3555 2778 τάς
3596 2715 3694 2768 αύ-

2113 2817 2217 2872 τῶν
2253 2818 2484 2889 ἀνομίας
2526 2817 2638 2888 (14)
2684 2815 2829 2870 οὕτω
2874 2814 2944 2869 τὰ
3003 2813 3183 2869 αὐτῶν
3223 2811 3451 2882 τέθνηκε
3497 2810 3690 2878 νήπια.

2117 2908 2306 2979 Ὅμως
2346 2909 2440 2961 ἐπὶ
2476 2909 2608 2963 πᾶσι
2633 2905 2843 2968 τούτοις
2879 2904 2961 2958 δεῖ
2985 2905 3184 2960 ἐννοεῖν
3215 2902 3314 2972 τὴν
3345 2898 3441 2954 τοῦ
3485 2897 3696 2969 Κυρίου

2115 2998 2296 3070 φωνὴν
2331 2998 2429 3070 τὴν
2471 2997 2763 3066 λέγουσαν·
2797 2998 2880 3052 ὅτι
2925 3016 2945 3050 ι
2992 2995 3098 3051 Δύο
3135 2994 3390 3067 στρουθία
3432 2991 3694 3064 ἀσσαρίου

2117 3087 2399 3152 πωλεῖται,
2435 3089 2526 3142 καὶ
2556 3089 2613 3142 ἒν
2641 3085 2702 3154 ἐξ
2738 3089 2917 3142 αὐτῶν
2952 3089 3015 3142 ού
3059 3091 3305 3142 πεσεῖται
3338 3086 3430 3139 ἐπί
3455 3087 3555 3156 τῆς
3592 3084 3696 3154 γῆς

435 3175 564 3227 ἀνευ
606 3175 701 3228 τοῦ
750 3176 960 3248 Πατρός
996 3194 1096 3248 μου
1143 3176 1237 3231 τοῦ
1291 3180 1349 3231 ἐν
1393 3180 1669 3251 οὐρανοῖς·
1722 3197 1742 3231 ›
1781 3179 1876 3232 καὶ
1927 3178 2008 3232 ὅτι
2045 3179 2204 3250 ἡμῶν
2254 3181 2362 3235 τῶν
2396 3181 2600 3234 πιστῶν
2652 3181 2746 3235 καὶ
2778 3181 2836 3235 αί
2876 3181 3062 3253 τρίχες
3112 3181 3212 3252 τῆς
3255 3178 3494 3250 κεφαλῆς
3524 3179 3698 3231 πᾶσαι

438 3269 812 3342 ἠριθμημέναι
842 3271 1194 3342 ὑπάρχουσιν.

515 3359 737 3427 Ωωεετ.
772 3360 983 3419 LXXII.
1023 3362 1209 3419 Multis
1242 3364 1298 3418 in
1349 3371 1495 3418 terra
1541 3363 1864 3434 degentibus
1906 3369 2013 3419 tre-

2121 3363 2146 3426 ς
2191 3359 2386 3432 Ἐρώτ.
2435 3359 2531 3431 οβ’.
2579 3360 2802 3423 Πολλοῖς
2849 3357 2963 3431 (15)
3004 3358 3112 3414 τῶν
3141 3358 3234 3412 ἐπὶ
3269 3359 3373 3429 γῆς
3414 3357 3642 3431 φοϐερὸς
3668 3361 3700 3414 ὁ

442 3453 639 3508 menda
675 3454 793 3510 visa
840 3462 970 3509 sunt
1010 3454 1126 3509 haec
1156 3453 1372 3511 Domini
1401 3456 1568 3511 verba
1593 3474 1604 3509 :
1636 3474 1654 3507 ι
1684 3455 1860 3511 Omne
1888 3470 2017 3525 pec-

442 3553 627 3601 catum
653 3551 708 3602 et
737 3545 1076 3617 blasphemia
1099 3546 1409 3602 remittetur
1437 3547 1771 3604 hominibus.
1802 3546 1870 3600 Et
1893 3545 2016 3616 qui-

445 3653 666 3708 cunque
707 3637 906 3692 dixerit
953 3637 1178 3693 verbum
1225 3646 1416 3694 contra
1447 3637 1674 3704 Filium,
1712 3639 2022 3693 remittetur

447 3731 500 3787 ei
532 3751 545 3786 :
573 3731 666 3802 qui
692 3738 872 3786 autem
893 3730 1095 3786 dixerit
1126 3731 1352 3787 verbum
1384 3739 1576 3787 contra
1607 3730 1872 3802 Spiritum
1895 3745 2023 3785 san-

449 3829 621 3886 ctum,
646 3836 755 3876 non
789 3822 1100 3877 remittetur
1125 3821 1175 3878 ei
1201 3838 1378 3893 neque
1407 3825 1463 3877 in
1489 3823 1594 3878 hoc
1621 3822 1820 3879 sazculo
1848 3837 2024 3892 neque

451 3915 506 3969 in
531 3915 714 3969 futuro
739 3917 803 3971 ¹⁵.
830 3934 848 3967 ι

521 4005 686 4063 RESP.
730 4007 1051 4080 Eapropter,
1092 4023 1283 4064 omnes
1331 4008 1550 4063 divinus
1587 4006 1882 4078 Apostolus
1939 4010 2025 4066 his

455 4100 711 4156 admonet
752 4102 975 4157 verbis:
1011 4120 1031 4153 ι
1065 4100 1270 4157 Littera
1304 4101 1526 4164 occidit,
1568 4100 1807 4171 Spiritus
1843 4109 2024 4156 autem

455 4191 692 4246 viviﬁcat
715 4191 811 4246 ¹⁶.›
845 4191 1013 4246 Multa
1055 4192 1326 4262 siquidem
1357 4193 1665 4247 divinarum
1711 4193 2026 4263 Scriptura-

455 4297 576 4335 rum
608 4283 726 4336 loca
761 4283 804 4338 si
840 4283 1139 4338 secundum
1171 4299 1390 4338 carnem
1421 4285 1809 4355 intelligamus,
1844 4285 1898 4338 in
1936 4300 2030 4339 ne-

457 4370 652 4426 fandas
673 4372 1040 4442 blasphemias
1065 4373 1380 4436 incidimus,
1417 4373 1726 4442 cujusmodi
1759 4379 1888 4428 sunt
1909 4387 2031 4442 qum

460 4469 622 4524 nobis
654 4484 802 4522 nunc
837 4475 1218 4539 proponuntur
1248 4467 1465 4522 Domini
1493 4467 1682 4531 verba,
1715 4481 1836 4537 quae
1865 4467 1910 4522 si
1945 4480 2032 4521 se-

459 4560 702 4615 cundum
731 4561 908 4616 nudas
938 4561 1206 4616 dictiones
1235 4561 1592 4630 excipiamus,
1626 4576 1737 4615 non
1767 4559 1944 4616 solum
1975 4559 2031 4613 in

461 4651 728 4708 nefandas
759 4652 1064 4708 dilabemur
1100 4653 1479 4722 cogitationes,
1534 4652 1630 4707 sed
1659 4653 1824 4707 etiam
1854 4652 2033 4720 ipsum

465 4743 754 4798 Dominum
791 4744 1126 4813 reperiemus
1167 4744 1273 4800 sibi
1310 4744 1414 4814 ipsi
1458 4743 1756 4798 adversari.
1789 4740 2034 4810 Namque

462 4834 508 4888 si
545 4853 563 4886 ‹
593 4834 908 4905 quicunque
929 4833 1129 4889 dixerit
1154 4835 1382 4889 verbum
1411 4841 1604 4888 contra
1633 4831 1831 4886 Filium
1855 4831 2034 4886 homi-

463 4926 572 4988 nis,
625 4925 938 4981 remittetur
981 4926 1054 4990 ei,
1087 4945 1106 4977 ι
1152 4925 1426 4996 quomodo
1478 4924 1621 4979 idem
1665 4923 1838 4977 Filius
1870 4921 2027 4986 dixit,

469 5036 490 5066 α
524 5017 627 5083 Qui
658 5033 744 5073 me
773 5017 1050 5088 negaverit
1081 5032 1262 5071 coram
1295 5016 1628 5078 hominibus,
1660 5015 1869 5085 negabo
1905 5028 2029 5068 eum

465 5125 653 5164 coram
684 5109 891 5182 angelis
919 5108 1014 5163 Dei
1039 5110 1119 5165 "2
1149 5128 1167 5160 ι
1204 5110 1272 5163 Ει
1301 5124 1515 5171 rursus,
1550 5108 1596 5161 si
1635 5122 1797 5162 omne
1840 5119 2034 5176 pecca-

542 5203 582 5232 ¹¹
620 5201 754 5257 Luc.
786 5217 920 5268 xm,
951 5203 1007 5258 4.
1121 5202 1164 5234 ⁵³
1205 5200 1401 5257 IPetr.
1436 5217 1510 5267 ιν,
1551 5201 1638 5256 18.

471 5273 514 5304 ³⁷
552 5273 684 5327 Luc.
719 5288 818 5339 xu,
851 5273 904 5327 9.

545 5382 654 5451 (12)
688 5383 780 5438 Sic
832 5397 965 5438 mss.
1015 5380 1160 5435 Editi
1206 5395 1356 5444 vero,
1395 5380 1494 5433 Διά
1529 5379 1719 5434 ταῦτα.
1757 5377 1904 5433 Infra
1934 5377 2043 5432 duo

471 5469 646 5524 mss,
666 5453 859 5524 πικρόν
887 5452 1244 5524 ὑπομένοντες
1269 5451 1518 5524 θάνατον.

547 5521 656 5593 (15)
690 5517 779 5576 Ita.
796 5523 904 5576 duo
943 5517 1077 5591 Reg.
1122 5523 1191 5593 ᾼι
1219 5522 1374 5593 editi.
1416 5522 1480 5573 ἐκ
1505 5519 1708 5593 ,τούτου
1761 5517 2040 5590 μετρικοῦ.

474 5587 838 5656 Inl‘ra'iidem,
871 5593 946 5655 ὡς
981 5587 1080 5646 ούκ
1104 5589 1263 5646 οἶδεν.
1302 5591 1466 5656 Editi,
1488 5591 1564 5654 ὡς
1601 5587 1758 5644 οἶδεν.

549 5661 659 5733 (IL)
688 5661 822 5733 Beg.
851 5663 906 5727 Ξ,
945 5663 1237 5733 ἁμαρτίας.

545 5727 664 5803 (15)
687 5727 809 5787 Haec
832 5727 1310 5803 quaastio'habetur
1338 5732 1590 5805 superius
1616 5731 1669 5785 in
1698 5727 2045 5786 Testimonits

1746 5201 1790 5231 ιδ
1829 5199 2020 5253 Matth.
2058 5213 2124 5263 κ,
2157 5193 2249 5248 29.
2282 5259 2301 5269 '

2121 3455 2216 3508 τοῦ
2267 3453 2472 3524 Κυρίου
2518 3454 2675 3522 λόγος
2719 3453 3089 3523 καθέστηκεν,
3132 3452 3192 3505 ὃν
3242 3467 3407 3522 φησιο
3465 3471 3486 3503 ι
3542 3453 3699 3506 Πᾶσα

2125 3548 2368 3619 ἁμαρτία
2418 3548 2512 3602 καὶ
2571 3545 2887 3618 βλασφημία
2935 3545 3267 3616 ἀφεθήσεται
3317 3547 3430 3608 τοῖς
3492 3544 3701 3616 ἀνθρὼ-

2126 3660 2246 3705 ποις
2270 3659 2284 3672 ·
2325 3660 2344 3692 ι
2381 3639 2497 3704 καὶ,
2537 3657 2556 3691 ι
2602 3640 2697 3702 Ὃς
2735 3638 2779 3691 δ’
2809 3636 2875 3691 ἂν
2901 3636 3032 3709 εἴπῃ
3064 3635 3218 3705 λόγον
3262 3634 3404 3689 κατά
3429 3634 3526 3689 τοῦ
3571 3633 3701 3687 Υίοῦ

2127 3737 2459 3806 ἀφεθήσεται
2503 3731 2684 3802 αὐτῷ·
2737 3730 2797 3794 ὃς
2835 3730 2879 3783 δ’
2923 3730 2989 3784 ἂν
3035 3730 3163 3800 είπῃ
3215 3728 3370 3797 λόγον
3416 3725 3561 3781 κατὰ
3607 3727 3702 3780 τοῦ

2127 3825 2445 3896 Πνεύματος
2473 3821 2568 3876 τοῦ
2608 3819 2782 3888 ἁγίου,
2819 3820 2919 3872 οὐκ
2944 3817 3276 3890 ἀφεθήσεται
3305 3816 3455 3888 αὐτῷ
3486 3817 3609 3870 οὐδὲ
3645 3818 3705 3869 ὲν

2127 3918 2204 3989 τῷ
2228 3917 2322 3972 νῦν
2355 3915 2530 3981 αἰῶνι,
2561 3913 2684 3967 οὐδὲ
2717 3914 2774 3964 ἐν
2801 3910 2879 3981 τῷ
2900 3909 3164 3981 μέλλοντι.
3191 3926 3212 3961 ι

2214 4004 2402 4059 Ἀπόκ.
2435 4001 2533 4055 Διά
2560 4000 2716 4054 τοῦτο
2745 4001 2996 4071 παραινεῖ
3022 3999 3187 4052 πᾶσιν
3211 3999 3240 4050 ὁ
3270 3997 3410 4060 θεῖος
3451 3996 3710 4050 Ἀπόστο-

2128 4095 2217 4158 λος
2263 4094 2457 4162 λέγων,
2505 4092 2586 4145 ὃτι
2638 4109 2658 4142 ‹
2717 4089 2792 4143 Τὸ
2837 4089 3071 4160 γράμμα
3124 4086 3474 4151 ἀποκτείνει,
3535 4088 3598 4140 τὺ
3649 4087 3708 4140 δὲ

2131 4183 2354 4255 Πνεῦμα
2385 4183 2654 4248 ζωοποιεῖ.
2707 4197 2726 4232 ι
2771 4178 2949 4233 Πολλὰ
2981 4179 3089 4247 γὰρ
3127 4177 3234 4231 τῶν
3268 4177 3425 4230 θείων
3473 4175 3708 4248 Γραφῶν

2132 4278 2228 4331 ἐὰν
2257 4275 2397 4330 κατὰ
2423 4273 2486 4327 τὸ
2519 4273 2754 4344 γράμμα
2783 4271 3088 4341 νοήσωμεν,
3123 4270 3204 4332 είς
3240 4267 3513 4337 ἀθέσμους
3550 4267 3710 4336 βλασ-

2135 4369 2346 4440 φημίας
2391 4365 2734 4438 ἐμπίπτομεν
2763 4363 2907 4435 (16)⁶
2945 4356 3055 4414 οἶόν
3104 4363 3220 4413 ἐστι
3267 4361 3359 4414 καὶ
3397 4359 3458 4412 τὸ
3489 4358 3716 4430 προκεί.

2137 4479 2296 4532 μενον
2328 4461 2461 4529 ἡμῖν
2492 4457 2586 4511 νῦν
2619 4456 2714 4510 τοῦ
2749 4455 2952 4526 Κυρίου
2997 4454 3197 4523 λόγιον,
3244 4452 3398 4521 ὅπερ,
3443 4450 3542 4503 ἐὰν
3574 4451 3716 4504 κατὰ

2136 4550 2301 4623 ξηροῦ
2337 4549 2449 4621 (17)
2481 4548 2581 4612 τὰς
2619 4545 2793 4612 λέξεις
2825 4545 3166 4616 ἐκλάὸωμεν,
3195 4543 3256 4597 ού
3291 4542 3449 4614 μόνον
3481 4542 3562 4605 είς
3586 4541 3714 4595 ἀθε-

2139 4643 2328 4714 μίτους
2369 4640 2575 4702 ἐννοίας
2621 4637 3041 4708 περιπίπτομεν,
3091 4633 3228 4688 ἀλλά
3268 4632 3364 4686 καὶ
3413 4631 3578 4685 αὐτὸν
3626 4630 3716 4682 τὸν

2138 4731 2340 4802 Κύριον
2392 4726 2801 4797 ἐναντιούμενον
2833 4723 3010 4795 ἐαυτῷ
3050 4723 3397 4794 εὑρίσκομεν.
3458 4720 3587 4773 Ἐὰν
3608 4719 3718 4792 γὰρ

2145 4842 2164 4874 ι
2209 4824 2304 4886 Ὃς
2350 4821 2394 4874 δ’
2424 4820 2490 4874 ἂν
2535 4820 2662 4892 εἴπῃ
2690 4819 2846 4888 λόγον
2889 4817 3033 4872 κατά
3074 4813 3167 4870 τοῦ
3208 4814 3339 4868 Υἱοῦ
3380 4812 3718 4883 ἀφεθήσεται

2138 4914 2306 4984 αύτῷ,
2339 4932 2358 4966 ι
2393 4911 2508 4974 πῶς
2540 4910 2699 4972 αὐτὸς
2727 4912 2754 4962 ὁ
2781 4909 2907 4971 Υἱὸς
2931 4903 3084 4961 εἶπεν
3103 4924 3116 4937 ’
3150 4925 3168 4958 ι
3219 4907 3275 4959 '0
3303 4901 3720 4974 ἀπαρνούμενός

2144 5025 2209 5079 με
2259 5002 2564 5076 ἔμπροσθεν
2611 4999 2934 5070 ἀνθρώπων,
2977 4996 3365 5068 ἀπαρνήσομαι
3409 4993 3573 5045 αὐτὸν
3618 4991 3720 5061 ἑμ-

2141 5097 2373 5171 προσθεν
2411 5093 2520 5146 τῶν
2556 5091 2803 5161 ἀγγέλων
2849 5090 2941 5143 τοῦ
2971 5088 3146 5155 Θεοῦ;
3203 5107 3221 5139 ι
3270 5085 3366 5140 καὶ
3409 5084 3598 5151 πάλιν,
3627 5083 3722 5136 ἐάν

2385 5189 2428 5221 ’⁸
2469 5185 2660 5240 Matth.
2695 5202 2810 5252 xu,
2845 5185 2944 5250 3I,
2979 5183 3071 5238 32.
3204 5182 3248 5213 ¹⁶
3287 5178 3332 5232 ιι
3363 5178 3473 5234 Cor
3531 5193 3630 5242 ιιι,
3663 5178 3719 5231 6.

2147 5371 2358 5441 Script.
2386 5384 2764 5441 sacrm,inum.
2791 5367 2886 5441 749,
2916 5367 2984 5441 de
3012 5380 3123 5436 qua
3150 5380 3211 5419 re
3239 5361 3360 5441 vide
3383 5361 3726 5441 gdmonitio-

2146 5431 2292 5497 nem:
2339 5438 2486 5493 Infra
2542 5440 2694 5512 editi,
2743 5431 3073 5512 εἴπῃ-λόγον
3123 5431 3430 5512 κατάητοῦ.
3474 5432 3728 5512 Πγεύμα-

2146 5529 2256 5574 τος,
2306 5517 2434 5574 etc.,
2468 5502 2689 5565 omissis
2738 5502 2948 5574 multis,
2991 5502 3118 5578 quae
3163 5521 3232 5560 ex
3278 5502 3466 5573 Regiis
3514 5502 3728 5558 duobus

2149 5580 2540 5650 supplevimus.

2221 5647 2334 5718 (16)
2372 5647 2559 5719 Ping
2598 5657 2653 5704 et
2680 5650 2735 5713 2,
2769 5648 3190 5719 περιπίπτομεν.

2222 5713 2334 5792 (1³7)
2373 5713 2594 5776 ἰιιιίιιιο
2618 5719 2751 5791 Reg.
2784 5713 2925 5776 Editi
2961 5713 3109 5785 verr},
3147 5715 3288 5772 κατὰ
3322 5713 3498 5782 ἀξίαν.
