3852 6192
177 270 277 325 641

1153 261 1618 332 QU/ESTIONES
1655 261 1746 316 AD
1787 258 2200 315 ANTIOCHUM
2237 258 2493 317 DUCEM.

3349 265 3456 320 642

180 390 341 442 πᾶσα
375 385 620 460 ἁμαρτία
663 387 759 439 καὶ
809 384 1126 456 βλασφημία
1170 384 1501 454 ἀφεθήσεται
1531 385 1642 445 τοῖς
1680 383 1774 435 ἀν-

1881 387 1996 434 tum
2027 388 2082 436 et
2109 381 2449 450 blasphemia
2476 379 2784 434 remittetur
2817 379 3155 449 hominibus,
3181 385 3456 452 quomodo

182 477 450 550 θρώποις,
487 476 604 541 πῶς
637 477 732 530 καὶ
763 477 904 549 ὑπὲρ
936 475 1107 545 ἀργοῦ
1143 475 1300 544 λόγου
1338 474 1635 542 ἀπολογίαν
1668 471 1772 526 δώο

185 585 354 641 σομεν
375 584 390 634 ;
415 567 532 632 πῶς
565 569 594 620 6
617 567 792 635 λέγων
819 565 896 637 τῷ
913 563 1124 636 ἀδελφῷ
1155 562 1342 626 αὑτοῦ,
1371 560 1562 630 Μωρὲ,
1590 560 1773 629 ἔνοχος

183 663 342 716 ἔσται
376 663 455 725 εἰς
492 661 592 732 τὴν
625 660 850 729 γέενναν
880 657 974 712 τοῦ
1009 658 1213 730 πυρός;
1243 656 1360 720 πῶς
1402 658 1431 710 6
1477 654 1774 716 ἀπόστολος

182 751 399 814 Παῦλός
438 767 606 822 φησι·
660 768 680 800 ε
741 749 835 821 Μὴ
883 747 1180 812 πλανᾶσθε,
1209 745 1332 800 οὔτε
1386 746 1596 817 πόρνοι,
1649 743 1772 797 οὔτε

187 845 402 916 μοιχοὶ,
440 843 566 897 οῦτε
605 842 857 914 μαλακοὶ,
890 840 1015 894 οὔτε
1065 840 1307 912 μέθυσοι,
1357 838 1480 892 οῦτε
1522 838 1770 910 λοίδοροι,

186 937 466 1009 βασιλείαν
508 936 642 990 Θεοῦ
675 936 1138 1007 κληρονομήσουσι
1164 953 1179 1003 ;
1213 956 1232 987 ›
1264 935 1372 988 Ka‘t
1403 936 1452 987 εί
1485 933 1659 988 ταῦτα
1685 932 1775 985 οὖ-

183 1045 293 1092 τως
326 1029 462 1101 ἔχει,
497 1029 614 1093 πῶς
638 1028 842 1091 λοιπὸν,
877 1028 1000 1080 εἰπέ
1045 1045 1152 1099 μοι,
1184 1029 1334 1080 πᾶσα
1387 1027 1631 1098 ἁμαρτία
1679 1025 1774 1078 καὶ

188 1121 509 1192 βλασφημία
531 1121 862 1193 ἀφεθήσεται
884 1119 1346 1192 τοῖς,ἀνθρώποις;
1369 1121 1478 1174 Kal
1492 1119 1586 1173 ἐὰν
1612 1118 1773 1172 πάλιν

183 1215 344 1268 τοῦτο
403 1214 621 1286 ἀληθὲς,
673 1213 762 1268 διά
811 1213 863 1266 τί
908 1213 1093 1266 λοιπὸν
1144 1213 1457 1282 ἐγκαλεῖται
1512 1215 1541 1266 6
1591 1211 1773 1276 ἄθλιος

198 1306 504 1379 Ὠριγένης,
535 1306 687 1370 τέλος
733 1305 1016 1378 κηρύττων
1057 1305 1156 1376 τῆς
1201 1304 1476 1367 κολάσεως
1513 1299 1650 1357 εἶναι
1681 1303 1774 1356 καὶ

187 1397 539 1470 συγχώρησιν
569 1397 749 1467 πάσης
778 1397 1050 1468 ἁμαρτίας
1087 1395 1362 1464 γενέσθαι,
1399 1397 1493 1449 καὶ
1517 1397 1631 1458 τοῖς
1658 1394 1776 1448 δαί-

192 1507 318 1560 μοσι
363 1488 461 1542 καὶ
490 1490 605 1551 τοῖς
647 1486 954 1558 ἀνθρώποις
1005 1487 1157 1558 παρὰ
1191 1485 1361 1553 Θεοῦ;
1388 1485 1562 1539 Πάλιν
1593 1483 1650 1538 δὲ
1679 1484 1772 1538 καὶ

185 1583 284 1637 ὲάν
317 1584 352 1654 ἡ
399 1583 479 1646 εἰς
506 1581 567 1634 16
612 1580 838 1652 Πνεῦμα
875 1579 937 1632 16
964 1579 1118 1648 ἅγιον
1151 1577 1469 1649 βλασφημία
1513 1577 1616 1630 οὐκ
1660 1575 1773 1647 ἔχει

190 1673 540 1745 συγχώρησιν
560 1672 649 1725 διὰ
685 1671 987 1743 μετανοίας,
1011 1670 1066 1722 τί
1100 1670 1370 1741 μέμφεται
1400 1669 1436 1739 ή
1481 1667 1773 1738 Ἐκκλησία

1878 480 1933 527 et
1980 473 2048 528 de
2094 475 2272 529 otioso
2323 473 2491 527 verbo
2526 473 2794 527 rationem
2848 490 3040 529 sumus
3095 476 3358 529 reddituri
3383 477 3458 532 ‘3?

1879 563 2155 634 quomodo
2169 562 2581 633 quidieitfratri
2599 579 2722 627 suo,
2752 581 2770 613 ι
2806 563 2995 628 Fatue,
3025 583 3044 616 ι
3066 581 3194 622 reus
3227 567 3334 621 erit
3366 584 3456 636 ge-

1881 655 2072 710 hennze
2103 655 2245 725 ignis
2272 655 2352 708 ‘9?
2380 655 2655 726 quomodo
2686 655 2812 709 item
2845 655 3138 725 Apostolus
3171 659 3268 722 ait,
3300 677 3320 710 ι
3351 659 3457 712 l\o—-

1880 746 1973 800 lite
1997 761 2184 801 errare
2210 765 2223 800 :
2250 762 2426 816 neque
2455 745 2763 811 fornicarii,
2790 761 2967 818 neque
2993 742 3249 814 adulteri,
3279 766 3456 820 neque

1880 841 2094 906 molles,
2131 857 2309 912 neque
2343 841 2568 907 ebriosi,
2611 857 2788 912 neque
2819 844 3073 898 maledici
3103 860 3331 915 regnum
3362 844 3455 899 Dei

1881 933 2338 1003 possidebunt"?
2371 953 2388 986 ι
2433 934 2565 1000 Qua:
2608 932 2655 989 si
2692 936 2769 988 ita
2809 950 2868 989 se
2897 935 3122 1000 habent,
3156 936 3454 1005 quomodo,

1880 1040 2088 1095 quaiso,
2129 1040 2292 1080 omne
2338 1034 2620 1096 peceatum
2653 1035 2708 1082 et
2757 1027 3098 1098 blaSphemia
3148 1030 3460 1084 remittetur

1881 1117 2233 1173 hominibus?
2262 1116 2421 1183 Quod
2451 1121 2496 1173 si
2528 1135 2717 1173 verum
2750 1128 2854 1186 est,
2885 1135 2986 1174 cur
3011 1119 3125 1190 jam
3163 1121 3456 1190 reprehen-

1881 1207 2030 1263 ditur
2084 1209 2272 1263 infelix
2324 1208 2590 1280 Origenes
2652 1211 2985 1282 praedicasse
3051 1212 3298 1268 futurum
3359 1214 3460 1268 ali-

1881 1301 2102 1371 quando
2150 1302 2408 1372 supplicii
2443 1302 2630 1364 linem,
2665 1303 2993 1373 veniamque
3034 1306 3216 1360 omnis
3245 1307 3454 1375 peccati

1881 1401 1997 1448 tum
2045 1394 2354 1450 hominibus
2399 1403 2514 1449 tum
2563 1395 2905 1452 dremonibus
2954 1396 3126 1451 Deum
3168 1412 3459 1456 concessu-

1880 1487 2044 1542 rum?
2093 1487 2152 1542 Si
2211 1488 2341 1544 item
2384 1487 2722 1558 blasphemia
2770 1489 2827 1542 in
2880 1488 3146 1558 Spiritum
3205 1499 3454 1546 sanctum

1878 1579 2096 1634 veniam
2141 1581 2350 1635 nullam
2397 1580 2720 1650 pmnitentia
2755 1579 2988 1642 obtinet,
3034 1581 3166 1650 quid
3209 1583 3460 1651 queritur

1879 1671 2126 1727 Ecclesia
2155 1670 2426 1726 Novatum
2459 1672 2838 1741 paenitentiam
2863 1671 3165 1742 reiecisse?
3198 1673 3334 1727 Illud
3359 1689 3459 1727 au-

187 1766 442 1820 Ναύατον
469 1763 598 1835 ’(18)
645 1762 1085 1834 ἀποσαλλόμενον
1120 1761 1220 1834 τὴν
1247 1760 1571 1832 μετάνοιαν;
1601 1759 1676 1813 Τὸ
1720 1759 1774 1812 δὲ

1883 1773 1992 1821 tem
2028 1765 2323 1820 obscurius
2347 1771 2401 1818 et
2425 1763 2700 1818 dilIicilius
2731 1765 3007 1819 intellectu
3036 1775 3139 1828 est,
3171 1764 3337 1834 quod,
3363 1767 3456 1836 qui

191 1857 592 1928 σκοτεινότερον
633 1857 728 1909 καὶ
769 1855 1216 1924 δυσκατάληπτον
1259 1853 1436 1907 ἐκεῖνό
1481 1853 1628 1906 ἐστιν
1646 1869 1659 1882 °
1695 1853 1776 1907 ὅτι

188 1951 246 2013 ὃς
268 1949 312 2003 δ’
342 1949 409 2004 ἂν
431 1951 562 2022 εἴπῃ
587 1948 743 2018 λόγον
775 1947 917 2000 κατὰ
946 1947 1041 2001 τοῦ
1073 1946 1204 2001 Υίοῦ
1234 1946 1569 2018 ἀφεθήσεται
1595 1944 1773 2017 αὐτῷ’

189 2040 328 2093 ὥστε
352 2040 590 2094 ἐλάττων
620 2039 767 2093 ἐστὶν
800 2039 829 2090 6
860 2039 990 2102 Υἱὸς
1022 2037 1177 2110 παρά
1206 2038 1268 2092 16
1288 2037 1515 2109 Πνεῦμα
1544 2037 1606 2092 16
1623 2037 1776 2107 ἅγιον

191 2134 286 2186 καὶ
299 2132 390 2185 τὸν
405 2132 630 2204 Πατέρα
647 2131 781 2202 (19).
804 2131 912 2185 Kal
926 2130 979 2183 τί
1001 2129 1188 2186 λοιπὸν
1205 2130 1622 2202 ἀποϐαλλόμεθα
1651 2131 1779 2193 τοὺς

194 2225 471 2296 μυσαροὺς
499 2221 974 2294 Ἀρειανοὺς,τοὺς
999 2221 1414 2294 σμικρύνοντας,
1433 2222 1528 2276 καὶ
1553 2223 1778 2276 καταδι-

193 2317 458 2382 6άζοντας
481 2316 572 2370 τὸν
605 2315 734 2368 Υίὸν
758 2314 912 2386 παρὰ
943 2315 1004 2368 16
1029 2315 1255 2386 Πνεῦμα
1276 2330 1292 2379 ;
1320 2313 1446 2377 Πῶς
1481 2309 1574 2368 οὖν
1595 2315 1624 2366 6
1650 2313 1778 2378 Υἱὸς

191 2409 369 2479 λέγει·
404 2410 507 2474 ὅτι,
553 2426 571 2459 ι
625 2405 768 2476 Ἐγὼ
815 2406 908 2460 καὶ
948 2409 977 2460 6
1016 2405 1208 2478 Πατὴρ
1246 2407 1306 2461 ἓν
1354 2407 1554 2477 ἐσμεν·
1604 2425 1623 2457 ›
1661 2405 1774 2468 καὶ,

197 2521 216 2554 ι
267 2502 325 2555 Ὁ
358 2499 434 2572 μὴ
461 2498 638 2571 τιμῶν
659 2498 751 2552 τὸν
782 2497 911 2552 Υἱδν
939 2499 999 2550 οὐ
1033 2499 1168 2570 τιμᾷ
1199 2498 1292 2552 τὸν
1319 2497 1574 2568 Πατέρα;
1611 2517 1629 2550 ι
1668 2499 1778 2550 Kal

194 2591 358 2646 πάλιν
379 2590 474 2645 νῦν
506 2605 693 2660 φησιν,
725 2589 808 2642 ὅτι
853 2606 872 2639 ι
918 2589 1016 2650 Ὃς
1063 2587 1107 2640 δ’
1156 2586 1223 2640 ἂν
1262 2588 1392 2660 εἴπῃ
1438 2586 1596 2656 λόγον
1636 2584 1776 2638 κατά

191 2683 288 2738 τοῦ
332 2681 486 2748 Υίοῦ,
531 2681 863 2753 ἀφεθήσεται
903 2680 1086 2752 αὐτῷ;
1125 2699 1144 2733 ›
1180 2676 1328 2752 1Ἀρα
1356 2675 1470 2747 οὖν,
1506 2681 1627 2733 είπέ
1664 2698 1774 2752 μοι,

194 2773 548 2846 συνεχωρήθη
588 2775 623 2845 ὴ
673 2773 754 2838 είς
783 2773 875 2826 τὸν
910 2772 1038 2826 Υίὸν
1085 2771 1403 2844 βλασφημία
1460 2774 1774 2845 Ἀρειανοῖς,

192 2865 290 2920 καὶ
340 2864 713 2934 Σιμωνιανοῖς,
758 2862 853 2916 καὶ
897 2864 1292 2926 Φωτεινιανοῖς,
1343 2862 1438 2916 καὶ
1483 2860 1776 2914 Σαϐελλια-

192 2954 326 3017 νοίς,
372 2951 466 3004 καὶ
509 2953 621 3014 τοῖς
658 2950 863 3014 λοιποῖς
904 2952 1041 3004 πᾶσι
1081 2953 1193 3014 τοῖς
1242 2953 1322 3014 είς
1358 2950 1458 3022 τὴν
1503 2950 1599 3004 τοῦ
1643 2950 1774 3005 Υίοῦ

195 3044 471 3116 σάρκωσιν
505 3042 994 3115 βλασφημήσασιν;
1039 3044 1253 3112 Ἄπαγε
1294 3043 1393 3114 τῆς
1426 3043 1685 3108 ἀτοπίαςί
1727 3045 1775 3098 εί

1882 1857 2082 1912 dixerit
2110 1857 2334 1912 verbum
2371 1864 2562 1910 contra
2593 1855 2815 1920 Filium,
2851 1856 3148 1910 remittitur
3183 1857 3257 1921 ei,
3294 1857 3370 1910 ita
3399 1867 3460 1910 ut

1879 1945 2054 2002 Filius
2090 1945 2318 2002 inferior
2344 1947 2597 2003 videatur
2628 1962 2752 2002 esse
2781 1946 3010 2016 Spiritui
3041 1954 3231 2002 sancto
3265 1955 3319 2002 et
3353 1945 3458 2002 Pa-

1881 2039 1973 2093 tri.
2028 2039 2170 2105 Quid
2206 2054 2336 2110 ergo
2382 2037 2626 2094 nefarios
2662 2039 2897 2094 Arianos
2935 2037 3309 2105 detestamur,
3362 2039 3457 2110 qui

1878 2129 2082 2186 Filium
2113 2129 2303 2185 volunt
2331 2145 2453 2185 esse
2492 2131 2761 2187 minorem
2792 2139 2846 2187 et
2874 2130 3190 2187 inferiorem
3216 2129 3460 2201 Spiritu?

1879 2221 1990 2277 Cur
2011 2219 2184 2276 Filius
2210 2220 2325 2290 ipse
2345 2221 2439 2285 ait,
2468 2238 2488 2272 ι
2516 2220 2629 2291 Ego
2653 2229 2708 2276 et
2736 2222 2894 2277 Pater
2923 2237 3096 2276 unum
3123 2223 3406 2278 sumus“:
3434 2243 3453 2273 ι

1878 2322 1952 2378 et,
1999 2333 2017 2364 ‹
2051 2311 2156 2378 Qui
2196 2327 2306 2366 non
2345 2311 2670 2368 honoriﬁcat
2705 2311 2926 2380 Filium,
2979 2329 3090 2368 non
3131 2313 3460 2370 honoriﬁcat

1878 2403 2096 2459 Patrem
2118 2404 2206 2457 “?
2235 2423 2253 2456 ι
2289 2402 2578 2470 Quomodo
2621 2417 2753 2474 ergo
2783 2403 2926 2458 idem
2957 2411 3138 2457 tamen
3174 2419 3320 2458 nunc
3357 2404 3454 2468 ait,

1885 2515 1903 2546 ι
1937 2495 2042 2562 Qui
2091 2495 2292 2550 dixerit
2342 2495 2569 2551 verbum
2631 2503 2824 2550 contra
2879 2493 3099 2559 Filium,
3147 2496 3460 2551 remittetur

1879 2587 1969 2641 ei?
2005 2605 2024 2638 ›
2063 2584 2226 2650 Νυιιι,
2285 2585 2500 2649 amabo,
2561 2584 2900 2654 blasphemia
2959 2585 3017 2638 in
3077 2583 3274 2639 Filium
3321 2599 3458 2639 con-

1879 2677 2079 2732 donata
2130 2685 2214 2732 est
2251 2677 2490 2743 Arianis,
2534 2675 2889 2743 Sitnonianis,
2938 2677 3303 2741 Photinianis,
3359 2677 3459 2732 Sa-

1879 2768 2154 2833 bellianis,
2187 2769 2509 2838 exterisque
2554 2769 2812 2825 omnibus
2846 2769 2942 2839 qui
2985 2769 3354 2839 blaspliemias
3398 2771 3456 2823 in

1878 2860 2038 2933 233
2075 2859 2284 2919 Christi
2340 2861 2774 2917 incarnationem
2818 2860 3203 2931 protulerunt?
3247 2861 3454 2932 Apage,

1879 2953 1936 3008 id
1997 2953 2319 3010 absurdum.
2366 2951 2502 3008 Nam
2564 2956 2612 3010 si
2668 2954 2714 3009 is
2765 2953 2861 3024 qui
2917 2951 3072 3007 fratri
3134 2967 3238 3007 suo
3269 2952 3448 3014 dicit,

1885 3061 1904 3095 ι
1936 3042 2131 3110 Fatue,
2166 3064 2186 3098 ι
2234 3059 2364 3099 reus
2407 3050 2494 3098 est
2553 3044 2816 3115 gehennae
2870 3043 3010 3114 ignis
3047 3059 3060 3096 ε
3092 3042 3332 3113 qualem,
3365 3043 3455 3096 die

191 3135 304 3208 γὰρ
332 3137 362 3188 6
394 3134 569 3203 λέγων
601 3135 691 3188 τὸν
714 3133 942 3204 ἀδελφὺν
982 3134 1168 3201 αὐτοῦ,
1189 3133 1382 3202 Μωρὲ,
1413 3133 1596 3206 ἔνοχός
1629 3135 1774 3188 ἐστιν

1881 3138 2038 3204 mihi,
2087 3138 2143 3192 in
2196 3135 2502 3207 gehennam
2555 3136 2815 3207 gehennae
2868 3134 3193 3204 projicietur
3239 3135 3310 3201 is,
3357 3135 3452 3204 qui

193 3231 277 3292 είς
309 3227 409 3299 τὴν
458 3227 679 3294 γέενναν
711 3226 808 3280 τοῦ
855 3226 1048 3299 πυρὸς,
1083 3227 1162 3289 εἰς
1191 3226 1352 3280 ποίαν
1381 3225 1590 3290 λοιπὸν,
1650 3226 1772 3279 εἰπέ

197 3336 312 3389 μοι,
346 3318 573 3387 γέενναν
605 3318 834 3390 γεέννης
880 3318 1208 3390 βληθήσεται
1245 3319 1274 3371 6
1305 3318 1480 3387 λέγων
1521 3317 1600 3388 τῷ
1655 3317 1774 3389 Θεῷ

193 3410 397 3464 αὐτοῦ’
435 3411 638 3465 Κτιστὲ
684 3411 818 3482 (20),
855 3413 949 3464 καὶ
983 3411 1123 3481 οὐχὶ,
1161 3410 1259 3463 Υἱὲ
1298 3408 1390 3464 τοῦ
1437 3409 1594 3476 Θεοῦ,
1640 3409 1775 3462 ἀλλά

193 3502 369 3569 ὗοῦλε,
398 3503 494 3556 καὶ
515 3503 777 3574 ὑπουργὲ,
814 3503 907 3556 καὶ
950 3503 1112 3574 μικρέ
1139 3520 1153 3569 ;
1183 3505 1293 3556 Kal
1343 3504 1412 3565 εί,
1448 3503 1598 3565 ὅστις
1645 3501 1776 3574 εἴπῃ

194 3595 353 3663 λόγον
392 3593 536 3648 κατά
559 3593 653 3648 τοῦ
689 3593 841 3660 Υίοῦ,
879 3594 1210 3664 ἀφεθήσεται
1249 3593 1419 3664 αὐτῷ,
1457 3593 1574 3656 πῶς
1611 3593 1775 3656 αὐτὸς

192 3689 222 3740 6
252 3687 383 3750 Υἱὸς
407 3683 582 3751 εἶπεν,
605 3688 688 3739 ὅτι
725 3687 782 3740 '0
811 3687 886 3757 μὴ
915 3686 1144 3758 τρώγων
1174 3702 1275 3757 μου
1309 3684 1407 3756 τὴν
1449 3685 1648 3756 σάρκα,
1681 3685 1776 3738 καὶ

195 3779 369 3831 πίνων
403 3795 504 3848 μου
535 3778 596 3830 16
616 3775 774 3848 αἷμα,
806 3778 905 3831 οὑκ
955 3776 1068 3848 ἔχει
1108 3777 1252 3848 ζωὴν
1281 3775 1529 3843 αἰώνιον;
1565 3778 1682 3841 πῶς
1718 3777 1776 3830 δὲ

193 3866 418 3921 δύναταί
445 3885 531 3930 τις
554 3867 838 3938 ἀτιμάζων
857 3867 948 3920 τὸν
983 3867 1130 3934 Υἱδν,
1154 3869 1320 3938 τιμᾷν
1347 3866 1410 3920 16
1447 3867 1674 3938 Πνεῦμα
1714 3867 1774 3920 τὸ

195 3960 393 4028 ἆγιονς
467 3961 496 4013 6
549 3959 657 4030 γὰρ
703 3958 985 4029 ἀτιμάζων
1009 3959 1121 4030 (2|)
1165 3957 1256 4010 τὸν
1307 3959 1436 4011 Υἱὸν
1482 3959 1642 4029 δῆλον
1690 3959 1775 4013 ὅτι

193 4051 518 4121 ἀπαρνεῖται
550 4049 612 4101 τὸ
655 4047 936 4119 βάπτισμα
961 4066 973 4078 ·
1025 4051 1053 4102 6
1089 4048 1146 4102 δὲ
1179 4048 1238 4101 16
1273 4048 1557 4120 βάπτισμα
1589 4051 1775 4122 ἀπαρ-

192 4141 457 4212 νούμενος
486 4141 645 4211 δῆλον
691 4139 856 4192 ὅτιτὸ
893 4138 1122 4208 Πνεῦμα
1157 4139 1220 4191 τὸ
1253 4137 1409 4206 ἆγιον
1455 4139 1770 4194 ἀποδύεται.

193 4237 306 4289 Kal
333 4235 524 4306 ὥσπερ
551 4235 644 4288 ἐπὶ
674 4235 766 4288 τοῦ
801 4233 1058 4304 αίσοητοῦ
1095 4233 1269 4305 ἡλίου,
1303 4233 1398 4286 ὲάν
1427 4233 1526 4304 τὴν
1565 4230 1773 4303 θερμὴν

193 4327 229 4397 ἢ
253 4327 352 4397 τὴν
381 4327 577 4379 ἀκτῖνα
606 4326 770 4391 αὐτοῦ
817 4325 1177 4397 καθυϐρίσῃς,
1210 4325 1288 4387 εἰς
1325 4324 1454 4394 ὅλην
1484 4323 1582 4395 τὴν
1612 4322 1773 4392 φύσιν

191 4417 288 4470 τοῦ
318 4417 472 4488 ἡλίου
498 4419 532 4488 ἡ
560 4417 714 4489 ὕϐρις
741 4419 1025 4489 ἀνατρέχει
1050 4433 1063 4446 ο
1093 4415 1236 4469 οὕτω
1273 4417 1365 4469 καὶ
1389 4397 1480 4468 ἐπὶ
1503 4414 1597 4467 τοῦ
1624 4431 1776 4486 τρισ-

1882 3231 1993 3286 Deo
2023 3247 2124 3288 suo
2154 3231 2306 3296 dicit,
2335 3231 2554 3295 Create,
2598 3237 2654 3285 et
2693 3244 2804 3284 non
2847 3227 2950 3282 Fili
2971 3228 3088 3295 Dei,
3124 3228 3220 3284 sed
3273 3243 3452 3290 serve.

1881 3324 2134 3381 minister
2162 3332 2216 3379 et
2236 3323 2440 3394 parve?
2468 3324 2536 3378 Et
2567 3323 2616 3378 si
2665 3321 2759 3392 qui
2785 3321 2984 3376 dixerit
3011 3321 3234 3376 verbum
3264 3327 3456 3375 contra

1882 3416 2103 3481 Filium,
2135 3419 2448 3472 remittetur
2489 3415 2560 3480 ei,
2612 3414 2888 3484 quomodo
2930 3413 3047 3484 ipse
3089 3410 3262 3468 Filius
3295 3412 3453 3475 dixit,

1886 3527 1905 3560 ι
1931 3508 2032 3574 Qui
2054 3524 2161 3562 non
2182 3508 2474 3562 manducat
2492 3521 2665 3560 meam
2698 3521 2941 3568 carnem,
2974 3519 3076 3559 nec
3111 3504 3248 3558 bibit
3276 3520 3454 3559 meum

1881 3599 2228 3669 sanguinem,
2247 3613 2357 3652 non
2381 3597 2600 3652 habebit
2627 3598 2788 3650 vitam
2811 3597 3120 3651 aeternam"
3137 3597 3186 3650 ?t
3209 3595 3341 3662 Quis
3362 3610 3453 3650 ve—

1882 3709 1944 3746 ro
1963 3693 2160 3746 Filium
2183 3707 2473 3762 spernens,
2491 3690 2753 3760 Spiritum
2773 3700 3024 3744 sanctum
3055 3693 3258 3762 poterit
3282 3691 3457 3745 bono»

1880 3783 2043 3838 rare?
2062 3785 2155 3853 qui
2175 3791 2354 3837 autem
2380 3781 2575 3836 Filium
2599 3782 2826 3852 spernit,
2845 3789 2994 3836 certe
3010 3781 3277 3850 baptisma
3294 3790 3455 3853 negat

1881 3875 2098 3929 illezat
2149 3873 2242 3944 qui
2285 3873 2618 3942 baptismum
2669 3878 2854 3941 negat,
2885 3870 3134 3941 profecto
3187 3869 3452 3942 Spiritum

1881 3972 2133 4020 sanctum
2197 3964 2369 4018 exuit.
2404 3965 2481 4018 Ae
2514 3962 2972 4034 quemadmodum
3013 3963 3066 4018 in
3119 3963 3234 4018 sole
3276 3965 3454 4019 sensi-

1880 4056 1998 4121 bili,
2037 4057 2082 4110 si
2105 4057 2226 4126 ejus
2265 4055 2506 4110 calorem
2554 4055 2638 4109 vel
2668 4054 2850 4111 radios
2886 4055 3150 4109 conviciis
3179 4055 3347 4110 velles
3378 4056 3457 4110 la-

1881 4146 2455 4216 cessere,hujusrnodi
2498 4146 2701 4215 injuria
2748 4146 2802 4199 in
2833 4154 3007 4200 totum
3042 4147 3212 4200 solem
3246 4147 3455 4202 recide-

1879 4247 1984 4306 ret,
2017 4241 2091 4293 ita
2120 4240 2176 4294 in
2211 4225 2414 4308 tripii‘ci
2448 4239 2542 4292 illo
2587 4238 2702 4292 sole
2733 4245 2938 4292 sanctae
2964 4235 3270 4302 Trinitatis,
3299 4239 3458 4293 lumi-

1879 4332 1967 4387 nis
1985 4341 2038 4386 et
2064 4331 2373 4396 luminaris,
2409 4331 2455 4384 si
2494 4328 2619 4398 quis
2651 4344 2817 4382 unam
2866 4328 3189 4399 hypostasin
3232 4330 3458 4399 ignomi-

1880 4423 1971 4476 nia
1999 4422 2215 4488 alliciat,
2247 4438 2312 4477 ea
2339 4421 2592 4491 impietas
2617 4426 2786 4472 totam
2835 4419 3226 4489 plenitudinem
3257 4421 3456 4475 divini-

193 4509 349 4581 ηλίου
407 4510 510 4579 τῆς
557 4511 718 4578 ἀγίας
766 4511 995 4580 Τριάδος
1039 4509 1216 4578 φωτὸς
1269 4509 1363 4562 καὶ
1415 4507 1706 4578 φωστῆρος
1749 4509 1774 4576 ἦ

1890 4515 2017 4570 tatis
2055 4513 2300 4568 oﬂendit.
2332 4511 2472 4578 Quid
2527 4511 2694 4581 igitur
2749 4518 2833 4566 est
2866 4512 3012 4580 quod
3074 4510 3335 4568 Dominus
3387 4513 3454 4566 ad

190 4603 290 4672 τῆς
318 4601 432 4672 (22)
465 4603 592 4672 μιᾶς
623 4603 975 4665 ὑποστάσεως
1019 4601 1213 4672 ἀτιμία
1251 4598 1454 4664 παντὸς
1500 4599 1595 4652 τοῦ
1640 4599 1778 4669 πλη⁹

193 4693 451 4765 ρὼματος
479 4695 577 4764 τῆς
601 4693 854 4766 θεότητός
884 4695 1004 4746 ἐστι
1052 4692 1390 4763 βλασφημία.
1431 4693 1496 4746 Τί
1529 4687 1623 4746 οὖν
1661 4694 1778 4746 ἐστι

191 4786 256 4838 16
283 4785 389 4838 ὑπὸ
413 4785 506 4838 τοῦ
543 4785 748 4857 Κυρίου
803 4784 941 4857 πρὸς
989 4784 1275 4848 Ἰουδαίους
1323 4785 1637 4856 λεγόμενον,
1690 4785 1774 4838 ὅτι

192 4879 346 4930 πᾶσα
375 4877 618 4948 ἁμαρτία
650 4877 744 4929 καὶ
776 4875 1096 4947 βλασφημία
1145 4875 1480 4947 ἀφεθήσεται
1521 4878 1636 4938 τοῖς
1690 4875 1777 4928 ἀν-

192 4969 456 5042 θρώποις,
492 4971 586 5023 καὶ
629 4969 687 5033 ὃς
729 4969 775 5022 δ’
831 4970 898 5022 ἂν
937 4969 1067 5040 εἴπῃ
1087 4967 1245 5036 λόγον
1291 4967 1439 5021 κατά
1475 4965 1570 5020 τοῦ
1616 4966 1772 5032 Υίοῦ,

192 5061 530 5133 ἀφεθήσεται
562 5060 711 5132 αὑτῷ
730 5078 742 5090 ·
784 5061 843 5125 ὃς
877 5060 921 5113 δ’
953 5059 1020 5114 ἂν
1055 5059 1188 5134 εἴπῃ
1212 5059 1354 5113 κατά
1386 5057 1483 5112 τοῦ
1517 5057 1776 5129 Πνεῦμα-

1879 4605 2098 4662 Judaeos
2134 4605 2231 4670 ait,
2271 4603 2418 4674 quod
2467 4618 2627 4658 omne
2671 4609 2956 4672 peccatum
3007 4611 3061 4657 et
3114 4601 3453 4672 blasphemia

1878 4699 2193 4753 remittetur
2221 4695 2560 4759 hominibus,
2594 4701 2669 4758 et,
2707 4694 2801 4764 qui
2841 4693 3041 4749 dixerit
3068 4695 3293 4748 verbum
3324 4710 3457 4748 cou-

1881 4800 1966 4845 tra
1992 4788 2217 4852 Filium,
2247 4790 2562 4845 remittetur
2592 4788 2641 4841 ei
2672 4804 2684 4838 :
2711 4787 2805 4858 qui
2836 4795 3020 4841 autem
3046 4788 3247 4842 dixerit
3269 4788 3458 4841 adver-

1883 4895 1980 4934 sus
2003 4877 2269 4949 Spiritum
2310 4885 2561 4931 sanctum
2595 4892 2703 4930 non
2754 4877 3063 4930 remittetur
3094 4877 3165 4938 ei,
3199 4876 3452 4945 nequein

1883 4970 2138 5039 praesenti
2192 4970 2395 5025 smeulo
2446 4983 2625 5038 neque
2674 4969 2730 5022 in
2773 4968 2994 5022 futuro?
3027 4967 3247 5022 Attenta
3275 4977 3456 5022 mente

1885 5055 2196 5126 audiamus,
2228 5073 2331 5114 nec
2363 5073 2630 5114 erremus.
2661 5057 2964 5122 Christum,
2995 5066 3118 5128 post
3157 5058 3455 5126 inexplica-

266 5219 311 5251 ⁸⁸
350 5217 540 5275 Matth.
576 5236 654 5274 xu
675 5260 690 5280 .
723 5216 813 5273 56.
891 5217 935 5250 “
971 5216 1160 5272 Matth.
1191 5232 1246 5284 v,
1278 5215 1368 5269 22.
1446 5215 1492 5248 ³ο
1517 5214 1538 5268 l
1563 5213 1690 5271 Cor.
1722 5227 1774 5269 v1

1885 5211 1943 5266 0.
2017 5213 2059 5243 ¹¹
2101 5211 2259 5267 Joan.
2293 5229 2358 5277 x,
2397 5212 2486 5266 :30.
2563 5213 2607 5245 ²¹
2645 5210 2800 5266 Joan.
2835 5229 2888 5279 v,
2922 5212 3012 5267 25.
3089 5211 3134 5242 "
3170 5209 3328 5267 Joan.
3363 5228 3455 5275 vi,

191 5288 284 5343 54.

413 5443 552 5516 Beg.
584 5443 640 5507 2,
674 5442 944 5516 Νάϐατον.

294 5444 377 5516 l8)
418 5444 552 5513 Reg.
584 5444 640 5507 2,
674 5444 944 5497 Νάόατον.

262 5444 375 5587 ξω)
407 5514 556 5587 _Post_,
603 5513 698 5587 καὶ
730 5514 825 5587 1_6v_
845 5513 1091 5587 Πατέρα,
1125 5512 1258 5587 Reg.
1297 5510 1334 5564 2
1371 5518 1424 5565 et
1455 5511 1493 5587 β
1545 5509 1768 5587 habent,

186 5580 286 5638 xal
318 5580 373 5637 τί
408 5584 594 5636 λοιπὸν
631 5580 1048 5653 ἀποϐαλλόμεθά
1081 5580 1516 5653 τοὺςίμυσαροὺς
1558 5580 1771 5653 Ἀρεια-

185 5655 350 5718 νοῦς,
393 5655 522 5715 τοὺς
573 5649 966 5722 σμικρύνοντας
1011 5655 1106 5707 καὶ
1155 5649 1633 5713 καταϐιϐάζοντας
1675 5649 1768 5702 τὸν

188 5724 318 5780 Υίὸν
353 5724 507 5793 παρά
530 5723 592 5776 τὸ
621 5723 869 5793 Πνεῦμα;
906 5724 1018 5779 Kal
1045 5723 1162 5787 πῶς
1199 5725 1227 5776 6
1247 5723 1395 5786 Υἱός.
1424 5722 1560 5788 Qua:
1587 5735 1686 5775 nec
1711 5720 1769 5774 in

379 5755 507 5793 υυιμνι
541 5755 592 5776 νυ
621 5755 869 5793 υνςυμυιν
907 5755 1018 5779 Ιὶψι
1052 5755 1160 5787 hqu
1199 5755 1227 5776 υ
1255 5755 1395 5786 λιν-ν

1877 5437 2041 5491 editis
2091 5447 2430 5508 comparent,
2472 5451 2574 5490 nec
2627 5451 2792 5504 supra
2824 5436 2879 5508 in
2911 5433 3263 5492 Testimoniis
3305 5435 3456 5492 Seri-

1874 5518 2067 5578 pturae,
2093 5509 2186 5578 ubi
2213 5509 2328 5561 haze
2355 5509 2607 5578 leguntur
2638 5523 2789 5560 num.
2808 5507 2911 5578 749.

1947 5578 2059 5645 (20)
2092 5577 2207 5631 Duo
2235 5574 2714 5641 ιιιεεηκτιστὸν...
2746 5577 2932 5629 υἱὸν...
2964 5574 3169 5638 δοῦλον,
3201 5585 3312 5633 ctc.

1968 5645 2058 5714 21)
2096 5647 2186 5702 Sic
2209 5663 2344 5702 mss.
2374 5649 2503 5700 duo.
2539 5645 2700 5708 Editi,
2739 5647 2767 5698 6
2800 5647 2854 5699 δὲ
2887 5648 2978 5714 ἀγ.

1968 5647 2058 5718 21)
2096 5647 2186 5702 Sic
2209 5663 2344 5702 mss.
2374 5649 2503 5700 duo.
2539 5647 2700 5708 Editi,
2739 5647 2767 5698 6
2800 5647 2854 5699 δὲ
2887 5648 2978 5714 ἀγ.

1943 5647 2055 5790 ἓῖἓ)
2082 5720 2214 5790 Reg.
2245 5718 2300 5785 2,
2333 5717 2510 5787 φωτὸς
2540 5717 2634 5770 καὶ
2672 5717 2992 5788 μυστηρίου,
3029 5718 3061 5788 ἠ
3097 5716 3215 5787 τῆς.
