3852 6192
383 254 489 309 64⁸5

1557 249 1616 305 S.
1657 248 2124 306 ATHANASIUS.
2167 279 2238 289 —-
2277 248 2554 306 SPURIA.

3557 252 3669 307 6M

384 367 552 422 bilem
583 367 872 432 unionem,
903 365 1176 436 duplicem
1206 381 1350 430 esse,
1379 381 1575 437 nempe
1596 382 1663 422 ex
1685 366 1961 423 divinitate

2073 383 2166 431 τος
2193 366 2289 420 τοῦ
2328 368 2509 435 ἁγίου,
2533 368 2634 421 οὐκ
2661 367 3001 440 ἀφεθησεται
3034 367 3186 438 αὐτῷ
3207 367 3332 420 οῦτε
3364 369 3422 422 ὲν
3451 367 3531 439 τῷ
3565 367 3668 422 νῦν

383 469 438 514 et
481 459 824 526 humanitate
857 469 1133 524 constare,
1153 474 1325 516 sacra:
1346 461 1507 516 nobis
1533 461 1778 516 clamant
1819 460 1970 516 Scri-

386 559 563 620 pturae
597 567 610 603 :
651 567 778 605 nam
816 569 835 602 ι
888 551 1127 606 Verbum
1184 567 1315 606 caro
1359 551 1564 606 factum
1591 553 1760 608 est”.
1801 573 1820 606 ι
1860 551 1970 607 Ita-

394 659 503 713 que
531 641 696 698 Verbi
727 644 1071 699 divinitatem
1102 644 1356 701 Christus
1391 646 1507 716 ipse
1537 644 1804 716 Spiritum
1839 661 1968 701 san-

387 744 536 791 ctum
569 738 826 807 appellat,
845 737 1308 808 quemadmodum
1331 739 1400 792 ad
1428 737 1830 792 Samaritanam
1854 739 1964 792 ait:

393 847 412 879 ‹
450 829 594 885 Deus
624 830 863 900 Spiritus
889 841 974 887 est
997 845 1011 881 :
1036 831 1082 862 ³⁵
1117 850 1134 881 ι
1159 845 1315 885 suam
1333 837 1515 884 autem
1543 830 1965 892 humanitatem,

387 921 586 976 Filium
645 923 888 978 hominis
954 938 1150 978 rursus
1211 922 1466 992 appellat,
1503 922 1968 993 quemadmodum

389 1013 517 1066 alibi
546 1014 613 1068 de
642 1014 863 1084 propria
904 1029 1072 1068 carne
1103 1014 1180 1067 ait
1219 1031 1231 1066 :
1271 1033 1290 1064 ι
1331 1012 1490 1067 Nunc
1519 1013 1857 1083 glorilicatus
1884 1021 1969 1070 est

386 1103 558 1161 Filius
583 1106 824 1162 hominis
851 1107 918 1160 ³⁸.
959 1125 977 1157 ›
1012 1105 1183 1177 Igitur
1203 1104 1400 1169 Judaai,
1427 1106 1520 1176 qui
1545 1105 1716 1161 Deum
1751 1122 1971 1176 semper

387 1195 735 1254 oﬂ‘endebant
763 1207 817 1253 et
841 1197 1197 1268 blasphemiis
1233 1197 1667 1262 insectabantur,
1695 1197 1966 1268 duplicem

388 1288 654 1344 adversus
681 1289 959 1346 Christum
984 1291 1384 1345 commiserunt
1407 1290 1805 1360 blasphemiam
1837 1305 1850 1342 :
1877 1289 1968 1344 alii

387 1379 533 1434 enim
561 1395 783 1436 carnem
813 1381 934 1452 ejus
956 1383 1071 1438 sive
1092 1382 1290 1437 Filium
1325 1383 1568 1438 hominis
1597 1381 1965 1447 oll‘endebant,

388 1469 492 1522 rati
531 1470 854 1539 prophetam
886 1472 1065 1541 ipsum
1095 1488 1218 1527 esse
1241 1488 1352 1527 non
1381 1481 1568 1528 autem
1605 1471 1778 1526 Deum
1811 1491 1824 1526 :
1852 1473 1969 1541 qui-

389 1558 493 1614 bus
531 1561 747 1615 veniam
783 1562 956 1617 dedit.
999 1561 1281 1632 Siquidem
1325 1564 1538 1619 initium
1563 1564 1968 1634 praedicationis

387 1658 534 1714 erat,
577 1652 928 1723 nondumque
961 1663 1173 1724 poterat
1198 1654 1436 1709 mundus
1467 1655 1634 1710 Deum
1669 1656 1822 1709 illum
1849 1671 1970 1710 cre-

2075 459 2232 512 αἰῶνι
2257 458 2381 512 οὔτε
2413 462 2470 512 ὲν
2497 459 2576 531 τῷ
2628 460 2911 531 μέλλοντι;
2969 461 3260 532 Νουνεχῶς
3313 461 3665 533 ἀκούσωμεν,

2076 549 2265 622 καὶμὴ
2298 550 2683 622 πλαηθῶμεν.
2712 552 2900 606 Διττὸν
2939 549 3080 606 εἶναι
3125 553 3214 606 τὸν
3253 554 3488 624 Χριστὸν
3523 554 3668 625 μετά

2074 643 2174 714 τὴν
2205 644 2484 715 ἄφραστον
2536 645 2749 710 ἕνωσιν,
2775 647 2920 716 φημὶ
2965 647 3029 718 δὴ
3083 649 3148 701 ὲκ
3194 648 3446 719 θεότητος
3475 652 3572 704 καὶ
3604 650 3668 716 ἐξ

2075 736 2514 807 ἀνθρωπότητος,
2541 737 2598 789 αἱ
2632 738 2774 810 ἱεραὶ
2800 738 2932 808 ἡμῖν
2953 735 3208 791 διαϐοῶσι
3243 739 3456 810 Γραφαί
3475 757 3520 791 ⁸(
3547 741 3606 793 ’0
3638 760 3660 794 ι

2075 828 2183 900 γὰρ
2219 847 2238 880 ι
2278 829 2451 898 Λόγος
2502 828 2640 900 σὰρξ
2691 829 2927 898 ἐγένετο.
2960 848 2980 881 ›
3018 830 3130 900 Τὴν
3161 829 3293 899 γοῦν
3339 831 3432 885 τοῦ
3485 833 3662 900 Λόγου

2076 922 2306 994 θεότητα
2337 924 2367 975 6
2414 922 2578 986 αὐτὸς
2622 922 2857 994 Χριστὸς
2915 923 3140 993 Πνεῦμα
3173 923 3330 992 ἆγιον
3382 925 3660 996 ὀνομάζει,

2076 1012 2221 1066 καθὰ
2249 1013 2342 1066 καὶ
2371 1013 2509 1084 πρὸς
2533 1012 2632 1084 τὴν
2662 1015 2994 1085 Σαμαρεῖτιν
3033 1014 3237 1082 ἔλεγεν,
3264 1015 3346 1068 ὅτι
3372 1016 3602 1086 Πνεῦμα
3635 1019 3665 1070 ό

2075 1102 2244 1166 Θεός·
2303 1103 2402 1175 τὴν
2444 1103 2501 1156 δὲ
2545 1102 2946 1174 ἀνθρωπότητα
3001 1102 3166 1156 αὐτοῦ
3200 1104 3329 1158 Υίὸν
3369 1104 3663 1175 ἀνθρώπου

2076 1195 2238 1250 πάλιν
2259 1213 2272 1226 ·
2306 1195 2490 1260 καθὼς
2522 1196 2615 1250 καὶ
2641 1195 2874 1267 ἀλλαχοῦ
2899 1197 3028 1268 περὶ
3054 1196 3155 1269 τῆς
3183 1198 3320 1260 ἰδίας
3340 1197 3506 1250 αὐτοῦ
3538 1216 3665 1269 σαρ-

2076 1289 2170 1352 κός
2204 1305 2372 1360 φησι·
2413 1309 2430 1340 ι
2460 1289 2574 1343 Νῦν
2623 1289 2884 1360 ἐδοξάσθη
2919 1292 2949 1343 6
2975 1291 3104 1353 Υίδς
3146 1289 3242 1344 τοῦ
3278 1290 3592 1362 ἀνθρώπου.
3637 1312 3656 1342 ι

2075 1383 2138 1435 Οί
2163 1377 2256 1434 οῦν
2277 1381 2364 1435 ἀεὶ
2401 1382 2478 1451 τῷ
2507 1380 2626 1452 Θεῷ
2648 1380 3079 1453 προσκρούοντες
3096 1382 3190 1436 καὶ
3213 1382 3662 1454 βλασφημοῦντες

2088 1473 2328 1526 Ἰουδαῖοι
2368 1472 2547 1544 διττὴν
2575 1473 2713 1545 πρὸς
2760 1473 2852 1528 τὸν
2892 1475 3129 1545 Χριστὸν
3175 1474 3273 1546 τὴν
3310 1474 3662 1547 βλασφημίαν

2075 1565 2404 1636 ἐκέκτηντο·
2438 1566 2487 1618 οί
2521 1566 2619 1636 μὲν
2658 1568 2726 1636 τῇ
2777 1565 2941 1638 σαρκὶ
2975 1565 3163 1631 αὐτοῦ,
3198 1567 3366 1636 ἤγουν
3416 1566 3494 1636 τῷ
3541 1566 3662 1637 Υἱῷ

2073 1656 2168 1709 τοῦ
2199 1656 2510 1728 ἀνθρώπου,
2546 1658 2987 1728 προσκόπτοντες
3019 1658 3129 1728 (25)
3162 1658 3445 1730 προφήτην
3469 1656 3659 1722 αὐτὸν,

387 1741 517 1796 dere
549 1743 641 1812 qui
673 1744 836 1798 homo
879 1745 1198 1815 apparebat.
1235 1744 1376 1799 Hinc
1409 1745 1665 1801 Christus
1715 1747 1814 1810 ait,
1845 1745 1961 1811 Qui-

2073 1748 2186 1801 ἀλλ’
2224 1749 2284 1801 οὐ
2317 1747 2450 1803 Θεὸν
2481 1744 2620 1802 εἶναι
2669 1749 3003 1820 νομίζοντες,
3060 1744 3142 1814 οἷς
3176 1750 3268 1804 καὶ
3327 1750 3661 1820 συγγνώμην

386 1849 604 1904 cunque
635 1834 835 1889 dixerit
869 1838 1098 1891 verbum
1123 1845 1315 1892 contra
1338 1836 1536 1892 Filium
1567 1838 1828 1903 hominis,
1857 1842 1961 1896 sive

2073 1839 2294 1893 ἔδωκεν.
2341 1841 2508 1913 Ἀρχὴ
2542 1841 2652 1914 γάρ
2695 1837 2763 1912 ἦν
2790 1841 2886 1894 τοῦ
2941 1842 3322 1913 κηρύγματος,
3365 1844 3460 1896 καὶ
3504 1843 3660 1896 οῦπω

385 1935 580 1982 contra
617 1943 841 1998 corpus,
883 1931 1196 1985 remittetur
1240 1931 1312 1985 ei.
1345 1930 1534 1986 Audeo
1589 1933 1735 1986 enim
1785 1931 1961 1988 dicere

2076 1925 2274 1998 ἐχώρει
2307 1930 2335 1981 6
2383 1929 2587 1999 κόσμος
2619 1927 2750 2009 Θεὸν
2786 1931 3062 1984 πιστεύειν
3096 1932 3418 2002 φαινόμενον
3447 1931 3660 2003 ἄνθρω-

387 2033 564 2088 neque
587 2019 737 2089 ipsos
763 2022 952 2075 beatos
981 2022 1103 2091 ejus
1133 2022 1434 2091 discipulos
1468 2023 1765 2092 perfectam
1795 2024 1969 2095 ipsius

386 2110 692 2166 divinitatis
754 2111 1015 2167 habuisse.
1059 2119 1453 2183 cognitionem,
1499 2117 1674 2172 donec
1728 2115 1969 2186 Spiritus

387 2210 614 2256 sanctus
643 2201 732 2257 die
757 2203 1108 2261 Pentecostes
1134 2207 1188 2259 in
1219 2222 1314 2261 eos
1355 2208 1586 2276 illapsus
1613 2216 1782 2263 esset.
1812 2208 1970 2262 Nam-

397 2309 506 2362 que
535 2294 699 2348 etiam
745 2303 870 2365 post
910 2299 1372 2354 resurrectionem
1407 2301 1501 2355 alii
1530 2301 1683 2355 illum
1709 2302 1968 2357 viderunt

384 2392 439 2438 et
459 2385 792 2454 adorarunt;
825 2388 1048 2457 quidam
1097 2398 1279 2446 autem
1314 2392 1726 2460 dubitaverunt,
1751 2404 1808 2450 at
1857 2411 1968 2452 non

386 2475 594 2532 idcirco
657 2476 811 2534 fuere
873 2481 1248 2540 condemnati.
1299 2483 1402 2550 Qui
1465 2494 1646 2541 autem
1702 2487 1968 2543 adversus

387 2565 654 2638 Spiritum
702 2577 954 2624 sanctum
1007 2571 1362 2640 proferebant
1407 2575 1807 2646 blasphemiam
1853 2579 1968 2634 sive

385 2662 647 2717 adversus
681 2661 890 2716 Christi
935 2661 1302 2730 divinitatem,
1328 2682 1455 2721 cum
1501 2683 1699 2738 nempe
1737 2669 1853 2725 haec
1881 2671 1970 2725 di-

385 2761 575 2808 cerent
616 2773 680 2808 :r
728 2753 788 2809 ln
820 2755 1108 2810 Beelzebul
1155 2758 1403 2830 principe
1457 2761 1766 2819 daamonum
1815 2765 1967 2836 ejicit

391 2847 662 2903 daemonia
680 2851 724 2881 ’⁷
751 2863 763 2900 ;
793 2869 811 2900 ι
856 2849 944 2906 his
975 2851 1086 2905 ait:
1117 2870 1137 2902 ι
1182 2851 1300 2908 Non
1335 2855 1644 2911 remittetur
1682 2874 1860 2930 neque
1909 2861 1966 2915 in

389 2939 656 3010 praesenti
700 2940 900 2996 smeulo
933 2957 1110 3012 neque
1157 2943 1215 2998 in
1273 2943 1478 3000 futuro.
1521 2965 1539 2998 ι
1575 2945 1966 3006 Verumtamen

2073 2035 2193 2072 πον.
2226 2019 2317 2072 Διὸ
2348 2020 2440 2073 καί
2469 2037 2632 2090 φησιν
2660 2021 2689 2074 6
2714 2015 2970 2092 Xptcrbg',
3005 2023 3086 2076 ὄτι
3117 2025 3213 2086 ’ος
3234 2023 3278 2076 δ’
3310 2023 3375 2076 ἂν
3402 2023 3530 2094 εἴπῃ
3570 2025 3660 2078 λό-

2069 2129 2165 2180 γον
2190 2113 2330 2166 κατά
2361 2111 2455 2166 τοῦ
2480 2113 2609 2165 Υίοῦ
2626 2113 2720 2166 τοῦ
2737 2113 3051 2185 ἀνθρώπου,
3071 2116 3236 2186 ἤγουν
3257 2115 3352 2168 τοῦ
3379 2116 3656 2187 σώματος,

2070 2203 2402 2274 ἀφεθήσεται
2433 2203 2581 2274 αύτῷ
2615 2204 2749 2274 ((24).
2781 2203 2977 2275 Τολμῶ
3017 2206 3126 2278 γὰρ
3175 2206 3374 2275 λέγειν,
3413 2208 3494 2260 ὅτι
3535 2211 3657 2263 οὐδὲ

2070 2297 2223 2351 αὐτοὶ
2244 2299 2292 2350 οί
2324 2298 2583 2370 μακάριοι
2615 2297 2778 2351 αὐτοῦ
2809 2297 3050 2368 μαθηταὶ
3073 2299 3133 2352 τὸ
3157 2299 3361 2356 τέλειον
3388 2301 3517 2373 περὶ
3555 2302 3655 2372 τῆς

2069 2389 2231 2444 αὑτοῦ
2263 2390 2512 2461 θεότητος
2542 2391 2686 2462 εἶχον
2731 2391 3006 2463 φρόνημα,
3059 2393 3164 2454 ἕως
3211 2395 3272 2446 τὸ
3322 2395 3546 2465 Πνεῦμα
3593 2413 3655 2449 το

2069 2479 2222 2548 ἅγιον
2253 2481 2435 2543 αὐτοῖς
2467 2483 2534 2551 τῇ
2570 2483 2920 2553 Πεντηκοστῇ
2953 2483 3335 2554 ἐπεφοίτησεν.
3375 2485 3528 2538 Ἐπεὶ
3561 2488 3655 2540 καὶ

2071 2570 2207 2641 μετὰ
2232 2571 2330 2642 τὴν
2356 2572 2651 2626 ἀνάστασιν
2678 2574 2725 2626 οἱ
2759 2573 2857 2643 μὲν
2888 2574 3084 2638 ίδόντες
3115 2576 3279 2630 αὐτὸν
3315 2578 3653 2651 προσεκύνη-

2069 2677 2188 2727 σαν,
2217 2663 2266 2714 οἱ
2290 2662 2346 2714 δὲ
2371 2663 2673 2728 ἐδίστασαν,
2711 2664 2824 2717 ἀλλ’
2854 2666 2956 2719 οὐκ
2987 2669 3050 2720 ὲκ
3083 2667 3276 2720 τούτου
3322 2670 3654 2741 κατεκρίθη-

2069 2769 2170 2805 σαν
2189 2769 2202 2781 ·
2239 2754 2286 2806 οί
2315 2753 2370 2806 δὲ
2402 2755 2484 2818 είς
2507 2753 2566 2807 τὸ
2586 2753 2814 2826 Πνεῦμα
2838 2756 2898 2809 τὸ
2927 2756 3102 2824 ἆγιον,
3128 2758 3298 2828 ἤγουν
3323 2761 3403 2823 εἰς
3430 2759 3530 2830 τὴν
3552 2760 3649 2814 τοῦ

2066 2843 2305 2914 Χριστοῦ
2357 2845 2607 2916 θεότητα,
2647 2845 3097 2918 βλασφημοῦντες
3130 2849 3226 2902 καὶ
3268 2850 3535 2920 λέγοντες,
3569 2853 3652 2904 ὅτι

2073 2953 2091 2986 ς
2137 2937 2223 2988 Ἐν
2244 2937 2569 3000 Βεελζεΰοὺλ
2601 2937 2679 3009 τῷ
2701 2940 2922 3011 ἄρχοντι
2947 2941 3058 2993 τῶν
3093 2941 3361 3012 δαιμόνων
3401 2944 3652 2997 ἐκϐάλλει

386 3030 791 3087 observandum
822 3041 907 3089 est
938 3034 1219 3090 Christum
1252 3052 1365 3093 non
1415 3037 1645 3108 dixisse,
1679 3043 1775 3112 qui
1817 3043 1961 3099 blas-

2073 3025 2136 3078 τά
2176 3027 2447 3097 δαιμόνια,
2486 3047 2504 3080 ι
2551 3029 2784 3097 τούτοις,
2849 3031 3036 3102 φησὶν,
3078 3049 3098 3084 ‹
3146 3035 3262 3087 Οὐκ
3319 3034 3652 3105 ἀφεθήσεται

386 3120 633 3190 phemias
669 3126 976 3193 protulerit,
1029 3135 1083 3183 et
1109 3129 1282 3198 egerit
1306 3131 1710 3199 paenitentiam,
1741 3135 1820 3189 illi
1849 3151 1961 3190 non

2073 3118 2186 3171 οὐδὲ
2218 3122 2276 3173 ὲν
2307 3120 2386 3191 τῷ
2413 3120 2510 3175 νῦν
2541 3121 2698 3176 αἰῶνι
2748 3123 2870 3176 οὐδὲ
2908 3124 2966 3176 ἐν
2996 3123 3074 3195 τῷ
3112 3125 3376 3194 μέλλοντι.
3433 3145 3454 3178 ι
3502 3127 3650 3198 Πλὴν

395 3214 729 3278 remittetur,
771 3215 868 3271 sed
900 3218 995 3288 qui
1021 3218 1393 3289 blasphemias
1447 3224 1679 3294 profert,
1719 3228 1834 3282 sive
1868 3230 1961 3298 qui

2073 3211 2478 3282 σημειώσασθαι
2511 3213 2638 3286 χρὴ,
2669 3215 2750 3268 ὅτι
2782 3215 2882 3268 οὐκ
2910 3210 3065 3270 εἶπεν
3103 3219 3131 3270 6
3154 3218 3390 3289 Χριστὸς
3427 3217 3540 3287 (25)
3570 3219 3650 3289 τῷ

391 3303 449 3357 in
481 3303 841 3376 blasphemiis
871 3321 1206 3378 perseverat.
1238 3311 1461 3368 Nullum
1518 3317 1666 3370 enim
1713 3328 1799 3374 est
1837 3335 1961 3390 pec-

2073 3304 2516 3376 βλασφημήσαντι
2556 3307 2648 3360 καὶ
2679 3309 3107 3380 μετανοήσαντι,
3135 3309 3235 3362 οὐκ
3275 3310 3630 3382 ἀφεθήσεται,

383 3401 566 3448 catum
596 3396 742 3464 quod
772 3412 880 3450 non
913 3399 1186 3454 condonet
1212 3399 1358 3460 Deus
1389 3403 1460 3460 iis
1494 3406 1590 3475 qui
1612 3407 1885 3464 sinceram
1907 3419 1961 3467 et

2073 3394 2199 3448 ἀλλὰ
2227 3396 2306 3466 τῷ
2339 3397 2773 3468 βλασφημοῦντι,
2808 3401 2976 3471 ἤγουν
3006 3400 3084 3472 τῷ
3117 3403 3174 3455 ὲν
3211 3405 3278 3474 τῆ
3328 3402 3646 3475 βλασφημίᾳ

383 3485 603 3558 dignam
638 3496 808 3558 agunt
834 3491 1234 3561 paenitentiam.

2073 3489 2392 3558 ὲπιμένοντι.
2443 3490 2771 3562 Ἐπειδήπερ
2801 3493 2900 3546 οὐκ
2951 3493 3099 3547 ἐστιν
3130 3495 3372 3566 ἁμαρτία
3397 3495 3648 3566 ἀσυγχώο

2065 3596 2225 3649 ρητος
2264 3581 2418 3652 παρὰ
2449 3580 2567 3636 Θεῶ
2593 3576 2796 3646 ὲν”τοῖς
2827 3584 2990 3648 ὁσίως
3014 3586 3106 3638 καὶ
3144 3587 3263 3639 κατ’
3293 3587 3451 3653 ἀξίαν
3481 3605 3648 3659 μετα-

2060 3691 2294 3729 νοουσιν.

454 3747 674 3815 ρυεετ.
713 3748 945 3806 LXXIII.
977 3751 1118 3819 Quid
1170 3755 1335 3826 ergo?
1355 3754 1656 3812 Veniamne
1685 3759 1959 3828 poeniten-

2142 3765 2440 3838 Ἐρώτησις
2476 3767 2571 3837 ογ’.
2600 3767 2665 3821 Τί
2705 3762 2832 3834 οῦν;
2867 3768 2978 3840 ἔχει
3001 3769 3194 3839 ἄφεσιν
3217 3769 3306 3824 διὰ
3338 3771 3632 3841 μετανοίας

382 3841 457 3896 tia
491 3843 537 3898 is
565 3846 920 3914 consequitur
945 3848 1038 3916 qui
1070 3847 1352 3904 Christum
1397 3863 1580 3920 negat,
1613 3861 1666 3907 et
1703 3853 1959 3925 blasphe-

2073 3858 2205 3912 5τδν
2234 3860 2469 3931 Χριστὸν
2524 3859 2878 3932 ἀρνούμενος,
2924 3863 3018 3916 καὶ
3077 3861 3414 3934 βλασφημῶν
3461 3865 3542 3927 είς
3584 3864 3647 3916 τὺ

381 3933 547 3988 miam
578 3933 630 3989 in
659 3934 920 4006 Spiritum
960 3946 1209 3993 sanctum
1244 3938 1497 4009 profert?

455 4024 618 4080 Rssr.
655 4023 782 4079 Tria
826 4026 1177 4095 baptismata,
1212 4045 1331 4098 qua:
1377 4031 1612 4099 quodvis
1666 4039 1956 4102 peccatum

379 4115 602 4183 expiare
627 4116 862 4184 possint,
895 4115 1036 4172 Deus
1072 4128 1280 4172 naturae
1311 4119 1594 4173 hominum
1627 4123 1908 4176 concessit
1937 4140 1951 4176 :

2059 3949 2288 4020 Πνεῦμα
2310 3951 2370 4004 τὸ
2410 3952 2599 4020 ἆγιον;

2143 4041 2481 4114 Ἀπόκρισις.
2513 4043 2653 4115 Τρία
2702 4044 3057 4117 βαπτίσματα
3103 4044 3416 4117 καθαρτικὰ
3461 4024 3647 4116 πάσης

2057 4130 2176 4194 οἵας
2201 4132 2402 4202 δήποτε
2427 4135 2703 4205 ἁμαρτίας
2723 4136 2895 4201 όΘεὸς
2919 4139 2985 4208 τῇ
3019 4136 3178 4205 φύσει
3209 4137 3319 4191 τῶν
3341 4137 3645 4207 ἀνθρώπων

380 4221 575 4275 nempe
605 4221 779 4276 aquae,
813 4209 1020 4278 proprii
1044 4211 1330 4281 sanguinis
1365 4227 1462 4282 per
1513 4213 1862 4284 martyrium,
1898 4221 1956 4269 et

2073 4223 2368 4296 ἐδωρήσατο
2385 4242 2397 4254 ·
2426 4226 2568 4294 λέγω
2583 4227 2639 4279 δὲ
2666 4229 2726 4282 τὸ
2753 4228 2967 4296 ὓδατος,
2996 4231 3090 4284 καὶ
3111 4231 3272 4284 πάλιν
3306 4233 3366 4286 τὸ
3390 4232 3479 4284 διὰ
3507 4251 3647 4304 μαρ-

380 4299 602 4353 tertium
652 4316 748 4370 per
786 4302 1078 4372 lacrymas,
1121 4319 1218 4371 per
1253 4303 1402 4373 quod
1455 4314 1684 4374 purgata
1717 4313 1802 4360 est
1839 4321 1956 4361 me-

381 4389 551 4442 retrix
571 4389 638 4441 ²⁸.
686 4387 804 4458 Ipse
849 4391 976 4444 item
1014 4402 1331 4446 sanctorum
1373 4396 1750 4462 apostolorum
1799 4411 1956 4466 cory-

380 4476 566 4546 phzeus
598 4476 796 4534 Petrus
859 4479 997 4535 fusis
1028 4491 1154 4551 post
1185 4484 1530 4554 negationem
1567 4486 1824 4556 lacrymis
1852 4503 1951 4542 ac-

376 4577 570 4638 ceptus
599 4577 684 4624 est
717 4578 773 4625 et
803 4581 1072 4628 servatus.
1109 4574 1266 4639 Quod
1300 4575 1346 4631 si
1380 4575 1584 4632 Christi
1617 4580 1834 4648 negatio
1863 4595 1953 4635 re-

373 4661 630 4727 mittitur,
662 4677 772 4717 non
804 4671 986 4718 autem
1019 4665 1260 4736 Spiritus
1290 4672 1466 4725 sancti
1503 4672 1742 4743 negatio,
1765 4677 1950 4744 sequi-

2057 4316 2246 4386 τυρίου
2281 4317 2393 4387 (26)
2427 4318 2521 4370 τοῦ
2557 4319 2686 4372 ἰδίου
2714 4322 2966 4391 αἵματος,
2999 4323 3094 4375 καὶ
3123 4322 3308 4393 τρίτον
3341 4324 3402 4376 τὸ
3438 4324 3526 4377 διὰ
3551 4325 3646 4378 δα-

2058 4406 2262 4476 κρύων,
2293 4409 2373 4470 είς
2400 4409 2534 4482 ὅπερ
2567 4412 2657 4464 καὶ
2687 4413 2720 4482 ἡ
2757 4412 2928 4484 πόρνη
2975 4413 3335 4486 ἐκαθαρίσθη.
3367 4415 3534 4486 Πλὴν
3587 4417 3645 4470 δὲ

2059 4500 2154 4551 καὶ
2177 4499 2338 4562 αὐτὸς
2371 4503 2399 4554 ὁ
2417 4505 2713 4572 κορυφαῖος
2739 4503 2848 4556 τῶν
2877 4505 3048 4573 ἁγίων
3082 4505 3396 4559 ἀποστόλων
3433 4507 3643 4578 Πέτρος

2062 4589 2199 4660 μετά
2221 4591 2316 4660 τὴν
2339 4591 2590 4663 ἄρνησιν,
2631 4593 2873 4659 κλαύσας
2912 4596 3250 4669 προσεδέχθη
3290 4599 3383 4652 καὶ
3434 4598 3637 4670 ἐσώθη.

2071 4681 2194 4734 Ἐὰν
2217 4682 2274 4735 δὲ
2311 4684 2344 4754 ή
2392 4683 2486 4736 τοῦ
2535 4685 2772 4754 Χριστοῦ
2807 4687 3041 4759 ἄρνησις
3063 4688 3176 4759 ἔχει
3203 4691 3573 4763 συγχώρησιν,
3606 4694 3640 4763 ἡ

375 4761 466 4807 tur
496 4762 554 4808 ut
585 4753 756 4810 Filius
780 4755 1008 4812 inferior
1029 4760 1101 4815 sit
1126 4758 1336 4831 Spiritu
1369 4773 1582 4822 sancto.
1609 4767 1750 4821 Audi
1782 4783 1948 4838 porro

2073 4771 2113 4824 ῑὲ
2137 4770 2230 4825 τοῦ
2259 4753 2754 4847 ἀγίουίΠνεύματος
2783 4753 2882 4832 οὐκ
2911 4753 3024 4850 ἐξίει
3043 4797 3056 4811 ο
3093 4753 3415 4852 ’έοριωέέὲαὶ
3451 4753 3641 4836 λοιπὸν

374 4844 670 4918 Scriptura:
693 4849 1092 4918 testimonium,
1126 4869 1229 4908 nec
1282 4856 1506 4910 credere
1557 4858 1778 4915 dubites
1820 4861 1948 4914 nul-

2052 4863 2082 4915 6
2127 4863 2253 4928 Υἱὸς
2285 4863 2522 4920 ἐλάττων
2565 4867 2660 4921 τοῦ
2708 4869 2862 4938 ἁγίου
2913 4871 3248 4944 Πνεύματος.
3281 4875 3552 4927 ’Ἄκουσον
3581 4875 3640 4929 δὲ

372 4937 483 4993 lum
518 4940 754 5009 quodvis
786 4951 1072 5010 peccatum
1106 4959 1250 5008 esse,
1277 4945 1423 5014 quod
1462 4945 1554 5002 Dei
1595 4949 1947 5038 clementiam

2073 4956 2148 5009 cui.
2173 4957 2451 5029 γραφικῆς
2482 4937 2808 5031 μαρτυρίας,
2844 4963 2937 5016 καὶ
2978 4937 3232 5034 πείσθητι
3267 4965 3342 5037 μὴ
3369 4962 3512 5020 εἶναι
3537 4968 3638 5038 τὴν

371 5029 569 5084 vincat.
594 5029 758 5103 234
797 5030 890 5086 Sic
920 5033 1085 5104 igitur
1117 5033 1260 5091 Deus
1297 5038 1542 5108 loquitur
1573 5055 1672 5109 per
1694 5025 1948 5098 Ezechie:

2052 5048 2172 5102 οἵαν
2199 5051 2401 5122 δήποτε
2437 5051 2716 5122 ἁμαρτίαν
2748 5054 2988 5108 νικῶσαν
3021 5055 3120 5127 τὴν
3142 5055 3238 5109 τοῦ
3276 5056 3414 5110 Θεοῦ
3448 5056 3639 5128 φιλαν-

371 5122 474 5176 lem
516 5125 838 5192 pr0phetam
881 5144 894 5181 :
937 5143 958 5177 ι
1011 5125 1147 5182 Vivo
1201 5144 1326 5200 ego,
1379 5131 1510 5186 dicit
1562 5132 1848 5199 Dominus,
1898 5135 1948 5191 si

2073 5137 2320 5209 lpwrriatv.
2343 5140 2505 5210 Λέγει
2535 5137 2628 5196 οὖν
2660 5143 2689 5195 6
2739 5143 2870 5207 Θεὸς
2913 5144 3001 5198 διά
3029 5122 3124 5198 τοῦ
3154 5147 3438 5219 προφήτου
3461 5122 3636 5214 *Ἰεζε-

369 5214 494 5283 quis
522 5215 686 5271 homo
707 5217 893 5272 omnia
913 5215 1104 5273 fecerit
1145 5228 1392 5289 peccata,
1427 5221 1719 5294 ipsumque
1765 5225 1820 5280 in
1846 5227 1943 5295 ju-

2053 5229 2181 5300 κιὴλ
2198 5229 2409 5296 οὕτως’
2450 5251 2468 5282 ι
2501 5233 2589 5286 Ζῶ
2616 5234 2748 5303 ἐγὼ,
2797 5235 2944 5306 λέγει
2997 5236 3224 5309 Κύριος,
3267 5239 3373 5305 ὅτι,
3419 5239 3517 5295 ὲάν
3551 5255 3637 5303 τις

441 5367 487 5401 ’⁸
521 5368 679 5426 Joan.
711 5387 766 5440 ι,
801 5373 888 5428 14.
963 5375 1012 5407 ³⁵
1047 5373 1206 5431 Joan.
1238 5392 1314 5444 ιν,
1345 5377 1436 5436 24.
1513 5381 1560 5413 ⁸⁸
1596 5377 1754 5438 Joan.
1787 5397 1886 5437 xm
1909 5423 1922 5448 ,
1957 5383 1961 5434 ε

2128 5385 2173 5417 ³⁷
2213 5384 2406 5441 Matth.
2437 5405 2518 5444 xu
2539 5429 2554 5449 .
2583 5388 2676 5446 24.
2755 5390 2801 5422 ’⁸
2841 5389 2976 5450 Luc.
3010 5408 3120 5459 vn,
3151 5392 3242 5450 57.

442 5521 555 5607 (25.).
579 5524 664 5607 ita
711 5527 833 5607 duo
861 5528 1224 5607 Regii._Edi_ti
1283 5549 1433 5607 vero,
1483 5539 1933 5607 προσπίπτοντες.

370 5591 490 5672 No}
508 5595 711 5672 iidem,
721 5668 732 5672 _
747 5591 1016 5672 ενόμιςόν.
1049 5601 1213 5670 Editi,
1253 5591 1582 5672 νομίζοντές.

437 5624 488 5647 1.\
526 5624 707 5663 uucul,
747 5624 1016 5672 ενομιςον.
1051 5624 1213 5670 nutu,
1253 5624 1310 5659 vo
1361 5624 1582 5672 ιςοντες.

437 5663 548 5736 (ει)
580 5666 656 5721 lta
699 5668 860 5725 iidem
904 5670 1056 5744 Regii
1080 5673 1116 5726 2
1151 5683 1204 5732 et
1231 5676 1282 5731 5.
1317 5624 1375 5732 ru
1401 5679 1565 5735 editis
1595 5682 1730 5751 haec,
1770 5685 1938 5755 ἤγουν

2043 5540 2135 5595 τοῦ
2167 5541 2417 5613 σώματος
2448 5544 2612 5598 αὑτοῦ
2641 5545 2861 5601 desunt.

2117 5614 2230 5685 (25)
2261 5615 2346 5685 illa
2377 5615 2487 5669 duo
2524 5616 2698 5685 Regii.
2742 5616 2884 5672 Editi
2916 5635 3070 5684 vero,
3097 5622 3125 5674 6
3157 5620 3309 5685 Θεός.

2117 5683 2228 5756 (26)
2258 5684 2391 5756 Reg.
2427 5687 2481 5753 '5,
2517 5683 2842 5760 μαρτυρίου.
2870 5689 3034 5757 Editi,
3059 5683 3394 5764 μαρτυρίας.
