3852 6192
125 264 232 322 οιε

1107 267 1568 339 ΩυλΕΒΤΙΟΝΕΞ
1599 273 1692 326 AD
1729 271 2132 329 ANTIOCIIUM
2167 271 2422 327 DUCEM.

3274 273 3370 331 διε

125 386 329 458 ποιήσῃ
362 383 646 457 ἄνθρωπος
670 387 853 452 πάσας
879 387 975 453 τὰς
1000 389 1312 460 ἁμαρτίας,
1336 391 1430 444 καὶ
1457 389 1602 462 ε’ύρω
1649 390 1698 444 δὲ

1818 391 1960 444 stitia
2015 389 2342 452 invenerim,
2382 403 2492 442 non
2543 372 2879 444 recordabor
2905 385 3148 444 omnium
3179 387 3370 459 iniqui-

123 478 286 532 αὑτὸν
323 480 382 530 ὲν
414 478 749 553 δικαιοσύνῃ,
771 481 832 532 οὐ
857 480 931 552 μὴ
964 481 1186 552 μνησθῶ
1214 481 1402 534 πασῶν
1433 481 1542 535 τῶν
1583 483 1702 535 ἀνο-

127 568 266 636 μιῶν
299 568 488 625 αὑτοῦ.
521 588 541 621 ι
579 588 597 622 ι
623 570 786 641 Εύρω
819 590 837 623 ι
881 571 937 624 δὲ
966 571 1148 638 αὐτὸν,
1183 571 1338 642 δῆλον
1366 573 1448 624 ὃτι
1487 573 1551 642 τῇ
1581 572 1702 643 ὥρα

124 658 217 711 106
246 659 476 714 Θανάτου
500 661 685 714 αὐτοῦ.
719 661 809 714 Δέἰ
835 655 957 734 γὰρ’
993 662 1211 727 εἰδέναι,
1255 663 1336 715 ὅτι
1373 663 1574 732 ὁμοίως
1604 661 1698 716 106

127 747 498 820 βαπτίσματος
530 752 564 820 ὴ
584 749 694 802 τῶν
717 749 968 822 δακρύων
1002 749 1152 820 πηγὴ
1179 748 1460 821 καθαρίζει
1491 749 1582 802 τὸν
1608 748 1702 801 ἄν·

126 840 342 912 θρωπον
366 857 380 870 ·
411 841 598 913 διόπερ
630 839 833 906 πολλοὶ,
863 839 951 894 διὰ
980 839 1336 910 πταισμάτων
1373 838 1700 910 μολύναντες

122 932 182 984 τὸ
208 933 364 1000 ἅγιον
390 932 504 1004 ('27)
539 932 841 1003 βάπτισμα,
877 933 965 986 διὰ
984 932 1232 1004 δακρύων
1262 933 1699 1006 ἐκαθαρίσθησαν

123 1029 213 1081 καὶ
245 1027 443 1080 δίκαιοι
473 1025 890 1097 ἀπεδείχθησαν.

206 1119 400 1190 Έρώτ.
437 1100 692 1172 οδ’.Ἦοία
719 1117 966 1188 ἁμαρτία
987 1118 1249 1190 ποιεῖτὴν
1269 1118 1578 1190 προσευχὴν
1603 1119 1696 1174 τοῦ

121 1212 408 1284 ἀνθρώπου
432 1211 798 1284 ἀπρόσδεκτον
832 1209 984 1281 παρὰ
1014 1208 1168 1280 Θεῷ;

204 1305 394 1357 Ἀπόκ,
437 1303 500 1356 Ἦ
554 1299 907 1374 μνησικακία,
960 1301 1102 1356 κατά
1143 1301 1234 1354 τὸν
1275 1301 1429 1372 λόγον
1463 1301 1559 1358 τοῦ
1592 1303 1699 1356 Κυ-

126 1396 238 1468 ρίου
266 1397 362 1449 τὸν
394 1396 650 1462 λέγονταο
687 1413 706 1445 ι
748 1395 868 1447 ’Ότι
908 1393 1004 1447 ἐὰν
1058 1394 1372 1468 προσφέρῃς
1420 1395 1481 1448 τὸ
1525 1394 1698 1466 δῶρόν

124 1506 215 1542 σου
245 1489 341 1540 ἐπὶ
366 1487 428 1540 τὸ
456 1487 854 1558 θυσιαστήριον,
885 1488 1045 1539 κάκεῖ
1081 1485 1326 1558 μνησθῇς
1377 1488 1458 1540 ὅτι
1485 1488 1512 1540 6
1542 1486 1696 1540 ἀδελ-

124 1581 217 1651 φός
243 1598 340 1635 σου
364 1579 476 1650 ἔχει
535 1597 588 1632 τι
627 1578 768 1633 κατὰ
801 1578 919 1641 σοῦ,
953 1578 1089 1648 ἄφες
1129 1580 1244 1632 ἐκεῖ
1287 1579 1348 1632 τὸ
1386 1579 1556 1650 δῶρόν
1602 1595 1695 1633 σου

122 1671 431 1744 ἔμπροσθεν
460 1668 552 1723 106
601 1669 1008 1741 θυσιαστηρίου,
1071 1672 1164 1724 καὶ
1216 1670 1427 1740 ὕπαγεο
1481 1670 1694 1742 πρῶτον

121 1739 441 1834 διαλλάγηθι
473 1762 549 1834 τῷ
577 1762 792 1832 ἁδελφῷ
823 1739 936 1828 σου,
972 1763 1066 1816 καὶ
1090 1764 1210 1815 τότε
1233 1739 1402 1816 ἐλθών
1419 1739 1694 1833 πρόσφερε
1725 1739 1769 1793 Β

121 1856 178 1907 τὸ
207 1854 382 1926 δῶρόν
413 1872 506 1908 σου
531 1871 543 1884 ο
592 1874 610 1906 ι
637 1855 712 1918 ώς
743 1855 843 1923 τῆς
877 1854 1244 1926 μνησικακίας
1267 1853 1426 1925 δῆλον
1453 1854 1537 1907 ὅτι
1571 1871 1694 1906 ποι-

113 1947 284 2019 ούσης
304 1948 672 2019 ἀπρόσδεκτον
691 1947 751 2000 τὸ
770 1948 940 2019 δῶρον
961 1947 1062 2018 τῆς
1085 1946 1466 2043 προσευχῆω

200 2039 397 2113 Ἔρώτ.
427 2047 518 2095 οε’.
550 2041 688 2094 Ποία
733 2039 975 2094 ἀιιαοτία
1002 2039 1064 2091 οὐ
1092 2038 1313 2092 δύναται
1367 2037 1697 2108 εῖέεανοῆσαι

117 2130 194 2202 τῷ
217 2131 338 2202 Θεῷ
362 2147 377 2196 ;

201 2223 394 2276 Ἀπόκ.
425 2221 614 2292 Δῆλον,
635 2221 719 2275 ὅτι
757 2222 790 2292 ἡ
826 2221 1154 2290 ἀπόγνωσις,
1189 2220 1279 2290 ὑφ’
1311 2214 1382 2293 ἦς
1405 2221 1699 2293 κρατηθεὶς

135 2315 334 2378 Ἰούδας
366 2315 675 2383 ἀπήγξρτο.

198 2406 398 2479 Ἑρώτ.
440 2404 561 2471 og'.‘
578 2405 712 2458 Ποία
734 2404 981 2478 ἁμαρτία
1023 2405 1140 2458 ἐστὶ
1167 2404 1443 2478 βαρυτέρα
1481 2405 1697 2460 πάντων

123 2499 225 2554 τῶν
263 2498 624 2567 πταισμάτων
643 2514 659 2562 ;

202 2591 395 2646 Ἀπόκ.
434 2591 580 2656 Ἐὰν,
610 2590 687 2654 ὥς
716 2606 879 2661 φησιν
898 2590 927 2643 6
969 2588 1313 2653 Ἀπόστολος,
1351 2590 1534 2660 μεῖζον
1564 2589 1700 2644 πάν-

124 2702 224 2738 των
247 2683 355 2737 τῶν
384 2682 606 2752 ἀγαθῶν
700 2681 912 2752 ἀγάπη,
941 2681 1224 2753 πρόδηλον,
1249 2683 1332 2735 ὅτι
1356 2683 1538 2752 μεῖζον
1563 2682 1699 2735 πάν-

123 2793 224 2828 των
258 2774 362 2828 τῶν
384 2774 573 2828 κακῶν
603 2775 636 2844 ἠ
662 2771 1004 2845 μισαδελφία,
1033 2773 1127 2826 καὶ
1150 2774 1184 2844 ἡ
1207 2772 1572 2844 ἀσπλαγχνία,
1603 2772 1699 2826 καὶ

124 2866 154 2934 ἡ
181 2864 374 2934 ἀνελεη
383 2863 662 2948 μοσύνητάλ

199 2954 398 3026 Ἐρώτ.
423 2955 519 3020 οξ.
546 2955 682 3010 Ποία
712 2955 820 3008 τῶν
838 2954 1068 3010 ἐντολῶν
1099 2957 1373 3028 συγχωρεῖ
1390 2954 1468 3028 τῷ
1492 2955 1592 3010 ἀνθ
1601 2957 1700 3029 ρώ-

125 3065 204 3120 πῳ
237 3048 422 3110 πάσας
454 3047 554 3110 τὰς
583 3047 886 3119 ἁμαρτίαςῖ

200 3140 394 3196 Ἀπόκ.
428 3138 534 3192 Τοῦ
564 3140 770 3210 Κυρίου
801 3138 1048 3208 λέγοντος
1071 3156 1085 3169 ·
1126 3157 1145 3191 ι
1190 3139 1282 3211 Μὴ
1327 3139 1560 3211 κρίνετε,
1607 3139 1700 3193 καὶ

122 3229 178 3281 ού
214 3229 295 3300 μὴ
317 3228 570 3300 κριθῆτε·
614 3248 632 3281 ι
664 3228 756 3282 καὶ
795 3229 988 3282 πάλιν
1025 3247 1044 3279 ι
1078 3229 1250 3298 Ἀφες
1299 3229 1452 3299 ἡμῖν,
1489 3229 1564 3292 ώς
1605 3229 1700 3282 καὶ

124 3323 286 3391 ἡμεῖς
332 3320 566 3391 ἀφίεμεν
608 3322 720 3384 τοῖς
757 3320 1062 3391 ὀφειλέταις
1097 3320 1284 3392 ἡμῶν·
1335 3339 1354 3372 ι
1412 3319 1697 3390 πρόδηλον,

125 3414 198 3466 ὅτι
245 3414 342 3467 καὶ
385 3413 448 3465 τὸ
501 3412 578 3484 μὴ
621 3412 827 3483 κρίνειν
863 3413 956 3466 τὸν
1002 3411 1228 3483 πλησίον
1278 3415 1553 3483 συγχωρεί
1599 3411 1700 3474 τάς

125 3507 432 3581 ἁμαρτίαςο
496 3505 754 3570 ὡσαύτως
801 3507 897 3559 καὶ
941 3504 1002 3557 τὸ
1046 3505 1120 3576 μὴ
1164 3505 1568 3576 μνησικακῆσαι
1604 3506 1698 3558 ἀν-

127 3595 345 3668 θρώπῳ.
385 3615 404 3648 ι
435 3598 633 3666 Ἅφετε
686 3614 706 3648 ι
758 3594 890 3666 γὰρ,
938 3595 1094 3666 φησὶ,
1141 3611 1160 3646 ι
1219 3595 1314 3648 καὶ
1363 3593 1696 3666 ἀφεθήσεται

131 3707 275 3759 υμιν.
322 3706 344 3741 ι

203 3885 397 3958 Ἐρώτ.
437 3885 536 3958 οη’.
579 3885 705 3940 Ἐάν
718 3903 802 3951 τις
824 3885 1022 3958 ποιήσῃ
1049 3885 1347 3960 βαρύτατον
1373 3885 1695 3959 ἁμάρτημα,

130 3978 217 4033 καὶ
243 3980 573 4049 μετανοήσῃ,
609 3978 771 4031 πόθεν
809 3979 1015 4050 ὀφείλει
1041 3980 1236 4050 μαθεῖν
1265 3981 1314 4032 εί
1339 3980 1696 4051 συνεχωρήθη

131 4073 272 4144 αὐτῷ
302 4073 413 4125 ἀπὸ
445 4071 538 4124 τοῦ
572 4072 729 4137 Θεοῦ,
759 4072 791 4144 ἦ
817 4072 916 4135 οῠ;
1561 4133 1566 4136 .

206 4165 399 4218 Ἀπόκ.
442 4163 611 4216 Τοῦτο
644 4164 742 4234 μὲν
775 4164 975 4230 ὀλίγοις
999 4163 1108 4218 τῶν
1141 4163 1442 4236 ἀνθρώπων
1470 4165 1562 4218 ἐπὶ
1595 4164 1699 4236 γῆς

133 4258 424 4327 κατάδηλον
449 4256 677 4324 γίνεται.
698 4256 884 4326 Ὅμως
921 4255 1109 4328 ὥσπερ
1145 4256 1415 4328 δεσπότης
1443 4257 1536 4309 καὶ
1582 4256 1700 4309 δοῦ-

1805 488 1975 539 latum
2035 480 2237 548 ejus".
2281 499 2300 531 ›
2350 479 2526 533 Porro
2571 479 2719 550 quod
2781 481 2878 546 ait,
2920 498 2940 533 ι
2987 480 3308 544 invenerim,
3353 499 3369 532 ι

1801 572 2008 625 clarum
2031 579 2118 626 est
2141 572 2205 626 de
2235 572 2371 625 hora
2410 573 2607 627 mortis
2633 573 2753 640 ejus
2798 572 2852 626 id
2898 573 3147 641 intelligi.
3185 569 3362 624 Scien-

1801 662 1928 716 dum
1959 661 2103 716 enim
2156 672 2240 716 est
2289 661 2437 718 fonte
2497 663 2888 732 lacrymarum,
2922 662 3146 732 perinde
3187 676 3250 715 ac
3280 662 3362 715 ba-

1800 755 2020 823 ptismo,
2051 756 2372 825 perpurgari
2404 755 2700 810 hominem.
2744 753 2883 808 Hinc
2926 755 3082 807 multi
3121 756 3212 824 qui
3244 769 3371 823 pec-

1800 847 1938 902 catis
1987 848 2104 901 suis
2148 857 2397 900 sanctum
2451 845 2724 915 baptisma
2781 846 3220 913 inquinaverant,
3270 859 3368 915 per

1800 936 2073 1008 lacrymas
2099 936 2317 1008 purgati
2350 944 2478 993 sunt
2505 944 2560 994 et
2582 937 2716 1007 justi
2753 936 2950 992 eﬂ'ecti.

1869 1112 2091 1178 Quas'r.
2125 1110 2362 1167 LXXIV.
2393 1110 2565 1178 Quale
2615 1121 2900 1181 peccatum
2946 1109 3078 1166 facit
3107 1119 3169 1165 ut
3195 1089 3374 1166 oratid

1799 1203 2039 1259 hominis
2075 1203 2188 1258 Deo
2212 1219 2321 1257 non
2352 1203 2426 1258 sit
2449 1202 2719 1272 accepta?

1869 1295 2035 1352 lisse.
2069 1294 2418 1351 Olfensarum
2464 1293 2772 1349 recordatio
2796 1292 2952 1363 juxta
2998 1292 3114 1347 haec
3155 1291 3369 1347 Domini

1797 1387 1966 1442 verba
2000 1405 2014 1441 :
2044 1405 2076 1458 _¢
2114 1385 2170 1440 Si
2203 1387 2366 1442 olfers
2393 1401 2596 1441 munus
2622 1394 2774 1440 tuum
2800 1387 2867 1440 ad
2893 1386 3083 1451 altare,
3101 1392 3155 1440 et
3185 1385 3256 1440 ibi
3286 1401 3370 1440 re-

1798 1479 2061 1535 cordatus
2096 1481 2267 1535 l‘ueris
2295 1481 2423 1551 quia
2464 1479 2638 1534 frater
2668 1487 2796 1534 tuus
2850 1479 3013 1534 habet
3041 1479 3246 1548 aliquid
3272 1479 3370 1534 ad-

1796 1587 2017 1628 versum
2046 1579 2124 1636 te,
2153 1571 2403 1642 relinque
2425 1572 2498 1626 ibi
2529 1588 2732 1627 munus
2765 1582 2921 1626 tuum
2948 1581 3073 1628 ante
3096 1574 3290 1638 altare,
3315 1581 3371 1630 et

1799 1662 1969 1732 vade;
2004 1664 2160 1734 prius
2186 1665 2542 1720 reconciliare
2589 1661 2744 1719 fratri
2769 1676 2882 1730 tuo,
2906 1673 2960 1719 et
2985 1671 3118 1719 tunc
3142 1666 3371 1721 veniens

1797 1756 1931 1813 olTer
1971 1773 2175 1812 munus
2219 1765 2373 1811 tuum
2397 1757 2466 1811 ³ο.
2509 1776 2526 1808 ι
2557 1742 2696 1823 Quia
2770 1757 2982 1812 scilicet
3034 1755 3368 1811 oll'ensarum

1796 1849 2106 1904 recordatio
2135 1847 2268 1904 facit
2293 1857 2354 1903 ut
2401 1847 2674 1904 orationis
2701 1862 2902 1903 munus
2946 1854 3228 1918 acceptum
3257 1846 3370 1902 Deo

1796 1957 1907 1998 non
1935 1943 2027 1998 sit.

1867 2034 2088 2102 Quss'r.
2114 2033 2324 2090 LXXV.
2357 2034 2659 2105 Cujusnam
2688 2033 2896 2106 peccati
2940 2033 3146 2089 nullam
3175 2033 3370 2088 admit-

1807 2128 1874 2183 tit
1901 2127 2044 2183 Deus
2085 2126 2459 2198 pmnitentiam
2481 2126 2505 2180 ?

1869 2217 2036 2273 Bssr.
2063 2217 2412 2273 Manifestum
2461 2222 2548 2272 est
2602 2231 2726 2271 esse
2775 2215 3230 2287 desperationem,
3261 2232 3370 2289 qua

1799 2316 2098 2380 occupatus
2129 2308 2300 2364 Judas
2343 2322 2402 2364 se
2431 2307 2548 2378 ipse
2587 2308 2967 2380 strangulavit.

1865 2401 2089 2468 ρυεετ.
2144 2399 2380 2456 LXXVI.
2439 2399 2724 2466 Quodnam
2783 2411 3066 2470 peccatum
3113 2399 3368 2455 omnibus

1799 2495 1922 2550 aliis
1945 2502 2029 2551 est
2051 2494 2310 2566 gravius?

1869 2587 2038 2644 Βεςι).
2075 2586 2158 2651 Si,
2206 2592 2269 2642 ut
2312 2586 2387 2640 ait
2431 2584 2751 2656 Apostolus,
2798 2586 3043 2640 omnium
3097 2585 3368 2640 bonorum

1798 2663 2256 2748 praestantissima
2287 2685 2372 2730 est
2404 2676 2648 2731 charitas
2671 2676 2738 2739 ⁸¹,
2770 2675 2978 2729 clarum
3009 2681 3093 2730 est
3122 2674 3368 2730 omnium

1799 2769 2072 2825 malorum
2101 2765 2489 2837 gravissimum
2531 2782 2654 2821 esse
2701 2766 2901 2821 fratres
2931 2764 3057 2819 odio
3090 2763 3368 2836 prosequi,

1799 2856 2286 2914 immisericordem
2316 2872 2460 2920 esse,
2489 2872 2590 2910 nec
2607 2858 3007 2928 eleemosynam
3031 2869 3236 2909 amare.

1869 2948 2088 3016 Qmssr.
2121 2946 2383 3002 LXXVII.
2415 2947 2574 3014 Quod
2605 2947 2922 3002 mandatum
2954 2947 3230 3002 condonat
3270 2945 3370 3002 ho-

1799 3042 1932 3098 mini
1960 3041 2143 3096 omnia
2171 3039 2435 3110 peccata?

1871 3134 2034 3191 Resp.
2096 3129 2550 3202 Quandoquidem
2591 3131 2724 3184 dicit
2783 3129 3047 3185 Dominus
3082 3149 3095 3184 :
3140 3147 3159 3180 ι
3193 3127 3370 3186 Nolite

1805 3226 2076 3297 judicare,
2107 3233 2161 3280 et
2186 3239 2297 3278 non
2319 3221 2700 3293 judicabimini
2725 3221 2792 3286 ",
2828 3239 2846 3272 ›
2876 3228 2928 3274 et
2958 3235 3154 3275 rursus
3177 3233 3191 3247 δ
3228 3239 3247 3273 ι
3285 3218 3370 3274 Di-

1799 3320 1955 3373 mitte
1989 3318 2167 3380 nobis,
2199 3316 2410 3371 sicutet
2437 3329 2538 3370 nos
2557 3313 2884 3369 dimittimus
2900 3312 3244 3368 debitoribus
3271 3325 3367 3365 no-

1800 3409 2027 3475 stris”;
2070 3427 2088 3460 ι
2122 3407 2472 3478 perspicuum
2505 3413 2609 3470 est,
2642 3420 2707 3459 eo
2735 3403 2878 3474 quod
2908 3404 3032 3474 quis
3061 3403 3370 3472 proximum

1799 3515 1910 3555 non
1939 3499 2168 3569 judicet,
2194 3499 2411 3552 veniam
2471 3505 2824 3566 peccatorum
2876 3496 3152 3561 obtinere;
3177 3493 3371 3548 simili-

1807 3601 1892 3647 ter
1921 3606 1986 3646 eo
2009 3589 2154 3661 quod
2196 3588 2319 3659 quis
2353 3587 2678 3656 injuriarum
2725 3585 2829 3641 sibi
2853 3585 3125 3638 illatarum
3176 3584 3370 3639 oblivi-

1802 3692 2009 3740 scatur.
2037 3683 2173 3736 Nam
2221 3701 2240 3733 ι
2278 3679 2563 3746 Dimittitc,
2618 3698 2639 3732 ι
2669 3679 2866 3749 inquit,
2911 3695 2930 3730 ι
2966 3685 3021 3734 et
3069 3677 3374 3732 dimittetur

1799 3778 1954 3833 vobis
1972 3777 2035 3831 ³⁵.
2069 3795 2088 3829 ο

1869 3913 2093 3980 ρυεετ.
2124 3906 2409 3964 LXXVIII.
2453 3907 2512 3962 Si
2539 3907 2663 3978 quis
2700 3913 2823 3977 post
2852 3905 3206 3960 commissum
3245 3917 3369 3974 gra~

1797 4007 2085 4062 vissimum
2119 4013 2406 4074 peccatum
2449 4002 2827 4073 paenitentiam
2876 3996 3068 4066 egerit,
3102 3995 3372 4050 undenam

1798 4099 1974 4170 possit
1997 4098 2222 4162 rescire,
2250 4112 2318 4151 an
2345 4095 2478 4150 illud
2507 4095 2608 4149 sibi
2632 4093 2775 4147 Deus
2793 4090 3142 4152 condonarit,
3168 4081 3376 4142 necne?

1872 4189 2036 4245 Rssr.
2076 4187 2136 4242 Id
2167 4187 2384 4257 quidem
2420 4185 2609 4255 paucis
2661 4181 2974 4237 hominibus
3010 4181 3065 4234 in
3108 4179 3272 4234 terris
3315 4179 3375 4233 lit

1798 4279 2172 4335 manifestum.
2212 4276 2600 4332 Verumtamen
2666 4272 2999 4326 conscientia
3041 4269 3276 4324 hominis
3320 4278 3376 4324 et

133 4349 234 4414 λος,
260 4349 436 4411 οὕτως
464 4348 698 4421 ὑπάρχει
720 4349 780 4401 τὸ
809 4348 1046 4412 συνειδὸς
1076 4347 1169 4402 106
1207 4348 1494 4420 ἀνθρώπου
1527 4350 1622 4402 καὶ
1670 4349 1698 4400 ὀ

1818 4371 1949 4426 Deus
1972 4370 2196 4441 perinde
2228 4384 2286 4424 se
2322 4367 2525 4421 habent
2553 4380 2616 4418 ac
2649 4365 2812 4418 herus
2842 4369 2895 4417 et
2926 4376 3138 4416 servus.
3175 4359 3377 4426 Quem-

134 4444 276 4508 Θεός.
315 4444 526 4514 Ὠσπερ
553 4439 644 4496 οὖν
666 4442 695 4494 ὀ
726 4440 908 4504 δοῦλος
932 4442 960 4492 6
993 4440 1226 4504 πταίσας
1255 4441 1605 4509 ἐπιγινώσκει
1636 4442 1701 4494 ὲκ

131 4535 233 4589 τῶν
259 4535 554 4606 σχημάτων
587 4534 681 4587 καὶ
727 4532 836 4585 τῶν
864 4532 1123 4605 ῥημάτων
1163 4531 1255 4585 τοῦ
1295 4532 1550 4586 δεσπότου
1603 4533 1701 4585 αὐ-

133 4629 241 4693 τοῦ,
262 4631 344 4682 ὅτι
375 4628 477 4681 οὒκ
503 4626 619 4679 ἐστι
650 4626 785 4697 πρὸς
809 4625 970 4678 αὑτὸν
999 4625 1252 4696 εὐμενὴς,
1287 4625 1362 4687 ὡς
1385 4620 1454 4696 ἦν
1481 4623 1586 4694 πρὸ
1605 4622 1698 4676 106

136 4722 471 4793 πταίσματος
488 4737 502 4750 ⁸
536 4718 678 4772 οὕτω
700 4719 793 4772 καὶ
810 4720 838 4771 6
869 4717 1152 4788 ἄνθρωπος
1180 4717 1506 4788 ἁμαρτάνων
1534 4715 1700 4770 ἀπολ-

135 4815 244 4868 λύει
271 4815 368 4884 τὴν
397 4812 733 4883 παρρησίαν,
776 4811 843 4881 ἣν
871 4807 984 4882 εἶχε
1011 4810 1072 4863 τὸ
1100 4810 1336 4874 συνειδὸς
1362 4809 1526 4863 αὐτοῦ
1564 4809 1702 4881 πρὸς

136 4908 222 4960 τὸν
247 4908 378 4961 Θεὸν
415 4909 474 4960 ἐν
517 4909 583 4977 τῇ
619 4906 750 4976 εὐχῇ
789 4903 975 4959 αὐτοῦ.
1018 4903 1422 4966 Μετανοοῦντος
1476 4898 1569 4956 οὖν
1605 4902 1700 4955 τοῦ

1807 4459 2099 4518 admodum
2157 4462 2320 4533 igitur
2378 4473 2570 4514 servus
2638 4456 2730 4526 qui
2787 4455 2976 4509 herum
3023 4451 3266 4516 olfendit,
3319 4460 3376 4506 et

1809 4563 1968 4627 gestu
2016 4562 2071 4609 et
2096 4553 2278 4609 verbis
2314 4550 2430 4605 heri
2472 4547 2726 4617 intelligit
2761 4547 2942 4616 ipsum
2969 4560 3080 4599 non
3116 4558 3239 4599 esse
3269 4542 3376 4598 sibi

1807 4647 2152 4710 benevolum,
2185 4652 2244 4698 ut
2278 4649 2397 4698 erat
2433 4649 2560 4696 ante
2615 4639 2879 4695 oliensam
2919 4653 2932 4689 :
2967 4638 3043 4692 ita
3091 4636 3255 4690 homo
3283 4633 3379 4705 qui

1809 4743 2023 4809 peccat,
2056 4735 2310 4789 ﬁduciam
2353 4732 2577 4795 amittit,
2615 4746 2721 4800 qua
2749 4738 2909 4784 antea
2939 4727 3058 4798 ejus
3086 4725 3378 4781 conscien-

1809 4827 1886 4881 tia
1921 4826 2226 4892 fruebatur,
2259 4839 2384 4878 cum
2427 4821 2597 4877 Deum
2633 4827 2837 4875 oraret.
2881 4817 3019 4873 Cum
3067 4825 3247 4870 autem
3296 4815 3380 4869 di.

1803 4933 1968 4988 gnam
2017 4917 2160 4972 idem
2208 4914 2382 4986 egerit
2415 4911 2817 4984 pmnitentiam,
2848 4909 2926 4962 illi
2969 4922 3195 4962 rursum
3235 4903 3380 4959 Deus

139 4999 415 5071 ἀνθρώπου
441 4999 561 5051 κατ’
589 4995 763 5062 ἀξίαν,
809 4996 968 5050 πάλιν
993 4997 1273 5066 χαρίζεται
1315 4993 1462 5064 αὐτῷ
1502 4997 1531 5048 6
1571 4993 1698 5058 Θεὸς

1818 5009 2059 5064 iduciam
2092 5006 2292 5073 reddit,
2337 5020 2446 5076 qua
2485 5011 2611 5059 ante
2642 5007 2930 5072 peccatum
2965 4997 3266 5070 gaudebat;
3293 4996 3375 5049 in-

139 5090 230 5162 τὴν
258 5091 590 5163 παρρησίαν,
626 5090 692 5160 ἢν
741 5084 852 5158 εἶχε
889 5087 1028 5160 πρὸς
1060 5087 1220 5141 αὐτὸν
1265 5087 1370 5160 πρὸ
1411 5085 1506 5140 106
1541 5085 1704 5139 πταί-

143 5197 367 5250 σματος·
414 5184 511 5236 καὶ⁸
541 5181 788 5235 ἐντεῦθεν
828 5181 885 5234 δὲ
920 5179 1180 5249 γινώσκει
1218 5182 1247 5234 6
1279 5179 1588 5244 ἀνθοωπος,
1619 5180 1704 5234 ὅτι

146 5274 510 5346 συνεχώρησεν
542 5272 690 5345 αὑτῷ
710 5275 739 5327 ὀ
759 5272 891 5337 Θεὸς
917 5273 978 5327 τὸ
1000 5273 1218 5345 ἀμάρτη
1229 5289 1326 5343 μα.

1806 5101 1983 5172 deque
2016 5099 2170 5155 novit
2190 5099 2354 5154 homo
2376 5097 2545 5153 Deum
2571 5094 2677 5151 sibi
2705 5103 2992 5166 peccatum
3013 5088 3376 5146 condonasse.

208 5450 252 5482 π
287 5449 485 5522 Ezech.
521 5465 728 5516 χχχιιι,
759 5449 861 5516 M,
897 5448 984 5505 16.
1059 5449 1105 5482 ³ο
1143 5447 1334 5504 Matth.
1364 5464 1432 5514 ν,
1467 5447 1576 5515 25,
1607 5447 1698 5502 24.

1818 5451 1827 5482 ¹
1867 5452 1887 5508 1
1920 5451 2050 5509 Cor.
2087 5467 2217 5522 xm,
2257 5452 2343 5509 15.
2421 5452 2467 5488 ⁸³
2507 5449 2699 5508 Matth.
2730 5465 2830 5519 vu,
2865 5449 2916 5504 I.
2994 5447 3041 5481 ³⁸
3080 5444 3270 5502 Matth.
3303 5456 3386 5516 vr,

145 5516 230 5575 12.
302 5521 348 5554 ³⁸
385 5521 520 5576 Luc.
556 5537 646 5586 γι,
686 5523 738 5577 7.

213 5695 323 5770 (27)
379 5697 498 5754 Duo
545 5715 703 5768 mss.,
735 5700 1056 5772 μολύναντες
1115 5702 1338 5765 ἑαυτοὺς
1376 5698 1512 5771 μετά
1548 5698 1609 5754 τὸ
1673 5697 1843 5768 ἅγιον.
