3852 6192
448 237 553 294 647

1616 244 1672 296 s.
1716 242 2284 334 ATHANASIUSiH—
2326 243 2597 299 SPURIA.

3596 253 3710 310 638

516 356 737 422 Quasr.
775 354 1095 412 LXXIX..Si
1125 357 1251 426 quis
1308 366 1432 425 post
1488 373 1652 427 grave
1713 367 2019 428 peccatum,

2209 359 2399 430 Ἐρώτ.
2429 359 2521 414 οθ’.
2569 360 2695 414 Ἐάν
2727 377 2832 424 τις,
2873 362 3102 432 ποιήσας
3130 362 3406 432 ἁμαρτίαν
3438 364 3708 436 μετάλην⁹

449 449 689 519 seipsum
712 448 1058 511 condemnet,
1084 449 1417 517 incipiatque
1441 464 1599 518 agere
1621 450 2022 518 paenitentiam,

445 555 511 594 ac
544 547 669 610 post
693 550 805 595 tres
857 539 974 595 dies
1023 541 1308 606 moriatur,
1342 539 1473 611 quid
1523 539 1592 594 de
1624 540 1720 595 illo
1771 542 2022 612 cogitan-

447 632 575 686 dum
611 639 697 687 est
721 631 742 685 ?

515 741 680 799 RESP.
725 741 805 806 Si,
850 744 1064 812 incepta
1099 743 1440 813 poenitentia,
1485 744 1721 798 animam
1775 759 1931 800 suam
1993 761 2024 798 a

445 838 606 893 malis
637 839 981 907 compescuit
1042 837 1491 906 cogitationibus,
1533 845 1838 908 pactusque
1895 853 2023 892 cum

447 928 559 984 Deo
588 938 673 985 est
728 945 787 984 se
824 945 936 984 non
985 930 1218 999 amplius
1253 930 1442 984 eadem
1500 945 1620 1000 qua:
1666 939 1824 984 antea
1871 945 2023 984 com-

445 1022 742 1076 missurum
773 1032 1013 1092 peccata,
1053 1037 1116 1075 ac
1155 1030 1374 1091 postero
1414 1022 1502 1076 die
1543 1022 1846 1086 moriatur;
1881 1020 2023 1076 Deus

445 1122 654 1186 gratam
711 1115 902 1169 habuit
945 1115 1065 1184 ejus
1120 1114 1517 1184 pmnitentiam,
1547 1121 1608 1167 ut
1665 1114 1794 1168 olim
1856 1114 2023 1167 Iatro-

445 1206 564 1272 nis,
597 1206 865 1276 siquidem
907 1207 1145 1275 incipere
1188 1205 1566 1275 paenitentiam
1620 1221 1804 1275 agere,
1854 1222 2022 1276 penes

445 1300 719 1354 hominem
749 1309 834 1355 est
867 1315 878 1350 :
912 1311 966 1352 at
1007 1301 1190 1355 vivere
1223 1300 1305 1354 vel
1341 1299 1502 1362 mori,
1527 1314 1693 1370 penes
1715 1297 1884 1354 Deum
1915 1309 2022 1354 est.

445 1389 693 1460 Namque
724 1391 944 1451 multos,
977 1405 1100 1443 cum
1131 1389 1511 1460 paenitentiam
1562 1404 1722 1460 agere
1769 1389 2024 1459 incepis-

452 1493 594 1547 sent.
627 1485 809 1539 statim
842 1482 1006 1551 eripit
1037 1481 1214 1550 Deus;
1245 1483 1446 1554 quippe
1467 1483 1582 1552 qui,
1609 1491 1670 1537 ut
1699 1483 1896 1548 bonus,
1929 1498 2025 1538 eo-

449 1592 571 1630 rum
599 1576 891 1641 commodp
919 1575 1280 1646 prospiciens,
1307 1582 1614 1644 praenoscat
1644 1575 1787 1639 illos,
1818 1576 1862 1629 si
1901 1575 2026 1628 diu-

443 1665 552 1721 tius
582 1665 848 1728 viverent,
885 1664 1138 1734 lapsuros
1160 1663 1357 1718 iterum
1390 1678 1514 1719 esse
1543 1679 1608 1718 ac
1652 1665 1949 1734 perituros.

515 1841 737 1909 Qumsr.
771 1840 982 1896 LXXX.
1016 1840 1196 1908 Quare
1253 1855 1474 1912 quidam
1525 1855 1590 1896 ex
1655 1841 1758 1896 nevi
1808 1849 2022 1896 tantum

443 1948 630 1998 causa,
662 1935 856 1989 ﬂuvios
883 1949 1050 2004 prOpe
1094 1933 1461 2004 lacrymarum
1518 1933 1858 2002 profundunt
1888 1952 1902 1988 :
1929 1933 2022 1987 alii

444 2041 593 2090 vero,
622 2027 837 2081 etiamsi
865 2027 919 2079 in
955 2026 1103 2079 mille
1131 2025 1374 2078 incidant
1402 2024 1747 2080 calamitates
1769 2034 1824 2080 et
1857 2027 2023 2081 mise-

444 2118 578 2183 rias,
609 2126 702 2172 aut
733 2119 869 2172 alios
900 2117 1162 2173 incidisse
1204 2115 1445 2180 videant,
1473 2130 1756 2186 nunquam
1787 2122 2022 2186 possunt

444 2209 735 2280 lacrymari

513 2323 673 2394 235
707 2322 868 2377 lisse.
913 2322 1066 2376 Talia
1105 2329 1233 2378 sunt
1291 2323 1597 2378 animarum
1627 2331 1682 2378 et
1731 2337 2021 2393 corporum

444 2424 897 2486 temperamenta,
931 2430 1052 2486 quae
1091 2431 1159 2470 ex
1186 2421 1382 2469 natura
1424 2413 1586 2469 facile
1619 2415 1704 2470 vel
1750 2430 1894 2483 (egre
1944 2415 2023 2467 la-

443 2517 780 2580 crymantur.
828 2507 930 2574 Qui
961 2507 1107 2562 enim
1133 2506 1325 2562 calidae
1355 2513 1409 2562 et
1449 2515 1649 2562 tenerae
1691 2516 1818 2562 sunt
1867 2507 2024 2561 habi-

444 2602 672 2664 tudinis,
720 2602 904 2656 statim
945 2600 1427 2655 commiseratione
1467 2601 1844 2671 Iacrymantur
1875 2601 2021 2671 quod

443 2692 500 2747 in
559 2692 812 2746 omnibus
877 2690 1048 2745 ferme
1123 2690 1445 2745 mulieribus
1511 2688 2018 2746 animadvertimus.

443 2785 549 2839 Alii
571 2795 754 2838 autem
783 2790 1005 2854 propter
1049 2793 1319 2853 agrestem
1371 2789 1631 2846 mentem,
1678 2791 1731 2837 et
1781 2783 2023 2838 siccissi-

443 2889 589 2928 mam
647 2881 922 2937 naturam,
982 2884 1036 2928 et
1091 2875 1273 2930 cordis
1326 2875 1696 2944 arrogantiam
1739 2873 1869 2930 flere
1913 2890 2023 2928 non

445 2975 698 3038 possunt.
745 2967 870 3021 Haec
907 2983 1070 3037 porro
1104 2967 1379 3038 loquimur
1422 2968 1489 3022 de
1529 2967 1597 3022 iis
1623 2968 1716 3036 qui
1753 2969 1807 3021 in
1842 2967 2022 3022 medio

445 3059 653 3116 mundo
705 3069 1012 3114 versantur.
1075 3058 1212 3113 Nam
1266 3060 1359 3130 qui
1427 3061 1788 3114 monasticam
1851 3059 2020 3112 vitam

448 3159 637 3222 agam,
677 3151 880 3206 donum
923 3153 1289 3222 Iacrymarum
1332 3167 1400 3206 ex
1430 3151 1615 3204 divina
1661 3151 1836 3220 gratia
1881 3165 2023 3218 saepe
2050 3188 2090 3241 ε)

448 3251 880 3312 consequuntur.
927 3241 1094 3296 Multa
1138 3250 1319 3296 autem
1355 3245 1409 3297 in
1445 3243 1701 3312 Iacrymis
1751 3243 2023 3311 reperitur

447 3336 775 3391 differentia.
832 3334 1065 3400 Quidam
1117 3335 1262 3389 enim
1315 3349 1459 3403 saepe
1505 3349 1571 3389 cx
1627 3334 1893 3389 ebrietate
1943 3334 2022 3386 Ia-

447 3436 801 3499 crymantur:
866 3427 1092 3496 quidam
1151 3440 1300 3490 vero,
1353 3433 1411 3480 ut
1462 3425 1690 3495 gloriam
1741 3425 2021 3478 hominum

449 3528 815 3588 aucupentur.
871 3517 1143 3583 Quocirca
1201 3517 1379 3572 bonus
1434 3517 1525 3571 ille
1567 3525 1650 3571 est
1692 3514 1872 3577 ﬂetus,
1927 3517 2022 3585 qui

449 3613 664 3666 occulte
697 3611 806 3666 Deo
835 3611 1063 3665 offertur
1094 3610 1552 3680 quemadmodum
1593 3609 1752 3663 nobis
1784 3609 1849 3663 de
1881 3609 2024 3663 elec-

450 3719 680 3776 mosyua
719 3719 945 3788 quoque,
974 3703 1307 3774 praecipitur.

517 3816 737 3883 Qumsr.
772 3815 1007 3873 LXXXI.
1044 3816 1102 3871 Si
1137 3817 1259 3886 quis
1285 3832 1314 3870 a
1337 3815 1604 3872 mendicis
1658 3831 1817 3871 secus
1855 3816 2019 3877 viam,

451 3909 640 3964 multis
673 3909 1064 3978 prmsentibus,
1110 3917 1354 3979 rogetur,
1388 3906 1519 3978 quid
1575 3908 1842 3978 agendum
1898 3907 2025 3962 est?

449 4001 650 4054 Annon
678 4009 857 4069 potest
895 4001 1292 4070 cleemosynam
1326 3997 1607 4068 prmbere?

521 4112 688 4167 ῐὶιιειι.
721 4111 1123 4182 Cogitationem
1153 4119 1206 4166 et
1238 4119 1475 4166 mentem
1525 4109 1764 4165 hominis
1811 4107 2023 4177 judicat

452 4205 629 4260 Deus:
674 4204 719 4259 si
768 4204 892 4274 quis
946 4203 1111 4272 igitur
1154 4218 1339 4258 coram
1396 4203 1668 4259 sexcentis
1709 4202 2024 4255 hominibus

450 4303 674 4364 propter
704 4293 896 4359 Deum,
941 4308 1053 4347 non
1111 4300 1289 4348 autem
1322 4299 1381 4346 ut
1431 4292 1743 4346 hominibus
1789 4291 2022 4361 placeat,

452 4385 656 4438 bonum
686 4386 876 4454 egerit,
909 4385 999 4438 ille
1031 4399 1374 4454 nequaquam
1397 4384 1874 4440 condemnabitur.
1957 4442 1965 4449 _

518 4495 738 4562 Qumsr.
771 4495 1031 4552 LXXXII.
1065 4495 1350 4550 Undenam
1389 4496 1446 4549 fit
1475 4503 1533 4549 ut
1564 4496 1746 4548 anima
1774 4497 2022 4565 aliquan-

453 4589 523 4643 do
551 4605 720 4658 prona
769 4590 840 4642 sit
888 4590 954 4642 ad
995 4590 1516 4656 commiserandum,
1554 4591 1849 4660 aliquando
1893 4608 2024 4647 vero

455 4683 594 4736 dura
622 4689 675 4736 et
708 4682 968 4737 immitis?
1141 4743 1144 4748 l

514 4773 677 4829 R259.
723 4772 906 4827 Solam
938 4773 1174 4828 divinam
1198 4783 1448 4829 naturam
1481 4775 1738 4831 novimus
1767 4791 1891 4831 esse
1916 4775 2023 4829 im-

453 4867 770 4922 mutabilem
820 4881 884 4920 ac
948 4882 1164 4937 semper
1212 4869 1402 4923 eodem
1468 4870 1631 4923 modo
1678 4885 1738 4925 se
1796 4871 2018 4926 habere.

453 4958 590 5012 Nam
621 4968 675 5014 et
704 4976 770 5014 ex
821 4961 1029 5029 angelis
1082 4960 1306 5029 quidam
1358 4963 1633 5017 immutati
1688 4974 1837 5018 sunt.
1873 4963 2028 5030 Quo-

453 5053 602 5109 circa
633 5054 708 5106 ita
735 5054 802 5108 de
835 5053 1084 5108 mutabili
1129 5054 1409 5108 hominum
1451 5063 1646 5111 natura
1687 5059 2022 5113 censendum

453 5152 570 5209 est;
603 5143 898 5212 aliquando
945 5158 1140 5212 nempe
1197 5142 1412 5198 facilem
1441 5151 1494 5198 et
1542 5146 1726 5200 mitem
1760 5161 1905 5206 esse.
1939 5155 2027 5200 ut-

454 5241 581 5302 pote
627 5249 748 5302 quaa
796 5233 1095 5288 secundum
1135 5232 1424 5300 imaginem
1474 5233 1570 5287 Dei
1619 5234 1691 5290 sit
1725 5235 1891 5299 facta,
1921 5236 2025 5288 ali-

453 5321 676 5390 quando
705 5331 886 5376 autem
926 5323 1117 5376 duram
1149 5329 1203 5375 et
1248 5322 1511 5376 immitem
1547 5338 1692 5386 esse,
1735 5333 1926 5394 utpote
1955 5325 2025 5381 ab

449 5411 612 5468 hoste
646 5422 1037 5484 oppugnatam,
1073 5423 1129 5468 et
1161 5415 1286 5468 vita:
1323 5413 1705 5470 affectionibus
1736 5415 2024 5470 adhaeren-

455 5510 585 5559 tem.
637 5504 1027 5569 Verumtamen
1062 5507 1108 5561 si
1146 5507 1307 5562 homo
1337 5507 1442 5563 sibi
1481 5509 1598 5578 ipse
1628 5509 1738 5563 vim
1771 5510 1931 5563 faciat
1965 5516 2024 5562 ut

2055 4538 2155 4604 Da

2125 449 2245 507 εἶτα
2277 454 2533 530 καταγνῷ
2581 455 2795 519 ἑαυτοῦ,
2843 457 2938 510 καὶ
2983 454 3215 527 ἄρξηται
3266 459 3568 526 μετανοεῖν,
3613 459 3710 513 καὶ

2127 545 2267 616 μετὰ
2316 549 2464 617 τρεῖς
2507 545 2721 618 ἡμέρας
2761 547 3031 619 ἀποθάνῃ,
3071 549 3124 602 τί
3170 548 3276 620 χρὴ
3326 549 3570 621 νομίζειν
3616 554 3707 606 ἐπ’

2123 637 2288 692 αὑτοῦ
2317 654 2332 704 ;

2209 751 2396 806 Ἀπόκ.
2429 754 2575 819 Ἐάν,
2606 754 2910 827 ἀρξάμενος
2940 759 3041 828 τῆς
3072 759 3376 828 μετανοίας,
3396 759 3706 814 συνέστειλε

2123 843 2220 916 τὴν
2256 846 2450 900 ἑαυτοῦ
2494 846 2670 918 ψυχὴν
2708 849 2816 901 ἀπὸ
2843 848 2950 902 τῶν
2996 850 3247 921 πονηρῶν
3293 851 3700 923 βουλευμάτων,

2125 937 2218 989 καὶ
2237 936 2441 991 διέθετο
2466 939 2603 1010 πρὸς
2623 938 2712 992 τὸν
2739 939 2872 995 Θεὸν
2908 941 3196 1010 συνταγὰς,
3224 943 3307 995 ὅτι
3323 944 3423 996 οὐκ
3445 943 3526 996 ἔτι
3561 962 3704 1015 παρ⁸

2125 1028 2338 1099 έρχεται
2405 1029 2494 1083 διὰ
2543 1031 2652 1085 τῶν
2705 1033 2986 1104 προτέρων
3047 1034 3209 1087 αὐτοῦ
3264 1035 3582 1107 ἁμαρτιῶν,
3629 1031 3705 1089 ὧν

2124 1120 2350 1190 ἔπραξε,
2401 1123 2497 1176 καί¹
2549 1123 2643 1176 ἐπὶ
2679 1123 2778 1194 τὴν
2831 1123 3020 1196 αὔριον
3061 1126 3388 1199 τελευτήσῃ·
3421 1129 3643 1195 ἐδέξατο
3673 1131 3703 1182 ὁ

2123 1214 2255 1278 Θεὸς
2297 1216 2396 1284 τὴν
2432 1215 2719 1286 μετάνοιαν
2765 1216 2950 1279 αὐτοῦ,
2991 1216 3067 1279 ὡς
3113 1216 3330 1271 καὶτοῦ
3369 1217 3593 1289 λῃστοῦ.
3629 1219 3702 1271 Τὸ

2127 1306 2227 1377 μὲν
2255 1305 2364 1377 γὰρ
2410 1306 2674 1378 ἄρξασθαι
2711 1310 2812 1378 τῆς
2862 1308 3149 1378 μετανοίας
3195 1311 3255 1362 ὲν
3301 1309 3380 1380 τῷ
3425 1309 3702 1381 ἀνθρώπῳ

2124 1399 2272 1451 ἐστί’
2313 1399 2375 1451 τὸ
2429 1399 2485 1452 δὲ
2515 1399 2678 1469 ζῆσαι
2723 1399 2756 1470 ἢ
2805 1399 3126 1472 τελευτῆσαι
3170 1402 3228 1454 ὲν
3272 1399 3352 1472 τῷ
3396 1401 3516 1472 Θεῷ
3565 1405 3701 1456 ἐστι.

2123 1490 2358 1554 Πολλοὺς
2388 1491 2497 1562 γάρ
2525 1490 2864 1562 ἀρξαμένους
2889 1495 3166 1562 μετανοεῖν
3187 1493 3388 1557 εὐθέως
3418 1493 3657 1563 ἁρπάζει
3676 1493 3705 1547 ό

2122 1581 2255 1646 Θεὸς
2294 1583 2372 1646 ὡς
2417 1583 2622 1650 ἀγαθὸς
2653 1582 2790 1653 πρός
2841 1601 2893 1636 τι
2938 1583 3233 1655 συμφέρον,
3283 1587 3698 1656 προγινώσκων,

2123 1675 2225 1735 ὅτι,
2255 1675 2320 1729 ἂν
2359 1676 2825 1750 πολυχρονήσωσι,
2853 1677 3012 1732 πάλιν
3055 1681 3243 1733 πεσεῖν
3273 1679 3365 1732 καὶ
3403 1679 3699 1734 ἀπολέσθαι

2053 1793 2099 1851 Β
2126 1767 2368 1851 ἔμελλον.

2207 1845 2408 1932 Ἐρῶἷ
2437 1868 2511 1916 π’.
2541 1862 2666 1926 Πῶς
2690 1880 2837 1927 τινες
2865 1863 2932 1916 ὲκ
2976 1863 3142 1935 ψιλῆς
3168 1865 3262 1919 καὶ
3291 1865 3458 1937 μόνης
3487 1869 3706 1939 προφά-

2126 1965 2265 2012 σεως
2301 1952 2579 2021 ποταμοὺς
2611 1951 2800 2020 σχεδὸν
2827 1951 3078 2023 δακρύων
3107 1955 3506 2027 καταφέρουσιν
3530 1973 3547 1988 ο
3588 1958 3707 2012 ’ἐτε-

2124 2058 2208 2112 ροι
2229 2040 2308 2108 δὲ,
2344 2040 2439 2095 ἐὰν
2464 2043 2686 2113 μυρίαις
2707 2047 3014 2116 συμφοραῖς
3032 2046 3127 2099 καὶ
3153 2044 3362 2115 θλίψεσι
3396 2049 3706 2118 περιπέσω-

2123 2149 2230 2197 σιν,
2270 2133 2302 2204 ἧ
2327 2133 2419 2186 καὶ
2443 2132 2636 2198 ἄλλους
2666 2136 3064 2207 περιπεσόντας
3093 2137 3413 2206 θεάσωνται,
3451 2142 3707 2213 οὐδαμῶς

2121 2226 2388 2299 δακρῦσαι
2415 2225 2701 2293 δύνανται;

2207 2321 2396 2374 Ἀπόκ.
2436 2320 2559 2374 Εἰσὶ
2601 2321 2698 2391 μὲν
2724 2321 2820 2374 καὶ
2851 2320 3075 2391 κράσεις
3108 2321 3356 2376 τοιαῦται
3397 2322 3586 2395 ψυχῶν
3609 2328 3707 2378 καὶ

2125 2413 2412 2484 σωμάτων,
2463 2414 2530 2466 ὲκ
2571 2413 2786 2482 φύσεως
2829 2412 2890 2464 τὸ
2935 2413 3166 2483 δάκρυον
3219 2413 3442 2483 ἔχουσαι
3483 2417 3580 2469 καὶ
3630 2418 3705 2488 μὴ

2122 2505 2360 2576 ἔχουσαι.
2389 2505 2452 2557 υἱ
2490 2504 2587 2575 μὲν
2626 2505 2755 2576 γὰρ,
2792 2503 3003 2576 θερμῆς
3043 2505 3136 2558 καὶ
3174 2506 3390 2577 ἁπαλῆς
3414 2508 3583 2574 ἕξεως
3610 2510 3703 2562 δν-

2121 2614 2230 2662 τες,
2271 2595 2473 2658 εὐθέως
2509 2595 2802 2667 δακρύουσι
2848 2596 3171 2667 συμπαθῶς,
3210 2593 3321 2651 οἷόν
3363 2617 3416 2652 τι
3465 2602 3560 2654 καλ⁸
3608 2604 3705 2655 ἐπὶ

2121 2687 2311 2742 πασῶν
2339 2687 2450 2741 τῶν
2482 2687 2760 2756 γυναικῶν
2784 2688 2999 2760 ὁρῶμεν
3028 2691 3318 2759 γενόμενον
3336 2709 3349 2722 ·
3388 2695 3435 2746 oi
3458 2693 3512 2746 δὲ
3543 2695 3704 2748 πάλιν

2122 2781 2215 2833 καὶ
2262 2778 2320 2846 ἐξ
2360 2779 2561 2850 ἀγρίας
2592 2778 2816 2850 γνώμης
2859 2782 2951 2834 καὶ
2987 2781 3292 2854 ξηροτάτης
3337 2784 3573 2854 φύσεως,
3609 2788 3705 2841 καὶ

2122 2873 2469 2944 ὑπερηφάνου
2515 2873 2765 2945 καρδίας,
2804 2872 3072 2945 δακρῦσαι
3105 2876 3167 2927 οὐ
3213 2875 3487 2931 δύνανται.
3517 2880 3705 2932 Ταῦτα

2125 2965 2224 3035 μέν
2263 2981 2443 3035 φαμεν
2475 2965 2569 3018 ἐπὶ
2606 2964 2715 3018 τῶν
2744 2967 2801 3018 ὲν
2830 2967 2978 3037 μέσῳ
3009 2966 3102 3018 τοῦ
3146 2969 3354 3040 κόσμου
3388 2969 3701 3038 διαγόντων.

2122 3058 2184 3110 Oi
2219 3056 2327 3129 γὰρ
2367 3057 2455 3111 τὸν
2491 3058 2706 3128 μονήρη
2751 3057 2864 3128 βίον
2894 3059 3282 3131 μετερχόμενοι
3317 3062 3577 3125 πολλάκις
3610 3065 3704 3117 καὶ

2125 3152 2189 3203 ὲκ
2223 3149 2372 3213 θείας
2404 3149 2627 3221 χάριτος
2653 3151 2714 3202 τὸ
2741 3149 2911 3220 δῶρον
2938 3150 3045 3204 τῶν
3082 3151 3331 3224 δακρύων
3361 3155 3701 3225 κομίζονται.

2127 3242 2270 3314 Πλὴν
2300 3243 2466 3314 πολλή
2499 3261 2581 3306 τις
2611 3245 2669 3296 ὲν
2691 3245 2803 3304 τοῖς
2824 3242 3079 3313 δακρύοις
3111 3243 3343 3316 διαφορὰ
3375 3247 3700 3319 καθέστηκε.

2125 3335 2281 3398 Τινὲς
2307 3334 2416 3407 γὰρ
2455 3334 2715 3398 πολλάκις
2751 3335 2846 3387 καὶ
2870 3335 2977 3388 άπὸ
3009 3336 3181 3407 μέθης
3207 3340 3347 3391 οἴνου
3372 3339 3667 3410 δακρύουσι
3685 3361 3702 3376 ο

2125 3428 2269 3493 τινὲς
2328 3429 2386 3480 δὲ
2423 3429 2518 3482 καὶ
2560 3427 2715 3494 δόξαν
2761 3427 3062 3499 ἀνθρώπων
3110 3430 3437 3501 θηρώμενοι.
3503 3435 3705 3505 Διόπερ

2126 3521 2302 3572 ἐκεῖνο
2331 3519 2532 3587 ἀγαθὸν
2566 3519 2874 3590 καθέστηκε
2907 3519 3161 3591 δάκρυον,
3192 3521 3254 3573 τὸ
3293 3524 3556 3592 κρυπτῶς
3589 3525 3706 3594 Θεῷ

2127 3613 2556 3684 προσαγόμενον,
2590 3611 2778 3684 ὥσπερ
2804 3612 2897 3666 καὶ
2923 3612 3016 3666 ἐπὶ
3045 3613 3145 3683 τῆς
3173 3614 3544 3688 ὲλεημοσύνης
3567 3635 3706 3689 παρ-

2125 3705 2355 3774 αγγελλὸ
2362 3705 2518 3776 μεθα.

2189 3782 2400 3869 ῘτΕρώτ.
2450 3805 2563 3854 παν.
2600 3799 2724 3853 Ἐάν
2762 3817 2847 3864 τις
2880 3801 2984 3853 ὑπὸ
3024 3801 3253 3872 πτωχῶν
3287 3801 3606 3873 αἰτούμενος
3647 3805 3705 3855 ἐν

2124 3888 2248 3959 ὁδῷ,
2289 3890 2382 3942 καὶ
2416 3890 2617 3961 ἑτέρων
2667 3889 2876 3943 πολλῶν
2907 3891 3116 3962 ἀνδρῶν
3166 3891 3469 3962 παρόντων,
3504 3892 3557 3944 τί
3597 3894 3704 3962 χρὴ

2127 3983 2330 4045 ποιεῖν;
2365 3981 2437 4033 ’Ἡ
2475 3982 2536 4034 ού
2565 3981 2786 4036 δυνατὸν
2818 3981 2913 4037 καὶ
2941 3982 3040 4054 τὴν
3080 3982 3448 4054 ἐλεημοσύνην
3487 3988 3702 4048 ποιεῖν;

2209 4095 2395 4150 Ἀπόκ.
2428 4095 2530 4148 Τὸν
2553 4094 2810 4166 λογισμὸν
2844 4093 2937 4148 τοῦ
2969 4094 3254 4165 ἀνθρώπου
3283 4097 3458 4168 κρίνει
3487 4097 3517 4148 ὁ
3549 4097 3702 4158 Θεός.

2139 4186 2264 4239 Ἐὰν
2314 4182 2405 4240 οὖν
2456 4185 2684 4239 ἐνώπιον
2730 4187 3003 4258 μυριάδων
3049 4187 3137 4239 διὰ
3181 4187 3332 4251 Θεὸν,
3384 4189 3480 4240 καὶ
3527 4189 3588 4241 ού
3638 4189 3706 4240 δι’

2127 4275 2644 4347 ἁνθρωπαρέσκειαν
2672 4277 2885 4328 ποιῇσει
2916 4276 2978 4328 τὸ
3018 4275 3240 4344 ἀγαθὸν,
3273 4277 3335 4329 οὐ
3372 4279 3706 4348 κατακέκρι-

2127 4383 2277 4457 ται..)

2210 4475 2506 4548 Ἐρώτησις
2543 4475 2655 4546 πβ’.
2698 4476 2866 4529 Πόθεν
2906 4478 3035 4530 ποτὲ
3074 4478 3172 4548 μὲν
3215 4477 3395 4550 ἀγαθὴ
3432 4480 3642 4548 γίνεται
3680 4485 3710 4551 ἡ

2128 4567 2274 4638 ψυχὴ
2320 4569 2458 4638 πρὸς
2501 4568 2862 4640 συμπάθειαν,
2895 4571 3024 4623 ποτὲ
3066 4569 3123 4622 δὲ
3163 4570 3326 4624 πάλιν
3358 4570 3574 4644 σκληρὰ
3615 4575 3711 4628 καὶ

2129 4660 2471 4730 ἄσπλαγχνος
2485 4676 2500 4725 ;

2210 4771 2397 4824 Ἀπόκ.
2438 4770 2623 4842 Μόνην
2665 4771 2930 4842 ἄτρεπτον
2963 4772 3059 4825 καὶ
3095 4772 3184 4825 ἀεὶ
3213 4771 3476 4836 ὡσαύτως
3518 4775 3714 4844 μένου-

2130 4881 2228 4917 σαν
2253 4864 2351 4935 τὴν
2383 4863 2532 4916 θείαν
2561 4864 2721 4933 φύσιν
2743 4864 3104 4935 γινώσκομεν.
3145 4865 3299 4918 Ἐπεὶ
3335 4867 3430 4919 καὶ
3450 4867 3511 4932 ἐξ
3538 4867 3710 4935 ἀγγέ-

2126 4957 2233 5012 λων
2260 4958 2402 5021 τινες
2435 4959 2770 5031 ἐτράπησαν.
2799 4959 2891 5012 Διὸ
2927 4959 3071 5011 οὕτω
3107 4958 3211 5030 χρὴ
3250 4959 3434 5012 λοιπὸν
3468 4959 3582 5030 (28.)
3615 4962 3712 5014 ἐπὶ

2124 5053 2224 5122 τῆς
2251 5053 2490 5123 τρεπτῆς
2524 5053 2739 5122 φύσεως
2774 5051 2885 5105 τῶν
2917 5049 3220 5122 ἀνθρώπων
3254 5053 3430 5104 νοεῖν*
3457 5052 3540 5104 ὅτι
3577 5053 3710 5106 ποτὲ

2130 5146 2229 5215 μὲν
2269 5146 2617 5214 ἀγαθύνεται,
2659 5147 2734 5210 ὼς
2777 5148 2898 5202 κατ’
2949 5147 3132 5200 είκόνα
3166 5145 3302 5199 Θεοῦ
3345 5146 3704 5217 ὑπάρχουσα·

2127 5239 2258 5291 ποτὲ
2314 5239 2370 5292 δὲ
2423 5239 2804 5311 σκληρύνεται,
2865 5239 2942 5302 ὡς
3007 5237 3387 5308 πολεμουμένη
3452 5237 3561 5290 ὑπὸ
3612 5236 3709 5291 τοῦ

2129 5330 2345 5402 ἐχθροῦ,
2381 5332 2476 5384 καὶ
2504 5331 2878 5402 προσκειμένη
2901 5333 3015 5392 τοῖς
3047 5329 3142 5384 τοῦ
3171 5329 3286 5400 βίου
3316 5328 3534 5382 πάθεσι.
3561 5329 3710 5399 Πλὴν

2128 5425 2224 5476 ἐὰν
2255 5426 2282 5476 ὁ
2315 5423 2410 5478 ἄνθ
2421 5441 2600 5495 ρωπος
2632 5424 2823 5478 ἑαυτὸν
2848 5424 2985 5494 πρὸς
3023 5425 3120 5496 τὴν
3149 5421 3492 5494 συμπάθειαν
3524 5421 3707 5491 βιάζε-

2126 5531 2234 5578 ται,
2270 5515 2362 5570 τοῦ
2400 5516 2618 5582 πάντως
2651 5517 2871 5588 ποιῆσαι
2903 5517 2965 5571 τὸ
3006 5517 3230 5582 ἀγαθὸν,
3271 5518 3574 5571 ποοκόπτει
3601 5514 3712 5570 λοι-

552 5678 664 5751 (28)
717 5681 789 5736 Ita
828 5683 1047 5754 quidam
1097 5701 1252 5754 mss.,
1308 5686 1468 5756 Editi,
1514 5687 1669 5742 Οὕτω
1707 5687 1768 5758 δὴ
1801 5684 1892 5743 οὖν
1922 5688 2127 5742 λοιπόν.
