3852 6192
157 212 278 268 649

1120 207 1585 277 ρυλιιετοδιεε
1623 209 1715 265 AD
1752 208 2162 270 ANTIOCHI)!
2203 200 2474 269 DUCEM.‘

3317 211 3426 270 650

159 327 274 384 πδν
316 330 384 401 τῇ
427 328 608 402 ἀγαθῇ
646 326 926 402 συνηθείᾳ,
972 330 1053 394 είς
1090 328 1152 382 τὸ
1188 330 1417 383 πάντοτε
1457 328 1728 402 προθύμω

1854 331 2680 404 misericordia~permoveatur,
2709 331 2958 402 beneque
2994 328 3225 386 omnino
3272 337 3423 401 agat,

153 421 390 477 διδόναι.

244 601 440 674 Ἒρὼτ.
472 608 581 672 πγι.
610 600 718 655 Τοῦ
734 601 1053 655 ’Ἀποστόλου
1078 601 1326 671 λέγοντος
1344 619 1357 631 ’
1393 620 1413 654 ι
1441 600 1534 674 Μὴ
1563 602 1628 655 ἐκ
1655 600 1749 655 λῦ-

151 706 296 765 πης,
351 694 385 766 ἢ
435 692 497 759 ἐξ
553 692 833 765 ἀνάγκης·
895 692 1077 764 ἱλαρὸν
1123 693 1230 766 γὰρ
1272 693 1431 765 δότην
1483 694 1671 763 ἀγαπᾷ
1717 692 1747 745 6

153 786 297 849 Θεὸς
317 802 332 817 ’
382 804 402 838 ι
445 786 507 839 ού
537 787 644 859 χρὴ
681 785 867 839 λοιπὸν
897 786 1179 856 βιάζεσθαι
1208 786 1300 840 τὸν
1332 785 1591 856 λογισμὸν
1621 788 1749 839 ἑαυο

153 880 255 931 τοῦ
287 878 381 931 τὸν
412 877 718 949 ἄνθρωπον,
751 878 847 931 καὶ
879 877 1104 948 ποιῆσαι
1139 877 1549 949 ἐλεημοσύνηνς

242 968 437 1024 Ἀπόκ.
464 968 585 1021 Τῶν
607 968 825 1023 τελείων
854 970 972 1022 ἐστὶ
998 969 1060 1022 τὸ
1084 970 1313 1023 πάντοτε
1344 967 1546 1039 ἱλαρῶς
1573 970 1745 1021 ⁸ιωιεῖν

154 1059 217 1113 τὸ
247 1060 493 1129 ἀγαθόν
544 1061 640 1114 καὶ
684 1062 733 1113 οί
789 1059 1099 1131 βιαζόμενοι
1151 1061 1210 1114 δὲ
1264 1061 1489 1124 ἑαυτοὺς
1527 1062 1609 1125 εἰς
1645 1061 1744 1131 τὴν

151 1152 252 1207 τοῦ
298 1152 517 1224 πτωχοῦ
571 1153 789 1225 ἐντολὴν
839 1152 1223 1224 εὐπρόσδεκτοί
1269 1156 1372 1208 εἰσι
1423 1152 1577 1225 παρά
1624 1153 1744 1225 Θεῷ

149 1244 235 1316 τῷ
273 1246 517 1298 είπόντι’
556 1263 577 1298 ι
610 1243 843 1300 Βιασταὶ
864 1244 1171 1319 ἁρπάζουσι
1198 1246 1297 1318 τὴν
1332 1245 1609 1317 βασιλείαν
1633 1247 1743 1300 τῶν

149 1336 426 1409 οὐρανῶν.
464 1355 484 1389 ι

235 1425 439 1497 Ἐρώτ.
474 1425 579 1480 πε.
617 1424 747 1479 Ἐάν
774 1442 863 1490 τις
897 1425 1027 1497 περὶ
1061 1424 1170 1479 τῶν
1214 1424 1411 1481 ἐαυτοῦ
1455 1426 1740 1500 ἁμαρτιῶν

154 1518 507 1590 μετανοήσῃ,
562 1515 830 1589 πρόδηλον
882 1516 965 1569 δτι
1005 1516 1279 1586 ἐξαλείφει
1316 1517 1417 1581 τάς
1462 1517 1740 1589 ἁμαρτίας

1852 430 1966 478 tum
2018 424 2163 479 bona
2193 422 2595 479 consuetudine
2638 422 2779 479 adeo
2812 421 3079 494 proficiet,
3111 430 3174 478 ut
3208 435 3427 493 semper

1848 514 1921 569 sit
1966 529 2174 585 pronus
2207 513 2276 568 ad
2306 512 2568 567 dandum.

1905 604 2128 673 Quzs'r.
2158 602 2443 659 LXXXIII.
2473 602 2610 657 Cum
2638 600 2787 656 dicat
2820 600 3137 673 Apostolus,
3169 596 3326 655 «Non
3353 613 3425 656 ex

1845 700 2067 755 tristitia
2097 707 2191 753 aut
2216 715 2285 754 ex
2315 698 2672 755 necessitate:
2708 694 2938 750 hilarem
2987 693 3132 749 enim
3174 691 3421 748 datcrczr.
3457 767 3461 772 ν

1847 788 2024 859 diligit
2053 787 2196 843 Deus
2211 788 2280 853 ³⁸,
2306 806 2330 840 ι
2358 802 2702 859 nequaquam
2742 786 2851 841 vim
2901 784 3007 841 sibi
3037 783 3216 840 facere
3258 781 3422 838 debet

1847 878 2034 942 homo,
2064 887 2126 932 ut
2154 879 2555 949 eleemosynam
2585 874 2835 931 tribuat?

1914 968 2076 1024 Resp.
2102 967 2476 1025 Perfectorum
2499 977 2586 1025 est
2616 969 2819 1024 bonum
2848 967 3022 1021 hilare
3046 980 3261 1037 semper
3285 979 3419 1036 age-

1842 1077 1935 1118 re:
1964 1070 2207 1119 attamen
2239 1062 2333 1133 qui
2359 1062 2468 1117 vim
2514 1060 2619 1117 sibi
2669 1060 2898 1124 faciunt,
2929 1066 2988 1113 ut
3020 1066 3290 1129 praecepto
3315 1057 3417 1113 ob-

1845 1160 2234 1224 temperantes,
2275 1167 2569 1224 pauperem
2602 1151 2863 1221 adjuvent
2892 1149 3003 1206 Deo
3045 1151 3420 1219 utiqueacce-

1842 1245 1922 1314 pti
1951 1250 2081 1300 sunt
2132 1243 2370 1300 dicenti:
2431 1241 2705 1298 «Violenti
2750 1242 2973 1313 rapiunt
3015 1256 3246 1313 regnum
3298 1254 3417 1297 cm-

1842 1335 2019 1391 lorum
2033 1335 2098 1389 ³⁸.
2125 1353 2145 1387 ι

1907 1426 2132 1494 Ωοεετ.
2168 1423 2456 1481 LXXXIV.
2492 1423 2549 1481 Si
2578 1425 2705 1497 quis
2740 1439 2844 1495 pro
2869 1425 3107 1496 peccatis
3143 1431 3269 1494 agat
3297 1437 3418 1492 pm-

1838 1519 2150 1582 nitentiam,
2200 1520 2372 1589 liquet
2417 1518 2597 1589 ipsum
2642 1533 2745 1574 sua
2795 1516 2979 1572 delere
3027 1522 3289 1586 peccata:
3343 1528 3414 1568 an

148 1605 323 1659 αὑτοῦ
341 1624 356 1636 ·
386 1603 498 1678 ἆρα
530 1607 714 1661 λοιπὸν
740 1608 835 1661 καὶ
858 1607 953 1662 ἐάν
987 1624 1072 1671 τις
1104 1608 1336 1679 ποιήσας
1362 1607 1611 1662 εὐποιίαν
1638 1624 1728 1678 με·

1849 1610 2011 1682 igitur
2067 1612 2342 1675 similiter,
2389 1611 2438 1667 si
2471 1626 2633 1681 quem
2665 1611 2928 1681 paeniteat
2978 1606 3412 1673 benefactorum,

146 1672 461 1769 ταμεληθῇ,
493 1698 761 1768 ἐξαλείφει
804 1699 897 1753 τὸν
939 1698 1131 1772 μισθὸν
1158 1672 1230 1752 ὃν.
1249 1699 1476 1771 ἐποίησε
1519 1700 1608 1754 διὰ
1638 1672 1728 1773 τῆς

1849 1672 2157 1771 huiusmodi
2200 1672 2537 1773 paenitentia
2572 1672 2879 1758 mercedem
2911 1700 3055 1756 delet
3099 1713 3264 1769 quam
3295 1712 3418 1767 pro-

155 1794 526 1865 μεταμελείας
544 1811 561 1861 ;

234 1886 428 1939 Ἀπόκ.
470 1886 564 1957 Μὴ
606 1886 846 1956 γένοιτοί
895 1886 1086 1961 ὥσπερ
1136 1888 1246 1960 γὰρ
1290 1889 1384 1941 ἐπὶ
1428 1889 1527 1960 τῆς
1573 1906 1739 1960 μετα-

146 1974 299 2039 νοίας
325 1974 438 2030 τῶν
462 1975 744 2049 ἁμαρτιῶν
773 1979 801 2031 6
828 1977 961 2041 Θεός
986 1980 1133 2032 ἐστιν
1161 1981 1190 2033 6
1223 1978 1427 2049 ταύτης
1454 1980 1734 2051 πρόξενος,

151 2064 325 2131 οὕτως
347 2066 442 2120 ἐπὶ
478 2066 575 2139 τῆς
613 2069 901 2139 μετανοίας
936 2069 1038 2141 τῆς
1070 2072 1198 2143 περὶ
1224 2071 1325 2145 τὴν
1364 2071 1738 2146 ἐλεημοσύνην

150 2159 181 2212 6
213 2158 466 2223 διάὸολός
491 2161 609 2214 ἐστι
642 2164 874 2235 ποιητὴς
914 2166 1102 2237 αὐτῆς,
1132 2165 1227 2219 καὶ
1256 2166 1355 2236 οὐχ
1395 2172 1427 2236 η
1462 2164 1607 2238 ψυχὴ
1638 2166 1734 2221 τοῦ

147 2247 464 2320 ἀνθρώπου.
504 2250 596 2304 Διὸ
641 2253 761 2306 οὐδὲ
800 2254 1090 2311 ἀναλύεται
1133 2258 1162 2310 6
1203 2255 1485 2327 γινόμενος
1522 2257 1731 2328 μισθός.

154 2336 344 2413 Ὅμως
377 2343 438 2395 ού
477 2342 639 2397 καλὸν
666 2345 729 2398 τὸ
759 2347 1190 2416 μεταγινώσκειν
1238 2349 1324 2402 ἐπ’
1368 2349 1559 2421 ἀγαθῷ
1589 2367 1736 2419 γινο-

153 2430 318 2502 μένῳ.
360 2432 420 2486 '0
458 2434 565 2503 γὰρ
595 2433 836 2504 συνεχῶς
873 2437 1346 2509 μεταμελούμενος
1374 2438 1733 2514 ὀκνηρότερος

154 2523 232 2585 είς
258 2522 324 2575 τὸ
357 2523 562 2592 ἀγαθὸν
593 2525 825 2593 γίνεται.

232 2612 427 2686 Ἐρὼτ.
481 2613 587 2669 πε’.
621 2615 779 2680 Τινές
811 2633 995 2688 φασιν,
1027 2618 1111 2672 ὅτι
1154 2618 1217 2672 οὐ
1264 2618 1347 2672 δεῖ
1374 2620 1733 2685 ἀνεξέταστον

154 2705 416 2777 παρέχειν
448 2705 841 2780 ἐλεημοσύνην,
868 2710 982 2763 ἀλλ’
1017 2712 1227 2782 ἐρωτᾷν
1259 2710 1398 2781 μετά
1421 2712 1728 2783 ἀκριϐείας,

152 2798 201 2850 εί
247 2798 309 2851 ἐν
354 2798 585 2870 ἀληθείᾳ
625 2800 811 2870 ἐνδεής
849 2801 996 2855 ἐστιν
1032 2804 1062 2854 6
1099 2805 1229 2874 ἡμῖν
1269 2807 1727 2878 προσερχόμενος.

155 2888 314 2958 Λέγει
346 2889 479 2964 γάρ,
517 2893 681 2961 φησὶν
705 2895 733 2946 6
752 2878 1026 2964 Σολομὼν,
1072 2894 1175 2960 ὅτι,
1207 2914 1227 2948 ι
1267 2896 1393 2952 Ἐὰν
1422 2902 1581 2971 ποιῇς
1606 2900 1733 2970 ἀγα-

153 2978 261 3043 θδν,
298 2981 469 3051 βλέπε
505 2982 613 3036 τίνι
649 2986 842 3046 ποιεῖς.
893 3002 912 3035 ι

231 3077 462 3149 Ἀπόκρ.
502 3076 658 3131 Οῦτω
695 3080 789 3132 καὶ
853 3079 953 3143 τὰς
981 3078 1176 3145 λοιπὰς
1204 3080 1428 3153 Γραφάς
1459 3084 1507 3137 oi
1544 3084 1731 3148 κακῶς

150 3165 399 3232 νοοῦντες
434 3168 878 3241 διαστρέφουσιν
908 3174 969 3226 ού
1004 3173 1114 3245 γάρ
1142 3174 1271 3245 περὶ
1311 3175 1408 3229 τοῦ
1440 3176 1728 3249 ἀνθρώπου

153 3256 242 3312 τοῦ
283 3260 508 3330 πτωχοῦ
540 3262 699 3315 τοῦτο
744 3259 896 3317 εἶπεν
921 3265 950 3317 6
978 3265 1259 3338 Σολομὼν·
1306 3268 1440 3323 ἀλλὰ
1478 3287 1496 3321 ι
1539 3269 1726 3340 βλέπε,

157 3349 254 3407 τίνι
292 3356 498 3417 ποιεῖς,
538 3371 558 3403 ι
598 3356 896 3420 τουτέστιν,
930 3358 1014 3411 ὅτι
1040 3359 1117 3430 τῷ
1147 3358 1267 3431 Θεῷ
1301 3364 1491 3425 ποιεῖς.
1515 3362 1579 3416 Εἰ
1620 3363 1730 3435 γὰρ

158 3443 255 3515 πρὸ
284 3444 384 3498 τοῦ
413 3446 725 3518 ἀνακρίνειν
764 3450 892 3513 τοὺς
920 3451 1212 3514 αἰτοῦντας
1243 3450 1402 3505 τοῦτό
1431 3471 1586 3525 φησι,
1614 3455 1731 3518 πῶς

156 3535 184 3585 6
210 3534 414 3607 Κύριος
442 3536 622 3604 λέγει’
661 3555 681 3588 ι
720 3539 890 3592 Παντὶ
916 3540 995 3611 τῷ
1019 3542 1256 3596 αἰτοῦντί
1296 3560 1356 3596 σε
1383 3544 1562 3611 δίδου;
1600 3563 1619 3597 ι

248 3626 426 3698 Ερὼτ.
471 3626 587 3693 πς¹.
616 3623 762 3701 Ἀρα
791 3631 848 3684 δὲ
879 3633 941 3686 τὸ
962 3635 1018 3685 ἐν
1052 3634 1366 3705 ἐκκλησίαις
1396 3636 1728 3707 προσφέρειν

160 3714 387 3788 ὑπάρχει
420 3717 573 3790 παρά
600 3718 720 3790 Θεῷ
749 3722 1089 3793 τιμιώτερον,
1137 3725 1171 3796 ἢ
1210 3726 1272 3778 τὸ
1308 3728 1424 3791 τοῖς
1451 3725 1727 3798 δεομένοις

155 3805 425 3880 διανέμειν
442 3827 457 3876 ;

235 3900 424 3954 ’Δπόκ.
472 3901 547 3955 Τὸ
591 3904 767 3957 εἰπεῖν
808 3904 901 3958 τὸν
932 3905 1136 3979 Κύριον
1169 3910 1283 3972 τοῖς
1317 3910 1383 3962 ἐκ
1410 3907 1601 3975 δεξιῶν
1644 3909 1725 3963 ὅτι

165 4005 183 4037 ι
220 3990 533 4057 Ἔπείνασα,
564 3995 659 4049 καὶ
690 3995 927 4051 ἐδώκατέ
962 4016 1052 4069 μοι
1088 4004 1309 4068 φαγεῖνο
1357 4000 1606 4073 ἐδίψησα,
1633 4002 1728 4055 καὶ

160 4080 441 4137 ἐποτίσατέ
489 4103 577 4156 με,
614 4105 634 4138 ι
680 4087 847 4155 ἔδειξε
895 4092 1290 4163 προτιμοτέραν
1332 4087 1472 4145 εἶναι
1516 4093 1615 4162 τὴν
1648 4095 1726 4156 εἰς

161 4176 272 4239 τοὺς
292 4179 415 4231 κατ’
435 4180 620 4233 εἰκόνα
641 4181 735 4234 καὶ
762 4181 1017 4252 ὁμοίωσιν
1041 4184 1204 4237 αὑτοῦ
1230 4183 1545 4247 κτισθέντας
1567 4185 1727 4248 ναοὺς

164 4267 514 4337 συμπάθειαν.
551 4270 696 4341 Πλὴν
730 4271 1004 4337 πολλάκις,
1038 4275 1095 4326 ἐν
1118 4274 1293 4346 καιρῷ
1329 4273 1567 4346 διωγμοῦ
1597 4274 1727 4345 μέλ-

1842 1800 2118 1849 meruerat
2137 1794 2162 1847 ί

1911 1881 2077 1939 Resp.
2106 1883 2295 1939 Absit!
2328 1897 2455 1937 nam
2501 1880 2958 1953 quemadmodum
2990 1879 3049 1934 in
3090 1877 3413 1949 ptenitentia

1839 1985 2214 2046 peccatorum,
2250 1976 2394 2034 Deus
2416 1978 2537 2048 ejus
2566 1985 2760 2033 auctor
2783 1983 2870 2033 est
2894 1996 2906 2031 :
2945 1977 3020 2032 ita
3062 1976 3119 2032 in
3147 1976 3415 2046 paeniten-

1840 2069 1917 2123 tia
1940 2084 2048 2139 qua
2081 2084 2244 2140 quem
2287 2069 2428 2123 datae
2456 2070 2814 2140 eleemosynae
2866 2067 3115 2138 ptenitet,
3160 2067 3414 2123 diabolus

1838 2159 2060 2217 effector
2086 2163 2206 2231 ejus
2233 2169 2340 2226 est,
2374 2176 2484 2216 non
2522 2170 2703 2217 autem
2734 2160 2972 2216 hominis
3031 2160 3233 2214 anima.
3265 2158 3416 2225 Quo-

1837 2254 1985 2310 circa
2016 2268 2125 2310 non
2153 2254 2295 2325 perit
2339 2267 2551 2310 merces
2577 2252 2900 2324 promerita.
2954 2250 3159 2305 Tamen
3206 2251 3413 2305 bonum

1803 2341 1952 2401 'non
1993 2353 2079 2401 est
2126 2346 2393 2417 pmnitere
2426 2344 2577 2415 quod
2624 2345 2762 2400 bene
2813 2342 3011 2415 egeris.
3064 2340 3200 2396 Nam
3249 2356 3413 2412 quem

1838 2436 2153 2509 frequenter
2195 2437 2445 2507 poenitet,
2499 2435 2865 2508 negligentior
2896 2433 3128 2490 ellicitur
3161 2433 3231 2489 ad
3270 2435 3412 2489 bene

1836 2530 2129 2602 agendum.
3321 2568 3325 2572 .

1901 2620 2124 2687 Quassr.
2181 2616 2442 2673 LXXXV.
2499 2617 2732 2685 Quidam
2783 2617 2939 2672 aiunt
2988 2631 3098 2671 non
3155 2623 3413 2687 oporter:

1835 2714 2238 2784 eleemosynam
2274 2712 2480 2783 absque
2505 2710 2758 2767 examine
2787 2710 3074 2781 impertiri,
3099 2711 3196 2765 sed
3225 2708 3410 2780 inqui-

1837 2803 2069 2860 rendum
2111 2804 2399 2874 diligenter
2433 2818 2564 2858 num
2612 2818 2741 2858 vere
2788 2803 3039 2871 indigens
3087 2801 3178 2865 sit,
3213 2802 3308 2873 qui
3339 2802 3409 2857 ad

1836 2894 2204 2951 nos‘accedit.
2237 2893 2501 2965 Namque,
2536 2893 2812 2961 inquiunt,
2850 2893 2926 2948 ait
2974 2891 3252 2959 Salomon,
3303 2911 3323 2943 ι
3349 2892 3407 2948 Si

1759 3010 1802 3068 ο
1836 2988 1975 3043 bene
2008 2985 2226 3053 feceris,
2253 2984 2379 3040 vide
2406 2985 2496 3041 cui
2527 2984 2724 3041 feceris
2746 2985 2846 3039 ⁸⁷.»

1902 3077 2068 3134 Resp.
2101 3076 2179 3131 Ita
2203 3077 2413 3133 scilicet
2442 3086 2496 3132 et
2523 3084 2719 3131 caetera
2755 3074 3052 3147 Scriptum
3091 3076 3407 3132 testimonia

1832 3179 2150 3244 pervertunt
2177 3171 2273 3242 qui
2313 3185 2498 3240 prave.
2532 3169 2793 3225 sentiunt.
2845 3168 2958 3225 Nec
2995 3169 3142 3225 enim
3172 3169 3241 3225 de
3269 3183 3407 3239 pau-

1831 3278 1961 3334 pere
2010 3262 2232 3318 homine
2282 3261 2397 3315 haec
2428 3259 2567 3314 dixit
2596 3259 2879 3323 Salomon,
2934 3261 3053 3322 sed,
3093 3277 3113 3311 ι
3142 3257 3279 3315 Vide
3316 3259 3406 3315 cui

1830 3354 2050 3419 feceris,
2083 3375 2102 3407 ι
2134 3354 2189 3409 id
2217 3361 2322 3419 est,
2361 3352 2472 3409 Deo
2496 3352 2653 3407 facis.
2686 3349 2742 3405 Si
2773 3352 2919 3406 enim
2948 3351 3230 3406 mendicos
3264 3351 3409 3405 indi-

1830 3451 1917 3497 cat
1963 3457 2086 3498 esse
2142 3441 2558 3505 discernendos,
2607 3456 2707 3495 cur
2755 3441 2922 3512 igitur
2988 3441 3067 3495 ait
3118 3440 3404 3507 Dominus,

1836 3553 1856 3584 ι
1883 3532 2072 3589 Cuivis
2104 3532 2305 3604 petenti
2339 3532 2532 3585 da”?n

1889 3621 2108 3689 Qumsr.
2142 3620 2425 3676 LXXXVI.
2452 3619 2707 3693 Nunquid
2733 3619 2841 3676 Deo
2865 3619 3074 3691 gratius
3099 3630 3184 3675 est
3208 3620 3406 3676 oﬂ‘erre

1832 3714 1889 3768 in
1945 3714 2215 3776 ecclesiis,
2257 3727 2421 3784 quam
2452 3712 2822 3782 indigentibus
2851 3710 3225 3766 distribuere?

1888 3889 2053 3946 Rssr.
2110 3889 2183 3946 Iis
2213 3906 2334 3962 quae
2363 3888 2628 3945 Dominus
2669 3888 2739 3943 ad
2783 3889 2906 3945 illos
2932 3888 3182 3945 dicturus
3202 3899 3286 3944 est
3308 3889 3404 3959 qui

1830 4001 1860 4040 a
1894 3987 2103 4041 dextris
2126 3992 2308 4049 erunt,
2358 4002 2377 4034 ι
2406 3983 2623 4037 Esurivi
2668 3989 2724 4037 et
2753 3981 2982 4037 dedistis
3010 3981 3141 4034 mihi
3172 3980 3405 4035 mandu-

1829 4093 1987 4134 care:
2038 4076 2208 4139 sitivi,
2244 4084 2298 4132 et
2337 4076 2564 4130 dedistis
2592 4074 2722 4127 mihi
2747 4073 2931 4127 bibere
2947 4072 3013 4139 '9,
3055 4071 3403 4127 iostenditur

1827 4170 2119 4241 gratiorem
2175 4167 2287 4222 Deo
2337 4183 2459 4223 esse
2506 4165 3060 4227 commiserationem,
3113 4180 3234 4234 qua:
3272 4179 3399 4234 erga

1829 4261 2030 4330 templa
2058 4258 2129 4313 ad
2159 4259 2282 4327 ejus
2327 4257 2617 4328 imaginem
2658 4264 2714 4311 et
2765 4251 3179 4310 similitudinem
3232 4254 3396 4317 facta,

161 4352 331 4423 λοντος
381 4360 513 4414 ναοῦ
575 4362 709 4415 Θεοῦ
771 4364 1137 4429 ἀπόλλυσθαι,
1196 4342 1479 4434 ἀναγκαία.
1534 4342 1631 4421 καὶ
1689 4368 1722 4437 ἡ

1849 4354 2132 4408 :xhibetur.
2178 4350 2567 4405 Verumtamen
2600 4347 2877 4402 multoties
2924 4346 3090 4418 .236
3115 4362 3236 4400 cum
3275 4362 3402 4417 per-

164 4447 216 4499 ὲν
236 4449 405 4523 τούτῳ
444 4452 785 4524 συμπάθεια.
819 4456 929 4509 Καὶ
972 4456 1153 4519 πάλιν,
1182 4458 1342 4511 τινῶν
1369 4458 1457 4512 διὰ
1485 4458 1721 4530 Χριστοῦ

162 4537 330 4596 πίστιν
355 4543 816 4616 βασανιζομένων.
858 4548 1157 4619 τιμιωτέρα
1194 4549 1410 4603 πάντων
1452 4551 1486 4621 ἡ
1517 4550 1722 4604 τούτων

161 4630 462 4705 Magum.

232 4894 419 4970 Ἐρώτ.
450 4897 558 4964 πζν.
594 4901 719 4955 Ἐάν
741 4920 823 4966 τις
849 4904 1037 4967 πιστὸς
1061 4905 1211 4978 παρὰ
1228 4906 1441 4977 ἀπίστῳ
1463 4908 1719 4978 χρήματα

165 4990 453 5055 πιστευθεὶς
504 4992 708 5048 τούτων
772 4995 1112 5067 παρὼῷηται,
1176 4993 1286 5069 ἄρα
1345 4999 1720 5069 εύσύγνωστον

165 5080 300 5149 παρὰ
322 5080 443 5153 Θεῷ
483 5082 642 5138 τοῦτο
672 5085 1042 5158 καθέστηγεν;

234 5170 416 5228 ’Δπόκ.
451 5174 559 5228 Τοῦ
593 5178 800 5248 Κυρίου
830 5178 1098 5247 λέγοντος,
1131 5198 1151 5232 ι
1174 5182 1428 5235 ’Δπόδοτε
1474 5182 1544 5236 τά
1575 5182 1714 5238 Καί-

167 5263 591 5340 σιροςΚαίσαρι,
621 5285 642 5318 ι
666 5267 825 5338 δῆλον
868 5271 973 5335 ὅτι,
1003 5270 1263 5344 Ἕλληνος
1289 5272 1384 5327 τοῦ
1412 5273 1535 5328 τότε
1576 5275 1717 5329 Καί-

167 5364 312 5424 σαρος
340 5355 512 5424 ὄντος,
536 5357 898 5431 μανθάνομεν.
930 5361 1013 5416 ὃτι
1043 5364 1144 5417 οὐκ
1172 5365 1452 5421 ἐπαινετὸν
1482 5366 1544 5420 τὸ
1576 5383 1717 5437 παρ-

166 5441 401 5512 άψασθαι.
436 5450 646 5520 Ὅμως,
687 5452 786 5507 ἐὰν
830 5454 911 5519 είς
942 5455 1185 5528 πένητας
1223 5456 1293 5513 τά
1321 5458 1546 5513 τοιαῦτα
1584 5459 1715 5512 ἀνα-

1833 4445 2133 4501 secutionis
2172 4453 2417 4514 tempore
2472 4444 2733 4512 templum
2788 4440 2882 4495 Dei
2938 4443 3241 4510 periturum
3289 4448 3399 4505 est,

1831 4539 2144 4595 necessaria
2172 4545 2304 4592 tunc
2337 4544 2421 4592 est
2448 4551 2576 4607 erga
2607 4528 2738 4589 ill'ud
2778 4535 3206 4590 commiseratio.
3241 4534 3404 4591 Deni-

1829 4646 1935 4700 que
1978 4645 2101 4683 cum
2134 4626 2355 4697 quidam
2389 4635 2613 4695 promer
2661 4624 2863 4679 Christi
2901 4624 3058 4678 fidem
3111 4625 3400 4679 tormentis

1829 4721 2219 4788 subjiciuntur,
2260 4733 2453 4773 eorum
2493 4717 2743 4771 liberatio
2783 4716 3039 4771 omnibus
3067 4724 3152 4771 est
3189 4717 3398 4786 pretio-

1827 4830 1963 4869 SIOI‘.

1887 4903 2110 4970 Qumsr.
2140 4898 2447 4956 LXXXVII.
2481 4899 2539 4954 Si
2562 4899 2687 4970 quis
2709 4897 2944 4953 infidelis
2966 4898 3252 4967 pecuniam
3279 4911 3400 4952 cre-

1826 4995 2031 5050 diderit
2058 4993 2227 5056 ﬁdeli,
2276 4994 2433 5063 isque
2479 4992 2631 5045 illum
2666 4989 2971 5052 defraudct,
3017 5002 3148 5041 num
3180 4986 3235 5041 id
3278 4986 3400 5041 sine

1826 5089 1988 5160 culpa
2021 5095 2106 5143 est
2132 5085 2275 5155 apud
2308 5084 2475 5139 Deum
2500 5084 2522 5136 ?

1886 5180 2052 5238 Resp.
2085 5177 2221 5233 Cum
2249 5176 2517 5233 Dominus
2573 5174 2739 5238 dicat,
2790 5193 2807 5223 ι
2834 5170 3066 5227 Reddite
3106 5184 3228 5240 quae
3267 5176 3400 5225 sunt

1820 5273 2079 5335 Caesaris,
2134 5270 2340 5325 Caesari
2362 5269 2441 5322 “z
2489 5287 2508 5320 ι
2538 5263 2976 5337 quandoquidem
3004 5271 3137 5317 tunc
3175 5260 3402 5332 gentilis

1821 5366 2005 5422 Caesar
2049 5372 2188 5425 erat,
2244 5362 2371 5416 inde
2423 5361 2686 5416 discimus
2735 5356 3062 5411 laudabilem
3115 5371 3227 5409 non
3275 5367 3402 5411 esse

1821 5455 2069 5512 fraudem
2096 5451 2497 5524 hujuscemodi.
2530 5449 2738 5504 Tamen
2769 5449 2818 5503 si
2856 5448 2961 5502 illae
2989 5446 3235 5517 pecuniae
3267 5461 3403 5516 pau-

223 5565 502 5665 ζξιξέὶθτι
535 5573 682 5643 “.7.
756 5573 803 5609 ³ο
837 5575 1029 5634 Matth.
1063 5594 1151 5646 ιι,
1189 5581 1275 5639 ιε.
1352 5582 1398 5665 τ’
1438 5582 1603 5640 Eccli.
1638 5598 1716 5639 xu

1922 5581 1966 5619 ⁸⁸
2006 5578 2138 5639 Luc.
2173 5576 2359 5644 v.50.
2436 5575 2479 5609 ³³
2522 5571 2708 5628 Matth.
2745 5588 2873 5635 xxv,
2908 5571 2999 5626 ιε.
3070 5564 3117 5596 ⁸⁸
3201 5567 3398 5627 Matth.

165 5646 297 5709 nu,
325 5640 416 5697 2i.

465 5736 738 5802 Ρηιιοι.
782 5740 901 5805 Gs.
943 5739 1239 5807 XXVIII.

2997 5738 3073 5798 ει
