3852 6192
400 273 498 329 651
1579 273 1634 327 8.
1681 269 1916 326 ATIIAN

2138 309 2145 322 .
2179 296 2248 305 —
2289 265 2415 321 ενι]
2425 266 2563 320 RIA.
3549 263 3659 318 652

399 389 621 458 peribus
673 392 984 456 erogantur,
1028 392 1284 456 poterunt
1340 387 1616 442 orationes
1666 401 1920 456 pauperu:

2134 379 2291 432 ›θῶσι
2316 380 2592 450 χρήματα,
2622 376 2872 430 δύνανται
2899 377 2957 430 αἱ
2985 376 3091 430 τῶν
3118 377 3364 447 πενήτων
3392 375 3549 446 εὐχαὶ
3574 375 3655 446 τῷ

399 478 569 533 Deum
623 478 839 548 placare
893 476 984 545 qui
1049 476 1144 540 ait,
1203 475 1432 532 «Facite
1460 477 1616 531 vobis
1657 477 1861 530 amicos
1904 490 1920 529 ε

2134 471 2193 541 εῷ
2236 469 2690 544 ἐξευμενίσασθαι
2732 471 2822 522 τὸν
2867 469 3123 523 εἰπόντα·
3159 487 3179 521 ε
3218 470 3486 539 Ποιήσατε
3525 469 3655 539 ὑμῖν

398 585 711 624 mammona
765 570 1068 638 iniquitatis
1083 569 1181 623 “.i
1217 568 1373 634 Quod
1416 569 1463 625 si
1504 568 1750 638 pecuniae
1779 567 1882 620 illae
1915 568 1919 619 ι

2138 563 2258 625 λους
2289 566 2352 614 ἐκ
2379 561 2472 614 τοῦ
2510 563 2789 632 μαμμωνᾶ
2823 561 2920 631 τῆς
2953 560 3183 623 ἀδικίας.
3214 579 3233 612 ι
3269 561 3330 612 Et
3351 560 3407 612 δὲ
3435 562 3515 623 εἰς
3534 560 3659 630 ἠδο-

401 669 652 730 sumptus
683 662 974 717 saeculares
1010 659 1416 729 impendantur,
1460 659 1668 713 clarum
1704 667 1788 713 est
1835 658 1922 712 duc

2133 656 2176 718 ις
2209 654 2319 724 (29)
2353 672 2502 717 τινας
2529 653 2788 723 βιωτικάς
2827 653 3209 723 δαπανηθῶσιν
3231 693 3247 718 ,
3296 653 3516 724 εὔδηλον
3569 655 3654 706 ὅτι

397 754 746 823 busjudiciis
797 754 875 807 ita
917 761 1139 824 agentes
1173 752 1438 807 obnoxios
1481 767 1622 819 esse,
1674 752 1918 822 voluptat

2139 748 2191 800 al
2233 747 2493 818 κρίμασιν
2522 749 2570 798 οί
2595 746 2751 800 τοῦτο
2774 745 3055 810 ποιοῦντες
3087 746 3476 810 ὑποπίπτουσι,
3506 744 3653 813 λέγω

398 846 611 900 scilicet
645 850 699 899 et
730 844 884 899 I'urti.
1069 843 1081 852 ”

2070 839 2134 909 δὴ
2173 839 2365 909 ἡδονῆς
2393 839 2486 892 κα)⁸
2520 838 2746 908 κλοπῆς.

465 938 686 1002 Qumsr.
741 936 1074 992 LXXXVIII.
1122 936 1380 992 Potestne
1429 939 1776 1007 eleemosyna
1808 951 1971 992 omne

2153 933 2343 1003 Ἐρώτ.
2381 939 2491 1002 πη’.
2533 931 2724 1002 ’ἰσχύει
2769 930 3106 1002 ἐλεημοσύνη
3159 931 3340 985 πᾶσαν
3375 931 3651 1003 ἁμαρτίαν

397 1030 680 1084 hominum
716 1039 997 1099 peccatum
1032 1029 1232 1093 delere,
1269 1030 1487 1084 necne?

1352 1030 1487 1084 :ne?
2069 1024 2357 1096 ἀνθρώπου
2388 1023 2684 1092 ἐξαλεῖψαι,
2713 1023 2746 1091 ἢ
2781 1022 2873 1086 ob;

459 1121 619 1177 lisse.
655 1122 750 1178 Est
776 1130 1056 1192 peccatum
1087 1130 1140 1177 et
1169 1129 1449 1191 peccatum
1491 1141 1505 1176 :
1541 1130 1624 1176 est
1654 1121 1785 1177 item
1830 1121 1971 1176 elee-

2153 1116 2376 1188 Ἀπόκρ.
2415 1117 2601 1169 Ἔστιν
2633 1117 2875 1186 ἁμαρτία
2917 1118 3010 1170 καὶ
3053 1117 3327 1187 ἁμαρτία⁸
3369 1120 3464 1170 καὶ
3499 1117 3650 1170 ἔστιν

395 1229 626 1286 mosyna
662 1222 716 1270 et
763 1215 1126 1286 eleemosyna.
1175 1213 1341 1269 Verbi
1395 1213 1593 1284 gratia,
1634 1214 1682 1268 si
1732 1213 1916 1283 proxim

2133 1208 2409 1278 εημοσύνη
2438 1208 2532 1261 καὶ
2557 1207 2912 1278 ἐλεημοσύνη.
2940 1206 3063 1261 Οίόν
3095 1226 3148 1261 τι
3193 1208 3352 1276 λέγω·
3387 1209 3482 1262 ἐὰν
3513 1227 3651 1280 μνη-

397 1307 723 1374 injuriarum
754 1309 1072 1361 memoriam
1114 1307 1438 1369 retinemus,
1487 1305 1841 1360 manifest-um
1884 1320 1914 1360 e

2129 1300 2322 1352 κακίαν
2371 1300 2581 1370 ἔχωμεν
2633 1300 2769 1371 πρὸς
2811 1299 2900 1355 τὸν
2940 1300 3182 1372 πλησίον,
3237 1301 3496 1374 πρόδηλον
3565 1303 3650 1355 ὅτι

397 1406 682 1454 sexcentas
712 1399 1085 1470 eleemosynas
1114 1398 1328 1454 veniam
1350 1397 1514 1452 nobis
1546 1413 1655 1452 non
1683 1413 1846 1467 posse
1876 1397 1918 1452 ο]

2127 1391 2266 1462 λρίαι
2314 1391 2671 1462 ἐλεημοσύναι
2716 1392 2776 1444 οὑ
2832 1393 3197 1466 συγχωροῦσιν
3236 1395 3386 1464 ἡμῖν,
3424 1394 3519 1447 ἐὰν
3569 1394 3648 1465 μὴ

394 1490 589 1555 tinere,
628 1488 735 1544 nisi
782 1504 886 1544 "nos
915 1505 1134 1559 quoque
1168 1489 1326 1542 fratri
1367 1495 1561 1543 nostro
1592 1489 1915 1543 remiserimt

2127 1482 2317 1554 ρίωμεν
2345 1484 2436 1537 καὶ
2469 1486 2628 1553 ἡμεῖς
2659 1482 2734 1553 τῷ
2773 1483 2983 1555 ἀδελφῷ
3005 1485 3162 1556 ἡμῶν
3195 1484 3261 1538 τὰ
3303 1485 3648 1556 ὀφειλήματα

394 1577 598 1644 debita,
678 1579 1137 1648 quemadmodum
1198 1578 1272 1631 ait
1328 1576 1610 1633 Dominus.
1697 1577 1915 1633 Prmtert

2128 1574 2254 1637 ιτοῦ,
2285 1574 2425 1628 κατὰ
2461 1575 2552 1627 τὸν
2599 1574 2692 1627 τοῦ
2740 1574 2944 1645 Κυρίου
2989 1575 3162 1643 λόγον.
3208 1576 3375 1628 Πάλιν
3412 1592 3476 1628 τε
3518 1576 3649 1630 ἄλλο

394 1669 542 1722 aliud
567 1678 651 1724 est
696 1670 741 1724 si
772 1671 894 1740 quis
938 1685 967 1722 a
1006 1668 1368 1723 fornicatione
1401 1669 1692 1734 desistens,
1729 1671 1915 1725 eleem<

2123 1666 2206 1730 ττὶ,
2237 1668 2583 1737 παυσάμενόν
2606 1684 2727 1720 τινα
2754 1668 3030 1737 πορνείας,
3056 1670 3227 1720 ποιεῖν
3249 1667 3644 1738 ἐλεημοσύνην,

395 1775 585 1831 synam
615 1759 810 1825 faciat;
843 1759 1009 1825 aliud,
1038 1761 1086 1814 si
1115 1761 1237 1829 quis
1259 1761 1317 1812 in
1348 1770 1571 1830 peccato
1608 1776 1916 1830 persevera:

2126 1757 2162 1810 ιὶ
2206 1758 2391 1828 ’ἐτερόν
2430 1760 2545 1810 ἐστι
2587 1759 2665 1828 τῷ
2713 1759 2988 1829 ἱσταμένῳ
3023 1761 3080 1811 ἐν
3121 1762 3188 1830 τῇ
3229 1760 3472 1830 ἁμαρτίᾳ
3501 1759 3647 1812 οὕτω

393 1851 446 1902 in
479 1866 745 1920 pauperes
771 1852 841 1905 sit
876 1850 1134 1905 liberalis.
1190 1850 1311 1904 Alia
1343 1852 1596 1907 similiter
1639 1867 1850 1909 merces
1878 1868 1914 1909 e:

2122 1845 2327 1915 ιρέχειν
2360 1849 2470 1908 τοῖς
2501 1845 2713 1916 πένησι.
2747 1847 2856 1898 Καὶ
2889 1847 3044 1910 ἄλλος
3073 1847 3232 1902 πάλιν
3256 1851 3284 1901 6
3330 1849 3521 1919 μισθὸς
3548 1848 3643 1902 τοῦ

359 1942 665 2009 ¹εδει-ἰοοιίε,
716 1942 810 2011 qui
882 1958 948 1997 ex
997 1942 1222 2012 pr0prio
1275 1943 1474 1999 sudore
1529 1944 1880 1999 misericordi:

2119 1937 2357 2002 ;ωπόν⁴ου,
2393 1937 2451 2001 ἐξ
2500 1938 2627 1992 ίδίου
2683 1939 2900 2010 ἱδρῶτος
2946 1941 3220 2004 ποιοῦντος
3276 1942 3640 2012 συμπάθειαν,

392 2045 644 2089 exerceat
671 2053 685 2101 ;
715 2036 820 2089 alia
844 2035 1130 2105 principis,
1163 2036 1267 2105 {qui
1305 2051 1372 2090 ex
1407 2036 1566 2090 donis
1598 2047 1650 2092 et
1684 2047 1909 2108 provenl

2122 2029 2156 2080 ιὶ
2185 2028 2369 2100 ἕτερος
2399 2033 2427 2083 6
2450 2030 2542 2082 τοῦ
2575 2030 2832 2102 ἄρχοντος
2864 2033 2955 2085 τοῦ
2996 2034 3102 2086 ἀπὸ
3136 2034 3321 2105 δώρων
3351 2037 3446 2088 καὶ
3474 2052 3643 2106 προσ-

391 2125 495 2179 bus
519 2126 918 2197 eleemosynam
959 2127 1213 2196 praebeat.
1263 2126 1490 2195 Insuper
1539 2127 1644 2180 alia
1692 2136 1776 2183 est
1819 2134 1912 2183 rati

2123 2137 2198 2173 ων
2223 2121 2573 2192 παρέχοντος.
2604 2122 2748 2193 Πρὸς
2783 2124 2992 2187 τούτοις
3017 2125 3173 2187 ἄλλος
3212 2128 3240 2178 ὁ
3272 2128 3335 2179 ἐκ
3362 2127 3457 2178 τοῦ
3488 2129 3644 2180 ὑστε-

392 2216 513 2284 ejus
542 2217 637 2286 qui
677 2233 743 2272 ex
793 2218 1013 2287 propria
1060 2217 1357 2288 indigentia
1389 2217 1656 2288 largitur;
1708 2217 1814 2272 alia
1841 2218 1913 2289 ejt

2117 2211 2306 2281 ᾗματος
2337 2210 2532 2275 διδοὺς,
2565 2212 2659 2265 καὶ
2687 2213 2843 2276 ἄλλος
2871 2217 2897 2266 6
2930 2215 2994 2266 ἐκ
3032 2213 3125 2266 τοῦ
3169 2215 3638 2286 περισσεύματος·

393 2307 485 2375 qui
511 2323 579 2362 ex
608 2307 978 2373 abundantia;
1020 2311 1126 2364 alia
1159 2310 1278 2380 ejus
1325 2309 1413 2363 cui
1458 2325 1546 2365 res
1587 2310 1777 2364 alienae
1805 2325 1914 2365 corr

2123 2303 2156 2354 ιὶ
2191 2302 2376 2374 ἔτερος
2407 2305 2435 2356 6
2468 2306 2886 2377 χειροχρήστης,
2918 2307 2946 2357 6
2989 2307 3055 2359 τὰ
3090 2306 3342 2377 ἀλλότρια
3390 2308 3644 2360 πιστευό-

391 2402 574 2456 missae
599 2410 745 2467 sunt,
777 2412 836 2457 ut
859 2419 951 2458 eas
981 2405 1315 2475 pauperibus
1345 2403 1658 2458 distribuat.
1690 2403 1801 2459 Nec
1827 2419 1912 2460 vc:

2122 2412 2225 2458 ινος
2259 2396 2351 2448 ἐπὶ
2387 2396 2448 2448 τὸ
2490 2397 2761 2450 διαδοῦναι
2806 2401 2917 2460 τοῖς
2964 2398 3209 2467 πένησιν.
3254 2399 3327 2450 Ού
3377 2399 3539 2469 μόνον
3583 2399 3643 2452 δὲ

391 2492 445 2546 id
471 2493 671 2556 solum,
705 2495 800 2549 sed
848 2497 1013 2550 etiam
1061 2497 1108 2549 is
1138 2498 1231 2566 qui
1272 2497 1326 2550 in
1372 2496 1549 2551 medio
1605 2497 1807 2551 saeculo
1838 2512 1912 2552 ve:

2121 2489 2237 2555 51:0,
2275 2490 2389 2544 ἀλλ’
2422 2491 2503 2544 ὅτι
2541 2493 2570 2544 6
2599 2491 2698 2562 μὲν
2725 2494 2781 2545 ἐν
2829 2492 2976 2562 μέσῳ
3019 2491 3111 2545 τοῦ
3144 2490 3346 2561 κόσμου
3377 2491 3642 2561 ὑπάρχων

393 2592 567 2649 satur,
600 2585 847 2654 nihilque
877 2585 1024 2640 aliud
1063 2585 1174 2640 Deo
1203 2581 1320 2655 pro'
1349 2587 1463 2640 suis
1493 2586 1733 2655 peccatis
1781 2592 1914 2656 pote:

2119 2581 2235 2652 ηδέν
2268 2581 2396 2635 ἄλλο
2430 2583 2724 2654 δυνάμενος
2763 2581 2882 2652 Θεῷ
2915 2583 3055 2652 ὑπὲρ
3101 2581 3209 2634 τῶν
3241 2581 3433 2634 ἐαυτοῦ
3475 2599 3640 2634 πται-

391 2675 604 2744 olTerre,
637 2678 978 2748 eleemosyna
1009 2684 1291 2747 purgatur.
1349 2680 1416 2732 At
1464 2679 1558 2747 qui
1597 2678 1912 2734 monastica:

2116 2677 2299 2746 μάτων
2345 2678 2731 2752 προσαγαγεῖν,
2784 2676 3104 2747 καθαίρεται
3145 2675 3212 2726 δι’
3249 2675 3637 2745 ἐλεημοσύνης.

388 2767 556 2823 vitam
587 2769 894 2840 proﬁtetur,
929 2777 1147 2825 tenetur
1168 2770 1545 2840 perfectiorem
1589 2769 1806 2824 vivendi
1845 2785 1909 2823 mc

2120 2772 2133 2820 ι
2165 2767 2221 2821 δὲ
2259 2769 2350 2821 τὸν
2382 2771 2587 2840 μονήρη
2618 2768 2730 2838 βίον
2763 2770 3152 2840 μετερχόμενος
3181 2769 3488 2821 ἀπαιτεῖται
3522 2785 3641 2838 μει-

391 2860 522 2914 dum
557 2861 714 2916 inire.
758 2860 1148 2918 Verumtamen
1199 2864 1246 2919 si
1280 2863 1626 2934 electiiosyna
1670 2862 1912 2919 Nabucht

2119 2861 2287 2932 ιτέραν
2330 2861 2451 2915 τινὰ
2491 2863 2764 2915 πολιτείαν
2815 2861 3172 2927 ἐνδείξασθαι.
3207 2863 3395 2932 Ὅμως
3445 2863 3495 2914 εἰ
3545 2860 3640 2913 τὸν

389 2953 740 3015 donosorem,
806 2953 918 3023 qui-
951 2953 1086 3009 adeo
1135 2954 1334 3025 impius
1365 2963 1502 3023 erat,
1543 2957 1717 3026 potuit
1757 2956 1910 3026 justil

2116 2951 2529 3024 αϐουχοδονόσορ
2559 2953 2649 3006 τὸν
2692 2953 2929 3006 τοιοῦτον
2963 2954 3134 3024 ἀσεόῆ
3162 2955 3379 3023 ἴσχυσεν
3403 2955 3439 3024 ἠ
3478 2953 3637 3023 ἐλεη-

390 3055 558 3096 care:
615 3041 861 3111 profecto
890 3058 1083 3113 magna
1110 3049 1164 3098 et
1205 3043 1527 3114 gravissima
1564 3053 1787 3115 peccata
1815 3045 1911 3102 del:

2119 3042 2276 3114 δσύνη
2314 3043 2618 3110 δικαιῶσαι,
2656 3045 2864 3116 μεγάλα
2904 3045 2978 3109 ὡς
3021 3045 3232 3116 ἀληθῶς
3268 3044 3363 3098 καὶ
3411 3043 3640 3100 δυσίατα

386 3131 752 3200 eleemosyna.
808 3131 1110 3187 Audiamus
1183 3133 1327 3187 enim
1382 3143 1631 3188 sanctum
1682 3135 1902 3190 Daniele

2118 3102 2437 3208 ιαρτηματα
2481 3137 2547 3190 δι’
2594 3102 2973 3208 ἐλεημοσύνης⁷
3008 3102 3397 3206 ἐξαλείερονται.
3448 3136 3639 3190 ’Δκού-

385 3221 454 3276 ad
504 3222 683 3291 ipsum
727 3222 1031 3278 dicentem:
1089 3223 1266 3288 «Rex,
1290 3225 1577 3279 consilium
1621 3241 1800 3281 meum
1828 3226 1906 3296 ipl:

2112 3245 2245 3299 υμεν
2276 3229 2384 3300 γὰρ
2418 3228 2511 3282 τοῦ
2551 3229 2707 3298 ἁγίου
2741 3229 2940 3300 Δανιὴλ
2966 3230 3100 3300 πρὸς
3142 3229 3302 3282 αὑτὸν
3345 3229 3593 3297 λέγοντος
3617 3247 3633 3260 ·

387 3322 509 3366 ceat
557 3313 694 3366 tibi:
729 3323 950 3382 peccata
995 3321 1086 3367 tua
1124 3314 1480 3385 eleemosynis
1506 3315 1733 3381 redime,
1779 3324 1835 3372 et
1863 3316 1908 3370 in

2118 3317 2370 3383 Βασιλεῦ,
2404 3321 2436 3390 ἡ
2472 3319 2632 3390 βουλή
2669 3337 2768 3390 μου
2806 3320 3056 3390 ἀρεσάτω
3087 3335 3198 3370 σοι’
3230 3317 3328 3380 τὰς
3359 3320 3635 3391 ἁμαρτίας

384 3402 621 3471 quitates
653 3411 772 3457 tuas
801 3403 1192 3458 misericordiis
1217 3420 1516 3474 pauperum
1539 3405 1638 3460 δ’.»
1670 3405 1736 3459 Et
1766 3422 1905 3463 rurs:

2109 3425 2154 3462 ιυ
2191 3413 2248 3463 ἐν
2279 3411 2669 3482 ἐλεημοσύναις
2699 3411 2988 3482 λύτρωσαι,
3021 3413 3114 3463 καὶ
3157 3412 3255 3474 τὰς
3287 3411 3498 3474 ἀδικίας
3539 3429 3630 3464 σου

385 3491 570 3546 divina
621 3491 934 3562 Scriptura:
973 3512 992 3546 ί
1027 3493 1381 3566 Eleemosyna
1423 3483 1706 3550 abscondit
1733 3511 1906 3566 pecca:

2109 3517 2115 3546 ι
2145 3502 2448 3573 οίκτιρμοῖς
2479 3505 2742 3574 πενήτων.
2786 3523 2805 3555 ι
2838 3505 2945 3556 Καὶ
2987 3503 3146 3556 πάλιν
3191 3505 3224 3572 ή
3260 3503 3379 3556 θεία
3406 3505 3630 3576 Γραφή’

308 3662 311 3664 _
384 3597 581 3652 magna
598 3582 697 3636 δ’.»
739 3582 803 3637 Ει
826 3584 1022 3638 iterum
1051 3603 1064 3639 :
1097 3605 1114 3636 ι
1133 3585 1236 3650 Qui
1264 3585 1512 3658 intelligit
1535 3603 1698 3657 super
1726 3603 1829 3657 ege:

2124 3591 2486 3664 Ἐλεημοσύνη
2537 3593 2765 3662 καλύψει
2820 3595 3092 3664 ἁμαρτίας
3143 3594 3402 3663 μεγάλας.
3450 3615 3467 3646 ι
3525 3597 3635 3650 Καὶ

385 3681 438 3725 et
489 3688 802 3742 pauperem,
857 3674 913 3728 in
964 3674 1053 3729 die
1101 3677 1244 3729 mala
1296 3676 1549 3732 liberabit
1603 3693 1728 3733 eum
1776 3677 1906 3733 Dom

2113 3679 2216 3734 ὶλιν
2237 3695 2249 3708 ⁸
2293 3701 2309 3733 ι
2341 3681 2397 3735 Ὀ
2431 3682 2624 3737 συνιὼν
2650 3684 2740 3736 ἐπὶ
2767 3683 2975 3751 πτωχὸν
3006 3684 3098 3734 καὶ
3121 3683 3346 3753 πένητα,
3371 3685 3427 3734 ἐν
3451 3685 3634 3756 ἡμέρᾳ

384 3765 574 3830 nus“,
601 3783 619 3817 ι
654 3765 707 3820 id
735 3773 818 3820 est
849 3766 938 3822 die
960 3767 1172 3837 judicii,
1203 3784 1324 3838 quae
1357 3783 1551 3839 nempe
1573 3770 1905 3838 peccatoribt

2111 3774 2270 3844 σνηρᾷ
2324 3772 2546 3844 ῥύσεται
2593 3774 2752 3828 αὑτὸν
2803 3777 2831 3827 6
2880 3774 3114 3844 Κύριος·
3152 3792 3170 3824 ι
3226 3775 3473 3827 τουτέστι
3531 3777 3632 3846 τῆς

385 3857 528 3909 :nala
580 3864 684 3924 est,
740 3857 982 3928 intelligo
1057 3859 1285 3925 scilicet,
1351 3860 1496 3914 diem
1559 3863 1750 3915 aeterni
1823 3875 1906 3930 su]

2110 3865 2290 3928 aleam;
2311 3866 2544 3937 (πονηρὰ
2559 3867 2666 3936 γὰρ
2689 3866 2921 3938 ὑπάρχει
2950 3869 3060 3929 τοῖς
3079 3864 3464 3936 ἁμαρτωλοῖς),
3489 3867 3631 3936 λέγω

385 3947 556 4016 plicii.

2053 3954 2116 4026 δὴ
2150 3956 2248 4026 τῆς
2276 3959 2492 4010 αἰωνίου
2523 3959 2814 4020 κολάσεως.

426 4039 658 4104 -ρυιεενικ
695 4040 980 4094 LXXXIX.
1028 4041 1260 4108 Quidam
1315 4044 1436 4097 ausi
1492 4051 1623 4097 sunt
1674 4042 1947 4113 perfectos

2138 4046 2326 4117 Ἐρώτ.
2366 4047 2472 4101 πθ’.
2516 4049 2848 4118 Ἐτόλμησάν
2876 4065 3020 4112 τινες
3055 4051 3357 4121 μακαρίσαι
3383 4053 3512 4115 τοὺς
3541 4068 3632 4104 τε-

382 4131 771 4186 misericordes
809 4132 1002 4187 beatos
1056 4135 1230 4205 magis
1281 4135 1602 4204 praedicare,
1657 4148 1821 4204 quam
1854 4149 1903 4189 et

1925 4151 1948 4190 s
2052 4138 2227 4201 λείους
2252 4139 2550 4210 ἐλεήμονας
2579 4140 2718 4210 ὑπὲρ
2750 4141 2876 4204 τοὺς
2910 4143 3194 4206 ποιοῦντας
3226 4146 3446 4214 σημεῖα.

383 4223 479 4292 qui
515 4222 682 4277 edunt
717 4223 1002 4277 miracula.

443 4313 607 4370 Resp.
634 4314 752 4368 Non
783 4331 812 4368 a
843 4317 1040 4385 seipsis
1079 4317 1240 4370 talem
1274 4319 1548 4386 protulere
1593 4321 1945 4385 sententiam,

2136 4315 2322 4368 Ἀπόκ.
2355 4315 2467 4368 Ούκ
2495 4315 2588 4382 ἀφ’
2623 4315 2832 4368 ἐαυτῶν
2862 4315 2959 4386 τὴν
2987 4317 3240 4386 τοιαύτην
3265 4317 3445 4385 ψῆφον
3479 4318 3630 4388 εἰρή-

380 4405 476 4458 sed
521 4405 768 4474 profecto
811 4406 1097 4459 audierunt
1153 4406 1440 4461 Dominum
1483 4408 1786 4464 dicentem:
1842 4409 1901 4462 cl

2106 4421 2230 4469 ισιν,
2270 4403 2404 4458 ἀλλά
2433 4405 2648 4468 πάντως
2671 4405 2764 4457 τοῦ
2800 4406 3052 4477 Σωτῆρος
3089 4407 3329 4468 εἰπόντος
3354 4405 3627 4458 ἀκούσαν-

379 4492 486 4547 hoc
513 4506 842 4562 cognoscent
891 4509 1079 4548 omnes
1115 4497 1259 4564 quod
1301 4496 1555 4567 discipuli
1605 4500 1709 4553 mei
1755 4501 1900 4564 estis,

2109 4513 2164 4560 ις,
2213 4497 2295 4549 ὅτι
2349 4513 2368 4547 ‹
2417 4497 2504 4549 Ἐν
2547 4496 2717 4566 τούτῳ
2760 4496 3055 4564 γνώσονται
3108 4499 3325 4561 πάντες,
3369 4499 3452 4550 ὅτι
3504 4500 3630 4566 ἐμοὶ

378 4599 492 4638 non
519 4585 567 4638 si
596 4586 748 4654 signa
769 4585 1067 4650 edideritis,
1098 4589 1190 4642 sed
1227 4588 1311 4642 «si
1338 4590 1573 4660 diligatis
1602 4590 1899 4646 invicem".

2107 4588 2293 4658 ιθηταί
2332 4590 2476 4651 ἐστε,
2511 4608 2530 4638 ι
2564 4590 2660 4659 οὑχ
2701 4589 2788 4642 ἵνα
2825 4592 3024 4660 σημεῖα
3073 4591 3297 4654 ποιεῖτε,
3339 4590 3453 4642 ἀλλ’
3484 4610 3502 4640 ι
3540 4592 3628 4644 ἴνα

378 4676 608 4731 Constat
652 4685 831 4730 autem
869 4678 1084 4746 signum
1127 4695 1269 4734 verae
1315 4682 1596 4737 eliaritatis
1634 4699 1756 4744 esse
1810 4685 1899 4739 elei

2110 4679 2298 4730 ναπᾶτε
2331 4679 2608 4749 ἀλλήλους.
2649 4701 2665 4731 ι
2715 4681 2951 4751 Εὔδηλον
2987 4681 3043 4734 δὲ
3100 4683 3180 4734 ὅτι
3230 4681 3290 4734 τὸ
3335 4681 3631 4752 γνώρισμα

379 4781 686 4835 mosynam.
748 4765 1027 4835 Siquidem
1069 4768 1321 4823 Christus
1345 4771 1513 4838 justis
1543 4788 1573 4825 a
1598 4772 1803 4831 dextris
1830 4790 1900 4830 co

2109 4789 2149 4840 ις
2187 4771 2421 4841 ἀληθοῦς
2461 4774 2682 4843 ἀγάπης
2721 4776 2753 4844 ή
2803 4773 3137 4845 ἐλεημοσύνη
3177 4773 3312 4826 ἐστί.
3359 4774 3473 4826 Καὶ
3517 4775 3630 4845 γὰρ

378 4857 574 4911 locatis
603 4872 713 4911 non
739 4858 834 4922 ait,
868 4876 886 4908 ‹
919 4856 1124 4922 Venite,
1167 4859 1437 4914 benedicti
1469 4861 1646 4918 Patris
1670 4865 1899 4934 mei,po:

2105 4863 2258 4931 τήσας
2287 4864 2351 4914 ἐκ
2373 4860 2560 4925 δεξιῶν
2584 4864 2612 4913 ὁ
2641 4861 2873 4934 Χριστὸς
2893 4863 3018 4924 τοὺς
3045 4862 3306 4924 δικαίους,
3334 4861 3434 4913 οὐκ
3462 4857 3585 4914 εἶπε
3610 4879 3626 4893 ·

381 4947 553 5002 sidete
582 4956 829 5015 paratum
855 4949 1008 5002 vobis
1036 4965 1314 5018 regnum,»
1351 4951 1476 5019 quia
1502 4953 1660 5022 signa
1685 4963 1740 5008 et
1762 4955 1895 5023 prod

2119 4952 2302 5018 Δεῦτε,
2349 4955 2398 5004 οἱ
2442 4953 2792 5024 εὐλογημένοι
2823 4953 2917 5006 τοῦ
2965 4953 3178 5023 Πατρός
3216 4971 3338 5023 μου,
3367 4952 3631 5025 κληρονο-

379 5039 467 5106 gia
495 5036 723 5102 fecistis,
747 5038 829 5092 vel
850 5039 996 5106 quod
1029 5039 1233 5108 aliquid
1264 5041 1410 5094 aliud
1438 5043 1639 5096 bonum
1671 5042 1900 5099 feceritis

2112 5046 2263 5115 ᾖσατε
2295 5046 2394 5115 τὴν
2421 5046 2828 5116 ἡτοιμασμένην
2873 5047 3003 5116 ὑμῖν
3037 5045 3332 5123 βασιλείαν,
3366 5064 3385 5097 ι
3414 5046 3499 5098 ὅτι
3531 5063 3633 5117 ση-

380 5131 476 5185 sed
504 5130 670 5200 «lquia
693 5131 916 5194 esurivi,
957 5141 1010 5185 et
1048 5131 1278 5187 dedistis
1306 5133 1437 5186 mihi
1482 5136 1817 5190 manducare
1838 5137 1901 5203 “,

2110 5139 2180 5188 εῖα
2234 5136 2329 5188 καὶ
2380 5136 2585 5208 τέρατα
2640 5139 2953 5207 ἐποιήσατε,
3001 5138 3121 5190 οὑδὲ
3150 5137 3276 5191 ἄλλο
3321 5154 3377 5189 τι
3425 5138 3631 5206 ἀγαθὸν

379 5228 484 5274 etc.
546 5219 807 5275 Similiter
846 5236 972 5276 cum
1023 5221 1166 5287 illos,
1194 5224 1286 5291 qui
1345 5230 1490 5278 stant
1522 5240 1552 5279 a
1597 5225 1900 5294 sinistris,i

2108 5231 2335 5300 ποιήσατε
2359 5245 2374 5260 ’
2399 5229 2511 5282 ἀλλ’
2543 5231 2624 5282 ὅτι
2652 5248 2670 5281 ι
2700 5231 2980 5296 ἐπείνασα,
3015 5231 3108 5283 καὶ
3135 5229 3369 5283 ἐδώκατέ
3401 5248 3493 5300 μοι
3520 5248 3629 5299 φα-

381 5312 633 5369 teuebras
665 5321 897 5368 aeternas
938 5313 1122 5379 mittit,
1175 5314 1683 5372 immisericordiam
1730 5326 1785 5372 et
1823 5318 1902 5372 ani

2108 5322 2185 5386 ῖν,
2228 5339 2246 5372 ›
2285 5321 2379 5373 καὶ
2401 5319 2468 5373 τὰ
2499 5320 2644 5392 ἐξῆς.
2682 5322 2952 5386 Ὡσαύτως
2975 5322 3030 5375 δέ
3056 5322 3150 5376 καὶ
3173 5323 3298 5385 τοὺς
3334 5321 3395 5386 ἐξ
3421 5322 3629 5376 εὐωνύ-

446 5471 488 5500 δι
529 5467 661 5524 Luc.
693 5485 781 5522 xv:
806 5511 820 5535 ,
861 5471 913 5524 9.
1010 5473 1054 5503 "
1093 5471 1226 5525 Dan.
1271 5486 1346 5536 :v,
1381 5471 1494 5542 ΞΜ
1563 5473 1609 5505 ⁸³
1647 5471 1817 5530 Eccli.
1859 5490 1898 5529 ιι

377 5549 502 5602 lxv,
539 5540 639 5603 54,
674 5539 760 5593 '55.

2181 5475 2226 5509 “
2263 5474 2411 5533 Psal.
2447 5492 2550 5545 XL,
2584 5477 2640 5534 2.
2717 5479 2762 5512 ⁴⁸
2799 5477 2959 5535 Joan.
2999 5495 3132 5546 xm,
3173 5478 3262 5535 55.
3342 5478 3388 5510 “
3428 5477 3625 5534 Matth.

443 5691 558 5761 αθ)
604 5693 842 5760 Ἡδονὰς,
873 5693 1092 5766 Rege.
1129 5695 1291 5766 Editi,
1328 5696 1482 5759 ἰδίας.
