3852 6192
142 161 265 216 653

1113 166 1580 234 eums'rtones
1615 169 1709 223 AD
1745 168 2157 227 ANTIOCHUM
2197 160 2468 229 nucum.“

3314 179 3429 237 654

147 299 284 352 μων
318 281 620 352 ἐκπέμπων
640 283 721 346 εἰς
743 282 805 336 τὸ
828 282 1017 346 σκότος
1044 285 1105 336 τὸ
1132 285 1370 353 αἰώνιον,
1405 287 1505 357 τὴν
1535 286 1728 359 ἀνελεη

1853 289 1929 342 mi
1956 288 2214 344 duritiem
2263 290 2572 359 exprobrat.
2620 288 2756 343 Nam
2804 290 2960 360 signa
3005 289 3184 358 edere,
3247 293 3418 348 solius

150 372 412 444 μοσύνην
439 375 535 428 καὶ
554 372 653 446 τὴν
683 374 1057 445 ἀσπλαγχνίαν
1084 376 1263 430 αὐτῶν
1290 378 1597 431 ἐνεκάλεσε.
1632 380 1744 432 Καὶ

145 461 271 533 γὰρ
307 462 369 516 τὸ
398 462 618 533 ποιῆσαι
648 466 861 534 σημεῖα
891 464 993 533 τῆς
1014 463 1109 517 τοῦ
1135 464 1271 517 Θεοῦ
1302 466 1396 519 καὶ
1430 466 1597 537 μόνης
1627 469 1744 520 ἐστὶ

146 554 449 624 δυνάμεως
467 571 482 586 ο
500 554 561 607 τὸ
579 554 637 607 δὲ
657 544 878 625 ἀγάπην
901 555 996 609 καὶ
1021 556 1361 627 συμπάθειαν
1391 558 1470 621 εἰς
1493 558 1582 610 τὸν
1608 558 1747 630 πλη-

154 647 282 701 σίον
316 647 673 714 ἐνδείξασθαι,
714 647 979 718 πρόδηλον
1029 648 1109 702 ὅτι
1151 650 1244 702 καὶ
1285 650 1384 719 τῆς
1413 649 1505 702 τοῦ
1538 649 1745 721 ἀνθρώ-

150 757 265 793 που
299 740 421 793 ἐστὶ
450 738 839 810 προαιρέσεως.
875 740 1140 793 ’Ἄκουσον
1179 740 1235 792 δὲ
1269 740 1364 793 καὶ
1397 740 1743 812 τρανωτέρας

149 831 294 903 περὶ
315 831 428 883 τῶν
452 831 520 883 τὰ
548 834 749 901 σημεῖα
781 831 1073 885 ποιούντων
1094 831 1187 885 καὶ
1219 831 1585 902 ἐλεημοσύνας
1612 851 1748 905 μαρ-

144 923 357 994 τυρίας
399 923 492 977 καὶ
516 923 722 994 ψήφου·
758 943 778 975 1
819 925 965 988 Ἐὰν,
1002 944 1021 975 ι
1061 925 1223 994 φησὶν
1254 927 1282 977 ὁ
1309 924 1538 989 Παῦλος,
1574 944 1593 977 1
1624 929 1744 990 ταῖς

147 1012 437 1082 γλώσσαις
461 1012 569 1065 τῶν
590 1012 893 1084 ἀνθρώπων
919 1013 1064 1067 λαλῶ
1092 1016 1186 1068 καὶ
1213 1015 1320 1068 τῶν
1346 1015 1615 1083 ἀγγέλων,
1646 1020 1739 1072 καὶ

146 1105 254 1159 ἐὰν
300 1105 413 1176 ἔχω
446 1107 626 1159 πᾶσαν
656 1106 754 1177 τὴν
794 1106 998 1170 πίστιν,
1030 1105 1171 1160 ὥστε
1215 1107 1315 1178 δρη
1361 1106 1700 1178 μεθιστάνειν
1723 1128 1735 1138 ’

148 1195 259 1248 κᾶν
290 1194 523 1266 παραδῶ
553 1195 612 1247 τὸ
642 1194 800 1266 σῶμά
826 1212 948 1266 μου,
984 1197 1070 1250 ἵνα
1102 1195 1484 1267 καυθήσωμαι,
1518 1199 1738 1268 ἀγάπην

145 1287 207 1341 δὲ
242 1287 327 1358 μὴ
367 1286 497 1358 ἔχω,
531 1286 681 1341 οὐδὲν
727 1286 1063 1359 ὠφελοῦμαι.
1104 1308 1125 1342 ι
1174 1289 1284 1343 Καὶ
1328 1288 1491 1343 πάλιν
1535 1290 1739 1362 Κύριός

1849 379 2048 435 divinae
2071 389 2156 436 est
2186 383 2507 452 potestatis;
2543 390 2602 436 at
2651 383 2973 439 charitatem
3017 392 3073 438 et
3124 386 3419 442 commise-

1850 474 2114 528 rationem
2144 488 2273 543 erga
2296 474 2607 543 proximum
2632 473 2910 541 exhibere,
2940 474 3188 544 profecto
3224 475 3420 531 buma-

1850 577 1933 617 nae
1961 572 2045 618 est
2071 565 2391 621 voluntatis.
2448 565 2590 620 Audi
2616 581 2781 637 porro
2810 566 3144 623 luculentius
3179 569 3419 623 testimo-

1851 653 2003 708 nium
2032 655 2099 710 de
2123 656 2192 713 iis
2223 658 2318 727 qui
2346 659 2612 712 miracula
2661 665 2717 713 et
2756 659 3128 729 eleemosynas
3170 659 3414 716 faciunt:

1855 766 1874 798 1
1900 745 1978 812 Si,
2011 766 2030 799 ι
2071 748 2249 818 inquit
2275 748 2501 817 Paulus,
2540 771 2557 802 1
2580 750 2779 821 linguis
2806 751 3089 807 hominum
3129 752 3322 822 loquar
3360 759 3419 807 et

1850 840 2204 910 angelorum:
2262 850 2317 897 et
2366 843 2414 898 si
2465 843 2705 897 nabuero
2749 856 2963 897 omnem
3016 842 3197 904 ﬁdem,
3252 845 3325 897 ita
3356 852 3417 896 ut

1850 940 2065 988 montes
2091 933 2451 990 transferam:
2498 942 2554 989 et
2588 936 2633 991 si
2675 933 2953 989 tradidero
2994 949 3197 1004 corpus
3235 950 3417 990 meum

1846 1021 1924 1074 ita
1949 1032 2009 1077 ut
2030 1023 2272 1087 ardeam,
2294 1023 2622 1081 .charitatem
2652 1035 2831 1079 autem
2857 1040 2966 1079 non
2982 1026 3243 1090 habuero,
3277 1025 3418 1079 nihil

1846 1111 1980 1166 mihi
1998 1112 2223 1183 prodest
2239 1112 2336 1167 ⁸⁷.»
2367 1112 2630 1169 Dominus
2646 1113 2805 1183 237
2827 1116 2955 1169 item
2991 1116 3097 1169 ait:
3126 1133 3145 1166 1
3169 1114 3419 1179 Estote,».

1845 1219 1954 1258 non
1987 1204 2141 1275 signa
2190 1204 2478 1267 facientes,
2524 1206 2620 1262 sed
2656 1203 3130 1271 1misericordes,»
3180 1216 3235 1263 et
3263 1207 3416 1276 boni,

1851 1314 1869 1346 1
1891 1297 2036 1350 sicut
2062 1296 2227 1352 Pater
2249 1304 2449 1364 vester,
2484 1298 2577 1367 qui
2602 1300 2659 1352 in
2683 1298 2836 1354 cmlis
2856 1299 3018 1353 est”.
3034 1317 3053 1349 ι

148 1398 320 1452 φησι·
368 1400 389 1434 1
429 1381 645 1437 Γίνεσθε
676 1402 696 1434 ι
736 1382 858 1453 οὐχὶ
899 1384 1271 1454 σημειοφόροι,
1308 1383 1423 1438 ἀλλ’
1462 1402 1481 1435 ι
1508 1386 1873 1460 οἰκτίρμονες,
1909 1408 1927 1442 ι
1965 1391 2060 1446 καὶ
2086 1391 2300 1461 ἀγαθοὶ,
2341 1412 2361 1444 1
2405 1392 2481 1455 ώς
2508 1394 2537 1445 ὁ
2565 1391 2755 1463 Πατὴρ
2791 1390 2945 1463 ὑμῶν
2992 1393 3021 1443 ὁ
3079 1393 3136 1444 ὲν
3165 1395 3277 1455 τοῖς
3321 1390 3414 1444 οὐ-

150 1479 365 1549 ρανοῖς.
402 1497 421 1530 ι

233 1570 436 1641 Ἐρώτ.
480 1575 549 1638 ιιι.
603 1571 775 1625 Πόσον
828 1573 993 1645 μέρος
1042 1573 1154 1627 τῶν
1197 1577 1396 1629 ἑαυτοῦ
1442 1577 1728 1648 χρημάτωι

1911 1578 2129 1645 Qums-r.
2196 1577 2308 1635 XC.
2367 1578 2597 1645 Quotam
2659 1589 2864 1650 partem
2921 1578 3190 1633 bonorum
3255 1578 3415 1649 jubet

148 1661 472 1716 ἀπαιτεῖται
501 1663 607 1726 πᾶς
646 1662 930 1736 ἄνθρωπος
962 1666 1115 1738 παρά
1145 1666 1281 1721 Θεοῦ
1318 1667 1506 1723 δοῦναι
1540 1670 1619 1732 εἰς
1643 1670 1737 1722 εύ-

150 1751 342 1804 ποιίαν
358 1769 376 1817 ;

235 1843 437 1897 ’Δπόκ.
472 1847 546 1899 Οὐ
584 1850 778 1901 σκοπεῖ
809 1849 840 1900 ὀ
869 1847 1001 1912 Θεὸς
1037 1850 1107 1902 τά
1150 1850 1439 1921 διδόμενα,
1492 1852 1627 1906 ἀλλά
1666 1852 1737 1906 τά

151 1936 498 2007 ἀποκείμενα
534 1939 641 1993 τῶν
673 1939 973 2012 ἀνθρώπων
1006 1941 1139 2013 (50).
1192 1943 1457 2013 Λέγοντος
1508 1940 1601 1999 οὖν
1635 1944 1733 2000 τοῦ

164 2028 524 2095 ’Δποστόλου,
558 2031 639 2083 ὅτι
668 2031 742 2083 Τὸ
770 2032 922 2103 ὑμῶν
955 2033 1296 2104 περίσσευμα
1324 2035 1533 2106 δοθήτω
1565 2039 1645 2100 εἰς
1674 2037 1736 2090 τὸ

151 2120 262 2175 τῶν
310 2122 547 2194 πτωχῶν
615 2124 933 2196 ὑστέρημα’
982 2125 1205 2196 εὔδηλον
1255 2127 1336 2180 ὅτι
1394 2129 1495 2182 ὅσα
1549 2129 1735 2183 ἐνθάδε

152 2211 522 2283 ἀποθήσωμεν
567 2215 709 2286 ὑπὲρ
743 2216 843 2285 τὴν
875 2217 1153 2288 ἡμετέραν
1184 2215 1389 2288 βρῶσιν
1428 2221 1523 2273 καί⁸
1555 2222 1733 2286 πόσιν,

152 2305 246 2358 καὶ
287 2304 529 2370 ἔνδυσιν,
559 2310 740 2377 κρῖμα
772 2308 911 2379 ὑπὲρ
944 2308 1126 2363 αὐτῶν
1172 2310 1401 2382 δύσομεν
1447 2313 1505 2365 ὲν
1553 2313 1761 2386 ἡμέρᾳ

155 2395 427 2466 κρίσεως,
468 2398 709 2452 τοιοῦτον
746 2400 943 2469 κρῖμα,
1000 2396 1112 2454 οἷον
1143 2403 1192 2455 οἰ
1237 2402 1550 2474 ἀνδροφόνοι
1596 2421 1738 2476 παρ-

155 2489 360 2560 έχουσι·
379 2491 515 2544 διότι
545 2492 728 2546 ὲνθάδε
754 2492 979 2557 πολλοὺς
1004 2494 1069 2547 ὲκ
1094 2494 1321 2549 θανάτου
1351 2496 1437 2549 διὰ
1458 2496 1565 2550 τῶν
1601 2500 1738 2569 ἡμε-

155 2582 327 2652 τέρων
364 2574 665 2655 χρημάτων
705 2583 988 2655 δυνάμενοι
1037 2583 1232 2652 σώσας,
1278 2587 1382 2641 οὐκ
1427 2586 1732 2659 ὲσώσαμεν,

156 2672 289 2728 ἀλλά
321 2674 675 2746 παρείδομεν.

234 2764 432 2837 Ἐρὼτ.
477 2770 585 2833 ἰιακ
634 2768 698 2820 Αἰ
746 2768 828 2830 εἰς
892 2770 1139 2838 πτωχοὺς
1192 2769 1734 2842 καταλνμπανόμεναι

156 2855 256 2909 ὑπὸ
278 2857 392 2911 τῶν
415 2856 858 2927 τελευτησάντων
889 2857 1250 2929 ἐλεημοσύναι
1278 2859 1331 2913 τί
1358 2859 1635 2928 λέγονταις

1839 1669 1984 1727 Deus
2012 1671 2290 1727 hominem
2319 1672 2375 1725 in
2397 1670 2807 1726 beneﬁcentiam
2834 1669 3145 1725 insumere?

1905 1851 2070 1909 RESP.
2097 1850 2217 1907 Non
2259 1861 2469 1924 spectat
2504 1852 2643 1907 Deus
2687 1866 2807 1921 qua:
2851 1851 3085 1914 dantur,
3144 1850 3241 1906 sed
3285 1864 3412 1921 qua:

1833 1945 2081 2000 homines
2110 1945 2309 1999 habent
2354 1944 2652 1999 recondita.
2682 1942 2817 1997 Cum
2856 1943 3040 2013 itaque
3064 1943 3141 1997 ait
3166 1942 3409 2014 Aposto-

1834 2037 1943 2101 lus;
1980 2037 2175 2093 Vestra
2211 2036 2540 2090 abundantia
2574 2035 2733 2090 detur
2781 2034 2848 2090 ad
2878 2034 3239 2105 supplendum
3291 2034 3411 2088 ino-

1835 2129 1979 2198 piam
2011 2140 2309 2197 pauperum
2333 2125 2417 2192 δ’,
2457 2124 2805 2195 perspicuum
2836 2132 2919 2180 est
2950 2140 3088 2189 nos,
3141 2123 3412 2194 quidquid

1833 2220 2293 2277 reservaverimus
2328 2217 2472 2273 ultra
2519 2216 2758 2280 victum,
2794 2228 2980 2285 potum
3022 2224 3077 2270 et
3117 2215 3408 2279 vestitum,

1829 2312 2098 2383 judicium
2129 2311 2214 2366 his
2235 2310 2302 2366 de
2330 2309 2494 2365 rebus
2523 2309 2581 2363 in
2611 2308 2699 2364 die
2728 2308 2922 2379 judicii
2949 2307 3249 2370 subituros,
3281 2305 3408 2368 tale,

1834 2405 1995 2475 quale
2021 2401 2307 2457 homicida:
2338 2412 2467 2458 sunt
2511 2400 2783 2468 subituri;
2814 2399 3014 2469 quippe
3044 2397 3140 2468 qui
3164 2411 3291 2452 eum
3320 2396 3411 2450 hic

1835 2497 2037 2550 multos
2057 2511 2120 2550 ex
2162 2502 2337 2549 morte
2365 2493 2569 2549 nostris
2598 2492 2758 2548 bonis
2795 2491 3130 2562 potuerimus
3162 2504 3409 2554 servare,

1834 2604 1946 2644 non
1974 2598 2157 2644 tamen
2181 2586 2599 2651 servaverimus,
2632 2585 2727 2641 sed
2760 2585 3190 2656 despexerimus.

1903 2761 2127 2830 Quss'r.
2155 2760 2291 2817 XCI.
2322 2761 2462 2827 Quid
2488 2760 2781 2821 dicendum
2811 2768 2897 2817 est
2946 2761 3016 2816 de
3041 2762 3408 2834 eleemosynis

1834 2870 1973 2926 quas
2002 2853 2248 2910 defuncti
2276 2853 2608 2924 pauperibus
2644 2853 2990 2924 relinquunt?

229 2947 425 3001 ’Δπόια
460 2945 670 3020 Νεκραί
703 2947 905 3005 θυσίαι.
953 2950 1142 3020 Ὅμως
1168 2950 1263 3005 ἐὰν
1289 2952 1383 3005 καὶ
1410 2953 1468 3004 ὲν
1496 2954 1562 3023 τῇ
1608 2952 1718 3023 ζωῇ

1896 2946 2061 3002 lisse.
2093 2944 2303 3001 Mortua
2328 2945 2760 3003 suntsacriﬁcia.
2792 2945 3046 3002 Attamen
3080 2946 3128 3003 si
3161 2947 3252 3003 ille
3278 2948 3409 3003 dum

154 3039 317 3095 αὑτοῦ
347 3041 597 3113 ἐλεήμων
619 3037 686 3112 ἦν
713 3043 743 3095 ὁ
761 3040 1021 3107 τοιοῦτος,
1048 3040 1233 3097 δεκταί
1263 3043 1372 3114 (51)
1402 3045 1506 3097 είσι
1539 3062 1611 3098 κα
1665 3045 1724 3099 ἐν

155 3131 228 3205 τῷ
246 3133 477 3207 θανάτῳ
508 3132 674 3187 αὐτοῦ
701 3134 939 3189 εὐποιίαι
972 3134 1119 3206 παρά
1141 3134 1220 3207 τῷ
1249 3126 1387 3207 Θεῷ.

217 3200 578 3298 ἃρώτίιιβκ
615 3225 740 3279 Ἐάν
772 3243 876 3290 τις,
905 3226 965 3279 ὲν
989 3200 1286 3298 ἁμαρτίαις
1314 3200 1727 3298 καταγηράσας,

161 3317 291 3387 μήτε
318 3315 616 3386 νηστεῦσαι
643 3315 884 3379 δύναται,
923 3317 1062 3387 μήτε
1099 3316 1462 3387 χαμευνῆσαι,
1498 3316 1536 3398 ἦ
1561 3317 1731 3386 ἀγρυ-

158 3409 378 3477 πνῆσαι,
407 3407 443 3477 ἢ
470 3405 639 3476 ἀλλην
663 3406 783 3461 τινὰ
814 3406 1045 3479 ἄσκησιν
1075 3407 1317 3478 ποιῆσαι,
1349 3408 1486 3478 μήτε
1516 3406 1730 3479 χρημά-

156 3511 256 3550 των
306 3496 535 3567 εὐπορεῖ
568 3495 706 3566 πρὸς
748 3496 1003 3561 διάδοσιν,
1048 3498 1187 3568 μήτε
1228 3495 1323 3550 τοῦ
1379 3496 1497 3566 βίου
1554 3498 1728 3569 ἰσχύει

159 3587 561 3652 ἀποτάξασθαι,
607 3589 748 3660 ποίῳ
798 3589 909 3660 ἀρα
957 3590 1142 3661 τρόπῳ
1190 3587 1372 3643 λοιπὸν
1411 3591 1441 3643 ὁ
1488 3589 1728 3654 τοιοῦτος

162 3676 396 3748 σωθῆναι
433 3678 721 3749 δυνήσεται
741 3695 756 3744 ;

236 3768 428 3821 Ἀπόκ.
455 3767 566 3838 Οἴῳ
594 3768 778 3837 τρόπῳ
806 3766 984 3838 ὲσώθη
1012 3769 1041 3821 ὁ
1063 3765 1322 3839 τελώνης,
1355 3768 1496 3823 κατὰ
1523 3769 1615 3823 τὸν
1652 3770 1730 3822 εἰ·-

163 3858 325 3913 πῦντα
368 3860 656 3930 προφήτην
702 3858 809 3929 (52)
834 3875 847 3888 ·
896 3876 915 3909 1
978 3858 1391 3931 Ἐταπεινώθην,
1430 3861 1524 3913 καὶ
1557 3859 1727 3915 ἔσωσὲ

166 3966 223 4019 με
251 3952 280 4004 ὁ
313 3950 539 4019 Κύριος.
574 3968 595 4002 ι
632 3950 841 4019 Ὠσπερ
870 3947 979 4019 γὰρ
1004 3950 1037 4017 ή
1070 3948 1404 4019 ἀναίμακτος
1430 3950 1610 4015 θυσία,
1636 3952 1730 4004 καὶ

163 4043 195 4111 ὴ
238 4042 575 4116 ἐλεημοσύνη
628 4043 709 4106 εἰς
754 4043 945 4111 ἄφεσιν
987 4043 1270 4113 ἁμαρτιῶν
1302 4044 1459 4114 ήμῶν
1492 4045 1729 4116 προσφέ-

168 4149 339 4203 ρονται
385 4134 463 4204 τῷ
517 4132 655 4203 Θεῷ·
712 4132 853 4186 οὕτω
893 4134 987 4186 καὶ
1035 4135 1068 4204 ή
1116 4133 1582 4205 ταπεινοφροσύνης]
1630 4134 1730 4204 τῆς

163 4228 397 4297 καρδίας.
429 4247 447 4277 1
481 4226 653 4279 Θυσία
671 4224 799 4295 γάρ,
830 4245 846 4278 ι
882 4228 1035 4296 φησὶ,
1063 4245 1080 4275 1
1110 4224 1187 4295 τῷ
1216 4225 1332 4296 Θεῴ
1357 4226 1573 4296 πνεῦμα
1605 4243 1729 4279 συν-

162 4320 514 4390 τετριμμένον
536 4336 550 4348 ·
588 4318 813 4391 καρδίαν
857 4317 1319 4389 συντετριμμένην
1352 4322 1444 4371 καὶ
1477 4337 1727 4372 τεταπει-
1759 4302 1801 4356 Ῑ)

163 4410 400 4479 νεωμένην
448 4411 478 4463 ὁ
523 4409 655 4473 Θεὸς
692 4411 792 4463 οὐκ
851 4410 1212 4477 ὲξουδενώσει.
1279 4431 1298 4463 ι
1354 4410 1465 4465 Καὶ
1528 4410 1720 4464 πάλινο

170 4516 188 4549 1
228 4502 424 4570 Ἐγγὺς
456 4501 661 4572 Κύριος
713 4504 825 4564 τοῖς
866 4503 1341 4574 συντετριμμένοις
1388 4505 1455 4573 τῇ
1504 4503 1722 4574 καρδίᾳ,

169 4593 395 4657 καὶτοὺς
425 4594 712 4656 ταπεινοὺς
735 4592 813 4664 τῷ
842 4594 1111 4664 πνεύματι
1141 4593 1323 4647 σώσει.
1360 4612 1381 4646 ι
1406 4595 1517 4646 Καὶ
1542 4593 1722 4659 πάλιν,

170 4681 343 4755 ὥσπερ
372 4681 764 4755 μακαρίζονται
788 4684 838 4736 οἱ
862 4683 1167 4755 ἐλεήμονες,
1201 4684 1295 4737 καὶ
1316 4685 1365 4736 οἱ
1396 4683 1627 4754 καθαροὶ
1658 4686 1725 4754 τῇ

169 4776 378 4846 καρδίαο
426 4776 566 4829 οὕτω
599 4775 990 4848 μακαρίζονται
1018 4774 1126 4846 πρὸ
1167 4775 1382 4828 πάντων
1421 4776 1470 4827 οἱ
1520 4773 1726 4844 πτωχοί

170 4869 236 4939 τῷ
264 4870 560 4940 πνεύματι,
591 4890 609 4921 1
653 4871 736 4923 ὅτι
789 4867 968 4923 αὐτῶν
1030 4871 1178 4922 ἐστιν
1237 4871 1271 4939 ἡ
1339 4868 1584 4938 βασιλεία
1617 4866 1725 4921 τῶν

167 4962 417 5034 οὐρανῶν,
441 4982 459 5012 ι
478 4961 693 5032 Ταύτην
719 4957 811 5015 οὖν
837 4961 936 5031 τὴν
959 4961 1079 5014 ὁδὸν
1101 4960 1201 5031 τῆς
1235 4959 1505 5031 σωτηρίας
1534 4959 1721 5030 πένης,

172 5054 254 5105 καὶ
296 5052 549 5122 ἀσθενὴς,
602 5051 700 5105 καὶ
743 5049 940 5122 γέρων,
986 5051 1079 5104 καὶ
1115 5048 1328 5123 ίδιώτης
1374 5048 1589 5103 ὁδεῦσαι
1631 5050 1726 5102 καὶ

172 5143 501 5216 κατορθῶσαι
523 5140 768 5196 δύναται.
819 5165 859 5243 J
950 5206 966 5223 ο

1831 3040 2056 3107 viveret,
2089 3040 2449 3111 eleemosynae
2485 3040 2703 3096 deditus
2730 3048 2873 3107 erat,
2898 3040 3015 3096 haec
3056 3041 3178 3111 ejus
3210 3041 3410 3098 libera-

1830 3130 1957 3185 litas
1979 3130 2035 3184 in
2062 3137 2240 3184 morte
2266 3136 2489 3200 accepta
2529 3128 2640 3184 Deo
2667 3134 2772 3184 est.

1900 3219 2123 3287 QUES'I.
2154 3217 2314 3274 XCII.
2347 3216 2406 3273 Si
2435 3221 2559 3289 quis
2587 3218 2642 3273 in
2676 3217 2915 3291 peccatis
2941 3220 3264 3286 consenuit,
3305 3234 3410 3276 nec

1831 3320 2013 3384 potest
2055 3312 2325 3383 jejunare,
2356 3326 2456 3365 nec
2484 3302 2636 3364 humi
2663 3310 2884 3376 cubare,
2913 3319 3007 3364 aut
3048 3311 3296 3382 vigilare,
3322 3312 3410 3366 vel

1831 3407 2068 3476 aliquem
2100 3405 2415 3474 hujusmodi
2446 3404 2685 3459 laborem
2712 3419 2985 3470 exercere,
3013 3420 3116 3459 nec
3154 3407 3408 3474 pecuniis

1830 3513 1968 3569 quas
1996 3498 2297 3567 distribuat
2316 3496 2577 3561 abundet,
2603 3511 2707 3552 nec
2735 3495 2936 3551 seculo
2957 3505 3122 3566 queat
3150 3496 3407 3550 nuntium

1831 3589 2126 3655 remittere,
2154 3601 2412 3657 quonam,
2436 3602 2622 3656 quaeso
2641 3626 2656 3651 ,
2695 3586 2858 3641 modo
2880 3626 2896 3651 ,
2944 3586 3035 3641 ille
3065 3592 3248 3655 potest
3291 3588 3404 3642 sal-

1830 3680 1986 3734 vari?
2870 3668 2875 3673 ’
3196 3752 3201 3757 ι

1901 3772 2064 3826 lisse.
2126 3771 2206 3826 Eo
2261 3772 2423 3826 modo
2451 3785 2560 3839 quo
2596 3768 2920 3839 publicanus
2952 3768 3197 3847 salvatus
3228 3775 3312 3823 est
3347 3775 3401 3824 et

1826 3864 1981 3933 juxta
2031 3862 2350 3934 prephetam
2405 3862 2679 3915 aientem:
2727 3877 2746 3909 1
2784 3857 3113 3937 Humiliatus
3167 3856 3288 3912 sum
3339 3867 3396 3912 et

1832 3956 2061 4011 salvavit
2110 3971 2205 4029 me
2258 3954 2521 4009 Dominus
2553 3952 2619 4005 '°.
2660 3971 2679 4002 ι
2734 3948 3201 4029 Quemadmodum
3254 3948 3400 4003 enim

1831 4051 2178 4103 incruentum
2196 4026 2538 4103 sacriﬁcium
2571 4047 2914 4114 eleemosyna
2945 4041 3056 4095 Deo
3087 4026 3312 4094 oll‘ertur
3343 4042 3400 4092 in

1831 4140 2210 4196 remissionem
2241 4148 2586 4209 peccatorum
2608 4140 2920 4190 nostrorum
2946 4151 2959 4186 :
2992 4133 3066 4185 ita
3095 4139 3150 4186 et
3178 4131 3401 4185 humili-

1832 4241 1919 4289 tas
1947 4232 2129 4287 cordis
2160 4252 2173 4287 :
2211 4250 2229 4282 1
2272 4229 2610 4284 Sacriﬁcium
2655 4226 2821 4289 enim,
2854 4224 3050 4294 inquit,
3079 4222 3190 4278 Deo
3240 4222 3402 4292 spiri-

1833 4337 1920 4382 tus
1976 4322 2412 4380 eontribulatus:
2466 4335 2562 4374 cor
2613 4318 2909 4373 contritum
2955 4323 3010 4370 et
3056 4314 3400 4368 humiliatum

1835 4417 1977 4471 Deus
2026 4430 2137 4470 non
2187 4413 2450 4482 despiciet
2493 4410 2558 4464 ⁵³.
2615 4426 2634 4460 ι
2679 4408 2745 4461 Et
2777 4423 2973 4461 rursus
3005 4427 3019 4461 :
3057 4424 3075 4456 1
3109 4404 3272 4460 Juxta
3318 4412 3404 4460 est

1833 4508 2097 4564 Dominus
2126 4507 2192 4561 iis
2224 4507 2316 4575 qui
2366 4503 2623 4558 tribulato
2652 4508 2781 4557 sunt
2810 4500 2974 4554 corde
2998 4540 3013 4565 ,
3075 4507 3131 4553 et
3163 4497 3403 4553 humiles

1834 4601 2030 4669 spiritu
2054 4597 2370 4652 salvabit”.
2403 4614 2421 4646 ›
2456 4593 2522 4648 Ει
2547 4596 2743 4648 iterum
2770 4590 3230 4661 quemadmodum
3254 4590 3400 4655 beati

1835 4680 2203 4762 praedicantur
2236 4686 2621 4741 misericordes
2646 4690 2701 4738 et
2733 4682 2921 4737 mundi
2973 4681 3159 4744 corde,
3188 4681 3263 4734 ita
3291 4696 3403 4749 pra:

1833 4783 2044 4839 caeteris
2065 4781 2206 4835 beati
2248 4780 2613 4848 praedicantur
2648 4790 2912 4845 pauperes
2964 4774 3179 4843 spiritu,
3218 4791 3237 4822 1
3273 4773 3404 4841 quia

1834 4875 2077 4943 ipsorum
2111 4878 2197 4926 est
2240 4884 2463 4939 regnum
2497 4868 2762 4922 caelorum
2790 4866 2856 4919 ⁸³.
2892 4884 2910 4916 ι
2946 4863 3096 4916 Hanc
3121 4862 3286 4931 igitur
3317 4875 3404 4914 sa—

1834 4962 1962 5016 lutis
1991 4961 2134 5015 viam
2170 4960 2308 5013 inire
2336 4966 2389 5013 et
2414 4956 2663 5027 persequi
2687 4962 2918 5025 possunt
2963 4966 3168 5022 pauper
3189 4987 3205 5013 ,
3247 4947 3404 5002 inﬁr-

1832 5070 1977 5120 mus,
2008 5068 2172 5110 senex
2220 5062 2275 5108 et
2306 5051 2492 5106 idiota.

232 5297 272 5331 ⁸⁷
305 5297 486 5354 lCor.
520 5313 646 5363 xm,
677 5296 791 5350 1-5.
866 5297 911 5328 ⁸⁸
951 5296 1083 5351 Luc.
1126 5313 1202 5363 ιἰ,
1239 5296 1326 5351 56.
1404 5296 1448 5328 ’⁵⁸
1486 5294 1529 5349 ll
1563 5297 1689 5352 Cor.

1848 5335 1862 5362 ,
1909 5292 1998 5347 14.
2071 5290 2119 5322 ⁸⁸
2156 5290 2301 5346 Psal.
2337 5302 2481 5354 cxtv,
2517 5290 2569 5342 6.
2645 5284 2689 5319 δι
2729 5283 2875 5338 Psal.
2909 5295 2971 5343 ι,
3008 5279 3095 5332 l9.
3172 5277 3217 5309 "
3255 5273 3406 5333 Psal.

174 5380 360 5434 xxxm,
399 5369 487 5423 19.
573 5367 621 5399 ⁸³
656 5366 844 5420 Matth.
882 5384 935 5434 ν,
969 5367 1022 5421 5.

251 5526 338 5595 50)
370 5524 507 5596 Reg.
528 5524 586 5587 ‘2,
613 5522 690 5596 τῷ
720 5521 1010 5596 ἀνθρώπῳ.

251 5527 338 5595 50)
370 5527 507 5596 Reg.
528 5527 586 5587 ‘2,
613 5527 690 5594 τῷ
720 5527 815 5577 ἀνθ

231 5527 343 5669 ίὸί)
373 5596 507 5669 Reg.
540 5596 594 5665 2,
625 5593 821 5649 δεκτοί.

1908 5509 2019 5581 (5‘3)
2056 5510 2131 5563 lta
2162 5511 2275 5580 Reg
2322 5508 2374 5561 2.
2409 5506 2570 5575 Editi,
2602 5508 2648 5559 εἰ
2676 5507 2768 5560 καὶ
2795 5504 2931 5577 μετὰ
2968 5504 3059 5557 τὸν
3092 5501 3335 5558 εἰπόντα.
