3852 6192
389 175 495 231 655

460 286 681 353 ροιεετ.
708 278 889 336 XCIII.
930 276 1071 346 Quid
1094 284 1180 334 est
1201 276 1517 333 humilitas?

464 379 628 433 Rasr.
665 374 956 430 Humilitas
1001 372 1186 426 anima
1247 376 1332 426 est
1391 384 1514 440 quae
1563 384 1665 424 nec
1714 370 1971 424 observat

391 484 496 525 nec
541 467 756 538 judicat
801 463 1033 517 aliorum
1068 461 1350 516 hominum
1404 466 1669 529 peccata,
1725 458 1820 515 sed
1870 473 1972 514 sua

395 561 660 615 duntaxat
685 553 962 627 perspicit,
983 568 1150 623 seque
1170 552 1356 607 mterni
1378 551 1632 621 supplicii
1649 566 1799 606 ream
1823 550 1972 605 aesti-

394 658 529 718 mat,
553 658 606 706 et
631 650 746 703 haec
780 647 848 702 ad
881 645 1050 701 Deum
1083 644 1254 698 dicit:
1302 641 1462 697 Salva
1496 658 1584 697 me
1606 644 1839 713 'pr0pter
1869 640 1973 695 mi-

396 742 750 802 sericordiam
795 747 969 804 tuam,
999 752 1109 793 non
1160 745 1383 806 propter
1437 735 1633 790 merita
1681 749 1822 797 mea.
1865 731 1973 799 Qui

395 850 560 907 porro
589 850 650 889 se
678 834 750 886 ita
780 847 934 887 reum
967 846 1090 886 esse
1132 828 1342 894 credit,
1394 827 1443 883 is
1489 825 1713 881 minime
1742 824 1975 880 offensa-

396 942 542 991 rum,
574 941 711 996 quas
745 924 814 979 ab
846 923 1067 978 homine
1102 921 1405 989 acceperit,
1437 918 1832 983 recordahitur,
1868 930 1972 971 nec

397 1022 680 1078 damnabit
731 1026 1048 1090 peccantem
1091 1016 1405 1082 hominem,
1461 1015 1746 1084 tribusque
1793 1012 1972 1069 modis

396 1114 774 1170 remissionem
824 1117 1175 1181 peccatorum
1216 1110 1591 1175 consequitur.
1649 1104 1783 1160 Nam
1841 1105 1974 1177 quia

397 1207 535 1262 alios
566 1220 674 1260 non
711 1203 939 1274 judicat,
973 1217 1073 1257 nec
1101 1202 1217 1272 ipse
1241 1200 1561 1270 iudicatur;
1595 1201 1724 1271 quia
1750 1199 1973 1254 humilis

394 1308 499 1366 est,
529 1298 898 1368 justificatur;
930 1304 984 1350 et
1014 1294 1142 1364 quia
1164 1292 1439 1348 condonat
1467 1293 1589 1349 aliis
1614 1331 1630 1359 ,
1672 1291 1816 1348 Deus
1842 1306 1975 1363 quo-

396 1407 502 1462 que
525 1390 625 1459 ipsi
665 1394 889 1460 peccata
916 1385 1211 1442 condonat.

466 1478 688 1545 Quasr.
725 1475 910 1532 XCIV:
934 1476 990 1529 Si
1009 1477 1133 1547 quis
1165 1490 1307 1546 saepe
1333 1475 1660 1547 peccaverit,
1692 1488 1756 1529 ac
1776 1473 1975 1530 deinde

394 1587 538 1643 saepe
564 1570 940 1643 pcenitentiam
970 1584 1131 1638 agere
1161 1583 1455 1639 aggressus
1501 1567 1700 1634 fuerit,
1742 1582 1968 1622 rursus-

396 1677 503 1734 que
527 1661 777 1716 inciderit
808 1662 863 1714 in
894 1666 1220 1729 peccatum:
1254 1658 1322 1712 ad
1351 1668 1486 1728 quot
1519 1673 1694 1728 usque
1720 1665 1968 1728 peccata,

386 1754 746 1828 ,pmnitentem
783 1755 923 1808 Deus
946 1768 1141 1807 rursus
1171 1752 1457 1807 admittet?

464 1846 629 1903 Rssr.
663 1844 814 1900 Licet
841 1845 1024 1901 decies
1074 1843 1273 1899 millies
1303 1844 1466 1898 homo
1492 1841 1793 1908 ceciderit,
1842 1842 1971 1898 licet

394 1940 576 1996 decies
621 1938 821 1994 millies
851 1936 1227 2007 paenitentiam
1267 1935 1440 2006 egerit
1468 1954 1481 1990 :
1514 1949 1861 2005 nequaquam
1893 1941 1975 1988 ta-

394 2048 521 2088 men
552 2032 731 2102 ipsum
781 2027 1033 2100 projiciet
1068 2026 1353 2091 Dominus,
1385 2026 1588 2097 quippe
1616 2026 1706 2080 cui
1734 2026 1974 2081 maxime

394 2133 525 2179 nota
552 2123 623 2178 sit
654 2123 906 2176 humanae
936 2127 1144 2175 natura:
1176 2119 1535 2174 mutabilitas.
1578 2116 1716 2171 Nam
1743 2118 1838 2188 qui
1865 2115 1971 2171 Pe-

395 2225 480 2271 tro
518 2214 774 2286 praecepit
801 2221 861 2267 ut
883 2211 1188 2283 septuagies
1219 2206 1420 2280 Septies
1458 2209 1614 2265 fratri
1643 2211 1970 2281 ignosceret,

394 2308 569 2364 multo
634 2307 808 2377 magis
861 2305 976 2375 ipse
1018 2305 1202 2361 decies
1253 2304 1451 2360 millies
1502 2303 1705 2373 septies
1764 2302 1973 2358 homini

395 2402 664 2472 ignoscet,
695 2400 741 2454 si
773 2399 934 2453 modo
956 2399 1331 2469 ptenitentiam
1351 2397 1541 2468 egerit.
1574 2394 1630 2451 Id
1665 2407 1848 2451 autem
1878 2410 1973 2450 ac-

397 2497 587 2545 curate
619 2488 903 2544 sciendum
934 2494 1042 2554 est,
1065 2489 1302 2542 animam
1335 2502 1456 2558 quae
1477 2486 1677 2557 saepius
1708 2484 1974 2555 peccandi

398 2580 707 2651 saepiusque
755 2578 1055 2650 pcenitcndi
1103 2579 1440 2637 contraxerit
1474 2575 1970 2640 consuetudinem,

397 2687 525 2729 cum
572 2671 743 2727 Deum
783 2677 1098 2726 contemnat
1153 2671 1452 2740 redeatque
1515 2667 1584 2722 ad
1646 2676 1970 2739 peccatum,

398 2769 546 2821 certe
568 2762 853 2817 diﬂiculter
881 2761 1195 2831 huiusmodi
1228 2761 1413 2815 anima
1456 2773 1487 2813 a
1519 2767 1744 2830 peccato
1792 2756 1975 2812 disce-

398 2857 499 2923 dit,
533 2857 701 2913 veluti
740 2856 894 2911 canis
923 2855 1271 2911 macellarios
1322 2854 1483 2908 fetori
1537 2862 1813 2907 assuetus.
1867 2849 1972 2904 De-

1544 160 1605 217 B.
1644 158 1727 215 A'l
1742 156 2105 214 ιιΑΜδιυδ.
2145 188 2215 203 —-
2252 154 2524 216 SPURIA.

1998 273 2048 330 A

3550 167 3662 224 656

2156 274 2347 345 Ἐρώτ,
2381 281 2490 344 ιιγθ.
2519 275 2586 329 Τί
2610 275 2727 330 ἐστι
2748 277 3256 352 ταπεινοφροσῦνηῖ

2153 366 2341 420 Ἀπόκ.
2368 366 2848 439 Ταπεινοφροσύνη
2873 368 2992 421 ἐστὶ
3015 368 3163 441 ψυχὴ
3210 368 3287 442 μὴ
3312 370 3661 443 προσέχουσα

2074 458 2212 529 μηδὲ
2262 458 2525 530 κρίνουσα
2573 457 2748 512 ἄλλων
2791 457 3095 530 ἀνθρώπων
3130 460 3449 530 πταίσματα
3467 477 3483 490 ο
3518 460 3662 515 ἀλλά

2075 551 2234 622 μόνον
2274 550 2346 603 τά
2370 550 2569 621 ἑαυτῆς
2613 549 2885 621 βλέπουσα
2922 551 3017 604 καὶ
3049 549 3349 604 ὑπεύθυνον
3382 552 3482 621 τῆς
3519 552 3662 605 αἰωο

2071 644 2186 698 νίου
2221 643 2496 708 κολάσεως
2528 643 2727 715 ἑαυτὴν
2759 643 2957 715 ἔχουσα
2977 684 2992 707 ,
3025 645 3121 698 καὶ
3155 643 3316 698 τοῦτο
3350 644 3489 717 πρὸς
3520 645 3665 699 Θεὸν

2071 733 2336 805 λέγουσαο
2370 734 2550 788 Σῶσόν
2585 752 2653 806 με
2686 737 2873 789 ἕνεκεν
2909 734 3004 789 τοῦ
3038 734 3222 800 ἐλέους
3257 753 3351 789 σου
3382 737 3518 808 (55),
3560 737 3662 790 καὶ

2070 827 2171 897 οὐχ
2220 827 2407 881 ἕνεκεν
2454 825 2562 881 τῶν
2608 827 3053 900 κατορθωμάτων
3089 845 3210 899 μου.
3277 828 3336 881 '0
3375 828 3434 882 δὲ
3481 828 3663 894 οὕτως

2073 917 2263 972 ἑαυτὸν
2324 917 2623 973 ὑπεύθυνον
2673 917 3020 990 λογιζόμενος
3068 919 3192 973 οὐδὲ
3253 923 3661 994 μνησικακήσει

2073 1009 2345 1082 ἀνθρώπῳ
2384 1011 2537 1077 ποτὲ,
2578 1013 2700 1067 οὐδὲ
2734 1018 3056 1087 κατακρινεῖ
3087 1015 3373 1087 ἄνθρωπον
3405 1019 3661 1090 ἀμαρτὰ⁶

2073 1119 2251 1169 νοντα,
2295 1104 2390 1159 καὶ
2418 1104 2603 1159 λοιπὸν
2633 1107 2698 1160 ἐκ
2732 1106 2899 1178 τριῶν
2930 1108 3168 1177 τρόπων,
3203 1108 3303 1180 τὴν
3335 1110 3445 1162 τῶν
3476 1112 3661 1182 ἁμαρ-

2071 1196 2204 1251 τιῶν
2230 1198 2422 1267 ἄφεσιν
2452 1199 2755 1271 κομίζεται.
2804 1202 2892 1265 Ὠς
2915 1201 3032 1273 ’γὰρ
3068 1203 3142 1272 μὴ
3183 1202 3406 1272 κρίνων,
3438 1203 3501 1256 οὐ
3530 1204 3659 1275 κρί-

2072 1304 2221 1342 νεται
2242 1306 2257 1319 ·
2301 1289 2397 1343 καὶ
2432 1289 2510 1354 ὡς
2556 1290 3019 1363 ταπεινοφρονῶν,
3052 1290 3359 1345 δικαιοῦται
3380 1309 3395 1322 ·
3439 1293 3538 1346 καὶ
3581 1294 3662 1357 ὡς

2073 1382 2395 1452 συγχωρῶν,
2438 1386 2821 1455 συγχωρείται.

2155 1475 2347 1548 Ἐρώτ.
2380 1475 2481 1543 ιιδσ.
2521 1477 2646 1530 Ἐάν
2677 1495 2762 1542 τις
2791 1477 3050 1543 πολλάκις
3075 1479 3419 1551 ἁμαρτήσας,
3458 1478 3660 1533 mna.

2073 1585 2161 1633 κις
2204 1572 2484 1640 μετανοεῖν
2520 1568 2879 1641 ἐπεχείρησε,
2911 1571 3006 1624 καὶ
3043 1569 3206 1625 πάλιν
3253 1573 3332 1636 είς
3383 1570 3661 1642 ἁμαρτίαν

2071 1659 2233 1713 ἔπεσε
2255 1677 2269 1690 ·
2314 1660 2475 1732 μέχρι
2510 1659 2693 1713 πόσων
2713 1661 3074 1732 πταισμάτων
3101 1660 3263 1721 πάλιν
3290 1661 3659 1733 μετανοοῦντα

2069 1752 2100 1805 6
2136 1751 2269 1816 Θεὸς
2309 1751 2666 1825 προσδέχεται
2701 1751 2928 1819 τοῦτον;

2154 1843 2348 1899 Ἀπόκ.
2399 1843 2458 1897 ’0
2488 1842 2550 1896 τὸ
2577 1842 2872 1916 εὔτρεπτον
2913 1844 3016 1916 τῆς
3054 1844 3401 1917 ἀνθρωπίνης
3440 1844 3659 1914 φύσεως

2070 1937 2433 2008 ἐπιστάμενος
2455 1937 2681 2008 Κύριος,
2706 1937 2810 1992 κᾶν
2843 1938 3104 2010 μυριάκις
3126 1940 3154 1992 6
3177 1937 3465 2011 ἄνθρωπος
3492 1939 3660 2010 πέσῃ,

2071 2029 2174 2084 κᾶν
2208 2029 2470 2101 μυριάκις
2510 2030 2817 2101 μετανοήσῃ
2838 2071 2853 2095 ,
2883 2030 3133 2101 οὐδαμῶς
3162 2029 3325 2084 αὐτὸν
3350 2030 3663 2084 ἀποϐάλλε-

2071 2138 2181 2175 ται.
2222 2122 2282 2175 ’0
2316 2121 2426 2193 γάρ
2452 2121 2829 2192 ἐντειλάμενος
2856 2121 2970 2194 (54)
2999 2121 3079 2193 τῷ
3105 2121 3298 2195 Πέτρῳ
3324 2122 3664 2194 ἑϐδομηκον-

2072 2214 2231 2278 τάκις
2257 2213 2397 2268 ἑπτὰ
2430 2214 2508 2285 τῷ
2535 2214 2751 2284 ἀδελφῷ
2784 2218 3105 2286 συγχωρεῖν,
3139 2214 3318 2286 πολλῷ
3348 2216 3533 2271 πλεῖον
3563 2217 3667 2270 αὐ-

2072 2305 2163 2370 τὸς
2226 2306 2570 2377 συγχωρήσει
2617 2307 2970 2378 μυριοντάκις
3018 2305 3158 2360 ἑπτὰ
3214 2308 3290 2379 τῷ
3343 2307 3660 2380 ἀνθρώπῳ,

2076 2398 2427 2470 μετανοοῦντι
2456 2397 2725 2469 μέντοιγε.
2751 2399 2862 2452 Καὶ
2882 2397 3041 2451 τοῦτο
3065 2400 3147 2453 δεῖ
3174 2399 3420 2471 ἀκριϐῶς
3437 2400 3667 2454 ἐπίστα-

2074 2490 2231 2546 σθαι·
2258 2491 2340 2544 δτι
2376 2490 2521 2563 ψυχή
2552 2492 2632 2554 είς
2672 2491 2958 2562 συνήθειαν
3003 2490 3231 2545 ἐλθοῦσα
3258 2491 3353 2544 τοῦ
3397 2491 3664 2556 πολλάκις

2074 2580 2430 2653 ἁμαρτάνειν,
2458 2583 2553 2635 καὶ
2584 2581 2847 2646 πολλάκις
2893 2584 3173 2653 μετανοεῖν
3194 2621 3209 2645 ,
3237 2575 3661 2654 καταφρονοῦσα

2072 2672 2167 2728 τοῦ
2199 2673 2334 2728 Θεοῦ
2365 2672 2500 2745 πρὸς
2532 2673 2631 2745 τὴν
2662 2674 2936 2744 ἁμαρτίαν
2978 2673 3417 2742 ύποστρὲερουσα,
3462 2672 3658 2743 δυσχε-

2078 2765 2187 2837 ρῶς
2212 2767 2381 2830 ὄντως
2404 2769 2437 2836 ή
2465 2765 2688 2836 τοιαύτη
2721 2765 2867 2837 ψυχὴ
2899 2765 3001 2836 τῆς
3033 2765 3305 2836 ἁμαρτίας
3335 2765 3659 2834 ἀφίσταται,

2077 2856 2262 2929 ῶσπερ
2306 2855 2453 2911 κύων
2508 2855 2832 2928 μακελλικὸς
2881 2858 2939 2910 ὲν
2984 2856 3062 2927 τῷ
3106 2856 3294 2929 βρόμῳ
3344 2856 3659 2920 συνεθίσας.

396 2952 566 3022 nique
614 2964 741 3004 cum
774 2950 1018 3004 incertus
1053 2948 1124 3003 sit
1161 2947 1286 3002 vitae
1315 2957 1517 3002 nostra;
1544 2944 1690 3009 finis,
1725 2958 1826 2998 nos
1855 2958 1971 2996 mu-

2089 2952 2277 3008 Λοιπὸν
2301 2951 2379 3016 δὲ,
2407 2951 2490 3005 ὅτι
2515 2950 2575 3003 τὸ
2600 2949 2751 3014 τέλος
2788 2949 2888 3020 τῆς
2918 2948 3061 3019 ζωῆς
3088 2950 3121 3020 ή
3131 2949 3247 3019 μῶν
3271 2949 3508 3020 ὑπάρχει
3537 2949 3662 3021 ἄδη-

398 3042 508 3099 niri
530 3048 764 3111 oportet,
795 3056 864 3095 ne
899 3039 1038 3095 forte
1066 3040 1123 3093 in
1154 3043 1377 3108 peccato
1424 3048 1889 3107 praeoccupemur,
1921 3039 1976 3088 et

400 3140 608 3211 absque
657 3136 977 3208 poenitentia
1034 3135 1417 3201 inveniamur,
1472 3133 1864 3201 tradamurque
1918 3132 1977 3187 in

401 3229 730 3303 supplicium
761 3228 1169 3296 sempiternum.
1209 3244 1217 3279 ε

470 3321 637 3393 238
668 3319 888 3403 (ξοβετ.
922 3315 1085 3371 XCV.
1112 3316 1421 3386 Quotuplex
1451 3321 1536 3370 est
1571 3312 1943 3370 adulterium?

470 3410 631 3468 Resr.
661 3408 892 3480 Duplex.
924 3407 1062 3463 Nam
1094 3408 1141 3462 si
1166 3408 1362 3463 mulier
1405 3406 1522 3463 viro
1563 3414 1732 3477 nupta
1765 3414 1975 3463 scorte-

399 3512 512 3573 tur,
536 3503 863 3559 adulterium
892 3509 997 3557 est.
1035 3501 1360 3571 Rursusque
1399 3501 1447 3556 si
1485 3501 1590 3564 vir,
1617 3500 1709 3570 qui
1746 3515 1975 3557 uxorem

399 3598 632 3663 habeat,
670 3603 976 3663 scortelur,
1023 3594 1355 3651 adulterium
1397 3603 1480 3650 est
1507 3609 1635 3667 erga
1692 3595 1972 3666 propriam

399 3704 649 3744 uxorem.

472 3782 694 3850 Qomsr.
730 3777 913 3836 XCVI.
944 3774 1110 3833 Aiunt
1143 3776 1311 3847 aliqui
1340 3784 1627 3847 peccatum
1647 3791 1976 3847 corporeum

399 3889 513 3945 prae
559 3873 815 3929 omnibus
873 3872 997 3926 aliis
1059 3871 1298 3941 peccatis
1355 3868 1571 3925 facilius
1634 3869 1973 3936 condonari,

400 3966 600 4038 quippe
637 3980 763 4020 cum
794 3962 1061 4018 naturalis
1088 3969 1269 4017 motus
1302 3961 1372 4018 sit
1399 3963 1453 4016 in
1484 3961 1724 4016 homine.

469 4057 634 4114 Rssr.
660 4056 1010 4112 Contrarium
1037 4053 1195 4109 docet
1223 4051 1539 4123 Apostolus,
1573 4053 1667 4124 qui
1701 4053 1805 4108 hoc
1843 4067 1975 4123 pec-

398 4159 580 4206 catum
609 4149 831 4221 gravius
868 4146 1122 4201 omnibus
1162 4144 1284 4199 aliis
1310 4148 1551 4214 peccatis
1580 4153 1774 4210 vocat,
1821 4145 1975 4202 hisce

398 4243 614 4299 verbis:
653 4262 673 4294 ‹
708 4241 880 4296 Omne
911 4246 1194 4309 peceatum
1224 4237 1594 4307 quodcunque
1634 4238 1826 4293 fecerit
1873 4239 1973 4294 ho-

397 4353 526 4399 mo,
564 4344 718 4393 extra
745 4351 945 4405 corpus
993 4344 1115 4389 est:
1146 4333 1240 4404 qui
1294 4339 1475 4386 autem
1531 4331 1866 4397 fornicatur,
1917 4333 1972 4388 in

399 4448 600 4503 corpus
640 4446 801 4486 suum
841 4435 1030 4498 peccat
1059 4428 1147 4483 δδε
1184 4447 1204 4479 ›
1251 4425 1697 4497 quandoquidem
1754 4442 1821 4481 ex
1852 4427 1973 4497 ipsa

397 4540 498 4581 sua
521 4538 710 4588 carne,
736 4522 899 4576 veluti
931 4520 1204 4591 quoddam
1228 4519 1583 4585 sacrificium,
1601 4534 1785 4575 semen
1807 4536 1970 4574 suum

400 4617 617 4671 Satanae
661 4612 837 4669 offert.
888 4611 1160 4667 Praeterea
1206 4611 1456 4666 naturale
1500 4610 1632 4665 item
1682 4618 1768 4666 est
1820 4625 1973 4666 com-

395 4710 580 4775 edere,
607 4716 846 4763 attamen
870 4707 1318 4777 praivaricantem
1339 4704 1606 4759 Adamum
1636 4704 1972 4759 condemna-

394 4802 473 4857 vit
505 4799 669 4856 Deus.

467 4891 690 4958 Quir-:51.
720 4888 931 4945 XCVII.
967 4887 1111 4955 Quot
1137 4893 1268 4943 sunt
1286 4886 1494 4959 judicia
1522 4895 1577 4942 et
1607 4893 1833 4956 peccata
1858 4885 1973 4941 for-

394 4983 726 5041 nicationis?
864 4998 867 4999 '

466 5078 632 5135 Resp.
665 5078 833 5133 Multa
865 5084 922 5133 et
959 5076 1134 5131 varia.
1168 5074 1421 5130 Graviori
1451 5075 1596 5130 enim
1625 5074 1837 5145 judicio
1879 5072 1974 5128 ob-

392 5174 593 5228 noxius
624 5171 822 5242 estqui
846 5184 1072 5227 uxorem
1109 5171 1317 5226 habens
1347 5177 1639 5234 scortator,
1671 5183 1835 5239 quam
1874 5165 1969 5236 qui

394 5281 620 5324 uxorem
654 5281 764 5320 non
809 5265 993 5322 habet.
1030 5264 1278 5321 GraviOri
1304 5265 1435 5319 item
1467 5264 1740 5319 obnoxius
1766 5275 1851 5321 est
1875 5266 1968 5335 ju-

468 5420 515 5455 “
552 5422 572 5476 I
600 5419 729 5477 Cor.
759 5437 815 5475 Vl
836 5463 853 5489 ,
888 5422 973 5477 18.

465 5579 575 5648 (55)
613 5577 749 5649 Reg.
802 5578 859 5639 2,
912 5577 1097 5649 ἕνεκεν
1144 5577 1239 5632 τοῦ
1278 5576 1461 5641 ὲλὲους
1504 5593 1619 5630 σου.
1652 5574 1820 5649 Editi,
1874 5573 1964 5649 διά

393 5645 485 5702 τοῦ
520 5645 778 5726 ὀνόματός
806 5664 921 5707 σου.
952 5648 1074 5705 Mox
1117 5650 1369 5707 mutilum
1405 5656 1722 5705 contextum
1770 5647 1827 5700 in
1875 5645 1961 5699 cd.

2078 3046 2189 3111 λον,
2229 3045 2335 3117 χρὴ
2366 3044 2514 3116 ἡμᾶς
2538 3041 2947 3111 ἀσφαλίζεσθαι,
2971 3043 3044 3114 μή
3074 3059 3190 3104 πως
3216 3043 3274 3095 ὲν
3303 3045 3373 3113 τῇ
3411 3042 3662 3115 ἁμαρτίᾳ

2078 3135 2373 3206 φθάσωμεν
2404 3132 2500 3187 καὶ
2525 3131 2838 3204 εὑρεθῶμεν
2877 3133 3257 3205 ἀμετανόητοι,
3289 3134 3385 3186 καὶ
3418 3133 3662 3204 παραδο-

2079 3227 2259 3300 θῶμεν
2295 3227 2377 3290 είς
2413 3225 2635 3279 κόλασιν
2670 3222 3046 3295 ἀτελεύτητον.

2160 3318 2354 3392 Ἐρὼτ.
2387 3317 2490 3386 ιιέ.
2527 3319 2702 3372 Πόσαι
2733 3316 2972 3389 μοιχεῖαι
3001 3318 3173 3383 εἰσιν;

2159 3412 2351 3467 Ἀπόκ.
2392 3412 2516 3465 Δύο.
2559 3410 2669 3465 Καὶ
2704 3410 2813 3482 γὰρ
2857 3411 2890 3480 ή
2940 3409 3076 3480 γυνὴ
3120 3411 3154 3479 ἡ
3206 3407 3480 3480 ὕπανδρος
3522 3409 3661 3462 ὅπου

2076 3506 2179 3562 κᾶν
2226 3505 2520 3579 πορνεύσῃ,
2560 3506 2773 3576 μοιχεία
2815 3504 2953 3557 ἐστί.
2985 3502 3095 3555 Καὶ
3148 3501 3330 3565 πάλιν,
3380 3503 3410 3554 6
3458 3501 3599 3573 ἀνὴρ
3630 3503 3663 3555 6

2076 3600 2216 3671 ἔχων
2255 3602 2491 3669 γυναῖκα
2514 3599 2649 3650 ὅπου
2684 3596 2788 3650 κᾶν
2815 3594 3112 3668 πορνεύσῃ,
3153 3593 3372 3665 μοιχεία
3401 3594 3523 3647 ἐστὶ
3558 3594 3661 3664 τῆς

2082 3693 2219 3758 ἰδίας
2252 3692 2531 3765 γυναικός.

2160 3784 2356 3857 Ἐρώτ.
2385 3788 2503 3850 ις’.
2537 3779 2769 3851 Λέγουσι
2799 3795 2962 3843 τινες,
3003 3778 3086 3832 ὅτι
3117 3776 3447 3846 συγγνώμην
3480 3775 3649 3847 ἔχειὴ

2077 3877 2366 3949 σωματικὴ
2410 3874 2655 3947 ἁμαρτία
2686 3873 2827 3944 ὑπὲρ
2874 3871 3054 3933 πάσας
3097 3870 3198 3930 τὰς
3234 3869 3534 3939 ἁμαρτίας,
3581 3868 3662 3931 ὡς

2075 3973 2312 4043 φυσικῆς
2343 3967 2695 4041 ὑπαρχούσης
2724 3968 2821 4037 τῆς
2852 3967 3120 4037 κινήσεως
3150 3966 3209 4017 ὲν
3239 3962 3317 4034 τῷ
3357 3961 3655 4034 ἀνθρώπῳ.

2159 4066 2348 4121 Ἀπόκ.
2387 4061 2708 4117 Τούναντίον
2750 4062 2778 4113 ὁ
2832 4058 3157 4121 Ἀπόστολος
3195 4054 3505 4126 βαρυτέραν
3554 4072 3662 4107 πα-

2078 4159 2185 4213 σῶν
2213 4156 2322 4211 τῶν
2347 4153 2628 4227 ἁμαρτιῶν
2656 4151 2824 4223 αὐτὴν
2852 4148 3107 4220 ὀνομάζει
3124 4188 3138 4213 ,
3168 4148 3340 4214 λέγων
3364 4163 3378 4177 ⁸
3426 4166 3444 4198 ι
3500 4147 3661 4199 Πᾶσα

2001 4284 2053 4342 D
2076 4250 2344 4321 ἁμαρτία,
2382 4250 2447 4319 ἢν
2483 4245 2549 4300 ἂν
2576 4249 2779 4317 ποιήσῃ
2806 4241 3112 4313 ἄνθρωπος,
3141 4240 3298 4302 ἐκτὸς
3334 4238 3431 4291 τοῦ
3472 4237 3663 4342 σώμα-

2081 4342 2171 4406 τός
2200 4344 2378 4394 ἐστιν’
2411 4342 2440 4391 ὁ
2462 4336 2521 4390 δὲ
2551 4334 2828 4407 πορνεύων
2865 4334 2945 4396 είς
2976 4333 3036 4385 τὸ
3062 4332 3189 4385 ἴδιον
3218 4330 3377 4400 σῶμα
3410 4327 3667 4400 ἁμαρτά-

2081 4453 2191 4491 νει·
2237 4455 2256 4487 »
2289 4432 2474 4503 ἐπειδὴ
2504 4428 2564 4496 ἐξ
2595 4429 2763 4498 αὐτῆς
2790 4428 2890 4497 τῆς
2923 4425 3058 4490 ἰδίας
3088 4423 3315 4495 Σαρκδς,
3346 4422 3539 4492 ῶσπερ
3568 4420 3665 4473 θυ-

2085 4524 2204 4577 σίαν
2242 4521 2382 4585 τινὰ,
2418 4517 2753 4592 παρέχειτῷ
2794 4516 3015 4586 Σατανᾷ
3056 4515 3155 4585 τὴν
3193 4510 3388 4566 ἑαυτοῦ
3426 4510 3658 4581 σποράν.

2081 4618 2192 4670 Καὶ
2224 4616 2386 4668 πάλιν
2415 4614 2477 4666 τὸ
2511 4613 2705 4681 φαγεῖν
2739 4608 2964 4679 φυσικόν
2999 4610 3139 4670 ἐστι,
3179 4607 3275 4659 καὶ
3321 4602 3430 4656 ἰδοὺ
3464 4604 3494 4656 6
3527 4600 3664 4665 Θεὸς

2080 4708 2171 4762 τὸν
2208 4706 2379 4777 Ἀδὰμ
2420 4704 2744 4775 παραὸάντα
2769 4700 3146 4756 κατεδίκασεν.

2158 4889 2354 4963 Ἐρὼτ.
2387 4889 2495 4955 ac.
2538 4886 2690 4941 Πόσα
2722 4884 2967 4958 κρίματα
2995 4882 3091 4936 καὶ
3117 4882 3496 4953 ἁμαρτήματα
3524 4893 3661 4949 πορ-

2077 4986 2204 5039 νικά
2224 4986 2391 5048 είσιν;

2160 5078 2347 5130 Ἀπόκ.
2387 5072 2566 5128 Πολλὰ
2596 5072 2689 5127 καὶ
2727 5070 2980 5140 διάφορα.
3014 5063 3242 5129 Μείζονι
3273 5061 3384 5133 γὰρ
3426 5059 3662 5131 κρίματι

2079 5171 2362 5225 ὑπόκειται
2388 5170 2415 5221 ὁ
2440 5167 2670 5235 γυναῖκα
2694 5162 2831 5232 ἔχων
2853 5159 2949 5213 καλ⁸
2975 5153 3251 5228 πορνεύων
3284 5148 3436 5221 παρὰ
3459 5148 3554 5203 τὸν
3585 5147 3661 5216 μὴ

2077 5266 2269 5336 ἔχοντα
2287 5277 2300 5292 ⁸
2326 5263 2420 5315 καὶ
2447 5257 2652 5330 μείζονι
2677 5257 2705 5308 6
2729 5250 2937 5323 ἀγαθὴν
2962 5249 3203 5318 γυναῖκα
3233 5243 3371 5314 ἔχων
3399 5239 3546 5309 ὑπὲρ
3568 5236 3660 5290 τὸν

2071 5588 2135 5628 ex
2167 5585 2303 5624 mss.
2333 5564 2668 5637 quihusdam
2695 5557 3092 5637 restituimus.'

2143 5639 2254 5713 (34)
2290 5624 2389 5725 s1;
2409 5651 2544 5696 mss.
2572 5631 2719 5689 Editi
2755 5645 2906 5697 vero,
2932 5624 3423 5701 ἐπαγγειλάμενος.
