3852 6192
122 388 235 444 657

1090 400 1565 468 QUESTIONES
1602 405 1695 461 AD
1731 405 2141 470 ANTIOCHUM
2180 409 2439 470 DUCEM.

3285 423 3393 480 658

122 507 369 578 πονηρὰν
408 508 632 580 ἔχοντα·
670 513 768 568 καὶ
820 515 1031 586 μείζονι
1064 519 1092 571 6
1134 517 1195 573 ἐν
1239 521 1387 593 γήρα
1431 520 1693 593 πορνεύωι

1811 523 1958 581 dicio
2007 527 2101 599 qui
2151 527 2352 583 bonam
2402 529 2567 585 habet
2612 532 2920 604 conjugem,
2953 549 3117 605 quam
3146 536 3239 607 qui
3269 552 3390 592 ma-

121 598 275 668 παρά
328 598 421 652 τὸν
466 603 525 657 ἐν
572 604 818 676 νεότητν
868 606 963 662 καὶ
1015 608 1221 679 μείζονι
1274 612 1304 664 6
1348 611 1706 678 ἀδιαλείπτως

119 688 263 761 ὑπὲρ
292 690 385 743 τὸν
416 692 505 747 διὰ
529 694 744 766 χρόνον·
773 699 866 751 καὶ
899 699 1103 770 μείζονι
1133 702 1163 754 ὁ
1198 702 1273 773 μὴ
1296 701 1505 773 θερμῆς
1531 705 1706 778 ὑπάρ-

119 795 230 849 χων
260 780 531 849 κράσεως,
558 783 694 837 ἀλλὰ
715 784 949 859 ψυχρᾶς,
981 789 1173 844 ἐαυτὸν
1198 790 1254 844 δὲ
1281 790 1369 845 διὰ
1402 792 1706 864 βρωμάτων

119 870 454 943 θερμαίνων,
485 875 578 929 καὶ
604 878 685 941 είς
718 879 909 952 ἡδονὴν
943 883 1404 954 προτρεπόμενος.
1435 887 1544 939 Καὶ
1569 886 1705 942 ἄλλα

116 962 173 1016 δέ
219 965 395 1019 πολλά
435 967 584 1023 ἐστιν
631 970 806 1024 εἰπεῖν
856 973 951 1025 καὶ
1003 972 1235 1046 διάφορα
1272 975 1402 1046 περὶ
1449 977 1705 1048 πορνείας

114 1056 268 1127 παρὰ
296 1056 418 1128 Θεῷ
458 1059 726 1130 κρίματα.
764 1062 928 1115 Ἀλλο
970 1063 1081 1134 γὰρ
1113 1068 1287 1137 κρῖμα
1328 1066 1408 1138 τῷ
1446 1069 1526 1132 είς
1572 1071 1702 1141 μίαν

114 1152 355 1216 γυναῖκα
384 1152 752 1223 ἁμαρτάνοντι
793 1155 935 1226 ὑπὲρ
964 1157 1054 1212 τὸν
1085 1159 1166 1222 είς
1208 1159 1411 1224 πολλὰς
1453 1164 1552 1216 καὶ
1589 1163 1704 1217 δια-

115 1240 315 1313 φόρους
359 1244 791 1315 κατατρέχοντα,
823 1247 917 1299 καὶ
957 1246 1158 1313 πολλὰς
1198 1248 1377 1320 ψυχὰς
1423 1252 1562 1322 μετά
1601 1256 1702 1327 τῆς

1812 615 1921 671 iam
1947 636 1961 672 :
1993 618 2230 688 graviori
2258 621 2353 690 qui
2385 620 2442 675 in
2472 630 2754 679 senectute
2786 633 3079 690 scortatur,
3105 643 3269 698 quam
3294 630 3390 699 qui

1811 706 1866 761 in
1892 707 2181 777 juventute
2211 728 2225 765 :
2257 712 2497 781 graviori
2532 713 2628 784 qui
2656 714 2874 770 assidue
2895 754 2909 780 ,
2961 730 3124 785 quam
3155 718 3249 788 qui
3305 719 3391 773 in-

1810 804 2064 858 terdum:
2093 805 2366 874 graviori,
2419 807 2512 876 qui
2562 822 2687 862 cum
2739 807 2902 863 calidi
2937 824 3047 862 non
3078 809 3150 865 sit
3177 817 3384 882 tempe-

1810 893 2068 958 ramenti,
2101 895 2198 950 sed
2230 896 2437 967 frigidi,
2469 913 2528 952 se
2572 898 2751 968 ipsum
2783 899 2921 955 cibis
2943 899 3214 969 calefacit,
3240 913 3293 956 et
3318 903 3385 957 ad

1808 986 2139 1056 voluptatem
2163 990 2432 1046 accendit.
2464 990 2630 1046 Multa
2661 1007 2877 1062 quoque
2899 993 3003 1047 alia
3031 1000 3085 1048 et
3120 994 3273 1048 varia
3303 994 3387 1049 af-

1809 1073 1937 1130 ferri
1973 1086 2205 1147 possunt
2236 1078 2329 1135 Dei
2354 1080 2560 1150 judicia
2584 1083 2650 1137 de
2689 1083 3042 1138 scortatione.
3062 1084 3223 1138 Aliud
3240 1087 3385 1141 enim

1806 1178 1892 1226 est
1918 1172 2187 1243 judicium
2229 1176 2348 1246 ejus
2371 1179 2465 1248 qui
2513 1179 2566 1233 in
2608 1196 2771 1235 unam
2820 1189 3010 1250 peccat
3058 1181 3337 1236 mulierem
3365 1223 3383 1251 ,

1807 1280 1969 1335 quam
2018 1268 2111 1337 qni
2146 1267 2202 1322 in
2255 1269 2439 1338 plures
2488 1278 2542 1325 et
2568 1270 2812 1327 diversas
2862 1271 3043 1339 irruit,
3074 1272 3384 1342 multasque

114 1332 310 1386 ἑαυτοῦ
342 1333 712 1392 ἀπολλύοντα⁹
742 1339 836 1391 καὶ
863 1339 993 1393 ἄλλο
1036 1340 1199 1394 πάλιν
1232 1345 1408 1415 κρῖμα
1434 1343 1529 1398 τοῦ
1561 1347 1693 1417 μετά

1806 1332 2169 1413 animas—cum
2204 1332 2304 1415 sua
2334 1361 2528 1432 perdit.
2562 1361 2723 1416 Aliud
2749 1379 2939 1420 rursus
2965 1363 3233 1434 judicium
3260 1364 3384 1436 ejus

113 1427 556 1496 παρατηρήσεως
593 1427 997 1501 ἁμαρτάνοντος
1029 1430 1182 1501 παρὰ
1209 1432 1299 1486 τὸν
1327 1436 1693 1506 ἀναισχύντως

1802 1452 1909 1510 est,
1932 1446 2025 1517 qui
2058 1462 2183 1502 cum
2212 1427 2393 1521 aliqua
2423 1451 2808 1508 observatione
2848 1427 3061 1524 peccat,
3090 1471 3254 1525 quam
3285 1427 3381 1526 qui

114 1514 306 1567 ἑαυτὸν
349 1518 417 1587 τῇ
451 1517 700 1591 ἁμαρτίᾳ
743 1519 1021 1577 ἐκδιδόντα
1055 1523 1200 1595 (55),
1236 1527 1330 1580 καὶ
1371 1528 1556 1602 ἕτερον
1601 1532 1693 1585 τοῦ

1805 1514 2143 1607 impudenter
2171 1555 2230 1597 se
2256 1514 2371 1612 ipse
2398 1551 2625 1612 peccato
2652 1514 2947 1617 mancipat.
2984 1514 3149 1603 Aliud
3178 1514 3379 1603 iteriim

116 1605 349 1676 σύμϐιον
388 1606 603 1678 ἔχοντος
646 1610 758 1682 (56)
811 1613 907 1666 καὶ
943 1617 1023 1679 εἰς
1072 1615 1342 1689 ὕπανδρον
1376 1620 1693 1686 πταίοντοςο

1799 1605 2065 1697 judicium
2097 1629 2219 1702 ejus
2258 1605 2345 1687 est
2383 1605 2476 1703 qui
2510 1650 2734 1691 uxorem
2768 1605 2930 1692 habet
2962 1644 3017 1692 et
3069 1637 3124 1692 in
3151 1645 3378 1709 nuptam

112 1694 249 1769 ὅπερ
274 1699 372 1751 καὶ
394 1698 554 1770 διπλῆ
578 1703 796 1773 μοιχεία
818 1703 895 1775 τῷ
923 1706 1273 1780 ἐργαζομένῳ
1296 1710 1395 1782 τὴν
1423 1712 1693 1785 ἁμαρτίαν

1801 1694 2012 1788 peccat,
2044 1694 2191 1789 quod
2249 1729 2311 1778 ut
2355 1694 2553 1795 duplex
2583 1726 2909 1782 adulterium
2942 1694 3247 1799 imputatur:
3268 1729 3378 1785 hu-

112 1786 408 1856 λογίζεται.
443 1792 673 1863 Φρικτὸν
714 1794 772 1847 δέ
817 1796 978 1851 πάλιν
1015 1800 1076 1852 rb
1111 1804 1289 1872 κρῖμα
1332 1803 1394 1857 τὸ
1435 1800 1692 1880 κανονικῇ

1799 1786 2038 1880 jusmodi
2065 1786 2351 1885 peccatum
2381 1786 2763 1874 cdmmittenti.
2806 1786 3150 1875 Horrenilum
3194 1829 3375 1878 autem

112 1881 335 1948 γυναικὶ
385 1883 854 1956 κατεπέρχεσθαι⁸
901 1891 998 1944 καὶ
1047 1891 1208 1949 πάλιν
1255 1894 1316 1948 τὸ
1366 1895 1693 1972 ἀδικουμένῃ

1799 1901 2059 1970 judicium
2091 1904 2212 1974 ejus
2238 1906 2333 1976 qui
2369 1908 2435 1962 ad
2475 1910 2792 1965 canonicam
2826 1909 3036 1966 accedit
3057 1912 3375 1982 mulierem;

110 1974 333 2071 γυναικὶ
382 1973 597 2046 βοηθεῖν
645 1979 739 2031 καὶ¹
792 1981 982 2048 μισθὸν
1026 1984 1127 2054 τῆς
1173 1989 1510 2058 προστασίας
1561 1991 1693 2062 πρὸς

1802 1999 1862 2047 ιιι
1885 1999 1940 2047 et
1963 1993 2056 2063 qui
2099 1973 2320 2051 mulieri
2360 1996 2573 2054 alllictae
2615 2015 2771 2070 opem
2800 1999 2926 2065 fert,
2954 2000 3183 2071 ejusque
3208 1973 3376 2059 causa

107 2060 384 2159 ἁμαρτίαν
416 2064 553 2139 αὐτῇ
586 2070 961 2136 συγγενέσθαι.
1004 2074 1079 2127 Οὐ
1125 2075 1285 2145 μόνον
1323 2077 1403 2143 δέ,
1437 2079 1572 2135 ἀλλὰ
1604 2060 1693 2134 καὶ

1799 2084 2037 2154 praesidii
2070 2094 2262 2155 peccat
2287 2102 2411 2143 cum
2450 2103 2534 2143 ea.
2565 2087 2682 2144 Iino
2708 2105 2840 2146 vero
2870 2092 3086 2149 ratione
3117 2092 3244 2159 loci,
3274 2108 3376 2147 va-

305 2155 445 2226 πρὸς
483 2157 760 2231 ἁμαρτίαν
786 2163 904 2216 ἐστὶ
926 2165 1182 2241 διάφορος
1207 2168 1341 2240 (57).
1373 2171 1566 2228 Πολλοὶ
1588 2172 1699 2246 γὰρ

107 2244 201 2296 καὶ
233 2244 293 2297 ἐν
325 2246 594 2325 ἐκκλησίᾳ
629 2251 727 2322 τὴν
756 2254 1033 2327 ἁμαρτίαν
1071 2260 1394 2330 ἐργάζονται
1416 2302 1431 2328 ,
1461 2267 1554 2319 καὶ
1588 2244 1698 2320 διτ-

105 2332 196 2386 τὸν
244 2338 422 2409 κρῖμα
470 2341 857 2414 ἀποφέρονται.
890 2347 1177 2416 ’Πολλάκις
1225 2352 1335 2426 γὰρ
1382 2356 1478 2410 καὶ
1525 2357 1697 2425 φίλων

104 2429 374 2493 γυναῖκας
396 2429 713 2500 μολύνουσιν
741 2435 940 2508 ἕτεροι,
980 2440 1276 2517 Ἰουδαῖκὴν
1305 2446 1525 2517 ἀγάπην
1559 2448 1693 2502 ὐπο-

107 2519 441 2590 κρινόμενοι.
493 2524 671 2597 “Amp
715 2527 931 2582 ἅπαντα
968 2532 1251 2604 ἀνακρίνει
1293 2539 1390 2591 καὶ
1440 2543 1635 2593 σκοπεῖ
1663 2543 1692 2595 6

105 2607 317 2673 δίκαιος
347 2611 442 2664 τοῦ
486 2613 620 2668 Θεοῦ
654 2616 951 2693 ὀφθαλμὸς,
987 2623 1130 2677 κατὰ
1162 2625 1223 2678 τὸ
1251 2624 1491 2698 ἄρρητον
1524 2631 1690 2686 αὐτοῦ

106 2700 281 2769 κρῖμα
308 2700 369 2754 τὺ
397 2702 923 2779 ἀπροσωπόληπτον,
968 2713 1063 2769 καὶ
1092 2713 1183 2768 τὸν
1212 2713 1377 2786 ζυγὸν
1409 2720 1574 2775 αὑτοῦ
1600 2722 1692 2777 τὸν

105 2790 311 2862 ἀκριϐῆ
341 2793 436 2846 καὶ
465 2794 819 2865 άχλεύαστον.

105 2990 337 3086 ΙΙσιλαιιῖ.Δ
359 2994 452 3047 καὶ
484 3000 633 3067 τρεῖς
667 2999 935 3068 ἐχόντων,
971 3005 1089 3071 πῶς
1120 3010 1252 3080 ἡμῖν
1280 3012 1378 3065 οὐκ
1406 2990 1691 3086 ἐπιτέτραῖ

104 3098 246 3226 πταὲ
277 3082 373 3136 δύο
414 3087 680 3154 γυναῖκας
718 3088 885 3160 ἔχειν,
923 3094 1041 3148 ἀλλ’
1083 3098 1204 3151 οὐδέ
1238 3100 1522 3168 παλλακὰς
1553 3082 1688 3176 κτήε-

106 3188 210 3226 σασ
249 3190 338 3226 αι;

106 3188 307 3228 σασυαι
323 3190 338 3241 ;

186 3288 382 3344 Ἀπόκ.
417 3291 493 3344 Οὐ
530 3292 688 3363 μόνον
714 3296 775 3350 τὸ
796 3296 889 3351 δύο
908 3303 1170 3370 γυναῖκας
1189 3303 1337 3377 ἔχειν
1354 3308 1487 3373 τοὺς
1517 3310 1689 3365 θεοσε-

109 3378 223 3445 ϐεῖς
250 3383 280 3434 ὁ
305 3383 549 3457 Χριστὸς
567 3385 912 3456 διεκώλυσεν,
953 3394 1089 3449 ἀλλὰ
1114 3398 1209 3450 καὶ
1241 3398 1410 3470 αὐτῆς
1432 3402 1531 3472 τῆς
1563 3404 1689 3470 μιᾶς

110 3473 407 3565 άπέχεσθαι
428 3481 819 3552 προετρέψατο,
850 3483 1024 3553 λέγων
1044 3503 1058 3517 ·
1091 3506 1111 3540 ‹
1156 3490 1326 3561 Ἀμὴν
1358 3491 1501 3560 λέγω
1538 3494 1686 3565 ὑμν,

111 3563 254 3628 ὅστις
279 3568 342 3620 οὐ
374 3573 524 3639 μισεῖ
553 3572 769 3644 πατέρα
799 3575 895 3629 καὶ
931 3578 1149 3651 μητέρα
1174 3582 1270 3635 καὶ
1305 3586 1557 3651 γυναῖκα,
1578 3563 1688 3640 καὶ

112 3655 393 3748 ακολουθεί
419 3661 594 3716 ὀπίσω
623 3681 744 3734 μου,
768 3669 867 3721 οὑκ
896 3668 1013 3723 ἔστι
1045 3689 1147 3742 μου
1165 3671 1331 3739 ἄξιος,
1349 3693 1367 3725 r
1389 3676 1452 3729 Εί
1480 3676 1536 3729 δὲ
1565 3677 1689 3748 βού-

111 3742 193 3798 λει
237 3747 300 3801 rb
351 3748 696 3825 μειζότερον,
765 3756 1037 3813 ἄκουσον-
1109 3781 1129 3814 ι
1204 3763 1463 3837 Ἐῤῥήθη,
1532 3742 1685 3840 φησι,

110 3841 221 3932 τοῖς
257 3841 527 3912 ἀρχαίοις,
562 3847 637 3899 Οὐ
675 3850 1015 3921 μοιχεύσεις·
1078 3854 1189 3925 ἐγὼ
1255 3856 1312 3910 δὲ
1354 3858 1497 3927 λέγω
1534 3861 1683 3932 ὑμῖν,

110 3928 196 4023 δτι
220 3934 326 3996 πᾶς
357 3937 386 3988 6
410 3936 686 4008 ἐμϐλέψας
713 3946 948 4010 γυναῖκα
974 3945 1109 4017 πρὸς
1124 3947 1184 3999 τὸ
1198 3947 1557 4020 ἐπιθυμῆσαι,
1574 3928 1684 4023 ’ἤδη

113 4021 427 4116 ἐμοίχευσεν
461 4031 630 4105 αὐτὴν
667 4035 725 4086 ἐν
759 4037 822 4106 τῇ
855 4036 1052 4109 καρδίᾳ
1088 4039 1275 4096 αὑτοῦ.
1321 4061 1340 4094 ι
1378 4043 1439 4096 Εἰ
1467 4039 1558 4098 οὖν

115 4114 209 4167 τοῦ
253 4118 531 4191 ὀφθαλμοῦ
580 4124 875 4196 ἐπιθυμίαν
921 4130 1166 4199 μοιχείαν
1211 4131 1241 4184 6
1292 4134 1525 4205 Χριστὸς
1574 4114 1687 4200 τοῖς

116 4213 322 4274 πιστοῖς
352 4211 648 4282 λογίζεται,
681 4217 842 4271 ποίαν
876 4219 1065 4275 λοιπὸν
1107 4222 1422 4293 φιλοσοφίαν
1456 4228 1549 4280 καὶ
1585 4245 1686 4281 πο-

112 4295 315 4355 λιτείαν
341 4306 390 4357 of
428 4309 610 4362 πιστοὶ
641 4311 792 4382 παρὰ
818 4315 944 4378 τοὺς
976 4314 1036 4367 ὲν
1065 4318 1133 4387 τῇ
1171 4316 1383 4390 Παλαιᾷ
1420 4321 1685 4374 ἀπαιτού-

118 4391 280 4484 μῖθας
326 4397 392 4450 Et
448 4401 559 4472 γὰρ
604 4403 723 4469 ἐξὸν
778 4405 870 4460 τὸν
930 4407 1217 4480 ἄνθρωπον
1274 4410 1369 4464 δύο
1423 4417 1685 4484 γυναῖκας

1801 2173 1917 2231 rius
1945 2190 2162 2247 quoque
2207 2186 2288 2234 est
2345 2180 2554 2250 peccati
2600 2181 2818 2237 modus.
2869 2180 3025 2239 Multi
3073 2184 3216 2237 enim
3251 2199 3379 2255 pec-

1798 2270 1927 2318 cant
1960 2264 2016 2321 in
2066 2268 2322 2335 ecclesia,
2361 2268 2668 2340 duplexque
2683 2271 2946 2341 judicium
2976 2272 3233 2327 subeunt.
3265 2271 3377 2329 εω-

1796 2375 1865 2431 pe
1884 2360 2029 2417 enim
2063 2362 2157 2416 alii
2208 2360 2490 2417 Iudaicam
2525 2365 2847 2421 simulantes
2876 2364 3196 2420 charitatem
3238 2367 3376 2421 ami-
3436 2410 3439 2413 λ

1794 2460 1985 2507 corum
2014 2453 2278 2524 conjuges
2318 2457 2711 2510 contaminant.
2766 2455 2896 2522 Quae
2929 2457 3150 2527 quidem
3191 2458 3372 2513 omnia

1794 2542 2060 2611 dijudicat
2084 2552 2140 2599 et
2161 2544 2305 2599 videt
2332 2545 2519 2614 justus
2541 2545 2636 2602 Dei
2666 2548 2881 2613 oculus,
2914 2548 3070 2618 juxta
3102 2547 3372 2604 ineffabile

1793 2632 1919 2703 ejus
1942 2633 2212 2703 judicium
2248 2638 2344 2706 qui
2392 2652 2682 2707 personam
2721 2654 2833 2694 non
2879 2639 3100 2709 accipit,
3137 2649 3191 2693 ct
3217 2638 3372 2709 juxta

1793 2737 2107 2783 accuratam
2133 2729 2257 2799 ejus
2276 2743 2339 2795 et
2368 2730 2592 2785 minime
2619 2731 2901 2789 ridendam
2944 2733 3227 2787 trutinam.

1864 2928 2086 2997 ρυλες-ι’.
2115 2927 2351 2984 XCVIII.
2388 2927 2524 2984 Cum
2566 2931 2723 2985 multi
2764 2931 2899 3001 justi
2931 2932 3177 3001 duas_vel
3205 2934 3368 2990 etiam

1789 3028 1904 3077 tres
1942 3036 2138 3078 uxores
2177 3021 2231 3075 in
2266 3019 2448 3077 Veteri
2479 3020 2830 3079 Testamento
2860 3024 3172 3088 habuerint,
3201 3041 3371 3096 quare

1790 3111 1952 3167 nobis
1980 3127 2090 3166 non
2117 3111 2414 3168 licet..duas
2447 3112 2900 3185 habere'uxores,
2926 3130 3026 3171 nec
3050 3116 3213 3171 etiam
3238 3130 3370 3171 con-

1715 3242 1757 3302 c
1790 3204 2022 3262 cubinas
2037 3206 2325 3276 possidere
2338 3208 2363 3260 ?

1861 3320 2025 3377 Rssr.
2055 3321 2173 3378 Non
2204 3325 2368 3379 modo
2403 3326 2525 3395 pios
2552 3325 2692 3380 duas
2721 3325 2924 3380 habere
2968 3340 3170 3381 uxores
3197 3323 3368 3380 vetuit

1784 3411 2062 3478 Christus,
2086 3415 2180 3470 sed
2202 3417 2364 3471 etiam
2389 3417 2638 3472 hortatus
2654 3425 2737 3472 est
2761 3424 2820 3470 ut
2845 3418 2912 3472 ab
2934 3416 3051 3487 ipsa
3070 3432 3177 3471 una
3205 3417 3372 3472 absti-

1787 3510 1970 3558 neant.
2022 3522 2042 3555 ι
2075 3505 2269 3571 Amen,
2334 3506 2531 3577 inquit,
2594 3506 2718 3563 dico
2751 3507 2929 3571 vobis,
2976 3507 3070 3577 qui
3114 3522 3220 3562 non
3252 3506 3368 3562 odit

1787 3604 1994 3663 patrem
2029 3599 2083 3647 et
2112 3602 2338 3649 matrem
2371 3602 2425 3650 et
2462 3610 2683 3652 uxorem
2727 3613 2827 3652 nec
2850 3597 3099 3667 sequitur
3120 3612 3225 3662 me,
3256 3613 3367 3652 non

1785 3689 1870 3738 est
1904 3698 1990 3738 me
2018 3683 2214 3755 dignus
2236 3685 2305 3741 ⁸⁸.
2334 3705 2353 3739 ι
2378 3686 2533 3753 Quod
2557 3688 2603 3743 si
2626 3689 2804 3758 majus
2829 3688 3035 3758 aliquid
3059 3697 3235 3760 optas,
3251 3688 3367 3746 haec

1787 3772 1913 3827 audi
1937 3792 1950 3828 :
1974 3792 1993 3824 ι
2018 3773 2235 3831 Dictum
2271 3785 2375 3843 est,
2410 3777 2607 3848 inquit,
2636 3779 2878 3850 antiquis
2910 3796 2924 3833 :
2962 3777 3081 3834 Non
3126 3781 3368 3835 mwcha-

1784 3863 1970 3919 heris:
2007 3880 2108 3936 ego
2140 3874 2317 3922 autem
2358 3868 2482 3924 dico
2514 3869 2666 3924 vobis
2705 3870 2833 3939 quia
2865 3870 3045 3925 omnis
3087 3872 3180 3940 qui
3213 3870 3366 3925 vide-

1787 3954 1856 4009 rit
1884 3955 2165 4010 mulierem
2198 3956 2266 4011 ad
2289 3958 2789 4029 concupiscendum
2815 3974 2957 4024 eam,
2985 3958 3097 4029 jam
3124 3958 3363 4014 mercha-

1786 4054 1876 4102 tus
1914 4056 1999 4102 est
2027 4063 2146 4102 eam
2187 4050 2242 4103 in
2285 4050 2448 4105 corde
2480 4067 2579 4106 suo
2604 4052 2674 4109 ⁶⁶.
2717 4071 2736 4104 ι
2772 4050 2829 4107 Si
2864 4052 3032 4122 igitur
3065 4050 3209 4104 oculi
3238 4065 3363 4105 con-

1787 4139 2181 4210 cupiscentiam
2248 4139 2502 4199 Christus
2562 4143 2617 4198 in
2684 4144 2938 4200 fidelibus
2999 4150 3186 4199 censet
3240 4157 3363 4198 esse

1786 4232 2134 4298 adulterium,
2167 4251 2441 4306 quaenam,
2473 4253 2678 4307 quaeso,
2706 4236 3073 4307 philosophia,
3112 4236 3364 4307 quinam-

1785 4341 1850 4380 vc
1873 4325 2088 4379 vivendi
2120 4326 2313 4383 modus
2368 4344 2399 4383 a
2453 4331 2612 4385 nobis
2654 4329 2904 4384 ﬁdelibus
2963 4343 3075 4399 prae
3122 4326 3362 4397 antiquis

1785 4417 2063 4488 exigitur?
2091 4418 2147 4472 Si
2183 4420 2329 4475 enim
2361 4420 2487 4476 licet
2510 4419 2719 4475 homini
2746 4419 2880 4474 duas
2914 4418 3115 4474 habere
3139 4433 3360 4483 uxores,

108 4481 275 4582 ἔχειν,
320 4491 585 4563 πρόδηλον
639 4487 725 4549 ὅτι
776 4499 868 4553 καὶ
929 4502 998 4572 τῇ
1048 4504 1270 4570 γυναικὶ
1323 4481 1679 4579 δύο-ἄνδρας.

1799 4516 1936 4563 :erte
1968 4518 2020 4564 et
2049 4511 2207 4565 uxori
2228 4510 2367 4566 duos
2399 4513 2644 4568 maritos.
2690 4512 2832 4567 Audi
2877 4528 3010 4582 ergo
3042 4510 3173 4581 quid
3217 4512 3364 4566 dicat

113 4573 375 4633 ’Ἄκουσον
400 4582 537 4650 ’γοῦν
569 4584 662 4638 τοῦ
685 4585 820 4641 Θεοῦ
854 4590 1093 4661 περὶτοῦ
1125 4592 1318 4665 ἀνδρὸς
1349 4597 1441 4651 καὶ
1466 4573 1685 4668 τῆςηγυ-

1799 4598 1928 4654 Deus
1958 4599 2024 4654 de
2073 4603 2191 4655 viro
2239 4610 2291 4655 et
2326 4602 2394 4657 de
2436 4619 2626 4667 uxore,
2664 4623 2683 4656 ‹
2719 4602 2893 4656 Erunt
2955 4603 3064 4658 duo
3113 4603 3167 4656 in
3198 4616 3362 4657 carne

106 4668 294 4733 ’ναικὸς
341 4671 612 4740 λέγοντος,
662 4677 742 4732 ὅτι
777 4697 798 4731 r
829 4681 1079 4736 Ἔσονται
1135 4686 1184 4738 oi
1237 4684 1329 4739 δύο
1370 4688 1450 4751 είς
1502 4672 1681 4761 σάρκα

1799 4706 1895 4744 una
1922 4692 1989 4746 ⁵⁷.
2034 4711 2052 4743 ι
2088 4691 2209 4747 Νοη
2257 4694 2428 4758 dixit,
2467 4713 2486 4747 ε
2527 4694 2699 4749 Erunt
2742 4703 2851 4750 tres
2880 4695 2935 4749 in
2967 4710 3132 4749 carne
3158 4708 3285 4749 una.
3334 4712 3355 4746 ι

112 4758 264 4826 μίαν.
302 4782 320 4816 r
344 4766 458 4820 Καὶ
484 4768 585 4825 οὐκ
610 4765 781 4838 εἶπεν,
813 4790 832 4824 ι
864 4773 1118 4829 Ἔσονται
1138 4778 1188 4830 οἱ
1210 4782 1360 4849 τρεῖς
1397 4782 1477 4845 εἰς
1502 4782 1681 4853 σάρκα

1799 4778 2171 4837 Verumtamen
2189 4798 2296 4837 una
2328 4784 2526 4839 mulier
2552 4785 2672 4838 viro
2704 4785 2924 4849 tradita,
2949 4785 3051 4855 ipsi
3076 4792 3130 4840 et
3157 4783 3361 4839 mundo

112 4848 250 4947 μξαν
280 4854 407 4927 (58).
458 4876 477 4910 ι
534 4858 724 4931 Ὅμως
771 4861 869 4933 μία
901 4863 1058 4936 γυνὴ,
1112 4848 1328 4921 δοθεῖσα
1378 4868 1457 4946 τῷ
1501 4848 1677 4941 ἀνδρὶ,

1806 4871 2041 4927 ηείόίιιιιι
2075 4882 2196 4929 est:
2234 4875 2365 4946 quid
2399 4876 2564 4947 igitur
2588 4892 2855 4947 passurus
2880 4885 2996 4932 erat
3028 4877 3285 4944 mundus,
3314 4876 3361 4931 si

106 4942 261 5015 αὐτῷ
301 4964 359 5002 τε
392 4950 487 5004 καὶ
527 4949 608 5022 τῷ
654 4952 845 5025 κόσμῳ
885 4954 1275 5010 ἐπεϐούλευσε’
1314 4958 1366 5012 τί
1398 4942 1620 5031 ἔμελλεν
1650 4964 1680 5015 6

1799 4964 1927 5021 Deus
1966 4966 2034 5021 ah
2060 4967 2211 5022 initio
2227 4942 2363 5024 duas
2385 4942 2640 5025 mulieres
2665 4970 2870 5025 homini
2906 4970 3178 5025 dedisset?
3205 4967 3362 5035 Quod

110 5033 313 5107 κόσμος
337 5041 547 5107 παθεῖν,
578 5044 627 5096 εί
664 5044 889 5116 ἐποίησε
920 5049 948 5100 6
985 5046 1118 5112 Θεὸς
1149 5048 1243 5103 δύο
1281 5054 1544 5120 γυναῖκας
1582 5055 1679 5107 ἀπ’

1799 5058 1829 5111 ii
1858 5059 2058 5129 quaeris
2084 5060 2241 5129 cujus
2269 5060 2348 5116 rei
2363 5062 2533 5132 gratia
2547 5061 2755 5131 antiqui
2772 5061 2906 5116 duas
2923 5061 3008 5116 vel
3029 5068 3140 5115 tres
3162 5074 3361 5115 uxores

111 5126 283 5199 ἀρχῆς
303 5132 485 5187 λαϐεῖν
522 5134 614 5189 τὸν
651 5136 973 5208 ἄνθρωπον;
1002 5139 1066 5193 Εί
1095 5139 1153 5194 δὲ
1184 5140 1367 5213 ζητεῖς
1402 5143 1546 5208 τίνος
1577 5145 1679 5217 χά-

1799 5148 2104 5215 habuerint,
2129 5151 2283 5206 disce
2311 5158 2569 5207 accurate
2606 5166 2830 5207 causam
2853 5167 2996 5217 esse,
3019 5149 3166 5221 quod
3191 5150 3361 5203 multa

115 5234 206 5288 ριν
243 5223 289 5274 οἱ
326 5225 538 5297 ἀρχαῖοι
582 5228 677 5281 κα)⁸
724 5228 817 5282 δύο
856 5231 953 5285 καὶ
1000 5235 1151 5304 τρεῖς
1195 5239 1460 5304 γυναῖκας
1510 5234 1676 5310 εἶχον,

1799 5255 1915 5295 .unc
1944 5238 2149 5297 diaboli
2206 5243 2412 5315 vigeret
2455 5244 2736 5316 tyrannis,
2792 5259 2953 5314 quam
2984 5241 3236 5299 Christus
3265 5242 3362 5298 ad-

116 5309 347 5377 μάνθανε
378 5318 643 5389 ἀκριϐῶς,
686 5319 767 5373 ὅτι
802 5320 971 5394 πολλὴ
1002 5319 1070 5394 ἦν
1103 5325 1222 5378 τότε
1247 5325 1340 5379 τοῦ
1367 5327 1610 5382 διαϐόλου
1643 5332 1679 5402 ἠ

1799 5341 1947 5387 ventu
1979 5349 2080 5389 suo
2102 5309 2390 5401 destriixit,
2418 5309 2509 5407 qui
2534 5344 2586 5392 et
2607 5309 3103 5391 multos—daemones
3130 5351 3160 5390 e
3180 5336 3361 5390 medio

110 5405 375 5472 τυραννὶς,
405 5409 472 5480 ἢν
498 5411 527 5462 ὁ
554 5411 788 5482 Χριστὸς
816 5412 1156 5487 ἐπιδημήσας
1190 5419 1524 5491 κατήργησε,
1559 5422 1681 5475 πολ-

1799 5425 2029 5494 iustulit,
2057 5427 2301 5497 aliosque
2331 5427 2387 5483 in
2409 5429 2664 5499 abyssum
2689 5426 3101 5494 exterminavit,
3133 5425 3276 5480 alios
3302 5425 3358 5480 in

190 5556 231 5589 "
265 5560 392 5617 Luc.
429 5581 543 5631 xw,
573 5565 665 5621 26.
739 5567 786 5601 ⁸⁸
823 5567 1014 5629 Matth.
1052 5587 1102 5639 v,
1139 5571 1230 5639 27,
1262 5574 1352 5630 28.
1427 5576 1472 5608 "
1513 5576 1707 5634 Cenes.
1742 5596 1803 5646 ιι,
1838 5579 1927 5639 ‘24.

1848 5755 1969 5843 (EQ
2005 5756 2157 5843 diss”
2187 5759 2301 5843 {ari
2327 5763 2498 5843 κρῖμα
2522 5759 2793 5843 διάφορςιν.

194 5732 295 5877 (35;
328 5735 419 5793 Sic
443 5754 581 5795 mss.
614 5739 755 5796 Editi
778 5759 926 5810 vero,
954 5745 1283 5803 ὲκδώσαντα.
1848 5756 1868 5828 (_

197 5802 275 5871 ('56
330 5806 408 5865 ita
433 5810 584 5867 editi.
615 5808 742 5869 Mss.
775 5828 920 5877 vero,
953 5815 1044 5872 τὸν
1071 5817 1299 5877 σύμϐιον
1323 5818 1531 5877 ἕνοντα.
1861 5838 1868 5877 ι

1861 5823 1972 5898 (58)
2006 5828 2082 5885 Ita
2106 5846 2237 5887 mss.
2268 5830 2326 5885 In
2355 5823 2536 5896 editis,
2565 5823 2643 5894 εις
2672 5823 2850 5901 σάρκα
2878 5828 3005 5919 μίαν
3030 5828 3249 5886 desunt.

197 5802 293 5877 ('56)
330 5806 408 5865 ita
433 5810 584 5867 editi.
615 5808 742 5869 Mss.
775 5802 924 5882 vero,
953 5815 1044 5872 τὸν
1071 5802 1299 5889 σύμϐιον
1323 5818 1531 5892 ἔχοντα.

1651 5950 1737 5963 nn>‘
