3852 6192
501 402 604 461 σεε)

1667 405 1727 460 s.
1767 376 2227 463 li'rttANAsms.
2270 436 2340 447 -
2379 386 2673 463 spuma;

3652 405 3767 463 660

495 517 719 576 deserta
756 520 901 585 loca,
933 520 1072 575 alios
1104 519 1162 574 in
1192 525 1372 576 terras
1413 520 1798 578 inhabitabiles
1836 531 1892 578 et
1932 524 2083 579 inac-

2207 524 2310 585 tobg
2334 521 2444 576 τῶν
2465 521 2737 591 δαιμόνων
2756 518 2820 572 ὲκ
2845 516 3012 589 μέσου
3036 517 3308 591 ἐξορίσαςθ
3333 517 3461 583 τούς
3489 517 3587 591 μὲν
3610 519 3673 574 ἐν
3701 526 3765 591 τῇ

494 626 705 670 cessas.

569 790 737 861 239
758 788 979 856 Qussr.
1003 787 1193 844 XCIX.
1226 787 1330 854 Qui
1364 791 1425 846 ﬁt
1451 803 1512 848 ut
1542 808 1684 864 saepe
1709 796 1928 851 somnia
1957 809 2086 850 vera

498 882 613 938 sint
632 883 654 934 ?

564 972 728 1029 Resp.
759 973 819 1029 ιιι
865 992 1008 1047 saepe
1035 995 1102 1034 ex
1147 979 1256 1036 Deo
1294 978 1487 1034 venit:
1515 992 1661 1047 saepe
1698 977 1863 1032 etiam
1899 991 2034 1032 casu
2065 995 2081 1031 :

503 1080 901 1136 nonnunquam
950 1071 1154 1131 anima,
1202 1078 1394 1140 utpote
1419 1068 1782 1139 intelligentia
1832 1066 2083 1137 pradita,

502 1157 686 1212 futura
708 1161 1000 1230 praenoscit
1036 1179 1050 1215 :
1091 1161 1343 1231 quaedam
1366 1160 1531 1217 etiam
1557 1160 1838 1215 daemones
1860 1160 1916 1213 in
1936 1173 2087 1214 som-

502 1252 593 1307 nis
625 1254 949 1322 praedicunt.

571 1349 795 1413 Quassr.
829 1349 891 1403 C.
926 1347 1066 1413 Quid
1098 1347 1307 1418 igitur?
1330 1360 1462 1399 num
1504 1344 1783 1399 daemones
1811 1351 1866 1399 et
1888 1344 2086 1400 diabo—

500 1442 590 1496 lus
624 1441 843 1511 praescii
898 1455 1083 1494 rerum
1137 1446 1291 1504 sunt,
1339 1446 1396 1493 et
1444 1438 1700 1492 cordium
1747 1437 2085 1507 cognitores,

500 1550 675 1605 eaque
704 1549 824 1604 qua:
854 1532 1038 1587 futura
1063 1534 1174 1587 sint
1202 1539 1434 1603 possunt
1463 1529 1806 1600 praedicere?

574 1625 736 1681 Rssr;
765 1625 926 1681 Solus
952 1625 1095 1681 Deus
1128 1642 1217 1681 res
1246 1625 1488 1695 prms‘cit,
1519 1630 1574 1678 et
1604 1623 1856 1677 cordium
1892 1622 2085 1692 cogni-

499 1724 591 1772 tor
625 1728 731 1774 est.
761 1718 947 1788 Neque
972 1718 1115 1773 enim
1147 1718 1252 1787 ipsi
1280 1718 1456 1787 angeli
1485 1723 1688 1771 norunt
1725 1730 1789 1769 ea
1813 1728 1934 1784 quas
1961 1720 2089 1767 sunt

501 1810 558 1863 in
586 1810 772 1871 corde,
821 1823 922 1863 nec
949 1823 1068 1878 qua:
1113 1807 1295 1861 futura
1348 1814 1496 1862 sunt.
1544 1805 1615 1859 At
1654 1805 1930 1859 daemones
1967 1814 2088 1871 quae

2186 615 2429 686 άϐύσσῳ,
2452 615 2584 675 τοὺς
2610 611 2667 664 δὲ
2695 612 2754 664 ὲν
2792 612 3043 682 ἐρήμοις,
3080 612 3177 664 καὶ
3205 612 3483 682 ἀοικήτοις
3510 612 3604 666 καὶ
3629 613 3766 666 ἀϐά-

2184 723 2299 770 τοις
2329 706 2537 768 τόποις.

2270 795 2462 869 Ἐρὼτ.
2498 794 2603 863 ιιθκ
2650 794 3070 860 Πῶςιπολλάκις
3096 793 3167 847 τά
3212 793 3311 864 μὲν
3343 793 3452 848 τῶν
3498 795 3767 848 ἐνυπνίων

2187 887 2545 958 ἀληθεύουσιν
2566 903 2581 953 ;

2268 980 2459 1034 Ἀπόκ.
2494 978 2665 1033 Τοῦτο
2684 977 2946 1042 πολλάκις
2977 979 3187 1047 γίνεται
3220 977 3315 1033 καὶ
3343 979 3409 1032 ἐκ
3438 978 3611 1033 Θεοῦ⁹
3645 981 3768 1032 πολ-

2186 1071 2345 1135 λάκις
2377 1072 2435 1125 δὲ
2465 1071 2559 1126 καὶ
2585 1072 2651 1125 ἐκ
2676 1070 2769 1125 τοῦ
2811 1070 3241 1142 συμϐεϐηκότος.
3272 1070 3429 1122 Ἔστι
3457 1071 3503 1123 δ’
3527 1072 3618 1125 ὅτε
3676 1072 3769 1125 καὶ

2186 1163 2264 1227 ὡς
2297 1163 2461 1235 νοερὰ
2490 1160 2626 1217 οὖσα
2657 1164 2690 1234 ἡ
2723 1162 2869 1233 ψυχὴ
2899 1161 3267 1233 προγινώσκει
3286 1180 3300 1192 ·
3340 1162 3463 1216 τινὰ
3494 1162 3555 1216 δὲ
3592 1164 3691 1217 καὶ
3721 1165 3768 1216 οι

2191 1257 2446 1328 δαίμονες
2472 1255 2882 1328 προδεικνύουσι
2914 1255 2980 1308 δι’
3012 1254 3297 1308 ἐνυπνίων.

2270 1347 2461 1419 Ἐρώτ.
2503 1355 2567 1418 ρ’.
2598 1346 2663 1399 Τί
2690 1342 2820 1413 οὖν;
2861 1345 3219 1418 προγνώστης
3251 1345 3361 1416 (59)
3395 1347 3546 1400 ἐστὶν
3577 1348 3606 1400 ό
3653 1348 3770 1402 διά-

2188 1439 2345 1504 ϐολος
2373 1441 2468 1509 κα).
2493 1441 2543 1493 οἱ
2581 1439 2867 1510 δαίμονες,
2897 1439 2993 1493 καὶ
3030 1439 3287 1495 δύνανται
3325 1439 3500 1492 εἰπεῖν
3540 1439 3611 1493 τὰ
3643 1441 3771 1511 μὲλ-

2188 1530 2351 1585 λοντα
2376 1530 2630 1600 γενέσθαι
2652 1547 2667 1597 ;

2273 1621 2464 1677 ’Δπόκ.
2500 1620 2866 1693 Προγνὼστης
2908 1621 3004 1674 καὶ
3051 1622 3489 1695 καρδιογνώστης
3541 1625 3704 1695 μόνος
3744 1626 3773 1677 ό

2187 1710 2322 1775 Θεὸς
2353 1711 2802 1784 ὑπάρχειο,ὲπεὶ
2851 1711 2975 1764 οὐδὲ
3027 1712 3182 1765 αὐτοὶ
3211 1716 3261 1767 oi
3305 1714 3527 1783 ἄγγελοι
3585 1714 3658 1767 τὰ
3716 1717 3772 1767 ὲν

2190 1803 2408 1875 καρδίᾳ,
2444 1802 2574 1874 ἢτὰ
2604 1803 2866 1874 μέλλοντα
2905 1804 3248 1859 ἐπίστανται.
3289 1807 3352 1859 Oi
3398 1806 3457 1860 δὲ
3496 1806 3771 1875 δαίμονες,

499 1902 802 1974 praedicere
853 1900 1216 1965 arbitrantur,
1260 1915 1324 1955 ea
1377 1915 1445 1953 ex
1498 1898 1703 1953 astutia
1764 1896 2087 1965 conjiciunt.

2207 1894 2291 1946 ica
2325 1892 2699 1965 προδεικνύειν
2726 1893 3060 1965 νομίζουσιν,
3100 1896 3164 1949 ὲκ
3202 1896 3541 1967 πανουργίας
3581 1913 3776 1966 στοχα-

501 1989 666 2048 Verbi
695 1992 905 2062 gratia,
937 2006 1084 2055 cum,
1112 1999 1173 2044 ut
1199 1988 1445 2059 Spiritus,
1483 1986 1687 2042 multos
1730 1984 1876 2056 apud
1922 1983 2087 2040 indos

499 2084 706 2140 imbres
764 2083 981 2148 vident,
1027 2082 1106 2137 illi
1135 2082 1190 2137 in
1227 2081 1464 2152 [Egypto
1506 2078 1866 2150 pmeniunt,
1899 2092 1965 2132 ac
1994 2092 2089 2147 per

500 2174 900 2229 incantationes
930 2179 984 2227 et
1015 2172 1289 2226 insomnia
1319 2185 1569 2240 magnam
1591 2170 1707 2226 fore
1724 2168 1828 2223 Nili
1850 2166 2086 2222 inunda-

501 2263 707 2320 tionem
769 2265 1141 2318 vaticinantur
1194 2281 1209 2317 :
1272 2263 1490 2333 aliaque
1543 2263 1631 2318 his
1694 2261 1900 2317 similia
1962 2273 2088 2329 per-

502 2369 692 2429 agunt.
736 2356 891 2427 Saapc
916 2365 1095 2412 autem
1123 2357 1289 2412 etiam
1321 2357 1680 2411 mentiuntur.
1718 2354 1859 2410 Hinc
1886 2353 1933 2410 si
1962 2352 2087 2423 quis

500 2452 627 2505 illos
646 2451 775 2505 velit
807 2451 1157 2513 convincere,
1186 2464 1372 2505 secum
1400 2449 1750 2513 determinet,
1786 2461 1852 2500 ac
1885 2459 2090 2515 suppo-

499 2550 598 2595 nat
629 2551 763 2611 quot
795 2555 1052 2595 nummos
1081 2540 1325 2596 crastina
1353 2538 1444 2593 die
1490 2537 1828 2593 distribuere
1873 2537 2084 2606 cupiat:

501 2635 624 2701 Quo
656 2632 800 2687 facto
834 2632 1073 2686 accitum
1098 2646 1313 2702 magum
1350 2633 1436 2686 vel
1465 2639 1642 2685 vatem
1677 2630 1981 2699 interroget
2016 2642 2082 2683 ea

503 2725 573 2781 de
617 2741 678 2780 re
707 2724 774 2779 de
818 2739 927 2793 qua
960 2722 1369 2791 determinavit,
1414 2722 1661 2792 nihilque
1692 2721 1918 2776 omnino
1964 2720 2087 2775 illos

503 2831 668 2887 posse
698 2817 906 2871 rescire
936 2815 1260 2886 comperiet.

575 2993 801 3060 Qums'r.
832 2990 918 3046 Cl.
946 2990 1084 3067 cum
1122 2992 1344 3062 quidam
1371 2998 1426 3046 et
1452 2989 1626 3046 Judaei
1645 2998 1702 3045 et
1731 2989 1960 3061 gentiles
1993 2987 2088 3042 be-

503 3084 701 3139 nellcia
732 3097 876 3151 saepe
914 3082 1183 3146 tribuant,
1231 3080 1483 3151 nunquid
1520 3080 1731 3135 idcirco
1771 3078 1826 3131 in
1856 3091 2085 3147 regnum

504 3175 771 3230 cmlorum
798 3172 1212 3243 ingrediuntur?
1236 3179 1331 3227 aut
1357 3172 1488 3243 quid
1525 3172 1686 3228 nobis
1709 3170 1778 3225 de
1807 3170 1916 3224 illis
1940 3169 2088 3239 judi-

503 3266 742 3320 candum
768 3264 893 3320 est?

571 3357 739 3413 Rssr.
759 3358 895 3413 Cum
923 3355 1187 3411 Dominus
1204 3353 1274 3409 ad
1298 3352 1655 3410 Nicodemum
1679 3353 1826 3408 dicat
1850 3371 1865 3408 :
1889 3352 2089 3407 (Amen

503 3451 629 3507 dico
653 3451 774 3514 tibi,
806 3449 915 3505 nisi
957 3450 1083 3520 quis
1111 3456 1275 3503 natus
1308 3446 1477 3501 fuerit
1510 3462 1608 3517 per
1650 3461 1848 3516 aquam
1882 3455 1937 3502 et
1971 3444 2094 3515 Spi-

505 3542 698 3604 ritum,
731 3554 843 3594 non
870 3539 1095 3597 intrabit
1130 3539 1186 3592 in
1210 3553 1441 3609 regnum
1471 3538 1825 3592 caelorum“:
1858 3555 1878 3589 ι
1916 3536 2093 3591 mani-

505 3636 707 3690 festum
754 3641 839 3689 est
874 3632 1150 3692 neminem
1204 3646 1316 3685 non
1360 3630 1697 3700 baptizatum
1746 3630 1802 3683 in
1838 3630 1972 3683 illud
2010 3629 2095 3683 in-

504 3736 848 3799 gressurum;
878 3724 937 3778 Id
967 3731 1152 3778 autem
1180 3721 1248 3777 de
1286 3721 1446 3777 bonis
1493 3721 1796 3776 inﬁdelium
1834 3720 2094 3790 operibus

503 3825 592 3873 est
626 3816 997 3881 sentiendum,
1030 3817 1114 3871 vel
1158 3830 1420 3886 prospera
1455 3829 1563 3885 qua
1598 3814 1687 3868 hic
1716 3821 1946 3867 utuntur
1984 3811 2096 3865 for-

502 3916 660 3969 tuna,
693 3906 971 3976 propriam
1002 3905 1282 3974 percipere
1315 3903 1646 3982 mercedem,
1696 3902 1782 3957 vel
1814 3902 1870 3955 in
1904 3899 2096 3955 futuro

505 3997 710 4051 saeculo
752 3996 927 4051 levius
973 4010 1096 4051 esse
1143 3991 1452 4064 puniendos
1486 3979 1648 4062 quam
1683 3999 1910 4046 caeteros
1959 3990 2099 4044 inii-

504 4089 677 4148 deles.
704 4087 797 4157 qui
826 4087 961 4141 nihil
997 4085 1127 4140 boni
1149 4096 1395 4155 egerunt.
1418 4083 1575 4149 Quod
1604 4082 1664 4152 lsi
1697 4082 1966 4151 scriptum
2004 4081 2095 4146 sit,

512 4182 730 4237 «Gloria
760 4189 815 4235 et
844 4181 1021 4235 honor
1047 4188 1100 4232 et
1130 4192 1230 4247 pax
1273 4176 1423 4231 omni
1455 4175 1706 4246 operanti
1742 4174 1969 4239 bonum,
2003 4169 2100 4225 Ju-

505 4275 624 4329 dato
663 4273 901 4343 primum
945 4278 998 4325 et
1022 4268 1211 4323 Grmco
1234 4270 1303 4333 5°,
1337 4286 1355 4318 ι
1382 4282 1454 4322 ne
1499 4266 1735 4321 mireris.
1794 4263 1921 4317 Haec
1952 4261 2099 4316 enim

505 4366 642 4419 dixit
669 4362 959 4433 Apostolus
973 4361 1041 4415 de
1069 4361 1137 4414 iis
1164 4360 1255 4429 qui
1281 4367 1405 4414 ante
1429 4359 1634 4414 Christi
1677 4357 1965 4413 adventum
2007 4369 2101 4409 cx-

506 4457 780 4509 stiterunt.

572 4546 793 4611 Qun-:51.
844 4542 952 4596 Cll.
1008 4541 1254 4597 Habetne
1301 4543 1462 4597 ﬁnem
1526 4550 1874 4610 peccatorum
1935 4559 2095 4614 poena

502 4652 677 4692 necne
695 4636 718 4688 ’ί

574 4726 737 4781 Rcsr.
770 4724 907 4779 Cum
938 4724 1200 4779 Dominus
1221 4726 1369 4779 dicat
1390 4726 1458 4780 de
1490 4726 1579 4793 iis,
1624 4725 1719 4796 qui
1756 4734 1886 4781 sunt
1909 4726 1966 4780 in
2008 4742 2097 4797 ge-

503 4820 685 4873 henna
714 4835 728 4871 :
762 4815 1011 4871 «Vermis
1045 4831 1232 4870 eorum
1271 4832 1380 4871 non
1411 4818 1697 4880 morietur,
1732 4827 1786 4871 et
1818 4817 1958 4889 ignis
1999 4834 2094 4873 eo-

504 4926 625 4965 rum
644 4926 752 4964 non
783 4908 1235 4979 exstinguetur“;
1257 4916 1337 4962 iet
1360 4925 1587 4964 rursus:
1612 4909 1966 4966 «Peccatores
1996 4926 2094 4965 au-

504 5011 612 5057 tem
646 5003 801 5056 ibunt
824 5001 878 5054 in
911 5015 1101 5070 pmnas
1130 5008 1398 5066 aeternas;
1436 5022 1454 5052 ι
1486 5017 1611 5055 cum
1640 5003 1767 5056 item
1796 5001 2090 5072 Apostolus

504 5095 652 5148 dicat
681 5112 695 5148 :
734 5092 941 5147 «Nolite
970 5105 1178 5156 errare,
1218 5108 1397 5162 neque
1429 5094 1682 5158 adulteri,
1721 5111 1901 5165 neque
1930 5111 2085 5150 scor—

503 5194 733 5249 tatores,
758 5200 936 5255 neque
958 5184 1171 5249 molles,
1203 5200 1383 5255 neque
1423 5186 1792 5241 masculorum
1827 5189 2087 5242 concubi-

506 5283 679 5339 tores,
713 5291 889 5345 neque
911 5275 1139 5339 ebriosi,
1188 5290 1363 5344 neque
1403 5277 1674 5341 maledici,
1715 5294 1893 5348 neque
1922 5295 2084 5348 rapa-

506 5382 598 5419 ces
627 5382 850 5437 regnum
883 5365 975 5419 Dei
999 5366 1356 5436 possidebunt
1375 5367 1415 5398 ⁶¹
1440 5385 1453 5421 :
1480 5387 1498 5418 ι
1518 5384 1583 5421 ex
1611 5369 1697 5424 bis
1722 5370 2085 5441 liquetjusto-

507 5469 630 5509 rum
680 5464 940 5511 atternam
985 5471 1108 5511 esse
1166 5456 1580 5525 beatitudinem,
1625 5466 1680 5514 et
1731 5459 2081 5530 peccatorum

2118 4585 2173 4645 D

2189 1981 2411 2054 ζόμενοι
2444 1982 2622 2038 ταῦτα
2650 1983 2924 2054 λέγουσιν.
2961 1980 3089 2039 Οἷόν
3121 2003 3177 2039 τι
3212 1986 3476 2051 πολλάκις
3501 1986 3579 2050 ὡς
3610 1985 3776 2040 πνεύ·

2191 2092 2339 2147 ματα
2387 2076 2555 2147 ὁρῶσι
2614 2077 2743 2140 τοὺς
2783 2076 3026 2149 ὄμϐρους
3079 2079 3210 2142 τοὺς
3253 2078 3509 2142 Ἰνδικοὺς
3546 2077 3777 2143 πολλοὺς

2188 2165 2528 2237 γινομένους,
2551 2167 2646 2220 καὶ
2671 2166 3151 2239 προλαμϐάνουσιν
3175 2170 3235 2223 ὲν
3261 2170 3549 2241 Αἰγύπτῳ,
3568 2170 3667 2224 καὶ
3690 2170 3777 2223 διά

2189 2258 2548 2330 φαρμακειῶν
2566 2258 2678 2329 (40)
2710 2258 2743 2331 ἢ
2769 2260 3087 2331 ὀνειράτων,
3116 2262 3360 2333 μεγάλην
3387 2262 3659 2316 ἀνάϐασιν
3681 2261 3777 2316 τοῦ

2188 2350 2387 2405 Νείλου
2415 2349 2665 2421 ποταμοῦ
2710 2351 3069 2421 μαντεύονται
3096 2352 3209 2423 (41)
3227 2370 3240 2382 ·
3285 2353 3379 2406 καὶ
3403 2353 3542 2407 ἄλλα
3566 2354 3628 2407 δέ
3657 2372 3778 2407 τινα

2189 2446 2354 2516 ὃμοια
2382 2445 2595 2509 τούτοις
2627 2445 3069 2517 διαπράττονται.
3105 2444 3376 2510 Πολλάκις
3414 2446 3472 2500 δὲ
3508 2450 3607 2499 καὶ
3649 2446 3777 2517 ψεύ-

2188 2536 2389 2591 δονται.
2411 2538 2523 2590 Καὶ
2548 2539 2577 2590 ὁ
2597 2536 2921 2607 βουλόμενος
2938 2536 3164 2601 τούτους
3197 2537 3414 2606 ἐλέγξαι
3445 2538 3694 2608 όρισάτω
3721 2539 3777 2590 ὲν

2187 2631 2256 2700 τῇ
2289 2628 2482 2681 ἑαυτοῦ
2511 2627 2680 2699 ψυχῇ,
2723 2628 2922 2681 ὑπόθου
2944 2630 2961 2649 ’
2985 2628 3128 2682 πόσα
3174 2630 3484 2701 νομίσματα
3505 2630 3776 2683 διαδοῦναι

2189 2722 2269 2783 είς
2294 2721 2394 2791 τὴν
2429 2719 2646 2792 αὐριοψ
2696 2721 2790 2774 καὶ
2814 2721 3330 2793 προσκαλεσάμενος
3361 2722 3453 2776 τὸν
3483 2722 3775 2794 φαρμακὸν

2188 2812 2221 2881 ἢ
2251 2812 2342 2866 τὸν
2377 2813 2593 2884 μάντιν,
2629 2813 2963 2885 ὲρωτησάτω
2987 2814 3171 2877 αὐτὸν,
3196 2814 3336 2885 περὶ·
3356 2807 3418 2866 οὗ
3445 2813 3617 2885 ὥρισε
3638 2830 3653 2843 ·
3682 2815 3775 2867 καὶ

2190 2904 2411 2967 πάντως
2440 2905 2699 2976 εὑρήσεις
2728 2905 2893 2959 αὐτὸν
2929 2905 3094 2977 μηδὲν
3128 2907 3492 2976 ἐπιστάμενον
3517 2909 3695 2960 εἰπεῖν

2274 2994 2465 3067 Ἐρώτ.
2502 3002 2604 3067 ρα’.
2642 2995 2858 3066 Ἐπειδή
2882 3013 3029 3059 τινες
3056 2997 3150 3050 καὶ
3179 2996 3445 3061 Ἰουδαῖοι,
3468 2998 3565 3050 καὶ⁵
3583 2997 3774 3066 Ἐλλη-

2189 3103 2301 3152 νες,
2325 3087 2588 3151 πολλάκις
2612 3087 2862 3150 εὐποιίας
2886 3087 3232 3160 ἐργάζονται,
3256 3084 3365 3159 ἆρα
3395 3088 3487 3141 διὰ
3514 3088 3674 3142 τοῦτο
3698 3090 3774 3152 εἱς

2190 3179 2287 3251 τὴν
2318 3179 2594 3250 βασιλείαν
2643 3179 2753 3233 τῶν
2793 3180 3039 3250 οὐρανῶν
3085 3179 3454 3252 είσέρχονται;
3497 3181 3533 3252 ἢ
3564 3181 3619 3234 τί
3670 3180 3773 3253 χρὴ

2191 3271 2322 3343 περὶ
2346 3271 2526 3325 αὐτῶν
2556 3269 2868 3339 λογίζεσθαι
2887 3287 2903 3337 ;

2273 3363 2461 3417 Ἀπόκ.
2515 3361 2621 3415 Τοῦ
2682 3362 2889 3434 Κυρίου
2937 3362 3187 3433 λέγοντος
3241 3364 3380 3435 πρὸς
3427 3366 3769 3440 Νικόδημον·
3828 3358 3829 3363 ¹

2198 3472 2217 3504 ι
2253 3453 2423 3526 Ἀμὴν
2448 3453 2592 3523 λέγω
2616 3471 2720 3519 σοι,
2748 3453 2844 3507 ἐὰν
2881 3456 2956 3526 μή
2987 3473 3071 3519 τις
3102 3457 3335 3528 γεννηθῇ
3361 3457 3431 3509 δι’
3456 3457 3651 3523 ὓδατος
3677 3459 3769 3512 καὶ

2194 3544 2533 3615 Πνεύματος,
2572 3546 2632 3599 οὐ
2686 3546 2761 3618 μὴ
2818 3545 3037 3619 εἰσέλθῃ
3080 3549 3160 3610 εἰς
3191 3548 3290 3618 τὴν
3340 3547 3633 3619 βασιλείαν
3664 3550 3772 3602 τῶν

2193 3638 2436 3709 οὐρανῶν
2456 3654 2468 3667 ·
2511 3658 2530 3690 ι
2550 3636 2770 3710 εὔδηλον
2815 3637 2897 3692 ὅτι
2936 3638 3110 3702 οὐδεὶς
3141 3634 3476 3705 ἀϐάπτιστος
3501 3643 3583 3701 είς
3608 3642 3773 3711 αὐτὴν

2195 3727 2576 3782 εἰσελεύσεται.
2596 3729 2767 3782 Τοῦτο
2784 3727 2842 3781 δὲ
2869 3729 2975 3802 χρὴ
3000 3731 3128 3803 περὶ
3151 3729 3394 3784 ἀπίστων
3424 3732 3775 3801 ἀγαθοποιῶν

2195 3819 2538 3889 λογίζεσθαι·
2578 3821 2611 3893 ἢ
2643 3822 2726 3874 ὅτι
2755 3819 2846 3875 διὰ
2864 3820 2963 3890 τῆς
2989 3820 3226 3875 ἐνταῦθα
3265 3822 3447 3875 αὐτῶν
3476 3825 3777 3896 εὐημερίας

2196 3912 2287 3965 τὸν
2313 3911 2443 3965 ἴδιον
2472 3912 2661 3983 μισθὸν
2697 3911 3067 3982 λαμϐάνουσιν
3086 3930 3100 3943 ο
3131 3913 3165 3985 ἢ
3195 3914 3277 3966 ὅτι
3307 3916 3366 3967 ὲν
3415 3914 3495 3985 τῷ
3530 3915 3777 3987 μέλλοντι

2197 4002 2355 4056 αἰῶνι
2385 4002 2765 4075 ὲλαφροτέρως
2809 4001 3129 4067 κολάζονται
3174 4003 3325 4073 παρὰ
3374 4005 3504 4068 τοὺς
3560 4006 3779 4067 λοιποὺς

2198 4094 2484 4156 ἀπίστους,
2514 4094 2642 4156 τοὺς
2678 4092 2846 4163 μηδὲν
2868 4093 3071 4161 ἀγαθὸν
3101 4096 3458 4165 ποιήσαντας.
3494 4096 3563 4149 Et
3590 4096 3649 4149 δὲ
3688 4097 3780 4149 καὶ

2199 4185 2543 4255 γέγραπται·
2597 4204 2615 4236 ι
2641 4184 2777 4250 Δόξα
2821 4186 2915 4239 καὶ
2944 4186 3100 4257 τιμὴ,
3130 4186 3225 4240 καὶ
3253 4188 3444 4259 εἰρήνη
3487 4190 3660 4242 παντὶ
3705 4188 3779 4257 τῷ

2200 4275 2549 4346 ἐργαζομένῳ
2600 4275 2662 4328 τὸ
2710 4274 2911 4343 ἀγαθὸν
2939 4317 2954 4343 ,
3008 4276 3243 4347 Ἰουδαίῳ
3298 4294 3359 4329 τε
3409 4278 3632 4350 πρῶτον
3691 4279 3779 4333 καὶ

2204 4365 2441 4436 Ἕλληνι,
2473 4386 2491 4417 ›
2546 4366 2621 4437 μὴ
2669 4366 2972 4438 θαυμάσῃς.
3025 4368 3162 4439 Περὶ
3203 4367 3312 4439 γὰρ
3357 4368 3468 4421 τῶν
3521 4370 3633 4441 πρὸ
3686 4370 3779 4440 τῆς

2200 4457 2434 4529 Χριστοῦ
2466 4459 2764 4528 παρουσίας
2789 4459 2959 4512 ταῦτα
2989 4454 3142 4515 εἶπεν
3174 4462 3563 4527 ὁἈπόστολος.

2286 4549 2477 4621 Ἐρὼτ.
2514 4553 2615 4622 ρβ’.
2640 4548 2788 4623 τΑρα
2817 4552 2873 4605 δὲ
2902 4552 3014 4623 ἔχει
3041 4552 3195 4617 τέλος
3222 4554 3329 4608 τῶν
3364 4556 3713 4628 ἁμαρτωλῶν
3748 4561 3777 4627 ἡ

2200 4643 2438 4707 κόλασις,
2477 4644 2510 4713 ἢ
2543 4643 2605 4696 οὐ
2626 4661 2640 4709 ;

2280 4735 2468 4787 Ἀπόκ.
2494 4734 2600 4788 Τοῦ
2622 4738 2826 4807 Κυρίου
2846 4738 3094 4809 λέγοντος
3114 4741 3243 4811 περὶ
3270 4739 3380 4793 τῶν
3401 4742 3461 4795 ὲν
3488 4746 3554 4813 τῇ
3579 4745 3775 4814 γεέννῃ

2195 4827 2275 4878 ὅτι
2305 4843 2324 4876 ι
2357 4827 2416 4879 '0
2463 4826 2677 4898 σκώληξ
2707 4829 2884 4900 αὐτῶν
2915 4831 2976 4884 οὐ
3014 4830 3362 4901 τελευτήσει,
3415 4834 3512 4887 καὶ
3555 4834 3622 4886 τὸ
3666 4835 3775 4906 πῦρ

2194 4915 2372 4970 αὐτῶν
2399 4918 2458 4969 οὐ
2491 4918 2878 4990 σϐεσθήσεται·
2908 4940 2927 4973 ι
2961 4923 3056 4977 καὶ
3095 4924 3255 4976 πάλιν
3276 4940 3288 4952 ·
3329 4941 3348 4971 ι
3377 4925 3441 4977 Οἱ
3493 4925 3550 4978 δὲ
3590 4927 3773 4998 ἀμαρ-

2191 5010 2354 5064 τωλοὶ
2395 5013 2474 5074 εἰς
2503 5013 2720 5066 κόλασιν
2748 5014 2963 5070 αίώνιον
2985 5017 3374 5071 ἀπελεύσονται
3395 5035 3411 5048 ’
3442 5038 3461 5069 ι
3485 5020 3582 5072 xa't
3614 5022 3773 5075 πάλιν

2168 5099 2285 5179 «τοῦ
2303 5101 2626 5156 Ἀποστόλου
2663 5104 2939 5172 λέγοντος·
2979 5125 2997 5157 ι
3027 5108 3119 5178 Μὴ
3151 5108 3429 5163 πλανᾶσθε
3449 5149 3464 5174 ,
3493 5109 3626 5164 οὔτε
3658 5130 3773 5182 μοις

2189 5190 2296 5262 χοὶ,
2334 5190 2459 5245 οὐτε
2486 5194 2709 5265 πόρνοι,
2744 5193 2867 5248 οὐτε
2898 5196 3153 5266 μαλακοὶ,
3194 5198 3317 5252 οὐτε
3365 5200 3768 5271 ἀρσενοκοῖται,

2188 5281 2313 5335 οὔτε
2344 5284 2589 5354 μέθυσοι,
2621 5287 2683 5339 οὐ
2718 5285 2965 5360 λοίδοροι,
3007 5290 3107 5360 οὐχ
3156 5290 3427 5362 ἅρπαγες,
3486 5291 3769 5362 βασιλείαν

2189 5374 2325 5427 Θεοῦ
2370 5376 2433 5428 οὐ
2490 5377 3023 5450 κληρονομήσουσιν·
3058 5401 3080 5434 ι
3133 5381 3354 5454 εὔδηλον
3412 5384 3498 5437 ὅτι
3546 5385 3768 5447 αἰώνιος

2190 5465 2285 5518 καὶ
2306 5466 2340 5536 ἡ
2365 5465 2473 5521 τῶν
2500 5467 2725 5523 δικαίων
2751 5468 3070 5539 ἀπόλαυσις,
3100 5471 3196 5525 καὶ
3224 5473 3258 5544 ή
3288 5471 3395 5527 τῶν
3419 5473 3768 5548 ἁμαρτωλῶν

468 5586 475 5667 Ῐ
579 5607 627 5640 ⁸⁸
662 5608 821 5664 Joan.
861 5626 942 5677 ιιι,
974 5611 1027 5664 5.
1103 5611 1147 5643 ⁵³
1187 5610 1347 5667 Rom.
1386 5628 1448 5678 ιι,
1486 5612 1573 5670 10.
1648 5616 1693 5646 ⁸ο
1730 5613 1897 5673 Marc.
1937 5633 2016 5683 Ix,
2050 5617 2084 5672 4

2218 5619 2261 5651 ⁶¹
2301 5620 2465 5677 lCor.
2500 5638 2578 5686 v1,
2614 5623 2701 5678 10.

723 5765 1082 5842 [Ιρογνώστης
1108 5767 1662 5842 καὶλκαρδιογνώστης
1685 5771 1909 5842 quidam
1951 5788 2083 5830 mss.

578 5830 694 5902 (40)
726 5830 860 5905 [ing
882 5836 938 5902 2,
969 5830 1274 5906 φαρμακῶν
1299 5830 1391 5891 καὶ
1418 5830 1700 5896 ἑνυπνίῶν.

2166 5843 2289 5931 ⁴821

2274 5775 2384 5865 sit)
2442 5776 2568 5834 Haec
2612 5780 2729 5836 vide
2755 5781 2806 5835 in
2860 5781 2977 5838 Vita
3027 5784 3267 5854 Antonii,
3321 5793 3453 5843 tom.
3496 5782 3523 5843 1
3565 5784 3769 5865 [Πιμε
