3852 6192
214 271 310 326 661

1168 279 1634 348 ΟΠΛΞΒΤΙΟΝΕΞ
1670 285 1762 339 AD
1800 285 2208 342 ANTIOCHUM
2243 283 2502 342 DUCEM.

3369 287 3476 342 662

217 391 455 462 ὑπάρχει
482 393 725 459 κόλασις.
757 397 869 449 Καὶ
903 395 1065 450 πάλιν
1091 397 1149 451 δέ
1183 417 1348 472 φησιν
1375 402 1402 453 ὁ
1438 403 1641 474 Κύριος
1674 423 1777 476 περ

1906 421 2144 477 poenam.
2197 405 2413 460 Rursus
2454 405 2522 459 de
2565 401 2706 458 Juda
2760 401 2838 458 ait
2889 401 3152 459 Dominus
3184 421 3198 460 :
3235 403 3474 462 «Bonum

215 483 310 536 τοῦ
349 485 542 550 Ἰούδα,
575 487 661 539 ὅτι
702 505 720 537 ι
761 488 942 542 Καλὸν
968 484 1036 560 ἧν
1066 491 1236 562 αὐτῷ,
1267 495 1315 546 εἰ
1338 495 1437 547 οὐκ
1467 497 1728 568 ἐγεννήθη
1766 501 1795 552 ὁ

215 576 506 648 ἄνθρωπος
528 579 756 643 ἐκεῖνος.
786 599 804 632 ι
831 581 895 633 Εἰ
921 581 980 634 δέ
1004 582 1157 647 τέλος
1188 583 1299 653 ἔχει
1328 587 1361 656 ή
1391 586 1628 651 κόλασις,
1653 606 1794 659 συμ-

215 669 398 742 φέρει,
432 671 514 722 ὃτι
551 671 814 743 ἐγεννήθη
849 673 943 726 καὶ
969 675 998 726 ὁ
1036 674 1235 739 Ἰούδας
1254 715 1268 740 ,
1300 676 1395 730 ἐὰν
1425 679 1522 748 ὀψέ
1554 695 1682 732 ποτε
1715 683 1796 743 είς

212 761 315 832 τὴν
348 762 622 832 βασιλείαν
646 764 756 817 τῶν
783 764 1029 836 οὐρανῶν
1060 766 1242 838 μέλλει
1281 768 1792 842 ἀποκατασταθῆναι

217 854 360 924 μετά
397 856 495 925 τὴν
532 855 772 921 κόλασιν,
820 858 1008 929 ὥσπερ
1045 860 1094 912 oi
1142 861 1406 931 αίρετικοὶ
1451 862 1792 934 πλανώμενοι

210 945 374 1000 τοῦτο
396 947 741 1018 μυθεύονται.

297 1038 493 1110 Ἐρὼτ.
533 1047 631 1110 py’.
660 1040 831 1095 Πόθεν
860 1041 1100 1110 γίνονται
1129 1045 1426 1114 θανατικά;
1469 1048 1580 1100 Καὶ
1616 1047 1703 1101 διὰ
1739 1048 1790 1100 τί

207 1128 270 1182 ἐν
301 1147 415 1183 τισι
454 1129 660 1202 χώραις
690 1135 987 1203 ἐρημικαῖς
1017 1133 1184 1187 ἐθνῶν
1219 1134 1476 1198 πολλάκις
1512 1135 1573 1188 ού
1611 1136 1788 1204 γίνον-

207 1237 321 1284 ται,
348 1220 462 1273 ἀλλ’
493 1221 567 1283 ὡς
592 1221 686 1272 ἐπὶ
714 1220 776 1274 τὸ
810 1221 1056 1276 πλεῖστον
1090 1224 1146 1276 ἐν
1175 1226 1294 1286 ταῖς
1320 1224 1665 1294 οἰκουμέναις
1696 1224 1790 1278 καὶ

206 1312 532 1382 πολυόχλοις
565 1313 754 1366 πόλεσι
781 1314 876 1367 καὶ
905 1315 1272 1386 πολυκόπροις
1299 1314 1446 1387 (42);

289 1404 486 1457 Ἀπόκ.
525 1405 724 1457 Βαθεῖα
757 1405 982 1478 ὅντωςή
1027 1405 1121 1460 τοῦ
1162 1408 1516 1478 ἐρωτήματος
1557 1409 1788 1478 ἀπόκρι-

205 1513 314 1560 σις,
339 1497 434 1548 καὶ
462 1495 662 1563 ὀλίγοις
686 1496 794 1550 τῶν
841 1498 934 1550 ἐπὶ
959 1498 1064 1567 γῆς
1111 1501 1330 1570 χωρητή
1352 1517 1365 1530 ο
1396 1501 1566 1570 ὅμως,
1606 1499 1788 1564 καθώς

203 1603 376 1657 φησιν
421 1587 452 1639 δ
483 1586 722 1657 Κύριος,
777 1605 795 1638 ι
835 1588 893 1640 Ὁ
927 1588 1117 1659 χωρῶν
1147 1589 1414 1660 χωρείτω.
1439 1609 1457 1642 ι
1507 1590 1633 1643 Ἐὰν
1677 1589 1786 1660 γὰρ

199 1677 473 1746 εἴπωμεν,
499 1677 578 1729 ὅτι
600 1676 858 1741 πολλάκις
881 1679 974 1731 καὶ
995 1678 1054 1744 ἐξ
1079 1679 1256 1752 ἀέρων
1275 1679 1410 1749 (42⁸)
1425 1679 1782 1750 φθοροποιῶν,

1896 508 2013 552 erat
2042 498 2113 563 ei,
2140 497 2186 551 si
2217 503 2378 550 natus
2415 510 2525 550 non
2548 493 2744 548 fuisset
2791 493 2954 548 homo
2993 494 3084 548 ille
3100 495 3197 548 ⁸³.»
3241 494 3397 561 Quod
3429 497 3476 553 si

1897 588 2057 644 ﬁnem
2091 588 2254 642 habet
2304 601 2488 656 pcena,
2520 594 2665 640 certe
2698 584 2920 653 prodest
2943 582 3098 639 Iudae
3130 586 3280 655 quod
3310 596 3476 641 natus

1896 681 1988 744 sit,
2017 680 2063 733 si
2102 693 2226 733 sero
2268 677 2485 731 tandem
2527 685 2650 746 post
2683 673 3012 744 supplicium
3048 689 3274 746 regnum
3308 678 3476 730 coelo-

1894 787 2014 826 rum
2044 779 2127 826 est
2154 771 2528 841 ingressurus,
2559 766 3015 840 quemadmodum
3038 776 3287 824 errantes
3317 769 3476 823 fabu-

1894 864 2076 919 lantur
2105 862 2370 917 haeretici.

1927 1087 1930 1091 .
1963 1041 2180 1108 Qums'r.
2217 1039 2352 1095 Clli.
2387 1037 2543 1094 Unde
2575 1038 2827 1094 oriuntur
2871 1037 3173 1103 mortifera,
3208 1043 3261 1092 et
3300 1051 3468 1107 quare

1893 1133 1948 1186 in
1975 1133 2302 1202 quibusdam
2331 1130 2564 1186 desertis
2593 1129 2830 1200 gentium
2856 1129 3171 1198 regionibus
3201 1143 3344 1198 saepe
3360 1144 3466 1182 non

1891 1223 2171 1287 eveniunt,
2207 1223 2301 1278 sed
2334 1231 2393 1275 ut
2427 1223 2721 1296 plurimum
2755 1223 2808 1276 in
2842 1221 3122 1293 populosis
3153 1228 3207 1275 et
3255 1221 3469 1291 magnis

1891 1314 2145 1381 urbibus,
2174 1315 2408 1384 {imoque
2431 1314 2681 1384 repletis?

1961 1413 2128 1468 Rssr.
2166 1409 2418 1464 Difﬁcilis
2448 1416 2597 1464 certe
2637 1415 2722 1462 est
2757 1407 2921 1477 hujus
2961 1407 3281 1477 quazstionis
3315 1405 3466 1460 solu-

1889 1506 1989 1568 tio,
2024 1501 2294 1572 paucique
2323 1514 2441 1554 eam
2486 1505 2715 1568 possunt
2759 1512 2994 1566 capere;
3032 1504 3238 1561 tamen,
3285 1503 3344 1550 ut
3389 1495 3466 1548 ait

1888 1588 2172 1653 Dominus,
2196 1607 2214 1640 ι
2239 1589 2332 1659 qui
2356 1594 2533 1657 potest
2565 1601 2760 1656 capere
2786 1587 3049 1656 capiat”.
3078 1605 3095 1637 ι
3121 1586 3178 1640 Si
3207 1585 3352 1640 enim
3385 1585 3469 1638 di-

1887 1694 2077 1734 camus
2105 1693 2246 1748 saepe
2274 1693 2340 1733 ex
2371 1691 2494 1732 aere
2516 1683 2796 1745 corrupto,
2839 1684 2892 1729 et
2924 1675 3256 1745 pulveribus,
3283 1683 3338 1730 et
3385 1675 3467 1729 fe-

198 1769 297 1821 καὶ
322 1769 640 1839 κονιορτῶν,
661 1769 754 1822 καὶ
776 1769 1039 1833 δυσωδίας
1060 1769 1216 1842 θνησι
1225 1770 1420 1842 μαίων,
1445 1772 1540 1824 καὶ
1564 1771 1777 1844 ὄμϐρων

1893 1779 2008 1825 tore
2039 1769 2390 1833 cadaverum,
2419 1767 2796 1837 imbribusque
2821 1767 3026 1822 aestivis
3064 1782 3128 1822 ac
3162 1767 3465 1822 exhalatio-

197 1858 435 1930 θερινῶν
454 1899 470 1924 ,
508 1862 602 1914 καὶ
635 1861 1070 1932 ἀναθυμιάσεων,
1103 1863 1196 1915 καὶ
1226 1863 1515 1934 ἀποφορῶν
1557 1863 1661 1934 γῆς
1692 1864 1784 1918 καὶ

199 1949 501 2022 θαλάσσης,
536 1952 680 2003 νόσοι
731 1951 999 2022 σωμάτων
1036 1953 1128 2004 καὶ
1179 1952 1377 2024 φθοραὶ
1441 1953 1534 2007 καὶ
1567 1953 1784 2008 θάνατοι

195 2039 465 2107 γίνονται,
496 2040 697 2104 εὐθέως
727 2041 958 2112 ἀμύητοι
979 2058 1122 2105 τινες
1151 2040 1611 2113 ἐπιλαμϐάνονται
1637 2045 1785 2114 ἡμᾶς

193 2129 274 2192 ὡς
303 2131 624 2202 ἀπρονόητα
653 2131 722 2185 τὰ
757 2131 877 2185 καθ’
901 2133 1051 2202 ἡμᾶς
1082 2131 1362 2200 λέγοντας.
1396 2131 1662 2198 Οὕστινας
1691 2136 1785 2188 καὶ

194 2222 474 2293 ἐρωτῆσαι
505 2221 806 2293 βουλόμεθα
825 2239 838 2253 ο
876 2221 1080 2276 Εἴπατε
1113 2226 1266 2294 ἡμῖν,
1302 2218 1347 2278 ὦ
1381 2217 1546 2291 οὗτοι,
1576 2225 1694 2290 πῶς
1725 2227 1785 2280 ἐν

195 2313 354 2366 πόλει
375 2315 486 2367 τινὶ
515 2313 802 2368 θανατικὸν
833 2314 1041 2383 γίνεται
1063 2331 1078 2380 ;
1105 2317 1170 2369 ἐκ
1199 2315 1258 2368 δὲ
1275 2315 1378 2386 τῆς
1401 2316 1608 2380 πόλεως
1636 2317 1782 2371 ἐκεί-

194 2423 294 2476 νης
328 2405 672 2477 ὑπάρχουσιν
704 2407 762 2462 ἐν
802 2406 1017 2478 ἑτέραις
1063 2406 1266 2479 χώραις
1295 2407 1391 2461 δύο
1440 2407 1474 2480 ἢ
1517 2411 1665 2480 τρεῖς
1702 2428 1784 2482 χι-

193 2495 381 2560 λιάδες
435 2497 977 2568 πραγματευομένων
1032 2498 1242 2570 ἀνδρῶν
1265 2540 1280 2565 ,
1335 2500 1431 2554 καὶ
1491 2501 1666 2565 οὐδεὶς
1723 2502 1783 2570 ἐξ

195 2587 380 2640 αὐτῶν
420 2587 811 2660 ἐτελεύτησεν;
854 2590 919 2642 Εἰ
968 2589 1078 2662 γὰρ
1111 2589 1266 2662 θεῖκὴ
1305 2591 1443 2663 ὀργὴ
1493 2591 1636 2646 κατά
1680 2593 1782 2664 τῆς

197 2679 407 2742 πόλεως
453 2680 667 2750 ἐκείνης
717 2679 984 2748 ἔφθασεν,
1036 2682 1205 2752 ἐχρῆν
1252 2683 1470 2746 πάντως
1525 2684 1618 2736 καὶ
1656 2683 1783 2748 τοὺς

196 2770 483 2842 πόρρωθεν
507 2769 666 2832 ὄντας
693 2771 791 2841 τῆς
827 2771 998 2842 ὀργῆς
1026 2771 1353 2841 γεύσασθαι·
1391 2776 1439 2826 εί
1478 2773 1536 2827 δὲ
1575 2775 1669 2828 καὶ
1707 2775 1782 2846 μὴ

195 2861 429 2924 πάντας,
479 2860 615 2913 ἀλλὰ
661 2863 762 2916 κάν
810 2879 962 2925 τινας
1012 2863 1072 2929 ἐξ
1119 2863 1318 2917 αὐτῶν.
1371 2863 1517 2935 Πλὴν
1567 2866 1652 2919 ἵνα
1706 2867 1780 2936 μὴ

193 2950 462 3022 δώσωμεν
507 2952 762 3023 ἀφορμὴν
810 2956 924 3016 τοῖς
965 2953 1139 3007 ταῦτα
1175 2954 1429 3025 ζητοῦσι,
1484 2956 1660 3026 φαμὲν
1701 2957 1782 3009 ὅτι

194 3041 464 3105 πολλάκις
515 3041 586 3094 τὰ
644 3042 744 3112 μὲν
789 3041 898 3096 τῶν
939 3041 1241 3097 θανατικῶν
1303 3044 1398 3098 καὶ
1454 3047 1595 3099 κατὰ
1644 3046 1778 3100 Θεοῦ

194 3134 432 3205 ἀπειλὴν
473 3135 744 3202 γίνονται’
772 3133 843 3188 τὰ
888 3135 945 3187 δὲ
996 3136 1092 3188 καλ⁹
1126 3136 1267 3190 κατὰ
1311 3137 1490 3208 ἀέρων
1526 3140 1620 3192 καὶ
1670 3140 1780 3194 τῶν
1808 3132 1848 3187 C

192 3227 401 3281 λοιπῶν
429 3227 638 3292 αἰτιῶν,
675 3221 750 3281 ὧν
779 3229 1188 3301 προειρήκαμεν
1216 3229 1348 3302 (45),
1385 3230 1528 3302 ἆπερ
1562 3233 1638 3296 ὡς
1683 3235 1776 3287 ἐπὶ

189 3319 254 3370 τὸ
290 3317 547 3370 πλεῖστον
587 3321 681 3372 καὶ
732 3320 1086 3390 καταφθείρει
1137 3320 1206 3375 τὰ
1252 3322 1422 3393 νήπια
1447 3363 1460 3388 ,
1497 3324 1572 3387 ὡς
1617 3324 1777 3378 ἀσθε-

187 3411 444 3484 νέστερα.
482 3412 630 3484 Πλὴν
675 3412 772 3465 καὶ
807 3413 915 3466 τῶν
955 3412 1132 3484 ἀέρων
1179 3414 1273 3466 καὶ
1331 3414 1442 3468 τῶν
1469 3416 1775 3486 ἀναθυμιά-

190 3521 334 3559 σεων
394 3506 627 3576 ποιητής
663 3508 810 3558 ἐστιν
859 3507 887 3558 ὁ
936 3504 1069 3568 Θεὸς
1112 3507 1140 3558 ὁ
1185 3504 1387 3558 εἰπών·
1444 3525 1463 3558 ι
1505 3508 1637 3577 Οὐχὶ
1683 3507 1776 3561 δύο

190 3599 459 3671 στρουθία
517 3600 778 3672 ἀσσαρίου
837 3600 1116 3665 πωλεῖται,
1163 3603 1257 3655 καὶ
1291 3602 1348 3654 ἓν
1399 3601 1460 3667 ἐξ
1505 3602 1684 3657 αὐτῶν
1711 3604 1771 3656 οὐ

189 3694 444 3744 πεσεῖται
475 3691 566 3744 ἐπὶ
603 3693 703 3763 τῆς
735 3693 837 3763 γῆς
866 3693 994 3747 ἄνευ
1044 3692 1138 3746 τοῦ
1186 3694 1402 3766 Πατρός
1435 3711 1536 3765 μου
1578 3693 1672 3747 τοῦ
1718 3695 1774 3746 ἐν

186 3782 482 3851 ούρανοῖς;
516 3781 669 3851 ὑμῶν
699 3783 757 3836 δέ
787 3784 881 3836 καὶ
900 3785 953 3837 αἱ
987 3783 1171 3855 τρίχες
1202 3784 1300 3856 τῆς
1333 3784 1578 3856 κεφαλῆς
1602 3788 1773 3840 πᾶσαι

186 3873 574 3944 ἠριθμημέναι
609 3875 734 3928 εἰσί.
761 3894 780 3928 ι

274 3962 476 4032 Ἐρὼτ.
515 3965 614 4035 ρδ’.
647 3960 795 4036 1rApa
843 3965 899 4019 δὲ
942 3967 1254 4036 ἀφελεῖται,
1300 3968 1655 4040 ἦλυτροῦται
1708 3971 1771 4023 ἐκ

187 4055 490 4108 θανατικοῦ
525 4056 633 4108 ἀπὸ
665 4057 874 4121 πόλεως
901 4060 981 4123 είς
1005 4058 1169 4129 ἄλλην
1199 4059 1414 4128 φεύγων
1444 4059 1661 4132 χώραν;

271 4147 466 4202 Ἀπόκ.
497 4147 605 4200 Τοῦ
640 4149 927 4220 Προφήτου
963 4151 1100 4221 πρὸς
1131 4151 1262 4204 Θεὸν
1303 4151 1579 4220 λέγοντοςο
1617 4171 1635 4203 ι
1659 4152 1768 4205 Ποῦ

186 4240 448 4312 πορευθῶ
479 4240 587 4293 ἀπὸ
615 4241 709 4293 τοῦ
741 4243 1050 4313 πνεύματός
1073 4259 1202 4309 σου;
1237 4243 1333 4298 καὶ
1356 4244 1462 4297 ἀπὸ
1481 4245 1572 4297 τοῦ
1604 4262 1770 4316 προσ-

187 4331 343 4413 ώπου
380 4349 476 4384 σου
520 4332 622 4385 ποῦ
671 4333 861 4402 φύγως
913 4353 932 4386 ›
971 4333 1190 4405 εύδηλον
1233 4334 1330 4404 μὲν
1370 4335 1451 4388 ὅτι
1499 4335 1591 4388 τὸν
1637 4335 1769 4388 Θεὸν

183 4424 457 4492 ἐκφυγεῖν
486 4424 660 4486 οὐδεὶς
681 4424 922 4479 δύναται.
956 4426 1097 4479 Εἰδέ
1133 4427 1241 4498 ἀήρ
1281 4443 1384 4489 τις,
1420 4426 1452 4497 ἢ
1485 4427 1618 4497 άλλη
1655 4427 1769 4478 κτί-

1887 1862 2051 1918 nibus
2081 1871 2135 1917 et
2170 1860 2467 1930 vaporibus
2503 1869 2661 1914 terra:
2691 1868 2746 1914 et
2775 1859 2966 1924 maris,
3007 1858 3231 1913 morbos
3267 1873 3468 1928 corpo-

1901 1970 2046 2018 rum,
2079 1951 2594 2022 corruptionemque
2637 1957 2691 2005 et
2735 1961 2962 2005 mortem
3011 1949 3237 2015 exoriri,
3275 1951 3464 2004 statim

1885 2043 2216 2114 inauspicati
2260 2043 2485 2114 quidam
2515 2041 2768 2097 homines
2808 2056 2909 2095 nos
2940 2040 3266 2095 adoriuntur
3306 2040 3465 2110 quasi

1884 2151 2144 2208 negemus
2168 2133 2509 2206 providentia
2538 2133 2653 2202 regi
2681 2147 2802 2202 quae
2831 2146 2934 2188 nos
2961 2138 3232 2202 spectant.
3260 2131 3329 2186 At
3364 2147 3466 2205 ego

1885 2229 1988 2284 hos
2009 2227 2170 2284 velim
2222 2227 2299 2281 ita
2349 2226 2690 2295 interrogare
2727 2243 2740 2278 :
2774 2223 2971 2290 Dicite,
3021 2238 3234 2294 quaeso,
3276 2225 3462 2290 nobis,

1883 2335 2121 2392 quonam
2141 2318 2302 2374 modo
2330 2317 2389 2372 in
2415 2316 2596 2388 aliqua
2631 2315 2850 2371 civitate
2868 2317 3150 2387 corruptio
3182 2316 3464 2373 mortifera

1893 2411 2218 2469 oritur?Ex
2260 2413 2352 2466 illa
2399 2418 2582 2467 autem
2628 2409 2847 2465 civitate
2893 2409 3001 2465 duo
3025 2410 3110 2464 vel
3134 2411 3241 2464 tria
3286 2409 3461 2464 millia

1884 2505 2289 2576 negotiatorum
2331 2502 2494 2574 240
2541 2503 2823 2556 hominum
2865 2501 2919 2556 in
2965 2501 3088 2557 aliis
3145 2502 3464 2569 regionibus

1884 2596 2105 2668 degunt,
2137 2610 2407 2666 nemoque
2435 2595 2650 2649 illorum
2681 2593 2992 2648 moriatur?
3021 2591 3157 2646 Nam
3187 2594 3234 2649 si
3278 2593 3463 2648 divina

1883 2688 1964 2742 ira
1985 2687 2264 2742 civitatem
2295 2686 2446 2740 illam
2475 2683 2832 2755 impugnavit,
2864 2682 3110 2754 profecto
3145 2684 3266 2739 illos
3297 2684 3462 2739 etiam

1883 2779 1977 2848 qui
2030 2778 2219 2848 procul
2260 2784 2566 2844 morantur,
2652 2776 2788 2828 iram
2850 2773 3168 2844 hujusmodi
3223 2777 3464 2845 experiri

1883 2886 2097 2942 aequum
2141 2879 2282 2936 erat,
2325 2870 2411 2925 vel
2462 2870 2508 2926 si
2549 2885 2660 2924 non
2709 2883 2922 2934 omnes,
2972 2868 3163 2922 saltem
3208 2882 3274 2921 ex
3327 2866 3465 2936 ipsis

1883 2962 2198 3017 nonnullos.
2218 2961 2418 3016 Verum
2450 2978 2520 3016 ne
2553 2961 2621 3015 iis
2643 2960 2736 3030 qui
2774 2961 2878 3015 ista
2899 2965 3170 3028 quaerunt,
3213 2957 3462 3012 occasio-

1884 3071 2008 3111 nem
2061 3056 2420 3126 praebeamus,
2468 3053 2867 3124 respondemus
2919 3067 3062 3122 saepe
3117 3049 3462 3104 mortiferam

1884 3148 2293 3217 corruptionem
2321 3162 2386 3201 ex
2419 3145 2512 3200 Dei
2547 3145 2975 3200 comminatione
3013 3143 3170 3208 oriri,
3207 3158 3462 3196 nonnun-

1882 3254 2046 3311 quam
2077 3253 2206 3293 vero
2228 3252 2408 3292 aerem
2443 3236 2687 3306 aliasque
2728 3250 2924 3291 causas
2957 3233 3177 3296 habere,
3222 3247 3362 3301 quae,
3404 3241 3462 3286 ut

1885 3329 2192 3398 plurimum,
2214 3327 2449 3382 infantes
2478 3334 2662 3396 utpote
2684 3325 3069 3380 imbecilliores
3086 3324 3457 3394 exstinguunt.

1884 3420 2272 3475 Verumtamen
2317 3428 2371 3474 et
2405 3419 2545 3474 aeris
2583 3427 2637 3473 et
2671 3419 3078 3472 exhalationum
3137 3423 3330 3470 auctor
3375 3423 3460 3470 est

1882 3512 2028 3568 Deus
2055 3512 2150 3582 qui
2173 3512 2271 3575 ait,
2311 3509 2530 3566 «Nonne
2573 3510 2682 3563 duo
2715 3524 2967 3579 passeres
3016 3523 3140 3563 asse
3194 3514 3456 3572 veneunt,

1879 3613 1934 3661 et
1964 3620 2107 3659 unus
2136 3619 2203 3659 ex
2233 3603 2342 3658 illis
2370 3617 2478 3656 non
2506 3602 2663 3656 cadet
2701 3617 2865 3670 super
2902 3608 3104 3654 terram
3155 3600 3276 3654 sine
3296 3597 3459 3654 Patre

1879 3705 2063 3753 vestro
2092 3695 2181 3765 qui
2216 3695 2270 3748 in
2295 3694 2448 3748 ccelis
2476 3693 2596 3748 est?
2618 3694 2778 3748 vestri
2813 3699 2994 3747 autem
3031 3691 3216 3760 capilli
3260 3691 3455 3762 capitis

1877 3804 2068 3844 omnes
2093 3786 2359 3842 numerati
2386 3785 2582 3841 sunt“.
2598 3803 2616 3836 ι

1955 3967 2176 4035 Qua-:57.
2211 3967 2347 4022 CIV.
2382 3964 2521 4021 Num
2553 3965 2648 4035 qui
2680 3980 2748 4020 ex
2775 3965 2996 4021 civitate
3028 3966 3086 4020 in
3125 3965 3286 4019 aliam
3320 3965 3455 4034 fugit

1877 4063 2178 4130 regionem,
2214 4059 2470 4114 eximitur
2499 4071 2565 4110 ex
2595 4054 2881 4110 mortifera
2909 4055 3262 4124 corruptione
3286 4055 3309 4108 ?

1950 4152 2114 4205 Resr.
2142 4149 2276 4204 Cum
2308 4147 2577 4218 Propheta
2609 4146 2675 4198 ad
2708 4144 2878 4198 Deum
2909 4144 3076 4208 dicat,
3122 4145 3272 4209 «Quo
3305 4144 3396 4199 ibo
3422 4159 3453 4198 a

1877 4243 2072 4314 spiritu
2107 4251 2224 4307 tuo,
2254 4247 2308 4297 et
2356 4255 2463 4310 quo
2510 4253 2541 4292 a
2591 4237 2729 4292 facie
2762 4245 2852 4290 tua
2911 4235 3232 4305 fugiam“?i
3279 4236 3453 4307 liquet

1875 4334 2148 4389 neminem
2187 4332 2355 4388 Deum
2391 4345 2550 4401 posse
2590 4328 2849 4398 cﬂ‘ugere.
2881 4329 2950 4380 At
2992 4329 3039 4382 si
3073 4343 3166 4384 aer
3212 4328 3298 4382 vel
3340 4329 3450 4381 alia

1876 4440 1966 4480 res
1995 4432 2181 4480 creata
2213 4437 2382 4477 causa
2410 4430 2495 4476 est
2519 4421 2912 4490 corruptionis,
2946 4421 3084 4476 forte
3111 4421 3285 4491 ipsam
3317 4421 3452 4476 ellu-

190 4529 399 4581 σματος
446 4513 595 4567 αίτία
628 4515 776 4567 ἐστὶν
812 4518 846 4586 ἡ
893 4516 954 4568 τὸ
994 4515 1237 4587 λοιμικὸν
1290 4520 1597 4590 ποιήσασα,
1643 4520 1774 4583 ἴσως

1893 4516 2005 4587 ςὶθῑ,
2039 4514 2083 4569 si
2114 4517 2169 4568 in
2204 4514 2364 4567 aliam
2396 4519 2637 4568 transeat
2660 4513 2958 4582 regionem.

191 4605 455 4673 ἐκφεύγει
490 4606 678 4676 αὐτὴν,
712 4609 792 4670 είς
820 4608 1012 4679 ἐτέραν
1035 4607 1218 4679 χώραν
1260 4611 1519 4680 μεταὸάς.

270 4696 467 4768 Ἐρώτ.
506 4695 598 4766 ρε’.
633 4697 802 4751 Πόθεν
832 4699 1048 4770 ὁρῶμέν
1083 4717 1232 4762 τινας
1263 4703 1360 4771 μὲν
1390 4701 1630 4764 δικαίους
1665 4701 1768 4770 ψυ-

181 4787 568 4858 χομαχοῦντας
596 4791 689 4842 ἐπὶ
726 4791 939 4860 ἡμέρας
978 4791 1072 4843 καὶ
1110 4792 1461 4862 κρινομένους
1481 4810 1493 4823 ·
1526 4794 1679 4856 τινὰς
1711 4794 1768 4845 δὲ

191 4879 550 4948 ἁμαρτωλοὺς
589 4880 882 4952 εἰρηνικῶς
929 4882 1022 4935 καὶ
1068 4883 1348 4953 συντόμως
1395 4884 1768 4955 ἀποθνήσκον-

186 4986 287 5034 τας
320 4970 433 5041 (44)
455 4989 469 5035 ;

273 5063 466 5114 Ἀπόκ.
529 5063 712 5116 Πάντα
763 5065 832 5118 τά
879 5065 1120 5136 κρίματα
1152 5066 1248 5119 τοῦ
1296 5067 1430 5120 Θεοῦ
1481 5066 1770 5134 γινώσκειν

193 5154 290 5222 μὲν
327 5152 590 5206 ἀδύνατόν
622 5157 759 5218 ἐστι,
797 5155 890 5208 καὶ¹
922 5154 1009 5208 διὰ
1042 5157 1197 5209 τοῦτο
1229 5155 1390 5208 καλὸν
1435 5157 1668 5227 ὑπάρχει
1697 5155 1772 5226 μὴ

1903 4696 2162 4762 ιρυιεετ.
2196 4693 2306 4752 CV.
2330 4693 2613 4749 Undenam
2637 4691 2883 4747 videmus
2909 4693 3085 4762 justos
3101 4692 3310 4762 aliquos
3329 4693 3449 4747 diu-

1874 4790 1985 4845 tius
2019 4790 2076 4843 in
2107 4799 2350 4844 extremo
2383 4787 2508 4841 vitae
2531 4787 2704 4840 halitu
2731 4787 2914 4840 anima
2948 4801 3191 4855 pugnare
3217 4794 3272 4840 et
3300 4785 3450 4853 judi-

1876 4882 1987 4934 cari
2014 4898 2029 4947 ;
2057 4888 2248 4935 contra
2278 4886 2482 4942 autem,
2513 4885 2829 4948 peccatores
2868 4877 3143 4932 interdum
3177 4877 3362 4946 quiete
3395 4884 3448 4929 et

1877 4976 1987 5028 cito
2017 4975 2194 5028 mori?

1950 5063 2114 5118 Resp.
2146 5062 2340 5117 Omnia
2383 5063 2602 5132 quidem
2653 5061 2748 5116 Dei
2790 5061 2998 5130 judicia
3046 5059 3300 5128 cognosci
3343 5075 3450 5113 non

1881 5164 2130 5227 possunt,
2181 5155 2412 5226 ideoque
2463 5170 2565 5209 nec
2617 5153 2870 5224 noslhaec
2916 5149 3132 5206 curiose
3173 5149 3451 5220 inquirere

261 5309 304 5340 "
346 5307 539 5364 Matth.
577 5326 738 5376 xxvi,
770 5311 860 5365 24.
937 5311 980 5342 ⁸³
1021 5311 1210 5368 Matth.
1248 5329 1377 5379 xu,
1414 5312 1502 5367 12.
1580 5312 1626 5344 ⁸⁸
1663 5311 1849 5365 Matth.
1888 5328 1920 5365 x
1943 5351 1956 5376 ,
1991 5311 2094 5376 29,
2131 5313 2220 5367 30.
2300 5313 2342 5342 ⁸⁵
2382 5311 2525 5368 Psal.
2560 5325 2836 5380 cxxxvul,
2865 5311 2916 5364 6.

229 5465 378 5550 βω)
417 5463 490 5518 Ita
531 5481 664 5520 mss.
694 5466 834 5522 Editi
874 5483 1023 5535 vero,
1067 5469 1426 5542 πολλοιόχλοις
1469 5470 1563 5522 καὶ
1607 5468 1769 5521 πολυ-

194 5551 273 5586 κω
319 5553 422 5588 οιθ.

196 5672 223 5680 Α
430 5605 506 5682 Ita
536 5609 909 5682 manltseripti.
938 5607 1078 5664 Ειιίιὶ
1103 5626 1248 5677 vero,
1281 5609 1339 5674 ἐξ
1363 5609 1597 5682 ἄστρων.
1625 5608 1768 5665 Infra

192 5676 378 5744 iidem,
407 5676 621 5748 φθοραί.
650 5676 1029 5748 Ειὶὶιί,“φθυρά.

1946 5469 2058 5536 (45)
2109 5469 2185 5521 Ita
2227 5483 2362 5522 mss.
2419 5466 2560 5520 Editi
2601 5481 2752 5536 vero,
2783 5468 2903 5519 κατ’
2937 5463 3315 5536 ἀστέρωνγκαῖ
3345 5461 3454 5536 τῶν

1874 5531 2076 5590 λοιπῶν
2108 5537 2298 5608 αἰτιῶν
2324 5538 2644 5608 προφάσεις,
2669 5531 2767 5595 ὧν.
2795 5536 2938 5592 Infra
2967 5531 3093 5592 item
3121 5535 3274 5600 editi,
3295 5533 3456 5589 ἀστέοι

1877 5627 2007 5680 ρων,
2031 5624 2187 5680 tn_ss.,
2213 5606 2413 5678 ἀέρων.

1948 5678 2056 5749 (ii)
2088 5678 2218 5752 Reg.
2263 5677 2319 5744 ‘2,
2370 5677 2713 5747 ἐκπνέοντας,
