3836 6194
403 315 508 369 6ϋῦ

1567 315 1625 371 5.
1667 315 2122 372 ATHANASIUS.
2166 344 2234 354 —
2271 311 2550 371 SPURIA-

3567 315 3675 371 σοι

397 431 558 488 decet
591 445 608 485 :
643 429 692 485 si
725 429 855 500 quid
879 439 1064 485 tamen
1085 430 1402 500 conjectare
1430 432 1697 494 valemus,
1753 447 1975 503 respon-

2099 433 2569 506 πολυπραγμονεῖν
2600 434 2746 504 ἡμᾶς
2773 432 2915 487 αὑτά
2935 450 2952 465 ⁸
3000 433 3152 505 ὅμως
3193 433 3252 487 δὲ
3281 432 3377 488 καὶ
3415 435 3676 505 στοχαζό-

396 520 594 579 demus
618 523 738 591 pios
769 525 916 576 viros
947 522 1033 575 vel
1056 530 1183 577 ante
1212 531 1442 578 mortem
1467 525 1553 579 vel
1577 525 1632 578 in
1658 533 1836 580 morte.
1856 541 1984 579 eru-

397 613 560 680 ciari,
584 621 642 667 ut
680 629 802 677 nos,
838 613 928 683 qui
963 629 1027 668 ea
1060 613 1328 678 videmus,
1380 616 1672 672 timeamus
1701 627 1756 671 et
1795 632 1985 671 emen-

401 703 616 756 demur.
666 701 944 759 Fortassis
974 712 1154 759 autem
1207 706 1404 773 sancti,
1450 716 1509 760 ut
1552 707 1826 772 homines,
1878 710 1982 765 levi

401 792 587 862 aliquo
615 794 830 849 defectu
860 795 1153 865 inquinati,
1190 797 1504 866 liujusmodi
1553 801 1824 864 cruciatu,
1872 817 1984 871 quo

403 887 458 941 in
481 896 658 942 morte
687 889 1024 955 afficiuntur,
1059 890 1301 960 perfecte
1323 893 1560 962 purgati,
1612 895 1733 964 puri
1761 893 1983 950 demum

400 980 566 1035 deccd
576 989 689 1034 unt.

471 1157 693 1223 00.551.
731 1158 865 1212 CVI.
902 1159 1082 1224 Quare
1111 1159 1380 1223 homines,
1418 1167 1476 1214 ut
1497 1160 1798 1230 plurimum
1823 1166 1988 1216 nocte

400 1261 725 1315 nascuntur,
750 1259 803 1304 et
837 1261 995 1306 nocte
1027 1253 1336 1306 moriuntur
1355 1254 1380 1306 ?

472 1342 636 1398 Rnsr.
671 1343 801 1397 Mihi
841 1345 1058 1398 videtur
1087 1346 1141 1400 id
1189 1345 1313 1400 ideo
1344 1347 1461 1401 fieri
1493 1355 1552 1400 ut
1581 1347 1686 1402 hoc
1731 1349 1983 1418 exemplo

400 1437 680 1490 discamus
713 1437 1058 1491 tenebrosam
1092 1453 1216 1493 esse
1253 1440 1541 1509 praesentis
1570 1441 1695 1495 vitae
1725 1442 1982 1495 nativita-

401 1537 506 1580 tem
531 1536 583 1581 et
608 1527 1014 1592 dormitionem,
1068 1529 1182 1584 sive
1209 1530 1264 1583 in
1292 1530 1432 1584 hanc
1461 1531 1628 1585 vitam
1671 1532 1980 1603 ingressum

398 1623 452 1669 et
480 1616 685 1669 exitum
721 1632 787 1670 ex
822 1617 1034 1671 eadem.

462 1702 873 1768 ρυκεετηρνιι.
901 1706 1012 1759 Cur
1039 1706 1207 1776 aliqui
1247 1705 1542 1761 difficulter
1569 1717 1764 1764 contra
1804 1709 1980 1764 forni—

2089 541 2242 595 μενοι
2291 525 2558 596 λέγομεν’
2613 527 2696 578 ὅτι
2733 525 2992 589 πολλάκις
3032 525 3127 578 καὶ
3183 525 3376 594 ἄνδρες
3425 526 3674 590 εὐσεϐεῖς

2087 615 2468 686 βασανίζονται
2509 616 2615 686 πρὸ
2643 615 2874 670 θανάτου
2905 617 2963 668 ὲν
2993 614 3073 685 τῷ
3099 615 3311 686 θανάτῳ
3331 633 3344 645 ·
3383 615 3468 669 ἵνα
3507 618 3674 686 ἡμεῖς

2084 708 2134 759 οί
2156 705 2391 778 ὁρῶντες
2423 706 2748 778 φοϐηθῶμεν
2779 707 2872 760 καὶ
2907 704 3388 776 σωφρονισθῶμεν.
3425 707 3589 767 Ἴσως
3616 705 3675 758 δὲ

2084 800 2180 852 καὶ
2229 799 2305 862 ὠς
2357 798 2635 869 ἄνθρωποι
2685 801 2735 852 οί
2792 800 2976 868 ἅγιοι,
3027 797 3222 868 μικρόν
3267 813 3330 850 τε
3378 797 3674 866 ἐλάττωμα

2084 891 2320 961 ἔχοντες,
2344 890 2434 943 διὰ
2470 891 2568 960 τῆς
2589 890 2845 962 τοιαύτης
2875 890 3110 960 βασάνου
3142 889 3240 959 τῆς
3272 890 3332 942 ἐν
3363 888 3443 960 τῷ
3491 888 3673 960 καιρῷ

2083 979 2178 1032 τοῦ
2231 979 2461 1032 θανάτου
2519 979 2742 1044 τελείως
2792 978 3146 1050 καθαίρονται
3203 976 3424 1048 ἄμωμοι
3482 975 3672 1031 λοιπὸν

2084 1074 2190 1126 ἀπε
2200 1071 2472 1142 ρχόμενοι.

2169 1163 2362 1235 Ἔρώτ.
2404 1167 2512 1233 ρςν.
2547 1162 2704 1226 Τίνος
2727 1161 2888 1233 χάριν
2913 1161 2964 1214 οί
2989 1161 3206 1223 πλείους
3228 1159 3335 1213 τῶν
3363 1159 3672 1232 ἀνθρώπων

2083 1255 2142 1308 ὲν
2176 1255 2335 1308 νυκτὶ
2363 1255 2661 1319 τίκτονται,
2689 1253 2786 1307 καὶ
2815 1255 2872 1307 ἐν
2896 1253 3052 1306 νυκτὶ
3084 1250 3432 1315 τελευτῶσιν;

2168 1345 2357 1398 Ἀπόκ.
2398 1345 2551 1415 Ἐμοὶ
2577 1344 2742 1408 δοκεῖ,
2779 1344 2865 1396 ἵνα
2889 1342 3150 1414 μάθωμεν
3181 1343 3269 1396 διὰ
3295 1342 3388 1396 τοῦ
3421 1341 3668 1396 τοιούτου

2084 1436 2500 1504 ὑποδείγματος,
2538 1435 2620 1488 ὅτι
2665 1434 2914 1504 σκοτεινὴ
2969 1432 3203 1506 ὑπάρχει
3242 1433 3335 1486 τοῦ
3391 1433 3665 1504 παρόντος

2085 1527 2201 1597 βίου
2248 1528 2410 1597 καὶή
2458 1525 2712 1595 γέννησις
2765 1525 2924 1595 καὶὴ
2983 1525 3273 1596 κοίμησις,
3318 1525 3486 1594 ἤγουν
3519 1526 3554 1595 ἡ
3609 1525 3672 1576 ὲν

2083 1617 2234 1688 αύτῷ
2265 1617 2472 1680 εἴσοδος
2499 1616 2594 1670 καὶ
2617 1615 2678 1680 ἐξ
2705 1614 2871 1670 αὑτοῦ
2907 1614 3106 1680 ἔξοδος.

2156 1710 2268 1779 (45)
2309 1707 2502 1780 Ἐρώτ.
2538 1705 2638 1778 ρξ’.
2672 1705 2844 1760 Πόθεν
2881 1705 3025 1768 τινὲς
3065 1704 3164 1775 μὲν
3201 1703 3453 1775 χαλεπῶς
3492 1703 3574 1766 εἰς
3604 1703 3673 1756 τὸ

400 1793 636 1848 cationis
670 1795 861 1848 vitium
896 1796 1177 1851 decertant
1209 1816 1221 1851 :
1261 1798 1429 1867 aliqui
1460 1809 1642 1854 autem
1675 1801 1787 1856 fere
1818 1813 1975 1856 natu-

2099 1800 2256 1863 πάθος
2288 1800 2387 1869 τῆς
2423 1798 2682 1869 πορνείας
2717 1797 3114 1867 πολεμοῦνται*
3149 1796 3292 1859 τινὲς
3315 1795 3373 1848 δὲ
3418 1793 3669 1862 φυσικῶς

399 1887 587 1942 raliter
620 1888 689 1942 a-b
737 1889 1051 1957 hujusmodi
1107 1892 1383 1946 abstinent
1427 1893 1723 1963 voluptate,
1757 1896 1976 1952 tametsi

401 1978 573 2032 obeso
607 1995 748 2048 serpe
783 1990 910 2034 sunt
939 1982 1204 2050 corpore?

469 2069 632 2126 Rssr.
664 2070 1038 2126 Humanorum
1069 2089 1362 2145 corporum
1390 2077 1562 2132 libido
1591 2078 1768 2133 oritur
1795 2079 1880 2134 vel
1910 2096 1978 2136 ex

403 2162 582 2218 calido
613 2165 864 2233 corporis
889 2175 1336 2234 temperan'iento,
1361 2167 1444 2221 vel
1482 2183 1548 2220 ex
1591 2169 1977 2223 abundantiori

402 2255 547 2317 cibo,
572 2270 772 2308 somno
789 2262 842 2309 et
871 2256 1073 2326 quiete,
1097 2255 1235 2313 forte
1261 2261 1424 2313 etiam
1447 2274 1515 2314 ex
1539 2259 1793 2314 Satanica
1815 2261 1978 2316 insti-

404 2346 644 2418 gatione.
678 2347 885 2412 Quarta
925 2364 1055 2403 vero
1107 2364 1247 2418 saepe
1286 2365 1452 2404 causa
1493 2359 1596 2416 est,
1649 2351 1795 2420 quod
1839 2351 1978 2406 alios

403 2437 853 2492 condemnemus.
883 2438 1081 2504 Quinta
1106 2454 1170 2493 ex
1203 2439 1456 2508 superbia
1483 2440 1678 2503 oritur,
1703 2454 1825 2493 cum
1855 2441 1979 2509 quis

403 2528 613 2584 scilicet
645 2529 974 2584 insolentius
1005 2547 1064 2585 se
1094 2530 1250 2586 effert
1291 2530 1361 2584 ob
1387 2531 1719 2585 castitatem.
1751 2529 1802 2585 Is
1829 2531 1978 2585 enim

401 2619 598 2675 cadere
628 2621 985 2690 permittitur,
1019 2630 1076 2675 ut
1101 2639 1193 2692 per
1225 2621 1640 2676 fornicationem
1665 2622 1978 2692 superbiam

402 2711 658 2780 deponat,
693 2721 746 2766 et
766 2713 830 2765 ad
859 2713 1222 2767 humilitatem
1255 2713 1556 2783 perductus
1587 2715 1817 2768 salutem
1847 2728 1980 2768 con-

402 2811 683 2873 sequatur.
720 2803 776 2858 Si
807 2807 952 2859 enim
995 2804 1105 2859 duo
1143 2806 1234 2859 illa
1284 2821 1573 2875 compares
1616 2807 1771 2870 vitia,
1820 2812 1981 2860 natu-

402 2896 726 2950 ralislibido
753 2897 1000 2966 corporis
1029 2897 1200 2951 levior
1233 2905 1317 2952 est
1350 2898 1538 2967 lapsus
1579 2913 1742 2967 quam
1789 2914 1982 2968 super-

401 2988 510 3043 bia.
540 2987 798 3044 Nonnulli
830 2999 1009 3044 autem
1041 2991 1179 3045 casti
1212 2998 1340 3045 sunt
1370 2991 1450 3044 vel
1477 2991 1623 3060 quod
1663 3006 1692 3044 a
1723 2990 1831 3045 Deo
1861 3006 1984 3060 pro-

401 3090 676 3152 tegantur,
715 3085 801 3139 vel
853 3084 998 3152 quod
1044 3082 1225 3153 frigidi
1261 3085 1372 3139 sint
1424 3084 1860 3154 temperamenti,
1898 3083 1982 3137 vel

2081 1893 2264 1963 σχεδὸν
2294 1892 2394 1961 τῆς
2425 1891 2682 1961 τοιαύτης
2713 1890 2907 1961 ἡδονῆς
2941 1889 3257 1959 ἀπέχονται,
3297 1887 3500 1958 καίπερ
3533 1886 3670 1940 πολ·

2078 1982 2235 2046 λάκις
2262 1981 2598 2053 περιπληθὲς
2633 1981 2792 2052 σῶμα
2824 1981 3234 2053 περικείμενοι;

2163 2075 2349 2128 Ἀπόκ.
2393 2075 2457 2127 Ἠ
2492 2074 2601 2128 τῶν
2625 2075 2896 2144 σωμάτων
2925 2074 3036 2127 τῶν
3060 2072 3363 2145 ἀνθρώπων
3399 2075 3670 2146 ἐπιθυμία

2078 2163 2286 2233 γίνεται
2328 2164 2360 2235 ἢ
2411 2166 2476 2218 ὲκ
2523 2164 2734 2236 θερμῆς
2776 2164 3028 2234 κράσεως
3077 2164 3171 2217 τοῦ
3222 2162 3492 2235 σώματος,
3529 2165 3562 2236 ἦ
3599 2167 3671 2219 ὲκ

2079 2256 2400 2326 πλειοτέρας
2445 2256 2654 2326 τροφῆς
2703 2255 2798 2309 καὶ
2819 2254 2988 2330 ὕπνου
3026 2255 3119 2308 καὶ
3145 2255 3381 2318 ἀνέσεως
3400 2273 3412 2287 ο
3447 2257 3576 2320 ἴσως
3607 2257 3668 2310 δὲ

2080 2345 2174 2398 καὶ
2221 2344 2280 2408 ἐξ
2312 2345 2592 2415 ἐνεργείας
2634 2347 2928 2415 σατανικῆς
2948 2361 2962 2375 ο
2993 2345 3278 2416 ητέταρτον
3308 2345 3362 2397 δὲ
3404 2345 3668 2410 πολλάκις

2081 2437 2176 2488 καὶ
2208 2437 2272 2488 ἐκ
2305 2435 2400 2488 τοῦ
2448 2435 2797 2506 κατακρίνειν
2846 2435 3098 2506 ἑτέρους⁸
3159 2435 3414 2505 πέμπτον
3456 2437 3552 2490 καί
3605 2437 3668 2502 ἑξ

2081 2525 2570 2597 ὑψηλοφροσύνης,
2623 2528 2752 2580 ὅταν
2828 2545 2910 2589 τις
2978 2527 3351 2597 μεγαλοφρονῇ
3420 2528 3514 2581 ἐπὶ
3595 2531 3664 2599 τῇ

2081 2617 2278 2671 ἑαυτοῦ
2310 2619 2531 2688 ἁγνείαο
2557 2621 2584 2670 ὁ
2611 2619 2720 2689 γὰρ
2745 2620 2986 2682 τοιοῦτος
3013 2622 3422 2690 παραχωρεῖται
3452 2623 3662 2684 πεσεῖν,

2081 2709 2228 2772 ὅπως
2260 2710 2348 2763 διὰ
2369 2710 2468 2780 τῆς
2501 2711 2758 2781 πορνείας
2790 2710 3090 2764 ἀπωθεῖται
3124 2711 3221 2782 τὴν
3259 2713 3664 2782 ὑπερηφανίαν,

2082 2803 2174 2855 καὶ
2231 2801 2517 2872 ὁδηγηθεὶς
2570 2804 2651 2865 είς
2709 2803 3206 2873 ταπεινοφροσύνην
3253 2805 3510 2876 τεύξηται
3558 2803 3665 2872 τῆς

2086 2892 2356 2963 σωτηρίας
2375 2909 2388 2922 ·
2433 2894 2491 2946 ὲν
2519 2894 2630 2964 γάρ
2657 2893 2941 2965 συγκρίσει
2977 2893 3071 2946 δύο
3099 2894 3282 2948 κακῶν
3335 2895 3666 2964 κουφότερον

2084 2982 2319 3053 ὑπάρχει
2363 2983 2516 3054 παρὰ
2564 2984 2662 3055 τὴν
2709 2985 3085 3056 ὑπερηφανίαν
3135 2989 3382 3056 πταῖσμα
3429 2987 3463 3056 ἡ
3521 2984 3667 3037 κατὰ

2087 3073 2244 3143 σῶμα
2280 3075 2484 3146 φυσικὴ
2536 3075 2821 3145 ἐπιθυμία.
2857 3075 3170 3144 ’Δγνεύουσι
3213 3075 3270 3128 δὲ
3301 3093 3444 3139 τινες
3488 3074 3522 3146 ἢ
3554 3075 3666 3128 ὑπὸ

401 3175 550 3244 quod
587 3177 757 3230 multa
800 3178 1192 3231 exercitatione
1239 3177 1344 3230 sibi
1393 3177 1528 3247 ipsis
1565 3176 1673 3229 vim
1727 3176 1975 3239 fecerint,

2099 3165 2218 3217 θεοῦ
2257 3165 2604 3236 σκεπόμενοι,
2641 3166 2673 3236 ἦ
2727 3167 2941 3237 ψυχρᾶς
2971 3185 3116 3231 τινος
3156 3168 3493 3238 ὑπάρχοντες
3521 3167 3666 3237 κρά-

401 3281 503 3320 nec
541 3282 869 3338 quemquam
906 3267 1408 3322 condemnaverint.
1457 3266 1612 3333 Quod
1659 3267 1705 3322 si
1754 3266 1976 3336 superbi

401 3357 570 3428 aliqui
602 3359 713 3414 sint
736 3363 895 3422 casti,
935 3361 1217 3414 sciendum
1263 3367 1345 3415 est
1378 3361 1503 3414 illos
1539 3376 1569 3413 a
1625 3361 1845 3415 diabolo
1877 3375 1975 3414 ne-

401 3450 554 3520 gligi,
579 3451 725 3521 quod
781 3453 896 3506 sola
929 3453 1184 3522 superbia
1231 3469 1342 3522 prae
1373 3453 1496 3508 aliis
1523 3453 1780 3507 omnibus
1827 3453 1976 3523 vitiis

403 3541 641 3598 sufﬁciat
665 3545 733 3600 ad
759 3545 882 3601 illos
909 3547 1098 3600 aeterni
1122 3546 1379 3616 supplicii
1399 3560 1522 3601 reos
1536 3544 1974 3600 constituendos.

464 3803 686 3872 Qcazs'r.
714 3803 896 3859 CVIII.
927 3803 1100 3870 Quale
1148 3805 1364 3875 signum
1409 3805 1718 3862 habendum
1759 3815 1846 3864 est
1879 3808 1978 3864 hoc

401 3894 560 3958 mini,
611 3911 682 3950 ne
736 3895 999 3964 deceptus
1047 3897 1315 3966 suscipiat
1356 3897 1779 3964 Antichristum,
1821 3908 1976 3955 ratus

398 3987 681 4042 Christum
716 3986 894 4056 ipsum
919 3987 1074 4042 esse?

471 4079 635 4134 Rssr.
668 4077 782 4133 [Ioc
813 4079 990 4150 ipsum
1019 4078 1165 4148 quod
1201 4079 1360 4134 nobis
1390 4079 1653 4136 Dominus
1684 4081 1770 4136 his
1793 4081 1975 4137 verbis

400 4170 569 4234 dedit,
596 4170 804 4226 scilicet
834 4169 978 4240 quod
1014 4171 1187 4224 «sicut
1211 4170 1394 4240 fulgur
1423 4172 1534 4225 exit
1585 4173 1653 4226 ab
1693 4174 1904 4227 oriente
1924 4184 1977 4228 et

400 4269 558 4331 paret
583 4276 758 4332 usque
782 4262 837 4315 in
867 4260 1230 4324 occidentem,
1263 4262 1336 4314 ita
1368 4263 1474 4316 erit
1498 4270 1551 4316 et
1576 4263 1853 4328 secundus
1879 4262 1977 4317 ad-

399 4364 597 4408 ventus
633 4353 754 4408 Filii
807 4352 1005 4407 DCI“.D
1055 4351 1212 4422 24],
1265 4351 1396 4409 Inde
1441 4354 1704 4410 discimus
1758 4372 1974 4411 omnem

400 4455 693 4501 venturum
721 4445 1022 4510 Christum,
1075 4445 1165 4514 qui
1199 4461 1305 4499 non
1341 4446 1548 4510 statim,
1590 4446 1778 4501 eadem
1814 4447 1970 4512 hora,

2089 3273 2245 3318 σεως,
2281 3256 2313 3326 ἢ
2348 3256 2437 3309 διὰ
2493 3257 2692 3328 πολλῆς
2723 3259 3032 3328 ἀσκήσεως,
3068 3259 3295 3320 ἑαυτοὺς
3329 3256 3666 3327 βιαζόμενοι,

2085 3348 2176 3401 καί
2207 3365 2328 3400 τινα
2371 3347 2444 3419 μὴ
2491 3349 2930 3418 κατακρίνοντες.
2967 3351 3031 3402 Εἰ
3068 3349 3126 3402 δὲ
3172 3348 3265 3402 καί
3313 3365 3455 3412 τινες
3490 3349 3666 3418 ὑπερ-

2084 3440 2327 3509 ηφανίαν
2356 3439 2568 3508 ἔχοντες
2599 3441 2909 3508 ἁγνεύουσι,
2947 3442 3050 3512 χρὴ
3083 3439 3371 3508 γινώσκειν
3395 3442 3523 3504 τοὺς
3552 3457 3668 3494 τοι-

2083 3531 2292 3596 ούτους,
2324 3533 2406 3584 ὃτι
2443 3549 2546 3604 περ
2573 3532 2678 3585 ὑπὸ
2722 3532 2816 3585 τοῦ
2863 3532 3108 3586 διαϐόλου
3155 3531 3664 3605 κατεφρονήθησαν,

2085 3624 2275 3694 ἱκανῆς
2308 3623 2476 3696 οὑσης
2521 3624 2621 3694 τῆς
2675 3625 3054 3696 ὑπερηφανίας
3100 3625 3241 3696 ὑπὲρ
3269 3625 3367 3678 ὅλα
3417 3623 3662 3695 τὰπάθη

2083 3713 2304 3783 ἐνόχους
2334 3713 2533 3777 αὑτοὺς
2557 3714 2781 3783 ποιῆσαι
2806 3715 2906 3784 τῆς
2935 3714 3155 3768 αἰωνίου
3190 3713 3482 3777 κολάσεως.

2165 3804 2358 3876 Ἐρώτ.
2430 3803 2534 3876 ρη’.
2586 3806 2746 3858 Ποῖον
2801 3808 3026 3876 σημεῖον
3089 3804 3294 3874 ὀφείλει
3351 3821 3574 3876 κρατειν
3634 3805 3674 3857 ό

2082 3894 2387 3966 ἅνθρωπος,
2413 3897 2501 3950 ἵνα
2533 3897 2608 3968 μὴ
2659 3897 2902 3968 πλανηθῇ
2937 3897 3032 3950 καὶ
3051 3896 3268 3968 δέξηται
3289 3895 3668 3967 τὸνἌντίχρι-

2083 4005 2227 4054 στον,
2252 3988 2488 4061 νομίζων
2533 3993 2616 4044 ὅτι
2658 3993 2686 4045 ὁ
2719 3992 2951 4063 Χριστός
2980 3994 3166 4056 conv;

2167 4079 2358 4133 Ἀπόκ.
2382 4080 2560 4152 Ὅπερ
2589 4083 2618 4134 ὁ
2639 4080 2842 4153 Κύριος
2867 4083 2996 4152 ἡμῖν
3023 4080 3335 4152 παρέδωκεν
3359 4079 3553 4143 εἰπὼν,
3577 4081 3673 4135 ὅτι

2088 4186 2106 4220 σ
2145 4169 2332 4240 ὥσπερ
2361 4173 2394 4241 ἡ
2439 4171 2692 4243 ἀστραπὴ
2741 4171 3020 4244 ἐξέρχεται
3073 4174 3182 4227 άπὸ
3224 4174 3523 4240 ἀνατολῶν,
3566 4175 3666 4229 καὶ

2083 4261 2332 4329 φαίνεται
2375 4262 2480 4326 ἕως
2526 4263 2780 4334 δυσμῶν,
2815 4264 2989 4328 οὑτως
3022 4265 3174 4318 ἔσται
3208 4266 3302 4320 καὶ
3360 4269 3394 4339 ἡ
3433 4267 3668 4340 δευτέρα

2083 4353 2352 4424 παρουσία
2392 4353 2488 4406 τοῦ
2523 4353 2654 4407 Υίοῦ
2709 4354 2804 4408 τοῦ
2837 4355 2994 4409 Θεοῦ.
3024 4377 3041 4408 ι
3077 4356 3240 4410 Ὅθεν
3290 4357 3667 4429 μανθάνομεν,

2083 4444 2164 4496 ὅτι
2203 4444 2311 4506 πᾶς
2343 4444 2578 4514 Χριστὸς
2607 4445 2918 4516 ἐρχόμενος,
2951 4449 3045 4501 καὶ
3076 4449 3150 4519 μὴ
3177 4447 3434 4519 ἐξαίφνης
3465 4450 3524 4502 ὲν
3552 4449 3672 4521 ὅλῳ.

403 4537 458 4590 in
486 4536 743 4591 universo
766 4537 970 4590 mundo
1001 4540 1334 4608 reperiatur,
1367 4539 1528 4593 talem
1560 4539 1768 4608 absque
1805 4540 1975 4596 dubio

2099 4534 2154 4606 τῷ
2187 4535 2376 4606 κόσμῳ
2423 4537 2481 4589 ὲν
2515 4538 2612 4607 μιᾷ
2643 4536 2763 4608 ῶρᾳ
2813 4539 3199 4610 εὑρισκόμενος
3235 4539 3380 4611 (46),
3419 4538 3668 4604 τοιοῦτος

403 4627 804 4681 Antichristum
862 4644 1004 4684 esse.
1052 4628 1188 4682 Nam
1244 4631 1300 4684 in
1349 4631 1593 4686 secundo
1635 4631 1836 4686 Christi
1882 4633 1977 4686 ad-

404 4726 569 4772 ventu
606 4734 768 4774 omne
820 4736 994 4789 genus
1028 4720 1309 4775 hominum
1358 4723 1523 4776 simul
1565 4724 1873 4788 conveniet,
1919 4723 1976 4778 in

405 4809 564 4880 cujus
594 4810 772 4866 medio
801 4811 1056 4868 Christus
1089 4812 1161 4867 ab
1186 4813 1443 4868 erunibus
1480 4813 1878 4883 conspicietur.

473 4981 695 5050 Quaas'r.
726 4982 866 5038 CIX.
915 4981 1190 5038 Verumne
1229 4990 1313 5040 est
1347 4999 1415 5038 ex
1457 4983 1693 5055 {Egypto
1733 4983 1978 5054 proditu-

402 5092 524 5130 rum
548 5075 970 5142 Antichristum,
996 5078 1323 5147 signumque
1342 5077 1562 5148 aliquod
1579 5077 1635 5132 in
1661 5093 1767 5133 una
1786 5094 1972 5144 manu,

402 5183 580 5223 unove
606 5169 764 5223 oculo
787 5169 1136 5223 habiturum?

474 5258 640 5316 Rssr.
698 5259 825 5315 Ilaac
880 5262 1066 5316 omnia
1126 5261 1300 5317 aniles
1353 5270 1485 5318 sunt
1534 5259 1753 5318 fabulae.
1814 5261 1975 5318 Anti-

470 5417 516 5450 “
555 5417 745 5473 Matth.
784 5434 936 5486 xxrv,
972 5417 1044 5472 27

480 5591 860 5665 (.I5)_Quaestio
917 5595 1015 5649 l06
1052 5593 1196 5664 (jam
1227 5594 1350 5665 107)
1418 5603 1572 5651 aocst
1613 5611 1644 5649 a
1694 5603 1971 5652 vetermus

405 5659 814 5734 editisLatinis,
846 5659 1306 5734 itemque'quaest.
1332 5659 1459 5718 108.

479 5733 588 5799 (ili)
637 5734 751 5788 Duo
786 5751 943 5800 11155.,
975 5733 1030 5787 ἐν
1062 5737 1157 5805 μιᾷ
1188 5735 1305 5806 ὥρᾳ
1360 5751 1476 5804 φαι.
1537 5733 1703 5800 Editi,
1759 5737 1815 5789 ὲν
1875 5736 1969 5806 μιᾷ

2082 4625 2466 4695 ἀναμφιϐόλως
2503 4627 2869 4698 Ἀντίχριστός
2902 4631 3071 4685 ἐστιν.
3117 4630 3240 4682 Ἐπὶ
3270 4629 3380 4701 γὰρ
3409 4629 3508 4700 τῆς
3535 4629 3665 4684 δευο

2082 4717 2247 4790 τέρας
2283 4719 2585 4790 παρουσίας
2613 4719 2708 4773 τοῦ
2742 4721 2977 4792 Χριστοῦ
3012 4723 3162 4776 πᾶσα
3215 4725 3248 4793 ὴ
3301 4721 3664 4794 άνθρωπότης

2083 4810 2142 4863 ὲν
2168 4809 2246 4879 τῷ
2264 4810 2382 4880 ἅμα
2409 4811 2746 4882 εὑρίσκεται,
2776 4814 2871 4866 καὶ
2898 4815 2956 4866 ὲν
2987 4814 3138 4885 μέσῳ
3168 4814 3340 4883 αὑτῆς
3363 4815 3393 4866 ὁ
3424 4813 3666 4885 Χριστὸς

2088 4901 2193 4954 ὑπὸ
2221 4901 2437 4955 πάντων
2472 4902 2764 4974 ὁρώμενος.

2167 4989 2360 5059 Ἐρὼτ.
2398 4989 2497 5063 ρθ’.
2540 4991 2759 5061 mnes;
2785 4992 2862 5056 δὲ,
2891 4995 2971 5046 ὅτι
2997 4991 3056 5056 ἐξ
3086 4992 3359 5062 Αἰγύπτου
3379 4993 3663 5064 ἐξέρχεται

2083 5080 2510 5152 όἈντίχριστος,
2531 5082 2626 5136 καὶ
2643 5083 2867 5154 σημεῖόν
2894 5101 2947 5137 τι
2969 5085 3028 5138 ὲν
3053 5085 3120 5154 τῇ
3137 5083 3280 5155 χειρὶ
3302 5081 3413 5156 (47)
3439 5087 3506 5155 τῇ
3536 5086 3662 5155 μιᾷ,

2085 5171 2176 5226 καὶ
2212 5174 2269 5224 ὲν
2294 5172 2373 5243 τῷ
2401 5173 2661 5245 ὀφθαλμῷ
2681 5174 2762 5246 τῷ
2788 5177 2868 5229 ἐν).
2902 5175 3162 5246 κέκτηται
3186 5192 3201 5241 ;

2167 5265 2353 5319 Ἀπόκ.
2384 5266 2569 5321 Πάντα
2600 5265 2771 5322 ταῦτα
2797 5266 3062 5338 γραώδεις
3087 5267 3246 5336 μῦθοί
3276 5267 3432 5320 είσιν.
3465 5265 3522 5320 ’0
3551 5267 3664 5340 γὰρ

2225 5463 2258 5478 \J

2083 5593 2266 5729 nulli?)
2305 5657 2442 5715 Cod.
2503 5676 2666 5727 unus,
2720 5659 2872 5713 οὐδὲν
2927 5661 3148 5730 σημεῖον
3183 5660 3240 5715 ὲν
3281 5656 3360 5730 τῷ
3402 5655 3667 5730 μετώπῳ,

2080 5733 2193 5788 ἀλλ’
2221 5735 2276 5785 ὲν
2309 5733 2374 5801 τῇ
2401 5730 2562 5801 χειρί.
