3852 6192
160 363 272 422 005
1119 359 1589 429 QUESTIONES
1623 361 1717 414 AD
1750 358 2163 418 ANTIOCHUM
2200 357 2462 418 DUCEM.
3314 360 3427 418 666

175 476 547 548 ’Δντίχριστος
567 474 721 528 οὐδὲν
757 475 983 545 σημεῖον
1015 473 1256 527 τοιοῦτον
1288 475 1547 546 κέκτηται
1567 490 1580 503 ·
1613 474 1696 527 ἀλλ

1899 477 2098 531 iristus
2133 476 2278 531 enim
2311 474 2520 528 nullum
2549 460 2862 541 hujustnodi
2895 471 3109 543 signum
3138 479 3224 529 est
3259 473 3420 530 habt-

161 570 259 623 καὶ
287 570 352 622 ὲκ
379 568 480 639 τῆς
512 566 824 628 Γαλιλαίας,
850 565 1018 619 ὅθενὸ
1054 565 1289 638 Χριστὸς
1317 567 1560 636 ἐξῆλθεν,
1595 568 1681 633 eg:

1895 582 2006 621 ll'US
2067 585 2080 617 :
2138 566 2233 620 sed
2292 580 2356 619 ex
2410 561 2667 627 Galilaea,
2716 563 2862 618 unde
2923 563 3091 619 exivit
3142 562 3416 632 Christus,

159 677 339 733 χεται,
368 658 445 723 ῶς
478 675 644 729 φησιν
676 661 710 727 ἡ
743 658 965 729 Γραφή’
1000 650 1023 709 ἲ
1063 657 1307 729 Σκύμνος
1364 658 1576 721 λέοντος
1616 660 1680 710 Διὶ

1902 655 2166 709 ὀἀὶιιιιιιε
2206 655 2322 723 ipse
2367 660 2474 714 est,
2521 660 2579 707 ut
2624 652 2698 706 ait
2735 651 3020 722 Scriptura
3063 672 3077 707 :
3134 672 3152 708 ι
3192 653 3423 712 Catulus

157 751 255 803 καὶ
277 748 578 819 ὲκπηδήσει
615 748 681 800 ἐκ
726 747 929 802 Βασάν.
969 766 990 800 ι
1045 748 1195 820 Αὕτη
1231 749 1289 802 δέ
1340 749 1489 802 ἐστιν
1549 748 1678 803 Σκυε

1900 747 2024 801 onis
2063 745 2201 810 Dan,
2237 753 2291 800 et
2323 745 2538 800 exsiliet
2562 760 2628 799 ex
2661 743 2839 799 Basan
2872 745 2962 811 δυ,
2989 764 3008 797 ι
3038 762 3160 817 quae
3186 748 3305 818 ipsa
3335 757 3419 804 est

158 842 339 905 πολις.

1850 837 2217 910 Scytlmpolis.

242 932 439 1006 Ἐρώτ.
470 939 559 1004 ρι’.
583 931 814 1000 Λέγουσι
842 950 1023 999 τινες,
1054 934 1137 987 ὅτι
1164 935 1224 988 οὗ
1255 935 1476 990 δύναται
1518 939 1547 990 ὁ
1575 937 1748 991 Ἀντί-

1925 932 2149 999 ρυάῖετ.
2195 928 2311 985 CX.
2362 928 2532 983 Aiunt
2581 929 2830 983 nonnulli
2869 928 3266 985 Anticlnristum
3310 947 3418 987 non

160 1042 383 1096 χριστος
412 1026 607 1097 νεκρὸν
636 1024 922 1096 ἄνθρωπον
954 1028 1254 1099 ἀναστῆσαι
1274 1046 1289 1058 ³
1316 1031 1435 1082 ἐπεὶ
1469 1031 1644 1084 πάντα
1678 1052 1681 1064 ι

1901 1040 2022 1080 nsse
2063 1025 2296 1093 aliquem
2341 1022 2657 1076 defunctum
2694 1020 2968 1074 hominem
3001 1036 3031 1074 a
3059 1023 3291 1078 mortuis
3323 1039 3422 1079 ex-

158 1115 324 1170 λσιπά
351 1118 554 1189 σημεῖα
584 1120 747 1170 ποιεῖ.

1849 1118 2040 1177 citare.
2075 1113 2288 1169 etiarnsi
2322 1120 2517 1166 caetera
2547 1111 2731 1165 omnia
2769 1112 2894 1166 edat
2921 1114 3096 1183 signa.

243 1208 437 1262 Ἀπόκ.
500 1208 574 1261 Τὸ
606 1210 781 1261 εἰπεῖν
807 1208 898 1263 τὸν
932 1209 1251 1263 Ἀπόστολον
1286 1227 1352 1263 πε
1362 1211 1414 1281 ρὶ
1445 1209 1537 1264 τοῦ
1582 1210 1750 1263 Ἀντι-

1919 1207 2086 1261 Busa.
2130 1203 2310 1259 Verba
2349 1203 2594 1273 Apostoli
2650 1203 2853 1272 quibus
2903 1204 2980 1258 ait
3019 1204 3420 1259 Antichristnm

158 1297 409 1368 χρῖε-του,
440 1298 520 1351 ὅτι
553 1299 611 1351 ὲν
654 1300 788 1351 πᾶσι
815 1300 1060 1370 σημείοις
1100 1302 1195 1354 καὶ
1214 1300 1475 1371 δυνάμεσι
1517 1300 1679 1353 πλάντ

1902 1336 1903 1353 ξ
1956 1297 2213 1353 omnibus
2252 1296 2425 1366 signis
2469 1304 2525 1350 et
2566 1297 2869 1350 virtutibus
2904 1296 3245 1366 deceptorem
3280 1296 3423 1363 fore,

157 1388 387 1461 εὔδηλον
426 1389 539 1460 (68)
603 1390 684 1443 ὅτι.
716 1390 809 1443 καὶ
841 1390 1032 1457 νεκρὸν
1084 1391 1352 1445 δείκνυσιν
1372 1391 1678 1464 ὲγειρόμενι

1907 1390 2136 1446 anil’este
2203 1387 2500 1443 ostendunt
2570 1387 2722 1441 illum
2777 1395 3027 1443 mortuos
3078 1404 3297 1459 quoque
3352 1390 3422 1446 ad

158 1482 261 1538 οὐκ
282 1483 341 1535 ὲν
370 1482 622 1555 ἀληθείᾳ,
657 1483 773 1536 ἀλλ’
802 1484 860 1537 ἐν
891 1484 1181 1556 φαντασίᾳ.

1906 1490 2017 1536 tam
2063 1486 2472 1548 revocaturum,
2518 1478 2649 1534 licet
2682 1493 2792 1534 non
2833 1492 3049 1543 revera,
3087 1478 3184 1534 sed
3236 1479 3426 1549 specie

1844 1576 2135 1632 duntaxat.

243 1657 447 1728 Ἑρώτ.
473 1663 599 1728 ρια’.
632 1656 759 1721 Πῶς
788 1656 885 1711 καί
918 1674 1063 1723 τινες
1089 1660 1355 1732 αἱρετικοὶ
1386 1660 1601 1716 ποιοῦσι
1619 1663 1755 1716 πολε

1918 1669 2142 1735 ρυλεετ.
2188 1663 2326 1721 CXI.
2369 1664 2657 1733 Quomodo
2697 1663 2917 1735 quidam
2971 1663 3214 1720 haeretici
3264 1662 3423 1735 signa

159 1748 325 1813 λάκις
352 1752 591 1819 σημεῖα;

1847 1775 1991 1830 saepe
2014 1758 2222 1816 edunt?

241 1840 437 1893 Ἀπόκ.
473 1838 644 1893 Τοῦτα
676 1841 822 1911 ἡμᾶς
871 1843 972 1895 οὐκ
997 1842 1198 1910 ὀφείλει
1254 1842 1500 1907 ξενίζειν.
1545 1845 1740 1899 Ἠκού-

1912 1851 2078 1907 Resp.
2119 1849 2179 1907 Id
2227 1849 2427 1905 mirum
2464 1850 2625 1905 nobis
2653 1864 2779 1905 esse
2821 1862 2929 1903 non
2975 1846 3158 1902 debet.
3194 1844 3426 1901 Audivi-

161 1948 337 2000 σαμεν
395 1932 506 2002 γὰρ
552 1931 646 1984 τοῦ
705 1933 910 2003 Κυρίου
963 1933 1242 2003 λέγοντος·
1309 1938 1392 1990 ὅτι
1450 1939 1638 1993 πολλοὶ

1906 1961 1970 1999 us
1997 1944 2143 1999 enim
2187 1942 2455 1998 dicentem
2500 1941 2811 2006 Dominum,
2845 1942 3048 1996 multos
3083 1941 3173 1995 illa
3212 1939 3301 1995 die
3337 1938 3421 1994 di—

158 2022 343 2094 ὲκείνῃ
379 2026 448 2093 τῇ
497 2023 680 2094 ἡμέρᾳ
728 2024 914 2094 ἐροῦσι
940 2043 954 2056 ο
1004 2046 1024 2078 ι
1062 2026 1256 2098 Κύριε,
1306 2031 1407 2082 οὐκ
1453 2031 1512 2084 ἐν
1551 2031 1630 2102 τῷ
1666 2050 1679 2084 ‹

1907 2052 2035 2092 uros
2072 2055 2087 2091 :
2131 2036 2424 2101 tDomine,
2455 2051 2637 2091 nonne
2665 2038 2722 2090 in
2755 2034 2977 2089 nomine
3016 2041 3110 2087 tuo
3155 2032 3426 2087 daemonia

156 2117 386 2186 ὀνόματι
413 2117 667 2187 δαιμόνια
700 2117 1025 2186 ἐξεϐάλομεν
1045 2158 1059 2181 ,
1094 2121 1187 2172 καὶ
1238 2119 1495 2190 δυνάμεις
1545 2123 1676 2175 πολλ

1900 2129 2104 2184 ecimus
2125 2138 2179 2185 et
2213 2129 2445 2183 virtutes
2469 2128 2668 2183 multas
2691 2125 2952 2182 fecimus?
2981 2147 3001 2178 ι
3035 2140 3324 2197 ipsumque
3352 2124 3421 2180 ad

157 2207 535 2278 εποιήσαμεν;
573 2226 593 2259 ι
628 2208 724 2261 καὶ
757 2211 875 2280 ἐρεῖ
891 2208 1075 2273 αὐτοῖς
1114 2209 1260 2279 (49)·
1306 2230 1326 2262 ι
1379 2212 1550 2283 Ἀμὴν
1600 2212 1678 2281 Aa

1901 2232 1942 2273 is
1985 2233 2376 2287 responsurum
2423 2236 2437 2272 :
2477 2234 2495 2268 ι
2541 2217 2715 2270 Amen
2750 2215 2874 2271 dico
2915 2216 3093 2279 vobis,
3137 2229 3422 2285 nunquam

156 2297 312 2370 ὑμῖν,
342 2298 596 2353 o’oaéms
637 2298 808 2366 ἔγνων
842 2300 981 2370 ὑμᾶς
1002 2316 1016 2330 ·
1068 2301 1407 2372 ἀποχωρεῖτε
1454 2303 1549 2354 ἀπ’
1584 2303 1677 2374 ὲμο

1901 2307 1973 2362 ivi
2008 2323 2107 2364 vos
2148 2322 2165 2361 :
2195 2306 2462 2363 discedite
2493 2321 2523 2360 a
2553 2322 2660 2368 me,
2699 2306 2792 2375 qui
2823 2305 3128 2376 operamini
3158 2305 3422 2374 iniquita-

158 2390 393 2462 ἐργάται
426 2390 530 2459 τῆς
568 2390 820 2460 ἀνομίας.
871 2408 890 2441 ι
930 2391 1196 2455 Πολλάκις
1228 2391 1337 2462 γὰρ
1367 2393 1465 2461 οὐχ
1525 2393 1558 2464 ἡ
1593 2393 1679 2447 πο)

1896 2415 1953 2453 ιιι
1995 2399 2061 2454 ⁸⁷.
2109 2418 2135 2452 ι
2169 2396 2325 2469 Saepe
2361 2399 2507 2454 enim
2542 2414 2654 2453 non
2699 2397 2810 2452 vita
2850 2397 3067 2453 edentis
3129 2397 3417 2461 miracula,

154 2483 278 2536 τεία
303 2480 401 2534 τοῦ
435 2479 977 2551 θαυματουργοῦντός
1009 2484 1156 2535 ἐστιν
1192 2485 1224 2553 ἡ
1279 2482 1377 2553 τὴν
1415 2481 1558 2536 ἴασιν
1581 2484 1675 2554 ἐργ

1900 2491 2133 2546 .nitatem
2164 2498 2444 2561 operatur,
2469 2490 2564 2546 sed
2597 2489 2730 2545 ﬁdes
2757 2490 2995 2545 hominis
3016 2489 3108 2559 qui
3141 2490 3207 2544 ad
3240 2490 3421 2559 ipsum

155 2571 384 2643 ζομένη,
414 2572 529 2626 ἀλλ’
550 2573 583 2641 ή
615 2573 753 2643 πρὸς
781 2572 941 2625 αὐτὸν
967 2571 1150 2635 πίστις
1182 2571 1274 2624 τοῦ
1306 2573 1676 2644 προσερχομέν

1903 2583 2055 2638 :cedit
2100 2602 2120 2638 τ
2164 2585 2429 2653 scriptum
2491 2584 2758 2654 siquidem
2806 2592 2910 2649 est,
2959 2602 2978 2635 ¢
3026 2581 3189 2639 Fides
3231 2589 3324 2637 tua
3364 2590 3424 2637 te

153 2664 470 2736 ἀνθρώπου.
515 2664 829 2736 Γέγραπται
854 2665 962 2737 γάρ
983 2682 1000 2698 ·
1033 2683 1053 2717 ι
1093 2665 1155 2717 Ἦ
1198 2665 1378 2749 πίστις
1409 2681 1500 2717 σου
1535 2665 1674 2718 σὲσω

1903 2675 2059 2729 tivum
2101 2674 2230 2730 fecit
2266 2675 2331 2730 ⁵⁸.
2370 2695 2390 2728 ι
2426 2674 2488 2730 Id
2518 2677 2682 2731 etiam
2709 2675 3117 2746 intelligendum
3147 2683 3253 2739 est,
3277 2689 3424 2745 sape

155 2771 237 2809 σε.
282 2774 302 2807 ι
364 2755 516 2827 Πλὴν
543 2754 623 2809 δεῖ
674 2755 960 2809 καὶτοῦτο
1003 2756 1315 2825 γινώσκειν,
1368 2757 1451 2809 ὅτι
1483 2756 1676 2812 πολλάιι

1903 2764 2140 2821 mnullos
2162 2779 2345 2835 prava:
2374 2762 2496 2819 ﬁdei
2525 2766 2725 2823 multos
2755 2764 3165 2821 exercitationis
3202 2765 3424 2821 labores

152 2848 299 2910 τινὲς
344 2847 668 2901 κακόπιστοι
722 2848 1001 2919 καμάτους
1047 2847 1274 2911 πολλοὺς
1332 2848 1398 2900 δι’
1454 2850 1673 2919 ἀσκήσει

1901 2872 1953 2912 ao
1983 2857 2272 2920 obtulisse,
2309 2872 2543 2928 quorum
2582 2858 2889 2913 mercedem
2935 2857 2990 2911 in
3026 2856 3281 2928 praesenti
3315 2869 3422 2912 ste-

152 2938 233 3010 τῷ
290 2937 414 3010 Θεῷ
471 2940 840 3010 προσήγαγον,
872 2941 965 2994 καὶ
1024 2940 1123 3011 τὴν
1170 2939 1517 3010 ἀντιμισθίαν
1559 2942 1673 2994 αὐτι

1896 2948 1965 3002 ιΙο
2002 2947 2233 3018 gratiam
2278 2947 2573 3003 sanitatum
2616 2955 2671 3001 et
2712 2945 3126 3019 praedictionum
3158 2958 3417 3016 percepe-

152 3030 349 3087 ῑλαὸον
398 3037 457 3089 ἐν
489 3034 567 3104 τῷ
607 3034 703 3088 νῦν
761 3035 915 3088 αἰῶνι
948 3036 1014 3089 ὲκ
1058 3035 1216 3098 Θεοῦ,
1262 3036 1324 3088 τὸ
1349 3033 1459 3089 τῶν
1494 3035 1673 3106 ίαμάτι

1894 3045 2015 3103 ιιιῑ;
2073 3044 2133 3091 ut
2184 3037 2439 3091 nimirum
2494 3036 2550 3089 in
2620 3033 2815 3099 futuro
2881 3034 3083 3090 saeculo
3136 3032 3415 3086 audiant:

152 3122 250 3174 καὶ
283 3124 642 3194 προρρήσεων
685 3123 964 3196 χάρισμα⁶
990 3123 1077 3177 ἵνα
1118 3126 1177 3177 ὲν
1203 3124 1281 3195 τῷ
1318 3123 1472 3178 αἰῶνι
1497 3124 1575 3196 τῷ
1611 3125 1673 3196 μέ

1900 3125 2147 3195 recepistis
2163 3125 2301 3179 bona
2325 3132 2502 3180 vestra
2520 3131 2575 3179 et
2595 3124 2813 3180 labores
2836 3129 3070 3192 vestros,
3114 3137 3263 3178 nunc
3285 3136 3421 3178 vero

150 3210 300 3265 λοντι
474 3184 654 3268 σωσινο
673 3184 1001 3268 ’Ἀπελάϐετε
1024 3214 1093 3268 τὰ
1123 3184 1301 3284 ἀγαθὰ
1323 3216 1478 3286 ὑμῶν
1498 3184 1591 3271 καὶ
1609 3184 1670 3268 το

1323 3216 1478 3286 ὑμῶν
1498 3184 1737 3280 καὶτοὺς
1764 3184 1805 3242 (³
1839 3184 2158 3274 nihil-vobis
2190 3216 2425 3287 amplius
2452 3215 2694 3272 debitum
2717 3224 2823 3278 est.

153 3306 435 3375 καμάτους
460 3308 612 3378 ὑμῶν
630 3324 644 3338 ο
668 3308 767 3361 νῦν
781 3307 839 3360 δὲ
865 3305 1049 3362 λοιπὸν
1072 3308 1223 3363 οὐδὲν
1239 3309 1365 3380 ὑμῖν
1393 3307 1736 3381 κεχρεώστη-
1785 3298 1789 3305 ’

150 3413 243 3451 ται
252 3434 264 3448 .

479 3488 603 3563 ριβ⁹.
659 3491 785 3546 Ἐὰν
826 3494 884 3547 ἐν
939 3492 1118 3565 καιρῷ
1166 3495 1358 3567 ἑορτῆς
1409 3493 1730 3567 καταληφθῇ

1905 3488 2131 3556 Qusr.
2166 3484 2328 3543 CXII.
2362 3483 2421 3540 Si
2447 3483 2663 3540 accidat
2687 3488 2749 3538 ut
2777 3482 2941 3539 homo
2970 3480 3058 3536 die
3090 3479 3231 3535 festo
3257 3478 3331 3535 sit
3353 3477 3415 3536 in

150 3579 441 3651 ἄνθρωπος
481 3585 539 3636 ὲν
572 3581 724 3655 χώρᾳ
747 3624 761 3649 ,
798 3586 856 3637 ὲν
952 3586 986 3656 ἡ
1011 3586 1263 3639 κοινωνία
1289 3588 1389 3657 τῆς
1439 3585 1671 3640 καθολικ²

1896 3582 2079 3652 gionc,
2110 3580 2167 3635 in
2194 3594 2303 3651 qua
2330 3594 2441 3634 non
2467 3577 2777 3647 reperiatur
2808 3573 3123 3629 communio
3153 3572 3416 3627 Ecclesiae

160 3672 492 3744 Ἔκκλησίας
517 3674 615 3744 οὐχ
642 3674 973 3746 εὑρίσκεται,
1002 3677 1053 3729 τί
1080 3676 1280 3744 ὀφείλει
1303 3675 1390 3730 διά
1413 3674 1511 3747 τὴν
1540 3677 1681 3748 ἑορτὶ

1903 3675 2117 3729 tholicae
2142 3713 2158 3738 ,
2204 3672 2337 3743 quid
2369 3677 2594 3742 propter
2622 3668 2818 3723 festum
2851 3665 2954 3736 ipsi
2995 3664 3261 3735 agendum
3289 3663 3418 3719 est?

151 3765 482 3834 σκέψασθαι,
529 3767 856 3838 κοινωνῆσαι
913 3771 1026 3832 τοῖς
1078 3769 1368 3839 αἱρετικοῖς
1393 3807 1410 3835 ,
1459 3769 1494 3838 ἢ
1551 3771 1672 3841 μεῖν

1891 3781 1975 3819 um
2026 3778 2152 3818 cum
2198 3762 2471 3818 haereticis
2538 3757 2988 3822 communicabit,
3037 3770 3109 3810 an
3165 3755 3412 3811 manebit

149 3855 517 3929 ἀκοινώνητος
538 3875 555 3925 ;

1832 3857 2039 3926 absque
2069 3853 2497 3910 communione?

233 3949 429 4003 ’Δπόκ.
466 3952 530 4005 Et
571 3951 741 4015 πολὺς
770 3951 866 4006 καὶ
893 3951 1129 4024 χαλεπὸς
1157 3955 1186 4006 ὁ
1234 3954 1498 4020 κίνδυνος,
1540 3955 1603 4008 τὸ
1630 3955 1731 4027 τὴν

1900 3945 2066 4003 Rssr.
2112 3946 2171 4001 Si
2212 3947 2469 4017 magnum
2505 3952 2560 4001 et
2600 3957 2765 4015 grave
2795 3948 2881 3999 est
2915 3939 3241 4013 periculum,
3276 3951 3412 4009 pro-

151 4040 292 4096 ῑόίαν
317 4044 551 4109 γυναῖκα
604 4041 912 4113 μοιχεῦσαι,
938 4044 1033 4097 καὶ
1053 4042 1188 4116 ἄλλῃ
1210 4044 1321 4116 (50)
1351 4045 1672 4114 συγγενέσθα

1889 4038 2012 4093 riam
2039 4054 2266 4093 uxorem
2305 4037 2560 4101 scortari,
2587 4046 2787 4091 etcum
2819 4034 2927 4089 alio
2949 4048 3065 4089 rem
3097 4030 3320 4095 habere,
3357 4029 3410 4084 si

147 4133 255 4188 κᾶν
286 4135 346 4187 ἐν
373 4134 650 4207 ἀποδημίᾳ
674 4135 915 4207 τυγχάνῃ
938 4136 966 4188 ὀ
997 4136 1138 4207 ἀνήρ
1158 4152 1172 4166 ·
1208 4136 1359 4207 πόσῳ
1412 4153 1476 4206 γε
1532 4137 1668 4206 μᾶλλ

1893 4144 1921 4183 r
1954 4132 2025 4185 sit
2054 4131 2109 4185 in
2139 4131 2426 4201 peregrina
2460 4128 2721 4200 regione:
2753 4132 2961 4199 quanto
2989 4123 3168 4193 majus
3197 4128 3281 4177 est
3310 4135 3408 4191 pe-

143 4223 246 4294 τὴν
305 4223 471 4295 ὀρθὴν
513 4223 695 4277 πίστιν
751 4221 1159 4294 προδοῦναιδιὰ
1203 4223 1264 4276 τὸ
1292 4226 1404 4287 τοῖς
1439 4225 1664 4291 αἱρετικι

1889 4224 2062 4276 culum
2101 4230 2304 4279 rectam
2338 4221 2495 4277 [idem
2531 4220 2762 4292 prodere
2803 4223 3024 4288 propter
3062 4213 3410 4270 communio-

148 4314 609 4383 συγκοινωνῆσαις
651 4314 862 4385 ’Ὠσπερ
892 4308 985 4368 οὖν
1011 4314 1062 4366 οἱ
1098 4313 1198 4385 τὴν
1228 4313 1436 4367 ἑαυτῶν
1464 4329 1669 4385 πραγμι

1892 4330 1956 4369 :m
2003 4329 2129 4369 cum
2167 4313 2438 4369 haereticis
2458 4311 2737 4367 habitam?
2774 4306 3241 4376 Quemadmodum
3270 4319 3413 4377 ergo

143 4404 302 4458 τείαν
332 4403 581 4475 πωλῆσαι
603 4387 1075 4474 βουλόμνοιξὸσον
1096 4404 1162 4458 ἂν
1194 4404 1386 4476 χρόνον
1419 4404 1513 4457 ἐπὶ
1567 4403 1664 4469 ξέν

1887 4406 1923 4459 li
1977 4419 2106 4461 suas
2137 4419 2349 4460 merces
2396 4403 2626 4474 cupiunt
2658 4402 2914 4466 vendere,
2946 4399 3188 4470 quandiu
3213 4398 3268 4453 in
3300 4413 3408 4453 ex-

146 4495 506 4569 βραδὺνωσιν,
539 4497 599 4549 οὐ
634 4494 1017 4566 καταδέχονται
1046 4495 1230 4549 λαϐεῖν
1260 4494 1381 4548 ἀντὶ
1425 4493 1519 4548 τοῦ
1572 4494 1667 4565 βασ

1882 4511 1989 4551 τηε
2018 4504 2305 4551 morantur
2338 4494 2582 4564 regione,
2618 4492 2869 4562 accipere
2898 4497 3158 4546 recusant
3186 4504 3285 4561 pro
3312 4503 3403 4544 re-

143 4552 301 4643 λίκοῦ
333 4552 689 4660 χαράγματπ
714 4588 777 4641 τὸ
815 4552 919 4652 ἔξω
973 4588 1212 4659 χάραγον
1236 4603 1248 4615 ·
1308 4585 1450 4640 οὕτω
1492 4552 1586 4640 καί
1634 4589 1658 4640 ὲ

1885 4603 1919 4641 o
1962 4586 2314 4651 numismate,
2361 4594 2649 4641 externum
2708 4582 2980 4638 numisma
3030 4599 3045 4638 :
3105 4582 3177 4636 ita
3231 4590 3286 4637 et
3332 4581 3406 4637 de

142 4681 247 4751 τῆς
275 4680 516 4751 Χριστοῦ
537 4680 821 4743 κοινωνίας
848 4679 952 4751 χρὴ
976 4679 1304 4747 λογίζεσθαι.
1327 4680 1399 4733 Τὸ
1419 4678 1528 4751 γὰρ
1552 4681 1663 4732 εἰπε

1881 4680 2033 4736 liristi
2076 4680 2459 4736 communione
2502 4679 2837 4736 censendum
2881 4685 2986 4732 est.
3026 4675 3162 4731 Nam
3193 4675 3402 4733 Paulus

141 4788 237 4827 τον
280 4772 603 4826 Ἀπόστολον
629 4812 643 4835 ,
680 4773 765 4826 ὅτι
800 4789 819 4823 ι
855 4767 948 4835 Εἷς
979 4771 1201 4839 Κύριος,
1236 4771 1332 4825 καὶ
1367 4771 1466 4842 μία
1520 4769 1662 4824 πίστι

1879 4776 1982 4829 lsce
2029 4770 2237 4837 verbis,
2287 4790 2306 4824 ι
2359 4769 2514 4827 Unus
2562 4770 2851 4835 Dominus,
2892 4776 2946 4825 et
2995 4784 3105 4823 una
3150 4768 3305 4831 lides,
3344 4774 3400 4823 et

141 4863 240 4917 καὶ
270 4860 331 4915 ἓν
366 4861 667 4932 βάπτισμα,
707 4879 728 4914 ι
759 4860 1029 4931 ἐσήμανεν
1059 4859 1320 4931 ἀκριϐῶς,
1355 4860 1437 4915 ὅτι
1483 4859 1583 4931 μία
1630 4877 1662 4912 κ

1879 4879 1995 4919 mum
2023 4864 2297 4935 baptisma
2325 4863 2393 4929 θ’,
2431 4882 2450 4915 ι
2472 4864 2624 4919 clare
2652 4862 2920 4934 signiﬁcat
2948 4875 3112 4917 unam
3141 4868 3195 4916 et
3224 4860 3400 4915 solam

145 4955 285 5027 μόνη
310 4956 371 5010 ὲν
392 4953 585 5024 κόσμῳ
610 4950 844 5023 ἀψευδὴς
876 4951 1109 5022 ὑπάρχει
1138 4951 1318 5017 πίστις
1338 4990 1356 5017 ,
1398 4952 1465 5024 ἢν
1509 4952 1543 5022 ἡ
1593 4952 1662 5020 ἁγ

1876 4977 1882 5010 l
1923 4956 2128 5011 mundo
2180 4956 2457 5011 sinceram
2496 4970 2620 5010 esse
2672 4954 2853 5017 ﬁdem,
2904 4967 3067 5021 quam
3115 4957 3304 5006 sancta
3342 4955 3397 5005 et

141 5044 258 5116 (51)
293 5045 390 5099 καὶ
426 5043 779 5115 μόνη-κρατεῖ
805 5041 1063 5111 καθολικὴ
1105 5042 1196 5096 καὶ
1224 5041 1555 5114 ἀποστολικὴ
1599 5044 1657 5095 Ἐ

1877 5045 1943 5099 ila
1980 5051 2130 5101 tenet
2176 5045 2447 5101 catholica
2487 5053 2541 5100 et
2574 5042 2873 5115 apostolica
2900 5041 3142 5098 Ecclesia
3176 5055 3189 5092 :
3226 5054 3398 5094 unum

141 5136 349 5209 κλησία
366 5152 381 5167 ·
406 5136 501 5189 καὶ
519 5135 578 5189 ἐν
603 5134 884 5205 βάπτισμα
929 5132 1262 5205 καθαρτικὸν
1290 5134 1385 5188 καὶ
1437 5134 1662 5205 ἁμαρτιί

1876 5149 1954 5190 em
2015 5150 2138 5191 esse
2192 5135 2485 5206 baptisma,
2548 5151 2658 5207 quo
2718 5142 2941 5206 peccata
2987 5139 3289 5204 purgantur
3340 5138 3397 5185 et

137 5226 511 5299 λυιιτρωτιιιιίν⁸
540 5227 634 5281 καὶ
651 5221 733 5291 εἷς
763 5226 986 5299 Κύριος,
1014 5227 1044 5280 ὁ
1067 5225 1256 5298 Πατὴρ
1286 5227 1381 5280 καὶ
1409 5228 1440 5280 ὁ
1466 5224 1593 5290 Υἱὸς
1627 5244 1658 5280 κ

1871 5227 2120 5299 ιρὶιιιιιιιι·
2157 5248 2173 5284 :
2221 5244 2392 5284 unum
2438 5228 2676 5299 denique
2720 5226 3032 5291 Dominum,
3074 5223 3290 5279 Patrem
3337 5230 3392 5278 et

215 5403 284 5435 ⁸⁶⁹
325 5402 485 5459 Deut.
519 5419 726 5469 χχχιιι,
759 5402 851 5458 22.
928 5403 972 5435 ⁸⁷
1013 5400 1204 5458 Matth.
1236 5419 1346 5470 vn,
1380 5402 1477 5460 22.
1552 5403 1597 5435 ⁸⁸
1633 5403 1736 5459 Mat

1046 5400 1204 5458 latth.
1236 5419 1346 5470 vn,
1380 5402 1477 5460 22.
1552 5403 1597 5435 ⁸⁸
1633 5403 1803 5462 Marc.
1839 5423 1896 5472 χ,
1918 5404 2008 5460 52.
2083 5406 2127 5439 ⁶⁹
2167 5404 2364 5478 Ephes.
2404 5421 2478 5471 tv,
2514 5406 2567 5461 5.

211 5556 327 5627 (48)
369 5556 542 5612 Palat.
580 5557 638 5622 2,
679 5558 774 5611 καὶ
819 5559 1078 5630 δυνάμεσι
1123 5557 1369 5630 ψεύδους,
1417 5558 1593 5631 δῆλον,
1629 5562 1709 5615 ὅτι

211 5626 414 5705 ἑνεκρ.
442 5627 683 5705 Quaestio
710 5626 834 5705 HQ,
863 5630 987 5698 111,
1014 5628 1142 5697 112,
1186 5629 1308 5696 115,
1354 5631 1474 5696 114,
1527 5630 1630 5685 115
1660 5638 1712 5687 et

1891 5562 2005 5705 ἔδοξ
2042 5564 2249 5635 Ἄλλη.
2279 5565 2440 5631 Editi,
2465 5562 2648 5644 ἄλλην.
2680 5561 2812 5632 Reg.
2841 5562 2898 5625 2,
2923 5560 3079 5643 ἀλλῃ.
3321 5631 3332 5644 _

1913 5635 1971 5689 51
2029 5635 2106 5690 ita
2130 5635 2265 5705 Reg.
2302 5635 2356 5691 2.
2402 5636 2462 5691 In
2492 5635 2653 5691 editis
2700 5648 2850 5702 vero,
2885 5634 2973 5690 inc
3010 5631 3181 5688 multa
3226 5643 3332 5688 orm

138 5626 237 5688 aut
260 5626 414 5698 νεκρ.
442 5627 683 5694 Quaestio
710 5626 834 5691 110,
863 5626 987 5698 111⁷,
1014 5626 1149 5697 U2,
1186 5629 1308 5696 115,
1354 5626 1482 5696 114,⁷
1527 5630 1630 5685 115

142 5694 269 5754 116.
299 5699 499 5752 absunt
523 5714 554 5752 a
586 5696 761 5751 Palat.
788 5699 842 5753 2.

1891 5626 2106 5760 (ῗιὶιιθ
2130 5626 2265 5708 Reg.
2302 5635 2356 5691 2.
2402 5626 2462 5691 In
2492 5626 2653 5691 editis
2700 5626 2850 5702 vero,
2885 5634 2973 5690 hic
3010 5626 3181 5688 multa
3226 5631 3405 5701 omits

1884 5721 1916 5761 ιι
1944 5721 1976 5761 ιι
2014 5742 2030 5759 .

523 5737 842 5839 1,.κέἶῖρέ
864 5769 1067 5834 αὐτοῖς.
1097 5766 1260 5835 Editi,
1285 5769 1380 5826 καὶ
1407 5768 1568 5839 λέγω.

523 5737 842 5839 ῖ,“κέι“ϊρέἑ
864 5769 1067 5834 αὐτοῖς.
1097 5766 1260 5835 Editi,
1285 5769 1380 5826 καὶ
1407 5768 1568 5839 λέγω.
1821 5737 2029 5761 Nam“
