3852 6192
404 4943 416 5029 ς

460 284 571 356 εστ

1585 293 1645 350 S.
1684 290 2145 347 ATHANASIUS.
2185 323 2255 334 —
2292 292 2565 350 SPURIA.

460 415 660 472 Filium
687 420 742 470 et
773 411 1037 485 Spiritum
1070 418 1322 468 sanctum
1356 425 1498 469 esse.
1526 410 1628 477 Qui
1660 412 1736 465 ita
1763 424 1874 489 non
1903 423 2013 464 sen-

2126 409 2188 462 τὸ
2220 409 2375 479 ἅγιον
2404 411 2629 481 Πνεῦμα
2655 410 2912 484 ὑπάρχει.
2952 413 3065 468 Καὶ
3099 416 3129 468 6
3182 415 3257 488 μὴ
3300 415 3446 471 οὓτω
3491 421 3696 490 φρονῶν

460 509 547 575 tit,
574 513 723 562 errat
745 506 992 561 omnino.

530 599 753 668 Quasr.
783 596 966 654 CXIII.
992 596 1184 669 Magna
1222 605 1279 652 et
1322 597 1555 652 celebris
1584 603 1744 667 atque
1773 597 2030 651 omnibus

458 689 574 746 fere
601 692 822 762 vulgata
857 690 1086 760 quaestio
1120 696 1227 754 est,
1271 695 1454 742 utrum
1489 687 1780 742 dicendum
1814 688 1885 741 sit
1917 695 2031 742 ter-

458 783 667 836 minum
701 781 901 836 habere
938 781 1104 836 vitam
1139 779 1398 844 hominis,
1431 794 1602 834 necne
1636 779 1771 850 (52).
1807 776 1941 832 Nam
1980 778 2027 833 si

458 872 729 928 terminus
769 862 876 939 est,
933 872 1206 942 quomodo
1251 871 1420 925 David
1472 871 1565 938 ait,
1615 890 1635 923 ι
1677 869 1753 925 Ne
1795 871 2029 925 reducas

459 977 548 1016 me
582 962 639 1016 in
669 961 894 1016 dimidio
924 962 1133 1016 dierum
1163 975 1407 1015 meorum
1435 958 1506 1011 ὀἳ
1528 979 1547 1011 ι
1584 959 1640 1014 Si
1676 976 1807 1015 vero
1843 961 2027 1015 nullus

460 1060 547 1108 est
591 1054 880 1118 terminus,
933 1053 1208 1124 quomodo
1250 1069 1442 1107 rursus
1492 1052 1662 1106 David
1697 1053 1791 1116 ait,
1829 1070 1848 1104 ι
1885 1052 2027 1108 Ecce

458 1146 855 1201 mensurabiles
907 1145 1141 1215 posuisti
1179 1144 1295 1200 dies
1350 1160 1500 1200 meos
1533 1144 1603 1197 '“?
1654 1165 1673 1197 ι
1719 1144 1932 1200 Rursus
1978 1145 2024 1201 si

457 1235 728 1292 terminus
757 1238 954 1307 aliquis
982 1245 1085 1300 est,
1118 1235 1249 1306 quid
1271 1236 1357 1291 his
1384 1236 1569 1291 verbis
1594 1238 1710 1290 vult
1740 1235 2022 1302 Salomon,

463 1343 484 1376 ι
530 1325 609 1381 Ne
644 1328 723 1383 sis
764 1328 1023 1395 crudelis,
1071 1341 1247 1397 neque
1296 1329 1460 1396 impie
1503 1343 1633 1399 agas
1673 1329 1925 1393 multum,
1956 1346 2025 1385 ne

457 1417 715 1473 moriaris
750 1419 806 1472 in
838 1426 1079 1490 tempore
1099 1434 1209 1473 non
1241 1427 1335 1473 tuo
1359 1417 1453 1470 7’?
1496 1439 1515 1471 ι
1549 1417 1604 1472 Si
1640 1419 1803 1490 igitur
1844 1427 2025 1489 potest

454 1508 581 1577 quis
603 1511 742 1564 mori
769 1510 824 1565 in
851 1519 1096 1582 tempore
1117 1526 1227 1566 non
1256 1526 1378 1574 suo,
1403 1511 1674 1581 quomodo
1699 1513 2023 1583 quibusdam

454 1598 635 1666 placet
668 1600 850 1656 dicere
879 1608 1110 1655 mortem
1157 1600 1473 1656 hominibus
1515 1600 1722 1666 induci,
1761 1617 1885 1655 cum
1917 1602 2023 1655 im-

453 1678 587 1757 pleti
639 1688 843 1745 fuerint
886 1692 1009 1745 vitae
1052 1690 1319 1745 termini?
1358 1690 1642 1756 Quomodo
1674 1692 1929 1748 similiter
1969 1698 2024 1747 et

452 1775 703 1836 Ezechiae
733 1782 893 1854 242
930 1790 986 1837 et
1029 1780 1291 1836 Ninivitis
1331 1781 1497 1837 vitam
1531 1782 1676 1839 Deus
1708 1784 2021 1854 petentibus

453 1874 770 1942 prorogavit
785 1873 809 1925 ?

522 1959 686 2016 Resp.
719 1959 865 2018 Fons
897 1963 989 2019 ille
1015 1967 1295 2036 sapientiae
1327 1983 1690 2040 magnumque
1717 1981 1815 2023 vas
1843 1968 2025 2037 cogni-

452 2052 620 2109 tionis
640 2051 844 2110 Paulus
873 2057 1154 2125 apostolus
1189 2059 1307 2116 haec
1335 2060 1403 2114 ad
1425 2059 1739 2115 Corinthios
1769 2058 1963 2113 scribit
2003 2076 2017 2113 :

456 2161 479 2195 ¢
526 2141 633 2210 Qui
660 2146 807 2200 enim
838 2145 1060 2219 indigne
1089 2150 1384 2206 manducat
1422 2165 1615 2222 panem
1640 2159 1694 2206 et
1720 2150 1860 2206 bibit
1887 2163 2019 2205 san-

453 2234 673 2305 guinem
716 2233 954 2302 Domini,
985 2237 1252 2309 judicium
1286 2240 1393 2296 sibi
1428 2239 1722 2295 manducat
1750 2247 1805 2295 et
1831 2240 1967 2295 bibit
2001 2259 2016 2295 :

448 2325 686 2397 ideoque
715 2327 861 2382 inter
886 2343 985 2385 vos
1012 2330 1170 2384 multi
1193 2332 1394 2386 inﬁrmi
1416 2340 1472 2386 et
1504 2332 1801 2387 imbecilles
1825 2339 1878 2387 et
1897 2330 2020 2386 dor-

446 2417 629 2471 miunt
666 2418 823 2473 multi
855 2419 923 2476 ".
964 2439 984 2472 ι
1032 2420 1314 2478 Attendite
1364 2424 1674 2494 diligenter.
1714 2420 1853 2488 Quia
1896 2439 2015 2489 vos,

446 2510 647 2582 inquit,
689 2512 910 2584 indigne
939 2513 1007 2568 ad
1039 2515 1479 2570 communionem
1503 2514 1785 2580 acceditis,
1812 2513 2017 2569 idcirco

446 2601 725 2656 morimini
755 2604 908 2657 multi
935 2621 950 2665 ς
974 2613 1136 2673 atque
1166 2604 1303 2660 adeo
1334 2605 1382 2659 si
1421 2605 1584 2674 digne
1610 2603 2016 2659 communicas-

453 2701 596 2760 sent,
642 2703 775 2749 tunc
821 2712 929 2750 non
976 2694 1212 2752 fuissent
1252 2697 1522 2752 morituri.
1552 2695 1694 2763 Quid
1732 2695 1846 2765 jam
1887 2709 2016 2764 ergo

445 2783 691 2852 amplius
742 2785 1033 2839 terminum
1089 2786 1215 2840 vitae
1254 2788 1581 2856 quaerimus,
1633 2800 1794 2855 quem
1856 2785 2015 2839 nobis

443 2874 605 2928 multi
641 2874 971 2943 objiciunt?‘
1012 2875 1226 2932 Rursus
1272 2877 1340 2931 ad
1389 2876 1611 2948 Eliphaz
1640 2876 2015 2932 Thema-item

444 2965 583 3020 dixit
622 2965 765 3022 Deus
795 2986 809 3023 :
847 2986 867 3018 ι
900 2966 1143 3023 Peccasti
1171 2976 1250 3034 tu,
1278 2976 1332 3024 et
1360 2968 1469 3023 duo
1496 2969 1656 3023 amici
1680 2969 1782 3033 tui,
1815 2975 1870 3022 et
1897 2967 2017 3023 sine

2131 500 2497 572 πεπλάνηται.

2215 593 2405 663 Ἐρώτ.
2441 601 2567 666 ριγ¹.
2595 595 2669 649 Τὸ
2698 596 2839 666 μέγα
2867 597 2961 653 καὶ
2993 598 3445 672 πολυθρύλλητον,
3469 603 3567 657 καὶ
3585 621 3697 675 σχε-

2130 682 2218 735 δὸν
2256 683 2406 754 παρά
2438 685 2656 738 πάντων
2704 685 3030 757 ζητούμενον
3080 690 3205 761 ὅρον
3251 690 3485 761 θέλομεν
3531 692 3699 761 λέγειν

2130 772 2273 843 ἔχειν
2300 773 2398 846 τὴν
2425 774 2517 828 τοῦ
2549 775 2836 848 ἀνθρώπου
2869 777 3031 848 ζωὴν,
3060 779 3093 849 ἢ
3120 777 3179 832 οὔ
3203 780 3313 850 (52)
3336 798 3350 846 ;
3372 783 3437 834 Ei
3468 783 3570 853 μὲν
3594 783 3698 854 γὰρ

2128 865 2253 935 ὄρος
2283 865 2420 930 ἐστὶ,
2447 864 2565 929 πῶς
2603 883 2767 937 φησιν
2792 869 2821 921 6
2847 867 3012 922 Δαϐὶδ
3034 868 3112 939 τῷ
3131 868 3277 940 eaq»
3310 889 3330 922 ι
3366 871 3459 943 Μὴ
3494 874 3696 941 ἀναγά-

2128 972 2232 1026 γῃς
2273 973 2341 1026 με
2371 957 2429 1011 ὲν
2448 957 2637 1027 ἡμίσει
2659 958 2882 1031 ἡμερῶν
2908 977 3043 1031 μου;
3067 977 3086 1012 t
3106 963 3154 1014 εί
3178 962 3235 1015 δὲ
3254 964 3354 1016 οὐκ
3377 963 3529 1018 ἐστιν
3556 967 3693 1036 ὅρος,

2129 1047 2248 1110 πῶς
2287 1049 2447 1102 πάλιν
2480 1051 2509 1103 ὁ
2551 1051 2712 1115 αὐτὸς
2754 1051 2931 1120 λέγει·
2989 1070 3007 1103 ι
3046 1053 3174 1106 Ἰδοὺ
3225 1056 3529 1121 παλαιστὰς
3578 1058 3694 1111 ἔθου

2129 1137 2229 1202 τάς
2256 1139 2473 1211 ἡμέρας
2512 1158 2635 1211 μου.
2676 1162 2695 1194 ι
2733 1144 2796 1195 Εἰ
2822 1142 2881 1197 δὲ
2905 1143 3066 1197 πάλιν
3092 1145 3217 1216 ὅρος
3237 1148 3374 1212 ἐστὶ,
3408 1149 3530 1212 πῶς
3555 1150 3584 1202 6
3606 1150 3696 1202 Σορ

2127 1228 2308 1300 λομών
2330 1248 2494 1301 φησι·
2537 1251 2557 1283 ι
2594 1232 2685 1304 Μὴ
2712 1235 2861 1301 γίνου
2890 1235 3143 1306 σκληρὸς,
3174 1237 3309 1308 μηδὲ
3358 1238 3562 1311 ἀσεϐὴς
3609 1243 3696 1294 ἐπὶ

2127 1320 2284 1384 πολὺ,
2313 1321 2401 1375 ἵνα
2453 1322 2528 1393 μὴ
2578 1323 2856 1397 ἀποθάνῃς
2893 1325 2952 1378 ἐν
2974 1325 3034 1377 οὐ
3060 1325 3236 1398 καιρῷ
3264 1344 3378 1381 σου.
3433 1347 3452 1379 ι
3478 1330 3543 1382 Et
3608 1326 3696 1383 οὖν

2126 1414 2271 1467 ἐστιν
2299 1417 2358 1467 ὲν
2379 1414 2440 1469 οὐ
2473 1416 2651 1486 καιρῷ
2674 1416 2983 1483 ἀποθανεῖν,
3010 1418 3126 1481 πῶς
3149 1436 3290 1473 τισιν
3316 1420 3461 1485 ἔδοξε
3498 1422 3693 1491 λέγειν,

2124 1506 2207 1558 ὅτι
2225 1505 2441 1560 θάνατοι
2476 1509 2789 1577 ἐπάγονται,
2820 1509 2928 1563 τῶν
2974 1511 3114 1582 ὅρων
3141 1513 3239 1583 τῆς
3283 1513 3431 1584 ζωῆς
3480 1515 3697 1586 πληρω-

2127 1596 2326 1653 θέντων
2354 1615 2368 1664 ;
2398 1598 2593 1662 Πῶςδὲ
2620 1602 2714 1653 καὶ
2734 1600 2813 1672 τῷ
2863 1603 3081 1674 Ἐζεκίᾳ
3104 1605 3198 1657 καὶ
3227 1607 3341 1670 τοῖς
3387 1606 3695 1673 Νινευϊταις

2128 1688 2270 1761 ζωὴν
2298 1692 2328 1744 6
2353 1690 2484 1755 Θεὸς
2515 1693 2902 1764 αἰτησαμένοις
2931 1694 3268 1768 προσέθηκεν
3293 1713 3310 1763 ;

2192 1930 2398 2005 Ἇπόκ.
2438 1950 2504 2006 Ἤ
2543 1952 2643 2023 τῆς
2675 1952 2869 2023 σοφίας
2894 1952 3069 2027 πηγὴ,
3095 1954 3156 2009 τὸ
3185 1954 3328 2026 μέγα
3352 1956 3557 2026 δοχεῖον
3599 1956 3699 2029 τῆς

2120 2039 2393 2110 γνώσεως,
2415 2041 2625 2107 Παῦλος
2649 2044 2677 2096 ὁ
2698 2043 3019 2111 ἀπόστολος,
3046 2045 3184 2117 πρὸς
3206 2046 3529 2116 Κορινθίους
3559 2049 3696 2120 γρά-

2120 2147 2238 2200 φων
2268 2131 2434 2201 φησίν
2457 2149 2473 2164 ο
2513 2152 2533 2184 ι
2576 2134 2635 2186 '0
2664 2134 2773 2206 γὰρ
2797 2133 3029 2201 ἀναξίως
3052 2134 3245 2190 ἐσθίων
3270 2136 3361 2189 τὸν
3406 2135 3571 2208 ἄρτον
3603 2139 3696 2193 καὶ
3812 2131 3813 2203 l

2120 2221 2289 2276 πίνων
2312 2222 2375 2275 τὸ
2407 2217 2545 2294 αἷμα
2577 2223 2669 2277 τοῦ
2699 2225 2905 2296 Κυρίου
2930 2264 2946 2290 ,
2975 2227 3148 2297 κρῖμα
3178 2224 3358 2296 ἑαυτῷ
3400 2226 3572 2280 ἐσθίει
3602 2228 3697 2282 καὶ

2119 2315 2263 2368 πίνει
2283 2331 2297 2345 ο
2331 2316 2425 2368 καὶ
2448 2315 2535 2368 διὰ
2552 2315 2711 2370 τοῦτο
2730 2317 2788 2370 ὲν
2810 2318 2939 2387 ὑμῖν
2976 2317 3163 2371 πολλοὶ⁸
3185 2317 3432 2383 ἀσθενεῖς
3461 2319 3558 2372 καὶ
3593 2320 3697 2392 ἀρ-

2118 2407 2316 2476 ρωστοι
2370 2405 2466 2459 καὶ
2508 2406 2806 2477 κοιμῶνται
2870 2407 3064 2461 ἱκανοί.
3124 2427 3144 2461 ι
3206 2407 3511 2480 Προσέχετε
3557 2411 3696 2480 μετά

2119 2496 2424 2568 ἀκριϐείας.
2475 2497 2577 2551 Διά
2612 2499 2673 2552 τὸ
2718 2498 2972 2564 ἀναξίους
3018 2488 3650 2579 ὑμᾶςίμεταλαμὸάνειν
3673 2541 3695 2564 ,

2117 2587 2302 2659 φησὶν,
2336 2586 2708 2660 ἀποθνήσκετε
2760 2591 2811 2643 οἱ
2854 2586 3245 2655 πολλοίζὮστε
3281 2592 3330 2644 εί
3362 2593 3694 2663 ἀξίωξῖμετ-

2115 2678 2438 2749 ελάμϐανον,
2467 2680 2567 2732 οὐκ
2594 2678 2660 2733 ἂν
2691 2679 3032 2750 ἀπέθνησκον
3061 2682 3203 2735 τότε.
3231 2681 3340 2735 Καὶ
3371 2678 3694 2738 ποῦῖοιπὸν

2117 2767 2390 2839 ζητοῦμεν
2418 2769 2508 2822 τὸν
2539 2770 2664 2839 ὅρον
2690 2770 2790 2840 τῆς
2826 2770 2969 2841 ζωῆς
3000 2771 3093 2825 τὸν
3123 2770 3272 2842 παρά
3303 2771 3520 2836 πολλοῖς
3563 2775 3695 2843 ἡμῖν

2116 2859 2585 2931 προϐαλλόμενον;
2613 2862 2781 2916 Πάλιν
2814 2862 2950 2932 πρὸς
2985 2863 3074 2916 τὸν
3111 2863 3337 2933 Ἐλιφάζ
3378 2864 3471 2919 τὸν
3507 2865 3694 2935 Θεμα-

2058 2963 2062 2967 ·
2114 2951 2267 3022 νίτην
2302 2953 2466 3021 φησὶν
2496 2955 2525 3006 6
2548 2952 2679 3017 Θεός
2700 2969 2717 2986 ι
2761 2971 2779 3004 ι
2818 2953 3103 3024 ’Ἦμαρτες
3126 2956 3189 3008 σὺ
3214 2957 3307 3008 καὶ
3334 2958 3381 3008 οἱ
3416 2955 3514 3029 δύο
3546 2957 3692 3025 φίλοι

438 3057 546 3113 Job
596 3074 755 3115 servo
805 3075 927 3115 meo
978 3075 1076 3115 vos
1134 3059 1538 3117 interemissem
1596 3062 1663 3115 ⁷⁵.
1739 3079 1760 3112 ›
1822 3061 2013 3130 Itaque

2120 3059 2235 3109 σου,
2267 3042 2361 3096 καὶ
2382 3045 2429 3095 εἰ
2455 3042 2528 3114 μὴ
2548 3043 2637 3097 διὰ
2688 3040 2807 3096 ’1ὼὸ
2837 3042 2927 3098 τὸν
2955 3043 3262 3115 θεράποντά
3293 3064 3434 3115 μου,
3494 3046 3693 3111 ἐξωλόο

442 3160 666 3221 propter
690 3150 792 3206 Job
813 3152 1069 3206 virtutem
1093 3152 1203 3208 Deo
1227 3161 1506 3223 acceptam
1540 3168 1647 3207 non
1695 3159 1823 3208 sunt
1860 3167 2011 3206 mor-

445 3241 546 3306 tui,
603 3257 714 3296 non
759 3250 939 3298 autem
981 3244 1124 3313 quod
1166 3259 1276 3299 non
1310 3244 1594 3299 absolutus
1638 3251 1782 3299 esset
1816 3242 2009 3298 termi-

443 3347 552 3386 nus
581 3331 708 3386 vita:
752 3331 1017 3401 ipsorum.
1054 3332 1148 3387 Sin
1190 3343 1392 3399 autem,
1422 3343 1480 3388 ut
1511 3334 1838 3404 quibusdam
1862 3334 2010 3390 vide-

445 3429 554 3486 tur,
587 3422 792 3493 pmﬁxi
814 3430 942 3477 sunt
964 3434 1020 3478 et
1045 3424 1252 3479 deliniti
1272 3424 1389 3480 dies
1410 3425 1665 3490 hominis,
1712 3439 1871 3479 nemo
1894 3424 2008 3494 jam

443 3511 502 3568 in
525 3514 765 3583 peccatis
793 3514 1094 3569 moriturus
1116 3515 1183 3568 ad
1209 3524 1428 3570 sanctos
1458 3516 1600 3571 viros
1623 3516 1925 3579 accederet,
1952 3523 2011 3568 ut

440 3608 607 3661 vitam
641 3616 696 3662 et
723 3607 1136 3663 conversionem
1185 3607 1289 3661 sibi
1330 3622 1363 3661 a
1404 3605 1514 3662 Deo
1564 3614 1813 3677 peteret:
1847 3622 2008 3662 nemo

439 3697 613 3753 Deum
655 3714 757 3769 pro
802 3699 1098 3754 liberorum
1146 3698 1256 3753 vita
1299 3699 1781 3769 rogaret.-Quippe
1828 3700 2011 3753 termi-

438 3805 567 3854 nus,
618 3790 884 3845 terminus
942 3798 1046 3856 est,
1100 3790 1369 3860 nihilque.
1402 3791 1702 3845 secundum
1754 3790 1878 3845 illos
1929 3789 2011 3844 illi

435 3889 618 3950 potest
649 3882 794 3937 addi.
827 3881 940 3937 Cur
970 3898 1101 3954 ergo
1136 3882 1418 3953 Scriptura
1442 3882 1708 3952 praecipit,
1739 3901 1759 3934 ι
1790 3880 2008 3937 Honora

439 3983 649 4044 patrem
685 3982 837 4028 tuum
864 3982 918 4029 et
941 3983 1167 4032 matrem
1195 3986 1366 4041 tuam,
1387 3984 1446 4032 ut
1469 3978 1548 4032 sis
1575 3977 1853 4047 longaevus
1872 3976 1952 4029 πῖ
1980 3994 2001 4028 ι

437 4063 627 4133 Itaque
680 4065 948 4118 terminus
990 4066 1114 4120 vita:
1160 4067 1416 4131 hominis,
1465 4074 1549 4120 est
1583 4068 1840 4127 voluntas
1887 4063 2004 4132 Dei,

437 4153 529 4221 qui
572 4153 690 4208 dies
734 4152 884 4208 addit
910 4154 1002 4208 cui
1033 4156 1286 4218 voluerit,
1335 4155 1519 4210 aufert
1549 4171 1679 4211 vero
1708 4170 1739 4209 a
1764 4169 1874 4224 quo
1902 4169 2002 4208 au-

437 4243 569 4295 ferri
602 4243 844 4308 libuerit,
887 4245 1070 4299 omnia
1113 4247 1180 4300 ad
1234 4246 1668 4315 uniuscujusque
1715 4247 2004 4300 utilitatem

436 4348 624 4403 agens.
654 4333 736 4388 Ac
765 4337 1221 4404 quemadmodum
1243 4337 1422 4408 gregis
1449 4338 1724 4401 dominus,
1756 4352 1879 4392 cum
1910 4352 2006 4392 vo-

2114 3133 2315 3204 θρευσα
2359 3132 2425 3189 ἂν
2478 3135 2641 3205 ὑμᾶς.
2680 3154 2699 3186 ι
2771 3135 2932 3188 Ὥστε
2978 3135 3067 3189 διὰ
3123 3136 3221 3207 τὴν
3248 3137 3343 3189 τοῦ
3391 3136 3513 3191 Ἰὼϐ
3556 3140 3691 3209 πρὸς

2110 3225 2243 3281 Θεὸν
2272 3225 2473 3296 ἀρετὴν
2502 3227 2602 3279 οὐκ
2632 3225 2923 3293 ἀπέθανον,
2944 3227 3038 3281 καὶ
3060 3228 3122 3280 οὐ
3148 3228 3235 3281 διὰ
3262 3228 3321 3281 τὸ
3351 3229 3427 3300 μὴ
3468 3231 3692 3301 πληρω-

2112 3310 2271 3384 θῆναι
2287 3315 2399 3383 (55)
2415 3314 2505 3367 τὸν
2520 3316 2643 3386 ὅρον
2657 3315 2757 3385 τῆς
2774 3316 2918 3388 ζωῆς
2933 3316 3200 3371 αὑτῶν.Εί
3214 3318 3293 3384 δὲ,
3306 3318 3381 3383 ὣς
3398 3336 3509 3372 τισι
3524 3320 3687 3384 δοκεῖ,

2110 3407 2462 3483 πεπηγμέναι
2483 3409 2588 3462 εἰσὶ
2602 3409 2694 3461 καὶ
2721 3410 3022 3481 ὡρισμέναι
3050 3412 3107 3464 αἱ
3134 3412 3339 3483 ἡμέραι
3366 3412 3461 3465 τοῦ
3486 3411 3689 3483 ἀνθρώο

2108 3499 2478 3575 που,[μηδε“ις
2521 3499 2703 3553 λοιπὸν
2753 3502 2811 3553 ἐν
2867 3501 3117 3571 ἀνομίαις
3173 3501 3380 3572 μέλλων
3431 3502 3690 3575 τελευτᾷν

2109 3590 2289 3658 ἁγίοις
2332 3591 2556 3663 ἀνδράσι
2610 3592 2931 3666 προσδράμῃ
2995 3592 3139 3664 ζωὴν
3195 3594 3289 3646 καὶ
3348 3596 3688 3666 ἐπιστροφὴν

2108 3682 2272 3735 αὑτοῦ
2307 3684 2371 3735 ὲκ
2413 3680 2546 3735 Θεοῦ
2596 3684 2918 3753 αἰτήσασθαι
2942 3699 2956 3713 ⁸
2992 3684 3179 3753 μηδεὶς
3219 3685 3347 3756 περὶ
3392 3686 3542 3757 ζωῆς
3580 3688 3689 3740 τῶν

2108 3774 2302 3827 ἑαυτοῦ
2322 3775 2524 3829 τέκνων
2557 3775 2645 3827 τὸν
2675 3775 2805 3829 Θεὸν
2836 3776 3152 3847 δυσωπήοῃ.
3170 3777 3227 3829 ’0
3253 3777 3360 3849 γάρ
3382 3779 3531 3849 ὄρος,
3565 3780 3691 3849 ὅρος

2108 3863 2247 3926 ἐστὶ,
2281 3864 2374 3917 καὶ
2408 3864 2727 3936 προσθήκην
2753 3863 3009 3917 ἀδύνατον
3038 3865 3156 3918 κατ’
3179 3864 3375 3928 αὐτοὺς
3410 3866 3722 3948 γενέσθαιῦ

2108 3953 2220 4007 Καὶ
2253 3953 2372 4017 πῶς
2413 3971 2576 4024 φησιν
2610 3956 2888 4026 ήΓραφὴ,
2924 3976 2942 4008 ι
2986 3957 3133 4027 Τίμα
3179 3957 3272 4011 τὸν
3322 3960 3537 4032 πατέρα
3591 3979 3689 4016 σου

2111 4049 2207 4102 καὶ
2236 4047 2333 4118 τὴν
2359 4048 2569 4119 μητέρα
2604 4065 2694 4100 σου
2713 4088 2727 4110 ,
2758 4049 2905 4111 ὅπως
2935 4047 3033 4122 ἔσῃ
3068 4049 3450 4122 πολυχρόνιος;
3492 4074 3511 4104 ι
3564 4056 3690 4126 ὄρος

2106 4141 2283 4194 τοίνυν
2304 4142 2419 4193 ἐστὶ
2434 4143 2497 4211 τῇ
2519 4141 2629 4210 ζωῇ
2648 4140 2757 4211 (54)
2773 4139 2865 4193 τοῦ
2883 4139 3165 4209 ἀνθρώπου
3181 4144 3213 4212 ἡ
3234 4142 3398 4214 βουλὴ
3421 4144 3517 4199 τοῦ
3530 4146 3690 4212 Θεοῦ,

2108 4234 2201 4287 καὶ
2248 4226 2398 4299 ᾧτινι
2428 4232 2693 4302 βούλεται,
2736 4233 3089 4304 προστίθησι,
3118 4234 3211 4287 καὶ
3239 4234 3367 4289 ἔνθα
3410 4241 3691 4311 σκοπήσῃ,

2108 4324 2382 4392 ὑφελείται
2405 4364 2419 4389 ,
2454 4324 2631 4378 πάντα
2664 4325 2832 4378 ποιῶν
2863 4326 2997 4397 πρὸς
3027 4325 3087 4378 τὸ
3113 4325 3341 4379 ἑκάστου
3384 4331 3688 4401 συμφέρον.

437 4425 621 4490 luerit,
651 4428 816 4480 mittit
849 4437 902 4482 et
942 4429 1177 4483 accersit
1205 4446 1343 4499 quas
1371 4429 1606 4484 voluerit
1634 4444 1766 4484 oves
1793 4447 1809 4496 ;
1840 4430 1915 4482 ita
1948 4436 2002 4483 et

2120 4415 2219 4467 Καὶ
2249 4414 2434 4486 ὥσπερ
2472 4418 2500 4468 6
2532 4414 2795 4485 δεσπότης
2824 4416 2922 4486 τῆς
2979 4416 3210 4487 ποίμνης
3230 4459 3243 4482 ι
3290 4418 3379 4471 ὅτε
3426 4419 3688 4493 βουληθῇτ

436 4517 582 4571 Deus
613 4531 673 4571 se
705 4532 833 4587 erga
868 4518 1118 4573 homines
1148 4520 1308 4590 gerit,
1348 4528 1590 4592 tuncque
1617 4535 1767 4574 mors
1794 4519 2002 4575 homini

435 4607 673 4670 advenit,
704 4622 828 4680 cum
868 4611 1132 4666 terminus
1168 4612 1287 4682 ejus
1312 4613 1438 4667 vitae
1478 4613 1779 4683 completus
1818 4609 2001 4669 fuerit.

432 4696 590 4762 Nam,
623 4707 684 4752 ut
714 4707 870 4753 antea
898 4701 1102 4755 dictum
1137 4711 1240 4767 est,
1270 4706 1538 4763 terminus
1569 4707 2003 4780 uniuscujusque

431 4792 556 4862 νῇὲ
579 4797 665 4845 est
684 4788 879 4859 jussus
902 4799 958 4847 et
985 4793 1240 4849 voluntas
1275 4794 1387 4851 Dei.

504 5049 752 5118 Quazs'rf
802 5039 1020 5107 (ΠΕΝζὲ
1085 5038 1314 5117 Quidam
1355 5052 1713 5112 'existimant
1808 5054 1999 5119 corru-

431 5137 650 5219 ptorum
688 5162 981 5217 corporum
1056 5150 1518 5204 resurrectionem
1596 5153 1995 5225 impossibilem

427 5242 655 5296 omnino
696 5255 838 5296 esse.
889 5239 1174 5307 Quomodo
1214 5242 1383 5310 enim,
1433 5243 1706 5314 inquiunt,
1759 5257 1853 5303 aut
1894 5266 1997 5304 un-

428 5333 625 5387 denam
666 5341 918 5403 resurget
956 5347 1107 5397 caro,
1136 5349 1300 5404 quam
1344 5349 1487 5405 saepe
1530 5336 1817 5409 naufragio
1860 5342 1999 5396 sub-

2108 4504 2429 4558 ἀποστέλλει
2452 4504 2745 4576 καὶφέρει,
2778 4503 2864 4558 οἷα
2913 4505 3177 4576 βούλεται,
3209 4508 3455 4578 πρόϐατα
3479 4526 3493 4539 ·
3544 4511 3691 4564 οὕτω

2107 4598 2202 4650 καὶ
2236 4600 2265 4650 6
2298 4596 2429 4659 Θεὸς
2475 4596 2705 4649 ἐπὶτῶν
2747 4596 3047 4669 ἀνθρώπων
3089 4601 3252 4660 ποιεῖ,
3283 4600 3379 4651 καὶ
3420 4599 3546 4651 τότε
3591 4603 3692 4655 ἑπ-

2106 4691 2298 4759 άγεται
2323 4691 2352 4741 ὁ
2381 4689 2614 4752 θάνατος
2659 4689 2737 4759 τῷ
2763 4688 3053 4760 ἀνθρώπῳ,
3078 4688 3170 4742 τοῦ
3197 4690 3345 4760 ὅρου,
3389 4691 3561 4762 ἤγουν
3590 4694 3689 4747 τοῦ

2106 4783 2304 4854 χρόνου
2328 4783 2425 4852 τῆς
2448 4781 2592 4850 ζωῆς
2625 4781 2809 4846 αὑτοῦ,
2835 4780 3232 4852 πληρωθέντος.
3268 4782 3435 4854 Ὅρος
3463 4801 3691 4858 τοιγαρ-

2104 4873 2235 4938 οῦν,
2291 4871 2367 4935 ὡς
2420 4870 2796 4941 προλέλεκται,
2845 4872 2946 4942 τῆς
3000 4873 3229 4927 ἑκάστου
3277 4872 3424 4945 ζωῆς
3466 4875 3685 4950 ἐστινὴ

2103 4965 2350 5028 κέλευσις
2384 4965 2478 5017 καὶ
2506 4965 2540 5034 ἡ
2585 4961 2749 5034 βουλὴ
2767 4961 2859 5017 τοῦ
2879 4962 3039 5020 Θεοῦ.

2188 5066 2380 5139 Ἐρώτ.
2430 5064 2547 5137 ριδ’.
2588 5063 2888 5133 ’Λμήχανόν
2947 5080 3002 5116 τι
3048 5066 3279 5136 πρᾶγμα
3313 5062 3428 5128 τοῖς
3467 5063 3689 5129 πολλοῖς

2102 5165 2198 5218 καὶ¹
2223 5161 2482 5216 ἀδύνατον
2523 5156 2801 5227 νομίζεται
2833 5156 2943 5210 τῶν
2986 5157 3445 5229 καταφθαρέντων
3499 5159 3687 5228 σωμάο

2104 5272 2212 5310 των
2244 5256 2277 5325 ἡ
2301 5252 2613 5314 ἀνάστασις.
2641 5250 2766 5314 Πῶς
2790 5248 2917 5322 γὰρ,
2939 5251 3122 5320 φησὶν,
3155 5249 3190 5319 ἢ
3230 5247 3396 5302 πόθεν
3443 5249 3685 5320 ἀναστή-

2104 5363 2254 5400 σεται
2282 5345 2316 5414 ἠ
2352 5340 2506 5412 σὰρξ,
2537 5343 2604 5410 ἢν
2637 5338 2893 5402 πολλάκις
2930 5341 3313 5410 ναυαγήσασαν
3343 5338 3551 5406 ἔφαγον
3590 5338 3681 5408 χί-

501 5425 561 5509 '1
586 5423 732 5509 Psal.
769 5441 818 5480 Cl
843 5466 859 5492 ,
884 5424 984 5509 ΞΒ.
1059 5427 1105 5460 ’⁸
1146 5424 1292 5484 Psal.
1328 5443 1569 5496 xxxvm,
1604 5428 1657 5483 6.
1735 5431 1782 5462 "
1818 5429 1997 5493 Eccle.
2052 5456 2163 5504 vn,
2203 5438 2293 5490 I7.
2368 5434 2416 5467 "
2455 5433 2476 5486 l
2512 5434 2638 5487 Cor.
2676 5447 2730 5485 χι
2756 5471 2771 5497 ,
2809 5431 2914 5495 29,
2949 5429 3063 5500 30.|
3136 5429 3197 5509 "_
3261 5428 3359 5487 Iob
3390 5444 3568 5503 “nu,
3617 5428 3681 5487 7.

430 5493 478 5525 "
521 5492 693 5548 Exod.
734 5511 839 5561 xx,
881 5495 967 5550 l2.

433 5585 615 5708 ‘05‘1522
645 5584 771 5642 Haec
814 5604 1075 5658 expressa
1122 5597 1338 5648 suntex
1379 5591 1646 5662 Apologia
1694 5594 1758 5648 de
1815 5593 1987 5665 Fuga.

522 5724 632 5793 (55)
675 5723 752 5780 Ita
800 5731 1169 5800 manuscripta
1214 5742 1378 5789 recte.
1431 5732 1485 5789 In
1534 5733 1693 5790 editis
1740 5751 1869 5792 vero
1913 5738 1987 5805 μή

2097 5597 2450 5790 ἒϐῗὲἱῌῖοε.
2473 5661 2570 5737 τῆς
2597 5659 2759 5732 ζωῆς,
2788 5658 2957 5728 Infra,
2986 5659 3150 5730 idem,
3177 5660 3272 5714 καὶ
3300 5658 3683 5733 ἔνθαξκελεύιι

2137 5749 2425 5790 εοαιρειται.

2137 5749 2425 5805 φαιρειται.
