3852 6192
178 384 303 440 ὒϐθ
1152 386 1616 455 QUZESTIONES
1655 390 1746 445 AD
1783 389 2194 447 ANTIOCHUM
2226 390 2481 449 DUCEM.
3345 384 3458 445 670

195 509 299 561 λιοι
337 502 519 578 ἰχθύες
549 505 661 575 (55)
687 505 782 560 καὶ
806 489 970 560 πάλιν
992 507 1118 571 τοὺς
1136 508 1342 578 χιλίους
1393 508 1579 579 ἰχθύας
1620 510 1779 581 χίλιοι

1891 525 2115 566 mersam
2184 509 2497 565 devorarint
2558 507 2711 564 mille
2767 507 2948 579 pisces
2973 546 2989 573 ,
3052 521 3192 578 quos
3256 522 3455 565 rursus

194 576 409 671 ἄνδρες,
436 599 532 653 καὶ
558 600 687 663 τοὺς
719 598 921 669 χιλίους
949 576 1326 672 ἀνδραςήχίλιοι
1349 576 1595 670 λέοντες;
1621 576 1652 581 ”
1686 622 1691 628 .

1891 602 2029 655 mille
2070 602 2253 671 pisces
2281 600 2627 656 comederint
2671 576 2820 654 mille
2867 576 3136 663 homines,
3169 601 3261 667 qui
3305 601 3455 655 mille

272 935 469 991 Ἇπόκ.
526 936 872 1007 Ὀμολογεῖτε
895 978 911 1003 ,
974 931 1020 991 ὦ
1065 936 1327 1007 ἀνόητοι,
1370 935 1778 1007 παντοδύναμον

191 1021 333 1081 εἶναι
354 1026 455 1098 τὴν
479 1028 571 1081 τοῦ
587 1028 921 1099 δημιουργοῦ
939 1027 1074 1080 Θεοῦ
1096 1028 1282 1081 οὐσίαν
1300 1044 1314 1091 ;
1331 1027 1557 1089 Πάντως
1577 1030 1775 1099 ἐρεῖτε,

190 1116 273 1171 δτι
306 1118 414 1171 ναί.
446 1119 608 1172 ’Ὥστε
647 1118 845 1189 μάθετε
878 1118 1142 1191 ἀκριϐῶς,
1169 1113 1215 1173 ὦ
1242 1120 1470 1189 ἄφρονες
1496 1122 1607 1183 ,ὅτι
1625 1136 1728 1190 περ
1749 1121 1777 1172 ό

190 1207 256 1259 ἐκ
279 1205 378 1259 τοῦ
412 1206 489 1278 μὴ
512 1208 665 1271 ὄντος
697 1210 779 1272 εἰς
805 1209 867 1262 τὸ
908 1204 1048 1262 εἶναι
1097 1209 1441 1281 παρενεγκας
1495 1209 1629 1273 Θεὸς
1687 1210 1777 1264 τὸν

190 1298 500 1369 ἄνθρωπον,
527 1300 689 1365 αὑτὸς
730 1300 955 1372 ἀρρήτῳ
998 1302 1105 1355 τινί¹
1146 1301 1288 1373 λόγῳ
1331 1302 1426 1356 καὶ
1468 1302 1777 1357 ἀναπλάσαι

189 1390 356 1443 αὑτὸν
380 1390 625 1446 δύναται.
652 1392 717 1444 Τί
747 1393 856 1464 γάρ
880 1395 1049 1458 ἐστιν,
1087 1392 1210 1445 εἰπέ
1242 1410 1361 1463 μοι,
1405 1393 1779 1465 εὐκοπώτερον

189 1481 271 1552 τῷ
307 1486 564 1553 κεραμεῖ,
596 1482 658 1535 τὸ
683 1485 747 1536 ἐκ
787 1484 882 1537 τοῦ
917 1484 992 1557 μὴ
1036 1484 1188 1547 ὄντος
1217 1486 1297 1547 εἰς
1342 1485 1403 1538 τὸ
1441 1482 1579 1540 εἶναι
1633 1470 1778 1559 παρέ-

192 1575 427 1641 αγαγεῖν
465 1572 524 1627 τὸ
550 1574 763 1639 σκεῦος,
793 1574 828 1646 ἦ
861 1573 925 1628 τὸ
955 1575 1239 1646 συντριϐἐν
1279 1575 1441 1631 πάλιν
1504 1578 1780 1632 ἀνακαινί-

193 1682 325 1730 σαι;
364 1666 639 1738 Πρόδηλον
680 1668 764 1720 ὅτι
796 1666 859 1719 τὸ
890 1665 1198 1721 ἀναπλάσαι
1225 1667 1288 1721 τὸ
1327 1668 1615 1739 γενόμενον
1653 1671 1778 1742 ἤδη,

192 1758 298 1813 κᾶν
323 1761 407 1822 εἰς
438 1758 608 1812 πολλά
642 1757 785 1830 μέρη
828 1758 1214 1830 διεσκορπίσθη
1252 1761 1386 1832 (56).
1419 1762 1536 1816 Ἵνα
1584 1763 1641 1817 δὲ
1688 1765 1782 1817 καὶ

194 1853 402 1921 φυσικῇ
447 1865 555 1903 τινι
593 1849 883 1920 ἀκολουθίᾳ
911 1853 1222 1923 χρήσωμαι,
1257 1852 1351 1905 κα)⁸
1396 1854 1779 1924 ὑποδείγματι,

1876 693 2129 749 homines
2189 702 2380 763 postea
2439 708 2471 748 a
2514 691 2974 751 milleleonibus
3024 691 3230 747 fuerint
3284 691 3453 747 devo-

1876 788 1979 842 rati
2003 787 2026 838 ’ἰ

1946 940 2116 998 Resp.
2161 940 2300 996 Num
2347 940 2623 1005 fatemini,
2673 956 2708 997 o
2762 939 2980 1004 insani,
3025 935 3455 1006 omnipotentem

1876 1048 2001 1090 esse
2053 1034 2150 1090 Dei
2193 1033 2409 1104 opiﬁcis
2462 1033 2807 1089 essentiam?
2845 1031 3082 1087 Omnino
3120 1028 3452 1084 concedetis.

1878 1126 2069 1197 Itaque
2098 1127 2319 1192 discite,
2349 1142 2384 1181 ο
2417 1127 2764 1198 insipientes,
2798 1125 2970 1180 Deum
2998 1123 3091 1194 qui
3124 1121 3397 1176 hominem
3422 1135 3457 1176 ο

1876 1219 2052 1273 nihilo
2095 1218 2223 1273 fecit
2268 1224 2329 1272 ut
2374 1225 2544 1282 esset,
2578 1217 2757 1287 ipsum
2805 1215 3065 1272 ineffabili
3095 1212 3332 1283 quadam
3364 1226 3456 1265 ra-

1877 1311 2029 1367 tione
2073 1311 2300 1366 reﬁcere
2339 1325 2523 1380 posse.
2572 1308 2717 1375 Quid
2758 1308 2927 1373 enim,
2971 1306 3188 1369 amabo,
3238 1303 3455 1359 facilius

1878 1409 1968 1458 est
2017 1402 2184 1473 ﬁgulo
2208 1443 2224 1467 ,
2253 1416 2353 1458 vas
2380 1417 2449 1456 ex
2486 1401 2660 1456 nihilo
2701 1400 2884 1455 facere
2923 1405 2985 1454 ut
3018 1398 3114 1463 sit,
3150 1411 3219 1452 an
3256 1395 3460 1452 contri-

1880 1503 1995 1547 tum
2042 1508 2263 1548 rursum
2305 1491 2565 1548 reﬁcere?
2604 1490 2766 1547 Certe
2819 1489 3047 1546 facilius
3091 1497 3177 1546 est
3205 1502 3305 1543 vas
3330 1487 3446 1555 jam

1880 1580 2110 1647 factum,
2146 1582 2273 1637 licet
2303 1580 2361 1635 in
2390 1580 2593 1635 multas
2620 1587 2806 1650 partes
2833 1578 3169 1649 dispersum,
3204 1575 3454 1631 reﬁcere.

1887 1672 1955 1729 Ut
1989 1680 2169 1729 autem
2202 1672 2439 1728 naturali
2473 1672 2661 1742 aliquo
2690 1670 2887 1725 ordine
2918 1676 2973 1724 et
3019 1667 3273 1738 exemplo
3310 1674 3456 1731 utar,

1881 1764 2351 1837 quemadmodum
2395 1765 2539 1836 ignis
2581 1771 2635 1820 et
2680 1763 2905 1826 caloris,
2939 1762 3034 1832 qui
3080 1761 3134 1815 in
3171 1768 3319 1815 terra
3347 1767 3456 1825 est,

1882 1858 2008 1913 fons
2051 1864 2109 1912 et
2158 1857 2315 1912 radix
2354 1863 2439 1912 est
2485 1857 2588 1921 sol,
2620 1861 2946 1924 constatque
2969 1852 3226 1908 exstincti
3255 1851 3458 1907 camini

194 1942 389 2012 ῶσπερ
423 1939 625 2003 παντὸς
664 1938 759 1993 τοῦ
793 1940 886 1993 ἐπὶ
928 1940 1030 2009 γῆς
1065 1939 1235 2012 πυρὸς
1283 1940 1378 1994 καὶ
1421 1942 1519 2012 τῆς
1574 1940 1784 2014 θέρμης

1891 1950 2126 2004 calorem
2202 1947 2271 2002 ad
2345 1948 2517 2003 solem
2578 1944 2933 2000 invisibiliter
2992 1941 3232 2007 reverti,
3284 1955 3460 2012 eoque

195 2034 353 2104 πηγὴ
391 2032 489 2086 καὶ⁵
523 2030 649 2103 ῥίζα
688 2033 718 2085 ὁ
770 2032 922 2102 ἥλιος
968 2030 1225 2102 ὑπάρχει,
1284 2032 1379 2086 καὶ
1418 2032 1784 2105 σϐεννυμένης

199 2127 302 2198 μὲν
338 2124 594 2196 καμίνου,
637 2122 860 2195 εὔδηλον
900 2124 982 2177 ὅτι
1018 2126 1051 2195 ἡ
1087 2125 1263 2194 θέρμη
1306 2124 1475 2196 αὐτῆς
1514 2125 1651 2198 πρὸς
1691 2125 1784 2182 τὸν

195 2208 349 2290 ἥλιον
377 2218 627 2289 ἀοράτως
655 2215 929 2286 ἀνέδραμε
949 2232 963 2246 ο
987 2215 1081 2269 καὶ
1096 2215 1258 2270 πάλιν
1277 2216 1591 2290 ἁπτομένης
1617 2218 1786 2290 αὐτῆς

195 2314 264 2366 ἐκ
294 2310 393 2365 τοῦ
422 2309 596 2381 ἡλίου,
627 2308 787 2378 δῆλον
838 2308 922 2363 ὅτι
953 2308 1015 2362 τὸ
1049 2306 1161 2380 πῦρ
1188 2308 1547 2379 παραγίνεται
1576 2350 1591 2374 ,
1621 2309 1683 2365 τὸ
1725 2307 1787 2375 ἐξ

195 2404 369 2475 αὑτῆς
402 2401 762 2474 ἀναχωρῆσαν
781 2416 796 2427 ·
825 2399 968 2454 οὕτω
998 2401 1092 2454 καὶ
1115 2400 1333 2454 ἐπὶτῶν
1354 2400 1784 2474 καταφθειρομέ-

194 2516 305 2552 νων
329 2496 600 2567 σωμάτων
631 2494 985 2565 ἀνθρωπίνων
1010 2494 1106 2547 καὶ
1128 2492 1492 2564 διαλυομένων
1519 2511 1609 2564 μοι
1658 2493 1785 2565 νόη-

199 2608 317 2653 σον,
338 2591 424 2643 δτι
456 2606 563 2660 περ
590 2589 670 2652 εἰς
694 2588 825 2651 ὅσας
846 2586 915 2640 ἂν
946 2586 1170 2657 θηρίων,
1211 2585 1246 2657 ἢ
1273 2586 1489 2657 ἰχθύων,
1516 2587 1550 2659 ἢ
1584 2586 1786 2658 ὀρνέων

198 2682 477 2753 γαστέρας
524 2679 848 2752 διαμερισθῇ
884 2680 913 2732 ὁ
950 2678 1253 2750 ἄνθρωπος,
1304 2681 1385 2742 εἰς
1433 2679 1501 2733 τά
1543 2680 1788 2752 τέσσαρα

198 2775 421 2838 πάντως
451 2775 687 2843 στοιχεῖα
722 2772 1029 2834 ἀναλύεται,
1056 2770 1151 2823 καὶ
1172 2770 1495 2841 ἀπέρχεται,
1518 2770 1576 2837 ἐξ
1602 2763 1677 2824 ὧν
1694 2770 1787 2824 καὶ

202 2866 509 2936 συνέστηκε
570 2864 712 2919 κατά
750 2863 813 2916 τὸ
855 2860 946 2915 τοῦ
1002 2862 1152 2932 ἡλίου
1208 2862 1534 2933 ὑπόδειγμα.
1564 2863 1673 2917 Καὶ
1707 2866 1788 2927 εἰς

203 2960 307 3031 μὲν
357 2958 428 3012 τὰ
476 2958 647 3012 ὕδατα
679 2958 977 3028 ἀπέρχεται
1018 2956 1079 3009 τὸ
1103 2955 1267 3028 ὑγρόν
1293 2973 1305 2985 ·
1334 2957 1415 3020 εἰς
1439 2957 1496 3010 δέ
1530 2957 1619 3010 τὸν
1648 2957 1787 3029 ἀέρα

197 3052 265 3105 τὸ
294 3050 506 3122 ψυχρόν
551 3049 665 3120 (57)
689 3068 701 3081 ·
734 3051 813 3113 εἰς
832 3049 888 3103 δὲ
915 3049 976 3101 τὺ
1005 3047 1116 3119 πῦρ
1142 3048 1408 3121 πρόδηλον
1452 3048 1513 3101 τὸ
1546 3049 1745 3119 θερμόν
1768 3065 1783 3079 ο

198 3146 283 3207 εἰς
338 3144 396 3197 δὲ
445 3143 547 3215 τὴν
585 3143 687 3213 γῆν
707 3140 892 3195 λοιπὸν
938 3140 1000 3193 τὸ
1026 3139 1205 3211 ξηρόν.
1238 3139 1328 3211 Τῷ
1369 3136 1461 3194 οῦν
1490 3139 1667 3211 καιρῷ
1689 3140 1789 3210 τῆς

198 3234 553 3297 ἀναστάσεως
576 3233 821 3287 κελεύσει
850 3231 986 3285 Θεοῦ
1022 3232 1267 3304 ἀοράτως
1292 3230 1611 3285 ἀποδίδωσιν
1661 3231 1790 3283 ἐκα-

1884 2055 2083 2096 rursus
2114 2053 2372 2104 accenso,
2406 2039 2587 2110 ignem
2614 2037 2709 2108 qui
2737 2042 3063 2101 recesserat,
3101 2049 3170 2090 ex
3195 2033 3310 2090 sole
3332 2049 3460 2089 rur-

1884 2148 1982 2189 sus
2044 2131 2227 2188 redire
2290 2149 2304 2185 :
2367 2130 2443 2184 ita
2495 2137 2551 2187 et
2607 2130 2666 2185 in
2727 2128 3005 2200 corruptis
3065 2125 3462 2196 dissolutisque

1884 2223 2169 2279 hominum
2211 2221 2539 2293 corporibus
2581 2220 2827 2292 intellige
2855 2236 2870 2274 :
2905 2221 2963 2275 in
2993 2219 3312 2291 quorumvis
3340 2218 3461 2272 ani-

1883 2317 2148 2381 malium,
2205 2317 2443 2388 piscium
2500 2314 2587 2370 vel
2647 2314 2830 2368 avium
2896 2320 3122 2369 ventres
3177 2312 3463 2383 dispersus

1884 2407 1957 2463 sit
1986 2408 2173 2468 homo.
2220 2416 2405 2462 tamen
2448 2405 2503 2460 in
2546 2413 2785 2476 quatuor
2813 2404 3038 2460 omnino
3069 2404 3359 2466 elementa,
3392 2417 3461 2457 ex

1884 2501 2088 2571 quibus
2116 2508 2171 2555 et
2211 2506 2429 2555 constat
2463 2497 2693 2553 dissolvi
2725 2503 2781 2550 et
2826 2495 3002 2559 abire,
3030 2495 3188 2564 juxta
3231 2494 3462 2549 allatum

1886 2592 2020 2646 solis
2073 2590 2420 2660 exemplum;
2480 2587 2557 2642 ita
2608 2596 2667 2641 ut
2712 2585 2861 2656 quod
2913 2586 3197 2641 humidum
3244 2592 3352 2649 est,
3402 2586 3460 2639 in

1886 2698 2058 2754 aquas
2088 2682 2249 2737 abeat
2279 2701 2293 2737 :
2331 2683 2475 2752 quod
2509 2680 2860 2751 frigidum,in
2892 2694 3072 2736 aerem
3099 2698 3116 2747 ;
3148 2678 3295 2749 quod
3329 2677 3466 2732 cali-

1886 2776 2039 2838 dum,
2084 2775 2139 2828 in
2175 2776 2395 2844 ignem;
2438 2772 2672 2841 denique
2703 2774 2847 2842 quod
2875 2774 3085 2829 siccum
3116 2778 3225 2836 est,
3261 2771 3317 2823 in
3347 2778 3465 2824 ter-

1885 2880 2025 2920 ram.
2052 2864 2239 2935 Itaque
2266 2864 2689 2920 resurrectionis
2712 2874 2976 2935 tempore,
3004 2862 3113 2918 Deo
3141 2863 3462 2932 imperante,

1888 2958 2103 3029 singula
2169 2957 2443 3012 elementa
2501 2956 2857 3012 invisibiliter
2901 2956 3132 3012 reddent
3192 2942 3474 3024 quidquid

1886 3069 1953 3109 ex
2004 3054 2261 3109 humanis
2304 3054 2630 3125 corporibus
2684 3052 3038 3122 acceperint,
3100 3057 3464 3119 accurretque

1888 3148 2099 3212 anima,
2137 3155 2301 3218 atque
2331 3147 2406 3201 ita
2451 3153 2700 3218 resurget
2735 3146 2920 3211 homo,
2960 3152 3124 3216 prout
3155 3143 3308 3198 solus
3347 3142 3466 3212 ipse

1888 3241 2040 3295 novit
2066 3240 2159 3310 qui
2209 3238 2467 3296 formavit
2510 3238 2806 3305 hominem,
2874 3235 3202 3292 seminatum
3243 3232 3463 3304 quidem

202 3342 330 3379 στον
379 3323 491 3377 τῶν
526 3324 824 3401 στοιχείων,
855 3326 991 3396 ὅπερ
1046 3323 1238 3377 ἔλαϐεν
1279 3322 1642 3387 ἀποθανόντος
1684 3322 1780 3376 τοῦ

1891 3332 1939 3386 in
1969 3339 2114 3386 terra
2136 3332 2192 3386 in
2219 3331 2589 3402 corruptione,
2633 3337 3009 3399 resurgentem
3050 3343 3180 3383 vero
3200 3327 3255 3381 in
3287 3328 3468 3381 incor-

200 3416 495 3489 ἀνθρώπου
530 3417 659 3489 (58).
682 3418 779 3472 καὶ
808 3417 1133 3489 προστρέχει
1160 3419 1193 3488 ή
1220 3416 1365 3487 ψυχὴ
1387 3416 1480 3468 καὶ
1504 3416 1789 3469 ἀνίσταται

201 3513 235 3566 δ
256 3510 565 3582 ἄνθρωπος,
593 3510 668 3574 ῶς
693 3506 801 3563 οἶδε
832 3510 988 3581 μόνος
1037 3510 1067 3561 ὁ
1101 3508 1311 3572 πλάσας
1360 3509 1452 3561 τὸν
1482 3507 1789 3579 ἄνθρωπον,

208 3605 441 3675 σπαρείς
465 3604 564 3675 μὲν
585 3604 665 3666 εἰς
684 3602 790 3673 γῆν
819 3600 1015 3673 φθορᾷ,
1040 3600 1385 3671 ἐγειρόμενος
1411 3600 1468 3653 δὲ
1497 3600 1556 3653 ἐν
1578 3599 1791 3670 ἀφθαρ-

207 3702 322 3774 σίᾳ.
375 3700 543 3754 Ὅθεν
599 3700 693 3753 καὶ
770 3699 1119 3771 Σαμαρείτας
1189 3695 1438 3750 ἐντεῦθεν
1514 3694 1792 3767 δυνάμεθα

207 3791 446 3861 ἐλέγξαι,
475 3792 559 3844 ὅτι
595 3789 753 3844 τοῦτο
797 3790 858 3844 τὸ
888 3790 1051 3857 σῶμα
1100 3787 1407 3852 ἀνίσταται,
1436 3788 1502 3843 ἐκ
1560 3785 1657 3843 τοῦ
1695 3788 1792 3841 καὶ

206 3882 408 3944 αὑτοὺς
439 3880 630 3951 ῶσπερ
660 3879 784 3933 τινὰ
812 3881 1009 3933 κόκκον
1035 3880 1128 3932 ἐπὶ
1161 3880 1263 3951 γῆς
1294 3877 1701 3949 κατακρύπτειν
1723 3876 1793 3930 τά

209 3973 461 4044 σώματα.
491 3971 696 4025 Τούτου
715 3972 824 4042 γάρ
854 3972 1014 4042 χάριν
1042 3970 1215 4035 όΘεὸς
1242 3971 1337 4025 καὶ
1375 3970 1470 4024 ἀπ’
1505 3970 1677 4041 ἀρχῆς
1703 3969 1792 4025 διὰ

207 4066 315 4123 τῶν
354 4063 611 4134 πατέρων
643 4063 1004 4134 ἐνομοθέτησε
1044 4064 1385 4127 σκάπτοντας
1434 4064 1580 4134 ἡμᾶς
1627 4080 1797 4116 κατα-

208 4159 476 4230 κρύπτειν
502 4155 573 4209 τά
618 4155 886 4209 τεθνεῶτα
938 4155 1198 4226 σώματα,
1240 4157 1389 4219 ὅπως
1437 4155 1532 4209 καὶ
1573 4155 1721 4210 ἀκων
1764 4157 1794 4208 ὁ

207 4251 498 4321 ἄνθρωπος
529 4248 765 4318 ὁμολογῇ
786 4247 884 4317 τὴν
911 4247 1225 4300 ἀνάστασιν.
1250 4247 1367 4301 Πᾶν
1391 4245 1501 4319 γάρ
1540 4245 1602 4299 τὸ
1637 4247 1696 4300 ἐν
1723 4248 1792 4317 τῇ

208 4347 278 4413 γῇ
308 4343 402 4411 ὑφ’
438 4340 594 4412 ἡμῶν
649 4339 1015 4411 χωννύμενον,
1048 4338 1271 4410 εὑδηλον
1349 4340 1432 4393 ὅτι
1476 4339 1564 4392 ἐπ’
1616 4337 1795 4392 ἐλπίδι

209 4435 564 4496 ἀναστάσεως
594 4432 915 4505 κρύπτεται.
958 4435 1019 4486 Εἰ
1052 4434 1108 4486 δὲ
1133 4433 1232 4486 οὑκ
1253 4432 1369 4485 ἔστι
1404 4430 1615 4504 νεκρῶν
1666 4431 1796 4484 ἀνά-

211 4546 425 4592 στασις,
454 4525 639 4591 καθὼς
676 4525 944 4597 αἱρετικοὶ
994 4525 1267 4594 λέγουσιν,
1318 4524 1500 4587 ἄδικος
1542 4522 1728 4581 λοιπὸν
1766 4524 1795 4575 ὁ

210 4623 341 4686 Θεὸς
402 4619 784 4692 εὑρεθήσεται,
843 4618 1072 4682 πολλοὺς
1128 4618 1226 4689 μὲν
1286 4616 1526 4679 δικαίους
1561 4614 1796 4669 ἐνταῦθα

1892 3424 2174 3494 raptione.
2211 3423 2558 3493 Quapropter
2586 3423 2718 3477 hinc
2748 3437 2969 3493 quoque
3012 3435 3306 3492 possumus
3334 3434 3469 3474 con-

1890 3517 2114 3572 vincere
2140 3514 2466 3582 Samaritas,
2491 3516 2636 3585 quod
2657 3514 2764 3569 hoc
2789 3513 2948 3587 253
2965 3529 3167 3583 corpus
3194 3518 3464 3582 resurgat,

1890 3627 1958 3668 ex
1996 3626 2063 3667 eo
2093 3609 2239 3682 quod
2268 3609 2373 3680 ipsi
2408 3623 2666 3680 corpora,
2706 3608 2877 3664 veluti
2906 3607 3180 3678 quoddam
3213 3621 3466 3678 granum,

1891 3702 1948 3757 in
1990 3710 2140 3757 terra
2180 3700 2544 3756 abscondant.
2595 3698 2772 3769 Hujus
2825 3698 2972 3753 enim
3006 3700 3086 3752 rei
3123 3697 3297 3768 gratia
3326 3696 3469 3750 Deus

1892 3792 2051 3846 initio
2096 3806 2194 3861 per
2224 3795 2452 3846 nostros
2498 3796 2682 3859 patres
2724 3790 2843 3859 lege
2875 3786 3129 3849 sancivit,
3162 3792 3221 3839 ut
3253 3791 3469 3838 mortua

1891 3899 2122 3954 corpora
2167 3891 2311 3939 terra
2363 3883 2563 3940 eﬁ‘ossa
2617 3882 2967 3945 abderemus,
3014 3885 3074 3932 ut
3117 3877 3205 3933 vel
3266 3877 3469 3930 invitus

1891 3976 2056 4032 homo
2121 3977 2581 4031 resurrectionem
2652 3973 2911 4029 fateatur.
2976 3968 3255 4040 Quidquid
3314 3967 3464 4023 enim

1892 4075 2043 4123 terra
2092 4066 2402 4134 obruimus,
2450 4068 2509 4123 in
2555 4081 2706 4137 spem
2747 4062 3176 4120 resurrectionis
3225 4057 3472 4129 contegi-

1892 4175 2037 4215 mus.
2069 4157 2176 4213 Sed
2226 4159 2271 4216 si
2314 4159 2470 4214 nulla
2517 4168 2603 4214 est
2642 4165 2988 4213 mortuorum
3025 4151 3383 4216 resurrectio,
3412 4156 3473 4203 ut

1892 4250 2087 4306 volunt
2134 4248 2397 4313 haeretici,
2452 4258 2599 4302 certe
2648 4246 2890 4315 injustus
2941 4242 3088 4297 Deus
3141 4239 3470 4310 reperietur,

1893 4344 2097 4415 quippe
2139 4341 2233 4413 qui
2278 4341 2484 4396 multos
2519 4339 2702 4409 justos
2745 4336 2835 4391 hic
2882 4347 3158 4391 aerumnas
3203 4329 3317 4403 pati
3357 4335 3412 4384 et
3442 4342 3475 4383 e

1893 4436 2073 4492 medio
2104 4435 2223 4489 tolli
2264 4434 2429 4498 sinat,
2466 4431 2655 4486 multis
2684 4436 2869 4484 autem
2912 4426 3098 4498 impiis
3125 4431 3180 4481 et
3218 4427 3476 4495 peccato-

1895 4529 2051 4584 ribus
2091 4527 2306 4583 felicem
2336 4528 2527 4591 vitam,
2560 4525 2859 4580 liberorum
2889 4521 3128 4591 copiam,
3155 4526 3211 4572 et
3246 4527 3477 4587 prospe-

1899 4635 2019 4675 ram
2070 4620 2350 4675 fortunam
2412 4617 2701 4674 concedat.
2752 4614 2959 4670 Verum
3010 4628 3081 4668 ne
3131 4609 3481 4679 decipiantur

212 4714 634 4788 ταλαιπωρῆσαι
664 4712 759 4766 καὶ
786 4712 1139 4784 ἀναιρεθῆναι
1170 4710 1356 4774 κακῶς
1411 4711 1787 4780 συγχωρήσας,

1901 4712 2188 4767 Samaritae
2225 4731 2240 4767 :
2283 4711 2388 4767 erit
2430 4710 2578 4766 enim
2622 4707 2917 4779 aliquando
2955 4702 3382 4761 resurrectionis
3421 4706 3477 4754 et

214 4811 430 4873 πολλοῖς
475 4808 533 4861 δὲ
581 4806 802 4861 ἀσεϐέσι
858 4805 950 4858 καὶ
1005 4803 1347 4876 ἁμαρτωλοῖς
1415 4800 1646 4865 εὑζωῖαν
1699 4800 1787 4854 καὶ

1896 4800 2086 4873 judicii
2132 4809 2370 4872 tempus,
2422 4808 2483 4853 ut
2530 4806 2583 4855 et
2631 4798 2711 4868 pii
2753 4796 2848 4868 qui
2903 4795 2993 4849 hic
3049 4793 3191 4847 mala
3230 4788 3477 4860 perpessi

216 4902 500 4959 εὐτεκνίαν
556 4901 651 4954 καὶ
698 4898 1004 4970 εὐπραγίαν
1056 4897 1458 4968 δωρησάμενος.
1501 4894 1664 4947 Ἀλλά
1720 4893 1787 4965 μὴ

1903 4901 2053 4959 sunt,
2090 4893 2312 4948 coronis
2347 4892 2663 4955 donentur;
2698 4890 2794 4961 qui
2829 4896 3013 4943 autem
3049 4882 3312 4940 fortunati
3359 4879 3479 4934 fue-

215 4991 610 5048 πλανάσοωσαν
651 4987 1007 5060 Σαμαρειτῶν
1062 4986 1247 5050 παῖδες
1301 4986 1445 5056 (59)⁸
1493 4984 1642 5039 ἐσται
1686 4985 1787 5055 γάρ

1901 4987 2015 5039 rint
2049 4984 2224 5054 impii,
2252 4992 2459 5039 aeterno
2489 4984 2617 5053 igne
2644 4983 2701 5037 in
2729 4981 2929 5037 saecula
2965 4977 3294 5034 saeculorum
3324 4970 3481 5025 dam--

218 5103 346 5140 ποτε
375 5080 728 5143 ἀναστάσεως
750 5080 843 5133 καὶ⁵
869 5077 1105 5150 κρίσεως
1143 5077 1355 5148 καιρὸς,
1406 5077 1555 5141 ὅπως
1606 5077 1703 5129 καὶ
1745 5075 1787 5128 ol

1903 5084 2125 5144 nentur,
2153 5079 2308 5148 juxta
2338 5076 2548 5147 justum
2582 5073 2677 5129 Dei
2702 5072 2991 5143 judicium.

220 5178 455 5234 ἐνταῦθα
511 5174 996 5245 κακοπαθήσαντες
1051 5172 1294 5236 εὐσεϐεῖς
1344 5171 1752 5242 στεφανωθῶσι,
1808 5173 1903 5226 καὶ
1929 5174 1977 5225 οἰ
2003 5172 2163 5227 πάλιν
2195 5171 2644 5243 εὐημερήσαντες
2673 5167 2892 5231 ἀσεϐεῖς
2941 5163 3019 5234 τῷ
3083 5157 3287 5230 αἰωνίῳ
3345 5154 3483 5227 πυρὶ

217 5274 294 5335 εἰς
330 5269 535 5333 αἰῶνας
561 5266 770 5323 αἰώνων
801 5263 1259 5329 καταδικασθῶσι,
1305 5264 1450 5319 κατὰ
1484 5265 1545 5317 τὸ
1584 5264 1790 5319 δίκαιον
1825 5270 1999 5339 κρῖμα
2027 5266 2122 5319 τοῦ
2151 5263 2308 5320 Θεοῦ.

300 5361 493 5434 Ἐρώτ.
551 5366 667 5432 ριε’.
726 5358 837 5416 Ποῦ
886 5357 1157 5427 ὑπάγουσι
1202 5356 1275 5410 τά
1314 5355 1650 5411 τελευτῶντα
1706 5373 1800 5411 πι-

442 5618 681 5699 ItaReg.
810 5627 974 5675 recte.
1026 5618 1171 5675 Editi
1198 5635 1348 5685 vero,
1389 5618 1553 5690 χίλιοι
1580 5617 1793 5691 ἰχθύας,

224 5690 444 5744 omissis
469 5689 826 5745 intertnediis.

296 5759 410 5827 (56)
442 5758 522 5835 Ita
544 5757 677 5831 Reg.
705 5759 760 5815 2.
799 5758 943 5818 Editi
966 5775 1117 5828 vero,
1172 5761 1265 5818 καὶ
1309 5763 1389 5826 εἰς
1439 5760 1608 5819 πολλά
1654 5760 1795 5835 μέρη

228 5827 574 5900 σκορπισθέν.

1980 5357 2202 5424 Ωοεετ.
2242 5353 2405 5413 CXV.
2430 5353 2552 5423 Quo
2581 5350 2788 5409 vadunt
2818 5347 3119 5404 morientes
3149 5343 3354 5415 nﬁdeles
3396 5339 3489 5397 in-

1976 5613 2089 5682 (57)
2122 5610 2215 5665 Sic
2238 5626 2374 5667 mss.
2400 5610 2461 5665 ln
2480 5610 2642 5667 editis
2668 5609 2788 5664 haec
2810 5609 3030 5674 desunt,
3064 5606 3144 5668 εἰς
3159 5601 3216 5656 δὲ
3233 5601 3328 5657 τὸν
3348 5600 3492 5677 ἀέρσ.

1899 5685 1961 5738 τὸ
1983 5683 2208 5754 ψυχρόν.

1978 5746 2212 5824 (Βεξῖξιὶο
2236 5751 2374 5824 Reg.
2401 5752 2455 5806 2.
2472 5751 2655 5824 iEditi,
2685 5749 2783 5804 τοῦ
2810 5746 3084 5824 σῶματος.

1977 5813 2098 5897 (5θῖ
2116 5822 2249 5897 Reg.
2278 5813 2349 5890 Ξῖ
2369 5824 2418 5877 οἱ
2445 5813 2780 5894 Σαμαρεῖται
2803 5813 2908 5874 καῖ
2924 5819 2972 5872 οἱ
2998 5815 3179 5871 αὐτῶν
3206 5813 3412 5876 παῖδας.
