3852 6192
323 321 438 382 671

1462 321 1525 381 s.
1563 316 2021 378 ATHANASIUS.
2058 314 2130 362 έ-
2166 315 2442 376 srunm.
2478 304 2486 312 '

3497 309 3632 367 6'73

332 437 555 497 fantes?
595 439 678 495 Ad
710 454 1024 512 pmnamne,
1056 456 1127 496 an
1183 442 1241 496 in
1298 442 1574 512 regnum?
1603 439 1724 507 Quo
1770 454 1909 494 vero

2035 435 2113 489 πτά
2154 433 2268 504 (60)
2305 435 2510 506 νήπιας
2550 433 2632 496 είς
2674 431 2915 495 κόλασιν,
2955 429 3102 501 ῆείς
3135 427 3452 501 βασιλείανς
3492 429 3625 488 Καὶ

333 543 467 586 eunt
496 531 793 587 inﬁdelium
811 519 1098 588 infantes?
1123 532 1243 599 Quo
1267 533 1395 589 item
1420 534 1619 588 inloco
1640 532 1916 587 collocan-

335 631 427 677 tur
462 623 761 678 morientes
789 623 1027 680 lidelium
1064 628 1329 691 infantes,
1360 640 1492 681 num
1548 640 1675 680 cum
1722 621 1915 677 inﬁde-

336 712 505 773 libus,
543 728 610 767 an
637 729 767 769 vero
799 730 923 769 cum
956 715 1250 771 ﬁdelibus?

410 802 573 859 Rssr.
614 802 750 860 Cum
786 805 1047 861 Dominus
1109 807 1257 861 dicat
1290 823 1303 857 :
1365 824 1384 857 ‹
1424 804 1602 860 Sinite
1655 804 1917 876 parvulos

336 895 526 949 venire
578 895 647 948 ad
697 911 828 950 me:
864 896 1055 949 talium
1109 896 1254 950 enim
1307 898 1392 950 est
1455 908 1683 965 regnum
1749 895 1917 949 cmlo—

337 1000 461 1038 rum
482 986 528 1017 ⁷⁸
557 1001 573 1051 ;
609 1005 627 1038 ι
660 1002 784 1041 cum
820 988 945 1041 item
969 987 1115 1041 dicat
1144 988 1442 1058 Apostolus
1468 1004 1480 1040 :
1506 1005 1525 1038 ι
1550 985 1707 1040 Nunc
1735 995 1913 1040 autem

338 1075 497 1130 liberi
523 1077 692 1132 vestri
722 1078 897 1133 sancti
918 1079 1131 1142 sunt",
1177 1098 1195 1130 ι
1224 1085 1439 1132 constat
1459 1076 1916 1131 utimmaculatos

336 1172 394 1221 et
425 1164 610 1222 fideles
643 1168 696 1220 in
746 1183 972 1237 regnum
1019 1170 1284 1222 caelorum
1340 1168 1552 1239 ingredi
1601 1169 1908 1237 baptizatos

338 1254 580 1310 ﬁdelium
619 1255 876 1311 infantes.
911 1257 1012 1322 Qui
1058 1268 1240 1312 autem
1291 1258 1553 1328 baptizati
1600 1273 1708 1311 non
1754 1268 1905 1319 sunt,

340 1357 400 1402 ut
426 1357 481 1402 et
510 1348 777 1410 infideles,
808 1364 984 1419 neque
1016 1349 1071 1404 in
1109 1365 1335 1420 regnum
1383 1349 1787 1419 ingrediuntur,
1815 1364 1916 1404 nec

339 1455 535 1496 rursus
565 1440 621 1494 in
641 1441 968 1511 supplicium
1002 1456 1279 1512 :_namque
1321 1449 1604 1512 peccatum
1645 1455 1757 1496 non
1792 1455 1917 1512 ege-

340 1539 485 1585 runt.

413 1621 635 1688 ngsr.
675 1618 862 1677 CXVI.
894 1619 976 1674 An
1018 1636 1211 1678 omnes
1243 1620 1484 1676 hatretici
1544 1620 1600 1676 in
1660 1622 1919 1693 perditio-

339 1728 463 1768 nem
501 1713 725 1774 abeunt,
768 1710 977 1766 necne?

368 1849 379 1858 .
417 1803 576 1858 Resr.
609 1802 705 1857 Est
750 1802 995 1867 baaresis,
1040 1810 1095 1858 et
1153 1802 1375 1859 haeresis
1415 1810 1544 1859 :est
1589 1803 1717 1858 item
1773 1804 1921 1870 judi-
1951 1797 1993 1850 Β

338 1895 506 1957 cium,
536 1902 589 1947 et
614 1892 906 1961 judicium.
954 1892 1074 1946 Alia
1134 1899 1219 1947 est
1265 1895 1408 1946 enim
1455 1894 1690 1963 perditio
1741 1893 1916 1947 Mani-

339 1985 638 2049 chaeorum,
668 1980 1146 2046 Montanistarum,
1181 1979 1648 2046 Simonianorum,
1687 1982 1920 2039 Ariano-

339 2100 485 2144 rum.
513 2090 567 2138 et
589 2083 1237 2149 Pneumatomachorum,
1271 2084 1614 2155 aliorumque
1671 2085 1722 2139 id
1748 2101 1917 2155 genus

338 2173 787 2229 detestandorum
847 2176 1247 2239 haereticorum.
1291 2175 1455 2229 Aliud
1519 2191 1715 2233 rursus
1765 2177 1918 2245 judi«

340 2267 484 2320 cium
512 2273 804 2321 esteorum
857 2267 949 2337 qui
1005 2268 1158 2321 aiunt
1219 2265 1510 2320 Dominum
1568 2279 1815 2323 nostrum
1867 2276 1921 2324 et

339 2355 510 2412 Deum
543 2356 728 2412 Jesum
748 2357 1025 2412 Christum
1062 2373 1263 2428 corpus
1300 2358 1676 2428 incorruptum
1703 2375 1768 2415 ex
1793 2375 1921 2415 san-

338 2454 429 2502 cta
453 2446 682 2517 Deipara
720 2447 1020 2516 accepisse.
1057 2443 1445 2502 Verumtamen
1478 2448 1570 2517 qui
1624 2450 1677 2502 in
1730 2452 1921 2518 paucis

340 2537 580 2604 inﬁdelis
617 2544 722 2603 est,
751 2544 803 2591 et
831 2537 885 2589 in
939 2538 1130 2593 multis
1167 2550 1251 2594 est
1282 2541 1537 2596 inﬁdelis.
1568 2538 1679 2594 Nec
1722 2539 1773 2593 id
1803 2548 1916 2591 tan.

341 2644 493 2698 tum,
539 2633 633 2687 sed
669 2632 832 2686 etiam
866 2634 921 2684 in
948 2646 1056 2684 una
1091 2632 1393 2702 eademque
1432 2632 1625 2687 haeresi
1668 2631 1838 2683 multa
1868 2636 1921 2683 et

340 2720 492 2775 varia
526 2726 655 2775 sunt
687 2716 917 2787 judicia.
977 2715 1261 2787 Siquidem
1294 2720 1442 2774 aliud
1491 2727 1576 2774 est
1630 2726 1913 2789 peccatum

339 2810 582 2882 episcopi
612 2808 871 2879 populum
905 2804 962 2859 in
985 2821 1230 2862 errorem
1276 2809 1590 2863 inducentis
1617 2825 1631 2874 ;
1669 2806 1815 2861 aliud
1838 2806 1924 2876 ju-

339 2903 543 2959 dcium
574 2901 760 2957 clerici
788 2905 880 2974 qui
906 2906 1076 2975 possit
1101 2901 1463 2958 orthodoxam
1490 2899 1647 2955 ﬁdem
1673 2899 1919 2966 discere;

341 2990 487 3045 aliud
507 3003 688 3045 autem
708 2991 978 3060 judicium
1007 2992 1193 3047 clerici
1225 2990 1557 3061 quidiscere
1588 3003 1694 3042 nou
1728 2988 1922 3058 possit.

2020 526 2124 581 ποῦ
2156 526 2226 580 τὰ
2247 525 2356 578 τῶν
2386 524 2634 579 ἀπίστων
2672 522 2880 594 νήπιας
2910 520 3021 576 Καὶ
3040 520 3143 575 ποῦ
3167 520 3237 575 τά
3266 519 3374 573 τῶν
3397 520 3629 574 πιστῶν

2019 619 2329 673 ἀϐάπτιστα
2372 616 2789 687 ἀποθνήσκοντα
2835 613 3142 679 τάττονται,
3194 611 3332 683 μετά
3362 610 3475 664 τῶν
3518 626 3629 664 πι-

2021 708 2183 770 στῶν,
2208 708 2241 780 ἢ
2271 706 2516 760 ἀπίστων
2532 721 2546 770 ;

2103 800 2293 854 Ἀπόκ.
2328 796 2435 851 Τοῦ
2468 796 2672 869 Κυρίου
2703 795 2987 864 λέγοντοςο
3024 812 3044 845 ι
3083 796 3282 863 ’Ἅφετε
3314 792 3381 848 τὰ
3415 792 3627 847 παιδία

2019 891 2273 963 ἔρχεσθαι
2317 889 2452 961 πρὸς
2482 889 2550 959 μέ
2575 905 2591 921 ο
2619 886 2727 941 τῶν
2768 889 2878 958 γὰρ
2908 884 3164 939 τοιούτων
3200 886 3347 939 ἐστὶν
3374 888 3407 957 ἡ
3445 885 3625 956 βασι-

1961 994 1965 997 '
2020 984 2139 1037 λεία
2200 981 2309 1036 τῶν
2366 980 2643 1052 οὐρανῶν
2685 998 2703 1031 ι
2756 976 2849 1032 καὶ
2907 977 3069 1031 πάλιν
3122 976 3215 1029 τοῦ
3278 976 3622 1030 Ἀποστόλου

2020 1077 2348 1147 φάσκοντος
2404 1092 2422 1124 ι
2465 1072 2579 1126 Νῦν
2610 1072 2665 1125 δὲ
2708 1070 2777 1125 τὰ
2817 1071 2986 1125 τέκνα
3026 1069 3178 1141 ὑμῶν
3208 1071 3339 1138 ἆγιά
3379 1072 3533 1124 ἐστι·
3588 1089 3615 1123 ›

2021 1168 2285 1241 πρόδηλον
2329 1167 2410 1221 ὅτι
2438 1164 2514 1229 ὡς
2541 1164 2743 1220 ἄσπιλα
2772 1162 2866 1216 καὶ
2900 1160 3067 1215 πιστὰ
3097 1163 3174 1225 είς
3200 1161 3296 1232 τὴν
3325 1161 3622 1232 βασιλείαν

2021 1261 2354 1332 εἰσέρχονται
2383 1259 2450 1313 τὰ
2473 1258 2581 1312 τῶν
2609 1255 2817 1310 πιστῶν
2856 1254 3262 1325 βεϐαπτισμένα
3295 1256 3462 1320 νήπια
3487 1271 3503 1284 ·
3535 1253 3618 1310 τὰ

2020 1353 2076 1407 δὲ
2101 1352 2407 1406 ἀϐάπτιστα
2441 1351 2534 1403 καὶ
2565 1348 2634 1402 τὰ
2662 1347 2848 1400 έθνικά
2877 1345 2998 1399 οὐτε
3027 1347 3105 1409 εἰς
3134 1345 3406 1416 βασιλείαν
3428 1346 3619 1418 είσέρο

2020 1463 2239 1518 χονται·
2274 1443 2388 1498 ἀλλ’
2415 1441 2539 1495 οὐτε
2574 1440 2734 1497 πάλιν
2772 1441 2852 1502 είς
2882 1439 3099 1495 κόλασιν
3120 1455 3133 1468 ’
3176 1436 3449 1508 ἁμαρτίαν
3492 1435 3616 1507 γὰρ

2023 1537 2135 1609 ((51)
2172 1538 2272 1590 οὐκ
2314 1534 2578 1605 ἔπραξαν,

2105 1629 2295 1702 Ἐρώτ.
2333 1627 2464 1700 ρις-’.
2510 1622 2659 1696 Ἀρα
2704 1625 2905 1688 πάντες
2937 1623 2987 1676 οἱ
3018 1618 3280 1694 αἱρετικοὶ
3326 1620 3408 1682 είς
3451 1615 3621 1672 ἁπώη

2022 1720 2172 1775 λειαν
2210 1722 2560 1791 ἀπέρχονται,
2593 1715 2749 1789 ἢούς

2103 1813 2291 1865 ’Δπόκ.
2324 1813 2510 1864 Ἔστιν
2532 1809 2744 1879 αἵρεσις
2767 1805 2863 1860 καὶ
2897 1805 3136 1877 αἵρεσιςο
3167 1803 3260 1857 καὶ
3292 1802 3406 1856 ἔστι
3428 1805 3615 1875 κρῖμα

2019 1907 2115 1960 καὶ
2144 1907 2335 1975 κρῖμα.
2368 1902 2532 1973 Ἀλλη
2577 1900 2688 1971 γὰρ
2721 1897 2965 1953 ἀπώλεια
3006 1896 3113 1950 τῶν
3153 1895 3470 1965 Μανιχαίων
3509 1895 3613 1948 καὶ

2019 1999 2127 2052 τῶν
2158 1997 2472 2058 Μοντανῶν,
2507 1994 2600 2048 καὶ
2632 1989 3006 2063 Σιμωνιανῶν,
3038 1989 3131 2043 καὶ
3168 1986 3480 2059 Ἀρειανῶν,
3510 1988 3613 2041 καὶ

2021 2085 2658 2159 Πνευματομάχων(62),
2694 2083 2789 2136 καὶ
2821 2081 2930 2135 τῶν
2965 2080 3221 2135 τοιούτων
3268 2078 3611 2148 θεοκαταρά-

2019 2199 2127 2234 των
2149 2179 2465 2252 αίρετικῶν·
2497 2179 2588 2231 καὶ
2623 2175 2750 2230 ἄλλο
2772 2174 2933 2227 πάλιν
2961 2171 3069 2225 τῶν
3101 2171 3365 2239 λεγόντων
3394 2169 3614 2240 ἄφθαρ-

2020 2290 2110 2327 τον
2141 2272 2298 2342 σῶμα
2328 2270 2623 2325 ἀναλαϐεῖν
2654 2271 2718 2321 ὲκ
2751 2268 2849 2337 τῆς
2883 2266 3042 2333 ἁγίας
3067 2263 3329 2317 Θεοτόκου
3367 2263 3455 2315 τὸν
3486 2261 3610 2315 Κύ-

2025 2383 2136 2437 ριον
2164 2363 2319 2435 ἡμῶν
2343 2362 2437 2416 καὶ
2461 2360 2592 2413 Θεὸν
2624 2358 2832 2431 Ἰησοῦν
2855 2356 3104 2427 Χριστόν.
3133 2355 3280 2425 Πλὴν
3310 2355 3337 2406 ὁ
3365 2356 3417 2408 έν
3439 2353 3609 2424 ὀλίγῳ

2021 2460 2246 2522 ἄπιστος
2290 2456 2385 2510 καὶ
2421 2457 2478 2508 ὲν
2517 2452 2696 2524 πολλῷ
2738 2450 2964 2514 ἄπιστός
3014 2452 3181 2503 ἐστιν.
3231 2448 3305 2501 Οὐ
3345 2447 3501 2518 μόνον
3549 2447 3609 2502 δὲ

2019 2548 2210 2601 τοῦτο’
2255 2546 2390 2600 ἀλλὰ
2418 2545 2513 2597 καὶ
2557 2546 2615 2598 ἐν
2659 2543 2796 2614 αὐτῇ
2833 2546 2897 2613 τῇ
2937 2543 3033 2613 μιᾷ
3073 2541 3281 2614 αἱρέσει
3314 2540 3481 2592 πολλά
3509 2540 3608 2593 καὶ

2019 2641 2253 2711 διάφορα
2300 2638 2606 2709 ὑπάρχουσι
2640 2636 2905 2707 κρίματα.
2938 2633 3105 2705 ’Ἄλλη
3153 2634 3261 2705 γὰρ
3299 2636 3331 2703 ἡ
3363 2632 3607 2703 ἁμαρτία

2019 2731 2114 2785 τοῦ
2163 2731 2461 2784 ἐπισκόπου
2509 2727 2603 2782 τοῦ
2650 2727 2960 2790 πλανῶντος
3007 2727 3099 2780 τὸν
3143 2725 3301 2789 λαὸν,
3344 2726 3439 2779 καὶ
3477 2724 3608 2779 ἄλλο

2021 2826 2196 2895 κρῖμα
2221 2821 2314 2876 τοῦ
2343 2819 2607 2893 κληρικοῦ
2632 2820 2727 2873 τοῦ
2756 2819 3058 2891 δυναμένου
3093 2818 3284 2891 μαθεῖν
3324 2817 3419 2889 τὴν
3448 2817 3607 2888 ὀρθό-

2020 2914 2170 2981 δοξον
2204 2915 2386 2967 πίστιν
2405 2932 2420 2945 ο
2455 2913 2547 2968 καὶ
2580 2912 2707 2969 ἄλλο
2737 2912 2896 2966 πάλιν
2932 2911 3026 2965 τοῦ
3056 2911 3128 2983 μὴ
3157 2911 3479 2981 δυναμένου,
3511 2912 3605 2965 καὶ

2023 3005 2149 3060 ἄλλο
2181 3005 2274 3059 τοῦ
2313 3004 2803 3077 ἀναθεματίςοντος
2828 3005 2926 3076 τὴν
2954 3003 3208 3076 ἀλήθειαν
3237 3005 3332 3056 κα)¹
3370 3006 3603 3075 ἀντιμαι

340 3080 499 3136 Aliud
532 3082 661 3135 item
699 3083 819 3151 ejus
876 3084 969 3152 qui
1007 3084 1291 3137 veritatem
1338 3080 1790 3145 anathematizat,
1821 3094 1919 3134 no—

2035 3096 2252 3166 ίομένου
2297 3098 2424 3166 ἡμῖν
2449 3114 2464 3129 ο
2514 3098 2609 3150 καὶ
2650 3097 2777 3151 ἄλλο
2822 3096 2916 3150 τοῦ
2951 3098 3008 3150 έν
3051 3095 3247 3165 γνώσει
3303 3096 3605 3168 σιραλλομέ-

343 3173 541 3243 bisque
582 3174 941 3240 adversatur;
984 3174 1132 3228 aliud
1186 3173 1381 3227 iterum
1443 3171 1562 3241 ejus
1593 3172 1688 3242 qui
1731 3172 1914 3227 sciens

2035 3204 2135 3250 mu,
2170 3188 2264 3242 καὶ
2289 3187 2417 3242 ἄλλο
2443 3188 2538 3242 τοῦ
2574 3191 2630 3241 ὲν
2654 3189 2848 3259 ἀγνοίᾳ.
2866 3206 2880 3218 ·
2910 3189 3006 3241 καὶ
3035 3189 3162 3243 ἄλλο
3195 3188 3357 3243 πάλιν
3380 3188 3442 3241 τὸ
3471 3190 3605 3242 πάνυ

340 3271 526 3332 errat;
547 3264 693 3318 aliud
716 3266 836 3335 ejus
859 3266 952 3336 qui
980 3266 1051 3320 ob
1087 3265 1470 3337 ignorantiam.
1500 3262 1746 3334 Denique
1792 3279 1907 3317 mu-

346 3356 497 3412 lieris
552 3357 846 3426 judicium,
906 3358 1029 3411 aliis
1081 3357 1336 3413 omnibus
1387 3366 1471 3412 est
1539 3356 1733 3411 levius.
1786 3354 1921 3422 Quae

343 3447 530 3501 omnia
566 3448 718 3502 solus
779 3455 1036 3519 accurate
1073 3448 1224 3501 novit
1250 3446 1415 3509 Deus,
1465 3445 1560 3516 qui
1589 3447 1779 3500 orbem
1811 3451 1922 3500 ter-

342 3555 529 3595 rarum
554 3539 609 3593 in
638 3538 855 3609 iustitia
881 3539 1230 3609 judicaturus
1259 3537 1425 3595 est".

417 3631 639 3696 Qumsr.
694 3629 905 3685 CXVII.
951 3629 1178 3684 Licetne
1220 3628 1632 3699 magistratibus
1687 3642 1919 3684 munera

343 3721 615 3791 accipere,
641 3737 815 3791 eaque
849 3723 905 3775 in
932 3736 1198 3791 pauperes
1223 3719 1542 3775 insumere?

417 3809 582 3867 Resp.
619 3810 677 3867 Si
701 3813 795 3883 qui
829 3820 955 3882 post
980 3819 1206 3882 accepta
1262 3810 1548 3874 beneﬁcia,
1589 3809 1804 3882 copiam
1834 3825 1922 3867 re-

345 3919 469 3958 rum
489 3905 712 3968 habent,
737 3911 1044 3975 sponteque
1063 3903 1209 3958 dona
1234 3903 1641 3973 magistratibus
1658 3901 1917 3971 offerunt,

344 3993 438 4060 iis,
473 3995 718 4066 inquam,
755 4011 785 4048 a
816 3995 1020 4066 quibus
1044 3994 1368 4050 beneﬁcium
1393 4003 1754 4064 acceperunt;
1781 3993 1921 4050 forte

344 4088 441 4157 qui
477 4100 703 4142 munera
754 4087 1079 4156 suscipient,
1122 4100 1232 4140 non
1274 4100 1436 4155 grave
1494 4085 1755 4140 subibunt
1780 4084 1923 4154 judi-

344 4181 519 4242 cium,
548 4179 596 4234 si
623 4192 820 4248 nempe
852 4193 917 4232 ea
962 4176 1346 4231 distribuerint
1388 4176 1741 4246 pauperibus.
1789 4175 1922 4243 Qua:

345 4278 528 4323 autem
569 4267 638 4321 ab
679 4266 937 4337 agricolis
990 4273 1044 4320 et
1111 4265 1283 4320 fabris
1335 4266 1612 4336 oppressis
1654 4281 1921 4337 opemque

348 4359 775 4430 implorantibus
790 4357 935 4412 dona
953 4359 1286 4428 acceperint,
1309 4357 1486 4428 ignem
1509 4364 1563 4412 et
1592 4358 1918 4427 supplicium

2014 3296 2124 3333 των
2153 3281 2480 3353 κουφότερον
2514 3281 2574 3334 τὸ
2600 3281 2700 3352 τῆς
2735 3281 3009 3351 γυναικός.
3048 3283 3227 3353 "Amp
3270 3282 3485 3336 ἅπαντα
3515 3299 3601 3351 γι-

2017 3371 2215 3426 νώσκει
2251 3373 2495 3446 ἀκριϐῶς
2520 3377 2548 3427 ὁ
2582 3373 2792 3445 μέλλων
2821 3373 3027 3447 κρίνειν
3060 3375 3159 3447 τὴν
3194 3374 3520 3446 οἰκουμένην
3544 3375 3602 3428 ὲν

2016 3463 2352 3537 δικαιοσύνῃ.

2098 3638 2291 3712 Ἐρὼτ.
2325 3637 2425 3712 ριζ
2445 3679 2460 3694 .
2495 3640 2560 3694 Et
2595 3640 2714 3708 ὲξδν
2740 3641 2849 3714 ἄρα
2885 3642 3001 3705 τοῖς
3028 3640 3254 3714 ἄρχουσι
3280 3639 3429 3713 δῶρα
3449 3639 3601 3714 δέχιη

2021 3728 2168 3795 σθαι,
2195 3731 2290 3786 καὶ
2320 3731 2495 3786 ταῦτα
2526 3733 2607 3796 εἰς
2639 3733 2889 3804 πτωχοὺς
2917 3732 3263 3798 ἀναλίσκειν;

2101 3821 2290 3877 Ἀπόκ.
2326 3823 2392 3875 Et
2436 3823 2534 3894 μέν
2572 3840 2717 3887 τινες
2768 3824 3220 3896 εὐεργετηθέντες
3262 3825 3321 3877 ὲν
3370 3822 3601 3897 εὐπορίᾳ

2017 3911 2363 3982 τυγχάνουσι,
2401 3912 2495 3965 κο)⁹
2541 3912 2802 3978 ἑκουσίως
2830 3912 3015 3977 αὐτοῖς
3057 3913 3232 3967 ταῦτα
3263 3914 3597 3986 προσφέρου-

2022 4020 2094 4069 σι,
2120 4002 2262 4071 λέγω
2283 4002 2346 4075 δὴ
2383 4005 2493 4067 τοῖς
2516 4003 2939 4075 εὐεργετήσασιν
2955 4021 2968 4037 ο
3009 4004 3139 4068 ἴσως
3167 4005 3225 4057 οὐ
3252 4004 3386 4058 πολὺ
3432 4008 3600 4076 κρῖμα

2020 4094 2230 4165 ἔχουσιν
2273 4096 2321 4147 οί
2364 4094 2675 4165 δεχόμενοι·
2723 4094 2882 4165 δῆλον
2934 4096 3038 4161 ὅτι,
3080 4093 3177 4148 ὲάν
3225 4096 3306 4157 εἰς
3358 4096 3601 4166 πτωχοὺς

2020 4186 2157 4240 αὐτὰ
2182 4186 2550 4257 διανείμωσιν.
2589 4187 2741 4240 Ἐπεὶ
2765 4187 2865 4240 ὅσοι
2890 4188 2953 4241 ὲκ
2977 4185 3268 4257 γεωπόνων
3298 4187 3332 4258 ἢ
3367 4195 3602 4258 χειροτο⁹

2020 4277 2160 4349 χνῶν
2191 4278 2431 4346 δέξονται
2462 4278 2629 4349 δῶρα,
2666 4279 3156 4350 καταπονουμένων
3185 4278 3282 4332 καὶ
3322 4278 3600 4348 ἀντίληψιν

2022 4369 2348 4441 ζητούντων,
2378 4368 2489 4442 πῦρ
2523 4370 2619 4423 καὶ
2659 4370 2883 4424 κόλασιν
2915 4373 3127 4436 ἑαυτοῖς
3161 4370 3470 4441 συνάγουσι,
3501 4368 3599 4424 κᾶν

353 4451 463 4507 sibi
486 4450 589 4520 ipsi
613 4449 1032 4519 comparabunt,
1066 4450 1192 4527 licet
1212 4450 1328 4521 ipsa
1357 4450 1412 4503 in
1442 4448 1718 4504 sexcentis
1757 4447 1919 4503 bene-

2035 4463 2106 4526 είς
2137 4462 2334 4533 μυρίας
2360 4462 2604 4526 εὐποιίας
2630 4461 2739 4533 (65)
2764 4463 2903 4517 αὐτὰ
2926 4461 3264 4526 διαδώσουσι,
3295 4460 3477 4525 καθώς
3499 4477 3599 4531 φη-

351 4541 491 4597 ﬁciis
545 4539 893 4595 conferendis
951 4540 1252 4605 insumant,
1316 4538 1784 4611 quemadmodum
1846 4539 1925 4594 ait

349 4632 687 4704 Scriptura:
727 4649 747 4683 ι
795 4628 942 4702 Ignis
1000 4631 1287 4688 devorabit
1336 4631 1528 4689 domos
1593 4645 1783 4688 eorum
1829 4630 1925 4703 qui

352 4740 585 4781 munera
614 4724 973 4794 accipiunt".
1013 4742 1033 4776 ι

428 4817 652 4886 Quzs'r.
684 4815 917 4873 CXVIII.
960 4815 1017 4872 Si
1051 4816 1176 4888 quis
1207 4816 1291 4872 vir
1315 4822 1544 4873 sanctus
1586 4815 1798 4873 miserit
1842 4828 1931 4870 ca-

349 4908 699 4977 stigationem
749 4908 1011 4977 aliquam,
1056 4915 1152 4962 aut
1198 4921 1435 4977 ptenam,
1473 4906 1554 4961 vel
1602 4905 1925 4969 daemonem,

346 5008 447 5056 aut
484 5007 717 5056 mortem
763 4998 849 5053 vel
894 4998 1059 5052 aliam
1116 4997 1355 5068 aliquam
1410 4996 1816 5067 castigationem
1869 4994 1927 5048 in

349 5092 576 5148 domum
599 5092 684 5147 vel
708 5090 1074 5146 substantiam
1111 5089 1371 5153 hominis,
1400 5094 1496 5142 aut
1530 5088 1584 5142 in
1623 5088 1741 5156 ejus
1791 5087 1929 5142 Iibe-

351 5199 469 5249 ros,
516 5190 770 5253 potestne
798 5182 962 5236 homo
1011 5181 1102 5236 ille
1134 5180 1200 5236 ad
1242 5180 1411 5234 alium
1447 5187 1697 5236 sanctum
1733 5177 1929 5234 confu-

350 5288 505 5341 gere,
541 5281 705 5342 atque
740 5271 815 5325 ita
856 5270 1186 5325 sententiam
1216 5270 1445 5336 evitare,
1482 5285 1647 5341 quam
1683 5267 1780 5324 Dei
1810 5283 1928 5325 ser-

352 5378 457 5419 vus
491 5361 558 5416 ad
580 5378 704 5417 eum
739 5361 1006 5417 miserat?

2036 4569 2118 4607 σιν
2154 4555 2189 4625 ή
2221 4552 2433 4625 Γραφὴ,
2479 4554 2562 4608 ὅτι
2591 4573 2611 4606 ‹
2649 4554 2769 4626 Πῦρ
2807 4554 3184 4624 καταφάγεται
3225 4553 3407 4616 οἴκους
3434 4550 3599 4621 δωρο-

2030 4644 2254 4701 δεκτῶν.
2291 4663 2311 4697 ι

2114 4822 2308 4893 Ἒρὼτ.
2361 4828 2487 4894 ριη’.
2534 4821 2661 4875 Ἐὰν
2723 4819 2864 4892 ἀνὴρ
2901 4820 3056 4890 ἆγιος
3111 4818 3407 4892 ἀποστείλῃ
3475 4834 3596 4872 παι-

2030 4913 2197 4979 δείαν,
2242 4913 2594 4986 ἢτιμωρίαν,
2640 4910 2674 4984 ἢ
2721 4912 2968 4984 δαίμονα,
3004 4912 3038 4984 ἢ
3085 4910 3394 4981 θάνατον,ῆ
3438 4908 3594 4981 ἄλλην

2030 5005 2151 5059 τινὰ
2178 5005 2459 5060 παίδευσιν
2483 5007 2561 5068 είς
2597 5000 2765 5067 οἷκον,
2807 5005 2840 5075 ἢ
2875 5003 3063 5058 οὐσίαν
3095 5001 3403 5074 ἀνθρώπου,
3440 5001 3474 5073 ἢ
3520 5004 3596 5067 είς

2024 5096 2219 5151 τέκνα·
2262 5093 2372 5168 ἆρα
2419 5098 2640 5151 δύναται
2676 5098 2705 5150 ὁ
2738 5095 3024 5169 ἄνθρωπος
3055 5097 3261 5158 ἐκεῖνος
3295 5092 3598 5164 παρακαλέ-

2030 5202 2128 5250 σας
2161 5187 2347 5255 ἕτερον
2396 5186 2549 5255 ἆγιον
2595 5188 2854 5256 ἐκφυγεῖν
2901 5187 2999 5259 τὴν
3040 5187 3335 5256 ἀπόφασιν,
3374 5185 3444 5257 ἣν
3491 5183 3593 5257 (64)

2027 5277 2343 5332 ἀπέστειλεν
2365 5277 2512 5349 αὐτῷ
2534 5281 2562 5333 ὁ
2584 5278 2767 5344 δοῦλος
2784 5276 2879 5332 τοῦ
2903 5277 3038 5332 Θεοῦ
3059 5293 3074 5344 ;
3195 5260 3202 5268 ’

425 5478 474 5511 ⁷⁸
511 5477 703 5532 Matth.
737 5494 827 5532 xu
850 5518 865 5543 ,
907 5478 997 5533 14.
1068 5476 1116 5510 "
1156 5476 1177 5533 l
1211 5476 1338 5534 Cor.
1375 5493 1486 5544 vn,
1522 5477 1610 5534 14.
1686 5476 1733 5509 ⁷⁸
1776 5477 1919 5533 Psal.

2035 5490 2141 5540 tm,
2174 5477 2230 5529 9.
2306 5477 2352 5509 τ’
2390 5473 2495 5530 Job
2530 5491 2622 5541 xv,
2661 5475 2751 5529 54.

452 5633 540 5697 60)
573 5630 652 5686 lta
677 5631 809 5700 Reg.
840 5632 895 5684 2.
932 5630 987 5685 In
1022 5632 1206 5695 editis,
1249 5631 1436 5698 πιστά,
1461 5631 1641 5687 deest.

451 5704 542 5774 6i)
566 5700 644 5774 I_ta
678 5717 808 5754 mss.
835 5701 891 5774 I_n
920 5702 1104 5774 editis,
1139 5703 1269 5774 γάρ,
1304 5703 1478 5774 deest.

424 5768 540 5845 (6‘2)
572 5770 648 5827 It't
676 5785 807 5826 mss.
846 5768 905 5824 In
934 5771 1095 5827 editis
1140 5768 1275 5842 vero
1330 5773 1424 5827 καὶ
1473 5769 1793 5848 Ἀρειανῶν,
1840 5773 1931 5827 καὶ

2040 5633 2185 5701 Πνευ
2194 5630 2542 5701 ματομάχων.

2110 5697 2221 5771 (65)
2256 5697 2349 5771 Sid
2373 5697 2505 5756 niss.
2538 5700 2682 5771 Editi
2716 5714 2865 5763 vero,
2891 5698 3189 5771 εὐσεϐείας,

2110 5702 2201 5771 (65
2256 5702 2349 5754 Sic
2373 5716 2505 5756 mss.
2538 5702 2682 5754 Editi
2716 5714 2865 5763 vero,
2891 5702 3189 5761 εὐσεϐείας.

2108 5702 2221 5842 (64;
2253 5768 2345 5826 Sic
2373 5785 2506 5827 mss.
2541 5769 2683 5827 Editi
2710 5785 2857 5837 vero,
2883 5771 2981 5840 τῆς
3005 5769 3330 5837 ἀποφάσεως
3349 5758 3437 5837 ἧς.
