3852 6192
122 294 231 357 673

1079 298 1546 368 QUESTIONES
1584 299 1677 356 AD
1715 298 2127 358 ANTIOCHUM
2166 299 2428 358 DUCEM.

3296 309 3405 366 676

206 413 401 470 'A‘mdx.
436 412 565 470 Ἒάν
592 414 731 488 ἀνὴρ
759 411 915 485 ἁγιός
937 414 1088 470 ἐστιν
1118 418 1148 471 6
1191 417 1290 489 τὴν
1314 416 1586 488 τιμωρίαν
1614 418 1679 471 ἀν

1822 448 1831 465 ι
1885 414 2050 471 Βεειι.
2105 415 2163 471 Si
2195 417 2283 471 vir
2333 426 2564 474 sanctus
2620 424 2710 475 est
2760 420 2858 492 qui
2912 420 3244 493 supplicium
3300 423 3404 480 bo-

124 506 328 579 θρώπῳ
355 508 702 574 ἀποστείλας,
725 507 1042 579 εὖδηλονὸτι
1067 509 1230 582 βουλῇ
1253 511 1365 583 (65)
1383 512 1518 565 Θεοῦ
1549 511 1708 566 τοῦτο

124 598 414 670 πεποίηκε.
476 600 587 653 Καὶ
617 600 701 666 τίς
741 601 896 656 ἔσται
934 602 1120 657 λοιπὸν
1160 605 1189 657 6
1223 604 1323 675 τὴν
1363 604 1556 677 βουλὴν
1610 605 1706 659 τοῦ

122 690 255 743 Θεοῦ
280 690 545 747 ἀναλῦσαι
583 691 914 763 δυνάμενος;
939 693 1087 764 Πλὴν
1105 693 1228 748 οὔτε
1271 695 1427 749 αὐτοὶ
1459 697 1511 749 οἱ
1560 697 1706 764 ᾰγιοι

122 783 375 854 ἀλλήλοις
417 784 547 838 ποτὶ
590 785 1011 859 ἀντιπολεμοῦσι
1054 788 1415 857 γινώσκοντες
1462 788 1554 843 τὸν
1605 791 1706 862 τῆς

123 876 344 947 ἀγάπης
374 877 470 931 τοῦ
516 878 822 950 πνεύματος
853 879 1169 951 σύνδεσμον,
1218 880 1313 933 καὶ
1337 881 1419 934 ὃτι
1459 881 1559 934 οὐκ
1601 882 1708 934 είσ-

122 970 415 1024 ακούσεται
444 970 647 1043 Κύριος
678 971 854 1041 ἁγίου,
881 970 974 1025 τοῦ
1000 973 1067 1025 δι’
1103 973 1267 1043 εὐχῆς
1291 972 1555 1025 ἀναλῦσαι
1583 972 1707 1043 βου-

119 1060 348 1132 λομένου
394 1061 554 1115 ἀλλου
586 1063 742 1130 ἁγίου
782 1065 966 1135 εὐχήν.
1019 1063 1155 1117 Οὔτε
1196 1065 1306 1135 γάρ
1330 1064 1539 1136 πρέπον
1585 1064 1705 1137 Θεῷ

118 1150 424 1212 τοῦτο,-ἒνα
456 1152 553 1223 μὲν
579 1152 785 1222 θλίψαι,
823 1153 920 1206 ἕνα
948 1154 1006 1208 δὲ
1034 1153 1348 1208 ἀναπαῦσαι
1376 1153 1572 1207 ἑαυτοῦ
1613 1154 1705 1207 θε-

121 1244 386 1316 ράποντα.
424 1243 586 1299 Ὅθεν
607 1244 698 1297 τὸν
726 1247 784 1297 ὲν
819 1245 1069 1317 Κορίνθῳ
1092 1244 1467 1316 πορνεύσαντα
1492 1246 1704 1311 Παῦλος

117 1334 145 1386 6
172 1332 347 1403 δήσας
376 1332 537 1396 αὐτὸς
560 1334 654 1387 καὶ
682 1333 838 1387 ἔλυσε
856 1350 872 1364 ·
902 1334 997 1388 καὶ
1024 1335 1117 1388 τὸν
1145 1335 1374 1406 οὐρανὸν
1403 1336 1461 1387 ὲν
1485 1337 1552 1407 τῇ
1590 1336 1704 1388 Πα-

115 1424 243 1497 λαιᾷ
291 1425 428 1499 πρὸς
457 1425 718 1499 ἁϐροχίαν
751 1426 938 1490 Ἠλίας
966 1425 1146 1498 ἔδησε,
1179 1426 1275 1479 καὶ
1314 1426 1503 1490 Ἠλίας
1541 1426 1702 1481 πάλιν

115 1518 297 1581 ἔλυσε,
325 1518 529 1591 καίπερ
565 1519 777 1589 ἔχοντος
806 1518 926 1573 τότε
962 1518 1058 1573 τοῦ
1087 1517 1222 1573 Θεοῦ
1251 1519 1703 1591 ἑπτακισχιλίους

115 1608 328 1675 ἁγίους,
361 1604 557 1672 οἵτινες
582 1610 683 1662 οὐκ
711 1608 965 1679 ἔκαμψαν
990 1610 1122 1678 γόνυ
1152 1612 1218 1682 τῇ
1259 1610 1427 1664 Βάαλ.
1460 1611 1571 1664 Καὶ
1596 1609 1701 1664 πά-

113 1698 216 1768 λιν,
267 1700 617 1773 ὑϐρισθέντος
656 1701 753 1755 τοῦ
786 1700 909 1754 Ἰὼϐ
952 1702 1058 1756 ὑπὸ
1106 1701 1214 1755 τῶν
1264 1702 1457 1755 ἑαυτοῦ
1507 1702 1696 1772 φίλων,

1810 505 1946 559 mini
1971 504 2136 578 2“
2195 506 2448 574 immisit,
2482 508 2835 564 manifestum
2858 518 2943 566 est
2984 509 3080 566 Dei
3115 513 3401 570 voluntate

1808 593 1865 648 id
1891 593 2111 649 fecisse.
2152 594 2290 659 Quis
2316 610 2448 666 ergo
2480 596 2659 666 possit
2686 596 2780 652 Dei
2807 599 3150 655 voluntatem
3185 603 3400 658 irritam

1807 682 2022 740 facere?
2052 684 2254 741 Verum
2288 702 2389 743 nec
2424 689 2529 759 ipsi
2556 689 2734 744 sancti
2766 690 2871 745 sibi
2927 692 3162 748 invicem
3210 695 3402 752 adver-

1806 787 2000 832 santur
2032 793 2157 832 cum
2200 795 2309 833 non
2346 781 2600 850 ignorent
2639 782 2915 837 vinculum
2969 783 3256 839 cbaritatis
3287 788 3402 858 spi-
3478 850 3483 855 ι

1807 868 1972 933 ritus,
2004 884 2180 940 neque
2216 886 2247 924 a
2285 869 2520 926 Domino
2565 874 2885 928 exauditum
2944 874 3010 928 iri
3062 891 3398 946 quemquam

1804 970 2076 1024 sanctum.
2098 963 2191 1032 qui
2224 979 2324 1019 sua
2359 965 2609 1020 oratione
2630 965 2762 1019 velit
2797 966 2939 1023 alius
2967 968 3145 1022 sancti
3180 968 3396 1026 irritam

1804 1052 2033 1108 reddere
2066 1056 2393 1110 orationem.
2435 1055 2547 1112 Nec
2584 1058 2730 1111 enim
2787 1057 2900 1115 Deo
2945 1062 3224 1126 convenit,
3260 1078 3394 1118 suo-
3452 1132 3457 1139 ι

1804 1159 1928 1198 rum
1953 1161 2236 1201 servorum
2267 1164 2436 1202 unum
2467 1148 2722 1219 afﬂigere,
2759 1150 2925 1204 alium
2955 1168 3087 1208 vero
3118 1169 3392 1211 recreare.

1803 1236 1945 1293 lline
1977 1239 2326 1294 Corinthium
2377 1241 2531 1295 illum
2588 1242 2976 1299 fornicaturem
3029 1245 3173 1301 idem
3227 1248 3394 1301 solvit

1801 1329 2006 1384 Paulus
2039 1332 2156 1400 ipse
2184 1332 2278 1401 qui
2315 1339 2369 1386 et
2418 1335 2670 1389 vinxerat
2705 1351 2717 1386 :
2761 1336 3000 1406 itemque
3034 1335 3181 1392 Elias
3212 1338 3266 1392 in
3295 1337 3395 1394 Ve-

1802 1422 1908 1477 teri
1963 1422 2318 1479 Testamento
2347 1426 2546 1480 coelum
2587 1441 2657 1481 ne
2694 1427 2921 1497 plueret,
2952 1428 3180 1499 ligavit;
3216 1429 3391 1484 idem-

1801 1528 1909 1585 que
1930 1522 2122 1586 postea
2146 1517 2331 1579 solvit,
2363 1521 2615 1587 quamvis
2649 1528 2781 1572 tunc
2823 1516 2966 1574 Deus
3019 1529 3227 1589 septem
3259 1536 3390 1577 san-

1800 1618 2015 1661 ctorum
2072 1607 2245 1660 millia
2302 1606 2550 1671 haberet,
2601 1608 2695 1677 qui
2739 1624 2916 1678 genua
2969 1626 3077 1664 non
3122 1609 3388 1668 ﬂexerant

1800 1698 1950 1752 idolo
1975 1698 2126 1753 Baal.
2161 1697 2292 1754 Item
2326 1715 2450 1753 cum
2479 1697 2586 1753 Job
2617 1699 2687 1754 ab
2715 1701 2909 1756 amicis
2946 1702 3150 1771 injuria
3186 1702 3388 1761 fuisset

111 1792 277 1846 αὐτὸν
306 1793 604 1864 πεποίηκεν
634 1796 663 1847 6
689 1794 822 1858 Θεὸς
854 1794 1207 1866 συγχωρῆσαι
1231 1796 1413 1858 αὐτοῖς
1435 1796 1496 1849 τὸ
1526 1797 1686 1868 ἀμὰρ

1806 1789 2049 1855 affectus,
2085 1792 2257 1844 voluit
2290 1788 2433 1845 Deus
2467 1791 2646 1861 ipsum
2692 1792 2801 1846 illis
2832 1794 3144 1848 condonare
3177 1795 3228 1849 id
3259 1811 3388 1867 pec-

109 1899 282 1956 τημα,
313 1885 491 1955 λέγων
527 1887 731 1951 αὐτοῖς,
779 1887 862 1940 ὅτι
904 1905 923 1938 ι
961 1887 1271 1958 Πορεύεσθε
1307 1888 1441 1960 πρὸς
1471 1889 1563 1942 τὸν
1607 1888 1698 1941 θε-

112 1978 358 2049 ράποντὰ
398 1996 500 2050 μου
549 1978 690 2044 Ἰὼϐ,
732 1981 826 2034 καὶ
866 1980 1222 2052 προσεύξεται
1275 1981 1404 2052 περὶ
1450 1981 1623 2051 ὑμῶν.
1674 1999 1693 2033 ι

108 2071 218 2125 Καὶ
247 2069 441 2143 ὥσπερ
487 2072 580 2125 ἐπὶ
623 2071 731 2125 τῶν
773 2073 946 2141 ἁγίων
992 2073 1238 2142 ἀγγέλων
1270 2074 1369 2127 οὐκ
1399 2075 1697 2146 ἀντιπράτ-

107 2177 190 2214 τει
237 2161 427 2232 ἕτερος
459 2161 651 2236 ἑτέρῳ,
682 2161 825 2217 οὕτω
857 2164 952 2218 καὶ
1008 2164 1105 2217 ἐπὶ
1143 2164 1252 2218 τῶν
1285 2165 1456 2236 ἁγίων
1492 2167 1699 2237 νοήσω-

110 2266 232 2322 μεν.

189 2341 387 2414 Ἐρὼτ.
420 2343 543 2414 ριθ’.
574 2345 746 2400 Πόθεν
794 2348 938 2412 τινὲς
987 2347 1146 2417 φύσει
1201 2349 1475 2414 ἀόιάστως
1523 2351 1700 2421 ὑπάρ-

103 2447 294 2501 χουσιν
319 2432 613 2504 ἐλεήμονες
630 2452 644 2467 ’
673 2437 819 2500 τινὲς
850 2437 907 2490 δὲ
935 2438 1095 2492 πάλιν
1126 2440 1371 2510 φυσικῶς
1393 2443 1532 2520 εἰσιν
1556 2440 1698 2514 ὠμοί

103 2538 163 2575 τε
189 2523 286 2578 καὶ
317 2522 657 2596 ἀσπλαγχνοι
682 2529 764 2593 εἰς
792 2529 1114 2599 μετάδοσιν;

185 2702 381 2759 ’Δπόκ.
414 2704 602 2770 Οὐδεὶς
634 2707 739 2761 ὑπὸ
779 2708 916 2763 Θεοῦ
968 2710 1254 2784 ἄνθρωπος
1297 2715 1488 2784 γέγονε
1533 2716 1695 2787 φύσει

99 2792 433 2866 ἀσυμπαθὴς
461 2798 552 2849 καὶ
575 2797 946 2871 ἄσπλαγχνοςο
992 2803 1150 2871 φύσει
1179 2804 1236 2857 δὲ
1272 2806 1471 2877 μᾶλλον
1504 2808 1531 2860 ὁ
1562 2809 1696 2874 Θεὸς

98 2883 160 2936 τὸ
185 2883 511 2957 φιλάλληλον
544 2890 624 2953 είς
656 2890 756 2960 τὴν
794 2891 887 2945 τοῦ
915 2893 1202 2966 ἀνθρώπου
1240 2898 1429 2951 οὐσίαν
1458 2899 1652 2971 ἔθηκεν
1676 2918 1689 2932 ’

96 2976 200 3029 οὐκ
226 2979 287 3030 ὲν
331 2980 399 3049 τῇ
441 2979 536 3032 τοῦ
578 2980 867 3052 ἀνθρώπου
911 2983 968 3036 δὲ
1016 2985 1197 3056 μόνον,
1228 2989 1364 3043 ἀλλά
1397 2991 1492 3044 καὶ
1534 2993 1593 3046 ἐν
1621 2997 1689 3066 τῇ

94 3068 208 3121 τῶν
238 3068 451 3139 ἀλόγων
473 3071 569 3125 καὶ
594 3075 874 3129 πετεινῶν.
914 3077 1073 3131 Ὅθεν
1097 3079 1357 3146 πολλάκις
1381 3084 1474 3137 καὶ
1506 3086 1565 3152 ἐξ
1596 3087 1689 3139 ἀλ-

94 3157 276 3230 λήλων
305 3163 672 3234 χωριζόμενα,
715 3166 1091 3236 στυγνὰζουσι,
1125 3173 1218 3226 καὶ
1247 3173 1431 3244 βοῶσι,
1466 3178 1560 3230 καὶ
1590 3196 1686 3249 νη-

96 3251 349 3307 στεύουσι
371 3271 384 3284 ⁸
409 3254 533 3309 τινὰ
576 3257 632 3310 δὲ
672 3260 765 3312 καὶ
786 3260 1110 3330 δακρύουσι.⁴
1129 3264 1397 3335 Κορωνῶν
1422 3267 1478 3320 δὲ
1507 3270 1683 3336 γένος,

94 3345 191 3397 καί
222 3344 423 3417 βρῶμα
456 3348 737 3420 εὑροῦσαι,
765 3352 968 3419 εύθέως
1004 3355 1239 3426 ἀλλήλας
1264 3360 1330 3428 τῇ
1371 3363 1520 3431 φωνῇ
1551 3362 1686 3434 κρά-

93 3436 251 3501 ζουσι
294 3438 434 3510 πρὸς
469 3442 784 3513 μετάληψιν.
828 3447 938 3500 Καὶ
983 3448 1098 3512 πῶς
1144 3448 1350 3513 λοιπὸν,
1398 3452 1520 3506 εἰπέ
1568 3471 1680 3524 μοι,

92 3526 154 3580 ού
180 3528 436 3598 μέλλουσι
462 3532 632 3587 πολλὰ
655 3536 750 3589 καὶ
775 3535 885 3590 τῶν
909 3537 1117 3608 ἀλόγων
1140 3542 1288 3612 ἡμᾶς
1310 3544 1679 3615 κατακρίνειν,

90 3619 222 3682 τοὺς
252 3622 376 3673 κατ’
402 3623 587 3679 εἰκόνα
612 3625 747 3679 Θεοῦ
789 3627 1128 3695 κτισθέντας,
1157 3632 1216 3684 οὐ
1264 3632 1424 3703 μόνον
1462 3634 1550 3687 διὰ
1581 3636 1682 3707 τὴν

88 3710 471 3782 ἀσπλαγχνίαν
514 3716 693 3787 ήμῶν,
739 3718 877 3772 ἀλλὰ
917 3721 1011 3773 καὶ
1041 3721 1128 3775 διὰ
1168 3721 1269 3794 τὴν
1313 3724 1535 3794 ἄγνοιαν
1569 3726 1678 3798 (66)

90 3804 186 3857 καὶ
213 3805 530 3873 ἀκολασίαν,
570 3809 637 3880 ῆν
665 3809 898 3882 ἕχομεν;
933 3813 1148 3868 Ἐκεῖνα
1169 3815 1279 3889 γὰρ
1303 3816 1365 3869 οὐ
1393 3817 1553 3889 μόνον
1581 3819 1681 3891 ἀρ-

91 3911 184 3948 σεν
215 3895 448 3968 ἄρσενος
473 3900 555 3962 είς
584 3903 869 3956 συνουσίαν
901 3905 998 3975 οὐχ
1023 3906 1272 3971 ἅπτεται,
1297 3906 1434 3961 ἀλλὰ
1462 3910 1560 3963 καὶ
1582 3910 1681 3964 αύ-

88 3985 190 4053 τῆς
213 3988 317 4058 τῆς
349 3988 570 4059 θηλείας
596 3993 731 4065 πρὸς
763 3994 950 4064 ὀλίγας
980 3997 1074 4050 καὶ
1104 3998 1264 4069 μόνον
1288 4000 1500 4073 ἡμέρας
1528 4002 1678 4071 ἐφίε-

87 4094 210 4133 ταιο
253 4082 378 4135 τινὰ
414 4082 474 4135 δὲ
506 4084 600 4137 καὶ
652 4086 963 4158 χηρεύουσι.
1017 4091 1338 4159 Πλεονεξίαν
1392 4094 1493 4148 ούκ
1543 4091 1675 4160 οἶδε,

88 4170 359 4247 λοιδορίαν
406 4178 468 4229 οὐ
521 4178 861 4250 μετέρχεται.
900 4181 973 4235 Τὸ
1028 4184 1087 4236 δὲ
1133 4185 1547 4259 χαλεπώτερον,
1593 4189 1674 4243 ὅτι

88 4278 196 4337 περ
228 4266 350 4319 κατ’
400 4268 582 4324 εἰκόνα
617 4272 709 4324 καὶ
758 4271 1016 4343 ὁμοίωσιν
1051 4275 1185 4330 Θεοῦ
1231 4278 1537 4351 γενόμενοι,
1578 4281 1674 4335 καὶ

87 4355 279 4427 ἄρχειν
320 4357 530 4428 ἀλόγων
569 4364 910 4434 τεταγμένοι,
955 4369 1515 4442 παρασυνεὸλήθημεν
1560 4376 1674 4437 τοῖς

88 4449 314 4520 κτήνεσι
352 4454 467 4515 τοῖς
489 4453 737 4525 ἀνοήτοις
769 4458 863 4509 καὶ
892 4457 1253 4530 ὡμοιώθημεν
1287 4461 1487 4526 αὐτοῖς.

155 4540 353 4612 Ἐρώτ.
389 4550 493 4614 ρκ’.
516 4546 672 4600 Ποῖαι
693 4547 938 4602 πλεῖστον
967 4551 1185 4605 πάντων
1215 4553 1406 4625 ἀρεταὶ
1433 4556 1545 4619 τοῖς
1572 4556 1668 4629 ἄρ-

84 4647 237 4703 χουσι
265 4633 539 4704 πρέπουσί
568 4655 629 4691 τε
662 4640 755 4693 καὶ
788 4640 1153 4712 ἁρμόζουσιν;

151 4809 349 4864 ’Δπόκ.
398 4810 510 4884 (67)
549 4814 983 4887 Προηγουμένως
1017 4819 1079 4872 τὸ
1117 4820 1526 4895 συμπαθητικδν
1570 4822 1666 4878 καὶ

85 4901 487 4976 φιλάνθρωπον,
512 4905 582 4960 τὰ
605 4908 698 4962 καὶ
723 4908 843 4981 Θεῷ
875 4910 1188 4984 ὑπάρχοντα
1205 4933 1218 4945 ·
1253 4911 1371 4969 εἶτα
1405 4916 1468 4970 τὸ
1490 4918 1667 4989 ἀμνη-

85 4995 313 5051 σίκακον
359 4997 458 5052 καὶ
497 4998 791 5072 ἀόργητον,
840 5003 936 5057 καὶ
981 5006 1513 5081 ἁπροσωπόληπτον,
1564 5011 1661 5064 καὶ

80 5084 509 5160 ἀδωροδόκητον,
537 5091 633 5144 καὶ
654 5091 762 5165 πρὸ
784 5093 1003 5149 πάντων
1029 5098 1088 5151 τὸ
1121 5099 1197 5170 μὴ
1229 5100 1489 5172 εὐχερῶς,
1520 5103 1659 5175 μηδὲ

149 5270 203 5303 ’⁸
228 5267 340 5323 =Job
367 5283 519 5335 xui,
552 5268 606 5324 8.
680 5272 725 5305 “
766 5269 913 5328 Psal.
948 5291 1117 5330 stvnl
1144 5316 1159 5340 ,
1197 5277 1285 5334 13.

149 5443 265 5520 (65)
299 5442 429 5520 Reg.
460 5445 517 5509 2,
538 5447 812 5520 βουλήσει.
841 5449 886 5503 Α
910 5449 1158 5508 Palatino
1185 5454 1240 5516 2,
1267 5462 1322 5509 et
1366 5472 1398 5510 a
1451 5460 1654 5515 veteri-

80 5512 185 5596 bus
227 5512 462 5596 [patinis
481 5512 655 5596 editis
690 5512 1140 5596 a_li_s_unt__quasst.
1193 5512 1316 5592 118,
1350 5512 1472 5593 119,
1496 5512 1652 5596 θέε),

81 5584 206 5674 (gi,
239 5585 525 5674 ise-.3124,
552 5586 833 5659 125,128,
881 5584 1005 5661 A29,
1038 5595 1156 5662 t50,
1193 5584 1316 5663 15-1;
1350 5584 1475 5663 132;
1525 5584 1648 5668 αδδς

79 5654 268 5799 ίῦΐϐἓῖ
581 5729 734 5788 deest
764 5730 825 5790 in
848 5729 981 5804 Reg.
1024 5732 1081 5792 2.
1110 5733 1280 5806 lnfra,
1330 5736 1473 5794 idem
1526 5746 1651 5812 post

1800 1881 1929 1939 cati.
1964 1882 2110 1937 unde
2138 1882 2220 1937 eis
2244 1881 2320 1935 ait
2352 1900 2366 1935 :
2405 1900 2424 1932 ι
2469 1881 2547 1937 lte
2575 1881 2641 1936 ad
2698 1898 2917 1938 servum
2952 1900 3131 1940 meum
3164 1884 3291 1950 Job,
3329 1894 3386 1941 et

1801 1974 1982 2028 orabit
2020 1990 2119 2045 pro
2166 1975 2327 2030 vobis
2347 1975 2414 2027 ⁸ο.
2457 1994 2477 2027 ι
2519 1974 2762 2045 Denique
2818 1985 2878 2031 ut
2948 1977 3091 2033 inter
3134 1980 3380 2050 angelos,

1801 2066 1989 2120 nullus
2020 2067 2183 2122 alteri
2225 2074 2495 2139 repugnat
2534 2083 2548 2120 :
2586 2068 2727 2124 idem
2770 2070 3028 2127 similiter
3061 2072 3130 2127 de
3170 2072 3383 2129 sanctis

1798 2165 1884 2213 est
1914 2159 2285 2214 sentiendum.

1863 2371 2082 2437 Quesr.
2121 2370 2308 2428 CXIX.
2350 2371 2507 2429 Unde
2536 2375 2758 2445 quidam
2795 2387 2993 2435 natura
3039 2392 3168 2455 sunt
3210 2385 3380 2444 invito

1798 2471 1853 2516 et
1889 2476 2259 2533 repugnanter
2306 2466 2693 2523 misericordes
2725 2488 2739 2524 :
2773 2471 2995 2541 quidam
3049 2476 3177 2531 item
3207 2489 3375 2535 natu-

1796 2546 1982 2602 raliter
2021 2551 2275 2607 crudeles
2329 2554 2702 2627 immitesque,
2730 2574 2834 2615 nec
2880 2561 3040 2620 facile
3082 2566 3206 2625 aliis
3246 2570 3377 2641 quid

1794 2637 2158 2707 impertiant?

1867 2724 2031 2782 Resr.
2067 2727 2240 2784 Nemo
2281 2731 2443 2787 homo
2469 2750 2498 2790 a
2528 2734 2639 2791 Deo
2682 2737 2862 2797 factus
2906 2751 2993 2800 est
3036 2753 3233 2803 natura
3279 2750 3380 2813 ian-

1794 2814 1941 2870 mitis
1981 2825 2032 2871 et
2071 2819 2495 2890 immisericors;
2529 2827 2664 2896 quin
2707 2833 2889 2900 potius
2927 2847 3177 2892 mutuum
3223 2854 3376 2895 amo-

1794 2922 1907 2962 rem
1948 2907 2089 2966 Deus
2139 2911 2426 2969 hominum
2480 2930 2691 2975 naturae
2740 2923 2960 2986 indidit,
2996 2943 3097 2983 nec
3154 2939 3371 2990 tantum

1794 3000 2075 3056 hominum
2108 3012 2337 3071 naturai,
2375 3010 2471 3064 sed
2501 3012 2666 3066 etiam
2701 3014 3102 3075 irrationalium
3133 3030 3186 3078 et
3212 3025 3373 3080 volu-

1715 3130 1756 3186 Ο
1791 3108 1968 3148 crum.
1997 3096 2123 3150 inde
2157 3113 2301 3168 saepe
2350 3100 2419 3155 ab
2464 3103 2696 3161 invicem
2748 3122 3012 3179 separatae
3064 3116 3372 3177 animantes

1788 3194 2141 3255 congemunt.
2186 3190 2426 3244 clamant
2465 3203 2519 3249 et
2573 3195 2847 3266 jejunant,
2892 3204 3140 3271 quaedam
3196 3208 3366 3265 etiam

1797 3273 2192 3345 lacrymantur.
2227 3276 2522 3334 Cornicum
2549 3294 2729 3339 autem
2755 3303 2948 3356 genus,
2974 3290 3098 3346 cibo
3121 3292 3366 3359 invento,

1804 3366 1988 3421 statim
2022 3368 2254 3424 invicem
2286 3387 2421 3427 voce
2448 3374 2690 3430 clamant
2739 3388 2798 3432 ut
2830 3395 3022 3437 omnes
3072 3384 3194 3450 ejus
3259 3387 3371 3441 sint

1790 3460 2105 3530 participes.
2153 3462 2350 3518 Annon
2400 3480 2532 3537 ergo
2590 3471 2763 3525 multa
2810 3472 2976 3527 etiam
3021 3474 3367 3532 irrationalia

1785 3564 1908 3613 nos,
1940 3552 2032 3621 qui
2063 3551 2131 3605 ad
2188 3551 2285 3608 Dei
2346 3554 2640 3627 imaginem
2700 3562 2911 3616 conditi
2974 3580 3191 3632 sumus,
3228 3582 3357 3622 con-

1782 3641 2107 3698 denmatura
2153 3654 2283 3700 sunt
2328 3663 2440 3703 non
2486 3652 2663 3705 solum
2712 3655 2858 3724 quod
2896 3655 3365 3716 immisericordes

1782 3732 1977 3798 simus,
2018 3751 2208 3790 verum
2267 3738 2433 3792 etiam
2483 3751 2728 3797 nostram
2788 3746 2859 3799 ob
2907 3746 3271 3817 ignorantiam
3302 3757 3365 3806 et

1780 3825 2276 3882 incontinentiam?
2313 3828 2409 3883 [lla
2455 3832 2604 3886 enim
2666 3850 2774 3889 non
2831 3837 3008 3891 solum
3062 3854 3181 3894 mas
3236 3856 3362 3895 cum

1778 3933 1930 3972 mare
1958 3935 2066 3974 non
2098 3923 2565 3991 comniiscentur,
2604 3926 2697 3982 scd
2731 3929 2796 3984 ad
2838 3945 3047 3999 paucos
3091 3930 3361 3988 duntaxat

1777 4009 1895 4065 dies
1927 4009 2181 4066 feminum
2221 4023 2502 4084 appetunt.
2537 4016 2794 4084 Quaedam
2839 4021 3000 4075 etiam
3034 4022 3356 4079 viduitatem

1777 4109 2020 4158 servant.
2071 4103 2371 4162 Avaritiam
2429 4117 2613 4165 autem
2673 4127 2783 4167 non
2844 4122 3068 4169 norunt.
3110 4115 3179 4168 At
3212 4117 3358 4186 quod

1774 4196 1995 4265 gravius
2030 4202 2136 4261 est,
2168 4213 2270 4253 nos
2319 4200 2412 4270 qui
2442 4201 2511 4255 ad
2542 4201 2835 4272 imaginem
2858 4213 2912 4259 ct
2940 4206 3357 4262 similitudinem

1773 4282 1868 4339 Dei
1901 4284 2029 4340 facti
2069 4303 2283 4351 sumus,
2325 4298 2379 4343 et
2409 4289 2476 4343 ad
2510 4291 2893 4362 imperandum
2942 4294 3355 4352 irrationalibus

1773 4378 2083 4444 constituti,
2131 4382 2435 4451 comparati
2484 4398 2678 4440 sumus
2731 4384 2999 4452 iumentis
3043 4386 3354 4458 insipienti-

1772 4467 1899 4533 bus,
1929 4481 1982 4524 et
2000 4472 2207 4527 similes
2241 4471 2372 4526 facti
2402 4489 2596 4529 sumus
2626 4475 2819 4531 illis".

1841 4557 2064 4625 Qcmsr.
2092 4561 2257 4616 CXX.
2293 4562 2424 4630 Qua:
2445 4580 2511 4620 ex
2542 4568 2801 4624 omnibus
2847 4569 3147 4626 virtutibus
3179 4569 3353 4641 potis-

1771 4647 1973 4704 simum
2023 4652 2368 4724 principibus
2439 4658 2776 4712 conveniunt
2836 4670 2889 4715 et
2966 4670 3351 4718 consentanea

1761 4743 1942 4795 sunt?

1837 4831 2005 4889 Besr.
2077 4832 2360 4908 Praecipue
2431 4841 2838 4897 commiseratio
2895 4849 2949 4896 et
3009 4841 3343 4905 humanitas,

1765 4941 1889 4996 qua:
1919 4935 1974 4982 et
2014 4926 2126 4984 Deo
2170 4930 2380 4986 insunt.
2425 4931 2634 4991 Deinde
2686 4934 3012 5004 injuriarum
3069 4934 3342 5001 oblivisci,

1765 5032 1876 5071 non
1912 5019 2121 5075 moveri
2154 5021 2463 5090 iracundia,
2491 5040 2758 5095 personas
2790 5041 2899 5082 non
2947 5026 3217 5098 accipere,
3239 5039 3345 5082 nec

1766 5110 2089 5187 muneribus
2119 5116 2427 5187 corrumpi,
2459 5118 2555 5173 sed
2591 5118 2649 5173 in
2691 5119 2885 5190 primis
2914 5133 3022 5173 non
3056 5115 3216 5173 facile
3245 5131 3343 5172 ne-

1758 5463 2217 5550 ’ζιμέραςιὲφίε-ται
2260 5468 2430 5537 addit,
2484 5469 2604 5524 τινὰ
2629 5470 2685 5524 δὲ
2710 5473 2804 5525 καὶ
2852 5470 3165 5544 χηρεύουσι,
3213 5488 3339 5546 qua:

1756 5536 1955 5589 desunt
1985 5537 2039 5590 in
2069 5538 2251 5593 editis.
2417 5536 2421 5537 “
2852 5536 2886 5543 “
2911 5536 2943 5544 ”
3151 5536 3158 5538 ﬁ
3229 5536 3249 5546 “

1829 5604 1957 5680 (6η
1977 5605 2129 5662 Hanc
2157 5607 2323 5680 Resp.
2358 5608 2412 5661 in
2437 5610 2594 5680 prius
2621 5611 2710 5669 ed.
2754 5611 2914 5669 valde
2958 5613 3214 5670 mutilam
3261 5629 3334 5674 ex

1756 5684 1891 5734 m'ss.
1922 5675 2057 5750 Reg.
2093 5675 2477 5755 restituimusl‘
