3852 6192
78 295 181 358 επ

1046 302 1514 371 ΩιΞᾹΞΞΤΙΟΝΕΞ
1550 306 1643 361 AD
1682 306 2092 368 ANTIOCHUM
2126 311 2380 371 DUCEM.

3242 326 3350 389 678

78 408 158 464 ὅτι
198 427 311 483 περ
365 411 427 465 ἐν
461 427 576 475 τοις
618 427 880 485 τεσσαρσι
937 415 1124 479 τύποις
1148 457 1164 482 ,
1200 411 1281 481 οἷς
1337 419 1655 492 εἰρήκαμεν,

1771 421 2024 489 abundat,
2070 428 2375 485 secundum
2422 440 2582 488 antea
2611 433 2965 508 propositam
3013 446 3225 497 natura:
3257 459 3348 498 ra-

80 501 363 566 πλεονάζεὶ
392 502 579 575 ἕτερον
611 504 707 557 τοῦ
754 505 949 577 ἐτέρου
983 507 1128 562 κατά
1158 508 1258 582 τὴν
1293 513 1661 583 προκειμένην
1761 514 1990 571 tionem.

81 593 454 662 φυσιολογίαν.

122 666 353 757 ῘτΕρώτ.
388 685 520 757 ρκδν.
547 684 673 752 Πῶς
700 688 795 742 καὶ
824 691 1108 762 φαρμακοί
1134 708 1281 757 τινες
1310 692 1662 751 ἐκδιώκουσιν

79 777 135 844 ἐξ
162 777 264 831 ἀνθ
274 776 472 849 ρώπων
509 778 775 849 δαίμονας
796 796 811 845 ;

155 870 348 922 ’Δπόκ.
396 868 505 922 Τοῦ
550 870 786 941 Χριστοῦ
828 873 888 925 ὲν
936 876 1049 938 τοῖς
1091 875 1268 944 ἁγίοις
1307 875 1662 945 Εὑαγγελίοις

76 964 325 1032 λέγοντος
345 1004 360 1029 ,
387 964 471 1016 ὅτι
505 982 523 1015 ι
560 965 623 1018 EE
650 968 678 1019 ὁ
705 966 950 1031 Σατανᾶς
975 967 1066 1020 τὸν
1102 968 1349 1022 Σατανᾶν
1389 969 1658 1036 ἐκϐάλλει,

77 1060 108 1128 ἡ
132 1057 384 1128 βασιλεία
406 1058 573 1111 αὐτοῦ
598 1060 697 1129 οὑχ
727 1059 972 1114 ἵσταται*
1007 1080 1026 1112 ι
1056 1059 1297 1131 εὖδηλον,
1321 1063 1402 1115 ὅτι
1432 1062 1661 1133 δαίμονα

75 1149 367 1219 φαρμακὸς
392 1150 452 1203 ού
486 1147 693 1214 διώκει,
725 1150 838 1203 ἀλλ’
868 1152 897 1203 ὁ
931 1151 1140 1222 δαίμων
1170 1154 1199 1204 ὁ
1225 1154 1285 1205 ἐν
1317 1153 1394 1224 τῷ
1421 1154 1661 1225 δαιμονι-

74 1236 287 1309 ζομένῳ
326 1236 600 1309 ἀνθρώπῳ
636 1239 801 1293 οίκῶν
831 1240 1093 1305 ἑκουσίως
1127 1242 1405 1314 ὑποχωρεῖ
1432 1244 1570 1315 πρὸς
1599 1243 1661 1298 τὸ

72 1325 422 1398 ἀπατηθῆναι
454 1327 579 1391 τοὺς
606 1326 947 1400 ἀνθρώπους,
988 1331 1085 1384 καί¹
1118 1332 1241 1385 ἀντὶ
1266 1331 1362 1385 τοῦ
1393 1336 1661 1407 προστρέ-

73 1436 185 1489 χειν
222 1419 364 1489 πρὸς
392 1417 525 1473 Θεὸν
549 1458 565 1485 ,
599 1418 777 1473 πείθει
821 1420 962 1492 πρὸς
999 1424 1127 1487 τοὺς
1166 1423 1493 1494 φαρμακοὺς
1535 1424 1662 1499 τρέ-

71 1506 258 1587 χεινΔ

136 1601 338 1674 Ἐρώτ.
373 1609 504 1674 ρκέ.
547 1602 671 1667 Πῶς
702 1604 796 1657 ἐπὶ
829 1604 1085 1659 τοσοῦτον
1132 1604 1308 1677 ἰσχύει
1346 1607 1655 1679 φαρμακδς,

1835 687 2058 753 ρυεεῖετ.
2088 687 2324 746 CXXIV.
2367 691 2654 758 Quomodo
2706 697 2930 768 quidam
2967 698 3345 759 incantatores

1762 778 2039 836 daemones
2062 797 2127 836 ex
2160 783 2477 840 hominibus
2506 787 2779 856 ejiciunt?

1830 868 2001 925 Resp.
2043 871 2180 926 Cum
2211 874 2468 931 Christus
2496 877 2549 931 in
2582 880 2791 935 sanctis
2825 880 3138 953 Evangeliis
3169 884 3342 948 dicat.

1767 980 1786 1011 ι
1820 959 1879 1014 Si
1911 961 2147 1019 Satanas
2177 965 2432 1021 Satanam
2477 969 2646 1039 ejicit,
2676 986 2903 1041 regnum
2934 973 3055 1042 ejus
3081 991 3191 1029 non
3227 984 3346 1031 sta-

1760 1050 1839 1105 bit
1858 1052 1904 1083 ⁸³
1934 1071 1948 1107 :
1981 1074 2000 1106 ι
2032 1054 2162 1110 inde
2192 1056 2363 1127 liquet
2390 1074 2504 1115 non
2541 1061 2610 1115 ab
2638 1062 2984 1120 incantatore
3009 1066 3207 1136 expelli
3235 1068 3347 1122 da:-

1761 1159 2002 1213 monem,
2054 1148 2150 1204 sed
2198 1150 2499 1207 daemonem
2552 1154 2609 1208 in
2663 1156 2896 1213 obsesso
2928 1159 3150 1216 homine
3199 1164 3347 1218 exsi-

1761 1245 1996 1295 stentcm
2026 1249 2220 1312 sponte
2247 1245 2508 1301 recedere
2532 1262 2643 1317 quo
2669 1248 2921 1306 homines
2953 1252 3211 1324 decipiat,
3245 1258 3345 1325 qui

1761 1343 1830 1383 ne
1851 1328 1921 1383 ad
1945 1329 2116 1386 Deum
2150 1333 2491 1408 confugiant,
2524 1340 2719 1396 suadet
2764 1342 2903 1413 ipsis
2934 1353 2995 1399 ut
3025 1346 3097 1401 ad
3143 1347 3345 1402 incan-

1760 1428 1967 1479 tatores
2002 1422 2222 1481 abeant.

1830 1599 2052 1667 Quzsr.
2085 1603 2298 1661 CXXV.
2338 1607 2626 1674 Quomodo
2674 1618 2825 1667 tanta
2870 1613 2955 1670 vis
3007 1622 3062 1671 et
3099 1620 3341 1686 potentia

71 1693 211 1747 ὥστε
249 1693 348 1747 καὶ
381 1695 463 1758 είς
493 1693 692 1764 ἀλόγου
737 1694 900 1765 φύσιν
953 1696 1280 1768 μετενέγκαι
1323 1697 1416 1753 τὸν
1452 1698 1655 1773 ἀνθρω-

1771 1692 2126 1750 incantatoris
2154 1705 2259 1763 est,
2293 1707 2352 1753 ut
2376 1699 2651 1757 hominem
2676 1704 3059 1775 in_belluarum
3086 1715 3340 1766 naturam

71 1801 171 1839 πον
200 1802 218 1851 ;

147 1879 346 1936 ’Δπόκ,
372 1880 438 1933 Et
467 1878 699 1951 ἠδύνατο
729 1877 789 1944 ἐξ
824 1877 1114 1951 ἀνθρώπου
1167 1879 1307 1945 ζῶον
1341 1880 1660 1952 ἀπεργάσα-

70 1972 212 2039 σθαι,
236 1975 460 2038 πάντως
484 1973 673 2045 ἴσχυσε
702 1973 799 2027 καὶ
831 1974 892 2040 ἐξ
921 1973 1116 2042 ἀλόγου
1145 1973 1428 2045 ἄνθρωπον
1459 1975 1657 2046 συστή-

68 2065 267 2120 σασθαι
308 2067 546 2135 λογικόν.
593 2065 731 2120 Ἀλλ’
776 2067 878 2119 ούκ
923 2065 1038 2119 ἐστι
1088 2065 1279 2119 τοῦτο·
1311 2064 1385 2137 μὴ
1408 2066 1653 2133 γένοιτοί

78 2158 217 2211 Ἀλλ’
245 2158 436 2231 ῶσπερ
467 2161 517 2213 οἱ
548 2159 832 2229 λεγόμενοι
856 2157 1149 2228 Ψηφάδες,
1181 2160 1275 2213 καὶ
1307 2160 1468 2214 πάλιν
1494 2160 1659 2225 αὐτὸς

72 2252 487 2323 ὀἈντίχριστος
537 2253 829 2325 ἐρχόμενος
875 2254 934 2308 ἐν
978 2255 1251 2327 φαντασίᾳ
1307 2256 1486 2328 πλανᾷ
1528 2257 1656 2320 τοὺς

66 2343 383 2414 ὀφθαλμοὺς
420 2344 531 2397 τῶν
568 2343 872 2418 ἀνθρώπων
919 2346 1139 2417 χρυσίον
1168 2348 1352 2413 αὐτοῖς
1399 2350 1656 2413 πολλάκις

64 2434 96 2504 ἢ
122 2436 367 2507 ἀργυρον
397 2437 720 2500 ὐποδεικνύς
743 2453 759 2468 ο
788 2436 931 2491 οὕτω
960 2439 1053 2491 καὶ
1087 2441 1135 2492 οἱ
1178 2438 1426 2507 λέγοντες
1458 2440 1518 2505 ἐξ
1560 2444 1654 2495 ἀν-

66 2524 291 2596 θρώπου
344 2526 485 2590 ζῶον
520 2528 693 2583 ποιεῖν
730 2530 858 2594 τοὺς
894 2530 1135 2602 ὁρῶντας
1180 2532 1274 2584 καὶ
1314 2531 1474 2602 μόνον
1515 2534 1655 2587 ἀπα-

64 2613 233 2667 τῶσιν
253 2629 270 2644 ·
303 2616 428 2668 ἐπεὶ
454 2615 545 2669 τὸν
572 2619 692 2669 κατ’
717 2618 901 2671 εἰκόνα
921 2620 1017 2673 καὶ
1047 2619 1306 2689 ὁμοίωσιν
1334 2620 1468 2674 Θεοῦ
1499 2622 1654 2690 γενό-

68 2722 229 2776 μενον
251 2706 539 2780 ἄνθρωπον
572 2709 771 2780 κτῆνος
802 2711 1028 2781 ποιῆσαι
1058 2712 1118 2764 ού
1146 2712 1419 2767 δύνανται.

148 2797 348 2869 Ἐρώτ.
393 2806 541 2872 ρκς’.
576 2795 726 2873 ΊΓΑρα
780 2804 958 2873 κρῖμα
1006 2802 1299 2874 κέκτηνται
1346 2806 1396 2858 οἱ
1446 2805 1651 2877 κλοπὴν

65 2890 453 2962 ὑπομένοντες,
497 2894 593 2948 καὶ
625 2894 705 2959 είς
734 2894 864 2959 τοὺς
890 2894 1219 2965 λεγομένους
1249 2898 1469 2968 μάντεις
1506 2898 1649 2954 ὑπά-

62 2999 259 3050 γοντες
278 2997 295 3048 ς

143 3073 342 3127 ’Δπόκ.
376 3073 489 3127 Καὶ
525 3072 699 3146 μέγα·
734 3075 975 3142 ἐδίδαξεν
1025 3077 1134 3151 γὰρ
1185 3080 1336 3151 ἡμᾶς
1379 3080 1413 3149 ἡ
1462 3080 1651 3152 Γραφῆ
1678 3109 1722 3168 C

62 3165 159 3219 ἐπὶ
206 3165 393 3237 πάσης
420 3170 706 3238 συμφορᾶς
744 3168 878 3239 ἡμῖν
924 3170 1297 3242 ἐπερχομένης
1338 3170 1515 3240 λέγειν
1548 3171 1611 3224 τό
1634 3186 1649 3204 ο

63 3273 86 3306 ι
120 3255 186 3308 Ὁ
216 3252 425 3325 Κύριος
456 3252 654 3309 ἔδωκεν
672 3295 688 3321 ,
715 3258 744 3310 ὁ
770 3258 976 3330 Κύριος
1018 3259 1277 3328 ἀφείλατο
1299 3276 1313 3290 ·
1344 3259 1420 3323 ὡς
1442 3259 1519 3330 τῷ
1545 3261 1657 3314 Κυ-

63 3346 166 3418 ρίῳ
194 3346 377 3412 ἔδοξεν
401 3387 417 3414 ,
442 3345 585 3401 οὕτω
623 3348 719 3401 καὶ
754 3349 999 3418 ἐγένετο⁶
1033 3349 1121 3423 εἴη
1149 3351 1212 3404 τὸ
1238 3350 1409 3423 ὄνομα
1447 3352 1654 3422 Κυρίου

60 3437 262 3509 εὐλογη
493 3456 514 3491 ›

142 3525 345 3597 Ἐρώτ.
398 3526 533 3600 ρκζτ.
564 3528 691 3593 Πῶς
737 3547 882 3595 τινες
917 3533 977 3586 ἐν
1012 3533 1128 3596 τοῖς
1176 3532 1486 3597 θανατικοῖς
1513 3532 1652 3587 ἀπο-

61 3617 386 3689 θνήσκουσι,
425 3621 521 3673 καὶ
563 3620 827 3694 θεωροῦσι
865 3640 1021 3688 τινας
1048 3624 1347 3690 ὀπτασίας,
1388 3626 1484 3681 καὶ
1515 3625 1653 3697 μετά

59 3706 154 3760 δύο
188 3707 222 3779 ἢ
253 3711 408 3781 τρεῖς
435 3708 583 3781 ὥρας
608 3710 920 3767 ἀνίστανται
954 3713 1338 3786 διηγούμενοι;

144 3798 341 3854 Ἀπόσι.
375 3800 502 3855 Ἐπὶ
526 3801 638 3855 τῶν
667 3803 924 3858 τοιούτων
949 3805 1010 3858 οὐ
1043 3805 1266 3870 τελείως
1294 3805 1415 3859 τότε
1443 3808 1477 3878 ἡ
1501 3805 1648 3878 ψυχὴ

60 3891 289 3962 ἐξῆλθεν
321 3894 387 3945 ἐκ
422 3892 518 3947 τοῦ
547 3892 796 3965 σώματος
816 3911 831 3927 ο
863 3896 978 3950 ἀλλ’
1009 3898 1067 3951 ἐν
1094 3898 1350 3952 ἐκστάσει
1386 3898 1646 3967 γίνονται,

61 3981 170 4035 κᾶν
211 3983 345 4052 ἡμῖν
380 3982 776 4048 ἐκπνεύσαντες
820 3984 1177 4055 νομίζωνται⁸
1205 3986 1348 4058 άπερ
1389 3986 1445 4040 δὲ
1482 3987 1651 4058 ὁρῶσι

61 4074 158 4126 καὶ
205 4072 521 4144 διηγοῦνται
563 4075 804 4147 φοϐερὰ,
854 4076 992 4148 πρὸς
1029 4078 1091 4131 τὸ
1140 4080 1270 4150 ἡμῖν
1320 4078 1651 4149 συμφέρονό

60 4168 197 4231 Θεὸς
232 4169 379 4222 αὑτά
423 4168 700 4235 ὑπέδειξεν
724 4188 737 4201 ·
768 4171 879 4243 (69)
928 4172 1015 4226 ἵνα
1062 4172 1391 4244 φοϐηθέντες
1433 4172 1650 4243 διορθω-

62 4255 295 4327 σώμεθα
335 4258 597 4324 ἑαυτοὺς,
638 4260 969 4331 ἀπεχόμενοι
1022 4260 1134 4316 τῶν
1199 4260 1453 4333 πονηρῶν
1501 4261 1647 4333 πρά-

61 4349 226 4415 ξεων.

1687 1768 1738 1828 Β
1762 1787 2099 1842 commutet?

1828 1874 1997 1933 Rssr.
2038 1877 2097 1933 Si
2124 1892 2310 1951 posset
2334 1896 2402 1938 ex
2423 1884 2646 1941 homine
2668 1886 2906 1944 belluam
2928 1891 3181 1959 reddere,
3207 1907 3338 1964 pos-

1764 1974 1847 2021 set
1886 1976 1940 2023 et
1970 1985 2036 2024 ex
2070 1970 2248 2027 bellua
2286 1973 2565 2031 hominem
2613 1976 2829 2035 ellicere
2873 1972 3223 2040 rationalem.
3267 1985 3338 2040 At

1759 2072 1871 2112 non
1895 2059 1971 2113 ita
1992 2069 2105 2116 est:
2134 2063 2313 2118 absit!
2354 2062 2459 2120 Sed
2487 2069 2947 2135 quemadmodum
2966 2073 3058 2143 qui
3078 2072 3339 2130 dicuntur

1757 2148 2091 2221 Psephades,
2144 2163 2205 2208 ut
2236 2157 2366 2210 item
2409 2158 2528 2227 ipse
2572 2158 2970 2231 Antichristus,
3008 2163 3145 2221 falsa
3195 2167 3336 2221 ami-

1758 2250 1883 2298 ctus
1915 2246 2097 2313 specie
2125 2256 2389 2303 venturus
2427 2256 2533 2313 est,
2566 2265 2676 2319 qua
2703 2253 2898 2309 oculos
2929 2255 3211 2311 hominum
3241 2259 3338 2314 de-

1760 2335 1933 2399 ludat,
1966 2338 2165 2408 quibus
2194 2354 2388 2394 aurum
2429 2356 2573 2411 sape
2611 2353 2666 2397 et
2695 2354 2980 2414 argentum
3011 2356 3336 2405 ostensurus

1758 2437 1843 2484 est
1872 2430 1991 2485 :sic
2033 2432 2126 2501 qui
2172 2433 2327 2486 aiunt
2379 2449 2440 2488 se
2481 2449 2549 2487 ex
2588 2435 2811 2491 homine
2860 2438 3095 2493 belluam
3132 2438 3332 2504 facere,

1756 2522 2006 2577 videntes
2058 2524 2442 2579 tantummodo
2494 2527 2780 2598 decipiunt
2829 2550 2844 2585 :
2888 2532 3334 2602 quandoquidem

1759 2609 2033 2665 hominem
2086 2613 2154 2666 ad
2199 2614 2490 2684 imaginem
2543 2626 2598 2672 et
2659 2619 3075 2675 similitudinem
3119 2620 3214 2676 Dei
3256 2621 3337 2676 fa.

1757 2709 1905 2754 ctum
1953 2717 2063 2755 non
2111 2715 2344 2773 possunt
2374 2706 2429 2759 in
2460 2707 2679 2761 brutum
2720 2709 2922 2764 animal
2973 2722 3332 2770 commutare.

1826 2790 2049 2858 ρυλες-ι’.
2097 2794 2332 2849 CXXVI.
2373 2795 2513 2850 Num
2552 2798 2821 2865 judicium
2875 2800 2980 2855 sibi
3017 2811 3331 2868 accersunt,

1755 2884 1850 2955 qui
1890 2884 2097 2940 furtum
2126 2887 2301 2957 passi,
2330 2888 2399 2943 ad
2429 2874 2611 2945 dictos
2646 2891 3023 2949 incantatores
3059 2908 3118 2949 se
3148 2895 3336 2951 confe-

1756 2978 1930 3033 runt?

1826 3067 1989 3125 Bssr.
2034 3069 2210 3128 Grave
2252 3072 2501 3145 profecto
2541 3074 2649 3130 sibi
2701 3084 2998 3131 accersunt
3034 3076 3330 3147 judicium.

1758 3158 2036 3232 Siquidem
2073 3177 2177 3217 nos
2206 3162 2393 3218 docuit
2423 3164 2710 3234 Scriptura
2744 3166 2800 3219 in
2827 3165 3072 3235 qualibet
3101 3166 3333 3221 calami-

1753 3259 1865 3308 tate
1894 3268 2017 3322 quae
2048 3254 2206 3309 nobis
2245 3255 2465 3320 accidit,
2495 3255 2611 3310 haec
2641 3256 2847 3320 dicere,
2891 3275 2912 3307 ι
2945 3254 3209 3312 Dominus
3237 3256 3334 3312 de-

1752 3334 1850 3400 dit,
1904 3335 2170 3392 Dominus
2218 3338 2487 3393 abstulit:
2528 3339 2673 3393 sicut
2716 3336 2950 3392 Domino
2988 3338 3219 3408 placuit,
3257 3340 3333 3394 ita

1751 3424 1957 3481 factum
1982 3439 2095 3495 est;
2128 3428 2201 3483 sit
2233 3443 2433 3483 nomen
2459 3428 2679 3483 Domini
2711 3428 3060 3483 benedictum
3081 3427 3147 3483 3‘.
3181 3446 3201 3481 ι

1820 3518 2042 3584 Ουεετ.
2066 3519 2326 3575 CXXVII.
2369 3522 2618 3587 Quonam
2642 3521 2805 3575 modo
2824 3521 3164 3591 temporibus
3184 3535 3333 3575 mor-

1750 3609 1926 3667 tiferis
1964 3613 2273 3667 moriuntur
2314 3613 2577 3683 quidam,
2633 3620 2981 3682 cernuntque
3030 3613 3276 3668 visiones
3305 3654 3323 3681 ,

1750 3711 1913 3773 atque
1942 3713 2065 3774 post
2093 3704 2232 3760 duas
2253 3707 2336 3760 vel
2358 3711 2472 3760 tres
2496 3705 2663 3759 horas
2687 3711 3006 3774 resurgunt,
3035 3719 3131 3759 eas
3165 3719 3330 3760 enar-

1748 3796 1976 3851 rantes?

1820 3887 1983 3945 Resr.
2024 3888 2084 3945 In
2117 3890 2239 3947 istis
2263 3890 2446 3945 anima
2476 3906 2583 3945 non
2620 3891 2842 3959 penitus
2868 3898 3000 3945 tunc
3031 3905 3063 3945 e
3097 3902 3329 3957 corpore

1748 3983 1915 4038 exivit
1950 3984 2084 4038 :sed
2136 3984 2193 4037 in
2239 3986 2484 4039 exstasin
2540 3985 2853 4055 rapiuntur,
2904 3985 3120 4040 etiamsi
3167 3984 3329 4039 nobis

1746 4073 2039 4129 videantur
2065 4074 2399 4144 exspirasse,
2429 4089 2552 4143 qua:
2592 4086 2773 4130 autem
2800 4074 2988 4130 vident
3015 4084 3067 4129 et
3098 4080 3329 4127 narrant

1747 4166 2060 4232 metuenda,
2109 4166 2177 4220 ad
2227 4176 2472 4221 nostram
2523 4168 2811 4222 utilitatem
2858 4165 3003 4222 Deus
3050 4167 3166 4220 haec
3215 4166 3327 4221 illis

1747 4260 2025 4328 ostendit;
2067 4267 2127 4314 ut
2161 4260 2356 4314 timore
2386 4261 2626 4329 correpti
2672 4260 3042 4327 nosmetipsos
3071 4257 3328 4313 emende-

1747 4368 1891 4416 mus,
1925 4353 2408 4422 abstineamusquc
2432 4352 2501 4407 ab
2534 4353 2794 4422 operibus
2822 4354 3005 4408 malis.

134 4438 337 4511 Ἐρώτ.
374 4440 513 4513 ρκη’.
543 4442 713 4496 Πόθεν
752 4441 1103 4511 ἐπιγινώσκει
1145 4447 1179 4516 ἠ
1222 4443 1369 4516 ψυχὴ
1394 4443 1648 4508 ἀπλανῶς

1821 4443 2042 4511 Quzsr.
2089 4443 2369 4500 CXXVIII.
2418 4443 2706 4510 Quomodo
2747 4448 2931 4499 anima
2978 4444 3033 4498 in
3078 4458 3328 4499 resurre-

57 4532 117 4585 τὸ
148 4532 288 4586 ἴδιον
315 4533 476 4604 σῶμα
506 4535 565 4587 ὲν
596 4537 663 4606 τῇ
695 4535 1011 4600 ἀναστάσει,
1031 4536 1127 4589 καὶ
1146 4537 1249 4590 οὐκ
1265 4537 1345 4601 είς
1369 4536 1649 4608 ἀλλότριον

58 4623 377 4693 εἰσέρχεται
396 4639 412 4688 ;

143 4715 343 4767 Ἀπόκ.
373 4715 576 4787 Φυσικῇ
606 4714 917 4786 ἀκολουθίᾳ.
951 4715 1162 4789 Ὠσπερ
1198 4716 1309 4789 γὰρ
1351 4719 1513 4790 ἀρνία
1554 4720 1648 4790 ἀφ’

59 4806 312 4877 ἑσπέρας
334 4806 400 4858 ἐκ
430 4807 680 4878 μητέρων
710 4807 1068 4879 χωρισθέντα,
1098 4805 1237 4875 εἶτα,
1263 4812 1478 4881 πρωΐας
1509 4812 1647 4866 ἀπο-

58 4898 320 4961 λυθέντα,
346 4897 601 4961 ἀπλανῶς
627 4898 855 4952 ἕκαστον
885 4898 990 4953 ὑπὸ
1014 4900 1114 4971 τῆς
1145 4900 1360 4970 φύσεως
1384 4903 1521 4974 πρὸς
1549 4903 1648 4973 τὴν

62 4991 209 5045 ἰδίαν
241 4989 460 5060 μητέρα
502 4989 722 5061 ἔρχεται
744 5006 758 5020 ·
793 4978 1057 5044 οὕτωκαὶ
1084 4992 1177 5045 ἐπὶ
1200 4991 1308 5045 τῶν
1337 4992 1527 5063 ψυχῶν
1558 5010 1648 5048 νο-

59 5090 295 5158 ήσωμεν
319 5084 379 5136 ἐν
415 5085 483 5154 τῇ
517 5084 808 5138 ἀναστάσει
836 5084 1110 5153 γενέσθαι.

144 5176 347 5249 Ἐρώτ.
406 5178 543 5250 ρκθ¹.
613 5177 738 5231 Ἐάν
788 5195 875 5242 τις
933 5178 1155 5251 λῃστὴς,
1207 5180 1401 5234 ἑκατὸν
1454 5180 1649 5251 φόνους

60 5272 349 5342 ποιήσας,
409 5269 701 5344 κρατηθεὶς
768 5269 1176 5343 ἀποκεφαλισθῇ
1202 5310 1218 5335 ,
1285 5271 1338 5323 τί
1417 5270 1646 5343 λέγομεν

60 5366 201 5439 περὶ
224 5362 436 5430 αὐτοῦς
470 5357 615 5434 ’Δρα
637 5360 982 5434 ἠλευθερώθη
1015 5360 1125 5416 τῶν
1161 5362 1360 5429 φόνων,
1392 5355 1467 5418 ῶν
1498 5360 1649 5416 ἐποί-

61 5472 207 5527 ησεν
235 5470 254 5521 ;

126 5576 182 5610 ⁸³
223 5573 398 5631 Marc.
420 5590 505 5643 ut,
537 5574 628 5631 26.
705 5575 752 5607 ⁸⁸
785 5573 890 5631 Job
925 5590 964 5642 ι,
997 5573 1090 5631 21.

1749 4536 1932 4591 ctione
1955 4545 2106 4592 certe
2139 4552 2299 4593 suum
2330 4553 2532 4609 corpus
2563 4537 2833 4607 agnoscit,
2872 4551 2974 4591 nec
3003 4536 3059 4590 in
3086 4536 3324 4591 alienum

1750 4626 2087 4697 ingreditur?

1820 4718 1984 4790 246
2007 4717 2171 4775 Resp.
2209 4718 2457 4774 Naturali
2504 4721 2739 4774 ratione.
2778 4718 2848 4774 Ut
2891 4718 3037 4773 enim
3078 4717 3201 4788 agni
3232 4730 3326 4769 ve-

1750 4824 1909 4879 spere
1944 4825 1974 4862 a
2005 4810 2277 4865 matribus
2304 4811 2567 4880 separati,
2598 4818 2653 4864 et
2684 4824 2844 4864 mane
2873 4808 3109 4869 dimissi,
3146 4807 3197 4860 vi
3229 4822 3326 4859 na-

1749 4909 1887 4957 turae
1925 4903 2126 4974 singuli
2153 4902 2221 4957 ad
2253 4918 2407 4959 suam
2440 4910 2668 4958 matrem
2705 4909 2857 4957 certo
2884 4908 3182 4955 accurrunt
3211 4917 3223 4951 :
3249 4898 3326 4951 ita

1752 4994 1895 5047 idem
1926 4994 1982 5048 in
2013 4995 2417 5050 resurrectione
2459 4994 2750 5049 animabus
2783 4993 3031 5049 accidere
3056 4998 3142 5045 est
3167 4990 3328 5044 intel-

1748 5084 2046 5155 ligendum.

1815 5175 2041 5243 ροβε-τ.
2081 5176 2318 5233 CXXIX.
2360 5176 2420 5232 Si
2448 5178 2574 5249 quis
2611 5178 2753 5231 latro
2792 5179 2919 5246 post
2960 5177 3180 5227 centum
3218 5167 3325 5221 hoe

1748 5270 1969 5327 micidia
1996 5271 2291 5325 commissa
2327 5279 2525 5341 captus
2567 5269 2945 5330 obtruncetur,
2974 5262 3105 5334 quid
3138 5259 3205 5315 de
3230 5258 3326 5313 illo

1747 5361 2093 5418 sentiendum
2143 5359 2429 5417 est?Num
2493 5363 2563 5416 ab
2601 5360 2858 5417 omnibus
2902 5354 3145 5413 caedibus
3181 5366 3323 5427 quas

1748 5451 2101 5523 perpetravit,
2135 5450 2420 5507 absolutus
2450 5451 2570 5505 est?

117 5719 262 5806 ’(69)
330 5730 412 5789 lta
471 5730 830 5805 manuscripti
880 5730 1123 5805 quidam.
1156 5728 1306 5811 Ἠεεο
1358 5729 1429 5788 ad
1482 5727 1649 5790 ﬁnem
1682 5741 1858 5802 usque
1882 5721 2276 5801 Responsionis
2302 5719 2528 5781 deerant
2547 5716 2606 5776 in
2627 5714 2812 5776 editis.
