3852 6192
488 287 600 346 679

1640 284 1705 341 8.
1746 281 2186 341 ATHANASIUS
2246 311 2318 326 ι·-
2356 280 2624 341 SPURIK.

3646 284 3749 342 680

566 403 730 461 Resp.
772 401 948 461 Unius
972 411 1029 459 et
1071 402 1245 460 solius
1281 402 1563 459 homicidii
1592 419 1784 475 poenas
1826 404 1971 461 luit:
2003 406 2067 462 de

2256 405 2447 459 Ἀπόκ.
2492 404 2642 467 Ἑνδς
2687 403 2781 458 καὶ
2811 403 2971 473 μόνου
3003 401 3164 472 φόνου
3205 401 3379 456 ἔδωκε
3404 398 3565 470 δίνην
3589 414 3607 430 ο
3641 400 3747 455 τῶν

495 495 621 551 aliis
662 496 960 567 nonaginta
1003 511 1196 551 novem
1238 494 1551 550 homicidiis
1583 496 1850 552 rationem
1884 498 2074 555 reddet

497 589 556 645 in
621 587 811 643 futuro
863 588 1066 643 saeculo
1109 587 1242 658 (70).
1287 587 1585 643 Sciendum
1642 595 1728 644 est
1778 597 1980 656 autem,
2028 593 2075 645 si

497 682 663 738 homo
694 683 859 738 unius
894 681 1059 736 caadis
1085 697 1234 742 reus.
1262 682 1713 752 comprehensus,
1746 682 1927 752 capite
1957 684 2075 753 ple-

492 782 694 837 ctatur,
729 788 870 843 saepe
910 782 1095 827 tamen
1144 788 1251 827 non
1284 774 1430 827 omni
1466 773 1676 842 judicio
1716 789 1840 828 esse
1883 774 2071 829 libera-

491 871 615 919 tum
657 864 834 931 Quale
864 871 948 919 est
974 863 1121 935 quod
1168 864 1233 919 de
1273 871 1465 919 sancto
1495 863 1705 919 Joanne
1742 864 1984 934 Baptista
2016 873 2071 920 ct

496 954 713 1012 Herode
750 956 1007 1011 dicimus.
1041 956 1145 1022 Qui
1179 956 1227 1013 si
1257 955 1561 1010 decollatus
1591 965 1756 1019 esset,
1782 964 2071 1027 propterea

491 1048 642 1119 quod
682 1048 977 1118 Baptistam
1005 1049 1315 1112 occiderat,
1351 1064 1460 1102 non
1494 1057 1671 1103 tamen
1694 1048 1823 1118 quid
1863 1050 2072 1120 aquale

493 1149 586 1198 est
618 1143 683 1196 ad
709 1143 936 1197 salutem
963 1141 1154 1196 mundi
1177 1139 1417 1195 Joannes
1450 1148 1505 1195 et
1530 1140 1791 1197 Herodes.
1815 1140 1906 1197 llle
1926 1142 2071 1197 enim

493 1233 760 1288 salutaris
787 1240 908 1288 erat
940 1233 1108 1287 homo
1134 1250 1150 1299 ;
1177 1232 1267 1287 hic
1306 1248 1459 1296 vero,
1494 1232 1801 1287 insidiator.
1835 1232 1979 1289 Idem
2005 1233 2072 1290 de

493 1324 621 1378 aliis
654 1322 969 1387 homicidis,
1003 1332 1057 1379 et
1077 1324 1243 1393 justis
1273 1324 1409 1382 viris
1434 1326 1634 1380 occisis
1658 1325 2071 1396 intelligendum

488 1420 551 1470 et
586 1412 1000 1484 dijudicaudum
1029 1425 1133 1479 est,
1167 1415 1631 1484 quemadmodum
1665 1416 1930 1473 diximus.

559 1590 787 1658 Quass'r.
828 1591 1039 1648 CXXX.
1079 1592 1137 1648 Si
1182 1595 1307 1665 quis
1345 1596 1602 1666 princeps
1636 1597 1716 1651 ira
1763 1606 2071 1653 commotus

492 1696 610 1736 rem
647 1684 886 1753 aliquam
937 1699 1063 1738 cum
1103 1684 1465 1754 jurejurando
1507 1687 1831 1751 decreverit,
1874 1688 2072 1743 deinde

490 1782 619 1845 post
641 1774 1031 1844 jusjurandum
1060 1776 1127 1830 ad
1150 1776 1390 1846 seipsum
1415 1777 1659 1840 redierit,
1690 1777 1928 1849 factique
1952 1794 2071 1849 pm-
2103 1801 2143 1854 Β

492 1866 688 1931 niteat,
719 1881 843 1921 cum
882 1883 1077 1938 nempe
1112 1868 1359 1925 advertat
1384 1884 1443 1925 se
1485 1870 1630 1924 malo
1659 1869 1900 1940 jurasse,
1932 1873 2068 1943 quid

492 1957 602 2029 ipsi
639 1958 908 2028 agendum
940 1958 1068 2015 est?

566 2047 727 2105 Resp.
773 2047 883 2105 Deo
904 2051 1154 2106 conﬁteri
1184 2051 1362 2113 debet,
1396 2068 1661 2125 suamque
1704 2054 2070 2113 condemnare

503 2140 1052 2208 inconsiderantiam,
1081 2152 1134 2198 et
1154 2143 1525 2213 juramentum
1559 2146 1791 2201 solvere.
1822 2146 2070 2218 Namque

491 2230 693 2288 Petrus
731 2234 1014 2303 apostolus
1055 2236 1148 2303 qui
1187 2234 1422 2299 dixerat,
1461 2254 1481 2288 ι
1509 2235 1626 2291 Νοη
1660 2238 1870 2294 lavabis
1904 2239 2069 2307 pedes

490 2339 648 2381 meos
677 2325 730 2379 in
774 2333 1036 2381 aeternum
1061 2327 1151 2391 ⁸⁸⁸,
1183 2346 1202 2378 ι
1238 2328 1481 2384 rescisso
1517 2328 1624 2384 hoc
1663 2330 1809 2400 quod
1834 2331 2071 2398 dixerat,

488 2429 558 2470 ea
607 2415 676 2470 de
718 2431 887 2473 causa
920 2416 1197 2472 laudatur.
1230 2417 1474 2474 Herodes
1514 2427 1710 2474 contra
1752 2420 2070 2490 jurameuto

491 2505 839 2573 conﬁrmato,
868 2518 1087 2579 propter
1119 2517 1459 2580 amputatum
1490 2512 1850 2580 prrecursoris
1879 2523 2066 2584 caput,

491 2615 687 2672 pmnas
713 2610 948 2661 aeternas
984 2601 1107 2656 luit.
1532 2601 1541 2618 '

563 2689 783 2757 qusr.
814 2685 1049 2746 CXXXI.
1091 2689 1146 2745 Si
1182 2690 1307 2762 quis
1336 2691 1439 2748 sibi
1469 2707 1588 2749 rem
1611 2692 1850 2765 aliquam
1879 2694 2067 2749 utilem

487 2797 614 2838 esse
645 2782 963 2849 arbitretur,
1001 2782 1278 2853 quomodo
1319 2798 1439 2838 eam
1492 2798 1525 2839 a
1569 2783 1679 2840 Deo
1718 2785 1775 2840 in
1820 2786 2071 2841 oratione

496 2881 679 2944 petere
707 2873 902 2928 debet?

561 2968 725 3023 lisse.
768 2966 1236 3034 Quemadmodum
1258 2966 1512 3023 Christus
1546 2983 1649 3023 nos
1678 2984 1835 3023 orare
1859 2968 2066 3030 docuit,

492 3052 717 3129 hacque
750 3057 818 3111 ad
842 3056 1012 3112 Deum
1047 3058 1249 3123 dicere,
1292 3077 1311 3109 ι
1345 3055 1467 3111 Fiat
1507 3057 1763 3113 voluntas
1809 3067 1901 3113 tua
1934 3060 1999 3111 ⁸⁵.
2040 3078 2059 3110 ι

2168 495 2226 550 δέ
2249 495 2450 553 λοιπῶν
2477 497 2800 568 ἐνενήκοντα
2828 495 2983 549 ἐννέα
3013 497 3071 548 ἐν
3098 493 3177 565 τῷ
3205 495 3361 548 αἰῶνι
3389 492 3468 563 τῷ
3503 491 3747 562 μέλλοντι

2170 586 2592 656 ἀπολογήσεται.
2640 584 2934 639 Γινώσκειν
2978 585 3037 639 δὲ
3062 584 3169 656 χρὴ
3189 627 3204 650 ,
3252 586 3333 638 ὅτι
3367 583 3631 646 πολλάκις
3657 582 3748 638 καὶ

2168 677 2266 735 ἕνα
2300 678 2458 747 φόνον
2504 678 2738 747 ποιήσας
2769 676 3089 751 ἄνθρωπος,
3125 677 3229 730 κᾶν
3272 676 3567 750 κρατηθεὶς
3615 676 3751 730 ἀπο-

2169 769 2504 840 κεφαλισθῇ,
2542 770 2602 823 ού
2653 769 2868 832 πάντως
2918 769 3001 822 ὅτι
3043 768 3165 822 ὅλου
3194 767 3290 823 τοῦ
3337 767 3608 839 κρίματος
3654 766 3748 821 τοῦ

2170 859 2332 927 φόνου
2366 858 2756 932 ἠλευθέρωται.
2790 854 2915 913 Οἷόν
2943 877 2998 913 τι
3042 858 3272 930 λέγομεν
3305 860 3402 912 ἐπὶ
3447 859 3541 913 τοῦ
3589 859 3748 927 ἁγίου

2179 950 2428 1005 Ἰωάννου
2461 950 2554 1005 τοῦ
2582 951 2883 1005 Βαπτιστοῦ
2924 953 3019 1006 καὶ
3052 951 3289 1023 Ἡρώδου
3311 968 3326 984 ·
3360 951 3451 1006 ὅτε
3488 952 3603 1023 γὰρ
3655 950 3752 1004 καὶ

2170 1041 2582 1113 ἀπεκεφαλίσθη
2624 1042 2901 1114 Ἡρώδης,
2932 1043 3072 1115 ὑπὲρ
3102 1038 3164 1098 οὗ
3206 1042 3496 1111 ἐφόνευσεν
3523 1042 3618 1095 τὸν
3647 1043 3753 1094 Βα-

2172 1134 2424 1208 πτιστὴν,
2449 1134 2564 1188 ἀλλ’
2589 1135 2690 1189 ούκ
2720 1134 2868 1189 ἔστιν
2894 1136 3006 1189 ἴσον
3034 1135 3173 1207 πρὸς
3200 1132 3473 1206 σωτηρίαν
3516 1132 3613 1186 τοῦ
3661 1133 3753 1186 κό-

2174 1241 2311 1296 σμου
2357 1228 2611 1298 Ἰωάννης
2643 1228 2737 1281 καὶ
2776 1227 3042 1300 Ἡρώδης.
3089 1229 3150 1281 '0
3196 1229 3294 1296 μὲν
3339 1228 3449 1300 γὰρ
3481 1228 3753 1299 σωτήριος

2170 1317 2479 1391 ἄνθρωπος,
2510 1321 2539 1372 ὀ
2560 1319 2615 1373 δὲ
2641 1319 2947 1384 ἐπίϐουλος.
2986 1320 3219 1392 Ὁμοίως
3246 1319 3304 1374 δὲ
3330 1322 3423 1373 καὶ
3452 1321 3547 1373 ἐπὶ
3574 1319 3753 1375 ἄλλων

2172 1394 2415 1478 φονέων,
2442 1415 2538 1464 καὶ
2571 1411 2944 1482 φονευομένων
2976 1412 3197 1466 δικαίων
3232 1412 3475 1484 ἀνδρῶν,
3503 1413 3626 1466 ἐστὶ
3666 1427 3754 1465 νο-
3826 1396 3827 1451 Ϊ

2171 1500 2324 1575 ἧσαι,
2360 1502 2455 1554 καὶ
2476 1502 2771 1574 διακρῖναι,
2798 1501 2980 1566 καθὼς
3009 1504 3440 1575 προειρήκαμεν.

2231 1568 2446 1665 βΕρὼτ.
2498 1568 2616 1663 ρλ⁹.’
2637 1568 2764 1646 Ἐάν
2799 1611 2887 1656 τις
2916 1568 3101 1666 ἄρχων
3311 1568 3484 1664 θυμοῦ
3518 1591 3640 1663 μεθ’
3663 1592 3758 1664 δέ.»

2174 1699 2288 1737 κων
2310 1684 2420 1753 (71)
2449 1685 2659 1740 πολλῶν
2686 1685 2846 1760 ὁρίσῃ
2879 1689 3131 1759 πρᾶγμα,
3162 1680 3281 1739 εἶτα
3306 1684 3445 1756 μετὰ
3464 1685 3558 1741 τὸν
3589 1684 3755 1755 ὅρκον

2172 1773 2341 1827 ἐλθὼν
2366 1776 2446 1839 είς
2478 1777 2669 1831 ἑαυτὸν
2697 1779 3071 1851 μεταμεληθῇ,
3101 1778 3263 1848 γνοὺς
3301 1779 3384 1830 ὅτι
3419 1775 3606 1840 κακῶς
3641 1774 3757 1847 ὦρ-

2171 1883 2312 1931 κισε,
2343 1867 2396 1920 τί
2427 1868 2630 1938 ὀφείλει
2660 1869 2920 1940 ποιῆσαι;

2254 2043 2442 2098 Ἀπόκ.
2480 2045 3009 2117 Ἐξομολογήσασθαι
3037 2047 3118 2118 τῷ
3140 2046 3263 2120 Θεῷ
3291 2049 3384 2103 καὶ
3404 2046 3759 2117 καταγνῶναι

2169 2133 2268 2198 τὰς
2313 2136 2506 2190 ἐαυτοῦ
2560 2138 2892 2210 προπετείας
2918 2179 2933 2205 ,
2976 2142 3072 2194 καὶ
3110 2140 3374 2194 ἀναλῦσαι
3425 2139 3518 2193 τὸν
3565 2140 3757 2211 ὅρκον.

2170 2226 2283 2279 Καὶ
2319 2225 2428 2298 γὰρ
2469 2229 2563 2280 καί
2601 2228 2806 2301 Πέτρος
2840 2231 2870 2283 ό
2918 2230 3217 2294 ἀπόστολος
3261 2229 3451 2299 είπὼν,
3490 2231 3572 2284 ὃτι
3616 2248 3638 2282 ι
3676 2230 3757 2282 Οὐ

2173 2316 2248 2388 μή
2278 2334 2379 2387 μου
2407 2316 2579 2387 νίψεις
2602 2319 2729 2383 τοὺς
2757 2319 2926 2384 πόδας
2969 2323 3050 2386 είς
3076 2323 3166 2376 τὸν
3198 2322 3402 2376 αἰῶνα·
3440 2343 3460 2375 ι
3497 2322 3593 2375 καὶ
3626 2322 3757 2375 ἀνα-

2170 2406 2338 2472 λύσας
2359 2409 2495 2481 ὄπερ
2515 2406 3000 2477 εἷπεν,ὲπαινεῖται
3022 2415 3179 2468 τοῦτο
3211 2414 3547 2487 πεποιηκώς.
3583 2416 3766 2487 Ἠρώ-

2168 2497 2265 2569 δης
2296 2498 2384 2562 δὲ,
2424 2502 2628 2571 στήσας
2661 2502 2752 2555 τὸν
2781 2503 2974 2558 ἑαυτοῦ
3004 2506 3166 2576 ὅρκον
3188 2546 3202 2570 ,
3230 2505 3316 2559 διὰ
3347 2507 3446 2577 τὴν
3484 2505 3583 2560 τοῦ
3614 2523 3755 2578 προσ

2170 2588 2369 2661 δρόμου
2401 2591 2641 2663 κεφαλὴν
2675 2594 2757 2657 είς
2786 2594 2991 2658 αἰῶνας
3024 2590 3369 2679 κολάζεταιιξ

2255 2678 2445 2750 Ἐρώτ.
2475 2680 2610 2751 ρλα’.
2654 2682 2777 2736 Ἐάν
2804 2701 2887 2747 τις
2914 2683 3198 2757 λογίσηταί
3225 2705 3277 2740 τι
3312 2678 3546 2760 πρᾶγμα
3568 2688 3647 2753 ὡς
3671 2705 3758 2745 νο-

2172 2770 2317 2842 μίζει
2342 2773 2518 2844 ἐαυτῷ
2545 2775 2845 2846 συμφέρον,
2870 2776 2990 2840 πῶς
3015 2778 3219 2847 ὀφείλει
3248 2782 3375 2851 περ)⁵
3405 2779 3571 2835 αὐτοῦ
3597 2784 3756 2853 alti}-

2173 2864 2388 2929 σασθαι,
2416 2868 2511 2920 καὶ
2535 2866 2652 2938 Θεῷ
2688 2869 3121 2940 προσεύξασθαις

2242 2961 2433 3013 Ἀπόκ.
2468 2960 2665 3024 Καθὼς
2696 2964 2846 3032 ἡμᾶς
2888 2964 2916 3014 ὀ
2948 2963 3184 3035 Χριστὸς
3213 2963 3414 3030 ἐδίδαξε
3445 2967 3753 3038 προσεύχε-

2172 3050 2333 3117 σθαι,
2367 3052 2461 3105 καὶ
2484 3053 2663 3120 λέγειν
2695 3054 2831 3125 πρὸς
2857 3054 3020 3107 Θεόν”
3056 3073 3075 3105 ι
3114 3055 3401 3127 Γενηθήτω
3433 3057 3495 3111 τὸ
3537 3058 3753 3131 θέλημά

489 3151 626 3207 Nam
662 3160 716 3205 et
746 3150 863 3220 ipse
892 3149 1179 3213 Dominus,
1210 3150 1302 3220 qui
1336 3149 1408 3202 ita
1441 3164 1543 3204 nos
1566 3149 1866 3211 erudierat,
1905 3151 1985 3206 sic
2014 3157 2067 3206 et

2181 3161 2287 3197 σου.
2326 3164 2344 3194 ι
2388 3144 2498 3198 Καὶ¹
2523 3146 2632 3217 γὰρ
2660 3146 2820 3200 τοῦτο
2850 3147 3119 3202 παιδεύων
3143 3149 3292 3219 ἡμᾶς
3318 3150 3347 3201 ὁ
3375 3149 3578 3222 Κύριος
3608 3152 3755 3207 οὕτω

491 3243 610 3312 ipse
650 3239 866 3295 Patrem
917 3240 1263 3309 precabatur,
1314 3259 1331 3290 α
1354 3238 1473 3293 Non
1511 3254 1632 3294 mea
1666 3240 1923 3294 voluntas
1952 3241 2065 3306 liat,

492 3333 588 3388 sed
620 3340 712 3386 tua
731 3332 799 3385 ⁸⁸.
832 3351 850 3384 ι
883 3329 996 3385 Nos
1019 3338 1201 3385 autem
1237 3330 1486 3387 homines
1523 3346 1634 3386 non
1659 3347 1786 3385 raro
1817 3332 2066 3401 qumdam

491 3438 524 3476 a
557 3422 665 3477 Deo
694 3422 948 3492 petimus,
984 3436 1105 3492 quae
1144 3420 1303 3476 nobis
1337 3421 1601 3491 prodesse
1629 3424 1927 3486 credimus,
1964 3424 2065 3477 ob-

491 3521 751 3583 tentaque
775 3513 1058 3583 petitione,
1092 3511 1147 3566 id
1183 3514 1344 3568 nobis
1370 3529 1570 3585 magno
1591 3530 1713 3569 esse
1737 3514 2066 3571 detrimento

491 3602 883 3674 comperimus.
935 3601 1076 3657 Hinc
1116 3602 1404 3668 Dominus,
1454 3612 1512 3658 ut
1557 3620 1740 3659 rerum
1777 3607 2062 3676 praescius,

490 3702 711 3750 nostras
751 3710 896 3764 saepe
925 3710 1037 3750 non
1065 3696 1291 3751 exaudit
1320 3697 1616 3760 orationes.
1642 3697 1824 3767 idque,
1858 3700 1933 3754 uti
1968 3701 2067 3755 bo-

488 3801 615 3848 nus,
646 3786 703 3839 in
749 3794 1000 3841 nostrum
1032 3787 1197 3841 vertit
1237 3789 1606 3844 commodum.
1658 3790 1813 3846 Unde
1854 3802 2064 3847 rectum

488 3890 600 3930 non
626 3883 713 3932 est
752 3877 862 3930 vim
902 3876 1013 3932 Deo
1051 3878 1275 3942 inferre,
1305 3894 1430 3934 cum
1465 3880 1537 3936 ab
1579 3896 1646 3936 eo
1688 3884 1892 3953 aliquid
1928 3886 2066 3955 poti-

487 3984 634 4031 mus,
667 3968 762 4025 sed
785 3977 845 4024 ut
873 3971 1049 4025 edocti
1094 3986 1308 4035 sumus,
1341 3974 1609 4028 orandum
1642 3976 1799 4030 nobis
1827 3987 1932 4039 est,
1963 3992 2064 4031 nec

486 4061 841 4130 quaerendum
895 4072 956 4115 ut
996 4070 1206 4129 nostra,
1253 4065 1350 4120 sed
1403 4072 1465 4120 ut
1515 4065 1609 4121 Dei
1653 4068 1745 4121 liat
1786 4070 2059 4125 voluntas.

488 4151 618 4207 Vult
654 4155 799 4208 enim
825 4169 1016 4210 omnes
1046 4157 1272 4210 omnino
1301 4157 1484 4213 salvos
1518 4143 1656 4221 ﬁeri,
1688 4175 1864 4230 eaque
1905 4161 2063 4217 nobis

488 4246 714 4316 prabet,
742 4261 865 4317 qua:
894 4247 1056 4302 saluti
1089 4256 1292 4303 nostra:
1331 4250 1667 4307 conducunt.

557 4503 779 4570 Qums'r.
826 4504 1089 4560 CXXX".
1134 4506 1193 4562 Si
1233 4509 1359 4578 quis
1417 4525 1528 4565 rem
1565 4512 1878 4582 quampiam
1925 4514 2054 4569 velit
2088 4534 2129 4587 ο

484 4612 668 4667 agere,
695 4596 966 4651 undenam
991 4614 1151 4655 nosse
1176 4601 1370 4671 possit,
1397 4611 1614 4673 gratum
1641 4604 1757 4662 fore
1779 4605 1891 4662 Deo
1913 4608 2062 4678 quod

488 4687 681 4742 statuit
714 4690 906 4759 agere?

557 4776 721 4834 RESP.
764 4779 1070 4837 Paucorum
1100 4797 1260 4840 νει-(ιο
1282 4786 1563 4841 hominum
1589 4795 1696 4854 est,
1724 4789 1777 4843 in
1802 4790 2058 4846 omnibus

485 4886 609 4940 qua:
642 4886 802 4943 agere
834 4873 1163 4938 deliberant,
1220 4888 1375 4933 certo
1415 4894 1579 4934 nosse
1626 4895 1756 4934 num
1793 4880 1903 4937 Deo
1939 4884 2058 4952 pla-

482 4970 610 5018 ceat
643 4964 789 5034 quod
824 4967 1026 5037 agitur.
1060 4968 1315 5025 Attamen
1356 4986 1422 5026 ex
1452 4971 1519 5026 iis
1544 4988 1667 5042 quae
1699 4974 1970 5030 habentur
2000 4977 2056 5032 in

485 5046 1042 5126 divinis‘Scripturis,
1076 5065 1131 5113 et
1157 5075 1279 5130 quae
1307 5068 1541 5130 egerunt
1567 5066 1763 5124 sancti.
1797 5067 2057 5136 pleraque

482 5160 609 5217 quae
661 5160 765 5204 nos
801 5155 1070 5218 spectant,
1110 5165 1408 5220 possumus
1442 5154 1722 5224 conjicere
1760 5173 1893 5215 num
1945 5158 2056 5215 Deo

2169 3235 2264 3288 καὶ
2304 3235 2465 3298 αὐτὸς
2502 3237 2843 3308 προσηύχετο
2882 3238 3055 3308 λέγων
3103 3239 3182 3311 τῷ
3227 3241 3440 3313 Πατρί-
3496 3260 3515 3293 ι
3555 3243 3648 3314 Μὴ
3691 3246 3756 3297 τὸ

2168 3327 2299 3396 ἐμὸν
2329 3326 2538 3398 θέλημα
2570 3329 2831 3397 γενέσθω,
2846 3330 2982 3384 ἀλλὰ
3007 3330 3068 3384 τὸ
3102 3332 3215 3387 σόν.
3253 3353 3271 3385 ι
3310 3334 3501 3404 Ἡμεῖς
3532 3334 3591 3388 δέ
3623 3335 3756 3389 πολ-

2166 3417 2324 3481 λάκις
2355 3420 2403 3471 οί
2433 3420 2708 3490 ἄνθρωποι
2740 3422 3038 3492 αἰτούμεθά
3067 3440 3190 3478 τινα
3227 3425 3378 3496 παρὰ
3409 3425 3567 3491 Θεοῦ,
3593 3429 3755 3498 νομί-

2168 3509 2351 3574 ζοντες
2382 3510 2552 3564 ταῦτα
2593 3514 2724 3583 ἡμῖν
2755 3513 3055 3586 συμφέρειν
3078 3553 3094 3578 ,
3133 3517 3227 3568 καὶ
3251 3516 3609 3587 τυγχάνοντες
3636 3519 3753 3589 (72)

2165 3601 2259 3655 τοῦ
2285 3603 2410 3672 αἰτή
2420 3620 2585 3672 ματος
2603 3641 2617 3666 ,
2646 3603 2972 3675 εὑρίσκομεν
3005 3607 3103 3678 τὴν
3127 3606 3318 3661 τούτου
3351 3609 3572 3663 ἔκϐασιν
3606 3612 3753 3666 πάνυ

2164 3695 2313 3764 ἡμᾶς
2335 3694 2784 3766 καταϐλάψασαν.
2809 3698 2968 3752 Ὅθεν
2992 3699 3069 3763 ὡς
3094 3699 3451 3772 προγνώστης
3470 3705 3499 3756 ὁ
3518 3705 3752 3775 Κύριος,

2164 3786 2233 3840 τά
2278 3787 2408 3858 τέλη
2451 3789 2557 3841 τῶν
2603 3790 2941 3861 πραγμάτων
2995 3792 3389 3864 ἐπιστάμενος,
3443 3798 3755 3867 παρακούει

2165 3877 2426 3942 πολλάκις
2452 3880 2553 3950 τῆς
2581 3882 2888 3952 προσευχῆς
2927 3884 3086 3955 ήμῶν
3115 3886 3190 3949 ὡς
3220 3887 3423 3955 ἀγαθὸς
3443 3889 3503 3941 τὺ
3534 3890 3759 3960 συμφέ-

2169 3987 2258 4040 ρον
2279 3974 2412 4041 ἡμῖν
2440 3973 2549 4044 (73)
2581 3977 3122 4047 πραγματευόμενος.
3154 3978 3317 4032 Ὅθεν
3348 3981 3406 4032 ού
3431 3980 3595 4033 καλὸν
3630 3981 3759 4052 βιά-

2165 4061 2353 4126 ζεσθαι
2392 4066 2483 4119 τὸν
2529 4066 2660 4119 Θεὸν
2709 4070 2767 4121 ἐν
2812 4072 2926 4133 τοῖς
2964 4071 3263 4142 αἰτήμασιν
3306 4072 3491 4143 ἡμῶν,
3524 4074 3643 4127 ἀλλ’
3670 4077 3756 4141 ὡς

2165 4153 2518 4227 ἐδιδάχθημεν
2561 4157 2854 4230 εὔχεσθαι,
2898 4162 2992 4216 καὶ
3023 4162 3206 4233 ζητεῖν
3249 4165 3409 4236 μὴτὸ
3451 4166 3754 4240 ἡμέτερον.

2164 4247 2302 4301 ἀλλὰ
2321 4249 2382 4302 τὸ
2406 4250 2500 4303 τοῦ
2521 4251 2655 4304 Θεοῦ
2682 4253 2890 4323 θέλημα
2916 4256 3188 4323 γενέσθαι.
3213 4257 3367 4311 Θὲλει
3389 4258 3500 4331 γὰρ
3528 4260 3756 4325 πάντως

2165 4339 2373 4404 πάντας
2408 4342 2674 4414 σωθῆναι,
2707 4346 2801 4399 καλ¹
2831 4349 3059 4420 παρέχει
3088 4352 3219 4422 ἡμῖν
3250 4351 3319 4405 τὰ
3357 4354 3439 4416 είς
3467 4353 3756 4425 ἡμετέραν

2167 4433 2438 4503 σωτηρίαν
2468 4435 2830 4493 συντείνοντα.

2230 4523 2423 4594 Ἐρώτ.
2454 4525 2584 4597 ρλβ’.
2623 4526 2751 4581 Ἐάν
2793 4546 2878 4593 τις
2913 4529 3269 4604 βουλεύσηται
3319 4537 3555 4606 πρᾶγμα
3589 4539 3755 4609 ποιῆ-

2167 4631 2277 4678 σαι,
2310 4616 2472 4669 πόθεν
2501 4617 2706 4685 ὀφείλει
2736 4620 3060 4690 ἐπιγνῶναι,
3093 4625 3175 4677 ὃτι
3201 4625 3494 4697 θεάρεστόν
3521 4630 3694 4697 ἐστιν,
3721 4632 3754 4685 ὃ

2167 4706 2388 4777 ποιῆσαι
2418 4707 2686 4779 ἐσκέψατο
2701 4728 2717 4777 ;

2233 4802 2421 4855 Ἀπόκ.
2450 4801 2677 4871 Ὀλίγων
2722 4805 2840 4858 ἐστὶ
2868 4805 2990 4862 λίαν
3018 4809 3228 4880 ἀνδρῶν
3252 4812 3313 4864 τὸ
3340 4813 3451 4882 (74)
3479 4815 3539 4867 ἐν
3574 4818 3752 4873 πᾶσιν

2161 4890 2415 4956 ἀπλανῶς
2465 4895 2577 4956 τοῖς
2622 4894 2829 4948 ἑαυτῶν
2879 4895 3239 4969 βουλεύμασιν
3294 4904 3645 4971 ἐπίστασθαι,
3695 4912 3752 4963 εί

2162 4980 2451 5053 θεάρεστόν
2497 4987 2614 5038 ἐστι
2656 4987 2718 5040 τὸ
2754 4988 3057 5060 γινόμενον.
3105 4994 3370 5065 Μέντοιγε
3416 4998 3483 5050 ἐκ
3514 4998 3627 5052 τῶν
3683 5002 3753 5054 ἐν

2160 5075 2282 5138 ταῖς
2312 5073 2484 5140 θείαις
2511 5076 2755 5147 Γραφαίς
2798 5081 3123 5153 είρημένων,
3154 5086 3249 5139 καὶ
3288 5090 3400 5151 τοῖς
3436 5088 3616 5157 ἁγίοις
3643 5107 3752 5145 πι-
3826 5094 3827 5149 Ῐ

2164 5164 2516 5235 πραγμένων,
2540 5168 2609 5222 τὰ
2635 5169 2804 5223 πολλὰ
2829 5171 2938 5225 τῶν
2971 5174 3089 5228 καθ’
3117 5178 3264 5248 ἡμᾶς
3287 5177 3662 5252 στοχαζόμεθα
3690 5184 3748 5236 εί
3826 5196 3827 5203 ‘

439 5335 448 5363 ι
554 5301 623 5336 ’δ’
658 5299 816 5358 Joau.
852 5317 988 5369 xm,
1026 5303 1080 5360 8.
1156 5305 1202 5338 ⁸⁸
1240 5304 1428 5364 Matth.
1462 5324 1538 5375 vr,
1576 5309 1665 5366 10.
1736 5311 1785 5344 ⁸⁸
1820 5298 2063 5370 Ιιυο.ἰι

2181 5314 2269 5370 42.

704 5479 841 5566 γίᾱε
868 5484 1328 5566 Qhrysostomqiu
1357 5493 1550 5553 Matth.

482 5550 665 5671 mg!)
703 5551 781 5607 lta
818 5550 1042 5624 quidam
1093 5577 1228 5619 mss.
1255 5562 1398 5619 Editi
1428 5550 1580 5635 vero,
1611 5567 1783 5643 θυμοῦ
1818 5570 1912 5626 καὶ
1960 5570 2054 5644 ὅρ-

556 5686 670 5761 (72)
694 5688 772 5748 Ita
798 5692 931 5768 Reg.
958 5697 1015 5754 2.
1044 5698 1211 5768 Editi,
1236 5703 1668 5777 ἐντυγχάνοντες.

1901 5810 1957 5820 W
2008 5806 2010 5808 ,

2226 5499 2346 5582 τῇ)
2380 5498 2470 5582 Sic
2495 5468 3220 5582 manuscriptiquidamaln
3262 5509 3426 5567 editis
3470 5512 3612 5581 haec,
3660 5513 3745 5582 ὡς

2162 5569 2364 5650 αγαρδς
2377 5570 2455 5650 ’τὸ
2479 5575 2755 5650 συμφέρον
2777 5569 2932 5650 ἧμζν,
2963 5581 3181 5637 desunt.

2234 5639 2346 5723 ςῖξ)
2377 5638 2456 5723 Ita
2483 5638 2686 5716 Regius
2715 5647 2772 5702 2.
2799 5638 2959 5704 Ἐόὶιὶ
3002 5665 3149 5718 vero,
3201 5650 3402 5720 ὀλίγοις
3449 5654 3569 5709 ἐστὶ
3614 5653 3745 5715 λίαν

2158 5709 2368 5781 ἀνδρῶν
2389 5711 2516 5777 τῶν,
