3836 6194
120 333 216 393 GSI

1080 333 1538 403 QUESTIONES
1592 333 1682 386 AD
1721 331 2126 388 ANTIOCIIUM
2165 331 2419 387 DUCEM.

3265 333 3372 388 68?.

122 448 228 499 sisi.
269 445 541 517 θεάρεστα
571 448 704 519 (75).
737 451 846 504 Kal.
871 450 1029 504 τοῦτο
1054 451 1111 505 δέ
1143 465 1298 515 ’τινες
1337 452 1700 522 ἐπετήρησαν,

1830 447 1914 499 .int
1959 455 2199 517 accepta.
2231 446 2285 500 Id
2315 460 2446 500 vero
2487 443 2731 498 nonnulli
2773 446 3151 511 observarunt,
3205 447 3270 501 ad
3306 464 3370 501 ea

122 539 310 610 ὅτιπερ
332 539 434 591 ὅσα
463 541 597 592 εἰσὶν
622 542 956 596 εὐαπόδεκτα
975 541 1052 614 τῷ
1071 543 1212 614 Θεῷ,
1227 543 1288 596 οὐ
1317 543 1474 614 μόνον
1495 545 1523 594 6
1545 542 1695 604 Θεὸς,

121 632 256 684 ἀλλά
281 633 380 684 καὶ
406 633 608 704 πᾶσαή
641 635 817 697 κτίσις
849 636 1122 706 συνεργεῖ,
1152 635 1248 688 καὶ
1275 635 1588 704 συνέρχεται
1621 636 1700 695 είς

114 721 300 785 ,αύτάο
339 722 530 794 ῶσπερ
559 725 638 788 είς
663 724 732 778 τά
777 724 855 795 τῷ
893 726 1011 796 Θεῷ
1049 727 1434 795 ἀπαρέσκοντα
1483 725 1544 776 οὺ
1578 724 1700 776 δου-

120 813 288 878 λεύει,
325 814 462 868 ἀλλά
488 816 887 870 ἀντιτάσσεται.
924 815 1095 870 Τοῦτο
1121 816 1177 868 δὲ
1207 816 1422 879 πάντως
1452 816 1701 868 ἀπαιτεῖ-

118 924 209 958 ται
239 909 269 958 6
314 907 620 978 ἄνθρωπος,
650 908 737 960 ἵνα
777 907 912 978 πρὸς
941 906 1075 960 Θεοῦ
1113 907 1470 978 εὐαρέστησιν
1499 906 1698 972 πάντα,

117 997 221 1052 ὅσα
249 999 506 1068 πράττει,
541 997 914 1070 βουλεύσηται.

196 1086 394 1159 Ἐρώτ.
450 1087 580 1157 ρλγ’.
631 1091 1047 1160 Προειρήκαμεν
1097 1092 1155 1144 ὲν
1213 1093 1324 1154 τοῖς
1373 1089 1700 1162 ἔμπροσθεν,

119 1179 314 1250 ὅτιπερ
338 1180 417 1241 είς
440 1179 469 1232 ὂ
493 1180 966 1252 καταληφθήσεται
989 1182 1274 1254 ἄνθρωπος
1296 1185 1354 1236 ὲν
1381 1183 1462 1252 τῷ
1489 1182 1704 1252 Θανάτῳ

122 1270 314 1335 αὐτοῦ,
341 1272 418 1334 είς
441 1271 573 1324 αὐτὸ
600 1275 693 1325 καί⁸
716 1272 1035 1344 ἀπέρχεται,
1052 1274 1161 1326 εἴτε
1191 1274 1378 1345 ἀγαθῷ
1397 1276 1505 1327 εἴτε
1528 1272 1700 1344 κακῷ.

142 1363 250 1417 Εὰν
279 1358 377 1416 οὖν
408 1381 498 1426 τις
523 1363 618 1416 καὶ
646 1366 858 1436 πονηρά
887 1366 979 1418 καὶ
1027 1366 1207 1434 ἀγαθά
1252 1369 1484 1439 ποιήσας
1525 1368 1706 1419 τελευ-

123 1455 290 1528 τὴσῃ,
328 1454 382 1507 τί
410 1454 514 1526 χρὴ
546 1457 674 1527 περὶ
700 1455 865 1509 αὐτοῦ
892 1457 1202 1526 λογίζεσθαι
1233 1475 1248 1523 ;

207 1541 403 1596 Ἀπόκ.
431 1542 594 1612 Μόνῳ
626 1543 744 1614 Θεῷ
775 1544 1042 1613 ἔγνωσται
1073 1546 1234 1600 τοῦτο
1256 1564 1270 1577 ·
1305 1549 1429 1600 ἐπεὶ
1457 1545 1581 1602 οὔτε
1612 1550 1707 1601 ἀν-

129 1632 335 1705 θρώπῳ
355 1633 480 1687 οὔτε
501 1635 736 1706 ἀγγέλῳ.
763 1636 886 1689 Εἰσὶ
905 1637 1014 1709 γάρ
1043 1655 1166 1692 τινα
1197 1639 1342 1692 κακὰ
1364 1639 1707 1693 καλύπτοντα

133 1725 306 1795 μικρὰ
349 1724 560 1792 ἀγαθάο
613 1726 702 1779 καί
735 1727 842 1780 είσί
886 1745 1008 1781 τινα
1034 1729 1212 1797 ἀγαθὰ
1241 1729 1580 1784 καλύπτοντα
1613 1733 1706 1784 καὶ

1803 538 2034 606 agenda,
2081 554 2202 608 quze
2240 537 2348 592 Deo
2387 545 2514 592 sunt
2546 543 2792 606 accepta,
2830 552 2941 590 non
2993 538 3169 592 solum
3201 537 3370 594 Deum

1805 629 2085 698 adjuvare,
2128 629 2224 684 sed
2254 629 2562 683 universam
2598 628 2761 682 etiam
2788 643 3114 684 concurrere
3158 638 3212 684 et
3240 647 3370 685 con-

1803 719 2016 787 spirare
2063 727 2339 785 naturam,
2393 718 2847 788 quemadmodum
2897 719 2952 772 in
2981 719 3209 788 iislquaa
3259 720 3371 772 Deo

1803 810 2115 880 displicent,
2156 828 2263 865 non
2317 813 2562 866 serviunt
2603 813 2697 867 sed
2731 821 3055 882 repugnant.
3100 813 3157 867 Id
3190 820 3368 868 autem

1803 905 2032 959 omnino
2061 904 2131 958 ab
2152 905 2372 959 homine
2399 906 2655 974 exigitur,
2681 913 2739 958 ut
2773 921 3109 975 quacunque
3134 905 3278 976 agit,
3303 907 3368 960 ad

1804 994 1914 1050 Deo
1945 995 2265 1066 placendum
2296 996 2498 1066 agenda
2526 997 2837 1067 prospiciat.

1875 1089 2098 1154 Qumsr.
2145 1088 2428 1143 CXXXIII.
2471 1088 2658 1158 tSupra
2707 1090 2945 1146 diximus
2978 1091 3156 1162 qualis
3209 1090 3372 1144 homo

1808 1178 1862 1232 in
1902 1189 2076 1234 morte
2107 1180 2477 1248 deprehensus
2513 1178 2699 1243 fuerit,
2736 1182 2896 1234 talem
2934 1181 3216 1246 decedere,
3261 1186 3375 1237 sive

1807 1271 2007 1327 bonum
2041 1275 2154 1328 sive
2185 1273 2406 1327 malum.
2447 1271 2504 1326 Si
2534 1274 2659 1344 quis
2691 1289 2822 1343 ergo
2847 1283 2968 1344 post
2997 1283 3117 1329 aeta
3150 1283 3203 1330 et
3231 1276 3373 1330 bona

1807 1376 1861 1421 et
1890 1366 2030 1420 mala
2055 1367 2341 1431 moriatur,
2371 1365 2504 1436 quid
2524 1367 2591 1421 de
2622 1367 2716 1420 illo
2745 1367 3088 1421 sentiendum
3121 1369 3244 1424 est?

1877 1545 2034 1616 247
2068 1544 2229 1601 Resp.
2262 1545 2316 1600 Id
2342 1546 2442 1602 soli
2478 1545 2587 1601 Deo
2614 1553 2802 1601 notum
2831 1555 2949 1602 est:
2981 1561 3107 1600 nam
3131 1554 3186 1601 et
3210 1547 3374 1601 homo

1807 1643 1863 1691 et
1886 1639 2108 1708 angelus
2141 1639 2374 1708 ignorat.
2413 1638 2666 1704 Quaadam
2700 1639 2844 1693 enim
2865 1646 2992 1694 sunt
3012 1639 3153 1692 mala
3176 1639 3375 1708 quibus

1812 1744 1979 1798 parva
2020 1729 2161 1784 bona
2191 1730 2624 1785 absconduntur.
2661 1728 2923 1785 Similiter
2958 1729 3202 1801 quaedam
3247 1739 3376 1784 sunt

128 1790 486 1886 ἐξαλείφοντα
509 1817 719 1888 μεγάλα
748 1820 982 1891 πονηρά.
1012 1790 1095 1873 Τά
1139 1821 1195 1874 δὲ
1249 1823 1494 1892 κρίματα
1540 1822 1712 1876 ταῦτα

1830 1834 1956 1874 ωηο
1987 1820 2187 1890 quibus
2225 1835 2418 1891 magna
2459 1821 2599 1874 mala
2647 1790 2992 1892 obteguntur.
3009 1829 3064 1876 et
3101 1819 3372 1877 delentur.

135 1924 154 1958 ι
187 1907 433 1970 ἄϐυσσος
458 1907 644 1978 πολλή.
691 1927 710 1960 ι

212 1997 412 2071 Ἐρὼτ.
470 1999 598 2070 ρλδν.
650 1999 838 2067 Ἔδοξέ
866 2018 975 2055 τισι
1008 2003 1366 2074 ματαιόφροσι
1405 2003 1584 2072 λέγειν
1629 2003 1710 2056 ὅτι

131 2091 284 2146 οὐδὲν
312 2091 565 2162 διαφέρει
605 2091 700 2145 τοῦ
754 2094 985 2164 κτήνους
1016 2096 1045 2147 6
1083 2095 1388 2167 ἄνθρωπος,
1433 2095 1546 2148 ἀλλ’
1579 2096 1654 2159 ὡς
1681 2097 1710 2148 6

132 2185 363 2247 θάνατος
396 2183 489 2238 τοῦ
520 2186 770 2256 κτήνους,
798 2186 970 2250 οὕτως
1013 2187 1132 2240 ἐστὶ
1181 2190 1272 2242 καὶ
1304 2191 1332 2242 6
1363 2187 1587 2250 θάνατος
1619 2189 1712 2241 τοῦ

130 2273 426 2346 ἀνθρώπου
460 2274 534 2346 μὴ
562 2275 778 2346 ἔχοντός
803 2294 926 2330 τινα
971 2278 1146 2349 ψυχῆς
1186 2279 1372 2332 οὐσία»
1426 2277 1710 2333 ἀθάνατον.

128 2367 239 2419 Καὶ
270 2365 408 2436 γὰρ,
445 2368 628 2437 φησὶν,
662 2370 690 2422 6
720 2369 1004 2440 ἄνθρωπος
1047 2370 1140 2423 καὶ
1183 2370 1245 2424 16
1271 2373 1464 2442 κτῆνος
1515 2371 1715 2440 ὁμοίως

130 2457 483 2530 θνήσκουσιν,
515 2458 873 2531 ἐξερχομένου
903 2462 999 2514 καὶ
1017 2462 1341 2532 κενουμένου
1364 2461 1456 2515 106
1485 2461 1714 2531 αἵματος

130 2550 342 2604 αὐτῶν.

212 2638 408 2695 Ἀπόκ.
437 2641 543 2696 Τοῦ
580 2643 809 2714 αἵματος
859 2646 893 2716 ἡ
945 2643 1107 2713 φύσις
1139 2643 1294 2716 παρά
1328 2645 1428 2716 μὲν
1452 2649 1565 2711 τοῖς
1593 2649 1717 2702 άλό-

129 2751 251 2803 γοις
284 2734 444 2786 οὐσία
477 2733 560 2797 τίς
591 2737 707 2788 ἐστι
741 2733 970 2806 ζωτικὴ,
995 2737 1090 2790 καὶ
1131 2736 1238 2790 τῶν
1281 2736 1484 2791 λοιπῶν
1509 2740 1716 2811 τριτῶν

133 2823 420 2895 στοιχείων
447 2827 740 2898 συστατική
765 2844 779 2857 ·
839 2819 1048 2892 οὗτινος
1093 2827 1156 2880 16
1190 2826 1325 2892 ζῶον
1357 2830 1718 2902 στερούμενον

133 2914 387 2984 Θνήσκει,
420 2916 583 2988 μηδὲν
625 2915 810 2971 λοιπὸν
837 2918 903 2971 ἐκ
927 2918 1036 2971 τῶν
1063 2919 1229 2990 τριῶν
1265 2921 1540 2991 στοιχείων
1577 2922 1720 2991 ὠφε-

132 3007 424 3078 λούμενον,
455 3008 604 3079 παρὰ
635 3010 692 3063 δὲ
724 3013 790 3082 τῇ
823 3011 946 3065 καθ’
966 3013 1116 3083 ἡμᾶς
1165 3012 1325 3080 φύσει
1368 3017 1434 3085 τῇ
1465 3014 1656 3086 λογικῇ
1683 3017 1714 3085 ἡ

1813 1909 1938 1965 Haec
1983 1921 2162 1967 autem
2192 1912 2420 1980 judicia,
2459 1930 2478 1964 ι
2515 1913 2747 1982 abyssus
2777 1913 2967 1968 multa.
3008 1931 3027 1964 ι

1881 2003 2103 2068 ρυιεετ.
2145 2002 2430 2058 CXXXIV.
2480 2001 2650 2057 Vanis
2695 2004 3020 2072 quibusdam
3067 2003 3378 2061 hominibus

1812 2091 1995 2148 dicere
2034 2095 2209 2148 visum
2257 2101 2343 2148 est
2392 2093 2526 2146 nihil
2575 2094 2850 2148 hominem
2887 2095 3027 2148 inter
3056 2101 3109 2148 et
3141 2094 3379 2148 helluam

1814 2185 2100 2248 interesse,
2132 2185 2227 2239 sed
2255 2185 2432 2254 qualis
2460 2193 2543 2240 est
2564 2184 2818 2240 interitus
2837 2185 3049 2248 belluaa,
3074 2185 3236 2238 talem
3257 2199 3382 2240 esse

1814 2277 2053 2332 hominis
2080 2276 2382 2338 interitum,
2409 2277 2605 2346 quippe
2637 2277 2729 2345 qui
2765 2291 2873 2329 non
2897 2275 3093 2330 habeat
3123 2276 3381 2330 substan-

1816 2370 1945 2422 tiam
1977 2369 2172 2422 animae
2210 2369 2604 2435 immortalem;
2650 2369 2880 2433 scilicet,
2913 2369 3185 2436 inquiunt,
3220 2369 3382 2423 homo

1814 2468 1867 2516 et
1900 2462 2077 2516 bellua
2112 2460 2301 2516 eodem
2327 2461 2488 2516 modo
2529 2462 2825 2526 intereunt,
2857 2476 2982 2515 cum
3016 2462 3273 2515 nimirum
3299 2459 3382 2516 ef-

1815 2549 2036 2604 ﬂuxerit
2058 2557 2112 2604 et
2139 2558 2436 2605 evacuatus
2464 2549 2628 2605 fuerit
2657 2551 2902 2622 ipsorum
2931 2552 3177 2621 sanguis.

1819 2658 1834 2686 ε
1887 2641 2051 2697 Βεερ.
2091 2640 2324 2712 Sanguis
2359 2648 2552 2695 natura
2593 2642 2648 2696 in
2677 2642 2872 2698 belluis
2909 2644 3210 2698 substantia
3237 2657 3385 2712 quaa-

1817 2731 1943 2786 dam
1975 2731 2157 2786 vitalis
2196 2739 2250 2787 et
2295 2732 2547 2787 animalis
2575 2739 2680 2796 est,
2721 2748 2840 2802 qua:
2880 2741 3074 2788 caetera
3128 2733 3231 2787 tria
3275 2735 3388 2788 ele-

1819 2831 2002 2878 menta
2040 2823 2340 2882 contineat.
2392 2839 2502 2894 quo
2554 2826 2600 2879 si
2636 2825 2838 2878 animal
2875 2826 3140 2894 privatur,
3175 2827 3385 2890 interit,

1819 2915 2063 2986 nihilque
2086 2915 2198 2983 jam
2223 2916 2411 2969 auxilii
2443 2915 2674 2986 percipit
2703 2917 2772 2971 ab
2795 2918 2919 2973 aliis
2951 2919 3128 2973 tribus
3152 2919 3386 2974 elemen-

1820 3007 1913 3062 tis.
1946 3006 2005 3061 In
2039 3008 2198 3063 nobis
2225 3013 2427 3068 autem,
2468 3023 2702 3077 quorum
2734 3015 2929 3064 natura
2965 3011 3248 3065 rationalis
3278 3019 3384 3074 est,

131 3099 232 3153 τοῦ
262 3101 495 3171 αἵματος
517 3101 676 3170 φύσις
709 3102 1002 3175 σύνδεσμός
1025 3107 1141 3158 ἐστι
1181 3107 1280 3177 τῆς
1308 3107 1485 3179 ψυχῆς
1507 3108 1602 3162 καὶ
1624 3107 1716 3161 τοῦ

1830 3098 2106 3168 sanguinis
2133 3109 2325 3152 natura
2356 3099 2634 3154 vinculum
2666 3107 2751 3155 est
2787 3101 2981 3156 animae
3025 3110 3078 3157 et
3117 3103 3385 3172 corporis.

137 3190 418 3261 σώματος,
454 3194 548 3246 καὶ
587 3195 986 3266 ἀφαιρουμένου
1016 3196 1110 3250 τοῦ
1148 3198 1474 3270 συνδέσμου,
1506 3200 1716 3273 ἀνάγκη

138 3286 294 3337 πᾶσα
329 3285 425 3338 καὶ
456 3284 525 3338 τὰ
555 3286 909 3356 συνδεδεμένα
939 3289 1294 3358 χωρίζεσθαι.

224 3377 420 3448 Ἐρώτ.
491 3376 615 3449 ρλε’.
654 3377 884 3442 Καλῶς·
935 3381 1136 3452 φυσικὴ
1187 3381 1296 3455 γάρ
1345 3384 1378 3453 ἡ
1426 3383 1716 3449 ἀπόδειξις.

143 3471 340 3541 Ὅμως
372 3468 558 3540 ἐπειδῆ
589 3470 704 3536 ζῶα
735 3471 828 3524 καὶ
862 3469 1137 3542 ἄνθρωποι
1176 3474 1487 3538 τελευτῶσι,
1525 3476 1722 3530 πολλά-

142 3580 233 3624 κις
250 3563 346 3617 καὶ
366 3553 491 3616 ἄνευ
509 3561 792 3626 κενώσεως
820 3563 1070 3634 αἵματος,
1099 3563 1150 3616 τί
1171 3566 1286 3618 ἐστι
1309 3565 1369 3618 τὸ
1397 3567 1524 3638 παρ’
1545 3568 1724 3622 αὐτῶν

142 3653 503 3724 ὲξερχόμενον
537 3654 629 3706 καὶ
653 3653 839 3706 ποιοῦν
866 3654 957 3707 τὸν
991 3654 1254 3720 θάνατον;

227 3745 418 3800 Ἀπόκ.
451 3747 608 3818 Παρᾶ
641 3747 737 3817 μὲν
763 3750 874 3811 τοῖς
904 3747 1122 3816 ἀλόγοις
1145 3751 1178 3819 ὴ
1209 3746 1434 3820 ζωτικὴ,
1472 3751 1566 3803 καὶ
1599 3749 1724 3822 θρε-

144 3836 338 3908 πτικὴ,
362 3839 455 3891 καὶ
485 3837 841 3910 θερμαντικὴ,
875 3841 970 3893 καὶ
1013 3840 1286 3911 κινητικὴ,
1324 3842 1420 3894 καὶ
1459 3841 1723 3915 αὐξητικὴ

141 3927 238 3982 τοῦ
270 3929 521 4000 αἵματος,
553 3933 586 4001 ή
620 3931 684 3984 ἐκ
708 3930 879 4002 πυρός
903 3930 1135 4003 ὑπάρχει
1160 3931 1427 4003 ἐνέργεια,
1463 3934 1495 4004 ἡ
1526 3934 1619 3986 καὶ
1663 3935 1726 3986 τὸ

143 4023 407 4075 ἀναπνεῖν
433 4021 614 4085 αὐτοῖς
632 4022 964 4094 παρέχουσα.
987 4023 1199 4093 Ὠσπερ
1221 4024 1330 4094 γὰρ
1357 4025 1386 4076 6
1429 4023 1592 4094 λέϐης
1621 4025 1726 4078 ὑπὸ

144 4114 321 4186 πυρὸς
343 4113 631 4186 καιόμενος
660 4113 720 4166 τὸ
751 4115 808 4166 ἐν
831 4113 978 4185 αὐτῷ
1012 4113 1157 4184 ὕδωρ
1187 4117 1327 4166 κινεῖ
1363 4114 1458 4168 καὶ
1499 4115 1686 4186 βράζει
1707 4133 1720 4146 ·

147 4207 459 4277 παυομένου
493 4207 548 4259 δὲ
571 4207 664 4260 τοῦ
699 4208 888 4279 πυρὸς,
907 4207 1096 4278 νεκρὸν
1120 4206 1304 4261 λοιπὸν
1324 4209 1417 4261 καὶ
1449 4209 1723 4281 ἀκίνητον,

147 4299 242 4351 καὶ
261 4297 470 4368 ψυχρὸν
500 4297 561 4350 16
594 4297 736 4370 ὕδωρ
764 4298 1000 4366 γίνεται·
1038 4297 1180 4352 οὕτω
1209 4298 1302 4352 καὶ
1351 4299 1444 4352 ἐπὶ
1493 4299 1593 4368 τῆς
1616 4300 1724 4354 τῶν

146 4390 362 4459 ἀλόγων
391 4389 605 4458 φύσεως
632 4390 726 4444 καὶ
749 4391 849 4461 τῆς
868 4388 1069 4453 ζέσεως
1095 4389 1189 4443 τοῦ
1219 4390 1448 4461 αἵματος
1477 4391 1721 4460 γίνεσθαι

146 4480 361 4553 νόμιζε,
394 4482 488 4535 καὶ
508 4481 711 4552 ταύτην
732 4477 870 4535 εἶναι
897 4481 994 4552 τὴν
1014 4482 1194 4536 αἰτίαν
1220 4485 1318 4554 τῆς
1355 4483 1534 4536 αὐτῶν
1579 4484 1722 4555 ζωῆς

147 4574 245 4626 καὶ
280 4573 569 4642 κινήσεως.
599 4570 1039 4637 Ἐξασθενοῦντος
1071 4568 1164 4624 οὖν
1214 4573 1307 4625 τοῦ
1351 4574 1600 4644 αἵματος,
1637 4591 1724 4627 νε-

147 4663 281 4734 κρὸν
308 4662 494 4715 λοιπὸν
525 4663 616 4714 καὶ
637 4661 889 4732 ἀκίνητον
927 4663 989 4715 16
1022 4663 1272 4734 κτῆνοςῆ
1305 4663 1366 4716 16
1387 4666 1648 4729 πετεινον,
1689 4666 1722 4736 ἢ

145 4759 175 4809 6
207 4755 362 4826 ἰχθὺς
396 4754 740 4809 καθίσταται.
794 4753 918 4807 Ἐπὶ
937 4755 995 4808 δὲ
1015 4755 1114 4825 τῆς
1129 4755 1478 4826 ἀνθρωπίνης
1512 4755 1728 4826 φύσεως

146 4849 209 4902 οὐ
237 4848 401 4918 μόνον
435 4848 469 4918 ἡ
492 4846 642 4911 gest;
679 4847 772 4900 καὶ
794 4849 828 4916 ἡ
862 4845 1040 4917 θέρμη
1067 4845 1161 4898 τοῦ
1185 4846 1417 4915 αἵματος
1443 4845 1520 4916 τῷ
1551 4846 1728 4918 καιρῷ

147 4939 244 4993 τοῦ
277 4937 510 4992 θανάτου
550 4936 892 5008 χωρίζονται,
926 4935 1061 4990 ἀλλά
1103 4937 1198 5000 σὺν
1232 4936 1414 5000 αὐτοῖς
1460 4937 1555 4989 καὶ
1579 4937 1722 5007 ψυχή

147 5047 234 5093 τις
255 5029 449 5101 λογική
473 5045 531 5080 τε
559 5028 653 5082 καὶ
675 5025 992 5097 συστατικὴ,
1027 5024 1293 5088 ἀθάνατός
1319 5042 1380 5078 τε
1411 5027 1505 5080 καὶ
1542 5027 1722 5096 νοερά.

233 5119 431 5190 Ἐρῶτ.
467 5119 608 5190 ρλς’.
639 5119 776 5182 Τοὺς
804 5112 882 5188 τῷ
910 5116 1228 5186 Εὑαγγελίῳ
1258 5116 1330 5188 μὴ
1372 5115 1728 5180 πιστεύοντας

150 5213 444 5283 Ἕλληνας,
479 5211 574 5264 καὶ
601 5210 696 5273 τὰς
715 5210 865 5272 θείας
895 5208 1074 5273 πάσας
1101 5208 1322 5278 Γραφάς
1341 5205 1726 5270 εὐτελίζοντας,

148 5307 270 5368 πῶς
303 5301 504 5365 ἀὐτοὺς
518 5304 702 5354 πεῖσαι
733 5294 1040 5370 ὀφείλομεν,
1073 5299 1154 5353 ὅτι
1177 5297 1292 5351 ἐστι
1318 5297 1436 5362 θεὸς
1453 5296 1727 5361 άκτιστος,

146 5397 386 5468 ποιητὴς
416 5393 645 5466 ούρανοῦ
680 5393 775 5448 καὶ
801 5394 926 5464 γῆς,
959 5385 1040 5454 εἷς
1057 5393 1154 5444 καὶ
1186 5391 1366 5461 μόνος,
1391 5389 1483 5442 καὶ
1508 5388 1570 5442 οὐ
1599 5386 1731 5441 πολ-

146 5487 228 5541 λοὶ
261 5485 396 5547 θεοὶ,
427 5484 503 5548 ὡς
534 5485 690 5538 αὐτοὶ
711 5482 1054 5554 πλανώμενοι
1077 5481 1419 5552 νομίζουσιν;

231 5579 426 5632 Ἀπόκ.
457 5579 594 5642 T06;
617 5576 715 5641 τὰς
735 5575 884 5640 θείας
916 5574 1138 5648 Γραφὰς
1183 5575 1258 5646 μὴ
1305 5572 1628 5644 δεχομένους
1669 5570 1728 5638 ἐξ

1821 3206 1930 3260 quo
1964 3191 2230 3246 dissoluto
2258 3192 2498 3257 vinculo,
2533 3207 2760 3248 necesse
2798 3200 2883 3248 est
2925 3209 2989 3248 ea
3042 3209 3164 3264 quae
3199 3195 3387 3265 juncta

1821 3291 1951 3338 sunt
1975 3283 2237 3353 separari.

1891 3372 2116 3440 Qums'r.
2155 3371 2414 3429 CXXXV.
2451 3371 2617 3429 Recte
2651 3392 2664 3428 :
2700 3373 2815 3430 haec
2851 3375 2997 3430 enim
3022 3377 3269 3447 .physica
3298 3377 3388 3432 de-

1822 3466 2146 3522 monstratio
2176 3475 2280 3521 est.
2313 3465 2566 3520 Attamen
2604 3481 2728 3519 cum
2771 3466 3025 3521 animalia
3059 3476 3113 3522 et
3145 3468 3389 3524 homines

1824 3573 1967 3628 saepe
1999 3559 2267 3613 intereant
2297 3557 2504 3626 absque
2534 3557 2817 3627 sanguinis
2845 3557 3129 3624 effusione,
3159 3559 3290 3628 quid
3311 3569 3389 3616 est

1823 3649 1970 3721 quod
2001 3649 2071 3703 ab
2101 3649 2210 3704 illis
2240 3648 2352 3702 exit
2381 3657 2435 3702 et
2465 3649 2658 3704 mortis
2692 3663 2858 3703 causa
2887 3649 3009 3704 est?

1895 3741 2058 3795 Βεειι.
2099 3739 2158 3794 In
2193 3739 2390 3807 brutis,
2418 3739 2646 3794 facultas
2694 3741 2896 3803 vitalis,
2933 3741 3216 3806 nutritiva,
3248 3742 3390 3797 calo—

1824 3836 1922 3900 ris,
1961 3841 2162 3896 motus,
2201 3833 2500 3903 augmenti,
2537 3848 2658 3902 quae
2703 3833 2756 3886 in
2797 3833 3063 3903 sanguine
3092 3841 3197 3897 est,
3245 3851 3390 3904 quae-

1823 3940 1930 3995 que
1957 3940 2021 3979 ex
2069 3923 2192 3992 igne
2223 3924 2331 3977 vim
2375 3923 2568 3992 agendi
2603 3923 2786 3987 habet,
2833 3939 2952 3993 qua:
2987 3932 3043 3979 et
3074 3940 3240 3980 causa
3287 3926 3392 3980 illis

1824 4026 1907 4073 est
1932 4015 2261 4087 respirandi.
2295 4013 2365 4068 Ut
2388 4015 2532 4070 enim
2567 4008 2713 4070 lebes
2737 4017 2857 4085 igne
2879 4030 3140 4071 accensus
3174 4033 3392 4086 aquam,

1825 4124 1986 4180 quam
2013 4108 2276 4170 continet,
2307 4114 2486 4160 movet
2527 4104 2602 4158 ita
2639 4113 2699 4158 ut
2731 4105 2940 4165 bulliat,
2991 4106 3264 4160 exstincto
3301 4121 3392 4160 au-

1826 4209 1935 4254 tem
1969 4200 2112 4270 igne,
2150 4205 2365 4252 mortua
2399 4196 2533 4265 jam,
2565 4196 2787 4249 immota
2813 4202 2867 4249 et
2902 4195 3098 4266 frigida
3134 4198 3193 4250 tit
3231 4212 3392 4266 aqua.

1826 4291 1969 4346 Idem
2001 4291 2178 4361 cogita
2225 4289 2293 4344 de
2346 4287 2627 4343 brutarum
2685 4288 3042 4341 animantium
3090 4295 3284 4340 natura
3339 4297 3392 4342 et

1829 4384 2111 4453 sanguinis
2142 4381 2370 4443 fervore,
2404 4381 2652 4449 hancque
2679 4395 2800 4435 esse
2825 4394 3046 4433 causam
3081 4394 3270 4434 eorum
3305 4380 3392 4433 vi-

1827 4485 1894 4531 ta:
1916 4484 1969 4530 et
1998 4484 2196 4530 motus.
2235 4473 2530 4528 Deﬁciente
2554 4474 2720 4544 igitur
2746 4471 3010 4542 sanguine
3040 4481 3254 4525 mortua
3277 4487 3393 4525 ma—

1826 4575 1958 4622 nent
1995 4581 2214 4636 pecora,
2237 4565 2490 4619 volucres
2523 4571 2577 4619 et
2603 4565 2802 4634 pisces.
2838 4564 2906 4615 At
2933 4562 3078 4632 quod
3103 4563 3394 4617 humanam

1828 4664 2038 4728 spectat
2076 4664 2351 4718 naturam,
2399 4670 2508 4708 non
2553 4654 2730 4709 solum
2769 4651 2951 4707 fervor
2977 4660 3031 4706 et
3075 4652 3226 4706 calor
3275 4666 3392 4706 san-

1828 4749 2030 4820 guinis,
2067 4748 2259 4803 mortis
2293 4754 2557 4816 tempore,
2604 4751 2966 4816 separantur;
3013 4744 3106 4800 sed
3136 4753 3395 4816 praeterea

1829 4841 2115 4894 rationalis
2156 4838 2404 4908 quaedam
2447 4837 2627 4893 anima
2665 4844 2720 4893 et
2751 4837 3127 4902 constitutiva,
3175 4837 3393 4892 immor-

1831 4931 1959 4988 talis
1987 4939 2040 4985 et
2074 4930 2401 5000 intelligens.

1904 5105 2124 5173 Οωεετ.
2151 5102 2434 5158 CXXXVI.
2461 5101 2744 5168 Quomodo
2764 5101 3078 5171 gentilibus,
3107 5103 3201 5171 qui
3227 5101 3392 5156 Evan-

1835 5200 1975 5270 gelio
1995 5213 2103 5252 non
2130 5197 2357 5251 credunt
2386 5194 2707 5262 divinasque
2727 5209 2916 5248 omnes
2940 5191 3247 5270 Scripturas
3271 5192 3396 5246 ﬂor-

1836 5289 2121 5353 cifaciunt,
2155 5288 2329 5359 possit
2367 5285 2683 5356 persuaderi
2727 5283 2896 5340 Deum
2929 5265 3398 5350 esséincreatum,

1832 5383 1957 5438 coeli
1985 5389 2040 5438 et
2068 5389 2232 5435 terrae.
2260 5377 2533 5448 opificem,
2561 5392 2728 5432 unum
2755 5385 2808 5432 et
2831 5377 3034 5442 solum,
3063 5391 3173 5431 non
3202 5376 3397 5430 multos

1833 5475 1988 5539 deos,
2020 5481 2082 5528 ut
2109 5481 2355 5527 errantes
2384 5468 2490 5538 ipsi
2520 5467 2897 5523 arbitrantur?

1904 5566 2068 5622 Resp.
2105 5563 2210 5620 Eos
2239 5560 2334 5635 qui
2366 5559 2582 5617 divinas
2615 5573 2725 5614 non
2747 5558 3039 5615 admittunt
3071 5555 3385 5627 Scripturas

220 5734 338 5806 (75)
375 5732 470 5790 Sic
499 5732 719 5803 quidam
746 5748 879 5788 mss.
910 5731 1052 5786 Editi
1080 5745 1233 5792 vero,
1261 5729 1421 5794 θείως
1449 5724 1587 5784 εἶναι
1613 5725 1902 5798 θεάρεστα.

473 5830 749 5894 Ρηιιοι.
779 5829 902 5891 Gn.
929 5826 1232 5891 XXVIII.

3052 5807 3131 5866 22
