3836 6194
472 320 577 375 685

1526 315 1605 384 με.
1644 313 2108 372 ATHA'NASIUS.
2147 346 2217 357 —
2252 316 2563 374 SPURIAL

3609 320 3721 377 684

471 449 540 489 ex
573 433 691 500 ipsa
720 444 902 487 rerum
929 435 1147 494 natura,
1182 428 1314 499 quid
1340 427 1409 483 de
1439 427 1550 483 Deo
1591 429 1935 484 sentiendum
1965 429 2032 483 sit

2140 430 2307 502 αὐτῆς
2324 432 2508 485 λοιπὸν
2533 431 2633 503 τῆς
2661 432 2769 488 τῶν
2802 434 3142 505 πραγμάτων
3182 431 3396 503 φύσεως
3443 431 3570 504 περὶ
3594 430 3720 485 θεο-

395 547 419 579 ο
472 525 671 579 docere
707 521 990 577 debemus.
1034 519 1170 575 Nam
1201 520 1344 576 inter
1375 535 1465 575 res
1495 528 1730 585 creatas,
1776 520 2043 591 quasdam
2091 588 2098 600 .

472 617 721 672 videmus
776 614 1066 678 essentias,
1110 628 1231 683 quae
1266 628 1375 667 non
1420 613 1719 668 secundum
1762 620 2039 677 naturam,

472 710 569 766 sed
591 724 756 779 supra
783 715 1032 762 naturam
1054 706 1256 776 pariter
1274 706 1564 761 exsistunt.
1583 704 1828 774 Exempli
1854 720 2040 759 causa.

470 806 751 873 Aquarum
778 800 1016 855 essentia
1046 806 1240 852 natura
1263 806 1347 852 est
1370 796 1513 851 ﬂuxa
1538 804 1593 853 et
1622 797 1848 853 declivis
1873 815 1885 851 :
1911 812 2045 867 quo-

472 894 633 948 modo
662 908 789 962 ergo
812 892 1072 961 siphonas
1098 889 1214 960 (sic
1230 888 1464 959 vocant)
1514 889 1762 943 videmus
1800 904 1866 944 ex
1893 903 2043 941 mare

470 1000 666 1055 aquam
698 984 765 1037 ad
797 983 970 1038 nubes
1002 980 1305 1036 attrahere!
1341 980 1495 1046 Quod
1528 988 1708 1035 autem
1749 979 2042 1033 admirabi-

470 1076 578 1131 lius
603 1083 708 1139 est,
741 1090 862 1145 qua:
886 1075 1031 1128 salsa
1062 1072 1382 1135 ascendunt,
1414 1072 1592 1125 dulcia
1632 1079 1821 1140 postea
1852 1070 1908 1124 in
1931 1077 2042 1124 ter-

471 1183 587 1222 ram
618 1182 710 1236 per
734 1166 934 1221 imbres
968 1164 1341 1220 descendunt?
1383 1161 1664 1228 Quomodo
1692 1178 1885 1217 rursus
1913 1176 2037 1215 cum

469 1273 758 1329 corporum
819 1257 1011 1327 possit,
1060 1255 1237 1309 bolide
1282 1253 1448 1322 jacta,
1499 1263 1694 1307 natura
1744 1252 2035 1321 explorari,

470 1350 525 1403 in
559 1349 719 1403 undis
759 1347 1093 1401 Marmaricae
1120 1344 1475 1414 Pentapoleos
1518 1359 1618 1399 nec
1659 1343 1929 1412 penetrari
1969 1342 2036 1396 ad

469 1444 663 1505 imum,
702 1455 804 1494 nec
856 1439 1035 1494 bolide
1086 1445 1264 1508 potest
1314 1435 1666 1505 investigari?
1703 1434 1843 1500 Quin
1872 1435 2036 1488 etiam

467 1549 592 1588 cum
633 1547 775 1601 aqua
804 1541 859 1586 et
892 1531 1033 1600 ignis
1062 1530 1338 1584 contraria
1371 1530 1480 1582 sint
1508 1536 1724 1592 natura,
1761 1527 1923 1580 simul
1951 1534 2033 1579 ta-

467 1640 591 1679 men
619 1624 849 1678 invicem
871 1628 1025 1677 erant
1046 1623 1100 1675 in
1130 1620 1304 1691 Lycia:
1326 1626 1529 1682 monte,
1557 1634 1717 1687 quem
1744 1616 2033 1688 Olympum

465 1724 683 1780 vocant,
716 1715 1172 1784 quemadmodum
1206 1711 1630 1766 innumerabiles
1660 1710 1909 1764 viderunt
1938 1710 2036 1763 ho-

2144 525 2328 593 λογίας
2356 527 2540 579 πεῖσαι
2562 525 2868 597 ὀφείλομεν.
2913 528 3159 599 Ὀρῶμεν
3188 525 3297 597 γάρ
3335 541 3485 588 τινας
3526 525 3717 588 οὐσίας

2145 619 2201 670 ὲν
2232 618 2297 686 τῇ
2328 617 2505 670 κτίσει
2542 618 2602 670 οὐ
2656 618 2795 672 κατὰ
2835 619 3015 687 φύσιν,
3065 619 3178 673 ἀλλ’
3226 617 3368 686 ὑπὲρ
3401 615 3562 686 φύσιν
3593 618 3716 686 μετ’

2143 709 2386 780 ἀλλήλων
2418 710 2787 782 ὑπαρχούσας.
2826 710 2951 765 υἷόν
2995 730 3045 765 τι
3098 712 3264 778 λέγω.
3312 708 3475 762 Φύσει
3523 710 3557 779 ἡ
3604 709 3717 762 τῶν

2143 802 2350 855 ὑδάτων
2400 802 2558 856 οὐσία
2608 804 2864 875 ῥευστικὴ
2935 804 3028 856 καὶ
3075 801 3388 873 καταφερὴς
3440 801 3712 872 ὑπάρχειο

2142 892 2259 955 πῶς
2289 887 2379 945 οὖν
2406 892 2618 965 ὁρῶμεν
2642 896 2765 958 τοὺς
2790 895 3110 965 λεγομένους
3139 894 3376 962 σίφωνας
3402 894 3466 946 ὲκ
3488 893 3587 963 τῆς
3618 892 3719 946 θα-

2140 982 2344 1054 λάσσης
2376 982 2520 1054 ὕδωρ
2550 983 2648 1047 τὰς
2672 984 2900 1054 νεφέλας
2921 984 3243 1047 ἀνέλκοντας
3269 1000 3283 1049 ;
3319 983 3391 1035 Τὸ
3411 983 3470 1036 δὲ
3501 982 3718 1052 θαυμαο

2142 1078 2413 1147 στότερον,
2442 1077 2544 1141 ὅτι,
2604 1077 2821 1149 ἁλμυρά
2860 1078 3239 1149 ἀνερχόμενα,
3286 1076 3490 1144 γλυκέα
3526 1074 3713 1127 λοιπὸν

2138 1168 2310 1222 ταῦτα
2338 1168 2430 1220 ἐπὶ
2457 1168 2559 1237 γῆς
2578 1167 2666 1221 διὰ
2696 1168 2804 1221 τῶν
2832 1168 3052 1240 ὄμϐρων
3080 1169 3454 1238 κατέρχονται.
3486 1165 3612 1229 Πῶς
3653 1165 3716 1219 δὲ

2138 1258 2298 1313 πάλιν
2326 1259 2421 1312 καὶ
2451 1260 2485 1329 ἡ
2528 1259 2637 1313 τῶν
2667 1260 2931 1331 σωμάτων
2952 1260 3205 1331 ίὺξάτων]
3233 1259 3411 1327 φύσις,
3434 1256 3712 1328 βολιστικὴ

2138 1351 2280 1406 κατὰ
2310 1351 2471 1421 φύσιν
2500 1353 2840 1422 ὑπάρχουσα,
2862 1354 3075 1422 ὁρᾶται,
3105 1352 3295 1413 άδυτος
3314 1351 3405 1404 καὶ
3429 1349 3715 1412 ἀδόλιστος

2136 1446 2194 1497 ὲν
2219 1445 2329 1507 τοῖς
2359 1443 2513 1496 ὕδασι
2543 1444 2643 1513 τῆς
2673 1444 3043 1514 Μαρμαρικῆς
3064 1443 3479 1506 Πενταπό).εως;
3511 1442 3585 1494 Οὐ
3612 1441 3715 1511 p.6-

2135 1552 2224 1590 vov
2251 1536 2329 1599 δὲ,
2354 1534 2490 1588 ἀλλὰ
2511 1534 2619 1605 γὰρ
2642 1534 2740 1587 καὶ
2763 1534 2953 1598 ὓδατος
2985 1535 3079 1589 καὶ
3103 1535 3271 1605 πυρὸς
3294 1533 3507 1587 ἐναντία
3538 1534 3570 1603 ἡ
3602 1531 3692 1601 cpti-

2137 1646 2219 1691 σις
2242 1628 2579 1700 ὑπάρχουσα,
2606 1629 2664 1681 ὲν
2694 1626 2771 1698 τῷ
2795 1628 2910 1698 ἅμα
2939 1623 3027 1696 ἦν,
3058 1628 3147 1680 ὅτε
3190 1628 3249 1680 ὲν
3279 1626 3451 1697 Λυκίᾳ
3482 1625 3559 1695 τῷ
3591 1624 3713 1695 ὄρει

2134 1721 2212 1791 τῷ
2235 1721 2509 1790 λεγομένῳ
2547 1719 2823 1789 Ὀλύμπῳ,
2861 1717 3045 1780 καθὼς
3073 1716 3330 1788 μυριάδες
3357 1714 3564 1783 ἀνδρῶν
3608 1714 3715 1766 ἐω-

466 1809 680 1863 mines?
701 1807 913 1862 Inﬁnita
931 1807 1034 1860 alia
1062 1813 1187 1861 sunt
1212 1804 1297 1858 his
1318 1802 1515 1858 similia
1546 1802 1601 1855 in
1626 1817 1805 1856 rerum
1838 1808 2032 1854 natura

2141 1780 2336 1883 ράκασι
2357 1780 2377 1876 ;'
2403 1780 2513 1865 Kal.
2543 1780 2688 1865 ἄλλα·
2708 1810 2763 1863 δὲ
2775 1780 2958 1880 ,μυρία
2989 1780 3197 1869 τούτοις
3222 1806 3381 1876 ὃμοια
3415 1780 3506 1856 κάι
3530 1802 3718 1874 παρά-

459 1916 584 1972 qua!
614 1898 857 1955 videmus
884 1905 939 1953 et
984 1896 1318 1951 admiramur
1351 1915 1364 1949 :
1396 1910 1517 1964 quae
1551 1909 1683 1949 sane
1719 1894 1901 1947 omnia
1940 1909 2033 1949 su-

464 2008 561 2063 pra
583 1999 832 2046 naturam
861 2006 968 2045 non
998 1990 1071 2043 ita
1099 1996 1319 2059 possent
1352 1986 1501 2048 ﬁeri,
1535 1987 1639 2040 nisi
1672 1993 1822 2041 esset
1853 1986 2033 2055 aliqua

468 2083 562 2137 Dei
606 2089 821 2144 natura,
858 2094 978 2149 qua:
1010 2079 1159 2132 hisce
1192 2074 1587 2139 dominaretur,
1632 2075 2034 2141 imperaretque

464 2174 695 2227 invicem
727 2186 836 2225 non
885 2169 1180 2224 adversari.
1235 2164 1520 2233 Quomodo
1575 2179 1801 2230 rursus,
1848 2155 2037 2216 dicant

466 2265 626 2320 nobis
660 2263 913 2333 gentiles,
942 2261 1121 2316 valido
1158 2259 1297 2313 I‘acto
1324 2258 1549 2316 tonitru,
1574 2256 1829 2309 universa
1859 2253 2034 2306 homi-

465 2372 597 2411 num
636 2364 831 2410 natura
870 2353 1089 2415 tremit,
1153 2349 1439 2412 horrescit,
1482 2345 1856 2415 obstupescit?
1901 2344 2032 2410 Qui-

466 2448 568 2504 bus
603 2447 790 2517 utique
815 2444 1032 2500 indiciis
1058 2443 1297 2498 ostendit
1346 2456 1405 2495 se
1439 2440 1515 2492 illi
1551 2438 1750 2507 subjici
1778 2436 2029 2501 Domino,

463 2543 558 2613 qui
586 2535 811 2596 tonitrui
844 2546 929 2593 est
958 2548 1163 2614 auctor.
1201 2534 1266 2588 Et
1297 2535 1410 2588 haec
1444 2530 1661 2602 quidem
1692 2540 1819 2585 sunt
1846 2545 2033 2585 exem-

462 2635 573 2702 pla,
593 2631 791 2701 quibus
811 2628 907 2683 Dei
923 2627 1290 2698 cognitionem
1314 2622 1495 2677 doceri
1520 2622 1730 2691 possint
1750 2620 2031 2690 gentilium

460 2723 838 2793 simpliciores.
876 2717 1009 2772 Nam
1036 2725 1164 2772 ante
1194 2717 1343 2784 ipsos
1363 2728 1550 2769 eorum
1581 2712 1877 2781 sapientes,
1910 2710 2033 2779 qui-

458 2816 584 2871 dam
631 2813 906 2884 sapientes
961 2809 1191 2880 gentiles
1241 2818 1309 2861 c1
1353 2802 1595 2873 antiquis
1646 2802 2031 2872 praestantibus

463 2903 821 2976 philosOphis,
854 2900 1025 2956 multa
1059 2898 1127 2954 de
1165 2896 1257 2952 Dei
1297 2896 1446 2951 cultu
1490 2893 1808 2949 testimonia
1844 2901 2034 2962 protu-

462 2999 572 3053 lere
605 3015 619 3050 :
656 2994 789 3065 quin
812 2994 973 3047 etiam
995 2991 1168 3061 ipsam
1191 2988 1392 3043 Christi
1416 2986 1777 3041 mconomiam
1800 2983 2033 3037 obscure

459 3086 973 3161 praesigniﬁcarunt.
1008 3081 1098 3136 Sic
1123 3081 1289 3151 igitur
1320 3079 1538 3150 quidam
1564 3076 1781 3131 illorum
1814 3076 2031 3145 sapiens

458 3180 646 3235 multis
671 3184 796 3232 ante
821 3175 1025 3229 Christi
1055 3172 1343 3227 adventum
1377 3168 1541 3241 248
1564 3168 1722 3223 annis
1753 3166 1916 3221 verba
1950 3164 2028 3219 fa-

459 3273 536 3326 cit
578 3289 591 3325 :
633 3269 820 3323 Puella
852 3265 1033 3321 veniet
1056 3278 1176 3334 qua:
1202 3263 1482 3317 cmlestcm
1512 3258 1669 3313 nobis
1699 3257 1912 3314 editura
1943 3264 2028 3312 est

460 3375 695 3433 partum.
725 3360 880 3413 Alius
901 3359 1028 3412 item
1055 3356 1135 3412 sic
1161 3354 1400 3425 loquitur
1428 3371 1441 3406 :
1470 3351 1710 3407 Tandem
1734 3350 2028 3421 aliquando

461 3454 604 3507 Deus
637 3454 691 3506 in
722 3448 1041 3505 multiﬁdam
1074 3448 1213 3501 hanc
1242 3455 1442 3501 terram
1472 3444 1787 3508 descendet,
1822 3452 1877 3499 et
1909 3443 2027 3498 sine

462 3545 581 3613 labe
605 3541 695 3596 ﬁet
719 3554 847 3595 caro
876 3557 890 3593 :
919 3546 978 3592 ut
1000 3538 1314 3602 damnatus,
1337 3535 1591 3607 pendebit
1615 3536 1672 3590 in
1697 3536 1865 3606 ligno,
1890 3548 2026 3588 mor-

460 3636 668 3704 bosque
692 3630 907 3687 curabit
935 3629 1288 3685 insanabiles.

529 3814 749 3880 Qnmsr.
786 3806 1094 3866 CXXXVII.
1124 3806 1238 3880 (76)
1274 3805 1409 3861 Cum
1439 3804 1737 3862 Christiani
1767 3813 1823 3860 et
1854 3804 2025 3860 Judaei

456 3905 735 3962 Christum
782 3902 1166 3966 conﬁteantur,
1202 3899 1432 3970 ejusque
1470 3898 1540 3955 de
1586 3898 1824 3954 adventu
1866 3898 2026 3954 dubi-

457 4002 573 4048 tent
602 3991 795 4057 Judaei,
839 3991 1116 4060 velintque
1155 3987 1399 4045 nondum
1436 3988 1614 4059 ipsum
1647 3987 1887 4054 venisse,
1933 3987 2029 4044 sed

454 4094 745 4141 venturqu
774 4099 918 4150 esse,
941 4099 1050 4154 qua
1082 4081 1296 4137 ratione
1320 4080 1454 4151 ipsis
1478 4081 2027 4152 poterimuspersua-

455 4175 585 4232 dere
613 4174 784 4230 Deum
815 4189 937 4230 esse
959 4171 1261 4236 Christum,
1296 4186 1677 4243 veracemque,
1712 4186 1822 4227 non
1859 4172 2028 4243 impo-

456 4274 659 4321 storem
697 4280 839 4329 esse,
865 4273 927 4317 ut
957 4262 1062 4335 ipsi
1089 4262 1465 4317 arbitrantur?

522 4356 692 4413 Res».
723 4357 775 4411 1.
804 4354 1081 4410 Christum
1100 4353 1319 4425 quidem
1336 4354 1502 4410 Deum
1521 4362 1575 4411 et
1599 4354 1886 4411 Dominum
1904 4372 2025 4414 esse

2135 1904 2263 1970 δοξά
2290 1906 2435 1956 ἐστιν
2469 1903 2529 1957 ὲν
2557 1905 2623 1974 τῇ
2661 1902 2835 1955 κτίσει
2872 1898 3125 1972 ὁρώμενα
3157 1898 3248 1951 καὶ
3283 1894 3708 1965 θαυμαζόμεναο

2136 1997 2277 2068 ἆπερ
2304 1995 2521 2050 ἅπαντα
2549 1995 2648 2047 οὐκ
2679 1994 2745 2047 ἂν
2765 1991 2936 2056 οὕτως
2951 1992 3090 2063 ὑπὲρ
3106 1989 3267 2059 φύσιν
3282 1986 3523 2057 γίνεσθαι
3549 1986 3716 2057 ἐμελ-

2134 2088 2244 2153 λον,
2280 2088 2328 2140 εἰ
2367 2087 2440 2159 μὴ
2469 2086 2625 2140 ούσία
2655 2102 2738 2149 τις
2755 2082 2890 2137 Θεοῦ
2921 2079 2989 2155 ἦν
3009 2083 3212 2136 τούτων
3230 2079 3584 2143 δεσπόζουσα,
3613 2080 3719 2132 καὶ

2134 2180 2340 2243 τούτοις
2360 2178 2727 2250 ἐπιτρέπουσα
2742 2175 2991 2247 ἀλλήλοις
3020 2175 3093 2245 μὴ
3126 2171 3555 2228 ἀντιτάττεσθαι.
3580 2170 3715 2234 Πῶς

2133 2270 2187 2323 δὲ
2221 2269 2380 2323 πάλιν
2428 2269 2677 2338 λέγουσιν
2720 2269 2853 2337 ἡμῖν
2896 2264 3165 2336 Ἑλλήνων
3219 2263 3427 2326 παῖδες,
3474 2260 3717 2333 βροντῆς

2136 2364 2369 2433 στερρᾶς
2401 2361 2712 2431 γινομένης,
2754 2358 2951 2427 γᾶπασα
2983 2359 3017 2427 ὴ
3047 2357 3209 2425 φύσις
3249 2354 3359 2408 τῶν
3404 2351 3712 2423 ἀνθρώπων

2131 2452 2343 2524 τρέμει,
2376 2451 2586 2522 φρίττει
2620 2467 2679 2503 τε
2719 2449 2813 2503 καὶ
2856 2448 3152 2514 ἐξίσταται,
3188 2445 3466 2517 μηνύουσα
3493 2442 3584 2497 διὰ
3610 2442 3713 2496 τοῦ

2135 2547 2434 2616 σχήματος.
2464 2544 2540 2605 ὡς
2588 2542 2693 2595 ὑπὸ
2739 2542 3008 2611 δεσπότην
3041 2540 3159 2592 ἐστὶ
3212 2538 3304 2590 τὸν
3347 2536 3445 2600 τὰς
3477 2534 3715 2605 βροντὰς

2133 2634 2528 2706 ὲργαζόμενονς
2576 2632 2685 2685 Καὶ
2724 2630 2899 2683 ταῦτα
2938 2630 3035 2700 μὲν
3080 2627 3217 2700 πρὸς
3258 2628 3385 2689 τοὺς
3417 2622 3712 2693 ἀφελεστέ-

2137 2744 2261 2797 ρους
2287 2725 2552 2796 Ἐλλήνων
2579 2725 2659 2785 είς
2693 2721 3021 2789 θεογνωσίαν
3048 2719 3282 2791 φέροντα
3301 2715 3707 2784 ὑποδείγματα.

2133 2820 2248 2889 Πρὸ
2284 2817 2393 2889 γὰρ
2439 2816 2548 2869 τῶν
2620 2814 2750 2886 παρ’
2801 2813 2982 2875 αὐτοῖς
3034 2809 3213 2878 σοφῶν
3265 2808 3330 2860 ὲκ
3401 2804 3711 2875 φιλοσόφων

2132 2910 2373 2981 ἀρχαίων
2418 2906 2655 2960 δυνατῶν
2708 2903 2981 2976 μαρτύρια
3014 2900 3184 2954 πολλὰ
3234 2898 3363 2971 περὶ
3399 2896 3713 2957 θεοσεϐείας

2131 3004 2273 3065 τινὲς
2316 3001 2580 3072 Ἑλλήνων
2627 3000 2780 3066 σοφοὶ
2813 2997 3083 3066 ἔφρασαν·
3120 2992 3256 3046 ἀλλὰ
3300 2993 3394 3046 καὶ
3426 2990 3523 3060 τὴν
3563 2990 3707 3060 Χρι-

2136 3092 2261 3146 στοῦ
2319 3092 2626 3162 οἰκονομίαν
2678 3089 2934 3161 ἀμυδρῶς
2972 3086 3378 3160 προεμήνυσαν.
3431 3082 3542 3135 Καὶ
3572 3080 3709 3150 γοῦν

2129 3200 2212 3247 τις
2243 3182 2350 3235 τῶν
2381 3184 2508 3253 παρ’
2536 3182 2719 3243 αὑτοῖς
2762 3179 2941 3249 σοφῶν
2968 3178 3074 3247 πρὸ
3110 3174 3318 3230 πολλῶν
3341 3174 3439 3243 τῆς
3466 3169 3707 3243 Χριστοῦ

2129 3275 2420 3346 ἐπιδημίας
2445 3274 2651 3345 χρόνων
2683 3273 2866 3342 φησὶν,
2902 3271 2985 3323 ὅτι
3015 3268 3172 3335 Ἥξει
3213 3269 3248 3338 ἡ
3290 3267 3473 3328 νεᾶνις
3501 3264 3713 3334 ἔχουσα

2129 3370 2258 3437 ἡμῖν
2282 3367 2529 3437 οὐράνιον
2558 3366 2731 3434 γόνον.
2768 3363 2879 3417 Καὶ
2929 3361 3085 3423 ἄλλος
3131 3359 3296 3413 πάλιν
3344 3357 3577 3428 ἔφρασεν
3613 3354 3712 3408 οὗ.

2126 3475 2232 3521 τως
2254 3474 2267 3487 ·
2309 3457 2436 3526 ὐψέ
2469 3473 2597 3509 ποτε
2625 3456 2720 3507 ἐπὶ
2748 3454 2849 3523 τὴν
2876 3448 3175 3520 πολυσχεδῆ
3204 3446 3408 3517 ταύτην
3439 3444 3569 3498 κατέ
3580 3460 3711 3515 ρχεο

2126 3567 2215 3604 ται
2242 3553 2270 3604 6
2302 3549 2435 3613 Θεὸς
2460 3548 2585 3617 γῆν,
2627 3547 2720 3600 καὶ
2767 3545 2891 3615 δίχα
2944 3541 3282 3612 πταίσματος
3316 3537 3452 3610 σὰρξ
3477 3538 3714 3606 γενήσε-

2127 3660 2244 3696 ται·
2298 3642 2373 3704 ὡς
2416 3641 2740 3711 κατάκριτος
2795 3639 2854 3691 ἐν
2904 3636 3044 3705 ξύλῳ
3098 3631 3562 3707 κρεμασθήσεται,
3607 3628 3713 3683 καὶ

2126 3732 2318 3786 ἀνίατα
2347 3731 2491 3802 πάθη
2525 3729 2871 3801 θεραπεύσει.

2210 3819 2400 3891 Ἐρώτ.
2441 3819 2569 3891 ρλζ¹.
2616 3816 2959 3889 Χριστιανῶν
2997 3832 3058 3868 τε
3107 3815 3203 3868 καὶ
3254 3810 3525 3866 Ἰουδαίων
3566 3811 3715 3882 Χρι-

2128 3911 2251 3965 στὸν
2281 3909 2703 3981 ὁμολογούντων,
2738 3906 3184 3979 ἁμφιῦαλλόντων
3199 3903 3256 3956 δὲ
3278 3901 3386 3956 τῶν
3430 3901 3709 3954 Ἰουδαίων

2126 4001 2277 4056 οὕπω
2299 4002 2462 4056 αὐτὸν
2498 3999 2833 4070 ἐληλυθέναι,
2871 3997 3007 4052 ἀλλὰ
3067 3997 3354 4065 λεγόντων,
3385 3995 3467 4048 ὅτι
3514 3992 3709 4064 μέλλει

2125 4094 2412 4169 ἔρχεσθαι·
2470 4092 2632 4146 πόθεν
2685 4091 2882 4153 αὐτοὺς
2925 4093 3109 4144 πεῖσαι
3144 4088 3453 4158 ὀφείλομεν,
3481 4087 3561 4141 ὅτι
3604 4087 3711 4141 καὶ

2126 4187 2258 4250 Θεός
2292 4186 2437 4237 ἐστιν
2485 4184 2515 4236 6
2564 4182 2816 4253 Χριστὸς,
2843 4181 2936 4235 καὶ
2972 4182 3053 4234 ὅτι
3092 4179 3297 4251 ἀληθής
3333 4182 3472 4243 ἐστι,
3513 4177 3608 4232 καὶ
3635 4178 3709 4230 οὐ

2126 4280 2344 4341 πλάνος,
2368 4276 2444 4340 ὡς
2471 4275 2625 4329 αὐτοὶ
2657 4274 3001 4345 νομίζουσιν;

2209 4370 2395 4423 Ἀπόκ.
2428 4368 2608 4421 1.Ὅτι
2641 4366 2737 4436 μὲν
2754 4366 2884 4429 Θεὸς
2901 4366 2995 4418 καὶ
3013 4364 3216 4433 Κύριος
3233 4364 3260 4415 ὁ
3278 4362 3509 4432 Χριστός
3525 4363 3706 4427 ἐστιν,

453 4456 728 4505 testantur
757 4448 1061 4525 prOphetaa,
1086 4454 1141 4503 et
1165 4446 1382 4517 quidem
1407 4449 1488 4502 sic
1523 4447 1599 4501 ait
1631 4447 1797 4504 David
1826 4468 1839 4502 :
1870 4468 1887 4499 ι
1920 4450 2023 4505 Do-

2137 4463 2171 4517 ιί
2198 4462 2471 4533 προφῆται
2492 4456 2855 4530 μαρτυροῦσιν
2874 4474 2887 4487 ·
2917 4458 2945 4510 6
2967 4456 3065 4527 μὲν
3090 4455 3253 4508 Δαδὶδ
3280 4455 3454 4522 λέγων
3473 4471 3486 4484 ·
3522 4473 3542 4503 ί
3566 4452 3711 4517 Θεὸς

455 4542 637 4597 minus
674 4541 839 4604 Deus,
889 4552 941 4596 et
1002 4545 1251 4611 apparuit
1292 4542 1450 4598 nobis
1481 4542 1549 4596 ⁸⁷.
1589 4561 1608 4594 ι
1657 4542 1723 4596 Ει
1770 4559 1962 4602 rursus
2006 4563 2020 4599 :

458 4653 478 4684 ι
522 4633 806 4687 lnclinavit
845 4633 1013 4690 melos
1062 4639 1117 4687 et
1166 4631 1449 4688 descendit
1491 4633 1559 4687 β’.
1597 4652 1617 4685 ι
1663 4635 1727 4689 Et
1776 4636 1973 4691 iterum
2008 4657 2020 4691 :

2122 4555 2345 4626 Κύριος,
2381 4552 2474 4606 καὶ
2498 4551 2763 4619 ὲπέφανεν
2790 4551 2921 4620 ἡμῖν
2945 4566 2958 4579 ο
2996 4568 3015 4599 ι
3052 4547 3147 4600 καὶ
3173 4546 3359 4600 πάλιν·
3397 4563 3416 4596 ‹
3447 4545 3710 4598 Ἐκλινεν

2124 4646 2384 4716 οὐρανοὺς
2417 4643 2510 4696 καὶ
2539 4640 2742 4713 κατέϐη
2764 4657 2778 4671 °
2820 4659 2838 4691 ι
2870 4640 2963 4692 καὶ
2997 4639 3185 4692 πάλιν·
3227 4655 3245 4687 ε
3290 4637 3347 4689 'U
3388 4634 3710 4705 καθήμενος

459 4746 477 4779 ι
508 4724 613 4791 Qui
644 4727 802 4780 sedes
825 4738 991 4794 super
1023 4723 1331 4790 cherubim,
1358 4738 1561 4794 appare
1583 4726 1649 4779 ⁸⁸.
1687 4745 1706 4777 ι
1738 4724 1862 4782 Haec
1893 4729 2023 4783 item

2137 4740 2216 4791 ἐπὶ
2261 4736 2369 4790 τῶν
2424 4734 2710 4806 χερουῦὶμ,
2772 4731 3076 4803 ὲμφάνηθι·
3125 4749 3143 4782 ι
3182 4732 3210 4783 6
3253 4729 3309 4782 δὲ
3372 4725 3712 4798 Ἀμϐακοὺμ

453 4822 584 4872 sunt
610 4815 773 4871 verba
803 4813 1096 4869 llabacuc:
1129 4833 1146 4866 ι
1183 4813 1328 4870 Deus
1351 4829 1383 4868 a
1408 4813 1666 4871 Thmman
1693 4819 1873 4873 veniet
1900 4820 1964 4872 '°.
1999 4840 2018 4873 ι

2137 4824 2286 4878 πάλιν
2317 4822 2503 4893 φησίν·
2540 4840 2558 4872 ι
2603 4822 2662 4874 '0
2688 4820 2819 4883 Θεὸς
2850 4819 2957 4872 ἀπὸ
2976 4817 3188 4889 Θαιμὰν
3213 4818 3361 4886 ἣξει·
3398 4836 3417 4868 ι
3447 4818 3477 4869 6
3496 4815 3555 4868 δὲ
3588 4816 3709 4868 Ba-

454 4908 520 4961 Et
548 4906 763 4961 Baruch
802 4926 816 4961 :
858 4925 876 4957 ‹
908 4905 1006 4960 Hic
1034 4914 1119 4961 est
1149 4904 1295 4961 Deus
1325 4916 1532 4971 noster,
1559 4915 1613 4963 et
1642 4924 1751 4963 non
1789 4911 2027 4965 aestima-

2137 4916 2260 4988 ρούχ
2278 4933 2293 4947 ο
2337 4935 2355 4967 ι
2382 4910 2547 4978 Οὗτος
2576 4917 2603 4968 6
2631 4913 2763 4976 Θεὸς
2794 4911 2971 4982 ἡμῶν,
2999 4911 3059 4963 οὐ
3086 4909 3469 4979 λογισθήσεται
3509 4907 3712 4978 ἕτερος

454 5001 603 5055 bitur
636 4998 775 5053 alius
817 4998 1077 5054 adversus
1115 5013 1240 5053 eum
1288 5014 1302 5050 :
1351 4998 1556 5053 invenit
1608 5015 1823 5056 omnem
1881 5005 2024 5057 viam

2137 5007 2265 5078 πρὸς
2292 5006 2453 5059 αὐτόν
2473 5022 2486 5035 ·
2515 5004 2700 5073 ἔξευρε
2722 5003 2899 5055 πᾶσαν
2928 5000 3043 5054 ὁδὸν
3067 5000 3398 5069 ἐπιστήμης,
3423 4997 3519 5049 καὶ
3568 4996 3711 5049 ἔδω-

453 5091 718 5158 scientim,
745 5100 799 5144 ct
832 5089 1059 5144 tradidit
1091 5090 1237 5143 illam
1280 5089 1452 5145 Jacoh
1489 5106 1660 5160 puero
1691 5108 1812 5161 suo,
1848 5102 1902 5149 et
1942 5094 2023 5151 ls-

2137 5116 2214 5151 ιεν
2253 5098 2418 5168 αὐτὴν
2447 5095 2640 5150 Ἰακὼϐ
2681 5093 2761 5163 τῷ
2809 5091 2962 5145 παιδὶ
3013 5087 3202 5153 αὐτοῦ,
3248 5088 3343 5141 καὶ
3370 5085 3588 5157 Ἰσραὴλ
3618 5087 3708 5157 τῷ

456 5184 569 5237 rael
599 5182 797 5237 dilecto
853 5197 973 5237 suo.
1028 5179 1160 5236 Post
1189 5182 1304 5237 hzec
1339 5182 1393 5236 in
1431 5184 1590 5238 terris
1624 5184 1775 5241 visus
1823 5195 1928 5249 est,
1970 5193 2024 5240 et

2137 5189 2458 5261 'wa‘n'qpéwp
2508 5188 2598 5241 ὑπ’
2650 5184 2834 5239 αὐτοῦ.
2911 5182 3064 5237 Μετὰ
3097 5183 3255 5235 τοῦτο
3312 5182 3405 5233 ἐπὶ
3453 5181 3552 5251 τῆς
3593 5180 3711 5250 γῆς

454 5291 580 5328 cum
631 5273 948 5328 hominibus
983 5284 1343 5329 conversatus
1373 5283 1459 5329 est
1485 5276 1551 5331 ".
1587 5295 1607 5328 ι
1662 5275 1827 5331 Vides
1856 5294 2018 5347 quam

2137 5280 2294 5352 ὒφθη,
2327 5280 2550 5343 καὶτοῖς
2576 5276 2881 5348 ἀνθρώποις
2905 5275 3336 5346 συνανεστρὰφη.
3363 5292 3381 5322 ι
3402 5273 3534 5326 Ἰδοὺ
3580 5273 3709 5338 πῶς

455 5365 759 5421 luculenter
791 5366 1067 5437 propheta:
1099 5364 1376 5422 Christum
1408 5365 1578 5422 Deum
1612 5371 1904 5441 appellent.

2137 5371 2407 5442 τροφανῶς
2435 5371 2484 5423 οἱ
2515 5369 2786 5441 προφῆται
2809 5367 2939 5420 Θεὸν
2962 5366 3179 5435 λέγουσι
3209 5365 3300 5420 τὸν
3332 5364 3587 5435 Χριστόν.

521 5519 566 5550 ⁸⁷
603 5518 749 5575 Psal.
781 5534 956 5585 cxvii,
989 5520 1082 5576 27.
1155 5520 1201 5552 ⁸⁸
1230 5519 1371 5579 Psal.
1407 5541 1554 5589 xvii,
1591 5527 1677 5583 10.
1752 5527 1796 5560 ⁸⁸
1834 5525 1979 5581 Psal.
2020 5543 2032 5581 ι

2137 5544 2218 5592 ix,
2254 5527 2307 5580 2.
2383 5529 2428 5559 9°
2474 5526 2672 5579 liahac.
2713 5539 2810 5585 ιιι,
2847 5521 2902 5576 5.
2979 5521 3021 5552 "
3066 5519 3296 5574 Baruch.
3335 5533 3425 5585 ιιι,
3457 5517 3527 5574 58

521 5737 637 5811 (76)
670 5739 794 5797 Haec
824 5738 931 5798 non
971 5752 1098 5800 sunt
1118 5743 1417 5803 Athanasio
1442 5745 1685 5818 indigna,
1712 5752 1764 5803 et
1791 5746 1845 5802 in
1871 5747 2148 5804 nonnullis
2186 5745 2465 5805 codicibus
2490 5745 2780 5817 separatim
2809 5753 3126 5818 ponuntur.‘
