3836 6194
161 332 275 390 685

1167 333 1633 420 QUIESTIONES:
1668 334 1760 388 Αο
1798 329 2208 389 ANTIOCIIUM
2248 330 2504 389 DUCEM.

3315 336 3419 394 686

195 475 198 477 λ
237 448 296 503 2.
325 450 448 503 Ὅτι
472 451 529 505 δὲ
560 451 814 524 ἐλήλυθεν
840 455 940 528 ήδη
973 456 1002 509 6
1039 456 1292 527 Χριστὸς,
1323 455 1520 527 Δανιὴλ
1549 458 1578 509 6
1619 471 1752 526 προ·-

1924 453 1979 506 2.
2004 452 2284 509 Christum
2317 465 2496 509 autem
2517 453 2631 521 jam
2663 454 2879 510 venisse
2914 452 3176 511 habemus
3202 469 3269 510 ex
3315 453 3422 509 Da-

167 542 354 611 φήτης
389 542 480 595 τὸν
531 544 718 616 χρόνον
760 549 858 618 τῆς
909 547 1209 621 παρουσίας
1261 548 1424 601 αὑτοῦ
1473 546 1750 618 σημαίνων

166 630 317 683 οὕτω
350 633 506 702 φησὶ,
545 633 741 703 μᾶλλον
771 635 828 690 δὲ
866 637 1002 708 πρὸς
1041 637 1254 694 αύτὸνὸ
1282 637 1616 708 ἀρχάγγελος
1644 635 1752 687 Γα-

169 720 337 793 ϐριὴλ
357 741 370 753 ·
414 742 434 775 ‹
477 724 880 796 Ἐϐδομήκοντα
904 728 1196 799 ὲϐδομάδες
1226 727 1638 798 συνετμήθησαν
1661 728 1752 782 ἐπὶ

167 814 261 867 τὸν
284 814 417 868 λαόν
446 833 561 880 σου,
596 818 692 870 καὶ
727 819 822 872 ἐπὶ
847 818 946 890 τὴν
981 819 1134 874 πόλιν
1161 820 1260 891 τὴν
1297 821 1480 888 ἁγίαν,
1502 819 1596 872 τοῦ
1630 835 1754 871 συν-

166 905 498 977 τελεσθῆναι
523 908 930 980 ἁμαρτίας,καὶ
963 911 1058 964 τοῦ
1093 911 1677 984 σφραγίσαιάμαρτίας
1699 928 1761 972 ⁸»⁴

168 998 267 1051 καὶ
304 999 451 1069 μετά
499 999 670 1071 βραχύ
696 1017 710 1032 ·
754 1021 772 1052 ι
811 1004 922 1057 Καὶ
953 1003 1048 1056 τοῦ
1093 1006 1386 1073 σφραγίσαι
1426 1006 1616 1074 ὅρασιν
1657 1004 1754 1056 καὶ

170 1091 540 1160 προφητείαν,
577 1093 670 1144 καὶ
712 1092 806 1146 τοῦ
837 1098 1019 1166 χρῖσαι
1047 1095 1233 1164 Ἀγιον
1263 1095 1452 1164 ἁγίων.
1489 1117 1506 1147 ι
1543 1096 1638 1159 Τίς
1662 1091 1754 1150 οὖν

169 1180 324 1232 ἐστιν
355 1179 543 1250 ἕτερος
590 1181 834 1254 χρισθεὶς
869 1183 1058 1254 ’Ἄγιος
1088 1186 1258 1254 ἁγίων
1284 1186 1332 1237 εί
1368 1184 1442 1256 μὴ
1468 1187 1496 1238 ὁ
1523 1184 1755 1257 Χριστὸς

173 1276 363 1345 μόνος,
394 1275 472 1339 ὠς
489 1276 584 1329 τοῦ
613 1276 747 1330 Θεοῦ
771 1275 865 1329 τοῦ
896 1274 1096 1341 ζῶντος
1118 1293 1132 1343 ;
1159 1279 1224 1330 Αἱ
1251 1277 1360 1348 γάρ
1385 1277 1757 1348 ἐϐδομήκοντα

171 1366 471 1437 ἑϐδομάδες
513 1367 836 1439 τετρακόσια
887 1369 1205 1438 ἐνενήκοντα
1251 1366 1343 1438 ἔτη
1378 1367 1752 1437 σημαίνουσιν.

185 1457 323 1511 Ἀπὸ
348 1457 406 1510 δὲ
432 1457 526 1510 τοῦ
551 1458 750 1530 Δανιὴλ
773 1459 878 1520 ἓως
903 1456 997 1510 τοῦ
1027 1456 1123 1512 νῦν
1162 1457 1494 1529 ὑπάρχουσιν
1518 1456 1613 1526 ἔτη
1648 1455 1756 1509 τῶν

169 1549 514 1603 ὀκτακοσίων
560 1550 747 1604 πλείω.
795 1550 1070 1616 Δείξουσιν
1111 1544 1202 1602 οὖν
1236 1550 1367 1618 ἡμῖν
1403 1547 1584 1602 λοιπὸν
1630 1548 1758 1600 Ἰου-

170 1643 441 1708 δαῖοι,τίς
470 1646 600 1716 παρ’
628 1645 809 1707 αὐτοῖς
827 1642 1052 1715 ἐχρίσθη
1079 1643 1276 1710 ’Ἄγιος
1306 1641 1476 1710 ἁγίων
1503 1640 1640 1712 μετὰ
1670 1657 1758 1693 τε·

170 1737 446 1808 τρακόσια
475 1737 796 1806 ἐνενήκοντα
819 1736 913 1808 ἔτη
943 1734 1038 1788 τοῦ
1071 1734 1288 1806 Δανιὴλ,
1321 1735 1416 1788 καὶ
1443 1734 1757 1804 κατήργησε

1853 542 1993 597 niele
2019 543 2306 613 propheta.
2333 544 2428 614 qui
2465 551 2679 614 tempus
2721 543 2841 613 ejus
2872 543 3138 600 adventus
3171 545 3250 601 sic
3280 545 3422 614 ipse,

1854 632 1935 686 vel
1955 633 2142 702 potius
2174 634 2538 704 archangelus
2558 633 2777 689 Gabriel
2806 634 2931 705 ipsi,
2957 633 3221 690 indicavit
3245 655 3259 691 :
3285 655 3305 688 ε
3333 638 3404 692 Se

1851 723 2135 793 ptuaginta
2164 724 2532 782 hebdomades
2552 726 2879 781 abbreviata:
2906 734 3033 781 sunt
3060 743 3223 797 super
3251 744 3426 799 popu-

1855 813 1964 866 lum
2000 823 2150 868 tuum
2186 821 2240 869 et
2275 829 2439 885 super
2460 814 2648 869 urbem
2673 825 2942 880 sanctam,
2981 825 3040 870 ut
3074 818 3428 887 perﬁciantur

1853 914 2097 974 peccata,
2124 914 2178 962 et
2197 907 2558 978 obsignentur
2581 919 2802 978 peccata
2827 910 2893 964 θ’.
2928 926 2947 960 δ
2977 907 3044 960 Et
3076 911 3240 978 paulo
3258 919 3380 980 post
3408 925 3423 962 :

1859 1018 1877 1048 ι
1909 998 1973 1051 Et
2001 999 2321 1070 obsignetur
2349 1000 2488 1055 visio
2516 1009 2570 1054 et
2594 1001 2898 1071 prophetia,
2929 1010 2983 1056 et
3011 1011 3248 1074 ungatur
3287 994 3426 1060 San-

1855 1101 1976 1144 ctus
2034 1098 2348 1147 sanctorum
2372 1092 2488 1146 ⁸³.»
2529 1091 2663 1158 Quis
2713 1109 2843 1163 ergo
2893 1095 3034 1150 alius
3090 1105 3176 1152 est
3227 1105 3428 1152 unctus

1858 1179 2093 1237 Sanctus
2144 1191 2480 1247 sanctorum,
2533 1192 2730 1253 praeter
2775 1187 2950 1240 solum
3004 1187 3308 1254 Christum,
3369 1200 3428 1244 ut

1856 1272 1952 1327 Dei
1990 1274 2272 1330 viventis?
2322 1274 2681 1346 Septuaginta
2711 1278 2856 1332 enim
2895 1277 3263 1334 hebdomades
3291 1297 3428 1350 qua-

1856 1366 2173 1436 dringentos
2207 1367 2502 1438 nonaginta
2535 1383 2709 1423 annos
2756 1369 3082 1437 significant.
3115 1371 3361 1442 Namque
3397 1389 3428 1427 a

1857 1457 2078 1514 Daniele
2123 1459 2188 1512 ad
2224 1458 2328 1513 hoc
2357 1468 2572 1529 tempus
2603 1467 2729 1514 sunt
2763 1461 2890 1514 anni
2930 1462 3219 1531 plusquam
3249 1464 3431 1518 octin-

1855 1545 2023 1622 gen'ti.
2061 1550 2364 1606 Ostendam
2413 1552 2580 1622 igitur
2614 1553 2774 1608 nobis
2820 1552 2989 1608 Judaei
3036 1555 3256 1624 quinam
3285 1555 3430 1624 apud

1858 1642 2008 1711 ipsos
2047 1649 2248 1696 unctus
2282 1642 2352 1696 sit
2386 1639 2622 1697 Sanctus
2655 1651 2971 1698 sanctorum
3012 1650 3137 1714 post
3163 1643 3430 1713 quadrin-

1858 1739 2048 1800 gentos
2077 1732 2370 1802 nonaginta
2399 1746 2574 1788 annos
2602 1731 2864 1798 Danielis,
2893 1734 2986 1804 qui
3013 1743 3068 1788 et
3100 1734 3431 1789 sacriliCium

172 1831 274 1901 τὴν
305 1827 497 1881 θυσίαν
543 1830 636 1882 καὶ
660 1829 759 1899 τὴν
785 1827 1016 1898 σπονδὴν
1060 1827 1160 1897 τὴν
1187 1827 1447 1897 νομικήν;
1491 1825 1627 1878 Ἀλλ’
1656 1826 1757 1878 οὐκ

1864 1820 2283 1896 libatione'r'nq-ue
2309 1826 2538 1897 legalem
2577 1828 2958 1899 abrogaverit?
2993 1826 3137 1885 Sane
3155 1829 3432 1884 neminem

173 1921 364 1992 ἔχουσι
391 1919 582 1985 δεῖξαι,
628 1920 714 1983 τίς
741 1918 900 1974 τοῦτο
928 1918 1246 1990 πεποίηκεν,
1288 1920 1339 1972 εί
1385 1917 1460 1990 μὴ
1490 1917 1695 1990 Ἰησοῦς
1726 1920 1756 1972 6

172 2014 416 2084 Χριστὸς
437 2015 468 2068 6
503 2014 624 2078 Υἱὸς
643 2013 738 2068 τοῦ
771 2013 929 2068 Θεοῦ.

244 2106 299 2160 5.
338 2107 464 2159 Ὀτι
489 2104 773 2177 δὲάληθής
807 2106 943 2169 ἐστι,
979 2104 1074 2158 καὶ
1105 2104 1165 2156 ού
1199 2102 1423 2167 πλάνος,
1443 2102 1474 2155 6
1500 2101 1752 2174 Χριστὸς,

171 2199 251 2261 ὡς
275 2199 436 2269 ὑμεῖς
470 2195 742 2269 νομίζετε,
771 2192 816 2252 ὦ
847 2197 1109 2261 Ἰουδαῖοι,
1155 2197 1582 2267 παραστήσομεν
1628 2194 1757 2263 ὑμῖν

174 2292 339 2346 τοῦτο
367 2294 428 2345 οὐ
450 2291 537 2345 διὰ
567 2292 852 2363 ῥημάτων,
882 2291 1018 2347 ἀλλὰ
1048 2291 1137 2344 διὰ
1182 2290 1542 2363 πραγμάτων,
1591 2286 1758 2358 μέχρι

173 2385 273 2438 τοῦ
300 2384 398 2438 νῦν
425 2384 734 2457 κραζόντων
782 2385 878 2438 καὶ
926 2383 1345 2456 μαρτυρούντων
1392 2384 1450 2436 ὲν
1501 2383 1648 2454 πάσῃ
1688 2385 1754 2454 τῇ

175 2479 476 2550 οἰκουμένῃ
502 2495 516 2508 ·
543 2479 637 2530 καὶ
663 2477 746 2530 ὃτι
768 2476 945 2530 πάντα
971 2475 1042 2540 τά
1073 2477 1163 2530 ὑπ’
1180 2474 1354 2559 ,αὐτοῦ
1383 2473 1640 2544 λεχθέντα
1667 2491 1759 2544 γε-

177 2569 431 2637 γόνασιν.
457 2565 591 2620 Εἷπε
611 2566 742 2639 γὰρ,
771 2567 853 2620 ὅτι
886 2585 906 2617 ι
949 2567 1006 2620 '0
1026 2565 1259 2638 οὐρανὸς
1297 2565 1393 2617 καὶ
1435 2566 1469 2634 ἡ
1506 2563 1580 2634 γῆ
1623 2580 1762 2634 παρ-

178 2661 484 2725 ελεύσεται,
512 2660 561 2712 οἱ
589 2660 646 2713 δὲ
659 2659 804 2728 λόγοι
832 2676 932 2730 μου
962 2659 1020 2710 οὐ
1053 2658 1126 2729 μὴ
1163 2655 1522 2729 παρέλθωσιν.
1555 2674 1574 2706 ι
1610 2657 1758 2708 Ποίοι

176 2755 238 2808 δὲ
275 2753 448 2821 λόγοι,
493 2751 756 2823 νουνεχῶς
798 2750 1135 2821 ἀκούσωμεν.
1182 2745 1317 2802 Εἶπε
1342 2749 1470 2820 περὶ
1500 2748 1593 2801 τοῦ
1629 2747 1761 2817 ὑμε-

179 2849 345 2920 τέρου
378 2846 530 2911 ναοῦ,
553 2848 635 2900 ὄτι
659 2866 679 2899 ι
720 2847 896 2918 Ἀμὴν
923 2845 1068 2914 λέγω
1109 2845 1256 2914 ὑμῖν,
1281 2844 1342 2896 οὐ
1385 2843 1460 2915 μὴ
1491 2842 1648 2914 μείνῃ
1679 2841 1759 2894 λί-

181 2939 275 3004 θος
310 2941 405 2993 ἐπὶ
435 2938 580 2992 λίθον
625 2937 898 3009 ὲπάὐτῷ,
926 2938 985 3001 ὃς
1023 2937 1084 2989 ού
1115 2936 1189 3007 μὴ
1228 2934 1505 3006 καταλυθῇ
1528 2953 1540 2964 ⁸
1576 2930 1760 3004 »τΑρα

179 3031 412 3100 γέγονεν
467 3029 632 3084 αὐτοῦ
683 3032 712 3083 6
764 3029 938 3099 λόγος,
1057 3029 1118 3081 οὐ
1157 3028 1411 3096 γέγονενς
1459 3021 1648 3090 Εἶπεν,
1678 3025 1758 3079 ὅτι

182 3125 498 3178 ἐλεύσονται
541 3125 588 3176 οἱ
620 3124 901 3194 Ῥωμαῖοι,
941 3123 1037 3175 καὶ
1066 3121 1286 3193 ἀροῦσιν
1320 3120 1471 3190 ὑμῶν
1498 3118 1560 3172 τὺ
1587 3119 1758 3182 ἔθνος,

1856 1918 2096 1987 poterint
2127 1917 2371 1973 indicare
2415 1919 2509 1989 qui
2550 1925 2662 1974 haac
2725 1921 3059 1990 praestiterit,
3105 1920 3214 1976 nisi
3241 1919 3432 1976 Jesum

1857 2007 2138 2070 Christum
2162 2007 2358 2064 Filium
2388 2009 2506 2066 Dei.

1925 2099 1979 2153 5.
2011 2097 2168 2165 Quod
2193 2108 2375 2156 autem
2398 2117 2563 2158 verus
2596 2102 2689 2167 sit,
2724 2117 2834 2157 non
2859 2103 3126 2174 impostor
3148 2102 3430 2172 Christus,

1856 2198 1918 2246 ut
1945 2206 2062 2257 vos,
2095 2191 2289 2256 Judaei,
2323 2193 2685 2262 arbitramini,
2718 2195 2772 2250 id
2797 2195 2953 2251 vobis
2985 2212 3096 2251 non
3125 2198 3305 2254 verbis
3336 2199 3432 2255 sed

1858 2281 2018 2338 factis
2041 2297 2231 2339 sumus
2258 2284 2576 2353 probaturi;
2602 2301 2742 2355 quae,
2775 2288 3019 2358 inquam,
3046 2272 3187 2344 facta
3209 2290 3265 2345 id
3296 2289 3431 2346 hac-

1857 2379 2018 2428 tenus
2058 2388 2154 2444 per
2193 2381 2368 2429 totum
2399 2377 2586 2433 orbem
2613 2377 2854 2433 clamant
2881 2385 2935 2435 et
2966 2387 3257 2445 testantur,
3295 2392 3356 2436 ut
3378 2390 3435 2438 et

1857 2465 2064 2529 omnia,
2090 2480 2210 2535 quae
2231 2464 2348 2536 ipse
2370 2466 2526 2532 dixit,
2556 2467 2696 2523 facta
2722 2485 2864 2534 esse,
2889 2470 3024 2524 dixit
3044 2472 3189 2526 enim
3223 2491 3236 2526 ε
3265 2491 3284 2523 ι
3308 2471 3434 2529 Coe-

1858 2557 1971 2610 lum
1992 2564 2046 2611 et
2074 2565 2221 2613 terra
2251 2559 2580 2628 transibunt,
2604 2561 2768 2616 verba
2788 2570 2968 2616 autem
2988 2579 3103 2618 mea
3123 2579 3229 2618 non
3255 2572 3435 2622 trans-

1859 2647 2015 2701 ibunt
2035 2649 2100 2700 ³⁸.
2122 2667 2142 2700 ι
2165 2648 2424 2714 Quaenam
2448 2659 2628 2705 autem
2650 2653 2811 2706 verba
2827 2651 3041 2718 dixerit,
3066 2656 3433 2714 attendamus.

1859 2736 2008 2793 Dixit
2038 2739 2106 2794 de
2153 2747 2336 2795 vestro
2363 2730 2564 2812 templo
2601 2758 2614 2792 :
2653 2761 2672 2795 ι
2700 2745 2894 2809 Amen,
2943 2744 3066 2801 dico
3098 2749 3273 2814 vobis,
3321 2767 3435 2807 non

1858 2829 2304 2900 remanebitlapis
2320 2845 2482 2900 super
2496 2831 2727 2901 lapidem
2742 2833 2799 2888 in
2815 2833 3042 2906 ipso-qui
3059 2851 3167 2891 non
3183 2838 3435 2894 destrua-

1859 2920 2028 2974 tur.".
2055 2910 2164 2974 {Id
2201 2921 2320 2991 ejus
2359 2922 2580 2977 verbum
2610 2922 2883 2981 factumne
2919 2936 3026 2993 est,
3067 2931 3272 2984 necne?
3294 2931 3438 2988 Dixit

1857 3016 2122 3067 venturos
2161 3009 2464 3078 Romanos,
2496 3021 2849 3086 vestramque
2876 3018 3192 3074 sublaturos
3217 3029 3436 3091 gentem

1861 3101 2162 3170 urbemque
2211 3110 2266 3158 et
2304 3117 2554 3174 regnum.
2611 3105 2809 3162 Annon
2859 3109 2962 3164 sub
3016 3109 3356 3181 Vespasiano
3382 3123 3439 3169 et

181 3218 280 3271 καὶ
321 3217 423 3286 τὴν
453 3215 603 3267 πόλιν
639 3187 819 3266 καὶ-τὸ
855 3187 1153 3283 βασίλειον·
1195 3187 1572 3284 ’Ἄρα-γέγονε
1603 3210 1759 3262 τοῦτο

1864 3189 1988 3247 Tito
2014 3192 2069 3246 id
2097 3193 2301 3249 fac-tum
2325 3206 2428 3265 est,
2451 3200 2660 3254 necne?
2687 3198 2833 3254 Dixit
2862 3201 3034 3272 legem
3065 3212 3119 3258 et
3144 3205 3438 3274 prophetas

181 3311 278 3365 ἐπὶ
306 3305 717 3362 Οὐεσπασιανοῦ
763 3307 855 3359 καὶ
901 3307 1083 3370 Τίτου,
1117 3305 1150 3375 ἦ
1183 3306 1244 3358 οὐ
1277 3304 1529 3372 γέγονεν;
1573 3298 1760 3370 Εἶπεν,

181 3408 265 3459 ὅτι
300 3407 327 3458 6
351 3404 514 3473 νόμος
541 3402 635 3455 καὶ
663 3402 713 3454 οἱ
749 3399 1025 3472 προφῆται
1072 3397 1177 3461 ἕως
1230 3397 1472 3449 Ἰωάννου
1513 3393 1608 3447 τοῦ
1651 3395 1759 3447 Βα-

183 3492 437 3557 πτιστοῦ,
492 3493 584 3545 καὶ
613 3491 874 3544 πὰυονται
901 3506 915 3522 ο
940 3485 1088 3560 τΑρα
1127 3489 1186 3540 οὐ
1215 3488 1402 3556 γέγονε
1448 3485 1637 3552 τοῦτο;
1667 3486 1763 3549 Τίς

185 3587 476 3657 προφήτης
505 3584 634 3654 παρ’
667 3585 798 3654 ὑμῖν
826 3582 964 3652 μετὰ
1010 3581 1262 3652 Ἰωάννην
1286 3580 1376 3633 τὸν
1413 3579 1720 3650 Βαπτιστήν
1745 3593 1760 3642 ;

183 3676 453 3746 Εὔδηλον,
476 3675 558 3728 ὅτι
587 3674 779 3737 οὐδείς.
815 3669 951 3726 Εἷπε
986 3673 1149 3726 πάλιν
1182 3675 1210 3726 6
1235 3672 1398 3734 αὐτὸς
1426 3671 1629 3743 Κύριος
1657 3671 1763 3740 Ἰη-

187 3767 318 3831 σοῦς
351 3767 584 3837 Χριστὸς
607 3769 636 3820 6
666 3765 916 3837 ἀληθινὸς
949 3765 1080 3828 Θεὸς
1108 3764 1286 3836 ἡμῶν,
1315 3765 1394 3817 ὅτι
1417 3763 1763 3834 κηρυχθήσε-

183 3879 278 3914 ται
311 3860 375 3912 τὸ
395 3858 725 3927 Εὐαγγέλιον
767 3860 824 3912 ὲν
873 3857 980 3928 ὅλῳ
1022 3857 1101 3928 τῷ
1143 3857 1365 3928 κόσμῳ·
1401 3852 1509 3929 ἆρα
1544 3856 1764 3923 γέγονεν

183 3953 367 4016 τοῦτο,
391 3952 424 4022 ἢ
451 3953 512 4005 ού
537 3951 788 4020 γέγονεν;
823 3949 991 4002 Πάλιν
1023 3945 1196 4011 εἶπεν,
1225 3949 1304 4002 ὅτι
1344 3947 1505 4001 πύλαι
1547 3946 1670 4018 ᾂδου
1702 3946 1764 3998 ού

187 4042 580 4112 κατισχύσουσι
622 4041 721 4110 τῆς
754 4037 1113 4110 Ἐκκλησίας·
1145 4033 1294 4110 τΑρα
1348 4036 1638 4106 ὲψεύωατω
1675 4034 1766 4108 Μὴ

186 4132 438 4200 γένοιτοι
471 4127 634 4184 Εἶπεν
659 4133 788 4201 ἡμῖν
817 4133 928 4193 τοῖς
972 4129 1054 4192 είς
1079 4129 1242 4182 αὐτὸν
1292 4129 1657 4194 πιστεύουσιν,
1683 4129 1766 4181 ὅτι

194 4224 462 4278 «Ἔσεσθε
496 4223 811 4295 μισούμενοι
830 4223 934 4277 ὑπὸ
966 4224 1184 4276 πάντων
1210 4220 1366 4274 διὰτὸ
1394 4219 1564 4291 ὄνομά
1595 4236 1693 4292 μου
1713 4237 1761 4271 ο»

191 4320 356 4390 ’Ἄρτι
410 4317 600 4370 εἴπατε
643 4318 794 4388 ἡμῖν,
833 4315 920 4368 διὰ
975 4316 1038 4368 τὸ
1079 4315 1248 4385 ὄνομα
1292 4312 1386 4366 τοῦ
1442 4311 1676 4384 Χριστοῦ
1706 4313 1767 4367 ού

188 4413 372 4464 πάντα
409 4410 477 4462 τά
526 4409 651 4480 ἔθνη
702 4411 847 4480 ἡμᾶς
892 4410 1040 4480 μισεῖ
1088 4407 1184 4461 καὶ
1235 4406 1575 4477 βδεὶύττεται
1603 4424 1617 4474 ;
1648 4406 1768 4459 Κᾶν

189 4505 355 4573 ὑμεῖς
388 4503 723 4572 σιωπήσητε,
753 4500 868 4553 ἀλλ’
896 4501 944 4553 oi
992 4498 1127 4551 λίθοι
1167 4497 1476 4568 κράξονται,
1509 4498 1602 4550 καὶ
1627 4497 1764 4567 αὐτὴ

183 4595 244 4649 δὲ
295 4594 408 4646 τῶν
452 4594 788 4664 πραγμάτων
825 4593 859 4662 ἡ
909 4589 1132 4661 ἀλήθεια
1165 4588 1362 4653 ἱκανῶς
1393 4589 1647 4658 ἐντρέψαι
1675 4589 1766 4641 ml.

185 4685 532 4756 κατασχῦναι
573 4687 715 4755 ὑμᾶς
747 4684 989 4748 δύναται,
1031 4683 1124 4734 καὶ
1163 4685 1347 4735 πεῖσαι
1384 4681 1477 4734 καὶ
1512 4682 1763 4744 ἄκοντας,

184 4781 269 4832 δτι
300 4777 536 4850 Χριστὸς
572 4779 600 4830 ὁ
629 4777 760 4840 Θεὸς
806 4774 1064 4846 ἐμφανῶς
1101 4771 1231 4846 ἦλθε
1255 4773 1348 4827 καὶ
1390 4774 1482 4826 ἐπὶ
1527 4776 1625 4845 τῆς
1663 4773 1766 4843 γῆς

185 4871 374 4941 ὤφθη,
404 4871 499 4922 καὶ
529 4869 738 4922 ἔκλινεν
785 4869 1046 4941 οὐρανοὺς
1077 4867 1173 4920 καὶ
1214 4866 1441 4937 κατέϐη,
1480 4867 1574 4920 καὶ
1601 4866 1766 4919 πάλιν

185 4960 367 5030 ἐπέϐη
407 4960 501 5011 ἐπὶ
531 4958 813 5030 χερουὸὶμ,
863 4959 958 5010 καὶ
1000 4955 1299 5026 ὲπετάσθη,
1336 4954 1432 5008 καὶ
1475 4952 1642 5024 ἀνέϐη
1684 4954 1764 5015 είς

183 5051 456 5122 οὐρανοὺς
481 5049 541 5101 ὲν
568 5047 862 5119 ἀλαλαγμῷ
887 5048 962 5109 ὡς
986 5046 1137 5109 Θεός.

138 5205 145 5211 γ
259 5141 318 5194 4.
357 5142 478 5193 Ἵνα
518 5140 574 5193 δὲ
627 5139 848 5203 τελείως
897 5139 999 5209 τῆς
1049 5137 1347 5208 Ἰουδαϊκῆς
1407 5136 1768 5208 καταγκῶμεν

185 5232 525 5305 πωρώσεως,
556 5232 739 5285 λοιπὸν
766 5231 822 5284 δὲ
844 5231 939 5285 καὶ
959 5233 1122 5303 ἡμεῖς
1149 5232 1196 5284 οἱ
1230 5231 1412 5284 πιστοὶ
1436 5228 1768 5302 βεϐαιότεροι

183 5327 246 5379 ὲν
272 5328 342 5396 τῇ
373 5324 609 5397 Χριστοῦ
659 5325 836 5376 πίστει
883 5322 1200 5392 γενώμεθα·
1235 5323 1366 5393 φέρε
1395 5323 1483 5376 διά
1521 5323 1768 5394 βραχέων

183 5420 322 5489 περὶ
351 5420 533 5489 πάσης
561 5419 658 5488 τῆς
681 5416 917 5488 Χριστοῦ
935 5416 1247 5486 οἰκονομίας
1279 5417 1372 5470 καὶ
1402 5416 1530 5485 περὶ
1546 5415 1643 5485 τῆς
1670 5415 1764 5468 τοῦ

183 5509 527 5581 Εὑαγγελίου
557 5508 848 5578 ἀπολογίας
868 5509 932 5561 ἐκ
959 5508 1059 5580 τῆς
1097 5507 1339 5572 Παλαιᾶς
1368 5507 1638 5579 Διαθήκης
1665 5507 1763 5573 τὰς

253 5717 305 5750 θ’
345 5715 483 5790 Dan.
525 5732 612 5790 ut,
644 5715 739 5790 ει.
778 5783 792 5790 _
833 5715 878 5746 ’³
917 5713 1181 5790 ἰὺὶᾶιεϐ.
1257 5711 1474 5790 ιζιυε.
1508 5730 1632 5780 ut,
1665 5714 1754 5771 '53.

185 5803 352 5854 ιινι,
390 5785 481 5842 42.
554 5785 601 5819 "
644 5783 831 5840 Matth.
864 5801 1020 5856 xxiv,
1051 5784 1104 5842 9.

1866 3300 2041 3356 usque
2059 3287 2125 3341 ad
2142 3285 2402 3344 Joannem
2422 3290 2723 3362 Baptistam
2745 3292 2982 3361 futuros,
3003 3303 3244 3368 tuncque
3274 3298 3437 3354 ﬁnem

1867 3377 2154 3432 habituros
2181 3380 2227 3411 ⁸⁵
2255 3399 2267 3434 :
2305 3395 2486 3435 annon
2523 3382 2576 3437 id
2612 3382 2816 3438 factum
2838 3385 2958 3441 est?
2980 3384 3114 3453 Quis
3145 3389 3287 3443 enim
3316 3405 3438 3459 pro-

1865 3467 2029 3538 pheta
2063 3469 2206 3539 apud
2237 3485 2337 3557 vos
2379 3473 2584 3528 exstitit
2622 3484 2746 3544 post
2789 3474 3055 3533 Joannem
3101 3479 3439 3550 Baptistam?

1866 3557 2061 3616 Nullus
2090 3561 2353 3631 profecto.
2393 3562 2538 3618 Dixit
2581 3579 2772 3622 rursus
2805 3567 2946 3622 idem
2987 3569 3249 3626 Dominus
3277 3571 3438 3630 Jesus

1851 3650 2123 3724 .Christus
2176 3669 2340 3709 verus
2375 3654 2518 3711 Deus
2572 3665 2779 3724 noster,
2817 3657 3167 3731 Evangelium
3216 3665 3272 3717 in
3322 3673 3438 3720 toto

1868 3742 2072 3798 mundo
2089 3745 2439 3814 praedicatum
2467 3747 2536 3802 iri
2558 3749 2604 3780 ⁸⁷
2624 3768 2637 3803 :
2658 3747 2861 3805 factum
2877 3767 3006 3822 ergo
3027 3753 3081 3807 id
3105 3761 3210 3816 est,
3233 3756 3441 3811 necne?

1870 3830 2016 3886 Dixit
2044 3834 2170 3888 item
2205 3843 2392 3904 portas
2426 3837 2587 3893 inferi
2625 3854 2736 3893 non
2766 3843 3144 3910 praevalituras
3173 3846 3438 3902 adversus

1870 3919 2168 3979 Ecclesiam
2205 3944 2219 3981 :
2255 3928 2498 3998 nunquid
2528 3931 2788 3986 mentitus
2819 3934 2940 3988 est?
2967 3934 3120 3989 Absit
3143 3937 3155 3988 !
3178 3935 3319 3990 Dixit
3346 3952 3440 3991 no-

1870 4013 1954 4069 bis
1986 4015 2080 4083 qui
2108 4017 2162 4068 in
2205 4015 2381 4084 ipsum
2413 4018 2688 4075 credimus
2717 4038 2730 4074 :
2764 4039 2784 4072 ‹
2819 4021 2984 4079 Eritis
3014 4023 3139 4078 odio
3183 4025 3438 4081 omnibus

1872 4113 2094 4174 propter
2121 4121 2316 4161 nomen
2345 4123 2524 4163 meum
2549 4111 2617 4165 ’⁸.
2655 4129 2674 4162 ι
2717 4111 2892 4168 Dicite
2918 4114 3101 4185 itaque
3131 4117 3312 4182 nobis,
3339 4133 3407 4172 an
3428 4148 3442 4160 -

1872 4208 1982 4247 non
2011 4210 2203 4251 omnes
2229 4193 2674 4268 gentes'propter
2703 4201 2905 4257 Christi
2943 4219 3142 4259 nomen
3177 4205 3303 4261 odio
3335 4223 3438 4262 nos

1874 4285 2075 4340 habent
2118 4294 2172 4341 et
2199 4289 2592 4343 exsecrantur?
2631 4289 2859 4347 Etiamsi
2901 4308 2996 4349 vos
3042 4297 3290 4360 taceatis,
3332 4297 3438 4368 ipsi

1874 4376 2188 4431 clamabunt
2224 4378 2452 4448 lapides,
2503 4380 2729 4452 ipsaque
2770 4397 2952 4438 rerum
2982 4385 3182 4440 veritas
3211 4403 3309 4443 vos
3338 4404 3440 4458 pu-

1876 4470 2007 4524 dore
2033 4470 2170 4525 satis
2202 4473 2401 4540 poterit
2430 4470 2668 4538 afﬁcere,
2703 4482 2968 4546 cogetque
2990 4477 3075 4530 vel
3104 4477 3304 4533 invitos
3327 4493 3442 4534 cre—

1798 4547 1842 4600 D
1872 4560 1999 4613 dere
2026 4558 2306 4614 Christum
2348 4559 2518 4615 Deum
2560 4561 2850 4618 manifeste
2896 4565 3132 4628 venisse,
3179 4567 3233 4620 in
3273 4567 3440 4622 terris

1871 4651 2049 4706 visurn
2095 4666 2236 4718 esse,
2274 4652 2444 4707 cwlos
2496 4653 2790 4709 inclinasse
2826 4661 2881 4708 et
2917 4655 3286 4719 descendisse,
3315 4671 3440 4711 rur-

1873 4757 2104 4812 sumque
2131 4758 2295 4813 super
2323 4745 2608 4800 cberubim
2659 4748 2976 4803 ascendisse
3013 4756 3069 4802 et
3106 4749 3340 4815 volasse,
3369 4748 3439 4806 ad

1870 4834 2150 4905 cmlosque
2191 4837 2248 4889 in
2277 4835 2604 4906 jubilatione
2631 4849 2692 4893 ut
2717 4838 2886 4895 Deum
2907 4839 3136 4895 rediisse

1942 5145 1996 5198 4.
2039 5143 2109 5199 Ut
2132 5152 2311 5199 autem
2340 5143 2622 5200 Judaicam
2667 5145 2964 5199 caecitatem
2996 5142 3155 5212 plane
3179 5137 3440 5194 condem-

1877 5250 2093 5300 nemus,
2135 5250 2366 5305 nosque,
2411 5236 2506 5306 qui
2550 5235 2736 5292 ﬁdeles
2769 5250 2980 5298 sumus,
3017 5234 3072 5286 in
3098 5230 3302 5285 Christi
3336 5230 3439 5284 ﬁde

1875 5325 2141 5380 ﬁrmiores
2180 5325 2517 5394 efﬁciamur;
2549 5341 2669 5398 age,
2700 5326 2937 5381 breviter
2955 5325 3023 5379 de
3041 5321 3205 5394 249
3223 5320 3441 5374 univer-

1870 5432 1932 5473 sa
1960 5416 2166 5473 Christi
2200 5419 2506 5473 (economia
2535 5426 2589 5474 et
2635 5433 2732 5487 pro
2776 5415 3052 5486 Evangelii
3098 5410 3438 5472 defensione,

1869 5508 2199 5566 testimoniis
2243 5524 2312 5564 ex
2344 5507 2540 5566 Vetere
2592 5507 2940 5565 Testamento
2985 5505 3276 5575 excerptis,
3323 5500 3439 5556 dis-

1845 5716 1905 5788 _"
1944 5713 2134 5778 Matth.
2173 5728 2325 5780 xxiv,
2359 5710 2438 5786 2,⁹
2518 5708 2578 5765 ,³⁸
2616 5705 2749 5765 Luc.
2790 5723 2914 5779 xvi,
2953 5703 3042 5800 ιο.
3148 5702 3199 5777 ,⁸⁷
3241 5696 3434 5804 Matth.
