3852 6192
420 323 526 381 687
1507 321 1565 381 S.
1601 321 2068 381 ATHANASIUS.
2106 351 2183 370 —
2220 323 2493 382 SPURIA.

3571 335 3693 423 688'

418 452 686 493 seramus.
709 434 766 490 ιιι
787 434 934 491 enim
952 435 1318 490 emolumento
1339 434 1579 490 futurum
1601 443 1688 491 est
1715 437 1982 502 omnibus,

2103 438 2408 510 μαρτυρίας
2448 437 2823 511 ποιησώμεθα.
2853 441 3046 495 Ἔσται
3073 442 3180 514 γάρ
3209 444 3343 498 πᾶσι
3371 448 3484 511 τοῖς
3506 451 3672 517 ἐγκύ-

415 530 510 599 qui
540 543 654 584 rem
681 526 1018 598 perpendere
1037 527 1239 582 volent.
1267 528 1405 582 Ante
1432 528 1631 583 saecula
1649 542 1773 583 esse
1793 526 1982 582 Filium

2101 545 2325 582 πτουσιν
2369 529 2615 584 ἐντεῦθεν
2657 531 2914 602 ὠφέλεια.
2938 533 3063 587 Ὅτι
3102 535 3428 606 προαιώνιος
3471 539 3500 591 6
3543 540 3674 605 Υἱὸς

415 630 469 676 et
496 620 733 677 Verbum
760 620 878 688 Dei,
896 619 989 690 qui
1020 619 1283 676 extremis
1306 620 1645 689 temporibus
1673 621 1982 675 incarnatus

2098 617 2194 671 ml.
2222 618 2395 688 Λόγος
2425 618 2520 673 τοῦ
2556 619 2694 674 Θεοῦ
2745 622 2831 673 ἐπ’
2859 622 3103 693 ἐσχάτων
3145 624 3450 695 σαρκωθεὶς
3478 629 3543 681 ἐκ
3574 630 3669 682 τοῦ

416 721 520 776 est,
562 719 715 782 patet
760 728 828 766 ex
864 713 1075 782 psalmo
1104 713 1404 767 centesimo
1442 726 1589 765 nono
1622 730 1635 765 :
1674 729 1694 761 «
1731 710 1810 764 Ex
1844 722 1999 766 utero

417 814 543 858 ante
585 803 873 860 luciferum
918 802 1085 873 genui
1116 810 1171 858 te
1199 803 1266 854 θ’.
1313 821 1331 854 ι
1366 801 1583 857 Certum
1612 800 1758 855 enim
1785 809 1872 856 est
1903 816 1998 855 ne-

417 896 624 950 minem
674 894 956 969 hominum
1013 900 1139 948 ante
1206 892 1493 947 luciferum
1534 906 1657 948 esse
1702 891 1994 963 genitum:

417 1000 544 1040 nam
595 983 789 1041 lucifer
817 992 1011 1054 quarta
1057 984 1146 1040 die
1182 983 1361 1040 factus
1386 990 1491 1049 est,
1515 984 1686 1039 Adam
1718 998 1847 1038 vero
1874 997 1999 1038 sexo

416 1081 473 1128 ta
516 1075 605 1129 die
638 1073 904 1131 formatus
936 1083 1043 1131 est.
1083 1073 1341 1129 Similiter
1381 1088 1513 1129 vero
1545 1082 1600 1128 et
1640 1072 1899 1128 Salomon
1928 1072 1996 1127 de

420 1163 704 1237 Unigeniti
742 1165 865 1220 Filii
893 1174 949 1221 et
982 1164 1146 1220 Verbi
1179 1163 1393 1219 Domini
1429 1164 1605 1219 nostri
1638 1163 1764 1219 Jesu
1793 1163 1996 1219 Christi

416 1258 770 1327 generatione
798 1264 924 1312 ante
953 1257 1154 1313 saecula
1185 1271 1252 1311 ex
1290 1255 1402 1311 Deo
1430 1265 1486 1312 et
1515 1256 1677 1311 Patre
1723 1256 1805 1312 sic
1847 1257 1997 1312 velut

413 1360 482 1400 ex
512 1346 686 1415 ipsius
714 1344 836 1399 Filii
864 1360 1101 1416 persona
1129 1345 1372 1415 loquitur
1407 1364 1421 1401 :
1460 1364 1480 1397 ι
1515 1345 1821 1416 Antequam
1844 1360 1995 1399 mon-

414 1445 499 1492 tes
532 1437 740 1498 lierent,
769 1439 1084 1508 priusquam
1113 1445 1465 1507 erumperent
1492 1438 1692 1501 fontes,
1720 1443 1847 1492 ante
1875 1452 1994 1492 om-

411 1544 510 1584 nes
542 1544 673 1583 vero
700 1529 870 1584 colles
916 1528 1089 1600 gignit
1126 1544 1214 1585 me
1258 1530 1298 1583 ί.
1340 1548 1360 1581 ι
1414 1527 1865 1599 lnterrogandum
1907 1536 1991 1583 est

410 1620 575 1693 igitur
607 1618 848 1686 Judaeos,
878 1636 1041 1690 quem
1081 1620 1227 1676 Deus
1269 1627 1396 1675 ante
1430 1634 1643 1676 omnem
1677 1636 1790 1675 rem
1834 1635 1989 1676 crea-

408 1719 518 1764 tam
546 1710 826 1780 genuerit?
865 1708 996 1765 ltem
1031 1725 1162 1766 vero
1194 1725 1319 1765 cum
1349 1708 1494 1766 Deus
1522 1711 1589 1766 de
1617 1711 1825 1766 Adamo
1864 1712 1940 1766 ait
1967 1730 1982 1767 :

2100 706 2179 779 ρθ’
2207 708 2422 781 ψαλμοῦ
2441 727 2455 740 ·
2497 730 2517 764 ι
2545 711 2641 765 Ἐκ
2671 712 2905 784 γαστρὸς
2953 714 3060 784 πρὸ
3101 716 3377 789 ἐωσφόρου
3404 718 3671 790 ἐγέννησά

2098 815 2180 853 σε.
2211 818 2230 852 ι
2262 800 2497 871 Εὔδηλον
2525 801 2603 867 δὲ,
2637 803 2718 856 ὅτι
2746 803 2920 867 οὐδεὶς
2969 803 3270 876 ἀνθρώπων
3314 808 3420 879 πρὸ
3457 811 3667 880 ἑωσφό-

2097 907 2194 961 ρου
2218 892 2501 964 ἐγεννήθη.
2534 895 2590 948 Ὁ
2613 894 2721 967 γὰρ
2758 897 3031 967 ἑωσφόρος
3055 900 3120 967 τῇ
3141 898 3181 951 δ’
3212 900 3396 971 ήμέρᾳ
3420 901 3664 970 ἐγένετοο

2094 983 2124 1034 6
2159 983 2215 1037 δὲ
2250 984 2420 1055 Ἀδὰμ
2461 988 2527 1057 τῇ
2566 993 2617 1050 ς’
2639 987 2825 1058 ήμέρᾳ
2872 987 3137 1061 ἐπλάσθη.
3175 990 3449 1055 Ὡσαύτως
3483 992 3541 1045 δὲ
3573 994 3671 1048 καὶ

2095 1075 2347 1146 Σολομὼν
2370 1078 2499 1148 περὶ
2528 1078 2630 1149 τῆς
2663 1080 2769 1150 πρὸ
2795 1078 3004 1133 αἰώνων
3044 1082 3108 1134 ἐκ
3145 1080 3280 1135 Θεοῦ
3318 1082 3415 1136 καὶ
3451 1084 3670 1157 Πατρὸς

2094 1168 2396 1238 γεννήσεως
2444 1169 2539 1221 τοῦ
2586 1169 2904 1240 μονογενοῦς
2944 1170 3075 1224 Υἱοῦ
3115 1174 3209 1227 καὶ
3252 1174 3426 1242 Λόγου
3457 1176 3670 1246 Κυρίου

2094 1256 2251 1325 ήμῶν
2299 1258 2474 1329 Ἰησοῦ
2512 1260 2749 1331 Χριστοῦ
2779 1261 2922 1315 οὕτω
2962 1263 3148 1334 φησὶν,
3170 1264 3246 1326 ὡς
3279 1267 3343 1319 ἐκ
3370 1267 3666 1338 προσώπου

2093 1345 2188 1399 τοῦ
2227 1347 2355 1401 Υίοῦ
2389 1350 2582 1403 αὐτοῦ·
2619 1370 2639 1402 ‹
2680 1351 2795 1423 Πρὸ
2823 1352 2918 1406 τοῦ
2950 1354 3049 1426 ὅρη
3080 1355 3396 1427 γενηθῆναι,
3430 1357 3539 1428 πρὸ
3567 1359 3665 1411 τοῦ

2089 1439 2190 1502 τὰς
2212 1440 2394 1511 πηγὰς
2422 1442 2725 1513 προελθεῖν,
2770 1446 2878 1517 πρὸ
2908 1446 2965 1500 δὲ
3009 1447 3226 1502 πάντων
3268 1449 3471 1520 βουνῶν
3498 1454 3665 1524 γεννᾷ

2094 1547 2182 1601 με.
2209 1550 2229 1584 ι
2267 1533 2598 1605 Ἐρωτητέον
2640 1531 2735 1589 οῦν
2786 1537 2969 1591 λοιπὸν
3009 1538 3101 1592 τὸν
3159 1541 3428 1605 Ἰουδαῖον,
3474 1543 3598 1597 τίνα
3632 1545 3665 1596 6

2089 1620 2222 1687 Θεὸς
2243 1625 2348 1695 πρὸ
2377 1626 2559 1698 πάσης
2589 1628 2820 1693 κτίσεως
2853 1630 3175 1702 ἐγέννησεν;
3219 1633 3450 1704 Ὁμοίως
3482 1636 3541 1690 δὲ
3568 1638 3663 1690 καὶ

2087 1712 2149 1766 τὸ
2175 1716 2349 1770 εἰπεῖν
2371 1717 2461 1770 τὸν
2486 1718 2620 1773 Θεὸν
2644 1721 2772 1792 περὶ
2799 1721 2893 1774 τοῦ
2927 1722 3118 1794 Ἀδάμ,
3140 1725 3221 1777 ὅτι
3255 1744 3273 1776 «
3314 1727 3448 1781 Ἰδοὺ
3486 1728 3660 1799 Ἀδὰμ

413 1819 434 1853 «
468 1799 608 1856 Ecce
634 1798 806 1855 Adam
851 1799 1029 1856 factus
1079 1809 1167 1856 est
1213 1802 1362 1856 velut
1393 1817 1536 1856 unus
1583 1817 1648 1855 ex
1692 1794 1853 1857 nobis
1880 1805 1923 1867 ',
1954 1821 1975 1855 ι

2087 1805 2300 1875 γέγονεν
2315 1808 2390 1872 ὼς
2400 1805 2480 1874 εἷς
2501 1811 2751 1883 ἐξήμῶν,
2777 1831 2796 1865 ›
2818 1814 3034 1885 Πατέρα
3056 1817 3149 1869 καὶ
3176 1816 3303 1870 Υἰὸν
3325 1818 3418 1871 καὶ
3434 1794 3663 1890 Πνεῦμα

406 1893 627 1947 Patrem
672 1899 727 1946 et
766 1889 965 1945 Filium
1006 1899 1063 1947 et
1113 1890 1380 1962 Spiritum
1439 1899 1691 1947 sanctum
1750 1892 1976 1947 indicat.

408 1981 545 2037 Cum
582 1981 784 2052 pariter
811 1981 1013 2036 dicitur
1045 1999 1061 2037 :
1098 2001 1117 2035 «
1169 1981 1316 2037 Pluit
1353 1981 1618 2038 Dominus
1666 1996 1698 2036 a
1749 1981 1981 2039 Domino

407 2073 589 2144 ignem
646 2088 812 2143 super
848 2071 1165 2141 Sodomam,
1199 2074 1221 2106 ³
1250 2093 1270 2126 ›
1308 2072 1470 2129 Pater
1507 2082 1562 2130 et
1590 2073 1765 2131 Filius
1796 2084 1981 2145 aperte

407 2163 769 2233 significatur.

472 2255 527 2309 5.
553 2253 711 2320 Quod
737 2261 919 2308 autem
945 2252 1089 2310 Deus
1125 2253 1365 2310 Verbum
1402 2255 1567 2311 homo
1595 2263 1651 2311 et
1680 2270 1813 2311 caro
1849 2256 1981 2312 ulti-

403 2344 514 2401 mis
540 2345 878 2415 temporibus
909 2344 1028 2401 ﬁeri
1068 2346 1341 2412 debuerit,
1383 2346 1673 2404 audiamus
1707 2347 1762 2402 id
1793 2362 1825 2401 a
1854 2362 1982 2417 pro-

404 2435 587 2507 phetis
619 2437 845 2492 dictum.
881 2438 1071 2508 Itaque
1093 2438 1175 2494 sic
1196 2439 1275 2493 ait
1306 2437 1575 2509 propheta
1615 2436 1808 2503 David,
1849 2437 1981 2493 «Be-

403 2526 655 2584 nedictus
682 2529 775 2598 qui
806 2530 957 2585 venit
986 2531 1045 2585 in
1071 2531 1293 2587 nomine
1334 2530 1586 2599 Domini;
1619 2530 1762 2588 Deus
1796 2530 1982 2585 Domi-

405 2635 532 2686 nus,
551 2628 607 2676 et
633 2622 888 2692 apparuit
903 2623 1142 2679 nobis‘.»
1164 2623 1230 2677 Et
1246 2639 1463 2690 rursus,
1487 2623 1666 2680 «Deus
1688 2623 1981 2680 manifeste

402 2713 662 2767 veniet‘.»
711 2713 883 2769 Isaias
920 2714 1052 2770 item
1101 2715 1178 2770 ita
1221 2715 1463 2785 loquitur
1498 2735 1511 2770 :
1554 2714 1704 2770 «Non
1751 2716 1981 2785 angelus

403 2817 584 2874 neque
613 2804 851 2875 legatus,
887 2805 983 2861 sed
1023 2805 1143 2877 ipse
1183 2805 1450 2861 Dominus
1479 2806 1664 2862 veniet
1694 2814 1751 2861 et
1797 2807 1980 2862 salvos

404 2912 510 2953 nos
544 2895 730 2953 faciet.
762 2896 920 2952 Tune
948 2897 1263 2968 aperientur
1292 2898 1439 2953 oculi
1478 2913 1769 2962 cwcorum,
1806 2906 1861 2954 et
1885 2914 1980 2955 ex-

404 2985 589 3057 pedita
618 2986 723 3042 erit
753 2986 939 3058 lingua
964 2987 1246 3042 balborum
1285 3006 1298 3042 :
1333 2994 1468 3042 tunc
1509 2987 1742 3043 claudus
1772 2998 1831 3042 ut
1859 3002 1978 3044 cer-

402 3093 508 3133 vus
533 3077 771 3136 saliet‘.»
806 3079 1091 3135 Christum
1113 3080 1242 3134 item
1273 3094 1341 3134 ex
1390 3077 1592 3140 femina
1624 3079 1839 3149 virgine
1881 3095 1978 3151 ge-

403 3168 710 3224 nerandum
732 3182 856 3225 esse
870 3168 1160 3223 audiamus
1180 3182 1247 3223 ex
1273 3166 1360 3223 his
1386 3165 1543 3223 Isaiae
1558 3168 1837 3237 prophetae
1857 3184 1979 3222 ver-

404 3260 492 3315 bis
529 3277 544 3314 :
584 3258 754 3313 «Ecce
787 3259 945 3329 virgo
969 3259 1264 3329 concipiet,
1295 3266 1350 3314 et
1369 3260 1546 3329 pariet
1575 3260 1773 3326 ﬁlium,
1801 3269 1856 3316 et
1884 3276 1980 3316 vo-

405 3346 610 3402 cabunt
629 3361 826 3402 nomen
841 3346 889 3417 ej
899 3362 961 3403 us
972 3346 1338 3403 Emmanuel’.
1354 3367 1372 3400 ι
1396 3348 1542 3403 ldem
1563 3364 1785 3415 rursus,
1806 3370 1824 3401 «
1837 3349 1980 3406 Puer

406 3446 574 3493 natus
617 3446 704 3493 est
731 3436 915 3502 nobis,
949 3445 1005 3492 et
1051 3437 1199 3493 filius
1236 3438 1398 3494 datus
1428 3447 1512 3495 est
1546 3440 1714 3517 nobis
1731 3458 1746 3508 ;
1775 3449 1831 3497 et
1879 3456 1978 3496 vo-

407 3529 622 3583 cabitur
650 3543 851 3584 nomen
907 3528 1029 3599 ejus
1067 3528 1244 3600 Magni
1273 3530 1492 3584 consilii
1524 3532 1771 3601 angelus,
1801 3533 1979 3587 admi-

406 3620 618 3686 rabilis,
645 3621 1018 3687 consiliarius,
1044 3619 1188 3676 Deus
1227 3620 1410 3689 fortis,
1451 3631 1667 3692 potens,
1717 3623 1989 3696 princeps.

405 3711 581 3781 pacis,
608 3720 762 3781 pater
787 3711 960 3766 futuri
981 3711 1168 3767 saeculi
1184 3710 1226 3763 ".
1255 3729 1274 3763 ›
1305 3711 1511 3766 Deinde
1542 3711 1684 3766 idem
1708 3714 1972 3783 propheta

405 3802 586 3856 locum
616 3804 796 3872 ipsum
834 3803 1062 3866 indicat,
1085 3802 1179 3856 ubi
1205 3801 1259 3856 in
1291 3801 1456 3856 terris
1487 3800 1743 3858 Christus
1790 3803 1974 3857 incar-

405 3895 622 3951 nandus
643 3902 783 3960 erat,
812 3909 1008 3965 nempe
1043 3893 1334 3950 Nazaretb.
1378 3892 1581 3949 «Terra
1620 3893 1884 3960 Zabulon,
1921 3904 1976 3951 et

412 3996 560 4041 terra
586 3985 957 4057 Nephthalim,
979 3986 1064 4041 via
1095 3986 1285 4050 maris,
1321 3991 1477 4040 trans
1507 3982 1825 4048 Iordanem,
1864 3983 1974 4040 Ga-

404 4077 545 4132 lilaea
589 4076 876 4148 gentium:
907 4076 1140 4146 populus
1187 4074 1281 4145 qui
1333 4074 1389 4128 in
1441 4073 1681 4129 tenebris
1728 4073 1972 4140 sedebat,

405 4168 542 4222 vidit
570 4167 745 4221 lucem
775 4165 1105 4237 magnam’.»
1133 4162 1296 4219 Patet
1331 4171 1511 4219 autem
1546 4162 1806 4233 populum
1842 4178 1974 4234 gen-

403 4259 563 4324 tium,
609 4258 664 4312 in
697 4256 933 4312 tenebris
981 4256 1320 4327 ignorantiae,
1346 4253 1551 4312 erroris
1574 4262 1629 4310 et
1657 4255 1975 4310 idololatria

405 4348 636 4403 sedisse.
651 4346 807 4403 Unde
822 4346 994 4403 David
1014 4347 1221 4403 docens
1243 4346 1413 4402 Deum
1433 4346 1833 4402 incarnandum
1850 4363 1974 4404 esse

404 4445 627 4509 propter
640 4447 850 4510 gentes,
878 4439 975 4503 ait,
1002 4438 1299 4509 «Regnavit
1321 4436 1465 4493 Deus
1489 4452 1656 4508 super
1671 4439 1968 4508 gentes‘h

407 4530 553 4584 Idem
576 4537 840 4599 praeterea
866 4531 1129 4601 propheta
1155 4541 1415 4600 tanquam
1442 4544 1508 4585 ex
1528 4545 1765 4600 persona
1793 4530 1972 4589 Patris

403 4622 472 4675 ad
497 4619 697 4677 Filium
726 4621 804 4676 ait
835 4641 849 4676 :
886 4620 1143 4676 «Postula
1171 4636 1204 4676 a
1232 4637 1340 4688 me,
1377 4631 1432 4677 et
1466 4621 1612 4677 dabo
1654 4623 1753 4679 tibi
1781 4630 1971 4694 gentes

400 4712 1048 4770 hmreditatemtuam“.i
1084 4712 1224 4768 Hinc
1242 4713 1428 4782 etiam,
1478 4711 1711 4771 «Omnes
1757 4722 1970 4786 gentes,

400 4804 643 4874 plaudite
683 4805 1040 4861 manibus‘h
1087 4804 1156 4859 Et
1203 4819 1424 4864 rursus.
1473 4804 1706 4862 «Omnes
1758 4814 1968 4878 gentes,

399 4911 757 4967 quascunque
793 4896 996 4962 fecisti,
1027 4896 1246 4953 venient
1269 4906 1324 4953 et
1350 4898 1662 4954 adorabunt
1683 4914 1868 4954 coram
1895 4908 1970 4965 te,

399 4986 650 5053 Domine,
667 4996 723 5044 et
735 4988 1119 5061 glorificabunt
1138 5003 1337 5044 nomen
1350 4998 1506 5044 tuum
1525 4989 1583 5043 in
1601 4989 1931 5045 saeculum".
1946 5011 1966 5043 ι
2014 5050 2015 5053 η

2083 1894 2235 1964 άγιον
2255 1896 2423 1968 δηλοῖ.
2454 1900 2563 1954 Καὶ
2600 1901 2761 1955 πάλιν
2791 1903 2853 1955 τὸ
2889 1905 3088 1967 εἰπεῖν,
3120 1905 3203 1959 ὅτι
3227 1925 3247 1958 «
3274 1906 3505 1979 Ἐὗρεξε
3537 1910 3660 1963 K6-

2084 2004 2200 2058 ριος
2228 1989 2381 2060 παρὰ
2408 1992 2614 2062 Κυρίου
2641 1993 2751 2066 πῦρ
2778 1994 2873 2048 ἐπὶ
2912 1994 3141 2067 Σόδομα,
3178 2015 3197 2050 ι
3220 1998 3509 2069 προφανῶς
3544 2000 3660 2054 Ila»

2080 2077 2214 2149 τέρα
2232 2080 2326 2132 καὶ
2352 2080 2480 2135 Υίὸν
2505 2082 2783 2154 σημαίνει.

2149 2231 2204 2287 5.
2253 2233 2372 2287 Ὅτι
2400 2235 2457 2289 δέ
2479 2236 2892 2310 ἐνανθρωπῆσαι
2930 2239 3026 2292 καὶ
3060 2240 3393 2313 σαρκοῦσθαι
3438 2243 3527 2296 ἐπ’
3560 2247 3659 2298 ἑσ-

2079 2324 2259 2394 χάτων
2295 2324 2402 2379 τῶν
2429 2328 2650 2399 ἡμερῶν
2697 2328 2920 2400 ἔμελλεν
2951 2332 2980 2384 6
3010 2332 3143 2395 Θεὸς
3168 2333 3360 2402 Λόγος,
3403 2335 3658 2389 ἀκούσωο

2082 2433 2183 2486 μεν
2205 2416 2312 2470 τῶν
2341 2418 2636 2489 προφητῶν
2658 2421 2759 2485 τὰς
2787 2421 2972 2491 φωνάς
2999 2423 3284 2493 λεγόντων,
3334 2425 3427 2479 τοῦ
3471 2427 3663 2498 μέντοι

2081 2511 2360 2582 προφήτου
2420 2511 2621 2564 Δαὸίό⁸
2674 2532 2693 2565 ι
2732 2514 3108 2587 Εὐλογημένος
3167 2518 3196 2570 6
3257 2517 3551 2590 ἐρχόμενος
3596 2521 3661 2574 ἐν

2079 2603 2302 2674 ὀνόματι
2332 2604 2538 2676 Κυρίου
2566 2622 2580 2636 ’
2607 2605 2739 2670 Θεὸς
2768 2606 2993 2679 Κύριος,
3020 2609 3115 2662 κα)⁵
3132 2609 3402 2679 ἐπέφανεν
3434 2613 3566 2683 ἡμῖν
3586 2628 3602 2643 ο
3631 2631 3653 2664 ι

2080 2697 2174 2748 καὶ
2205 2691 2400 2750 πάλινσ
2440 2715 2459 2748 ι
2511 2695 2569 2752 '0
2602 2697 2735 2762 Θεὸς
2766 2698 3025 2771 ἐμφανῶς
3046 2698 3195 2772 ἥξει·
3241 2721 3261 2755 ι
3298 2703 3393 2757 τοῦ
3422 2704 3480 2758 δὲ
3516 2721 3659 2777 προ·-

2079 2787 2248 2857 φήτου
2302 2787 2559 2842 Ἡσαΐουο
2608 2809 2628 2841 «
2655 2791 2768 2844 Οὐκ
2809 2791 3040 2861 ἄγγελος
3085 2794 3207 2847 οὐδὲ
3236 2795 3501 2867 πρέσϐυς,
3539 2796 3664 2850 ἀλλ’

2078 2876 2241 2941 αὐτὸς
2270 2880 2298 2931 6
2324 2878 2529 2950 Κύριος
2554 2880 2675 2951 ἥξει
2707 2881 2803 2936 καὶ
2834 2881 3000 2937 σώσει
3022 2886 3190 2956 ἡμᾶς.
3218 2886 3353 2939 Τότε
3380 2886 3660 2959 ὀφθαλμοὶ

2077 2969 2291 3039 τυφλῶν
2317 2972 2752 3046 ἀνοιχθήσονται,
2778 2977 2873 3029 καὶ
2902 2976 3072 3049 τρανὴ
3101 2977 3255 3031 ἔσται
3289 2978 3513 3048 γλῶσσα
3558 2998 3660 3051 μο·

2078 3061 2312 3129 γιλάλων
2334 3064 2454 3118 τότε
2485 3067 2514 3118 6
2540 3065 2714 3137 χωλὸς
2731 3066 2807 3130 ὡς
2828 3066 3025 3138 ἔλαφος
3048 3070 3277 3125 ἀλείται.
3313 3090 3333 3123 ι
3365 3072 3489 3126 ’Ότι
3512 3073 3570 3126 δὲ
3594 3075 3663 3127 ἐκ

2005 3137 2048 3196 C
2080 3154 2338 3221 γυναικὸς
2383 3155 2650 3226 παρθένου
2684 3137 3010 3231 γεννηθῆναι
3056 3162 3086 3213 6
3125 3163 3363 3233 Χριστὸς
3402 3163 3658 3234 ἔμελλεν,

2090 3243 2312 3298 Ἡσαΐου
2356 3246 2448 3300 τοῦ
2498 3249 2776 3322 προφήτου
2804 3250 2966 3305 πάλιν
2999 3251 3321 3325 ἀκούσωμεν
3368 3252 3622 3323 λέγοντος
3642 3272 3656 3285 ·

2084 3356 2103 3389 ι
2147 3338 2276 3391 Ἰδοὺ
2306 3340 2340 3409 ἡ
2374 3340 2643 3412 παρθένος
2672 3344 2729 3396 ἐν
2759 3344 2957 3416 γαστρὶ
2987 3343 3117 3410 ἕξει,
3145 3346 3240 3399 καὶ
3276 3345 3489 3411 τέξεται
3519 3348 3658 3413 υίὸν,

2078 3430 2172 3483 καὶ
2214 3430 2500 3486 καλέσουσι
2549 3434 2612 3487 τὸ
2653 3433 2826 3506 ὄνομα
2869 3435 3034 3489 αὑτοῦ
3080 3437 3464 3509 Ἐμμανουήλ·
3505 3457 3525 3489 ι
3561 3438 3662 3493 καὶ

2078 3520 2240 3575 πάλιν
2271 3523 2300 3575 6
2331 3524 2493 3587 αὑτός
2515 3540 2529 3555 ⁸
2583 3543 2603 3577 ι
2641 3526 2862 3580 Παιδίον
2910 3528 3180 3600 ἐγεννήθη
3225 3531 3381 3602 ἡμῖν,
3416 3529 3534 3594 υἱὸς
3563 3531 3663 3584 καὶ

2079 3609 2232 3683 ἐδόθη
2279 3614 2431 3683 ἡμῖν,
2476 3615 2572 3668 καὶ
2617 3616 2862 3671 καλεῖται
2901 3617 2964 3671 τὸ
3001 3618 3176 3690 ὄνομα
3198 3620 3361 3673 αὑτοῦ
3394 3621 3667 3690 Μεγάλης

2078 3701 2269 3775 βουλῆς
2298 3704 2548 3774 ἄγγελος,
2585 3705 2919 3779 θαυμαστὸς,
2963 3708 3287 3782 σύμϐουλος,
3333 3712 3468 3776 Θεὸς
3509 3714 3666 3783 ἰσχυ-

2080 3794 2191 3867 ρὸς,
2234 3796 2605 3869 ἐξουσιαστὴς,
2648 3798 2832 3871 ἄρχων
2871 3802 3113 3873 εἰρήνης,
3163 3803 3348 3873 πατὴρ
3387 3802 3483 3856 τοῦ
3526 3804 3667 3875 μὲλ-

2074 3887 2254 3952 λοντος
2285 3888 2481 3952 αἰῶνος
2507 3927 2521 3941 .
2563 3906 2582 3940 )
2620 3885 2753 3942 Εἶτα
2783 3891 2813 3942 6
2848 3890 3012 3955 αὐτὸς
3054 3894 3342 3965 προφήτης
3373 3893 3522 3963 λέγει
3560 3895 3668 3948 καὶ

2073 3977 2154 4043 τὸ,
2187 3977 2290 4032 ποῦ
2324 3977 2506 4049 μέλλει
2532 3977 2626 4032 ἐπὶ
2653 3978 2758 4050 γῆς
2791 3978 3125 4051 σαρκοῦσθαι
3151 3982 3180 4034 ὁ
3207 3981 3464 4052 Χριστὸς,
3499 3999 3665 4034 τουτ-

2074 4070 2222 4125 ἐστιν
2262 4072 2322 4124 ἐν
2360 4071 2617 4144 Ναζαρέθ
2643 4112 2658 4126 .
2692 4090 2712 4125 «
2740 4071 2819 4142 Γῆ
2855 4070 3142 4127 Ζαϐουλὼν
3187 4073 3279 4126 καὶ
3318 4071 3387 4143 γῆ
3431 4071 3663 4141 Νεφθα-

2072 4164 2219 4237 λείμ,
2269 4164 2388 4233 ὁδὸς
2421 4164 2695 4236 θαλάσσης
2738 4162 2910 4235 πέραν
2944 4162 3041 4216 τοῦ
3079 4162 3364 4235 Ἰορδάνου,
3390 4162 3658 4216 Γαλιλαία

2071 4257 2179 4310 τῶν
2208 4256 2408 4310 ἐθνῶν’
2440 4258 2469 4309 6
2499 4256 2625 4332 λαὸς
2650 4258 2678 4309 6
2706 4255 3015 4327 καθήμενος
3062 4255 3121 4309 ἐν
3162 4254 3342 4309 σκότει
3381 4253 3498 4324 φῶς
3542 4249 3661 4308 εἶδε

2075 4350 2239 4422 μέγα.
2273 4369 2292 4403 ι
2328 4349 2598 4421 Πρόδηλον
2634 4349 2713 4413 δὲ,
2757 4350 2844 4403 ὅτι
2889 4349 2998 4403 τῶν
3037 4347 3209 4403 ἐθνῶν
3249 4346 3378 4410 λαὸς
3414 4346 3665 4416 ἐκάθητο

2003 4472 2047 4527 θ
2073 4445 2132 4496 ἐν
2161 4441 2344 4498 σκότει
2371 4442 2472 4512 τῆς
2490 4442 2788 4509 ἀγνωσίας,
2811 4441 3040 4512 πλάνης,
3063 4441 3158 4495 καὶ
3181 4438 3657 4510 είδωλολατρείας.

2074 4537 2167 4591 Διὸ
2198 4536 2293 4591 καὶ¹
2332 4536 2362 4588 6
2397 4534 2584 4596 Aa6‘t6,
2634 4534 2866 4597 δεικνὺς,
2905 4534 2987 4586 ὅτι
3027 4532 3116 4585 διὰ
3156 4530 3227 4584 τὰ
3266 4528 3395 4601 ἔθνη
3448 4531 3478 4583 6
3517 4528 3661 4594 Θεὸς

2078 4624 2409 4697 σαρκοῦσθαι
2430 4623 2673 4694 ἔμελλεν,
2695 4622 2899 4692 ἔλεγενο
2925 4641 2945 4673 «
2967 4620 3344 4675 Ἐόασίλευσεν
3365 4621 3394 4672 6
3410 4619 3545 4683 Θεὸς
3559 4620 3664 4672 ἐπὶ

2074 4718 2143 4770 τὰ
2157 4716 2304 4787 ἔθνη.
2328 4735 2347 4768 ι
2367 4716 2478 4770 Καὶ
2514 4715 2677 4769 πάλιν
2708 4717 2736 4768 6
2769 4714 2932 4777 αὐτὸς
2953 4714 3241 4785 προφήτης
3261 4712 3337 4773 ὡς
3375 4714 3442 4765 ἐκ
3474 4728 3658 4783 προσ-

2075 4807 2225 4862 ώπου
2247 4807 2341 4861 τοῦ
2371 4806 2585 4879 Πατρὸς
2627 4806 2767 4879 πρὸς
2813 4806 2903 4859 τὸν
2940 4805 3070 4859 Υίόν
3108 4821 3306 4876 φησιν*
3364 4826 3381 4855 ι
3420 4806 3658 4874 Αἴτησον

2035 4900 2205 4971 ,παρ’
2254 4898 2413 4970 ἐμοῦ,
2460 4899 2555 4953 καὶ
2605 4898 2762 4953 δώσω
2813 4914 2896 4951 σοι
2939 4896 3067 4969 ἔθνη
3126 4896 3227 4969 τὴν
3285 4896 3660 4965 κληρονομίαν

2076 5009 2167 5044 σου
2190 5009 2205 5023 ·
2233 5011 2250 5041 ι
2276 4991 2357 5045 διὸ
2383 4991 2478 5046 καὶ
2515 5011 2532 5043 ι
2553 4991 2741 5045 Πάντα
2764 4989 2836 5044 τά
2864 4989 3015 5060 ἔθνη,
3034 4990 3341 5062 κροτήσατε
3377 4988 3570 5057 χεῖρας
3589 5002 3603 5016 ·
3628 5004 3659 5037 ι

400 5080 497 5133 καὶ
519 5078 713 5133 πάλινο
751 5098 770 5131 «
800 5079 987 5134 Πάντα
1010 5078 1080 5133 τά
1104 5077 1253 5151 ἔθνη,
1280 5081 1380 5134 ὅσα
1427 5079 1710 5152 ἐποίησας,
1753 5080 1964 5152 ἥξουσι,
2001 5087 2096 5139 καὶ
2132 5085 2602 5159 προσκύνησουσιν
2644 5082 2877 5139 ἐνώπιόν
2919 5098 3037 5150 σου,
3075 5082 3271 5154 Κύριε,
3338 5083 3434 5137 καὶ
3500 5079 3671 5145 δοξά-

401 5189 552 5227 σουσι
581 5174 642 5228 τὸ
671 5174 843 5246 ὄνομά
869 5191 961 5228 σου
993 5175 1074 5237 είς
1097 5174 1191 5229 τὸν
1220 5173 1415 5232 αἰῶνα.

471 5267 525 5322 6.
566 5266 724 5334 Quod
752 5276 936 5323 autem
958 5269 1014 5323 in
1035 5267 1353 5324 Bethlehem
1402 5267 1572 5341 (quod
1593 5276 1700 5336 est,
1725 5271 1774 5327 si
1800 5271 1974 5327 inter-

399 5359 654 5428 preteris,
686 5357 885 5414 Domus
913 5358 1091 5429 panis)
1122 5360 1435 5418 nasciturus
1471 5372 1591 5418 erat
1625 5364 1785 5434 panis
1820 5364 1968 5431 vitae,

472 5577 516 5609 ’⁷
552 5576 695 5652 P_sal.
721 5596 853 5652 cur,
891 5583 943 5637 '5.
1022 5586 1041 5616 ⁸
1081 5583 1242 5638 Prov.
1281 5601 1409 5646 vm,
1440 5585 1533 5641 25.
1604 5588 1627 5618 ¹
1667 5585 1799 5643 Gen.
1839 5603 1937 5652 In,
1970 5588 2060 5642 22.

400 5659 559 5717 nix,
585 5648 641 5703 5.
715 5650 735 5678 ‘
766 5652 871 5707 lsa.
902 5668 1064 5717 xxxv,
1099 5654 1154 5717 4,
1183 5655 1236 5709 5.

404 5716 623 5774 “.Psal.
662 5735 823 5789 nvi,
859 5722 908 5776 l.
987 5716 1210 5779 “Psal.
1247 5740 1445 5793 Lxxxv,
1481 5726 1530 5780 9.

1312 5657 1331 5686 ⁷
1369 5656 1612 5727 Ιεειηιιι,
1647 5658 1735 5714 14.
1814 5659 1833 5689 ⁸
1867 5662 1974 5715 lsa.

2093 5699 2106 5727 ,
2144 5658 2198 5712 ϐ.
2273 5660 2294 5691 ⁸
2330 5657 2465 5712 ibid.
2501 5659 2554 5712 l.
2633 5658 2676 5689 ¹⁰
2712 5654 2856 5713 Psal.
2887 5669 3051 5723 ιιγι,
3086 5655 3141 5712 8.

2149 5274 2204 5331 6.
2248 5273 2372 5327 Ὀτι
2415 5271 2475 5326 δέ
2512 5273 2570 5325 ἐν
2621 5268 2870 5340 Βηθλεὲμ
2911 5268 3056 5340 (ἥτις
3088 5267 3453 5341 ἑρμηνεύεται
3470 5265 3668 5337 οἶκος

2077 5363 2187 5417 τοῦ
2210 5362 2439 5434 ἄρτου),
2464 5360 2657 5433 ἔμελλε
2689 5359 2946 5431 γενέσθαι
2978 5362 3007 5413 6
3035 5359 3200 5430 ἄρτος
3226 5360 3327 5431 τῆς
3358 5358 3528 5432 ζωῆς,
3557 5362 3666 5421 καὶ

2165 5588 2185 5619 ³
2223 5585 2356 5642 Gen.
2395 5603 2519 5650 χιιι,
2557 5586 2650 5641 24.
2746 5584 2769 5616 ⁸
2806 5583 2952 5640 Psal.
2987 5598 3170 5652 cxvn,
3203 5584 3294 5639 26.
3402 5583 3424 5615 '
3461 5580 3615 5638 Psal.

3218 5657 3259 5687 ιι
3300 5652 3447 5712 Psal.
3481 5668 3559 5720 ιι,
3586 5653 3657 5712 8.
