3852 6192
157 325 267 381 689

1215 330 1690 400 ρυΑΞδΊΊΟΝΕδ
1727 333 1821 386 AD
1858 331 2265 388 ANTIOCHUM
2301 332 2556 389 DL'CEM.

3338 341 3442 396 690

158 446 244 498 ὅτι
278 445 604 517 πῳαιώνιός
629 450 776 502 ἐστιν
807 452 840 521 ἡ
870 453 935 504 ἐκ
979 451 1075 506 :06
1109 453 1522 525 Πατρὸς.αὐτοῦ
1563 452 1757 526 γέννη-

1868 454 2122 524 quodque
2151 463 2280 510 ante
2310 454 2511 510 sarcula
2555 453 2628 509 sit
2667 453 2787 524 ejus
2829 470 2895 510 ex
2941 455 3098 511 Patre
3139 461 3441 528 generatio,

163 554 270 600 σις,
315 537 664 609 ἀκούσωμεν,
693 541 788 594 τοῦ
838 543 1119 614 προφήτου
1169 544 1406 616 Μιχαίου
1454 545 1745 614 λέγοντοςο

166 649 185 682 «
228 631 337 684 Καὶ
370 632 456 694 σὺ,
497 633 768 706 Βηθλεὲμ,
806 631 954 699 οἶκος
983 637 1076 690 τοῦ
1133 638 1401 710 Ἐφραθὰ,
1453 638 1526 710 μὴ
1574 640 1752 707 ὀλιγο-

165 723 290 786 στὸς
326 719 376 774 εἴ
414 723 507 776 :06
556 720 694 778 εἶναι
738 729 796 780 ἐν
833 727 1068 798 χιλιάσιν
1112 730 1316 783 Ἰούδα⁹
1367 731 1461 784 Ἐκ
1509 730 1601 783 σοῦ
1643 731 1753 802 γάρ

167 831 258 885 μοι
293 814 633 878 ἐξελεύσεται
647 816 743 870 τοῦ
773 814 912 873 εἶναι
934 821 1014 883 εἰς
1035 820 1270 892 ἄρχοντα
1305 822 1362 874 ἐν
1391 821 1470 893 τῷ
1509 821 1750 894 Ἰσραὴλ,

163 906 261 960 καὶ
301 906 478 970 ἔξοδος
520 908 682 961 αὑτοῦ
735 910 829 962 ἀπ’
880 911 1056 983 ἀρχῆς
1106 913 1166 977 ἐξ
1201 913 1423 986 ἡμερῶν
1473 914 1688 977 αἰῶνος.
1729 933 1748 966 ι

165 997 293 1050 Ὅτι
329 999 385 1051 δὲ
428 1001 485 1051 ἐν
519 999 656 1052 Σιὼν
684 1001 865 1072 μέλλει
899 1003 1262 1074 φανεροῦσθαι
1308 1007 1336 1058 6
1370 1006 1626 1076 Χριστὸς,
1660 1007 1756 1060 καὶ

161 1092 248 1144 ὅτι
279 1090 544 1160 ’Ύψιστός
569 1095 704 1158 ἐστι,
741 1094 906 1148 Δαϐὶδ
935 1096 964 1146 6
994 1098 1281 1167 προφήτης
1305 1100 1361 1150 ἐν
1391 1097 1469 1168 τῷ
1491 1106 1586 1163 πς¹
1621 1097 1757 1168 ψαλ-

170 1183 258 1254 μῷ
297 1184 441 1237 οὑτω
482 1185 812 1257 προφητεύει
856 1187 1032 1256 λέγων
1061 1205 1074 1218 ·
1127 1209 1146 1239 «
1177 1191 1376 1262 Μήτηρ
1433 1189 1573 1244 Σιὼν
1619 1193 1754 1263 ἐρεῖ,

168 1278 498 1346 Ἀνθρωπος
524 1279 618 1332 καὶ
652 1279 937 1350 ἄνθρωπος
962 1277 1226 1355 ἐχεννήθη
1248 1285 1304 1336 ἐν
1343 1284 1503 1355 αὑτῇ,
1537 1285 1630 1338 καὶ
1658 1286 1757 1338 αὑ-

163 1368 258 1431 τὸς
309 1368 671 1438 ἐθεμελίωσεν
735 1370 905 1441 αὐτὴν
961 1373 990 1425 6
1035 1372 1321 1440 ⁹’Υψιστος.
1366 1393 1384 1424 ι
1445 1375 1608 1426 Ὥστε
1666 1369 1758 1428 οὖν

167 1461 398 1531 ὖψιστός
436 1466 585 1516 ἐστιν
624 1465 653 1516 6
683 1465 918 1534 Χριστὸς
959 1467 988 1518 6
1033 1465 1162 1529 Υἱὸς
1209 1465 1304 1518 τοῦ
1345 1465 1503 1520 Θεοῦ.
1537 1468 1658 1520 Ὅτι
1704 1468 1760 1520 δὲ

164 1555 382 1626 τεχθεὶς
423 1557 451 1607 6
487 1557 722 1626 Χριστὸς
781 1556 974 1628 ἔμελλε
1026 1559 1166 1627 μετὰ
1220 1559 1319 1629 τῆς
1371 1558 1504 1622 ἰδίας
1554 1559 1762 1630 μητρὸς

162 1646 268 1715 τῆς
324 1647 701 1717 πνευματικῆς
755 1647 986 1718 νεφέλης
1026 1647 1282 1718 ἔρχεσθαι
1335 1649 1414 1712 εἰς
1464 1649 1761 1717 Αἴγυπτον,

176 1737 408 1790 Ἡσαΐου
436 1737 528 1790 τοῦ
569 1738 845 1809 προφήτου
888 1739 1210 1810 ἀκούσωμεν
1235 1738 1518 1808 λέγοντος·
1563 1758 1582 1790 «
1633 1739 1760 1792 Ἰδοὺ

165 1828 376 1900 Κύριος
407 1828 642 1899 κάθηται
681 1829 774 1882 67:1
827 1828 1059 1900 νεφέλης
1108 1829 1337 1900 κούφης,
1388 1831 1482 1883 καὶ
1523 1830 1642 1899 ἡξει
1680 1831 1760 1893 εἰς

164 1919 468 1988 Αἴγυπτον,
499 1921 593 1974 καὶ
628 1921 1005 1993 σεισθήσονται
1039 1921 1107 1974 :6
1144 1921 1500 1993 χειροποίητα
1539 1922 1751 1991 Αἰγύπ-

164 2028 284 2066 του.
326 2031 345 2061 ι
383 2013 504 2064 Ὅτι
541 2013 598 2065 δὲ
652 2013 1047 2084 βαπτιζομένου
1077 2013 1170 2066 τοῦ
1197 2013 1454 2083 Χριστοῦ,
1481 2013 1703 2085 ἔμελλεν
1725 2017 1753 2068 6

164 2101 360 2172 Πατὴρ
403 2102 608 2157 ἄνωθεν
660 2104 808 2174 αὐτῷ
853 2107 1178 2176 μαρτυρεῖν,
1229 2106 1287 2158 ἐν
1312 2106 1390 2177 τῷ
1425 2106 1514 2177 κη’
1553 2107 1754 2179 ψαλμῷ

164 2194 484 2264 γέγραπται
518 2193 660 2247 οὕτω
687 2211 700 2225 ·
751 2214 769 2245 «
803 2197 959 2267 Φωνὴ
1001 2197 1211 2268 Κυρίου
1250 2198 1342 2250 67:1
1381 2198 1492 2251 τῶν
1522 2199 1754 2261 ὑδάτων,

164 2283 194 2336 ὸ
237 2284 373 2348 Θεὸς
421 2286 520 2356 τῆς
561 2287 722 2357 δόξης
770 2288 1122 2360 ἐϐρόντησεν,
1162 2291 1367 2363 Κύριος
1405 2292 1497 2344 67:1
1545 2293 1754 2348 ὑδάτων

165 2375 402 2430 πολλῶν.
449 2397 469 2430 ›
521 2375 654 2432 Εἶτα
707 2380 836 2450 περὶ
878 2381 986 2434 τῶν
1029 2381 1326 2452 θαυμάτων
1352 2384 1448 2437 καὶ¹
1487 2385 1753 2455 ἰαμάτων,

163 2461 328 2544 ὦνοὸ
379 2471 614 2540 Χριστὸς
660 2473 753 2526 καὶ
803 2473 936 2538 Θεὸς
993 2473 1150 2545 ἡμῶν
1209 2476 1466 2546 ἐποίησεν
1527 2477 1758 2542 Ἡσαΐας

166 2562 320 2630 ἡμᾶς
344 2561 584 2616 διδάσκει
616 2564 792 2633 λέγων
816 2582 831 2596 ο
869 2585 888 2616 «
928 2566 1101 2629 Αὐτὸς
1131 2566 1232 2631 τὰς
1277 2568 1562 2632 ἀσθενείας
1601 2571 1757 2642 ἡμῶν

164 2650 294 2725 ἦρε,
327 2655 422 2708 καὶ
455 2655 554 2720 τὰς
591 2656 779 2720 νόσους
824 2657 1116 2724 ἐϐάστασε,
1167 2661 1258 2714 καὶ
1292 2661 1422 2732 περὶ
1464 2661 1622 2732 ήμῶν
1647 2662 1760 2715 ὀδυ-

166 2747 352 2797 νᾶται.
401 2765 419 2797 ι
471 2747 595 2800 Ὅτι
653 2747 710 2802 δὲ
753 2751 1069 2821 εἰρηνεῦσαι
1125 2751 1216 2805 τὸν
1271 2752 1474 2823 κόσμον
1521 2749 1686 2824 ἦλθεν
1731 2757 1759 2806 6

166 2838 430 2910 Χριστὸς,
459 2840 784 2911 ἀκούσωμεν
807 2841 901 2896 :06
929 2843 1010 2896 οα¹
1029 2843 1247 2915 ψαλμοῦ
1271 2861 1284 2875 ο
1319 2862 1338 2896 ι
1372 2846 1758 2916 Καταϐήσεται

166 2931 250 2994 ὼς
292 2931 449 2994 ὑετὸς
489 2933 581 2985 67:1
626 2933 812 2996 πόκον,
864 2936 960 2987 καὶ
1003 2934 1134 2988 ὡσεὶ
1169 2933 1449 3006 σταγὼνή
1490 2934 1760 3000 στάζουσα

169 3022 271 3075 67:1
309 3023 410 3094 τὴν
458 3023 582 3092 γῆν.
629 3024 912 3078 Ἀνατελεῖ
964 3028 1020 3080 ἐν
1056 3029 1176 3090 ταῖς
1207 3027 1446 3098 ἡμέραις
1482 3028 1645 3081 αὑτοῦ
1690 3029 1762 3082 δι-

169 3111 460 3182 καιοσύνη,
512 3115 604 3166 καὶ
640 3114 844 3184 πλῆθος
887 3117 1131 3188 εἰρήνης,
1172 3117 1276 3180 ἓως
1311 3113 1372 3173 06
1401 3119 1758 3193 ἀνταναιρεθῇ

1857 545 2150 601 audiamus
2199 545 2476 601 Michaeam
2508 547 2830 616 prophetam
2864 549 3158 614 dicentem,
3218 551 3315 605 «Et
3361 563 3443 620 tu,

1859 637 2196 702 Bethlehem,
2245 637 2441 692 domus
2474 636 2771 706 Ephratha,
2818 654 2927 692 non
2979 640 3207 693 minima
3261 656 3321 696 es
3387 641 3444 696 in

1855 731 2100 787 millibus
2132 730 2272 786 Juda
2306 751 2320 786 :
2358 747 2424 787 ex
2456 742 2506 788 te
2530 734 2676 786 enim
2706 733 2839 787 mihi
2878 734 3208 804 egredietur,
3241 735 3335 806 qui
3372 737 3447 792 sit

1856 824 2171 878 dominator
2200 825 2253 878 in
2292 822 2480 885 Israel,
2518 833 2572 879 et
2608 841 2863 896 egressus
2895 827 3014 896 ejus
3061 828 3130 882 ab
3158 828 3338 894 initio,
3378 845 3444 884 ex

1857 914 2054 969 diebus
2076 915 2328 969 saaculi“.
2346 937 2363 967 ι
2389 915 2546 982 Quod
2577 917 2703 970 item
2727 918 2782 970 in
2806 916 2938 972 Sion
2952 918 3206 974 Christus
3225 920 3447 990 appari-

1859 1017 2016 1062 turus
2050 1016 2218 1072 esset,
2244 1015 2298 1062 et
2329 1009 2474 1077 quod
2510 1009 2628 1078 ipse
2655 1008 2727 1064 sit
2752 1008 3090 1074 Altissimus,
3120 1009 3294 1065 David
3315 1026 3450 1080 pro-

1858 1098 2022 1169 pheta
2052 1099 2264 1168 psalmo
2293 1100 2628 1170 octogesimo
2667 1107 2824 1154 sexto
2850 1101 2936 1156 his
2979 1101 3163 1156 verbis
3211 1103 3452 1172 prophe—

1859 1197 1940 1243 tat
1978 1208 1992 1244 :
2031 1189 2236 1245 «Mater
2265 1190 2396 1245 Sion
2427 1191 2594 1255 dicet,
2625 1190 2799 1245 Homo
2831 1199 2885 1246 et
2912 1192 3075 1247 homo
3095 1201 3261 1250 natus
3277 1203 3362 1250 est
3392 1195 3451 1252 in

1861 1296 1946 1347 ea,
1977 1291 2031 1336 et
2061 1282 2178 1352 ipse
2210 1282 2462 1337 fundavit
2495 1298 2615 1338 eam
2650 1283 3075 1339 Altissimus".i
3126 1285 3316 1357 Itaque
3351 1286 3448 1342 Al-

1863 1371 2113 1428 tissimus
2143 1381 2227 1428 est
2253 1373 2507 1428 Christus
2535 1371 2710 1428 Filius
2756 1373 2873 1427 Dei.
2914 1372 3073 1439 Quod
3113 1390 3244 1430 vero
3283 1383 3449 1431 natus

1861 1465 2122 1520 Christus
2164 1479 2288 1518 cum
2325 1465 2545 1535 propria
2595 1471 2793 1527 matre,
2845 1465 3118 1534 spirituali
3161 1467 3325 1534 nube,
3383 1468 3440 1522 iu

1862 1556 2158 1627 Egyptum
2206 1566 2323 1611 erat
2366 1564 2650 1622 venturus,
2720 1556 3008 1612 audiamus
3063 1556 3259 1612 Isaiam
3319 1574 3452 1628 pro-

1865 1648 2083 1716 phetam
2134 1646 2434 1713 dicentem,
2479 1647 2654 1702 «Ecce
2689 1647 2962 1704 Dominus
2999 1648 3152 1703 sedet
3200 1649 3256 1702 in
3306 1649 3452 1704 nube

1868 1737 1991 1801 levi,
2019 1738 2312 1807 venictque
2374 1738 2428 1791 in
2473 1736 2792 1809 IEgyptum,
2849 1745 2903 1792 et
2959 1739 3452 1793 commovebuntur

1793 1831 1833 1884 Β
1864 1828 2159 1884 simulacra
2181 1829 2471 1901 Egypti‘“.
2488 1849 2506 1882 ι
2533 1830 2688 1895 Quod
2704 1838 2908 1894 autem,
2929 1846 3054 1886 cum
3073 1831 3450 1902 baptizaretur

1859 1920 2136 1987 Christus,
2168 1921 2330 1976 Pater
2364 1922 2430 1977 de
2452 1937 2518 1977 eo
2549 1931 2852 1978 testaturus
2875 1929 3043 1989 esset,
3073 1922 3147 1976 ita
3181 1926 3446 1994 scriptum

1863 2013 2130 2068 habemus
2166 2014 2221 2068 in
2254 2015 2467 2084 psalmo
2504 2016 2765 2070 vicesimo
2799 2025 3016 2084 octavo,
3049 2014 3195 2070 «Vox
3228 2016 3446 2073 Domini

1862 2118 2028 2172 super
2073 2118 2291 2174 aquas:
2330 2104 2475 2160 Deus
2527 2105 2835 2173 majestatis
2885 2105 3146 2170 intonuit,
3186 2105 3451 2160 Dominus

1864 2209 2030 2263 super
2087 2210 2259 2264 aquas
2282 2197 2583 2250 multas".t
2611 2195 2815 2250 Deinde
2842 2197 2988 2266 quod
3017 2197 3081 2250 ad
3109 2198 3372 2251 miracula
3396 2203 3452 2252 et

1863 2286 2179 2342 sanationes
2213 2293 2445 2355 spectat,
2497 2302 2636 2356 quas
2685 2285 2940 2342 Christus
2970 2296 3026 2342 et
3070 2286 3216 2342 Deus
3263 2297 3452 2342 noster

1863 2377 2064 2443 eﬂ'ecit,
2099 2379 2179 2434 sic
2209 2379 2277 2434 de
2300 2381 2384 2433 his
2416 2394 2517 2435 nos
2549 2380 2708 2435 docet
2747 2378 2940 2444 Isaias,
2979 2399 2998 2431 «
3032 2379 3154 2450 lpse
3214 2381 3450 2434 inﬁrmi-

1863 2476 2005 2523 tates
2035 2478 2254 2524 nostras
2282 2469 2445 2539 250
2471 2470 2616 2532 tulit,
2667 2478 2722 2525 et
2749 2471 2972 2526 morbos
2993 2471 3249 2539 portavit,
3275 2480 3329 2526 et
3352 2487 3449 2540 pro

1864 2559 2026 2613 nobis
2056 2561 2443 2615 cruciatur‘b
2477 2559 2634 2627 Quod
2681 2561 2935 2616 similiter
2974 2561 3231 2622 Christus
3259 2575 3448 2631 pacem

1866 2651 2070 2706 mundo
2099 2653 2311 2706 venerit
2339 2653 2628 2717 allaturus,
2663 2653 2930 2708 discimus
2951 2668 3018 2708 ex
3046 2653 3450 2723 septuagesimo

1866 2744 2045 2813 primo
2088 2746 2320 2815 psalmo,
2359 2744 2698 2801 «Descendet
2749 2747 2891 2800 sicut
2925 2747 3110 2816 pluvia
3158 2746 3213 2798 in
3252 2746 3446 2807 vellus,

1865 2841 1920 2888 et
1953 2835 2096 2889 sicut
2124 2835 2268 2889 stilla
2303 2835 2520 2890 stillans
2551 2837 2608 2888 in
2639 2843 2863 2889 terram.
2897 2833 3117 2888 Orietur
3151 2837 3206 2888 in
3252 2833 3448 2888 diebus

1863 2927 2082 2997 justitia
2111 2935 2164 2983 et
2187 2929 2524 2982 abundantia
2563 2927 2737 2998 pacis,
2772 2926 2946 2982 donec
2978 2927 3262 2982 auferatur
3296 2927 3448 2988 luna,

1867 3025 1923 3071 et
1961 3016 2338 3072 dominabitur
2365 3033 2394 3071 a
2423 3019 2562 3072 mari
2594 3032 2770 3086 usque
2795 3017 2862 3070 ad
2894 3031 3063 3080 mare,
3100 3024 3155 3072 et
3189 3031 3218 3069 a
3268 3015 3450 3068 ﬂumi-

1870 3111 2034 3165 nibus
2061 3126 2237 3181 usque
2260 3111 2327 3164 ad
2359 3111 2624 3165 terminos
2671 3110 2824 3164 orbis
2854 3110 3232 3164 terrarum‘h
3292 3107 3448 3173 Quod

169 3200 206 3271 ἡ
244 3200 465 3272 σελήνη,
501 3203 595 3255 καὶ
629 3204 1054 3275 κατακυριεύσει
1085 3205 1192 3258 ἀπὸ
1225 3205 1501 3278 θαλάσσης
1539 3207 1645 3271 ἕως
1673 3208 1760 3262 θα-

1872 3203 1919 3258 si
1946 3203 2092 3256 dicat
2120 3201 2342 3258 Iudaeus
2373 3203 2640 3273 psalmum
2675 3203 2742 3257 de
2767 3201 3061 3256 Salomone
3089 3201 3261 3270 loqui,
3307 3201 3449 3254 falli-

169 3290 403 3363 λάσσης,
454 3295 548 3347 καὶ
584 3295 692 3348 ἀπὸ
736 3296 1002 3366 ποταμῶν
1033 3297 1139 3361 ἓως
1173 3297 1424 3369 περάτων
1455 3299 1551 3370 τῆς
1593 3301 1768 3354 οἰκου-

176 3385 370 3456 μένης.
413 3405 430 3436 ι
488 3385 608 3440 Κᾶν
658 3389 786 3458 εἴπῃ
825 3389 1096 3453 Ἰουδαῖος,
1128 3391 1210 3442 ὅτι
1247 3390 1377 3461 περὶ
1420 3391 1762 3462 Σολομῶντος

173 3475 324 3544 λέγει
359 3476 387 3526 6
413 3475 647 3547 ψαλμὸς,
679 3477 954 3546 ψεύδεται.
999 3478 1162 3546 Λέγει
1196 3479 1306 3550 γάρ
1327 3492 1339 3506 ’
1391 3497 1410 3530 «
1435 3479 1548 3550 Πρὸ
1580 3479 1671 3532 :06
1707 3482 1764 3549 ή-

172 3570 296 3623 λίου
328 3571 573 3642 διαμένει
611 3573 672 3625 τὸ
713 3572 884 3644 ὄνομα
923 3573 1090 3627 αὑτοῦ
1117 3591 1131 3604 ·
1175 3577 1271 3628 καὶ
1322 3575 1502 3628 πάντα
1533 3575 1602 3628 :6
1633 3575 1760 3646 ἔθνη

177 3663 545 3735 μακαριοῦσιν
577 3665 763 3729 αὑτὸν,
795 3667 890 3719 καὶ
928 3669 1404 3738 προσκυνήσουσιν
1443 3665 1592 3736 αὑτῷ
1635 3667 1764 3720 πάν-

175 3772 272 3819 τες
341 3757 390 3808 οἱ
451 3755 690 3826 βασιλεῖς
747 3757 847 3828 τῆς
911 3758 1036 3828 γῆς.
1091 3778 1111 3811 ι
1161 3759 1348 3812 Ταῦτα
1383 3759 1441 3812 δὲ
1473 3760 1534 3812 οὑ
1600 3758 1822 3810 δυνατὸν
1862 3758 1944 3820 εἰς
2003 3755 2322 3826 Σολομῶντα
2385 3753 2637 3822 λέγεσθαι
2683 3772 2695 3784 ·

177 3847 357 3899 ἡλίου.

199 3889 210 3917 ⁸
250 3938 306 3991 7.
347 3938 468 3991 Ὀτι
497 3939 554 3992 δὲ
587 3939 678 3993 καὶ
703 3940 790 3993 διὰ
823 3940 1199 4013 βαπτίσματος
1222 3941 1447 4012 ἔμελλεν
1473 3944 1500 3996 6
1533 3943 1767 4014 Χριστος

176 4031 206 4081 6
232 4028 369 4092 Θεὸς
404 4029 562 4100 ήμῶν
598 4035 892 4104 καταργεῖν
937 4034 1029 4087 τὸν
1073 4033 1340 4098 διάϐολον,
1375 4035 1403 4088 6
1436 4040 1514 4103 ογ¹
1555 4033 1767 4104 ψαλμὸς

182 4123 460 4191 μαρτυρεῖ
487 4119 660 4190 λέγων
694 4123 830 4194 πρὸς
861 4123 992 4178 Θεὸν
1019 4123 1194 4188 οὕτως
1216 4141 1228 4156 ο
1276 4144 1295 4175 «
1338 4125 1410 4177 Σὺ
1445 4123 1768 4196 συνέτριψας

177 4212 281 4276 τὰς
315 4212 557 4281 κεφαλὰς
580 4213 687 4267 τῶν
707 4213 1016 4285 δρακόντων
1044 4217 1137 4268 67:1
1161 4216 1257 4270 :06
1287 4215 1479 4279 ὓδατος
1505 4231 1521 4247 ο
1561 4216 1625 4268 σὺ
1653 4231 1770 4267 συν-

179 4302 417 4366 έθλασας
441 4303 540 4374 τὴν
567 4306 813 4378 κεφαλὴν
850 4306 944 4360 τοῦ
968 4307 1281 4378 δράκοντος.
1320 4325 1339 4358 ι
1393 4306 1518 4359 Ὅτι
1561 4304 1619 4357 δὲ
1655 4321 1769 4357 ποι-

181 4395 322 4466 ητὴς
363 4395 594 4466 ούρανοῦ
621 4399 650 4450 6
677 4399 911 4468 Χριστός
955 4403 1126 4465 ἐστιν,
1161 4403 1190 4454 6
1218 4403 1274 4453 ἐν
1320 4395 1565 4472 θαλάσσῃ
1610 4415 1766 4469 περι-

180 4486 458 4555 πατήσας,
494 4486 589 4539 :06
630 4487 749 4540 Ἰὼϐ
777 4489 1104 4560 ἀκούσωμεν
1136 4489 1384 4559 λέγοντος
1409 4489 1581 4552 οὕτως
1604 4501 1617 4515 ·
1650 4505 1668 4538 t
1705 4489 1762 4540 ὐ

1869 3304 1975 3350 tur.
2007 3294 2140 3349 Nam
2175 3295 2290 3350 haec
2317 3295 2438 3364 ejus
2467 3306 2612 3350 sunt.
2633 3296 2800 3350 verba
2843 3314 2858 3350 :
2907 3296 3077 3348 «Ante
3122 3293 3292 3347 solem
3322 3307 3449 3362 per-

1866 3393 2049 3442 manet
2093 3401 2293 3440 nomen
2321 3387 2441 3455 ejus
2474 3405 2488 3441 :
2516 3393 2570 3440 et
2591 3401 2780 3440 omnes
2811 3394 2998 3456 gentes
3023 3383 3240 3438 beatum
3267 3381 3451 3437 dicent

1864 3495 2014 3544 eum,
2040 3487 2094 3535 et
2131 3479 2437 3533 adorabunt
2466 3493 2588 3533 eum
2613 3494 2805 3532 omnes
2832 3493 2987 3548 reges
3011 3475 3449 3544 terrae’°.iAtqui

1865 3572 1980 3625 hac
2017 3571 2075 3623 in
2117 3569 2467 3623 Salomonem
2499 3569 2774 3638 quadrare
2815 3581 2926 3620 non
2973 3573 3202 3636 queunt,
3247 3565 3451 3634 quippe

1862 3665 1954 3733 qui
1987 3671 2114 3718 ante
2146 3663 2316 3717 solem
2350 3678 2456 3715 non
2484 3661 2778 3716 exstiterit.

2744 3754 2804 3806 οὑ
2862 3753 2972 3824 γὰρ
3022 3749 3091 3824 ἦν
3145 3751 3308 3813 αὑτὸς
3344 3749 3453 3821 πρὸ

1941 3932 1992 3987 7.
2023 3933 2179 3999 Quod
2211 3939 2392 3987 autem
2427 3930 2682 3985 Christus
2713 3929 2858 3984 Deus
2906 3935 3094 3984 noster
3132 3945 3230 3999 per
3275 3931 3452 4000 bapti-

1870 4043 2048 4084 smum
2081 4026 2421 4081 contriturus
2443 4032 2590 4079 esset
2624 4023 2927 4088 diabolum,
2957 4029 3191 4076 testatur
3209 4023 3451 4091 psalmus

1869 4117 2305 4189 septuagesimus
2349 4117 2548 4171 tertius
2588 4115 2674 4171 his
2715 4114 2941 4170 verbis:
2987 4113 3096 4166 «Tu
3143 4115 3451 4169 contrivisti

1869 4211 2050 4280 capita
2097 4211 2399 4265 draconum
2446 4209 2503 4263 in
2569 4223 2759 4277 aqua:
2796 4215 2853 4260 tu
2897 4206 3214 4275 confregisti
3271 4207 3452 4276 capita

1869 4301 2124 4356 draconis
2149 4302 2194 4332 ἰ
2223 4319 2236 4355 :
2270 4321 2288 4353 ι
2326 4301 2606 4357 Christum
2653 4307 2915 4369 praeterea
2976 4297 3100 4352 ραιΙὶ
3141 4297 3451 4354 elfcctorem

1870 4409 1993 4449 esse
2026 4394 2119 4463 qui
2154 4401 2207 4448 et
2243 4393 2298 4447 in
2342 4393 2480 4446 mari
2515 4392 2896 4468 ambulaverit,
2945 4392 3232 4446 audiamus
3259 4408 3324 4445 ex
3366 4392 3454 4447 his

1868 4485 1991 4541 Jobi
2017 4486 2220 4548 verbis,
2255 4484 2389 4549 «Qui
2417 4485 2674 4555 expandit
2709 4485 2909 4538 cmlum
2941 4484 3114 4548 solus,
3133 4493 3186 4538 et
3209 4484 3453 4538 ambulat

179 4577 424 4641 τανύσας
471 4580 564 4632 τὸν
588 4580 816 4651 οὐρανὸν
862 4582 1042 4652 μόνος,
1078 4583 1173 4636 καὶ
1213 4582 1530 4654 περιπατῶν
1555 4583 1646 4636 67:1
1673 4582 1760 4636 θα-

1871 4581 1925 4634 in
1947 4579 2082 4634 mari
2116 4579 2263 4633 velut
2291 4579 2346 4632 in
2395 4579 2614 4633 5010".»
2653 4575 2728 4632 De
2759 4577 2907 4646 pullo
2951 4561 3131 4630 autem
3169 4585 3223 4631 et
3273 4578 3449 4641 asina,

180 4669 394 4741 λάσσης
411 4671 487 4734 ὡς
505 4672 588 4722 ἐπ’
604 4672 855 4740 ἐδάφους.
885 4692 903 4723 ι
935 4674 1070 4745 Περὶ
1101 4674 1158 4727 δὲ
1183 4674 1276 4726 :06
1312 4674 1492 4728 πώλου
1531 4675 1628 4728 καὶ
1668 4675 1766 4745 τῆς

179 4761 332 4824 ὄνου,
371 4762 455 4830 ἐφ’
487 4755 561 4814 ὧν
585 4764 613 4814 6
644 4763 877 4834 Χριστὸς
923 4763 1269 4830 ἐπεκάθισεν,
1311 4765 1634 4835 ἀκούσωμεν
1670 4764 1765 4818 τοῦ

181 4853 468 4924 προφήτου
498 4852 768 4922 Ζαχαρίου
801 4853 1083 4922 λέγοντος’
1134 4873 1152 4905 «
1185 4855 1358 4924 Χαῖρε
1410 4853 1637 4925 σφόδρα,
1678 4851 1770 4906 θύ-

182 4960 359 5014 γατερ
393 4942 532 4997 Σιών
569 4961 582 4974 ·
629 4945 892 5015 κήρυσσε,
944 4944 1182 5017 θύγατερ
1223 4945 1612 5017 Ἰερουσαλήμ·
1661 4946 1768 4999 ἰδοὺ

181 5037 210 5089 6
241 5035 499 5106 βασιλεύς
527 5053 619 5090 σου
650 5037 865 5108 ἔρχεταί
895 5055 976 5091 σοι
1000 5038 1207 5102 δίκαιος
1237 5039 1333 5092 x61
1367 5037 1575 5103 σώζων,
1603 5038 1768 5101 αὑτὸς

181 5125 388 5195 πραῢς,
439 5125 534 5178 καὶ
576 5125 920 5198 ἐπιϐεϐηκὼς
973 5127 1066 5180 67:1
1107 5127 1399 5196 ὑποζύγιον
1439 5129 1534 5181 καὶ
1586 5127 1766 5180 πῶλον

182 5215 332 5268 νέον.
365 5234 384 5266 ι
424 5215 490 5267 Τί
541 5215 721 5270 τοίνυν
765 5216 876 5269 τῶν
921 5217 1280 5289 προφητικῶν
1323 5217 1529 5273 τούτων
1571 5217 1767 5287 φωνῶν

182 5307 621 5381 τηλαυγέστερον
654 5327 669 5375 ;
727 5310 866 5363 Ἀλλ’
902 5311 1072 5381 ὅμως,
1107 5311 1308 5384 καίπερ
1353 5311 1526 5376 οὕτως
1557 5313 1769 5383 τρανῶς

184 5399 321 5468 περὶ
369 5399 465 5452 :06
516 5400 753 5472 Χριστοῦ
805 5403 1279 5478 προφητευόντων,
1320 5403 1709 5473 ἁπετύιρλωσεν
1741 5406 1770 5456 6

185 5494 436 5556 Σατανᾶς
463 5493 533 5546 :6
557 5494 665 5548 τῶν
711 5493 975 5552 Ἰουδαίων
998 5496 1246 5568 ὄμματα,
1269 5496 1363 5550 καὶ
1395 5498 1500 5568 ἐπή
1510 5513 1650 5569 ρωσε
1672 5495 1770 5561 τὰς

264 5671 311 5700 ¹⁵
350 5668 516 5724 Mich.
553 5687 606 5732 v,
640 5669 696 5725 2.
775 5671 820 5702 ⁸⁸
855 5669 1002 5727 Psal.
1039 5688 1274 5737 Lxxxvr,
1307 5672 1380 5727 5.-
1443 5673 1486 5704 ¹⁶
1527 5672 1630 5727 Isa.
1667 5687 1756 5727 χιχ
1782 5712 1795 5727 .
1833 5672 1885 5726 l.

187 5756 320 5797 Lxxt
345 5779 360 5804 .
397 5740 518 5799 6-8.
593 5742 640 5773 ¹⁰
679 5741 810 5798 ibid.
851 5742 936 5798 l7.
1015 5743 1056 5774 ’ί
1097 5741 1245 5800 Fsal.
1285 5759 1486 5803 tum.
1526 5744 1616 5814 ψ,

1869 4671 1923 4724 ἰη
1955 4671 2154 4740 quibus
2197 4669 2454 4724 Christus
2508 4668 2728 4731 insedit,
2788 4668 3075 4722 audiamus
3129 4667 3448 4722 Zachariam

1867 4762 2190 4830 prophetam
2215 4761 2451 4814 aientem
2486 4778 2499 4814 :
2541 4759 2800 4815 «Exsulta
2825 4760 3080 4823 multum,
3114 4760 3219 4812 lilia
3264 4759 3394 4813 Sion
3431 4778 3444 4812 :

1871 4853 2136 4924 praadica,
2166 4853 2275 4906 tilia
2305 4851 2640 4920 Jerusalem;
2689 4867 2819 4907 ecce
2854 4867 2946 4905 rex
2981 4858 3108 4906 tuus
3152 4853 3302 4906 venit
3351 4853 3447 4906 tibi

1867 4941 2054 5011 justus
2087 4953 2141 4996 et
2170 4941 2431 5004 salvator,
2477 4941 2592 5010 ipse
2637 4940 2787 4993 mitis
2816 4939 3012 4994 sedens
3047 4955 3214 5008 super
3259 4942 3448 5008 subju-

1874 5033 2048 5103 galem
2079 5040 2134 5087 et
2168 5033 2374 5103 pullum
2407 5031 2783 5102 juniorem".i
2825 5030 2967 5096 Quid
2999 5030 3084 5084 his
3113 5031 3448 5099 propheticis

1874 5127 2100 5182 vocibus
2129 5127 2462 5181 luculentius
2483 5128 2505 5180 ?
2527 5125 2630 5181 Sed
2661 5132 2844 5180 tamen
2878 5126 3004 5179 licet
3037 5134 3144 5178 tam
3187 5129 3337 5178 clara
3382 5127 3450 5179 de

1867 5215 2092 5272 Christo
2132 5230 2317 5273 essent
2372 5217 2654 5282 vaticinia,
2700 5217 2892 5271 oculos
2937 5213 3248 5269 Judzeorum
3281 5231 3452 5269 excae-

1870 5309 2015 5364 cavit
2046 5309 2298 5376 Satanas,
2331 5324 2634 5378 eorumque
2681 5307 2880 5362 mentis
2930 5306 3167 5375 pupillas
3212 5305 3446 5366 obludit.

1873 5411 1933 5457 ut
1958 5409 2036 5456 tot
2065 5402 2376 5458 testimonia
2405 5415 2573 5471 prave
2613 5400 2972 5470 explicarent.
3019 5396 3222 5452 Verum
3267 5397 3452 5450 audia-

1873 5511 1996 5551 mus
2021 5493 2244 5563 insuper
2272 5493 2338 5548 de
2366 5493 2550 5564 pueris
2580 5492 2674 5562 qui
2724 5489 2942 5547 Christo
2976 5489 3232 5546 llosanna
3272 5489 3452 5542 accla-

1965 5673 2009 5704 "
2048 5670 2191 5728 Psal.
2231 5684 2434 5734 xxvut,
2468 5669 2521 5724 5.
2604 5669 2646 5700 ³⁸
2688 5665 2768 5726 Isa
2828 5684 2955 5735 LIII,
2993 5667 3047 5734 4,
3084 5667 3137 5724 5.
3218 5667 3260 5698 ¹²
3299 5663 3449 5720 Psal.

1693 5745 1739 5776 ε’
1778 5742 1879 5799 Job
1911 5758 1988 5810 ix,
2026 5743 2058 5798 8
2155 5743 2200 5774 ’³
2239 5741 2467 5798 Zachar.
2505 5756 2590 5810 ix,
2621 5739 2673 5795 9.
