3852 6192
381 259 478 315 691

1487 257 1546 314 S.
1577 257 2042 316 ATHANASIUS.
2080 290 2150 303 —
2189 259 2458 317 SPURIA.

3521 241 3640 320 δότ’

380 386 621 447 marunt,
655 389 708 435 et
734 389 922 452 aperte
948 379 1226 436 Christum
1267 388 1602 436 vocaverunt
1640 379 1951 444 Dominum,

2083 384 2155 454 ῆς
2189 383 2367 455 ψυχῆς
2403 381 2583 436 αὐτῶν
2603 383 2788 455 κόρας,
2814 383 2900 436 ἵνα
2921 381 3020 446 τὰς
3047 381 3298 446 τοιαύτας
3325 384 3634 454 μαρτυρίας

381 473 496 528 hazc
517 473 708 543 psalmi
735 472 914 527 octavi
935 472 1100 528 verba
1130 491 1143 528 :
1185 471 1444 527 1Domine
1459 471 1723 527 Dominus
1745 479 1952 537 noster,

381 581 546 636 quam
574 565 891 621 admirabile
920 572 1004 621 est
1023 579 1220 620 nomen
1243 572 1395 619 tuum
1413 565 1469 618 in
1492 564 1746 620 universa
1767 573 1912 620 terra
1940 584 1952 619 :

383 656 643 726 quoniam
673 657 879 712 elevata
909 663 994 711 est
1031 655 1436 724 magniﬁcentia
1459 662 1550 709 tua
1578 669 1744 725 super
1763 656 1953 710 caelos.

296 764 301 767 '
384 748 462 802 Ex
491 763 586 804 ore
608 746 894 802 infantium
925 747 1312 802 etlactentium
1336 745 1613 816 perfecisti
1635 747 1952 802 laudem'h

383 839 539 897 Iudae
580 855 797 910 quoque
832 839 1216 910 {proditionem
1273 839 1661 911 praesigniﬁcat
1705 841 1958 910 psalmus

386 932 834 1002 quadragesimus
859 929 1068 999 primus
1093 931 1196 985 hoc
1225 929 1388 986 modo
1416 949 1430 985 :
1467 930 1601 996 1Qui
1629 930 1826 985 edebat
1864 945 1962 1000 pa-

388 1039 486 1078 nes
503 1037 674 1086 meos,
688 1020 1053 1092 magniﬁcavit
1067 1036 1231 1090 super
1248 1036 1336 1076 me
1354 1021 1920 1091 supplantationem".
1936 1039 1954 1072 ι

387 1113 637 1170 Gentium
670 1128 798 1168 vero
827 1120 882 1168 et
927 1111 1236 1168 Iudaeorum
1297 1113 1523 1168 insidias
1557 1113 1777 1168 Christo
1818 1121 1965 1168 stru-

389 1218 508 1262 ctas
538 1213 759 1261 enarrat
780 1206 1024 1276 psalmus
1069 1206 1344 1262 secundus
1377 1206 1464 1260 his
1489 1206 1672 1260 verbis
1709 1225 1721 1259 :
1757 1203 1966 1271 1Quare

390 1297 731 1354 fremuerunt
751 1304 960 1367 gentes,
992 1303 1049 1351 et
1080 1297 1276 1367 populi
1307 1296 1556 1351 meditati
1589 1304 1717 1352 sunt
1749 1295 1968 1350 inania?

390 1389 697 1445 Astiterunt
725 1403 882 1458 reges
913 1394 1091 1453 terrae,
1123 1395 1178 1443 et
1204 1389 1480 1459 principes
1510 1394 1884 1444 convenerunt
1911 1387 1968 1440 in

394 1495 618 1544 unum,»
665 1478 876 1535 scilicet
910 1478 1069 1532 Anna
1104 1485 1159 1534 et
1200 1478 1439 1549 Caipbas
1487 1481 1543 1534 et
1589 1479 1867 1549 principes
1905 1491 1969 1530 ac

396 1569 622 1635 Scribaa,
656 1571 948 1628 1a1iversus
976 1571 1266 1627 Dominum
1302 1578 1356 1626 et
1396 1569 1660 1626 adversus
1689 1568 1969 1644 Christum

399 1664 593 1732 ejus“.
633 1683 652 1716 ι
684 1663 787 1730 Qui
819 1665 963 1720 enim
997 1672 1205 1737 pugnat
1245 1663 1508 1720 adversus
1528 1660 1970 1733 Filium,injuria

397 1753 614 1812 Patrem
643 1755 830 1812 afﬁcit,

469 2026 524 2082 8.
561 2025 638 2081 De
682 2025 919 2081 vinculis
953 2039 1137 2096 porro,
1172 2025 1372 2096 quibus
1414 2026 1640 2082 vinxere
1670 2025 1973 2088 Christum,

404 2118 486 2174 sic
512 2117 754 2189 loquitur
803 2118 973 2174 Isaias
995 2118 1295 2189 pr0pheta,
1334 2117 1644 2174 Judaeorum
1687 2119 1977 2189 deplorans

403 2212 654 2267 miserias
687 2230 700 2266 :
741 2207 865 2265 1Vae
892 2210 1086 2265 animae
1106 2225 1321 2275 eorum,
1347 2211 1477 2280 quia
1509 2222 1736 2278 pravum
1787 2207 1980 2263 adver-

404 2316 502 2356 sus
523 2300 735 2370 seipsos
771 2300 1010 2355 inierunt
1034 2299 1333 2360 consilium
1367 2299 1631 2365 dicentes,
1664 2297 1980 2353 Vinciamus

402 2393 713 2462 justum'h
783 2390 901 2446 Jam
957 2407 1086 2448 vero
1143 2389 1389 2446 Judaeum
1449 2393 1745 2460 interroga,
1791 2398 1847 2444 et
1891 2389 1982 2443 dic

405 2485 510 2555 ipsi
549 2502 563 2539 :
593 2484 726 2550 Quis
752 2484 914 2539 homo
941 2484 997 2537 in
1035 2491 1180 2538 terra
1209 2482 1415 2554 peccati
1438 2483 1658 2553 expers?
1678 2481 1837 2536 Certe
1856 2496 1986 2536 con-

407 2580 516 2630 stat
540 2574 810 2628 neminem
834 2589 1029 2644 purum
1063 2589 1093 2627 a
1120 2574 1242 2629 labe
1273 2587 1418 2637 esse,
1449 2588 1551 2627 nec
1571 2573 1616 2628 si
1645 2587 1752 2627 una
1774 2578 1983 2626 tantum

409 2666 574 2723 fuerit
593 2665 710 2722 dies
740 2667 865 2722 vitae
889 2665 1010 2737 ejus
1041 2665 1096 2720 in
1115 2672 1281 2721 terra.
1326 2664 1598 2722 Praeterea
1621 2665 1701 2720 sic
1724 2665 1985 2735 propheta

408 2757 578 2812 Deum
608 2764 864 2827 precatur
890 2775 904 2811 :
941 2756 1092 2812 1Non
1117 2758 1287 2813 intres
1318 2757 1656 2828 injudicium
1672 2772 1794 2812 cum
1825 2770 1984 2812 servo

411 2859 529 2917 tuo,
565 2852 693 2922 quia
725 2867 834 2906 non
859 2851 1253 2921 justilicabitur
1285 2851 1340 2905 in
1363 2857 1660 2920 conspectu
1685 2858 1779 2903 tuo
1805 2847 1984 2903 omnis

411 2945 704 3000 vivens’°.i
742 2945 822 2998 Ex
846 2944 1046 3014 quibus
1069 2952 1253 3013 aperte
1279 2943 1539 2999 docemur
1563 2941 1838 2996 neminem
1869 2941 1990 2997 abs-

2057 471 2566 548 παραγράφωνται.
2628 473 2975 545 Ἀκούσωμεν
3034 471 3128 528 οὖν
3194 477 3290 529 καὶ
3346 475 3474 546 περὶ
3522 475 3634 527 τῶν

2059 567 2296 630 παίδων,
2335 565 2444 620 τῶν
2492 565 2571 636 τῷ
2613 564 2831 637 Χριστῷ
2877 564 3104 619 Ὡσαννά
3154 563 3483 636 βοησάντων,
3535 566 3636 621 καὶ

2059 657 2262 730 Κύριον
2285 657 2549 726 λεγόντων
2583 656 2876 728 προφανῶς
2918 657 3008 710 τὸν
3052 657 3285 728 Χριστὸν
3315 657 3514 728 ψαλμῷ
3537 657 3592 728 η’
3617 673 3636 689 '

2066 769 2084 802 1
2119 751 2291 820 Κύριε
2319 752 2348 803 6
2379 749 2584 821 Κύριος
2605 749 2874 821 ήμῶν,ώς
2903 748 3211 819 θαυμαστὸν
3235 749 3297 802 τὸ
3323 749 3492 820 ὄνομά
3534 765 3635 802 σου

2062 844 2121 896 ἐν
2164 841 2314 914 πάσῃ
2352 845 2419 913 τῇ
2462 844 2572 913 γῇί
2622 842 2705 895 ὅτι
2753 841 3028 915 ἐπήρθηή
3068 841 3505 916 μεγαλοπρέπειά
3536 859 3634 894 σου

2061 935 2317 1006 ὑπεράνω
2367 934 2477 988 τῶν
2524 935 2799 1006 οὐρανῶν.
2843 935 2938 988 Ἐκ
2976 935 3243 1004 στόματος
3287 935 3495 1005 νηπίων
3543 933 3639 986 καὶ

2064 1025 2404 1098 θηλαζόντων
2458 1027 2773 1098 κατηρτίσω
2825 1021 2992 1080 αἶνον.
3043 1045 3061 1078 ι
3093 1026 3228 1097 Περὶ
3283 1025 3340 1078 δὲ
3391 1025 3493 1095 τῆς
3540 1024 3638 1078 τοῦ

2076 1120 2242 1174 ’ἰούδα
2273 1120 2578 1191 προδόσεως
2602 1118 2814 1189 ψαλμὸς
2851 1125 2938 1189 μα’
2969 1118 3146 1186 λέγει·
3183 1137 3202 1169 1
3234 1117 3291 1170 '0
3320 1116 3514 1170 ἐσθίων
3541 1117 3643 1187 ἄρ-

2065 1231 2190 1277 τους
2225 1230 2327 1284 μου
2355 1212 2685 1283 ἐμεγάλυνεν
2733 1211 2818 1264 ἐπ’
2854 1210 2954 1280 ἐμὲ
3001 1207 3351 1280 πτερνισμόν.
3387 1227 3406 1260 ι
3444 1208 3554 1279 Τὴν
3583 1207 3641 1260 δέ

2065 1303 2173 1356 τῶν
2213 1303 2380 1356 ἐθνῶν
2426 1302 2519 1355 καὶ
2573 1301 2841 1356 Ἰουδαίων
2883 1299 3176 1371 ἐπιϐουλὴν
3226 1299 3326 1368 τὴν
3369 1298 3511 1352 κατὰ
3543 1296 3640 1350 τοῦ

2067 1393 2306 1467 Χριστοῦ
2333 1395 2362 1448 6
2387 1394 2433 1464 β’
2459 1393 2672 1464 ψαλμὸς
2701 1393 2848 1462 λέγει
2875 1408 2889 1422 '
2927 1411 2946 1444 1
2977 1393 3094 1446 Ἵνα
3111 1392 3163 1445 τί
3185 1390 3460 1463 ἐφρύαξαν
3490 1389 3642 1458 ἔθνη,

2069 1487 2164 1540 καὶ
2197 1485 2316 1538 λαοὶ
2348 1484 2684 1556 ἐμελέτησαν
2709 1483 2879 1547 κενά;
2907 1483 3266 1555 Παρέστησαν
3311 1483 3362 1535 οἱ
3405 1480 3648 1552 βασιλεῖς

2068 1577 2168 1646 τῆς
2197 1576 2320 1645 γῆς,
2347 1576 2441 1629 καὶ
2467 1577 2515 1628 οἱ
2549 1576 2805 1647 ἄρχοντες
2841 1573 3186 1646 συνήχθησαν
3211 1573 3303 1626 ἐπὶ
3331 1573 3392 1625 τὸ
3426 1573 3578 1635 αὐτὸ,
3619 1591 3642 1624 ι

2070 1667 2240 1737 ἦγουν
2272 1668 2472 1730 Ἀννας
2497 1667 2592 1720 καὶ
2625 1665 2903 1735 Καϊάφας,
2939 1665 3034 1718 καὶ
3059 1665 3108 1716 οί
3135 1665 3412 1734 ἀρχιερεῖς
3459 1663 3552 1714 κα)⁸
3595 1661 3647 1714 οί

2003 1736 2045 1791 Β
2072 1736 2418 1831 γραμματεῖς
2443 1775 2456 1789 °
2495 1777 2513 1809 1
2553 1757 2693 1811 κατὰ
2721 1757 2817 1811 τοῦ
2848 1755 3076 1827 Κυρίου,
3110 1756 3205 1808 καὶ
3235 1753 3375 1806 κατὰ
3402 1753 3494 1806 τοῦ
3519 1754 3652 1825 Χριο

2076 1850 2201 1905 στοῦ
2229 1850 2416 1904 αὐτοῦ.
2454 1869 2472 1902 ι
2521 1851 2578 1904 '0
2605 1849 2715 1921 γὰρ
2750 1848 3000 1919 πολεμῶν
3027 1848 3117 1900 τὸν
3142 1847 3291 1912 Υἰὸν,
3310 1845 3520 1917 ὑϐρίζει
3553 1845 3651 1898 καὶ

2074 1943 2162 1996 τὸν
2196 1943 2436 2013 Πατέρα.

2147 2033 2199 2087 8.
2237 2035 2371 2106 Περὶ
2413 2034 2471 2086 δὲ
2520 2033 2629 2087 τῶν
2661 2033 2898 2105 δεσμῶν,
2927 2027 3002 2088 ὧν
3044 2033 3239 2105 ἔδησαν
3271 2031 3362 2085 τὸν
3391 2028 3648 2102 Χριστὸν,

2077 2124 2225 2192 λέγει
2265 2124 2564 2188 ταλανίζων
2601 2125 2727 2188 τοὺς
2772 2123 3062 2187 Ἰουδαίους
3121 2123 3347 2185 Ἡσαΐας
3378 2123 3406 2173 6
3437 2121 3652 2192 προφή-

2076 2231 2175 2282 της
2194 2231 2206 2245 ·
2245 2233 2263 2265 1
2293 2215 2428 2268 Οὐαὶ
2453 2217 2519 2286 τῇ
2547 2213 2692 2285 ψυχῇ
2731 2213 2932 2276 αὐτῶν,
2957 2214 3092 2266 διότι
3121 2211 3506 2265 ἐϐουλεύσαντο
3532 2210 3655 2280 βου-

2079 2306 2176 2378 λὴν
2230 2307 2470 2379 πονηράν
2520 2307 2640 2360 καθ’
2693 2305 2898 2359 ἑαυτῶν
2933 2305 3184 2374 λέγοντες
3210 2322 3224 2336 ·
3260 2304 3520 2374 Δήσωμεν
3562 2301 3656 2354 τὸν

2080 2399 2284 2452 δίκαιον
2311 2439 2324 2453 .
2362 2418 2380 2452 ι
2432 2399 2738 2470 Ἐρώτησόν
2771 2415 2858 2469 μοι
2887 2398 3072 2450 λοιπὸν
3105 2397 3194 2450 τὸν
3245 2395 3518 2457 Ἰουδαῖον,
3560 2393 3656 2446 καὶ

2082 2487 2204 2540 είπέ
2236 2486 2403 2557 αὐτῷ,
2429 2487 2510 2540 ὅτι
2535 2488 2636 2555 Τίς,
2661 2486 2962 2558 ἀνθρώπων
2986 2487 3078 2539 ἐπὶ
3105 2487 3209 2557 γῆς
3239 2484 3654 2555 ἀναμάρτητος;

2083 2578 2338 2650 Εῦδηλον,
2370 2580 2452 2632 ὅτι
2480 2578 2654 2643 οὐδεὶς
2675 2579 2913 2651 καθαρὸς
2947 2579 3053 2632 ἀπὸ
3087 2577 3280 2650 ῥύπου,
3320 2576 3426 2630 οὐδ’
3458 2576 3524 2629 ἂν
3560 2575 3660 2644 μία

2085 2670 2268 2741 ἡμέρα
2290 2670 2391 2740 τῆς
2415 2670 2562 2740 ζωῆς
2587 2669 2751 2722 αὑτοῦ
2781 2671 2874 2723 ἐπὶ
2902 2669 3003 2739 τῆς
3049 2668 3174 2738 γῆς.
3219 2668 3329 2721 Καὶ
3355 2665 3517 2719 πάλιν
3553 2683 3660 2736 φη-

2089 2761 2171 2815 σὶν
2197 2761 2225 2813 6
2255 2761 2544 2831 προφήτης
2570 2760 2708 2832 πρὸς
2735 2759 2867 2813 Θεόν
2885 2777 2899 2790 ·
2936 2779 2955 2811 1
2978 2760 3069 2828 Μὴ
3102 2757 3349 2829 εἰσέλθῃς
3375 2759 3456 2820 εἰς
3479 2756 3664 2828 κρίσιν

2092 2853 2229 2924 μετὰ
2250 2851 2343 2905 τοῦ
2380 2851 2568 2905 δούλου
2600 2868 2717 2915 σου,
2753 2853 2835 2904 ὅτι
2874 2851 2934 2904 οὐ
2976 2848 3397 2920 δικαιωθήσεται
3433 2845 3664 2900 ἐνώπιόν

2091 2963 2184 2999 σου
2218 2947 2326 3009 πᾶς
2359 2944 2488 3010 ζῶν.
2520 2963 2540 2996 ι
2579 2944 2741 2996 Ὥστε
2780 2942 3028 3014 φανερῶς
3057 2939 3438 3011 διδασκόμεθα,
3464 2939 3547 2991 ὅτι
3576 2938 3667 2990 ού-

413 3053 522 3108 que
563 3044 788 3106 peccato
825 3051 948 3092 esse
989 3047 1185 3106 praeter
1229 3036 1404 3091 solum
1441 3036 1628 3090 Deum.
1664 3032 1784 3088 Jam
1822 3033 1981 3102 igitur

2091 3039 2201 3103 δεὶς
2238 3039 2623 3109 ἀναμάρτητος
2669 3039 2718 3088 εί
2766 3036 2841 3106 μὴ
2892 3035 3052 3106 μόνος
3078 3037 3105 3088 6
3129 3033 3284 3096 Θεόςῖ
3315 3032 3546 3102 Ἴδωμεν
3572 3024 3668 3084 οῦν

414 3127 698 3182 videamus
727 3126 858 3196 quid
890 3133 1076 3180 narret
1105 3125 1265 3180 nobis
1291 3125 1459 3181 Isaias
1481 3124 1746 3196 propheta
1775 3123 1842 3180 de
1868 3139 1994 3194 pas-

417 3218 574 3275 sione
605 3218 974 3288 impeccabilis
988 3217 1190 3273 Christi
1209 3215 1300 3274 Dei
1331 3217 1527 3280 nostri,
1551 3215 1674 3270 Filii
1698 3215 1815 3270 Dei.
1848 3214 1995 3270 1Sic—

420 3318 482 3364 ut
538 3309 693 3373 ovis,
738 3309 936 3378 inquit,
1000 3309 1068 3362 ad
1133 3307 1514 3362 mactationem
1555 3308 1753 3363 ductus
1797 3313 1903 3371 est,
1941 3313 1997 3361 et

421 3401 581 3472 quasi
611 3416 785 3470 agnus
802 3416 986 3455 coram
1012 3399 1271 3455 tondente
1296 3400 1415 3454 sine
1439 3413 1596 3462 voce,
1617 3400 1697 3454 sic
1722 3414 1831 3454 non
1863 3415 1994 3470 ape-

421 3492 536 3548 ruit
555 3507 617 3545 os
653 3493 917 3547 suum'h
953 3491 1150 3546 Notum
1185 3500 1363 3547 autem
1389 3503 1472 3548 est
1488 3493 1993 3550 siluisseChristum

422 3592 669 3654 tempore
702 3598 813 3638 suae
847 3583 1142 3653 passionis,
1187 3600 1310 3640 cum
1340 3583 1517 3638 Pilato
1556 3586 1862 3641 sisteretur.
1907 3583 1998 3638 1ln

423 3677 736 3733 humilitate
765 3677 892 3747 ejus
911 3679 1183 3748 judicium
1222 3679 1342 3749 ejus
1372 3680 1646 3735 sublatum
1693 3689 1805 3747 est;
1836 3696 2000 3751 gene-

423 3771 692 3825 rationem
723 3769 841 3840 ejus
879 3771 1004 3840 quis
1035 3771 1418 3826 enarrabit'°?i
1455 3771 1657 3842 Nempe
1679 3787 1837 3827 nemo
1865 3772 2003 3826 divi-

425 3861 617 3916 nitatis
645 3863 1047 3931 generationem
1076 3870 1256 3932 potest
1283 3878 1528 3918 narrare.
1549 3862 1681 3917 Nam
1702 3863 2003 3919 secundum

427 3966 647 4007 carnem
670 3952 948 4022 generatio
973 3952 1178 4008 Christi
1201 3953 1296 4009 Dei
1321 3954 1498 4009 nostri
1530 3954 1879 4015 describitur,
1911 3951 2004 4008 Si-

430 4043 652 4115 quidem
689 4044 791 4098 1ab
814 4045 1196 4114 iniquitatibus
1215 4046 1400 4116 p0puli
1428 4045 1628 4101 ductus
1650 4053 1734 4100 est
1761 4045 1829 4099 ad
1860 4060 2006 4099 mor-

430 4136 646 4190 tem“.i
704 4135 1052 4192 Manifestum
1089 4138 1233 4191 enim
1275 4145 1360 4192 est
1405 4137 1683 4192 Christum
1728 4144 2004 4191 mortuum

430 4241 552 4281 esse
581 4243 677 4296 pro
699 4229 938 4296 peccatis
965 4228 1171 4282 mundi.
1199 4227 1293 4282 1Et
1323 4229 1464 4284 dabo
1486 4230 1658 4283 malos
1689 4243 1786 4298 pro
1822 4229 2007 4299 sepul-

2095 3132 2280 3185 λοιπὸν
2312 3131 2362 3185 τί
2387 3133 2415 3185 6
2448 3131 2736 3203 προφήτης
2779 3128 3006 3190 Ἡσαΐας
3035 3125 3339 3194 διαλέγεται
3369 3125 3499 3194 ἡμῖν
3537 3120 3670 3192 περὶ

2094 3223 2189 3280 τοῦ
2237 3223 2441 3286 πάθους
2488 3221 2582 3275 τοῦ
2633 3222 3016 3292 ἀναμαρτήτου
3062 3215 3297 3289 Χριστοῦ
3321 3215 3413 3268 τοῦ
3443 3213 3672 3285 Θεοῦὴ-

2099 3315 2237 3387 μῶν,
2267 3314 2360 3367 τοῦ
2388 3312 2519 3367 Υίοῦ
2546 3312 2639 3366 τοῦ
2665 3311 2798 3365 Θεοῦ
2816 3329 2829 3342 ·
2865 3330 2884 3362 1
2922 3311 3010 3374 Ὠς
3044 3309 3316 3380 πρόϐατον
3339 3308 3431 3361 ἐπὶ
3455 3307 3674 3375 σφαγὴν

2097 3407 2260 3478 ἤχθη,
2294 3406 2390 3460 καὶ
2420 3405 2496 3468 ὡς
2545 3404 2718 3476 ἀμνὸς
2752 3403 2994 3458 ἐναντίον
3046 3401 3140 3455 τοῦ
3187 3401 3469 3472 κείραντος
3510 3398 3677 3452 αὑτὸν

2097 3499 2329 3568 ἄφωνος,
2361 3497 2532 3561 οὕτως
2562 3497 2661 3550 οὐκ
2697 3495 2900 3564 ἀνοίγει
2933 3494 2992 3549 τὸ
3022 3495 3196 3565 στόμα
3224 3493 3410 3547 αὐτοῦ.
3442 3511 3462 3545 ι
3500 3491 3677 3561 Δῆλον

2097 3589 2175 3654 δέ,
2201 3591 2284 3642 ὅτι
2315 3588 2524 3642 ἐσιώπα
2557 3591 2586 3642 6
2616 3587 2851 3660 Χριστὸς
2877 3586 3096 3658 Πιλάτῳ
3128 3586 3535 3658 παριστάμενος
3581 3583 3681 3636 ἐπὶ

2098 3679 2194 3733 τοῦ
2245 3680 2450 3744 πάθους
2502 3679 2688 3734 αὐτοῦ.
2732 3697 2750 3730 1
2804 3679 2891 3732 Ἐν
2937 3680 3003 3749 τῇ
3043 3676 3369 3731 ταπεινώσει
3424 3673 3587 3726 αὐτοῦ
3642 3673 3679 3743 ή

2102 3771 2282 3844 κρίσις
2323 3771 2488 3826 αὑτοῦ
2542 3771 2685 3843 ρθη
2709 3787 2724 3802 ·
2754 3769 2850 3841 τὴν
2874 3770 2931 3822 δὲ
2956 3767 3150 3838 γενεὰν
3180 3766 3344 3821 αὐτοῦ
3385 3767 3466 3830 τίς
3490 3766 3683 3836 διηγή-

2105 3881 2255 3918 σεται
2281 3880 2296 3929 ;
2327 3883 2346 3916 ι
2386 3865 2591 3932 Ἤγουν
2611 3863 2710 3935 τὴν
2735 3862 2834 3932 τῆς
2859 3861 3113 3931 θεότητος
3132 3859 3306 3922 οὐδεὶς
3333 3857 3679 3928 διηγήσεταιο

2041 4021 2044 4027 Ι
2104 3953 2246 4008 κατὰ
2301 3954 2482 4024 σάρκα
2529 3954 2638 4024 γὰρ
2682 3952 3086 4022 γενεαλογεῖται
3128 3950 3364 4022 Χριστὸς
3390 3951 3418 4002 6
3443 3948 3575 4012 Θεὸς
3609 3950 3682 4017 ή-

2109 4044 2245 4116 μῶν.
2285 4063 2305 4097 ‹
2347 4045 2479 4097 Ἀπὸ
2507 4063 2526 4096 ι
2565 4043 2673 4115 γὰρ
2711 4061 2728 4094 1
2758 4043 2865 4095 τῶν
2897 4042 3134 4113 ἀνομιῶν
3155 4040 3248 4094 τοῦ
3273 4039 3404 4093 λαοῦ
3435 4038 3684 4110 ήχθηἐίς

2108 4136 2358 4189 θάνατον.
2395 4156 2412 4188 ι
2447 4135 2720 4206 Πρόδηλον
2749 4134 2826 4199 δέ,
2854 4133 2935 4187 ὅτι
2963 4135 3102 4206 ὑπὲρ
3123 4133 3233 4186 τῶν
3270 4131 3556 4204 ἁμαρτιῶν
3585 4129 3683 4184 τοῦ

2108 4229 2314 4298 κόσμου
2341 4227 2574 4300 Χριστὸς
2597 4227 2854 4281 ἀπέθανε.
2891 4245 2910 4278 1
2937 4227 3048 4280 Καὶ
3072 4225 3228 4279 δώσω
3260 4226 3386 4288 τοὺς
3411 4223 3688 4294 πονηροὺς

431 4328 555 4374 tura
577 4321 797 4390 ejus".i
833 4319 1050 4376 Iudaeos
1077 4321 1331 4376 videlicet
1359 4322 1583 4376 tradidit
1605 4319 1888 4376 Romanis.
1911 4321 1981 4374 1E

2111 4320 2230 4373 ἀντὶ
2266 4319 2367 4389 τῆς
2395 4320 2577 4390 ταφῆς
2607 4318 2793 4372 αὐτοῦ.
2831 4337 2849 4369 ι
2884 4317 3072 4388 Δῆλον,
3102 4317 3184 4370 ὅτι
3221 4316 3347 4379 τοὺς
3395 4313 3687 4376 Ἰουδαίους

433 4412 632 4467 divites
682 4428 779 4482 pro
806 4420 981 4468 morte
1002 4413 1226 4482 ejus”.i
1265 4413 1375 4468 Cur
1420 4429 1626 4483 quaeso,
1650 4429 1683 4466 ο
1718 4413 1980 4483 propheta

2112 4413 2397 4482 παρέδωκε
2424 4415 2537 4476 τοῖς
2567 4413 2862 4484 Ρωμαίοις.
2893 4430 2912 4464 1
2942 4412 3053 4465 Kal.
3079 4410 3207 4473 τοὺς
3235 4408 3526 4470 πλουσίους
3565 4407 3691 4459 ἀντὶ

433 4502 533 4556 Dic
556 4504 716 4558 nobis
753 4512 961 4574 aperte,
998 4505 1158 4574 cujus
1194 4505 1393 4574 gratia?
1426 4505 1533 4559 1E0
1572 4505 1718 4575 quod
1752 4505 1981 4574 iniquita

2111 4503 2205 4557 τοῦ
2230 4503 2461 4557 θανάτου
2485 4503 2670 4558 αὐτοῦ.
2701 4522 2721 4556 ι
2761 4504 2859 4556 Διὰ
2890 4503 2964 4566 τί,
2991 4497 3036 4556 ὦ
3057 4501 3311 4572 προφῆτα
3336 4517 3350 4565 ;
3387 4499 3524 4552 Εἰπὲ
3556 4499 3690 4569 ἡμῖν

432 4602 545 4648 tem
583 4593 932 4661 noufccerit,
964 4611 1140 4665 neque
1179 4597 1336 4653 dolus
1379 4598 1432 4651 in
1455 4612 1551 4652 ore
1604 4598 1776 4668 ipsius
1823 4596 1981 4650 inven

2114 4595 2426 4668 προφανῶς,
2460 4596 2606 4658 τίνος
2637 4594 2830 4665 χάριν;
2873 4612 2890 4645 1
2923 4595 3043 4647 Ὅτι
3083 4590 3356 4663 ἁμαρτίαν
3393 4589 3496 4644 οὐκ
3538 4588 3691 4641 ἐποί-

435 4693 526 4740 tus
557 4686 752 4742 est".i
781 4687 937 4755 251
958 4686 1102 4752 Quid
1127 4687 1196 4742 ad
1222 4687 1339 4742 haec
1368 4689 1776 4758 respondebunt
1803 4685 1973 4754 Judaei

2113 4702 2264 4755 ησεν,
2323 4685 2444 4737 οὐδὲ
2489 4685 2638 4748 δόλος
2678 4684 2876 4757 εὑρέθη
2900 4683 2957 4737 ἐν
2982 4682 3060 4753 τῷ
3090 4682 3319 4751 στόματι
3347 4679 3534 4734 αὑτοῦ.
3568 4697 3586 4727 ι
3625 4678 3694 4731 Τί

435 4775 571 4843 Quis
590 4776 775 4842 homo,
811 4779 953 4833 sicut
995 4779 1132 4845 ovis,
1184 4779 1251 4832 ad
1287 4778 1620 4834 occisionem
1654 4779 1854 4833 ductus
1897 4789 1981 4831 est

2113 4776 2251 4848 πρὸς
2286 4777 2456 4830 ταῦτα
2496 4777 2711 4847 ἐροῦσιν
2750 4778 2798 4828 οί
2840 4775 3122 4838 ’1ουδαῖοι;
3167 4772 3262 4834 Τίς
3299 4770 3587 4842 ἄνθρωπος
3616 4769 3694 4835 ὡς

434 4869 528 4939 qui
566 4878 846 4940 peccatum
871 4885 980 4925 non
1016 4869 1243 4925 iecerit?
1285 4871 1430 4925 Sane
1479 4871 1750 4926 nominem
1797 4877 1981 4939 peccat

2117 4867 2390 4938 πρόϐατον
2425 4869 2516 4920 ἐπὶ
2549 4867 2760 4938 σφαγὴν
2788 4866 2950 4937 ἤχθη,
2980 4864 3252 4936 ἁμαρτίαν
3298 4863 3372 4934 μὴ
3417 4863 3692 4933 ποιήσαςς

436 4970 714 5032 expertem
769 4972 1026 5032 poterunt
1067 4963 1329 5027 indicare,
1375 4971 1572 5034 praeter
1618 4963 1794 5018 solum
1840 4961 1981 5017 Deuu

2117 4960 2231 5014 ἀλλ’
2268 4961 2370 5014 οὐκ
2397 4960 2578 5030 ἔχουσι
2611 4957 2780 5024 δεῖξαι
2806 4958 3090 5026 ἄνθρωπον
3123 4955 3504 5026 ἀναμάρτητον
3532 4957 3581 5007 εί
3618 4955 3697 5025 μὴ

437 5054 715 5111 hominem
736 5055 957 5110 factum.

2122 5050 2282 5121 μόνον
2300 5051 2392 5103 τὸν
2421 5049 2552 5103 Θεὸν
2580 5049 2868 5118 γενόμενον
2892 5046 3196 5117 ἄνθρωπον.

513 5147 545 5202 9
606 5148 911 5203 Audiamus
941 5149 1106 5203 etiam
1140 5163 1260 5218 qua:
1289 5148 1454 5203 habet
1498 5148 1744 5218 psalmus
1789 5143 1976 5200 tricesi

2188 5143 2242 5198 9.
2276 5142 2622 5212 Ἀκούσωμεν
2652 5140 2707 5194 δέ
2741 5140 2835 5193 καὶ
2884 5138 3013 5211 περὶ
3055 5138 3163 5191 τῶν
3209 5130 3696 5206 ψευδομαρτύρων,

438 5255 565 5298 mus
597 5247 826 5310 quartus
856 5240 925 5294 de
955 5239 1022 5294 iis
1055 5255 1174 5309 qua:
1202 5239 1323 5294 falsi
1355 5247 1522 5294 teStes
1544 5239 1832 5294 adversum
1850 5235 1981 5291 Chri

2116 5234 2224 5288 τῶν
2267 5233 2410 5287 κατὰ
2440 5232 2535 5286 τοῦ
2581 5229 2817 5303 Χριστοῦ
2871 5226 3524 5300 ψευδομαρτυρησάντων,
3557 5221 3698 5291 ψαλ-

441 5341 586 5388 stum
613 5331 889 5387 testiﬁcati
926 5338 1056 5386 sunt
1089 5349 1103 5385 :
1151 5348 1168 5380 1
1211 5331 1315 5396 Qui
1365 5331 1785 5385 insurrexerunt
1824 5330 1882 5382 in
1927 5344 1978 5382 m

2123 5327 2225 5399 μοῦ
2259 5326 2330 5378 λδ¹
2349 5342 2363 5356 ·
2403 5344 2421 5376 1
2445 5325 2802 5386 Ἀναστάντες
2832 5339 2920 5392 μοι
2958 5319 3231 5392 μάρτυρες
3281 5316 3476 5379 ἄδικοι,
3511 5312 3548 5366 ει
3596 5313 3702 5364 οὐκ

441 5432 611 5484 testes
660 5423 858 5495 iniqui,
886 5439 1006 5495 quae
1059 5423 1373 5494 ignorabam
1421 5422 1831 5494 interrogabant
1888 5435 1974 5476 me

2120 5418 2414 5487 ἐγίνωσκον
2442 5417 2668 5488 ἠρώτων
2695 5431 2815 5485 μοι’
2853 5408 3322 5468 ἀνταποδεδώκασί
3363 5424 3453 5479 μοι
3487 5403 3705 5477 πονηρὰ

501 5622 553 5658 ⁸⁸
587 5622 734 5680 Psal.
769 5641 868 5679 vm
895 5665 912 5692 ,
941 5626 1008 5690 2,
1045 5626 1102 5680 '5.
1213 5627 1258 5659 ³⁸
1297 5623 1441 5681 Psal.
1487 5640 1551 5679 xl.
1575 5665 1590 5691 ,
1627 5624 1715 5679 10.
1826 5625 1872 5657 ²⁶
1909 5622 1981 5680 Ps

2102 5623 2276 5687 n.1,
2309 5623 2364 5678 2.
2477 5621 2664 5675 "lsa.
2707 5619 3039 5691 111,9,10.

3153 5617 3198 5650 ⁸³
3237 5614 3377 5674 Psal.
3421 5625 3604 5680 exul,
3638 5607 3702 5668 2ο

448 5695 494 5730 ⁸⁹
533 5694 632 5751 lsa.
667 5707 797 5758 Llll,
833 5696 886 5751 7.
965 5695 1009 5730 ³ο
1048 5695 1180 5754 Ibid.
1215 5696 1268 5754 8.
1347 5697 1386 5760 ’ξ
1427 5695 1561 5754 ibid.
1643 5695 1687 5730 "
1727 5694 1859 5753 ibid.
1898 5695 1950 5752 9.

2111 5694 2243 5751 ibid.
2283 5694 2368 5748 10.
2448 5692 2492 5725 ³³
2533 5692 2666 5748 ibid.
