3852 6192
158 308 270 365 693
384 266 387 273 I

1205 291 1667 367 QUESTIONES
1698 288 1792 344 AD
1830 286 2235 346 ANTIOCHUM
2276 284 2533 341 DUCEM.

3310 276 3414 333 θυι
3432 316 3437 321 η

160 426 284 481 ἀντὶ
316 422 555 493 ἀγαθῶν.
587 440 607 474 ι
654 418 845 488 Δῆλον,
893 418 975 471 ὅτι
1006 412 1081 472 ὧν
1104 417 1131 470 6
1162 415 1395 488 Χριστὸς
1432 415 1489 467 ὲν
1518 411 1595 484 τῷ
1619 410 1732 483 λαῷ

1845 408 2207 464 retribuebant
2238 406 2372 461 mihi
2395 404 2540 460 mala
2566 416 2666 473 pro
2698 399 2860 456 bonis
2890 398 2958 454 ³⁸.
3006 416 3024 449 ι
3068 395 3267 451 Notum
3306 397 3415 451 uti-

160 517 315 589 ασῦτῷ
346 516 612 588 πεποίηκε
638 531 652 545 ·
696 512 910 585 πρῶτον
942 512 1040 584 μὲν
1080 511 1178 583 τὴν
1216 511 1392 578 ἔξοδον
1425 507 1602 564 αὐτῶν
1642 506 1739 577 τὴν

160 610 222 676 ἐξ
251 608 549 677 Αἰγύπτου,
585 607 679 660 καὶ
713 604 781 659 τὰ
818 605 979 658 λοιπὰ
1015 604 1187 677 μύρια
1228 603 1429 674 ἀγαθὰ,
1461 602 1498 657 ἃ
1534 605 1615 667 εἰς
1646 603 1741 656 αὐ-

158 700 289 761 τοὺς
320 697 633 768 εἰργάσατο,
664 695 854 749 ἔπειτα
883 695 940 748 δὲ
977 696 1103 761 τοὺς
1128 696 1416 761 νοσοῦντας
1444 698 1623 751 αὐτῶν
1659 697 1740 751 ίά-

161 804 315 840 σατο.
352 787 491 857 Περὶ
528 786 585 838 δὲ
620 783 727 838 τῶν
771 785 1231 856 μαστιγωσάντων
1263 788 1357 841 καὶ
1395 787 1741 858 ραπισάντων

158 878 255 931 τὸν
285 876 520 949 Χριστὸν
550 877 774 941 Ἡσαΐας
789 879 818 931 6
839 878 1124 949 προφήτης
1144 877 1219 941 ὡς
1241 863 1305 931 ἐκ
1333 877 1625 949 προσώπου
1644 879 1739 932 τοῦ

159 968 401 1041 Χριστοῦ
424 967 593 1032 οὕτως
622 968 784 1038 φησί·
816 986 835 1020 ι
858 969 961 1026 Τὸν
981 969 1148 1024 νῶτόν
1179 986 1281 1040 μου
1302 969 1508 1023 δέδωκα
1532 973 1612 1035 εἰς
1640 972 1742 1042 μά-

155 1070 379 1122 στιγας,
427 1055 525 1117 τὰς
571 1053 627 1107 δὲ
663 1054 919 1124 σιαγόνας
951 1073 1053 1127 μου
1083 1057 1162 1120 είς
1199 1057 1539 1128 ῥαπίσματα,
1592 1059 1652 1112 τὸ
1681 1059 1740 1112 δὲ

159 1144 456 1216 πρόσωπόν
498 1161 597 1215 μου
625 1146 726 1198 οὐκ
751 1144 1068 1216 ἁπέστρεψα
1106 1145 1213 1199 ἀπὸ
1245 1147 1508 1219 αἰσχύνης
1535 1149 1741 1219 ἐμπτυ-

162 1234 452 1304 σμάτων.»
501 1235 729 1305 Ὁμοίως
782 1234 840 1288 δὲ
889 1235 983 1289 καὶ
1033 1236 1062 1288 6
1114 1239 1400 1309 προφήτης
1461 1238 1626 1291 Δαὸὶδ
1675 1239 1740 1292 ὲκ

157 1325 456 1395 προσώπου
493 1325 589 1380 τοῦ
642 1326 895 1399 Χριστοῦ
917 1328 976 1383 ἐν
1000 1325 1099 1392 ,λζ’
1136 1329 1336 1400 ψαλμῷ
1375 1330 1551 1400 λέγει’
1585 1332 1739 1384 ιὊτι

156 1418 272 1487 ἐγὼ
302 1420 385 1482 είς
434 1420 702 1489 μάστιγας
734 1420 969 1490 ἕτοιμος,
1022 1421 1116 1473 καὶ
1154 1424 1187 1493 ή
1233 1423 1481 1495 ἀλγηδών
1519 1440 1618 1493 μου
1648 1425 1736 1477 ὲν-

156 1509 333 1563 ὡπιόν
364 1510 465 1580 μού
485 1511 600 1563 ἐστι
615 1511 702 1565 διὰ
726 1514 944 1576 παντός.
971 1531 989 1565 ι
1006 1513 1141 1588 Περὶ
1159 1515 1215 1568 δὲ
1240 1514 1351 1586 (77)
1367 1514 1467 1585 τῆς
1488 1515 1741 1586 πράσεως

156 1599 254 1654 τοῦ
291 1599 532 1670 Χριστοῦ
567 1600 716 1670 λέγει
738 1598 1009 1674 Ἱερεμίας
1038 1606 1067 1658 6
1095 1606 1381 1676 προφήτης
1399 1620 1414 1634 ·
1449 1604 1597 1661 «Καὶ
1621 1603 1742 1657 ἐλα-

156 1692 253 1746 σον
281 1692 354 1746 τά
389 1693 684 1764 τριάκοντα
714 1694 975 1767 ἀργύρια,
998 1696 1095 1768 τὴν
1123 1696 1289 1768 τιμὴν
1315 1695 1410 1751 τοῦ
1439 1695 1739 1769 τετιμημέ-

156 1802 274 1851 νου,
326 1784 388 1839 6v
420 1787 745 1859 ἐτιμήσαντο
785 1787 895 1841 ἀπὸ
932 1786 1063 1841 υἱῶν
1099 1787 1337 1860 Ἰσραὴλ,
1394 1789 1489 1843 καὶ
1530 1788 1738 1843 ἔδωκαν

156 1874 303 1928 αὐτὰ
328 1877 410 1938 εἰς
422 1875 513 1927 τὸν
529 1875 694 1946 ἀγρὸν
711 1874 805 1929 τοῦ
828 1878 1133 1949 κεραμέως,
1159 1877 1341 1943 καθὼς
1364 1876 1619 1943 συνέταξε
1648 1894 1738 1950 μοι

157 1966 387 2036 Κύριος.
415 1984 434 2018 ι
461 1962 607 2038 ’Ἃρα
653 1967 812 2021 τοῦτο
862 1969 1325 2041 παραγράψασθαι
1383 1969 1631 2035 δύνασθε,
1693 1963 1739 2023 ὦ

170 2057 440 2121 Ἰουδαῖοι,
460 2058 597 2130 ὅπερ
619 2058 725 2129 πρὸ
744 2057 1036 2130 ὀφθαλμῶν
1054 2060 1252 2124 παντὸς
1270 2060 1363 2114 τοῦ
1380 2061 1586 2133 κόσμου
1607 2062 1741 2133 πρό-

156 2163 339 2200 κειται
375 2145 562 2201 ἔκτοτε
603 2148 697 2200 καὶ
728 2152 890 2219 μέχρι
917 2145 1012 2201 τοῦ
1057 2147 1153 2202 νῦν
1186 2165 1200 2214 ;
1232 2149 1375 2219 λέγω
1415 2152 1481 2221 δὴ
1513 2152 1541 2203 6
1572 2152 1740 2224 ἀγρὸς

154 2238 254 2292 τοῦ
287 2237 582 2310 κεραμέως
609 2240 690 2302 είς
720 2240 899 2312 ταφὴν
924 2243 1038 2305 τοῖς
1063 2241 1254 2307 ξένοις.
1271 2243 1543 2308 Ὡσαύτως
1567 2245 1623 2298 δὲ
1648 2247 1742 2299 καὶ⁵

157 2332 437 2403 Ζαχαρίας
467 2333 496 2385 6
522 2333 807 2404 προφήτης
838 2333 987 2402 λέγει
1017 2335 1146 2406 περὶ
1176 2334 1283 2389 τῶν
1311 2336 1605 2407 τριάκοντα
1636 2339 1739 2410 ἀρ-

158 2424 366 2495 γυρίων
392 2424 468 2486 ὡς
490 2424 556 2477 ὲκ
580 2423 872 2496 προσώπου
898 2424 993 2479 τοῦ
1016 2426 1254 2497 Χριστοῦ
1274 2444 1286 2458 ·
1320 2446 1339 2479 ι
1371 2429 1482 2481 Καὶ
1505 2428 1741 2501 ἔστησαν

158 2514 254 2568 τὸν
288 2514 482 2584 μισθόν
508 2532 608 2586 μου
630 2516 923 2586 τριάκοντα
951 2516 1210 2590 ἀργύρια.
1236 2537 1256 2570 ι
1275 2519 1396 2572 ’Ότι
1427 2518 1485 2572 δὲ
1511 2522 1611 2590 τὴν
1642 2522 1741 2593 ἀρ-

158 2607 265 2678 χὴν
284 2606 388 2676 τῆς
414 2607 688 2679 σωτηρίας
719 2607 900 2679 ήμῶν,
950 2609 1116 2679 ἤγουν
1143 2610 1233 2664 τὸν
1274 2610 1455 2683 τίμιον
1486 2613 1740 2685 σταυρὸν,

158 2698 220 2752 ὲν
242 2700 359 2761 τοῖς
386 2698 537 2762 ἰδίοις
564 2696 736 2770 ὤμοις
761 2698 925 2752 αὐτοῦ
959 2699 1255 2755 ἐϐάστασεν
1278 2702 1307 2754 ὁ
1335 2702 1569 2774 Χριστὸς
1597 2704 1745 2775 ὑψω-

162 2788 282 2852 θεὶς
318 2791 378 2842 ἐν
421 2789 590 2860 αὐτῷ,
634 2791 857 2854 Ἡσαΐας
903 2791 933 2842 6
981 2793 1267 2864 προφήτης
1312 2793 1378 2847 ἐκ
1428 2794 1744 2866 Πνεύματος

158 2877 325 2947 ἁγίου
376 2879 762 2950 προφητεύσας
819 2876 991 2948 εἶπεν,
1032 2882 1114 2935 ὅτι
1153 2901 1171 2934 ι
1205 2883 1422 2938 Παιδίον
1482 2886 1743 2958 ἐγεννήθη

161 2972 320 3042 ἡμῖν,
347 2969 461 3034 υίὸς
498 2970 593 3024 καὶ
624 2971 778 3044 ἐδόθη
824 2974 978 3044 ἡμῖν,
1012 2967 1128 3044 οῦή
1157 2974 1300 3046 ἀρχὴ
1342 2976 1435 3028 ἐπὶ
1472 2976 1566 3030 τοῦ
1592 2976 1740 3049 ὤμου

1839 516 1945 571 que
1967 509 2051 556 est
2083 500 2288 555 Christi
2314 495 2674 554 beneﬁcentia
2698 533 2714 558 ,
2751 491 2931 564 primo
2964 491 3206 561 ipsorum
3240 505 3414 560 popu-

1839 594 1951 647 lum
1981 608 2048 648 ex
2069 591 2303 663 Egypto
2332 589 2680 653 discessisse,
2706 593 3012 654 caeteraque
3034 599 3196 653 quam
3241 583 3414 653 pluri-

1838 700 1927 739 ma
1980 685 2036 739 in
2092 684 2217 739 illos
2265 683 2408 738 bona
2443 697 2567 737 eum
2598 678 2940 735 contulisse:
2976 692 3166 737 eorum
3195 690 3413 746 quoque

1839 776 2051 831 sanavit
2080 774 2347 831 inﬁrmos.
2381 775 2455 829 De
2510 774 2579 830 iis
2628 781 2807 827 autem
2838 769 2932 840 qui
2971 768 3314 837 ﬂagellarunt
3359 776 3415 823 et

1839 877 2236 941 percusserunt
2281 867 2583 930 Christum,
2615 865 2698 922 sic
2732 880 2800 919 ex
2834 861 3041 916 Christi
3074 876 3307 931 persona
3332 860 3413 914 lo-

1839 962 2027 1033 quitur
2058 961 2230 1017 Isaias
2259 977 2275 1015 :
2323 976 2343 1011 (
2377 957 2612 1014 Dorsum
2660 970 2842 1012 meum
2875 953 3000 1010 dedi
3057 952 3125 1009 ad
3158 952 3371 1023 ﬂagella
3392 990 3412 1018 ,

1837 1062 1892 1109 et
1917 1069 2085 1123 genas
2116 1067 2265 1108 meas
2286 1051 2355 1106 ad
2379 1050 2567 1121 alapas
2595 1069 2608 1104 :
2642 1048 2838 1111 [aciem
2872 1054 3057 1101 autem
3092 1061 3269 1100 meam
3300 1062 3410 1102 non

1840 1146 2012 1201 averti
2063 1146 2132 1200 ah
2178 1143 2481 1219 ignominia
2509 1148 2798 1213 sputorum
2827 1139 2896 1196 “.
2935 1160 2955 1192 ι
2993 1138 3256 1194 Similiter
3285 1140 3412 1194 item

1838 1238 2007 1294 David
2037 1239 2303 1310 pr0pheta
2335 1253 2406 1292 ex
2431 1234 2638 1292 Christi
2669 1246 2907 1305 persona
2950 1232 3008 1286 in
3057 1232 3268 1301 psalmo
3313 1232 3415 1284 tri-

1838 1331 2042 1386 cesimo
2064 1331 2296 1401 septimo
2325 1330 2402 1383 ait
2433 1348 2447 1384 :
2484 1347 2504 1380 ι
2537 1327 2804 1394 Quoniam
2850 1339 2949 1396 ego
2968 1324 3032 1403 in
3072 1322 3285 1395 ﬂagella
3313 1338 3415 1393 pa-

1839 1430 1995 1478 ratus
2026 1438 2148 1478 sum
2167 1464 2183 1489 ,
2225 1429 2279 1478 et
2304 1421 2462 1479 dolor
2489 1435 2644 1476 meus
2672 1419 2729 1473 in
2769 1423 3068 1487 conspectu
3098 1432 3225 1471 meo
3270 1432 3417 1471 sem-

1839 1530 1937 1587 per
1962 1514 2029 1570 ³⁷.
2071 1533 2092 1567 ι
2129 1512 2257 1570 Haec
2282 1529 2502 1586 quoque
2550 1512 2620 1568 de
2673 1510 2879 1566 Christi
2928 1509 3240 1566 venditione
3282 1508 3418 1564 dicit

1837 1606 2103 1663 Jeremias
2128 1624 2143 1662 :
2183 1624 2204 1659 ι
2245 1605 2311 1662 Ει
2340 1611 2671 1677 acceperunt
2696 1603 2922 1674 triginta
2948 1608 3261 1672 argenteos,
3292 1616 3419 1672 pre-

1839 1700 1977 1754 tium
2009 1698 2319 1771 appretiati,
2349 1713 2512 1771 quem
2535 1695 2981 1768 appretiaverunt
3004 1708 3036 1747 a
3068 1693 3196 1748 ﬁliis
3224 1692 3414 1759 Israel,

1838 1799 1893 1848 et
1924 1790 2190 1848 dederunt
2223 1807 2318 1847 eos
2365 1790 2423 1845 in
2468 1803 2661 1861 agrum
2701 1786 2893 1858 ﬁguli,
2948 1785 3091 1842 sicut
3129 1785 3418 1840 constituit

1837 1885 1972 1940 mihi
2009 1884 2273 1940 Dominus
2296 1883 2362 1939 '3.
2398 1901 2418 1935 ι
2463 1881 2550 1935 An
2580 1878 2725 1935 istud
2758 1877 3061 1948 depravare
3099 1876 3351 1946 potestis.
3381 1890 3417 1930 o

1837 1975 2031 2044 Judaei,
2058 1977 2203 2047 quod
2234 1983 2361 2031 ante
2384 1974 2575 2029 oculos
2606 1971 2775 2026 totius
2801 1969 2990 2025 mundi
3018 1985 3086 2025 ex
3113 1969 3208 2024 illo
3223 1968 3291 2023 ad
3313 1968 3418 2024 hoc

1839 2085 2016 2141 usque
2042 2076 2260 2139 tempus
2287 2067 2600 2138 expositum
2627 2064 2754 2120 est?
2791 2062 3015 2134 Loquor
3061 2061 3323 2117 nimirum
3348 2061 3417 2117 de

1840 2177 1971 2233 agro
2003 2162 2154 2234 ﬁguli
2179 2160 2249 2216 ad
2279 2160 2615 2230 sepulturam
2645 2156 3062 2228 peregrinorum
3094 2153 3415 2224 comparati.

1840 2254 2043 2311 Eodem
2069 2253 2231 2308 modo
2260 2252 2557 2306 Zacharias
2576 2250 2840 2321 propheta
2863 2248 2931 2304 de
2960 2249 3184 2318 triginta
3218 2261 3418 2317 argen-

1838 2349 1944 2405 teis
1976 2349 2308 2404 mentionem
2338 2346 2492 2410 facit,
2515 2345 2665 2401 velut
2689 2359 2754 2399 ex
2780 2357 3012 2414 persona
3028 2342 3232 2396 Christi
3259 2356 3272 2391 :
3303 2358 3322 2390 ι
3352 2339 3420 2394 Et

1841 2442 2218 2512 appenderunt
2238 2438 2542 2495 mercedem
2574 2451 2752 2492 meam
2773 2435 2996 2506 triginta
3011 2432 3365 2505 argenteis”.
3392 2450 3412 2485 ι

1841 2533 1998 2601 Quod
2015 2534 2143 2589 item
2161 2533 2357 2587 salutis
2374 2538 2578 2587 nostrae
2592 2529 2945 2600 principium,
2965 2527 3261 2597 pretiosam
3277 2524 3422 2580 vide-

1841 2626 1970 2682 licet
1989 2640 2231 2690 crucem,
2258 2626 2374 2681 suis
2392 2624 2509 2696 ipse
2523 2623 2769 2679 humeris
2787 2620 3259 2683 tuleritChristus,
3277 2618 3333 2672 in
3353 2633 3419 2673 ea

1842 2720 2134 2783 exaltatus,
2153 2718 2322 2775 Isaias
2337 2717 2601 2788 prapheta
2619 2730 2686 2771 ex
2704 2713 2910 2784 Spiritu
2927 2719 3117 2769 sancto
3134 2712 3222 2765 his
3236 2709 3420 2766 verbis

1843 2811 2188 2882 prophetavit
2221 2830 2234 2866 :
2273 2829 2292 2862 ι
2314 2809 2458 2864 Puer
2479 2818 2640 2863 natus
2667 2815 2752 2861 est
2772 2805 2951 2869 nobis,
2974 2804 3117 2859 ﬁlius
3146 2810 3310 2858 natus
3334 2806 3420 2857 est

1844 2904 2026 2969 nobis,
2058 2901 2216 2972 cujus
2245 2901 2588 2972 principatus
2628 2912 2793 2967 super
2834 2896 3121 2950 humerum
3146 2893 3268 2963 ejus
3289 2891 3358 2958 ⁸⁸,
3392 2911 3413 2943 ι

1845 2995 2054 3052 scilicet
2088 3009 2219 3049 crux
2254 2992 2488 3048 viviﬁca.
2523 2990 2599 3046 De
2632 2991 2821 3061 spinea
2873 3000 3244 3043 verocorona
3277 2985 3419 3040 scri-

160 3060 331 3115 αύτοῦ
352 3079 366 3092 ·
399 3080 418 3114 ι
460 3063 737 3118 τουτέστιν
765 3066 792 3117 6
816 3062 1077 3128 ζωοποιὸς
1108 3067 1356 3137 σταυρός.
1388 3069 1525 3138 Περι¹
1552 3067 1610 3121 δὲ
1640 3069 1735 3122 τοῦ

1845 3094 1995 3158 ptum
2028 3086 2190 3143 estin
2218 3083 2461 3140 Canticis
2509 3084 2886 3138 canticorum:
2926 3098 2945 3131 ι
2984 3078 3136 3133 Filia:
3191 3074 3418 3132 Jerusa-

162 3151 452 3208 ἀκανθίνου
486 3155 749 3224 στεφάνου
781 3156 1087 3226 γέγραπται
1118 3158 1176 3211 ἐν
1210 3161 1323 3222 τοῖς
1356 3159 1598 3230 νᾼσμασι
1629 3160 1737 3214 τῶν

163 3249 455 3319 ᾀσμάτων·
507 3268 525 3301 ι
560 3250 869 3322 Θυγατέρες
917 3253 1288 3324 Ἰερουσαλὴμ,
1337 3254 1603 3322 ὲξέλθετε,
1648 3258 1742 3311 καλ⁸

165 3339 309 3392 ἴδετε
346 3339 438 3392 τὸν
486 3338 746 3409 στέφανον
783 3340 843 3394 ὃν
883 3342 1258 3412 ἐστεφάνωσεν
1293 3344 1456 3398 αὐτὸν
1492 3347 1526 3417 η
1560 3348 1742 3418 μήτηρ

164 3430 333 3485 αὐτοῦ
353 3448 366 3461 ·
390 3451 409 3483 ι
429 3431 704 3486 τουτέστιν
732 3434 765 3504 ή
792 3435 1081 3506 συναγωγὴ
1109 3435 1215 3488 τῶν
1248 3435 1511 3491 Ἰουδαίων
1536 3436 1743 3511 (μήτηρ

163 3522 280 3594 γὰρ
323 3522 560 3594 Χριστοῦ
603 3522 740 3595 αὓτη
780 3525 922 3581 κατὰ
968 3525 1145 3598 σάρκα
1187 3527 1443 3598 νοεῖται),
1475 3529 1531 3581 ὲν
1561 3529 1743 3601 ἡμέρα

164 3613 525 3685 νυμφεύσεως
558 3614 746 3678 αὐτοῦ,
795 3617 890 3669 καὶ
922 3616 979 3669 ὲν
1016 3617 1200 3688 ἡμέρᾳ
1236 3618 1573 3689 εὐφροσύνης
1605 3636 1742 3692 καρ-

164 3707 287 3771 δίας
319 3705 505 3760 αὐτοῦ.
533 3727 550 3760 ι
600 3707 871 3778 Πρόδηλον
910 3707 988 3771 δὲ,
1012 3709 1147 3780 ὅτιὴ
1184 3710 1366 3780 ἡμέρα
1399 3708 1493 3762 τοῦ
1540 3710 1744 3775 πάθους

163 3794 263 3848 τοῦ
296 3795 532 3866 Χριστοῦ
550 3790 618 3867 ἦν
643 3795 825 3868 ήμέρα
853 3796 1190 3868 εὐφροσύνης
1219 3799 1382 3852 αὑτοῦ
1403 3798 1490 3852 διὰ
1517 3800 1614 3872 τὴν
1638 3818 1743 3854 σω-

163 3887 366 3959 τηρίαν
413 3885 587 3958 ήμῶν.
610 3888 818 3960 Ὥσπερ
853 3887 962 3960 γὰρ
993 3888 1224 3942 ἄκανθαι
1260 3907 1422 3953 τινες.
1448 3889 1619 3955 οὕτως
1644 3893 1745 3945 ὑπ-

167 3981 339 4053 ῆρχον
369 3981 427 4034 αἱ
454 3981 717 4051 ἁμαρτίαι
745 3981 838 4033 τοῦ
862 3982 1087 4053 κόσμου,
1107 3981 1349 4048 ἅστινας,
1367 3982 1535 4037 ἐλθὼν
1560 3985 1588 4036 6
1610 3987 1744 4057 Χρι-

168 4071 296 4136 στὸς
323 4072 353 4125 6
393 4072 587 4143 ’Δμνὸς
629 4070 725 4125 τοῦ
775 4072 908 4125 Θεοῦ
935 4075 964 4127 6
1013 4073 1182 4144 αἴρων
1211 4073 1306 4146 τὴν
1339 4076 1611 4147 ἁμαρτίαν
1651 4076 1744 4131 τοῦ

165 4166 402 4236 κόσμου,
435 4164 703 4238 ἐξήλειψε.
751 4165 861 4224 Καὶ
893 4164 1141 4237 καθάπερ
1168 4164 1255 4219 διά
1287 4166 1380 4220 τοῦ
1410 4167 1622 4239 καρποῦ
1650 4169 1744 4223 τοῦ

167 4257 332 4323 ξύλου
365 4259 398 4327 ή
427 4256 693 4329 ἁμαρτία,
728 4256 869 4309 οὕτω
896 4256 983 4309 διά
1011 4256 1103 4310 τοῦ
1130 4256 1288 4324 ξύλου
1324 4260 1418 4312 τοῦ
1452 4261 1686 4332 σταυροῦ
1713 4263 1746 4332 ή

169 4350 436 4422 σωτηρία.
463 4349 574 4403 Καὶ
614 4348 703 4402 διὰ
731 4349 889 4403 τοῦτο
918 4349 976 4402 ὲν
1005 4351 1166 4421 κήπῳ
1195 4350 1256 4403 τὸ
1288 4349 1459 4414 πάθος
1494 4351 1586 4405 τοῦ
1611 4354 1746 4424 Χρι-

1847 3179 1974 3244 lem,
1998 3177 2319 3249 egredimini
2352 3184 2407 3232 et
2439 3175 2618 3231 videte
2667 3175 2964 3236 coronam,
2996 3184 3104 3241 qua
3137 3168 3421 3223 coronavit

1846 3286 1973 3327 eum
1988 3277 2164 3326 mater
2192 3285 2313 3335 sua,
2348 3287 2368 3321 ι
2403 3283 2597 3339 nempe
2624 3265 2935 3322 Iudaeorum
2964 3263 3246 3335 Synagoga
3275 3261 3421 3332 (ipsa

1848 3360 1993 3416 enim
2022 3370 2198 3415 mater
2226 3358 2433 3415 Christi
2467 3356 2767 3412 secundum
2800 3369 3020 3410 carnem
3049 3349 3418 3421 intelligitur),

1855 3470 1875 3502 ‹
1903 3449 1963 3505 in
1985 3449 2074 3505 die
2092 3447 2531 3519 desponsationis
2552 3446 2693 3516 ejus,
2728 3453 2783 3501 et
2824 3446 2880 3499 in
2915 3444 3003 3498 die
3034 3441 3421 3497 exsultationis

1850 3538 2034 3595 cordis
2080 3539 2250 3594 illius.
2308 3559 2326 3589 ι
2364 3536 2713 3591 Manifestum
2762 3541 2944 3589 autem
2995 3541 3082 3587 est
3108 3532 3275 3595 diem,
3311 3546 3420 3601 qua

1849 3644 2045 3700 passus
2085 3636 2169 3685 est
2209 3628 2485 3692 Christus,
2511 3626 2652 3682 diem
2691 3626 2811 3695 ejus
2840 3622 3223 3680 exsultationis
3251 3620 3424 3677 fuisse

1851 3728 2069 3792 propter
2103 3721 2334 3775 salutem
2382 3725 2648 3773 nostram.
2707 3715 2886 3771 Instar
2938 3714 3084 3769 enim
3139 3711 3423 3781 spinarum

1853 3813 2004 3868 fuere
2031 3812 2219 3880 mundi
2255 3818 2499 3882 peccata,
2534 3824 2655 3880 quae
2691 3822 2793 3862 suo
2840 3806 3077 3861 adventu
3124 3803 3380 3858 Christus
3402 3839 3421 3867 ,

1850 3905 2035 3976 Agnus
2066 3903 2196 3968 Dei,
2249 3909 2532 3973 peccatum
2562 3899 2749 3954 mundi
2780 3898 2975 3952 tollens
3006 3936 3021 3960 ,
3079 3894 3299 3950 delevit.
3342 3892 3423 3946 Ac

1851 3994 2306 4067 quemadmodum
2344 4009 2440 4063 per
2466 3991 2702 4045 fructum
2742 3989 2910 4060 ligni,
2966 3993 3285 4057 peccatum;
3342 3985 3425 4040 sic

1852 4103 1948 4158 per
1974 4088 2180 4159 lignum
2210 4086 2411 4149 crucis,
2443 4085 2612 4140 salus.
2648 4082 2803 4138 Unde
2831 4083 2884 4135 in
2912 4081 3072 4134 horto
3102 4092 3299 4148 passus
3329 4084 3416 4132 est

1851 4179 2123 4244 Christus,
2157 4180 2283 4248 quia
2317 4179 2371 4232 in
2403 4177 2660 4247 paradiso
2692 4176 2863 4230 Adam
2893 4178 3234 4243 peccaverat.
3283 4168 3425 4225 Hinc

1852 4281 1900 4326 et
1926 4270 2120 4325 latroni
2156 4269 2447 4339 paradisus
2501 4282 2532 4321 a
2579 4282 2743 4321 cruce
2775 4264 3053 4335 aperitur:
3089 4264 3213 4316 hinc
3268 4268 3425 4316 sexta

1854 4360 1989 4415 hora
2008 4360 2302 4415 cruciﬁxus
2338 4358 2590 4414 Christus
2614 4365 2718 4419 est,
2741 4355 2869 4425 quia
2896 4351 3270 4424 pomeridiano
3288 4357 3428 4404 tem-

169 4441 300 4496 στοῦ
328 4441 577 4511 γέγονεν,
608 4440 793 4512 ἐπειδὴ
820 4444 878 4495 ὲν
914 4441 1226 4512 παραδείσῳ
1256 4442 1466 4515 παρέϐη
1494 4446 1523 4497 6
1560 4444 1742 4517 Ἀδάμ.

1856 4468 1986 4523 pore
2011 4452 2180 4507 Adam
2205 4453 2467 4522 expulsus
2488 4462 2590 4506 est.
2621 4448 2714 4504 Fel
2745 4453 2950 4518 gustat,
2987 4453 3048 4499 ut
3080 4442 3426 4498 dulcedinem

167 4533 271 4588 Διὰ
305 4535 466 4586 τοῦτο
501 4534 596 4587 καὶ
634 4533 806 4607 λῃστῇ
835 4535 1159 4611 παράδεισος
1188 4536 1295 4591 ἀπὸ
1337 4538 1569 4609 σταυροῦ
1598 4540 1745 4593 ἀνοία

168 4643 361 4696 γεται·
384 4625 480 4706 διὰ
518 4624 675 4679 τοῦτο
708 4626 765 4679 δὲ
809 4627 902 4680 καὶ
943 4626 1060 4699 ὥρᾳ
1100 4628 1232 4700 ἕκτῃ
1271 4630 1300 4682 6
1328 4631 1559 4701 Χριστὸς
1588 4649 1749 4685 σταυο

172 4720 386 4793 ροῦται,
417 4718 603 4789 ἐπειδὴ
644 4718 706 4771 τὸ
740 4717 962 4772 δειλινὸν
995 4720 1024 4771 6
1054 4718 1225 4790 Ἀδάμ
1258 4719 1545 4792 ἐξωρίσθη.
1573 4723 1748 4794 Χολῆς

168 4812 417 4883 γεύεται,
453 4811 541 4864 ἵνα
564 4811 664 4882 τὴν
693 4808 1005 4880 γλυκύτητα
1033 4811 1132 4881 τῆς
1174 4812 1380 4881 πικρᾶς
1421 4811 1614 4883 ἡδονῆς
1656 4814 1749 4868 τοῦ

182 4904 362 4975 Ἀδάμ
397 4904 646 4975 ἰάσηται·
681 4901 988 4975 ῥαπίζετοιι,
1027 4902 1113 4956 ἵνα
1145 4903 1269 4975 ἐμοὶ
1310 4904 1409 4974 τὴν
1442 4904 1750 4977 ἐλευθερίαν

170 4998 494 5071 χαρίσηταιο
531 4997 853 5066 ὲμπτύεται,
901 4996 989 5050 ἵνα
1014 4995 1077 5048 τὸ
1115 4996 1415 5068 ἐμφύσημα
1457 4996 1551 5050 τοῦ
1596 4998 1749 5067 ἁγίου

171 5091 495 5161 Πνεύματος
546 5091 680 5161 ἡμῖν
737 5088 1068 5161 χαρίσηται’
1105 5089 1528 5161 φραγγελοῦται,
1562 5091 1647 5146 ἵνα
1690 5092 1751 5146 τὺ

170 5185 269 5238 ὲπὶ
288 5183 382 5237 τοῦ
402 5181 575 5238 νώτου
596 5183 629 5252 ή
638 5181 752 5251 μῶν
776 5180 994 5252 φορτίον
1016 5181 1125 5234 τῶν
1142 5181 1425 5252 ᾁμαρτιῶν
1452 5183 1718 5256 σκορπίσῃ
1733 5202 1746 5215 ·

168 5272 477 5345 γυμνοῦται
503 5274 561 5327 ὲν
586 5271 748 5343 ξύλῳ,
764 5273 850 5326 ἵνα
881 5272 978 5343 τὴν
1002 5271 1143 5343 ὲμὴν
1173 5269 1435 5342 αἰσχύνην
1466 5273 1712 5346 σκεπάσῃ
1731 5291 1745 5304 ’

171 5362 520 5420 θανατοῦται.
550 5363 639 5418 ἵνα
679 5364 779 5435 ἐμὲ
827 5362 1137 5435 ζωοποιήσῃ
1162 5379 1176 5393 ο
1207 5361 1612 5434 κατακρίνεται,
1664 5365 1752 5421 ἵνα

247 5522 295 5554 ⁸⁸
329 5519 482 5576 Psal.
517 5533 707 5579 xxxrv,
745 5518 805 5571 Il
828 5556 844 5581 ,
881 5517 971 5574 {2.

172 5594 219 5627 "
258 5592 369 5648 Isa.
404 5607 494 5656 ιι,
526 5591 580 5646 6.
655 5589 701 5623 ⁵⁸
738 5587 897 5645 Cant.
932 5602 1028 5653 ιιι,
1064 5588 1153 5644 Μ.

246 5746 366 5818 (τι)
394 5745 533 5817 Reg.
559 5746 616 5817 ὅ,
641 5745 739 5816 τῆς
765 5743 1037 5817 πράσεως.
1064 5739 1232 5812 Editi,
1267 5741 1593 5814 προδόσεως.

980 5939 1050 5952 -Ὴ

1081 5517 1128 5591 ἐξ
1167 5517 1272 5573 Isa.
1305 5533 1372 5584 ι,
1412 5516 1465 5572 6.
1543 5518 1587 5551 ³⁷
1625 5518 1771 5578 Psal.
1809 5536 2030 5591 xxxv",
2069 5521 2157 5579 M.

1851 4560 2053 4600 amarae
2079 4545 2374 4615 voluptatis
2406 4541 2597 4597 Adami
2623 4549 2779 4598 sanet
2811 4558 2824 4594 :
2880 4538 3052 4609 alapis
3095 4535 3425 4607 percutitur,

1853 4643 1913 4691 ut
1938 4636 2245 4692 libertatem
2288 4635 2448 4690 nobis
2493 4634 2698 4690 donet:
2750 4630 3096 4701 conspuitur,
3134 4634 3196 4681 ut
3248 4628 3425 4682 sancti

1854 4726 2093 4798 Spiritus
2137 4728 2372 4783 aﬁlatum
2422 4727 2579 4782 nobis
2635 4723 2952 4796 impertiat:
2986 4719 3325 4789 ﬂagellatur,
3366 4723 3429 4770 ut

1852 4828 2096 4876 nostram
2133 4828 2482 4891 peccatorum
2517 4818 2794 4875 sarcinam
2833 4816 2997 4870 dorso
3027 4827 3128 4867 suo
3149 4809 3381 4866 ventilet
3409 4826 3424 4862 :

1857 4911 1914 4965 in
1943 4911 2089 4981 ligno
2121 4910 2359 4965 nudatur
2381 4952 2396 4975 ,
2457 4917 2517 4964 ut
2568 4923 2746 4963 meam
2787 4906 2996 4977 operiat
3032 4900 3424 4972 ignominiam:

1856 5002 2108 5065 moritur,
2136 5009 2196 5055 ut
2225 5017 2312 5058 me
2342 5001 2615 5057 viviﬁcet:
2656 4998 3052 5054 condemnatur
3075 5035 3090 5059 ,
3149 4999 3215 5046 ιιι
3260 5006 3348 5045 me
3394 5004 3428 5044 a

1851 5094 2231 5149 maledictione
2257 5094 2485 5149 liberet:
2522 5100 2687 5164 caput
2734 5091 2856 5160 ejus
2880 5086 3147 5141 arundine
3184 5080 3428 5152 percuti-

1850 5191 1962 5248 tur,
1998 5193 2057 5239 ut
2087 5185 2358 5255 serpentis
2400 5192 2564 5255 caput
2612 5187 2900 5238 conterat:
2948 5168 3137 5235 Ian¢ea
3166 5174 3428 5244 pungitur

1849 5276 1995 5330 latus
2027 5275 2167 5344 ejus.
2202 5284 2263 5330 ut
2306 5292 2373 5331 ex
2411 5276 2605 5330 Adami
2653 5275 2826 5328 latere
2872 5279 3110 5326 creatam
3140 5267 3425 5321 mulierem

1852 5374 2047 5433 sanet,
2082 5366 2498 5438 ﬁammeamque
2540 5365 2944 5437 rhomphaeam,
2966 5376 3088 5433 quae
3138 5359 3426 5415 adversum

2272 5521 2317 5555 ⁸⁸
2354 5517 2554 5577 Jerem.
2593 5533 2776 5587 χχιιι,
2813 5517 2888 5588 9;
2923 5512 3113 5570 Matth.
3152 5524 3335 5576 xxvn,
3367 5507 3425 5565 9.
