3852 6192
439 257 549 312 695

1565 253 1622 309 S.
1661 245 2127 308 ATHANASIUS.
2168 277 2237 288 —-
2277 246 2548 304 SPURIA.

3592 234 3696 290 696

442 390 544 430 nos
603 374 894 441 vibratur,
939 371 1218 438 inhibeat,
1268 382 1335 426 ac
1383 368 1543 426 nobis
1574 367 1729 424 viam.
1772 363 2012 438 paradisi

2120 362 2218 432 ἐμὲ
2241 364 2340 432 τῆς
2365 365 2610 436 κατάρας
2643 363 2916 434 ἀπολύσηο
2949 357 3181 428 καλάμῳ
3210 355 3309 427 τὴν
3337 351 3579 422 κεφαλὴν
3607 350 3699 403 τύ-

440 463 625 534 aperia

2123 471 2334 517 πτεται,
2366 457 2456 509 ἵνα
2485 457 2583 529 τήν
2614 455 2708 510 τοῦ
2742 455 2918 524 ὄφεως
2960 449 3200 519 κεφαλὴν
3245 444 3541 516 συντρίψῃξ
3577 441 3698 510 λέγ’

437 573 510 630 χῃ
539 557 642 625 τὴν
670 554 911 628 πλευράν
950 553 1220 617 νύττεται,
1252 551 1363 623 (78)
1397 552 1484 605 ἵνα
1515 551 1614 622 τὴν
1644 550 1708 602 ὲκ
1725 551 1824 620 τῆς
1852 545 2091 618 πλευρᾶς
2151 544 2245 598 τοῦ
2316 547 2488 618 Ἀδὰμ
2541 546 2852 601 κτισθεῖσαν
2909 540 3221 616 θεραπεύσῃ
3246 580 3260 603 ,
3297 539 3392 592 καὶ
3435 537 3536 608 τὴν
3569 534 3697 604 φλο-

438 650 596 719 γίνην
626 647 898 720 ῥομφαίαν
943 645 1043 718 τὴν
1081 645 1200 699 καθ’
1222 645 1379 716 ήμῶν
1410 642 1783 715 στρεφομένην
1814 639 2018 710 παύσῃ,
2061 637 2155 692 καὶ
2188 637 2287 710 τήν
2319 640 2439 694 ὁδὸν
2472 641 2601 712 ἡμῖν
2628 639 2721 694 τοῦ
2753 638 3080 711 παραδείσου
3110 631 3320 706 ἀνοίξῃ.

514 763 600 818 10.
642 761 763 818 Jam
820 762 968 833 quod
1014 763 1071 817 in
1117 761 1296 816 medio
1324 768 1486 816 terra:
1513 760 1767 814 Christus
1797 756 2005 812 crucifi-

437 855 647 925 gendus
691 865 876 919 esset,
920 854 976 908 in
1009 855 1218 925 psalmo
1248 853 1648 924 septuagesimo
1677 849 1840 906 tertio
1873 849 2015 904 scri-

2189 755 2421 810 10.”Ὀτι
2461 757 2518 811 δὲ
2552 759 2610 811 ὲν
2644 757 2795 828 μέσῳ
2838 756 2938 826 τῆς
2969 752 3073 822 γῆς
3121 749 3344 820 ἔμελλεν
3388 747 3418 800 6
3462 741 3697 816 Χριστὸς

2120 848 2508 920 σταυροῦσθαι,
2537 850 2596 902 ἐν
2623 848 2702 917 ογ⁹
2727 846 2930 918 ψαλμῷ
2958 845 3265 914 γέγραπται
3285 856 3299 870 ⁸
3344 858 3362 890 ι
3385 835 3445 892 Ὀ
3477 836 3535 890 δὲ
3567 835 3698 897 Θεὸς

437 953 591 1018 ptum
623 957 729 1011 est,
763 964 784 999 ‹
823 946 969 1002 Deus
1021 963 1116 1001 rex
1163 954 1352 1002 noster
1380 952 1506 999 ante
1532 943 1730 998 saecula
1760 948 2012 1011 Operatus

2123 937 2374 1009 βασιλεὺς
2411 939 2567 1010 ήμῶν
2616 939 2722 1010 πρὸ
2752 939 2963 993 αἰώνων
3003 933 3298 1004 εἰργάσατο
3344 927 3618 999 σωτηρίαν
3645 927 3700 978 ὲν

437 1045 522 1090 est
573 1037 804 1090 salutem
839 1035 895 1089 in
936 1036 1119 1090 medio
1151 1043 1312 1090 terra:
1338 1034 1404 1088 “.
1450 1052 1469 1086 ι
1505 1031 1658 1098 Quod
1710 1031 1840 1085 item
1892 1045 2012 1084 cum

2127 1031 2275 1102 μέσῳ
2299 1032 2400 1102 τῆς
2432 1033 2554 1107 γῆς.
2577 1048 2596 1082 ι
2627 1031 2737 1084 Καὶ
2761 1031 2843 1083 ὅτι
2873 1026 3010 1100 μετὰ
3036 1025 3248 1098 λῃστῶν
3279 1020 3500 1094 ἔμελλεν
3525 1022 3556 1074 6
3576 1020 3702 1089 Χριρ

436 1127 743 1182 latronibus
784 1134 930 1182 esset
956 1125 1206 1182 Christus
1245 1125 1645 1194 cruciﬁgendus
1665 1164 1680 1188 ,
1709 1122 1878 1178 Isaias
1905 1121 1981 1174 ait
2005 1141 2018 1175 :

443 1235 462 1268 ι
499 1218 710 1272 Etcum
753 1217 957 1287 iniquis
991 1223 1272 1286 reputatus
1297 1223 1383 1272 est
1413 1215 1479 1268 ⁸³.
1520 1233 1538 1266 ι
1575 1213 1649 1267 De
1677 1214 1848 1267 clavis
1869 1226 2008 1282 quoo

433 1324 542 1378 que
588 1316 643 1363 et
703 1307 995 1377 partitione
1051 1307 1501 1362 vestimentorum
1548 1305 1669 1374 ejus
1719 1304 1800 1358 sic
1847 1302 2012 1356 habet

433 1400 676 1469 psalmus
721 1399 1012 1455 vicesimus
1051 1401 1300 1470 primus:
1337 1417 1355 1449 ι
1392 1397 1670 1453 Foderunt
1701 1396 1864 1466 252
1899 1409 2011 1447 ma-

433 1508 538 1548 nus
572 1508 720 1547 meas
758 1500 814 1548 et
856 1493 1022 1562 pedes
1063 1507 1213 1547 meos
1239 1530 1254 1554 ,
1304 1491 1791 1547 dinumeraverunt
1829 1486 2014 1542 omnia

433 1599 559 1639 ossa
591 1600 706 1638 mea
735 1603 748 1638 :
777 1585 1087 1639 diviserunt
1135 1583 1239 1639 sibi
1287 1584 1611 1638 vestimenta
1663 1596 1805 1644 mea,
1839 1587 1894 1635 et
1927 1595 2015 1634 su-

2125 1124 2249 1187 στὸς
2283 1123 2662 1194 σταυροῦσθαι,
2695 1123 2921 1185 Ἡσαΐας
2965 1119 3131 1190 φησί·
3169 1137 3188 1169 ι
3243 1117 3352 1170 Καὶ
3405 1111 3546 1184 μετὰ
3587 1111 3702 1164 ἀνό-

2120 1233 2236 1287 μων
2272 1216 2544 1289 ἐλογίσθη.
2574 1236 2592 1269 ι
2630 1215 2770 1286 Περὶ
2801 1215 2858 1268 δὲ
2885 1213 2994 1266 τῶν
3029 1212 3172 1283 ήλων
3204 1210 3299 1263 καὶ
3323 1206 3418 1261 τοῦ
3450 1207 3701 1276 διαμερι-

2117 1307 2256 1378 σμοῦ
2287 1309 2393 1361 τῶν
2436 1308 2664 1379 ἱματίων
2694 1306 2882 1370 αὑτοῦ,
2931 1304 3147 1375 ψαλμὸς
3189 1301 3273 1355 κα⁹
3326 1297 3469 1352 οὕτω
3509 1298 3696 1364 λέγει·

2121 1399 2390 1470 (Ὤρυξαν
2438 1400 2623 1472 χεῖράς
2676 1417 2776 1470 μου
2815 1399 2909 1452 καὶ
2942 1397 3110 1459 πόδας
3153 1412 3276 1466 μου,
3321 1390 3699 1463 ἐξηρίθμησαν

2116 1491 2297 1546 πάντα
2338 1492 2406 1546 τὰ
2451 1492 2586 1546 ὀστᾶ
2636 1507 2774 1562 μου·
2807 1489 3186 1560 διεμερίσαντο
3229 1487 3299 1538 τὰ
3352 1484 3546 1555 ἱμάτιά
3601 1499 3701 1553 μου

2117 1584 2349 1646 ἑαυτοῖς,
2391 1585 2487 1637 καὶ
2513 1584 2605 1637 ἐπὶ
2635 1582 2727 1636 τὸν
2763 1579 3058 1654 ἱματισμόν
3093 1596 3193 1649 μου
3219 1576 3409 1630 έὸαλον
3430 1575 3652 1645 κλῆρον.
3679 1592 3698 1626 ι

433 1693 530 1747 per
552 1685 756 1734 vestem
805 1692 982 1731 meam
1024 1677 1292 1730 miserunt
1321 1685 1526 1731 sortem
1567 1675 1636 1730 ⁸³.
1669 1693 1688 1726 ι
1749 1671 2012 1727 Similiter

2127 1675 2358 1744 Ὁμοίως
2381 1674 2438 1726 δὲ
2467 1673 2562 1726 καὶ
2591 1673 2866 1745 Ζαχαρίας
2899 1672 2927 1723 6
2952 1669 3239 1742 προφήτης
3263 1665 3391 1736 περῖ¹
3421 1663 3530 1717 τῶν
3555 1662 3704 1731 ἥλων

431 1785 564 1822 vero
601 1777 654 1823 et
683 1767 977 1822 Zacharias
1003 1765 1270 1835 propheta
1303 1765 1370 1820 de
1415 1765 1586 1819 clavis
1611 1764 1691 1819 sic
1735 1763 1848 1817 ait:
1891 1779 1910 1812 ι
1948 1760 2014 1813 Et

433 1857 620 1912 dicent
644 1858 694 1912 ei
720 1877 734 1912 :
771 1857 913 1923 Quid
947 1857 1116 1926 plaga:
1146 1855 1265 1910 ista:
1294 1857 1348 1909 in
1379 1854 1560 1909 medio
1597 1867 1856 1908 manuum
1886 1858 2013 1906 tua-

437 1952 602 2006 rum?
634 1950 702 2004 Et
759 1950 943 2005 dicet:
979 1949 1088 2004 Has
1143 1949 1325 2016 accepi
1386 1948 1441 2001 in
1480 1948 1645 2002 domo
1686 1947 2012 2002 dilectorum

436 2056 687 2096 meorum
718 2041 784 2096 ⁸⁸.
824 2059 843 2093 ι
878 2040 956 2095 Ita
988 2057 1204 2112 quoque
1233 2041 1300 2095 de
1328 2039 1570 2094 tenebris
1600 2040 1844 2110 loquitur
1869 2039 2012 2094 idem

435 2133 732 2188 Zacharias
764 2133 1026 2204 propheta
1055 2153 1067 2187 :
1105 2151 1123 2183 ι
1163 2131 1228 2186 Ει
1271 2133 1373 2187 erit
1408 2132 1462 2185 in
1495 2132 1584 2187 die
1625 2131 1738 2194 illa,
1770 2145 1880 2185 non
1911 2131 2015 2186 erit

433 2223 527 2278 lux
546 2262 563 2288 ,
591 2231 646 2278 et
670 2222 843 2293 frigus
871 2229 925 2277 et
965 2223 1088 2292 gelu
1119 2222 1224 2277 erit
1247 2235 1355 2274 una
1380 2219 1516 2286 dies,
1539 2229 1593 2276 ct
1617 2221 1736 2275 dies
1768 2222 1861 2275 illa
1884 2229 2013 2274 nota

433 2314 666 2371 Domino
692 2331 705 2368 :
737 2321 791 2369 et
821 2330 932 2369 non
959 2313 1078 2369 dies
1119 2323 1172 2369 et
1199 2329 1310 2368 non
1339 2329 1447 2368 nox
1471 2353 1486 2376 ,
1521 2321 1575 2368 et
1624 2312 1691 2366 ad
1729 2325 2012 2382 vesperam

430 2410 538 2467 erit
568 2409 660 2465 lux
693 2410 760 2462 ⁸³.
802 2429 821 2462 ι
857 2409 1024 2462 Amos
1059 2410 1263 2478 pariter
1298 2409 1565 2479 propheta
1595 2408 1670 2461 ait
1705 2427 1718 2462 :
1755 2426 1774 2458 ‹
1816 2407 1880 2460 Et
1909 2407 2015 2462 erit

430 2500 488 2555 in
517 2499 607 2555 die
640 2501 752 2563 illa,
783 2499 917 2555 dicit
968 2499 1248 2564 Dominus,
1281 2507 1338 2555 et
1385 2498 1600 2554 occidet
1631 2499 1712 2553 sol
1761 2500 1816 2554 in
1848 2499 2014 2554 meri-

430 2589 554 2654 die,
594 2597 649 2645 et
699 2591 794 2645 lux
854 2605 952 2660 per
1008 2591 1153 2645 diem
1207 2591 1262 2644 in
1302 2596 1448 2643 terra
1500 2589 1847 2646 tenebrescet
1875 2591 1942 2642 ⁸⁸.
1989 2609 2008 2641 ι

431 2681 559 2739 Haec
603 2683 732 2738 item
783 2692 915 2739 sunt
963 2681 1129 2738 Joelis
1180 2682 1460 2753 prophetae
1509 2683 1674 2738 verba
1723 2700 1738 2736 :
1776 2702 1794 2734 ι
1835 2683 2015 2738 Solet

431 2775 560 2829 luna
592 2775 1064 2838 obscurabuntur,
1119 2781 1175 2828 et
1215 2773 1386 2828 stella:
1429 2774 1708 2828 retrahent
1758 2773 2016 2844 splendo-

431 2880 548 2921 rem
584 2880 744 2921 suum
773 2883 788 2920 :
824 2863 1092 2920 Dominus
1119 2871 1300 2918 autem
1332 2879 1398 2918 ex
1436 2863 1568 2918 Sion
1601 2863 2012 2930 vociferabitur,

433 2962 490 3011 et
516 2971 583 3010 ex
606 2954 912 3011 Jerusalem
943 2955 1093 3008 dabit
1116 2969 1305 3009 vocem
1351 2971 1529 3020 suam,
1555 2964 1612 3010 et
1643 2956 2014 3010 commovebi-

433 3057 526 3103 tur
548 3049 747 3103 cmlum
777 3054 832 3104 et
865 3054 1006 3103 terra
1043 3047 1107 3102 ⁸⁷.
1145 3066 1164 3099 ι
1216 3046 1371 3114 Quod
1405 3055 1584 3102 autem
1620 3055 1774 3102 aceto
1799 3057 1849 3102 et
1887 3047 2010 3104 felle

433 3141 708 3211 potandus
736 3139 874 3195 foret
901 3139 1174 3203 Christus,
1202 3139 1490 3194 audiamus
1513 3155 1578 3194 ex
1608 3141 1821 3210 psalmo
1851 3155 2010 3195 sexa-

435 3235 644 3304 gesimo
677 3240 872 3287 octavo
903 3249 916 3284 :
954 3250 972 3281 ‹
1017 3230 1292 3286 Dederunt
1322 3231 1377 3286 in
1401 3247 1585 3287 escam
1630 3248 1805 3287 meam
1837 3233 1929 3298 fel,
1959 3242 2014 3289 et

437 3327 494 3380 in
531 3325 623 3379 siti
653 3339 769 3379 mea
797 3332 1121 3392 potaverunt
1161 3339 1248 3378 me
1298 3331 1454 3378 aceto
1500 3323 1566 3377 ⁸⁸.
1622 3343 1641 3376 ι
1688 3323 1825 3379 Hinc
1877 3326 2013 3395 ipsis

435 3413 773 3482 inprecatur
796 3415 899 3466 hoc
933 3414 1133 3467 modo:
1171 3431 1190 3464 ι
1223 3409 1342 3466 Fiat
1368 3427 1558 3467 mensa
1583 3427 1795 3476 eorum,
1825 3427 2010 3467 coram

437 3505 574 3575 ipsis
608 3504 664 3560 in
693 3505 978 3575 laqueum,
1017 3512 1072 3560 et
1101 3505 1157 3558 in
1191 3504 1578 3560 retributiones
1603 3545 1619 3570 ,
1677 3514 1732 3559 et
1763 3505 1816 3560 in
1853 3521 2015 3560 scan-

436 3597 644 3653 dalum.
692 3597 1068 3653 Obscurentur
1098 3599 1243 3654 oculi
1289 3613 1481 3653 eorum
1533 3615 1600 3652 ne
1649 3598 1900 3665 videant;
1959 3606 2014 3654 et

440 3690 665 3745 dorsum
694 3705 884 3746 eorum
915 3705 1132 3760 semper
1156 3691 1405 3746 incurva.
1435 3689 1664 3745 Eﬂ'unde
1708 3705 1872 3760 super
1917 3705 2014 3745 eos

440 3784 577 3842 iram
601 3791 773 3849 tuam,
795 3791 848 3838 et
871 3781 1022 3838 furor
1055 3783 1150 3839 ira:
1170 3789 1277 3837 tuae
1304 3782 1731 3854 comprehendat
1749 3798 1863 3838 eos.
1895 3781 2016 3838 Fiat

441 3876 708 3931 habitatio
747 3891 935 3931 eorum
963 3875 1202 3939 deserta,
1235 3881 1290 3931 et
1323 3876 1378 3928 in
1416 3873 1787 3930 tabernaculis
1821 3887 2010 3928 eorum

437 3984 551 4023 non
582 3970 654 4023 sit
688 3970 780 4038 qui
809 3969 1074 4023 inhabitet
1107 3968 1151 4000 ⁸⁸
1185 3986 1198 4022 :
1238 3987 1258 4020 ι
1297 3983 1494 4038 nempe
1521 3967 1575 4021 in
1625 3967 1831 4038 templo
1864 3966 2014 4037 ipso-

440 4076 564 4114 rum
592 4058 1069 4132 Jerosolymitano.
1089 4059 1235 4130 quod
1269 4067 1323 4114 et
1345 4059 1562 4113 accidit.
1593 4059 1800 4114 Caetera
1849 4073 2014 4129 porro

437 4167 560 4222 qua:
590 4149 644 4205 in
675 4152 886 4220 psalmo
937 4157 1260 4220 sequuntur,
1301 4149 1474 4204 instar
1505 4149 1899 4205 maledictionis
1930 4149 2014 4204 di-

437 4249 548 4306 cta,
582 4242 638 4296 in
656 4241 874 4297 Iudaeos
899 4243 1192 4312 quadrant,
1217 4257 1356 4311 quos
1385 4249 1439 4295 et
1474 4241 1686 4313 Moyses
1707 4241 1795 4297 his
1828 4243 2012 4298 verbis

438 4334 751 4405 obiurgavit
785 4352 798 4387 :
838 4353 857 4385 ι
900 4334 965 4388 Ει
993 4335 1096 4391 erit
1122 4335 1230 4389 vita
1265 4342 1356 4388 tua
1395 4335 1638 4404 pendens
1664 4341 1791 4388 ante
1818 4335 2012 4389 oculos

436 4433 584 4490 tuos,
619 4435 673 4480 et
719 4426 938 4482 timebis
987 4427 1075 4482 die
1121 4442 1186 4481 ac
1226 4434 1424 4493 nocte,
1479 4443 1582 4482 nec
1642 4427 1834 4484 credes
1889 4427 2013 4484 vita:

436 4528 544 4572 tua:
573 4519 638 4572 '°.
680 4538 700 4570 ι

513 4608 598 4662 ll.
637 4606 715 4662 De
737 4608 926 4663 lancea
969 4623 1100 4663 vero
1128 4607 1204 4661 ita
1249 4608 1494 4679 loquitur
1539 4607 1834 4666 Zacharias
1887 4625 2014 4680 pro-

436 4699 600 4769 pheta
629 4700 789 4770 quasi
819 4715 886 4755 ex
915 4714 1148 4770 persona
1191 4699 1440 4756 Christi:
1483 4721 1502 4752 ι
1537 4701 1604 4754 Ει
1649 4702 1917 4772 aspicient
1942 4702 2011 4757 ad

441 4807 530 4846 me
553 4807 714 4862 quem
751 4791 1094 4848 conﬁxerunt
1120 4794 1186 4847 δι.
1227 4812 1246 4846 ι
1282 4791 1356 4848 De
1389 4808 1529 4863 aqua
1561 4801 1763 4859 autem,
1799 4810 1920 4867 qua:
1945 4810 2013 4850 ex

438 4895 630 4940 sancto
658 4884 779 4954 ejus
813 4884 982 4940 latere
1015 4886 1216 4950 exivit,
1248 4885 1323 4940 ait
1349 4886 1614 4956 propheta
1648 4887 1829 4942 idem:
1889 4905 1909 4939 ι
1951 4886 2011 4942 ln

436 4977 526 5032 die
572 4977 663 5030 illa
701 4977 870 5032 exibit
899 4993 1037 5048 aqua
1063 4979 1184 5032 viva
1212 4994 1279 5033 ex
1321 4977 1624 5034 Jerusalem
1648 4979 1713 5032 ⁵⁸.
1757 4997 1776 5030 ι
1808 4977 2012 5033 Audia-

436 5084 560 5123 mus
593 5075 772 5124 autem
808 5079 861 5124 et
888 5067 1079 5124 Isaiam
1124 5069 1444 5140 prophetam
1493 5069 1561 5125 de
1589 5070 1868 5139 sepultura
1901 5069 2009 5125 Do-

437 5161 576 5217 mini
603 5161 723 5217 haec
753 5161 1024 5218 dicentem
1051 5205 1066 5230 ,
1108 5172 1163 5219 et
1191 5162 1408 5220 Judaaos
1459 5162 1824 5220 irridentem:
1865 5181 1884 5215 ι
1925 5161 2014 5218 Vi-

510 5318 553 5349 ⁸⁸
599 5318 742 5374 Psal.
780 5333 982 5382 Lxxlu,
1024 5317 1108 5372 l2.
1212 5321 1258 5352 ⁸⁸
1298 5318 1401 5375 lsa.
1439 5336 1566 5385 LIII,
1606 5321 1693 5378 12,

436 5385 503 5446 6,
543 5388 595 5442 7.
669 5390 715 5421 ⁸⁸
755 5389 919 5445 Amos
951 5405 1082 5453 vm,
1119 5389 1173 5444 9.
1278 5391 1322 5422 ⁸⁷
1360 5390 1475 5446 Joel
1516 5407 1588 5454 ιι,
1629 5391 1725 5455 10,
1761 5391 1848 5446 Η.

439 5455 529 5514 66.
603 5459 648 5492 ⁸³
691 5458 922 5515 Zachar.
962 5475 1074 5527 xu,
1112 5461 1199 5518 10.
1279 5462 1323 5494 ³³
1362 5461 1592 5518 Zachar.
1630 5477 1742 5528 xxv,
1779 5463 1834 5518 8.

645 5611 738 5700 Alta
780 5613 904 5700 Reg.
935 5616 989 5681 3,
1019 5615 1160 5675 Editi
1184 5633 1330 5687 vero,
1362 5618 1447 5675 ἵνα
1471 5618 1567 5692 τήν
1619 5617 1877 5694 πλευρὰνζ
1907 5618 2000 5674 τοῦ

451 5680 620 5752 Ἀδὰμ
645 5680 974 5758 θεραπεῦσῃ.

1796 5320 1841 5352 ⁸³
1876 5318 2022 5376 Psal.
2059 5335 2182 5382 ut,
2221 5317 2327 5382 l8,
2361 5318 2448 5374 l9.

1951 5391 1996 5422 ⁸⁸
2035 5388 2182 5446 Psal.
2216 5405 2384 5445 vam
2410 5427 2426 5454 ,
2461 5387 2552 5444 22.

2115 1765 2288 1828 οὕτως
2317 1765 2418 1836 ἔφη
2445 1782 2459 1796 ο
2491 1783 2508 1815 ι
2543 1765 2654 1818 Ka‘:
2691 1763 2877 1835 ἐροῦσι
2910 1761 3048 1835 πρὸς
3082 1760 3244 1814 αὐτόν
3265 1776 3280 1788 ·
3315 1758 3380 1810 Τί
3413 1758 3468 1810 αἱ
3494 1753 3704 1824 πληγαὶ

2114 1853 2273 1911 αὗται
2303 1857 2361 1908 αἱ
2400 1855 2503 1910 ἀνὰ
2535 1855 2697 1926 μέσον
2726 1853 2834 1907 τῶν
2869 1851 3069 1925 χειρῶν
3117 1867 3245 1914 σονς
3281 1849 3390 1901 Καὶ
3419 1849 3562 1918 ἐρεῖ·
3606 1846 3705 1906 Ἂς

2115 1949 2359 2021 ἐπλήγην
2395 1949 2453 2001 ὲν
2484 1947 2562 2018 τῷ
2594 1947 2728 2018 οἴκῳ
2753 1947 2860 1999 τῶν
2894 1943 3192 2013 ἀγαπητῶν
3237 1957 3358 2012 μου.
3396 1957 3414 1990 ι
3469 1938 3609 2009 Περὶ
3644 1936 3705 1989 δὲ

2113 2042 2207 2094 τοῦ
2237 2041 2544 2113 σκοτασμοῦ
2573 2043 2602 2094 ὁ
2635 2041 2794 2105 αὐτὸς
2821 2039 3108 2110 προφήτης
3134 2035 3409 2106 Ζαχαρίας
3442 2032 3592 2100 λέγει
3614 2030 3707 2083 οὔ-

2113 2151 2191 2188 τω
2213 2151 2226 2165 '
2265 2153 2283 2184 ι
2325 2135 2435 2187 Καὶ
2461 2134 2610 2186 ἕσται
2639 2134 2696 2186 ὲν
2718 2132 2903 2202 ἐκείνῃ
2927 2132 2994 2201 τῇ
3019 2129 3220 2200 ἡμέρα,
3252 2129 3350 2180 οὐκ
3376 2126 3525 2179 ἔσται
3553 2122 3700 2193 φῶς·

2114 2228 2208 2281 καὶ
2234 2225 2406 2297 ψῦχος
2452 2226 2548 2280 καὶ
2585 2226 2760 2292 πάγος
2810 2223 2961 2276 ἔσται
3005 2222 3104 2292 μία
3135 2220 3339 2292 ἡμέρα,
3375 2220 3468 2272 καὶ
3518 2217 3705 2288 ἡμέρα

2115 2320 2296 2390 ἐκείνη
2329 2317 2546 2388 γνωστὴ
2567 2316 2644 2388 τῷ
2671 2315 2862 2386 Κυρίῳ
2881 2332 2894 2344 ·
2930 2315 3027 2368 καὶ
3055 2315 3152 2384 οὐχ
3180 2313 3364 2383 ἡμέρα
3384 2310 3478 2364 καὶ
3497 2309 3558 2361 οὐ
3581 2307 3703 2374 νὺξ.

2114 2414 2209 2467 καὶ
2231 2411 2365 2484 πρὸς
2389 2411 2626 2482 ἑσπέραν
2648 2410 2798 2463 ἔσται
2822 2407 2961 2478 φῶς.
2992 2425 3011 2460 ι
3046 2407 3280 2478 Ὁμοίως
3309 2405 3365 2458 δὲ
3394 2404 3488 2457 καὶ
3519 2401 3705 2472 Ἀμὼς

2113 2507 2142 2560 6
2180 2506 2466 2577 προφήτης
2496 2500 2646 2556 εἷπε·
2690 2522 2708 2554 ι
2754 2501 2866 2555 Καὶ
2895 2501 3049 2554 ἔσται
3092 2502 3149 2554 ὲν
3176 2499 3360 2572 ἐκείνῃ
3396 2500 3462 2568 τῇ
3491 2495 3704 2568 ἡμέρα,

2115 2595 2261 2663 λέγει
2294 2596 2523 2666 Κύριος,
2573 2595 2667 2647 καὶ
2704 2593 2924 2646 δύσεται
2954 2593 2983 2645 6
3019 2592 3169 2664 ἣλιος
3212 2589 3576 2662 μεσημϐρίας,
3611 2587 3706 2640 καὶ

2118 2687 2439 2740 συσκοτάσει
2461 2686 2555 2738 ἐπὶ
2580 2686 2678 2756 τῆς
2702 2684 2806 2755 γῆς
2834 2686 2892 2739 ὲν
2913 2685 3096 2757 ἡμέρᾳ
3117 2684 3177 2736 τὺ
3203 2683 3334 2752 φῶς.
3368 2700 3386 2733 ι
3409 2683 3521 2734 Καὶ
3548 2681 3706 2752 Ἰωήλ

2114 2778 2171 2831 δὲ
2201 2779 2229 2829 6
2259 2779 2544 2848 προφήτης
2598 2777 2780 2845 λέγει’
2820 2795 2840 2828 ι
2863 2777 2921 2830 '0
2946 2777 3099 2848 ἥλιος
3151 2777 3247 2830 καὶ
3274 2777 3306 2845 ἡ
3343 2775 3538 2845 σελήνη
3580 2791 3707 2826 σκο·

2116 2871 2340 2924 τάσουσι
2363 2871 2498 2940 (79),
2522 2869 2617 2924 καὶ
2637 2872 2687 2924 οἱ
2707 2870 2935 2942 ἀστέρες
2951 2869 3240 2923 δύσουσιτὺ
3265 2868 3466 2939 φέγγος
3497 2866 3702 2920 αὐτῶν.

2131 2961 2192 3016 Ὀ
2220 2963 2278 3015 δὲ
2313 2963 2514 3032 Κύριος
2548 2963 2612 3015 ἐκ
2647 2962 2784 3016 Σιὼν
2815 2961 3199 3034 ἁνακράξεται,
3221 2961 3316 3014 καὶ
3349 2960 3405 3026 ἐξ
3435 2960 3708 3030 Ἰερουσα-

2116 3053 2230 3125 λὴμ
2263 3053 2422 3107 δώσει
2463 3054 2645 3126 φωνὴν
2679 3053 2866 3118 αὐτοῦ,
2897 3055 2993 3108 καὶ
3022 3053 3365 3125 σεισθήσεται
3409 3054 3440 3105 6
3475 3051 3707 3124 οὐρανὸς

2118 3145 2267 3214 καὶὴ
2300 3147 2393 3215 γῆ.
2421 3166 2439 3197 ι
2467 3143 2590 3199 Ὅτι
2621 3145 2678 3198 δὲ
2722 3145 2944 3217 ἔμελλεν
2990 3145 3111 3210 ὅξος
3153 3146 3248 3198 καὶ
3291 3143 3453 3215 χολήν
3485 3143 3707 3207 ποτίζε-

2120 3236 2244 3288 σθαι
2269 3237 2526 3307 Χριστὸς,
2556 3236 2768 3308 ψαλμοῦ
2806 3236 2884 3308 ξη⁹
2920 3237 3273 3307 ἀκούσωμεν·
3311 3235 3591 3288 (Ἔδωκαν
3625 3236 3708 3300 είς

2116 3330 2176 3380 τὸ
2207 3327 2402 3399 βρῶμά
2437 3345 2537 3399 μου
2565 3328 2749 3400 χολὴν,
2769 3329 2863 3382 καὶ
2896 3329 2976 3393 είς
2999 3328 3096 3401 τήν
3125 3328 3284 3398 δίψαν
3319 3345 3418 3398 μου
3447 3327 3709 3380 ἐπότισάν

2122 3440 2188 3494 με
2213 3423 2350 3489 ὅξος.
2381 3442 2399 3474 ι
2433 3422 2524 3474 Διὸ
2558 3422 2652 3476 καὶ
2686 3423 2883 3494 ἀρᾶται
2912 3419 3110 3484 αὐτοὺς
3135 3419 3341 3488 λέγων·
3368 3438 3386 3470 ι
3416 3418 3709 3490 Γενηθήτω

2119 3516 2152 3585 ή
2176 3513 2423 3585 τράπεζα
2459 3513 2639 3567 αὐτῶν
2667 3513 2898 3568 ὲνῶπιον
2949 3513 3128 3566 αὐτῶν
3157 3515 3236 3575 εἰς
3266 3511 3468 3581 παγίδα
3502 3512 3598 3565 καὶ
3627 3513 3708 3575 είς

2118 3605 2494 3669 ἀνταπόδοσιν,
2548 3605 2643 3658 καὶ
2698 3607 2778 3668 εἰς
2822 3604 3135 3659 σκάνδαλον.
3172 3604 3620 3674 Σκοτισθήτωσαν
3656 3605 3708 3656 οἱ

2117 3696 2384 3766 ὀφθαλμοὶ
2409 3695 2608 3758 αὐτῶν,
2636 3696 2729 3748 τοῦ
2767 3697 2841 3768 μὴ
2879 3697 3118 3766 βλέπειν,
3146 3697 3240 3750 καὶ
3278 3695 3368 3750 τὸν
3397 3695 3567 3750 νῶτον
3607 3695 3708 3748 αὐ-

2118 3788 2225 3842 τῶν
2256 3789 2344 3842 διὰ
2381 3787 2582 3852 παντὸς
2634 3787 2930 3857 σύγκυψον.
2971 3790 3202 3860 ’Έκχεον
3251 3788 3338 3840 ἐπ’
3369 3789 3567 3851 αὐτοὺς
3602 3789 3707 3857 τήν

2118 3879 2287 3950 ὀργήν
2311 3897 2425 3944 σου,
2444 3880 2538 3933 καὶ
2565 3881 2591 3932 6
2625 3879 2793 3949 θυμὸς
2829 3880 2926 3951 τῆς
2959 3880 3130 3951 ὀργῆς
3155 3897 3248 3934 σου
3272 3879 3568 3934 καταλάϐοι
3605 3880 3708 3933 αὐ-

2117 3971 2263 4035 τούς.
2301 3971 2589 4043 Γενηθήτω
2623 3972 2656 4041 ὴ
2680 3971 2906 4034 ἔπαυλις
2933 3971 3110 4024 αὐτῶν
3136 3972 3499 4042 ήρημωμένη,
3524 3971 3618 4023 καὶ
3645 3973 3705 4024 ἐν

2117 4065 2230 4126 τοῖς
2259 4063 2610 4134 σκηνώμασιν
2636 4061 2815 4115 αὐτῶν
2851 4062 2926 4134 μὴ
2953 4061 3092 4116 ἔστω
3122 4063 3150 4115 6
3176 4061 3443 4116 κατοικῶν
3462 4080 3474 4091 ·
3491 4083 3508 4114 ι
3534 4063 3705 4132 ἤγουν

2118 4155 2146 4206 ὁ
2175 4154 2232 4206 ἐν
2264 4152 2656 4223 Ἱεροσολύμοις
2695 4152 2822 4215 ναὸς
2853 4151 3053 4214 αὐτῶν,
3081 4150 3110 4203 ὃ
3139 4151 3201 4222 δὴ
3227 4152 3319 4204 καὶ
3350 4150 3560 4219 γέγονε.
3591 4150 3707 4204 Καὶ

2117 4246 2185 4299 τὰ
2216 4245 2376 4298 λοιπὰ
2406 4245 2463 4297 δὲ
2490 4243 2583 4297 τοῦ
2613 4242 2849 4314 ψαλμοῦ,
2876 4244 2952 4306 ὡς
2996 4243 3089 4295 ἐπὶ
3124 4243 3369 4313 κατάρας
3408 4241 3703 4311 λεγόμενα,

2117 4341 2229 4402 τοῖς
2272 4336 2543 4400 Ἰουδαίοις
2592 4335 2844 4407 ἁρμόζει,
2905 4334 2998 4399 οὓς
3037 4336 3130 4386 καὶ
3183 4334 3390 4404 Μωσῆς
3425 4333 3705 4386 ὠνείδισεν

2119 4429 2322 4484 εἰπών·
2350 4447 2369 4480 ι
2406 4427 2517 4482 Καὶ
2555 4426 2706 4479 ἔσται
2741 4430 2774 4497 ή
2807 4427 2918 4498 ζωή
2958 4443 3052 4478 σου
3083 4426 3409 4497 κρεμαμένη
3441 4425 3706 4479 ἀπέναντι

2121 4523 2231 4576 τῶν
2259 4520 2556 4592 ὀφθαλμῶν
2573 4537 2690 4584 σου,
2713 4521 2806 4573 καὶ
2831 4519 3117 4593 φοϐηθήσῃ
3137 4521 3352 4592 ήμέρας
3380 4519 3471 4572 καὶ
3487 4519 3706 4584 νυκτὸς,

2123 4614 2218 4665 καὶ
2239 4613 2299 4664 οὐ
2321 4610 2632 4673 πιστεύσεις
2657 4613 2723 4680 τῇ
2752 4607 2864 4680 ζωῇ
2895 4625 3008 4662 σου.
3045 4627 3063 4660 ι

2195 4705 2281 4759 Η.
2303 4705 2439 4776 Περὶ
2459 4704 2515 4757 δὲ
2545 4703 2647 4774 τῆς
2671 4702 2875 4774 λόγχης
2895 4702 3042 4772 λέγει
3073 4701 3350 4773 Ζαχαρίας
3369 4702 3397 4755 6
3419 4701 3713 4773 προφήτης

2122 4797 2198 4860 ὼς
2231 4797 2294 4849 ὲκ
2328 4793 2622 4867 προσώπου
2659 4793 2753 4848 τοῦ
2803 4793 3074 4866 Χριστοῦ·
3117 4812 3136 4843 ι
3167 4793 3277 4847 Καὶ
3324 4793 3710 4862 ἐπιϐλέψονται

2118 4889 2254 4959 πρὸς
2285 4888 2374 4958 μὲ,
2407 4889 2489 4951 είς
2516 4887 2576 4941 ὃν
2627 4886 3009 4958 ἐξεκέντησαν.
3039 4906 3059 4940 ι
3104 4889 3242 4961 Περὶ
3272 4889 3329 4942 δὲ
3374 4888 3466 4942 τοῦ
3513 4887 3712 4954 ὕδατος

2115 4981 2214 5049 τῆς
2244 4979 2406 5049 ἁγίας
2443 4977 2608 5032 αὐτοῦ
2639 4978 2882 5051 πλευρᾶς
2913 4980 2942 5032 6
2975 4979 3138 5042 αὐτὸς
3183 4980 3469 5050 προφήτης
3517 4976 3673 5032 εἶπεν
3692 4997 3706 5008 ·

2121 5091 2141 5124 ι
2166 5073 2255 5124 Ἐν
2289 5074 2356 5143 τῇ
2381 5071 2564 5144 ἡμέρα
2592 5071 2778 5145 ἐκείνῃ
2815 5069 3156 5135 ἐξελεύσεται
3200 5071 3341 5144 ὕδωρ
3381 5071 3488 5134 ζῶν
3537 5071 3598 5136 ἐξ
3619 5072 3712 5125 Ἱε·

2118 5163 2422 5238 ρουσαλήμ,
2445 5183 2464 5214 ι
2497 5162 2845 5234 Ἀκούσωμεν
2863 5162 2920 5216 δὲ
2940 5162 3033 5216 καὶ
3057 5161 3150 5216 τοῦ
3177 5163 3453 5234 προφήτου
3481 5162 3707 5216 Ἡσαΐου

2553 5317 2602 5351 ⁸⁸
2644 5316 2877 5372 Zachar.
2915 5331 3024 5370 xm
3048 5357 3062 5377 ,
3099 5316 3153 5372 6.
3231 5316 3277 5349 ⁸⁸
3317 5314 3550 5370 Zachar.
3587 5333 3706 5384 xlv,

2656 5389 2700 5421 “
2739 5388 2871 5444 ibid.
2904 5386 3100 5444 25—26.
3202 5388 3249 5419 ”
3302 5385 3460 5443 Deut.
3497 5402 3705 5458 nun,

2181 5619 2292 5694 (79)
2325 5620 2553 5688 Quidam
2581 5636 2740 5690 mss.,
2771 5623 3216 5678 συσκοτάσουσιν.
