3852 6192
130 287 231 347 097

1160 292 1628 363 ρυιεδτιοΝΕε
1678 296 1773 352 AD
1821 296 2233 355 ANTIOCllUM
2279 299 2555 386 DUCEM,

3285 304 3393 363 698

128 414 257 487 περὶ
276 412 378 485 τῆς
404 415 581 485 ταφῆς
626 410 722 467 τοῦ
754 411 965 484 Κυρίου
992 410 1267 481 λέγοντος,
1300 412 1392 466 καὶ
1422 412 1569 476 ὅπως
1601 411 1716 465 δια-

1823 412 1946 468 dete
1975 421 2035 467 ut
2059 412 2251 471 Justus
2300 415 2484 486 periit,
2528 422 2584 470 et
2617 430 2780 472 nemo
2821 417 2988 473 corde
3016 416 3222 489 cogitat
3263 419 3332 475 ⁵³.
3367 438 3389 474 ι

104 508 261 578 ίγελᾷ
307 506 434 569 τοὺς
479 503 797 568 Ἶουδαίους’
826 503 1029 556 (Ἴδετε
1074 502 1150 567 ὡς
1193 502 1401 565 δίκαιος
1438 499 1707 563 ἀπώλετο,

103 601 224 654 ικαὶ
245 598 424 657 οὐδεὶς
455 596 733 667 ἐκδέχεται
759 597 828 667 τῇ
852 596 1066 668 καρδίᾳ.
1098 615 1118 648 ι
1173 590 1341 649 Εἶπεν
1375 589 1470 647 οὖν
1494 593 1588 646 καὶ
1611 590 1710 663 τὴν

128 690 296 748 αὐτοῦ
314 690 628 746 ἀνάστασινο
646 689 741 743 καὶ
764 688 952 742 πάλιν·
986 707 1004 740 ι
1027 688 1161 741 Ἀπὸ
1182 685 1473 758 προσώπου
1500 685 1711 748 ἀδικίας

128 782 295 859 ἦρται
328 789 357 840 ὁ
386 785 613 849 δίκαιος,
630 782 723 836 καὶ
754 781 906 834 ἔσται
938 783 997 835 ἐν
1029 781 1219 850 εἰρήνῃ
1249 781 1283 851 ἡ
1310 777 1457 850 ταφὴ
1486 774 1704 831 αὐτοῦ.)

135 894 154 927 ι
204 876 294 929 Ἐν
326 876 518 946 εἰρήνῃ
553 892 573 924 ι
603 873 661 925 δὲ
686 872 854 940 λέγει,
888 871 971 924 ὅτι
1021 873 1049 924 6
1072 870 1301 933 Πιλᾶτος
1333 871 1448 940 μετ’
1487 868 1712 940 εἰρήνης

129 969 385 1023 ἀπέδωκε
411 967 472 1020 τὸ
505 965 665 1037 σῶμα
687 962 780 1017 τοῦ
820 962 993 1035 Ἰησοῦ
1013 961 1094 1032 τῷ
1130 962 1346 1032 Ἰωσήφ.
1394 958 1626 1031 Ὁμοίως
1654 958 1712 1011 δὲ

129 1060 229 1113 καὶ
251 1057 419 1112 Δαὸὶδ
444 1056 572 1126 περὶ
604 1055 705 1124 τῆς
732 1053 911 1123 ταφῆς
939 1050 1103 1105 αὐτοῦ
1133 1053 1191 1103 ἐν
1225 1048 1310 1115 πζν
1341 1046 1541 1119 ψαλμῷ
1564 1046 1713 1114 λέγει

129 1152 207 1214 ὡς
232 1153 297 1203 ἐκ
322 1146 612 1221 προσώπου
639 1145 733 1199 τοῦ
765 1143 1001 1215 Χριστοῦ
1018 1160 1032 1175 ·
1062 1161 1080 1194 ι
1104 1140 1326 1195 Ἐθεντό
1354 1140 1504 1212 με,ὲν
1525 1136 1713 1207 λάκκῳ

129 1239 452 1309 κατωτάτῳ,
481 1238 539 1290 ἐν
573 1236 866 1298 σκοτεινοῖς
903 1233 998 1287 καὶ
1026 1235 1084 1286 ἐν
1116 1233 1244 1303 σκιᾷ
1271 1230 1501 1285 θανάτου
1521 1246 1534 1259 ·
1568 1248 1586 1280 ι
1617 1227 1714 1280 καὶ

129 1332 241 1404 πρὸ
262 1331 469 1385 τούτων
488 1346 502 1359 ο
536 1347 555 1379 ι
588 1327 698 1381 Kal
723 1325 990 1398 ἐγενήθην
1014 1324 1147 1378 ὡσεὶ
1166 1322 1450 1395 ἄνθρωπος
1480 1318 1715 1390 ἀϐοήθη-

130 1441 221 1488 τος
258 1425 319 1476 ἐν
345 1422 558 1491 νεκροῖς
599 1417 900 1488 ἐλεύθερος,
923 1434 942 1467 ι
969 1415 1136 1487 ἦγουν
1169 1412 1549 1484 ἀναμάρτητος
1577 1406 1711 1481 (80).

132 1515 454 1584 Γέγραπται
478 1511 535 1563 δὲ
558 1509 653 1564 καὶ
681 1511 738 1563 ἐν
758 1506 836 1578 τῷ
858 1504 978 1560 ’1ὼὸ
1005 1504 1179 1567 οὕτως
1201 1517 1215 1532 ⁸
1240 1521 1259 1555 ι
1281 1498 1608 1568 Ἀνοίγονταί
1632 1514 1714 1551 σοι

130 1607 285 1678 φόϐῳ
310 1604 474 1659 πύλαι
498 1602 726 1658 θανάτου
752 1615 766 1628 ·
807 1597 1048 1669 πυλωροὶ
1077 1595 1136 1649 δέ
1162 1593 1290 1666 ᾅδου
1323 1593 1522 1654 ἰδόντες
1552 1589 1715 1661 ἐπτη-

131 1701 229 1767 ξαν
250 1716 266 1730 ·
296 1717 316 1751 ι
345 1695 615 1769 πρόδηλον
635 1693 713 1759 δὲ,
741 1692 825 1745 ὅτι
846 1691 902 1745 αἱ
926 1687 1164 1744 ἐναντίαι
1192 1684 1298 1739 τῶν
1323 1682 1590 1754 δαιμόνων
1621 1679 1713 1734 δυ-

131 1793 351 1863 νάμεις.
399 1788 630 1860 Ὁμοίως
659 1785 718 1839 δέ
750 1785 846 1838 καὶ
873 1785 931 1837 ἐν
962 1781 1041 1853 τῷ
1069 1779 1143 1845 ξζ¹
1166 1776 1365 1850 ψαλμῷ
1382 1793 1397 1807 ⁸
1430 1794 1449 1828 ι
1472 1775 1711 1843 Ἐξάγων

132 1881 549 1953 πεπεδημένους
579 1880 637 1932 ἐν
662 1872 902 1948 ἀνδρεία,
940 1871 1140 1943 ὁμοίως
1168 1870 1294 1929 τοὺς
1336 1864 1713 1937 παραπικραί-

132 1993 322 2038 νοντας
341 1973 469 2036 τοὺς
499 1965 886 2029 κατοικοῦντας
916 1968 974 2019 ἐν
1004 1964 1215 2033 τάφοις.
1242 1980 1262 2014 ι
1290 1961 1415 2014 Ὅτι
1449 1959 1507 2012 δὲ
1534 1961 1564 2012 6
1590 1960 1718 2029 Χρι-

134 2068 261 2133 στὸς
284 2071 347 2121 ἐν
369 2065 448 2137 τῷ
474 2063 577 2137 ᾄδῃ
597 2060 890 2132 ἀπομένειν
917 2058 1018 2111 οὐκ
1050 2053 1295 2127 ἔμελλεν,
1319 2050 1455 2107 ἀλλὰ
1491 2052 1719 2121 τριήμε-

136 2177 230 2233 ρος
257 2155 606 2219 ἀνίστασθαι,
620 2152 837 2225 ψαλμοῦ
866 2157 924 2205 ιε’
942 2147 1282 2218 ἀκούσωμεν·
1316 2164 1336 2196 ι
1361 2144 1484 2197 Ὅτι
1516 2143 1614 2195 οὐκ
1635 2142 1720 2209 ἐγ-

131 2251 489 2321 καταλείψεις
519 2248 620 2319 τὴν
650 2246 828 2317 ψυχήν
852 2260 955 2316 μου
989 2244 1067 2305 είς
1092 2240 1244 2312 ᾅδην,
1270 2237 1392 2292 οὐδὲ
1419 2234 1609 2297 δώσεις
1626 2233 1717 2287 τὸν

131 2345 281 2399 ὅσιόν
315 2360 409 2396 σου
441 2341 568 2395 ἰδεῖν
610 2336 905 2408 διαφθοράν
927 2350 944 2368 ο
976 2353 995 2386 ι
1035 2332 1132 2386 καὶ
1161 2330 1322 2385 πάλιν
1354 2334 1439 2393 νς¹
1458 2323 1672 2396 ψαλμοῦ
1699 2341 1713 2354 ·

138 2456 160 2488 ι
182 2433 649 2506 Ἑξεγερθήσομαι
679 2427 899 2502 δρθρου.
930 2446 949 2478 ι
986 2424 1098 2479 Καὶ
1115 2425 1144 2477 6
1172 2421 1456 2495 προφήτης
1482 2417 1539 2471 δὲ
1562 2413 1720 2488 Ὡσηέ

132 2526 311 2589 οὓτως
340 2525 476 2595 ἔφη·
522 2541 542 2575 ι
582 2518 967 2592 Πορευθῶμεν,
1006 2516 1100 2569 καὶ
1143 2510 1554 2583 ἐπιστρέψωμεν
1584 2506 1720 2579 πρὸς

134 2620 344 2691 Κύριον
370 2617 462 2669 τὸν
476 2614 609 2668 Θεὸν
624 2611 899 2684 ἡμῶν,ὂτι
926 2608 1088 2673 αὐτὸς
1110 2604 1407 2691 πεποίηκεν
1426 2599 1596 2691 ἡμᾶς,
1626 2595 1721 2691 καί.

137 2688 351 2763 ἰάσεται
372 2705 518 2777 ἡμᾶς
539 2718 555 2733 ·
583 2702 796 2771 ύγιάσει
833 2699 980 2770 ἡμᾶς
1017 2695 1154 2768 μετὰ
1180 2691 1274 2747 δύο
1305 2690 1537 2763 ἡμέρας,
1567 2689 1625 2741 ἐν
1651 2688 1717 2758 τῇ

132 2799 324 2871 ἡμέρᾳ
356 2799 424 2869 τῇ
460 2795 618 2868 τρίτῃ
646 2788 1063 2863 ἀναστησόμεθα
1089 2788 1183 2840 καὶ
1207 2782 1504 2855 ζησόμεθα.
1540 2799 1558 2831 ι
1585 2779 1722 2849 Περὶ

132 2894 192 2947 δὲ
243 2890 352 2945 τῶν
404 2887 730 2960 μυροφόρων
785 2880 1061 2953 γυναικῶν
1098 2878 1323 2940 Ἡσαΐας
1355 2878 1383 2929 6
1436 2873 1721 2945 προφήτης

134 2978 263 3037 εἶπε
288 2999 301 3011 ·
337 2998 356 3032 t
384 2980 647 3040 Γυναῖκες
684 2974 971 3048 ἐρχόμεναι
1003 2971 1111 3026 ἀπὸ
1135 2968 1283 3032 θέας,
1310 2964 1465 3020 δεῦτε
1486 2980 1499 2993 ·
1531 2964 1592 3017 ού
1611 2962 1719 3034 γάρ

134 3075 260 3127 ἐστι
284 3071 411 3135 λαὸς
438 3068 579 3141 ἔχων
611 3066 843 3121 σύνεσιν.
867 3082 887 3116 »

214 3253 302 3308 12.
321 3251 458 3324 Περὶ
477 3250 535 3304 δὲ
563 3248 664 3320 τῆς
686 3243 1005 3316 ἀναλήψεως
1024 3260 1118 3299 του
1143 3238 1380 3314 Χριστοῦ
1408 3239 1467 3292 ἐν
1494 3236 1539 3302 ζ’
1568 3234 1664 3291 καὶ
1688 3241 1719 3287 ι’

135 3346 342 3417 ψαλμῷ
374 3346 716 3421 γέγραπταιο
766 3360 785 3391 ι
821 3338 929 3393 Καὶ
974 3334 1147 3405 ἐπέϐη
1180 3334 1273 3387 ἐπὶ
1316 3330 1599 3404 χερουθὶμ,
1627 3330 1722 3383 καὶ

135 3438 456 3507 ἐπετάσθηο
496 3432 773 3504 ἐπετάσθη
801 3432 895 3485 ἐπὶ
943 3427 1230 3501 πτερύγων
1276 3426 1514 3496 ἀνέμων.
1556 3442 1574 3474 ι
1610 3422 1721 3476 Καὶ

136 3532 303 3586 πάλιν
327 3531 385 3582 ἐν
421 3527 517 3601 μς*
544 3524 744 3597 ψαλμῷ
769 3542 785 3558 ο
826 3543 845 3577 ι
867 3521 1058 3592 Ἀνέϐη
1087 3523 1117 3574 6
1144 3519 1278 3583 Θεὸς
1308 3519 1366 3570 ἐν
1397 3514 1719 3586 ἀλαλαγμῷ,

133 3624 348 3696 Κύριος
382 3623 444 3675 ἐν
489 3623 639 3691 φωνῇ
684 3617 1014 3686 σάλπιγγος·
1042 3633 1063 3667 ι
1104 3612 1197 3667 καὶ
1255 3613 1316 3665 ἐν
1367 3608 1609 3681 Ζαχαρία
1643 3607 1722 3678 τῷ

135 3717 430 3789 προφήτῃ·
462 3733 481 3765 ι
504 3713 592 3765 Ἐν
622 3713 689 3783 τῇ
716 3709 897 3783 ἡμέρα
927 3706 1110 3778 ἐκείνῃ
1150 3704 1434 3775 στήσονται
1466 3703 1516 3754 οἱ
1561 3700 1722 3764 πόδες

137 3807 348 3881 Κυρίου
370 3808 451 3870 είς
468 3805 529 3859 τὸ
561 3805 684 3876 ὅρος
713 3801 821 3856 τῶν
857 3799 1103 3865 Ἐλαιῶν,
1120 3799 1183 3852 τὸ
1213 3796 1496 3851 κατέναντι
1535 3792 1723 3865 Ἰερου-

139 3896 328 3965 σαλὴμ
358 3894 417 3961 ἐξ
445 3891 739 3946 ἀνατολῶν.
793 3908 812 3941 ι
841 3888 978 3960 Περὶ
1000 3887 1059 3943 δὲ
1096 3887 1195 3958 τῆς
1226 3885 1437 3952 ἐνδόξου
1466 3883 1722 3955 δευτέρας

142 3966 449 4060 παρουσίας
474 3984 570 4038 τοῦ
610 3982 742 4039 Υίοῦ
773 3981 867 4037 τοῦ
900 3980 1034 4035 Θεοῦ
1071 3979 1219 4048 λέγει
1249 3976 1443 4048 Δανιὴλ
1467 3979 1495 4031 6
1519 3976 1724 4047 προφή.

138 4099 241 4153 της
265 4097 278 4111 ·
329 4098 349 4131 ι
372 4077 669 4150 Ἐθεώρουν
700 4078 758 4130 ἐν
797 4075 1031 4147 ὁράματι
1075 4073 1177 4144 τῆς
1224 4070 1435 4135 νυκτὸς,
1478 4068 1573 4122 καὶ
1613 4067 1722 4120 ἰδοὺ

144 4173 286 4246 μετά
327 4171 439 4225 τῶν
491 4167 729 4238 νεφελῶν
758 4167 854 4220 τοῦ
907 4162 1139 4238 οὐρανοῦ
1165 4162 1241 4227 ὡς
1272 4161 1402 4224 Υίὸς
1435 4157 1722 4228 ἀνθρώπου

140 4266 461 4339 ἐρχόμενος,
493 4263 587 4317 καὶ
613 4261 718 4325 ἐως
740 4258 834 4313 τοῦ
857 4254 1094 4312 Παλαιοῦ
1117 4255 1226 4308 τῶν
1257 4250 1480 4326 ἡμερῶν
1499 4250 1721 4319 ἔφθασε.

141 4360 257 4415 Καὶ
283 4353 634 4430 προσηνέχθη
659 4350 827 4423 αὐτῷ.
851 4349 963 4404 Καὶ
989 4347 1139 4417 αὐτῷ
1164 4346 1321 4418 ἐδόθη
1368 4345 1511 4418 ἀρχὴ
1565 4343 1659 4396 καὶ
1688 4344 1722 4413 ὴ

1812 505 1946 577 Ejus
1990 522 2189 563 rursus
2234 507 2699 564 resurrectionem
2748 506 2837 564 his
2877 508 3125 579 praedicit
3160 508 3341 564 verbis
3376 526 3392 563 :

1817 616 1837 650 ι
1872 597 1920 652 Α
1956 598 2096 653 facie
2128 598 2437 668 iniquitatis
2468 598 2720 655 sublatus
2749 606 2834 655 est
2883 609 3085 667 iustus.
3113 607 3167 654 et
3199 599 3303 653 erit
3337 598 3396 654 in

1814 707 1948 762 pace
1965 692 2246 761 sepultura
2264 690 2470 759 ejus“.
2495 709 2515 742 ›
2542 709 2562 742 ι
2586 689 2644 744 ln
2671 704 2825 760 pace,
2861 710 2879 742 ι
2908 698 3088 745 autem
3121 692 3233 754 ait,
3265 693 3396 761 quia

1810 783 2020 840 Pilatus
2042 799 2166 838 cum
2197 798 2333 853 pace
2360 782 2601 851 Josepho
2634 782 2876 838 reddidit
2900 799 3101 853 corpus
3124 782 3273 840 .‘esu.
3302 782 3396 840 Sic

1812 884 1865 932 et
1895 875 2064 931 David
2103 875 2172 931 de
2198 876 2319 946 ejus
2365 877 2648 947 sepultura
2686 876 2899 946 psalmo
2933 877 3265 947 octogesimo
3303 891 3396 932 se-

1812 970 1985 1040 ptimo
2011 969 2169 1040 quasi
2202 984 2270 1023 ex
2296 983 2531 1038 persona
2553 968 2759 1027 Christi
2813 968 3054 1037 loquitur
3081 987 3093 1022 :
3133 986 3152 1019 ι
3190 965 3399 1023 Posue-

1812 1069 1943 1118 runt
1975 1076 2062 1117 mc
2093 1061 2148 1115 in
2177 1061 2300 1115 lacu
2334 1060 2614 1127 inferiori,
2660 1060 2718 1115 in
2773 1060 3083 1116 tenebrosis
3112 1067 3166 1114 et
3193 1059 3248 1113 in
3275 1075 3398 1113 um-

1812 1156 2131 1223 braZmortis
2156 1154 2243 1210 ηε
2282 1173 2301 1206 ι
2332 1162 2386 1211 et
2445 1160 2640 1218 antea,
2691 1171 2711 1206 ι
2750 1153 2818 1208 Ει
2848 1153 3029 1209 factus
3067 1167 3188 1208 sum
3249 1153 3399 1208 sicut

1813 1245 1979 1299 homo
2028 1244 2149 1299 sine
2201 1243 2477 1313 adiutorio
2507 1244 2652 1299 inter
2695 1250 2946 1298 mortuos
3007 1243 3145 1298 liber
3175 1243 3243 1305 ⁸⁸,
3284 1260 3303 1293 ι
3340 1242 3395 1296 id

1815 1344 1922 1401 est,
1945 1334 2340 1405 impeccabilis.
2369 1332 2462 1389 Sic
2487 1349 2709 1405 quoque
2732 1335 2787 1388 in
2818 1335 2960 1389 libro
2984 1332 3089 1389 Job
3125 1334 3394 1403 scriptum

1814 1435 1932 1483 est:
1978 1445 1998 1480 ι
2038 1427 2376 1497 Aperiuntur
2408 1426 2504 1481 tibi
2547 1442 2658 1496 prae
2701 1427 2901 1481 timore
2938 1436 3108 1496 porta:
3146 1428 3342 1483 mortis
3377 1445 3393 1481 :

1815 1520 2063 1575 videntes
2092 1526 2273 1574 autem
2295 1517 2596 1574 inferorum
2615 1518 2885 1588 janitores
2911 1524 3256 1574 tremuerunt
3280 1518 3351 1583 ",
3371 1536 3393 1570 ι

1816 1626 2030 1681 nempe,
2068 1611 2416 1675 adversariae,
2451 1617 2512 1664 ut
2557 1616 2744 1680 patet,
2798 1610 3106 1666 daemonum
3143 1611 3394 1667 virtutes.

1820 1702 2082 1757 Similiter
2110 1702 2226 1757 haec
2263 1704 2319 1756 in
2350 1702 2561 1771 psalmo
2601 1701 2942 1771 sexagesimo
2990 1701 3225 1771 septimo
3264 1701 3398 1770 legi-

1816 1809 1977 1849 mus:
2013 1811 2033 1845 ι
2080 1791 2186 1859 Qui
2218 1792 2401 1847 educit
2424 1792 2637 1848 vinctos
2671 1791 2725 1845 in
2764 1791 3110 1856 fortitudine,
3146 1792 3399 1847 similiter

1813 1901 1909 1942 eos
1937 1884 2032 1956 qui
2069 1891 2400 1953 exasperant
2428 1885 2525 1954 qui
2566 1883 2817 1939 habitant
2856 1884 2913 1937 in
2951 1883 3220 1953 sepulcris
3255 1883 3323 1939 ⁸³.
3370 1902 3391 1937 ι

1815 1976 1972 2044 Quod
1998 1991 2129 2031 vero
2162 1976 2417 2031 Christus
2456 1975 2511 2029 in
2550 1974 2742 2031 inferis
2781 1990 3138 2030 remansurus
3164 1991 3272 2029 non
3301 1992 3395 2032 es-

1816 2074 1933 2132 set,
1991 2065 2088 2122 sed
2136 2066 2302 2120 tertia
2361 2065 2451 2121 die
2501 2074 2958 2131 resurrecturus,
3012 2063 3289 2122 discamus
3326 2081 3395 2120 ex

1816 2159 2033 2229 psalmo
2079 2157 2274 2228 quinto
2319 2165 2373 2212 et
2404 2157 2659 2214 decimo:
2719 2177 2739 2211 ι
2788 2158 3054 2225 Quoniam
3092 2175 3203 2214 non
3242 2158 3399 2215 dere-

1816 2247 2033 2318 linques
2062 2248 2300 2302 animam
2341 2263 2520 2303 meam
2553 2248 2611 2302 in
2650 2247 2901 2315 inferno,
2949 2264 3051 2304 nec
3084 2249 3240 2304 dabis
3269 2265 3399 2305 san-

1817 2346 1964 2395 ctum
2005 2347 2162 2395 tuum
2213 2340 2401 2396 videre
2444 2341 2858 2411 corruptionem
2897 2340 2966 2396 ".
3019 2359 3038 2393 ι
3090 2339 3158 2395 Et
3202 2356 3397 2397 rursus

1816 2446 1885 2487 ex
1918 2430 2127 2501 psalmo
2158 2432 2611 2502 quinquagesimo
2651 2439 2806 2488 sexto
2842 2451 2856 2487 :
2898 2450 2919 2484 ι
2954 2431 3255 2504 Exsurgam
3306 2432 3395 2488 di-

1817 2521 2003 2578 luculo
2026 2522 2092 2576 ⁸⁸.
2123 2542 2142 2575 ι
2169 2521 2295 2577 Haec
2319 2523 2525 2593 pariter
2546 2524 2711 2578 verba
2737 2530 2867 2580 sunt
2897 2522 3051 2580 Oscae
3076 2525 3390 2595 prophetae:

1825 2632 1847 2666 ι
1881 2612 2305 2669 Proﬁciscamur
2331 2624 2387 2668 et
2412 2625 2802 2669 convertamur
2816 2614 2881 2669 ad
2913 2612 3203 2669 Dominum
3227 2613 3396 2669 Deum

1820 2713 2093 2768 nostrum,
2126 2705 2256 2776 quia
2276 2707 2393 2776 ipse
2425 2705 2555 2760 fecit
2580 2719 2700 2770 nos,
2730 2714 2785 2760 et
2809 2705 3023 2761 sanabit
3048 2721 3153 2762 nos
3182 2726 3193 2761 :
3231 2721 3397 2762 sanos

1822 2811 1923 2853 nos
1954 2793 2145 2850 reddet
2165 2802 2289 2865 post
2316 2794 2457 2850 duos
2492 2794 2632 2861 dies,
2658 2793 2716 2848 in
2748 2794 2836 2850 die
2859 2796 3018 2849 tertia
3048 2809 3396 2865 resurgemus

1821 2895 1877 2943 et
1915 2887 2166 2943 vivemus
2210 2886 2278 2943 “.
2312 2905 2332 2939 ι
2372 2885 2449 2942 De
2477 2886 2805 2942 mulieribus
2839 2896 3020 2941 autem
3058 2893 3396 2956 unguentum

1822 2979 2124 3036 ferentibus
2144 2978 2228 3035 sic
2257 2978 2500 3049 loquitur
2531 2976 2703 3034 lsaias
2754 2977 3011 3048 pr0pheta
3037 2996 3051 3032 :
3090 2996 3108 3028 ι
3140 2976 3396 3032 Mulieres

1823 3071 2109 3127 venientes
2126 3085 2158 3124 a
2187 3069 2650 3139 contemplatione
2675 3067 2957 3125 accedite:
2995 3083 3105 3124 non
3133 3076 3218 3124 est
3248 3067 3394 3124 enim

1821 3163 2056 3233 populus
2075 3161 2387 3232 intelligens
2414 3160 2480 3215 “.
2514 3180 2533 3214 ι

1891 3254 1979 3308 l2.
2021 3252 2096 3309 De
2122 3253 2327 3308 Christi
2359 3267 2488 3309 vero
2534 3250 2913 3323 assumptione
2964 3249 3079 3305 haec
3121 3249 3394 3304 habentur

1820 3345 2032 3417 psalmo
2084 3343 2318 3414 septimo
2368 3351 2423 3399 et
2464 3342 2714 3399 decimo:
2770 3361 2789 3394 ι
2834 3341 2903 3395 Et
2933 3339 3180 3397 ascendit
3232 3354 3399 3409 super

1820 3437 2102 3493 cherubim
2128 3446 2182 3492 et
2208 3436 2410 3493 volavit
2439 3450 2606 3506 super
2634 3449 2844 3506 pennas
2873 3441 3160 3490 ventorum
3187 3431 3251 3486 ".
3283 3450 3302 3484 ι
3332 3431 3397 3485 Et

1821 3531 2018 3586 iterum
2059 3531 2275 3602 psalmo
2326 3528 2746 3599 quadragesimo
2794 3535 3003 3584 sexto:
3057 3545 3076 3579 ι
3134 3522 3401 3580 Ascendit

1825 3622 1967 3680 Deus
1999 3625 2055 3679 in
2093 3622 2439 3695 jubilatione,
2466 3630 2521 3677 et
2542 3620 2803 3676 Dominus
2848 3620 2905 3674 in
2932 3633 3065 3674 voce
3117 3617 3259 3672 tuba:
3279 3617 3344 3673 “.
3371 3635 3391 3669 ι

1820 3721 1888 3776 Et
1914 3723 1971 3776 in
1995 3721 2259 3776 Zacharia
2292 3718 2594 3790 propheta:
2625 3736 2645 3769 ι
2676 3715 2735 3770 In
2765 3717 2852 3770 die
2873 3704 3032 3786 253
3055 3715 3145 3768 illa
3176 3713 3401 3770 stabunt

1821 3812 1987 3883 pedes
2016 3809 2233 3865 Domini
2262 3825 2428 3880 super
2455 3815 2694 3863 montem
2718 3792 3021 3871 Olivarum,
3043 3807 3136 3876 qui
3154 3813 3239 3861 est
3268 3820 3400 3862 con-

1821 3910 1905 3954 tra
1937 3898 2243 3957 Jerusalem
2300 3900 2368 3953 ad
2403 3896 2680 3955 Orientem
2712 3899 2780 3951 ⁸⁸.
2836 3917 2854 3950 ι
2892 3897 2969 3953 De
3015 3898 3256 3968 glorioso
3301 3912 3401 3952 au-

1823 3998 1930 4046 tem
1968 3991 2211 4046 secundo
2237 3989 2362 4045 Filii
2392 3989 2486 4045 Dei
2514 3990 2750 4044 adventu
2783 3989 3067 4044 aitDaniel
3091 3989 3355 4060 propheta
3381 4006 3395 4042 :

1828 4097 1847 4131 ι
1885 4078 2232 4149 Aspiciebam
2267 4080 2322 4134 in
2357 4080 2567 4134 visione
2605 4080 2803 4143 noctis.
2833 4086 2888 4133 et
2920 4093 3047 4133 ecce
3079 4093 3201 4133 cum
3235 4076 3402 4131 nubi-

1823 4170 1928 4225 bus
1954 4169 2078 4224 cmli
2107 4168 2266 4238 quasi
2292 4168 2434 4223 illius
2462 4167 2697 4223 hominis
2727 4166 3009 4232 veniebat,
3037 4175 3091 4222 et
3121 4180 3294 4236 usque
3327 4164 3398 4219 ad

1823 4259 2120 4331 Antiquum
2135 4261 2343 4315 dierum
2373 4261 2697 4329 pervenit,et
2714 4259 2981 4315 adductus
2996 4268 3080 4314 cst
3091 4259 3156 4312 ad
3168 4274 3315 4313 eum.
3328 4257 3400 4312 Et

1823 4353 1926 4423 ipsi
1947 4353 2135 4407 datum
2157 4358 2238 4407 est
2260 4352 2546 4422 imperium
2563 4359 2613 4406 et
2642 4351 2818 4406 honor
2839 4358 2892 4406 et
2916 4364 3172 4421 regnum:
3204 4358 3257 4404 et
3284 4364 3404 4402 om-

142 4451 305 4523 τιμὴ,
350 4450 446 4504 καὶ
487 4449 522 4519 ἡ
563 4444 810 4518 βασιλεία
834 4461 848 4475 σ
873 4444 968 4497 καὶ
1010 4442 1211 4504 πάντες
1255 4441 1305 4492 οἱ
1355 4438 1495 4502 λαοὶ,
1543 4437 1719 4508 φυλαὶ1

1834 4461 1931 4500 nes
1960 4444 2144 4515 populi
2170 4484 2184 4509 ,
2208 4444 2384 4500 tribus
2413 4452 2466 4499 et
2499 4444 2696 4515 lingua:
2725 4443 2830 4513 ipsi
2872 4442 3127 4497 servient.
3154 4440 3404 4497 Potestas

142 4544 393 4616 γλῶσσαι
428 4538 804 4595 δουλεύσουσιν
829 4533 998 4606 αὐτῷ.
1026 4535 1092 4587 Ἦ
1126 4531 1341 4597 ἐξουσία
1376 4530 1538 4584 αὐτοῦ
1577 4528 1729 4596 ἐξου-

144 4639 237 4689 σία
272 4632 515 4697 αἰώνιος,
558 4631 680 4700 ἥτις
707 4630 768 4683 οὺ
799 4625 1223 4700 παρελεύσεταιο
1277 4622 1371 4677 καὶ
1411 4623 1444 4693 ή
1482 4619 1727 4692 βασιλεία

142 4725 310 4781 αὐτοῦ
338 4725 400 4778 οὐ
433 4721 880 4793 διαφθαρήσεται.
924 4735 943 4769 ι
986 4715 1117 4769 Ἰδοὺ
1155 4713 1342 4783 σαφῶς
1381 4712 1470 4765 διὰ
1511 4712 1619 4766 τῶν
1654 4712 1728 4765 εί-

146 4818 403 4892 ρημένων
437 4813 734 4885 ἐμάθομεν,
753 4812 836 4865 ὅτι
865 4807 1027 4871 αὐτός
1062 4809 1208 4861 ἐστιν
1235 4809 1264 4861 6
1286 4806 1415 4869 Υἱὸς
1439 4805 1533 4858 τοῦ
1565 4804 1723 4869 Θεοῦ,

143 4915 173 4966 6
210 4906 524 4981 σαρκωθεὶς
576 4905 672 4960 καὶ
712 4902 900 4958 παθὼν
944 4901 1011 4955 δι’
1044 4903 1214 4972 ἡμᾶς,
1261 4900 1357 4954 καὶ
1404 4900 1641 4962 ἀναστὰς
1666 4901 1731 4953 ἐκ

143 5001 383 5074 νεκρῶν,
416 4999 511 5054 καὶ
538 4994 869 5067 ἀναληφθεὶς
901 4997 959 5049 ἐν
985 4993 1111 5065 δόξῃ
1134 4993 1271 5063 πρὸς
1290 4993 1380 5047 τὸν
1406 4993 1600 5047 ἑαυτοῦ
1627 4994 1732 5048 Ποι-

144 5096 284 5166 τέρα
303 5092 401 5145 καὶ
433 5090 597 5144 πάλιν
644 5087 853 5160 μέλλων
890 5086 1145 5158 ἔρχεσθαι
1178 5087 1315 5156 μετά
1346 5085 1457 5140 τῶν
1492 5084 1731 5155 νεφελῶν

146 5186 243 5241 τοῦ
273 5179 531 5256 ούρανοῦ,
564 5177 705 5253 υἱετά
730 5179 889 5252 δόξης
916 5177 1134 5232 αἰωνίου
1164 5179 1345 5248 κρῖναι
1385 5176 1593 5242 ζῶντας
1636 5175 1732 5231 καὶ

1833 4538 1955 4607 ejus
1972 4544 2218 4608 potestas
2237 4544 2462 4600 aeterna,
2480 4552 2598 4606 quae
2617 4552 2721 4591 non
2751 4534 3040 4606 praeteribit
3060 4552 3073 4589 :
3108 4541 3163 4587 et
3178 4547 3402 4604 regnum

1831 4629 1952 4699 ejus
1993 4645 2103 4685 non
2143 4637 2521 4700 corrumpetur
2554 4629 2622 4682 °°.
2668 4647 2688 4680 ι
2724 4627 2864 4683 Ecce
2894 4634 3077 4697 aperte
3124 4642 3188 4682 ex
3244 4624 3406 4680 dictis

1830 4720 2092 4775 discimus
2120 4722 2295 4791 ipsum
2342 4736 2465 4776 esse
2496 4718 2693 4773 Filium
2728 4718 2844 4782 Dei,
2873 4718 2964 4789 qui
2999 4718 3315 4772 incarnatus
3349 4722 3404 4769 et

1831 4827 2030 4883 passus
2055 4820 2139 4866 est
2167 4827 2265 4882 pro
2295 4812 2454 4867 nobis
2472 4828 2539 4867 ex
2562 4808 3228 4881 mortuisqueresurrexit,
3243 4814 3406 4875 atque

1846 4909 2165 4971 assumptus
2196 4909 2281 4957 est
2306 4903 2362 4956 in
2385 4902 2557 4972 gloria
2582 4900 2651 4955 ad
2674 4915 2834 4956 suum
2864 4898 3104 4963 Patrem,
3129 4912 3193 4952 ac
3211 4910 3405 4951 rursus

1843 4974 2110 5048 venturus
2141 5000 2227 5048 est
2250 5009 2373 5048 cum
2396 4993 2634 5048 nubibus
2658 4992 2806 5056 cteli,
2830 5006 2951 5047 cum
2983 4988 3154 5060 gloria
3179 4995 3405 5052 αξιοι-ηε,

1830 5095 1892 5140 ut
1916 5086 2070 5141 vivos
2098 5092 2153 5140 et
2184 5093 2430 5141 mortuos
2470 5085 2696 5155 iudicet.
2734 5082 2861 5139 Haec
2908 5082 3054 5138 enim
3108 5081 3248 5135 idem
3277 5091 3405 5148 pro-

1831 5178 1992 5250 pheta
2023 5177 2212 5234 Daniel
2232 5179 2318 5235 bis
2346 5178 2528 5235 verbis
2555 5177 2852 5250 praedixit:
2890 5193 2910 5227 ι
2939 5172 3284 5245 Aspiciebam
3307 5169 3406 5225 do-

219 5341 269 5372 ⁸³
300 5336 409 5395 lsa.
441 5352 547 5391 Lvn
570 5376 584 5395 .
618 5336 669 5391 Ι.
745 5333 911 5389 “Isa.
946 5348 1022 5395 τι,
1056 5332 1143 5387 l0.
1219 5331 1266 5364 ⁸⁵
1295 5329 1438 5386 Psal.
1478 5346 1699 5385 Lxxxvn
1725 5370 1740 5394 ,
1776 5330 1826 5384 7.
1902 5331 1949 5363 ⁵⁸
1980 5329 2113 5387 ibid.
2145 5331 2196 5388 5.
2275 5332 2320 5363 ⁸⁷
2348 5328 2450 5385 Job
2482 5345 2711 5393 XXXVIII,
2742 5327 2829 5383 l7.
2904 5328 2952 5361 ⁸⁸
2982 5324 3319 5395 Psal.t.xvu.
3350 5321 3398 5395 7.

148 5410 195 5444 "
239 5409 386 5464 Ps;i|.
421 5425 513 5468 xv,
550 5408 633 5460 lt).
734 5405 780 5438 ⁸ο
821 5404 963 5458 Psal.
1005 5418 1128 5462 LVI.
1164 5402 1216 5457 9.

149 5496 274 5536 ιινε
297 5521 313 5538 .
347 5478 403 5534 6.
480 5478 526 5512 ⁸⁸
566 5475 794 5532 Zachar.
830 5491 943 5541 xw,
975 5476 1030 5530 4.
1107 5473 1152 5505 ⁸⁸
1193 5471 1326 5527 Dan.
1363 5488 1469 5538 vn,
1506 5472 1607 5536 15,
1645 5471 1733 5527 14.

1318 5403 1360 5432 ⁸²
1403 5400 1529 5456 Ose.
1568 5416 1656 5464 vr,
1694 5396 1839 5456 1-5.’

1915 5402 1960 5434 ⁸³
1999 5400 2106 5457 Isa.
2142 5418 2327 5469 τινα,
2365 5402 2452 5456 H.
2556 5402 2601 5434 ⁸³
2639 5398 2784 5455 Psal.
2820 5413 2961 5467 xvu,
2996 5396 3086 5454 Η.
3172 5396 3219 5428 ⁶⁴
3254 5394 3396 5451 Psal.

224 5638 337 5710 (80)
373 5636 465 5693 Sic
499 5637 699 5711 Regius
722 5638 915 5694 tertius
964 5634 1022 5691 in
1055 5634 1215 5691 editis
1238 5632 1372 5701 haec,
1418 5632 1476 5688 ἐν
1516 5630 1719 5701 νεκροῖς

1823 5623 2047 5699 εύθερος,
2076 5623 2241 5700 ἤγουν
2266 5622 2664 5694 ἀναμάρτητος,
2697 5618 2915 5675 desunt.
