3836 6194
413 248 522 306 699

1528 251 1587 306 S.
1628 249 2087 307 ATHANASIUS.
2128 280 2199 291 —
2236 249 2505 307 SPURIA.

3561 249 3675 306 700

414 383 519 424 nec
550 368 733 423 throni
760 367 923 438 positi
956 375 1120 434 sunt,
1147 377 1203 426 et
1242 370 1513 443 Antiquus
1541 373 1753 428 dierum
1803 373 1982 429 sedit:

2115 369 2333 442 νεκρούς.
2366 372 2599 442 Προείπε
2628 369 2737 440 γὰρ
2770 370 2899 443 περὶ
2920 368 3107 422 τούτου
3130 369 3160 422 ὁ
3184 368 3346 432 αὐτὸς
3378 369 3679 439 προφήτης

412 448 797 515 vestimentum
821 462 943 531 ejus
973 461 1265 517 candidum
1289 465 1445 534 quasi
1476 464 1591 532 nix,
1621 471 1676 519 et
1697 465 1879 533 capilli
1901 481 1987 520 ca-

414 553 546 622 pitis
575 553 696 621 ejus
724 554 882 623 quasi
910 556 1031 609 lana
1058 556 1283 612 munda.
1318 556 1571 612 Thronus
1602 557 1742 627 ejus.
1770 558 1987 612 ﬂamma

416 646 591 716 ignis:
626 656 759 703 rotae
804 649 958 718 ejus,
1012 651 1153 719 ignis
1188 665 1471 705 accensus.
1516 650 1742 707 Fluvius
1798 653 1988 721 igneus

418 735 620 792 [luebat
654 746 781 793 ante
816 755 961 794 eum.
1007 740 1173 795 Millia
1217 742 1459 797 millium-
1484 744 1868 799 ministrabant
1903 746 1985 812 ei,

417 836 474 882 ct
496 828 678 885 decies
728 831 925 886 millies
954 832 1095 887 dena
1131 833 1300 887 millia
1331 835 1663 891 assistebant
1701 836 1771 891 ei.
1832 836 1988 891 Judi-

418 918 565 972 cium
594 920 773 985 sedit,
816 929 870 977 et
907 922 1029 977 libri
1071 924 1243 993 aperti
1279 935 1426 981 sunt.
1475 925 1821 997 Aspiciebam
1857 934 1989 982 tunc

419 1019 642 1079 propter
682 1027 872 1066 vocem
919 1030 1232 1071 sermonum
1270 1019 1593 1088 grandium,
1634 1034 1774 1089 quos
1816 1034 1989 1075 cornu

422 1100 554 1155 illud
592 1103 933 1172 loquebatur,
973 1106 1147 1162 donec
1195 1108 1477 1164 interfecta
1507 1118 1653 1165 esset
1675 1111 1849 1165 bestia
1878 1150 1896 1177 ,
1936 1121 1990 1167 et

424 1194 716 1276 periissetoz
751 1203 804 1247 et
835 1210 1035 1264 corpus
1056 1197 1177 1267 ejus
1210 1198 1466 1253 traditum
1490 1207 1574 1255 est
1604 1207 1663 1254 ut
1689 1200 1814 1272 igne
1842 1216 1994 1257 com-

424 1282 716 1338 bureretur
744 1286 809 1340 ".
852 1305 871 1335 ι
902 1286 1120 1341 Clarum
1154 1296 1335 1344 autem
1366 1298 1450 1345 est
1480 1291 1709 1346 bestiam
1739 1308 1863 1349 esse
1881 1293 1996 1348 An-

423 1374 755 1431 tichristum.
787 1375 958 1434 Filius
985 1381 1185 1450 quippe
1224 1381 1319 1436 Dei
1347 1398 1470 1437 cum
1491 1384 1726 1448 venerit,
1760 1400 1879 1440 eam
1910 1384 1995 1439 iu-

424 1464 655 1520 terllciet
686 1467 885 1537 spiritu
916 1469 1032 1524 oris
1067 1472 1187 1535 sui,
1238 1473 1367 1543 quia
1405 1473 1508 1544 ipsi
1542 1474 1717 1546 gloria
1738 1484 1794 1532 et
1822 1476 1998 1547 impe-

423 1558 565 1614 rium
598 1558 657 1614 in
686 1561 888 1617 mula
918 1562 1263 1621 saeculorum.
1292 1565 1490 1623 Amen.

499 1799 587 1856 15.
628 1799 754 1857 Haec
784 1810 967 1859 autem
999 1818 1068 1860 ex
1102 1805 1289 1862 multis
1318 1822 1488 1878 pauca
1533 1823 1602 1864 ex
1633 1808 1806 1866 sacris
1840 1809 1994 1864 Scri-

426 1896 603 1961 pturis
658 1897 1065 1965 proposuimus,
1096 1914 1220 1954 cum
1259 1900 1324 1955 ad
1373 1910 1640 1968 nostram,
1691 1904 1784 1973 qui
1834 1902 1996 1958 Chri-

427 1984 591 2041 Stiani
642 2002 834 2042 sumus
885 1991 1202 2061 ampliorem
1244 1991 1428 2058 ﬁdem,
1484 2004 1596 2048 tum
1637 1995 1706 2050 ad
1752 1997 1997 2066 pertina-

427 2079 568 2133 ciam
599 2087 653 2133 et
686 2081 978 2136 amentiam
1025 2080 1338 2140 Judaaorum
1385 2084 1794 2142 confutandam.
1837 2087 1998 2145 Scili-

427 2175 514 2222 cet
549 2184 688 2224 unus
734 2181 934 2226 sancta:
966 2172 1190 2228 viviﬁcw
1231 2173 1534 2240 Trinitatis,
1558 2175 1700 2232 Deus
1732 2176 1992 2243 Verbum,

427 2268 484 2314 et
512 2259 605 2314 Dei
655 2259 848 2327 Filius,
878 2270 932 2317 et
978 2262 1243 2319 Dominus
1287 2276 1475 2322 noster
1512 2266 1671 2323 Jesus
1717 2267 1992 2331 Christus.

428 2350 546 2421 ipse
597 2362 817 2423 propter
886 2365 1128 2411 nostram
1207 2358 1433 2412 salutem
1495 2360 1754 2415 extremis
1802 2361 1995 2415 diebus

429 2442 593 2497 homo
626 2444 800 2501 factus
832 2454 917 2501 est
957 2462 1024 2502 ex
1058 2449 1432 2513 sanctissima,
1467 2450 1837 2514 immaculata,
1888 2452 1998 2508 Do-

430 2536 579 2589 mina
640 2547 830 2592 nostra
885 2539 1115 2609 Dcipara
1158 2552 1212 2595 et
1264 2557 1477 2612 semper
1525 2543 1733 2613 virgine
1802 2543 1992 2599 Maria.

429 2624 687 2697 Idemque
711 2630 1154 2686 omnibusdivine
1170 2633 1425 2702 peractis,
1457 2649 1780 2705 passusque,
1806 2652 1998 2706 quem-

432 2722 722 2776 admodum
776 2725 1051 2793 pmpheta:
1089 2728 1467 2795 pradixerant,
1517 2745 1689 2799 genus
1746 2738 1995 2786 nostrum

433 2825 502 2864 ex
557 2809 788 2868 fallaciis
824 2823 879 2868 et
937 2815 1199 2870 servitute
1245 2816 1451 2873 inimici
1498 2819 1717 2889 eripuit.
1773 2820 1881 2876 Pro
1919 2829 1997 2875 tot

428 2899 597 2971 igitur
630 2902 907 2972 tantisque
939 2904 1216 2960 beneﬁciis
1256 2906 1456 2986 quibus
1507 2922 1606 2962 sua
1658 2908 1874 2964 bonitas
1911 2909 1998 2963 di-

429 3003 593 3060 gnata
629 3008 731 3049 nos
765 3000 870 3060 est,
908 2996 1228 3052 Studeamus
1261 2999 1398 3067 grati
1422 2997 1471 3051 ei
1500 3013 1643 3064 esse,
1680 3005 1994 3056 sanctorum

431 3084 687 3139 videlicet
722 3085 1104 3141 mandatorum
1150 3087 1556 3155 observatione,
1600 3097 1662 3144 ut
1691 3098 1895 3145 aeterna
1943 3101 1998 3148 et

430 3175 644 3231 inﬁnita
679 3176 821 3232 bona
873 3179 1137 3247 consequi
1184 3180 1480 3253 possimus,
1531 3181 1587 3236 in
1629 3181 1750 3253 ipso
1780 3182 1999 3238 Christo

430 3266 543 3322 Deo
573 3275 784 3333 nostro,
812 3268 900 3321 cui
933 3269 1106 3338 gloria
1143 3280 1197 3324 et
1243 3270 1528 3340 imperium
1574 3288 1698 3327 cum
1744 3274 1998 3345 omnipo-

429 3358 565 3411 tenti
613 3358 735 3427 ejus
767 3357 947 3426 Patre,
1002 3366 1057 3413 et
1103 3362 1452 3418 sanctissimo
1500 3377 1565 3418 ac
1617 3363 1835 3419 viviﬁco
1878 3364 2002 3436 Spi-

431 3447 564 3510 ritu,
619 3462 765 3502 nunc
821 3456 875 3503 et
926 3462 1139 3519 semper
1187 3456 1242 3506 et
1286 3451 1344 3507 in
1393 3453 1594 3508 saecula
1653 3456 1995 3512 saeculorum.

431 3540 626 3595 Arnen.

2087 462 2284 533 Δανιηλ
2303 477 2317 490 ⁸
2348 480 2366 513 ι
2390 459 2685 532 Ἐθεώρουν
2708 461 2814 525 ἕως
2841 453 2902 514 οὗ
2926 462 3104 533 θρόνοι
3125 460 3408 531 ἐτέθησαν,
3425 461 3521 515 καὶ
3551 462 3679 514 Πα-

2088 550 2237 615 λαιὸς
2263 550 2487 622 ἡμερῶν
2519 551 2753 623 ἐκάθητο
2779 567 2793 581 ⁸
2817 553 2911 605 καὶ
2956 551 3018 604 τὸ
3050 551 3249 622 ἔνδυμα
3278 550 3444 605 αὑτοῦ
3473 550 3683 605 λευκὸν

2087 642 2218 695 ὡσεὶ
2247 640 2399 713 χιὼν,
2429 644 2522 697 καὶ
2551 644 2583 714 ή
2610 642 2731 714 θρὶξ
2760 642 2861 712 τῆς
2896 642 3138 714 κεφαλῆς
3169 642 3331 697 αὐτοῦ
3355 643 3488 696 ὡσεὶ
3520 643 3680 714 ἔριον

2089 730 2349 803 καθαρόν.
2398 734 2458 785 ’0
2484 733 2670 804 θρόνος
2705 733 2869 787 αὑτοῦ
2894 733 3025 803 φλὸξ
3062 734 3253 804 πυρὸς,
3281 736 3330 787 οἰ
3362 735 3551 806 τροχοὶ
3582 737 3693 789 ab“

2088 819 2183 874 τοῦ
2219 822 2331 894 πῦρ
2380 823 2594 892 φλέγον.
2627 822 2879 894 Ποταμὸς
2922 824 3091 893 πυρὸς
3129 818 3309 876 εἷλκεν
3357 824 3685 895 ἔμπροσθεν

2090 914 2275 978 αὐτοῦ,
2324 914 2490 985 χίλιαι
2539 914 2775 986 χιλιάδες
2815 914 3185 985 ἐλειτούργουν
3214 914 3381 985 αὐτῷ,
3436 916 3534 968 καί
3578 916 3662 987 μιῖ

2094 1022 2207 1077 ριαι
2232 1006 2490 1075 μυριάδες
2509 1005 2883 1077 παρείστηκαν
2902 1004 3071 1075 αὐτῷ.
3098 1006 3393 1078 Κριτήριον
3416 1007 3678 1071 ἐκάθισε,

2093 1098 2187 1151 καί
2219 1097 2388 1167 βίϐλοι
2413 1096 2785 1168 ἠνεῴχθησαν.
2835 1095 3130 1167 Ἐθεώρουν
3176 1097 3297 1150 τότε
3332 1098 3442 1151 ἀπὸ
3483 1099 3695 1169 φωνῆς·

2091 1188 2200 1243 τῶν
2227 1189 2400 1258 λόγων
2431 1189 2538 1243 τῶν
2565 1189 2832 1260 μεγάλων,
2867 1182 2942 1242 ὧν
2972 1189 3033 1243 τὸ
3065 1189 3233 1258 κέρας
3266 1190 3441 1243 ἐκεῖνο
3464 1191 3680 1252 ἐλάλει,

2093 1279 2199 1345 ἕως
2231 1280 2469 1352 ἀνῃρέθη
2514 1281 2576 1334 τὸ
2608 1281 2791 1351 θηρίον
2824 1282 2918 1334 καί
2965 1280 3229 1344 ἀπώλετο,
3265 1281 3359 1334 καὶ
3404 1282 3466 1335 τὸ
3507 1283 3684 1354 σῶμα

2095 1370 2260 1424 αὐτοῦ
2290 1370 2443 1443 ἐδόθη
2496 1374 2577 1433 εἰς
2607 1372 2803 1427 καῦσιν
2852 1373 3045 1444 πυρός.
3074 1392 3092 1425 ι
3142 1368 3416 1444 Πρόδηλον
3455 1374 3534 1438 δὲ,
3592 1377 3684 1429 ὅτι

2094 1461 2155 1515 τὸ
2179 1462 2365 1534 θηρίον
2389 1465 2419 1517 ὁ
2459 1463 2823 1535 ’Δντίχριστός
2850 1466 3016 1520 ἐστιν.
3052 1467 3109 1521 '0
3134 1468 3240 1540 γὰρ
3260 1467 3389 1529 Υἱὸς
3412 1466 3507 1520 τοῦ
3531 1467 3683 1522 Θεοῦ

2095 1553 2409 1626 ἐρχόμενος,
2441 1554 2622 1609 ἀνελεῖ
2667 1556 2831 1611 αὐτὸν
2857 1558 2937 1629 τῷ
2969 1559 3241 1631 πνεύματι
3272 1560 3367 1615 τοῦ
3405 1561 3691 1631 στόματος

2099 1643 2287 1709 αὐτοῦ,
2317 1644 2398 1698 ὅτι
2427 1644 2575 1715 αὐτῷ
2595 1647 2628 1716 ἡ
2660 1645 2787 1711 δόξα
2803 1649 2980 1702 καὶτὸ
3007 1648 3205 1719 κράτος
3221 1651 3300 1714 εἰς
3313 1650 3440 1714 τοὺς
3466 1649 3692 1715 αἰῶνας

2097 1734 2205 1790 τῶν
2246 1734 2476 1789 αἰώνων.
2518 1737 2712 1807 Ἀμήν.

2165 1825 2251 1880 15.
2293 1827 2475 1880 Ταῦτα
2503 1828 2559 1882 δέ
2591 1831 2654 1882 ἐκ
2683 1828 2893 1884 πολλῶν
2918 1830 3077 1900 ὀλίγα
3101 1834 3166 1886 ἐκ
3191 1832 3298 1886 τῶν
3330 1832 3502 1902 ἁγίων
3530 1835 3690 1905 Γρα-

2095 1916 2211 1987 φῶν
2249 1917 2599 1988 παρεθέμεθα
2647 1920 2783 1990 πρὸς
2821 1920 2920 1990 μὲν
2953 1921 3226 1993 ἡμετέραν
3266 1922 3375 1975 τῶν
3404 1924 3684 1994 Χριστια-

2094 2008 2199 2062 νῶν
2232 2006 2453 2079 μείζονα
2492 2009 2694 2075 πίστιν,
2731 2010 2868 2082 πρὸς
2898 2011 3119 2083 ἔλεγχον
3145 2013 3202 2067 δὲ
3230 2016 3330 2085 τῆς
3375 2014 3693 2084 Ἰουδαϊκῆς

2095 2093 2520 2166 σκληροκαρδίας
2562 2097 2658 2150 καὶ
2696 2099 3138 2168 φρενοϐλαϐείας.
3192 2102 3312 2155 Ὅτι
3361 2103 3389 2154 ὁ
3436 2096 3519 2166 εἷς
3580 2105 3697 2174 τῆς

2095 2184 2256 2252 ἁγίας
2290 2184 2554 2248 ζωοποιοῦ
2584 2188 2832 2257 Τριάδος,
2867 2187 2999 2252 Θεὸς
3031 2190 3205 2258 Λόγος
3235 2192 3329 2245 καὶ
3358 2192 3492 2245 Θεοῦ
3524 2194 3685 2257 Υἱὸς,

2095 2276 2189 2327 καὶ
2222 2278 2252 2328 ὁ
2283 2275 2487 2347 Κύριος
2520 2276 2674 2348 ἡμῶν
2721 2278 2927 2348 Ἰησοῦς
2960 2282 3212 2352 Χριστὸς,
3252 2283 3413 2346 αὐτὸς
3454 2284 3543 2337 διά
3580 2284 3697 2356 τὴν

2096 2366 2365 2438 ἡμετέραν
2401 2370 2671 2439 σωτηρίαν
2721 2370 2807 2423 ἐπ’
2844 2372 3085 2441 ἐσχάτων
3116 2374 3223 2428 τῶν
3266 2376 3488 2448 ἡμερῶν
3519 2380 3695 2450 ἐνην-

2096 2458 2381 2529 θρώπησεν
2406 2462 2470 2512 ἐκ
2499 2462 2596 2530 τῆς
2618 2462 2889 2531 παναγίας
2914 2465 3182 2535 ἀχράντου
3207 2467 3493 2540 δεσποίνης
3515 2470 3686 2539 ἡμῶν

2094 2550 2377 2616 Θεοτόκου,
2403 2554 2497 2607 καὶ
2525 2554 2614 2607 ἀεὶ
2645 2555 2913 2626 παρθένου
2943 2558 3180 2629 Μαρίας.
3214 2560 3325 2612 Καὶ
3352 2562 3531 2614 πάντα
3560 2562 3688 2616 θεο-

2096 2642 2321 2714 πρεπῶς
2350 2644 2837 2716 ἀπεργασάμενος,
2870 2647 2961 2699 καὶ
2994 2647 3201 2711 παθὼν,
3235 2650 3417 2715 καθὼς
3444 2654 3493 2705 οἱ
3528 2652 3685 2721 ἆγιοι

2097 2735 2357 2803 προεῖπον
2393 2738 2687 2808 προφῆται,
2720 2737 2921 2793 ἔσωσεν
2958 2738 3022 2791 ἐκ
3053 2740 3152 2811 τῆς
3185 2740 3276 2794 τοῦ
3305 2742 3499 2814 ἐχθροῦ
3533 2745 3684 2799 πλά-

2096 2841 2194 2894 νης
2233 2826 2327 2878 καὶ
2358 2825 2602 2890 δουλείας
2631 2827 2692 2881 τὸ
2725 2827 2880 2897 γένος
2917 2831 3096 2901 ήμῶν.
3140 2832 3307 2905 ’Υπὲρ
3341 2834 3451 2888 τῶν
3482 2838 3687 2891 τοσοῦ-

2097 2931 2207 2967 των
2255 2911 2347 2969 οὖν
2401 2917 2761 2987 εὐεργεσιῶν,
2819 2913 2894 2973 ὧν
2930 2924 3114 2991 τυχεῖν
3161 2924 3311 2996 παρά
3356 2925 3461 2995 τῆς
3505 2929 3681 2982 αὑτοῦ

2097 3005 2428 3075 ἁγαθὸτητος
2449 3007 2777 3080 ἠξιώθημεν,
2806 3011 3192 3084 σπουδάσωμεν
3218 3016 3499 3087 εὐάρεστοι
3526 3019 3687 3090 αὐτῷ

2101 3096 2483 3169 ἀναδειχθῆναι
2514 3099 2602 3152 διὰ
2632 3101 2730 3171 τῆς
2762 3100 2869 3157 τῶν
2911 3105 3081 3173 ἁγίων
3112 3107 3276 3161 αὑτοῦ
3314 3110 3546 3163 ἐντολῶν
3582 3113 3679 3165 ὲκ-

2100 3186 2454 3259 πληρώσεως,
2478 3190 2625 3255 ὅπως
2650 3193 2742 3246 καὶ
2780 3193 2895 3273 τῶν
2918 3197 3151 3253 αἰωνίων
3185 3199 3278 3252 καὶ
3300 3199 3683 3273 ἀτελευτήτων

2099 3276 2317 3363 ἀγαθῶν
2346 3279 2691 3352 ἐπιτύχωμεν
2723 3284 2780 3338 ἐν
2821 3285 2967 3357 αὐτῷ
2993 3287 3212 3360 Χριστῷ
3243 3289 3320 3360 τῷ
3351 3290 3471 3362 Θεῷ
3494 3294 3684 3363 ἡμῶν,

2098 3360 2144 3434 ᾧ
2170 3370 2203 3439 ὴ
2230 3368 2356 3434 δόξα
2388 3371 2483 3424 καὶ
2519 3372 2580 3425 τὸ
2608 3374 2808 3445 κράτος
2841 3377 2937 3430 σὺν
2962 3377 3040 3448 τῷ
3071 3360 3472 3454 παντοκράτορι
3500 3360 3688 3453 [iath

2101 3460 2291 3525 αὐτοῦ,
2322 3462 2417 3516 καί
2444 3462 2521 3533 τῷ
2562 3466 2813 3537 παναγίω
2842 3467 2935 3521 καὶ
2968 3467 3214 3541 ζωοποιῷ
3245 3474 3545 3545 Πνεῦματι,
3583 3477 3695 3532 νῦν

2102 3552 2197 3605 καὶ
2220 3553 2329 3620 ἀεὶ,
2354 3555 2449 3608 καὶ
2472 3556 2553 3619 εἰς
2574 3556 2701 3621 τοὺς
2732 3557 2933 3625 αἰῶνας
2959 3560 3067 3615 τῶν
3100 3563 3330 3621 αἰώνων.
3375 3567 3571 3639 Ἀμήν.

432 3771 834 3865 Qumstiones
869 3780 1211 3865 sequentes
1239 3773 1309 3834 in
1342 3772 1713 3865 Evangelia,
1739 3791 1833 3865 ex”
1848 3776 2067 3865 codice
2095 3781 2251 3865 Reg.
2281 3781 2459 3865 21331.
2487 3798 2658 3865 nunc
2690 3779 2970 3865 primum
2998 3784 3062 3845 in
3094 3783 3302 3865 lucem
3336 3788 3689 3865 prodeunt.

684 3851 1093 3931 Adjiciuntur
1122 3867 1309 3929 porro
1336 3851 1402 3913 in
1437 3854 1664 3914 eodem
1695 3853 1912 3916 codice
1940 3857 2017 3918 ad
2048 3851 2283 3921 calcém
2310 3851 2710 3935 Quaistionis‘
2728 3861 2863 3933 136,
2897 3863 2974 3922 ad
3005 3851 3412 3926 Antiochum.

505 4038 834 4107 QUESTIO
863 4041 905 4096 Ι.
945 4059 965 4093 ι
987 4039 1192 4097 Christi
1226 4048 1407 4097 autem
1440 4044 1719 4113 generatio
1750 4045 1831 4100 sic
1862 4053 2000 4103 erat.

433 4130 569 4187 Cum
603 4133 747 4186 enim
777 4141 923 4189 esset
951 4133 1282 4204 desponsata
1327 4142 1502 4189 mater
1552 4134 1672 4203 ejus
1705 4135 1875 4190 Maria
1907 4136 2003 4191 Jo-

435 4224 567 4292 seph
610 4224 675 4276 “.
706 4242 726 4276 ›
759 4223 937 4289 Quare
975 4239 1083 4278 non
1109 4223 1248 4279 dixit
1288 4244 1301 4280 :
1334 4224 1471 4279 Cum
1501 4234 1645 4281 esset
1674 4229 2004 4297 desponsata

435 4316 611 4385 virgo,
655 4316 753 4370 sed
794 4333 814 4368 ι
841 4314 1013 4370 Mater
1038 4317 1203 4387 ejus?
1226 4336 1245 4369 ι

508 4428 831 4485 Reseonsro.
875 4428 944 4484 Ut
973 4432 1250 4487 credibilis
1297 4445 1478 4486 sermo
1525 4429 1689 4494 foret,
1724 4437 1779 4485 et
1807 4437 1868 4485 ιιι
1904 4447 2002 4486 au-

437 4526 694 4592 ditorem,
723 4536 972 4597 paratum
999 4527 1067 4583 ad
1090 4528 1370 4599 quidpiam
1400 4527 1729 4583 audiendum
1771 4542 1878 4581 non
1918 4527 2003 4580 in-

436 4627 674 4684 suetum,
709 4618 943 4674 insolita:
960 4619 1038 4675 rei
1062 4620 1339 4676 additione
1368 4621 1704 4691 percellerct,
1734 4618 1997 4673 dicendo:

442 4729 461 4761 r
491 4712 795 4781 Antequam
836 4714 1210 4779 convenirent,
1249 4715 1469 4769 inventa
1506 4721 1590 4768 est
1629 4712 1685 4765 in
1720 4720 1876 4765 utero
1908 4711 2005 4765 ba-

438 4801 576 4856 bcns
609 4800 676 4856 de
711 4801 918 4872 Spiritu
949 4808 1141 4858 sancto
1158 4802 1258 4855 η.»

508 4912 573 4980 Q.
604 4914 658 4967 2.
682 4937 700 4965 ι
729 4915 994 4983 Apparuit
1026 4922 1206 4970 autem
1230 4915 1281 4971 ei
1310 4919 1536 4985 angelus
1564 4911 1778 4967 Domini
1832 4910 1886 4964 in
1917 4926 2008 4966 so-

438 5008 584 5061 mnis
625 5006 896 5061 diccus”.
937 5024 956 5057 ι
984 5003 1165 5071 Quare
1186 5021 1293 5061 non
1322 5006 1499 5076 palam
1535 5010 1757 5074 apparet
1780 5001 2006 5070 angelus

437 5094 699 5167 Joseplto,
755 5096 1211 5167 quemadmodum
1259 5096 1570 5167 pastoribus
1602 5102 1655 5150 et
1694 5093 2008 5149 Zachariaz?

514 5213 578 5266 Β.
610 5214 746 5279 Quia
772 5213 1066 5268 admodum
1099 5213 1272 5269 ﬁdelis
1300 5220 1418 5269 erat
1456 5212 1540 5267 vir
1578 5213 1691 5268 ille.
1731 5210 1844 5267 Nec
1868 5226 2007 5281 opus

444 5307 523 5361 illi
549 5316 665 5361 erat
687 5305 956 5377 ejusmodi
988 5306 1221 5363 visione.

514 5399 579 5464 ρ.
626 5400 679 5451 5.
728 5418 745 5449 ι
776 5398 854 5453 Nc
900 5400 1095 5453 timeas
1143 5398 1389 5468 accipere
1446 5397 1670 5452 Mariam
1720 5395 2006 5469 coniugem

446 5491 705 5542 tuam“.t
740 5490 921 5555 Quare
950 5490 1119 5545 dixit:
1158 5509 1177 5543 ι
1212 5490 1290 5546 Ne
1317 5490 1546 5546 timeas?
1582 5508 1601 5543 ι

2180 4048 2594 4106 ΕΡΩΤΗΣΙΣα¹.
2629 4069 2649 4103 ι
2680 4049 2786 4105 Τοῦ
2821 4050 2878 4104 δὲ
2910 4050 3087 4121 Ἰησοῦ
3110 4050 3398 4123 Χριστοῦή
3424 4053 3694 4124 γέννησις

2109 4140 2282 4205 οὕτως
2299 4137 2387 4213 ἦν.
2409 4142 2851 4212 Μνηστευθείσης
2873 4142 2983 4213 γὰρ
3008 4141 3106 4211 τῆς
3140 4142 3341 4213 μητρὸς
3361 4143 3527 4196 αὐτοῦ
3558 4147 3677 4198 Mx-

2112 4234 2234 4307 ρίας
2266 4233 2344 4305 τῷ
2386 4233 2599 4307 Ἰωσήφ.
2642 4254 2662 4285 ι
2700 4235 2797 4289 Διά
2830 4236 2882 4288 τί
2918 4236 3019 4288 οὐκ
3047 4232 3198 4288 εἷπε·
3237 4236 3694 4309 Μνηστευθείσης

2034 4326 2082 4385 D
2104 4323 2207 4394 τῆς
2237 4324 2529 4395 παρθένου,
2565 4323 2700 4378 ἀλλά
2736 4344 2754 4376 ι
2790 4324 2890 4393 τῆς
2921 4324 3126 4394 μητρὸς
3157 4322 3341 4377 αὑτοῦ.
3379 4344 3399 4376 ι

2178 4435 2564 4491 ΑΠΟΚΡΙΣΙΣ.
2614 4437 2777 4489 Ὥστε
2840 4437 3242 4510 εὐπαράδεκτον
3294 4435 3550 4503 γενέσθαι
3594 4438 3696 4492 τὶν

2108 4528 2284 4597 λόγον,
2314 4530 2405 4583 καὶ
2438 4529 2821 4601 προσδοκῶντά
2853 4547 2903 4582 τι
2931 4530 3037 4582 τῶν
3068 4529 3311 4600 συνήθων
3344 4528 3693 4583 ἀκοῦσασθαι

2107 4619 2198 4672 τὸν
2220 4619 2511 4691 ἀκροατὴν,
2538 4618 2859 4692 καταπλήξῃ
2885 4621 2950 4690 τῇ
2978 4618 3071 4672 τοῦ
3099 4617 3397 4690 παραδόξου
3422 4619 3698 4689 πράγμα-

2105 4728 2194 4774 τος
2227 4712 2515 4782 ἐπαγωγῇ,
2554 4711 2759 4779 λέγων·
2810 4729 2827 4762 ι
2880 4711 3017 4782 Πρὶν
3066 4711 3099 4781 ἢ
3144 4708 3414 4764 συνελθεῖν
3461 4712 3693 4775 αὐτοὺς,

2106 4802 2302 4873 εὑρέθη
2329 4804 2385 4856 ἐν
2407 4802 2602 4873 γαστρί
2622 4801 2816 4871 ἔχουσα
2840 4801 2904 4854 ἐκ
2925 4799 3240 4870 Πνεῦματος
3266 4798 3446 4866 ἁγίου.
3495 4818 3515 4849 ι

2190 4912 2245 4965 Ἐ
2255 4911 2381 4983 ρώτ.
2398 4912 2462 4983 β’.
2484 4931 2502 4963 ι
2518 4911 2692 4981 Ὠφθη
2713 4911 2769 4964 δέ
2784 4911 2931 4983 αὑτῷ
2947 4911 3175 4981 ἄγγελος
3189 4912 3393 4983 Κυρίου
3415 4913 3534 4964 κατ’
3548 4912 3695 4985 ὄναρ

2107 5003 2278 5073 λέγων
2299 5022 2311 5035 ο
2354 5022 2373 5056 ι
2410 5004 2509 5059 Διά
2538 5005 2591 5055 τί
2626 5003 2700 5075 μὴ
2730 5004 2974 5076 φανερῶς
3005 5004 3256 5072 φαίνεται
3285 5006 3314 5058 ὁ
3340 5004 3572 5073 ἄγγελος
3606 5007 3694 5076 τῷ

2120 5097 2339 5166 Ἰωσὴφ,
2373 5096 2619 5168 καθάπερ
2643 5099 2754 5160 τοῖς
2780 5096 2999 5166 ποιμέσι
3029 5096 3124 5149 καὶ
3152 5096 3229 5167 τῷ
3253 5096 3497 5167 Ζαχαρίᾳ
3520 5113 3535 5161 ;

2192 5211 2378 5266 Ἀπόκ.
2437 5211 2558 5264 Ὅτι
2605 5210 2807 5280 σφόδρα
2858 5209 3047 5273 πιστὸς
3089 5205 3212 5281 ἦνὸ
3261 5210 3423 5282 ἀνὴρ,
3472 5210 3569 5264 καὶ
3619 5213 3690 5266 οὐ

2108 5307 2360 5377 δεόμενος
2390 5308 2487 5376 τῆς
2514 5304 2768 5374 τοιαύτης
2803 5303 2996 5373 ὅψεως.

2193 5394 2385 5468 Ἐρώτ.
2415 5402 2483 5464 γ’.
2520 5412 2539 5445 ι
2578 5395 2663 5464 Μὴ
2697 5392 2937 5463 φοϐηθῇς
2973 5388 3308 5463 παραλαϐεῖν
3331 5386 3699 5460 Μαριὰμτὴν.

2110 5484 2345 5557 γυναῖκά
2377 5500 2491 5539 σου.
2537 5502 2556 5536 ι
2592 5485 2690 5537 Διά
2720 5483 2772 5536 τί
2801 5478 2921 5536 εἶπε
2941 5497 2955 5512 ·
2989 5481 3081 5551 Μὴ
3114 5479 3357 5551 φοϐηθῇς
3378 5518 3394 5544 .
3420 5471 3447 5487 ”

519 5640 561 5671 ιτ
601 5639 744 5699 Psal.
779 5606 885 5714 vii,
920 5641 1069 5699 s—tt.
1146 5643 1191 5677 ιε
1231 5642 1420 5701 Matth.
1461 5659 1513 5711 ι,
1551 5642 1733 5699 lli-l8.
1811 5643 1855 5676 σο
1892 5641 1996 5699 ibid

2115 5641 2145 5673 '°
2186 5639 2319 5696 ibid.
2353 5637 2443 5696 20.
2519 5638 2562 5670 ’⁸
2605 5636 2737 5695 ibid.
