3836 6194
90 323 192 379 τοι

1122 307 1588 384 οωεετιοΝΕε
1625 306 1718 361 AD
1756 303 2167 362 ANTIOCHUM
2206 297 2465 357 DUCEM.

3258 285 3361 342 ’102

174 392 410 508 ’Ᾰπόκμ
439 434 665 498 Δεικνῦς
700 433 863 487 αὐτὸν
898 430 1175 486 δεδοικότα
1216 430 1291 502 μὴ
1321 423 1673 502 προσκρούσῃ

1848 420 1917 477 R.
1954 420 2206 476 Declarat
2249 432 2374 473 eum
2420 407 2713 476 timuisse;
2730 421 2803 465 ne
2829 404 3002 463 Deum
3038 402 3360 468 oﬂ'enderet,

88 528 167 600 τῷ
194 524 343 598 Θεῷ,
376 525 456 589 ὡς
499 520 797 596 μοιχαλίδα
819 522 977 593 ἔχων.

170 617 373 688 Ἑρώτ.
408 615 474 670 δ’.
502 615 603 668 Διά
633 615 686 669 τί
719 611 861 680 εἷπε,
902 633 922 667 ι
960 615 1060 686 τὴν
1090 611 1327 682 γυναικά
1357 626 1487 677 σου;
1535 630 1555 663 ι

173 709 371 763 ’Δπόκ.
423 707 513 772 Ὧς
547 707 624 778 μὴ
652 707 1052 780 διεφθαρμένης
1081 707 1253 776 αὐτῆς
1292 704 1476 776 οὖσης.
1514 702 1683 757 Καλεῖ

87 803 145 858 δὲ
172 803 353 873 αὐτὴν
382 804 617 869 γυναῖκα
650 799 758 853 ἀπὸ
784 801 890 870 τῆς
921 799 1212 870 μνηστείας
1231 816 1245 829 ·
1277 800 1464 869 ὥσπερ
1490 795 1683 850 εἰώθα-

91 911 194 958 μεν
218 909 295 962 γα
303 890 515 963 μϐροὺς
531 891 712 959 λέγειν
732 892 828 946 καὶ
849 893 1171 963 προγάμους
1190 892 1318 955 τοὺς
1345 890 1551 961 μνηστῆ
1561 906 1676 960 ρας.

170 982 376 1054 Ἐρώτ.
409 982 472 1037 ε’.
528 1001 547 1035 ι
579 982 803 1049 Τέξεται
837 983 895 1038 δὲ
921 984 1067 1038 Υίόν.
1112 1002 1132 1037 ι
1169 982 1269 1037 Διὰ
1294 983 1348 1037 τί
1385 984 1486 1037 οὐκ
1523 979 1676 1036 εἷπε·

88 1073 321 1140 Τέξεται
354 1071 412 1125 δέ
448 1088 529 1124 σοι
548 1087 563 1138 ;

171 1165 374 1217 Ἀπόκ.
409 1163 535 1215 Ὀτι
582 1163 682 1217 οὐκ
734 1161 883 1234 αύτῷ
924 1162 1116 1235 ἔμελλε
1167 1160 1311 1234 μόνῳ
1366 1157 1678 1225 τίκτεσθαι,

87 1254 230 1308 ἀλλά
265 1256 338 1323 τῇ
376 1251 670 1323 οἰκουμένῃ
700 1252 871 1323 πάσῃ.
1069 1272 1072 1275 λ

172 1344 373 1416 Ἐρώτ.
406 1343 482 1407 ς’.
509 1361 529 1394 ι
575 1344 662 1396 Ἑν
683 1343 919 1416 ἡμέραις
944 1342 1183 1415 Ἡρώδου
1212 1342 1309 1397 τοῦ
1340 1341 1619 1413 βασιλέως.
1654 1358 1675 1392 ι

88 1436 193 1489 Διά
245 1435 302 1489 τί
353 1433 666 1506 προσέθηκε
708 1435 772 1488 τὸ
811 1434 1048 1506 ἀξίωμα,
1083 1433 1282 1502 εἰπὼν,
1336 1451 1357 1486 ι
1398 1432 1493 1486 τοῦ
1529 1432 1683 1503 βασι-

86 1527 262 1591 λέωςς
301 1546 326 1581 ι

172 1620 370 1675 ’Δπόκ.
412 1619 631 1692 Ἐπειδὴ
656 1620 752 1674 καὶ
782 1618 972 1689 ἕτερος
999 1616 1224 1688 γέγονεν
1261 1615 1505 1688 Ἡρώδης
1531 1616 1560 1668 ὁ
1589 1613 1685 1669 τὸν

87 1713 410 1785 Πρόδρομον
436 1710 663 1769 ἀνελών.
699 1710 834 1765 Ἀλλ’
859 1712 1063 1776 ἐκεῖνος
1083 1709 1386 1782 τετράρχης
1407 1704 1496 1780 ἦν,
1522 1698 1676 1771 οὗτος
1705 1758 1751 1814 Β

87 1806 145 1859 δὲ
181 1805 466 1877 βασιλεύς.

170 1893 370 1966 Ἐρὼτ.
391 1893 457 1960 ζ’.
477 1914 497 1947 ι
520 1893 800 1966 Ἐγερθεὶς
815 1892 1096 1966 παράλαϐε
1127 1892 1190 1947 τὸ
1220 1891 1431 1946 παιδίον
1460 1890 1554 1944 καί
1576 1889 1673 1962 τὴν

92 1988 313 2059 μητέρα
338 1985 522 2041 αὐτοῦ.
566 2005 587 2039 ι
628 1986 727 2039 Διά
757 1984 811 2038 τί
841 1986 943 2038 οὐκ
976 1981 1127 2048 εἷπε,
1155 1984 1270 2057 Τὴν
1293 1982 1526 2054 γυναῖκά
1560 1998 1676 2047 σου,

87 2073 226 2127 ἀλλά
254 2093 273 2124 ι
314 2074 429 2144 Τὴν
469 2072 681 2145 μητέρα
713 2072 913 2138 αύτοῦ;
951 2093 970 2125 ι

169 2163 367 2217 ’Δπόκ.
418 2162 658 2235 Ἐπειδὴ,
687 2163 781 2219 τοῦ
810 2163 968 2217 τόκου
997 2162 1170 2235 πέρας
1208 2162 1484 2226 λαϐόντος,
1517 2161 1680 2234 ἐλύθη

85 2256 146 2306 τε
175 2255 210 2325 ἡ
245 2253 489 2323 ὑποψία,
518 2253 615 2306 καὶ
645 2255 674 2308 ὁ
716 2253 914 2325 Ἰωσὴφ
953 2253 1250 2327 ἐπιστώθη.
1281 2253 1380 2307 Διὰ
1404 2252 1563 2307 τοῦτο
1589 2250 1682 2308 οὖν

83 2344 275 2399 λοιπὸν
301 2344 443 2416 μετά
468 2344 776 2416 παρρησίας
798 2344 1101 2415 διαλέγεται
1123 2347 1152 2399 ὁ
1177 2345 1423 2416 ἄγγελος,
1442 2346 1538 2399 καὶ⁴
1556 2346 1684 2399 ούκ-

88 2436 171 2490 ἐτι
196 2438 301 2509 τὴν
333 2438 570 2505 γυναῖκα
593 2434 760 2489 αὐτοῦ
785 2436 958 2490 καλεῖ.

398 2526 470 2598 η’.
494 2547 513 2580 ι
538 2529 647 2581 Καὶ
677 2526 845 2598 φεῦγε
876 2531 955 2593 εἰς
981 2527 1271 2599 Αἴγυπτον.
1298 2548 1316 2582 ι
1337 2527 1437 2584 Διὰ
1452 2529 1505 2583 τί
1524 2528 1686 2585 ἀκού-

90 2636 216 2679 ϐᾶς’
256 2639 277 2671 ι
320 2619 496 2689 Φεῦγε
523 2622 604 2684 εἰς
621 2618 923 2689 Αἴγυπτον,
967 2638 988 2673 ι
1026 2622 1127 2675 οὐκ
1156 2621 1468 2694 ἐταράχθη;

174 2800 373 2854 ’Δπόκ.
440 2800 658 2873 Ἐπειδὴ
708 2800 899 2875 πιστὸς
928 2798 999 2874 ἦν
1037 2802 1067 2855 ό
1097 2802 1258 2874 ἀνὴρ,
1296 2802 1378 2856 διὸ
1418 2803 1686 2858 ὑπακούει

92 2892 190 2945 καὶ
218 2890 493 2946 πείθεται.

176 2980 376 3053 Ἐρὼτ.
412 2980 478 3037 θ’.
513 2980 612 3035 Διά
641 2981 697 3036 τί
727 2982 829 3037 οὐκ
858 2983 941 3047 εἰς
968 2982 1133 3055 ἄλλην
1161 2981 1345 3055 χώραν
1376 2981 1684 3054 πέμπεται,

90 3072 213 3126 ἀλλ’
244 3074 330 3135 εἰς
358 3071 633 3140 Αἴγυπτον
648 3089 663 3139 ;
964 3064 965 3069 “

179 3164 376 3217 Ἀπὸκ.
408 3164 529 3217 Ἵνα
554 3163 816 3237 πληρωθῇ
845 3167 878 3237 ἡ
911 3166 1217 3238 προφητεία
1244 3169 1278 3239 ἡ
1317 3165 1572 3236 λέγουσα,
1603 3168 1686 3222 ὃτι

95 3274 116 3307 ι
173 3254 269 3320 Ἐξ
301 3254 578 3325 Αἰγύπτου
603 3257 839 3311 ἐκάλεσα
868 3259 961 3312 τὸν
1003 3258 1132 3313 Υίόν
1172 3276 1297 3330 μου.
1344 3281 1364 3313 ι

177 3348 376 3421 Ἐρώτ.
403 3356 455 3404 ι’.
488 3369 507 3402 ι
540 3350 875 3414 ’Δκούσαςδὲ
900 3351 1125 3423 Ἰησοῦς,
1155 3353 1236 3406 ὅτι
1264 3353 1517 3425 Ἰωάννης
1546 3372 1689 3428 παρ-

90 3441 281 3513 εδόθη,
313 3441 663 3515 ἀνεχώρησεν
689 3444 770 3507 εἰς
804 3444 904 3517 τὴν
945 3444 1252 3502 Γαλιλαίαν.
1302 3466 1322 3499 ι
1364 3447 1465 3501 Διὰ
1507 3447 1559 3502 τί
1590 3448 1686 3503 ἀν-

92 3536 380 3607 εχώρησεν
400 3550 416 3599 ;

180 3624 374 3679 Ἀπόκ.
416 3625 693 3681 Παιδεύων
724 3628 870 3700 ἡμᾶς
896 3627 1120 3699 φεύγειν
1157 3632 1282 3698 τοὺς
1325 3633 1682 3707 πειρασμούς.

95 3717 174 3771 Οὐ
203 3718 318 3788 γάρ
351 3717 607 3791 ἔγκλημα
630 3721 695 3774 τὸ
730 3721 807 3792 μὴ
843 3721 1057 3792 ῥίπτειν
1091 3723 1282 3777 ἐαυτὸν
1310 3726 1389 3789 εἰς
1422 3725 1691 3791 κίνδυνον,

93 3809 235 3865 ἀλλὰ
263 3810 327 3867 τὸ
350 3812 665 3883 ἐμπεσόντα
701 3813 777 3886 μὴ
810 3814 1001 3886 στῆναι
1033 3816 1316 3884 γενναίως.

180 3983 378 4056 Ἐρώτ.
412 3993 502 4041 ια’.
537 3988 735 4058 ‹]Ίδὼν
759 3991 818 4045 δὲ
846 3992 876 4044 ό
916 3990 1127 4063 Ἰησοῦς
1153 3992 1281 4056 τοὺς
1307 3991 1497 4063 δχλους
1519 3993 1687 4066 ἀνέϐη

97 4076 179 4140 εἰς
198 4076 262 4131 τὸ
290 4077 438 4149 ὅρος.
486 4096 507 4131 ι
538 4079 639 4135 Διά
667 4080 722 4134 τί
749 4082 917 4155 ἀνέϐη
948 4084 1029 4149 εἰς
1061 4083 1124 4138 τὸ
1151 4084 1311 4156 δρος;

181 4171 378 4225 ’Δπόκ.
433 4172 535 4226 Διά
579 4175 643 4228 τὸ
689 4175 1008 4248 ἀφιλότιμον
1050 4178 1147 4231 καὶ
1186 4177 1539 4248 ἀκόμπαστον
1561 4195 1576 4209 ·
1624 4179 1686 4232 οὐ

96 4257 207 4329 γὰρ
241 4259 512 4329 περιῆγεν
538 4261 736 4326 αὐτοὺς
758 4264 876 4334 μεθ’
906 4263 1125 4319 ἐαυτοῦ.
1168 4266 1309 4320 Ἀλλ’
1343 4268 1434 4320 ὅτε
1464 4267 1560 4338 μὲν
1593 4285 1691 4321 πε·-

98 4348 407 4427 ριπατῆσαι
437 4349 566 4416 ἔδει,
600 4352 762 4417 αὐτὸς
806 4353 967 4425 μόνος
995 4355 1211 4427 περιῄει
1236 4355 1515 4427 πανταχοῦ
1537 4394 1551 4421 ,
1595 4357 1692 4410 καὶ

1782 522 1974 584 utpote
2002 509 2552 568 adulteram-habens
2577 519 2828 561 uxorem.

1845 605 1912 672 Q.
1948 606 2003 660 4.
2034 605 2217 671 Quare
2243 604 2404 667 dixit,
2446 620 2465 653 ι
2489 599 2781 669 conjugem
2807 594 3003 651 tuam?
3030 612 3046 644 ι

1852 693 2017 767 25EI
2034 694 2101 749 R.
2122 692 2320 763 Utpote
2338 706 2446 747 non
2465 694 2806 757 corruptam.
2830 682 3002 739 Vocat
3024 689 3204 736 autem
3228 695 3363 736 con-

1780 788 1988 859 jugem,
2018 786 2151 857 quia
2180 785 2515 854 desponsata
2550 785 2689 836 erat.
2722 775 2815 833 Uti
2857 775 3099 832 solemus
3128 786 3361 844 generos

1780 891 1836 941 et
1869 883 2173 954 pronubos,
2199 894 2402 935 vocare
2432 890 2652 949 procos.

1844 975 1912 1043 Q.
1943 976 1995 1031 5.
2027 992 2047 1025 ι
2068 974 2249 1028 Pariet
2277 979 2459 1026 autem
2502 968 2675 1022 ﬁlium
2691 966 2795 1021 ⁷³.»
2830 963 3014 1032 Quare
3042 976 3154 1017 non
3182 958 3356 1015 dixit:

1780 1065 1964 1121 Pariet
1988 1071 2168 1118 autem
2194 1061 2335 1117 tibi?

1849 1155 1918 1211 Β.
1966 1155 2107 1222 Quia
2144 1168 2258 1209 non
2284 1152 2390 1224 ipsi
2418 1151 2598 1208 solum
2639 1153 2881 1220 pareret,
2928 1145 3025 1202 sed
3071 1150 3191 1199 toto
3217 1141 3358 1197 orbi.

1843 1335 1910 1402 Q.
1943 1333 1998 1388 6.
2041 1334 2145 1389 «In
2197 1332 2393 1389 diebus
2445 1331 2678 1388 Herodis
2725 1326 2987 1399 regis".i
3038 1323 3221 1391 Quare
3272 1321 3361 1377 di-

1781 1428 2045 1499 gnitatem
2075 1424 2306 1493 addidit,
2331 1438 2458 1480 cum
2493 1424 2655 1487 dixit,
2689 1440 2708 1474 ι
2730 1418 2914 1491 regis?
2937 1436 2957 1470 ι

1848 1607 1918 1662 R.
1949 1607 2088 1675 Quia
2118 1606 2259 1663 alius
2286 1605 2389 1662 fuit
2437 1603 2683 1662 Herodes
2707 1603 2803 1675 qui
2834 1601 3236 1656 Praecursorem
3265 1609 3362 1651 oo.-

1783 1700 1940 1757 cidit.
1979 1700 2088 1755 Sed
2112 1699 2205 1754 ille
2232 1697 2535 1763 tetrarcha,
2566 1696 2659 1751 hic
2688 1710 2783 1751 rex
2812 1699 2949 1750 erat.

1847 1879 1913 1948 Q.
1984 1880 2036 1934 7.
2100 1902 2120 1935 ι
2154 1880 2402 1951 Surgens
2453 1877 2641 1948 accipe
2698 1889 2955 1946 puerum,
3006 1878 3062 1927 et
3130 1876 3362 1925 matrem

1779 1972 1900 2043 ejus
1920 1971 2023 2027 ".i
2090 1970 2274 2039 Quare
2335 1985 2446 2025 non
2491 1969 2670 2025 dixit:
2728 1966 2965 2022 Uxorem
3014 1974 3201 2029 tuam,
3241 1961 3361 2025 sed,

1787 2083 1806 2115 ι
1826 2069 2054 2118 matrem
2085 2062 2251 2132 ejus?
2281 2082 2300 2114 ι

1852 2153 1920 2207 R.
1948 2152 2088 2220 Quia
2137 2160 2296 2225 partu
2338 2149 2682 2213 adveniente,
2727 2148 2907 2204 levata
2949 2143 3191 2215 suspicio
3237 2141 3360 2209 fuit,

1782 2251 1836 2300 et
1865 2245 2066 2314 Joseph
2095 2243 2300 2298 certior
2330 2241 2511 2296 factus
2532 2247 2636 2296 est.
2676 2237 2802 2293 Ideo
2825 2251 2949 2291 cum
2981 2236 3232 2290 libertate
3260 2247 3363 2304 pa-

1783 2337 1891 2391 lam
1927 2335 2169 2407 loquitur
2198 2334 2426 2407 angelus
2451 2350 2467 2400 ;
2496 2346 2598 2386 nec
2623 2330 2769 2386 ultra
2801 2342 3028 2383 uxorem
3052 2326 3173 2395 ejus
3203 2330 3364 2380 vocat

1792 2430 1965 2483 illam.

1857 2518 1922 2587 Q.
1975 2519 2028 2575 8.
2069 2538 2087 2571 (
2110 2517 2177 2574 Et
2206 2516 2332 2590 fuge
2363 2518 2419 2572 in
2451 2514 2831 2587 Egyptum".
2872 2530 2890 2563 ι
2915 2510 3097 2577 Quare
3119 2522 3241 2563 cum
3265 2521 3365 2561 au-

1786 2609 1999 2665 disset:
2067 2629 2085 2662 ‹
2117 2607 2264 2680 Fuge
2318 2607 2376 2662 in
2425 2605 2791 2678 Egyptum,»
2850 2602 3202 2674 perturbatus
3255 2612 3367 2653 non

1787 2699 1929 2754 fuit?

1869 2789 1932 2844 Β.
1961 2789 2099 2857 Quia
2130 2789 2304 2846 ﬁdelis
2353 2788 2438 2846 vir
2477 2796 2615 2854 erat,
2646 2786 2771 2843 ideo
2821 2783 3164 2855 obsequitur,
3190 2786 3244 2836 et
3268 2778 3369 2834 ob-

1794 2891 2088 2954 temperat.

1866 2974 1933 3041 Q.
1965 2976 2018 3031 9.
2051 2975 2233 3042 Quare
2261 2975 2317 3029 in
2356 2973 2676 3045 IEgyptum,
2719 2976 2773 3025 et
2801 2981 2913 3023 non
2935 2964 3177 3021 inaliam
3203 2959 3370 3016 mitti—

1715 3103 1758 3162 ο
1791 3074 1882 3123 ιιι·
1906 3066 2225 3138 regionem?

1862 3156 1933 3214 R.
1962 3157 2033 3213 Ut
2056 3158 2374 3229 impleretur
2397 3154 2684 3228 prophetia
2707 3166 2829 3224 qua:
2847 3149 3013 3206 dicit:
3051 3164 3071 3199 ‹
3102 3142 3369 3214 Eat-Egr—

1789 3261 1885 3325 pto
1915 3251 2112 3308 vocavi
2140 3249 2337 3306 Filium
2360 3248 2656 3306 meum“.i
3206 3306 3225 3321 ν,

1862 3342 1928 3410 Q.
1963 3341 2049 3398 10.
2095 3341 2269 3398 «Cum
2309 3342 2552 3397 audisset
2592 3339 2754 3395 Jesus
2788 3332 2934 3406 quod
2976 3329 3218 3387 Joannes
3252 3335 3368 3382 tra-

1790 3436 1939 3493 ditus
1988 3442 2155 3502 esset,
2215 3438 2444 3494 secessit
2495 3435 2552 3491 in
2602 3429 2882 3489 Galilaeam
2901 3425 3003 3481 ⁷⁷.»
3047 3422 3228 3489 Quare
3276 3434 3366 3475 se-

1790 3527 1996 3585 cessit?

1859 3619 1929 3675 R.
1964 3618 2281 3675 Admonens
2336 3627 2437 3669 nos
2502 3609 2790 3682 fugiendas
2839 3622 2963 3666 esse
3017 3606 3366 3663 tcntationes.

1789 3716 1980 3786 Neque
2013 3711 2070 3769 id
2108 3707 2325 3766 crimini
2352 3706 2536 3772 datur,
2567 3703 2713 3774 quod
2752 3718 2864 3758 non
2901 3701 3023 3759 nos‘
3047 3699 3369 3774 in..pericu-

1790 3806 1905 3862 lum
1933 3802 2348 3876 :conjiciamus;
2403 3795 2501 3853 sed
2552 3810 2678 3852 cum
2733 3792 3109 3861 inciderimus,
3165 3793 3213 3849 si
3254 3803 3370 3848 non

1791 3896 2118 3951 resistamus
2152 3902 2429 3961 generose.

1863 3986 1929 4054 Q.
1981 3986 2070 4040 11.
2107 4002 2125 4035 ι
2149 3982 2353 4037 Videns
2383 3985 2562 4034 autem
2598 3976 2720 4047 ejus
2758 3975 2947 4031 turbas
2997 3973 3262 4046 ascendit]
3309 3974 3368 4030 in

1792 4075 2143 4135 montem'h
2169 4074 2348 4140 Quare
2375 4069 2621 4126 ascendit
2652 4069 2710 4123 in
2736 4066 3020 4123 montem?

1863 4170 1932 4227 R.
1969 4167 2126 4235 Quod
2153 4165 2503 4221 ambitionem
2539 4161 2752 4231 fugeret
2797 4168 2849 4215 et
2878 4172 3073 4213 vanam
3117 4156 3366 4227 gloriam.

1792 4260 1913 4315 Non
1961 4258 2108 4313 enim
2169 4256 2292 4310 illas
2348 4267 2537 4309 secum
2570 4252 3001 4320 circumquaque
3044 4245 3368 4301 abducebat.

1796 4352 1903 4409 Sed
1951 4350 2173 4422 quando
2209 4346 2572 4404 incedendum
2631 4351 2771 4406 erat,
2819 4342 2940 4412 ipse
2975 4340 3128 4397 solus
3166 4338 3374 4408 ubique

98 4439 288 4504 πόλεις
341 4440 441 4494 καὶ
485 4440 671 4514 χώρας
721 4444 1219 4517 ἐπισκοπούμενος
1276 4447 1366 4500 ὅτε
1414 4446 1473 4499 δὲ
1527 4446 1684 4511 πολὺς

1830 4444 2087 4507 ircuibat,
2110 4448 2165 4498 et
2188 4440 2355 4496 urbes
2401 4444 2456 4493 et
2497 4435 2652 4491 vicos
2696 4433 3059 4505 perlustrans.
3093 4428 3230 4485 Cum
3268 4444 3368 4485 au-

96 4530 258 4602 δχλος
284 4532 533 4601 γέγονεν,
561 4534 620 4588 ἐν
653 4535 734 4589 ἐνὶ
764 4536 1000 4608 ἐκάθητο
1024 4537 1197 4610 τόπῳ.

179 4621 383 4694 Ἐρώτ.
413 4623 502 4677 ιϐ’.
544 4641 564 4676 ι
600 4623 839 4690 ’Δνοίξας
865 4626 924 4680 δὲ
948 4627 1011 4680 τὸ
1033 4627 1207 4699 στόμα
1230 4625 1395 4682 αὐτοῦ
1416 4627 1689 4684 ἐδίδασκεν

97 4713 323 4777 αὐτούς.
362 4733 383 4766 ι
416 4714 519 4767 Διά
540 4715 593 4768 τί
617 4711 800 4770 είπενο
832 4736 851 4769 ‹
902 4717 1143 4785 Ἀνοίξας
1161 4719 1221 4772 τὸ
1238 4719 1412 4791 στόμα
1434 4719 1633 4786 admoti;
1664 4737 1684 4772 ι

184 4803 378 4863 Ἀπάκ.
426 4804 549 4863 Ἵνα
578 4806 839 4877 μάθωμεν
862 4845 877 4871 ,
915 4807 998 4861 ὅτι
1035 4807 1129 4863 καὶ
1171 4809 1337 4878 σιγῶν
1383 4808 1686 4876 ἐπαίδευεν,

95 4895 220 4966 οὐχὶ
257 4895 425 4965 μόνον
450 4893 840 4967 φθεγγόμενος.

177 4985 380 5059 Ἐρώτ.
403 4986 493 5055 ιγ’.
522 5004 541 5038 ι
569 4989 896 5060 Προσέχετε,
922 4991 1077 5062 φησὶ,
1097 4992 1194 5065 τὴν
1216 4991 1583 5065 ἐλεημοσύνην
1615 4992 1690 5065 μὴ

96 5081 276 5135 ποιεῖν
317 5077 634 5150 ἔμπροσθεν
674 5080 784 5134 τῶν
826 5082 1128 5154 ἀνθρώπων
1168 5083 1305 5156 πρὸς
1340 5084 1403 5137 τὸ
1434 5084 1691 5155 θεαθῆναι

97 5170 309 5232 αὐτοῖς.
342 5188 363 5221 ι
394 5170 494 5222 Διά
518 5170 573 5224 τί
600 5171 693 5224 ἐπὶ
718 5172 819 5243 μέν
838 5173 939 5244 τῆς
961 5175 1331 5247 ἐλεημοσύνης
1354 5175 1691 5247 προσέθηκεν

97 5260 298 5324 εἰπὼν,
326 5262 423 5314 ἐπὶ
446 5261 506 5315 δὲ
532 5262 631 5332 τῆς
658 5264 967 5336 προσευχῆς
1007 5265 1102 5319 καὶ
1128 5266 1226 5338 τῆς
1257 5266 1511 5338 νηστείας
1536 5265 1692 5321 οὐδα-

101 5368 251 5421 1140;;

182 5443 384 5498 Ἀπόκ.
453 5443 672 5515 Ἐπειδὴ
720 5443 819 5517 τὴν
865 5445 1232 5519 ἐλεημοσύνην
1288 5448 1389 5519 μὲν
1429 5449 1717 5504 ἀδύνατον

102 5535 283 5605 πάντη
314 5531 524 5601 λαθεῖν,
556 5534 720 5608 εὐχὴν
749 5536 807 5590 δὲ
838 5536 932 5592 καὶ
960 5538 1215 5610 νηστείαν
1237 5538 1482 5599 δυνατόν.

171 5697 222 5728 ⁷⁸
265 5693 460 5749 Matth.
486 5694 652 5766 t_,_2L
726 5696 775 5728 ’³
804 5694 995 5757 Matth.
1028 5713 1090 5766 ιι,
1123 5698 1172 5754 ι.

109 5764 158 5800 τ’
192 5766 333 5823 ibid.
415 5766 462 5798 "
504 5764 697 5822 Matth.
729 5781 818 5834 γι,
858 5768 909 5823 1.

1798 4545 1905 4593 tem
1931 4534 2102 4589 multa
2135 4532 2327 4587 aderat
2353 4528 2534 4591 turba,
2560 4527 2616 4581 in
2643 4539 2756 4580 uno
2785 4523 3013 4580 sedebat
3050 4522 3190 4576 loco.

1867 4625 1933 4694 Q.
1958 4625 2045 4679 12.
2079 4642 2098 4677 ι
2121 4622 2387 4694 Aperiens
2409 4625 2589 4673 autem
2614 4630 2677 4672 os
2699 4630 2860 4672 suum
2885 4611 3114 4668 docebat
3132 4610 3255 4666 illos
3288 4611 3366 4665 ³.»

1797 4716 1979 4784 Quare
2006 4714 2171 4770 dixit:
2192 4732 2199 4738 “
2218 4730 2238 4764 ι
2260 4709 2526 4781 Aperiens
2558 4722 2622 4763 os
2646 4704 2848 4761 suum?
2888 4723 2909 4757 ι

1866 4806 1935 4863 Β.
1963 4805 2036 4862 Ut
2060 4804 2373 4861 ediscamus
2398 4801 2556 4855 illum
2592 4813 2705 4854 non
2743 4796 2923 4853 solum
2952 4793 3251 4866 loquendo,
3274 4790 3372 4848 sed

1798 4900 1962 4957 etiam
1999 4896 2214 4955 silendo
2244 4893 2523 4950 docuisse.

1867 4990 1932 5056 Q.
1981 4989 2071 5043 15.
2124 5005 2144 5038 ι
2192 4981 2507 5046 Attendite,
2564 4978 2783 5050 inquit,
2836 4991 2909 5032 ne
2964 4974 3366 5045 eleemosynam

1798 5089 2042 5138 vestram
2088 5077 2307 5133 faciatis
2345 5088 2531 5131 coram
2574 5070 2915 5131 hominibus,
2965 5075 3027 5122 ut
3076 5063 3371 5121 videamini

1798 5174 1869 5229 ab
1898 5174 1979 5230 cis
1994 5173 2096 5227 ⁸⁸.»
2123 5169 2305 5237 Quare
2336 5167 2404 5223 de
2426 5167 2771 5235 eleemosyna
2801 5161 2856 5216 id
2888 5158 3116 5224 addidit,
3147 5158 3215 5213 de
3245 5170 3374 5211 ora-

1797 5267 1948 5322 tione
1972 5274 2154 5321 autem
2195 5269 2250 5319 et
2275 5259 2509 5332 jejunio,
2542 5250 2895 5312 nullatenus?

1870 5446 1942 5504 R.
1994 5443 2135 5511 Quia
2187 5441 2587 5510 eleemosynam
2640 5429 2978 5504 impossibile
3027 5435 3111 5483 est
3155 5424 3375 5495 penitus

1798 5540 2005 5596 latere:
2058 5533 2366 5593 orationem
2415 5543 2548 5585 vero
2586 5536 2640 5584 et
2665 5523 2938 5598 jejunium
2965 5517 3228 5593 possibile
3263 5525 3370 5574 est.

1272 5696 1321 5733 ⁷⁸
1339 5694 1471 5755 ibid.
1511 5698 1603 5756 i5.
1661 5698 1684 5735 ⁷

1830 5694 1883 5756 d.
1956 5694 2148 5753 "05c.
2179 5706 2258 5762 ιι,
2291 5688 2343 5746 1.
2418 5687 2462 5721 ⁷⁷
2481 5684 2640 5743 Joan.
2674 5678 2860 5752 mm.
2934 5678 2980 5712 ⁷⁸
3015 5672 3204 5734 Matth.
3226 5689 3286 5745 ν,
3312 5670 3374 5745 i,‘
