3852 6192
391 237 518 309 '735

485 372 551 436 Q.
593 367 680 424 14.
735 385 754 418 ε
799 364 858 421 ln
902 366 1178 438 principio
1226 375 1346 423 erat
1368 365 1610 424 Verbum
1643 369 1712 424 ".
1743 388 1762 421 ι
1788 365 1990 433 Quare,
2020 371 2068 428 Α

411 464 620 514 omisso
654 461 839 524 Patre,
874 459 942 514 de
962 458 1104 513 Filio
1136 460 1426 529 loquitur?
1455 494 1462 503 -

495 550 562 603 Β.
616 549 756 616 Quia
788 551 878 605 ille
918 551 1178 605 omnibus
1207 558 1374 605 notus
1397 557 1540 617 erat,
1572 550 1677 605 etsi
1728 564 1838 604 non
1865 564 1996 620 qua-

419 650 585 696 tenus
625 641 809 704 Pater,
845 641 936 696 sed
970 652 1242 710 quatenus
1279 641 1442 696 Deus.
1505 642 1827 712 Unigenitus
1864 657 1997 697 vero

419 735 807 804 ignorabatur:
862 735 985 788 ideo
1031 735 1156 803 jure
1201 734 1320 803 ejus
1379 735 1633 788 notitiam
1665 749 1695 788 a
1723 735 1996 806 principio

419 827 550 881 dare
585 827 782 885 voluit.
818 826 884 879 iis
909 826 1000 895 qui
1030 827 1344 896 ignorarent
1378 826 1582 895 ipsum.

490 917 556 984 Q.
590 917 676 972 15.
716 937 734 969 ‹
766 917 828 970 Et
856 919 1080 972 verbum
1113 924 1230 973 erat
1279 918 1423 988 apud
1467 917 1637 972 Deum
1655 917 1760 973 ⁸⁸.»
1817 916 1999 978 Ouare

425 1023 536 1062 non
568 1007 738 1060 dixit:
778 1007 837 1060 In
873 1005 1022 1060 Deo?

494 1096 560 1149 Β.
605 1097 851 1150 Primum
879 1098 1097 1164 quidem
1132 1105 1191 1150 ut
1241 1095 1361 1165 ejus
1401 1097 1702 1151 secundum
1736 1097 2000 1169 hyposta-

421 1190 510 1244 sin
542 1189 902 1242 aeternitatem
957 1189 1260 1242 declararet
1303 1189 1486 1243 nobis.
1542 1190 1746 1245 Deinde
1795 1192 2000 1245 clarius

421 1289 474 1336 et
508 1281 748 1350 apertius
778 1281 980 1333 revelat
1015 1281 1195 1343 nobis,
1236 1282 1340 1335 hoc
1384 1280 1623 1336 Verbum
1661 1298 1783 1339 esse
1806 1282 1997 1346 Deum,

425 1392 444 1427 σ
473 1373 527 1426 ln
564 1372 765 1425 mundo
813 1372 1021 1426 erat”:
1053 1391 1070 1421 ι
1110 1388 1220 1425 non
1267 1382 1324 1426 ut
1370 1375 1572 1428 mundo
1599 1391 1834 1430 coaavus.
1878 1373 2002 1429 Ideo

421 1478 655 1532 namque
691 1462 931 1531 adjecit:
1007 1461 1110 1516 «Et
1159 1463 1408 1520 mundus
1465 1481 1562 1535 per
1595 1469 1773 1537 ipsum
1823 1467 2002 1522 factus

421 1561 507 1609 Cal.
525 1553 590 1606 3".
617 1573 636 1606 ι

497 1645 562 1711 ρ.
604 1645 690 1701 16.
748 1645 858 1699 «Et
900 1646 1177 1717 aspiciens
1224 1647 1279 1701 in
1325 1648 1522 1702 coelum
1574 1649 1850 1704 benedixit
1907 1665 2004 1720 pa-

1553 248 1612 307 S.
1663 247 2131 306 ATHANASIUS.
2170 278 2242 290 -—
2280 249 2555 308 SPURIA.

3583 252 3695 318 70‘

2177 366 2367 438 Ἐρώτ.
2389 365 2451 426 δ’,
2475 385 2494 419 ι
2518 367 2605 420 Ἐν
2633 367 2774 439 ἀρχῇ
2801 361 2870 439 ἧν
2895 365 3128 434 ὀΛόγος.
3163 383 3182 417 ι
3201 363 3300 417 Διὰ
3322 364 3375 418 τί
3403 364 3566 434 ἀφεὶς
3597 367 3693 419 τὸν

2103 460 2344 530 Πατέρα,
2377 461 2504 530 περὶ
2533 459 2628 514 τοῦ
2666 459 2797 512 Υἱοῦ
2825 458 3165 526 διαλέγεται;

2182 551 2371 602 Ἀπόκ.
2409 552 2527 603 ’Ότι
2564 552 2768 612 ἐκεῖνος
2796 550 2894 619 μὲν
2917 548 3075 618 δῆλος
3118 547 3322 601 ἄπασιν
3359 541 3448 616 ἦν,
3488 547 3536 599 εί
3589 546 3690 599 καὶ

2105 643 2178 714 μὴ
2210 643 2286 706 ὡς
2331 641 2538 714 Πατὴρ,
2573 643 2686 696 ἀλλ’
2718 641 2793 706 ὼς
2825 641 2985 704 Θεέδςο
3013 641 3042 692 6
3073 640 3127 692 δὲ
3166 638 3474 707 Μονογενὴς
3517 639 3690 706 ἡγνο-

2101 736 2232 788 εῖτο.
2268 736 2376 786 Καὶ
2416 735 2642 796 εἰκότως
2667 734 2765 802 τὴν
2799 733 2927 802 περὶ
2969 731 3133 784 αὐτοῦ
3173 729 3372 797 γνῶσιν
3407 731 3471 781 ἐκ
3499 745 3692 799 προοι-

2105 829 2239 901 μίων
2271 827 2570 881 ἐσπούδασε
2604 826 2807 890 διδάξαι
2841 826 2966 887 τοὺς
2998 826 3096 877 οὐκ
3127 823 3329 884 εἰδότας
3361 821 3542 876 αὐτόν.

2185 917 2376 988 Ἐρὼτ.
2401 916 2480 968 ιε’.
2511 936 2527 966 ι
2551 917 2661 969 Καὶ
2683 919 2710 969 6
2731 915 2901 984 Λόγος
2927 910 2994 985 ἦν
3017 913 3154 985 πρὸς
3175 911 3264 965 τὸν
3283 911 3434 965 Θεόν.
3463 930 3482 962 ι
3501 911 3602 964 Διὰ
3634 912 3692 964 τί

2101 1012 2201 1065 οὐκ
2229 1007 2382 1063 εἶπεν
2411 1012 2468 1062 ἐν
2495 1009 2646 1080 Θεῷ;
3400 1009 3407 1020 ’

2187 1103 2375 1156 Ἀπόκ.
2429 1102 2651 1172 Πρῶτον
2704 1101 2802 1170 μὲν
2849 1101 2948 1171 τὴν
2993 1098 3116 1153 καθ’
3171 1097 3470 1151 ὑπόστασιν
3517 1091 3689 1148 αὑτοῦ

2103 1195 2380 1265 ἀϊδιότητα
2410 1193 2686 1264 ἐμφαίνων
2714 1195 2844 1263 ἡμῖν
2863 1209 2878 1222 ο
2911 1188 3027 1245 εἶτα
3060 1191 3155 1244 καὶ
3183 1189 3515 1258 σαφέστερον
3537 1184 3692 1255 αὐτῷ

2104 1285 2328 1358 προῖὼν,
2379 1285 2723 1354 ἀπεκάλυψεν
2764 1281 3094 1352 ἐπαγαγὼν,
3139 1284 3220 1335 ὅτι
3248 1284 3276 1334 6
3319 1281 3489 1349 Λόγος
3529 1271 3690 1341 οὗτος

2104 1379 2199 1432 καὶ
2243 1377 2375 1441 Θεὸς
2421 1373 2508 1447 ἦν.
2549 1395 2567 1427 ι
2626 1377 2714 1429 Ἐν
2757 1374 2838 1446 τῷ
2879 1376 3068 1444 κόσμῳ
3275 1391 3294 1424 ι
3329 1373 3427 1442 οὐχ
3476 1371 3551 1434 ὡς
3591 1368 3688 1423 τοῦ

2106 1471 2313 1540 κόσμου
2349 1468 2661 1538 σύγχρονος.
2693 1466 2790 1520 Διὰ
2821 1465 2930 1535 γὰρ
2957 1463 3112 1516 τοῦτο
3143 1463 3391 1533 ἐπήγαγε
3411 1476 3424 1490 ·
3462 1480 3483 1513 ι
3521 1460 3632 1515 Καὶ
3659 1461 3690 1512 6

2106 1562 2308 1631 κόσμος
2334 1562 2400 1614 δι’
2445 1559 2607 1613 αὐτοῦ
2644 1559 2878 1626 ἐγένετο.
2919 1576 2939 1608 ι

2192 1653 2382 1724 Ἐρώτ.
2410 1660 2504 1718 ις’.
2530 1671 2549 1702 ι
2575 1652 2683 1706 Καὶ
2703 1649 3011 1718 ἀναϐλέψας
3045 1649 3124 1710 είς
3144 1647 3270 1710 τοὺς
3290 1646 3570 1718 οὐρανοὺς,
3600 1645 3694 1698 εύ-

424 1753 523 1791 nes
545 1737 612 1790 ⁸⁵.
639 1756 658 1788 ι
713 1737 895 1803 Quare
925 1753 1049 1792 cum
1079 1754 1302 1795 sursum
1333 1740 1638 1810 aspexisset
1684 1747 1801 1794 tum
1837 1741 2002 1796 bene-

2153 1718 2303 1816 Ξγησε
2333 1745 2460 1808 τοὺς
2487 1744 2704 1815 ἄρτους.
2726 1761 2746 1796 ι
2768 1741 2867 1794 Διά
2895 1741 2948 1794 τί
2976 1739 3255 1808 ἀνέϐλεψε,
3278 1738 3374 1793 καὶ
3397 1737 3568 1801 οὕτως
3601 1737 3693 1790 εύ-

421 1828 597 1882 dixit?

496 1918 562 1975 ﬂ.
594 1918 779 1974 Primo
800 1927 863 1973 ut
899 1918 1210 1974 ostenderet
1238 1935 1296 1974 se
1338 1935 1367 1974 a
1394 1919 1555 1974 Patre
1589 1936 1745 1988 esse;
1798 1938 2000 1978 secun-

425 2008 496 2062 do
525 2016 584 2062 ut
614 2025 715 2063 nos
745 2011 989 2072 doceret,
1026 2024 1094 2064 ne
1125 2011 1278 2078 prius
1313 2009 1378 2063 ad
1412 2027 1656 2066 mensam
1708 2015 2000 2070 accedere-

425 2117 570 2162 mus,
612 2099 785 2155 donec
820 2102 869 2155 ei
910 2101 1116 2170 gratias
1142 2101 1452 2171 egissemus
1482 2104 1575 2173 qui
1606 2119 1790 2158 escam
1842 2107 2002 2162 nobis

427 2190 602 2244 daret.

499 2280 565 2346 Q.
597 2282 686 2337 17.
723 2281 902 2348 Quare
939 2281 993 2336 in
1035 2281 1257 2337 deserto
1309 2283 1633 2340 miraculum
1665 2301 1866 2356 panum
1891 2286 2003 2342 elfi-

425 2371 522 2437 cit,
553 2378 606 2424 et
637 2370 880 2441 quinque
911 2372 1082 2425 millia
1121 2373 1254 2426 alit?

497 2460 658 2530 255
716 2461 784 2518 Β.
848 2462 919 2517 Ut
986 2463 1122 2516 nulli
1189 2479 1419 2532 prorsus
1485 2466 1740 2522 subesset
1819 2469 2005 2539 suspi-

429 2554 576 2608 cioni
627 2555 975 2621 miraculum,
1016 2570 1286 2626 nemoque
1336 2558 1675 2614 existimaret
1718 2575 1784 2614 ex
1820 2563 2006 2630 proxi-

430 2663 519 2700 mo
563 2647 800 2716 quodam
829 2648 974 2715 vico,
1019 2648 1301 2718 quidpiam
1351 2650 1419 2704 ad
1468 2666 1716 2706 mensam
1765 2653 2005 2710 delatum

431 2737 622 2793 fuisse.

502 2828 568 2895 Q.
602 2829 689 2884 18.
733 2831 800 2884 Ει
846 2830 1190 2888 abstulerunt
1223 2847 1290 2888 ex
1321 2833 1561 2891 residuis
1592 2834 1911 2906 fragmentis
1933 2838 2002 2894 ⁸⁸.

432 2920 615 2985 Quare
659 2936 771 2976 non
819 2920 1017 2993 integri
1061 2939 1252 2994 panes,
1310 2926 1404 2982 sed
1453 2926 1758 2998 fragmenta
1815 2945 2007 3000 super-

445 3013 643 3067 fuere?

507 3103 574 3159 [ἰ.
613 3104 681 3159 Ut
725 3106 1042 3161 ostenderet
1089 3121 1213 3162 esse
1247 3107 1341 3161 illa
1378 3123 1445 3162 ex
1491 3108 1735 3180 quinque
1774 3111 2009 3180 panibus

437 3193 762 3264 fragmenta,
827 3205 882 3249 et
938 3204 996 3250 ut
1045 3198 1138 3265 qui
1188 3212 1300 3251 non
1357 3198 1584 3252 aderant
1636 3216 1750 3255 rem
1803 3210 2009 3271 gestam

433 3285 777 3354 ediscerent,
833 3302 901 3342 ne
955 3287 1082 3357 quis
1131 3287 1186 3341 id
1243 3288 1595 3358 phantasiam
1644 3306 1769 3347 esse
1824 3294 2013 3348 existi—

440 3385 635 3430 maret.
823 3431 842 3448 ο

510 3467 573 3532 ρ.
610 3467 694 3520 19.
741 3485 760 3518 ι
798 3466 1094 3524 Duodecim
1123 3469 1391 3540 cophinos
1417 3472 1484 3527 ⁸⁷.
1523 3491 1542 3524 ι
1588 3471 1768 3538 Quare
1810 3473 2017 3531 duode-

438 3559 544 3611 cim
583 3559 846 3628 cophinos
869 3560 1235 3628 impleverunt
1259 3561 1283 3614 ?

512 3649 576 3703 Β.
611 3648 677 3704 Ut
718 3661 770 3704 et
808 3651 923 3721 ipse
952 3649 1122 3706 Judas
1153 3649 1408 3708 deferret.
1440 3651 1664 3707 Poterat
1695 3652 1840 3708 enim
1894 3660 2016 3708 tur-

440 3741 635 3794 barum
675 3742 866 3797 sedare
917 3742 1135 3797 famem.
1168 3743 1237 3796 At
1281 3759 1390 3798 non
1439 3745 1725 3800 novissent
1765 3745 2019 3816 discipuli

441 3847 463 3881 \
479 3831 582 3884 irtu
592 3839 697 3885 tem
731 3831 874 3900 ejus.

512 3924 576 3989 Q.
615 3924 706 3979 20.
729 3923 911 3990 Quare
957 3940 1068 3980 non
1094 3923 1294 3990 Pilato,
1335 3925 1432 3980 sed
1478 3927 1636 3980 uxori
1693 3928 1842 3983 illius
1879 3927 2020 3982 visio

443 4013 547 4068 fuit
569 4015 658 4069 ⁸⁸¹ἶ

506 4107 574 4162 Β.
611 4107 792 4164 Primo
825 4109 1047 4179 quidem
1079 4109 1206 4180 quia
1235 4109 1398 4178 digna
1447 4115 1567 4164 erat
1597 4108 1715 4178 ipsa
1745 4126 1760 4175 ;
1791 4124 1888 4165 seu
1920 4124 2020 4179 po-

2106 1837 2332 1906 λόγησεν
2354 1853 2369 1901 ;

2190 1927 2378 1980 Ἀπὸκ.
2407 1926 2628 1998 Πρῶτον
2661 1925 2758 1997 μὲν
2789 1924 2877 1978 ἵνα
2909 1925 3080 1996 δείξῃ,
3106 1923 3187 1978 ὅτι
3215 1922 3324 1976 ἀπὸ
3348 1920 3442 1974 τοῦ
3472 1919 3693 1989 Πατρός

2107 2019 2223 2070 ἐστι
2244 2035 2257 2048 ·
2282 2016 2532 2090 δεύτερον
2553 2017 2610 2069 δὲ
2639 2015 2905 2069 παιδεύων
2934 2016 3100 2086 ἡμᾶς,
3129 2015 3202 2085 μὴ
3236 2013 3498 2083 πρότερον
3525 2011 3694 2063 ἅπτε-

2109 2111 2232 2164 σθαι
2263 2107 2540 2180 τραπέζης
2565 2108 2669 2171 ἕως
2704 2108 2770 2161 ἂν
2802 2108 3291 2180 εύχαριστήσωμεν
3323 2104 3400 2174 τῷ
3435 2104 3535 2172 τὴν
3561 2119 3692 2173 τρο-

2110 2201 2216 2272 φὴν
2235 2202 2366 2272 ἡμῖν
2399 2200 2711 2270 παρέχοντι.

2191 2289 2380 2362 Ἐρώτ.
2414 2288 2500 2353 ιζ’.
2527 2289 2626 2342 Διὰ
2654 2290 2706 2342 τί
2751 2290 2809 2343 ἐν
2847 2289 3039 2359 ἐρήμῳ
3067 2285 3129 2340 τὸ
3164 2284 3271 2338 τῶν
3296 2285 3473 2354 ἄρτων
3507 2282 3694 2353 θαῦμα

2109 2385 2272 2442 ποιεῖ,
2307 2382 2402 2435 καὶ
2442 2379 2912 2450 πεντακισχιλίους
2950 2379 3168 2450 τρέφει;

2195 2474 2384 2529 Ἀπόκ.
2423 2475 2538 2526 Ἵνα
2581 2471 2699 2543 μεθ’
2729 2470 3036 2540 ὑπερϐολῆς
3059 2468 3370 2523 ἀνύποπτον
3394 2465 3611 2537 ὑπάρξῃ
3631 2464 3693 2517 τὸ

2113 2567 2322 2637 θαῦμα,
2359 2566 2451 2618 καὶ
2495 2564 2682 2636 μηδεὶς
2713 2563 2911 2635 νομίσῃ
2947 2562 3173 2634 πλησίον
3205 2560 3398 2632 κώμην
3430 2558 3690 2628 κειμένην

2112 2659 2437 2726 εἰσενεγκεῖν
2469 2673 2520 2708 τι
2553 2656 2633 2718 είς
2654 2655 2752 2726 τὴν
2775 2652 3076 2725 τράπεζαν.

2195 2835 2251 2886 Ἐ
2260 2832 2383 2904 ριῦτ.
2402 2838 2490 2904 ιη’.
2507 2831 2618 2886 Καὶ
2635 2827 2770 2906 ᾖραν
2787 2829 2850 2882 ἐκ
2865 2829 2972 2882 τῶν
2992 2843 3248 2900 περισσευ
3259 2825 3442 2895 μάτων
3460 2821 3699 2892 κλασμά-

2112 2944 2243 2980 των.
2293 2925 2392 2978 Διὰ
2440 2924 2494 2977 τί
2533 2925 2632 2995 οὐχ
2677 2922 2961 2993 ὁλόκληροι
3004 2919 3181 2994 ἄρτοι,
3226 2917 3360 2971 ἀλλὰ
3404 2917 3698 2986 κλάσματα

2116 3017 2533 3089 ἐπερίσσευσαν.

2199 3110 2390 3163 Ἀπόκ.
2421 3111 2537 3163 Ἵνα
2566 3107 2852 3180 δείξῃ,’ὗτι
2871 3104 2980 3158 τῶν
2999 3103 3159 3157 πέντε
3193 3102 3370 3174 ἄρτων
3393 3101 3501 3153 εἰσὶ
3527 3099 3699 3152 ταῦτα

2115 3201 2434 3271 πλάσματα,
2494 3201 2589 3254 καὶ
2629 3199 2767 3251 ὥστε
2798 3198 2921 3259 τοὺς
2960 3196 3198 3256 ἀπόντας
3234 3192 3422 3264 μαθεῖν
3446 3191 3507 3243 τὸ
3538 3206 3700 3258 γεγε-

2117 3291 2374 3362 νημένον,
2425 3291 2520 3345 καὶ
2581 3291 2668 3343 ἵνα
2716 3289 2789 3360 μή
2839 3305 2922 3351 τις
2973 3284 3272 3356 φαντασίαν
3323 3282 3521 3354 νομίσῃ
3562 3278 3701 3334 εἶναι

2114 3383 2292 3437 τοῦτο.

2200 3474 2390 3547 Ἐρὼτ.
2413 3473 2495 3528 ιϐ’.
2526 3493 2544 3525 ι
2575 3472 2793 3526 Δώδεκα
2823 3470 3096 3540 κοφίνους.
3129 3487 3146 3520 ι
3175 3468 3273 3520 Διὰ
3303 3465 3355 3518 τί
3381 3464 3591 3518 δώδεκα
3613 3482 3704 3517 κον

2118 3567 2304 3637 φίνους
2339 3566 2662 3636 ἐπλήρωσαν
2689 3581 2702 3630 ;

2202 3659 2389 3712 Ἀπόκ.
2422 3659 2539 3710 Ἵνα
2594 3655 2688 3708 καὶ
2725 3653 2930 3716 Ἰούδας
2989 3651 3253 3722 βαστὰσῃ.
3302 3647 3560 3701 Ἐδύνατο
3607 3645 3708 3716 μὲν

2119 3749 2229 3821 γὰρ
2254 3749 2345 3801 καὶ
2374 3749 2564 3801 σϐέσαι
2596 3746 2704 3799 τῶν
2761 3745 2934 3815 δχλων
2962 3744 3060 3813 τὴν
3096 3745 3285 3794 πεῖναν
3304 3758 3318 3770 ·
3351 3739 3467 3793 ἀλλ’
3493 3739 3595 3792 οὐκ
3641 3739 3709 3792 ἂν

2121 3842 2363 3910 ἔγνωσαν
2393 3841 2442 3892 οἱ
2468 3838 2708 3908 μαθηταὶ
2739 3836 2836 3906 τὴν
2865 3834 3114 3904 δύναμιν.

2205 3930 2397 4003 Ἐρώτ.
2422 3937 2490 3983 κ’.
2517 3927 2614 3982 Διὰ
2642 3928 2815 4000 τίρύχ
2839 3927 2867 3978 6
2889 3925 3122 3987 Πιλᾶτος
3153 3923 3276 3995 ὁρᾷ,
3309 3921 3424 3975 ἀλλ’
3450 3921 3484 3972 ᾖ
3513 3920 3710 3972 τούτου

2122 4021 2293 4090 γυνή;

2209 4112 2395 4165 Ἀπόκ.
2423 4109 2648 4181 Πρῶτον
2695 4109 2794 4178 μὲν
2820 4109 2902 4161 ὅτι
2939 4106 3124 4177 ἐκείνη
3160 4103 3284 4169 ἀξία
3311 4098 3399 4174 ἦν,
3436 4100 3470 4173 ἢ
3512 4101 3716 4172 μᾶλλον

445 4202 575 4263 tius,
630 4200 759 4267 quia
811 4201 857 4254 si
901 4200 1128 4255 vidisset
1176 4200 1286 4266 ille,
1344 4215 1689 4270 nequaquam
1739 4201 1818 4254 illi
1871 4216 2010 4269 aequ:

2156 4225 2227 4269 τι,
2263 4205 2313 4256 εί
2373 4202 2534 4265 αὐτὸς
2593 4197 2756 4262 εἶδεν,
2809 4200 2909 4252 οὑκ
2957 4198 3023 4252 ἂν
3079 4195 3372 4266 ἐπιστεύθη
3405 4193 3642 4265 ὁμοίως·
3679 4192 3714 4263 ἦ

445 4294 579 4346 ﬁdes
609 4291 796 4346 habita
828 4291 1060 4348 fuisset:
1089 4295 1172 4348 vel
1201 4310 1308 4348 non
1340 4299 1625 4347 narrasset
1651 4311 1666 4359 ;
1698 4292 1931 4362 ideoque
1958 4309 2010 4348 ex

2153 4297 2236 4348 68’
2264 4294 2329 4349 ἂι
2373 4293 2618 4361 ἐξεῖπεν·
2661 4291 2750 4344 διὰ
2782 4291 2939 4344 τοῦτο
2962 4291 3324 4359 οἰκονομεῖται
3347 4285 3447 4358 τὴν
3480 4287 3717 4354 γυναῖκα

444 4383 632 4436 divina
668 4383 1078 4452 dispensatione
1118 4401 1258 4440 uxor
1288 4385 1556 4440 visionem
1610 4386 1794 4454 habet,
1835 4395 1896 4442 ut
1935 4403 2010 4443 res

2153 4389 2277 4454 δεῖν,
2306 4387 2446 4440 ὥστε
2470 4384 2770 4456 κατάδηλον
2799 4382 3055 4454 γενέσθαι
3090 4384 3278 4435 πᾶσιν.

443 4475 624 4543 palam
658 4475 914 4530 omnibus
938 4475 1111 4530 ﬁeret.

515 4566 582 4632 Q.
615 4567 706 4622 21.
756 4587 774 4619 ‹
823 4567 887 4621 Ει
931 4567 1259 4638 cruciﬁgunt
1304 4582 1428 4621 cum
1463 4583 1530 4623 eo
1573 4569 1713 4625 duos
1756 4570 2020 4632 latrones.

447 4674 616 4713 unum
641 4674 670 4712 a
693 4657 901 4713 dextris
933 4665 985 4712 et
1017 4676 1187 4714 unum
1219 4675 1249 4713 a
1276 4660 1517 4715 sinistris
1545 4660 1614 4714 θ’.
1656 4680 1674 4712 ι
1705 4659 1888 4725 Quare
1917 4676 2026 4715 me-

2203 4565 2394 4637 Ἐρὼτ.
2423 4562 2527 4619 κα’.
2561 4583 2580 4616 ι
2617 4566 2728 4617 Καὶ
2761 4563 3152 4633 συσταυροῦσιν
3176 4561 3325 4633 αὐτῷ
3359 4562 3452 4615 δύο
3486 4563 3715 4634 λῃστὰς,

2122 4658 2219 4713 ἕνα
2251 4661 2314 4710 ἐκ
2345 4657 2554 4722 δεξιῶν,
2587 4658 2680 4711 καὶ
2712 4657 2807 4710 Eva
2843 4657 2899 4723 ἐξ
2930 4655 3248 4726 εὐωνύμων.
3293 4674 3312 4706 ι
3346 4655 3445 4707 Διὰ
3468 4654 3522 4707 τί
3552 4655 3720 4724 μέσον

447 4751 596 4806 dium
631 4751 772 4806 inter
805 4751 1050 4832 latrones
1104 4753 1499 4807 cruciﬁxerunt
1544 4753 1719 4817 illum,
1763 4759 1816 4807 et
1854 4767 2010 4822 quare

2153 4749 2284 4804 ιύτδν
2319 4748 2673 4820 ἐσταύρωσαν
2715 4747 2824 4802 τῶν
2856 4747 3088 4821 λῃστῶν,
3133 4747 3228 4801 καὶ
3267 4746 3354 4800 διὰ
3399 4747 3453 4798 τί
3504 4745 3719 4817 κράξας

446 4846 690 4900 clamans
718 4845 902 4900 emisit
933 4845 1186 4914 spiritum
1211 4845 1234 4896 ?

455 5001 475 5022 ῃ
519 4937 588 4995 R.
626 4936 692 4992 Ut
739 4954 931 4994 eorum
985 4937 1145 4992 famae
1191 4937 1467 5006 particeps
1515 4946 1683 5000 esset,
1725 4946 1780 4991 et
1825 4946 1886 4990 ut
1925 4937 2028 4990 im-

449 5031 690 5102 pleretur
734 5031 881 5100 quod
927 5030 1137 5085 dictum
1169 5038 1252 5084 est
1289 5046 1302 5081 :
1340 5048 1358 5081 σ
1395 5030 1533 5084 Cum
1571 5029 1772 5099 iniquis
1808 5040 2028 5099 reputa-

2127 4843 2310 4912 ἀφῆκε
2337 4841 2399 4894 τὸ
2428 4841 2645 4912 πνεῦμα
2669 4858 2684 4905 ;

2216 4933 2406 4985 Ἀπόκ.
2439 4933 2558 4985 Ἵνα
2597 4934 2663 5002 τῇ
2695 4931 2821 5004 δόξῃ
2858 4933 2923 5002 τῇ
2959 4930 3184 4983 ἐκείνων
3208 4927 3599 5000 κοινωνήσῃ,ῆ
3632 4927 3723 4980 ἵνα

2137 5025 2399 5097 πληρωθῇ
2451 5025 2513 5077 τὸ
2565 5025 2759 5096 ρηθέν-
2799 5025 2881 5078 ὅτι
2949 5025 3041 5077 καὶ
3071 5043 3089 5074 ι
3124 5023 3278 5076 Μετὰ
3323 5021 3543 5092 ἀνόμων
3597 5021 3722 5074 ἐλοο

447 5135 536 5178 tus
589 5130 674 5178 est
721 5125 790 5177 9°.
854 5142 873 5175 ι
930 5122 1001 5177 Ut
1055 5122 1440 5177 ostenderetur
1487 5139 1552 5176 ex
1593 5129 1863 5192 potestate
1912 5136 2010 5176 ren

2153 5119 2298 5189 (€091;
2321 5134 2334 5147 ·
2362 5136 2379 5168 ι
2402 5117 2496 5170 καὶ
2525 5116 2612 5169 ἴνα
2636 5116 2844 5188 δειχθῇ,
2867 5116 2946 5169 ὅτι
2971 5117 3090 5168 κατ’
3118 5113 3365 5180 ἐξουσίαν
3392 5113 3453 5165 τὸ
3483 5115 3723 5183 πρᾶγμα

447 5215 612 5270 efﬁci.
656 5214 1126 5281 Quemadmodum
1156 5213 1295 5268 dixit
1341 5229 1355 5264 :
1395 5231 1414 5263 ‹
1472 5211 1803 5267 Potestatem
1851 5209 2027 5264 habeo

448 5307 685 5376 ponendi
728 5307 964 5362 animam
994 5321 1215 5379 meam,
1263 5310 1319 5362 et
1365 5313 1688 5378 potestatem
1730 5305 1906 5360 habeo
1937 5319 2030 5360 su-

449 5398 634 5452 mendi
666 5414 786 5454 eam
818 5399 885 5453 ⁹¹.
919 5419 938 5452 ι

2134 5211 2380 5280 γίνεται·
2435 5207 2618 5272 καθὼς
2679 5210 2775 5262 καὶ
2835 5208 3055 5276 ἔλεγεν,
3093 5209 3176 5261 ὅτι
3235 5225 3254 5258 ι
3296 5203 3578 5268 Ἐξουσίαν
3611 5205 3723 5276 ἔχω

2135 5299 2305 5353 θεῖναι
2369 5299 2468 5370 τὴν
2524 5298 2701 5370 ψυχήν
2765 5314 2887 5368 μου,
2943 5298 3038 5350 καὶ¹
3089 5295 3336 5360 ἐξουσίαν
3380 5293 3489 5364 ἔχω
3533 5292 3721 5370 λαϐεῖν

2136 5393 2328 5464 αὑτήν.
2367 5410 2387 5444 ι

525 5577 567 5607 ⁸¹
609 5576 762 5633 Joau.
797 5594 847 5632 ι.
887 5579 938 5633 1.
1017 5581 1062 5611 ἰ’
1104 5579 1238 5634 ibid.
1313 5579 1360 5610 ⁸³
1401 5577 1533 5632 ibid.
1575 5578 1660 5633 l0.
1737 5577 1784 5610 ⁸⁸
1821 5576 1953 5647 ibid.

2153 5571 2305 5647 lauti.
2347 5589 2462 5640 xw,
2504 5571 2590 5628 l9.
2699 5570 2744 5605 ιθ
2785 5566 2919 5626 ibid.
2957 5565 3048 5624 ao.
3127 5565 3187 5647 ,οῖ
3224 5561 3359 5620 ibid.
3437 5560 3484 5647 ῆι
3525 5557 3719 5615 Matth.

457 5662 630 5714 xxvu,
676 5650 758 5704 l9.
839 5651 882 5682 ⁸⁵
923 5649 1054 5706 ibid.
1092 5651 1183 5706 38.
1258 5650 1306 5683 ’°
1345 5649 1451 5705 lsa.
1485 5664 1622 5716 Lm,
1662 5648 1742 5704 12.
1824 5649 1867 5682 "
1907 5645 2002 5703 Joa

2156 5643 2294 5710 ,ts.
2596 5663 2600 5666 ’
2702 5665 2706 5669 θ
3180 5645 3187 5651 ’
