3852 6192
496 239 598 309 7οἳ

1607 249 1667 309 S.
1706 247 2169 306 ATHANASIUS.
2203 277 2276 292 --
2305 248 2577 307 SPURIA.

3648 252 3757 311 708

492 376 719 425 vocatus
739 374 823 425 est
849 368 1265 440 primogenitus,
1290 373 1479 440 utpote
1499 367 1594 439 qui
1617 369 1825 439 prims
1842 368 2056 426 haberet

2203 366 2357 441 ιάσθη
2427 367 2773 442 πρωτότοκος
2791 407 2809 436 ,
2855 367 2934 433 ὡς
2986 367 3285 443 πρωτεύων
3342 370 3403 424 ὲν
3440 371 3608 426 πᾶσιν
3658 375 3755 427 αὺ-

490 461 547 515 in
575 460 850 517 omnibus.

558 551 625 618 Q.
646 552 738 607 29.
768 571 788 604 ι
821 551 886 606 Ει
909 551 1195 607 reclinavit
1216 566 1340 607 eum
1367 550 1422 606 in
1446 550 1710 623 praesepio
1730 552 1797 604 ⁸ο.
1838 569 1857 603 ι
1884 549 2065 617 Quare

488 643 544 699 in
577 645 841 716 pmsepio
871 646 1175 701 reclinatus
1206 644 1359 699 fuit?

557 732 624 788 Β.
649 732 721 789 Ut
751 750 854 790 nos
882 736 950 790 ab
972 735 1450 791 irrationabilitate
1470 734 1753 800 liberaret,
1774 734 2063 790 brutorum

487 826 677 880 relicta
719 827 865 894 vita;
897 828 1271 898 tribueretque
1298 827 1618 884 hominibus
1664 836 2062 899 congruentem

487 907 836 987 prudentiam

554 1008 620 1075 Q.
646 1010 736 1064 50.
770 1028 790 1062 ι
823 1008 996 1066 Homo
1037 1009 1407 1067 descendebat
1437 1012 1507 1067 ab
1530 1010 1836 1067 Jerusalem
1881 1011 1939 1066 in
1970 1010 2062 1067 Je-

381 1114 385 1119 '
485 1099 659 1165 richo,
690 1111 744 1156 et
772 1101 964 1156 incidit
995 1104 1048 1157 in
1078 1102 1321 1158 latrones
1338 1104 1377 1160 ί.
1399 1121 1419 1155 ›
1441 1102 1579 1170 Quis
1598 1103 1798 1159 homo?
1823 1102 1955 1170 Quae
1977 1103 2064 1161 Je-

485 1191 761 1246 rusalem?
788 1189 920 1257 Qua:
940 1189 1201 1248 Iericho?
1222 1193 1327 1260 Qui
1351 1195 1639 1251 latrones?

554 1358 624 1416 R.
654 1359 827 1417 Homo
847 1368 933 1418 est
958 1361 1129 1417 Adam
1155 1381 1170 1430 ;
1200 1361 1527 1431 Jerusalem,
1555 1366 1844 1438 paradisus
1874 1386 1889 1437 ;
1915 1366 2059 1424 Ieri-

483 1449 607 1515 cho,
638 1450 728 1506 hic
759 1451 998 1507 mundus
1025 1470 1040 1519 ;
1083 1454 1348 1521 latrones,
1378 1455 1672 1515 daemones.

552 1622 616 1691 Q.
634 1625 723 1680 51.
743 1625 887 1682 Casu
918 1635 1097 1683 autem
1130 1628 1386 1685 sacerdos
1412 1631 1632 1704 quidam
1658 1633 1850 1690 videns
1869 1635 2056 1704 'eum,

2164 455 2279 523 τός.

2237 550 2431 625 Ἐρώτ.
2464 551 2569 608 κθ’.
2602 572 2622 605 r
2650 554 2760 607 Καὶ
2787 552 3061 608 ἀνέκλινεν
3094 553 3258 609 αὑτὸν
3300 555 3359 609 ὲν
3389 557 3457 627 τῇ
3500 556 3701 631 φάτνῃ.
3730 575 3748 609 ι

2166 640 2267 695 Διά
2294 641 2349 696 τί
2375 644 2437 698 ὲν
2462 646 2531 717 τῇ
2559 644 2735 715 φάτνῃ
2769 642 3056 715 ἀνεκλίθη;

2236 734 2426 788 ’Λπόκ.
2451 736 2570 789 Ἵνα
2589 737 2739 807 ἡμᾶς
2757 735 2857 807 τῆς
2890 736 3111 806 ἀλογίας
3130 736 3490 811 ἐλευθερώσῃ,
3508 738 3603 791 τὸν
3623 756 3756 808 κτη-

2165 842 2414 899 νοπρεπη
2467 827 2911 900 μεταμείψαντας
2962 828 3109 900 βίον,
3161 830 3256 884 καὶ
3298 830 3397 902 τὴν
3446 829 3756 904 ἀνθρώποις

2165 918 2483 990 πρέπουσαν
2504 920 2762 993 παράσχῃ
2789 919 3028 979 σύνεσιν.

2232 1009 2427 1082 Ἐρώτ.
2454 1009 2519 1066 λ’.
2545 1031 2565 1064 ι
2598 1012 2915 1084 Ἀνθρωπος
2935 1011 3757 1088 κατέϐαιπνάπὺγῐερουσαλὴμ

2165 1102 2248 1165 είς
2288 1101 2521 1174 Ἱεριχὼ,
2551 1103 2646 1156 καὶ
2685 1102 2911 1174 λῃσταῖς
2943 1103 3257 1175 περιέπεσε.
3288 1125 3308 1156 ι
3345 1106 3442 1171 Τίς
3476 1107 3508 1159 6
3543 1106 3757 1181 ἄνθρω-

2167 1210 2289 1258 πος,
2333 1193 2428 1247 καὶ
2484 1192 2569 1257 τίς
2611 1195 2645 1266 ἡ
2690 1194 3066 1267 Ἰερουσαλὴμ,
3093 1196 3189 1249 καὶ
3225 1195 3367 1269 τίςὴ
3401 1196 3636 1270 Ἱεριχὼ,
3660 1200 3761 1255 καὶ

2161 1284 2307 1348 τίνες
2332 1287 2381 1338 οἱ
2420 1284 2615 1358 λῃσταί
2635 1301 2651 1353 ;

2245 1376 2437 1429 Ἀπόκ.
2469 1376 2790 1449 ’Ἄνθρωπος
2822 1377 2922 1449 μὲν
2945 1379 2974 1432 6
2998 1377 3202 1451 Ἀδάμ·
3241 1379 3598 1453 Ἰερουσαλὴμ
3632 1380 3692 1435 δὲ
3726 1386 3756 1438 6

2161 1467 2493 1539 παράδεισος
2516 1484 2530 1497 ·
2571 1468 2780 1541 Ἱεριχὼ
2811 1469 2869 1524 δὲ
2903 1464 3059 1535 οὗτος
3096 1475 3124 1526 ὁ
3158 1472 3362 1544 κόσμος
3382 1489 3396 1503 ’
3429 1473 3524 1526 καὶ
3557 1474 3756 1548 λῃσταὶ

2160 1559 2210 1611 οἱ
2236 1559 2512 1630 δαίμονες.

2233 1648 2426 1722 Ἐρώτ.
2451 1651 2552 1706 λα’.
2579 1650 2735 1705 Κατά
2754 1653 3051 1724 συγκυρίαν
3066 1653 3123 1707 δὲ
3146 1656 3323 1728 ἱερεύς
3345 1675 3426 1721 τις
3446 1655 3571 1713 ἰδὼν
3590 1657 3758 1711 αὑτὸν

483 1717 856 1785 pertransivit.
891 1717 1077 1773 Levita
1129 1719 1399 1775 similiter.
1449 1720 1826 1781 Samaritanus
1873 1736 2056 1784 autem

2203 1717 2565 1813 ντιπαρῆλθε’
2603 1744 2698 1797 καὶ
2761 1717 2981 1815 λευΐτης
3039 1717 3261 1816 ὁμοίως.
3302 1717 3653 1822 έαμαρείτης
3697 1750 3759 1804 δὲ

483 1807 676 1862 videns
710 1822 856 1871 eum,
886 1808 1267 1864 misericordia
1294 1820 1477 1867 motus
1504 1822 1609 1878 est,
1637 1824 1691 1870 et
1731 1816 1918 1887 ligavit
1949 1822 2065 1875 vul-

478 1914 615 1954 nera
661 1900 799 1970 ejus.
846 1900 989 1967 Quid
1037 1901 1192 1965 illud,
1230 1921 1250 1954 ι
1300 1903 1487 1960 Casu?
1539 1926 1559 1959 ι
1592 1905 1727 1974 Quis
1763 1913 2064 1970 sacerdos?

479 1987 615 2055 Quis
644 1988 865 2045 Levita?
891 1990 1025 2057 Quis
1055 1990 1480 2052 Samaritanus?

548 2080 616 2136 Β.
665 2080 824 2144 Illud,
861 2101 880 2135 ι
921 2081 1088 2149 Casu,
1131 2104 1151 2136 ι
1187 2086 1242 2140 id
1282 2094 1389 2151 est,
1430 2102 1498 2142 ex
1543 2087 1731 2144 divina
1767 2093 2062 2161 providen-

478 2172 575 2227 tia.
619 2169 888 2228 Sacerdos
918 2180 1005 2229 est
1030 2174 1119 2228 lex
1150 2191 1165 2241 ;
1202 2173 1413 2240 Levita,
1445 2176 1696 2247 magistri
1729 2195 1796 2236 ex
1819 2181 2062 2241 Levitico

477 2260 784 2317 sacerdotio
811 2278 827 2330 ;
859 2260 1261 2331 Samaritanus,
1292 2263 1566 2322 Christus.

541 2461 608 2530 Q.
640 2462 729 2519 52.
754 2460 936 2529 Quare
962 2461 1167 2520 dicitur
1187 2463 1590 2535 Samaritanus,
1618 2467 1919 2528 Christus?

543 2635 612 2691 R.
651 2636 788 2704 Quia
827 2635 1002 2693 Judaei
1031 2638 1201 2693 ‘illum
1246 2639 1323 2695 ita
1352 2636 2005 2725 nuncuparantvdicendo
2038 2668 2053 2706 :

477 2743 523 2800 ς.
545 2726 928 2786 Samaritanus
958 2746 1040 2796 es,
1068 2741 1123 2787 et
1149 2732 1475 2789 daemonium
1504 2737 1673 2795 habes
1700 2740 1741 2795 ³.
1784 2760 1804 2794 ι

546 2817 612 2887 Q.
645 2821 735 2875 55.
771 2838 790 2872 ι
826 2820 1057 2876 Factum
1085 2830 1168 2879 est
1203 2834 1406 2890 autem,
1431 2827 1630 2896 inquit,
1658 2838 1717 2887 ut
1755 2844 2058 2894 moreretur

474 2905 739 2972 Lazarus,
789 2917 844 2964 et
873 2919 1188 2981 portaretur
1245 2915 1313 2969 ab
1356 2918 1566 2986 angelis
1605 2896 1851 2980 in'sinus
1879 2925 2057 2982 Abra-

472 2999 557 3055 hae
578 2999 620 3055 ‘.
652 2998 875 3070 (Quare
900 3002 1136 3058 moritur
1158 3002 1401 3064 Lazarus
1422 3011 1743 3082 priusquam
1770 3014 1956 3073 dives?

547 3178 612 3235 Β.
645 3180 719 3236 Ut
747 3181 934 3237 nullus
954 3182 1113 3237 diviti
1142 3187 1491 3243 excusationi
1530 3188 1686 3245 locus
1717 3188 2059 3261 relinquere-

475 3280 569 3327 tur
603 3292 616 3328 :
659 3274 809 3344 quod
846 3275 1059 3331 scilicet
1090 3276 1301 3352 aliquid
1339 3292 1666 3354 erogaturus
1698 3292 1847 3341 esset
1883 3286 1960 3341 ilii
1989 3287 2059 3358 (si

473 3363 755 3436 vixisset.)

548 3452 615 3521 Q.
635 3455 725 3514 54.
746 3477 769 3512 ι
796 3457 1028 3516 Elevans
1044 3468 1227 3517 autem
1244 3462 1397 3521 dives
1411 3464 1602 3522 oculos
1614 3481 1744 3522 suos
1764 3482 1890 3523 cum
1910 3479 2057 3526 esset

474 3545 533 3604 in
566 3552 877 3617 tormentis,
911 3552 1048 3607 vidit
1076 3552 1344 3609 Lazarum
1376 3557 1432 3610 in
1458 3558 1671 3616 sinibus
1700 3559 1932 3617 Abrahae
1957 3564 1998 3617 ⁸.
2031 3581 2051 3615 ι

474 3641 658 3710 Quare
713 3659 828 3698 non
873 3644 1030 3712 alibi,
1086 3644 1184 3701 sed
1234 3647 1292 3701 in
1340 3647 1556 3706 sinibus
1612 3649 1848 3710 Ahraha:
1910 3656 2058 3712 videt

473 3732 782 3789 Lazarum?

550 3824 612 3878 ιι.
659 3826 798 3890 Quia
846 3825 991 3880 sicut
1026 3824 1295 3881 Adamum
1339 3825 1485 3883 Deus
1523 3829 1747 3899 ejiciens
1798 3848 1867 3887 ex
1894 3849 2056 3906 para-

474 3916 615 3983 ὼεο,
660 3919 843 3987 posuit
904 3919 1056 3973 illum
1097 3935 1129 3975 c
1172 3920 1393 3991 regione
1419 3960 1435 3986 ,
1495 3929 1557 3976 ut
1594 3924 1851 3981 assiduus
1899 3943 2058 3999 aspe-

474 4019 596 4065 ctus
643 4012 764 4081 ejus
815 4027 1109 4068 maerorem
1160 4029 1453 4081 renovans,
1481 4016 1750 4087 majorem
1804 4020 1881 4074 illi
1923 4036 2058 4091 pra:-

472 4102 629 4158 beret
658 4103 746 4158 sui
780 4119 810 4158 a
840 4098 1002 4161 bonis
1030 4105 1142 4160 illis
1187 4105 1377 4176 lapsus
1407 4122 1632 4164 sensum
1661 4127 1677 4176 ;
1709 4109 1783 4164 ita
1814 4120 1870 4166 et
1899 4112 2054 4168 illum

474 4210 506 4249 e
533 4196 751 4265 regione
782 4195 975 4250 Lazari
1008 4197 1318 4266 constituit,
1343 4206 1405 4256 ut
1433 4199 1812 4259 vehementius
1839 4204 2057 4260 morde-

475 4294 649 4341 I'BIUI'.

548 4377 611 4444 Q.
644 4380 732 4434 55.
781 4378 965 4446 Quare
1018 4396 1128 4436 nan
1168 4382 1225 4437 in
1275 4383 1382 4436 alio
1416 4383 1570 4453 justo
1606 4383 1742 4440 vidit
1785 4384 2049 4442 Lazarum
2082 4391 2128 4447 D

473 4471 624 4526 dives
651 4472 741 4524 ille
766 4489 782 4537 ;
812 4472 906 4527 sed
936 4473 993 4526 in
1023 4474 1235 4528 sinibus
1260 4472 1537 4531 Abrahae?

541 4559 608 4614 Β.
642 4561 781 4627 Quia
828 4562 1114 4633 hospitalis
1162 4565 1437 4619 Abraham
1489 4565 1712 4633 fuerat;
1756 4577 1818 4622 ut
1864 4569 2053 4641 itaque

472 4663 793 4724 argueretur
832 4655 903 4708 ob
941 4671 1095 4710 suam
1143 4672 1272 4728 erga
1323 4657 1565 4728 hospites
1614 4659 1898 4726 saevitiam,
1949 4661 2053 4716 La-

472 4760 660 4799 zarum
706 4759 829 4799 cum
865 4746 957 4800 illo
980 4747 1149 4803 videt.
1193 4748 1289 4804 llle
1333 4765 1569 4821 namque
1595 4753 1835 4808 viatores
1885 4754 2050 4809 etiam

471 4833 778 4904 excipiebat
822 4835 882 4903 ⁶;
935 4836 1025 4891 hic
1073 4853 1202 4894 vero
1253 4855 1378 4895 eum
1419 4843 1514 4912 qui
1563 4842 1713 4899 intus
1761 4851 1880 4900 erat
1929 4860 2057 4901 con-

470 4927 751 4981 temnebat
780 4927 823 4982 ".

541 5018 606 5082 Q.
659 5016 747 5072 56.
809 5036 829 5070 ι
900 5018 1062 5075 Pater
1123 5021 1425 5088 Abraham,
1488 5025 1752 5082 miserere
1806 5026 1986 5081 mei“.
2027 5044 2046 5078 ι

470 5108 653 5175 Quare
696 5126 804 5164 non
849 5109 1057 5167 Lazaro
1111 5127 1426 5170 sermonem
1482 5116 1671 5187 dirigit
1721 5116 1896 5179 dives.
1955 5116 2053 5172 sed

408 5246 413 5257 .
469 5202 782 5256 Abrahamo
806 5202 829 5255 ?

538 5312 602 5367 Β.
655 5312 810 5380 Quod
855 5325 1242 5383 erubesceret,
1272 5307 1369 5375 ‘et
1415 5320 1629 5390 pudore
1697 5330 1979 5381 teneretur
2035 5341 2052 5379 :

469 5406 695 5474 putabat
714 5407 856 5462 enim
877 5422 1001 5463 eum
1025 5408 1239 5479 injuria:
1266 5411 1767 5483 illataegmemoriam
1795 5416 2054 5472 retinere.

470 5682 589 5743 2.8.
669 5685 685 5713 ⁷
731 5685 861 5738 L'uc.
898 5701 1004 5751 xw,
1038 5690 1127 5755 ευ,
1166 5687 1255 5744 ﬁl.
1333 5690 1353 5721 ³
1394 5690 1525 5744 ibid.
1560 5689 1651 5745 24.

2169 1830 2290 1886 ίδὼν
2314 1832 2949 1908 αὑτὸν,⁸ὲσπλαγχνίσθη,
2969 1839 3063 1891 καὶ
3086 1839 3347 1910 κατέδησε
3370 1840 3437 1895 τά
3462 1842 3763 1913 τραύματα

2165 1922 2351 1977 αὐτοῦ.
2410 1924 2476 1977 Τί
2539 1920 2608 1997 ἧν
2665 1926 2748 1990 τὺ,
2788 1945 2808 1979 ε
2838 1928 2979 1982 κατά
3028 1931 3361 2001 συγκυρίαν;
3407 1951 3426 1985 ›
3465 1934 3561 1987 καὶ
3600 1934 3690 1998 τίς
3727 1936 3762 1987 6

2166 2014 2377 2087 ίερεύς;
2438 2017 2533 2070 καὶ
2592 2017 2678 2082 τίς
2712 2020 2740 2073 6
2784 2019 3038 2091 λευῖτης;
3075 2023 3169 2075 καὶ
3198 2022 3283 2087 τίς
3311 2024 3340 2076 6
3370 2024 3759 2097 Σαμαρείτηςς

2251 2106 2439 2161 Ἀπόκ.
2476 2107 2550 2161 Τὸ
2597 2108 2696 2180 μὲν
2730 2128 2750 2162 ι
2781 2109 2926 2164 κατά
2979 2113 3279 2186 συγκυρίαν
3316 2133 3335 2166 ι
3372 2114 3557 2187 δηλοῖ·
3596 2117 3661 2171 τὸ
3694 2119 3763 2171 ὲκ

2163 2196 2310 2261 θείας
2328 2199 2640 2270 οἰκονομίας
2660 2216 2674 2231 ο
2705 2200 2885 2274 ἱερεὺς
2906 2202 2964 2256 δέ
2993 2205 3140 2258 ἐστιν
3177 2207 3205 2258 6
3234 2206 3424 2276 νόμος’
3453 2207 3678 2280 λευΐτης
3701 2209 3762 2263 δὲ

2160 2287 2209 2340 oi
2242 2287 2351 2342 ἀπὺ
2381 2289 2480 2360 τῆς
2522 2289 2800 2364 λευῖτικῆς
2841 2293 3142 2367 ἱερωσύνης
3183 2295 3490 2351 διδάσκαλοι
3518 2315 3531 2328 ·
3564 2300 3760 2371 Σαμα-

2166 2380 2348 2452 ρείτης
2368 2380 2427 2434 δὲ
2447 2383 2476 2435 6
2506 2382 2707 2455 Χριστό

2246 2472 2439 2545 Ἐρώτ.
2472 2473 2572 2529 λ6’.
2614 2475 2726 2530 Καὶ
2746 2475 2835 2530 διά
2862 2476 2916 2531 τί
2936 2477 3150 2547 λέγεται
3183 2481 3528 2554 Σαμαρείτης
3558 2484 3590 2536 6
3613 2482 3757 2555 Χρι-

2160 2581 2287 2629 στος
2306 2582 2320 2629 ἒ

2245 2656 2435 2711 ’Λπόκ.
2464 2657 2562 2712 Διά
2585 2657 2647 2712 τὸ
2674 2659 2801 2722 τοὺς
2829 2657 3111 2725 Ἰουδαίους
3137 2663 3300 2717 αὑτὸν
3336 2664 3511 2731 οὕτως
3538 2668 3760 2723 ἀποκα-

2159 2749 2271 2803 λεῖν
2302 2750 2385 2803 ὅτι
2422 2767 2441 2801 ι
2488 2750 2835 2821 Σαμαρείτης
2873 2747 2942 2816 εἴ,
2971 2754 3065 2806 καὶ
3094 2754 3368 2826 δαιμόνιον
3401 2757 3566 2829 ἔχεις.
3615 2777 3637 2812 ι

2241 2840 2433 2915 Ἐρώτ.
2461 2841 2563 2910 λγ’.
2583 2861 2603 2894 ι
2627 2843 2872 2913 Ἐγένετο
2895 2846 2975 2911 δὲ,
3004 2846 3188 2916 φησὶν,
3206 2848 3494 2903 ἀποθανεῖν
3512 2851 3606 2906 τὸν
3640 2853 3759 2907 Λά-

2160 2931 2325 3005 ζαρον
2385 2935 2477 2987 καὶ
2530 2934 2891 3007 ἀπενεχθῆναι
2938 2938 3042 2991 ὑπὸ
3085 2938 3193 2992 τῶν
3226 2939 3472 3008 ἀγγέλων
3510 2942 3592 3006 είς
3623 2945 3759 3008 τοὺς

2160 3024 2394 3088 κόλπους
2428 3024 2522 3078 τοῦ
2566 3026 2834 3098 Ἀδραάμ.
2864 3046 2884 3079 ι
2927 3029 3027 3083 Διά
3053 3030 3106 3083 τί
3128 3030 3460 3102 ἀποθνήσκει
3488 3034 3758 3106 πρῶτονό

2162 3115 2413 3187 Λάζαρος
2438 3116 2590 3187 παρά
2615 3117 2705 3170 τὸν
2738 3117 2990 3174 πλούσιον
3004 3137 3021 3187 ;

2245 3206 2441 3263 Ἀπόκ.
2483 3209 2599 3261 Ἵνα
2635 3209 2903 3280 μηδεμιᾶς
2965 3213 3261 3285 ἀπολογίας
3312 3217 3585 3289 πρόφασις
3618 3219 3760 3273 ὐπο-

2159 3296 2411 3370 λείπηται
2464 3300 2558 3353 τοῦ
2591 3300 2881 3370 πλουσίου,
2921 3303 2998 3370 ὼς
3050 3306 3339 3377 μέλλοντος
3385 3311 3626 3366 εὐποιεῖν
3674 3314 3758 3377 είς

2159 3391 2339 3445 αὐτόν.

2243 3481 2432 3554 Ἐρὼτ.
2457 3483 2550 3539 λδ’.
2593 3505 2613 3539 ι
2651 3487 2980 3559 Ἀναϐλέψας
2996 3491 3053 3545 δὲ
3072 3495 3187 3557 τοῖς
3205 3493 3501 3566 ὀφθαλμοῖς
3517 3496 3691 3552 αὑτοῦ
3728 3500 3759 3552 6

2161 3572 2438 3641 πλούσιος,
2494 3578 2597 3648 ὁρᾷ
2657 3576 2749 3633 τὸν
2801 3580 3053 3652 Λάζαρον
3111 3584 3171 3637 ἐν
3221 3587 3336 3648 τοῖς
3373 3585 3597 3649 κόλποις
3656 3588 3759 3641 τοῦ

2176 3661 2444 3735 Ἀϐραάμ.
2479 3684 2499 3717 ι
2521 3665 2621 3719 Διά
2644 3666 2697 3719 τί
2717 3668 2818 3720 οὐκ
2846 3667 3101 3739 ἀλλαχοῦ,
3133 3661 3248 3724 ἀλλ’
3293 3673 3351 3725 ὲν
3388 3676 3502 3735 τοῖς
3527 3671 3759 3736 κόλποις

2156 3753 2252 3809 τοῦ
2287 3754 2538 3828 Ἀϐραὰμ
2560 3757 2664 3829 ὁρᾷ
2694 3757 2787 3813 τὸν
2818 3760 3067 3832 Λάζαρον
3092 3777 3106 3826 ;

2240 3850 2434 3905 ’Λπόκ.
2470 3852 2710 3925 Ἐπειδὴ,
2742 3851 2932 3926 ὥσπερ
2963 3854 3055 3909 τὸν
3093 3854 3264 3927 ’Δδάμ
3295 3856 3542 3913 ἐκϐαλὼν
3561 3859 3592 3911 6
3616 3859 3758 3923 Θεὸς

2157 3943 2223 3996 ἐκ
2270 3940 2364 3997 τοῦ
2409 3943 2760 4015 παραδείσου,
2805 3947 3138 4018 καταντικρὺ
3184 3946 3373 4002 τοῦτον
3414 3949 3757 4021 κατῴκισεν,

2157 4034 2244 4088 ἴνα
2277 4036 2311 4106 ἡ
2344 4035 2572 4116 συνεχὴς
2600 4035 2742 4106 δψις,
2775 4038 3181 4092 ἀνανευοῦσατὸ
3209 4040 3398 4107 πάθος,
3426 4042 3757 4128 ἀκριϐεστέ-

2160 4142 2259 4196 ραν
2280 4109 2430 4197 αὐτῷ
2454 4126 2713 4199 παράσχῃ
2761 4128 2861 4200 τῆς
2894 4128 3220 4196 ἐκπτώσεως
3258 4132 3367 4187 τῶν
3399 4109 3635 4202 ἀγαθῶν
3653 4136 3757 4207 τὴν

2155 4216 2408 4289 αἴσθησιν
2428 4233 2442 4247 ⁸
2469 4217 2611 4272 οὕτω
2625 4218 2683 4271 δὲ
2716 4221 2812 4275 καὶ
2843 4219 3032 4274 τοῦτον
3049 4222 3336 4278 κατέναντι
3362 4224 3456 4277 τοῦ
3489 4225 3756 4299 Λαζάρου

2155 4307 2483 4379 κατῴκισεν,
2521 4308 2607 4362 ἵνα
2631 4309 2892 4381 μειζόνως
2931 4311 3360 4384 κατατρύχηται.

2234 4399 2426 4473 Ἐρώτ.
2446 4400 2537 4453 λε’.
2564 4401 2675 4455 Kal
2694 4402 2779 4455 διὰ
2806 4403 2859 4455 τί
2887 4404 2985 4457 οὐκ
3001 4404 3059 4456 ὲν
3075 4404 3218 4476 ἄλλῳ
3238 4405 3430 4476 δικαίῳ
3455 4406 3551 4462 τὸν
3566 4407 3757 4473 Λάζα-

2159 4510 2253 4564 ρον
2270 4494 2371 4564 6ρᾷ
2400 4495 2428 4546 6
2454 4492 2725 4560 πλούσιος,
2749 4495 2864 4549 ἀλλ’
2887 4496 2944 4548 ἐν
2964 4499 3077 4560 τοῖς
3097 4497 3320 4561 κόλποις
3334 4497 3428 4551 τοῦ
3454 4499 3755 4573 Ἀδραάμς

2243 4585 2429 4638 ’Λπόκ.
2462 4584 2679 4657 Ἐπειδὴ
2732 4586 3006 4657 φιλόξενος
3031 4584 3100 4661 ἦν
3124 4592 3153 4644 6
3195 4590 3467 4662 Ἁϐραάμ.
3499 4592 3605 4646 Ἴν¹
3659 4591 3757 4649 οὖν

2157 4673 2376 4745 ἔλεγχος
2420 4675 2584 4729 αὐτοῦ
2634 4677 2859 4750 γένηται
2905 4681 3005 4751 τῆς
3071 4680 3397 4751 μισοξενίας,
3456 4681 3548 4736 διὰ
3591 4686 3761 4739 τοῦτο

2156 4767 2318 4819 αὐτὸν
2377 4770 2493 4839 μετ’
2537 4769 2746 4823 ἐκείνου
2785 4771 2991 4841 βλέπει.
3057 4773 3294 4839 Ἐκεῖνος
3337 4775 3446 4849 γὰρ
3487 4778 3586 4831 καὶ
3623 4780 3760 4842 τοὺς

2157 4859 2454 4930 παροδίτας
2478 4861 2770 4933 ὲξενοδόχει
2791 4881 2804 4894 ·
2841 4859 2994 4928 οὗτος
3022 4865 3080 4918 δὲ
3111 4866 3206 4920 καὶ
3232 4867 3323 4921 τὸν
3353 4868 3464 4922 ἔσω
3488 4870 3758 4942 κείμενον

2157 4948 2436 5022 παρεώρα.

2241 5039 2434 5111 Ἐρώτ.
2457 5042 2566 5107 λς’.
2594 5062 2613 5094 ι
2651 5044 3131 5119 ΠάτερίἊϐραὰμ,
3155 5048 3375 5121 ἐλέησόν
3400 5068 3493 5122 με.
3526 5071 3547 5103 ι
3574 5054 3688 5109 Διὰ
3705 5057 3758 5108 τί

2157 5131 2220 5185 οὐ
2244 5133 2380 5203 πρὸς
2407 5133 2499 5187 τὸν
2523 5134 2771 5208 Λάζαρον
2798 5138 2889 5191 τὸν
2918 5139 3075 5209 λόγον
3100 5143 3381 5198 ἀπέτεινεν
3411 5147 3440 5198 6
3460 5145 3753 5214 πλούσιος,

2158 5225 2294 5279 ἀλλά
2327 5226 2462 5298 πρὸς
2489 5226 2578 5279 τὸν
2623 5228 2908 5300 ’Λὸραάμ;

2240 5316 2431 5373 Ἀπόκ.
2482 5319 2697 5390 Ἐπειδὴ
2751 5320 3016 5391 ᾐσχύνετο
3066 5325 3162 5377 καὶ
3204 5324 3475 5399 ἠρυθρίαο
3518 5328 3758 5403 ἐνόμιζε

2158 5406 2266 5482 γάρ
2298 5409 2460 5466 αὐτὸν
2488 5414 2842 5481 μνησικακεῖν
2872 5413 2939 5466 δι’
2974 5407 3049 5468 ὧν
3062 5414 3298 5487 ἔπραξε-ν
3327 5420 3408 5482 εἰς
3439 5419 3638 5478 αὐτόν.

576 5614 622 5644 θ’
662 5611 947 5703 LuIc.u,7.
1025 5615 1279 5703 timemur.
1314 5619 1426 5703 2’10.”
1541 5619 1671 5703 ibid.
1706 5620 1893 5676 31-54.
1974 5616 2169 5675 ’Joan.
2203 5629 2299 5671 Vlu
2324 5653 2340 5681 ,
2376 5613 2463 5671 48.
2507 5615 2675 5673 l'Luc.
2708 5609 2933 5703 “1.22.
2964 5687 2971 5693 '
3012 5619 3288 5681 'ibid.25.
3364 5622 3541 5682 “Gen.
3576 5641 3752 5694 xmt.
