3852 6192
161 267 264 325 709

159 403 329 475 257
362 405 499 467 Hoc
530 403 959 489 fragmentum
989 409 1332 489 adjicimus

1225 271 1686 341 QUESTIONES
1711 272 1781 330 IN
1813 272 2259 332 SCRIPTURAM
2294 274 2591 335 SACRAM.

3322 282 3424 340 710

1360 412 1838 496 Quasstionibus
1855 411 1934 473 ad
1963 412 2374 496 Antiochum,
2406 412 2560 496 quia
2582 429 2725 496 pars
2756 411 2898 494 ejus
2921 413 3097 493 prior
3124 426 3424 496 excerpta

243 492 344 573 est
381 486 981 573 equuaastionetﬂ,
1023 486 1152 550 non
1188 490 1453 573 quidem
1481 489 1883 573 adverbum,
1909 491 2023 554 sed
2046 493 2124 554 ad
2153 486 2560 555 sententiam.
2582 486 2746 555 ‘Pars
2778 486 2941 556 vero
2965 486 3424 573 posterior,'ex

245 565 422 627 Orat.
455 566 494 626 3
522 572 738 627 contra
771 564 1067 645 Ariauos,
1093 564 1285 645 paulo
1318 578 1462 647 post
1494 569 1779 631 initium.

3389 666 3407 697 Ι

170 804 282 859 Τοῦ
327 804 502 879 ἁγίου
527 805 878 879 ’ᾼθανασίου
914 805 1372 879 ’ᾼλεξανδρείας
1402 808 1472 861 ἐκ
1508 822 1737 879 περικο-

1845 807 2030 865 Sancti
2081 805 2366 861 Athanasii
2404 804 3088 879 'Alexandriniueascerptus
3138 826 3311 864 sermo
3357 813 3423 867 de

378 873 503 943 πῆς
523 875 705 945 λόγος
728 875 861 945 περὶ
896 875 1016 930 τῶν
1044 873 1228 947 ἁγίων
1261 878 1529 934 εἰκόνων.

237 989 351 1060 Οὐχ
395 989 472 1053 ὡς
498 988 695 1060 θεοὺς,
742 990 894 1060 φασὶ,
941 991 1039 1055 τὰς
1080 992 1293 1056 εἰκόνας
1332 992 1746 1066 προσκυνοῦμεν

163 1082 213 1133 οἰ
260 1081 481 1133 πιστοί·
519 1081 593 1153 μὴ
634 1082 875 1152 γένοιτοι
918 1082 1057 1137 ἀλλὰ
1091 1084 1249 1155 μόνον
1285 1085 1384 1156 τὴν
1427 1086 1611 1156 σχέσιν
1651 1089 1746 1141 καὶ

162 1171 265 1243 τὴν
292 1172 516 1243 ἀγάπην
558 1172 965 1244 ἐμφανίζοντες.
1012 1174 1172 1228 Ὅθεν
1207 1174 1484 1241 πολλάκις,
1523 1176 1617 1229 τοῦ
1644 1194 1745 1247 χα-

164 1266 442 1335 ρακτῆρος
471 1265 824 1331 λειανθέντος,
862 1264 939 1329 ὡς
964 1264 1119 1330 ξύλον
1160 1268 1312 1338 μένει
1350 1268 1537 1338 ἀργόν.
1573 1268 1746 1324 Τοῦτο

161 1356 219 1410 δὲ
260 1358 355 1410 καὶ
384 1357 477 1410 ἐπὶ
501 1357 596 1410 τοῦ
636 1356 809 1410 τύπου
834 1356 1044 1426 γίνεται
1077 1358 1174 1412 τοῦ
1215 1358 1472 1431 σταυροῦ.
1502 1359 1647 1424 Ἕως
1676 1360 1743 1415 ἂν

160 1449 267 1521 μὲν
297 1451 409 1504 εἰσὶ
450 1451 853 1523 συνεζευγμένα
884 1451 955 1506 τὰ
991 1451 1084 1506 δύο
1116 1451 1270 1518 ξύλα,
1315 1453 1410 1508 καὶ
1459 1452 1606 1527 σώζῃ
1647 1454 1742 1509 τοῦ

161 1541 401 1614 σταυροῦ
435 1543 525 1596 τὸν
566 1542 756 1606 τύπον,
794 1543 968 1615 ὀρθῶς
1010 1544 1106 1598 καὶ
1145 1544 1537 1616 ἡκριϐωμένως
1577 1563 1745 1617 προσ-

159 1633 310 1687 κυνῶ
333 1634 424 1687 τὸν
448 1633 679 1706 σταυρόν
696 1651 709 1664 ·
743 1633 880 1687 ἐπὰν
904 1633 961 1687 δὲ
989 1634 1329 1707 διαιρεθῶσιν
1355 1637 1450 1689 ἀπ’
1476 1635 1739 1708 ἀλλήλων,

158 1725 255 1778 καὶ
284 1725 378 1778 τὸν
421 1724 591 1779 τύπον
638 1728 703 1797 τῇ
745 1725 1004 1799 διαιρέσει
1049 1725 1305 1791 λύσωσιν,
1348 1726 1530 1781 οὐκέτι
1571 1745 1741 1799 προσ-

158 1816 308 1869 κυνῶ
349 1817 418 1871 τὰ
456 1816 517 1881 ἐξ
553 1816 799 1889 ἀλλήλων
829 1817 1133 1891 διῃρημένα
1168 1817 1320 1885 ξύλα.
1356 1818 1515 1873 Οὕτω
1558 1820 1742 1875 λοιπὸν

158 1909 256 1963 καὶ
288 1909 378 1963 διὰ
409 1909 503 1963 τὸν
538 1911 776 1982 Χριστὸν
821 1911 1110 1981 προσκυνῶ
1150 1911 1249 1982 τὴν
1282 1911 1487 1977 εἰκόνα,
1518 1912 1613 1965 καὶ
1652 1911 1742 1966 διὰ

155 2002 258 2072 τῆς
291 2002 503 2067 εἰκόνος
544 2001 640 2056 τοῦ
684 2001 921 2075 Χριστοῦ
965 2002 1126 2058 αὑτὸν
1154 2002 1444 2074 προσκυνῶ
1481 2002 1574 2057 τὸν
1606 2004 1742 2075 Χρι-

158 2094 303 2149 στόν.
332 2096 399 2148 Εἰ
423 2094 533 2166 γὰρ
559 2096 789 2159 καὶτοῖς
816 2094 1021 2166 χείλεσι
1061 2112 1164 2167 μου
1193 2096 1254 2148 οὐ
1290 2095 1522 2167 πάρεστι
1554 2112 1740 2166 σωμα-

154 2188 325 2252 τικῶς
369 2189 627 2258 Χριστὸς,
682 2187 798 2241 ἀλλ’
848 2189 998 2259 ὅμως
1042 2189 1110 2259 τῇ
1157 2187 1355 2259 καρδίᾳ
1398 2187 1492 2241 καὶ
1542 2187 1621 2257 τῷ
1662 2188 1739 2259 νῷ

154 2280 391 2351 πάρειμι
434 2278 545 2348 ἐγὼ
588 2278 975 2351 πνευματικῶς
1018 2279 1157 2351 πρὸς
1200 2279 1293 2333 τὸν
1341 2280 1595 2353 Χριστόν.
1631 2282 1741 2335 Καὶ

152 2372 236 2426 ὅτι
261 2372 439 2426 ταῦτα
471 2371 644 2436 οὕτως
665 2371 800 2443 ἔχει,
829 2375 892 2426 ὲκ
920 2372 1015 2426 τοῦ
1051 2372 1446 2444 ὑποδείγματος
1474 2374 1570 2428 τοῦ
1610 2376 1740 2448 περὶ

150 2463 247 2517 τὸν
293 2463 528 2538 σταυρὸν
559 2464 737 2536 δῆλον.
792 2464 904 2519 Καὶ
945 2467 1073 2535 μετ’
1125 2466 1364 2537 ὀλίγον·
1411 2466 1472 2519 '0
1504 2468 1614 2539 γὰρ
1645 2467 1737 2521 οὖ-

150 2573 261 2620 τως
284 2554 564 2625 ἐγνωκὼς,
590 2557 671 2609 ὅτι
697 2557 755 2610 ἓν
777 2558 916 2610 εἰσιν
940 2558 968 2610 6
999 2557 1127 2620 Υἱὸς
1160 2557 1255 2610 καὶ
1286 2559 1314 2611 ὁ
1342 2557 1555 2630 Πατὴρ,
1579 2555 1736 2623 οἶδεν,

150 2648 234 2700 ὅτι
280 2650 445 2711 αὐτὸς
486 2651 546 2703 ὲν
591 2648 669 2720 τῷ
701 2649 897 2721 Πατρὶ,
933 2651 1028 2704 καὶ
1073 2652 1101 2703 6
1148 2649 1337 2721 Πατὴρ
1373 2653 1431 2703 ὲν
1469 2651 1634 2722 αὐτῷ.
1674 2653 1738 2705 Ἡ

149 2736 262 2808 γὰρ
298 2736 395 2790 τοῦ
433 2736 565 2791 Υἰοῦ
594 2738 784 2808 θεότης
820 2736 914 2792 τοῦ
947 2739 1162 2811 Πατρός
1203 2741 1339 2805 ἐστι,
1373 2740 1466 2793 καὶ
1499 2740 1635 2813 αὓτη
1679 2744 1737 2795 ὲν

148 2828 230 2899 τῷ
262 2828 381 2900 Υἰῷ
412 2831 549 2883 ἐστι.
584 2832 693 2884 Καὶ
725 2834 753 2885 6
782 2829 941 2884 τοῦτο
974 2831 1295 2887 καταλαϐὼν
1321 2832 1631 2899 πέπεισται,
1653 2835 1736 2887 ὄτι

146 2924 177 2976 ὁ
225 2920 491 2994 ἑωρακὼς
537 2923 630 2977 τὸν
677 2924 806 2979 Υῐὸν
841 2925 1055 2996 ἑώρακε
1087 2927 1177 2979 τὸν
1219 2926 1460 2997 Πατέρα.
1507 2927 1594 2980 Ἐν
1626 2927 1736 2998 γὰρ

148 3013 229 3084 τῷ
258 3013 372 3086 Υἱῷ
415 3017 449 3086 ἡ
482 3014 577 3071 τοῦ
603 3016 827 3088 ιΠατρδς
874 3016 1063 3089 θεότης
1098 3016 1405 3088 θεωρεῖται.
1458 3018 1627 3072 Τοῦτο
1676 3021 1735 3073 δὲ

150 3106 249 3158 καὶ
295 3107 405 3160 ἀπὸ
448 3107 541 3160 τοῦ
586 3108 1028 3180 παραδείγματος
1057 3109 1159 3178 τῆς
1208 3109 1413 3172 εἰκόνος
1456 3108 1550 3161 τοῦ
1582 3108 1735 3180 βασι-

148 3196 286 3259 λέως
330 3198 760 3270 προσεχέστερόν
800 3217 885 3264 τις
928 3202 1261 3272 κατανοῆσαι
1311 3200 1639 3271 δυνήσεται·
1674 3202 1731 3252 ἐν

149 3290 262 3361 γὰρ
291 3294 359 3362 τῇ
408 3291 577 3344 εἰκόνι
617 3291 712 3344 τοῦ
760 3292 1027 3362 βασιλέως
1071 3293 1130 3346 τὺ
1178 3288 1316 3356 εἶδος
1360 3292 1514 3363 καὶὴ
1551 3292 1729 3363 μορφή

147 3384 297 3434 ἐστι’
322 3382 420 3435 καὶ
443 3383 501 3435 ὲν
530 3383 609 3454 τῷ
636 3382 842 3453 βασιλεῖ
868 3383 931 3455 δὴ
952 3384 1013 3437 τὸ
1039 3385 1095 3437 ὲν
1118 3388 1183 3455 τῇ
1211 3384 1377 3437 εἰκόνι
1399 3379 1536 3447 εἶδός
1560 3385 1726 3438 ἐστιν.

1702 2154 1811 2209 _~B

2360 877 2530 930 sacris
2560 877 2899 946 imaginibus.

1915 987 2268 1059 Nequaquam
2296 995 2357 1042 ut
2396 988 2529 1043 deos
2568 988 2698 1042 olim
2736 987 2988 1062 (ethnici)
3023 990 3097 1045 ita
3145 1007 3246 1049 nos
3280 994 3421 1049 ima-

1845 1081 2320 1152 ginesadoramus
2356 1100 2370 1136 :
2403 1081 2581 1136 absit!
2623 1081 2719 1136 sed
2751 1069 3039 1147 duntaxat,
3076 1094 3135 1139 ut
3164 1086 3420 1143 allectum

1845 1179 1901 1226 et
1928 1172 2252 1227 cbaritatein
2274 1181 2519 1225 nostram
2558 1169 2938 1226 exhibeamus.
2979 1171 3158 1238 Quare
3180 1175 3425 1245 plerum-

1845 1277 1953 1333 que
1985 1262 2254 1333 contiugit
2294 1269 2377 1327 ut,
2416 1262 2596 1317 deleto
2628 1263 2946 1319 charactere
2979 1280 3075 1320 seu
3101 1266 3319 1337 ﬁgura,
3354 1270 3421 1323 li-

1843 1370 2009 1425 gnum
2043 1369 2277 1409 vacuum
2301 1361 2601 1409 remaneat.
2637 1352 2752 1409 Hoc
2784 1363 2965 1410 autem
2998 1357 3054 1411 in
3082 1359 3263 1413 crucis
3290 1367 3420 1431 typo

1842 1444 2262 1514 deprehendere
2305 1451 2409 1499 est.
2446 1442 2584 1497 Dum
2624 1446 2767 1499 enim
2797 1446 2908 1500 duo
2942 1447 3087 1517 ligna
3122 1449 3418 1518 conjuncta

1844 1547 2005 1602 sunt,
2042 1546 2399 1607 servaturque
2429 1538 2610 1592 crucis
2644 1537 2848 1608 ﬁgura,
2890 1548 3036 1594 recte
3075 1548 3128 1594 et
3160 1551 3418 1598 accurate

1841 1643 2062 1684 crucem
2107 1627 2276 1683 adoro
2314 1647 2329 1683 :
2371 1627 2562 1685 divisis
2601 1638 2782 1685 autem
2827 1630 2999 1701 lignis
3032 1639 3197 1702 atque
3233 1634 3416 1689 ablato

1840 1736 1938 1791 per
1953 1720 2277 1777 divisionem
2302 1727 2453 1792 typo,
2485 1721 2631 1792 ligna
2655 1733 2906 1792 separata
2923 1740 3030 1778 non
3054 1727 3198 1779 ultra
3221 1725 3412 1783 adoro.

1840 1813 2020 1883 Atque
2041 1813 2119 1867 it;
2139 1812 2199 1867 ﬁt
2225 1820 2287 1867 ut
2314 1822 2538 1884 propter
2559 1812 3141 1887 Christumimaginem
3167 1818 3412 1886 adorem,

1840 1917 1894 1961 et
1927 1920 2024 1976 per
2057 1905 2263 1962 Christi
2293 1904 2586 1977 imaginem
2625 1907 2803 1976 ipsum
2845 1908 3066 1964 adorem
3106 1908 3409 1967 Christum.

1839 1996 2068 2053 Etiamsi
2092 1998 2237 2054 enim
2259 1997 2420 2053 labiis
2448 1998 2584 2054 meis
2612 1998 2865 2057 Christus
2880 2002 3104 2056 minime
3129 2004 3272 2059 adsit
3291 2018 3415 2068 cor-

1839 2088 2123 2159 poraliter,
2155 2089 2321 2143 corde
2342 2096 2525 2144 tamen
2556 2105 2619 2144 ac
2641 2100 2824 2146 mente
2857 2092 3050 2147 adsum
3079 2108 3180 2163 ego
3194 2092 3416 2150 Christo

1842 2180 2220 2251 spiritualiter.
2260 2179 2387 2236 Haec
2422 2189 2603 2237 autem
2646 2183 2719 2238 ita
2751 2199 2809 2239 se
2848 2184 3082 2249 habere,
3122 2200 3191 2241 ex
3232 2187 3414 2243 crucis

1839 2273 2090 2343 exemplo
2140 2273 2321 2343 palam
2360 2283 2466 2329 est.
2520 2273 2588 2327 Et
2652 2277 2835 2343 paucis
2895 2277 3182 2345 interjectis
3235 2293 3255 2331 :
3308 2277 3414 2345 Qui

1770 2369 1774 2373 ‘
1837 2363 1983 2417 enim
2008 2362 2084 2415 ita
2117 2363 2299 2427 novit,
2329 2378 2498 2416 unum
2530 2377 2653 2418 esse
2681 2361 2881 2417 Filium
2907 2376 2963 2420 et
2991 2364 3231 2435 Patrem,
3258 2369 3413 2422 novit

1837 2454 2023 2520 etiam,
2057 2452 2237 2523 ipsum
2262 2455 2317 2508 in
2347 2453 2511 2509 Patre
2539 2464 2593 2510 et
2614 2454 2832 2510 Patrem
2866 2457 2922 2511 in
2950 2457 3069 2527 ipso
3098 2475 3241 2515 esse.
3272 2459 3411 2517 Nam

1837 2540 1960 2597 Filii
1993 2543 2192 2611 deitas,
2226 2543 2406 2601 Patris
2434 2553 2543 2608 est,
2570 2546 2800 2617 ipsaque
2837 2550 2891 2603 in
2925 2548 3064 2604 Filio
3082 2558 3198 2616 est,
3231 2558 3285 2606 et
3315 2552 3410 2622 qui

1837 2634 1942 2688 hoc
1985 2634 2239 2704 intelligit
2292 2650 2618 2704 persuasum
2664 2636 2858 2703 habet,
2906 2654 3028 2693 eum
3082 2640 3175 2710 qui
3213 2639 3410 2696 Filium

1834 2724 2002 2791 videt,
2027 2726 2214 2781 videre
2238 2725 2479 2782 Patrem.
2516 2727 2573 2781 In
2596 2727 2733 2782 Filio
2760 2744 2995 2800 namque
3027 2728 3208 2785 Patris
3236 2732 3413 2787 deitas

1835 2816 2195 2887 conspicitur.
2226 2817 2285 2871 ld
2321 2834 2489 2890 porro
2522 2820 2772 2889 exemplo
2805 2821 2969 2890 regite
3007 2821 3296 2893 imaginis,
3319 2838 3412 2878 ac-

1835 2910 2082 2963 curatius
2133 2910 2314 2978 quivis
2382 2909 2687 2980 intelligere
2747 2912 2947 2980 poterit
2992 2929 3007 2967 :
3069 2912 3126 2965 in
3174 2913 3412 2983 imagine

1833 3001 2063 3071 quippe,
2100 3003 2245 3071 regis
2280 3002 2492 3072 species
2523 3010 2575 3057 et
2600 3002 2773 3057 forma
2800 3012 3008 3071 exstat,
3044 3004 3100 3058 in
3127 3020 3253 3075 rege
3278 3006 3409 3059 item

1835 3093 2081 3160 species,
2116 3106 2239 3160 qua:
2265 3099 2350 3147 est
2387 3093 2444 3146 in
2486 3092 2755 3163 imagine,
2802 3094 3050 3149 habetur.
3094 3094 3409 3150 Similitudo

1834 3192 2016 3237 autem
2048 3184 2196 3252 regia
2225 3184 2279 3237 in
2314 3184 2550 3254 imagine
2586 3186 2706 3239 sine
2738 3185 2846 3239 ulla
2887 3186 3253 3257 discrepantia
3286 3196 3407 3254 est;

1833 3276 1910 3330 ita
1946 3285 2001 3330 ut
2028 3276 2120 3347 qui
2148 3278 2295 3332 videt
2340 3278 2657 3348 imaginem,
2693 3278 2749 3332 in
2787 3279 2904 3349 ipsa
2927 3295 3108 3350 regem
3142 3281 3324 3335 videat
3351 3289 3407 3336 et

1834 3377 2115 3441 agnoscat,
2149 3370 2277 3440 quia
2311 3370 2358 3424 is
2388 3370 2505 3439 ipse
2526 3380 2612 3424 est
2640 3370 2729 3439 qui
2754 3371 2809 3423 in
2834 3371 3070 3440 imagine
3101 3378 3402 3441 comparet.

157 3473 606 3544 Ἀπαρὰλλακτός
640 3478 787 3529 ἐστιν
819 3477 852 3545 ὴ
912 3477 969 3530 ὲν
1015 3479 1080 3547 τῇ
1116 3476 1282 3529 εἰκόνι
1325 3475 1419 3529 τοῦ
1465 3475 1727 3547 βασιλέως

1839 3460 1989 3528 Quod
2028 3467 2211 3516 autem
2242 3460 2546 3517 similitudo
2591 3461 2681 3515 illa
2713 3462 2916 3515 nullam
2960 3462 3157 3517 habeat
3197 3464 3406 3518 discre-

145 3565 441 3635 όμοιότηςο
492 3564 630 3619 ὥστε
676 3566 769 3619 τὸν
811 3567 1080 3638 ἐνορῶντα
1132 3565 1229 3638 τὴν
1271 3566 1454 3619 εἰκόνα
1496 3567 1628 3636 ὁρᾷν
1666 3567 1723 3617 ὲν

145 3659 283 3729 αὐτῇ
317 3657 410 3710 τὸν
445 3657 689 3728 βασιλέα,
725 3659 820 3712 καὶ
852 3657 1253 3727 ἐπιγινώσκειν,
1279 3658 1362 3711 ὅτι
1393 3652 1545 3721 οὗτός
1578 3657 1727 3709 ἐστιν

142 3750 172 3800 6
199 3751 259 3802 ἐν
288 3751 357 3819 τῇ
391 3749 577 3803 εἰκόνι.
619 3750 714 3803 Ἐκ
745 3749 803 3804 δὲ
829 3748 923 3803 τοῦ
958 3748 1030 3821 μὴ
1056 3748 1406 3819 διαλλαγῆναι
1426 3745 1523 3819 τὴν
1555 3745 1729 3817 ὁμοιό-

135 3859 301 3915 τητα,
336 3841 417 3914 τῷ
446 3842 651 3897 θέλοντι
687 3842 826 3913 μετὰ
855 3844 955 3915 τὴν
982 3842 1165 3896 εἰκόνα
1194 3841 1468 3914 θεωρῆσαι
1509 3839 1601 3893 τὸν
1632 3837 1726 3909 βα-

144 3933 299 3988 σιλέα
342 3934 489 3989 εἴποι
536 3936 603 3990 ἆν
649 3938 683 4007 ή
728 3935 922 3991 εἰκών·
978 3935 1120 4005 Ἐγὼ
1156 3934 1250 3987 καὶ
1303 3933 1332 3984 6
1366 3930 1621 4003 βασιλεὺς
1663 3930 1724 3984 ἓν

142 4028 348 4097 ἐσμενο
382 4026 496 4097 ἐγὼ
526 4027 653 4098 γοῦν
692 4031 750 4085 ὲν
782 4029 975 4100 ἐκείνῳ
1010 4028 1147 4099 εἰμὶ,
1185 4027 1435 4088 κάκεῖνος
1465 4026 1523 4078 ὲν
1558 4023 1681 4095 ἐμοὶ
1704 4038 1719 4053 ·

142 4121 237 4173 καὶ
268 4120 300 4173 δ
340 4120 557 4191 βλέπεις
579 4121 637 4173 ὲν
667 4121 811 4191 ἐμοὶ,
852 4119 1011 4174 τοῦτο
1044 4120 1261 4191 βλέπεις
1285 4119 1344 4172 ὲν
1378 4117 1592 4188 ἐκείνῳ,
1628 4114 1724 4170 καὶ¹

1833 3555 2115 3626 pautiam;
2149 3554 2193 3609 si
2221 3555 2345 3624 quis
2372 3561 2494 3625 post
2515 3554 2687 3609 visam
2724 3554 3015 3624 imaginem
3037 3595 3051 3620 ,
3085 3570 3265 3625 regem
3307 3570 3404 3609 vo-

1833 3646 1997 3701 luerit
2047 3645 2441 3713 contemplari,
2494 3643 2693 3698 dixerit
2751 3644 2931 3715 imago
2974 3663 2987 3699 :
3049 3643 3163 3714 Ego
3209 3652 3263 3700 et
3308 3660 3406 3700 rex

1833 3756 2001 3795 unum
2035 3755 2246 3796 sumus.
2278 3737 2393 3809 Ego
2422 3738 2607 3807 itaque
2630 3737 2685 3791 in
2717 3736 2813 3791 illo
2838 3750 2982 3800 sum,
3009 3741 3065 3789 et
3087 3734 3175 3788 ille
3206 3733 3259 3787 in
3282 3748 3403 3789 me:

1829 3842 1884 3890 et
1915 3831 2061 3904 quod
2094 3831 2148 3886 in
2186 3846 2296 3896 me,
2328 3830 2381 3884 id
2414 3829 2471 3884 in
2509 3829 2602 3885 illo
2628 3842 2845 3899 quoque
2871 3828 3046 3890 vides,
3078 3834 3132 3881 et
3163 3826 3309 3896 quod
3347 3826 3405 3881 in

1831 3925 1948 3989 illo,
1982 3922 2034 3977 id
2060 3923 2123 3977 in
2154 3936 2241 3976 me
2270 3920 2441 3976 vides.
2490 3919 2592 3985 Qui
2646 3918 2813 3989 igitur
2850 3917 3139 3987 imaginem
3173 3916 3401 3979 adorat,

1830 4019 1887 4073 in
1914 4018 2006 4072 illa
2036 4031 2218 4087 regem
2241 4014 2464 4069 adorat:
2490 4012 2610 4083 ejus
2634 4011 2781 4067 enim
2808 4009 2981 4066 forma
3009 4016 3174 4079 atque
3191 4009 3405 4079 species

1830 4120 1915 4168 est
1945 4114 2143 4179 imago.

141 4214 171 4264 6
234 4180 491 4283 ἑώρακας
537 4180 606 4266 ⁷ὲν
649 4180 862 4285 ἐκείνοι,
901 4180 1057 4267 τοῦτό
1098 4180 1331 4283 ὁρᾷς-ὲν
1373 4210 1517 4281 ὲμοί.
1650 4206 1780 4277 γοῦν
1814 4201 2138 4279 προσκυνῶν
2177 4200 2276 4272 τὴν
2326 4180 2510 4253 εἰκόνα
2558 4200 2614 4251 ἐν
2663 4196 2802 4268 αὐτῇ
2846 4195 3142 4266 προσκυνεί
3179 4192 3271 4247 τὸν
3308 4191 3406 4263 βα-

143 4308 330 4363 σιλέαο
361 4309 396 4378 ἡ
421 4307 532 4378 γὰρ
567 4309 776 4363 ἐκείνου
813 4309 999 4379 μορφὴ
1026 4309 1121 4362 καὶ
1148 4307 1209 4364 τὸ
1237 4298 1376 4369 εἶδός
1407 4305 1556 4358 ἐστιν
1581 4305 1617 4375 ἡ
1646 4299 1832 4355 εἰκών.

154 4463 3396 4497 _—__________________________________._____—_.—.—_._.

606 4610 675 4666 IN
713 4607 1122 4677 SEQUENTES
1158 4604 1625 4675 QUAﬂSTlONES
1660 4603 1731 4659 IN
1772 4601 2222 4661 SCRIPTURAM
2272 4600 2551 4659 SACRAM
2587 4599 2938 4656 'MONITUM.

208 4760 369 4814 Libet
398 4755 482 4810 hic
520 4753 710 4823 afferre
735 4767 854 4824 quae
880 4748 1271 4805 Felckmannus
1306 4747 1364 4801 in
1391 4747 1548 4801 hasce
1582 4744 1915 4813 Quaastiones
1944 4743 2240 4798 annotavit.
2264 4740 2357 4795 Ait
2389 4740 2480 4795 ille
2532 4741 2587 4794 in
2618 4740 2782 4795 uariis
2818 4738 3160 4817 lectionibus,
3195 4754 3248 4809 p.
3281 4739 3350 4794 90
3381 4757 3398 4794 :

139 4853 527 4925 Subjieiuntur
555 4850 672 4905 hac
708 4846 1024 4904 immediate
1058 4843 1465 4912 Quaestionibus
1509 4840 1578 4896 ad
1620 4840 1946 4896 Antiochum
1991 4839 2047 4893 in
2093 4837 2339 4892 Palatino
2391 4836 2612 4899 codice,
2650 4850 2812 4905 quem
2855 4850 3004 4905 nunc
3046 4833 3092 4889 ll
3138 4835 3396 4897 dicimUS.

137 4950 348 5018 absque
379 4942 625 4999 auctoris
649 4942 891 4996 nomine.
930 4937 1087 4994 Unde
1128 4937 1330 4991 factum
1371 4942 1455 4991 est
1504 4942 1565 4990 ut
1610 4935 1679 4990 ab
1709 4935 2008 5003 interprete
2052 4930 2227 4986 veteri
2262 4929 2668 4995 Quaastionibus
2696 4928 3085 4998 iungerentur.
3124 4928 3397 4982 Caeterum

136 5041 313 5097 codex
352 5036 663 5095 nonnullibi
696 5042 751 5091 et
776 5036 1077 5091 lacunosus
1112 5042 1168 5089 et
1196 5048 1308 5087 non
1340 5031 1477 5087 satis
1506 5028 1831 5086 emendatus
1874 5036 1959 5083 est
1989 5045 2001 5081 :
2038 5041 2210 5096 quare
2244 5026 2330 5079 cui
2375 5025 2567 5080 melior
2598 5024 2888 5095 obtigerit,
2917 5038 3040 5093 qua:
3068 5023 3400 5077 videbuntur

134 5134 397 5205 supplere
416 5138 512 5186 aut
539 5128 833 5186 emendare
857 5125 1079 5197 poterit.
1112 5122 1253 5177 Hinc
1282 5124 1440 5193 liquet
1479 5122 1634 5176 hasce
1664 5120 1993 5186 Quwstiones
2016 5159 2030 5183 ,
2063 5118 2255 5173 nedum
2285 5117 2569 5170 Athanasii
2598 5118 2726 5179 sint,
2762 5132 2853 5169 nec
2878 5114 3162 5167 Athanasii
3190 5113 3399 5184 quidem

134 5246 323 5284 nomen
344 5227 595 5297 praeferre
628 5227 686 5279 in
719 5222 1005 5279 codicibus.
1034 5219 1105 5273 Et
1137 5236 1256 5274 vero
1288 5218 1555 5273 tricesima
1589 5226 1738 5271 sexta
1775 5231 1962 5270 nomen
2002 5215 2222 5283 prmfert
2256 5212 2652 5282 Chrysostomi,
2710 5211 2977 5264 tricesima
3011 5225 3131 5263 vero
3168 5209 3398 5276 'septima

134 5320 331 5392 Cyritli
361 5337 381 5386 ;
410 5320 660 5375 vicesima
686 5328 872 5372 octava
897 5327 975 5372 est
1015 5315 1359 5377 Theodoreti,
1401 5314 1564 5368 tacito
1593 5322 1769 5366 tamen
1801 5310 1915 5381 ejus
1945 5310 2175 5364 nomine.
2217 5309 2549 5375 Quazstiones
2583 5322 2701 5360 vero
2730 5306 2786 5358 in
2819 5303 3247 5359 Pentateuehum
3278 5320 3398 5373 qua:

132 5411 397 5478 incipiunt
420 5427 455 5464 α
482 5410 553 5466 47
585 5426 779 5481 magna
801 5424 867 5462 ea:
887 5416 1036 5474 parte
1052 5416 1176 5463 sunt
1207 5404 1540 5467 Theodoreti,
1574 5414 1631 5457 ut
1663 5404 1774 5457 suis
1812 5403 1939 5457 locis
1967 5409 2307 5456 annotamus.
2341 5399 2482 5453 Hinc
2509 5415 2628 5452 vero
2650 5398 2980 5466 perspicuum
3002 5405 3079 5450 est
3112 5411 3178 5449 ea:
3212 5396 3396 5450 multis

132 5499 446 5554 auctoribus
480 5508 752 5568 excerptas
774 5509 824 5554 et
850 5501 908 5553 in
936 5514 1098 5553 unum
1125 5506 1336 5553 coactas
1371 5512 1484 5551 esse
1510 5495 1606 5549 has
1643 5494 1994 5561 Qutestiones.
2025 5493 2194 5563 Atque
2230 5507 2295 5546 ea:
2330 5492 2398 5545 iis
2428 5505 2544 5560 qua:
2577 5488 2640 5542 de
2672 5486 2900 5540 Francis
2937 5487 3177 5565 leguntur
3202 5496 3393 5556 qua’st.

134 5590 235 5660 76,
268 5591 513 5645 videntur
550 5592 608 5645 in
643 5607 805 5645 unum
833 5608 1021 5663 corpus
1050 5591 1312 5658 redactte,
1358 5598 1477 5660 post
1507 5588 1865 5658 expeditiones
1908 5584 2244 5640 Francorum
2288 5585 2343 5639 in
2390 5581 2678 5639 Orientem.
2728 5577 2854 5635 Nisi
2892 5578 3030 5649 forte
3062 5577 3394 5633 Francorum

132 5706 325 5746 nomen
356 5688 433 5743 ibi
460 5689 787 5758 adjectitium
819 5692 904 5749 sit.

2617 5862 2645 5883 /
