3852 6192
423 276 524 333 m
1510 256 1523 269 '
1572 269 1633 327 ε.
1673 266 2132 324 ΑἸἬΑΝΑΞΙΙΙΒ.
2170 295 2239 308 -
2279 263 2552 323 SPURIA.
2620 240 2628 253 ’
3588 254 3711 312 τις

1522 429 1660 487 ΤΟΥ
1695 431 1791 487 ΕΝ
1825 429 2049 484 ΑΓῙΟῙΣ
2079 428 2353 484 ΠΑΤΡοΣ
2390 426 2591 484 ΗΜΩΝ

1648 642 1649 649 ,
1741 548 2378 643 ΑΘΑΝΑΣΙΟΥ

898 699 1165 756 ΡΗΣΕΙΣ
1199 699 1335 756 ΚΑΙ
1367 696 1775 755 ΕΡΜΗΝΕΙΔΙ
1797 694 2250 750 ΠΑΡΑΒΟΛΩΝ
2283 692 2425 747 ΤΟΥ
2454 689 2682 747 ΑιἸΟΥ
2709 689 2754 744 Ε
2764 687 3205 748 ΥΔΓΓΕΔΙΟΥ.

1355 946 1522 1019 258
1585 939 1681 1029 S.
1757 939 1866 1028 P.
1922 938 2042 1029 Ν.
2124 936 2770 1028 ATHANASII

922 1132 1168 1201 gDICTA
1211 1132 1306 1188 ET
1333 1127 2103 1187 INTERPRETATIONES
2142 1125 2693 1185 PARABOLARUM
2727 1120 3175 1182 EVANGELII.

425 1405 430 1411 ’
505 1410 745 1481 Quaestio
764 1407 806 1462 l.
844 1427 863 1461 ι
885 1406 966 1463 lte
999 1407 1056 1462 in
1078 1403 1388 1476 oppositum
1411 1404 1619 1470 vicum,
1644 1413 1699 1461 et
1718 1403 1946 1461 inveniet

2200 1395 2498 1471 Ἐρώτησις
2513 1401 2583 1450 α’.
2606 1411 2627 1446 ί
2662 1391 2957 1447 Ἀπέλθατε
2974 1393 3055 1455 είς
3073 1390 3453 1464 τὴνξάπέναντι
3484 1390 3712 1464 κώμην,

436 1506 713 1563 hominem
741 1504 992 1573 lagenam
1027 1517 1180 1571 aquae
1218 1499 1554 1569 bajulantem
1576 1499 1621 1553 ⁸.
1657 1516 1677 1550 ι

2187 1489 2211 1542 1
2227 1488 2486 1560 εὑρήσετε
2503 1484 2789 1556 ἄνθρωπον
2809 1483 3074 1555 κεράμιον
3090 1482 3281 1545 ὓδατος
3296 1482 3662 1554 βαστάζοντα.
3685 1505 3708 1538 ι

506 1597 765 1665 Quaenam
798 1595 995 1649 civitas
1024 1594 1149 1649 est?
1171 1592 1435 1647 Ecclesia.
1467 1589 1599 1656 Quae
1615 1603 1769 1660 aqua:
1790 1587 2021 1659 lagena?

2195 1580 2284 1644 Τίς
2310 1581 2343 1650 ἡ
2375 1576 2562 1643 πόλις;
2598 1575 2913 1645 Ἐκκλησία.
2943 1576 3009 1627 Τί
3052 1573 3113 1627 τὸ
3142 1575 3408 1646 κεράμιον
3439 1575 3534 1628 τοῦ
3575 1576 3716 1631 ὓδα-

438 1690 701 1746 Sanctum
748 1687 1037 1757 baptisma.
1094 1685 1229 1751 Quis
1280 1684 1370 1739 ille
1424 1682 1627 1737 homo?
1674 1680 1959 1736 Praecurso

2200 1687 2247 1738 ;;
2278 1669 2353 1722 Τδ
2391 1669 2546 1737 άγιον
2582 1667 2885 1739 βάπτισμα.
2930 1665 3026 1730 Τίς
3061 1668 3090 1720 6
3118 1665 3434 1739 ἀνθρωποςς
3475 1667 3533 1721 Ὁ
3563 1669 3721 1741 Πρό-

436 1779 593 1849 Quod
628 1776 1284 1849 coenaeulum?.Regnum
1310 1776 1598 1831 caelorum.

2119 1763 2337 1836 δρομος.
2368 1760 2431 1813 Τί
2455 1760 2515 1813 τὸ
2538 1759 2813 1828 ἀνώγεον;
2855 1759 2921 1813 Ἥ
2950 1758 3197 1829 βασιλεία
3226 1759 3638 1833 τῶνβύρανῶν.

509 1872 574 1939 Q.
602 1870 666 1929 ll.
706 1890 726 1924 ‹
766 1870 955 1926 Simile
981 1878 1067 1926 est
1092 1885 1319 1941 regnum
1350 1869 1613 1925 cmlorum
1646 1866 1856 1922 homini
1880 1867 2017 1937 regi,

2200 1852 2385 1925 Ἐρώτ.
2419 1850 2483 1923 β’.
2517 1871 2535 1903 ι
2577 1849 2843 1922 Ὡμοιώθη
2874 1851 2908 1921 ἡ
2941 1850 3185 1921 βασιλεία
3209 1851 3318 1904 τῶν
3344 1852 3590 1923 οὐρανῶν
3610 1854 3721 1908 άν-

439 1966 534 2041 qui
561 1967 732 2021 voluit
762 1966 1030 2020 rationem
1065 1978 1269 2035 ponere
1297 1978 1421 2019 cum
1457 1961 1633 2018 servis
1655 1961 1772 2018 suis
1795 1962 1862 2017 ⁸ο.
1894 1980 1915 2014 ι

2201 1947 2324 2015 ώπῳ
2359 1944 2586 2017 βασιλεῖ,
2630 1945 2780 2009 ὅστις
2826 1943 3063 2016 ἠθέλησε
3107 1945 3339 2017 συνᾶραι
3375 1945 3534 2014 λόγον
3568 1947 3722 2018 μετὰ

2121 2037 2231 2092 τῶν
2258 2035 2461 2090 δούλων
2499 2033 2685 2090 αὑτοῦ.
2729 2052 2749 2086 ι

514 2147 650 2215 Quis
690 2151 776 2202 est
834 2145 926 2199 ille
969 2145 1107 2199 rex?
1157 2142 1325 2198 Deus.
1372 2141 1509 2208 Quis
1566 2140 1783 2196 debitor
1832 2140 2022 2195 decem

2203 2149 2291 2214 Τίς
2317 2151 2346 2203 6
2381 2147 2663 2220 βασιλεύω
2708 2148 2767 2202 '0
2793 2146 2947 2211 Θεός.
2982 2145 3079 2211 Τίς
3104 2147 3134 2200 6
3155 2144 3435 2217 ὀφειλέτης
3465 2145 3576 2200 τῶν
3609 2163 3724 2218 μυ-

444 2238 595 2293 mille
663 2234 1030 2291 talentorum?
1082 2231 1298 2297 Homo,
1381 2233 1473 2303 qui
1525 2231 1713 2287 multis
1779 2240 1965 2302 peccat

2206 2258 2259 2295 ον
2306 2241 2626 2306 ταλάντων;
2674 2240 2733 2292 '0
2774 2237 3059 2310 ἄνθρωπος
3101 2240 3131 2292 6
3177 2239 3235 2293 ὲν
3278 2238 3500 2302 πολλαῖς
3529 2239 3727 2311 ἀμαρ-

441 2330 738 2393 obnoxius,
758 2329 955 2383 divina:
979 2335 1158 2385 tamen
1176 2333 1259 2381 est
1277 2324 1708 2396 longanimitatis
1729 2324 1962 2393 particep

2205 2351 2278 2398 ιις
2306 2333 2403 2404 τῆς
2428 2331 2523 2386 τοῦ
2554 2329 2689 2385 Θεοῦ
2731 2329 3111 2403 μακροθυμίας
3139 2329 3445 2384 ἀπολαϐών.
3471 2330 3567 2394 Τίς
3592 2333 3622 2384 6
3645 2330 3726 2385 τὰ

442 2420 578 2488 Quis
609 2430 829 2475 centum
856 2417 1207 2473 denariorum
1255 2415 1508 2470 debitor?
1536 2414 1802 2469 Subditus
1832 2429 1963 2468 Servi

2205 2423 2325 2478 ιτδν
2342 2424 2572 2495 δηνάρια
2591 2422 2759 2494 (80‘);
2786 2421 2845 2475 '0
2867 2420 3174 2494 ὑποχείριος
3191 2421 3284 2475 τοῦ
3315 2421 3726 2493 χρεωστοῦντος

442 2514 565 2583 ejus
588 2552 604 2578 ,
640 2512 736 2582 qui
769 2511 1099 2567 talentorum
1133 2508 1322 2562 decem
1354 2508 1589 2562 debebat
1615 2506 1819 2570 millia,
1851 2507 1946 2576 qui

2227 2516 2395 2589 μυρία
2419 2515 2680 2571 τάλαντα·
2708 2514 2803 2569 καὶ
2823 2514 2985 2578 αὐτὸς
3010 2513 3107 2585 μὲν
3129 2513 3284 2585 ἔτυχε
3311 2513 3722 2585 μακροθυμίας,

446 2605 565 2675 ipse
586 2602 807 2673 quidem
833 2600 927 2656 Dei
955 2599 1425 2669 longanimitatem
1461 2606 1719 2666 expertus
1738 2634 1753 2659 ,
1785 2595 1967 2649 crudel

2203 2626 2279 2673 ιος
2300 2608 2358 2662 δὲ
2385 2607 2558 2679 ἐφάνη
2591 2607 2746 2678 ὠμὸς
2778 2607 2875 2660 καὶ⁵
2896 2605 3133 2678 σκληρὸς
3157 2606 3294 2677 πρὸς
3313 2606 3403 2659 τὸν
3424 2606 3724 2676 ὁμόδουλον

444 2705 630 2749 tamen
655 2708 719 2747 ac
743 2692 916 2747 durus
941 2707 1067 2762 erga
1090 2702 1415 2745 conservum
1451 2702 1609 2742 suum
1645 2686 1796 2741 visus
1821 2695 1925 2740 est.
2059 2716 2101 2770 Β
2129 2699 2319 2758 αὐτοῦ,

523 2787 657 2839 Αιιλ
702 2799 977 2840 ΡΑιιΑΒοιΑ
1021 2781 1107 2837 Ill.
1155 2799 1175 2832 ι
1216 2780 1385 2835 llomo
1418 2779 1639 2849 quidam
1683 2777 1823 2832 duos
1864 2776 2028 2832 habe-

2212 2790 2406 2862 Ἑτέρα
2451 2786 2739 2861 παραϐολὴ
2778 2793 2850 2856 γ’.
2902 2805 2922 2839 ι
2961 2784 3287 2859 ’Ἄνθρωπός
3334 2802 3418 2849 τις
3466 2779 3583 2856 εἶχε
3628 2785 3723 2839 δύο

444 2879 541 2935 bat
565 2878 706 2933 tilios
730 2917 747 2942 ,
783 2886 840 2932 et
880 2876 975 2930 uni
1010 2873 1187 2929 dixit:
1226 2872 1379 2927 Vade
1437 2872 1492 2925 in
1530 2871 1772 2926 vineam.
1804 2868 1907 2935 Qui
1941 2884 1965 2921 r

2196 2899 2313 2947 κνα,
2348 2882 2441 2935 καὶ
2475 2877 2597 2934 εἷπε
2621 2878 2701 2951 τῷ
2730 2878 2835 2933 ένί-
2871 2876 3106 2931 Ἀπελθε
3139 2879 3219 2940 είς
3249 2876 3340 2930 τὸν
3381 2877 3684 2948 ἀμπελῶνα
3703 2896 3717 2908 ·

446 2970 671 3043 spondit
696 2989 709 3024 :
737 2968 857 3023 Non
888 2969 979 3023 ibo
1002 3008 1017 3033 ,
1050 2974 1105 3022 et
1137 2965 1291 3020 abiit.
1310 2963 1371 3018 Et
1406 2963 1673 3018 accedens
1698 2962 1766 3017 ad
1796 2962 1967 3017 alteru

2202 2972 2223 3024 ὶ
2249 2967 2402 3025 εἶπεν
2421 2989 2434 3002 ·
2472 2971 2584 3042 Οὐχ
2613 2970 2829 3039 ὑπάγω,
2862 2969 2957 3023 καὶ
2988 2967 3222 3039 ἀπῆλθε.
3253 2970 3365 3023 Καὶ
3403 2970 3723 3042 προσελθὼν

448 3062 590 3117 dixit
648 3060 949 3126 similiter;
1019 3057 1116 3128 qui
1156 3055 1496 3127 respondit:
1556 3053 1708 3109 Vado
1811 3061 1866 3109 et
1918 3068 1969 3107 nt

2202 3078 2251 3115 τε
2296 3063 2390 3116 καὶ⁵
2433 3060 2513 3134 τῷ
2559 3060 2763 3133 ἑτέρῳο
2813 3061 2909 3114 καὶ
2943 3053 3136 3114 εἶπενο
3180 3060 3431 3132 Ὑπάγω,
3482 3062 3579 3116 καὶ
3619 3063 3723 3115 οὐκ

451 3156 585 3211 abiit
611 3154 677 3208 ”.
722 3172 742 3205 ι

2131 3151 2400 3224 ἀπῆλθεν.
2427 3170 2448 3205 ι

522 3268 660 3335 Quis
692 3269 783 3322 ille
820 3265 1021 3322 homo?
1050 3265 1218 3320 Deus.
1250 3263 1386 3330 Quis
1431 3263 1558 3330 ille,
1588 3262 1682 3333 qui
1713 3262 1883 3327 dixit,
1911 3260 2029 3327 Ibo,

2204 3266 2301 3330 Τίς
2332 3265 2362 3318 6
2403 3263 2717 3334 άνθρωποςς
2752 3263 2812 3317 '0
2858 3262 3012 3327 Θεός.
3044 3262 3141 3327 Τίς
3179 3264 3209 3316 6
3236 3261 3429 3327 εἰπὼν,
3469 3262 3724 3331 Ὑπάγω,

451 3368 508 3417 et
540 3376 649 3416 non
679 3360 835 3414 abiit?
862 3357 1057 3413 Judaai.
1089 3356 1228 3423 Quis
1259 3357 1350 3411 ille
1373 3357 1469 3427 qui
1497 3355 1660 3421 dixit,
1694 3353 1816 3410 Non
1835 3354 1948 3420 ibo,

2208 3360 2350 3414 ὶούκ
2381 3357 2653 3428 ἀπῆλθεν;
2679 3358 2731 3410 οἱ
2759 3356 3019 3411 Ἰουδαῖοι.
3054 3356 3151 3420 Τίς
3178 3357 3209 3410 6
3231 3355 3421 3422 εἰπὼν,
3445 3357 3558 3428 Οὐχ
3584 3357 3729 3413 ὑπά·

453 3464 634 3509 tamen
664 3452 819 3507 abiit?
839 3451 1101 3521 Populus,
1122 3450 1218 3521 qui
1250 3460 1334 3505 est
1365 3465 1428 3504 ex
1461 3449 1745 3519 gentibus.

1729 3488 1745 3502 .
2133 3468 2241 3521 γω,
2271 3449 2368 3503 καὶ
2406 3447 2685 3519 ἀπῆλθενς
2728 3448 2786 3500 '0
2820 3445 2880 3510 ἐξ
2906 3444 3075 3499 ἐθνῶν
3094 3446 3248 3510 λαός.

526 3546 663 3599 Anu
709 3559 981 3599 panno“
1029 3542 1119 3597 Ν.
1163 3560 1183 3594 ι
1228 3540 1479 3597 Hominis
1515 3540 1804 3609 cujusdam
1845 3538 2033 3594 divitis

2209 3541 2380 3611 Ἀλλη
2405 3538 2610 3611 παραό.
2636 3538 2701 3595 δ’.
2742 3558 2760 3590 ι
2803 3539 3117 3612 Ἀνθρώπου
3155 3539 3300 3605 τινὸς
3334 3539 3593 3595 πλουσίου
3638 3540 3730 3593 εὖ·

454 3652 583 3709 ager
613 3638 810 3693 uberes
840 3637 1053 3691 fructus
1077 3635 1203 3691 tulit
1223 3636 1288 3689 “.
1322 3655 1341 3687 ι
1368 3633 1503 3699 Quis
1523 3635 1614 3688 ille
1631 3632 1821 3688 homo?
1839 3631 1975 3687 Juda

2210 3650 2372 3706 ρησεν
2399 3635 2434 3705 ἡ
2464 3632 2638 3705 χώρα.
2672 3650 2691 3684 ι
2725 3631 2822 3696 Τίς
2849 3633 2878 3685 6
2914 3631 3236 3704 ἀνθρωπος;
3276 3633 3333 3686 '0
3368 3632 3593 3703 Ἰούδας,
3631 3635 3731 3689 καὶ

455 3737 509 3784 et
537 3730 632 3800 qui
656 3730 801 3785 sicut
835 3729 955 3801 ipse
982 3728 1135 3784 avari
1160 3736 1291 3787 sunt
1314 3734 1368 3783 et
1399 3737 1646 3783 amantes
1674 3727 1942 3797 pecuniae.

1857 3727 1942 3780 iae.
2134 3731 2186 3783 oi.
2214 3730 2333 3784 κατ’
2364 3727 2524 3782 αὑτὸν
2557 3725 2877 3781 πλεονέκται
2910 3726 3005 3779 καὶ
3029 3726 3378 3799 φιλάργυροι.

527 3843 665 3899 Anu
694 3842 757 3897 V.
799 3863 818 3895 ι
855 3840 933 3898 Ite
958 3842 1015 3897 in
1048 3842 1235 3897 vicum
1264 3842 1358 3911 qui
1386 3848 1578 3895 contra
1602 3854 1701 3896 vos
1720 3847 1830 3904 est,
1870 3848 1924 3895 et
1951 3840 2037 3893 in-

2218 3841 2411 3913 Ἐτέρα
2448 3838 2512 3895 ε’.
2546 3858 2567 3892 ι
2613 3837 2912 3892 Ἀπέλθατε
2951 3840 3032 3903 εἱς
3064 3838 3165 3910 τὴν
3205 3838 3467 3892 ἀπέναντι
3507 3840 3726 3912 κώμην,

453 3936 687 3991 venietis
711 3935 922 3989 asinam
955 3933 1229 4005 alligatam
1257 3940 1313 3987 et
1347 3933 1552 4002 pullum
1573 3932 1634 3987 ¹³.
1667 3951 1687 3985 ι
1719 3931 1822 3998 Qui
1844 3934 1974 3986 vicu

2209 3935 2232 3987 ὶ
2275 3933 2537 4005 εὑρήσετε
2590 3931 2711 3986 ὄνον
2753 3931 2849 3986 καὶ
2894 3931 3075 3985 πῶλον
3116 3931 3427 4003 δεδεμένην.
3484 3951 3506 3985 ι
3558 3934 3656 3998 Τίς
3694 3937 3730 4007 ἡ

457 4025 717 4091 Mundus;
753 4025 911 4078 asina
934 4040 1087 4091 vero,
1109 4023 1302 4091 Judaei;
1323 4025 1526 4093 pullus,
1548 4023 1869 4080 Christiani.
1893 4024 1977 4090 Qu

2208 4026 2345 4097 ipa};
2389 4027 2447 4080 '0
2493 4025 2719 4096 κόσμος.
2755 4027 2913 4089 ’Ὀνος
2948 4026 3007 4079 δὲ
3043 4026 3093 4078 oi
3134 4023 3411 4078 Ἰουδαῖοι·
3459 4025 3642 4091 πῶλος
3680 4031 3729 4081 οἱ

456 4117 677 4190 ligavit?
706 4116 944 4173 Mosaica
978 4116 1084 4171 lex.
1117 4116 1254 4183 Quis
1299 4116 1498 4171 solvit?
1535 4117 1813 4172 Christus.
1846 4115 1977 4170 Pullt

2208 4117 2476 4172 ata'rtavoi.
2512 4118 2570 4171 '0
2591 4117 2794 4188 δήσας;
2829 4117 3012 4188 Νόμος
3035 4117 3064 4169 6
3087 4116 3395 4180 Mwo'a‘t'xég.
3433 4116 3493 4169 '0
3522 4116 3729 4185 λύσαςς

454 4211 600 4266 enim
628 4219 711 4268 est
744 4211 906 4266 bruta
930 4210 1279 4266 ethnicorum
1310 4209 1763 4265 irrationabilitas
1791 4214 1848 4263 et
1883 4207 1971 4278 ign

2212 4211 2452 4281 Κριστός.
2491 4209 2676 4273 Πῶλος
2704 4210 2813 4283 γάρ
2854 4213 2974 4264 ἐστι
2997 4210 3107 4265 τῶν
3141 4210 3310 4265 ἐθνῶν
3342 4213 3375 4283 ή
3408 4211 3604 4281 ἀλογία
3634 4215 3733 4268 καὶ

455 4304 661 4359 rantia.

2137 4303 2171 4374 ἡ
2197 4303 2460 4371 ἀγνωσία.

522 4393 659 4446 Ama
692 4390 780 4446 Vl.
821 4408 838 4442 ι
875 4389 952 4447 lte
998 4391 1054 4446 in
1084 4391 1267 4446 vicum
1320 4390 1413 4460 qui
1462 4396 1656 4445 contra
1693 4403 1792 4444 vos
1839 4395 1924 4443 est
1969 4388 2037 4443 ad

2213 4393 2382 4465 Ἀλλη
2427 4399 2500 4459 ς’.
2537 4411 2556 4446 t
2602 4392 2899 4449 ’Δπέλθατε
2945 4393 3028 4457 είς
3070 4393 3169 4466 τὴν
3212 4397 3473 4451 ἀπέναντι
3527 4396 3731 4469 κώμην

457 4479 785 4549 quemdam,
837 4488 892 4535 et
933 4479 1099 4535 dicite
1136 4480 1185 4535 ei
1217 4499 1229 4535 :
1275 4479 1536 4549 Magister
1581 4479 1752 4542 dicit,
1789 4478 1946 4548 Apud

2212 4482 2274 4546 ὸς
2302 4482 2393 4538 τὸν
2436 4482 2602 4550 δεῖνα,
2638 4484 2732 4538 καὶ
2767 4482 2955 4537 εἴπατε
2982 4483 3130 4555 αὑτῷ
3152 4501 3167 4517 ·
3205 4484 3261 4539 '0
3287 4486 3617 4550 Διδάσκαλος
3643 4487 3733 4540 λέ-

380 4588 388 4596 '
456 4571 600 4625 facio
646 4569 855 4625 Pascha
906 4585 1031 4624 cum
1088 4570 1376 4639 discipulis
1425 4570 1560 4625 meis
1599 4571 1660 4623 “.
1701 4589 1720 4621 ι
1761 4568 1896 4635 Quae

2210 4592 2261 4628 ιο
2297 4576 2441 4646 Πρὸς
2495 4576 2557 4630 σὲ
2603 4576 2744 4630 ποιῶ
2788 4575 2850 4629 τὸ
2892 4576 3085 4647 Πάσχα
3136 4576 3272 4647 μετά
3313 4578 3421 4633 τῶν
3468 4580 3731 4651 μαθητῶν

454 4662 677 4717 civitas?
703 4660 974 4717 lnfernus.
1013 4661 1149 4728 Quis
1180 4662 1272 4715 ille
1292 4662 1560 4731 quidam?
1583 4662 1781 4716 Adam.
1816 4662 1863 4714 A
1892 4676 1975 4714 me

2206 4688 2269 4723 ιυ.
2307 4686 2326 4719 ι
2364 4669 2460 4732 Τίς
2500 4670 2535 4739 ή
2575 4668 2767 4735 πόλις;
2810 4669 2869 4723 '0
2912 4669 3065 4741 ᾅδης.
3105 4671 3162 4724 Ὀ
3202 4671 3382 4737 δεῖνα;
3420 4673 3478 4725 ὀ
3523 4672 3727 4744 Ἀδάμ’

456 4753 567 4806 tuis
595 4752 742 4806 enim
779 4751 956 4819 ipsum
990 4753 1334 4806 excitaturus
1360 4760 1499 4805 erat.

2137 4759 2331 4831 ἔμελλε
2364 4761 2474 4833 γάρ
2504 4762 2713 4833 ἐγεῖραι
2742 4762 2904 4817 αὐτὸν
2931 4763 2997 4817 ἐκ
3026 4762 3257 4834 νεκρῶν.

529 4843 663 4896 Αιιλ
704 4857 911 4906 ουκεςτ.
950 4840 1062 4896 Vll.
1101 4859 1120 4894 ι
1168 4840 1288 4896 Jam
1320 4857 1451 4896 vero
1489 4849 1543 4898 et
1591 4842 1805 4899 securis
1839 4844 1907 4899 ad
1946 4860 2039 4899 ar-

2218 4850 2417 4922 Ἑτέρα
2461 4850 2623 4923 ὲρώτ.
2654 4852 2722 4916 ζ’.
2753 4870 2773 4905 ι
2813 4853 2951 4923 Ἤδη
2994 4853 3051 4907 δὲ
3076 4856 3173 4907 καὶ
3202 4855 3235 4924 ἡ
3270 4852 3426 4925 ἀξίνη
3456 4854 3597 4926 πρὸς
3629 4858 3731 4929 τὴν

456 4936 652 4991 borum
693 4935 930 4989 radicem
963 4943 1047 4990 est
1075 4935 1255 5005 posita
1277 4936 1344 4987 ³⁸.
1389 4954 1409 4987 ι

2143 4940 2303 5013 ῥίζαν
2329 4941 2438 4995 τῶν
2460 4943 2693 5016 δένδρων
2720 4947 2913 4999 κεῖται.
2955 4964 2974 4997 ι

532 5027 692 5085 Rssr.
723 5027 901 5082 Radix
930 5036 1015 5084 est
1059 5028 1195 5084 ﬁdes
1228 5047 1242 5083 :
1285 5026 1489 5093 arbor,
1531 5026 1695 5083 homo
1725 5047 1739 5083 :
1796 5030 2034 5096 securis,

2222 5033 2412 5087 Ἀπόκ.
2449 5035 2601 5101 Ῥίζα
2641 5037 2788 5092 ἐστὶν
2814 5040 2847 5109 ὴ
2877 5038 3060 5102 πίστις
3079 5056 3093 5069 ·
3113 5038 3176 5091 τὸ
3205 5037 3442 5111 δένδρον,
3469 5041 3499 5094 6
3525 5041 3736 5116 ἀνθρώ·

459 5122 585 5177 ﬂuis
612 5121 875 5176 hominis.

2140 5142 2244 5190 πος
2262 5143 2277 5158 ·
2308 5128 2342 5196 ἡ
2366 5126 2545 5199 ἀξίνη,
2575 5128 2637 5181 τὸ
2665 5129 2760 5182 τοῦ
2783 5129 3072 5201 ἀνθρώπου
3091 5130 3260 5195 τέλος.

527 5210 663 5266 Ama
697 5210 833 5267 Vili.
874 5232 893 5265 ι
936 5210 1111 5267 Homo
1153 5211 1377 5283 quidam
1409 5210 1636 5266 domum
1674 5227 1829 5267 suam
1863 5212 2039 5269 aediﬁ-

2223 5219 2420 5290 Ἑτέρα
2447 5220 2516 5291 η’.
2548 5239 2567 5273 ι
2604 5221 2923 5292 ’Ἄνθρωπός
2952 5238 3038 5286 τις
3068 5221 3385 5294 ᾠκοδόμησε
3410 5222 3514 5296 τὴν
3546 5224 3730 5278 οίκίαν

459 5305 604 5359 cavit
638 5319 807 5375 supra
846 5312 1053 5374 petram
1080 5304 1144 5360 ι’.
1183 5323 1203 5358 ι
1234 5303 1373 5371 Quis
1418 5304 1510 5360 ille
1556 5305 1757 5361 homo?
1799 5304 1980 5361 Sancti

2206 5310 2307 5365 ›τοῠ
2334 5312 2429 5366 ἐπὶ
2460 5312 2559 5384 τὴν
2599 5313 2827 5384 πέτραν.
2863 5332 2885 5366 ι
2921 5314 3017 5378 Τίς
3050 5316 3081 5369 6
3115 5313 3435 5386 ἄνθρωπος
3478 5316 3538 5369 '0
3573 5316 3727 5385 ἀγιος

460 5395 679 5462 Petrus;
707 5405 880 5467 petra,
904 5395 1179 5464 Christus;
1203 5395 1399 5452 domus
1418 5436 1434 5462 ,
1466 5396 1631 5464 lldes;
1651 5405 1880 5463 ventus,
1911 5398 1981 5452 di:

2208 5402 2375 5475 ἱτροςο
2395 5402 2590 5479 πέτρα,
2639 5408 2669 5462 6
2701 5405 2967 5479 Χριστόςθ
2992 5405 3159 5474 οἰκία,
3198 5407 3233 5478 ὴ
3260 5406 3442 5471 πίστις
3462 5422 3480 5440 ·
3527 5408 3729 5478 ἄνεμος

571 5510 596 5591 ξ
632 5508 799 5591 Marc.
835 5525 925 5574 xi,
962 5510 1044 5591 ῆι
1097 5512 1140 5591 ις
1164 5486 1541 5591 δΜυιίίιιμνιιι
1576 5553 1589 5577 ,
1625 5513 1838 5591 2'5.__“
1880 5513 2070 5591 Matth.
2107 5532 2237 5591 xxx.
2269 5517 2340 5573 28
2363 5560 2376 5574 .
2412 5518 2504 5577 29.
2584 5524 2628 5561 υ
2666 5521 2802 5580 Luc.
2836 5538 2952 5591 xu,
2984 5521 3074 5579 ‘16.
3156 5521 3200 5557 “
3238 5520 3433 5579 Matth.
3470 5538 3590 5591 xxx,
3627 5522 3728 5585 20.

463 5579 512 5612 ¹⁵
548 5577 739 5634 Matth.
780 5596 941 5646 xxvt,
982 5581 1078 5647 18,
1116 5582 1202 5638 19.
1281 5584 1324 5615 ³⁵
1365 5583 1557 5638 Matth.
1593 5600 1689 5647 Ill,
1727 5585 1815 5639 10.
1893 5588 1939 5619 ¹⁶
1979 5586 1984 5639 l

926 5622 941 5646 ,
982 5581 1078 5647 18,
1116 5582 1202 5638 19.
1281 5584 1324 5615 ³⁵
1365 5583 1557 5638 Matth.
1593 5600 1689 5647 Ill,
1727 5585 1815 5639 10.
1893 5588 1939 5619 ¹⁶
1979 5585 2172 5641 Matth.
2207 5577 2442 5654 vin-24.

536 5691 676 5764 (80‘)
704 5694 799 5759 Τίς
823 5697 855 5747 ό
880 5694 950 5749 τὰ
976 5694 1190 5751 ἕκατον
1212 5695 1480 5767 δηνάρια.
1526 5697 1729 5770 Supple
1754 5701 2003 5771 ὀφείλων.
2032 5700 2057 5754 Ε

943 5712 950 5748 ι
976 5694 1190 5751 ἕκατον
1212 5695 1480 5767 δηνάρια.
1526 5697 1729 5770 Supple
1754 5701 2003 5771 ὀφείλων.
2032 5700 2187 5759 Enn.
2223 5701 2464 5761 PunoL.
