  <div class='ocr_page' id='page_1' title='image "/cluster/home/n/w/nwhite01/storage/ocr_20150623/28/nnc1.0046978690/396.png"; bbox 0 0 3852 6192; ppageno 0'>
   <div class='ocr_carea' id='block_1_1' title="bbox 119 368 1705 439">
    <p class='ocr_par' dir='ltr' id='par_1_1' title="bbox 119 371 1705 439">
     <span class='ocr_line' id='line_1_1' title="bbox 119 371 1705 439; baseline -0.007 -2"><span class='ocrx_word' id='word_1_1' title='bbox 119 383 221 437; x_wconf 76' lang='grc'><strong>715</strong></span> <span class='ocrx_word' id='word_1_2' title='bbox 1475 371 1705 439; x_wconf 63' lang='grc' dir='ltr'><strong>ρυλεει</strong></span> 
     </span>
    </p>
   </div>
   <div class='ocr_carea' id='block_1_2' title="bbox 1820 368 3354 439">
    <p class='ocr_par' dir='ltr' id='par_1_2' title="bbox 1820 368 3354 427">
     <span class='ocr_line' id='line_1_2' title="bbox 1820 368 3354 427; baseline 0.001 -3"><span class='ocrx_word' id='word_1_3' title='bbox 1820 369 1931 426; x_wconf 49' lang='lat' dir='ltr'><strong>{ES</strong></span> <span class='ocrx_word' id='word_1_4' title='bbox 1965 369 2030 424; x_wconf 82' lang='grc' dir='ltr'>ΙΝ</span> <span class='ocrx_word' id='word_1_5' title='bbox 2070 368 2134 423; x_wconf 80' lang='grc' dir='ltr'><strong>Ν.</strong></span> <span class='ocrx_word' id='word_1_6' title='bbox 2179 369 2240 423; x_wconf 87' lang='grc' dir='ltr'><strong>τ.</strong></span> <span class='ocrx_word' id='word_1_7' title='bbox 3253 373 3354 427; x_wconf 77' lang='lat' dir='ltr'><strong>7H</strong></span> 
     </span>
    </p>
   </div>
   <div class='ocr_carea' id='block_1_3' title="bbox 114 483 1705 562">
    <p class='ocr_par' dir='ltr' id='par_1_3' title="bbox 114 488 1690 562">
     <span class='ocr_line' id='line_1_3' title="bbox 114 488 1690 562; baseline -0.007 -10"><span class='ocrx_word' id='word_1_8' title='bbox 114 501 144 552; x_wconf 88' lang='lat'><strong>6</strong></span> <span class='ocrx_word' id='word_1_9' title='bbox 176 492 443 557; x_wconf 86' lang='grc' dir='ltr'><strong>διάϐολος.</strong></span> <span class='ocrx_word' id='word_1_10' title='bbox 479 492 538 546; x_wconf 92' lang='lat'><strong>&#39;0</strong></span> <span class='ocrx_word' id='word_1_11' title='bbox 569 492 627 545; x_wconf 73' lang='grc' dir='ltr'><strong>δὲ</strong></span> <span class='ocrx_word' id='word_1_12' title='bbox 664 493 759 544; x_wconf 73' lang='grc' dir='ltr'><strong>ἐπὶ</strong></span> <span class='ocrx_word' id='word_1_13' title='bbox 801 491 900 562; x_wconf 85' lang='grc' dir='ltr'><strong>τὴν</strong></span> <span class='ocrx_word' id='word_1_14' title='bbox 942 491 1125 561; x_wconf 74' lang='grc' dir='ltr'><strong>ἄμμον</strong></span> <span class='ocrx_word' id='word_1_15' title='bbox 1161 489 1520 560; x_wconf 77' lang='grc' dir='ltr'><strong>οἰκοδομήσας</strong></span> <span class='ocrx_word' id='word_1_16' title='bbox 1559 488 1690 542; x_wconf 83' lang='grc' dir='ltr'><strong>Ἰού-</strong></span> 
     </span>
    </p>
   </div>
   <div class='ocr_carea' id='block_1_4' title="bbox 1820 483 3358 562">
    <p class='ocr_par' dir='ltr' id='par_1_4' title="bbox 1820 483 3358 556">
     <span class='ocr_line' id='line_1_4' title="bbox 1820 483 3358 556; baseline 0.004 -17"><span class='ocrx_word' id='word_1_17' title='bbox 1820 487 1952 542; x_wconf 78' lang='grc' dir='ltr'><strong>ιοΙιιε</strong></span> <span class='ocrx_word' id='word_1_18' title='bbox 1971 491 2073 542; x_wconf 87' lang='grc' dir='ltr'><strong>εει.</strong></span> <span class='ocrx_word' id='word_1_19' title='bbox 2106 483 2211 552; x_wconf 86' lang='lat' dir='ltr'><strong>Qui</strong></span> <span class='ocrx_word' id='word_1_20' title='bbox 2241 499 2370 540; x_wconf 88' lang='lat' dir='ltr'><strong>vero</strong></span> <span class='ocrx_word' id='word_1_21' title='bbox 2399 498 2564 556; x_wconf 83' lang='lat' dir='ltr'><strong>super</strong></span> <span class='ocrx_word' id='word_1_22' title='bbox 2585 499 2806 539; x_wconf 84' lang='lat' dir='ltr'><strong>arenam</strong></span> <span class='ocrx_word' id='word_1_23' title='bbox 2841 485 3149 553; x_wconf 68' lang='lat' dir='ltr'><strong>aediﬁcavit,</strong></span> <span class='ocrx_word' id='word_1_24' title='bbox 3187 487 3358 545; x_wconf 77' lang='lat' dir='ltr'><strong>Judas</strong></span> 
     </span>
    </p>
   </div>
   <div class='ocr_carea' id='block_1_5' title="bbox 114 577 1705 656">
    <p class='ocr_par' dir='ltr' id='par_1_5' title="bbox 114 582 1132 656">
     <span class='ocr_line' id='line_1_5' title="bbox 114 582 1132 656; baseline -0.008 -14"><span class='ocrx_word' id='word_1_25' title='bbox 114 590 243 652; x_wconf 87' lang='grc' dir='ltr'><strong>δας·</strong></span> <span class='ocrx_word' id='word_1_26' title='bbox 281 585 464 656; x_wconf 78' lang='grc' dir='ltr'><strong>ἅμμος</strong></span> <span class='ocrx_word' id='word_1_27' title='bbox 496 583 604 656; x_wconf 91' lang='grc' dir='ltr'><strong>γάρ</strong></span> <span class='ocrx_word' id='word_1_28' title='bbox 637 584 784 636; x_wconf 81' lang='grc' dir='ltr'><strong>ἐστιν</strong></span> <span class='ocrx_word' id='word_1_29' title='bbox 808 585 842 654; x_wconf 84' lang='grc' dir='ltr'><strong>ή</strong></span> <span class='ocrx_word' id='word_1_30' title='bbox 866 582 1132 654; x_wconf 82' lang='grc' dir='ltr'><strong>ἀκαρπία.</strong></span> 
     </span>
    </p>
   </div>
   <div class='ocr_carea' id='block_1_6' title="bbox 1820 577 2831 656">
    <p class='ocr_par' dir='ltr' id='par_1_6' title="bbox 1820 577 2831 648">
     <span class='ocr_line' id='line_1_6' title="bbox 1820 577 2831 648; baseline -0.002 -14"><span class='ocrx_word' id='word_1_31' title='bbox 1820 587 1904 645; x_wconf 63' lang='lat' dir='ltr'><strong>rst;</strong></span> <span class='ocrx_word' id='word_1_32' title='bbox 1935 592 2100 634; x_wconf 80' lang='lat' dir='ltr'><strong>arena</strong></span> <span class='ocrx_word' id='word_1_33' title='bbox 2133 577 2402 648; x_wconf 85' lang='lat' dir='ltr'><strong>siquidem</strong></span> <span class='ocrx_word' id='word_1_34' title='bbox 2425 584 2510 631; x_wconf 91' lang='grc' dir='ltr'><strong>εει</strong></span> <span class='ocrx_word' id='word_1_35' title='bbox 2548 578 2831 632; x_wconf 87' lang='lat' dir='ltr'><strong>sterilitas.</strong></span> 
     </span>
    </p>
   </div>
   <div class='ocr_carea' id='block_1_7' title="bbox 191 669 1705 746">
    <p class='ocr_par' dir='ltr' id='par_1_7' title="bbox 191 670 1694 746">
     <span class='ocr_line' id='line_1_7' title="bbox 191 670 1694 746; baseline -0.006 -15"><span class='ocrx_word' id='word_1_36' title='bbox 191 677 363 746; x_wconf 79' lang='grc' dir='ltr'><strong>’Δλλη</strong></span> <span class='ocrx_word' id='word_1_37' title='bbox 389 676 454 730; x_wconf 89' lang='grc' dir='ltr'><strong>θ’.</strong></span> <span class='ocrx_word' id='word_1_38' title='bbox 486 695 506 728; x_wconf 82' lang='grc' dir='ltr'><strong>ι</strong></span> <span class='ocrx_word' id='word_1_39' title='bbox 551 673 819 746; x_wconf 77' lang='grc' dir='ltr'><strong>Ὡμοιώθη</strong></span> <span class='ocrx_word' id='word_1_40' title='bbox 849 675 881 744; x_wconf 89' lang='grc' dir='ltr'><strong>ή</strong></span> <span class='ocrx_word' id='word_1_41' title='bbox 911 673 1154 744; x_wconf 89' lang='grc' dir='ltr'><strong>βασιλεία</strong></span> <span class='ocrx_word' id='word_1_42' title='bbox 1182 671 1290 726; x_wconf 82' lang='grc' dir='ltr'><strong>τῶν</strong></span> <span class='ocrx_word' id='word_1_43' title='bbox 1325 671 1567 744; x_wconf 82' lang='grc' dir='ltr'><strong>οὐρανῶν</strong></span> <span class='ocrx_word' id='word_1_44' title='bbox 1601 670 1694 724; x_wconf 86' lang='grc' dir='ltr'><strong>ἀν-</strong></span> 
     </span>
    </p>
   </div>
   <div class='ocr_carea' id='block_1_8' title="bbox 1820 669 3358 746">
    <p class='ocr_par' dir='ltr' id='par_1_8' title="bbox 1854 669 3358 742">
     <span class='ocr_line' id='line_1_8' title="bbox 1854 669 3358 742; baseline 0.003 -17"><span class='ocrx_word' id='word_1_45' title='bbox 1854 673 1991 726; x_wconf 73' lang='grc' dir='ltr'><strong>ΑιιΑ</strong></span> <span class='ocrx_word' id='word_1_46' title='bbox 2023 670 2116 728; x_wconf 80' lang='lat' dir='ltr'><strong>IX.</strong></span> <span class='ocrx_word' id='word_1_47' title='bbox 2161 689 2181 723; x_wconf 79' lang='grc' dir='ltr'><strong>ι</strong></span> <span class='ocrx_word' id='word_1_48' title='bbox 2243 669 2430 725; x_wconf 85' lang='lat' dir='ltr'><strong>Simile</strong></span> <span class='ocrx_word' id='word_1_49' title='bbox 2469 670 2670 724; x_wconf 82' lang='lat' dir='ltr'><strong>factum</strong></span> <span class='ocrx_word' id='word_1_50' title='bbox 2712 678 2796 726; x_wconf 90' lang='lat' dir='ltr'><strong>est</strong></span> <span class='ocrx_word' id='word_1_51' title='bbox 2831 686 3056 742; x_wconf 84' lang='lat' dir='ltr'><strong>regnum</strong></span> <span class='ocrx_word' id='word_1_52' title='bbox 3094 685 3358 728; x_wconf 65' lang='lat' dir='ltr'><strong>caelorum</strong></span> 
     </span>
    </p>
   </div>
   <div class='ocr_carea' id='block_1_9' title="bbox 118 762 1705 843">
    <p class='ocr_par' dir='ltr' id='par_1_9' title="bbox 118 762 1694 843">
     <span class='ocr_line' id='line_1_9' title="bbox 118 762 1694 843; baseline -0.006 -19"><span class='ocrx_word' id='word_1_53' title='bbox 118 771 322 843; x_wconf 85' lang='grc' dir='ltr'><strong>θρὼπῳ</strong></span> <span class='ocrx_word' id='word_1_54' title='bbox 351 768 577 841; x_wconf 88' lang='grc' dir='ltr'><strong>βασιλεῖ,</strong></span> <span class='ocrx_word' id='word_1_55' title='bbox 619 769 766 829; x_wconf 82' lang='grc' dir='ltr'><strong>ὅστις</strong></span> <span class='ocrx_word' id='word_1_56' title='bbox 805 766 1025 836; x_wconf 77' lang='grc' dir='ltr'><strong>εποίησε</strong></span> <span class='ocrx_word' id='word_1_57' title='bbox 1075 767 1288 836; x_wconf 85' lang='grc' dir='ltr'><strong>γάμους</strong></span> <span class='ocrx_word' id='word_1_58' title='bbox 1336 763 1414 834; x_wconf 82' lang='grc' dir='ltr'><strong>τῷ</strong></span> <span class='ocrx_word' id='word_1_59' title='bbox 1455 762 1554 833; x_wconf 83' lang='grc' dir='ltr'><strong>υἱῷ</strong></span> <span class='ocrx_word' id='word_1_60' title='bbox 1599 763 1694 816; x_wconf 84' lang='grc' dir='ltr'><strong>αύ-</strong></span> 
     </span>
    </p>
   </div>
   <div class='ocr_carea' id='block_1_10' title="bbox 1820 762 3354 843">
    <p class='ocr_par' dir='ltr' id='par_1_10' title="bbox 1820 762 3354 832">
     <span class='ocr_line' id='line_1_10' title="bbox 1820 762 3354 832; baseline 0 -17"><span class='ocrx_word' id='word_1_61' title='bbox 1820 763 1999 816; x_wconf 77' lang='grc' dir='ltr'><strong>ιοιιιίιιί</strong></span> <span class='ocrx_word' id='word_1_62' title='bbox 2036 763 2188 832; x_wconf 91' lang='lat' dir='ltr'><strong>regi,</strong></span> <span class='ocrx_word' id='word_1_63' title='bbox 2231 763 2325 832; x_wconf 94' lang='lat' dir='ltr'><strong>qui</strong></span> <span class='ocrx_word' id='word_1_64' title='bbox 2369 762 2589 830; x_wconf 76' lang='lat' dir='ltr'><strong>nuptias</strong></span> <span class='ocrx_word' id='word_1_65' title='bbox 2631 762 2911 831; x_wconf 76' lang='lat' dir='ltr'><strong>apparavit</strong></span> <span class='ocrx_word' id='word_1_66' title='bbox 2947 763 3058 817; x_wconf 79' lang='lat' dir='ltr'><strong>lilio</strong></span> <span class='ocrx_word' id='word_1_67' title='bbox 3105 779 3206 821; x_wconf 88' lang='lat' dir='ltr'><strong>suo</strong></span> <span class='ocrx_word' id='word_1_68' title='bbox 3240 765 3305 818; x_wconf 85' lang='lat'><strong>&quot;.</strong></span> <span class='ocrx_word' id='word_1_69' title='bbox 3335 782 3354 814; x_wconf 78' lang='grc' dir='ltr'><strong>ι</strong></span> 
     </span>
    </p>
   </div>
   <div class='ocr_carea' id='block_1_11' title="bbox 115 853 1705 930">
    <p class='ocr_par' dir='ltr' id='par_1_11' title="bbox 115 857 1693 930">
     <span class='ocr_line' id='line_1_11' title="bbox 115 857 1693 930; baseline -0.006 -13"><span class='ocrx_word' id='word_1_70' title='bbox 115 863 233 917; x_wconf 83' lang='grc' dir='ltr'><strong>τοῦ.</strong></span> <span class='ocrx_word' id='word_1_71' title='bbox 293 882 313 915; x_wconf 71' lang='grc' dir='ltr'><strong>ι</strong></span> <span class='ocrx_word' id='word_1_72' title='bbox 371 862 466 926; x_wconf 91' lang='grc' dir='ltr'><strong>Τίς</strong></span> <span class='ocrx_word' id='word_1_73' title='bbox 497 863 525 914; x_wconf 97' lang='lat'><strong>6</strong></span> <span class='ocrx_word' id='word_1_74' title='bbox 568 859 818 930; x_wconf 85' lang='grc' dir='ltr'><strong>βασιλεύς</strong></span> <span class='ocrx_word' id='word_1_75' title='bbox 843 861 905 923; x_wconf 89' lang='grc' dir='ltr'><strong>;ό</strong></span> <span class='ocrx_word' id='word_1_76' title='bbox 931 857 1081 922; x_wconf 86' lang='grc' dir='ltr'><strong>Θεὸς.</strong></span> <span class='ocrx_word' id='word_1_77' title='bbox 1119 858 1214 920; x_wconf 88' lang='grc' dir='ltr'><strong>Τίς</strong></span> <span class='ocrx_word' id='word_1_78' title='bbox 1259 858 1288 910; x_wconf 94' lang='lat'><strong>6</strong></span> <span class='ocrx_word' id='word_1_79' title='bbox 1330 857 1471 922; x_wconf 87' lang='grc' dir='ltr'><strong>υἱός;</strong></span> <span class='ocrx_word' id='word_1_80' title='bbox 1504 857 1532 908; x_wconf 97' lang='lat'><strong>6</strong></span> <span class='ocrx_word' id='word_1_81' title='bbox 1556 857 1693 927; x_wconf 84' lang='grc' dir='ltr'><strong>Χρι-</strong></span> 
     </span>
    </p>
   </div>
   <div class='ocr_carea' id='block_1_12' title="bbox 1820 853 3362 930">
    <p class='ocr_par' dir='ltr' id='par_1_12' title="bbox 1820 853 3362 922">
     <span class='ocr_line' id='line_1_12' title="bbox 1820 853 3362 922; baseline 0.001 -13"><span class='ocrx_word' id='word_1_82' title='bbox 1820 854 1928 920; x_wconf 57' lang='lat' dir='ltr'><strong>Quis</strong></span> <span class='ocrx_word' id='word_1_83' title='bbox 1960 855 2050 910; x_wconf 90' lang='lat' dir='ltr'><strong>ille</strong></span> <span class='ocrx_word' id='word_1_84' title='bbox 2078 856 2208 909; x_wconf 91' lang='lat' dir='ltr'><strong>rex?</strong></span> <span class='ocrx_word' id='word_1_85' title='bbox 2246 854 2408 909; x_wconf 88' lang='lat' dir='ltr'><strong>Deus.</strong></span> <span class='ocrx_word' id='word_1_86' title='bbox 2443 853 2576 920; x_wconf 82' lang='lat' dir='ltr'><strong>Quis</strong></span> <span class='ocrx_word' id='word_1_87' title='bbox 2605 855 2786 908; x_wconf 85' lang='lat' dir='ltr'><strong>lilius?</strong></span> <span class='ocrx_word' id='word_1_88' title='bbox 2813 854 3086 911; x_wconf 77' lang='lat' dir='ltr'><strong>Christus.</strong></span> <span class='ocrx_word' id='word_1_89' title='bbox 3125 855 3362 922; x_wconf 84' lang='lat' dir='ltr'><strong>Quinam</strong></span> 
     </span>
    </p>
   </div>
   <div class='ocr_carea' id='block_1_13' title="bbox 120 945 1705 1022">
    <p class='ocr_par' dir='ltr' id='par_1_13' title="bbox 120 947 1689 1022">
     <span class='ocr_line' id='line_1_13' title="bbox 120 947 1689 1022; baseline -0.003 -16"><span class='ocrx_word' id='word_1_90' title='bbox 120 955 262 1018; x_wconf 88' lang='grc' dir='ltr'><strong>στός.</strong></span> <span class='ocrx_word' id='word_1_91' title='bbox 293 954 449 1016; x_wconf 86' lang='grc' dir='ltr'><strong>Τίνες</strong></span> <span class='ocrx_word' id='word_1_92' title='bbox 488 953 537 1005; x_wconf 86' lang='grc' dir='ltr'><strong>οί</strong></span> <span class='ocrx_word' id='word_1_93' title='bbox 563 949 920 1022; x_wconf 75' lang='grc' dir='ltr'><strong>κεκλημένοις</strong></span> <span class='ocrx_word' id='word_1_94' title='bbox 958 950 1230 1020; x_wconf 86' lang='grc' dir='ltr'><strong>προφῆται</strong></span> <span class='ocrx_word' id='word_1_95' title='bbox 1261 948 1356 1002; x_wconf 75' lang='grc' dir='ltr'><strong>καὶ</strong></span> <span class='ocrx_word' id='word_1_96' title='bbox 1385 947 1689 1002; x_wconf 84' lang='grc' dir='ltr'><strong>ἀπόστολοι.</strong></span> 
     </span>
    </p>
   </div>
   <div class='ocr_carea' id='block_1_14' title="bbox 1820 945 3363 1022">
    <p class='ocr_par' dir='ltr' id='par_1_14' title="bbox 1820 945 3363 1016">
     <span class='ocr_line' id='line_1_14' title="bbox 1820 945 3363 1016; baseline 0.004 -20"><span class='ocrx_word' id='word_1_97' title='bbox 1820 954 1952 1000; x_wconf 71' lang='lat' dir='ltr'><strong>:rant</strong></span> <span class='ocrx_word' id='word_1_98' title='bbox 1981 947 2202 1000; x_wconf 82' lang='lat' dir='ltr'><strong>vocati?</strong></span> <span class='ocrx_word' id='word_1_99' title='bbox 2237 945 2512 1016; x_wconf 58' lang='lat' dir='ltr'><strong>prophetae</strong></span> <span class='ocrx_word' id='word_1_100' title='bbox 2541 953 2595 1000; x_wconf 90' lang='lat' dir='ltr'><strong>et</strong></span> <span class='ocrx_word' id='word_1_101' title='bbox 2624 946 2876 1016; x_wconf 88' lang='lat' dir='ltr'><strong>apostoli.</strong></span> <span class='ocrx_word' id='word_1_102' title='bbox 2900 945 3135 1012; x_wconf 85' lang='lat' dir='ltr'><strong>Quinam</strong></span> <span class='ocrx_word' id='word_1_103' title='bbox 3160 948 3363 1010; x_wconf 80' lang='lat' dir='ltr'><strong>abnue-</strong></span> 
     </span>
    </p>
   </div>
   <div class='ocr_carea' id='block_1_15' title="bbox 119 1035 1705 1112">
    <p class='ocr_par' dir='ltr' id='par_1_15' title="bbox 119 1035 1697 1112">
     <span class='ocr_line' id='line_1_15' title="bbox 119 1035 1697 1112; baseline -0.007 -14"><span class='ocrx_word' id='word_1_104' title='bbox 119 1046 278 1107; x_wconf 88' lang='grc' dir='ltr'><strong>Τίνες</strong></span> <span class='ocrx_word' id='word_1_105' title='bbox 314 1045 363 1096; x_wconf 82' lang='grc' dir='ltr'><strong>οἱ</strong></span> <span class='ocrx_word' id='word_1_106' title='bbox 410 1042 846 1112; x_wconf 83' lang='grc' dir='ltr'><strong>ἀπαιτήσαντες;</strong></span> <span class='ocrx_word' id='word_1_107' title='bbox 883 1041 931 1092; x_wconf 88' lang='grc' dir='ltr'><strong>οἱ</strong></span> <span class='ocrx_word' id='word_1_108' title='bbox 993 1038 1252 1090; x_wconf 85' lang='grc' dir='ltr'><strong>Ἰουδαῖοι.</strong></span> <span class='ocrx_word' id='word_1_109' title='bbox 1304 1035 1457 1099; x_wconf 86' lang='grc' dir='ltr'><strong>Τίνες</strong></span> <span class='ocrx_word' id='word_1_110' title='bbox 1496 1037 1544 1088; x_wconf 86' lang='grc' dir='ltr'><strong>οί</strong></span> <span class='ocrx_word' id='word_1_111' title='bbox 1591 1051 1697 1088; x_wconf 87' lang='grc' dir='ltr'><strong>πα-</strong></span> 
     </span>
    </p>
   </div>
   <div class='ocr_carea' id='block_1_16' title="bbox 1820 1035 3362 1112">
    <p class='ocr_par' dir='ltr' id='par_1_16' title="bbox 1820 1037 3362 1110">
     <span class='ocr_line' id='line_1_16' title="bbox 1820 1037 3362 1110; baseline 0.003 -19"><span class='ocrx_word' id='word_1_112' title='bbox 1820 1039 1959 1093; x_wconf 72' lang='lat' dir='ltr'><strong>iant?</strong></span> <span class='ocrx_word' id='word_1_113' title='bbox 1987 1038 2175 1093; x_wconf 66' lang='lat' dir='ltr'><strong>Iudaei.</strong></span> <span class='ocrx_word' id='word_1_114' title='bbox 2210 1037 2315 1104; x_wconf 88' lang='lat' dir='ltr'><strong>Qui</strong></span> <span class='ocrx_word' id='word_1_115' title='bbox 2347 1053 2478 1094; x_wconf 87' lang='lat' dir='ltr'><strong>vero</strong></span> <span class='ocrx_word' id='word_1_116' title='bbox 2514 1038 2812 1094; x_wconf 88' lang='lat' dir='ltr'><strong>venerunt?</strong></span> <span class='ocrx_word' id='word_1_117' title='bbox 2860 1039 2917 1093; x_wconf 92' lang='lat' dir='ltr'><strong>hi</strong></span> <span class='ocrx_word' id='word_1_118' title='bbox 2955 1038 3051 1110; x_wconf 87' lang='lat' dir='ltr'><strong>qui</strong></span> <span class='ocrx_word' id='word_1_119' title='bbox 3099 1046 3257 1094; x_wconf 91' lang='lat' dir='ltr'><strong>erant</strong></span> <span class='ocrx_word' id='word_1_120' title='bbox 3295 1055 3362 1095; x_wconf 85' lang='lat' dir='ltr'><strong>ex</strong></span> 
     </span>
    </p>
   </div>
   <div class='ocr_carea' id='block_1_17' title="bbox 121 1127 1705 1209">
    <p class='ocr_par' dir='ltr' id='par_1_17' title="bbox 121 1127 1696 1209">
     <span class='ocr_line' id='line_1_17' title="bbox 121 1127 1696 1209; baseline -0.008 -19"><span class='ocrx_word' id='word_1_121' title='bbox 121 1134 504 1209; x_wconf 79' lang='grc' dir='ltr'><strong>ραγενόμενοι;</strong></span> <span class='ocrx_word' id='word_1_122' title='bbox 533 1133 581 1184; x_wconf 79' lang='grc' dir='ltr'><strong>οἱ</strong></span> <span class='ocrx_word' id='word_1_123' title='bbox 612 1130 671 1195; x_wconf 83' lang='grc' dir='ltr'>ἐξ</span> <span class='ocrx_word' id='word_1_124' title='bbox 715 1129 903 1184; x_wconf 73' lang='grc' dir='ltr'><strong>ἐθνῶν.</strong></span> <span class='ocrx_word' id='word_1_125' title='bbox 930 1129 1022 1191; x_wconf 89' lang='grc' dir='ltr'><strong>Τίς</strong></span> <span class='ocrx_word' id='word_1_126' title='bbox 1049 1131 1077 1182; x_wconf 92' lang='lat'><strong>6</strong></span> <span class='ocrx_word' id='word_1_127' title='bbox 1109 1129 1182 1200; x_wconf 80' lang='grc' dir='ltr'><strong>μὴ</strong></span> <span class='ocrx_word' id='word_1_128' title='bbox 1213 1128 1349 1198; x_wconf 76' lang='grc' dir='ltr'>ἔχων</span> <span class='ocrx_word' id='word_1_129' title='bbox 1371 1127 1571 1198; x_wconf 76' lang='grc' dir='ltr'><strong>ἔνδυμα</strong></span> <span class='ocrx_word' id='word_1_130' title='bbox 1595 1127 1696 1195; x_wconf 82' lang='grc' dir='ltr'><strong>γά-</strong></span> 
     </span>
    </p>
   </div>
   <div class='ocr_carea' id='block_1_18' title="bbox 1820 1127 3366 1209">
    <p class='ocr_par' dir='ltr' id='par_1_18' title="bbox 1820 1127 3366 1198">
     <span class='ocr_line' id='line_1_18' title="bbox 1820 1127 3366 1198; baseline 0.001 -17"><span class='ocrx_word' id='word_1_131' title='bbox 1820 1127 2069 1196; x_wconf 72' lang='lat' dir='ltr'><strong>;cntibus.</strong></span> <span class='ocrx_word' id='word_1_132' title='bbox 2129 1127 2265 1194; x_wconf 91' lang='lat' dir='ltr'><strong>Quis</strong></span> <span class='ocrx_word' id='word_1_133' title='bbox 2305 1145 2418 1183; x_wconf 86' lang='lat' dir='ltr'><strong>non</strong></span> <span class='ocrx_word' id='word_1_134' title='bbox 2472 1129 2704 1184; x_wconf 85' lang='lat' dir='ltr'><strong>habebat</strong></span> <span class='ocrx_word' id='word_1_135' title='bbox 2757 1130 3056 1198; x_wconf 87' lang='lat' dir='ltr'><strong>nuptialem</strong></span> <span class='ocrx_word' id='word_1_136' title='bbox 3121 1131 3366 1187; x_wconf 84' lang='lat' dir='ltr'><strong>vestem?</strong></span> 
     </span>
    </p>
   </div>
   <div class='ocr_carea' id='block_1_19' title="bbox 121 1216 1705 1296">
    <p class='ocr_par' dir='ltr' id='par_1_19' title="bbox 121 1217 1694 1296">
     <span class='ocr_line' id='line_1_19' title="bbox 121 1217 1694 1296; baseline -0.006 -18"><span class='ocrx_word' id='word_1_137' title='bbox 121 1241 263 1296; x_wconf 85' lang='grc' dir='ltr'><strong>μου;</strong></span> <span class='ocrx_word' id='word_1_138' title='bbox 321 1227 350 1277; x_wconf 94' lang='lat'><strong>6</strong></span> <span class='ocrx_word' id='word_1_139' title='bbox 405 1221 625 1284; x_wconf 77' lang='grc' dir='ltr'><strong>Ἰούδας,</strong></span> <span class='ocrx_word' id='word_1_140' title='bbox 656 1221 749 1275; x_wconf 76' lang='grc' dir='ltr'><strong>καὶ</strong></span> <span class='ocrx_word' id='word_1_141' title='bbox 780 1222 830 1274; x_wconf 79' lang='grc' dir='ltr'><strong>οἱ</strong></span> <span class='ocrx_word' id='word_1_142' title='bbox 871 1220 988 1274; x_wconf 86' lang='grc' dir='ltr'><strong>κατ’</strong></span> <span class='ocrx_word' id='word_1_143' title='bbox 1016 1219 1176 1274; x_wconf 76' lang='grc' dir='ltr'><strong>αὑτὸν</strong></span> <span class='ocrx_word' id='word_1_144' title='bbox 1217 1217 1449 1283; x_wconf 78' lang='grc' dir='ltr'><strong>ἀναξίως</strong></span> <span class='ocrx_word' id='word_1_145' title='bbox 1489 1220 1694 1288; x_wconf 76' lang='grc' dir='ltr'><strong>ἐπιπη-</strong></span> 
     </span>
    </p>
   </div>
   <div class='ocr_carea' id='block_1_20' title="bbox 1820 1216 3364 1296">
    <p class='ocr_par' dir='ltr' id='par_1_20' title="bbox 1820 1216 3364 1290">
     <span class='ocr_line' id='line_1_20' title="bbox 1820 1216 3364 1290; baseline 0.003 -19"><span class='ocrx_word' id='word_1_146' title='bbox 1820 1216 1964 1272; x_wconf 76' lang='grc' dir='ltr'><strong>ἰιᾱιιε</strong></span> <span class='ocrx_word' id='word_1_147' title='bbox 1986 1258 2001 1283; x_wconf 96' lang='grc'><strong>,</strong></span> <span class='ocrx_word' id='word_1_148' title='bbox 2035 1225 2091 1272; x_wconf 90' lang='grc' dir='ltr'><strong>ει</strong></span> <span class='ocrx_word' id='word_1_149' title='bbox 2133 1219 2248 1288; x_wconf 89' lang='lat' dir='ltr'><strong>qui,</strong></span> <span class='ocrx_word' id='word_1_150' title='bbox 2282 1218 2739 1288; x_wconf 85' lang='lat' dir='ltr'><strong>quemadmodum</strong></span> <span class='ocrx_word' id='word_1_151' title='bbox 2766 1220 2914 1290; x_wconf 84' lang='lat' dir='ltr'><strong>ipse,</strong></span> <span class='ocrx_word' id='word_1_152' title='bbox 2955 1219 3022 1274; x_wconf 91' lang='lat' dir='ltr'><strong>ad</strong></span> <span class='ocrx_word' id='word_1_153' title='bbox 3050 1227 3240 1276; x_wconf 87' lang='lat' dir='ltr'><strong>sancta</strong></span> <span class='ocrx_word' id='word_1_154' title='bbox 3275 1221 3364 1275; x_wconf 89' lang='lat' dir='ltr'><strong>in-</strong></span> 
     </span>
    </p>
   </div>
   <div class='ocr_carea' id='block_1_21' title="bbox 120 1307 1705 1379">
    <p class='ocr_par' dir='ltr' id='par_1_21' title="bbox 120 1310 703 1378">
     <span class='ocr_line' id='line_1_21' title="bbox 120 1310 703 1378; baseline -0.007 -11"><span class='ocrx_word' id='word_1_155' title='bbox 120 1315 321 1377; x_wconf 84' lang='grc' dir='ltr'><strong>δῶντες</strong></span> <span class='ocrx_word' id='word_1_156' title='bbox 349 1314 429 1375; x_wconf 84' lang='grc' dir='ltr'><strong>είς</strong></span> <span class='ocrx_word' id='word_1_157' title='bbox 457 1312 524 1364; x_wconf 74' lang='grc' dir='ltr'><strong>τά</strong></span> <span class='ocrx_word' id='word_1_158' title='bbox 550 1310 703 1378; x_wconf 68' lang='lat' dir='ltr'><strong>am.</strong></span> 
     </span>
    </p>
   </div>
   <div class='ocr_carea' id='block_1_22' title="bbox 1820 1307 2298 1379">
    <p class='ocr_par' dir='ltr' id='par_1_22' title="bbox 1820 1307 2298 1379">
     <span class='ocr_line' id='line_1_22' title="bbox 1820 1307 2298 1379; baseline 0.008 -19"><span class='ocrx_word' id='word_1_159' title='bbox 1820 1307 1956 1379; x_wconf 85' lang='lat' dir='ltr'><strong>ligne</strong></span> <span class='ocrx_word' id='word_1_160' title='bbox 1987 1309 2298 1379; x_wconf 90' lang='lat' dir='ltr'><strong>prosiliunt.</strong></span> 
     </span>
    </p>
   </div>
   <div class='ocr_carea' id='block_1_23' title="bbox 189 1398 1705 1474">
    <p class='ocr_par' dir='ltr' id='par_1_23' title="bbox 189 1398 1692 1474">
     <span class='ocr_line' id='line_1_23' title="bbox 189 1398 1692 1474; baseline -0.001 -19"><span class='ocrx_word' id='word_1_161' title='bbox 189 1403 362 1474; x_wconf 76' lang='grc' dir='ltr'><strong>Ἄλλη</strong></span> <span class='ocrx_word' id='word_1_162' title='bbox 414 1407 464 1457; x_wconf 87' lang='grc' dir='ltr'><strong>ι’,</strong></span> <span class='ocrx_word' id='word_1_163' title='bbox 517 1421 536 1453; x_wconf 87' lang='grc'><strong>‹</strong></span> <span class='ocrx_word' id='word_1_164' title='bbox 565 1399 732 1454; x_wconf 78' lang='grc' dir='ltr'><strong>Εἶπεν</strong></span> <span class='ocrx_word' id='word_1_165' title='bbox 785 1402 814 1454; x_wconf 93' lang='lat'><strong>6</strong></span> <span class='ocrx_word' id='word_1_166' title='bbox 859 1399 1062 1472; x_wconf 84' lang='grc' dir='ltr'><strong>Κύριος</strong></span> <span class='ocrx_word' id='word_1_167' title='bbox 1117 1399 1253 1471; x_wconf 84' lang='grc' dir='ltr'><strong>πρὸς</strong></span> <span class='ocrx_word' id='word_1_168' title='bbox 1301 1398 1393 1452; x_wconf 82' lang='grc' dir='ltr'><strong>τὸν</strong></span> <span class='ocrx_word' id='word_1_169' title='bbox 1447 1398 1692 1471; x_wconf 79' lang='grc' dir='ltr'><strong>Πέτρον·</strong></span> 
     </span>
    </p>
   </div>
   <div class='ocr_carea' id='block_1_24' title="bbox 1820 1398 3366 1474">
    <p class='ocr_par' dir='ltr' id='par_1_24' title="bbox 1869 1400 3366 1460">
     <span class='ocr_line' id='line_1_24' title="bbox 1869 1400 3366 1460; baseline 0.003 -6"><span class='ocrx_word' id='word_1_170' title='bbox 1869 1403 2002 1454; x_wconf 76' lang='grc' dir='ltr'><strong>ΑιιΑ</strong></span> <span class='ocrx_word' id='word_1_171' title='bbox 2051 1401 2118 1456; x_wconf 87' lang='lat' dir='ltr'><strong>X.</strong></span> <span class='ocrx_word' id='word_1_172' title='bbox 2158 1421 2177 1454; x_wconf 80' lang='grc' dir='ltr'><strong>ι</strong></span> <span class='ocrx_word' id='word_1_173' title='bbox 2219 1401 2364 1456; x_wconf 89' lang='lat' dir='ltr'><strong>Dixit</strong></span> <span class='ocrx_word' id='word_1_174' title='bbox 2403 1400 2668 1457; x_wconf 89' lang='lat' dir='ltr'><strong>Dominus</strong></span> <span class='ocrx_word' id='word_1_175' title='bbox 2702 1401 2770 1456; x_wconf 92' lang='lat' dir='ltr'><strong>ad</strong></span> <span class='ocrx_word' id='word_1_176' title='bbox 2804 1400 3026 1458; x_wconf 84' lang='lat' dir='ltr'><strong>Petrum</strong></span> <span class='ocrx_word' id='word_1_177' title='bbox 3059 1424 3071 1458; x_wconf 89' lang='lat'>:</span> <span class='ocrx_word' id='word_1_178' title='bbox 3117 1403 3263 1460; x_wconf 79' lang='lat' dir='ltr'><strong>Vade</strong></span> <span class='ocrx_word' id='word_1_179' title='bbox 3295 1404 3366 1458; x_wconf 89' lang='lat' dir='ltr'><strong>ad</strong></span> 
     </span>
    </p>
   </div>
   <div class='ocr_carea' id='block_1_25' title="bbox 126 1491 1705 1568">
    <p class='ocr_par' dir='ltr' id='par_1_25' title="bbox 126 1491 1698 1564">
     <span class='ocr_line' id='line_1_25' title="bbox 126 1491 1698 1564; baseline -0.003 -16"><span class='ocrx_word' id='word_1_180' title='bbox 126 1494 368 1548; x_wconf 81' lang='grc' dir='ltr'><strong>Ἀπελθε</strong></span> <span class='ocrx_word' id='word_1_181' title='bbox 403 1495 482 1556; x_wconf 88' lang='grc' dir='ltr'><strong>είς</strong></span> <span class='ocrx_word' id='word_1_182' title='bbox 514 1492 611 1564; x_wconf 81' lang='grc' dir='ltr'><strong>τὴν</strong></span> <span class='ocrx_word' id='word_1_183' title='bbox 648 1493 943 1558; x_wconf 84' lang='grc' dir='ltr'><strong>θάλασσαν,</strong></span> <span class='ocrx_word' id='word_1_184' title='bbox 973 1493 1067 1547; x_wconf 74' lang='grc' dir='ltr'><strong>καὶ</strong></span> <span class='ocrx_word' id='word_1_185' title='bbox 1103 1491 1229 1562; x_wconf 82' lang='grc' dir='ltr'><strong>βάλε</strong></span> <span class='ocrx_word' id='word_1_186' title='bbox 1268 1491 1579 1563; x_wconf 76' lang='grc' dir='ltr'><strong>ἄγκιστρον,</strong></span> <span class='ocrx_word' id='word_1_187' title='bbox 1605 1491 1698 1546; x_wconf 71' lang='grc' dir='ltr'><strong>καὶ</strong></span> 
     </span>
    </p>
   </div>
   <div class='ocr_carea' id='block_1_26' title="bbox 1820 1491 3366 1568">
    <p class='ocr_par' dir='ltr' id='par_1_26' title="bbox 1820 1495 3366 1568">
     <span class='ocr_line' id='line_1_26' title="bbox 1820 1495 3366 1568; baseline 0.006 -23"><span class='ocrx_word' id='word_1_188' title='bbox 1820 1508 1949 1548; x_wconf 87' lang='lat' dir='ltr'><strong>nare</strong></span> <span class='ocrx_word' id='word_1_189' title='bbox 1969 1532 1984 1558; x_wconf 94' lang='lat'><strong>,</strong></span> <span class='ocrx_word' id='word_1_190' title='bbox 2017 1501 2071 1549; x_wconf 92' lang='lat' dir='ltr'><strong>et</strong></span> <span class='ocrx_word' id='word_1_191' title='bbox 2101 1495 2318 1548; x_wconf 90' lang='lat' dir='ltr'><strong>hamum</strong></span> <span class='ocrx_word' id='word_1_192' title='bbox 2347 1495 2588 1564; x_wconf 89' lang='lat' dir='ltr'><strong>projice,</strong></span> <span class='ocrx_word' id='word_1_193' title='bbox 2620 1495 2968 1568; x_wconf 90' lang='lat' dir='ltr'><strong>primumque</strong></span> <span class='ocrx_word' id='word_1_194' title='bbox 2993 1497 3088 1568; x_wconf 92' lang='lat' dir='ltr'><strong>qui</strong></span> <span class='ocrx_word' id='word_1_195' title='bbox 3110 1513 3366 1568; x_wconf 82' lang='lat' dir='ltr'><strong>egressus</strong></span> 
     </span>
    </p>
   </div>
   <div class='ocr_carea' id='block_1_27' title="bbox 117 1580 1705 1656">
    <p class='ocr_par' dir='ltr' id='par_1_27' title="bbox 117 1580 1698 1655">
     <span class='ocr_line' id='line_1_27' title="bbox 117 1580 1698 1655; baseline -0.004 -14"><span class='ocrx_word' id='word_1_196' title='bbox 117 1588 208 1641; x_wconf 76' lang='grc' dir='ltr'><strong>τὸν</strong></span> <span class='ocrx_word' id='word_1_197' title='bbox 250 1585 526 1640; x_wconf 90' lang='grc' dir='ltr'><strong>ἀναϐάντα</strong></span> <span class='ocrx_word' id='word_1_198' title='bbox 580 1585 794 1655; x_wconf 83' lang='grc' dir='ltr'><strong>πρῶτον</strong></span> <span class='ocrx_word' id='word_1_199' title='bbox 847 1585 998 1655; x_wconf 80' lang='grc' dir='ltr'><strong>ἰχθὺν</strong></span> <span class='ocrx_word' id='word_1_200' title='bbox 1043 1580 1196 1654; x_wconf 84' lang='grc' dir='ltr'><strong>ἆρον,</strong></span> <span class='ocrx_word' id='word_1_201' title='bbox 1256 1584 1347 1635; x_wconf 72' lang='grc' dir='ltr'><strong>καὶ</strong></span> <span class='ocrx_word' id='word_1_202' title='bbox 1386 1582 1601 1649; x_wconf 81' lang='grc' dir='ltr'><strong>ἀνοίξας</strong></span> <span class='ocrx_word' id='word_1_203' title='bbox 1637 1581 1698 1634; x_wconf 83' lang='grc' dir='ltr'><strong>τὸ</strong></span> 
     </span>
    </p>
   </div>
   <div class='ocr_carea' id='block_1_28' title="bbox 1820 1580 3367 1656">
    <p class='ocr_par' dir='ltr' id='par_1_28' title="bbox 1820 1586 3367 1656">
     <span class='ocr_line' id='line_1_28' title="bbox 1820 1586 3367 1656; baseline 0.003 -16"><span class='ocrx_word' id='word_1_204' title='bbox 1820 1586 1963 1640; x_wconf 84' lang='lat' dir='ltr'><strong>&#39;uerit</strong></span> <span class='ocrx_word' id='word_1_205' title='bbox 2005 1586 2207 1655; x_wconf 87' lang='lat' dir='ltr'><strong>piscem</strong></span> <span class='ocrx_word' id='word_1_206' title='bbox 2241 1600 2395 1654; x_wconf 87' lang='lat' dir='ltr'><strong>cape,</strong></span> <span class='ocrx_word' id='word_1_207' title='bbox 2422 1586 2541 1656; x_wconf 87' lang='lat' dir='ltr'><strong>ejus</strong></span> <span class='ocrx_word' id='word_1_208' title='bbox 2563 1597 2751 1656; x_wconf 87' lang='lat' dir='ltr'><strong>aperto</strong></span> <span class='ocrx_word' id='word_1_209' title='bbox 2781 1605 2896 1656; x_wconf 92' lang='lat' dir='ltr'><strong>ore,</strong></span> <span class='ocrx_word' id='word_1_210' title='bbox 2923 1597 3179 1644; x_wconf 89' lang='lat' dir='ltr'><strong>statercm</strong></span> <span class='ocrx_word' id='word_1_211' title='bbox 3212 1591 3367 1644; x_wconf 86' lang='lat' dir='ltr'><strong>inve-</strong></span> 
     </span>
    </p>
   </div>
   <div class='ocr_carea' id='block_1_29' title="bbox 122 1673 1705 1750">
    <p class='ocr_par' dir='ltr' id='par_1_29' title="bbox 122 1673 1698 1750">
     <span class='ocr_line' id='line_1_29' title="bbox 122 1673 1698 1750; baseline -0.005 -18"><span class='ocrx_word' id='word_1_212' title='bbox 122 1681 298 1750; x_wconf 83' lang='grc' dir='ltr'><strong>στόμα</strong></span> <span class='ocrx_word' id='word_1_213' title='bbox 346 1677 532 1742; x_wconf 76' lang='grc' dir='ltr'><strong>αὑτοῦ,</strong></span> <span class='ocrx_word' id='word_1_214' title='bbox 585 1677 836 1747; x_wconf 84' lang='grc' dir='ltr'><strong>εὑρήσεις</strong></span> <span class='ocrx_word' id='word_1_215' title='bbox 890 1675 1152 1746; x_wconf 80' lang='grc' dir='ltr'><strong>στατῆρα.</strong></span> <span class='ocrx_word' id='word_1_216' title='bbox 1198 1673 1396 1728; x_wconf 88' lang='grc' dir='ltr'><strong>Τοῦτον</strong></span> <span class='ocrx_word' id='word_1_217' title='bbox 1439 1674 1527 1737; x_wconf 87' lang='grc' dir='ltr'><strong>δὸς</strong></span> <span class='ocrx_word' id='word_1_218' title='bbox 1577 1673 1698 1728; x_wconf 71' lang='grc' dir='ltr'><strong>ἀντὶ</strong></span> 
     </span>
    </p>
   </div>
   <div class='ocr_carea' id='block_1_30' title="bbox 1820 1673 3367 1750">
    <p class='ocr_par' dir='ltr' id='par_1_30' title="bbox 1820 1676 3367 1750">
     <span class='ocr_line' id='line_1_30' title="bbox 1820 1676 3367 1750; baseline 0.003 -20"><span class='ocrx_word' id='word_1_219' title='bbox 1820 1678 1917 1732; x_wconf 82' lang='grc' dir='ltr'><strong>ιίεε</strong></span> <span class='ocrx_word' id='word_1_220' title='bbox 1938 1717 1952 1742; x_wconf 92' lang='grc'><strong>,</strong></span> <span class='ocrx_word' id='word_1_221' title='bbox 1981 1676 2130 1732; x_wconf 89' lang='lat' dir='ltr'><strong>hunc</strong></span> <span class='ocrx_word' id='word_1_222' title='bbox 2163 1691 2263 1746; x_wconf 92' lang='lat' dir='ltr'><strong>pro</strong></span> <span class='ocrx_word' id='word_1_223' title='bbox 2302 1691 2388 1732; x_wconf 91' lang='lat' dir='ltr'><strong>me</strong></span> <span class='ocrx_word' id='word_1_224' title='bbox 2417 1677 2547 1732; x_wconf 90' lang='lat' dir='ltr'><strong>dato</strong></span> <span class='ocrx_word' id='word_1_225' title='bbox 2577 1687 2631 1733; x_wconf 91' lang='lat' dir='ltr'><strong>et</strong></span> <span class='ocrx_word' id='word_1_226' title='bbox 2658 1694 2757 1750; x_wconf 93' lang='lat' dir='ltr'><strong>pro</strong></span> <span class='ocrx_word' id='word_1_227' title='bbox 2792 1686 2846 1736; x_wconf 93' lang='lat' dir='ltr'><strong>te</strong></span> <span class='ocrx_word' id='word_1_228' title='bbox 2867 1679 2930 1732; x_wconf 77' lang='lat'><strong>“.</strong></span> <span class='ocrx_word' id='word_1_229' title='bbox 2971 1699 2991 1733; x_wconf 71' lang='grc' dir='ltr'><strong>ι</strong></span> <span class='ocrx_word' id='word_1_230' title='bbox 3021 1679 3178 1746; x_wconf 90' lang='lat' dir='ltr'><strong>Quod</strong></span> <span class='ocrx_word' id='word_1_231' title='bbox 3215 1696 3367 1735; x_wconf 87' lang='lat' dir='ltr'><strong>mare</strong></span> 
     </span>
    </p>
   </div>
   <div class='ocr_carea' id='block_1_31' title="bbox 120 1765 1705 1841">
    <p class='ocr_par' dir='ltr' id='par_1_31' title="bbox 120 1765 1695 1840">
     <span class='ocr_line' id='line_1_31' title="bbox 120 1765 1695 1840; baseline -0.004 -17"><span class='ocrx_word' id='word_1_232' title='bbox 120 1770 251 1840; x_wconf 73' lang='grc' dir='ltr'><strong>ἐμοῦ</strong></span> <span class='ocrx_word' id='word_1_233' title='bbox 294 1771 390 1824; x_wconf 76' lang='grc' dir='ltr'><strong>καὶ</strong></span> <span class='ocrx_word' id='word_1_234' title='bbox 423 1768 537 1823; x_wconf 91' lang='grc' dir='ltr'><strong>σοῦ.</strong></span> <span class='ocrx_word' id='word_1_235' title='bbox 571 1787 592 1821; x_wconf 65' lang='grc' dir='ltr'><strong>ι</strong></span> <span class='ocrx_word' id='word_1_236' title='bbox 632 1769 728 1832; x_wconf 90' lang='grc' dir='ltr'><strong>Τίς</strong></span> <span class='ocrx_word' id='word_1_237' title='bbox 777 1770 810 1839; x_wconf 91' lang='grc' dir='ltr'><strong>ή</strong></span> <span class='ocrx_word' id='word_1_238' title='bbox 852 1767 1131 1832; x_wconf 89' lang='grc' dir='ltr'><strong>θάλασσα;</strong></span> <span class='ocrx_word' id='word_1_239' title='bbox 1184 1767 1214 1819; x_wconf 92' lang='lat'><strong>6</strong></span> <span class='ocrx_word' id='word_1_240' title='bbox 1264 1766 1486 1837; x_wconf 86' lang='grc' dir='ltr'><strong>κόσμος.</strong></span> <span class='ocrx_word' id='word_1_241' title='bbox 1535 1765 1600 1818; x_wconf 88' lang='grc' dir='ltr'><strong>Τί</strong></span> <span class='ocrx_word' id='word_1_242' title='bbox 1633 1765 1695 1818; x_wconf 86' lang='grc' dir='ltr'><strong>τὸ</strong></span> 
     </span>
    </p>
   </div>
   <div class='ocr_carea' id='block_1_32' title="bbox 1820 1765 3364 1841">
    <p class='ocr_par' dir='ltr' id='par_1_32' title="bbox 1823 1767 3364 1841">
     <span class='ocr_line' id='line_1_32' title="bbox 1823 1767 3364 1841; baseline 0.002 -18"><span class='ocrx_word' id='word_1_243' title='bbox 1823 1768 1934 1824; x_wconf 92' lang='lat' dir='ltr'><strong>llud</strong></span> <span class='ocrx_word' id='word_1_244' title='bbox 1977 1769 2102 1824; x_wconf 87' lang='lat' dir='ltr'><strong>est?</strong></span> <span class='ocrx_word' id='word_1_245' title='bbox 2141 1767 2410 1835; x_wconf 88' lang='lat' dir='ltr'><strong>mundus;</strong></span> <span class='ocrx_word' id='word_1_246' title='bbox 2449 1768 2681 1835; x_wconf 87' lang='lat' dir='ltr'><strong>hamus,</strong></span> <span class='ocrx_word' id='word_1_247' title='bbox 2719 1771 2946 1826; x_wconf 88' lang='lat' dir='ltr'><strong>verbum</strong></span> <span class='ocrx_word' id='word_1_248' title='bbox 2988 1770 3118 1839; x_wconf 90' lang='lat' dir='ltr'><strong>Dei;</strong></span> <span class='ocrx_word' id='word_1_249' title='bbox 3158 1771 3364 1841; x_wconf 88' lang='lat' dir='ltr'><strong>piscis,</strong></span> 
     </span>
    </p>
   </div>
   <div class='ocr_carea' id='block_1_33' title="bbox 119 1831 1705 1934">
    <p class='ocr_par' dir='ltr' id='par_1_33' title="bbox 119 1831 1686 1934">
     <span class='ocr_line' id='line_1_33' title="bbox 119 1831 1686 1934; baseline -0.004 -18"><span class='ocrx_word' id='word_1_250' title='bbox 119 1831 450 1934; x_wconf 69' lang='grc' dir='ltr'><strong>ἄγκιστρον;</strong></span> <span class='ocrx_word' id='word_1_251' title='bbox 506 1863 537 1915; x_wconf 89' lang='lat'><strong>6</strong></span> <span class='ocrx_word' id='word_1_252' title='bbox 579 1861 736 1930; x_wconf 90' lang='grc' dir='ltr'><strong>λόγος</strong></span> <span class='ocrx_word' id='word_1_253' title='bbox 781 1831 876 1914; x_wconf 78' lang='grc' dir='ltr'><strong>τοῦ</strong></span> <span class='ocrx_word' id='word_1_254' title='bbox 933 1860 1090 1915; x_wconf 90' lang='grc' dir='ltr'><strong>Θεοῦ.</strong></span> <span class='ocrx_word' id='word_1_255' title='bbox 1145 1859 1316 1929; x_wconf 82' lang='grc' dir='ltr'><strong>’ἰχθὺς</strong></span> <span class='ocrx_word' id='word_1_256' title='bbox 1435 1856 1686 1928; x_wconf 87' lang='grc' dir='ltr'><strong>Χριστός.</strong></span> 
     </span>
    </p>
   </div>
   <div class='ocr_carea' id='block_1_34' title="bbox 1820 1831 3367 1934">
    <p class='ocr_par' dir='ltr' id='par_1_34' title="bbox 1820 1861 3367 1934">
     <span class='ocr_line' id='line_1_34' title="bbox 1820 1861 3367 1934; baseline 0.001 -20"><span class='ocrx_word' id='word_1_257' title='bbox 1820 1861 2075 1928; x_wconf 72' lang='lat' dir='ltr'><strong>Ihristus;</strong></span> <span class='ocrx_word' id='word_1_258' title='bbox 2108 1870 2298 1926; x_wconf 88' lang='lat' dir='ltr'><strong>stater,</strong></span> <span class='ocrx_word' id='word_1_259' title='bbox 2332 1875 2468 1914; x_wconf 89' lang='lat' dir='ltr'><strong>crux</strong></span> <span class='ocrx_word' id='word_1_260' title='bbox 2493 1861 2727 1929; x_wconf 87' lang='lat' dir='ltr'><strong>Domini,</strong></span> <span class='ocrx_word' id='word_1_261' title='bbox 2754 1863 2811 1918; x_wconf 93' lang='lat' dir='ltr'><strong>in</strong></span> <span class='ocrx_word' id='word_1_262' title='bbox 2833 1878 2942 1934; x_wconf 87' lang='lat' dir='ltr'><strong>qua</strong></span> <span class='ocrx_word' id='word_1_263' title='bbox 2969 1872 3024 1918; x_wconf 90' lang='lat' dir='ltr'><strong>et</strong></span> <span class='ocrx_word' id='word_1_264' title='bbox 3049 1865 3166 1934; x_wconf 88' lang='lat' dir='ltr'><strong>ipse</strong></span> <span class='ocrx_word' id='word_1_265' title='bbox 3192 1863 3367 1918; x_wconf 86' lang='lat' dir='ltr'><strong>cruci-</strong></span> 
     </span>
    </p>
   </div>
   <div class='ocr_carea' id='block_1_35' title="bbox 119 1943 1692 2026">
    <p class='ocr_par' dir='ltr' id='par_1_35' title="bbox 119 1943 1692 2026">
     <span class='ocr_line' id='line_1_35' title="bbox 119 1943 1692 2026; baseline -0.004 -19"><span class='ocrx_word' id='word_1_266' title='bbox 119 1955 336 2026; x_wconf 80' lang='grc' dir='ltr'><strong>Στατὴρ</strong></span> <span class='ocrx_word' id='word_1_267' title='bbox 364 1956 393 2006; x_wconf 91' lang='lat'><strong>6</strong></span> <span class='ocrx_word' id='word_1_268' title='bbox 418 1953 646 2024; x_wconf 80' lang='grc' dir='ltr'><strong>σταυρὸς</strong></span> <span class='ocrx_word' id='word_1_269' title='bbox 675 1951 768 2005; x_wconf 89' lang='grc' dir='ltr'><strong>τοῦ</strong></span> <span class='ocrx_word' id='word_1_270' title='bbox 793 1951 1013 2021; x_wconf 82' lang='grc' dir='ltr'><strong>Κυρίου,</strong></span> <span class='ocrx_word' id='word_1_271' title='bbox 1049 1953 1106 2004; x_wconf 84' lang='grc' dir='ltr'><strong>ὲν</strong></span> <span class='ocrx_word' id='word_1_272' title='bbox 1143 1943 1186 2018; x_wconf 80' lang='grc' dir='ltr'>ᾧ</span> <span class='ocrx_word' id='word_1_273' title='bbox 1213 1948 1404 2021; x_wconf 83' lang='grc' dir='ltr'><strong>έμελλε</strong></span> <span class='ocrx_word' id='word_1_274' title='bbox 1441 1950 1692 2012; x_wconf 86' lang='grc' dir='ltr'><strong>κάκεῖνος</strong></span> 
     </span>
    </p>
   </div>
   <div class='ocr_carea' id='block_1_36' title="bbox 122 2043 954 2117">
    <p class='ocr_par' dir='ltr' id='par_1_36' title="bbox 122 2043 954 2117">
     <span class='ocr_line' id='line_1_36' title="bbox 122 2043 954 2117; baseline -0.004 -18"><span class='ocrx_word' id='word_1_275' title='bbox 122 2045 521 2117; x_wconf 81' lang='grc' dir='ltr'><strong>σταυρωθῆναι,</strong></span> <span class='ocrx_word' id='word_1_276' title='bbox 553 2045 647 2098; x_wconf 75' lang='grc' dir='ltr'><strong>καὶ</strong></span> <span class='ocrx_word' id='word_1_277' title='bbox 677 2045 705 2096; x_wconf 91' lang='lat'><strong>6</strong></span> <span class='ocrx_word' id='word_1_278' title='bbox 730 2043 954 2114; x_wconf 83' lang='grc' dir='ltr'><strong>Πέτρος.</strong></span> 
     </span>
    </p>
   </div>
   <div class='ocr_carea' id='block_1_37' title="bbox 199 2128 1694 2210">
    <p class='ocr_par' dir='ltr' id='par_1_37' title="bbox 199 2128 1694 2210">
     <span class='ocr_line' id='line_1_37' title="bbox 199 2128 1694 2210; baseline -0.005 -19"><span class='ocrx_word' id='word_1_279' title='bbox 199 2139 398 2210; x_wconf 82' lang='grc' dir='ltr'><strong>Ἑτέρα</strong></span> <span class='ocrx_word' id='word_1_280' title='bbox 445 2144 533 2191; x_wconf 84' lang='grc' dir='ltr'><strong>ια’.</strong></span> <span class='ocrx_word' id='word_1_281' title='bbox 568 2155 588 2188; x_wconf 80' lang='grc' dir='ltr'><strong>ι</strong></span> <span class='ocrx_word' id='word_1_282' title='bbox 621 2136 938 2208; x_wconf 76' lang='grc' dir='ltr'><strong>Ἄνθρωπός</strong></span> <span class='ocrx_word' id='word_1_283' title='bbox 967 2151 1050 2198; x_wconf 85' lang='grc' dir='ltr'><strong>τις</strong></span> <span class='ocrx_word' id='word_1_284' title='bbox 1082 2128 1194 2204; x_wconf 74' lang='grc' dir='ltr'><strong>εἶχε</strong></span> <span class='ocrx_word' id='word_1_285' title='bbox 1245 2131 1339 2186; x_wconf 88' lang='grc' dir='ltr'><strong>δύο</strong></span> <span class='ocrx_word' id='word_1_286' title='bbox 1385 2133 1555 2197; x_wconf 83' lang='grc' dir='ltr'><strong>υἱοὺς,</strong></span> <span class='ocrx_word' id='word_1_287' title='bbox 1599 2131 1694 2184; x_wconf 73' lang='grc' dir='ltr'><strong>καὶ</strong></span> 
     </span>
    </p>
   </div>
   <div class='ocr_carea' id='block_1_38' title="bbox 119 2222 1688 2300">
    <p class='ocr_par' dir='ltr' id='par_1_38' title="bbox 119 2222 1688 2300">
     <span class='ocr_line' id='line_1_38' title="bbox 119 2222 1688 2300; baseline -0.006 -16"><span class='ocrx_word' id='word_1_288' title='bbox 119 2227 274 2284; x_wconf 75' lang='grc' dir='ltr'><strong>εἶπεν</strong></span> <span class='ocrx_word' id='word_1_289' title='bbox 301 2233 331 2283; x_wconf 90' lang='lat'><strong>6</strong></span> <span class='ocrx_word' id='word_1_290' title='bbox 361 2228 620 2300; x_wconf 82' lang='grc' dir='ltr'><strong>νεώτερος</strong></span> <span class='ocrx_word' id='word_1_291' title='bbox 640 2230 819 2282; x_wconf 83' lang='grc' dir='ltr'><strong>αὐτῶν</strong></span> <span class='ocrx_word' id='word_1_292' title='bbox 851 2226 928 2297; x_wconf 85' lang='grc' dir='ltr'><strong>τῷ</strong></span> <span class='ocrx_word' id='word_1_293' title='bbox 961 2225 1157 2297; x_wconf 86' lang='grc' dir='ltr'><strong>πατρί·</strong></span> <span class='ocrx_word' id='word_1_294' title='bbox 1189 2225 1388 2295; x_wconf 89' lang='grc' dir='ltr'><strong>Πάτερ,</strong></span> <span class='ocrx_word' id='word_1_295' title='bbox 1411 2222 1498 2286; x_wconf 87' lang='grc' dir='ltr'><strong>δός</strong></span> <span class='ocrx_word' id='word_1_296' title='bbox 1532 2240 1640 2294; x_wconf 90' lang='grc' dir='ltr'><strong>μοι.</strong></span> <span class='ocrx_word' id='word_1_297' title='bbox 1669 2239 1688 2274; x_wconf 76' lang='grc' dir='ltr'><strong>ι</strong></span> 
     </span>
    </p>
   </div>
   <div class='ocr_carea' id='block_1_39' title="bbox 122 2313 1697 2392">
    <p class='ocr_par' dir='ltr' id='par_1_39' title="bbox 122 2313 1697 2392">
     <span class='ocr_line' id='line_1_39' title="bbox 122 2313 1697 2392; baseline -0.006 -16"><span class='ocrx_word' id='word_1_298' title='bbox 122 2325 220 2386; x_wconf 86' lang='grc' dir='ltr'><strong>Τίς</strong></span> <span class='ocrx_word' id='word_1_299' title='bbox 243 2325 273 2376; x_wconf 90' lang='lat'><strong>6</strong></span> <span class='ocrx_word' id='word_1_300' title='bbox 293 2321 610 2392; x_wconf 78' lang='grc' dir='ltr'><strong>ἄνθρωποςς</strong></span> <span class='ocrx_word' id='word_1_301' title='bbox 653 2323 682 2374; x_wconf 89' lang='lat'><strong>6</strong></span> <span class='ocrx_word' id='word_1_302' title='bbox 711 2319 860 2383; x_wconf 86' lang='grc' dir='ltr'><strong>Θεός.</strong></span> <span class='ocrx_word' id='word_1_303' title='bbox 898 2320 960 2372; x_wconf 83' lang='lat' dir='ltr'><strong>Oi</strong></span> <span class='ocrx_word' id='word_1_304' title='bbox 1006 2317 1099 2371; x_wconf 87' lang='grc' dir='ltr'><strong>δύο</strong></span> <span class='ocrx_word' id='word_1_305' title='bbox 1129 2315 1266 2380; x_wconf 84' lang='grc' dir='ltr'><strong>υίοί;</strong></span> <span class='ocrx_word' id='word_1_306' title='bbox 1299 2315 1348 2367; x_wconf 75' lang='lat' dir='ltr'><strong>oi</strong></span> <span class='ocrx_word' id='word_1_307' title='bbox 1375 2313 1570 2368; x_wconf 86' lang='grc' dir='ltr'><strong>δίκαιοι</strong></span> <span class='ocrx_word' id='word_1_308' title='bbox 1602 2313 1697 2367; x_wconf 73' lang='grc' dir='ltr'><strong>καὶ</strong></span> 
     </span>
    </p>
   </div>
   <div class='ocr_carea' id='block_1_40' title="bbox 118 2407 1696 2485">
    <p class='ocr_par' dir='ltr' id='par_1_40' title="bbox 118 2407 1696 2485">
     <span class='ocr_line' id='line_1_40' title="bbox 118 2407 1696 2485; baseline -0.007 -16"><span class='ocrx_word' id='word_1_309' title='bbox 118 2417 168 2469; x_wconf 77' lang='lat' dir='ltr'><strong>oi</strong></span> <span class='ocrx_word' id='word_1_310' title='bbox 197 2413 531 2485; x_wconf 80' lang='grc' dir='ltr'><strong>ἁμαρτωλοί.</strong></span> <span class='ocrx_word' id='word_1_311' title='bbox 574 2412 854 2482; x_wconf 87' lang='grc' dir='ltr'><strong>Νεώτερος</strong></span> <span class='ocrx_word' id='word_1_312' title='bbox 892 2411 1005 2474; x_wconf 83' lang='grc' dir='ltr'><strong>υίὸς</strong></span> <span class='ocrx_word' id='word_1_313' title='bbox 1035 2413 1064 2464; x_wconf 93' lang='lat'><strong>6</strong></span> <span class='ocrx_word' id='word_1_314' title='bbox 1092 2409 1188 2481; x_wconf 81' lang='grc' dir='ltr'><strong>τὴν</strong></span> <span class='ocrx_word' id='word_1_315' title='bbox 1217 2407 1440 2480; x_wconf 84' lang='grc' dir='ltr'><strong>γνώμην</strong></span> <span class='ocrx_word' id='word_1_316' title='bbox 1467 2407 1696 2461; x_wconf 80' lang='grc' dir='ltr'><strong>ἄστατον</strong></span> 
     </span>
    </p>
   </div>
   <div class='ocr_carea' id='block_1_41' title="bbox 119 2499 1696 2578">
    <p class='ocr_par' dir='ltr' id='par_1_41' title="bbox 119 2499 1696 2578">
     <span class='ocr_line' id='line_1_41' title="bbox 119 2499 1696 2578; baseline -0.006 -17"><span class='ocrx_word' id='word_1_317' title='bbox 119 2507 282 2578; x_wconf 74' lang='grc' dir='ltr'><strong>ἔχων.</strong></span> <span class='ocrx_word' id='word_1_318' title='bbox 317 2505 392 2559; x_wconf 82' lang='grc' dir='ltr'><strong>Τδ</strong></span> <span class='ocrx_word' id='word_1_319' title='bbox 429 2505 716 2560; x_wconf 74' lang='grc' dir='ltr'><strong>ἐπιϐάλλον</strong></span> <span class='ocrx_word' id='word_1_320' title='bbox 748 2505 931 2577; x_wconf 84' lang='grc' dir='ltr'><strong>μέρος,</strong></span> <span class='ocrx_word' id='word_1_321' title='bbox 954 2503 1023 2556; x_wconf 84' lang='grc' dir='ltr'><strong>τά</strong></span> <span class='ocrx_word' id='word_1_322' title='bbox 1053 2502 1208 2571; x_wconf 87' lang='grc' dir='ltr'><strong>λόγια</strong></span> <span class='ocrx_word' id='word_1_323' title='bbox 1233 2501 1326 2555; x_wconf 90' lang='grc' dir='ltr'><strong>τοῦ</strong></span> <span class='ocrx_word' id='word_1_324' title='bbox 1355 2499 1488 2554; x_wconf 83' lang='grc' dir='ltr'><strong>Θεοῦ</strong></span> <span class='ocrx_word' id='word_1_325' title='bbox 1519 2500 1612 2553; x_wconf 72' lang='grc' dir='ltr'><strong>καὶ</strong></span> <span class='ocrx_word' id='word_1_326' title='bbox 1639 2500 1696 2552; x_wconf 72' lang='lat' dir='ltr'><strong>ai</strong></span> 
     </span>
    </p>
   </div>
   <div class='ocr_carea' id='block_1_42' title="bbox 121 2598 555 2653">
    <p class='ocr_par' dir='ltr' id='par_1_42' title="bbox 121 2598 555 2653">
     <span class='ocr_line' id='line_1_42' title="bbox 121 2598 555 2653; baseline -0.002 0"><span class='ocrx_word' id='word_1_327' title='bbox 121 2599 337 2653; x_wconf 76' lang='grc' dir='ltr'><strong>ἐντολαὶ</strong></span> <span class='ocrx_word' id='word_1_328' title='bbox 367 2598 555 2652; x_wconf 87' lang='grc' dir='ltr'><strong>αὐτοῦ.</strong></span> 
     </span>
    </p>
   </div>
   <div class='ocr_carea' id='block_1_43' title="bbox 201 2683 1698 2762">
    <p class='ocr_par' dir='ltr' id='par_1_43' title="bbox 201 2683 1698 2762">
     <span class='ocr_line' id='line_1_43' title="bbox 201 2683 1698 2762; baseline -0.006 -18"><span class='ocrx_word' id='word_1_329' title='bbox 201 2690 373 2760; x_wconf 81' lang='grc' dir='ltr'><strong>’Δλλη</strong></span> <span class='ocrx_word' id='word_1_330' title='bbox 408 2690 494 2761; x_wconf 79' lang='grc' dir='ltr'><strong>ιβ’.</strong></span> <span class='ocrx_word' id='word_1_331' title='bbox 523 2709 542 2742; x_wconf 79' lang='grc' dir='ltr'><strong>ι</strong></span> <span class='ocrx_word' id='word_1_332' title='bbox 571 2689 890 2762; x_wconf 73' lang='grc' dir='ltr'><strong>’Ἄνθρωπός</strong></span> <span class='ocrx_word' id='word_1_333' title='bbox 929 2705 1014 2752; x_wconf 86' lang='grc' dir='ltr'><strong>τις</strong></span> <span class='ocrx_word' id='word_1_334' title='bbox 1046 2686 1276 2758; x_wconf 81' lang='grc' dir='ltr'><strong>εὐγενὴς</strong></span> <span class='ocrx_word' id='word_1_335' title='bbox 1307 2683 1576 2756; x_wconf 76' lang='grc' dir='ltr'><strong>ἐπορεύθη</strong></span> <span class='ocrx_word' id='word_1_336' title='bbox 1617 2683 1698 2746; x_wconf 78' lang='grc' dir='ltr'><strong>εἰς</strong></span> 
     </span>
    </p>
   </div>
   <div class='ocr_carea' id='block_1_44' title="bbox 124 2774 1698 2853">
    <p class='ocr_par' dir='ltr' id='par_1_44' title="bbox 124 2774 1698 2853">
     <span class='ocr_line' id='line_1_44' title="bbox 124 2774 1698 2853; baseline -0.004 -20"><span class='ocrx_word' id='word_1_337' title='bbox 124 2779 316 2852; x_wconf 83' lang='grc' dir='ltr'><strong>χώραν</strong></span> <span class='ocrx_word' id='word_1_338' title='bbox 343 2779 581 2853; x_wconf 86' lang='grc' dir='ltr'><strong>μακράν,</strong></span> <span class='ocrx_word' id='word_1_339' title='bbox 609 2779 704 2833; x_wconf 86' lang='grc' dir='ltr'><strong>τοῦ</strong></span> <span class='ocrx_word' id='word_1_340' title='bbox 727 2779 908 2832; x_wconf 86' lang='grc' dir='ltr'><strong>λαϐεῖν</strong></span> <span class='ocrx_word' id='word_1_341' title='bbox 934 2776 1230 2847; x_wconf 86' lang='grc' dir='ltr'><strong>βασιλείαν.</strong></span> <span class='ocrx_word' id='word_1_342' title='bbox 1255 2796 1273 2827; x_wconf 84' lang='grc'>›</span> <span class='ocrx_word' id='word_1_343' title='bbox 1299 2774 1638 2846; x_wconf 78' lang='grc' dir='ltr'><strong>Ἀνθρωπος,</strong></span> <span class='ocrx_word' id='word_1_344' title='bbox 1669 2775 1698 2826; x_wconf 91' lang='lat'><strong>6</strong></span> 
     </span>
    </p>
   </div>
   <div class='ocr_carea' id='block_1_45' title="bbox 122 2867 1702 2944">
    <p class='ocr_par' dir='ltr' id='par_1_45' title="bbox 122 2867 1702 2944">
     <span class='ocr_line' id='line_1_45' title="bbox 122 2867 1702 2944; baseline -0.004 -18"><span class='ocrx_word' id='word_1_345' title='bbox 122 2873 260 2935; x_wconf 88' lang='grc' dir='ltr'><strong>Θεός</strong></span> <span class='ocrx_word' id='word_1_346' title='bbox 278 2891 290 2902; x_wconf 88' lang='grc'><strong>·</strong></span> <span class='ocrx_word' id='word_1_347' title='bbox 320 2871 472 2944; x_wconf 81' lang='grc' dir='ltr'><strong>χώρα</strong></span> <span class='ocrx_word' id='word_1_348' title='bbox 504 2873 688 2944; x_wconf 84' lang='grc' dir='ltr'><strong>μακρά</strong></span> <span class='ocrx_word' id='word_1_349' title='bbox 714 2874 746 2942; x_wconf 91' lang='grc' dir='ltr'><strong>ή</strong></span> <span class='ocrx_word' id='word_1_350' title='bbox 770 2873 862 2924; x_wconf 73' lang='grc' dir='ltr'><strong>ἐπὶ</strong></span> <span class='ocrx_word' id='word_1_351' title='bbox 886 2871 988 2941; x_wconf 88' lang='grc' dir='ltr'><strong>γῆς</strong></span> <span class='ocrx_word' id='word_1_352' title='bbox 1018 2867 1290 2942; x_wconf 79' lang='grc' dir='ltr'><strong>παρουσία</strong></span> <span class='ocrx_word' id='word_1_353' title='bbox 1321 2867 1486 2920; x_wconf 81' lang='grc' dir='ltr'><strong>αὐτοῦ</strong></span> <span class='ocrx_word' id='word_1_354' title='bbox 1507 2884 1520 2897; x_wconf 93' lang='grc'><strong>·</strong></span> <span class='ocrx_word' id='word_1_355' title='bbox 1549 2867 1702 2937; x_wconf 85' lang='grc' dir='ltr'><strong>βασι-</strong></span> 
     </span>
    </p>
   </div>
   <div class='ocr_carea' id='block_1_46' title="bbox 125 2961 1700 3036">
    <p class='ocr_par' dir='ltr' id='par_1_46' title="bbox 125 2961 1700 3036">
     <span class='ocr_line' id='line_1_46' title="bbox 125 2961 1700 3036; baseline -0.003 -19"><span class='ocrx_word' id='word_1_356' title='bbox 125 2964 250 3018; x_wconf 87' lang='grc' dir='ltr'><strong>λεία</strong></span> <span class='ocrx_word' id='word_1_357' title='bbox 275 2967 310 3036; x_wconf 89' lang='grc' dir='ltr'><strong>ή</strong></span> <span class='ocrx_word' id='word_1_358' title='bbox 345 2965 572 3036; x_wconf 88' lang='grc' dir='ltr'><strong>δευτέρα</strong></span> <span class='ocrx_word' id='word_1_359' title='bbox 599 2965 904 3034; x_wconf 84' lang='grc' dir='ltr'><strong>παρουσία·</strong></span> <span class='ocrx_word' id='word_1_360' title='bbox 941 2966 989 3016; x_wconf 82' lang='grc' dir='ltr'><strong>οἱ</strong></span> <span class='ocrx_word' id='word_1_361' title='bbox 1019 2962 1193 3015; x_wconf 88' lang='grc' dir='ltr'><strong>δοῦλοι</strong></span> <span class='ocrx_word' id='word_1_362' title='bbox 1239 2963 1288 3014; x_wconf 82' lang='grc' dir='ltr'><strong>οἱ</strong></span> <span class='ocrx_word' id='word_1_363' title='bbox 1322 2961 1615 3033; x_wconf 78' lang='grc' dir='ltr'><strong>προφῆται,</strong></span> <span class='ocrx_word' id='word_1_364' title='bbox 1651 2962 1700 3013; x_wconf 88' lang='grc' dir='ltr'><strong>οἱ</strong></span> 
     </span>
    </p>
   </div>
   <div class='ocr_carea' id='block_1_47' title="bbox 125 3052 1699 3127">
    <p class='ocr_par' dir='ltr' id='par_1_47' title="bbox 125 3052 1699 3127">
     <span class='ocr_line' id='line_1_47' title="bbox 125 3052 1699 3127; baseline -0.004 -16"><span class='ocrx_word' id='word_1_365' title='bbox 125 3056 440 3120; x_wconf 78' lang='grc' dir='ltr'><strong>ἀπόστολοι,</strong></span> <span class='ocrx_word' id='word_1_366' title='bbox 463 3058 557 3110; x_wconf 77' lang='grc' dir='ltr'><strong>καὶ</strong></span> <span class='ocrx_word' id='word_1_367' title='bbox 579 3057 627 3109; x_wconf 77' lang='grc' dir='ltr'><strong>οἱ</strong></span> <span class='ocrx_word' id='word_1_368' title='bbox 661 3055 956 3127; x_wconf 88' lang='grc' dir='ltr'><strong>μάρτυρες.</strong></span> <span class='ocrx_word' id='word_1_369' title='bbox 989 3055 1052 3106; x_wconf 84' lang='lat' dir='ltr'><strong>&#39;H</strong></span> <span class='ocrx_word' id='word_1_370' title='bbox 1076 3053 1133 3106; x_wconf 82' lang='grc' dir='ltr'><strong>δὲ</strong></span> <span class='ocrx_word' id='word_1_371' title='bbox 1163 3054 1269 3123; x_wconf 81' lang='grc' dir='ltr'><strong>μνᾶ</strong></span> <span class='ocrx_word' id='word_1_372' title='bbox 1288 3054 1436 3106; x_wconf 80' lang='grc' dir='ltr'><strong>ἐστιν</strong></span> <span class='ocrx_word' id='word_1_373' title='bbox 1465 3053 1499 3124; x_wconf 84' lang='grc' dir='ltr'>ὴ</span> <span class='ocrx_word' id='word_1_374' title='bbox 1521 3052 1699 3124; x_wconf 89' lang='grc' dir='ltr'><strong>χάρις,</strong></span> 
     </span>
    </p>
   </div>
   <div class='ocr_carea' id='block_1_48' title="bbox 127 3145 1407 3219">
    <p class='ocr_par' dir='ltr' id='par_1_48' title="bbox 127 3145 1407 3219">
     <span class='ocr_line' id='line_1_48' title="bbox 127 3145 1407 3219; baseline -0.002 -19"><span class='ocrx_word' id='word_1_375' title='bbox 127 3149 197 3218; x_wconf 75' lang='grc' dir='ltr'><strong>ἣν</strong></span> <span class='ocrx_word' id='word_1_376' title='bbox 223 3147 417 3201; x_wconf 78' lang='grc' dir='ltr'><strong>ἐλαϐεν</strong></span> <span class='ocrx_word' id='word_1_377' title='bbox 449 3147 670 3215; x_wconf 78' lang='grc' dir='ltr'><strong>Ἰούδας,</strong></span> <span class='ocrx_word' id='word_1_378' title='bbox 699 3146 899 3219; x_wconf 85' lang='grc' dir='ltr'><strong>ὁμοίως</strong></span> <span class='ocrx_word' id='word_1_379' title='bbox 919 3147 1013 3200; x_wconf 67' lang='grc' dir='ltr'><strong>καὶ</strong></span> <span class='ocrx_word' id='word_1_380' title='bbox 1039 3145 1100 3198; x_wconf 82' lang='grc' dir='ltr'><strong>τὸ</strong></span> <span class='ocrx_word' id='word_1_381' title='bbox 1127 3145 1407 3199; x_wconf 88' lang='grc' dir='ltr'><strong>τάλαντον.</strong></span> 
     </span>
    </p>
   </div>
   <div class='ocr_carea' id='block_1_49' title="bbox 203 3323 1699 3401">
    <p class='ocr_par' dir='ltr' id='par_1_49' title="bbox 203 3323 1699 3401">
     <span class='ocr_line' id='line_1_49' title="bbox 203 3323 1699 3401; baseline -0.005 -17"><span class='ocrx_word' id='word_1_382' title='bbox 203 3331 377 3401; x_wconf 81' lang='grc' dir='ltr'><strong>Ἀλλη</strong></span> <span class='ocrx_word' id='word_1_383' title='bbox 408 3335 499 3399; x_wconf 59' lang='grc' dir='ltr'><strong>ιγ.</strong></span> <span class='ocrx_word' id='word_1_384' title='bbox 543 3348 562 3381; x_wconf 79' lang='grc' dir='ltr'><strong>ι</strong></span> <span class='ocrx_word' id='word_1_385' title='bbox 588 3327 907 3400; x_wconf 74' lang='grc' dir='ltr'><strong>’Ἄνθρωπός</strong></span> <span class='ocrx_word' id='word_1_386' title='bbox 932 3345 1016 3391; x_wconf 90' lang='grc' dir='ltr'><strong>τις</strong></span> <span class='ocrx_word' id='word_1_387' title='bbox 1058 3327 1352 3397; x_wconf 77' lang='grc' dir='ltr'><strong>ἐφύτευσεν</strong></span> <span class='ocrx_word' id='word_1_388' title='bbox 1380 3323 1699 3396; x_wconf 84' lang='grc' dir='ltr'><strong>ἀμπελῶνα,</strong></span> 
     </span>
    </p>
   </div>
   <div class='ocr_carea' id='block_1_50' title="bbox 128 3415 1696 3493">
    <p class='ocr_par' dir='ltr' id='par_1_50' title="bbox 128 3415 1696 3493">
     <span class='ocr_line' id='line_1_50' title="bbox 128 3415 1696 3493; baseline -0.007 -16"><span class='ocrx_word' id='word_1_389' title='bbox 128 3426 228 3477; x_wconf 69' lang='grc' dir='ltr'><strong>καὶ</strong></span> <span class='ocrx_word' id='word_1_390' title='bbox 252 3422 506 3493; x_wconf 81' lang='grc' dir='ltr'><strong>φραγμὸν</strong></span> <span class='ocrx_word' id='word_1_391' title='bbox 533 3419 681 3491; x_wconf 75' lang='grc' dir='ltr'><strong>αὐτῷ</strong></span> <span class='ocrx_word' id='word_1_392' title='bbox 711 3419 1054 3489; x_wconf 83' lang='grc' dir='ltr'><strong>περιέθηκεν.</strong></span> <span class='ocrx_word' id='word_1_393' title='bbox 1078 3437 1096 3468; x_wconf 76' lang='grc' dir='ltr'><strong>ι</strong></span> <span class='ocrx_word' id='word_1_394' title='bbox 1129 3417 1448 3488; x_wconf 79' lang='grc' dir='ltr'><strong>Ἀνθρωπος</strong></span> <span class='ocrx_word' id='word_1_395' title='bbox 1478 3415 1506 3467; x_wconf 91' lang='lat'><strong>6</strong></span> <span class='ocrx_word' id='word_1_396' title='bbox 1534 3415 1664 3478; x_wconf 85' lang='grc' dir='ltr'><strong>Θεός</strong></span> <span class='ocrx_word' id='word_1_397' title='bbox 1684 3432 1696 3446; x_wconf 88' lang='grc'><strong>·</strong></span> 
     </span>
    </p>
   </div>
   <div class='ocr_carea' id='block_1_51' title="bbox 128 3504 1706 3582">
    <p class='ocr_par' dir='ltr' id='par_1_51' title="bbox 128 3504 1706 3582">
     <span class='ocr_line' id='line_1_51' title="bbox 128 3504 1706 3582; baseline -0.006 -16"><span class='ocrx_word' id='word_1_398' title='bbox 128 3510 394 3582; x_wconf 83' lang='grc' dir='ltr'><strong>ἀμπελὼν</strong></span> <span class='ocrx_word' id='word_1_399' title='bbox 416 3511 443 3562; x_wconf 89' lang='grc' dir='ltr'>ὁ</span> <span class='ocrx_word' id='word_1_400' title='bbox 472 3511 674 3580; x_wconf 88' lang='grc' dir='ltr'><strong>κόσμος</strong></span> <span class='ocrx_word' id='word_1_401' title='bbox 697 3527 710 3539; x_wconf 93' lang='grc'><strong>·</strong></span> <span class='ocrx_word' id='word_1_402' title='bbox 741 3511 774 3579; x_wconf 89' lang='grc' dir='ltr'><strong>ή</strong></span> <span class='ocrx_word' id='word_1_403' title='bbox 809 3509 966 3579; x_wconf 87' lang='grc' dir='ltr'><strong>ληνὸς</strong></span> <span class='ocrx_word' id='word_1_404' title='bbox 994 3509 1055 3560; x_wconf 76' lang='grc' dir='ltr'><strong>τὸ</strong></span> <span class='ocrx_word' id='word_1_405' title='bbox 1082 3506 1364 3578; x_wconf 85' lang='grc' dir='ltr'><strong>βάπτισμα</strong></span> <span class='ocrx_word' id='word_1_406' title='bbox 1382 3523 1395 3535; x_wconf 91' lang='grc'><strong>·</strong></span> <span class='ocrx_word' id='word_1_407' title='bbox 1431 3507 1459 3557; x_wconf 90' lang='lat'><strong>6</strong></span> <span class='ocrx_word' id='word_1_408' title='bbox 1496 3504 1706 3576; x_wconf 82' lang='grc' dir='ltr'><strong>πύργος</strong></span> 
     </span>
    </p>
   </div>
   <div class='ocr_carea' id='block_1_52' title="bbox 128 3597 1703 3676">
    <p class='ocr_par' dir='ltr' id='par_1_52' title="bbox 128 3597 1703 3676">
     <span class='ocr_line' id='line_1_52' title="bbox 128 3597 1703 3676; baseline -0.005 -20"><span class='ocrx_word' id='word_1_409' title='bbox 128 3607 166 3676; x_wconf 68' lang='grc' dir='ltr'><strong>η</strong></span> <span class='ocrx_word' id='word_1_410' title='bbox 192 3603 408 3665; x_wconf 85' lang='grc' dir='ltr'><strong>πίστις·</strong></span> <span class='ocrx_word' id='word_1_411' title='bbox 442 3603 492 3654; x_wconf 85' lang='grc' dir='ltr'><strong>οἱ</strong></span> <span class='ocrx_word' id='word_1_412' title='bbox 532 3601 766 3671; x_wconf 74' lang='grc' dir='ltr'><strong>γεωργοὶ</strong></span> <span class='ocrx_word' id='word_1_413' title='bbox 797 3602 847 3653; x_wconf 83' lang='grc' dir='ltr'><strong>οἱ</strong></span> <span class='ocrx_word' id='word_1_414' title='bbox 887 3599 1161 3653; x_wconf 85' lang='grc' dir='ltr'><strong>Ἰουδαῖοι·</strong></span> <span class='ocrx_word' id='word_1_415' title='bbox 1195 3599 1243 3651; x_wconf 82' lang='grc' dir='ltr'><strong>οἱ</strong></span> <span class='ocrx_word' id='word_1_416' title='bbox 1275 3597 1448 3650; x_wconf 89' lang='grc' dir='ltr'><strong>δοῦλοι</strong></span> <span class='ocrx_word' id='word_1_417' title='bbox 1490 3598 1703 3668; x_wconf 81' lang='grc' dir='ltr'><strong>προφῆ-</strong></span> 
     </span>
    </p>
   </div>
   <div class='ocr_carea' id='block_1_53' title="bbox 129 3689 1706 3763">
    <p class='ocr_par' dir='ltr' id='par_1_53' title="bbox 129 3689 1706 3763">
     <span class='ocr_line' id='line_1_53' title="bbox 129 3689 1706 3763; baseline -0.006 -15"><span class='ocrx_word' id='word_1_418' title='bbox 129 3711 243 3760; x_wconf 79' lang='grc' dir='ltr'><strong>ται,</strong></span> <span class='ocrx_word' id='word_1_419' title='bbox 267 3693 573 3758; x_wconf 81' lang='grc' dir='ltr'><strong>ἀπόστολοι,</strong></span> <span class='ocrx_word' id='word_1_420' title='bbox 599 3693 693 3746; x_wconf 79' lang='grc' dir='ltr'><strong>καὶ</strong></span> <span class='ocrx_word' id='word_1_421' title='bbox 721 3692 1012 3763; x_wconf 87' lang='grc' dir='ltr'><strong>μάρτυρες.</strong></span> <span class='ocrx_word' id='word_1_422' title='bbox 1033 3691 1142 3742; x_wconf 73' lang='grc' dir='ltr'><strong>Καὶ</strong></span> <span class='ocrx_word' id='word_1_423' title='bbox 1167 3689 1482 3742; x_wconf 85' lang='grc' dir='ltr'><strong>ἀπέστειλεν</strong></span> <span class='ocrx_word' id='word_1_424' title='bbox 1509 3689 1706 3750; x_wconf 75' lang='grc' dir='ltr'><strong>αὐτοὺς</strong></span> 
     </span>
    </p>
   </div>
   <div class='ocr_carea' id='block_1_54' title="bbox 131 3781 1708 3859">
    <p class='ocr_par' dir='ltr' id='par_1_54' title="bbox 131 3781 1708 3859">
     <span class='ocr_line' id='line_1_54' title="bbox 131 3781 1708 3859; baseline -0.006 -17"><span class='ocrx_word' id='word_1_425' title='bbox 131 3789 393 3859; x_wconf 68' lang='grc' dir='ltr'><strong>κηρύξαι,</strong></span> <span class='ocrx_word' id='word_1_426' title='bbox 426 3787 522 3840; x_wconf 75' lang='grc' dir='ltr'><strong>καὶ</strong></span> <span class='ocrx_word' id='word_1_427' title='bbox 545 3786 870 3839; x_wconf 83' lang='grc' dir='ltr'><strong>ἀπέκτειναν</strong></span> <span class='ocrx_word' id='word_1_428' title='bbox 913 3784 1107 3847; x_wconf 82' lang='grc' dir='ltr'><strong>αὐτούς</strong></span> <span class='ocrx_word' id='word_1_429' title='bbox 1131 3801 1144 3814; x_wconf 87' lang='grc'><strong>·</strong></span> <span class='ocrx_word' id='word_1_430' title='bbox 1179 3783 1438 3845; x_wconf 84' lang='grc' dir='ltr'><strong>ὡσαύτως</strong></span> <span class='ocrx_word' id='word_1_431' title='bbox 1490 3781 1582 3834; x_wconf 73' lang='grc' dir='ltr'><strong>καὶ</strong></span> <span class='ocrx_word' id='word_1_432' title='bbox 1616 3781 1708 3833; x_wconf 87' lang='grc' dir='ltr'><strong>τὸν</strong></span> 
     </span>
    </p>
   </div>
   <div class='ocr_carea' id='block_1_55' title="bbox 136 3869 1709 3950">
    <p class='ocr_par' dir='ltr' id='par_1_55' title="bbox 136 3869 1709 3950">
     <span class='ocr_line' id='line_1_55' title="bbox 136 3869 1709 3950; baseline -0.006 -19"><span class='ocrx_word' id='word_1_433' title='bbox 136 3879 406 3950; x_wconf 88' lang='grc' dir='ltr'><strong>μονογενῆ</strong></span> <span class='ocrx_word' id='word_1_434' title='bbox 434 3878 560 3929; x_wconf 82' lang='grc' dir='ltr'>Υἱὸν</span> <span class='ocrx_word' id='word_1_435' title='bbox 593 3878 686 3929; x_wconf 79' lang='grc' dir='ltr'><strong>καὶ</strong></span> <span class='ocrx_word' id='word_1_436' title='bbox 736 3875 907 3942; x_wconf 86' lang='grc' dir='ltr'><strong>Λόγον</strong></span> <span class='ocrx_word' id='word_1_437' title='bbox 948 3873 1042 3926; x_wconf 88' lang='grc' dir='ltr'><strong>τοῦ</strong></span> <span class='ocrx_word' id='word_1_438' title='bbox 1093 3873 1250 3936; x_wconf 90' lang='grc' dir='ltr'><strong>Θεοῦ,</strong></span> <span class='ocrx_word' id='word_1_439' title='bbox 1283 3873 1376 3926; x_wconf 74' lang='grc' dir='ltr'><strong>καὶ</strong></span> <span class='ocrx_word' id='word_1_440' title='bbox 1407 3871 1620 3943; x_wconf 74' lang='grc' dir='ltr'><strong>ἐπήρθη</strong></span> <span class='ocrx_word' id='word_1_441' title='bbox 1649 3869 1709 3934; x_wconf 78' lang='grc' dir='ltr'>ἐξ</span> 
     </span>
    </p>
   </div>
   <div class='ocr_carea' id='block_1_56' title="bbox 133 3964 1708 4042">
    <p class='ocr_par' dir='ltr' id='par_1_56' title="bbox 133 3964 1708 4042">
     <span class='ocr_line' id='line_1_56' title="bbox 133 3964 1708 4042; baseline -0.006 -16"><span class='ocrx_word' id='word_1_442' title='bbox 133 3973 316 4027; x_wconf 75' lang='grc' dir='ltr'><strong>αὐτῶν</strong></span> <span class='ocrx_word' id='word_1_443' title='bbox 348 3973 380 4042; x_wconf 92' lang='grc' dir='ltr'><strong>ή</strong></span> <span class='ocrx_word' id='word_1_444' title='bbox 415 3969 680 4039; x_wconf 86' lang='grc' dir='ltr'><strong>βασιλεία,</strong></span> <span class='ocrx_word' id='word_1_445' title='bbox 711 3968 805 4022; x_wconf 73' lang='grc' dir='ltr'><strong>καὶ</strong></span> <span class='ocrx_word' id='word_1_446' title='bbox 834 3967 988 4038; x_wconf 83' lang='grc' dir='ltr'><strong>ἐδόθη</strong></span> <span class='ocrx_word' id='word_1_447' title='bbox 1019 3968 1329 4038; x_wconf 87' lang='grc' dir='ltr'><strong>Ῥωμαίοις,</strong></span> <span class='ocrx_word' id='word_1_448' title='bbox 1353 3969 1464 4028; x_wconf 82' lang='grc' dir='ltr'><strong>τοῖς</strong></span> <span class='ocrx_word' id='word_1_449' title='bbox 1496 3964 1708 4017; x_wconf 85' lang='grc' dir='ltr'><strong>ποιοῦσι</strong></span> 
     </span>
    </p>
   </div>
   <div class='ocr_carea' id='block_1_57' title="bbox 130 4057 1712 4134">
    <p class='ocr_par' dir='ltr' id='par_1_57' title="bbox 130 4057 1712 4134">
     <span class='ocr_line' id='line_1_57' title="bbox 130 4057 1712 4134; baseline -0.006 -17"><span class='ocrx_word' id='word_1_450' title='bbox 130 4067 261 4127; x_wconf 66' lang='grc' dir='ltr'><strong>τοὺς</strong></span> <span class='ocrx_word' id='word_1_451' title='bbox 302 4065 548 4134; x_wconf 86' lang='grc' dir='ltr'><strong>καρποὺς</strong></span> <span class='ocrx_word' id='word_1_452' title='bbox 600 4061 787 4132; x_wconf 81' lang='grc' dir='ltr'><strong>αὐτῆς.</strong></span> <span class='ocrx_word' id='word_1_453' title='bbox 820 4061 981 4113; x_wconf 72' lang='grc' dir='ltr'><strong>Αὐτοὶ</strong></span> <span class='ocrx_word' id='word_1_454' title='bbox 1019 4060 1077 4112; x_wconf 81' lang='grc' dir='ltr'><strong>δὲ</strong></span> <span class='ocrx_word' id='word_1_455' title='bbox 1119 4059 1276 4112; x_wconf 77' lang='grc' dir='ltr'><strong>κακοὶ</strong></span> <span class='ocrx_word' id='word_1_456' title='bbox 1355 4057 1540 4120; x_wconf 85' lang='grc' dir='ltr'><strong>κακῶς</strong></span> <span class='ocrx_word' id='word_1_457' title='bbox 1608 4057 1712 4109; x_wconf 87' lang='grc' dir='ltr'><strong>ἀπ·-</strong></span> 
     </span>
    </p>
   </div>
   <div class='ocr_carea' id='block_1_58' title="bbox 133 4147 1668 4224">
    <p class='ocr_par' dir='ltr' id='par_1_58' title="bbox 133 4147 1668 4224">
     <span class='ocr_line' id='line_1_58' title="bbox 133 4147 1668 4224; baseline -0.005 -15"><span class='ocrx_word' id='word_1_458' title='bbox 133 4156 336 4208; x_wconf 83' lang='grc' dir='ltr'><strong>ὡ).οντο</strong></span> <span class='ocrx_word' id='word_1_459' title='bbox 363 4154 451 4206; x_wconf 82' lang='grc' dir='ltr'><strong>διά</strong></span> <span class='ocrx_word' id='word_1_460' title='bbox 478 4153 575 4224; x_wconf 79' lang='grc' dir='ltr'><strong>τὴν</strong></span> <span class='ocrx_word' id='word_1_461' title='bbox 609 4152 864 4205; x_wconf 78' lang='grc' dir='ltr'><strong>ἀπιστίαν</strong></span> <span class='ocrx_word' id='word_1_462' title='bbox 890 4150 1067 4204; x_wconf 81' lang='grc' dir='ltr'><strong>αὐτῶν</strong></span> <span class='ocrx_word' id='word_1_463' title='bbox 1098 4152 1192 4204; x_wconf 77' lang='grc' dir='ltr'><strong>καὶ</strong></span> <span class='ocrx_word' id='word_1_464' title='bbox 1221 4147 1668 4221; x_wconf 81' lang='grc' dir='ltr'><strong>σκληροκαρδίαν.</strong></span> 
     </span>
    </p>
   </div>
   <div class='ocr_carea' id='block_1_59' title="bbox 210 4239 1712 4317">
    <p class='ocr_par' dir='ltr' id='par_1_59' title="bbox 210 4239 1712 4317">
     <span class='ocr_line' id='line_1_59' title="bbox 210 4239 1712 4317; baseline -0.008 -16"><span class='ocrx_word' id='word_1_465' title='bbox 210 4248 385 4317; x_wconf 83' lang='grc' dir='ltr'><strong>Ἀλλη</strong></span> <span class='ocrx_word' id='word_1_466' title='bbox 411 4246 490 4300; x_wconf 87' lang='grc' dir='ltr'><strong>ιδ’.</strong></span> <span class='ocrx_word' id='word_1_467' title='bbox 527 4265 544 4296; x_wconf 82' lang='grc' dir='ltr'><strong>ι</strong></span> <span class='ocrx_word' id='word_1_468' title='bbox 580 4244 832 4315; x_wconf 80' lang='grc' dir='ltr'><strong>Ἐξῆλθεν</strong></span> <span class='ocrx_word' id='word_1_469' title='bbox 875 4246 903 4297; x_wconf 89' lang='lat'><strong>6</strong></span> <span class='ocrx_word' id='word_1_470' title='bbox 937 4243 1175 4314; x_wconf 86' lang='grc' dir='ltr'><strong>σπείρων</strong></span> <span class='ocrx_word' id='word_1_471' title='bbox 1215 4241 1310 4294; x_wconf 87' lang='grc' dir='ltr'><strong>τοῦ</strong></span> <span class='ocrx_word' id='word_1_472' title='bbox 1359 4243 1580 4310; x_wconf 76' lang='grc' dir='ltr'><strong>σπεῖραι</strong></span> <span class='ocrx_word' id='word_1_473' title='bbox 1621 4239 1712 4291; x_wconf 76' lang='grc' dir='ltr'><strong>τὸν</strong></span> 
     </span>
    </p>
   </div>
   <div class='ocr_carea' id='block_1_60' title="bbox 137 4331 1711 4410">
    <p class='ocr_par' dir='ltr' id='par_1_60' title="bbox 137 4331 1711 4410">
     <span class='ocr_line' id='line_1_60' title="bbox 137 4331 1711 4410; baseline -0.006 -18"><span class='ocrx_word' id='word_1_474' title='bbox 137 4340 340 4410; x_wconf 79' lang='grc' dir='ltr'><strong>σπόρον</strong></span> <span class='ocrx_word' id='word_1_475' title='bbox 368 4336 552 4390; x_wconf 81' lang='grc' dir='ltr'><strong>αὐτοῦ.</strong></span> <span class='ocrx_word' id='word_1_476' title='bbox 579 4356 596 4387; x_wconf 72' lang='grc' dir='ltr'><strong>ι</strong></span> <span class='ocrx_word' id='word_1_477' title='bbox 636 4337 693 4389; x_wconf 90' lang='lat'><strong>&#39;0</strong></span> <span class='ocrx_word' id='word_1_478' title='bbox 718 4337 915 4406; x_wconf 87' lang='grc' dir='ltr'><strong>σπόρος</strong></span> <span class='ocrx_word' id='word_1_479' title='bbox 940 4335 1086 4387; x_wconf 69' lang='grc' dir='ltr'><strong>ἐστὶν</strong></span> <span class='ocrx_word' id='word_1_480' title='bbox 1106 4336 1134 4386; x_wconf 92' lang='grc' dir='ltr'><strong>ό</strong></span> <span class='ocrx_word' id='word_1_481' title='bbox 1153 4332 1312 4402; x_wconf 84' lang='grc' dir='ltr'><strong>λόγος</strong></span> <span class='ocrx_word' id='word_1_482' title='bbox 1344 4331 1438 4384; x_wconf 79' lang='grc' dir='ltr'><strong>τοῦ</strong></span> <span class='ocrx_word' id='word_1_483' title='bbox 1479 4331 1614 4384; x_wconf 91' lang='grc' dir='ltr'><strong>Θεοῦ</strong></span> <span class='ocrx_word' id='word_1_484' title='bbox 1637 4349 1649 4362; x_wconf 89' lang='grc'><strong>·</strong></span> <span class='ocrx_word' id='word_1_485' title='bbox 1683 4332 1711 4384; x_wconf 90' lang='lat'><strong>6</strong></span> 
     </span>
    </p>
   </div>
   <div class='ocr_carea' id='block_1_61' title="bbox 137 4423 1713 4502">
    <p class='ocr_par' dir='ltr' id='par_1_61' title="bbox 137 4423 1713 4502">
     <span class='ocr_line' id='line_1_61' title="bbox 137 4423 1713 4502; baseline -0.004 -20"><span class='ocrx_word' id='word_1_486' title='bbox 137 4428 457 4502; x_wconf 83' lang='grc' dir='ltr'><strong>περιπεσὼν</strong></span> <span class='ocrx_word' id='word_1_487' title='bbox 484 4430 562 4491; x_wconf 79' lang='grc' dir='ltr'><strong>είς</strong></span> <span class='ocrx_word' id='word_1_488' title='bbox 590 4429 689 4499; x_wconf 81' lang='grc' dir='ltr'><strong>τὴν</strong></span> <span class='ocrx_word' id='word_1_489' title='bbox 721 4426 960 4480; x_wconf 82' lang='grc' dir='ltr'><strong>ἄκανθαν</strong></span> <span class='ocrx_word' id='word_1_490' title='bbox 988 4428 1016 4479; x_wconf 91' lang='lat'><strong>6</strong></span> <span class='ocrx_word' id='word_1_491' title='bbox 1050 4425 1250 4488; x_wconf 86' lang='grc' dir='ltr'><strong>Ἰούδας</strong></span> <span class='ocrx_word' id='word_1_492' title='bbox 1269 4441 1282 4454; x_wconf 92' lang='grc'><strong>·</strong></span> <span class='ocrx_word' id='word_1_493' title='bbox 1316 4423 1565 4477; x_wconf 86' lang='grc' dir='ltr'><strong>ἀπελθὼν</strong></span> <span class='ocrx_word' id='word_1_494' title='bbox 1604 4423 1713 4494; x_wconf 85' lang='grc' dir='ltr'><strong>γὰρ</strong></span> 
     </span>
    </p>
   </div>
   <div class='ocr_carea' id='block_1_62' title="bbox 1791 1949 2518 2023">
    <p class='ocr_par' dir='ltr' id='par_1_62' title="bbox 1791 1949 2518 2023">
     <span class='ocr_line' id='line_1_62' title="bbox 1791 1949 2518 2023; baseline -0.001 -18"><span class='ocrx_word' id='word_1_495' title='bbox 1791 1951 2036 2023; x_wconf 83' lang='lat' dir='ltr'><strong>ﬁgendus</strong></span> <span class='ocrx_word' id='word_1_496' title='bbox 2067 1959 2206 2016; x_wconf 89' lang='lat' dir='ltr'><strong>erat,</strong></span> <span class='ocrx_word' id='word_1_497' title='bbox 2234 1958 2287 2006; x_wconf 90' lang='lat' dir='ltr'><strong>et</strong></span> <span class='ocrx_word' id='word_1_498' title='bbox 2305 1949 2518 2007; x_wconf 87' lang='lat' dir='ltr'><strong>Petrus.</strong></span> 
     </span>
    </p>
   </div>
   <div class='ocr_carea' id='block_1_63' title="bbox 1864 2131 3358 2206">
    <p class='ocr_par' dir='ltr' id='par_1_63' title="bbox 1864 2131 3358 2206">
     <span class='ocr_line' id='line_1_63' title="bbox 1864 2131 3358 2206; baseline -0.001 -19"><span class='ocrx_word' id='word_1_499' title='bbox 1864 2131 2028 2203; x_wconf 79' lang='lat'><strong>259</strong></span> <span class='ocrx_word' id='word_1_500' title='bbox 2065 2133 2206 2187; x_wconf 79' lang='lat' dir='ltr'><strong>ALu</strong></span> <span class='ocrx_word' id='word_1_501' title='bbox 2247 2131 2343 2188; x_wconf 82' lang='lat' dir='ltr'><strong>Xl.</strong></span> <span class='ocrx_word' id='word_1_502' title='bbox 2378 2150 2397 2184; x_wconf 81' lang='grc' dir='ltr'><strong>ι</strong></span> <span class='ocrx_word' id='word_1_503' title='bbox 2427 2131 2602 2188; x_wconf 84' lang='lat' dir='ltr'><strong>Homo</strong></span> <span class='ocrx_word' id='word_1_504' title='bbox 2653 2134 2874 2206; x_wconf 89' lang='lat' dir='ltr'><strong>quidam</strong></span> <span class='ocrx_word' id='word_1_505' title='bbox 2927 2133 3066 2191; x_wconf 91' lang='lat' dir='ltr'><strong>duos</strong></span> <span class='ocrx_word' id='word_1_506' title='bbox 3119 2134 3358 2189; x_wconf 84' lang='lat' dir='ltr'><strong>habebat</strong></span> 
     </span>
    </p>
   </div>
   <div class='ocr_carea' id='block_1_64' title="bbox 1795 2221 3366 2296">
    <p class='ocr_par' dir='ltr' id='par_1_64' title="bbox 1795 2221 3366 2296">
     <span class='ocr_line' id='line_1_64' title="bbox 1795 2221 3366 2296; baseline 0.004 -20"><span class='ocrx_word' id='word_1_507' title='bbox 1795 2221 1952 2278; x_wconf 85' lang='lat' dir='ltr'><strong>ﬁlios.</strong></span> <span class='ocrx_word' id='word_1_508' title='bbox 2002 2223 2144 2276; x_wconf 84' lang='lat' dir='ltr'><strong>Dixit</strong></span> <span class='ocrx_word' id='word_1_509' title='bbox 2195 2224 2376 2277; x_wconf 90' lang='lat' dir='ltr'><strong>minor</strong></span> <span class='ocrx_word' id='word_1_510' title='bbox 2421 2231 2553 2279; x_wconf 92' lang='lat' dir='ltr'><strong>natu</strong></span> <span class='ocrx_word' id='word_1_511' title='bbox 2582 2224 2651 2280; x_wconf 89' lang='lat' dir='ltr'><strong>ad</strong></span> <span class='ocrx_word' id='word_1_512' title='bbox 2705 2237 2912 2296; x_wconf 89' lang='lat' dir='ltr'><strong>patrem</strong></span> <span class='ocrx_word' id='word_1_513' title='bbox 2943 2243 3101 2283; x_wconf 89' lang='lat' dir='ltr'><strong>suum</strong></span> <span class='ocrx_word' id='word_1_514' title='bbox 3136 2225 3366 2294; x_wconf 86' lang='lat' dir='ltr'><strong>:Pater,</strong></span> 
     </span>
    </p>
   </div>
   <div class='ocr_carea' id='block_1_65' title="bbox 1794 2313 3370 2380">
    <p class='ocr_par' dir='ltr' id='par_1_65' title="bbox 1794 2313 3370 2380">
     <span class='ocr_line' id='line_1_65' title="bbox 1794 2313 3370 2380; baseline 0.004 -12"><span class='ocrx_word' id='word_1_515' title='bbox 1794 2313 1863 2368; x_wconf 90' lang='lat' dir='ltr'><strong>da</strong></span> <span class='ocrx_word' id='word_1_516' title='bbox 1936 2313 2070 2368; x_wconf 90' lang='lat' dir='ltr'><strong>mihi</strong></span> <span class='ocrx_word' id='word_1_517' title='bbox 2094 2316 2157 2367; x_wconf 74' lang='grc' dir='ltr'><strong>η.</strong></span> <span class='ocrx_word' id='word_1_518' title='bbox 2197 2333 2217 2366; x_wconf 85' lang='grc'><strong>›</strong></span> <span class='ocrx_word' id='word_1_519' title='bbox 2271 2313 2404 2380; x_wconf 91' lang='lat' dir='ltr'><strong>Quis</strong></span> <span class='ocrx_word' id='word_1_520' title='bbox 2455 2316 2544 2372; x_wconf 89' lang='lat' dir='ltr'><strong>ille</strong></span> <span class='ocrx_word' id='word_1_521' title='bbox 2602 2317 2804 2374; x_wconf 89' lang='lat' dir='ltr'><strong>homo?</strong></span> <span class='ocrx_word' id='word_1_522' title='bbox 2840 2319 3003 2376; x_wconf 89' lang='lat' dir='ltr'><strong>Deus.</strong></span> <span class='ocrx_word' id='word_1_523' title='bbox 3057 2319 3174 2375; x_wconf 90' lang='lat' dir='ltr'><strong>Duo</strong></span> <span class='ocrx_word' id='word_1_524' title='bbox 3227 2320 3370 2376; x_wconf 79' lang='lat' dir='ltr'><strong>lilii?</strong></span> 
     </span>
    </p>
   </div>
   <div class='ocr_carea' id='block_1_66' title="bbox 1791 2407 3369 2485">
    <p class='ocr_par' dir='ltr' id='par_1_66' title="bbox 1791 2407 3369 2485">
     <span class='ocr_line' id='line_1_66' title="bbox 1791 2407 3369 2485; baseline 0.004 -21"><span class='ocrx_word' id='word_1_525' title='bbox 1791 2407 1928 2478; x_wconf 86' lang='lat' dir='ltr'><strong>justi</strong></span> <span class='ocrx_word' id='word_1_526' title='bbox 1979 2415 2034 2464; x_wconf 90' lang='lat' dir='ltr'><strong>et</strong></span> <span class='ocrx_word' id='word_1_527' title='bbox 2076 2417 2410 2480; x_wconf 89' lang='lat' dir='ltr'><strong>peccatores.</strong></span> <span class='ocrx_word' id='word_1_528' title='bbox 2443 2409 2616 2467; x_wconf 89' lang='lat' dir='ltr'><strong>Filius</strong></span> <span class='ocrx_word' id='word_1_529' title='bbox 2666 2413 2846 2469; x_wconf 90' lang='lat' dir='ltr'><strong>minor</strong></span> <span class='ocrx_word' id='word_1_530' title='bbox 2891 2422 3044 2479; x_wconf 88' lang='lat' dir='ltr'><strong>natu,</strong></span> <span class='ocrx_word' id='word_1_531' title='bbox 3068 2414 3161 2485; x_wconf 90' lang='lat' dir='ltr'><strong>qui</strong></span> <span class='ocrx_word' id='word_1_532' title='bbox 3188 2420 3369 2470; x_wconf 86' lang='lat' dir='ltr'><strong>mente</strong></span> 
     </span>
    </p>
   </div>
   <div class='ocr_carea' id='block_1_67' title="bbox 1795 2501 3368 2576">
    <p class='ocr_par' dir='ltr' id='par_1_67' title="bbox 1795 2501 3368 2576">
     <span class='ocr_line' id='line_1_67' title="bbox 1795 2501 3368 2576; baseline 0.001 -19"><span class='ocrx_word' id='word_1_533' title='bbox 1795 2505 1881 2557; x_wconf 90' lang='lat' dir='ltr'><strong>est</strong></span> <span class='ocrx_word' id='word_1_534' title='bbox 1923 2501 2188 2558; x_wconf 88' lang='lat' dir='ltr'><strong>instabili.</strong></span> <span class='ocrx_word' id='word_1_535' title='bbox 2222 2501 2358 2558; x_wconf 82' lang='lat' dir='ltr'><strong>Pars</strong></span> <span class='ocrx_word' id='word_1_536' title='bbox 2399 2502 2552 2558; x_wconf 90' lang='lat' dir='ltr'><strong>illum</strong></span> <span class='ocrx_word' id='word_1_537' title='bbox 2587 2518 2944 2570; x_wconf 85' lang='lat' dir='ltr'><strong>concernens,</strong></span> <span class='ocrx_word' id='word_1_538' title='bbox 2990 2516 3119 2561; x_wconf 89' lang='lat' dir='ltr'><strong>sunt</strong></span> <span class='ocrx_word' id='word_1_539' title='bbox 3149 2504 3368 2576; x_wconf 87' lang='lat' dir='ltr'><strong>eloquia</strong></span> 
     </span>
    </p>
   </div>
   <div class='ocr_carea' id='block_1_68' title="bbox 1796 2591 2285 2648">
    <p class='ocr_par' dir='ltr' id='par_1_68' title="bbox 1796 2591 2285 2648">
     <span class='ocr_line' id='line_1_68' title="bbox 1796 2591 2285 2648; baseline 0 -2"><span class='ocrx_word' id='word_1_540' title='bbox 1796 2598 1851 2646; x_wconf 92' lang='lat' dir='ltr'><strong>et</strong></span> <span class='ocrx_word' id='word_1_541' title='bbox 1880 2591 2137 2646; x_wconf 87' lang='lat' dir='ltr'><strong>mandata</strong></span> <span class='ocrx_word' id='word_1_542' title='bbox 2168 2591 2285 2648; x_wconf 91' lang='lat' dir='ltr'><strong>Dei.</strong></span> 
     </span>
    </p>
   </div>
   <div class='ocr_carea' id='block_1_69' title="bbox 1869 2682 3370 2763">
    <p class='ocr_par' dir='ltr' id='par_1_69' title="bbox 1869 2682 3370 2763">
     <span class='ocr_line' id='line_1_69' title="bbox 1869 2682 3370 2763; baseline 0.007 -27"><span class='ocrx_word' id='word_1_543' title='bbox 1869 2682 2007 2737; x_wconf 63' lang='lat' dir='ltr'><strong>Aux</strong></span> <span class='ocrx_word' id='word_1_544' title='bbox 2038 2683 2154 2738; x_wconf 82' lang='grc' dir='ltr'><strong>ΧΠ.</strong></span> <span class='ocrx_word' id='word_1_545' title='bbox 2189 2705 2208 2737; x_wconf 79' lang='grc' dir='ltr'><strong>ι</strong></span> <span class='ocrx_word' id='word_1_546' title='bbox 2238 2685 2408 2742; x_wconf 83' lang='lat' dir='ltr'><strong>Homo</strong></span> <span class='ocrx_word' id='word_1_547' title='bbox 2428 2687 2649 2758; x_wconf 88' lang='lat' dir='ltr'><strong>quidam</strong></span> <span class='ocrx_word' id='word_1_548' title='bbox 2688 2691 2820 2746; x_wconf 91' lang='lat' dir='ltr'><strong>abiit</strong></span> <span class='ocrx_word' id='word_1_549' title='bbox 2853 2691 2910 2745; x_wconf 88' lang='lat' dir='ltr'><strong>in</strong></span> <span class='ocrx_word' id='word_1_550' title='bbox 2945 2691 3219 2763; x_wconf 78' lang='lat' dir='ltr'><strong>regionem</strong></span> <span class='ocrx_word' id='word_1_551' title='bbox 3255 2693 3370 2747; x_wconf 82' lang='lat' dir='ltr'><strong>lon-</strong></span> 
     </span>
    </p>
   </div>
   <div class='ocr_carea' id='block_1_70' title="bbox 1799 2775 3371 2852">
    <p class='ocr_par' dir='ltr' id='par_1_70' title="bbox 1799 2775 3371 2852">
     <span class='ocr_line' id='line_1_70' title="bbox 1799 2775 3371 2852; baseline 0.006 -23"><span class='ocrx_word' id='word_1_552' title='bbox 1799 2775 2058 2846; x_wconf 87' lang='lat' dir='ltr'><strong>ginquam</strong></span> <span class='ocrx_word' id='word_1_553' title='bbox 2103 2778 2170 2832; x_wconf 91' lang='lat' dir='ltr'><strong>ad</strong></span> <span class='ocrx_word' id='word_1_554' title='bbox 2221 2778 2596 2849; x_wconf 90' lang='lat' dir='ltr'><strong>accipiendum</strong></span> <span class='ocrx_word' id='word_1_555' title='bbox 2632 2783 2944 2852; x_wconf 78' lang='lat' dir='ltr'><strong>regnum&quot;.</strong></span> <span class='ocrx_word' id='word_1_556' title='bbox 2985 2802 3005 2836; x_wconf 75' lang='grc' dir='ltr'><strong>ι</strong></span> <span class='ocrx_word' id='word_1_557' title='bbox 3057 2782 3233 2838; x_wconf 87' lang='lat' dir='ltr'><strong>Homo</strong></span> <span class='ocrx_word' id='word_1_558' title='bbox 3279 2785 3371 2839; x_wconf 86' lang='lat' dir='ltr'><strong>ille</strong></span> 
     </span>
    </p>
   </div>
   <div class='ocr_carea' id='block_1_71' title="bbox 1802 2868 3370 2946">
    <p class='ocr_par' dir='ltr' id='par_1_71' title="bbox 1802 2868 3370 2946">
     <span class='ocr_line' id='line_1_71' title="bbox 1802 2868 3370 2946; baseline 0.004 -23"><span class='ocrx_word' id='word_1_559' title='bbox 1802 2868 1949 2926; x_wconf 89' lang='lat' dir='ltr'><strong>Deus</strong></span> <span class='ocrx_word' id='word_1_560' title='bbox 2001 2878 2104 2926; x_wconf 94' lang='grc' dir='ltr'><strong>εει.</strong></span> <span class='ocrx_word' id='word_1_561' title='bbox 2161 2869 2481 2942; x_wconf 86' lang='lat' dir='ltr'><strong>Longinqua</strong></span> <span class='ocrx_word' id='word_1_562' title='bbox 2528 2873 2680 2943; x_wconf 86' lang='lat' dir='ltr'><strong>regio</strong></span> <span class='ocrx_word' id='word_1_563' title='bbox 2727 2882 2811 2928; x_wconf 90' lang='lat' dir='ltr'><strong>est</strong></span> <span class='ocrx_word' id='word_1_564' title='bbox 2850 2873 3118 2930; x_wconf 90' lang='lat' dir='ltr'><strong>adventus</strong></span> <span class='ocrx_word' id='word_1_565' title='bbox 3165 2874 3285 2946; x_wconf 89' lang='lat' dir='ltr'><strong>ejus</strong></span> <span class='ocrx_word' id='word_1_566' title='bbox 3312 2875 3370 2929; x_wconf 91' lang='lat' dir='ltr'><strong>in</strong></span> 
     </span>
    </p>
   </div>
   <div class='ocr_carea' id='block_1_72' title="bbox 1803 2962 3371 3037">
    <p class='ocr_par' dir='ltr' id='par_1_72' title="bbox 1803 2962 3371 3037">
     <span class='ocr_line' id='line_1_72' title="bbox 1803 2962 3371 3037; baseline 0.004 -22"><span class='ocrx_word' id='word_1_567' title='bbox 1803 2970 2030 3018; x_wconf 89' lang='lat' dir='ltr'><strong>terram.</strong></span> <span class='ocrx_word' id='word_1_568' title='bbox 2062 2962 2331 3034; x_wconf 78' lang='lat' dir='ltr'><strong>Regnum,</strong></span> <span class='ocrx_word' id='word_1_569' title='bbox 2379 2965 2655 3021; x_wconf 87' lang='lat' dir='ltr'><strong>secundus</strong></span> <span class='ocrx_word' id='word_1_570' title='bbox 2698 2967 2820 3037; x_wconf 88' lang='lat' dir='ltr'><strong>ejus</strong></span> <span class='ocrx_word' id='word_1_571' title='bbox 2867 2967 3155 3023; x_wconf 88' lang='lat' dir='ltr'><strong>adventus.</strong></span> <span class='ocrx_word' id='word_1_572' title='bbox 3213 2966 3371 3022; x_wconf 86' lang='lat' dir='ltr'><strong>Servi</strong></span> 
     </span>
    </p>
   </div>
   <div class='ocr_carea' id='block_1_73' title="bbox 1806 3057 3371 3130">
    <p class='ocr_par' dir='ltr' id='par_1_73' title="bbox 1806 3057 3371 3130">
     <span class='ocr_line' id='line_1_73' title="bbox 1806 3057 3371 3130; baseline 0.002 -18"><span class='ocrx_word' id='word_1_573' title='bbox 1806 3066 1935 3112; x_wconf 91' lang='lat' dir='ltr'><strong>sunt</strong></span> <span class='ocrx_word' id='word_1_574' title='bbox 1964 3057 2264 3128; x_wconf 84' lang='lat' dir='ltr'><strong>prophetae,</strong></span> <span class='ocrx_word' id='word_1_575' title='bbox 2295 3059 2528 3128; x_wconf 84' lang='lat' dir='ltr'><strong>apostoli</strong></span> <span class='ocrx_word' id='word_1_576' title='bbox 2581 3067 2635 3114; x_wconf 88' lang='lat' dir='ltr'><strong>et</strong></span> <span class='ocrx_word' id='word_1_577' title='bbox 2684 3067 2974 3130; x_wconf 85' lang='lat' dir='ltr'><strong>martyres.</strong></span> <span class='ocrx_word' id='word_1_578' title='bbox 3015 3058 3140 3114; x_wconf 86' lang='lat' dir='ltr'><strong>Mna</strong></span> <span class='ocrx_word' id='word_1_579' title='bbox 3190 3069 3371 3115; x_wconf 88' lang='lat' dir='ltr'><strong>autem</strong></span> 
     </span>
    </p>
   </div>
   <div class='ocr_carea' id='block_1_74' title="bbox 1727 3147 3371 3220">
    <p class='ocr_par' dir='ltr' id='par_1_74' title="bbox 1727 3147 3371 3220">
     <span class='ocr_line' id='line_1_74' title="bbox 1727 3147 3371 3220; baseline 0.002 -18"><span class='ocrx_word' id='word_1_580' title='bbox 1727 3163 1770 3220; x_wconf 72' lang='grc' dir='ltr'>ο</span> <span class='ocrx_word' id='word_1_581' title='bbox 1803 3155 1888 3202; x_wconf 89' lang='grc' dir='ltr'><strong>εει</strong></span> <span class='ocrx_word' id='word_1_582' title='bbox 1929 3148 2124 3217; x_wconf 84' lang='lat' dir='ltr'><strong>gratia,</strong></span> <span class='ocrx_word' id='word_1_583' title='bbox 2154 3162 2314 3217; x_wconf 88' lang='lat' dir='ltr'><strong>quam</strong></span> <span class='ocrx_word' id='word_1_584' title='bbox 2353 3156 2638 3218; x_wconf 83' lang='lat' dir='ltr'><strong>acceperat</strong></span> <span class='ocrx_word' id='word_1_585' title='bbox 2677 3147 2848 3204; x_wconf 82' lang='lat' dir='ltr'><strong>Judas</strong></span> <span class='ocrx_word' id='word_1_586' title='bbox 2876 3166 2889 3202; x_wconf 92' lang='lat'><strong>:</strong></span> <span class='ocrx_word' id='word_1_587' title='bbox 2921 3150 3172 3206; x_wconf 90' lang='lat' dir='ltr'><strong>similiter</strong></span> <span class='ocrx_word' id='word_1_588' title='bbox 3206 3152 3371 3206; x_wconf 86' lang='lat' dir='ltr'><strong>etiam</strong></span> 
     </span>
    </p>
   </div>
   <div class='ocr_carea' id='block_1_75' title="bbox 1805 3239 2087 3292">
    <p class='ocr_par' dir='ltr' id='par_1_75' title="bbox 1805 3239 2087 3292">
     <span class='ocr_line' id='line_1_75' title="bbox 1805 3239 2087 3292; baseline -0.007 0"><span class='ocrx_word' id='word_1_589' title='bbox 1805 3239 2087 3292; x_wconf 88' lang='lat' dir='ltr'><strong>talentum.</strong></span> 
     </span>
    </p>
   </div>
   <div class='ocr_carea' id='block_1_76' title="bbox 1872 3325 3377 3398">
    <p class='ocr_par' dir='ltr' id='par_1_76' title="bbox 1872 3325 3377 3398">
     <span class='ocr_line' id='line_1_76' title="bbox 1872 3325 3377 3398; baseline 0.005 -19"><span class='ocrx_word' id='word_1_590' title='bbox 1872 3326 2009 3380; x_wconf 78' lang='grc' dir='ltr'><strong>Αιυι</strong></span> <span class='ocrx_word' id='word_1_591' title='bbox 2042 3325 2183 3381; x_wconf 86' lang='grc' dir='ltr'><strong>ΧΙΙΙ.</strong></span> <span class='ocrx_word' id='word_1_592' title='bbox 2220 3343 2240 3377; x_wconf 81' lang='grc' dir='ltr'><strong>ι</strong></span> <span class='ocrx_word' id='word_1_593' title='bbox 2268 3325 2442 3382; x_wconf 87' lang='lat' dir='ltr'><strong>Homo</strong></span> <span class='ocrx_word' id='word_1_594' title='bbox 2490 3327 2712 3397; x_wconf 91' lang='lat' dir='ltr'><strong>quidam</strong></span> <span class='ocrx_word' id='word_1_595' title='bbox 2753 3329 3023 3398; x_wconf 88' lang='lat' dir='ltr'><strong>plantavit</strong></span> <span class='ocrx_word' id='word_1_596' title='bbox 3059 3329 3296 3398; x_wconf 86' lang='lat' dir='ltr'><strong>vineam,</strong></span> <span class='ocrx_word' id='word_1_597' title='bbox 3321 3342 3377 3387; x_wconf 90' lang='lat' dir='ltr'><strong>et</strong></span> 
     </span>
    </p>
   </div>
   <div class='ocr_carea' id='block_1_77' title="bbox 1804 3415 3372 3486">
    <p class='ocr_par' dir='ltr' id='par_1_77' title="bbox 1804 3415 3372 3486">
     <span class='ocr_line' id='line_1_77' title="bbox 1804 3415 3372 3486; baseline 0.002 -15"><span class='ocrx_word' id='word_1_598' title='bbox 1804 3431 1984 3483; x_wconf 87' lang='lat' dir='ltr'><strong>sepem</strong></span> <span class='ocrx_word' id='word_1_599' title='bbox 2029 3416 2079 3470; x_wconf 91' lang='lat' dir='ltr'><strong>ei</strong></span> <span class='ocrx_word' id='word_1_600' title='bbox 2130 3415 2489 3470; x_wconf 86' lang='lat' dir='ltr'><strong>circumdedit</strong></span> <span class='ocrx_word' id='word_1_601' title='bbox 2525 3417 2592 3470; x_wconf 81' lang='lat'><strong>“.</strong></span> <span class='ocrx_word' id='word_1_602' title='bbox 2639 3435 2656 3468; x_wconf 76' lang='grc' dir='ltr'><strong>ι</strong></span> <span class='ocrx_word' id='word_1_603' title='bbox 2696 3415 2871 3471; x_wconf 88' lang='lat' dir='ltr'><strong>Homo</strong></span> <span class='ocrx_word' id='word_1_604' title='bbox 2913 3418 3005 3472; x_wconf 91' lang='lat' dir='ltr'><strong>ille</strong></span> <span class='ocrx_word' id='word_1_605' title='bbox 3048 3425 3135 3474; x_wconf 90' lang='lat' dir='ltr'><strong>est</strong></span> <span class='ocrx_word' id='word_1_606' title='bbox 3195 3418 3372 3486; x_wconf 92' lang='lat' dir='ltr'><strong>Deus;</strong></span> 
     </span>
    </p>
   </div>
   <div class='ocr_carea' id='block_1_78' title="bbox 1804 3507 3373 3581">
    <p class='ocr_par' dir='ltr' id='par_1_78' title="bbox 1804 3507 3373 3581">
     <span class='ocr_line' id='line_1_78' title="bbox 1804 3507 3373 3581; baseline 0.003 -18"><span class='ocrx_word' id='word_1_607' title='bbox 1804 3510 1985 3575; x_wconf 88' lang='lat' dir='ltr'><strong>vinea,</strong></span> <span class='ocrx_word' id='word_1_608' title='bbox 2032 3508 2290 3563; x_wconf 91' lang='lat' dir='ltr'><strong>mundus.</strong></span> <span class='ocrx_word' id='word_1_609' title='bbox 2331 3507 2615 3571; x_wconf 88' lang='lat' dir='ltr'><strong>Torcular,</strong></span> <span class='ocrx_word' id='word_1_610' title='bbox 2668 3516 2752 3564; x_wconf 87' lang='lat' dir='ltr'><strong>est</strong></span> <span class='ocrx_word' id='word_1_611' title='bbox 2805 3511 3148 3581; x_wconf 83' lang='lat' dir='ltr'><strong>baptismus;</strong></span> <span class='ocrx_word' id='word_1_612' title='bbox 3183 3514 3373 3577; x_wconf 89' lang='lat' dir='ltr'><strong>turris,</strong></span> 
     </span>
    </p>
   </div>
   <div class='ocr_carea' id='block_1_79' title="bbox 1808 3599 3378 3674">
    <p class='ocr_par' dir='ltr' id='par_1_79' title="bbox 1808 3599 3378 3674">
     <span class='ocr_line' id='line_1_79' title="bbox 1808 3599 3378 3674; baseline 0.003 -20"><span class='ocrx_word' id='word_1_613' title='bbox 1808 3600 1981 3665; x_wconf 82' lang='lat' dir='ltr'><strong>ﬁdes;</strong></span> <span class='ocrx_word' id='word_1_614' title='bbox 2014 3599 2289 3670; x_wconf 64' lang='lat' dir='ltr'><strong>agricolae,</strong></span> <span class='ocrx_word' id='word_1_615' title='bbox 2323 3608 2450 3654; x_wconf 90' lang='lat' dir='ltr'><strong>sunt</strong></span> <span class='ocrx_word' id='word_1_616' title='bbox 2482 3599 2684 3665; x_wconf 79' lang='lat' dir='ltr'><strong>Judaei;</strong></span> <span class='ocrx_word' id='word_1_617' title='bbox 2726 3602 2868 3656; x_wconf 85' lang='lat' dir='ltr'><strong>servi</strong></span> <span class='ocrx_word' id='word_1_618' title='bbox 2921 3603 3215 3672; x_wconf 71' lang='lat' dir='ltr'><strong>praplietaa,</strong></span> <span class='ocrx_word' id='word_1_619' title='bbox 3246 3618 3378 3674; x_wconf 87' lang='lat' dir='ltr'><strong>apo-</strong></span> 
     </span>
    </p>
   </div>
   <div class='ocr_carea' id='block_1_80' title="bbox 1814 3687 3378 3761">
    <p class='ocr_par' dir='ltr' id='par_1_80' title="bbox 1814 3687 3378 3761">
     <span class='ocr_line' id='line_1_80' title="bbox 1814 3687 3378 3761; baseline 0.003 -17"><span class='ocrx_word' id='word_1_620' title='bbox 1814 3690 1941 3744; x_wconf 90' lang='lat' dir='ltr'><strong>stoli</strong></span> <span class='ocrx_word' id='word_1_621' title='bbox 1975 3698 2029 3744; x_wconf 91' lang='lat' dir='ltr'><strong>et</strong></span> <span class='ocrx_word' id='word_1_622' title='bbox 2056 3698 2345 3759; x_wconf 87' lang='lat' dir='ltr'><strong>martyres.</strong></span> <span class='ocrx_word' id='word_1_623' title='bbox 2390 3687 2455 3741; x_wconf 88' lang='lat' dir='ltr'><strong>Et</strong></span> <span class='ocrx_word' id='word_1_624' title='bbox 2482 3689 2582 3743; x_wconf 90' lang='lat' dir='ltr'><strong>hos</strong></span> <span class='ocrx_word' id='word_1_625' title='bbox 2621 3692 2768 3746; x_wconf 91' lang='lat' dir='ltr'><strong>misit</strong></span> <span class='ocrx_word' id='word_1_626' title='bbox 2799 3700 2860 3745; x_wconf 90' lang='lat' dir='ltr'><strong>ut</strong></span> <span class='ocrx_word' id='word_1_627' title='bbox 2891 3693 3274 3761; x_wconf 64' lang='lat' dir='ltr'><strong>praedicarent,</strong></span> <span class='ocrx_word' id='word_1_628' title='bbox 3323 3701 3378 3749; x_wconf 79' lang='lat' dir='ltr'><strong>et</strong></span> 
     </span>
    </p>
   </div>
   <div class='ocr_carea' id='block_1_81' title="bbox 1808 3781 3373 3851">
    <p class='ocr_par' dir='ltr' id='par_1_81' title="bbox 1808 3781 3373 3851">
     <span class='ocr_line' id='line_1_81' title="bbox 1808 3781 3373 3851; baseline 0.002 -17"><span class='ocrx_word' id='word_1_629' title='bbox 1808 3781 2128 3835; x_wconf 91' lang='lat' dir='ltr'><strong>occiderunt</strong></span> <span class='ocrx_word' id='word_1_630' title='bbox 2156 3795 2251 3835; x_wconf 93' lang='lat' dir='ltr'><strong>eos</strong></span> <span class='ocrx_word' id='word_1_631' title='bbox 2279 3799 2293 3835; x_wconf 92' lang='lat'><strong>:</strong></span> <span class='ocrx_word' id='word_1_632' title='bbox 2323 3781 2572 3836; x_wconf 91' lang='lat' dir='ltr'><strong>similiter</strong></span> <span class='ocrx_word' id='word_1_633' title='bbox 2593 3782 2757 3836; x_wconf 91' lang='lat' dir='ltr'><strong>etiam</strong></span> <span class='ocrx_word' id='word_1_634' title='bbox 2788 3782 3123 3851; x_wconf 78' lang='lat' dir='ltr'><strong>unigenitum</strong></span> <span class='ocrx_word' id='word_1_635' title='bbox 3152 3783 3373 3849; x_wconf 85' lang='lat' dir='ltr'><strong>Filium,</strong></span> 
     </span>
    </p>
   </div>
   <div class='ocr_carea' id='block_1_82' title="bbox 1808 3871 3374 3945">
    <p class='ocr_par' dir='ltr' id='par_1_82' title="bbox 1808 3871 3374 3945">
     <span class='ocr_line' id='line_1_82' title="bbox 1808 3871 3374 3945; baseline 0.003 -18"><span class='ocrx_word' id='word_1_636' title='bbox 1808 3873 1902 3944; x_wconf 92' lang='lat' dir='ltr'><strong>qui</strong></span> <span class='ocrx_word' id='word_1_637' title='bbox 1932 3882 2016 3928; x_wconf 89' lang='lat' dir='ltr'><strong>est</strong></span> <span class='ocrx_word' id='word_1_638' title='bbox 2037 3871 2275 3928; x_wconf 85' lang='lat' dir='ltr'><strong>Verbum</strong></span> <span class='ocrx_word' id='word_1_639' title='bbox 2305 3871 2448 3928; x_wconf 88' lang='lat' dir='ltr'><strong>Dei:</strong></span> <span class='ocrx_word' id='word_1_640' title='bbox 2489 3883 2542 3928; x_wconf 90' lang='lat' dir='ltr'><strong>et</strong></span> <span class='ocrx_word' id='word_1_641' title='bbox 2581 3875 2822 3927; x_wconf 84' lang='lat' dir='ltr'><strong>ablatum</strong></span> <span class='ocrx_word' id='word_1_642' title='bbox 2867 3875 2933 3928; x_wconf 88' lang='lat' dir='ltr'><strong>ab</strong></span> <span class='ocrx_word' id='word_1_643' title='bbox 2971 3875 3106 3945; x_wconf 86' lang='lat' dir='ltr'><strong>ipsis</strong></span> <span class='ocrx_word' id='word_1_644' title='bbox 3151 3884 3234 3931; x_wconf 90' lang='lat' dir='ltr'><strong>est</strong></span> <span class='ocrx_word' id='word_1_645' title='bbox 3283 3893 3374 3932; x_wconf 90' lang='lat' dir='ltr'><strong>re-</strong></span> 
     </span>
    </p>
   </div>
   <div class='ocr_carea' id='block_1_83' title="bbox 1811 3962 3381 4034">
    <p class='ocr_par' dir='ltr' id='par_1_83' title="bbox 1811 3962 3381 4034">
     <span class='ocr_line' id='line_1_83' title="bbox 1811 3962 3381 4034; baseline 0.003 -17"><span class='ocrx_word' id='word_1_646' title='bbox 1811 3979 1977 4034; x_wconf 80' lang='lat' dir='ltr'><strong>gnum</strong></span> <span class='ocrx_word' id='word_1_647' title='bbox 2001 3973 2056 4018; x_wconf 86' lang='lat' dir='ltr'><strong>et</strong></span> <span class='ocrx_word' id='word_1_648' title='bbox 2100 3963 2288 4018; x_wconf 88' lang='lat' dir='ltr'><strong>datum</strong></span> <span class='ocrx_word' id='word_1_649' title='bbox 2319 3973 2405 4019; x_wconf 88' lang='lat' dir='ltr'><strong>est</strong></span> <span class='ocrx_word' id='word_1_650' title='bbox 2453 3962 2738 4027; x_wconf 80' lang='lat' dir='ltr'><strong>Romanis,</strong></span> <span class='ocrx_word' id='word_1_651' title='bbox 2773 3965 2865 4033; x_wconf 90' lang='lat' dir='ltr'><strong>qui</strong></span> <span class='ocrx_word' id='word_1_652' title='bbox 2923 3965 3134 4020; x_wconf 77' lang='lat' dir='ltr'><strong>faciunt</strong></span> <span class='ocrx_word' id='word_1_653' title='bbox 3168 3968 3381 4022; x_wconf 76' lang='lat' dir='ltr'><strong>fructus</strong></span> 
     </span>
    </p>
   </div>
   <div class='ocr_carea' id='block_1_84' title="bbox 1809 4054 3381 4130">
    <p class='ocr_par' dir='ltr' id='par_1_84' title="bbox 1809 4054 3381 4130">
     <span class='ocr_line' id='line_1_84' title="bbox 1809 4054 3381 4130; baseline 0.002 -21"><span class='ocrx_word' id='word_1_654' title='bbox 1809 4055 1950 4124; x_wconf 83' lang='lat' dir='ltr'><strong>ejus.</strong></span> <span class='ocrx_word' id='word_1_655' title='bbox 1978 4054 2087 4125; x_wconf 87' lang='lat' dir='ltr'><strong>Ipsi</strong></span> <span class='ocrx_word' id='word_1_656' title='bbox 2115 4071 2246 4110; x_wconf 90' lang='lat' dir='ltr'><strong>vero</strong></span> <span class='ocrx_word' id='word_1_657' title='bbox 2272 4056 2423 4119; x_wconf 90' lang='lat' dir='ltr'><strong>mali,</strong></span> <span class='ocrx_word' id='word_1_658' title='bbox 2467 4056 2611 4109; x_wconf 91' lang='lat' dir='ltr'><strong>male</strong></span> <span class='ocrx_word' id='word_1_659' title='bbox 2644 4056 2944 4125; x_wconf 87' lang='lat' dir='ltr'><strong>perierunt,</strong></span> <span class='ocrx_word' id='word_1_660' title='bbox 2984 4068 3205 4129; x_wconf 87' lang='lat' dir='ltr'><strong>propter</strong></span> <span class='ocrx_word' id='word_1_661' title='bbox 3232 4059 3381 4130; x_wconf 85' lang='lat' dir='ltr'><strong>ipso-</strong></span> 
     </span>
    </p>
   </div>
   <div class='ocr_carea' id='block_1_85' title="bbox 1811 4147 2992 4202">
    <p class='ocr_par' dir='ltr' id='par_1_85' title="bbox 1811 4147 2992 4202">
     <span class='ocr_line' id='line_1_85' title="bbox 1811 4147 2992 4202; baseline 0.001 -3"><span class='ocrx_word' id='word_1_662' title='bbox 1811 4163 1933 4200; x_wconf 91' lang='lat' dir='ltr'><strong>rum</strong></span> <span class='ocrx_word' id='word_1_663' title='bbox 1957 4147 2393 4201; x_wconf 89' lang='lat' dir='ltr'><strong>incredulitatem</strong></span> <span class='ocrx_word' id='word_1_664' title='bbox 2417 4153 2471 4201; x_wconf 87' lang='lat' dir='ltr'><strong>et</strong></span> <span class='ocrx_word' id='word_1_665' title='bbox 2503 4147 2758 4201; x_wconf 91' lang='lat' dir='ltr'><strong>duritiem</strong></span> <span class='ocrx_word' id='word_1_666' title='bbox 2788 4148 2992 4202; x_wconf 91' lang='lat' dir='ltr'><strong>cordis.</strong></span> 
     </span>
    </p>
   </div>
   <div class='ocr_carea' id='block_1_86' title="bbox 1882 4236 3379 4308">
    <p class='ocr_par' dir='ltr' id='par_1_86' title="bbox 1882 4236 3379 4308">
     <span class='ocr_line' id='line_1_86' title="bbox 1882 4236 3379 4308; baseline 0.001 -18"><span class='ocrx_word' id='word_1_667' title='bbox 1882 4236 2019 4292; x_wconf 73' lang='lat' dir='ltr'><strong>ALIA</strong></span> <span class='ocrx_word' id='word_1_668' title='bbox 2046 4237 2189 4291; x_wconf 83' lang='lat' dir='ltr'><strong>XIV.</strong></span> <span class='ocrx_word' id='word_1_669' title='bbox 2230 4257 2249 4290; x_wconf 78' lang='grc' dir='ltr'><strong>ι</strong></span> <span class='ocrx_word' id='word_1_670' title='bbox 2285 4238 2485 4301; x_wconf 79' lang='lat' dir='ltr'><strong>Exivit,</strong></span> <span class='ocrx_word' id='word_1_671' title='bbox 2517 4239 2612 4308; x_wconf 93' lang='lat' dir='ltr'><strong>qui</strong></span> <span class='ocrx_word' id='word_1_672' title='bbox 2650 4236 2880 4292; x_wconf 89' lang='lat' dir='ltr'><strong>seminat</strong></span> <span class='ocrx_word' id='word_1_673' title='bbox 2911 4236 2978 4290; x_wconf 88' lang='lat' dir='ltr'><strong>ad</strong></span> <span class='ocrx_word' id='word_1_674' title='bbox 3003 4239 3379 4293; x_wconf 90' lang='lat' dir='ltr'><strong>seminandum</strong></span> 
     </span>
    </p>
   </div>
   <div class='ocr_carea' id='block_1_87' title="bbox 1813 4328 3381 4396">
    <p class='ocr_par' dir='ltr' id='par_1_87' title="bbox 1813 4328 3381 4396">
     <span class='ocr_line' id='line_1_87' title="bbox 1813 4328 3381 4396; baseline 0.002 -15"><span class='ocrx_word' id='word_1_675' title='bbox 1813 4341 2000 4382; x_wconf 90' lang='lat' dir='ltr'><strong>semen</strong></span> <span class='ocrx_word' id='word_1_676' title='bbox 2052 4345 2212 4384; x_wconf 91' lang='lat' dir='ltr'><strong>suum</strong></span> <span class='ocrx_word' id='word_1_677' title='bbox 2239 4332 2305 4385; x_wconf 80' lang='lat'><strong>”.</strong></span> <span class='ocrx_word' id='word_1_678' title='bbox 2340 4349 2358 4381; x_wconf 82' lang='lat'><strong>)</strong></span> <span class='ocrx_word' id='word_1_679' title='bbox 2393 4330 2592 4385; x_wconf 86' lang='lat' dir='ltr'><strong>Semen</strong></span> <span class='ocrx_word' id='word_1_680' title='bbox 2628 4337 2712 4385; x_wconf 88' lang='lat' dir='ltr'><strong>est</strong></span> <span class='ocrx_word' id='word_1_681' title='bbox 2737 4331 2962 4385; x_wconf 88' lang='lat' dir='ltr'><strong>verbum</strong></span> <span class='ocrx_word' id='word_1_682' title='bbox 2989 4331 3107 4384; x_wconf 90' lang='lat' dir='ltr'><strong>Dei.</strong></span> <span class='ocrx_word' id='word_1_683' title='bbox 3146 4328 3300 4396; x_wconf 91' lang='lat' dir='ltr'><strong>Quod</strong></span> <span class='ocrx_word' id='word_1_684' title='bbox 3325 4331 3381 4384; x_wconf 90' lang='lat' dir='ltr'><strong>in</strong></span> 
     </span>
    </p>
   </div>
   <div class='ocr_carea' id='block_1_88' title="bbox 1817 4419 3384 4496">
    <p class='ocr_par' dir='ltr' id='par_1_88' title="bbox 1817 4419 3384 4496">
     <span class='ocr_line' id='line_1_88' title="bbox 1817 4419 3384 4496; baseline -0.003 -16"><span class='ocrx_word' id='word_1_685' title='bbox 1817 4425 2004 4496; x_wconf 87' lang='lat' dir='ltr'><strong>spinas</strong></span> <span class='ocrx_word' id='word_1_686' title='bbox 2035 4421 2256 4485; x_wconf 90' lang='lat' dir='ltr'><strong>cecidit,</strong></span> <span class='ocrx_word' id='word_1_687' title='bbox 2286 4419 2477 4484; x_wconf 88' lang='lat' dir='ltr'><strong>Judas,</strong></span> <span class='ocrx_word' id='word_1_688' title='bbox 2509 4421 2599 4491; x_wconf 91' lang='lat' dir='ltr'><strong>qui</strong></span> <span class='ocrx_word' id='word_1_689' title='bbox 2625 4421 2814 4476; x_wconf 86' lang='lat' dir='ltr'><strong>abiens</strong></span> <span class='ocrx_word' id='word_1_690' title='bbox 2837 4425 3184 4493; x_wconf 83' lang='lat' dir='ltr'><strong>semetipsum</strong></span> <span class='ocrx_word' id='word_1_691' title='bbox 3211 4430 3384 4477; x_wconf 80' lang='lat' dir='ltr'><strong>stran-</strong></span> 
     </span>
    </p>
   </div>
   <div class='ocr_carea' id='block_1_89' title="bbox 135 4503 1705 4591">
    <p class='ocr_par' dir='ltr' id='par_1_89' title="bbox 135 4516 1705 4591">
     <span class='ocr_line' id='line_1_89' title="bbox 135 4516 1705 4591; baseline -0.005 -17"><span class='ocrx_word' id='word_1_692' title='bbox 135 4521 445 4591; x_wconf 82' lang='grc' dir='ltr'><strong>ἀπήγξατο,</strong></span> <span class='ocrx_word' id='word_1_693' title='bbox 471 4520 567 4573; x_wconf 68' lang='grc' dir='ltr'><strong>καὶ</strong></span> <span class='ocrx_word' id='word_1_694' title='bbox 597 4519 666 4572; x_wconf 82' lang='grc' dir='ltr'><strong>τά</strong></span> <span class='ocrx_word' id='word_1_695' title='bbox 716 4518 938 4571; x_wconf 85' lang='grc' dir='ltr'><strong>πετεινά</strong></span> <span class='ocrx_word' id='word_1_696' title='bbox 974 4516 1068 4570; x_wconf 82' lang='grc' dir='ltr'><strong>τοῦ</strong></span> <span class='ocrx_word' id='word_1_697' title='bbox 1123 4517 1351 4586; x_wconf 86' lang='grc' dir='ltr'><strong>ούρανοῦ</strong></span> <span class='ocrx_word' id='word_1_698' title='bbox 1405 4516 1705 4583; x_wconf 78' lang='grc' dir='ltr'><strong>κατέφαγον</strong></span> 
     </span>
    </p>
   </div>
   <div class='ocr_carea' id='block_1_90' title="bbox 1820 4503 3383 4591">
    <p class='ocr_par' dir='ltr' id='par_1_90' title="bbox 1820 4514 3383 4588">
     <span class='ocr_line' id='line_1_90' title="bbox 1820 4514 3383 4588; baseline 0 -18"><span class='ocrx_word' id='word_1_699' title='bbox 1820 4516 2041 4588; x_wconf 83' lang='lat' dir='ltr'><strong>gulavit,</strong></span> <span class='ocrx_word' id='word_1_700' title='bbox 2071 4521 2125 4569; x_wconf 90' lang='lat' dir='ltr'><strong>et</strong></span> <span class='ocrx_word' id='word_1_701' title='bbox 2151 4515 2401 4568; x_wconf 87' lang='lat' dir='ltr'><strong>volucres</strong></span> <span class='ocrx_word' id='word_1_702' title='bbox 2435 4514 2559 4568; x_wconf 77' lang='grc' dir='ltr'><strong>ειειί</strong></span> <span class='ocrx_word' id='word_1_703' title='bbox 2593 4514 2927 4569; x_wconf 86' lang='lat' dir='ltr'><strong>devorarunt</strong></span> <span class='ocrx_word' id='word_1_704' title='bbox 2980 4531 3125 4570; x_wconf 91' lang='lat' dir='ltr'><strong>eum.</strong></span> <span class='ocrx_word' id='word_1_705' title='bbox 3187 4516 3383 4572; x_wconf 86' lang='lat' dir='ltr'><strong>Semen</strong></span> 
     </span>
    </p>
   </div>
   <div class='ocr_carea' id='block_1_91' title="bbox 138 4605 1709 4681">
    <p class='ocr_par' dir='ltr' id='par_1_91' title="bbox 138 4605 1709 4681">
     <span class='ocr_line' id='line_1_91' title="bbox 138 4605 1709 4681; baseline -0.005 -17"><span class='ocrx_word' id='word_1_706' title='bbox 138 4613 300 4665; x_wconf 77' lang='grc' dir='ltr'><strong>αὐτόν</strong></span> <span class='ocrx_word' id='word_1_707' title='bbox 321 4629 334 4641; x_wconf 97' lang='grc'><strong>·</strong></span> <span class='ocrx_word' id='word_1_708' title='bbox 370 4611 432 4663; x_wconf 80' lang='grc' dir='ltr'><strong>τὸ</strong></span> <span class='ocrx_word' id='word_1_709' title='bbox 457 4611 513 4663; x_wconf 81' lang='grc' dir='ltr'><strong>δὲ</strong></span> <span class='ocrx_word' id='word_1_710' title='bbox 544 4609 636 4662; x_wconf 79' lang='grc' dir='ltr'><strong>ὲπὶ</strong></span> <span class='ocrx_word' id='word_1_711' title='bbox 658 4610 758 4681; x_wconf 78' lang='grc' dir='ltr'><strong>τὴν</strong></span> <span class='ocrx_word' id='word_1_712' title='bbox 809 4609 913 4678; x_wconf 82' lang='grc' dir='ltr'><strong>γῆν</strong></span> <span class='ocrx_word' id='word_1_713' title='bbox 937 4608 1039 4679; x_wconf 82' lang='grc' dir='ltr'><strong>τὴν</strong></span> <span class='ocrx_word' id='word_1_714' title='bbox 1083 4607 1293 4676; x_wconf 85' lang='grc' dir='ltr'><strong>ἀγαθὴν</strong></span> <span class='ocrx_word' id='word_1_715' title='bbox 1330 4607 1378 4659; x_wconf 78' lang='lat' dir='ltr'><strong>oi</strong></span> <span class='ocrx_word' id='word_1_716' title='bbox 1430 4605 1709 4677; x_wconf 85' lang='grc' dir='ltr'><strong>προφῆται</strong></span> 
     </span>
    </p>
   </div>
   <div class='ocr_carea' id='block_1_92' title="bbox 139 4705 570 4760">
    <p class='ocr_par' dir='ltr' id='par_1_92' title="bbox 139 4705 570 4760">
     <span class='ocr_line' id='line_1_92' title="bbox 139 4705 570 4760; baseline -0.009 0"><span class='ocrx_word' id='word_1_717' title='bbox 139 4709 232 4760; x_wconf 77' lang='grc' dir='ltr'><strong>καὶ</strong></span> <span class='ocrx_word' id='word_1_718' title='bbox 263 4705 570 4759; x_wconf 86' lang='grc' dir='ltr'><strong>ἀπόστολοι.</strong></span> 
     </span>
    </p>
   </div>
   <div class='ocr_carea' id='block_1_93' title="bbox 216 4790 1713 4870">
    <p class='ocr_par' dir='ltr' id='par_1_93' title="bbox 216 4790 1713 4870">
     <span class='ocr_line' id='line_1_93' title="bbox 216 4790 1713 4870; baseline -0.005 -18"><span class='ocrx_word' id='word_1_719' title='bbox 216 4798 388 4870; x_wconf 82' lang='grc' dir='ltr'><strong>Ἀλλη</strong></span> <span class='ocrx_word' id='word_1_720' title='bbox 423 4803 502 4850; x_wconf 82' lang='grc' dir='ltr'><strong>ιε’.</strong></span> <span class='ocrx_word' id='word_1_721' title='bbox 529 4815 546 4848; x_wconf 80' lang='grc' dir='ltr'><strong>ι</strong></span> <span class='ocrx_word' id='word_1_722' title='bbox 574 4794 892 4867; x_wconf 75' lang='grc' dir='ltr'><strong>’Ἄνθρωπός</strong></span> <span class='ocrx_word' id='word_1_723' title='bbox 920 4810 1005 4857; x_wconf 91' lang='grc' dir='ltr'><strong>τις</strong></span> <span class='ocrx_word' id='word_1_724' title='bbox 1031 4791 1346 4846; x_wconf 86' lang='grc' dir='ltr'><strong>κατέϐαινεν</strong></span> <span class='ocrx_word' id='word_1_725' title='bbox 1378 4793 1486 4845; x_wconf 80' lang='grc' dir='ltr'><strong>ἀπὸ</strong></span> <span class='ocrx_word' id='word_1_726' title='bbox 1522 4790 1713 4862; x_wconf 84' lang='grc' dir='ltr'><strong>Ἰερου-</strong></span> 
     </span>
    </p>
   </div>
   <div class='ocr_carea' id='block_1_94' title="bbox 145 4886 1700 4961">
    <p class='ocr_par' dir='ltr' id='par_1_94' title="bbox 145 4886 1700 4961">
     <span class='ocr_line' id='line_1_94' title="bbox 145 4886 1700 4961; baseline -0.005 -17"><span class='ocrx_word' id='word_1_727' title='bbox 145 4891 326 4961; x_wconf 79' lang='grc' dir='ltr'><strong>σαλὴμ</strong></span> <span class='ocrx_word' id='word_1_728' title='bbox 360 4892 442 4953; x_wconf 78' lang='grc' dir='ltr'><strong>εἰς</strong></span> <span class='ocrx_word' id='word_1_729' title='bbox 473 4886 681 4958; x_wconf 81' lang='grc' dir='ltr'><strong>Ἱεριχὼ</strong></span> <span class='ocrx_word' id='word_1_730' title='bbox 701 4929 716 4952; x_wconf 88' lang='grc'><strong>,</strong></span> <span class='ocrx_word' id='word_1_731' title='bbox 761 4887 855 4941; x_wconf 75' lang='grc' dir='ltr'><strong>καὶ</strong></span> <span class='ocrx_word' id='word_1_732' title='bbox 889 4887 1113 4958; x_wconf 81' lang='grc' dir='ltr'><strong>λῃσταῖς</strong></span> <span class='ocrx_word' id='word_1_733' title='bbox 1158 4886 1500 4956; x_wconf 88' lang='grc' dir='ltr'><strong>περιέπεσεν.</strong></span> <span class='ocrx_word' id='word_1_734' title='bbox 1530 4903 1548 4935; x_wconf 81' lang='grc' dir='ltr'><strong>ι</strong></span> <span class='ocrx_word' id='word_1_735' title='bbox 1580 4887 1700 4938; x_wconf 79' lang='grc' dir='ltr'><strong>Ἀν-</strong></span> 
     </span>
    </p>
   </div>
   <div class='ocr_carea' id='block_1_95' title="bbox 144 4973 1718 5052">
    <p class='ocr_par' dir='ltr' id='par_1_95' title="bbox 144 4973 1718 5052">
     <span class='ocr_line' id='line_1_95' title="bbox 144 4973 1718 5052; baseline -0.004 -19"><span class='ocrx_word' id='word_1_736' title='bbox 144 4981 362 5052; x_wconf 83' lang='grc' dir='ltr'><strong>θρωπος</strong></span> <span class='ocrx_word' id='word_1_737' title='bbox 399 4981 428 5032; x_wconf 92' lang='lat'><strong>6</strong></span> <span class='ocrx_word' id='word_1_738' title='bbox 457 4978 652 5048; x_wconf 85' lang='grc' dir='ltr'><strong>Ἀδάμ·</strong></span> <span class='ocrx_word' id='word_1_739' title='bbox 691 4977 1089 5048; x_wconf 79' lang='grc' dir='ltr'><strong>Ἰερουσαλὴμὸ</strong></span> <span class='ocrx_word' id='word_1_740' title='bbox 1111 4975 1436 5047; x_wconf 79' lang='grc' dir='ltr'><strong>παράδεισος</strong></span> <span class='ocrx_word' id='word_1_741' title='bbox 1455 4992 1470 5008; x_wconf 86' lang='grc'><strong>·</strong></span> <span class='ocrx_word' id='word_1_742' title='bbox 1505 4973 1718 5046; x_wconf 87' lang='grc' dir='ltr'><strong>Ἱεριχὼ</strong></span> 
     </span>
    </p>
   </div>
   <div class='ocr_carea' id='block_1_96' title="bbox 143 5067 1720 5144">
    <p class='ocr_par' dir='ltr' id='par_1_96' title="bbox 143 5067 1720 5144">
     <span class='ocr_line' id='line_1_96' title="bbox 143 5067 1720 5144; baseline -0.005 -17"><span class='ocrx_word' id='word_1_743' title='bbox 143 5075 174 5126; x_wconf 88' lang='lat'><strong>6</strong></span> <span class='ocrx_word' id='word_1_744' title='bbox 204 5073 440 5142; x_wconf 83' lang='grc' dir='ltr'><strong>κόσμος·</strong></span> <span class='ocrx_word' id='word_1_745' title='bbox 477 5071 670 5144; x_wconf 76' lang='grc' dir='ltr'><strong>λῃσταὶ</strong></span> <span class='ocrx_word' id='word_1_746' title='bbox 709 5071 758 5123; x_wconf 83' lang='grc' dir='ltr'><strong>οἱ</strong></span> <span class='ocrx_word' id='word_1_747' title='bbox 799 5069 1025 5140; x_wconf 71' lang='grc' dir='ltr'><strong>πονηροὶ</strong></span> <span class='ocrx_word' id='word_1_748' title='bbox 1055 5067 1302 5138; x_wconf 78' lang='grc' dir='ltr'><strong>λογισμοὶ</strong></span> <span class='ocrx_word' id='word_1_749' title='bbox 1348 5067 1442 5120; x_wconf 74' lang='grc' dir='ltr'><strong>καὶ</strong></span> <span class='ocrx_word' id='word_1_750' title='bbox 1477 5067 1510 5137; x_wconf 86' lang='grc' dir='ltr'><strong>ή</strong></span> <span class='ocrx_word' id='word_1_751' title='bbox 1542 5067 1720 5138; x_wconf 87' lang='grc' dir='ltr'><strong>παρά-</strong></span> 
     </span>
    </p>
   </div>
   <div class='ocr_carea' id='block_1_97' title="bbox 146 5159 1718 5235">
    <p class='ocr_par' dir='ltr' id='par_1_97' title="bbox 146 5159 1718 5235">
     <span class='ocr_line' id='line_1_97' title="bbox 146 5159 1718 5235; baseline -0.004 -19"><span class='ocrx_word' id='word_1_752' title='bbox 146 5163 305 5228; x_wconf 85' lang='grc' dir='ltr'><strong>ϐασις</strong></span> <span class='ocrx_word' id='word_1_753' title='bbox 323 5180 337 5194; x_wconf 90' lang='grc'><strong>·</strong></span> <span class='ocrx_word' id='word_1_754' title='bbox 372 5164 549 5235; x_wconf 72' lang='grc' dir='ltr'><strong>ἱερεὺς</strong></span> <span class='ocrx_word' id='word_1_755' title='bbox 566 5164 616 5215; x_wconf 81' lang='grc' dir='ltr'><strong>οἱ</strong></span> <span class='ocrx_word' id='word_1_756' title='bbox 650 5161 924 5233; x_wconf 85' lang='grc' dir='ltr'><strong>προφῆται</strong></span> <span class='ocrx_word' id='word_1_757' title='bbox 947 5177 962 5192; x_wconf 88' lang='grc'><strong>·</strong></span> <span class='ocrx_word' id='word_1_758' title='bbox 989 5160 1222 5231; x_wconf 81' lang='grc' dir='ltr'><strong>Λευῖτης</strong></span> <span class='ocrx_word' id='word_1_759' title='bbox 1242 5161 1270 5212; x_wconf 90' lang='lat'><strong>6</strong></span> <span class='ocrx_word' id='word_1_760' title='bbox 1305 5159 1598 5222; x_wconf 77' lang='grc' dir='ltr'><strong>Μωσαῖκδς</strong></span> <span class='ocrx_word' id='word_1_761' title='bbox 1627 5159 1718 5212; x_wconf 80' lang='grc' dir='ltr'><strong>νό-</strong></span> 
     </span>
    </p>
   </div>
   <div class='ocr_carea' id='block_1_98' title="bbox 152 5247 1722 5326">
    <p class='ocr_par' dir='ltr' id='par_1_98' title="bbox 152 5247 1722 5326">
     <span class='ocr_line' id='line_1_98' title="bbox 152 5247 1722 5326; baseline -0.006 -14"><span class='ocrx_word' id='word_1_762' title='bbox 152 5273 278 5326; x_wconf 80' lang='grc' dir='ltr'><strong>μος·</strong></span> <span class='ocrx_word' id='word_1_763' title='bbox 319 5254 667 5326; x_wconf 84' lang='grc' dir='ltr'><strong>Σαμαρείτης</strong></span> <span class='ocrx_word' id='word_1_764' title='bbox 713 5253 742 5306; x_wconf 89' lang='lat'><strong>6</strong></span> <span class='ocrx_word' id='word_1_765' title='bbox 790 5251 1054 5322; x_wconf 85' lang='grc' dir='ltr'><strong>Χριστός·</strong></span> <span class='ocrx_word' id='word_1_766' title='bbox 1104 5251 1280 5305; x_wconf 75' lang='grc' dir='ltr'><strong>ἔλαιον</strong></span> <span class='ocrx_word' id='word_1_767' title='bbox 1332 5251 1423 5304; x_wconf 60' lang='grc' dir='ltr'><strong>καὶ⁸</strong></span> <span class='ocrx_word' id='word_1_768' title='bbox 1477 5247 1619 5315; x_wconf 74' lang='grc' dir='ltr'><strong>οἶνος</strong></span> <span class='ocrx_word' id='word_1_769' title='bbox 1662 5250 1722 5302; x_wconf 83' lang='grc' dir='ltr'><strong>τὸ</strong></span> 
     </span>
    </p>
   </div>
   <div class='ocr_carea' id='block_1_99' title="bbox 145 5343 1721 5422">
    <p class='ocr_par' dir='ltr' id='par_1_99' title="bbox 145 5343 1721 5422">
     <span class='ocr_line' id='line_1_99' title="bbox 145 5343 1721 5422; baseline -0.004 -20"><span class='ocrx_word' id='word_1_770' title='bbox 145 5351 327 5422; x_wconf 82' lang='grc' dir='ltr'><strong>τίμιον</strong></span> <span class='ocrx_word' id='word_1_771' title='bbox 359 5347 517 5420; x_wconf 87' lang='grc' dir='ltr'><strong>σῶμα</strong></span> <span class='ocrx_word' id='word_1_772' title='bbox 545 5348 638 5402; x_wconf 77' lang='grc' dir='ltr'><strong>καὶ</strong></span> <span class='ocrx_word' id='word_1_773' title='bbox 662 5344 820 5418; x_wconf 80' lang='grc' dir='ltr'><strong>αἷμα,</strong></span> <span class='ocrx_word' id='word_1_774' title='bbox 844 5346 936 5400; x_wconf 75' lang='grc' dir='ltr'><strong>καὶ</strong></span> <span class='ocrx_word' id='word_1_775' title='bbox 958 5345 1018 5398; x_wconf 72' lang='grc' dir='ltr'><strong>τὺ</strong></span> <span class='ocrx_word' id='word_1_776' title='bbox 1039 5344 1191 5414; x_wconf 81' lang='grc' dir='ltr'><strong>ἂγιον</strong></span> <span class='ocrx_word' id='word_1_777' title='bbox 1236 5343 1520 5416; x_wconf 85' lang='grc' dir='ltr'><strong>βάπτισμα</strong></span> <span class='ocrx_word' id='word_1_778' title='bbox 1535 5361 1548 5374; x_wconf 89' lang='grc'><strong>·</strong></span> <span class='ocrx_word' id='word_1_779' title='bbox 1581 5343 1643 5396; x_wconf 83' lang='grc' dir='ltr'><strong>τὸ</strong></span> <span class='ocrx_word' id='word_1_780' title='bbox 1663 5343 1721 5397; x_wconf 82' lang='grc' dir='ltr'><strong>δὲ</strong></span> 
     </span>
    </p>
   </div>
   <div class='ocr_carea' id='block_1_100' title="bbox 151 5434 1722 5512">
    <p class='ocr_par' dir='ltr' id='par_1_100' title="bbox 151 5434 1722 5512">
     <span class='ocr_line' id='line_1_100' title="bbox 151 5434 1722 5512; baseline -0.004 -18"><span class='ocrx_word' id='word_1_781' title='bbox 151 5441 521 5512; x_wconf 80' lang='grc' dir='ltr'><strong>πανδοχεῖονή</strong></span> <span class='ocrx_word' id='word_1_782' title='bbox 561 5438 883 5508; x_wconf 85' lang='grc' dir='ltr'><strong>Ἐκκλησία·</strong></span> <span class='ocrx_word' id='word_1_783' title='bbox 909 5439 938 5491; x_wconf 88' lang='lat'><strong>6</strong></span> <span class='ocrx_word' id='word_1_784' title='bbox 971 5437 1266 5506; x_wconf 75' lang='grc' dir='ltr'><strong>πανδοκεὺς</strong></span> <span class='ocrx_word' id='word_1_785' title='bbox 1306 5437 1335 5489; x_wconf 90' lang='lat'><strong>6</strong></span> <span class='ocrx_word' id='word_1_786' title='bbox 1387 5437 1541 5505; x_wconf 85' lang='grc' dir='ltr'><strong>ἆγιος</strong></span> <span class='ocrx_word' id='word_1_787' title='bbox 1573 5434 1722 5488; x_wconf 85' lang='grc' dir='ltr'><strong>Παῦ-</strong></span> 
     </span>
    </p>
   </div>
   <div class='ocr_carea' id='block_1_101' title="bbox 149 5527 1721 5601">
    <p class='ocr_par' dir='ltr' id='par_1_101' title="bbox 149 5527 1721 5601">
     <span class='ocr_line' id='line_1_101' title="bbox 149 5527 1721 5601; baseline -0.002 -16"><span class='ocrx_word' id='word_1_788' title='bbox 149 5534 271 5596; x_wconf 86' lang='grc' dir='ltr'><strong>λος·</strong></span> <span class='ocrx_word' id='word_1_789' title='bbox 297 5535 365 5584; x_wconf 81' lang='grc' dir='ltr'><strong>τά</strong></span> <span class='ocrx_word' id='word_1_790' title='bbox 396 5531 490 5585; x_wconf 90' lang='grc' dir='ltr'><strong>δύο</strong></span> <span class='ocrx_word' id='word_1_791' title='bbox 523 5530 772 5601; x_wconf 80' lang='grc' dir='ltr'><strong>δηνάρια,</strong></span> <span class='ocrx_word' id='word_1_792' title='bbox 798 5532 831 5599; x_wconf 92' lang='grc' dir='ltr'><strong>ή</strong></span> <span class='ocrx_word' id='word_1_793' title='bbox 866 5528 1078 5582; x_wconf 86' lang='grc' dir='ltr'><strong>Παλαιά</strong></span> <span class='ocrx_word' id='word_1_794' title='bbox 1109 5531 1203 5581; x_wconf 71' lang='grc' dir='ltr'><strong>καὶ</strong></span> <span class='ocrx_word' id='word_1_795' title='bbox 1237 5529 1270 5598; x_wconf 91' lang='grc' dir='ltr'><strong>ή</strong></span> <span class='ocrx_word' id='word_1_796' title='bbox 1304 5528 1417 5581; x_wconf 87' lang='grc' dir='ltr'><strong>Νέα</strong></span> <span class='ocrx_word' id='word_1_797' title='bbox 1455 5527 1721 5599; x_wconf 85' lang='grc' dir='ltr'><strong>Διαθήκη.</strong></span> 
     </span>
    </p>
   </div>
   <div class='ocr_carea' id='block_1_102' title="bbox 225 5737 1428 5807">
    <p class='ocr_par' dir='ltr' id='par_1_102' title="bbox 225 5737 1428 5807">
     <span class='ocr_line' id='line_1_102' title="bbox 225 5737 1428 5807; baseline 0.001 -14"><span class='ocrx_word' id='word_1_798' title='bbox 225 5740 268 5771; x_wconf 81' lang='lat'><strong>&quot;</strong></span> <span class='ocrx_word' id='word_1_799' title='bbox 309 5738 501 5793; x_wconf 79' lang='lat' dir='ltr'><strong>Matth.</strong></span> <span class='ocrx_word' id='word_1_800' title='bbox 538 5753 684 5803; x_wconf 75' lang='lat' dir='ltr'><strong>xv&quot;,</strong></span> <span class='ocrx_word' id='word_1_801' title='bbox 713 5737 770 5793; x_wconf 78' lang='grc'><strong>2.</strong></span> <span class='ocrx_word' id='word_1_802' title='bbox 872 5739 914 5770; x_wconf 86' lang='grc'><strong>¹⁸</strong></span> <span class='ocrx_word' id='word_1_803' title='bbox 953 5737 1143 5794; x_wconf 84' lang='lat' dir='ltr'><strong>Matth.</strong></span> <span class='ocrx_word' id='word_1_804' title='bbox 1184 5756 1328 5807; x_wconf 85' lang='lat' dir='ltr'><strong>xvn,</strong></span> <span class='ocrx_word' id='word_1_805' title='bbox 1359 5739 1428 5794; x_wconf 73' lang='grc'><strong>26</strong></span> 
     </span>
    </p>
   </div>
   <div class='ocr_carea' id='block_1_103' title="bbox 153 5807 1227 5870">
    <p class='ocr_par' dir='ltr' id='par_1_103' title="bbox 153 5807 1227 5870">
     <span class='ocr_line' id='line_1_103' title="bbox 153 5807 1227 5870; baseline 0 -6"><span class='ocrx_word' id='word_1_806' title='bbox 153 5811 202 5841; x_wconf 80' lang='grc'>²²</span> <span class='ocrx_word' id='word_1_807' title='bbox 242 5810 430 5864; x_wconf 68' lang='lat' dir='ltr'><strong>Matth.</strong></span> <span class='ocrx_word' id='word_1_808' title='bbox 467 5824 598 5870; x_wconf 83' lang='lat' dir='ltr'><strong>xm,</strong></span> <span class='ocrx_word' id='word_1_809' title='bbox 633 5809 685 5862; x_wconf 81' lang='grc'><strong>5.</strong></span> <span class='ocrx_word' id='word_1_810' title='bbox 762 5808 808 5840; x_wconf 79' lang='grc'>⁸⁸</span> <span class='ocrx_word' id='word_1_811' title='bbox 843 5807 955 5862; x_wconf 84' lang='lat' dir='ltr'><strong>Luc</strong></span> <span class='ocrx_word' id='word_1_812' title='bbox 1010 5825 1107 5863; x_wconf 80' lang='lat' dir='ltr'><strong>xu.</strong></span> <span class='ocrx_word' id='word_1_813' title='bbox 1149 5810 1227 5864; x_wconf 84' lang='lat' dir='ltr'><strong>l9.</strong></span> 
     </span>
    </p>
   </div>
   <div class='ocr_carea' id='block_1_104' title="bbox 434 5900 1180 5970">
    <p class='ocr_par' dir='ltr' id='par_1_104' title="bbox 434 5900 1180 5970">
     <span class='ocr_line' id='line_1_104' title="bbox 434 5900 1180 5970; baseline 0.007 -13"><span class='ocrx_word' id='word_1_814' title='bbox 434 5900 709 5964; x_wconf 56' lang='lat' dir='ltr'><strong>Pyram.</strong></span> <span class='ocrx_word' id='word_1_815' title='bbox 743 5901 859 5962; x_wconf 72' lang='lat' dir='ltr'><strong>Gn.</strong></span> <span class='ocrx_word' id='word_1_816' title='bbox 890 5901 1180 5970; x_wconf 79' lang='lat' dir='ltr'><strong>XXVIII.</strong></span> 
     </span>
    </p>
   </div>
   <div class='ocr_carea' id='block_1_105' title="bbox 1551 5737 2044 5807">
    <p class='ocr_par' dir='ltr' id='par_1_105' title="bbox 1551 5737 2044 5807">
     <span class='ocr_line' id='line_1_105' title="bbox 1551 5737 2044 5807; baseline 0.002 -14"><span class='ocrx_word' id='word_1_817' title='bbox 1551 5740 1592 5770; x_wconf 84' lang='grc'><strong>¹⁹</strong></span> <span class='ocrx_word' id='word_1_818' title='bbox 1633 5737 1764 5795; x_wconf 88' lang='lat' dir='ltr'><strong>Luc.</strong></span> <span class='ocrx_word' id='word_1_819' title='bbox 1813 5755 1903 5807; x_wconf 83' lang='lat' dir='ltr'><strong>xv,</strong></span> <span class='ocrx_word' id='word_1_820' title='bbox 1953 5738 2044 5794; x_wconf 77' lang='grc'><strong>12.</strong></span> 
     </span>
    </p>
   </div>
   <div class='ocr_carea' id='block_1_106' title="bbox 1814 4605 3385 4680">
    <p class='ocr_par' dir='ltr' id='par_1_106' title="bbox 1814 4605 3385 4680">
     <span class='ocr_line' id='line_1_106' title="bbox 1814 4605 3385 4680; baseline 0.001 -19"><span class='ocrx_word' id='word_1_821' title='bbox 1814 4622 1944 4661; x_wconf 88' lang='lat' dir='ltr'><strong>vero</strong></span> <span class='ocrx_word' id='word_1_822' title='bbox 1977 4606 2124 4675; x_wconf 85' lang='lat' dir='ltr'><strong>quod</strong></span> <span class='ocrx_word' id='word_1_823' title='bbox 2163 4605 2361 4660; x_wconf 90' lang='lat' dir='ltr'><strong>cecidit</strong></span> <span class='ocrx_word' id='word_1_824' title='bbox 2391 4606 2448 4660; x_wconf 91' lang='lat' dir='ltr'><strong>in</strong></span> <span class='ocrx_word' id='word_1_825' title='bbox 2484 4614 2684 4661; x_wconf 88' lang='lat' dir='ltr'><strong>terram</strong></span> <span class='ocrx_word' id='word_1_826' title='bbox 2709 4607 2930 4674; x_wconf 87' lang='lat' dir='ltr'><strong>bonam,</strong></span> <span class='ocrx_word' id='word_1_827' title='bbox 2952 4609 3231 4680; x_wconf 66' lang='lat' dir='ltr'><strong>propheta:</strong></span> <span class='ocrx_word' id='word_1_828' title='bbox 3256 4620 3385 4666; x_wconf 89' lang='lat' dir='ltr'><strong>sunt</strong></span> 
     </span>
    </p>
   </div>
   <div class='ocr_carea' id='block_1_107' title="bbox 1815 4698 2156 4770">
    <p class='ocr_par' dir='ltr' id='par_1_107' title="bbox 1815 4698 2156 4770">
     <span class='ocr_line' id='line_1_107' title="bbox 1815 4698 2156 4770; baseline -0.009 -15"><span class='ocrx_word' id='word_1_829' title='bbox 1815 4709 1869 4755; x_wconf 90' lang='lat' dir='ltr'><strong>et</strong></span> <span class='ocrx_word' id='word_1_830' title='bbox 1903 4698 2156 4770; x_wconf 87' lang='lat' dir='ltr'><strong>apostoli.</strong></span> 
     </span>
    </p>
   </div>
   <div class='ocr_carea' id='block_1_108' title="bbox 1887 4792 3383 4865">
    <p class='ocr_par' dir='ltr' id='par_1_108' title="bbox 1887 4792 3383 4865">
     <span class='ocr_line' id='line_1_108' title="bbox 1887 4792 3383 4865; baseline 0.003 -17"><span class='ocrx_word' id='word_1_831' title='bbox 1887 4795 2021 4848; x_wconf 69' lang='lat' dir='ltr'><strong>ALIA</strong></span> <span class='ocrx_word' id='word_1_832' title='bbox 2046 4793 2161 4849; x_wconf 81' lang='lat' dir='ltr'><strong>XV.</strong></span> <span class='ocrx_word' id='word_1_833' title='bbox 2199 4813 2218 4845; x_wconf 89' lang='grc'><em>‹</em></span> <span class='ocrx_word' id='word_1_834' title='bbox 2257 4792 2432 4848; x_wconf 86' lang='lat' dir='ltr'><strong>Homo</strong></span> <span class='ocrx_word' id='word_1_835' title='bbox 2457 4794 2680 4865; x_wconf 87' lang='lat' dir='ltr'><strong>quidam</strong></span> <span class='ocrx_word' id='word_1_836' title='bbox 2728 4795 2795 4851; x_wconf 91' lang='lat' dir='ltr'><strong>ab</strong></span> <span class='ocrx_word' id='word_1_837' title='bbox 2819 4795 3122 4852; x_wconf 85' lang='lat' dir='ltr'><strong>Jerusalem</strong></span> <span class='ocrx_word' id='word_1_838' title='bbox 3155 4798 3383 4854; x_wconf 88' lang='lat' dir='ltr'><strong>descen-</strong></span> 
     </span>
    </p>
   </div>
   <div class='ocr_carea' id='block_1_109' title="bbox 1820 4886 3383 4950">
    <p class='ocr_par' dir='ltr' id='par_1_109' title="bbox 1820 4886 3383 4950">
     <span class='ocr_line' id='line_1_109' title="bbox 1820 4886 3383 4950; baseline 0.001 -8"><span class='ocrx_word' id='word_1_839' title='bbox 1820 4886 1981 4942; x_wconf 80' lang='lat' dir='ltr'><strong>debat</strong></span> <span class='ocrx_word' id='word_1_840' title='bbox 2003 4886 2241 4950; x_wconf 79' lang='lat' dir='ltr'><strong>Jericho,</strong></span> <span class='ocrx_word' id='word_1_841' title='bbox 2268 4893 2322 4941; x_wconf 94' lang='lat' dir='ltr'><strong>et</strong></span> <span class='ocrx_word' id='word_1_842' title='bbox 2374 4887 2567 4942; x_wconf 91' lang='lat' dir='ltr'><strong>incidit</strong></span> <span class='ocrx_word' id='word_1_843' title='bbox 2607 4887 2661 4941; x_wconf 92' lang='lat' dir='ltr'><strong>in</strong></span> <span class='ocrx_word' id='word_1_844' title='bbox 2694 4888 3012 4943; x_wconf 78' lang='lat' dir='ltr'><strong>latrones”.</strong></span> <span class='ocrx_word' id='word_1_845' title='bbox 3045 4909 3064 4941; x_wconf 74' lang='grc' dir='ltr'><strong>ι</strong></span> <span class='ocrx_word' id='word_1_846' title='bbox 3091 4888 3264 4944; x_wconf 86' lang='lat' dir='ltr'><strong>Homo</strong></span> <span class='ocrx_word' id='word_1_847' title='bbox 3291 4891 3383 4944; x_wconf 95' lang='lat' dir='ltr'><strong>ille</strong></span> 
     </span>
    </p>
   </div>
   <div class='ocr_carea' id='block_1_110' title="bbox 1820 4976 3383 5048">
    <p class='ocr_par' dir='ltr' id='par_1_110' title="bbox 1820 4976 3383 5048">
     <span class='ocr_line' id='line_1_110' title="bbox 1820 4976 3383 5048; baseline 0.001 -13"><span class='ocrx_word' id='word_1_848' title='bbox 1820 4988 1902 5035; x_wconf 92' lang='lat' dir='ltr'><strong>est</strong></span> <span class='ocrx_word' id='word_1_849' title='bbox 1918 4978 2086 5033; x_wconf 87' lang='lat' dir='ltr'><strong>Adam</strong></span> <span class='ocrx_word' id='word_1_850' title='bbox 2115 4995 2130 5045; x_wconf 92' lang='lat'><strong>;</strong></span> <span class='ocrx_word' id='word_1_851' title='bbox 2160 4976 2824 5048; x_wconf 87' lang='lat' dir='ltr'><strong>Jerusalem,paradisus;</strong></span> <span class='ocrx_word' id='word_1_852' title='bbox 2850 4978 3090 5045; x_wconf 89' lang='lat' dir='ltr'><strong>Jericho,</strong></span> <span class='ocrx_word' id='word_1_853' title='bbox 3123 4982 3383 5046; x_wconf 86' lang='lat' dir='ltr'><strong>mundus;</strong></span> 
     </span>
    </p>
   </div>
   <div class='ocr_carea' id='block_1_111' title="bbox 1819 5070 3384 5142">
    <p class='ocr_par' dir='ltr' id='par_1_111' title="bbox 1819 5070 3384 5142">
     <span class='ocr_line' id='line_1_111' title="bbox 1819 5070 3384 5142; baseline 0.001 -18"><span class='ocrx_word' id='word_1_854' title='bbox 1819 5072 2082 5134; x_wconf 91' lang='lat' dir='ltr'><strong>latrones,</strong></span> <span class='ocrx_word' id='word_1_855' title='bbox 2115 5077 2243 5125; x_wconf 90' lang='lat' dir='ltr'><strong>sunt</strong></span> <span class='ocrx_word' id='word_1_856' title='bbox 2281 5070 2434 5124; x_wconf 75' lang='lat' dir='ltr'><strong>mala:</strong></span> <span class='ocrx_word' id='word_1_857' title='bbox 2482 5071 2842 5140; x_wconf 81' lang='lat' dir='ltr'><strong>cogitationes</strong></span> <span class='ocrx_word' id='word_1_858' title='bbox 2881 5079 2936 5126; x_wconf 92' lang='lat' dir='ltr'><strong>et</strong></span> <span class='ocrx_word' id='word_1_859' title='bbox 2978 5073 3384 5142; x_wconf 81' lang='lat' dir='ltr'><strong>transgressio;</strong></span> 
     </span>
    </p>
   </div>
   <div class='ocr_carea' id='block_1_112' title="bbox 1822 5160 3386 5230">
    <p class='ocr_par' dir='ltr' id='par_1_112' title="bbox 1822 5160 3386 5230">
     <span class='ocr_line' id='line_1_112' title="bbox 1822 5160 3386 5230; baseline -0.003 -12"><span class='ocrx_word' id='word_1_860' title='bbox 1822 5161 2101 5218; x_wconf 78' lang='lat' dir='ltr'><strong>sacerdos.</strong></span> <span class='ocrx_word' id='word_1_861' title='bbox 2133 5160 2441 5230; x_wconf 63' lang='lat' dir='ltr'><strong>prophetae;</strong></span> <span class='ocrx_word' id='word_1_862' title='bbox 2472 5160 2686 5225; x_wconf 86' lang='lat' dir='ltr'><strong>levites,</strong></span> <span class='ocrx_word' id='word_1_863' title='bbox 2717 5161 2954 5216; x_wconf 84' lang='lat' dir='ltr'><strong>Mosaica</strong></span> <span class='ocrx_word' id='word_1_864' title='bbox 3003 5163 3117 5226; x_wconf 82' lang='lat' dir='ltr'><strong>lex;</strong></span> <span class='ocrx_word' id='word_1_865' title='bbox 3147 5161 3386 5216; x_wconf 82' lang='lat' dir='ltr'><strong>Samari-</strong></span> 
     </span>
    </p>
   </div>
   <div class='ocr_carea' id='block_1_113' title="bbox 1823 5251 3388 5324">
    <p class='ocr_par' dir='ltr' id='par_1_113' title="bbox 1823 5251 3388 5324">
     <span class='ocr_line' id='line_1_113' title="bbox 1823 5251 3388 5324; baseline -0.001 -15"><span class='ocrx_word' id='word_1_866' title='bbox 1823 5263 2007 5318; x_wconf 91' lang='lat' dir='ltr'><strong>tanus,</strong></span> <span class='ocrx_word' id='word_1_867' title='bbox 2040 5251 2334 5320; x_wconf 90' lang='lat' dir='ltr'><strong>Christus;</strong></span> <span class='ocrx_word' id='word_1_868' title='bbox 2383 5253 2564 5308; x_wconf 89' lang='lat' dir='ltr'><strong>oleum</strong></span> <span class='ocrx_word' id='word_1_869' title='bbox 2609 5263 2662 5308; x_wconf 91' lang='lat' dir='ltr'><strong>et</strong></span> <span class='ocrx_word' id='word_1_870' title='bbox 2699 5254 2908 5317; x_wconf 91' lang='lat' dir='ltr'><strong>vinum,</strong></span> <span class='ocrx_word' id='word_1_871' title='bbox 2939 5253 3236 5324; x_wconf 90' lang='lat' dir='ltr'><strong>pretiosum</strong></span> <span class='ocrx_word' id='word_1_872' title='bbox 3267 5269 3388 5308; x_wconf 90' lang='lat' dir='ltr'><strong>cor-</strong></span> 
     </span>
    </p>
   </div>
   <div class='ocr_carea' id='block_1_114' title="bbox 1825 5345 3390 5416">
    <p class='ocr_par' dir='ltr' id='par_1_114' title="bbox 1825 5345 3390 5416">
     <span class='ocr_line' id='line_1_114' title="bbox 1825 5345 3390 5416; baseline 0.001 -16"><span class='ocrx_word' id='word_1_873' title='bbox 1825 5362 1928 5416; x_wconf 91' lang='lat' dir='ltr'><strong>pus</strong></span> <span class='ocrx_word' id='word_1_874' title='bbox 1957 5355 2011 5400; x_wconf 92' lang='lat' dir='ltr'><strong>et</strong></span> <span class='ocrx_word' id='word_1_875' title='bbox 2037 5345 2282 5416; x_wconf 79' lang='lat' dir='ltr'><strong>sanguis,</strong></span> <span class='ocrx_word' id='word_1_876' title='bbox 2307 5352 2362 5400; x_wconf 91' lang='lat' dir='ltr'><strong>et</strong></span> <span class='ocrx_word' id='word_1_877' title='bbox 2393 5357 2642 5402; x_wconf 91' lang='lat' dir='ltr'><strong>sanctum</strong></span> <span class='ocrx_word' id='word_1_878' title='bbox 2686 5347 2994 5416; x_wconf 88' lang='lat' dir='ltr'><strong>baptisma;</strong></span> <span class='ocrx_word' id='word_1_879' title='bbox 3029 5347 3390 5404; x_wconf 90' lang='lat' dir='ltr'><strong>diversorium</strong></span> 
     </span>
    </p>
   </div>
   <div class='ocr_carea' id='block_1_115' title="bbox 1824 5432 3390 5505">
    <p class='ocr_par' dir='ltr' id='par_1_115' title="bbox 1824 5432 3390 5505">
     <span class='ocr_line' id='line_1_115' title="bbox 1824 5432 3390 5505; baseline 0.004 -18"><span class='ocrx_word' id='word_1_880' title='bbox 1824 5444 2004 5488; x_wconf 78' lang='lat' dir='ltr'><strong>autem</strong></span> <span class='ocrx_word' id='word_1_881' title='bbox 2053 5440 2138 5488; x_wconf 90' lang='lat' dir='ltr'><strong>est</strong></span> <span class='ocrx_word' id='word_1_882' title='bbox 2196 5432 2476 5500; x_wconf 88' lang='lat' dir='ltr'><strong>Ecclesia;</strong></span> <span class='ocrx_word' id='word_1_883' title='bbox 2505 5442 2560 5491; x_wconf 91' lang='lat' dir='ltr'><strong>et</strong></span> <span class='ocrx_word' id='word_1_884' title='bbox 2613 5434 2836 5505; x_wconf 86' lang='lat' dir='ltr'><strong>hospes,</strong></span> <span class='ocrx_word' id='word_1_885' title='bbox 2884 5445 3107 5491; x_wconf 88' lang='lat' dir='ltr'><strong>sanctus</strong></span> <span class='ocrx_word' id='word_1_886' title='bbox 3155 5435 3390 5505; x_wconf 82' lang='lat' dir='ltr'><strong>Paulus;</strong></span> 
     </span>
    </p>
   </div>
   <div class='ocr_carea' id='block_1_116' title="bbox 1825 5523 3321 5584">
    <p class='ocr_par' dir='ltr' id='par_1_116' title="bbox 1825 5523 3321 5584">
     <span class='ocr_line' id='line_1_116' title="bbox 1825 5523 3321 5584; baseline 0 -4"><span class='ocrx_word' id='word_1_887' title='bbox 1825 5525 1934 5581; x_wconf 93' lang='lat' dir='ltr'><strong>duo</strong></span> <span class='ocrx_word' id='word_1_888' title='bbox 1977 5526 2189 5581; x_wconf 89' lang='lat' dir='ltr'><strong>denarii</strong></span> <span class='ocrx_word' id='word_1_889' title='bbox 2226 5533 2356 5582; x_wconf 91' lang='lat' dir='ltr'><strong>sunt</strong></span> <span class='ocrx_word' id='word_1_890' title='bbox 2377 5523 2550 5582; x_wconf 80' lang='lat' dir='ltr'><strong>Vetus</strong></span> <span class='ocrx_word' id='word_1_891' title='bbox 2569 5531 2623 5580; x_wconf 91' lang='lat' dir='ltr'><strong>et</strong></span> <span class='ocrx_word' id='word_1_892' title='bbox 2650 5523 2859 5581; x_wconf 87' lang='lat' dir='ltr'><strong>Novum</strong></span> <span class='ocrx_word' id='word_1_893' title='bbox 2891 5524 3321 5584; x_wconf 76' lang='lat' dir='ltr'><strong>Testamentum.</strong></span> 
     </span>
    </p>
   </div>
   <div class='ocr_carea' id='block_1_117' title="bbox 2145 5730 3377 5803">
    <p class='ocr_par' dir='ltr' id='par_1_117' title="bbox 2145 5730 3377 5803">
     <span class='ocr_line' id='line_1_117' title="bbox 2145 5730 3377 5803; baseline -0.003 -13"><span class='ocrx_word' id='word_1_894' title='bbox 2145 5738 2190 5769; x_wconf 84' lang='grc'><strong>¹⁶</strong></span> <span class='ocrx_word' id='word_1_895' title='bbox 2231 5735 2363 5792; x_wconf 90' lang='lat' dir='ltr'><strong>Luc.</strong></span> <span class='ocrx_word' id='word_1_896' title='bbox 2414 5750 2544 5803; x_wconf 86' lang='lat' dir='ltr'><strong>xix,</strong></span> <span class='ocrx_word' id='word_1_897' title='bbox 2595 5732 2685 5787; x_wconf 72' lang='lat'><strong>22.</strong></span> <span class='ocrx_word' id='word_1_898' title='bbox 2797 5732 2842 5766; x_wconf 79' lang='lat'>“</span> <span class='ocrx_word' id='word_1_899' title='bbox 2883 5730 3073 5788; x_wconf 73' lang='lat' dir='ltr'><strong>Matth.</strong></span> <span class='ocrx_word' id='word_1_900' title='bbox 3123 5749 3252 5791; x_wconf 82' lang='lat' dir='ltr'><strong>xxi.</strong></span> <span class='ocrx_word' id='word_1_901' title='bbox 3304 5733 3377 5787; x_wconf 78' lang='lat'><strong>55</strong></span> 
     </span>
    </p>
   </div>
   <div class='ocr_carea' id='block_1_118' title="bbox 3104 5895 3182 5955">
    <p class='ocr_par' dir='ltr' id='par_1_118' title="bbox 3104 5895 3182 5955">
     <span class='ocr_line' id='line_1_118' title="bbox 3104 5895 3182 5955; baseline -0.038 0"><span class='ocrx_word' id='word_1_902' title='bbox 3104 5895 3182 5955; x_wconf 76' lang='lat'><strong>23</strong></span> 
     </span>
    </p>
   </div>
  </div>
