3852 6192
462 368 566 424 ’115

465 567 536 622 ad
561 566 979 623 conducendum
1006 565 1288 636 operarios
1305 565 1372 622 “.
1398 585 1416 617 ι
1443 564 1618 620 Homo
1640 565 1728 619 ille
1745 576 1828 620 est
1853 564 2027 632 Deus;

466 661 645 724 vinea,
676 657 917 712 mundus
952 667 1074 722 est;
1131 655 1388 726 Operarii,
1441 655 1691 726 apostoli.
1742 654 1845 722 Qui
1903 669 2031 710 vero

467 751 615 805 circa
644 749 993 806 undecimam
1020 749 1213 803 horam
1249 748 1494 811 veniunt,
1542 746 1794 802 Matthias
1815 753 1919 811 est,
1937 747 2032 816 qui

466 856 593 895 cum
623 839 854 909 reliquis
882 838 1136 894 undecim
1166 838 1430 908 apostolis
1471 848 1894 893 connumeratus
1925 844 2027 891 est.

536 930 676 986 Am
701 929 863 984 XVII.
895 948 914 981 ι
950 930 1140 984 Mulier
1164 930 1409 1000 quaedam
1429 929 1743 984 drachmam
1773 927 2028 990 habebat,

469 1038 634 1093 quam
667 1021 902 1092 perdidit
920 1023 986 1076 ".
1031 1040 1048 1072 ι
1082 1019 1213 1085 Quae
1241 1020 1436 1074 mulier
1463 1019 1585 1073 est?
1609 1017 1868 1072 Ecclesia.
1901 1017 2032 1084 Quae

469 1112 765 1168 drachma?
788 1110 981 1164 Adam.
1017 1162 1019 1165 ,

538 1206 678 1260 Αιιιι
706 1203 894 1259 XVIII.
932 1221 950 1254 ι
993 1201 1180 1256 Simile
1225 1201 1428 1254 factum
1472 1207 1556 1255 est
1593 1214 1818 1269 regnum
1863 1197 2031 1252 cmlo-

472 1311 592 1350 rum
643 1295 925 1358 thesauro,
971 1293 1293 1348 abscondito
1341 1293 1395 1345 in
1450 1306 1579 1360 agro
1597 1292 1660 1344 ’⁵.
1705 1309 1722 1342 ι
1767 1289 1901 1356 Quis
1942 1289 2032 1343 ille

474 1386 798 1442 thesaurus?
833 1385 1102 1440 Christus.
1147 1382 1251 1448 Qui
1279 1382 1560 1436 emerunt?
1586 1379 1784 1450 .Ioseph
1840 1389 1894 1433 et
1941 1379 2033 1432 Ni-

471 1478 729 1534 codemus
759 1497 772 1532 :
807 1478 917 1531 imo
943 1476 1123 1546 potius
1151 1485 1338 1529 sancta
1369 1475 1620 1542 Deipara.

539 1567 758 1632 Qums'r.
789 1563 930 1618 XIX.
965 1583 983 1613 ‹
1024 1562 1211 1615 Simile
1243 1561 1442 1614 factum
1478 1570 1561 1614 est
1598 1574 1826 1629 regnum
1866 1558 2033 1614 caelo-

467 1673 590 1712 rum
615 1656 906 1720 fermento,
931 1652 1077 1724 quod
1105 1659 1387 1720 acceptum
1434 1650 1629 1704 mulier
1657 1648 1945 1704 abscondit
1978 1649 2032 1702 in

469 1752 659 1808 farinae
690 1758 804 1807 sata
841 1747 947 1801 tria
963 1748 1030 1800 ³⁷.
1067 1765 1086 1797 ι
1122 1744 1273 1810 Quod
1304 1743 1435 1797 illud
1463 1741 1826 1798 fermentum?
1850 1739 2029 1794 Fides.

1545 337 1548 340 ’
1613 360 1670 416 s.
1712 357 2176 416 ATHANASIUS.
2218 387 2285 402 -
2329 357 2600 415 spuma.

531 481 669 534 ΔιιΑ
705 475 838 533 XVI.
873 495 892 528 ‹
926 475 1098 533 Homo
1124 477 1343 547 quidam
1373 477 1617 531 diluculo
1663 491 1918 547 egressus
1947 484 2030 530 est
2059 480 2106 532 Α

3593 358 3700 410 716

2203 475 2369 544 Ἀλλη
2399 479 2493 538 ις’.
2525 492 2543 524 ι
2581 472 2899 544 ’Ἄνθρωπός
2943 491 3026 536 τις
3070 471 3259 542 ἐξῆλθε
3309 472 3453 543 πρωῒ
3494 475 3702 544 μισθώ-

2131 566 2325 620 σασθαι
2371 565 2642 636 ἐργάτας.
2683 583 2704 616 ι
2746 565 3063 635 Ἀνθρωπος
3090 566 3119 616 ό
3165 563 3328 627 Θεός·
3369 563 3631 635 ἀμπελὼν
3670 568 3701 617 ὁ

2131 656 2331 727 κόσμος
2351 673 2362 686 ·
2395 656 2624 727 ἐργάται
2653 656 2701 708 οἱ
2731 655 3040 709 ἀπόστολοι.
3085 655 3149 708 Οἱ
3167 655 3224 709 δὲ
3254 655 3380 726 περὶ
3413 655 3511 726 τὴν
3547 657 3699 708 ἐνδε-

2130 747 2300 816 κάτην
2328 744 2474 816 ὥραν
2507 745 2753 809 ἐλθόντες
2815 743 3064 810 Ματθίας
3112 745 3282 810 ἐστὶν,
3321 745 3381 810 ὃς
3413 747 3507 799 καὶ
3561 763 3698 800 κατ-

2130 836 2398 907 εψηφίσθη
2431 834 2569 906 μετά
2593 835 2702 888 τῶν
2733 835 2924 889 ἕνδεκα
2945 836 3277 889 ἀποστόλων.

2171 937 2189 952 ‘
2208 928 2404 997 Ἑτέρα
2436 929 2520 991 ιζ’.
2551 945 2570 978 ι
2598 928 2739 999 Γυνή
2766 945 2850 991 τις
2874 925 2985 998 εἶχε
3007 928 3272 999 δραχμὴν,
3296 928 3389 982 καὶ
3417 927 3701 981 ἀπώλεσεν

2131 1017 2319 1087 αὑτήν.
2348 1038 2368 1070 ι
2406 1019 2502 1082 Τίς
2523 1021 2557 1090 ἡ
2590 1019 2763 1090 γυνή;
2814 1021 2847 1090 ἠ
2913 1019 3226 1091 Ἐκκλησία.
3260 1021 3357 1084 Τίς
3382 1023 3416 1089 ἡ
3447 1021 3699 1091 δραχμή;

2129 1112 2158 1162 6
2197 1110 2383 1181 Ἀδάμ.

2204 1203 2369 1274 Ἀλλη
2413 1209 2502 1274 ιη’.
2550 1222 2569 1255 ι
2619 1201 2884 1274 Ὡμοιώθη
2927 1205 2961 1272 ἡ
3007 1202 3253 1273 βασιλεία
3305 1202 3412 1256 τῶν
3454 1203 3702 1274 οὐρανῶν

2131 1293 2389 1366 θησαυρῷ
2437 1295 2802 1365 κεκρυμμένῳ
2839 1296 2897 1347 ἐν
2934 1294 3107 1365 ἀγρῷ.
3142 1313 3161 1345 ι
3195 1295 3291 1358 Τίς
3321 1295 3350 1345 6
3391 1295 3697 1365 θησαυρός;

2129 1388 2158 1440 6
2187 1387 2436 1458 Χριστός.
2474 1386 2631 1450 Τίνες
2658 1389 2706 1439 οἱ
2737 1385 3142 1456 ἀγοράσαντες;
3177 1388 3206 1439 ὁ
3247 1386 3441 1456 Ἰωσὴφ
3474 1386 3569 1438 καὶ
3605 1387 3704 1439 Νι-

2131 1477 2384 1548 κόδημος,
2424 1477 2622 1547 μᾶλλον
2651 1477 2762 1547 δὲή
2804 1477 2936 1544 ἁγία
2962 1475 3244 1539 Θεοτόκος.

2455 1567 2536 1620 ιθ’.
2581 1588 2600 1619 ‹
2640 1568 2908 1639 Ὡμοιώθη
2944 1571 2977 1640 ἡ
3031 1567 3272 1638 βασιλεία
3300 1567 3407 1621 τῶν
3454 1567 3704 1639 οὐρανῶν

2131 1657 2296 1730 ζύμῃ,
2329 1659 2394 1729 ἣν
2449 1658 2684 1710 λαϐοῦσα
2727 1657 2862 1729 γυνὴ
2897 1656 3130 1728 ἔκρυψεν
3160 1658 3240 1720 είς
3279 1656 3507 1727 ἀλεύρου
3559 1658 3702 1710 σάτα

2131 1749 2317 1820 τρία.»
2360 1749 2454 1812 Τίς
2499 1747 2679 1818 ζύμη;
2742 1751 2774 1818 ὴ
2825 1747 3020 1810 πίστις.
3069 1746 3148 1799 Τά
3197 1745 3254 1798 δέ
3297 1747 3424 1817 τρία
3469 1746 3704 1818 ἀλεύρου

472 1843 681 1896 Farinae
711 1842 816 1896 tria
849 1839 1003 1894 sata?
1035 1835 1331 1891 Salvatoris
1379 1842 1503 1904 post
1561 1834 1802 1888 triduum
1849 1847 2034 1887 resur-

2162 1815 2301 1905 ’άτα;
2327 1840 2360 1911 ἡ
2386 1815 2681 1910 τριήμερος
2712 1815 2801 1892 τοῦ
2833 1839 3084 1909 Σωτῆρος
3123 1815 3442 1902 ἀνάστασις.

469 1933 666 1986 rectio.

538 2020 762 2086 Quas'r.
795 2018 913 2072 XX.
948 2017 1127 2083 Quare
1163 2015 1402 2084 Baptista
1453 2019 1613 2067 vocat
1648 2010 1867 2066 Iudaeos
1901 2027 2029 2082 pro-

469 2113 680 2183 geniem
708 2111 1017 2180 viperarum
1034 2109 1116 2160 '8?

541 2205 704 2259 Resp.
729 2201 867 2268 Quia
901 2201 994 2254 illa
1024 2201 1197 2255 bestia
1245 2211 1357 2252 suae
1403 2195 1592 2250 matri-5
1637 2200 1880 2249 ventrem
1935 2208 2032 2247 ex-

469 2292 602 2358 edit,
633 2299 686 2348 et
714 2293 795 2347 sic
823 2287 1336 2361 demumegreditur
1372 2304 1384 2338 :
1421 2283 1566 2354 quod
1608 2283 1768 2338 etiam
1793 2282 1885 2337 isti
1910 2296 2034 2351 par-

471 2383 655 2439 ricidae
683 2390 1055 2452 patraverunt,
1091 2395 1201 2450 prae
1230 2376 1431 2433 invidia
1466 2389 1597 2430 suos
1643 2372 2030 2427 interﬁcientcs

470 2476 724 2530 doctores
751 2481 804 2529 et
827 2473 1144 2544 prophetas.
1176 2469 1512 2540 Lapidarunt
1547 2467 1691 2548 enim
1742 2465 2032 2527 Mosem",

473 2565 664 2621 Isaiam
693 2579 824 2620 vero
847 2563 1167 2634 prophetam
1205 2574 1329 2615 cum
1383 2559 1562 2630 lignea
1613 2571 1765 2612 serra
1810 2557 1866 2611 in
1897 2555 2036 2611 duas

470 2664 655 2726 partes
679 2655 1004 2711 diviserunt.

541 2837 760 2905 Quasr.
807 2835 949 2891 XXI.
1002 2834 1176 2902 Quam
1233 2832 1304 2889 ob
1351 2847 1576 2889 causam
1630 2846 1755 2887 cum
1796 2831 2035 2887 traditus

471 2936 620 2986 esset
652 2928 912 2991 Joannes,
938 2925 1166 2982 secessit
1203 2923 1364 2979 Jesus
1395 2924 1450 2978 in
1480 2923 1754 2977 Galilaeam
1778 2922 1861 2976 ‘°?

542 3019 706 3076 lisse.
740 3020 814 3076 Ut
836 3034 936 3074 nos
965 3017 1190 3072 doceret
1220 3015 1507 3086 fugiendas
1531 3029 1652 3070 esse
1683 3013 2031 3070 tentationes.

471 3110 628 3178 Quod
659 3112 704 3167 si
736 3112 792 3166 in
823 3125 917 3166 eas
945 3107 1321 3171 inciderimus,
1357 3113 1418 3159 ut
1453 3090 1674 3160 strenue
1711 3120 1813 3160 nos
1836 3115 1890 3160 et
1923 3106 2034 3162 for-

473 3203 600 3257 titer
625 3214 897 3272 geramus.

543 3293 766 3359 Qumsr.
817 3286 981 3343 XXII.
1029 3283 1172 3352 Quid
1227 3283 1472 3354 peccavit
1521 3282 1656 3338 ﬁcus
1718 3283 1860 3356 quod
1917 3300 2035 3340 eam

471 3384 725 3440 Christus
772 3378 1149 3435 arefecerit“?
1173 3390 1411 3446 quonam
1473 3375 1526 3430 id
1562 3376 1842 3446 proposito
1882 3375 2039 3431 fecit?

472 3486 527 3531 et
561 3471 874 3545 quomodo?

544 3565 707 3620 Ense.
739 3561 1005 3629 Quoniam
1037 3558 1298 3614 Dominus
1340 3572 1604 3629 passurus
1638 3558 1750 3628 jam
1805 3567 1941 3625 erat,
1972 3574 2040 3613 ne

474 3659 854 3713 existimarent
877 3653 997 3722 ejus
1021 3651 1278 3722 discipuli
1322 3650 1598 3704 inﬁrmum
1637 3651 1833 3720 ipsum,
1871 3651 2041 3705 imbe-

467 3746 771 3814 cillumque
811 3756 934 3798 esse
983 3751 1146 3810 atque
1174 3738 1298 3794 ideo
1328 3743 1462 3809 pati,
1500 3739 1703 3817 in‘hac
1735 3740 2038 3794 inanimata

475 3852 536 3892 re
580 3851 735 3892 suam
778 3834 1079 3888 declaravit
1129 3832 1423 3901 potentiam
1469 3839 1573 3885 :ut
1627 3832 1938 3886 ostenderet
1981 3847 2040 3885 se

474 3943 665 3982 omnes
707 3925 1050 3981 adversarios
1102 3940 1234 3980 suos
1291 3923 1543 3978 ariditate
1599 3935 1883 3993 percutere
1934 3938 2036 3994 po-

465 4019 670 4075 tuisse.
715 4015 822 4073 Sed
870 4018 1018 4088 quia,
1051 4015 1510 4086 quemadmodum
1565 4014 1702 4069 dixit
1758 4016 1896 4084 ipse,
1926 4031 2037 4069 non

471 4111 620 4167 venit
648 4118 707 4165 ut
735 4110 942 4180 judicet
966 4110 1127 4182 260
1156 4107 1442 4171 mundum,
1468 4107 1597 4178 quin
1630 4108 1812 4176 potius
1839 4116 1897 4162 ut
1927 4109 2038 4163 sal-

472 4218 601 4257 vum
638 4201 802 4255 faciat
816 4201 1059 4255 ":suam
1086 4199 1306 4268 quidem
1336 4198 1633 4268 potentiam
1657 4199 1714 4251 in
1739 4198 2040 4253 inanimata

465 4292 582 4347 .iicu
614 4292 872 4357 declarat,
906 4306 1066 4345 suum
1118 4297 1297 4344 autem
1352 4305 1482 4360 erga
1509 4288 1758 4344 homines
1794 4305 2053 4344 amorem.

466 4383 739 4436 immensa
769 4379 1036 4450 patientia
1071 4394 1197 4447 erga
1240 4379 1489 4434 homines
1535 4388 1770 4435 exercet.
1829 4380 2039 4435 Dicitur

2220 2019 2410 2090 Ἐρώτ.
2438 2018 2505 2074 κ’.
2537 2019 2635 2072 Διά
2668 2019 2720 2071 τί
2772 2019 3086 2090 γεννήματα
3126 2017 3347 2089 ἐχιδνῶν
3388 2020 3515 2082 τοὺς
3568 2020 3707 2072 Ἰου-

2133 2105 2313 2169 δαίους
2341 2110 2369 2160 ὁ
2402 2108 2712 2179 Βαπτιστὴς
2743 2107 2930 2173 καλεί;

2226 2197 2412 2251 Ἀπόκ.
2461 2199 2678 2270 Ἐπειδὴ
2719 2199 2780 2252 τὸ
2809 2199 2995 2271 θηρίον
3028 2199 3188 2254 τοῦτο
3223 2200 3424 2272 τρώγει
3455 2200 3552 2273 τὴν
3596 2219 3707 2270 γα-

2137 2289 2299 2360 στέρα
2319 2291 2414 2360 τῆς
2439 2290 2640 2362 μητρὸς
2660 2289 2846 2355 αὑτοῦ,
2865 2291 2959 2344 καὶ¹
2985 2291 3155 2356 οὕτως
3174 2292 3472 2363 ἐξέρχεται·
3514 2293 3708 2366 ὥσπερ

2135 2381 2229 2432 καὶ
2255 2376 2399 2432 οὗτοι
2435 2382 2697 2452 ἐποίησαν
2717 2421 2732 2446 ,
2768 2381 3090 2453 πατραλοῖαι
3119 2383 3416 2453 γενόμενοι,
3446 2382 3540 2436 καὶ
3575 2385 3706 2448 τοὺς

2134 2468 2488 2532 διδασκάλους
2531 2469 2708 2522 αὐτῶν
2757 2469 2850 2522 καὶ
2880 2469 3006 2532 τοὺς
3035 2470 3322 2540 προφήτας
3361 2467 3537 2540 φθόνῳ
3571 2486 3709 2522 κατ-

2134 2558 2531 2624 αναλίσκοντες.
2571 2559 2683 2612 Καὶ
2715 2558 2824 2630 γὰρ
2852 2561 2944 2612 τὸν
2976 2558 3178 2612 Μωσέα
3210 2557 3485 2622 ὲλίθασαν,
3516 2558 3608 2612 τὸν
3647 2559 3708 2614 δὲ

2147 2648 2372 2702 Ἡσαΐαν
2428 2649 2567 2720 μετὰ
2615 2649 2824 2714 ξυλίνου
2859 2649 3078 2721 πρίονος
3127 2650 3518 2724 ἐδιχοτόμησαν
3569 2651 3698 2724 πρί-

2138 2757 2331 2806 σαντες
2362 2743 2544 2796 αὑτόν.
2589 2757 2596 2764 ·

2221 2833 2409 2904 Ἐρώτ.
2443 2840 2549 2888 καν.
2577 2833 2734 2898 Τίνος
2758 2834 2938 2906 χάριν,
2970 2834 3365 2906 παραδοθέντος
3392 2835 3487 2889 τοῦ
3522 2834 3705 2890 Ἰωάνά

2135 2943 2228 2980 νου
2248 2967 2262 2991 ,
2294 2925 2636 2998 ἀνεχώρησεν
2664 2927 2693 2979 6
2733 2926 2940 2998 Ἰησοῦς
2961 2929 3040 2991 είς
3064 2928 3164 3000 τὴν
3185 2927 3508 2992 Γαλιλαίαν;

2221 3019 2406 3072 Ἀπόκ.
2446 3019 2619 3090 Ἠμᾶς
2654 3019 2920 3072 παιδεύων
2945 3020 3166 3089 φεύγειν
3187 3020 3314 3084 τοὺς
3345 3021 3708 3092 πειρασμοὺς,

2137 3107 2270 3162 ἀλλὰ
2294 3108 2419 3172 τοὺς
2441 3108 2779 3179 ἐμπεσόντας
2807 3111 2996 3180 στῆναι
3025 3110 3309 3176 γενναίως.

2220 3285 2410 3356 Ἐρώτ.
2439 3285 2542 3356 κβ’.
2581 3286 2645 3338 Τί
2669 3287 2915 3356 ἥμαρτεν
2945 3289 2978 3359 ἡ
3011 3287 3170 3358 συκῆ,
3206 3287 3286 3340 ὅτι
3321 3285 3583 3358 ἐξήρανεν
3615 3287 3710 3340 αύ-

2137 3377 2235 3450 τὴν
2273 3381 2301 3431 ὁ
2347 3377 2611 3448 Χριστός;
2664 3379 2756 3433 καὶ
2803 3380 2890 3433 διὰ
2921 3379 3077 3434 ποίαν
3112 3379 3402 3444 ὑπόθεσιν;
3447 3382 3544 3434 καὶ
3587 3381 3710 3434 τίνα

2138 3470 2338 3540 τρόπον
2358 3485 2372 3533 ;

2221 3564 2406 3616 Ἀπόκ.
2453 3564 2603 3616 Ἐπεὶ
2631 3562 2852 3634 ἔμελλεν
2882 3566 2910 3616 ὁ
2943 3565 3146 3637 Κύριος
3178 3567 3238 3620 τὸ
3271 3565 3441 3631 πάθος
3483 3566 3714 3636 ὑφίστα-

2141 3654 2283 3719 σθαι,
2311 3657 2398 3708 ἴνα
2430 3655 2504 3726 μὴ
2531 3657 2821 3726 νομίσωσιν
2867 3657 2916 3708 οί
2974 3656 3233 3726 μαθηταὶ,
3279 3659 3360 3711 ὅτι
3408 3658 3713 3728 ἀδυναμίαν

2139 3747 2250 3817 ἔχει
2301 3747 2396 3798 καὶ
2440 3744 2742 3808 ἀσθένειαν,
2790 3745 2883 3797 καὶ
2928 3745 3016 3797 διὰ
3056 3745 3215 3798 τοῦτο
3258 3746 3490 3816 πάσχει,
3523 3748 3580 3799 ἐν
3633 3747 3715 3817 τῷ

2140 3837 2332 3907 ἀψύχῳ
2363 3836 2602 3888 δείκνυσι
2635 3835 2733 3904 τὴν
2766 3835 2996 3905 δύναμιν
3035 3834 3229 3888 ἑαυτοῦ
3253 3852 3267 3865 ⁸
3305 3836 3391 3888 ἵνα
3425 3835 3596 3908 δείξῃ,
3629 3836 3714 3889 ὅτι

2138 3930 2368 4000 ἠδύνατο
2407 3929 2614 3990 πάντας
2667 3925 2893 3998 ξηρᾶναι
2945 3928 3071 3990 τοὺς
3114 3927 3513 3995 ἀντιλέγοντας.
3573 3928 3713 3981 Ἀλλ’

2140 4021 2325 4091 ἐπειδὴ
2353 4021 2452 4074 οὐκ
2478 4017 2608 4090 ἦ).οε
2643 4023 2824 4089 κρῖναι
2851 4019 2943 4072 τὸν
2977 4020 3200 4089 κόσμον,
3231 4019 3367 4072 ἀλλά
3409 4019 3607 4083 σῶσαι,
3637 4020 3715 4084 ὡς

2141 4111 2301 4175 αὐτὸς
2337 4111 2524 4181 ἔφησε,
2557 4111 2654 4181 τὴν
2688 4110 2786 4181 μὲν
2841 4111 3069 4180 δύναμιν
3113 4110 3445 4164 ἐνδείκνυται
3483 4112 3579 4164 ἐπὶ
3614 4111 3718 4181 τῆς

2139 4200 2349 4270 ἀψύχου
2386 4201 2576 4270 συκῆς,
2603 4200 2701 4271 τὴν
2728 4199 3133 4271 φιλανθρωπίαν
3163 4201 3218 4252 δὲ
3256 4201 3576 4271 ταμιεύεται
3600 4205 3716 4265 τοῖς

2139 4291 2442 4362 ἀνθρώποις
2488 4292 2710 4362 ἀμέτρῳ
2753 4291 3108 4362 ἀνεξικακίᾳ.
3161 4292 3390 4360 Λέγεται
3435 4293 3495 4346 δὲ
3543 4295 3634 4347 καὶ
3678 4298 3712 4364 ἡ

2142 4384 2382 4454 ἁμαρτία
2414 4383 2575 4454 συκῆ,
2605 4384 2671 4454 ἣν
2701 4384 3047 4455 κατηράσατο
3084 4385 3178 4436 καὶ
3210 4383 3440 4454 ἐξήρανε
3477 4385 3717 4456 Χριστὸς

472 4487 689 4543 quoque
745 4471 882 4553 ﬁcus
934 4479 1242 4541 peccatum,
1296 4471 1440 4541 quod
1494 4482 1814 4528 exsecratus
1851 4482 1936 4528 est
1981 4483 2035 4529 et

2162 4497 2168 4524 ι
2204 4475 2337 4538 Θεὸς
2368 4474 2542 4545 ἡμῶν.
2592 4475 2747 4526 Ἐστι
2777 4473 2833 4526 δὲ
2881 4475 2975 4527 καὶ
3019 4474 3197 4538 τοῦτο,
3235 4475 3367 4528 διότι
3401 4475 3563 4528 ἔλαϐε
3615 4477 3716 4547 τῆς

473 4561 728 4616 ariditate
763 4562 1044 4630 percussit
1102 4559 1264 4616 Jesus
1311 4560 1566 4618 Christus
1622 4561 1767 4618 Deus
1820 4571 2030 4620 noster.

474 4651 679 4723 Estque
730 4652 846 4706 haec
891 4653 1056 4722 hujus
1100 4653 1182 4707 rei
1213 4654 1374 4718 ratio,
1406 4654 1532 4722 quia
1565 4660 1688 4724 post
1727 4661 2036 4725 transgres-

472 4745 682 4801 sionem
716 4742 885 4796 Adam
919 4743 1126 4813 accepit
1158 4741 1289 4798 folia
1332 4742 1477 4800 ﬁcus
1498 4743 1564 4810 ⁸³,
1592 4743 1792 4813 quibus
1826 4745 2034 4800 obtexit

461 4851 585 4894 sum
613 4832 967 4904 turpitudinis
1000 4842 1310 4903 peccatum;
1347 4849 1469 4888 cum
1501 4834 1830 4889 destruxerit
1847 4843 2034 4890 trans-

472 4927 773 5001 gressionis
808 4933 1116 4997 peccatum,
1156 4931 1210 4980 et
1247 4925 1532 4979 conﬁxerit
1573 4926 1940 4998 deleveritque
1978 4929 2034 4983 in

471 5031 654 5084 cruce,
682 5016 906 5072 arefecit
929 5016 1246 5088 operculum
1275 5017 1508 5086 peccati,
1539 5018 1695 5086 quasi
1720 5017 1846 5072 folia
1878 5019 2033 5086 licus,

475 5108 671 5180 auibus
703 5107 874 5162 Adam
913 5108 1195 5178 tegebatur
1225 5114 1348 5177 post
1386 5109 1898 5178 transgressionem.

539 5199 764 5264 (ξοβετ.
794 5195 982 5252 XXIII.
1019 5197 1165 5264 Quid
1213 5207 1298 5252 est
1348 5199 1491 5268 quod
1527 5198 1823 5272 (Christus)
1853 5201 1986 5257 dicit
2016 5219 2032 5254 :

475 5309 496 5341 ι
534 5290 788 5361 Quinque
826 5291 975 5345 viros
1009 5291 1270 5358 habuisti,
1307 5299 1359 5346 et
1414 5307 1560 5346 nunc
1621 5309 1781 5364 quem
1843 5295 2033 5360 habes,

470 5397 580 5436 non
612 5392 697 5438 est
730 5392 861 5438 tuus
881 5382 1062 5437 vir“?

540 5473 696 5528 Resp.
732 5471 857 5528 IImc
899 5475 1095 5529 mulier
1142 5473 1290 5528 viros
1345 5472 1503 5542 juxta
1555 5472 2029 5528 Samaritanorum

539 5689 582 5719 “
622 5689 808 5743 Matth.
842 5704 949 5749 ιι.
988 5692 1036 5744 Ι.
1115 5694 1159 5723 ’⁵
1199 5691 1330 5746 Luc.
1368 5708 1456 5758 xv,
1495 5692 1548 5744 8.
1626 5694 1670 5724 ³⁵
1711 5691 1900 5745 Matth.
1933 5709 2033 5746 xm

472 5756 518 5792 ³⁸
553 5758 745 5813 Matth.
781 5777 890 5825 xxv,
921 5761 1009 5815 54.
1088 5762 1128 5792 ³⁸
1172 5761 1337 5816 Marc.
1372 5756 1456 5828 χι,
1496 5763 1595 5826 13,
1638 5763 1720 5816 14.

2050 5732 2064 5756 ,
2101 5692 2188 5745 ιι.

1789 5765 1858 5814 -"
1899 5761 2056 5818 Joan.
2099 5780 2191 5828 ιιι,
2229 5760 2317 5814 I7.
2394 5759 2438 5790 ³³
2477 5756 2611 5814 Gen.
2650 5775 2745 5826 ιιι,
2785 5759 2834 5812 7.
2909 5759 2952 5789 ³⁵
2987 5758 3146 5813 Joan.
3191 5775 3262 5823 Iv,
3301 5759 3389 5813 18.

2146 4567 2314 4636 συκῆς
2342 4565 2410 4619 τὰ
2439 4565 2611 4634 φύλλα
2637 4567 2665 4618 ό
2693 4564 2883 4635 Ἀδὰμ,
2901 4565 2994 4618 καὶ
3021 4565 3291 4618 ἐσκέπασε
3315 4564 3415 4636 τὴν
3436 4566 3716 4637 ἁμαρτίαν

2143 4659 2242 4727 τῆς
2263 4656 2528 4728 ,αἰσχύνης
2571 4655 2708 4727 μετά
2755 4655 2852 4727 τὴν
2899 4656 3245 4728 παράϐασιν·
3293 4657 3606 4721 καταλύσας
3652 4659 3716 4710 τὸ

2145 4749 2448 4821 ἁμάρτημα
2487 4749 2586 4819 τῆς
2619 4747 2980 4820 παραϐάσεως
3004 4787 3018 4811 ,
3076 4748 3171 4800 καὶ
3206 4746 3569 4818 προσηλώσας
3619 4748 3718 4800 καὶ

2143 4838 2429 4908 ἐξαλείψας
2452 4840 2510 4892 ἐν
2535 4838 2611 4909 τῷ
2643 4836 2890 4908 σταυρῷ,
2933 4837 3163 4909 ἐξήρανε
3191 4837 3253 4890 τὺ
3298 4835 3564 4907 κάλυμμα
3613 4836 3716 4907 τῆς

2144 4931 2436 5002 ἁμαρτίας,
2467 4929 2541 4994 ὡς
2571 4929 2641 4982 τά
2667 4929 2840 5000 φύλλα
2862 4930 2963 4999 τῆς
2997 4929 3169 5000 συκῆς
3199 4929 3235 4983 ἀ
3264 4929 3659 5002 περιεϐέϐλητο
3685 4933 3718 4985 6

2154 5023 2326 5094 Ἀδάμ
2359 5021 2496 5093 μετά
2523 5023 2620 5093 τὴν
2650 5023 2955 5094 παρακοήν.

2225 5198 2416 5270 Ἐρώτ.
2440 5205 2544 5268 κγ’.
2573 5197 2637 5251 Τί
2657 5197 2823 5267 λέγει,
2847 5198 2930 5251 ὅτι
2957 5216 2976 5249 ι
2999 5197 3169 5250 Πέντε
3197 5198 3392 5268 ἀνδρας
3418 5197 3596 5268 ἔσχες,
3618 5198 3714 5252 καὶ

2142 5291 2236 5346 νῦν
2267 5292 2324 5344 ὃν
2353 5291 2498 5362 ἔχεις
2522 5291 2621 5343 οὐκ
2649 5289 2762 5342 ἐστι
2788 5307 2880 5342 σου
2910 5291 3084 5360 ἀνήρ;
3123 5309 3143 5340 ι

2217 5470 2404 5524 Ἀπόκ.
2446 5471 2511 5523 Ἡ
2540 5469 2676 5541 γυνὴ
2701 5469 2858 5539 ἔσχεν
2892 5469 3088 5540 ἄνδρας
3122 5467 3262 5522 κατά
3288 5469 3378 5522 τὸν
3408 5469 3574 5540 νόμον
3609 5469 3718 5520 τῶν

2267 5689 2311 5720 ’⁷
2351 5687 2483 5742 ibid.
2517 5689 2605 5743 55.
2649 5689 2694 5719 ⁸⁸
2733 5687 2921 5742 Matth.
2955 5704 3048 5751 ιιι,
3086 5687 3136 5740 7.
3212 5689 3254 5720 "
3274 5687 3436 5745 Num.
3477 5706 3584 5753 xw,
3632 5690 3717 5742 I0.
