3852 6192
180 304 284 362 ’117

1545 301 2004 369 ΟΕΛΕΞΤΙΟΝΕΞ
2049 302 2116 357 ΙΝ
2154 302 2224 362 Ν.
2261 302 2324 358 Τ.

3319 306 3420 363 718

178 420 536 493 ξαμαρειτῶν
554 436 569 452 ο
598 421 976 493 ἐτελεύτησαν,
1003 424 1118 493 μετ’
1138 422 1374 485 ἐκείνους
1386 421 1736 492 ἐπόρνευσενε

1852 423 2022 493 legem
2067 423 2275 485 habuit,
2315 423 2516 476 mortui
2560 423 2651 492 qui
2697 423 2810 493 jam
2841 431 3239 496 erant;postea
3289 445 3420 484 vero
3474 500 3476 502 ν

174 515 354 578 οὐδεὶς
382 514 491 585 γὰρ
522 513 657 585 πρὸς
685 513 850 584 αὐτὴν
879 515 954 578 ὡς
981 515 1211 585 νόμιμον
1239 517 1473 582 γυναῖκα
1518 531 1751 583 προσεγ-

176 607 348 676 γίζειν
385 605 662 676 ¹ίῑὸούλετο.
704 605 916 677 Ἐκείνη
956 606 1012 657 δὲ
1056 606 1130 676 μὴ
1166 606 1408 677 φέρουσα
1456 604 1748 675 χαλινῶσαι

175 701 277 768 τὴν
312 697 636 767 ἐπιθυμίαν,
680 694 953 767 λαθραίως
979 690 1093 766 εἶχε
1126 696 1217 748 τὸν
1262 694 1593 766 πορνεύοντα
1634 694 1748 764 μετ’

178 791 380 860 αὐτῆς,
429 791 524 843 καὶ
565 789 666 841 οὐκ
701 784 770 858 ἦν
819 787 942 839 οὐτε
981 785 1286 858 περιφανὴς
1335 784 1457 838 οὔτε
1495 785 1743 855 νόμιμος.

176 875 307 950 Εἶχε
338 879 396 932 δὲ
426 877 587 933 αὐτὸν
612 877 780 949 ἄνδρα
805 877 1085 949 κρυπτῶς.

233 1007 452 1130 ΠΕρώτ.
498 1058 594 1112 κδ’.
646 1057 802 1121 Τίνες
848 1057 984 1110 εἰσὶν
1042 1057 1284 1124 ἀληθινοὶ
1334 1058 1743 1129 προσκυνηταὶ,

172 1151 370 1221 οἵτινες
406 1152 544 1221 μήτε
572 1151 630 1203 ἐν
677 1149 755 1219 τῷ
792 1149 908 1220 ὄρει
951 1149 1178 1219 ἐκείνῳ,
1208 1151 1352 1221 μήτε
1379 1151 1436 1202 ἐν
1481 1147 1748 1219 Ἰερουσα-

172 1167 370 1204 οιτινερ
406 1167 544 1221 μητε
572 1167 630 1203 εν
677 1167 755 1219 τῳ
792 1167 908 1220 ορει
951 1167 1178 1219 εκεινῳ,
1259 1167 1352 1219 ητε
1379 1167 1436 1202 εν
1498 1167 1746 1219 ιερουσα-

169 1186 453 1316 λὴμ,Ειλλ’
483 1241 540 1292 ἐν
569 1238 837 1309 πνεύματι
869 1239 964 1291 καὶ
991 1167 1612 1328 ἀὶιηθείέπροσκυνοῦσι
1655 1237 1746 1290 τὸν

169 1331 308 1385 Θεόν
327 1350 341 1396 ς

256 1371 446 1473 ’Ag‘ix.
491 1412 646 1473 Οὗτοί
677 1419 814 1473 εἰσιν
845 1420 895 1472 oi
938 1421 996 1473 ἐν
1050 1421 1276 1492 ἐρήμοις
1317 1419 1410 1472 καὶ
1440 1419 1621 1492 ὄρεσι,
1652 1421 1746 1475 καὶ⁴

169 1513 460 1582 σπηλαίοις
505 1513 600 1565 καὶ
651 1516 770 1576 ταῖς
826 1507 985 1576 ὀπαῖς
1036 1514 1133 1584 τῆς
1183 1515 1288 1584 γῆς
1325 1505 1744 1578 κατοικοῦντες,

167 1606 389 1670 οἵτινες,
436 1605 604 1676 χωρὶς
652 1605 921 1669 συνάξεως
969 1605 1425 1677 ἐκκλησιαπικῆς
1473 1607 1538 1660 δι’
1569 1606 1745 1677 ἔργων

166 1697 394 1766 ἀγαθῶν
422 1698 550 1768 θείῳ
574 1698 844 1768 πνεύματι
869 1697 1247 1769 φωτιζόμενοι,
1265 1701 1321 1752 ἐν
1350 1699 1622 1770 πνεύματι
1651 1700 1744 1753 καὶ

1851 517 2238 572 scortabatur:
2311 533 2473 572 nemo
2540 517 2809 588 siquidem
2875 536 3000 575 cum
3060 536 3124 576 ea
3180 531 3241 576 ut
3289 539 3416 579 cum

1850 626 2021 666 uxore
2071 609 2313 683 legitima
2362 610 2512 666 coire
2549 611 2785 666 volebat.
2837 611 2933 665 illa
2986 626 3116 667 vero
3152 615 3418 684 concupi-

1849 703 2113 758 scentiam
2158 718 2314 758 suam
2368 717 2492 756 cum
2550 701 2828 758 refrenare
2872 718 2980 757 non
3033 713 3241 774 posset,
3276 706 3415 760 clam

1849 794 1994 864 apud
2039 809 2096 849 se
2143 794 2322 848 virum
2360 793 2570 860 habuit,
2602 807 2728 848 cum
2757 808 2868 864 quo
2895 793 3283 859 fornicaretur,
3319 811 3417 851 ne-

1848 901 1954 956 que
1976 893 2096 940 erat
2143 885 2232 939 hic
2285 885 2611 941 manifestus
2657 893 2750 939 aut
2796 885 3072 956 legitimus
3129 887 3412 941 maritus:

1847 977 1943 1032 sed
1967 992 2090 1030 eum
2124 977 2299 1030 virum
2339 991 2525 1031 secum
2558 977 2792 1031 habebat
2821 977 3055 1031 occulte.

1917 1068 2139 1135 Quasr.
2172 1067 2364 1123 XXIV.
2395 1069 2631 1135 Quinam
2660 1079 2790 1125 sunt
2823 1071 2900 1123 illi
2930 1070 3046 1125 veri
3076 1069 3414 1135 adoratores,

1846 1161 1944 1230 qui
1992 1175 2095 1216 nec
2161 1161 2216 1215 in
2272 1162 2378 1215 hoc
2427 1170 2630 1225 monte,
2671 1177 2773 1216 nec
2796 1159 3174 1232 Jerosolymis,
3229 1162 3326 1218 sed
3358 1166 3414 1220 in

1847 1252 2045 1322 spiritu
2077 1251 2305 1308 adorant
2339 1252 2508 1308 Deum
2540 1261 2594 1308 ct
2615 1254 2670 1308 in
2691 1255 2919 1310 veritate
2943 1254 3031 1309 "i

1919 1427 2093 1485 Resp.
2130 1428 2224 1484 lsti
2260 1437 2388 1485 sunt
2437 1431 2531 1503 qui
2575 1431 2631 1486 in
2683 1433 2914 1489 desertis
2943 1440 2998 1489 et
3026 1433 3082 1488 in
3111 1435 3412 1498 montibus,

1846 1520 1940 1590 qui
2002 1521 2059 1574 in
2106 1521 2384 1590 speluncis
2419 1530 2473 1577 et
2511 1524 2764 1579 cavernis
2799 1533 2958 1580 terra
3012 1525 3284 1592 habitant,
3319 1529 3414 1597 qui

1845 1613 1984 1665 citra
2037 1622 2368 1667 conventum
2426 1615 2693 1682 ecclesiaz,
2741 1632 2840 1688 per
2888 1631 3054 1687 opera
3109 1617 3275 1684 bona,
3317 1617 3414 1674 Dei

1848 1705 2044 1774 Spiritu
2072 1704 2389 1766 illuminati.
2418 1706 2475 1760 in
2520 1708 2720 1776 spiritu
2774 1715 2830 1763 et
2893 1710 3126 1765 veritate
3183 1711 3415 1765 adorant

165 1789 401 1860 ἀληθεία
430 1790 790 1860 προσκυνοῦσι
821 1791 912 1843 τὸν
939 1790 1071 1843 Θεὸν
1094 1791 1189 1844 καὶ
1214 1791 1434 1862 Πατέρα
1463 1794 1494 1862 ἡ
1505 1790 1620 1862 μῶν
1653 1793 1736 1844 τὸν

1852 1793 2014 1849 Deum
2047 1802 2102 1849 et
2129 1795 2344 1850 Patrem
2382 1807 2628 1852 nostrum
2661 1802 2754 1870 qui
2783 1807 2869 1855 est
2895 1801 2951 1855 in
2989 1803 3164 1858 costis.
3193 1802 3298 1870 Qui
3329 1804 3416 1859 in-

165 1882 226 1933 ὲν
258 1884 372 1943 τοῖς
411 1881 690 1952 οὐρανοῖς,
733 1882 1040 1952 ἀμέμπτως
1094 1881 1334 1952 βιοῦντες
1373 1884 1468 1936 καὶ
1501 1883 1578 1954 τῷ
1622 1883 1742 1954 Θεῷ

165 1972 577 2044 εὐσεϐοφρὸνως
624 1973 993 2043 λατρεύοντες,
1025 1974 1082 2027 ἐν
1132 1975 1282 2045 πάσῃ
1338 1975 1591 2045 εὐσεϐείᾳ.
1650 1977 1744 2030 καὶ

167 2063 459 2133 σεμνότητι
490 2062 598 2115 τῶν
624 2064 834 2135 ἀρετῶν
865 2062 1282 2132 διαλάμποντες,
1310 2063 1403 2115 καὶ
1431 2063 1530 2115 οὐκ
1562 2062 1744 2132 έχουσι

163 2154 361 2225 χρείαν
398 2153 691 2224 ἐκκλησίας
719 2154 752 2224 ἢ
780 2154 968 2218 τόπου,
991 2151 1104 2205 ἀλλ’
1132 2152 1284 2204 αὐτοὶ
1313 2152 1537 2213 ἑαυτοὺς
1583 2151 1744 2212 ναοὺς

165 2244 577 2308 ποιοῦντεςταῖς
601 2245 832 2314 ἀγαθαῖς
862 2243 1170 2316 ἐργασίαις,
1201 2245 1259 2296 ἐν
1284 2244 1448 2295 παντὶ
1478 2241 1626 2312 τόπῳ
1651 2242 1744 2294 καὶ

162 2336 444 2406 πανταχοῦ
509 2335 862 2407 εὐαρεστοῦσι
911 2336 974 2388 τὸ
1031 2335 1215 2395 Θεῖον,
1251 2331 1608 2396 ἀδιαλείπτως
1648 2333 1743 2386 καὶ

163 2428 474 2500 εἰλικρινῶς
497 2429 656 2483 αὐτὸν
676 2427 1068 2501 θεραπεύοντες
1090 2427 1268 2490 πάσας
1288 2427 1386 2490 τὰς
1411 2425 1626 2497 ἡμέρας
1645 2425 1742 2497 τῆς

163 2521 314 2590 ζωῆς
347 2521 551 2577 αὐτῶν.

248 2610 445 2681 Ἐρώτ.
479 2617 576 2666 κε’.
601 2611 666 2664 Τί
696 2610 843 2680 λέγει
863 2628 878 2642 ο
918 2629 938 2663 ι
974 2611 1100 2666 Ἐὰν
1136 2613 1231 2667 δύο
1259 2609 1414 2682 ὐμῶν
1447 2607 1742 2679 συμφωνή-

163 2715 334 2754 σωσιν
378 2702 472 2755 ἐπὶ
504 2702 603 2774 τῆς
633 2702 758 2773 γῆς,
791 2703 884 2756 ἐπὶ
929 2689 1132 2768 παντὸς
1165 2703 1510 2775 πράγματος,
1541 2695 1603 2755 οὗ
1646 2699 1741 2754 ἐὰν

84 2800 89 2804 "
160 2791 518 2870 αἰτήσωνται,
547 2795 834 2865 γενήσεται
866 2795 1050 2859 αὐτοῖς
1074 2811 1090 2861 ;
1118 2813 1138 2847 ι

245 2883 436 2936 Ἀπόκ.
472 2883 730 2938 Τουτέστι
757 2886 888 2957 περὶ
917 2887 1120 2949 παντὸς
1159 2884 1506 2957 πράγματος,
1540 2877 1602 2940 οὗ
1645 2882 1740 2937 ἐὰν

165 2977 505 3046 συμφωνήσῃ
535 2977 568 3046 ἡ
595 2975 741 3048 ψυχὴ
775 2975 912 3047 μετὰ
939 2976 1033 3030 τοῦ
1061 2975 1332 3048 σώματος,
1361 2976 1618 3040 εὐσεϐοῦς
1645 2975 1739 3029 καὶ

163 3069 424 3139 ἐναρέτου
450 3068 783 3140 ζητήματος,
807 3072 835 3122 ὁ
863 3071 992 3135 Θεὸς
1020 3072 1079 3124 ἐν
1114 3071 1264 3142 μέσῳ
1293 3069 1473 3122 αὐτῶν
1506 3070 1733 3138 γίνεται,

163 3160 352 3235 ῶσπερ
401 3162 480 3233 τῷ
523 3163 678 3235 Ἠλίᾳ
722 3167 779 3217 ἐν
830 3163 910 3236 τῷ
967 3163 1105 3235 opst,
1141 3164 1238 3218 καὶ
1295 3161 1494 3234 Δανιὴλ
1547 3164 1606 3215 ἐν
1659 3159 1738 3230 τῷ

164 3252 353 3324 λάκκῳ
385 3253 812 3326 προσομιλήσας,
836 3254 933 3308 καὶ
962 3253 1031 3308 τά
1069 3254 1347 3324 αἰτήματα
1378 3250 1559 3306 αὐτῶν
1597 3250 1738 3323 πλη-

167 3345 371 3417 ρώσας.

245 3438 440 3511 Ἐρώτ.
469 3447 580 3504 σις’.
618 3441 682 3492 Τί
708 3440 854 3509 λέγει
878 3457 893 3472 ο
931 3459 949 3491 ι
981 3440 1118 3494 Ἰσθι
1149 3439 1347 3493 εὐνοῶν
1373 3438 1452 3509 τῷ
1480 3437 1737 3508 ἀντιδίκῳ

163 3546 278 3596 σου,
306 3531 411 3594 ἕως
435 3525 496 3586 οὗ
523 3529 572 3584 εἷ
603 3533 662 3585 ἐν
693 3536 758 3604 τῇ
925 3535 1041 3604 μετ’
1071 3531 1307 3586 αὐτοῦῖ»

243 3709 436 3763 ’Δπόκ.
477 3709 764 3764 Ἀντίδικόν
808 3713 924 3764 ἐστι
952 3710 1012 3765 τὸ
1059 3710 1218 3782 σῶμα
1255 3713 1319 3781 τῇ
1350 3710 1516 3782 ψυχῇ.
1551 3708 1736 3763 Ταῦτα

156 3802 266 3874 γὰρ
326 3802 577 3874 ἀλλήλοις
626 3803 945 3868 ἀντίκειται,
999 3803 1075 3868 ὣς
1123 3820 1258 3873 φησι
1304 3802 1532 3866 Παῦλος.
1605 3801 1736 3854 ’Υπ-

155 3895 471 3965 ωπιάζομεν
497 3895 716 3966 γὰρκαὶ
742 3894 1188 3966 δουλαγωγοῦμεν
1210 3893 1272 3946 τὸ
1298 3893 1474 3964 σῶμα,
1494 3893 1737 3946 εὐνοοῦν-

152 4006 246 4052 τες
276 3989 367 4042 διά
391 3989 644 4059 νηστείας
671 3990 764 4042 καὶ
791 3990 1096 4061 ἀγρυπνίας
1138 3989 1233 4042 καὶ
1269 3990 1369 4059 τῆς
1395 3989 1587 4058 λοιπῆς
1634 4005 1733 4041 κα-

153 4083 474 4146 κοπαθείας,
520 4084 605 4136 ἴνα
660 4085 856 4154 μηκέτι
903 4083 1243 4147 ἐξανίσταται
1289 4081 1391 4151 τῆς
1427 4082 1605 4152 ψυχῆς
1642 4081 1732 4133 διὰ

151 4176 346 4230 παθῶν
371 4176 471 4246 τῆς
517 4177 761 4248 ἀτιμίας.
816 4177 964 4230 Ὀδόν
1007 4176 1176 4245 λέγει,
1211 4176 1302 4229 τὸν
1354 4177 1582 4246 μάταιον
1618 4175 1733 4245 βίον

148 4268 342 4321 τοῦτον
372 4268 467 4322 καὶ
497 4267 722 4322 πλάνον’
755 4268 822 4321 ἂν
848 4268 956 4340 γὰρ
999 4267 1132 4339 λυθῇ
1169 4269 1203 4338 ἠ
1234 4267 1380 4338 ψυχὴ
1417 4265 1512 4319 τοῦ
1546 4266 1730 4336 σώμα-

146 4375 264 4422 τος,
295 4360 392 4413 καὶ
425 4358 615 4432 ἐξέλθῃ
655 4361 748 4413 τοῦ
785 4359 899 4430 βίου
931 4359 1120 4413 τούτου
1154 4361 1249 4413 καὶ
1292 4359 1392 4430 τῆς
1429 4357 1580 4424 ὀδοῦ,
1629 4361 1730 4412 οὐκ

1846 1886 2062 1956 culpate
2099 1887 2310 1953 vivunt,
2344 1897 2397 1943 et
2428 1889 2597 1946 Deum
2634 1892 2888 1963 religiose
2935 1900 2990 1948 et
3037 1895 3126 1964 pie
3169 1896 3415 1952 colentes

1844 1977 1991 2030 omni
2027 1978 2228 2046 pietate
2259 1995 2312 2036 et
2341 1981 2632 2037 honestate
2691 1984 2954 2037 virtutum
3012 1984 3280 2048 relucent,
3312 1998 3416 2039 nec

1843 2083 1984 2139 Opus
2019 2070 2221 2125 habent
2262 2073 2516 2137 ecclesia,
2542 2081 2636 2128 aut
2663 2074 2784 2129 loco
2830 2075 2958 2130 huic
2987 2076 3069 2131 rei
3114 2075 3410 2140 destinato,

1844 2158 1941 2213 sed
1972 2159 2078 2228 ipsi
2113 2163 2439 2232 semetipsos
2471 2163 2672 2234 templa
2720 2164 2880 2220 bonis
2911 2166 3168 2236 operibus
3201 2165 3412 2222 facien-

1843 2256 1948 2312 tes,
1979 2252 2175 2318 quovis
2213 2253 2334 2307 loco
2367 2263 2422 2308 et
2472 2254 2676 2324 ubique
2724 2253 2837 2311 Deo
2885 2257 3103 2325 placent
3133 2277 3147 2311 :
3178 2257 3415 2328 denique

1843 2341 2064 2396 assidue
2091 2351 2146 2397 et
2186 2344 2401 2399 sincere
2432 2345 2686 2401 omnibus
2712 2347 2904 2403 diebus
2949 2348 3075 2403 vita
3135 2365 3248 2404 suae
3295 2366 3418 2407 ser-

1842 2431 2014 2487 viunt.

1913 2587 2134 2655 Quusr.
2165 2588 2338 2647 XXV.
2370 2591 2511 2658 Quid
2564 2599 2649 2648 est
2681 2595 2828 2664 quod
2880 2594 3057 2667 inquit
3093 2613 3106 2650 :
3155 2613 3174 2647 ι
3213 2595 3271 2651 Si
3300 2596 3412 2652 duo

1839 2686 2084 2733 vestrum
2131 2683 2516 2737 consenserint
2559 2699 2725 2754 super
2777 2693 2998 2752 terram,
3027 2702 3413 2761 quamcunque

1841 2779 1955 2822 rem
1995 2769 2270 2838 petierint,
2310 2770 2525 2826 dabitur
2554 2772 2637 2829 eis
2653 2774 2777 2828 ’5?»

1910 2861 2078 2918 Rssr.
2109 2862 2224 2919 Hoc
2248 2873 2335 2920 est
2363 2865 2432 2922 de
2463 2881 2790 2939 quacunque
2835 2883 2898 2925 re
2927 2871 3246 2926 convenerit
3289 2871 3411 2926 aui-

1840 2971 1928 3011 ma
1966 2971 2090 3012 cum
2140 2971 2400 3028 corpore,
2431 2959 2499 3015 de
2520 2959 2611 3030 pio
2647 2961 2908 3016 nimirum
2949 2971 3004 3018 et
3044 2963 3216 3033 probo
3243 2979 3395 3034 nego-

1842 3049 1942 3114 tio,
1966 3048 2113 3105 Deus
2142 3051 2248 3104 erit
2275 3049 2334 3104 in
2386 3051 2568 3106 medio
2606 3067 2820 3118 eorum,
2851 3054 2996 3117 sicut
3045 3070 3169 3110 cum
3202 3054 3314 3110 Elia
3352 3058 3409 3110 in

1763 3140 1809 3200 C
1840 3151 2046 3207 monte,
2078 3149 2132 3196 et
2156 3141 2211 3196 in
2241 3142 2394 3198 fovea
2419 3158 2544 3199 cum
2574 3142 2798 3201 Daniele
2833 3154 3087 3204 versatus
3117 3155 3224 3213 est,
3253 3147 3407 3220 ipso-

1838 3253 1959 3293 rum
1991 3239 2294 3310 adimplens
2320 3241 2638 3312 petitiones.

1906 3422 2127 3489 Quas'r.
2187 3422 2377 3480 XXVI.
2431 3424 2575 3490 Quid
2618 3423 2754 3479 illud
2805 3425 2952 3496 quod
3007 3425 3188 3480 dicit:
3225 3444 3244 3477 ι
3277 3425 3408 3483 Esto

1837 3519 2134 3574 benevolus
2157 3533 2279 3572 cum
2320 3518 2635 3575 adversario
2687 3529 2802 3584 tuo,
2837 3519 2967 3576 dum
3014 3519 3192 3575 adhuc
3233 3535 3294 3576 es
3349 3521 3409 3576 in

1834 3614 1922 3667 via
1952 3629 2076 3668 cum
2107 3615 2200 3669 illo
2222 3616 2306 3669 ‘7?
2335 3634 2354 3666 ι
3316 3674 3318 3677 ,

1903 3705 2067 3762 Rssr.
2104 3705 2462 3763 Adversarius
2496 3709 2691 3762 animae
2719 3722 2918 3778 corpus
2945 3714 3030 3762 est
3069 3726 3084 3762 :
3120 3706 3235 3761 hzec
3259 3704 3404 3760 enim

1835 3800 1940 3855 sibi
1985 3800 2346 3854 adversantur
2401 3798 2661 3864 invicem,
2722 3798 3184 3870 quemadmodum
3225 3797 3404 3868 inquit

1832 3891 2038 3945 Paulus
2065 3890 2108 3921 ³⁸
2134 3908 2149 3957 ;
2187 3889 2522 3959 castigamus
2550 3892 2694 3945 enim
2736 3897 2792 3945 et
2827 3891 2883 3943 in
2910 3890 3227 3945 servitutem
3255 3889 3400 3945 redis

1835 3984 2017 4054 gimus
2049 3999 2250 4054 corpus
2288 3999 2386 4054 per
2415 3983 2645 4054 jejunia,
2675 3983 2893 4054 vigilias
2920 3991 2976 4039 et
3029 3999 3125 4053 per
3151 3983 3288 4039 alias
3322 3983 3401 4038 al'.

1832 4076 2099 4132 ﬂictioncs
2136 4093 2148 4128 :
2190 4075 2352 4146 idque
2382 4075 2528 4130 bono
2559 4082 2611 4130 ct
2657 4075 2922 4130 benevolo
2955 4078 3159 4140 animo,
3191 4091 3259 4131 ne
3287 4091 3405 4129 am-

1831 4169 1975 4239 plius
2010 4179 2204 4223 contra
2248 4169 2486 4222 animam
2519 4185 2615 4239 per
2644 4169 3125 4238 concupiscentias
3169 4168 3405 4238 ignomi-

1830 4260 2308 4329 niosasinsurgat.
2344 4259 2501 4314 Viam
2550 4259 2705 4322 dicit,
2734 4275 2931 4314 vanam
2973 4259 3115 4313 hanc
3151 4258 3401 4314 fallacem

1828 4352 1995 4405 vitam
2033 4370 2046 4405 :
2079 4366 2206 4405 nam
2235 4366 2266 4404 a
2310 4365 2538 4420 corpore
2572 4359 2864 4420 postquam
2899 4349 3082 4403 anima
3125 4356 3399 4419 separata.

147 4451 232 4505 ἔτι
261 4449 589 4522 ἐργάζεσθαι
612 4451 814 4520 ἀγαθὸν
834 4451 1076 4505 δύναται.
1093 4451 1406 4522 Κοδράντης
1429 4450 1485 4502 δὲ
1510 4449 1725 4517 λέγεται

1852 4453 1882 4498 :t
1913 4461 1980 4500 ex
2008 4445 2112 4498 hac
2135 4445 2247 4498 vita
2272 4444 2468 4513 viaque
2505 4442 2671 4498 fuerit
2719 4458 2964 4512 egressa,
3000 4457 3110 4497 non
3165 4443 3401 4512 amplius

144 4544 246 4597 καὶ
274 4543 410 4596 αὐτὸ
441 4543 504 4596 τὸ
534 4543 951 4614 ἐγκατάλειμμα
969 4543 1062 4597 τοῦ
1097 4543 1375 4614 ἐνθυμίου.
1408 4541 1642 4610 Λέγεται
1668 4541 1725 4594 δὲ

143 4638 246 4690 καὶ
278 4639 312 4707 ή
353 4637 657 4706 συνείδησις
702 4637 1006 4700 ἀντίδικος·
1065 4635 1279 4706 ἐλέγχει
1311 4634 1419 4705 γὰρ
1465 4636 1616 4706 ἡμᾶς
1666 4637 1725 4688 ἐν

140 4731 213 4800 τῇ
248 4727 450 4798 καρδίᾳ
477 4728 753 4799 κρυπτῶς,
789 4729 882 4783 καὶ
905 4727 1241 4798 ἀναχαιτίζει
1265 4726 1374 4780 ἀπὸ
1399 4726 1493 4780 τοῦ
1529 4725 1723 4789 κακοῦ,

141 4818 244 4872 καὶ
270 4817 368 4871 ἐὰν
405 4819 479 4889 μὴ
513 4817 835 4888 ἀκούσωμεν
867 4817 1066 4890 αὐτοῦ,
1095 4816 1322 4887 ἔσχατον
1353 4816 1724 4887 παραδίδωσιν

142 4912 296 4981 ἡμᾶς
321 4911 380 4963 ἐν
407 4910 486 4980 τῷ
519 4911 787 4983 κριτηρίῳ
817 4909 909 4964 τοῦ
942 4910 1076 4962 Θεοῦ
1110 4910 1204 4962 καὶ
1231 4908 1471 4978 δώσομεν
1495 4907 1722 4971 εὐθύνας

144 5000 250 5051 ὐπέ
258 5016 289 5071 ρ
312 5017 371 5052 τε
395 4999 504 5052 τῶν
529 5000 776 5070 μεγάλων
793 4999 1225 5072 ἁμαρτημάτων,
1244 4997 1466 5051 καὶτῶν
1489 4997 1720 5050 εὐτελῶν

145 5092 240 5142 καὶ
271 5091 396 5144 λίαν
419 5090 736 5161 ἐλαχίστων.

226 5180 422 5252 Ἐρώτ.
452 5181 554 5246 κζ’.
588 5183 652 5234 Τί
683 5185 855 5236 ἐστιν·
892 5201 911 5232 ι
948 5181 1218 5254 Ὡμοιώθη
1255 5183 1290 5253 η
1330 5179 1577 5252 βασιλεία
1607 5180 1716 5235 τῶν

143 5273 387 5345 οὐρανῶν
417 5273 600 5346 κόκκῳ
638 5275 944 5340 σινάπεως;
977 5293 996 5326 ι

222 5363 416 5417 Ἀπόκ.
453 5362 555 5416 Διά
581 5364 679 5435 τὴν
700 5364 1092 5436 ἅνθρωπότητα
1110 5363 1279 5432 λέγει,
1302 5366 1382 5418 ὅτι
1411 5383 1428 5414 ι
1454 5363 1715 5424 Πλούσιος

140 5456 211 5512 ὢν
233 5456 601 5511 ἐταπείνωσεν
641 5457 830 5511 ἐαυτὸν
865 5458 1027 5529 μέχρι
1073 5457 1336 5522 θανάτου,
1384 5456 1616 5510 θανάτου
1658 5457 1715 5509 δὲ

210 5635 254 5666 ³⁸
289 5634 454 5690 Joan.
493 5653 579 5696 ιν,
610 5635 702 5695 23.
736 5636 828 5692 et.
934 5637 978 5670 ³ο
1018 5635 1209 5690 Matth.
1245 5595 1414 5702 XV‘lil,
1456 5634 1544 5690 19.

142 5708 183 5739 ιθ
220 5704 416 5760 Matth.
452 5721 586 5773 ιιη,
619 5707 710 5761 51.

1656 5635 1698 5665 ³⁷
1745 5631 1933 5689 Matth.
1968 5649 2032 5697 ν,
2065 5631 2154 5688 25.

1831 4544 2010 4607 potest
2035 4537 2250 4607 operari
2290 4537 2515 4591 bonum.
2547 4535 2835 4601 Quadrans
2872 4543 3052 4589 autem
3098 4534 3359 4589 dicuntur
3380 4572 3398 4596 ,

1838 4647 1858 4678 ι
1900 4629 2030 4699 ipsae
2057 4629 2300 4698 reliquiae
2344 4627 2694 4697 cogitationis
2721 4627 2786 4682 ⁸⁸.
2821 4646 2838 4677 ι
2873 4625 3083 4680 Dicitur
3113 4641 3244 4680 vero
3264 4641 3402 4680 con-

1833 4721 2061 4776 scientia
2118 4719 2507 4775 adversarius:
2541 4732 2666 4772 nam
2724 4718 2937 4773 occulte
2989 4717 3046 4772 in
3091 4716 3258 4773 corde
3297 4732 3402 4770 no-

1832 4819 1948 4865 stro
2008 4810 2311 4880 redarguit,
2373 4815 2591 4864 coercet
2635 4822 2665 4861 a
2712 4809 2879 4874 malo,
2914 4807 3051 4862 etsi
3091 4808 3264 4862 simus
3313 4806 3401 4860 in-

1831 4903 2170 4967 obedientes,
2233 4901 2425 4957 eadem
2476 4916 2577 4956 nos
2630 4901 2851 4955 demum
2908 4900 2975 4955 ad
3004 4898 3102 4954 Dei
3157 4898 3400 4952 tribunal

1828 4994 1997 5058 sistit,
2026 4994 2118 5048 ubi
2145 5000 2200 5049 et
2227 5008 2419 5064 poenas
2461 4992 2715 5047 dabimus
2769 4999 2882 5045 tum
2936 4990 3240 5045 enormium
3271 5004 3400 5059 pec-

1827 5095 2098 5148 catorum,
2135 5094 2246 5139 tum
2281 5087 2446 5141 etiam
2473 5085 2673 5139 levium
2699 5091 2753 5138 et
2785 5082 3164 5137 minimorum.

1896 5179 2116 5244 Ωωεετ.
2142 5177 2358 5233 XXVII.
2393 5176 2537 5244 Quid
2587 5175 2722 5230 illud
2755 5181 2882 5228 est:
2926 5191 2944 5223 ‹
2980 5170 3169 5226 Simile
3191 5169 3399 5226 factum

1823 5281 1910 5329 est
1944 5287 2169 5343 regnum
2197 5271 2463 5325 caelorum
2486 5282 2658 5338 grano
2687 5262 2991 5335 sinapis"?
3020 5281 3039 5313 ι

1893 5362 2054 5417 Rusr.
2078 5360 2307 5430 Propter
2327 5360 2620 5412 humanam
2639 5370 2794 5412 suam
2822 5360 3073 5408 naturam
3099 5351 3204 5405 hoc
3224 5349 3359 5404 dicit
3381 5371 3397 5408 :

1827 5453 2035 5508 «Dives
2070 5452 2216 5507 enim
2265 5465 2390 5505 cum
2449 5455 2617 5513 esset,
2677 5445 2986 5502 humiliavit
3041 5441 3396 5512 semetipsum

2267 5633 2314 5664 ⁸⁸
2351 5629 2472 5685 Gal.
2510 5646 2575 5695 ν,
2615 5604 2703 5684 Π.
2807 5627 2852 5660 ³⁹
2891 5627 3038 5685 Psal.
3077 5642 3255 5682 Lxxv.
3293 5624 3386 5680 Η.
