3836 6194
422 281 528 338 719

1609 273 1665 329 S.
1714 269 2175 326 ATHANASIUS.
2214 301 2283 311 —
2319 271 2589 328 SPURIA.

3565 278 3667 333 720

426 412 600 468 usque
647 395 716 451 ad
754 402 1007 461 mortem,
1056 400 1288 450 mortem
1335 407 1467 448 vero
1513 392 1784 446 crucis“.
1826 411 1843 442 ι
1877 390 1990 444 Ma-

2114 391 2348 463 ιταυροῦ.
2387 412 2405 444 ι
2447 393 2604 461 Μέγα
2630 392 2685 445 δὲ
2717 393 2810 446 καὶ
2839 393 3025 463 κομῶν
3068 395 3182 456 τοῖς
3209 393 3426 462 φύλλοις
3459 393 3549 446 διὰ
3573 395 3667 466 τὴν

428 504 592 559 gnum
623 497 802 543 autem
843 494 896 542 et
921 487 1065 542 foliis
1105 484 1391 540 luxurians
1415 485 1536 538 olus
1570 485 1722 548 dicit,
1771 491 1992 552 propter

425 577 788 633 divinitatem.
820 575 1085 631 Volucres
1111 583 1292 630 autem
1337 575 1483 638 cmli,
1517 574 1682 628 ramis
1707 572 1828 642 ejus
1857 571 1996 627 insi-

427 667 641 735 dentes,
669 668 988 739 prophetas,
1014 666 1294 738 apostolos
1347 671 1402 720 et
1446 663 1814 734 evangelistas
1845 663 1995 733 ipsos

429 760 700 830 intelligit.

497 851 718 918 Quasr.
750 849 985 905 XXVIII.
1023 848 1162 915 Quid
1194 848 1326 902 illud
1371 847 1676 918 signiﬁcat:
1717 865 1736 898 ι
1768 843 1886 901 Non
1917 843 1997 900 fa-

428 946 588 1002 cietis
619 944 805 998 sisoen
823 959 889 998 ex
919 956 1074 996 coma
1113 940 1310 1011 capitis
1338 939 1509 993 vestri
1529 938 1616 991 "‘1
1644 957 1663 990 ι

501 1036 657 1106 261
701 1032 866 1088 Rssr.
901 1031 1014 1103 (8i)
1053 1029 1246 1086 Sisoen
1283 1029 1504 1100 quidam
1537 1028 1695 1083 aliter
1729 1027 1999 1098 interpre-

430 1129 528 1181 tati
560 1133 710 1182 sunt.
741 1125 854 1195 Ego
883 1125 963 1178 sic
986 1124 1196 1178 sentio:
1229 1122 1504 1193 prohiberi
1543 1121 1646 1175 hac
1674 1121 1788 1190 lege
1825 1120 1998 1188 capil-

431 1221 606 1274 lorum
637 1226 938 1272 tonsuram.
979 1214 1324 1270 Consuevere
1360 1227 1595 1283 namque
1620 1210 1790 1266 Graeci
1821 1210 2000 1265 iulan-

429 1322 542 1364 tum
570 1310 803 1364 vertices
833 1324 941 1362 non
983 1308 1224 1371 tondere,
1249 1313 1301 1360 et
1329 1305 1558 1375 capillos
1595 1319 1834 1372 servare,
1859 1318 2001 1359 cam-

427 1417 534 1469 que
562 1400 906 1472 postmodum
937 1397 1275 1453 dmmonibus
1313 1395 1584 1451 dedicare.

495 1493 716 1558 Quas-1'.
756 1490 948 1545 XXIX.
989 1489 1169 1556 Quare
1222 1487 1370 1543 Ilavit
1421 1489 1474 1542 in
1523 1485 1820 1556 discipulos
1868 1499 1999 1540 suos

428 1583 700 1648 Christus,
729 1583 918 1638 dicens
945 1601 958 1637 :
991 1601 1010 1634 ι
1041 1581 1285 1651 Accipite
1314 1579 1579 1650 Spiritum
1603 1583 1852 1633 sanctum
1874 1575 1952 1629 ⁸³2
1975 1595 1994 1627 ι

495 1674 659 1730 Resp.
695 1672 1164 1740 Quemadmodum
1194 1687 1359 1742 super
1387 1685 1532 1725 caaco
1558 1669 1685 1725 fecit
1713 1669 1909 1732 lutum,
1945 1673 1999 1721 et

2095 481 2343 552 θεότητα.
2390 483 2618 535 Πετεινὰ
2665 482 2723 535 δὲ
2771 482 2864 535 τοῦ
2913 482 3141 552 ούρανοῦ
3195 484 3251 536 ἐν
3291 487 3405 547 τοῖς
3455 483 3667 550 κλάδοις

2094 572 2258 625 αὐτοῦ
2312 575 2594 644 προφήτας
2634 575 2729 627 καὶ
2759 575 3112 642 ἀποστόλους,
3157 576 3253 628 καὶ
3298 575 3496 639 αὐτοὺς
3543 576 3667 639 τοὺς

2096 665 2486 734 εὐαγγελιστάς
2517 665 2936 737 καθεζομένους.

2182 843 2374 916 Ἐρώτ.
2407 853 2514 916 κη’.
2545 846 2610 898 Τί
2647 845 2763 897 ἐστι
2789 843 2849 897 τό
2871 860 2884 874 ο
2914 863 2932 894 ι
2960 844 3032 896 Οὐ
3075 844 3330 915 ποιήσετε
3374 845 3561 916 σισόην
3605 845 3670 897 ἐκ

2095 936 2194 1008 τῆς
2228 938 2404 1008 κόμης
2437 939 2534 1008 τῆς
2561 936 2801 1007 κεφαλῆς
2836 936 3024 1007 ύμῶν;
3056 954 3075 987 ι

2181 1030 2367 1082 Ἀπόκ.
2400 1030 2554 1092 Τινὲς
2586 1028 2677 1081 τὸν
2714 1027 2897 1098 σισόην
2937 1027 3110 1089 ἄλλως
3158 1027 3524 1098 ήρμήνευσαν·
3557 1027 3669 1095 ἐγὼ

2097 1122 2154 1176 δὲ
2186 1117 2336 1191 οἶμαι
2365 1119 2462 1191 την
2491 1119 2792 1190 ἁπόκαρσιν
2817 1119 2906 1170 τὸν
2931 1119 3091 1187 νόμον
3119 1117 3500 1186 ἀπαγορεύειν.
3530 1118 3672 1170 Εἰώ-

2099 1213 2224 1266 θασι
2253 1212 2360 1284 γὰρ
2401 1213 2450 1264 oi
2489 1211 2746 1280 ’Έλληνες
2774 1211 2847 1282 μὴ
2873 1211 3186 1280 ἀποκείρειν
3211 1211 3316 1262 τῶν
3342 1210 3538 1262 παίδων
3573 1211 3673 1273 τὰς

2098 1304 2362 1375 κορυφὰς,
2399 1304 2494 1356 καὶ
2536 1303 2664 1366 τοὺς
2717 1303 2922 1373 μαλοὺς
2965 1304 3078 1373 ὲᾷν,
3135 1303 3228 1354 καὶ
3259 1301 3481 1364 τούτους
3531 1303 3675 1372 μετὰ

2098 1397 2288 1470 χρόνον
2316 1395 2624 1450 ἀνατιθέναι
2653 1397 2763 1458 τοῖς
2793 1395 3060 1466 δαίμοσιν.

2183 1484 2374 1557 Ἐρὼτ.
2439 1485 2540 1540 κθ’.
2597 1486 2696 1539 Διὰ
2743 1487 2794 1540 τί
2845 1487 3174 1558 ἐνεφύσησεν
3209 1489 3237 1540 6
3280 1488 3512 1559 Χριστὸς
3561 1491 3680 1552 τοῖς

2102 1576 2372 1648 μαθηταῖς
2409 1576 2572 1630 αὑτοῦ
2599 1577 2772 1645 λέγων
2797 1594 2811 1608 °
2861 1595 2879 1628 ι
2920 1578 3128 1630 Λάϐετε
3160 1579 3385 1650 Πνεῦμα
3417 1581 3572 1649 ᾶγιον
3599 1598 3613 1646 ;
3650 1602 3673 1633 ι

2179 1669 2366 1720 Ἀπόκ.
2403 1669 2611 1740 Ὥσπερ
2637 1669 2730 1721 ἐπὶ
2757 1668 2850 1722 τοῦ
2875 1671 3073 1738 τυφλοῦ
3109 1672 3330 1740 ἐποίησε
3354 1673 3541 1742 πηλὸν,
3577 1673 3679 1727 καὶ

425 1763 548 1834 ejus
590 1764 781 1819 oculos
824 1761 1060 1829 illinivit,
1107 1767 1168 1816 ut
1209 1757 1519 1815 ostenderet
1551 1755 1696 1828 quod
1741 1755 1857 1826 ipse
1903 1755 1997 1818 sit,

2114 1762 2358 1832 ἑπέχρισε
2390 1763 2517 1824 τοὺς
2545 1761 2855 1832 ὀφθαλμοὺς
2899 1762 3086 1826 αὑτοῦ,
3121 1763 3208 1816 ἵνα
3251 1763 3420 1834 δείξῃ,
3451 1765 3532 1817 ὅτι
3570 1766 3677 1818 αύ-

425 1857 522 1926 qui
567 1855 636 1911 ab
681 1855 836 1910 initio
872 1853 1126 1909 formavit
1157 1851 1430 1907 hominem
1459 1866 1526 1906 ex
1553 1849 1668 1904 luto
1693 1866 1706 1902 :
1731 1846 1798 1901 ad
1841 1862 1998 1902 eum-

427 1945 551 2002 dem
593 1943 1144 2002 moduminsulllavit
1179 1944 1345 1998 etiam
1387 1943 1440 1996 in
1475 1941 1796 2012 discipulos,
1819 1939 2001 1994 decla-

427 2052 560 2092 rans
593 2051 653 2092 se
678 2050 822 2101 esse,
851 2035 946 2106 qui
979 2035 1231 2105 spiritum
1261 2032 1352 2088 det
1389 2039 1442 2087 et
1469 2032 1634 2087 vitam
1662 2031 1997 2094 hominibus,

428 2144 526 2199 per
555 2128 884 2199 primitivam
917 2127 1062 2181 illam
1085 2124 1518 2196 inspirationem,
1553 2139 1714 2194 quam
1741 2123 1796 2176 in
1826 2122 1999 2176 Adam

430 2221 736 2291 inspiravit.
772 2218 928 2286 Quod
974 2226 1156 2274 autem
1203 2217 1378 2287 inquit
1427 2234 1495 2272 τι
1531 2215 1778 2286 Accipite
1825 2214 2001 2284 Spiri-

431 2323 546 2368 tum
597 2320 872 2376 sanctum,
919 2329 938 2362 ι
975 2309 1127 2366 dedit
1173 2309 1310 2380 ipsis
1349 2324 1447 2380 per
1480 2310 1640 2362 istam
1687 2307 2002 2376 inspiratio-

430 2422 583 2472 nem,
633 2412 958 2476 potestatem
1009 2413 1064 2459 et
1109 2405 1338 2474 gratiam
1386 2400 1697 2465 remittendi
1750 2409 1998 2470 peccata.

431 2498 677 2552 Adventu
699 2503 878 2550 autem
913 2493 1114 2566 (sancti
1140 2492 1401 2563 Spiritus)
1428 2492 1484 2546 iu
1517 2499 1705 2545 sancta
1737 2489 2001 2544 Penteco-

431 2597 538 2651 ste,
585 2584 844 2655 baptismi
899 2593 954 2639 et
997 2584 1278 2654 signorum
1337 2583 1591 2636 virtutem
1628 2581 1838 2634 tribuit.
1875 2579 2000 2634 Ideo

432 2673 646 2744 inquit:
683 2692 701 2724 ι
732 2671 843 2728 Vos
891 2671 1299 2743 baptizabimiui
1352 2669 1408 2724 in
1460 2668 1668 2740 Spiritu
1711 2674 1905 2722 Sancto
1945 2674 2000 2722 et

434 2764 714 2835 accipietis
761 2765 1017 2819 virtutem
1051 2761 1484 2832 supervenientis
1519 2760 1576 2814 in
1619 2774 1718 2813 vos
1761 2758 2000 2828 Spiritus

431 2856 698 2915 sancti“.
735 2876 753 2908 ι
791 2854 926 2910 Nam
958 2865 1080 2910 ante
1108 2854 1417 2925 passionem
1449 2852 1590 2922 ejus,
1622 2852 1851 2922 apostoli
1887 2867 1998 2906 non

431 2951 699 3007 sanabant
734 2956 968 3019 aegrotos
1005 2962 1101 3017 per
1140 2946 1400 3016 Spiritum
1435 2953 1686 3000 sanctum
1722 2964 1734 2999 :
1767 2945 1861 2999 sed
1904 2959 1998 3015 per

433 3048 757 3112 potestatem
801 3047 855 3094 et
897 3039 1216 3092 mandatum
1258 3037 1361 3091 sibi
1403 3052 1433 3090 a
1465 3036 1684 3092 Christo
1715 3035 1992 3090 traditum.

436 3150 456 3183 ι
488 3131 739 3185 Nondum
778 3130 922 3184 enim
964 3137 1080 3183 erat
1119 3126 1356 3198 Spiritus
1401 3134 1644 3192 sanctus,
1676 3127 1803 3196 quia
1834 3127 1994 3183 Jesus

431 3219 673 3275 nondum
729 3218 904 3272 fuerat
952 3217 1288 3286 glorilicutus
1308 3217 1374 3270 ⁸⁵.
1407 3237 1426 3268 ι
1472 3215 1519 3270 Α
1575 3218 1806 3271 mortuis
1865 3232 1997 3272 vero

430 3320 719 3382 postquam
747 3309 1046 3364 resurrexit
1085 3309 1420 3378 glorilicatus
1463 3315 1565 3362 est.
1605 3307 1869 3377 Spiritum
1900 3323 1998 3360 au-

430 3412 539 3458 tem
569 3410 816 3457 sanctum
859 3415 983 3454 cum
1021 3408 1198 3462 vocat,
1231 3416 1341 3454 non
1374 3401 1548 3453 sancti
1587 3398 1823 3469 Spiritus
1864 3401 1999 3454 iudi-

431 3501 520 3546 cat
553 3492 871 3563 hypostasin
901 3510 914 3546 :
948 3491 1061 3545 lucc
1084 3491 1228 3545 enim
1255 3497 1371 3545 erat
1399 3499 1545 3556 ante,
1576 3500 1759 3554 etest,
1794 3503 1846 3546 et
1873 3494 1994 3556 erit,

429 3583 527 3638 sed
572 3583 807 3653 Spiritus
849 3584 1025 3638 sancti
1074 3583 1297 3647 donum,
1356 3584 1501 3653 quod
1549 3593 1674 3654 post
1725 3587 1998 3639 ascensio-

427 3691 574 3738 nem,
621 3675 854 3741 decimo,
895 3684 1020 3746 post
1050 3678 1505 3732 resurrectionem
1533 3691 1682 3741 vero,
1730 3678 2001 3747 quinqua-

427 3769 635 3840 gesimo
665 3769 754 3822 die
785 3769 932 3822 venit
968 3784 1132 3838 super
1155 3769 1456 3839 discipulos
1486 3769 1714 3823 Christi.

496 3859 716 3926 thsr.
745 3859 914 3914 XXX.
955 3860 1090 3926 Quis
1117 3872 1200 3916 est
1227 3861 1315 3914 ille
1337 3860 1506 3931 judex
1538 3859 1868 3930 iniquitatis,
1902 3860 1996 3932 qui

426 3964 602 4020 neque
630 3948 796 4004 Deum
832 3951 1005 4014 timet,
1033 3966 1134 4005 nec
1161 3951 1436 4004 hominem
1467 3951 1718 4007 veretur?

497 4147 657 4204 ﬁsse.
699 4145 842 4202 Deus
877 4165 889 4201 :
925 4161 1024 4202 nec
1081 4146 1226 4200 enim
1277 4146 1364 4202 vel
1402 4145 1570 4202 Deum
1617 4146 1800 4209 habet,
1835 4162 1996 4217 quem

423 4237 647 4305 timeat;
679 4239 763 4292 vel
791 4238 1084 4300 hominem,
1121 4253 1280 4306 quem
1313 4248 1648 4291 revereatur.
1689 4257 1705 4288 ι
1735 4239 1863 4291 Erat
1901 4253 1999 4291 au-

425 4339 532 4384 tem
565 4332 621 4383 in
656 4346 717 4384 ea
749 4330 969 4385 civitate
1001 4330 1162 4384 vidua
1192 4330 1441 4400 quamam
1467 4329 1532 4382 ⁸⁸.
1561 4349 1578 4380 ι
1618 4329 1750 4394 Qum
1782 4330 1872 4382 illa
1917 4332 1999 4384 vi-

2097 1855 2190 1918 τός
2215 1855 2361 1907 ἐστιν
2386 1855 2414 1906 6
2441 1854 2651 1918 πλάσας
2683 1855 2803 1907 κατ’
2837 1855 3012 1926 ἁρχὰς
3041 1855 3131 1908 τὸν
3160 1855 3444 1927 ἄνθρωπον
3476 1858 3542 1910 ὲκ
3574 1857 3677 1910 τοῦ

2100 1947 2274 2018 πηλοῦ
2292 1963 2304 1976 ·
2345 1947 2438 2000 τὸν
2467 1947 2630 2000 αὑτὸν
2653 1947 2718 2018 δὴ
2744 1948 2944 2019 τρόπον
2988 1949 3081 2001 καὶ
3112 1952 3224 2013 τοῖς
3288 1949 3556 2020 μαθηταῖς
3584 1953 3678 2003 ἐν-

2099 2039 2357 2110 εφύσησε,
2383 2039 2618 2103 δεικνὺς,
2667 2041 2749 2093 ὅτι
2788 2041 2948 2104 αὐτός
2994 2044 3140 2094 ἐστιν
3169 2044 3196 2095 6
3226 2041 3350 2105 δοὺς
3379 2042 3547 2111 πνοὴν
3577 2044 3680 2096 καὶ

2099 2129 2244 2202 ζωὴν
2275 2133 2388 2194 τοῖς
2420 2129 2726 2202 ἀνθρώποις
2757 2131 2843 2184 διὰ
2881 2131 2975 2184 τοῦ
3009 2131 3238 2185 παλαιοῦ
3274 2133 3679 2201 ἐμφυσὴματος

2097 2224 2193 2278 τοῦ
2229 2224 2366 2297 πρὸς
2417 2225 2508 2278 τὸν
2551 2226 2741 2296 Ἀδάμ.
2797 2225 2982 2278 Εἰπὼν
3027 2225 3084 2278 δὲ
3132 2227 3346 2287 αὐτοῖς·
3389 2243 3406 2273 ι
3460 2225 3678 2278 Λάϐετε

2100 2312 2324 2383 Πνεῦμα
2357 2315 2542 2380 άγιονο
2582 2332 2601 2364 ι
2643 2313 2841 2366 ἔδωκεν
2875 2315 3056 2376 αὐτοῖς
3103 2314 3347 2377 ἐξουσίαν
3386 2316 3478 2366 καὶ
3509 2315 3680 2384 χάριν

2099 2401 2186 2456 διὰ
2213 2402 2306 2455 τοῦ
2335 2403 2726 2474 ἐμφυσήματος
2759 2404 2894 2474 πρὸς
2913 2403 2973 2456 τὸ
2996 2404 3214 2472 ἀφιέναι
3243 2405 3534 2475 ἁμαρτίας.
3573 2405 3678 2457 Διᾶ

2099 2494 2200 2564 τῆς
2235 2495 2628 2564 ἐπιφοιτήσεως
2680 2496 2737 2546 ἐν
2771 2497 2835 2564 τῇ
2884 2494 3013 2565 ἁγία
3041 2497 3385 2566 Πεντηκοστῇ
3434 2496 3533 2566 τὴν
3576 2495 3676 2548 τοῦ

2103 2583 2478 2655 βαπτίσματος
2519 2586 2613 2638 καὶ
2656 2583 2752 2656 τὴν
2785 2585 2892 2636 τῶν
2933 2585 3173 2656 σημείων
3209 2586 3492 2658 ἐνέργειαν
3528 2603 3677 2657 παρ-

2100 2678 2232 2747 εῖχε.
2284 2676 2374 2729 Διό
2427 2692 2588 2746 φησιν
2619 2693 2632 2706 ·
2695 2696 2712 2727 ι
2777 2677 2964 2747 Ὑμεῖς
3012 2676 3067 2728 δὲ
3121 2676 3556 2746 βαπτισθήσεσθε
3616 2682 3676 2730 ἐν

2101 2770 2376 2840 Πνεύματι
2401 2769 2560 2838 ἁγίῳ,
2590 2770 2683 2822 καὶ
2709 2769 2943 2839 λήψεσθε
2974 2769 3202 2839 δύναμιν
3227 2769 3545 2832 ἐπελθόντος
3577 2769 3676 2825 τοῦ

2101 2862 2258 2930 ἁγίου
2307 2863 2622 2930 Πνεύματος
2666 2862 2750 2930 ἐφ’
2787 2863 2948 2932 ὑμᾶς.
2984 2881 3002 2912 ι
3048 2863 3160 2932 Πρὸ
3183 2862 3291 2932 γὰρ
3331 2863 3426 2915 τοῦ
3463 2864 3675 2926 πάθους

2099 2953 2197 3005 οὐκ
2238 2953 2295 3005 ἐν
2330 2952 2605 3022 Πνεύματι
2651 2952 2788 3022 ἁγίῳ
2834 2953 2930 3016 τὰς
2970 2951 3141 3016 ἰάσεις
3191 2953 3403 3006 ἐποίουν
3433 2955 3482 3006 οἱ
3537 2954 3677 3006 ἁπό-

2102 3043 2308 3107 στολοι,
2367 3043 2500 3097 ἁλλὰ
2548 3047 2612 3115 τῇ
2664 3043 2815 3114 παρὰ
2865 3043 2958 3097 τοῦ
3008 3046 3241 3115 Χριστοῦ
3297 3046 3515 3117 ἐξουσία
3578 3049 3677 3102 καὶ

2103 3135 2414 3208 προστάξει.
2453 3155 2469 3187 ι
2510 3136 2674 3188 Οὔπω
2717 3137 2824 3208 γάρ
2856 3133 2922 3208 ἦν
2962 3138 3185 3208 Πνεῦμα
3221 3140 3396 3205 ἅγιον,
3434 3141 3516 3192 ὅτι
3571 3143 3678 3210 Ἰη-

2104 3227 2228 3289 σοῦς
2256 3227 2465 3278 οὐδέπω
2498 3227 2776 3298 ἐδοξάσθη.
2821 3248 2839 3280 ι
2884 3227 3204 3292 Δεδόξασται
3236 3230 3291 3282 δὲ
3334 3231 3582 3302 ἐγερθεὶς
3611 3236 3678 3285 ἐκ

2101 3319 2330 3388 νεκρῶν.
2389 3319 2611 3390 Πνεῦμα
2641 3321 2697 3372 δὲ
2746 3321 2899 3388 ἆγιον
2933 3321 3211 3392 ὀνομάζων
3245 3322 3306 3375 οὐ
3363 3323 3456 3376 τοῦ
3513 3325 3677 3392 ἁγίου

2102 3411 2416 3481 Πνεύματος
2450 3413 2546 3482 τὴν
2595 3413 2917 3465 ὑπόστασιν·
2959 3414 3088 3466 αὐτὸ
3117 3414 3223 3484 γὰρ
3264 3411 3330 3485 ἦν
3356 3433 3414 3468 τε
3459 3418 3548 3470 ἀεὶ
3580 3420 3680 3471 καὶ

2101 3500 2214 3553 ἔστι
2263 3501 2356 3554 καὶ¹
2402 3502 2571 3565 ἔσται,
2626 3502 2760 3554 ἀλλὰ
2787 3503 2845 3554 τὸ
2881 3503 2973 3556 τοῦ
3006 3504 3159 3571 ἁγίου
3205 3504 3524 3574 Πνεύματος
3577 3508 3681 3577 χά-

2103 3612 2292 3665 ρισμα,
2337 3595 2472 3664 ὅπερ
2503 3595 2643 3648 κατὰ
2680 3596 2778 3664 τὴν
2813 3596 3042 3666 δεκάτην
3082 3597 3292 3667 ἡμέραν
3328 3598 3429 3666 τῆς
3471 3600 3678 3670 ἀναλή-

2098 3686 2273 3754 ψεως,
2315 3686 2686 3757 πεντηκοστὴν
2733 3687 2788 3739 δέ
2835 3687 2936 3756 τῆς
2983 3689 3362 3752 ἀναστάσεως,
3405 3691 3498 3742 ἐπὶ
3545 3692 3677 3754 τοὺς

2100 3779 2334 3850 Χριστοῦ
2369 3779 2613 3848 μαθητάς
2642 3780 3048 3849 κατεφοίτησεν.

2183 3867 2371 3938 Ἐρὼτ.
2418 3869 2480 3920 λ’.
2534 3870 2628 3929 Τίς
2681 3871 2825 3922 ἐστιν
2871 3869 2898 3919 6
2944 3869 3135 3939 κριτὴς
3184 3870 3282 3939 τῆς
3342 3870 3596 3933 ἀδικίας,
3645 3874 3680 3924 ὁ

2103 3963 2238 4032 μήτε
2269 3960 2356 4013 τὸν
2377 3961 2505 4013 Θεὸν
2536 3961 2888 4030 φοϐούμενος,
2930 3961 3067 4031 μήτε
3101 3960 3385 4030 ἄνθρωπον
3418 3961 3679 4031 ἐντρεπό-

2103 4071 2260 4125 μενος
2284 4069 2298 4117 ;

2183 4145 2369 4198 ’Λπόκ.
2407 4145 2464 4196 ’0
2493 4143 2650 4206 Θεός·
2690 4141 2813 4196 οὕτε
2841 4139 2949 4214 γὶιρ
2991 4141 3122 4194 Θεὸν
3165 4140 3298 4211 ἔχει,
3329 4142 3388 4194 ὃν
3428 4141 3680 4213 φοϐηθή-

2102 4255 2271 4301 σεται,
2314 4235 2435 4289 οὔτε
2464 4235 2745 4305 ἄνθρωπον
2779 4235 3197 4305 ἐντραπήσεται.
3247 4253 3264 4283 ι
3302 4235 3462 4302 Χήρα
3496 4233 3556 4285 δέ
3589 4251 3682 4297 τις

2098 4327 2164 4401 ἦν
2186 4333 2241 4382 ἐν
2269 4331 2333 4400 τῇ
2383 4329 2555 4382 πόλει.
2597 4347 2614 4377 ι
2665 4327 2758 4389 Τίς
2788 4325 2844 4378 δὲ
2884 4327 2916 4396 ἡ
2952 4326 3097 4395 χήρα
3132 4324 3354 4394 ἐκείνης
3397 4325 3430 4393 ὴ
3469 4325 3681 4388 παντὸς

424 4421 532 4476 dua
561 4422 681 4476 est?
710 4423 890 4475 anima
939 4422 1209 4492 cujusque
1248 4421 1508 4486 hominis,
1563 4437 1683 4490 quae
1719 4421 1992 4474 diabolum

2114 4422 2386 4492 Ξινθρώπου
2409 4419 2576 4490 ψυχὴ,
2609 4420 2642 4488 ἦ
2675 4435 2803 4472 ποτε
2834 4417 2925 4470 τὸν
2966 4417 3211 4470 διάϐολον
3243 4417 3410 4487 ἄνδρα
3444 4418 3675 4486 ἔχουσα,

425 4513 718 4583 aliquando
766 4514 1022 4567 maritum
1065 4515 1288 4568 habuit:
1320 4530 1427 4585 quo
1476 4515 1782 4584 repudiato,
1835 4514 1994 4567 Chri-

425 4614 571 4660 stum
609 4621 674 4659 ex
710 4606 890 4660 animo
929 4607 1349 4676 complectitur:
1382 4607 1544 4661 vidua
1589 4617 1693 4670 est,
1735 4623 1796 4661 ac
1827 4622 1994 4661 orans

424 4704 584 4751 nocte
630 4698 828 4766 dieque
863 4698 1105 4768 judicent
1133 4698 1481 4769 deprecatur,
1513 4710 1562 4753 et
1596 4699 1786 4769 lugens
1812 4699 1945 4753 dicit
1975 4717 1987 4753 :

430 4807 448 4839 ι
474 4787 704 4845 Vindica
734 4805 821 4846 me
849 4790 918 4846 de
946 4790 1261 4847 adversario
1293 4807 1414 4847 meo
1431 4791 1498 4844 ⁵⁷.
1529 4810 1548 4843 ι

490 4967 712 5034 Quss'r.
748 4966 944 5026 XXXI.
983 4968 1119 5034 Quis
1144 4975 1326 5024 autem
1357 4974 1442 5022 est
1471 4967 1862 5022 adversarius?

489 5058 652 5115 lisse.
694 5058 974 5124 Diabolus,
1015 5061 1109 5130 qui
1158 5077 1176 5110 ι
1205 5066 1469 5128 tanquam
1505 5060 1590 5114 leo
1627 5059 1850 5128 rugiens
1876 5063 1990 5115 cir-

418 5153 550 5214 cuit,
577 5167 828 5221 quazrens
857 5167 1020 5220 quem
1053 5151 1362 5207 devoret".
1399 5171 1417 5204 ι

487 5242 710 5309 ρυιεετ.
780 5241 995 5297 XXXII.
1066 5244 1210 5310 Quid
1288 5253 1472 5299 autem
1547 5246 1685 5301 dixit
1751 5249 1919 5320 judex
1977 5271 1991 5307 :

421 5352 438 5382 ι
464 5333 691 5390 Etiamsi
735 5350 847 5390 non
889 5338 1110 5391 timeam
1143 5335 1335 5402 Deum,
1387 5351 1489 5392 nec
1524 5338 1798 5395 hominem
1839 5359 1993 5400 reve-

487 5447 530 5481 "
569 5449 804 5553 Philipp.
839 5469 913 5518 ιι,
947 5453 1000 5508 8.
1073 5455 1118 5486 ⁸⁸
1157 5453 1328 5509 Levit.
1365 5473 1456 5510 xix
1481 5497 1494 5518 ,
1532 5457 1615 5512 I7.
1694 5462 1738 5493 ⁸³
1775 5462 1932 5522 Joan.
1963 5482 2068 5532 xx,
2119 5464 2207 5518 22.

491 5535 547 5554 III
621 5521 653 5554 κ
772 5524 792 5554 1
830 5523 937 5554 ἰΙ-ιίιι
1035 5524 1083 5554 ιι
1120 5525 1136 5554 1
1170 5525 1294 5554 υτ..-
1351 5545 1380 5554 ..
1439 5527 1468 5554 ο

416 5534 584 5584 xvm,
620 5521 671 5576 5.
715 5521 792 5554 7"
829 5523 960 5577 ibid.
1035 5524 1083 5557 "'
1119 5525 1138 5578 I
1169 5525 1313 5581 Petr.
1351 5545 1401 5592 v,
1437 5527 1490 5581 8.

2100 4515 2195 4568 καὶ
2217 4513 2563 4585 ἀπορρίψασα
2609 4512 2790 4574 αὑτὸν,
2824 4511 2914 4563 τὸν
2951 4509 3007 4562 δὲ
3051 4509 3283 4580 Χριστὸν
3321 4511 3678 4578 ἐνστερνισα-

2103 4606 2256 4678 μένη,
2287 4608 2431 4676 χήρα
2459 4604 2734 4673 τυγχάνει,
2771 4603 2864 4655 καὶ
2904 4601 3079 4654 δέεται
3116 4600 3237 4653 καθ’
3266 4600 3502 4668 ἑκάστην
3531 4602 3678 4670 ήμέ..

2102 4715 2200 4770 ραν
2227 4699 2322 4750 καὶ
2351 4695 2540 4758 νύκτα,
2577 4695 2668 4747 τὸν
2705 4695 2895 4766 κριτὴν
2929 4691 3321 4764 παρακαλοῦσα
3365 4690 3458 4743 καὶ
3477 4689 3677 4761 ὀδυρο-

2103 4791 2238 4863 μένη
2266 4792 2358 4844 καὶ
2389 4790 2618 4858 λέγουσα
2637 4805 2650 4818 ·
2690 4807 2708 4839 ι
2756 4787 3071 4857 Ἐκδίκησόν
3101 4804 3168 4857 με
3208 4786 3318 4839 ἀπὸ
3344 4785 3436 4838 τοῦ
3471 4787 3679 4840 ἀντιδί-

2097 4901 2195 4937 κου
2225 4900 2346 4954 μου.
2384 4901 2402 4933 ι

2180 4975 2370 5045 Ἑρώτ,
2394 4975 2496 5028 λαμ,
2532 4973 2626 5037 Τίς
2652 4972 2709 5025 δέ
2743 4973 2890 5025 ἐστιν
2916 4973 2945 5024 6
2977 4969 3281 5034 ἁντίδικος;

2179 5072 2366 5125 Ἀπόκ.
2405 5069 2463 5122 '0
2485 5066 2748 5130 διάϐολος,
2772 5067 2801 5118 6
2851 5084 2868 5115 ι
2901 5064 2976 5127 ὡς
3003 5063 3139 5116 λέων
3165 5062 3476 5132 ὠρυόμενος
3507 5079 3577 5114 πε
3589 5079 3678 5132 ρι-

2095 5162 2303 5225 πατῶν,
2341 5159 2520 5232 ζητῶν
2557 5158 2677 5210 τίνα
2707 5155 2970 5226 καταπίῃ.
3009 5172 3027 5204 ι

2177 5251 2368 5325 Ἐρὼτ.
2402 5251 2500 5321 λβ’.
2549 5249 2613 5302 Τί
2655 5249 2711 5301 δὲ
2748 5244 2900 5299 εἶπεν
2937 5248 2965 5298 6
3005 5245 3234 5314 κριτήςο
3275 5261 3294 5293 ι
3336 5243 3397 5294 Εί
3438 5241 3534 5294 καὶ
3581 5244 3677 5295 τὸν

2092 5345 2222 5399 Θεὸν
2266 5345 2328 5396 ού
2378 5341 2668 5414 φοϐοῦμαι,
2705 5339 2798 5394 καὶ
2825 5338 3111 5410 ἄνθρωπον
3161 5336 3259 5387 οὐκ
3308 5335 3674 5405 ἐντρέπομαι,

2314 5461 2362 5493 ⁸⁸
2399 5460 2518 5515 Act.
2558 5477 2609 5526 ι,
2644 5459 2699 5514 8.
2800 5460 2846 5490 δ’
2885 5455 3042 5511 Joan.
3100 5468 3173 5506 vn
3199 5493 3212 5517 ,
3267 5450 3355 5505 59.
3449 5449 3497 5483 “
3535 5449 3676 5506 Luc.

486 5672 597 5741 (8|)
633 5674 755 5730 Ilaec
778 5685 860 5734 est
893 5679 1122 5748 quaestio
1146 5680 1216 5734 28
1243 5679 1568 5738 Theodoreti
1597 5683 1647 5736 iu
1682 5683 1845 5737 Levit.
1876 5682 2066 5740 iisdem
2099 5683 2210 5740 fere
2239 5682 2441 5738 verbis.
