3852 6192
182 349 279 404 721

1521 322 1523 324 1
1557 368 2019 435 ρυΑςεΤιοΝεδ
2058 370 2130 426 IN
2165 371 2232 426 N.
2275 370 2339 429 T.

3324 380 3430 435 722

178 465 295 520 ἀλλ’
339 460 438 520 οὖν
475 469 749 542 ἐκδικήσω
789 473 960 545 αὑτὴν
985 515 1002 542 ,
1051 475 1140 530 ἵνα
1205 478 1280 550 μὴ
1335 479 1604 553 ἐρχομένη
1650 484 1737 536 ὑπ·

1858 499 2002 548 rear,
2033 484 2323 540 vindicabo
2352 495 2534 541 tamen
2565 501 2708 556 eam,
2762 505 2832 547 ne
2869 491 3092 550 veniens
3132 507 3219 550 me
3265 497 3431 565 sugil-

176 557 398 631 ωπιάζῃ
433 577 520 629 με.
548 580 566 612 ι
587 563 696 616 Καὶ
730 566 980 638 ἐπιφέρει
1003 569 1031 621 6
1055 569 1258 641 Κύριος
1281 571 1475 641 λέγων·
1509 593 1528 625 ‹
1564 575 1754 628 Ἀκού-

181 666 332 712 σατε,
354 651 408 703 τί
429 651 576 721 λέγει
601 656 628 706 6
662 657 855 728 κριτὴς
882 660 978 730 τῆς
998 661 1230 727 ἀδικίας,
1269 683 1287 716 ι
1315 667 1343 718 6
1363 666 1493 730 Θεός
1517 683 1530 698 ο
1567 668 1752 740 ἐπειδὴ

177 743 352 813 κρίνει
388 747 482 799 καὶ
517 750 833 820 κατακρίνει
875 753 1000 817 τοὺς
1053 754 1293 819 ἀδίκους.
1336 775 1354 808 ι
1391 758 1595 828 Δικαίῳ
1644 759 1752 830 γὰρ

178 837 340 907 νόμος
370 840 430 891 οὑ
465 845 661 895 κεῖται.
696 862 715 895 ι

259 927 452 998 Ἐρὼτ.
491 931 594 999 λγ¹.
631 933 756 997 Πῶς
783 937 1018 1007 νοητέον,
1057 939 1140 993 δτι
1176 959 1196 992 ‹
1251 939 1311 994 '0
1345 941 1483 1012 ἔχων
1517 942 1750 1014 ίμάτιον,

176 1015 484 1087 πωλησάτω
511 1022 661 1086 αὐτὸ,
692 1025 786 1078 καὶ
812 1026 1135 1098 ἀγορασάτω
1171 1032 1476 1104 μάχαιραν;
1519 1054 1538 1087 ι

256 1191 449 1246 Ἀπόκ.
488 1192 657 1248 Τοῦτο
687 1192 807 1251 εἶπε
837 1203 1101 1272 γνωρίσαι
1132 1203 1298 1258 θέλων
1333 1209 1360 1260 6
1405 1209 1609 1281 Κύριος
1641 1215 1753 1277 τοῖς

173 1279 498 1346 ἀποστόλοις
529 1285 627 1355 τὴν
661 1288 951 1357 προδοσίαν
974 1291 1160 1358 αὑτοῦ,
1194 1296 1285 1348 καὶ
1308 1298 1407 1367 τὴν
1429 1279 1617 1366 ἔφοδον
1645 1300 1751 1354 τῶν

185 1371 478 1426 Ἰουδαίων.
513 1374 648 1429 Οὔτε
676 1375 768 1432 οὖν
801 1381 1020 1446 τελείως
1065 1387 1507 1460 παρεσιῶπησεν,
1560 1394 1646 1447 ἵνα
1675 1395 1749 1467 μὴ

171 1463 235 1532 τῇ
281 1463 456 1536 ἀθρόᾳ
484 1467 656 1538 ἐφόδῳ
679 1472 1042 1542 ταραχθῶσιν,
1076 1477 1197 1531 οὔτε
1228 1480 1388 1535 πάλιν
1430 1484 1649 1551 τελείως
1696 1463 1751 1541 ἐξ

172 1553 462 1626 γνώρισεν,
498 1559 583 1612 ἵνα
610 1562 685 1633 μὴ
721 1562 894 1636 δειλίᾳ
921 1568 1026 1620 τινὶ
1055 1571 1478 1642 κατασχεθῶσιν.

251 1727 446 1800 Ἑρῶτ.
476 1732 568 1786 λδνο
597 1736 726 1802 Πῶς
750 1741 784 1792 ὁ
804 1741 997 1809 φιλῶν
1020 1743 1134 1813 τὴν
1168 1747 1381 1818 ψυχὴν
1415 1753 1602 1809 αὐτοῦ
1636 1755 1748 1810 ἀπ-

166 1821 376 1876 ολέσει
405 1824 636 1892 αὐτήν;

252 1914 445 1969 Ἀπόκ.
486 1917 546 1970 Ὀ
573 1920 672 1989 μὲν
698 1921 865 1990 φιλῶν
889 1925 986 1997 τὴν
1009 1926 1183 2000 ψυχὴν
1210 1931 1376 1984 αὑτοῦ
1409 1933 1557 1989 ἐστιν
1589 1937 1617 1989 6
1643 1937 1744 2001 τὰς

165 2005 409 2071 ἀτόπους
436 2009 732 2081 ἐπιθυμίας
773 2015 938 2068 αὑτοῦ
981 2020 1180 2073 ποιῶν·
1215 2024 1243 2074 6
1281 2023 1337 2076 δὲ
1367 2026 1538 2095 μισῶν
1571 2029 1744 2101 αὑτήν

163 2096 317 2192 ἐστιν
350 2101 379 2151 6
409 2100 482 2171 μὴ
512 2101 674 2192 εἴκων
705 2107 842 2177 αὑτῇ
883 2107 950 2162 τὰ
999 2109 1306 2179 βλάπτοντα
1349 2117 1646 2192 κελευούσῃ
1671 2096 1745 2174 ’-ὁ

163 2185 222 2238 δὲ
257 2186 432 2241 θέλων
485 2191 654 2261 αὐτὴν
682 2194 943 2249 ἀπολέσαι
975 2199 1091 2251 ἐστὶ
1121 2201 1271 2273 παρὰ
1299 2202 1360 2254 τὸ
1387 2203 1504 2258 δέον
1533 2207 1598 2258 ἐκ
1621 2185 1742 2261 ’τῶν

164 2280 551 2351 ἐπερχομένων
583 2283 718 2354 αὑτῇ
774 2287 1032 2342 κινδύνων
1081 2291 1176 2344 καὶ
1222 2292 1454 2364 θλίψεων
1495 2299 1586 2350 καὶ
1620 2317 1742 2352 πει-

165 2370 398 2439 ρασμῶν
440 2371 719 2441 διαφυγεῖν
765 2379 1067 2448 ἐφιέμενος.
1123 2383 1332 2458 Ὥσπερ
1372 2383 1466 2442 οὖν
1507 2392 1600 2444 καὶ
1642 2393 1742 2464 τὴν

162 2463 309 2534 ὑπὲρ
343 2463 507 2517 αὑτοῦ
559 2469 615 2520 ἐν
660 2471 772 2532 τοῖς
816 2471 1082 2538 κινδύνοις
1133 2478 1424 2549 γινομένην
1467 2463 1741 2538 ἀπώλειαν

164 2556 442 2625 ωτηρίαν
472 2557 787 2630 ὠνόμασεν⁸
827 2563 999 2628 οὕτως
1030 2567 1250 2639 εὑρήσει
1283 2571 1454 2643 αὑτὴν
1482 2575 1562 2638 είς
1594 2575 1740 2647 ζωὴν

161 2645 263 2716 τὴν
307 2647 544 2702 αἰώνιον.

247 2736 440 2808 Ἐρῶτ.
481 2739 574 2793 λε’.
612 2741 676 2792 Τί
708 2742 855 2798 ἐστιν
876 2761 890 2774 ·
933 2763 952 2797 ‹
1001 2748 1125 2803 Ἐὰν
1158 2751 1186 2803 6
1219 2749 1390 2817 δεξιός
1416 2769 1508 2808 σου
1536 2757 1736 2826 ὀφθαλ-

163 2827 286 2898 μὸς,
321 2829 353 2901 ἢ
393 2832 418 2901 ἢ
452 2831 573 2903 χείρ
603 2850 697 2886 σου
725 2836 1066 2904 σκανδαλίζει
1094 2858 1174 2907 σε,
1207 2842 1457 2914 ἔκκοψον,
1487 2850 1579 2902 καὶ
1609 2849 1737 2920 βάλε

159 2920 271 2973 ἀπὸ
299 2920 395 2974 σοῦ
414 2939 428 2988 ;
473 2941 492 2976 ι

248 3015 438 3071 ’Λπόκ.
485 3019 559 3072 Οὑ
602 3022 731 3092 περὶ
773 3021 880 3078 τῶν
919 3025 1094 3097 μελῶν
1129 3028 1222 3081 τοῦ
1273 3029 1523 3103 σώματος
1581 3035 1740 3091 τοῦτο

159 3103 384 3175 εἴρηκεν
438 3112 467 3162 6
512 3111 750 3183 Κύριος’
786 3114 1005 3186 ἄπαγεί
1068 3121 1206 3174 ἀλλά
1252 3126 1378 3195 περὶ
1425 3126 1591 3194 φίλων
1644 3131 1735 3183 καὶ⁸

164 3197 478 3290 συγγενῶν·
512 3202 649 3273 μέλη
678 3204 787 3278 γάρ
818 3207 1061 3279 ἀλλήλων
1101 3212 1288 3282 ἐσμέν.
1330 3215 1453 3270 Ἐὰν
1476 3214 1591 3283 οὖν,
1629 3237 1736 3290 φη-

163 3288 270 3352 σὶν,
305 3289 438 3362 ἔχῃς
470 3293 623 3363 φίλον
650 3299 744 3350 καὶ
778 3302 1012 3373 συγγενῆ
1038 3303 1331 3372 ἀναγκαῖόν
1370 3325 1452 3361 σοι
1482 3288 1740 3376 δντα,ῶς

159 3380 335 3448 διεξιὸν
362 3384 638 3456 ὀφθαλμὸν
671 3389 703 3460 ἢ
730 3394 887 3464 χεῖρα
906 3410 919 3423 ·
955 3395 1097 3448 κατὰ
1120 3395 1181 3449 τδ
1206 3399 1492 3470 εἰρημένον
1517 3402 1622 3456 ὑπὸ
1643 3403 1737 3458 τοῦ

173 3472 321 3538 Ἰὼϐ,
348 3475 429 3528 ὅτι
479 3497 497 3528 ι
549 3479 854 3553 Ὀφθαλμὸς
882 3485 1029 3556 ιἤμην
1072 3488 1308 3557 τυφλῶν,
1361 3493 1496 3558 ποῦς
1536 3495 1593 3548 δὲ
1633 3515 1740 3567 χω-

157 3561 267 3616 λῶν
286 3581 300 3594 ο
339 3585 357 3617 ι
393 3569 488 3621 καὶ
517 3569 646 3634 ἴδοις
678 3575 867 3628 ἑαυτὸν
903 3576 1271 3650 βλαπτόμενον
1303 3582 1403 3655 τὴν
1433 3585 1609 3657 ψυχὴν
1633 3561 1734 3642 ’ὑπ’

158 3657 349 3724 αὑτοῦ,
376 3661 609 3733 ἔκκοψον
649 3666 808 3720 αὑτὸν
837 3669 944 3722 ἀπὸ
979 3671 1072 3724 σοῦ
1092 3688 1106 3702 ·
1139 3673 1360 3745 οὐδεμία
1402 3677 1511 3747 γὰρ
1547 3696 1739 3736 κοινω-

156 3747 246 3803 νία
278 3754 422 3820 φωτὶ
451 3755 585 3825 πρὸς
608 3757 817 3822 σκότος,
850 3761 1081 3831 μάλιστα
1107 3763 1202 3818 ἐὰν
1236 3766 1575 3838 ὑποκρίσεως
1593 3788 1737 3838 τινος

156 3841 252 3896 καὶ
276 3843 428 3896 δόλου
463 3848 783 3917 μετέχωσιν.

226 3934 335 3986 Τοῦ
361 3937 406 3988 Χ
417 3940 746 4010 ρυσοστόμου
773 3942 878 4006 λς’.
911 3945 1089 4016 Συκῆν
1117 3943 1232 4019 εἶχέ
1256 3969 1341 4015 τις
1368 3955 1426 4006 ἐν
1447 3955 1526 4027 τῷ
1557 3957 1736 4029 ἀμπε-

234 4211 426 4264 Ἀπόκ.
459 4214 640 4284 Συκῆν
665 4215 786 4281 ἔθος
812 4221 878 4290 τῇ
909 4219 1098 4293 Γραφῇ
1134 4223 1321 4280 καλεῖν
1342 4229 1442 4300 τὴν
1469 4232 1528 4284 ὲν
1553 4233 1736 4305 ἁμαρ-

151 4301 296 4367 τίαις
325 4304 533 4377 ψυχήν·
567 4309 866 4378 ἀμπελῶνα
885 4313 941 4365 δὲ
972 4313 1070 4386 τὴν
1107 4316 1216 4370 τῶν
1258 4321 1465 4375 πιστῶν
1503 4301 1733 4397 Ἐκκλη-

152 4391 275 4445 σίαν
294 4411 308 4423 ·
344 4395 762 4468 ἀμπελουργοὺς
794 4401 850 4453 δὲ
873 4403 998 4466 τοὺς
1031 4405 1317 4473 ἀγγέλους.
1361 4410 1512 4465 Ἐπεὶ
1542 4391 1655 4467 οὖν-
1675 4391 1734 4470 ἐν

1859 575 1932 629 let
1954 575 2022 629 ”.
2051 593 2069 626 ι
2101 576 2170 628 Et
2201 575 2386 629 subdit
2412 574 2696 643 Dominus,
2730 579 2917 635 dicens
2945 601 2957 635 :
2995 600 3013 633 ι
3041 582 3258 649 Audite,
3294 585 3428 656 quid

1856 667 2005 722 dicat
2041 668 2208 736 judex
2246 668 2554 738 iniquitatis
2578 671 2645 735 ⁸ο,
2679 689 2697 722 ι
2744 670 2886 726 Deus
2931 674 3174 742 scilicet;
3208 677 3428 746 iniquos

1854 759 1998 812 enim
2050 760 2260 829 judicat
2308 770 2362 815 et
2408 762 2761 817 condemnat.
2817 761 3022 819 «Iusto
3073 781 3310 837 namque
3339 769 3428 824 lex

1853 865 1962 905 non
1993 859 2077 906 est
2108 852 2405 920 posita“.i

1930 942 2152 1009 QUI-351'.
2197 941 2437 999 XXXIII.
2495 944 2779 1010 Quomodo
2831 946 2964 1002 illud
3014 947 3424 1018 intelligendum

1853 1043 1978 1091 est:
2018 1054 2035 1087 ι
2067 1035 2172 1102 Qui
2221 1037 2445 1108 pallium
2492 1038 2688 1108 habet,
2749 1039 2949 1096 vendat
3002 1048 3059 1097 et
3120 1050 3266 1097 emat
3307 1042 3424 1114 glao

1851 1129 2002 1184 dium
2020 1130 2109 1183 5’?
2142 1151 2161 1182 ι
2417 1127 2427 1135 “

1926 1217 2091 1274 Βεει».
2133 1219 2247 1274 Hoc
2281 1219 2404 1276 ideo
2431 1220 2567 1275 dixit
2591 1220 2878 1285 Dominus,
2909 1227 2968 1275 ut
3005 1222 3269 1292 apostolis
3292 1237 3422 1291 proo

1851 1311 2112 1366 ditionem
2146 1312 2248 1368 sibi
2279 1312 2627 1378 intentatam,
2666 1324 2852 1368 notam
2885 1314 3106 1378 faceret,
3141 1324 3195 1370 et
3222 1316 3423 1370 adven-

1851 1411 1965 1455 tum
1996 1401 2331 1458 Judazorum.
2384 1403 2526 1474 Ergo
2565 1405 2698 1459 illud
2746 1421 2847 1460 nec
2875 1406 3101 1459 omnino
3135 1406 3418 1470 subticuit,

1849 1511 1919 1549 ne
1941 1496 2233 1565 repentino
2257 1497 2433 1551 turba
2459 1496 2696 1552 adventu
2731 1504 3090 1561 terrerentur,
3122 1512 3224 1552 nec
3255 1498 3420 1552 etiam

1853 1586 2070 1656 penitus
2098 1587 2210 1642 illis
2254 1587 2516 1642 indicavit
2539 1591 2746 1654 omnia,
2775 1603 2845 1644 ne
2869 1590 3278 1660 corriperentur
3320 1589 3420 1644 ali-

1848 1690 1959 1746 quo
1989 1683 2157 1730 metu.

1923 1765 2144 1833 Qunsr.
2190 1766 2429 1825 XXXIV.
2471 1767 2755 1835 Quomodo
2794 1787 2812 1820 ι
2842 1767 2936 1841 qui
2988 1776 3135 1822 amat
3181 1767 3418 1823 animam

1850 1872 2030 1924 suam,
2073 1859 2263 1928 perdet
2295 1874 2415 1913 eam
2435 1859 2517 1914 l’3?
2545 1879 2563 1912 ι

1922 1947 2090 2004 ῐὶεερ.
2142 1949 2192 2005 Is
2227 1950 2467 2020 quidem,
2496 1951 2589 2022 qui
2638 1967 2794 2007 suam
2839 1960 2986 2007 amat
3038 1952 3298 2017 animam,
3334 1958 3416 2006 est

1849 2041 1946 2110 qui
1995 2041 2264 2096 ahsurdas
2303 2042 2781 2111 concupiscentias
2814 2059 2945 2098 suas
2979 2049 3275 2113 perpetrat.
3313 2042 3416 2110 Qui

1848 2147 1978 2186 vero
2009 2132 2123 2186 odit
2154 2147 2299 2196 eam,
2341 2138 2427 2188 est
2480 2134 2572 2202 qui
2605 2133 2711 2204 ipsi
2754 2135 2917 2188 noxia
2942 2133 3156 2203 jubenti
3195 2134 3416 2190 minime

1849 2223 2012 2279 cedit.
2049 2223 2154 2290 Qui
2195 2233 2377 2279 autem
2421 2226 2658 2280 animam
2691 2241 2847 2281 suam
2877 2227 2992 2281 vult
3025 2227 3274 2297 perdere,
3333 2234 3413 2284 est

1848 2315 1942 2386 qui
1977 2316 2318 2370 imminentia
2349 2316 2616 2384 pericula,
2651 2316 2970 2371 alllictiones
2997 2323 3052 2370 et
3087 2318 3414 2373 tentationes

1847 2406 1954 2459 alio
1985 2421 2147 2476 quam
2179 2421 2278 2476 par
2327 2406 2400 2460 sit
2445 2405 2607 2460 modo
2643 2405 2882 2477 effugere
2931 2404 3103 2477 cupit.
3137 2405 3208 2461 Ut
3249 2406 3412 2477 igit'u

1845 2505 2076 2551 mortem
2100 2498 2152 2551 in
2184 2497 2446 2569 periculis
2477 2497 2563 2553 sui
2593 2512 2758 2552 causa
2802 2506 3140 2569 susceptam,
3181 2500 3413 2554 salutem

1844 2585 2092 2651 vocavit;
2136 2586 2212 2639 ita
2237 2567 2468 2640 certum
2513 2594 2597 2642 est
2624 2601 2748 2640 eum
2785 2586 2934 2640 illam
2977 2587 3032 2640 in
3062 2588 3172 2641 vita
3213 2595 3410 2643 aeterna

1844 2673 2212 2731 inventurum.

1909 2765 2133 2832 Quaes'r.
2165 2766 2384 2824 XXXV.
2425 2767 2696 2834 Quidnam
2743 2777 2827 2825 est
2864 2770 2996 2825 illud
3026 2789 3038 2823 :
3070 2787 3089 2821 ι
3126 2768 3184 2824 Si
3221 2770 3408 2828 oculus

1842 2863 1972 2913 tuus
2013 2857 2223 2924 dexter,
2277 2869 2371 2914 aut
2420 2874 2617 2914 manus
2665 2866 2758 2914 tua
2817 2861 3156 2916 scandalizat
3194 2871 3268 2928 te,
3310 2862 3404 2918 ab-

1843 2950 2054 3016 scinde,
2085 2960 2138 3006 et
2165 2952 2373 3022 projice
2403 2951 2500 3008 abs
2531 2962 2583 3008 te
2600 2951 2689 3006 “2
2717 2972 2737 3004 ι

1918 3039 2082 3096 Resp.
2129 3040 2249 3096 Non
2286 3040 2352 3096 de
2399 3043 2662 3098 membris
2707 3045 2957 3115 corporis
3005 3045 3110 3102 hoc
3140 3049 3277 3107 dixit
3305 3051 3409 3108 Do-

1843 3132 2048 3194 minus,
2079 3131 2248 3186 absitl
2299 3131 2394 3188 sed
2426 3135 2495 3189 de
2534 3134 2726 3189 amicis
2761 3141 2816 3190 et
2847 3137 3133 3206 cognatis:
3165 3142 3409 3199 membra

1841 3233 2074 3290 namque
2123 3237 2314 3278 sumus
2363 3222 2620 3278 invicem.
2677 3223 2735 3278 Si
2775 3224 2962 3295 igitur,
2999 3226 3196 3298 inquit,
3241 3231 3410 3287 habes

1839 3311 2075 3366 amicum
2119 3319 2214 3366 aut
2256 3320 2569 3384 cognatum,
2598 3313 2760 3384 cujus
2789 3322 2938 3371 tanta
2969 3318 3068 3373 tibi
3117 3321 3189 3375 sit
3221 3338 3393 3378 neces

1839 3402 1995 3470 sitas,
2027 3411 2232 3474 quanta
2259 3406 2345 3460 vel
2373 3405 2589 3460 dexteri
2610 3406 2688 3460 tui
2709 3407 2871 3478 262
2889 3410 3033 3464 oculi
3065 3412 3152 3467 vel
3179 3428 3407 3482 manus,

1833 3495 1990 3564 juxta
2025 3497 2228 3552 dictum
2255 3495 2376 3552 Jobi
2403 3516 2415 3550 :
2448 3515 2468 3548 ι
2499 3495 2704 3553 Oculus
2733 3515 2882 3554 eram
2931 3516 3221 3573 caecorum,
3241 3515 3295 3561 et
3314 3522 3408 3578 pes

1837 3584 2255 3653 claudorum";
2292 3604 2312 3638 ι
2341 3593 2396 3642 et
2422 3587 2627 3642 videris
2667 3588 2738 3643 ab
2772 3591 2891 3659 ipso
2913 3590 3174 3649 damnum
3216 3595 3407 3652 inferri

1836 3677 2033 3732 anima:
2061 3686 2186 3743 tuae,
2235 3678 2498 3735 abscinde
2534 3696 2659 3736 eum
2691 3684 2879 3737 :nulla
2910 3700 3146 3758 namque
3177 3689 3285 3744 luci
3319 3706 3382 3746 so

1835 3766 2005 3821 cietas
2035 3782 2160 3822 cum
2190 3769 2432 3825 tenebris
2458 3787 2472 3836 ;
2520 3771 2758 3827 maxime
2785 3773 2832 3828 si
2870 3775 3002 3845 quid
3034 3778 3295 3834 simulent
3323 3781 3404 3837 vel

1835 3857 2212 3915 fraudulenter
2238 3868 2421 3932 agant.

1903 3948 2284 4005 Cnnvsosrom
2317 3950 2555 4008 XXXVI.
2579 3951 2768 4008 Ficum
2817 3955 3052 4012 habebat
3082 3959 3305 4030 quidam
3348 3965 3402 4018 in

1833 4041 1994 4095 vinea
2023 4055 2144 4110 sua,
2178 4050 2232 4097 et
2264 4043 2412 4098 venit
2439 4059 2693 4115 quaerens
2727 4046 2785 4100 in
2814 4062 2878 4102 ea
2907 4047 3174 4116 fructum,
3209 4059 3264 4107 et
3293 4067 3402 4107 non

1833 4131 2040 4189 invenit
2057 4135 2124 4189 ⁸⁸.

1915 4223 2078 4282 Rese.
2137 4225 2324 4284 Ficum
2402 4227 2688 4301 Scriptura
2737 4247 2933 4289 vocare
2975 4234 3113 4290 solet
3162 4239 3401 4307 peccatis

1833 4315 2124 4372 obnoxiam
2179 4320 2452 4388 animam;
2492 4324 2708 4379 vineam
2759 4339 2889 4380 vero
2938 4326 3177 4383 ﬁdelium
3212 4329 3400 4386 Eccle-

1835 4407 1971 4462 siam
1988 4424 2016 4474 ;_
2035 4406 2297 4465 vinitores
2332 4417 2535 4475 autem,
2567 4412 2813 4482 angelos.
2858 4413 3089 4480 Quando
3138 4419 3305 4490 igitur
3345 4422 3399 4482 in

147 4488 214 4556 τῇ
233 4487 532 4559 Ἐκκλησία
553 4491 798 4556 ἀναξίαις
823 4492 1061 4562 βιοῦντες
1086 4497 1220 4569 (81')
1238 4501 1339 4569 τῆς
1355 4502 1609 4570 πίστεως,
1629 4507 1728 4561 οὑκ

1855 4496 2080 4552 Ecclesia
2108 4500 2273 4552 vitam
2308 4499 2516 4554 ducunt
2547 4500 2652 4557 ﬁde
2689 4518 2789 4558 sua
2820 4504 3100 4577 indignam
3125 4525 3140 4576 ;
3165 4487 3293 4564 ⁷ῐιοιι
3325 4511 3401 4566 vi-

147 4575 435 4645 ἀμπελὼν,
490 4579 628 4632 ἀλλά
681 4583 821 4650 συκῆ
872 4584 1248 4657 ὀνομάζονται.
1314 4593 1406 4647 Ἐκ
1459 4595 1582 4660 νέας
1631 4599 1729 4668 μὲν

146 4665 388 4734 ἡλικίας,
425 4669 502 4732 ὡς
532 4672 696 4736 εἰκὸς,
726 4675 784 4726 ἐν
817 4676 952 4748 αὑτῇ
995 4681 1352 4749 φυτευθέντες
1388 4685 1477 4740 διὰ
1513 4687 1606 4741 τοῦ
1633 4665 1730 4760 βα-

147 4756 475 4826 πτίσματος,
530 4761 694 4831 μέχρι
718 4763 774 4816 δέ
808 4766 1009 4836 γήρους
1043 4771 1134 4823 τὸν
1165 4773 1364 4844 τρόπον
1394 4756 1724 4847 μεταϐαλλό-

151 4863 334 4940 μενοι.⁹
370 4849 596 4914 εἰκότως
639 4854 991 4927 μακρόθυμος
1018 4861 1046 4912 6
1073 4861 1204 4925 Θεὸς
1233 4863 1377 4933 λέγει
1411 4867 1490 4937 τῷ
1511 4870 1725 4940 ἀμπελ-

147 4937 352 5008 ουργῷ,
403 4940 521 5010 ἦτοι
569 4942 644 5012 τῷ
688 4946 904 5018 ἀγγέλῳ
950 4951 1046 5022 τῆς
1088 4952 1416 5026 Ἐκκλησίας
1447 4976 1462 4990 °
1504 4980 1524 5011 ι
1553 4937 1562 4940 ν
1592 4962 1723 5016 Ἰδοὺ

145 5029 272 5101 τρία
301 5031 399 5101 ἔτη
427 5033 657 5106 ἔρχομαι
684 5037 859 5108 ζητῶν
887 5044 1096 5112 καρπὸν
1123 5046 1180 5099 ἐν
1207 5050 1272 5118 τῇ
1301 5053 1461 5122 συκῇ,
1500 5053 1595 5106 καὶ
1623 5057 1721 5126 οὑχ

146 5123 407 5194 εὑρίσκω.
451 5127 723 5198 Ἔκκοψον
753 5132 950 5204 αὑτήν·
984 5134 1068 5188 ἵνα
1100 5137 1153 5190 τί
1199 5141 1294 5193 καὶ
1325 5142 1424 5214 τὴν
1450 5145 1552 5215 γῆν
1592 5163 1722 5201 κατ-

147 5218 342 5285 αργεῖ;
378 5217 436 5269 '0
466 5217 522 5270 δέ
562 5238 725 5291 φησι·
761 5222 952 5294 Κύριε,
982 5227 1118 5296 ἄφες
1158 5231 1328 5302 αὑτὴν
1358 5236 1450 5288 καὶ
1478 5235 1636 5291 τοῦτο
1663 5240 1725 5294 τὸ

145 5305 282 5371 ἔτος,
325 5307 431 5399 ἕως
455 5303 515 5364 οὗ
543 5312 734 5382 σκάψω
765 5317 893 5386 περὶ
924 5317 1094 5391 αὐτὴν
1127 5322 1221 5374 καὶ
1252 5323 1400 5393 βάλω
1437 5327 1658 5399 κόπρια.
1697 5351 1716 5384 ι

145 5396 284 5467 Τρία
309 5393 404 5451 οὖν
441 5399 534 5471 ἐτη
559 5404 697 5456 εἰσὶν
728 5407 784 5458 ἐν
812 5408 1140 5479 ἀνθρώποις,
1181 5415 1239 5466 ἐν
1269 5410 1350 5479 οἷς
1373 5393 1588 5489 ἔρχεται
1625 5421 1722 5494 ζη-

143 5485 250 5537 τῶν
280 5488 494 5560 καρπὸν
533 5492 562 5542 6
592 5490 743 5559 Θεὸς,
770 5495 825 5545 αἱ
856 5499 1006 5567 τρεῖς
1043 5485 1467 5571 μεθηλικιώσεις
1501 5504 1594 5559 τοῦ
1628 5485 1722 5562 ἀν-

247 5621 294 5654 ⁶³
335 5620 469 5675 Luc.
494 5639 667 5692 ixvm,
704 5626 767 5692 ιι,
809 5628 860 5682 5.
973 5631 1021 5663 ⁸ο
1059 5633 1190 5690 ibid.
1227 5636 1280 5692 6.

1395 5639 1438 5671 ⁸³
1478 5639 1498 5693 Ι
1531 5640 1670 5698 Tim.
1705 5661 1755 5706 ι,
1788 5646 1841 5700 9.

1829 4605 1934 4646 nea
1975 4599 2281 4659 vocantur,
2328 4593 2425 4648 sed
2468 4594 2627 4650 licus.
2679 4595 2818 4662 Quia
2868 4611 2900 4651 a
2948 4608 3137 4654 tenera
3177 4601 3398 4672 quidem

1829 4691 2009 4750 aetate,
2044 4693 2103 4739 ut
2131 4700 2231 4754 par
2266 4692 2371 4751 est,
2397 4687 2452 4742 in
2487 4703 2550 4742 ea
2574 4704 2670 4758 per
2703 4690 3036 4761 baptismum
3062 4694 3313 4764 plantati,
3347 4707 3399 4750 et

1829 4775 1898 4830 ad
1924 4782 2262 4832 senectutem
2285 4793 2460 4848 usque
2489 4779 2558 4834 ad
2580 4780 2727 4836 hunc
2743 4783 2965 4838 modum
2986 4785 3258 4842 immutati
3275 4802 3398 4843 cum

1828 4863 1960 4930 sint,
1992 4865 2188 4920 merito
2221 4865 2364 4924 Deus
2390 4870 2743 4938 quantumvis
2785 4874 3129 4943 aequanimis,
3163 4875 3296 4931 dicit
3332 4877 3398 4930 ad

1829 4957 2119 5012 vinitorem
2149 4958 2234 5014 vel
2260 4960 2510 5030 angelum
2544 4959 2840 5019 Ecclesiae:
2874 4982 2894 5016 ι
2922 4964 3058 5021 Ecce
3087 4966 3260 5022 tribus
3284 4965 3398 5036 jam

1829 5048 1989 5103 annis
2023 5048 2201 5117 venio,
2233 5049 2472 5107 fructum
2512 5067 2760 5122 quaerens
2790 5055 2848 5109 in
2891 5056 2993 5111 ista
3028 5057 3155 5123 ﬁcu,
3184 5072 3287 5113 nec
3319 5068 3396 5113 ta-

1833 5155 1955 5194 men
1985 5139 2220 5196 invenio.
2266 5141 2539 5199 Exscinde
2568 5159 2721 5212 eam;
2760 5161 2930 5216 quare
2955 5155 3156 5203 terram
3200 5150 3396 5204 inutili-

1829 5237 1912 5286 ter
1935 5233 2200 5304 occupat?
2224 5234 2319 5289 Ille
2343 5250 2475 5290 vero
2520 5236 2853 5306 respondet:
2885 5237 3134 5305 Domine,
3182 5241 3300 5296 sine
3332 5241 3394 5296 il-

1827 5325 1934 5378 lam
1970 5325 2149 5380 adhuc
2191 5327 2296 5382 hoc
2333 5335 2542 5382 tantum
2590 5343 2756 5392 anno,
2788 5330 2963 5385 donec
3003 5330 3159 5387 fovea
3189 5333 3394 5389 circum

1826 5431 1946 5472 eam
1975 5416 2119 5471 facta
2139 5417 2341 5473 misero
2364 5429 2578 5476 stercus
2601 5421 2688 5474 '7?
2716 5440 2735 5473 ι
2767 5419 2902 5476 Tres
2924 5421 3092 5492 igitur
3111 5433 3240 5480 sunt
3265 5427 3392 5481 anni

1827 5507 2129 5575 hominum,
2161 5509 2219 5563 in
2256 5509 2457 5580 quibus
2488 5511 2642 5566 venit
2679 5509 2825 5567 Deus
2847 5527 3098 5582 quan-ens
3128 5513 3393 5581 fructum,

1933 5645 1978 5678 "
2019 5644 2151 5702 Luc.
2189 5660 2338 5714 χχιι,
2373 5643 2464 5702 56.
2540 5646 2586 5679 ⁸³
2619 5645 2776 5704 Joan.
2812 5661 2918 5716 xu,
2948 5646 3041 5708 25.
3113 5649 3160 5682 ”
3198 5649 3393 5706 Matth.

146 5707 195 5753 v,
225 5692 319 5746 29.
397 5693 444 5724 ³⁸
479 5691 582 5748 Job
613 5691 866 5757 “v.15.
944 5701 989 5733 "
1026 5701 1159 5760 Luc.
1198 5691 1331 5775 xm,
1369 5708 1424 5768 6.
1478 5691 1721 5772 "Id—bid.-

1855 5716 1890 5773 Ξ.

213 5783 295 5851 (81
307 5785 349 5852 ⁵)
384 5781 618 5850 ἀναξίοις
641 5785 903 5856 βιοῦνται.
