3852 6192
416 353 525 411 Ἱξὸ

1636 349 1695 407 5.
1735 349 2202 409 ATHANASIUS.
2238 381 2311 403 η-
2350 348 2622 407 SPURIA.

3575 355 3681 412 724

417 482 544 540 quae
597 470 728 522 sunt
772 463 1013 521 hominis
1045 471 1161 520 tres
1202 463 1370 519 varia:
1406 471 1617 529 aetates,
1666 472 1858 535 utpote
1901 465 1997 536 qui

2119 462 2343 536 lpdmou,
2372 466 2407 536 ἦ
2436 464 2513 529 ὡς
2557 464 2747 520 παιδία
2767 506 2781 531 ,
2827 467 3119 540 νεώτεροι,
3170 470 3267 524 καὶ
3299 470 3680 545 πρεσϐύτεροι.

418 557 576 631 pueri
618 557 879 627 primum,
931 557 1131 613 deinde
1179 556 1432 626 juvenes,
1477 564 1756 628 postremo
1806 573 1999 615 sumus

418 667 601 710 senes.
633 649 790 705 Multi
819 649 967 706 enim
1016 649 1073 704 in
1120 650 1242 721 ipsa
1282 656 1564 706 senectute
1603 649 1821 704 demum
1854 650 1997 705 resi-

419 760 610 818 puerc,
645 744 738 816 qui
770 759 870 815 per
893 743 1215 799 alﬂictiones
1250 742 1407 810 fossl,
1457 750 1512 799 et
1531 758 1629 813 per
1666 743 1999 798 tentationes

2106 555 2302 610 Πολλοὶ
2338 554 2468 627 γὰρ,
2519 557 2578 609 ὲν
2619 555 2771 628 αὐτῷ
2813 557 2892 629 τῷ
2918 560 3069 631 γήρᾳ
3111 562 3564 632 μετανοήσαντες,
3597 564 3684 619 διὰ

2105 646 2338 717 θλίψεων
2374 665 2436 701 τε
2485 647 2806 718 σκαφέντες,
2842 651 2938 705 καὶ
2981 651 3069 705 διὰ
3101 653 3421 724 πειρασμῶν
3457 653 3686 727 δεξάμε-

2102 756 2185 814 νοι
2217 738 2441 813 κόπρια,
2471 739 2571 812 τὴν
2598 740 2796 814 ἀρετὴν
2813 743 3293 816 ἐκαρποφόρησαν.

420 846 640 907 recepto
688 844 952 902 stercore,
991 835 1229 890 fructum
1253 851 1437 903 suum,
1477 836 1735 890 virtutem
1769 835 2000 898 scilicet,
2041 834 2344 903 protulere.

491 950 718 1007 CvniLu
765 948 1037 1006 XXXVII.
1087 949 1269 1016 Quare
1320 950 1571 1005 Ecclesia
1626 957 1859 1004 vocatur
1907 947 2004 1004 Ec-

422 1044 613 1110 clesia,
639 1050 695 1100 et
718 1059 888 1115 quare
923 1042 1127 1098 dicitur
1162 1044 1481 1133 catholica?

499 1142 663 1216 Resp.
707 1159 953 1217 Ecclesia
992 1160 1212 1242 quidem
1254 1160 1480 1223 dicitur,
1529 1167 1817 1237 prapterea
1853 1159 2000 1230 quod

421 1260 726 1306 evocantur
759 1267 982 1318 omnes;
1024 1252 1296 1307 catholica
1348 1267 1498 1317 vero,
1536 1259 1827 1324 propterea
1852 1252 2000 1325 quod

420 1354 520 1409 per
543 1347 717 1396 totum
748 1341 1013 1397 mundum
1049 1343 1247 1400 diﬂ‘usa
1274 1344 1364 1421 sit.

503 1451 728 1518 Quaest.
762 1452 1050 1518 XXXVIII.
1098 1454 1253 1511 Unde
1282 1455 1486 1511 dicitur
1516 1455 1780 1512 haeresis?

493 1570 658 1627 lisse.
712 1571 799 1627 Ab
836 1586 902 1627 eo
926 1571 1070 1642 quod
1097 1572 1227 1641 quis,
1250 1571 1414 1642 eligat
1437 1580 1491 1627 et
1526 1578 1860 1641 exsequatur
1884 1585 2005 1626 sen-

422 1664 652 1719 tentiam
683 1679 841 1720 suam
870 1663 1173 1733 propriam.

491 1752 825 1810 Psoposmo
864 1752 1108 1829 XXXIX.
1156 1773 1176 1806 ι
1205 1754 1370 1812 Orate
1416 1771 1487 1812 ne
1527 1753 1654 1827 fuga
1696 1763 1878 1813 vestra
1907 1755 1999 1810 ﬁat

422 1845 479 1901 ln
511 1846 713 1911 hieme,
742 1845 830 1900 vel
856 1847 913 1900 in
942 1847 1171 1902 sabbato
1191 1847 1260 1902 ⁸⁸.
1292 1867 1311 1900 ι

494 1939 849 1997 Εινιιολτιο.
892 1939 1202 1998 Notandum
1233 1943 1381 2014 quod
1428 1944 1660 1999 hiemem
1695 1942 1841 1999 Deus
1886 1958 1999 1997 non

421 2032 639 2088 fecerit.
679 2031 958 2104 Scriptum
1003 2041 1090 2090 est
1130 2036 1273 2090 enim
1301 2055 1316 2091 :
1348 2055 1368 2087 ι
1396 2035 1664 2091 Αξῖειθιεηι
1709 2043 1764 2090 et
1803 2051 1900 2090 ver
1939 2045 1999 2091 tu

423 2122 711 2193 plasmasti
737 2138 802 2179 ea
821 2125 891 2180 ".
928 2142 947 2176 ι
981 2122 1192 2195 Fugere
1216 2140 1345 2182 vero
1365 2127 1499 2180 dicit
1534 2142 1658 2182 cum
1694 2126 1876 2180 anima
1905 2142 1997 2181 sc-

423 2221 654 2284 paratur
698 2232 728 2269 u
768 2230 1020 2286 corpore.
1055 2214 1301 2272 Hiemem
1347 2226 1530 2271 autem
1559 2226 1784 2288 peccata
1814 2225 1995 2283 vocat,

422 2311 480 2361 et
510 2302 810 2361 Sabbatum
855 2307 1163 2376 incuriam;
1202 2323 1282 2364 vae
1326 2315 1510 2364 autem
1546 2310 1743 2365 animae
1783 2311 1838 2365 in
1868 2325 1999 2382 pec-

423 2404 572 2463 cato,
599 2397 856 2453 socordia
885 2404 942 2454 et
971 2398 1304 2470 negligentia
1329 2401 1661 2459 constituta.

493 2488 633 2544 Am
665 2504 980 2547 Ριιοιιοειιιο
1003 2488 1118 2546 XI...
1164 2508 1184 2543 ι
1214 2488 1475 2562 Lapidem
1494 2532 1511 2560 ,
1546 2506 1708 2563 quem
1738 2492 2002 2564 reproba-

422 2587 558 2635 runt
585 2580 1004 2638 aediﬁcantes”.
1037 2601 1059 2635 ι

497 2668 855 2727 Expucnro.
901 2671 1069 2742 Lapis
1112 2671 1203 2728 ille
1232 2669 1486 2729 Christus
1516 2681 1624 2738 est,
1654 2688 1817 2745 quem
1849 2673 2000 2730 Scri-

423 2761 530 2827 bat,
562 2759 825 2823 Pharisaei
859 2770 918 2819 et
967 2763 1213 2821 seniores
1255 2762 1472 2823 Judaici
1509 2764 1694 2837 populi
1737 2765 2001 2836 reproba-

423 2860 579 2920 runt,
619 2862 675 2912 et
696 2854 875 2912 factus
906 2863 996 2912 est
1035 2865 1200 2927 caput
1235 2855 1493 2914 Ecclesiae
1543 2857 1808 2929 gentium.
1841 2857 1999 2925 Quod

422 2951 652 3016 propter
683 2945 942 3002 unionem
983 2953 1037 3001 et
1066 2961 1395 3003 consensum
1434 2946 1582 3013 ﬁdei,
1623 2947 1718 3018 qui
1741 2954 1825 3002 est
1856 2947 1999 3002 inter

422 3044 640 3108 gentes,
679 3037 906 3095 dicitur.
937 3037 1077 3105 Quia
1125 3054 1360 3109 namque
1402 3040 1608 3110 posteri
1648 3055 1775 3095 cum
1821 3039 2000 3109 genti-

2177 949 2448 1021 Κυρίλλου
2475 949 2573 1015 λζ’.
2601 948 2700 1003 Διὰ
2721 949 2827 1020 τίή
2863 949 3157 1022 Ἐκκλησία
3177 951 3421 1004 καλεῖται
3455 951 3685 1025 Ἐκκλη-

2108 1040 2220 1106 σία,
2253 1043 2347 1096 καὶ
2378 1041 2467 1096 διὰ
2495 1043 2550 1096 τί
2570 1042 2868 1114 καθολική;

2189 1158 2379 1233 Ἀπόκ.
2448 1157 2742 1228 Ἐκκλησία
2784 1158 2901 1228 μὲν,
2929 1157 3017 1211 διὰ
3067 1157 3130 1211 τὸ
3179 1158 3387 1221 πάντας
3432 1158 3684 1212 ἐκκαλεῖ-

2107 1252 2267 1305 σθαι·
2318 1249 2581 1323 καθολικὴ
2608 1250 2686 1316 δὲ,
2716 1251 2853 1304 διότι
2885 1249 3116 1305 καθόλου
3147 1249 3241 1304 τοῦ
3285 1251 3493 1324 κόσμου
3525 1268 3686 1322 κεχυ-

2109 1341 2244 1413 μένη
2272 1341 2527 1414 ὑπάρχει.

2188 1455 2491 1528 Ἐρώτησις
2521 1457 2625 1529 λη’.
2658 1455 2830 1510 Πόθεν
2857 1455 3075 1526 λέγεται
3100 1456 3341 1528 αἴρεσις;

2184 1571 2373 1625 Ἀπόκ.
2422 1570 2556 1624 Ἀπὸ
2585 1569 2681 1624 τοῦ
2711 1568 2985 1642 αἱρεῖσθαί
3006 1587 3059 1623 τι
3088 1568 3219 1623 ἴδιον
3251 1569 3347 1623 καὶ
3395 1567 3555 1622 τοῦτο
3601 1569 3685 1633 ὲξξ

2099 1662 2436 1717 ακολουθεῖν.

2170 1754 2445 1826 Κείμενον
2480 1755 2578 1810 λθν.
2631 1775 2651 1807 ι
2683 1754 2946 1827 Εὔχεσθε,
2988 1755 3075 1809 ἵνα
3106 1754 3181 1827 μὴ
3221 1770 3445 1825 γενηται
3473 1755 3508 1824 ή
3538 1752 3688 1825 φυγὴ

2099 1848 2252 1920 ὑμῶν
2276 1850 2335 1902 ὲν
2356 1847 2603 1920 χειμῶνι,
2627 1847 2661 1920 ἢ
2685 1850 2743 1902 ὲν
2773 1847 3047 1926 σαϐϐάτῳ.
3079 1867 3099 1899 ι
3639 1829 3648 1840 ’

2184 1926 2500 2011 Ἐρμηνεία.
2550 1940 2919 2013 Σημειωτέον,
2956 1941 3040 1993 ὅτι
3083 1937 3270 2003 ὁΘεδς
3314 1936 3559 2009 χειμῶνα
3584 1936 3688 1992 οὐκ

2101 2033 2347 2105 ἐποίησε.
2378 2033 2693 2104 Γέγραπται
2727 2033 2867 2105 γάρ·
2910 2050 2929 2083 ι
2962 2031 3131 2106 Θέρος
3166 2032 3262 2086 καὶ
3289 2031 3388 2104 ἔαρ
3420 2033 3485 2085 σὺ
3524 2030 3688 2085 ἐπλα-

2103 2142 2202 2189 σας
2225 2124 2390 2179 αὑτά.
2417 2145 2436 2178 ›
2487 2127 2684 2194 Φυγεϊν
2722 2125 2780 2179 δὲ
2808 2124 2979 2193 λέγει,
3022 2124 3221 2178 ὁπόταν
3247 2126 3280 2195 ή
3322 2123 3469 2195 ψυχὴ
3496 2125 3562 2177 ὲκ
3588 2121 3687 2177 τοῦ

2103 2215 2358 2288 σώματος
2388 2217 2701 2290 χωρίζεται.
2746 2216 3006 2287 Χειμῶνα
3039 2216 3097 2269 δὲ
3135 2215 3236 2291 τὰς
3271 2215 3547 2287 ἁμαρτίας
3586 2232 3689 2270 κα-

2101 2308 2217 2361 λεῖ·
2271 2308 2542 2363 σάϐϐατον
2592 2307 2651 2361 δὲ
2697 2307 2795 2380 τὴν
2844 2307 3131 2378 ἀμέλειανο
3181 2303 3276 2360 καί
3305 2307 3428 2361 οὐαὶ
3473 2307 3577 2378 τὴν
3623 2307 3690 2361 ὲν

2101 2399 2348 2472 ἁμαρτίᾳ
2375 2399 2471 2454 καὶ
2492 2381 2701 2470 ἀθυμίᾳ
2731 2399 2827 2453 καὶ
2859 2397 3088 2470 ἀμελείᾳ
3108 2397 3311 2470 ψυχήν.

2175 2474 2402 2563 Ἕτερον
2442 2490 2694 2562 κείμενον
2730 2496 2804 2562 μ’.
2846 2508 2866 2542 ι
2901 2472 3065 2570 Λίθον
3103 2488 3163 2543 ὃν
3195 2481 3609 2559 ἀπεδοκίμασαν
3633 2487 3686 2542 οἱ

2101 2581 2530 2655 οἰκοδομοῦντες.
2564 2602 2584 2634 ι
3476 2598 3484 2607 -

2187 2675 2508 2747 Ἑρμηνεία.
2536 2673 2699 2738 Λίθος
2725 2676 2753 2729 6
2785 2675 3044 2746 Χριστὸς,
3085 2676 3236 2741 ὅστις
3267 2675 3687 2751 ἀπεδοκιμάσθη

2104 2764 2211 2818 ὑπὸ
2254 2763 2362 2818 τῶν
2410 2764 2786 2837 γραμματέων
2830 2766 2927 2843 καὶ
2954 2765 3263 2839 Φαρισαίων
3305 2768 3401 2843 καὶ
3441 2767 3689 2843 πρεσϐυ-

2104 2855 2277 2928 τέρων
2303 2854 2399 2909 τοῦ
2425 2854 2558 2910 λαοῦ
2586 2856 2697 2910 τῶν
2736 2839 3025 2920 Ἰουδαίων,
3056 2854 3173 2912 ’καὶ
3206 2840 3435 2926 ἐγένετο
3472 2839 3685 2929 κεφαλὴ

2103 2946 2202 3015 τῆς
2238 2944 2562 3017 Ἐκκλησίας
2581 2945 2691 3001 τῶν
2712 2944 2901 2999 ἐθνῶν.
2933 2948 3003 3022 Ὀ,
3018 2945 3237 3016 λέγεται
3256 2946 3343 3022 διὰ
3365 2946 3427 3000 τὸ
3451 2930 3688 3019 συγκρα-

2101 3040 2216 3090 τετν
2243 3039 2301 3091 ὲν
2328 3039 2395 3109 τῇ
2426 3037 2607 3092 πίστει
2631 3039 2712 3101 εἰς
2735 3038 2863 3109 μίαν
2889 3032 3149 3113 ὁμόνοιαν⁴
3170 3040 3239 3092 τὰ
3269 3039 3419 3117 ἔθνη.
3462 3041 3685 3117 Ἐπειδὴ

424 3131 582 3193 lium,
620 3136 738 3185 tum
782 3130 948 3185 etiam
989 3127 1305 3185 Juilaaorum
1343 3129 1694 3186 crediderunt
1734 3130 1790 3184 in
1835 3128 1997 3184 Chri-

2119 3130 2213 3202 γὰρ
2234 3130 2303 3184 τὰ
2322 3130 2564 3199 ἀπόγονα
2589 3130 2697 3185 τῶν
2731 3130 2997 3202 Ἑλλήνων
3031 3131 3256 3185 καὶτῶν
3295 3132 3567 3186 Ἰουδαίων
3595 3151 3686 3187 πεο

424 3231 599 3287 stum,
629 3221 819 3292 anguli
847 3220 1268 3283 similitudinem
1297 3219 1467 3277 refert
1501 3221 1779 3287 Christus,
1816 3222 1911 3292 qui
1938 3223 2003 3277 il-

423 3315 606 3371 lorum
635 3321 887 3386 posteros
908 3313 1189 3382 copulavit
1209 3313 1264 3367 in
1290 3313 1414 3369 ﬁde.
1442 3310 1654 3369 Dicitur
1677 3329 1808 3370 vero
1836 3316 2000 3370 etiam

424 3407 535 3462 alio
553 3406 717 3461 modo
731 3404 984 3464 Christus
1004 3404 1144 3474 lapis
1165 3406 1463 3475 angularis.
1486 3404 1765 3476 Siquidem
1780 3406 2001 3477 quando

424 3499 768 3555 construitur
813 3499 1009 3555 domus
1048 3500 1253 3571 aliqua,
1302 3506 1512 3570 ponunt
1557 3499 1892 3555 azdiﬁcantes
1942 3499 2000 3555 in

426 3592 629 3663 angulo
654 3593 803 3647 muri-
830 3592 1063 3662 lapidem
1087 3593 1322 3662 ali-quem
1350 3606 1624 3646 summum
1661 3593 1996 3662 angularem,

426 3682 522 3756 qui
565 3682 826 3755 angulum
870 3683 928 3737 in
973 3681 1289 3740 summitate
1327 3681 1625 3737 contineat.
1677 3680 1828 3736 Talis
1870 3697 2002 3737 vero

425 3776 568 3846 lapis
602 3776 660 3832 in
685 3791 902 3832 summo
934 3776 1056 3831 loco
1090 3775 1233 3830 muri
1267 3773 1619 3838 constitutus,
1652 3788 1758 3827 una
1782 3772 2003 3842 copulat

427 3873 485 3923 et
518 3867 766 3923 continet
803 3867 943 3924 duos
974 3868 1233 3940 parietes.
1273 3865 1389 3922 Hoc
1437 3866 1604 3937 igitur
1649 3863 1810 3919 modo
1839 3863 2000 3918 Chri-

428 3971 551 4019 stus
588 3977 809 4033 quoque
839 3977 1090 4018 summus
1123 3946 1263 4033 lapis
1308 3956 1589 4030 angularis
1616 3959 1839 4022 dicitur,
1873 3959 2002 4029 quia

429 4054 485 4107 in
538 4067 711 4107 unum
753 4053 975 4124 copulat
1029 4052 1169 4109 duos
1213 4053 1352 4108 istos
1394 4040 2001 4123 populoszludaaorum

429 4144 683 4200 videlicet
706 4151 764 4200 et
792 4143 1078 4215 gentilium
1109 4144 1392 4215 populum,
1433 4152 1596 4216 atque
1621 4160 1741 4199 eam
1764 4145 1835 4200 ob
1866 4160 2000 4200 cau-

428 4248 550 4291 sam
580 4234 862 4306 angularis
891 4233 1030 4303 lapis
1058 4233 1239 4290 dictus
1267 4244 1370 4289 est.
1889 4225 1892 4228 ’

495 4408 719 4487 ρυεετ.
754 4409 899 4476 Quid
925 4416 1010 4471 est
1036 4416 1185 4481 quod
1216 4409 1363 4465 dixit
1387 4410 1640 4468 Christus
1661 4410 1931 4468 Petro...?
1988 4444 1997 4457 ι

2106 3221 2430 3274 πιστεύκασι
2459 3220 2537 3292 τῷ
2573 3220 2816 3293 Χριστῷ,
2852 3221 3134 3275 διὰ.τοῦτο
3162 3222 3337 3294 γωνίᾳ
3369 3223 3683 3294 ἀπεικάσθη

2104 3315 2198 3369 καὶ
2230 3317 2259 3368 6
2289 3315 2543 3386 Χριστὸς,
2586 3316 2667 3368 ὅτι
2705 3316 2833 3378 τοὺς
2872 3315 3064 3384 γόνους
3095 3316 3322 3369 ἐκείνων
3360 3315 3600 3387 συνῆψεν
3619 3318 3686 3369 -ὲν

2101 3409 2167 3478 τῇ
2204 3407 2401 3461 πίστει.
2433 3407 2665 3476 Λέγεται
2693 3408 2752 3461 δὲ
2782 3409 2875 3461 καὶ
2908 3407 3052 3461 κατὰ
3079 3407 3239 3462 ἄλλον
3270 3406 3395 3462 τινὰ
3424 3409 3631 3480 τρόπον
3658 3411 3687 3463 6

2102 3499 2337 3570 Χριστὸς
2371 3497 2518 3563 λίθος
2572 3499 3000 3570 ἀκρογωνιαῖος,
3040 3499 3264 3571 ἐπειδὴ,
3307 3501 3397 3553 ὅτε
3437 3499 3688 3562 κτίζεται

2101 3590 2267 3655 οἰκία,
2295 3589 2676 3662 προστιθέασιν
2697 3592 2744 3643 οἱ
2779 3590 3187 3662 οἰκοδομοῦντες
3207 3594 3265 3644 ὲν
3292 3594 3357 3662 τῇ
3390 3591 3568 3663 γωνίᾳ
3590 3592 3687 3644 τοῦ

2101 3682 2313 3754 τοίχους
2345 3682 2489 3737 λίθον
2519 3684 2934 3755 ἀκρογωνιαῖον,
2976 3683 3097 3755 ἦτοι
3123 3684 3216 3738 τὸν
3251 3683 3444 3754 έχοντα
3479 3684 3689 3752 γωνίαν

2102 3775 2161 3828 ὲν
2188 3776 2254 3845 τῇ
2284 3773 2431 3845 ἄκρᾳ
2461 3774 2646 3830 αὐτοῦ.
2683 3774 2874 3830 Πεσὼν
2913 3775 2972 3829 δὲ
3017 3779 3047 3829 6
3085 3775 3326 3839 τοιοῦτος
3359 3779 3417 3830 ὲν
3441 3779 3508 3847 τῇ
3538 3776 3691 3848 ἄκρᾳ

2101 3864 2196 3918 τοῦ
2234 3866 2467 3936 τοίχους,
2498 3866 2758 3920 συνάπτει
2783 3869 2878 3922 καὶ
2910 3870 3104 3938 κρατεῖ
3129 3866 3199 3921 τὰ
3228 3868 3320 3921 δύο
3338 3868 3490 3939 τοίχη
3524 3869 3587 3922 ἐν
3609 3868 3691 3938 τῷ

2105 3957 2240 4028 ἅμα.
2272 3957 2431 4012 Κατὰ
2455 3953 2549 4012 οὖν
2584 3957 2826 4012 τοιοῦτον
2860 3958 3063 4030 τρόπον
3094 3958 3313 4027 λέγεται
3352 3958 3449 4012 καὶ
3494 3960 3522 4010 6
3560 3958 3692 4028 Χρι-

2105 4049 2227 4113 στος
2255 4048 2400 4112 λίθος
2425 4049 2838 4120 ἀκρογωνιαϊος,
2871 4051 2953 4103 ὅτι
2994 4049 3198 4121 συνῆψε
3242 4050 3366 4113 τοὺς
3402 4048 3496 4102 δύο
3523 4047 3690 4112 λαοὺς

2102 4140 2160 4193 ὲν
2189 4138 2268 4209 τῷ
2302 4139 2439 4210 ἅμα,
2480 4140 2572 4192 τὸν
2604 4156 2666 4192 τε
2703 4139 2832 4193 λαὸν
2872 4139 2982 4195 τῶν
3044 4139 3314 4194 Ἰουδαίων
3355 4139 3449 4193 καὶ
3494 4138 3590 4192 τὸν
3627 4137 3694 4204 ἐξ

2102 4230 2273 4285 ἐθνῶν
2296 4247 2311 4262 ·
2368 4225 2464 4285 καὶ
2509 4230 2600 4285 διὰ
2647 4219 2805 4285 τοῦτο
2853 4231 3001 4314 λίθος
3046 4232 3438 4304 ἀκρογωνιαῖος
3469 4230 3694 4302 ὠνόμα-

2105 4338 2246 4376 σται.

2186 4413 2377 4486 Ἐρώτ.
2419 4415 2485 4468 Τί
2507 4416 2654 4469 ἐστιν
2687 4415 2716 4468 6
2739 4415 2962 4487 εἴρηκεν
2982 4414 3262 4486 ὀΧριστὸς
3286 4414 3363 4486 τῷ
3383 4414 3647 4486 Πέτρῳ...
3673 4431 3690 4477 ;

1737 4550 1841 4605 Hic
1872 4551 2061 4607 desunt
2086 4549 2350 4622 quaedam.

424 4686 625 4752 turbae,
655 4692 711 4741 et
738 4692 991 4741 tenentes
1017 4685 1303 4742 Christum
1331 4688 1389 4742 in
1420 4689 1602 4743 meuio
1637 4689 1748 4753 sui,
1780 4689 1997 4759 incipie-

2119 4690 2326 4754 ιοῦντες
2353 4691 2406 4742 οἱ
2434 4688 2604 4759 ὄχλοι,
2646 4689 2741 4741 καὶ
2776 4689 2940 4760 μέσον
2973 4688 3151 4743 αὐτῶν
3187 4688 3402 4760 ἔχοντες
3425 4689 3518 4742 τὸν
3551 4690 3693 4760 Χρι-

423 4779 560 4834 bant
585 4778 819 4833 latenter
840 4793 871 4832 a
899 4786 1051 4849 tergo
1074 4780 1195 4850 ejus
1225 4780 1416 4852 aliqui,
1449 4788 1504 4836 et
1525 4782 1819 4852 pulsabant
1852 4798 1998 4851 eum,

425 4878 522 4925 aut
573 4870 986 4942 interrogabant
1013 4886 1159 4936 eum,
1205 4872 1297 4927 alii
1340 4874 1769 4930 tentanteszbic
1814 4876 1997 4943 nobis,

424 4976 609 5018 nonne
626 4963 828 5033 aliquis
838 4962 907 5018 de
923 4963 1126 5033 populo
1144 4964 1283 5018 clam
1301 4970 1356 5019 te
1373 4965 1646 5033 percussit
1660 4965 1749 5021 ?et
1768 4967 1816 5022 si
1830 4968 1997 5032 nosti,

423 5053 767 5126 prophetiza,
791 5061 848 5110 et
869 5055 1124 5125 loquere:
1147 5065 1392 5112 monstra
1416 5057 1579 5113 nobis
1599 5073 1721 5112 eum
1743 5073 1808 5113 ex
1838 5059 1999 5114 turba

423 5147 519 5216 qui
565 5156 621 5202 te
657 5146 988 5210 verberavit,
1034 5154 1090 5203 et
1132 5163 1529 5220 cognoscemus
1586 5151 1843 5222 quoniam
1875 5166 2002 5222 pro-

424 5234 588 5305 pheta
612 5250 673 5291 es
703 5243 783 5289 tu.

494 5288 666 5400 ἐκέ
689 5328 911 5395 ρυιετ.
956 5328 1095 5386 xu.
1127 5328 1398 5397 Quidnam
1428 5288 1516 5387 εει
1545 5330 1679 5387 illud
1714 5351 1728 5388 ε
1768 5351 1788 5385 ‹
1826 5332 1892 5386 Et
1918 5333 2004 5387 in-

423 5421 627 5476 clinato
671 5422 848 5492 capite
878 5421 1102 5478 tradidit
1149 5423 1401 5492 spiritum
1429 5424 1520 5479 “?
1550 5444 1569 5477 ι
1625 5424 1761 5478 Nam
1810 5440 2001 5481 omnes

424 5511 761 5577 moribundi,
781 5513 1096 5573 moriuntur
1115 5514 1371 5584 primum,
1394 5523 1448 5571 et
1463 5522 1576 5571 tum
1600 5516 1819 5571 demum
1845 5516 2001 5571 incli-

426 5603 776 5673 uantcapua.

497 5760 544 5803 ιι
584 5759 775 5823 Matth.
811 5778 959 5833 xxiv,
994 5764 1085 5818 20.

1165 5766 1210 5800 "
1249 5764 1396 5822 Psal.
1433 5780 1638 5833 tum,
1675 5766 1763 5820 1⁵1.
1843 5764 1887 5799 ⁶⁰
1925 5763 2069 5820 Psal.
2103 5778 2281 5833 cxvn,
2315 5764 2406 5819 (ΞΩ.

2107 4783 2230 4836 στὸν
2281 4783 2513 4854 ἡρχοντο
2570 4780 2831 4852 κρυπτῶς
2886 4781 3112 4836 ΰπισθεν
3161 4781 3330 4834 αι’)τοῦ
3370 4798 3537 4845 τινες,
3593 4783 3693 4836 καὶ

2104 4876 2331 4948 ἐκρουον
2362 4876 2544 4942 αὑτὸν,
2582 4875 2616 4946 ἦ
2655 4873 2886 4948 ἠρώτων
2914 4875 3074 4930 αὐτὸν
3106 4873 3256 4929 ἄλλοι
3276 4872 3690 4952 δοκιμάζοντες,

2105 4967 2242 5021 Εἰπὲ
2267 4968 2426 5038 ἡμῖν,
2453 4960 2565 5036 ἄρα
2592 4964 2677 5029 τίς
2708 4964 2873 5036 ἐτυψέ
2911 4981 2971 5017 σε
2999 4965 3064 5018 ὲκ
3101 4963 3194 5016 τοῦ
3239 4951 3370 5017 λαοῦ
3402 4951 3690 5036 κρυφίωςς

2107 5058 2202 5113 καὶ
2231 5057 2327 5111 ἐὰν
2366 5052 2534 5122 οἶδας,
2580 5056 2961 5128 προφήτευσον
3007 5055 3104 5109 καὶ
3139 5055 3296 5131 είπέ’
3336 5055 3509 5128 δεῖξον
3553 5058 3693 5128 ἡμῖν

2106 5151 2173 5203 ὲκ
2204 5150 2298 5203 τοῦ
2339 5148 2498 5219 δχλου
2537 5147 2629 5202 τὸν
2658 5146 2906 5217 «suam
2942 5164 3036 5215 σε,
3077 5147 3174 5201 καὶ
3215 5147 3560 5218 γνωσόμεθα,
3605 5149 3692 5202 ὅτι

2106 5243 2394 5313 προφήτης
2423 5236 2474 5294 εἷ
2507 5240 2593 5293 σύ.

2422 5330 2532 5402 μα’.
2588 5333 2655 5386 Τί
2702 5320 2853 5386 ἐστι*
2885 5350 2904 5383 ι
2932 5332 3042 5386 Καὶ
3074 5331 3262 5396 κλίνας
3296 5330 3395 5401 τὴν
3441 5330 3695 5403 κεφαλὴν

2107 5426 2396 5500 παρέδωκε
2421 5425 2482 5479 τὸ
2516 5424 2768 5497 πνεῦμας
2801 5445 2820 5478 ι
2851 5425 2962 5479 Καὶ
2988 5424 3096 5497 γὰρ
3123 5426 3322 5505 πάντες
3343 5428 3393 5491 οἱ,
3424 5404 3694 5495 θνήσᾷςον-

2105 5533 2199 5580 τες
2231 5515 2447 5588 πρῶτον
2487 5517 2800 5586 τελευτῶσι,
2833 5518 2928 5571 καὶ
2967 5517 3110 5571 οὕτω
3148 5516 3246 5581 τὰς
3276 5516 3484 5577 ἑαυτῶν
3510 5533 3693 5588 κεφα-

2106 5608 2207 5673 λὰς
2238 5607 2527 5665 κλίνοδησιν.

2489 5766 2529 5797 ⁶¹
2572 5764 2728 5835 Joan.
2763 5783 2886 5832 xxx,
2926 5766 3011 5831 30,
