3852 6192
213 251 321 310 Ἱέὄ

1571 243 2032 318 ρυΑῖεΤιοΝΕε
2065 242 2130 297 IN
2165 243 2230 298 N.
2275 241 2339 295 Τ.

3352 230 3452 288 ’126

301 369 493 424 ’Δπόκ.
533 369 748 441 Ἐπειδὴ
780 351 960 426 πάντα
997 349 1241 423 ἐτέλεσεν
1273 368 1303 420 6
1347 365 1552 439 Κύριος
1595 365 1664 418 τὰ
1702 381 1792 435 γε-

1963 360 2126 416 Rssr.
2157 358 2424 426 Quoniam
2452 370 2642 411 omnes
2674 353 2986 426 Scripturas
3009 351 3261 409 Christus
3284 351 3456 406 adim-

215 462 536 534 γραμμένα,
558 461 661 532 τὴν
700 462 998 532 σάρκωσιν,
1036 460 1135 532 τὴν
1170 460 1442 532 γέννησιν,
1468 459 1568 530 τὴν
1598 457 1790 528 βάπτι-

220 568 330 614 σιν,
360 551 462 623 τὴν
485 550 595 612 τῶν
625 551 866 623 σημείων
895 551 1176 616 ἐπίδειξιν,
1197 553 1296 622 τῆς
1324 550 1670 612 διδασκαλίας
1692 549 1789 620 τὴν

219 644 527 714 ἐνέργειαν,
553 643 664 697 τῶν
690 644 944 716 μαθητῶν
964 645 1062 717 τὴν
1081 645 1370 707 οἰκείωσιν,
1387 642 1455 697 τὰ
1478 641 1790 714 ἀνθρώπινα

221 733 421 799 πάντα,
449 734 510 787 τὸ
542 735 733 801 πάθος,
768 735 870 806 τὴν
904 736 1228 808 σταύρωσιν,
1259 736 1386 799 τοὺς
1419 733 1786 806 ἐμπαιγμοὺς,

219 827 319 891 τὰς
348 826 582 898 τρώσεις
620 827 728 882 τῶν
770 828 947 900 ἥλων,
980 828 1119 900 μετὰ
1151 829 1212 882 τὸ
1261 827 1547 899 πληρῶσαι
1594 825 1788 890 ταῦτα,

222 918 368 990 ᾇπερ
408 919 521 972 ἔδει
561 919 781 975 παθεῖν·
837 921 1083 974 ἐλείπετο
1116 921 1276 992 μόνον
1320 922 1349 974 6
1391 920 1637 982 θάνατος.
1680 918 1792 972 Καὶ⁸

223 1007 390 1078 φοϐού
399 1026 558 1080 μενος
585 1010 685 1063 οὐκ
711 1010 916 1082 ἐτόλμα
937 1011 1296 1081 προσεγγίσαι
1319 1009 1468 1079 αύτῷ
1486 1027 1499 1040 °
1525 1009 1615 1062 διὰ
1635 1009 1792 1062 τοῦτο

222 1100 433 1155 ἔκλινεν
463 1103 745 1174 όΧριστδς
766 1102 864 1173 τὴν
889 1102 1150 1175 κεφαλὴν,
1186 1102 1404 1174 κράζων
1434 1102 1616 1158 αὐτόν.
1651 1101 1792 1163 Ἕως

224 1193 336 1264 γὰρ
367 1193 442 1264 μὴ
470 1194 647 1250 ἔκλινε
674 1195 776 1266 τὴν
802 1195 1062 1265 κεφαλὴν,
1087 1197 1188 1249 οὐκ
1211 1195 1410 1264 ἐτόλμα
1433 1193 1793 1266 προσεγγίσαι

225 1284 393 1355 αὐτῷ.
425 1285 525 1338 Διὰ
556 1286 711 1340 τοῦτό
740 1303 902 1356 φησιν
924 1289 952 1340 ὁ
982 1287 1371 1359 εύαγγελιστὴς
1389 1303 1402 1317 ·
1429 1305 1448 1338 t
1471 1287 1584 1339 Καὶ
1611 1285 1795 1349 κλίνας

224 1377 324 1446 τὴν
353 1378 594 1450 κεφαλὴν
616 1379 895 1450 παρέδωκε
917 1379 978 1432 τὸ
1005 1379 1238 1449 πνεῦμα.
1267 1397 1286 1429 ι

309 1467 500 1540 Ἐρώτ.
548 1468 656 1539 μβ’.
708 1469 863 1534 Τίνος
912 1471 1070 1541 χάριν
1111 1468 1452 1542 ἐκραύγασεν
1489 1471 1518 1523 6
1562 1467 1796 1540 Χριστὸς

225 1561 320 1614 ἐπὶ
349 1561 445 1614 τοῦ
478 1563 712 1634 σταυροῦ
740 1567 890 1634 φωνῇ
925 1563 1166 1637 μεγάλῃ;
1194 1582 1197 1583 ⁷

324 1654 504 1715 Απόκ.
536 1656 652 1709 Ἵνα
693 1655 839 1728 δείξῃ
874 1655 970 1726 τὴν
1011 1655 1241 1727 δύναμιν
1269 1655 1456 1720 αὐτοῦ,
1500 1656 1592 1708 καὶ
1634 1655 1798 1723 ἐκφο-

324 1759 372 1794 m
400 1746 524 1794 τοὺς
553 1745 858 1794 Ἰουδαίους.
887 1747 980 1794 καὶ
1001 1747 1136 1794 πρὸς
1161 1747 1342 1794 πίστιν
1374 1747 1665 1794 εἰσαγάγῃ.
1691 1745 1800 1794 Καὶ

1968 1654 2130 1696 uas».
2165 1654 2232 1696 Ut
2252 1656 2408 1696 suam
2433 1654 2736 1697 declararet
2763 1654 3083 1710 potentiam,
3105 1654 3321 1694 Judaeos
3344 1654 3467 1708 per-

1918 1729 2274 1794 ;erret‘aceret,
2313 1741 2367 1787 et
2400 1731 2468 1784 ad
2497 1730 2656 1785 ﬁdem
2683 1730 2992 1785 adduceret.
3027 1726 3153 1782 Haec
3186 1726 3334 1782 enim
3365 1740 3470 1781 vox

227 1743 375 1817 ϐήσῃ
400 1746 524 1808 τοὺς
553 1745 858 1810 Ἰουδαίους,
887 1747 1136 1818 καὶπρὸς
1161 1747 1342 1801 πίστιν
1374 1747 1665 1820 εἰσαγάγῃ.
1691 1745 1800 1799 Καὶ

227 1834 338 1904 γὰρ
371 1837 420 1910 ἠέ
438 1834 590 1906 φωνὴ
614 1835 750 1906 αῦτη
783 1836 882 1900 τὰς
911 1836 1116 1908 πέτρας
1149 1836 1405 1907 διέσχισε,
1429 1839 1524 1891 καὶ
1549 1838 1612 1891 τὸ
1637 1855 1802 1892 κατα-

231 1925 497 1995 πέτασμα
532 1926 625 1989 τοῦ
659 1925 788 1981 ναοῦ
837 1928 928 1980 καὶ
965 1927 1186 1998 ἔρρηξε,
1225 1929 1324 1999 τὴν
1355 1929 1458 1998 γῆν
1494 1946 1554 1982 τε
1601 1929 1800 1993 ἔσεισε,

230 2017 332 2080 καὶ
367 2016 435 2082 τὰ
465 2021 702 2088 μνημεῖα
731 2017 953 2088 ἀνέῳξε.
991 2019 1099 2072 Καὶ
1124 2018 1244 2072 οὐδὲ
1269 2017 1442 2083 οὕτως
1480 2020 1716 2090 συνῆκαν
1753 2021 1803 2072 οἱ

228 2106 550 2181 ἀγνώμονες
589 2109 855 2164 Ἰουδαῖοι.
1574 2175 1580 2181 _

315 2199 510 2271 Ἐρώτ.
546 2207 656 2271 μγ’.
711 2200 834 2264 Πῶς
875 2196 1071 2272 εἶδενὴ
1098 2201 1284 2271 Μαρία
1321 2201 1412 2256 τὸν
1455 2202 1679 2274 Κύριον,
1710 2205 1805 2257 καὶ

230 2291 372 2364 ποίῳ
399 2292 620 2363 τρόπῳ;
656 2293 902 2364 Καὶ-γάρ
941 2293 1124 2354 ἵστατο
1158 2293 1420 2348 κλαίουσα
1453 2296 1511 2347 ἐν
1538 2294 1616 2365 τῷ
1669 2313 1805 2366 μνη-

234 2384 376 2455 μείῳ
421 2383 733 2456 ἔμπροσθεν,
757 2384 864 2439 τῶν
904 2385 1148 2453 ἀγγέλων
1199 2385 1507 2456 σκυθρωπῷ
1553 2386 1631 2458 τῷ
1663 2387 1803 2457 ἤθει,

234 2475 332 2531 καὶ
370 2476 604 2544 κατηφεῖ
645 2476 711 2544 τῇ
754 2473 869 2544 θέᾳ.
902 2474 1026 2537 Πῶς
1052 2469 1145 2527 οὖν
1198 2471 1336 2527 εἶδεν
1382 2475 1544 2529 αὐτὸν
1585 2475 1805 2530 ὄπισθεν

234 2566 406 2636 αρτῆς
436 2565 839 2638 περιπατοῦντα
862 2567 956 2619 καὶ
986 2566 1311 2637 ἐρχόμενον;

317 2659 509 2723 Ἀπόκ.
539 2659 692 2730 Ἔχει
719 2659 776 2712 δὲ
803 2658 994 2723 οὕτως,
1035 2660 1117 2713 ὅτι
1157 2660 1476 2726 ἐκαθέζοντο
1508 2663 1556 2715 οἱ
1588 2661 1808 2731 ἄγγελοι

232 2749 544 2822 ἔμπροσθεν
567 2750 759 2820 αὐτῆς,
777 2751 871 2804 καὶ
904 2750 1130 2804 ἔϐλεπον
1152 2752 1243 2805 τὸν
1264 2752 1496 2824 Χριστὸν
1517 2754 1809 2825 ἐρχόμενον

230 2842 412 2896 ὀπίσω
433 2842 605 2912 αὐτῆς
624 2858 637 2871 °
673 2842 852 2915 ἐκείνη
903 2843 961 2896 δὲ
993 2843 1166 2898 ὀπίσω
1205 2845 1376 2916 αὐτῆς
1426 2845 1524 2917 οὐχ
1555 2845 1732 2918 ἐώρα·
1760 2849 1809 2901 οἰ

233 2935 294 3000 δὲ
321 2935 542 3004 ἄγγελοι
597 2935 948 3008 καθεζόμενοι
991 2936 1299 3003 ἐξεναντίας
1327 2939 1497 3011 αὐτῆς
1543 2938 1808 3011 ἐθεώρουν

1890 452 2150 522 pleverat,
2192 449 2644 514 incarnationem,
2691 447 3050 513 nativitatem,
3101 445 3454 516 baptismum,

1891 545 2170 612 signorum
2246 541 2779 604 manifestationem,
2853 539 3128 596 efﬁcacem
3197 538 3460 593 doctrinae

1890 633 2346 705 praedicationem,
2386 632 2810 687 familiaritatem
2847 647 2971 686 cum
3016 631 3319 702 discipulis,
3357 631 3461 686 hu-

1890 739 2051 780 mana
2071 723 2302 794 denique
2318 723 2518 787 omnia,
2542 721 2872 792 passionem,
2891 736 3133 786 crucem,
3155 721 3458 784 illusiones,

1889 817 2112 874 vulnera
2144 817 2446 884 clavorum;
2477 815 2618 881 istis,
2659 815 2898 887 inquam,
2926 813 3177 870 omnibus
3203 812 3459 882 impletis,

1891 924 2012 979 quae
2039 909 2148 979 pati
2176 909 2457 976 debuerat,
2481 909 2598 964 sola
2623 922 2773 964 mors
2795 906 3037 962 restabat
3065 904 3262 959 adhuc.
3285 904 3462 974 Atque

1893 1001 2007 1056 hate
2039 1002 2256 1071 quidem
2285 1000 2390 1056 sibi
2432 1009 2701 1064 metuens,
2745 998 3182 1069 appropinquare
3212 1010 3326 1050 non
3365 1009 3463 1048 au-

1892 1093 2075 1161 debat,
2100 1093 2222 1149 ideo
2250 1093 2504 1149 Christus
2532 1092 2796 1147 inclinato
2821 1090 2999 1161 capite
3023 1089 3237 1144 vocavit
3258 1088 3457 1157 ipsam.

1893 1166 2033 1240 Nam
2051 1193 2340 1257 anmquam
2363 1192 2525 1256 caput
2550 1183 2905 1249 inclinasset,
2933 1182 3217 1239 verebatur
3237 1178 3464 1250 propius

1897 1277 2176 1334 accedere.
2207 1277 2353 1342 Ideo,
2402 1278 2582 1347 inquit-
2617 1275 2948 1348 evangelista
2980 1292 2996 1331 :
3031 1291 3050 1325 ‹
3086 1271 3154 1326 Et
3200 1272 3464 1327 inclinato

1896 1369 2075 1438 capite
2104 1369 2325 1423 tradidit
2357 1369 2630 1439 spiritum.
2665 1387 2683 1421 ι

1969 1457 2190 1524 ρυιεετ.
2221 1457 2384 1513 XLII.
2419 1458 2598 1524 Quare
2634 1471 2830 1529 magna
2862 1470 2996 1511 voce
3027 1453 3280 1511 clamavit
3303 1452 3465 1508 Chri-

1900 1558 2017 1605 stus
2047 1549 2102 1604 in
2131 1551 2336 1604 cruce?

1968 1640 2130 1696 Ιὶεερ.
2165 1642 2232 1696 Ut
2252 1656 2408 1696 suam
2433 1641 2736 1697 declararet
2763 1639 3083 1710 potentiam,
3105 1637 3321 1694 Judazos
3344 1652 3467 1708 per-

1901 1831 2084 1894 petras
2111 1821 2352 1888 discidit,
2382 1824 2560 1878 velum
2594 1823 2777 1893 templi
2807 1821 3064 1891 disrupit,
3097 1829 3301 1875 terram
3343 1833 3470 1874 sue-

1901 1913 2097 1980 cessit,
2127 1919 2183 1968 et
2220 1921 2560 1968 mortuorum
2587 1914 2838 1984 sepulcra
2867 1913 3096 1982 aperuit.
3151 1913 3229 1967 Ac
3273 1926 3344 1967 ne
3390 1909 3471 1966 sic

1903 1999 2121 2070 quidem
2151 2001 2538 2057 intellexerunt
2565 2003 2765 2073 ingrati
2797 1999 2989 2055 Judaei.

1977 2177 2196 2244 Qumsr.
2233 2177 2415 2234 XLIII.
2449 2178 2731 2246 Quomodo
2763 2179 2896 2234 vidit
2937 2178 3107 2234 Maria
3143 2177 3474 2234 Dominum?

1906 2269 2068 2326 Flens
2110 2271 2252 2326 enim
2285 2271 2342 2325 in
2389 2279 2742 2328 monumento
2792 2271 2974 2327 stabat
3019 2285 3204 2326 coram
3243 2270 3470 2341 angelis,

1909 2363 2052 2419 tristi
2083 2363 2236 2419 vultu
2269 2370 2324 2418 et
2376 2373 2601 2434 aspectu
2648 2363 2909 2420 demisso.
2965 2362 3251 2430 Quomodo
3306 2363 3474 2436 igitur

1907 2455 2041 2511 vidit
2069 2470 2215 2525 eum,
2241 2455 2334 2526 qui
2367 2470 2398 2510 a
2427 2463 2580 2527 tergo
2606 2455 2856 2512 veniebat
2882 2456 3280 2512 obambulans?

1980 2656 2144 2714 Resp.
2181 2656 2272 2714 Sic
2304 2673 2395 2714 res
2423 2659 2607 2716 habet.
2645 2659 2781 2715 Cum
2806 2661 2981 2732 angeli
3011 2660 3264 2716 sederent
3288 2659 3472 2716 Mariae

1909 2765 1977 2807 ex
2003 2749 2250 2816 adverso,
2292 2751 2646 2822 viderentque
2671 2750 2950 2807 Christum
2987 2766 3016 2805 a
3058 2759 3208 2822 tergo
3237 2751 3356 2821 ejus
3381 2766 3475 2807 ac-

1909 2841 2190 2898 cedentem
2216 2861 2230 2896 :
2258 2841 2352 2896 illa
2382 2841 2604 2910 quidem
2632 2848 2933 2900 retrorsum
2968 2855 3077 2897 non
3103 2841 3425 2912 respiciebat
3457 2861 3470 2897 :

1914 2933 2091 3004 angeli
2135 2947 2265 2988 vero
2307 2932 2560 2989 sedentes
2586 2949 2617 2988 e
2639 2933 2878 3004 regione,
2912 2934 3166 2990 viderunt
3194 2934 3474 2990 Christum

232 3027 329 3080 τὺν
357 3027 595 3098 Χριστὸν
648 3027 944 3099 ἐρχόμενον
996 3028 1172 3082 ὀπίσω
1201 3030 1371 3102 αὐτῆς
1396 3069 1411 3094 ,
1464 3031 1560 3084 καὶ
1610 3030 1807 3096 εὐθέως

1918 3038 1945 3078 a
1977 3031 2130 3094 tergo
2158 3024 2488 3089 venientem,
2521 3024 2815 3095 statimque
2861 3033 3242 3082 surrexerunt.
3273 3025 3478 3082 Videnti

233 3119 562 3191 ἀνέστησαν.
599 3119 801 3174 Ἰδοῦσα
825 3121 882 3174 δὲ
917 3122 950 3192 ἡ
978 3121 1115 3192 γυνὴ
1137 3123 1264 3185 τοὺς
1296 3121 1562 3191 ἀγγέλους
1597 3123 1812 3196 ἀποπη-

233 3209 507 3279 δήσαντας
530 3211 826 3284 ἐξεπλάγη,
855 3213 950 3265 καὶ
981 3207 1137 3277 αὖθις
1164 3214 1408 3286 ἐστράφη
1443 3215 1522 3278 εἰς
1544 3214 1612 3268 τὰ
1635 3215 1811 3269 ὀπίσω

239 3301 370 3370 ἰδεῖν
404 3301 787 3366 ντί-ἐθεάσαντο
822 3305 870 3356 οἱ
904 3303 1146 3372 ἄγγελοι,
1197 3305 1292 3358 καὶ
1336 3300 1473 3358 εἶδεν
1521 3306 1812 3377 ἐρχόμενον

235 3395 328 3448 τὸν
364 3395 591 3466 Ἰησοῦν.
627 3394 773 3466 Αὕτη
819 3396 965 3449 ἐστὶν
998 3396 1146 3449 αἰτία
1176 3396 1270 3448 τοῦ
1308 3396 1432 3450 ἰδεῖν
1466 3397 1564 3469 τὴν
1594 3398 1812 3470 Μαρίαν

237 3485 331 3540 τὸν
355 3485 562 3558 Κύριον
592 3487 926 3556 στραφεῖσαν
955 3487 1034 3548 είς
1060 3485 1129 3538 τὰ
1157 3485 1351 3540 ὀπίσω.

321 3576 516 3648 Ἐρώτ.
551 3578 652 3651 μδν.
695 3577 792 3631 Διά
825 3576 876 3630 τί
909 3579 938 3630 6
958 3577 1192 3648 Χριστὸς
1219 3581 1332 3642 τοῖς
1357 3577 1625 3650 μαθηταῖς
1647 3580 1811 3634 αὐτοῦ

237 3657 478 3749 ἐζήτησε
508 3669 647 3745 μετὰ
673 3670 771 3740 τὴν
815 3672 1110 3726 ἀνάστασιν
1142 3673 1356 3740 φαγεῖν,
1388 3672 1486 3741 οὐχ
1520 3672 1717 3743 εὑρέθη
1757 3673 1815 3727 δὲ

235 3761 427 3832 ἕτερον
460 3761 644 3832 μέρος,
673 3761 846 3833 ἀλλ’ἢ
893 3763 1051 3834 μόνον
1078 3761 1259 3833 ἰχθύος
1305 3761 1470 3815 ὀπτοῦ
1503 3763 1688 3833 μέρος,
1721 3766 1814 3818 καὶ

234 3855 348 3908 ἀπὸ
380 3853 658 3924 μελισσίου
687 3854 877 3926 κηρίον
903 3872 918 3921 ;

323 3947 517 4000 Ἀπόκ.
545 3946 703 4010 Τινὲς
734 3946 794 3999 τὸ
817 3947 925 4001 ἀπὸ
954 3948 1231 4018 μελισσίου
1262 3949 1453 4020 κηρίον
1482 3948 1616 4013 ἃλας
1636 3950 1816 4020 ἡρμή-

238 4053 436 4102 νευσαν
466 4031 636 4089 εἶναι·
672 4037 924 4109 φλυάρων
949 4038 1240 4108 μυθολογία
1273 4038 1445 4092 ταῦτα
1476 4040 1545 4093 τὰ
1575 4041 1813 4111 ῥήματα,

237 4129 314 4182 Τὸ
334 4128 584 4200 γὰράπὸ
610 4128 886 4199 μελισσίου
919 4129 1109 4202 κηρίον
1132 4133 1227 4184 καὶ
1262 4130 1441 4201 ἰχθύος
1461 4131 1626 4184 ὀπτοῦ
1655 4131 1817 4204 μέρος

235 4220 416 4275 ταῦτά
443 4222 581 4273 εἰσιν
608 4215 696 4273 οἷα
728 4220 874 4289 λέγει
906 4224 939 4293 ή
984 4223 1193 4292 Γραφή.
1225 4223 1376 4294 Ἔχει
1425 4223 1483 4276 δὲ
1517 4221 1817 4294 παράδοξόν

238 4330 362 4366 τινα
395 4312 693 4384 ἑρμηνείαν
729 4315 823 4366 καὶ
858 4313 1164 4384 βαθυτάτην
1199 4314 1292 4367 καὶ
1319 4314 1816 4385 ἁναγωγικωτάτην

239 4404 552 4477 ἀκρίϐειαν.
595 4407 656 4458 ὐ
707 4404 833 4468 νοῦς
885 4405 983 4476 τῆς
1021 4403 1379 4472 ἀναγνώσεως
1441 4408 1612 4476 ταύτῃ
1667 4405 1815 4460 ἐστὶν

240 4490 426 4558 οῦτοςο
471 4497 500 4548 6
557 4496 655 4567 μὲν
702 4496 855 4566 ἰχθὺς
895 4495 1284 4567 παρεικάζεται
1318 4498 1398 4560 εἰς
1446 4497 1544 4567 τὴν
1576 4496 1815 4568 σκληρὰν

239 4585 521 4658 διαγωγὴν
550 4586 658 4641 τῶν
684 4586 958 4658 ἀσκητῶν,
986 4586 1092 4640 τῶν
1129 4587 1485 4658 δαμασάντων
1509 4586 1607 4662 τὴν
1641 4586 1817 4658 σάρκα

240 4679 522 4749 νηστείαις
555 4679 649 4732 καὶ
685 4679 1011 4749 ἀγρυπνίαις
1044 4679 1138 4733 καὶ
1175 4681 1293 4742 ταῖς
1337 4679 1547 4740 λοιπαῖς
1574 4695 1819 4733 κακοπα-

243 4769 441 4834 θείαις,
491 4771 584 4824 καὶ
635 4770 1062 4842 σταυρωσάντων
1094 4773 1318 4834 ἑαυτοὺς
1360 4770 1436 4841 τῷ
1489 4771 1678 4841 κόσμῳ
1723 4771 1818 4824 καὶ

165 4931 170 4935 η
244 4865 366 4927 ταῖς
396 4862 630 4940 ἡδοναῖς,
661 4865 755 4918 καὶ
779 4864 1036 4935 ὑγρότησι
1059 4865 1151 4917 καὶ
1179 4867 1299 4928 ταῖς
1325 4866 1553 4936 τροφαῖς
1581 4861 1678 4916 τοῦ
1701 4863 1816 4934 βίου

244 4942 699 5026 ἀποταξαμένων,
745 4959 840 5010 καὶ
871 4960 938 5028 τῇ
984 4955 1240 5028 ξηρότητι
1288 4957 1514 5019 ἑαυτοὺς
1545 4956 1819 5026 δαμασάν-

242 5065 376 5111 των,
411 5049 506 5102 καὶ
535 5050 600 5119 τῇ
632 5048 906 5118 ἀσκητικῇ
931 5046 1034 5118 ὁδῷ
1061 5046 1466 5119 πορευομένων,
1515 5044 1696 5110 καθὼς
1735 5047 1821 5099 ἐν-

245 5139 487 5205 ετείλατο
528 5141 557 5193 6
601 5139 873 5212 Χριστός’
925 5157 946 5192 ι
985 5141 1044 5192 '0
1069 5138 1239 5192 θέλων
1268 5137 1367 5210 τὴν
1419 5139 1599 5212 ψυχὴν
1653 5135 1817 5206 αὐτοῦ

247 5234 422 5288 σῶσαι
450 5232 705 5286 ἀπολέσει
759 5231 950 5304 αὐτὴν,
989 5250 1008 5284 ›
1039 5232 1097 5286 ἐν
1148 5231 1424 5302 νηστείαις
1451 5230 1692 5302 δηλονότι
1727 5230 1822 5292 καί⁹

246 5327 600 5400 ἀγρυπνίαις,
629 5325 725 5380 καὶ
768 5328 888 5390 ταῖς
917 5325 1130 5388 λοιπαῖς
1160 5323 1570 5387 κακοπαθείαις.
1613 5323 1737 5386 Πῶς
1764 5323 1822 5376 δὲ

245 5419 642 5494 παρεικάζεται
674 5421 704 5473 ὀ
749 5419 899 5491 ἰχθὺς
931 5421 1008 5483 εἰς
1035 5417 1133 5489 τὴν
1166 5417 1416 5490 ἄσκησιν,
1453 5417 1486 5489 ἢ
1523 5416 1621 5488 τὴν
1659 5433 1821 5470 κακο-

247 5515 502 5580 πάθειαν,
526 5514 777 5569 ἄκουσον.
797 5511 1116 5585 Ἀνθρωπος
1137 5511 1320 5582 ὅμοιός
1343 5513 1457 5566 ἐστι
1479 5509 1570 5564 τοῦ
1609 5509 1787 5582 ἰχθύος
1803 5526 1816 5541 ·

316 5700 363 5737 ⁸³
405 5696 592 5756 Matth.
629 5712 750 5760 ιγι,
787 5695 876 5750 Εἰὲ.

1907 3130 2040 3172 vero
2073 3116 2272 3172 mulier
2304 3117 2525 3187 angelos
2549 3116 2846 3182 resiliisse,
2863 3118 3045 3176 animo
3069 3119 3342 3190 perculsa,
3368 3127 3474 3175 sta-

1909 3208 2009 3263 tim
2040 3215 2188 3264 retro
2236 3209 2505 3264 convertit
2553 3225 2612 3265 se
2643 3209 2712 3264 ad
2761 3209 3073 3274 videndum,
3123 3211 3256 3282 quid
3301 3212 3477 3282 angeli

1911 3308 2218 3367 cernerent,
2277 3310 2331 3357 et
2382 3301 2518 3356 vidit
2569 3305 2876 3360 venientem
2933 3302 3142 3360 Jesum.
3207 3302 3333 3359 Haec
3396 3311 3481 3360 est

1912 3407 2079 3448 causa
2127 3393 2275 3464 quod
2321 3393 2512 3460 Maria,
2569 3403 2717 3451 retro
2764 3411 3047 3463 conversa,
3110 3394 3246 3451 vidit
3297 3394 3481 3450 Domi-

1911 3501 2064 3542 num.

1984 3577 2205 3644 Qmsr.
2237 3576 2420 3632 XLIV.
2459 3577 2639 3645 Quare
2667 3594 2790 3634 cum
2826 3580 3108 3650 discipulis
3145 3587 3268 3650 post
3298 3595 3482 3636 resur-

1913 3669 2209 3729 rectionem
2255 3685 2410 3726 suam
2452 3669 2710 3726 Christus
2760 3670 2920 3727 edere
2978 3671 3168 3734 voluit,
3227 3687 3330 3726 nec
3375 3671 3481 3725 alia

1914 3760 2092 3829 portio
2133 3767 2218 3815 est
2246 3761 2628 3826 inventa,_assi
2663 3762 2852 3832 piscis,
2885 3770 2939 3819 et
2973 3763 3039 3818 de
3072 3762 3195 3818 favo
3226 3763 3448 3818 mellis?

1987 3937 2151 3995 Resp.
2181 3939 2411 4005 Quidam
2446 3939 2577 3994 illud
2611 3940 2678 3996 de
2713 3939 2834 3995 favo
2877 3942 3075 4007 mellis,
3108 3942 3276 3998 salem
3314 3941 3484 3995 inter-

1916 4032 2114 4100 pretati
2160 4041 2310 4097 sunt,
2363 4047 2482 4102 quae
2527 4033 2693 4088 verba
2745 4034 3036 4103 nugacium
3082 4041 3210 4089 sunt
3263 4033 3480 4090 fabulae.

1915 4119 2050 4175 Nam
2081 4120 2238 4177 favus
2276 4123 2451 4178 mellis
2499 4131 2552 4177 et
2597 4137 2755 4178 assus
2804 4123 2971 4193 piscis
3018 4122 3288 4193 ejusmodi
3333 4132 3481 4187 sunt.

1916 4213 2099 4283 qualia
2141 4213 2274 4268 dicit
2309 4213 2615 4284 Scriptura.
2656 4212 2828 4269 Habet
2868 4222 3048 4270 autem
3091 4230 3178 4270 res
3209 4214 3486 4270 admiran-

1917 4305 2043 4360 dam
2083 4307 2618 4377 interpretationem,
2668 4314 2726 4360 et
2755 4304 3078 4376 profundam
3125 4312 3287 4377 atque
3328 4307 3486 4362 valde

1848 4383 2187 4452 Dremotam
2240 4395 2770 4467 pervestigationem.
2829 4393 3037 4452 Sensus
3096 4402 3277 4451 autem
3328 4395 3487 4452 istius

1923 4489 2172 4546 lectionis
2203 4487 2291 4542 hic
2320 4497 2405 4544 est
2438 4507 2451 4542 :
2482 4486 2657 4543 Piscis
2687 4485 3096 4542 similitudinem
3127 4486 3296 4542 habet
3331 4502 3488 4558 aspe-

1925 4597 2000 4638 rae
2034 4581 2472 4638 conversationis
2498 4588 2825 4645 ascetarum,
2854 4580 2950 4650 qui
2981 4579 3228 4651 jejuniis,
3260 4579 3485 4650 vigiliis,

1925 4681 1980 4729 et
2026 4673 2148 4728 aliis
2200 4671 2648 4742 castigationibus
2705 4685 2927 4725 carnem
2983 4670 3312 4725 domuerunt
3346 4684 3360 4721 :
3393 4668 3489 4738 qui

1927 4768 2139 4836 seipsos
2166 4762 2370 4818 mundo
2396 4769 2449 4818 et
2478 4761 2847 4831 voluptatibus
2877 4761 3288 4826 cruciﬁxerunt,
3313 4768 3367 4815 et
3395 4761 3490 4830 qui

1921 4856 2164 4914 humidis
2197 4855 2335 4912 cibis
2368 4855 2815 4924 voluptuosisque
2838 4855 3254 4918 renuntiarunt,
3291 4852 3487 4907 aridis-

1920 4967 2028 5022 que
2057 4951 2266 5021 seipsos
2310 4948 2615 5011 domantes,
2657 4947 2950 5003 asceticam
2991 4947 3132 5001 viam
3175 4944 3492 5016 ingrediun-

1919 5052 2035 5110 tur,
2063 5042 2520 5115 quemadmodum
2558 5041 2830 5110 praecepit.
2851 5039 3103 5095 Christus
3133 5056 3146 5091 :
3180 5055 3199 5087 ί
3229 5037 3332 5102 Qui
3376 5036 3492 5091 vult

1920 5139 2158 5194 animam
2214 5153 2368 5193 suam
2416 5149 2654 5200 servare,
2714 5131 2917 5203 perdet.
2949 5145 3070 5186 eam
3102 5131 3178 5196 ";
3213 5147 3232 5180 ι
3265 5126 3491 5198 jejuniis

1923 5231 2129 5304 utique,
2153 5230 2434 5301 vigiliiset
2467 5230 2589 5284 aliis
2620 5225 3022 5288 afﬂictionibus.
3048 5219 3332 5288 Quomodo
3361 5235 3491 5275 vero

1918 5323 2087 5394 piscis
2119 5323 2450 5379 assimiletur
2491 5319 2690 5381 ascesi',
2719 5318 2804 5373 vel
2836 5314 3315 5380 macerationibus,
3344 5325 3492 5365 nune

1922 5417 2158 5472 attende.
2192 5414 2338 5471 Pisci
2378 5412 2574 5469 similis
2613 5417 2694 5466 est
2723 5409 2885 5465 homo
2925 5426 2940 5462 :
2976 5420 3105 5461 nam
3149 5405 3290 5462 sicut
3321 5402 3491 5474 piscis

1923 5509 2052 5564 dum
2079 5505 2255 5563 adhuc
2286 5512 2370 5562 est
2399 5505 2452 5560 in
2484 5503 2620 5559 mari
2654 5516 2867 5560 omnem
2901 5500 3062 5557 habet
3093 5496 3489 5560 humiditatem,
