3852 6192
370 172 472 226 72⁸1

1573 165 2037 224 ATHANASIUS.
2077 195 2148 207 ——
2187 164 2458 224 SPURIA.

3497 171 3600 227 728

369 295 423 342 et
454 301 579 340 cum
611 301 716 343 suo
748 287 1015 358 sanguine
1061 286 1118 341 in
1163 294 1319 343 vasto
1348 287 1480 341 vivit
1525 286 1640 341 luto
1673 304 1686 339 :
1717 285 1933 355 quando

2038 285 2224 355 ὥσπερ
2252 284 2362 355 γὰρ
2394 285 2423 338 6
2460 284 2632 355 ἰχθὺς,
2659 285 2765 349 ἕως
2792 286 2940 340 ἐστὶν
2971 287 3030 340 ἐν
3058 289 3122 359 τῇ
3167 287 3433 361 θαλάσση,
3486 289 3602 360 ἔχει

368 394 501 434 vero
516 388 707 448 captus
728 386 880 434 extra
903 393 1099 448 aquam
1120 378 1350 443 venerit,
1383 378 1646 433 moritur:
1667 378 1733 430 ad
1752 378 1930 447 ignem

368 485 501 526 vero
545 472 758 543 positus
809 481 1027 526 assatur
1081 480 1136 526 et
1182 470 1370 538 areﬁt,
1427 471 1712 541 perditque
1776 484 1930 525 suam

369 575 588 616 omnem
616 563 1038 617 immunditiem.
1068 561 1217 617 Talis
1245 563 1404 618 etiam
1445 569 1527 616 est
1560 561 1723 614 homo
1757 579 1770 615 :
1803 559 1934 614 dum

369 653 550 707 adhuc
583 662 667 709 est
703 655 757 708 in
787 657 965 709 medio
999 656 1121 720 vitae
1162 667 1274 709 suae
1311 653 1607 717 curriculo,
1642 652 1935 720 voluptati-

367 746 469 801 bus
496 747 736 817 indulget
755 757 806 802 ct
828 748 1195 802 immoderatis
1246 745 1722 815 concupiscentiis.
1748 745 1933 809 Quan-

368 839 440 893 do
471 855 601 894 vero
629 841 817 894 relicto
859 841 1081 904 mundo,
1117 839 1290 894 ascesi
1324 846 1378 893 et
1411 837 1675 908 asperiori
1715 838 1840 890 vita:
1873 837 1931 890 in

369 931 587 985 deserto
615 947 836 1000 operam
867 932 1092 996 dederit,
1130 932 1305 987 sancti
1358 930 1597 1000 Spiritus
1632 930 1754 998 igne
1781 928 1930 983 cale-

367 1021 572 1085 factus,
607 1038 636 1075 a
667 1024 780 1078 suis
810 1022 1092 1078 affectibus
1131 1022 1347 1084 arescit,
1383 1029 1437 1075 et
1467 1021 1534 1075 ab
1560 1021 1708 1074 omni
1743 1034 1932 1088 repur-

368 1121 527 1183 gatur
569 1114 932 1177 immunditia,
971 1123 1136 1184 atque
1174 1130 1271 1183 per
1300 1114 1530 1168 virtutes
1564 1119 1784 1181 accepta
1819 1109 1929 1164 Deo

367 1203 607 1260 efﬁcitur
633 1205 830 1260 hostia.
866 1203 1000 1258 Nam
1047 1207 1187 1260 sicut
1220 1205 1386 1274 piscis
1421 1203 1488 1256 ad
1531 1202 1794 1256 carbones
1835 1215 1928 1254 as-

370 1302 544 1357 satus,
583 1294 642 1348 ﬁt
679 1297 996 1350 commodus
1020 1303 1073 1350 et
1101 1296 1250 1349 utilis
1292 1293 1448 1348 cibus
1477 1312 1489 1346 :
1519 1293 1598 1347 sic
1638 1291 1802 1344 homo
1835 1302 1932 1358 per

369 1386 602 1440 calorem
638 1385 872 1452 Spiritus
899 1388 1068 1442 sancti
1105 1393 1446 1457 repurgatus,
1479 1383 1658 1438 hostia
1701 1379 1931 1434 Domino

370 1488 592 1549 accepta
618 1481 869 1538 efﬁcitur.

2034 377 2214 430 πᾶσαν
2245 377 2344 448 τὴν
2371 377 2664 448 ὑγρότητα,
2684 379 2777 430 καὶ
2798 377 2862 450 ζῇ
2896 379 3031 449 μετά
3057 379 3151 432 τοῦ
3177 379 3407 450 αἵματος
3433 379 3600 433 αὐτοῦ

2033 470 2129 521 καὶ
2161 469 2343 539 πάσης
2376 467 2543 532 ίλύος·
2575 471 2700 523 ὅταν
2728 471 2784 524 δὲ
2823 471 3068 544 κρατηθῇ
3109 471 3212 537 ἔξω
3257 472 3348 526 τοῦ
3385 472 3599 537 ὓδατος,

2034 561 2357 632 νεκροῦταιο
2391 563 2673 633 τιθέμενος
2721 564 2776 616 δὲ
2810 568 2867 618 ὲν
2909 565 2988 636 τῷ
3037 567 3169 637 πυρὶ
3204 567 3460 620 όπτοῦται
3504 569 3600 621 καὶ

2036 651 2367 722 ξηραίνεται,
2393 654 2489 706 καὶ
2521 655 2780 708 ἀπόλλυσι
2821 657 3000 710 πᾶσαν
3023 656 3186 709 αὐτοῦ
3225 657 3326 729 τὴν
3353 657 3602 728 ἀκαθαρ-

2038 742 2158 796 σίαν
2178 760 2191 773 ·
2220 743 2442 816 τοιούτῳ
2468 745 2652 816 τρόπῳ
2678 747 2792 798 ἐστὶ
2828 748 2920 800 καὶ
2947 749 2975 799 6
3002 748 3282 819 ἄνθρωπος
3299 767 3313 778 ·
3344 748 3450 812 ἓως
3485 751 3602 802 ἐστὶ

2041 839 2201 908 μέσον
2230 843 2324 896 τοῦ
2359 839 2506 910 βίου,
2546 840 2610 911 ζῇ
2657 841 2916 912 ἐμπαθῶς
2949 842 3084 914 πρὸς
3122 843 3222 907 τὰς
3267 844 3457 914 ἡδονὰς
3508 844 3602 897 καὶ

2037 931 2367 995 ἀκολάστους
2394 931 2706 1003 ἐπιθυμίας.
2735 934 2898 988 Ὅταν
2921 935 2977 988 δὲ
3007 936 3212 1007 ἀποστῇ
3241 936 3334 988 τοῦ
3369 936 3599 1006 κόσμου,

2037 1024 2133 1076 καὶ
2155 1023 2322 1094 βιώσῃ
2358 1025 2414 1077 ὲν
2443 1025 2671 1094 ἀσκήσει
2694 1027 2788 1078 καὶ
2813 1025 3197 1097 σκληραγωγίᾳ
3220 1029 3277 1080 ἐν
3297 1030 3360 1098 τῇ
3385 1029 3598 1098 ἐρήμῳ,

2039 1112 2144 1165 ὑπὸ
2169 1114 2338 1184 πυρὸς
2364 1113 2457 1167 τοῦ
2492 1116 2648 1184 ἁγίου
2671 1117 2984 1187 Πνεύματος
3013 1117 3454 1189 θερμαινόμενος,
3481 1119 3602 1170 τότε

2036 1203 2344 1275 ξηραίνεται
2369 1208 2433 1260 ἐκ
2463 1207 2571 1260 τῶν
2593 1207 2800 1271 παθῶν,
2827 1210 2920 1262 καὶ
2951 1208 3268 1280 καθαίρεται
3289 1211 3395 1264 ἀπὸ
3420 1211 3603 1280 πάσης

2035 1297 2401 1369 ἀκαθαρσίας,
2438 1301 2769 1369 καὶγίνεται
2810 1302 2887 1372 τῷ
2937 1301 3054 1373 Θεῷ
3101 1302 3258 1355 θυσία
3311 1305 3602 1373 εὐάρεστος

2033 1386 2123 1439 διὰ
2150 1387 2257 1441 τῶν
2292 1390 2787 1464 ἀρετῶν.’¹Ωσπερό
2838 1392 2987 1462 ἰχθὺς
3041 1393 3248 1461 γίνεται
3300 1393 3604 1463 ἐπιτήδειος

2033 1478 2114 1540 εἰς
2161 1481 2364 1548 τροφὴν
2408 1482 2664 1554 ὀπτηθεὶς
2721 1484 2807 1536 ἐπ’
2850 1483 3166 1555 ἀνθράκων·
3222 1483 3391 1548 οὕτως
3436 1484 3534 1536 καὶ
3575 1485 3603 1536 6

367 1571 680 1642 ἄνθρωπος,
732 1573 820 1627 διὰ
870 1574 968 1644 τῆς
997 1573 1203 1646 θέρμης
1256 1575 1350 1628 τοῦ
1403 1575 1558 1642 ἁγίου
1606 1570 1921 1640 Πνεύματος
1957 1568 2270 1642 καθαρθεὶς,
2305 1575 2509 1644 γίνεται
2541 1576 2699 1630 θυσία
2741 1577 3128 1650 εὐπρόσδεκτος
3159 1577 3234 1648 τῷ
3273 1578 3485 1647 Κυρίῳ.

446 1663 608 1734 264
633 1661 789 1718 Nunc
823 1665 967 1733 quod
998 1665 1062 1717 ad
1099 1663 1279 1717 favum
1312 1665 1489 1718 mellis
1520 1663 1732 1724 attinet,
1769 1659 1932 1712 talem

2107 1661 2180 1714 T6
2221 1663 2279 1716 δὲ
2318 1665 2426 1717 ἀπὸ
2461 1666 2737 1735 μελισσίου
2781 1666 2970 1737 κηρίον
3003 1666 3117 1718 ἐστὶ
3149 1665 3309 1719 πάλιν
3347 1664 3605 1736 τοιαύτην

370 1755 534 1809 habet
569 1757 1092 1824 interpretationem.
1147 1755 1508 1822 Quaerendum
1567 1754 1750 1823 itaque
1800 1765 1936 1820 quo-

370 1843 534 1898 modo
563 1859 676 1896 non
710 1843 873 1898 fuerit
905 1844 1009 1897 mel
1039 1846 1156 1899 sine
1196 1845 1336 1899 favo.
1397 1843 1491 1899 Est
1526 1843 1742 1913 quidem
1782 1841 1935 1897 favus

373 1936 493 1991 sine
534 1937 713 2001 melle,
747 1943 800 1991 et
843 1937 1137 2007 aliquando
1191 1937 1294 1990 mel
1342 1944 1426 1990 est
1476 1936 1593 1992 sine
1645 1933 1770 1989 favo
1803 1953 1815 1986 :
1846 1934 1936 1988 hic

369 2043 502 2082 vero
522 2035 794 2097 repertum
831 2035 917 2082 est
946 2036 1267 2097 utrumque;
1295 2042 1403 2096 quo
1433 2042 1559 2080 vero
1594 2033 1753 2096 pacto
1785 2025 1933 2079 audi.

371 2118 475 2174 Mel
522 2121 740 2190 quidem
792 2128 1010 2188 propter
1058 2122 1232 2172 sancti
1289 2117 1526 2187 Spiritus
1571 2117 1934 2184 dulcedinem,

369 2225 535 2280 quam
563 2225 727 2281 super
754 2212 1031 2280 apostolos
1047 2217 1099 2265 et
1113 2225 1300 2266 omnes
1317 2211 1502 2266 fideles
1515 2209 1934 2266 eﬁ‘usuruserat.

369 2301 576 2358 Favum
612 2317 740 2357 vero
772 2302 983 2365 habuit,
1032 2310 1254 2372 propter
1293 2303 1656 2372 signaculum,
1689 2316 1797 2371 quo
1842 2317 1940 2370 per

370 2395 702 2464 baptismum
733 2409 924 2449 omnes
956 2393 1140 2449 fideles
1173 2394 1503 2464 obsignavit.
1561 2392 1772 2447 Etenim
1812 2392 1938 2447 the-

370 2503 569 2543 saurus
597 2495 802 2557 quanto
832 2487 1004 2557 magis
1034 2487 1281 2542 inclusus
1305 2493 1388 2541 est
1411 2487 1466 2540 in
1500 2485 1643 2549 favo,
1678 2494 1832 2540 tanto
1854 2495 1938 2540 est

369 2579 558 2633 tutior.
589 2577 870 2633 Consimili
915 2577 1074 2631 modo
1117 2587 1171 2632 et
1201 2582 1387 2648 gratiae
1415 2577 1612 2632 divinae
1650 2584 1780 2631 tuta:
1809 2584 1937 2632 sunt

369 2671 427 2725 in
456 2670 694 2733 homine,
722 2669 814 2739 qui
845 2669 1101 2739 baptismi
1127 2669 1465 2738 signaculum
1491 2675 1544 2723 et
1569 2669 1784 2737 signum
1807 2683 1938 2722 cru-

369 2762 471 2830 cis,
505 2761 736 2833 denique
757 2761 916 2817 ﬁdem
947 2775 1166 2832 quoque
1203 2776 1324 2832 quae
1349 2769 1432 2816 est
1464 2761 1520 2816 in
1543 2759 1822 2816 Christum
1845 2758 1937 2814 ha-

369 2853 479 2908 bet.

853 3091 929 3146 De
957 3093 1128 3164 gloria
1153 3091 1172 3164 (
1197 3091 1412 3148 Christi.
1436 3096 1454 3163 )

441 3228 661 3294 Quas'r.
692 3226 854 3283 XLV.
893 3226 1187 3283 Sciendum
1214 3242 1344 3283 vero
1370 3227 1516 3298 quod
1547 3227 1811 3285 Dominus
1839 3243 1939 3284 no-

369 3329 482 3377 ster
505 3319 664 3376 Jesus
693 3320 948 3375 Christus
994 3328 1280 3388 postquam
1310 3333 1378 3372 ex
1409 3317 1617 3389 Spiritu
1666 3327 1857 3374 sancto
1884 3327 1940 3376 et

369 3428 436 3466 ex
467 3409 635 3464 Maria
673 3419 932 3481 perpetua
963 3410 1186 3481 Virgine
1217 3412 1564 3483 sumpsisset,
1601 3419 1654 3466 et
1685 3412 1940 3466 incarna-

370 3511 460 3558 tus
495 3501 721 3568 fuisset;
768 3512 1057 3572 postquam
1104 3503 1340 3558 humana
1373 3504 1556 3558 omnia
1605 3504 1939 3574 suscepisset

371 3601 564 3663 praeter
609 3601 889 3664 peccatum
920 3602 974 3648 et
1022 3593 1415 3659 inﬁrmitatem,
1445 3601 1737 3665 postquam
1786 3602 1937 3649 tanta

369 3685 626 3740 edidisset
648 3685 930 3750 miracula,
963 3697 1216 3755 essetque
1237 3685 1554 3751 cruciﬁxus,
1586 3693 1641 3740 et
1664 3688 1823 3742 tertia
1849 3686 1937 3740 die

369 3777 760 3833 resurrexisset
787 3778 1086 3832 secundum
1114 3777 1447 3848 Scripturas.
1480 3779 1824 3848 postmodum
1847 3793 1938 3832 asc

370 3876 619 3939 sumptus
644 3876 749 3933 est,
793 3875 848 3923 et
893 3869 1138 3924 consedit
1167 3871 1232 3926 ad
1269 3869 1549 3926 dexteram
1584 3869 1699 3925 Dei.
1742 3869 1938 3926 Dexte-

368 3977 488 4016 ram
525 3976 654 4016 vero
685 3960 778 4015 Dei
809 3975 932 4014 cum
963 3961 1143 4026 audis,
1177 3978 1244 4018 ne
1277 3963 1428 4017 locos
1458 3963 1544 4018 vel
1590 3963 1790 4034 ﬁguras
1819 3963 1936 4033 glo-

367 4054 464 4108 riae
515 4053 924 4109 circumscribe.
984 4052 1240 4109 Dextrum
1284 4055 1486 4109 etenim
1543 4062 1596 4110 et
1651 4056 1934 4110 sinistrum

368 4155 496 4202 sunt
537 4145 1140 4216 circumscripturarum
1188 4162 1412 4202 rerum:
1445 4145 1590 4202 Deus
1621 4154 1818 4202 autem
1859 4147 1938 4200 in-

366 4244 586 4294 creatus
621 4249 706 4296 est
736 4247 791 4295 et
818 4241 1083 4303 inﬁnitus,
1113 4238 1200 4292 cui
1233 4237 1382 4291 nulla
1423 4235 1622 4291 ascribi
1655 4237 1848 4298 forma,
1881 4243 1936 4291 et

2034 1753 2156 1824 ἔχον
2196 1754 2295 1825 τὴν
2328 1755 2642 1826 ἑρμηνείαν.
2674 1757 2940 1826 Ζητητέω
2962 1757 3137 1810 τοίνυν
3176 1756 3292 1819 πῶς
3314 1757 3414 1809 οὐκ
3442 1752 3511 1827 ἦν
3544 1756 3607 1809 τὸ

2039 1844 2160 1914 μέλι
2189 1846 2358 1916 χωρὶς
2399 1846 2614 1918 κηρίου.
2647 1847 2804 1899 Ἔστι
2835 1846 2892 1899 δὲ
2934 1847 3029 1900 καὶ
3060 1847 3249 1918 κηρίον
3295 1847 3463 1918 χωρίς
3505 1847 3604 1917 μέ-

2034 1935 2179 2001 λιτος
2198 1953 2210 1966 ·
2247 1938 2340 1990 καὶ
2367 1939 2482 1990 ἔστι
2514 1939 2608 1991 καὶ
2631 1937 2752 2008 μέλι
2784 1939 2952 2011 χωρὶς
2979 1955 3046 2007 κη
3058 1937 3192 2008 ρίου·
3221 1940 3336 1990 ἐκεῖ
3365 1937 3421 1990 δὲ
3450 1937 3609 2008 εὑρέ-

2037 2030 2208 2098 θησαν
2244 2029 2312 2082 τὰ
2343 2031 2628 2102 ἀμφότερα
2647 2047 2660 2060 '
2691 2031 2832 2084 κατά
2867 2031 2986 2084 τίνα
3013 2030 3068 2082 δὲ
3102 2030 3320 2104 τρόπον,
3348 2027 3603 2082 ἄκουσον.

2036 2120 2110 2172 Τὸ
2139 2121 2236 2190 μὲν
2263 2121 2382 2190 μέλι
2410 2121 2496 2174 διὰ
2521 2121 2616 2192 τὴν
2643 2121 2954 2191 γλυκύτητα
2977 2121 3069 2174 τοῦ
3083 2121 3235 2190 ἁγίου
3265 2119 3403 2173 Πνεύ
3414 2137 3605 2190 ματος,

2036 2209 2102 2278 ήν
2135 2209 2357 2279 ἔμελλεν
2385 2211 2594 2282 ὲκχέειν
2619 2212 2754 2282 πρὸς
2776 2215 2901 2275 τοὺς
2921 2212 3246 2275 ἀποστόλους
3273 2213 3363 2264 καὶ
3395 2211 3606 2276 πάντας

2034 2304 2162 2365 τοὺς
2206 2303 2458 2366 πιστούς·
2513 2305 2574 2356 τὸ
2600 2305 2657 2357 δὲ
2707 2304 2897 2375 κηρίον
2924 2304 3011 2356 διὰ
3055 2306 3156 2375 τήν
3211 2305 3499 2375 σφραγῖδα,
3535 2307 3607 2375 ἣν

2036 2395 2266 2465 παρέχει
2299 2397 2411 2457 τοῖς
2435 2398 2645 2458 πιστοῖς
2675 2397 2807 2448 πᾶσι
2831 2395 2918 2448 διά
2949 2394 3042 2449 τοῦ
3080 2395 3469 2464 βαπτίσματος.
3496 2395 3608 2446 Καὶ

2036 2484 2144 2556 γάρ
2169 2487 2195 2538 6
2227 2485 2528 2555 θησαυρὸς,
2571 2487 2696 2539 ὅσον
2727 2486 2843 2538 ἐστὶ
2873 2486 3200 2557 βεϐυσμένος
3246 2487 3332 2540 διὰ
3383 2486 3604 2556 κηρίου,

2032 2574 2285 2626 τοσοῦτόν
2307 2577 2453 2626 ἐστιν
2478 2575 2899 2648 ἀσφαλέστερος.
2921 2577 3156 2646 Τοιούτῳ
3179 2577 3364 2646 τρόπῳ
3388 2572 3481 2629 οὖν
3507 2576 3607 2629 καὶ⁵

2031 2667 2061 2718 6
2093 2668 2191 2735 τῆς
2219 2665 2370 2729 θείας
2393 2665 2609 2738 χάριτος
2631 2667 2858 2730 πλοῦτος
2890 2669 2946 2720 ὲν
2969 2668 3046 2738 τῷ
3074 2667 3342 2739 ἀνθρώπῳ
3366 2669 3607 2738 ὑπάρχει

2031 2757 2250 2820 ἄσυλος,
2281 2758 2419 2828 ἔχων
2457 2757 2554 2830 τὴν
2583 2759 2848 2832 σφραγῖδα
2879 2759 2970 2813 τοῦ
3018 2761 3170 2828 ἁγίου
3205 2759 3608 2831 βαπτίσματος,

2032 2849 2127 2901 καὶ
2169 2849 2232 2901 τὸ
2279 2853 2502 2922 σημεῖον
2543 2852 2634 2906 τοῦ
2669 2851 2939 2924 σταυροῦ,
2985 2852 3078 2906 καὶ
3137 2851 3235 2925 τὴν
3291 2851 3473 2905 πίστιν
3523 2854 3606 2914 είς

2037 2942 2290 3014 Χριστόν.

2632 3103 2772 3173 Περὶ
2804 3103 3011 3172 δόξης.

2120 3241 2310 3313 Ἐρώτ.
2349 3249 2448 3313 με’.
2500 3243 2742 3297 Γίνωσκε
2794 3244 2872 3308 δὲ,
2897 3245 2977 3297 ὅτι
3007 3245 3036 3297 6
3072 3242 3274 3312 Κύριος
3312 3239 3470 3310 ἡμῶν
3510 3239 3611 3294 καὶ

2035 3333 2169 3397 Θεὸς
2201 3333 2405 3403 Ἰησοῦς
2429 3333 2682 3402 Χριστὸς,
2708 3334 2844 3404 μετὰ
2868 3333 2928 3387 τὸ
2957 3332 3302 3405 σαρκωθῆναι
3335 3333 3398 3384 ἐκ
3429 3328 3612 3382 Πνεύ-

2040 3441 2206 3494 ματος
2239 3425 2394 3492 ἁγίου
2453 3424 2547 3477 καὶ
2580 3425 2643 3476 ὲκ
2671 3423 2772 3492 τῆς
2811 3424 2897 3476 ἀεὶ
2934 3423 3201 3494 παρθένου
3231 3420 3469 3491 Μαρίας,
3511 3419 3611 3473 καὶ

2035 3516 2483 3588 ὲνανθρωπῆσαι,
2527 3517 2623 3571 καὶ
2674 3517 2851 3570 πάντα
2883 3516 3195 3588 ἀνθρώπινα
3241 3513 3611 3568 ἀναλαϐέσθαι

2036 3611 2205 3682 χωρὶς
2248 3611 2520 3682 ἁμαρτίας
2548 3610 2642 3664 καὶ
2674 3610 2973 3674 ἀσθενείας,
3014 3610 3107 3663 καὶ
3143 3607 3280 3680 μετά
3299 3608 3359 3661 τὸ
3391 3607 3610 3678 θαυμα-

2035 3699 2335 3771 τουργῆσαι
2385 3700 2479 3753 καὶ
2513 3699 2907 3770 σταυρωθῆναι,
2948 3700 3040 3752 καὶ
3090 3702 3154 3770 τῇ
3202 3699 3358 3769 τρίτῃ
3423 3698 3610 3768 ήμέρᾳ

2036 3791 2334 3860 ἀναστῆναι
2362 3799 2503 3842 κατα
2531 3789 2627 3853 τὰς
2651 3790 2889 3860 Γραφὰς,
2921 3787 3142 3860 ὕστερον
3181 3785 3476 3858 ἀνελήφθη,
3514 3787 3610 3838 καὶ

2037 3883 2286 3936 ἐκάθισεν
2319 3885 2376 3936 ὲν
2409 3882 2558 3954 δεξιᾷ
2588 3881 2681 3935 τοῦ
2723 3881 2880 3935 Θεοῦ.
2921 3881 3110 3946 Δεξιάν
3155 3880 3210 3932 δὲ
3259 3879 3470 3933 ἀκούων
3511 3877 3608 3931 τοῦ

2035 3975 2194 4040 Θεοῦ,
2225 3975 2298 4046 μὴ
2330 3975 2527 4038 τόπους
2553 3975 2647 4027 καὶ
2676 3975 2926 4044 σχήματα
2964 3973 3120 4044 δόξης
3149 3972 3478 4042 περίγραφε.
3511 3972 3610 4022 Δε-

2038 4067 2128 4134 ξιά
2159 4068 2265 4139 γὰρ
2295 4067 2391 4120 καὶ¹
2418 4066 2681 4138 ἀριστερὰ
2709 4066 2815 4118 τῶν
2844 4064 3332 4138 περιγραφομένων
3363 4063 3511 4115 ἐστίν
3531 4078 3545 4092 ⁸
3578 4063 3608 4114 6

2036 4159 2094 4212 δὲ
2123 4159 2254 4222 Θεὸς
2295 4158 2569 4221 ἄπλαστος
2603 4159 2696 4212 καὶ
2746 4158 2993 4229 ἀόριστος
3038 4158 3132 4210 καὶ
3165 4157 3607 4228 ἀσχημάτιστος,

2038 4251 2133 4303 καὶ
2185 4249 2595 4320 ἁπερίγραπτός
2655 4251 2791 4302 ἐστι.
2840 4248 3028 4313 Δεξιάν
3075 4248 3132 4301 δὲ
3171 4247 3265 4300 τοῦ
3309 4244 3443 4298 Θεοῦ
3479 4247 3610 4298 ὅταν

367 4332 460 4400 qui
492 4346 594 4386 nec
620 4332 740 4401 ipse
763 4330 1138 4386 circumscribi
1158 4337 1342 4400 queat.
1368 4328 1654 4384 Dexteram
1680 4342 1810 4382 vero
1841 4327 1933 4383 Dei

2039 4341 2314 4414 ἀκούσῃς,
2347 4341 2447 4412 τὴν
2476 4340 2633 4404 δόξαν
2677 4341 2772 4394 καὶ
2819 4340 2915 4410 τὴν
2948 4340 3110 4410 τιμὴν
3157 4337 3249 4391 τοῦ
3291 4337 3426 4390 Θεοῦ
3465 4333 3608 4390 εἶναι

367 4423 587 4492 quando
615 4423 876 4486 audieris,
909 4423 1003 4476 Dei
1046 4422 1272 4492 gloriam
1300 4428 1354 4476 et
1381 4421 1640 4476 honorem
1668 4421 1928 4491 intellige.

369 4517 437 4572 Et
466 4515 562 4571 Dei
593 4515 812 4586 quidem
852 4513 1022 4571 Filius
1074 4523 1128 4570 et
1175 4514 1339 4577 Deus,
1375 4514 1534 4569 sicuti
1579 4512 1784 4567 dictum
1828 4520 1930 4576 est,

366 4616 489 4675 post
537 4606 886 4676 adimpletam
937 4613 1104 4661 totam
1156 4605 1649 4676 dispensationem,
1711 4602 1933 4658 tandem

366 4701 682 4765 assumptus
703 4703 806 4750 est.
836 4693 1075 4764 Spiritus
1095 4709 1223 4749 vero
1251 4704 1475 4750 sanctus
1498 4696 1552 4748 in
1576 4702 1769 4749 sancto
1791 4693 1932 4750 festo

366 4785 717 4842 Pentecostes
747 4801 910 4855 super
932 4791 1150 4841 sanctos
1178 4785 1454 4854 apostolos
1485 4783 1726 4848 veniens,
1759 4791 1814 4839 et
1842 4801 1932 4841 su-

364 4892 462 4946 per
488 4892 704 4932 omnem
739 4891 958 4931 carnem
988 4875 1213 4940 effusus,
1244 4889 1353 4930 non
1381 4882 1464 4931 est
1489 4890 1683 4931 PIII‘SUS
1715 4890 1932 4931 assum-

366 4979 510 5040 ptus,
543 4969 636 5024 sed
667 4970 723 5024 in
756 4968 1160 5039 generationem
1193 4974 1246 5022 et
1283 4967 1691 5038 generationem
1731 4968 1931 5023 transit

364 5065 420 5117 in
467 5078 682 5128 omnes,
718 5070 774 5119 et
810 5063 973 5118 sicuti
1011 5062 1308 5134 quemlibet
1360 5061 1643 5115 hominum
1699 5061 1925 5124 invenit,

363 5155 574 5210 habitat
601 5156 657 5209 in
689 5171 756 5211 eo
786 5171 886 5226 pro
921 5156 1135 5210 ratione
1162 5155 1414 5224 puritatis
1451 5153 1718 5222 cujusque
1748 5153 1928 5207 homi-

361 5248 470 5309 nis,
510 5247 738 5302 multum
771 5247 824 5302 in
855 5248 1035 5302 anima
1066 5260 1332 5316 superans
1358 5245 1700 5301 dulcedinem
1725 5245 1925 5301 mellis.

431 5431 651 5496 chsr.
681 5430 866 5486 XLVI.
901 5430 1041 5497 Quid
1064 5436 1148 5485 est
1171 5429 1315 5500 quod
1343 5427 1475 5482 dicit
1502 5427 1784 5483 Christus:
1810 5445 1830 5479 ι
1868 5427 1928 5482 Si

360 5523 486 5591 quis
513 5523 728 5578 locutus
765 5522 928 5579 fuerit
963 5522 1174 5593 aliquid
1200 5529 1394 5576 contra
1432 5519 1629 5575 Filium
1663 5520 1923 5584 hominis,

363 5614 667 5668 remittetur
697 5615 747 5672 ei
781 5633 794 5669 :
833 5624 885 5671 at
916 5617 962 5672 si
993 5615 1115 5686 quis
1149 5615 1362 5672 locutus
1390 5613 1552 5670 fuerit
1581 5621 1771 5670 contra
1803 5611 1925 5684 Spi-

2034 4432 2167 4485 νόει.
2228 4433 2340 4483 Καὶ
2376 4433 2405 4484 6
2459 4429 2558 4501 μὲν
2599 4429 2726 4492 Υἱὸς
2756 4427 2850 4481 τοῦ
2902 4426 3036 4480 Θεοῦ
3093 4427 3186 4479 καὶ
3222 4424 3372 4490 Θεὸς,
3425 4422 3607 4486 καθὼς

2034 4520 2270 4592 εἴρηται,
2311 4518 2449 4591 μετὰ
2479 4520 2541 4573 τὸ
2569 4519 2852 4590 πληρῶσαι
2891 4521 3068 4572 πᾶσαν
3095 4515 3422 4587 οἰκονομίαν,
3451 4515 3608 4567 ὓστε-

2038 4634 2128 4686 ρον
2157 4615 2430 4688 ἀνελήφθη
2451 4631 2466 4645 ο
2499 4615 2560 4668 τὸ
2588 4614 2644 4668 δὲ
2700 4614 2922 4685 Πνεῦμα
2977 4613 3039 4666 τὸ
3096 4612 3250 4680 ἁγιον
3273 4651 3288 4677 ,
3343 4609 3607 4663 κατελθὸν

2035 4708 2126 4760 ἐπὶ
2148 4707 2275 4772 τοὺς
2305 4707 2493 4776 ἁγίους
2521 4705 2766 4777 μαθητὰς
2813 4709 2878 4776 τῇ
2931 4703 3060 4776 ἁγίᾳ
3104 4704 3474 4774 Πεντηκοστῇ,
3509 4702 3606 4753 καὶ

2033 4799 2260 4871 ἐκχυθὲν
2291 4801 2383 4853 ἐπὶ
2407 4800 2586 4852 πᾶσαν
2622 4799 2818 4870 σάρκα,
2853 4798 2952 4850 οὐκ
2982 4794 3280 4866 ἀνελήφθη,
3305 4792 3440 4846 ἀλλά
3462 4792 3605 4845 κατὰ

2032 4892 2228 4962 γενεὰν
2259 4891 2359 4962 ,καὶ
2392 4891 2584 4960 γενεὰν
2609 4889 2880 4958 διέρχεται
2912 4891 2989 4950 είς
3022 4886 3249 4951 πάντας,
3289 4884 3383 4937 καὶ
3421 4881 3604 4945 καθὼς

2033 4983 2128 5035 ἕνα
2173 4982 2402 5035 ’ἑκαστον
2454 4980 2604 5052 εὖροι
2631 4979 2740 5032 τῶν
2764 4978 3085 5050 ἀνθρώπων,
3136 4977 3469 5046 κατασκηνοῖ
3513 4973 3604 5025 ἐπ’

2033 5073 2197 5128 αὐτὸν
2228 5073 2367 5127 κατὰ
2394 5071 2492 5144 τὴν
2528 5070 2816 5138 ἀνα-λογίαν
2851 5071 2949 5139 τῆς
2982 5069 3210 5122 ἑκάστου
3260 5066 3599 5136 καθάρσεως,

2036 5165 2178 5237 ὑπὲρ
2205 5165 2325 5236 μέλι
2353 5163 2620 5233 γλυκάζον
2647 5165 2704 5217 ὲν
2737 5165 2802 5233 τῇ
2833 5161 2997 5232 ψυχῇ.

2113 5428 2303 5500 Ἐρώτ.
2336 5433 2452 5498 μς’.
2487 5427 2554 5480 Τί
2576 5427 2722 5479 ἐστιν
2749 5425 2778 5479 ὃ
2809 5421 2962 5478 εἶπεν
2990 5426 3018 5478 ό
3053 5422 3306 5495 Χριστὸς,
3341 5424 3422 5476 ὅτι
3457 5442 3475 5473 ι
3504 5423 3600 5485 ’ος

2031 5518 2096 5573 ἂν
2123 5520 2252 5592 εἴπῃ
2280 5519 2436 5586 λόγον
2465 5517 2604 5572 κατὰ
2636 5516 2730 5570 τοῦ
2752 5516 2884 5569 Υἱοῦ
2926 5514 3232 5585 ἀνθρώπου,
3262 5514 3597 5584 ἀφεθήσεται

2035 5611 2212 5682 αὐτῷ’
2247 5611 2304 5674 ὃς
2329 5611 2373 5664 δ’
2403 5610 2467 5665 ἂν
2492 5611 2621 5683 εἴπῃ
2661 5609 2797 5664 κατὰ
2831 5607 2924 5663 τοῦ
2950 5607 3102 5676 ἁγίου
3125 5605 3464 5676 Πνεῦματος,
3497 5607 3598 5659 οὐκ
