3852 6192
196 289 299 346 ’ΒΩ

1343 284 2040 342 INTERPRETATIONES
2073 285 2164 340 EX
2203 285 2268 340 ν.
2311 284 2374 339 Τ.

3336 289 3442 346 730

195 402 525 474 ἀφεθήσεται
563 400 685 455 οὔτε
718 403 777 458 ἐν
819 401 898 473 τῷ
930 402 1024 456 νῦν
1064 401 1218 456 αίῶνι
1263 398 1388 453 οὔτε
1423 401 1480 452 ὲν
1517 399 1593 470 τῷ
1641 399 1759 470 μὲλ-

1874 398 2034 451 ritum
2065 404 2337 462 sanctum,
2370 411 2479 451 non
2503 397 2816 452 remittetur
2865 397 2938 463 ei,
2973 413 3073 453 nec
3116 396 3172 452 in
3205 397 3309 452 hoc
3347 414 3445 455 sa:-

194 493 373 562 λοντι;
398 513 419 546 ι

279 585 595 658 Ἐρμηνεία.
645 584 816 638 Τοῦτο
862 585 1081 658 εἴρηκεν
1109 585 1137 637 ὁ
1177 583 1440 656 Χριστὸς,
1481 582 1664 652 ἐπειδὴ
1691 582 1768 636 δι-

1873 489 2018 552 culo,
2052 505 2152 543 nec
2178 491 2232 542 in
2265 489 2447 542 futuro
2473 489 2517 520 ⁸³
2555 489 2704 560 (82)?

1944 579 2200 634 iuream.
2236 580 2349 634 Hoc
2382 581 2502 636 ideo
2534 581 2671 636 dixit
2697 580 2971 647 Christus,
3005 581 3149 653 quod
3189 597 3312 637 cum
3341 582 3442 637 du-

196 679 364 743 πλοῦς
409 683 528 732 κατ’
561 680 768 740 οὐσίαν,
815 678 948 741 Θεὸς
976 678 1067 731 καὶ
1121 676 1436 748 ἄνθρωπος,
1468 678 1576 740 πᾶς
1619 676 1759 738 ὅστις

1874 671 2032 741 plicis
2073 673 2145 726 sit
2189 673 2460 735 essentiaa,
2499 673 2641 728 Deus
2684 674 2942 728 nimirum
2988 683 3042 728 et
3076 675 3257 740 homo,
3292 673 3441 729 omni

195 767 452 837 ἀθετήσει
505 766 838 838 βλασφημῶν
867 769 946 830 είς
971 767 1070 837 τὴν
1123 767 1300 836 σάρκα
1351 764 1537 828 αὑτοῦ,
1563 762 1766 833 ἀφεθή-

198 877 348 914 σεται
381 860 531 931 αὐτῷ
564 860 973 930 μετανοήσαντι,
1005 858 1084 929 τῷ
1112 858 1169 912 δὲ
1203 857 1654 928 βλασφημήσαντι
1683 857 1764 919 εἰς

193 955 388 1024 vim...

1872 761 2264 831 blasphemiam
2301 773 2488 818 contra
2524 779 2744 818 carnem
2785 764 2960 834 ipsius
3010 765 3273 834 loquenti,
3313 779 3442 834 pec-

1869 860 2050 906 catum
2085 853 2416 914 remittatur,
2459 854 2503 908 si
2543 854 2662 922 ejus
2695 854 2873 924 ipsum
2909 855 3172 924 pmniteat
3201 873 3214 909 :
3247 855 3322 908 illi
3351 869 3444 910 ve-

1867 958 1950 1010 ro,
1981 942 2072 1012 qui
2103 943 2491 1012 blasphemiam
2523 943 2812 1000 dixerit....

1497 1044 1703 1100 thera
1737 1041 2119 1096 desiderantur.

191 1140 500 1209 ...μφαῖνον
513 1137 573 1191 τὸ
592 1137 776 1208 τρίτον
816 1137 1108 1208 πρόσωπον
1132 1135 1318 1207 ὅμοιον
1353 1133 1627 1205 ἀνθρώπῳ
1671 1132 1763 1187 τὸν

190 1227 335 1281 κατὰ
367 1227 650 1298 ἄνθρωπον
683 1225 848 1280 αὐτοῦ
892 1223 1193 1296 παρουσίαν
1226 1222 1582 1294 φανερώτατα
1623 1220 1763 1292 γρά-

191 1334 323 1387 φον·
352 1317 414 1370 τὸ
452 1317 510 1370 δέ
534 1316 791 1386 τέταρτον
815 1316 998 1386 ὅμοιον
1034 1313 1176 1385 ἀετῷ
1202 1311 1506 1383 πετομένῳ,
1533 1311 1632 1382 τὴν
1666 1309 1762 1363 τοῦ

190 1407 508 1477 Πνεῦματος
542 1406 636 1460 ἐπὶ
678 1405 776 1478 τὴν
825 1405 1148 1476 Ἐκκλησίαν
1181 1403 1576 1474 ἐφιπταμένην,
1614 1400 1762 1454 δόσιν

191 1497 511 1568 σαφηνίζον,
544 1496 638 1549 καὶ
664 1496 734 1549 τὰ
771 1494 1075 1563 Εὐαγγέλια
1117 1493 1326 1556 τούτοις
1374 1491 1672 1562 σύμφωνα,
1703 1491 1762 1542 ἐν

187 1584 274 1652 οἷς
333 1587 724 1656 συγκαθέζεται
779 1589 808 1641 ὁ
862 1586 1112 1656 Χριστός.
1178 1585 1252 1637 Τὸ
1316 1583 1414 1654 μὲν
1459 1581 1568 1653 γὰρ
1620 1580 1762 1636 κατὰ

199 1681 454 1751 Ἰωάννην
485 1681 581 1749 τὴν
610 1679 716 1732 ἀπὸ
741 1677 834 1731 τοῦ
867 1675 1078 1746 Πατρὸς
1104 1673 1269 1728 αὐτοῦ
1301 1674 1632 1745 ἡγεμονικὴν
1665 1673 1759 1726 καὶ

1867 1129 2094 1184 ...tertia
2160 1143 2390 1197 persona
2431 1128 2627 1184 similis
2676 1129 2906 1194 homini,
2941 1129 3236 1186 humanam
3289 1130 3438 1188 illius

1869 1219 2236 1290 praesentiam,
2265 1237 2284 1270 ι
2322 1219 2435 1272 sive
2489 1219 2802 1285 adventum,
2843 1238 2863 1273 ι
2902 1221 3207 1276 clarissime
3231 1222 3443 1278 descri-

1870 1311 1950 1365 bit
1986 1329 1998 1365 :
2035 1318 2229 1380 quarta
2254 1310 2488 1380 denique
2510 1312 2812 1365 assimilata
2843 1314 3038 1382 aquila
3058 1314 3284 1376 volanti,
3315 1312 3441 1384 Spi-

1869 1404 2006 1458 ritus
2023 1404 2196 1458 sancti
2221 1404 2510 1473 gratuitam
2535 1405 2681 1457 illam
2699 1404 3042 1460 donationem
3067 1406 3120 1459 in
3141 1405 3440 1462 Ecclesiam

1867 1495 2198 1549 involantem
2239 1495 2504 1549 declarat.
2555 1495 2621 1549 Et
2651 1497 3004 1551 consentiunt
3030 1513 3154 1552 cum
3197 1499 3280 1554 his
3321 1500 3440 1570 ipsa

1865 1588 2025 1642 etiam
2067 1586 2379 1658 Evangelia,
2415 1591 2468 1641 in
2501 1586 2701 1658 quibus
2734 1587 2990 1644 Christus
3031 1605 3136 1644 una
3170 1591 3438 1646 considet.

1863 1676 2001 1732 Illud
2053 1677 2197 1732 enim
2240 1677 2386 1748 quod
2415 1686 2498 1733 est
2537 1680 2837 1734 secundum
2882 1677 3171 1743 Joannem,
3218 1682 3440 1750 exponit

187 1770 399 1837 ἔνδοξον
435 1770 597 1824 αὑτοῦ
621 1771 815 1838 γενεὰν
854 1768 1182 1838 ἐκδιηγεῖται
1213 1765 1414 1834 λέγων·
1444 1783 1462 1816 ι
1504 1766 1591 1818 Ἐν
1615 1765 1757 1836 ἀρχῇ

1874 1768 2021 1823 nobis
2053 1768 2459 1838 imperatoriam
2488 1769 2633 1822 illam
2665 1779 2718 1824 et
2751 1769 3017 1824 illustrem
3044 1771 3219 1840 ipsius
3241 1788 3303 1826 ex
3333 1772 3440 1827 Pa-

185 1857 256 1931 ἦν
285 1860 318 1909 ὁ
346 1859 549 1928 ἐιόγος·
581 1877 600 1910 ι
645 1857 727 1910 διὸ
761 1857 855 1910 καὶ
907 1855 1064 1917 ἀετὸς
1097 1852 1531 1924 μετωνόμασται,
1572 1849 1648 1912 ὡς
1693 1847 1762 1901 τὰ

189 1951 302 2021 ὕψη
347 1990 362 2005 .
409 1991 423 2004 .
470 1991 483 2004 .
527 1989 542 2004 .
587 1991 602 2004 .
647 1990 660 2004 .
707 1987 720 2000 .
765 1987 780 2000 .
818 1985 835 2002 .
881 1987 895 2001 .
935 1943 1380 2016 κενεμϐατήσας,
1410 1938 1660 1994 κάκεῖθεν
1693 1937 1760 1991 τὰ

185 2042 479 2112 ἀπόρρητα
528 2037 774 2110 μυηθεὶς,
826 2035 919 2088 κα)¹
961 2033 1028 2087 τὰ
1083 2033 1301 2105 κρυπτὰ
1345 2032 1446 2102 τῆς
1486 2028 1761 2096 θεολογίας

185 2173 202 2188 .
247 2171 263 2186 .
309 2172 326 2188 .
372 2170 385 2184 .
429 2169 442 2183 .
486 2168 502 2184 .
545 2170 559 2184 .
604 2171 620 2186 .
662 2127 1100 2199 ἀνιμησάμενος,
1132 2125 1226 2178 καὶ
1264 2123 1362 2194 τὴν
1395 2123 1631 2192 ἄρρητον
1666 2119 1761 2172 καὶ

183 2222 574 2293 ἀκατάληπτον
623 2220 876 2290 γέννησιν
916 2217 1010 2270 τοῦ
1049 2213 1180 2270 Υίοῦ
1222 2213 1314 2267 τοῦ
1349 2212 1482 2265 Θεοῦ
1519 2227 1760 2282 συγγρα-

179 2312 427 2383 ψάμενος
445 2351 458 2364 .
505 2310 577 2363 Τὸ
597 2309 652 2362 δὲ
678 2307 819 2362 κατὰ
845 2308 1056 2361 Λουκᾶν
1077 2305 1304 2377 ἄρχεται
1333 2303 1439 2355 ἀπὸ
1469 2299 1563 2354 τοῦ
1585 2301 1761 2369 Ζαχα-

183 2405 305 2476 ρίου
351 2401 463 2464 ,τοῦ
517 2401 731 2473 ἱερέως·
767 2399 830 2452 τὸ
872 2399 929 2452 δέ
976 2397 1116 2450 κατὰ
1171 2394 1444 2450 Ματθαῖον
1489 2391 1585 2463 τὴν
1619 2389 1762 2445 κατὰ

179 2495 473 2565 ἄνθρωπον
523 2491 686 2546 αὐτοῦ
746 2492 998 2560 γέννησιν
1050 2489 1281 2560 γράφει·
1322 2505 1340 2538 ι
1369 2485 1556 2548 Βίϐλος
1607 2482 1759 2551 γενέ-

182 2601 348 2647 σεως.
381 2603 399 2634 ›
450 2582 522 2635 Τὸ
558 2582 616 2635 δὲ
656 2579 795 2634 κατὰ
829 2579 1089 2650 Μάρκον·
1119 2596 1138 2628 ι
1175 2576 1340 2647 Ἀρχὴ
1385 2573 1478 2631 τοῦ
1516 2571 1762 2639 Εὑαγγε-

178 2673 322 2727 λὶου.
353 2693 371 2720 ι
404 2673 502 2725 Διὰ
542 2672 698 2726 τοῦτο
740 2671 832 2725 καὶ¹
867 2671 1130 2742 τέσσαρες
1178 2667 1464 2722 καθολικαὶ
1503 2664 1759 2734 διαθῆκαι

175 2769 291 2828 τοῖς
319 2763 626 2836 ἀνθρώποις
646 2763 903 2833 ἐδόθησαν
923 2779 935 2791 ·
964 2761 1060 2833 μία
1089 2760 1186 2832 μὲν
1212 2757 1352 2812 κατὰ
1373 2757 1463 2810 τὸν
1493 2754 1760 2809 κατακλυ-

180 2856 322 2927 σμὸν
345 2854 440 2908 τοῦ
459 2855 579 2909 Νῶε
600 2855 691 2907 ἐπὶ
707 2854 798 2908 τοῦ
821 2853 975 2918 τόξου
997 2870 1009 2882 ·
1025 2851 1250 2925 δευτέρα
1278 2850 1371 2902 ἐπὶ
1391 2848 1484 2901 τοῦ
1510 2846 1759 2917 Ἀϐραὰμ

178 2949 275 3002 ἐπὶ
319 2947 416 3001 τοῦ
453 2947 677 3018 σημείου
730 2946 832 3016 τῆς
879 2945 1202 3015 περιτομῆς·
1253 2941 1411 3012 τρίτη
1465 2943 1498 3012 ὴ
1545 2939 1633 2993 διὰ
1663 2935 1758 2992 τοῦ

175 3041 428 3106 Μωσέως
455 3041 514 3096 ἐν
539 3042 606 3111 τῇ
654 3039 976 3110 νομοθεσίᾳ·
1007 3037 1240 3106 τετάρτη
1267 3035 1300 3105 ἡ
1331 3032 1419 3088 διὰ
1466 3030 1558 3086 τοῦ
1603 3030 1758 3099 ἁγίου

1864 1867 1944 1912 tre
1970 1859 2332 1924 nativitatem,
2371 1875 2495 1913 cum
2533 1861 2608 1914 ait
2637 1879 2650 1914 :
2683 1879 2702 1912 ι
2741 1859 2798 1914 In
2832 1862 3105 1930 principio
3138 1871 3258 1916 erat
3297 1863 3436 1918 Ver-

1861 1948 1990 2004 bum
2017 1949 2082 2004 “.
2115 1967 2134 2000 ι
2197 1948 2562 2014 Quamobrem
2616 1951 2780 2003 etiam
2838 1969 2856 2001 ι
2892 1949 3132 2006 Joannes
3165 1971 3184 2002 ι
3244 1953 3440 2021 aquila

1863 2054 2062 2093 nomen
2092 2039 2299 2108 accepit
2324 2055 2389 2092 eo
2415 2039 2558 2109 quod
2588 2040 2851 2095 altissima
2872 2057 3100 2111 quaeque
3131 2046 3437 2114 pervolans,

1865 2130 1995 2185 inde
2022 2132 2481 2200 inexplicabilium
2531 2133 2814 2187 scientiam
2848 2133 3098 2198 edoctus,
3131 2144 3184 2190 et
3223 2139 3439 2193 occulta

1860 2219 2057 2275 divina:
2094 2219 2359 2274 doctrina:
2395 2220 2676 2286 deserens,
2720 2221 2865 2274 illam
2901 2238 3022 2291 quae
3061 2225 3224 2280 nullis
3258 2227 3438 2282 verbis

1861 2311 2080 2380 exponi,
2125 2312 2387 2380 nulloque
2435 2311 2666 2365 rationis
2715 2311 2994 2365 intellectu
3046 2314 3436 2382 comprehendi

1863 2410 2063 2472 potest,
2087 2399 2208 2453 Filii
2243 2401 2649 2468 generationem
2682 2403 3092 2471 conscripserit.
3123 2405 3278 2469 Quod
3306 2422 3439 2461 vero

1863 2491 2163 2546 secundum
2221 2489 2423 2544 Lucam
2461 2507 2491 2544 a
2542 2495 2825 2546 sacerdote
2868 2491 3132 2546 Zacharia
3171 2496 3382 2548 orditur
3419 2515 3434 2549 :

1863 2589 1917 2637 et
1942 2581 2085 2652 quod
2120 2588 2203 2636 est
2235 2582 2534 2636 secundum
2573 2581 2904 2644 Matthaeum,
2943 2585 3083 2652 ejus,
3126 2600 3232 2653 qua
3272 2585 3436 2640 homo

1860 2681 1985 2737 est,
2039 2674 2442 2744 generationem
2501 2676 2768 2742 exponit:
2809 2694 2828 2726 ι
2876 2674 3056 2739 Liber,
3111 2676 3307 2746 inquit,
3353 2693 3439 2748 ge-

1859 2763 2162 2817 nerationis
2203 2761 2268 2816 ⁶⁸.
2305 2781 2324 2814 ι
2356 2764 2426 2816 At
2468 2764 2615 2833 quod
2664 2772 2748 2819 est
2793 2766 3095 2820 secundum
3139 2766 3381 2821 Marcum
3419 2786 3433 2823 :

1866 2872 1886 2905 ι
1927 2854 2298 2925 Principium,
2360 2856 2470 2918 ait,
2534 2855 2812 2926 Evangelii
2847 2857 2914 2913 ⁸⁸.
2957 2877 2976 2910 ι
3027 2857 3094 2912 Et
3155 2858 3286 2914 hinc
3351 2866 3437 2915 est

1860 2945 2006 3014 quod
2067 2944 2212 3000 Deus
2260 2959 2384 2998 cum
2438 2945 2753 3003 hominibus
2815 2955 3054 3017 quatuor
3106 2949 3436 3005 universalia

1867 3035 2074 3092 fmdera
2131 3039 2374 3092 sanxerit
2415 3055 2429 3092 :
2469 3039 2704 3107 primum
2737 3039 2956 3108 quidem
3008 3043 3129 3110 post
3174 3041 3438 3095 diluvium

175 3098 538 3202 Εὖαγγελίου,
569 3098 661 3184 τοῦ
695 3098 900 3201 Ιξυρίου
919 3098 1086 3200 ’ἡμῶν
1119 3098 1300 3200 ’ίησοῦ
1326 3122 1562 3198 Χριστοῦ
1597 3098 1755 3192 χάρις

1874 3139 1989 3178 cum
2027 3123 2162 3189 Noe,
2199 3140 2296 3195 per
2319 3139 2504 3178 arcum
2537 3144 2549 3180 :
2583 3127 2886 3181 secundum
2920 3143 3053 3183 vero
3097 3144 3219 3183 cum
3263 3129 3438 3182 Abra-

179 3225 280 3276 xai.
307 3221 509 3292 δωρεά.

1864 3213 2046 3282 hamo,
2091 3213 2192 3274 sub
2242 3215 2522 3290 signaculo
2556 3216 2992 3280 circumcisionis
3029 3236 3045 3279 :
3079 3220 3297 3280 tertium
3341 3233 3438 3286 per

177 3312 409 3378 Mosem,
443 3327 568 3366 cum
597 3311 745 3382 leges
779 3309 946 3366 ferret
977 3327 991 3364 :
1023 3314 1280 3380 quartum
1309 3303 1564 3376 denique,
1608 3305 1754 3377 quod
1791 3313 1877 3363 est
1908 3309 2084 3380 gratia
2112 3319 2167 3364 et
2196 3310 2421 3380 donum,
2446 3327 2542 3382 per
2562 3328 2780 3368 sacrum
2819 3314 3172 3387 Evangelium
3213 3313 3430 3370 Domini

178 3409 357 3464 nostri
387 3406 518 3462 Jesu
551 3405 775 3462 Christi.

270 3523 374 3578 ει(
433 3523 566 3576 Tor
643 3497 1375 3644 ΠΑΑΑιλρέιΑηιΑφοΡοι
1412 3519 1649 3572 EPMH—

243 3707 424 3780 Ερώτ.
452 3705 558 3778 μζν.
577 3703 641 3758 Τί
659 3705 806 3757 ἐστιν
823 3719 836 3733 ·
877 3721 895 3754 ι
917 3701 984 3755 Ἠ
1001 3701 1058 3755 δὲ
1080 3699 1153 3772 γῆ
1172 3697 1238 3773 ἦν
1258 3699 1484 3773 ἀόρατος
1506 3699 1600 3755 καὶ
1621 3699 1753 3752 ἀκα-

172 3800 547 3861 τασκεύαστος
575 3813 588 3863 ;
623 3816 642 3849 ι

257 3890 450 3943 Ἀπόκ.
477 3889 598 3941 ’Ότι
632 3886 733 3939 οὐκ
757 3880 824 3956 ἦν
852 3883 1035 3955 ἀκμὴν
1055 3881 1410 3954 κοσμηθεῖσα.
1439 3880 1756 3952 Ἐπικειμέ-

1855 3515 2017 3588 265
2081 3514 2181 3570 EX
2277 3516 2545 3588 VEIERI
2594 3518 3094 3576 TESTAMENTO
3169 3519 3437 3576 INTER-

2383 3587 2928 3645 PRETATIONES.

1927 3700 2146 3768 Qus-1'.
2187 3699 2392 3756 XLVII.
2441 3700 2709 3767 Quidnam
2745 3709 2828 3757 est
2857 3702 2988 3756 illud
3022 3723 3036 3758 :
3073 3721 3092 3755 ι
3129 3703 3299 3760 Terra
3337 3721 3436 3760 au-

1852 3796 1962 3844 tem
1995 3796 2113 3844 erat
2141 3789 2428 3845 invisibilis
2457 3799 2512 3844 et
2538 3790 2898 3860 incomposita
2925 3791 3016 3844 ‘7?
3057 3812 3076 3845 ι

1929 3881 2095 3937 Besr.
2151 3882 2290 3948 Quia
2339 3882 2582 3936 nondum
2634 3889 2750 3936 erat
2801 3891 3085 3937 exornata.
3160 3884 3436 3943 lnsidente

173 3998 266 4033 νου
315 3979 428 4049 γὰρ
458 3976 554 4031 τοῦ
597 3975 787 4040 ὕδατος
817 3975 1016 4029 -ἐπάνω
1047 3974 1238 4044 αὐτῆς,
1272 3972 1499 4043 ἀόρατος
1541 3967 1609 4042 ἦν
1635 3973 1753 4041 ἦτοι

1874 3986 2092 4040 Jamque
2118 3985 2282 4040 super
2306 3978 2506 4025 terram
2538 3986 2699 4040 aqua,
2731 3971 2903 4026 videri
2940 3989 3048 4028 non
3080 3984 3312 4044 poterat,
3346 3977 3433 4030 iu-

174 4072 491 4144 ἀθεὼρητος
538 4071 632 4123 καὶ
689 4070 935 4141 ἀφανής·
992 4065 1468 4128 ἀκατασκεύαστος
1521 4065 1580 4119 δέ
1635 4064 1754 4135 ἦτοι

1874 4063 2092 4118 visibilis
2134 4063 2386 4118 videlicet
2425 4074 2478 4118 et
2518 4065 2770 4119 occulta:
2807 4066 3085 4120 incondita
3136 4082 3268 4120 vero
3303 4083 3434 4122 nec-

175 4165 619 4227 ἀκαλλώπιστος,
666 4161 1020 4224 ἁτελείωτος·
1064 4159 1246 4230 ἀκμὴν
1297 4159 1406 4230 γὰρ
1462 4157 1560 4210 οὐκ
1611 4152 1756 4227 εἶχεν

1874 4154 1990 4209 lum
2033 4162 2319 4220 exornata,
2379 4169 2479 4208 nec
2523 4155 2786 4224 perfecta.
2823 4155 3017 4212 Nullus
3061 4157 3204 4210 enim
3234 4158 3309 4212 illi
3337 4158 3434 4212 ad-

175 4256 297 4310 οῠτε
325 4255 489 4327 ἄνθη,
522 4253 644 4308 οὗτε
669 4252 958 4325 λειμῶνας,
992 4249 1116 4304 οὔτε
1151 4249 1312 4320 φυτὰ,
1339 4247 1461 4302 οὔτε
1497 4249 1752 4320 βλάστην.

1874 4259 1965 4301 ιυε
1992 4244 2145 4322 vigor
2169 4252 2310 4308 erat,
2343 4243 2478 4297 nulli
2509 4244 2674 4300 ﬂores
2702 4247 2782 4302 vel
2813 4254 2990 4317 prata,
3025 4262 3202 4316 neque
3230 4249 3430 4318 planta:

1855 4337 1938 4392 vel
1967 4351 2188 4406 germen
2220 4336 2462 4405 aliquod.

1920 4427 2142 4493 Qums'r.
2174 4425 2405 4481 XLVIII.
2438 4427 2630 4492 Qualis
2673 4437 2792 4482 erat
2835 4429 2925 4483 ille
2954 4429 3198 4499 spiritus,
3229 4429 3321 4500 qui
3351 4428 3430 4487 fe-

1778 4521 1822 4576 D
1849 4517 2069 4571 rebatur
2098 4531 2260 4584 super
2289 4517 2497 4584 aquas?

1915 4605 2080 4662 Resr.
2113 4605 2345 4661 Videtur
2373 4607 2592 4677 quidem
2628 4608 2952 4676 quibusdam
2995 4609 3138 4679 quod
3184 4610 3273 4665 ille
3303 4625 3431 4665 san-

259 4435 452 4506 Ἐρώτ.
482 4431 596 4504 μη’.
630 4432 789 4485 Ποῖον
832 4429 1052 4500 πνεῦμα
1100 4427 1397 4500 ἐπεφέρετο
1434 4427 1617 4480 ἐπάνω
1656 4425 1749 4480 τοῦ

177 4527 366 4591 ὓδατος
380 4544 396 4592 ;

257 4619 449 4673 Ἀπόκ.
477 4618 601 4672 Τισὶ
632 4617 727 4686 μὲν
763 4614 990 4670 δοκεῖτὸ
1014 4615 1274 4682 πανὰγιον
1301 4611 1525 4684 Πνεῦμα
1547 4611 1746 4678 ζωογο-

175 4710 300 4763 νοῦν
337 4710 436 4780 τὴν
467 4707 576 4761 τῶν
603 4707 806 4761 ὑδάτων
850 4705 1035 4774 φύσιν·
1088 4702 1198 4772 ἐγὼ
1239 4703 1298 4756 δέ
1347 4701 1618 4774 ἁρμοδίως
1661 4701 1743 4766 τὸ,

1874 4709 1973 4754 :tus
2003 4700 2075 4756 sit
2105 4699 2364 4770 Spiritus,
2392 4700 2676 4756 viviﬁcans
2708 4716 2972 4770 aquarum
3009 4715 3258 4756 naturam
3292 4703 3427 4775 (85).

180 4815 201 4846 ι
231 4794 553 4866 ἐπεφέρετο,
586 4812 605 4845 ι
636 4793 734 4862 τὴν
767 4791 1047 4864 κινητικὴν
1068 4789 1162 4844 τοῦ
1193 4791 1350 4862 ἀέρος
1381 4789 1564 4843 οὐσίαν
1603 4789 1745 4860 φημὶ

1874 4792 1962 4862 Ego
2013 4808 2142 4847 vero
2184 4792 2327 4846 haud
2376 4793 2793 4862 incongruenter
2849 4809 2946 4863 per
3000 4795 3132 4850 illud
3181 4796 3427 4859 verbum,

175 4885 546 4961 παραδηλοῦν,
585 4886 729 4939 καθὰ
782 4885 877 4939 καὶ
929 4883 1093 4937 Δαϐὶδ
1138 4885 1266 4954 περὶ
1307 4881 1400 4935 τοῦ
1453 4880 1588 4935 Θεοῦ
1637 4881 1745 4934 τῶν

1874 4903 1876 4935 l
1904 4884 2176 4940 ferebatur
2193 4885 2257 4948 ⁸⁸,
2288 4903 2307 4936 ι
2329 4884 2450 4938 dico
2478 4885 2773 4955 signiﬁcari
2798 4884 3214 4941 motivam’aeris
3239 4901 3430 4940 essen-

175 4978 312 5033 ὅλων
336 4979 470 5050 φησί
540 4996 558 5030 ι
585 4977 813 5031 Πνεύσει
838 4977 898 5030 τὸ
921 4975 1136 5048 πνεῦμα
1162 4974 1347 5044 αὐτοῦ,
1373 4976 1467 5030 καὶ
1490 4976 1748 5048 ρυήσεται

1880 4979 2024 5033 iam:
2062 4979 2225 5033 etiam
2259 4977 2416 5047 juxta
2474 4977 2643 5033 David
2677 4978 2744 5034 de
2797 4977 2907 5033 Deo
2937 4980 3313 5034 universorum
3343 4977 3427 5031 di-

178 5070 367 5125 ὕδατα.
393 5089 412 5122 ι
1852 5077 2093 5124 centem:
2152 5087 2170 5120 ι
2205 5069 2384 5124 Flabit
2412 5070 2638 5139 spiritus
2685 5068 2804 5138 ejus
2831 5077 2886 5124 et
2915 5070 3084 5124 [luent
3124 5084 3278 5139 aquae
3303 5069 3366 5122 ".
3393 5087 3418 5121 ›

260 5161 455 5234 Ἐρώτ.
487 5159 592 5232 μθ’.
622 5160 720 5214 Διὰ
750 5160 824 5224 τί,
850 5159 978 5231 μίαν
1003 5159 1101 5231 τὴν
1127 5158 1449 5232 συναγωεὴν
1489 5158 1596 5212 τῶν
1622 5157 1748 5212 ὑδά-

1923 5158 2145 5226 Ουιεδτ.
2178 5159 2366 5215 XLIX.
2389 5161 2834 5234 Quare(84)cum
2862 5177 3026 5216 unam
3054 5163 3427 5232 congregatio-

282 5338 328 5370 ⁸³
368 5336 499 5392 Luc.
536 5354 644 5404 xu,
678 5339 766 5395 10.
867 5339 912 5370 ⁸⁸
946 5336 1104 5393 Joan.
1143 5354 1191 5402 ι,
1230 5338 1279 5391 ll.
1377 5337 1424 5369 ⁸⁸
1460 5336 1651 5392 Matth.
1687 5352 1737 5401 ι,

1901 5337 1946 5368 ⁸⁸
1985 5336 2151 5393 Marc.
2187 5354 2237 5404 ι,
2276 5338 2326 5393 1.
2404 5340 2447 5370 ⁸⁷
2486 5339 2621 5396 Gen.
2655 5355 2704 5404 I,
2737 5341 2790 5394 2.
2872 5339 2917 5370 ⁸⁸
2955 5337 3085 5393 ibid.

177 5423 354 5464 cxmt
381 5449 396 5475 ,
431 5409 522 5466 18.

1377 5337 1424 5369 ⁸⁸
1460 5335 1651 5392 Matth.
1687 5352 1702 5390 ι
1724 5376 1737 5401 ,

1901 5337 1946 5368 ⁸⁸
1985 5336 2151 5393 Marc.
2187 5354 2237 5404 ι,
2276 5338 2326 5393 1.
2404 5340 2447 5370 ⁸⁷
2486 5339 2621 5396 Gen.
2655 5355 2704 5408 I,
2737 5341 2790 5394 2.
2872 5339 2917 5370 ⁸⁸
2955 5337 3085 5393 ibid.
3194 5337 3238 5372 “
3274 5336 3423 5396 Psal.

867 5339 912 5370 “
946 5336 1104 5393 Joan.
1143 5354 1191 5402 ι,
1230 5338 1279 5391 ll.

250 5561 359 5632 (82)
387 5559 485 5615 His
516 5560 716 5616 similia
767 5560 1035 5616 habentur
1079 5574 1245 5632 supra
1297 5559 1501 5626 Quaest.
1539 5559 1607 5613 ad
1635 5559 1747 5614 An-

181 5632 414 5685 tiochum
442 5631 529 5685 72.

254 5701 362 5773 (85)
401 5700 541 5757 Vide
575 5701 777 5769 Quaest.
820 5700 853 5756 8
889 5699 1212 5758 Theodoreti
1249 5702 1304 5756 in
1329 5700 1514 5756 Cenes.

1859 5629 1870 5640 .
1926 5558 2037 5683 (34)
2067 5557 2193 5614 Haec
2217 5559 2332 5630 ipsa
2356 5567 2439 5616 est
2472 5559 2613 5630 apud
2650 5557 3049 5614 Theodoretum
3091 5557 3296 5624 Quaest.
3354 5558 3428 5612 t2

1859 5646 1908 5683 ιη
1985 5646 2123 5683 enea.
2922 5649 2925 5652 ’

1852 5646 1908 5685 ιιι
1939 5646 2123 5685 tenes.
2922 5649 2925 5652 ’
