3852 6192
430 250 528 306 731

1651 242 1710 299 s.
1751 218 2217 297 ATHANASIUS.
2259 267 2329 276 —
2356 234 2629 290 SPURIA.

3565 223 3673 279 73?.

430 379 556 420 nem
616 375 882 433 aquarum
915 360 1166 429 dixisset,
1216 360 1564 431 postmodum
1606 361 1807 417 multas
1833 374 1998 415 voca-
2028 402 2037 418 .

2155 373 2209 410 uv
2233 353 2420 419 εἰπὼν,
2453 351 2593 425 μετὰ
2621 349 2793 405 ταῦτα
2818 346 3017 410 πολλάς
3035 344 3421 433 προσωνόμασε
3444 357 3459 406 ;
3486 360 3505 433 ι
3542 342 3674 433 Συνῖ

431 455 554 511 vit?
610 430 796 525 ln'quit
854 453 1000 511 enim
1042 473 1055 509 :
1112 473 1131 506 ι
1168 430 1512 525 congregata
1544 461 1628 510 est
1660 468 1822 525 aqua,
1878 467 2001 525 quae

2155 445 2240 518 (θη
2273 466 2291 497 ι
2314 444 2445 516 γὰρ,
2480 442 2633 516 φησι,
2663 460 2682 494 ι
2712 441 2773 495 τὸ
2798 440 2938 511 ὕδωρ
2969 437 3031 491 τὸ
3053 434 3306 501 ὑποκάτω
3329 431 3421 487 τοῦ
3443 430 3675 505 οὐρανοῦ

433 546 539 602 sub
565 547 707 601 cmlo
732 556 872 613 erat,
901 545 957 600 in
989 546 1439 616 congregationes
1466 561 1596 602 suas
1615 547 1682 600 7°.
1710 564 1727 598 ι

495 638 660 696 Resp.
689 637 808 694 Una
841 645 927 694 est
972 653 1239 709 aquarum
1289 645 1489 692 natura
1537 644 1592 694 et
1637 636 2000 708 congregatio.

2103 541 2183 602 εἰς
2207 539 2307 600 τὰς
2339 533 2661 605 συναγωγάς
2692 532 2890 588 αὐτῶν.
2919 550 2938 584 ι

2186 626 2373 679 Ἀπόκ.
2392 625 2506 679 Μία
2521 623 2758 680 ἐπὶτῶν
2778 623 2985 677 ὑδάτων
3000 624 3033 692 ὴ
3056 621 3216 691 φύσις
3240 618 3333 674 καὶ
3353 618 3644 688 συναγωγή
3660 634 3673 646 ·

435 729 728 787 Pluraliter
765 746 896 785 vero
949 706 1298 785 eollectiones
1326 731 1562 795 vocavit,
1594 745 1660 785 eo
1689 706 1834 801 quod
1849 706 2007 783 aliud

2155 716 2485 788 ληθυντικῶς
2514 715 2571 770 δέ
2624 713 2725 778 τὰς
2777 712 3094 783 συναγωγὰς
3137 711 3437 801 ὠνόμασεν,
3489 706 3678 801 ἐπειδὴ

436 822 660 891 quidem
697 829 781 877 est
813 820 1055 876 Indicum
1087 821 1336 893 pelagus,
1367 819 1517 874 aliud
1538 835 1669 876 vero
1698 819 2005 885 Ponticum,

2107 809 2235 863 ἄλλο
2288 809 2386 879 μὲν
2418 806 2480 861 τὸ
2514 805 2732 861 Ἰνδικὸν
2762 804 3014 873 πέλαγος,
3043 802 3170 856 ἄλλο
3201 801 3260 855 δέ
3304 800 3366 853 τὸ
3396 797 3680 860 Ποντικὸν,

438 887 496 967 et
563 910 717 966 aliud
772 887 1135 976 Atlanticum,
1188 887 1337 965 aliud
1389 908 1702 981 Propontis,
1764 909 2008 981 AEgaeum

2155 897 2204 949 ιιι
2217 896 2276 949 τὸ
2298 894 2637 949 Ἀτλαντικὸν
2662 894 2866 966 ἓτερον,
2890 893 2985 947 καὶ
3012 891 3139 948 ἄλλο
3171 891 3266 962 μὲν
3293 892 3328 961 ὴ
3356 887 3681 960 Προποντὶς,

443 1003 614 1068 aliud,
641 1010 695 1059 et
726 1003 875 1058 aliud
915 1004 1062 1058 Ionis
1105 1004 1282 1059 sinus.
1315 1003 1480 1057 Extra
1509 1017 1659 1070 vero,
1684 1010 1886 1057 terram
1928 1001 2010 1055 al—

444 1095 547 1150 luit
573 1095 871 1150 maximum
901 1097 1149 1167 pelagus,
1168 1096 1353 1166 quuod
1375 1094 1652 1149 Oceanum
1671 1093 1894 1164 quidam
1919 1108 2012 1146 vo-

453 1193 601 1241 cant.
636 1186 871 1241 Eam‘ob
915 1202 1161 1253 causam,
1194 1201 1390 1257 aquam
1429 1186 1647 1257 quidem
1681 1196 1740 1240 ut
1766 1195 1850 1242 est
1891 1202 2016 1241 con-

446 1285 691 1349 gregata,
723 1279 1140 1346 collectionem;
1172 1287 1231 1333 ut
1280 1286 1460 1333 autem
1510 1280 1578 1332 ab
1610 1278 1716 1332 alia
1765 1287 2016 1348 separata

446 1378 551 1430 est.
584 1369 936 1424 collectiones
973 1371 1210 1425 vocavit.

516 1459 738 1527 Quas'r.
766 1459 827 1515 L.
861 1462 1041 1527 Quare
1078 1462 1259 1516 lumen
1302 1462 1588 1531 separabat
1636 1462 1776 1516 diem
1828 1470 1881 1516 et
1923 1478 2021 1516 no-

447 1558 588 1605 ctem
616 1558 906 1620 antequam
935 1552 1016 1605 sol
1044 1559 1262 1607 creatus
1287 1551 1611 1609 esset?Nam
1637 1553 1717 1607 sol
1740 1559 1792 1605 et
1814 1553 2022 1622 reliqua

2112 986 2207 1040 καὶ
2236 985 2459 1054 Αἰγαῖον
2495 985 2703 1056 ἕτερον,
2746 985 2842 1037 καὶ
2869 982 3025 1047 ἄλλος
3065 981 3226 1036 πάλιν
3263 982 3292 1034 6
3330 977 3527 1041 Ἰὠνιος
3559 977 3684 1030 κόλ-

2114 1094 2232 1140 πος.
2257 1074 2495 1143 Ἔξωθεν
2532 1074 2591 1127 δέ
2635 1073 2796 1128 πάλιν
2825 1072 3096 1126 ἐπίκειται
3127 1071 3188 1124 τὸ
3228 1070 3488 1142 μέγιστον
3520 1067 3688 1122 πέλα-

2116 1183 2230 1236 γος,
2262 1166 2290 1219 ὃ
2319 1182 2463 1229 τινες
2501 1164 2750 1219 Ὠκεανὸν
2779 1154 3125 1235 ὀνομάζουσι.
3166 1161 3366 1214 Τούτου
3394 1160 3579 1231 χάριν,
3612 1158 3687 1221 ὡς

2122 1259 2217 1328 μὲν
2248 1256 2614 1328 συνηγμένην,
2655 1256 2975 1326 συναγωγὴν
3029 1254 3155 1325 μίαν
3184 1252 3486 1324 ὠνόμασενε
3530 1250 3609 1314 ὡς
3633 1250 3688 1304 δὲ

2116 1347 2519 1419 διαιρουμένην,
2558 1344 2902 1416 συναγωγάς.

2204 1443 2397 1528 Ἐρῶτ.
2428 1458 2489 1514 ν’.
2520 1459 2678 1513 Ποῖον
2704 1457 2820 1527 φῶς
2850 1454 3079 1528 ἐχώριςε
3109 1455 3207 1526 τὴν
3235 1456 3443 1526 ἡμέραν
3471 1453 3569 1507 καὶ
3595 1451 3693 1524 τὴν

2122 1549 2311 1613 νύκτα,
2344 1549 2472 1620 πρὶν
2498 1546 2749 1616 γενέσθαι
2781 1548 2873 1601 τὸν
2900 1547 3081 1618 ἥλιονς
3112 1547 3220 1600 Καὶ
3244 1546 3352 1619 γὰρ
3371 1548 3400 1599 6
3426 1545 3577 1615 ἣλιος
3601 1544 3695 1598 καὶ

451 1642 737 1695 luminaria
765 1651 948 1711 postea
987 1641 1203 1697 demum
1227 1649 1356 1697 sunt
1392 1642 1550 1697 facta.
1580 1643 1861 1710 Quomodo
1891 1660 2021 1715 ergo

2157 1644 2172 1695 ἱ
2201 1641 2377 1695 λοιποὶ
2412 1640 2695 1712 φωστῆρες
2735 1640 2958 1710 ὕστερον
2988 1638 3251 1708 ἐγένοντο.
3296 1656 3316 1689 ι
3339 1639 3451 1692 Kal.
3480 1637 3697 1705 ἐγένετο

450 1732 587 1786 illud
626 1708 1038 1802 intelligendum
1067 1752 1079 1787 :
1118 1752 1136 1784 ι
1162 1732 1228 1786 Ει
1258 1732 1362 1787 fuit
1394 1708 1619 1804 vespera
1651 1743 1704 1789 et.
1736 1735 1836 1788 fuit
1861 1708 2021 1790 mane

2155 1734 2177 1786 ἐ
2211 1708 2438 1804 ἑσπέρα,
2468 1734 2563 1786 καὶ
2588 1708 2813 1802 ’ἐγένετο
2838 1708 2978 1805 πρωϊ
3006 1731 3207 1803 ἡμέρα,
3234 1750 3253 1783 ι
3282 1728 3401 1794 πῶς
3433 1728 3543 1799 γὰρ
3575 1745 3700 1798 νοη-

451 1823 571 1880 dies
593 1826 661 1887 τί,
704 1842 724 1876 ι
755 1839 880 1879 cum
909 1825 988 1880 sol
1019 1825 1261 1879 nondum
1284 1825 1479 1880 esset?
1516 1830 1529 1839 '

516 1918 677 1970 Rsse.
712 1914 827 1970 Fiat
855 1917 970 1981 lux,
1001 1917 1137 1971 dixit
1167 1916 1331 1982 Deus,
1358 1923 1413 1972 et
1450 1916 1592 1972 facta
1617 1927 1715 1972 est.
1741 1918 1837 1971 Illa
1858 1917 2024 1989 igitur

453 2019 595 2072 erat,
624 2023 748 2077 quae
789 2008 1164 2078 distinguebat
1193 2007 1338 2062 diem
1384 2023 1451 2063 ac
1490 2018 1727 2066 noctem.
1772 2008 1841 2062 Et
1887 2008 2027 2063 dixit

456 2098 622 2164 Deus,
652 2117 670 2149 ί
699 2098 819 2152 Fiat
850 2099 965 2163 lux,
988 2108 1040 2154 et
1061 2099 1202 2153 facta
1226 2110 1360 2154 εει.»
1391 2098 1509 2155 Lux
1541 2101 1631 2154 illa
1663 2116 1773 2155 non
1799 2107 1882 2156 est
1906 2101 2021 2156 sol:

456 2191 639 2260 qualis
664 2205 793 2246 vero
820 2191 913 2244 lux
940 2190 1032 2255 sit,
1059 2189 1208 2245 audi.
1237 2189 1333 2245 Est
1356 2190 1471 2246 haec
1495 2191 1587 2245 lux
1618 2191 1709 2245 illa
1739 2192 2024 2256 matutina,

459 2295 581 2350 quae
612 2280 858 2336 exoritur
883 2281 1123 2335 diluculo
1173 2287 1228 2336 et
1274 2279 1539 2335 mundum
1578 2281 1836 2349 illustrat,
1878 2292 2029 2337 ante-

458 2386 625 2442 quam
670 2373 753 2427 sol
795 2372 1025 2426 oriatur.
1054 2370 1166 2427 Nec
1190 2371 1384 2442 aliquis
1411 2379 1584 2443 putet,
1609 2373 1753 2445 quod
1775 2373 1909 2429 solis
1941 2373 2032 2429 hlc

462 2462 721 2534 splendor
743 2463 929 2532 sitqui
956 2462 1127 2517 solem
1177 2462 1520 2532 praeveniens
1569 2462 1752 2518 statim
1787 2462 1934 2518 lucet
1977 2470 2032 2517 et

463 2551 728 2607 mundum
761 2551 1036 2620 illustrat;
1075 2552 1170 2607 sed
1200 2552 1306 2606 hoc
1353 2549 1488 2606 illud
1533 2551 1713 2621 ipsum
1756 2561 1839 2607 est
1885 2550 2032 2621 quod

463 2643 598 2700 dicit
623 2644 909 2715 Scriptura
957 2660 972 2696 :
1016 2662 1035 2696 ι
1064 2643 1132 2698 Et
1162 2643 1303 2699 dixit
1328 2641 1507 2700 Deus:
1547 2642 1668 2698 Fiat
1701 2644 1816 2708 lux,
1848 2651 1902 2699 et
1949 2642 2032 2698 fa-

463 2742 554 2791 cta
589 2744 672 2791 est
700 2735 908 2791 ιυιη.»
946 2733 1075 2792 Haec
1124 2736 1220 2790 lux
1248 2748 1444 2807 magna
1485 2740 1540 2790 et
1592 2733 2033 2804 splendidissima

463 2844 591 2884 cum
623 2836 792 2896 esset,
826 2828 1014 2885 divisit
1040 2842 1162 2884 eam
1189 2825 1336 2883 Deus
1373 2827 1433 2883 in
1461 2825 1750 2882 luminaria
1794 2827 1910 2894 illa,
1944 2840 2035 2884 so-

463 2922 573 2979 lem
602 2928 659 2977 et
689 2921 900 2987 lunam,
937 2930 991 2976 et
1019 2920 1252 2992 reliqua.

536 3096 650 3169 (85)
684 3098 911 3163 Quss'r.
936 3094 1025 3150 LI.
1058 3094 1202 3163 Quid
1234 3102 1319 3152 est
1347 3095 1494 3168 quod
1524 3096 1701 3166 inquit
1741 3114 1755 3152 :
1787 3115 1806 3148 ι
1837 3094 1960 3151 Sint
1978 3096 2034 3151 in

466 3190 623 3260 signa
657 3196 712 3244 et
757 3196 1023 3259 tempora,
1055 3197 1110 3243 et
1135 3189 1253 3244 dies
1284 3196 1337 3244 et
1361 3203 1533 3243 annos
1552 3188 1638 3241 7‘?
1662 3208 1680 3239 ι

493 3285 509 3311 '
536 3279 700 3335 Raso.
755 3278 922 3350 Signa
970 3286 1152 3345 vocat,
1208 3279 1277 3332 ad
1317 3279 1754 3349 cognoscendum
1781 3280 2040 3335 sementis

394 3443 399 3446 _
469 3372 753 3436 faciendae,
785 3371 984 3427 messis
1013 3379 1068 3426 et
1112 3370 1396 3426 vindemia:
1427 3371 1908 3440 opportunitatem,
1932 3386 2041 3441 quo

469 3473 712 3530 tempore
762 3463 1143 3533 plantandum,
1195 3471 1248 3518 et
1293 3463 1442 3532 ligna
1502 3462 1721 3531 quando
1762 3461 2038 3520 caedenda.

470 3551 606 3606 Nam
630 3553 835 3622 quaevis
869 3561 1163 3623 tempestas
1198 3553 1471 3621 peculiare
1493 3553 1657 3607 habet
1704 3568 1862 3623 opus.
1897 3551 2044 3618 Qua-

474 3656 597 3702 tuor
648 3661 883 3716 namque
942 3651 1295 3715 tempestates
1333 3645 1497 3707 habet
1550 3661 1749 3712 annus,
1806 3660 2041 3716 quarum

473 3755 705 3812 quaeque
744 3731 905 3794 suum
935 3754 1074 3808 opus
1098 3738 1278 3792 habet.

537 3830 647 3901 (86)
672 3830 889 3896 Quas-1'.
917 3828 1023 3884 ιιι.
1050 3828 1229 3896 Quare
1262 3829 1476 3899 plantas
1501 3829 1716 3899 quidem
1741 3837 1865 3887 ante
1885 3832 2047 3886 lumi-

475 3925 630 3979 naria
658 3924 861 3979 creavit
884 3922 1047 3988 Deus,
1077 3923 1332 3977 animalia
1361 3937 1490 3978 vero
1518 3924 1676 3993 post?

520 4084 523 4089 Α
546 4015 711 4071 Βεερ.
736 4015 1029 4085 Propterea
1065 4015 1210 4085 quod
1258 4016 1456 4085 planta:
1480 4025 1608 4070 sunt
1635 4016 1967 4079 inanimatae,
1997 4024 2050 4072 et

477 4124 589 4165 non
610 4109 811 4163 habent
839 4108 1031 4163 oculos
1056 4147 1071 4173 ,
1101 4114 1337 4176 suntque
1361 4115 1557 4161 creatae
1587 4119 1712 4162 ante
1738 4109 2046 4163 luminaria.

479 4199 834 4271 Splendorem
869 4198 1016 4253 enim
1065 4198 1205 4252 lucis
1248 4197 1557 4267 portabant,
1594 4205 1716 4267 post
1762 4198 2051 4254 luminaria

478 4306 607 4347 vero
634 4291 854 4345 tandem
888 4288 1144 4344 animalia
1168 4297 1349 4344 creata
1378 4296 1522 4344 sunt.
1546 4287 1680 4343 Nam
1703 4289 1876 4343 lucem
1905 4291 2050 4343 illam

2122 1825 2276 1890 τέον;
2306 1824 2460 1878 οὔπω
2480 1824 2589 1897 γὰρ
2616 1824 2791 1896 ἥλιος.

2207 1915 2395 1968 Ἀπόκ.
2425 1914 2499 1966 Τὸ
2529 1913 2643 1983 φῶς
2674 1911 2825 1967 εἶπεν
2856 1914 2885 1966 6
2916 1912 3068 1977 Θεὸς,
3109 1913 3201 1967 καὶ
3229 1913 3465 1981 ἐγένετο.
3491 1912 3702 1965 Ἐκεῖνο

2124 2001 2215 2060 οὖν
2243 2002 2310 2077 ἦν
2342 2006 2403 2058 τὸ
2422 2005 2741 2077 διαχωρίζον
2771 2005 2870 2076 τὴν
2900 2004 3111 2077 ἡμέραν
3135 2003 3228 2057 καὶ
3257 2005 3353 2075 τὴν
3382 2003 3572 2057 νύκτα.
3588 2004 3705 2056 Καὶ

2126 2093 2278 2150 εἶπεν
2306 2099 2334 2150 6
2352 2095 2505 2162 Θεὸς,
2533 2097 2616 2152 ὅτι
2647 2115 2666 2149 ς
2686 2095 2975 2169 Γενηθήτω
3002 2095 3137 2165 φῶς,
3162 2095 3255 2150 καὶ
3281 2094 3494 2164 ἐγένετο
3514 2094 3651 2163 φῶς.
3678 2114 3699 2145 ι

2127 2189 2298 2242 Τοῦτο
2327 2190 2427 2242 οὐκ
2459 2188 2604 2242 ἐστιν
2646 2189 2827 2261 ἥλιος·
2858 2191 3009 2242 ποῖον
3044 2188 3102 2242 δέ
3139 2190 3253 2243 ἐστι
3280 2187 3437 2243 τοῦτο
3467 2188 3528 2241 τὸ
3562 2187 3703 2257 φῶς.

2129 2280 2381 2335 ἄκουσον.
2424 2279 2594 2333 Τοῦτο
2631 2278 2693 2334 τὸ
2719 2279 2833 2351 φῶς
2857 2281 2973 2333 ἐστι
2999 2280 3060 2337 τὸ
3092 2279 3349 2352 πρωῖνὸν,
3393 2280 3531 2350 ὅπερ
3575 2281 3708 2337 άνα-

2128 2371 2315 2442 τέλλει,
2339 2371 2433 2425 καὶ
2470 2370 2692 2441 φωτίζει
2725 2373 2816 2428 τὸν
2845 2373 3047 2444 κόσμον
3080 2371 3188 2426 άπὸ
3220 2370 3363 2444 πρωῒ
3402 2371 3532 2442 πρὶν
3563 2372 3704 2427 ἀνα·

2128 2464 2299 2518 τεῖλαι
2330 2464 2420 2518 τὸν
2451 2465 2622 2536 ἥλιον.
2682 2465 2791 2518 Καὶ
2831 2465 3017 2537 μηδεὶς
3056 2464 3275 2540 νομίσῃ,
3308 2466 3388 2519 ὅτι
3420 2464 3512 2518 τοῦ
3552 2464 3707 2537 ἡλίου

2131 2555 2248 2608 ἐστὶ
2298 2554 2359 2608 τὸ
2391 2554 2593 2625 φέγγος
2625 2557 2820 2621 ἐκεῖνο,
2854 2555 2990 2627 ὅπερ
3027 2554 3256 2628 αὐγάζει
3301 2555 3436 2627 ταχὺ
3475 2554 3569 2611 καὶ
3596 2571 3713 2624 φω-

2131 2646 2268 2712 τίζει
2290 2648 2380 2703 τὸν
2396 2648 2600 2720 κόσμον
2632 2648 2762 2722 πρὶν
2782 2647 2873 2703 τοῦ
2893 2631 3042 2721 ἡλίου
3067 2665 3081 2678 ·
3112 2649 3226 2703 ἀλλ’
3249 2648 3380 2703 αὑτό
3404 2648 3553 2702 ἐστιν
3571 2647 3712 2723 ὅπερ

2130 2737 2337 2811 λέγειή
2369 2739 2560 2812 Γραφή
2578 2756 2591 2770 °
2632 2758 2651 2792 ι
2687 2738 2801 2795 Καὶ
2828 2734 2985 2805 εἶπεν
3009 2742 3039 2795 6
3070 2740 3201 2807 Θεός
3220 2758 3232 2771 ·
3264 2739 3550 2812 Γενηθήτω
3569 2737 3710 2807 φῶς,

2133 2831 2229 2885 καὶ
2261 2830 2476 2902 ἐγένετο
2501 2830 2635 2901 φῶς.
2661 2851 2682 2885 ι
2708 2831 2881 2899 Τοῦτο
2907 2834 2969 2888 τὸ
2995 2834 3112 2904 φῶς
3137 2835 3269 2901 πολὺ
3298 2834 3392 2888 καὶ
3431 2832 3714 2906 ὑπέρλαμη

2135 2936 2272 2993 προν
2309 2920 2572 2993 ὑπάρχον,
2606 2920 2728 2974 τότε
2757 2920 2949 2976 διεῖλεν
2972 2923 3103 2990 αὑτὸ
3132 2925 3162 2978 6
3182 2922 3313 2989 Θεὸς
3344 2924 3424 2988 είς
3449 2922 3577 2987 τοὺς
3601 2940 3716 2993 φω-

2061 3037 2106 3097 c
2139 3014 2365 3083 στῆρας,
2405 3011 2497 3065 τόν
2521 3028 2583 3065 τε
2608 3011 2759 3084 ἥλιον
2792 3013 2887 3067 καὶ
2911 3013 3011 3086 τὴν
3042 3012 3272 3095 σελήνην
3309 3013 3403 3067 καὶ
3432 3011 3502 3067 τὰ
3525 3012 3711 3068 λοιπά.

2221 3103 2414 3176 Ἐρώτ.
2448 3103 2548 3158 να’.
2573 3104 2637 3157 Τί
2665 3102 2836 3174 λέγει,
2866 3106 2949 3160 ὅτι
2968 3106 3284 3161 (Ἔστωσαν
3299 3107 3378 3170 εἰς
3397 3108 3599 3177 σημεῖα
3621 3106 3716 3159 καὶ

2136 3195 2217 3258 είς
2247 3196 2493 3267 καιροὺς,
2529 3196 2622 3249 καὶ
2653 3196 2992 3269 ἡμέραςνκαὶ
3021 3197 3331 3264 ὲνιαυτούς;
3371 3217 3391 3250 ι

2220 3286 2408 3340 Ἀπόκ.
2431 3288 2638 3358 Σημεῖα
2663 3287 2818 3341 καλεῖ
2847 3288 2908 3341 τὸ
2937 3289 3134 3344 εἰδέναι
3175 3289 3376 3362 σπόρου
3405 3289 3598 3359 καιρὸν
3623 3288 3719 3353 καὶ

2141 3375 2352 3447 θέρους,
2408 3378 2502 3431 καὶ
2531 3376 2824 3449 τρυγητοῖη
2863 3379 2923 3432 τὸ
2962 3379 3220 3449 φυτεῦσαι
3259 3383 3317 3434 ἐν
3348 3380 3487 3451 ποίῳ
3516 3364 3716 3452 καιρῷ,

2142 3468 2272 3521 πότε
2328 3466 2481 3532 ξύλον
2526 3472 2729 3539 τεμεῖν.
2770 3469 3040 3534 Ἕκαστος
3083 3470 3193 3542 γὰρ
3231 3469 3419 3542 καιρὸς
3460 3470 3576 3541 ἔχει
3619 3473 3721 3542 τὴν

2146 3559 2280 3613 ἰδίαν
2320 3559 2600 3630 ἐργασίαν.
2653 3559 2938 3632 Τέσσαρας
2968 3560 3078 3633 γὰρ
3123 3561 3234 3633 ἔχει
3267 3563 3493 3633 καιροὺς
3543 3563 3724 3643 ὁχρό-

2144 3668 2260 3714 νος’
2297 3650 2526 3715 ἕκαστος
2558 3651 2615 3706 δὲ
2647 3652 2837 3724 καιρὸς
2860 3651 2972 3724 ἔχει
3004 3652 3100 3726 τὴν
3132 3654 3265 3708 ἰδίαν
3295 3654 3557 3726 ἐργασίαν
3606 3647 3616 3656 ’

2227 3830 2418 3904 Ἐρώτ.
2445 3832 2541 3903 νβ’.
2567 3832 2667 3886 Διὰ
2689 3832 2748 3887 τί
2770 3833 2839 3888 τὰ
2868 3833 2966 3905 μὲν
2986 3831 3128 3903 φυτὰ
3157 3832 3264 3906 πρὸ
3286 3833 3394 3889 τῶν
3417 3836 3726 3907 φωστήρων

2146 3925 2447 3997 ἐποίησενό
2479 3923 2632 3988 Θεὸς,
2658 3924 2732 3978 τὰ
2759 3924 2816 3978 δὲ
2848 3924 2961 3990 ζῶα
2992 3925 3128 3994 μετὰ
3160 3924 3373 3992 ταῦτα;

2231 4016 2416 4069 Ἀπόκ.
2446 4015 2589 4068 Διότι
2624 4015 2695 4069 τὰ
2732 4017 2831 4088 μὲν
2873 4019 3016 4087 φυτά
3053 4018 3192 4071 εἰσιν
3215 4015 3418 4087 ἄψυχα,
3466 4018 3564 4071 καὶ
3604 4017 3728 4071 οὔτε

2148 4109 2461 4179 ὀφθαλμοὺς
2497 4108 2698 4179 ἔχουσι,
2735 4111 2830 4164 καὶ
2870 4110 3198 4182 ἐκτίσθησαν
3230 4110 3335 4182 πρὸ
3362 4109 3470 4164 τῶν
3504 4113 3729 4182 φωστὴο

2152 4218 2289 4275 ρων·
2335 4201 2630 4265 ἐϐάσταζον
2679 4200 2788 4273 γὰρ
2830 4201 2926 4255 τοῦ
2969 4202 3144 4272 φωτὸς
3186 4202 3285 4274 τὴν
3331 4202 3729 4274 λαμπρότητα·

2156 4289 2292 4362 μετὰ
2319 4290 2376 4343 δέ
2423 4293 2549 4355 τοὺς
2580 4293 2872 4364 φωστῆρας
2917 4291 3140 4364 ὕστερον
3176 4293 3421 4361 ἐγένοντο
3458 4292 3529 4345 τὰ
3569 4291 3689 4358 ζῶα
3716 4310 3733 4324 ο

478 4397 731 4453 magnam
758 4396 920 4452 quam
960 4380 1105 4436 Deus
1143 4379 1363 4442 fecerat.
1397 4381 1453 4435 in
1490 4380 1781 4435 luminaria
1812 4381 1997 4437 divisit
2033 4402 2037 4437 :

2155 4383 2339 4455 ἐπειδὴ
2370 4383 2624 4455 ἐμέρισεν
2650 4386 2678 4437 6
2711 4384 2844 4448 Θεὸς
2873 4384 2934 4437 τὸ
2955 4383 3071 4454 φῶς
3096 4382 3159 4437 τὸ
3189 4383 3402 4455 πρῶτον
3438 4383 3503 4436 τὸ
3531 4385 3681 4453 μέγα
3708 4385 3736 4437 6

479 4489 600 4544 quae
628 4474 722 4528 lux
761 4473 889 4527 hinc
920 4472 1045 4528 inde
1073 4472 1341 4542 dispersa,
1380 4473 1722 4543 aliquatenus
1752 4481 1836 4528 est
1871 4473 2051 4528 immi-

480 4573 615 4621 nuta
643 4584 657 4620 :
693 4564 839 4635 quod
864 4564 971 4620 nisi
993 4564 1197 4619 factum
1230 4563 1423 4620 fuisset
1459 4580 1567 4619 non
1593 4563 1901 4635 potuissent
1935 4565 2052 4619 ani-

480 4655 642 4709 malia
705 4653 977 4710 sustinere
1030 4668 1286 4724 magnum
1338 4653 1535 4723 jubar,
1597 4659 1651 4707 et
1711 4651 2051 4721 splendorem

482 4746 650 4804 totius
706 4745 848 4816 ignis
906 4744 1200 4815 ejusmodi.
1258 4743 1438 4815 Atque
1486 4744 1651 4813 hujus
1701 4743 1919 4815 quidem
1972 4744 2052 4799 rei

480 4838 655 4909 gratia
684 4845 962 4908 postremo
990 4845 1119 4892 sunt
1148 4838 1404 4893 animalia
1422 4846 1626 4901 creata,
1648 4846 1708 4892 ut
1744 4836 1891 4892 illius
1910 4836 2053 4909 ignis

480 4929 833 5002 splendorem
862 4928 1107 4999 perferre
1127 4936 1373 5000 possent.

552 5020 776 5088 ngsr.
817 5020 950 5076 Llll.
987 5022 1166 5088 Quare
1194 5020 1339 5078 Deus
1377 5037 1503 5077 cum
1535 5035 1603 5075 ex
1638 5026 1782 5075 terra
1808 5017 2056 5074 ﬁnxisset

480 5111 780 5176 hominem,
813 5126 923 5166 non
947 5113 1111 5169 etiam
1140 5111 1293 5167 ﬁnxit
1326 5110 1512 5177 Evam,
1532 5109 1626 5167 sed
1649 5125 1768 5164 eam
1806 5107 2060 5164 formavit

481 5219 548 5259 ex
574 5203 693 5273 ejus
723 5204 915 5259 costa?

553 5294 716 5351 Rssr.
740 5295 818 5351 Ne
836 5296 1098 5353 haberent
1125 5298 1463 5353 occasionem
1488 5295 1722 5364 dicendi,
1763 5293 1906 5349 aliud
1936 5307 2059 5349 esse

555 5473 601 5502 '°
639 5473 775 5528 Gen.
812 5489 851 5539 ε,
886 5474 939 5527 9.
1014 5475 1055 5507 '”
1100 5475 1231 5530 ibid.
1266 5475 1317 5530 5.
1393 5475 1439 5506 ⁷³
1481 5473 1611 5529 ibid.
1643 5472 1697 5528 6.
1775 5472 1820 5504 ⁷³
1862 5468 1993 5527 ibid.
2034 5469 2117 5524 Η.

560 5648 671 5718 (85)
711 5647 839 5705 Vide
868 5649 1069 5716 Qutest.
1108 5650 1171 5705 15
1203 5650 1408 5706 Thcol.
1444 5653 1493 5704 in
1535 5649 1716 5705 (lenes.

2133 4474 2408 4557 ,ἐποίησεν
2440 4477 2520 4539 είς
2559 4476 2687 4539 τοὺς
2717 4475 3032 4555 φωστῆρας,
3066 4475 3160 4529 καὶ
3186 4474 3605 4546 διεσκορπίσθη,
3641 4478 3738 4530 καὶ

2155 4566 2370 4634 ἐγένετο
2393 4566 2773 4640 ἐλαφρότερον’
2807 4569 2866 4620 εί
2891 4569 2965 4639 μὴ
3012 4568 3121 4639 γὰρ
3160 4566 3333 4631 οὕτως
3366 4567 3611 4636 ἐγένετο,
3636 4569 3735 4622 οὒκ

2155 4657 2385 4729 ἠδύνατο
2407 4658 2476 4712 τὰ
2506 4656 2621 4723 ζῶα
2649 4659 2940 4732 ὑποφέρειν
2967 4658 3063 4732 τὴν
3093 4658 3291 4731 πολλὴν
3323 4659 3620 4731 ἀστραπὴν
3644 4660 3737 4713 καὶ

2155 4749 2252 4821 τὴν
2280 4749 2639 4821 λαμπρότητα
2690 4750 2811 4804 ὅλου
2859 4749 2952 4804 τοῦ
3006 4749 3179 4822 πυρὸς
3212 4749 3441 4803 ἐκείνου.
3503 4751 3622 4803 Καὶ
3651 4750 3737 4803 διὰ

2155 4838 2313 4893 τοῦτο
2341 4839 2590 4909 ἐγένοντο
2638 4839 2864 4911 ὕστερον
2892 4838 2962 4892 τὰ
2992 4837 3126 4903 ζῶα,
3154 4838 3305 4900 ὅπως
3340 4835 3611 4891 δύνωνται
3643 4836 3737 4892 φέ-

2159 4945 2275 5003 ρειν
2304 4929 2401 4983 τοῦ
2427 4930 2600 5001 πυρὸς
2624 4930 2722 5002 τὴν
2751 4929 3130 5002 λαμπρότητα.

2236 5020 2427 5093 Ἐρώτ.
2460 5029 2560 5091 νγθ.
2583 5021 2680 5075 Διὰ
2699 5021 2753 5075 τί
2782 5024 2812 5076 6
2842 5020 2975 5085 Θεὸς
3000 5019 3211 5084 πλάσας
3242 5019 3333 5073 τὸν
3361 5016 3656 5089 ἄνθρωπον
3676 5019 3738 5071 ἐκ

2156 5110 2256 5181 τῆς
2270 5112 2393 5182 γῆς,
2418 5111 2520 5164 οὐκ
2543 5110 2745 5165 ἔπλασε
2767 5111 2861 5165 κοιλ⁸
2881 5110 2977 5182 τὴν
3003 5107 3171 5165 Εὔαν.
3204 5108 3316 5163 ἀλλ’
3342 5110 3408 5162 ὲκ
3443 5108 3542 5179 τῆς
3572 5108 3738 5162 πλευο

2163 5203 2260 5274 ρᾶς
2292 5201 2458 5256 αὐτοῦ
2489 5202 2721 5256 ἔπλασεν
2746 5203 2948 5275 αὑτήν;

2243 5295 2430 5348 ’Λπόκα.
2448 5296 2564 5350 Ἵνα
2588 5293 2664 5366 μὴ
2691 5293 2886 5365 ἔχωσιν
2910 5292 3164 5366 ἀφορμὴν
3189 5293 3387 5363 λέγειν,
3417 5292 3501 5346 ὅτι
3522 5290 3658 5346 ἄλλο
3681 5289 3735 5337 τὸ

2219 5640 2331 5716 (86)
2359 5641 2687 5700 Theodoreti
2723 5641 2905 5708 Qumst
2959 5636 3105 5693 16in
3140 5636 3321 5695 Gener.
