3852 6192
243 251 352 309 735

240 474 335 512 σον
358 454 429 530 ἦν
453 455 516 510 τὸ
545 457 707 528 χῶμα
743 457 773 510 6
805 457 1007 513 ἔπλασε
1033 459 1125 512 τὸν
1168 459 1358 532 Ἀδὰμ,
1400 462 1495 515 καὶ
1516 460 1577 525 ἐξ
1608 461 1818 516 ἐκείνου

234 546 379 601 εἰσὶν
417 548 467 599 οἰ
498 546 654 603 καλοὶ
694 548 790 605 καὶ
841 547 1086 619 ὲνάρετοι
1129 547 1439 621 ἄνθρωποιο
1489 551 1597 603 ἀπὸ
1624 550 1683 604 δὲ
1719 551 1818 622 τῆς

236 637 384 703 Εὐας
415 638 554 692 εἰσὶν
585 640 652 692 οίν
682 640 844 693 κακοὶ
875 641 968 694 καὶ
999 642 1245 712 πονηροὶ,
1274 642 1370 695 καὶ
1412 644 1460 696 οἱ
1496 642 1699 697 σκολιοὶ
1724 642 1818 697 ἄν·

243 732 468 801 ἂρωποι.
485 729 586 784 Διὰ
599 730 759 785 τοῦτο
784 730 1017 787 ἔπλασεν
1042 733 1240 797 αὐτοὺς
1259 736 1288 788 6
1307 734 1439 799 Θεὸς
1474 734 1533 802 ἐξ
1562 735 1682 799 ἑνὸς
1712 733 1816 808 χὼ-

240 839 429 894 ματος.

316 913 509 984 Ἐρώτ.
534 914 626 969 νδν.
653 914 753 968 Διὰ
783 915 856 980 τί,
879 914 953 979 ὡς
986 914 1102 969 ἔστι
1134 917 1386 988 κρεῖσσον
1435 916 1528 970 καὶ
1578 917 1814 989 παραδο-

237 1003 452 1075 ξότερον
483 1005 695 1076 ποίημα
720 1004 815 1058 τοῦ
845 1005 980 1060 Θεοῦ
1021 1009 1050 1061 6
1080 1007 1365 1079 ἄνθρωπος
1410 1007 1660 1079 (βασιλέα
1703 1008 1812 1080 γὰρ

235 1097 396 1150 αὐτὸν
425 1098 720 1168 πεποίηκεν
756 1098 851 1151 ἐπὶ
876 1097 979 1168 τῆς
1020 1099 1146 1169 γῆς,
1189 1099 1285 1154 καὶ
1325 1101 1447 1153 κατ’
1480 1100 1665 1154 εἰκόνα
1716 1100 1811 1154 καὶ

235 1188 354 1244 καθ’
380 1189 639 1260 ὁμοίωσιν
675 1189 841 1244 αὑτοῦ
873 1190 1128 1263 ἐποίησεν
1166 1192 1391 1264 αὐτὸν),
1424 1191 1544 1256 πῶς
1579 1192 1810 1248 ἔπλασεν

233 1281 395 1336 αὑτὸν
426 1284 455 1335 6
494 1281 625 1344 Θεὸς
656 1280 884 1354 ὕστερον
917 1283 1165 1350 πάντων;

308 1372 502 1426 ’Δπόκ.
522 1371 739 1443 Ἐπειδὴ
770 1371 959 1445 ὥσπερ
985 1371 1256 1443 βασιλεὺς,
1284 1373 1412 1428 ὅταν
1440 1374 1620 1445 μέλλει
1640 1374 1809 1428 ἀπελ-

228 1460 342 1515 θεῖν
370 1462 431 1515 ὲν
472 1461 625 1515 πόλει
652 1463 781 1530 τινὶ,
823 1462 1039 1534 πρῶτον
1069 1465 1476 1534 εύτρεπίζουσιν
1513 1467 1678 1521 αὐτοῦ
1710 1468 1808 1540 τὴν

227 1550 571 1621 ἑτοιμασίαν,
620 1551 717 1605 καὶ
764 1550 1269 1617 κατασκευάζοντες
1308 1553 1471 1606 αὐτοῦ
1507 1554 1608 1625 τὴν
1638 1554 1807 1622 δωρο-

224 1640 447 1713 φορίαν,
480 1640 577 1693 καὶ
605 1642 786 1695 πᾶσαν
817 1641 982 1695 αὐτοῦ
1035 1643 1135 1714 τὴν
1184 1642 1489 1715 ὑπηρεσίαν
1534 1644 1627 1697 καὶ
1677 1646 1807 1699 ἀνά-

1498 253 2204 312 INTERPRETATIONES
2236 254 2323 310 EX
2368 254 2431 309 V.
2476 254 2540 310 Τ.
2886 312 2900 332 ‘

238 366 405 440 χῶμά
430 368 546 429 ἐστι
572 365 666 421 τοῦ
700 366 997 446 ’Δᾷὰμηκαὶ
1029 367 1157 422 ἄλλο
1182 367 1284 438 τῆς
1304 365 1482 432 Εΰας·
1510 370 1607 423 καὶ
1639 373 1794 441 κρεῖσ

1924 373 2096 426 ιυιυω
2145 371 2296 436 Adae,
2339 376 2395 425 et
2437 368 2584 423 aliud
2625 367 2752 422 Eva:
2798 382 2812 420 :
2863 330 2916 423 et
2943 330 3129 421 lutum
3178 367 3343 439 236
3372 366 3503 425 Adae

3251 208 3257 213 ’
3354 253 3505 309 '754

1922 465 2273 535 praestantius
2313 478 2457 527 esse,
2502 460 2760 532 quodque
2807 475 2873 516 ex
2924 459 3029 514 hoc
3068 447 3207 515 boni'
3242 467 3297 514 et
3344 462 3499 530 probi

1919 556 2200 621 homines,
2260 570 2327 610 ex
2374 552 2484 610 Eva
2536 568 2666 609 vero
2738 550 2851 607 sint
2909 551 3077 616 mali,
3151 553 3392 621 perversi
3446 560 3502 607 et

1918 647 2095 718 pravi.
2148 645 2275 704 Ideo
2317 646 2449 702 fecit
2493 658 2588 701 eos
2618 642 2764 699 Deus
2794 657 2863 698 ex
2891 657 3002 698 uno
3042 641 3345 713 eodemque
3384 642 3497 698 luto

1917 750 2095 799 terrae.

1987 919 2211 987 Quzsr.
2238 915 2375 974 LIV.
2406 916 2543 973 Cum
2573 914 2925 987 praestantius
2952 919 3007 968 et
3037 910 3345 969 mirabilius
3372 911 3494 981 opi-

1913 1008 2097 1064 ﬁcium
2132 1008 2227 1064 Dei
2254 1009 2324 1064 sit
2362 1007 2527 1062 homo
2557 1007 2760 1079 (regem
2802 1005 2946 1059 enim
2972 1003 3149 1072 ipsum
3177 1010 3337 1057 terrae
3363 1017 3496 1057 con-

1913 1101 2090 1157 stituit
2166 1107 2222 1155 et
2273 1099 2575 1155 secundum
2630 1097 2921 1168 imaginem
2978 1092 3494 1163 similitudinemque

1910 1205 2066 1247 suam
2095 1190 2300 1246 ereavit
2322 1189 2545 1261 ipsum),
2573 1204 2674 1244 cur
2710 1188 2950 1243 omnium
2979 1195 3312 1258 postremum
3333 1199 3488 1240 crea-

1911 1283 1990 1338 vit
2019 1299 2144 1338 eum
2175 1282 2356 1338 Deus?

1980 1372 2144 1430 Rsse.
2200 1373 2670 1439 Quemadmodum
2725 1388 2820 1427 rex
2879 1371 3100 1442 quando
3148 1371 3206 1425 in
3249 1370 3486 1440 aliquam

1909 1464 2100 1521 urbem
2152 1465 2488 1521 adventurus
2530 1465 2753 1527 dicitur,
2801 1463 3039 1534 primum
3088 1476 3306 1518 omnem
3364 1462 3485 1527 ejus

1909 1566 2228 1629 apparatum
2285 1557 2585 1619 instruunt,
2632 1563 2886 1625 parantes
2941 1554 3084 1608 dona
3135 1569 3256 1624 qua:
3304 1553 3486 1609 confe-

1908 1654 2054 1713 rant,
2117 1657 2171 1703 et
2223 1653 2398 1701 totum
2460 1646 2778 1702 satellitium
2822 1652 2878 1702 et
2909 1645 3241 1715 hospitium,
3267 1658 3333 1699 ac
3365 1651 3482 1698 tum

224 1712 449 1795 παυσιν,
476 1733 614 1804 μετὰ
640 1732 798 1787 τοῦτο
824 1733 881 1787 δὲ
904 1712 1323 1807 παραγίνεται
1351 1735 1603 1806 βασιλεὺς
1623 1778 1638 1802 ,
1665 1736 1794 1790 οὖτα

1905 1737 2123 1793 demum
2184 1735 2403 1791 advenit
2448 1750 2593 1789 rex:
2654 1735 2721 1790 ad
2773 1734 3025 1790 eumdem
3075 1733 3299 1788 modum
3356 1747 3483 1787 cum

222 1825 415 1894 γέγονε
427 1825 523 1879 καὶ
535 1825 628 1879 ἐπὶ
642 1824 736 1878 τοῦ
750 1824 1036 1897 ἀνθρώπου
1044 1864 1056 1879 .
1072 1826 1294 1897 Πρῶτον
1308 1828 1373 1896 ὲφ
1381 1828 1617 1898 ρόντισεν
1635 1829 1663 1881 6
1674 1827 1805 1891 Θεὸς

221 1904 426 1989 τὰπῆς
456 1918 816 1982 ἀναπαύσεως
847 1918 1031 1985 αὐτοῦ,
1078 1920 1174 1973 καὶ
1205 1919 1497 1991 εἰργάσατο
1536 1918 1637 1991 τὴν
1670 1936 1802 1973 κατ-

217 2009 398 2062 οικίαν
444 2008 611 2063 αὐτοῦ
658 2009 753 2065 καὶ
784 2011 965 2064 πᾶσαν
1008 2009 1105 2081 τὴν
1149 2010 1336 2082 χρείαν
1373 2011 1470 2064 καὶ
1498 2011 1802 2066 ἀνάπαυσιν

217 2099 414 2166 αὐτοῦ,
446 2103 538 2155 καὶ
571 2101 711 2173 μετὰ
739 2101 912 2158 ταῦτα
935 2101 1166 2157 ἔπλασεν
1192 2103 1376 2159 αὐτόν.

251 2179 254 2182 ’
300 2192 497 2265 Ἐρὼτ.
515 2200 607 2249 νε’.
625 2193 691 2247 Τί
712 2196 829 2248 ἐστι
853 2194 914 2248 τό
932 2212 946 2226 ’
971 2215 991 2248 c
1018 2195 1341 2269 Ποιήσωμεν
1364 2196 1647 2267 ἄνθρωπον
1677 2201 1800 2251 κατ’

213 2284 406 2357 είκόνα
439 2285 729 2357 ἡμετέραν,
767 2289 865 2341 καὶ
890 2287 1014 2342 καθ’
1042 2289 1338 2359 όμοίωσιν;
1377 2308 1395 2343 ι
1430 2290 1495 2344 Τί
1523 2290 1585 2347 τδ
1622 2309 1641 2343 ι
1677 2290 1798 2345 κατ’

214 2374 439 2442 είκόνα;
475 2395 499 2429 ι
534 2376 629 2431 καὶ
657 2376 712 2430 τί
743 2377 806 2431 τὸ
843 2394 864 2431 t
891 2377 1015 2433 καθ’
1048 2379 1339 2450 όμοίωσιν;
1364 2399 1384 2432 ι

298 2551 489 2606 Ἀπόκ.
519 2552 632 2625 Οὐκ
663 2552 854 2626 ὥσπερ
885 2556 935 2609 οἱ
964 2555 1262 2629 ἄνθρωποι,
1282 2558 1457 2624 οὕτως
1484 2560 1579 2614 καὶ
1608 2562 1638 2615 6
1663 2560 1797 2626 Θεός

210 2643 366 2696 ἐστιν
401 2643 896 2718 ἁνθρωπόμορφος·
921 2646 1099 2717 ἄπαγε
1124 2649 1138 2703 l
1178 2648 1340 2704 Ἀλλὰ
1369 2650 1432 2705 τὸ
1455 2669 1475 2703 ι
1505 2653 1628 2706 κατ’
1654 2654 1798 2708 είκό-

209 2749 281 2787 να
316 2752 337 2784 ι
368 2731 527 2791 τοῦτό
574 2736 723 2791 ἐστιν
745 2753 760 2768 ο
810 2736 1000 2809 ὥσπερ
1029 2739 1142 2811 γὰρ
1193 2742 1223 2795 6
1253 2741 1385 2807 Θεὸς
1434 2743 1707 2814 βασιλεύει
1737 2747 1796 2800 ὲν

210 2825 379 2877 παντὶ
400 2826 611 2898 κόσμῳ,
634 2826 730 2881 καὶ
757 2826 934 2899 ἄρχει,
965 2832 1060 2885 καὶ
1090 2830 1391 2897 ἐξουσιάζει
1418 2834 1638 2890 πάντων
1683 2835 1794 2891 τῶν

207 2914 270 2968 ὲν
291 2916 510 2988 ούρανῷ
560 2919 658 2978 καὶ
683 2923 749 2992 τῇ
778 2924 848 2993 γῇ
868 2939 884 2953 ·
916 2922 1059 2977 οὕτω
1106 2924 1199 2981 καὶ
1230 2927 1259 2979 6
1294 2925 1580 2998 ἄνθρωπος
1611 2927 1793 3000 ἄρχων

1892 1830 2128 1889 homine
2155 1843 2375 1900 quoque
2417 1827 2619 1882 laetum
2652 1832 2759 1882 est.
2800 1825 2986 1881 Primo
3026 1824 3399 1880 habitaculum
3428 1824 3480 1880 ei

1903 1921 2219 1993 procuravit
2260 1920 2426 1987 Deus,
2474 1918 2712 1990 fecitque
2762 1918 2946 1973 sedem
2990 1916 3368 1982 habitationis,
3415 1931 3480 1972 ac

1901 2014 1969 2068 de
1997 2012 2253 2068 omnibus
2289 2009 2621 2067 necessariis
2660 2008 2712 2064 ei
2747 2010 3048 2082 prosoexit,
3076 2015 3267 2080 postea
3299 2009 3479 2079 ipsum

1900 2113 2321 2268 “ﬁgitque”.
2342 2193 2452 2251 LV.
2480 2194 2621 2261 Quid
2638 2194 2769 2250 illud
2786 2205 2869 2250 est
2894 2212 2910 2249 :
2947 2213 2966 2247 ι
2987 2192 3280 2250 Faciamus
3301 2192 3478 2248 homi-

1900 2304 2026 2342 nem
2069 2288 2136 2342 ad
2171 2287 2462 2357 imaginem
2493 2293 2548 2341 et
2579 2285 2993 2341 similitudinem
3034 2293 3280 2339 nostram
3324 2284 3408 2339 7‘?
3449 2303 3470 2337 ι

1899 2380 2039 2447 Quid
2065 2386 2148 2435 est
2175 2397 2194 2430 ι
2227 2378 2296 2432 ad
2330 2378 2659 2449 imaginem?
2689 2397 2708 2430 ι
2741 2376 2807 2431 Et
2831 2375 2960 2448 quid
2992 2375 3147 2443 illud,
3174 2394 3194 2429 ι
3226 2376 3294 2431 ad
3321 2376 3476 2433 simi-

1897 2469 2223 2524 litudinem?
2254 2486 2273 2520 ι

1966 2559 2134 2617 ﬁsse.
2190 2557 2314 2615 Non
2351 2566 2438 2615 est
2463 2558 2628 2626 Deus,
2669 2559 2832 2615 sicuti
2879 2567 3011 2617 sunt
3056 2559 3324 2625 homines,
3368 2559 3474 2614 hu-

1895 2666 2114 2708 manam
2140 2649 2349 2707 habens
2371 2650 2634 2723 ﬁguram;
2666 2650 2842 2707 absit!
2894 2651 2998 2708 Sed
3017 2652 3162 2724 quod
3178 2650 3330 2716 dicit,
3353 2670 3374 2704 ι
3403 2650 3473 2707 ad

1893 2742 2184 2814 imaginem
2222 2757 2237 2793 :
2284 2760 2305 2793 ι
2355 2741 2461 2798 hoc
2499 2748 2605 2807 est,
2636 2741 2780 2797 sicut
2823 2742 2879 2797 in
2921 2749 3039 2799 toto
3079 2742 3284 2799 mundo
3325 2741 3472 2799 Deus

1893 2842 2102 2905 regnat,
2144 2833 2398 2905 imperat,
2433 2841 2488 2889 et
2534 2840 2861 2904 potestatem
2906 2843 3128 2891 exercet
3164 2838 3222 2890 in
3264 2836 3468 2903 omnia,

1891 2942 2013 2997 qua:
2039 2926 2095 2982 in
2121 2927 2262 2982 cmlo
2295 2932 2423 2983 sunt
2451 2932 2505 2980 et
2529 2941 2651 2996 quae
2676 2926 2733 2981 in
2764 2931 2910 2982 terra
2944 2945 2959 2995 ;
2989 2927 3070 2983 sic
3094 2927 3257 2984 etiam
3281 2927 3468 2993 homo,

210 3007 310 3061 καὶ
348 3006 600 3077 βασιλεὺς
623 3010 928 3086 καθέστηκε
956 3014 1175 3070 πάντων
1205 3016 1314 3071 τῶν
1344 3017 1605 3087 ἐπιγείων
1647 3036 1790 3091 πρα-

1899 3020 2146 3089 princeps
2190 3024 2246 3073 et
2280 3032 2378 3072 rex
2423 3016 2761 3073 constitutus
2808 3024 2894 3072 est
2944 3032 3111 3087 super
3147 3032 3338 3074 omnes
3379 3030 3477 3074 res

206 3100 459 3169 γμάτων,
494 3103 587 3157 καὶ
623 3103 989 3169 αὐτεξουσίως
1034 3104 1063 3159 ὃ
1102 3105 1347 3177 βούλεται
1377 3111 1624 3181 πράττει,
1661 3111 1794 3165 καθ-

206 3189 356 3262 άπερ
393 3194 490 3246 καὶ
537 3194 566 3245 6
595 3195 730 3260 Θεός
749 3213 764 3226 ·
792 3199 888 3251 καὶ
919 3197 1077 3252 τοῦτό
1104 3201 1219 3253 ἐστι
1248 3201 1311 3253 τὸ
1345 3220 1364 3252 ‹
1395 3203 1517 3255 κατ’
1544 3202 1744 3257 εἰκόνα.
1768 3220 1787 3255 ι

206 3282 284 3336 Τὸ
303 3283 362 3336 δὲ
395 3302 415 3335 ε
439 3285 564 3339 καθ’
593 3289 851 3353 ὁμοίωσίν
875 3311 895 3343 ι
933 3293 1048 3345 ἐστι
1075 3293 1135 3345 τὸ
1164 3292 1368 3362 ἀγαθὸν
1396 3295 1489 3348 καὶ
1518 3296 1788 3367 ἐνάρετον.

212 3374 423 3447 Ὠσπερ
451 3376 561 3449 γάρ
583 3380 611 3431 6
637 3379 769 3444 Θεὸς
800 3382 1001 3450 ἀγαθός
1030 3386 1145 3437 ἐστι
1173 3386 1266 3439 καὶ
1285 3385 1404 3457 ὲλεή
1414 3404 1548 3457 μων,
1583 3389 1677 3441 καὶ
1705 3387 1794 3440 εύ-

207 3466 549 3539 σπὶταγχνος,
583 3472 677 3525 καὶ
718 3472 945 3539 δίκαιος,
994 3477 1342 3548 μακρόθυμός
1385 3496 1442 3531 τε
1475 3479 1567 3533 καὶ
1597 3481 1789 3551 πρᾶος,

204 3560 553 3633 άγαπητικός
585 3581 645 3618 τε
672 3567 767 3619 καὶ
802 3569 1114 3640 συμπαθὴς,
1160 3571 1436 3641 εἰρηνικός
1467 3588 1527 3624 τε
1558 3572 1650 3624 καὶ
1680 3574 1794 3625 ἐπι-

201 3650 380 3723 εικὴς,
416 3652 583 3708 ἐλεῶν
613 3657 710 3710 καὶ
733 3657 950 3728 τρέφων
983 3661 1191 3725 πάντας
1216 3661 1554 3733 ἀνθρώπους,
1584 3663 1678 3716 καὶ
1699 3664 1791 3717 ἐπὶ

199 3744 341 3797 πᾶσι
368 3744 432 3798 τὸ
461 3746 666 3813 ἀγαθὸν
709 3749 1117 3822 ἐνδεικνύμενος
1138 3770 1152 3784 ⁸
1198 3753 1424 3824 τοιούτῳ
1456 3755 1643 3826 τρόπῳ
1680 3757 1791 3828 εἰρ-

202 3837 416 3907 γάσατο
447 3839 542 3892 καὶ
586 3839 788 3895 ἔπλασε
810 3882 826 3907 ,
881 3844 975 3897 καὶ⁹
1014 3843 1155 3897 θέλει
1186 3840 1327 3899 εἶναι
1362 3846 1453 3899 τὸν
1482 3845 1786 3919 ἄνθρωπον,

198 3928 291 3984 ἵνα
344 3928 494 3999 πάσῃ
546 3929 713 4001 ἀρετῇ
772 3932 991 4005 ὑπάρχῃ
1051 3935 1634 4006 κατακεκοσμημένος,
1696 3939 1790 3989 καὶ

201 4057 317 4075 .....
327 4023 576 4091 μιμεῖται
595 4022 714 4093 Θεῷ
736 4023 879 4078 κατὰ
896 4026 958 4079 τὸ
988 4026 1211 4082 δυνατὸν
1236 4027 1510 4101 ἀνθρώπῳ
1545 4030 1602 4084 ὲν
1636 4028 1784 4101 πάσῃ

195 4111 541 4185 ἀγαθοεργίᾳ
568 4115 663 4169 καὶ
688 4117 1002 4191 σεμνότητι.

280 4289 475 4363 Ἐρώτ.
506 4300 613 4358 νς’.
647 4293 765 4349 Τίνι
792 4297 822 4349 6
850 4293 983 4359 Θεὸς
1020 4295 1239 4369 εἴρηκε*
1291 4316 1310 4349 ‹
1332 4267 1657 4369 Ποιήσωμεν
1686 4296 1781 4355 ἄν·

1894 3119 2219 3175 terrcstres,
2251 3116 2305 3163 et
2346 3108 2520 3163 libera
2556 3123 2655 3164 sua
2679 3110 2961 3163 voluntate
2997 3108 3129 3164 facit
3160 3109 3307 3181 quod
3351 3110 3469 3164 vult

1893 3202 2035 3257 sicut
2072 3202 2191 3272 ipse
2224 3199 2388 3255 Deus.
2423 3199 2488 3252 Et
2521 3199 2624 3254 hoc
2648 3199 2898 3269 estquod
2921 3200 3143 3267 dicitur,
3183 3218 3203 3253 ς
3240 3200 3307 3255 ad
3333 3201 3471 3255 ima-

1891 3293 2091 3362 ginem.
2144 3310 2164 3344 ι
2206 3291 2361 3357 Quod
2395 3306 2524 3346 vero
2569 3310 2588 3343 ‹
2631 3293 2695 3345 ad
2726 3292 3134 3348 similitudinem
3170 3312 3189 3345 ι
3243 3292 3465 3357 dicitur,

1890 3392 1974 3440 est
2006 3385 2097 3440 illa
2126 3385 2341 3439 bonitas
2371 3390 2424 3439 et
2449 3383 2686 3453 iustitia.
2732 3383 2885 3439 Sicut
2912 3384 3056 3439 enim
3107 3384 3251 3440 Deus
3289 3385 3469 3440 bonus

1891 3482 2014 3541 est,
2076 3475 2389 3540 miserator,
2436 3475 2797 3541 misericors,
2837 3475 3057 3545 justus,
3114 3477 3464 3546 aequanimis,

1890 3576 2228 3635 mansuetus,
2266 3576 2320 3623 et
2345 3568 2437 3638 qui
2466 3584 2566 3624 nos
2595 3575 2762 3633 amat,
2795 3577 2847 3622 et
2874 3569 3033 3624 nobis
3063 3569 3332 3633 condolel,
3364 3586 3465 3640 pa-

1888 3658 2100 3726 ciﬁcus,
2141 3666 2195 3713 et
2248 3659 2515 3729 placidus,
2554 3658 2649 3729 qui
2700 3659 2875 3711 nostri
2903 3658 3217 3722 miseretur,
3271 3666 3325 3713 et
3369 3659 3467 3714 alit

1889 3767 2079 3807 omnes
2122 3751 2391 3817 homines,
2451 3759 2616 3821 atque
2661 3750 2801 3804 hanc
2849 3750 3145 3805 bonitatem
3201 3751 3460 3808 omnibus

1888 3844 2106 3898 exhibet
2139 3858 2152 3894 :
2187 3841 2255 3896 ad
2300 3841 2550 3897 eumdem
2596 3841 2820 3895 modum
2855 3840 2983 3894 fecit
3020 3849 3074 3895 et
3105 3839 3378 3905 formavit,
3410 3847 3466 3895 et

1888 3935 2048 3988 talem
2095 3934 2212 3988 vult
2255 3948 2378 3988 esse
2415 3933 2711 3998 hominem,
2758 3939 2818 3985 ut
2859 3931 3113 3986 omnibus
3164 3931 3463 3987 virtutibus

1884 4033 2182 4081 exornatus
2219 4026 2309 4091 sit,
2350 4030 2405 4079 et
2441 4023 2684 4079 imitetur
2716 4023 2906 4084 Deum,
2938 4031 3199 4092 quantum
3241 4023 3461 4092 quidem

1885 4116 2248 4172 humanarum
2277 4123 2363 4171 est
2393 4114 2613 4180 virium,
2647 4114 2703 4169 in
2726 4114 2873 4168 omni
2897 4113 3040 4168 bono
3068 4128 3230 4183 opere
3267 4122 3322 4168 et
3363 4114 3464 4168 ho-

1882 4215 2315 4370 “meum”.
2344 4294 2479 4365 LVI.
2501 4296 2585 4351 Ad
2614 4311 2776 4367 quem
2822 4294 2961 4350 dixit
2987 4294 3130 4351 Deus
3156 4311 3170 4346 :
3209 4314 3228 4347 ι
3273 4293 3462 4351 Facia-

195 4384 416 4457 θρωπον
448 4387 568 4440 κατ’
597 4387 784 4442 είκόνα
816 4388 1111 4462 ἡμετέραν,
1144 4392 1240 4451 καὶ
1271 4391 1392 4445 καθ’
1426 4392 1718 4463 ὁμοίωσιν;
1750 4410 1769 4443 ι

1899 4404 2005 4444 nus
2043 4389 2319 4445 hominem
2358 4388 2426 4443 ad
2469 4387 2761 4459 imaginem
2805 4395 2859 4442 et
2899 4385 3315 4442 similitudinem
3363 4402 3460 4442 no-

279 4563 473 4619 Ἀπόκ.
496 4565 653 4629 Τινὲς
682 4564 791 4620 τῶν
816 4565 1150 4639 δυσωνύμων
1175 4566 1467 4639 αἱρετικῶν
1496 4568 1633 4640 πρὸς
1650 4568 1776 4632 τοὺς

190 4656 465 4726 ἀγγέλους
492 4659 624 4712 αύτὺ
648 4660 925 4732 εἰρηκέναι
952 4661 1047 4716 καὶ
1076 4664 1201 4726 τοὺς
1233 4665 1501 4735 πονηροὺς
1518 4662 1777 4734 δαίμονας

189 4748 472 4818 ἔφθασαν·
509 4748 570 4804 ού
617 4753 889 4817 συνιέντες
918 4755 967 4807 οἱ
1000 4754 1378 4828 ἐμϐρόντητοι,
1436 4757 1517 4810 ὅτι
1564 4757 1624 4809 ού
1653 4758 1776 4810 κατέ

187 4842 414 4905 εἰκόνας
444 4843 721 4915 ἡμετέρας
765 4844 890 4915 ἔφη,
939 4845 1073 4903 ἀλλὰ
1105 4848 1227 4899 κατ’
1263 4847 1447 4901 εἰκόνα
1476 4848 1776 4919 ἡμετέραν.

187 4929 332 4985 Θεοῦ
362 4931 421 4984 δὲ
452 4932 548 4985 καλ⁹
578 4933 822 5001 ἀγγέλων
863 4935 956 4988 καὶ
999 4935 1270 5006 δαιμόνων
1297 4935 1421 4990 οὔτε
1453 4936 1611 4992 ούσία
1650 4937 1773 4992 οὔτε

188 5022 360 5077 εἰκὼν
379 5023 413 5093 ἡ
440 5023 599 5094 αὐτή.
627 5023 768 5092 Ἐγὼ
790 5024 849 5079 δέ
877 5043 1040 5098 φημι,
1068 5028 1170 5092 ὅτι,
1196 5028 1524 5100 προθεωρῶν
1550 5028 1652 5100 τὴν
1677 5029 1773 5085 τοῦ

1912 4491 2050 4536 tram
2070 4482 2095 4535 ‘l
2121 4500 2140 4533 ο

1880 4499 2050 4538 suam
2075 4499 2095 4535 ι
2121 4500 2140 4533 ι

1952 4572 2115 4627 Resr.
2150 4571 2384 4627 infames
2418 4571 2641 4642 quidam
2684 4570 2926 4626 haeretici
2966 4569 3033 4625 ad
3063 4571 3285 4641 angelos
3313 4578 3367 4627 et
3392 4572 3457 4627 ad

1884 4662 2056 4717 malos
2109 4661 2388 4717 daemones
2435 4661 2640 4717 dictum
2702 4675 2824 4715 esse
2878 4661 3299 4716 contenderunt.
3348 4658 3459 4717 Nec

1881 4754 2194 4825 intelligunt
2242 4754 2325 4808 illi
2375 4754 2607 4824 stupidi,
2642 4768 2765 4808 eum
2800 4769 2912 4809 non
2946 4752 3179 4818 dixisse,
3220 4753 3289 4807 ad
3323 4753 3457 4807 ima-

1881 4845 2033 4916 gines
2062 4852 2304 4910 nostras,
2336 4844 2431 4901 sed
2460 4844 2526 4899 ad
2554 4845 2844 4915 imaginem
2879 4852 3152 4899 nostram.
3187 4842 3283 4898 Dei
3312 4843 3456 4899 enim

1878 4947 1940 4994 et-
1967 4939 2283 5009 angelorum
2318 4953 2383 4993 ac
2420 4939 2752 5003 daemonum,
2793 4952 2971 5008 neque
2999 4937 3241 4992 essentia
3281 4951 3457 5006 neque

1878 5030 2056 5100 imago
2084 5038 2167 5086 est
2189 5030 2405 5085 eadem.
2427 5029 2540 5102 Ego
2568 5037 2752 5085 autem
2780 5027 2904 5083 dico
2922 5066 2938 5094 ,
2966 5030 3112 5097 quod
3138 5026 3443 5096 praevidens

186 5110 535 5180 Μονογενοῦς
570 5111 844 5185 σάρκωσίν
883 5133 943 5169 τε
970 5116 1066 5170 καὶ
1118 5116 1549 5190 ὲνανθρώπησιν,
1572 5118 1667 5173 καὶ
1694 5119 1771 5184 ὡς

1899 5122 2131 5193 migeniti
2175 5120 2297 5177 Filii
2351 5122 2806 5186 incarnationem,
2849 5126 2904 5175 et
2950 5119 3200 5173 humanae
3246 5125 3456 5174 naturas

183 5202 400 5272 ταύτην
429 5203 525 5276 τὴν
559 5205 720 5273 φύσιν
753 5207 817 5260 ὲκ
867 5207 1147 5279 Παρθένου
1180 5208 1425 5279 λήψεται,
1474 5210 1570 5265 καὶ
1600 5209 1775 5277 οὕτως

188 5292 376 5369 ἑαυτῷ
404 5291 462 5346 ἓν
494 5294 594 5365 μὲν
626 5296 913 5369 πρόσωπον
947 5296 1081 5351 Θεοῦ
1110 5298 1202 5351 καὶ
1247 5297 1532 5371 ἀνθρώπου
1555 5301 1770 5373 νοήσας,

189 5388 287 5439 καὶ
322 5387 452 5458 μίαν
481 5388 631 5459 αύτῷ
663 5374 1032 5463 προσκύνησιν
1067 5390 1220 5462 παρὰ
1241 5391 1341 5464 τῆς
1365 5392 1594 5466 κτίσεως
1627 5388 1772 5471 άπά-

260 5539 315 5574 ⁷δ
351 5539 488 5597 Gen.
525 5557 576 5611 ι,
611 5541 705 5618 26,

264 5689 378 5767 (87)
409 5694 545 5753 Vide
568 5696 771 5764 Quaest.
818 5700 890 5756 20
927 5699 1135 5759 Thcod.
1166 5703 1217 5757 in
1246 5700 1429 5760 Cenes.

1870 5213 2323 5282 assumptionem,
2338 5229 2500 5284 quam
2517 5228 2585 5269 ex
2606 5210 2835 5283 Virgine
2849 5215 3104 5265 naturam
3134 5215 3454 5278 assumptus

1868 5320 1966 5361 rus
1999 5313 2167 5371 esset,
2203 5322 2328 5362 cum
2359 5306 2440 5362 sic
2467 5321 2629 5362 unam
2661 5314 2716 5361 et
2741 5304 2986 5361 eamdem
3011 5302 3106 5358 Dei
3139 5312 3193 5357 et
3217 5301 3454 5359 hominis

1872 5412 2186 5469 personam,
2226 5414 2291 5454 ac
2326 5414 2491 5455 unam
2541 5406 2595 5455 et
2634 5398 2883 5455 eamdem
2926 5396 3036 5468 ipsi
3071 5394 3452 5453 adorationem

1946 5702 2060 5776 (88)
2092 5702 2187 5761 Est
2217 5701 2420 5771 Quaest.
2459 5701 2523 5758 10
2552 5702 2757 5758 Theod.
2785 5702 2839 5756 in
2872 5699 3055 5758 Genu.
