3852 6192
410 235 514 292 755

1541 235 1600 293 8.
1640 237 2100 296 ATHANASIUS.
2137 269 2211 280 —
2247 237 2516 293 SPURIA.

3539 239 3654 297 756

407 354 477 407 ab
504 353 651 408 omni
680 361 932 410 creatura
960 354 1204 409 oblatum
1240 353 1309 410 iri
1338 354 1685 426 intelligeret,
1708 357 1778 413 ad
1801 358 1976 428 ipsum

2088 373 2181 428 της
2229 353 2660 427 προσφέρεσθαι,
2716 353 2851 426 πρὸς
2899 354 3060 408 αὐτὸν
3091 353 3182 409 τὸν
3217 355 3479 428 μονογενῆ
3523 357 3660 414 Υιὸν

407 445 741 514 unigenitum
779 444 973 499 Filium
1010 447 1154 500 hunc
1187 446 1326 500 dixit
1355 462 1682 504 sermonem.

477 534 589 599 (89)
617 536 838 601 Quasr.
869 535 1023 590 LVII.
1050 537 1184 592 Utra
1224 544 1309 594 est
1337 539 1666 608 principium
1694 545 1748 595 et
1771 539 1976 610 primas

406 625 588 689 habet,
623 643 731 681 nox
762 628 845 681 vel
868 628 1028 683 dies?

481 716 642 772 RESP.
677 719 716 770 A
750 719 1022 787 primitiva
1065 718 1283 788 quidem
1332 719 1518 774 mundi
1561 721 1862 786 creatione,
1909 722 1979 778 ab

405 824 472 864 eo
501 818 744 880 tempore
768 811 1017 864 videlicet
1041 826 1150 880 quo
1184 810 1361 866 factus
1387 819 1471 867 est
1501 811 1672 866 Adam
1711 829 1885 883 usque
1909 813 1978 867 ad

407 903 696 956 adventum
715 901 941 964 Christi,
975 904 1124 973 prior
1148 902 1251 957 fuit
1279 904 1398 959 dies
1429 905 1572 959 sicut
1601 905 1766 960 etiam
1795 906 1979 960 divina

409 993 692 1064 Scriptura
744 995 990 1064 loquitur
1039 995 1246 1051 dixisse
1303 995 1471 1051 Deum
1529 1016 1542 1052 :
1605 1017 1623 1049 ι
1680 996 1800 1051 Fiat
1853 998 1975 1063 lux,

405 1096 460 1140 et
486 1085 627 1140 facta
652 1095 734 1141 est
765 1088 854 1141 lux
875 1127 889 1151 ,
922 1107 942 1140 ι
976 1094 1030 1142 et
1073 1087 1215 1156 quod
1240 1105 1259 1137 ι
1297 1088 1471 1143 lucem
1512 1088 1658 1145 Deus
1704 1089 1980 1144 vocaverit

407 1173 572 1239 diem,
623 1176 879 1232 tenebras
930 1193 1058 1232 vero
1102 1178 1381 1231 vocaverit
1431 1187 1649 1233 noetem
1705 1180 1770 1231 ⁷⁵.
1815 1198 1835 1230 ι
1873 1177 1977 1233 Ubi

408 1267 642 1336 primum
675 1268 894 1336 ponitur
921 1267 1036 1330 lux,
1068 1282 1166 1336 per
1188 1269 1330 1322 hanc
1359 1270 1505 1323 cnim
1537 1269 1747 1324 exstitit
1771 1269 1978 1338 primus

406 1359 546 1416 dies.
585 1359 720 1415 Nam
761 1375 791 1413 a
829 1361 949 1414 luce
993 1359 1230 1430 primum
1277 1362 1590 1426 inchoante,
1629 1363 1687 1415 in
1729 1363 1980 1418 tenebras

404 1461 592 1522 postea
624 1453 967 1508 devenimus.
998 1453 1044 1505 A
1077 1461 1225 1508 recta
1256 1469 1493 1524 namque
1513 1455 1600 1508 via
1634 1456 1976 1520 aberrantes,

404 1543 473 1597 ad
523 1544 667 1598 idola
702 1552 758 1600 et
800 1543 869 1598 ad
911 1544 1132 1599 fallaces
1175 1546 1434 1601 tenebras
1478 1546 1642 1600 delati
1689 1563 1899 1602 sumus.
1934 1546 1979 1599 A

402 1633 608 1689 Christi
640 1620 776 1690 vero.
799 1636 1031 1689 adventu
1065 1636 1256 1705 incipit
1289 1652 1480 1692 rursus
1518 1645 1573 1691 ct
1599 1638 1741 1694 diem
1779 1653 1980 1707 praece-

2076 449 2307 500 ποιεῖται
2329 445 2422 501 τὸν
2454 445 2630 514 λόγον.

2161 537 2350 610 Ἐρὼτ.
2376 537 2472 603 νζ’.
2500 538 2636 592 Ποία
2665 539 2812 593 ἐστὶν
2839 537 3096 611 ἀρχὴκαὶ
3123 539 3462 610 προτερεύει,
3490 541 3525 612 ή
3555 541 3654 610 νὺξ

2075 629 2110 702 ἢ
2150 631 2183 700 ἡ
2217 629 2433 702 1itu-59¢;

2161 723 2348 777 Ἀπόκ.
2375 722 2506 776 ’Δπὸ
2529 722 2628 793 μὲν
2641 722 2741 794 τῆς
2768 723 3002 795 ἀρχῆθεν
3019 725 3391 794 κοσμοποιίας,
3412 725 3531 797 ἦτοι
3553 727 3654 796 τῆς

2078 809 2330 874 πλάσεως
2376 810 2470 864 τοῦ
2513 812 2703 884 Ἀδὰμ,
2761 812 2865 878 ἓως
2910 815 3008 884 τῆς
3065 814 3300 886 Χριστοῦ
3354 818 3655 886 παρουσίας

2079 901 2270 974 πρώτη
2307 903 2637 974 ὑπῆρχεν⁷ή
2673 904 2875 975 ἡμέρα,
2930 905 3112 970 καθὼς
3159 906 3308 975 λέγει
3352 908 3503 979 καὶή
3534 909 3658 962 θεῖα

2078 994 2268 1065 Γραφή
2291 1011 2304 1025 ·
2340 995 2435 1048 καὶ
2465 997 2547 1049 ὅτι
2580 991 2733 1048 εἶπεν
2764 999 2792 1048 6
2818 995 2981 1059 Θεός·
3017 1015 3038 1049 ι
3075 998 3363 1069 Γενηθήτω
3396 999 3532 1069 φῶς,
3561 1001 3658 1054 καὶ

2079 1087 2296 1156 ἐγένετο
2316 1087 2452 1157 φῶς,
2482 1108 2501 1141 ι
2538 1088 2631 1142 καὶ
2663 1089 2744 1142 ὅτι
2782 1106 2802 1138 ι
2828 1088 3086 1142 ἐκάλεσεν
3109 1093 3136 1142 6
3163 1090 3295 1154 Θεὸς
3310 1090 3369 1143 τὸ
3386 1091 3499 1160 φῶς
3513 1093 3656 1161 ήμέο

2081 1195 2201 1248 ραν,
2241 1181 2337 1232 καὶ
2358 1179 2418 1232 τὸ
2445 1181 2636 1245 σκότος
2672 1181 2899 1235 ἐκάλεσε
2922 1181 3119 1234 νύκτα·
3158 1201 3176 1234 ι
3201 1181 3415 1253 πρῶτον
3444 1181 3658 1235 τιθεῖσα

2077 1268 2140 1320 τὸ
2168 1270 2314 1338 φῶςο
2367 1271 2464 1323 καὶ
2507 1270 2614 1342 γὰρ
2648 1271 2738 1324 διὰ
2777 1271 2932 1324 τοῦτο
2973 1271 3187 1342 ὑπῆρχε
3219 1270 3407 1341 πρώτη
3437 1272 3652 1343 ἡμέρα.

2092 1362 2306 1431 Ἐπειδὴ
2333 1362 2440 1415 ἀπὸ
2465 1362 2558 1416 τοῦ
2594 1363 2768 1432 φωτὸς
2797 1363 3104 1436 ἠρξάμεθα,
3128 1365 3222 1417 καὶ
3242 1367 3320 1427 εἰς
3352 1363 3656 1433 σκοτασμὸν

2079 1455 2382 1525 κατηνέχθη
2393 1471 2489 1524 μεν
2511 1453 2637 1508 θστε
2649 1472 2758 1526 ρον.
2784 1455 3152 1527 Πλανηθέντες
3173 1455 3282 1527 γὰρ
3313 1455 3421 1508 ἀπὸ
3443 1455 3545 1524 τῆς
3567 1455 3657 1508 εὐ-

2081 1543 2230 1608 θείας
2256 1544 2374 1598 ὁδοῦ
2403 1547 2482 1610 εἰς
2515 1546 2708 1600 εἴδωλα
2759 1548 2854 1600 καὶ
2888 1547 3193 1616 σκοτασμὸν
3225 1547 3442 1616 ἀπάτης
3470 1545 3659 1599 ἔνεπέ»

2083 1649 2277 1703 σαμεν.
2315 1634 2447 1686 Ἀπὸ
2477 1634 2534 1686 δὲ
2562 1635 2662 1705 τῆς
2690 1634 2928 1706 Χριστοῦ
2964 1635 3266 1707 παρουσίας
3295 1636 3522 1706 ἄρχεται
3549 1637 3655 1688 πά-

403 1725 480 1780 dit
516 1741 644 1781 nox.
664 1725 788 1782 Ideo
812 1743 842 1780 a
871 1741 1097 1797 vespera
1123 1728 1466 1796 incipientes,
1493 1729 1812 1783 solemniter
1839 1728 1979 1782 cele-

2088 1723 2164 1776 λιν
2193 1725 2287 1778 καὶ
2317 1725 2588 1797 πρωτεύει
2618 1728 2651 1797 ή
2681 1726 2776 1792 νὺξ
2818 1727 2914 1798 τῆς
2957 1727 3187 1798 ἡμέρας.
3237 1727 3335 1779 Διά
3360 1725 3519 1779 τοῦτο
3563 1727 3657 1780 καὶ

403 1817 628 1874 bramus
689 1818 806 1873 dies
854 1828 1167 1887 sequentes.
1222 1818 1279 1873 Id
1323 1820 1595 1889 quomodo
1639 1820 1836 1873 factum
1884 1821 1974 1884 sit,

404 1909 614 1964 audias.
657 1908 1108 1978 Quandoquidem
1140 1910 1316 1980 primo
1345 1925 1376 1964 a
1410 1912 1528 1964 luce
1554 1909 1760 1979 delapsi
1788 1926 1978 1966 smnus

405 1999 473 2052 ad
499 2000 751 2053 tenebras
777 2017 794 2065 ;
823 2001 891 2053 ab
921 2001 1078 2054 initio
1100 2001 1314 2070 quidem
1337 1999 1439 2054 fuit
1465 2002 1576 2062 lux,
1594 2003 1829 2056 tenebrae
1850 2018 1979 2058 vero

406 2100 534 2146 sunt
571 2092 846 2145 insecutae.
885 2091 960 2144 Ex
985 2107 1050 2146 eo
1087 2101 1265 2146 autem
1297 2101 1537 2162 tempore
1567 2109 1674 2163 quo
1705 2094 1784 2148 sol
1811 2094 1978 2162 justi-

407 2182 496 2236 tiae
522 2181 774 2238 Christus
803 2182 943 2239 Deus
981 2191 1166 2238 noster
1207 2183 1408 2236 mundo
1439 2194 1661 2238 exortus
1695 2191 1800 2248 est,
1828 2193 1884 2239 et
1912 2201 1980 2239 ex

406 2275 646 2329 tenebris
667 2276 871 2330 erroris
888 2275 951 2327 ad
974 2276 1144 2330 lucem
1173 2275 1502 2344 cognitionis
1521 2275 1610 2329 Dei
1627 2291 1724 2331 nos
1744 2276 1975 2342 reduxit,

405 2379 436 2418 a
477 2366 715 2421 tenebris
747 2366 1100 2427 inchoamus,
1136 2374 1189 2420 et
1233 2369 1286 2420 in
1323 2369 1441 2421 luce
1482 2368 1770 2421 termimnn
1815 2368 1982 2423 habe-

404 2471 547 2511 mus.
587 2454 660 2509 lbi
707 2473 811 2510 non
857 2457 1040 2522 relert,
1085 2458 1297 2512 etiamsi
1338 2459 1607 2528 praecedat
1662 2475 1798 2523 nox,
1855 2475 1978 2512 cum

406 2547 521 2603 haec
562 2549 719 2602 nobis
768 2549 980 2602 initium
1039 2549 1131 2603 det
1173 2550 1347 2612 lucis,
1397 2555 1452 2605 et
1499 2549 1566 2603 ad
1610 2549 1784 2604 lucem
1819 2550 1979 2620 267

405 2639 659 2692 deducat.
696 2639 910 2693 Etenim
959 2655 1203 2710 prmsens
1239 2650 1422 2696 nostra
1450 2641 1582 2703 vita,
1614 2640 1668 2694 in
1699 2638 1980 2709 Scriptura

403 2731 642 2786 tenebrat
699 2740 949 2793 vocatur,
1011 2732 1465 2802 quemadmodum
1543 2731 1702 2787 divus
1775 2729 1982 2786 Paulus

405 2823 586 2893 inquit
623 2842 636 2877 :
680 2841 699 2875 ι
741 2823 1083 2892 Abjiciamus
1117 2839 1283 2893 opera
1317 2824 1763 2886 tenebrarum,et
1790 2822 1983 2877 indua-

402 2930 526 2968 mur
554 2929 707 2968 arma
737 2916 872 2969 lucis
909 2915 956 2947 "
991 2933 1004 2970 :
1054 2935 1072 2967 ι
1099 2915 1202 2969 hoc
1253 2925 1356 2978 est,
1399 2915 1565 2968 l‘uturi
1619 2916 1823 2970 saeculi.
1861 2913 1982 2968 Lux

401 3006 545 3059 enim
595 3006 815 3068 dicitur,
846 3006 1106 3059 saeculum
1161 3006 1424 3058 futurum.
1457 3007 1619 3058 Arma
1668 3020 1796 3059 vero
1835 3004 1982 3059 illius

2083 1817 2175 1886 ἀφ’
2197 1817 2436 1889 ἑσπέρας
2459 1819 2736 1891 ἀρχόμεθα
2754 1820 3096 1890 ἑορτάζοντες
3116 1819 3214 1883 τάς
3239 1820 3500 1890 ἐπαύριον
3523 1817 3663 1889 ὴμέ-

2088 1923 2206 1976 ρας.
2234 1907 2381 1977 Ποίῳ
2412 1908 2469 1960 δὲ
2496 1909 2680 1980 τρόπῳ
2708 1909 2930 1978 γέγονεν
2952 1906 3142 1972 οὕτως,
3171 1907 3419 1961 ἄκουσον.
3438 1908 3658 1980 Ἐπειδὴ

2082 1998 2143 2050 τὸ
2169 1997 2384 2069 πρῶτον
2401 1998 2509 2051 ἀπὸ
2534 1999 2628 2052 τοῦ
2658 2000 2834 2068 φωτὸς
2851 2000 2982 2071 πρὸς
2999 2000 3060 2052 τὸ
3087 1999 3275 2062 σκότος
3301 1999 3658 2068 ὲνεπέσαμεν,

2083 2086 2170 2140 διὰ
2201 2087 2359 2140 τοῦτο
2393 2090 2487 2142 καὶ
2537 2089 2599 2141 τὸ
2627 2089 2741 2158 φῶς
2773 2089 2886 2160 ἔχει
2919 2089 3016 2160 τὴν
3045 2090 3241 2161 ἀρχὴν,
3284 2089 3345 2142 τὸ
3383 2090 3440 2142 δὲ
3471 2089 3662 2154 σκότος

2086 2175 2331 2248 ὕστερον.
2375 2178 2491 2247 ’Λφ’
2518 2172 2577 2230 οὗ
2603 2178 2658 2231 δὲ
2687 2181 2715 2230 6
2745 2178 2894 2249 ἥλιος
2931 2178 3030 2249 τῆς
3063 2177 3405 2248 δικαιοσύνης
3426 2177 3660 2248 Χριστὸς

2085 2272 2113 2324 ὁ
2131 2270 2260 2333 Θεὸς
2283 2271 2316 2340 ἡ
2325 2269 2440 2340 μῶν
2471 2269 2548 2340 τῷ
2570 2271 2757 2340 κόσμῳ
2783 2269 3042 2333 ἀνέτειλε,
3061 2271 3156 2323 καὶ
3174 2270 3283 2324 ἀπὸ
3311 2269 3405 2323 τοῦ
3436 2269 3660 2333 σκότους

2084 2363 2183 2432 τῆς
2217 2362 2424 2433 πλάνης
2455 2361 2591 2432 πρὸς
2620 2361 2683 2414 τὸ
2722 2361 2838 2431 φῶς
2869 2362 2969 2431 τῆς
3000 2361 3330 2428 θεογνωσίας
3370 2361 3520 2432 ἡμᾶς
3563 2363 3661 2414 ὲπ-

2085 2457 2347 2527 ανήγαγε,
2366 2455 2453 2509 διὰ
2474 2454 2630 2508 τοῦτο
2648 2456 2741 2508 καὶ
2762 2455 2921 2526 ἡμεῖς
2941 2453 3049 2508 ἀπὸ
3069 2454 3162 2507 τοῦ
3181 2454 3402 2516 σκότους
3425 2453 3660 2525 ἀρχόμε-

2087 2547 2175 2612 θα,
2192 2549 2287 2601 κα¹ι
2301 2547 2438 2618 πρὸς
2453 2546 2511 2599 τὸ
2527 2545 2642 2616 φῶς
2665 2547 3062 2618 καταλήγομεν.
3081 2547 3167 2598 Ἐν
3186 2544 3358 2614 τούτῳ
3384 2544 3489 2598 κᾶν
3509 2547 3542 2615 ἡ
3564 2543 3660 2608 νὺξ

2087 2638 2376 2711 πρωτεύει.
2407 2639 2580 2710 ἀρχὴν
2612 2636 2828 2692 διδοῦσα
2873 2640 3039 2709 ἡμᾶς,
3077 2639 3172 2691 καὶ
3215 2637 3658 2708 παραπέμπουσα

2086 2733 2222 2804 πρὸς
2253 2730 2314 2785 τὸ
2344 2731 2476 2800 φῶς.
2508 2731 2618 2784 Καὶ
2650 2731 2757 2802 γὰρ
2784 2733 2812 2784 6
2853 2730 2966 2800 βίος
3011 2722 3166 2791 οὗτος
3192 2728 3380 2792 σκότος
3409 2728 3563 2799 παρά
3591 2731 3655 2799 τῇ

2085 2825 2274 2894 Γραφῇ
2300 2822 2645 2893 ὀνομάζεται,
2678 2821 2858 2885 καθὼς
2882 2824 2910 2875 6
2937 2821 3223 2884 θεσπέσιος
3262 2820 3474 2883 Παῦλος
3519 2819 3658 2874 οὕτω

2087 2917 2250 2986 φησιν
2274 2933 2286 2947 ο
2327 2935 2346 2967 ι
2381 2913 2738 2985 Ἀποθώμεθα
2769 2914 2836 2968 τά
2863 2913 2999 2985 ἔργα
3029 2912 3121 2966 τοῦ
3153 2914 3403 2976 σκότους,
3439 2913 3534 2965 καὶ
3576 2915 3658 2966 ὲν-

2084 3007 2372 3079 δυσώμεθα
2411 3006 2482 3060 τά
2518 3007 2658 3060 ὅπλα
2690 3004 2784 3059 τοῦ
2819 3005 2994 3075 φωτός
3016 3021 3030 3035 ’
3063 3023 3084 3056 ι
3126 3005 3371 3058 τουτέστι
3401 3003 3497 3056 τοῦ
3533 3003 3656 3073 μέλι

403 3093 541 3147 lucis
593 3101 722 3148 sunt
762 3095 1013 3148 virtutes.
1053 3095 1175 3149 Ideo
1233 3093 1491 3173 Christus
1543 3109 1761 3164 quoque
1794 3093 1979 3148 dixit:

2088 3099 2264 3164 λοντος
2293 3098 2510 3162 αἰῶνος.
2537 3097 2657 3162 Φῶς
2683 3098 2791 3169 γὰρ
2833 3099 2861 3150 6
2897 3095 3107 3167 μέλλων
3136 3096 3274 3148 ἐστι.
3309 3095 3390 3149 Τὰ
3422 3095 3482 3148 δὲ
3517 3095 3657 3148 ὅπλα

409 3202 430 3235 ι
478 3183 613 3238 Dum
669 3185 844 3239 lucem
895 3185 1124 3246 habetis,
1162 3186 1456 3250 ambulate,
1495 3201 1563 3240 ne
1598 3187 1832 3241 tenebrae
1883 3201 1981 3242 vos

403 3274 814 3343 apprehendant
861 3274 929 3330 ⁷⁷.
983 3297 1002 3328 ι
1057 3274 1159 3329 Ubi
1219 3275 1395 3329 lucem
1448 3275 1678 3331 virtutes
1747 3275 1980 3343 vocavit,

401 3382 540 3437 quas
582 3367 811 3422 virtutes
865 3367 1063 3430 homo,
1131 3367 1260 3422 dum
1311 3366 1484 3430 vhit,
1532 3367 1732 3423 habere
1783 3376 1980 3438 potest.

402 3455 536 3510 Post
600 3464 828 3510 mortem
895 3457 1040 3512 enim
1104 3471 1215 3510 non
1287 3456 1483 3526 poterit
1552 3471 1646 3511 eas
1716 3456 1977 3516 invenire.

405 3545 668 3601 Tenebra:
702 3560 829 3600 vero
861 3554 990 3600 sunt
1037 3561 1276 3616 praesens
1310 3547 1410 3600 hoc
1440 3546 1720 3608 sarculum,
1764 3556 1984 3617 pr0pter

403 3637 780 3693 tenebricosas
829 3645 882 3692 et
923 3637 1165 3693 nefarias
1196 3637 1344 3692 illius
1386 3638 1652 3694 actiones.
1683 3637 1837 3693 Sicut
1860 3655 1983 3693 rur—

403 3744 500 3784 sus
553 3729 731 3800 inquit
773 3729 1028 3784 Christus
1056 3747 1070 3783 :
1107 3746 1126 3780 ι
1168 3727 1274 3794 Qui
1308 3729 1559 3803 sequitur
1589 3743 1696 3795 me,
1729 3743 1839 3782 non
1867 3745 1984 3783 am-

403 3822 612 3875 bulabit
650 3824 706 3874 in
740 3821 1014 3884 tenebris,
1054 3819 1148 3874 sed
1200 3819 1419 3873 habebit
1471 3819 1654 3873 lumen
1711 3820 1913 3875 vitae".
1955 3840 1975 3873 ι

405 3913 572 3984 Sequi
618 3929 852 3982 namque
907 3912 1186 3968 Christum
1232 3918 1317 3966 est
1354 3925 1474 3981 qua:
1521 3911 1719 3980 placita
1775 3919 1903 3966 sunt
1928 3912 1980 3966 ei

403 4007 606 4069 facere,
641 4017 695 4062 et
735 4005 856 4077 ejis
891 4007 1143 4061 ntandata
1181 4021 1421 4061 servare.
1460 4005 1610 4060 Talis
1640 4019 1750 4058 non
1793 4005 1983 4058 ambu-

403 4099 538 4154 labit
572 4101 623 4152 in
659 4100 919 4161 tenebris,
959 4101 1059 4153 hoc
1090 4106 1175 4152 est
1215 4099 1270 4152 in
1323 4099 1482 4152 vanis
1509 4098 1672 4165 hujus
1705 4098 1826 4150 vitae
1855 4098 1976 4161 viis,

411 4192 507 4245 sed
538 4192 864 4245 inhabitabit
893 4201 944 4244 et
974 4191 1204 4258 accipiet
1241 4198 1500 4244 aeternam
1534 4190 1708 4243 lucem
1748 4190 1869 4243 vita:
1896 4189 1981 4241 l‘u-

405 4281 513 4336 turi
573 4284 778 4344 s:ecu|i,
830 4290 884 4335 et
945 4281 1350 4335 interminatam
1397 4297 1519 4350 qua:
1555 4280 1630 4334 ibi
1665 4279 1846 4334 futura
1876 4287 1976 4346 est,

405 4374 648 4426 laatitiam
681 4384 736 4428 et
768 4374 1207 4427 exsultationem.

2079 3190 2176 3244 τοῦ
2221 3189 2396 3259 φωτὸς
2427 3188 2636 3243 ἐκείνου
2679 3190 2814 3242 εἰσὶν
2846 3189 2903 3241 αἱ
2935 3188 3148 3259 ἀρεταί.
3183 3187 3280 3240 Διά
3323 3186 3480 3240 τοῦτο
3511 3187 3606 3240 καὶ
3628 3189 3655 3239 6

2080 3281 2317 3353 Χριστὸς
2355 3280 2538 3349 ἔλεγεν
2557 3297 2572 3311 ’
2606 3299 2625 3332 ι
2656 3281 2803 3343 Ἕως
2833 3281 2894 3333 τὸ
2933 3281 3049 3349 φῶς
3076 3280 3249 3351 ἔχετε,
3282 3283 3653 3352 περιπατεῖτε,

2060 3373 2170 3454 ⁴ἵνα
2201 3371 2275 3442 μὴ
2310 3371 2526 3424 σκοτεια
2549 3371 2692 3442 ὑμᾶς
2720 3371 3022 3443 καταλάϐῃ.
3050 3389 3068 3424 ι
3106 3369 3225 3434 Φῶς
3247 3369 3305 3424 δὲ
3328 3369 3426 3434 τὰς
3454 3369 3656 3442 ἀρετὰς

2080 3461 2358 3526 ἐκάλεσεν,
2386 3460 2455 3525 ἃς
2500 3459 2724 3515 δύναται
2761 3460 2904 3531 ἔχειν
2945 3460 2975 3513 6
3008 3460 3294 3532 ἄνθρωπος
3325 3459 3431 3524 ἕως
3455 3455 3520 3514 οὗ
3553 3459 3654 3531 ζῇ·

2085 3551 2221 3624 μετὰ
2247 3551 2476 3606 θάνατον
2505 3551 2614 3623 γὰρ
2641 3551 2702 3605 οὐ
2749 3550 2970 3605 δύναται
3007 3550 3179 3604 ταῦτα
3218 3551 3417 3621 εὑρεῖν.
3460 3550 3658 3613 Σκόσος

2081 3643 2138 3697 δὲ
2158 3645 2186 3696 6
2217 3642 2348 3697 αἰὼν
2381 3635 2536 3706 οὗτος
2561 3642 2651 3696 διὰ
2671 3642 2772 3706 τὰς
2796 3641 3076 3705 σκοτεινὰς
3107 3639 3272 3695 αὐτοῦ
3305 3641 3534 3712 πράξεις
3562 3644 3659 3696 καὶ

2081 3734 2372 3806 ἀθεμίτους
2398 3751 2411 3765 ⁸
2439 3734 2514 3798 ὡς
2557 3733 2719 3787 πάλιν
2756 3733 2976 3805 εἴρηκεν
3007 3735 3035 3786 6
3062 3731 3298 3804 Χριστός
3318 3747 3333 3762 ο
3371 3750 3391 3782 ί
3438 3732 3496 3785 '0
3529 3733 3660 3784 ἀκο-

2080 3823 2284 3877 λουθῶν
2314 3823 2438 3894 ἐμοὶ
2465 3823 2526 3874 οὐ
2563 3821 2638 3893 μὴ
2680 3823 3043 3893 περιπατήσει
3073 3822 3131 3874 ὲν
3179 3821 3244 3891 τῇ
3275 3819 3511 3892 σκοτεὶᾳ,
3543 3820 3658 3874 ἀλλ’

2081 3913 2190 3978 ἕξει
2235 3915 2294 3968 τὸ
2319 3913 2434 3984 φῶς
2461 3915 2560 3984 τῆς
2587 3913 2752 3984 ζωῆς.
2790 3932 2809 3966 ι
2861 3914 2970 3965 Καὶ
2997 3915 3103 3982 γὰρ
3143 3912 3204 3965 τὸ
3233 3911 3541 3966 ἀκολουθεῖν
3581 3911 3661 3982 τῷ

2079 4003 2301 4075 Χριστῷ
2320 4002 2479 4057 τοῦτό
2507 4007 2622 4056 ἐστι
2668 4004 2730 4056 τὸ
2756 4006 2927 4056 ποιεῖν
2951 4003 3016 4056 τὰ
3043 4002 3310 4074 εὐάρεστα
3344 4002 3531 4067 αὐτοῦ,
3563 4004 3662 4057 καὶ

2081 4095 2372 4165 φυλάσσειν
2396 4094 2496 4158 τὰς
2522 4093 2740 4157 ἐντολὰς
2763 4093 2948 4148 αὐτοῦ.
2994 4095 3050 4148 '0
3079 4093 3320 4158 τοιοῦτος
3351 4093 3460 4166 γὰρ
3485 4095 3548 4146 οὐ
3583 4094 3659 4166 μὴ

2080 4188 2439 4259 περιπατήσει
2473 4189 2530 4239 ὲν
2552 4189 2616 4257 τῇ
2651 4187 2886 4257 σκοτεία,
2928 4185 3202 4239 τουτέστιν
3233 4187 3290 4240 ὲν
3314 4189 3432 4249 ταῖς
3462 4188 3661 4257 ματαί-

2079 4295 2168 4341 αις
2206 4278 2343 4339 όδοῖς
2384 4277 2478 4330 τοῦ
2510 4278 2630 4347 βίου
2661 4278 2889 4342 τούτου,
2932 4277 3067 4331 ἀλλά
3108 4277 3521 4349 κατασκηνώσει
3561 4279 3660 4332 καὶ

2084 4409 2096 4422 .
2111 4367 2308 4424 ..λαϐεῖ
2330 4367 2390 4421 τὸ
2405 4366 2620 4421 αἰώνιον
2644 4366 2760 4438 φῶς
2787 4367 2884 4438 τῆς
2901 4366 3044 4437 ζωῆς
3078 4366 3171 4420 τοῦ
3201 4367 3485 4438 μέλλοντος
3523 4365 3661 4419 ait?»

405 4482 514 4528 νος.
563 4465 656 4517 καὶ
693 4464 791 4535 τὴν
829 4466 944 4516 ἐκεῖ
986 4464 1289 4535 ἀπέραντον
1334 4463 1674 4535 εὐφροσύνην
1711 4463 1803 4516 καὶ
1839 4462 2173 4531 ἀγαλλίασιν.

477 4556 587 4626 (90)
611 4556 827 4620 Quesr.
859 4553 1034 4607 LVIII.
1063 4554 1216 4620 Quod
1244 4555 1412 4607 Adam
1437 4561 1490 4608 et
1519 4553 1647 4618 Eva,
1684 4566 1969 4624 postquam
2010 4543 2048 4592 υ

405 4650 800 4710 comedissent,
841 4649 1196 4719 cognoverint
1224 4663 1283 4702 se
1317 4647 1494 4701 nudos
1524 4663 1647 4702 esse
1681 4666 1693 4701 :
1728 4647 1974 4718 nunquid

405 4749 696 4808 antequam
748 4739 1140 4800 comedissent,
1174 4739 1277 4792 hoc
1311 4753 1482 4792 sensu.
1521 4738 1733 4807 praediti
1779 4737 1976 4792 erant?

477 4830 641 4886 Resr.
679 4830 1148 4897 Quemadmodum
1186 4829 1438 4884 inl‘antnli
1469 4845 1576 4883 non
1620 4829 1972 4896 erubescunt,

2145 4549 2338 4623 Ἐρώτ.
2375 4551 2477 4622 νη’.
2508 4552 2629 4604 ’Ότι
2669 4551 2805 4621 μετά
2854 4550 2951 4622 τὴν
3002 4551 3202 4622 βρῶσιν
3247 4550 3528 4618 ἔγνωσαν,
3571 4551 3658 4604 ὅτι

2080 4647 2278 4716 γυμνοὶ
2309 4641 2450 4716 ἦσαν
2494 4645 2522 4698 ὃ
2553 4661 2612 4696 τε
2652 4643 2823 4715 Ἀδὰμ
2851 4645 2945 4698 καὶ
2972 4645 3004 4714 ἡ
3031 4641 3145 4695 Εὕα
3165 4683 3181 4709 ,
3214 4642 3248 4715 ἢ
3282 4643 3376 4696 καὶ
3414 4644 3522 4715 πρὸ
3548 4645 3653 4717 τῆς

2083 4735 2335 4808 βρώσεως
2368 4731 2512 4804 εἶχον
2539 4733 2743 4804 ταύτην
2769 4736 2866 4804 τὴν
2889 4733 3140 4804 αἴσθησιν
3162 4751 3176 4799 ;

2164 4827 2351 4880 Ἀπόκ.
2383 4827 2591 4898 ’Ὠσπερ
2624 4826 2691 4878 τὰ
2717 4825 2912 4896 κομιδῆ
2951 4827 3123 4894 νήπια
3158 4825 3415 4896 ἐρυθριᾷν
3451 4825 3514 4879 οὐ
3555 4827 3657 4880 πέ-

393 4925 622 4981 etiamsi
673 4924 842 4978 nullis
900 4924 1144 4978 vestibus
1191 4929 1464 4993 tegantur,
1500 4922 1672 4976 donec
1715 4921 1975 4992 paulatim

2088 4938 2217 4990 φυκε
2239 4922 2338 4991 τῆς
2367 4920 2592 4990 ἐσθῆτος
2610 4918 2978 4988 γυμνούμενα,
3003 4917 3138 4972 ἀλλά
3162 4918 3303 4971 κατὰ
3335 4917 3528 4990 μικρὸν
3555 4917 3652 4972 τοῦ

407 5019 746 5072 increscente
800 5030 1030 5086 corpore
1074 5024 1128 5070 et
1185 5015 1361 5084 pudor
1397 5013 1648 5068 adveniat
1685 5032 1700 5069 :
1735 5014 1815 5069 sic
1843 5027 1977 5068 sane

2088 5010 2328 5081 σώματος
2360 5010 2726 5081 αὐξανομένου
2746 5053 2760 5076 ,
2795 5010 2890 5064 καὶ
2928 5009 3024 5081 τὴν
3071 5011 3336 5082 ἐντροπὴν
3365 5009 3650 5081 προσλαμυ

405 5105 475 5162 de
521 5106 692 5160 Adam
740 5113 796 5162 et
849 5104 959 5158 Eva
1015 5104 1382 5160 sentiendum.
1416 5102 1552 5157 Nam
1587 5119 1710 5157 cum
1741 5103 1974 5173 primum

2088 5101 2327 5154 Ξάνουσιν
2352 5117 2366 5133 ο
2393 5100 2534 5154 οὕτω
2564 5101 2626 5172 δὴ
2651 5101 2742 5153 καὶ
2770 5101 2895 5172 περὶ
2923 5099 3016 5153 τοῦ
3053 5099 3222 5172 Ἀδὰμ
3243 5101 3455 5170 καὶτῆς
3478 5099 3643 5164 Εὔας.

405 5199 579 5254 creati
605 5205 810 5264 essent,
837 5200 978 5254 sicut
996 5196 1159 5253 modo
1182 5204 1345 5252 natus
1365 5194 1569 5260 infans,
1593 5195 1801 5264 peccati
1834 5209 1975 5248 non-

2088 5193 2254 5256 Εὺθὺς
2284 5192 2381 5264 μὲν
2415 5193 2763 5262 πλασθέντες,
2790 5189 2877 5247 οἷα
2902 5193 2966 5265 δὴ
2994 5193 3174 5266 νήπιοι
3200 5194 3292 5248 καὶ
3319 5192 3648 5265 εὐθυτενεῖς,

484 5373 527 5404 ’⁸
563 5373 696 5429 Gen.
722 5375 836 5441 1,5,
873 5373 928 5431 5.
1008 5375 1055 5408 "
1094 5373 1249 5429 Rom.
1283 5388 1416 5439 xm,
1448 5371 1536 5425 12.
1612 5371 1656 5403 ⁷⁷
1693 5368 1849 5425 Joan.
1886 5382 1998 5432 xu,
2034 5365 2121 5421 56.
2197 5368 2243 5399 ⁷⁸
2279 5365 2438 5421 Joan.
2480 5382 2600 5434 vin,
2644 5365 2730 5421 12.

413 5584 765 5725 s‘:)89)ulsluic
795 5587 990 5644 similis
1047 5597 1132 5645 est
1169 5587 1373 5654 Quaest.
1416 5589 1486 5645 52
1533 5589 1615 5644 Ad
1645 5589 1958 5643 Anime/tum

461 5672 473 5708 i
549 5674 590 5710 l‘l
669 5695 682 5711 ο

461 5672 514 5711 ιι)
549 5672 682 5711 l‘lllS.

2143 5591 2252 5663 (90)
2276 5590 2364 5647 Est
2390 5589 2592 5657 Quaest.
2615 5589 2685 5646 28
2716 5588 3039 5647 Theodoreti
3071 5591 3123 5645 in
3149 5589 3336 5645 Cenes.
