3852 6192
193 345 294 405 757

1278 335 1968 395 INTEBPRETATIONES
2004 336 2096 392 EX
2136 337 2200 393 ν.
2242 338 2306 394 Τ.

3341 339 3442 398 758

191 463 288 518 καὶ
309 461 410 530 τῆς
438 459 714 531 ἁμαρτίας
745 458 1000 530 ἀμέτοχοι
1023 496 1038 521 ,
1072 459 1174 511 οὐκ
1197 459 1491 529 ᾐσχύνοντο
1515 459 1639 529 δίχα
1668 475 1751 511 πε-

1878 457 1998 511 dum
2032 457 2348 528 participes,
2385 473 2496 514 non
2555 458 2794 530 pudebat
2837 459 2956 515 sine
2989 461 3182 516 vestitu
3224 460 3439 532 degere.

194 551 468 625 ριϐολαίου
489 567 502 581 ⁸
535 551 670 618 μετὰ
691 551 748 603 δὲ
777 550 875 620 τὴν
909 553 1104 620 πεῖραν
1125 551 1222 622 τῆς
1247 553 1524 624 ἁμαρτίαις
1547 553 1768 624 φύλλοις

192 643 568 713 συνεκάλυψαν
596 642 664 694 τὰ
697 641 904 695 ἑαυτῶν
932 641 1118 712 μόρια.

275 757 471 827 Ἐρώτ.
514 756 610 810 νθ¹.
651 757 717 809 Τί
767 758 946 820 ἐστιν,
982 757 1062 809 ὅτι
1099 774 1118 808 r
1159 756 1292 810 Ἰδοὺ
1334 757 1508 829 Ἀδὰμ
1543 757 1766 828 γέγονεν

190 849 264 911 ὡς
288 843 368 910 εἷς
399 845 457 910 ἐξ
485 847 677 917 ἠμῶν;
718 867 737 898 ι

272 941 462 994 Ἀπόκ.
508 939 868 1007 Ἑλεγκτικῶς
895 936 994 1009 τὴν
1034 937 1246 992 εἴκασιν
1275 936 1370 990 τοῦ
1412 937 1585 1010 Ἀδὰμ
1620 956 1765 1010 μεμ-

190 1031 422 1099 φόμενος
447 1031 593 1097 λέγει
621 1032 649 1081 6
680 1029 809 1093 Θεός
833 1046 846 1059 ·
882 1031 972 1099 Μὴ
999 1029 1028 1081 ὃ
1069 1031 1324 1100 ἐνόμισας
1355 1030 1606 1098 γενέσθαι
1646 1032 1768 1099 ἐγέ-

187 1138 348 1187 νετο;
386 1122 475 1193 Μὴ
513 1122 642 1185 Θεὸς
689 1122 903 1190 ὲγένου,
940 1119 1121 1188 καθὼς
1153 1123 1182 1174 6
1219 1122 1452 1192 πονηρὸς
1497 1119 1616 1176 εἶπέ
1660 1141 1763 1188 σοι,

185 1216 281 1269 καὶ
307 1214 578 1283 ἐπλάνησέ
623 1230 721 1278 σε;
756 1213 1133 1284 Ἐπιθυμήσας
1160 1213 1270 1284 γὰρ
1300 1213 1629 1287 ὑψηλότερος
1674 1233 1766 1284 γε-

185 1303 397 1369 νέσθαι,
433 1306 512 1368 είς
544 1304 604 1357 τὸ
631 1301 792 1376 ἦττον
822 1304 1097 1370 ἐξέπεσεν.

264 1479 460 1552 Ἐρώτ.
495 1479 555 1545 ξ’.
590 1479 655 1532 Τί
680 1481 797 1534 ἐστι
829 1479 910 1544 τὸ,
949 1498 966 1531 ι
997 1481 1142 1552 Πρὸς
1170 1481 1228 1535 σὲ
1257 1482 1289 1553 ἡ
1316 1481 1632 1555 ἀποστροφὴ
1661 1483 1762 1537 αὐ-

181 1572 304 1638 τοῦ,
331 1573 424 1625 καὶ
456 1575 518 1626 σὺ
549 1573 710 1625 αὑτοῦ
737 1573 922 1644 ἄρξεις
955 1589 970 1638 ;
1013 1592 1032 1623 ι

269 1665 461 1716 Ἀπόκ.
508 1664 613 1717 Τοῦ
665 1664 1136 1736 προσενεχθέντος’
1161 1664 1333 1738 δώρου
1377 1661 1532 1720 εἶπεν
1563 1667 1592 1719 6
1627 1666 1760 1730 Θεὸς

181 1751 262 1823 τῷ
311 1755 486 1817 Κάῖν,
528 1755 632 1816 ὃτι,
677 1754 854 1807 Αὐτοῦ
915 1754 1008 1808 τοῦ
1057 1753 1230 1825 δώρου
1267 1749 1330 1809 οὗ
1391 1758 1757 1829 προσήγαγες,

182 1847 555 1916 προσγένηται
590 1864 669 1900 σοι
703 1848 736 1917 ἡ
769 1848 1087 1920 ἀποστροφὴ
1117 1847 1284 1903 αὐτοῦ
1305 1891 1318 1912 ,
1355 1849 1448 1903 καὶ
1495 1851 1558 1902 σὺ
1603 1849 1756 1917 ὲξου-
1789 1869 1830 1927 Β

185 1938 398 2000 σιάσεις
425 1937 610 1990 αὑτοῦ.
651 1938 737 2001 Ὧς
763 1937 938 2002 θέλεις
959 1939 1206 2011 ποίησον.
1233 1938 1375 2008 Ἐγὼ
1403 1938 1512 2010 γὰρ
1543 1940 1674 1994 αὐτὸ
1695 1941 1756 1994 οὐ

182 2028 613 2101 προσεδεξάμην.

252 2119 449 2192 Ἐρώτ.
478 2121 575 2186 Ea}.
599 2119 696 2172 Διά
723 2119 796 2183 τί,
815 2121 1226 2192 ἁμαρτήσαντος
1249 2119 1342 2174 τοῦ
1380 2120 1568 2193 ’Δδὰμ,
1595 2120 1759 2175 Ἀ6ελ

181 2213 212 2263 6
233 2211 442 2275 δίκαιος
472 2212 819 2283 ἐτελεύτησεν
841 2229 855 2277 ;

253 2302 449 2356 Ἀπόκ.
483 2304 697 2374 Ἐπειδὴ
733 2304 830 2357 οὑκ
873 2304 1135 2375 ἠθέλησεν
1160 2306 1187 2358 6
1219 2303 1351 2368 Θεὸς
1383 2305 1632 2374 γενέσθαι
1663 2305 1756 2359 τοῦ

183 2394 418 2449 θανάτου
440 2395 501 2448 τὸ
527 2395 772 2465 θεμέλιον
808 2397 1026 2466 ἰσχυρόν
1043 2415 1056 2425 -
1086 2397 1135 2447 εἰ
1158 2395 1266 2465 γὰρ
1297 2397 1325 2447 6
1351 2395 1523 2466 Ἀδὰμ
1544 2397 1758 2468 πρῶτος

181 2483 556 2553 ἐτελεύτησεν,
595 2485 819 2553 ἰσχυρὰν
849 2487 1051 2546 ἐκεῖνος
1097 2484 1162 2537 ἂν
1192 2484 1290 2553 τὴν
1318 2484 1552 2555 κρηπῖδα
1579 2485 1752 2555 ἔσχεν,

181 2576 257 2638 ὡς
280 2576 497 2646 πρῶτον
516 2576 707 2646 νεκρὸν
729 2577 818 2628 τὸν
835 2575 1189 2646 ἡμαρτηκότα
1207 2574 1516 2644 δεξάμενος.
1537 2577 1753 2648 Ἐπειδὴ

179 2669 237 2723 δὲ
264 2670 356 2722 τὸν
384 2669 582 2731 ἀδίκως
610 2670 948 2739 ἀνῃρημένον
977 2668 1193 2740 πρῶτον
1220 2668 1454 2733 ἐδέξατο,
1490 2669 1753 2740 σφαλερὸν

179 2758 294 2829 ἔχει
323 2760 415 2811 καὶ
443 2757 638 2829 σαθρὸν
665 2757 826 2810 αὐτοῦ
853 2757 912 2810 τὸ
944 2756 1212 2827 θεμέλιον.

249 2851 447 2921 Ἐρώτ.
472 2850 568 2919 ξβκ
604 2851 668 2902 Τί
699 2851 866 2918 λέγει,
887 2851 968 2902 ὅτι
1009 2868 1026 2899 ι
1061 2851 1172 2913 Πᾶς
1198 2851 1226 2902 6
1259 2849 1585 2914 ἀποκτείνας
1609 2851 1750 2907 Κάῐν

176 2942 320 2994 ὲπτά
353 2941 710 3011 ὲκδικούμενα
746 2939 1048 3011 παραλύσει
1076 2956 1090 3005 ;
1135 2959 1154 2991 ι

245 3033 440 3086 Ἀπόκ.
468 3032 589 3094 Τοῖς
619 3032 768 3103 παρά
794 3031 884 3084 τοῦ
918 3033 1056 3085 Κάῖν
1085 3031 1509 3103 τετολμημένοις
1539 3032 1752 3104 πρῶτον

173 3125 484 3195 ἁμάρτημα
537 3124 726 3192 φθόνος
770 3125 862 3176 ἐπὶ
910 3126 977 3194 τῇ
1032 3125 1357 3195 προτιμήσει
1403 3123 1498 3176 τοῦ
1545 3124 1748 3178 Ἀϐελο

1866 545 1998 601 Post
2049 547 2342 603 admissam
2396 565 2526 604 vero
2580 551 2790 619 peccati
2846 553 3239 622 experientiam
3297 552 3442 608 foliis

1867 638 2111 692 membra
2143 655 2242 694 sua
2275 642 2660 712 contegebant.

1937 749 2048 821 (9t)
2085 752 2304 818 Quzsr.
2348 752 2484 808 LIX.
2518 754 2660 820 Quid
2694 763 2818 810 est:
2849 773 2868 806 ‹
2905 753 3047 811 Ecce
3065 754 3236 811 Adam
3261 755 3440 811 factus

1865 849 1948 896 est
1982 843 2123 898 sicut
2155 861 2294 900 unus
2319 861 2381 900 ex
2414 847 2574 902 nobis
2601 847 2684 900 7°?
2730 866 2748 899 ι

1937 931 2098 987 lisse.
2123 932 2225 988 Per
2257 935 2684 1005 increpationem
2719 936 2863 992 Deus
2891 952 3083 991 vanam
3124 937 3439 1007 opinionem

1863 1020 2057 1076 Adami
2089 1027 2511 1093 reprehendens,
2541 1028 2672 1080 dicit
2702 1047 2714 1082 :
2746 1026 2884 1081 Num
2936 1028 3136 1082 factum
3181 1039 3264 1083 est
3295 1029 3440 1098 quod

1864 1121 1920 1166 tu
1982 1115 2098 1169 fore
2149 1118 2416 1185 putabas?
2463 1117 2719 1187 Nunquid
2773 1121 2918 1174 enim
2974 1119 3114 1174 Deus
3145 1137 3204 1175 es
3237 1120 3436 1184 factus,

1865 1206 2007 1260 sicut
2042 1209 2310 1277 malignus
2369 1211 2457 1264 ille
2516 1210 2652 1264 dixit
2687 1211 2805 1274 tibi,
2838 1219 2892 1266 et
2939 1223 2995 1267 te
3032 1212 3276 1282 decepd?
3305 1212 3437 1266 Nam

1862 1298 2132 1351 excelsior
2161 1299 2274 1352 fieri
2296 1315 2419 1353 cum
2442 1310 2683 1370 cuperet,
2708 1302 2763 1355 in
2795 1303 3055 1357 minorem
3079 1303 3280 1358 decidit
3307 1307 3440 1358 con-

1863 1388 2145 1445 ditionem.

1932 1479 2151 1544 Qua-zsr.
2184 1478 2296 1535 LX.
2327 1479 2467 1547 Quid
2501 1488 2586 1536 est
2631 1480 2763 1536 illud
2794 1501 2808 1535 :
2841 1501 2859 1534 ι
2897 1483 3193 1539 Conversio
3221 1484 3342 1554 ejus
3370 1485 3438 1539 ad

1860 1577 1914 1624 te
1942 1573 2066 1637 erit,
2099 1581 2153 1627 et
2191 1580 2248 1627 tu
2289 1573 2661 1628 dominaberis
2692 1576 2739 1628 ei
2756 1575 2842 1627 Il°?
2887 1594 2906 1628 ι

1931 1661 2092 1718 Rssr.
2131 1662 2324 1719 Oblato
2357 1665 2522 1727 dono,
2575 1664 2709 1719 dixit
2749 1664 2893 1720 Deus
2920 1665 2987 1718 ad
3019 1665 3153 1721 Cain
3189 1684 3202 1720 :
3240 1666 3436 1724 Munus

1860 1754 1992 1808 illud
2053 1763 2228 1819 tuum,
2263 1754 2408 1825 quod
2459 1755 2734 1822 obtulisti,
2771 1759 2837 1811 ad
2888 1769 2939 1810 te
2989 1760 3266 1828 respiciat.
3299 1768 3350 1814 et
3378 1771 3435 1813 tu

1859 1844 2233 1899 dominaberis
2281 1846 2353 1906 ei,
2399 1847 2544 1916 agito
2600 1862 2726 1901 cum
2783 1863 2848 1903 eo
2907 1853 3051 1918 quo.l
3089 1852 3236 1908 voles
3269 1871 3281 1905 :
3310 1867 3436 1906 nam

1864 1929 1999 1983 illud
2029 1944 2130 2001 ego
2160 1946 2269 1985 non
2304 1931 2522 1988 admisi.

1914 2103 2023 2175 (92)
2041 2104 2261 2171 ρυεετ.
2287 2103 2422 2160 LXI.
2441 2105 2620 2174 Quare
2637 2123 2760 2163 cum
2782 2121 3059 2181 peccasset
3074 2111 3266 2180 Adam,
3282 2115 3434 2181 Abel,

1859 2199 1950 2268 qui
1989 2199 2172 2265 justus
2203 2208 2340 2264 erat,
2380 2210 2628 2255 mortuus
2660 2202 2778 2256 est?

1929 2287 2090 2343 Rusp.
2124 2289 2260 2355 Quia
2290 2291 2463 2346 noluit
2485 2291 2624 2348 Deus
2659 2295 2848 2351 mortis
2882 2296 3289 2353 fundamentum
3314 2317 3435 2356 esse

1858 2381 2072 2435 firmum
2107 2400 2120 2435 :
2153 2399 2278 2436 nam
2310 2385 2354 2438 si
2375 2386 2544 2438 Adam
2588 2387 2795 2456 primus
2830 2388 3020 2444 fuisSet
3052 2402 3317 2456 mortuus,
3345 2397 3435 2448 lir—

1856 2490 1999 2528 mam
2032 2477 2122 2529 illa
2152 2487 2300 2533 certe
2332 2479 2486 2533 basin
2537 2481 2838 2539 habuisset.
2876 2495 3129 2554 tanquam
3169 2503 3288 2555 (μιαί
3320 2492 3432 2556 pri-

1857 2581 2004 2620 mum
2037 2579 2329 2635 mortumn,
2348 2587 2469 2625 eum
2495 2573 2583 2641 qui
2613 2582 2904 2642 peccasset
2931 2577 3434 2646 abt‘ipllisScl.Qtlia

1855 2673 1986 2711 vero
2018 2675 2140 2712 eum
2173 2661 2264 2729 qui
2301 2661 2500 2730 injuste
2534 2665 2631 2715 fuit
2667 2664 3046 2734 interemptus,
3084 2671 3316 2737 primmn
3349 2686 3434 2726 re-

1854 2753 2027 2818 cepit;
2063 2752 2335 2806 lubricum
2371 2754 2531 2807 habet
2560 2764 2614 2808 et
2638 2756 2816 2809 debile
2851 2757 3288 2812 fumlameutum.

1925 2841 2146 2907 ρυίεετ.
2183 2843 2340 2898 LXII.
2376 2844 2514 2910 Quid
2548 2854 2633 2900 est
2670 2848 2812 2915 quod
2845 2849 2977 2902 dicit
3012 2867 3023 2902 :
3060 2871 3075 2898 ι
3112 2849 3298 2906 Cmms
3340 2851 3434 2922 qui

1853 2935 2115 2988 occiderit
2146 2935 2278 2989 Cain
2310 2947 2511 3006 septem
2552 2939 2782 2994 ultiones
2811 2943 3051 2994 c.\St)iVCi.
3072 2941 3152 2994 l“?
3183 2962 3200 2994 ι

1923 3023 2086 3079 Ruso.
2130 3025 2185 3079 In
2246 3028 2311 3082 iis
2368 3043 2488 3098 qua:
2539 3040 2949 3100 perpetrat-erat
3003 3032 3156 3097 Cain,
3201 3033 3432 3102 primum

1852 3126 2138 3186 peccatum
2169 3119 2270 3171 fuit
2301 3119 2524 3180 invidia,
2553 3131 2772 3190 propter
2798 3125 3207 3192 pt'ail'ugalivulll
3229 3125 3430 3189 Abelis;

172 3215 431 3286 δεύτερον
457 3215 633 3278 δόλος,
679 3215 794 3285 μεθ’
823 3209 882 3268 οὗ
908 3214 1160 3285 διηλέχθη
1195 3214 1272 3284 τῷ
1299 3213 1510 3285 ἀδελφῷ
1544 3215 1712 3269 εἰπών
1735 3233 1748 3247 ν

1878 3211 2182 3268 ιθρυηιιιιηι,
2233 3211 2391 3264 dolus
2451 3226 2558 3280 quo
2617 3211 2838 3266 fratrem
2880 3214 3150 3270 al.ocutus
3197 3226 3300 3279 est,
3345 3219 3430 3272 di-

180 3327 199 3358 ‹
242 3307 548 3377 Διέλθωμεν
578 3309 656 3370 εἰς
680 3308 740 3360 τὸ
768 3307 973 3360 πεδίονο
1007 3325 1024 3356 ι
1064 3307 1244 3377 τρίτον
1269 3306 1448 3374 φόνος,
1468 3306 1751 3379 προσθήκη

173 3400 268 3452 τοῦ
302 3401 477 3452 κακοῦ
500 3417 513 3431 ·
540 3400 816 3471 τέταρτον,
849 3400 929 3452 ὃτι
959 3398 1050 3451 τοῦ
1075 3398 1303 3468 ἀδελφοῦ
1337 3396 1538 3469 μείζων
1572 3401 1604 3470 ή
1637 3401 1753 3452 ἐπί-

172 3510 332 3556 τασις
353 3509 367 3522 ο
397 3492 660 3562 πέμπτον,
686 3493 766 3544 ὅτι
792 3491 1006 3560 γονεῦσι
1034 3491 1227 3552 πένθος
1256 3491 1536 3561 ὲποίησεν’
1570 3491 1748 3554 ἕκτον,

174 3583 256 3635 ὅτι
300 3583 403 3653 τὴν
454 3582 556 3651 γῆν
597 3582 818 3650 αἴμασιν
855 3580 1108 3650 ἐμίανενο
1157 3580 1384 3650 ἕϐδομον
1412 3619 1426 3642 ,
1478 3581 1559 3632 ὅτι
1619 3581 1752 3635 Θεὸν

174 3677 463 3746 ἐψεύσατο.
504 3675 830 3745 Ἐρωτηθεὶς
870 3673 998 3746 γὰρ,
1045 3674 1127 3726 ὅτι
1165 3692 1182 3723 ι
1213 3672 1322 3725 Ποῦ
1362 3675 1508 3726 ἐστιν
1543 3673 1754 3727 Ἀϐελό

174 3767 407 3834 ἀδελφός
448 3784 540 3819 σου
569 3783 582 3831 ;
609 3787 627 3816 ι
659 3761 810 3820 εἶπεν
831 3782 843 3794 ·
868 3784 886 3815 ‹
912 3767 1023 3818 Οὐκ
1052 3760 1188 3817 οἶδα.
1230 3783 1248 3815 ι
1291 3763 1462 3820 Ἑπτά
1485 3760 1578 3817 οὖν
1609 3765 1751 3818 ὲκδι-

172 3860 418 3931 λούμενα
462 3857 762 3929 παρελύετο
807 3859 864 3911 ὲν
896 3857 972 3928 τῷ
999 3856 1349 3928 ἀναιρεθῆναι
1377 3857 1468 3911 τὸν
1501 3857 1658 3911 Κάῖν.

253 4033 430 4088 Ἐπτά
467 4031 827 4102 ὲκδικούμενά
868 4034 973 4085 εἰσι
1013 4030 1218 4084 ταῦτα’
1257 4031 1469 4103 πρῶτον
1494 4071 1508 4097 ,
1547 4033 1628 4085 ὅτι
1661 4033 1752 4086 τὸν

172 4125 308 4178 Θεὸν
333 4124 651 4195 παρώργισε
667 4141 680 4154 ο
715 4123 962 4194 δεύτερον
983 4164 997 4188 ,
1028 4123 1110 4176 ὅτι
1132 4124 1223 4177 τὸν
1252 4124 1462 4193 πατέρα
1485 4124 1746 4194 ἐλύπησε·

173 4209 376 4291 τρίτον,
417 4217 627 4288 μητέρα
651 4217 873 4270 ἄτεκνον
895 4216 1139 4280 ἀπέδειξε
1163 4232 1178 4246 ⁶
1213 4216 1494 4285 τέταρτον,
1526 4215 1751 4286 ἀδελφὸν

172 4311 489 4363 ἀπέκτεινε’
539 4308 818 4378 πέμπτον,
870 4303 1010 4378 αἷμα
1054 4306 1268 4377 ἐξέχεεν
1297 4322 1312 4337 ·
1359 4307 1516 4361 ἕκτον
1542 4346 1557 4373 ,
1593 4309 1750 4379 φόνον

172 4403 497 4473 εἰργάσατο⁹
527 4401 771 4472 ἒὸδομον,
807 4400 939 4471 ᾅδην
964 4400 1318 4453 ἐνεκαίνισεν.

245 4582 442 4654 Ἐρώτ.
478 4583 578 4652 ξγ¹.
615 4583 681 4634 Τί
725 4583 870 4636 ὲστιο
909 4601 928 4635 ‹
962 4579 1179 4645 Meiva
1228 4583 1260 4652 ὴ
1309 4581 1457 4634 αἰτία
1503 4598 1606 4653 μου
1653 4581 1749 4635 τοῦ

167 4673 444 4744 ἀφεθῆναί
477 4689 566 4744 μοι
595 4671 713 4745 ζῇν,
744 4675 838 4726 καὶ
872 4673 947 4745 μὴ
977 4672 1304 4737 ἁποθανείνς
1340 4691 1360 4722 ι

248 4873 437 4926 Ἀπόκ.
454 4893 471 4924 σ
490 4874 706 4938 Μείζων
740 4872 1003 4944 ἐγένετοὴ
1027 4873 1287 4946 καταδίκη
1311 4891 1410 4944 μου
1438 4891 1450 4904 ·
1467 4893 1484 4923 ι
1518 4872 1610 4926 καὶ
1637 4872 1748 4943 γάρ

166 4964 413 5029 τοιοῦτος
457 4965 681 5034 γέγονεν
708 4968 737 5018 ὁ
779 4966 918 5018 Κάῖν
961 4967 1025 5018 ὲκ
1051 4965 1151 5035 τῆς
1193 4966 1436 5035 κατάρας
1463 4965 1553 5018 τοῦ
1587 4963 1742 5028 Θεοῦ,

166 5058 260 5109 ὅτι
313 5059 341 5110 6
387 5055 590 5126 τρόμος
645 5055 739 5109 καὶ
781 5058 810 5108 6
861 5055 1044 5118 κλόνος
1086 5055 1194 5108 τῶν
1255 5055 1431 5126 μελῶν
1467 5053 1652 5118 αὐτοῦ,
1684 5047 1744 5106 οὗ

168 5144 340 5218 εἶχεν,
371 5148 490 5200 οὐδὲ
537 5147 729 5220 βρῶμα
757 5148 938 5219 βαλεῖν
976 5151 1032 5201 ὲν
1060 5147 1138 5219 τῷ
1166 5148 1391 5214 στόματι
1425 5147 1588 5200 αὐτοῦ
1622 5147 1750 5218 ἠδύ-

167 5255 305 5292 νατο
312 5279 325 5291 .

246 5352 440 5424 Ἐρὼτ.
495 5352 587 5418 ξδ’.
629 5354 692 5407 Τί
727 5353 872 5424 λέγει
916 5353 1144 5424 Λάμεχ,
1200 5352 1282 5405 ὃτι
1334 5369 1352 5404 ι
1400 5351 1598 5413 Ἀνδρα
1644 5351 1746 5404 ἀπ-

276 5515 320 5546 "
359 5512 558 5569 Genes.
595 5527 691 5578 ιιι,
729 5511 820 5566 22.
893 5511 940 5544 ⁸ο
977 5510 1174 5567 Cenes.
1212 5526 1284 5577 ιν,
1323 5510 1374 5564 7.
1449 5509 1492 5541 ⁸⁸
1535 5509 1666 5564 ibid.
1707 5509 1793 5563 l5.

245 5687 357 5766 (gl)
383 5689 518 5766 Eide
536 5688 755 5766 ‘Quzest.
883 5687 1156 5766 Theudor.
1193 5689 1266 5766 iri
1279 5685 1462 5766 Gener.
1622 5763 1630 5766 _
1680 5755 1712 5766 Α·

248 5757 362 5815 (921
388 5759 486 5815 Est
527 5758 732 5825 Quaest.
774 5759 842 5813 ιϐ
889 5757 1096 5815 Theod.
1137 5759 1190 5814 in
1225 5757 1408 5813 Cenes.
1444 5757 1747 5813 immutatis

1720 4545 1828 4604 τι)

1854 3297 2059 3353 cendo:
2097 3299 2326 3356 «Eamus
2357 3302 2409 3354 in
2442 3303 2718 3372 agrum”;
2749 3323 2766 3354 ›
2802 3307 3039 3370 tertium,
3066 3308 3259 3367 caedes.
3285 3311 3434 3379 prio-

1854 3390 1930 3444 ris
1961 3391 2087 3444 mali
2119 3391 2584 3457 additamentum;
2617 3402 2896 3463 quantum,
2927 3400 3131 3464 peccati
3169 3413 3434 3468 augmen-

1853 3488 1966 3536 tum
1999 3484 2125 3553 quia
2153 3485 2351 3538 occidit
2377 3484 2630 3551 fratrem;
2657 3487 2928 3556 quintum,
2953 3489 3096 3558 quod
3120 3494 3434 3560 patentibus

1854 3575 2061 3629 luctum
2109 3581 2412 3648 pepererit;
2452 3590 2698 3645 sextum,
2733 3581 2877 3650 quod
2922 3589 3119 3636 terram
3169 3587 3434 3655 sanguine

1854 3668 2137 3736 polluerit;
2174 3671 2484 3738 septimum,
2505 3670 2644 3740 quod
2664 3673 2922 3726 mentitus
2941 3674 3012 3726 sit
3041 3672 3172 3727 Deo.
3194 3677 3432 3729 Interro-

1853 3766 2012 3828 gatus
2037 3759 2206 3824 enim,
2236 3779 2253 3810 ι
2285 3760 2514 3814 Ubinam
2533 3763 2764 3816 estAbel
2793 3765 2950 3817 frater
2977 3765 3137 3819 tuus?
3161 3785 3179 3816 ι
3202 3783 3430 3837 respon-

1853 3850 1930 3904 dit
1956 3870 1968 3904 :
1998 3869 2016 3902 ι
2052 3850 2246 3905 Nescio
2260 3853 2323 3906 ⁸³.
2346 3873 2364 3904 ι
2395 3856 2608 3923 Septem
2635 3855 2799 3925 igitur
2822 3856 3054 3912 ultiones
3074 3859 3428 3915 exsoluturus

1851 3955 1970 3998 erat
2000 3943 2092 4012 qui
2130 3945 2463 4001 interficeret
2494 3946 2650 4001 Cain.

1919 4031 2166 4088 Ultiones
2201 4034 2304 4087 illae
2333 4044 2558 4104 septem,
2593 4043 2721 4090 sunt
2751 4036 2868 4091 istae
2896 4055 2908 4090 :
2940 4036 3145 4100 Prima,
3182 4039 3327 4108 quod
3361 4039 3429 4094 ad

1853 4124 1988 4179 iram
2017 4128 2394 4195 provocarerit
2416 4125 2582 4181 Deum
2607 4145 2621 4194 ;
2652 4128 2912 4194 secunda,
2941 4129 3087 4198 quod
3118 4131 3305 4185 dolore
3336 4148 3430 4200 pa-

1853 4225 1988 4271 trem
2031 4217 2301 4284 aﬂ‘ecerit;
2335 4219 2514 4283 tertia,
2541 4218 2684 4287 quod
2719 4220 2905 4272 orbam
2938 4219 3128 4273 fecerit
3160 4230 3425 4289 matrem;

1851 4315 2067 4379 quarta,
2119 4309 2262 4379 quod
2319 4310 2652 4363 interemerit
2704 4310 2965 4376 fratrem;
3015 4312 3228 4380 quinta,
3282 4312 3428 4383 quod

1850 4401 2098 4456 effuderit
2123 4404 2474 4472 sanguinem;
2499 4411 2673 4464 sexta,
2701 4403 2841 4471 quod
2869 4403 3070 4458 eadem
3097 4408 3426 4475 patravcrit;

1853 4494 2101 4562 septima,
2131 4493 2275 4563 quod
2312 4494 2582 4548 infernum
2623 4495 2976 4549 dedicaverit.

1923 4584 2142 4649 Quas'r.
2189 4583 2369 4638 LXIII.
2419 4585 2558 4651 Quid
2593 4595 2679 4640 est
2708 4587 2848 4654 quod
2879 4587 3015 4640 dixit
3045 4605 3058 4641 :
3093 4605 3112 4638 ί
3141 4587 3314 4658 Major
3346 4597 3429 4644 est

1851 4676 2011 4744 culpa
2067 4691 2187 4730 mea
2233 4691 2398 4745 quam
2449 4686 2507 4731 ut
2549 4677 2881 4732 concedatur
2910 4679 3043 4732 mihi
3079 4680 3210 4743 vita,
3235 4687 3289 4735 et
3317 4696 3428 4734 non

1850 4768 2129 4822 moriar”.
2173 4787 2192 4819 ›

1917 4881 2077 4937 Resp.
2108 4881 2330 4952 «Major,
2359 4882 2555 4954 inquit,
2620 4891 2705 4939 est
2762 4884 3147 4940 condemnatio
3207 4901 3366 4940 mea:
3403 4905 3425 4938 ι

1851 4974 2049 5027 etenim
2091 4974 2216 5028 talis
2274 4989 2371 5043 per
2417 4973 2849 5029 maledictionem
2883 4974 2975 5029 Dei
3022 4975 3200 5030 factus
3254 4974 3428 5028 fuerat
3516 5019 3524 5028 .

1853 5060 2007 5124 Cain,
2051 5071 2106 5116 ut
2157 5068 2337 5115 terror
2385 5062 2549 5132 268
2577 5071 2630 5116 et
2664 5065 3029 5118 membrorum
3066 5073 3271 5118 tremor
3316 5081 3428 5119 non

1854 5151 2180 5217 admitteret,
2215 5161 2274 5206 ut
2301 5155 2385 5209 vel
2415 5155 2594 5209 cibum
2623 5142 2738 5210 sibi
2763 5157 2817 5210 in
2849 5171 2912 5211 os
2944 5157 3188 5227 ingerere
3221 5165 3425 5228 posset.

1926 5349 2036 5421 (93)
2067 5348 2287 5415 Qums'r.
2320 5350 2504 5405 LXIV.
2535 5351 2675 5418 Quid
2711 5361 2795 5409 est
2821 5355 2964 5426 quod
2995 5355 3127 5411 dicit
3156 5355 3424 5412 Lamech:

1867 5507 1911 5540 3’
1952 5506 2083 5562 ibid.
2125 5506 2178 5561 8.
2253 5507 2300 5539 ⁸³
2339 5507 2472 5562 ibid.
2509 5507 2563 5564 9.
2637 5506 2684 5540 “
2724 5507 2856 5564 ibid.
2894 5509 2980 5564 15.

1853 5685 2132 5756 paululum
2170 5685 2374 5741 verbis.

1921 5756 2034 5828 (95)
2061 5755 2193 5812 Vide
2223 5758 2426 5823 Quazst.
2466 5756 2536 5813 M
2564 5754 2891 5814 Theodoreti
2934 5757 2989 5813 in
3027 5755 3212 5813 Cenes.
