3852 6192
389 302 492 359 759

1552 283 1613 339 S.
1652 273 2117 334 ATHA‘NASIUS.
2159 304 2231 315 ——
2269 265 2545 327 SPURIA.

3532 255 3639 310 7ίο

393 438 412 472 ι
444 414 632 473 Occidi
679 411 855 467 virum
901 407 957 484 in
986 404 1182 459 vulnus
1231 412 1433 461 meum,
1468 404 1521 452 et
1576 396 1997 451 adolescentem

2113 405 2276 443 ετεινα
2301 390 2381 450 είς
2408 385 2630 457 τραῦμα
2671 382 2795 454 ἐμοὶ
2816 420 2830 446 ,
2857 380 2953 434 καί⁵
2982 354 3262 432 νεανίσκον
3282 375 3362 438 είς
3394 373 3643 446 iubatum

386 514 496 567 lum
521 509 585 562 in
617 506 1063 573 .livoremhmeum
1082 495 1164 548 ⁸⁵2
1200 511 1220 545 ι

456 597 622 653 Resr.
649 593 766 647 Non
788 590 922 645 dicit
942 588 1030 641 hic
1050 585 1181 646 duo,
1199 584 1343 638 sicut
1365 579 1688 636 existimant
1709 575 1965 647 quidam:

390 702 569 759 neque
619 684 757 739 Cain
804 678 1082 747 intelligit,
1119 682 1179 729 ut
1226 672 1447 743 quidam
1500 670 1838 731 fabulantur,
1873 664 1970 719 sed

391 757 525 837 dicit
552 774 843 849 quemdam
872 780 927 826 et
960 771 1105 824 hunc
1156 766 1578 821 adolescentem.
1618 761 1754 816 Nam
1791 757 1925 813 illud
1954 774 1968 811 :

398 891 418 924 ι
456 870 650 925 Virum
680 868 735 920 in
766 865 965 918 vulnus
997 875 1198 922 meum,
1228 864 1281 911 et
1307 856 1706 910 adolescentem
1741 851 1797 904 in
1827 849 1963 902 livo-

393 978 508 1018 rem
547 972 727 1014 meum
764 973 779 1009 :
819 973 838 1006 ι
874 954 976 1007 hoc
1002 959 1105 1014 est,
1156 948 1331 1002 virum
1363 942 1599 1014 junioris
1636 939 1835 995 aetatis.
1873 935 1976 991 De-

396 1050 620 1107 clinavit
642 1060 768 1101 vero
795 1056 1032 1115 ptenam,
1066 1046 1288 1109 propter
1315 1033 1715 1089 confessionem
1741 1024 1973 1098 peccati,

396 1151 446 1198 et
479 1142 596 1210 ipsa
617 1152 716 1193 sua
746 1130 1014 1190 sententia
1045 1126 1368 1193 sententiam
1395 1121 1491 1176 Dei
1529 1117 1800 1174 cohibuit.

474 1312 586 1385 (94)
625 1310 846 1377 QUEST.
907 1293 1071 1357 LXV.
1107 1296 1385 1366 Quosnam
1450 1295 1589 1349 ﬁlios
1631 1292 1726 1348 Dei
1766 1289 1981 1346 vocavit

403 1384 601 1468 Moses,
630 1404 858 1457 dicens:
897 1415 916 1447 ι
946 1394 1208 1448 Videntes
1238 1405 1366 1444 vero
1416 1387 1510 1440 ﬁlii
1566 1386 1657 1440 Dei
1694 1384 1836 1438 ﬁlias
1882 1384 1983 1437 ho-

405 1499 633 1559 minum,
672 1496 997 1558 acceperunt
1026 1500 1119 1540 eas
1148 1483 1251 1538 sibi
1291 1495 1490 1535 uxores
1510 1478 1600 1531 ⁸⁶ἳ
1642 1496 1661 1528 ι

486 1587 652 1640 Esse.
670 1584 743 1637 Ex
777 1580 946 1634 Adam
973 1576 1191 1647 quidem
1216 1582 1380 1628 natus
1404 1579 1486 1625 est
1514 1567 1773 1638 Seth,qui
1791 1568 1984 1622 tertius

2067 481 2190 551 ἐμοί
2213 497 2227 546 ;
2264 499 2282 531 ι

2137 571 2329 626 Ἀπόκ.
2365 570 2439 623 Οὐ
2494 566 2587 621 δύο
2623 565 2792 635 λέγει,
2836 560 3016 625 καθώς
3057 576 3202 622 τινες
3252 555 3640 626 ὑπειλήφασιν,

2068 663 2187 716 οὐδὲ
2211 662 2302 716 τὸν
2328 661 2489 725 Κάῖν,
2505 659 2581 723 ὼς
2605 658 2783 726 ἕτεροι
2820 672 2886 724 με
2895 652 3346 725 μυθολογήκασιν,
3370 647 3484 700 ἀλλ’
3519 645 3641 708 ἕνα,

2070 758 2168 810 καὶ
2192 754 2381 808 τοῦτον
2414 753 2567 807 νέονο
2604 769 2623 801 ι
2658 750 2824 821 ἄνδρα
2858 767 2876 801 ι
2921 746 3030 816 γὰρ
3064 763 3082 794 ι
3122 743 3202 805 είς
3229 739 3451 813 τραῦμα
3496 737 3643 808 ἐμοὶ,

2073 849 2167 902 καὶ
2192 846 2474 900 νεανίσκον
2498 844 2577 905 είς
2618 837 2860 911 μώλωπα
2889 834 3043 905 ἐμοί·
3081 852 3101 885 ι
3138 832 3435 896 τουτέστιν,
3475 827 3646 897 ἄνδρα

2074 941 2195 995 νέον
2247 938 2441 1010 ἔχοντα
2494 935 2592 1006 τὴν
2645 930 2879 1004 ήλικίαν.
2934 926 3169 995 Διέφυγε
3226 923 3284 975 δὲ
3332 922 3431 992 τὴν
3468 936 3647 989 τιμω-

2079 1031 2200 1104 ρίαν
2381 1028 2482 1100 τὴν
2541 1024 2827 1096 ὁμολογίαν
2876 1018 2978 1090 τῆς
3024 1015 3323 1088 ἁμαρτίας,
3374 1012 3470 1065 καὶ
3522 1008 3647 1063 καθ’

2078 1102 2269 1173 ἑαυτοῦ
2307 1118 2405 1190 τὴν
2453 1117 2632 1190 ψῆφον
2676 1110 3022 1181 ἐπενεγκὼν,
3068 1106 3166 1180 τὴν
3208 1106 3357 1160 θείαν
3405 1102 3650 1157 ἐκώλυσε

2077 1211 2276 1284 ψῆφον.

2152 1302 2347 1375 Ἐρώτ.
2376 1299 2469 1367 ξεν.
2500 1298 2667 1362 Τίνας
2713 1295 2866 1358 υἱοὺς
2904 1290 3039 1346 Θεοῦ
3068 1289 3335 1359 κέκληκεν
3360 1289 3388 1341 6
3420 1286 3650 1355 Μωσῆς,

2082 1394 2250 1449 είπών
2273 1410 2287 1423 '
2333 1411 2352 1443 ι
2395 1390 2616 1452 Ἰδόντες
2656 1387 2713 1441 δὲ
2744 1386 2850 1439 υἱοὶ
2896 1382 2991 1437 τοῦ
3028 1380 3162 1435 Θεοῦ
3213 1379 3313 1443 τὰς
3347 1376 3655 1447 θυγατέρας

2081 1487 2190 1541 τῶν
2222 1482 2542 1556 ἀνθρώπων,
2578 1479 2768 1534 ἔλαϐον
2803 1478 3011 1539 ἑαυτοῖς
3045 1475 3342 1543 γυναῖκας;
3377 1489 3396 1522 ι

2152 1575 2342 1628 Ἀπόκ.
2366 1573 2461 1625 Ἐκ
2491 1570 2588 1641 μὲν
2615 1566 2709 1621 τοῦ
2736 1566 2911 1636 Ἀδὰμ
2947 1560 3210 1633 ἐγεννήθη
3239 1563 3268 1614 6
3295 1558 3402 1631 Σήθ
3423 1575 3436 1588 ·
3466 1556 3651 1627 τρίτος

405 1688 523 1734 erat
571 1686 693 1746 post
721 1672 876 1726 Abel.
903 1645 1146 1722 ExVSeth
1171 1674 1351 1718 autem
1393 1670 1555 1716 natus
1585 1668 1668 1716 est
1701 1660 1864 1719 Enos,
1890 1657 1982 1728 qui

2113 1669 2193 1740 ’ὰρ
2220 1664 2289 1739 ἦν
2313 1664 2419 1720 ἀπὸ
2443 1663 2537 1716 τοῦ
2564 1661 2729 1715 Ἀὅελ
2748 1678 2762 1691 ο
2800 1661 2866 1712 ἐκ
2893 1654 2948 1711 δὲ
2978 1657 3071 1711 τοῦ
3097 1655 3202 1727 Σὴθ
3226 1656 3254 1707 ό
3281 1650 3470 1714 Ἐνώς.
3489 1645 3660 1711 Οὗτος

409 1727 520 1734 ___-
571 1727 689 1746 ,ην
1909 1727 1914 1728 ,

408 1771 462 1829 in
495 1760 984 1835 Dmninum'Deum
1021 1771 1171 1827 spem
1218 1753 1408 1807 habuit
1444 1761 1499 1805 et
1533 1749 1806 1804 invocavit
1831 1764 1979 1802 eum.

2113 1727 2308 1834 ιλίιτιοῖεν
2347 1754 2723 1810 ἐπικαλεῖσθαι
2772 1751 2862 1805 τὸν
2908 1750 3112 1822 Κύριον
3166 1747 3261 1799 καὶ
3311 1743 3462 1797 Θεόν.
3494 1741 3662 1793 Ὅθεν

406 1858 567 1916 Unde
613 1856 707 1925 qui
754 1867 821 1906 ex
878 1851 979 1902 hoc
1019 1847 1130 1900 nati
1169 1854 1295 1899 sunt
1340 1841 1517 1902 liberi,
1551 1841 1643 1892 lilii
1675 1839 1768 1892 Dei
1795 1836 1977 1892 vocati

409 1957 559 2014 sunt,
608 1940 1063 2016 quemadmodum
1117 1937 1279 1990 etiam
1314 1949 1415 1987 nos
1442 1947 1505 1986 ex
1533 1930 1736 1985 Christi
1765 1928 1981 1983 DOmini

410 2044 587 2100 nostri
624 2039 864 2097 nomine,
890 2030 1184 2086 Christiani
1231 2025 1596 2079 nominamur.
1628 2020 1982 2090 Segregatum

411 2146 496 2192 est
545 2132 691 2187 enim
738 2140 911 2198 genus
963 2121 1116 2184 Seth,
1153 2133 1251 2173 nec
1279 2125 1363 2171 cst
1388 2131 1512 2170 cum
1539 2115 1607 2168 iis
1635 2113 1983 2167 commistum

413 2226 685 2298 quierant
707 2234 774 2273 ex
793 2215 950 2279 Cain,
975 2212 1119 2283 quod
1142 2210 1231 2263 ille
1249 2224 1280 2262 a
1297 2206 1408 2261 Deo
1433 2206 1814 2259 universorum
1843 2209 1987 2256 esset

414 2296 759 2373 maledictus.
808 2307 1003 2361 Postea
1035 2317 1165 2357 vero
1195 2299 1438 2355 videntes
1488 2296 1628 2350 ﬁlias
1675 2310 1744 2350 ex
1788 2306 1988 2363 cogna-

415 2411 564 2465 tione
607 2403 741 2459 Cain
789 2398 1046 2472 pulchras
1076 2408 1218 2457 esse,
1249 2399 1411 2462 atque
1441 2388 1722 2444 blanditiis
1755 2384 1985 2454 decepti,

417 2502 694 2556 duxerunt
741 2507 836 2550 eas
873 2502 1093 2556 uxores,
1127 2491 1181 2540 et
1211 2494 1370 2540 suum
1405 2482 1481 2536 ita
1511 2493 1684 2551 genus
1715 2490 1992 2546 corrupe-

419 2599 570 2649 runt.

491 2684 709 2751 Qus'r.
758 2673 942 2732 LXVI.
975 2671 1116 2741 Quid
1163 2675 1248 2726 est
1295 2665 1442 2739 quod
1485 2663 1656 2721 dicit:
1694 2681 1713 2715 ε
1739 2662 1876 2717 Cum
1908 2675 1995 2715 re-

420 2773 696 2846 spexisset
731 2766 1024 2832 Abraham,
1051 2761 1188 2817 vidit
1217 2779 1232 2817 :
1264 2770 1320 2816 et
1346 2772 1475 2816 ecce
1518 2757 1661 2812 aries
1702 2769 1844 2808 unus
1873 2766 1996 2807 cor-

423 2866 585 2921 nibus
608 2860 901 2930 implicitus
933 2856 1169 2911 haerebat
1192 2852 1261 2906 ad
1293 2852 1536 2923 plantam
1562 2848 1739 2904 Sabec
1763 2846 1845 2899 οτι
1867 2864 1886 2896 ι

493 2955 656 3011 Rssr.
689 2952 881 3007 Planta
923 2946 1095 3003 Sabec
1149 2953 1236 3000 est
1288 2941 1601 2998 veneranda
1629 2954 1764 2994 crux
1801 2957 1816 2993 :
1843 2937 1998 3007 juxta

427 3047 684 3103 Hebraeos
725 3056 856 3098 vero
878 3039 1092 3094 videtur
1133 3034 1308 3090 Sabec
1336 3033 1592 3089 remissio
1615 3045 1742 3087 esse
1765 3036 1820 3084 et
1868 3043 2000 3083 con-

426 3137 670 3195 donatio.
699 3134 855 3187 Aries
886 3144 1018 3186 vero
1049 3129 1144 3199 qui
1176 3128 1232 3182 in
1264 3125 1440 3180 Sabec
1472 3123 1714 3179 haerebat
1739 3120 1809 3176 ad
1846 3121 2003 3191 plan-

429 3239 562 3295 tam,
593 3229 687 3298 qui
718 3226 885 3281 etiam
912 3236 1011 3292 pro
1041 3221 1195 3274 Isaac
1228 3218 1606 3272 holocaustum
1641 3213 1862 3267 oblatus
1895 3220 2001 3275 est,

430 3314 808 3389 pra-ﬁgurabat
838 3310 1138 3375 Christum,
1164 3305 1501 3360 immolatum
1531 3316 1632 3373 pro
1657 3302 1814 3358 nobis
1834 3300 2007 3357 sacri-

432 3410 615 3464 ﬁcium
674 3404 1106 3465 immaculatum,
1135 3408 1189 3455 et
1239 3399 1333 3469 qui
1387 3412 1488 3462 pro
1543 3395 1702 3450 nobis
1738 3395 1793 3448 in
1843 3409 2009 3450 cruce

430 3507 664 3554 mortem
696 3495 884 3551 subiit.
916 3512 935 3545 ‹
964 3490 1101 3545 Nam
1129 3490 1250 3561 ejus
1279 3488 1454 3544 vibice
1481 3501 1581 3542 nos
1614 3501 1804 3540 omnes
1832 3483 2010 3539 sanati

436 3602 647 3658 sumus,
690 3606 709 3641 ›
751 3586 929 3657 inquit
954 3584 1146 3647 Isaias,
1184 3601 1204 3634 ι
1234 3589 1287 3637 et
1315 3595 1414 3651 pro
1445 3579 1606 3633 nobis
1630 3578 1927 3642 cruciatur,
1957 3582 2011 3630 et

436 3691 658 3754 propter
673 3686 892 3751 peccata
916 3683 1102 3730 nostra
1120 3674 1435 3728 vulneratus
1457 3676 1542 3725 est
1555 3668 1620 3722 ⁸⁸.
1636 3686 1654 3718 ι
1678 3665 1830 3721 Sicut
1851 3667 2013 3736 igitur

437 3776 583 3831 aries
614 3773 704 3827 ille
733 3785 833 3841 pro
863 3770 1017 3824 Isaac
1044 3767 1260 3820 oblatus
1285 3771 1391 3827 est,
1423 3763 1498 3817 ita
1524 3760 1778 3816 Christus
1819 3759 2014 3813 immo-

440 3868 587 3920 latus
617 3869 703 3917 est
739 3874 839 3930 pro
871 3859 1029 3913 nobis
1066 3855 1342 3910 omnibus.

513 4049 626 4123 (95)
649 4048 870 4116 QII/EST.
903 4043 1110 4100 LXVII.
1134 4041 1274 4109 Quid
1304 4050 1388 4097 est
1421 4038 1565 4110 quod
1600 4036 1780 4107 inquit
1824 4035 2017 4090 lsaac:

446 4161 467 4194 ι
505 4141 648 4196 Ecce
678 4139 814 4194 odor
841 4138 933 4191 ﬁlii
962 4136 1069 4190 mei
1099 4134 1242 4189 sicut
1264 4132 1400 4186 odor
1424 4130 1549 4201 agri
1573 4129 1789 4199 plenus,
1817 4126 1905 4181 cui
1935 4127 2022 4180 be—

444 4234 661 4289 nedicat
698 4230 962 4285 Dominus
995 4234 1088 4282 :et
1109 4226 1199 4280 det
1223 4225 1321 4278 tibi
1347 4223 1609 4276 Dominus
1636 4219 1704 4273 de
1741 4232 1865 4272 rore
1896 4215 2021 4271 coeli

445 4335 502 4381 et
529 4325 597 4381 de
619 4321 946 4394 pinguedine
980 4326 1141 4373 terrae
1163 4325 1215 4370 et
1240 4312 1630 4369 abundantiam
1668 4307 1928 4364 frumenti
1965 4313 2019 4362 et

446 4417 575 4480 olei,
597 4425 651 4469 et
679 4413 920 4469 serviant
954 4411 1049 4463 tibi
1078 4407 1285 4478 populi,
1322 4426 1341 4458 ι
1373 4412 1480 4461 etc.
1499 4404 1584 4457 ⁸θῖ

515 4506 679 4561 Rssr.
711 4510 853 4575 Ager
884 4511 967 4558 est
997 4500 1234 4554 mundus
1268 4517 1283 4550 :
1318 4512 1411 4551 ros
1454 4512 1583 4552 vero
1609 4495 1731 4553 cteli
1763 4492 2022 4548 divinitas

450 4606 535 4655 est
584 4617 598 4652 :
637 4592 908 4667 pinguedo
940 4598 1122 4645 autem
1156 4598 1315 4643 terra:
1337 4597 1421 4642 est
1452 4587 1785 4641 humanitas.
1817 4584 2022 4649 Quem-

452 4686 745 4741 admodum
784 4683 948 4754 igitur
998 4694 1090 4733 ros
1141 4679 1360 4748 quidem
1409 4676 1758 4732 invisibiliter
1797 4676 2025 4729 descen-

454 4780 536 4833 dit
570 4786 625 4833 et
679 4775 736 4830 in
783 4782 930 4828 terra
979 4770 1288 4826 consistens
1328 4777 1584 4839 apparet,
1619 4767 1811 4822 eodem
1867 4765 2025 4820 modo

454 4866 599 4921 Deus
649 4863 909 4924 Verbum,
956 4860 1051 4931 qui
1103 4859 1394 4914 invisibilis
1441 4866 1544 4919 est.
1577 4874 1672 4928 per
1704 4873 1923 4912 carnem
1968 4858 2021 4910 in

455 4967 600 5011 terra
646 4960 973 5024 conspectus
1002 4958 1105 5016 est,
1135 4958 1189 5005 et
1215 4965 1336 5005 cum
1377 4950 1689 5004 hominibus
1725 4963 2023 5003 conversa-

455 5056 568 5104 ιιιε.
622 5046 978 5102 Frumentum
1019 5058 1153 5099 γει-ο
1199 5049 1255 5099 Ct
1302 5044 1513 5104 vinum,
1556 5051 2023 5097 sacramentorum

457 5142 765 5196 divinorum
814 5147 943 5193 sunt
997 5137 1306 5207 aenigmata.
1345 5135 1411 5188 Et
1460 5150 1650 5191 omnes
1697 5136 1878 5205 populi
1910 5151 2026 5191 scr-

458 5234 612 5287 viunt
645 5231 885 5287 Christo.

2084 1856 2133 1908 οί
2163 1856 2226 1906 ὲκ
2248 1848 2434 1903 τούτου
2461 1845 2812 1916 γεννηθέντες
2838 1841 3023 1904 παῖδες
3056 1840 3162 1892 υίο¹ι
3189 1836 3323 1891 Θεοῦ
3356 1834 3662 1906 ἐχρημάτι-

2088 1963 2207 2011 σαν,
2242 1943 2428 2013 ὥσπερ
2455 1934 2549 1994 καὶ
2583 1939 2744 2009 ἡμεῖς
2770 1938 2832 1989 ὲκ
2859 1935 2962 2005 τῆς
3000 1931 3095 1986 τοῦ
3130 1930 3388 1983 δεσπότου
3420 1923 3663 1998 Χριστοῦ

2088 2036 2457 2112 προσηγορίας
2484 2030 2800 2106 Χριστιανοὶ
2830 2025 3158 2098 καλούμεθα.
3200 2023 3311 2077 Καὶ
3344 2019 3453 2092 γὰρ
3488 2015 3665 2088 κεχώ-

2092 2109 2241 2205 ριστο
2266 2130 2358 2183 τοῦ
2386 2128 2494 2200 Σὴθ
2524 2127 2586 2180 τὺ
2616 2125 2792 2195 γένος,
2815 2123 2907 2176 καλ⁸
2933 2122 3033 2174 οὐκ
3064 2120 3320 2190 ἐμίγνυτο
3339 2116 3450 2176 τοῖς
3476 2115 3541 2165 ἐκ
3567 2109 3668 2164 τοῦ

2091 2203 2228 2278 Κάῖν
2253 2221 2340 2275 διὰ
2367 2220 2463 2291 τὴν
2501 2217 2882 2287 ἐπενεχθεῖσαν
2913 2210 3062 2283 αὐτῷ
3094 2210 3245 2282 παρὰ
3279 2207 3372 2261 τοῦ
3397 2204 3531 2259 Θεοῦ
3559 2203 3670 2256 τῶν

2090 2316 2226 2369 ὅλων
2249 2313 2409 2384 ἀράν.
2435 2310 2700 2381 Ὕστερον
2724 2307 2817 2361 καὶ
2843 2304 3068 2368 εὐειδεῖς
3094 2301 3419 2371 θεασάμενοι
3442 2296 3542 2361 τὰς
3574 2295 3674 2349 θυ-

2092 2406 2330 2478 γατέρας
2361 2406 2461 2475 τῆς
2487 2401 2579 2455 τοῦ
2610 2400 2749 2454 Κάῖν
2787 2396 3127 2466 συγγενείας,
3160 2392 3257 2447 καὶ
3280 2386 3676 2458 καταθελχθέν-

2093 2474 2206 2561 τες,
2230 2474 2426 2547 ἔλαϐον
2452 2488 2620 2553 αὑτὰς
2654 2489 2865 2549 ἑαυτοῖς
2897 2487 2978 2549 εἰς
3004 2484 3290 2553 γυναῖκας,
3320 2480 3414 2533 καὶ⁸
3437 2474 3678 2545 διέφθει-

2099 2604 2198 2662 ραν
2223 2586 2322 2658 τὴν
2353 2583 2560 2637 οίκείαν
2591 2580 2934 2649 συγγένειαν.

2167 2675 2362 2750 Ἐρώτ.
2392 2674 2497 2740 Eg’.
2538 2672 2602 2725 Τί
2641 2670 2670 2725 ὂ
2716 2670 2907 2739 λέγει’
2962 2686 2983 2720 ι
3017 2662 3351 2727 Ἀναϐλέψας
3395 2658 3676 2731 Ἀϐραὰμ,

2099 2769 2207 2829 εἶδε
2227 2787 2244 2804 ⁸
2287 2770 2382 2825 καὶ
2418 2767 2527 2822 ίδοὺ
2566 2766 2721 2837 κριὸς
2769 2759 2852 2829 εἷς
2893 2761 3254 2833 κατεχόμενος
3282 2756 3392 2812 τῶν
3426 2752 3680 2825 κεράτων

2100 2862 2264 2919 αὐτοῦ
2290 2864 2349 2916 ὲν
2381 2858 2532 2931 φυτῷ
2565 2858 2744 2911 Σαϐέκ
2767 2873 2782 2923 ;
2808 2874 2827 2908 ι

2172 2954 2358 3010 ’Δπόκ.
2389 2952 2558 3007 Φυτὺν
2606 2948 2783 3003 Σαϐὲκ
2815 2950 2844 3001 ό
2877 2945 3056 3018 τίμιός
3089 2945 3206 2998 ἔστι
3241 2939 3503 3012 σταυρός’
3537 2935 3684 2992 κατά

2102 3046 2159 3100 δὲ
2192 3041 2477 3115 Ἐϐραίους
2504 3039 2649 3093 δοκεῖ
2697 3036 2748 3090 τὺ
2781 3035 2960 3090 Σαϐὲκ
2985 3034 3230 3104 ἀφέσεως
3261 3031 3357 3085 καὶ
3389 3026 3682 3098 συγχωρή-

2070 3117 2075 3197 ί
2104 3153 2261 3200 σεως.
2300 3134 2359 3188 '0
2380 3134 2438 3187 δὲ
2457 3134 2515 3185 ὲν
2538 3129 2617 3202 τῷ
2635 3128 2814 3183 Σαϐὲκ
2833 3126 2910 3197 τῷ
2938 3124 3090 3196 φυτῷ
3113 3122 3477 3193 κατεχόμενος
3501 3117 3682 3188 κριὸς,

2103 3228 2249 3290 ὅστις
2271 3225 2367 3280 καὶ
2404 3225 2483 3287 είς
2510 3220 2700 3274 θυσίαν
2731 3216 3163 3291 προσήχθηάντὶ
3183 3212 3393 3276 Ἰσαὰκ,
3423 3211 3515 3264 τὺν
3548 3211 3686 3280 Χρι-

2107 3318 2231 3373 στὸν
2264 3313 2592 3389 προετύπου,
2609 3312 2701 3365 τὸν
2725 3308 3153 3382 προσενεχθέντα
3179 3305 3317 3377 ὑπὲρ
3343 3302 3503 3375 ἡμῶν
3532 3301 3687 3371 ἀμω-

2111 3427 2209 3481 μον
2258 3411 2474 3480 ίερεῖον,
2506 3405 2600 3459 καὶ
2642 3404 2702 3458 ὲν
2742 3402 2821 3473 τῷ
2856 3399 3074 3473 σταυρῷ
3106 3399 3335 3453 θάνατον
3374 3395 3689 3449 ὑποστάντα

2108 3501 2293 3554 ἕνεκεν
2319 3498 2495 3571 ἡμῶν.
2530 3515 2548 3548 ‹
2581 3494 2671 3565 Τῷ
2697 3492 2806 3565 γάρ
2842 3491 3067 3563 μώλωπι
3096 3489 3261 3545 αὑτοῦ
3291 3490 3452 3560 ήμεῖς
3486 3486 3691 3547 πάντες

2114 3592 2374 3662 ίάθημεν,
2412 3608 2430 3640 ι
2477 3587 2639 3656 φησὶν
2677 3584 2902 3647 Ἡσαΐας
2921 3623 2938 3649 ,
2971 3602 2990 3634 ‹
3023 3582 3118 3634 καὶ
3148 3580 3278 3651 περὶ
3305 3578 3463 3649 ήμῶν
3501 3576 3695 3629 ὀδυνᾶ-

2111 3701 2219 3748 ται,
2249 3683 2345 3736 καὶ
2388 3676 2796 3752 ἐτραυματίσθη
2845 3673 2938 3728 διὰ
2982 3672 3081 3736 τὰς
3131 3669 3402 3742 ἁμαρτίας
3440 3667 3627 3739 ἡμῶν.
3668 3686 3688 3717 ι

2114 3774 2326 3844 ’Ὠσπερ
2366 3770 2394 3821 ὁ
2428 3768 2581 3841 κριὸς
2619 3768 2824 3828 ἐκεῖνος
2859 3760 2952 3818 οὖν
3004 3761 3287 3832 προσήχθη
3321 3760 3444 3813 ἀντὶ
3478 3757 3693 3823 Ἰσαὰκ,

2114 3865 2255 3918 οὕτω
2308 3862 2401 3916 καὶ
2447 3862 2476 3914 6
2526 3857 2761 3930 Χριστὸς
2806 3853 3088 3927 προσήχθη
3127 3854 3266 3923 ὑπὲρ
3317 3849 3476 3922 ἡμῶν
3516 3849 3696 3903 ἀπάν-

2116 3968 2245 4007 των.

2188 4040 2381 4114 Ἐρώτ.
2414 4039 2509 4106 ξζν,
2539 4040 2604 4092 Τί
2632 4037 2779 4107 λέγει
2810 4039 2840 4091 6
2868 4035 3078 4099 Ἰσαὰκ,
3101 4035 3182 4089 ὅτι
3214 4051 3234 4085 ί
3264 4032 3397 4087 Ἰδοὺ
3426 4031 3573 4102 ὀσμὴ
3599 4029 3699 4083 τοῦ

2120 4136 2235 4189 υίοῦ
2265 4150 2366 4205 μου
2399 4133 2472 4196 ὡς
2504 4132 2647 4203 όσμὴ
2683 4129 2854 4200 ἀγροῦ
2888 4128 3135 4200 πλήρης,
3162 4126 3222 4179 ὃν
3247 4124 3544 4194 εὐλογήσαι
3581 4122 3700 4175 Κύ-

2125 4246 2266 4300 ριος,
2311 4226 2406 4280 καὶ
2449 4223 2558 4295 δῴη
2599 4240 2680 4276 σοι
2726 4223 2931 4293 Κύριος
2970 4219 3078 4274 ἀπὸ
3115 4219 3216 4289 τῆς
3246 4216 3439 4287 δρόσου
3480 4214 3575 4268 τοῦ
3606 4214 3703 4266 οὐ-

2125 4317 2302 4390 ρανοῦ¹
2336 4316 2431 4369 καὶ
2471 4313 2580 4368 ἀπὸ
2627 4313 2727 4383 τῆς
2769 4312 3023 4382 πιότητος
3066 4310 3165 4380 τῆς
3202 4309 3335 4379 γῆς,
3367 4306 3465 4360 καὶ
3497 4304 3705 4377 πλῆθος

2053 4428 2098 4482 D
2129 4410 2273 4462 σίτου
2292 4407 2387 4460 καὶ
2398 4404 2564 4470 οἴνου,
2594 4400 3143 4457 καὶδουλευσάτωσάν
3168 4416 3251 4453 σοι
3276 4400 3427 4468 ἔθνη,
3466 4416 3487 4451 ι
3509 4397 3609 4452 καὶ⁸
3637 4396 3707 4451 τά

2124 4500 2273 4571 ἑξῆς.

2195 4590 2385 4644 Ἀπόκ.
2408 4587 2604 4660 Ἀγρός
2623 4589 2771 4643 ἐστιν
2798 4588 2827 4640 6
2850 4585 3051 4656 κόσμος
3074 4601 3088 4615 ·
3110 4583 3299 4655 δρόσος
3320 4582 3377 4636 δὲ
3397 4580 3633 4652 οὐρανοῦ
3670 4581 3704 4650 ή

2126 4682 2314 4753 θεότης
2327 4698 2341 4711 ο
2357 4679 2547 4749 πιότης
2563 4678 2622 4732 δὲ
2633 4678 2845 4748 τῆςγῆς
2860 4679 2894 4747 ή
2908 4676 3004 4730 ἀνθ
3013 4675 3279 4746 ρωπότης.
3296 4672 3508 4742 Ὥσπερ
3525 4671 3706 4724 τοίνυν

2126 4776 2160 4846 ἡ
2197 4773 2385 4846 δρόσος
2414 4772 2511 4842 μὲν
2537 4770 2783 4841 ἀοράτως
2809 4768 3038 4829 κάτεισι,
3065 4766 3216 4819 κάτω
3245 4765 3303 4819 δὲ
3337 4762 3702 4834 συνισταμένη

2128 4867 2336 4935 γίνεται
2378 4865 2511 4935 δήλη
2539 4880 2553 4892 ·
2587 4861 2760 4926 οὕτως
2785 4861 3014 4932 ἀόρατος
3042 4858 3117 4912 ὢν
3140 4862 3168 4914 6
3199 4857 3331 4922 Θεὸς
3372 4858 3581 4925 Λόγος,
3620 4855 3706 4908 διὰ

2129 4959 2229 5027 τῆς
2271 4952 2469 5025 σαρκὸς
2502 4951 2595 5004 ἐπὶ
2624 4950 2725 5019 τῆς
2758 4951 2861 5019 γῆς
2892 4948 3044 5020 ὤφθη
3068 4988 3083 5013 ,
3118 4947 3214 5001 καὶ
3242 4948 3355 5010 τοῖς
3395 4943 3704 5018 ἀνθρώποις

2134 5045 2558 5119 συνανεστράφη.
2594 5043 2704 5097 Καὶ¹
2737 5044 2767 5095 6
2799 5045 2942 5104 σῖτος
2970 5041 3026 5093 δὲ
3055 5039 3150 5093 καὶ
3178 5042 3208 5093 6
3237 5033 3379 5102 οἶνος
3408 5036 3521 5091 τῶν
3547 5036 3703 5088 θείων

2136 5138 2446 5212 μυστηρίων
2479 5134 2794 5205 αἰνίγματα.
2822 5131 3139 5186 Δουλεύουσι
3171 5131 3349 5185 πάντα
3379 5127 3452 5182 τὰ
3469 5127 3601 5197 ἔθνη
3627 5123 3701 5194 τῷ

2132 5229 2376 5304 Χριστῷ.

531 5439 576 5476 ³³
612 5435 809 5492 Cenes.
844 5450 931 5503 tv,
963 5434 1052 5489 25.
1128 5435 1176 5467 ³⁸
1213 5432 1347 5517 Gen.
1374 5448 1450 5497 vi,
1487 5431 1542 5489 2.
1618 5431 1663 5464 ⁸⁷
1702 5429 1901 5487 Genes.
1940 5447 1997 5485 xx

2126 5431 2210 5485 15.
2289 5430 2335 5462 ⁸³
2372 5428 2630 5492 lsa.mn,
2667 5429 2721 5483 5.
2796 5426 2841 5460 ⁸³
2878 5426 3075 5481 Genes.
3114 5441 3295 5491 χιι-ιι,
3331 5423 3424 5478 2?.

532 5611 1010 5683 (94)Hnicgu2est.
1063 5612 1256 5667 similis
1284 5620 1370 5683 est
1397 5612 1465 5665 57
1496 5611 1566 5665 ad
1594 5610 1932 5675 Antiochum,
1973 5614 2028 5663 et

464 5680 667 5748 Quaest.
699 5682 766 5736 47
802 5680 1128 5736 Theodoreti
1170 5684 1225 5736 in
1269 5680 1511 5737 ϐοηθεῖτε.

2208 5607 2317 5681 (95)
2342 5607 2477 5664 Vide
2499 5614 2690 5679 quaest.
2726 5605 2795 5660 82
2821 5604 3145 5661 Theodoreti
3176 5603 3228 5656 in
3258 5599 3448 5656 Cenes.
