3852 6192
163 360 257 415 7H

1261 352 1948 417 INTERPRETATIONES
1984 361 2072 416 EX
2113 361 2174 416 ν.
2216 353 2280 414 Τ.

3309 363 3410 418 742

233 478 428 550 Ἐρῶτ.
479 479 577 550 ξη’.
610 479 675 531 Τί
707 478 888 548 δηλοῖ,
937 479 1018 532 ὅτι
1063 478 1253 531 ἐλαϐεν
1298 482 1326 532 ὁ
1360 478 1553 533 Ἰακὼϐ
1587 482 1735 551 τρεῖς

1901 477 2122 544 Οωεετ.
2151 477 2376 533 LXVIII.
2408 477 2546 544 Quid
2579 494 2676 550 per
2712 479 2845 534 illud
2878 480 3235 552 signiﬁcatur,
3262 483 3408 553 quod

166 572 416 644 ῥάϐδους,
438 571 651 642 χλωρὰν
683 570 1031 642 στυρακίνην,
1056 572 1148 624 καὶ
1172 572 1452 642 καρυῖνην,
1475 572 1570 625 καὶ
1601 571 1736 626 πλα-

1854 565 2004 621 Iacob
2051 575 2162 622 tres
2220 568 2403 637 virgas
2463 567 2676 637 accepit
2717 587 2730 621 :
2773 569 3105 638 styracinam
3153 570 3403 633 viridem,

164 665 376 729 τανίαν,
403 665 497 717 καὶ
523 663 630 734 (44)
665 662 953 716 ἐλέπτυνεν
983 663 1154 726 αὑτάς
1178 679 1193 728 ;

230 777 427 831 Ἀπόκ.
462 778 528 830 Αἱ
555 779 704 848 τρεῖς
735 775 919 848 ῥάϐδοι
955 775 1299 847 συμϐολικῶς
1330 777 1468 829 εἰσιν
1501 777 1556 829 αἱ
1590 778 1737 848 τρεῖς

162 869 421 940 δυνάμεις
461 869 560 939 τῆς
601 867 806 939 ψυχῆς,
832 868 893 920 τὸ
932 867 1168 936 λογικὸν,
1203 867 1380 921 καὶτὸ
1412 867 1737 938 ἐπιθυμητι-

165 961 294 1024 κὸν,
328 961 422 1014 καὶ
449 960 510 1013 τὸ
544 959 842 1031 θυμητικόν
863 976 876 990 ο
913 961 1032 1032 ἤτοι
1065 962 1119 1014 αἱ
1158 963 1306 1031 τρεῖς
1345 959 1596 1031 θεωρίαι,
1629 959 1737 1012 τῶν

165 1053 471 1124 σωμάτων,
508 1052 614 1106 τῶν
655 1052 989 1122 ἀσωμάτων,
1027 1051 1246 1120 καὶτῆς
1273 1050 1433 1118 ἀγίας
1479 1050 1733 1122 Τριάδοςο

163 1143 286 1211 ἦτοι
317 1139 550 1210 γενικῶς
579 1141 611 1210 ὴ
643 1138 918 1210 πρακτικὴ
949 1137 1036 1190 διὰ
1069 1139 1165 1210 τῆς
1192 1140 1455 1209 καρυΐνης
1475 1179 1488 1202 ,
1533 1140 1567 1209 ἡ
1600 1138 1737 1192 θεω-

165 1232 368 1304 ρητικὴ
413 1232 468 1285 δὲ
515 1231 603 1284 διὰ
650 1232 746 1301 τῆς
790 1231 1151 1301 στυρακίνης“
1194 1230 1281 1283 διὰ
1312 1230 1370 1282 δέ
1400 1231 1497 1302 τῆς
1535 1230 1739 1286 πλατά-

161 1341 254 1376 νου
294 1324 387 1376 τὸν
433 1323 634 1393 κόσμον
678 1321 864 1374 τοῦτον
907 1323 1000 1375 καὶ
1030 1323 1126 1394 τὴν
1157 1321 1390 1392 Θεωρίαν
1422 1321 1585 1374 αὑτοῦ
1625 1323 1740 1393 ᾐνί-

165 1415 314 1478 ξατο.

233 1503 432 1574 Ἐρὼτ.
470 1501 561 1566 ξθ’.
593 1502 748 1564 Τίνος
797 1502 954 1573 χάριν
999 1503 1026 1553 ὁ
1059 1500 1253 1553 Ἰακὼϐ
1299 1500 1604 1570 ἀναϐλέψας
1633 1496 1738 1555 εἶδε

162 1595 518 1666 παρεμϐολὴν
550 1593 680 1646 Θεοῦ
715 1593 1214 1664 παραϐεϐ).ηκυῖαν,
1242 1595 1336 1646 καὶ
1375 1589 1523 1646 εἴπεο
1549 1611 1566 1644 ι
1591 1593 1739 1664 Παρ-

162 1685 371 1754 εμϐολὴ
401 1683 533 1736 Θεοῦ
561 1682 696 1754 α’ύτη
725 1699 738 1747 ;
776 1701 796 1735 ι

233 1798 429 1851 Ἀπόκ.
465 1796 563 1850 Διά
595 1796 749 1850 τοῦτο
778 1798 811 1868 ἡ
848 1794 1165 1867 παρεμϐολὴ
1197 1795 1305 1849 τῶν
1333 1798 1578 1866 ἀγγέλων
1608 1806 1735 1867 φαι-

161 1907 315 1942 νεται
350 1887 428 1958 τῷ
456 1887 648 1941 Ἰακὼϐ
670 1929 682 1949 ,
713 1888 798 1940 ἵνα
827 1887 1105 1958 θαρσήσῃ,
1139 1888 1230 1940 καὶ
1279 1889 1354 1960 μὴ
1393 1889 1600 1961 φοϐηθῇ
1644 1891 1734 1943 τὸν

162 1979 394 2046 ἀδελφὸν
435 1977 597 2030 αὑτοῦ
636 1976 826 2030 Ἠσαῦ.
865 1975 1142 2028 Ἐϐούλετο
1170 1976 1278 2047 γὰρ
1333 1979 1361 2028 ὁ
1395 1977 1565 2030 Ἡσαῦ
1600 1979 1736 2032 ἀπο·-

163 2073 376 2122 κτεῖναι
402 2069 562 2122 αὐτὸν
585 2111 600 2134 ,
633 2068 726 2121 καὶ
751 2067 839 2120 διὰ
881 2067 1039 2120 τοῦτο
1071 2067 1332 2120 ἐπάλαισε
1364 2070 1457 2121 καὶ¹
1493 2071 1609 2140 μετ’
1641 2071 1740 2138 ἁγ-

163 2162 347 2230 γέλου,
377 2161 471 2214 καὶ
501 2158 650 2214 εἶπεν
679 2159 826 2230 αὐτῷ
851 2161 880 2211 ὁ
907 2160 1162 2228 ἄγγελος·
1206 2177 1226 2210 ι
1261 2159 1392 2230 Ἐμὲ
1427 2161 1737 2232 νενίκηκας,

163 2254 262 2307 καὶ
294 2253 577 2324 ἄνθρωπον
608 2252 868 2316 δέδοικας;
903 2270 920 2301 ι
958 2251 1097 2319 ἔγνω
1127 2251 1181 2304 δὲ
1214 2253 1298 2305 ὅτι
1331 2251 1418 2304 τὸν
1464 2251 1595 2305 Θεὸν
1627 2253 1739 2324 ἔχει

165 2341 388 2412 βοηθόν.

237 2430 434 2504 Ἐρώτ.
471 2437 533 2485 0'.
567 2430 633 2483 Τί
660 2431 809 2484 ἐστι’
850 2449 868 2480 ι
910 2431 1156 2502 Σκύμνος
1187 2431 1399 2497 λέοντος
1433 2431 1605 2485 Ἰούδα
1630 2471 1644 2496 ,
1675 2433 1739 2486 ἐκ

165 2521 422 2592 βλαστοῦ,
467 2520 548 2574 υἱέ
580 2537 679 2590 μου
701 2557 717 2583 ,
759 2519 957 2592 ἀνέϐης
979 2560 994 2585 ,
1028 2519 1314 2575 ἀναπεσὼν
1346 2521 1644 2593 ἐκοιμήθης
1665 2521 1740 2586 ὡς

161 2609 327 2675 λέων,
369 2628 389 2660 ι
416 2611 510 2662 καὶ
534 2609 604 2662 τὰ
636 2609 763 2680 ἑξῆς
790 2626 804 2675 ;
1244 2647 1256 2655 κ

249 2701 439 2756 Ἀπόκ.
469 2701 634 2755 Τοῦτο
665 2703 927 2773 ἁρμόττει
971 2701 1065 2756 ἐπὶ
1108 2702 1200 2756 τοῦ
1236 2703 1494 2777 Χριστοῦ.
1531 2703 1740 2776 Ὠσπερ

162 2793 275 2866 γὰρ
303 2794 333 2846 ὁ
364 2794 502 2847 λέων
536 2793 630 2847 καὶ
674 2793 947 2847 καθεύδων
1003 2794 1234 2866 φοϐερός
1291 2799 1458 2859 ἐστιν,
1496 2795 1668 2860 οὕτως
1710 2797 1740 2849 ὁ

161 2886 484 2948 δεσποτικὸς
508 2884 732 2950 θάνατος
781 2887 1009 2959 φοϐερὸς
1058 2889 1153 2940 καὶ
1185 2886 1263 2957 τῷ
1295 2885 1509 2958 θανάτῳ
1542 2888 1634 2940 καὶ
1662 2885 1739 2960 τῷ

161 2979 418 3048 διαϐόλῳ.
443 2977 646 3031 Λέοντα
675 2977 732 3031 δὲ
751 2978 912 3032 αὑτὸν
938 2979 1163 3032 ἐκάλεσε
1187 2979 1281 3032 καὶ
1315 2979 1552 3049 σκύμνον
1584 2979 1737 3032 λέον-

160 3088 255 3133 τος
289 3072 364 3136 ὼς
399 3069 621 3140 βασιλέα
651 3070 742 3122 καὶ
773 3069 848 3134 ὼς
876 3069 1140 3139 βασιλέως
1183 3071 1315 3124 υἱόν.
1353 3069 1426 3124 Τὸ
1469 3070 1546 3134 δὲ,
1585 3088 1604 3122 ι
1643 3069 1737 3134 Τίς

163 3166 349 3235 ἐγερεῖ
381 3162 580 3228 αύτόν;
625 3181 642 3212 ι
668 3160 765 3232 τὴν
793 3163 998 3231 ἄφατον
1023 3162 1187 3214 αὐτοῦ
1221 3163 1457 3214 δείκνυσι
1484 3161 1732 3231 δύναμιν.
1767 3200 1809 3258 C

163 3253 340 3315 Αὐτὸς
368 3252 476 3321 γὰρ
504 3251 694 3304 ἐαυτὸν
720 3252 980 3322 ἀνέστησε
1009 3252 1150 3304 κατὰ
1181 3252 1280 3322 τὴν
1303 3251 1465 3305 αὐτοῦ
1497 3253 1741 3323 πρόρρη-

167 3363 252 3398 σιν
295 3360 310 3374 ·
341 3344 474 3414 φησὶ
505 3343 645 3414 γάρ’
687 3360 706 3393 ι
751 3342 962 3395 Λύσατε
1013 3343 1102 3396 τὸν
1141 3343 1267 3396 ναὸν
1316 3343 1523 3407 τοῦτον,
1554 3345 1645 3396 καὶ
1687 3345 1743 3396 ἐν

162 3435 346 3506 τρισὶν
367 3435 599 3505 ἡμέραις
625 3434 800 3503 ἐγερῶ
830 3434 1009 3487 αὐτόν.
1042 3453 1060 3484 ι

249 3525 440 3598 Ἐρώτ.
475 3531 573 3578 οα’.
606 3525 669 3576 Τί
692 3528 806 3578 ἐστι
828 3541 840 3554 ⁸
881 3543 898 3575 ι
921 3524 1210 3594 Δεσμεύων
1231 3524 1366 3594 πρὸς
1387 3523 1628 3595 ἄμπελον
1652 3525 1742 3578 τὸν

165 3617 346 3670 πῶλον
379 3615 566 3680 αὑτοῦ,
602 3615 696 3667 καὶ
744 3617 810 3686 τῇ
865 3615 1002 3668 ’ἐλικι
1030 3614 1120 3667 τὸν
1155 3614 1331 3672 πῶλον
1361 3615 1460 3685 τῆς
1503 3615 1622 3669 ὄνου
1644 3617 1741 3669 αύ-

161 3709 260 3764 τοῦ
285 3725 335 3776 ς»

247 3823 437 3877 ’Δπόκ.
476 3824 748 3895 ’Ἄμπελον
773 3823 871 3896 μὲν
903 3824 1001 3896 τὴν
1039 3823 1394 3895 Ἰερουσαλὴμ
1415 3823 1561 3893 λέγει
1582 3842 1594 3854 ·
1623 3826 1739 3879 πῶ-

161 3914 252 3966 λον
291 3913 348 3966 δὲ
373 3914 464 3966 τὸν
493 3913 552 3978 ἐξ
581 3914 746 3967 ἐθνῶν
777 3914 924 3978 λαὸν,
965 3915 1041 3977 ὡς
1067 3915 1397 3984 ἀδάμαστον.
1431 3915 1600 3968 Τοῦτο
1633 3917 1741 3988 γὰρ

161 4005 260 4057 καὶ
291 4005 319 4056 ὁ
344 4004 544 4076 Κύριος
567 4005 802 4076 ὴνίξατο,
833 4005 1154 4069 ἀποστείλας
1178 4008 1305 4070 τοὺς
1337 4007 1581 4078 μαθητὰς
1606 4009 1740 4080 πρὸς

159 4095 224 4148 τὸ
251 4095 409 4149 λῦσαι
437 4095 536 4167 τὴν
565 4096 684 4150 ὄνον
701 4098 904 4150 καὶτὸν
929 4097 1126 4163 πῶλον,
1149 4099 1234 4166 ἐφ’
1259 4093 1303 4166 ᾧ
1332 4099 1504 4162 οὐδεὶς
1533 4099 1742 4171 ἀνθρώ-

160 4203 282 4240 πων
329 4187 602 4241 ἐκάθισεν.
648 4188 784 4241 Οὔτε
835 4189 1195 4260 πατριάρχης,
1256 4189 1393 4242 οὔτε
1420 4191 1737 4262 νομοθέτης,

159 4280 288 4334 οὔτε
318 4281 600 4352 προφήτης
618 4281 724 4334 τῶν
755 4281 923 4335 ἐθνῶν
953 4283 1235 4353 ἐφρόντισε
1269 4285 1569 4355 σωτηρίας’
1603 4285 1739 4339 ἀπό-

163 4373 345 4428 στολοι
372 4372 804 4443 προσταχθέντες
835 4374 1027 4428 ἔλυσαν
1051 4374 1149 4446 τὴν
1174 4375 1285 4428 τῶν
1305 4376 1606 4448 ἀνθρώπων
1634 4377 1736 4446 φύ-

161 4483 271 4531 σιν,
299 4465 590 4536 δεδεμένην
627 4470 748 4529 ταίς
788 4467 1107 4537 ἁμαρτίαις.

1837 671 2087 721 nuceam,
2117 664 2172 711 et
2190 671 2253 710 ex
2288 655 2544 725 platanis,
2570 665 2622 710 et
2654 655 3012 711 decorticavit
3041 672 3136 712 eas
3158 658 3242 711 ὀἳ

1905 767 2068 823 Resr.
2101 767 2236 823 Tres
2265 769 2453 839 virga,
2475 769 2796 840 symbolice,
2829 777 2956 824 sunt
2986 776 3100 826 tres
3125 770 3410 826 facultates
3436 766 3444 822 ἔ

1838 862 2051 925 animae,
2108 861 2432 925 rationalis,
2485 860 2777 931 appetitiva
2823 872 2876 916 et
2921 862 3266 918 irascibilis:
3327 865 3412 918 vel

1837 960 1950 1007 tres
1993 952 2513 1020 contemplationes;
2560 967 2875 1022 corporum,
2923 969 3109 1008 rerum
3156 954 3416 1025 incorpo-

1837 1059 2076 1108 rearum,
2108 1049 2162 1098 et
2191 1059 2361 1098 sacrm
2409 1041 2628 1096 Triadis
2661 1061 2673 1096 :
2710 1044 2794 1098 vel
2826 1044 3152 1112 generaliter
3182 1059 3280 1114 per
3309 1061 3412 1097 nu-

1838 1153 1990 1192 ceam
2021 1137 2250 1206 virgam,
2283 1135 2512 1190 activam
2536 1134 2736 1200 vitam;
2760 1150 2856 1204 per
2890 1135 3245 1205 styracinam,
3277 1150 3411 1190 con-

1840 1228 2236 1298 templativam,
2261 1235 2314 1280 et
2337 1241 2432 1294 per
2459 1240 2577 1279 eam
2603 1240 2722 1294 qua!
2744 1241 2808 1278 cx
2833 1224 3068 1293 platanis
3090 1233 3230 1289 erat,
3253 1240 3414 1278 mun~

1839 1319 1966 1373 dum
2001 1319 2146 1372 hunc
2176 1324 2230 1372 et
2259 1317 2379 1386 cjus
2411 1315 2926 1385 contemplationem
2960 1315 3159 1369 innuit.

1910 1491 2130 1557 vasr.
2178 1486 2364 1544 LXIX.
2399 1486 2579 1553 Quare
2603 1501 2773 1540 .acon
2814 1485 3116 1555 respiciens
3153 1486 3288 1540 vidit
3321 1501 3413 1539 ca-

1840 1592 1953 1639 stra
1985 1583 2074 1637 Dei
2107 1584 2302 1653 posita,
2329 1588 2381 1634 et
2405 1581 2538 1633 dixit
2572 1599 2584 1633 :
2623 1598 2641 1628 ι
2666 1581 2857 1633 Castra
2881 1577 2970 1633 Dei
3007 1580 3122 1634 haec
3141 1591 3266 1634 sunt
3287 1581 3367 1633 ἰτ
3388 1601 3405 1630 ι

1908 1773 2073 1829 RESp.
2127 1788 2229 1826 aco
2261 1780 2522 1841 apparent
2547 1770 2719 1824 0300b
2758 1771 3074 1840 angelorum
3105 1780 3308 1837 castra,
3353 1780 3413 1826 ut

1767 1858 1807 1912 Β
1837 1866 2085 1921 considat
2131 1871 2184 1919 et
2233 1879 2339 1917 non
2393 1863 2578 1916 timeat
2630 1861 2854 1916 fratrem
2889 1878 3048 1916 suum
3081 1862 3244 1918 Esau.
3284 1863 3412 1918 Erat

1838 1960 1980 2013 enim
2026 1956 2316 2010 consilium
2369 1953 2512 2008 Esau
2572 1953 2750 2022 ipsum
2800 1954 3070 2007 occidere.
3100 1953 3224 2008 Ideo
3267 1955 3411 2008 enim

1838 2065 1959 2104 cum
1998 2048 2188 2116 angelo
2231 2052 2464 2099 luctatus
2509 2055 2609 2108 est,
2635 2045 2728 2113 qui
2770 2045 2907 2098 dixit
2949 2046 2997 2099 ei
3034 2063 3048 2098 :
3086 2064 3104 2095 ι
3131 2045 3214 2100 Ille
3243 2046 3408 2107 victo,

1837 2155 1967 2193 num
2022 2139 2296 2192 hominem
2340 2137 2570 2191 times?)
2606 2138 2970 2207 cognoscebat
2993 2153 3124 2192 vero
3157 2154 3215 2193 se
3241 2135 3412 2193 Deum

1837 2231 2036 2286 habere
2070 2229 2397 2298 adjutorem.

1912 2431 2025 2504 (96)
2055 2430 2274 2499 Qumsr.
2301 2430 2464 2486 LXX.
2490 2429 2761 2498 Quidnam
2793 2435 2908 2485 est:
2931 2447 2951 2480 ι
2970 2427 3198 2484 Catulus
3237 2429 3412 2484 leonis

1836 2522 1997 2588 Juda,
2021 2523 2087 2580 de
2109 2524 2372 2595 germine,
2397 2524 2468 2578 lili
2490 2523 2588 2587 mi,
2621 2523 2938 2589 ascendisti,
2959 2523 3288 2578 accumbens
3317 2523 3415 2578 ob-

1839 2615 2167 2679 dormivisti,
2194 2621 2253 2668 ut
2279 2614 2382 2678 leo,
2425 2633 2445 2666 ι
2477 2621 2584 2669 etc.
2621 2614 2715 2667 "‘I

1908 2707 2074 2779 269
2099 2705 2260 2763 Resp.
2277 2705 2391 2760 Hoc
2414 2705 2634 2761 Christo
2657 2704 2927 2775 congruit.
2946 2703 3410 2771 Quemadmodum

1839 2801 1985 2854 enim
2020 2799 2106 2854 leo
2133 2798 2296 2854 etiam
2314 2812 2440 2852 cum
2470 2797 2673 2852 dormit
2696 2797 2959 2852 terribilis
2983 2804 3069 2852 est
3097 2811 3112 2848 :
3138 2797 3218 2852 sic
3245 2797 3411 2852 etiam

1840 2903 1990 2943 mors
2025 2887 2308 2943 Dominica
2333 2887 2530 2942 terrori
2546 2895 2632 2942 est
2665 2895 2780 2942 tum
2816 2887 3002 2954 morti,
3039 2895 3155 2941 tum
3190 2887 3412 2943 diabolo

1840 2995 2076 3050 quoque.
2101 2978 2341 3035 Leonem
2366 2994 2495 3035 vero
2517 2980 2698 3050 ipsum
2741 2986 2796 3034 et
2823 2979 3066 3034 catulum
3097 2981 3272 3036 leonis
3310 2995 3412 3036 vo-

1841 3070 1986 3124 cavit
2016 3077 2274 3138 tanquam
2298 3084 2481 3140 regem
2511 3078 2565 3125 et
2593 3079 2852 3141 tanquam
2883 3069 3032 3142 regis
3064 3072 3258 3126 lilium.
3296 3070 3412 3127 Hoc

1840 3176 2007 3216 vero:
2039 3179 2058 3212 (
2099 3160 2234 3227 Quis
2267 3163 2526 3217 excitabit
2553 3162 2721 3217 eum?
2752 3183 2771 3215 ι
2811 3162 3140 3218 ineﬂ‘abilem
3175 3164 3294 3233 ejus
3317 3179 3413 3233 po-

1845 3248 2070 3308 tentiam
2114 3255 2374 3309 declarat.
2416 3253 2550 3309 Nam
2583 3255 2701 3325 ipse
2731 3255 3087 3325 semetipsum
3131 3257 3409 3316 excitavit.

1842 3348 1985 3401 sicut
2011 3348 2128 3416 ipse
2157 3347 2432 3416 prmdixit,
2463 3361 2588 3400 cum
2621 3345 2801 3416 inquit
2835 3365 2892 3400 τι
2921 3345 3126 3401 Solvite
3152 3348 3410 3418 templum

1841 3437 1966 3501 hoc,
1999 3445 2053 3492 et
2085 3438 2139 3491 in
2167 3439 2343 3492 tribus
2366 3437 2559 3492 diebus
2587 3437 2838 3492 excitabo
2867 3437 2998 3492 illud
3032 3437 3102 3491 ".
3132 3457 3152 3490 ι

1911 3530 2132 3597 ρυεετ.
2169 3531 2356 3586 LXXI.
2409 3531 2549 3597 Quid
2584 3539 2671 3586 est
2705 3530 2840 3584 illud
2879 3551 2892 3585 :
2925 3550 2944 3583 ι
2974 3530 3177 3601 Ligans
3218 3532 3285 3586 ad
3331 3531 3413 3587 vi-

1841 3637 1999 3677 neam
2055 3624 2262 3693 pullum
2308 3639 2492 3688 suum,
2535 3629 2588 3678 et
2641 3621 2711 3677 ad
2769 3621 2935 3677 vitem
2986 3624 3194 3693 pullum
3243 3622 3411 3680 asina:

1841 3729 1952 3770 suae
1973 3714 2017 3745 ’π
2040 3714 2062 3767 ?
2083 3734 2101 3764 ι

1915 3827 2076 3882 ﬂes».
2113 3827 2331 3883 Vineam
2371 3829 2590 3899 quidem
2643 3829 2968 3893 Jerusalem,
3014 3829 3222 3900 pullum
3271 3845 3406 3885 vero

1840 3927 2000 3973 vocat
2030 3920 2287 3990 populum
2319 3921 2412 3990 qui
2445 3928 2530 3976 est
2558 3937 2622 3976 ex
2653 3923 2928 3991 gentibus,
2963 3930 3222 3993 tanquam
3249 3922 3408 3976 indo-

1839 4014 2052 4066 mitum.
2078 4011 2190 4066 Hoc
2217 4029 2452 4083 namque
2482 4013 2744 4070 Dominus
2783 4031 3002 4085 quoque
3047 4016 3406 4076 adumbravil,

1839 4101 2026 4155 missis
2057 4101 2344 4171 discipulis
2396 4102 2465 4155 ad
2490 4104 2808 4158 solvendam
2842 4107 3053 4159 asinam
3085 4114 3138 4159 ct
3177 4106 3406 4174 pullum,

1841 4206 2004 4259 super
2024 4206 2185 4260 quem
2209 4191 2386 4245 adhuc
2423 4192 2608 4248 nullus
2631 4193 2914 4247 hominum
2947 4194 3198 4256 sedisset,
3225 4193 3409 4246 nullus

1841 4281 2094 4336 videlicet
2123 4284 2454 4352 patriarcha,
2493 4300 2594 4338 nec
2624 4285 2901 4355 Iegislalor
2934 4287 3019 4339 vel
3047 4287 3308 4355 propheta
3343 4286 3411 4340 de

1841 4375 2016 4427 salute
2037 4374 2278 4443 gentium
2300 4375 2580 4444 cogitavit,
2608 4376 2702 4429 sed
2733 4375 2962 4445 apostoli
2998 4377 3066 4429 ad
3090 4376 3144 4428 id
3169 4375 3408 4430 ordinati

1841 4465 2122 4520 solverunt
2161 4465 2454 4518 humanam
2504 4474 2778 4529 naturam,
2826 4466 3067 4534 peccatis
3107 4465 3405 4536 alligatam.

243 4576 439 4649 Ἐρὼτ.
467 4577 564 4648 οβ’.
601 4579 664 4632 Τί
694 4580 841 4631 ἐστιν
895 4577 923 4629 ὃ
973 4577 1147 4645 λέγει·
1187 4597 1206 4629 ι
1260 4579 1457 4633 Πλυνεί
1490 4581 1550 4633 ἐν
1611 4579 1736 4650 οἴνῳ

1913 4579 2134 4646 ρυιετ.
2169 4577 2378 4635 LXXII.
2433 4578 2570 4646 Quid
2609 4587 2692 4634 est
2743 4580 2886 4650 quod
2919 4580 3051 4634 dicit
3082 4596 3095 4631 :
3127 4597 3146 4629 ι
3184 4578 3411 4634 Lavabit

158 4671 262 4743 τὴν
298 4669 492 4742 στολὴν
513 4671 698 4733 αὐτοῦ,
730 4672 824 4725 καὶ¹
854 4673 912 4723 ἐν
941 4672 1132 4742 αἵματι
1166 4673 1437 4745 σταφυλῆς
1459 4673 1558 4745 τὴν
1581 4691 1738 4745 περι-

159 4763 328 4835 ϐολὴν
353 4763 538 4826 αὐτοῦ,
570 4783 588 4816 ι
625 4765 718 4817 καὶ
748 4764 818 4818 τὰ
846 4764 1003 4835 ἐξῆς;

244 4877 435 4931 Ἀπόκ.
489 4877 571 4931 Τὰ
615 4879 754 4932 κατά
784 4879 878 4932 τοῦ
913 4878 1116 4942 πάθους
1149 4878 1240 4933 τοῦ
1273 4877 1505 4952 Χριστοῦ
1553 4879 1732 4946 λέγει’

159 4971 256 5022 καὶ
279 4968 340 5021 τὸ
376 4970 474 5038 μὲν
515 4969 675 5042 σῶμα
710 4970 898 5041 στολὴν
914 4969 1188 5041 ὀνομάζει,
1219 4970 1280 5023 τὸ
1311 4971 1367 5023 δὲ
1390 4966 1527 5041 αἷμα
1559 4966 1697 5022 οἶνον
1719 4987 1732 4999 ·

159 5061 351 5130 ἐπειδὴ
381 5062 476 5116 καὶ
518 5064 607 5115 τὸν
643 5063 900 5134 μυστικὸν
940 5059 1080 5116 οἶνον
1113 5060 1250 5133 αἷμα
1282 5062 1545 5133 κέκληκεν
1581 5064 1609 5115 ό
1652 5062 1736 5115 δε-

160 5152 389 5221 σπότης.
412 5151 484 5202 Τὸ
505 5152 582 5215 δὲ,
607 5153 867 5222 Χαρωποὶ
895 5154 942 5206 οἱ
961 5152 1225 5223 ὀφθαλμοὶ
1251 5153 1413 5205 αὑτοῦ
1441 5153 1548 5204 ἀπὸ
1567 5152 1731 5216 οἴνου,

157 5243 260 5315 τὴν
291 5246 430 5314 μετά
465 5243 526 5296 τὸ
559 5242 726 5308 πάθος
752 5243 1090 5316 εὐφροσύνην
1109 5244 1277 5314 δηλοῖ.
1348 5245 1356 5254 ”

1845 4671 1899 4724 in
1931 4671 2062 4725 vino
2091 4671 2286 4731 stolam
2345 4686 2525 4737 suam,
2555 4681 2608 4726 et
2642 4671 2699 4725 in
2730 4671 2996 4742 sanguine
3033 4686 3152 4726 uva:
3186 4671 3409 4740 pallium

1843 4777 2026 4827 suum,
2064 4780 2084 4813 ι
2105 4768 2210 4817 etc.
2239 4763 2283 4794 ⁸⁸
2313 4762 2336 4815 ?

1916 4871 2081 4928 Resr.
2129 4872 2245 4928 Hoc
2289 4873 2356 4928 de
2387 4873 2643 4944 passione
2671 4873 2876 4930 Christi
2910 4874 3065 4942 dicit,
3110 4885 3165 4931 et
3210 4893 3410 4950 corpus

1843 4963 2062 5032 quidem
2112 4965 2306 5018 stolam
2358 4974 2563 5020 vocat:
2597 4969 2920 5037 sanguinem
2989 4985 3120 5024 vero
3173 4972 3407 5028 vinum:

1842 5055 2285 5126 quandoquidem
2319 5057 2483 5111 etiam
2524 5060 2814 5129 mysticum
2867 5060 3001 5114 illud
3039 5062 3226 5116 viuum
3277 5078 3409 5118 san-

1838 5147 2057 5216 guinem
2111 5147 2322 5201 vocavit
2370 5147 2656 5204 Dominus.
2692 5149 2828 5204 Illud
2860 5167 2990 5205 vero
3012 5190 3028 5217 ,
3057 5151 3404 5212 Pulchriores

1838 5242 1969 5293 vino
2013 5246 2142 5294 sunt
2170 5239 2289 5308 ejus
2335 5243 2501 5305 oculi,
2530 5242 2772 5297 laetitiam
2798 5259 2920 5314 quae
2940 5245 3253 5314 passionem
3285 5248 3403 5320 ejus

1841 5341 2027 5387 secuta
2057 5342 2159 5400 est,
2189 5333 2480 5403 signiﬁcat.

263 5531 319 5609 ff
343 5600 357 5609 _
386 5529 582 5587 Cenes.
620 5548 748 5596 xxx,
784 5533 870 5588 57.
949 5535 990 5566 "
1035 5531 1231 5589 Cenes.
1273 5550 1455 5596 xxxii,
1488 5533 1545 5590 2.
1622 5535 1667 5566 "
1706 5533 1904 5590 Genes.
1943 5553 2091 5603 κως,
2127 5538 2180 5592 9.
2258 5538 2305 5570 ⁸³
2343 5536 2501 5593 Joan.
2548 5555 2608 5605 ιι,
2646 5540 2732 5596 19.
2809 5539 2856 5574 ’⁸
2894 5539 3089 5598 Genes.
3129 5557 3278 5609 xux,
3315 5542 3405 5603 id.

153 5601 203 5633 "
247 5600 380 5654 ibid.

233 5753 344 5824 (96)
380 5753 582 5810 Horum
605 5756 850 5827 quaedam
880 5757 1150 5814 habentur
1180 5759 1232 5814 in
1264 5769 1455 5831 quaest.
1503 5758 1602 5814 IIO
1634 5751 1968 5814 Theodoreti
2002 5760 2054 5813 in
2093 5757 2330 5813 Cenesin.
