3852 6192
402 321 505 377 ’ΜΞ

469 434 581 506 (97)
606 433 828 501 Qussr.
843 434 1070 494 LXXIII.
1095 436 1231 504 Quis
1250 438 1461 509 primus
1477 437 1781 493 nominavit
1801 436 1970 493 Deum
2001 447 2049 505 Α

397 531 455 586 in
482 530 664 585 terra?

467 619 629 677 Resp.
688 621 973 686 Diabolus,
999 636 1125 677 cum
1169 621 1237 677 ad
1279 620 1446 676 Evam
1478 620 1686 678 diceret
1719 641 1733 677 :
1776 640 1796 674 ι
1837 620 1981 688 Quid

397 716 661 783 esl,quod
687 715 816 769 dixit
844 715 987 771 Deus
1020 729 1086 768 ne
1111 713 1460 770 comederitis
1476 714 1544 769 de
1571 715 1673 769 hoc
1693 715 1840 785 ligno
1855 715 1974 768 ’νίν

471 804 583 876 (98)
627 807 848 874 Q0551.
906 802 1138 859 LXXIV.
1176 803 1319 870 Quid
1370 804 1613 860 futurum
1649 815 1733 862 est
1776 806 1844 861 de
1869 806 1982 862 ele-

397 897 622 962 mentis,
658 898 795 961 sole,
850 896 978 951 luna
1016 904 1072 950 et
1102 896 1274 950 stellis
1307 896 1363 950 in
1417 896 1663 952 secundo
1705 896 1983 953 adventu?

466 1075 633 1131 Resr.
663 1074 836 1129 Simul
870 1074 1090 1129 dabitur
1131 1074 1266 1146 ipsis
1297 1075 1452 1129 locus
1484 1074 1684 1145 aliquis
1713 1085 1767 1131 et
1796 1074 1975 1132 domi-

399 1167 607 1226 cilium.
643 1167 736 1222 sed
768 1181 873 1219 non
900 1167 952 1219 in
995 1175 1317 1236 perpetuum
1353 1166 1745 1227 abolebuntur.

471 1254 692 1322 Quasr.
737 1252 946 1309 LXXV.
1002 1253 1182 1321 Quare
1237 1254 1373 1309 Cain
1420 1255 1641 1325 quidem
1703 1256 1983 1314 maledixit

397 1347 566 1410 Deus,
625 1347 856 1403 dicens:
889 1367 907 1398 ε
940 1346 1258 1402 Maledictus
1304 1355 1361 1401 tu
1402 1363 1569 1417 super
1601 1355 1802 1403 terram
1827 1349 1872 1381 ’⁷
1901 1368 1914 1404 :
1946 1368 1966 1401 ι

398 1439 609 1493 Adamo
659 1448 840 1494 autem
894 1439 1162 1508 loquens,
1224 1440 1663 1495 nialedictionem
1717 1441 1982 1510 imposuit

399 1540 579 1598 terrai,
598 1532 815 1586 dicens:
838 1550 857 1582 ι
873 1529 1153 1586 Maledicta
1171 1540 1316 1587 terra
1341 1533 1397 1587 in
1422 1535 1683 1603 operibus
1720 1535 1832 1589 tuis
1848 1535 1894 1567 "
1912 1534 1936 1588 ἳ
1954 1553 1974 1586 ι

470 1622 632 1678 Rusr.
669 1622 744 1677 Eo
776 1624 920 1693 quod
944 1623 1079 1677 Cain
1108 1624 1387 1694 negaverit
1416 1625 1585 1681 Deum
1613 1636 1667 1681 et
1694 1634 1981 1695 peccatum

399 1729 558 1769 suum
589 1714 962 1777 absconderit,
1008 1724 1342 1784 quapropter
1375 1717 1638 1786 majorem
1676 1734 1894 1788 quoque
1925 1718 1981 1772 in

1558 319 1617 376 S.
1657 315 2120 374 ATHANASIUS.
2163 347 2234 359 --
2272 316 2552 376 SPIlRlA.

3555 314 3664 373 766

2159 435 2348 510 Ἐρὼτ.
2401 441 2501 505 ογ’.
2548 434 2646 499 Τίς
2689 433 2822 489 Θεὸν
2863 434 3078 507 πρῶτος
3118 432 3403 505 ὠνόμασεν
3442 432 3664 505 ἐπὶτης

2083 545 2189 600 γης
2203 544 2218 594 ἲ

2165 620 2357 673 Ἀπόκ.
2399 619 2459 673 '0
2494 618 2741 685 διάϐολος
2774 619 2943 673 εἰπὼν
2971 620 3038 690 τῇ
3062 615 3178 689 Εὕα
3198 633 3213 648 ’
3253 634 3273 669 ι
3302 614 3369 669 Τί
3393 616 3475 670 ὅτι
3505 610 3663 671 εἶπεν

2081 714 2110 767 6
2143 713 2277 777 Θεὸς
2301 711 2376 785 μὴ
2399 716 2592 783 φαγεῖν
2625 713 2733 767 ἀπὸ
2754 712 2849 767 τοῦ
2879 712 3071 777 ξύλου;
3112 731 3130 764 ι

2166 806 2357 878 Ἐρώτ.
2407 806 2500 861 οδ’.
2555 806 2621 861 Τί
2675 806 2926 878 μέλλουσι
2986 802 3239 875 γενέσθαι
3282 800 3352 855 τὰ
3400 801 3662 871 στοιχεῖα,

2082 900 2111 952 6
2135 897 2305 968 ἥλιος,
2339 899 2434 953 καὶ
2475 900 2510 971 ή
2550 898 2768 971 σελήνη,
2795 899 2890 953 καὶ
2919 899 2987 955 τὰ
3028 899 3202 970 ἄστρα
3237 898 3294 949 ἐν
3330 897 3397 967 τῇ
3430 894 3663 965 δευτέρα

2083 990 2356 1060 παρουσίᾳ
2376 1005 2391 1054 ;

2167 1081 2355 1135 Ἀπόκ.
2389 1080 2685 1153 Δοθήσεται
2715 1081 2898 1144 αὐτοῖς
2939 1081 3104 1144 τόπος
3151 1077 3431 1142 κατοικίας
3471 1078 3529 1131 ἐν
3579 1076 3665 1132 ἐνὶ

2086 1167 2261 1240 μέρει,
2297 1169 2437 1242 πλὴν
2461 1170 2561 1223 οὐκ
2582 1172 2663 1234 είς
2689 1171 2845 1234 τέλος
2880 1170 3359 1241 άφανισθήσονται.

2166 1262 2357 1333 Ἐρώτ.
2393 1261 2482 1317 os'.
2515 1263 2614 1316 Διὰ
2635 1263 2687 1316 τί
2712 1262 2789 1333 τῷ
2811 1263 2908 1332 μὲν
2937 1263 3077 1316 Κάῖν
3097 1263 3444 1334 κατηράσατο
3464 1261 3495 1313 ό
3507 1257 3661 1323 Θεὶις,

2081 1353 2255 1422 λέγων
2275 1370 2288 1384 ο
2320 1373 2340 1405 ι
2363 1354 2795 1426 Ἐπικατάρατος
2828 1354 2893 1407 σὺ
2925 1352 3033 1406 ἀπὸ
3060 1355 3158 1424 τῆς
3177 1356 3281 1423 γῆς
3299 1369 3344 1403 ἰ
3372 1350 3464 1405 ἐπὶ
3487 1350 3545 1404 δέ
3567 1348 3661 1403 τοῦ

2095 1444 2267 1515 Ἀδὰμ
2286 1447 2352 1515 τῇ
2381 1447 2451 1516 γῇ
2483 1442 2707 1497 ἐπέθετο
2741 1445 2840 1514 τὴν
2873 1444 3116 1514 κατάραν
3142 1441 3311 1496 εἰπών
3330 1458 3345 1474 ο
3390 1461 3410 1494 ι
3445 1442 3667 1494 Ἐπικα-

2082 1538 2317 1609 τάρατος
2355 1538 2387 1607 ἡ
2420 1538 2489 1606 γῆ
2514 1539 2570 1590 ἐν
2595 1538 2706 1601 τοῖς
2737 1536 2919 1608 ἔργοις
2951 1551 3079 1599 sou;
3129 1553 3149 1585 ι

2166 1629 2354 1681 Ἀπόκ.
2387 1628 2510 1681 Ὅτι
2530 1630 2558 1681 6
2578 1628 2675 1699 μὲν
2705 1629 2842 1681 Κάϊν
2860 1629 3133 1699 ἠρνήσατο
3158 1626 3248 1679 τὸν
3273 1624 3425 1691 Θεὸν,
3449 1622 3665 1695 κρύψας

2082 1721 2143 1775 τὸ
2175 1721 2506 1792 ἁμάρτημα·
2538 1719 2618 1774 διὸ
2639 1716 2734 1775 καὶ
2774 1720 2994 1790 μείζονα
3021 1719 3118 1791 τὴν
3148 1717 3445 1787 καταδίκην
3472 1715 3665 1789 εἰργάο

398 1822 458 1861 se
487 1821 704 1877 poenam
735 1806 1022 1860 derivavit.
1044 1805 1214 1861 Adam
1239 1822 1367 1862 vero
1393 1809 1519 1879 quia
1549 1809 1841 1866 Confessus
1872 1817 1978 1874 est,

2110 1829 2217 1865 raro
2237 1829 2249 1843 '
2277 1814 2305 1865 6
2327 1812 2384 1866 δὲ
2417 1811 2588 1883 Ἀδὰμ
2608 1811 2970 1883 ὁμολογήσας,
3012 1812 3112 1882 τὴν
3158 1808 3358 1880 πολλὴν
3391 1807 3453 1873 ἐξ
3495 1804 3665 1860 αὐτοῦ

398 1913 657 1969 magnum
722 1899 853 1952 illud
883 1913 913 1951 a
960 1913 1019 1954 se
1050 1900 1380 1969 supplicium
1438 1899 1651 1971 depulit
1682 1919 1695 1955 :
1730 1916 1857 1956 nam
1885 1901 1983 1972 qui

399 2003 499 2044 sua
543 1976 767 2057 peccata
820 1988 1132 2052 conﬁtetur,
1176 1990 1554 2046 remissionem
1600 1993 1981 2062 consequitur.

467 2076 689 2144 Quasr.
743 2075 976 2134 LXXVI.
1014 2077 1287 2145 Quidnam
1315 2089 1397 2135 est
1429 2099 1442 2135 :
1475 2099 1493 2132 ι
1524 2079 1706 2147 Quare
1748 2080 1987 2138 fremue-

399 2178 532 2224 runt
553 2177 763 2240 gentes,
795 2177 849 2224 et
878 2173 1061 2241 populi
1080 2172 1324 2225 meditati
1357 2181 1486 2227 sunt
1515 2174 1700 2228 inania
1730 2173 1820 2227 "‘2
1848 2192 1868 2227 ι

471 2261 637 2318 Resp.
672 2262 873 2319 Gentes
909 2264 1046 2318 dicit
1075 2263 1480 2330 Romanorum,
1514 2265 1852 2322 Francorum
1896 2267 1985 2323 vi¢

401 2355 600 2413 delicet
640 2372 835 2427 genus,
889 2358 984 2428 qui
1029 2359 1309 2416 Christum
1344 2361 1758 2419 cruciﬁxerunt.
1804 2362 1987 2434 Pepu-

401 2446 514 2500 Ium
536 2461 668 2501 vero
697 2447 852 2512 dicit,
900 2455 1065 2518 caput
1096 2446 1434 2505 Judazorum.
1468 2452 1780 2507 Astiterunt
1827 2467 1985 2523 reges

367 2542 586 2602 ‘terraa,
620 2537 832 2596 Pilatus
882 2546 936 2595 et
963 2539 1241 2610 Herodes;
1271 2543 1552 2614 principes
1595 2558 1747 2609 vero,
1794 2542 1983 2598 Annas

400 2641 457 2688 et
476 2632 735 2705 Caiphas.

806 2744 1059 2801 Psalmus
1082 2762 1177 2817 pro
1202 2747 1576 2804 torcularibus.

471 2857 692 2926 Quzs'r.
720 2857 982 2915 LXXVII.
1015 2856 1277 2925 Quainam
1315 2858 1448 2915 dicit
1472 2860 1808 2917 toreularia!

461 2952 627 3009 Raso.
659 2953 937 3009 Ecclesias
969 2954 1023 3007 in
1047 2954 1248 3022 quibus
1279 2954 1467 3007 vinum
1492 2954 1765 3022 funditur,
1789 2971 1986 3027 nempe

401 3055 792 3102 sacrosanctus
846 3045 1062 3100 Domini
1096 3047 1271 3101 nostri
1307 3044 1438 3101 Jesu
1486 3046 1693 3103 Christi
1734 3052 1981 3117 sanguis,

2085 1903 2343 1959 ἀπώσατο
2365 1904 2662 1975 τιμωρίαν
2696 1906 2725 1958 6
2750 1904 2858 1974 γὰρ
2878 1903 2948 1958 τὰ
2986 1902 3180 1957 ἑαυτοῦ
3202 1903 3519 1974 πταίσματα
3545 1899 3669 1967 ἐξο-

2088 1994 2530 2068 μολογησάμενος
2550 1995 2899 2066 ἐπιτυγχάνει
2923 1994 3193 2064 ἀφέσεως.

2118 2126 2119 2129 η
2168 2087 2362 2159 Ἐρὼτ.
2387 2095 2494 2154 ος’.
2527 2088 2593 2141 Τί
2627 2090 2804 2141 ἐστιν’
2846 2107 2863 2140 ι
2888 2088 3006 2142 Ἵνα
3030 2087 3082 2140 τί
3107 2085 3381 2159 ἐφρύαξαν
3405 2085 3667 2158 ἐθνη,καὶ

2084 2177 2205 2233 λαοὶ
2232 2179 2569 2251 ἐμελέτησαν
2603 2180 2764 2248 κενά;
2796 2199 2815 2233 ι

2169 2271 2360 2327 Ἀπόκ.
2416 2272 2586 2343 Ἔθνη
2638 2271 2786 2341 λέγει
2831 2271 2940 2326 τῶν
2987 2270 3296 2342 Ῥωμαίων,
3350 2271 3518 2341 ἦγουν
3555 2267 3669 2323 τῶν

2084 2363 2351 2436 Φράγγων
2379 2364 2440 2417 τὸ
2468 2365 2644 2434 γένος,
2672 2364 2783 2419 τῶν
2822 2365 3254 2438 σταυρωσάντων
3283 2363 3373 2417 τὸν
3405 2360 3667 2437 Χριστόν.

2086 2457 2229 2513 Λαὸν
2258 2458 2314 2511 δὲ
2348 2458 2495 2527 λέγει
2519 2458 2626 2513 τῶν
2660 2459 2926 2513 Ἰουδαίων
2958 2458 3054 2530 τὴν
3086 2457 3351 2529 κεφαλήν.
3386 2454 3675 2526 Παρέστη-

2087 2566 2186 2604 σαν
2222 2552 2271 2604 οἱ
2309 2552 2545 2622 βασιλεῖς
2572 2553 2670 2625 τῆς
2716 2553 2839 2623 γῆς,
2880 2552 2908 2604 6
2952 2550 3181 2614 Πιλᾶτός
3215 2566 3275 2604 τε
3313 2549 3409 2603 καὶ
3436 2550 3465 2602 ό
3491 2543 3671 2618 Ἡρώ-

2084 2642 2203 2715 δης,
2238 2642 2498 2715 ἄρχοντες
2521 2645 2578 2699 δέ
2594 2647 2791 2709 Ἀννας
2819 2644 2915 2698 καλ⁸
2942 2644 3220 2713 Καϊάφας.

2469 2760 2714 2831 Ψαλμὸς
2743 2759 2895 2829 ὑπὲρ
2921 2759 3040 2814 τῶν
3061 2756 3286 2828 ληνῶν.

2169 2876 2362 2951 Ἔρώτ.
2396 2875 2492 2942 οξ.
2529 2878 2694 2941 Τίνας
2721 2876 2868 2947 λέγει
2899 2875 3123 2946 ληνούς;

2168 2971 2359 3025 Ἀπόκ.
2394 2971 2506 3034 Τάς
2561 2969 2878 3041 ἐκκλησίας,
2914 2971 2972 3022 ἐν
3004 2963 3092 3034 αἶς
3139 2968 3381 3038 ἐκχεῖται
3424 2967 3453 3020 6
3496 2961 3666 3031 οϊνος,

2086 3065 2205 3137 ἦτοι
2228 3065 2290 3119 τὸ
2318 3065 2472 3134 ἅγιον
2505 3059 2643 3135 αἷμα
2670 3065 2764 3118 τοῦ
2810 3062 3016 3137 Κυρίου
3064 3061 3237 3134 Ἰησοῦ
3269 3058 3528 3132 Χριστοῦ,
3565 3060 3669 3113 καὶ

400 3149 453 3195 et
478 3149 732 3196 sanctum
763 3155 966 3211 corpus
992 3140 1113 3209 ejus
1150 3140 1482 3195 immolatur.
1511 3139 1671 3207 Quod
1698 3158 1828 3198 vero
1849 3144 1980 3198 dicit

2110 3155 2271 3209 iuerat
2304 3156 2398 3208 καὶ
2430 3155 2490 3207 τὸ
2515 3154 2667 3224 ἅγιον
2693 3154 2851 3225 σῶμα
2885 3152 3070 3208 αὐτοῦ.
3100 3154 3164 3205 Ὃ
3201 3151 3259 3204 δὲ
3294 3150 3444 3220 λέγει
3466 3150 3497 3203 6
3526 3165 3669 3222 προσ

399 3232 570 3288 Isaias
620 3233 932 3304 propheta:
985 3250 1005 3283 ι
1038 3232 1308 3287 Torcular
1355 3248 1456 3302 ego
1499 3234 1709 3289 calcavi
1757 3250 1985 3304 prorsus

400 3328 552 3381 solus
580 3326 621 3389 ί,
660 3345 679 3377 ι
720 3326 865 3379 hunc
906 3326 1067 3380 habet
1098 3340 1364 3380 sensum:
1400 3322 1572 3379 Sicuti
1616 3328 1861 3381 torcular
1899 3336 1985 3383 est

402 3416 808 3488 receptaculum
858 3424 913 3472 et
969 3418 1025 3470 in
1053 3432 1120 3472 eo
1143 3417 1424 3470 calcantur
1474 3415 1641 3479 botri,
1690 3419 1770 3472 sic
1819 3419 1985 3472 etiam

400 3507 658 3564 Christus
703 3508 1051 3563 conculcavit
1100 3506 1357 3562 inimicos
1381 3521 1535 3571 SUOS,
1577 3516 1693 3562 tum
1726 3510 1985 3579 intelligi-

401 3602 560 3666 biles,
582 3608 699 3654 tum
731 3601 1043 3656 sensibiles.
1072 3598 1331 3654 Dicamus
1359 3608 1543 3655 autem
1570 3608 1624 3654 et
1659 3600 1816 3663 illud,
1838 3601 1985 3670 quod

400 3692 596 3748 botrus
624 3702 677 3749 et
707 3707 813 3747 uva
862 3691 1118 3747 Christus
1147 3699 1252 3755 est,
1290 3692 1384 3761 qui
1428 3693 1612 3762 seipso
1642 3707 1982 3762 compresw,

399 3787 710 3841 voluntaria
774 3787 930 3858 plaga
983 3796 1036 3842 et
1058 3796 1233 3841 morte
1261 3786 1549 3842 distillavit
1590 3784 1834 3840 divinum
1862 3800 1986 3839 mu-

400 3890 569 3945 stum,
605 3895 815 3950 suoque
871 3880 1114 3950 seipsum
1161 3879 1430 3949 sanguine
1461 3879 1657 3934 rubere
1698 3876 1846 3933 fecit.
1887 3877 1985 3935 Est

398 3989 529 4030 vero
560 3974 785 4028 omnino
841 3973 1031 4028 solus:
1061 3987 1189 4026 nam
1225 3974 1379 4026 solus
1428 3970 1546 4042 ipse
1589 3968 1845 4025 Christus
1883 3985 1983 4040 pro

400 4066 563 4128 nobis
597 4073 848 4121 mortuus
868 4072 953 4120 est
986 4083 1000 4121 :
1039 4063 1196 4131 (Non
1224 4067 1369 4120 enim
1399 4064 1625 4135 angelus
1660 4064 1742 4118 vel
1771 4064 1983 4134 legatus

399 4158 625 4235 aliquis,
679 4156 777 4212 sed
824 4157 942 4226 ipse
993 4155 1251 4213 Christus
1302 4157 1531 4212 salvavit
1570 4170 1692 4211 nos.
1727 4174 1746 4207 ι
1784 4153 1983 4213 Petrus

399 4256 636 4320 namque
665 4248 947 4305 Christum
987 4249 1207 4318 negavit
1248 4249 1371 4319 ipso
1411 4247 1684 4319 passionis
1713 4253 1980 4316 tempore,

399 4343 583 4397 caeteri
604 4355 823 4411 quoque
848 4341 1082 4408 apostoli
1105 4340 1305 4395 dedere
1339 4356 1400 4397 se.
1433 4341 1489 4395 in
1528 4338 1736 4409 fugam.

471 4433 691 4500 Qua-251'.
723 4430 1008 4486 LXXVIII.
1055 4430 1200 4498 Quid
1238 4439 1325 4488 est
1359 4450 1374 4487 :
1412 4450 1432 4484 ι
1479 4429 1764 4496 Sitientes,
1798 4430 1982 4487 venite

399 4526 468 4582 ad
501 4540 669 4601 aquas
702 4524 764 4576 ’?
798 4544 817 4575 ι

464 4620 630 4692 270
674 4617 840 4674 Rssr.
876 4616 1032 4688 Aqua
1080 4632 1301 4673 sacrum
1353 4616 1628 4688 baptisma
1679 4617 1976 4689 signiﬁcat,

397 4721 496 4768 aut
545 4713 911 4784 Iacrymarum
964 4710 1207 4778 fontem,
1266 4709 1523 4766 videlicet
1571 4711 1975 4781 paenitentiam.

398 4804 516 4861 Hoc
544 4819 714 4861 vero:
753 4821 773 4855 ι
805 4802 1013 4858 Euntes
1064 4802 1249 4868 emite,
1284 4802 1430 4857 edite
1473 4809 1528 4857 et
1563 4803 1735 4857 bibite
1770 4801 1979 4873 absque

397 4905 624 4970 argento
657 4896 700 4962 ³,
749 4915 769 4949 ι
804 4905 1057 4951 sanctum
1115 4895 1448 4967 baptismum
1498 4894 1715 4950 Domini
1799 4896 1979 4951 nostri

394 4988 526 5047 Jesu
552 4988 761 5045 Christi
800 4987 1092 5060 signiﬁcat.

467 5080 735 5136 Similiter
782 5080 939 5143 illud,
970 5097 989 5130 ι
1025 5077 1291 5134 Dominus
1341 5077 1611 5134 diluvium
1666 5078 1979 5136 inhabitare

393 5175 558 5233 faciet
590 5175 666 5240 ⁸,»
707 5174 980 5245 signiﬁcat
1012 5187 1232 5228 sacrum
1257 5171 1551 5244 baptisma,
1584 5170 1713 5244 quia
1748 5172 1978 5228 inundat

394 5270 579 5326 omnia
608 5276 854 5339 peccata.

460 5356 902 5415 Ιιιτειιριιετετιο
926 5357 1166 5416 LXXIX.
1205 5356 1372 5425 Quid,
1410 5376 1430 5410 ι
1469 5356 1590 5415 Vox
1624 5356 1842 5414 Domini
1888 5361 1978 5414 in-

395 5450 715 5506 tercidentis
750 5449 1024 5506 ﬂammam
1060 5452 1203 5521 ignis
1232 5452 1293 5506 '.?
1319 5469 1339 5504 ι

2083 3247 2260 3316 φήτης
2294 3247 2539 3309 Ἡσαΐας,
2594 3247 2676 3300 ὃτι
2710 3264 2729 3297 ι
2761 3244 2935 3317 Ληνὺν
2981 3244 3229 3315 ἐπάτησα
3276 3243 3607 3313 μονώτατος,
3644 3238 3694 3294 ι’

2081 3336 2239 3391 τοῦτο
2277 3337 2589 3409 έρμηνεύει.
2610 3338 2820 3409 Ὥσπερ
2851 3340 2883 3409 ὴ
2917 3335 3077 3408 ληνὸς
3105 3334 3309 3407 δοχεῖόν
3332 3336 3468 3398 ἐστι,
3491 3334 3584 3388 καὶ
3608 3333 3670 3387 ἐν

2081 3429 2253 3501 ταύτῃ
2299 3429 2739 3484 καταπατοῦνται
2770 3431 2826 3482 αἱ
2877 3427 3173 3498 σταφυλαί·
3210 3426 3385 3490 οὕτως
3421 3426 3671 3480 κατεπάη

2082 3536 2215 3589 τησε
2242 3520 2335 3572 καὶ
2361 3522 2390 3574 6
2431 3520 2665 3592 Χριστὸς
2701 3518 2827 3587 τοὺς
2869 3517 3096 3589 ἐχθροὺς
3128 3514 3315 3580 αὐτοῦ,
3351 3512 3577 3586 νυητούς
3606 3527 3673 3564 τε

2083 3610 2178 3664 καὶ
2232 3609 2545 3681 αίσθητούς.
2581 3611 2838 3680 Εἴπωμεν
2874 3608 2932 3662 δὲ
2978 3607 3073 3661 καὶ
3120 3606 3300 3671 τοῦτο,
3344 3606 3427 3659 ὅτι
3470 3605 3676 3676 βότρυς

2082 3704 2179 3757 καὶ
2209 3702 2453 3774 σταφυλὴ
2474 3704 2502 3757 6
2534 3703 2788 3774 Χριστὸς,
2808 3703 2956 3764 ὅστις
2976 3699 3275 3769 ἀποθλίψας
3296 3696 3489 3751 ἑαυτὸν
3515 3699 3676 3751 ἐκοιι⁴

2083 3796 2173 3867 σίᾳ
2204 3795 2386 3867 πληγῇ
2415 3797 2510 3849 καὶ
2541 3794 2776 3867 θανάτῳ,
2821 3792 3095 3862 ἁπέσταξε
3124 3793 3188 3847 τὸ
3231 3790 3372 3846 θεῖον
3413 3788 3671 3859 γλεῦκος,

2082 3889 2177 3942 καὶ
2213 3888 2479 3957 ὲφοίνιξεν
2505 3888 2694 3942 ἑαυτὸν
2715 3887 2792 3958 τῷ
2826 3886 2940 3957 ἰδίῳ
2970 3886 3182 3956 αἵματι.
3239 3882 3569 3945 Μονώτατος
3610 3881 3676 3935 δέ

2080 3982 2251 4045 ἐστιν,
2306 3984 2387 4035 ὅτι
2434 3982 2595 4053 μόνος
2635 3981 2796 4044 αὐτὸς
2827 3983 2857 4035 ὁ
2905 3981 3140 4052 Χριστὸς
3191 3977 3461 4033 ἀπέθανεν
3522 3974 3673 4047 ὑπὲρ

2082 4074 2268 4145 ήμῶν·
2304 4093 2323 4126 ι
2357 4074 2495 4129 Οὔτε
2509 4075 2617 4147 γὰρ
2640 4075 2890 4145 ἄγγελος,
2917 4074 3043 4129 οὕτε
3072 4071 3333 4144 πρέσϐυς,
3355 4070 3473 4123 ἀλλ’
3501 4068 3673 4131 αὐτὸς

2080 4167 2110 4218 ὁ
2145 4166 2348 4236 Κύριος
2385 4166 2588 4222 ἔσωσεν
2625 4169 2793 4239 ἡμᾶς.
2825 4187 2844 4220 ι
2878 4167 2936 4220 Ὀ
2962 4166 3019 4220 δέ
3051 4166 3256 4235 Πέτρος
3288 4162 3566 4234 ἠρνήσατο
3608 4161 3672 4213 ἐν

2080 4254 2159 4326 τῷ
2194 4255 2289 4309 τοῦ
2325 4256 2531 4321 πάθους
2573 4256 2772 4329 καιρῷ,
2819 4257 2917 4311 καὶ
2971 4257 3023 4310 oi
3069 4255 3246 4309 λοιποὶ
3277 4252 3481 4323 ἔφυγον
3525 4249 3671 4303 ἀπό-

2081 4346 2278 4402 στολοι.
2550 4366 2553 4369 ·

2166 4438 2357 4510 Ἐρώτ.
2387 4446 2488 4511 οη¹.
2515 4439 2581 4493 Τί
2605 4441 2754 4495 ἐστιν
2774 4459 2787 4471 ·
2811 4459 2832 4493 ‹
2855 4441 2918 4496 Οί
2942 4439 3222 4511 διψῶντες,
3257 4435 3556 4510 πορεύεσθε
3577 4434 3669 4504 ἐφ’

2013 4503 2057 4560 D
2087 4503 2252 4603 ὖδωρξ
2277 4550 2296 4583 ι

2168 4622 2357 4677 Ἀπόκ.
2396 4622 2580 4696 Ὗδωρ
2623 4623 2685 4677 τὺ
2736 4623 2892 4693 ἅγιον
2949 4622 3235 4695 βάπτισμα
3279 4620 3449 4692 δηλοῖ,
3497 4618 3533 4691 ἢ
3565 4617 3671 4688 τὴν

2084 4712 2192 4767 τῶν
2236 4714 2486 4787 δακρύων
2536 4716 2741 4789 πηγὴν,
2794 4718 2914 4789 ἦτοι
2969 4717 3071 4787 τὴν
3122 4714 3433 4786 μετάνοιαν.
3476 4712 3552 4766 Τὸ
3586 4711 3669 4776 δέ,

2089 4823 2108 4857 ι
2147 4805 2493 4875 Βαδίσαντες,
2516 4809 2845 4880 ἀγοράσατε,
2874 4809 2969 4862 καὶ
2989 4809 3193 4878 φάγετε
3220 4807 3316 4862 καὶ
3344 4806 3501 4859 πίετε
3533 4805 3669 4860 ἄνευ

2082 4899 2367 4971 ἀργυρίου.
2392 4920 2410 4952 ε
2436 4901 2498 4955 τὸ
2513 4901 2667 4972 ἅγιον
2700 4900 2982 4974 βάπτισμα
3001 4900 3097 4956 τοῦ
3135 4900 3343 4973 Κυρίου
3370 4898 3531 4971 ἡμῶν
3562 4899 3670 4970 Ἰη-

2085 4989 2180 5044 σοῢ
2202 4989 2465 5063 Χριστοῦ.

2167 5086 2442 5152 Ὡσαύτως
2465 5088 2559 5143 καὶ
2587 5088 2671 5155 τὸ,
2705 5107 2726 5143 ι
2755 5088 2962 5162 Κύριος
2990 5087 3083 5142 τὸν
3113 5082 3501 5155 κατακλυσμὸν
3527 5098 3664 5136 κατ-

2082 5180 2263 5243 οικιεῖ,
2305 5198 2324 5231 ι
2350 5180 2412 5233 τὸ
2459 5180 2614 5249 ἅγιον
2662 5180 2918 5252 ἐμφαίνει
2962 5178 3275 5251 βάπτισμαο
3311 5172 3503 5246 ἐπειδὴ
3559 5190 3662 5227 κα-

2078 5268 2334 5335 τακλύζει
2367 5269 2547 5334 πάσας
2577 5272 2676 5336 τὰς
2703 5270 2995 5343 ἁμαρτίας.

2160 5360 2389 5432 Ἐρμην.
2421 5360 2518 5416 οθν.
2547 5362 2632 5427 Τί,
2663 5379 2682 5413 ι
2712 5361 2866 5433 Φωνὴ
2896 5360 3102 5433 Κυρίου
3124 5358 3510 5420 διακόπτοντος
3533 5353 3659 5425 φλόο

2076 5469 2152 5522 γα
2179 5453 2350 5524 πυρός
2369 5470 2383 5519 ;
2415 5472 2434 5504 ι

462 5568 511 5600 ’⁸
547 5567 746 5623 Cenes.
784 5582 880 5633 ιη,
916 5569 968 5625 I.
1041 5571 1086 5603 "
1126 5569 1323 5626 Genes.
1363 5584 1436 5631 Iv.
1474 5569 1561 5625 Il.
1635 5568 1683 5602 "
1722 5565 1920 5626 Gcnes.
1959 5583 1976 5623 ι

2110 5569 2182 5625 i7.
2257 5571 2461 5628 "Psal.
2498 5586 2535 5625 ιι
2560 5611 2576 5636 ,
2615 5572 2665 5626 I.
2742 5572 2759 5602 ¹
2801 5568 2906 5626 Isa.
2942 5585 3109 5635 ant,
3144 5569 3196 5624 5.
3272 5569 3294 5600 ³
3329 5567 3435 5623 Isa.
3472 5580 3562 5631 ιν,
3599 5561 3646 5615 1-

280 5679 286 5683 .
397 5636 420 5670 ⁸
460 5638 591 5694 ibid.
666 5641 689 5671 ⁴
728 5638 875 5695 Psal.
914 5657 1117 5711 xxvut,
1152 5643 1244 5697 10.
1305 5641 1325 5671 ⁸
1358 5640 1495 5696 Ibid.
1527 5640 1579 5695 7.

467 5793 581 5867 (97)
600 5792 727 5851 Hac
747 5794 977 5867 quaestio
1004 5801 1090 5853 est
1116 5792 1187 5852 46
1216 5794 1286 5851 ad
1310 5792 1650 5851 Antiochum.

2111 5789 2224 5863 (98)
2249 5788 2376 5847 Haec
2404 5789 2637 5862 quaestio
2668 5787 2923 5859 superius
2952 5786 3098 5842 edita
