3852 6192
165 299 275 354 7&5

1325 281 1792 353 QUIESTIONBS
1827 283 1894 340 IN
1941 281 2277 340 ΡόΜιΜοῦ.

3335 284 3441 343 748

251 411 444 468 Ἀπόκ.
485 409 654 464 Τοῦτο
693 371 844 481 δηλοί
890 409 988 482 τὴν
1037 406 1336 480 μέλλουσαν
1390 404 1613 458 κόλασιν
1657 404 1737 457 τοῐ

1925 401 2088 456 Bssr.
2117 400 2404 472 Signittc‘at
2454 397 2705 459 tuttn'utn
2754 401 3085 474 supplicium
3134 402 3301 474 ignis,
3341 405 3436 476 qui

165 505 345 577 πυρός
365 521 379 535 ·
412 501 599 573 ἐπειδὴ
618 505 682 572 τῇ
709 501 804 555 τοῦ
830 499 1066 573 Χριστοῦ
1088 496 1382 569 προστάξει
1403 495 1584 568 μέλλει
1609 495 1753 549 διαι-

169 599 417 671 ρεθῆναι.
453 597 526 649 Τὸ
552 595 662 667 πῦρ
689 595 797 666 γὰρ
825 594 937 664 ἔχει
961 593 1055 646 δύο
1088 591 1370 662 ὲνεργείας
1394 607 1407 620 ·
1435 590 1532 642 καὶ
1563 589 1624 642 τὸ
1654 589 1754 659 μὲν

167 690 406 760 φωτίζον
443 686 624 759 μέλλει
648 686 828 741 δοῦναι
850 688 962 750 τοῖς
985 683 1234 750 δικαίοις,
1274 684 1336 737 τὸ
1363 681 1420 736 δὲ
1449 683 1602 736 καῖον
1639 684 1753 744 τοῖς

165 783 204 834 ἁ
213 799 252 851 μ
261 799 292 832 α
303 780 546 851 ρτωλοίς.
1048 782 1056 789 ”
1461 823 1463 826 .

251 871 551 944 Ἐρμηνεία
581 875 657 924 π’.
697 887 716 922 ι
767 868 825 922 '0
865 867 1110 938 ποταμὸς
1136 863 1232 920 τοῦ
1271 864 1407 918 Θεοῦ
1457 861 1750 935 ἐπληρώθη

165 965 401 1018 ὑδάτων.
419 983 438 1015 ι

252 1055 443 1107 Ἀπόκ.
487 1051 660 1106 Ὑετοί
716 1051 853 1104 εἰσιν
901 1051 950 1103 οί
1007 1048 1315 1104 ἀπόστολοι.
1371 1045 1751 1118 Ἐπλήσθησαν

161 1149 276 1218 γὰρ
320 1143 586 1198 παντοίων
622 1143 838 1213 δωρεῶν
897 1142 990 1194 καὶ
1041 1141 1416 1212 χαρισμάτων.
1473 1138 1751 1193 Ἐντεῦθεν

162 1240 261 1292 καὶ
293 1239 402 1299 πᾶς
450 1235 734 1306 ἄνθρωπος
772 1233 1008 1304 καθαρὸς
1055 1233 1149 1286 καὶ
1195 1232 1449 1302 ἐνάρετος
1511 1231 1752 1295 τοιοῦτος

162 1329 403 1398 ὑπάρχει
420 1343 433 1356 °
461 1327 556 1379 καὶ
577 1324 687 1396 γὰρ
716 1323 776 1376 τὸ
809 1323 954 1394 ὕδωρ
981 1323 1076 1375 καὶ
1104 1321 1341 1393 ὴδρόσος
1364 1322 1420 1373 ὲν
1445 1323 1510 1390 τῇ
1534 1321 1749 1390 Γραφῇ,

163 1421 298 1472 ποτὲ
325 1419 425 1488 μὲν
457 1417 607 1488 δηλοῖ
652 1416 713 1470 τὸ
741 1415 988 1485 χάρισμα
1040 1413 1134 1466 τοῦ
1182 1412 1339 1476 Θεοῦ,
1374 1411 1503 1464 ποτὲ
1543 1411 1598 1464 δὲ
1623 1414 1750 1476 τοὺς

160 1510 509 1584 πειρασμοὺς
545 1507 640 1561 καὶ
670 1507 770 1578 τὴν
797 1506 1040 1577 ταραχὴν
1069 1505 1168 1576 τῆς
1196 1504 1395 1574 ψυχῆς.

233 1690 408 1742 Ὅταν
439 1688 495 1740 δὲ
523 1685 691 1755 λέγει,
723 1687 804 1740 ὅτι
844 1705 862 1737 ι
898 1687 955 1739 Ὁ
995 1685 1266 1739 πιστεύων
1295 1686 1375 1748 είς
1417 1686 1538 1756 ἐμὲ,
1575 1701 1746 1738 ποτα-

1856 492 2073 549 tandem
2092 492 2254 562 jussu
2288 492 2497 549 Christi
2536 493 2829 548 dividetur.
2875 493 3023 564 Ignis
3059 509 3297 564 namque
3331 496 3435 549 dn-

1853 585 2050 654 plicem
2084 584 2194 638 vim
2226 585 2405 651 habet,
2439 585 2508 640 ad
2537 585 2829 641 Iucendum
2859 587 3134 650 videlicet,
3168 589 3312 657 quod
3338 588 3438 642 da-

1852 676 2002 730 bitur
2035 675 2224 746 justis,
2261 686 2317 733 et
2345 677 2416 732 ad
2445 678 2826 744 cremandum,
2871 679 3017 750 quod
3050 681 3437 750 peccatoribus

1853 767 2223 839 deputabitur.

1925 862 2249 916 laruarum.
2291 859 2504 916 LXXX.
2537 860 2678 931 Quid
2705 904 2720 930 ,
2758 880 2778 914 ι
2821 860 3052 919 Flumen
3100 861 3196 918 Dei
3255 865 3434 935 reple-

1851 958 1964 1007 tum
1996 961 2082 1008 est
2120 956 2278 1023 aquis
2301 955 2378 1008 ‘3?
2407 974 2426 1006 ›

1923 1043 2086 1101 Resr.
2116 1045 2232 1116 (99)
2261 1045 2366 1101 Per
2394 1061 2590 1116 aquam
2620 1046 2851 1116 apostoli
2879 1055 3162 1112 notantur,
3188 1049 3282 1119 qui
3304 1063 3429 1104 om-

1851 1137 2065 1207 nigenis
2099 1138 2260 1193 donis
2280 1146 2333 1194 et
2364 1139 2548 1195 divina
2577 1141 2750 1209 gratia
2783 1139 2989 1210 impleti
3029 1149 3178 1196 sunt.
3200 1143 3277 1198 Ac
3307 1147 3432 1214 qni-

1847 1227 1936 1283 vis
1958 1229 2121 1282 homo
2158 1229 2250 1298 qui
2277 1244 2446 1296 purus
2473 1239 2525 1284 et
2549 1229 2734 1298 justus
2754 1237 2860 1294 est,
2887 1245 2997 1284 non
3020 1231 3240 1288 aliunde
3262 1249 3427 1304 quam

1852 1319 1982 1374 hinc
2046 1320 2173 1375 talis
2228 1320 2462 1374 edicitur
2496 1335 2662 1375 :nam
2709 1335 2851 1390 aqua
2889 1329 2944 1376 et
2988 1337 3103 1386 ros,
3135 1325 3429 1394 aliquando

1850 1411 2073 1482 quidem
2116 1412 2173 1467 in
2224 1411 2509 1483 Scriptura
2568 1413 2772 1467 donum
2803 1412 2920 1477 Dei,
2964 1414 3258 1485 aliquando
3295 1433 3429 1473 vero

1850 1503 2045 1558 animte
2075 1505 2401 1561 tentationes
2433 1513 2488 1560 et
2533 1506 2727 1561 animae
2756 1508 3223 1577 perturbationem
3252 1511 3428 1582 signi-

1851 1594 1994 1651 ﬂeat.

1920 1685 2152 1750 Quando
2179 1701 2309 1741 vero
2335 1685 2510 1757 inquit
2543 1704 2599 1742 τι
2632 1686 2736 1754 Qui
2764 1687 2937 1744 credit
2966 1689 3022 1745 in
3056 1706 3162 1756 me,
3201 1689 3425 1748 ﬂumina

161 1783 258 1852 μοὶ
291 1782 572 1850 ῥεύσουσιν
602 1781 665 1832 ἐκ
692 1779 790 1849 τῆς
818 1779 1026 1842 κοιλίας
1050 1777 1216 1831 αὐτοῦ
1245 1796 1258 1810 ’
1287 1797 1305 1829 ι
1341 1779 1454 1841 καὶ,
1485 1796 1504 1829 ι
1525 1777 1612 1842 Ὠς
1637 1777 1737 1849 δρό

1855 1776 1918 1832 de
1961 1787 2149 1833 ventre
2195 1777 2317 1848 ejus
2367 1776 2538 1834 ﬂuent
2569 1780 2654 1845 ¹⁹;
2693 1799 2713 1831 ι
2760 1789 2834 1845 et,
2890 1798 2910 1831 ι
2949 1780 3020 1836 Ut
3048 1797 3142 1837 ros
3183 1781 3424 1841 Hermon

163 1891 255 1938 σος
283 1873 532 1944 Ἀερμῶν
570 1870 1028 1942 ήκαταϐαίνουσα
1075 1871 1168 1923 ἐπὶ
1198 1870 1267 1924 τά
1290 1870 1391 1941 ὅρη
1419 1869 1576 1935 Σιὼν,
1620 1889 1638 1921 ι
1671 1869 1742 1923 τὰ

161 1965 478 2037 χαρίσματα
505 1964 651 2034 λέγει
677 1963 769 2017 τοῦ
806 1962 960 2031 ἁγίου
997 1962 1336 2033 Πνεύματος.
1358 1963 1498 2034 Ὄρη
1526 1962 1584 2016 δὲ
1601 1961 1741 2016 Σιὼν

159 2054 313 2122 λέγει
342 2056 467 2117 τοὺς
484 2053 625 2108 κατὰ
654 2053 787 2107 Θεὸν
821 2052 1028 2116 ζῶντας
1061 2054 1483 2123 πνευματικούς.

233 2146 408 2199 Πάλιν
433 2147 559 2198 ὅταν
587 2145 734 2213 λέγει
753 2161 770 2176 ο
805 2162 825 2195 ‹
860 2143 1042 2196 Σῶσόν
1077 2159 1165 2214 με,
1196 2145 1226 2196 6
1251 2143 1402 2206 Θεὸς,
1433 2144 1516 2196 ὅτι
1557 2143 1740 2214 εἰσήλ-

159 2238 332 2291 θοσαν
365 2236 534 2291 ὕδατα
560 2237 662 2299 ἕως
694 2236 870 2307 ψυχῆς
913 2250 1046 2306 μουο
1086 2254 1106 2288 ι
1148 2235 1260 2298 καὶ,
1298 2252 1317 2286 ι
1353 2234 1495 2305 ’Δρα
1525 2233 1740 2304 διῆλθεν

159 2335 194 2402 ἡ
219 2331 370 2400 ψυχὴ
388 2328 543 2399 ἡμῶν
564 2327 624 2380 τὸ
652 2327 794 2398 ὕδωρ
824 2327 885 2380 τὸ
922 2326 1313 2390 ἀνυπόστατον,
1351 2344 1369 2377 i
1393 2325 1520 2389 τοὺς
1550 2341 1741 2396 πειρα-

158 2426 338 2494 σμοὺς
357 2423 503 2490 λέγει
522 2420 622 2490 τῆς
653 2417 850 2491 ψυχῆς.

245 2514 443 2586 Ἐρώτ.
469 2514 582 2569 πα’.
614 2513 679 2565 Τί
708 2515 856 2566 ἐστιν
878 2527 892 2542 ⁸
938 2529 960 2562 ι
999 2508 1229 2574 Ἀναϐὰς
1265 2508 1343 2574 είς
1365 2505 1517 2579 ὕψος,
1555 2511 1739 2581 ᾐχμα-

156 2606 442 2670 λώτευσας
475 2603 844 2676 αἰχμαλωσίαν
862 2622 876 2669 ;
909 2622 928 2654 ι
1280 2631 1286 2636 -

243 2699 437 2752 Ἀπόκ.
470 2696 640 2750 Τοῦτο
669 2696 838 2764 λέγει,
871 2696 952 2748 ὅτι
981 2694 1188 2758 ἀναϐάς
1213 2694 1242 2747 6
1268 2693 1502 2765 Χριστὸς
1531 2694 1622 2747 ἐπὶ
1639 2692 1736 2747 τοῦ

159 2789 424 2860 σταυροῦ,
440 2788 530 2842 τὸν
547 2787 678 2860 ᾅδην
701 2787 926 2840 ὲσκύλευ
935 2804 1012 2851 σε,
1032 2787 1127 2840 καὶ
1142 2784 1464 2857 ῂχμαλώτευ
1473 2803 1553 2840 σε.
1570 2785 1740 2840 Τοῦτό

156 2883 278 2933 ἐστι
324 2879 419 2931 καὶ
473 2877 534 2930 τὸ
569 2877 752 2945 λέγον·
795 2895 814 2927 ι
859 2873 1024 2928 Εἶπεν
1070 2877 1098 2927 ὁ
1136 2873 1365 2945 Κύριος’
1413 2875 1508 2927 Ἐκ
1556 2875 1739 2929 Βασὰν

154 2971 495 3043 ἐπιστρέψω,
530 2988 549 3022 ι
586 2969 862 3022 τουτέστιν
895 2967 1001 3021 ἀπὸ
1034 2966 1128 3020 τοῦ
1156 2966 1390 3038 σταυροῦ
1427 2967 1738 3038 ἐπιστρέψω

153 3067 238 3127 εἰς
265 3063 419 3133 ᾅδην.
448 3059 628 3114 Βασὰ-,δ
674 3059 781 3130 γάρ
822 3057 1179 3129 ἑρμηνεύεται
1210 3059 1495 3169 αίξνχύνη.
1528 3060 1588 3112 Ol
1629 3059 1738 3130 γὰρ
1761 3111 1804 3169 C

167 3155 418 3208 Ἰουδαῖοι
451 3154 542 3206 τὸν
570 3151 799 3223 σταυρὸν
837 3151 912 3214 ὡς
951 3150 1212 3221 αἰσχύνην
1240 3145 1405 3219 εἶχον,
1439 3152 1531 3204 καὶ
1569 3153 1737 3206 κατά-

157 3261 259 3316 ρας
289 3243 522 3315 ὄργανον
551 3241 706 3296 τοῦτο
735 3241 1036 3312 ὠνόμαζον.
1073 3241 1212 3295 Ἀλλ’
1235 3242 1264 3295 6
1305 3242 1538 3310 Χριστὸς
1574 3241 1735 3313 ἡγία-

156 3351 250 3387 σεν
283 3334 467 3394 αὑτὸν,
499 3332 572 3395 ὡς
601 3334 658 3384 ὲν
677 3332 836 3403 -αύτῷ
865 3332 962 3404 τὴν
993 3331 1262 3402 σωτηρίαν
1296 3333 1405 3386 τῶν
1432 3333 1735 3404 ἀνθρώπων

153 3426 749 3500 πραγματευσάμενος.

239 3513 433 3583 Ἐρώτ.
464 3514 574 3585 πβα.
599 3513 664 3568 Τί
684 3512 864 3582 λέγει·
912 3532 932 3566 ‹
964 3511 1212 3567 Πλούσιοι
1245 3514 1595 3585 ἐπτώχευσαν
1634 3517 1730 3569 καὶ

151 3607 454 3660 ἐπείνασαν
470 3620 486 3670 ;
521 3625 540 3657 ι

237 3691 428 3744 Ἀπόκ.
451 3691 745 3756 Πλουσίους
783 3692 1016 3747 ἐνταῦθα
1044 3695 1170 3757 τοὺς
1203 3693 1491 3758 Ἰουδαίους
1539 3695 1728 3748 καλεῖο

152 3782 510 3852 ἐπτώχευσαν
554 3783 632 3847 δὲ,
671 3783 856 3855 ἐπειδὴ
913 3784 1236 3838 ἀπέκτειναν
1281 3786 1374 3839 τὸν
1421 3787 1584 3858 ἄρτον
1631 3787 1732 3856 τῆς

153 3874 326 3944 ζωῆς,
357 3873 452 3925 καὶ
482 3869 644 3943 ἦλθεν
674 3875 759 3925 ἐπ’
785 3874 982 3937 αὐτοὺς
1015 3875 1043 3927 ὁ
1067 3874 1244 3945 λιμός.

238 3962 431 4033 Ἐρώτ.
460 3961 569 4031 mf.
601 3963 665 4016 Τί
697 3964 866 4031 λέγει,
898 3983 917 4014 ι
939 3966 1033 4028 Εἰς
1051 3966 1150 4029 τὰς
1177 3967 1388 4038 πρωῖας
1412 3967 1730 4021 ἀπέκτεινον

153 4056 366 4116 πάντας
389 4057 513 4119 τοὺς
534 4055 889 4126 ἁμαρτωλοὺς
929 4058 1026 4127 τῆς
1057 4057 1180 4128 γῆς,
1223 4059 1314 4111 τοῦ
1352 4059 1730 4131 ὲξολοθρεῦσαι

151 4150 217 4202 ὲκ
244 4148 454 4212 πόλεως
483 4149 686 4220 Κυρίου
703 4150 907 4213 πάντας
932 4152 1057 4216 τοὺς
1077 4151 1476 4224 ἐργαζομένους
1497 4155 1594 4226 τὴν
1609 4156 1732 4209 ἀνο-

156 4241 291 4309 μίαν
314 4255 328 4303 ;
372 4259 391 4290 ι

234 4328 426 4384 Ἀπόκ.
463 4333 528 4384 Ὃ
575 4330 743 4401 λέγει,
776 4332 1013 4389 τοιοῦτόν
1049 4336 1221 4388 ἐστιν’
1269 4334 1455 4407 ὥσπερ
1483 4338 1516 4408 ἡ
1548 4339 1728 4408 πρωῒα

1840 1867 2182 1924 descendens
2231 1885 2398 1939 super
2434 1878 2647 1926 montes
2698 1870 2833 1926 Sion
2861 1873 2930 1938 ⁸ο,
2961 1894 2980 1925 ι
3017 1873 3229 1930 indicat
3277 1877 3424 1932 dona

1842 1960 2080 2031 Spiritus
2107 1964 2306 2016 sancti.
2336 1960 2544 2018 Montes
2574 1978 2705 2018 vero
2730 1962 2861 2019 Sion
2892 1965 3049 2032 dicit,
3083 1967 3422 2039 spirituales,

1839 2054 1934 2125 qui
1961 2052 2258 2108 secundum
2289 2052 2462 2108 Deum
2493 2055 2709 2119 vivunt,
2747 2056 3020 2114 homines.

1911 2141 2122 2199 Rursus
2149 2143 2372 2214 quando
2389 2143 2540 2210 dicit,
2575 2145 2828 2202 «Salvum
2847 2163 2933 2202 me
2957 2148 3067 2217 fac,
3091 2149 3257 2217 Deus,
3283 2167 3423 2223 quo-

1839 2235 1986 2289 niam
2001 2235 2256 2304 ingressac
2275 2240 2402 2288 sunt
2419 2247 2572 2304 aquae
2589 2250 2759 2306 usque
2773 2236 2839 2290 ad
2857 2238 3094 2294 animam
3117 2255 3292 2296 meam
3310 2243 3379 2311 ﬂ;
3392 2262 3414 2297 ›

1839 2335 1930 2391 et,
1970 2346 1988 2378 ι
2028 2325 2283 2382 Forsitan
2338 2327 2729 2396 pertransisset
2767 2329 2951 2386 anima
2997 2343 3186 2388 nostra
3221 2351 3420 2406 aquam

1841 2415 2014 2472 fundo
2077 2428 2353 2474 carentem
2380 2420 2447 2486 υ,
2485 2438 2504 2472 i
2558 2419 2755 2476 animae
2823 2423 3151 2482 tentationes
3188 2427 3416 2484 indicat.

1909 2509 2131 2576 Qumsr.
2175 2509 2410 2565 LXXXI.
2459 2511 2600 2577 Quid
2640 2519 2726 2568 est
2759 2515 2905 2583 quod
2952 2515 3124 2573 dicit:
3163 2537 3182 2570 ι
3211 2519 3422 2576 Ascen-

1838 2598 1973 2654 dens
2022 2600 2076 2654 in
2112 2600 2302 2666 altum,
2333 2601 2604 2670 captivam
2649 2601 2851 2657 duxisti
2890 2605 3260 2674 captivitatem
3289 2607 3412 2662 "in

1894 2688 2056 2746 ﬁsse.
2098 2689 2211 2744 Hoc
2237 2690 2389 2754 dicit,
2425 2693 2554 2764 quia
2577 2693 2854 2760 Christus,
2889 2711 3192 2754 conscensa
3229 2717 3416 2767 cruce,

1839 2778 2180 2850 deprazdatus
2204 2789 2288 2836 est
2333 2781 2607 2838 infernum
2638 2794 2692 2840 et
2726 2787 3000 2852 captivum
3054 2791 3209 2846 duxit
3229 2793 3326 2864 (I).
3354 2795 3417 2851 Et

1839 2875 1943 2930 hoc
1971 2882 2054 2929 est
2091 2881 2144 2928 et
2183 2874 2314 2930 illud
2346 2877 2492 2946 quod
2527 2879 2600 2931 ait
2636 2894 2650 2930 :
2681 2899 2700 2931 ι
2725 2879 2872 2936 Dixit
2903 2881 3189 2947 Dominus,
3214 2902 3280 2940 ex
3313 2885 3420 2942 Bac

1840 2982 1938 3021 san
1960 2973 2258 3032 revertar,»
2285 2968 2383 3022 hoc
2401 2977 2506 3033 est,
2525 2969 2592 3024 de
2621 2985 2785 3028 cruce
2808 2974 2874 3028 ad
2900 2975 3172 3030 infernum
3207 2979 3414 3034 redibo.

1839 3056 2017 3112 Basan
2058 3061 2200 3114 enim
2229 3061 2554 3128 explicatur,
2599 3064 2890 3132 turpitudo.
2927 3063 3060 3120 Nam
3089 3065 3261 3122 Judrei
3288 3085 3418 3123 cru-

1839 3164 1954 3203 cem
1991 3159 2048 3204 ut
2088 3151 2479 3220 turpitudinem
2534 3162 2810 3224 reputant,
2841 3167 2895 3211 et
2925 3158 3044 3214 ideo
3077 3160 3418 3216 maledictio-

1836 3239 1925 3296 nis
1977 3255 2241 3311 organum
2303 3245 2575 3300 vocabant
2632 3262 2775 3302 eam.
2849 3247 2955 3304 Sed
2996 3249 3251 3309 Christus
3293 3270 3414 3310 eam

1835 3331 2216 3396 sanctiﬁcavit,
2253 3348 2320 3388 eo
2357 3335 2502 3404 quod
2535 3337 2591 3391 in
2615 3353 2680 3392 ea
2713 3339 2946 3395 salutem
2972 3340 3258 3398 hominum
3286 3361 3415 3415 ptr-

1833 3418 2044 3475 fecerit.

1902 3510 2125 3578 Quasr.
2166 3514 2424 3572 LXXXII.
2449 3519 2589 3586 Quid
2646 3529 2729 3578 est
2758 3523 2905 3594 quod
2934 3524 3069 3580 dicit
3103 3545 3117 3582 :
3157 3547 3176 3580 ι
3208 3527 3413 3586 Divites

1832 3613 2100 3673 eguerunt
2122 3615 2175 3660 et
2208 3609 2524 3664 esurierunt
2541 3611 2620 3664 ’⁵2
2650 3632 2668 3663 ι

1893 3692 2058 3748 Resr.
2089 3696 2164 3768 (2)
2200 3697 2404 3755 Divites
2433 3701 2538 3756 hoc
2565 3703 2684 3758 loco
2711 3715 2869 3760 vocat
2898 3704 3138 3774 Judaeos,
3167 3711 3258 3780 qui
3292 3712 3414 3767 ino-

1831 3799 1929 3854 pes
1960 3785 2086 3840 facti
2128 3799 2276 3854 sunt,
2317 3807 2384 3846 eo
2424 3793 2570 3862 quod
2599 3795 2904 3852 occiderint
2959 3813 3154 3870 panem
3185 3802 3329 3867 vitae,
3355 3810 3411 3858 et

1830 3880 1979 3934 venit
2019 3897 2184 3951 super
2216 3899 2311 3938 eos
2343 3884 2534 3941 fames.

1899 3970 2119 4035 Quzesr.
2149 3972 2429 4028 LXXXIII.
2463 3977 2603 4043 Quid
2625 3985 2709 4034 est
2731 3981 2877 4051 quod
2904 3982 3081 4054 inquit
3109 4003 3122 4040 :
3159 4003 3177 4038 ι
3201 3984 3259 4041 In
3286 4003 3400 4040 ma-

1831 4062 2008 4116 tutino
2033 4064 2423 4121 interﬁciebam
2446 4085 2638 4125 omnes
2661 4080 2976 4140 peccatores
3001 4083 3180 4140 terrae,
3205 4085 3266 4131 ut
3292 4079 3408 4134 disc

1830 4155 2111 4224 perderem
2150 4157 2217 4212 de
2258 4158 2478 4215 civitate
2515 4159 2731 4217 Domini
2761 4177 2952 4220 omnes
2981 4176 3275 4236 operantes
3300 4170 3409 4224 ini-

1828 4247 2092 4317 quitatem
2116 4248 2199 4302 "?
2219 4267 2238 4299 ι

1898 4337 2064 4395 Resr.
2097 4339 2274 4410 I-Iujus
2325 4340 2457 4396 dicti
2493 4343 2609 4399 haec
2640 4353 2725 4400 est
2753 4349 3022 4404 sententia
3054 4365 3068 4402 :
3101 4350 3244 4407 sicut
3285 4368 3405 4406 rna-

149 4424 295 4494 ἀρχὴ
322 4423 421 4493 τῆς
444 4422 657 4495 ἡμέρας
703 4426 868 4489 ἐστὶν,
920 4425 1062 4478 οὓτω
1097 4425 1188 4479 καὶ
1225 4427 1405 4498 πάσης
1449 4429 1725 4500 ἁμαρτίας

1857 4431 2065 4483 utinum
2099 4438 2335 4502 tempus,
2367 4434 2474 4489 diei
2505 4447 2586 4490 est
2618 4436 2857 4503 initium,
2891 4440 2972 4494 sic
3001 4443 3180 4498 omnis
3202 4443 3404 4512 peccati

149 4514 300 4566 ἐστὶν
332 4513 473 4583 ἀρχὴ
497 4513 731 4585 ύποόολὴ
757 4513 858 4566 τοῦ
889 4515 1106 4587 ἐχθροῦ.
1131 4516 1222 4569 Διὸ
1241 4516 1422 4585 λέγει·
1458 4539 1476 4570 ‹
1514 4521 1606 4584 Εἰς
1627 4521 1726 4586 τὰς

1855 4520 2045 4574 nitium
2109 4530 2193 4576 est
2245 4522 2453 4578 inimici
2499 4524 2844 4583 fraudulenta
2899 4535 3199 4604 suggestio.
3241 4533 3403 4600 Ideo,

149 4605 367 4674 πρωῖας
399 4603 737 4668 ἀπέκτεινον,
782 4625 801 4655 ι
837 4606 1110 4658 τουτέστιν
1136 4608 1215 4670 είς
1260 4609 1357 4671 τὰς
1407 4610 1580 4681 ἀρχὰς
1619 4614 1728 4667 τῶν

147 4695 428 4765 λογισμῶν
461 4696 744 4760 ἐσκόπουν,
774 4699 868 4750 καὶ
901 4698 1122 4751 ἐδίωκον
1153 4699 1251 4763 τὰς
1290 4703 1592 4774 προσϐολὰς
1627 4708 1727 4759 αύ-

147 4786 280 4850 τῶν,
312 4788 410 4839 καὶ
437 4787 643 4850 πάντας
666 4789 791 4850 τοὺς
826 4787 1200 4859 ἁμαρτωλοὺς.
1223 4792 1340 4860 ἦτοι
1373 4794 1498 4856 τοὺς
1535 4794 1725 4866 δαίμο-

147 4894 281 4940 νας,
334 4878 462 4940 τοὺς
490 4877 775 4942 ποιοῦντας
815 4882 872 4933 ὲν
913 4881 1036 4950 ἐμοὶ
1071 4880 1168 4952 τὴν
1203 4882 1494 4954 ἁμαρτίαν,
1531 4905 1549 4937 ι
1574 4889 1724 4950 ὅπως

148 4965 529 5036 ἐξολοθρεῦσαι
557 4969 620 5020 ἐκ
649 4968 855 5032 πόλεως
885 4969 1089 5040 Κυρίου
1121 4972 1345 5036 πάντας,
1393 4991 1412 5025 ι
1447 4977 1722 5030 τουτέστιν

147 5061 215 5112 ὲκ
244 5061 344 5129 τῆς
367 5058 566 5128 ψυχῆς.
597 5059 755 5123 Πόλις
777 5060 885 5131 γὰρ
899 5062 1103 5133 Κυρίου
1133 5065 1276 5118 ἐστὶν
1302 5067 1334 5136 ἠ
1364 5065 1528 5139 ψυχή.
1547 5069 1726 5123 Ἐδίω-

148 5169 245 5205 κον
275 5152 409 5222 γάρ,
440 5152 594 5220 φησι,
621 5151 716 5204 καὶ
747 5152 1068 5208 ἀπέκτεινον
1098 5154 1198 5219 τὰς
1239 5158 1479 5227 κεφαλὰς
1521 5160 1720 5226 αὐτῶν,

219 5349 263 5420 ις
307 5347 452 5402 Psal.
499 5363 642 5413 LXIV,
677 5351 762 5406 I0.
864 5355 905 5386 "
943 5351 1103 5408 JOan-
1139 5371 1234 5420 νην
1266 5357 1336 5411 58

1481 5357 1528 5390 '°
1565 5357 1710 5415 Psal.
1741 5375 1948 5426 cxxxu,
1984 5365 2038 5420 5.

1828 4612 2001 4682 inquit
2039 4632 2052 4668 :
2091 4632 2110 4666 ι
2146 4615 2202 4668 In
2223 4619 2494 4672 matutino
2541 4621 2958 4689 interticiebam,
2995 4645 3014 4679 ι
3049 4627 3154 4681 hoc
3187 4636 3292 4692 est,
3319 4645 3410 4685 re-

1827 4707 2121 4774 Spieiebam
2147 4709 2212 4761 ad
2239 4710 2504 4781 principia
2529 4715 2939 4783 cogitationum,
2963 4725 3018 4773 et
3043 4723 3410 4792 persequebar

1825 4814 2013 4853 earum
2074 4800 2331 4867 impetus,
2392 4812 2554 4873 atque
2610 4807 2748 4861 adeo
2803 4819 3124 4879 peccatores
3172 4829 3400 4876 omnes.

1828 4907 2023 4962 nempe
2049 4892 2343 4958 dminones,
2374 4897 2469 4965 qui
2505 4895 2712 4954 faciunt
2755 4901 2810 4955 in
2847 4918 2933 4958 me
2957 4913 3260 4973 peccatum,
3293 4925 3312 4958 ι
3343 4915 3404 4961 ut

1829 4980 2198 5052 disperderem
2226 4985 2294 5040 de
2320 4987 2541 5046 civitate
2566 4989 2779 5047 Domini
2811 5009 3023 5061 omnes,
3055 5015 3072 5049 i
3108 4998 3211 5052 hoc
3233 5006 3316 5053 est
3334 5014 3401 5052 ex

1830 5073 2032 5127 anima.
2075 5075 2274 5131 Anima
2308 5093 2566 5148 namque,
2609 5081 2822 5140 Domini
2856 5087 3050 5143 civitas
3069 5098 3173 5144 est.
3208 5087 3398 5146 Perse-

1829 5165 2036 5236 quebar
2075 5166 2245 5230 enim,
2296 5167 2496 5240 inquit,
2526 5181 2579 5228 et
2606 5175 2992 5232 abscindebam
3032 5178 3274 5248 ipsorum
3303 5195 3399 5236 ca-

2161 5367 2202 5397 "
2247 5364 2391 5421 Psal.
2428 5384 2619 5436 vam,
2654 5371 2707 5426 2.
2834 5373 2878 5404 ’⁸
2910 5371 3062 5428 Psal.
3098 5387 3270 5430 cum
3293 5418 3307 5443 ,
3341 5377 3397 5431 Si.

146 5419 190 5451 "
229 5418 380 5473 Psal.
419 5435 592 5482 exvn,
635 5420 722 5474 I9.
802 5423 848 5455 “
884 5421 1031 5478 Psal.
1072 5418 1280 5491 χχχιιι,
1316 5427 1404 5484 ll.
1481 5429 1528 5461 ’⁵
1565 5429 1713 5486 Psal.

1857 5431 1912 5487 8.

467 5621 809 5699 Theodoreto
836 5627 889 5681 in
917 5629 1178 5696 psalmum
1205 5649 1353 5699 uiv,
1389 5653 1441 5693 γ,
1469 5637 1549 5694 lo.

217 5690 296 5760 (1)
336 5689 662 5746 Theodoret.
688 5697 742 5748 in
770 5713 848 5766 ps.
881 5689 1048 5760 ιίινιι,
1080 5719 1129 5753 v.
1164 5702 1255 5758 25.

479 5787 750 5852 Ρηιιοι..
793 5790 911 5856 (in.
960 5795 1260 5860 XXVIII.

1877 5639 1953 5714 (2)
1994 5641 2320 5702 Theodoret.
2346 5644 2402 5702 in
2434 5644 2580 5704 hunc
2609 5661 2848 5706 versum.

3005 5805 3084 5869 25
