3852 6192
450 266 556 324 πη

1580 261 2147 321 S.'ATHANASIUS.
2186 294 2259 306 -—
2299 262 2572 320 SPURIA.

3588 264 3702 322 748

446 393 584 464 pita,
637 387 849 446 scilicet
885 386 1177 459 principia,
1226 384 1297 440 ad
1343 383 1770 454 disperdendum
1806 399 1905 440 eos
1953 398 1994 438 e:

2119 395 2238 466 ἦτοι
2261 395 2361 460 τὰς
2390 394 2585 467 ἀρχὰς,
2643 395 2793 457 ὅπως
2838 391 3204 465 ἐξολοθρεύσω
3257 392 3455 457 αὐτοὺς
3501 395 3569 449 ἐκ
3596 395 3701 468 τῆς

447 486 656 549 anima,
687 496 760 538 ne
788 487 1148 553 opcrarentur
1174 493 1392 534 omnem
1418 477 1766 548 iniquitatem
1801 482 1857 531 et
1893 490 2022 547 pec-

418 526 623 646 g’ctum.

417 667 423 675 ’
516 658 741 734 Ουιεετ.
768 662 1054 721 LXXXIV.
1077 661 1220 730 Quid
1249 670 1334 717 est
1361 659 1508 732 quod
1534 660 1748 731 inquit:
1788 679 1807 711 ι
1839 658 2019 714 Catuli

443 764 662 817 leonum
710 759 990 830 rugientes
1040 762 1103 811 ut
1155 755 1396 825 rapiant,
1447 760 1502 809 et
1545 761 1794 823 quarant
1837 770 1870 808 a
1908 753 2019 809 Deo

442 867 626 909 escam
659 851 785 907 sibi.
820 850 987 904 Ortus
1019 853 1103 902 est
1128 847 1231 913 sol,
1256 856 1310 901 et
1334 846 1649 917 congregati
1681 853 1832 916 sunt,
1860 854 1915 903 et
1958 847 2017 901 in

443 944 723 1016 speluncis
745 943 861 997 suis
895 941 1173 996 cubabunt
1189 941 1235 971 "
1259 940 1310 992 ἲ»

511 1035 676 1091 Rssr.
703 1034 924 1091 Catulos
946 1032 1189 1094 leonum,
1214 1030 1347 1086 dicit
1375 1030 1689 1101 prophetas.
1706 1030 2017 1102 Rugiebant

439 1144 571 1184 vero
608 1129 906 1182 clamantes
947 1133 1002 1178 et
1062 1125 1367 1194 loquentes,
1400 1138 1463 1177 ac
1497 1123 1882 1193 prophetautes
1930 1124 2016 1177 in-

440 1219 815 1276 carnationem
854 1215 978 1269 Filii
1017 1214 1133 1270 Dei.
1177 1213 1412 1268 Exortus
1453 1229 1585 1269 vero
1624 1224 1710 1270 cst
1756 1216 1859 1280 sol,
1908 1216 2014 1271 hoc

438 1325 541 1377 cst,
556 1312 707 1369 venit
731 1310 986 1366 Christus
1006 1313 1060 1362 ct
1095 1313 1408 1360 tacuerunt.
1428 1303 1714 1375 Propheta
1735 1322 1907 1377 usque
1941 1308 2011 1362 ad

437 1407 701 1462 Joannem
758 1400 1176 1472 praphetarunt.
1211 1397 1327 1453 Hoc
1357 1405 1462 1462 est,
1498 1399 1647 1469 quod
1684 1402 1850 1455 etiam
1880 1402 2010 1457 alibi

435 1496 570 1552 dicit
626 1494 955 1565 Scriptura:
997 1510 1016 1544 ι
1063 1490 1377 1546 Tenebrosa
1442 1506 1605 1561 aqua,
1661 1493 1719 1548 in
1769 1494 2010 1551 nubibus

434 1589 596 1644 aeris.
628 1585 747 1640 Pra
782 1584 992 1656 fulgore
1019 1584 1176 1653 271
1210 1583 1331 1652 ejus
1355 1583 1528 1638 nubes
1547 1584 1882 1640 transierunt
1904 1588 2004 1643 ⁸⁷.»

2119 485 2321 557 ψυχῆς,
2347 486 2443 541 τοῦ
2475 488 2550 559 μὴ
2581 483 2910 558 ἐργάζεσθαι
2940 487 3121 539 πᾶσαν
3136 484 3363 557 ἀνομίαν
3398 484 3491 540 καὶ
3516 486 3701 558 ἁμαρ-

2117 580 2263 634 τίαν.

2202 670 2393 743 Ἐρώτ.
2442 671 2547 725 πδ’.
2601 670 2666 724 Τί
2706 669 2892 740 λέγει·
2927 689 2946 723 ι
3005 669 3241 741 Σκύμνοι
3273 670 3573 742 ὠρυόμενοι
3599 670 3699 726 106

2117 763 2383 835 ἁρπάσαι,
2409 763 2504 816 καὶ
2526 760 2756 833 ζητῆσαι
2789 761 2939 833 παρὰ
2980 761 3057 832 τῷ
3089 761 3209 832 Θεῷ
3248 761 3449 833 βρῶσιν
3487 764 3697 827 αὐτοῖς.

2130 854 2423 910 Ἀνέτειλεν
2446 857 2475 908 ό
2493 856 2662 925 ἥλιος,
2695 855 2789 908 καὶ
2817 854 3180 926 συνήχθησαν,
3204 855 3299 908 καὶ
3325 857 3403 920 είς
3428 855 3530 920 τὰς
3556 855 3698 928 μάν-

2115 944 2246 1016 δρας
2268 945 2446 1000 αὐτῶν
2474 944 2960 1014 κοιτασθήσονται;
2997 963 3018 997 ι

2198 1039 2382 1092 Ἀπόκ.
2418 1037 2699 1108 Σκύμνους
2738 1038 2883 1107 λέγει
2925 1038 3051 1101 τοὺς
3095 1037 3401 1109 προφήτας.
3438 1035 3701 1109 Ὦρύοντο

2112 1127 2170 1181 δὲ
2203 1128 2495 1200 κράζοντες
2532 1130 2626 1182 καὶ
2655 1128 2922 1196 λέγοντες,
2968 1128 3062 1181 καὶ
3111 1127 3545 1199 προφητεύοντες
3591 1127 3699 1199 τὴν

2115 1218 2389 1291 σάρκωσιν
2416 1219 2509 1271 τοῦ
2540 1217 2671 1272 Υίοῦ
2718 1218 2811 1272 τοῦ
2847 1217 3003 1272 Θεοῦ.
3042 1217 3338 1271 Ἀνέτειλεν
3364 1217 3422 1270 δὲ
3450 1219 3479 1269 6
3516 1216 3696 1288 ἥλιος,

2110 1305 2408 1371 τουτέστιν,
2437 1302 2598 1377 ἦλθεν
2631 1308 2659 1359 ὁ
2680 1305 2935 1376 Χριστὸς,
2972 1306 3066 1360 καὶ
3089 1304 3421 1377 ἐσιώπησαν.
3455 1308 3519 1359 Ol
3553 1324 3698 1377 7:90-

2112 1397 2279 1466 φῆται
2306 1397 2410 1462 ἕως
2444 1398 2689 1452 Ἰωάννου
2721 1402 3156 1471 προεφήτευσαν.
3190 1397 3360 1451 Τοῦτό
3392 1398 3511 1450 ἐστι
3540 1399 3637 1451 καὶ
3666 1398 3699 1451 δ

2109 1487 2257 1557 λέγει
2286 1489 2521 1561 ήΓραφὴ
2548 1488 2777 1560 ἀλλαχοῦ
2794 1504 2813 1523 ο
2846 1508 2864 1540 ι
2896 1489 3173 1544 Σκοτεινὸν
3202 1489 3342 1561 ὕδωρ
3360 1491 3416 1542 ἐν
3437 1491 3698 1559 νεφέλαις

2109 1580 2317 1651 ἀέρων⁶
2386 1581 2517 1634 Ἀπὸ
2563 1580 2666 1651 τῆς
2715 1580 3103 1653 τηλαυγήσεως
3150 1582 3314 1636 αὐτοῦ
3360 1585 3414 1637 αί
3464 1585 3696 1655 νεφέλαι

432 1681 802 1737 Tenebrosam
828 1691 1027 1748 aquam
1050 1676 1185 1730 dicit
1211 1675 1453 1729 divinam
1484 1675 1846 1746 Scripturam,
1868 1695 1994 1749 quo-

2107 1672 2339 1743 διῆλθον.
2377 1691 2396 1725 ι
2427 1673 2705 1726 Σκοτεινὸν
2752 1672 2897 1747 ὓδωρ
2942 1674 3090 1742 λέγει
3121 1676 3217 1746 τὴν
3260 1676 3409 1729 θείαν
3442 1678 3693 1750 Γραφὴν,

432 1775 581 1829 niam
609 1774 667 1827 in
691 1770 925 1839 caligine
987 1767 1166 1824 Moses
1214 1769 1390 1837 legem
1434 1770 1649 1839 accepit
1701 1785 1731 1824 a
1784 1771 1894 1826 Deo
1944 1772 1994 1826 in

2109 1764 2294 1835 ἐπειδὴ
2326 1766 2384 1817 ἐν
2413 1765 2595 1836 γνόφῳ
2643 1765 2906 1832 ἐδέξατοὸ
2939 1767 3143 1838 Μωσῆς
3186 1768 3275 1822 10v
3313 1769 3476 1840 νόμον
3523 1772 3577 1823 ἐν
3606 1770 3695 1842 τῷ

430 1872 617 1921 monte
638 1862 789 1916 Sina.
825 1860 969 1927 Quin
995 1860 1098 1929 ipsi
1140 1860 1417 1929 prophetae
1444 1875 1664 1930 quoque
1688 1875 1796 1915 non
1828 1864 2005 1915 mani-

430 1959 590 2025 feste,
617 1954 711 2011 sed
737 1954 973 2008 obscure
1025 1959 1080 2006 et
1130 1951 1370 2006 tenuiter
1415 1951 1818 2020 quodammodo
1848 1952 2002 2009 vide-

427 2056 560 2106 runt
623 2048 915 2103 adventum
966 2043 1193 2108 Christi,
1239 2050 1294 2099 et
1347 2044 1788 2099 manifestarunt.
1817 2045 2002 2102 Nubes

429 2141 577 2197 enim
598 2144 758 2193 vocat
808 2136 1126 2207 prophetas,
1188 2135 1282 2204 qui
1338 2135 1729 2204 praedicarunt,
1760 2144 1814 2192 et
1841 2139 2000 2208 quasi

430 2247 628 2304 aquam
679 2229 1007 2294 eﬂ'uderunt,
1054 2226 1440 2296 spirarumque
1472 2228 1637 2287 veluti
1680 2229 1829 2283 venti
1861 2229 2002 2284 divi-

428 2339 561 2380 num
625 2331 933 2375 sermonem
981 2323 1035 2371 et
1083 2316 1252 2386 legem
1292 2331 1458 2386 super
1496 2324 1723 2383 terram,
1757 2334 1879 2388 qua
1912 2331 1999 2375 est

426 2415 521 2470 illa
545 2410 836 2467 tenebrosa
882 2422 1044 2477 aqua.
1100 2405 1149 2459 A
1204 2406 1419 2478 fulgore
1447 2423 1577 2463 vero
1619 2408 1739 2478 ejus
1775 2411 1830 2464 in
1864 2425 1999 2465 con-

428 2512 620 2577 spectu
667 2503 810 2573 ejus,
843 2508 903 2555 ut
931 2500 1000 2554 ab
1027 2499 1149 2569 ejus
1176 2497 1233 2552 in
1264 2513 1429 2553 carne
1458 2499 1693 2555 adventu
1716 2516 1902 2557 coram
1930 2518 1997 2560 eo

424 2595 622 2657 nubes,
651 2590 931 2662 prophetae
969 2588 1243 2654 videlicet,
1270 2600 1629 2645 cessaverunt
1667 2599 1721 2646 et
1767 2592 1997 2649 absces-

426 2691 640 2742 serunt.

494 2775 716 2843 Ωωεετ.
742 2771 1002 2828 LXXXV.
1034 2771 1177 2838 Quid
1219 2778 1324 2837 est,
1363 2788 1383 2823 ι
1413 2768 1571 2829 Mons
1618 2770 1751 2828 Sion
1775 2772 1904 2841 iste,
1933 2774 1990 2831 in

422 2882 533 2939 quo
561 2865 819 2921 habitasti
851 2864 908 2917 iu
937 2862 1106 2939 eo“?
1133 2881 1155 2916 ι

492 2957 658 3013 Bssr.
683 2955 876 3012 Divina
898 2955 1184 3026 Scriptura
1209 2954 1396 3009 multis
1419 2954 1595 3010 modis
1622 2970 1810 3011 vocem
1834 2972 1991 3012 mon-

421 3052 496 3107 tis
541 3051 952 3119 interpretatur.
988 3045 1056 3099 Et
1108 3045 1199 3100 hic
1242 3046 1463 3115 quidem
1505 3061 1663 3102 mons
1716 3045 1872 3115 Sion,
1907 3055 1992 3104 est
2020 3076 2063 3135 ο

420 3146 579 3199 locus
603 3142 931 3203 Jerusalem,
958 3140 1013 3192 in
1040 3153 1151 3208 quo
1178 3138 1441 3193 habitavit
1467 3138 1728 3195 Dominus
1757 3155 1822 3196 ac
1854 3140 1996 3199 Deus

421 3240 612 3288 noster
664 3230 827 3286 Jesus
881 3227 1136 3285 Christus
1186 3228 1504 3284 incarnatus
1552 3245 1718 3299 super
1764 3237 1991 3288 terram.

421 3323 660 3378 Montem
689 3335 885 3376 rursus
939 3319 1158 3390 proprie
1197 3324 1358 3374 vocat
1416 3320 1821 3376 sanctissimam
1869 3321 1996 3377 Dei-

420 3429 631 3485 param,
665 3418 726 3467 ut
753 3425 879 3466 cum
912 3410 1090 3479 inquit
1116 3429 1129 3464 :
1154 3427 1173 3461 ι
1198 3407 1354 3465 Mons
1378 3410 1433 3465 in
1455 3426 1563 3481 quo
1590 3412 1993 3483 beneplacitum

418 3514 504 3560 est
535 3502 645 3557 Deo
673 3500 921 3556 habitare
963 3500 1019 3554 in
1051 3514 1150 3564 eo,
1185 3500 1386 3555 etenim
1432 3500 1696 3557 Dominus
1726 3503 1993 3559 habitabit

418 3591 475 3645 in
507 3590 668 3647 ﬁnem
705 3590 772 3644 ²⁹.
802 3608 822 3641 ι
856 3588 923 3642 Ει
965 3589 1091 3643 alibi
1133 3588 1406 3643 habetur:
1442 3608 1461 3641 ι
1491 3589 1635 3647 Deus
1675 3607 1705 3646 a
1747 3592 1990 3649 Theman

417 3684 599 3737 veniet
632 3689 687 3736 et
727 3679 963 3736 Sanctus
1011 3696 1079 3737 ex
1120 3687 1305 3736 monte
1351 3695 1521 3751 opaco
1562 3689 1618 3737 et
1671 3682 1841 3740 denso
1863 3686 1930 3739 ³ο.
1963 3705 1983 3739 ι

417 3775 575 3829 Mons
624 3782 807 3829 autem
844 3773 1045 3828 dicitur
1092 3781 1281 3828 sancta
1336 3771 1588 3843 Deipara.
1627 3773 1765 3840 Quia
1796 3791 1988 3846 quem-

417 3867 709 3921 admodum
758 3865 795 3921 ii
828 3865 923 3936 qui
977 3866 1033 3920 in
1078 3880 1269 3934 campo
1322 3866 1638 3931 ambulant,
1694 3875 1749 3923 et
1805 3870 1987 3925 calore

413 3967 682 4024 astuant,
713 3960 761 4019 si
791 3966 1029 4013 montem
1065 3960 1318 4023 subeunt,
1353 3960 1500 4014 velut
1540 3976 1664 4016 rore
1701 3963 1987 4032 conspersi

415 4053 608 4108 umbra
646 4052 904 4106 arborum
962 4051 1196 4115 montis,
1243 4050 1328 4105 vel
1379 4066 1521 4121 aqua
1570 4052 1764 4107 sedant
1794 4061 1984 4106 astum

409 4144 681 4198 ﬂamma:
716 4143 905 4198 eodem
936 4142 1099 4196 modo
1127 4156 1187 4196 se
1219 4140 1408 4195 habuit
1437 4157 1564 4212 erga
1593 4142 1843 4198 homines
1882 4144 1985 4196 im-

2109 1857 2240 1911 Σινᾶ
2272 1857 2420 1929 παρὰ
2445 1856 2600 1911 Θεοῦ.
2640 1858 2763 1910 Ἔτι
2792 1858 2848 1911 δέ
2878 1860 2969 1912 καὶ
3010 1860 3060 1912 οί
3109 1862 3384 1932 προφῆται
3425 1863 3695 1934 ἀμυδρῶς

2108 1966 2226 2011 πως
2253 1949 2347 2002 καὶ
2388 1948 2675 2013 σκοτεινῶς
2704 1953 2800 2004 καὶ
2825 1950 3038 2015 λεπτῶς
3088 1969 3205 2015 πως
3249 1955 3348 2024 τὴν
3382 1956 3695 2026 παρουσίαν

2105 2040 2198 2093 τοῦ
2226 2040 2461 2111 Χριστοῦ
2491 2040 2737 2106 ἔϐλεπον,
2765 2043 2858 2095 καὶ
2889 2042 3128 2114 ἐδηλουν.
3158 2044 3404 2113 Νεφέλας
3430 2048 3536 2119 γὰρ
3555 2048 3696 2113 τοὺς

2105 2132 2389 2202 προφήτας
2414 2130 2581 2200 λέγει,
2610 2132 2795 2203 ἐπειδὴ
2825 2133 3119 2205 ἐκήρυξαν,
3171 2136 3265 2188 καὶ
3293 2137 3367 2200 ὡς
3406 2137 3550 2209 ὕδωρ
3592 2137 3689 2204 ἐξ-

2104 2222 2278 2292 έχεον,
2302 2222 2630 2287 πνεύσαντες
2648 2224 2723 2288 ὡς
2745 2225 2905 2296 άέρες
2930 2225 3020 2279 τὸν
3053 2226 3195 2281 θεῖον
3219 2228 3371 2297 λόγον
3400 2231 3495 2284 καὶ
3518 2232 3690 2302 νόμον

2106 2312 2198 2365 ἐπὶ
2222 2312 2323 2382 τῆς
2351 2312 2475 2382 γῆς,
2519 2312 2655 2384 ὅπερ
2697 2313 2813 2365 ἐστὶ
2838 2312 2902 2366 τὸ
2944 2313 3213 2367 σκοτεινὸν
3251 2314 3417 2387 ὕδωρ.
3460 2317 3592 2369 Ἀπὸ
3621 2316 3689 2371 δὲ

2102 2402 2204 2472 τῆς
2250 2402 2639 2475 τηλαυγήσεως
2682 2403 2848 2459 αὑτοῦ
2889 2403 3115 2459 ἐνώπιον
3144 2406 3392 2479 αὑτοῦ,ἣ
3434 2407 3510 2472 ὡς
3564 2409 3683 2464 ἀπὸ

2099 2493 2198 2565 τῆς
2230 2493 2317 2547 διὰ
2341 2493 2541 2565 σαρκὸς
2572 2494 2863 2565 ἐπιδημίας
2893 2495 3056 2549 αὑτοῦ
3096 2496 3403 2569 ἔμπροσθεν
3432 2498 3591 2552 αὑτοῦ
3622 2502 3685 2554 αἱ

2101 2586 2339 2655 νεφέλαι,
2366 2586 2533 2657 ἤγουν
2576 2588 2630 2640 οί
2689 2588 2987 2660 προφῆται,
3030 2586 3275 2644 ἔπαυσαν
3321 2591 3415 2645 καὶ¹
3460 2589 3685 2662 67:10.6-

2100 2696 2293 2751 ρησαν.

2180 2769 2370 2844 Ἐρώτ.
2406 2779 2509 2826 πε’.
2545 2772 2610 2825 Τί
2646 2774 2792 2827 ἐστιν
2812 2790 2825 2803 ο
2860 2789 2881 2824 ι
2904 2774 3065 2845 Ὄρος
3092 2773 3230 2828 Σιὼν
3252 2773 3430 2841 10610,
3460 2773 3489 2828 ὃ
3515 2791 3681 2829 κατε-

2099 2864 2385 2935 σκήνωσας
2405 2864 2463 2917 ἐν
2495 2865 2678 2936 αύτῷς
2715 2884 2735 2917 ›

2181 2956 2368 3010 Ἀπόκ.
2435 2956 2500 3009 Ἠ
2537 2955 2658 3010 θεία
2705 2956 2894 3028 Γραφὴ
2949 2956 3231 3028 πολλαχῶς
3271 2959 3561 3031 ἐρμηνεύει
3612 2959 3681 3015 10

2095 3045 2239 3118 ὅρος.
2275 3048 2384 3100 Καὶ
2409 3046 2564 3101 τοῦτο
2598 3047 2696 3118 μὲν
2720 3047 2846 3120 ὅρος
2871 3047 3008 3102 Σιών
3036 3050 3183 3103 ἐστιν
3215 3051 3243 3103 ό
3270 3052 3435 3115 τόπος
3471 3052 3676 3122 Ἰερου-

2098 3136 2299 3208 σαλὴμ,
2326 3138 2384 3190 ἐν
2409 3131 2453 3205 ᾧ
2478 3137 2797 3209 κατῴκησεν
2824 3138 2853 3189 ό
2880 3137 3082 3211 Κύριος
3115 3139 3271 3211 ήμῶν
3297 3141 3392 3194 καὶ
3414 3140 3545 3204 Θεὸς
3570 3142 3679 3211 ’1η-

2096 3229 2221 3293 σοῠς
2253 3228 2485 3301 Χριστὸς
2532 3228 2832 3301 σαρκωθεὶς
2865 3230 2957 3283 ἐπὶ
2994 3232 3093 3301 τῆς
3125 3232 3249 3302 γῆς.
3300 3233 3464 3303 Ὄρος
3510 3231 3678 3286 πάλιν

2092 3314 2150 3367 δὲ
2196 3315 2399 3387 κυρίως
2441 3316 2694 3387 ὀνομάζει
2741 3316 2839 3389 τὴν
2893 3317 3199 3389 ύπεραγίαν
3252 3319 3536 3385 Θεοτόκον,
3596 3321 3677 3387 ὡς

2093 3403 2218 3456 ὅταν
2251 3403 2425 3473 λέγει·
2457 3424 2476 3457 ι
2519 3405 2591 3458 Τὸ
2624 3406 2770 3476 ὄρος.
2799 3406 2828 3459 ὃ
2855 3406 3147 3478 εὐδόκησεν
3174 3410 3203 3462 ό
3231 3408 3363 3473 Θεὸς
3393 3414 3674 3466 κατοικεῖν

2093 3498 2151 3551 ἐν
2176 3497 2341 3568 αύτῷ·
2366 3499 2459 3551 καὶ
2483 3499 2591 3570 γὰρ
2618 3500 2646 3551 6
2670 3500 2873 3569 Κύριος
2893 3501 3304 3571 κατασκηνώσει
3329 3505 3409 3566 είς
3429 3504 3609 3567 τέλος
3642 3523 3665 3557 ι

2089 3585 2184 3639 καὶ
2205 3585 2437 3656 ἀλλαχοῦ
2458 3603 2471 3616 ·
2504 3606 2523 3638 ι
2573 3588 2629 3641 '0
2652 3588 2783 3651 Θεὸς
2816 3588 2922 3641 ἀπὸ
2951 3589 3135 3661 Θεμὰν
3161 3591 3299 3661 ἥξει,
3325 3594 3420 3645 καὶ
3456 3595 3486 3645 ὁ
3518 3596 3680 3662 ἆγιος

2088 3675 2148 3741 ἐξ
2188 3675 2345 3746 ὅρους
2375 3675 2669 3730 κατασκίου
2707 3679 2801 3730 καὶ
2828 3676 3053 3741 δασέως.
3099 3696 3118 3729 ι
3161 3680 3324 3748 Ὄρος
3363 3679 3422 3731 δὲ
3452 3679 3677 3749 λέγεται

2087 3768 2120 3838 ή
2158 3768 2288 3835 ἁγία
2320 3767 2595 3830 Θεοτόκος.
2650 3768 2802 3821 Ἐπεὶ
2831 3767 3020 3840 ὥσπερ
3050 3770 3099 3821 οί
3132 3771 3187 3822 ἐν
3213 3770 3291 3841 τῷ
3324 3770 3535 3843 κάμπῳ
3575 3790 3680 3826 πε-

2091 3856 2474 3929 ριπατοῦντες,
2534 3859 2629 3912 καὶ
2681 3859 3001 3928 φλεγόμενοι
3055 3860 3160 3913 ὑπὸ
3205 3859 3298 3913 τοῦ
3350 3862 3677 3932 καύματος,

2086 3949 2537 4021 προσεγγίζοντες
2586 3952 2644 4004 ἐν
2695 3950 2771 4022 τῷ
2828 3951 2978 4021 ὄρει,
3025 3950 3360 4023 δροσίζονται
3408 3953 3516 4005 ὑπὸ
3567 3955 3676 4024 τὴν

2088 4041 2244 4095 σκιὰν
2270 4041 2377 4094 τῶν
2408 4040 2638 4113 δένδρων
2663 4041 2758 4094 τοῦ
2799 4043 2991 4113 ὅρους,
3022 4042 3056 4113 ἢ
3099 4044 3194 4096 καὶ
3219 4044 3307 4097 διὰ
3333 4043 3429 4098 τοῦ
3473 4045 3675 4112 ὕδατος

2086 4134 2535 4208 παραμυθοῦνται
2583 4134 2673 4187 τὸν
2714 4134 2972 4188 καύσωνα
3014 4138 3112 4206 τῆς
3157 4135 3384 4204 φλογό;’
3438 4138 3679 4210 τοιούτῳ

409 4230 684 4285 maculata
708 4228 898 4300 Virgo,
927 4244 1048 4299 qua
1076 4244 1202 4283 rore
1229 4230 1466 4299 quodam
1510 4232 1594 4285 sui
1627 4241 1818 4301 partus
1850 4234 1985 4287 ani-

2107 4228 2266 4301 τρόπῳ
2300 4228 2490 4296 γέγονε
2521 4227 2613 4280 καὶ
2646 4229 2759 4291 τοῖς
2792 4227 3157 4300 ἀνθρώποιςή
3196 4229 3334 4300 ἁγνὴ
3365 4230 3672 4301 Παρθένος,

408 4335 529 4375 mas
563 4321 843 4374 hominum
868 4328 1005 4375 astu
1034 4324 1241 4390 peccati
1272 4321 1550 4377 confectas
1596 4325 1653 4378 in
1692 4324 1859 4379 vitam
1892 4341 1981 4380 rc-

2107 4320 2160 4392 τῷ
2186 4319 2462 4391 δροσισμῷ
2494 4320 2595 4389 τῆς
2636 4318 2932 4391 κυοφορίας
2976 4320 3146 4397 αὐτῆς
3192 4320 3291 4384 τὰς
3322 4320 3505 4391 ψυχὰς
3554 4324 3675 4376 τῶν

408 4413 643 4475 vocavit,
671 4419 725 4467 et
756 4413 812 4466 in
860 4413 1052 4467 umbra
1081 4412 1292 4466 alarum
1317 4416 1400 4469 sui
1429 4412 1552 4468 Filii
1586 4414 1739 4471 fovit.
1767 4416 1977 4473 Montes

2107 4411 2387 4484 ινθρώπων
2438 4411 2918 4481 καταφλεγομένας
2958 4412 3063 4464 ὑπὸ
3102 4412 3201 4481 τῆς
3228 4413 3505 4483 ἁμαρτίας
3537 4416 3676 4467 ἀνε-

407 4518 539 4557 vero
565 4504 827 4558 dicuntur
870 4506 1033 4557 etiam
1077 4504 1387 4570 damones,
1433 4514 1656 4578 propter
1706 4517 1977 4564 tumorem

2107 4502 2267 4558 ῗώωσε
2289 4542 2303 4567 ,
2353 4503 2446 4557 καὶ
2475 4505 2540 4573 τῇ
2586 4504 2714 4574 σκιᾷ
2742 4502 2847 4556 τῶν
2886 4503 3170 4573 πτερύγων
3191 4502 3284 4557 106
3319 4505 3449 4558 Υἱοῦ
3489 4506 3672 4576 αὐτῆς

405 4595 693 4665 superbia.
723 4613 742 4645 ι
773 4594 877 4660 Qui
902 4596 1074 4666 tangit
1093 4606 1326 4663 montes,
1351 4606 1405 4653 et
1425 4599 1688 4670 fumigant
1712 4601 1779 4666 ἰ,
1808 4620 1827 4653 ι
1871 4600 1978 4656 hoc

2107 4593 2461 4665 περιέθαλψεν.
2490 4596 2655 4666 Ὄρος
2684 4595 2741 4647 δὲ
2785 4593 3031 4663 λέγονται
3064 4598 3158 4649 καὶ
3197 4599 3244 4649 οί
3285 4598 3541 4669 δαίμονες
3575 4601 3674 4656 διὰ

404 4694 524 4752 est,
560 4686 655 4756 qui
701 4685 1042 4740 damonibus
1096 4691 1532 4759 appropinquat,
1583 4691 1678 4761 qui
1716 4699 1974 4762 tanquam

403 4777 589 4830 fumus
621 4775 963 4846 dissipantur
985 4784 1039 4830 et
1063 4785 1417 4832 evanescunt.
1447 4777 1604 4833 Mons
1637 4780 1767 4834 item
1796 4780 1975 4835 virtus

399 4869 627 4933 dicitur,
659 4866 1118 4937 quemadmodum
1165 4876 1393 4923 sanctus
1436 4868 1733 4941 Gregorius
1771 4871 1970 4941 inquit.

400 4960 683 5029 Siquidem
711 4959 879 5014 etiam
908 4958 966 5013 in
1003 4960 1108 5014 hoc
1138 4967 1323 5016 monte
1355 4960 1500 5017 Deus
1541 4971 1768 5033 apparet
1794 4964 1975 5018 homi-

398 5051 581 5113 nibus,
613 5050 732 5121 ipse
764 5050 988 5121 quidem
1017 5067 1047 5105 a
1080 5053 1166 5107 sui
1196 5052 1457 5106 domicilii
1497 5056 1718 5124 specula
1743 5054 1974 5111 descen-

397 5142 555 5201 dens,
602 5155 707 5194 nos
763 5155 894 5195 vero
990 5156 1058 5195 ex
1122 5140 1229 5193 ima
1281 5140 1591 5198 humilitate
1671 5152 1859 5200 nostra
1914 5147 1971 5201 in

394 5228 629 5283 sublime
656 5229 875 5285 tollens.

2076 4685 2169 4739 10v
2197 4684 2357 4753 ὄγκον
2402 4685 2502 4756 τῆς
2553 4687 2950 4757 ὑπερηφανίας.
3010 4706 3029 4738 ‹
3088 4689 3146 4740 ὐ
3191 4689 3498 4759 ἁπτόμενος
3545 4692 3664 4747 τῶν

2075 4776 2269 4848 ὀρέων,
2303 4777 2398 4831 καὶ
2427 4776 2779 4840 καπνίζονται
2799 4793 2813 4809 ο
2851 4798 2870 4830 ι
2902 4779 3178 4834 τουτέστιν
3210 4782 3238 4834 6
3276 4784 3667 4853 προσεγγίζων

2073 4870 2187 4930 τοῖς
2217 4868 2456 4939 δαίμοσι,
2500 4868 2595 4921 καὶ
2624 4868 2700 4931 ὡς
2731 4869 2937 4933 καπνὸς
2980 4870 3286 4926 διαλύονται
3331 4875 3426 4927 καὶ
3458 4877 3672 4943 ἀφανιε-

2074 4957 2276 5022 ζονται.
2322 4961 2485 5031 Ὄρος
2518 4958 2575 5011 δὲ
2610 4959 2847 5028 λέγεται,
2886 4962 2979 5015 καὶ
3020 4965 3053 5033 ἡ
3088 4964 3287 5035 ἁρετὴ,
3327 4965 3513 5031 καθὼς
3537 4970 3568 5022 6
3601 4971 3668 5023 ἐν

2074 5049 2250 5117 ἁγίοις
2283 5049 2579 5120 Γρηγόριός
2616 5067 2811 5121 φησιν·
2854 5054 2977 5106 ἐπεὶ
3011 5054 3105 5107 καὶ
3131 5057 3188 5108 ὲν
3219 5055 3299 5127 τῷ
3333 5056 3452 5128 δρει
3480 5058 3666 5130 τούτῳ

2072 5140 2204 5204 Θεὸς
2241 5140 2546 5215 ἀνθρώποις
2590 5141 2939 5212 φαντάζεται,
2978 5146 3040 5198 τὸ
3080 5147 3262 5216 μέντοι
3310 5149 3665 5204 καταϐαίνων

2075 5232 2183 5287 ἀπὸ
2222 5233 2323 5303 τῆς
2352 5234 2559 5299 οἰκείας
2604 5237 2924 5308 περιωπῆς,
2960 5237 3022 5291 10
3053 5236 3111 5291 δέ
3142 5239 3293 5310 ἡμᾶς
3320 5237 3543 5307 ἀνάγων
3590 5240 3663 5294 ἐκ

2072 5326 2172 5396 τῆς
2194 5323 2435 5378 κάτωθεν
2466 5325 2865 5391 ταπεινώσεως.

2157 5414 2348 5487 Ἐρώτ.
2384 5423 2503 5481 πς’.
2532 5416 2630 5471 Διά
2657 5418 2710 5471 τί
2739 5417 2952 5487 λέγεται
2979 5418 3103 5491 ὄρος
3131 5420 3165 5489 ἡ
3198 5419 3402 5490 άρετή;

2157 5506 2343 5561 ’Δπόκ.
2391 5508 2607 5582 Ἐπειδὴ
2654 5510 2843 5582 ὥσπερ
2871 5511 2931 5564 τὸ
2964 5511 3089 5583 ὅρος
3137 5510 3340 5584 ὑψηλὸν
3388 5510 3494 5582 τῆς
3527 5510 3661 5583 γῆς,

465 5400 685 5467 ρυδετ.
729 5403 1015 5460 LXXXVI.
1056 5406 1239 5479 Quare
1286 5408 1465 5463 virtus
1513 5392 1966 5467 diciturlmons?

464 5491 629 5566 Resp.
662 5493 800 5560 Quia
844 5498 988 5552 sicut
1036 5513 1195 5555 mons
1224 5500 1327 5556 etsi
1381 5500 1635 5556 excelsus
1676 5508 1964 5572 estggunra

464 5647 688 5720 "rrl’sal.
724 5665 853 5712 cm,
888 5653 978 5716 21,
1030 5651 1124 5706 22.
1180 5658 1181 5661 ‘
1236 5654 1276 5687 ’⁷
1318 5653 1464 5711 Psal.
1498 5669 1646 5720 xv",
1690 5654 1903 5720 12ι15.

2107 5657 2235 5715 Psal.
2280 5677 2486 5720 txxrtt.
2525 5664 2579 5719 5.
2684 5666 2727 5698 ”
2766 5660 3134 5720 Ρεο1.-ι.ιιίι.
3173 5665 3259 5720 l7.

1236 5654 1276 5687 ’⁷
1318 5653 1464 5711 Psal.
1498 5669 1646 5724 xv",
1690 5654 1787 5730 i2,
1817 5656 1903 5712 15.

394 5731 487 5781 ιιι,
518 5719 570 5771 5.
647 5721 685 5751 ³⁸
732 5721 875 5779 Psai.
915 5739 1047 5789 ειη,
1086 5726 1175 5779 52.

2005 5659 2052 5691 "
2088 5657 2235 5715 Psal.
2280 5677 2486 5733 Lxxm,
2525 5664 2579 5719 5.
2684 5666 2727 5698 ”
2766 5660 3134 5720 Ρεο1.-ι.ιιίι.
3173 5665 3259 5720 l7.
3356 5666 3412 5739 ,³⁸
3440 5664 3657 5721 Hahae.
