3852 6192
141 339 246 397 749

1307 320 1769 398 QUJESTIONLS
1806 318 1875 377 IN
1923 317 2262 378 PSALMOS.

3296 321 3401 380 750

140 452 517 527 χαμηλότερον
542 450 599 505 δὲ
627 447 724 505 τοῦ
749 444 1002 522 οὐρανοῦ,
1032 447 1204 513 οὕτως
1230 447 1348 502 ἐστὶ
1386 447 1481 502 καὶ
1504 448 1534 499 6
1557 447 1724 517 ἐργα-

1842 453 2052 504 erram,
2084 439 2228 495 caelo
2279 444 2463 493 tamen
2503 442 2590 494 est
2630 434 2912 505 humilior,
2950 435 3026 494 ita
3052 436 3147 508 qui
3180 436 3236 492 in
3287 436 3401 493 vita

142 548 372 619 ζόμενος
411 545 510 617 τὴν
548 545 779 616 ἀρετήν·
814 542 1145 613 ὑψηλότερος
1179 541 1277 613 μὲν
1311 539 1427 593 ἔστι
1457 538 1558 609 τῆς
1595 535 1724 607 γῆς,

141 638 276 692 διότι
305 635 578 708 ἀνώτερος
605 635 841 706 ὑπάρχει
862 633 970 687 τῶν
995 632 1263 703 βιωτικῶν
1289 630 1604 703 φροντίδων,
1627 628 1728 682 ικαὶ

142 729 252 784 τῶν
288 728 384 782 τοῦ
414 730 618 799 κόσμου
648 726 821 781 ὑλῶν·
852 725 1226 797 χαμηλότερος
1260 724 1318 777 δὲ
1355 722 1593 794 ὑπάρχει
1630 720 1726 773 τοῦ

142 822 399 895 οὐρανοῦ,
443 821 630 893 ἐπειδὴ
672 822 855 893 ἀκμὴν
892 824 950 875 ἐν
978 821 1058 892 τῷ
1090 820 1191 891 βίῳ
1225 820 1400 891 τούτῳ
1448 820 1586 879 ἐστὶ,
1633 817 1729 871 καὶ

142 916 245 969 οὐκ
270 913 532 977 ἀπέθανε,
565 913 652 967 ἵνα
699 912 1034 985 ὲλευθερωθῇ
1077 910 1356 975 παντελῶς
1388 908 1483 963 τοῦ
1518 909 1725 979 κόσμου

142 1007 358 1060 τούτου·
388 1006 482 1059 καὶ
521 1008 580 1060 ὲν
603 1004 780 1077 τούτῳ
801 1004 1013 1058 ἵσταται
1039 1002 1202 1074 μέσον
1227 1001 1456 1072 οὐρανοῦ
1481 1001 1576 1054 καὶ
1600 999 1725 1070 γῆς,

143 1098 398 1169 καθάπερ
425 1115 478 1150 τι
502 1097 650 1169 ὅρος,
687 1096 763 1160 ὡς
793 1098 1040 1168 εἴρηται·
1063 1095 1250 1165 ἐπειδὴ
1274 1095 1388 1158 καὶ,
1432 1112 1450 1144 ι
1484 1095 1622 1163 ὐρη
1658 1092 1729 1147 τὰ

144 1191 329 1262 ὑψηλὰ
359 1194 481 1254 ταῖς
515 1190 754 1260 ἐλάφοις,
806 1208 826 1241 ι
870 1191 999 1243 ὅταν
1025 1189 1195 1258 λέγει,
1227 1189 1325 1251 τὰς
1360 1186 1570 1258 ὑψηλὰς
1599 1188 1728 1257 ἀρε-

142 1283 243 1345 τὰς
291 1281 576 1353 ὀνομάζει·
621 1282 855 1351 ἐλάφους
894 1281 950 1335 δὲ
988 1281 1089 1345 τὰς
1130 1280 1309 1352 ψυχὰς
1355 1279 1463 1332 τῶν
1512 1278 1682 1348 ἁγίων
1709 1295 1724 1309 ·

142 1374 333 1447 ἐπειδὴ
354 1376 413 1430 ὲν
439 1376 556 1438 ταῖς
582 1374 813 1445 ὑψηλαῖς
829 1372 938 1426 τῶν
970 1369 1189 1446 ἀρετῶν
1208 1373 1512 1445 ἐργασίαις,
1541 1371 1730 1442 ῶσπερ

144 1466 335 1536 ἔλαφοι
389 1468 446 1520 ὲν
497 1465 575 1537 τῷ
625 1466 775 1537 ὄρει,
829 1463 1242 1538 τριόοϐατοῦσιν
1292 1465 1349 1518 αἱ
1397 1464 1568 1535 ψυχαὶ
1619 1462 1729 1516 τῶν

143 1559 339 1627 ἁγίων.
406 1560 588 1627 Πέτρα
627 1558 685 1612 δὲ
725 1557 1016 1628 καταφυγὴ
1064 1560 1178 1621 τοῖς
1226 1555 1460 1625 λαγωοῖς
1507 1557 1656 1609 ἐστιν
1700 1555 1730 1608 6

141 1651 402 1722 Χριστός.
439 1650 704 1722 ’Υπάρχει
737 1650 795 1704 δὲ
821 1649 1111 1721 καταφυγὴ
1138 1647 1250 1702 τῶν
1272 1649 1331 1701 ὲν
1369 1648 1561 1720 ἐρήμῳ
1594 1646 1732 1701 καθ-

142 1741 442 1812 εζομένων.
1688 1726 1689 1729 ‘

226 1833 424 1906 Ἐρώτ.
454 1829 563 1897 πζν.
586 1832 653 1886 Τί
685 1831 833 1902 λέγει
870 1830 966 1885 τοῦ
1006 1830 1230 1903 ὲρωδιοῦ
1267 1832 1302 1903 ὴ
1334 1829 1620 1897 κατοικίας

227 2011 420 2065 ’Δπόια
464 2011 524 2065 ὐ
550 2011 773 2084 ὲρωδιὸς
796 2010 981 2084 δρνεόν
1011 2012 1183 2074 ἐστιν,
1208 2009 1284 2072 ὡς
1308 2007 1527 2078 λέγουσί
1548 2024 1693 2071 τινες
1711 2022 1731 2040 ·

142 2103 207 2157 τὸ
241 2103 302 2156 δὲ
328 2103 513 2174 ὄρνεον
549 2104 781 2172 φωλεύει
815 2105 872 2157 έν
904 2103 1100 2174 ἐρήμῳ
1125 2101 1276 2173 τόπῳ
1305 2103 1362 2156 ὲν
1397 2103 1608 2172 κορυφῇ
1647 2117 1730 2153 τι-

144 2212 236 2257 νος
282 2194 524 2266 δένδρου,
574 2196 865 2266 Ἔρχονται
907 2194 965 2247 δὲ
1006 2193 1075 2246 τὰ
1116 2194 1288 2264 μικρά
1326 2191 1600 2264 στρουθία,
1636 2191 1733 2246 καὶ

144 2286 482 2357 φωλεύουσιν
516 2288 774 2341 ὑποκάτω
806 2286 972 2341 αὐτοῦ
1001 2286 1247 2359 γύρωθεν
1291 2288 1349 2340 έν
1393 2285 1472 2357 τῷ
1506 2285 1729 2356 δένδρῳ.

154 2380 404 2447 Ἠγεῖται
431 2379 488 2432 δὲ
516 2378 695 2432 αὐτῶν
734 2379 829 2433 καὶ
853 2378 1241 2443 ὲπικαθέζεται
1276 2380 1310 2448 ή
1345 2377 1593 2432 κατοικία
1634 2376 1730 2430 τοῦ

142 2469 395 2538 έρωδιοῦ,
452 2468 711 2538 φυλάττει
747 2469 806 2523 δὲ
849 2468 1022 2523 ταῦτα
1071 2469 1183 2522 ἀπὸ
1228 2469 1338 2523 τῶν
1391 2467 1733 2540 φθοροποιῶν

142 2559 418 2633 ἑρπετῶν,
451 2558 559 2613 τῶν
591 2559 852 2613 θελόντων
881 2558 1134 2613 κακῶσαι
1164 2558 1324 2613 αὐτά.

229 2652 426 2725 Ἐρώτ.
482 2658 594 2723 ιιι-η’,
642 2652 707 2705 Τί
752 2652 903 2721 λέγει
949 2654 979 2705 6
1026 2653 1340 2725 Προφήτης,
1380 2653 1508 2706 ὅταν
1546 2651 1727 2721 λέγει·

148 2764 169 2796 ι
222 2745 321 2807 Εἰς
349 2744 412 2797 16
448 2742 601 2806 τέλος
634 2743 708 2814 μὴ
740 2741 1057 2815 διαφθείρῃς
1080 2742 1161 2813 τῷ
1183 2742 1385 2808 Δαϐίδ;
1423 2761 1441 2792 ι

230 2837 424 2891 Ἀπόκ.
460 2836 622 2899 Τέλος
655 2835 804 2904 λέγει
841 2837 869 2890 6
895 2836 1189 2907 Προφήτης
1213 2835 1312 2907 τῆς
1342 2832 1536 2888 ἑαυτοῦ
1565 2831 1729 2905 ζωῆς.

153 2927 479 2994 Ἐπεύξεται
519 2926 697 2982 τοίνυν
739 2929 768 2981 6
810 2927 1125 2998 Προφήτης,
1168 2926 1256 2980 ἵνα
1297 2925 1372 2997 μὴ
1410 2925 1636 2995 γένηται
1671 2923 1734 2977 τὸ

138 3021 300 3084 τέλος
320 3022 420 3092 τῆς
446 3018 593 3089 ζωῆς
630 3019 727 3073 καὶ
751 3018 1028 3090 περιπέσῃ
1058 3019 1138 3081 είς
1166 3016 1370 3087 βλάϐην
1405 3015 1546 3093 τινάὅ
1574 3015 1733 3068 Πᾶσα

139 3114 256 3187 γὰρ
286 3115 322 3184 ἡ
355 3113 467 3185 ζωὴ
496 3111 591 3165 τοῦ
622 3109 934 3183 ἀνθρώπου,
970 3109 1065 3162 ἐὰν
1092 3108 1376 3205 δαπανηθῇ
1405 3104 1733 3205 κακῶςὶκαὶ
1758 3147 1802 3205 C

139 3206 207 3260 τὸ
260 3205 415 3268 τέλος
464 3202 628 3258 αὐτοῦ
666 3203 890 3272 γένηται
943 3199 1200 3272 χρηστὸν,
1251 3197 1413 3270 χάρις
1461 3197 1556 3251 καὶ
1602 3195 1730 3260 δόξα

140 3295 464 3352 ὲστίν.Ἐὰν
494 3295 552 3348 δὲ
583 3293 644 3349 τὸ
669 3293 820 3357 τέλος
853 3293 1233 3362 καταστραφῇ.
1265 3287 1424 3343 τοῦτο
1457 3287 1726 3359 ἀθλιότης.

142 3388 250 3444 Διά
278 3388 440 3443 τοῦτο
482 3387 773 3457 ἐπεύχεται
803 3387 831 3439 6
861 3384 1157 3456 Προφήτης
1193 3379 1444 3451 γενέσθαι
1478 3379 1541 3433 τὸ
1580 3378 1733 3443 τέλος

141 3482 249 3553 τῆς
277 3478 428 3550 ζωῆς
471 3477 635 3533 αὑτοῦ
669 3474 868 3531 καλόν·
913 3476 1007 3528 επὶ
1051 3474 1209 3529 τοῦτο
1245 3473 1341 3528 καί⁸
1376 3471 1484 3545 γὰρ
1518 3470 1732 3543 ψαλμὸν

144 3572 548 3644 συνεγράψατο.

231 3662 428 3736 Ἐρώτ.
457 3660 565 3715 πθ’.
601 3662 666 3715 Τί
696 3660 875 3731 λέγει·
917 3679 936 3713 ι
974 3660 1356 3731 Καυχήσονται
1394 3658 1530 3712 ὅσιοι
1565 3659 1620 3711 ἐν
1649 3656 1734 3711 δό-

147 3753 237 3829 ξῃ,
261 3757 357 3808 καὶ
387 3753 808 3823 ἀγαλλιάσονται
837 3754 930 3808 ἐπὶ
954 3752 1062 3807 τῶν
1089 3752 1284 3808 κοιτῶν
1314 3750 1527 3818 αὑτῶν;
1568 3770 1586 3802 ι

237 3935 431 3989 Ἀπὸκ.
503 3934 713 3998 ὐσίους
781 3932 931 4002 λέγει
991 3934 1119 3995 τοὺς
1175 3930 1582 4001 πνευματικῶς
1640 3928 1736 3981 καὶ

148 4028 342 4098 ἁγίους
388 4025 707 4099 ἀνθρώπους
728 4068 743 4092 ,
774 4026 968 4086 οἵτινες
996 4023 1308 4094 καυχῶνται
1344 4020 1480 4093 μετὰ
1507 4020 1735 4074 θάνατον

148 4122 246 4175 ἐπὶ
270 4122 395 4184 ταῖς
423 4118 632 4183 κοίταις
659 4118 854 4173 αὐτῶν.
887 4119 1080 4172 Κοῖται
1108 4115 1166 4169 δέ
1194 4117 1331 4169 εἰσιν
1357 4115 1411 4168 αί
1445 4112 1604 4184 μοναὶ
1626 4110 1736 4165 τῶν

150 4211 348 4279 ἁγίων,
382 4208 449 4274 ἃς
481 4210 794 4281 εὑρίσκουσι
830 4208 968 4280 μετά
1003 4207 1254 4273 θάνατον,
1289 4207 1382 4261 καὶ
1415 4205 1737 4275 ἀγάλλονται

150 4306 208 4356 ὲν
237 4305 307 4374 τῇ
343 4301 591 4372 βασιλείᾳ
621 4301 731 4355 τῶν
764 4301 1027 4371 οὐρανῶν.

221 4396 338 4464 Τὴν
369 4395 427 4446 ἐν
462 4392 580 4464 Θεῷ
608 4392 884 4447 τελείωσιν
920 4392 1246 4447 διδάσκουσα
1292 4393 1327 4463 ή
1373 4390 1495 4445 θεία
1525 4389 1735 4462 Γραφὴ,

1825 546 1925 588 sua
1954 534 2212 588 virtutem
2240 535 2499 585 exercet:
2535 536 2681 585 terra
2712 530 2932 600 quidem
2980 538 3067 586 est
3106 529 3398 595 excelsior,

1824 638 1891 678 eo
1915 622 2059 693 quod
2083 621 2250 691 hujus
2279 622 2404 676 vitae
2429 635 2592 676 curas
2620 632 2675 675 et
2696 621 2886 675 mundi
2909 622 3123 692 negotia
3148 629 3400 692 superet;

1826 712 2186 768 nihilominus
2248 720 2432 766 tamen
2481 718 2567 767 est
2624 710 2855 766 inferior
2883 712 3065 775 caelo,
3112 721 3402 784 propterea

1826 805 1973 876 quod
2026 805 2207 860 adhuc
2244 805 2320 859 εἰη
2377 803 2481 859 hac
2515 805 2626 858 vita
2662 804 2900 869 exsistit,
2944 812 2999 859 et
3033 804 3271 860 nondum
3317 813 3404 862 est

1826 907 2101 964 mortuus,
2142 906 2202 953 ut
2247 899 2464 969 penitus
2510 897 2615 953 hoc
2662 899 2867 954 mundo
2899 899 3176 955 liberetur.
3225 900 3404 971 Atque

1804 982 1898 1042 ’ob
1935 988 1989 1043 id
2018 988 2160 1044 inter
2185 989 2386 1044 coelum
2413 996 2730 1059 terramque
2775 997 2922 1044 tenet
2962 989 3225 1055 medium,
3259 992 3406 1067 sicut

1826 1096 2009 1146 mons,
2037 1081 2496 1151 quemadmodum
2529 1081 2734 1136 dictum
2782 1090 2885 1138 est.
2923 1081 3149 1159 Deinde.
3169 1099 3294 1139 cum
3320 1085 3406 1139 di-

1828 1173 1904 1226 cit
1930 1191 1942 1226 :
1971 1193 1988 1225 ι
2020 1172 2230 1229 Montes
2257 1172 2461 1228 excelsi
2491 1174 2669 1229 cervis
2690 1175 2733 1206 ³²
2758 1214 2774 1241 ,
2811 1195 2830 1226 ι
2854 1175 2994 1232 altos
3037 1186 3276 1244 montes,
3309 1194 3407 1234 ex-

1827 1266 2008 1322 celsas
2050 1267 2330 1332 virtutes;
2387 1280 2581 1322 cervas
2627 1282 2781 1332 vero,
2827 1275 3141 1323 sanctorum
3190 1271 3405 1328 animas

1827 1368 2027 1415 vocat:
2063 1358 2506 1430 quandoquidem
2534 1358 2591 1413 in
2626 1358 2859 1415 excelsis
2887 1359 3199 1417 actionibus
3231 1362 3406 1416 virtu-

1829 1460 1966 1516 tum,
2021 1451 2166 1507 sicut
2198 1453 2256 1505 in
2310 1450 2593 1507 montibus
2630 1466 2824 1518 cervae,
2872 1458 3164 1507 versantur
3210 1452 3407 1508 anilitas

1831 1551 2174 1600 sanctorum.
2230 1541 2392 1598 Petra
2440 1558 2571 1597 vero
2614 1542 2889 1614 refugium
2954 1543 3273 1613 leporibus,
3318 1553 3407 1611 est

1829 1636 2103 1692 Christus.
2156 1634 2362 1706 Estque
2395 1634 2669 1706 refugium
2713 1650 2903 1691 eorum
2924 1675 2940 1703 ,
2995 1637 3090 1708 qui
3123 1637 3317 1694 sedent
3346 1639 3409 1696 in

1831 1730 2073 1786 deserto.
2487 1721 2496 1730 ’

1761 1799 1806 1855 Β
1901 1820 2123 1887 ουεετ.
2151 1817 2463 1874 Lxxxvn.
2498 1817 2638 1885 Quid
2672 1817 2969 1890 signiﬁcat,
2998 1804 3268 1877 habitatio
3307 1822 3408 1879 he-

1831 1913 2013 1968 rodii?

1902 2004 2069 2062 Rasr.
2110 2004 2406 2070 Herodius,
2444 2012 2505 2059 ut
2552 2005 2721 2076 aliqui
2755 2004 2968 2074 dicunt,
2996 2014 3081 2064 est
3113 2009 3254 2075 avis,
3284 2025 3408 2080 qua:

1831 2097 2025 2152 nidum
2055 2096 2112 2152 in
2141 2096 2361 2153 deserto
2384 2096 2528 2163 loco,
2552 2096 2609 2151 in
2632 2096 2848 2153 arboris
2868 2098 3104 2169 alicujus
3124 2101 3410 2162 cacumine

1831 2188 2082 2243 collocat.
2116 2187 2356 2244 Veniunt
2381 2204 2514 2244 vero
2543 2190 2871 2259 passerculi,
2902 2197 2958 2245 et
3002 2192 3193 2247 subter
3230 2193 3410 2264 ipsam

1831 2280 2264 2351 circumquaque
2322 2280 2380 2335 in
2444 2282 2644 2337 arbore
2694 2281 3001 2338 nidilicant.
3058 2283 3181 2339 Dux
3222 2295 3412 2343 autem

1832 2373 2079 2442 ipsorum
2113 2381 2220 2436 est,
2261 2373 2453 2442 eisque
2496 2375 2889 2445 superponitur
2919 2374 3116 2434 domus
3160 2376 3409 2444 berodii,

1832 2478 1955 2534 qua:
2005 2479 2102 2521 eos
2155 2480 2187 2519 a
2235 2466 2447 2521 nocivis
2502 2466 2793 2536 reptilibus
2838 2482 2961 2538 quae
3014 2466 3162 2538 ipsos
3215 2469 3412 2526 laedere

1836 2557 2050 2621 volunt,
2085 2556 2347 2612 custodit.

1904 2646 2128 2714 Quss'r.
2179 2646 2517 2704 LXXXVIII.
2583 2648 2725 2716 Quid
2780 2650 2898 2706 vult
2949 2650 3221 2723 Propheta
3282 2669 3408 2719 cum

1834 2737 2048 2808 inquit:
2086 2757 2106 2790 ι
2136 2739 2196 2793 In
2227 2739 2388 2796 ﬁnem
2425 2757 2495 2798 ne
2526 2743 2726 2814 perdas
2750 2741 2921 2798 David
2939 2744 3029 2799 83?
3062 2764 3083 2799 ι

1903 2827 2066 2885 Rssr.
2122 2827 2312 2886 Finem
2363 2846 2477 2887 suae
2530 2832 2691 2895 vitae.
2743 2833 2879 2889 dicit
2932 2832 3225 2906 Propheta.
3279 2833 3414 2891 Orat

1833 2917 2018 2989 itaque
2067 2917 2341 2990 Propheta
2383 2938 2455 2978 ne
2505 2923 2629 2978 vita:
2668 2940 2782 2980 suae
2830 2924 2954 2981 ﬁnis
3002 2926 3218 2989 veniat,
3276 2943 3415 2984 neve

1834 3010 2045 3068 incidat
2092 3013 2148 3067 in
2210 3013 2432 3085 aliquod
2477 3015 2758 3071 damnum.
2816 3017 2953 3072 Nam
3005 3024 3120 3073 tota
3170 3018 3413 3075 hominis

1835 3103 1946 3158 vita
1998 3105 2047 3160 si
2098 3105 2241 3161 male
2290 3114 2606 3176 transacta,
2656 3107 2783 3163 ﬁnis
2826 3116 3011 3164 autem
3059 3109 3180 3179 ejus
3234 3110 3414 3167 bonus

1833 3193 2018 3262 fuerit,
2048 3196 2225 3266 gratia
2250 3205 2335 3254 est
2378 3204 2434 3254 et
2474 3199 2671 3269 gloria.
2730 3198 2789 3254 Si
2832 3215 2961 3255 vero
2999 3202 3126 3255 ﬁnis
3159 3200 3413 3257 funestus

1833 3288 2016 3357 fuerit,
2039 3291 2147 3346 hoc
2200 3292 2420 3348 demum
2461 3299 2547 3349 est
2591 3292 2874 3350 miserum.
2933 3292 3066 3350 Orat
3105 3309 3235 3367 ergo
3273 3295 3413 3349 Pro-
3495 3362 3502 3370 .

1831 3382 2015 3453 pheta,
2047 3390 2107 3438 ut
2141 3398 2255 3439 suae
2270 3384 2389 3439 vita:
2421 3382 2546 3441 ﬁnis
2573 3384 2751 3441 bonus
2784 3385 2859 3442 sit
2898 3404 2913 3441 :
2952 3401 3080 3441 nam
3115 3384 3239 3442 ideo
3277 3400 3414 3442 con-

1832 3473 2056 3544 scripsit
2099 3474 2245 3530 hunc
2273 3476 2565 3545 psalmum.

1906 3653 2070 3723 272
2099 3652 2323 3721 Ωυιετ.
2369 3653 2656 3709 LXXXIX.
2693 3654 2838 3723 Quid
2886 3663 2972 3713 est
3004 3655 3151 3727 quod
3188 3656 3408 3729 inquit:

1840 3763 1860 3798 ι
1886 3745 2285 3802 Gloriabuntur
2328 3749 2508 3803 sancti
2541 3748 2595 3803 in
2628 3749 2835 3821 gloria,
2878 3758 2932 3805 et
2964 3749 3322 3807 exsultabunt
3352 3751 3414 3807 in

1834 3837 2112 3894 cubilibus
2143 3838 2261 3894 suis
2284 3837 2369 3893 "?
2390 3859 2409 3892 ι
2964 3881 2971 3891 .

1901 3929 2068 3985 Resr.
2109 3929 2345 3987 Sanctos
2387 3930 2523 3986 dicit
2546 3932 2860 4005 spirituales
2906 3942 2959 3989 et
2988 3935 3192 4005 probos
3228 3934 3411 3990 homi-

1836 4038 1957 4088 nes,
2008 4022 2105 4093 qui
2154 4023 2539 4093 gloriabuntur
2581 4030 2704 4095 post
2756 4033 2987 4080 mortem
3038 4026 3096 4080 in
3136 4026 3411 4084 cubilibus

1838 4115 1975 4169 suis.
2007 4113 2224 4169 Cubilia
2254 4128 2381 4170 vero
2405 4123 2535 4169 sunt
2563 4115 2880 4172 mansiones
2904 4124 3243 4184 sanctorum,
3273 4134 3412 4190 quas

1838 4212 1962 4277 post
2007 4214 2243 4262 mortem
2277 4205 2587 4271 inveniunt,
2616 4214 2673 4263 et
2706 4206 2985 4264 exsultant
3012 4208 3071 4263 in
3095 4223 3266 4280 regno
3298 4224 3413 4266 ca:-

1839 4298 2038 4353 lorum.

1910 4389 2131 4444 Exitum
2156 4389 2283 4446 vita:
2326 4390 2384 4445 in
2431 4390 2605 4460 gratia
2653 4389 2750 4446 Dei
2783 4391 3164 4449 obvenientem
3203 4393 3411 4451 docens

150 4488 247 4541 καὶ
272 4484 530 4555 δηλοῦσα,
557 4484 839 4555 ὠνόμασεν
868 4485 1039 4555 αὐτὴν
1064 4484 1252 4549 ὕπνον,
1276 4483 1372 4537 καὶ
1401 4483 1608 4555 κοίτην,
1641 4481 1730 4534 καὶ

1842 4489 1891 4537 et
1938 4481 2237 4537 ostendens
2305 4481 2492 4536 divina
2546 4480 2866 4553 Scriptura,
2918 4483 3136 4539 vocavit
3187 4485 3410 4555 ipsum,

149 4576 376 4647 κλίνην,
410 4578 504 4631 καὶ
536 4576 788 4631 θάνατον.
842 4576 1051 4629 ’Ὕπνον
1096 4575 1215 4643 μὲν,
1250 4575 1325 4639 ὠς
1370 4575 1497 4628 ὅταν
1534 4573 1681 4642 λέγει
1711 4574 1738 4625 ὁ

148 4667 353 4721 Δαὸίδ·
391 4688 411 4721 ι
461 4670 549 4722 Ἐν
576 4670 770 4742 είρήνῃ
806 4670 895 4722 ἐπὶ
926 4668 988 4721 τὸ
1026 4668 1157 4721 αὐτὸ
1194 4667 1604 4738 κοιμηθήσομαι
1644 4668 1739 4720 καὶ

152 4758 421 4813 ὐπνώσω·
445 4778 465 4811 ι
491 4760 608 4829 ἦτοι
637 4761 730 4813 ἐπὶ
759 4760 820 4812 τὸ
848 4759 979 4813 αὑτὸ
1006 4759 1359 4830 καταντήσω·
1379 4758 1625 4828 σχολάσω
1658 4759 1739 4822 είς

148 4851 286 4904 αὐτὸ
314 4851 375 4904 16
398 4848 498 4922 ζῇν
513 4854 570 4904 έν
589 4850 726 4921 Θεῷ,
748 4849 889 4904 κατὰ
916 4850 1010 4903 τὸν
1040 4849 1263 4902 εἰπόντα
1292 4848 1447 4917 ἅγιον
1479 4847 1739 4900 Ἀπόστο-

148 4942 241 4995 λον
259 4960 273 4973 ·
316 4961 335 4993 ι
366 4942 453 4995 Ζῶ
472 4941 530 4994 δὲ
556 4943 657 4995 οὑκ
681 4941 762 4994 ἔτι
791 4940 922 5009 ἐγὼ,
953 4940 1019 5013 ζῇ
1057 4939 1116 4994 δὲ
1148 4941 1205 4994 ἐν
1226 4940 1348 5011 ἐμοὶ
1373 4940 1401 4992 ὁ
1421 4939 1672 5011 Χριστός·
1713 4958 1730 4988 ι

149 5035 345 5104 κοίτην
377 5033 465 5095 δὲ,
494 5033 570 5096 ὡς
602 5033 732 5086 ὅταν
786 5033 968 5101 λέγει·
1026 5051 1044 5084 ι
1084 5032 1465 5103 Καυχήσονται
1508 5032 1642 5085 ὅσιοι
1679 5032 1737 5084 έν

148 5124 301 5198 δόξῃ.
351 5123 444 5178 καὶ
489 5124 905 5193 ἀγαλλιάσονται
943 5124 1036 5177 ἐπὶ
1075 5123 1182 5178 τῶν
1225 5123 1419 5177 κοιτῶν
1460 5123 1660 5177 αὐτῶν.
1711 5142 1731 5175 ι

151 5215 369 5287 Ὠσπερ
403 5214 512 5287 γὰρ
550 5218 579 5269 6
607 5218 667 5270 ὲν
707 5218 772 5287 τῇ
814 5215 967 5287 κοίτῃ
1007 5215 1189 5269 πεσὼν
1225 5215 1603 5269 ἀναπέπαυται
1642 5215 1737 5268 καὶ

150 5309 314 5362 ὑπνοῖ
345 5308 549 5379 ἡδέως·
589 5309 760 5372 οὕτως
789 5309 884 5363 καὶ
910 5311 939 5363 6
977 5307 1287 5371 τελειωθεὶς
1323 5310 1382 5362 ἐν
1433 5307 1586 5378 Θεῷ,
1639 5307 1733 5362 καὶ

150 5402 368 5471 φθάσας
411 5401 490 5463 είς
536 5399 704 5472 ἄνδρα
742 5400 969 5462 τέλειον,
1011 5401 1092 5464 είς
1137 5399 1333 5471 μέτρον
1376 5398 1594 5471 ἡλικίας
1633 5399 1730 5453 τοῦ

149 5491 520 5565 πληρώματος
575 5493 670 5545 τοῦ
717 5490 983 5564 Χριστοῦ,
1041 5490 1424 5544 ἀναπέπαυται
1481 5492 1540 5544 ὲν
1588 5489 1729 5560 Θεῷ,

149 5586 345 5656 ὥσπερ
373 5585 561 5657 κοίτην
592 5583 894 5656 ἡγούμενος
925 5583 1022 5655 τὴν
1055 5584 1112 5638 ὲν
1140 5581 1258 5655 Θεῷ
1293 5582 1590 5638 τελείωσιν.
1627 5581 1733 5636 Πό-

238 5740 285 5771 ³²
326 5737 474 5795 Psal.
527 5754 644 5795 cm.
697 5740 781 5795 18.
857 5741 902 5774 ³³
936 5738 1079 5796 Psal.
1139 5755 1266 5805 Lvt,
1309 5738 1359 5795 1.
1437 5738 1483 5773 ³⁸
1520 5738 1667 5797 Psal.
1702 5753 1730 5794 c

1842 5754 1895 5806 ι,
1936 5737 1988 5792 5.

151 5825 319 5866 cui:
344 5852 359 5878 ,
393 5810 449 5865 5.

1834 4587 2111 4639 somnum,
2141 4573 2346 4638 cubile,
2378 4572 2600 4638 lectum,
2627 4582 2684 4630 et
2714 4581 2969 4630 mortem.
2998 4574 3261 4631 Somnum
3286 4578 3412 4649 qui-

1832 4664 1955 4719 dem
1986 4671 2165 4729 vocat,
2189 4673 2249 4719 ut
2278 4680 2403 4719 cum
2437 4666 2514 4719 ait
2538 4664 2746 4721 David:
2779 4685 2798 4718 ι
2828 4666 2888 4721 In
2918 4682 3053 4737 pace
3080 4668 3137 4722 in
3169 4668 3411 4739 idipsum

1835 4754 2103 4810 dormiam
2136 4763 2193 4812 et
2240 4757 2582 4827 requiescam
2608 4758 2690 4826 ³⁸;
2725 4777 2745 4811 ι
2794 4758 2848 4814 in
2886 4758 3126 4831 idipsum
3155 4760 3413 4820 videlicet

1834 4861 2147 4910 occurram.
2177 4856 2231 4905 et
2271 4849 2399 4905 huic
2432 4850 2511 4906 rei
2567 4865 2791 4922 operam
2836 4850 3000 4918 dabo,
3030 4859 3090 4907 ut
3139 4853 3318 4908 vivam
3353 4854 3410 4908 in

1835 4937 1968 5002 Deo,
2005 4941 2162 5007 juxta
2193 4947 2446 4997 sanctum
2474 4942 2820 5012 Apostolum.
2848 4943 2941 5014 qui
2971 4943 3149 5014 inquit
3176 4961 3191 4998 :
3230 4962 3248 4995 ι
3274 4943 3412 5001 Vivo

1835 5040 2016 5087 autem
2042 5032 2155 5101 jam
2179 5049 2288 5089 non
2319 5050 2443 5106 ego,
2474 5034 2608 5090 vivit
2637 5050 2767 5090 vero
2798 5035 2852 5088 in
2892 5051 2976 5090 me
3001 5033 3263 5092 Christus
3284 5036 3346 5091 ³⁸.
3386 5054 3406 5086 ι

1835 5120 2032 5177 Cubile
2079 5138 2211 5178 vero
2264 5132 2459 5191 vocat,
2510 5141 2635 5180 cum
2687 5126 2901 5196 inquit:
2952 5146 2970 5178 ‹
3019 5125 3415 5184 Gloriabuntur

1835 5214 2013 5269 sancti
2035 5214 2091 5268 in
2122 5215 2318 5285 gloria,
2338 5224 2393 5270 et
2410 5218 2765 5273 exsultabunt
2790 5219 2845 5272 in
2876 5218 3150 5274 cubilibus
3176 5219 3407 5276 suis".s

1838 5305 1991 5362 Sicut
2022 5308 2166 5362 enim
2191 5307 2285 5377 qui
2320 5307 2379 5362 in
2420 5309 2589 5363 cubili
2620 5309 2805 5373 cubat,
2856 5309 3156 5379 requiescit
3193 5317 3248 5366 et
3281 5325 3414 5367 saa-

1836 5398 1978 5453 viter
2003 5397 2236 5452 dormit:
2276 5399 2357 5452 sic
2394 5400 2488 5467 qui
2527 5408 2946 5455 consummatus
2987 5401 3041 5454 in
3072 5399 3185 5456 Deo
3217 5407 3322 5467 est,
3357 5410 3414 5456 et

1837 5489 1933 5560 qui
1957 5488 2130 5544 crevit
2159 5488 2215 5543 in
2243 5490 2421 5544 virum
2452 5489 2753 5559 perfectum
2783 5491 2851 5545 ad
2897 5507 3208 5547 mensuram
3230 5495 3410 5548 aetatis

1839 5581 2201 5653 plenitudinis
2218 5579 2447 5651 Christi,
2474 5583 2745 5654 requievit
2776 5584 2832 5639 in
2853 5582 2987 5650 Deo,
3019 5593 3280 5657 tanquam
3308 5604 3410 5641 cu-

2087 5740 2130 5772 ³⁵
2171 5738 2316 5796 Psal.
2356 5753 2431 5806 tv,
2468 5736 2520 5793 9.
2598 5740 2642 5772 ³⁸
2681 5738 2857 5797 Gnlat.
2899 5756 2968 5807 ιι,
3001 5743 3093 5798 20.
3176 5744 3217 5776 "
3261 5742 3408 5799 Psal.
