3852 6192
447 310 543 363 731

1610 305 1666 362 s.
1708 303 2172 363 ATHANASIUS.
2213 334 2283 347 —
2323 282 2611 364 seum.

3597 303 3700 362 752

447 422 554 475 bile
581 424 841 489 reputans
875 416 1405 473 consummationem
1440 418 1497 472 in
1524 416 1619 473 Dei
1649 420 1825 490 gratia
1854 419 2014 475 obve-

2124 417 2216 482 δας
2242 419 2335 472 καὶ
2364 418 2467 489 τῆς
2495 418 2684 490 κοίτης
2714 419 2813 485 τὰς
2841 418 3040 492 ἀρετὰς
3069 417 3219 489 λέγει
3237 434 3251 448 ·
3285 416 3472 489 κλίνην
3508 416 3589 484 δέ,
3626 417 3697 484 ὡς

440 513 706 566 nientem.
743 509 956 565 Cubilis
977 517 1158 564 autem
1185 509 1370 579 pedes,
1403 510 1481 563 ait
1512 510 1764 567 virtutes.
1787 508 2014 566 Lectum

440 612 625 657 autem
653 602 910 672 appellat,
943 616 1067 656 cum
1114 602 1292 671 inquit
1338 600 1633 659 Salomon:
1679 621 1698 655 ι
1722 602 2016 674 Sexaginta

445 693 657 750 robusti
679 693 1025 747 circumdant
1044 692 1223 762 ipsum
1240 692 1305 744 ³⁸.
1335 711 1354 745 ›
1376 691 1605 758 Quando
1626 694 1770 749 enim
1797 695 1864 749 ad
1887 709 2016 764 per-

446 786 740 841 fectionem
769 785 981 839 venerit
1002 784 1208 853 justus,
1226 785 1567 840 circumdant
1587 795 1641 841 et
1660 786 1808 841 circa
1836 787 2016 857 ipsum

448 880 712 935 incedunt
762 879 967 945 fortes,
1032 880 1209 949 angeli
1269 879 1558 945 videlicet,
1611 878 1766 949 juxta
1808 878 2014 933 dictum

447 971 621 1027 illud:
658 990 677 1023 ι
714 970 1072 1025 Providebam
1113 969 1405 1024 Dominum
1448 970 1502 1024 in
1554 976 1852 1040 conspectu
1893 983 2018 1025 meo

448 1078 685 1134 semper,
714 1062 973 1133 quoniam
1017 1077 1048 1115 a
1089 1062 1298 1117 dextris
1346 1069 1429 1117 est
1465 1062 1619 1128 mihi,
1651 1077 1721 1116 ne
1772 1075 2017 1116 commo-

447 1172 577 1212 vear
599 1156 665 1210 ⁸⁹.
688 1177 707 1208 ι
732 1154 827 1209 Est
851 1170 979 1209 vero
1002 1152 1269 1208 familiare
1292 1153 1489 1207 divina:
1515 1151 1833 1223 Scripturze,
1852 1152 2017 1207 etiam

450 1248 700 1319 angelum
748 1260 945 1302 vocare
997 1243 1321 1310 Dominum;
1370 1252 1429 1298 ut
1471 1242 1664 1298 Manoe
1705 1243 2012 1313 contingit:

456 1359 474 1391 ι
516 1341 683 1395 Deum
713 1338 970 1400 vidimus,
1006 1355 1026 1389 δ
1058 1336 1235 1415 inquit
1264 1334 1310 1367 ⁵ο
1342 1374 1358 1399 ,
1398 1349 1522 1389 cum
1563 1342 1708 1390 esset
1742 1334 1795 1388 in
1844 1334 2021 1404 phan-

450 1433 591 1486 tasia
615 1429 730 1486 Dei.
777 1429 1022 1498 Denique
1068 1434 1303 1481 mortem
1336 1440 1555 1496 quoque
1601 1428 1817 1481 vocavit
1847 1424 2017 1479 David

447 1522 602 1577 illum
630 1520 858 1585 exitum,
892 1534 1016 1573 cum
1057 1519 1270 1588 inquit:
1308 1536 1327 1569 ι
1359 1517 1604 1571 Pretiosa
1629 1517 1684 1570 in
1716 1523 2018 1586 conspectu

447 1614 663 1669 Domini
702 1628 850 1667 mors
892 1622 1207 1667 sanctorum
1241 1609 1463 1685 ejus“.
1496 1628 1516 1660 ι
1549 1606 1713 1661 Vides
1742 1608 2019 1678 quomodo

448 1713 502 1761 et
530 1721 803 1771 somnum,
835 1711 889 1758 et
936 1703 1137 1767 cubile,
1173 1708 1228 1755 et
1260 1701 1481 1760 lectum,
1511 1708 1566 1753 et
1599 1708 1829 1753 mortem
1865 1699 2017 1753 illum

2119 509 2249 563 ὅταν
2278 509 2412 581 φησὶ
2451 507 2733 579 Σολομώνο
2773 529 2793 562 ι
2843 510 3136 581 Ἐξήκοντα
3167 510 3380 563 δυνατοὶ
3413 507 3697 564 κυκλοῦσιν

2118 603 2309 673 αὐτήν.
2325 621 2344 654 ι
2376 602 2544 655 Ὅταν
2564 601 2673 674 γὰρ
2689 604 2767 666 εἰς
2782 603 2842 656 τὸ
2868 604 3071 657 τέλειον
3095 602 3220 674 ἔλθῃ
3247 604 3277 656 δ
3301 603 3575 674 ἐνάρετος,
3608 620 3696 656 πε-

2121 696 2438 769 ρικυκλοῦσι
2489 698 2586 751 καὶ
2648 698 3086 769 περιστοιχοῦσιν
3139 698 3301 752 αὑτὸν
3359 699 3408 750 οἱ
3464 696 3699 762 δυνατοὶ,

2117 790 2236 861 ἦτοι
2257 790 2305 842 οἱ
2331 789 2569 858 ἄγγελοι,
2595 790 2737 843 κατὰ
2762 791 2853 844 τὸν
2876 790 3119 844 εἰπόντα·
3149 808 3168 841 ι
3206 789 3589 864 Προεωρὼμην
3612 787 3699 843 τὸν

2118 880 2322 953 Κύριον
2361 880 2591 935 ἐνώπιόν
2638 899 2743 953 μου
2772 882 2860 936 διὰ
2898 882 3118 946 παντὸς,
3149 882 3231 935 ὅτι
3271 882 3336 934 ἐκ
3378 879 3569 945 δεξιῶν
3600 897 3700 951 μου

2123 973 2298 1036 ἐστὶν,
2337 974 2425 1026 ἵνα
2464 973 2537 1045 μὴ
2587 973 2851 1027 σαλευθῶ.
2898 993 2917 1027 ι
2959 973 3112 1027 Φίλον
3144 973 3202 1026 δὲ
3229 976 3295 1045 τῇ
3344 972 3465 1048 θείᾳ
3513 973 3702 1045 Γραφῇ

2119 1063 2301 1115 καλεῖν
2333 1064 2427 1117 καὶ
2456 1062 2547 1115 τὸν
2578 1062 2809 1131 ἄγγελον
2840 1063 3065 1134 Κύριον,
3099 1063 3175 1126 ὡς
3209 1063 3303 1116 ἐπὶ
3331 1061 3426 1116 τοῦ
3463 1062 3702 1128 Μανωὲ,

2124 1173 2143 1204 ι
2181 1154 2315 1208 Θεὸν
2356 1154 2705 1225 ἑωράκαμεν,
2754 1174 2773 1206 ι
2823 1157 2882 1208 ἐν
2911 1154 3181 1227 φαντασίᾳ
3210 1154 3345 1208 Θεοῦ
3385 1154 3701 1223 γενομένου.

2118 1245 2359 1300 Θάνατον
2413 1247 2473 1300 δέ
2520 1247 2682 1301 πάλιν
2718 1248 2940 1319 εἴρηκεν
2992 1247 3160 1318 αὐτὴν
3207 1249 3236 1301 ὁ
3281 1246 3444 1300 Δαϐὶδ
3498 1246 3699 1299 εἰπών·

2127 1357 2146 1391 ι
2188 1338 2383 1410 Τίμιος
2418 1339 2660 1394 ἐναντίον
2693 1339 2899 1411 Κυρίου
2936 1342 2964 1394 ὀ
2999 1340 3229 1403 θάνατος
3264 1339 3373 1393 τῶν
3402 1340 3567 1393 ὁσίων
3604 1339 3704 1393 αῦο

2118 1430 2234 1486 τοῦ.
2272 1451 2290 1483 ι
2318 1428 2474 1495 Εἶδες
2498 1431 2616 1496 πῶς
2645 1433 2739 1486 κα)⁸
2777 1432 2963 1496 ὕπνον,
2997 1433 3091 1486 καὶ
3132 1432 3340 1503 κοίτην,
3373 1432 3466 1485 καὶ
3491 1431 3705 1503 κλίνην,

2121 1524 2216 1577 καὶ
2248 1523 2474 1578 θάνατον
2522 1523 2692 1595 αὐτὴν
2736 1523 2935 1590 ἔδειξεν
2982 1525 3015 1595 ἡ
3052 1523 3169 1577 θεία
3211 1524 3421 1595 Γραφή.
3466 1523 3706 1577 Θάνατον

2120 1615 2179 1668 δέ
2203 1614 2409 1686 ταύτην
2438 1613 2660 1686 εἴρηκεν
2678 1655 2692 1680 ,
2721 1614 2802 1667 ὅτι
2828 1615 2857 1666 ὁ
2883 1614 3168 1669 ἀποθανὼν
3214 1614 3556 1668 δεδικαίωται
3598 1613 3707 1667 ἀπὸ

2120 1706 2220 1777 τῆς
2265 1706 2560 1778 ἁμαρτίας.
2603 1706 2814 1778 Ὥσπερ
2845 1705 2954 1777 γὰρ
2983 1705 3075 1759 τὸν
3111 1703 3380 1758 τεθνεῶτα
3427 1705 3527 1757 οὐκ
3560 1704 3708 1758 ἐστιν

446 1812 569 1852 esse
615 1794 914 1851 ostenderit
960 1794 1145 1848 divina
1192 1790 1515 1861 Scriptura?
1563 1789 1790 1846 Mortem
1836 1798 2014 1844 autem

2125 1796 2451 1868 ἐπιστρέψαι
2498 1797 2558 1848 ἐν
2601 1796 2700 1866 βίῳ
2745 1797 2838 1848 καὶ
2870 1795 3188 1866 ἁμαρτῆσαι
3227 1795 3327 1847 οὐκ
3364 1793 3479 1847 ἕτιο
3531 1792 3707 1857 οὕτως

447 1890 596 1945 illam
631 1888 949 1951 nominavit,
981 1886 1124 1956 quod
1163 1885 1253 1941 ille
1290 1886 1384 1956 qui
1419 1893 1669 1940 mortuus
1696 1892 1781 1939 est
1816 1883 2022 1953 justiﬁ-

448 1990 603 2036 eatus
634 1983 705 2035 sit
739 1995 769 2033 a
792 1985 1035 2050 peccato.
1067 1976 1537 2042 Quemadmodum
1568 1976 1712 2031 enim
1744 1976 1839 2046 qui
1874 1991 2021 2031 moro

446 2082 577 2127 tuus
626 2079 730 2134 est,
787 2085 897 2124 non
947 2076 1127 2139 potest
1170 2083 1364 2124 rursus
1396 2069 1595 2123 reverti
1650 2069 1706 2122 in
1751 2068 1919 2122 vitam
1966 2075 2021 2122 et

449 2164 684 2233 amplius
717 2177 975 2233 peccare;
1024 2160 1099 2213 ita
1132 2160 1225 2230 qui
1272 2162 1413 2230 apud
1452 2159 1619 2215 Deum
1665 2161 1769 2215 hoc
1812 2160 2021 2215 honore

448 2256 645 2325 dignus
673 2264 757 2309 est
779 2253 1018 2317 habitus,
1052 2267 1161 2307 non
1199 2259 1378 2323 potest
1416 2252 1784 2317 retrocedere,
1822 2252 1915 2307 sed
1941 2252 2019 2306 ait

447 2361 574 2402 cum
614 2345 818 2400 David:
850 2364 868 2396 ι
897 2344 1157 2400 Dominus
1187 2345 1513 2400 illuminatio
1548 2359 1668 2399 mea
1694 2352 1748 2399 et
1779 2344 2022 2399 salvator

448 2453 622 2501 meus,
644 2452 806 2507 quem
833 2436 1034 2491 timebo
1047 2437 1134 2490 υτ
1156 2456 1175 2487 ι
1204 2434 1268 2491 Ει
1289 2450 1416 2490 eum
1445 2435 1611 2489 Paulo
1636 2454 1650 2490 :
1675 2452 1692 2485 ι
1720 2433 1846 2490 Sive
1867 2449 2024 2489 nam-

448 2539 554 2599 qhe
595 2529 863 2592 vivimus,
901 2528 1017 2583 sive
1064 2528 1368 2593 morimur,
1413 2526 1628 2581 Domini
1677 2542 1869 2582 sumus
1892 2526 1957 2578 “.
1995 2543 2016 2578 ι

447 2619 515 2674 Et
543 2635 771 2675 rursus:
803 2639 822 2671 ι
855 2618 989 2674 Vivo
1020 2628 1202 2675 autem
1227 2621 1341 2690 jam
1374 2634 1482 2674 non
1522 2634 1645 2689 ego,
1683 2617 1778 2673 sed
1806 2618 1939 2673 vivit
1965 2618 2021 2673 in

446 2727 536 2768 me
564 2712 857 2768 Christus:
884 2712 1032 2783 quod
1066 2726 1198 2767 vero
1233 2726 1380 2765 nunc
1424 2710 1479 2764 in
1505 2726 1671 2766 carne
1710 2711 1856 2776 vivo,
1897 2712 2024 2766 vivo

2126 1889 2247 1941 οὐδὲ
2272 1888 2364 1941 τὸν
2398 1887 2541 1941 οὕτω
2568 1887 2975 1954 καταξιωθέντα
3009 1888 3109 1941 οὐκ
3146 1887 3292 1940 ἔστιν
3329 1888 3409 1950 είς
3433 1886 3502 1940 τὰ
3529 1886 3711 1940 ὀπίσω

2129 1982 2452 2053 στραφῆναι,
2493 1980 2629 2034 ἀλλὰ
2684 1981 2829 2051 λέγει
2881 1982 3020 2051 μετὰ
3062 1981 3157 2034 τοῦ
3202 1981 3394 2034 Δαϐίδ·
3442 2000 3461 2032 ι
3503 1980 3711 2051 Κύριος

2128 2072 2405 2142 φωτισμός
2438 2088 2536 2143 μου
2566 2072 2661 2126 καλ⁵
2686 2074 2867 2144 σωτήρ
2900 2091 3000 2144 μου
3023 2114 3037 2139 ,
3072 2074 3192 2127 τίνα
3220 2073 3634 2145 φοόηθησομαι;
3687 2091 3710 2123 ι

2130 2162 2267 2234 μετὰ
2303 2163 2359 2216 δέ
2392 2164 2487 2217 τοῦ
2516 2162 2731 2216 Παύλου
2752 2180 2765 2193 ’
2813 2180 2833 2213 ι
2889 2163 3015 2217 Ἐάν
3057 2181 3115 2217 τε
3142 2164 3249 2233 γὰρ
3289 2162 3493 2234 ζῶμεν,
3522 2163 3617 2217 ἐάν
3651 2181 3712 2217 τε

2125 2254 2581 2326 ἀποθνήσκωμεν,
2613 2255 2707 2309 τοῦ
2734 2256 2937 2328 Κυρίου
2962 2257 3153 2325 ἐσμέψ
3192 2275 3210 2308 ι
3239 2256 3333 2309 καὶ
3355 2255 3535 2309 πάλιν·
3574 2274 3592 2307 ι
3624 2256 3712 2309 Ζῶ

2125 2345 2182 2399 δέ
2203 2346 2302 2399 οὐκ
2332 2346 2410 2400 ἐτι
2438 2345 2569 2415 ἐγὼ,
2606 2346 2670 2418 ζῇ
2705 2347 2762 2400 δὲ
2807 2352 2864 2401 ἐν
2898 2350 3019 2419 ἐμοὶ
3045 2349 3296 2418 Χριστός.
3330 2349 3395 2400 Ὃ
3417 2347 3473 2399 δὲ
3505 2347 3600 2400 νῦν
3631 2348 3712 2412 ζῶ

2126 2438 2185 2491 ἐν
2215 2440 2397 2509 σαρκὶ,
2434 2440 2491 2492 ἐν
2521 2440 2701 2493 πίστει
2740 2440 2840 2505 ζῶ.
2891 2460 2909 2492 ι
2940 2442 3035 2504 Εἰς
3066 2441 3225 2494 τοῦτο
3248 2440 3630 2505 τελειωθέντες
3661 2446 3711 2496 οί

2127 2528 2302 2597 ἆγιοι,
2353 2531 2772 2603 κατεφρόνησαν
2816 2532 2909 2585 τὸν
2955 2532 3192 2603 κόσμον,
3241 2534 3334 2586 καὶ
3371 2534 3468 2603 οὐχ
3517 2533 3711 2604 ἡδονὴν

2128 2621 2360 2691 ἡγοῦντο
2386 2622 2484 2694 τὴν
2529 2623 2723 2694 ἡδονὴν
2755 2623 2848 2677 τοῦ
2889 2625 3095 2695 κόσμου
3124 2626 3337 2679 τούτου.
3374 2628 3437 2679 υἱ
3478 2625 3538 2679 δὲ
3572 2627 3711 2698 μάρ-
3732 2640 3750 2655 ’

2126 2729 2289 2785 τυρες
2314 2713 2413 2777 τὰς
2446 2714 2715 2785 βασάνους
2749 2718 3183 2789 κατεφρόνησαν.

445 2809 505 2863 in
551 2809 656 2865 ﬁde
678 2810 745 2863 ιθ.
778 2828 797 2862 ι
840 2808 1184 2880 Quapropter
1233 2809 1409 2864 sancti
1450 2823 1513 2863 ea
1548 2809 1603 2863 in
1642 2824 1701 2863 re
1731 2807 2014 2879 'perl‘eeti,
2053 2809 2318 2865 mundum
2362 2820 2830 2884 contempserunt,
2860 2822 2914 2870 et
2956 2814 3121 2886 hujus
3154 2814 3342 2870 mundi
3377 2815 3708 2887 voluptates.

446 2905 514 2960 Et
552 2908 725 2961 sancti
759 2916 1027 2977 martyres
1053 2907 1216 2960 etiam
1246 2912 1621 2975 contempsere
1647 2912 1920 2961 tormenta

516 2998 845 3055 Pnorosmo
872 2998 985 3053 XC.
1017 3017 1036 3049 ι
1067 2998 1440 3052 Exaltationes
1472 2997 1566 3051 Dei
1597 2998 1653 3051 in
1679 3006 1897 3068 gutture
1920 3011 2014 3052 eo-

2190 2994 2458 3067 Κείμενον
2481 2999 2551 3063 ις’.
2586 3013 2605 3047 ι
2640 2996 2705 3048 Δί
2733 2995 2970 3066 ὑψώσεις
2993 2995 3086 3051 τοῦ
3118 2997 3252 3051 Θεοῦ
3279 3000 3336 3052 ἐν
3367 2999 3445 3070 τῷ
3472 3000 3714 3072 λάρυγγι

446 3106 570 3147 rum
595 3130 613 3158 ,
645 3100 699 3148 et
737 3092 902 3162 gladii
932 3092 1199 3161 ancipites
1230 3092 1286 3145 in
1316 3090 1570 3145 manibus
1593 3104 1779 3145 eorum
1803 3090 1868 3143 "’.
1898 3108 1919 3142 ι

518 3181 737 3236 Iurene.
772 3180 1143 3234 Exaltationes
1185 3179 1307 3244 Dei,
1355 3187 1485 3235 sunt
1515 3180 1781 3235 doctrina:
1807 3181 1942 3251 legis
1971 3188 2025 3235 et

448 3279 654 3327 statuta
706 3270 1032 3341 spiritualia.
1077 3269 1149 3325 Ut
1199 3271 1346 3326 enim
1402 3271 1716 3340 spirituales
1769 3272 2025 3327 doctores

448 3364 652 3419 habent
680 3378 711 3417 a
750 3364 956 3433 Spiritu
1001 3373 1193 3418 saneto
1223 3363 1367 3418 dona
1418 3363 1646 3435 gratim,
1698 3364 1753 3419 in
1803 3356 2025 3436 gutture

449 3472 574 3519 suo,
606 3455 660 3509 id
701 3462 786 3511 est
840 3455 895 3509 in
929 3470 1025 3510 ore
1058 3470 1159 3509 suo
1182 3462 1237 3510 et
1273 3456 1329 3509 in
1357 3455 1542 3525 lingua
1586 3469 1706 3520 sua,
1742 3465 1796 3511 et
1824 3457 2024 3511 docent

449 3547 742 3617 popuium;
788 3547 1054 3615 ancipites
1089 3556 1272 3600 autem
1306 3546 1472 3617 gladii
1508 3555 1639 3603 sunt
1687 3548 1797 3602 duo
1831 3546 2023 3603 Testa-

449 3646 654 3702 menta,
679 3647 835 3694 vetus
861 3649 915 3694 et
944 3654 1082 3695 nova
1115 3640 1232 3707 lex;
1265 3655 1391 3694 nam
1422 3640 1566 3695 sicut
1602 3642 1758 3696 miles
1783 3641 2022 3712 gladium

449 3732 742 3801 ancipitem
772 3733 1017 3797 vibrans,
1062 3732 1313 3788 inimicos
1349 3734 1636 3796 interimit,
1668 3743 1722 3788 et
1760 3735 2020 3804 populum

450 3833 663 3892 tuetur;
712 3825 793 3879 sie
840 3825 1001 3879 etiam
1056 3824 1308 3880 doctores
1354 3827 1704 3895 spirituales,
1753 3827 2021 3897 ancipites

451 3915 652 3969 habent
697 3914 1271 3987 gladiosL-doctrinas
1300 3915 1515 3973 Veteris
1545 3925 1598 3973 et
1648 3917 1783 3973 Novi
1828 3917 2022 3973 Testa-

447 4005 640 4071 menti,
675 4023 773 4077 per
821 4023 958 4078 quas
1016 4008 1314 4063 vindictam
1366 4017 1591 4063 sumunt
1638 4010 1693 4063 in
1741 4010 2016 4080 gentibus,

448 4098 681 4166 illasque
709 4096 764 4150 in
792 4096 1120 4166 supplicium
1151 4098 1473 4168 conjiciunt,
1503 4099 1857 4155 immittentes
1880 4100 2017 4153 iram

448 4201 481 4240 a
517 4186 647 4251 Deo,
678 4202 777 4257 per
806 4201 936 4242 suas
959 4187 1025 4241 ad
1063 4186 1232 4243 Deum
1267 4190 1717 4259 supplicationes.
1753 4188 2019 4246 Similiter

2126 3085 2305 3138 αὐτῶν
2321 3124 2334 3149 ,
2358 3086 2451 3139 καὶ
2476 3088 2741 3157 ῥομφαῖαι
2763 3085 3002 3157 δίστομοι
3035 3089 3093 3141 ἐν
3114 3091 3231 3151 ταῖς
3250 3091 3441 3160 χερσὶν
3454 3093 3652 3146 αὐτῶν.
3687 3114 3707 3146 ι

2205 3178 2435 3249 Ἑρμῆν.
2490 3176 2757 3247 ’Υψώσεις
2809 3178 2904 3231 τοῦ
2966 3178 3101 3231 Θεοῦ
3154 3181 3291 3232 εἰσιν
3341 3182 3399 3234 αἱ
3455 3182 3713 3239 διδασκα·

2124 3268 2235 3322 λίαι
2263 3269 2356 3323 τοῦ
2388 3270 2553 3341 νόμου
2582 3270 2678 3323 καὶ
2704 3272 2759 3323 αἱ
2793 3271 3161 3340 πνευματικαὶ
3182 3271 3457 3337 διατάξεις
3476 3291 3488 3303 ·
3519 3275 3712 3348 ὥσπερ

2124 3361 2233 3433 γάρ
2270 3361 2484 3432 ἔχουσιν
2512 3364 2563 3416 οἱ
2597 3365 2958 3433 πνευματικοὶ
2986 3363 3293 3418 διδάσκαλοι
3328 3366 3393 3418 ἐκ
3422 3366 3515 3419 τοῦ
3551 3368 3711 3435 ἁγίου

2123 3455 2440 3526 Πνεύματος
2462 3456 2778 3527 χαρίσματα
2808 3456 3025 3527 δωρεῶν
3053 3458 3111 3511 ἐν
3137 3456 3215 3527 τῷ
3244 3457 3478 3530 λάρυγγι
3505 3458 3709 3526 αὐτῶν,

2122 3547 2239 3617 ἦτοι
2385 3548 2612 3618 στόματι
2651 3547 2830 3601 αὐτῶν
2871 3548 2963 3601 καὶ
3001 3550 3067 3618 τῇ
3107 3548 3326 3622 γλώσσῃ
3352 3589 3366 3612 ,
3416 3552 3509 3603 καὶ
3560 3551 3713 3604 διδά-

2124 3653 2312 3691 σκουσι
2369 3638 2459 3690 τὸν
2508 3637 2669 3690 λαόν·
2724 3640 2989 3709 ρομφαίαι
3034 3638 3277 3708 δίστομοί
3325 3642 3464 3695 εἰσιν
3508 3643 3565 3694 αἱ
3616 3641 3718 3696 δύο

2121 3726 2406 3798 Διαθῆκαι,
2440 3728 2469 3780 ὁ
2501 3726 2729 3791 παλαιὸς
2758 3729 2924 3798 νόμος
2964 3728 3060 3781 καὶ
3102 3730 3132 3781 ὁ
3169 3728 3287 3792 νέος
3312 3745 3326 3759 ο
3377 3729 3570 3802 ὥσπερ
3601 3732 3714 3805 γὰρ

2119 3822 2148 3873 ὁ
2196 3818 2568 3891 στρατιώτης,
2617 3819 2901 3890 βαστάζων
2940 3820 3090 3889 ξίφος
3136 3820 3407 3891 δίστομον,
3452 3823 3582 3885 τοὺς
3616 3824 3705 3893 ἑχο

2120 3908 2281 3980 θροῦς
2312 3911 2681 3980 κατασφάττει
2712 3909 2919 3964 καὶτὸν
2945 3909 3073 3963 λαὸν
3108 3909 3387 3975 διαοῑπώζζει⁹
3417 3911 3594 3975 οὕτως
3618 3915 3719 3967 καὶ

2118 4004 2167 4055 οἱ
2184 4003 2542 4073 πνευματικοὶ
2563 4001 2874 4056 διδάσκαλοι
2894 4003 3169 4072 ῥομφαίας
3189 4004 3478 4074 διστόμους
3498 4004 3712 4075 ἔχουσι,

2116 4094 2185 4148 τὰ
2215 4094 2521 4165 διδάγματα
2561 4094 2662 4165 τῆς
2691 4094 2934 4157 Παλαιᾶς
2976 4096 3070 4148 καὶ
3112 4095 3257 4160 Νέας
3292 4095 3593 4167 Διαθήκης,
3641 4097 3714 4151 δι’

2116 4180 2477 4244 ὦνποιοῦσιν
2516 4187 2800 4259 ἐκδίκησιν
2830 4190 2887 4241 ἐν
2914 4190 3028 4252 τοῖς
3061 4187 3261 4252 ἐθνεσι,
3298 4190 3393 4243 καὶ
3421 4191 3502 4253 είς
3532 4207 3717 4260 τιμω-

447 4290 667 4345 quoque
706 4290 1051 4329 communem
1097 4276 1358 4345 populum
1391 4275 1629 4331 ﬁdelium
1679 4275 2014 4346 redarguunt

2124 4278 2236 4349 ρίαν
2264 4279 2290 4329 ἐ
2298 4277 2623 4348 μ6άλλουσιν
2645 4278 2863 4340 αὐτοὺς,
2889 4278 3308 4341 ἀποστέλλοντες
3331 4280 3514 4342 αὐτοῖς
3533 4280 3716 4352 ὀργὴν

440 4376 503 4423 et
531 4367 827 4422 instituunt
856 4367 923 4420 ad
958 4368 1184 4422 bonum.
1223 4367 1453 4433 Quando
1481 4383 1616 4422 vero
1647 4383 1757 4421 non
1791 4370 2014 4423 audiunt

2124 4348 2226 4421 άπὸ
2249 4367 2344 4421 τοῦ
2370 4368 2528 4432 Θεοῦ,
2559 4368 2649 4421 διὰ
2668 4369 2768 4440 τῆς
2812 4370 3092 4440 ἱκετηρίας
3125 4370 3226 4440 τῆς
3253 4371 3389 4441 πρὸς
3413 4371 3506 4423 τὸν
3543 4348 3704 4425 Θεόν.

447 4476 565 4525 eos,
602 4461 695 4515 sed
724 4460 868 4514 bono
898 4460 1258 4515 adversantur
1287 4468 1451 4530 atque
1488 4468 1847 4515 contemnunt
1870 4461 2014 4526 illos,

2133 4461 2406 4524 Ὡσαύτως
2435 4462 2530 4514 καὶ
2556 4459 2648 4514 τὸν
2678 4461 2856 4514 κοινὸν
2884 4461 3011 4515 λαὸν
3042 4462 3151 4514 τῶν
3186 4462 3389 4515 πιστῶν
3422 4463 3719 4533 ἐλέγχουσι

445 4562 581 4607 tune
600 4553 765 4607 etiam
803 4551 938 4620 ipsis
982 4551 1285 4606 immittunt
1344 4553 1674 4623 supplicium
1726 4568 1825 4622 per
1859 4567 2014 4608 suam

2124 4554 2215 4607 καὶ
2240 4553 2580 4606 διδάσκουσιν
2602 4554 2681 4615 είς
2706 4553 2767 4606 τὸ
2793 4554 3013 4622 ἀγαθόν.
3054 4555 3219 4607 Ὅταν
3260 4554 3318 4607 δέ
3352 4555 3425 4626 μὴ
3455 4556 3715 4610 ἀκούσω-

445 4644 890 4715 deprecationem
937 4643 1006 4697 ad
1041 4643 1475 4713 resipiscentiam
1498 4683 1513 4707 ,
1545 4655 1605 4699 ut
1636 4645 1892 4699 videlicet
1922 4659 2014 4700 ea-

2124 4661 2206 4697 σιν
2235 4643 2442 4707 αὐτῶν,
2474 4643 2589 4697 ἀλλ’
2632 4644 3001 4698 ἐναντιοῦνται
3029 4645 3088 4698 τὸ
3130 4645 3356 4714 ἀγαθὸν,
3398 4647 3494 4701 καὶ
3539 4664 3717 4701 κατα-

446 4737 630 4807 stigati
653 4736 869 4791 discant
895 4750 1004 4790 non
1026 4736 1448 4806 inobsequentes
1463 4752 1584 4793 esse
1600 4736 1706 4792 Deo
1727 4745 1781 4792 et
1803 4736 1897 4791 Dei
1921 4737 2014 4791 mi-

2124 4734 2407 4806 φρονοῦσιν
2444 4732 2646 4799 αὐτῶν,
2685 4734 2806 4787 τότε
2838 4735 2932 4788 καὶ¹
2960 4734 3145 4797 αὐτοῖς
3180 4734 3575 4788 ἀποστέλλουσι
3620 4734 3719 4788 διὰ

445 4828 660 4884 nistris.
684 4825 821 4880 Nam
846 4828 937 4898 qui
988 4827 1298 4897 spirituales
1339 4828 1588 4883 homines
1633 4829 1805 4894 audit,
1844 4828 2013 4883 Deum

2124 4827 2427 4897 προσευχῆς
2471 4825 2740 4897 τιμωρίαν
2782 4826 2919 4897 πρὸς
2948 4827 3360 4897 σωφρονισμὸν,
3396 4827 3548 4890 ὅπως
3578 4844 3718 4881 παι-

445 4922 599 4975 audit
624 4922 694 4985 “,
725 4919 1186 4991 quemadmodum
1228 4921 1365 4975 dixit
1396 4921 1511 4990 ipse
1535 4919 1805 4975 Christus.
1831 4919 2014 4989 Neque

2124 4916 2395 4979 δευθέντες
2419 4915 2880 4984 σωφρονισθῶσιν,
2912 4915 2986 4986 μὴ
3018 4916 3352 4986 παρακούειν
3377 4915 3539 4982 Θεοῦ,
3565 4918 3717 4990 μήτε

442 5014 591 5069 enim
628 5011 693 5065 ad
724 5013 1030 5075 interitum,
1058 5011 1152 5065 sed
1187 5011 1253 5064 ad
1286 5011 1577 5064 utilitatem
1603 5009 1872 5079 ipsorum,
1902 5010 2014 5079 spi-

2124 5007 2224 5059 τῶν
2260 5006 2608 5077 θεραπόντων
2651 5004 2813 5058 αὐτοῦ
2836 5022 2849 5035 ·
2885 5006 3019 5059 ὃτιὸ
3060 5006 3277 5060 ἀκούων
3311 5007 3718 5079 πνευματικῶν

442 5106 670 5161 rituales
723 5105 801 5158 illi
832 5104 1245 5174 castigationem
1292 5102 1580 5165 inducunt,
1613 5101 1680 5155 ad
1714 5102 2014 5155 correctio-

2124 5098 2323 5170 ἅνδρῶν
2356 5096 2544 5151 ἀκούει
2590 5096 2749 5160 Θεοῦ,
2791 5096 2974 5161 καθὼς
3022 5099 3242 5171 εἴρηκεν
3270 5099 3299 5151 ὁ
3330 5097 3593 5170 Χριστός.
3634 5099 3715 5153 Οὐ

443 5211 564 5249 nem
612 5195 739 5250 boni
774 5202 830 5250 et
868 5194 936 5248 ad
974 5194 1202 5265 gloriam
1232 5192 1348 5258 Dei,
1381 5201 1640 5262 tanquam
1689 5197 1933 5245 amantes
1959 5197 2014 5244 et

2124 5189 2227 5260 γὰρ
2256 5189 2389 5261 πρὸς
2426 5188 2647 5260 βλάϐην,
2681 5188 2817 5242 ἀλλὰ
2846 5189 2981 5260 πρὸς
3013 5189 3279 5258 ὠφέλειαν
3308 5191 3577 5259 ἐπάγουσι
3608 5190 3713 5261 τὴν

442 5290 649 5342 ultores
682 5287 798 5355 Dei,
834 5302 1130 5356 osoresque
1164 5286 1313 5339 mali.

2124 5279 2368 5333 παιδείαν
2395 5280 2442 5332 οἱ
2479 5279 2858 5349 πνευματικοὶ,
2886 5280 3140 5351 καὶπρὸς
3160 5281 3444 5353 διόρθωσιν
3466 5280 3713 5351 ἀγαθοῦ,

393 5391 397 5399 ’
441 5382 520 5444 είς
557 5380 713 5447 δόξαν
748 5380 905 5444 Θεοῦ,
938 5382 1012 5444 ὼς
1059 5381 1296 5452 ζηλωταὶ
1343 5383 1433 5434 καὶ
1475 5380 1757 5450 ἐκδικηταὶ
1792 5376 1883 5433 τοῦ
1920 5374 2077 5443 Θεοῦ,
2126 5377 2218 5429 καὶ
2257 5376 2481 5446 μισηταὶ
2530 5373 2624 5428 τοῦ
2660 5374 2853 5431 κακοῦ.

511 5620 558 5652 ³⁸
594 5620 754 5676 Cant.
790 5637 881 5680 ιιι,
940 5622 988 5674 7.
1066 5623 1109 5655 ³⁹
1149 5621 1293 5676 Psal.
1326 5638 1416 5677 xv.
1458 5622 1506 5675 7.

442 5706 553 5754 xw,
587 5690 640 5743 8.
715 5690 761 5721 “
798 5691 972 5743 Galat.
1010 5707 1082 5755 ll,
1118 5692 1207 5747 9.0.
1281 5693 1327 5723 ’⁵⁸

1597 5622 1641 5654 ⁸ο
1678 5619 1857 5675 Judie.
1890 5635 2014 5674 xm.

2124 5628 2150 5675 ε.
2229 5620 2272 5653 ⁸⁸
2314 5619 2459 5677 Psal.
2492 5637 2619 5689 cxv,
2654 5623 2742 5677 Η.
2818 5622 2862 5654 δ’
2900 5620 3046 5677 Psal.
3087 5639 3247 5688 nvi,
3286 5623 3337 5678 1.
3412 5621 3461 5657 δ’
3538 5623 3711 5679 Rom.

1401 5692 1541 5748 l’sal.
1577 5709 1768 5755 cxux,
1803 5692 1855 5745 6.
1935 5692 1981 5722 "
2019 5692 2153 5747 Luc.
2194 5709 2320 5755 vm,
2357 5692 2444 5749 12.
