3852 6192
473 326 580 385 735

1606 325 1666 383 S.
1701 324 2166 383 ATHANASIUS.
2201 357 2272 369 —
2311 327 2586 384 SPURIA.

3615 332 3721 387 756

474 451 673 510 feceris
695 450 920 521 aliquid,
955 449 1102 521 quod
1140 451 1208 506 ad
1239 451 1470 507 salutem
1493 444 1681 507 fratris
1708 451 1785 505 tui
1815 461 2031 519 spectet.1

2149 450 2235 504 τοῦ
2265 450 2497 521 ἀδελφοῦ
2532 469 2648 515 σου,
2704 452 2797 506 καὶ
2850 452 3051 516 πάντες
3109 451 3433 523 μέμφονται,
3463 448 3602 505 τὸδὲ
3630 449 3723 503 σὺν

475 543 693 600 etiamsi
726 543 780 598 id
825 556 1020 598 omnes
1058 542 1337 607 incusent,
1379 543 1428 597 si
1476 550 1568 598 tua
1609 550 1666 598 te
1700 540 2041 597 conscientia

475 653 585 696 non
616 638 965 703 condemnat,
997 639 1188 693 beatus
1213 652 1294 692 es.

548 730 769 796 Quss'r.
798 729 961 784 XCV.
1000 728 1141 796 Quid
1161 737 1270 794 est,
1302 729 1449 799 quod
1476 729 1689 800 inquit:
1722 748 1739 782 ι
1770 728 2040 796 Quoniam

472 831 529 877 et
553 821 727 877 .Iudzei
763 824 973 893 signum
1004 829 1216 892 petunt,
1252 829 1307 876 et
1342 820 1515 876 Graeci
1542 822 1865 891 sapientiam
1888 836 2042 893 quaa-

472 920 603 968 runt
646 932 660 968 :
707 927 810 967 nos
869 918 1051 966 autem
1100 911 1459 981 praedicamus
1510 908 1792 965 Christum
1857 910 2041 964 cruci-

474 1008 640 1060 ﬁxum
662 1004 746 1059 "?
780 1024 799 1058 ι

545 1096 710 1152 Βεει».
765 1095 822 1150 Si
863 1093 1181 1160 dixerimus,
1222 1094 1419 1166 inquit,
1448 1092 1635 1149 Iudaeo
1679 1092 1915 1158 :Crede,
1955 1106 2041 1146 re-

476 1187 731 1258 spondet,
781 1188 1012 1243 excitate
1054 1194 1320 1250 mortuos,
1379 1187 1671 1243 medemini
1708 1185 1935 1242 insanis.
1981 1182 2039 1239 Si

475 1282 672 1335 Graeco
702 1280 844 1334 idem
875 1274 1142 1347 dicamus,
1177 1280 1311 1350 petit
1339 1294 1369 1333 a
1395 1280 1554 1336 nobis
1592 1278 1923 1333 rhetoricum
1951 1292 2042 1331 or-

471 1384 660 1428 natum
693 1374 747 1427 in
777 1373 980 1428 verbis.
1010 1370 1121 1427 Nos
1154 1380 1335 1427 autem
1366 1371 1728 1441 prardicamus
1757 1368 2037 1423 Christum

470 1465 816 1531 cruciﬁxum,
857 1464 950 1534 qui
985 1472 1071 1519 est
1108 1464 1386 1535 signorum
1422 1464 1688 1535 potentia,
1730 1472 1784 1517 et
1822 1463 2042 1532 sapien-

470 1559 558 1611 tiae
583 1557 828 1627 pelagus.
859 1554 1064 1611 Verum
1084 1555 1187 1626 ipsi
1210 1554 1427 1626 quidem
1452 1554 1801 1611 oﬂ‘enduntur
1825 1561 1880 1609 et
1911 1554 2043 1609 stul-

467 1632 579 1702 tam
610 1655 866 1718 reputant
900 1646 1361 1717 praedicationem,
1393 1646 1613 1715 quando
1646 1644 1814 1699 Deum
1854 1643 2038 1699 cruci-

467 1739 637 1792 ﬁxum
669 1754 792 1793 esse
819 1738 1047 1793 audiunt
1080 1756 1095 1793 :
1124 1736 1271 1808 quod
1295 1744 1479 1792 tamen
1500 1753 1609 1791 non
1648 1737 1877 1803 mirum;
1909 1751 2035 1789 nam

464 1829 560 1900 qui
599 1828 833 1883 inﬁrmis
863 1836 992 1884 sunt
1022 1830 1217 1893 oculis,
1270 1844 1380 1884 non
1426 1837 1657 1899 possunt
1686 1844 1822 1898 pure
1850 1827 2039 1883 videre

466 1921 659 1976 solem.
690 1920 773 1975 Ad
800 1919 1055 1975 eumdem
1077 1919 1298 1975 modum
1327 1924 1491 1975 etiam
1524 1920 1637 1975 isti.
1663 1918 1799 1975 Illud
1830 1928 2034 1983 autem,

470 2030 492 2065 ι
523 2011 683 2079 Quod
726 2012 955 2069 stultum
1007 2019 1093 2069 est
1144 2012 1262 2076 Dei,
1321 2012 1625 2082 sapientius
1661 2022 1746 2067 est
1798 2011 2037 2067 homini-

466 2104 636 2161 nibus
655 2103 728 2169 “,
754 2123 774 2157 ι
807 2103 878 2160 de
896 2118 1063 2159 cruce
1081 2103 1344 2172 loquitur.
1372 2103 1506 2156 Nam
1536 2103 1813 2173 sapientes
1841 2108 1896 2158 et
1916 2101 2038 2172 phi-

468 2196 681 2266 losophi
718 2196 883 2250 etiam
908 2195 1339 2265 praestantiores,
1368 2193 1604 2249 inaniter
1633 2194 1953 2249 laborarunt
1981 2198 2038 2247 et

465 2287 715 2357 occupati
738 2285 983 2353 fuerunt,
1012 2301 1115 2342 nec
1144 2286 1442 2357 quidquam
1463 2286 1593 2340 boni
1626 2292 2033 2357 perpetrarunt.

464 2377 612 2434 Crux
639 2393 768 2434 vero
790 2393 952 2449 quam
975 2378 1055 2433 illi
1075 2379 1360 2433 stultitiam
1389 2379 1736 2448 reputabant,
1768 2377 2035 2433 mundum

460 2471 676 2524 salvum
712 2469 841 2525 fecit
870 2477 962 2525 :et
985 2479 1268 2540 propterea
1294 2469 1550 2526 omnibus
1581 2470 1882 2540 sapientior
1914 2476 1999 2525 est
2017 2510 2033 2537 ,

462 2577 530 2616 eo
565 2561 711 2630 quod
739 2567 892 2615 tanta
919 2560 1064 2616 bona
1091 2567 1315 2630 operata
1346 2560 1438 2616 sit.

533 2649 928 2722 274mm“.
962 2649 1145 2705 XCVI.
1182 2648 1464 2716 Quomodo
1488 2665 1616 2706 vero
1645 2649 1810 2705 dicit:
1837 2669 1855 2701 ι
1877 2648 2035 2717 Quod

464 2738 744 2794 inﬁrmum
780 2747 865 2795 est
894 2739 1017 2804 Dei,
1046 2739 1245 2795 fortius
1270 2748 1354 2795 est
1382 2740 1695 2795 hominibus
1716 2741 1804 2794 "?
1828 2760 1848 2793 ι

538 2831 703 2889 Rsse.
743 2830 1123 2887 Infirmitatem
1155 2831 1251 2887 Dei
1288 2839 1448 2886 vocat
1495 2848 1716 2888 sensum
1753 2832 2032 2902 apostolo-

461 2937 607 2986 rum,
638 2921 733 2993 qui
770 2922 1022 2978 homines
1059 2937 1183 2977 cum
1220 2929 1405 2977 essent
1435 2920 1622 2977 idiota:
1647 2930 1702 2977 et
1740 2921 2031 2988 illitterati,

452 3025 647 3069 tamen
687 3014 839 3071 brevi
884 3022 1131 3084 tempore
1182 3022 1354 3070 totum
1396 3016 1583 3070 orbem
1622 3014 1784 3085 quasi
1830 3029 2032 3086 sagena

2145 542 2381 607 συνειδὸς
2406 544 2465 596 οὐ
2496 543 2814 615 κατακρίνει
2848 560 2929 608 σε,
2966 544 3232 615 μακάριος
3251 538 3322 596 εἷ.

2227 716 2418 788 Ἐρώτ.
2452 715 2554 785 ιε’.
2586 717 2652 771 Τί
2683 718 2870 785 λέγει’
2909 736 2930 770 ι
2969 717 3185 789 Ἐπειδὴ
3214 716 3311 771 καὶ
3341 715 3586 770 Ἰουδαῖοι
3626 732 3724 785 ση-

2146 809 2295 876 μεῖον
2316 807 2549 871 αἰτοῦσι,
2607 808 2703 861 καὶ
2732 808 2990 878 ’Έλληνες
3025 807 3214 876 σοφίαν
3245 805 3497 878 ζητοῦσιν
3515 821 3532 836 ’
3560 807 3722 876 ἡμεῖς

2140 897 2197 951 δὲ
2228 898 2577 970 κηρύσσομεν
2608 899 2843 971 Χριστὸν
2864 898 3316 970 ὲσταυρωμὲνονς
3358 916 3378 950 ι

2223 1080 2412 1135 Ἀπόκ.
2458 1080 2585 1134 Ἐὰν
2618 1080 2880 1150 εἴπωμεν,
2938 1078 3121 1147 φησὶν,
3170 1075 3433 1145 Ἰουδαίῳ·
3486 1075 3721 1128 Πίστευ-

2143 1191 2264 1228 σον”
2295 1174 2464 1243 λέγει,
2523 1173 2888 1241 Ἀναστήσατε
2947 1172 3194 1242 νεκροὺς,
3227 1168 3449 1221 ίάσασθε
3482 1166 3721 1238 μαινῶν-

2139 1284 2258 1331 τας.
2288 1266 2413 1321 Ἐὰν
2445 1265 2502 1318 δὲ
2534 1265 2776 1334 εἴπωμεν
2806 1263 3050 1332 Ἕλληνι,
3069 1262 3292 1314 ἀπαιτεῖ
3321 1262 3451 1330 ἡμῖν
3497 1261 3721 1330 ῥητορι-

2139 1357 2234 1412 κὸν
2264 1357 2441 1426 λόγον.
2481 1357 2671 1427 Ἡμεῖς
2693 1355 2748 1408 δὲ
2776 1353 3124 1425 κηρύσσομεν
3156 1351 3391 1420 Χριστὸν
3445 1352 3725 1420 ὲσταυρω·

2143 1449 2324 1523 μένον,
2358 1450 2506 1511 ὅστις
2538 1447 2656 1501 ἐστὶ
2674 1446 2769 1501 καί¹
2790 1445 3018 1517 δύναμις
3042 1444 3152 1497 τῶν
3194 1443 3451 1514 σημείων,
3476 1442 3572 1495 καὶ
3621 1441 3721 1494 πέ-

2139 1540 2305 1608 λαγος
2332 1539 2432 1611 τῆς
2462 1539 2677 1608 σοφίας.
2714 1537 2851 1590 Ἀλλ’
2883 1539 3081 1591 ὲκεῖνοι
3122 1533 3587 1597 σκανδαλίζονται,
3626 1533 3721 1586 καὶ

2144 1631 2325 1703 μωρὸν
2358 1629 2615 1701 ἡγοῦνται
2640 1629 2702 1682 τὸ
2724 1631 3005 1700 κήρυγμα,
3040 1627 3327 1690 ἀκούοντες
3363 1625 3495 1679 Θεὸν
3527 1627 3723 1677 ἐσταυο

2144 1723 2418 1796 ρωμένον·
2460 1725 2553 1778 καὶ
2583 1722 2644 1777 οὐ
2701 1722 2920 1793 Θαῦμα,
2955 1722 3051 1774 καὶ
3108 1720 3217 1792 γὰρ
3273 1720 3324 1773 οί
3372 1717 3724 1781 ἀσθενοῦντες

2135 1819 2264 1880 τοὺς
2295 1815 2634 1887 ὀφθαλμοὺς,
2668 1815 2729 1867 οὐ
2755 1813 3007 1867 δύνανται
3033 1811 3251 1882 βλέπειν
3269 1810 3360 1863 τὸν
3378 1810 3529 1880 ἥλιον
3554 1809 3726 1862 καθα-

2138 1907 2281 1980 ρῶς·
2327 1906 2468 1961 οὕτω
2520 1908 2614 1960 καὶ
2661 1905 2836 1959 αὐτοί.
2866 1903 2941 1957 Τὸ
2982 1904 3062 1966 δὲ,
3106 1904 3187 1956 ὅτι
3223 1922 3243 1954 ι
3289 1902 3363 1956 Τὸ
3392 1901 3576 1973 μωρὸν
3624 1897 3723 1952 τοῦ

2135 1994 2273 2050 Θεοῦ
2323 1995 2630 2068 σοφώτερον
2681 1995 2791 2048 τῶν
2847 1992 3151 2065 ἀνθρώπων
3210 1993 3349 2056 ἐστὶ,
3376 2011 3394 2043 ι
3427 1992 3578 2060 λέγει
3630 1991 3727 2044 τὸν

2136 2089 2391 2161 σταυρόν.
2425 2087 2530 2142 Καὶ
2556 2089 2665 2160 γὰρ
2691 2090 2741 2141 οἱ
2774 2089 2927 2157 σοφοὶ
2955 2088 3050 2141 καὶ
3102 2085 3379 2156 φιλόσοφοι
3415 2086 3512 2138 καὶ
3544 2086 3594 2136 oi
3628 2083 3727 2136 δυ-

2135 2180 2288 2235 νατοὶ
2320 2182 2401 2243 εἰς
2456 2178 2660 2250 μάταια
2698 2178 3099 2251 ὴσχολήθησαν,
3155 2178 3252 2231 καὶ
3303 2175 3723 2246 ὲφιλοπόνησαν,

2134 2271 2228 2326 καὶ
2276 2272 2429 2325 οὐδὲν
2486 2270 2689 2340 ἀγαθὸν
2738 2269 3127 2342 κατώρθωσαν.
3175 2270 3237 2322 '0
3287 2268 3342 2322 δὲ
3378 2266 3636 2339 σταυρὸς,
3666 2267 3728 2321 ὃν

2135 2362 2382 2435 ἐνόμιζον
2406 2364 2603 2417 ἐκεῖνοι
2629 2362 2863 2433 μωρίαν,
2896 2362 2987 2414 τὸν
3013 2361 3215 2430 κόσμον
3250 2360 3420 2413 ἔσωσε
3443 2378 3456 2390 ·
3490 2359 3584 2412 καὶ
3634 2357 3726 2411 διὰ

2134 2452 2292 2508 τοῦτο
2320 2452 2626 2526 σοφώτερον
2648 2453 2865 2507 πάντων
2886 2453 3052 2518 ἐστὶν,
3080 2453 3161 2506 ὅτι
3194 2452 3406 2523 μεγάλα
3428 2450 3725 2523 εἰργάσατο

2133 2546 2335 2615 ἀγαθά.

2216 2637 2412 2709 Ἐρώτ.
2455 2641 2569 2704 ιιςθ.
2599 2637 2734 2701 Καὶ,
2778 2636 2883 2690 «Τὸ
2915 2634 3139 2701 ἀσθενὲς
3166 2635 3259 2688 τοῦ
3276 2633 3409 2687 Θεοῦ
3444 2633 3721 2706 ἰσχυρότε-

2135 2747 2228 2803 ρον
2251 2728 2360 2785 τῶν
2396 2728 2698 2802 ἀνθρώπων
2725 2730 2927 2794 ὲστὶν,ι
2959 2728 3103 2782 οὕτω
3122 2727 3292 2796 λέγει.

2217 2822 2407 2876 Ἀπόκ.
2450 2821 2700 2885 Ἀσθενὲς
2730 2820 2824 2874 τοῦ
2857 2820 2991 2875 Θεοῦ
3036 2820 3186 2889 λέγει
3235 2817 3343 2872 τῶν
3403 2818 3718 2873 ἀποστόλων

2131 2914 2193 2969 τὸ
2218 2915 2493 2987 φρόνημα,
2527 2916 2609 2968 ὅτι
2652 2915 2927 2987 ἄνθρωποι
2982 2912 3188 2966 ἰδιῶται
3219 2911 3312 2964 καὶ⁵
3363 2911 3720 2981 ἀγράμματοι

2130 3006 2191 3059 ὲν
2221 3006 2413 3078 βραχεῖ
2432 3004 2609 3077 καιρῷ
2629 3004 2730 3077 τὴν
2759 3004 3082 3074 οἰκουμένην
3103 3004 3473 3074 ὲσαγήνευσαν
3496 3001 3600 3069 (4),
3623 3001 3719 3054 καὶ

459 3104 773 3174 capientes,
805 3120 963 3177 reges
990 3114 1045 3163 et
1085 3105 1393 3176 principes,
1426 3106 1700 3176 sapientes
1723 3114 1778 3160 et
1812 3120 2031 3177 magna-

2149 3098 2393 3164 Βασιλεῖς,
2419 3098 2517 3151 καὶ¹
2561 3098 2849 3168 ἄρχοντας,
2895 3096 2991 3151 καὶ
3045 3095 3263 3165 σοφοὺς,
3300 3094 3393 3148 καὶ
3449 3093 3716 3156 δυνάστας

460 3202 543 3249 tes
573 3193 843 3250 devicere.

533 3280 701 3341 Prior.
754 3282 958 3339 XCVII.
1015 3284 1160 3350 Quid
1213 3292 1298 3340 est
1349 3284 1707 3341 illud;¢Sed
1758 3286 2034 3358 loquimur

459 3369 559 3429 Dei
581 3375 903 3444 sapientiam
925 3374 983 3429 in
1009 3374 1293 3445 mysterio,
1316 3390 1437 3445 quae
1460 3375 1782 3432 abscondita
1796 3376 1942 3431 est"
1958 3375 1984 3429 ἲ
2007 3397 2025 3430 ι

532 3461 697 3519 Resp.
739 3463 925 3532 Vides,
959 3466 1233 3535 quomodo
1264 3467 1508 3521 nominet
1534 3466 1650 3537 ipse
1680 3468 2027 3537 sapientiam,

460 3568 625 3626 quam
655 3555 824 3625 "prius
870 3556 1158 3611 stultitiam
1200 3563 1510 3612 vocaverat.
1555 3556 1770 3613 Etenim
1818 3566 2028 3629 myste-

463 3643 603 3698 tium
631 3644 867 3715 primum
893 3645 1357 3716 dispensationem
1385 3646 1539 3713 dicit,
1573 3648 1702 3704 ideo
1727 3648 1875 3719 quod
1905 3650 2028 3703 nul-

461 3739 550 3790 lus
571 3752 748 3806 neque
778 3739 1024 3808 angelus,
1064 3753 1167 3794 nec
1196 3738 1300 3792 alia
1327 3738 1510 3808 aliqua
1558 3747 1743 3794 creata
1782 3747 2027 3810 potestas

455 3825 713 3896 cognovit
738 3826 844 3882 hoc
882 3828 1201 3898 mysterium
1243 3834 1298 3881 et
1340 3826 1802 3898 dispensationem
1838 3829 2026 3895 istam,

453 3916 606 3987 quod
633 3917 688 3971 in
703 3925 846 3974 terra
859 3918 1003 3975 Deus
1025 3935 1244 3975 carnem
1260 3930 1642 3990 assumpturus
1671 3928 1838 3976 esset.
1856 3920 2028 3977 Post-

459 4020 691 4077 eaquam
726 4022 858 4063 vero
888 4006 1091 4064 factum
1123 4018 1229 4074 est,
1265 4010 1522 4065 omnibus
1545 4010 1782 4065 innotuit
1803 4030 1816 4065 :
1837 4026 2029 4079 quem-

456 4096 750 4154 admodum
784 4100 963 4171 inquit
994 4100 1292 4172 Apostolus
1319 4120 1332 4155 :
1362 4119 1381 4153 ι
1410 4101 1482 4158 Ut
1524 4103 1834 4159 innotescat
1878 4117 2029 4159 nunc

457 4189 857 4262 principatibus
903 4201 958 4248 et
1010 4194 1416 4263 potestatibus,
1468 4195 1525 4250 in
1570 4196 1970 4253 coelestibus".
2002 4216 2023 4250 ι

454 4276 629 4337 Vocat
670 4287 851 4335 autem
894 4281 1023 4336 alibi
1050 4296 1269 4351 quoque
1317 4283 1659 4354 mysterium,
1704 4282 1904 4337 eximia
1935 4282 2029 4336 illa

453 4386 622 4441 opera
649 4371 766 4436 Dei,
795 4388 991 4442 nempe
1018 4375 1379 4441 nativitatem,
1404 4373 1989 4445 stabulum,baptisma
2009 4414 2024 4441 ,

2141 3190 2419 3262 ἐνίκησαν.

2204 3283 2470 3354 Κείμενον
2523 3280 2626 3351 ιιςο.
2666 3299 2685 3333 ι
2725 3281 2927 3351 Σοφίαν
2957 3280 3015 3334 δὲ
3041 3279 3308 3352 λαλοῦμεν
3338 3276 3474 3332 Θεοῦ
3508 3278 3567 3332 ἐν
3614 3294 3717 3349 μυ-

2137 3375 2343 3447 στηρίῳ
2372 3375 2473 3446 τὴν
2505 3371 3026 3446 ἀποκεκρυμμένην.
3063 3391 3083 3424 ι

2214 3466 2403 3520 Ἀπόκ.
2438 3466 2620 3536 Ὁρᾷς,
2647 3465 2763 3528 πῶς
2785 3463 2940 3517 καλεί
2968 3463 3130 3526 αὐτὸς
3171 3462 3396 3531 σοφίαν,
3442 3461 3510 3532 ἢν
3562 3460 3715 3530 ἔλεγε

2132 3557 2348 3630 πρῶτον
2387 3556 2618 3628 μωρίαν.
2656 3555 2767 3608 Καὶ
2793 3555 2901 3626 γὰρ
2937 3555 3232 3626 μυστήριον
3268 3551 3479 3621 πρῶτον
3507 3552 3715 3606 οἰκονο-

2134 3650 2262 3721 μίαν
2316 3649 2487 3718 λέγει,
2520 3650 2601 3702 ὅτι
2643 3647 2766 3702 οὔτε
2816 3648 3064 3717 ἄγγελος,
3111 3646 3234 3700 οὔτε
3257 3645 3448 3716 κτιστὴ
3485 3644 3713 3716 δύναμις

2131 3743 2266 3813 ἄλλη
2320 3742 2583 3811 ἐγίνωσκε
2629 3741 2692 3794 τὸ
2739 3742 3035 3812 μυστήριον
3093 3741 3186 3794 καὶ
3250 3740 3347 3811 τὴν
3397 3740 3714 3809 οἰκονομίαν

2130 3835 2356 3905 ταύτην,
2376 3834 2459 3887 ὅτι
2492 3833 2675 3904 μέλλει
2697 3833 2726 3885 6
2748 3833 2882 3896 Θεὸς
2914 3833 3007 3885 ἐπὶ
3037 3832 3139 3903 τῆς
3176 3832 3280 3902 γῆς
3335 3831 3708 3902 σαρκωθῆναι.

2133 3928 2301 3981 Ὅταν
2322 3927 2378 3980 δὲ
2408 3928 2623 3996 γέγονε,
2649 3927 2770 3981 τότε
2798 3928 2998 3991 πάντες
3024 3928 3315 3997 ἐγνώκασι,
3351 3927 3535 3990 καθὼς
3565 3927 3713 3995 λέγει

2130 4020 2159 4072 6
2203 4018 2555 4082 Ἀπόστολοςο
2596 4036 2615 4070 ι
2656 4019 2776 4073 Ἵνα
2809 4019 3081 4091 γνωρισθῇ
3107 4019 3202 4074 νῦν
3232 4022 3351 4082 ταῖς
3389 4019 3588 4090 ἀρχαῖς
3619 4036 3714 4072 και

2128 4110 2249 4171 ταῖς
2289 4107 2557 4173 ἐξουσίαις
2590 4111 2779 4173 ἐντοῖς
2806 4110 3169 4181 ἐπουρανίοις.
3211 4128 3229 4162 ι
3264 4110 3425 4177 Λέγει
3453 4110 3509 4163 6‘s
3545 4109 3713 4163 ἀλλα-

2130 4195 2226 4268 χοῦ
2279 4197 2440 4252 πάλιν
2487 4199 2783 4269 μυστήριον
2830 4199 2899 4251 τὰ
2950 4196 3203 4269 ἐξαίρετα
3246 4197 3385 4269 ἔργα
3415 4195 3510 4249 τοῦ
3537 4195 3709 4261 Θεοῦ,

2129 4281 2241 4341 οἷον
2289 4287 2387 4358 τὴν
2445 4287 2717 4357 γέννησιν,
2756 4288 2855 4358 τὴν
2902 4289 3129 4359 φάτνην,
3169 4287 3232 4341 τὸ
3265 4287 3571 4357 βάπτισμα,
3617 4286 3712 4339 τὸν

2132 4377 2488 4449 σταυρὸν,τὸν
2519 4378 2763 4442 θάνατον,
2797 4379 2895 4450 τὴν
2931 4380 3246 4439 ἀνάστασιν.
3267 4380 3366 4448 τὴν
3414 4378 3706 4448 ἀνάληψιν,

455 4477 700 4526 crucem,
730 4472 982 4527 mortem,
1018 4464 1477 4520 resurrectionem
1520 4476 1575 4521 et
1612 4468 2013 4521 ascensionem.

2149 4467 2303 4532 ιαθὼς
2333 4469 2426 4522 καὶ
2444 4471 2472 4522 ὁ
2498 4471 2555 4523 ἐν
2581 4469 2754 4537 ἁγίοις
2778 4470 3077 4541 Γρηγόριος
3098 4473 3126 4523 ὁ
3145 4469 3403 4538 Θεολόγος
3430 4471 3708 4541 μυστήρια

455 4552 611 4607 Sicut
650 4554 814 4607 etiam
859 4564 1082 4610 sanctus
1119 4554 1413 4626 Gregorius
1445 4554 1752 4628 Theologus
1776 4558 1851 4629 (ὅ)
1905 4574 2024 4631 my-

451 4645 619 4700 steria
637 4655 796 4699 vocat
816 4645 973 4710 festa,
994 4646 1051 4701 in
1076 4662 1329 4702 sermone
1358 4647 1433 4702 De
1472 4646 1757 4705 luntinibus
1788 4666 1807 4704 :
1843 4669 1861 4702 ι
1885 4649 2024 4707 Rur-

2124 4562 2224 4626 τὰς
2252 4560 2443 4634 ἑορτὰς
2466 4561 2622 4615 καλεῖ
2648 4564 2706 4615 ἐν
2736 4561 2812 4633 τῷ
2840 4565 2943 4627 Εὶς
2980 4563 3053 4617 τὰ
3082 4561 3248 4631 φῶτα
3271 4560 3443 4631 λόγῳ·
3484 4579 3503 4611 ι
3534 4561 3708 4614 Πάλιν

2138 4655 2344 4726 Ἰησοῦς
2370 4658 2398 4709 6
2424 4655 2576 4727 ἐμὸς,
2615 4657 2711 4709 καὶ
2743 4656 2905 4710 πάλιν
2938 4658 3252 4727 μυστήριον.
3281 4675 3299 4707 ι
3333 4654 3506 4707 Τοῦτο
3527 4654 3586 4707 δὲ
3618 4654 3708 4707 λέ-

450 4751 549 4792 sus
577 4734 740 4792 Jesus
775 4738 867 4792 ille
892 4752 1068 4801 meus,
1117 4745 1171 4793 et
1218 4738 1415 4792 iterum
1464 4740 1805 4811 mysterium.
1839 4761 1859 4794 ι
1905 4741 2021 4798 Hoc

2149 4764 2212 4814 re:
2236 4748 2325 4802 διὰ
2349 4747 2444 4820 τὴν
2465 4747 2653 4822 ἑορτὴν
2674 4747 2767 4802 τοῦ
2798 4748 3173 4819 βαπτίσματος
3199 4765 3214 4779 ο
3248 4746 3341 4801 καὶ
3376 4748 3435 4801 ὲν
3468 4748 3582 4810 τοῖς
3604 4744 3710 4799 λοι-

448 4835 637 4884 autem
687 4828 856 4891 dicit,
900 4837 1123 4901 propter
1176 4829 1377 4885 festum
1418 4831 1721 4901 baptismi:
1763 4833 2019 4890 similiter

446 4919 614 4972 etiam
663 4917 719 4972 in
768 4918 1014 4988 reliquis.

521 5000 745 5066 Qumsr.
781 5000 1014 5058 XCVIII.
1056 5001 1196 5068 Quid
1223 5011 1326 5071 est,
1356 5006 1502 5075 quod
1537 5008 1754 5078 inquit:
1786 5028 1805 5060 ι
1832 5008 1890 5063 Si
1926 5026 2024 5066 cu-

444 5090 534 5165 ius
564 5109 703 5163 Opus
731 5095 948 5157 arserit,
977 5093 1234 5149 damnum
1261 5098 1526 5166 patietur:
1547 5100 1666 5168 ipse
1689 5107 1869 5156 autem
1904 5103 2015 5157 sal-

445 5201 548 5239 vus
582 5185 707 5249 erit,
740 5187 822 5240 sic
851 5195 1031 5241 tamen
1068 5189 1227 5257 quasi
1258 5205 1355 5259 per
1380 5189 1560 5260 ignem
1584 5191 1664 5245 '9?
1692 5210 1710 5243 ›

517 5274 678 5332 Busa.
730 5275 790 5331 Si
837 5277 997 5347 cujus
1037 5294 1175 5349 opus
1221 5283 1439 5345 arserit,
1482 5283 1739 5338 damnum
1781 5286 2021 5355 patietur

443 5368 595 5437 regni
627 5368 891 5422 caelorum
924 5390 937 5424 :
965 5371 1150 5427 salvus
1182 5387 1313 5427 vero
1347 5372 1439 5428 ﬁet
1469 5373 1584 5444 ipse
1633 5374 1893 5447 tanquam
1922 5394 2018 5449 per

2125 4842 2249 4904 ποῖς
2272 4841 2491 4912 ὁμοίως.

2202 5017 2395 5090 Ἐρώτ.
2438 5016 2543 5090 1.,η’.
2571 5017 2636 5071 Τί
2672 5017 2848 5087 λέγει·
2880 5037 2899 5070 ι
2934 5017 3005 5072 Ei
3036 5034 3180 5081 τινος
3229 5016 3291 5071 τὺ
3322 5016 3483 5089 ἔργον
3533 5034 3707 5071 καταο

2120 5107 2404 5175 καήσεται,
2433 5105 2876 5178 ζημιωθήσεται·
2909 5107 3073 5170 αὐτὸς
3100 5106 3157 5160 δὲ
3189 5106 3518 5177 σωθήσεται,
3557 5106 3705 5161 οὕτω

2119 5195 2176 5249 δὲ
2198 5197 2273 5259 ὼς
2301 5196 2389 5249 διὰ
2416 5197 2586 5267 πυρός
2611 5214 2625 5260 ;
2663 5215 2682 5249 ι

2191 5285 2396 5341 Ἀπόκ.
2433 5289 2502 5341 Ei
2524 5305 2668 5351 τινος
2691 5288 2751 5341 τὸ
2777 5287 2939 5360 ἔργον
2969 5291 3395 5359 κατακαήσεται,
3426 5286 3697 5359 ζημιωθήη

2123 5396 2273 5433 σεται
2298 5379 2396 5451 τὴν
2433 5379 2708 5450 βασιλείαν
2732 5381 2838 5433 τῶν
2863 5380 3106 5452 οὐρανῶν
3127 5399 3140 5411 ·
3176 5381 3482 5452 σωθήσεται
3513 5382 3572 5435 δὲ
3604 5383 3705 5435 αὖ·

444 5458 647 5529 ignem.
684 5458 972 5524 Quomodo
1013 5478 1144 5519 vero
1182 5465 1529 5520 servabitur?
1556 5467 1659 5522 hoc
1695 5477 1800 5535 est,
1831 5471 2016 5527 salvus

2151 5473 2210 5536 ὸς
2254 5472 2331 5536 ὼς
2389 5472 2476 5525 διὰ
2530 5472 2716 5544 πυρός.
2763 5472 2887 5536 Πῶς
2938 5473 2993 5526 δὲ
3036 5473 3371 5544 σωθήσεται;
3425 5473 3698 5540 τουτέστι,

425 5662 434 5667 .
515 5576 563 5607 ⁵³
602 5575 1114 5658 Ennaeas.
1190 5568 1529 5639 “ibidﬂt.
1606 5584 1650 5617 ιε
1690 5584 1823 5641 ibid,
1900 5586 2009 5642 ul

2149 5607 2170 5643 π.
2207 5603 2280 5647 ιι.
2313 5588 2369 5645 7.
2443 5589 2489 5621 ⁵⁷
2530 5587 2733 5661 Ephes.
2772 5604 2864 5655 ιιι,
2900 5588 2986 5644 10.
3065 5588 3310 5645 ⁸⁸ιοοιι.
3342 5605 3425 5659 ιιι,
3460 5589 3547 5646 15.

516 5709 589 5783 (ὅ)
618 5711 799 5787 Greg.,
828 5712 981 5770 Orat.
1014 5715 1082 5773 ’ὃν
1117 5715 1171 5773 in
1201 5726 1389 5776 sancta
1416 5717 1633 5793 lumina
1672 5718 2004 5793 Epiphaniae.

2189 5722 2269 5797 (ι)
2307 5721 2364 5781 In
2389 5725 2726 5797 σαγηνεύειν,
2754 5726 2874 5784 vide
2904 5725 3299 5784 Onomaslicon.
