3852 6192
239 233 343 294 757

1281 224 1845 300 οῠτεετιοιιεδίιιι
1883 229 2261 288 EPISTOLAS
2295 201 2529 292 mum.

3415 237 3521 295 758

238 346 382 412 σιῖιος
413 346 509 400 καὶ
535 346 789 420 ἀκέραιος
816 348 966 421 μένει
994 349 1052 403 ὲν
1084 349 1162 421 τῷ
1188 350 1342 423 πυρὶ,
1389 352 1485 406 καὶ
1524 352 1622 405 ούκ
1655 350 1816 421 ὄψεται

1948 359 2002 404 et
2027 350 2234 421 integer
2255 351 2574 408 manebit'm
2607 350 2752 423 igne.
2785 366 2888 408 nec
2914 353 3121 410 videbit
3144 363 3396 418 mortem,
3418 353 3520 411 sed

238 431 495 502 θάνατον,
530 438 665 494 ἀλλὰ
700 440 760 493 τὸ
798 440 957 511 ἔργον
994 441 1159 495 αὑτοῦ
1211 442 1371 514 μόνον
1429 444 1809 514 κατακαήσετα

1934 454 2073 508 opus
2117 440 2290 510 ipsius
2340 441 2685 497 solummodo
2732 444 3085 499 comburetur
3114 452 3167 499 et
3210 444 3518 500 confunde-

234 529 335 582 καὶ
363 529 728 601 χαωθήσεται.
760 533 936 596 Αὐτὸς
954 533 1011 586 δὲ
1042 533 1295 605 ἀκέραιος
1333 534 1485 605 μένει
1535 536 1615 597 είς
1660 533 1816 588 αίῶνο

1933 537 2045 585 tur.
2079 529 2202 601 Ipse
2230 546 2362 586 vero
2395 540 2660 586 aeternum
2701 534 3043 603 permanebit
3093 534 3301 605 integer
3324 548 3516 604 poenas

239 622 445 685 αἰῶνος
466 623 850 694 κολαζόμενος,
883 626 979 678 καὶ
1000 627 1061 679 οὐ
1091 626 1494 697 διαλυθήσεται.

322 713 514 784 Ἐρὼτ.
549 716 651 782 ιιθυ.
702 718 766 770 Τί
792 718 975 787 λέγει·
1017 736 1036 769 ι
1069 718 1260 789 Μικρὰ
1310 719 1458 791 ζύμη
1480 718 1599 774 ὅλον
1621 719 1682 773 τὸ
1725 718 1829 790 φύ-

237 821 396 878 ραμα
424 805 621 876 ζυμοῖς
660 826 679 858 ι

323 897 516 951 ’Δπόκ.
563 899 734 952 Τοῦτο
767 899 915 969 λέγει
970 900 1059 954 διὰ
1090 904 1216 965 τοὺς
1261 902 1532 973 πονηροὺς
1564 902 1658 956 καὶ
1702 918 1829 956 σκο-

232 987 386 1052 λιοὺς
410 989 749 1061 ἀνθρώπους.
777 993 918 1056 Ὅτι,
942 991 1130 1064 ὥσπερ
1173 995 1206 1064 ὴ
1237 993 1440 1046 παλαιὰ
1478 993 1623 1065 ζύμη
1659 994 1830 1065 μικρὰ

236 1079 343 1150 μὲν
391 1080 529 1145 ἔστι,
572 1082 707 1137 πολὺ
741 1083 797 1136 δὲ
823 1084 1048 1155 ἄλευρον
1095 1088 1240 1137 ποιεῖ
1300 1084 1650 1156 ζυμωθῆναι·
1686 1084 1829 1139 οὕτω

232 1172 336 1224 καὶ
384 1173 414 1224 ὁ
462 1174 752 1237 κακοποιὸς
789 1175 1096 1247 ἅνθρωπος,
1141 1176 1356 1247 τρέφων
1409 1177 1466 1230 ὲν
1507 1176 1685 1247 ἑαυτῷ
1731 1176 1828 1248 τὴν

230 1262 479 1326 κακίαν,
539 1266 858 1335 μεταδίδωσι
907 1267 1002 1320 καὶ
1032 1270 1148 1331 τοῖς
1194 1267 1415 1331 ἄλλοις,
1471 1268 1566 1322 καὶ⁹
1616 1268 1826 1336 γίνεται

233 1354 558 1418 σκάνδαλον,
587 1359 682 1410 καὶ
713 1358 1088 1414 καταϐλάπτει
1125 1360 1373 1424 πολλούς.
1409 1360 1507 1414 Διὰ
1535 1359 1692 1414 τοῦτο
1723 1363 1828 1415 πά-

231 1441 322 1497 λιν
357 1443 544 1514 λέγει·
580 1464 601 1499 ι
652 1443 1033 1520 Ἐκκαθάρατε
1078 1446 1170 1504 οὖν
1208 1450 1308 1521 τὴν
1345 1449 1579 1506 παλαιὰν
1623 1451 1822 1522 ζύμην,

234 1534 327 1587 ἴνα
350 1531 453 1605 ἦτε
481 1536 624 1590 νέοι·
664 1557 683 1589 ι
718 1539 1030 1594 τουτέστιν·
1088 1541 1411 1607 Ἐκδιὼξατε
1453 1544 1546 1596 τὸν
1591 1530 1825 1613 πονηρὸν

231 1625 334 1678 καὶ
358 1626 571 1681 σκολιὸν
605 1628 663 1695 ἐξ
691 1630 844 1700 ὑμῶν
866 1670 881 1695 ,
919 1631 952 1702 ἢ
1003 1632 1204 1702 φύγετε
1236 1633 1331 1687 ἀπ’
1377 1634 1543 1688 αὐτοῦ
1567 1651 1580 1665 ·
1637 1634 1823 1706 ἐπειδὴ

1932 623 2090 677 luens
2120 640 2134 676 :
2165 638 2266 678 nec
2300 631 2482 678 tamen
2509 623 2860 679 dissolvetur.

2004 713 2229 780 Quies'r.
2275 714 2463 770 XCIX.
2508 714 2653 782 Quid
2681 724 2786 781 est,
2817 717 2963 787 quod
2993 717 3129 772 dicit
3155 738 3168 773 :
3190 736 3208 769 ι
3239 715 3514 773 Modicum

1928 803 2185 861 fermenti
2224 814 2397 860 totam
2436 822 2675 863 massam
2710 806 3108 863 fermentat”?
3137 828 3157 862 ι

2000 897 2165 955 Resr.
2208 898 2325 954 Hoc
2357 906 2580 970 propter
2614 901 2788 956 malos
2831 908 2885 956 et
2929 918 3219 969 perversos
3259 902 3511 957 homines

1929 987 2081 1042 dicit.
2127 988 2263 1043 Nam
2313 990 2773 1059 quemadmodum
2813 999 2969 1046 vetus
3020 993 3347 1047 fermentum
3396 993 3513 1047 exi-

1932 1095 2098 1149 guum
2123 1080 2342 1150 quidem
2366 1091 2471 1146 est,
2504 1082 2733 1136 multum
2766 1089 2946 1137 autem
2979 1082 3168 1138 farinm
3193 1086 3508 1138 fermentat:

1928 1171 1996 1225 ad
2023 1172 2275 1228 eumdem
2305 1172 2526 1227 modum
2563 1174 2742 1228 malus
2781 1174 2964 1239 homo,
3009 1176 3101 1245 qui
3144 1177 3200 1228 in
3237 1190 3295 1229 se
3337 1174 3511 1227 nutrit

1926 1265 2216 1328 malitiam,
2264 1265 2509 1334 impertit
2552 1280 2673 1320 eam
2709 1266 2857 1328 aliis,
2908 1275 2961 1319 et
2992 1266 3128 1336 ipsis
3160 1274 3244 1320 est
3275 1265 3511 1320 scanda-

1926 1356 2065 1419 lum,
2120 1357 2434 1427 multosque
2488 1358 2669 1424 laedit;
2724 1365 3012 1428 propterea
3064 1373 3285 1412 rursum
3331 1357 3505 1414 dicit:

1932 1465 1952 1498 ‹
1983 1446 2291 1518 Expurgate
2324 1450 2510 1519 itaque
2560 1455 2720 1503 vetus
2782 1447 3131 1515 fermentum,
3169 1456 3230 1502 ut
3270 1448 3397 1502 novi
3440 1449 3513 1502 si-

1924 1538 1994 1593 tis
2019 1540 2099 1604 ⁸ο,
2130 1557 2149 1591 ι
2193 1539 2297 1593 hoc
2336 1548 2459 1594 est:
2486 1538 2749 1609 Expellite
2801 1538 3006 1591 malum
3045 1545 3099 1593 et
3164 1552 3393 1608 pravum
3440 1552 3507 1592 ex

1922 1627 2101 1692 vobis,
2130 1636 2224 1682 aut
2254 1642 2350 1682 vos
2374 1629 2441 1681 ab
2468 1628 2588 1697 ipso
2612 1626 2850 1681 recedite
2876 1646 2890 1682 :
2913 1626 3354 1697 quandoquidem
3389 1642 3509 1680 om-

229 1717 390 1769 πᾶσα
417 1718 587 1772 κακία
620 1718 839 1789 μολύνει
868 1722 959 1775 τὸν
999 1722 1306 1794 ἄνθρωπον.
1355 1724 1454 1777 Διὰ
1480 1722 1639 1777 τοῦτο
1675 1724 1770 1776 καὶ
1796 1726 1816 1778 ἑ

1931 1719 2010 1774 uis
2057 1719 2269 1773 malitia
2304 1718 2557 1788 inquinat
2605 1718 2905 1772 hominem.
2938 1717 3065 1772 Ideo
3105 1717 3279 1773 David
3329 1717 3507 1772 malos

229 1803 421 1867 Aa6l6,
455 1805 673 1875 φεύγων
711 1809 836 1872 τοὺς
877 1811 1183 1879 πονηροὺς,
1217 1811 1400 1880 ἔλεγεν
1421 1827 1435 1841 ·
1478 1830 1497 1863 ι
1540 1811 1655 1866 Ούκ
1688 1813 1820 1866 ἐκά-

232 1895 366 1949 θισα
398 1897 539 1966 μετὰ
587 1900 863 1973 συνεδρίου
904 1903 1283 1975 ματαιότητος,
1314 1905 1409 1959 καὶ
1461 1905 1601 1975 μετὰ
1645 1923 1822 1977 παρα-

227 1986 545 2056 νομούντων
572 1990 634 2043 ού
676 1989 750 2062 μὴ
774 1991 1024 2046 εἰσέλθω.
1069 1994 1340 2065 Ἐμίσησα
1379 1994 1676 2067 ἐκκλησίαν
1718 2012 1820 2048 πο-

224 2080 634 2151 νηρευομένων.
686 2101 707 2134 ι
751 2082 850 2136 Διὰ
906 2085 960 2138 τί
1018 2084 1075 2137 δὲ
1118 2085 1291 2139 ταῦτα
1320 2086 1531 2153 ὲποίει;
1597 2086 1817 2158 Ἐπειδὴ

226 2171 398 2224 πάλιν
455 2171 602 2241 λέγει
655 2172 920 2244 ἀλλαχοῦ·
969 2193 989 2227 ι
1027 2176 1182 2230 Μετὰ
1217 2176 1361 2230 ὁσίου
1403 2178 1550 2242 ὅσιος
1575 2177 1694 2250 ἔσῃ,
1726 2180 1821 2234 καὶ

230 2259 378 2330 μετὰ
396 2259 652 2315 ἐκλεκτοῦ
673 2263 927 2327 ἐκλεκτὸς
966 2263 1085 2336 ἔσῃ,
1117 2265 1213 2319 καὶ
1241 2265 1379 2336 μετὰ
1409 2268 1667 2338 στρεὸλοῦ
1703 2268 1820 2322 δια-

226 2350 493 2422 στρέψῃς.
536 2370 555 2403 ι
584 2353 696 2406 Kal
717 2355 828 2426 γὰρ
850 2350 962 2418 οἷός
990 2357 1139 2411 ἐστιν
1169 2356 1199 2408 ὁ
1230 2357 1492 2411 συνοικῶν
1523 2358 1664 2430 μετὰ
1699 2358 1814 2424 σοῦ,

220 2442 474 2495 τοιοῦτον
493 2445 864 2517 ἀπεργάσεται
896 2442 1038 2501 εἶναί
1066 2464 1147 2502 σε.

319 2533 513 2606 Ἐρὼτ.
542 2542 607 2607 ρ’.
654 2537 720 2590 Τί
773 2537 955 2607 λέγει·
999 2556 1018 2591 ι
1077 2538 1157 2592 Τὰ
1207 2538 1472 2612 βρώματα
1503 2545 1568 2615 τῇ
1616 2545 1814 2617 κοιλίᾳ,

225 2623 331 2678 καὶ
357 2626 713 2695 ήκοιλίατοῖς
735 2628 1036 2701 βρώμασιν.
1076 2631 1136 2685 '0
1177 2632 1235 2685 δὲ
1283 2633 1416 2698 Θεὸς
1476 2636 1571 2689 καὶ
1613 2637 1818 2711 ταύτην

226 2715 330 2768 καὶ
362 2716 536 2771 ταῦτα
554 2721 927 2792 καταργήσει;
974 2740 994 2774 ι

320 2806 507 2861 Ἀπόκ.
549 2810 777 2864 Κοίλιαν
826 2813 926 2882 τὴν
974 2814 1418 2886 γαστριμαργίαν
1463 2816 1633 2887 λέγει,
1697 2819 1818 2892 οὐχὶ

222 2896 333 2968 τὴν
364 2899 626 2971 γαστέρα.
658 2902 768 2955 Kal
790 2903 899 2975 γὰρ
928 2905 994 2958 τὰ
1029 2904 1295 2978 βρώματα
1325 2908 1461 2979 πρὸς
1482 2910 1582 2981 τὴν
1602 2928 1820 2985 γαστρι-

230 2990 481 3060 μαργίαν
509 2991 642 3062 ἔχει,
677 2995 831 3064 φησι,
855 2996 955 3067 τὴν
983 2996 1184 3065 φιλίαν,
1214 2999 1309 3053 καὶ
1333 3000 1469 3072 αὐτὴ
1497 3002 1633 3074 πρὸς
1653 3004 1812 3070 αὐτὰ,

1922 1808 2162 1879 fugiens,
2195 1808 2413 1879 inquit:
2446 1827 2465 1859 ι
2498 1806 2619 1862 Non
2652 1808 2768 1863 sedi
2801 1822 2927 1862 cum
2965 1808 3197 1863 consilio
3225 1807 3503 1871 vanitatis,

1920 1908 2126 1956 etcum
2164 1900 2668 1969 transgressoribus
2697 1915 2808 1954 non
2833 1899 3096 1955 introibo.
3134 1899 3294 1954 Odivi
3330 1899 3505 1954 eccle—

1921 1991 2061 2046 siam
2091 1991 2509 2062 malignantium
2534 1991 2602 2043 ⁸⁸.
2628 2009 2648 2043 ›
2683 1990 2750 2043 Ει
2782 2004 2955 2062 quare
2995 1989 3078 2045 sic
3107 1990 3337 2060 agebat?
3364 1987 3505 2055 Quia

1919 2088 1982 2137 ut
2004 2082 2139 2138 dicit
2169 2083 2300 2137 alibi
2348 2097 2584 2138 rursus:
2617 2101 2636 2133 ι
2672 2080 2810 2136 Cum
2855 2090 3049 2136 sancto
3087 2091 3311 2137 sanctus
3354 2082 3503 2145 eris,

1919 2182 1974 2230 et
1999 2190 2124 2229 cum
2155 2175 2333 2230 electo
2363 2160 2574 2231 electus
2595 2174 2706 2229 eris
2727 2215 2743 2242 ,
2770 2180 2826 2227 et
2847 2188 2970 2228 cum
2995 2188 3253 2245 perverso
3281 2187 3504 2243 perver-

1918 2266 2055 2321 teris
2077 2267 2145 2319 ⁶².
2179 2286 2199 2320 ι
2232 2266 2447 2322 Etenim
2486 2265 2669 2336 qualis
2714 2273 2798 2321 est
2832 2265 2925 2320 ille
2950 2264 3173 2335 quicum
3207 2276 3502 2320 conversa-

1918 2359 2020 2424 ris,
2061 2359 2225 2415 talem
2256 2367 2310 2416 te
2327 2375 2544 2431 quoque
2570 2359 2783 2415 reddet.

1988 2534 2212 2603 qusr.
2244 2534 2307 2592 C.
2343 2535 2488 2604 Quid
2518 2543 2602 2593 est
2637 2536 2785 2607 quod
2819 2535 2994 2591 dicit:
3027 2554 3045 2588 ι
3075 2534 3212 2592 Esca
3245 2538 3417 2591 ventri
3445 2545 3501 2592 et

1916 2635 2108 2683 venter
2160 2634 2326 2686 escis.
2388 2629 2532 2686 Deus
2580 2638 2763 2685 autem
2816 2636 2872 2684 et
2927 2629 3075 2683 hunc
3135 2634 3190 2683 et
3246 2628 3348 2684 has
3406 2629 3500 2684 de-

1917 2728 2094 2777 struet
2115 2722 2199 2776 ”?
2227 2741 2246 2774 ι

1991 2810 2156 2868 Resp.
2206 2810 2465 2868 Ventrem
2497 2811 2633 2868 dicit
2662 2813 2968 2883 crapulam,
3001 2828 3110 2868 non
3147 2813 3326 2883 ipsum
3373 2828 3499 2868 ven-

1917 2911 2077 2960 trem.
2117 2904 2402 2975 Siquidem
2440 2920 2582 2961 esca:
2628 2921 2752 2960 cum
2784 2907 3010 2975 crapula
3059 2906 3263 2961 habent
3307 2905 3500 2959 amici-

1916 2995 2072 3062 tiam,
2097 3004 2152 3051 et
2179 2997 2405 3066 crapula
2436 3012 2561 3051 cum
2602 2998 2768 3061 escis,
2807 3011 2906 3050 nec
2930 3003 3109 3067 potest
3133 2997 3223 3066 qui
3258 2996 3498 3065 crapulae

225 3083 331 3134 καὶ
364 3083 425 3135 ού
468 3083 690 3139 δύναται
733 3087 763 3138 ὁ
815 3088 1228 3161 γαστρίμαργος
1264 3092 1532 3148 δουλεύειν
1568 3095 1646 3167 τῷ
1673 3096 1811 3168 Θεῷ,

1931 3089 2204 3158 rentrique
2249 3088 2468 3144 deditus
2510 3096 2616 3156 est,
2646 3091 2853 3144 servire
2877 3088 3011 3157 Deo,
3055 3088 3151 3144 sed
3198 3088 3282 3143 sui
3322 3088 3498 3157 ipsius

223 3171 373 3227 ἀλλὰ
409 3174 680 3231 δουλεύειν
707 3178 806 3250 τὴν
858 3180 1050 3234 ἑαυτοῦ
1078 3183 1319 3255 γαστέρα
1347 3187 1693 3256 κραιπαλῶν,
1721 3191 1816 3246 καὶ

224 3267 684 3338 γαστριμαργῶν.
732 3269 824 3322 Διὸ
868 3274 1216 3345 κατήργησεν
1244 3274 1411 3347 αὐτὴν
1451 3277 1657 3347 λέγων·
1693 3297 1712 3330 ι
1753 3277 1814 3335 Ὀ

225 3355 368 3419 Θεὸς
395 3358 492 3410 καὶ
516 3359 723 3431 ταύτην
753 3359 848 3415 καὶ
882 3362 1053 3416 ταῦτα
1082 3369 1417 3437 καταργήσει
1449 3385 1463 3398 ο
1501 3385 1522 3419 ι
1568 3369 1814 3424 τουτέστι

223 3446 305 3500 τὰ
335 3446 602 3519 βρώματα
653 3451 748 3505 καὶ
797 3453 896 3525 τὴν
946 3457 1426 3528 γαστριμαργίαν·
1456 3460 1516 3512 ού
1565 3460 1674 3532 γὰρ
1717 3461 1813 3532 τὴν

224 3542 477 3612 γαστέρα
529 3545 884 3618 κατήργησε·
929 3546 1003 3619 μὴ
1028 3548 1269 3615 γένοιτοί
1322 3551 1521 3603 Ἀκουε
1584 3553 1693 3625 γὰρ
1725 3554 1816 3608 αὐ-

223 3630 327 3686 τοῦ
359 3633 637 3703 λέγοντος·
674 3654 694 3688 ι
721 3639 794 3690 Τὸ
811 3638 868 3690 δὲ
899 3639 1057 3710 σῶμα
1073 3640 1131 3692 οὐ
1154 3643 1221 3711 τῇ
1247 3642 1490 3714 πορνείᾳ,
1549 3644 1686 3699 ἀλλὰ
1735 3644 1814 3717 τῷ

224 3725 445 3796 Κυρίῳ.
481 3745 502 3778 ι
532 3728 695 3781 Ὥστε
719 3730 780 3782 ού
806 3732 940 3801 κατή
951 3747 1118 3801 ργησε
1144 3732 1242 3803 τὴν
1272 3737 1533 3806 γαστέρα,
1555 3736 1689 3790 ἀλλὰ
1714 3740 1813 3810 τὴν

224 3819 694 3888 γαστριμαργίαν,
722 3821 843 3873 οὐδὲ
893 3821 990 3892 τὴν
1046 3822 1360 3895 σύμμετρον
1392 3828 1635 3898 τροφὴν,
1679 3828 1813 3883 ἀλλὰ

225 3907 328 3979 τὴν
362 3909 630 3980 ἀμετρίαν
656 3927 669 3941 ·
705 3912 892 3982 ἐπειδὴ
925 3913 983 3980 ἐξ
1009 3914 1187 3967 αὐτῶν
1215 3916 1455 3970 τίκτεται
1490 3920 1522 3989 ἡ
1566 3921 1809 3991 πορνεία.

225 3999 332 4053 Διὰ
358 4000 516 4054 τοῦτο
542 4001 709 4070 λέγει,
744 4005 825 4056 ὅτι
855 4006 927 4057 Τὸ
958 4006 1116 4078 σῶμα
1163 4009 1262 4062 ούκ
1296 4010 1452 4080 ἐδόθη
1502 4012 1814 4078 ἐξουσιάζε-

227 4091 359 4146 σθαι
386 4093 491 4146 ὑπὸ
522 4096 621 4165 τῆς
636 4100 1098 4169 γαστριμαργίας,
1130 4101 1216 4153 ἵνα
1239 4103 1542 4177 περιπίπτῃ
1570 4107 1648 4169 είς
1681 4125 1813 4179 πορ-

224 4184 402 4249 νείαν,
429 4185 542 4239 ἀλλ’
577 4187 663 4241 ἵνα
688 4187 912 4260 δουλεύῃ
946 4190 1023 4262 τῷ
1054 4193 1246 4264 Κυρίῳ
1270 4210 1283 4223 ·
1319 4194 1501 4259 καθὼς
1527 4197 1674 4266 λέγει
1706 4200 1811 4254 πά-

224 4277 314 4330 λιν
348 4277 578 4349 ἁλλαχοῦ
607 4279 865 4345 ὄπισθεν,
889 4283 971 4334 ὅτι
1006 4300 1025 4332 ι
1059 4282 1242 4338 Πάντα
1292 4302 1382 4353 μοι
1429 4286 1657 4352 ἔξεστιν,
1699 4290 1811 4343 ἀλλ’

225 4368 294 4420 οὐ
318 4370 496 4423 πάντα
528 4371 795 4441 συμφέρει
826 4387 838 4403 ·
868 4371 1045 4424 πάντα
1072 4390 1160 4443 μοι
1188 4372 1411 4439 ἔξεστιν,
1443 4377 1671 4432 ἀλλὀὐκ
1703 4381 1812 4449 ἐγὼ

228 4458 724 4532 ἐξουσιασθήσομαι
750 4462 856 4514 ὑπό
886 4479 1049 4526 τινος.
1090 4484 1107 4516 ›
1143 4464 1312 4518 Τοῦτο
1333 4466 1389 4519 δέ
1418 4469 1563 4522 ἐστιν
1589 4470 1617 4522 ὃ
1643 4470 1810 4540 λέγει,

228 4552 315 4605 ὅτι
370 4553 542 4605 πάντα
573 4552 641 4605 τὰ
696 4552 981 4623 βρώματα,
1037 4553 1177 4623 ᾶπερ
1206 4554 1420 4609 ἔκτισεν
1481 4561 1510 4611 ὁ
1559 4560 1688 4624 Θεὸς
1732 4564 1813 4627 εἰς

227 4645 439 4716 τροφὴν
454 4645 546 4699 τοῦ
587 4645 893 4717 ἀνθρώ-που,
926 4647 1066 4699 καλά
1089 4645 1219 4715 sict;
1248 4651 1341 4701 καὶ
1373 4651 1600 4722 ἁρμόζει
1638 4672 1726 4725 μοι
1748 4659 1813 4711 ὲκ

228 4738 453 4793 πάντων
481 4738 680 4792 ἐσθίειν
729 4740 822 4791 καὶ
878 4737 1203 4810 τρέφεσθαι·
1238 4740 1351 4794 ἀλλ’
1405 4744 1464 4796 ού
1511 4747 1811 4818 γενήσομαι

226 4829 415 4892 δοῦλος
459 4829 567 4883 τῶν
603 4830 935 4900 βρωμάτων·
990 4829 1110 4881 0".»6‘3
1165 4831 1470 4897 ὲξουσιάσει
1502 4853 1601 4906 μου
1645 4840 1678 4909 ἠ
1718 4854 1814 4907 γα-

232 4920 604 4990 στριμαργία·
630 4920 691 4972 ού
726 4919 995 4991 συμφέρει
1023 4937 1109 4990 μοι
1135 4938 1149 4951 ·
1181 4922 1298 4974 οὐδὲ
1332 4923 1439 4995 γὰρ
1477 4927 1678 4994 ἀγαθὸν
1732 4931 1810 4981 οἰ-

230 5011 456 5080 κοδομεῖ
496 5011 556 5062 ὲν
616 5010 758 5080 ἐμοί.
815 5010 916 5063 Διὰ
953 5011 1131 5073 τοῦτο,
1169 5012 1331 5081 μόνον
1353 5017 1466 5079 τοῖς
1491 5018 1811 5085 ἀναγκαίοις

232 5099 585 5170 ἀρκούμενοι,
624 5100 691 5153 τὰ
718 5098 952 5169 περισσὰ
974 5099 1393 5172 διαπτύσσομεν,
1423 5105 1499 5167 ὡς
1543 5108 1644 5159 οὐκ
1665 5108 1812 5176 ὠφέ-

232 5190 388 5261 λιμα,
422 5190 555 5243 ἀλλὰ
580 5193 673 5245 καὶ
696 5191 935 5264 βλαϐερὰ
996 5194 1306 5249 συνεστῶτά
1360 5214 1470 5267 μοι,
1516 5198 1809 5269 ἐπιθυμίας

232 5283 471 5346 ἀτόπους
500 5283 772 5352 γεννῶντα
786 5288 899 5348 τοῖς
932 5287 1293 5357 κεκτημένοις
1331 5289 1489 5344 αὐτά.

322 5375 513 5445 Ἐρὼτ.
544 5383 645 5447 pa’.
678 5376 743 5428 Τί
771 5377 938 5447 λέγει·
969 5398 985 5430 ι
1014 5376 1118 5432 Καὶ
1142 5380 1340 5443 πάντες
1362 5383 1442 5445 είς
1479 5382 1569 5436 τὸν
1601 5383 1805 5452 Μωσῆν

231 5465 669 5537 ὲ6απτίσθησαν;
711 5487 730 5519 ι

302 5577 354 5648 ’ἒ
383 5576 568 5648 κικϐοισ.
602 5597 655 5648 v,
690 5580 742 5636 6.
867 5580 912 5612 σο
949 5580 1084 5636 ibid.
1122 5583 1170 5637 7.

219 5647 283 5746 ’⁸⁸
320 5646 453 5704 ibid.
490 5649 579 5704 12.
642 5646 697 5683 ⁷⁸⁸
731 5650 751 5703 1
782 5650 908 5706 Cor.
944 5667 1008 5716 x,
1045 5651 1099 5706 2.

1296 5587 1337 5620 ⁸⁸
1379 5586 1523 5646 Psal.
1560 5605 1687 5658 xxv,
1720 5590 1789 5657 4,
1821 5590 1870 5645 5.

1920 3180 2129 3236 ventris
2175 3197 2368 3237 servus
2416 3190 2522 3249 est,
2572 3182 2702 3238 dum
2754 3183 2992 3252 crapulae
3045 3191 3100 3236 et
3148 3181 3350 3236 illuviei
3403 3180 3513 3236 dat.

1920 3286 2168 3344 operam.
2217 3274 2345 3330 Ideo
2393 3274 2666 3332 destruxit
2712 3276 2890 3341 illum,
2934 3275 3161 3330 dicens:
3196 3293 3215 3326 ι
3253 3273 3396 3330 Deus
3442 3280 3498 3326 et

1919 3362 2068 3419 hunc
2099 3372 2154 3420 et
2180 3365 2305 3421 illas
2338 3365 2605 3433 destruet,
2634 3386 2654 3418 ι
2686 3365 2791 3421 hoc
2815 3374 2922 3432 est,
2948 3373 3000 3421 et
3023 3365 3176 3421 cibos
3207 3373 3261 3420 et
3293 3365 3499 3434 gulosi—
3526 3356 3531 3359 Α

1918 3462 2107 3510 tatem.
2146 3455 2268 3510 Non
2318 3459 2463 3512 enim
2513 3464 2761 3513 ventrem
2804 3457 3097 3522 destruxit,
3140 3456 3315 3512 absit!
3353 3456 3497 3511 Audi

1918 3547 2085 3613 enim,
2112 3549 2245 3618 quid
2274 3548 2422 3603 dicat
2454 3549 2609 3618 ipse:
2648 3568 2669 3600 ι
2708 3550 2920 3620 Corpus
2945 3556 3128 3604 autem
3168 3564 3279 3604 non
3320 3549 3495 3604 forni-

1918 3639 2143 3706 cationi,
2180 3623 2613 3696 sed'llomino“.
2652 3660 2670 3692 ι
2706 3639 2893 3711 Itaque
2922 3656 3034 3696 non
3063 3641 3335 3696 destruxit
3354 3657 3511 3696 ven-7

1918 3740 2078 3798 trem,
2104 3731 2200 3787 sed
2232 3733 2534 3805 crapulam,
2567 3747 2670 3787 nec
2707 3733 2871 3787 etiam
2902 3731 3245 3787 moderatum
3287 3732 3490 3798 cibum,

1919 3822 2015 3878 sed
2046 3823 2507 3878 immoderatum:
2560 3824 2826 3893 siquidem
2870 3838 2945 3878 ex.
2985 3837 3052 3877 eo
3086 3821 3379 3877 fornicatio
3412 3824 3494 3893 gi-

1919 3914 2127 3984 gnitur.
2156 3912 2248 3966 Ait
2269 3929 2398 3982 ergo
2427 3933 2439 3967 :
2464 3912 2678 3984 Corpus
2714 3928 2823 3967 non
2852 3919 2938 3968 est
2978 3912 3167 3967 datum
3199 3912 3301 3966 sub
3341 3905 3495 3982 pote-

1919 4011 2116 4059 statem
2166 4005 2448 4075 ingluviei,
2495 4012 2555 4059 ut
2600 4007 2656 4059 in
2692 4004 3086 4058 fornicationes
3130 4002 3356 4070 incidat,
3397 4005 3494 4060 sed

1919 4105 1979 4152 ut
2014 4096 2246 4151 Domino
2285 4099 2508 4153 serviat.
2575 4095 2749 4150 Sicuti
2794 4109 2988 4149 rursus
3032 4104 3190 4147 antea
3233 4092 3367 4149 dicit
3395 4095 3496 4150 ali-

1920 4186 2047 4240 cubi
2080 4204 2093 4239 :
2128 4203 2147 4236 ι
2175 4184 2368 4241 Omnia
2412 4186 2545 4239 mihi
2582 4186 2768 4249 licent,
2806 4184 2901 4239 sed
2940 4198 3050 4238 non
3100 4183 3285 4236 omnia
3328 4199 3493 4254 expe-

1920 4279 2113 4333 diunt:
2142 4279 2326 4333 omnia
2360 4279 2491 4332 mihi
2524 4277 2711 4341 licent,
2741 4276 2834 4332 sed
2857 4291 2957 4346 ego
2986 4275 3090 4329 sub
3114 4274 3320 4329 nullius
3349 4277 3493 4330 redi-

1919 4386 2015 4440 gar
2041 4379 2309 4439 potestate
2335 4371 2400 4423 ⁶⁵,
2437 4389 2455 4420 ι
2486 4368 2601 4423 Iloc
2632 4371 2808 4440 ipsum
2842 4369 2980 4422 nihil
3006 4380 3090 4426 est
3120 4370 3290 4437 aliud,
3327 4386 3489 4441 quam

1916 4464 2064 4535 quod
2117 4464 2205 4518 hic
2250 4463 2386 4517 dicit
2418 4482 2431 4517 :
2458 4462 2605 4534 quod
2650 4477 2843 4517 omnes
2887 4462 3103 4532 quidem
3154 4464 3285 4525 cibi,
3329 4462 3490 4533 275

1918 4569 2057 4623 quos
2077 4554 2285 4609 creavit
2308 4553 2453 4610 Deus
2477 4555 2531 4608 in
2557 4554 2797 4608 hominis
2819 4552 3160 4621 alimentum,
3185 4555 3314 4610 boni
3338 4564 3487 4619 sunt,

1916 4655 1971 4699 et
1994 4648 2120 4701 licet
2146 4647 2280 4701 mihi
2307 4647 2563 4702 munibus
2598 4645 2726 4709 frui,
2749 4646 2938 4715 eisque
2962 4646 3192 4714 nutriri;
3227 4648 3321 4702 sed
3344 4662 3493 4701 esca-

1872 4782 1879 4789 .
1916 4754 2262 4794 rum-servus
2291 4754 2401 4792 non
2434 4753 2528 4793 6Γο
2556 4756 2569 4791 Ξ
2593 4752 2771 4806 neque
2818 4738 2923 4792 Sllb
2968 4752 3122 4792 suam
3168 4745 3491 4807 potestatem

1917 4846 2004 4884 me
2039 4831 2245 4901 rediget
2284 4831 2529 4900 crapula.
2565 4830 2618 4883 Id
2665 4828 2798 4882 mihi
2844 4843 2952 4881 non
2989 4827 3271 4892 conducit,
3311 4843 3491 4897 neque

1915 4922 2058 4975 enim
2092 4920 2322 4975 aedificat
2366 4921 2421 4975 in
2455 4935 2542 4974 me
2569 4919 2797 4973 bonum.
2830 4917 3196 4986 Quapropter,
3228 4932 3490 4972 necessa-

1912 5012 2009 5066 riis
2047 5014 2306 5077 contenti,
2361 5009 2635 5081 superflua
2684 5024 3011 5078 respuamus
3042 5008 3206 5075 _velut
3242 5008 3513 5089 inutilia”:

1911 5103 2022 5157 imo
2050 5104 2212 5157 etiam
2256 5112 2516 5172 tanquam
2541 5117 2662 5171 quae
2706 5099 2838 5152 mihi
2882 5104 3136 5158 noceant,
3170 5105 3223 5151 et
3252 5114 3376 5167 quae
3405 5103 3511 5167 μὴ’

1857 5191 1871 5203 ’
1910 5202 2079 5265 guunt
2125 5194 2392 5249 absurdus
2444 5189 2925 5261 concupiscentias
2983 5188 3052 5242 iis
3109 5188 3204 5257 qui
3257 5203 3322 5242 ea
3360 5205 3489 5259 pos-

1912 5287 2112 5341 sident.

1982 5379 2215 5445 Qmesr.
2239 5378 2328 5432 Cl.
2364 5376 2503 5442 Quid
2534 5384 2619 5431 est
2649 5373 2795 5445 quod
2826 5373 2959 5427 dicit
2998 5390 3012 5428 :
3046 5392 3065 5424 ι
3104 5372 3169 5428 Et
3207 5389 3398 5430 omnes
3431 5375 3485 5428 in

1913 5471 2114 5526 Mosen]
2144 5468 2402 5539 baptizati
2433 5477 2558 5522 sunt
2586 5467 2649 5520 “5.
2684 5485 2702 5517 ι

2008 5591 2051 5621 ⁶¹
2091 5586 2239 5646 Psal.
2278 5600 2429 5653 xvu,
2464 5584 2558 5643 ‘26.
2647 5584 2722 5617 ’⁸³
2762 5581 2782 5638 Ι
2815 5578 2941 5636 Cor.
2977 5596 3065 5648 vt,
3107 5579 3192 5636 15.
3269 5581 3312 5617 ⁸⁸
3352 5581 3482 5639 ibid.
