3836 6194
3541 201 3656 258 760

2140 324 2328 379 ’Δπύκ.
2365 323 2598 396 Σημεῖον
2626 315 2694 394 ἦν
2727 319 2824 374 τοῦ
2882 318 3252 391 βαπτίσματος
3281 315 3341 368 τὸ
3371 314 3652 387 διαπερά-

2061 436 2152 472 σαι
2193 419 2285 471 τὸν
2343 415 2680 488 Ἰσραηλίτην
2719 413 2847 466 λαὸν
2888 413 2948 466 ὲν
2984 414 3048 481 τῇ
3097 409 3332 480 Ἐρυθρᾷ
3365 407 3646 477 θαλάσσῃ.

383 503 458 556 illi
495 502 824 570 transmissi,
857 502 1163 574 effugerunt
1212 504 1558 560 inimicorum
1611 505 1860 572 insidias,
1901 511 1956 560 et

2098 510 2266 580 Jan-ep
2293 507 2401 580 γὰρ
2434 510 2628 560 ἐκεῖνοι
2667 505 3002 576 περάσαντες
3038 501 3236 570 ἔφυγον
3269 499 3380 552 τῶν
3426 497 3652 568 ἐχθρῶν

382 596 433 647 in
465 593 683 648 deserto
709 595 1088 650 nutriebantur
1120 611 1316 649 manna
1361 615 1374 650 :
1417 597 1495 652 sic
1526 597 1688 651 etiam
1737 596 1831 668 qui
1862 597 1958 651 ba-

2098 601 2154 673 ὴν
2209 600 2514 670 ἐπιϐουλὴν,
2569 598 2662 652 καὶ
2711 599 2768 649 ἐν
2811 598 2877 667 τῇ
2915 596 3106 665 ἐρήμῳ
3143 591 3222 661 τῷ
3263 590 3438 660 μάννα
3483 587 3648 657 ἐτρέ-

383 685 567 753 ptizati
591 693 740 750 sunt,
773 685 1071 740 liberantur
1102 701 1132 740 a
1170 688 1438 758 spirituali
1476 687 1776 752 Pharaone,
1809 696 1862 742 et
1890 689 1959 742 ab

2099 709 2217 746 οντο
2241 708 2254 722 °
2291 690 2431 744 οὓτω
2460 691 2524 762 δὴ
2559 691 2654 743 καὶ
2690 692 2737 742 oi
2778 686 3158 757 βαπτιζόμενοι
3198 680 3523 752 λυτροῦνται
3551 679 3648 732 τοῦ

384 773 656 845 Afgyptiis
676 776 1034 841 daemonibus,
1066 786 1550 848 sustentanturque
1581 779 1789 834 coalesti
1819 794 1958 850 pane

2098 782 2246 853 γητοῦ
2269 781 2467 852 Φαραὼ
2487 782 2582 835 καὶ
2605 779 2710 834 τῶν
2735 778 3046 847 Αἰγυπτίων
3075 774 3360 846 δαιμόνων,
3398 773 3496 826 καὶ
3523 771 3649 842 τρέ-

385 865 622 934 Spiritus
651 867 848 923 sancti.
888 867 1024 934 Quia
1055 884 1185 923 vero
1231 870 1299 926 de
1335 870 1604 941 baptismo
1632 884 1812 925 sermo
1849 875 1955 934 est,

2099 894 2250 929 ονται
2313 875 2391 946 τῷ
2433 874 2741 944 ἐπουρανίῳ
2780 873 2929 942 ἄρτῳ
2968 869 3062 923 τοῦ
3103 868 3257 938 ἁγίου
3299 865 3644 935 Πνεύματος.

385 956 632 1014 dicamus
662 956 728 1013 de
753 974 819 1014 θο
851 958 1216 1016 ωῧηῖίοεῑίυεο
2072 968 2223 1021 Ἐπεὶ
2263 967 2320 1020 δὲ
2360 969 2489 1038 περὶ
2519 965 2612 1018 τοῦ
2659 964 3033 1035 βαπτίσματος
3087 961 3115 1012 6
3171 958 3347 1028 λόγος,
3392 956 3650 1026 εἴπωμεν

2062 1059 2392 1129 σαφέστερον
2421 1074 2488 1110 πε
2499 1057 2551 1130 pi.
2586 1055 2770 1109 αὑτοῦ.

379 204 486 259 759
1543 207 1603 264 S.
1647 207 2117 267 ATHANASIUS.
2156 237 2226 250 —-
2265 207 2541 268 SPURIA.

453 319 614 372 Rssr.
650 315 911 388 Baptismi
944 318 1159 389 signum
1201 327 1344 386 erat,
1388 318 1535 391 quod
1577 336 1674 391 per
1707 321 1952 378 Rubrum
1983 329 2030 385 Α

382 423 530 464 mare
559 410 941 479 pertransierit
974 408 1308 466 lsraeliticus
1367 414 1619 484 populus.
1647 413 1782 468 Nam
1813 414 1954 469 sicut

854 1157 933 1213 De
972 1170 1157 1214 sancto
1199 1160 1477 1229 baptismo.

2353 1172 2494 1240 Περὶ
2536 1171 2644 1225 τοῦ
2683 1171 2855 1239 ἁγίου
2890 1169 3332 1236 βαπτίσματος.

457 1247 696 1303 Primum
727 1249 996 1319 baptisma
1029 1251 1130 1305 fuit
1156 1251 1442 1307 inundatio
1479 1251 1668 1308 diluvii
1711 1251 1780 1306 ad
1807 1251 1958 1308 eicio

2129 1264 2353 1335 Πρῶτον
2377 1264 2659 1335 βάπτισμα
2682 1261 2743 1314 τὺ
2765 1260 2856 1313 τοῦ
2882 1256 3266 1328 κατακλυσμοῦ
3292 1257 3372 1319 είς
3398 1253 3648 1323 ἐκκοπὴν

385 1337 622 1392 dendum
672 1351 973 1409 peccatum.
1019 1341 1330 1398 Secundum
1379 1345 1480 1398 fuit
1521 1343 1708 1410 Mosis,
1743 1343 1962 1413 quando

2103 1355 2353 1426 μαρτίας·
2379 1353 2630 1423 δεύτερον
2653 1350 2713 1403 τὸ
2732 1348 2826 1402 τοῦ
2849 1347 3112 1410 Μωσέως,
3135 1347 3224 1399 ὅτε
3244 1343 3341 1415 τὴν
3375 1340 3646 1413 Ἐρυθρὰν

388 1430 642 1485 transivit
685 1432 926 1487 ltubrum
961 1448 1130 1490 mare.
1169 1434 1432 1507 Typicum
1465 1437 1611 1492 enim
1651 1451 1744 1491 seu
1788 1435 1962 1504 ﬁgura

2098 1447 2379 1518 ιεπέρασε·
2415 1445 2642 1498 τυπικὸν
2683 1443 2792 1513 γὰρ
2847 1436 2934 1510 ἦν·
2979 1439 3169 1510 ὥσπερ
3195 1436 3303 1508 γὰρ
3331 1437 3450 1489 ἐκεῖ
3482 1435 3518 1504 ή
3549 1433 3647 1486 θά-

384 1533 503 1577 erat
530 1542 543 1577 :
571 1537 696 1578 nam
727 1525 869 1581 sicut
898 1527 1009 1581 illic
1037 1537 1155 1584 erat
1181 1544 1352 1595 mare,
1384 1531 1462 1585 sic
1491 1529 1546 1584 in
1576 1530 1846 1600 baptismo
1880 1537 1965 1584 est

2098 1556 2259 1603 ασσα,
2288 1537 2431 1591 οὕτω
2465 1534 2530 1591 τὸ
2583 1533 2727 1604 ὕδωρ
2755 1535 2815 1587 ὲν
2840 1532 2918 1604 τῷ
2950 1530 3305 1602 βαπτίσματι·
3332 1527 3428 1582 καὶ
3454 1525 3646 1594 ὥσπερ

388 1630 562 1685 aqua;
592 1625 646 1671 et
680 1618 822 1672 sicut
853 1618 962 1673 illic
989 1629 1109 1675 erat
1147 1621 1342 1683 nubes,
1380 1623 1453 1676 ita
1482 1621 1571 1676 hic
1598 1629 1682 1677 cst
1725 1620 1965 1691 Spiritus

2098 1633 2182 1685 κεῖ
2215 1633 2248 1700 ἡ
2280 1629 2498 1698 νεφέλη.
2530 1627 2705 1688 οὕτως
2746 1623 2981 1678 ἐνταῦθα
3008 1622 3068 1675 τὸ
3099 1617 3421 1723 Πνεῦμαντδ
3464 1617 3646 1719 ἅγιον.

389 1712 634 1761 sanctus.
667 1705 797 1772 Quae
833 1716 1013 1762 autem
1050 1708 1154 1764 ista
1195 1709 1370 1764 nubes
1401 1708 1583 1772 fuerit,
1619 1707 1746 1762 audi
1785 1705 1962 1761 :Cum

2098 1723 2163 1786 ῗίς
2183 1722 2238 1775 δὲ
2259 1717 2327 1792 ἦν
2350 1723 2383 1790 ἡ
2409 1718 2601 1788 νεφέλη
2631 1715 2836 1785 ἐκείνη,
2862 1714 3112 1768 ἄκουσον·
3144 1711 3274 1765 Ὅτε
3303 1707 3529 1779 ἐξῆλθον
3548 1707 3647 1776 τῆς

387 1797 783 1867 egrederentur
820 1816 884 1855 ex
918 1799 1155 1871 Egypto
1193 1800 1403 1856 Hebrazi
1446 1815 1568 1855 cum
1607 1799 1777 1864 Mose,
1813 1798 1964 1854 misit

2098 1813 2338 1882 ιίγύπτου
2367 1812 2418 1864 oi.
2463 1809 2701 1880 Ἑϐραῖοι
2739 1806 2877 1878 μετὰ
2917 1805 3182 1867 Μωσέως,
3214 1799 3535 1856 ἀπέστειλεν
3561 1800 3648 1851 νέ-

391 1891 589 1944 nubem
622 1892 782 1946 veluti
809 1892 1118 1946 columnam
1143 1893 1306 1962 ignis,
1335 1908 1456 1962 quae
1487 1891 1595 1947 illis
1627 1891 1830 1946 luceret
1861 1905 1963 1944 no-

2098 1920 2184 1966 ιος,
2217 1900 2408 1971 ὥσπερ
2440 1897 2628 1952 στῦλον
2660 1897 2854 1968 πυρὸς,
2891 1896 2985 1948 καὶ
3020 1892 3281 1962 ἐφώτιζεν
3312 1891 3515 1952 αὐτοὺς
3546 1888 3647 1959 τὴν

390 1989 504 2046 ctu,
552 1991 610 2035 ut
641 1982 894 2038 videlicet
927 1995 1090 2038 noctu
1141 1999 1359 2053 quoque
1401 1988 1622 2052 possent
1661 1981 1961 2042 ambulare,

2099 1992 2256 2053 ύκτα,
2296 1989 2438 2042 ὥστε
2474 1987 2797 2058 περιπατεῖν
2836 1984 3032 2039 αὐτοὺς
3071 1981 3165 2035 καὶ
3205 1979 3300 2050 τὴν
3330 1977 3526 2039 νύκτα,
3558 1976 3646 2029 ἵνα

391 2087 460 2128 ne
488 2074 634 2142 ipsos
666 2074 989 2145 attingerent
1016 2073 1276 2146 Egyptii.
1311 2073 1653 2143 Sequebatur
1685 2079 1864 2127 autem
1896 2071 1962 2125 il-

391 2165 476 2220 los
512 2166 682 2222 nubes
727 2180 760 2220 a
796 2175 968 2237 tergo,
1005 2173 1060 2222 et
1097 2167 1310 2236 tegebat
1337 2180 1455 2232 eos,
1503 2180 1573 2220 ne
1609 2165 1758 2234 ipsos
1794 2161 1965 2233 IEgy-

393 2257 491 2326 ptii
525 2257 707 2312 videre
755 2267 1000 2327 possent.
1034 2257 1210 2327 Atque
1253 2257 1355 2312 hoc
1402 2266 1484 2313 est
1535 2257 1832 2312 secundum
1872 2255 1966 2310 ba-

393 2344 611 2414 ptisma.
645 2344 887 2400 Tertium
918 2355 1036 2401 crat
1085 2347 1256 2418 legale
1311 2348 1456 2418 apud
1504 2347 1778 2405 Hebraaos.
1831 2341 1965 2401 Nam

395 2438 708 2507 quicunque
738 2447 855 2494 erat
889 2439 1222 2506 immundus,
1257 2454 1396 2510 aqua
1425 2441 1729 2505 lavabatur,
1763 2447 1817 2496 et
1840 2454 1968 2495 suas

395 2543 613 2598 quoque
642 2540 820 2585 vestes
849 2530 1122 2594 abluebat,
1163 2540 1218 2586 et
1255 2532 1334 2587 sic
1367 2533 1629 2588 introibat
1678 2533 1733 2586 in
1763 2541 1967 2587 castra.

396 2618 661 2685 Quartum
696 2619 989 2690 baptisma,
1027 2619 1127 2675 fuit
1153 2619 1400 2677 Joannis.
1426 2621 1810 2677 lntroducebat
1848 2621 1967 2692 qui-

397 2712 521 2767 dem
557 2713 710 2781 illud;
744 2713 984 2768 nondum
1032 2723 1210 2770 tamen
1254 2723 1368 2768 erat
1412 2715 1634 2769 omnino
1665 2715 1969 2784 spirituale,

397 2805 492 2859 scd
519 2805 587 2859 ad
631 2807 1006 2875 penitentiam
1045 2807 1409 2862 solummodo.
1445 2807 1704 2874 Quintum
1737 2823 1834 2876 per
1866 2806 1974 2862 Do-

396 2900 613 2953 minum
641 2906 889 2953 nostrum
919 2897 1104 2953 Jesum
1138 2898 1441 2966 Christum,
1489 2913 1600 2968 quo
1650 2900 1811 2954 etiam
1858 2899 1976 2968 ipse

2069 2085 2143 2156 μὴ
2175 2082 2453 2152 φθάσωσιν
2479 2079 2676 2142 αὐτοὺς
2703 2077 2753 2130 οί
2775 2075 3078 2145 Αἰγύπτιοι.
3110 2071 3367 2126 Ὄπισθεν
3389 2070 3443 2122 δὲ
3465 2066 3646 2121 αὐτῶν

2065 2173 2389 2246 περιεπάτει
2422 2169 2642 2239 νεφέλη,
2689 2168 2784 2222 καὶ
2826 2165 3152 2229 ἐπεσκίαζεν
3196 2163 3410 2224 αὐτοὺς,
3445 2161 3535 2212 ἵνα
3573 2159 3646 2230 μὴ

2063 2266 2262 2338 ὁρῶσιν
2289 2263 2485 2325 αὐτοὺς
2510 2263 2558 2315 οἱ
2586 2258 2890 2327 Αἰγύπτιοι.
2920 2257 3028 2309 Καὶ
3051 2253 3205 2308 τοῦτό
3230 2256 3343 2305 ἐστι
3374 2253 3435 2305 τὸ
3465 2251 3647 2304 δεύτε-

2069 2376 2161 2432 ρον
2202 2357 2500 2428 βάπτισμα.
2547 2351 2742 2423 Τρίτον
2774 2350 2830 2403 δὲ
2861 2349 2924 2402 τὸ
2963 2347 3205 2417 νομικὸν,
3255 2345 3390 2415 ὅπερ
3427 2339 3573 2413 εἶχον
3600 2342 3646 2394 οἱ

2079 2451 2338 2522 Ἑϐραῖοι.
2386 2449 2504 2513 Πᾶς
2541 2445 2649 2517 γὰρ
2693 2442 3005 2514 ἀκάθαρτος
3034 2440 3248 2493 ἐλούετο
3275 2438 3448 2499 ῦδατι,
3484 2434 3647 2488 ἐπλύ-

2067 2561 2190 2599 νετο
2218 2542 2286 2598 τὰ
2330 2540 2522 2612 ἱμάτια
2564 2536 2753 2602 αὑτοῦ,
2797 2537 2890 2589 καὶ
2925 2533 3096 2596 οὕτως
3139 2533 3421 2602 εἰσήρχετο
3444 2529 3526 2590 είς
3551 2527 3646 2597 τὴν

2069 2633 2439 2706 παρεμϐολήν.
2484 2629 2758 2702 Τέταρτον
2811 2626 3090 2697 βάπτισμα
3137 2623 3199 2676 τὸ
3249 2621 3341 2674 τοῦ
3376 2619 3644 2678 Ἰωάννου,

2071 2725 2428 2796 εἰσαγωγικδν
2464 2725 2586 2794 μὲν,
2610 2723 2762 2776 οὔπω
2781 2723 2837 2774 δὲ
2865 2720 2984 2774 ὅλον
3007 2714 3397 2786 πνευματικὸν,
3432 2711 3547 2764 ἀλλ’
3574 2711 3647 2773 είς

2075 2820 2364 2891 μετάνοιαν
2395 2817 2572 2887 μόνον.
2616 2815 2876 2885 Πέμπτον
2911 2811 2972 2863 τὸ
3004 2808 3090 2862 διὰ
3131 2807 3225 2860 τοῦ
3256 2805 3463 2874 Κυρίου
3493 2801 3647 2871 ἡμῶν

2086 2909 2260 2981 Ἰησοῦ
2293 2907 2553 2980 Χριστοῦ,
2599 2907 2736 2976 ὅπερ
2775 2905 2870 2958 καὶ
2911 2902 3071 2964 αὐτὸς
3100 2898 3450 2951 ἐϐαπτίσατο.
3482 2892 3652 2946 Τοῦτο

397 2989 706 3060 baptizatus
750 2997 856 3044 est.
894 2988 1096 3059 Estque
1129 2989 1234 3044 hoc
1288 2996 1460 3044 totum
1505 2991 1788 3059 spirituale
1820 3009 1833 3045 :
1867 3005 1977 3060 quo

2098 3002 2132 3053 ἰὲ
2161 3001 2279 3054 ὅλον
2318 2997 2704 3069 πνευματικόνο
2744 2994 2902 3048 τοῦτο
2942 2991 3035 3046 καὶ
3061 2991 3221 3061 ἡμεῖς
3256 2983 3647 3057 βαπτιζόμεθα.

399 3099 502 3138 nos
539 3097 757 3153 quoque
784 3082 1144 3152 baptizamur.
1183 3082 1405 3138 Sextum
1442 3083 1700 3153 lacrymis
1737 3089 1972 3147 constat,

399 3184 592 3244 estque
631 3190 756 3229 vere
790 3174 1122 3228 laboriosum
1168 3174 1495 3244 durumque.
1533 3174 1712 3229 Veluti
1755 3177 1844 3246 qui
1884 3190 1978 3244 per

403 3268 648 3336 singulas
685 3274 873 3322 noctes
904 3270 1049 3320 lavat
1080 3267 1280 3320 lectum
1306 3282 1464 3322 suum
1493 3266 1558 3332 ⁸⁷,
1590 3267 1681 3336 qui
1714 3267 1980 3336 pmniten-

404 3362 478 3414 tia
506 3361 745 3424 ducitur,
772 3366 827 3414 et
861 3359 1009 3430 luget
1047 3374 1211 3430 super
1242 3359 1484 3429 peccatis
1515 3373 1637 3430 quae
1681 3359 1976 3414 commisit.

407 3452 708 3521 Septimum
745 3451 1015 3522 baptisma
1046 3467 1140 3522 per
1185 3452 1512 3523 martyrium
1561 3459 1615 3507 et
1658 3452 1979 3522 sanguinem

404 3551 509 3607 est,
543 3558 655 3622 quo
690 3542 942 3598 Christus
995 3558 1213 3614 quoque
1267 3544 1577 3615 baptizatus
1629 3552 1731 3598 est.
1777 3543 1981 3614 Estque

405 3642 559 3688 tanto
589 3634 712 3689 aliis
743 3634 1126 3702 venerabilius,
1172 3643 1380 3705 quanto
1423 3636 1606 3691 minus
1643 3636 1823 3691 denuo
1865 3634 1982 3705 pol-

405 3728 579 3783 luitur
613 3728 892 3784 sordibus.
925 3727 1187 3782 Octavum
1232 3736 1287 3782 et
1319 3735 1654 3798 postremum
1687 3743 1796 3782 non
1834 3728 1982 3783 salu-

406 3830 547 3884 tare,
577 3820 670 3876 sed
693 3821 893 3876 ardens
921 3829 1027 3884 est,
1053 3818 1200 3890 quod
1243 3829 1506 3875 aeternum
1537 3819 1655 3875 sine
1695 3819 1800 3874 ﬁne
1829 3819 1982 3890 punit

410 3918 753 3982 peccatores.

481 4000 701 4067 Quaas'r.
731 3999 838 4054 Cll.
863 4000 1002 4064 Quid
1029 4007 1115 4056 est
1145 3999 1290 4071 quod
1322 4000 1497 4071 inquit
1523 4020 1536 4056 :
1566 4018 1584 4051 ι
1619 3998 1760 4055 Caro
1782 4010 1835 4056 et
1856 4014 1986 4055 san-

412 4092 533 4163 guis
563 4107 788 4162 regnum
821 4089 915 4145 Dei
949 4090 1230 4162 possidere
1259 4105 1369 4144 non
1402 4098 1632 4160 possunt
1654 4090 1743 4143 "ﬁt
1785 4109 1803 4140 ι

482 4180 646 4236 Resp.
689 4179 844 4246 Quod
873 4181 1187 4250 quicunque
1228 4195 1452 4236 carnem
1506 4196 1662 4236 suam
1715 4180 1885 4235 nutrit
1916 4180 1982 4235 ad

411 4273 741 4337 satietatem,
775 4287 1003 4342 regnum
1039 4271 1136 4328 Dei
1170 4272 1434 4343 consequi
1473 4288 1582 4328 non
1611 4272 1801 4343 possit.

481 4365 705 4430 Qua-251'.
738 4338 870 4418 Clll‘.
921 4364 1060 4429 Quid
1091 4373 1175 4418 est
1203 4338 1374 4432 quod_
1403 4363 1580 4432 inquit
1611 4338 1640 4419 τε
1694 4382 1712 4413 ι
1741 4362 1844 4429 Qui
1873 4379 1980 4417 non
2015 4338 2058 4394 θ

413 4456 590 4525 diligit
624 4454 910 4508 Dominum
945 4461 1190 4509 nostrum
1213 4453 1400 4510 Jesum
1429 4453 1730 4518 Christum,
1753 4454 1823 4509 sit
1851 4469 1986 4507 ana-

414 4548 618 4608 thema,
646 4544 830 4599 Maran
867 4545 992 4599 atha
1013 4545 1099 4599 "?
1139 4565 1158 4597 ι

485 4637 648 4693 Βεει).
681 4636 794 4692 Hoc
823 4644 906 4692 est
937 4654 951 4692 :
985 4635 1066 4692 Ab
1096 4635 1338 4692 Ecclesia
1374 4643 1428 4692 et
1456 4651 1486 4690 a
1519 4635 1770 4692 ﬁdelibus
1801 4651 1984 4706 segre-

415 4738 539 4798 gate
566 4744 715 4793 eum,
757 4729 934 4798 sitque
971 4737 1255 4797 separatus
1292 4744 1320 4782 a
1352 4729 1552 4798 populo
1596 4729 1708 4792 ille,
1738 4729 1832 4799 qui
1874 4743 1982 4782 non

415 4821 614 4874 credit.
641 4819 904 4875 Dominus
929 4820 1075 4875 enim
1109 4821 1283 4884 venit,
1329 4819 1461 4874 illud
1503 4834 1739 4890 namque
1779 4817 1986 4890 signiﬁ-

417 4927 574 4969 catur
608 4929 704 4984 per
743 4913 928 4968 Maran
965 4915 1112 4970 atha.

489 5004 711 5070 011.1531.
747 5003 880 5058 CIV.
932 5003 1073 5070 Quid
1112 5003 1239 5058 illud
1276 5012 1359 5058 est
1394 5023 1408 5059 :
1443 5021 1462 5055 ι
1509 5002 1566 5056 Si
1597 5017 1704 5074 qua
1747 5017 1886 5057 nova
1933 5001 1990 5056 in

418 5093 639 5149 Christo
670 5101 922 5148 creatura
955 5103 1250 5148 renovatur
1275 5094 1364 5146 7°?
1405 5112 1424 5144 ι

493 5199 652 5238 ιιεεν.
687 5183 802 5238 Ηοο
830 5192 915 5237 cst
950 5199 962 5234 :
997 5181 1054 5236 Si
1085 5181 1208 5252 quis
1243 5182 1297 5234 in
1333 5179 1612 5235 Christum
1643 5177 1892 5243 credidit,
1937 5178 1990 5233 in

422 5275 584 5328 aliam
616 5275 784 5328 vitam
834 5274 1087 5328 transivit
1137 5291 1152 5328 :
1203 5288 1327 5326 nam
1367 5287 1396 5326 e
1427 5271 1681 5342 supernis
1720 5277 1801 5324 est
1830 5275 1992 5323 natus

422 5382 519 5436 pvr
563 5367 817 5436 spiritum
851 5376 905 5422 et
945 5367 1078 5420 vivit
1107 5381 1217 5419 non
1255 5381 1374 5421 eam
1409 5381 1528 5435 quae
1559 5364 1611 5418 in
1643 5362 1882 5434 peccatis
1909 5360 1991 5417 vi-

425 5467 560 5524 tam,
598 5457 690 5513 sed
725 5472 847 5529 quae
875 5467 959 5513 est
992 5456 1046 5511 in
1075 5456 1290 5527 spiritu.

2081 3095 2278 3147 ’Ἕκτον
2304 3093 2365 3145 τὸ
2393 3091 2484 3145 διὰ
2508 3089 2782 3161 δακρύων,
2817 3087 2984 3148 ὅντως
3010 3085 3285 3142 ἐπίπονον,
3310 3079 3384 3140 ὡς
3422 3079 3450 3129 ὁ
3485 3076 3650 3127 λούων

2077 3185 2200 3239 καθ’
2230 3183 2465 3253 ἑκάστην
2497 3181 2664 3235 νύκτα
2695 3181 2791 3252 τὴν
2823 3177 3008 3246 κλίνην
3029 3173 3214 3236 αὐτοῦ,
3248 3170 3341 3224 καὶ
3382 3165 3652 3239 μετανοῶν

2078 3271 2173 3324 καί
2211 3269 2423 3341 θρηνῶν
2461 3267 2547 3337 ἐφ’
2577 3265 2658 3330 οἷς
2685 3269 2953 3337 ἥμαρτεν.
2989 3262 3251 3331 Ἔϐδομον
3283 3259 3572 3329 βάπτισμα
3598 3253 3652 3307 τὸ

2077 3362 2166 3416 διὰ
2199 3361 2494 3432 μαρτυρίου
2519 3359 2614 3413 καὶ
2633 3360 2882 3428 αἵματος,
2907 3357 3044 3426 ὅπερ
3066 3355 3160 3406 καὶ
3182 3351 3342 3414 αὐτὸς
3370 3352 3399 3402 ὁ
3425 3345 3654 3418 Χριστὸς

2080 3455 2428 3517 ὲϐαπτίσατο,
2466 3453 2561 3506 καὶ
2595 3450 2728 3504 πολύ
2768 3466 2831 3517 γε
2859 3447 2964 3502 τῶν
3002 3446 3174 3501 ἄλλων
3207 3440 3650 3512 αἱδεσιμώτερον,

2079 3548 2189 3618 ὅσῳ
2227 3545 2497 3616 δευτέροις
2543 3542 2733 3614 ρύποις
2759 3542 2822 3594 ού
2865 3539 3166 3610 μολύνεται.
3219 3533 3441 3601 Ὄγδοον
3475 3531 3538 3583 τὸ
3569 3548 3654 3582 τε-

2079 3637 2322 3690 λευταῖον
2360 3636 2418 3690 οὐ
2460 3635 2744 3705 σωτήριον,
2775 3632 2908 3686 ἀλλὰ
2935 3627 3249 3689 καυστικὸν,
3295 3625 3392 3678 καὶ
3432 3622 3656 3687 κολάζον

2081 3727 2412 3800 άτελεύτητα
2444 3726 2540 3779 καὶ
2567 3724 2802 3786 αἰωνίως
2831 3722 2957 3785 τοὺς
2985 3715 3359 3790 ἁμαρτωλούς.

2166 3987 2356 4062 Ἐρώτ.
2397 3987 2497 4058 ρβ’.
2549 3985 2614 4040 Τί
2650 3983 2817 4053 λέγει’
2849 4002 2868 4035 ι
2907 3981 3051 4053 Σάρξ
3085 3979 3180 4034 καὶ
3212 3970 3350 4046 αἷμα
3384 3971 3660 4044 βασιλείαν

2081 4081 2217 4136 Θεοῦ
2241 4080 2646 4152 κληρονομῆσαι
2679 4077 2741 4130 ού
2766 4074 3016 4140 δύναται;
3055 4090 3073 4123 ι

2167 4171 2356 4224 Ἀπόκ.
2391 4171 2512 4224 ’Ότι
2557 4169 2666 4231 πᾶς
2698 4169 2726 4220 6
2752 4166 2850 4238 τὴν
2895 4163 3087 4218 ἑαυτοῦ
3122 4163 3296 4232 σάρκα
3337 4158 3554 4230 τρέφων
3582 4156 3660 4220 είς

2085 4265 2266 4336 κόρον,
2299 4262 2358 4316 ού
2388 4262 2609 4316 δύναται
2641 4258 2913 4330 βασιλείας
2940 4255 3073 4310 Θεοῦ
3095 4251 3519 4324 κληρονομῆσαι.

2170 4354 2361 4426 Ἐρώτ.
2390 4360 2494 4425 ργ’.
2520 4353 2583 4404 Τί
2608 4352 2776 4419 λέγει·
2824 4369 2841 4401 ι
2875 4350 3040 4410 Εἵτις
3077 4347 3136 4400 ού
3173 4345 3316 4415 φιλεῖ
3344 4343 3434 4395 τὸν
3459 4340 3665 4411 Κύριον

2087 4446 2244 4519 ἡμῶν
2283 4443 2488 4514 Ἰησοῦν
2519 4442 2773 4515 Χριστὸν,
2805 4441 2917 4512 ἡτω
2945 4436 3212 4507 ἀνάθεμα,
3249 4433 3444 4503 Μαρὰν
3473 4430 3607 4495 ἁθά;
3642 4447 3661 4480 ι

2173 4625 2360 4678 Ἀπόκ.
2403 4621 2682 4676 Τουτέστε·
2719 4618 3002 4689 Χωρίσατε
3045 4614 3206 4692 αύτὸν
3255 4611 3363 4665 ἀπὸ
3406 4609 3507 4680 τῆς
3548 4609 3669 4660 Ἐκ·-

2090 4717 2317 4787 κλησίας
2347 4715 2440 4769 καὶ
2459 4713 2566 4766 τῶν
2591 4711 2819 4776 πιστῶν,
2848 4710 2939 4765 καὶ
2959 4709 3099 4762 ἔστω
3130 4702 3535 4775 κεχωρισμένος
3564 4699 3669 4753 ἀπὸ

2090 4810 2185 4864 τοῦ
2211 4808 2341 4862 λαοῦ
2373 4811 2400 4860 6
2433 4805 2506 4878 μὴ
2542 4803 2830 4859 πιστεύων.
2875 4803 2933 4855 '0
2962 4802 3070 4870 γὰρ
3098 4798 3300 4869 Κύριος
3326 4792 3478 4866 ἦλθε·
3514 4793 3670 4848 τοῦτο

2095 4902 2203 4975 γὰρ
2231 4899 2522 4973 ἑρμηνεύει
2554 4898 2614 4950 τὸ
2642 4895 2838 4968 Μαρὰν
2868 4893 2993 4947 ἀθά.

2179 4992 2372 5064 Ἐρὼτ.
2403 4991 2496 5062 ρδ’.
2535 5007 2553 5041 ι
2591 4990 2658 5042 Εἴ
2679 5004 2761 5049 τις
2787 4988 2843 5038 ὲν
2876 4980 3096 5056 Χριστῷ
3130 4979 3289 5050 καινὴ
3323 4977 3520 5039 κτίσις,
3546 4975 3673 5028 (ἄνει⁸

2098 5085 2434 5148 καινίζεταις
2461 5101 2479 5134 ι
2953 5080 2960 5087 “

2182 5175 2369 5229 Ἀπόκ.
2411 5171 2720 5226 Τουτέστινο
2759 5168 2828 5221 Εἴ
2854 5184 2934 5230 τις
2965 5165 3043 5228 είς
3070 5160 3304 5232 Χριστὸν
3339 5158 3672 5216 ἐπίστευσεν,

2099 5271 2178 5331 εἰς
2212 5268 2403 5336 ἑτέραν
2443 5259 2575 5334 ἦλθε
2619 5260 2910 5330 διαγωγήν.
2959 5255 3200 5309 Ἀνωθεν
3239 5253 3348 5323 γὰρ
3413 5249 3671 5319 ἐγεννήθη

2096 5359 2186 5412 διὰ
2209 5356 2302 5410 τοῦ
2333 5354 2667 5423 Πνεύματος,
2694 5351 2789 5404 καὶ
2815 5348 2882 5422 ζῇ
2907 5349 2967 5401 οὐ
2989 5347 3086 5418 τὴν
3112 5347 3170 5402 ὲν
3196 5342 3514 5416 ἁμαρτίαις,
3544 5339 3672 5394 ἀλλὰ

2099 5449 2194 5520 τὴν
2229 5450 2285 5503 ὲν
2316 5446 2582 5518 πνεύματι
2612 5443 2776 5513 ζωήν.

502 5615 541 5646 "
584 5614 726 5670 Psal.
766 5631 856 5683 vt,
895 5615 944 5672 7.
1023 5615 1064 5647 ⁸⁸
1105 5613 1123 5666 l
1158 5613 1284 5670 Cor.
1322 5629 1409 5681 xv,
1445 5612 1531 5668 50.
1612 5611 1654 5643 θ’
1723 5607 1742 5662 ι
1779 5608 1900 5663 Cor.
1942 5623 1981 5661 ι·

2098 5603 2176 5658 2?...
2256 5603 2301 5635 ὀ
2343 5601 2382 5655 ll
2419 5601 2544 5655 (lor.
2585 5615 2637 5664 v,
2681 5597 2760 5652 Π.
