3852 6192
143 279 233 337 mi

220 395 417 470 Ἐρώτ.
455 403 551 469 ρε’.
582 409 603 449 ι
635 396 769 469 Τρὶς
796 394 1129 469 ἐναυάγησα.
1169 416 1190 451 ι

220 488 415 543 ’Δπόκ.
445 488 737 551 Μυστικῶς
771 488 1140 560 αἰνιττόμενος
1180 489 1347 559 λέγει.
1383 488 1579 560 Τρίτον
1611 484 1720 558 γὰρ

140 578 479 649 ἐναυάγησεν
503 580 537 649 ἡ
572 578 946 651 ἁνθρωπότης·
983 580 1198 650 πρῶτον
1216 582 1305 635 διὰ
1336 581 1436 653 τῆς
1465 580 1719 653 παραϐά-

138 686 302 736 σεως·
331 670 582 743 δεύτερον
610 673 669 726 ἐν
702 671 782 743 τῷ
820 673 1190 747 κατακλυσμῷ
1213 674 1309 728 τοῦ
1333 674 1478 728 Νῶε·
1516 673 1718 746 τρίτον,

139 762 284 833 μετὰ
311 764 374 818 τὸ
405 763 659 830 δέξασθαι
701 765 792 818 τὸν
830 766 1014 837 νόμον,
1049 769 1128 830 είς
1160 766 1603 837 είδωλολατρείαν
1631 763 1719 831 ἐξ·

138 855 340 908 έπεσεν
381 858 410 909 ὁ
446 856 594 921 λαὸς,
631 856 737 919 ἕως
770 856 939 910 ἐλθὼν
964 861 993 911 ό
1024 858 1132 911 τῶν
1161 856 1350 929 ψυχῶν
1381 858 1723 930 κυϐερνήτης

139 946 399 1017 Χριστὸς,
427 947 522 1000 καὶ
559 948 765 1018 στήσας
789 947 849 1001 τὺ
881 948 1049 1002 ίστίον
1075 948 1169 1004 τοῦ
1201 949 1459 1022 σταυροῦ,
1485 950 1721 1022 ἀχείμα-

138 1053 269 1090 στον
297 1038 455 1109 ἡμῶν
472 1037 566 1092 τὸν
589 1038 757 1093 πλοῦν
785 1041 867 1105 εις
891 1041 1118 1114 οὐρανὸν
1141 1040 1509 1113 ᾠκοδόμησεν.
1560 1096 1579 1117 ⁸

223 1211 419 1284 Ἐρώτ.
453 1219 559 1285 ρξ’.
588 1232 607 1265 ι
633 1213 993 1287 Νυχθήμερον
1016 1217 1073 1271 ἐν
1095 1216 1173 1289 τῷ
1192 1216 1339 1289 βυθῷ
1366 1216 1673 1289 πεποίηκα;
1700 1236 1719 1273 ι

225 1387 420 1441 ’Δπόκ.
469 1387 830 1461 Νυχθήμερον
879 1388 957 1456 (5)
1003 1387 1153 1457 λέγει
1192 1387 1289 1459 τὴν
1322 1388 1428 1461 πρὸ
1463 1387 1563 1459 τῆς
1591 1390 1728 1460 Χρι-
1794 1420 1799 1425 -

139 1478 275 1563 στοῦ
346 1480 649 1551 παρουσίας
722 1481 780 1534 ἐν
855 1483 1102 1553 σκοτεινῇ
1177 1479 1354 1552 πλάνῃ
1417 1480 1722 1553 διατριϐήν·

139 1571 360 1643 ἡμέραν
384 1570 618 1641 δέλέγει
644 1571 742 1642 τὴν
779 1571 918 1643 μετὰ
949 1572 1043 1625 τοῦ
1079 1572 1312 1645 Χριστοῦ
1344 1573 1642 1646 παρουσίαν
1668 1574 1726 1628 ἐν

138 1660 221 1732 τῷ
255 1658 503 1732 φωτεινῷ
536 1659 872 1732 βαπτίσματι
897 1661 1196 1734 διαγωγήν.

1083 277 1554 347 QUESTIONES
1592 275 1663 334 IN
1702 275 2089 334 EPISTOLAS
2127 275 2356 333 PAULI.

1751 396 1798 454 Α
1896 395 2121 460 ρυεετ.
2167 393 2284 452 CV.
2329 412 2348 446 ι
2378 391 2485 449 Ter
2517 389 2864 463 naufragium
2901 390 3006 447 feci
3037 391 3105 446 τί.
3136 408 3156 443 ι

3300 276 3411 333 763

1895 485 2062 542 Resp.
2099 486 2326 558 Mystice
2356 487 2593 541 innuens
2636 485 2742 539 hoc
2782 484 2935 550 dicit,
2962 483 3108 554 quod
3148 492 3231 540 ter
3271 500 3413 540 nau-

1822 578 2060 650 fragium
2119 594 2282 649 passa
2322 579 2394 634 sit
2442 578 2680 632 humana
2728 584 2948 631 natura.
2985 576 3251 644 Primum,
3310 594 3409 647 per

1824 672 2346 741 transgressionem.
2399 668 2675 735 Secundo,
2724 668 2780 723 in
2822 669 3027 723 diluvio
3071 669 3409 739 temporibus

1821 763 1956 819 Noe.
1996 763 2207 827 Tertio,
2242 769 2365 834 post
2392 771 2673 832 acceptam
2710 762 2907 831 legem,
2940 776 3063 815 cum
3096 762 3150 814 in
3182 760 3410 814 idolola-

1823 855 1985 909 triam
2022 854 2309 910 incidisset
2347 856 2601 924 p0pulus,
2628 868 2802 923 usque
2824 854 2952 907 dum
2982 853 3129 907 venit
3155 852 3409 908 Christus

1822 944 2159 1015 gubernator
2210 944 2539 1007 animarum,
2587 942 2680 1013 qui
2720 943 2886 1014 276
2924 942 3097 998 erexit
3150 942 3406 996 vexillum

1825 1036 2031 1098 crucis,
2067 1044 2122 1091 et
2151 1035 2503 1107 tranquillam
2526 1035 2687 1090 nobis
2715 1035 3118 1103 navigationem
3147 1035 3214 1090 ad
3236 1035 3410 1091 caelos

1824 1125 2059 1196 paravit.

1897 1213 2263 1281 0055111“.
2290 1214 2431 1282 Quid
2460 1223 2544 1271 est
2574 1233 2587 1270 :
2626 1233 2644 1267 ι
2684 1215 2914 1271 Noctem
2954 1225 3120 1288 atque
3154 1216 3300 1273 diem
3350 1217 3409 1272 in

1826 1306 2103 1378 profundo
2126 1306 2212 1377 egi
2232 1307 2316 1360 "1'
2337 1325 2356 1358 ι
3229 1374 3235 1381 ,

1899 1397 2063 1453 Rssr.
2096 1397 2323 1453 Noctem
2382 1396 2519 1451 dicit
2549 1398 3027 1452 conversationem
3062 1397 3117 1451 in
3149 1399 3408 1454 tenebro-

1828 1489 1906 1544 sis
1924 1488 2240 1555 erroribus;
2264 1488 2406 1542 diem
2428 1502 2578 1549 vero.
2604 1488 2772 1542 vitam
2809 1496 2933 1558 post
2948 1487 3239 1543 adventum
3261 1489 3413 1545 Chri-

1829 1578 1902 1635 sti
1928 1586 2263 1635 transactam
2295 1580 2352 1634 in
2375 1579 2628 1635 claritate
2651 1580 2930 1650 baptismi.
2996 1598 3002 1605 ·

227 1750 445 1824 Ἑτέρα.
498 1753 656 1817 Τινὲς
698 1752 756 1807 δέ
804 1771 987 1823 φασιν,
1039 1756 1119 1809 ὅτι
1172 1756 1229 1809 ἐν
1274 1754 1422 1827 μέσῳ
1462 1754 1732 1823 πελάγους

1902 1750 2063 1808 Ant.
2122 1751 2323 1808 Dicunt
2375 1761 2559 1809 autem
2615 1753 2863 1823 quidam,
2919 1754 3068 1824 quod
3120 1756 3176 1810 in
3232 1756 3415 1812 medio

142 1842 348 1898 πλέων·
376 1846 425 1897 oi
454 1844 530 1910 δέ,
563 1845 645 1898 ὅτι
672 1846 969 1916 νηχόμενος
1000 1847 1094 1900 καὶ
1121 1846 1426 1918 κολυμϐῶν,
1460 1845 1587 1901 ἔνθα
1607 1844 1730 1900 οὔτε

146 1936 254 2007 γῆν
280 1933 407 1989 οὔτε
439 1935 562 2007 ὅρος
596 1930 664 2007 ἧν
700 1936 846 1989 ἰδεῖν.

216 2108 492 2182 Κείμενον
526 2109 626 2183 ρξ’.
656 2128 675 2165 ι
723 2110 909 2182 Ἐδόθη
944 2128 1032 2181 μοι
1058 2109 1290 2182 σκώλωψ
1316 2113 1382 2183 τῇ
1416 2110 1602 2183 σαρκὶ,
1632 2110 1732 2179 ἄγ-

143 2199 308 2269 γελος
347 2198 547 2267 Σατὰν,
576 2200 663 2254 ἴνα
701 2217 767 2272 με
799 2199 1085 2271 κολαφίζῃ.
1123 2219 1143 2254 ι

231 2292 463 2365 Ἐρμην.
508 2293 683 2348 Σατὰν
715 2294 743 2346 ό
770 2292 1143 2364 ἀντικείμενος
1179 2290 1415 2362 λέγεται.
1465 2292 1734 2362 Ἄγγελον

142 2383 330 2436 τοίνυν
380 2383 555 2439 Σατὰν
597 2384 747 2453 λέγει
816 2383 1164 2454 Ἀλέξανδρον
1209 2385 1302 2439 τὸν
1352 2384 1578 2455 χαλκέα,
1637 2386 1733 2439 καὶ

157 2475 454 2547 Ὑμέναιον
476 2477 570 2531 καὶ
592 2477 819 2549 Φιλητὸν
837 2517 852 2542 ,
895 2478 1092 2540 οἵτινες
1122 2476 1408 2549 ἐπείραζον
1430 2477 1612 2540 αὐτὸν,
1639 2478 1733 2532 καὶ

144 2569 465 2623 ἀντέκειντο
491 2569 762 2639 λέγοντες,
790 2571 871 2624 ὅτι
903 2570 1197 2633 ἀνάστασις
1224 2570 1458 2640 ἐγένετο·
1486 2571 1579 2624 καὶ
1600 2587 1734 2641 κρα-

143 2660 373 2725 τοῦντες
418 2660 603 2725 αὐτὸν,
655 2662 847 2716 ἔϐαλον
894 2664 975 2727 εἰς
1018 2661 1387 2735 δεσμωτήρια,
1440 2661 1734 2717 καὶπολλὰ

144 2750 298 2803 κακὰ
324 2748 473 2819 αύτῷ
500 2748 848 2814 ἐνεδείξαντο.

218 2840 493 2911 Κείμενον
522 2846 625 2910 ρη’.
662 2858 682 2892 ι
725 2841 909 2912 Ἀρκεί
940 2842 1077 2912 σοιή
1115 2842 1274 2914 χάρις
1304 2858 1425 2911 μου.
1462 2860 1482 2893 ι

234 2931 427 2985 ’Δπόκ.
470 2930 627 2985 Τοῦτ’
666 2931 833 2985 ἔστιν·
881 2933 1068 3005 ’Δρκεῖ
1100 2951 1181 2988 σοι
1219 2935 1253 3005 ἡ
1298 2934 1459 3006 χάρις
1494 2951 1617 3006 μου,
1651 2935 1736 2990 ὅτι

144 3026 383 3096 νεκροὺς
413 3025 670 3098 ἐγείρεις,
710 3026 804 3080 καὶ
829 3027 1065 3097 τυφλοὺς
1095 3027 1439 3100 θεραπεύεις,
1473 3029 1568 3083 καὶ
1597 3029 1734 3085 ἄλλα

143 3117 262 3171 τῶν
293 3117 536 3188 σημείων
568 3120 765 3182 ποιεῖς.
806 3118 1181 3191 Ἐλαυνόμενοι
1208 3119 1265 3173 δὲ
1297 3121 1390 3175 καὶ
1421 3120 1737 3194 διωκόμενοι

144 3210 343 3264 νικᾶτε
374 3211 502 3274 τοὺς
532 3210 853 3276 διώκοντας.

232 3298 433 3371 Ἐρώτ.
476 3299 579 3371 ρθ¹.
604 3300 670 3354 Τί
698 3299 867 3370 λέγει·
905 3319 925 3353 ι
967 3301 1122 3373 Ἐμοὶ
1143 3302 1348 3374 κόσμος
1374 3299 1736 3375 ἐσταύρωται,

145 3390 312 3461 κάγὼ
335 3390 414 3463 τῷ
434 3391 655 3464 κόσμῳ;
688 3411 710 3445 ι

234 3504 427 3561 Ἀπόκ.
479 3505 553 3559 Τὸ
602 3505 839 3571 ἐξελθεῖν
882 3507 991 3562 ἀπὸ
1017 3506 1112 3561 τοῦ
1146 3507 1262 3579 βίου
1300 3508 1396 3562 καὶ
1439 3508 1741 3580 φροντίδων

144 3596 345 3661 αὑτοῦ,
397 3597 491 3650 καὶ
533 3598 726 3669 νεκρὸν
770 3598 1021 3667 γενέσθαι
1067 3602 1177 3663 τοῖς
1227 3599 1445 3668 πάθεσι,
1488 3602 1583 3655 καὶ
1615 3604 1738 3667 ταῖς

146 3685 473 3757 ἐπιθυμίαις
499 3686 594 3740 καὶ
622 3686 925 3756 νηστεύειν,
972 3688 1066 3743 καὶ
1103 3690 1422 3761 ἀγρυπνεῖν,
1451 3691 1546 3744 καὶ
1571 3707 1737 3744 κακο-

148 3776 347 3830 παθεῖν
377 3778 434 3830 ἐν
462 3779 529 3848 τῇ
559 3778 815 3850 ἀσκήσει,
853 3779 929 3844 ὡς
956 3779 1048 3835 καὶ
1081 3778 1314 3852 ἀλλαχοῦ
1348 3781 1518 3851 λέγει·
1550 3801 1568 3833 ι
1595 3783 1658 3836 Οί
1679 3781 1737 3836 δὲ

145 3869 248 3923 τοῦ
278 3868 514 3940 Χριστοῦ
556 3868 653 3939 τὴν
694 3871 871 3941 σάρκα
907 3870 1257 3944 ἐσταύρωσαν
1291 3873 1388 3927 σὺν
1417 3875 1530 3936 τοῖς
1556 3871 1736 3945 παθή-

152 3977 293 4035 μασι
322 3962 417 4014 καὶ
442 3962 564 4025 ταῖς
592 3960 936 4032 ἐπιθυμίαις.
959 3981 979 4014 ι

238 4054 431 4127 Ἐρώτ.
463 4062 550 4127 ρι’.
577 4056 643 4109 Τί
671 4054 840 4124 λέγει·
873 4074 893 4107 ι
926 4055 1001 4109 Τὸ
1031 4054 1343 4128 μεσότοιχον
1363 4054 1456 4111 τοῦ
1479 4040 1736 4128 φραγμοῦ

148 4147 217 4202 λύ
230 4165 363 4215 σας;
407 4166 427 4199 ι

236 4264 426 4317 Ἀπόκ.
461 4263 783 4344 Τουτέστιν,
818 4264 852 4336 ἡ
887 4262 1076 4335 ἔχθρα,
1115 4265 1182 4336 ἢν
1220 4264 1439 4335 εἴχομεν
1470 4262 1606 4335 πρὸς
1646 4263 1738 4317 τὸν

1830 1841 2008 1912 pelagi
2043 1842 2383 1913 navigaverit
2424 1861 2437 1897 :
2475 1843 2591 1907 alii,
2643 1843 2790 1913 quod
2825 1845 3096 1901 nataverit
3137 1853 3189 1900 et
3230 1848 3417 1901 urina-

1831 1934 1992 1998 verit,
2045 1934 2139 1989 ubi
2200 1951 2379 2006 neque
2434 1942 2661 2001 terram,
2716 1951 2895 2007 ncque
2962 1943 3178 1993 montes
3229 1940 3416 1994 videre

1829 2032 1973 2079 erat.

1901 2116 2234 2171 Pnorosmo
2260 2115 2422 2173 CVII.
2470 2135 2490 2170 ι
2536 2115 2708 2174 Datus
2731 2125 2816 2172 est
2842 2118 2972 2173 mihi
3003 2118 3259 2174 stimulus
3290 2134 3416 2174 car-

1830 2207 1955 2274 nis,
1978 2209 2202 2279 angelus
2235 2208 2468 2273 Satanan,
2505 2209 2599 2279 qui
2633 2225 2720 2265 me
2752 2210 3058 2280 colaphizet
3086 2212 3152 2265 ⁷³.
3188 2231 3207 2264 ι

1902 2299 2366 2357 ιατειιιιιιετλτιο.
2399 2299 2567 2357 Satan
2600 2304 2952 2360 adversarius
2984 2303 3205 2360 dicitur.
3238 2304 3420 2375 Ange-

1832 2392 1944 2447 lum
1986 2393 2153 2463 igitur
2200 2392 2418 2450 Satanae
2459 2395 2592 2450 dicit
2632 2395 3001 2452 Alexandrum
3043 2397 3294 2452 aerarium
3334 2397 3420 2452 ia-

1832 2484 2017 2550 brum,
2045 2484 2395 2556 ilymenteum
2418 2495 2473 2544 et
2500 2487 2772 2544 Phiietum
2800 2490 2890 2560 qui
2916 2490 3187 2545 vexabant
3215 2491 3417 2561 ipsum,

1831 2585 1885 2635 et
1918 2580 2271 2644 resistebant,
2313 2580 2561 2637 dicentes
2584 2584 3036 2639 resurrectionem
3058 2585 3170 2652 jam
3204 2584 3418 2639 fuisse:

1833 2671 1931 2741 qui
1966 2672 2133 2726 etiam
2183 2673 2589 2742 apprehensum
2622 2690 2772 2740 eum,
2821 2676 2879 2730 in
2918 2691 3196 2731 carcerem
3239 2676 3422 2746 proje-

1834 2779 1978 2830 cere,
2013 2773 2069 2818 et
2104 2764 2295 2848 multis
2323 2764 2554 2821 all’ecere
2584 2767 2766 2823 malis.

1905 2854 2071 2911 Pnor.
2107 2856 2291 2913 CVIII.
2333 2877 2351 2909 ι
2393 2857 2609 2913 Sufficit
2643 2860 2741 2914 tibi
2771 2860 2946 2931 gratia
2978 2875 3097 2915 mea
3119 2859 3185 2913 “.
3220 2879 3238 2911 ι

1905 2944 2068 3000 stp.
2096 2945 2209 3002 lloc
2230 2954 2351 3003 est:
2387 2946 2601 3003 Sufficit
2632 2950 2729 3003 tibi
2764 2951 2937 3020 gratia
2968 2965 3108 3015 mea,
3139 2964 3425 3020 quamor-

1840 3045 1965 3095 tuos
1994 3039 2227 3104 excitos,
2260 3042 2421 3097 caecis
2456 3042 2633 3097 visum
2666 3041 2786 3105 das,
2817 3050 2871 3098 et
2905 3042 3009 3096 alia
3057 3043 3213 3111 signa
3264 3042 3420 3098 facis.

1839 3130 2013 3188 Porro
2052 3133 2195 3205 pulsi
2224 3140 2278 3189 et
2309 3135 2568 3205 exagitati
2603 3145 2992 3208 persequentes
3022 3135 3243 3190 vincite.

1915 3313 2138 3383 Quas'r.
2170 3313 2309 3372 CIX.
2335 3314 2477 3382 Quid
2507 3322 2592 3370 est
2617 3314 2762 3385 quod
2797 3313 2973 3383 inquit
3000 3332 3014 3368 :
3043 3334 3063 3366 ε
3092 3311 3223 3368 Mihi
3263 3328 3425 3367 mun-

1831 3410 1941 3466 dus
1985 3406 2288 3463 cruciﬁxus
2325 3413 2433 3470 est,
2472 3414 2527 3461 et
2563 3419 2664 3476 ego
2692 3403 2900 3458 mundo
2926 3403 3017 3455 7'?
3045 3421 3065 3453 ι

1906 3518 2071 3574 Rssr.
2101 3515 2364 3572 Mundnm
2395 3524 2450 3570 et
2494 3530 2660 3569 curas
2690 3513 2811 3584 ejus
2856 3512 3191 3582 relinquere,
3221 3524 3427 3564 concu-

1836 3611 2119 3683 piscentiis
2148 3617 2202 3665 et
2231 3608 2515 3664 all‘ectibus
2548 3606 2708 3669 mori,
2751 3606 3024 3676 jejunare,
3056 3604 3300 3674 vigilare.
3332 3618 3425 3657 as-

1836 3703 1949 3759 cesi
1982 3702 2272 3764 macerari,
2305 3700 2452 3755 sicut
2482 3698 2613 3752 alibi
2638 3696 2776 3751 dicit
2808 3715 2821 3750 :
2858 3713 2876 3747 ι
2919 3694 3022 3761 Qui
3057 3710 3187 3749 vero
3217 3693 3425 3749 Christi

1838 3800 1987 3857 sunt,
2030 3808 2254 3847 carnem
2289 3790 2685 3845 cruciﬁxerunt
2712 3803 2838 3843 cum
2869 3786 3155 3842 allectibus
3191 3791 3245 3840 et
3287 3799 3424 3840 con-

1836 3884 2194 3956 cupiscentiis
2221 3884 2290 3939 "‘.
2323 3901 2342 3933 ι

1908 4062 2131 4131 ρυλεετ.
2171 4060 2285 4116 CX.
2320 4059 2461 4127 Quid
2493 4068 2578 4115 est
2610 4058 2758 4128 quod
2783 4057 2918 4113 dicit
2950 4075 2965 4113 :
3003 4074 3022 4109 ι
3062 4054 3299 4112 Medium
3337 4068 3429 4125 pa-

1837 4159 2032 4214 rietem
2063 4154 2315 4210 maceriae
2342 4154 2563 4209 solvens
2592 4152 2675 4205 ’7?
2705 4170 2725 4204 ι

1913 4268 2079 4325 Rssr.
2116 4267 2232 4323 Hoc
2254 4275 2340 4323 est
2376 4266 2666 4321 inimicitia
2693 4280 2858 4336 quam
2902 4280 3004 4320 nos
3038 4263 3290 4320 homines
3329 4263 3429 4318 ha-

144 4357 286 4410 Θεὺν
310 4357 359 4409 οἱ
385 4354 661 4427 ἄνθρωποι
682 4355 771 4409 διὰ
791 4355 890 4420 τὰς
915 4356 1072 4427 ἡμῶν
1097 4356 1392 4428 ἁμαρτίας.
1425 4354 1734 4427 Σαρκωθεὶς

1853 4363 2109 4417 bebamus
2137 4360 2402 4415 adversus
2451 4359 2621 4414 Deum
2676 4366 2900 4429 propter
2954 4364 3179 4427 peccata
3213 4365 3424 4410 nostra.

146 4446 246 4504 οὖν
272 4451 301 4503 ὁ
327 4448 529 4520 Κύριος
558 4449 653 4502 καὶ
691 4448 843 4513 Θεὸς,
887 4451 981 4503 καὶ
1021 4448 1196 4503 θανὼν
1239 4448 1394 4502 ἔλυσε
1429 4449 1528 4521 τὴν
1554 4449 1737 4520 ἁμαρ-

146 4542 299 4605 τίαν,
347 4539 446 4611 τὴν
486 4538 823 4610 χωρίζουσαν
865 4539 1014 4609 ἡμᾶς
1054 4537 1163 4591 ἀπὸ
1192 4535 1286 4591 τοῦ
1326 4536 1484 4603 Θεοῦ,
1528 4539 1739 4610 εἰρηνο-

149 4632 351 4704 ποίησε
382 4631 451 4684 τά
483 4631 682 4696 πάντα,
711 4633 805 4685 καὶ
829 4633 976 4696 υἱοὺς
1006 4631 1141 4685 Θεοῦ
1175 4634 1320 4702 ἡμᾶς
1344 4632 1735 4700 ἀπειργάσατο,

148 4722 457 4795 διαρρήξας
492 4722 554 4776 τὸ
589 4721 711 4775 καθ’
738 4720 896 4794 ἡμῶν
930 4722 1290 4794 χειρόγραφον
1319 4724 1411 4776 ἐπὶ
1440 4721 1535 4775 τοῦ
1570 4738 1736 4776 σταυ-

155 4813 278 4888 ροῦ.
309 4814 374 4866 Τί
396 4813 452 4867 δέ
482 4809 551 4885 ἦν
572 4814 633 4867 τὸ
658 4813 1042 4886 χειρόγραφον,
1074 4814 1321 4868 ἄκουσον·
1361 4815 1488 4867 Ὅτε
1521 4814 1735 4886 παρέϐη

151 4907 257 4977 τὴν
291 4905 509 4977 ἐντολὴν
547 4905 577 4958 ό
626 4904 820 4975 Ἀδὰμ,
851 4905 945 4958 καὶ
980 4904 1171 4958 ἔλαϐεν
1202 4904 1309 4959 ἀπὸ
1336 4905 1431 4959 τοῦ
1466 4904 1623 4972 ξύλου
1651 4904 1739 4960 διὰ

155 5000 260 5069 τῆς
283 4998 464 5070 χειρὸς
496 4996 684 5063 αὐτοῦ,
714 4998 811 5051 καὶ
834 4997 1057 5068 ἔφαγεν,
1097 4997 1311 5070 ἐγράφη
1330 5000 1474 5071 χειρὶ
1506 4997 1670 5053 αὑτοῦ
1701 5001 1734 5070 ἠ

154 5092 426 5161 ἁμαρτία,
456 5092 552 5145 καὶ
579 5095 830 5164 κατεῖχεν
857 5091 989 5145 αὐτὸ
1018 5089 1078 5143 τὺ
1112 5090 1387 5162 ἔγγραφον
1417 5092 1445 5143 ὁ
1471 5089 1735 5155 διάϐολος.

159 5184 295 5236 Ὅτε
318 5182 374 5236 δέ
396 5178 561 5254 ἦλθεν
594 5185 686 5237 ἐπὶ
722 5183 816 5237 τοῦ
852 5182 1010 5249 ξύλου
1032 5185 1061 5237 ὁ
1090 5183 1344 5254 Χριστὸς,
1375 5182 1651 5236 τουτέστιν
1684 5185 1742 5237 ἐν

157 5273 238 5344 τῷ
266 5274 505 5345 σταυρῷ,
548 5276 642 5328 καὶ
676 5273 889 5347 ἐτρώθη
927 5278 1040 5339 τοῖς
1066 5274 1217 5345 ἦλοις
1246 5274 1347 5339 τὰς
1374 5277 1581 5347 χεῖρας,
1617 5275 1743 5328 τότε

164 5364 521 5436 προσήλωσεν
555 5366 686 5419 αὐτὸ
714 5367 772 5419 ἐν
802 5364 880 5436 τῷ
914 5364 1131 5437 σταυρῷ
1172 5372 1262 5419 καὶ
1300 5363 1600 5435 ἐξήλειψεν.
1634 5366 1741 5419 Αύ-

159 5458 255 5521 τὸς
298 5476 397 5529 ,αρ
426 5458 456 5510 ό
503 5457 748 5523 διάϐολος
792 5460 821 5513 ό
862 5458 1081 5528 κρατῶν
1125 5458 1187 5513 τὸ
1230 5459 1592 5531 χειρόγραφον
1638 5459 1740 5530 τῆς

1842 4454 2020 4510 Carne
2049 4454 2216 4525 igitur
2242 4460 2545 4522 assumpta,
2582 4451 2847 4506 Dominus
2874 4448 3042 4512 Deus.
3072 4456 3128 4505 et
3154 4456 3427 4512 mortuus,

1845 4547 2008 4603 solvit
2041 4553 2325 4617 peccatum
2357 4546 2502 4615 quod
2544 4541 2646 4600 nos
2680 4559 2710 4597 a
2738 4543 2851 4598 Deo
2878 4541 3232 4612 sejungebat;
3265 4548 3428 4611 atque

1845 4640 1926 4694 sic
1954 4641 2009 4693 in
2042 4652 2231 4708 pacem
2261 4636 2470 4706 redegit
2501 4635 2706 4696 omnia.
2743 4646 2796 4690 et
2824 4650 2925 4691 nos
2957 4633 3083 4690 fecit
3114 4632 3256 4688 ﬁlios
3282 4631 3377 4686 Dei
3409 4650 3424 4686 :

1843 4747 1970 4787 nam
2004 4730 2248 4797 discidit,
2270 4729 2413 4800 quod
2441 4728 2705 4784 adversus
2722 4744 2822 4783 nos
2839 4736 2979 4787 erat.
3002 4724 3431 4797 chirographum

1844 4821 1900 4876 in
1924 4835 2106 4876 cruce.
2143 4818 2287 4887 Quid
2329 4829 2511 4874 autem
2552 4817 2717 4874 fuerit
2741 4815 3199 4887 chirographum,
3241 4812 3367 4867 audi
3410 4830 3429 4867 ι

1842 4912 1979 4968 Cum
2017 4919 2303 4982 peccasset
2333 4911 2506 4965 Adam
2535 4916 2590 4966 et
2615 4910 2919 4981 accepisset
2941 4923 3104 4962 manu
3139 4919 3239 4961 sua
3275 4904 3344 4960 de
3371 4903 3433 4958 li-

1843 5019 1971 5075 gno,
2014 5003 2474 5073 comedissetque,
2506 5002 2775 5072 scriptum
2817 5006 2900 5057 est
2939 4999 3060 5068 ejus
3094 5011 3262 5050 manu
3298 5007 3430 5063 pec-

1844 5102 2050 5160 catum,
2091 5093 2238 5163 quod
2265 5109 2434 5163 penes
2488 5109 2548 5150 se
2598 5093 2864 5163 scriptum
2916 5089 3169 5145 diabolus
3216 5086 3428 5141 habuit.

1842 5187 1980 5242 Cum
2019 5194 2201 5241 autem
2234 5187 2292 5241 in
2320 5187 2550 5257 lignum,
2578 5186 2685 5239 hoc
2714 5194 2799 5240 est
2851 5184 2906 5238 in
2944 5197 3161 5238 crucem
3193 5181 3433 5235 venisset

1843 5276 2123 5341 Christus,
2156 5285 2208 5331 et
2239 5276 2360 5347 ejus
2383 5293 2582 5333 manus
2612 5277 2785 5331 clavis
2811 5274 3266 5339 vulnerarentur;
3300 5279 3433 5325 tunc

1848 5368 1906 5423 in
1939 5383 2106 5423 cruce
2133 5368 2396 5439 scriptum
2423 5368 2555 5422 illud
2582 5366 2758 5421 alﬁxit
2790 5372 2845 5420 et
2875 5363 3094 5419 delevit.
3129 5360 3249 5431 Ipse
3276 5374 3433 5414 nam—

1847 5476 1955 5532 que
1980 5460 2232 5517 diabolus
2260 5460 2354 5532 qui
2395 5459 2819 5531 chirographum
2870 5455 3003 5512 illud
3037 5452 3431 5525 transgressio-

237 5614 280 5646 "
304 5613 346 5669 ll
377 5613 503 5670 Cor.
535 5630 622 5676 ιι.
657 5614 748 5670 ‘25.
790 5616 835 5649 "
875 5614 1005 5671 ibid.
1046 5612 1151 5670 "il
1185 5613 1310 5673 Cor.
1344 5630 1459 5683 xu,
1495 5614 1546 5672 7.
1586 5614 1734 5672 "ibit

1857 5657 1873 5672 .
1911 5617 1957 5651 ⁷⁸
1996 5615 2172 5675 Galat.
2197 5631 2288 5682 vr,
2329 5615 2415 5673 i4.
2457 5612 2699 5671 "Galat.
2736 5630 2789 5679 v,
2823 5612 2916 5671 ει.
2956 5609 3216 5683 "Ephes.
3255 5624 3315 5673 ιι,
3340 5605 3431 5663 ἐξ.

237 5706 294 5778 (.‘3
347 5706 486 5779 Lege
517 5707 706 5764 νύκτα.
