3852 6192
413 249 519 306 765

1614 254 1673 308 S.
1710 254 2166 313 ATHANASIUS.
2194 288 2266 300 --
2302 252 2573 313 SPBRIA.

3562 266 3679 323 764

411 370 501 425 nis
522 368 691 424 Adam
709 371 951 434 tenebat,
976 370 1093 442 ipse
1113 371 1354 440 discidit,
1379 389 1504 431 cum
1524 375 1577 430 in
1601 391 1765 432 cruce
1788 393 1817 431 a
1839 378 1991 433 Chri-

2118 376 2455 449 ιαραὸάσεως
2491 378 2587 432 τοῦ
2631 378 2820 451 Ἀδὰμ,
2854 380 3019 444 αὐτὸς
3055 378 3289 452 ἔσχισεν,
3332 381 3518 454 ἐπειδὴ
3558 376 3680 439 ὑπὸ

412 468 501 515 ειο
530 461 730 533 ligatus
763 469 868 518 est.

483 551 701 619 ρυκεετ.
736 553 872 610 CXI.
910 555 1051 622 Quid
1088 567 1173 611 est
1202 556 1347 627 quod
1380 558 1558 627 inquit
1589 577 1603 612 :
1634 577 1654 611 ‹
1698 559 1870 630 Surge
1895 559 1988 629 qui

412 643 639 711 dormis,
664 654 717 702 et
741 663 1025 722 exsurgea
1054 652 1307 717 mortuis,
1334 659 1390 706 et
1416 652 1744 707 illuminabit
1764 660 1817 709 te
1838 653 1991 710 Chri-

413 746 534 792 stus
560 741 645 795 73?
683 761 701 793 ι

480 831 643 887 Resr.
680 833 1047 892 Dormientem
1092 844 1251 892 vocat
1298 854 1445 901 eum,
1496 839 1591 909 qui
1644 839 1701 892 in
1748 840 1989 910 peccatis

410 921 559 992 jacet
595 944 608 979 :
647 942 771 979 nam
802 929 892 996 qui
928 928 981 982 in
1009 931 1245 999 peccatis
1275 931 1428 994 vivit,
1467 937 1719 985 mortuus
1765 929 1986 984 dicitur.

416 1016 485 1075 EI.
512 1026 571 1070 ut
618 1027 866 1075 mortuus
906 1023 1204 1077 immobilis
1235 1030 1341 1087 est,
1389 1022 1466 1077 ita
1503 1024 1599 1095 qui
1644 1027 1883 1093 peccatis
1908 1034 1992 1080 est

414 1116 690 1176 mortuus,
723 1110 790 1165 ad
820 1113 1022 1168 bonum
1053 1129 1161 1169 non
1194 1121 1464 1170 movetur.

482 1282 810 1342 Paorosmo
838 1287 996 1344 CXII.
1032 1307 1049 1340 ι
1088 1289 1303 1347 Induite
1330 1300 1667 1347 armaturam
1698 1291 1795 1349 Dei
1826 1294 1892 1349 ⁷³.
1933 1313 1950 1344 ι

485 1462 651 1521 Rssr.
698 1465 927 1537 (Totam
967 1478 1302 1525 armaturam
1349 1470 1491 1543 Dei)
1542 1471 1677 1527 dicit
1724 1471 1991 1545 Spiritum

411 1565 689 1612 sanctum.
725 1558 859 1613 Nam
907 1563 1002 1630 qui
1045 1561 1288 1632 Spiritus
1330 1564 1507 1618 sancti
1548 1580 1658 1619 non
1697 1577 1782 1621 est
1824 1568 1994 1637 parti-

410 1664 563 1718 ceps,
616 1650 753 1704 nihil
805 1659 986 1721 potest
1034 1661 1225 1709 contra
1276 1655 1622 1712 adversarias
1666 1665 1987 1727 potestates.

2088 469 2327 541 Χριστοῦ
2358 469 2656 542 ὲδεσμεύθη
2689 471 2784 525 ἐπὶ
2806 470 2900 525 τοῦ
2930 473 3185 546 σταυροῦ.
3662 506 3665 507 ν

2174 559 2365 632 Ἐρὼτ.
2402 569 2525 633 ριαθ.
2563 564 2628 616 Τί
2659 563 2824 633 λέγει·
2857 582 2876 616 ι
2905 565 3156 637 Ἔγειραι
3182 565 3211 617 6
3238 566 3542 634 καθεύδων,
3569 570 3680 623 καὶ

2089 650 2296 705 ἀνάστα
2342 653 2408 705 ὲκ
2456 652 2564 706 τῶν
2611 653 2842 726 νεκρῶν,
2870 656 2966 708 καὶ
3004 656 3295 726 ἐπιφαύσει
3329 674 3413 711 σοι
3459 659 3489 711 6
3529 659 3675 731 Χρι-

2089 744 2239 808 στός;
2268 762 2287 795 ι

2174 836 2361 891 Ἀπόκ.
2393 838 2738 895 Καθεύδοντα
2763 841 2910 911 λέγει
2936 842 3027 896 τὸν
3062 842 3120 896 ὲν
3153 842 3451 915 ἁμαρτίαις
3483 845 3676 914 κείμε-

2089 946 2200 983 νον.
2224 930 2332 982 Καὶ
2351 930 2459 1001 γὰρ
2484 935 2512 985 6
2536 935 2594 985 ὲν
2621 935 2914 1006 ἁμαρτίαις
2936 933 3044 1000 ζῶν
3064 936 3255 1007 νεκρὸς
3271 935 3487 1005 λέγεται
3504 932 3670 990 εἶναι.

2090 1021 2202 1075 Καὶ
2232 1020 2420 1094 ὥσπερ
2445 1024 2473 1075 6
2495 1024 2690 1094 νεκρὸς
2708 1024 2963 1097 ἀκίνητός
2990 1026 3159 1091 ἐστιν,
3192 1025 3333 1079 οὕτω
3374 1028 3470 1081 καὶ
3498 1030 3527 1081 6
3546 1028 3674 1091 ταῖς

2092 1115 2389 1187 ἁμαρτίαις
2437 1118 2837 1190 νενεκρωμένος
2885 1120 3023 1192 πρὸς
3065 1120 3127 1173 τὸ
3170 1120 3373 1189 ἀγαθὸν
3410 1121 3675 1192 ἀκίνητος

2096 1208 2266 1280 μένει.
3494 1270 3502 1279 ,

2160 1300 2428 1370 Κείμενον
2469 1300 2591 1372 ριβ’.
2645 1319 2664 1354 ι
2714 1301 3034 1357 Ἐνδύσασθε
3077 1304 3177 1377 τὴν
3229 1306 3532 1359 πανοπλίαν
3572 1301 3675 1360 τοῦ

2092 1392 2248 1447 Θεοῦ.
2286 1412 2305 1445 ι

2174 1486 2363 1541 Ἀπόκ.
2409 1486 2572 1555 Λέγει
2602 1485 2663 1538 τὸ
2700 1483 2926 1556 Πνεῦμα
2954 1485 3016 1538 τὸ
3045 1485 3219 1553 ἅγιον.
3268 1485 3327 1538 '0
3354 1483 3464 1557 γάρ
3496 1484 3675 1555 ἀμέτ-

2092 1593 2216 1646 οχος
2239 1576 2334 1629 τοῦ
2387 1578 2702 1648 Πνεύματος
2730 1577 2790 1630 οὐ
2819 1576 3042 1641 δυνατός
3076 1579 3193 1630 ἐστι
3229 1577 3365 1647 πρὸς
3396 1576 3495 1641 τὰς
3522 1578 3678 1630 ἀντι-

2094 1670 2355 1741 κειμένας
2412 1671 2686 1741 δυνάμεις.
2725 1688 2743 1720 ι
2776 1668 2887 1722 Καὶ
2935 1668 3043 1739 γὰρ
3076 1671 3175 1722 οὐκ
3220 1668 3367 1721 ἔστιν
3406 1670 3440 1740 ἡ
3486 1668 3674 1739 πάλη,

417 1756 438 1790 ι
470 1738 684 1794 Etenim
734 1755 846 1795 non
894 1749 979 1796 est
1025 1744 1205 1809 nobis,
1266 1743 1465 1813 inquit,
1529 1745 1674 1799 lucta
1727 1747 1989 1804 adversus

2118 1729 2244 1831 7716.1.
2272 1729 2408 1834 πρὸς
2434 1729 2574 1833 αἷμα
2595 1729 2690 1815 καὶ
2723 1762 2921 1835 σάρκα·
2947 1729 3180 1833 ἤγουν,
3205 1762 3265 1816 οὐ
3296 1729 3440 1833 πρὸς·
3461 1729 3679 1834 ἀνθριξιξ

412 1845 633 1885 carnem
670 1839 724 1886 et
756 1834 1077 1905 sanguinem
1103 1834 1169 1889 ⁸ο.
1224 1853 1243 1886 ι
1280 1833 1400 1889 Non
1440 1840 1703 1893 adversus
1742 1837 1991 1896 homines

410 1921 669 1977 videlicet
714 1922 912 1977 bellum
939 1925 1167 1994 geritur,
1211 1944 1230 1977 ι
1264 1925 1358 1981 sed
1403 1926 1667 1982 adversus
1716 1929 1992 2000 principa-

412 2019 504 2068 tus
531 2014 596 2068 ⁸⁸.
631 2033 649 2066 ›
687 2013 1036 2085 Principatus
1072 2024 1251 2072 autem
1308 2018 1584 2075 daemones
1627 2030 1788 2076 vorat
1814 2023 1906 2091 qui
1935 2023 1991 2076 in

413 2104 750 2160 boc'mundo
782 2109 1147 2178 principatum
1178 2117 1390 2176 tenent,
1417 2112 1769 2167 solummodo
1808 2098 1990 2168 tamen

414 2197 472 2250 in
501 2211 666 2267 opera
697 2200 1065 2254 tenebrarum.
1117 2199 1232 2256 [Ioc
1274 2218 1405 2257 vero
1440 2203 1586 2273 quod
1635 2205 1834 2274 inquit,
1875 2226 1895 2255 ι
1937 2206 1992 2259 in

412 2290 738 2345 caelestibus
760 2292 805 2323 θ’
835 2308 851 2348 :
885 2311 904 2343 ι
939 2291 993 2345 id
1019 2298 1123 2359 εει,
1147 2308 1256 2347 non
1288 2303 1509 2364 propter
1540 2310 1655 2349 rem
1690 2297 1844 2349 nihili
1891 2313 1993 2352 nos

414 2390 731 2452 Oppugnant
781 2383 1081 2450 daemones,
1124 2384 1220 2439 sed
1260 2394 1486 2455 propter
1537 2387 1780 2443 caelestia
1826 2388 1989 2445 bona.

414 2471 552 2538 Quia
577 2475 721 2529 enim
754 2475 820 2529 ad
856 2491 1082 2544 regnum
1113 2477 1339 2533 caeleste
1379 2479 1783 2548 contendimus,
1830 2483 1994 2538 vehe-

2092 1871 2228 1917 πους
2275 1856 2421 1908 ἐστὶν
2469 1856 2498 1907 ὁ
2542 1855 2800 1925 πόλεμος,
2854 1874 2874 1907 ι
2925 1853 3062 1907 ἀλλά
3101 1855 3239 1925 πρὸς
3268 1853 3366 1918 τὰς
3407 1856 3604 1926 ἀρχάς.
3651 1876 3671 1908 ι

2103 1945 2301 2017 Ἀρχὰς
2328 1947 2385 1999 δὲ
2411 1946 2559 2015 λέγει
2593 1948 2719 2011 τοὺς
2748 1946 3030 2018 δαίμονας,
3058 1947 3248 2018 ἐπειδὴ
3282 1948 3340 2000 ὲν
3371 1947 3451 2018 τῷ
3482 1948 3679 2020 κόσμῳ

2088 2038 2264 2107 τούτῳ
2297 2039 2574 2109 ἄρχουσιν,
2608 2037 2742 2091 ἀλλὰ
2772 2038 2879 2091 τῶν
2910 2037 3086 2110 ἔργων
3110 2038 3205 2091 τοῦ
3237 2038 3481 2103 σκότους.
3511 2040 3583 2092 Τὸ
3617 2040 3679 2093 δὲ

2096 2147 2116 2180 ‹
2156 2132 2213 2184 ὲν
2236 2132 2348 2193 τοῖς
2378 2129 2741 2201 ἐπουρανίοις,
2782 2149 2800 2181 ι
2847 2130 3031 2202 ἐπειδὴ
3062 2131 3123 2184 οὐ
3159 2129 3250 2183 διὰ
3290 2131 3486 2203 μικρὸν
3511 2130 3680 2203 ἔργον

2092 2220 2420 2293 πολεμοῦσιν
2454 2223 2599 2293 ἡμᾶς
2620 2222 2669 2275 οἱ
2693 2221 2966 2292 δαίμονες.
3001 2220 3138 2275 ἀλλὰ
3165 2220 3251 2274 διὰ
3284 2221 3511 2293 οὐράνια
3536 2223 3683 2291 ἀγα-

2093 2312 2181 2368 θά.
2234 2312 2450 2385 Ἐπειδὴ
2487 2314 2597 2386 γὰρ
2640 2312 3017 2383 ἀγωνιζόμεθα
3057 2312 3146 2366 διὰ
3184 2312 3282 2385 τὴν
3322 2314 3381 2367 ὲν
3423 2314 3683 2383 οὐρανοῖς

2094 2406 2391 2477 βασιλείαν,
2426 2405 2754 2477 πολεμοῦσιν
2777 2407 2929 2477 ἡμᾶς
2955 2404 3227 2475 χαλεπῶς.
3260 2405 3362 2459 Διά
3386 2406 3546 2465 τοῦτο
3574 2407 3684 2477 ἁρ-

2096 2497 2248 2570 μόζει
2276 2498 2507 2552 πάντοτε
2539 2498 2853 2568 γρηγορεῖν,
2881 2497 2975 2550 καὶ
3001 2498 3158 2567 νικᾷν
3190 2498 3384 2561 αὐτοὺς
3415 2500 3484 2568 τῇ
3516 2497 3685 2551 δυνά-

413 2574 624 2620 menter
654 2582 755 2621 nos
810 2567 1153 2638 impugnant.
1203 2567 1332 2624 Ideo
1383 2585 1488 2624 nos
1523 2586 1740 2641 semper
1769 2572 1991 2644 vigilare

2118 2606 2185 2642 ιει
2212 2590 2306 2642 καὶ
2332 2588 2515 2661 χάριτι
2545 2567 2639 2641 τοῦ
2665 2588 2921 2659 Χριστοῦ.
2958 2587 3161 2659 Θυρεὸν
3203 2588 3260 2640 δὲ
3301 2588 3401 2657 τῆς
3438 2567 3682 2654 πίστεως

412 2659 669 2714 convenit
699 2668 754 2714 et
788 2661 991 2715 virtute
1026 2662 1311 2731 gratiaque
1347 2661 1554 2717 Christi
1584 2664 1822 2720 vincere.
1860 2666 1997 2719 Seu-

412 2759 533 2808 tum
564 2762 745 2809 autem
788 2752 935 2820 tidei,
980 2753 1141 2809 ﬁdem
1194 2762 1356 2809 vocat
1390 2755 1663 2811 sinceram
1723 2767 1778 2812 et
1828 2757 1998 2812 fervi-

413 2849 562 2905 dam.

482 2942 646 3012 277
676 2940 894 3007 Qumsr.
923 2937 1105 2994 CXIII.
1134 2938 1274 3006 Quid
1298 2946 1381 2995 est
1404 2940 1550 3010 quod
1578 2939 1712 2995 dicit
1742 2959 1754 2994 :
1792 2958 1812 2992 ‹
1838 2940 1998 2997 Ροεῑ-

2092 2679 2189 2750 τὴν
2220 2678 2403 2733 πίστιν
2425 2678 2571 2747 λέγει
2600 2678 2697 2751 τὴν
2725 2677 2990 2750 εἱλικρινῆ
3019 2678 3113 2731 καὶ
3138 2678 3423 2750 διάπυρον.

2173 2938 2364 3013 Ἑρώτ.
2399 2947 2523 3012 ριγ’.
2545 2940 2611 2994 Τί
2641 2940 2787 3010 λέγει
2810 2959 2825 2973 ο
2874 2960 2894 2994 ι
2947 2941 3408 3013 Ἀπεκδυσάμενοι
3444 2941 3539 2995 τὸν
3566 2959 3685 2995 πα-

412 3049 577 3105 quam
617 3033 849 3088 exuistis
881 3038 1118 3086 veterem
1165 3031 1463 3097 hominem,
1495 3038 1550 3087 et
1595 3031 1856 3089 induistis
1891 3050 1991 3089 no-

2118 3032 2243 3085 .αιὸν
2270 3031 2575 3103 ἄνθρωπον,
2623 3032 2714 3085 καί
2759 3031 3111 3105 ἐνδυσάμενοι
3143 3033 3233 3087 τὸν
3266 3033 3407 3099 νέον,
3431 3033 3525 3086 τὸν
3544 3034 3684 3087 ἀνα-

412 3140 563 3190 vum,
584 3125 676 3193 qui
697 3130 991 3178 renovatur
1015 3122 1060 3154 ⁸³
1080 3121 1105 3175 ?
1127 3140 1147 3173 ι

484 3216 648 3270 Βεειι.
697 3213 946 3268 Veterem
986 3213 1263 3267 hominem
1300 3212 1432 3267 dicit
1477 3228 1600 3268 eum
1645 3213 1739 3284 qui
1784 3215 1994 3285 primus

412 3317 539 3379 post
567 3308 781 3376 lapsum
813 3304 941 3359 Adae
970 3312 1133 3358 natus
1173 3311 1282 3367 est,
1310 3304 1396 3359 vel
1428 3304 1832 3374 improbitatem
1875 3322 1995 3376 qua:

415 3415 481 3452 ex
516 3399 608 3453 illo
633 3397 878 3467 procedit
898 3404 952 3451 et
981 3397 1263 3449 malitiam.
1290 3393 1498 3450 Novum
1529 3396 1801 3452 hominem
1832 3398 1995 3454 intel-

415 3491 535 3563 ligit
563 3491 1029 3547 conversationem
1061 3489 1453 3555 Christianam,
1483 3490 1629 3561 piam
1657 3491 1912 3550 videlicet
1941 3501 1997 3550 et

416 3582 616 3640 bonam
651 3583 840 3636 vitam.

489 3673 711 3740 Quiesr.
769 3670 953 3727 CXIV.
1009 3669 1149 3736 Quid
1214 3677 1300 3726 est
1350 3672 1495 3741 quod
1544 3672 1723 3743 inquit
1777 3693 1793 3728 :
1842 3693 1862 3726 ι
1924 3672 1996 3730 Ut

415 3783 527 3821 non
577 3763 1000 3827 contristemini,
1036 3764 1180 3819 sicut
1224 3774 1279 3817 et
1308 3764 1490 3818 caeteri
1542 3765 1634 3835 qui
1684 3779 1837 3835 spem
1883 3782 1995 3822 non

417 3860 621 3915 habent
646 3858 690 3891 3‘
712 3859 735 3911 ?
772 3877 790 3909 ι

487 3949 652 4011 Resp.
693 3948 797 4015 Qui
829 3964 938 4004 non
968 3948 1173 4002 habent
1206 3963 1357 4018 spem
1390 3948 1839 4016 resurrectionis,
1887 3949 1994 4005 illis

417 4044 673 4097 convenit
700 4041 903 4096 dolere.
937 4039 1076 4094 Nota
1114 4047 1296 4095 autem
1347 4039 1626 4110 quomodo
1684 4041 1751 4095 de
1776 4041 1995 4098 Christo

417 4135 667 4200 dixerit,
724 4134 869 4204 quod
917 4140 1168 4186 mortuus
1232 4131 1304 4186 sit
1355 4138 1410 4186 et
1470 4134 1853 4188 resurrexerit.
1920 4132 1996 4188 De

418 4227 690 4284 communi
715 4241 845 4281 vero
879 4225 1076 4295 populo
1103 4223 1259 4290 dixit,
1299 4242 1317 4275 ι
1356 4224 1447 4293 qui
1478 4222 1841 4290 dormierunt,
1890 4245 1909 4277 ι
1935 4233 1994 4279 ιιι

418 4321 729 4376 ostenderet
773 4319 938 4374 etiam
979 4333 1075 4372 eos
1123 4317 1216 4388 qui
1258 4317 1538 4371 dormiunt
1585 4332 1707 4372 esse
1744 4333 1993 4374 resurre-

418 4423 625 4469 Cllll’OS.

490 4505 710 4572 Qums'r.
743 4501 902 4558 CXV.
933 4501 1074 4568 Quid
1094 4510 1177 4557 est
1204 4499 1337 4555 illud
1375 4517 1388 4552 :
1427 4517 1445 4550 ι
1490 4498 1604 4553 Non
1630 4499 1877 4570 rapinam
1903 4513 1994 4552 ar-

416 4599 652 4653 bitratus
676 4602 758 4649 est
788 4596 1050 4664 aaqualem
1075 4609 1134 4649 se
1160 4609 1283 4648 esse
1308 4592 1419 4647 Deo
1441 4593 1524 4646 “5?
1556 4611 1575 4643 ι

487 4688 650 4744 Βεειι.
679 4686 835 4754 Quod
864 4685 1157 4756 Apostolus
1190 4685 1342 4749 dicit,
1375 4692 1460 4739 est
1485 4683 1751 4752 ejusmodi
1780 4701 1792 4737 :
1818 4682 1991 4741 Filius

417 4780 536 4845 Dei,
569 4781 661 4851 qui
684 4780 846 4834 etiam
885 4778 1000 4845 ipse
1023 4776 1188 4841 Deus,
1217 4778 1404 4830 volens
1435 4776 1490 4829 in
1528 4783 1728 4830 terram
1760 4775 1989 4830 descen-

418 4874 569 4938 dere,
589 4879 642 4925 et
663 4871 961 4934 incaruari,
976 4883 1084 4921 non
1107 4866 1316 4921 veritus
1341 4874 1422 4918 est
1452 4881 1481 4918 a
1500 4880 1599 4918 sua
1617 4865 1879 4935 dignitate
1897 4865 1993 4921 de-

419 4965 700 5019 scendere.
717 4960 902 5029 Neque
924 4958 1068 5013 enim
1091 4974 1156 5012 ex
1175 4957 1362 5024 rapina
1380 4955 1714 5009 divinilatem
1734 4971 1886 5012 suam
1904 4958 1996 5011 ha-

419 5056 608 5111 bebat:
631 5054 794 5107 veluti
814 5053 858 5106 si
879 5052 1001 5121 quis
1027 5065 1121 5119 per
1145 5049 1388 5116 rapinam
1414 5046 1620 5115 aliquid
1639 5049 1820 5110 habet,
1838 5050 1994 5105 timet

418 5165 487 5203 ue
530 5146 663 5201 illud
688 5146 900 5215 perdat.
936 5143 1080 5196 Talis
1098 5155 1205 5195 non
1234 5151 1352 5193 erat
1376 5139 1648 5201 Christus,
1672 5140 1814 5194 absit
1847 5142 1859 5194 ι
1892 5142 1991 5196 sed

418 5257 542 5297 cum
565 5238 841 5309 perfectus
865 5237 1008 5292 Deus
1030 5242 1198 5296 esset,
1223 5233 1390 5286 homo
1413 5248 1632 5301 quoque
1656 5233 1772 5287 ﬁeri
1793 5235 1987 5288 voluit.

491 5330 711 5397 ρυιεετ.
734 5328 916 5383 CXVI.
948 5346 967 5380 ι
1002 5326 1117 5381 Hoc
1137 5324 1280 5382 enim
1303 5323 1457 5380 vobis
1483 5322 1716 5380 dicimus
1741 5324 1799 5378 in
1828 5325 1993 5380 verbo

420 5422 640 5480 Domini
666 5423 733 5477 ⁸⁸.
773 5442 793 5474 ι

2095 3122 2282 3177 καινού
2292 3138 2448 3193 μενον
2473 3138 2488 3187 ;
2534 3139 2553 3173 ι
2590 3151 2597 3158 -

2176 3215 2362 3268 Ἀπόκ.
2398 3212 2632 3267 Παλαιὸν
2686 3211 2969 3286 ἄνθρωπον
3005 3213 3096 3267 τὸν
3128 3214 3344 3284 πρῶτον
3363 3212 3552 3283 λέγει,
3579 3212 3682 3267 τὸν

2094 3306 2202 3361 ἀπὸ
2233 3307 2332 3378 τῆς
2389 3305 2647 3368 πτώσεως
2685 3304 2779 3358 τοῦ
2825 3305 2994 3376 Ἀδάμ
3032 3305 3450 3376 γεγεννημένον,
3504 3305 3538 3375 ἦ
3572 3305 3682 3374 τὴν

2096 3399 2359 3470 πονηρίαν
2413 3398 2513 3470 τὴν
2567 3397 2625 3465 ἐξ
2653 3397 2817 3451 αὐτοῦ
2860 3398 2953 3451 καὶ
2994 3399 3174 3451 πᾶσαν
3202 3398 3432 3451 κακίαν
3470 3397 3590 3452 νέον
3620 3398 3684 3451 δὲ

2095 3490 2382 3562 ἄνθρωπον
2430 3491 2529 3561 τὴν
2564 3489 2708 3544 κατά
2732 3490 2965 3561 Χριστὸν
3005 3490 3299 3556 πολιτείαν,
3332 3491 3451 3563 ἤτοι
3481 3490 3683 3561 ἐνάρε-

2092 3596 2186 3633 τον
2213 3580 2307 3634 καὶ
2344 3580 2556 3652 ἀγαθὴν
2589 3580 2882 3635 πολιτείαν.
3004 3642 3016 3654 ο

2179 3672 2369 3745 Ἐρὼτ.
2404 3673 2519 3744 ριδ¹.
2572 3675 2636 3728 Τί
2677 3675 2859 3743 λέγει’
2885 3695 2903 3726 ι
2931 3676 3046 3728 Ἵνα
3074 3674 3149 3747 μὴ
3191 3674 3457 3747 λυπῆσθε,
3491 3675 3684 3741 καθὼς

2095 3767 2191 3819 καὶ
2222 3768 2271 3819 οἱ
2298 3767 2494 3833 λοιποὶ,
2522 3769 2571 3820 οἱ
2601 3767 2675 3838 μὴ
2707 3766 2919 3837 ἔχοντες
2948 3766 3174 3833 ὲλπίδα;
3212 3787 3232 3820 ι

2178 3948 2367 4002 Ἀπόκ.
2416 3950 2476 4002 Oi
2531 3950 2606 4020 μὴ
2643 3948 2857 4021 ἔχοντες
2894 3951 3086 4006 ἐλπίδα
3119 3952 3490 4018 ἀναστάσεως,
3527 3955 3685 4008 ὲκεί-

2069 4056 2203 4110 ⁸νοις
2232 4038 2459 4110 ἁρμόζει
2486 4038 2795 4094 λυπεῖσθαι.
2832 4041 3070 4112 Πρόσεχε
3097 4042 3177 4106 δὲ,
3224 4043 3343 4107 πῶς
3398 4045 3493 4098 ἐπὶ
3537 4047 3685 4117 Χρι-

2095 4130 2220 4184 στοῦ
2243 4127 2414 4197 εἶπεν,
2468 4133 2549 4186 ὃτι
2595 4132 2836 4187 ἀπέθανε
2881 4135 2977 4187 καὶ
3018 4136 3239 4207 ἀνέστη.
3293 4138 3417 4191 Ἐπὶ
3469 4139 3526 4192 δὲ
3576 4141 3683 4194 τοῦ

2094 4221 2274 4275 κοινοῦ
2308 4222 2458 4286 λαοῦ,
2487 4218 2630 4287 εἷπε,
2662 4242 2680 4275 ι
2727 4225 2837 4279 τῶν
2867 4229 3309 4299 κεκοιμωμένων,
3345 4248 3363 4281 ι
3396 4230 3485 4284 ἵνα
3504 4230 3684 4303 δείξῃ,

2092 4314 2175 4367 ὃτι
2197 4316 2245 4367 οἱ
2279 4314 2610 4387 κοιμώμενοι
2634 4318 3045 4390 ἀναστήσονται.

2174 4489 2364 4561 Ἐρὼτ.
2399 4497 2512 4561 ριε’.
2542 4491 2607 4544 Τί
2635 4490 2780 4561 λέγει
2805 4510 2819 4522 θ
2851 4511 2870 4544 ι
2902 4494 3012 4564 Οὐχ
3040 4495 3330 4567 ἁρπαγμὸν
3351 4498 3601 4569 ἡγήσατο
3619 4500 3689 4553 τὸ

2099 4576 2237 4634 εἷναι
2270 4581 2358 4633 ίσα
2382 4582 2500 4652 Θεῷ
2523 4599 2538 4648 ;
2563 4602 2581 4634 ι

2180 4673 2366 4726 Ἀπόκ.
2417 4675 2481 4727 Ὃ
2507 4674 2653 4743 λέγει
2699 4675 2937 4729 τοιοῦτόν
2984 4677 3161 4730 ἐστιν·
3203 4677 3324 4731 Ὀτι
3349 4680 3377 4731 6
3414 4678 3543 4742 Υἱὸς
3582 4680 3685 4734 τοῦ

2095 4762 2253 4828 Θεοῦ,
2308 4765 2403 4817 καί¹
2446 4765 2598 4830 Θεὸς,
2643 4764 2926 4836 βουληθεὶς
2957 4767 3261 4836 καταϐῆναι
3315 4769 3407 4821 ἐπὶ
3443 4770 3546 4839 τῆς
3573 4772 3688 4842 γῆς

2095 4855 2190 4908 καὶ
2225 4855 2593 4935 σαρκωθῆναι,
2630 4856 2730 4909 οὐκ
2762 4857 3003 4928 ἐφοϐήθη
3042 4860 3341 4929 καταϐῆναι
3377 4860 3473 4912 τοῦ
3513 4860 3688 4925 ἀξιώ-

2100 4963 2289 5016 ματος.
2322 4949 2396 5000 Οὐ
2427 4948 2535 5018 γάρ
2556 4943 2702 5018 εἶχεν
2732 4948 2788 5015 ἐξ
2813 4949 3069 5019 ἁρπαγῆς
3093 4949 3188 5020 τὴν
3221 4951 3467 5022 θεότητα,
3486 4952 3688 5026 ὥσπερ

2096 5056 2180 5102 τις
2209 5039 2320 5109 ἔχει
2350 5041 2582 5110 πρᾶγμα
2608 5038 2667 5103 ἐξ
2700 5041 2974 5111 ἁρπαγῆς,
3008 5042 3102 5093 καὶ
3135 5042 3379 5111 φοϐεῖται
3407 5044 3687 5099 ἀπολέσαι

2097 5130 2250 5184 αὐτό.
2290 5132 2364 5183 Οὐ
2399 5130 2637 5194 τοιοῦτος
2673 5127 2741 5202 ἦν
2790 5134 2818 5184 6
2876 5133 3129 5202 Χριστὸς,
3168 5133 3243 5204 μὴ
3268 5134 3511 5202 γένοιτ-οἶ
3543 5135 3686 5190 ἀλλά

2098 5221 2231 5285 Θεὸς
2275 5221 2351 5275 ὢν
2395 5221 2620 5286 τέλειος,
2668 5222 2899 5294 ἠθέλησε
2947 5224 3041 5275 καὶ
3088 5222 3369 5293 ἄνθρωπος
3396 5225 3683 5293 γενέσθαι.

2185 5311 2375 5383 Ἐρώτ.
2417 5318 2547 5385 ριςν.
2589 5332 2606 5365 ι
2650 5312 2818 5367 Τοῦτο
2854 5312 2964 5387 γὰρ
3008 5314 3136 5385 ὑμῖν
3169 5314 3399 5387 λέγομεν
3439 5319 3499 5370 ὲν
3532 5318 3687 5391 λόγῳ

2099 5405 2326 5477 Κυρίου.
2357 5425 2375 5458 ι

493 5576 540 5608 ⁷⁸
579 5576 776 5645 Ephes.
812 5592 866 5635 v,
904 5574 989 5629 Μ.
1066 5576 1111 5608 ⁷⁹
1132 5573 1446 5645 Ephes._vl,
1488 5570 1573 5626 Η.
1650 5570 1868 5645 ‘_°_ibid.
1910 5570 1991 5627 l2.

2156 5571 2288 5627 ibid.
2363 5572 2407 5605 ⁸³
2448 5572 2578 5629 ibid.
2646 5571 2691 5606 ⁸³
2731 5571 2943 5630 Coloss.
2980 5588 3075 5640 ιιι,
3107 5574 3162 5630 9.
3239 5574 3328 5629 ⁸⁸1
3371 5573 3561 5632 TLess.
3604 5593 3691 5642 ιτ,
3740 5530 3747 5533 ᾗ

424 5645 510 5698 12.
584 5640 638 5679 ⁸⁸⁷
670 5648 903 5717 Philipp.
942 5662 1011 5711 ιι,
1046 5645 1100 5700 6.
1178 5640 1225 5678 ⁸⁵
1266 5643 1283 5696 I
1319 5640 1512 5698 Thess.
1549 5659 1620 5703 Iv,
1659 5641 1747 5696 I4.
