3836 6194
124 482 138 553 i

124 582 133 615 l

128 700 131 707 π

122 728 129 735 ο

116 768 125 815 i

146 317 273 375 765

1177 314 1645 383 QUIESTIONES
1682 316 1752 372 IN
1792 316 2177 375 EPISTOLAS
2213 318 2439 375 PAULI.

3326 314 3433 372 766

247 433 444 488 Ἀπόκ.
491 432 597 486 Τὸν
645 430 804 500 λόγον
830 449 927 486 του
984 431 1213 503 Κυρίου,
1261 433 1321 488 ὃν
1368 434 1614 507 εἴρηκεν,
1666 437 1739 490 ὅτι

1932 438 2092 494 Resp.
2124 437 2364 495 Verbum
2390 432 2603 492 Domini
2637 435 2783 508 quod
2813 435 2973 505 dixit,
3009 434 3114 490 hoc
3140 440 3243 501 est,
3271 433 3434 489 audi-

151 525 493 579 ἀκούσονται
552 526 652 595 τῆς
711 524 896 594 φωνῆς
939 524 1033 578 τοῦ
1069 525 1200 579 Υἱοῦ
1258 525 1355 580 τοῦ
1399 527 1534 581 Θεοῦ
1579 529 1673 581 καὶ
1707 528 1757 581 0i

150 619 500 682 ἀκούσαντες
546 617 821 690 ζήσονται.
861 638 879 670 ι
912 619 1082 673 T0610
1142 620 1374 692 λέγομεν
1418 624 1515 676 καὶ
1558 625 1749 694 ἡμεῖς’

149 713 242 764 ὅτι
260 715 424 783 ἡμεῖς
444 712 494 763 οἱ
528 710 749 774 ζῶντες,
778 711 827 764 οἱ
858 712 1298 782 περιλειπόμενοι
1325 713 1405 776 εἰς
1432 714 1530 784 τὴν
1556 731 1757 786 παρου-

151 803 285 856 σίαν
301 802 399 855 τοῦ
417 801 646 873 Κυρίου,
663 802 721 854 ού
760 802 834 874 μὴ
869 803 1147 875 φθάσομεν
1168 806 1295 869 τοὺς
1319 808 1706 879 κοιμηθέντας.
1729 829 1748 861 ι

149 894 375 959 Ζῶντές
409 896 549 947 εἰσιν
584 896 633 947 οἱ
677 896 1057 967 εὑρισκόμενοι
1096 899 1217 951 τότε
1250 900 1307 951 ἐν
1340 903 1405 971 τῇ
1437 902 1750 957 ἀναστάσει.

148 989 274 1043 Καὶ
313 987 425 1058 γὰρ
454 987 841 1059 εὑρεθήσονται
858 988 1135 1060 ἄνθρωποι
1170 992 1228 1042 ἐν
1245 993 1310 1061 τῇ
1334 992 1517 1062 ἡμέρᾳ
1545 992 1751 1063 ἐκείνῃ,

149 1082 257 1134 καὶ
291 1083 394 1134 οὐκ
419 1080 637 1150 ἕψονται
693 1081 941 1147 θάνατον,
966 1083 1104 1152 πλὴν
1144 1084 1203 1135 ού
1242 1084 1316 1153 μὴ
1346 1083 1594 1152 φθάσωσι
1626 1085 1753 1148 τοὺς

147 1173 552 1245 κοιμηθέντας.
598 1174 819 1245 Πρῶτοι
852 1174 959 1246 γὰρ
996 1177 1393 1245 ἀναστήσονται
1425 1179 1473 1229 οἱ
1501 1177 1752 1248 τελευτή-

146 1283 379 1331 σαντες,
431 1268 524 1320 καὶ
582 1266 718 1338 μετά
757 1267 929 1320 ταῦτα
979 1269 1028 1321 οἱ
1064 1266 1265 1333 ζῶντες
1314 1269 1747 1340 ἀλλαγήσονται,

147 1359 251 1412 καὶ
286 1359 776 1431 ἁρπαγήσονταιὲν
808 1358 885 1428 τῷ
915 1358 1032 1430 ἅμα
1066 1362 1146 1423 εἰς
1177 1359 1482 1429 ἀπάντησιν
1511 1361 1604 1414 τοῦ
1633 1363 1749 1413 Κυ-

152 1452 279 1521 ρίου
311 1454 396 1516 εἰς
424 1452 580 1523 ἀέρα.
618 1452 743 1515 Πῶς
763 1452 818 1505 δὲ
844 1454 1133 1523 γενήσεται
1158 1455 1192 1525 η
1220 1455 1465 1525 ἁρπαγὴ,
1495 1454 1744 1509 ἄκουσον.

146 1544 366 1608 Καθὼς
395 1547 427 1598 ὁ
454 1546 657 1617 Κύριος
689 1549 746 1601 ὲν
772 1545 1133 1616 κελεύσματι,
1172 1546 1450 1599 τουτέστιν
1483 1548 1539 1599 ὲν
1562 1545 1751 1599 κελεύ-

148 1654 260 1699 σει,
288 1639 389 1691 καὶ
418 1639 466 1690 οἱ
487 1638 707 1706 ἄγγελοι
742 1638 1144 1709 κραυγάζουσιν
1163 1655 1176 1668 ·
1225 1637 1555 1709 Ἐγείρεσθε,
1584 1632 1745 1707 ἦλθεν

143 1732 178 1783 ὁ
202 1728 489 1800 Νυμφίοςο
514 1730 635 1782 τότε
667 1730 1038 1801 καταϐήσεται
1060 1731 1154 1784 ἀπ’
1179 1729 1429 1802 ούρανοῦ.
1458 1731 1566 1784 Καὶ
1595 1731 1745 1803 πρῶ-

1857 532 1966 585 turi
2000 540 2128 585 sunt
2156 546 2340 586 vocem
2372 530 2494 585 Filii
2529 529 2662 598 Dei;
2705 536 2759 585 et
2788 531 2880 600 qui
2907 529 3200 592 audierint,
3226 528 3433 583 vivent.

1862 641 1881 675 ‹
1927 623 2079 685 Hoc,
2155 624 2355 693 inquit,
2424 631 2478 677 ct
2535 637 2637 677 nos
2676 621 2945 688 dicimus,
3003 621 3150 691 quod
3190 635 3290 675 nos
3336 617 3433 689 qui

1855 711 2102 766 vivemus
2134 718 2187 765 et
2220 711 2430 766 residui
2455 711 2664 766 erimus
2695 710 2750 765 in
2785 711 3020 765 adventu
3066 709 3281 764 Domini
3323 723 3434 763 non

1855 802 2250 871 przeveniemus
2272 816 2367 856 eos
2384 801 2477 870 qui
2498 800 2842 855 dormierunt
2865 800 2931 855 ⁸⁷.
2947 819 2965 851 ι
3000 798 3256 853 Viventes
3279 807 3432 862 sunt,

1853 894 1947 963 qui
1992 903 2107 947 tum
2148 894 2495 947 invenientur
2524 893 2582 947 in
2635 893 3056 948 resurrectione.
3088 890 3437 945 Invenientur

1853 985 1999 1040 enim
2048 986 2301 1040 homines
2337 987 2395 1040 in
2430 986 2522 1039 illa
2566 986 2674 1050 die,
2722 1001 2823 1039 nec
2857 984 3119 1039 videbunt
3149 990 3378 1037 mortem
3417 997 3432 1033 :

1852 1086 2223 1132 verumtamen
2263 1093 2373 1132 non
2403 1077 2735 1147 prmvenient
2768 1091 2863 1131 eos
2892 1076 2985 1144 qui
3015 1072 3436 1127 obdormierunt

1852 1177 2002 1224 ante.
2046 1168 2181 1222 Nam
2222 1169 2460 1239 primum
2498 1174 2785 1238 resurgcnt
2830 1164 3075 1229 mortui,
3112 1163 3310 1218 deinde
3339 1160 3436 1231 qui

1850 1260 2040 1314 vivunt
2084 1260 2546 1324 immutabuntur,
2577 1266 2631 1312 et
2662 1257 2827 1311 simul
2858 1271 2984 1310 cum
3011 1254 3120 1308 illis
3151 1253 3438 1323 rapientur

1852 1350 1904 1403 in
1961 1364 2253 1403 occursum
2313 1346 2529 1402 Domini
2586 1347 2640 1401 in
2692 1361 2840 1401 aera.
2875 1343 3064 1409 Qualis
3102 1350 3281 1397 autem
3331 1340 3440 1396 iste

1850 1446 2041 1510 raptus
2092 1438 2311 1495 futurus
2347 1439 2452 1503 sit,
2490 1437 2637 1491 audi.
2686 1436 2917 1502 Quando
2950 1434 3219 1488 Dominus
3256 1431 3437 1487 celeu-

1850 1538 2043 1595 smate,
2075 1531 2180 1585 hoc
2208 1537 2293 1585 est
2329 1529 2489 1601 jussu
2509 1569 2524 1595 ,
2554 1536 2607 1584 et
2637 1528 2813 1597 angeli
2855 1525 3171 1581 clamabunt
3219 1543 3233 1579 :
3285 1524 3430 1578 Sur-

1849 1626 1977 1693 gite,
2007 1623 2157 1677 venit
2192 1625 2336 1677 enim
2371 1624 2619 1692 Sponsus
2646 1637 2661 1687 ;
2698 1628 2831 1674 tunc
2855 1619 2922 1673 de
2952 1618 3094 1672 cmlo
3120 1617 3434 1673 desceniet.

1850 1714 1916 1768 Et
1964 1716 2202 1785 primum
2246 1720 2530 1783 resurgent
2568 1712 2798 1774 mortui,
2823 1710 3018 1765 deinde
3057 1717 3237 1763 autem
3272 1708 3308 1762 ii
3340 1706 3437 1778 qui

143 1839 247 1875 τον
290 1820 681 1892 ἐγερθήσονται
722 1823 770 1874 οἱ
815 1821 1031 1894 νεκροί’
1078 1822 1215 1892 μετά
1249 1822 1306 1874 δὲ
1337 1821 1511 1875 ταύτα
1554 1821 1650 1874 καὶ
1696 1823 1739 1874 οἱ

1861 1813 1982 1860 tunc
2013 1806 2217 1869 vivent,
2252 1803 2689 1857 iinmutabuntur
2708 1808 2763 1854 et
2796 1799 2927 1855 [ient
2965 1796 3433 1867 incorruptibiles.

147 1913 365 1978 ζῶντες
393 1912 815 1983 ἀλλαγήσονται,
850 1914 944 1967 καὶ
976 1915 1296 1985 γενήσονται
1321 1911 1605 1984 ἄφθαρτοι.
1640 1912 1750 1964 Καὶ

150 2004 300 2074 μετα
324 2003 488 2056 τοῦτο
538 2004 740 2068 πάντες
768 2006 817 2056 οἱ
850 2005 993 2074 ἆγιοι
1032 2005 1128 2057 καὶ
1166 2004 1304 2069 ἄξιοι
1333 2005 1748 2076 ἁρπαγήσονται

147 2093 264 2146 ὑπὸ
295 2092 566 2161 νεφελῶν,
597 2094 691 2146 καὶ
721 2092 960 2160 δέξονται
996 2094 1086 2149 τὸν
1114 2094 1317 2166 Κύριον
1339 2095 1493 2165 ἡμῶν
1525 2095 1751 2166 ἐρχόμε-

146 2200 244 2235 νον
270 2183 342 2235 ὲκ
367 2182 477 2235 τῶν
497 2182 764 2253 οὐρανῶν,
793 2182 974 2246 καθὼς
998 2183 1180 2252 λέγει’
1205 2203 1224 2235 ι
1257 2185 1367 2237 Καὶ
1385 2185 1545 2254 ἡμεῖς
1572 2185 1750 2255 ἁρπα-

144 2272 446 2343 γησόμεθα
486 2273 544 2323 ὲν
569 2272 820 2341 νεφέλαις
852 2273 931 2335 εἰς
957 2272 1265 2343 ἀπάντησιν
1291 2271 1384 2324 106
1419 2272 1627 2342 Κυρίου
1670 2273 1750 2333 εἰς

143 2365 317 2434 ἀέρα.
348 2382 367 2414 ι
405 2361 579 2416 Τοῦτο
609 2363 714 2435 γὰρ
746 2365 779 2434 ἡ
815 2362 942 2428 δόξα
983 2365 1076 2416 καὶ
1120 2366 1148 2417 ὁ
1185 2364 1450 2434 στέφανός
1495 2365 1610 2415 ἐστι
1643 2362 1749 2415 τῶν

143 2454 409 2508 δικαίων.
440 2455 502 2507 Οἱ
534 2454 591 2507 δὲ
625 2454 940 2526 ἁμαρτωλοὶ
976 2454 1360 2525 περιμένουσιν
1392 2455 1553 2508 αὐτὸν
1583 2471 1751 2508 κατα-

144 2548 344 2617 ϐῆναι.
372 2545 543 2600 Τοῦτο
575 2545 631 2599 δὲ
666 2546 899 2614 γίνεται,
929 2544 1117 2617 ὥσπερ
1142 2546 1234 2598 ἐπὶ
1272 2545 1538 2615 βασιλέως
1581 2548 1751 2616 ἀπερ-

143 2637 392 2707 χομένου
417 2638 475 2689 ὲν
499 2635 649 2689 πόλει
674 2635 815 2689 τινί·
855 2637 905 2688 0i.
936 2635 1035 2706 μὲν
1071 2635 1278 2704 πρῶτοι
1317 2636 1411 2689 καὶ
1438 2634 1634 2700 ἔνδοξοι
1651 2640 1751 2708 τῆς

143 2728 368 2791 πόλεως
392 2727 799 2799 ὲξέρχονταιεξς
816 2728 1119 2798 ἀπάντησιν
1142 2726 1308 2781 αὐτοῦ
1326 2746 1339 2759 ο
1370 2730 1419 2782 οἱ
1436 2729 1492 2781 δὲ
1522 2730 1751 2800 πένητες

142 2823 246 2875 καὶ
277 2821 524 2883 εὐτελεῖς
544 2821 1067 2892 προσκαρτεροῦσιν,
1087 2820 1192 2884 ἓως
1211 2813 1271 2874 οὗ
1296 2823 1653 2893 παραγίνεται
1672 2826 1750 2888 εἰς
1790 2852 1795 2855 -

142 2913 251 2983 τὴν
293 2912 476 2965 πόλιν.
506 2912 663 2966 Οὕτω
699 2930 788 2984 μοι
818 2912 927 2966 νόει
985 2913 1079 2966 καὶ
1113 2913 1205 2965 ἐπὶ
1225 2914 1320 2967 τοῦ
1352 2914 1611 2985 Χριστοῦ,
1646 2916 1748 2980 ὅτι,

142 3004 569 3077 κατερχομένου
593 3004 759 3059 αὐτοῦ
776 3006 839 3058 ὲκ
855 3002 951 3057 τοῦ
978 3005 1036 3057 ού
1048 3004 1231 3076 ρανοῦ,
1261 3005 1461 3069 πάντες
1483 3007 1531 3059 οἱ
1553 3006 1750 3060 δίκαιοι

144 3099 247 3150 καὶ
271 3096 473 3165 ἀγαθοὶ
503 3098 915 3168 ἀρπαγήσονται
949 3098 1031 3161 εἰς
1061 3098 1154 3150 τὸν
1179 3099 1425 3170 οὐρανὸν,
1456 3098 1548 3151 τοῦ
1577 3099 1751 3151 ἀπαν-

154 3155 336 3259 τῆσαι
404 3187 498 3242 τὸν
541 3155 747 3260 Κύριον
790 3189 944 3260 ἡμῶν
990 3155 1196 3258 ’ίησοῦν
1234 3155 1663 3261 κατεργόμενον·
1701 3191 1748 3242 οἱ
1779 3155 1822 3214 C

145 3280 211 3333 δὲ
248 3279 576 3352 ἁμαρτωλοὶ
610 3280 856 3333 ἵστανται
885 3281 977 3334 ἐπὶ
1024 3282 1124 3352 τῆς
1147 3280 1252 3351 γῆς
1290 3281 1655 3352 ἐκδεχόμενοι.

209 3369 491 3440 Κείμενον
522 3370 642 3442 ριζη
678 3389 697 3423 ι
733 3370 922 3434 Οὐδεὶς
956 3370 1383 3443 στρατευόμενος
1417 3372 1749 3442 ἐμπλέκεται

161 3465 277 3526 ταῖς
313 3460 411 3515 106
442 3461 561 3532 βίου
590 3464 1019 3535 πραγματείαις,
1038 3465 1127 3518 ἵνα
1147 3464 1225 3536 τῷ
1260 3466 1748 3538 στρατολογήσαντι

150 3552 361 3621 ἀρέσῃ.
396 3570 416 3603 δ

232 3644 473 3714 Ἐρμην.
527 3645 588 3697 Εἰ
615 3645 723 3717 γάρ
761 3645 987 3716 ἐπιγείῳ
1031 3643 1240 3715 βασιλεῖ
1272 3649 1301 3700 ὁ
1342 3645 1549 3716 μέλλων
1586 3663 1751 3717 στρα-

148 3734 421 3788 τεύεσθαι
450 3736 551 3788 οὐκ
609 3737 816 3808 ἀρέσει,
862 3736 955 3791 ἐὰν
991 3738 1065 3809 μὴ
1094 3739 1280 3812 ἀφήσῃ
1315 3740 1496 3802 πάσας
1528 3740 1626 3801 τάς
1653 3738 1747 3791 τοῦ

153 3827 277 3898 βίου
324 3827 614 3897 φροντίδας
639 3845 652 3859 ·
688 3830 841 3900 πόσῳ
878 3828 1078 3901 μᾶλλον
1108 3831 1316 3901 μέλλων
1356 3831 1745 3904 στρατευθῆναι

151 3917 236 3987 τῷ
270 3918 585 3988 ἐπουρανίῳ
619 3918 829 3988 βασιλεί
853 3936 867 3982 ;

226 4010 505 4080 Κεέμενον
562 4008 747 4082 ριη’.’‹
789 4011 915 4066 Ἐὰν
968 4012 1025 4065 δὲ
1068 4014 1161 4067 καὶ
1188 4012 1423 4086 ἀθλητὴς
1462 4014 1522 4067 ού
1557 4031 1751 4084 στεφα-

152 4100 374 4167 νοῦται,
406 4100 503 4155 ὲάν
534 4103 610 4173 μὴ
633 4102 878 4174 νομίμως
907 4102 1140 4177 ἀθλήσῃ.
1177 4123 1196 4155 ι

239 4279 477 4348 Ἑρμην.
515 4278 641 4331 Ἐὰν
673 4278 781 4350 γάρ
804 4297 884 4343 τις
927 4279 1311 4351 στρατεύηται,
1348 4281 1443 4335 καὶ
1471 4281 1550 4344 εἰς
1592 4280 1750 4335 πόλε-

155 4389 260 4444 μον
313 4370 652 4441 εἰσέρχηται,
714 4371 835 4423 οὐδὲ
890 4369 1031 4453 οὕτω
1079 4370 1453 4440 στεφανοῦται,
1523 4371 1616 4424 ἐὰν
1671 4372 1746 4443 μὴ

1850 1895 1916 1949 Ει
1937 1906 2061 1968 post
2093 1898 2207 1951 hac
2236 1910 2428 1950 omnes
2463 1894 2639 1948 sancti
2663 1900 2717 1946 et
2742 1892 2893 1963 digni
2930 1891 3213 1960 rapientur
3244 1890 3298 1943 in
3332 1903 3438 1942 nu-

1850 1991 2035 2050 bibus.
2082 1996 2137 2044 et
2180 1988 2471 2042 Dominum
2523 1993 2776 2041 nostrum
2818 1985 2886 2039 de
2931 1985 3092 2039 caelis
3123 1983 3434 2038 venientem

1849 2083 2150 2151 excipient,
2180 2079 2641 2151 quemadmodum
2691 2077 2867 2148 inquit
2901 2091 2916 2129 :
2965 2096 2985 2129 ι
3030 2075 3097 2129 Ει
3124 2091 3227 2130 nos
3256 2075 3438 2145 rapie-

1849 2187 1974 2225 mur
2013 2171 2066 2224 in
2105 2171 2344 2226 nubibus
2384 2170 2440 2224 in
2483 2184 2773 2224 occursum
2804 2168 3017 2223 Domini
3053 2169 3107 2221 in
3142 2182 3271 2223 aera
3302 2166 3374 2223 ⁸⁸.
3408 2183 3430 2219 ι

1849 2263 1985 2317 Nam
2019 2263 2134 2317 haec
2159 2270 2241 2317 est
2270 2262 2441 2333 gloria
2463 2270 2515 2317 et
2538 2276 2740 2315 corona
2768 2260 3069 2331 justorum.
3103 2258 3434 2316 Peccatores

1854 2372 1981 2410 vero
2024 2357 2424 2425 exspectabunt
2464 2356 2641 2425 ipsum
2688 2354 2866 2409 donec
2906 2352 3225 2408 descendat.
3254 2354 3435 2424 Atque

1852 2448 1955 2501 hoc
1987 2464 2095 2502 non
2139 2446 2195 2500 ﬁt
2227 2447 2403 2511 aliter,
2449 2460 2612 2515 quam
2649 2445 2695 2500 sl
2743 2459 2838 2498 rex
2884 2445 2939 2497 in
2974 2444 3211 2512 aliquam
3244 2443 3435 2498 urbem

1851 2539 2131 2593 concedat.
2152 2537 2222 2591 lbi
2250 2553 2485 2607 namque
2511 2537 2801 2606 optimates
2826 2544 2880 2591 et
2910 2536 3003 2605 qui
3032 2535 3246 2589 caeteris
3294 2550 3431 2604 pra:-

1853 2638 2022 2693 stant,
2072 2629 2430 2699 egrediuntur
2467 2628 2515 2682 ei
2548 2628 2601 2681 in
2647 2641 2938 2682 occursum
2973 2642 2986 2678 :
3025 2640 3292 2696 pauperes
3334 2640 3438 2679 au—

1852 2729 1960 2776 tem
2016 2731 2069 2775 et
2124 2721 2321 2789 abiecti
2374 2727 2737 2790 exspectant,
2787 2719 2964 2774 donec
3022 2720 3078 2774 in
3146 2718 3431 2773 civitatem

1850 2816 2052 2869 veniat.
2096 2812 2188 2867 Sic
2231 2814 2393 2867 etiam
2441 2812 2509 2868 de
2536 2812 2755 2867 Christo
2801 2813 3000 2881 cogita.
3055 2810 3432 2866 Descendente

1853 2906 1945 2959 illo
1975 2905 2041 2958 de
2072 2904 2232 2967 cmlo,
2271 2919 2463 2957 omnes
2500 2903 2634 2972 justi
2666 2910 2720 2957 et
2750 2902 2877 2956 boni
2914 2903 3194 2972 rapientur
3229 2902 3282 2955 in
3317 2915 3433 2956 cm-

1851 2998 1960 3050 lnin
1995 3006 2053 3050 ut
2086 2998 2300 3050 obviam
2334 2995 2631 3065 procedant
2677 2993 3029 3049 descendenti
3067 2993 3299 3048 Domino
3334 3007 3435 3048 no-

1854 3097 1969 3143 stro
2006 3086 2136 3142 Jesu
2168 3103 2181 3139 :
2219 3095 2540 3157 peccatores
2590 3094 2771 3142 autem
2812 3087 2867 3141 in
2901 3095 3046 3141 terra
3086 3085 3309 3141 stabunt
3336 3100 3435 3141 ex-

1855 3189 2189 3251 spectantes.

1923 3360 2251 3416 Pnorosrno
2304 3356 2513 3413 CXVII.
2553 3375 2572 3409 ι
2614 3355 2786 3413 Nemo
2830 3355 3076 3410 militans
3115 3353 3436 3425 implicatur

1850 3456 1976 3509 vita:
2028 3453 2285 3524 negotiis,
2317 3460 2376 3507 ut
2406 3452 2456 3507 ei
2488 3452 2581 3522 qui
2612 3466 2672 3507 se
2703 3450 2760 3504 in
2800 3449 3050 3503 militiam
3082 3446 3282 3518 delegit
3314 3447 3433 3518 pla-

1851 3557 1971 3602 cent
2004 3548 2071 3601 '9.
2118 3566 2137 3598 ι

1926 3642 2253 3696 INTERPRET.
2284 3639 2340 3693 Si
2365 3638 2510 3694 enim
2540 3638 2653 3701 ille,
2689 3636 2784 3707 qui
2818 3643 3036 3689 terreno
3078 3632 3195 3703 regi
3228 3630 3432 3685 milita-

1851 3743 2010 3790 turus
2046 3744 2148 3797 est,
2180 3749 2288 3787 non
2329 3740 2508 3803 potest
2538 3733 2771 3801 placere,
2805 3730 2911 3783 nisi
2955 3741 3145 3781 omnes
3174 3726 3297 3777 vita:
3331 3738 3430 3777 cu-

1851 3842 1942 3880 ras
1993 3823 2276 3893 reliquerit
2332 3840 2345 3876 :
2404 3831 2609 3892 quanto
2663 3818 2838 3889 magis
2890 3818 2984 3888 qui
3054 3814 3263 3869 caelesti
3318 3811 3433 3885 regi

1849 3916 2189 3969 militaturus
2216 3912 2337 3966 est?

1922 4001 2252 4056 Pnorosmo
2284 3999 2523 4055 CXVIII.
2559 3999 2701 4067 Quid
2749 4006 2835 4055 est
2885 3995 3020 4051 illud
3068 4010 3082 4046 :
3135 4012 3154 4044 ι
3195 3990 3353 4058 Quod
3384 3990 3433 4046 si

1849 4100 2025 4165 certat
2058 4093 2221 4147 etiam
2264 4092 2462 4163 aliquis
2489 4130 2504 4156 ,
2538 4107 2648 4146 non
2680 4097 3004 4152 coronatur,
3036 4085 3143 4140 nisi
3188 4082 3432 4151 legitime

1849 4186 2141 4241 certaverit
2166 4185 2257 4239 ⁸⁸⁸.
2300 4204 2320 4238 ι

1920 4275 2139 4331 larenp.
2172 4276 2307 4330 Nam
2334 4277 2545 4332 etiamsi
2570 4276 2693 4347 quis
2716 4276 2916 4331 bellum
2942 4277 3222 4347 ingressus
3247 4278 3430 4345 fuerit,

1850 4388 2028 4442 neque
2066 4373 2147 4427 sic
2186 4386 2404 4442 quoque
2440 4378 2756 4433 coronatur,
2802 4370 2909 4424 nisi
2950 4386 3076 4423 cum
3117 4372 3433 4426 adversario

155 4464 465 4536 συμπλακῇ
497 4464 634 4534 μετά
664 4463 757 4516 106
792 4464 1108 4526 ἀντιπάλου,
1133 4465 1227 4517 καὶ
1256 4463 1462 4535 κρούση
1496 4463 1633 4535 μετά
1653 4462 1739 4516 106

1861 4482 2077 4521 manum
2133 4480 2432 4520 conserens
2456 4504 2471 4527 ,
2504 4465 2684 4534 gladio
2739 4465 3071 4534 percusserit
3112 4472 3167 4519 et
3205 4464 3433 4522 interfe-

152 4559 375 4628 ξίφους,
404 4558 498 4609 καὶ
534 4556 831 4627 ἀποκτείνῃ
874 4557 1055 4615 αὐτόν.
1092 4555 1264 4609 Τοῦτο
1292 4557 1401 4628 γάρ
1440 4558 1555 4609 ἐστι
1580 4555 1641 4608 τὸ
1667 4572 1752 4608 νο-

157 4651 353 4721 μίμως
378 4648 631 4719 ἀθλῆσαι.
906 4640 913 4646 ’

229 4742 505 4810 Κείμενον
532 4739 651 4811 ριθ’.
677 4758 694 4790 ι
724 4739 827 4794 Τὸν
863 4738 1140 4793 κοπιῶντα
1158 4739 1406 4810 γεωργὸν
1437 4739 1516 4793 δεῖ
1537 4740 1752 4812 πρῶτον

151 4833 248 4891 τὸν
280 4833 494 4903 καρπὸν
531 4831 986 4903 μεταλαμϐάνειν.
1020 4851 1039 4883 ι

240 4927 477 4996 Ἐρμην.
515 4925 686 4977 T0610
706 4925 835 4996 περὶ
869 4924 975 4977 τῶν
1000 4923 1383 4995 πνευματικῶν
1414 4923 1749 4978 διδασκάλων

152 5019 384 5091 εἴρηκεν
410 5034 423 5047 ο
466 5017 549 5069 ὅτι
597 5018 688 5069 τὸν
734 5017 1008 5070 κοπιῶντα
1046 5018 1141 5070 καὶ
1176 5015 1576 5087 ἀγωνιζόμενον
1604 5016 1749 5070 διδάο

152 5110 358 5165 σκαλον
404 5108 545 5181 ὑπὲρ
575 5106 739 5161 αὐτοῦ
775 5108 870 5160 καὶ
898 5108 996 5177 τῆς
1041 5106 1148 5159 τῶν
1192 5107 1446 5177 μαθητῶν
1488 5106 1753 5175 ὡφελείας

153 5199 393 5271 ἁρμόζει
423 5197 642 5269 πρῶτον
670 5198 820 5269 παρὰ
847 5197 979 5250 Θεοῦ
1019 5197 1316 5266 λαμϐάνειν
1344 5198 1468 5262 τοὺς
1505 5197 1749 5267 μισθοὺς,

153 5292 355 5344 ἔπειτα
373 5289 499 5352 τοὺς
530 5289 800 5363 μαθητάς.
846 5290 955 5343 Καὶ
977 5288 1088 5357 γὰρ
1121 5291 1149 5341 ὁ
1180 5289 1443 5360 γεωργὸς,
1478 5290 1605 5344 ὅταν
1639 5292 1753 5341 εἰσ-

155 5381 355 5451 οδιασῃ
391 5378 483 5431 τὸν
509 5378 719 5450 καρπὸν
742 5378 931 5441 αὑτοῦ,
978 5377 1192 5449 πρῶτον
1214 5381 1418 5442 ἐκεῖνος
1436 5378 1750 5451 θησαυρίζει

156 5474 224 5527 ἐκ
259 5473 369 5526 τῶν
432 5473 663 5544 καρπῶν
697 5472 859 5525 αὑτοῦ
895 5474 953 5525 ἐν
987 5471 1064 5543 τῷ
1096 5471 1229 5543 οἴκῳ
1260 5471 1423 5525 αὑτοῦ
1443 5488 1456 5501 '
1482 5472 1577 5524 καὶ¹
1605 5471 1748 5524 οὕτω

157 5566 391 5639 παρέχει
422 5565 534 5619 εἴτε
560 5564 929 5639 ἐλεημοσύνην
954 5564 1067 5618 εἴτε
1095 5567 1207 5629 τοῖς
1238 5564 1540 5637 χρεώσταις
1557 5562 1744 5618 αὑτοῦ.

1854 4559 1991 4614 cerit
2022 4573 2167 4614 eum.
2192 4556 2329 4611 Nam
2359 4559 2463 4612 hoc
2495 4565 2578 4612 est
2612 4555 2745 4611 illud
2777 4556 3015 4627 legitime
3046 4564 3273 4614 certare.

1930 4735 2092 4792 Pnor.
2153 4735 2341 4792 CXIX.
2393 4756 2412 4789 ι
2465 4736 2827 4793 Laborantem
2874 4739 3169 4809 agricolam
3220 4744 3433 4809 oportet

1851 4830 2089 4902 primum
2120 4830 2185 4884 de
2211 4830 2483 4884 fructibus
2508 4832 2788 4900 percipere
2820 4833 2887 4885 ’°.
2929 4851 2947 4884 ι

1922 4923 2089 4993 278
2120 4922 2440 4976 Ικτειιιιιιετ.
2469 4922 2583 4978 Iloc
2619 4923 2685 4978 de
2716 4923 3090 4994 spiritualibus
3114 4922 3429 4978 doctoribus

1854 5015 1991 5069 dixit
2046 5034 2058 5068 :
2107 5016 2233 5084 quia
2280 5030 2376 5083 par
2410 5023 2515 5079 est,
2558 5023 2618 5068 ut
2649 5014 2862 5079 doctor,
2904 5015 2996 5083 qui
3033 5029 3131 5083 pro
3162 5030 3221 5069 se
3247 5020 3300 5068 et
3330 5027 3431 5083 pro

1852 5106 1969 5161 suis
2003 5106 2347 5160 auditoribus
2375 5107 2586 5160 laborat
2618 5114 2672 5160 et
2699 5101 2965 5169 decertat,
2992 5108 3227 5175 primum
3261 5121 3291 5159 a
3320 5106 3429 5159 Deo

1850 5198 2158 5251 mercedem
2188 5197 2440 5265 recipiat,
2471 5196 2665 5251 deinde
2695 5196 2971 5266 discipuli.
2994 5195 3127 5248 Nam
3164 5197 3427 5265 agricola,

1852 5303 1977 5343 cum
2010 5287 2222 5342 fructus
2246 5304 2377 5343 suos
2403 5289 2643 5357 collegit,
2679 5289 2768 5343 ille
2803 5289 3012 5357 primus
3053 5287 3106 5341 in
3138 5287 3298 5341 domo
3329 5302 3428 5341 sua

1848 5388 1903 5435 et
1931 5379 1998 5434 de
2024 5378 2290 5434 fructibus
2317 5380 2433 5436 suis
2463 5381 2565 5434 sibi
2605 5381 2874 5435 recondit.
2897 5381 3084 5450 Atque'
3102 5381 3181 5434 sic
3209 5377 3427 5432 demum

1859 5479 1954 5525 aut
1992 5470 2396 5543 cleemosynam
2430 5471 2712 5543 elargitur,
2744 5471 2833 5528 vel
2863 5470 3133 5526 satisfacit
3167 5466 3434 5526 debitori-

1847 5563 1973 5623 bus.

229 5721 274 5755 ⁸⁷
317 5720 341 5776 ι
378 5722 635 5779 Thessal.
669 5739 740 5789 Iv,
772 5722 857 5778 Η.
936 5723 980 5757 ⁸⁸
1019 5722 1150 5780 ibid.
1192 5720 1278 5779 16.
1351 5721 1395 5755 ⁶⁹
1435 5720 1476 5778 Il
1517 5719 1659 5811 Tim.
1694 5736 1739 5789 tl,

1914 5721 1980 5760 ”‘
2020 5721 2155 5779 ibid.
2182 5721 2238 5780 5.
2315 5721 2361 5758 “
2396 5721 2532 5779 ibid.
2564 5719 2618 5778 6.
