  <div class='ocr_page' id='page_1' title='image "/cluster/home/n/w/nwhite01/storage/ocr_20150623/28/nnc1.0046978690/423.png"; bbox 0 0 3852 6192; ppageno 0'>
   <div class='ocr_carea' id='block_1_1' title="bbox 413 284 519 339">
    <p class='ocr_par' dir='ltr' id='par_1_1' title="bbox 413 284 519 339">
     <span class='ocr_line' id='line_1_1' title="bbox 413 284 519 339; baseline -0.009 0"><span class='ocrx_word' id='word_1_1' title='bbox 413 284 519 339; x_wconf 84' lang='lat'><strong>767</strong></span> 
     </span>
    </p>
   </div>
   <div class='ocr_carea' id='block_1_2' title="bbox 482 406 2064 480">
    <p class='ocr_par' dir='ltr' id='par_1_2' title="bbox 482 406 2064 480">
     <span class='ocr_line' id='line_1_2' title="bbox 482 406 2064 480; baseline -0.001 -17"><span class='ocrx_word' id='word_1_2' title='bbox 482 408 656 464; x_wconf 68' lang='lat' dir='ltr'><strong>Auum</strong></span> <span class='ocrx_word' id='word_1_3' title='bbox 710 424 776 464; x_wconf 77' lang='grc' dir='ltr'><strong>οε</strong></span> <span class='ocrx_word' id='word_1_4' title='bbox 832 424 1032 465; x_wconf 70' lang='lat' dir='ltr'><strong>nonan.</strong></span> <span class='ocrx_word' id='word_1_5' title='bbox 1099 406 1166 464; x_wconf 87' lang='lat' dir='ltr'><strong>Et</strong></span> <span class='ocrx_word' id='word_1_6' title='bbox 1230 408 1438 465; x_wconf 90' lang='lat' dir='ltr'><strong>aliter:</strong></span> <span class='ocrx_word' id='word_1_7' title='bbox 1488 407 1809 480; x_wconf 85' lang='lat' dir='ltr'><strong>Quicunque</strong></span> <span class='ocrx_word' id='word_1_8' title='bbox 1874 408 2064 470; x_wconf 70' lang='lat' dir='ltr'><strong>vultA</strong></span> 
     </span>
    </p>
   </div>
   <div class='ocr_carea' id='block_1_3' title="bbox 413 500 1990 573">
    <p class='ocr_par' dir='ltr' id='par_1_3' title="bbox 413 500 1990 573">
     <span class='ocr_line' id='line_1_3' title="bbox 413 500 1990 573; baseline 0.001 -18"><span class='ocrx_word' id='word_1_9' title='bbox 413 501 480 556; x_wconf 88' lang='lat' dir='ltr'><strong>ad</strong></span> <span class='ocrx_word' id='word_1_10' title='bbox 517 516 656 570; x_wconf 91' lang='lat' dir='ltr'><strong>opus</strong></span> <span class='ocrx_word' id='word_1_11' title='bbox 706 500 802 555; x_wconf 90' lang='lat' dir='ltr'><strong>Dei</strong></span> <span class='ocrx_word' id='word_1_12' title='bbox 861 500 1138 566; x_wconf 83' lang='lat' dir='ltr'><strong>laborare,</strong></span> <span class='ocrx_word' id='word_1_13' title='bbox 1182 500 1278 573; x_wconf 87' lang='lat' dir='ltr'><strong>qui</strong></span> <span class='ocrx_word' id='word_1_14' title='bbox 1311 501 1448 556; x_wconf 88' lang='lat' dir='ltr'><strong>alios</strong></span> <span class='ocrx_word' id='word_1_15' title='bbox 1485 501 1702 566; x_wconf 91' lang='lat' dir='ltr'><strong>docere,</strong></span> <span class='ocrx_word' id='word_1_16' title='bbox 1743 500 1830 555; x_wconf 84' lang='lat' dir='ltr'><strong>vel</strong></span> <span class='ocrx_word' id='word_1_17' title='bbox 1867 500 1990 556; x_wconf 86' lang='lat' dir='ltr'><strong>aliis</strong></span> 
     </span>
    </p>
   </div>
   <div class='ocr_carea' id='block_1_4' title="bbox 415 592 1989 665">
    <p class='ocr_par' dir='ltr' id='par_1_4' title="bbox 415 592 1989 665">
     <span class='ocr_line' id='line_1_4' title="bbox 415 592 1989 665; baseline -0.001 -18"><span class='ocrx_word' id='word_1_18' title='bbox 415 594 534 649; x_wconf 79' lang='lat' dir='ltr'><strong>vult</strong></span> <span class='ocrx_word' id='word_1_19' title='bbox 577 593 857 664; x_wconf 86' lang='lat' dir='ltr'><strong>prodesse,</strong></span> <span class='ocrx_word' id='word_1_20' title='bbox 890 593 1047 648; x_wconf 89' lang='lat' dir='ltr'><strong>decet</strong></span> <span class='ocrx_word' id='word_1_21' title='bbox 1078 593 1230 648; x_wconf 90' lang='lat' dir='ltr'><strong>illum</strong></span> <span class='ocrx_word' id='word_1_22' title='bbox 1270 593 1447 665; x_wconf 91' lang='lat' dir='ltr'><strong>ipsum</strong></span> <span class='ocrx_word' id='word_1_23' title='bbox 1467 635 1484 660; x_wconf 96' lang='lat'><strong>,</strong></span> <span class='ocrx_word' id='word_1_24' title='bbox 1516 593 1609 663; x_wconf 85' lang='lat' dir='ltr'><strong>qui</strong></span> <span class='ocrx_word' id='word_1_25' title='bbox 1642 593 1781 648; x_wconf 86' lang='lat' dir='ltr'><strong>alios</strong></span> <span class='ocrx_word' id='word_1_26' title='bbox 1811 592 1989 659; x_wconf 88' lang='lat' dir='ltr'><strong>docet,</strong></span> 
     </span>
    </p>
   </div>
   <div class='ocr_carea' id='block_1_5' title="bbox 413 683 1991 755">
    <p class='ocr_par' dir='ltr' id='par_1_5' title="bbox 413 683 1991 755">
     <span class='ocr_line' id='line_1_5' title="bbox 413 683 1991 755; baseline -0.001 -16"><span class='ocrx_word' id='word_1_27' title='bbox 413 685 471 739; x_wconf 88' lang='lat' dir='ltr'><strong>in</strong></span> <span class='ocrx_word' id='word_1_28' title='bbox 506 685 700 754; x_wconf 89' lang='lat' dir='ltr'><strong>primis</strong></span> <span class='ocrx_word' id='word_1_29' title='bbox 730 698 987 740; x_wconf 81' lang='lat' dir='ltr'><strong>exercere</strong></span> <span class='ocrx_word' id='word_1_30' title='bbox 1016 685 1269 749; x_wconf 73' lang='lat' dir='ltr'><strong>virtutes,</strong></span> <span class='ocrx_word' id='word_1_31' title='bbox 1297 693 1357 738; x_wconf 93' lang='lat' dir='ltr'><strong>ut</strong></span> <span class='ocrx_word' id='word_1_32' title='bbox 1387 684 1617 755; x_wconf 84' lang='lat' dir='ltr'><strong>accipiat</strong></span> <span class='ocrx_word' id='word_1_33' title='bbox 1648 700 1679 738; x_wconf 91' lang='lat' dir='ltr'><strong>a</strong></span> <span class='ocrx_word' id='word_1_34' title='bbox 1715 683 1826 740; x_wconf 93' lang='lat' dir='ltr'><strong>Deo</strong></span> <span class='ocrx_word' id='word_1_35' title='bbox 1847 683 1991 739; x_wconf 91' lang='lat' dir='ltr'><strong>dona</strong></span> 
     </span>
    </p>
   </div>
   <div class='ocr_carea' id='block_1_6' title="bbox 414 776 1991 847">
    <p class='ocr_par' dir='ltr' id='par_1_6' title="bbox 414 776 1991 847">
     <span class='ocr_line' id='line_1_6' title="bbox 414 776 1991 847; baseline 0.001 -17"><span class='ocrx_word' id='word_1_36' title='bbox 414 778 621 847; x_wconf 64' lang='lat' dir='ltr'><strong>gratiae,</strong></span> <span class='ocrx_word' id='word_1_37' title='bbox 673 784 727 832; x_wconf 93' lang='lat' dir='ltr'><strong>et</strong></span> <span class='ocrx_word' id='word_1_38' title='bbox 783 778 1033 847; x_wconf 86' lang='lat' dir='ltr'><strong>acquirat</strong></span> <span class='ocrx_word' id='word_1_39' title='bbox 1063 776 1277 832; x_wconf 85' lang='lat' dir='ltr'><strong>fructus</strong></span> <span class='ocrx_word' id='word_1_40' title='bbox 1309 778 1487 832; x_wconf 84' lang='lat' dir='ltr'><strong>sancti</strong></span> <span class='ocrx_word' id='word_1_41' title='bbox 1530 776 1786 847; x_wconf 82' lang='lat' dir='ltr'><strong>Spiritus,</strong></span> <span class='ocrx_word' id='word_1_42' title='bbox 1830 786 1991 846; x_wconf 88' lang='lat' dir='ltr'><strong>atque</strong></span> 
     </span>
    </p>
   </div>
   <div class='ocr_carea' id='block_1_7' title="bbox 417 866 1990 937">
    <p class='ocr_par' dir='ltr' id='par_1_7' title="bbox 417 866 1990 937">
     <span class='ocr_line' id='line_1_7' title="bbox 417 866 1990 937; baseline 0 -15"><span class='ocrx_word' id='word_1_43' title='bbox 417 870 709 924; x_wconf 80' lang='lat' dir='ltr'><strong>thesauros</strong></span> <span class='ocrx_word' id='word_1_44' title='bbox 729 868 1061 937; x_wconf 83' lang='lat' dir='ltr'><strong>cognitionis</strong></span> <span class='ocrx_word' id='word_1_45' title='bbox 1092 869 1359 923; x_wconf 88' lang='lat' dir='ltr'><strong>bonorum</strong></span> <span class='ocrx_word' id='word_1_46' title='bbox 1391 867 1506 924; x_wconf 89' lang='lat' dir='ltr'><strong>Dei.</strong></span> <span class='ocrx_word' id='word_1_47' title='bbox 1539 866 1617 922; x_wconf 88' lang='lat' dir='ltr'><strong>lta</strong></span> <span class='ocrx_word' id='word_1_48' title='bbox 1641 868 1754 932; x_wconf 84' lang='lat' dir='ltr'><strong>ﬁet,</strong></span> <span class='ocrx_word' id='word_1_49' title='bbox 1790 876 1846 921; x_wconf 93' lang='lat' dir='ltr'><strong>ut</strong></span> <span class='ocrx_word' id='word_1_50' title='bbox 1866 867 1990 922; x_wconf 86' lang='lat' dir='ltr'><strong>aliis</strong></span> 
     </span>
    </p>
   </div>
   <div class='ocr_carea' id='block_1_8' title="bbox 414 957 1991 1031">
    <p class='ocr_par' dir='ltr' id='par_1_8' title="bbox 414 957 1991 1031">
     <span class='ocr_line' id='line_1_8' title="bbox 414 957 1991 1031; baseline -0.001 -20"><span class='ocrx_word' id='word_1_51' title='bbox 414 976 630 1031; x_wconf 86' lang='lat' dir='ltr'><strong>quoque</strong></span> <span class='ocrx_word' id='word_1_52' title='bbox 656 960 833 1030; x_wconf 86' lang='lat' dir='ltr'><strong>possit</strong></span> <span class='ocrx_word' id='word_1_53' title='bbox 858 960 1128 1030; x_wconf 88' lang='lat' dir='ltr'><strong>impertiri</strong></span> <span class='ocrx_word' id='word_1_54' title='bbox 1156 959 1319 1016; x_wconf 89' lang='lat' dir='ltr'><strong>dona.</strong></span> <span class='ocrx_word' id='word_1_55' title='bbox 1350 957 1487 1013; x_wconf 87' lang='lat' dir='ltr'><strong>Nam</strong></span> <span class='ocrx_word' id='word_1_56' title='bbox 1518 958 1564 1013; x_wconf 90' lang='lat' dir='ltr'><strong>si</strong></span> <span class='ocrx_word' id='word_1_57' title='bbox 1598 959 1721 1028; x_wconf 90' lang='lat' dir='ltr'><strong>quis</strong></span> <span class='ocrx_word' id='word_1_58' title='bbox 1753 958 1991 1027; x_wconf 89' lang='lat' dir='ltr'><strong>aliquem</strong></span> 
     </span>
    </p>
   </div>
   <div class='ocr_carea' id='block_1_9' title="bbox 412 1046 1991 1120">
    <p class='ocr_par' dir='ltr' id='par_1_9' title="bbox 412 1046 1991 1120">
     <span class='ocr_line' id='line_1_9' title="bbox 412 1046 1991 1120; baseline -0.003 -15"><span class='ocrx_word' id='word_1_59' title='bbox 412 1053 536 1106; x_wconf 86' lang='lat' dir='ltr'><strong>oleo</strong></span> <span class='ocrx_word' id='word_1_60' title='bbox 569 1050 684 1106; x_wconf 90' lang='lat' dir='ltr'><strong>suis</strong></span> <span class='ocrx_word' id='word_1_61' title='bbox 730 1050 985 1104; x_wconf 89' lang='lat' dir='ltr'><strong>manibus</strong></span> <span class='ocrx_word' id='word_1_62' title='bbox 1026 1065 1229 1120; x_wconf 85' lang='lat' dir='ltr'><strong>ungere</strong></span> <span class='ocrx_word' id='word_1_63' title='bbox 1272 1050 1483 1112; x_wconf 75' lang='lat' dir='ltr'><strong>volens,</strong></span> <span class='ocrx_word' id='word_1_64' title='bbox 1525 1049 1702 1103; x_wconf 89' lang='lat' dir='ltr'><strong>oleum</strong></span> <span class='ocrx_word' id='word_1_65' title='bbox 1749 1062 1861 1102; x_wconf 90' lang='lat' dir='ltr'><strong>non</strong></span> <span class='ocrx_word' id='word_1_66' title='bbox 1890 1046 1991 1100; x_wconf 88' lang='lat' dir='ltr'><strong>ha-</strong></span> 
     </span>
    </p>
   </div>
   <div class='ocr_carea' id='block_1_10' title="bbox 413 1142 1990 1214">
    <p class='ocr_par' dir='ltr' id='par_1_10' title="bbox 413 1142 1990 1214">
     <span class='ocr_line' id='line_1_10' title="bbox 413 1142 1990 1214; baseline -0.001 -15"><span class='ocrx_word' id='word_1_67' title='bbox 413 1144 563 1205; x_wconf 85' lang='lat' dir='ltr'><strong>beat.</strong></span> <span class='ocrx_word' id='word_1_68' title='bbox 595 1144 870 1212; x_wconf 87' lang='lat' dir='ltr'><strong>quomodo</strong></span> <span class='ocrx_word' id='word_1_69' title='bbox 899 1145 1259 1214; x_wconf 85' lang='lat' dir='ltr'><strong>impertiverit</strong></span> <span class='ocrx_word' id='word_1_70' title='bbox 1305 1144 1428 1197; x_wconf 89' lang='lat' dir='ltr'><strong>aliis</strong></span> <span class='ocrx_word' id='word_1_71' title='bbox 1468 1143 1520 1198; x_wconf 92' lang='lat' dir='ltr'><strong>id</strong></span> <span class='ocrx_word' id='word_1_72' title='bbox 1554 1142 1701 1213; x_wconf 92' lang='lat' dir='ltr'><strong>quod</strong></span> <span class='ocrx_word' id='word_1_73' title='bbox 1732 1144 1849 1214; x_wconf 91' lang='lat' dir='ltr'><strong>ipse</strong></span> <span class='ocrx_word' id='word_1_74' title='bbox 1879 1158 1990 1197; x_wconf 89' lang='lat' dir='ltr'><strong>non</strong></span> 
     </span>
    </p>
   </div>
   <div class='ocr_carea' id='block_1_11' title="bbox 411 1235 1991 1303">
    <p class='ocr_par' dir='ltr' id='par_1_11' title="bbox 411 1235 1991 1303">
     <span class='ocr_line' id='line_1_11' title="bbox 411 1235 1991 1303; baseline 0.001 -14"><span class='ocrx_word' id='word_1_75' title='bbox 411 1236 609 1290; x_wconf 84' lang='lat' dir='ltr'><strong>habet?</strong></span> <span class='ocrx_word' id='word_1_76' title='bbox 630 1237 828 1291; x_wconf 86' lang='lat' dir='ltr'><strong>Eodem</strong></span> <span class='ocrx_word' id='word_1_77' title='bbox 863 1236 1023 1292; x_wconf 89' lang='lat' dir='ltr'><strong>modo</strong></span> <span class='ocrx_word' id='word_1_78' title='bbox 1045 1237 1113 1293; x_wconf 89' lang='lat' dir='ltr'><strong>de</strong></span> <span class='ocrx_word' id='word_1_79' title='bbox 1133 1237 1357 1293; x_wconf 89' lang='lat' dir='ltr'><strong>doctore</strong></span> <span class='ocrx_word' id='word_1_80' title='bbox 1374 1243 1459 1293; x_wconf 92' lang='lat' dir='ltr'><strong>est</strong></span> <span class='ocrx_word' id='word_1_81' title='bbox 1486 1236 1855 1303; x_wconf 89' lang='lat' dir='ltr'><strong>sentiendum,</strong></span> <span class='ocrx_word' id='word_1_82' title='bbox 1879 1235 1991 1292; x_wconf 88' lang='lat' dir='ltr'><strong>sic-</strong></span> 
     </span>
    </p>
   </div>
   <div class='ocr_carea' id='block_1_12' title="bbox 412 1327 840 1381">
    <p class='ocr_par' dir='ltr' id='par_1_12' title="bbox 412 1327 840 1381">
     <span class='ocr_line' id='line_1_12' title="bbox 412 1327 840 1381; baseline -0.002 -1"><span class='ocrx_word' id='word_1_83' title='bbox 412 1333 473 1380; x_wconf 91' lang='lat' dir='ltr'><strong>ut</strong></span> <span class='ocrx_word' id='word_1_84' title='bbox 502 1327 709 1380; x_wconf 91' lang='lat' dir='ltr'><strong>dictum</strong></span> <span class='ocrx_word' id='word_1_85' title='bbox 737 1332 840 1381; x_wconf 90' lang='lat' dir='ltr'><strong>est.</strong></span> 
     </span>
    </p>
   </div>
   <div class='ocr_carea' id='block_1_13' title="bbox 480 1495 1702 1569">
    <p class='ocr_par' dir='ltr' id='par_1_13' title="bbox 480 1495 1702 1569">
     <span class='ocr_line' id='line_1_13' title="bbox 480 1495 1702 1569; baseline -0.001 -17"><span class='ocrx_word' id='word_1_86' title='bbox 480 1497 701 1565; x_wconf 59' lang='lat' dir='ltr'><strong>Qums&#39;r.</strong></span> <span class='ocrx_word' id='word_1_87' title='bbox 732 1496 893 1553; x_wconf 88' lang='lat' dir='ltr'><strong>CXX.</strong></span> <span class='ocrx_word' id='word_1_88' title='bbox 933 1515 953 1548; x_wconf 76' lang='grc' dir='ltr'><strong>ι</strong></span> <span class='ocrx_word' id='word_1_89' title='bbox 990 1495 1237 1566; x_wconf 86' lang='lat' dir='ltr'><strong>lntellige</strong></span> <span class='ocrx_word' id='word_1_90' title='bbox 1266 1513 1387 1569; x_wconf 68' lang='lat' dir='ltr'><strong>quae</strong></span> <span class='ocrx_word' id='word_1_91' title='bbox 1414 1498 1539 1554; x_wconf 90' lang='lat' dir='ltr'><strong>dico</strong></span> <span class='ocrx_word' id='word_1_92' title='bbox 1572 1498 1639 1552; x_wconf 83' lang='grc'><strong>⁹¹.</strong></span> <span class='ocrx_word' id='word_1_93' title='bbox 1682 1517 1702 1551; x_wconf 83' lang='grc' dir='ltr'><strong>ι</strong></span> 
     </span>
    </p>
   </div>
   <div class='ocr_carea' id='block_1_14' title="bbox 480 1586 1986 1660">
    <p class='ocr_par' dir='ltr' id='par_1_14' title="bbox 480 1586 1986 1660">
     <span class='ocr_line' id='line_1_14' title="bbox 480 1586 1986 1660; baseline 0.003 -19"><span class='ocrx_word' id='word_1_94' title='bbox 480 1586 643 1643; x_wconf 73' lang='lat' dir='ltr'><strong>Resr.</strong></span> <span class='ocrx_word' id='word_1_95' title='bbox 685 1588 822 1654; x_wconf 83' lang='lat' dir='ltr'><strong>Quia</strong></span> <span class='ocrx_word' id='word_1_96' title='bbox 877 1604 974 1660; x_wconf 89' lang='lat' dir='ltr'><strong>per</strong></span> <span class='ocrx_word' id='word_1_97' title='bbox 1017 1590 1307 1659; x_wconf 79' lang='lat' dir='ltr'><strong>parabolas</strong></span> <span class='ocrx_word' id='word_1_98' title='bbox 1344 1592 1396 1645; x_wconf 89' lang='lat' dir='ltr'><strong>ei</strong></span> <span class='ocrx_word' id='word_1_99' title='bbox 1438 1590 1736 1660; x_wconf 89' lang='lat' dir='ltr'><strong>scripserat</strong></span> <span class='ocrx_word' id='word_1_100' title='bbox 1781 1590 1986 1656; x_wconf 90' lang='lat' dir='ltr'><strong>omnia,</strong></span> 
     </span>
    </p>
   </div>
   <div class='ocr_carea' id='block_1_15' title="bbox 1547 282 2539 342">
    <p class='ocr_par' dir='ltr' id='par_1_15' title="bbox 1547 282 2539 342">
     <span class='ocr_line' id='line_1_15' title="bbox 1547 282 2539 342; baseline 0.001 -2"><span class='ocrx_word' id='word_1_101' title='bbox 1547 282 1608 340; x_wconf 76' lang='grc' dir='ltr'><strong>Β.</strong></span> <span class='ocrx_word' id='word_1_102' title='bbox 1644 283 2110 340; x_wconf 76' lang='lat' dir='ltr'><strong>ATHANASIUS.</strong></span> <span class='ocrx_word' id='word_1_103' title='bbox 2153 311 2221 324; x_wconf 87' lang='lat'><strong>--</strong></span> <span class='ocrx_word' id='word_1_104' title='bbox 2265 283 2539 342; x_wconf 79' lang='lat' dir='ltr'><strong>SPURIA.</strong></span> 
     </span>
    </p>
   </div>
   <div class='ocr_carea' id='block_1_16' title="bbox 3566 289 3675 348">
    <p class='ocr_par' dir='ltr' id='par_1_16' title="bbox 3566 289 3675 348">
     <span class='ocr_line' id='line_1_16' title="bbox 3566 289 3675 348; baseline 0.055 -6"><span class='ocrx_word' id='word_1_105' title='bbox 3566 289 3675 348; x_wconf 66' lang='grc' dir='ltr'><strong>’ἴδε</strong></span> 
     </span>
    </p>
   </div>
   <div class='ocr_carea' id='block_1_17' title="bbox 2163 407 3675 481">
    <p class='ocr_par' dir='ltr' id='par_1_17' title="bbox 2163 407 3675 481">
     <span class='ocr_line' id='line_1_17' title="bbox 2163 407 3675 481; baseline 0.001 -20"><span class='ocrx_word' id='word_1_106' title='bbox 2163 408 2388 481; x_wconf 80' lang='grc' dir='ltr'><strong>Ἕτερον</strong></span> <span class='ocrx_word' id='word_1_107' title='bbox 2433 411 2513 473; x_wconf 82' lang='grc' dir='ltr'>εἰς</span> <span class='ocrx_word' id='word_1_108' title='bbox 2562 407 2624 462; x_wconf 83' lang='grc' dir='ltr'><strong>τὸ</strong></span> <span class='ocrx_word' id='word_1_109' title='bbox 2672 408 2823 462; x_wconf 81' lang='grc' dir='ltr'>αὑτό.</span> <span class='ocrx_word' id='word_1_110' title='bbox 2857 408 2969 462; x_wconf 77' lang='lat' dir='ltr'><strong>Kal.</strong></span> <span class='ocrx_word' id='word_1_111' title='bbox 3017 408 3228 472; x_wconf 77' lang='grc' dir='ltr'>ἄλλως·</span> <span class='ocrx_word' id='word_1_112' title='bbox 3275 409 3390 471; x_wconf 74' lang='grc' dir='ltr'>Πᾶς</span> <span class='ocrx_word' id='word_1_113' title='bbox 3427 409 3456 461; x_wconf 98' lang='lat'><strong>6</strong></span> <span class='ocrx_word' id='word_1_114' title='bbox 3501 408 3675 463; x_wconf 81' lang='grc' dir='ltr'>θέλων</span> 
     </span>
    </p>
   </div>
   <div class='ocr_carea' id='block_1_18' title="bbox 2091 499 3676 572">
    <p class='ocr_par' dir='ltr' id='par_1_18' title="bbox 2091 499 3676 572">
     <span class='ocr_line' id='line_1_18' title="bbox 2091 499 3676 572; baseline 0 -17"><span class='ocrx_word' id='word_1_115' title='bbox 2091 502 2290 572; x_wconf 79' lang='grc' dir='ltr'>κοπιᾷν</span> <span class='ocrx_word' id='word_1_116' title='bbox 2319 504 2400 565; x_wconf 86' lang='grc' dir='ltr'><strong>είς</strong></span> <span class='ocrx_word' id='word_1_117' title='bbox 2413 501 2475 554; x_wconf 84' lang='grc' dir='ltr'><strong>τὸ</strong></span> <span class='ocrx_word' id='word_1_118' title='bbox 2501 500 2663 572; x_wconf 78' lang='grc' dir='ltr'>ἔργον</span> <span class='ocrx_word' id='word_1_119' title='bbox 2684 499 2777 554; x_wconf 87' lang='grc' dir='ltr'><strong>τοῦ</strong></span> <span class='ocrx_word' id='word_1_120' title='bbox 2793 499 2949 566; x_wconf 98' lang='grc' dir='ltr'>Θεοῦ,</span> <span class='ocrx_word' id='word_1_121' title='bbox 2978 501 3071 554; x_wconf 77' lang='grc' dir='ltr'><strong>καὶ</strong></span> <span class='ocrx_word' id='word_1_122' title='bbox 3095 501 3363 555; x_wconf 80' lang='grc' dir='ltr'><strong>διδάσκειν</strong></span> <span class='ocrx_word' id='word_1_123' title='bbox 3386 502 3481 555; x_wconf 77' lang='grc' dir='ltr'><strong>καὶ</strong></span> <span class='ocrx_word' id='word_1_124' title='bbox 3513 502 3676 571; x_wconf 76' lang='grc' dir='ltr'>ὡφε-</span> 
     </span>
    </p>
   </div>
   <div class='ocr_carea' id='block_1_19' title="bbox 2091 591 3671 665">
    <p class='ocr_par' dir='ltr' id='par_1_19' title="bbox 2091 591 3671 665">
     <span class='ocr_line' id='line_1_19' title="bbox 2091 591 3671 665; baseline 0.001 -21"><span class='ocrx_word' id='word_1_125' title='bbox 2091 591 2199 647; x_wconf 90' lang='grc' dir='ltr'>λεῖν</span> <span class='ocrx_word' id='word_1_126' title='bbox 2226 592 2439 656; x_wconf 83' lang='grc' dir='ltr'>ἄλλους,</span> <span class='ocrx_word' id='word_1_127' title='bbox 2472 591 2700 664; x_wconf 76' lang='grc' dir='ltr'><strong>ἁρμόζει</strong></span> <span class='ocrx_word' id='word_1_128' title='bbox 2724 591 2942 665; x_wconf 89' lang='grc' dir='ltr'>πρῶτον</span> <span class='ocrx_word' id='word_1_129' title='bbox 2977 595 3183 646; x_wconf 80' lang='grc' dir='ltr'>ἐκεῖνον</span> <span class='ocrx_word' id='word_1_130' title='bbox 3211 593 3301 646; x_wconf 87' lang='grc' dir='ltr'><strong>τὸν</strong></span> <span class='ocrx_word' id='word_1_131' title='bbox 3325 593 3671 658; x_wconf 85' lang='grc' dir='ltr'>διδάσκαλον,</span> 
     </span>
    </p>
   </div>
   <div class='ocr_carea' id='block_1_20' title="bbox 2090 684 3674 758">
    <p class='ocr_par' dir='ltr' id='par_1_20' title="bbox 2090 684 3674 758">
     <span class='ocr_line' id='line_1_20' title="bbox 2090 684 3674 758; baseline 0.001 -21"><span class='ocrx_word' id='word_1_132' title='bbox 2090 685 2179 738; x_wconf 85' lang='grc' dir='ltr'><strong>ἵνα</strong></span> <span class='ocrx_word' id='word_1_133' title='bbox 2200 685 2497 756; x_wconf 77' lang='grc' dir='ltr'><strong>ἐργάζηται</strong></span> <span class='ocrx_word' id='word_1_134' title='bbox 2536 684 2635 749; x_wconf 86' lang='grc' dir='ltr'>τὰς</span> <span class='ocrx_word' id='word_1_135' title='bbox 2671 685 2902 756; x_wconf 86' lang='grc' dir='ltr'>ἀρετάς,</span> <span class='ocrx_word' id='word_1_136' title='bbox 2942 684 3039 738; x_wconf 77' lang='grc' dir='ltr'>καὶ</span> <span class='ocrx_word' id='word_1_137' title='bbox 3067 685 3207 758; x_wconf 78' lang='grc' dir='ltr'>λάϐῃ</span> <span class='ocrx_word' id='word_1_138' title='bbox 3238 686 3387 757; x_wconf 75' lang='grc' dir='ltr'>παρὰ</span> <span class='ocrx_word' id='word_1_139' title='bbox 3424 685 3561 738; x_wconf 86' lang='grc' dir='ltr'>Θεοῦ</span> <span class='ocrx_word' id='word_1_140' title='bbox 3601 685 3674 739; x_wconf 76' lang='grc' dir='ltr'>τὰ</span> 
     </span>
    </p>
   </div>
   <div class='ocr_carea' id='block_1_21' title="bbox 2090 776 3671 850">
    <p class='ocr_par' dir='ltr' id='par_1_21' title="bbox 2090 776 3671 850">
     <span class='ocr_line' id='line_1_21' title="bbox 2090 776 3671 850; baseline -0.001 -21"><span class='ocrx_word' id='word_1_141' title='bbox 2090 779 2425 847; x_wconf 74' lang='grc' dir='ltr'><strong>χαρίσματα,</strong></span> <span class='ocrx_word' id='word_1_142' title='bbox 2466 779 2561 832; x_wconf 75' lang='grc' dir='ltr'><strong>καὶ</strong></span> <span class='ocrx_word' id='word_1_143' title='bbox 2600 778 2902 850; x_wconf 90' lang='grc' dir='ltr'>κτήσασθαι</span> <span class='ocrx_word' id='word_1_144' title='bbox 2947 779 3073 841; x_wconf 84' lang='grc' dir='ltr'>τοὺς</span> <span class='ocrx_word' id='word_1_145' title='bbox 3105 778 3350 847; x_wconf 76' lang='grc' dir='ltr'>καρποὺς</span> <span class='ocrx_word' id='word_1_146' title='bbox 3380 777 3475 830; x_wconf 89' lang='grc' dir='ltr'><strong>τοῦ</strong></span> <span class='ocrx_word' id='word_1_147' title='bbox 3514 776 3671 844; x_wconf 85' lang='grc' dir='ltr'>ἀγίου</span> 
     </span>
    </p>
   </div>
   <div class='ocr_carea' id='block_1_22' title="bbox 2089 868 3673 941">
    <p class='ocr_par' dir='ltr' id='par_1_22' title="bbox 2089 868 3673 941">
     <span class='ocr_line' id='line_1_22' title="bbox 2089 868 3673 941; baseline -0.001 -20"><span class='ocrx_word' id='word_1_148' title='bbox 2089 868 2426 938; x_wconf 86' lang='grc' dir='ltr'>Πνεύματος,</span> <span class='ocrx_word' id='word_1_149' title='bbox 2466 869 2560 922; x_wconf 74' lang='grc' dir='ltr'><strong>καὶ</strong></span> <span class='ocrx_word' id='word_1_150' title='bbox 2601 871 2731 933; x_wconf 84' lang='grc' dir='ltr'>τοὺς</span> <span class='ocrx_word' id='word_1_151' title='bbox 2787 869 3096 941; x_wconf 82' lang='grc' dir='ltr'>θησαυροὺς</span> <span class='ocrx_word' id='word_1_152' title='bbox 3142 869 3245 939; x_wconf 79' lang='grc' dir='ltr'><strong>τῆς</strong></span> <span class='ocrx_word' id='word_1_153' title='bbox 3277 869 3531 937; x_wconf 88' lang='grc' dir='ltr'>γνώσεως</span> <span class='ocrx_word' id='word_1_154' title='bbox 3562 868 3673 921; x_wconf 85' lang='grc' dir='ltr'><strong>τῶν</strong></span> 
     </span>
    </p>
   </div>
   <div class='ocr_carea' id='block_1_23' title="bbox 2089 960 3675 1033">
    <p class='ocr_par' dir='ltr' id='par_1_23' title="bbox 2089 960 3675 1033">
     <span class='ocr_line' id='line_1_23' title="bbox 2089 960 3675 1033; baseline 0.001 -19"><span class='ocrx_word' id='word_1_155' title='bbox 2089 960 2306 1031; x_wconf 83' lang='grc' dir='ltr'>ἀγαθῶν</span> <span class='ocrx_word' id='word_1_156' title='bbox 2328 960 2420 1015; x_wconf 88' lang='grc' dir='ltr'><strong>τοῦ</strong></span> <span class='ocrx_word' id='word_1_157' title='bbox 2456 960 2620 1015; x_wconf 88' lang='grc' dir='ltr'>Θεοῦ·</span> <span class='ocrx_word' id='word_1_158' title='bbox 2647 962 2741 1016; x_wconf 78' lang='grc' dir='ltr'><strong>καὶ</strong></span> <span class='ocrx_word' id='word_1_159' title='bbox 2765 962 2887 1015; x_wconf 88' lang='grc' dir='ltr'>τότε</span> <span class='ocrx_word' id='word_1_160' title='bbox 2919 962 3201 1033; x_wconf 76' lang='grc' dir='ltr'>δυνήσεται</span> <span class='ocrx_word' id='word_1_161' title='bbox 3240 963 3333 1016; x_wconf 74' lang='grc' dir='ltr'><strong>καὶ</strong></span> <span class='ocrx_word' id='word_1_162' title='bbox 3364 963 3545 1027; x_wconf 79' lang='grc' dir='ltr'>ἄλλοις</span> <span class='ocrx_word' id='word_1_163' title='bbox 3578 980 3675 1033; x_wconf 88' lang='grc' dir='ltr'>με-</span> 
     </span>
    </p>
   </div>
   <div class='ocr_carea' id='block_1_24' title="bbox 2088 1052 3674 1125">
    <p class='ocr_par' dir='ltr' id='par_1_24' title="bbox 2088 1052 3674 1125">
     <span class='ocr_line' id='line_1_24' title="bbox 2088 1052 3674 1125; baseline 0 -19"><span class='ocrx_word' id='word_1_164' title='bbox 2088 1053 2337 1109; x_wconf 85' lang='grc' dir='ltr'>ταδοῦναι</span> <span class='ocrx_word' id='word_1_165' title='bbox 2362 1054 2471 1109; x_wconf 88' lang='grc' dir='ltr'><strong>τῶν</strong></span> <span class='ocrx_word' id='word_1_166' title='bbox 2503 1054 2741 1125; x_wconf 84' lang='grc' dir='ltr'><strong>δωρεῶν.</strong></span> <span class='ocrx_word' id='word_1_167' title='bbox 2786 1056 2897 1108; x_wconf 77' lang='grc' dir='ltr'>Καὶ</span> <span class='ocrx_word' id='word_1_168' title='bbox 2934 1053 3043 1124; x_wconf 85' lang='grc' dir='ltr'>γὰρ</span> <span class='ocrx_word' id='word_1_169' title='bbox 3069 1055 3176 1117; x_wconf 81' lang='grc' dir='ltr'><strong>πᾶς</strong></span> <span class='ocrx_word' id='word_1_170' title='bbox 3205 1055 3234 1107; x_wconf 89' lang='lat'><strong>6</strong></span> <span class='ocrx_word' id='word_1_171' title='bbox 3261 1052 3431 1107; x_wconf 83' lang='grc' dir='ltr'><strong>θέλων</strong></span> <span class='ocrx_word' id='word_1_172' title='bbox 3452 1053 3674 1123; x_wconf 67' lang='grc' dir='ltr'>ἀλεῖψαι</span> 
     </span>
    </p>
   </div>
   <div class='ocr_carea' id='block_1_25' title="bbox 2088 1141 3672 1218">
    <p class='ocr_par' dir='ltr' id='par_1_25' title="bbox 2088 1141 3672 1218">
     <span class='ocr_line' id='line_1_25' title="bbox 2088 1141 3672 1218; baseline -0.001 -20"><span class='ocrx_word' id='word_1_173' title='bbox 2088 1162 2211 1198; x_wconf 85' lang='grc' dir='ltr'>τινα</span> <span class='ocrx_word' id='word_1_174' title='bbox 2230 1141 2407 1200; x_wconf 79' lang='grc' dir='ltr'>ἔλαιον</span> <span class='ocrx_word' id='word_1_175' title='bbox 2436 1148 2496 1199; x_wconf 86' lang='grc' dir='ltr'><strong>ὲν</strong></span> <span class='ocrx_word' id='word_1_176' title='bbox 2524 1149 2641 1209; x_wconf 88' lang='grc' dir='ltr'>ταῖς</span> <span class='ocrx_word' id='word_1_177' title='bbox 2684 1147 2872 1218; x_wconf 77' lang='grc' dir='ltr'>χερσὶν</span> <span class='ocrx_word' id='word_1_178' title='bbox 2918 1144 3104 1209; x_wconf 85' lang='grc' dir='ltr'>αὑτοῦ,</span> <span class='ocrx_word' id='word_1_179' title='bbox 3146 1146 3195 1199; x_wconf 81' lang='grc' dir='ltr'>εἰ</span> <span class='ocrx_word' id='word_1_180' title='bbox 3239 1144 3312 1216; x_wconf 82' lang='grc' dir='ltr'>μὴ</span> <span class='ocrx_word' id='word_1_181' title='bbox 3360 1144 3496 1216; x_wconf 83' lang='grc' dir='ltr'>ἔχει,</span> <span class='ocrx_word' id='word_1_182' title='bbox 3553 1146 3672 1211; x_wconf 86' lang='grc' dir='ltr'><strong>πῶς</strong></span> 
     </span>
    </p>
   </div>
   <div class='ocr_carea' id='block_1_26' title="bbox 2088 1237 3670 1309">
    <p class='ocr_par' dir='ltr' id='par_1_26' title="bbox 2088 1237 3670 1309">
     <span class='ocr_line' id='line_1_26' title="bbox 2088 1237 3670 1309; baseline -0.001 -18"><span class='ocrx_word' id='word_1_183' title='bbox 2088 1237 2267 1303; x_wconf 85' lang='grc' dir='ltr'>ἄλλοις</span> <span class='ocrx_word' id='word_1_184' title='bbox 2305 1238 2627 1309; x_wconf 85' lang='grc' dir='ltr'>μεταδίδωσι</span> <span class='ocrx_word' id='word_1_185' title='bbox 2674 1239 2811 1309; x_wconf 80' lang='grc' dir='ltr'>ὅπερ</span> <span class='ocrx_word' id='word_1_186' title='bbox 2844 1239 3004 1301; x_wconf 86' lang='grc' dir='ltr'>αὐτὸς</span> <span class='ocrx_word' id='word_1_187' title='bbox 3041 1238 3101 1290; x_wconf 84' lang='grc' dir='ltr'><strong>ού</strong></span> <span class='ocrx_word' id='word_1_188' title='bbox 3142 1237 3402 1306; x_wconf 88' lang='grc' dir='ltr'>κέκτηται</span> <span class='ocrx_word' id='word_1_189' title='bbox 3430 1253 3444 1300; x_wconf 90' lang='lat'><strong>;</strong></span> <span class='ocrx_word' id='word_1_190' title='bbox 3477 1238 3670 1290; x_wconf 83' lang='grc' dir='ltr'>Τοιου-</span> 
     </span>
    </p>
   </div>
   <div class='ocr_carea' id='block_1_27' title="bbox 2085 1328 3674 1403">
    <p class='ocr_par' dir='ltr' id='par_1_27' title="bbox 2085 1328 3674 1403">
     <span class='ocr_line' id='line_1_27' title="bbox 2085 1328 3674 1403; baseline -0.001 -20"><span class='ocrx_word' id='word_1_191' title='bbox 2085 1331 2364 1402; x_wconf 87' lang='grc' dir='ltr'>τοτρόπως</span> <span class='ocrx_word' id='word_1_192' title='bbox 2404 1348 2493 1403; x_wconf 89' lang='grc' dir='ltr'><strong>μοι</strong></span> <span class='ocrx_word' id='word_1_193' title='bbox 2551 1332 2661 1385; x_wconf 89' lang='grc' dir='ltr'>νόει</span> <span class='ocrx_word' id='word_1_194' title='bbox 2701 1332 2795 1385; x_wconf 75' lang='grc' dir='ltr'><strong>καὶ</strong></span> <span class='ocrx_word' id='word_1_195' title='bbox 2840 1331 2934 1385; x_wconf 76' lang='grc' dir='ltr'>ἐπὶ</span> <span class='ocrx_word' id='word_1_196' title='bbox 2976 1329 3069 1384; x_wconf 90' lang='grc' dir='ltr'><strong>τοῦ</strong></span> <span class='ocrx_word' id='word_1_197' title='bbox 3106 1330 3447 1395; x_wconf 82' lang='grc' dir='ltr'><strong>διδασκάλου,</strong></span> <span class='ocrx_word' id='word_1_198' title='bbox 3485 1328 3674 1393; x_wconf 84' lang='grc' dir='ltr'>καθὼς</span> 
     </span>
    </p>
   </div>
   <div class='ocr_carea' id='block_1_28' title="bbox 2088 1423 2323 1495">
    <p class='ocr_par' dir='ltr' id='par_1_28' title="bbox 2088 1423 2323 1495">
     <span class='ocr_line' id='line_1_28' title="bbox 2088 1423 2323 1495; baseline 0 -20"><span class='ocrx_word' id='word_1_199' title='bbox 2088 1423 2323 1495; x_wconf 75' lang='grc' dir='ltr'>εἴρηται.</span> 
     </span>
    </p>
   </div>
   <div class='ocr_carea' id='block_1_29' title="bbox 2168 1512 3688 1585">
    <p class='ocr_par' dir='ltr' id='par_1_29' title="bbox 2168 1512 3688 1585">
     <span class='ocr_line' id='line_1_29' title="bbox 2168 1512 3688 1585; baseline -0.005 -18"><span class='ocrx_word' id='word_1_200' title='bbox 2168 1512 2358 1585; x_wconf 83' lang='grc' dir='ltr'><strong>Ἐρώτ.</strong></span> <span class='ocrx_word' id='word_1_201' title='bbox 2396 1520 2496 1585; x_wconf 87' lang='grc' dir='ltr'>ρκ’.</span> <span class='ocrx_word' id='word_1_202' title='bbox 2540 1532 2559 1565; x_wconf 76' lang='grc' dir='ltr'><strong>ι</strong></span> <span class='ocrx_word' id='word_1_203' title='bbox 2594 1514 2726 1566; x_wconf 83' lang='grc' dir='ltr'>Νόει</span> <span class='ocrx_word' id='word_1_204' title='bbox 2764 1512 2799 1566; x_wconf 83' lang='grc' dir='ltr'>ἃ</span> <span class='ocrx_word' id='word_1_205' title='bbox 2822 1512 2986 1580; x_wconf 86' lang='grc' dir='ltr'>λέγω.</span> <span class='ocrx_word' id='word_1_206' title='bbox 3024 1529 3043 1563; x_wconf 85' lang='grc' dir='ltr'><strong>ι</strong></span> <span class='ocrx_word' id='word_1_207' title='bbox 3680 1565 3688 1575; x_wconf 37' lang='grc'><strong>1</strong></span> 
     </span>
    </p>
   </div>
   <div class='ocr_carea' id='block_1_30' title="bbox 2173 1601 3668 1677">
    <p class='ocr_par' dir='ltr' id='par_1_30' title="bbox 2173 1601 3668 1677">
     <span class='ocr_line' id='line_1_30' title="bbox 2173 1601 3668 1677; baseline -0.001 -19"><span class='ocrx_word' id='word_1_208' title='bbox 2173 1606 2360 1659; x_wconf 86' lang='grc' dir='ltr'>Ἀπόκ.</span> <span class='ocrx_word' id='word_1_209' title='bbox 2394 1605 2611 1677; x_wconf 85' lang='grc' dir='ltr'>Ἐπειδὴ</span> <span class='ocrx_word' id='word_1_210' title='bbox 2630 1609 2685 1659; x_wconf 83' lang='grc' dir='ltr'><strong>ὲν</strong></span> <span class='ocrx_word' id='word_1_211' title='bbox 2706 1604 3042 1677; x_wconf 83' lang='grc' dir='ltr'>παραϐολαῖς</span> <span class='ocrx_word' id='word_1_212' title='bbox 3062 1602 3210 1673; x_wconf 77' lang='grc' dir='ltr'>αὐτῷ</span> <span class='ocrx_word' id='word_1_213' title='bbox 3235 1601 3439 1674; x_wconf 73' lang='grc' dir='ltr'>ἔγραψε</span> <span class='ocrx_word' id='word_1_214' title='bbox 3467 1602 3668 1666; x_wconf 79' lang='grc' dir='ltr'>πάντα,</span> 
     </span>
    </p>
   </div>
   <div class='ocr_carea' id='block_1_31' title="bbox 409 1679 1990 1768">
    <p class='ocr_par' dir='ltr' id='par_1_31' title="bbox 409 1679 1989 1749">
     <span class='ocr_line' id='line_1_31' title="bbox 409 1679 1989 1749; baseline 0.002 -17"><span class='ocrx_word' id='word_1_215' title='bbox 409 1688 694 1749; x_wconf 82' lang='lat' dir='ltr'><strong>propterea</strong></span> <span class='ocrx_word' id='word_1_216' title='bbox 742 1679 874 1735; x_wconf 89' lang='lat' dir='ltr'><strong>dicit</strong></span> <span class='ocrx_word' id='word_1_217' title='bbox 923 1700 937 1735; x_wconf 92' lang='lat'><strong>:</strong></span> <span class='ocrx_word' id='word_1_218' title='bbox 988 1680 1244 1736; x_wconf 83' lang='lat' dir='ltr'><strong>Attende.</strong></span> <span class='ocrx_word' id='word_1_219' title='bbox 1296 1680 1363 1735; x_wconf 90' lang='lat' dir='ltr'><strong>Et</strong></span> <span class='ocrx_word' id='word_1_220' title='bbox 1409 1698 1520 1736; x_wconf 87' lang='lat' dir='ltr'><strong>non</strong></span> <span class='ocrx_word' id='word_1_221' title='bbox 1571 1682 1818 1737; x_wconf 84' lang='lat' dir='ltr'><strong>obsecuti</strong></span> <span class='ocrx_word' id='word_1_222' title='bbox 1861 1689 1989 1737; x_wconf 85' lang='lat' dir='ltr'><strong>sunt</strong></span> 
     </span>
    </p>
   </div>
   <div class='ocr_carea' id='block_1_32' title="bbox 2098 1679 3674 1768">
    <p class='ocr_par' dir='ltr' id='par_1_32' title="bbox 2098 1694 3674 1768">
     <span class='ocr_line' id='line_1_32' title="bbox 2098 1694 3674 1768; baseline -0.001 -18"><span class='ocrx_word' id='word_1_223' title='bbox 2098 1695 2176 1750; x_wconf 74' lang='grc' dir='ltr'>5ιά</span> <span class='ocrx_word' id='word_1_224' title='bbox 2198 1694 2357 1749; x_wconf 88' lang='grc' dir='ltr'>τοῦτο</span> <span class='ocrx_word' id='word_1_225' title='bbox 2382 1695 2561 1764; x_wconf 86' lang='grc' dir='ltr'>λέγει·</span> <span class='ocrx_word' id='word_1_226' title='bbox 2592 1696 2853 1768; x_wconf 85' lang='grc' dir='ltr'>Πρόσεχε.</span> <span class='ocrx_word' id='word_1_227' title='bbox 2878 1696 2985 1750; x_wconf 79' lang='grc' dir='ltr'><strong>Καὶ</strong></span> <span class='ocrx_word' id='word_1_228' title='bbox 3017 1696 3115 1766; x_wconf 81' lang='grc' dir='ltr'>οὐχ</span> <span class='ocrx_word' id='word_1_229' title='bbox 3144 1695 3426 1748; x_wconf 82' lang='grc' dir='ltr'>ὑπέκλινον</span> <span class='ocrx_word' id='word_1_230' title='bbox 3452 1699 3520 1768; x_wconf 82' lang='grc' dir='ltr'>τῇ</span> <span class='ocrx_word' id='word_1_231' title='bbox 3539 1696 3674 1749; x_wconf 81' lang='grc' dir='ltr'>ὑπο-</span> 
     </span>
    </p>
   </div>
   <div class='ocr_carea' id='block_1_33' title="bbox 410 1758 1990 1859">
    <p class='ocr_par' dir='ltr' id='par_1_33' title="bbox 410 1770 1987 1843">
     <span class='ocr_line' id='line_1_33' title="bbox 410 1770 1987 1843; baseline 0 -18"><span class='ocrx_word' id='word_1_232' title='bbox 410 1773 668 1826; x_wconf 88' lang='lat' dir='ltr'><strong>mandato</strong></span> <span class='ocrx_word' id='word_1_233' title='bbox 737 1770 926 1828; x_wconf 86' lang='lat' dir='ltr'><strong>Mosis.</strong></span> <span class='ocrx_word' id='word_1_234' title='bbox 989 1770 1254 1843; x_wconf 81' lang='lat' dir='ltr'><strong>Praecepit</strong></span> <span class='ocrx_word' id='word_1_235' title='bbox 1314 1773 1515 1838; x_wconf 86' lang='lat' dir='ltr'><strong>Moses,</strong></span> <span class='ocrx_word' id='word_1_236' title='bbox 1563 1782 1618 1828; x_wconf 91' lang='lat' dir='ltr'><strong>et</strong></span> <span class='ocrx_word' id='word_1_237' title='bbox 1669 1773 1987 1828; x_wconf 88' lang='lat' dir='ltr'><strong>occiderunt</strong></span> 
     </span>
    </p>
   </div>
   <div class='ocr_carea' id='block_1_34' title="bbox 2098 1758 3671 1859">
    <p class='ocr_par' dir='ltr' id='par_1_34' title="bbox 2098 1758 3671 1859">
     <span class='ocr_line' id='line_1_34' title="bbox 2098 1758 3671 1859; baseline -0.001 -18"><span class='ocrx_word' id='word_1_238' title='bbox 2098 1788 2228 1858; x_wconf 68' lang='grc' dir='ltr'>παγῇ</span> <span class='ocrx_word' id='word_1_239' title='bbox 2265 1785 2355 1839; x_wconf 89' lang='grc' dir='ltr'><strong>τοῦ</strong></span> <span class='ocrx_word' id='word_1_240' title='bbox 2389 1758 2657 1851; x_wconf 48' lang='grc' dir='ltr'>Μωσέως..</span> <span class='ocrx_word' id='word_1_241' title='bbox 2693 1758 3029 1859; x_wconf 63' lang='grc' dir='ltr'>Προσέταξεν</span> <span class='ocrx_word' id='word_1_242' title='bbox 3069 1758 3356 1856; x_wconf 78' lang='grc' dir='ltr'>Μωσῆς,</span> <span class='ocrx_word' id='word_1_243' title='bbox 3396 1758 3671 1840; x_wconf 49' lang='grc' dir='ltr'>καὶηάπέ-</span> 
     </span>
    </p>
   </div>
   <div class='ocr_carea' id='block_1_35' title="bbox 409 1863 1983 1934">
    <p class='ocr_par' dir='ltr' id='par_1_35' title="bbox 409 1863 1983 1934">
     <span class='ocr_line' id='line_1_35' title="bbox 409 1863 1983 1934; baseline 0.001 -18"><span class='ocrx_word' id='word_1_244' title='bbox 409 1877 526 1925; x_wconf 87' lang='lat' dir='ltr'><strong>eos,</strong></span> <span class='ocrx_word' id='word_1_245' title='bbox 574 1863 679 1915; x_wconf 91' lang='lat' dir='ltr'><strong>tria</strong></span> <span class='ocrx_word' id='word_1_246' title='bbox 727 1863 897 1916; x_wconf 88' lang='lat' dir='ltr'><strong>millia</strong></span> <span class='ocrx_word' id='word_1_247' title='bbox 963 1879 1214 1918; x_wconf 88' lang='lat' dir='ltr'><strong>numero.</strong></span> <span class='ocrx_word' id='word_1_248' title='bbox 1259 1863 1323 1918; x_wconf 83' lang='lat' dir='ltr'><strong>Et</strong></span> <span class='ocrx_word' id='word_1_249' title='bbox 1370 1865 1475 1918; x_wconf 87' lang='lat' dir='ltr'><strong>hoc</strong></span> <span class='ocrx_word' id='word_1_250' title='bbox 1521 1871 1625 1927; x_wconf 89' lang='lat' dir='ltr'><strong>est,</strong></span> <span class='ocrx_word' id='word_1_251' title='bbox 1659 1865 1803 1934; x_wconf 81' lang='lat' dir='ltr'><strong>quod</strong></span> <span class='ocrx_word' id='word_1_252' title='bbox 1847 1863 1983 1918; x_wconf 85' lang='lat' dir='ltr'><strong>dicit</strong></span> 
     </span>
    </p>
   </div>
   <div class='ocr_carea' id='block_1_36' title="bbox 413 1950 1991 2023">
    <p class='ocr_par' dir='ltr' id='par_1_36' title="bbox 413 1950 1991 2023">
     <span class='ocr_line' id='line_1_36' title="bbox 413 1950 1991 2023; baseline 0.003 -17"><span class='ocrx_word' id='word_1_253' title='bbox 413 1950 697 2023; x_wconf 69' lang='lat' dir='ltr'><strong>Scriptura</strong></span> <span class='ocrx_word' id='word_1_254' title='bbox 728 1972 741 2008; x_wconf 90' lang='lat'><strong>:</strong></span> <span class='ocrx_word' id='word_1_255' title='bbox 784 1972 804 2006; x_wconf 78' lang='grc' dir='ltr'><strong>ι</strong></span> <span class='ocrx_word' id='word_1_256' title='bbox 840 1954 1086 2021; x_wconf 88' lang='lat' dir='ltr'><strong>Quorum</strong></span> <span class='ocrx_word' id='word_1_257' title='bbox 1128 1956 1372 2011; x_wconf 90' lang='lat' dir='ltr'><strong>membra</strong></span> <span class='ocrx_word' id='word_1_258' title='bbox 1401 1957 1762 2012; x_wconf 90' lang='lat' dir='ltr'><strong>conciderunt</strong></span> <span class='ocrx_word' id='word_1_259' title='bbox 1796 1956 1854 2011; x_wconf 92' lang='lat' dir='ltr'><strong>in</strong></span> <span class='ocrx_word' id='word_1_260' title='bbox 1896 1955 1991 2011; x_wconf 90' lang='lat' dir='ltr'><strong>de-</strong></span> 
     </span>
    </p>
   </div>
   <div class='ocr_carea' id='block_1_37' title="bbox 410 2045 722 2100">
    <p class='ocr_par' dir='ltr' id='par_1_37' title="bbox 410 2045 722 2100">
     <span class='ocr_line' id='line_1_37' title="bbox 410 2045 722 2100; baseline -0.01 -1"><span class='ocrx_word' id='word_1_261' title='bbox 410 2051 558 2100; x_wconf 87' lang='lat' dir='ltr'><strong>serto</strong></span> <span class='ocrx_word' id='word_1_262' title='bbox 591 2045 659 2100; x_wconf 61' lang='lat'><strong>’9.</strong></span> <span class='ocrx_word' id='word_1_263' title='bbox 702 2062 722 2096; x_wconf 86' lang='grc' dir='ltr'><strong>ι</strong></span> 
     </span>
    </p>
   </div>
   <div class='ocr_carea' id='block_1_38' title="bbox 480 2131 1990 2205">
    <p class='ocr_par' dir='ltr' id='par_1_38' title="bbox 480 2131 1990 2205">
     <span class='ocr_line' id='line_1_38' title="bbox 480 2131 1990 2205; baseline 0.004 -19"><span class='ocrx_word' id='word_1_264' title='bbox 480 2132 646 2188; x_wconf 77' lang='lat' dir='ltr'><strong>Pnor.</strong></span> <span class='ocrx_word' id='word_1_265' title='bbox 690 2131 877 2187; x_wconf 83' lang='lat' dir='ltr'><strong>CXXI.</strong></span> <span class='ocrx_word' id='word_1_266' title='bbox 936 2151 956 2185; x_wconf 80' lang='grc' dir='ltr'>ι</span> <span class='ocrx_word' id='word_1_267' title='bbox 1017 2132 1207 2191; x_wconf 90' lang='lat' dir='ltr'><strong>Omnis</strong></span> <span class='ocrx_word' id='word_1_268' title='bbox 1256 2136 1632 2205; x_wconf 79' lang='lat' dir='ltr'><strong>praevaricatio</strong></span> <span class='ocrx_word' id='word_1_269' title='bbox 1684 2145 1739 2191; x_wconf 90' lang='lat' dir='ltr'><strong>et</strong></span> <span class='ocrx_word' id='word_1_270' title='bbox 1795 2134 1990 2192; x_wconf 83' lang='lat' dir='ltr'><strong>inobe—</strong></span> 
     </span>
    </p>
   </div>
   <div class='ocr_carea' id='block_1_39' title="bbox 409 2223 1984 2295">
    <p class='ocr_par' dir='ltr' id='par_1_39' title="bbox 409 2223 1984 2295">
     <span class='ocr_line' id='line_1_39' title="bbox 409 2223 1984 2295; baseline 0.001 -16"><span class='ocrx_word' id='word_1_271' title='bbox 409 2223 617 2280; x_wconf 88' lang='lat' dir='ltr'><strong>dientia</strong></span> <span class='ocrx_word' id='word_1_272' title='bbox 641 2225 853 2294; x_wconf 91' lang='lat' dir='ltr'><strong>accepit</strong></span> <span class='ocrx_word' id='word_1_273' title='bbox 901 2224 1105 2295; x_wconf 88' lang='lat' dir='ltr'><strong>justam</strong></span> <span class='ocrx_word' id='word_1_274' title='bbox 1138 2226 1404 2282; x_wconf 88' lang='lat' dir='ltr'><strong>mercedis</strong></span> <span class='ocrx_word' id='word_1_275' title='bbox 1431 2227 1837 2282; x_wconf 85' lang='lat' dir='ltr'><strong>retributionem</strong></span> <span class='ocrx_word' id='word_1_276' title='bbox 1862 2226 1929 2282; x_wconf 83' lang='lat'><strong>”.</strong></span> <span class='ocrx_word' id='word_1_277' title='bbox 1964 2247 1984 2280; x_wconf 81' lang='grc' dir='ltr'><strong>ι</strong></span> 
     </span>
    </p>
   </div>
   <div class='ocr_carea' id='block_1_40' title="bbox 482 2314 1991 2387">
    <p class='ocr_par' dir='ltr' id='par_1_40' title="bbox 482 2314 1991 2387">
     <span class='ocr_line' id='line_1_40' title="bbox 482 2314 1991 2387; baseline 0.003 -19"><span class='ocrx_word' id='word_1_278' title='bbox 482 2314 702 2370; x_wconf 74' lang='lat' dir='ltr'><strong>ls&#39;rsnr.</strong></span> <span class='ocrx_word' id='word_1_279' title='bbox 761 2315 1095 2387; x_wconf 89' lang='lat' dir='ltr'><strong>Quicunque</strong></span> <span class='ocrx_word' id='word_1_280' title='bbox 1139 2319 1471 2387; x_wconf 80' lang='lat' dir='ltr'><strong>transgressi</strong></span> <span class='ocrx_word' id='word_1_281' title='bbox 1530 2326 1659 2372; x_wconf 88' lang='lat' dir='ltr'><strong>sunt</strong></span> <span class='ocrx_word' id='word_1_282' title='bbox 1700 2327 1754 2373; x_wconf 92' lang='lat' dir='ltr'><strong>et</strong></span> <span class='ocrx_word' id='word_1_283' title='bbox 1801 2318 1991 2373; x_wconf 89' lang='lat' dir='ltr'><strong>inobe-</strong></span> 
     </span>
    </p>
   </div>
   <div class='ocr_carea' id='block_1_41' title="bbox 410 2404 1991 2484">
    <p class='ocr_par' dir='ltr' id='par_1_41' title="bbox 410 2404 1991 2484">
     <span class='ocr_line' id='line_1_41' title="bbox 410 2404 1991 2484; baseline 0.001 -24"><span class='ocrx_word' id='word_1_284' title='bbox 410 2404 625 2461; x_wconf 85' lang='lat' dir='ltr'><strong>dientes</strong></span> <span class='ocrx_word' id='word_1_285' title='bbox 659 2406 879 2461; x_wconf 82' lang='lat' dir='ltr'><strong>luerunt</strong></span> <span class='ocrx_word' id='word_1_286' title='bbox 912 2408 967 2461; x_wconf 93' lang='lat' dir='ltr'><strong>in</strong></span> <span class='ocrx_word' id='word_1_287' title='bbox 1002 2408 1118 2484; x_wconf 83' lang='lat' dir='ltr'><strong>lege</strong></span> <span class='ocrx_word' id='word_1_288' title='bbox 1152 2410 1341 2470; x_wconf 86' lang='lat' dir='ltr'><strong>veteri,</strong></span> <span class='ocrx_word' id='word_1_289' title='bbox 1371 2409 1639 2479; x_wconf 82' lang='lat' dir='ltr'><strong>condigna</strong></span> <span class='ocrx_word' id='word_1_290' title='bbox 1668 2423 1825 2477; x_wconf 72' lang='lat' dir='ltr'><strong>pmna</strong></span> <span class='ocrx_word' id='word_1_291' title='bbox 1861 2415 1991 2463; x_wconf 91' lang='lat' dir='ltr'><strong>sunt</strong></span> 
     </span>
    </p>
   </div>
   <div class='ocr_carea' id='block_1_42' title="bbox 410 2497 1992 2572">
    <p class='ocr_par' dir='ltr' id='par_1_42' title="bbox 410 2497 1992 2572">
     <span class='ocr_line' id='line_1_42' title="bbox 410 2497 1992 2572; baseline 0.002 -20"><span class='ocrx_word' id='word_1_292' title='bbox 410 2498 608 2553; x_wconf 79' lang='lat' dir='ltr'><strong>affecti.</strong></span> <span class='ocrx_word' id='word_1_293' title='bbox 640 2497 775 2553; x_wconf 84' lang='lat' dir='ltr'><strong>Nam</strong></span> <span class='ocrx_word' id='word_1_294' title='bbox 815 2500 986 2553; x_wconf 86' lang='lat' dir='ltr'><strong>Adam</strong></span> <span class='ocrx_word' id='word_1_295' title='bbox 1043 2501 1134 2569; x_wconf 89' lang='lat' dir='ltr'><strong>qui</strong></span> <span class='ocrx_word' id='word_1_296' title='bbox 1187 2509 1567 2572; x_wconf 84' lang='lat' dir='ltr'><strong>transgressus</strong></span> <span class='ocrx_word' id='word_1_297' title='bbox 1616 2501 1814 2565; x_wconf 83' lang='lat' dir='ltr'><strong>fuerat,</strong></span> <span class='ocrx_word' id='word_1_298' title='bbox 1865 2516 1992 2556; x_wconf 88' lang='lat' dir='ltr'><strong>con-</strong></span> 
     </span>
    </p>
   </div>
   <div class='ocr_carea' id='block_1_43' title="bbox 410 2590 1990 2662">
    <p class='ocr_par' dir='ltr' id='par_1_43' title="bbox 410 2590 1990 2662">
     <span class='ocr_line' id='line_1_43' title="bbox 410 2590 1990 2662; baseline 0.001 -17"><span class='ocrx_word' id='word_1_299' title='bbox 410 2590 696 2646; x_wconf 87' lang='lat' dir='ltr'><strong>demnatus</strong></span> <span class='ocrx_word' id='word_1_300' title='bbox 740 2593 938 2647; x_wconf 56' lang='lat' dir='ltr'><strong>est”:</strong></span> <span class='ocrx_word' id='word_1_301' title='bbox 983 2594 1118 2649; x_wconf 86' lang='lat' dir='ltr'><strong>Cain</strong></span> <span class='ocrx_word' id='word_1_302' title='bbox 1160 2610 1283 2648; x_wconf 87' lang='lat' dir='ltr'><strong>cum</strong></span> <span class='ocrx_word' id='word_1_303' title='bbox 1316 2600 1616 2662; x_wconf 89' lang='lat' dir='ltr'><strong>peccasset,</strong></span> <span class='ocrx_word' id='word_1_304' title='bbox 1667 2592 1990 2647; x_wconf 90' lang='lat' dir='ltr'><strong>maledictus</strong></span> 
     </span>
    </p>
   </div>
   <div class='ocr_carea' id='block_1_44' title="bbox 412 2681 1989 2753">
    <p class='ocr_par' dir='ltr' id='par_1_44' title="bbox 412 2681 1989 2753">
     <span class='ocr_line' id='line_1_44' title="bbox 412 2681 1989 2753; baseline 0.001 -18"><span class='ocrx_word' id='word_1_305' title='bbox 412 2683 515 2736; x_wconf 82' lang='lat' dir='ltr'><strong>fuit</strong></span> <span class='ocrx_word' id='word_1_306' title='bbox 534 2682 601 2737; x_wconf 77' lang='lat'><strong>“.</strong></span> <span class='ocrx_word' id='word_1_307' title='bbox 626 2681 691 2736; x_wconf 89' lang='lat' dir='ltr'><strong>Et</strong></span> <span class='ocrx_word' id='word_1_308' title='bbox 721 2682 796 2736; x_wconf 94' lang='lat' dir='ltr'><strong>illi</strong></span> <span class='ocrx_word' id='word_1_309' title='bbox 823 2683 911 2753; x_wconf 91' lang='lat' dir='ltr'><strong>qui</strong></span> <span class='ocrx_word' id='word_1_310' title='bbox 945 2684 1281 2753; x_wconf 81' lang='lat' dir='ltr'><strong>temporibus</strong></span> <span class='ocrx_word' id='word_1_311' title='bbox 1314 2683 1426 2738; x_wconf 88' lang='lat' dir='ltr'><strong>Noe</strong></span> <span class='ocrx_word' id='word_1_312' title='bbox 1469 2684 1610 2738; x_wconf 85' lang='lat' dir='ltr'><strong>mala</strong></span> <span class='ocrx_word' id='word_1_313' title='bbox 1642 2691 1989 2753; x_wconf 85' lang='lat' dir='ltr'><strong>perpetrave-</strong></span> 
     </span>
    </p>
   </div>
   <div class='ocr_carea' id='block_1_45' title="bbox 409 2777 1989 2848">
    <p class='ocr_par' dir='ltr' id='par_1_45' title="bbox 409 2777 1989 2848">
     <span class='ocr_line' id='line_1_45' title="bbox 409 2777 1989 2848; baseline 0.001 -20"><span class='ocrx_word' id='word_1_314' title='bbox 409 2784 555 2837; x_wconf 87' lang='lat' dir='ltr'><strong>rant,</strong></span> <span class='ocrx_word' id='word_1_315' title='bbox 590 2791 730 2846; x_wconf 89' lang='lat' dir='ltr'><strong>aqua</strong></span> <span class='ocrx_word' id='word_1_316' title='bbox 761 2777 1032 2832; x_wconf 81' lang='lat' dir='ltr'><strong>submersi</strong></span> <span class='ocrx_word' id='word_1_317' title='bbox 1085 2785 1232 2831; x_wconf 89' lang='lat' dir='ltr'><strong>sunt.</strong></span> <span class='ocrx_word' id='word_1_318' title='bbox 1282 2777 1608 2843; x_wconf 66' lang='lat' dir='ltr'><strong>Sodomitaa,</strong></span> <span class='ocrx_word' id='word_1_319' title='bbox 1642 2778 1735 2847; x_wconf 90' lang='lat' dir='ltr'><strong>qui</strong></span> <span class='ocrx_word' id='word_1_320' title='bbox 1776 2782 1989 2848; x_wconf 87' lang='lat' dir='ltr'><strong>turpem</strong></span> 
     </span>
    </p>
   </div>
   <div class='ocr_carea' id='block_1_46' title="bbox 411 2864 1989 2935">
    <p class='ocr_par' dir='ltr' id='par_1_46' title="bbox 411 2864 1989 2935">
     <span class='ocr_line' id='line_1_46' title="bbox 411 2864 1989 2935; baseline 0.003 -16"><span class='ocrx_word' id='word_1_321' title='bbox 411 2864 682 2935; x_wconf 79' lang='lat' dir='ltr'><strong>degebant</strong></span> <span class='ocrx_word' id='word_1_322' title='bbox 715 2867 902 2930; x_wconf 83' lang='lat' dir='ltr'><strong>vitam,</strong></span> <span class='ocrx_word' id='word_1_323' title='bbox 932 2868 1267 2924; x_wconf 85' lang='lat' dir='ltr'><strong>lmrribiliter</strong></span> <span class='ocrx_word' id='word_1_324' title='bbox 1301 2870 1572 2925; x_wconf 84' lang='lat' dir='ltr'><strong>submersi</strong></span> <span class='ocrx_word' id='word_1_325' title='bbox 1613 2878 1757 2925; x_wconf 90' lang='lat' dir='ltr'><strong>sunt.</strong></span> <span class='ocrx_word' id='word_1_326' title='bbox 1791 2868 1859 2922; x_wconf 84' lang='lat' dir='ltr'><strong>Et</strong></span> <span class='ocrx_word' id='word_1_327' title='bbox 1886 2868 1989 2926; x_wconf 83' lang='lat' dir='ltr'><strong>Ju-</strong></span> 
     </span>
    </p>
   </div>
   <div class='ocr_carea' id='block_1_47' title="bbox 410 2957 1989 3032">
    <p class='ocr_par' dir='ltr' id='par_1_47' title="bbox 410 2957 1989 3032">
     <span class='ocr_line' id='line_1_47' title="bbox 410 2957 1989 3032; baseline 0.002 -19"><span class='ocrx_word' id='word_1_328' title='bbox 410 2957 529 3015; x_wconf 63' lang='grc' dir='ltr'>ἀδεῆ,</span> <span class='ocrx_word' id='word_1_329' title='bbox 576 2962 668 3028; x_wconf 85' lang='lat' dir='ltr'><strong>qui</strong></span> <span class='ocrx_word' id='word_1_330' title='bbox 716 2976 858 3028; x_wconf 58' lang='lat' dir='ltr'><strong>sa’pe</strong></span> <span class='ocrx_word' id='word_1_331' title='bbox 900 2960 1165 3016; x_wconf 82' lang='lat' dir='ltr'><strong>adversus</strong></span> <span class='ocrx_word' id='word_1_332' title='bbox 1214 2962 1508 3032; x_wconf 83' lang='lat' dir='ltr'><strong>prophetas</strong></span> <span class='ocrx_word' id='word_1_333' title='bbox 1551 2962 1989 3026; x_wconf 78' lang='lat' dir='ltr'><strong>insurrexerunt,</strong></span> 
     </span>
    </p>
   </div>
   <div class='ocr_carea' id='block_1_48' title="bbox 411 3050 1994 3122">
    <p class='ocr_par' dir='ltr' id='par_1_48' title="bbox 411 3050 1994 3122">
     <span class='ocr_line' id='line_1_48' title="bbox 411 3050 1994 3122; baseline 0.004 -20"><span class='ocrx_word' id='word_1_334' title='bbox 411 3051 622 3119; x_wconf 74' lang='lat' dir='ltr'><strong>plagas,</strong></span> <span class='ocrx_word' id='word_1_335' title='bbox 664 3050 894 3119; x_wconf 81' lang='lat' dir='ltr'><strong>ﬂagella,</strong></span> <span class='ocrx_word' id='word_1_336' title='bbox 932 3051 1197 3120; x_wconf 87' lang='lat' dir='ltr'><strong>supplicia</strong></span> <span class='ocrx_word' id='word_1_337' title='bbox 1230 3068 1259 3104; x_wconf 90' lang='lat' dir='ltr'><strong>a</strong></span> <span class='ocrx_word' id='word_1_338' title='bbox 1309 3051 1417 3107; x_wconf 86' lang='lat' dir='ltr'><strong>Deo</strong></span> <span class='ocrx_word' id='word_1_339' title='bbox 1452 3059 1799 3122; x_wconf 86' lang='lat' dir='ltr'><strong>acceperunt.</strong></span> <span class='ocrx_word' id='word_1_340' title='bbox 1835 3050 1994 3108; x_wconf 76' lang='lat' dir='ltr'><strong>Nunc</strong></span> 
     </span>
    </p>
   </div>
   <div class='ocr_carea' id='block_1_49' title="bbox 411 3141 1991 3213">
    <p class='ocr_par' dir='ltr' id='par_1_49' title="bbox 411 3141 1991 3213">
     <span class='ocr_line' id='line_1_49' title="bbox 411 3141 1991 3213; baseline 0.002 -18"><span class='ocrx_word' id='word_1_341' title='bbox 411 3142 593 3208; x_wconf 79' lang='lat' dir='ltr'><strong>itaque</strong></span> <span class='ocrx_word' id='word_1_342' title='bbox 619 3143 722 3196; x_wconf 90' lang='lat' dir='ltr'><strong>hoc</strong></span> <span class='ocrx_word' id='word_1_343' title='bbox 751 3142 920 3197; x_wconf 89' lang='lat' dir='ltr'><strong>dicit:</strong></span> <span class='ocrx_word' id='word_1_344' title='bbox 954 3142 1088 3195; x_wconf 79' lang='lat' dir='ltr'><strong>Cum</strong></span> <span class='ocrx_word' id='word_1_345' title='bbox 1124 3141 1177 3195; x_wconf 93' lang='lat' dir='ltr'><strong>in</strong></span> <span class='ocrx_word' id='word_1_346' title='bbox 1204 3144 1371 3197; x_wconf 86' lang='lat' dir='ltr'><strong>veteri</strong></span> <span class='ocrx_word' id='word_1_347' title='bbox 1397 3144 1511 3212; x_wconf 80' lang='lat' dir='ltr'><strong>lege</strong></span> <span class='ocrx_word' id='word_1_348' title='bbox 1542 3152 1809 3213; x_wconf 86' lang='lat' dir='ltr'><strong>quotquot</strong></span> <span class='ocrx_word' id='word_1_349' title='bbox 1837 3159 1991 3198; x_wconf 86' lang='lat' dir='ltr'><strong>man-</strong></span> 
     </span>
    </p>
   </div>
   <div class='ocr_carea' id='block_1_50' title="bbox 410 3232 1990 3303">
    <p class='ocr_par' dir='ltr' id='par_1_50' title="bbox 410 3232 1990 3303">
     <span class='ocr_line' id='line_1_50' title="bbox 410 3232 1990 3303; baseline 0.001 -16"><span class='ocrx_word' id='word_1_350' title='bbox 410 3232 600 3287; x_wconf 89' lang='lat' dir='ltr'><strong>datum</strong></span> <span class='ocrx_word' id='word_1_351' title='bbox 653 3232 863 3288; x_wconf 87' lang='lat' dir='ltr'><strong>Domini</strong></span> <span class='ocrx_word' id='word_1_352' title='bbox 921 3243 1266 3301; x_wconf 83' lang='lat' dir='ltr'><strong>spreverunt,</strong></span> <span class='ocrx_word' id='word_1_353' title='bbox 1300 3249 1399 3287; x_wconf 89' lang='lat' dir='ltr'><strong>nec</strong></span> <span class='ocrx_word' id='word_1_354' title='bbox 1442 3234 1891 3303; x_wconf 87' lang='lat' dir='ltr'><strong>obtemperarunt</strong></span> <span class='ocrx_word' id='word_1_355' title='bbox 1920 3235 1990 3290; x_wconf 87' lang='lat' dir='ltr'><strong>iis</strong></span> 
     </span>
    </p>
   </div>
   <div class='ocr_carea' id='block_1_51' title="bbox 411 3325 1992 3396">
    <p class='ocr_par' dir='ltr' id='par_1_51' title="bbox 411 3325 1992 3396">
     <span class='ocr_line' id='line_1_51' title="bbox 411 3325 1992 3396; baseline 0.002 -19"><span class='ocrx_word' id='word_1_356' title='bbox 411 3340 532 3394; x_wconf 70' lang='lat' dir='ltr'><strong>quae</strong></span> <span class='ocrx_word' id='word_1_357' title='bbox 590 3326 764 3395; x_wconf 78' lang='lat' dir='ltr'><strong>angeli</strong></span> <span class='ocrx_word' id='word_1_358' title='bbox 805 3333 860 3377; x_wconf 78' lang='lat' dir='ltr'><strong>et</strong></span> <span class='ocrx_word' id='word_1_359' title='bbox 903 3326 1178 3395; x_wconf 68' lang='lat' dir='ltr'><strong>prophetae</strong></span> <span class='ocrx_word' id='word_1_360' title='bbox 1222 3325 1618 3379; x_wconf 84' lang='lat' dir='ltr'><strong>annuntiabant</strong></span> <span class='ocrx_word' id='word_1_361' title='bbox 1645 3366 1658 3381; x_wconf 95' lang='lat'><strong>.</strong></span> <span class='ocrx_word' id='word_1_362' title='bbox 1689 3326 1813 3396; x_wconf 87' lang='lat' dir='ltr'><strong>jure</strong></span> <span class='ocrx_word' id='word_1_363' title='bbox 1861 3342 1992 3396; x_wconf 88' lang='lat' dir='ltr'><strong>sup-</strong></span> 
     </span>
    </p>
   </div>
   <div class='ocr_carea' id='block_1_52' title="bbox 412 3413 1988 3485">
    <p class='ocr_par' dir='ltr' id='par_1_52' title="bbox 412 3413 1988 3485">
     <span class='ocr_line' id='line_1_52' title="bbox 412 3413 1988 3485; baseline 0.001 -18"><span class='ocrx_word' id='word_1_364' title='bbox 412 3413 635 3483; x_wconf 87' lang='lat' dir='ltr'><strong>plicium</strong></span> <span class='ocrx_word' id='word_1_365' title='bbox 686 3414 886 3468; x_wconf 90' lang='lat' dir='ltr'><strong>luerint</strong></span> <span class='ocrx_word' id='word_1_366' title='bbox 936 3416 1182 3485; x_wconf 85' lang='lat' dir='ltr'><strong>iramque</strong></span> <span class='ocrx_word' id='word_1_367' title='bbox 1231 3413 1327 3468; x_wconf 86' lang='lat' dir='ltr'><strong>Dei</strong></span> <span class='ocrx_word' id='word_1_368' title='bbox 1381 3416 1437 3468; x_wconf 90' lang='lat' dir='ltr'><strong>in</strong></span> <span class='ocrx_word' id='word_1_369' title='bbox 1501 3431 1560 3470; x_wconf 88' lang='lat' dir='ltr'><strong>se</strong></span> <span class='ocrx_word' id='word_1_370' title='bbox 1618 3415 1988 3482; x_wconf 88' lang='lat' dir='ltr'><strong>eoucitarint;</strong></span> 
     </span>
    </p>
   </div>
   <div class='ocr_carea' id='block_1_53' title="bbox 412 3504 1991 3574">
    <p class='ocr_par' dir='ltr' id='par_1_53' title="bbox 412 3504 1991 3574">
     <span class='ocr_line' id='line_1_53' title="bbox 412 3504 1991 3574; baseline 0.003 -17"><span class='ocrx_word' id='word_1_371' title='bbox 412 3504 690 3574; x_wconf 87' lang='lat' dir='ltr'><strong>quomodo</strong></span> <span class='ocrx_word' id='word_1_372' title='bbox 736 3520 836 3559; x_wconf 91' lang='lat' dir='ltr'><strong>nos</strong></span> <span class='ocrx_word' id='word_1_373' title='bbox 869 3504 1224 3574; x_wconf 71' lang='lat' dir='ltr'><strong>effugiemus,</strong></span> <span class='ocrx_word' id='word_1_374' title='bbox 1264 3505 1311 3561; x_wconf 89' lang='lat' dir='ltr'><strong>si</strong></span> <span class='ocrx_word' id='word_1_375' title='bbox 1351 3513 1554 3558; x_wconf 85' lang='lat' dir='ltr'><strong>tantam</strong></span> <span class='ocrx_word' id='word_1_376' title='bbox 1592 3506 1991 3564; x_wconf 60' lang='lat' dir='ltr'><strong>neglexerimus</strong></span> 
     </span>
    </p>
   </div>
   <div class='ocr_carea' id='block_1_54' title="bbox 413 3597 1993 3667">
    <p class='ocr_par' dir='ltr' id='par_1_54' title="bbox 413 3597 1993 3667">
     <span class='ocr_line' id='line_1_54' title="bbox 413 3597 1993 3667; baseline -0.002 -15"><span class='ocrx_word' id='word_1_377' title='bbox 413 3597 670 3663; x_wconf 80' lang='lat' dir='ltr'><strong>salutem,</strong></span> <span class='ocrx_word' id='word_1_378' title='bbox 719 3611 840 3667; x_wconf 64' lang='lat' dir='ltr'><strong>qua</strong></span> <span class='ocrx_word' id='word_1_379' title='bbox 885 3613 1063 3666; x_wconf 84' lang='lat' dir='ltr'><strong>neque</strong></span> <span class='ocrx_word' id='word_1_380' title='bbox 1108 3613 1206 3666; x_wconf 89' lang='lat' dir='ltr'><strong>per</strong></span> <span class='ocrx_word' id='word_1_381' title='bbox 1258 3597 1501 3667; x_wconf 82' lang='lat' dir='ltr'><strong>angelos,</strong></span> <span class='ocrx_word' id='word_1_382' title='bbox 1534 3613 1707 3667; x_wconf 88' lang='lat' dir='ltr'><strong>neque</strong></span> <span class='ocrx_word' id='word_1_383' title='bbox 1744 3612 1841 3667; x_wconf 87' lang='lat' dir='ltr'><strong>per</strong></span> <span class='ocrx_word' id='word_1_384' title='bbox 1864 3612 1993 3667; x_wconf 77' lang='lat' dir='ltr'><strong>pro-</strong></span> 
     </span>
    </p>
   </div>
   <div class='ocr_carea' id='block_1_55' title="bbox 412 3688 1989 3759">
    <p class='ocr_par' dir='ltr' id='par_1_55' title="bbox 412 3688 1989 3759">
     <span class='ocr_line' id='line_1_55' title="bbox 412 3688 1989 3759; baseline 0 -17"><span class='ocrx_word' id='word_1_385' title='bbox 412 3688 604 3759; x_wconf 85' lang='lat' dir='ltr'><strong>phetas</strong></span> <span class='ocrx_word' id='word_1_386' title='bbox 629 3691 788 3745; x_wconf 85' lang='lat' dir='ltr'><strong>nobis</strong></span> <span class='ocrx_word' id='word_1_387' title='bbox 818 3696 901 3743; x_wconf 91' lang='lat' dir='ltr'><strong>est</strong></span> <span class='ocrx_word' id='word_1_388' title='bbox 930 3689 1152 3751; x_wconf 87' lang='lat' dir='ltr'><strong>tradita,</strong></span> <span class='ocrx_word' id='word_1_389' title='bbox 1196 3689 1291 3744; x_wconf 83' lang='lat' dir='ltr'><strong>sed</strong></span> <span class='ocrx_word' id='word_1_390' title='bbox 1336 3705 1431 3759; x_wconf 88' lang='lat' dir='ltr'><strong>per</strong></span> <span class='ocrx_word' id='word_1_391' title='bbox 1478 3689 1655 3759; x_wconf 89' lang='lat' dir='ltr'><strong>ipsum</strong></span> <span class='ocrx_word' id='word_1_392' title='bbox 1706 3688 1989 3744; x_wconf 84' lang='lat' dir='ltr'><strong>Christum</strong></span> 
     </span>
    </p>
   </div>
   <div class='ocr_carea' id='block_1_56' title="bbox 409 3779 1991 3863">
    <p class='ocr_par' dir='ltr' id='par_1_56' title="bbox 409 3779 1991 3863">
     <span class='ocr_line' id='line_1_56' title="bbox 409 3779 1991 3863; baseline 0 -29"><span class='ocrx_word' id='word_1_393' title='bbox 409 3789 465 3834; x_wconf 87' lang='lat' dir='ltr'><strong>et</strong></span> <span class='ocrx_word' id='word_1_394' title='bbox 493 3779 864 3835; x_wconf 69' lang='lat' dir='ltr'><strong>DeumlNom</strong></span> <span class='ocrx_word' id='word_1_395' title='bbox 912 3781 1110 3834; x_wconf 83' lang='lat' dir='ltr'><strong>veteris</strong></span> <span class='ocrx_word' id='word_1_396' title='bbox 1145 3779 1361 3850; x_wconf 85' lang='lat' dir='ltr'><strong>quidem</strong></span> <span class='ocrx_word' id='word_1_397' title='bbox 1418 3781 1552 3849; x_wconf 86' lang='lat' dir='ltr'><strong>legis</strong></span> <span class='ocrx_word' id='word_1_398' title='bbox 1594 3780 1845 3863; x_wconf 74' lang='lat' dir='ltr'><strong>minister</strong></span> <span class='ocrx_word' id='word_1_399' title='bbox 1889 3780 1991 3834; x_wconf 80' lang='lat' dir='ltr'><strong>fuit</strong></span> 
     </span>
    </p>
   </div>
   <div class='ocr_carea' id='block_1_57' title="bbox 413 3871 1991 3941">
    <p class='ocr_par' dir='ltr' id='par_1_57' title="bbox 413 3871 1991 3941">
     <span class='ocr_line' id='line_1_57' title="bbox 413 3871 1991 3941; baseline -0.001 -14"><span class='ocrx_word' id='word_1_400' title='bbox 413 3872 615 3936; x_wconf 84' lang='lat' dir='ltr'><strong>Moses,</strong></span> <span class='ocrx_word' id='word_1_401' title='bbox 648 3887 803 3927; x_wconf 66' lang='lat' dir='ltr'><strong>nova:</strong></span> <span class='ocrx_word' id='word_1_402' title='bbox 842 3879 1023 3926; x_wconf 87' lang='lat' dir='ltr'><strong>autem</strong></span> <span class='ocrx_word' id='word_1_403' title='bbox 1053 3872 1328 3926; x_wconf 87' lang='lat' dir='ltr'><strong>Christus.</strong></span> <span class='ocrx_word' id='word_1_404' title='bbox 1379 3871 1607 3925; x_wconf 85' lang='lat' dir='ltr'><strong>Multum</strong></span> <span class='ocrx_word' id='word_1_405' title='bbox 1667 3873 1833 3941; x_wconf 84' lang='lat' dir='ltr'><strong>igitur</strong></span> <span class='ocrx_word' id='word_1_406' title='bbox 1874 3871 1991 3926; x_wconf 82' lang='lat' dir='ltr'><strong>haec</strong></span> 
     </span>
    </p>
   </div>
   <div class='ocr_carea' id='block_1_58' title="bbox 412 3962 1994 4034">
    <p class='ocr_par' dir='ltr' id='par_1_58' title="bbox 412 3962 1994 4034">
     <span class='ocr_line' id='line_1_58' title="bbox 412 3962 1994 4034; baseline 0 -17"><span class='ocrx_word' id='word_1_407' title='bbox 412 3963 739 4033; x_wconf 80' lang='lat' dir='ltr'><strong>legislationi</strong></span> <span class='ocrx_word' id='word_1_408' title='bbox 793 3970 1012 4033; x_wconf 62' lang='lat' dir='ltr'><strong>prastat</strong></span> <span class='ocrx_word' id='word_1_409' title='bbox 1057 3965 1260 4026; x_wconf 81' lang='lat' dir='ltr'><strong>veteri,</strong></span> <span class='ocrx_word' id='word_1_410' title='bbox 1316 3962 1461 4032; x_wconf 92' lang='lat' dir='ltr'><strong>quod</strong></span> <span class='ocrx_word' id='word_1_411' title='bbox 1508 3963 1583 4017; x_wconf 90' lang='lat' dir='ltr'><strong>ibi</strong></span> <span class='ocrx_word' id='word_1_412' title='bbox 1626 3964 1712 4018; x_wconf 80' lang='lat' dir='ltr'><strong>lex</strong></span> <span class='ocrx_word' id='word_1_413' title='bbox 1750 3979 1847 4034; x_wconf 88' lang='lat' dir='ltr'><strong>per</strong></span> <span class='ocrx_word' id='word_1_414' title='bbox 1876 3978 1994 4018; x_wconf 92' lang='lat' dir='ltr'><strong>ser-</strong></span> 
     </span>
    </p>
   </div>
   <div class='ocr_carea' id='block_1_59' title="bbox 410 4055 1990 4126">
    <p class='ocr_par' dir='ltr' id='par_1_59' title="bbox 410 4055 1990 4126">
     <span class='ocr_line' id='line_1_59' title="bbox 410 4055 1990 4126; baseline 0.001 -16"><span class='ocrx_word' id='word_1_415' title='bbox 410 4070 538 4110; x_wconf 81' lang='lat' dir='ltr'><strong>vum</strong></span> <span class='ocrx_word' id='word_1_416' title='bbox 583 4055 654 4110; x_wconf 87' lang='lat' dir='ltr'><strong>sit</strong></span> <span class='ocrx_word' id='word_1_417' title='bbox 702 4055 1102 4120; x_wconf 84' lang='lat' dir='ltr'><strong>administrata,</strong></span> <span class='ocrx_word' id='word_1_418' title='bbox 1144 4055 1260 4110; x_wconf 60' lang='lat' dir='ltr'><strong>hate</strong></span> <span class='ocrx_word' id='word_1_419' title='bbox 1302 4071 1434 4111; x_wconf 82' lang='lat' dir='ltr'><strong>vero</strong></span> <span class='ocrx_word' id='word_1_420' title='bbox 1464 4071 1560 4125; x_wconf 91' lang='lat' dir='ltr'><strong>per</strong></span> <span class='ocrx_word' id='word_1_421' title='bbox 1590 4057 1767 4126; x_wconf 90' lang='lat' dir='ltr'><strong>ipsum</strong></span> <span class='ocrx_word' id='word_1_422' title='bbox 1801 4056 1990 4111; x_wconf 88' lang='lat' dir='ltr'><strong>Domi-</strong></span> 
     </span>
    </p>
   </div>
   <div class='ocr_carea' id='block_1_60' title="bbox 415 4143 1992 4217">
    <p class='ocr_par' dir='ltr' id='par_1_60' title="bbox 415 4143 1992 4217">
     <span class='ocr_line' id='line_1_60' title="bbox 415 4143 1992 4217; baseline 0.005 -21"><span class='ocrx_word' id='word_1_423' title='bbox 415 4158 543 4197; x_wconf 92' lang='lat' dir='ltr'><strong>num</strong></span> <span class='ocrx_word' id='word_1_424' title='bbox 570 4144 866 4200; x_wconf 71' lang='lat' dir='ltr'><strong>Christum.</strong></span> <span class='ocrx_word' id='word_1_425' title='bbox 904 4143 1170 4201; x_wconf 90' lang='lat' dir='ltr'><strong>Debemus</strong></span> <span class='ocrx_word' id='word_1_426' title='bbox 1189 4160 1318 4215; x_wconf 85' lang='lat' dir='ltr'><strong>ergo</strong></span> <span class='ocrx_word' id='word_1_427' title='bbox 1348 4144 1740 4211; x_wconf 89' lang='lat' dir='ltr'><strong>indubitanter,</strong></span> <span class='ocrx_word' id='word_1_428' title='bbox 1774 4162 1836 4202; x_wconf 82' lang='lat' dir='ltr'><strong>ea</strong></span> <span class='ocrx_word' id='word_1_429' title='bbox 1871 4163 1992 4217; x_wconf 68' lang='lat' dir='ltr'><strong>qua:</strong></span> 
     </span>
    </p>
   </div>
   <div class='ocr_carea' id='block_1_61' title="bbox 411 4237 1989 4310">
    <p class='ocr_par' dir='ltr' id='par_1_61' title="bbox 411 4237 1989 4310">
     <span class='ocr_line' id='line_1_61' title="bbox 411 4237 1989 4310; baseline 0.005 -21"><span class='ocrx_word' id='word_1_430' title='bbox 411 4237 574 4291; x_wconf 88' lang='lat' dir='ltr'><strong>nobis</strong></span> <span class='ocrx_word' id='word_1_431' title='bbox 601 4248 867 4307; x_wconf 67' lang='lat' dir='ltr'><strong>praacepta</strong></span> <span class='ocrx_word' id='word_1_432' title='bbox 901 4247 1028 4291; x_wconf 89' lang='lat' dir='ltr'><strong>sunt</strong></span> <span class='ocrx_word' id='word_1_433' title='bbox 1059 4246 1341 4307; x_wconf 69' lang='lat' dir='ltr'><strong>praestare,</strong></span> <span class='ocrx_word' id='word_1_434' title='bbox 1370 4254 1434 4291; x_wconf 87' lang='lat' dir='ltr'><strong>ne</strong></span> <span class='ocrx_word' id='word_1_435' title='bbox 1460 4238 1617 4294; x_wconf 86' lang='lat' dir='ltr'><strong>nobis</strong></span> <span class='ocrx_word' id='word_1_436' title='bbox 1646 4254 1809 4310; x_wconf 89' lang='lat' dir='ltr'><strong>quam</strong></span> <span class='ocrx_word' id='word_1_437' title='bbox 1840 4249 1989 4296; x_wconf 76' lang='lat' dir='ltr'><strong>vete-</strong></span> 
     </span>
    </p>
   </div>
   <div class='ocr_carea' id='block_1_62' title="bbox 412 4329 1597 4399">
    <p class='ocr_par' dir='ltr' id='par_1_62' title="bbox 412 4329 1597 4399">
     <span class='ocr_line' id='line_1_62' title="bbox 412 4329 1597 4399; baseline 0 -16"><span class='ocrx_word' id='word_1_438' title='bbox 412 4329 567 4383; x_wconf 85' lang='lat' dir='ltr'><strong>ribus</strong></span> <span class='ocrx_word' id='word_1_439' title='bbox 590 4329 812 4399; x_wconf 84' lang='lat' dir='ltr'><strong>gravius</strong></span> <span class='ocrx_word' id='word_1_440' title='bbox 836 4329 1105 4398; x_wconf 81' lang='lat' dir='ltr'><strong>judicium</strong></span> <span class='ocrx_word' id='word_1_441' title='bbox 1132 4329 1201 4384; x_wconf 91' lang='lat' dir='ltr'><strong>sit</strong></span> <span class='ocrx_word' id='word_1_442' title='bbox 1233 4329 1597 4383; x_wconf 82' lang='lat' dir='ltr'><strong>subeundum.</strong></span> 
     </span>
    </p>
   </div>
   <div class='ocr_carea' id='block_1_63' title="bbox 2090 1874 3673 1949">
    <p class='ocr_par' dir='ltr' id='par_1_63' title="bbox 2090 1874 3673 1949">
     <span class='ocr_line' id='line_1_63' title="bbox 2090 1874 3673 1949; baseline -0.001 -19"><span class='ocrx_word' id='word_1_443' title='bbox 2090 1893 2306 1931; x_wconf 83' lang='grc' dir='ltr'>κτειναν</span> <span class='ocrx_word' id='word_1_444' title='bbox 2354 1877 2548 1939; x_wconf 75' lang='grc' dir='ltr'>αὐτοὺς</span> <span class='ocrx_word' id='word_1_445' title='bbox 2576 1878 2727 1949; x_wconf 83' lang='grc' dir='ltr'>τρεῖς</span> <span class='ocrx_word' id='word_1_446' title='bbox 2751 1874 2993 1946; x_wconf 84' lang='grc' dir='ltr'><strong>χιλιάδας</strong></span> <span class='ocrx_word' id='word_1_447' title='bbox 3019 1875 3181 1929; x_wconf 91' lang='grc' dir='ltr'>λαῶν.</span> <span class='ocrx_word' id='word_1_448' title='bbox 3204 1875 3313 1928; x_wconf 71' lang='grc' dir='ltr'><strong>Καὶ</strong></span> <span class='ocrx_word' id='word_1_449' title='bbox 3341 1875 3497 1928; x_wconf 88' lang='grc' dir='ltr'>τοῦτό</span> <span class='ocrx_word' id='word_1_450' title='bbox 3524 1877 3673 1929; x_wconf 77' lang='grc' dir='ltr'>ἐστιν</span> 
     </span>
    </p>
   </div>
   <div class='ocr_carea' id='block_1_64' title="bbox 2087 1964 3670 2041">
    <p class='ocr_par' dir='ltr' id='par_1_64' title="bbox 2087 1964 3670 2041">
     <span class='ocr_line' id='line_1_64' title="bbox 2087 1964 3670 2041; baseline 0 -20"><span class='ocrx_word' id='word_1_451' title='bbox 2087 1967 2116 2021; x_wconf 86' lang='grc' dir='ltr'>ὃ</span> <span class='ocrx_word' id='word_1_452' title='bbox 2167 1969 2318 2038; x_wconf 78' lang='grc' dir='ltr'>λέγει</span> <span class='ocrx_word' id='word_1_453' title='bbox 2376 1971 2409 2039; x_wconf 83' lang='grc' dir='ltr'>ὴ</span> <span class='ocrx_word' id='word_1_454' title='bbox 2460 1969 2683 2041; x_wconf 74' lang='grc' dir='ltr'>Γραφήο</span> <span class='ocrx_word' id='word_1_455' title='bbox 2725 1986 2745 2021; x_wconf 87' lang='grc'><em>‹</em></span> <span class='ocrx_word' id='word_1_456' title='bbox 2782 1964 2882 2023; x_wconf 81' lang='grc' dir='ltr'><strong>Ὧν</strong></span> <span class='ocrx_word' id='word_1_457' title='bbox 2936 1967 3005 2023; x_wconf 81' lang='grc' dir='ltr'><strong>τά</strong></span> <span class='ocrx_word' id='word_1_458' title='bbox 3064 1967 3215 2021; x_wconf 88' lang='grc' dir='ltr'>κῶλα</span> <span class='ocrx_word' id='word_1_459' title='bbox 3253 1967 3446 2021; x_wconf 75' lang='grc' dir='ltr'>ἔπεσον</span> <span class='ocrx_word' id='word_1_460' title='bbox 3498 1969 3557 2022; x_wconf 83' lang='grc' dir='ltr'><strong>ὲν</strong></span> <span class='ocrx_word' id='word_1_461' title='bbox 3602 1970 3670 2040; x_wconf 78' lang='grc' dir='ltr'>τῇ</span> 
     </span>
    </p>
   </div>
   <div class='ocr_carea' id='block_1_65' title="bbox 2088 2064 2349 2135">
    <p class='ocr_par' dir='ltr' id='par_1_65' title="bbox 2088 2064 2349 2135">
     <span class='ocr_line' id='line_1_65' title="bbox 2088 2064 2349 2135; baseline -0.008 0"><span class='ocrx_word' id='word_1_462' title='bbox 2088 2064 2300 2135; x_wconf 72' lang='grc' dir='ltr'><strong>ἐρήμῳο</strong></span> <span class='ocrx_word' id='word_1_463' title='bbox 2331 2083 2349 2115; x_wconf 74' lang='grc' dir='ltr'><strong>ι</strong></span> 
     </span>
    </p>
   </div>
   <div class='ocr_carea' id='block_1_66' title="bbox 2154 2151 3674 2227">
    <p class='ocr_par' dir='ltr' id='par_1_66' title="bbox 2154 2151 3674 2227">
     <span class='ocr_line' id='line_1_66' title="bbox 2154 2151 3674 2227; baseline 0.002 -20"><span class='ocrx_word' id='word_1_464' title='bbox 2154 2155 2256 2207; x_wconf 87' lang='grc' dir='ltr'>Κεί</span> <span class='ocrx_word' id='word_1_465' title='bbox 2263 2169 2422 2225; x_wconf 89' lang='grc' dir='ltr'>μενον</span> <span class='ocrx_word' id='word_1_466' title='bbox 2456 2151 2594 2226; x_wconf 86' lang='grc' dir='ltr'>ρκα’.</span> <span class='ocrx_word' id='word_1_467' title='bbox 2618 2173 2635 2205; x_wconf 78' lang='grc' dir='ltr'><strong>ι</strong></span> <span class='ocrx_word' id='word_1_468' title='bbox 2656 2154 2767 2210; x_wconf 73' lang='grc' dir='ltr'><strong>Καὶ</strong></span> <span class='ocrx_word' id='word_1_469' title='bbox 2799 2156 2947 2208; x_wconf 82' lang='grc' dir='ltr'>πᾶσα</span> <span class='ocrx_word' id='word_1_470' title='bbox 2968 2152 3278 2226; x_wconf 84' lang='grc' dir='ltr'>παράϐασις</span> <span class='ocrx_word' id='word_1_471' title='bbox 3305 2155 3398 2208; x_wconf 74' lang='grc' dir='ltr'>καὶ</span> <span class='ocrx_word' id='word_1_472' title='bbox 3419 2155 3674 2227; x_wconf 79' lang='grc' dir='ltr'>παρακοὴ</span> 
     </span>
    </p>
   </div>
   <div class='ocr_carea' id='block_1_67' title="bbox 2090 2242 2575 2299">
    <p class='ocr_par' dir='ltr' id='par_1_67' title="bbox 2090 2242 2575 2299">
     <span class='ocr_line' id='line_1_67' title="bbox 2090 2242 2575 2299; baseline -0.002 -2"><span class='ocrx_word' id='word_1_473' title='bbox 2090 2242 2278 2299; x_wconf 77' lang='grc' dir='ltr'>ἐλαϐεν</span> <span class='ocrx_word' id='word_1_474' title='bbox 2301 2244 2529 2298; x_wconf 78' lang='grc' dir='ltr'>ἔνδικον.</span> <span class='ocrx_word' id='word_1_475' title='bbox 2555 2262 2575 2296; x_wconf 85' lang='grc' dir='ltr'><strong>ι</strong></span> 
     </span>
    </p>
   </div>
   <div class='ocr_carea' id='block_1_68' title="bbox 2082 2333 3676 2408">
    <p class='ocr_par' dir='ltr' id='par_1_68' title="bbox 2082 2333 3676 2408">
     <span class='ocr_line' id='line_1_68' title="bbox 2082 2333 3676 2408; baseline 0.01 -34"><span class='ocrx_word' id='word_1_476' title='bbox 2082 2354 2087 2374; x_wconf 57' lang='grc' dir='ltr'><strong>ί</strong></span> <span class='ocrx_word' id='word_1_477' title='bbox 2169 2337 2398 2407; x_wconf 82' lang='grc' dir='ltr'>Ἑρμην.</span> <span class='ocrx_word' id='word_1_478' title='bbox 2435 2336 2593 2389; x_wconf 86' lang='grc' dir='ltr'>Ὅσοι</span> <span class='ocrx_word' id='word_1_479' title='bbox 2634 2333 2951 2406; x_wconf 85' lang='grc' dir='ltr'>παρέϐησαν</span> <span class='ocrx_word' id='word_1_480' title='bbox 2977 2335 3071 2388; x_wconf 74' lang='grc' dir='ltr'><strong>καὶ</strong></span> <span class='ocrx_word' id='word_1_481' title='bbox 3097 2336 3455 2408; x_wconf 78' lang='grc' dir='ltr'>παρήκουσαν</span> <span class='ocrx_word' id='word_1_482' title='bbox 3500 2338 3561 2389; x_wconf 82' lang='grc' dir='ltr'><strong>ὲν</strong></span> <span class='ocrx_word' id='word_1_483' title='bbox 3595 2334 3676 2406; x_wconf 83' lang='grc' dir='ltr'>τῷ</span> 
     </span>
    </p>
   </div>
   <div class='ocr_carea' id='block_1_69' title="bbox 2091 2425 3677 2499">
    <p class='ocr_par' dir='ltr' id='par_1_69' title="bbox 2091 2425 3677 2499">
     <span class='ocr_line' id='line_1_69' title="bbox 2091 2425 3677 2499; baseline -0.001 -19"><span class='ocrx_word' id='word_1_484' title='bbox 2091 2426 2307 2498; x_wconf 84' lang='grc' dir='ltr'>παλαιῷ</span> <span class='ocrx_word' id='word_1_485' title='bbox 2333 2426 2505 2498; x_wconf 85' lang='grc' dir='ltr'>νόμῳ,</span> <span class='ocrx_word' id='word_1_486' title='bbox 2537 2425 2727 2480; x_wconf 79' lang='grc' dir='ltr'>ἔλαϐον</span> <span class='ocrx_word' id='word_1_487' title='bbox 2747 2425 2967 2490; x_wconf 81' lang='grc' dir='ltr'>δικαίως</span> <span class='ocrx_word' id='word_1_488' title='bbox 2993 2425 3091 2496; x_wconf 79' lang='grc' dir='ltr'>τὴν</span> <span class='ocrx_word' id='word_1_489' title='bbox 3116 2428 3407 2499; x_wconf 83' lang='grc' dir='ltr'>τιμωρίαν.</span> <span class='ocrx_word' id='word_1_490' title='bbox 3429 2429 3542 2481; x_wconf 73' lang='grc' dir='ltr'>Καὶ</span> <span class='ocrx_word' id='word_1_491' title='bbox 3566 2427 3677 2497; x_wconf 78' lang='grc' dir='ltr'>γὰρ</span> 
     </span>
    </p>
   </div>
   <div class='ocr_carea' id='block_1_70' title="bbox 2091 2517 3677 2590">
    <p class='ocr_par' dir='ltr' id='par_1_70' title="bbox 2091 2517 3677 2590">
     <span class='ocr_line' id='line_1_70' title="bbox 2091 2517 3677 2590; baseline -0.001 -17"><span class='ocrx_word' id='word_1_492' title='bbox 2091 2521 2184 2573; x_wconf 73' lang='grc' dir='ltr'><strong>καὶ</strong></span> <span class='ocrx_word' id='word_1_493' title='bbox 2215 2522 2244 2573; x_wconf 90' lang='lat'><strong>6</strong></span> <span class='ocrx_word' id='word_1_494' title='bbox 2287 2519 2457 2590; x_wconf 75' lang='grc' dir='ltr'>Ἀδὰμ</span> <span class='ocrx_word' id='word_1_495' title='bbox 2482 2517 2837 2590; x_wconf 84' lang='grc' dir='ltr'>παρακούσας</span> <span class='ocrx_word' id='word_1_496' title='bbox 2860 2518 3179 2590; x_wconf 85' lang='grc' dir='ltr'>κατεκρίθη,</span> <span class='ocrx_word' id='word_1_497' title='bbox 3202 2521 3295 2571; x_wconf 74' lang='grc' dir='ltr'>καὶ</span> <span class='ocrx_word' id='word_1_498' title='bbox 3317 2519 3456 2573; x_wconf 85' lang='grc' dir='ltr'>Κάῖν</span> <span class='ocrx_word' id='word_1_499' title='bbox 3490 2520 3677 2588; x_wconf 77' lang='grc' dir='ltr'>ἁμαρ·</span> 
     </span>
    </p>
   </div>
   <div class='ocr_carea' id='block_1_71' title="bbox 2089 2608 3677 2682">
    <p class='ocr_par' dir='ltr' id='par_1_71' title="bbox 2089 2608 3677 2682">
     <span class='ocr_line' id='line_1_71' title="bbox 2089 2608 3677 2682; baseline 0.001 -20"><span class='ocrx_word' id='word_1_500' title='bbox 2089 2610 2260 2680; x_wconf 84' lang='grc' dir='ltr'>τήσας</span> <span class='ocrx_word' id='word_1_501' title='bbox 2281 2609 2679 2682; x_wconf 85' lang='grc' dir='ltr'>ὲπικατάρατος</span> <span class='ocrx_word' id='word_1_502' title='bbox 2718 2608 2928 2677; x_wconf 87' lang='grc' dir='ltr'>γέγονε,</span> <span class='ocrx_word' id='word_1_503' title='bbox 2978 2609 3072 2661; x_wconf 75' lang='grc' dir='ltr'><strong>καὶ</strong></span> <span class='ocrx_word' id='word_1_504' title='bbox 3104 2611 3152 2662; x_wconf 86' lang='grc' dir='ltr'>οἱ</span> <span class='ocrx_word' id='word_1_505' title='bbox 3173 2610 3265 2662; x_wconf 80' lang='grc' dir='ltr'>ἐπὶ</span> <span class='ocrx_word' id='word_1_506' title='bbox 3292 2609 3383 2662; x_wconf 89' lang='grc' dir='ltr'><strong>τοῦ</strong></span> <span class='ocrx_word' id='word_1_507' title='bbox 3413 2611 3535 2663; x_wconf 81' lang='grc' dir='ltr'>Νῶε</span> <span class='ocrx_word' id='word_1_508' title='bbox 3576 2629 3677 2664; x_wconf 82' lang='grc' dir='ltr'>κα-</span> 
     </span>
    </p>
   </div>
   <div class='ocr_carea' id='block_1_72' title="bbox 2091 2697 3673 2771">
    <p class='ocr_par' dir='ltr' id='par_1_72' title="bbox 2091 2697 3673 2771">
     <span class='ocr_line' id='line_1_72' title="bbox 2091 2697 3673 2771; baseline 0.001 -19"><span class='ocrx_word' id='word_1_509' title='bbox 2091 2698 2202 2763; x_wconf 89' lang='grc' dir='ltr'><strong>κῶς</strong></span> <span class='ocrx_word' id='word_1_510' title='bbox 2230 2699 2586 2771; x_wconf 78' lang='grc' dir='ltr'>ἐργαζόμενοι</span> <span class='ocrx_word' id='word_1_511' title='bbox 2617 2697 3090 2768; x_wconf 84' lang='grc' dir='ltr'>κατεκλύσθησαν·</span> <span class='ocrx_word' id='word_1_512' title='bbox 3120 2700 3213 2753; x_wconf 76' lang='grc' dir='ltr'><strong>καὶ</strong></span> <span class='ocrx_word' id='word_1_513' title='bbox 3244 2702 3292 2753; x_wconf 85' lang='grc' dir='ltr'>οἱ</span> <span class='ocrx_word' id='word_1_514' title='bbox 3327 2701 3385 2753; x_wconf 84' lang='grc' dir='ltr'>ὲν</span> <span class='ocrx_word' id='word_1_515' title='bbox 3412 2701 3673 2770; x_wconf 78' lang='grc' dir='ltr'>Σοδόμοις</span> 
     </span>
    </p>
   </div>
   <div class='ocr_carea' id='block_1_73' title="bbox 2092 2789 3677 2862">
    <p class='ocr_par' dir='ltr' id='par_1_73' title="bbox 2092 2789 3677 2862">
     <span class='ocr_line' id='line_1_73' title="bbox 2092 2789 3677 2862; baseline 0.002 -18"><span class='ocrx_word' id='word_1_516' title='bbox 2092 2790 2342 2861; x_wconf 85' lang='grc' dir='ltr'>ἀσέμνως</span> <span class='ocrx_word' id='word_1_517' title='bbox 2366 2791 2608 2860; x_wconf 80' lang='grc' dir='ltr'>βιοῦντες</span> <span class='ocrx_word' id='word_1_518' title='bbox 2637 2789 2823 2853; x_wconf 78' lang='grc' dir='ltr'>δεινῶς</span> <span class='ocrx_word' id='word_1_519' title='bbox 2873 2790 3267 2862; x_wconf 74' lang='grc' dir='ltr'>ὲποντίσθηεαν</span> <span class='ocrx_word' id='word_1_520' title='bbox 3292 2805 3304 2819; x_wconf 89' lang='lat'><strong>&#39;</strong></span> <span class='ocrx_word' id='word_1_521' title='bbox 3338 2792 3429 2847; x_wconf 75' lang='lat' dir='ltr'><strong>ml.</strong></span> <span class='ocrx_word' id='word_1_522' title='bbox 3453 2793 3506 2846; x_wconf 65' lang='grc' dir='ltr'>εἰ</span> <span class='ocrx_word' id='word_1_523' title='bbox 3540 2793 3677 2847; x_wconf 59' lang='grc' dir='ltr'><strong>’ἰεῦ-ι</strong></span> 
     </span>
    </p>
   </div>
   <div class='ocr_carea' id='block_1_74' title="bbox 2092 2883 3676 2957">
    <p class='ocr_par' dir='ltr' id='par_1_74' title="bbox 2092 2883 3676 2957">
     <span class='ocr_line' id='line_1_74' title="bbox 2092 2883 3676 2957; baseline -0.003 -16"><span class='ocrx_word' id='word_1_524' title='bbox 2092 2884 2250 2950; x_wconf 87' lang='grc' dir='ltr'>δαῖοι,</span> <span class='ocrx_word' id='word_1_525' title='bbox 2281 2883 2542 2949; x_wconf 73' lang='grc' dir='ltr'>πολλάκις</span> <span class='ocrx_word' id='word_1_526' title='bbox 2591 2883 2991 2947; x_wconf 76' lang='grc' dir='ltr'>ἐπαναστάντες</span> <span class='ocrx_word' id='word_1_527' title='bbox 3028 2887 3138 2948; x_wconf 86' lang='grc' dir='ltr'>τοῖς</span> <span class='ocrx_word' id='word_1_528' title='bbox 3173 2887 3500 2957; x_wconf 76' lang='grc' dir='ltr'>προφήταις.</span> <span class='ocrx_word' id='word_1_529' title='bbox 3533 2885 3676 2956; x_wconf 86' lang='grc' dir='ltr'>πλη-</span> 
     </span>
    </p>
   </div>
   <div class='ocr_carea' id='block_1_75' title="bbox 2092 2978 3674 3050">
    <p class='ocr_par' dir='ltr' id='par_1_75' title="bbox 2092 2978 3674 3050">
     <span class='ocr_line' id='line_1_75' title="bbox 2092 2978 3674 3050; baseline 0.001 -18"><span class='ocrx_word' id='word_1_530' title='bbox 2092 2978 2197 3049; x_wconf 86' lang='grc' dir='ltr'><strong>γὰς</strong></span> <span class='ocrx_word' id='word_1_531' title='bbox 2226 2978 2378 3050; x_wconf 86' lang='grc' dir='ltr'><strong>παρά</strong></span> <span class='ocrx_word' id='word_1_532' title='bbox 2394 2978 2529 3032; x_wconf 86' lang='grc' dir='ltr'>Θεοῦ</span> <span class='ocrx_word' id='word_1_533' title='bbox 2563 2979 2658 3032; x_wconf 73' lang='grc' dir='ltr'><strong>καὶ</strong></span> <span class='ocrx_word' id='word_1_534' title='bbox 2694 2980 2962 3050; x_wconf 86' lang='grc' dir='ltr'>μάστιγας</span> <span class='ocrx_word' id='word_1_535' title='bbox 2989 2978 3083 3032; x_wconf 71' lang='grc' dir='ltr'>καὶ</span> <span class='ocrx_word' id='word_1_536' title='bbox 3108 2978 3377 3049; x_wconf 85' lang='grc' dir='ltr'>τιμωρίας</span> <span class='ocrx_word' id='word_1_537' title='bbox 3401 2978 3674 3043; x_wconf 84' lang='grc' dir='ltr'>ἐδέξαντο.</span> 
     </span>
    </p>
   </div>
   <div class='ocr_carea' id='block_1_76' title="bbox 2094 3064 3677 3137">
    <p class='ocr_par' dir='ltr' id='par_1_76' title="bbox 2094 3064 3677 3137">
     <span class='ocr_line' id='line_1_76' title="bbox 2094 3064 3677 3137; baseline -0.002 -13"><span class='ocrx_word' id='word_1_538' title='bbox 2094 3069 2208 3125; x_wconf 86' lang='grc' dir='ltr'>Νῦν</span> <span class='ocrx_word' id='word_1_539' title='bbox 2245 3064 2341 3122; x_wconf 78' lang='grc' dir='ltr'>οὗν</span> <span class='ocrx_word' id='word_1_540' title='bbox 2376 3066 2531 3121; x_wconf 84' lang='grc' dir='ltr'>τοῦτο</span> <span class='ocrx_word' id='word_1_541' title='bbox 2558 3068 2738 3137; x_wconf 75' lang='grc' dir='ltr'>λέγει’</span> <span class='ocrx_word' id='word_1_542' title='bbox 2770 3068 2871 3134; x_wconf 82' lang='grc' dir='ltr'>ὅτι,</span> <span class='ocrx_word' id='word_1_543' title='bbox 2912 3067 3096 3137; x_wconf 75' lang='grc' dir='ltr'>ἐπειδὴ</span> <span class='ocrx_word' id='word_1_544' title='bbox 3137 3069 3193 3120; x_wconf 78' lang='grc' dir='ltr'>ἐν</span> <span class='ocrx_word' id='word_1_545' title='bbox 3220 3070 3286 3137; x_wconf 82' lang='grc' dir='ltr'>τῇ</span> <span class='ocrx_word' id='word_1_546' title='bbox 3320 3066 3532 3137; x_wconf 79' lang='grc' dir='ltr'>Παλαιᾷ</span> <span class='ocrx_word' id='word_1_547' title='bbox 3560 3068 3677 3121; x_wconf 77' lang='grc' dir='ltr'>ὅσοι</span> 
     </span>
    </p>
   </div>
   <div class='ocr_carea' id='block_1_77' title="bbox 2092 3156 3677 3230">
    <p class='ocr_par' dir='ltr' id='par_1_77' title="bbox 2092 3156 3677 3230">
     <span class='ocr_line' id='line_1_77' title="bbox 2092 3156 3677 3230; baseline 0 -19"><span class='ocrx_word' id='word_1_548' title='bbox 2092 3159 2363 3230; x_wconf 76' lang='grc' dir='ltr'>ἠθέτησαν</span> <span class='ocrx_word' id='word_1_549' title='bbox 2385 3157 2447 3210; x_wconf 84' lang='grc' dir='ltr'><strong>τὸ</strong></span> <span class='ocrx_word' id='word_1_550' title='bbox 2480 3157 2803 3228; x_wconf 76' lang='grc' dir='ltr'>πρόσταγμα</span> <span class='ocrx_word' id='word_1_551' title='bbox 2817 3156 2908 3211; x_wconf 90' lang='grc' dir='ltr'><strong>τοῦ</strong></span> <span class='ocrx_word' id='word_1_552' title='bbox 2933 3157 3162 3229; x_wconf 87' lang='grc' dir='ltr'><strong>Κυρίου,</strong></span> <span class='ocrx_word' id='word_1_553' title='bbox 3194 3157 3289 3210; x_wconf 75' lang='grc' dir='ltr'><strong>καὶ</strong></span> <span class='ocrx_word' id='word_1_554' title='bbox 3316 3158 3677 3227; x_wconf 74' lang='grc' dir='ltr'>παρήκουσαν</span> 
     </span>
    </p>
   </div>
   <div class='ocr_carea' id='block_1_78' title="bbox 2089 3248 3677 3320">
    <p class='ocr_par' dir='ltr' id='par_1_78' title="bbox 2089 3248 3677 3320">
     <span class='ocr_line' id='line_1_78' title="bbox 2089 3248 3677 3320; baseline -0.001 -16"><span class='ocrx_word' id='word_1_555' title='bbox 2089 3252 2158 3306; x_wconf 81' lang='grc' dir='ltr'>τὰ</span> <span class='ocrx_word' id='word_1_556' title='bbox 2199 3252 2266 3305; x_wconf 89' lang='grc' dir='ltr'><strong>δι’</strong></span> <span class='ocrx_word' id='word_1_557' title='bbox 2291 3249 2535 3319; x_wconf 77' lang='grc' dir='ltr'>ἀγγέλων</span> <span class='ocrx_word' id='word_1_558' title='bbox 2566 3248 2868 3320; x_wconf 85' lang='grc' dir='ltr'>λαλούμενα</span> <span class='ocrx_word' id='word_1_559' title='bbox 2897 3250 2991 3304; x_wconf 73' lang='grc' dir='ltr'><strong>καὶ</strong></span> <span class='ocrx_word' id='word_1_560' title='bbox 3023 3248 3337 3320; x_wconf 81' lang='grc' dir='ltr'>προφητῶν,</span> <span class='ocrx_word' id='word_1_561' title='bbox 3373 3248 3566 3303; x_wconf 78' lang='grc' dir='ltr'>ἔλαϐον</span> <span class='ocrx_word' id='word_1_562' title='bbox 3598 3250 3677 3302; x_wconf 85' lang='grc' dir='ltr'><strong>δι-</strong></span> 
     </span>
    </p>
   </div>
   <div class='ocr_carea' id='block_1_79' title="bbox 2081 3338 3680 3412">
    <p class='ocr_par' dir='ltr' id='par_1_79' title="bbox 2081 3338 3680 3412">
     <span class='ocr_line' id='line_1_79' title="bbox 2081 3338 3680 3412; baseline -0.003 -15"><span class='ocrx_word' id='word_1_563' title='bbox 2081 3340 2264 3405; x_wconf 75' lang='grc' dir='ltr'>⁶καίως</span> <span class='ocrx_word' id='word_1_564' title='bbox 2293 3341 2390 3412; x_wconf 83' lang='grc' dir='ltr'><strong>τὴν</strong></span> <span class='ocrx_word' id='word_1_565' title='bbox 2418 3340 2709 3412; x_wconf 85' lang='grc' dir='ltr'>τιμωρίαν,</span> <span class='ocrx_word' id='word_1_566' title='bbox 2729 3341 2823 3394; x_wconf 78' lang='grc' dir='ltr'>καὶ</span> <span class='ocrx_word' id='word_1_567' title='bbox 2852 3341 2948 3412; x_wconf 78' lang='grc' dir='ltr'><strong>τὴν</strong></span> <span class='ocrx_word' id='word_1_568' title='bbox 2964 3339 3131 3412; x_wconf 82' lang='grc' dir='ltr'>ὀργὴν</span> <span class='ocrx_word' id='word_1_569' title='bbox 3157 3339 3250 3392; x_wconf 90' lang='grc' dir='ltr'><strong>τοῦ</strong></span> <span class='ocrx_word' id='word_1_570' title='bbox 3262 3338 3397 3392; x_wconf 80' lang='grc' dir='ltr'>Θεοῦ</span> <span class='ocrx_word' id='word_1_571' title='bbox 3431 3340 3680 3393; x_wconf 82' lang='grc' dir='ltr'>ἐπεσπά-</span> 
     </span>
    </p>
   </div>
   <div class='ocr_carea' id='block_1_80' title="bbox 2095 3429 3675 3502">
    <p class='ocr_par' dir='ltr' id='par_1_80' title="bbox 2095 3429 3675 3502">
     <span class='ocr_line' id='line_1_80' title="bbox 2095 3429 3675 3502; baseline -0.002 -17"><span class='ocrx_word' id='word_1_572' title='bbox 2095 3449 2276 3494; x_wconf 88' lang='grc' dir='ltr'>σαντο,</span> <span class='ocrx_word' id='word_1_573' title='bbox 2306 3429 2424 3494; x_wconf 87' lang='grc' dir='ltr'><strong>πῶς</strong></span> <span class='ocrx_word' id='word_1_574' title='bbox 2455 3432 2616 3502; x_wconf 79' lang='grc' dir='ltr'>ἡμεῖς</span> <span class='ocrx_word' id='word_1_575' title='bbox 2649 3430 2997 3501; x_wconf 83' lang='grc' dir='ltr'>ὲκιρύγωμεν,</span> <span class='ocrx_word' id='word_1_576' title='bbox 3043 3430 3136 3484; x_wconf 78' lang='grc' dir='ltr'><strong>ἐὰν</strong></span> <span class='ocrx_word' id='word_1_577' title='bbox 3167 3429 3531 3501; x_wconf 84' lang='grc' dir='ltr'>ἀμελήσωμεν</span> <span class='ocrx_word' id='word_1_578' title='bbox 3573 3431 3675 3500; x_wconf 77' lang='grc' dir='ltr'>τῆς</span> 
     </span>
    </p>
   </div>
   <div class='ocr_carea' id='block_1_81' title="bbox 2089 3520 3675 3593">
    <p class='ocr_par' dir='ltr' id='par_1_81' title="bbox 2089 3520 3675 3593">
     <span class='ocr_line' id='line_1_81' title="bbox 2089 3520 3675 3593; baseline 0.001 -18"><span class='ocrx_word' id='word_1_579' title='bbox 2089 3522 2348 3592; x_wconf 79' lang='grc' dir='ltr'>τοιαύτης</span> <span class='ocrx_word' id='word_1_580' title='bbox 2370 3522 2664 3593; x_wconf 84' lang='grc' dir='ltr'>σωτηρίας,</span> <span class='ocrx_word' id='word_1_581' title='bbox 2699 3523 2832 3576; x_wconf 83' lang='grc' dir='ltr'>ὅπου</span> <span class='ocrx_word' id='word_1_582' title='bbox 2863 3521 2985 3575; x_wconf 76' lang='grc' dir='ltr'>οὒτε</span> <span class='ocrx_word' id='word_1_583' title='bbox 3014 3521 3082 3574; x_wconf 88' lang='grc' dir='ltr'><strong>δι’</strong></span> <span class='ocrx_word' id='word_1_584' title='bbox 3115 3520 3362 3589; x_wconf 85' lang='grc' dir='ltr'>ἀγγέλων</span> <span class='ocrx_word' id='word_1_585' title='bbox 3402 3520 3529 3575; x_wconf 73' lang='grc' dir='ltr'>οὔτε</span> <span class='ocrx_word' id='word_1_586' title='bbox 3587 3523 3675 3576; x_wconf 69' lang='grc' dir='ltr'><strong>διὰ</strong></span> 
     </span>
    </p>
   </div>
   <div class='ocr_carea' id='block_1_82' title="bbox 2091 3609 3673 3683">
    <p class='ocr_par' dir='ltr' id='par_1_82' title="bbox 2091 3609 3673 3683">
     <span class='ocr_line' id='line_1_82' title="bbox 2091 3609 3673 3683; baseline 0.001 -20"><span class='ocrx_word' id='word_1_587' title='bbox 2091 3611 2386 3681; x_wconf 83' lang='grc' dir='ltr'>προφητῶν</span> <span class='ocrx_word' id='word_1_588' title='bbox 2422 3610 2656 3682; x_wconf 72' lang='grc' dir='ltr'>ἐλαλήθη</span> <span class='ocrx_word' id='word_1_589' title='bbox 2688 3612 2839 3682; x_wconf 84' lang='grc' dir='ltr'>ἡμῖν,</span> <span class='ocrx_word' id='word_1_590' title='bbox 2875 3609 3011 3664; x_wconf 79' lang='grc' dir='ltr'><strong>ἀλλά</strong></span> <span class='ocrx_word' id='word_1_591' title='bbox 3044 3611 3111 3663; x_wconf 86' lang='grc' dir='ltr'>δι’</span> <span class='ocrx_word' id='word_1_592' title='bbox 3133 3609 3298 3664; x_wconf 85' lang='grc' dir='ltr'>αὐτοῦ</span> <span class='ocrx_word' id='word_1_593' title='bbox 3318 3610 3410 3665; x_wconf 90' lang='grc' dir='ltr'><strong>τοῦ</strong></span> <span class='ocrx_word' id='word_1_594' title='bbox 3435 3612 3673 3683; x_wconf 82' lang='grc' dir='ltr'>Χριστοῦ</span> 
     </span>
    </p>
   </div>
   <div class='ocr_carea' id='block_1_83' title="bbox 2091 3698 3677 3773">
    <p class='ocr_par' dir='ltr' id='par_1_83' title="bbox 2091 3698 3677 3773">
     <span class='ocr_line' id='line_1_83' title="bbox 2091 3698 3677 3773; baseline 0.003 -20"><span class='ocrx_word' id='word_1_595' title='bbox 2091 3701 2185 3754; x_wconf 74' lang='grc' dir='ltr'><strong>καὶ</strong></span> <span class='ocrx_word' id='word_1_596' title='bbox 2204 3698 2338 3753; x_wconf 88' lang='grc' dir='ltr'>Θεοῦ</span> <span class='ocrx_word' id='word_1_597' title='bbox 2360 3718 2374 3765; x_wconf 92' lang='grc'><strong>;</strong></span> <span class='ocrx_word' id='word_1_598' title='bbox 2396 3700 2505 3753; x_wconf 75' lang='grc' dir='ltr'><strong>Καὶ</strong></span> <span class='ocrx_word' id='word_1_599' title='bbox 2532 3701 2640 3771; x_wconf 86' lang='grc' dir='ltr'>γὰρ</span> <span class='ocrx_word' id='word_1_600' title='bbox 2670 3702 2728 3754; x_wconf 82' lang='grc' dir='ltr'><strong>ὲν</strong></span> <span class='ocrx_word' id='word_1_601' title='bbox 2761 3704 2825 3772; x_wconf 80' lang='grc' dir='ltr'>τῇ</span> <span class='ocrx_word' id='word_1_602' title='bbox 2856 3700 3070 3773; x_wconf 85' lang='grc' dir='ltr'>Παλαιᾷ</span> <span class='ocrx_word' id='word_1_603' title='bbox 3096 3701 3190 3755; x_wconf 90' lang='grc' dir='ltr'><strong>τοῦ</strong></span> <span class='ocrx_word' id='word_1_604' title='bbox 3220 3702 3385 3773; x_wconf 87' lang='grc' dir='ltr'>νόμου</span> <span class='ocrx_word' id='word_1_605' title='bbox 3425 3703 3677 3769; x_wconf 82' lang='grc' dir='ltr'>διάκονος</span> 
     </span>
    </p>
   </div>
   <div class='ocr_carea' id='block_1_84' title="bbox 2090 3778 3675 3863">
    <p class='ocr_par' dir='ltr' id='par_1_84' title="bbox 2090 3778 3675 3863">
     <span class='ocr_line' id='line_1_84' title="bbox 2090 3778 3675 3863; baseline 0.002 -19"><span class='ocrx_word' id='word_1_606' title='bbox 2090 3790 2313 3859; x_wconf 73' lang='grc' dir='ltr'>γέγονεν</span> <span class='ocrx_word' id='word_1_607' title='bbox 2335 3792 2366 3846; x_wconf 90' lang='lat'><strong>6</strong></span> <span class='ocrx_word' id='word_1_608' title='bbox 2393 3792 2596 3861; x_wconf 84' lang='grc' dir='ltr'>Μωσῆς</span> <span class='ocrx_word' id='word_1_609' title='bbox 2615 3809 2630 3823; x_wconf 92' lang='grc'><strong>·</strong></span> <span class='ocrx_word' id='word_1_610' title='bbox 2655 3791 2755 3861; x_wconf 79' lang='grc' dir='ltr'>τῆς</span> <span class='ocrx_word' id='word_1_611' title='bbox 2787 3792 2843 3845; x_wconf 86' lang='grc' dir='ltr'>δὲ</span> <span class='ocrx_word' id='word_1_612' title='bbox 2875 3778 3079 3857; x_wconf 76' lang='grc' dir='ltr'>Νέαξὸ</span> <span class='ocrx_word' id='word_1_613' title='bbox 3111 3793 3361 3863; x_wconf 86' lang='grc' dir='ltr'>Χριστός.</span> <span class='ocrx_word' id='word_1_614' title='bbox 3406 3794 3549 3847; x_wconf 75' lang='grc' dir='ltr'>Πολὺ</span> <span class='ocrx_word' id='word_1_615' title='bbox 3579 3790 3675 3847; x_wconf 77' lang='grc' dir='ltr'>οὖν</span> 
     </span>
    </p>
   </div>
   <div class='ocr_carea' id='block_1_85' title="bbox 2090 3883 3675 3956">
    <p class='ocr_par' dir='ltr' id='par_1_85' title="bbox 2090 3883 3675 3956">
     <span class='ocr_line' id='line_1_85' title="bbox 2090 3883 3675 3956; baseline 0 -18"><span class='ocrx_word' id='word_1_616' title='bbox 2090 3883 2263 3938; x_wconf 88' lang='grc' dir='ltr'>ταῦτα</span> <span class='ocrx_word' id='word_1_617' title='bbox 2289 3885 2527 3956; x_wconf 90' lang='grc' dir='ltr'>κρείσσω</span> <span class='ocrx_word' id='word_1_618' title='bbox 2555 3884 2651 3955; x_wconf 76' lang='grc' dir='ltr'>τῆς</span> <span class='ocrx_word' id='word_1_619' title='bbox 2685 3885 2919 3949; x_wconf 81' lang='grc' dir='ltr'>παλαιᾶς</span> <span class='ocrx_word' id='word_1_620' title='bbox 2935 3885 3255 3954; x_wconf 87' lang='grc' dir='ltr'>νομοθεσίας</span> <span class='ocrx_word' id='word_1_621' title='bbox 3302 3886 3383 3939; x_wconf 83' lang='grc' dir='ltr'>ὅτι</span> <span class='ocrx_word' id='word_1_622' title='bbox 3411 3887 3530 3939; x_wconf 81' lang='grc' dir='ltr'>ἐκεῖ</span> <span class='ocrx_word' id='word_1_623' title='bbox 3550 3885 3675 3938; x_wconf 84' lang='grc' dir='ltr'>δοῦ-</span> 
     </span>
    </p>
   </div>
   <div class='ocr_carea' id='block_1_86' title="bbox 2089 3973 3680 4045">
    <p class='ocr_par' dir='ltr' id='par_1_86' title="bbox 2089 3973 3680 4045">
     <span class='ocr_line' id='line_1_86' title="bbox 2089 3973 3680 4045; baseline 0 -17"><span class='ocrx_word' id='word_1_624' title='bbox 2089 3974 2181 4039; x_wconf 91' lang='grc' dir='ltr'><strong>λος</strong></span> <span class='ocrx_word' id='word_1_625' title='bbox 2210 3975 2423 4042; x_wconf 79' lang='grc' dir='ltr'>ἐγένετο</span> <span class='ocrx_word' id='word_1_626' title='bbox 2445 3975 2721 4045; x_wconf 78' lang='grc' dir='ltr'>ὑπηρέτης</span> <span class='ocrx_word' id='word_1_627' title='bbox 2747 3973 2842 4027; x_wconf 89' lang='grc' dir='ltr'><strong>τοῦ</strong></span> <span class='ocrx_word' id='word_1_628' title='bbox 2862 3974 3054 4044; x_wconf 83' lang='grc' dir='ltr'>νόμου·</span> <span class='ocrx_word' id='word_1_629' title='bbox 3085 3973 3316 4035; x_wconf 78' lang='grc' dir='ltr'>ἐνταῦθα</span> <span class='ocrx_word' id='word_1_630' title='bbox 3346 3974 3404 4027; x_wconf 82' lang='grc' dir='ltr'>δὲ</span> <span class='ocrx_word' id='word_1_631' title='bbox 3427 3977 3456 4028; x_wconf 91' lang='grc' dir='ltr'><strong>ό</strong></span> <span class='ocrx_word' id='word_1_632' title='bbox 3484 3974 3680 4028; x_wconf 86' lang='grc' dir='ltr'>δεσπό-</span> 
     </span>
    </p>
   </div>
   <div class='ocr_carea' id='block_1_87' title="bbox 2089 4065 3677 4138">
    <p class='ocr_par' dir='ltr' id='par_1_87' title="bbox 2089 4065 3677 4138">
     <span class='ocr_line' id='line_1_87' title="bbox 2089 4065 3677 4138; baseline 0 -19"><span class='ocrx_word' id='word_1_633' title='bbox 2089 4084 2189 4136; x_wconf 85' lang='grc' dir='ltr'><strong>της</strong></span> <span class='ocrx_word' id='word_1_634' title='bbox 2220 4065 2473 4137; x_wconf 82' lang='grc' dir='ltr'>Χριστός.</span> <span class='ocrx_word' id='word_1_635' title='bbox 2500 4066 2611 4119; x_wconf 78' lang='lat' dir='ltr'><strong>Ka‘t</strong></span> <span class='ocrx_word' id='word_1_636' title='bbox 2631 4066 2917 4136; x_wconf 66' lang='grc' dir='ltr'>ὀφείλομεν</span> <span class='ocrx_word' id='word_1_637' title='bbox 2932 4065 2998 4120; x_wconf 67' lang='grc' dir='ltr'>τὰ</span> <span class='ocrx_word' id='word_1_638' title='bbox 3030 4067 3480 4138; x_wconf 79' lang='grc' dir='ltr'>προστεταγμένα</span> <span class='ocrx_word' id='word_1_639' title='bbox 3499 4069 3677 4119; x_wconf 81' lang='grc' dir='ltr'>ποιεῖν</span> 
     </span>
    </p>
   </div>
   <div class='ocr_carea' id='block_1_88' title="bbox 2091 4157 3679 4232">
    <p class='ocr_par' dir='ltr' id='par_1_88' title="bbox 2091 4157 3679 4232">
     <span class='ocr_line' id='line_1_88' title="bbox 2091 4157 3679 4232; baseline 0.001 -22"><span class='ocrx_word' id='word_1_640' title='bbox 2091 4157 2451 4221; x_wconf 84' lang='grc' dir='ltr'>ἀδιστάκτως,</span> <span class='ocrx_word' id='word_1_641' title='bbox 2507 4158 2594 4211; x_wconf 76' lang='grc' dir='ltr'><strong>ἵνα</strong></span> <span class='ocrx_word' id='word_1_642' title='bbox 2644 4157 2716 4229; x_wconf 79' lang='grc' dir='ltr'><strong>μὴ</strong></span> <span class='ocrx_word' id='word_1_643' title='bbox 2760 4158 2857 4217; x_wconf 75' lang='grc' dir='ltr'><strong>καὶ</strong></span> <span class='ocrx_word' id='word_1_644' title='bbox 2889 4159 3103 4232; x_wconf 81' lang='grc' dir='ltr'>χείρους</span> <span class='ocrx_word' id='word_1_645' title='bbox 3133 4157 3243 4212; x_wconf 83' lang='grc' dir='ltr'><strong>τῶν</strong></span> <span class='ocrx_word' id='word_1_646' title='bbox 3269 4157 3513 4212; x_wconf 71' lang='grc' dir='ltr'>παλαεῶν</span> <span class='ocrx_word' id='word_1_647' title='bbox 3540 4159 3679 4212; x_wconf 85' lang='grc' dir='ltr'>ἀπο-</span> 
     </span>
    </p>
   </div>
   <div class='ocr_carea' id='block_1_89' title="bbox 2038 4248 2689 4329">
    <p class='ocr_par' dir='ltr' id='par_1_89' title="bbox 2038 4248 2689 4329">
     <span class='ocr_line' id='line_1_89' title="bbox 2038 4248 2689 4329; baseline 0.002 -25"><span class='ocrx_word' id='word_1_648' title='bbox 2038 4324 2055 4329; x_wconf 32' lang='lat'><strong>-</strong></span> <span class='ocrx_word' id='word_1_649' title='bbox 2094 4248 2275 4322; x_wconf 84' lang='grc' dir='ltr'>δῶμεν</span> <span class='ocrx_word' id='word_1_650' title='bbox 2306 4248 2405 4316; x_wconf 84' lang='grc' dir='ltr'><strong>τὰς</strong></span> <span class='ocrx_word' id='word_1_651' title='bbox 2436 4248 2689 4315; x_wconf 78' lang='grc' dir='ltr'>εὐθύνας.</span> 
     </span>
    </p>
   </div>
   <div class='ocr_carea' id='block_1_90' title="bbox 483 4418 1990 4501">
    <p class='ocr_par' dir='ltr' id='par_1_90' title="bbox 483 4418 1990 4494">
     <span class='ocr_line' id='line_1_90' title="bbox 483 4418 1990 4494; baseline 0.005 -22"><span class='ocrx_word' id='word_1_652' title='bbox 483 4419 650 4476; x_wconf 79' lang='lat' dir='ltr'><strong>Pnor.</strong></span> <span class='ocrx_word' id='word_1_653' title='bbox 672 4420 884 4475; x_wconf 79' lang='lat' dir='ltr'><strong>CXXII.</strong></span> <span class='ocrx_word' id='word_1_654' title='bbox 922 4439 940 4471; x_wconf 77' lang='grc' dir='ltr'><strong>ι</strong></span> <span class='ocrx_word' id='word_1_655' title='bbox 977 4419 1094 4474; x_wconf 86' lang='lat' dir='ltr'><strong>Non</strong></span> <span class='ocrx_word' id='word_1_656' title='bbox 1130 4422 1274 4477; x_wconf 90' lang='lat' dir='ltr'><strong>enim</strong></span> <span class='ocrx_word' id='word_1_657' title='bbox 1302 4422 1509 4493; x_wconf 88' lang='lat' dir='ltr'><strong>angelis</strong></span> <span class='ocrx_word' id='word_1_658' title='bbox 1542 4418 1774 4494; x_wconf 83' lang='lat' dir='ltr'><strong>subjecit</strong></span> <span class='ocrx_word' id='word_1_659' title='bbox 1801 4424 1990 4482; x_wconf 88' lang='lat' dir='ltr'><strong>orbem</strong></span> 
     </span>
    </p>
   </div>
   <div class='ocr_carea' id='block_1_91' title="bbox 2098 4418 3681 4501">
    <p class='ocr_par' dir='ltr' id='par_1_91' title="bbox 2164 4426 3681 4501">
     <span class='ocr_line' id='line_1_91' title="bbox 2164 4426 3681 4501; baseline 0 -19"><span class='ocrx_word' id='word_1_660' title='bbox 2164 4428 2433 4499; x_wconf 85' lang='grc' dir='ltr'>Κείμενον</span> <span class='ocrx_word' id='word_1_661' title='bbox 2469 4428 2605 4501; x_wconf 79' lang='grc' dir='ltr'>ρκβ’.</span> <span class='ocrx_word' id='word_1_662' title='bbox 2638 4448 2656 4480; x_wconf 79' lang='grc' dir='ltr'>ι</span> <span class='ocrx_word' id='word_1_663' title='bbox 2685 4429 2760 4482; x_wconf 84' lang='lat' dir='ltr'>O6</span> <span class='ocrx_word' id='word_1_664' title='bbox 2784 4429 2889 4501; x_wconf 87' lang='grc' dir='ltr'>γὰρ</span> <span class='ocrx_word' id='word_1_665' title='bbox 2930 4428 3180 4497; x_wconf 81' lang='grc' dir='ltr'>ἀγγέλοις</span> <span class='ocrx_word' id='word_1_666' title='bbox 3210 4427 3440 4492; x_wconf 79' lang='grc' dir='ltr'>ὑπέταξε</span> <span class='ocrx_word' id='word_1_667' title='bbox 3470 4426 3572 4499; x_wconf 83' lang='grc' dir='ltr'><strong>τὴν</strong></span> <span class='ocrx_word' id='word_1_668' title='bbox 3601 4429 3681 4482; x_wconf 88' lang='grc' dir='ltr'>οί-</span> 
     </span>
    </p>
   </div>
   <div class='ocr_carea' id='block_1_92' title="bbox 411 4512 1551 4583">
    <p class='ocr_par' dir='ltr' id='par_1_92' title="bbox 411 4512 1551 4583">
     <span class='ocr_line' id='line_1_92' title="bbox 411 4512 1551 4583; baseline 0 -17"><span class='ocrx_word' id='word_1_669' title='bbox 411 4519 573 4568; x_wconf 67' lang='lat' dir='ltr'><strong>terrte</strong></span> <span class='ocrx_word' id='word_1_670' title='bbox 594 4512 860 4577; x_wconf 76' lang='lat' dir='ltr'><strong>futurum,</strong></span> <span class='ocrx_word' id='word_1_671' title='bbox 892 4512 958 4567; x_wconf 85' lang='lat' dir='ltr'><strong>de</strong></span> <span class='ocrx_word' id='word_1_672' title='bbox 993 4528 1101 4582; x_wconf 91' lang='lat' dir='ltr'><strong>quo</strong></span> <span class='ocrx_word' id='word_1_673' title='bbox 1128 4514 1406 4583; x_wconf 87' lang='lat' dir='ltr'><strong>loquimur</strong></span> <span class='ocrx_word' id='word_1_674' title='bbox 1429 4514 1496 4568; x_wconf 70' lang='lat'><strong>9‘.</strong></span> <span class='ocrx_word' id='word_1_675' title='bbox 1530 4532 1551 4566; x_wconf 78' lang='grc' dir='ltr'><strong>ι</strong></span> 
     </span>
    </p>
   </div>
   <div class='ocr_carea' id='block_1_93' title="bbox 488 4604 1988 4662">
    <p class='ocr_par' dir='ltr' id='par_1_93' title="bbox 488 4604 1988 4662">
     <span class='ocr_line' id='line_1_93' title="bbox 488 4604 1988 4662; baseline 0.001 -5"><span class='ocrx_word' id='word_1_676' title='bbox 488 4604 816 4657; x_wconf 59' lang='lat' dir='ltr'><strong>laruarum.</strong></span> <span class='ocrx_word' id='word_1_677' title='bbox 864 4604 1063 4657; x_wconf 79' lang='lat' dir='ltr'><strong>Urbem</strong></span> <span class='ocrx_word' id='word_1_678' title='bbox 1105 4613 1262 4658; x_wconf 68' lang='lat' dir='ltr'><strong>terra:</strong></span> <span class='ocrx_word' id='word_1_679' title='bbox 1316 4607 1540 4661; x_wconf 89' lang='lat' dir='ltr'><strong>secundi</strong></span> <span class='ocrx_word' id='word_1_680' title='bbox 1586 4606 1852 4662; x_wconf 86' lang='lat' dir='ltr'><strong>adventus</strong></span> <span class='ocrx_word' id='word_1_681' title='bbox 1900 4605 1988 4660; x_wconf 82' lang='lat' dir='ltr'><strong>sui</strong></span> 
     </span>
    </p>
   </div>
   <div class='ocr_carea' id='block_1_94' title="bbox 406 4694 1987 4767">
    <p class='ocr_par' dir='ltr' id='par_1_94' title="bbox 406 4694 1987 4767">
     <span class='ocr_line' id='line_1_94' title="bbox 406 4694 1987 4767; baseline 0 -18"><span class='ocrx_word' id='word_1_682' title='bbox 406 4694 675 4765; x_wconf 78' lang='lat' dir='ltr'><strong>judicium</strong></span> <span class='ocrx_word' id='word_1_683' title='bbox 710 4701 886 4761; x_wconf 87' lang='lat' dir='ltr'><strong>vocat,</strong></span> <span class='ocrx_word' id='word_1_684' title='bbox 919 4694 1136 4764; x_wconf 87' lang='lat' dir='ltr'><strong>quando</strong></span> <span class='ocrx_word' id='word_1_685' title='bbox 1169 4694 1351 4749; x_wconf 90' lang='lat' dir='ltr'><strong>reddet</strong></span> <span class='ocrx_word' id='word_1_686' title='bbox 1373 4697 1667 4767; x_wconf 88' lang='lat' dir='ltr'><strong>unicuique</strong></span> <span class='ocrx_word' id='word_1_687' title='bbox 1686 4696 1987 4751; x_wconf 89' lang='lat' dir='ltr'><strong>secundum</strong></span> 
     </span>
    </p>
   </div>
   <div class='ocr_carea' id='block_1_95' title="bbox 411 4784 1990 4859">
    <p class='ocr_par' dir='ltr' id='par_1_95' title="bbox 411 4784 1990 4859">
     <span class='ocr_line' id='line_1_95' title="bbox 411 4784 1990 4859; baseline -0.003 -15"><span class='ocrx_word' id='word_1_688' title='bbox 411 4802 579 4859; x_wconf 89' lang='lat' dir='ltr'><strong>opera</strong></span> <span class='ocrx_word' id='word_1_689' title='bbox 604 4801 723 4843; x_wconf 92' lang='lat' dir='ltr'><strong>sua.</strong></span> <span class='ocrx_word' id='word_1_690' title='bbox 758 4785 871 4841; x_wconf 85' lang='lat' dir='ltr'><strong>lloc</strong></span> <span class='ocrx_word' id='word_1_691' title='bbox 911 4801 1041 4841; x_wconf 84' lang='lat' dir='ltr'><strong>vero</strong></span> <span class='ocrx_word' id='word_1_692' title='bbox 1068 4784 1213 4853; x_wconf 91' lang='lat' dir='ltr'><strong>quod</strong></span> <span class='ocrx_word' id='word_1_693' title='bbox 1256 4785 1431 4855; x_wconf 89' lang='lat' dir='ltr'><strong>inquit</strong></span> <span class='ocrx_word' id='word_1_694' title='bbox 1466 4803 1479 4839; x_wconf 89' lang='lat'><strong>:</strong></span> <span class='ocrx_word' id='word_1_695' title='bbox 1519 4805 1537 4838; x_wconf 76' lang='grc' dir='ltr'>ι</span> <span class='ocrx_word' id='word_1_696' title='bbox 1576 4786 1649 4842; x_wconf 91' lang='lat' dir='ltr'><strong>De</strong></span> <span class='ocrx_word' id='word_1_697' title='bbox 1673 4803 1782 4857; x_wconf 91' lang='lat' dir='ltr'><strong>quo</strong></span> <span class='ocrx_word' id='word_1_698' title='bbox 1812 4786 1990 4856; x_wconf 89' lang='lat' dir='ltr'><strong>loqui-</strong></span> 
     </span>
    </p>
   </div>
   <div class='ocr_carea' id='block_1_96' title="bbox 410 4878 1984 4949">
    <p class='ocr_par' dir='ltr' id='par_1_96' title="bbox 410 4878 1984 4949">
     <span class='ocr_line' id='line_1_96' title="bbox 410 4878 1984 4949; baseline -0.003 -12"><span class='ocrx_word' id='word_1_699' title='bbox 410 4895 557 4944; x_wconf 86' lang='lat' dir='ltr'><strong>mur,</strong></span> <span class='ocrx_word' id='word_1_700' title='bbox 590 4899 610 4932; x_wconf 83' lang='grc' dir='ltr'><strong>ι</strong></span> <span class='ocrx_word' id='word_1_701' title='bbox 641 4881 792 4934; x_wconf 86' lang='lat' dir='ltr'><strong>illum</strong></span> <span class='ocrx_word' id='word_1_702' title='bbox 817 4879 1104 4949; x_wconf 69' lang='lat' dir='ltr'><strong>signiﬁcat,</strong></span> <span class='ocrx_word' id='word_1_703' title='bbox 1134 4893 1230 4947; x_wconf 91' lang='lat' dir='ltr'><strong>pro</strong></span> <span class='ocrx_word' id='word_1_704' title='bbox 1259 4892 1369 4947; x_wconf 92' lang='lat' dir='ltr'><strong>quo</strong></span> <span class='ocrx_word' id='word_1_705' title='bbox 1388 4878 1730 4935; x_wconf 81' lang='lat' dir='ltr'><strong>decertamus</strong></span> <span class='ocrx_word' id='word_1_706' title='bbox 1755 4880 1984 4935; x_wconf 88' lang='lat' dir='ltr'><strong>salutem</strong></span> 
     </span>
    </p>
   </div>
   <div class='ocr_carea' id='block_1_97' title="bbox 410 4970 1980 5043">
    <p class='ocr_par' dir='ltr' id='par_1_97' title="bbox 410 4970 1980 5043">
     <span class='ocr_line' id='line_1_97' title="bbox 410 4970 1980 5043; baseline -0.002 -14"><span class='ocrx_word' id='word_1_707' title='bbox 410 4973 674 5043; x_wconf 83' lang='lat' dir='ltr'><strong>consequi</strong></span> <span class='ocrx_word' id='word_1_708' title='bbox 715 4971 1018 5042; x_wconf 89' lang='lat' dir='ltr'><strong>cupientes.</strong></span> <span class='ocrx_word' id='word_1_709' title='bbox 1066 4970 1126 5025; x_wconf 89' lang='lat' dir='ltr'><strong>In</strong></span> <span class='ocrx_word' id='word_1_710' title='bbox 1170 4986 1237 5026; x_wconf 93' lang='lat' dir='ltr'><strong>eo</strong></span> <span class='ocrx_word' id='word_1_711' title='bbox 1280 4971 1389 5033; x_wconf 86' lang='lat' dir='ltr'><strong>die,</strong></span> <span class='ocrx_word' id='word_1_712' title='bbox 1439 4971 1615 5041; x_wconf 90' lang='lat' dir='ltr'><strong>inquit</strong></span> <span class='ocrx_word' id='word_1_713' title='bbox 1662 4972 1980 5041; x_wconf 82' lang='lat' dir='ltr'><strong>Apostolus,</strong></span> 
     </span>
    </p>
   </div>
   <div class='ocr_carea' id='block_1_98' title="bbox 412 5061 1989 5132">
    <p class='ocr_par' dir='ltr' id='par_1_98' title="bbox 412 5061 1989 5132">
     <span class='ocr_line' id='line_1_98' title="bbox 412 5061 1989 5132; baseline -0.003 -14"><span class='ocrx_word' id='word_1_714' title='bbox 412 5078 523 5119; x_wconf 88' lang='lat' dir='ltr'><strong>non</strong></span> <span class='ocrx_word' id='word_1_715' title='bbox 565 5062 715 5118; x_wconf 90' lang='lat' dir='ltr'><strong>dedit</strong></span> <span class='ocrx_word' id='word_1_716' title='bbox 752 5062 893 5118; x_wconf 90' lang='lat' dir='ltr'><strong>Deus</strong></span> <span class='ocrx_word' id='word_1_717' title='bbox 935 5069 1259 5132; x_wconf 88' lang='lat' dir='ltr'><strong>potestatem</strong></span> <span class='ocrx_word' id='word_1_718' title='bbox 1310 5061 1520 5130; x_wconf 84' lang='lat' dir='ltr'><strong>angelis</strong></span> <span class='ocrx_word' id='word_1_719' title='bbox 1550 5061 1814 5115; x_wconf 90' lang='lat' dir='ltr'><strong>mundum</strong></span> <span class='ocrx_word' id='word_1_720' title='bbox 1839 5061 1989 5130; x_wconf 81' lang='lat' dir='ltr'><strong>judi-</strong></span> 
     </span>
    </p>
   </div>
   <div class='ocr_carea' id='block_1_99' title="bbox 412 5152 1990 5225">
    <p class='ocr_par' dir='ltr' id='par_1_99' title="bbox 412 5152 1990 5225">
     <span class='ocr_line' id='line_1_99' title="bbox 412 5152 1990 5225; baseline -0.001 -16"><span class='ocrx_word' id='word_1_721' title='bbox 412 5155 592 5218; x_wconf 89' lang='lat' dir='ltr'><strong>candi,</strong></span> <span class='ocrx_word' id='word_1_722' title='bbox 618 5153 711 5209; x_wconf 79' lang='lat' dir='ltr'><strong>sed</strong></span> <span class='ocrx_word' id='word_1_723' title='bbox 743 5171 904 5211; x_wconf 76' lang='lat' dir='ltr'><strong>omne</strong></span> <span class='ocrx_word' id='word_1_724' title='bbox 940 5154 1208 5225; x_wconf 90' lang='lat' dir='ltr'><strong>judicium</strong></span> <span class='ocrx_word' id='word_1_725' title='bbox 1245 5152 1393 5207; x_wconf 89' lang='lat' dir='ltr'><strong>dedit</strong></span> <span class='ocrx_word' id='word_1_726' title='bbox 1427 5152 1564 5209; x_wconf 86' lang='lat' dir='ltr'><strong>Filio</strong></span> <span class='ocrx_word' id='word_1_727' title='bbox 1598 5170 1716 5209; x_wconf 93' lang='lat' dir='ltr'><strong>suo.</strong></span> <span class='ocrx_word' id='word_1_728' title='bbox 1757 5152 1822 5207; x_wconf 82' lang='lat' dir='ltr'><strong>Et</strong></span> <span class='ocrx_word' id='word_1_729' title='bbox 1863 5153 1990 5223; x_wconf 88' lang='lat' dir='ltr'><strong>quia</strong></span> 
     </span>
    </p>
   </div>
   <div class='ocr_carea' id='block_1_100' title="bbox 414 5246 1984 5317">
    <p class='ocr_par' dir='ltr' id='par_1_100' title="bbox 414 5246 1984 5317">
     <span class='ocr_line' id='line_1_100' title="bbox 414 5246 1984 5317; baseline -0.002 -16"><span class='ocrx_word' id='word_1_730' title='bbox 414 5246 585 5302; x_wconf 90' lang='lat' dir='ltr'><strong>Filius</strong></span> <span class='ocrx_word' id='word_1_731' title='bbox 614 5246 731 5309; x_wconf 91' lang='lat' dir='ltr'><strong>Dei,</strong></span> <span class='ocrx_word' id='word_1_732' title='bbox 761 5248 853 5316; x_wconf 92' lang='lat' dir='ltr'><strong>qui</strong></span> <span class='ocrx_word' id='word_1_733' title='bbox 885 5247 1047 5302; x_wconf 89' lang='lat' dir='ltr'><strong>etiam</strong></span> <span class='ocrx_word' id='word_1_734' title='bbox 1095 5247 1213 5317; x_wconf 90' lang='lat' dir='ltr'><strong>ipse</strong></span> <span class='ocrx_word' id='word_1_735' title='bbox 1246 5247 1388 5304; x_wconf 92' lang='lat' dir='ltr'><strong>Deus</strong></span> <span class='ocrx_word' id='word_1_736' title='bbox 1421 5257 1524 5310; x_wconf 89' lang='lat' dir='ltr'><strong>est,</strong></span> <span class='ocrx_word' id='word_1_737' title='bbox 1561 5247 1724 5301; x_wconf 84' lang='lat' dir='ltr'><strong>habet</strong></span> <span class='ocrx_word' id='word_1_738' title='bbox 1765 5261 1984 5300; x_wconf 91' lang='lat' dir='ltr'><strong>omnem</strong></span> 
     </span>
    </p>
   </div>
   <div class='ocr_carea' id='block_1_101' title="bbox 413 5334 1990 5407">
    <p class='ocr_par' dir='ltr' id='par_1_101' title="bbox 413 5334 1990 5407">
     <span class='ocr_line' id='line_1_101' title="bbox 413 5334 1990 5407; baseline 0.001 -20"><span class='ocrx_word' id='word_1_739' title='bbox 413 5341 737 5404; x_wconf 81' lang='lat' dir='ltr'><strong>potestatem</strong></span> <span class='ocrx_word' id='word_1_740' title='bbox 768 5334 1047 5404; x_wconf 84' lang='lat' dir='ltr'><strong>judicaudi</strong></span> <span class='ocrx_word' id='word_1_741' title='bbox 1092 5337 1380 5402; x_wconf 88' lang='lat' dir='ltr'><strong>mundum,</strong></span> <span class='ocrx_word' id='word_1_742' title='bbox 1415 5336 1545 5407; x_wconf 90' lang='lat' dir='ltr'><strong>quid</strong></span> <span class='ocrx_word' id='word_1_743' title='bbox 1596 5336 1817 5407; x_wconf 83' lang='lat' dir='ltr'><strong>passuri</strong></span> <span class='ocrx_word' id='word_1_744' title='bbox 1860 5341 1990 5391; x_wconf 91' lang='lat' dir='ltr'><strong>sunt</strong></span> 
     </span>
    </p>
   </div>
   <div class='ocr_carea' id='block_1_102' title="bbox 415 5418 1987 5497">
    <p class='ocr_par' dir='ltr' id='par_1_102' title="bbox 415 5418 1987 5497">
     <span class='ocr_line' id='line_1_102' title="bbox 415 5418 1987 5497; baseline 0.004 -25"><span class='ocrx_word' id='word_1_745' title='bbox 415 5418 476 5480; x_wconf 88' lang='lat' dir='ltr'><strong>ii,</strong></span> <span class='ocrx_word' id='word_1_746' title='bbox 507 5421 598 5490; x_wconf 80' lang='lat' dir='ltr'><strong>qui</strong></span> <span class='ocrx_word' id='word_1_747' title='bbox 634 5422 904 5478; x_wconf 73' lang='lat' dir='ltr'><strong>mundatis</strong></span> <span class='ocrx_word' id='word_1_748' title='bbox 938 5423 1059 5493; x_wconf 90' lang='lat' dir='ltr'><strong>ejus</strong></span> <span class='ocrx_word' id='word_1_749' title='bbox 1100 5441 1209 5480; x_wconf 92' lang='lat' dir='ltr'><strong>non</strong></span> <span class='ocrx_word' id='word_1_750' title='bbox 1254 5426 1739 5497; x_wconf 74' lang='lat' dir='ltr'><strong>obtemperarent?</strong></span> <span class='ocrx_word' id='word_1_751' title='bbox 1772 5424 1907 5479; x_wconf 88' lang='lat' dir='ltr'><strong>Nam</strong></span> <span class='ocrx_word' id='word_1_752' title='bbox 1939 5423 1987 5478; x_wconf 92' lang='lat' dir='ltr'><strong>si</strong></span> 
     </span>
    </p>
   </div>
   <div class='ocr_carea' id='block_1_103' title="bbox 416 5512 1991 5589">
    <p class='ocr_par' dir='ltr' id='par_1_103' title="bbox 416 5512 1991 5589">
     <span class='ocr_line' id='line_1_103' title="bbox 416 5512 1991 5589; baseline 0.007 -27"><span class='ocrx_word' id='word_1_753' title='bbox 416 5512 508 5579; x_wconf 88' lang='lat' dir='ltr'><strong>qui</strong></span> <span class='ocrx_word' id='word_1_754' title='bbox 538 5512 910 5571; x_wconf 89' lang='lat' dir='ltr'><strong>inobedientes</strong></span> <span class='ocrx_word' id='word_1_755' title='bbox 942 5515 1156 5573; x_wconf 82' lang='lat' dir='ltr'><strong>fuerunt</strong></span> <span class='ocrx_word' id='word_1_756' title='bbox 1183 5518 1287 5588; x_wconf 88' lang='lat' dir='ltr'><strong>legi</strong></span> <span class='ocrx_word' id='word_1_757' title='bbox 1307 5517 1500 5582; x_wconf 83' lang='lat' dir='ltr'><strong>veteri,</strong></span> <span class='ocrx_word' id='word_1_758' title='bbox 1530 5533 1650 5589; x_wconf 74' lang='lat' dir='ltr'><strong>quae</strong></span> <span class='ocrx_word' id='word_1_759' title='bbox 1685 5531 1781 5588; x_wconf 84' lang='lat' dir='ltr'><strong>per</strong></span> <span class='ocrx_word' id='word_1_760' title='bbox 1825 5532 1991 5589; x_wconf 87' lang='lat' dir='ltr'><strong>ange-</strong></span> 
     </span>
    </p>
   </div>
   <div class='ocr_carea' id='block_1_104' title="bbox 488 5630 1586 5709">
    <p class='ocr_par' dir='ltr' id='par_1_104' title="bbox 488 5630 1586 5709">
     <span class='ocr_line' id='line_1_104' title="bbox 488 5630 1586 5709; baseline 0.008 -25"><span class='ocrx_word' id='word_1_761' title='bbox 488 5630 617 5709; x_wconf 72' lang='lat' dir='ltr'><strong>&#39;_‘_l_l</strong></span> <span class='ocrx_word' id='word_1_762' title='bbox 646 5630 784 5685; x_wconf 86' lang='lat' dir='ltr'><strong>Tim.</strong></span> <span class='ocrx_word' id='word_1_763' title='bbox 816 5648 877 5709; x_wconf 69' lang='grc' dir='ltr'><strong>ιι,</strong></span> <span class='ocrx_word' id='word_1_764' title='bbox 909 5633 962 5691; x_wconf 90' lang='lat'><strong>7.</strong></span> <span class='ocrx_word' id='word_1_765' title='bbox 1090 5637 1135 5670; x_wconf 80' lang='lat'><strong>&quot;</strong></span> <span class='ocrx_word' id='word_1_766' title='bbox 1173 5636 1336 5697; x_wconf 84' lang='lat' dir='ltr'><strong>Hebr.</strong></span> <span class='ocrx_word' id='word_1_767' title='bbox 1374 5652 1465 5709; x_wconf 88' lang='grc' dir='ltr'>ιιι,</span> <span class='ocrx_word' id='word_1_768' title='bbox 1498 5637 1586 5693; x_wconf 82' lang='grc'><strong>17.</strong></span> 
     </span>
    </p>
   </div>
   <div class='ocr_carea' id='block_1_105' title="bbox 420 5698 869 5768">
    <p class='ocr_par' dir='ltr' id='par_1_105' title="bbox 420 5698 869 5768">
     <span class='ocr_line' id='line_1_105' title="bbox 420 5698 869 5768; baseline 0.011 -14"><span class='ocrx_word' id='word_1_769' title='bbox 420 5699 465 5732; x_wconf 77' lang='grc'><strong>⁸³</strong></span> <span class='ocrx_word' id='word_1_770' title='bbox 512 5698 674 5757; x_wconf 85' lang='lat' dir='ltr'><strong>llebr.</strong></span> <span class='ocrx_word' id='word_1_771' title='bbox 710 5718 782 5768; x_wconf 88' lang='grc' dir='ltr'><strong>ιι,</strong></span> <span class='ocrx_word' id='word_1_772' title='bbox 816 5703 869 5759; x_wconf 82' lang='lat'><strong>5.</strong></span> 
     </span>
    </p>
   </div>
   <div class='ocr_carea' id='block_1_106' title="bbox 1685 5636 2139 5705">
    <p class='ocr_par' dir='ltr' id='par_1_106' title="bbox 1685 5636 2139 5705">
     <span class='ocr_line' id='line_1_106' title="bbox 1685 5636 2139 5705; baseline 0.002 -11"><span class='ocrx_word' id='word_1_773' title='bbox 1685 5638 1732 5672; x_wconf 85' lang='grc'><strong><em>⁸³</em></strong></span> <span class='ocrx_word' id='word_1_774' title='bbox 1768 5636 1934 5696; x_wconf 80' lang='lat' dir='ltr'><strong>Hebr.</strong></span> <span class='ocrx_word' id='word_1_775' title='bbox 1968 5651 2043 5705; x_wconf 86' lang='grc' dir='ltr'><strong>ιι,</strong></span> <span class='ocrx_word' id='word_1_776' title='bbox 2082 5636 2139 5695; x_wconf 70' lang='lat'><strong>2.</strong></span> 
     </span>
    </p>
   </div>
   <div class='ocr_carea' id='block_1_107' title="bbox 2089 4513 3456 4590">
    <p class='ocr_par' dir='ltr' id='par_1_107' title="bbox 2089 4513 3456 4590">
     <span class='ocr_line' id='line_1_107' title="bbox 2089 4513 3456 4590; baseline -0.003 -17"><span class='ocrx_word' id='word_1_777' title='bbox 2089 4520 2363 4590; x_wconf 82' lang='grc' dir='ltr'>κθυμένην</span> <span class='ocrx_word' id='word_1_778' title='bbox 2392 4520 2490 4590; x_wconf 76' lang='grc' dir='ltr'>τὴν</span> <span class='ocrx_word' id='word_1_779' title='bbox 2514 4518 2832 4590; x_wconf 81' lang='grc' dir='ltr'>μέλλουσαν,</span> <span class='ocrx_word' id='word_1_780' title='bbox 2860 4518 2987 4590; x_wconf 78' lang='grc' dir='ltr'>περὶ</span> <span class='ocrx_word' id='word_1_781' title='bbox 3020 4513 3088 4588; x_wconf 73' lang='grc' dir='ltr'>ἧς</span> <span class='ocrx_word' id='word_1_782' title='bbox 3114 4517 3399 4589; x_wconf 87' lang='grc' dir='ltr'>λαλοῦμεν.</span> <span class='ocrx_word' id='word_1_783' title='bbox 3436 4537 3456 4569; x_wconf 81' lang='grc' dir='ltr'><strong>ι</strong></span> 
     </span>
    </p>
   </div>
   <div class='ocr_carea' id='block_1_108' title="bbox 2171 4610 3678 4683">
    <p class='ocr_par' dir='ltr' id='par_1_108' title="bbox 2171 4610 3678 4683">
     <span class='ocr_line' id='line_1_108' title="bbox 2171 4610 3678 4683; baseline 0.001 -20"><span class='ocrx_word' id='word_1_784' title='bbox 2171 4611 2400 4681; x_wconf 85' lang='grc' dir='ltr'>Ἐρμην.</span> <span class='ocrx_word' id='word_1_785' title='bbox 2429 4610 2766 4682; x_wconf 81' lang='grc' dir='ltr'>Οἰκουμένην</span> <span class='ocrx_word' id='word_1_786' title='bbox 2780 4610 2927 4678; x_wconf 83' lang='grc' dir='ltr'>λέγει</span> <span class='ocrx_word' id='word_1_787' title='bbox 2955 4611 3053 4680; x_wconf 81' lang='grc' dir='ltr'>τὴν</span> <span class='ocrx_word' id='word_1_788' title='bbox 3086 4611 3265 4683; x_wconf 80' lang='grc' dir='ltr'>κρίσιν</span> <span class='ocrx_word' id='word_1_789' title='bbox 3293 4612 3392 4680; x_wconf 82' lang='grc' dir='ltr'>τῆς</span> <span class='ocrx_word' id='word_1_790' title='bbox 3411 4610 3678 4683; x_wconf 81' lang='grc' dir='ltr'>δευτέρας</span> 
     </span>
    </p>
   </div>
   <div class='ocr_carea' id='block_1_109' title="bbox 2091 4700 3679 4775">
    <p class='ocr_par' dir='ltr' id='par_1_109' title="bbox 2091 4700 3679 4775">
     <span class='ocr_line' id='line_1_109' title="bbox 2091 4700 3679 4775; baseline 0.003 -23"><span class='ocrx_word' id='word_1_791' title='bbox 2091 4700 2410 4771; x_wconf 88' lang='grc' dir='ltr'>παρουσίας,</span> <span class='ocrx_word' id='word_1_792' title='bbox 2462 4701 2592 4755; x_wconf 84' lang='grc' dir='ltr'>ὅταν</span> <span class='ocrx_word' id='word_1_793' title='bbox 2655 4701 2924 4755; x_wconf 83' lang='grc' dir='ltr'>ἀποδώσει</span> <span class='ocrx_word' id='word_1_794' title='bbox 2974 4702 3188 4773; x_wconf 79' lang='grc' dir='ltr'>ἑκάστῳ</span> <span class='ocrx_word' id='word_1_795' title='bbox 3237 4702 3381 4756; x_wconf 84' lang='grc' dir='ltr'><strong>κατά</strong></span> <span class='ocrx_word' id='word_1_796' title='bbox 3422 4702 3494 4756; x_wconf 89' lang='grc' dir='ltr'><strong>τά</strong></span> <span class='ocrx_word' id='word_1_797' title='bbox 3535 4703 3679 4775; x_wconf 79' lang='grc' dir='ltr'>ἔργα</span> 
     </span>
    </p>
   </div>
   <div class='ocr_carea' id='block_1_110' title="bbox 2091 4786 3679 4863">
    <p class='ocr_par' dir='ltr' id='par_1_110' title="bbox 2091 4786 3679 4863">
     <span class='ocr_line' id='line_1_110' title="bbox 2091 4786 3679 4863; baseline 0.003 -22"><span class='ocrx_word' id='word_1_798' title='bbox 2091 4787 2276 4842; x_wconf 73' lang='grc' dir='ltr'>αὐτοῦ.</span> <span class='ocrx_word' id='word_1_799' title='bbox 2312 4788 2418 4843; x_wconf 93' lang='grc' dir='ltr'>Τοῦ</span> <span class='ocrx_word' id='word_1_800' title='bbox 2446 4789 2503 4842; x_wconf 81' lang='grc' dir='ltr'>δὲ</span> <span class='ocrx_word' id='word_1_801' title='bbox 2532 4809 2549 4840; x_wconf 80' lang='grc' dir='ltr'><strong>ι</strong></span> <span class='ocrx_word' id='word_1_802' title='bbox 2587 4792 2722 4863; x_wconf 73' lang='grc' dir='ltr'>Περὶ</span> <span class='ocrx_word' id='word_1_803' title='bbox 2749 4786 2817 4862; x_wconf 83' lang='grc' dir='ltr'>ἦς</span> <span class='ocrx_word' id='word_1_804' title='bbox 2844 4790 3131 4861; x_wconf 84' lang='grc' dir='ltr'>λαλοῦμεν,</span> <span class='ocrx_word' id='word_1_805' title='bbox 3170 4810 3188 4843; x_wconf 77' lang='grc' dir='ltr'><strong>ι</strong></span> <span class='ocrx_word' id='word_1_806' title='bbox 3217 4792 3335 4862; x_wconf 73' lang='grc' dir='ltr'>ἦτοι</span> <span class='ocrx_word' id='word_1_807' title='bbox 3358 4791 3487 4863; x_wconf 80' lang='grc' dir='ltr'><strong>περὶ</strong></span> <span class='ocrx_word' id='word_1_808' title='bbox 3531 4793 3679 4845; x_wconf 76' lang='grc' dir='ltr'>ὲκείο</span> 
     </span>
    </p>
   </div>
   <div class='ocr_carea' id='block_1_111' title="bbox 2091 4876 3677 4953">
    <p class='ocr_par' dir='ltr' id='par_1_111' title="bbox 2091 4876 3677 4953">
     <span class='ocr_line' id='line_1_111' title="bbox 2091 4876 3677 4953; baseline 0.002 -20"><span class='ocrx_word' id='word_1_809' title='bbox 2091 4896 2191 4949; x_wconf 89' lang='grc' dir='ltr'><strong>νης</strong></span> <span class='ocrx_word' id='word_1_810' title='bbox 2221 4876 2289 4951; x_wconf 79' lang='grc' dir='ltr'>ἧς</span> <span class='ocrx_word' id='word_1_811' title='bbox 2346 4880 2743 4953; x_wconf 78' lang='grc' dir='ltr'>ἀγωνιζόμεθα,</span> <span class='ocrx_word' id='word_1_812' title='bbox 2785 4883 2877 4936; x_wconf 64' lang='grc' dir='ltr'><strong>καὶ</strong></span> <span class='ocrx_word' id='word_1_813' title='bbox 2912 4881 3279 4952; x_wconf 80' lang='grc' dir='ltr'>σπουδάζομεν</span> <span class='ocrx_word' id='word_1_814' title='bbox 3316 4882 3519 4946; x_wconf 82' lang='grc' dir='ltr'>πάντες</span> <span class='ocrx_word' id='word_1_815' title='bbox 3565 4900 3677 4936; x_wconf 86' lang='grc' dir='ltr'>σω-</span> 
     </span>
    </p>
   </div>
   <div class='ocr_carea' id='block_1_112' title="bbox 2091 4970 3678 5046">
    <p class='ocr_par' dir='ltr' id='par_1_112' title="bbox 2091 4970 3678 5046">
     <span class='ocr_line' id='line_1_112' title="bbox 2091 4970 3678 5046; baseline 0.002 -21"><span class='ocrx_word' id='word_1_816' title='bbox 2091 4970 2271 5042; x_wconf 72' lang='grc' dir='ltr'>θῆναι.</span> <span class='ocrx_word' id='word_1_817' title='bbox 2302 4973 2517 5043; x_wconf 88' lang='grc' dir='ltr'>Ταύτην</span> <span class='ocrx_word' id='word_1_818' title='bbox 2546 4972 2640 5044; x_wconf 80' lang='grc' dir='ltr'>τὴν</span> <span class='ocrx_word' id='word_1_819' title='bbox 2678 4974 2911 5046; x_wconf 80' lang='grc' dir='ltr'>ἡμέραν,</span> <span class='ocrx_word' id='word_1_820' title='bbox 2945 4974 3092 5043; x_wconf 87' lang='grc' dir='ltr'>λέγει</span> <span class='ocrx_word' id='word_1_821' title='bbox 3121 4977 3149 5027; x_wconf 88' lang='grc' dir='ltr'>ὁ</span> <span class='ocrx_word' id='word_1_822' title='bbox 3189 4973 3530 5039; x_wconf 83' lang='grc' dir='ltr'>Ἀπόστολος,</span> <span class='ocrx_word' id='word_1_823' title='bbox 3575 4976 3678 5028; x_wconf 74' lang='grc' dir='ltr'><strong>οὐκ</strong></span> 
     </span>
    </p>
   </div>
   <div class='ocr_carea' id='block_1_113' title="bbox 2088 5062 3678 5135">
    <p class='ocr_par' dir='ltr' id='par_1_113' title="bbox 2088 5062 3678 5135">
     <span class='ocr_line' id='line_1_113' title="bbox 2088 5062 3678 5135; baseline 0 -18"><span class='ocrx_word' id='word_1_824' title='bbox 2088 5062 2289 5117; x_wconf 77' lang='grc' dir='ltr'>ἔδωκεν</span> <span class='ocrx_word' id='word_1_825' title='bbox 2334 5065 2363 5117; x_wconf 89' lang='lat'><strong>6</strong></span> <span class='ocrx_word' id='word_1_826' title='bbox 2409 5064 2539 5128; x_wconf 88' lang='grc' dir='ltr'>Θεὸς</span> <span class='ocrx_word' id='word_1_827' title='bbox 2589 5064 2836 5129; x_wconf 79' lang='grc' dir='ltr'>ἐξουσίαν</span> <span class='ocrx_word' id='word_1_828' title='bbox 2892 5068 3004 5129; x_wconf 82' lang='grc' dir='ltr'>τοῖς</span> <span class='ocrx_word' id='word_1_829' title='bbox 3061 5064 3311 5132; x_wconf 84' lang='grc' dir='ltr'>ἀγγέλοις</span> <span class='ocrx_word' id='word_1_830' title='bbox 3356 5067 3542 5135; x_wconf 91' lang='grc' dir='ltr'>κρῖναι</span> <span class='ocrx_word' id='word_1_831' title='bbox 3583 5064 3678 5117; x_wconf 78' lang='grc' dir='ltr'>τὸν</span> 
     </span>
    </p>
   </div>
   <div class='ocr_carea' id='block_1_114' title="bbox 2088 5154 3681 5226">
    <p class='ocr_par' dir='ltr' id='par_1_114' title="bbox 2088 5154 3681 5226">
     <span class='ocr_line' id='line_1_114' title="bbox 2088 5154 3681 5226; baseline 0 -19"><span class='ocrx_word' id='word_1_832' title='bbox 2088 5154 2314 5226; x_wconf 86' lang='grc' dir='ltr'>κόσμον,</span> <span class='ocrx_word' id='word_1_833' title='bbox 2350 5154 2489 5208; x_wconf 85' lang='grc' dir='ltr'>ἀλλὰ</span> <span class='ocrx_word' id='word_1_834' title='bbox 2517 5155 2614 5225; x_wconf 83' lang='grc' dir='ltr'><strong>τὴν</strong></span> <span class='ocrx_word' id='word_1_835' title='bbox 2647 5155 2828 5225; x_wconf 90' lang='grc' dir='ltr'>κρίσιν</span> <span class='ocrx_word' id='word_1_836' title='bbox 2861 5157 3042 5209; x_wconf 80' lang='grc' dir='ltr'>πᾶσαν</span> <span class='ocrx_word' id='word_1_837' title='bbox 3082 5155 3279 5209; x_wconf 87' lang='grc' dir='ltr'>δέδωκε</span> <span class='ocrx_word' id='word_1_838' title='bbox 3313 5155 3392 5226; x_wconf 82' lang='grc' dir='ltr'><strong>τῷ</strong></span> <span class='ocrx_word' id='word_1_839' title='bbox 3428 5155 3541 5226; x_wconf 82' lang='grc' dir='ltr'><strong>Υἱῷ</strong></span> <span class='ocrx_word' id='word_1_840' title='bbox 3577 5156 3681 5209; x_wconf 79' lang='grc' dir='ltr'>αύ-</span> 
     </span>
    </p>
   </div>
   <div class='ocr_carea' id='block_1_115' title="bbox 2086 5242 3678 5314">
    <p class='ocr_par' dir='ltr' id='par_1_115' title="bbox 2086 5242 3678 5314">
     <span class='ocr_line' id='line_1_115' title="bbox 2086 5242 3678 5314; baseline -0.002 -16"><span class='ocrx_word' id='word_1_841' title='bbox 2086 5244 2204 5299; x_wconf 90' lang='grc' dir='ltr'>τοῦ.</span> <span class='ocrx_word' id='word_1_842' title='bbox 2249 5245 2360 5299; x_wconf 76' lang='grc' dir='ltr'>Καὶ</span> <span class='ocrx_word' id='word_1_843' title='bbox 2415 5246 2538 5298; x_wconf 78' lang='grc' dir='ltr'>ἐπεὶ</span> <span class='ocrx_word' id='word_1_844' title='bbox 2578 5248 2607 5299; x_wconf 92' lang='lat'><strong>6</strong></span> <span class='ocrx_word' id='word_1_845' title='bbox 2636 5246 2762 5311; x_wconf 79' lang='grc' dir='ltr'>Υἱὸς</span> <span class='ocrx_word' id='word_1_846' title='bbox 2811 5244 2904 5299; x_wconf 88' lang='grc' dir='ltr'><strong>τοῦ</strong></span> <span class='ocrx_word' id='word_1_847' title='bbox 2947 5242 3082 5298; x_wconf 85' lang='grc' dir='ltr'>Θεοῦ</span> <span class='ocrx_word' id='word_1_848' title='bbox 3127 5244 3221 5297; x_wconf 74' lang='grc' dir='ltr'><strong>καὶ</strong></span> <span class='ocrx_word' id='word_1_849' title='bbox 3253 5243 3387 5307; x_wconf 83' lang='grc' dir='ltr'>Θεὸς</span> <span class='ocrx_word' id='word_1_850' title='bbox 3412 5244 3527 5314; x_wconf 76' lang='grc' dir='ltr'>ἔχει</span> <span class='ocrx_word' id='word_1_851' title='bbox 3574 5243 3678 5314; x_wconf 81' lang='grc' dir='ltr'>τὴν</span> 
     </span>
    </p>
   </div>
   <div class='ocr_carea' id='block_1_116' title="bbox 2089 5336 3693 5411">
    <p class='ocr_par' dir='ltr' id='par_1_116' title="bbox 2089 5336 3693 5411">
     <span class='ocr_line' id='line_1_116' title="bbox 2089 5336 3693 5411; baseline 0 -22"><span class='ocrx_word' id='word_1_852' title='bbox 2089 5336 2333 5403; x_wconf 76' lang='grc' dir='ltr'>ἐξουσίαν</span> <span class='ocrx_word' id='word_1_853' title='bbox 2357 5339 2534 5392; x_wconf 82' lang='grc' dir='ltr'>πᾶσαν</span> <span class='ocrx_word' id='word_1_854' title='bbox 2567 5342 2745 5411; x_wconf 89' lang='grc' dir='ltr'>κρῖναι</span> <span class='ocrx_word' id='word_1_855' title='bbox 2780 5338 2869 5392; x_wconf 84' lang='grc' dir='ltr'><strong>τὸν</strong></span> <span class='ocrx_word' id='word_1_856' title='bbox 2890 5338 3112 5408; x_wconf 89' lang='grc' dir='ltr'>κόσμον,</span> <span class='ocrx_word' id='word_1_857' title='bbox 3147 5336 3198 5390; x_wconf 87' lang='grc' dir='ltr'><strong>τί</strong></span> <span class='ocrx_word' id='word_1_858' title='bbox 3240 5336 3524 5409; x_wconf 72' lang='grc' dir='ltr'>μέλλονται</span> <span class='ocrx_word' id='word_1_859' title='bbox 3565 5337 3693 5388; x_wconf 52' lang='grc' dir='ltr'><strong>παέ</strong></span> 
     </span>
    </p>
   </div>
   <div class='ocr_carea' id='block_1_117' title="bbox 2095 5423 3678 5501">
    <p class='ocr_par' dir='ltr' id='par_1_117' title="bbox 2095 5423 3678 5501">
     <span class='ocr_line' id='line_1_117' title="bbox 2095 5423 3678 5501; baseline -0.001 -24"><span class='ocrx_word' id='word_1_860' title='bbox 2095 5423 2207 5477; x_wconf 87' lang='grc' dir='ltr'>θεῖν</span> <span class='ocrx_word' id='word_1_861' title='bbox 2232 5427 2279 5478; x_wconf 94' lang='grc' dir='ltr'><strong>οί</strong></span> <span class='ocrx_word' id='word_1_862' title='bbox 2325 5425 2766 5501; x_wconf 87' lang='grc' dir='ltr'>παρακούσαντες</span> <span class='ocrx_word' id='word_1_863' title='bbox 2793 5426 2863 5479; x_wconf 79' lang='grc' dir='ltr'>τὰ</span> <span class='ocrx_word' id='word_1_864' title='bbox 2915 5427 3311 5498; x_wconf 86' lang='grc' dir='ltr'>προστάγματα</span> <span class='ocrx_word' id='word_1_865' title='bbox 3362 5423 3562 5487; x_wconf 85' lang='grc' dir='ltr'>αύτοῦ;</span> <span class='ocrx_word' id='word_1_866' title='bbox 3610 5424 3678 5476; x_wconf 72' lang='lat' dir='ltr'><strong>Et</strong></span> 
     </span>
    </p>
   </div>
   <div class='ocr_carea' id='block_1_118' title="bbox 2095 5512 3676 5593">
    <p class='ocr_par' dir='ltr' id='par_1_118' title="bbox 2095 5512 3676 5593">
     <span class='ocr_line' id='line_1_118' title="bbox 2095 5512 3676 5593; baseline -0.004 -22"><span class='ocrx_word' id='word_1_867' title='bbox 2095 5517 2206 5593; x_wconf 71' lang='grc' dir='ltr'><strong>γὰρ</strong></span> <span class='ocrx_word' id='word_1_868' title='bbox 2226 5518 2277 5571; x_wconf 78' lang='grc' dir='ltr'>οἱ</span> <span class='ocrx_word' id='word_1_869' title='bbox 2305 5518 2750 5590; x_wconf 83' lang='grc' dir='ltr'>παρακούσαντες</span> <span class='ocrx_word' id='word_1_870' title='bbox 2776 5517 2868 5571; x_wconf 81' lang='grc' dir='ltr'><strong>τὸν</strong></span> <span class='ocrx_word' id='word_1_871' title='bbox 2897 5516 3126 5571; x_wconf 73' lang='grc' dir='ltr'>παλαιὸν</span> <span class='ocrx_word' id='word_1_872' title='bbox 3154 5515 3317 5586; x_wconf 90' lang='grc' dir='ltr'>νόμον</span> <span class='ocrx_word' id='word_1_873' title='bbox 3346 5513 3439 5567; x_wconf 80' lang='grc' dir='ltr'>τὸν</span> <span class='ocrx_word' id='word_1_874' title='bbox 3484 5512 3552 5565; x_wconf 84' lang='grc' dir='ltr'>δι’</span> <span class='ocrx_word' id='word_1_875' title='bbox 3576 5512 3676 5580; x_wconf 87' lang='grc' dir='ltr'>ἀγ-</span> 
     </span>
    </p>
   </div>
   <div class='ocr_carea' id='block_1_119' title="bbox 2244 5630 3677 5709">
    <p class='ocr_par' dir='ltr' id='par_1_119' title="bbox 2244 5630 3677 5709">
     <span class='ocr_line' id='line_1_119' title="bbox 2244 5630 3677 5709; baseline -0.008 -13"><span class='ocrx_word' id='word_1_876' title='bbox 2244 5640 2316 5675; x_wconf 76' lang='grc'><strong>⁸⁸⁶</strong></span> <span class='ocrx_word' id='word_1_877' title='bbox 2357 5640 2560 5699; x_wconf 79' lang='lat' dir='ltr'><strong>Cenes.</strong></span> <span class='ocrx_word' id='word_1_878' title='bbox 2594 5655 2678 5709; x_wconf 86' lang='grc' dir='ltr'>ιιι,</span> <span class='ocrx_word' id='word_1_879' title='bbox 2729 5638 2914 5697; x_wconf 83' lang='lat' dir='ltr'><strong>l7-l9.</strong></span> <span class='ocrx_word' id='word_1_880' title='bbox 3021 5637 3067 5673; x_wconf 72' lang='lat'><em>“</em></span> <span class='ocrx_word' id='word_1_881' title='bbox 3104 5635 3304 5693; x_wconf 81' lang='lat' dir='ltr'><strong>Cenes.</strong></span> <span class='ocrx_word' id='word_1_882' title='bbox 3332 5647 3425 5707; x_wconf 70' lang='grc' dir='ltr'><strong>ιν,</strong></span> <span class='ocrx_word' id='word_1_883' title='bbox 3480 5630 3677 5689; x_wconf 68' lang='lat' dir='ltr'><strong>lO—la.</strong></span> 
     </span>
    </p>
   </div>
  </div>
