3852 6192
143 286 250 348 76')

1154 283 1621 354 QUIESTIONES
1657 284 1727 341 IN
1763 283 2147 343 EPISTOLAS
2180 283 2415 345 PAULI.

3305 292 3407 348 ’ΠΟ

140 405 316 477 γέλων
339 403 582 468 δοθέντα,
607 402 847 459 τοσαῦτα
874 402 1077 460 ἔπαθον
1095 443 1112 470 ,
1139 404 1343 477 καίπερ
1365 405 1486 460 οὐδὲ
1517 404 1718 478 κριτῶν

1837 408 1908 463 los
1928 415 2013 463 est
2048 407 2181 473 lata,
2208 413 2363 462 tanta
2392 404 2540 478 passi
2572 413 2722 476 sunt,
2748 406 2915 479 quue
2941 422 3055 464 non
3088 393 3298 480 angelis
3319 411 3409 481 ju-

139 497 310 550 δντων
347 493 444 548 τοῦ
492 494 695 566 κόσμου
718 496 827 550 τῶν
871 495 1143 566 ἀγγέλων·
1186 497 1241 551 τί
1273 497 1340 552 ἂν
1369 497 1617 552 πάθωσιν
1673 500 1721 552 οί

139 590 232 643 τὸν
252 588 520 658 δεσπότην
549 589 995 660 παρακούσαντες
1013 605 1028 655 ;

206 681 480 752 Κείμενον
508 687 648 753 ρκγ’.
677 700 697 732 ι
720 681 784 734 Τί
809 683 956 735 ἐστιν
977 681 1283 753 ἄνθρωπος,
1316 683 1400 736 ὅτι
1437 683 1720 754 μιμνήσκῃ

140 770 303 823 αὐτοῦ
324 786 339 835 ;
374 789 394 821 ι

222 862 449 933 Ἐρμην.
484 861 803 930 Ἄνθρωπον
830 862 925 916 καὶ
962 861 1074 916 υξδν
1104 861 1390 935 ἀνθρώπου
1436 862 1528 916 τὸν
1582 863 1722 935 Χρι-

141 953 264 1005 στὸν
306 954 475 1020 λέγει,
531 952 712 1016 καθώς
759 956 874 1007 ἐστι
919 954 1059 1007 κατὰ
1093 954 1269 1008 πάντα
1313 954 1596 1025 όμοούσιος
1643 953 1724 1026 τῷ

136 1046 340 1117 Πατρὶ,
367 1045 444 1107 ὡς
461 1044 663 1108 τέλειος
686 1045 818 1110 Θεὸς
838 1048 933 1099 καὶ
954 1046 1157 1110 τέλειος
1184 1046 1488 1118 άνθρωπες.

210 1138 479 1208 Κείμενον
512 1137 640 1208 ρκδ.
673 1157 691 1190 ι
734 1138 1075 1203 Ἠλάττωσας
1106 1138 1268 1193 αὐτὸν
1300 1138 1471 1209 βραχύ
1505 1154 1558 1193 τι
1591 1140 1719 1209 παρ’

134 1232 425 1299 ἀγγέλους.
467 1251 486 1282 ι

221 1324 450 1393 Ἐρμην.
502 1323 684 1395 Βραχὺ
743 1323 1029 1394 ἐλάττωμα
1063 1323 1231 1393 λέγει,
1258 1325 1340 1378 ὅτι
1392 1324 1646 1395 ἐποίησεν
1693 1326 1722 1379 ό

137 1414 376 1485 Χριστὶς
408 1416 465 1468 ὲν
494 1413 574 1485 τῷ
600 1414 704 1488 ᾅδῃ
729 1418 876 1487 τρεῖς
905 1416 1120 1488 ἡμέρας
1166 1417 1259 1470 καὶ
1293 1419 1445 1489 τρεῖς
1495 1418 1717 1481 νύκτας.

210 1595 481 1665 Κείμενον
535 1599 665 1666 ρκεν.
718 1612 738 1645 ι
786 1593 892 1647 Τὸν
944 1594 1001 1647 δὲ
1052 1593 1227 1666 βραχὺ
1270 1595 1400 1665 παρ’
1454 1594 1721 1663 ἀγγέλους

134 1687 517 1756 ἠλαττωμένον
562 1685 830 1757 βλέπομεν
875 1687 1080 1758 Ἰησοῦν
1125 1687 1214 1741 διὰ
1258 1687 1319 1740 τὸ
1365 1688 1593 1759 πάθημα
1623 1688 1718 1741 τοῦ

1827 499 2139 556 dicantibus
2164 500 2450 564 mundum,
2484 499 2742 569 quidnam
2772 499 2852 554 illi
2880 501 3155 572 patientur
3176 504 3269 573 qui
3297 519 3409 559 non

1829 592 2095 646 obediunt
2120 592 2221 662 ipsi
2247 590 2519 646 Domino?

1896 681 2060 738 PBOP.
2095 682 2327 739 CXXIII.
2368 702 2387 735 ι
2424 683 2565 750 Quid
2598 689 2685 739 est
2708 682 2893 749 homo,
2925 683 3071 753 quod
3107 699 3320 740 memor
3345 700 3408 742 es
3522 738 3533 755 ,

1827 775 1947 845 ejus
1979 774 2064 828 ὀἳ
2104 794 2123 827 ι

1898 865 2224 920 Ιιιτειιιιιιετ.
2261 863 2546 919 Hominem
2577 870 2632 919 et
2659 863 2830 918 ﬁlium
2854 864 3096 919 hominis
3122 863 3408 919 Christum

1827 956 1980 1020 dicit,
2030 955 2173 1011 sicut
2218 962 2301 1009 est
2352 969 2450 1024 per
2494 953 2679 1008 omnia
2712 937 3406 1019 εοηειὼειεηιίειὶε’νεα-ἰ,

1825 1054 2092 1113 tanquam
2127 1045 2406 1117 perfectus
2439 1043 2582 1100 Deus
2603 1052 2658 1099 et
2681 1044 2957 1115 perfectus
2982 1045 3167 1101 homo.

1898 1138 2064 1193 Pnor.
2095 1136 2334 1193 CXXIV.
2374 1157 2394 1190 ι
2440 1136 2687 1192 Minuisti
2731 1154 2856 1194 eum
2901 1139 3066 1208 paulo
3116 1140 3303 1195 minus
3342 1139 3412 1194 ab

1827 1232 2035 1301 angelis
2062 1231 2129 1283 ⁸⁷.
2153 1251 2172 1283 ι

1899 1325 2228 1378 laruarum.
2302 1321 2590 1393 Paulisper
2659 1323 2973 1379 inferiorem
3043 1324 3197 1389 dicit,
3275 1326 3409 1396 quia

1772 1470 1783 1483 ,
1829 1413 2086 1470 Christus
2111 1414 2256 1485 apud
2285 1416 2490 1470 inferos
2522 1416 2697 1471 tribus
2726 1416 2919 1471 diebus
2941 1417 3196 1472 et-tribus
3228 1418 3410 1473 nocti-

1826 1504 1932 1559 bus
1966 1504 2089 1558 fuit.

1897 1598 2063 1668 279
2109 1597 2275 1654 PROP.
2321 1596 2536 1654 CXXV.
2583 1616 2602 1649 ι
2654 1598 2792 1652 Eum
2835 1606 3015 1654 autem
3053 1599 3148 1670 qui
3182 1600 3402 1656 modico

1827 1706 1990 1761 quam
2020 1693 2195 1761 angeli
2240 1693 2545 1746 minoratus
2570 1698 2674 1753 est,
2700 1692 2948 1745 videmus
2977 1691 3161 1745 .lesnm
3188 1702 3412 1763 propter

134 1778 367 1831 θανάτου
392 1778 515 1849 δόξῃ
537 1781 629 1833 καὶ
647 1783 779 1851 τιμῇ
796 1780 1239 1851 ἐστεφανωμένον
1261 1781 1319 1833 ἐν
1332 1780 1410 1851 τῷ
1425 1780 1660 1852 θανάτῳ.
1698 1800 1717 1833 ι

1837 1786 2137 1854 passionem
2168 1786 2361 1839 mortis
2394 1786 2565 1854 gloria
2598 1791 2654 1839 ct
2680 1785 2886 1839 honore
2917 1794 3238 1839 coronatum
3270 1786 3337 1840 ⁸⁸.
3386 1805 3406 1839 ι

217 1873 449 1943 Ἐρμην.
483 1873 618 1938 Δόξα
642 1874 750 1944 γὰρ
778 1873 870 1926 καὶ
896 1873 1029 1944 τιμὴ
1059 1873 1152 1926 τοῦ
1184 1871 1423 1945 Χριστοῦ
1450 1874 1680 1945 σταυρός
1698 1891 1711 1904 ·

135 1963 326 2034 ἐπειδὴ
375 1964 544 2036 μυρία
590 1963 772 2030 ἀγαθὰ
812 1963 900 2017 διὰ
936 1964 1031 2017 τοῦ
1085 1965 1318 2036 σταυροῦ
1352 1965 1602 2033 ἐγένετο·
1637 1966 1719 2019 ὅτι

136 2056 367 2120 θάνατος
393 2056 864 2127 καταπεπάτηται,
897 2059 990 2111 καὶ
1021 2057 1233 2129 κατάρα
1264 2057 1716 2131 ἐξωστράκισται,

132 2148 161 2199 ὁ
195 2147 330 2218 ᾇδης
360 2146 702 2211 ἐσκύλευται,
727 2148 760 2218 ἠ
791 2147 1031 2218 ἁμαρτία
1059 2147 1373 2217 ἠφάνισται,
1408 2149 1441 2220 ἡ
1473 2148 1721 2220 παράϐα-

136 2256 221 2303 σις
252 2241 616 2311 κατήργηται,
639 2242 672 2311 ἡ
702 2240 864 2309 φύσις
885 2241 992 2294 τῶν
1023 2240 1324 2313 ἀνθρώπων
1348 2242 1449 2312 τῆς
1475 2242 1721 2307 δουλείας

131 2329 244 2380 τῶν
277 2329 467 2381 παθῶν
500 2330 890 2400 ὴλευθέρωται,
918 2330 1164 2393 διάϐολος
1191 2331 1510 2403 ὲδεσμεύθη,
1545 2349 1721 2400 σωτη-

136 2421 229 2490 ρία
255 2418 551 2491 ἐφυτεύθη,
582 2421 877 2484 ἀνάστασις
902 2421 1228 2494 ἐγνωρίσθη,
1255 2424 1423 2477 κακία
1443 2424 1718 2496 ἀπηλάθη,

133 2510 248 2580 ζωὴ
272 2510 572 2579 ὲπήγασεν,
597 2510 1011 2577 εἰδωλολατρεία
1041 2509 1223 2582 ἐλύθη·
1243 2511 1305 2564 τὸ
1324 2511 1380 2563 δὲ
1408 2512 1720 2583 θαυμαστό-

131 2619 315 2673 τερον,
344 2602 428 2654 ὃτι
452 2601 544 2654 καὶ
568 2602 721 2655 αὐτοὶ
749 2603 798 2654 οί
829 2603 1043 2673 ἀρχαῖοι
1070 2602 1165 2655 καὶ
1197 2603 1418 2656 παλαιοὶ
1444 2604 1720 2675 προφῆται

131 2692 564 2762 ὲΰαπτίσθησαν,
601 2695 664 2746 ἐκ
695 2694 789 2746 τοῦ
828 2694 1117 2765 ρεύσαντος
1151 2694 1380 2765 αἵματος
1407 2696 1501 2748 καὶ
1532 2695 1721 2760 ὕδατος

131 2787 199 2838 ἐκ
245 2785 348 2854 τῆς
395 2785 635 2857 πλευρᾶς
664 2786 756 2839 τοῦ
805 2786 1063 2858 Χριστοῦ.
1103 2788 1212 2841 Καὶ
1266 2786 1417 2853 πῶς,
1464 2787 1717 2842 ἄκουσον.

142 2879 368 2950 Ἐπειδὴ
397 2881 459 2932 ἐκ
490 2879 772 2950 τεσσάρων
807 2880 1087 2949 στοιχείων
1127 2880 1439 2933 συνίσταται
1463 2880 1525 2932 τὸ
1561 2879 1721 2950 σῶμα

128 2972 229 3024 τοῦ
271 2971 593 3045 ἀνθρώπου,
634 2973 791 3027 πάλιν
830 2972 969 3045 μετὰ
1001 2972 1230 3028 θάνατον
1273 2974 1353 3036 εἰς
1403 2973 1542 3026 αὐτὰ
1583 2975 1719 3027 ἀνα-

128 3064 337 3119 λύεται.
374 3065 530 3118 Οῦτω
555 3066 619 3138 δὴ
651 3066 840 3136 γέγονε
876 3067 969 3120 καὶ
997 3051 1088 3120 ἐπὶ
1121 3066 1215 3120 τοῦ
1246 3064 1511 3138 Χριστοῦ·
1544 3067 1625 3120 ὅτι
1658 3065 1719 3119 τὸ

1893 1873 2111 1930 Iurene.
2156 1876 2338 1929 Gloria
2375 1883 2429 1930 et
2478 1876 2656 1929 honor
2680 1876 2907 1937 Christi,
2941 1892 3075 1930 crux
3103 1885 3187 1931 est
3231 1894 3246 1931 :
3280 1879 3411 1947 quia

1820 1968 2109 2023 innumera
2160 1967 2300 2021 bona
2343 1983 2441 2038 per
2467 1982 2685 2023 crucem
2738 1970 3038 2038 contigere,
3087 1971 3410 2026 conculcata

1819 2076 2057 2130 namque
2084 2067 2168 2115 est
2200 2074 2370 2122 mors,
2408 2067 2459 2113 et
2501 2061 2556 2113 in
2602 2058 2856 2114 exsilium
2907 2060 3141 2129 relegata
3189 2060 3413 2116 maledi-

1819 2152 1929 2206 ctio
1959 2169 1973 2205 :
2004 2151 2250 2205 infernus
2279 2151 2525 2220 direptus
2558 2161 2659 2216 est,
2687 2160 2969 2220 peccatum
2996 2163 3082 2206 est
3114 2153 3407 2217 abolitum,

1822 2243 2190 2313 transgressio
2209 2243 2460 2313 lsuhlata,
2488 2253 2683 2297 natura
2708 2244 2986 2297 hominum
3016 2246 3085 2299 ab
3112 2244 3408 2300 atra-tuum

1821 2336 2083 2391 servitute
2134 2336 2398 2399 liberata,
2454 2335 2709 2389 diabolus
2773 2344 2858 2389 est
2908 2337 3131 2404 ligatus,
3163 2338 3411 2406 plantata

1819 2433 1904 2480 est
1953 2427 2124 2491 salus,
2188 2426 2527 2480 resurrectio
2575 2432 2661 2479 est
2715 2426 3007 2494 patefacta,
3067 2428 3274 2480 malitia
3325 2434 3411 2482 est

1821 2517 2038 2579 abacta,
2074 2517 2185 2571 vita
2217 2517 2376 2587 quasi
2428 2516 2552 2570 fons
2598 2516 2906 2578 scaturivit,
2942 2517 3248 2571 idololatria
3297 2519 3413 2574 dis-

1822 2609 1998 2664 soluta
2033 2625 2047 2660 :
2077 2620 2129 2664 ct
2160 2609 2306 2679 quod
2355 2608 2666 2663 mirabilius
2694 2616 2801 2675 est,
2834 2611 3047 2679 antiqui
3088 2621 3412 2681 veteresque

1822 2700 2101 2770 prophetae
2152 2716 2217 2755 ex
2275 2700 2481 2756 Christi
2536 2704 2804 2773 sanguine
2868 2713 2921 2758 ct
2977 2720 3116 2774 aqua
3169 2721 3234 2760 ex
3287 2707 3410 2774 ejus

1821 2792 1990 2847 latere
2028 2791 2330 2862 proﬂuente
2381 2794 2642 2865 baptizati
2701 2805 2851 2852 sunt.
2903 2796 2956 2851 Id
3003 2800 3280 2869 quomodo
3331 2799 3413 2853 fa-

1822 2890 1969 2937 ctum
2016 2885 2121 2947 sit,
2185 2885 2334 2938 audi.
2390 2886 2661 2952 Quoniam
2712 2905 2775 2942 ex
2840 2898 3074 2961 quatuor
3125 2892 3412 2949 elementis

1820 2983 2038 3030 constat
2078 2977 2376 3030 humanum
2418 2994 2637 3048 corpus,
2679 2981 2733 3033 in
2775 2994 2837 3035 ea
2869 2988 2991 3050 post
3023 2991 3254 3037 mortem
3285 2999 3412 3038 rurr

1825 3081 1921 3123 sus
1944 3068 2254 3122 resolvitur.
2289 3070 2362 3122 Ita
2397 3084 2521 3123 cum
2550 3070 2773 3126 Christo
2800 3088 3021 3143 quoque
3051 3072 3255 3128 factum
3282 3085 3368 3130 est
3392 3092 3408 3130 :

128 3153 276 3229 αἷμα
300 3158 396 3210 καὶ
414 3158 477 3211 τὸ
508 3136 669 3230 ὕδωρ,
703 3158 730 3212 ὃ
756 3158 1014 3231 ἕῤῥευσεν
1048 3161 1081 3230 ἡ
1117 3159 1251 3229 ἁγία
1286 3136 1451 3213 αὑτοῦ
1486 3160 1713 3231 πλευρὰ,

1837 3175 1948 3214 iam
1985 3162 2209 3233 sanguis
2245 3170 2300 3217 et
2329 3178 2490 3233 aqua,
2522 3180 2643 3233 quae
2677 3180 2744 3219 ex
2777 3136 2968 3221 sancto
3001 3167 3171 3223 latere
3199 3168 3410 3223 Christi

128 3248 390 3320 ἀνελύθη,
416 3250 550 3302 ὂπῡυ
584 3249 815 3321 ἁνελύθη
849 3252 943 3303 καὶ
971 3251 1079 3303 τῶν
1102 3250 1417 3322 προφητῶν,
1446 3253 1612 3321 ἤγουν
1637 3254 1718 3316 εἰς

128 3342 201 3394 τὰ
235 3343 497 3410 στοιχεῖα,
532 3342 625 3394 καὶ
656 3342 831 3413 εὑρὼν
863 3342 1002 3394 αὐτὰ
1038 3340 1348 3395 ἐϐάπτισεν.
1383 3343 1447 3395 Εἰ
1477 3342 1534 3395 δὲ
1566 3342 1717 3411 λέγει

127 3451 237 3498 τις,
268 3434 353 3487 ὄτι
378 3435 473 3488 καὶ
510 3433 581 3487 τὰ
618 3433 728 3487 τῶν
770 3433 1014 3487 ἀπίστων
1043 3433 1269 3505 σώματα
1307 3434 1597 3489 ὲὸάπτισε·
1632 3435 1719 3488 λέ-

127 3543 329 3596 γομεν,
363 3526 527 3597 υύχί·
577 3527 693 3580 ἀλλ’
737 3525 928 3598 ῶσπερ
967 3527 1029 3580 τὸ
1074 3527 1217 3598 ὕδωρ
1250 3526 1566 3598 προπατῶν,
1617 3527 1719 3580 ὅσα

133 3617 239 3688 μὲν
280 3618 523 3689 εὑρίσκει
556 3619 739 3691 χλωρὰ
775 3618 936 3689 φυτὰ,
972 3619 1189 3690 ἀρδεύει
1227 3620 1322 3673 καὶ
1354 3619 1584 3682 ποτίζει,
1618 3620 1720 3673 ὅσα

128 3709 191 3762 δὲ
226 3709 371 3781 ξηρὰ
394 3712 495 3764 οὐκ
524 3710 726 3780 ὠφελεῖ
764 3712 937 3766 αὐτά·
965 3711 1122 3766 ἳοῦτω
1155 3712 1266 3766 νόει
1315 3714 1411 3766 καὶ
1459 3714 1552 3766 ἐπὶ
1600 3714 1723 3765 τού-

127 3816 254 3856 του.

210 3981 483 4051 Κείμενον
532 3985 678 4050 ρκς’.
727 3998 747 4031 ι
781 3978 896 4034 Νῦν
929 3979 988 4033 δὲ
1019 3978 1174 4034 οὔπω
1215 3979 1432 4051 ὁρῶμεν
1474 3978 1624 4051 αὐτῷ
1655 3979 1724 4034 τὰ

134 4072 321 4127 πάντα
364 4071 813 4143 ὑποτεταγμένα·
870 4091 890 4124 ι
944 4072 1130 4143 ἐπειδὴ
1180 4073 1364 4144 ἀκμὴν
1408 4071 1508 4125 rex
1546 4068 1614 4141 ῆν
1662 4071 1725 4126 τὸ

132 4168 403 4236 κήρυγμα
433 4164 513 4225 είς
542 4163 642 4234 τὴν
673 4161 995 4233 οἰκουμένην
1022 4161 1330 4233 κηρυχθέν;

223 4258 452 4328 Ἐρμην.
483 4257 730 4328 Ἔπρεπε
754 4256 864 4327 γὰρ
893 4254 1063 4327 αὐτῷ,
1088 4255 1245 4326 δῆλον
1272 4256 1353 4309 ὄτι
1377 4255 1455 4327 τῷ
1481 4255 1600 4327 Θεῷ
1628 4256 1724 4308 καὶ

132 4350 340 4421 Πατρὶ,
372 4349 440 4403 δι’
464 4343 524 4404 οὗ
550 4349 619 4403 τά
652 4350 827 4403 πάντα
854 4349 1071 4418 ἐγένετο
1099 4350 1193 4403 καὶ
1231 4350 1481 4421 συνέστη,
1508 4350 1601 4404 τὸν
1627 4352 1725 4422 ἀρ-

129 4440 310 4511 χηγὸν
336 4438 435 4508 τῆς
463 4438 632 4509 ζωῆς,
659 4440 777 4510 ῆτοι
810 4439 900 4493 τὸν
922 4439 1178 4510 Χριστὸν,
1209 4439 1436 4503 πολλοὺς
1460 4440 1611 4503 υἱοὺς
1642 4442 1721 4504 εἰς

126 4533 295 4599 δόξαν
323 4532 568 4603 οὐρανῶν
601 4533 835 4604 φέροντα
868 4533 961 4585 καὶ
989 4531 1282 4602 βασιλείαν·
1315 4533 1468 4595 υἱοὺς
1490 4532 1546 4586 δὲ
1570 4532 1716 4602 λέγει

126 4628 264 4689 τοὺς
293 4627 694 4695 πνευματικοὺς
726 4624 821 4678 καὶ
847 4625 1035 4693 ἁγίους
1066 4623 1404 4696 ἀνθρώπους.
1442 4626 1711 4696 Ἔπρεπε,

129 4718 336 4788 φησιν,
390 4717 538 4788 αὐτῷ
569 4717 649 4788 τῷ
697 4716 815 4789 θεῷ
860 4719 957 4772 καὶ
1005 4718 1181 4790 Πατρὶ
1211 4717 1303 4770 τὸν
1337 4719 1578 4789 ἀρχηγὸν
1613 4719 1717 4788 τῆς

131 4809 415 4881 σωτηρίας
446 4810 622 4881 ἡμῶν,
662 4811 780 4882 ἦτοι
811 4810 905 4863 τὸν
939 4809 1209 4882 Χριστὸν,
1243 4809 1334 4864 διὰ
1378 4810 1715 4883 παθημάτων

126 4902 343 4957 τέλειον
375 4902 647 4968 ἀναδεῖξαι
684 4904 778 4956 καὶ
811 4902 1041 4968 ἔνδοξον.

203 4989 402 5061 Ἐρὼτ.
457 4990 590 5063 ρκζ’.
645 4991 710 5044 Τί
760 4990 940 5060 λέγει·
982 5010 1001 5044 ι
1060 4993 1170 5046 Καὶ
1205 4992 1319 5063 ,τῆς
1364 4993 1572 5065 σκηνῆς
1617 4995 1717 5064 τῆς

126 5082 430 5154 ἀληθινῆς,
456 5083 522 5154 ἡν
561 5083 762 5155 ἔπηξεν
807 5085 836 5136 ὁ
867 5082 1072 5155 Κύριος
1104 5085 1200 5140 καὶ
1244 5087 1345 5140 οὐκ
1393 5085 1714 5159 ἄνθρωποςς

108 5239 118 5275 ρ
217 5263 412 5320 ,Απόκο
445 5265 659 5339 Σκηνὴν
689 5265 836 5338 λέγει
867 5267 961 5322 τὸν
1000 5267 1246 5340 οὐρανὸν,
1278 5266 1337 5321 ὃν
1360 5268 1463 5322 οὐκ
1498 5268 1715 5325 ἔκτισεν

126 5358 440 5432 ἄνθρωπος,
462 5358 650 5432 ὥσπερ
673 5361 800 5426 τοὺς
819 5361 912 5414 ἐπὶ
939 5362 1045 5433 γῆς
1069 5364 1232 5426 ναοὺς
1253 5362 1363 5415 τῶν
1386 5362 1710 5433 ἐκκλησιῶν.

141 5449 586 5521 ’Δχειροποίητός
606 5452 775 5517 ἐστιν,
797 5451 871 5517 ὼς
908 5452 987 5524 τῷ
1020 5452 1113 5507 τοῦ
1146 5451 1281 5507 Θεοῦ
1314 5455 1519 5525 ῥήματι
1555 5472 1714 5509 κατε-

131 5543 523 5613 σκευασμένος.

203 5725 251 5756 ’⁸
289 5719 436 5781 Psal.
473 5742 606 5794 vm,
643 5726 695 5782 5.
765 5727 811 5763 ’⁷
852 5726 984 5784 ibid.
1018 5725 1073 5783 6.

1819 3250 2048 3319 ﬂuxere,
2087 3255 2328 3309 resoluta
2360 3262 2488 3310 sunt
2525 3256 2580 3310 in
2606 3258 2682 3321 id,
2710 3259 2764 3311 in
2797 3258 2943 3328 quod
2976 3261 3140 3314 etiam
3175 3260 3413 3331 prophe-

1819 3352 1998 3398 tarum
2035 3347 2260 3415 sanguis
2292 3348 2567 3403 resolutus
2600 3357 2705 3414 est,
2735 3351 2995 3406 videlicet
3027 3353 3081 3405 in
3113 3352 3411 3416 elementa.

1821 3452 1945 3506 quae
1994 3437 2066 3491 ibi
2105 3437 2392 3493 inveniens
2440 3440 2758 3509 baptizavit.
2791 3442 2947 3509 Quod
3004 3443 3052 3497 si
3095 3445 3221 3514 quis
3259 3460 3413 3501 nunc

1821 3526 2065 3597 obiiciat,
2116 3529 2261 3598 quod
2312 3531 2474 3584 etiam
2530 3533 2830 3588 inﬁdelium
2886 3549 3119 3605 corpora
3166 3537 3413 3607 baptiza-

1821 3622 1962 3675 verit
1995 3641 2008 3676 :
2046 3623 2766 3692 respondemus,Non.Nam
2799 3628 3103 3697 sicutaqua
3134 3618 3409 3697 difﬂuens,

1822 3726 2185 3781 quascunque
2237 3713 2458 3782 quidem
2510 3716 2719 3784 reperit
2762 3715 2963 3772 herbas
3013 3718 3272 3785 virentes,
3311 3734 3410 3775 eas

1824 3802 2014 3871 irrigat
2057 3811 2112 3857 et
2156 3811 2309 3872 potat
2343 3823 2356 3859 :
2391 3820 2530 3875 quas
2565 3815 2743 3861 autem
2779 3808 2963 3864 aridas
3010 3808 3303 3875 invenerit,
3334 3810 3406 3866 iis

1821 3892 1958 3947 nihil
1985 3894 2206 3961 prodest
2238 3913 2252 3949 :
2284 3896 2364 3950 sic
2395 3897 2559 3950 etiam
2594 3898 2684 3951 hic
2711 3899 2972 3968 cogitato.

1895 3983 2118 4051 ngs'r.
2141 3984 2378 4041 CXXVI.
2425 3987 2587 4053 (Quid
2627 3997 2709 4042 est
2739 3988 2884 4058 quod
2916 3990 3050 4044 dicit
3080 4006 3093 4043 :
3129 3991 3149 4064 )
3188 4010 3208 4044 ι
3252 3991 3411 4049 Nunc

1825 4085 2005 4131 autem
2052 4076 2295 4130 nondum
2352 4077 2605 4133 videmus
2644 4082 2827 4133 omnia
2871 4081 3118 4150 subjecta
3166 4082 3216 4137 ei
3240 4083 3320 4150 ³³,
3375 4101 3401 4136 ι

1826 4186 1950 4226 cum
1986 4171 2224 4226 nondum
2255 4172 2569 4241 praedicatio
2594 4174 2649 4227 in
2672 4173 2859 4227 orbem
2894 4175 3272 4244 pervasisset?

1898 4263 2117 4318 Iurene.
2169 4261 2402 4318 Decebat
2453 4279 2600 4329 eum,
2653 4266 2909 4320 videlicet
2964 4266 3130 4321 Deum
3186 4279 3242 4322 et
3303 4264 3410 4322 Ρα-

1825 4360 1987 4417 trem,
2029 4369 2128 4424 per
2176 4370 2335 4424 quem
2379 4356 2560 4408 omnia
2619 4354 2762 4410 facta
2816 4366 2943 4411 sunt
2984 4366 3038 4413 et
3078 4358 3407 4423 subsistunt,
3468 4368 3471 4373 ‘

1827 4445 2021 4499 ducem
2065 4446 2190 4500 vita:
2222 4445 2500 4500 Christum
2534 4447 2766 4509 scilicet,
2801 4448 3002 4504 multos
3028 4448 3167 4505 ﬁlios
3202 4449 3268 4504 ad
3292 4451 3412 4520 glo-

1823 4537 1960 4591 riam
2009 4545 2063 4593 et
2114 4552 2343 4608 regnum
2416 4539 2682 4593 caelorum
2760 4539 3126 4596 adducentem
3188 4562 3202 4599 :
3262 4544 3407 4599 ﬁlios

1824 4635 2005 4682 autem
2039 4635 2199 4681 vocat
2237 4629 2554 4698 spirituales
2586 4639 2639 4683 et
2681 4637 2902 4685 sanctos
2937 4631 3210 4689 homines.
3238 4631 3409 4689 Dece-

1822 4720 1940 4784 bat,
1989 4720 2190 4790 inquit,
2240 4719 2411 4776 Deum
2457 4730 2510 4776 et
2556 4721 2798 4783 Patrem,
2848 4723 3154 4794 principem
3209 4725 3409 4780 salutis

1818 4823 2050 4878 nostrae,
2090 4814 2301 4870 scilicet
2322 4812 2627 4880 Christum,
2657 4830 2753 4886 per
2776 4816 3066 4885 passiones
3099 4814 3405 4887 perfectum

1821 4913 1876 4960 et
1908 4905 2205 4974 gloriosum
2228 4906 2509 4962 exhibere.

1892 4993 2116 5061 Quaas'r.
2179 4994 2442 5053 CXXVII.
2489 4995 2632 5063 Quid
2673 5007 2759 5052 est
2806 4997 2952 5068 quod
3006 4997 3186 5068 inquit
3227 5016 3242 5053 :
3280 5014 3300 5048 ι
3339 4997 3407 5053 Et

1817 5087 1936 5141 veri
2017 5087 2362 5143 tabernaculi
2430 5088 2580 5158 quod
2651 5088 2769 5143 ﬁxit
2841 5088 3110 5143 Dominus
3180 5094 3236 5143 et
3292 5102 3404 5143 non

1818 5174 1983 5231 homo
2017 5176 2070 5230 ‘i
2105 5195 2125 5228 ι

1888 5266 2054 5322 Rnse.
2113 5267 2554 5323 Tabernaculum
2604 5268 2742 5324 dicit
2795 5269 3020 5335 malum,
3086 5268 3232 5339 quod
3293 5284 3405 5323 non

1820 5362 2032 5416 creavit
2073 5363 2260 5428 homo,
2306 5363 2457 5417 velut
2492 5363 2547 5418 in
2590 5371 2736 5418 terra
2783 5363 2963 5419 facere
3005 5363 3181 5417 solent
3228 5362 3407 5418 eccle-

1821 5457 2029 5510 siarum
2060 5456 2283 5525 templa.
2312 5453 2423 5509 Nec
2453 5472 2618 5510 manu
2646 5457 2849 5512 factum
2883 5464 2989 5520 est,
3037 5463 3227 5528 utpote
3256 5454 3405 5527 quod

1820 5547 2147 5604 fabricatum
2168 5559 2255 5606 est
2273 5549 2443 5605 verbo
2474 5548 2592 5604 Dei.

1149 5727 1196 5760 "
1232 5726 1399 5784 Hebr.
1438 5743 1509 5795 ll,
1545 5727 1600 5786 9.
1676 5729 1723 5765 ”
1763 5727 1898 5787 ibid.
1945 5729 2001 5788 8.
2079 5730 2099 5763 ⁸
2137 5730 2306 5789 Hebr.
2340 5744 2440 5787 vni
2465 5768 2481 5798 ,
2514 5728 2573 5784 2.
