3852 6192
428 290 530 350 771

1555 276 1614 334 S.
1655 270 2122 331 ATHANASIUS.
2162 300 2235 313 —-
2268 268 2541 326 SPURIA.

3593 251 3713 306 77?.

500 394 669 465 Puer.
709 402 990 462 CXXVIII.
1037 421 1059 457 ι
1113 402 1305 459 Sancti
1342 414 1535 458 omnes
1578 414 1678 471 per
1706 398 1865 454 ﬁdem
1918 411 2015 451 ex-

2184 392 2448 463 Κείμενον
2470 396 2611 464 ρκη’.
2649 407 2669 442 ι
2698 390 2761 443 οι
2795 386 2941 457 ἆγιοι
2972 382 3172 445 πάντες
3185 376 3273 433 διὰ
3301 376 3541 436 πίστεως
3566 387 3709 426 κατ-

429 508 811 575 pugnaverunt
840 514 1070 570 regnum
1105 501 1148 552 ³.
1193 516 1213 550 ι

504 596 724 649 lnrsap.
773 592 1092 654 Abraham,
1144 588 1348 653 Moses,
1398 585 1560 644 Jesus
1623 584 1772 638 ﬁlius
1827 580 2009 636 Nave:

437 703 461 738 ε
503 685 718 757 operati
761 692 891 739 sunt
927 683 1196 753 justitiam
1223 721 1239 745 ,
1292 698 1313 733 ι
1344 678 1640 741 Abraham,
1679 674 1914 729 Phinees
1958 680 2015 727 et

433 774 640 843 David;
682 793 702 827 ι
744 774 925 844 adepti
974 780 1103 829 sunt
1146 770 1582 843 promissiones,
1625 786 1643 819 ›
1692 767 1819 820 item
1853 762 2013 819 Iesus

434 867 581 922 ﬁlius
610 865 759 921 Nave
786 874 840 920 et
861 865 1096 931 Chaleb;
1125 883 1143 915 ι
1175 865 1570 917 obturaverunt
1602 873 1699 915 ora
1726 859 1966 919 leonum,
1991 874 2010 907 ι

436 956 625 1014 Daniel
649 960 703 1012 in
726 960 941 1013 leonum
967 958 1123 1012 fovea
1148 972 1162 1023 ;
1197 975 1216 1007 ι
1245 955 1640 1010 Exstinxerunt
1663 952 1769 1005 vim
1796 950 1961 1020 ignis,
1992 967 2012 1001 ι

438 1058 553 1104 tres
584 1049 661 1103 illi
695 1049 852 1118 pueri
884 1049 941 1101 in
972 1049 1128 1116 ignea
1165 1046 1387 1099 fornace
1419 1061 1433 1108 ;
1466 1062 1484 1092 ί
1524 1042 1843 1113 Ell'ugerunt
1872 1040 2017 1095 acies

438 1139 638 1209 gladii,
677 1159 696 1192 ι
732 1139 916 1194 Helias
949 1147 1002 1193 et
1030 1138 1202 1192 David
1239 1154 1253 1203 ;
1300 1155 1319 1188 ι
1359 1136 1622 1191 Roborati
1656 1141 1786 1189 sunt
1828 1149 1892 1187 ex
1934 1134 2020 1185 in-

439 1232 720 1295 ﬁrmitate,
757 1248 776 1281 ι
818 1234 964 1284 velut
992 1228 1301 1294 Ezechias;
1351 1246 1369 1279 ι
1408 1225 1601 1281 Fortes
1641 1226 1770 1279 facti
1801 1233 1930 1281 sunt
1961 1224 2019 1278 in

439 1322 606 1385 bello,
640 1341 658 1374 ›
694 1321 862 1376 veluti
894 1321 1148 1383 Samson,
1181 1318 1276 1389 qui
1310 1332 1417 1371 una
1447 1316 1587 1371 asini
1613 1317 1832 1370 maxilla
1871 1316 2021 1371 mille

439 1411 737 1482 prostravit
771 1410 1146 1479 alienigenas;
1215 1426 1233 1458 ‹
1291 1406 1546 1462 Mulieres
1591 1412 1921 1475 acceperunt
1951 1421 2020 1459 ex

438 1503 840 1559 resurrectione
886 1510 1135 1555 mortuos
1187 1514 1339 1564 suos,
1396 1517 1416 1550 ι
1469 1496 1770 1552 Sunamitis
1815 1504 1870 1551 et
1916 1495 2020 1550 Sa-

440 1594 688 1665 rephthia
710 1609 724 1658 ;
744 1611 762 1644 (
787 1592 878 1645 alii
900 1605 1029 1647 vero
1046 1590 1270 1645 distenti
1289 1597 1435 1652 sunt,
1459 1608 1478 1641 ι
1505 1587 1765 1643 Jacobum
1787 1588 1887 1659 (5')
1909 1585 2023 1641 fra-

438 1695 580 1741 trem
630 1684 849 1739 Domini
890 1683 1043 1747 dicit,
1079 1692 1133 1736 et
1166 1683 1303 1737 alios
1342 1680 1542 1751 quibus
1577 1688 1858 1750 amputata
1892 1687 2022 1736 sunt

441 1781 624 1848 capita
655 1796 668 1832 :
705 1792 833 1831 nam
867 1776 1129 1830 distentio
1157 1775 1297 1828 nihil
1340 1750 1489 1827 aliud
1517 1780 1602 1828 est
1637 1789 1802 1843 quam
1828 1773 2016 1828 decol-
2051 1750 2093 1804 Β

441 1871 609 1936 latio;
649 1887 666 1920 ι
703 1869 797 1921 alii
824 1883 957 1923 vero
1008 1867 1245 1922 ludibria
1276 1874 1331 1922 et
1367 1867 1535 1937 ﬂagra
1567 1865 1775 1935 experti
1806 1873 1956 1931 sunt,
1993 1884 2012 1918 ι

439 1961 648 2025 Isaias,
688 1959 986 2025 Jeremias;
1031 1966 1086 2014 et
1138 1958 1427 2024 Michaeas;
1462 1977 1482 2010 ι
1525 1959 1773 2028 Lapidati
1802 1966 1953 2023 sunt,
1994 1976 2014 2010 ι

444 2055 757 2123 Stephanus
792 2057 845 2105 et
890 2050 1189 2113 Nabuthe;
1230 2066 1249 2098 ί
1292 2047 1525 2103 Dissecti
1582 2055 1733 2114 sunt,
1777 2068 1796 2100 ι
1851 2049 2021 2104 Isaias

442 2160 605 2216 quem
631 2158 785 2199 serra
807 2143 985 2213 lignea
1009 2150 1264 2196 seearunt
1282 2138 1457 2195 Judaei
1487 2157 1502 2206 ;
1531 2158 1550 2191 ι
1575 2139 1789 2194 Tentati
1814 2147 1963 2206 sunt,
1995 2158 2015 2192 ι

443 2235 616 2290 veluti
653 2233 798 2301 Job;
834 2252 853 2284 ι
895 2232 955 2286 In
987 2234 1267 2286 occisione
1296 2231 1460 2300 gladii
1500 2230 1877 2285 occubuerunt
1909 2231 1952 2293 ³,
1996 2248 2016 2281 ι

441 2326 706 2390 Jacobus,
770 2323 1068 2378 Zacharias
1120 2332 1176 2377 et
1236 2323 1349 2376 alii.
1405 2339 1424 2372 ι
1474 2322 1657 2391 Atque
1697 2336 1887 2376 omnes
1929 2321 2022 2375 isti

443 2417 766 2473 testimonio
805 2416 1023 2485 probati
1054 2429 1151 2484 per
1183 2413 1366 2478 ﬁdem,
1404 2428 1514 2468 non
1540 2425 1867 2482 acceperunt
1895 2428 2024 2483 pro-

444 2513 822 2569 missionem.»
841 2509 1049 2565 Omnes
1071 2507 1324 2563 videlicet
1343 2506 1434 2561 isti
1461 2506 1638 2583 sancti
1652 2505 2024 2560 testimonium

448 2618 733 2675 accepere,
786 2601 934 2673 quod
976 2598 1308 2671 ‘placuerint
1368 2597 1500 2663 Deo,
1555 2608 1610 2653 et
1670 2598 1719 2653 si
1778 2597 2025 2652 nondum

446 2698 701 2753 fruantur
732 2696 930 2767 gaudio
970 2695 1124 2764 regni
1150 2694 1413 2747 caelorum
1452 2699 1508 2747 et
1532 2683 1722 2747 eorum
1755 2691 2025 2763 bonorum

447 2805 569 2860 quae
591 2789 863 2860 promissa
887 2796 1015 2842 sunt
1040 2785 1228 2856 justis,
1260 2784 1355 2839 sed
1380 2789 1696 2852 exspectent
1725 2783 2026 2837 secundum

448 2882 762 2944 adventum,
804 2890 864 2933 ut
904 2886 1020 2931 tum
1049 2882 1382 2930 coronentur
1429 2889 1618 2928 omnes
1650 2874 1705 2927 in
1744 2861 1854 2928 uno
1883 2874 2031 2928 hom

448 2981 746 3037 momento.
793 2970 930 3024 Nam
973 2970 1077 3023 hoc
1128 2975 1213 3022 est
1257 2967 1403 3036 quod
1448 2967 1626 3036 inquit
1665 2965 1962 3036 Apostolus
2009 2980 2026 3019 :

455 3083 476 3117 ι
514 3063 626 3118 Deo
650 3078 750 3135 pro
777 3061 935 3116 nobis
964 3058 1160 3113 melius
1182 3058 1388 3128 aliquid
1420 3058 1763 3128 providente,
1807 3073 1876 3113 ne
1912 3058 2032 3113 sine

450 3160 611 3215 nobis
638 3159 1157 3212 consummarentur
1190 3150 1233 3204 ⁸.
1274 3169 1293 3202 ι
1336 3149 1473 3204 Nam
1507 3150 1644 3204 citra
1675 3165 2030 3206 consumma-

449 3252 658 3305 tionem
706 3246 952 3301 omnium
1003 3254 1339 3306 sanctorum,
1389 3241 1614 3297 dimidia
1670 3256 1799 3310 pars
1840 3256 2030 3295 eorum

448 3345 595 3398 bona
615 3339 888 3410 promissa
913 3352 1024 3392 non
1059 3337 1280 3407 accipit.
1312 3334 1475 3405 Spem
1509 3333 1727 3403 quidem
1765 3341 1820 3388 et
1840 3333 2032 3387 arrha-

451 3434 598 3490 bona
621 3432 843 3495 habent,
862 3428 1207 3499 separatique
1228 3435 1355 3481 sunt
1379 3440 1409 3477 a
1428 3422 1827 3494 peccatoribus.
1851 3422 2031 3493 Ipsam

449 3540 583 3583 vero
629 3522 1020 3593 perfectionem
1074 3516 1315 3574 nondum
1372 3516 1536 3586 280
1590 3521 1719 3569 sunt
1769 3516 2030 3577 assecuti,

450 3634 574 3690 quae
604 3625 690 3673 est
721 3613 1136 3687 praestabilior;
1191 3609 1452 3665 nimirum
1502 3614 1563 3661 ut
1606 3621 1796 3662 omnes
1841 3607 2032 3661 eodem

453 3719 699 3777 tempore
731 3704 896 3761 simul
926 3703 1133 3757 intrent
1157 3699 1214 3754 in
1240 3715 1490 3770 regnum,
1522 3705 1576 3754 et
1596 3698 1880 3768 aequaliter
1913 3713 2032 3753 om-

451 3813 552 3856 nes
582 3797 762 3854 sancti
791 3791 1189 3850 bonorum‘Dei
1224 3791 1521 3861 participes
1555 3789 1708 3845 ﬁant.

520 3976 687 4033 Pn0p.
717 3972 958 4030 CXXIX.
991 3990 1011 4025 ι
1046 3971 1158 4027 Nos
1190 3980 1397 4026 tantam
1426 3971 1690 4027 habentes
1719 3969 2034 4039 impositam

453 4071 654 4127 nubem
688 4069 912 4124 testium
942 4068 986 4119 ⁸.
1029 4085 1049 4117 ›

524 4161 852 4217 lnrsnpnsr.
902 4156 1113 4212 Nubem
1160 4156 1382 4211 testium
1422 4155 1572 4224 ipsos
1604 4155 1845 4218 vocavit,
1900 4154 2032 4224 quia

452 4257 693 4311 irrorant
721 4268 822 4308 nos
852 4251 946 4322 qui
985 4251 1042 4305 in
1081 4250 1318 4320 peccatis
1373 4247 1683 4302 detinemur
1725 4257 1780 4300 et
1826 4254 2032 4301 aestua-

453 4361 601 4412 mus,
645 4352 700 4400 et
736 4344 929 4399 umbra
972 4357 1087 4398 sua:
1119 4338 1530 4399 intercessionis
1572 4353 1676 4394 nos
1712 4346 2029 4411 contegunt.

2115 486 2454 556 ηγωνίσαντο
2487 482 2779 554 βασιλείαν.

2198 579 2424 649 Ἐρμην.
2492 573 2760 646 Ἀϐραὰμ,
2814 570 3041 641 Μωσῆς,
3099 563 3309 637 Ἰησοῦς
3361 560 3457 616 τοῦ
3512 560 3698 628 Ναυῆ·

2121 690 2140 724 ι
2179 670 2504 742 εἰργάσαντο
2530 665 2897 735 δικαιοσύνην,
2947 681 2966 714 ι
3031 657 3302 732 ’Δϐραάμ,
3338 653 3556 716 Φινεὲς,
3602 649 3705 742 καὶ

2116 741 2314 816 Δαϐίδ’
2355 781 2373 812 ι
2414 760 2671 830 ἐπέτυχον
2708 753 3072 826 ἐπαγγελιῶν,
3107 773 3125 803 ι
3175 748 3381 820 Ἰησοῦς
3409 745 3506 799 τοῦ
3536 741 3705 811 Ναυῆ

2117 857 2212 910 καὶ
2239 854 2440 909 Χαλέϐ·
2473 873 2492 905 ι
2520 852 2758 923 ἔφραξαν
2792 850 3038 920 στόματα⁸
3073 845 3325 908 λεόντων,
3359 862 3377 894 ι
3410 836 3610 907 Δανιὴλ
3642 838 3705 888 ὲν

2117 944 2194 1016 τῷ
2245 946 2432 1016 λάκκῳ
2458 961 2471 974 ·
2526 963 2544 994 ι
2585 941 2815 996 ἔσϐεσαν
2863 939 3091 1009 δύναμιν
3137 933 3326 1005 πυρὸς,
3371 951 3390 985 ι
3443 933 3492 983 οἱ
3551 930 3707 1001 τρεῖς

2119 1038 2310 1100 παῖδες
2350 1038 2408 1088 ἐν
2442 1034 2677 1106 καμίνῳ.
2719 1051 2739 1084 ι
2780 1033 3021 1100 Ἐφυγον
3057 1027 3299 1098 στόματα
3338 1022 3640 1096 μαχαίρας,
3678 1036 3701 1072 ι

2129 1127 2318 1190 Ἠλίας
2334 1127 2426 1180 καὶ
2451 1125 2633 1180 Δαϐίδ.
2654 1144 2673 1175 ι
2696 1119 3209 1191 Ἐνεδυναμώθησαν
3224 1114 3331 1169 ἀπὸ
3344 1112 3653 1176 ἀσθενείας,
3677 1126 3701 1161 ι

2119 1219 2195 1283 ὼς
2242 1219 2508 1284 Ἐζεκίας.
2555 1237 2574 1270 ι
2637 1215 3000 1285 Ἑγενήθησαν
3038 1209 3248 1281 ἰσχυροὶ
3285 1209 3343 1260 ἐν
3392 1203 3637 1273 πολέμῳ,
3678 1219 3699 1252 ι

2120 1313 2196 1377 ὡς
2228 1310 2464 1383 Σαμψὼν
2497 1312 2555 1364 ἐν
2593 1311 2691 1382 μιᾷ
2737 1307 2941 1375 σιαγόνι
2974 1304 3094 1357 ὄνου
3134 1299 3336 1371 χιλίους
3369 1292 3707 1362 ἀλλοφύλους

2076 1467 2089 1481 ⁸
2121 1405 2506 1480 κατέστρεψεν.
2562 1421 2581 1455 ι
2640 1402 2871 1456 Ἔλαϐον
2927 1399 3183 1468 γυναῖκες
3231 1391 3293 1455 ἐξ
3349 1387 3706 1447 ἀναστάσεως

2119 1502 2246 1562 τοὺς
2287 1477 2515 1569 νεκροὺς
2547 1495 2747 1559 αὐτῶν,
2788 1512 2807 1545 ›
2881 1490 3204 1559 Σουναμῖτις
3249 1484 3342 1536 καὶ
3390 1477 3702 1569 Σαραφθίαο

2128 1608 2147 1642 ι
2182 1562 2458 1642 ’Ἄλλοι-δὲ
2501 1580 3001 1656 ἐτυμπανίσθησαν,
3049 1595 3067 1628 ι
3116 1572 3372 1627 Ἰάκωϐον
3413 1568 3563 1636 λέγει
3610 1562 3706 1619 τὸν

2122 1680 2351 1748 ἀδελφὸν
2378 1676 2470 1731 τοῦ
2512 1677 2740 1749 Κυρίου,
2782 1674 2875 1727 καὶ
2903 1671 3028 1733 τοὺς
3060 1666 3303 1728 λοιποὺς,
3336 1664 3450 1716 ὅσοι
3494 1660 3705 1749 ἀπεκε-

2125 1772 2463 1846 φαλίσθησαν
2485 1787 2499 1800 ·
2534 1748 2915 1838 τυμπανισμὸς
2940 1762 3048 1833 γὰρ
3083 1761 3112 1813 ὁ
3138 1751 3585 1824 ἀποκεφαλισμὸς
3611 1748 3706 1802 λέ-

2124 1883 2303 1939 γεται·
2337 1886 2355 1919 ι
2394 1866 2612 1935 Ἕτεροι
2636 1860 2693 1915 δὲ
2719 1856 3049 1930 ἐμπαιγμῶν
3076 1854 3172 1907 καὶ
3200 1847 3475 1921 μαστίγων
3505 1846 3708 1915 πεῖραν

2126 1935 2338 2023 ἐλαϐον,
2377 1977 2397 2011 ι
2440 1956 2681 2018 Ἡσαΐας,
2729 1950 3017 2022 Ἱερεμίας,
3053 1946 3145 1999 καὶ
3183 1941 3444 2012 Μιχαίας.
3487 1955 3506 1988 ι
3561 1935 3706 1988 Ἐλι-

2127 2050 2438 2121 θάσθησαν,
2490 2064 2510 2099 ι
2558 2044 2826 2113 Στέφανος
2872 2033 3275 2094 κα“ι·Ναϐουθέ.
3330 2048 3350 2082 ι
3408 2025 3709 2121 Ἐπρίσθηῖ

2130 2161 2246 2208 σαν,
2347 2143 2376 2194 ὁ
2423 2138 2681 2200 Ἡσαΐας⁸
2716 2133 2911 2204 ξυλίνῳ
2955 2129 3152 2203 πρίονι’
3181 2127 3411 2196 ἕπρισαν
3445 2119 3608 2173 αὐτὸν
3654 2118 3711 2170 ei

2141 2236 2400 2291 Ἰουδαῖοι.
2435 2250 2454 2283 ι
2502 2228 2960 2299 Ἐπειράσθησαν,
2988 2242 3007 2276 ›
3041 2223 3118 2285 ὡς
3142 2224 3170 2274 ὁ
3202 2216 3340 2272 Ἰὼϐ.
3374 2233 3393 2266 ι
3440 2214 3529 2266 Ἐν
3561 2210 3710 2281 φόνῳ

2086 2330 2091 2338 ’
2133 2327 2406 2399 μαχαίρας
2457 2321 2746 2383 ἀπέθανον,
2796 2335 2815 2369 ι
2877 2311 3161 2375 Ἰάκωϐος,
3199 2303 3627 2399 Ζαχαρίαςριαὶ
3644 2302 3711 2399 ei.

2129 2393 2327 2473 λοιποίξ
2371 2434 2390 2467 ι
2428 2413 2539 2468 Καὶ
2568 2406 2715 2465 οὗτοι
2754 2408 2983 2470 πάντες,
3016 2399 3451 2477 μαρτυρηθέντες
3489 2393 3582 2449 διὰ
3609 2394 3711 2464 τῆς

2131 2512 2385 2574 πίστεως,
2421 2509 2521 2561 οὐκ
2560 2504 2885 2576 ἐκομίσαντο
2920 2500 3019 2572 τὴν
3052 2492 3405 2565 ἐπαγγελίαν.
3440 2508 3459 2541 ι
3502 2490 3715 2556 Ἤγουν

2130 2598 2274 2658 οὗτοι
2295 2602 2496 2662 πάντες
2513 2599 2563 2651 οἱ
2585 2597 2729 2665 ἅγιοι
2754 2591 3206 2665 μαρτυρηθέντες,
3230 2587 3313 2639 ὅτι
3334 2580 3713 2653 εὐηρέστησαν

2131 2694 2210 2765 τῷ
2247 2691 2386 2762 Θεῷ,
2421 2689 2573 2743 οῠπω
2601 2686 2912 2741 ἀπέλαυσαν
2954 2681 3056 2751 τῆς
3090 2675 3364 2750 βασιλείας
3400 2673 3509 2727 τῶν
3541 2671 3715 2742 οὖρα-

2133 2762 2239 2840 νῶν
2278 2785 2373 2838 καὶ
2414 2781 2522 2836 τῶν
2552 2774 2987 2850 ,ἐπηγγελμένων
3033 2775 3145 2835 τοῖς
3188 2768 3418 2830 δικαίοις
3463 2762 3713 2833 ἀγαθῶν,

2133 2877 2270 2932 ἀλλὰ
2306 2872 2657 2947 περιμένουσι
2679 2869 2778 2939 τὴν
2808 2865 3064 2936 δευτέραν
3106 2859 3429 2932 παρουσίαν,
3460 2857 3552 2909 ἴνα
3593 2870 3719 2908 στε-

2136 2968 2454 3042 φανωθῶσιν
2487 2965 2723 3026 ἅπαντες
2751 2965 2810 3016 ἐν
2846 2961 2947 3032 μιᾷ
2972 2955 3164 3027 καιροῦ
3200 2956 3360 3025 ῥοπῇ.
3402 2949 3577 3042 Τοῦτο
3605 2947 3719 3042 γάρ

2137 3039 2284 3116 ἐστιν
2324 3061 2353 3114 ὃ
2382 3059 2530 3128 λέγει
2578 3059 2606 3111 ὁ
2665 3052 3003 3117 Ἀπόστολος,
3045 3051 3128 3103 ὅτι
3177 3067 3195 3100 ι
3250 3044 3358 3100 Τοῦ
3397 3041 3532 3096 Θεοῦ
3586 3039 3721 3110 περὶ

2137 3154 2293 3227 ἡμῶν
2343 3150 2595 3225 κρεῖττόν
2636 3165 2690 3200 τι
2733 3141 3215 3218 προσϐλεψαμένου
3235 3178 3250 3202 ,
3298 3137 3386 3190 ἵνα
3434 3132 3511 3227 μὴ
3544 3131 3721 3227 χωρὶς

2137 3223 2291 3318 ημῶν
2333 3223 2680 3297 τελειωθῶσι.
2722 3259 2740 3291 ι
2774 3237 2958 3308 Χωρὶς
2998 3234 3108 3305 γὰρ
3145 3231 3361 3285 πάντων
3387 3225 3498 3280 τῶν

2136 3314 2190 3390 oi
2211 3337 2382 3407 ἥμισυ
2408 3334 2507 3387 οὐκ
2531 3328 2975 3400 ἀπολαμϐάνουσι
2998 3324 3066 3377 τὰ
3096 3318 3485 3392 ἐπηγγελμένα
3513 3314 3716 3382 ἀγαθά.

2138 3429 2248 3498 Τὴν
2276 3426 2373 3497 μὲν
2395 3424 2503 3496 γὰρ
2527 3421 2719 3476 ἐλπίδα
2742 3418 2838 3472 καὶ
2864 3416 2953 3471 τὸν
2977 3414 3272 3487 ἀρραϐῶνα
3296 3410 3476 3481 ἔσχον,
3503 3407 3600 3460 καὶ¹
3627 3422 3720 3459 κε-

2137 3518 2464 3591 χωρισμένοι
2495 3515 2633 3568 εἰσὶν
2664 3515 2728 3565 ἐκ
2759 3511 2867 3564 τῶν
2905 3505 3267 3580 ἁμαρτωλῶν.
3306 3503 3380 3556 Τὸ
3414 3502 3473 3555 δὲ
3515 3500 3720 3554 τέλειον

2137 3613 2289 3667 οὔπω
2326 3611 2569 3682 είληφον,
2613 3609 2866 3682 κρεῖσσον
2914 3601 3024 3673 γάρ
3064 3602 3180 3653 ἐστι
3213 3596 3371 3652 τοῦτο
3396 3612 3411 3626 °
3466 3595 3557 3648 ἵνα
3601 3596 3720 3646 εἰσ-

2138 3704 2448 3757 ελεύσονται
2495 3699 2694 3761 πάντες
2734 3698 2815 3759 είς
2859 3695 2957 3765 τὴν
2998 3689 3275 3763 βασιλείαν
3301 3690 3357 3741 ἐν
3400 3688 3482 3740 ἐνὶ
3515 3684 3719 3756 καιρῷ,

2137 3797 2233 3851 καὶ
2264 3797 2325 3863 ἐξ
2353 3794 2467 3847 ῐσου
2494 3790 2808 3846 ἀπολάϐωσι
2836 3787 3038 3848 πάντες
3064 3787 3114 3838 oi
3139 3784 3284 3853 ἀγιοι
3314 3780 3384 3835 τὰ
3408 3778 3592 3849 ἀγαθὰ
3616 3777 3718 3841 ¹τοῦ

2138 3889 2293 3943 Θεοῦ.

2183 3908 2293 3943 εου.

2210 3980 2474 4050 Κείμενον
2525 3975 2660 4048 ρκθν.
2707 3992 2727 4027 ι
2764 3970 3029 4026 Τοσοῦτον
3073 3968 3289 4041 ἔχοντες
3331 3964 3720 4037 περικείμενον

2140 4078 2270 4149 ἡμῖν
2299 4076 2457 4144 νέφος
2494 4069 2805 4143 μαρτύρων.
2845 4086 2864 4119 ι

2223 4169 2445 4238 Ἐρμην.
2474 4163 2653 4231 Νέφος
2677 4158 2969 4233 μαρτύρων
3000 4156 3195 4219 αὐτοὺς
3221 4154 3501 4216 ἐκάλεσεν,
3530 4148 3719 4222 ἐπειδὴ

2139 4262 2473 4335 δροσίζουσιν
2518 4256 2666 4326 ἡμᾶς
2706 4253 2831 4315 τοὺς
2865 4253 2924 4304 ὲν
2964 4247 3263 4320 ἁμαρτίαις
3301 4243 3719 4315 συνεχομένους,

2140 4333 2234 4409 καὶ
2277 4348 2719 4423 φλογιζομένους,
2759 4342 2854 4397 καὶ
2899 4343 2957 4397 ὲν
3000 4344 3067 4413 τῇ
3101 4341 3228 4412 σκιᾷ
3271 4336 3379 4392 τῶν
3413 4333 3720 4407 πρεσϐειῶν

2061 4469 2109 4526 ι)
2134 4444 2312 4502 αὐτῶν
2351 4459 2419 4495 πε
2428 4438 2793 4511 ρισκέπουσιν.

2202 4536 2473 4606 Κείμενον
2505 4528 2603 4604 ρλ’.
2642 4549 2660 4581 ι
2700 4530 2903 4597 Ὄγκον
2927 4524 3255 4595 ἀποθέμενοι
3285 4522 3465 4576 πάντα
3496 4520 3594 4574 καὶ
3621 4519 3723 4591 τὴν

2133 4628 2523 4701 εὐπερίστατον
2563 4620 2863 4694 ἁμαρτίαν.
2902 4637 2923 4672 ι

2215 4744 2446 4814 Ἐρμην.
2479 4740 2680 4805 Ὄγκον
2711 4734 2774 4787 τὸ
2809 4730 3014 4802 πλῆθος
3046 4728 3218 4798 λέγει.
3249 4726 3412 4794 Λέγει
3437 4725 3495 4779 δέ
3524 4725 3720 4788 οὕτως·

455 4826 635 4897 ἱαιιυὶι
669 4842 683 4881 :
716 4824 1165 4894 Quandoquidem
1196 4825 1460 4880 habemus
1482 4833 1692 4879 tantam
1722 4827 2023 4881 multitudi-

2138 4838 2233 4900 ὅτι,
2271 4833 2492 4903 Ἐπειδὴ
2518 4831 2714 4902 ἔχομεν
2737 4825 2988 4880 τοσοῦτον
3019 4822 3223 4893 πλῆθος
3247 4820 3355 4875 τῶν
3385 4819 3558 4887 ἀγίων
3591 4836 3725 4891 μαρο

455 4934 580 4973 nem
602 4925 918 4973 sanctorum
952 4916 1194 4979 testium,
1226 4916 1402 4972 instar
1429 4916 1658 4970 nubium
1700 4917 2023 4972 irrorantem

2138 4929 2332 4999 τύρων,
2374 4924 2562 4994 ὥσπερ
2592 4920 2753 4989 νέφος
2783 4916 3028 4989 δροσίζον
3067 4915 3236 4985 ἡμᾶς,
3267 4910 3602 4982 θαρροῦντες
3643 4912 3725 4971 si;

454 5026 580 5075 nos,
617 5007 1004 5065 intercessioni
1042 5021 1268 5077 precum
1310 5007 1554 5077 ipsorum
1599 5006 1816 5070 conﬁsi,
1852 5007 2023 5062 imite-

2138 5020 2235 5091 τὴν
2277 5014 2574 5089 πρεσϐείαν
2608 5012 2716 5065 τῶν
2751 5008 2927 5080 εὐχῶν
2964 5006 3164 5068 αὐτῶν,
3213 5001 3585 5077 μιμησώμεθα
3628 5002 3724 5055 καὶ

454 5119 579 5158 mur
610 5115 665 5157 et
692 5116 793 5156 nos
828 5100 1053 5167 illorum
1097 5100 1329 5155 virtutes
1358 5118 1371 5154 :
1401 5107 1456 5152 et
1486 5098 1636 5153 omni
1680 5108 2023 5168 peccatorum

2139 5110 2300 5180 ἡμεῖς
2328 5106 2549 5160 ἐκείνων
2579 5103 2677 5167 τὰς
2711 5102 2930 5173 ἀρετὰς,
2963 5098 3059 5153 καὶ
3085 5098 3175 5151 τὸν
3203 5098 3367 5165 ὄγκον
3397 5096 3507 5149 τῶν
3536 5096 3724 5166 ἁμαρ-

454 5196 670 5266 abjecto
695 5192 966 5265 pondere,
995 5198 1159 5263 atque
1190 5199 1417 5263 peccato
1465 5191 1861 5246 circumstante
1903 5192 2023 5246 reli-

2139 5199 2400 5272 τημάτων
2434 5197 2649 5251 ἅπαντα
2676 5192 3098 5265 ἀπορρίψαντες,
3135 5190 3229 5243 καὶ
3255 5188 3353 5260 τὴν
3394 5187 3725 5258 εὐπερίστα-

452 5298 566 5352 cto,
600 5303 696 5358 per
729 5287 1080 5342 tolerantiam
1121 5292 1175 5342 et
1208 5284 1695 5355 aequanimitatem,
1741 5298 2023 5338 curramus

2140 5308 2232 5345 τον
2268 5289 2541 5361 ἁμαρτίαν
2587 5286 3010 5351 καταλιπόντες,
3053 5282 3120 5337 δι’
3169 5281 3449 5353 ὑπομονῆς
3495 5280 3593 5333 καὶ
3619 5294 3724 5351 μαι

454 5380 513 5437 iu
541 5381 761 5436 virtutis
787 5380 1106 5436 certamine.
1129 5378 1509 5434 Circumstans
1533 5388 1715 5436 autem
1747 5386 2023 5451 peccatum

2143 5380 2311 5459 κροθυ
2319 5380 2448 5452 μίας
2476 5379 2759 5451 τρέχωμεν
2784 5376 2874 5431 τὸν
2894 5373 3096 5445 ἀγῶνα
3120 5373 3221 5445 τῆς
3244 5370 3469 5443 ἀρετῆς.
3490 5370 3727 5443 Εὑπερίο

520 4525 684 4581 Ριιορ.
707 4522 919 4581 CXXX.
951 4541 971 4575 ι
1004 4522 1349 4594 Deponentes
1376 4538 1539 4579 omne
1558 4524 1795 4596 pondus,
1827 4532 1883 4581 et
1921 4526 2031 4581 cir-

453 4628 738 4675 cumstans
762 4631 864 4672 nos
891 4624 1177 4686 peccatum
1208 4616 1252 4670 °.
1288 4635 1308 4669 ι

526 4732 745 4790 lnrsnp.
782 4732 1002 4787 Pondus
1027 4772 1042 4796 ,
1075 4705 1481 4788 multitudinem
1504 4741 1684 4788 vocat.
1722 4732 1814 4788 Sic
1847 4744 2030 4789 autem

522 5540 545 5571 ³
582 5535 728 5594 Hebr
779 5552 871 5602 ιι,
903 5536 994 5592 53.
1075 5536 1098 5569 ⁸
1134 5535 1264 5592 ibid.
1300 5535 1488 5591 53-57.
1569 5536 1593 5568 ⁸
1632 5534 1766 5591 ibid.
1808 5535 1899 5592 ιο.
1944 5535 1967 5568 ⁸
2006 5535 2023 5589 1

2138 5553 2173 5592 ι’.
2217 5551 2320 5600 xu,
2364 5535 2419 5592 1.
2497 5535 2519 5566 ⁸
2559 5533 2696 5589 ibid.

462 5722 474 5735 ,
527 5647 921 5735 (ξζῌξιεοιξιιξ,
947 5649 1040 5735 qui
1070 5648 1371 5735 decolla‘t‘nf
1401 5650 1503 5707 fuit
1531 5666 1635 5707 non
1672 5649 1837 5706 frater
1877 5648 2110 5717 Domini,
2147 5650 2243 5708 sed
2276 5649 2441 5705 frater
2467 5647 2697 5705 Joannis
2730 5656 2867 5704 erat.
2898 5644 3036 5703 Vide
3082 5643 3398 5712 Chrvsost.,
3429 5639 3623 5700 homil.
3650 5636 3722 5698 9.7

454 5722 511 5777 iu
540 5718 720 5795 Epist.
763 5720 831 5771 ad
874 5718 1146 5786 Ilebra’os,
1182 5737 1234 5791 p.
1263 5720 1387 5777 507.
