3852 6192
112 285 228 343 773

1420 291 1887 360 QUAESTIONES
1923 291 2133 353 ΑΜΕ.

3280 304 3384 361 ⁸174

113 417 316 456 στατον
351 399 411 454 δὲ
434 396 557 454 εἷπε
594 400 697 474 τὴν
729 402 1025 475 ἁμαρτίαν,
1048 402 1235 477 ἐπειδὴ
1262 404 1493 478 μόνιμον
1514 408 1670 463 στάσι

1807 411 1962 477 dixit,
1994 426 2062 466 eo
2091 410 2242 482 quod
2271 426 2383 467 non
2413 412 2613 468 habeat
2658 413 2896 486 aliquem
2942 424 3151 472 certum
3197 418 3381 476 locum

107 495 216 547 οὐκ
241 492 378 564 ἔχει,
409 492 546 547 ἀλλὰ
567 493 780 564 ταχέως
803 494 1063 566 τρέπεται
1086 498 1180 550 καὶ
1205 497 1552 553 καταλύεται.
1585 501 1697 554 Καὶ

108 584 227 656 γὰρ
258 587 293 656 ἡ
339 585 585 655 ἁμαρτία
633 584 789 655 ῥίζαν
836 585 936 639 οὐκ
964 585 1108 657 ἔχει,
1137 587 1252 640 ἀλλ’
1293 588 1415 641 οὐδὲ
1460 590 1694 660 καρπόν.

121 676 478 746 Ἀφανίζετας
520 676 579 730 δὲ
608 677 820 746 ταχέως
857 679 951 731 καὶ
985 678 1313 732 καταλύεται
1346 679 1452 733 ὑπὸ
1492 679 1585 733 τοῦ
1620 677 1698 745 ξί-

109 788 251 841 φους
269 772 371 842 τῆς
388 770 676 841 μετανοίας
704 770 825 840 (5“’)
847 770 1177 842 κοπτομένη.
1212 771 1390 843 Ἀξίνη
1414 772 1523 844 γάρ
1548 774 1698 827 ἐστιν

105 864 143 933 ἡ
211 864 488 934 μετάνοια,
538 863 879 916 ἐκκόπτουσα
927 864 1035 916 πᾶν
1075 863 1267 917 κακόν.
1318 865 1592 919 Μετάνοια
1637 865 1696 919 δέ

105 959 263 1010 ἐστιν
292 959 392 1028 οὐχ
423 959 456 1029 ἡ
493 956 602 1012 τῶν
637 958 879 1026 γονάτων
911 958 1116 1021 κλίσις,
1159 958 1274 1012 ἀλλ’
1303 960 1337 1030 ὴ
1379 958 1558 1030 ἀποχὴ
1602 957 1694 1012 τοῦ

104 1046 311 1113 κακοῦ,
348 1048 530 1102 καὶτὸ
575 1052 779 1115 πονεῖν,
820 1050 915 1104 καὶ
948 1049 1165 1121 θρηνεῖν
1207 1051 1303 1103 καὶ
1339 1050 1554 1104 δέεσθαι
1598 1050 1693 1104 τοῦ

101 1139 247 1194 Θεοῦ
297 1140 436 1212 ὑπὲρ
464 1141 564 1213 τῆς
602 1141 712 1195 τῶν
744 1141 1253 1213 προημαρτηκότων
1290 1141 1560 1211 ἀφέσεως.
1594 1142 1694 1198 Διὰ

1802 505 1896 560 ubi
1931 509 2222 572 consistat,
2253 507 2350 562 sed
2388 508 2498 564 cito
2536 517 2780 564 vertatur
2823 518 2988 581 atque
3019 512 3377 570 dissolvatur.

1801 596 2093 653 Peccatum
2133 600 2281 654 enim
2326 601 2570 656 radicem
2600 618 2712 657 non
2742 602 2927 669 habet,
2963 621 3065 660 nec
3093 607 3253 661 ctiam
3282 607 3381 662 lia-

1802 689 1894 744 bet
1936 688 2199 746 fructum.
2230 690 2521 774 Evancsrit
2550 709 2682 749 vero
2725 697 2931 760 statim,
2954 705 3010 753 et
3043 698 3296 763 solvitur,
3331 699 3378 754 si
3420 749 3431 762 ,

1801 779 1983 851 gladio
2033 781 2371 851 poenitentiae
2420 786 2794 841 exscindatur.
2850 785 2986 841 Nam
3035 792 3244 844 securis
3293 798 3379 845 est

1798 873 2147 942 pmnitentia,
2197 875 2528 931 exscindens
2575 892 2737 932 omne
2789 878 3017 935 malum.
3054 877 3153 934 Est
3191 889 3376 935 autem

1797 966 2120 1036 pcenitentia
2155 982 2262 1022 non
2297 967 2623 1038 genuﬂexio,
2657 971 2751 1026 sed
2782 971 3116 1026 abstinentia
3151 987 3182 1026 a
3206 973 3371 1028 malo.

1793 1054 1927 1111 Item
1959 1057 2196 1119 labores.
2230 1059 2481 1131 lacrymte
2509 1069 2563 1118 et
2595 1078 2787 1133 preces
2815 1066 2883 1121 ad
2906 1064 3073 1121 Deum
3107 1078 3207 1134 pro
3234 1078 3377 1134 pra:-

1793 1148 2080 1204 teritorum
2119 1159 2469 1221 peccatorum
2504 1156 2846 1212 remissione.
2872 1155 3010 1210 Nam
3043 1156 3166 1211 ideo
3197 1156 3375 1228 pauli-

103 1234 222 1305 γὰρ
271 1232 431 1287 τοῦτο
484 1233 699 1302 λέγεται
754 1234 1033 1304 μετάνοια,
1090 1233 1174 1287 ὅτι
1227 1234 1549 1307 μετατίθησι
1599 1234 1673 1290 τὸι

1800 1240 1974 1294 tentia
2027 1241 2248 1310 dicitur,
2309 1245 2456 1315 quod
2501 1253 2740 1303 mentem
2783 1260 2820 1304 a
2863 1247 3010 1303 malo
3052 1247 3122 1302 ad
3163 1247 3372 1304 bonum

99 1328 233 1383 νοῦν
256 1328 367 1383 ἀπὸ
391 1327 486 1382 τοῦ
519 1325 692 1383 κακοῦ
731 1326 868 1398 πρὸς
892 1325 954 1379 τὸ
984 1326 1208 1397 ἀγαθόν.

1798 1331 2116 1388 transferat.

1127 1603 1194 1661 IN
1235 1602 1442 1660 ALIAS
1477 1604 1945 1673 QUIESTIONES
1983 1607 2327 1666 MONITUM.
2366 1599 2373 1607 ’

783 1706 799 1730 Ι

175 1752 247 1808 In
278 1755 436 1809 hasce
467 1751 792 1820 Quazstiones
831 1752 942 1808 hare
999 1753 1154 1808 habet
1195 1753 1582 1811 Felckmannus
1622 1757 1677 1810 in
1730 1756 1891 1811 variis
1936 1754 2245 1811 lectionibus
2276 1755 2728 1824 Commelinianis,
2764 1772 2818 1827 p.
2849 1756 2918 1812 90
2947 1772 2962 1809 :
2994 1755 3109 1823 Hae,
3144 1756 3273 1827 quia
3307 1757 3364 1812 in

99 1848 299 1903 codice
346 1864 410 1905 ιι.
455 1864 564 1918 quo
611 1847 667 1901 in
711 1854 844 1901 tom.
904 1846 925 1901 Ι
970 1847 1054 1902 usi
1096 1863 1326 1913 sumus,
1404 1850 1564 1919 plane
1634 1848 1918 1920 (Symbolo
1973 1848 2222 1919 excepto)
2280 1850 2349 1905 ad
2416 1850 2578 1904 ﬁnem
2643 1864 2870 1920 Operum
2959 1849 3022 1903 D.
3079 1849 3366 1905 Athanasii

99 1938 345 1998 inventae
374 1951 526 2007 sunt,
560 1940 686 1995 ideo
719 1940 810 1995 hic
852 1947 981 1996 sunt
1012 1941 1246 2012 positae;
1283 1941 1410 1997 licet
1450 1949 1505 1997 et
1550 1942 1769 1996 nomine
1799 1941 2038 1997 auctoris
2068 1951 2122 1997 et
2146 1943 2309 1997 titulo
2349 1952 2615 1998 carerent.
2656 1939 2812 2008 Quod
2854 1941 2900 1996 si
2936 1940 3184 1995 divinare
3214 1940 3363 2008 licet,

98 2036 343 2106 putarim
388 2050 490 2105 ego
539 2049 727 2089 earum
765 2045 1042 2091 auctorem
1087 2035 1291 2089 vixisse
1333 2043 1457 2106 post
1497 2042 1688 2091 exorta
1726 2037 2030 2091 certamina
2073 2019 2508 2091 intefLatinam
2556 2043 2611 2091 et
2651 2037 2894 2091 Graecam
2929 2034 3254 2099 Ecclesiam,
3301 2040 3365 2088 ut

100 2136 251 2196 patet
304 2143 371 2182 ex
426 2127 621 2198 pagina
662 2126 788 2191 555,
828 2143 879 2181 a.
939 2124 1040 2180 Ubi
1079 2134 1223 2181 errat
1267 2125 1678 2195 Felckmannus,
1724 2128 1879 2182 homo
1929 2129 2068 2182 alias
2115 2130 2566 2195 accuratissimus,
2600 2144 2717 2182 cum
2749 2128 2823 2181 ait
2869 2128 2936 2182 ad
2973 2127 3221 2197 paginam
3259 2126 3364 2181 555

101 2219 539 2276 Commeliniante
595 2217 864 2286 editionis,
907 2218 1109 2289 aliquid
1152 2221 1625 2275 controversiarum
1664 2236 1914 2289 apparere
1949 2219 2157 2275 Crazcos
2192 2222 2329 2275 inter
2357 2232 2406 2275 et
2434 2220 2676 2275 Latinos.
2719 2219 2873 2275 Nihil
2909 2222 3045 2276 enim
3082 2221 3154 2275 ibi
3187 2228 3362 2274 exstat

96 2315 363 2386 ejusmodi
395 2332 413 2376 ;
454 2332 546 2370 nec
571 2317 765 2385 pagina
792 2314 898 2369 555
927 2316 995 2369 ad
1024 2314 1178 2370 hasce
1208 2315 1536 2382 Quwstiones
1555 2318 1797 2386 pertinet,
1827 2316 1917 2370 sed
1954 2316 2023 2370 ad
2051 2315 2422 2393 pracedentes.
2457 2316 2596 2370 Puto
2627 2316 2886 2370 adnotare
2916 2314 3143 2369 voluisse
3172 2311 3363 2367 Felck-

98 2424 359 2462 manuum
382 2424 497 2477 qua:
523 2407 587 2461 de
614 2405 843 2473 Francis
877 2406 1145 2470 dicuntur,
1178 2423 1282 2461 non
1314 2408 1369 2462 in
1399 2406 1539 2461 hisce
1569 2405 1982 2475 Quwslionibus,
2017 2407 2107 2462 sed
2133 2408 2185 2461 in
2214 2407 2529 2476 prwcedcnti
2560 2416 2744 2474 quwst.
2774 2408 2862 2463 76.
2892 2407 3172 2462 Habentur
3200 2421 3359 2473 porro

96 2500 181 2556 hee
225 2500 555 2568 Qumstiones
592 2499 649 2553 in
680 2498 883 2554 duobus
907 2498 1176 2553 codicibus
1206 2499 1385 2569 regiis,
1420 2498 1674 2552 nimirum
1710 2498 1766 2551 in
1798 2496 1961 2561 2558,
1998 2496 2088 2551 ubi
2145 2509 2514 2568 consequenter
2555 2506 2821 2567 ponuntur
2872 2507 2989 2567 post
3011 2497 3359 2569 λριιαίιιιίοηεο

97 2594 167 2648 ad
200 2592 544 2659 Antiochum,
564 2602 617 2647 et
637 2591 861 2646 multum
883 2593 1091 2648 variant
1119 2594 1184 2646 ab
1220 2590 1398 2657 editis,
1427 2599 1477 2646 et
1504 2591 1559 2646 in
1584 2588 1746 2645 2450.
1778 2589 2039 2645 Cancrum
2070 2607 2219 2647 nemo
2248 2592 2347 2645 erit
2377 2591 2466 2663 qui
2491 2588 2844 2646 Athanasium
2876 2601 3150 2646 tantarum
3190 2605 3359 2662 nuga-

94 2701 220 2741 rum
246 2697 454 2755 patrem
482 2701 595 2741 esse
625 2685 941 2755 suspicetur.

99 2983 244 3035 ἸὈΥ
289 2984 394 3037 EN
463 2985 714 3038 ΛΙἾΟΙΣ
773 2986 1067 3039 ΠΑΤΡΟΣ
1127 2986 1344 3040 ΗΜΩΝ
1402 2986 1673 3040 ΑΘΑΝΑ-

1795 2979 2052 3039 ΒΑΝΟΤΙ
2142 2978 2411 3035 PATRIS
2476 2976 2758 3035 NOSTRI
2863 2977 3291 3037 ATHANASII

161 3076 337 3129 ΣΙΟΥ
420 3078 1023 3132 ΑΡΧΙΕΠῙΣΚΟῘΙΟΥ
1093 3076 1645 3134 ΔΛΕΞΑΝΔΡΕΙΑΣ

160 3168 418 3223 ΕἾῈΡΑΙ
456 3171 666 3224 ΤΙΝΕΣ
719 3171 1145 3226 ΕΡΩΤΗΣΕΙΣ.

177 3430 485 3505 Ἐρώτησις
513 3439 583 3487 α’.
603 3433 669 3487 Τί
690 3435 806 3488 ἐστι
827 3434 994 3501 Θεός;

171 3546 514 3617 ⁹Δπόκρισις.
565 3548 698 3613 Θεός
743 3550 890 3604 ἐστιν
923 3549 1083 3606 οὐσία
1133 3549 1317 3624 νοερὰ,
1366 3551 1676 3625 ἀθεώρητος

86 3655 145 3691 τε
215 3638 311 3691 καὶ
366 3640 785 3710 ἀνερμήνευτος.
843 3642 976 3705 Θεός
1023 3644 1138 3695 ἐστι
1203 3642 1421 3714 πνεῦμα
1476 3645 1673 3710 ἄῡλον,

84 3728 370 3800 ὀφθαλμὸς
400 3730 726 3801 ἁκοίμητος,
767 3733 862 3786 καὶ
897 3733 1020 3799 νοῦς
1047 3734 1322 3805 ἀκίνητος.
1356 3734 1490 3798 Θεός
1528 3738 1675 3789 ἐστιν

84 3821 250 3875 οὐσία
294 3821 661 3895 δημιουργικὴ
708 3823 927 3879 πάντων
969 3824 1078 3880 τῶν
1119 3824 1369 3898 ἀοράτων
1414 3827 1510 3880 καὶ
1542 3828 1677 3902 ὁρω-

89 3913 277 3984 μένων
305 3913 639 3985 κτισμάτων.

163 4107 366 4181 Ἓριῦτ.
398 4109 465 4181 β’.
493 4111 606 4164 Καὶ
628 4111 718 4166 διὰ
745 4111 798 4165 τί
829 4111 1046 4182 λέγεται
1074 4112 1228 4179 Θεος,
1268 4116 1298 4167 ὁ
1328 4113 1493 4181 Θεός;

166 4222 364 4277 Ἀπόκ.
398 4222 531 4287 Θεὸς
562 4224 780 4294 λέγεται
820 4226 930 4279 ἀπὸ
975 4225 1067 4280 τοῦ
1104 4225 1326 4300 θεωρεῖν
1364 4226 1434 4281 τὰ
1467 4228 1667 4297 πάντα,

78 4315 250 4369 οἱονεὶ
275 4314 498 4386 θεωρὸς,
524 4319 620 4371 καὶ
643 4317 795 4384 Θεὸς,
827 4319 995 4390 ἤγουν
1021 4318 1220 4392 θεατὴς
1253 4321 1470 4376 πάντων
1501 4321 1594 4395 (6).

146 4513 270 4567 Καὶ
300 4512 460 4569 πάλιν
485 4513 616 4579 Θεὸς
655 4515 876 4584 λέγεται
902 4516 1011 4571 ἀπὸ
1035 4516 1128 4571 τοῦ
1159 4517 1304 4573 θέειν
1334 4521 1428 4574 καὶ
1450 4521 1667 4593 τρέχειν

75 4605 295 4679 νοητῶς
333 4608 576 4679 ἀχρόνως
598 4609 669 4663 τὰ
705 4609 903 4663 πάντα.
949 4610 1007 4664 Ὀ
1037 4610 1147 4683 γὰρ
1177 4611 1309 4675 Θεὸς
1347 4612 1435 4666 ἀεὶ
1457 4630 1668 4668 πάντα·

77 4700 176 4775 χοῦ
215 4699 504 4772 πάρεστιν.

156 4810 360 4884 Ἔρὼτ.
385 4820 452 4881 γ’.
480 4813 590 4866 Καὶ
617 4813 773 4867 πόσοι
816 4812 928 4868 θεοί
952 4815 1126 4881 είσιν;

155 4928 355 4981 Ἀπόκ.
390 4923 485 4991 Εἷς
523 4927 654 4991 Θεὸς
683 4927 794 4983 τῶν
830 4928 989 4993 θεῶν,
1032 4929 1126 4983 καὶ
1164 4929 1368 5001 Κύριος
1402 4928 1513 4983 τῶν
1559 4947 1660 4985 κυ-

75 5020 391 5091 ριευόντων,
432 5020 526 5073 καὶ
566 5020 703 5091 πλὴν
739 5021 902 5074 αὐτοῦ
932 5023 1035 5075 οὐκ
1063 5021 1212 5076 ἐστιν
1237 5021 1415 5086 ἄλλος.
1456 5023 1657 5092 Λέγον-

75 5129 161 5167 tat
216 5112 277 5165 δὲ
311 5110 422 5164 θεοὶ
467 5113 563 5166 καὶ
595 5114 652 5167 ob
690 5112 967 5185 ἄνθρωποι
1017 5113 1160 5169 κατὰ
1200 5114 1394 5185 χάριν
1434 5113 1510 5178 ὡς
1557 5115 1651 5168 τό·

1873 3071 2453 3131 ARCHIEPISCOP]
2476 3070 3016 3138 ΑιΕΧΑΝυηιΑΞ,
3087 3071 3297 3141 QUAE-

1852 3164 2176 3223 STIONES
2199 3164 2425 3219 ALLE.

1850 3433 2103 3501 Quzsrro
2133 3435 2176 3487 l.
2209 3431 2351 3499 Quid
2379 3438 2462 3489 est
2487 3430 2670 3488 Deus?

1847 3546 2169 3604 RESPONSIO.
2216 3545 2361 3602 Deus
2409 3554 2493 3601 est
2541 3544 2783 3601 essentia
2842 3544 3178 3611 intelligens,
3230 3559 3354 3615 quas

1776 3657 1880 3697 nec
1936 3642 2039 3697 sub
2084 3649 2364 3711 aspectum
2399 3639 2562 3703 cadit,
2598 3652 2700 3692 nec
2745 3637 2926 3692 verbis
2961 3636 3220 3707 explicari
3252 3652 3352 3708 po-

1775 3742 1905 3790 test.
1938 3733 2084 3790 Deus
2116 3740 2202 3789 est
2235 3731 2472 3803 Spiritus
2502 3745 2696 3785 carens
2727 3730 2978 3792 materia,
3011 3728 3208 3783 oculus
3238 3743 3351 3782 non

1776 3825 2096 3890 dormiens,
2160 3838 2319 3880 mens
2381 3821 2701 3877 immobilis.
2764 3818 2910 3876 Deus
2964 3826 3050 3875 est
3106 3818 3351 3875 essentia

1775 3913 2012 3968 creatrix
2044 3911 2289 3966 omnium
2320 3910 2678 3968 invisibilium
2704 3915 2759 3963 et
2784 3898 3086 3964 visibilium
3131 3916 3353 3964 creatu-

1774 4020 1985 4061 rarum.

1846 4120 2066 4188 Quas'r.
2095 4121 2165 4175 Il.
2198 4117 2363 4185 Deus,
2393 4133 2565 4188 quare
2594 4116 2796 4173 dicitur
2821 4115 3012 4171 Deus?

1842 4232 2007 4298 Rese,
2058 4231 2203 4288 Deus
2257 4232 2480 4295 dicitur,
2535 4228 2684 4300 quod
2737 4230 2922 4285 omnia
2966 4228 3169 4284 videat.
3228 4225 3348 4285 Vox

1772 4324 1918 4380 enim
1951 4339 2016 4378 ea
2046 4321 2251 4383 Graecis
2272 4330 2355 4376 est
2382 4317 2689 4384 avidendo,
2724 4319 2883 4389 quasi
2916 4316 3070 4372 dicas
3099 4323 3350 4372 contem-

1773 4415 2035 4485 platorem
2063 4413 2328 4468 omnium.

1836 4528 2076 4599 Rursum
2115 4526 2259 4584 Deus
2314 4526 2539 4588 dicitur,
2597 4522 2746 4595 quod
2785 4522 3199 4593 intelligibiliter
3228 4523 3349 4580 sine

1770 4627 2016 4689 tempore
2067 4626 2255 4672 currat
2309 4625 2363 4672 et
2416 4616 2679 4686 pervadat
2746 4616 2947 4670 omnia.
3002 4613 3147 4670 Deus
3197 4616 3346 4671 enim

1768 4724 1985 4778 semper
2012 4708 2213 4777 ubique
2242 4722 2486 4778 praesens
2513 4714 2616 4760 est.

1833 4821 2052 4888 Qussr.
2092 4819 2179 4874 lll.
2209 4819 2353 4886 Quot
2386 4825 2515 4875 sunt
2547 4817 2668 4872 dii?

1836 4933 2001 4990 Resp.
2040 4931 2195 4988 Unus
2220 4942 2305 4988 est
2335 4932 2479 4988 Deus
2509 4933 2758 4996 deorum,
2790 4937 2844 4987 et
2871 4928 3135 4986 Dominus
3164 4927 3345 4984 domi-

1766 5026 2034 5088 nantium,
2059 5032 2114 5079 et
2144 5032 2341 5094 praeter
2361 5025 2510 5078 illum
2539 5039 2648 5079 non
2672 5032 2756 5078 est
2784 5024 2921 5078 deus
2944 5024 3106 5076 alius.
3135 5019 3342 5074 Dicun-

1763 5122 1853 5168 tur
1883 5122 1938 5169 et
1971 5112 2222 5168 homines
2264 5112 2365 5178 dii,
2408 5113 2504 5168 sed
2538 5128 2603 5168 ex
2638 5114 2813 5184 gratia
2847 5132 2860 5168 :
2896 5118 2978 5178 ut,
3017 5131 3037 5164 ι
3069 5109 3182 5182 Ego
3203 5110 3339 5177 dixi,

58 5220 94 5289 ³ι
147 5197 299 5269 Ἐγὼ
323 5194 476 5264 εἶπα,
499 5200 623 5254 Θεοί
644 5202 790 5269 ἐστε,
824 5202 921 5257 καὶ⁸
944 5203 1050 5256 uici.
1076 5203 1330 5274 Ὑψίστου
1362 5204 1583 5270 πάντες.
1625 5224 1646 5257 ι

1795 5205 1841 5260 lii
1869 5204 2091 5272 estis,et
2112 5202 2209 5259 lilii
2239 5205 2511 5261 Altissimi
2542 5219 2756 5261 omnes.
2778 5206 2800 5237 ⁷
2821 5224 2839 5257 ι

137 5384 159 5414 τ
202 5382 352 5451 Psal.
391 5398 593 5450 Lxxxr,
627 5384 682 5441 6.

139 5526 270 5610 (5")
306 5536 384 5595 De
414 5539 675 5612 μετανοίᾳ
702 5538 942 5597 diximus
976 5540 1033 5596 in
1061 5537 1287 5614 Typico.
1325 5540 1567 5597 Analect.
1599 5539 1767 5597 Gra’c.
1802 5557 1924 5616 pag.
1956 5541 2062 5599 209
2089 5548 2143 5600 et
2169 5540 2226 5598 in
2258 5538 2623 5597 Onomastico.

140 5719 224 5792 (6)
263 5719 340 5775 lta
367 5718 481 5794 Reg
530 5720 588 5777 In
616 5720 777 5779 editis
806 5735 958 5789 vero,
986 5731 1109 5793 post
1136 5724 1375 5791 πάντων,
1407 5722 1606 5797 legitur
1631 5721 1826 5786 ἄλλως.
