3868 6206
454 297 564 355 7⁸ῖὸ
654 330 659 337 ~

455 510 570 566 lum
612 520 784 562 unum
831 504 1002 558 Deum
1030 500 1380 573 proﬁtemur,
1410 497 1595 552 tribus
1643 492 2041 565 hypostasibus

458 606 825 661 constantem,
849 611 973 652 esse
1003 594 1244 656 Patrem,
1276 590 1476 645 Filium
1523 597 1579 642 et
1615 584 1882 656 Spiritum
1912 598 2032 639 san-

460 692 648 749 ctum?
675 688 817 746 Ecce
850 687 998 743 enim
1032 695 1142 740 tres
1168 682 1492 752 proﬁtemur
1520 684 1576 732 et
1609 692 1720 731 non
1752 688 1943 729 unum.
1972 673 2042 726 At

460 792 521 840 tu
545 785 681 840 doce
707 796 829 842 nos,
866 778 1142 849 quomodo
1181 790 1324 829 unus
1369 776 1441 827 sit
1474 771 1638 833 Deus,
1670 776 1727 823 et
1764 765 2042 838 quomodo

462 875 709 930 vicissim
739 880 855 926 tres
879 881 1147 941 personas
1175 866 1243 920 de
1278 863 1392 918 Deo
1419 860 1790 917 enuntiemus.
1829 854 2041 910 Permi-

462 981 588 1021 rum
624 965 727 1018 hoc
770 962 930 1016 nobis
960 958 1198 1023 videtur,
1245 971 1369 1012 esse
1408 968 1580 1008 unum
1627 951 1795 1006 Deum
1829 956 1882 1004 et
1930 955 2045 1003 tres

462 1057 587 1129 ejus
614 1069 904 1127 personas.

533 1149 696 1202 Resr.
738 1147 1034 1216 Diligenter
1086 1141 1333 1196 animum
1377 1137 1618 1198 adverte,
1667 1141 1722 1190 et
1770 1131 2045 1201 intelliges

465 1254 639 1295 sacrae
682 1235 973 1290 Trinitatis
1021 1232 1367 1304 mysterium,
1415 1236 1688 1297 quatenus
1736 1238 1894 1278 mens
1941 1222 2046 1276 hu-

466 1346 624 1387 mana
657 1344 819 1384 nosse
846 1333 1042 1396 potest.
1079 1323 1197 1377 Nisi
1221 1320 1390 1392 quod,
1426 1326 1486 1373 ut
1518 1317 1651 1370 mihi
1679 1315 1916 1375 videtur,
1939 1313 2046 1367 hoc

464 1423 687 1483 dicitur,
722 1417 903 1488 quoad
937 1430 1033 1485 per
1073 1414 1182 1466 vim
1229 1411 1524 1466 verborum
1567 1406 1682 1460 ﬁeri
1715 1406 1865 1460 licet.
1904 1404 2047 1457 Deus

464 1514 612 1570 enim
635 1509 899 1580 explicari
932 1506 1142 1576 nequit,
1178 1520 1244 1558 ac
1287 1511 1575 1573 propterea
1608 1514 1715 1552 non
1755 1510 2048 1566 possumus

466 1598 933 1672 comprehendere
982 1605 1237 1650 naturam
1277 1593 1398 1661 ejus
1428 1611 1440 1645 :
1469 1603 1645 1660 neque
1682 1586 1856 1639 nostri
1897 1583 2049 1639 simi-

466 1693 536 1750 lis
570 1703 655 1748 est
691 1706 802 1746 una
856 1689 973 1745 sola
1021 1692 1285 1740 constans
1331 1696 1585 1751 persona.
1617 1676 1773 1743 Quod
1822 1675 1867 1730 si
1902 1678 2049 1728 esset

1585 286 1647 343 S.
1688 278 2155 339 ATHANASEUS.
2186 308 2258 322 —
2288 276 2562 334 SPURIA.
3630 262 3751 318 776

526 411 930 487 281005“.
962 406 1057 465 Ν.
1096 407 1170 463 At
1220 405 1271 462 si
1317 411 1402 461 est
1431 418 1603 468 unus,
1643 398 1923 472 quomodo
1969 397 2040 451 il-
2070 408 2115 463 Α

2225 394 2418 468 Ἐρώτ.
2453 395 2517 450 δ’.
2545 393 2658 448 Kal
2687 395 2764 457 ὡς
2789 393 2871 448 ἔνι
2902 390 3005 458 εἷς,
3030 388 3151 453 πῶς
3178 386 3413 457 λέγομεν
3441 382 3610 437 αὐτὸν
3639 389 3751 433 rev

2149 487 2247 542 ἕνα
2291 487 2424 541 Θεὸν
2472 484 2940 557 τρισυπόστατον,
2979 481 3236 553 Πατέρα,
3288 476 3384 531 καὶ
3429 475 3576 535 Υίὸν,
3640 472 3751 526 καὶ

2148 578 2304 647 ἅγιον
2351 578 2610 649 Πνεῦμα;
2664 577 2796 630 Ἰδοὺ
2847 575 2958 646 γὰρ
3001 575 3151 645 τρεῖς
3181 570 3435 640 λέγομεν,
3487 565 3585 619 καὶ
3636 564 3751 633 οὐκ

2146 670 2264 726 ἕνα.
2313 669 2473 723 Ἀλλὰ
2520 668 2731 735 δίδαξον
2778 668 2910 738 ἡμῖν
2958 664 3077 728 πῶς
3117 664 3263 716 ἐστιν
3307 654 3390 723 εἷς
3420 658 3552 721 Θεός
3569 672 3588 688 σ
3640 656 3748 711 καὶ

2149 761 2267 826 πῶς
2300 761 2463 816 πάλιν
2504 761 2634 832 τρία
2666 759 2934 832 πρόσωπα
2966 756 3095 828 περὶ
3134 753 3269 807 Θεοῦ
3300 753 3553 821 λέγομεν.
3590 750 3749 803 Θαυ-

2152 852 2355 924 μαστὸν
2380 855 2513 924 ἡμῖν
2551 852 2696 906 δοκεῖ
2726 850 2907 915 τοῦτο,
2932 850 3080 911 ὃπως
3113 846 3209 901 καὶ
3235 841 3315 909 εἷς
3344 845 3491 898 ἐστιν
3519 845 3548 897 6
3574 842 3746 907 Θεὸς,

2149 944 2245 998 ml.
2276 942 2402 1013 τρία
2432 943 2500 997 τὰ
2529 942 2799 1014 πρόσωπα
2827 938 3016 995 αὐτοῦ.

2234 1119 2422 1174 Ἀπόκ.
2458 1119 2658 1172 ’Ἄκουε
2690 1116 2948 1183 συνετῶς,
2988 1115 3084 1170 ml.
3112 1115 3326 1187 νοήσεις
3354 1114 3414 1167 τὸ
3441 1112 3544 1182 τῆς
3573 1112 3749 1180 ἁγίας

2152 1209 2381 1283 Τριάδος
2417 1210 2744 1280 μυστήριον,
2783 1206 2965 1270 καθὼς
3012 1204 3235 1259 δύναται
3278 1203 3401 1265 νοῦς
3433 1202 3748 1274 ἀνθρώπων

2153 1303 2364 1373 νοῆσαι.
2406 1302 2494 1364 Ὠς
2527 1301 2650 1371 ἐμοὶ
2685 1299 2823 1371 πλὴν
2850 1298 3017 1362 δοκεῖ,
3048 1296 3184 1368 πρὸς
3210 1295 3309 1366 τὴν
3333 1295 3474 1349 κατὰ
3505 1294 3749 1364 δύναμιν

2151 1399 2284 1467 ἡμῖν
2317 1395 2424 1448 τῶν
2452 1393 2650 1459 λέξεων
2691 1393 2911 1461 λέγεται
2953 1390 3133 1444 τοῦτο.
3180 1389 3237 1442 Ὀ
3270 1390 3378 1459 γὰρ
3409 1387 3542 1449 Θεὸς
3575 1386 3749 1456 ἀνερ-

2157 1490 2230 1560 μὴ
2241 1487 2416 1550 νευτός
2438 1488 2574 1550 ἐστι,
2601 1486 2695 1538 κα)⁵
2718 1485 2804 1538 διὰ
2836 1484 2995 1538 τοῦτο
3018 1482 3081 1536 οὐ
3104 1478 3380 1551 δυνάμεθα
3409 1476 3749 1532 καταλαὸεῖν

2153 1578 2320 1634 αὐτοῦ
2341 1577 2439 1649 τὴν
2466 1575 2626 1646 φύσιν
2650 1592 2664 1607 ·
2696 1573 2817 1629 οὐδὲ
2850 1574 3033 1644 ὅμοιος
3059 1569 3215 1641 ἡμῶν
3240 1571 3356 1621 ἐστι
3388 1566 3747 1639 μονοπρόσω-

2155 1686 2274 1731 πος.
2320 1668 2385 1720 Εἰ
2417 1666 2526 1737 γὰρ
2559 1662 2626 1737 ἦν
2661 1663 3102 1736 μονοπρόσωπθς,
3134 1658 3501 1730 ὲγινὼσκομεν
3541 1659 3610 1712 ἂν
3644 1659 3750 1710 αὐ-

467 1799 574 1839 una
603 1796 862 1853 persona,
918 1788 1380 1848 cognosceremus
1419 1786 1565 1829 eum.
1611 1770 1688 1823 uti
1729 1782 1828 1820 nos
1863 1771 2050 1818 mutuo

2165 1759 2260 1824 τὸν,
2287 1758 2362 1821 ὡς
2395 1756 2765 1826 ὲγινώσκομεν
2798 1755 3060 1823 ἀλλήλους
3090 1753 3260 1824 ἡμᾶς.
3306 1751 3444 1804 Ἀλλ’
3471 1750 3622 1804 ἐστιν
3658 1744 3749 1813 εἷς

467 1877 743 1931 novimus.
792 1870 899 1926 Sed
941 1878 1024 1924 est
1063 1882 1207 1922 unus
1241 1864 1461 1935 quidem
1498 1862 1661 1924 Deus,
1698 1867 1813 1913 tres
1871 1867 2050 1910 autem

469 1971 594 2041 ejus
651 1976 780 2023 sunt
815 1978 1088 2037 personae.
1141 1960 1207 2014 Et
1237 1960 1360 2014 vide
1418 1972 1567 2013 nunc
1613 1970 1733 2024 quae
1772 1953 2047 2007 dicantur.

470 2056 944 2129 Quemadmodum
984 2055 1065 2109 sol
1097 2060 1181 2106 est
1211 2067 1353 2105 unus
1396 2068 1408 2102 :
1447 2050 1528 2104 sol
1560 2056 1741 2101 autem
1774 2044 1938 2098 habet
1965 2058 2055 2096 ra-

470 2154 623 2209 dium
651 2159 707 2205 et
741 2150 944 2211 lucem,
974 2155 1029 2201 et
1072 2153 1204 2200 sunt
1244 2145 1299 2197 in
1336 2142 1451 2197 sole
1485 2149 1599 2194 tres
1640 2151 1889 2208 persona-
1919 2153 1932 2189 :
1963 2149 2053 2189 or-

471 2243 582 2307 bis,
614 2240 803 2295 radius
842 2247 896 2293 et
926 2241 1038 2291 lux.
1073 2235 1236 2291 Orbis
1268 2234 1488 2304 quidem
1522 2238 1606 2286 est
1643 2226 2051 2298 receptaculum

473 2333 642 2388 solis:
670 2330 861 2385 radius
892 2344 1041 2391 vero,
1077 2328 1169 2397 qui
1199 2324 1488 2380 “descendit
1524 2322 1760 2383 lucidus,
1794 2332 2055 2389 repercuo

475 2420 613 2474 titur
638 2417 703 2471 ad
728 2427 932 2472 terram
960 2435 973 2471 :
1002 2417 1186 2470 lumen
1216 2429 1346 2469 vero
1376 2415 1520 2468 lucet
1547 2412 1712 2465 etiam
1744 2411 1799 2464 in
1825 2409 2052 2464 umbroa

476 2513 554 2568 sis
595 2511 732 2566 locis
769 2512 887 2565 sine
937 2510 1109 2563 radio.
1142 2507 1207 2561 Et
1251 2522 1382 2562 ecce
1428 2514 1542 2560 tres
1587 2510 1717 2558 sunt
1755 2516 2046 2572 personae:

477 2603 650 2665 orbis,
681 2601 869 2655 radius
902 2610 956 2655 et
986 2601 1101 2654 lux.
1131 2598 1246 2653 Non
1283 2598 1520 2653 dicimus
1547 2608 1723 2650 autem
1752 2603 1862 2649 tres
1885 2594 2050 2659 soles,

479 2697 573 2751 sed
605 2711 771 2749 unum
806 2695 972 2748 solem
1001 2712 1015 2747 :
1040 2708 1139 2747 nec
1161 2692 1396 2746 dicimus
1424 2705 1588 2743 unam
1616 2702 1931 2758 personam,
1956 2685 2053 2741 sed

478 2794 611 2843 tres.
645 2786 701 2840 Si
722 2787 867 2841 enim
900 2785 1276 2854 interrogeris,
1309 2792 1445 2854 quot
1485 2782 1597 2837 sint
1627 2780 1771 2835 soles
1808 2779 1863 2833 in
1887 2779 2049 2844 coelo,

478 2878 730 2934 dicturus
767 2895 848 2942 es,
879 2878 1023 2948 quod
1070 2893 1213 2931 unus
1242 2877 1314 2932 sit
1357 2876 1441 2931 sol
1470 2895 1483 2930 :
1508 2876 1556 2930 si
1591 2890 1722 2929 vero
1752 2860 2055 2943 interroge-

480 2969 588 3034 ris,
620 2977 753 3040 quot
772 2970 881 3024 sint
904 2983 1148 3039 persome
1170 2968 1323 3030 solis,
1353 2966 1603 3021 dicturus
1631 2980 1712 3032 es,
1736 2965 1883 3035 quod
1909 2974 2050 3020 tres:

482 3062 656 3125 orbis,
691 3061 879 3115 radius
905 3067 957 3112 ct
992 3061 1083 3113 lux
1115 3079 1129 3114 :
1156 3059 1238 3114 sic
1262 3059 1423 3114 etiam
1447 3056 1625 3127 cogita
1655 3055 1723 3110 de
1751 3055 1882 3111 Deo.
1911 3056 2053 3111 Deus

483 3161 569 3207 est
608 3169 772 3216 unus,
808 3167 1057 3222 persona:
1107 3156 1286 3205 autem
1333 3149 1496 3204 unius
1543 3147 1639 3203 Dei
1685 3157 1818 3212 tres,
1854 3146 2054 3214 Patris,

483 3241 631 3304 Filii,
656 3251 710 3296 et
739 3242 974 3310 Spiritus
1007 3240 1207 3295 sancti;
1233 3237 1297 3290 Et
1339 3254 1405 3292 ex
1445 3238 1547 3291 hoc
1589 3253 1883 3308 cognosce,
1913 3238 2059 3306 quod

485 3331 944 3402 quemadmodum
993 3329 1076 3383 sol
1122 3334 1341 3382 caustat
1369 3326 1545 3381 tribus
1578 3328 1852 3395 personis,
1885 3330 1960 3380 ita
2005 3334 2060 3381 et

486 3438 632 3478 unus
668 3421 808 3476 Deus
841 3421 1017 3474 tribus
1056 3419 1328 3489 personis.
1363 3416 1550 3487 Typus
1592 3418 1737 3471 enim
1766 3416 1946 3472 Patris
1976 3424 2062 3473 est

487 3516 639 3570 orbis
664 3513 860 3569 solaris
887 3532 900 3567 :
927 3522 1088 3583 typus
1108 3509 1231 3564 Filii
1260 3518 1344 3566 est
1374 3510 1562 3564 radius
1586 3529 1600 3564 :
1633 3518 1792 3578 typus
1827 3508 2063 3580 Spiritus

489 3608 666 3661 sancti
714 3618 797 3660 est
833 3605 1015 3659 lumen
1074 3603 1229 3658 solis.
1278 3601 1536 3668 Proinde,
1568 3602 1662 3656 dic
1695 3603 1768 3656 ita
1799 3620 1812 3655 :
1840 3600 1899 3655 ln
1946 3602 2062 3657 sole

487 3697 660 3760 orbis,
702 3696 888 3750 radius
941 3703 995 3750 et
1040 3695 1225 3749 lumen
1252 3711 1265 3748 :
1295 3708 1405 3748 non
1440 3692 1678 3747 dicimus
1726 3699 1920 3746 autem
1954 3699 2065 3747 tres

487 3790 655 3853 soles,
688 3788 782 3843 sed
817 3803 984 3842 unum
1017 3795 1072 3842 et
1101 3788 1280 3841 solum
1309 3784 1599 3840 :similiter
1624 3792 1680 3839 et
1709 3783 1766 3838 in
1800 3782 1932 3848 Deo,
1961 3781 2068 3837 Pa-

489 3886 594 3942 ter,
628 3876 800 3932 Filius
841 3884 895 3931 et
939 3876 1180 3948 Spiritus
1217 3880 1462 3938 sanctus,
1494 3887 1639 3926 unus
1678 3871 1841 3936 Deus,
1875 3879 1929 3925 et
1957 3887 2068 3925 non

486 3974 621 4022 tres.
645 3966 712 4019 Et
743 3965 1009 4030 vicissim,
1040 3964 1130 4019 dic
1152 3962 1229 4016 ita
1250 3979 1277 4016 -:
1313 3959 1371 4015 In
1406 3961 1521 4016 sole
1554 3958 1938 4031 inseparabilis
1977 3973 2070 4011 or-

487 4060 595 4122 bis,
637 4066 692 4113 et
725 4058 913 4112 radius
941 4065 995 4110 et
1022 4057 1227 4117 lumen,
1255 4068 1360 4108 non
1389 4055 1532 4108 enim
1564 4058 1922 4124 segregantur
1956 4065 1985 4104 a
2011 4064 2071 4105 se

491 4149 749 4212 imicem,
780 4156 834 4202 et
859 4146 1105 4202 eamdem
1136 4145 1207 4199 ob
1241 4158 1465 4197 causam
1498 4143 1722 4207 dicitur,
1756 4158 1901 4197 unus
1927 4141 2071 4199 Deus

490 4246 673 4294 etnon
717 4248 853 4300 tres,
900 4238 1157 4308 quoniam
1189 4250 1296 4289 non
1341 4243 1700 4304 segregantur
1735 4242 1848 4288 tres
1882 4248 2073 4304 perso-

492 4345 599 4394 nae,
637 4328 839 4394 Patris,
870 4327 993 4382 Filii
1037 4338 1091 4382 et
1129 4326 1371 4397 Spiritus
1416 4325 1592 4381 sancti
1624 4324 1788 4379 unius
1815 4323 1909 4379 Dei
1945 4338 1975 4377 a
2014 4337 2075 4377 se

2155 1846 2253 1918 μὲν
2295 1848 2323 1898 6
2365 1844 2517 1908 Θεὸς,
2557 1844 2627 1897 τὰ
2649 1845 2706 1898 δὲ
2739 1845 3009 1916 πρόσωπα
3046 1841 3212 1896 αὑτοῦ
3240 1842 3384 1913 τρία.
3422 1842 3535 1894 Kal
3569 1840 3781 1911 βλέπει

2152 1938 2357 2009 ἁπάρτι
2382 1937 2451 1990 τὰ
2475 1936 2762 2005 λεγόμενα.
2791 1935 3001 2007 Ὥσπερ
3029 1935 3181 2006 ἥλιος
3214 1934 3292 1987 ἔνι
3321 1927 3422 1997 εἷς,
3451 1935 3480 1987 6
3503 1933 3562 1986 δὲ
3586 1932 3750 2003 ἣλιος

2152 2028 2264 2098 ἕχει
2289 2030 2483 2081 ἀκτῖνα
2510 2029 2603 2081 καὶ
2626 2026 2762 2098 φῶς,
2788 2027 2883 2081 ml.
2910 2028 3048 2081 εἰσὶν
3075 2028 3134 2080 ἐν
3158 2025 3236 2097 τῷ
3262 2025 3397 2097 ἡλίῳ
3417 2025 3544 2096 τρία
3574 2025 3753 2096 πρόσ-

2152 2137 2296 2185 ωπα,
2331 2120 2533 2185 δίσκος,
2569 2119 2748 2183 ἀκτὶς,
2780 2118 2875 2171 ml.
2924 2117 3072 2187 φῶς·
3117 2118 3209 2172 καὶ
3245 2118 3426 2180 δίσκος
3461 2118 3559 2188 μὲν
3600 2134 3752 2170 καυ-

2152 2202 2266 2284 χίὸν
2297 2213 2390 2266 τοῦ
2418 2212 2567 2284 ἡλίου
2584 2252 2599 2277 ,
2626 2212 2782 2276 ἀκτὶς
2815 2211 2872 2265 δὲ
2900 2211 3339 2284 καταϐαινομένη
3382 2210 3753 2282 λαμπαδοφα-

2152 2305 2258 2369 νῶς
2288 2307 2382 2360 ml
2410 2305 2679 2378 κρούουσα
2706 2305 2845 2376 πρὸς
2874 2304 2973 2377 τὴν
3000 2304 3106 2376 γῆν
3123 2321 3138 2337 ο
3168 2305 3284 2375 φῶς
3306 2304 3365 2358 δὲ
3390 2305 3452 2358 τὸ
3480 2303 3748 2373 φωτίζον,

2153 2399 2247 2452 καὶ
2285 2399 2363 2463 είς
2383 2400 2516 2463 ’τοὺς
2550 2397 2895 2463 ἐπιηιώδεις
2924 2398 3122 2462 τόπους
3149 2398 3320 2469 χωρὶς
3354 2398 3590 2460 ἀκτῖνος.
3631 2399 3754 2452 Καὶ

2158 2486 2266 2541 ίδοὺ
2298 2487 2565 2559 πρόσωπα
2601 2487 2701 2558 μὲν
2736 2488 2884 2558 τρια,
2917 2487 3120 2551 δίσκος,
3149 2488 3327 2552 ἀκτὶς,
3361 2486 3456 2540 καὶ
3495 2487 3635 2555 φῶς.
3665 2489 3750 2541 Οὐ

2155 2579 2388 2651 λέγομεν
2412 2579 2470 2631 δὲ
2506 2582 2651 2650 τρεῖς
2671 2579 2879 2649 ἡλίους,
2900 2577 3013 2634 ἀλλ’
3038 2578 3136 2633 ἕνα
3162 2577 3332 2649 ἣλιον,
3361 2577 3482 2631 οὐδὲ
3508 2577 3755 2650 λέγομεν

2155 2672 2444 2743 πρόσωπον
2479 2671 2557 2736 ἓν,
2589 2671 2725 2725 ἀλλὰ
2751 2671 3020 2742 πρόσωπα
3048 2670 3198 2740 τρία.
3237 2670 3363 2723 Ἑὰν
3389 2668 3499 2741 γὰρ
3526 2671 3753 2740 ἐρωτη-

2155 2768 2275 2840 θῇς,
2306 2770 2389 2822 ὅτι
2424 2769 2579 2823 πόσοι
2618 2767 2760 2839 ἥλιοι
2795 2770 2852 2820 ὲν
2882 2766 2960 2836 τῷ
2998 2764 3249 2839 οὐρανῷ,
3280 2764 3490 2837 μέλλεις
3540 2766 3751 2827 εἰπεῖν,

2154 2859 2237 2912 ὃτι
2261 2858 2411 2930 ἥλιος
2440 2853 2519 2922 εἷς
2545 2860 2692 2911 ἐστιν
2713 2874 2726 2888 ·
2755 2859 2804 2909 εί
2830 2856 2874 2909 δ’
2901 2854 3204 2928 ἐρωτηθῇς,
3235 2854 3318 2907 δτι
3350 2853 3618 2924 πρόσωπα
3647 2851 3753 2905 τοῦ

2155 2951 2305 3023 ἡλίου
2354 2949 2496 3002 πόσα
2533 2949 2669 3015 ἐστὶ,
2719 2947 2930 3019 μέλλεις
2964 2947 3168 3010 εἰπεῖν,
3218 2944 3302 2999 ὅτι
3333 2942 3491 3015 τρία,
3525 2943 3752 3007 δίσκος,

2159 3044 2317 3107 ἀκτὶς
2337 3082 2352 3107 ,
2388 3042 2482 3095 ml.
2514 3040 2657 3111 φῶς’
2690 3039 2834 3092 οὕτω
2877 3038 2985 3092 νόει
3013 3037 3108 3091 ml.
3137 3037 3267 3108 περὶ
3295 3036 3387 3090 τοῦ
3416 3034 3574 3089 Θεοῦ.
3608 3034 3757 3099 Θεὸς

2164 3138 2260 3209 μὲν
2294 3130 2406 3199 εἷς,
2442 3135 2711 3204 πρόσωπα
2739 3131 2796 3184 δὲ
2840 3130 2934 3184 τοῦ
2971 3130 3088 3194 ἐνὸς
3127 3128 3263 3183 Θεοῦ
3306 3129 3457 3200 τρία,
3498 3128 3754 3200 Πατρὸς,

2162 3227 2316 3293 Υἱοῦ,
2350 3228 2443 3281 ml.
2464 3224 2617 3294 ἁγίου
2651 3222 2989 3295 Πνεύματος.
3020 3223 3131 3276 Kal.
3162 3224 3227 3275 ὲκ
3256 3221 3447 3275 τούτου
3480 3221 3754 3290 γίνωσκε,

2162 3323 2265 3385 ὃτι,
2301 3319 2490 3391 ὥσπερ
2522 3321 2549 3371 6
2573 3315 2724 3388 ἡλιός
2749 3318 2864 3369 ἐστι
2892 3314 3311 3387 τριπρόσωπος,
3343 3313 3486 3368 οὕτω
3524 3314 3620 3367 καὶ
3665 3308 3760 3377 εἷς

2162 3412 2295 3475 Θεὸς
2330 3410 2783 3482 τρισυπόστατος.
2817 3405 2998 3469 Τύπος
3029 3406 3138 3477 γὰρ
3168 3406 3262 3459 τοῦ
3294 3406 3506 3478 Πατρός
3540 3408 3691 3461 ἐστιν
3723 3408 3760 3459 6

2163 3503 2344 3566 δίσκος
2371 3503 2399 3554 6
2434 3501 2679 3573 ἡλιακὸς,
2709 3498 2877 3562 τύπος
2918 3498 3012 3552 τοῦ
3040 3499 3171 3552 Υἱοῦ
3200 3501 3348 3554 ἐστιν
3376 3501 3409 3570 ἡ
3443 3500 3622 3564 ἀκτὶς,
3654 3499 3763 3554 τύ-

2166 3612 2267 3658 πος
2290 3592 2384 3647 τοῦ
2407 3592 2564 3662 ἁγίου
2595 3591 2911 3663 Πνεῦματός
2935 3594 3051 3646 ἐστι
3077 3591 3140 3645 τὸ
3171 3591 3286 3662 φῶς
3310 3591 3405 3645 τοῦ
3430 3591 3602 3662 ἡλίου.
3637 3592 3762 3647 Καὶ

2167 3689 2291 3742 εἰπὲ
2319 3687 2492 3750 οὓτως
2514 3703 2528 3718 ·
2576 3687 2699 3740 Ἐπὶ
2727 3686 2822 3740 τοῦ
2860 3685 3012 3758 ἡλίου
3040 3685 3243 3749 δίσκος,
3274 3683 3450 3749 ἀκτὶς,
3478 3684 3574 3738 ml.
3609 3685 3756 3759 (prb;-

2166 3780 2228 3833 οὐ
2271 3779 2501 3851 λέγομεν
2547 3778 2606 3834 δὲ
2658 3780 2807 3851 τρεῖς
2852 3777 3055 3850 ἡλίους,
3106 3777 3220 3831 ἀλλ’
3266 3777 3362 3831 ἕνα
3409 3778 3502 3831 καὶ
3550 3777 3756 3849 μόνον’

2169 3872 2366 3942 ὁμοίως
2394 3873 2487 3927 καὶ
2510 3872 2601 3925 ἐπὶ
2624 3871 2779 3936 Θεοῦ,
2806 3869 3018 3943 Πατὴρ,
3048 3871 3197 3937 Υἱὸς,
3227 3871 3323 3925 καὶ
3344 3870 3496 3939 ἆγιον
3520 3871 3762 3941 Πνεῦμα

2169 3957 2250 4025 εἷς
2269 3961 2422 4026 Θεὸς,
2455 3961 2550 4015 καὶ
2579 3962 2642 4015 οὐ
2677 3961 2844 4032 τρεῖς.
2878 3959 2991 4014 Kal.
3031 3959 3192 4013 πάλιν
3220 3960 3343 4013 εἰπὲ
3372 3959 3577 4023 οὕτως’
3626 3962 3762 4015 Ἐπὶ

2168 4053 2264 4108 τοῦ
2313 4053 2463 4125 ἡλίου
2499 4053 2799 4126 ἁχὼριστος
2831 4053 2861 4106 6
2902 4052 3103 4117 δίσκος,
3144 4054 3299 4125 καὶὴ
3340 4054 3517 4118 ἀκτὶς,
3554 4055 3653 4107 καὶ
3688 4055 3764 4109 τὸ

2172 4144 2319 4216 φῶςο
2349 4145 2410 4198 οὐ
2441 4143 2549 4216 γὰρ
2578 4143 2901 4214 χωρίζονται
2935 4144 3027 4197 ἀπ’
3060 4143 3323 4216 ἀλλήλων,
3353 4144 3441 4198 διὰ
3463 4143 3623 4197 τοῦτο
3662 4143 3767 4197 λέ-

2171 4254 2325 4306 γεται
2351 4236 2446 4291 ml.
2473 4234 2552 4300 εἷς
2585 4234 2739 4301 Θεὸς,
2763 4233 2858 4289 καὶ
2882 4235 2942 4289 οὐ
2970 4236 3120 4307 τρεῖς
3144 4253 3158 4265 ·
3184 4235 3316 4289 διότι
3334 4237 3396 4289 οὐ
3423 4233 3765 4307 χωρίζονται

2172 4329 2240 4384 τὰ
2271 4328 2396 4401 τρία
2425 4328 2713 4401 πρόσωπα,
2741 4325 2835 4382 τοῦ
2860 4344 2920 4383 τε
2948 4324 3183 4400 Πατρὸς,
3217 4328 3313 4381 καὶ
3342 4327 3437 4381 τοῦ
3468 4326 3625 4390 Υἱοῦ,
3660 4330 3764 4384 καὶ

493 4421 746 4476 invicem.
791 4420 858 4474 Et
904 4419 1360 4490 quemadmodum
1407 4418 1556 4473 orbis
1611 4417 1809 4473 solaris
1842 4422 2059 4487 generat

2173 4421 2267 4476 τοῦ
2308 4422 2463 4491 ἁγίου
2515 4422 2866 4492 Πνεύματος,
2896 4419 2992 4475 τοῦ
3025 4420 3144 4484 ἑνὸς
3182 4420 3318 4475 Θεοῦ
3351 4421 3445 4475 ἀπ’
3479 4420 3761 4493 ἀλλήλων.

493 4512 732 4578 radium,
763 4519 817 4564 et
847 4511 1042 4564 emittit
1080 4511 1260 4563 lumen
1290 4528 1303 4563 :
1333 4509 1406 4562 ita
1450 4507 1593 4564 Deus
1623 4515 1678 4561 et
1708 4506 1872 4562 Pater
1904 4521 2069 4576 gene-

494 4607 579 4653 rat
611 4599 830 4663 Filium,
868 4609 922 4655 et
947 4600 1147 4655 emittit
1178 4597 1444 4668 Spiritum
1481 4608 1752 4654 sanctum.
1786 4596 2071 4667 Perpende

496 4691 808 4761 diligenter,
838 4689 1293 4761 quemadmodum
1326 4690 1514 4744 radius
1535 4690 1669 4744 solis
1693 4687 1977 4743 descendit
2002 4703 2067 4742 cx

496 4785 638 4840 coelo
672 4783 739 4837 ad
775 4790 1000 4846 terram,
1045 4797 1221 4850 neque
1270 4781 1339 4836 ab
1374 4781 1509 4836 orbe
1560 4779 1727 4836 solari
1761 4791 2068 4849 separatur,

473 4887 600 4930 ‘nec
624 4890 651 4927 a
683 4875 823 4929 cmlo
861 4874 1036 4938 abest,
1083 4887 1261 4941 neque
1296 4888 1326 4926 a
1375 4878 1543 4938 terra,
1599 4872 1695 4926 sed
1743 4884 1827 4926 est
1857 4873 1911 4925 in
1940 4872 2073 4926 orbe

498 4968 688 5031 solari,
720 4974 773 5020 et
806 4967 858 5020 in
891 4954 1057 5029 caelo,
1104 4972 1157 5019 et
1190 4964 1246 5018 in
1294 4969 1464 5032 terra,
1494 4972 1548 5019 et
1583 4963 1814 5035 ubique;
1846 4964 1939 5019 sed
1978 4979 2075 5018 ne-

496 5079 603 5133 que
645 5061 699 5115 in
729 5059 1109 5130 superioribus
1146 5056 1354 5123 deﬁcit,
1382 5072 1561 5127 neque
1595 5058 1649 5112 in
1682 5058 2071 5125 inferioribus;

499 5161 581 5210 sic
612 5154 778 5208 etiam
828 5149 1000 5205 Filius
1039 5160 1092 5204 et
1122 5147 1362 5204 Verbum
1398 5147 1495 5204 Dei
1532 5147 1822 5204 descendit
1857 5147 1924 5202 ad
1966 5157 2075 5203 ter-

498 5260 638 5309 ram,
668 5250 721 5297 et
748 5256 924 5312 neque
940 5239 1161 5295 Patrem
1190 5238 1503 5310 dereliquit,
1526 5255 1703 5309 neque
1732 5238 1954 5304 ccelum,
1981 5253 2074 5292 ne-

499 5348 609 5404 que
638 5341 838 5387 terram
870 5349 884 5385 :
911 5330 1006 5385 sed
1050 5337 1170 5384 erat
1196 5329 1249 5382 in
1283 5328 1491 5399 gremio
1523 5326 1703 5383 Patris
1732 5326 2077 5397 inseparabi-

501 5425 591 5487 lis,
634 5430 690 5478 et
733 5437 921 5492 supra,
976 5430 1031 5476 et
1085 5419 1229 5474 infra
1259 5429 1313 5475 et
1349 5420 1551 5491 ubique
1577 5440 1590 5475 :
1616 5435 1794 5489 neque
1841 5434 2077 5495 usquam

499 5515 844 5570 desideratus
867 5521 971 5568 est.
999 5513 1066 5566 Et
1092 5512 1552 5584 quemadmodum
1581 5514 1765 5567 lumen
1793 5513 1972 5568 solare
1993 5520 2079 5568 est

503 5611 559 5657 et
596 5604 649 5655 in
689 5604 821 5657 orbe
876 5603 1067 5668 solari,
1114 5611 1167 5659 et
1200 5604 1255 5658 in
1304 5604 1476 5669 radio,
1515 5615 1569 5659 ct
1617 5605 1672 5658 in
1718 5606 1881 5669 creto,
1928 5614 1981 5660 et
2021 5606 2078 5659 in

504 5700 672 5757 terra,
707 5703 761 5749 et
789 5694 1092 5765 ingreditur
1119 5694 1333 5763 domos,
1366 5703 1419 5752 et
1450 5697 1648 5768 ubique
1682 5707 1736 5753 et
1768 5696 2076 5765 illuminat;

2171 4513 2283 4566 Kal
2308 4513 2498 4584 ὥσπερ
2518 4515 2546 4565 6
2568 4512 2751 4577 δίσκος
2783 4514 2812 4566 6
2837 4513 3061 4584 ἡλιακὸς
3085 4513 3252 4584 γεννᾷ
3288 4511 3385 4585 τὴν
3407 4514 3624 4573 ἀκτῖνα.
3658 4516 3764 4567 καὶ

2169 4605 2458 4677 ἐκπορεύει
2490 4605 2550 4658 τὸ
2574 4605 2717 4674 φῶς*
2742 4603 2885 4658 οὕτω
2913 4605 3006 4658 καὶ
3038 4608 3066 4658 6
3096 4604 3228 4669 Θεὸς
3251 4606 3343 4658 ml.
3378 4603 3569 4677 Πατὴρ
3587 4608 3769 4677 γεννᾷ

2169 4694 2260 4748 τὸν
2293 4694 2422 4749 Υίὸν
2455 4694 2550 4747 καὶ
2577 4692 2865 4766 ὲκπορεύει
2893 4693 2986 4747 ml
3010 4693 3071 4746 τὸ
3106 4693 3331 4765 Πνεῦμα
3367 4694 3542 4762 ἅγιον.
3576 4694 3766 4749 Βλέπε

2174 4785 2410 4849 συνετῶς
2434 4801 2448 4816 ο
2488 4785 2701 4856 ’Ὠσπερ
2738 4787 2772 4856 ἡ
2815 4785 2975 4849 ἀκτὶς
3016 4784 3110 4838 τοῦ
3152 4783 3302 4857 ἡλίου
3340 4784 3664 4839 καταϐαίνει
3698 4787 3767 4853 ἐξ

2172 4874 2402 4948 οὐρανοῦ
2436 4876 2573 4947 πρὸς
2607 4875 2703 4947 τὴν
2733 4875 2860 4947 γῆν,
2904 4875 2999 4928 ml
3028 4874 3153 4929 οὔτε
3181 4875 3276 4930 τοῦ
3307 4876 3533 4948 ἡλιακοῦ
3567 4877 3766 4933 δίσκου

2174 4967 2486 5040 χωρίζεται,
2514 4966 2639 5020 οὔτε
2673 4968 2738 5020 ὲκ
2763 4964 2858 5019 τοῦ
2888 4963 3118 5040 οὐρανοῦ
3145 4964 3340 5033 λείπει,
3367 4967 3492 5021 οὔτε
3522 4968 3633 5023 ἀπὸ
3660 4972 3766 5042 τῆς

2175 5061 2297 5131 γῆς,
2316 5059 2431 5113 ἀλλ’
2448 5058 2563 5113 ἐστι
2583 5059 2747 5113 καίὲν
2766 5056 2845 5130 τῷ
2868 5042 3077 5129 ἡλιακῷ
3092 5056 3262 5129 δίσκῳ
3276 5099 3291 5123 ,
3309 5060 3402 5114 καὶ
3417 5059 3476 5114 ὲν
3495 5059 3573 5131 τῷ
3592 5061 3762 5134 οὐρα-

2176 5148 2271 5219 νῷ,
2294 5149 2388 5203 καὶ
2405 5150 2461 5202 ὲν
2476 5152 2543 5221 τῇ
2560 5151 2655 5220 γῇ,
2672 5147 2767 5203 καὶ
2795 5147 3095 5219 πανταχοῦ,
3123 5149 3215 5202 καὶ
3243 5148 3367 5203 οὔτε
3381 5148 3489 5203 τῶν
3512 5148 3630 5205 ἄνω
3659 5153 3749 5205 λεί

2179 5258 2298 5306 πει,
2334 5239 2458 5294 οὔτε
2485 5238 2592 5293 τῶν
2620 5240 2769 5294 κάτω
2793 5256 2806 5271 ·
2826 5237 2968 5292 οὕτω
2999 5238 3091 5293 ml.
3117 5242 3145 5294 6
3172 5238 3299 5304 Υἱὸς
3325 5241 3420 5295 καὶ
3451 5242 3627 5310 Λόγος
3664 5245 3766 5298 τοῦ

2176 5330 2312 5385 Θεοῦ
2343 5330 2576 5403 κατῆλθε
2609 5332 2746 5401 πρὸς
2773 5331 2871 5402 τὴν
2897 5334 3022 5402 γῆν,
3045 5331 3140 5385 καὶ
3168 5331 3291 5384 οὔτε
3325 5335 3390 5386 ὲκ
3419 5331 3515 5386 τοῦ
3545 5334 3765 5406 Πατρὸς

2179 5423 2381 5487 ἔλειπε,
2408 5421 2531 5477 οὔτε
2550 5424 2615 5476 ὲκ
2644 5422 2754 5477 τῶν
2771 5422 3033 5494 οὐρανῶν,
3051 5421 3175 5476 οὔτε
3194 5424 3258 5476 ἐκ
3284 5423 3385 5493 τῆς
3401 5423 3505 5493 γῆς
3523 5440 3539 5455 ·
3562 5423 3682 5477 ἀλλ’
3697 5420 3763 5496 ἧι

2179 5513 2274 5566 καὶ
2291 5516 2349 5566 ἐν
2383 5515 2498 5576 τοῖς
2523 5511 2746 5577 κόλποις
2770 5511 2867 5565 τοῦ
2906 5512 3121 5584 Πατρὸς
3148 5512 3476 5584 ἀχώριστος,
3504 5514 3603 5567 καὶ
3629 5513 3749 5569 ἄνω

2179 5604 2275 5658 καὶ
2301 5604 2581 5670 κάτω,καὶ
2611 5603 2916 5675 πανταχοῦ·
2940 5603 3036 5658 καὶ
3056 5603 3164 5656 οὐδ’
3177 5604 3242 5658 ἔκ
3254 5621 3398 5669 τινος
3427 5604 3635 5660 ἔλειπε.
3655 5608 3761 5661 Κα⁹

2180 5695 2368 5770 ὥσπερ
2384 5698 2443 5752 τὸ
2459 5697 2683 5770 ἡλιακὸν
2703 5696 2817 5767 φῶς
2834 5698 2954 5751 ἐστι
2969 5696 3063 5751 καὶ
3077 5698 3133 5752 ἐν
3154 5697 3231 5769 τῷ
3248 5697 3418 5766 δίσκῳ
3432 5697 3512 5768 τῷ
3526 5699 3751 5771 ἡλιακῷ
