3868 6206
180 321 293 378 7'17

1462 313 1932 385 QUIESTIONES
1966 312 2151 369 ΑΗΕ
2164 356 2179 371 .

3353 316 3455 373 773

178 431 281 487 καὶ
318 427 379 481 ιν
407 430 477 500 τῇ
511 426 710 492 ἀκτῖνι,
753 426 847 480 καὶ
875 428 934 479 ὲν
964 425 1041 497 τῷ
1074 425 1288 499 οὐρανῷ
1306 468 1321 491 ,
1351 426 1447 480 καὶ
1473 429 1531 479 ἐν
1563 428 1630 499 τῇ
1664 427 1757 497 γῇ,

1867 422 1942 475 ita
1960 428 2015 476 et
2034 418 2277 492 Spiritus
2301 429 2549 486 sanctus,
2574 430 2628 477 et
2656 436 2785 477 cum
2804 419 2967 478 Patre
2994 432 3099 490 est,
3124 434 3179 480 et
3204 440 3331 482 cum
3359 426 3454 482 Fi.

176 523 279 578 καὶ
304 521 609 591 εἰσέρχεται
632 520 691 571 ὲν
711 521 831 581 ταῖς
854 517 1055 580 οἰκίαις
1082 518 1178 571 καὶ
1204 517 1504 588 πανταχοῦ,
1529 517 1625 569 καὶ
1652 534 1765 584 φω-

177 612 355 678 τίζει·
387 609 530 664 οὕτω
593 610 688 662 καὶ
720 607 780 661 τὸ
821 607 1048 678 Πνεῦμα
1087 608 1149 660 τὸ
1187 608 1341 676 ἆγιον
1370 607 1467 660 καὶ
1499 605 1638 675 μετὰ
1669 604 1763 657 τοῦ

179 700 397 773 Πατρός
428 702 564 763 ἐστι,
598 698 694 751 καὶ
728 696 866 769 μετὰ
893 699 987 751 τοῦ
1015 696 1170 761 Υίοῦ,
1203 699 1298 751 καὶ
1328 698 1442 751 ἄνω
1466 696 1561 749 καὶ
1591 695 1762 759 κάτω,

177 795 277 847 καὶ
314 793 495 847 πάντα
528 789 815 862 ἄνθρωπον
854 789 1098 859 φωτίζει,
1149 790 1243 842 καὶ
1283 789 1343 842 οὑ
1384 788 1560 841 λείπει
1609 787 1761 840 ποτε.

184 904 205 937 ι
245 885 320 937 T6
364 885 474 955 γὰρ
510 880 739 954 Πνεῦμα
788 882 851 935 τὸ
890 881 1064 951 ἅγιον,
1130 900 1148 933 ι
1197 881 1365 953 φησὶν
1407 884 1434 934 6
1470 880 1767 944 ἀπόστολος

176 976 415 1039 Παῦλος,
456 994 475 1026 ι
513 975 692 1028 πάντα
728 975 946 1045 ἐρευνᾷ,
995 974 1091 1027 καὶ
1127 972 1194 1026 τὰ
1229 972 1367 1044 βάθη
1407 972 1501 1025 τοῦ
1541 971 1695 1026 Θεοῦ.
1741 992 1759 1024 ι

189 1065 324 1118 Ἰδοὺ
349 1063 555 1127 λοιπὸν,
584 1061 773 1135 ὥσπερ
799 1063 859 1116 ὃν
889 1063 989 1116 οὐκ
1015 1062 1240 1134 οἴδαμέν
1272 1078 1426 1125 ποτε,
1455 1061 1575 1115 οὐδὲ
1599 1061 1764 1130 γινώο

177 1171 336 1208 σκειν
359 1152 652 1224 δυνάμεθα,
684 1152 928 1215 ποταπὸς
953 1147 1053 1221 ἦν·
1083 1152 1211 1205 ὅταν
1238 1151 1296 1204 δὲ
1325 1150 1525 1222 ἴδωμεν
1552 1152 1650 1224 τὴν
1684 1154 1765 1205 εἰ·

178 1245 313 1298 κόνα
339 1243 524 1307 αὐτοῦ,
550 1245 671 1296 τότε
704 1241 899 1313 μικρὸν
924 1240 1297 1312 κατανοοῦμεν
1324 1242 1416 1293 τὸν
1439 1240 1767 1312 χαρακτῆρα

176 1334 276 1388 τοῦ
307 1334 602 1408 προσώπου
636 1333 832 1387 αὑτοῦ·
876 1333 1019 1387 οὕτω
1083 1350 1173 1405 μοι
1217 1334 1327 1387 νόει
1370 1336 1466 1388 καὶ⁵
1499 1335 1627 1407 περὶ
1668 1335 1763 1411 τοῦ

174 1426 340 1483 Θεοῦ.
378 1447 397 1479 ι
432 1427 536 1480 Τὸν
568 1426 678 1499 γὰρ
709 1426 840 1479 Θεὸν
867 1425 1043 1490 οὐδεὶς
1068 1424 1280 1496 ἑώρακε
1310 1425 1551 1480 πώποτε.
1593 1444 1611 1478 ι
1640 1426 1766 1489 Πῶς

170 1514 274 1571 οὖν
323 1518 486 1571 αὐτὸν
532 1516 935 1572 καταλαϐέσθαι
975 1517 1099 1571 τινὰ
1126 1517 1385 1584 δύναται;
1422 1517 1538 1572 ἀλλ’
1577 1517 1765 1589 ἐπειδὴ

175 1611 298 1680 φῶς
342 1613 456 1665 ἐστι
497 1612 589 1664 καὶ
628 1608 953 1680 ὀνομάζεται
994 1611 1022 1662 6
1056 1610 1220 1674 Θεὸς,
1255 1612 1319 1663 ἐκ
1367 1611 1462 1663 τοῦ
1505 1611 1763 1682 αἰσθητοῦ

173 1701 371 1756 τούτου
400 1701 577 1770 φωτὸς
608 1698 1004 1770 ὲξεικονὶςομεν
1042 1700 1237 1765 αὐτὸν,
1273 1700 1413 1753 ὥστε
1441 1700 1643 1766 λοιπὸν,
1689 1702 1764 1767 ὼς

1868 513 1961 575 lio,
1996 520 2051 568 et
2078 526 2267 582 supra,
2297 521 2351 568 et
2378 512 2542 577 infra,
2576 523 2631 569 et
2655 528 2848 570 omnes
2876 514 3125 571 homines
3156 517 3452 584 illuminat,

1866 619 1969 660 nec
1997 604 2182 660 deﬁcit
2212 619 2474 674 unquam.
2509 622 2528 656 ι
2566 602 2807 675 Spiritus
2843 606 2989 661 enim
3029 614 3274 672 sant-tus,
3314 627 3334 660 ι
3370 609 3456 665 in-

1866 695 1985 764 quit
2031 695 2318 766 apostolus
2363 694 2588 759 Paulus,
2645 713 2664 745 ι
2695 694 2880 749 omnia
2928 705 3240 763 scrutatur,
3289 699 3453 754 etiam

1867 784 2138 855 profunda
2183 784 2279 841 Dei
2301 787 2343 840 ⁸.
2375 806 2394 838 ι
2452 784 2595 841 Ecce
2634 784 2748 854 jam
2793 787 3067 855 quomodo
3126 802 3287 857 quem
3331 796 3457 842 ante

1867 894 1980 933 non
2000 878 2257 934 novimus
2281 893 2545 948 unquam,
2578 894 2756 948 neque
2786 892 3121 946 cognoscere
3146 880 3448 949 potuimus,

1865 971 2048 1043 qualis
2094 977 2263 1034 esset,
2298 971 2518 1041 quando
2556 978 2739 1025 autem
2770 969 2998 1041 eﬂigiem
3030 969 3150 1041 ejus
3178 970 3452 1034 videmus,

1866 1071 2000 1131 tunc
2039 1079 2108 1119 ex
2142 1071 2298 1133 parte
2344 1063 2730 1133 cognoscimus
2780 1063 3155 1119 characterem
3206 1077 3456 1133 personae

1866 1155 2009 1225 ejus,
2060 1154 2139 1208 ita
2193 1163 2253 1208 tu
2294 1154 2429 1209 mihi
2461 1154 2702 1224 cogitato
2751 1154 2820 1208 de
2867 1153 3000 1209 Deo.
3049 1152 3259 1209 «Deum
3306 1154 3454 1210 enim

1865 1259 2028 1300 nemo
2056 1245 2196 1300 vidit
2227 1259 2505 1316 unquam;
2540 1263 2559 1297 ι
2593 1245 2868 1315 quomodo
2909 1245 3079 1316 igitur
3119 1246 3273 1300 illum
3302 1260 3457 1301 com-

1866 1337 2208 1408 prehendere
2252 1337 2377 1407 quis
2411 1338 2624 1407 possit?
2666 1337 2761 1392 scd
2796 1337 3239 1407 quandoquidem
3269 1339 3455 1394 lumen

1865 1438 1953 1486 est
1985 1441 2041 1486 et
2059 1430 2265 1485 dicitur
2294 1428 2465 1494 Deus,
2484 1445 2550 1484 ex
2567 1429 2673 1484 hac
2693 1428 2944 1485 sensibili
2976 1429 3100 1484 luce
3132 1430 3454 1486 similitudi-

1865 1535 1991 1576 nem
2020 1521 2270 1590 capimus
2294 1518 2415 1584 Dei,
2450 1526 2512 1573 ut
2543 1518 2826 1587 deinceps,
2868 1518 3327 1587 quemadmodum
3358 1536 3455 1576 su-

1866 1628 1966 1683 pra
2009 1612 2271 1678 diximus,
2306 1612 2375 1667 ad
2412 1618 2601 1683 typum
2647 1611 2781 1667 solis
2814 1610 3164 1667 conferamus
3205 1621 3451 1668 sanctam

1868 1687 2214 1769 Trinitatem,
2255 1703 2503 1759 dicentes
2534 1718 2658 1758 esse
2705 1703 2928 1773 quidem
2966 1702 3186 1758 Patrem
3234 1704 3448 1770 orbem,

175 1791 537 1863 προείττομεν,
563 1792 643 1853 είς
665 1789 833 1843 τύπον
856 1789 951 1842 τοῦ
980 1789 1130 1861 ήλίου
1164 1790 1640 1861 χαρακτηρίζομεν
1663 1792 1757 1861 τὴν

1867 1796 2066 1853 Filium
2118 1797 2356 1862 radium,
2409 1795 2671 1866 Spiritum
2719 1804 2973 1851 sanctum
3018 1799 3204 1853 lumen
3253 1813 3321 1853 ex
3366 1799 3454 1853 lu-

170 1885 342 1953 ἁγίαν
396 1883 624 1954 Τριάδα,
662 1881 911 1950 λέγοντες
948 1876 1086 1934 εἶναι
1128 1881 1221 1934 τὸν
1271 1881 1372 1952 μὲν
1415 1881 1636 1953 Πατέρα
1681 1881 1763 1935 δέ·-

177 1994 331 2041 σκον,
360 1976 452 2028 τὸν
484 1975 541 2028 δὲ
568 1974 695 2028 Υἱὸν
723 1974 938 2042 ἀκτῖνα,
964 1974 1024 2026 τὸ
1051 1972 1109 2026 δὲ
1129 1973 1353 2044 Πνεῦμα
1378 1972 1438 2026 τὸ
1463 1973 1617 2041 ἅγιον
1649 1974 1765 2044 φῶς

172 2072 241 2123 ὲκ
275 2070 472 2139 φωτός.
510 2068 621 2121 Καὶ
659 2066 848 2137 ὥσπερ
880 2065 908 2117 ὁ
940 2064 1143 2130 δίσκος,
1176 2065 1272 2118 καὶ
1302 2066 1336 2136 ἡ
1366 2066 1545 2132 ἀκτὶς,
1581 2067 1676 2120 καὶ
1703 2068 1762 2119 τὸ

172 2163 294 2230 φῶς
320 2163 378 2216 ἓν
405 2165 511 2215 εἰσι
539 2160 634 2214 καὶ
662 2160 807 2231 τρία,
838 2159 1150 2231 ἁμερίστως
1215 2156 1546 2229 μεριζόμενα
1564 2198 1579 2221 ,
1620 2157 1763 2212 οὓτω

174 2255 274 2309 καὶ
303 2255 334 2306 6
374 2252 570 2324 Θεὸςὴ
607 2251 797 2324 Τριὰς,
841 2254 869 2305 6
911 2252 1123 2323 Πατὴρ,
1167 2252 1262 2305 καὶ
1296 2253 1326 2304 6
1366 2250 1515 2315 Υἱὸς,
1559 2252 1653 2305 καὶ
1701 2252 1764 2305 τὸ

173 2343 403 2413 Πνεῦμα
426 2343 489 2395 τὸ
516 2342 692 2410 ἅγιον,
737 2342 794 2394 ἓν
824 2344 939 2393 ἐστι
969 2342 1064 2395 καὶ
1092 2340 1250 2413 τρία,
1299 2341 1632 2412 μεριζόμενα
1664 2342 1763 2412 μὲν

170 2437 289 2498 τοῖς
314 2433 627 2505 προσώποις
650 2432 791 2486 κατὰ
811 2433 901 2487 τὸν
929 2433 1102 2504 ἥλιον,
1119 2432 1390 2505 ἀμέριστα
1411 2433 1469 2486 δὲ
1501 2435 1567 2504 τῇ
1604 2433 1761 2503 φύσει

170 2527 521 2598 διαμένοντα.
573 2525 685 2579 Kal.
738 2525 929 2596 ὥσπερ
969 2526 998 2577 6
1045 2524 1229 2589 δίσκος
1271 2525 1366 2578 τοῦ
1403 2525 1553 2596 ἡλίου
1602 2527 1762 2597 μόνος

172 2620 327 2672 ἐστὶν
362 2618 534 2682 αἴτιος
567 2619 660 2671 καὶ
703 2618 1005 2688 ἀγένητος,
1052 2619 1087 2687 ἡ
1134 2618 1193 2670 δὲ
1224 2618 1383 2681 ἀκτὶς
1416 2617 1633 2689 αἱτιατὴ
1666 2619 1761 2672 καὶ

172 2712 380 2784 γενητὴ
408 2713 475 2764 ὲκ
500 2710 594 2764 τοῦ
625 2711 841 2773 δίσκου,
877 2710 937 2763 τὸ
965 2710 1023 2763 δὲ
1061 2710 1536 2782 φῶςὲκπορευτὺν
1566 2713 1630 2764 ὲκ
1662 2712 1762 2781 μό-

172 2822 270 2859 νου
306 2805 400 2857 τοῦ
428 2804 633 2867 δίσκου,
663 2802 753 2857 διὰ
784 2803 845 2856 τὸ
874 2803 974 2874 τῆς
1007 2803 1223 2867 ἀκτῖνος
1249 2803 1598 2874 πεμπόμενον
1617 2845 1632 2868 ,
1664 2806 1760 2857 καὶ

170 2896 537 2967 καταλάμπον
564 2894 633 2948 τὰ
697 2892 978 2964 περίγεια·
1007 2892 1153 2946 οὕτω
1184 2893 1279 2946 καὶ
1302 2893 1331 2945 6
1363 2892 1496 2956 Θεὸς
1526 2892 1620 2946 καὶ
1648 2894 1758 2946 Πα-

169 2990 282 3061 τὴρ
303 2988 465 3052 αὐτὸς
497 2987 655 3055 μόνος
679 2986 825 3039 ἐστὶν
856 2986 1027 3049 αἴτιος
1058 2988 1170 3048 τοῖς
1194 2984 1315 3038 δυσὶ
1339 2985 1433 3038 καὶ
1454 2985 1717 3056 ἀγένητος
1739 3002 1756 3018 ν

167 3083 203 3135 6
223 3082 284 3134 δὲ
305 3080 432 3143 Υἱὸς
458 3082 526 3133 ἐκ
556 3080 715 3150 μόνου
740 3079 832 3132 τοῦ
858 3078 1072 3149 Πατρὸς
1093 3077 1334 3141 αἰτιατδς
1354 3077 1449 3130 καὶ
1472 3079 1752 3149 γεννητόςο

1871 1889 2039 1945 mine.
2082 1888 2150 1943 Et
2195 1889 2340 1945 sicut
2388 1889 2562 1955 orbis,
2600 1896 2656 1944 et
2691 1888 2905 1954 radius,
2950 1898 3004 1945 et
3046 1891 3230 1946 lumen
3279 1908 3449 1946 unum

1875 1988 2006 2037 sunt
2034 1990 2088 2036 et
2114 1982 2242 2046 tria,
2279 1980 2513 2036 indivise
2540 1980 2737 2047 divisa,
2784 1982 2858 2035 ita
2886 1982 3050 2052 282
3071 1992 3123 2038 et
3151 1982 3296 2039 Deus
3328 1982 3453 2039 Tri-

1866 2071 2034 2137 nitas,
2066 2070 2249 2137 Pater,
2293 2069 2492 2137 Filius,
2522 2079 2578 2126 et
2619 2069 2861 2142 Spiritus
2906 2081 3132 2129 sanctus
3164 2090 3330 2129 unum
3364 2085 3451 2131 est

1864 2171 1918 2218 et
1946 2163 2073 2230 tria,
2121 2162 2297 2219 divisa
2328 2164 2549 2233 quidem
2582 2165 2856 2233 personis,
2879 2166 3047 2220 veluti
3076 2167 3181 2229 sol,
3214 2167 3451 2223 indivisa

1863 2269 1997 2308 vero
2021 2253 2204 2325 quoad
2238 2255 2602 2310 substantiam
2631 2258 3028 2326 permanentia.
3077 2256 3143 2312 Et
3186 2259 3452 2329 quemad-

1864 2348 2089 2403 modum
2121 2348 2273 2403 orbis
2291 2349 2426 2403 solis
2453 2349 2605 2405 solus
2634 2357 2720 2404 est
2748 2362 2917 2405 causa
2944 2356 3000 2405 et
3027 2351 3326 2421 ingenitus,
3356 2367 3449 2406 ra-

1864 2439 1989 2495 tius
2019 2454 2156 2493 vero
2186 2438 2413 2496 eﬂ‘ectus
2443 2447 2498 2495 et
2527 2441 2743 2511 genitus
2774 2456 2841 2496 ex
2864 2442 3018 2506 orbe,
3044 2442 3227 2497 lumen
3265 2454 3446 2499 autem

1863 2530 2171 2600 procedens
2212 2545 2278 2586 ex
2311 2533 2431 2587 solo
2460 2533 2616 2597 orbe,
2641 2547 2740 2603 per
2768 2532 2982 2587 radium
3011 2532 3266 2601 missum,
3293 2544 3349 2590 et
3381 2535 3449 2589 il-

1864 2621 2144 2678 luminans
2175 2630 2396 2679 terrena
2423 2641 2438 2679 :
2462 2623 2538 2677 ita
2574 2622 2720 2680 Deus
2758 2633 2814 2680 et
2841 2622 3006 2678 Pater
3032 2625 3150 2694 ipse
3180 2626 3332 2682 solus
3360 2635 3448 2682 est

1861 2727 2031 2767 causa
2076 2713 2292 2769 duabus
2326 2716 2578 2785 personis
2621 2722 2677 2770 et
2716 2716 3024 2787 ingenitus:
3053 2716 3224 2773 Filius
3260 2726 3447 2773 autem

1861 2819 1931 2859 ex
1955 2804 2075 2860 solo
2102 2803 2262 2861 Patre
2289 2815 2551 2863 causatus
2581 2813 2636 2863 et
2667 2809 2884 2877 genitus
2910 2828 2923 2864 :
2954 2816 3008 2865 et
3035 2808 3273 2881 Spiritus
3318 2826 3447 2865 san-

1859 2904 1984 2953 ctus
2018 2914 2083 2954 ex
2113 2899 2232 2954 solo
2260 2897 2425 2956 Patre
2468 2909 2739 2957 causatus
2771 2912 2827 2957 et
2862 2903 3186 2972 procedens,
3222 2902 3319 2958 sed
3349 2918 3447 2973 per

1859 2987 2059 3044 Filium
2099 2990 2155 3044 in
2185 2992 2450 3046 mundum
2487 2992 2717 3049 missus.
2755 2994 2935 3065 Atque
2967 2995 3042 3049 ita
3077 2995 3261 3050 animo
3296 3002 3442 3060 tene,

1860 3092 1914 3138 et
1943 3083 2240 3153 perpende,
2271 3092 2326 3139 et
2358 3085 2523 3141 crede
2551 3085 2618 3140 de
2642 3085 2775 3141 Deo.

170 3174 273 3227 καὶ
298 3172 431 3226 αὐτὸ
470 3170 533 3224 τὸ
563 3170 785 3243 Πνεῦμα
831 3172 898 3224 ὲκ
934 3171 1095 3241 μόνου
1136 3168 1231 3222 τοῦ
1267 3169 1483 3241 Πατρὸς
1516 3170 1758 3224 αίτιατὺν
1796 3175 1892 3227 καὶ
1919 3175 2273 3246 ὲκπορευτδν,
2311 3175 2400 3229 διὰ
2424 3176 2480 3230 δὲ
2511 3174 2606 3230 τοῦ
2645 3176 2774 3230 Υἱοῦ
2811 3178 2870 3232 ἐν
2906 3177 2985 3251 τῷ
3051 3180 3243 3251 κόσμῳ
3305 3178 3443 3232 ἀπο-

171 3262 552 3332 στελλόμενον.
595 3262 707 3317 Καὶ
741 3260 914 3325 οὕτως
946 3260 1059 3331 ἔχε,
1094 3261 1187 3314 καὶ
1232 3260 1362 3327 νόει,
1397 3260 1490 3314 καὶ
1532 3260 1754 3316 πίστευε
1795 3265 1925 3337 περὶ
1955 3264 2113 3318 Θεοῦ.

245 3379 311 3431 El
349 3377 393 3430 6‘
421 3378 521 3431 οὐκ
563 3378 725 3449 ἀρκεί
753 3394 836 3431 σοι
866 3378 928 3430 τὸ
955 3376 1050 3431 τοῦ
1094 3377 1249 3448 ἡλίου
1282 3378 1629 3450 παράδειγμα
1677 3382 1757 3445 είς

1929 3382 2087 3450 Quod
2121 3386 2168 3441 si
2195 3400 2305 3440 non
2331 3386 2402 3441 sit
2432 3386 2529 3442 tibi
2563 3387 2698 3444 solis
2739 3390 3052 3460 exemplum
3085 3389 3222 3447 satis
3252 3388 3320 3445 ad
3349 3404 3443 3445 co-

170 3467 473 3536 ὲπίγνωσιν
515 3467 617 3538 τῆς
663 3469 1094 3539 τρισυποστάτου
1141 3468 1427 3540 θεότητος,
1468 3470 1629 3541 βλέπε
1662 3473 1756 3526 καὶ

170 3558 343 3629 ἄλλην
381 3558 564 3612 εἰκόνα
605 3559 740 3612 Θεοῦ
761 3577 773 3589 ·
812 3559 927 3613 ἐστι
962 3560 1019 3613 δὲ
1055 3563 1088 3632 ὴ
1123 3560 1270 3631 ψυχὴ
1303 3560 1397 3615 τοῦ
1444 3561 1751 3634 ἀνθρώπου.

173 3651 311 3702 Ὅτε
359 3651 470 3720 γὰρ
511 3649 734 3720 ἔμελλεν
774 3650 802 3702 ό
840 3649 972 3712 Θεὸς
1021 3649 1283 3702 πλάσσειν
1317 3650 1407 3702 τὸν
1447 3650 1751 3722 ἄνθρωπον,

170 3738 296 3793 εἷπε
316 3757 331 3770 ⁸
369 3759 388 3792 ι
432 3741 756 3812 Ποιήσωμεν
782 3741 1066 3813 ἄνθρωπον
1096 3743 1220 3795 κατ’
1253 3742 1438 3795 εἰκόνα
1477 3742 1757 3814 ἡμετέραν

171 3832 271 3888 καὶ
296 3831 419 3884 καθ’
446 3831 721 3902 ὁμοίωσιν.
755 3850 775 3884 ι
822 3831 954 3884 Ἰδοὺ
982 3829 1188 3896 λοιπὸν,
1217 3833 1246 3885 6
1272 3831 1557 3903 ἄνθρωπος
1590 3836 1754 3887 εἰκών

170 3925 292 3978 ἐστι
314 3922 409 3975 τοῦ
436 3921 596 3984 Θεοῦ.
634 3923 801 3993 ἤγουν
833 3925 867 3994 ἡ
900 3922 1045 3994 ψυχὴ
1073 3922 1167 3976 τοῦ
1199 3922 1510 3996 ἀνθρώπου.
1550 3924 1671 3978 Ἔνι
1696 3924 1754 3977 δὲ

167 4017 207 4087 ἠ
251 4013 399 4085 ψυχὴ
431 4012 525 4066 τοῦ
560 4012 850 4085 ἀνθρώπου
882 4015 981 4084 μία
1024 4014 1144 4085 μὲν,
1184 4015 1615 4086 τρισυπόστατος
1662 4014 1749 4068 δέ’

167 4107 302 4179 τρία
325 4106 592 4179 πρόσωπα
614 4106 726 4175 ἔχει
750 4107 783 4177 ἡ
811 4106 978 4177 ψυχή’
1002 4108 1096 4159 καὶ
1125 4106 1262 4172 πῶς;
1284 4107 1534 4161 ἄκουσον.
1567 4108 1755 4160 Ἔστιν

169 4199 206 4271 ἠ
238 4197 388 4269 ψυχὴ
418 4197 477 4251 ἓν
512 4199 802 4268 πρόσωπον
823 4215 836 4228 ·
873 4201 907 4271 ἡ
953 4199 1011 4251 δὲ
1049 4199 1197 4271 ψυχὴ
1243 4201 1408 4269 γεννᾷ
1446 4199 1538 4252 τὸν
1571 4199 1751 4269 λόγον,

169 4292 269 4345 καὶ
301 4290 410 4345 ἰδοὺ
435 4294 464 4345 ό
497 4291 653 4360 λόγος
681 4290 809 4346 ἄλλο
848 4291 1156 4362 πρόσωπον.
1202 4293 1268 4345 Ἦ
1293 4291 1436 4363 ψυχὴ
1465 4292 1753 4364 ἐκπορεύει

171 4386 272 4439 καὶ
313 4384 414 4454 τὴν
467 4386 637 4456 πνοὴν
657 4426 672 4450 ,
722 4385 818 4439 καὶ
864 4385 974 4438 ἰδοὺ
1016 4388 1050 4455 ἡ
1098 4386 1234 4457 πνοὴ
1280 4385 1409 4438 ἄλλο
1441 4386 1751 4456 πρόσωπον.

181 4476 318 4529 Ἰδοὺ
347 4476 615 4547 πρόσωπα
640 4476 784 4547 τρία,
808 4476 977 4547 ψυχὴ,
1002 4476 1181 4544 λόγος,
1209 4477 1302 4529 καὶ
1333 4478 1489 4548 πνοή.
1517 4477 1626 4531 Kal
1646 4477 1754 4548 γὰρ

166 4572 199 4622 6
232 4569 389 4638 λόγος
422 4570 517 4622 xal.
554 4571 588 4641 ἡ
618 4568 755 4641 πνοὴ
793 4570 893 4639 τῆς
936 4568 1115 4639 ψυχῆς
1157 4570 1315 4632 εἰσιν,
1351 4570 1410 4621 οὗ
1442 4568 1535 4622 τοῦ
1570 4568 1755 4641 σώμα-

167 4678 285 4726 τος,
315 4660 525 4732 ἐπειδὴ,
555 4661 657 4732 τῆς
695 4661 870 4732 ψυχῆς
906 4659 1226 4731 ἐξελθούσης
1256 4662 1321 4714 ὲκ
1349 4661 1442 4714 τοῦ
1479 4661 1752 4733 σώματος,

1857 3477 2156 3547 gnitionem
2204 3477 2424 3533 deitatis
2455 3479 2634 3534 tribus
2677 3478 3070 3551 hypostasibus
3113 3482 3440 3545 constantis,

1858 3567 1982 3622 vide
2011 3577 2063 3623 et
2101 3568 2265 3622 aliam
2297 3570 2592 3642 imaginem
2618 3569 2737 3635 Dei,
2784 3588 2905 3643 quae
2937 3579 3024 3628 cst
3051 3574 3232 3628 anima
3267 3574 3445 3628 homi-

1858 3661 1969 3716 nis.
2005 3659 2239 3726 Quando
2267 3663 2413 3717 enim
2443 3663 2781 3722 formaturus
2815 3674 2935 3721 erat
2959 3665 3107 3722 Deus
3138 3665 3438 3730 hominem,

1862 3754 2001 3809 dixit
2041 3771 2057 3809 ;
2096 3773 2114 3806 ι
2158 3752 2451 3811 Faciamus
2498 3756 2777 3812 hominem
2829 3756 2897 3811 ad
2941 3757 3237 3827 imaginem
3278 3764 3335 3812 et
3372 3758 3441 3813 ad

1863 3842 2280 3899 similitudinem
2306 3846 2616 3900 nostram“.
2649 3865 2668 3899 ι
2706 3844 2851 3901 Ecce
2882 3845 3051 3916 igitur
3076 3846 3238 3901 homo
3260 3847 3440 3918 imago

1859 3940 1944 3988 est
1968 3930 2088 3995 Dei,
2119 3931 2331 3988 scilicet
2378 3934 2560 3987 anima
2602 3933 2864 3991 hominis.
2896 3931 2994 3988 Est
3037 3942 3221 3987 autem
3258 3934 3440 3988 anima

1861 4023 2100 4077 hominis
2134 4038 2242 4077 una
2286 4024 2529 4094 quidem,
2562 4026 2659 4081 sed
2697 4026 2875 4081 tribus
2911 4024 3286 4080 subsistentiis
3314 4040 3441 4079 con-

1860 4118 2016 4167 stans
2047 4130 2062 4166 :
2090 4121 2201 4168 tres
2242 4128 2509 4187 personas
2567 4115 2731 4170 habet
2762 4113 2981 4177 anima,
3035 4122 3089 4169 et
3127 4113 3441 4183 quomodo?

1858 4205 2008 4258 audi.
2050 4202 2147 4259 Est
2185 4206 2370 4261 anima
2409 4222 2518 4263 una
2555 4222 2832 4278 persona:
2863 4205 3046 4259 anima
3095 4220 3227 4261 vero
3269 4219 3440 4275 gene-

1859 4303 1947 4350 rat
1978 4297 2273 4367 rationem,
2301 4306 2356 4354 et
2385 4314 2515 4355 ecce
2547 4301 2690 4355 ratio
2736 4301 2908 4355 altera
2939 4312 3176 4371 persona
3206 4317 3219 4353 :
3249 4300 3436 4352 anima

1860 4393 2043 4441 autem
2081 4388 2280 4444 emittit
2308 4389 2590 4460 spiritum,
2639 4396 2695 4444 et
2737 4404 2870 4445 ecce
2914 4389 3144 4460 spiritus
3179 4388 3284 4442 alia
3313 4403 3440 4458 per-

1861 4493 2018 4535 sona.
2054 4477 2194 4535 Ecce
2219 4495 2467 4550 personae
2508 4487 2645 4546 tres,
2679 4480 2883 4545 anima,
2916 4479 3079 4544 ratio,
3110 4485 3166 4534 et
3185 4479 3438 4550 spiritus.

1857 4567 2071 4625 Etenim
2097 4569 2239 4625 ratio
2260 4579 2315 4626 et
2343 4571 2575 4642 spiritus
2606 4572 2803 4627 anima:
2836 4578 2988 4637 sunt,
3022 4585 3133 4625 non
3162 4569 3434 4640 corporis,

1859 4661 2120 4732 quoniam
2170 4663 2352 4716 anima
2393 4678 2616 4734 egressa
2666 4679 2735 4719 ex
2774 4678 3026 4733 corpore,
3071 4678 3249 4733 neque
3297 4661 3440 4716 ratio

165 4752 295 4806 οὔτε
323 4753 481 4821 λόγος
523 4753 848 4824 ὲναπομὲνει
876 4751 954 4823 τῷ
981 4750 1210 4824 σώματι,
1254 4752 1377 4806 οὔτε
1417 4753 1589 4825 πνοὴ,
1620 4752 1756 4807 ἀλλὰ

1862 4762 2045 4809 manet
2066 4755 2124 4808 in
2157 4768 2409 4824 corpore,
2443 4769 2621 4822 neque
2651 4753 2901 4825 spiritus,
2932 4752 3027 4808 sed
3063 4753 3211 4823 jacet
3234 4768 3439 4823 corpus

166 4844 351 4897 κεῖται
377 4842 439 4895 τὸ
464 4842 622 4914 σῶμα
647 4844 741 4896 καὶ
776 4843 978 4897 ἄπνουν
1024 4844 1118 4896 καὶ
1145 4843 1361 4911 ἄλογον.
1414 4844 1472 4897 '0
1507 4843 1563 4897 δὲ
1594 4843 1753 4912 λόγος

166 4933 269 4986 καὶ
297 4935 331 5003 ἡ
362 4934 498 5004 πνοή
526 4933 633 4986 εισι
671 4931 808 5004 μετὰ
838 4935 938 5004 τῆς
964 4933 1141 5004 ψυχῆς
1162 4950 1176 4964 ι
1210 4935 1305 4987 καὶ
1332 4936 1397 4986 ἐκ
1424 4933 1613 4987 τούτου
1658 4934 1753 5004 δῆ-

166 5023 263 5075 λόν
297 5023 467 5089 ἐστιν,
497 5022 594 5089 ὡς,
627 5024 709 5076 ὅτι
741 5024 833 5077 καὶ
872 5025 902 5077 6
937 5024 1094 5093 λόγος
1128 5025 1223 5080 καὶ
1263 5026 1296 5094 ή
1329 5024 1466 5096 πνοὴ
1507 5024 1617 5077 ἀπὸ
1651 5024 1754 5093 τῆς

165 5115 352 5185 ψυχῆς
387 5116 514 5176 εἱσι,
551 5115 772 5186 καὶτῆς
795 5115 973 5187 ψυχῆς
1020 5118 1127 5169 είσι
1157 5116 1456 5187 πρόσωπα·
1508 5117 1601 5170 καὶ
1643 5116 1752 5169 ἰδοὺ

166 5207 359 5262 λοιπὸν
382 5208 418 5278 ἡ
441 5207 588 5278 ψυχὴ
620 5208 911 5279 πρόσωπον
942 5207 1022 5270 ἒν,
1057 5209 1152 5261 καὶ
1179 5210 1206 5260 6
1231 5207 1385 5276 λόγος
1424 5207 1552 5262 ἄλλο
1584 5209 1751 5280 πρόσ-

166 5318 357 5366 ωπον,
410 5302 505 5354 καὶ
553 5303 586 5371 ἡ
641 5299 779 5372 πνοὴ
829 5301 1017 5371 ἓτερον
1078 5299 1389 5371 πρόσωπον.
1453 5300 1583 5353 Ἰδοὺ
1624 5300 1751 5371 τρία

169 5393 442 5466 πρόσωπα
480 5393 578 5464 τῆς
616 5392 816 5464 ψυχῆς,
855 5391 990 5446 ἀλλὰ
1016 5392 1162 5463 ψυχὴ
1198 5392 1329 5462 μία,
1366 5393 1459 5445 καὶ
1489 5393 1550 5445 οὐ
1579 5395 1748 5460 τρεῖς.

166 5485 239 5538 El
267 5484 376 5557 γὰρ
426 5484 744 5556 ἐρωτηθῇς,
784 5485 960 5547 πόσας
1007 5483 1185 5554 ψυχὰς
1219 5484 1333 5555 ἔχει
1367 5486 1395 5536 6
1433 5482 1748 5555 ἄνθρωπος;

172 5574 392 5648 μέλλεις
415 5576 610 5639 εἰπεῖν,
637 5575 719 5627 ὅτι
751 5576 901 5646 μίαν.
945 5577 1069 5629 Ἐὰν
1103 5576 1157 5628 δὲ
1188 5576 1467 5649 ἐρωτηθῇς
1492 5581 1585 5630 καὶ
1613 5576 1753 5630 πόσα

243 5728 268 5760 ⁸
309 5726 328 5783 I
359 5728 491 5784 Cor.
527 5745 597 5792 ιι,
632 5731 722 5786 lt).
797 5732 817 5763 ’
857 5731 992 5786 Gen.
1030 5747 1093 5792 ιι,
1128 5732 1219 5789 26.

417 5824 689 5885 Ρλτιιοι..
722 5826 840 5888 Gn.
880 5829 1172 5892 XXVIII.

1861 4846 1982 4902 sine
2015 4847 2216 4917 spiritu
2258 4854 2312 4902 et
2353 4848 2474 4902 sine
2507 4847 2741 4903 ratione.
2774 4845 2936 4901 Ratio
2965 4860 3096 4900 vero
3126 4853 3180 4900 et
3210 4846 3439 4916 spiritus

1859 4945 1991 4993 sunt
2022 4953 2149 4991 cum
2193 4939 2373 4993 anima
2403 4958 2417 4994 :
2445 4947 2501 4994 et
2526 4938 2653 4994 inde
2681 4940 2862 5009 palam
2896 4946 3002 5003 est,
3031 4937 3180 5007 quod
3210 4939 3339 5009 quia
3383 4946 3439 4991 et

1856 5030 1998 5085 ratio
2045 5037 2100 5086 et
2151 5029 2381 5100 spiritus
2438 5030 2508 5085 ab
2565 5030 2747 5084 anima
2799 5038 2952 5092 sunt,
2990 5028 3157 5083 etiam
3187 5042 3440 5097 persona:

1861 5122 2058 5176 anima:
2105 5129 2275 5176 sunt:
2308 5122 2493 5192 itaque
2540 5136 2670 5176 ecce
2703 5121 2884 5175 anima
2918 5133 3154 5191 persona
3203 5132 3336 5182 una,
3383 5126 3441 5172 et

1858 5214 2000 5267 ratio
2049 5227 2283 5282 persona
2335 5214 2530 5279 altera,
2588 5223 2643 5267 et
2693 5211 2922 5281 spiritus
2966 5223 3202 5282 persona
3249 5207 3437 5264 tertia.
3491 5282 3494 5286 Α

1860 5303 2004 5361 Ecce
2037 5317 2149 5360 tres
2178 5320 2423 5375 personae
2462 5305 2681 5368 animae,
2721 5303 2816 5362 sed
2847 5302 3030 5358 anima
3062 5317 3192 5365 una,
3236 5309 3293 5356 et
3328 5314 3437 5355 non

1857 5404 1992 5453 tres.
2054 5394 2112 5451 Si
2162 5396 2306 5452 enim
2365 5398 2723 5467 interrogeris
2779 5402 2914 5466 quot
2976 5394 3190 5450 animas
3240 5392 3440 5448 habeat

1860 5485 2045 5551 homo,
2085 5485 2420 5556 respondere
2469 5486 2659 5553 debes,
2689 5486 2836 5556 quod
2877 5500 3066 5540 unam.
3101 5483 3161 5537 Si
3188 5497 3317 5539 vero
3351 5483 3439 5536 in-

1860 5579 2179 5651 terrogeris,
2213 5588 2348 5651 quot
2387 5579 2498 5636 sint
2532 5593 2782 5651 personae
2814 5579 3031 5645 animm,
3066 5576 3321 5633 convenit
3357 5588 3441 5630 re-

3038 5823 3116 5884 25
