3868 6206
471 292 573 348 779

1634 280 1689 334 S.
1732 267 2191 334 ATHANASIUS.
2230 298 2302 309 -—
2330 264 2557 323 DUBIA.

3630 258 3745 313 780

469 409 758 481 spondere,
796 404 940 477 quod
973 412 1086 459 tres
1112 422 1125 459 :
1150 400 1410 474 quoniam
1440 400 1643 465 anima,
1674 399 1818 453 ratio
1842 404 1897 452 et
1926 392 2041 464 spi-

2165 387 2414 459 τρόσωπὰ
2461 390 2565 440 είσι
2608 386 2714 458 τῆς
2762 386 2972 456 ψυχῆςς
3017 382 3247 455 ἁρμόζει
3287 382 3354 436 tv‘
3393 381 3604 481 εἴποις,
3651 381 3743 481 ὅτι

468 503 629 564 ritus,
675 513 786 553 una
819 496 1022 562 anima,
1068 501 1125 549 et
1152 506 1402 563 personae
1431 498 1564 546 tres.
1601 488 1668 542 Et
1694 499 1779 544 est
1824 486 2043 556 quidem

471 595 651 647 anima
692 591 873 661 imago
909 587 1092 641 Patris
1121 604 1136 640 :
1166 585 1306 639 ratio
1369 582 1582 646 animae,
1624 581 1802 651 imago
1837 577 1962 632 Filii
1992 585 2047 631 et

470 683 636 739 Verbi
677 681 812 736 Dei:
847 678 1075 750 spiritus
1125 689 1255 730 vero
1307 673 1524 737 animae,
1575 672 1755 740 imago
1808 668 2045 738 Spiritus

470 776 673 832 sancti.
716 771 1185 841 Quemadmodum
1236 767 1380 823 enim
1414 765 1597 821 anima
1645 762 1920 834 ingenita,
1970 761 2045 815 ita

470 876 525 921 et
551 866 695 921 Deus
723 873 779 921 et
800 862 964 917 Pater
992 859 1269 931 ingenitus
1295 877 1309 912 :
1339 863 1393 912 et
1421 853 1880 926 quemadmodum
1905 850 2047 905 ratio

471 958 651 1028 genita
688 955 757 1009 ab
797 953 980 1008 anima
1000 991 1015 1017 ,
1042 952 1119 1004 ita
1149 956 1205 1004 et
1232 946 1469 1004 Verbum
1501 945 1596 1000 Dei
1625 953 1813 998 natum
1843 956 1911 997 ex
1943 939 2047 993 Pa-

472 1055 559 1101 tre
588 1064 601 1100 :
625 1052 679 1099 et
702 1046 845 1098 sicut
874 1041 1104 1111 spiritus
1131 1035 1376 1109 procedit
1396 1036 1465 1089 ab
1489 1034 1669 1088 anima
1690 1072 1704 1098 ,
1738 1031 1813 1085 ita
1842 1038 1896 1085 et
1924 1028 2048 1099 Spi-

472 1138 617 1194 ritus
681 1143 905 1193 sanctus
952 1132 1200 1204 procedit
1240 1145 1270 1183 a
1319 1126 1501 1182 Patre.
1546 1124 1730 1192 Quare
1775 1124 1866 1179 dic
1917 1123 2043 1179 ita:

472 1230 690 1295 Anima,
742 1226 883 1281 ratio
918 1233 973 1281 et
1009 1223 1258 1295 spiritus.
1291 1221 1473 1274 anima
1513 1233 1645 1283 una,
1670 1224 1725 1272 et
1756 1229 1867 1270 non
1909 1222 2044 1269 tres.

472 1318 862 1391 lnseparabilis
888 1317 1033 1373 enim
1065 1314 1206 1368 ratio
1241 1322 1293 1367 et
1324 1310 1553 1381 spiritus
1596 1307 1665 1362 ab
1698 1306 1903 1360 anima.
1958 1302 2048 1358 Si-

471 1408 676 1462 militer
704 1404 887 1468 Pater,
927 1411 981 1458 et
1010 1400 1181 1456 Filius
1229 1400 1345 1454 sive
1376 1396 1642 1461 Verbum,
1690 1402 1744 1450 et
1782 1392 2044 1464 Spiritus,

470 1515 616 1554 unus
647 1497 792 1551 Deus
841 1503 896 1550 et
931 1509 1041 1549 non
1072 1500 1221 1560 tres;
1266 1488 1631 1559 inseparabile
1678 1486 1880 1556 quippe
1910 1484 2045 1541 Ver-

364 1650 369 1657 .
470 1591 600 1644 bum
639 1596 694 1644 et
727 1586 966 1658 Spiritus
997 1585 1218 1640 divinus
1246 1597 1278 1636 a
1302 1581 1483 1636 Patre.
1520 1580 1588 1634 Et
1620 1578 1763 1635 sicut
1798 1577 2048 1632 invisibi-

471 1684 540 1737 lis
573 1690 657 1736 est
700 1680 904 1743 anima,
932 1678 1008 1731 ita
1037 1674 1330 1731 invisibilis
1359 1672 1527 1727 etiam
1557 1678 1642 1727 est
1668 1670 1834 1725 Deus.
1868 1668 1934 1723 Et
1964 1669 2044 1725 sic

471 1786 598 1825 cum
627 1770 848 1825 dubitas
891 1768 948 1821 in
992 1773 1176 1820 mente
1217 1770 1333 1826 tua,
1378 1769 1430 1817 et
1462 1761 1621 1827 dicis,
1658 1759 1933 1830 quomodo
1979 1759 2051 1814 sit

473 1862 620 1916 Deus
659 1874 827 1924 unus,
858 1864 914 1913 et
946 1855 1113 1912 simul
1153 1860 1369 1909 constet
1408 1852 1589 1906 tribus
1622 1851 2051 1923 hypostasibus;

474 1953 765 2009 considera
798 1951 1037 2005 animam
1068 1956 1239 2010 tuam,
1272 1953 1327 2001 et
1352 1945 1442 2000 dic
1469 1962 1483 1998 :
1523 1943 1678 1999 Sicut
1704 1944 1887 1998 anima
1930 1958 2053 1999 mea

474 2053 585 2092 una
619 2044 726 2102 est,
780 2037 877 2092 sed
928 2040 1147 2091 constat
1177 2034 1353 2088 tribus
1382 2033 1795 2104 hypostasibus,
1847 2035 2051 2100 anima,

474 2130 715 2193 ratione,
744 2138 802 2184 et
830 2128 1025 2198 spiritu
1055 2127 1170 2182 :ita
1200 2126 1342 2182 Deus
1372 2141 1517 2180 unus
1555 2133 1661 2191 est,
1710 2123 1802 2179 sed
1835 2130 2056 2179 constat

474 2219 656 2275 tribus
687 2219 1099 2290 bypostasibus,
1127 2217 1313 2282 Patre,
1343 2225 1398 2271 et
1418 2214 1582 2280 Filio,
1606 2223 1662 2271 et
1688 2213 1899 2285 Spiritu
1922 2229 2054 2270 san-

475 2321 587 2367 cto.
622 2312 689 2365 Et
714 2311 807 2367 dic
829 2311 972 2381 apud
998 2311 1242 2367 animum
1274 2318 1449 2373 tuum,
1479 2308 1628 2378 quod
1657 2309 1704 2364 si
1733 2312 1917 2362 anima
1935 2307 2057 2378 opi-

476 2403 660 2462 ﬁcium
687 2401 805 2466 Dei,
824 2401 1076 2457 similiter
1095 2407 1150 2455 et
1171 2401 1278 2465 sol,
1296 2405 1515 2455 constat
1540 2398 1718 2454 tribus
1744 2398 2057 2470 bypostasi-

478 2494 605 2557 bus,
642 2501 845 2548 natura
874 2499 1057 2548 autem
1086 2505 1275 2548 eorum
1315 2507 1445 2559 una,
1469 2500 1678 2562 quanto
1707 2490 1880 2561 magis
1911 2488 2056 2544 Deus

477 2583 656 2640 factor
685 2582 938 2639 illorum!
970 2581 1161 2636 Nonne
1198 2581 1254 2635 in
1297 2580 1467 2637 Deum
1497 2581 1647 2636 cadit
1700 2586 1760 2635 ut
1814 2580 1887 2635 sit
1913 2593 2057 2634 unus

479 2683 698 2738 natura,
723 2683 777 2730 et
798 2674 977 2729 tribus
1012 2674 1267 2746 personis
1292 2674 1553 2730 constet?
1582 2673 1692 2728 imo
1722 2672 1778 2727 id
1820 2672 1878 2728 in
1905 2672 2057 2726 illum

479 2765 647 2821 cadit.
674 2764 1147 2832 Quemadmodum
1184 2765 1335 2819 enim
1374 2764 1579 2828 anima,
1627 2763 1778 2819 ratio
1812 2771 1867 2818 et
1894 2761 2060 2832 Spiri-

481 2868 572 2915 tus
621 2869 733 2915 tres
782 2868 910 2915 sunt
946 2873 1212 2929 personae,
1245 2865 1302 2914 et
1352 2873 1460 2913 una
1504 2864 1701 2911 natura
1745 2856 1961 2920 animae,
2005 2865 2061 2911 ct

481 2964 591 3003 non
627 2955 737 3003 tres
784 2948 980 3007 e..ima3
1005 2967 1018 3001 :
1046 2947 1120 3001 ita
1155 2945 1339 3011 Pater,
1380 2956 1434 3002 et
1478 2946 1673 3011 Filius,
1723 2953 1779 3001 et
1821 2944 2059 3016 Spiritus

484 3048 733 3106 sanctus,
765 3046 879 3095 tres
906 3054 1173 3109 persona.
1204 3045 1260 3093 et
1280 3053 1425 3094 unus
1452 3044 1653 3092 natura
1674 3036 1836 3102 Deus,
1869 3044 1923 3092 et
1949 3052 2061 3092 non
2085 3060 2134 3125 ρ

485 3139 598 3185 tres
630 3129 733 3184 Dii.
767 3129 844 3183 Ita
872 3129 916 3184 si
941 3141 1154 3197 semper
1177 3127 1546 3193 ratiociueris,
1578 3142 1693 3183 non
1718 3127 2065 3197 blasphema—

485 3222 570 3277 bis
604 3221 661 3276 in
691 3228 935 3276 sanctam
965 3219 1311 3275 Trinitatem.

563 3480 672 3537 Sed
690 3482 805 3552 jam
829 3490 883 3538 et
913 3483 1077 3537 aliam
1107 3479 1523 3545 similitudinem
1551 3481 1644 3538 Dei
1667 3484 1816 3547 audi,
1841 3481 2061 3541 dilecte.

489 3574 634 3629 Ecce
658 3573 802 3641 ignis
823 3587 967 3627 unus
991 3579 1098 3637 est,
1125 3572 1221 3628 sed
1249 3587 1315 3627 ex
1345 3571 1526 3626 tribus
1558 3577 1776 3626 constat
1800 3565 2066 3642 h’yposta-

489 3664 667 3720 sibus.
706 3661 826 3734 Ipse
868 3663 1015 3718 enim
1060 3677 1204 3719 unus
1226 3670 1312 3720 eat
1354 3661 1638 3730 subjectus
1672 3661 1837 3732 ignis,
1873 3660 2067 3720 urendi

490 3761 675 3808 autem
721 3753 804 3808 vis
848 3761 933 3809 est
977 3751 1083 3807 alia
1123 3765 1361 3822 persona
1400 3759 1495 3806 :et
1539 3751 1626 3807 vis
1663 3750 1884 3806 lucendi
1935 3752 2065 3808 item

492 3846 597 3899 alia
632 3860 889 3915 persona.
926 3844 1068 3907 Ecce
1106 3859 1237 3916 ergo
1267 3852 1380 3900 tres
1418 3860 1669 3914 personae
1698 3846 1862 3900 unius
1901 3844 2066 3916 ignis,

490 3939 702 3993 scilicet
730 3939 1014 4008 subjectus
1044 3936 1205 4009 ignis.
1249 3936 1335 3992 vis
1368 3937 1587 4002 urendi,
1624 3945 1679 3993 et
1715 3938 1937 3994 lucendi
1964 3937 2066 3992 vis.

492 4026 613 4083 Una
646 4039 828 4085 autem
867 4035 952 4084 est
982 4038 1182 4083 natura
1211 4028 1375 4100 ignis,
1409 4034 1464 4082 et
1501 4043 1611 4082 non
1642 4036 1756 4084 tres
1782 4048 1795 4085 :
1818 4031 2072 4087 similiter

492 4121 655 4175 etiam
710 4120 766 4174 in
822 4119 951 4175 Deo.
990 4118 1153 4175 Pater
1189 4120 1335 4174 enim
1382 4128 1467 4175 est
1486 4120 1648 4192 283
1682 4120 1845 4191 ignis,
1899 4120 2072 4179 Filius

493 4217 578 4265 est
628 4210 822 4265 urendi
857 4211 961 4275 vis,
994 4218 1048 4266 et
1076 4208 1319 4281 Spiritus
1361 4221 1588 4265 sanctus
1632 4220 1718 4266 est
1753 4213 1837 4268 vis
1871 4213 2073 4267 illumi-

495 4318 655 4358 nans.
696 4302 764 4356 Et
795 4303 1255 4371 quemadmodum
1311 4302 1369 4356 in
1418 4301 1565 4372 igne,
1600 4302 1779 4372 ignem
1824 4312 2071 4358 urentem

2144 477 2302 549 τρία·
2336 477 2523 548 ἐπειδὴ
2554 476 2721 548 ψυχὴ,
2752 476 2908 545 λόγος
2964 475 3060 527 καὶ
3094 475 3254 545 πνοὴ,
3289 472 3388 543 μία
3418 470 3604 542 ψυχὴ,
3639 470 3745 521 καὶ

2146 569 2412 640 πρόσωπα
2442 567 2589 636 τρία.
2636 567 2748 619 Kal
2786 565 2903 617 ἐστι
2939 565 3038 634 μὲν
3068 565 3103 634 ή
3135 562 3282 633 ψυχὴ
3315 562 3394 624 είς
3422 559 3597 613 τύπον
3637 557 3741 611 τοῦ

2146 660 2391 730 Πατρός·
2425 661 2454 713 6
2482 659 2540 712 δὲ
2585 658 2740 726 λόγος
2778 657 2876 728 τῆς
2906 655 3084 726 ψυχῆς
3130 656 3210 718 εἰς
3251 653 3422 707 τύπον
3450 650 3547 705 τοῦ
3598 650 3741 704 Υἱοῦ

2146 751 2242 805 καὶ
2275 751 2448 816 Λόγου
2477 748 2573 803 τοῦ
2613 748 2748 802 Θεοῦ
2767 765 2780 777 ·
2806 749 2840 818 ἡ
2867 746 2925 799 δὲ
2955 744 3093 816 πνοὴ
3127 744 3229 815 τῆς
3255 742 3434 813 ψυχῆς
3455 744 3537 804 εἰς
3563 739 3743 793 τύπον

2145 842 2238 896 τοῦ
2288 843 2444 912 ἁγίου
2485 839 2825 911 Πνεύμστος.
2876 839 2966 902 Ὦς
3003 837 3111 908 γὰρ
3156 822 3370 907 ἡψυχὴ
3414 834 3740 903 ἁγέννητος.

2145 935 2289 989 οὕτω
2323 937 2419 990 καὶ
2456 936 2485 987 6
2512 933 2645 997 Θεὸς
2688 933 2786 986 καὶ
2818 931 3011 1002 Πατὴρ
3047 930 3344 999 ἀγέννητοι
3408 928 3505 980 καὶ
3544 926 3744 996 ὥσπερ

2145 1031 2175 1083 6
2205 1028 2364 1096 λόγος
2390 1025 2648 1098 γεννητὸς
2687 1024 2797 1079 ἀπὸ
2826 1024 2926 1096 τῆς
2957 1023 3158 1093 ψυχῆς,
3210 1020 3356 1075 οὕτω
3381 1021 3478 1074 καὶ
3505 1021 3535 1072 6
3561 1020 3744 1088 Λόγος

2144 1120 2240 1175 τοῦ
2277 1118 2412 1172 Θεοῦ
2450 1117 2706 1188 γεννητὸς
2733 1116 2842 1171 ἀπὸ
2867 1114 2962 1168 τοῦ
2998 1114 3244 1184 Πατρός*
3277 1114 3373 1168 καὶ
3408 1111 3671 1180 καθάπερ
3705 1114 3740 1179 ἡ

2147 1209 2284 1280 πνοὴ
2349 1209 2658 1280 ὲκπορευτὴ
2739 1206 2850 1262 ἀπὸ
2903 1207 3006 1277 τῆς
3058 1206 3259 1278 ψυχῆς,
3306 1205 3456 1258 οὕτω
3517 1204 3617 1258 καὶ
3680 1203 3745 1254 τὸ

2146 1299 2373 1371 Πνεῦμα
2413 1299 2475 1352 τὸ
2505 1300 2661 1368 ἆγιον
2709 1297 3043 1370 ὲκπορευτὸν
3073 1297 3186 1352 ἁπὸ
3215 1297 3310 1351 τοῦ
3343 1296 3582 1367 Πατρός.
3627 1295 3746 1348 Kal

2146 1385 2298 1443 εἷπον
2328 1388 2500 1442 οὕτω·
2535 1389 2720 1461 Ψυχὴ,
2743 1389 2899 1459 λόγος
2932 1389 3027 1441 καὶ
3059 1388 3219 1460 πνοὴ,
3265 1388 3365 1459 μία
3426 1386 3598 1457 ψυχὴ,
3645 1386 3746 1438 καὶ

2146 1482 2207 1534 ού
2255 1484 2404 1551 τρεῖς
2439 1496 2454 1510 °
2500 1480 2804 1553 ἀχώριστος
2847 1480 2959 1553 γὰρ
2989 1482 3018 1533 6
3048 1480 3206 1550 λόγος
3238 1482 3333 1535 καὶ
3374 1482 3408 1550 ή
3452 1481 3592 1550 πνοὴ
3632 1479 3747 1531 ἀπὸ

2146 1571 2247 1641 τῆς
2288 1572 2487 1641 ψυχῆς.
2512 1572 2745 1642 Ὁμοίως
2793 1571 3005 1643 Πατὴρ,
3054 1572 3147 1625 καὶ
3191 1570 3338 1634 Υἱὸς,
3390 1572 3510 1640 ἦτοι
3542 1571 3743 1638 Λόγος,

2148 1663 2242 1714 καὶ
2271 1660 2516 1732 Πνεῦμα,
2557 1657 2637 1725 εἷς
2658 1662 2811 1728 Θεὸς,
2837 1664 2931 1718 καὶ
2963 1665 3025 1717 ού
3056 1664 3206 1734 τρεῖς
3234 1680 3249 1695 ·
3301 1661 3605 1734 ἀχώριστος
3632 1662 3747 1732 γὰρ

2153 1759 2182 1810 6
2202 1758 2375 1826 Λόγος
2404 1758 2498 1810 καὶ
2524 1757 2585 1810 τὸ
2616 1757 2841 1825 Πνεῦμα
2876 1756 2940 1810 τὸ
2971 1755 3112 1809 θεῖον
3135 1758 3200 1810 ὲκ
3236 1755 3331 1809 τοῦ
3361 1755 3598 1826 Πατρός.
3632 1756 3748 1808 Kal

2153 1838 2404 1922 καθάπερ
2437 1848 2668 1920 ἀόρατος
2688 1850 2722 1920 ἡ
2747 1848 2920 1920 ψύχὴ,
2948 1847 3121 1912 οὕτως
3142 1847 3371 1919 ἀόρατος
3405 1848 3501 1901 καὶ
3530 1849 3559 1900 6
3583 1847 3746 1909 Θεός.

2152 1943 2263 1995 Kal
2287 1941 2461 2005 οὓτως
2494 1942 2620 1995 ὃταν
2651 1940 2926 2006 διατάξεις
2952 1942 3009 1994 ἐν
3036 1940 3114 2012 τῷ
3150 1943 3233 1995 νοΐ
3265 1957 3380 2004 σου,
3408 1942 3504 1993 καὶ
3538 1939 3749 2007 λέγεις,

2155 2032 2273 2097 πῶς
2303 2033 2381 2086 ἔνι
2405 2036 2435 2086 6
2459 2033 2595 2096 Θεὸς
2622 2027 2723 2099 εἷς,
2754 2033 2849 2087 καὶ
2874 2032 2948 2086 ἐν’
2979 2033 3073 2086 καὶ
3100 2032 3565 2103 τρισυπόστατος;
3591 2032 3754 2085 ἐνθυ-

2158 2123 2260 2194 μοῦ
2288 2123 2391 2193 τῆς
2430 2123 2613 2196 ψυχῆς
2658 2140 2774 2189 σου,
2809 2124 2905 2178 καὶ
2937 2122 3100 2193 λέγε’
3142 2123 3353 2193 Ὥσπερ
3392 2124 3425 2193 ἡ
3457 2122 3608 2193 ψυχή
3644 2140 3757 2193 μου

2159 2215 2259 2285 μία
2279 2216 2450 2279 ἐστὶν,
2482 2214 2620 2268 ἀλλὰ
2649 2215 2745 2268 καὶ
2771 2214 3224 2286 τρισυπόστατος,
3253 2213 3420 2285 ψυχὴ,
3444 2214 3625 2283 λόγος,
3656 2217 3756 2270 καὶ

2157 2306 2321 2377 moly
2349 2304 2493 2359 οὕτω
2550 2305 2645 2359 καὶ
2674 2308 2702 2359 6
2726 2305 2860 2370 Θεὸς
2885 2301 2965 2370 εἷς
2992 2309 3161 2370 ἐστιν,
3189 2306 3303 2360 ἁλλ’
3328 2306 3444 2360 ἐστι
3471 2308 3567 2361 καὶ
3590 2325 3753 2377 τρισ-

2157 2397 2479 2461 υπόστατος,
2517 2397 2744 2468 Πατὴρ,
2786 2396 2980 2467 Λόγος,
3024 2398 3118 2451 καὶ
3158 2397 3385 2469 Πνεῦμα
3421 2397 3600 2467 ἅγιον.
3640 2401 3755 2453 Καὶ

2156 2487 2281 2556 λέγε
2319 2489 2379 2541 ὲν
2416 2487 2497 2559 τῷ
2523 2489 2602 2542 νοΐ
2630 2506 2746 2554 σου,
2779 2489 2882 2555 δτι,
2914 2490 3008 2544 ἐὰν
3038 2493 3071 2560 ἡ
3111 2490 3279 2561 ψυχὴ,
3310 2491 3372 2543 τὸ
3405 2490 3619 2560 ποίημα
3653 2492 3751 2544 τοῦ

2164 2578 2324 2645 Θεοῦ,
2349 2580 2552 2651 ὁμοίως
2584 2583 2679 2635 xal
2719 2583 2749 2634 6
2782 2581 2951 2652 ἥλιος,
2998 2582 3116 2634 ἐστὶ
3140 2582 3589 2653 τρισυπόστατος,
3626 2585 3660 2653 ἡ
3693 2583 3753 2635 δὲ

2161 2670 2323 2741 φύσις
2370 2670 2552 2725 αὐτῶν
2601 2671 2733 2743 μία·
2765 2673 2918 2743 πόσῳ
2964 2671 3165 2742 μᾶλλον
3203 2675 3232 2726 6
3269 2673 3403 2736 Θεὸς
3444 2675 3473 2726 6
3516 2674 3752 2745 ποιητὴς

2158 2763 2392 2817 τούτωνι
2430 2765 2543 2818 Ούκ
2573 2765 2845 2836 ἐνδέχεται
2880 2765 2942 2817 τὸ
2987 2761 3127 2820 εἶναι
3169 2764 3376 2829 οὕτως,
3418 2764 3561 2819 ὥστε
3610 2763 3753 2821 εἶναι

2162 2854 2323 2907 αὐτὸν
2356 2854 2451 2908 ’ἐνα
2497 2857 2563 2926 τῇ
2609 2853 2791 2924 φύσει,
2840 2855 2936 2909 καὶ
2971 2855 3401 2926 τρισυπόστατον
3433 2861 3545 2921 τοῖς
3581 2874 3757 2930 προσ-

2161 2946 2370 3010 ώποιςς
2408 2946 2503 3000 καὶ
2529 2945 2744 3016 ἀληθῶς
2782 2945 3076 3018 ἐνδέχεται.
3119 2946 3206 3011 Ὠς
3255 2946 3364 3019 γὰρ
3388 2947 3557 3019 ψυχὴ,
3591 2947 3757 3017 λόγος

2165 3038 2260 3092 καὶ
2298 3036 2436 3108 πνοὴ
2472 3036 2600 3108 τρία
2629 3037 2918 3109 πρόσωπα,
2958 3039 3055 3090 καὶ
3092 3036 3193 3108 μία
3221 3037 3382 3107 φύσις
3412 3039 3620 3109 ψυχῆς,
3657 3041 3756 3093 καὶ

2163 3129 2225 3183 ού
2264 3132 2413 3201 τρεῖς
2482 3129 2685 3200 ψυχαί·
2724 3126 2867 3183 οὕτω
2911 3128 3124 3201 Πατὴρ,
3166 3129 3339 3197 Λόγος
3386 3130 3482 3183 καὶ
3527 3130 3759 3202 Πνεῦμα

2167 3223 2342 3290 ἁγιον,
2384 3221 2511 3295 τρία
2541 3223 2809 3295 πρόσωπα
2827 3264 2842 3288 ,
2868 3224 2961 3277 xal
2989 3217 3070 3287 εἷς
3103 3226 3170 3294 τῇ
3195 3223 3355 3293 φύσει
3373 3224 3527 3289 Θεὸς,
3564 3226 3662 3279 καὶ
3691 3227 3755 3278 οὐ

2165 3314 2315 3384 τρεῖς
2369 3312 2500 3366 θεοί.
2560 3312 2749 3378 Οὕτως
2793 3312 2889 3367 ἐὰν
2935 3314 3224 3389 συλλογίζῄ
3262 3316 3515 3382 πάντοτε,
3560 3318 3627 3371 ού
3679 3319 3757 3389 μὴ

2168 3406 2569 3479 βλασφημήσῃς
2599 3405 2692 3458 ἐπὶ
2716 3406 2815 3476 τῆς
2847 3406 3009 3474 ἁγίας
3048 3407 3298 3479 Τριὰδος.

2252 3499 2412 3552 Ἀλλὰ
2439 3497 2624 3570 ἀκμὴν
2646 3499 2742 3552 καὶ
2766 3498 2933 3571 ἄλλην
2958 3499 3142 3553 εἰκόνα
3168 3499 3305 3553 Θεοῦ
3334 3499 3590 3566 ἄκουσον,
3613 3502 3759 3570 ἀγα-

2166 3589 2326 3659 πητέ.
2366 3588 2497 3642 Ἰδοὺ
2535 3588 2598 3641 τὸ
2631 3588 2742 3660 πῦρ
2778 3588 2838 3641 ἒν
2867 3589 3004 3652 ἐστι,
3038 3585 3215 3651 ἄλλως
3257 3589 3352 3641 καὶ
3389 3590 3762 3661 τρισυπόοτα-

2165 3695 2275 3735 τον.
2314 3680 2455 3733 Αὐτὸ
2486 3680 2596 3751 γὰρ
2632 3680 2691 3733 ἓν
2736 3680 2852 3734 ἐστι
2897 3679 2958 3734 τὸ
3005 3681 3366 3752 ὑποκείμενον
3420 3681 3552 3753 πῦρ,
3588 3682 3653 3735 τὸ
3698 3682 3765 3734 δὲ

2169 3770 2462 3826 καυστικὺν
2494 3770 2660 3825 αὐτοῦ
2701 3771 2890 3844 ἕτερον
2926 3772 3240 3844 πρόσωπον,
3283 3773 3378 3825 καὶ
3408 3772 3470 3826 τὸ
3497 3790 3762 3841 φωτιστι-

2170 3865 2266 3918 κὸν
2303 3864 2469 3918 αὑτοῦ
2514 3865 2643 3918 ἄλλο
2678 3865 2989 3935 πρόσωπον.
3037 3864 3164 3918 Ἰδοὺ
3196 3864 3382 3917 λοιπὸν
3430 3864 3556 3938 τρία
3589 3866 3763 3938 πρόσ-

2173 3974 2299 4009 ωπα
2349 3955 2444 4010 τοῦ
2496 3956 2614 4021 ἑνὸς
2655 3957 2860 4030 πυρὸς,
2910 3957 3079 4029 ἤγουν
3123 3956 3185 4009 τὸ
3224 3955 3580 4027 ὑποκείμενον
3626 3956 3762 4029 πῦρ,

2171 4051 2266 4103 καὶ
2299 4051 2360 4103 τὸ
2392 4049 2714 4114 καυστικὸν,
2745 4052 2840 4105 καὶ
2867 4050 2928 4104 τὸ
2962 4051 3285 4120 φωτιστικόν
3315 4067 3330 4081 ο
3371 4050 3471 4121 μία
3495 4049 3553 4103 δὲ
3598 4051 3766 4120 φύσις

2170 4140 2263 4193 τοῦ
2292 4140 2463 4212 πυρὸς
2481 4183 2495 4207 ,
2526 4142 2621 4195 καὶ
2650 4143 2710 4195 ού
2745 4145 2915 4214 τρεῖς.
2945 4141 3174 4213 Ὁμοίως
3198 4142 3293 4195 καὶ
3334 4142 3425 4194 ἐπὶ
3457 4141 3551 4197 τοῦ
3584 4141 3726 4196 Θεοῦ
3748 4159 3763 4171 ·

2171 4231 2200 4282 6
2233 4231 2339 4302 γὰρ
2375 4231 2566 4302 Πατὴρ
2609 4231 2688 4285 ἔνι
2729 4232 2788 4285 τὸ
2825 4231 2970 4301 πῦρ,
3004 4234 3032 4285 6
3066 4232 3195 4296 Υἱὸς
3223 4233 3284 4286 τὸ
3312 4232 3632 4297 καυστικὸν,
3669 4234 3767 4286 καὶ

2171 4323 2232 4376 τὸ
2258 4323 2483 4395 Πνεῦμα
2507 4325 2568 4377 τὸ
2591 4324 2744 4393 ἁγιον
2767 4323 2847 4377 ἔνι
2873 4323 2935 4378 τὸ
2965 4322 3307 4393 φωτιστικόν.
3333 4324 3443 4376 Kal
3461 4322 3656 4395 ὥσπερ
3673 4323 3767 4375 ἐπὶ

497 4402 550 4448 et
584 4395 876 4459 lucentem,
903 4401 957 4448 et
993 4393 1170 4463 ipsum
1211 4393 1545 4463 subjectum,
1576 4395 1753 4464 ignem
1786 4412 1956 4451 unum
1990 4397 2061 4451 di-

2175 4417 2268 4470 τοῦ
2295 4393 2484 4490 πυρὸς,
2512 4418 2574 4472 τὸ
2605 4418 2736 4489 πῦρ,
2767 4416 2829 4471 τὸ
2857 4416 3178 4479 καυστικὸν,
3210 4414 3305 4468 καὶ
3326 4413 3386 4466 τὸ
3414 4393 3764 4482 φωτιστικὸν,

498 4486 696 4559 cimus,
728 4492 782 4540 et
806 4501 917 4539 non
955 4493 1109 4542 tres:
1143 4485 1216 4539 ita
1243 4487 1407 4541 etiam
1438 4487 1496 4542 in
1526 4484 1639 4542 Deo
1663 4497 1774 4542 tres
1806 4504 2071 4564 personas

499 4575 735 4641 Patrem,
788 4584 842 4630 ct
878 4574 1098 4641 Filium,
1143 4584 1196 4631 et
1257 4575 1521 4646 Spiritum
1574 4587 1848 4642 sanctum,
1903 4578 2072 4634 Deum

499 4684 666 4721 unum
692 4666 948 4733 dicimus,
973 4675 1027 4721 et
1053 4683 1161 4721 non
1189 4677 1321 4724 tres.
1346 4668 1414 4723 Et
1443 4669 1588 4740 quod
1620 4670 1839 4745 quidem
1863 4679 2075 4742 spectat

500 4760 861 4829 cognitionem
904 4766 1108 4815 sancta:
1153 4758 1442 4816 Trinitatis
1492 4762 1606 4817 haec
1648 4763 1917 4817 suillciant
1956 4780 2075 4821 cre-

501 4852 669 4909 denti.

566 5054 770 5111 Verum
815 5054 944 5110 audi
989 5061 1043 5110 et
1087 5055 1235 5110 aliud
1271 5066 1532 5126 praeterea
1566 5056 1910 5127 mysterium.
1942 5055 2081 5113 Ver-

502 5158 629 5204 bum
666 5146 906 5203 hominis
939 5145 1211 5217 duplicem
1258 5147 1421 5203 habet
1464 5150 1895 5218 generationem,
1929 5158 1982 5205 et
2024 5151 2080 5204 in

505 5240 714 5296 duabus
744 5239 1041 5295 lationibus
1081 5250 1371 5311 generatur
1405 5257 1419 5293 :
1463 5257 1628 5296 unam
1664 5243 1883 5313 quidem
1922 5243 2082 5298 latio-

504 5349 624 5388 nem
654 5334 820 5388 habet
844 5334 913 5388 ab
950 5333 1154 5399 anima,
1190 5334 1417 5389 alteram
1444 5349 1475 5388 a
1500 5335 1660 5391 labiis
1701 5358 1714 5392 :
1753 5343 1807 5390 et
1835 5336 2083 5390 nascitur

505 5423 723 5495 quidem
762 5440 944 5481 sermo
973 5424 1210 5480 hominis
1237 5426 1306 5480 ab
1337 5427 1538 5488 anima:
1562 5442 1686 5481 cum
1720 5429 1845 5498 quis
1878 5430 2083 5498 cogitat

509 5514 711 5581 aliquid
773 5513 957 5569 dicere
1009 5533 1022 5568 :
1080 5516 1339 5586 cogitatio
1383 5517 1526 5571 enim
1580 5516 1754 5586 prima
1802 5518 2084 5587 generatio

510 5604 707 5657 dicitur
723 5604 892 5667 verbi,
915 5604 1043 5673 quia
1066 5607 1266 5674 cogitat
1290 5606 1647 5674 pronuntiare
1672 5606 1803 5661 illud
1822 5608 2046 5663 verbum
2068 5627 2082 5663 ε

512 5709 615 5750 non
634 5694 841 5764 profert
879 5701 1056 5750 autem
1081 5696 1211 5752 illud
1245 5697 1441 5764 labiis;
1475 5696 1571 5753 sed
1597 5707 1778 5755 servat
1811 5714 1935 5757 eum
1968 5716 2086 5760 scr-

2175 4508 2269 4560 καὶ⁸
2305 4507 2437 4561 αὐτὸ
2472 4507 2534 4561 τὸ
2575 4507 2934 4577 ὑποκείμενον
2971 4505 3112 4577 πῦρ,
3160 4503 3219 4558 ἓν
3266 4503 3531 4574 λέγομεν,
3572 4504 3671 4557 καὶ
3703 4501 3765 4554 οὐ

2175 4601 2333 4669 τρία’
2366 4600 2508 4653 οὕτω
2557 4598 2787 4669 λέγομεν
2818 4598 2912 4652 καὶ
2944 4597 3037 4651 ἐπὶ
3064 4596 3157 4650 τοῦ
3180 4595 3315 4649 Θεοῦ
3347 4594 3418 4649 τὰ
3441 4594 3568 4666 τρία
3596 4593 3766 4667 πρόσ-

2175 4711 2320 4755 ωπα,
2345 4693 2435 4745 τόν
2473 4708 2532 4744 τε
2568 4690 2808 4762 Πατέρα,
2834 4689 2926 4743 καὶ
2954 4688 3100 4752 Υἱὸν,
3128 4687 3222 4741 καὶ
3249 4686 3310 4740 τὸ
3341 4687 3495 4755 ἅγιον
3519 4686 3765 4757 Πνεῦμα,

2176 4786 2309 4839 Θεὸν
2350 4785 2447 4838 ἕνα
2478 4783 2730 4853 λέγομεν,
2770 4781 2865 4835 καὶ
2908 4779 2970 4833 ού
3002 4783 3171 4851 τρεῖς.
3210 4780 3322 4833 Kal
3362 4778 3494 4851 ’περὶ⁸
3530 4779 3631 4849 μὲν
3668 4779 3769 4848 τῆς

2179 4872 2524 4942 ἐπιγνώσεως
2569 4873 2668 4944 τῆς
2718 4872 2878 4941 ἁγίας
2916 4870 3145 4940 Τριάδος
3190 4867 3430 4941 ἀρκείτω
3473 4868 3652 4922 ταῦτα
3689 4865 3767 4938 τῷ

2180 4967 2509 5020 πιστεύοντι.

2252 5059 2396 5129 Πλὴν
2416 5057 2646 5111 ἄκουσον
2672 5057 2769 5109 καὶ
2797 5053 2925 5109 ἄλλο
2949 5053 3089 5125 πρὸς
3116 5051 3326 5116 τούτοις
3350 5055 3679 5125 μυστήριον.
3712 5054 3767 5107 '0

2180 5152 2336 5218 λόγος
2363 5148 2457 5203 τοῦ
2481 5146 2771 5220 ἀνθρώπου
2799 5146 2993 5216 διπλῆν
3019 5146 3130 5216 ἔχει
3155 5145 3253 5216 τὴν
3280 5146 3560 5216 γέννησιν,
3587 5147 3683 5201 καὶ
3713 5149 3770 5198 ἐν

2182 5243 2305 5297 δυσὶ
2333 5244 2524 5313 φοραῖς
2553 5241 2841 5310 γεννᾶται·
2886 5238 3017 5308 μίαν
3052 5237 3150 5308 μὲν
3181 5237 3353 5308 φορὰν
3376 5240 3639 5305 γεννᾶται
3666 5237 3771 5290 ἀπὸ

2183 5336 2284 5407 τῆς
2304 5334 2501 5405 ψυχῆς,
2534 5333 2728 5405 ἑτέραν
2744 5331 2800 5384 δὲ
2825 5330 2932 5384 ἀπὸ
2963 5329 3074 5383 τῶν
3107 5329 3350 5401 χειλέων.
3375 5329 3488 5382 Kal
3517 5331 3771 5398 γεννᾶται

2190 5428 2289 5500 μὲν
2313 5431 2340 5482 6
2364 5428 2520 5495 λόγος
2548 5426 2641 5480 τοῦ
2672 5423 2958 5496 ἀνθρώπου
2991 5423 3101 5477 ἀπὸ
3132 5421 3231 5493 τῆς
3250 5483 3258 5491 ι
3277 5421 3476 5491 ψυχῆς,
3519 5423 3653 5475 ὅταν
3690 5422 3772 5473 ὲν-

2189 5516 2405 5588 θυμηθῇ
2436 5535 2521 5579 τις
2554 5518 2728 5569 εἰπεῖν
2748 5531 2821 5568 τι.
2864 5514 2929 5566 Ἡ
2962 5512 3074 5584 γὰρ
3100 5512 3395 5583 ὲνθύμησις
3428 5512 3626 5584 πρώτη
3653 5513 3773 5579 γέν-

2187 5624 2341 5678 νησις
2371 5604 2589 5673 λέγεται
2629 5603 2723 5656 τοῦ
2746 5601 2928 5670 λόγου,
2964 5602 3088 5654 ἐπεὶ
3128 5599 3439 5670 ἐνθυμεῖται
3480 5600 3575 5653 τοῦ
3606 5603 3773 5655 εἰπεῖν

2190 5701 2395 5754 ἐκεῖνον
2415 5696 2504 5751 τὸν
2529 5696 2684 5766 λόγον
2705 5712 2716 5725 ·
2739 5695 2799 5748 οὐ
2822 5693 2969 5761 λέγει
2995 5691 3053 5745 δὲ
3076 5691 3262 5745 τοῦτον
3283 5691 3372 5745 διὰ
3396 5691 3505 5746 τῶν
3531 5692 3773 5765 χειλέων,
