3836 6194
205 298 308 353 σει

1485 295 1861 366 ῺΠΒΞΤΙΟΝ
1870 296 1955 352 ES
1992 296 2202 354 ΔΗΕ.

3379 304 3485 360 782

206 413 353 469 αλλά
379 412 635 483 φυλάττει
690 413 782 467 τὸν
829 411 986 482 λόγον
1040 413 1075 484 ή
1123 411 1271 483 ψυχὴ
1316 412 1374 465 ιν
1412 415 1524 475 τοῖς
1569 412 1794 476 κόλποις

1906 425 2114 467 nonem
2153 408 2337 465 anima
2384 410 2442 466 in
2487 409 2613 467 sinu
2657 426 2759 467 suo
2795 420 2897 469 εδει
2940 419 3025 469 est
3056 413 3328 486 'cogitatlo
3366 416 3483 479 illa,

204 507 388 579 αὐτῆς
408 523 423 537 ·
459 506 554 559 καὶ
584 507 733 559 ἐστιν
769 509 805 578 ή
836 504 1133 576 ὲνθύμησις
1159 503 1344 576 ἐκείνη
1373 504 1563 576 πρώτη
1602 504 1800 576 γέννη-

208 618 300 664 σις
327 599 425 654 τοῦ
456 599 618 669 λόγου
659 600 770 654 ἀπὸ
803 600 904 672 τῆς
947 598 1146 670 ψυχῆς.
1173 600 1382 669 Ὅμως,
1432 597 1537 651 κᾶν
1563 596 1800 669 γεννηθῇ

204 700 239 748 6
267 694 432 764 λόγος
458 694 567 748 ἀπὸ
613 694 711 765 τῆς
748 694 960 765 ψυχῆς,
995 690 1219 764 πρώτην
1253 692 1504 762 γέννησιν
1546 692 1675 745 ὅταν
1710 694 1801 745 ὲν-

206 788 436 859 θυμηθῇ
460 786 622 842 αὐτὸν
648 789 682 858 ἡ
711 787 880 858 ψυχὴ,
910 786 1024 840 ἀλλ’
1054 786 1116 841 οὐ
1145 789 1372 859 φανεροτ
1394 785 1579 850 αὐτὸν,
1615 783 1802 857 ἀκμὴν

203 881 268 935 δὲ
294 881 555 951 φυλάττει
589 880 771 934 αὐτόν.
804 880 975 934 Ὅταν
1011 879 1071 933 δὲ
1118 879 1322 952 θελήσῃ
1352 877 1448 933 τοῦ
1487 877 1803 949 φανερῶσαι

203 972 306 1026 τὸν
330 974 511 1042 λόγον,
549 974 670 1027 τότε
698 974 864 1044 γεννᾷ
900 970 1063 1026 αὑτὸν
1095 971 1161 1024 ὲκ
1210 972 1321 1024 τῶν
1368 969 1613 1042 χειλέων.
1653 968 1802 1040 Αὐτὴ

204 1066 269 1119 δὲ
317 1068 354 1137 ἠ
384 1067 449 1120 ἐκ
476 1066 585 1118 τῶν
630 1064 853 1136 χειλέων
910 1063 1140 1135 δευτέρα
1171 1063 1426 1134 γέννησις
1479 1061 1573 1115 τοῦ
1615 1061 1799 1131 λόγου,

208 1156 359 1229 αὑτὴ
390 1158 615 1229 φανεροῖ
644 1156 736 1209 τὸν
792 1148 950 1224 λόγον
997 1156 1056 1209 ὲν
1094 1156 1208 1217 τοῖς
1251 1155 1387 1208 πᾶσι
1406 1194 1420 1220 ,
1451 1154 1547 1221 καὶ
1587 1155 1689 1208 οὐκ
1722 1154 1803 1208 ἔτι

206 1249 403 1305 λοιπὸν
429 1250 461 1301 6
482 1248 639 1317 λόγος
662 1246 876 1319 ἀφανὴς
900 1246 1140 1316 λέγεται,
1179 1246 1295 1300 ἀλλ’
1332 1247 1600 1318 ἐμφανής.
1633 1247 1803 1300 Ὅταν

205 1342 272 1396 δὲ
294 1340 532 1413 γεννηθῇ
566 1342 596 1394 6
623 1340 781 1409 λόγος
814 1338 904 1393 διὰ
928 1338 1038 1392 τῶν
1068 1339 1314 1410 χειλέων,
1348 1339 1472 1393 τότε
1514 1341 1564 1392 οἱ
1598 1337 1803 1401 πάντες

207 1432 510 1488 ἀκούουσιν
528 1432 714 1497 αὐτὸν,
743 1431 838 1484 καὶ
871 1430 1104 1502 φανερὸς
1126 1432 1338 1500 γίνεται
1363 1433 1476 1496 τοῖς
1509 1433 1644 1485 πᾶσι
1667 1447 1680 1461 ·
1709 1431 1803 1483 καὶ

206 1528 436 1597 λέγεται
467 1527 604 1600 αὕτη
639 1529 673 1600 ή
704 1528 958 1600 γέννησις
980 1526 1124 1600 ήδιά
1163 1526 1273 1580 τῶν
1309 1526 1533 1597 χειλέων
1575 1525 1803 1598 δευτέρα

207 1621 471 1691 γέννησις
494 1619 590 1673 τοῦ
625 1618 785 1688 λόγου
810 1636 824 1650 ·
857 1618 997 1673 ὥστε
1025 1618 1119 1673 δύο
1149 1619 1286 1672 είσὶν
1316 1620 1370 1672 αἱ
1397 1618 1678 1691 γεννήσεις
1704 1619 1799 1673 τοῦ

206 1713 377 1782 λόγου
402 1712 593 1784 ήμῶν-
630 1713 728 1784 μία
758 1713 857 1784 μὲν
892 1714 957 1766 ἐκ
984 1713 1083 1784 τῆς
1118 1711 1321 1784 ψυχῆς,
1351 1713 1479 1766 ὅταν
1516 1713 1796 1785 ὲνθυμηθῇ

1903 504 2082 573 prima
2109 502 2390 576 generatio
2412 503 2562 558 verbi
2591 502 2660 559 ab
2688 504 2889 559 anima.
2912 504 3048 561 Illud
3070 508 3241 572 enim,
3265 507 3483 563 etiamsi

1902 602 2164 650 nascatur
2226 594 2299 650 ab
2368 595 2573 661 anima,
2643 611 2742 666 per
2787 598 3019 667 primam
3078 599 3484 670 generationem

1901 688 2124 758 quando
2148 688 2353 760 cogitat
2386 689 2518 746 illud
2555 690 2739 744 anima
2773 709 2786 744 :
2822 689 2918 747 sed
2943 706 3060 747 non
3086 690 3294 763 profert
3326 692 3482 758 illud,

1903 781 2000 837 sed
2047 782 2225 837 adhuc
2257 791 2568 842 conservat.
2606 782 2838 850 Quando
2879 791 3060 840 autem
3089 786 3207 840 vult
3239 784 3485 856 proferre

1901 874 2151 937 verbum,
2220 883 2354 930 tunc
2404 874 2616 947 profert
2662 877 2797 932 illud
2847 877 3007 933 labiis
3054 898 3068 934 :
3110 878 3225 933 haec
3265 886 3350 933 est
3396 893 3485 933 se—

1901 966 2085 1021 cunda
2108 968 2389 1038 generatio
2421 983 2489 1022 ex
2522 968 2704 1026 labiis.
2742 968 2863 1039 Ipsa
2892 977 3072 1025 autem
3100 985 3168 1024 ex
3204 969 3366 1025 labiis
3397 985 3486 1025 se-

1903 1057 2084 1112 cunda
2109 1059 2390 1129 generatio
2427 1060 2580 1115 verbi
2613 1061 2790 1131 aperit
2806 1061 3039 1116 verbum
3069 1061 3352 1129 omnibus,
3381 1077 3485 1117 nec

1903 1152 2139 1222 amplius
2204 1153 2430 1209 verbum
2491 1154 2792 1211 obscurum
2852 1163 2977 1221 est,
3042 1155 3140 1212 sed
3210 1162 3481 1227 apertum.

1902 1241 2135 1309 Quando
2175 1251 2357 1300 autem
2402 1245 2683 1316 profertur
2724 1248 2953 1303 verbum
2995 1262 3094 1317 per
3143 1248 3309 1313 labia,
3353 1256 3487 1303 tunc

1901 1350 2092 1392 omnes
2127 1336 2357 1392 audiunt
2405 1338 2561 1403 illud,
2603 1349 2658 1395 et
2698 1340 3049 1396 manifestum
3098 1343 3157 1395 fit
3193 1340 3485 1408 omnibus;

1901 1436 1959 1482 et
1988 1429 2103 1484 haec
2127 1429 2407 1500 generatio
2439 1445 2539 1501 per
2571 1431 2736 1496 labia,
2759 1431 2962 1487 dicitur
2984 1432 3225 1489 sectmda
3254 1447 3485 1504 genera-

1902 1522 1982 1577 tio
2035 1524 2230 1591 verbi;
2287 1523 2425 1581 adeo
2470 1532 2533 1579 ut
2588 1525 2710 1580 duae
2762 1525 2873 1581 sint
2912 1526 3295 1595 generationes
3330 1525 3485 1581 verbi

1904 1614 2082 1669 nostri
2139 1634 2154 1668 :
2209 1630 2319 1671 una
2361 1615 2584 1686 quidem
2626 1616 2864 1680 animae,
2906 1617 3128 1687 quando
3171 1617 3374 1689 cogitat
3415 1618 3487 1673 de

1903 1705 2243 1762 enuntianda
2267 1708 2458 1772 verbo,
2482 1723 2603 1779 qua:
2638 1715 2695 1764 et
2724 1709 2900 1779 prima
2929 1710 3209 1780 generatio
3233 1710 3436 1765 dicitur
3466 1728 3481 1765 :

206 1804 309 1859 τοῦ
367 1804 600 1875 λαλῆσαι
640 1804 733 1857 τὸν
761 1803 941 1873 λόγον,
983 1805 1108 1876 ἥτις
1158 1805 1252 1859 xal
1300 1804 1492 1877 πρώτη
1544 1807 1798 1876 γέννησις

1906 1804 1955 1851 et
1981 1798 2150 1852 altera
2175 1813 2242 1853 ex
2260 1796 2443 1863 labiis,
2471 1813 2593 1869 qua:
2612 1798 2787 1868 aperit
2811 1799 3036 1854 verbum
3059 1799 3334 1863 omnibus,
3364 1814 3488 1870 qua:

210 1896 438 1965 λέγεται
456 1914 471 1928 ’
504 1899 600 1952 καὶ
629 1897 789 1969 ἑτέρα
812 1898 877 1949 ὲκ
900 1897 1010 1951 τῶν
1031 1897 1279 1969 χειλέων,
1302 1898 1425 1969 ἥτις
1460 1902 1687 1970 φανεροῖ
1708 1900 1801 1953 τὸν

206 1990 375 2059 λόγον
404 1993 570 2045 πᾶσιν
601 1988 941 2062 ἀνθρώποις,
975 1990 1100 2061 ’ήτις
1141 1991 1235 2044 καὶ
1282 1990 1511 2063 δευτέρα
1547 1991 1803 2062 γέννησις

205 2086 460 2151 λέγεται.
510 2083 769 2138 Μάνθανε
798 2080 891 2139 οὖν
925 2082 1190 2155 ἀκριϐῶς,
1230 2085 1331 2147 ὅτι,
1372 2084 1564 2155 ὥσπερ
1585 2085 1615 2137 6
1645 2083 1804 2153 λόγος

104 2202 107 2203 ν
204 2176 309 2230 τοῦ
338 2174 628 2246 ἀνθρώπου
656 2173 750 2228 δύο
774 2175 1056 2246 γεννήσεις
1078 2172 1212 2244 ἔχει,
1242 2174 1370 2243 μίαν
1390 2176 1453 2227 ὲκ
1478 2174 1580 2244 τῆς
1600 2172 1802 2244 ψυχῆς,

210 2268 312 2322 καὶ
347 2266 514 2337 ἀλλην
556 2267 623 2319 ὲκ
668 2265 778 2319 τῶν
828 2265 1074 2337 χειλέων,
1107 2264 1285 2328 οὕτως
1319 2265 1415 2320 καὶ
1447 2266 1476 2317 6
1521 2265 1616 2319 τοῦ
1666 2266 1801 2320 Θεοῦ

209 2360 392 2429 Λόγος
424 2358 519 2412 δύο
549 2361 832 2430 γεννήσεις
876 2358 1010 2430 ἔχει,
1043 2358 1172 2429 μίαν
1206 2359 1304 2429 μὲν
1329 2359 1394 2412 ὲκ
1419 2358 1515 2412 τοῦ
1541 2357 1677 2412 Θεοῦ
1711 2360 1805 2414 καὶ

212 2451 453 2520 Πατρός,
469 2451 591 2520 ἥτις
612 2452 704 2504 καὶ
724 2450 917 2523 πρώτη
941 2451 1198 2523 γέννησις
1220 2450 1473 2519 λέγεται·
1493 2451 1588 2504 καὶ
1610 2451 1804 2523 ἑτέραν

207 2546 281 2598 ὲκ
325 2544 423 2615 τῆς
452 2543 676 2614 σαρκὸς,
715 2544 837 2614 ήτις
878 2545 973 2597 καὶ
1008 2542 1237 2614 δευτέρα
1275 2544 1529 2614 γέννησις
1562 2543 1800 2613 λέγεται.

214 2638 330 2692 Kal
357 2636 545 2711 ῶσπερ
568 2638 598 2689 6
620 2636 779 2705 λόγος
810 2635 993 2707 ἡμῶν,
1031 2635 1137 2689 κᾶν
1171 2634 1407 2707 γεννηθῇ
1440 2634 1539 2707 τὴν
1580 2636 1805 2709 πρώτην

212 2730 476 2801 γέννησιν
509 2730 618 2783 ἀπὸ
645 2728 746 2799 τῆς
768 2727 966 2799 ψυχῆς,
991 2727 1108 2782 ἀλλ’
1134 2728 1286 2799 ὅμως
1312 2729 1526 2800 ἀφανής
1550 2730 1687 2795 ἐστι,
1712 2731 1806 2783 καὶ

215 2825 280 2878 οὗ
324 2822 680 2895 φανεροῦται,
705 2821 844 2876 ἀλλά
868 2819 1030 2875 πάλιν
1058 2820 1199 2891 μετὰ
1227 2822 1329 2892 τὴν
1362 2820 1616 2892 γέννησιν
1655 2822 1806 2893 μένει

212 2918 274 2970 ἰν
299 2918 415 2978 τοῖς
442 2914 695 2986 ψυχικοῖς
718 2913 943 2975 κόλποις
959 2928 973 2943 ο
998 2911 1173 2977 οὕτως
1218 2913 1314 2967 καὶ
1340 2914 1369 2965 6
1399 2914 1496 2967 τοῦ
1534 2912 1669 2967 Θεοῦ
1701 2915 1806 2969 Λό·

214 3025 337 3077 γος,
371 3007 479 3060 κᾶν
507 3006 604 3059 καὶ
629 3006 894 3078 ἐγεννήθη
919 3005 1027 3079 πρὸ
1062 3004 1171 3059 τῶν
1192 3000 1404 3059 αἰώνων
1432 3006 1498 3059 ὲκ
1531 3003 1626 3058 τοῦ
1667 3003 1803 3058 Θεοῦ

213 3101 315 3155 καὶ
348 3099 586 3170 Πατρὸς,
641 3097 758 3151 ἀλλ’
805 3098 907 3152 οὐκ
952 3097 1284 3170 ἐφανεροῦτο
1315 3100 1429 3162 τοῖς
1460 3096 1801 3170 ἀνθρὼποις’

215 3193 505 3264 παρέμενε
543 3190 600 3244 δὲ
642 3190 805 3244 πάλιν
837 3192 897 3244 ὲν
933 3193 1047 3254 τοῖς
1089 3189 1312 3254 κόλποις
1353 3193 1465 3254 τοῖς
1496 3192 1803 3262 πατρικοῖς.
1835 3170 1876 3225 C

215 3284 332 3339 Kal
360 3282 551 3353 ῶσπερ
602 3284 632 3335 6
676 3281 945 3353 ἡμέτερος
986 3280 1182 3350 λόγος,
1236 3282 1367 3335 ὃταν
1419 3280 1806 3352 βουληθῶμεν,

214 3378 481 3448 γεννᾶται
529 3376 594 3428 ὲκ
629 3374 739 3427 τῶν
764 3373 988 3445 χειλέων
1029 3372 1223 3445 ἡμῶν,
1259 3374 1356 3427 καὶ
1383 3373 1710 3445 φανεροῦται
1749 3374 1809 3427 ὲν

214 3474 334 3534 τοῖς
366 3469 511 3532 ὅλοις
536 3469 569 3539 ή
578 3465 694 3539 μῶν
723 3466 1143 3536 πλησιάζουσιν
1175 3465 1348 3531 οὕτως
1381 3467 1475 3521 καὶ
1495 3470 1523 3521 6
1545 3466 1642 3521 τοῦ
1670 3467 1806 3521 Θεοῦ

214 3563 415 3630 Λόγος,
447 3562 577 3613 ὅταν
598 3558 914 3631 εὐδόκησεν,
934 3556 1199 3630 ἐγεννήθη
1224 3560 1289 3612 ὲκ
1310 3559 1420 3611 τῶν
1449 3559 1672 3629 χειλέων
1698 3560 1807 3613 τῶν

215 3653 544 3728 προφητῶν,
582 3654 679 3706 καὶ
721 3655 787 3706 ὲκ
829 3653 927 3724 τῆς
960 3652 1236 3720 πανάγνου
1268 3652 1490 3725 Μαρίας
1513 3694 1527 3718 ,
1560 3654 1656 3707 καὶ
1688 3654 1808 3708 τότε

213 3751 413 3820 γέγονε
446 3748 681 3820 φανερὸς
712 3748 771 3800 ὲν
803 3745 911 3817 ὃλῳ
938 3745 1016 3818 τῷ
1041 3747 1249 3817 κόσμῳ.
1290 3747 1379 3809 Ὠς
1402 3747 1508 3817 γὰρ
1542 3747 1810 3819 φανεροῦ-

213 3858 310 3893 ται
334 3841 363 3891 ὀ
384 3838 654 3911 ἡμέτερος
672 3837 831 3906 λόγος
853 3835 1134 3907 γεννηθεὶς
1161 3839 1226 3890 ὲκ
1244 3835 1351 3888 τῶν
1382 3835 1605 3907 χειλέων
1627 3836 1805 3908 ήμῶν,

211 3931 397 3995 οὕτως
435 3931 500 4003 δὴ
553 3931 648 3985 καὶ
678 3932 707 3984 6
734 3929 827 3983 τοῦ
861 3929 996 3983 Θεοῦ
1035 3924 1239 3999 Κόγος,
1285 3927 1566 4001 γεννηθεὶς
1615 3929 1680 3982 ἐκ
1709 3929 1808 4001 τῆς

215 4025 428 4096 σαρκὸς
481 4023 581 4094 τῆς
622 4023 984 4095 ἀειπαρθένου
1020 4022 1261 4093 Μαρίας,
1308 4019 1628 4092 ἐφανερώθη
1658 4021 1806 4092 πάσῃ

209 4120 282 4188 τῇ
319 4116 519 4180 κτίσει,
559 4116 655 4170 καὶ
681 4117 733 4169 oi
778 4115 1171 4179 πιστεύσαντες
1201 4112 1351 4185 αὐτῷ
1389 4112 1671 4178 σώζονται.
1697 4116 1807 4168 Καὶ

209 4211 409 4283 ῶσπερ
441 4214 470 4265 6
496 4211 764 4282 ἡμέτερος
790 4210 968 4276 λόγος,
999 4208 1284 4280 γεννηθεὶς
1333 4209 1398 4261 ὲκ
1434 4206 1545 4260 τῶν
1580 4207 1805 4279 χειλέων

210 4301 398 4376 ήμῶν,
428 4303 557 4356 ὅταν
598 4302 693 4354 ἀπ’
740 4300 917 4355 αὐτῶν
960 4299 1071 4354 τῶν
1112 4298 1336 4371 χειλέων
1376 4301 1655 4368 γεννᾶται,
1681 4298 1803 4353 οὔτε

208 4393 327 4447 ἀπὸ
355 4392 462 4463 τῆς
490 4392 669 4463 ψυχῆς
696 4391 896 4456 λείπει,
937 4390 1063 4444 οὔτε
1100 4391 1209 4445 ἀπὺ
1245 4388 1354 4444 τῶν
1383 4391 1527 4444 ἰδίων
1560 4389 1801 4461 χειλέων,

1905 1897 1960 1943 et
1982 1888 2225 1944 secunda
2265 1890 2548 1960 generatio
2574 1890 2801 1945 dicitur.
2830 1889 2990 1946 Disce
3020 1891 3187 1962 igitur
3206 1896 3484 1950 accurate.

1906 1981 2365 2051 quemadmodum
2392 1982 2619 2037 verbum
2667 1983 2905 2039 hominis
2941 1983 3079 2039 duas
3118 1985 3281 2040 habet
3322 1999 3487 2056 gene-

1904 2077 2169 2142 rationes,
2209 2090 2376 2130 unam
2398 2074 2465 2131 ek
2497 2077 2701 2143 anima,
2731 2084 2786 2134 et
2822 2079 3046 2134 alteram
3072 2094 3142 2135 ex
3168 2079 3350 2146 labiis,
3410 2078 3489 2133 ita

1905 2165 2070 2220 etiam
2094 2164 2190 2220 Dei
2220 2163 2456 2221 Verbum
2483 2166 2622 2223 duas
2652 2169 3033 2239 generationes
3057 2169 3296 2238 habere;
3322 2183 3487 2224 unam

1906 2256 2126 2327 quidem
2151 2273 2220 2313 ex
2242 2256 2355 2314 Deo
2382 2267 2437 2314 et
2457 2258 2641 2326 Patre,
2670 2276 2793 2331 quae
2825 2268 2879 2316 et
2900 2262 3075 2332 prima
3100 2263 3379 2333 generatio
3403 2260 3489 2318 di-

1906 2351 2052 2405 citur
2084 2366 2098 2401 :
2142 2357 2197 2405 et
2233 2351 2462 2407 alteram
2486 2367 2554 2408 ex
2579 2366 2746 2408 carne
2774 2393 2790 2418 ,
2818 2369 2939 2424 qua:
2967 2362 3022 2409 et
3051 2356 3291 2411 secunda
3324 2370 3488 2427 gene—

1855 2445 1862 2452 “
1906 2442 2051 2498 ratio
2079 2442 2302 2498 dicitur.
2345 2441 2412 2495 Et
2452 2441 2914 2513 quemadmodum
2949 2445 3178 2500 verbum
3213 2454 3487 2514 nostrum,

1906 2536 2013 2591 etsi
2057 2543 2248 2591 natum
2288 2536 2367 2591 sit
2410 2537 2713 2592 secundum
2780 2538 3010 2609 primam
3077 2539 3491 2609 generationem

1912 2628 1982 2683 ab
2020 2629 2224 2694 anima,
2265 2629 2543 2684 occultum
2583 2636 2767 2685 tamen
2796 2637 2920 2696 est,
2947 2636 3003 2686 et
3041 2646 3151 2685 non
3195 2631 3439 2701 aperitur
3470 2672 3490 2700 ,

1908 2720 2006 2775 sed
2032 2727 2157 2790 post
2180 2722 2587 2792 generationem
2617 2729 2803 2777 manet
2830 2722 2887 2777 in
2917 2720 3041 2777 sinu
3065 2723 3261 2778 animae
3286 2741 3302 2790 ;
3339 2723 3412 2780 ita
3438 2735 3493 2779 ct

1907 2810 2006 2867 Dei
2047 2809 2325 2878 Verbum,
2372 2811 2725 2882 quantumvis
2771 2820 2899 2867 ante
2950 2813 3150 2868 sarcula
3203 2828 3234 2868 a
3279 2814 3392 2870 Deo
3436 2825 3492 2871 et

1907 2901 2068 2959 Patre
2098 2911 2289 2958 natum
2327 2904 2417 2970 sit,
2449 2919 2561 2959 non
2590 2914 2773 2960 tamen
2817 2905 3276 2962 manifestabatur
3307 2907 3493 2963 homi-

1908 2997 2094 3053 nibus.
2128 2997 2381 3053 Manebat
2406 3000 2551 3053 enim
2595 2999 2650 3053 in
2688 2999 2813 3053 sinu
2850 3007 3095 3070 paterno.
3126 2999 3194 3054 Et
3230 3001 3494 3071 quemad-

1908 3092 2129 3146 modum
2150 3090 2375 3146 verbum
2399 3101 2672 3159 nostrum,
2708 3092 2929 3164 quando
2951 3094 3223 3159 volumus,
3245 3095 3493 3150 nascitur

1910 3198 1977 3238 ex
2006 3183 2168 3239 labiis
2202 3185 2428 3250 nostris,
2468 3194 2524 3240 et
2560 3179 2809 3257 aperitur
2854 3188 2923 3243 iis
2962 3188 3220 3244 omnibus
3261 3190 3495 3260 quibus-

1911 3288 2037 3328 cum
2076 3290 2402 3343 versamur;
2451 3277 2526 3331 ita
2555 3286 2609 3334 et
2647 3276 2740 3334 Dei
2783 3278 3041 3347 Verbum,
3064 3281 3285 3350 quando
3322 3282 3371 3336 ei
3408 3282 3496 3336 vi-

1911 3380 2035 3420 sum
2080 3365 2201 3431 fuit,
2234 3375 2423 3422 natum
2459 3375 2546 3424 est
2597 3384 2664 3424 ex
2696 3369 2861 3426 labiis
2905 3371 3295 3442 prophetarum
3334 3383 3389 3428 et
3424 3388 3491 3429 cx

1910 3459 2222 3515 castissima
2257 3460 2449 3526 Maria,
2488 3472 2544 3518 et
2580 3471 2714 3518 tunc
2750 3464 3103 3522 manifestum
3148 3465 3251 3521 fuit
3284 3466 3339 3521 in
3376 3471 3495 3522 toto

1910 3550 2137 3607 mundo.
2190 3552 2344 3609 Sicut
2389 3555 2536 3609 enim
2589 3555 2900 3612 declaratur
2948 3560 3177 3615 verbum
3242 3568 3494 3618 nostrum

1909 3653 2099 3701 natum
2122 3662 2187 3701 ex
2214 3647 2375 3702 labiis
2398 3648 2626 3712 nostris,
2657 3653 2732 3702 ita
2775 3664 2909 3705 sane
2929 3660 2984 3706 et
3002 3651 3097 3707 Dei
3118 3650 3357 3707 Verbum
3392 3669 3496 3709 na~

1911 3749 2026 3793 tum
2057 3755 2122 3794 ex
2153 3755 2317 3795 carne
2339 3739 2519 3796 Maria:
2552 3757 2767 3813 semper
2796 3741 3056 3815 Virginis,
3082 3745 3490 3803 manifestatum

1910 3842 1994 3889 est
2026 3834 2177 3888 omni
2203 3841 2491 3900 creaturae,
2527 3842 2582 3891 et
2603 3836 2696 3906 qui
2735 3837 2965 3892 credunt
2996 3838 3052 3893 in
3082 3838 3239 3904 illud,
3257 3841 3491 3898 salutem
3580 3879 3585 3885 ς

1910 3934 2344 3997 consequuntur.
2382 3926 2446 3981 Et
2481 3927 2626 3983 sicut
2659 3930 2886 3985 verbum
2923 3941 3171 3986 nostrum
3203 3940 3393 3988 natum
3423 3950 3489 3989 ev

1907 4018 2072 4074 labiis
2119 4021 2328 4075 nostris
2347 4059 2364 4086 ,
2391 4021 2613 4091 quando
2639 4038 2670 4076 a
2706 4022 2868 4080 labiis
2896 4032 3212 4094 generatur,
3254 4041 3365 4080 non
3396 4041 3490 4081 rc-

1908 4115 2105 4185 linquit
2135 4116 2396 4181 animam,
2437 4132 2615 4185 neque
2642 4118 2788 4174 labia
2832 4119 3049 4188 propria
3072 4159 3088 4184 ,
3124 4135 3302 4191 neque
3330 4136 3492 4176 aures

1908 4206 2245 4262 audientium
2275 4249 2291 4274 ,
2350 4207 2446 4263 sed
2488 4214 2572 4263 est
2601 4209 2768 4265 etiam
2814 4209 2870 4264 in
2915 4210 3118 4276 anima,
3156 4212 3292 4267 etin
3334 4213 3494 4269 labiis

1908 4301 2137 4364 nostris,
2172 4310 2226 4357 et
2264 4302 2318 4356 in
2359 4302 2589 4359 auribus
2628 4302 2966 4358 audientium
2989 4347 3002 4370 ,
3072 4312 3128 4360 et
3165 4321 3275 4361 non
3310 4306 3495 4362 delicit

1908 4408 2149 4462 unquam
2183 4394 2399 4448 etiamsi
2434 4395 2606 4449 multa
2647 4395 2818 4450 millia
2852 4397 3081 4451 audiant
3106 4399 3357 4463 verbum,
3391 4415 3495 4453 nec

208 4482 342 4537 οὔτε
384 4483 495 4536 61:6
518 4483 630 4536 τῶν
674 4480 829 4536 ὢτων
854 4480 963 4534 τῶν
996 4481 1322 4545 ἀκουόντων,
1368 4481 1482 4535 611‘
1509 4481 1587 4534 ἔνι
1617 4483 1712 4535 καὶ
1745 4484 1801 4536 ἐν

1911 4485 2197 4550 minuitur,
2231 4486 2326 4541 sed
2355 4502 2571 4558 semper
2591 4488 2646 4542 in
2669 4488 2827 4544 nobis
2854 4488 3231 4559 plenissimum
3262 4499 3345 4546 est
3376 4508 3390 4546 :
3417 4492 3492 4546 ita

209 4578 282 4648 τῇ
313 4575 485 4647 ψυχῇ,
518 4575 614 4630 καὶ
646 4576 703 4630 ὲν
734 4577 851 4639 τοῖς
874 4574 1110 4646 χείλεσιν
1138 4573 1317 4645 ήμῶν,
1351 4576 1446 4627 καὶ
1478 4576 1558 4638 είς
1589 4574 1657 4628 τὰ
1686 4568 1804 4629 ὦτα

206 4669 326 4722 τῶν
358 4668 690 4732 ἀκουόντων,
724 4668 821 4721 καὶ
849 4668 909 4720 οὐ
946 4666 1122 4720 λείπει
1150 4666 1335 4732 ποθὲν,
1360 4669 1463 4722 κᾶν
1494 4669 1590 4721 καὶ
1633 4667 1804 4739 χίλιαι

205 4757 459 4831 χιλιάδες
510 4757 787 4815 ἀκούσωσι
825 4758 918 4811 τοῦ
969 4757 1163 4825 λόγου,
1220 4758 1320 4811 οὐκ
1361 4760 1741 4814 ἐλαττονοῦται
1774 4764 1803 4814 6

204 4851 392 4921 λόγος,
429 4851 543 4905 ἀλλ’
573 4852 661 4906 ἀεὶ
686 4852 845 4923 ήμῶν
880 4852 1254 4924 πληρέστατος
1294 4848 1362 4924 ἦν
1382 4870 1395 4883 ·
1428 4852 1601 4913 οὕτως
1647 4854 1741 4907 καὶ
1774 4856 1802 4907 6

205 4945 308 4999 τοῦ
338 4944 477 4998 Θεοῦ
508 4945 702 5013 Λόγος,
734 4943 836 4997 κᾶν
870 4945 965 4999 καὶ
1001 4944 1262 5016 ἐγεννήθη
1295 4947 1359 4997 ἐκ
1386 4944 1486 5015 τῆς
1521 4944 1798 5016 Παρθένου

204 5036 457 5109 Μαρίας,
474 5038 570 5089 καὶ
603 5038 666 5090 ἐκ
689 5036 798 5089 τῶν
819 5035 1043 5107 χειλέων
1064 5035 1173 5088 τῶν
1210 5037 1504 5108 προφητῶν
1525 5077 1540 5101 ,
1570 5037 1684 5089 ἀλλ’
1704 5032 1798 5090 οὖν

205 5128 340 5182 οὔτε
371 5127 482 5180 61:6
510 5126 604 5179 τοῦ
635 5128 853 5199 lia-“:96;
898 5128 1101 5193 ἔλειπεν
1138 5127 1263 5182 οὔτε
1290 5128 1399 5181 ἀπὸ
1430 5127 1530 5198 τῆς
1573 5128 1796 5200 σαρκδῖν

205 5220 335 5275 οὔτε
362 5221 473 5274 61:6
501 5221 717 5276 πάντων
743 5221 855 5277 τῶν
880 5222 1206 5295 ἀνθρώπων,
1241 5222 1364 5276 οῦτε
1395 5223 1505 5276 61:6
1538 5206 1668 5292 ὅλης
1700 5222 1798 5293 τῆς

204 5314 467 5377 κτίσεως,
492 5313 630 5367 ἀλλὰ
652 5314 931 5386 πανταχοῦ
956 5314 1160 5387 παρῆν,
1187 5316 1283 5368 καὶ
1310 5316 1411 5368 οὐκ
1434 5313 1795 5385 ήλαττονήθη,

202 5408 348 5463 6116
381 5408 756 5480 πληρέστατος
773 5404 861 5481 ἦν.
895 5410 1005 5462 Kal
1023 5408 1196 5472 οὕτως
1231 5410 1339 5462 νόει
1378 5410 1506 5479 περὶ
1539 5407 1632 5461 τοῦ
1661 5404 1797 5460 Θεοῦ

202 5501 305 5554 καὶ
338 5500 539 5568 Λόγου,
574 5502 656 5554 ὅτι
705 5501 896 5572 διπλῆν
936 5502 1050 5571 ἔχει
1108 5501 1207 5573 τὴν
1244 5502 1521 5573 γέννησιν,
1558 5501 1687 5571 μίαν
1732 5502 1799 5554 ὲκ

201 5594 301 5648 τοῦ
327 5593 467 5647 Θεοῦ
498 5595 594 5647 καί
635 5595 869 5667 Πατρὸς,
902 5597 999 5649 καὶ
1032 5596 1161 5667 μίαν
1196 5598 1261 5649 ἐκ
1280 5596 1383 5666 τῆς
1427 5596 1628 5668 σαρκός
1649 5612 1662 5625 ·
1699 5595 1796 5649 καὶ

1910 4584 1964 4630 et
1987 4576 2079 4632 Dei
2119 4578 2378 4645 Verbum,
2412 4579 2627 4634 etiamsi
2656 4590 2844 4635 natum
2868 4582 2940 4637 sit
2960 4596 3025 4637 ex
3057 4581 3226 4637 Maria
3248 4582 3490 4654 Virgine,

1909 4678 1963 4723 et
1993 4686 2058 4725 ex
2089 4672 2248 4726 labiis
2285 4672 2709 4741 prophetarum,
2746 4688 2855 4727 non
2896 4685 3078 4730 tamen
3120 4692 3151 4730 a
3185 4676 3347 4732 Patre
3378 4676 3493 4732 dis—

1909 4760 2075 4825 cedit,
2114 4776 2293 4831 neque
2338 4777 2368 4815 a
2404 4775 2593 4823 carne,
2627 4778 2806 4833 neque
2843 4765 2913 4818 ab
2954 4765 3213 4821 omnibus
3255 4766 3494 4821 homini-

1907 4853 2032 4917 bus,
2064 4870 2243 4925 neque
2277 4871 2308 4909 a
2338 4863 2455 4910 tota
2486 4864 2764 4921 creatura,
2799 4858 2894 4912 sed
2939 4858 3144 4928 ubique
3178 4858 3356 4923 adest,
3390 4873 3493 4913 nec

1908 4945 2177 5001 minutum
2210 4955 2315 5015 est,
2348 4948 2442 5003 sed
2477 4948 2875 5018 plenissimum.
2908 4948 3179 5020 Atqueita
3211 4952 3391 5021 cogita
3423 4951 3494 5006 de

1908 5035 2021 5093 Deo
2048 5048 2103 5094 et
2123 5038 2324 5105 Verbo,
2347 5043 2492 5111 quod
2525 5041 2797 5112 duplicem
2827 5041 3028 5096 habeat
3056 5044 3490 5111 generationem.

1912 5148 2077 5187 unam
2117 5149 2181 5189 ex
2214 5132 2325 5189 Deo
2353 5144 2408 5188 et
2447 5133 2629 5199 Patre,
2667 5143 2721 5189 et
2754 5150 2916 5189 unam
2946 5149 3012 5188 ex
3043 5150 3226 5189 carne.
3260 5134 3328 5189 Et
3376 5136 3492 5191 haec

1904 5225 2149 5295 quidem,
2181 5241 2303 5296 quae
2344 5242 2408 5281 ex
2442 5224 2605 5281 Patre
2637 5234 2744 5291 est,
2780 5238 2905 5280 ante
2947 5227 3145 5283 saecula
3179 5234 3305 5293 est;
3369 5243 3493 5298 qua:

1905 5333 2037 5372 vero
2080 5332 2146 5372 ex
2178 5332 2366 5381 carne,
2402 5318 2473 5371 ab
2507 5317 2715 5372 ultimis
2757 5318 2953 5374 diebus
2984 5337 2997 5373 :
3028 5318 3487 5390 quemadmodum

1905 5420 1959 5463 et
1985 5410 2210 5465 verbum
2242 5419 2491 5473 nostrum
2541 5411 2777 5480 primum
2814 5412 3062 5465 nascitur
3091 5411 3161 5466 ab
3187 5411 3404 5467 anima.
3435 5422 3491 5465 et

1906 5500 2103 5556 deinde
2136 5516 2204 5555 ex
2230 5501 2411 5557 labiis.
2459 5499 2525 5555 Et
2554 5502 2668 5558 haec
2690 5502 2757 5557 de
2787 5502 3003 5558 duabus
3041 5504 3489 5575 generationibus

1906 5593 2071 5650 Verbi
2100 5595 2217 5653 Dei.

202 5689 238 5758 ή
267 5686 370 5758 μὲν
393 5688 459 5741 ὲκ
502 5688 597 5741 τοῦ
626 5688 840 5759 Πατρὸς
871 5688 1217 5762 προαιὼνιος,
1259 5692 1293 5761 ή
1326 5690 1384 5744 δὲ
1408 5690 1474 5743 ὲκ
1496 5691 1595 5761 τῆς
1620 5690 1821 5762 σαρκὸς
1855 5689 1941 5742 ἐπ’
1975 5690 2220 5760 ἐσχάτων
2248 5689 2357 5744 τῶν
2401 5688 2653 5761 ήμερῶνο
2690 5689 2878 5763 ὥσπερ
2908 5690 3003 5744 καὶ
3046 5692 3075 5743 ό
3104 5688 3374 5763 ἡμέτερος
3394 5687 3487 5743 λό-

199 5799 301 5852 γος
323 5781 543 5854 πρῶτον
576 5786 828 5853 γεννᾶται
858 5784 967 5840 ἀπὸ
993 5788 1089 5859 τῆς
1124 5785 1323 5860 ψυχῆς,
1362 5787 1452 5842 καὶ
1480 5788 1600 5841 τότε
1624 5788 1687 5841 ὲκ
1720 5786 1826 5840 τῶν
1852 5784 2095 5856 χειλέων.
2120 5786 2229 5841 Kal
2259 5787 2429 5841 ταῦτα
2461 5785 2590 5859 περὶ
2614 5783 2721 5839 τῶν
2753 5784 2846 5839 δύο
2866 5787 3169 5858 γεννήσεων
3188 5783 3281 5838 τοῦ
3310 5784 3489 5857 Λόγου

197 5879 297 5934 τοῦ
325 5879 484 5933 Θεοῦ.
