3868 6206
461 311 566 368 783

461 512 604 566 tati?

532 601 698 674 284
727 598 890 655 Basr.
925 599 1228 654 Commune
1263 604 1367 661 est,
1409 597 1646 652 essentia
1678 614 1692 650 :
1724 612 2031 661 commune,

463 696 731 766 principio
766 707 955 747 carere
993 709 1010 747 :
1049 705 1358 752 commune,
1388 690 1648 758 polentia,
1672 689 1911 754 bonitas,
1946 704 2036 744 sa-

463 787 690 858 pientia,
710 784 942 855 justitia.
966 781 1162 838 Omnia
1184 781 1326 837 enim
1351 783 1632 851 aequaliter
1657 782 1820 836 habet
1850 781 2032 844 Pater,

463 886 518 934 et
539 876 733 943 Filius,
772 884 826 931 et
865 875 1101 946 Spiritus
1129 883 1377 936 sanctus,
1402 881 1764 943 praeterquam
1789 874 2034 943 pr0prie-

464 980 606 1024 tates
652 983 802 1023 suas.
852 965 1141 1036 Proprium
1181 965 1326 1020 enim
1360 963 1540 1020 Patris
1571 965 1792 1034 quidem
1829 966 2036 1035 ingeni-

462 1071 579 1117 tum
609 1076 730 1117 esse
761 1079 773 1114 :
799 1059 924 1113 Filii
954 1050 1102 1123 vero,
1139 1058 1378 1128 genitum
1413 1070 1537 1111 esse
1579 1074 1593 1112 :
1627 1055 1866 1126 Spiritus
1903 1071 2033 1114 san-

462 1157 537 1212 cti
569 1154 883 1226 procedere.

534 1248 752 1314 Quass'r.
791 1243 880 1297 Vl.
923 1243 982 1296 In
1014 1241 1144 1308 Deo,
1180 1249 1310 1311 quot
1341 1239 1621 1295 conﬁteris
1647 1241 1920 1294 essentias
1941 1239 1967 1292 ?

533 1429 694 1484 Rcsr.
753 1427 928 1482 Unam
971 1426 1266 1482 essentiam
1311 1425 1468 1490 dico,
1517 1439 1679 1476 unam
1739 1430 2031 1488 naturam,

460 1539 624 1577 unam
664 1523 914 1582 formam.
947 1535 1114 1575 unum
1150 1535 1345 1590 genus,
1375 1534 1541 1573 unam
1580 1518 1831 1589 gloriam,
1867 1532 2032 1572 unam

459 1615 778 1683 dignitatem
805 1622 858 1667 et
887 1613 1342 1667 dominationem.

527 1706 749 1772 Quasr.
776 1705 889 1760 Vll.
922 1704 1255 1776 Hypustases
1282 1710 1485 1768 autem,
1509 1712 1642 1773 quot
1669 1700 1946 1758 conﬁteris
1975 1701 2030 1755 in

459 1799 570 1855 Deo
591 1803 613 1852 ἰ’

529 1889 694 1945 Βεερ.
739 1888 876 1944 Tres
907 1889 1231 1959 liypostases
1259 1886 1544 1952 conﬁteor,
1576 1892 1691 1941 tres
1725 1899 1990 1956 personas
2012 1924 2027 1949 ,

458 1983 563 2035 tria
591 1981 832 2052 prepria,
872 1980 972 2033 tria
998 1979 1299 2041 individua,
1327 1988 1436 2032 tres
1464 1978 1832 2034 characteres.

529 2073 752 2138 (ξοβετ.
783 2070 918 2125 VIII.
956 2070 1135 2135 Quare
1162 2069 1361 2124 dicitur
1393 2069 1571 2135 Pater,
1605 2068 1800 2125 Pater?

529 2165 693 2220 Busa.
743 2162 904 2218 Pater
947 2162 1147 2216 dicitur
1192 2162 1368 2226 Deus,
1400 2162 1557 2231 quasi
1607 2162 1785 2214 πάντα
1822 2161 2028 2231 τηρῶν,

459 2258 510 2310 id
542 2267 648 2325 est,
680 2256 864 2310 omnia
916 2269 1248 2309 conservans
1278 2272 1292 2321 ;
1342 2255 1500 2324 quasi
1528 2254 1774 2308 omnium
1809 2267 2034 2308 conser«

457 2360 634 2407 vator.

525 2442 748 2508 Qumsr.
793 2437 884 2495 IX.
919 2440 982 2493 Et
1013 2436 1206 2502 Filius,
1243 2452 1411 2506 quare
1440 2436 1642 2491 dicitur
1675 2434 1846 2492 Filius
1868 2437 1894 2490 ‘3

529 2533 691 2588 [{Esr.
729 2533 857 2595 Υἱὸς
898 2547 993 2586 seu
1024 2529 1194 2584 Filius
1221 2529 1440 2594 dicitur,
1470 2529 1627 2598 quasi
1661 2522 1802 2594 οἷος,
1843 2527 1897 2582 id
1927 2534 2028 2595 est,

458 2623 584 2678 talis
613 2633 666 2677 et
694 2622 922 2692 aequalis
962 2638 975 2672 :
1006 2619 1183 2691 qualis
1208 2619 1352 2674 enim
1388 2617 1570 2681 Pater,
1602 2618 1727 2672 talis
1760 2629 1813 2672 et
1835 2616 2026 2672 Filius.

457 2713 698 2770 Vertitur
729 2717 873 2770 enim
903 2731 932 2766 ο
958 2713 1013 2768 in
1043 2731 1097 2777 υ,
1138 2719 1192 2767 et
1222 2713 1280 2765 ﬁt
1311 2711 1450 2774 υἱός.
1482 2707 1734 2779 Ᾱιῖῳιειίε
1757 2711 1902 2764 enim
1939 2707 2030 2763 Fi-

457 2805 563 2862 lius
589 2813 673 2862 est
696 2805 842 2860 Patri
859 2805 934 2875 (7)
955 2845 971 2860 .

527 2898 750 2964 Q0551.
808 2897 877 2953 Χ.
937 2896 1005 2950 Et
1063 2893 1325 2966 Spiritus,
1369 2909 1542 2965 quare
1589 2892 1794 2947 dicitur
1851 2891 2028 2963 Spiri-

456 2993 593 3048 tus?

524 3085 691 3140 Busa.
743 3081 986 3152 Πνεῦμα,
1035 3096 1133 3137 seu
1183 3079 1417 3150 Spiritus
1461 3081 1682 3145 oicitur,
1727 3080 1871 3152 quod
1921 3083 2028 3134 πᾶν
2057 3117 2100 3175 C

1605 305 1661 360 S.
1704 304 2164 361 ATHANASIUS.
2201 335 2274 346 ——
2307 304 2531 361 DUBIA.

532 422 751 488 Qums'r.
811 419 869 474 ν.
922 417 1064 485 Qum
1112 433 1400 473 commune
1457 427 1540 472 est
1595 425 1797 472 sancta:
1849 418 2031 471 Trini-
2061 429 2108 485 Α

3609 308 3724 361 781

2220 416 2410 487 Ἐρὼτ.
2447 423 2508 470 ε’.
2534 417 2598 469 Τί
2621 417 2682 470 τὸ
2710 418 2888 471 κοινὸν
2910 420 3008 490 τῆς
3035 419 3198 486 ἁγίας
3231 421 3492 492 Τριάδος;

2219 599 2405 654 Ἀπόκ.
2432 600 2624 654 Κοινὸν
2652 602 2684 671 ή
2717 601 2875 654 οὐσία
2894 619 2906 630 ·
2941 602 3118 655 κοινὸν
3144 602 3206 654 τὸ
3230 603 3462 674 ἄναρχον
3481 621 3496 634 ·
3529 605 3723 658 κοινὸν

2135 693 2168 762 ἡ
2189 691 2435 760 δύναμις,
2458 693 2491 762 ή
2523 691 2814 760 ἀγαθότης,
2837 693 2869 761 ἡ
2897 692 3079 760 σοφία,
3115 695 3147 762 ἡ
3171 693 3504 762 δικαιοσύνη.
3523 695 3722 748 Πάντα

2135 785 2242 852 γὰρ
2272 782 2330 848 ἐξ
2361 783 2474 835 ῐσου
2507 783 2620 852 ἔχει
2666 783 2694 835 6
2723 783 2932 854 Πατὴρ,
2960 785 3056 836 καὶ
3101 787 3130 836 6
3164 785 3310 847 Υἱὸς,
3344 786 3437 837 καὶ
3460 786 3525 838 τὸ
3553 786 3721 853 ἅγιον

2133 875 2380 945 Πνεῦμα,
2424 873 2561 945 πλὴν
2590 874 2697 927 τῶν
2743 874 2888 928 ἰδίων
2921 877 3120 930 αὐτῶν.
3156 877 3313 930 Ἰδιον
3341 877 3452 948 γὰρ
3489 878 3584 932 τοῦ
3615 881 3721 949 μὲν

2135 967 2348 1036 Πατρὸς
2369 967 2428 1018 τὸ
2448 967 2761 1035 ἀγέννητον,
2786 966 2879 1019 τοῦ
2917 967 2973 1020 δὲ
2992 966 3120 1020 Υἱοῦ
3142 968 3202 1020 τὸ
3223 969 3500 1039 γεννητὸν,
3529 971 3629 1024 τοῦ
3659 972 3720 1024 δὲ

2134 1059 2288 1126 ἁγίου
2319 1058 2636 1129 Πνεῦματος
2667 1057 2728 1110 τὸ
2755 1061 3104 1129 ὲκπορευτόν.

2217 1242 2406 1316 Ἐρὼτ.
2461 1251 2533 1308 ς’.
2582 1243 2702 1297 Ἐπὶ
2745 1244 2841 1297 τοῦ
2888 1244 3024 1297 Θεοῦ
3069 1244 3242 1308 πόσας
3283 1245 3469 1310 οὐσίας
3517 1247 3716 1317 ὁμολο-

2133 1337 2250 1402 γεῖς
2270 1351 2284 1399 ;

2216 1429 2402 1482 Ἀπόκ.
2438 1429 2584 1482 Μίαν
2605 1428 2793 1482 οὐσίαν
2834 1429 3000 1498 λέγω,
3032 1429 3158 1500 μίαν
3188 1429 3368 1498 φύσιν,
3413 1430 3544 1501 μίαν
3574 1449 3718 1502 μορ-

2133 1523 2260 1595 φὴν,
2279 1521 2335 1575 ἓν
2361 1523 2538 1591 γένος,
2573 1523 2701 1593 μίαν
2724 1522 2901 1589 δόξαν,
2931 1522 3059 1593 μίαν
3086 1521 3241 1586 ἀξίαν
3274 1523 3368 1575 καὶ
3389 1523 3713 1593 κυριότητα.

2217 1709 2407 1780 Ἐρώτ.
2433 1707 2498 1772 ζ’.
2537 1709 2891 1772 Ὑποστάσεις
2916 1709 2971 1762 δὲ
2994 1709 3163 1772 πόσας
3189 1708 3467 1780 ὁμολογεῖς
3495 1709 3590 1762 tua
3615 1709 3714 1761 τοῦ

2061 1771 2104 1830 Β
2131 1802 2266 1856 Θεοῦ
2281 1771 2302 1866 ’;

2212 1894 2400 1946 Ἀπόκ.
2437 1894 2598 1964 Τρεῖς
2621 1893 2947 1955 ὑποστάσεις
2967 1891 3234 1962 ὁμολογῶ,
3257 1891 3384 1962 τρία
3417 1891 3711 1961 πρόσωπα,

2129 1985 2255 2056 τρία
2289 1984 2416 2047 ἴδια,
2451 1985 2578 2054 τρία
2609 1983 2806 2053 ἄτομα,
2832 1983 2926 2036 καὶ
2967 1985 3114 2052 τρεῖς
3148 1981 3525 2054 χαρακτῆρας.

2215 2075 2406 2147 Ἐρὼτ.
2434 2082 2502 2146 η’.
2539 2075 2636 2128 Διά
2661 2075 2712 2128 τί
2738 2075 2956 2142 λέγεται
2987 2075 3016 2126 6
3048 2075 3238 2145 Πατὴρ
3263 2075 3490 2144 Πατήρ;

2213 2169 2401 2221 Ἀπόκ.
2459 2167 2650 2239 Πατὴρ
2709 2167 2928 2236 λέγεται
2971 2169 3001 2220 6
3047 2165 3178 2228 Θεὸς
3205 2208 3220 2233 ,
3267 2166 3343 2228 ὡς
3389 2165 3459 2218 τὰ
3529 2165 3714 2217 πάντα

2128 2260 2314 2333 τηρῶν
2333 2277 2346 2290 ο
2379 2258 2578 2312 ὡσανεὶ
2607 2259 2830 2312 πάντων
2854 2258 3118 2329 τηρητής.

2213 2441 2406 2513 Ἐρώτ.
2441 2441 2505 2493 θ’.
2536 2439 2646 2493 Καὶ
2670 2441 2699 2491 6
2728 2440 2856 2502 Υἱὸς
2889 2439 2978 2493 διὰ
3008 2440 3058 2492 τί
3085 2439 3303 2507 λέγεται
3335 2437 3462 2501 Υἱός

2216 2534 2400 2586 Ἀπόκ.
2433 2532 2558 2596 Υἱὸς
2604 2531 2820 2600 λέγεται
2858 2531 3011 2604 παρὰ
3061 2531 3121 2583 τὸ
3149 2526 3278 2594 οἷος,
3325 2530 3488 2600 ἧτουν
3525 2530 3711 2592 ὁποῖος

2131 2625 2226 2676 καὶ
2245 2624 2458 2694 ὅμοιος·
2493 2617 2603 2686 οἷος
2633 2623 2742 2694 γὰρ
2782 2624 2811 2676 6
2845 2622 3055 2693 Πατὴρ,
3097 2622 3335 2682 τοιοῦτος
3364 2621 3458 2673 καὶ
3493 2621 3522 2672 ὁ
3555 2619 3709 2681 Υἱὸς,

2132 2717 2225 2768 καὶ
2247 2717 2422 2785 τροπῇ
2454 2713 2549 2767 τοῦ
2580 2730 2612 2767 o
2645 2715 2725 2778 εἰς
2751 2732 2810 2780 υ,
2842 2714 2974 2778 υἱός.
3003 2714 3224 2785 Ὅμοιος
3254 2712 3360 2785 γὰρ
3405 2715 3435 2766 6
3467 2713 3597 2775 Υἱὸς
3629 2713 3708 2781 τῷ

2131 2806 2327 2877 Πατρί.

2216 2897 2407 2970 Ἐρώτ.
2435 2903 2484 2949 ι’.
2517 2895 2629 2949 Καὶ
2653 2896 2715 2949 τὸ
2747 2895 2971 2967 Πνεῦμα
3003 2896 3090 2950 διὰ
3117 2897 3168 2949 τί
3198 2897 3418 2966 λέγεται
3443 2894 3712 2966 Πνεῦμα;

2217 3081 2405 3135 Ἀπόκ.
2441 3079 2665 3150 Πνεῦμα
2699 3080 2915 3147 λέγεται
2939 3080 3088 3151 παρὰ
3112 3081 3173 3131 τὸ
3207 3081 3314 3131 πᾶν
3337 3077 3516 3148 νεῦμα
3541 3077 3714 3140 ὀξέως

456 3175 654 3247 νεῦμα,
698 3175 750 3228 id
780 3183 884 3238 est,
911 3188 1127 3227 omnem
1155 3180 1346 3226 nutum
1375 3180 1532 3227 acute
1559 3173 1844 3243 intelligat,
1876 3173 2029 3228 scili-

2167 3174 2399 3234 πινοεῖν,
2450 3172 2615 3240 ἤγουν
2668 3172 2816 3223 πᾶσα
2859 3168 3042 3232 νεῦσις
3089 3169 3364 3238 συντόμως
3413 3168 3716 3220 ἐπινοεῖται

457 3274 546 3321 cet
588 3265 767 3320 omnis
823 3272 988 3318 nutus
1033 3263 1383 3333 cognoscitur
1423 3278 1533 3316 uno
1574 3264 1770 3317 intuitu
1824 3280 1920 3334 per
1966 3265 2030 3317 il-

459 3358 594 3412 lum.
646 3375 665 3408 ι
724 3355 963 3425 Spiritus
1015 3355 1160 3409 enim
1219 3363 1444 3410 sanctus
1493 3355 1676 3409 omnia
1725 3364 2024 3422 scrutatur,

460 3451 624 3504 etiam
654 3449 923 3518 profunda
951 3447 1045 3500 Dei
1076 3448 1141 3500 ιο.
1183 3464 1203 3498 ›

531 3539 754 3606 ρυιεετ.
782 3538 874 3594 XI.
903 3540 966 3593 In
994 3537 1126 3603 Deo,
1165 3543 1298 3606 quot
1329 3545 1456 3592 sunt
1492 3538 1715 3593 causae?

530 3632 694 3686 Rssr.
723 3629 953 3685 Unicam
997 3629 1121 3684 dico
1166 3629 1221 3682 in
1265 3627 1375 3683 Deo
1415 3644 1657 3695 causam,
1691 3637 1745 3684 et
1790 3628 1904 3684 haec
1947 3636 2030 3682 est

460 3723 641 3778 Pater.
689 3721 810 3794 Ipse
863 3723 1006 3777 enim
1065 3719 1227 3775 Pater
1270 3720 1442 3792 gignit
1483 3719 1679 3774 Filium
1731 3727 1785 3775 et
1830 3721 2029 3775 emittit

463 3813 751 3883 Spiritum.
781 3813 960 3880 Quare
993 3811 1164 3878 disce,
1197 3814 1343 3882 quod
1375 3813 1534 3868 Pater
1559 3813 1709 3867 solus
1741 3813 1811 3866 sit
1836 3827 2024 3867 causa.

459 3903 632 3961 Filius
671 3921 779 3960 non
813 3912 899 3961 est
929 3919 1114 3970 causa,
1156 3905 1252 3959 sed
1283 3912 1559 3959 causatus.
1602 3903 1667 3956 Et
1697 3903 1778 3959 sic
1808 3903 2027 3973 quidem

460 4008 626 4050 causa
682 4001 768 4050 est
815 3995 966 4050 solus
1012 3994 1194 4048 Pater.
1241 3993 1482 4048 Causata
1532 4009 1661 4048 vero
1709 4001 1838 4048 sunt
1897 3992 2026 4055 duo,

459 4084 633 4141 Filius
655 4094 709 4140 et
741 4085 997 4156 Spiritus.
1026 4085 1205 4140 Causa
1237 4095 1415 4139 autem
1443 4083 1645 4138 dicitur
1668 4083 1849 4149 Pater,
1883 4084 2028 4154 quod

460 4180 646 4248 gignat
686 4186 740 4232 et
771 4193 881 4231 non
912 4177 1166 4247 gignatur
1192 4193 1207 4230 :
1243 4175 1386 4248 quod
1416 4177 1646 4240 emittat,
1678 4183 1732 4231 et
1765 4192 1873 4230 non
1904 4191 2032 4246 pro-

461 4270 638 4324 cedat.
671 4268 851 4339 Gignit
883 4271 1025 4322 enim
1055 4267 1273 4335 Filium,
1309 4275 1362 4322 et
1385 4255 1590 4320 emittit»
1615 4268 1874 4337 Spiritum
1902 4282 2030 4322 san-

461 4371 632 4417 ctum.
665 4363 731 4417 Et
760 4370 1048 4433 propterea
1078 4361 1279 4416 dicitur
1305 4361 1467 4416 Pater
1497 4374 1684 4415 causa.

534 4543 753 4611 Qurss'r.
780 4543 897 4601 XII.
932 4543 998 4596 Et
1035 4550 1166 4612 quot
1199 4548 1327 4598 sunt
1358 4542 1630 4597 causata?

534 4635 696 4692 Rssr.
748 4637 885 4700 Duo,
932 4634 1103 4690 Filius
1151 4642 1207 4688 et
1251 4631 1511 4704 Spiritus.
1557 4631 1676 4686 Non
1709 4630 1879 4702 gignit
1943 4629 2034 4684 Fi-

461 4730 592 4793 lius,
644 4727 738 4783 sed
775 4727 1034 4798 gignitur,
1079 4732 1132 4779 et
1174 4733 1464 4794 propterea
1506 4723 1710 4778 dicitur
1748 4729 2030 4776 causatus.

463 4821 665 4888 Quare,
713 4818 762 4875 si
801 4818 928 4889 quis
975 4822 1029 4870 te
1083 4815 1377 4884 rogaverit,
1429 4821 1564 4885 quot
1617 4815 1674 4869 in
1733 4811 1843 4868 Deo
1903 4828 2034 4866 cau-

463 4926 554 4966 sas
619 4908 943 4964 conﬁteris?
1005 4905 1094 4960 dic
1157 4919 1172 4956 :
1236 4919 1398 4957 unam
1458 4919 1678 4959 causam
1747 4902 1892 4957 dico.
1966 4901 2034 4954 Et

463 5002 640 5073 qualis
685 5001 802 5054 hac
845 4996 968 5054 est?
1003 4989 1005 4995 ¹
1037 4993 1218 5049 Pater.
1284 4993 1350 5046 Et
1399 5009 1568 5064 quare
1614 4992 1816 5048 dicitur
1867 5005 2033 5044 causa

461 5095 624 5150 Pater
647 5091 840 5162 ?,Quia
875 5088 1049 5161 gignit
1081 5085 1278 5141 Filium
1315 5094 1368 5141 et
1405 5087 1602 5141 emittit
1644 5085 1931 5156 Spiritum.
1976 5082 2033 5137 Si

461 5202 594 5243 vero
616 5185 740 5256 quis
767 5192 819 5238 te
857 5181 1176 5250 interroget,
1205 5187 1338 5248 quot
1375 5185 1598 5232 causata
1639 5175 1776 5231 dicis
1807 5177 1862 5229 iu
1888 5173 2036 5228 Deo?

463 5279 572 5343 dic,
597 5278 729 5332 duo.
762 5273 955 5340 Qualia
1002 5279 1181 5324 autem
1214 5267 1358 5323 ista?
1389 5265 1559 5321 Filius
1593 5275 1648 5320 et
1679 5266 1936 5336 Spiritus.
1968 5263 2032 5318 Et

463 5388 632 5444 quare
667 5368 1008 5442 appellantur
1037 5361 1292 5419 causata?
1313 5359 1450 5427 Quia
1485 5361 1726 5433 gignitur
1755 5357 1947 5422 Filius,
1977 5365 2031 5412 ct

535 5551 578 5583 ¹⁰
616 5549 789 5605 lCor.
825 5564 905 5613 ιι,
942 5547 1006 5603 10

552 5733 627 5802 (τ)
659 5729 781 5784 lIaac
808 5729 862 5783 iu
906 5733 1141 5782 tractatu
1175 5722 1246 5779 De
1282 5717 1698 5792 deﬁnitionibus,
1733 5714 1835 5773 sub
1892 5710 2110 5767 initium

2133 3263 2200 3316 δι’
2233 3263 2417 3315 αὑτοῦ.
2455 3281 2472 3312 ι
2498 3263 2570 3314 Τὸ
2611 3261 2718 3332 γὰρ
2766 3261 2917 3330 ἆγιον
2943 3260 3164 3331 Πνεῦμα
3205 3260 3272 3312 τὰ
3303 3259 3480 3312 πάντα
3512 3260 3716 3329 ἐρευνᾷ

2137 3351 2230 3403 καὶ
2260 3350 2332 3403 τὰ
2367 3350 2503 3420 βάθη
2537 3350 2631 3403 τοῦ
2668 3350 2857 3403 Θεοῦ.»

2217 3533 2406 3604 Ἐρώτ.
2449 3541 2530 3586 ια’.
2569 3532 2694 3586 Ἐπὶ
2721 3532 2812 3587 τοῦ
2843 3533 2977 3586 Θεοῦ
3010 3533 3153 3586 πόσα
3191 3533 3372 3597 circa;

2218 3627 2405 3680 Ἀπόκ.
2447 3628 2541 3679 Ἓν
2563 3627 2734 3679 αἴτιον
2765 3627 2858 3679 ἐπὶ
2886 3625 3020 3678 Θεοῦ
3049 3625 3212 3694 λέγω,
3247 3627 3339 3678 καὶ
3373 3623 3531 3679 τοῦτό
3556 3627 3716 3679 ἐστιν

2135 3720 2162 3772 6
2193 3719 2403 3789 Πατήρ.
2453 3719 2624 3781 Αὐτὸς
2660 3717 2768 3788 γὰρ
2805 3719 2834 3770 6
2861 3718 3049 3788 Πατὴρ
3088 3718 3251 3788 γεννᾷ
3290 3716 3380 3770 τὸν
3423 3717 3568 3781 Υἱὸν,
3617 3717 3717 3771 καὶ

2134 3809 2426 3880 ὲκπορεύει
2473 3811 2568 3863 καὶ
2608 3806 2670 3862 τὸ
2720 3807 2964 3879 Πνεῦμα.
3020 3807 3220 3861 Λοιπὸν
3251 3809 3516 3876 γίνωσκε,
3569 3810 3656 3862 ὅτι
3686 3813 3715 3862 6

2136 3905 2326 3975 Πατὴρ
2360 3902 2516 3972 μόνος
2540 3900 2684 3954 ἐστὶν
2708 3899 2877 3962 αἴτιος
2895 3916 2909 3931 ο
2937 3902 2964 3954 6
2985 3900 3040 3953 δὲ
3068 3901 3195 3963 Υἱὸς
3222 3902 3321 3952 οὐκ
3349 3899 3494 3952 ἔστιν
3516 3900 3718 3965 αἴτιος,

2135 3997 2249 4050 ἀλλ’
2285 3996 2544 4058 αἰτιατὸς.
2580 3993 2741 4046 Ὥστε
2773 3993 2870 4063 μὲν
2895 3993 3065 4056 αἴτιός
3093 3994 3210 4045 ἐστι
3243 3993 3401 4060 μόνος
3426 3994 3453 4046 6
3480 3993 3714 4064 Πατήρ·

2135 4085 2205 4138 τὰ
2237 4085 2294 4138 δὲ
2321 4085 2537 4138 αἰτιατὰ
2560 4082 2673 4147 δύο,
2712 4084 2739 4135 6
2772 4081 2901 4145 Υἱὸς
2931 4081 3025 4135 καὶ
3053 4082 3112 4134 τὸ
3159 4080 3404 4151 Πνεῦμα.
3438 4080 3622 4144 Arcto;
3657 4082 3714 4134 δὲ

2135 4177 2353 4246 λέγεται
2406 4180 2433 4230 6
2485 4176 2707 4246 Πατὴρ,
2759 4175 2892 4228 διότι
2921 4177 3085 4246 γεννᾷ
3112 4216 3126 4238 ,
3166 4176 3261 4226 καὶ
3303 4175 3363 4228 οὐ
3412 4177 3711 4242 γεννᾶται,

2137 4269 2425 4340 ὲκπορεύει
2457 4269 2550 4321 καὶ
2577 4269 2676 4321 οὐκ
2705 4268 3082 4339 ἐκπορεύεται.
3108 4269 3277 4338 Γεννᾷ
3301 4269 3398 4336 μὲν
3433 4267 3522 4320 τὸν
3546 4267 3678 4320 Υῐόν
3699 4287 3710 4298 ·

2137 4362 2424 4431 ἐκπορεύει
2448 4360 2504 4412 δὲ
2537 4360 2631 4413 καὶ
2657 4360 2717 4413 τὸ
2746 4360 2970 4430 Πνεῦμα
2999 4360 3057 4413 τὸ
3087 4360 3262 4427 ἅγιον.
3299 4359 3408 4412 Καὶ
3432 4357 3521 4412 διὰ
3552 4358 3716 4412 τοῦτο

2061 4469 2112 4528 ι)
2137 4449 2356 4517 λέγεται
2388 4449 2416 4501 6
2455 4449 2642 4520 Πατὴρ
2677 4449 2866 4512 αἴτιος.

2220 4539 2410 4611 Ἐρώτ.
2444 4538 2530 4610 ιβ’.
2557 4541 2666 4592 Καὶ
2698 4539 2838 4592 πόσα
2865 4539 3110 4604 αἱτιατὰ;
3418 4587 3430 4595 .

2219 4632 2406 4687 ’Am’x.
2453 4631 2679 4684 Αἰτιατὰ
2707 4629 2828 4694 δύο,
2859 4633 2886 4683 6
2918 4631 3047 4694 Υἱὸς
3097 4631 3193 4684 καὶ
3233 4630 3296 4683 τὸ
3335 4626 3581 4700 Πνεῦμα.
3639 4628 3716 4684 Οὐ

2137 4723 2298 4792 γεννᾷ
2329 4723 2358 4773 6
2391 4721 2541 4784 Υἱὸς,
2575 4719 2710 4774 ἀλλὰ
2741 4721 3019 4788 γεννᾶται,
3051 4721 3143 4773 καὶ
3173 4720 3260 4774 διὰ
3306 4719 3464 4773 τοῦτο
3494 4721 3717 4788 λέγεται

2136 4810 2396 4875 αῖτιατός.
2421 4810 2618 4864 Λοιπὸν
2641 4808 2736 4863 ἐάν
2762 4825 2844 4870 τις
2877 4809 3150 4878 ἐρωτήσῃ,
3173 4809 3254 4860 ὅτι
3280 4807 3373 4860 ἐπὶ
3397 4805 3532 4858 Θεοῦ
3571 4807 3717 4858 πόσα

2139 4902 2285 4954 αἴτια
2307 4899 2617 4971 όμολογεῖς;
2647 4898 2788 4964 εἰπὲ,
2817 4897 2875 4950 ἓν
2900 4897 3071 4950 αἴτιον
3098 4897 3258 4964 λέγω.
3284 4898 3394 4950 Καὶ
3421 4897 3572 4949 ποῖόν
3598 4898 3716 4948 ἐστι

2141 4990 2336 5055 τοῦτο;
2375 4989 2433 5043 Ὀ
2467 4990 2678 5060 Πατήρ.
2709 4989 2817 5041 Καὶ⁵
2847 4988 2936 5041 διὰ
2971 4988 3024 5040 τί
3065 4987 3279 5054 λέγεται
3320 4986 3492 5048 αἴτιος
3532 4988 3561 5038 6
3603 4987 3720 5039 Ila-

2139 5087 2277 5154 τὴρ;
2313 5081 2455 5134 Διότι
2503 5083 2666 5152 γεννᾷ
2717 5080 2806 5133 τὸν
2859 5080 2986 5133 Υἰὸν
3021 5079 3116 5133 καὶ
3172 5081 3462 5149 ὲκπορεύει
3510 5079 3605 5131 καὶ
3657 5079 3716 5130 τὸ

2137 5173 2383 5243 Πνεῦμα.
2431 5172 2554 5226 Ἐὰν
2587 5172 2643 5224 δὲ
2673 5173 2923 5243 ἐρωτήσῃ
2954 5188 3035 5232 σε,
3066 5172 3147 5223 ὅτι
3186 5169 3328 5221 πόσα
3361 5167 3582 5221 αἰτιατὸι
3622 5167 3712 5220 λέ-

2135 5280 2252 5332 γεις
2279 5263 2371 5315 ἐπὶ
2397 5261 2487 5314 τοῦ
2512 5261 2681 5324 Θεοῦ;
2714 5261 2834 5314 εἰπὲ
2863 5260 2974 5314 δύο.
2997 5261 3132 5312 Ποῖα
3161 5258 3214 5310 δὲ
3243 5257 3451 5321 ταῦτα;
3491 5257 3551 5310 '0
3586 5257 3713 5318 Υἱὸς

2135 5356 2228 5408 καὶ
2259 5355 2319 5409 τὸ
2351 5353 2597 5426 Πνεῦμα.
2632 5353 2743 5408 Καὶ
2782 5353 2871 5407 διὰ
2903 5352 2957 5406 τί
2999 5352 3244 5421 λέγονται
3277 5351 3528 5414 uitiati;
3570 5349 3712 5403 Διότι
