3868 6206
191 279 301 336 783

192 482 440 551 Πνεῦμα,
461 483 556 535 καὶ
587 483 684 535 οὐκ
706 483 1010 553 ὲκπορεύει.
1428 547 1436 552 _

281 572 474 644 Ἐρώτ.
529 579 618 641 ιγ’.
679 573 801 626 Ἐπὶ
857 575 954 644 τῆς
996 575 1155 642 ἁγίας
1197 577 1422 646 Τριάδος
1470 578 1552 641 τίς
1602 577 1752 649 πρῶ·-

193 678 320 727 τοςὶ

278 751 465 805 ’Δπόκ.
505 751 628 805 Ἐπὶ
665 753 767 822 τῆς
815 753 977 820 ἁγίας
1029 755 1254 825 Τριάδος
1295 758 1476 821 οὐδεὶς
1517 760 1752 830 umbro“

191 844 287 896 καὶ
321 843 494 906 οὐδεὶς
519 843 761 914 ὕστερος,
791 845 904 898 ἀλλ’
941 847 1056 915 ἅμα
1086 848 1294 920 Πατὴρ,
1325 848 1440 918 ἅμα
1464 850 1612 914 Υἱὸς,
1640 852 1756 922 ἅμα

191 933 416 1003 Πνεῦμα
445 934 598 1002 ἅγιον
617 950 632 966 ο
666 937 760 988 κα)⁸
789 935 877 990 διὰ
913 936 1071 990 τοῦτο
1096 939 1190 993 καὶ
1231 941 1552 1011 συνάναρχοι
1576 941 1757 1010 λέγον-

189 1043 305 1089 ται,
340 1027 434 1080 καὶ
459 1027 702 1096 ἄναρχοι.
737 1029 1004 1098 Ἀναρχον
1047 1029 1104 1082 δὲ
1133 1031 1349 1098 λέγεται
1390 1032 1450 1084 16
1506 1032 1612 1104 πρὸ
1657 1034 1756 1104 τῆς

186 1116 368 1185 ἀρχῆς
389 1116 468 1168 δν.
501 1117 767 1186 Ἀναρχος
789 1117 972 1171 λοιπὸν
995 1120 1024 1170 6
1048 1120 1255 1192 Πατὴρ,
1285 1121 1518 1193 ἄναρχος
1546 1124 1576 1174 6
1606 1123 1752 1186 Υἱὸς,

187 1208 427 1276 ἄναρχον
459 1206 521 1258 τὸ
544 1207 766 1278 Πνεῦμα
792 1209 851 1260 τὸ
873 1209 1044 1277 ἅγιον.
1079 1211 1189 1264 Kal
1209 1213 1306 1282 οὐχ
1326 1215 1354 1266 6
1388 1215 1487 1283 μὲν
1519 1215 1753 1286 πρῶτος,

186 1299 214 1348 6
240 1297 287 1349 δ’
328 1296 575 1369 ὕστερος,
608 1297 720 1350 ἀλλ’
774 1298 888 1367 ἅμα
920 1300 969 1352 οἱ
1019 1303 1196 1371 τρεῖς,
1244 1303 1452 1373 Πατὴρ,
1501 1290 1628 1368 Υἱὸς
1663 1310 1756 1361 καὶ

187 1387 414 1458 Πνεῦμα
455 1390 627 1456 ἅγιον.
677 1388 777 1443 Διὰ
807 1392 963 1444 τοῦτο
1008 1392 1104 1445 καὶ⁹
1151 1395 1474 1467 συνάναρχοι
1518 1399 1610 1450 καὶ
1652 1401 1756 1451 εἰσὶ

184 1482 282 1530 καὶ
308 1477 684 1550 ὀνομάζονται.

276 1667 473 1738 Ἐρώτ.
509 1670 588 1723 ιδ’.
620 1672 922 1741 Σαφήνισον
941 1673 1073 1744 ἡμῖν
1102 1676 1196 1727 καὶ
1223 1674 1399 1741 τοῦτο,
1430 1679 1544 1743 πῶς
1579 1683 1606 1734 6
1627 1681 1754 1744 Υἱὸς

184 1759 284 1813 καὶ
308 1760 479 1827 Λόγος
511 1761 603 1813 τοῦ
645 1761 778 1814 Θεοῦ
803 1764 1058 1831 γεννᾶται
1087 1766 1152 1816 ὲκ
1180 1766 1392 1836 Πατρός
1413 1785 1427 1799 ο
1462 1769 1620 1822 τοῦτο
1648 1772 1754 1843 γὰρ

181 1851 482 1922 ἐκπλήττει
514 1853 685 1921 ἡμᾶς.

275 1943 468 1996 ’Δπόκ.
512 1944 566 1995 Ἐ
578 1945 661 1997 πεὶ
693 1946 722 1998 6
755 1944 884 2008 Θεὸς
916 1944 1222 2018 ἀθεώρητός
1255 1949 1369 2000 ζεστι
1391 1950 1484 2002 καὶ
1516 1952 1756 2023 ἀνερμή-

183 2052 400 2098 νευτος,
439 2035 557 2088 οὐδὲ
600 2036 757 2089 τοῦτο
803 2037 1135 2107 ἑρμηνεῦσαι
1167 2040 1458 2110 δυνάμεθα.
1490 2043 1613 2105 Πῶς
1649 2044 1758 2115 γάρ

185 2143 272 2190 τις
316 2124 650 2196 ἑρμηνεῦσαι
689 2125 930 2191 δύναται,
970 2127 999 2180 ὃ
1033 2129 1243 2182 οὐδέπω
1286 2131 1446 2194 αὐτὸς
1478 2132 1754 2198 ἐθεάσατο,

187 2218 223 2287 ἢ
254 2220 386 2288 παρ’
418 2219 589 2273 ἄλλων
618 2220 818 2290 ἀκήκοε
845 2219 1095 2286 πώπατε;
1124 2221 1268 2293 Πλὴν
1298 2225 1362 2275 ὲκ
1385 2223 1493 2276 τῶν
1521 2228 1756 2296 ποιημά-

179 2325 290 2362 των
319 2308 508 2373 αὐτοῦ,
539 2311 700 2380 φημὶ,
729 2310 822 2363 τοῦ
844 2311 1013 2380 Λόγου
1043 2313 1136 2365 καὶ
1163 2312 1297 2366 Θεοῦ
1315 2315 1556 2380 τυπικῶς
1587 2316 1754 2370 εἴπω-

186 2417 310 2467 μεν,
338 2400 461 2452 ὅσον
487 2401 548 2452 16
579 2402 718 2455 κατὰ
739 2402 985 2472 δύναμιν.
1013 2403 1252 2474 Νοητέον
1284 2405 1402 2474 μὲν,
1437 2407 1540 2471 ὃτι,
1569 2407 1756 2480 ὥσπερ

182 2488 213 2536 ὁ
261 2487 419 2554 λόγος
467 2487 560 2541 τοῦ
611 2489 899 2560 ἀνθρώπου
950 2496 1203 2561 γεννᾶται
1266 2496 1372 2549 ἀπὸ
1416 2497 1516 2567 τῆς
1578 2499 1757 2570 ψυχῆς

181 2577 444 2646 ἁσπόρως
491 2579 584 2630 καὶ
633 2580 1044 2652 ἀκατανοήτως,
1085 2584 1256 2649 οὕτως
1285 2590 1538 2654 γεννᾶται
1591 2591 1683 2643 καὶ
1729 2594 1758 2644 6

179 2666 356 2735 Λόγος
389 2668 496 2721 ἀπὸ
526 2669 618 2722 τοῦ
646 2671 875 2742 Πατρός.
901 2674 1011 2726 Καὶ
1045 2673 1122 2738 ώς
1144 2679 1396 2743 γεννᾶται
1429 2677 1538 2750 πῦρ
1567 2682 1630 2734 ἐκ
1661 2680 1754 2735 τοῦ

179 2757 379 2824 πυρὸς,
409 2759 503 2810 καὶ
528 2758 641 2826 φῶς
673 2762 736 2812 ὲκ
761 2759 854 2812 τοῦ
879 2762 1073 2829 φωτὸς,
1101 2763 1272 2828 οὕτως
1300 2768 1548 2835 γεννᾶται
1578 2771 1606 2822 6
1632 2769 1754 2834 Υἱὸς

181 2847 282 2900 καὶ
307 2848 476 2916 Λόγος
496 2849 588 2902 τοῦ
613 2849 746 2902 Θεοῦ
769 2852 874 2904 ἀπὸ
901 2853 994 2906 τοῦ
1027 2855 1260 2926 Πατρός.

269 2939 460 3010 Ἑρώτ.
483 2947 563 2994 ιε’.
593 2941 704 2996 Kal
733 2942 794 2994 16
821 2942 973 3012 ἅγιον
1001 2946 1224 3018 Πνεῦμα
1250 2949 1368 3013 πῶς
1397 2951 1752 3023 ἐκπορεύεται

176 3030 290 3084 ἀπὸ
329 3032 421 3084 τοῦ
456 3035 668 3107 Πατρός
691 3054 706 3103 ;

265 3122 456 3178 Ἀπόκ.
481 3126 686 3196 Πρέπει
722 3146 780 3182 σε
804 3130 1046 3204 καὶπερὶ
1074 3134 1265 3188 τούτου
1293 3135 1365 3206 μὴ
1391 3137 1618 3208 ἐρωτᾷν.
1638 3141 1748 3194 Kal

179 3210 342 3265 τοῦτο
386 3213 495 3285 γὰρ
524 3217 945 3288 ἀνερμήνευτον.
998 3223 1142 3294 Πλὴν
1189 3224 1424 3294 μάνθανε
1470 3229 1562 3279 καὶ
1618 3231 1746 3299 περὶ

180 3301 394 3358 τούτου.
423 3307 630 3379 ’Ὠσπερ
654 3307 745 3363 οὖν
781 3313 814 3382 ή
843 3314 1086 3384 ἀναπνοὴ
1115 3314 1209 3367 τοῦ
1237 3315 1520 3387 ἀνθρώπου
1559 3321 1623 3371 ὲκ
1649 3321 1748 3390 τῆς

179 3391 360 3465 ψυχῆς
400 3397 775 3469 ἐκπορεύεται,
815 3401 988 3466 οὕτως
1021 3406 1113 3458 καὶ
1144 3405 1204 3458 τὸ
1235 3407 1461 3478 Πνεῦμα
1491 3409 1551 3462 τὸ
1597 3410 1748 3478 ἆγιον

179 3487 335 3557 παρὰ
376 3487 468 3539 τοῦ
510 3491 721 3563 Πατρὸς
753 3494 1126 3566 ἐκπορεύεται.
1165 3498 1275 3550 Kal
1307 3498 1382 3562 ὡς
1410 3501 1443 3570 ὴ
1474 3500 1586 3554 Εῦα
1625 3500 1747 3554 οὔτε

181 3578 414 3648 γεννητὴ
447 3578 567 3634 οὗτε
594 3583 902 3655 ἀγέννητος,
949 3586 1086 3640 ἀλλᾶ
1135 3588 1333 3658 μέσως,
1375 3589 1545 3654 οὕτως
1566 3593 1660 3644 καὶ
1689 3594 1748 3646 16

178 3666 339 3735 ἆγιον
374 3671 598 3742 Πνεῦμα
633 3675 783 3745 παρὰ
824 3674 918 3728 τοῦ
961 3678 1173 3748 Πατρὸς
1209 3679 1586 3750 ἐκπορεύεται.
1639 3683 1748 3736 Kal

181 3757 295 3827 γὰρ
318 3760 346 3810 6
387 3760 558 3832 Ἀδὰμ
587 3764 899 3836 ἀγέννητος,
931 3769 960 3821 ὁ
992 3769 1047 3822 δὲ
1093 3769 1200 3839 Σὴθ
1250 3773 1537 3842 γεννητὸς,
1591 3775 1686 3827 καὶ
1712 3777 1745 3845 ἡ

181 3845 300 3899 Εὔα
348 3848 675 3924 ὲκπορευτή.
720 3853 784 3910 Ἠ
834 3855 941 3927 γὰρ
988 3856 1101 3911 Εὔα
1153 3857 1276 3912 οὔτε
1324 3861 1622 3932 ἐγεννήθη,
1672 3863 1748 3926 ὡς

181 3937 446 4010 ἐγεννήθη
475 3941 502 3991 6
526 3941 653 4012 Σὴθ,
675 3942 797 3996 οὔτε
829 3946 1123 4017 ἀγέννητος
1150 3943 1239 4019 ἦν,
1267 3949 1454 4021 ὥσπερ
1480 3953 1508 4003 ὁ
1545 3951 1713 4022 Ἀδάμ
1731 3970 1744 3982 ·

179 4026 300 4081 ἀλλ’
334 4031 600 4104 ἐπορεύθη
636 4035 700 4086 ἐκ
735 4036 834 4107 τῆς
865 4037 1102 4109 πλευρᾶς
1129 4039 1223 4092 τοῦ
1260 4041 1450 4112 Ἀδάμ.
1480 4043 1589 4096 Kal
1621 4039 1688 4115 ἦν
1721 4044 1749 4095 6

197 4116 372 4189 Ἀδὰμ
404 4121 695 4193 ἀγέννητος
737 4129 816 4190 εἰς
841 4127 1007 4181 τύπον
1043 4129 1137 4182 τοῦ
1180 4131 1474 4203 ἁγεννήτου
1507 4135 1745 4203 Πατρόςο

181 4209 214 4260 6
240 4209 298 4261 δὲ
329 4209 437 4282 Σὴθ
465 4214 721 4284 γεννητὸς
743 4218 821 4280 εἰς
852 4216 1021 4274 τύπον
1048 4220 1142 4273 τοῦ
1171 4221 1425 4292 γεννητοῦ
1461 4223 1620 4275 Υἱοῦο
1658 4225 1750 4277 καὶ

180 4301 216 4372 ἠ
265 4299 379 4353 Εῦα
431 4304 733 4375 ὲκπορευτὴ
781 4307 845 4359 ἐκ
891 4308 990 4378 τῆς
1028 4310 1264 4381 πλευρᾶς
1307 4309 1401 4363 τοῦ
1465 4311 1634 4383 ’Λδὰμ
1673 4315 1750 4376 εἰς

1425 285 1589 351 QUAE
1599 284 1884 341 STIONES
1920 285 2123 340 ALLE.

192 395 452 460 γεννᾶται
475 395 504 445 6
526 393 668 456 Υἱὸς,
693 395 786 446 καὶ
813 395 871 445 ού
896 396 1056 464 γεννᾷ
1074 412 1087 424 ·
1120 397 1471 467 ἐκπορεύεται
1501 399 1558 450 δὲ
1585 401 1675 452 καὶ
1698 404 1752 452 τὸ

1868 418 1966 456 non
2023 400 2223 470 gignit;

3313 292 3414 340 78b

2302 399 2545 468 procedit
2606 407 2783 454 autem
2856 401 3124 470 Spiritus,
3198 415 3252 459 et
3305 421 3413 461 non

1853 490 2066 544 emittit.

1923 580 2141 644 Qua-:51.
2195 578 2336 632 Xl'll.
2384 578 2440 633 lu
2483 587 2675 635 sancta
2722 591 2902 634 autem
2946 579 3238 650 Trinitate,
3291 590 3417 656 quis

1854 670 2088 739 primus?

1925 758 2087 814 Bssr.
2127 759 2186 813 In
2220 767 2408 814 sancta
2433 758 2701 814 Triuitate
2731 776 2892 815 nemo
2913 762 3146 830 primus,
3173 775 3226 819 et
3256 781 3417 820 nemo

1857 859 2162 920 postremus
2210 868 2224 904 :
2274 850 2368 904 sed
2405 851 2564 903 simul
2597 850 2775 917 Pater,
2820 853 2984 906 simul
3022 853 3212 917 Filius,
3255 853 3417 911 simul

1856 942 2090 1010 Spiritus
2141 949 2364 996 sanctus
2401 958 2415 995 :
2466 947 2521 992 et
2567 940 2690 995 ideo
2724 941 2888 996 etiam
2939 944 3102 997 simul
3148 944 3417 1015 principio

1853 1040 2104 1085 carentes
2138 1031 2413 1095 dicuntur,
2449 1039 2504 1086 et
2542 1031 2681 1086 iuitii
2717 1041 2990 1102 expertes.
3019 1032 3279 1103 Principii
3324 1052 3416 1090 ex-

1858 1137 1982 1190 pers
2051 1128 2231 1175 autem
2289 1121 2510 1184 dicitur,
2560 1120 2705 1189 quod
2764 1128 2890 1176 ante
2939 1121 3266 1191 principium
3311 1133 3414 1176 est.

1857 1210 2127 1279 Principio
2174 1225 2303 1281 ergo
2341 1217 2490 1264 caret
2536 1209 2713 1272 Pater,
2743 1210 3010 1280 principio
3049 1219 3196 1264 caret
3222 1208 3412 1275 Filius,

1853 1301 2122 1370 principio
2154 1311 2302 1356 caret
2333 1299 2569 1370 Spiritus
2597 1308 2837 1355 sanctus.
2863 1299 3039 1368 Atque
3067 1302 3138 1354 ita
3168 1317 3266 1355 nec
3297 1303 3413 1370 pri-

1853 1409 1996 1455 mus,
2032 1407 2133 1447 nec
2156 1393 2400 1455 ultimus,
2445 1391 2539 1446 sed
2575 1391 2736 1446 simul
2773 1398 2905 1458 tres,
2945 1391 3125 1456 Pater,
3163 1391 3334 1450 Filius
3361 1402 3417 1448 et

1857 1481 2094 1551 Spiritus
2118 1490 2360 1536 sanctus.
2386 1480 2749 1547 Quamobrem
2788 1483 2950 1536 etiam
2975 1482 3134 1536 simul
3163 1482 3416 1553 principii

1851 1580 2097 1641 expertes
2125 1579 2180 1624 et
2201 1580 2326 1626 sunt
2343 1581 2396 1626 et
2419 1572 2690 1626 dicuntur.
2719 1644 2721 1646 η

1931 1663 2158 1729 Ωωεετ.
2205 1661 2344 1717 XIV.
2397 1662 2623 1717 Declara
2671 1663 2828 1717 nobis
2878 1669 2933 1718 et
2980 1663 3117 1726 hoc,
3148 1661 3417 1732 quomodo

1787 1736 1828 1788 Β
1857 1753 2025 1808 Filius
2049 1761 2102 1807 et
2123 1752 2358 1809 Verbum
2385 1753 2477 1809 Dei
2502 1754 2753 1825 gignatur
2773 1769 2804 1808 a
2825 1753 2985 1809 Patre
3016 1774 3030 1808 :
3063 1754 3114 1807 id
3138 1755 3281 1808 enim
3316 1767 3417 1812 nos

1858 1844 2239 1914 obstupefacit.

1927 1933 2086 2001 Ras»,
2124 1932 2262 2000 Quia
2282 1932 2425 1989 Deus
2456 1933 2732 1988 intellectu
2777 1948 2886 1988 non
2933 1933 3164 2002 capitur,
3192 1949 3294 1988 nec
3322 1950 3416 1989 ex-

1857 2029 2110 2097 plicatur,
2158 2042 2334 2094 neque
2376 2025 2478 2080 hoc
2519 2041 2812 2096 possumus
2857 2027 3226 2096 interpretari.
3270 2027 3418 2094 Quo-

1857 2115 2016 2170 modo
2040 2115 2183 2170 enim
2207 2116 2329 2184 quis
2357 2127 2610 2184 exponat,
2635 2115 2779 2184 quod
2804 2132 3078 2184 nunquam
3117 2117 3232 2185 ipse
3257 2116 3415 2180 vidit,

1856 2214 1949 2260 aut
1987 2205 2054 2260 ab
2095 2207 2200 2260 alio
2241 2207 2422 2276 aliquo
2468 2207 2711 2261 audivit?
2758 2207 3010 2260 Attamen
3055 2223 3119 2261 ex
3163 2207 3420 2275 operibus

1856 2295 1995 2363 ejus,
2033 2311 2224 2365 nempe
2245 2293 2406 2350 Verbi
2431 2303 2483 2350 et
2511 2293 2627 2358 Dei,
2657 2295 2883 2365 ﬁgurate
2903 2295 3208 2364 loquamur,
3235 2294 3414 2364 quoad

1855 2389 1974 2457 ejus
2001 2387 2114 2443 ﬁeri
2142 2394 2343 2457 potest.
2376 2385 2737 2455 Cogitandum
2763 2388 2930 2448 enim,
2962 2385 3129 2455 quod,
3154 2385 3416 2454 quemad-

1856 2480 2076 2532 modum
2117 2493 2299 2533 sermo
2339 2479 2577 2532 hominis
2623 2485 2912 2547 generatur
2957 2477 3026 2530 ab
3066 2476 3246 2529 anima
3294 2475 3414 2530 sine

1856 2570 2081 2629 semine,
2108 2577 2159 2623 et
2183 2583 2346 2637 supra
2387 2583 2602 2621 omnem
2641 2567 3017 2632 intellectum;
3062 2566 3134 2620 ita
3174 2563 3414 2636 gignitur

1855 2672 1908 2716 et
1936 2659 2172 2717 Verbum
2200 2676 2229 2713 a
2251 2660 2428 2714 Patre.
2446 2659 2510 2713 Et
2533 2659 2674 2714 sicut
2703 2666 2993 2729 generatur
3020 2657 3158 2727 ignis
3180 2672 3246 2710 ex
3269 2658 3415 2726 igne,

1854 2762 1908 2808 et
1951 2754 2133 2808 lumen
2168 2769 2232 2808 ex
2280 2753 2484 2807 lumine
2510 2791 2524 2815 ,
2561 2751 2634 2805 ita
2675 2758 2966 2822 generatur
2994 2747 3165 2804 Filius
3194 2755 3247 2803 et
3276 2746 3413 2802 Ver-

1857 2845 1982 2898 bum
2010 2844 2102 2898 Dei
2132 2859 2160 2896 a
2189 2843 2370 2898 Patre.

1927 2935 2087 3005 285
2118 2934 2336 3000 ρυεετ.
2372 2933 2486 2987 XV.
2520 2933 2585 2987 Et
2609 2933 2848 3004 Spiritus
2881 2937 3122 2993 sanctus,
3142 2930 3415 3001 quomodo

1777 3062 1822 3121 C
1856 3028 2094 3096 procedit
2124 3042 2153 3079 a
2183 3024 2380 3079 Patre?

1927 3116 2091 3172 Rasr.
2120 3117 2303 3186 Neque
2351 3126 2402 3170 te
2456 3115 2524 3169 de
2557 3116 2658 3168 hac
2713 3130 2773 3170 re
2821 3128 3061 3184 quaerere
3114 3111 3287 3166 decet.
3319 3109 3417 3164 Est

1853 3210 1994 3264 enim
2017 3208 2195 3262 ethoc
2232 3205 2628 3275 inexplicabile.
2663 3204 2820 3260 Disce
2868 3211 3048 3257 tamen
3095 3202 3199 3255 hac
3251 3201 3417 3255 etiam

1854 3301 1921 3354 de
1949 3316 2026 3354 re.
2061 3295 2523 3364 Quemadmodum
2555 3296 2721 3366 igitur
2757 3292 3045 3364 respiratio
3086 3289 3320 3344 hominis
3348 3302 3419 3342 ex

1855 3393 2034 3445 anima
2100 3389 2365 3459 procedit,
2409 3389 2484 3442 ita
2539 3394 2592 3441 et
2659 3384 2894 3455 Spiritus
2944 3388 3166 3437 sanctus
3195 3395 3226 3432 a
3255 3379 3416 3431 Patre

1855 3482 2114 3552 procedit.
2144 3480 2210 3533 Et
2268 3480 2411 3535 sicut
2457 3478 2563 3531 Eva
2617 3491 2792 3546 neque
2819 3475 3021 3546 genita,
3053 3485 3228 3540 neque
3257 3470 3414 3538 inge-

1855 3580 1988 3637 nita,
2021 3573 2115 3627 sed
2154 3572 2330 3625 media
2363 3577 2508 3631 erat,
2551 3568 2625 3622 ita
2661 3568 2821 3621 etiam
2868 3563 3107 3634 Spiritus
3135 3568 3356 3616 sanctus
3381 3573 3415 3614 a

1855 3666 2012 3718 Patre
2052 3662 2316 3733 procedit.
2348 3660 2558 3714 Etenim
2598 3656 2768 3711 Adam
2802 3655 3095 3724 ingenitus,
3133 3650 3262 3705 Selh
3286 3665 3414 3704 vero

1855 3757 2088 3827 genitus,
2127 3762 2181 3809 et
2243 3753 2353 3805 Eva
2400 3750 2719 3821 procedens.
2767 3745 2878 3800 Eva
2919 3745 3065 3800 enim
3113 3757 3290 3811 neque
3321 3757 3414 3811 ge-

1855 3847 1966 3900 nita
1988 3853 2093 3908 est,
2119 3853 2178 3897 ut
2217 3846 2430 3912 genitus
2475 3846 2559 3895 est
2592 3836 2742 3902 Seth,
2785 3852 2958 3906 neque
3004 3834 3243 3904 ingenita
3272 3839 3410 3896 erat,

1854 3935 2312 4006 quemadmodum
2358 3931 2559 3996 Adam;
2594 3928 2690 3985 sed
2747 3942 2964 3998 egressa
3009 3934 3092 3980 est
3147 3939 3213 3978 ex
3262 3931 3412 3978 costa

1855 4029 2065 4084 Adami.
2099 4027 2165 4079 Et
2197 4026 2276 4080 sic
2313 4024 2482 4077 Adam
2512 4022 2803 4092 ingenitus,
2840 4027 2997 4090 typus
3045 4024 3161 4070 erat
3187 4013 3412 4083 ingeniti

1855 4120 2029 4174 Patris
2053 4137 2065 4171 :
2087 4117 2216 4172 Seth
2249 4117 2491 4187 genitus,
2527 4121 2608 4168 est
2633 4121 2794 4183 typus
2817 4109 2980 4180 geniti
3003 4105 3153 4171 Filii;
3194 4113 3247 4160 et
3280 4103 3413 4166 Eva,

1855 4227 2074 4284 egressa
2091 4229 2120 4268 e
2142 4220 2290 4266 costa
2311 4209 2525 4273 Adami,
2543 4217 2626 4263 est
2657 4217 2816 4279 typus
2851 4205 3182 4263 sanctissimi
3238 4200 3413 4272 Spiri-

1859 4315 1966 4364 tus.
1999 4306 2101 4360 Per
2125 4314 2307 4375 patres
2331 4305 2472 4360 enim
2504 4313 2723 4358 nostros
2767 4299 3086 4354 adumbrata
3139 4294 3240 4348 fuit
3286 4307 3415 4346 san-

181 4389 356 4443 τύπον
383 4392 476 4444 τοῦ
516 4396 782 4464 παναγίου
818 4380 1280 4467 Πνεύματος.νΕξς
1319 4400 1425 4474 γὰρ
1462 4380 1751 4474 τοὺςνπρο-

1868 4407 1943 4450 :ta
1999 4395 2258 4448 Trinitas.
2285 4393 2390 4448 Sed
2444 4393 2616 4446 Adam
2676 4390 2894 4459 quidem
2952 4397 3007 4441 et
3053 4384 3182 4438 Seth
3214 4390 3266 4436 et
3300 4380 3414 4433 Eva

184 4480 433 4552 πάτορας
463 4484 620 4554 ἡμῶν
661 4487 913 4559 ὲτυπώθη
949 4491 981 4560 ἡ
1023 4491 1152 4559 ἁγία
1184 4493 1370 4563 Τριάς.
1413 4495 1547 4546 Ἀλλ’
1589 4495 1618 4546 ὁ
1655 4497 1750 4566 μὲν

197 4570 388 4641 Ἀδὰμ,
419 4576 512 4626 καὶ
548 4575 576 4625 6
606 4575 738 4647 Σὴθ,
787 4579 881 4630 καὶ
927 4581 958 4648 ὴ
1003 4579 1113 4633 Εῦα
1165 4581 1390 4652 σώματα
1437 4578 1610 4654 ἦσαν,
1659 4585 1753 4638 καὶ

184 4665 448 4734 χωριστοὶ
480 4661 619 4736 ἦσαν
643 4669 735 4721 ἀπ’
762 4670 1005 4740 ἀλλήλων
1024 4688 1037 4701 ⁸
1065 4673 1093 4725 6
1115 4671 1171 4724 δὲ
1202 4673 1333 4737 Θεὸς
1358 4675 1448 4728 καὶ
1486 4675 1695 4747 Πατὴρ,
1724 4677 1752 4729 6

187 4753 338 4818 Υἱὸς,
374 4756 469 4810 καὶ
493 4757 553 4810 16
580 4759 733 4827 ἆγιον
755 4760 996 4832 Πνεῦμα,
1029 4760 1151 4814 οὕτε
1182 4762 1410 4833 σώματά
1440 4767 1594 4828 εἰσιν,
1631 4762 1753 4816 οὔτε

186 4848 448 4919 χωριστοξ
488 4853 624 4906 εἰσιν
672 4852 765 4906 ἀπ’
802 4853 1066 4924 ἀλλήλων.
1099 4855 1275 4918 Μόνος
1306 4855 1360 4907 δὲ
1399 4857 1427 4908 6
1451 4855 1619 4918 τύπος
1658 4854 1756 4924 τῆς

188 4941 519 5014 ἀγεννησίας
542 4944 634 4996 τοῦ
663 4944 874 5017 Πατρὸς
898 4945 1181 5017 θεωρεῖται
1207 4949 1285 5010 εἰς
1323 4948 1415 5000 τὸν
1461 4947 1755 5016 ἀγέννητον

190 5059 195 5062 τ
221 5030 399 5104 Δδὰμ,
436 5035 528 5086 καὶ
557 5035 585 5087 6
609 5035 776 5098 τύπος
804 5037 905 5105 τῆς
933 5037 1237 5109 γεννήσεως
1264 5037 1357 5090 τοῦ
1393 5039 1522 5091 Υἱοῦ
1558 5040 1636 5100 εἱς
1664 5038 1756 5090 τὸν

1859 4502 2088 4556 corpora
2111 4492 2286 4547 erant,
2332 4494 2387 4538 et
2427 4483 2758 4553 separabiles
2796 4481 2937 4534 inter
2970 4492 3029 4532 se
3065 4493 3078 4529 :
3111 4475 3254 4529 Deus
3285 4487 3415 4528 vero

1857 4587 1910 4632 et
1939 4577 2118 4640 Pater,
2142 4587 2196 4630 et
2227 4573 2418 4637 Filius,
2444 4583 2497 4628 et
2530 4571 2762 4641 Spiritus
2793 4575 3036 4629 sanctus,
3079 4579 3254 4635 neque
3293 4577 3417 4618 cor-

1861 4681 1991 4736 pora
2032 4673 2182 4729 sunt,
2218 4679 2393 4734 neque
2445 4662 2776 4732 separabiles
2814 4675 2844 4712 a
2893 4673 2951 4712 se
2989 4657 3244 4711 invicem.
3285 4653 3413 4706 Sola

1859 4758 2003 4812 enim
2033 4755 2202 4824 ﬁgura
2257 4753 2480 4825 ingeniti
2526 4752 2703 4806 Patris
2759 4757 3036 4820 spectatur
3065 4748 3122 4802 in
3174 4745 3414 4813 ingenito

1859 4847 2053 4911 Adam,
2078 4857 2130 4901 et
2181 4848 2349 4918 ligura
2390 4844 2753 4916 generationis
2793 4842 2915 4897 Filii
2952 4841 3008 4895 in
3042 4839 3224 4911 genito
3259 4837 3409 4901 Seth,

1861 4947 1915 4992 et
1954 4938 2125 5008 ﬁgura
2169 4936 2534 5008 processionis
2564 4935 2799 5005 Spiritus
2839 4934 3016 4988 sancti
3050 4939 3329 5002 spectatur
3359 4930 3415 4982 in

1861 5031 1972 5084 Eva
2001 5028 2342 5098 procedente.
2369 5025 2555 5096 Itaque
2579 5026 2657 5081 sic
2683 5025 2783 5098 hac
2810 5025 2876 5078 de
2897 5039 2956 5078 re
2986 5022 3211 5077 sentias.

193 5123 445 5193 γεννητὸν
482 5121 608 5193 Σὴθ,
673 5123 765 5175 καὶ
810 5125 839 5176 6
881 5123 1050 5187 τύπος
1083 5107 1200 5195 τῆς
1231 5127 1602 5197 ὲκπορεύσεως
1651 5125 1745 5178 τοῦ
1778 5126 1931 5192 ἁγίου
1979 5123 2290 5192 Πνεύματος
2310 5121 2587 5190 θεωρεῖται
2611 5120 2691 5180 εἰς
2745 5115 2840 5186 τὴν
2867 5112 3201 5183 ὲκπορευτὴν
3250 5107 3413 5162 Εὔαν.

193 5217 305 5272 Kal
331 5214 502 5278 οὕτως
526 5216 634 5270 νόει
663 5216 755 5269 καὶ
779 5217 906 5288 περὶ
929 5217 1138 5274 τούτου.

255 5306 550 5378 Ἐρώτησις
570 5305 812 5382 ις’.⁷Αρα
824 5314 1077 5380 χωρεῖται
1093 5313 1121 5363 ὁ
1133 5311 1263 5374 Θεὸς
1279 5314 1335 5365 ὲν
1346 5312 1424 5365 ἐνὶ
1438 5312 1607 5383 τόπῳ,
1625 5312 1658 5381 ἦ
1673 5309 1755 5375 ού;

259 5399 450 5455 Ἀπόκ.
506 5401 744 5471 Πρόσθες
793 5403 882 5455 τὸν
919 5403 1042 5456 νοῦν
1089 5421 1202 5466 σου,
1239 5405 1330 5456 καὶ
1359 5405 1569 5473 νόησον,
1602 5406 1682 5457 ὅτι
1729 5407 1756 5456 ὁ

192 5488 325 5554 Θεὸς
381 5490 496 5558 φῶς
542 5493 688 5544 ἐστιν
741 5492 1049 5563 ἀθεώρητον
1110 5497 1204 5548 καὶ
1252 5495 1568 5565 ἀχώρητονο
1630 5493 1751 5546 οὔτε

194 5581 480 5652 θεωρεῖται
508 5585 537 5637 6
565 5584 718 5649 Θεὸς,
752 5586 874 5638 οὔτε
905 5588 1160 5657 χωρεῖταί
1211 5603 1332 5640 που.
1372 5586 1481 5640 Καὶ
1529 5586 1651 5638 ἐπεὶ
1690 5586 1750 5636 οὐ

197 5674 566 5744 χωρεῖται¹εξς
611 5675 669 5727 τὸ
700 5679 844 5741 πᾶν,
886 5677 1001 5740 πῶς
1050 5677 1129 5730 ἔνι
1171 5676 1392 5731 δυνατὸν
1437 5676 1665 5743 φανῆναι
1721 5673 1752 5741 ἢ

1938 5307 2154 5372 ρυεεδτ.
2171 5305 2309 5359 XVI.
2327 5303 2408 5359 An
2430 5304 2741 5359 continetur
2761 5300 2903 5355 Deus
2929 5312 3039 5352 uno
3064 5295 3418 5357 loco,necnc!

1933 5397 2093 5450 R559.
2127 5396 2360 5448 Adverte
2389 5395 2650 5454 animum,
2673 5399 2727 5444 et
2773 5388 3043 5458 perpende
3089 5385 3234 5455 quod
3274 5382 3417 5440 Deus

1860 5488 1952 5540 lux
1988 5487 2058 5540 sit
2088 5483 2377 5539 invisibilis
2417 5490 2471 5537 et
2515 5477 3099 5548 incomprehensibilis,
3135 5489 3309 5543 neque
3337 5473 3416 5526 vi-

1862 5577 2086 5638 deatur,
2108 5591 2283 5644 neque
2308 5573 2553 5641 capiatur
2585 5571 2723 5624 loco.
2752 5569 2815 5622 Et
2837 5567 3094 5639 quoniam
3137 5581 3244 5618 non
3267 5562 3408 5632 capi.

1862 5677 1950 5724 tur
1979 5671 2029 5724 in
2061 5677 2193 5732 tuto,
2228 5664 2496 5737 quomodo
2547 5669 2727 5732 posset
2760 5661 2894 5725 ﬁeri,
2931 5669 2988 5713 ut
3028 5658 3303 5712 videretur
3323 5662 3400 5728 ag
