  <div class='ocr_page' id='page_1' title='image "/cluster/home/n/w/nwhite01/storage/ocr_20150623/28/nnc1.0046978690/433.png"; bbox 0 0 3852 6192; ppageno 0'>
   <div class='ocr_carea' id='block_1_1' title="bbox 396 273 502 331">
    <p class='ocr_par' dir='ltr' id='par_1_1' title="bbox 396 273 502 331">
     <span class='ocr_line' id='line_1_1' title="bbox 396 273 502 331; baseline -0.028 0"><span class='ocrx_word' id='word_1_1' title='bbox 396 273 502 331; x_wconf 86' lang='lat'><strong>787</strong></span> 
     </span>
    </p>
   </div>
   <div class='ocr_carea' id='block_1_2' title="bbox 1569 264 2504 324">
    <p class='ocr_par' dir='ltr' id='par_1_2' title="bbox 1569 264 2504 324">
     <span class='ocr_line' id='line_1_2' title="bbox 1569 264 2504 324; baseline 0 0"><span class='ocrx_word' id='word_1_2' title='bbox 1569 268 1627 324; x_wconf 87' lang='lat' dir='ltr'><strong>S.</strong></span> <span class='ocrx_word' id='word_1_3' title='bbox 1667 264 2134 322; x_wconf 73' lang='lat' dir='ltr'><strong>ATBANASIUS.</strong></span> <span class='ocrx_word' id='word_1_4' title='bbox 2174 295 2245 307; x_wconf 89' lang='lat'><strong>—-</strong></span> <span class='ocrx_word' id='word_1_5' title='bbox 2282 265 2504 324; x_wconf 73' lang='lat' dir='ltr'><strong>DUBIA.</strong></span> 
     </span>
    </p>
   </div>
   <div class='ocr_carea' id='block_1_3' title="bbox 3563 263 3667 322">
    <p class='ocr_par' dir='ltr' id='par_1_3' title="bbox 3563 263 3667 322">
     <span class='ocr_line' id='line_1_3' title="bbox 3563 263 3667 322; baseline 0.038 -4"><span class='ocrx_word' id='word_1_6' title='bbox 3563 263 3667 322; x_wconf 80' lang='lat'><strong>788</strong></span> 
     </span>
    </p>
   </div>
   <div class='ocr_carea' id='block_1_4' title="bbox 398 377 1977 466">
    <p class='ocr_par' dir='ltr' id='par_1_4' title="bbox 398 390 1977 466">
     <span class='ocr_line' id='line_1_4' title="bbox 398 390 1977 466; baseline -0.001 -17"><span class='ocrx_word' id='word_1_7' title='bbox 398 393 799 466; x_wconf 78' lang='lat' dir='ltr'><strong>intelligeretur</strong></span> <span class='ocrx_word' id='word_1_8' title='bbox 825 392 1197 464; x_wconf 83' lang='lat' dir='ltr'><strong>quibusdam?</strong></span> <span class='ocrx_word' id='word_1_9' title='bbox 1217 392 1392 464; x_wconf 89' lang='lat' dir='ltr'><strong>Cujus</strong></span> <span class='ocrx_word' id='word_1_10' title='bbox 1438 405 1619 461; x_wconf 86' lang='lat' dir='ltr'><strong>neque</strong></span> <span class='ocrx_word' id='word_1_11' title='bbox 1656 390 1856 455; x_wconf 78' lang='lat' dir='ltr'><strong>Moses,</strong></span> <span class='ocrx_word' id='word_1_12' title='bbox 1884 394 1977 463; x_wconf 89' lang='lat' dir='ltr'><strong>qui</strong></span> 
     </span>
    </p>
   </div>
   <div class='ocr_carea' id='block_1_5' title="bbox 2087 377 3663 466">
    <p class='ocr_par' dir='ltr' id='par_1_5' title="bbox 2087 377 3663 461">
     <span class='ocr_line' id='line_1_5' title="bbox 2087 377 3663 461; baseline -0.006 -18"><span class='ocrx_word' id='word_1_13' title='bbox 2087 388 2345 461; x_wconf 81' lang='grc' dir='ltr'>νοηθῆναι</span> <span class='ocrx_word' id='word_1_14' title='bbox 2392 403 2568 451; x_wconf 89' lang='grc' dir='ltr'>τισιν;</span> <span class='ocrx_word' id='word_1_15' title='bbox 2625 377 2850 448; x_wconf 74' lang='grc' dir='ltr'>Οὗτινος</span> <span class='ocrx_word' id='word_1_16' title='bbox 2891 384 3012 438; x_wconf 75' lang='grc' dir='ltr'>οὐδὲ</span> <span class='ocrx_word' id='word_1_17' title='bbox 3061 381 3267 453; x_wconf 80' lang='grc' dir='ltr'>Μωσῆς</span> <span class='ocrx_word' id='word_1_18' title='bbox 3312 383 3341 435; x_wconf 94' lang='lat'><strong>6</strong></span> <span class='ocrx_word' id='word_1_19' title='bbox 3392 380 3663 446; x_wconf 80' lang='grc' dir='ltr'>θεόπτης,</span> 
     </span>
    </p>
   </div>
   <div class='ocr_carea' id='block_1_6' title="bbox 398 483 1977 557">
    <p class='ocr_par' dir='ltr' id='par_1_6' title="bbox 398 483 1977 557">
     <span class='ocr_line' id='line_1_6' title="bbox 398 483 1977 557; baseline -0.002 -15"><span class='ocrx_word' id='word_1_20' title='bbox 398 486 570 542; x_wconf 86' lang='lat' dir='ltr'><strong>Deum</strong></span> <span class='ocrx_word' id='word_1_21' title='bbox 624 486 796 551; x_wconf 84' lang='lat' dir='ltr'><strong>vidit,</strong></span> <span class='ocrx_word' id='word_1_22' title='bbox 855 501 1036 557; x_wconf 90' lang='lat' dir='ltr'><strong>neque</strong></span> <span class='ocrx_word' id='word_1_23' title='bbox 1100 486 1359 556; x_wconf 83' lang='lat' dir='ltr'><strong>discipuli</strong></span> <span class='ocrx_word' id='word_1_24' title='bbox 1429 483 1593 540; x_wconf 86' lang='lat' dir='ltr'><strong>Verbi</strong></span> <span class='ocrx_word' id='word_1_25' title='bbox 1650 484 1859 555; x_wconf 90' lang='lat' dir='ltr'><strong>ipsius,</strong></span> <span class='ocrx_word' id='word_1_26' title='bbox 1919 486 1977 539; x_wconf 91' lang='lat' dir='ltr'><strong>in</strong></span> 
     </span>
    </p>
   </div>
   <div class='ocr_carea' id='block_1_7' title="bbox 397 575 1978 650">
    <p class='ocr_par' dir='ltr' id='par_1_7' title="bbox 397 575 1978 650">
     <span class='ocr_line' id='line_1_7' title="bbox 397 575 1978 650; baseline -0.003 -16"><span class='ocrx_word' id='word_1_27' title='bbox 397 587 585 635; x_wconf 87' lang='lat' dir='ltr'><strong>monte</strong></span> <span class='ocrx_word' id='word_1_28' title='bbox 633 578 1140 650; x_wconf 84' lang='lat' dir='ltr'><strong>transﬁgurationis</strong></span> <span class='ocrx_word' id='word_1_29' title='bbox 1196 578 1369 645; x_wconf 88' lang='lat' dir='ltr'><strong>illius,</strong></span> <span class='ocrx_word' id='word_1_30' title='bbox 1400 591 1580 647; x_wconf 90' lang='lat' dir='ltr'><strong>neque</strong></span> <span class='ocrx_word' id='word_1_31' title='bbox 1630 577 1771 631; x_wconf 80' lang='lat' dir='ltr'><strong>alius</strong></span> <span class='ocrx_word' id='word_1_32' title='bbox 1820 575 1978 647; x_wconf 85' lang='lat' dir='ltr'><strong>quis-</strong></span> 
     </span>
    </p>
   </div>
   <div class='ocr_carea' id='block_1_8' title="bbox 398 668 1978 743">
    <p class='ocr_par' dir='ltr' id='par_1_8' title="bbox 398 668 1978 743">
     <span class='ocr_line' id='line_1_8' title="bbox 398 668 1978 743; baseline -0.004 -16"><span class='ocrx_word' id='word_1_33' title='bbox 398 687 561 742; x_wconf 84' lang='lat' dir='ltr'><strong>quam</strong></span> <span class='ocrx_word' id='word_1_34' title='bbox 591 687 835 743; x_wconf 88' lang='lat' dir='ltr'><strong>unquam</strong></span> <span class='ocrx_word' id='word_1_35' title='bbox 885 672 1142 727; x_wconf 75' lang='lat' dir='ltr'><strong>deitatem</strong></span> <span class='ocrx_word' id='word_1_36' title='bbox 1198 670 1397 726; x_wconf 88' lang='lat' dir='ltr'><strong>nudam</strong></span> <span class='ocrx_word' id='word_1_37' title='bbox 1442 669 1632 725; x_wconf 90' lang='lat' dir='ltr'><strong>videre</strong></span> <span class='ocrx_word' id='word_1_38' title='bbox 1682 668 1978 740; x_wconf 90' lang='lat' dir='ltr'><strong>potuit;ut</strong></span> 
     </span>
    </p>
   </div>
   <div class='ocr_carea' id='block_1_9' title="bbox 398 750 1977 835">
    <p class='ocr_par' dir='ltr' id='par_1_9' title="bbox 398 750 1977 835">
     <span class='ocr_line' id='line_1_9' title="bbox 398 750 1977 835; baseline -0.004 -16"><span class='ocrx_word' id='word_1_39' title='bbox 398 766 607 819; x_wconf 89' lang='lat' dir='ltr'><strong>clarum</strong></span> <span class='ocrx_word' id='word_1_40' title='bbox 635 765 729 830; x_wconf 89' lang='lat' dir='ltr'><strong>sit,</strong></span> <span class='ocrx_word' id='word_1_41' title='bbox 758 750 908 835; x_wconf 91' lang='lat' dir='ltr'><strong>quod</strong></span> <span class='ocrx_word' id='word_1_42' title='bbox 932 764 1084 819; x_wconf 91' lang='lat' dir='ltr'><strong>nullo</strong></span> <span class='ocrx_word' id='word_1_43' title='bbox 1107 764 1228 818; x_wconf 94' lang='lat' dir='ltr'><strong>Ioco</strong></span> <span class='ocrx_word' id='word_1_44' title='bbox 1257 763 1528 831; x_wconf 75' lang='lat' dir='ltr'><strong>capiatur,</strong></span> <span class='ocrx_word' id='word_1_45' title='bbox 1554 759 1650 817; x_wconf 91' lang='lat' dir='ltr'><strong>sed</strong></span> <span class='ocrx_word' id='word_1_46' title='bbox 1672 761 1876 832; x_wconf 90' lang='lat' dir='ltr'><strong>ubique</strong></span> <span class='ocrx_word' id='word_1_47' title='bbox 1905 760 1977 815; x_wconf 85' lang='lat' dir='ltr'><strong>sit</strong></span> 
     </span>
    </p>
   </div>
   <div class='ocr_carea' id='block_1_10' title="bbox 397 851 1971 927">
    <p class='ocr_par' dir='ltr' id='par_1_10' title="bbox 397 851 1971 927">
     <span class='ocr_line' id='line_1_10' title="bbox 397 851 1971 927; baseline -0.003 -17"><span class='ocrx_word' id='word_1_48' title='bbox 397 855 560 912; x_wconf 88' lang='lat' dir='ltr'><strong>Deus.</strong></span> <span class='ocrx_word' id='word_1_49' title='bbox 597 856 665 910; x_wconf 84' lang='lat' dir='ltr'><strong>Et</strong></span> <span class='ocrx_word' id='word_1_50' title='bbox 697 857 812 912; x_wconf 68' lang='lat' dir='ltr'><strong>haec</strong></span> <span class='ocrx_word' id='word_1_51' title='bbox 832 856 1053 927; x_wconf 89' lang='lat' dir='ltr'><strong>quidem</strong></span> <span class='ocrx_word' id='word_1_52' title='bbox 1078 856 1147 911; x_wconf 91' lang='lat' dir='ltr'><strong>de</strong></span> <span class='ocrx_word' id='word_1_53' title='bbox 1163 854 1435 926; x_wconf 77' lang='lat' dir='ltr'><strong>theologia</strong></span> <span class='ocrx_word' id='word_1_54' title='bbox 1462 854 1588 926; x_wconf 91' lang='lat' dir='ltr'><strong>(hoc</strong></span> <span class='ocrx_word' id='word_1_55' title='bbox 1617 861 1702 909; x_wconf 91' lang='lat' dir='ltr'><strong>est</strong></span> <span class='ocrx_word' id='word_1_56' title='bbox 1730 853 1799 909; x_wconf 90' lang='lat' dir='ltr'><strong>de</strong></span> <span class='ocrx_word' id='word_1_57' title='bbox 1823 851 1971 923; x_wconf 86' lang='lat' dir='ltr'><strong>Deo).</strong></span> 
     </span>
    </p>
   </div>
   <div class='ocr_carea' id='block_1_11' title="bbox 397 942 1977 1018">
    <p class='ocr_par' dir='ltr' id='par_1_11' title="bbox 397 942 1977 1018">
     <span class='ocr_line' id='line_1_11' title="bbox 397 942 1977 1018; baseline -0.004 -15"><span class='ocrx_word' id='word_1_58' title='bbox 397 947 556 1003; x_wconf 78' lang='lat' dir='ltr'><strong>Nunc</strong></span> <span class='ocrx_word' id='word_1_59' title='bbox 582 948 765 1004; x_wconf 85' lang='lat' dir='ltr'><strong>dicere</strong></span> <span class='ocrx_word' id='word_1_60' title='bbox 801 948 1126 1018; x_wconf 86' lang='lat' dir='ltr'><strong>incipiemus</strong></span> <span class='ocrx_word' id='word_1_61' title='bbox 1185 946 1253 1003; x_wconf 86' lang='lat' dir='ltr'><strong>de</strong></span> <span class='ocrx_word' id='word_1_62' title='bbox 1296 948 1418 1017; x_wconf 87' lang='lat' dir='ltr'><strong>ejus</strong></span> <span class='ocrx_word' id='word_1_63' title='bbox 1462 946 1790 1008; x_wconf 85' lang='lat' dir='ltr'><strong>oeconomia,</strong></span> <span class='ocrx_word' id='word_1_64' title='bbox 1826 942 1977 999; x_wconf 90' lang='lat' dir='ltr'><strong>scili-</strong></span> 
     </span>
    </p>
   </div>
   <div class='ocr_carea' id='block_1_12' title="bbox 396 1036 1566 1098">
    <p class='ocr_par' dir='ltr' id='par_1_12' title="bbox 396 1036 1566 1098">
     <span class='ocr_line' id='line_1_12' title="bbox 396 1036 1566 1098; baseline -0.006 0"><span class='ocrx_word' id='word_1_65' title='bbox 396 1050 486 1098; x_wconf 82' lang='lat' dir='ltr'><strong>cet</strong></span> <span class='ocrx_word' id='word_1_66' title='bbox 509 1041 579 1097; x_wconf 91' lang='lat' dir='ltr'><strong>de</strong></span> <span class='ocrx_word' id='word_1_67' title='bbox 609 1041 992 1097; x_wconf 87' lang='lat' dir='ltr'><strong>incarnatione</strong></span> <span class='ocrx_word' id='word_1_68' title='bbox 1021 1038 1144 1096; x_wconf 81' lang='lat' dir='ltr'><strong>Filii</strong></span> <span class='ocrx_word' id='word_1_69' title='bbox 1177 1047 1232 1095; x_wconf 89' lang='lat' dir='ltr'><strong>et</strong></span> <span class='ocrx_word' id='word_1_70' title='bbox 1254 1037 1419 1095; x_wconf 82' lang='lat' dir='ltr'><strong>Verbi</strong></span> <span class='ocrx_word' id='word_1_71' title='bbox 1450 1036 1566 1093; x_wconf 89' lang='lat' dir='ltr'><strong>Dei.</strong></span> 
     </span>
    </p>
   </div>
   <div class='ocr_carea' id='block_1_13' title="bbox 466 1130 1972 1204">
    <p class='ocr_par' dir='ltr' id='par_1_13' title="bbox 466 1130 1972 1204">
     <span class='ocr_line' id='line_1_13' title="bbox 466 1130 1972 1204; baseline -0.004 -16"><span class='ocrx_word' id='word_1_72' title='bbox 466 1132 692 1200; x_wconf 69' lang='lat' dir='ltr'><strong>Quas&#39;r.</strong></span> <span class='ocrx_word' id='word_1_73' title='bbox 723 1132 888 1189; x_wconf 67' lang='lat' dir='ltr'><strong>XVII.</strong></span> <span class='ocrx_word' id='word_1_74' title='bbox 920 1132 1065 1188; x_wconf 85' lang='lat' dir='ltr'><strong>Ecce</strong></span> <span class='ocrx_word' id='word_1_75' title='bbox 1088 1132 1447 1204; x_wconf 71' lang='lat' dir='ltr'><strong>quaestionem</strong></span> <span class='ocrx_word' id='word_1_76' title='bbox 1474 1130 1577 1185; x_wconf 86' lang='lat' dir='ltr'><strong>tibi</strong></span> <span class='ocrx_word' id='word_1_77' title='bbox 1609 1143 1879 1201; x_wconf 88' lang='lat' dir='ltr'><strong>propono,</strong></span> <span class='ocrx_word' id='word_1_78' title='bbox 1914 1137 1972 1182; x_wconf 88' lang='lat' dir='ltr'><strong>tu</strong></span> 
     </span>
    </p>
   </div>
   <div class='ocr_carea' id='block_1_14' title="bbox 394 1216 1976 1298">
    <p class='ocr_par' dir='ltr' id='par_1_14' title="bbox 394 1216 1976 1298">
     <span class='ocr_line' id='line_1_14' title="bbox 394 1216 1976 1298; baseline -0.005 -17"><span class='ocrx_word' id='word_1_79' title='bbox 394 1241 529 1281; x_wconf 85' lang='lat' dir='ltr'><strong>vero</strong></span> <span class='ocrx_word' id='word_1_80' title='bbox 556 1227 691 1281; x_wconf 90' lang='lat' dir='ltr'><strong>mihi</strong></span> <span class='ocrx_word' id='word_1_81' title='bbox 716 1225 1010 1298; x_wconf 78' lang='lat' dir='ltr'><strong>reSponde.</strong></span> <span class='ocrx_word' id='word_1_82' title='bbox 1042 1225 1290 1280; x_wconf 89' lang='lat' dir='ltr'><strong>Docuisti</strong></span> <span class='ocrx_word' id='word_1_83' title='bbox 1338 1239 1443 1279; x_wconf 91' lang='lat' dir='ltr'><strong>nos</strong></span> <span class='ocrx_word' id='word_1_84' title='bbox 1475 1224 1543 1279; x_wconf 89' lang='lat' dir='ltr'><strong>de</strong></span> <span class='ocrx_word' id='word_1_85' title='bbox 1569 1216 1761 1278; x_wconf 81' lang='lat' dir='ltr'><strong>sa&#39;ncta</strong></span> <span class='ocrx_word' id='word_1_86' title='bbox 1792 1219 1976 1275; x_wconf 80' lang='lat' dir='ltr'><strong>Trini-</strong></span> 
     </span>
    </p>
   </div>
   <div class='ocr_carea' id='block_1_15' title="bbox 397 1310 1977 1390">
    <p class='ocr_par' dir='ltr' id='par_1_15' title="bbox 397 1310 1977 1390">
     <span class='ocr_line' id='line_1_15' title="bbox 397 1310 1977 1390; baseline -0.005 -18"><span class='ocrx_word' id='word_1_87' title='bbox 397 1325 532 1385; x_wconf 83' lang='lat' dir='ltr'><strong>tate,</strong></span> <span class='ocrx_word' id='word_1_88' title='bbox 558 1319 704 1390; x_wconf 91' lang='lat' dir='ltr'><strong>quod</strong></span> <span class='ocrx_word' id='word_1_89' title='bbox 736 1319 884 1375; x_wconf 90' lang='lat' dir='ltr'><strong>Deus</strong></span> <span class='ocrx_word' id='word_1_90' title='bbox 912 1324 1129 1373; x_wconf 84' lang='lat' dir='ltr'><strong>constet</strong></span> <span class='ocrx_word' id='word_1_91' title='bbox 1159 1316 1338 1372; x_wconf 91' lang='lat' dir='ltr'><strong>tribus</strong></span> <span class='ocrx_word' id='word_1_92' title='bbox 1365 1313 1777 1387; x_wconf 88' lang='lat' dir='ltr'><strong>hypostasibus,</strong></span> <span class='ocrx_word' id='word_1_93' title='bbox 1825 1310 1977 1366; x_wconf 89' lang='lat' dir='ltr'><strong>scili-</strong></span> 
     </span>
    </p>
   </div>
   <div class='ocr_carea' id='block_1_16' title="bbox 394 1404 1975 1480">
    <p class='ocr_par' dir='ltr' id='par_1_16' title="bbox 394 1404 1975 1480">
     <span class='ocr_line' id='line_1_16' title="bbox 394 1404 1975 1480; baseline -0.004 -16"><span class='ocrx_word' id='word_1_94' title='bbox 394 1418 484 1465; x_wconf 89' lang='lat' dir='ltr'><strong>cet</strong></span> <span class='ocrx_word' id='word_1_95' title='bbox 535 1409 718 1477; x_wconf 86' lang='lat' dir='ltr'><strong>Patre,</strong></span> <span class='ocrx_word' id='word_1_96' title='bbox 747 1408 909 1474; x_wconf 73' lang='lat' dir='ltr'><strong>Filio,</strong></span> <span class='ocrx_word' id='word_1_97' title='bbox 964 1418 1019 1465; x_wconf 89' lang='lat' dir='ltr'><strong>et</strong></span> <span class='ocrx_word' id='word_1_98' title='bbox 1067 1408 1272 1480; x_wconf 88' lang='lat' dir='ltr'><strong>Spiritu</strong></span> <span class='ocrx_word' id='word_1_99' title='bbox 1323 1414 1538 1464; x_wconf 89' lang='lat' dir='ltr'><strong>sancto.</strong></span> <span class='ocrx_word' id='word_1_100' title='bbox 1590 1404 1748 1460; x_wconf 89' lang='lat' dir='ltr'><strong>Nunc</strong></span> <span class='ocrx_word' id='word_1_101' title='bbox 1793 1413 1975 1459; x_wconf 90' lang='lat' dir='ltr'><strong>autem</strong></span> 
     </span>
    </p>
   </div>
   <div class='ocr_carea' id='block_1_17' title="bbox 394 1496 1976 1573">
    <p class='ocr_par' dir='ltr' id='par_1_17' title="bbox 394 1496 1976 1573">
     <span class='ocr_line' id='line_1_17' title="bbox 394 1496 1976 1573; baseline -0.003 -15"><span class='ocrx_word' id='word_1_102' title='bbox 394 1518 584 1573; x_wconf 61' lang='lat' dir='ltr'><strong>quaero</strong></span> <span class='ocrx_word' id='word_1_103' title='bbox 630 1519 697 1560; x_wconf 82' lang='lat' dir='ltr'><strong>ex</strong></span> <span class='ocrx_word' id='word_1_104' title='bbox 728 1511 778 1559; x_wconf 91' lang='lat' dir='ltr'><strong>te</strong></span> <span class='ocrx_word' id='word_1_105' title='bbox 804 1521 816 1557; x_wconf 92' lang='lat'><strong>:</strong></span> <span class='ocrx_word' id='word_1_106' title='bbox 842 1503 1098 1559; x_wconf 87' lang='lat' dir='ltr'><strong>Christus</strong></span> <span class='ocrx_word' id='word_1_107' title='bbox 1134 1503 1226 1559; x_wconf 86' lang='lat' dir='ltr'><strong>ille</strong></span> <span class='ocrx_word' id='word_1_108' title='bbox 1253 1502 1509 1572; x_wconf 87' lang='lat' dir='ltr'><strong>quisnam</strong></span> <span class='ocrx_word' id='word_1_109' title='bbox 1543 1499 1663 1556; x_wconf 88' lang='lat' dir='ltr'><strong>est?</strong></span> <span class='ocrx_word' id='word_1_110' title='bbox 1702 1496 1819 1553; x_wconf 82' lang='lat' dir='ltr'><strong>Hoc</strong></span> <span class='ocrx_word' id='word_1_111' title='bbox 1851 1498 1976 1553; x_wconf 83' lang='lat' dir='ltr'><strong>volo</strong></span> 
     </span>
    </p>
   </div>
   <div class='ocr_carea' id='block_1_18' title="bbox 393 1590 630 1648">
    <p class='ocr_par' dir='ltr' id='par_1_18' title="bbox 393 1590 630 1648">
     <span class='ocr_line' id='line_1_18' title="bbox 393 1590 630 1648; baseline -0.004 0"><span class='ocrx_word' id='word_1_112' title='bbox 393 1590 630 1648; x_wconf 79' lang='lat' dir='ltr'><strong>edoceri.</strong></span> 
     </span>
    </p>
   </div>
   <div class='ocr_carea' id='block_1_19' title="bbox 462 1682 1974 1754">
    <p class='ocr_par' dir='ltr' id='par_1_19' title="bbox 462 1682 1974 1754">
     <span class='ocr_line' id='line_1_19' title="bbox 462 1682 1974 1754; baseline 0 -17"><span class='ocrx_word' id='word_1_113' title='bbox 462 1682 627 1740; x_wconf 75' lang='lat' dir='ltr'><strong>Besr.</strong></span> <span class='ocrx_word' id='word_1_114' title='bbox 663 1683 806 1740; x_wconf 90' lang='lat' dir='ltr'><strong>Sane</strong></span> <span class='ocrx_word' id='word_1_115' title='bbox 834 1684 1095 1741; x_wconf 84' lang='lat' dir='ltr'><strong>audiviSti</strong></span> <span class='ocrx_word' id='word_1_116' title='bbox 1124 1684 1192 1739; x_wconf 91' lang='lat' dir='ltr'><strong>de</strong></span> <span class='ocrx_word' id='word_1_117' title='bbox 1243 1693 1434 1740; x_wconf 86' lang='lat' dir='ltr'><strong>sancta</strong></span> <span class='ocrx_word' id='word_1_118' title='bbox 1488 1682 1780 1747; x_wconf 87' lang='lat' dir='ltr'><strong>Trinitate,</strong></span> <span class='ocrx_word' id='word_1_119' title='bbox 1826 1682 1974 1754; x_wconf 89' lang='lat' dir='ltr'><strong>quod</strong></span> 
     </span>
    </p>
   </div>
   <div class='ocr_carea' id='block_1_20' title="bbox 2081 472 3668 549">
    <p class='ocr_par' dir='ltr' id='par_1_20' title="bbox 2081 472 3668 549">
     <span class='ocr_line' id='line_1_20' title="bbox 2081 472 3668 549; baseline -0.006 -15"><span class='ocrx_word' id='word_1_120' title='bbox 2081 480 2204 534; x_wconf 76' lang='grc' dir='ltr'>οὐδὲ</span> <span class='ocrx_word' id='word_1_121' title='bbox 2235 480 2285 532; x_wconf 82' lang='grc' dir='ltr'>οἱ</span> <span class='ocrx_word' id='word_1_122' title='bbox 2320 478 2564 549; x_wconf 75' lang='grc' dir='ltr'>μαθηταὶ</span> <span class='ocrx_word' id='word_1_123' title='bbox 2594 477 2687 530; x_wconf 89' lang='grc' dir='ltr'><strong>τοῦ</strong></span> <span class='ocrx_word' id='word_1_124' title='bbox 2729 477 2906 546; x_wconf 83' lang='grc' dir='ltr'><strong>Λόγου</strong></span> <span class='ocrx_word' id='word_1_125' title='bbox 2950 474 3119 530; x_wconf 82' lang='grc' dir='ltr'>αὐτοῦ</span> <span class='ocrx_word' id='word_1_126' title='bbox 3149 474 3209 526; x_wconf 82' lang='grc' dir='ltr'>ὲν</span> <span class='ocrx_word' id='word_1_127' title='bbox 3246 472 3325 544; x_wconf 85' lang='grc' dir='ltr'>τῷ</span> <span class='ocrx_word' id='word_1_128' title='bbox 3356 473 3459 544; x_wconf 78' lang='grc' dir='ltr'>τῆς</span> <span class='ocrx_word' id='word_1_129' title='bbox 3495 490 3668 544; x_wconf 77' lang='grc' dir='ltr'>μετα-</span> 
     </span>
    </p>
   </div>
   <div class='ocr_carea' id='block_1_21' title="bbox 2082 561 3665 640">
    <p class='ocr_par' dir='ltr' id='par_1_21' title="bbox 2082 561 3665 640">
     <span class='ocr_line' id='line_1_21' title="bbox 2082 561 3665 640; baseline -0.004 -19"><span class='ocrx_word' id='word_1_130' title='bbox 2082 567 2424 640; x_wconf 79' lang='grc' dir='ltr'>μορφώσεως</span> <span class='ocrx_word' id='word_1_131' title='bbox 2452 566 2663 619; x_wconf 82' lang='grc' dir='ltr'>ἐκείνου</span> <span class='ocrx_word' id='word_1_132' title='bbox 2702 566 2984 637; x_wconf 76' lang='grc' dir='ltr'>ὸρει,οὐκ</span> <span class='ocrx_word' id='word_1_133' title='bbox 3026 563 3187 626; x_wconf 76' lang='grc' dir='ltr'>ἄλλος</span> <span class='ocrx_word' id='word_1_134' title='bbox 3223 561 3310 626; x_wconf 82' lang='grc' dir='ltr'><strong>τίς</strong></span> <span class='ocrx_word' id='word_1_135' title='bbox 3349 578 3480 616; x_wconf 86' lang='grc' dir='ltr'>ποτε</span> <span class='ocrx_word' id='word_1_136' title='bbox 3530 562 3665 632; x_wconf 72' lang='grc' dir='ltr'>ἡδυ-</span> 
     </span>
    </p>
   </div>
   <div class='ocr_carea' id='block_1_22' title="bbox 2078 650 3668 729">
    <p class='ocr_par' dir='ltr' id='par_1_22' title="bbox 2078 650 3668 729">
     <span class='ocr_line' id='line_1_22' title="bbox 2078 650 3668 729; baseline -0.006 -18"><span class='ocrx_word' id='word_1_137' title='bbox 2078 658 2217 729; x_wconf 88' lang='grc' dir='ltr'>νήθη</span> <span class='ocrx_word' id='word_1_138' title='bbox 2239 658 2454 727; x_wconf 88' lang='grc' dir='ltr'>γυμνὴν</span> <span class='ocrx_word' id='word_1_139' title='bbox 2483 657 2582 727; x_wconf 82' lang='grc' dir='ltr'><strong>τὴν</strong></span> <span class='ocrx_word' id='word_1_140' title='bbox 2607 656 2840 726; x_wconf 86' lang='grc' dir='ltr'>θεότητα</span> <span class='ocrx_word' id='word_1_141' title='bbox 2873 653 3147 725; x_wconf 83' lang='grc' dir='ltr'>θεωρῆσαι</span> <span class='ocrx_word' id='word_1_142' title='bbox 3165 668 3179 683; x_wconf 79' lang='grc'><em>’</em></span> <span class='ocrx_word' id='word_1_143' title='bbox 3205 650 3345 705; x_wconf 82' lang='grc' dir='ltr'>ὥστε</span> <span class='ocrx_word' id='word_1_144' title='bbox 3372 650 3561 720; x_wconf 84' lang='grc' dir='ltr'>δῆλον,</span> <span class='ocrx_word' id='word_1_145' title='bbox 3581 650 3668 705; x_wconf 76' lang='grc' dir='ltr'>ὅτι</span> 
     </span>
    </p>
   </div>
   <div class='ocr_carea' id='block_1_23' title="bbox 2080 741 3667 819">
    <p class='ocr_par' dir='ltr' id='par_1_23' title="bbox 2080 741 3667 819">
     <span class='ocr_line' id='line_1_23' title="bbox 2080 741 3667 819; baseline -0.007 -14"><span class='ocrx_word' id='word_1_146' title='bbox 2080 753 2181 805; x_wconf 78' lang='grc' dir='ltr'><strong>οὐκ</strong></span> <span class='ocrx_word' id='word_1_147' title='bbox 2219 753 2276 803; x_wconf 84' lang='grc' dir='ltr'>ὲν</span> <span class='ocrx_word' id='word_1_148' title='bbox 2311 751 2393 803; x_wconf 71' lang='grc' dir='ltr'><strong>ἑνὶ</strong></span> <span class='ocrx_word' id='word_1_149' title='bbox 2431 749 2580 819; x_wconf 81' lang='grc' dir='ltr'>τόπῳ</span> <span class='ocrx_word' id='word_1_150' title='bbox 2605 750 2886 819; x_wconf 83' lang='grc' dir='ltr'>χωρεϊται,</span> <span class='ocrx_word' id='word_1_151' title='bbox 2919 745 3055 798; x_wconf 88' lang='grc' dir='ltr'><strong>ἀλλά</strong></span> <span class='ocrx_word' id='word_1_152' title='bbox 3089 741 3364 814; x_wconf 89' lang='grc' dir='ltr'>πανταχοῦ</span> <span class='ocrx_word' id='word_1_153' title='bbox 3397 741 3667 813; x_wconf 81' lang='grc' dir='ltr'>πάρεστιν</span> 
     </span>
    </p>
   </div>
   <div class='ocr_carea' id='block_1_24' title="bbox 2079 837 3667 911">
    <p class='ocr_par' dir='ltr' id='par_1_24' title="bbox 2079 837 3667 911">
     <span class='ocr_line' id='line_1_24' title="bbox 2079 837 3667 911; baseline -0.003 -15"><span class='ocrx_word' id='word_1_154' title='bbox 2079 845 2108 896; x_wconf 89' lang='lat'><strong>6</strong></span> <span class='ocrx_word' id='word_1_155' title='bbox 2135 842 2289 905; x_wconf 89' lang='grc' dir='ltr'>Θεός.</span> <span class='ocrx_word' id='word_1_156' title='bbox 2326 841 2441 895; x_wconf 76' lang='grc' dir='ltr'><strong>Καὶ</strong></span> <span class='ocrx_word' id='word_1_157' title='bbox 2474 840 2647 894; x_wconf 89' lang='grc' dir='ltr'>ταῦτα</span> <span class='ocrx_word' id='word_1_158' title='bbox 2697 839 2797 910; x_wconf 79' lang='grc' dir='ltr'><strong>μὲν</strong></span> <span class='ocrx_word' id='word_1_159' title='bbox 2840 838 2970 911; x_wconf 70' lang='grc' dir='ltr'>περὶ.</span> <span class='ocrx_word' id='word_1_160' title='bbox 3013 837 3326 906; x_wconf 85' lang='grc' dir='ltr'>θεολογίας⁶</span> <span class='ocrx_word' id='word_1_161' title='bbox 3356 837 3564 909; x_wconf 85' lang='grc' dir='ltr'>ἁπάρτι</span> <span class='ocrx_word' id='word_1_162' title='bbox 3606 837 3667 891; x_wconf 83' lang='grc' dir='ltr'><strong>δὲ</strong></span> 
     </span>
    </p>
   </div>
   <div class='ocr_carea' id='block_1_25' title="bbox 2080 930 3669 1007">
    <p class='ocr_par' dir='ltr' id='par_1_25' title="bbox 2080 930 3669 1007">
     <span class='ocr_line' id='line_1_25' title="bbox 2080 930 3669 1007; baseline -0.003 -19"><span class='ocrx_word' id='word_1_163' title='bbox 2080 933 2358 1007; x_wconf 83' lang='grc' dir='ltr'><strong>ἀρξόμεθα</strong></span> <span class='ocrx_word' id='word_1_164' title='bbox 2398 932 2552 999; x_wconf 82' lang='grc' dir='ltr'>λέξαι</span> <span class='ocrx_word' id='word_1_165' title='bbox 2581 932 2676 986; x_wconf 81' lang='grc' dir='ltr'><strong>καὶ</strong></span> <span class='ocrx_word' id='word_1_166' title='bbox 2707 932 2837 1003; x_wconf 75' lang='grc' dir='ltr'>περὶ</span> <span class='ocrx_word' id='word_1_167' title='bbox 2867 933 2968 1003; x_wconf 80' lang='grc' dir='ltr'><strong>τῆς</strong></span> <span class='ocrx_word' id='word_1_168' title='bbox 3003 930 3341 1002; x_wconf 82' lang='grc' dir='ltr'>οἰκονομίας.</span> <span class='ocrx_word' id='word_1_169' title='bbox 3383 931 3504 1001; x_wconf 81' lang='grc' dir='ltr'>ήτοι</span> <span class='ocrx_word' id='word_1_170' title='bbox 3533 932 3669 1004; x_wconf 69' lang='grc' dir='ltr'>περὶ</span> 
     </span>
    </p>
   </div>
   <div class='ocr_carea' id='block_1_26' title="bbox 2077 1021 3485 1099">
    <p class='ocr_par' dir='ltr' id='par_1_26' title="bbox 2077 1021 3485 1099">
     <span class='ocr_line' id='line_1_26' title="bbox 2077 1021 3485 1099; baseline -0.004 -18"><span class='ocrx_word' id='word_1_171' title='bbox 2077 1028 2179 1098; x_wconf 80' lang='grc' dir='ltr'>τῆς</span> <span class='ocrx_word' id='word_1_172' title='bbox 2214 1025 2550 1099; x_wconf 84' lang='grc' dir='ltr'>σαρκώσεως</span> <span class='ocrx_word' id='word_1_173' title='bbox 2578 1023 2674 1077; x_wconf 85' lang='grc' dir='ltr'><strong>τοῦ</strong></span> <span class='ocrx_word' id='word_1_174' title='bbox 2705 1023 2837 1076; x_wconf 81' lang='grc' dir='ltr'>Υἱοῦ</span> <span class='ocrx_word' id='word_1_175' title='bbox 2868 1025 2965 1076; x_wconf 75' lang='grc' dir='ltr'><strong>καὶ</strong></span> <span class='ocrx_word' id='word_1_176' title='bbox 2996 1022 3169 1091; x_wconf 90' lang='grc' dir='ltr'>Λόγου</span> <span class='ocrx_word' id='word_1_177' title='bbox 3198 1021 3291 1075; x_wconf 87' lang='grc' dir='ltr'><strong>τοῦ</strong></span> <span class='ocrx_word' id='word_1_178' title='bbox 3325 1022 3485 1077; x_wconf 78' lang='grc' dir='ltr'>Θεοῦ.</span> 
     </span>
    </p>
   </div>
   <div class='ocr_carea' id='block_1_27' title="bbox 2163 1113 3668 1190">
    <p class='ocr_par' dir='ltr' id='par_1_27' title="bbox 2163 1113 3668 1190">
     <span class='ocr_line' id='line_1_27' title="bbox 2163 1113 3668 1190; baseline -0.005 -17"><span class='ocrx_word' id='word_1_179' title='bbox 2163 1118 2355 1190; x_wconf 86' lang='grc' dir='ltr'>Ἐρώτ.</span> <span class='ocrx_word' id='word_1_180' title='bbox 2390 1115 2477 1181; x_wconf 79' lang='grc' dir='ltr'><strong>ιζ’.</strong></span> <span class='ocrx_word' id='word_1_181' title='bbox 2525 1116 2659 1170; x_wconf 83' lang='grc' dir='ltr'>Ἰδοὺ</span> <span class='ocrx_word' id='word_1_182' title='bbox 2707 1114 2973 1187; x_wconf 72' lang='grc' dir='ltr'>ἐρώτημά</span> <span class='ocrx_word' id='word_1_183' title='bbox 3004 1130 3086 1166; x_wconf 90' lang='grc' dir='ltr'><strong>σοι</strong></span> <span class='ocrx_word' id='word_1_184' title='bbox 3128 1113 3338 1184; x_wconf 74' lang='grc' dir='ltr'>ἐρωτῶ,</span> <span class='ocrx_word' id='word_1_185' title='bbox 3373 1113 3439 1165; x_wconf 78' lang='grc' dir='ltr'>σὺ</span> <span class='ocrx_word' id='word_1_186' title='bbox 3485 1113 3668 1183; x_wconf 71' lang='grc' dir='ltr'>δέ’μσι</span> 
     </span>
    </p>
   </div>
   <div class='ocr_carea' id='block_1_28' title="bbox 2078 1206 3664 1284">
    <p class='ocr_par' dir='ltr' id='par_1_28' title="bbox 2078 1206 3664 1284">
     <span class='ocr_line' id='line_1_28' title="bbox 2078 1206 3664 1284; baseline -0.007 -16"><span class='ocrx_word' id='word_1_187' title='bbox 2078 1212 2430 1284; x_wconf 87' lang='grc' dir='ltr'>ἀποκρίθητι.</span> <span class='ocrx_word' id='word_1_188' title='bbox 2467 1208 2744 1276; x_wconf 85' lang='grc' dir='ltr'>Ἐδίδαξας</span> <span class='ocrx_word' id='word_1_189' title='bbox 2771 1211 2902 1280; x_wconf 78' lang='grc' dir='ltr'>ἡμῖν</span> <span class='ocrx_word' id='word_1_190' title='bbox 2931 1207 3185 1280; x_wconf 72' lang='grc' dir='ltr'>περὶτῆς</span> <span class='ocrx_word' id='word_1_191' title='bbox 3215 1206 3380 1276; x_wconf 84' lang='grc' dir='ltr'>ἁγίας</span> <span class='ocrx_word' id='word_1_192' title='bbox 3410 1206 3664 1279; x_wconf 84' lang='grc' dir='ltr'>Τριάδος,</span> 
     </span>
    </p>
   </div>
   <div class='ocr_carea' id='block_1_29' title="bbox 2077 1298 3663 1377">
    <p class='ocr_par' dir='ltr' id='par_1_29' title="bbox 2077 1298 3663 1377">
     <span class='ocr_line' id='line_1_29' title="bbox 2077 1298 3663 1377; baseline -0.004 -19"><span class='ocrx_word' id='word_1_193' title='bbox 2077 1307 2159 1359; x_wconf 82' lang='grc' dir='ltr'><strong>ὅτι</strong></span> <span class='ocrx_word' id='word_1_194' title='bbox 2196 1307 2225 1357; x_wconf 97' lang='lat'><strong>6</strong></span> <span class='ocrx_word' id='word_1_195' title='bbox 2257 1304 2390 1368; x_wconf 86' lang='grc' dir='ltr'>Θεὸς</span> <span class='ocrx_word' id='word_1_196' title='bbox 2429 1303 2859 1377; x_wconf 86' lang='grc' dir='ltr'>τρισυπόστατος</span> <span class='ocrx_word' id='word_1_197' title='bbox 2888 1300 2989 1363; x_wconf 77' lang='grc' dir='ltr'>ἔνι,</span> <span class='ocrx_word' id='word_1_198' title='bbox 3015 1301 3113 1355; x_wconf 73' lang='grc' dir='ltr'><strong>καὶ</strong></span> <span class='ocrx_word' id='word_1_199' title='bbox 3143 1301 3224 1354; x_wconf 82' lang='grc' dir='ltr'><strong>ὅτι</strong></span> <span class='ocrx_word' id='word_1_200' title='bbox 3258 1300 3470 1372; x_wconf 79' lang='grc' dir='ltr'>Πατὴρ,</span> <span class='ocrx_word' id='word_1_201' title='bbox 3511 1298 3663 1363; x_wconf 87' lang='grc' dir='ltr'>Υίὸς,</span> 
     </span>
    </p>
   </div>
   <div class='ocr_carea' id='block_1_30' title="bbox 2078 1384 3673 1467">
    <p class='ocr_par' dir='ltr' id='par_1_30' title="bbox 2078 1384 3673 1467">
     <span class='ocr_line' id='line_1_30' title="bbox 2078 1384 3673 1467; baseline -0.004 -17"><span class='ocrx_word' id='word_1_202' title='bbox 2078 1399 2175 1451; x_wconf 77' lang='grc' dir='ltr'>καὶ</span> <span class='ocrx_word' id='word_1_203' title='bbox 2198 1396 2426 1467; x_wconf 83' lang='grc' dir='ltr'>Πνεῦμα</span> <span class='ocrx_word' id='word_1_204' title='bbox 2448 1396 2624 1465; x_wconf 84' lang='grc' dir='ltr'>ἆγιον.</span> <span class='ocrx_word' id='word_1_205' title='bbox 2652 1394 2766 1448; x_wconf 88' lang='grc' dir='ltr'>Νῦν</span> <span class='ocrx_word' id='word_1_206' title='bbox 2795 1394 2852 1448; x_wconf 81' lang='grc' dir='ltr'><strong>δὲ</strong></span> <span class='ocrx_word' id='word_1_207' title='bbox 2874 1392 3063 1466; x_wconf 69' lang='grc' dir='ltr'>ἐρωτῶ</span> <span class='ocrx_word' id='word_1_208' title='bbox 3093 1408 3173 1445; x_wconf 87' lang='grc' dir='ltr'>σε·</span> <span class='ocrx_word' id='word_1_209' title='bbox 3193 1384 3410 1455; x_wconf 73' lang='grc' dir='ltr'>Οὗτοςὸ</span> <span class='ocrx_word' id='word_1_210' title='bbox 3427 1389 3673 1463; x_wconf 73' lang='grc' dir='ltr'>Χριστὸς</span> 
     </span>
    </p>
   </div>
   <div class='ocr_carea' id='block_1_31' title="bbox 2077 1483 3138 1559">
    <p class='ocr_par' dir='ltr' id='par_1_31' title="bbox 2077 1483 3138 1559">
     <span class='ocr_line' id='line_1_31' title="bbox 2077 1483 3138 1559; baseline -0.006 -17"><span class='ocrx_word' id='word_1_211' title='bbox 2077 1489 2164 1553; x_wconf 89' lang='grc' dir='ltr'><strong>τίς</strong></span> <span class='ocrx_word' id='word_1_212' title='bbox 2197 1490 2348 1554; x_wconf 58' lang='lat' dir='ltr'><strong>sort;</strong></span> <span class='ocrx_word' id='word_1_213' title='bbox 2378 1488 2515 1559; x_wconf 71' lang='grc' dir='ltr'>Περὶ</span> <span class='ocrx_word' id='word_1_214' title='bbox 2541 1486 2732 1540; x_wconf 85' lang='grc' dir='ltr'>τούτου</span> <span class='ocrx_word' id='word_1_215' title='bbox 2758 1485 2898 1540; x_wconf 87' lang='grc' dir='ltr'>θέλω</span> <span class='ocrx_word' id='word_1_216' title='bbox 2926 1483 3138 1556; x_wconf 86' lang='grc' dir='ltr'>μαθεῖν.</span> 
     </span>
    </p>
   </div>
   <div class='ocr_carea' id='block_1_32' title="bbox 2160 1664 3663 1743">
    <p class='ocr_par' dir='ltr' id='par_1_32' title="bbox 2160 1664 3663 1743">
     <span class='ocr_line' id='line_1_32' title="bbox 2160 1664 3663 1743; baseline -0.007 -14"><span class='ocrx_word' id='word_1_217' title='bbox 2160 1675 2354 1729; x_wconf 80' lang='grc' dir='ltr'>Ἀπόκ.</span> <span class='ocrx_word' id='word_1_218' title='bbox 2380 1673 2609 1737; x_wconf 78' lang='grc' dir='ltr'><strong>Πάντως</strong></span> <span class='ocrx_word' id='word_1_219' title='bbox 2651 1674 2893 1743; x_wconf 75' lang='grc' dir='ltr'>ἤκουσας</span> <span class='ocrx_word' id='word_1_220' title='bbox 2922 1669 3054 1743; x_wconf 77' lang='grc' dir='ltr'>περὶ</span> <span class='ocrx_word' id='word_1_221' title='bbox 3079 1669 3178 1740; x_wconf 81' lang='grc' dir='ltr'>τῆς</span> <span class='ocrx_word' id='word_1_222' title='bbox 3219 1666 3380 1737; x_wconf 84' lang='grc' dir='ltr'>ἁγίας</span> <span class='ocrx_word' id='word_1_223' title='bbox 3407 1664 3663 1738; x_wconf 60' lang='lat' dir='ltr'><strong>max,</strong></span> 
     </span>
    </p>
   </div>
   <div class='ocr_carea' id='block_1_33' title="bbox 394 1757 1977 1848">
    <p class='ocr_par' dir='ltr' id='par_1_33' title="bbox 394 1774 1971 1848">
     <span class='ocr_line' id='line_1_33' title="bbox 394 1774 1971 1848; baseline 0 -17"><span class='ocrx_word' id='word_1_224' title='bbox 394 1792 503 1832; x_wconf 92' lang='lat' dir='ltr'><strong>una</strong></span> <span class='ocrx_word' id='word_1_225' title='bbox 534 1792 770 1848; x_wconf 88' lang='lat' dir='ltr'><strong>persona</strong></span> <span class='ocrx_word' id='word_1_226' title='bbox 795 1777 1013 1832; x_wconf 87' lang='lat' dir='ltr'><strong>dicatur</strong></span> <span class='ocrx_word' id='word_1_227' title='bbox 1035 1776 1219 1841; x_wconf 87' lang='lat' dir='ltr'><strong>Pater,</strong></span> <span class='ocrx_word' id='word_1_228' title='bbox 1255 1784 1310 1831; x_wconf 88' lang='lat' dir='ltr'><strong>et</strong></span> <span class='ocrx_word' id='word_1_229' title='bbox 1352 1776 1522 1831; x_wconf 84' lang='lat' dir='ltr'><strong>altera</strong></span> <span class='ocrx_word' id='word_1_230' title='bbox 1552 1774 1750 1841; x_wconf 86' lang='lat' dir='ltr'><strong>Filius,</strong></span> <span class='ocrx_word' id='word_1_231' title='bbox 1783 1783 1837 1831; x_wconf 86' lang='lat' dir='ltr'><strong>et</strong></span> <span class='ocrx_word' id='word_1_232' title='bbox 1865 1776 1971 1831; x_wconf 87' lang='lat' dir='ltr'><strong>alia</strong></span> 
     </span>
    </p>
   </div>
   <div class='ocr_carea' id='block_1_34' title="bbox 2087 1757 3663 1848">
    <p class='ocr_par' dir='ltr' id='par_1_34' title="bbox 2087 1757 3663 1848">
     <span class='ocr_line' id='line_1_34' title="bbox 2087 1757 3663 1848; baseline -0.008 -26"><span class='ocrx_word' id='word_1_233' title='bbox 2087 1770 2159 1822; x_wconf 69' lang='grc' dir='ltr'><strong>ὅτι</strong></span> <span class='ocrx_word' id='word_1_234' title='bbox 2184 1767 2243 1821; x_wconf 86' lang='grc' dir='ltr'>ἒν</span> <span class='ocrx_word' id='word_1_235' title='bbox 2281 1767 2576 1839; x_wconf 87' lang='grc' dir='ltr'>πρόσωπον</span> <span class='ocrx_word' id='word_1_236' title='bbox 2606 1764 2854 1818; x_wconf 88' lang='grc' dir='ltr'>καλεῖται</span> <span class='ocrx_word' id='word_1_237' title='bbox 2875 1765 3088 1836; x_wconf 80' lang='grc' dir='ltr'>Πατὴρ,</span> <span class='ocrx_word' id='word_1_238' title='bbox 3117 1761 3180 1815; x_wconf 87' lang='grc' dir='ltr'><strong>τὸ</strong></span> <span class='ocrx_word' id='word_1_239' title='bbox 3206 1760 3265 1813; x_wconf 84' lang='grc' dir='ltr'><strong>δὲ</strong></span> <span class='ocrx_word' id='word_1_240' title='bbox 3296 1759 3483 1831; x_wconf 72' lang='grc' dir='ltr'>ἕτερον</span> <span class='ocrx_word' id='word_1_241' title='bbox 3510 1757 3663 1848; x_wconf 85' lang='grc' dir='ltr'>Υἱὸς,</span> 
     </span>
    </p>
   </div>
   <div class='ocr_carea' id='block_1_35' title="bbox 394 1868 1971 1941">
    <p class='ocr_par' dir='ltr' id='par_1_35' title="bbox 394 1868 1971 1941">
     <span class='ocr_line' id='line_1_35' title="bbox 394 1868 1971 1941; baseline -0.001 -16"><span class='ocrx_word' id='word_1_242' title='bbox 394 1884 631 1941; x_wconf 85' lang='lat' dir='ltr'><strong>persona</strong></span> <span class='ocrx_word' id='word_1_243' title='bbox 661 1868 898 1940; x_wconf 89' lang='lat' dir='ltr'><strong>Spiritus</strong></span> <span class='ocrx_word' id='word_1_244' title='bbox 928 1877 1176 1925; x_wconf 91' lang='lat' dir='ltr'><strong>sanctus.</strong></span> <span class='ocrx_word' id='word_1_245' title='bbox 1215 1868 1482 1938; x_wconf 90' lang='lat' dir='ltr'><strong>Eccejam</strong></span> <span class='ocrx_word' id='word_1_246' title='bbox 1504 1883 1798 1938; x_wconf 84' lang='lat' dir='ltr'><strong>cognosce,</strong></span> <span class='ocrx_word' id='word_1_247' title='bbox 1822 1869 1971 1939; x_wconf 91' lang='lat' dir='ltr'><strong>quod</strong></span> 
     </span>
    </p>
   </div>
   <div class='ocr_carea' id='block_1_36' title="bbox 394 1959 1974 2017">
    <p class='ocr_par' dir='ltr' id='par_1_36' title="bbox 394 1959 1974 2017">
     <span class='ocr_line' id='line_1_36' title="bbox 394 1959 1974 2017; baseline -0.001 -1"><span class='ocrx_word' id='word_1_248' title='bbox 394 1961 486 2017; x_wconf 89' lang='lat' dir='ltr'><strong>hie</strong></span> <span class='ocrx_word' id='word_1_249' title='bbox 515 1959 689 2017; x_wconf 85' lang='lat' dir='ltr'><strong>Filius</strong></span> <span class='ocrx_word' id='word_1_250' title='bbox 721 1967 777 2016; x_wconf 90' lang='lat' dir='ltr'><strong>et</strong></span> <span class='ocrx_word' id='word_1_251' title='bbox 802 1959 1042 2017; x_wconf 80' lang='lat' dir='ltr'><strong>Verbum</strong></span> <span class='ocrx_word' id='word_1_252' title='bbox 1077 1960 1173 2015; x_wconf 87' lang='lat' dir='ltr'><strong>Dei</strong></span> <span class='ocrx_word' id='word_1_253' title='bbox 1226 1968 1280 2016; x_wconf 89' lang='lat' dir='ltr'><strong>et</strong></span> <span class='ocrx_word' id='word_1_254' title='bbox 1337 1959 1519 2016; x_wconf 89' lang='lat' dir='ltr'><strong>Patris</strong></span> <span class='ocrx_word' id='word_1_255' title='bbox 1568 1960 1808 2015; x_wconf 87' lang='lat' dir='ltr'><strong>induerit</strong></span> <span class='ocrx_word' id='word_1_256' title='bbox 1847 1976 1974 2015; x_wconf 89' lang='lat' dir='ltr'><strong>car-</strong></span> 
     </span>
    </p>
   </div>
   <div class='ocr_carea' id='block_1_37' title="bbox 393 2051 1975 2122">
    <p class='ocr_par' dir='ltr' id='par_1_37' title="bbox 393 2051 1975 2122">
     <span class='ocr_line' id='line_1_37' title="bbox 393 2051 1975 2122; baseline -0.002 -14"><span class='ocrx_word' id='word_1_257' title='bbox 393 2068 520 2108; x_wconf 87' lang='lat' dir='ltr'><strong>nem</strong></span> <span class='ocrx_word' id='word_1_258' title='bbox 551 2052 817 2120; x_wconf 82' lang='lat' dir='ltr'><strong>hominis,</strong></span> <span class='ocrx_word' id='word_1_259' title='bbox 846 2059 901 2108; x_wconf 91' lang='lat' dir='ltr'><strong>et</strong></span> <span class='ocrx_word' id='word_1_260' title='bbox 927 2051 1281 2109; x_wconf 88' lang='lat' dir='ltr'><strong>inambularit</strong></span> <span class='ocrx_word' id='word_1_261' title='bbox 1311 2060 1371 2106; x_wconf 94' lang='lat' dir='ltr'><strong>ut</strong></span> <span class='ocrx_word' id='word_1_262' title='bbox 1398 2052 1561 2106; x_wconf 90' lang='lat' dir='ltr'><strong>homo</strong></span> <span class='ocrx_word' id='word_1_263' title='bbox 1582 2051 1638 2105; x_wconf 90' lang='lat' dir='ltr'><strong>in</strong></span> <span class='ocrx_word' id='word_1_264' title='bbox 1663 2058 1828 2106; x_wconf 89' lang='lat' dir='ltr'><strong>terra.</strong></span> <span class='ocrx_word' id='word_1_265' title='bbox 1857 2051 1975 2122; x_wconf 80' lang='lat' dir='ltr'><strong>Ap-</strong></span> 
     </span>
    </p>
   </div>
   <div class='ocr_carea' id='block_1_38' title="bbox 393 2143 1974 2218">
    <p class='ocr_par' dir='ltr' id='par_1_38' title="bbox 393 2143 1974 2218">
     <span class='ocr_line' id='line_1_38' title="bbox 393 2143 1974 2218; baseline -0.002 -17"><span class='ocrx_word' id='word_1_266' title='bbox 393 2145 628 2218; x_wconf 81' lang='lat' dir='ltr'><strong>peilatus</strong></span> <span class='ocrx_word' id='word_1_267' title='bbox 653 2144 822 2217; x_wconf 78' lang='lat' dir='ltr'><strong>igitur</strong></span> <span class='ocrx_word' id='word_1_268' title='bbox 859 2143 1116 2202; x_wconf 82' lang='lat' dir='ltr'><strong>Christus</strong></span> <span class='ocrx_word' id='word_1_269' title='bbox 1171 2152 1279 2209; x_wconf 87' lang='lat' dir='ltr'><strong>est,</strong></span> <span class='ocrx_word' id='word_1_270' title='bbox 1309 2145 1455 2215; x_wconf 90' lang='lat' dir='ltr'><strong>quod</strong></span> <span class='ocrx_word' id='word_1_271' title='bbox 1516 2153 1715 2199; x_wconf 90' lang='lat' dir='ltr'><strong>unctus</strong></span> <span class='ocrx_word' id='word_1_272' title='bbox 1768 2145 1860 2211; x_wconf 89' lang='lat' dir='ltr'><strong>sit,</strong></span> <span class='ocrx_word' id='word_1_273' title='bbox 1891 2145 1974 2198; x_wconf 90' lang='lat' dir='ltr'><strong>vel</strong></span> 
     </span>
    </p>
   </div>
   <div class='ocr_carea' id='block_1_39' title="bbox 392 2235 1975 2307">
    <p class='ocr_par' dir='ltr' id='par_1_39' title="bbox 392 2235 1975 2307">
     <span class='ocr_line' id='line_1_39' title="bbox 392 2235 1975 2307; baseline 0 -17"><span class='ocrx_word' id='word_1_274' title='bbox 392 2244 544 2292; x_wconf 89' lang='lat' dir='ltr'><strong>certe</strong></span> <span class='ocrx_word' id='word_1_275' title='bbox 587 2235 949 2306; x_wconf 88' lang='lat' dir='ltr'><strong>assumpserit</strong></span> <span class='ocrx_word' id='word_1_276' title='bbox 1001 2251 1222 2292; x_wconf 86' lang='lat' dir='ltr'><strong>carnem</strong></span> <span class='ocrx_word' id='word_1_277' title='bbox 1271 2236 1529 2291; x_wconf 85' lang='lat' dir='ltr'><strong>hominis.</strong></span> <span class='ocrx_word' id='word_1_278' title='bbox 1578 2235 1643 2290; x_wconf 87' lang='lat' dir='ltr'><strong>Et</strong></span> <span class='ocrx_word' id='word_1_279' title='bbox 1684 2243 1975 2307; x_wconf 87' lang='lat' dir='ltr'><strong>propterea</strong></span> 
     </span>
    </p>
   </div>
   <div class='ocr_carea' id='block_1_40' title="bbox 391 2326 1975 2393">
    <p class='ocr_par' dir='ltr' id='par_1_40' title="bbox 391 2326 1975 2393">
     <span class='ocr_line' id='line_1_40' title="bbox 391 2326 1975 2393; baseline 0 -11"><span class='ocrx_word' id='word_1_280' title='bbox 391 2327 596 2382; x_wconf 90' lang='lat' dir='ltr'><strong>dicitur</strong></span> <span class='ocrx_word' id='word_1_281' title='bbox 616 2326 937 2384; x_wconf 86' lang='lat' dir='ltr'><strong>incarnatus</strong></span> <span class='ocrx_word' id='word_1_282' title='bbox 990 2326 1135 2384; x_wconf 92' lang='lat' dir='ltr'><strong>Deus</strong></span> <span class='ocrx_word' id='word_1_283' title='bbox 1164 2336 1219 2383; x_wconf 91' lang='lat' dir='ltr'><strong>et</strong></span> <span class='ocrx_word' id='word_1_284' title='bbox 1263 2328 1539 2393; x_wconf 86' lang='lat' dir='ltr'><strong>Christus,</strong></span> <span class='ocrx_word' id='word_1_285' title='bbox 1567 2327 1737 2384; x_wconf 81' lang='lat' dir='ltr'><strong>Filius</strong></span> <span class='ocrx_word' id='word_1_286' title='bbox 1761 2336 1815 2384; x_wconf 92' lang='lat' dir='ltr'><strong>et</strong></span> <span class='ocrx_word' id='word_1_287' title='bbox 1840 2328 1975 2385; x_wconf 87' lang='lat' dir='ltr'><strong>Ver-</strong></span> 
     </span>
    </p>
   </div>
   <div class='ocr_carea' id='block_1_41' title="bbox 389 2417 1974 2492">
    <p class='ocr_par' dir='ltr' id='par_1_41' title="bbox 389 2417 1974 2492">
     <span class='ocr_line' id='line_1_41' title="bbox 389 2417 1974 2492; baseline 0.003 -18"><span class='ocrx_word' id='word_1_288' title='bbox 389 2418 521 2474; x_wconf 85' lang='lat' dir='ltr'><strong>bum</strong></span> <span class='ocrx_word' id='word_1_289' title='bbox 578 2417 697 2476; x_wconf 90' lang='lat' dir='ltr'><strong>Dei.</strong></span> <span class='ocrx_word' id='word_1_290' title='bbox 728 2430 783 2475; x_wconf 89' lang='lat' dir='ltr'><strong>et</strong></span> <span class='ocrx_word' id='word_1_291' title='bbox 821 2417 990 2486; x_wconf 92' lang='lat' dir='ltr'><strong>Deus,</strong></span> <span class='ocrx_word' id='word_1_292' title='bbox 1037 2420 1185 2491; x_wconf 91' lang='lat' dir='ltr'><strong>quod</strong></span> <span class='ocrx_word' id='word_1_293' title='bbox 1247 2422 1545 2492; x_wconf 79' lang='lat' dir='ltr'><strong>gestaverit</strong></span> <span class='ocrx_word' id='word_1_294' title='bbox 1584 2420 1818 2477; x_wconf 79' lang='lat' dir='ltr'><strong>formam</strong></span> <span class='ocrx_word' id='word_1_295' title='bbox 1870 2423 1974 2479; x_wconf 88' lang='lat' dir='ltr'><strong>ho-</strong></span> 
     </span>
    </p>
   </div>
   <div class='ocr_carea' id='block_1_42' title="bbox 387 2507 575 2567">
    <p class='ocr_par' dir='ltr' id='par_1_42' title="bbox 387 2507 575 2567">
     <span class='ocr_line' id='line_1_42' title="bbox 387 2507 575 2567; baseline 0.011 -5"><span class='ocrx_word' id='word_1_296' title='bbox 387 2507 575 2567; x_wconf 69' lang='lat' dir='ltr'><strong>minis.</strong></span> 
     </span>
    </p>
   </div>
   <div class='ocr_carea' id='block_1_43' title="bbox 462 2598 1973 2673">
    <p class='ocr_par' dir='ltr' id='par_1_43' title="bbox 462 2598 1973 2673">
     <span class='ocr_line' id='line_1_43' title="bbox 462 2598 1973 2673; baseline 0.001 -18"><span class='ocrx_word' id='word_1_297' title='bbox 462 2599 685 2668; x_wconf 56' lang='lat' dir='ltr'><strong>Qumsr.</strong></span> <span class='ocrx_word' id='word_1_298' title='bbox 712 2598 899 2657; x_wconf 79' lang='lat' dir='ltr'><strong>XVIII.</strong></span> <span class='ocrx_word' id='word_1_299' title='bbox 925 2600 1098 2668; x_wconf 87' lang='lat' dir='ltr'><strong>Quam</strong></span> <span class='ocrx_word' id='word_1_300' title='bbox 1146 2602 1417 2657; x_wconf 88' lang='lat' dir='ltr'><strong>rationem</strong></span> <span class='ocrx_word' id='word_1_301' title='bbox 1450 2611 1545 2657; x_wconf 88' lang='lat' dir='ltr'><strong>aut</strong></span> <span class='ocrx_word' id='word_1_302' title='bbox 1571 2617 1735 2673; x_wconf 89' lang='lat' dir='ltr'><strong>quam</strong></span> <span class='ocrx_word' id='word_1_303' title='bbox 1764 2603 1973 2657; x_wconf 88' lang='lat' dir='ltr'><strong>utilita-</strong></span> 
     </span>
    </p>
   </div>
   <div class='ocr_carea' id='block_1_44' title="bbox 391 2690 1970 2763">
    <p class='ocr_par' dir='ltr' id='par_1_44' title="bbox 391 2690 1970 2763">
     <span class='ocr_line' id='line_1_44' title="bbox 391 2690 1970 2763; baseline 0.001 -18"><span class='ocrx_word' id='word_1_304' title='bbox 391 2700 501 2746; x_wconf 89' lang='lat' dir='ltr'><strong>tem</strong></span> <span class='ocrx_word' id='word_1_305' title='bbox 534 2691 939 2763; x_wconf 84' lang='lat' dir='ltr'><strong>proposuitsibi</strong></span> <span class='ocrx_word' id='word_1_306' title='bbox 975 2691 1149 2757; x_wconf 69' lang='lat' dir='ltr'><strong>Deus,</strong></span> <span class='ocrx_word' id='word_1_307' title='bbox 1174 2707 1272 2747; x_wconf 88' lang='lat' dir='ltr'><strong>seu</strong></span> <span class='ocrx_word' id='word_1_308' title='bbox 1296 2691 1471 2747; x_wconf 87' lang='lat' dir='ltr'><strong>Filius</strong></span> <span class='ocrx_word' id='word_1_309' title='bbox 1499 2701 1554 2748; x_wconf 91' lang='lat' dir='ltr'><strong>et</strong></span> <span class='ocrx_word' id='word_1_310' title='bbox 1577 2691 1817 2748; x_wconf 82' lang='lat' dir='ltr'><strong>Verbum</strong></span> <span class='ocrx_word' id='word_1_311' title='bbox 1851 2690 1970 2757; x_wconf 91' lang='lat' dir='ltr'><strong>Dei,</strong></span> 
     </span>
    </p>
   </div>
   <div class='ocr_carea' id='block_1_45' title="bbox 389 2783 1973 2850">
    <p class='ocr_par' dir='ltr' id='par_1_45' title="bbox 389 2783 1973 2850">
     <span class='ocr_line' id='line_1_45' title="bbox 389 2783 1973 2850; baseline 0.001 -13"><span class='ocrx_word' id='word_1_312' title='bbox 389 2791 454 2837; x_wconf 91' lang='lat' dir='ltr'><strong>ut</strong></span> <span class='ocrx_word' id='word_1_313' title='bbox 497 2784 817 2840; x_wconf 88' lang='lat' dir='ltr'><strong>incarnatus</strong></span> <span class='ocrx_word' id='word_1_314' title='bbox 871 2783 963 2850; x_wconf 86' lang='lat' dir='ltr'><strong>sit,</strong></span> <span class='ocrx_word' id='word_1_315' title='bbox 1008 2791 1064 2840; x_wconf 90' lang='lat' dir='ltr'><strong>et</strong></span> <span class='ocrx_word' id='word_1_316' title='bbox 1108 2791 1175 2839; x_wconf 81' lang='lat' dir='ltr'><strong>ut</strong></span> <span class='ocrx_word' id='word_1_317' title='bbox 1211 2784 1379 2840; x_wconf 86' lang='lat' dir='ltr'><strong>homo</strong></span> <span class='ocrx_word' id='word_1_318' title='bbox 1439 2785 1860 2840; x_wconf 81' lang='lat' dir='ltr'><strong>inambulaverit</strong></span> <span class='ocrx_word' id='word_1_319' title='bbox 1917 2785 1973 2839; x_wconf 92' lang='lat' dir='ltr'><strong>in</strong></span> 
     </span>
    </p>
   </div>
   <div class='ocr_carea' id='block_1_46' title="bbox 392 2877 578 2933">
    <p class='ocr_par' dir='ltr' id='par_1_46' title="bbox 392 2877 578 2933">
     <span class='ocr_line' id='line_1_46' title="bbox 392 2877 578 2933; baseline -0.005 -2"><span class='ocrx_word' id='word_1_320' title='bbox 392 2888 536 2933; x_wconf 87' lang='lat' dir='ltr'><strong>terra</strong></span> <span class='ocrx_word' id='word_1_321' title='bbox 554 2877 578 2930; x_wconf 84' lang='lat'><strong>?</strong></span> 
     </span>
    </p>
   </div>
   <div class='ocr_carea' id='block_1_47' title="bbox 461 2967 1971 3039">
    <p class='ocr_par' dir='ltr' id='par_1_47' title="bbox 461 2967 1971 3039">
     <span class='ocr_line' id='line_1_47' title="bbox 461 2967 1971 3039; baseline 0.001 -16"><span class='ocrx_word' id='word_1_322' title='bbox 461 2967 627 3025; x_wconf 75' lang='lat' dir='ltr'><strong>RESP.</strong></span> <span class='ocrx_word' id='word_1_323' title='bbox 660 2968 805 3025; x_wconf 89' lang='lat' dir='ltr'><strong>Deus</strong></span> <span class='ocrx_word' id='word_1_324' title='bbox 827 2968 965 3023; x_wconf 90' lang='lat' dir='ltr'><strong>nihil</strong></span> <span class='ocrx_word' id='word_1_325' title='bbox 1015 2983 1156 3039; x_wconf 91' lang='lat' dir='ltr'><strong>opus</strong></span> <span class='ocrx_word' id='word_1_326' title='bbox 1184 2967 1378 3024; x_wconf 87' lang='lat' dir='ltr'><strong>habuit</strong></span> <span class='ocrx_word' id='word_1_327' title='bbox 1430 2968 1830 3035; x_wconf 87' lang='lat' dir='ltr'><strong>incarnatione,</strong></span> <span class='ocrx_word' id='word_1_328' title='bbox 1874 2969 1971 3024; x_wconf 88' lang='lat' dir='ltr'><strong>sed</strong></span> 
     </span>
    </p>
   </div>
   <div class='ocr_carea' id='block_1_48' title="bbox 392 3062 1970 3134">
    <p class='ocr_par' dir='ltr' id='par_1_48' title="bbox 392 3062 1970 3134">
     <span class='ocr_line' id='line_1_48' title="bbox 392 3062 1970 3134; baseline -0.003 -15"><span class='ocrx_word' id='word_1_329' title='bbox 392 3064 638 3120; x_wconf 89' lang='lat' dir='ltr'><strong>humana</strong></span> <span class='ocrx_word' id='word_1_330' title='bbox 692 3069 891 3117; x_wconf 86' lang='lat' dir='ltr'><strong>natura</strong></span> <span class='ocrx_word' id='word_1_331' title='bbox 951 3062 1233 3133; x_wconf 82' lang='lat' dir='ltr'><strong>indigebat</strong></span> <span class='ocrx_word' id='word_1_332' title='bbox 1305 3062 1615 3117; x_wconf 86' lang='lat' dir='ltr'><strong>sanatione.</strong></span> <span class='ocrx_word' id='word_1_333' title='bbox 1671 3062 1970 3134; x_wconf 84' lang='lat' dir='ltr'><strong>Postquam</strong></span> 
     </span>
    </p>
   </div>
   <div class='ocr_carea' id='block_1_49' title="bbox 2079 1847 3666 1927">
    <p class='ocr_par' dir='ltr' id='par_1_49' title="bbox 2079 1847 3666 1927">
     <span class='ocr_line' id='line_1_49' title="bbox 2079 1847 3666 1927; baseline -0.008 -16"><span class='ocrx_word' id='word_1_334' title='bbox 2079 1858 2174 1911; x_wconf 72' lang='grc' dir='ltr'><strong>καὶ</strong></span> <span class='ocrx_word' id='word_1_335' title='bbox 2200 1856 2262 1910; x_wconf 86' lang='grc' dir='ltr'><strong>τὸ</strong></span> <span class='ocrx_word' id='word_1_336' title='bbox 2291 1856 2420 1912; x_wconf 81' lang='grc' dir='ltr'>ἀλλο</span> <span class='ocrx_word' id='word_1_337' title='bbox 2464 1855 2758 1927; x_wconf 86' lang='grc' dir='ltr'>πρόσωπον</span> <span class='ocrx_word' id='word_1_338' title='bbox 2785 1855 3005 1922; x_wconf 84' lang='grc' dir='ltr'>λέγεται</span> <span class='ocrx_word' id='word_1_339' title='bbox 3040 1851 3268 1921; x_wconf 80' lang='grc' dir='ltr'>Πνεῦμα</span> <span class='ocrx_word' id='word_1_340' title='bbox 3310 1849 3486 1918; x_wconf 84' lang='grc' dir='ltr'>ἆγιον.</span> <span class='ocrx_word' id='word_1_341' title='bbox 3527 1847 3666 1901; x_wconf 78' lang='grc' dir='ltr'>Ἰδοὺ</span> 
     </span>
    </p>
   </div>
   <div class='ocr_carea' id='block_1_50' title="bbox 2074 1937 3663 2017">
    <p class='ocr_par' dir='ltr' id='par_1_50' title="bbox 2074 1937 3663 2017">
     <span class='ocr_line' id='line_1_50' title="bbox 2074 1937 3663 2017; baseline -0.006 -17"><span class='ocrx_word' id='word_1_342' title='bbox 2074 1947 2261 2002; x_wconf 86' lang='grc' dir='ltr'>λοιπὸν</span> <span class='ocrx_word' id='word_1_343' title='bbox 2291 1948 2548 2017; x_wconf 81' lang='grc' dir='ltr'>γίνωσκε,</span> <span class='ocrx_word' id='word_1_344' title='bbox 2572 1947 2656 2000; x_wconf 83' lang='grc' dir='ltr'>ὅτι</span> <span class='ocrx_word' id='word_1_345' title='bbox 2687 1939 2843 2009; x_wconf 73' lang='grc' dir='ltr'>οὗτος</span> <span class='ocrx_word' id='word_1_346' title='bbox 2867 1947 2896 1999; x_wconf 89' lang='grc' dir='ltr'>ὁ</span> <span class='ocrx_word' id='word_1_347' title='bbox 2927 1944 3057 2008; x_wconf 87' lang='grc' dir='ltr'>Υἱὸς</span> <span class='ocrx_word' id='word_1_348' title='bbox 3084 1943 3181 1997; x_wconf 74' lang='grc' dir='ltr'><strong>καὶ</strong></span> <span class='ocrx_word' id='word_1_349' title='bbox 3204 1941 3374 2010; x_wconf 84' lang='grc' dir='ltr'><strong>Λόγος</strong></span> <span class='ocrx_word' id='word_1_350' title='bbox 3399 1939 3495 1993; x_wconf 90' lang='grc' dir='ltr'><strong>τοῦ</strong></span> <span class='ocrx_word' id='word_1_351' title='bbox 3523 1937 3663 1993; x_wconf 77' lang='grc' dir='ltr'>Θειῦ</span> 
     </span>
    </p>
   </div>
   <div class='ocr_carea' id='block_1_51' title="bbox 2076 2030 3663 2110">
    <p class='ocr_par' dir='ltr' id='par_1_51' title="bbox 2076 2030 3663 2110">
     <span class='ocr_line' id='line_1_51' title="bbox 2076 2030 3663 2110; baseline -0.004 -17"><span class='ocrx_word' id='word_1_352' title='bbox 2076 2040 2170 2093; x_wconf 77' lang='grc' dir='ltr'>καὶ</span> <span class='ocrx_word' id='word_1_353' title='bbox 2207 2039 2422 2110; x_wconf 89' lang='grc' dir='ltr'>Πατρὸς</span> <span class='ocrx_word' id='word_1_354' title='bbox 2449 2037 2672 2108; x_wconf 77' lang='grc' dir='ltr'>ἐνεδόθη</span> <span class='ocrx_word' id='word_1_355' title='bbox 2707 2038 2885 2109; x_wconf 83' lang='grc' dir='ltr'>σάρκα</span> <span class='ocrx_word' id='word_1_356' title='bbox 2923 2034 3234 2106; x_wconf 84' lang='grc' dir='ltr'>ἀνθρώπου,</span> <span class='ocrx_word' id='word_1_357' title='bbox 3264 2034 3358 2088; x_wconf 73' lang='grc' dir='ltr'><strong>καὶ</strong></span> <span class='ocrx_word' id='word_1_358' title='bbox 3389 2030 3663 2105; x_wconf 78' lang='grc' dir='ltr'>περιεπά-</span> 
     </span>
    </p>
   </div>
   <div class='ocr_carea' id='block_1_52' title="bbox 2074 2121 3665 2204">
    <p class='ocr_par' dir='ltr' id='par_1_52' title="bbox 2074 2121 3665 2204">
     <span class='ocr_line' id='line_1_52' title="bbox 2074 2121 3665 2204; baseline -0.004 -20"><span class='ocrx_word' id='word_1_359' title='bbox 2074 2148 2239 2203; x_wconf 86' lang='grc' dir='ltr'>τησεν</span> <span class='ocrx_word' id='word_1_360' title='bbox 2267 2132 2344 2195; x_wconf 83' lang='grc' dir='ltr'>ὡς</span> <span class='ocrx_word' id='word_1_361' title='bbox 2386 2132 2675 2204; x_wconf 81' lang='grc' dir='ltr'>ἅνθρωπος</span> <span class='ocrx_word' id='word_1_362' title='bbox 2717 2134 2775 2186; x_wconf 81' lang='grc' dir='ltr'>ὲν</span> <span class='ocrx_word' id='word_1_363' title='bbox 2812 2132 2880 2201; x_wconf 81' lang='grc' dir='ltr'>τῇ</span> <span class='ocrx_word' id='word_1_364' title='bbox 2913 2130 3006 2200; x_wconf 82' lang='grc' dir='ltr'>γῇ.</span> <span class='ocrx_word' id='word_1_365' title='bbox 3049 2126 3353 2198; x_wconf 84' lang='grc' dir='ltr'>Ὠνομάσθη</span> <span class='ocrx_word' id='word_1_366' title='bbox 3385 2121 3481 2179; x_wconf 82' lang='grc' dir='ltr'><strong>οὖν</strong></span> <span class='ocrx_word' id='word_1_367' title='bbox 3522 2125 3665 2194; x_wconf 80' lang='grc' dir='ltr'>Χρι-</span> 
     </span>
    </p>
   </div>
   <div class='ocr_carea' id='block_1_53' title="bbox 2078 2214 3665 2297">
    <p class='ocr_par' dir='ltr' id='par_1_53' title="bbox 2078 2214 3665 2297">
     <span class='ocr_line' id='line_1_53' title="bbox 2078 2214 3665 2297; baseline -0.007 -19"><span class='ocrx_word' id='word_1_368' title='bbox 2078 2225 2223 2290; x_wconf 84' lang='grc' dir='ltr'>στὸς,</span> <span class='ocrx_word' id='word_1_369' title='bbox 2262 2224 2397 2278; x_wconf 83' lang='grc' dir='ltr'><strong>διότι</strong></span> <span class='ocrx_word' id='word_1_370' title='bbox 2433 2224 2699 2297; x_wconf 80' lang='grc' dir='ltr'>ἐχρίσθη,</span> <span class='ocrx_word' id='word_1_371' title='bbox 2747 2223 2866 2294; x_wconf 76' lang='grc' dir='ltr'>ἢτοι</span> <span class='ocrx_word' id='word_1_372' title='bbox 2914 2220 3143 2292; x_wconf 82' lang='grc' dir='ltr'>ὲφόρεσε</span> <span class='ocrx_word' id='word_1_373' title='bbox 3182 2219 3279 2290; x_wconf 85' lang='grc' dir='ltr'>τὴν</span> <span class='ocrx_word' id='word_1_374' title='bbox 3338 2217 3521 2287; x_wconf 82' lang='grc' dir='ltr'>σάρκα</span> <span class='ocrx_word' id='word_1_375' title='bbox 3569 2214 3665 2267; x_wconf 86' lang='grc' dir='ltr'><strong>τοῦ</strong></span> 
     </span>
    </p>
   </div>
   <div class='ocr_carea' id='block_1_54' title="bbox 2076 2308 3668 2390">
    <p class='ocr_par' dir='ltr' id='par_1_54' title="bbox 2076 2308 3668 2390">
     <span class='ocr_line' id='line_1_54' title="bbox 2076 2308 3668 2390; baseline -0.007 -18"><span class='ocrx_word' id='word_1_376' title='bbox 2076 2318 2392 2390; x_wconf 87' lang='grc' dir='ltr'>ἀνθρώπου.</span> <span class='ocrx_word' id='word_1_377' title='bbox 2440 2319 2553 2372; x_wconf 74' lang='grc' dir='ltr'><strong>Καὶ</strong></span> <span class='ocrx_word' id='word_1_378' title='bbox 2610 2316 2700 2370; x_wconf 83' lang='grc' dir='ltr'><strong>διὰ</strong></span> <span class='ocrx_word' id='word_1_379' title='bbox 2759 2313 2919 2368; x_wconf 87' lang='grc' dir='ltr'>τοῦτο</span> <span class='ocrx_word' id='word_1_380' title='bbox 2975 2313 3191 2382; x_wconf 87' lang='grc' dir='ltr'>λέγεται</span> <span class='ocrx_word' id='word_1_381' title='bbox 3244 2308 3668 2382; x_wconf 84' lang='grc' dir='ltr'>σεσαρκωμὲνος</span> 
     </span>
    </p>
   </div>
   <div class='ocr_carea' id='block_1_55' title="bbox 2075 2403 3664 2481">
    <p class='ocr_par' dir='ltr' id='par_1_55' title="bbox 2075 2403 3664 2481">
     <span class='ocr_line' id='line_1_55' title="bbox 2075 2403 3664 2481; baseline -0.006 -17"><span class='ocrx_word' id='word_1_382' title='bbox 2075 2411 2210 2475; x_wconf 84' lang='grc' dir='ltr'>Θεὸς</span> <span class='ocrx_word' id='word_1_383' title='bbox 2230 2450 2245 2474; x_wconf 90' lang='grc'><strong>,</strong></span> <span class='ocrx_word' id='word_1_384' title='bbox 2287 2410 2381 2463; x_wconf 74' lang='grc' dir='ltr'>καὶ</span> <span class='ocrx_word' id='word_1_385' title='bbox 2424 2408 2661 2481; x_wconf 84' lang='grc' dir='ltr'>Χριστὸς</span> <span class='ocrx_word' id='word_1_386' title='bbox 2690 2410 2720 2462; x_wconf 92' lang='grc' dir='ltr'>ό</span> <span class='ocrx_word' id='word_1_387' title='bbox 2755 2407 2886 2471; x_wconf 81' lang='grc' dir='ltr'>Υἱὸς</span> <span class='ocrx_word' id='word_1_388' title='bbox 2928 2407 3025 2460; x_wconf 76' lang='grc' dir='ltr'><strong>καὶ</strong></span> <span class='ocrx_word' id='word_1_389' title='bbox 3064 2404 3235 2474; x_wconf 86' lang='grc' dir='ltr'><strong>Λόγος</strong></span> <span class='ocrx_word' id='word_1_390' title='bbox 3269 2403 3364 2458; x_wconf 89' lang='grc' dir='ltr'><strong>τοῦ</strong></span> <span class='ocrx_word' id='word_1_391' title='bbox 3397 2403 3535 2456; x_wconf 88' lang='grc' dir='ltr'>Θεοῦ</span> <span class='ocrx_word' id='word_1_392' title='bbox 3568 2405 3664 2456; x_wconf 80' lang='grc' dir='ltr'><strong>καὶ</strong></span> 
     </span>
    </p>
   </div>
   <div class='ocr_carea' id='block_1_56' title="bbox 2075 2496 3483 2572">
    <p class='ocr_par' dir='ltr' id='par_1_56' title="bbox 2075 2496 3483 2572">
     <span class='ocr_line' id='line_1_56' title="bbox 2075 2496 3483 2572; baseline -0.006 -15"><span class='ocrx_word' id='word_1_393' title='bbox 2075 2503 2230 2566; x_wconf 82' lang='grc' dir='ltr'>Θεὸς,</span> <span class='ocrx_word' id='word_1_394' title='bbox 2257 2501 2391 2555; x_wconf 86' lang='grc' dir='ltr'><strong>διότι</strong></span> <span class='ocrx_word' id='word_1_395' title='bbox 2418 2501 2649 2572; x_wconf 82' lang='grc' dir='ltr'>ὲφόρεσε</span> <span class='ocrx_word' id='word_1_396' title='bbox 2673 2500 2774 2571; x_wconf 86' lang='grc' dir='ltr'><strong>τὴν</strong></span> <span class='ocrx_word' id='word_1_397' title='bbox 2804 2498 2897 2552; x_wconf 90' lang='grc' dir='ltr'><strong>τοῦ</strong></span> <span class='ocrx_word' id='word_1_398' title='bbox 2928 2497 3218 2569; x_wconf 73' lang='grc' dir='ltr'>ἀνθρώπου</span> <span class='ocrx_word' id='word_1_399' title='bbox 3245 2496 3483 2569; x_wconf 80' lang='grc' dir='ltr'>μορφήν.</span> 
     </span>
    </p>
   </div>
   <div class='ocr_carea' id='block_1_57' title="bbox 2160 2584 3669 2664">
    <p class='ocr_par' dir='ltr' id='par_1_57' title="bbox 2160 2584 3669 2664">
     <span class='ocr_line' id='line_1_57' title="bbox 2160 2584 3669 2664; baseline -0.004 -16"><span class='ocrx_word' id='word_1_400' title='bbox 2160 2592 2356 2664; x_wconf 87' lang='grc' dir='ltr'>Ἐρώτ.</span> <span class='ocrx_word' id='word_1_401' title='bbox 2387 2594 2478 2663; x_wconf 86' lang='grc' dir='ltr'>ιη’.</span> <span class='ocrx_word' id='word_1_402' title='bbox 2520 2593 2630 2646; x_wconf 75' lang='grc' dir='ltr'><strong>Καὶ</strong></span> <span class='ocrx_word' id='word_1_403' title='bbox 2662 2591 2785 2645; x_wconf 86' lang='grc' dir='ltr'>τίνα</span> <span class='ocrx_word' id='word_1_404' title='bbox 2809 2590 2992 2658; x_wconf 77' lang='grc' dir='ltr'>λόγον,</span> <span class='ocrx_word' id='word_1_405' title='bbox 3023 2590 3057 2661; x_wconf 83' lang='grc' dir='ltr'>ἢ</span> <span class='ocrx_word' id='word_1_406' title='bbox 3087 2590 3211 2643; x_wconf 90' lang='grc' dir='ltr'>τίνα</span> <span class='ocrx_word' id='word_1_407' title='bbox 3248 2589 3435 2660; x_wconf 79' lang='grc' dir='ltr'>χρείαν</span> <span class='ocrx_word' id='word_1_408' title='bbox 3466 2584 3616 2661; x_wconf 84' lang='grc' dir='ltr'>εἶχεν</span> <span class='ocrx_word' id='word_1_409' title='bbox 3637 2590 3669 2642; x_wconf 89' lang='grc' dir='ltr'><strong>ό</strong></span> 
     </span>
    </p>
   </div>
   <div class='ocr_carea' id='block_1_58' title="bbox 2075 2679 3666 2755">
    <p class='ocr_par' dir='ltr' id='par_1_58' title="bbox 2075 2679 3666 2755">
     <span class='ocr_line' id='line_1_58' title="bbox 2075 2679 3666 2755; baseline -0.005 -16"><span class='ocrx_word' id='word_1_410' title='bbox 2075 2683 2229 2747; x_wconf 86' lang='grc' dir='ltr'>Θεὸς,</span> <span class='ocrx_word' id='word_1_411' title='bbox 2249 2685 2416 2755; x_wconf 73' lang='grc' dir='ltr'>ἤγουν</span> <span class='ocrx_word' id='word_1_412' title='bbox 2443 2685 2472 2736; x_wconf 93' lang='lat'><strong>6</strong></span> <span class='ocrx_word' id='word_1_413' title='bbox 2493 2684 2621 2746; x_wconf 88' lang='grc' dir='ltr'>Υἱὸς</span> <span class='ocrx_word' id='word_1_414' title='bbox 2642 2683 2736 2736; x_wconf 73' lang='grc' dir='ltr'><strong>καὶ</strong></span> <span class='ocrx_word' id='word_1_415' title='bbox 2758 2682 2931 2751; x_wconf 89' lang='grc' dir='ltr'>Λόγος</span> <span class='ocrx_word' id='word_1_416' title='bbox 2962 2680 3057 2735; x_wconf 87' lang='grc' dir='ltr'><strong>τοῦ</strong></span> <span class='ocrx_word' id='word_1_417' title='bbox 3086 2679 3245 2743; x_wconf 85' lang='grc' dir='ltr'>Θεοῦ,</span> <span class='ocrx_word' id='word_1_418' title='bbox 3265 2681 3354 2735; x_wconf 79' lang='grc' dir='ltr'><strong>ἴνα</strong></span> <span class='ocrx_word' id='word_1_419' title='bbox 3381 2680 3666 2753; x_wconf 68' lang='grc' dir='ltr'>σαρχωθῇ,</span> 
     </span>
    </p>
   </div>
   <div class='ocr_carea' id='block_1_59' title="bbox 2077 2773 3235 2847">
    <p class='ocr_par' dir='ltr' id='par_1_59' title="bbox 2077 2773 3235 2847">
     <span class='ocr_line' id='line_1_59' title="bbox 2077 2773 3235 2847; baseline 0.008 -27"><span class='ocrx_word' id='word_1_420' title='bbox 2077 2776 2172 2830; x_wconf 73' lang='grc' dir='ltr'><strong>καὶ</strong></span> <span class='ocrx_word' id='word_1_421' title='bbox 2189 2774 2273 2839; x_wconf 62' lang='grc' dir='ltr'><strong>ὼς⁴</strong></span> <span class='ocrx_word' id='word_1_422' title='bbox 2294 2773 2581 2847; x_wconf 77' lang='grc' dir='ltr'>ἅνθρωπος</span> <span class='ocrx_word' id='word_1_423' title='bbox 2602 2776 2924 2846; x_wconf 83' lang='grc' dir='ltr'>περιπατεῖν</span> <span class='ocrx_word' id='word_1_424' title='bbox 2950 2774 3009 2828; x_wconf 74' lang='grc' dir='ltr'>ἐν</span> <span class='ocrx_word' id='word_1_425' title='bbox 3032 2775 3099 2845; x_wconf 83' lang='grc' dir='ltr'>τῇ</span> <span class='ocrx_word' id='word_1_426' title='bbox 3126 2775 3197 2845; x_wconf 86' lang='grc' dir='ltr'>γῇ</span> <span class='ocrx_word' id='word_1_427' title='bbox 3219 2789 3235 2838; x_wconf 88' lang='grc'><strong>;</strong></span> 
     </span>
    </p>
   </div>
   <div class='ocr_carea' id='block_1_60' title="bbox 2162 2948 3670 3025">
    <p class='ocr_par' dir='ltr' id='par_1_60' title="bbox 2162 2948 3670 3025">
     <span class='ocr_line' id='line_1_60' title="bbox 2162 2948 3670 3025; baseline -0.004 -16"><span class='ocrx_word' id='word_1_428' title='bbox 2162 2955 2352 3009; x_wconf 87' lang='grc' dir='ltr'>Ἀπόκ.</span> <span class='ocrx_word' id='word_1_429' title='bbox 2375 2954 2509 3018; x_wconf 85' lang='grc' dir='ltr'>Θεὸς</span> <span class='ocrx_word' id='word_1_430' title='bbox 2529 2953 2786 3025; x_wconf 83' lang='grc' dir='ltr'>οὐδεμίαν</span> <span class='ocrx_word' id='word_1_431' title='bbox 2813 2952 3002 3025; x_wconf 78' lang='grc' dir='ltr'>χρείαν</span> <span class='ocrx_word' id='word_1_432' title='bbox 3032 2948 3144 3023; x_wconf 77' lang='grc' dir='ltr'>εἶχε</span> <span class='ocrx_word' id='word_1_433' title='bbox 3167 2949 3263 3004; x_wconf 83' lang='grc' dir='ltr'><strong>τοῦ</strong></span> <span class='ocrx_word' id='word_1_434' title='bbox 3291 2949 3670 3022; x_wconf 82' lang='grc' dir='ltr'>σαρκωθῆναι,</span> 
     </span>
    </p>
   </div>
   <div class='ocr_carea' id='block_1_61' title="bbox 2076 3041 3669 3118">
    <p class='ocr_par' dir='ltr' id='par_1_61' title="bbox 2076 3041 3669 3118">
     <span class='ocr_line' id='line_1_61' title="bbox 2076 3041 3669 3118; baseline -0.003 -17"><span class='ocrx_word' id='word_1_435' title='bbox 2076 3046 2193 3102; x_wconf 86' lang='grc' dir='ltr'>ἀλλ’</span> <span class='ocrx_word' id='word_1_436' title='bbox 2229 3049 2263 3117; x_wconf 88' lang='grc' dir='ltr'><strong>ή</strong></span> <span class='ocrx_word' id='word_1_437' title='bbox 2304 3044 2665 3118; x_wconf 87' lang='grc' dir='ltr'>ἀνθρωπότης</span> <span class='ocrx_word' id='word_1_438' title='bbox 2720 3044 2900 3099; x_wconf 78' lang='grc' dir='ltr'>ἐδέετο</span> <span class='ocrx_word' id='word_1_439' title='bbox 2955 3043 3220 3117; x_wconf 77' lang='grc' dir='ltr'>ἰατρείας.</span> <span class='ocrx_word' id='word_1_440' title='bbox 3283 3041 3508 3112; x_wconf 80' lang='grc' dir='ltr'><strong>Ἐπειδὴ</strong></span> <span class='ocrx_word' id='word_1_441' title='bbox 3552 3042 3669 3113; x_wconf 81' lang='grc' dir='ltr'>γὰρ</span> 
     </span>
    </p>
   </div>
   <div class='ocr_carea' id='block_1_62' title="bbox 391 3130 1977 3224">
    <p class='ocr_par' dir='ltr' id='par_1_62' title="bbox 391 3153 1975 3224">
     <span class='ocr_line' id='line_1_62' title="bbox 391 3153 1975 3224; baseline -0.005 -10"><span class='ocrx_word' id='word_1_442' title='bbox 391 3157 541 3214; x_wconf 88' lang='lat' dir='ltr'><strong>enim</strong></span> <span class='ocrx_word' id='word_1_443' title='bbox 571 3155 702 3213; x_wconf 79' lang='lat' dir='ltr'><strong>fecit</strong></span> <span class='ocrx_word' id='word_1_444' title='bbox 726 3154 874 3210; x_wconf 90' lang='lat' dir='ltr'><strong>Deus</strong></span> <span class='ocrx_word' id='word_1_445' title='bbox 902 3155 1104 3208; x_wconf 74' lang='lat' dir='ltr'><strong>cmlum</strong></span> <span class='ocrx_word' id='word_1_446' title='bbox 1148 3161 1204 3208; x_wconf 86' lang='lat' dir='ltr'><strong>et</strong></span> <span class='ocrx_word' id='word_1_447' title='bbox 1246 3161 1472 3219; x_wconf 87' lang='lat' dir='ltr'><strong>terram,</strong></span> <span class='ocrx_word' id='word_1_448' title='bbox 1526 3161 1581 3209; x_wconf 89' lang='lat' dir='ltr'><strong>et</strong></span> <span class='ocrx_word' id='word_1_449' title='bbox 1614 3153 1799 3208; x_wconf 89' lang='lat' dir='ltr'><strong>omnia</strong></span> <span class='ocrx_word' id='word_1_450' title='bbox 1852 3168 1975 3224; x_wconf 65' lang='lat' dir='ltr'><strong>quae</strong></span> 
     </span>
    </p>
   </div>
   <div class='ocr_carea' id='block_1_63' title="bbox 2087 3130 3669 3224">
    <p class='ocr_par' dir='ltr' id='par_1_63' title="bbox 2087 3134 3669 3219">
     <span class='ocr_line' id='line_1_63' title="bbox 2087 3134 3669 3219; baseline -0.005 -26"><span class='ocrx_word' id='word_1_451' title='bbox 2087 3140 2335 3212; x_wconf 64' lang='grc' dir='ltr'>ἐποίησεν</span> <span class='ocrx_word' id='word_1_452' title='bbox 2359 3140 2388 3192; x_wconf 95' lang='grc' dir='ltr'><strong>ό</strong></span> <span class='ocrx_word' id='word_1_453' title='bbox 2424 3138 2558 3202; x_wconf 87' lang='grc' dir='ltr'>Θεὸς</span> <span class='ocrx_word' id='word_1_454' title='bbox 2587 3138 2680 3219; x_wconf 84' lang='grc' dir='ltr'><strong>τὸν</strong></span> <span class='ocrx_word' id='word_1_455' title='bbox 2706 3136 2936 3209; x_wconf 78' lang='grc' dir='ltr'>οὐρανὸν</span> <span class='ocrx_word' id='word_1_456' title='bbox 2965 3136 3063 3190; x_wconf 76' lang='grc' dir='ltr'>καὶ</span> <span class='ocrx_word' id='word_1_457' title='bbox 3083 3135 3183 3207; x_wconf 81' lang='grc' dir='ltr'><strong>τὴν</strong></span> <span class='ocrx_word' id='word_1_458' title='bbox 3212 3135 3338 3205; x_wconf 82' lang='grc' dir='ltr'>γῆν,</span> <span class='ocrx_word' id='word_1_459' title='bbox 3363 3134 3459 3187; x_wconf 73' lang='grc' dir='ltr'>καὶ</span> <span class='ocrx_word' id='word_1_460' title='bbox 3488 3134 3669 3186; x_wconf 83' lang='grc' dir='ltr'>πάντα</span> 
     </span>
    </p>
   </div>
   <div class='ocr_carea' id='block_1_64' title="bbox 392 3245 1974 3317">
    <p class='ocr_par' dir='ltr' id='par_1_64' title="bbox 392 3245 1974 3317">
     <span class='ocr_line' id='line_1_64' title="bbox 392 3245 1974 3317; baseline -0.003 -13"><span class='ocrx_word' id='word_1_461' title='bbox 392 3251 457 3305; x_wconf 55' lang='lat' dir='ltr'><strong>in.</strong></span> <span class='ocrx_word' id='word_1_462' title='bbox 476 3250 560 3306; x_wconf 90' lang='lat' dir='ltr'><strong>eis</strong></span> <span class='ocrx_word' id='word_1_463' title='bbox 579 3254 732 3311; x_wconf 90' lang='lat' dir='ltr'><strong>sunt,</strong></span> <span class='ocrx_word' id='word_1_464' title='bbox 763 3248 989 3317; x_wconf 78' lang='lat' dir='ltr'><strong>ﬁxitque</strong></span> <span class='ocrx_word' id='word_1_465' title='bbox 1020 3246 1298 3302; x_wconf 87' lang='lat' dir='ltr'><strong>hominem</strong></span> <span class='ocrx_word' id='word_1_466' title='bbox 1322 3253 1376 3300; x_wconf 90' lang='lat' dir='ltr'><strong>et</strong></span> <span class='ocrx_word' id='word_1_467' title='bbox 1402 3245 1586 3316; x_wconf 90' lang='lat' dir='ltr'><strong>posuit</strong></span> <span class='ocrx_word' id='word_1_468' title='bbox 1613 3261 1737 3301; x_wconf 90' lang='lat' dir='ltr'><strong>eum</strong></span> <span class='ocrx_word' id='word_1_469' title='bbox 1773 3246 1828 3300; x_wconf 90' lang='lat' dir='ltr'><strong>in</strong></span> <span class='ocrx_word' id='word_1_470' title='bbox 1859 3260 1974 3300; x_wconf 90' lang='lat' dir='ltr'><strong>me-</strong></span> 
     </span>
    </p>
   </div>
   <div class='ocr_carea' id='block_1_65' title="bbox 393 3336 1975 3410">
    <p class='ocr_par' dir='ltr' id='par_1_65' title="bbox 393 3336 1975 3410">
     <span class='ocr_line' id='line_1_65' title="bbox 393 3336 1975 3410; baseline -0.004 -13"><span class='ocrx_word' id='word_1_471' title='bbox 393 3343 487 3397; x_wconf 90' lang='lat' dir='ltr'><strong>dio</strong></span> <span class='ocrx_word' id='word_1_472' title='bbox 532 3340 797 3410; x_wconf 87' lang='lat' dir='ltr'><strong>paradisi,</strong></span> <span class='ocrx_word' id='word_1_473' title='bbox 853 3347 913 3395; x_wconf 91' lang='lat' dir='ltr'><strong>et</strong></span> <span class='ocrx_word' id='word_1_474' title='bbox 953 3337 1242 3394; x_wconf 87' lang='lat' dir='ltr'><strong>constituit</strong></span> <span class='ocrx_word' id='word_1_475' title='bbox 1293 3353 1417 3393; x_wconf 92' lang='lat' dir='ltr'><strong>eum</strong></span> <span class='ocrx_word' id='word_1_476' title='bbox 1478 3353 1662 3407; x_wconf 84' lang='lat' dir='ltr'><strong>regem</strong></span> <span class='ocrx_word' id='word_1_477' title='bbox 1729 3336 1975 3392; x_wconf 92' lang='lat' dir='ltr'><strong>omnium</strong></span> 
     </span>
    </p>
   </div>
   <div class='ocr_carea' id='block_1_66' title="bbox 394 3426 1976 3499">
    <p class='ocr_par' dir='ltr' id='par_1_66' title="bbox 394 3426 1976 3499">
     <span class='ocr_line' id='line_1_66' title="bbox 394 3426 1976 3499; baseline -0.003 -15"><span class='ocrx_word' id='word_1_478' title='bbox 394 3436 804 3494; x_wconf 83' lang='lat' dir='ltr'><strong>creaturarum,</strong></span> <span class='ocrx_word' id='word_1_479' title='bbox 834 3435 893 3482; x_wconf 92' lang='lat' dir='ltr'><strong>ut</strong></span> <span class='ocrx_word' id='word_1_480' title='bbox 921 3428 1106 3483; x_wconf 90' lang='lat' dir='ltr'><strong>omnia</strong></span> <span class='ocrx_word' id='word_1_481' title='bbox 1136 3426 1466 3482; x_wconf 87' lang='lat' dir='ltr'><strong>inservirent</strong></span> <span class='ocrx_word' id='word_1_482' title='bbox 1513 3427 1640 3499; x_wconf 91' lang='lat' dir='ltr'><strong>ipsi,</strong></span> <span class='ocrx_word' id='word_1_483' title='bbox 1675 3433 1730 3482; x_wconf 89' lang='lat' dir='ltr'><strong>et</strong></span> <span class='ocrx_word' id='word_1_484' title='bbox 1759 3426 1976 3481; x_wconf 90' lang='lat' dir='ltr'><strong>habita-</strong></span> 
     </span>
    </p>
   </div>
   <div class='ocr_carea' id='block_1_67' title="bbox 395 3516 1989 3590">
    <p class='ocr_par' dir='ltr' id='par_1_67' title="bbox 395 3516 1989 3590">
     <span class='ocr_line' id='line_1_67' title="bbox 395 3516 1989 3590; baseline -0.003 -14"><span class='ocrx_word' id='word_1_485' title='bbox 395 3527 482 3577; x_wconf 88' lang='lat' dir='ltr'><strong>ret</strong></span> <span class='ocrx_word' id='word_1_486' title='bbox 513 3521 631 3590; x_wconf 90' lang='lat' dir='ltr'><strong>ipse</strong></span> <span class='ocrx_word' id='word_1_487' title='bbox 701 3519 764 3575; x_wconf 86' lang='lat' dir='ltr'><strong>in</strong></span> <span class='ocrx_word' id='word_1_488' title='bbox 812 3517 1090 3590; x_wconf 77' lang='lat' dir='ltr'><strong>paradiso.</strong></span> <span class='ocrx_word' id='word_1_489' title='bbox 1138 3524 1402 3588; x_wconf 88' lang='lat' dir='ltr'><strong>tanquam</strong></span> <span class='ocrx_word' id='word_1_490' title='bbox 1449 3517 1547 3574; x_wconf 91' lang='lat' dir='ltr'><strong>Dei</strong></span> <span class='ocrx_word' id='word_1_491' title='bbox 1593 3519 1790 3589; x_wconf 84' lang='lat' dir='ltr'><strong>imago.</strong></span> <span class='ocrx_word' id='word_1_492' title='bbox 1838 3516 1989 3572; x_wconf 80' lang='lat' dir='ltr'><strong>Cum&#39;</strong></span> 
     </span>
    </p>
   </div>
   <div class='ocr_carea' id='block_1_68' title="bbox 395 3611 1979 3676">
    <p class='ocr_par' dir='ltr' id='par_1_68' title="bbox 395 3611 1979 3676">
     <span class='ocr_line' id='line_1_68' title="bbox 395 3611 1979 3676; baseline -0.001 -6"><span class='ocrx_word' id='word_1_493' title='bbox 395 3614 569 3670; x_wconf 79' lang='lat' dir='ltr'><strong>sciret</strong></span> <span class='ocrx_word' id='word_1_494' title='bbox 610 3614 715 3668; x_wconf 91' lang='lat' dir='ltr'><strong>hoc</strong></span> <span class='ocrx_word' id='word_1_495' title='bbox 768 3612 1044 3676; x_wconf 87' lang='lat' dir='ltr'><strong>diabolus,</strong></span> <span class='ocrx_word' id='word_1_496' title='bbox 1080 3611 1338 3668; x_wconf 87' lang='lat' dir='ltr'><strong>invidens</strong></span> <span class='ocrx_word' id='word_1_497' title='bbox 1385 3612 1595 3668; x_wconf 88' lang='lat' dir='ltr'><strong>homini</strong></span> <span class='ocrx_word' id='word_1_498' title='bbox 1643 3620 1854 3669; x_wconf 90' lang='lat' dir='ltr'><strong>tantam</strong></span> <span class='ocrx_word' id='word_1_499' title='bbox 1894 3613 1979 3669; x_wconf 90' lang='lat' dir='ltr'><strong>di-</strong></span> 
     </span>
    </p>
   </div>
   <div class='ocr_carea' id='block_1_69' title="bbox 394 3705 1978 3781">
    <p class='ocr_par' dir='ltr' id='par_1_69' title="bbox 394 3705 1978 3781">
     <span class='ocr_line' id='line_1_69' title="bbox 394 3705 1978 3781; baseline -0.001 -17"><span class='ocrx_word' id='word_1_500' title='bbox 394 3709 699 3781; x_wconf 76' lang='lat' dir='ltr'><strong>gnitatem,</strong></span> <span class='ocrx_word' id='word_1_501' title='bbox 756 3705 905 3763; x_wconf 90' lang='lat' dir='ltr'><strong>dedit</strong></span> <span class='ocrx_word' id='word_1_502' title='bbox 960 3706 1168 3761; x_wconf 84' lang='lat' dir='ltr'><strong>homini</strong></span> <span class='ocrx_word' id='word_1_503' title='bbox 1236 3706 1527 3762; x_wconf 87' lang='lat' dir='ltr'><strong>consilium</strong></span> <span class='ocrx_word' id='word_1_504' title='bbox 1587 3713 1649 3761; x_wconf 92' lang='lat' dir='ltr'><strong>ut</strong></span> <span class='ocrx_word' id='word_1_505' title='bbox 1700 3706 1814 3762; x_wconf 90' lang='lat' dir='ltr'><strong>Deo</strong></span> <span class='ocrx_word' id='word_1_506' title='bbox 1865 3721 1978 3762; x_wconf 90' lang='lat' dir='ltr'><strong>non</strong></span> 
     </span>
    </p>
   </div>
   <div class='ocr_carea' id='block_1_70' title="bbox 397 3796 1976 3870">
    <p class='ocr_par' dir='ltr' id='par_1_70' title="bbox 397 3796 1976 3870">
     <span class='ocr_line' id='line_1_70' title="bbox 397 3796 1976 3870; baseline -0.001 -15"><span class='ocrx_word' id='word_1_507' title='bbox 397 3800 824 3870; x_wconf 87' lang='lat' dir='ltr'><strong>obtemperaret,</strong></span> <span class='ocrx_word' id='word_1_508' title='bbox 851 3805 1026 3868; x_wconf 87' lang='lat' dir='ltr'><strong>utper</strong></span> <span class='ocrx_word' id='word_1_509' title='bbox 1059 3796 1485 3853; x_wconf 87' lang='lat' dir='ltr'><strong>inobedientiam</strong></span> <span class='ocrx_word' id='word_1_510' title='bbox 1544 3797 1697 3854; x_wconf 89' lang='lat' dir='ltr'><strong>Deus.</strong></span> <span class='ocrx_word' id='word_1_511' title='bbox 1716 3814 1841 3854; x_wconf 93' lang='lat' dir='ltr'><strong>eum</strong></span> <span class='ocrx_word' id='word_1_512' title='bbox 1873 3800 1976 3854; x_wconf 83' lang='lat' dir='ltr'><strong>eli-</strong></span> 
     </span>
    </p>
   </div>
   <div class='ocr_carea' id='block_1_71' title="bbox 397 3885 1979 3957">
    <p class='ocr_par' dir='ltr' id='par_1_71' title="bbox 397 3885 1979 3957">
     <span class='ocr_line' id='line_1_71' title="bbox 397 3885 1979 3957; baseline -0.001 -14"><span class='ocrx_word' id='word_1_513' title='bbox 397 3889 636 3943; x_wconf 86' lang='lat' dir='ltr'><strong>minaret</strong></span> <span class='ocrx_word' id='word_1_514' title='bbox 670 3902 739 3943; x_wconf 81' lang='lat' dir='ltr'><strong>ex</strong></span> <span class='ocrx_word' id='word_1_515' title='bbox 789 3885 1069 3957; x_wconf 88' lang='lat' dir='ltr'><strong>paradiso,</strong></span> <span class='ocrx_word' id='word_1_516' title='bbox 1108 3894 1164 3942; x_wconf 92' lang='lat' dir='ltr'><strong>et</strong></span> <span class='ocrx_word' id='word_1_517' title='bbox 1185 3885 1428 3957; x_wconf 86' lang='lat' dir='ltr'><strong>privaret</strong></span> <span class='ocrx_word' id='word_1_518' title='bbox 1476 3886 1630 3941; x_wconf 90' lang='lat' dir='ltr'><strong>illum</strong></span> <span class='ocrx_word' id='word_1_519' title='bbox 1683 3886 1869 3942; x_wconf 83' lang='lat' dir='ltr'><strong>divina</strong></span> <span class='ocrx_word' id='word_1_520' title='bbox 1893 3886 1979 3942; x_wconf 89' lang='lat' dir='ltr'><strong>di-</strong></span> 
     </span>
    </p>
   </div>
   <div class='ocr_carea' id='block_1_72' title="bbox 395 3976 1979 4053">
    <p class='ocr_par' dir='ltr' id='par_1_72' title="bbox 395 3976 1979 4053">
     <span class='ocr_line' id='line_1_72' title="bbox 395 3976 1979 4053; baseline -0.001 -17"><span class='ocrx_word' id='word_1_521' title='bbox 395 3981 625 4053; x_wconf 82' lang='lat' dir='ltr'><strong>gnitate,</strong></span> <span class='ocrx_word' id='word_1_522' title='bbox 653 3988 708 4035; x_wconf 91' lang='lat' dir='ltr'><strong>et</strong></span> <span class='ocrx_word' id='word_1_523' title='bbox 737 3979 1101 4035; x_wconf 84' lang='lat' dir='ltr'><strong>immortalem</strong></span> <span class='ocrx_word' id='word_1_524' title='bbox 1156 3976 1411 4033; x_wconf 91' lang='lat' dir='ltr'><strong>redderet</strong></span> <span class='ocrx_word' id='word_1_525' title='bbox 1459 3978 1769 4033; x_wconf 88' lang='lat' dir='ltr'><strong>mortalem.</strong></span> <span class='ocrx_word' id='word_1_526' title='bbox 1804 3977 1979 4035; x_wconf 82' lang='lat' dir='ltr'><strong>Homo</strong></span> 
     </span>
    </p>
   </div>
   <div class='ocr_carea' id='block_1_73' title="bbox 398 4069 1981 4143">
    <p class='ocr_par' dir='ltr' id='par_1_73' title="bbox 398 4069 1981 4143">
     <span class='ocr_line' id='line_1_73' title="bbox 398 4069 1981 4143; baseline 0.001 -17"><span class='ocrx_word' id='word_1_527' title='bbox 398 4087 549 4137; x_wconf 87' lang='lat' dir='ltr'><strong>vero,</strong></span> <span class='ocrx_word' id='word_1_528' title='bbox 593 4079 652 4126; x_wconf 91' lang='lat' dir='ltr'><strong>ut</strong></span> <span class='ocrx_word' id='word_1_529' title='bbox 681 4073 774 4143; x_wconf 91' lang='lat' dir='ltr'><strong>qui</strong></span> <span class='ocrx_word' id='word_1_530' title='bbox 799 4072 1005 4126; x_wconf 89' lang='lat' dir='ltr'><strong>nullam</strong></span> <span class='ocrx_word' id='word_1_531' title='bbox 1043 4069 1273 4125; x_wconf 86' lang='lat' dir='ltr'><strong>haberet</strong></span> <span class='ocrx_word' id='word_1_532' title='bbox 1301 4070 1557 4140; x_wconf 89' lang='lat' dir='ltr'><strong>peritiam</strong></span> <span class='ocrx_word' id='word_1_533' title='bbox 1607 4071 1833 4127; x_wconf 69' lang='lat' dir='ltr'><strong>malitiae</strong></span> <span class='ocrx_word' id='word_1_534' title='bbox 1876 4072 1981 4127; x_wconf 87' lang='lat' dir='ltr'><strong>im-</strong></span> 
     </span>
    </p>
   </div>
   <div class='ocr_carea' id='block_1_74' title="bbox 394 4153 1979 4228">
    <p class='ocr_par' dir='ltr' id='par_1_74' title="bbox 394 4153 1979 4228">
     <span class='ocr_line' id='line_1_74' title="bbox 394 4153 1979 4228; baseline 0.001 -19"><span class='ocrx_word' id='word_1_535' title='bbox 394 4157 554 4228; x_wconf 88' lang='lat' dir='ltr'><strong>probi</strong></span> <span class='ocrx_word' id='word_1_536' title='bbox 582 4156 751 4221; x_wconf 89' lang='lat' dir='ltr'><strong>iIlius,</strong></span> <span class='ocrx_word' id='word_1_537' title='bbox 791 4155 1188 4226; x_wconf 85' lang='lat' dir='ltr'><strong>obtemperavit</strong></span> <span class='ocrx_word' id='word_1_538' title='bbox 1234 4153 1468 4209; x_wconf 93' lang='lat' dir='ltr'><strong>consilio</strong></span> <span class='ocrx_word' id='word_1_539' title='bbox 1521 4154 1748 4222; x_wconf 89' lang='lat' dir='ltr'><strong>diaboli,</strong></span> <span class='ocrx_word' id='word_1_540' title='bbox 1781 4163 1837 4211; x_wconf 90' lang='lat' dir='ltr'><strong>et</strong></span> <span class='ocrx_word' id='word_1_541' title='bbox 1866 4171 1979 4211; x_wconf 91' lang='lat' dir='ltr'><strong>non</strong></span> 
     </span>
    </p>
   </div>
   <div class='ocr_carea' id='block_1_75' title="bbox 396 4247 1981 4311">
    <p class='ocr_par' dir='ltr' id='par_1_75' title="bbox 396 4247 1981 4311">
     <span class='ocr_line' id='line_1_75' title="bbox 396 4247 1981 4311; baseline -0.002 -6"><span class='ocrx_word' id='word_1_542' title='bbox 396 4251 699 4306; x_wconf 86' lang='lat' dir='ltr'><strong>obsecutus</strong></span> <span class='ocrx_word' id='word_1_543' title='bbox 721 4257 806 4305; x_wconf 91' lang='lat' dir='ltr'><strong>est</strong></span> <span class='ocrx_word' id='word_1_544' title='bbox 831 4247 965 4311; x_wconf 89' lang='lat' dir='ltr'><strong>Deo,</strong></span> <span class='ocrx_word' id='word_1_545' title='bbox 997 4253 1053 4303; x_wconf 91' lang='lat' dir='ltr'><strong>et</strong></span> <span class='ocrx_word' id='word_1_546' title='bbox 1097 4263 1163 4303; x_wconf 83' lang='lat' dir='ltr'><strong>ex</strong></span> <span class='ocrx_word' id='word_1_547' title='bbox 1213 4247 1308 4302; x_wconf 90' lang='lat' dir='ltr'><strong>illo</strong></span> <span class='ocrx_word' id='word_1_548' title='bbox 1349 4248 1515 4303; x_wconf 92' lang='lat' dir='ltr'><strong>morti</strong></span> <span class='ocrx_word' id='word_1_549' title='bbox 1565 4248 1838 4306; x_wconf 78' lang='lat' dir='ltr'><strong>obnoxius</strong></span> <span class='ocrx_word' id='word_1_550' title='bbox 1875 4249 1981 4303; x_wconf 78' lang='lat' dir='ltr'><strong>fuit</strong></span> 
     </span>
    </p>
   </div>
   <div class='ocr_carea' id='block_1_76' title="bbox 395 4334 1980 4407">
    <p class='ocr_par' dir='ltr' id='par_1_76' title="bbox 395 4334 1980 4407">
     <span class='ocr_line' id='line_1_76' title="bbox 395 4334 1980 4407; baseline 0.004 -17"><span class='ocrx_word' id='word_1_551' title='bbox 395 4337 608 4407; x_wconf 88' lang='lat' dir='ltr'><strong>peccati</strong></span> <span class='ocrx_word' id='word_1_552' title='bbox 638 4356 652 4391; x_wconf 92' lang='lat'>:</span> <span class='ocrx_word' id='word_1_553' title='bbox 686 4334 912 4407; x_wconf 88' lang='lat' dir='ltr'><strong>perinde</strong></span> <span class='ocrx_word' id='word_1_554' title='bbox 939 4334 1104 4391; x_wconf 91' lang='lat' dir='ltr'><strong>etiam</strong></span> <span class='ocrx_word' id='word_1_555' title='bbox 1129 4351 1322 4391; x_wconf 91' lang='lat' dir='ltr'><strong>omnes</strong></span> <span class='ocrx_word' id='word_1_556' title='bbox 1348 4350 1416 4391; x_wconf 78' lang='lat' dir='ltr'><strong>ex</strong></span> <span class='ocrx_word' id='word_1_557' title='bbox 1444 4338 1566 4407; x_wconf 87' lang='lat' dir='ltr'><strong>ipso</strong></span> <span class='ocrx_word' id='word_1_558' title='bbox 1591 4340 1703 4393; x_wconf 89' lang='lat' dir='ltr'><strong>nati</strong></span> <span class='ocrx_word' id='word_1_559' title='bbox 1725 4339 1980 4396; x_wconf 90' lang='lat' dir='ltr'><strong>homines</strong></span> 
     </span>
    </p>
   </div>
   <div class='ocr_carea' id='block_1_77' title="bbox 393 4427 1978 4499">
    <p class='ocr_par' dir='ltr' id='par_1_77' title="bbox 393 4427 1978 4499">
     <span class='ocr_line' id='line_1_77' title="bbox 393 4427 1978 4499; baseline 0.005 -17"><span class='ocrx_word' id='word_1_560' title='bbox 393 4428 548 4484; x_wconf 83' lang='lat' dir='ltr'><strong>velut</strong></span> <span class='ocrx_word' id='word_1_561' title='bbox 601 4443 668 4482; x_wconf 79' lang='lat' dir='ltr'><strong>ex</strong></span> <span class='ocrx_word' id='word_1_562' title='bbox 713 4427 1024 4499; x_wconf 85' lang='lat' dir='ltr'><strong>majoribus</strong></span> <span class='ocrx_word' id='word_1_563' title='bbox 1077 4432 1364 4497; x_wconf 88' lang='lat' dir='ltr'><strong>peccatum</strong></span> <span class='ocrx_word' id='word_1_564' title='bbox 1426 4430 1486 4485; x_wconf 91' lang='lat' dir='ltr'><strong>in</strong></span> <span class='ocrx_word' id='word_1_565' title='bbox 1553 4445 1614 4486; x_wconf 90' lang='lat' dir='ltr'><strong>se</strong></span> <span class='ocrx_word' id='word_1_566' title='bbox 1663 4431 1978 4490; x_wconf 89' lang='lat' dir='ltr'><strong>derivantes</strong></span> 
     </span>
    </p>
   </div>
   <div class='ocr_carea' id='block_1_78' title="bbox 396 4500 2056 4591">
    <p class='ocr_par' dir='ltr' id='par_1_78' title="bbox 396 4500 2056 4591">
     <span class='ocr_line' id='line_1_78' title="bbox 396 4500 2056 4591; baseline 0.004 -18"><span class='ocrx_word' id='word_1_567' title='bbox 396 4517 624 4573; x_wconf 81' lang='lat' dir='ltr'><strong>obnoxii</strong></span> <span class='ocrx_word' id='word_1_568' title='bbox 671 4518 724 4573; x_wconf 90' lang='lat' dir='ltr'><strong>ei</strong></span> <span class='ocrx_word' id='word_1_569' title='bbox 771 4517 925 4573; x_wconf 84' lang='lat' dir='ltr'><strong>fuere</strong></span> <span class='ocrx_word' id='word_1_570' title='bbox 964 4533 980 4569; x_wconf 86' lang='lat'><strong>:</strong></span> <span class='ocrx_word' id='word_1_571' title='bbox 1013 4529 1068 4573; x_wconf 90' lang='lat' dir='ltr'><strong>et</strong></span> <span class='ocrx_word' id='word_1_572' title='bbox 1108 4518 1396 4588; x_wconf 63' lang='lat' dir='ltr'><strong>praevaluit</strong></span> <span class='ocrx_word' id='word_1_573' title='bbox 1444 4533 1729 4591; x_wconf 86' lang='lat' dir='ltr'><strong>peccatum</strong></span> <span class='ocrx_word' id='word_1_574' title='bbox 1787 4534 1980 4579; x_wconf 87' lang='lat' dir='ltr'><strong>contra</strong></span> <span class='ocrx_word' id='word_1_575' title='bbox 2010 4500 2056 4556; x_wconf 81' lang='grc' dir='ltr'><strong>Ῑ)</strong></span> 
     </span>
    </p>
   </div>
   <div class='ocr_carea' id='block_1_79' title="bbox 396 4608 1979 4689">
    <p class='ocr_par' dir='ltr' id='par_1_79' title="bbox 396 4608 1979 4689">
     <span class='ocr_line' id='line_1_79' title="bbox 396 4608 1979 4689; baseline 0.004 -23"><span class='ocrx_word' id='word_1_576' title='bbox 396 4610 673 4667; x_wconf 88' lang='lat' dir='ltr'><strong>homines.</strong></span> <span class='ocrx_word' id='word_1_577' title='bbox 706 4608 858 4665; x_wconf 82' lang='lat' dir='ltr'><strong>Misit</strong></span> <span class='ocrx_word' id='word_1_578' title='bbox 892 4618 1075 4665; x_wconf 91' lang='lat' dir='ltr'><strong>autem</strong></span> <span class='ocrx_word' id='word_1_579' title='bbox 1101 4611 1246 4667; x_wconf 87' lang='lat' dir='ltr'><strong>Deus</strong></span> <span class='ocrx_word' id='word_1_580' title='bbox 1272 4613 1568 4684; x_wconf 87' lang='lat' dir='ltr'><strong>prophetas</strong></span> <span class='ocrx_word' id='word_1_581' title='bbox 1601 4625 1656 4671; x_wconf 89' lang='lat' dir='ltr'><strong>et</strong></span> <span class='ocrx_word' id='word_1_582' title='bbox 1686 4617 1853 4689; x_wconf 76' lang='lat'><strong>286</strong></span> <span class='ocrx_word' id='word_1_583' title='bbox 1880 4619 1979 4673; x_wconf 87' lang='lat' dir='ltr'><strong>do-</strong></span> 
     </span>
    </p>
   </div>
   <div class='ocr_carea' id='block_1_80' title="bbox 397 4703 1979 4781">
    <p class='ocr_par' dir='ltr' id='par_1_80' title="bbox 397 4703 1979 4781">
     <span class='ocr_line' id='line_1_80' title="bbox 397 4703 1979 4781; baseline 0.004 -21"><span class='ocrx_word' id='word_1_584' title='bbox 397 4713 583 4761; x_wconf 89' lang='lat' dir='ltr'><strong>ctores</strong></span> <span class='ocrx_word' id='word_1_585' title='bbox 616 4704 673 4759; x_wconf 93' lang='lat' dir='ltr'><strong>in</strong></span> <span class='ocrx_word' id='word_1_586' title='bbox 707 4703 972 4759; x_wconf 87' lang='lat' dir='ltr'><strong>mundum</strong></span> <span class='ocrx_word' id='word_1_587' title='bbox 1004 4724 1017 4759; x_wconf 93' lang='lat'>:</span> <span class='ocrx_word' id='word_1_588' title='bbox 1052 4713 1113 4758; x_wconf 88' lang='lat' dir='ltr'><strong>ut</strong></span> <span class='ocrx_word' id='word_1_589' title='bbox 1144 4704 1407 4762; x_wconf 89' lang='lat' dir='ltr'><strong>docerent</strong></span> <span class='ocrx_word' id='word_1_590' title='bbox 1447 4708 1711 4763; x_wconf 90' lang='lat' dir='ltr'><strong>mundum</strong></span> <span class='ocrx_word' id='word_1_591' title='bbox 1760 4709 1837 4781; x_wconf 89' lang='lat' dir='ltr'><strong>(id</strong></span> <span class='ocrx_word' id='word_1_592' title='bbox 1893 4719 1979 4769; x_wconf 87' lang='lat' dir='ltr'><strong>est</strong></span> 
     </span>
    </p>
   </div>
   <div class='ocr_carea' id='block_1_81' title="bbox 395 4797 1983 4871">
    <p class='ocr_par' dir='ltr' id='par_1_81' title="bbox 395 4797 1983 4871">
     <span class='ocr_line' id='line_1_81' title="bbox 395 4797 1983 4871; baseline 0.006 -19"><span class='ocrx_word' id='word_1_593' title='bbox 395 4797 675 4868; x_wconf 89' lang='lat' dir='ltr'><strong>homines)</strong></span> <span class='ocrx_word' id='word_1_594' title='bbox 697 4804 752 4852; x_wconf 91' lang='lat' dir='ltr'><strong>et</strong></span> <span class='ocrx_word' id='word_1_595' title='bbox 787 4804 1239 4854; x_wconf 86' lang='lat' dir='ltr'><strong>converterentur</strong></span> <span class='ocrx_word' id='word_1_596' title='bbox 1266 4814 1296 4853; x_wconf 89' lang='lat' dir='ltr'><strong>a</strong></span> <span class='ocrx_word' id='word_1_597' title='bbox 1344 4808 1572 4871; x_wconf 89' lang='lat' dir='ltr'><strong>peccato</strong></span> <span class='ocrx_word' id='word_1_598' title='bbox 1604 4820 1618 4856; x_wconf 93' lang='lat'><strong>:</strong></span> <span class='ocrx_word' id='word_1_599' title='bbox 1647 4818 1751 4858; x_wconf 89' lang='lat' dir='ltr'><strong>nec</strong></span> <span class='ocrx_word' id='word_1_600' title='bbox 1794 4811 1983 4862; x_wconf 86' lang='lat' dir='ltr'><strong>tamen</strong></span> 
     </span>
    </p>
   </div>
   <div class='ocr_carea' id='block_1_82' title="bbox 394 4889 1985 4965">
    <p class='ocr_par' dir='ltr' id='par_1_82' title="bbox 394 4889 1985 4965">
     <span class='ocr_line' id='line_1_82' title="bbox 394 4889 1985 4965; baseline 0.006 -21"><span class='ocrx_word' id='word_1_601' title='bbox 394 4896 698 4962; x_wconf 90' lang='lat' dir='ltr'><strong>potuerunt</strong></span> <span class='ocrx_word' id='word_1_602' title='bbox 747 4889 1027 4960; x_wconf 70' lang='lat' dir='ltr'><strong>prophetae</strong></span> <span class='ocrx_word' id='word_1_603' title='bbox 1086 4898 1426 4948; x_wconf 87' lang='lat' dir='ltr'><strong>convertere.</strong></span> <span class='ocrx_word' id='word_1_604' title='bbox 1480 4890 1780 4965; x_wconf 88' lang='lat' dir='ltr'><strong>Propterea</strong></span> <span class='ocrx_word' id='word_1_605' title='bbox 1846 4897 1985 4953; x_wconf 78' lang='lat' dir='ltr'><strong>dixit</strong></span> 
     </span>
    </p>
   </div>
   <div class='ocr_carea' id='block_1_83' title="bbox 350 4980 1982 5058">
    <p class='ocr_par' dir='ltr' id='par_1_83' title="bbox 350 4980 1982 5058">
     <span class='ocr_line' id='line_1_83' title="bbox 350 4980 1982 5058; baseline 0.006 -21"><span class='ocrx_word' id='word_1_606' title='bbox 350 5046 353 5047; x_wconf 21' lang='grc' dir='ltr'><strong>ν</strong></span> <span class='ocrx_word' id='word_1_607' title='bbox 394 4980 544 5037; x_wconf 84' lang='lat' dir='ltr'><strong>Deus</strong></span> <span class='ocrx_word' id='word_1_608' title='bbox 572 4981 632 5036; x_wconf 86' lang='lat' dir='ltr'><strong>in</strong></span> <span class='ocrx_word' id='word_1_609' title='bbox 680 4983 863 5051; x_wconf 89' lang='lat' dir='ltr'><strong>seipso</strong></span> <span class='ocrx_word' id='word_1_610' title='bbox 898 4997 913 5033; x_wconf 90' lang='lat'><strong>:</strong></span> <span class='ocrx_word' id='word_1_611' title='bbox 957 4980 1318 5047; x_wconf 89' lang='lat' dir='ltr'><strong>Descendam,</strong></span> <span class='ocrx_word' id='word_1_612' title='bbox 1350 4993 1425 5050; x_wconf 85' lang='lat' dir='ltr'><strong>et,</strong></span> <span class='ocrx_word' id='word_1_613' title='bbox 1475 4995 1755 5058; x_wconf 87' lang='lat' dir='ltr'><strong>assumpta</strong></span> <span class='ocrx_word' id='word_1_614' title='bbox 1794 5004 1982 5056; x_wconf 91' lang='lat' dir='ltr'><strong>carne,</strong></span> 
     </span>
    </p>
   </div>
   <div class='ocr_carea' id='block_1_84' title="bbox 397 5072 1986 5146">
    <p class='ocr_par' dir='ltr' id='par_1_84' title="bbox 397 5072 1986 5146">
     <span class='ocr_line' id='line_1_84' title="bbox 397 5072 1986 5146; baseline 0.003 -17"><span class='ocrx_word' id='word_1_615' title='bbox 397 5078 525 5130; x_wconf 78' lang='lat' dir='ltr'><strong>tiam</strong></span> <span class='ocrx_word' id='word_1_616' title='bbox 556 5072 984 5140; x_wconf 83' lang='lat' dir='ltr'><strong>hominil‘ormis,</strong></span> <span class='ocrx_word' id='word_1_617' title='bbox 1013 5082 1067 5130; x_wconf 90' lang='lat' dir='ltr'><strong>et</strong></span> <span class='ocrx_word' id='word_1_618' title='bbox 1087 5074 1312 5131; x_wconf 84' lang='lat' dir='ltr'><strong>&#39;docebo</strong></span> <span class='ocrx_word' id='word_1_619' title='bbox 1346 5074 1661 5146; x_wconf 81' lang='lat' dir='ltr'><strong>ﬁgmentum</strong></span> <span class='ocrx_word' id='word_1_620' title='bbox 1693 5093 1898 5144; x_wconf 90' lang='lat' dir='ltr'><strong>meum,</strong></span> <span class='ocrx_word' id='word_1_621' title='bbox 1930 5087 1986 5136; x_wconf 89' lang='lat' dir='ltr'><strong>et</strong></span> 
     </span>
    </p>
   </div>
   <div class='ocr_carea' id='block_1_85' title="bbox 397 5157 1985 5222">
    <p class='ocr_par' dir='ltr' id='par_1_85' title="bbox 397 5157 1985 5222">
     <span class='ocr_line' id='line_1_85' title="bbox 397 5157 1985 5222; baseline 0.004 -10"><span class='ocrx_word' id='word_1_622' title='bbox 397 5166 802 5214; x_wconf 78' lang='lat' dir='ltr'><strong>convertetura</strong></span> <span class='ocrx_word' id='word_1_623' title='bbox 832 5157 1068 5214; x_wconf 90' lang='lat' dir='ltr'><strong>consilio</strong></span> <span class='ocrx_word' id='word_1_624' title='bbox 1101 5157 1326 5222; x_wconf 91' lang='lat' dir='ltr'><strong>diaboli,</strong></span> <span class='ocrx_word' id='word_1_625' title='bbox 1356 5166 1435 5215; x_wconf 77' lang='lat' dir='ltr'><strong>et‘</strong></span> <span class='ocrx_word' id='word_1_626' title='bbox 1461 5159 1569 5215; x_wconf 92' lang='lat' dir='ltr'><strong>erit</strong></span> <span class='ocrx_word' id='word_1_627' title='bbox 1610 5162 1985 5218; x_wconf 83' lang='lat' dir='ltr'><strong>omnishomo</strong></span> 
     </span>
    </p>
   </div>
   <div class='ocr_carea' id='block_1_86' title="bbox 396 5250 1982 5317">
    <p class='ocr_par' dir='ltr' id='par_1_86' title="bbox 396 5250 1982 5317">
     <span class='ocr_line' id='line_1_86' title="bbox 396 5250 1982 5317; baseline 0.002 -9"><span class='ocrx_word' id='word_1_628' title='bbox 396 5259 462 5308; x_wconf 91' lang='lat' dir='ltr'><strong>ut</strong></span> <span class='ocrx_word' id='word_1_629' title='bbox 490 5250 659 5313; x_wconf 88' lang='lat' dir='ltr'><strong>Deus,</strong></span> <span class='ocrx_word' id='word_1_630' title='bbox 700 5265 816 5306; x_wconf 90' lang='lat' dir='ltr'><strong>non</strong></span> <span class='ocrx_word' id='word_1_631' title='bbox 864 5250 1168 5307; x_wconf 89' lang='lat' dir='ltr'><strong>secundum</strong></span> <span class='ocrx_word' id='word_1_632' title='bbox 1227 5257 1505 5317; x_wconf 88' lang='lat' dir='ltr'><strong>naturam,</strong></span> <span class='ocrx_word' id='word_1_633' title='bbox 1539 5252 1633 5308; x_wconf 90' lang='lat' dir='ltr'><strong>sed</strong></span> <span class='ocrx_word' id='word_1_634' title='bbox 1678 5254 1982 5311; x_wconf 86' lang='lat' dir='ltr'><strong>secundum</strong></span> 
     </span>
    </p>
   </div>
   <div class='ocr_carea' id='block_1_87' title="bbox 341 5342 1985 5424">
    <p class='ocr_par' dir='ltr' id='par_1_87' title="bbox 341 5342 1985 5424">
     <span class='ocr_line' id='line_1_87' title="bbox 341 5342 1985 5424; baseline 0.002 -24"><span class='ocrx_word' id='word_1_635' title='bbox 341 5420 344 5424; x_wconf 21' lang='grc' dir='ltr'>ι</span> <span class='ocrx_word' id='word_1_636' title='bbox 398 5344 774 5415; x_wconf 82' lang='lat' dir='ltr'><strong>adoptionem.</strong></span> <span class='ocrx_word' id='word_1_637' title='bbox 802 5342 940 5398; x_wconf 94' lang='lat' dir='ltr'><strong>Cum</strong></span> <span class='ocrx_word' id='word_1_638' title='bbox 974 5343 1092 5399; x_wconf 64' lang='lat' dir='ltr'><strong>hac</strong></span> <span class='ocrx_word' id='word_1_639' title='bbox 1140 5343 1423 5415; x_wconf 84' lang='lat' dir='ltr'><strong>placerent</strong></span> <span class='ocrx_word' id='word_1_640' title='bbox 1467 5343 1580 5401; x_wconf 91' lang='lat' dir='ltr'><strong>Deo</strong></span> <span class='ocrx_word' id='word_1_641' title='bbox 1627 5344 1801 5410; x_wconf 88' lang='lat' dir='ltr'><strong>Patri,</strong></span> <span class='ocrx_word' id='word_1_642' title='bbox 1859 5346 1985 5420; x_wconf 81' lang='lat' dir='ltr'><strong>Spi-</strong></span> 
     </span>
    </p>
   </div>
   <div class='ocr_carea' id='block_1_88' title="bbox 400 5435 1981 5507">
    <p class='ocr_par' dir='ltr' id='par_1_88' title="bbox 400 5435 1981 5507">
     <span class='ocr_line' id='line_1_88' title="bbox 400 5435 1981 5507; baseline 0.002 -15"><span class='ocrx_word' id='word_1_643' title='bbox 400 5437 514 5493; x_wconf 85' lang='lat' dir='ltr'><strong>ritu</strong></span> <span class='ocrx_word' id='word_1_644' title='bbox 537 5445 731 5492; x_wconf 88' lang='lat' dir='ltr'><strong>sancto</strong></span> <span class='ocrx_word' id='word_1_645' title='bbox 764 5435 1083 5507; x_wconf 87' lang='lat' dir='ltr'><strong>adjuvante,</strong></span> <span class='ocrx_word' id='word_1_646' title='bbox 1107 5435 1397 5492; x_wconf 87' lang='lat' dir='ltr'><strong>descendit</strong></span> <span class='ocrx_word' id='word_1_647' title='bbox 1424 5436 1601 5494; x_wconf 90' lang='lat' dir='ltr'><strong>Filius</strong></span> <span class='ocrx_word' id='word_1_648' title='bbox 1652 5445 1708 5494; x_wconf 89' lang='lat' dir='ltr'><strong>et</strong></span> <span class='ocrx_word' id='word_1_649' title='bbox 1741 5437 1981 5496; x_wconf 78' lang='lat' dir='ltr'><strong>Verbum</strong></span> 
     </span>
    </p>
   </div>
   <div class='ocr_carea' id='block_1_89' title="bbox 398 5528 1985 5604">
    <p class='ocr_par' dir='ltr' id='par_1_89' title="bbox 398 5528 1985 5604">
     <span class='ocr_line' id='line_1_89' title="bbox 398 5528 1985 5604; baseline 0.004 -19"><span class='ocrx_word' id='word_1_650' title='bbox 398 5529 519 5596; x_wconf 88' lang='lat' dir='ltr'><strong>Dei,</strong></span> <span class='ocrx_word' id='word_1_651' title='bbox 537 5537 596 5584; x_wconf 88' lang='lat' dir='ltr'><strong>et</strong></span> <span class='ocrx_word' id='word_1_652' title='bbox 618 5529 901 5602; x_wconf 76' lang='lat' dir='ltr'><strong>ingressus</strong></span> <span class='ocrx_word' id='word_1_653' title='bbox 923 5537 1008 5587; x_wconf 87' lang='lat' dir='ltr'><strong>est</strong></span> <span class='ocrx_word' id='word_1_654' title='bbox 1037 5529 1449 5587; x_wconf 86' lang='lat' dir='ltr'><strong>immaculatum</strong></span> <span class='ocrx_word' id='word_1_655' title='bbox 1470 5528 1713 5604; x_wconf 76' lang='lat' dir='ltr'><strong>Virginis</strong></span> <span class='ocrx_word' id='word_1_656' title='bbox 1736 5532 1985 5591; x_wconf 89' lang='lat' dir='ltr'><strong>mulieris</strong></span> 
     </span>
    </p>
   </div>
   <div class='ocr_carea' id='block_1_90' title="bbox 2078 3215 3669 3300">
    <p class='ocr_par' dir='ltr' id='par_1_90' title="bbox 2078 3215 3669 3300">
     <span class='ocr_line' id='line_1_90' title="bbox 2078 3215 3669 3300; baseline -0.004 -16"><span class='ocrx_word' id='word_1_657' title='bbox 2078 3231 2147 3284; x_wconf 85' lang='grc' dir='ltr'><strong>τά</strong></span> <span class='ocrx_word' id='word_1_658' title='bbox 2179 3233 2236 3284; x_wconf 83' lang='grc' dir='ltr'>ὲν</span> <span class='ocrx_word' id='word_1_659' title='bbox 2287 3231 2493 3295; x_wconf 81' lang='grc' dir='ltr'>αὐτοῖς,</span> <span class='ocrx_word' id='word_1_660' title='bbox 2546 3215 2753 3283; x_wconf 72' lang='grc' dir='ltr'>ἔπλασε</span> <span class='ocrx_word' id='word_1_661' title='bbox 2812 3229 2869 3282; x_wconf 84' lang='grc' dir='ltr'><strong>δὲ</strong></span> <span class='ocrx_word' id='word_1_662' title='bbox 2916 3229 3012 3283; x_wconf 82' lang='grc' dir='ltr'><strong>καὶ</strong></span> <span class='ocrx_word' id='word_1_663' title='bbox 3054 3228 3147 3282; x_wconf 90' lang='grc' dir='ltr'><strong>τὸν</strong></span> <span class='ocrx_word' id='word_1_664' title='bbox 3195 3227 3518 3300; x_wconf 74' lang='grc' dir='ltr'>ἄνθρωπον,</span> <span class='ocrx_word' id='word_1_665' title='bbox 3573 3227 3669 3279; x_wconf 80' lang='grc' dir='ltr'><strong>καὶ</strong></span> 
     </span>
    </p>
   </div>
   <div class='ocr_carea' id='block_1_91' title="bbox 2078 3317 3669 3397">
    <p class='ocr_par' dir='ltr' id='par_1_91' title="bbox 2078 3317 3669 3397">
     <span class='ocr_line' id='line_1_91' title="bbox 2078 3317 3669 3397; baseline -0.006 -20"><span class='ocrx_word' id='word_1_666' title='bbox 2078 3323 2277 3395; x_wconf 73' lang='grc' dir='ltr'>ἔθηκεν</span> <span class='ocrx_word' id='word_1_667' title='bbox 2310 3322 2473 3376; x_wconf 79' lang='grc' dir='ltr'>αὐτὸν</span> <span class='ocrx_word' id='word_1_668' title='bbox 2506 3323 2564 3375; x_wconf 80' lang='grc' dir='ltr'><strong>ἐν</strong></span> <span class='ocrx_word' id='word_1_669' title='bbox 2609 3323 2759 3394; x_wconf 83' lang='grc' dir='ltr'>μέσῳ</span> <span class='ocrx_word' id='word_1_670' title='bbox 2799 3319 2894 3375; x_wconf 89' lang='grc' dir='ltr'><strong>τοῦ</strong></span> <span class='ocrx_word' id='word_1_671' title='bbox 2926 3320 3291 3397; x_wconf 75' lang='grc' dir='ltr'>παραδείσου.</span> <span class='ocrx_word' id='word_1_672' title='bbox 3339 3319 3436 3372; x_wconf 74' lang='grc' dir='ltr'><strong>καὶ</strong></span> <span class='ocrx_word' id='word_1_673' title='bbox 3476 3317 3669 3383; x_wconf 69' lang='grc' dir='ltr'>ἔταξεν</span> 
     </span>
    </p>
   </div>
   <div class='ocr_carea' id='block_1_92' title="bbox 2080 3409 3670 3485">
    <p class='ocr_par' dir='ltr' id='par_1_92' title="bbox 2080 3409 3670 3485">
     <span class='ocr_line' id='line_1_92' title="bbox 2080 3409 3670 3485; baseline -0.004 -17"><span class='ocrx_word' id='word_1_674' title='bbox 2080 3414 2240 3469; x_wconf 82' lang='grc' dir='ltr'>αὑτὸν</span> <span class='ocrx_word' id='word_1_675' title='bbox 2285 3413 2510 3485; x_wconf 82' lang='grc' dir='ltr'>βασιλέα</span> <span class='ocrx_word' id='word_1_676' title='bbox 2552 3415 2634 3476; x_wconf 86' lang='grc' dir='ltr'><strong>είς</strong></span> <span class='ocrx_word' id='word_1_677' title='bbox 2683 3412 2863 3466; x_wconf 84' lang='grc' dir='ltr'>πάντα</span> <span class='ocrx_word' id='word_1_678' title='bbox 2902 3411 2973 3464; x_wconf 84' lang='grc' dir='ltr'>τὰ</span> <span class='ocrx_word' id='word_1_679' title='bbox 3022 3411 3333 3480; x_wconf 88' lang='grc' dir='ltr'>κτίσματα,</span> <span class='ocrx_word' id='word_1_680' title='bbox 3365 3410 3455 3462; x_wconf 80' lang='grc' dir='ltr'>ἶνα</span> <span class='ocrx_word' id='word_1_681' title='bbox 3486 3409 3670 3462; x_wconf 82' lang='grc' dir='ltr'>πάντα</span> 
     </span>
    </p>
   </div>
   <div class='ocr_carea' id='block_1_93' title="bbox 2078 3502 3666 3579">
    <p class='ocr_par' dir='ltr' id='par_1_93' title="bbox 2078 3502 3666 3579">
     <span class='ocr_line' id='line_1_93' title="bbox 2078 3502 3666 3579; baseline -0.003 -16"><span class='ocrx_word' id='word_1_682' title='bbox 2078 3508 2404 3563; x_wconf 82' lang='grc' dir='ltr'>δουλεύωσιν</span> <span class='ocrx_word' id='word_1_683' title='bbox 2434 3506 2603 3579; x_wconf 82' lang='grc' dir='ltr'>αὐτῷ,</span> <span class='ocrx_word' id='word_1_684' title='bbox 2633 3508 2730 3562; x_wconf 77' lang='grc' dir='ltr'><strong>καὶ</strong></span> <span class='ocrx_word' id='word_1_685' title='bbox 2770 3509 3046 3561; x_wconf 84' lang='grc' dir='ltr'>κατοικεῖν</span> <span class='ocrx_word' id='word_1_686' title='bbox 3079 3506 3244 3559; x_wconf 77' lang='grc' dir='ltr'>αὐτὸν</span> <span class='ocrx_word' id='word_1_687' title='bbox 3270 3509 3330 3560; x_wconf 84' lang='grc' dir='ltr'>ὲν</span> <span class='ocrx_word' id='word_1_688' title='bbox 3359 3502 3438 3575; x_wconf 81' lang='grc' dir='ltr'>τῷ</span> <span class='ocrx_word' id='word_1_689' title='bbox 3489 3522 3666 3578; x_wconf 70' lang='grc' dir='ltr'>παραο</span> 
     </span>
    </p>
   </div>
   <div class='ocr_carea' id='block_1_94' title="bbox 2079 3595 3668 3669">
    <p class='ocr_par' dir='ltr' id='par_1_94' title="bbox 2079 3595 3668 3669">
     <span class='ocr_line' id='line_1_94' title="bbox 2079 3595 3668 3669; baseline -0.003 -18"><span class='ocrx_word' id='word_1_690' title='bbox 2079 3599 2260 3669; x_wconf 85' lang='grc' dir='ltr'>δείσῳ,</span> <span class='ocrx_word' id='word_1_691' title='bbox 2296 3599 2373 3662; x_wconf 87' lang='grc' dir='ltr'><strong>ώς</strong></span> <span class='ocrx_word' id='word_1_692' title='bbox 2401 3596 2537 3652; x_wconf 89' lang='grc' dir='ltr'>Θεοῦ</span> <span class='ocrx_word' id='word_1_693' title='bbox 2598 3596 2784 3653; x_wconf 85' lang='grc' dir='ltr'>είκών.</span> <span class='ocrx_word' id='word_1_694' title='bbox 2824 3596 2998 3662; x_wconf 77' lang='grc' dir='ltr'><strong>Εἰδὼς</strong></span> <span class='ocrx_word' id='word_1_695' title='bbox 3030 3595 3189 3650; x_wconf 88' lang='grc' dir='ltr'>τοῦτο</span> <span class='ocrx_word' id='word_1_696' title='bbox 3210 3599 3240 3650; x_wconf 94' lang='grc' dir='ltr'><strong>ό</strong></span> <span class='ocrx_word' id='word_1_697' title='bbox 3273 3596 3541 3660; x_wconf 85' lang='grc' dir='ltr'>διάϐολος,</span> <span class='ocrx_word' id='word_1_698' title='bbox 3572 3597 3668 3650; x_wconf 75' lang='grc' dir='ltr'><strong>καὶ</strong></span> 
     </span>
    </p>
   </div>
   <div class='ocr_carea' id='block_1_95' title="bbox 2081 3688 3669 3762">
    <p class='ocr_par' dir='ltr' id='par_1_95' title="bbox 2081 3688 3669 3762">
     <span class='ocr_line' id='line_1_95' title="bbox 2081 3688 3669 3762; baseline -0.001 -19"><span class='ocrx_word' id='word_1_699' title='bbox 2081 3690 2357 3762; x_wconf 79' lang='grc' dir='ltr'>φθονήσας</span> <span class='ocrx_word' id='word_1_700' title='bbox 2390 3691 2493 3762; x_wconf 76' lang='grc' dir='ltr'>τὴν</span> <span class='ocrx_word' id='word_1_701' title='bbox 2526 3689 2620 3744; x_wconf 89' lang='grc' dir='ltr'><strong>τοῦ</strong></span> <span class='ocrx_word' id='word_1_702' title='bbox 2658 3688 2949 3762; x_wconf 86' lang='grc' dir='ltr'>ἀνθρώπου</span> <span class='ocrx_word' id='word_1_703' title='bbox 2998 3689 3152 3755; x_wconf 82' lang='grc' dir='ltr'>ἀξίαν</span> <span class='ocrx_word' id='word_1_704' title='bbox 3173 3729 3188 3752; x_wconf 89' lang='grc'><strong>,</strong></span> <span class='ocrx_word' id='word_1_705' title='bbox 3245 3688 3669 3743; x_wconf 80' lang='grc' dir='ltr'>συνεϐούλευσεν</span> 
     </span>
    </p>
   </div>
   <div class='ocr_carea' id='block_1_96' title="bbox 2080 3780 3668 3860">
    <p class='ocr_par' dir='ltr' id='par_1_96' title="bbox 2080 3780 3668 3860">
     <span class='ocr_line' id='line_1_96' title="bbox 2080 3780 3668 3860; baseline -0.001 -25"><span class='ocrx_word' id='word_1_706' title='bbox 2080 3782 2233 3853; x_wconf 87' lang='grc' dir='ltr'>αὑτῷ</span> <span class='ocrx_word' id='word_1_707' title='bbox 2263 3782 2344 3853; x_wconf 84' lang='grc' dir='ltr'>τῷ</span> <span class='ocrx_word' id='word_1_708' title='bbox 2397 3781 2671 3860; x_wconf 81' lang='grc' dir='ltr'>ἀνθρώπῳ</span> <span class='ocrx_word' id='word_1_709' title='bbox 2716 3781 3065 3858; x_wconf 85' lang='grc' dir='ltr'>παρακοῦσαι</span> <span class='ocrx_word' id='word_1_710' title='bbox 3106 3781 3201 3835; x_wconf 89' lang='grc' dir='ltr'><strong>τοῦ</strong></span> <span class='ocrx_word' id='word_1_711' title='bbox 3252 3780 3411 3846; x_wconf 84' lang='grc' dir='ltr'>Θεοῦ,</span> <span class='ocrx_word' id='word_1_712' title='bbox 3442 3781 3533 3835; x_wconf 79' lang='grc' dir='ltr'>ἵνα</span> <span class='ocrx_word' id='word_1_713' title='bbox 3580 3781 3668 3834; x_wconf 71' lang='grc' dir='ltr'><strong>διὰ</strong></span> 
     </span>
    </p>
   </div>
   <div class='ocr_carea' id='block_1_97' title="bbox 2081 3873 3669 3950">
    <p class='ocr_par' dir='ltr' id='par_1_97' title="bbox 2081 3873 3669 3950">
     <span class='ocr_line' id='line_1_97' title="bbox 2081 3873 3669 3950; baseline -0.002 -21"><span class='ocrx_word' id='word_1_714' title='bbox 2081 3876 2183 3946; x_wconf 83' lang='grc' dir='ltr'>τῆς</span> <span class='ocrx_word' id='word_1_715' title='bbox 2212 3878 2500 3950; x_wconf 83' lang='grc' dir='ltr'>παρακοῆς</span> <span class='ocrx_word' id='word_1_716' title='bbox 2538 3877 2717 3950; x_wconf 77' lang='grc' dir='ltr'>ἐξώσῃ</span> <span class='ocrx_word' id='word_1_717' title='bbox 2747 3876 2909 3930; x_wconf 87' lang='grc' dir='ltr'>αὐτὸν</span> <span class='ocrx_word' id='word_1_718' title='bbox 2937 3875 3034 3930; x_wconf 88' lang='grc' dir='ltr'><strong>τοῦ</strong></span> <span class='ocrx_word' id='word_1_719' title='bbox 3073 3873 3399 3948; x_wconf 83' lang='grc' dir='ltr'>παραδείσου</span> <span class='ocrx_word' id='word_1_720' title='bbox 3437 3875 3534 3928; x_wconf 58' lang='grc' dir='ltr'><strong>καὶ⁵</strong></span> <span class='ocrx_word' id='word_1_721' title='bbox 3568 3873 3669 3943; x_wconf 75' lang='grc' dir='ltr'>τῆς</span> 
     </span>
    </p>
   </div>
   <div class='ocr_carea' id='block_1_98' title="bbox 2083 3967 3668 4041">
    <p class='ocr_par' dir='ltr' id='par_1_98' title="bbox 2083 3967 3668 4041">
     <span class='ocr_line' id='line_1_98' title="bbox 2083 3967 3668 4041; baseline -0.002 -18"><span class='ocrx_word' id='word_1_722' title='bbox 2083 3969 2175 4023; x_wconf 88' lang='grc' dir='ltr'><strong>τοῦ</strong></span> <span class='ocrx_word' id='word_1_723' title='bbox 2204 3970 2341 4024; x_wconf 87' lang='grc' dir='ltr'>Θεοῦ</span> <span class='ocrx_word' id='word_1_724' title='bbox 2391 3970 2568 4036; x_wconf 80' lang='grc' dir='ltr'>ἀξίας,</span> <span class='ocrx_word' id='word_1_725' title='bbox 2601 3970 2696 4024; x_wconf 71' lang='grc' dir='ltr'><strong>καὶ</strong></span> <span class='ocrx_word' id='word_1_726' title='bbox 2736 3968 2930 4041; x_wconf 81' lang='grc' dir='ltr'>θνητὸν</span> <span class='ocrx_word' id='word_1_727' title='bbox 2975 3968 3068 4023; x_wconf 82' lang='grc' dir='ltr'><strong>τὸν</strong></span> <span class='ocrx_word' id='word_1_728' title='bbox 3100 3967 3367 4021; x_wconf 87' lang='grc' dir='ltr'>ἀθάνατον</span> <span class='ocrx_word' id='word_1_729' title='bbox 3412 3967 3668 4037; x_wconf 84' lang='grc' dir='ltr'>ἀπεργά-</span> 
     </span>
    </p>
   </div>
   <div class='ocr_carea' id='block_1_99' title="bbox 2085 4058 3669 4132">
    <p class='ocr_par' dir='ltr' id='par_1_99' title="bbox 2085 4058 3669 4132">
     <span class='ocr_line' id='line_1_99' title="bbox 2085 4058 3669 4132; baseline -0.002 -19"><span class='ocrx_word' id='word_1_730' title='bbox 2085 4078 2266 4131; x_wconf 83' lang='grc' dir='ltr'>σηται.</span> <span class='ocrx_word' id='word_1_731' title='bbox 2302 4062 2358 4115; x_wconf 86' lang='grc' dir='ltr'>Ὀ</span> <span class='ocrx_word' id='word_1_732' title='bbox 2394 4062 2450 4115; x_wconf 84' lang='grc' dir='ltr'><strong>δὲ</strong></span> <span class='ocrx_word' id='word_1_733' title='bbox 2483 4061 2789 4132; x_wconf 81' lang='grc' dir='ltr'>ἅνθρωπος,</span> <span class='ocrx_word' id='word_1_734' title='bbox 2818 4060 2895 4123; x_wconf 86' lang='grc' dir='ltr'><strong>ὡς</strong></span> <span class='ocrx_word' id='word_1_735' title='bbox 2937 4060 3011 4131; x_wconf 81' lang='grc' dir='ltr'>μὴ</span> <span class='ocrx_word' id='word_1_736' title='bbox 3061 4058 3201 4129; x_wconf 78' lang='grc' dir='ltr'>ἔχων</span> <span class='ocrx_word' id='word_1_737' title='bbox 3229 4061 3427 4130; x_wconf 85' lang='grc' dir='ltr'>πεῖραν</span> <span class='ocrx_word' id='word_1_738' title='bbox 3465 4058 3669 4121; x_wconf 84' lang='grc' dir='ltr'>κακίας</span> 
     </span>
    </p>
   </div>
   <div class='ocr_carea' id='block_1_100' title="bbox 2083 4151 3669 4230">
    <p class='ocr_par' dir='ltr' id='par_1_100' title="bbox 2083 4151 3669 4230">
     <span class='ocr_line' id='line_1_100' title="bbox 2083 4151 3669 4230; baseline -0.003 -21"><span class='ocrx_word' id='word_1_739' title='bbox 2083 4155 2178 4209; x_wconf 91' lang='grc' dir='ltr'><strong>τοῦ</strong></span> <span class='ocrx_word' id='word_1_740' title='bbox 2214 4155 2475 4227; x_wconf 87' lang='grc' dir='ltr'>πονηροῦ,</span> <span class='ocrx_word' id='word_1_741' title='bbox 2532 4155 2733 4226; x_wconf 70' lang='grc' dir='ltr'>ἢκουσε</span> <span class='ocrx_word' id='word_1_742' title='bbox 2770 4153 2872 4224; x_wconf 77' lang='grc' dir='ltr'>τῆς</span> <span class='ocrx_word' id='word_1_743' title='bbox 2905 4151 3219 4230; x_wconf 81' lang='grc' dir='ltr'>συμϐουλῆς</span> <span class='ocrx_word' id='word_1_744' title='bbox 3258 4151 3353 4206; x_wconf 87' lang='grc' dir='ltr'><strong>τοῦ</strong></span> <span class='ocrx_word' id='word_1_745' title='bbox 3392 4151 3669 4217; x_wconf 81' lang='grc' dir='ltr'>διαϐόλου,</span> 
     </span>
    </p>
   </div>
   <div class='ocr_carea' id='block_1_101' title="bbox 2082 4244 3671 4321">
    <p class='ocr_par' dir='ltr' id='par_1_101' title="bbox 2082 4244 3671 4321">
     <span class='ocr_line' id='line_1_101' title="bbox 2082 4244 3671 4321; baseline -0.001 -19"><span class='ocrx_word' id='word_1_746' title='bbox 2082 4249 2178 4302; x_wconf 67' lang='grc' dir='ltr'>καὶ</span> <span class='ocrx_word' id='word_1_747' title='bbox 2217 4250 2536 4321; x_wconf 86' lang='grc' dir='ltr'>παρήκουσε</span> <span class='ocrx_word' id='word_1_748' title='bbox 2584 4246 2680 4301; x_wconf 88' lang='grc' dir='ltr'><strong>τοῦ</strong></span> <span class='ocrx_word' id='word_1_749' title='bbox 2718 4246 2884 4313; x_wconf 84' lang='grc' dir='ltr'>Θεοῦ,</span> <span class='ocrx_word' id='word_1_750' title='bbox 2931 4247 3024 4301; x_wconf 62' lang='grc' dir='ltr'><strong>καὶ¹</strong></span> <span class='ocrx_word' id='word_1_751' title='bbox 3075 4244 3262 4299; x_wconf 78' lang='grc' dir='ltr'>ἔκτοτε</span> <span class='ocrx_word' id='word_1_752' title='bbox 3308 4245 3526 4310; x_wconf 77' lang='grc' dir='ltr'>ἐδέξατο</span> <span class='ocrx_word' id='word_1_753' title='bbox 3576 4246 3671 4301; x_wconf 87' lang='grc' dir='ltr'><strong>τὸν</strong></span> 
     </span>
    </p>
   </div>
   <div class='ocr_carea' id='block_1_102' title="bbox 2084 4337 3671 4412">
    <p class='ocr_par' dir='ltr' id='par_1_102' title="bbox 2084 4337 3671 4412">
     <span class='ocr_line' id='line_1_102' title="bbox 2084 4337 3671 4412; baseline -0.003 -16"><span class='ocrx_word' id='word_1_754' title='bbox 2084 4341 2314 4396; x_wconf 87' lang='grc' dir='ltr'>θάνατον</span> <span class='ocrx_word' id='word_1_755' title='bbox 2353 4340 2453 4411; x_wconf 83' lang='grc' dir='ltr'><strong>τῆς</strong></span> <span class='ocrx_word' id='word_1_756' title='bbox 2513 4340 2787 4412; x_wconf 87' lang='grc' dir='ltr'>ἁμαρτίας</span> <span class='ocrx_word' id='word_1_757' title='bbox 2815 4380 2831 4404; x_wconf 89' lang='grc'><strong>,</strong></span> <span class='ocrx_word' id='word_1_758' title='bbox 2877 4337 3081 4411; x_wconf 81' lang='grc' dir='ltr'>ὁμοίως</span> <span class='ocrx_word' id='word_1_759' title='bbox 3126 4338 3223 4397; x_wconf 75' lang='grc' dir='ltr'><strong>καὶ</strong></span> <span class='ocrx_word' id='word_1_760' title='bbox 3255 4338 3456 4403; x_wconf 86' lang='grc' dir='ltr'>πάντες</span> <span class='ocrx_word' id='word_1_761' title='bbox 3508 4340 3562 4392; x_wconf 83' lang='grc' dir='ltr'>οἱ</span> <span class='ocrx_word' id='word_1_762' title='bbox 3609 4340 3671 4405; x_wconf 76' lang='grc' dir='ltr'>ἐξ</span> 
     </span>
    </p>
   </div>
   <div class='ocr_carea' id='block_1_103' title="bbox 2083 4430 3673 4504">
    <p class='ocr_par' dir='ltr' id='par_1_103' title="bbox 2083 4430 3673 4504">
     <span class='ocr_line' id='line_1_103' title="bbox 2083 4430 3673 4504; baseline -0.004 -16"><span class='ocrx_word' id='word_1_763' title='bbox 2083 4434 2294 4488; x_wconf 77' lang='grc' dir='ltr'>ἐκείνου</span> <span class='ocrx_word' id='word_1_764' title='bbox 2320 4431 2603 4503; x_wconf 85' lang='grc' dir='ltr'>γενόμενοι</span> <span class='ocrx_word' id='word_1_765' title='bbox 2653 4431 2963 4504; x_wconf 73' lang='grc' dir='ltr'>ἄνθρωποι,</span> <span class='ocrx_word' id='word_1_766' title='bbox 2998 4433 3075 4497; x_wconf 84' lang='grc' dir='ltr'>ὡς</span> <span class='ocrx_word' id='word_1_767' title='bbox 3130 4433 3195 4485; x_wconf 80' lang='grc' dir='ltr'>ἐκ</span> <span class='ocrx_word' id='word_1_768' title='bbox 3239 4431 3519 4503; x_wconf 85' lang='grc' dir='ltr'>προγόνων</span> <span class='ocrx_word' id='word_1_769' title='bbox 3570 4430 3673 4502; x_wconf 78' lang='grc' dir='ltr'><strong>τὴν</strong></span> 
     </span>
    </p>
   </div>
   <div class='ocr_carea' id='block_1_104' title="bbox 2085 4523 3673 4599">
    <p class='ocr_par' dir='ltr' id='par_1_104' title="bbox 2085 4523 3673 4599">
     <span class='ocr_line' id='line_1_104' title="bbox 2085 4523 3673 4599; baseline -0.004 -18"><span class='ocrx_word' id='word_1_770' title='bbox 2085 4527 2363 4599; x_wconf 85' lang='grc' dir='ltr'>ἁμαρτίαν</span> <span class='ocrx_word' id='word_1_771' title='bbox 2399 4524 2676 4590; x_wconf 87' lang='grc' dir='ltr'>λαϐόντες,</span> <span class='ocrx_word' id='word_1_772' title='bbox 2699 4523 3011 4597; x_wconf 77' lang='grc' dir='ltr'>ἐκράτησαν</span> <span class='ocrx_word' id='word_1_773' title='bbox 3036 4523 3242 4595; x_wconf 80' lang='grc' dir='ltr'>ταύτην</span> <span class='ocrx_word' id='word_1_774' title='bbox 3262 4540 3277 4554; x_wconf 89' lang='grc'><strong>·</strong></span> <span class='ocrx_word' id='word_1_775' title='bbox 3323 4523 3418 4577; x_wconf 74' lang='grc' dir='ltr'>καὶ</span> <span class='ocrx_word' id='word_1_776' title='bbox 3447 4523 3673 4594; x_wconf 78' lang='grc' dir='ltr'>ἴσχυσεν</span> 
     </span>
    </p>
   </div>
   <div class='ocr_carea' id='block_1_105' title="bbox 2087 4610 3670 4688">
    <p class='ocr_par' dir='ltr' id='par_1_105' title="bbox 2087 4610 3670 4688">
     <span class='ocr_line' id='line_1_105' title="bbox 2087 4610 3670 4688; baseline -0.004 -17"><span class='ocrx_word' id='word_1_777' title='bbox 2087 4618 2121 4688; x_wconf 86' lang='grc' dir='ltr'>ἡ</span> <span class='ocrx_word' id='word_1_778' title='bbox 2158 4615 2403 4688; x_wconf 85' lang='grc' dir='ltr'>ἁμαρτία</span> <span class='ocrx_word' id='word_1_779' title='bbox 2429 4614 2577 4669; x_wconf 86' lang='grc' dir='ltr'><strong>κατά</strong></span> <span class='ocrx_word' id='word_1_780' title='bbox 2597 4613 2713 4671; x_wconf 85' lang='grc' dir='ltr'>τῶν,</span> <span class='ocrx_word' id='word_1_781' title='bbox 2736 4611 3063 4685; x_wconf 78' lang='grc' dir='ltr'>ἀνθρώπων.</span> <span class='ocrx_word' id='word_1_782' title='bbox 3089 4611 3228 4666; x_wconf 84' lang='grc' dir='ltr'><strong>Ἐπε</strong></span> <span class='ocrx_word' id='word_1_783' title='bbox 3239 4610 3347 4682; x_wconf 74' lang='grc' dir='ltr'><strong>μψε</strong></span> <span class='ocrx_word' id='word_1_784' title='bbox 3375 4612 3432 4665; x_wconf 85' lang='grc' dir='ltr'>δὲ</span> <span class='ocrx_word' id='word_1_785' title='bbox 3475 4613 3505 4664; x_wconf 92' lang='lat'><strong>6</strong></span> <span class='ocrx_word' id='word_1_786' title='bbox 3533 4611 3670 4675; x_wconf 86' lang='grc' dir='ltr'>Θεὸ;</span> 
     </span>
    </p>
   </div>
   <div class='ocr_carea' id='block_1_106' title="bbox 2087 4701 3674 4780">
    <p class='ocr_par' dir='ltr' id='par_1_106' title="bbox 2087 4701 3674 4780">
     <span class='ocr_line' id='line_1_106' title="bbox 2087 4701 3674 4780; baseline -0.004 -18"><span class='ocrx_word' id='word_1_787' title='bbox 2087 4709 2372 4780; x_wconf 66' lang='grc' dir='ltr'>προφήτας</span> <span class='ocrx_word' id='word_1_788' title='bbox 2402 4707 2497 4761; x_wconf 74' lang='grc' dir='ltr'><strong>καὶ</strong></span> <span class='ocrx_word' id='word_1_789' title='bbox 2521 4702 2878 4769; x_wconf 80' lang='grc' dir='ltr'>διδασκάλους</span> <span class='ocrx_word' id='word_1_790' title='bbox 2898 4706 2979 4768; x_wconf 83' lang='grc' dir='ltr'><strong>είς</strong></span> <span class='ocrx_word' id='word_1_791' title='bbox 3007 4703 3099 4758; x_wconf 88' lang='grc' dir='ltr'><strong>τὸν</strong></span> <span class='ocrx_word' id='word_1_792' title='bbox 3133 4704 3337 4775; x_wconf 87' lang='grc' dir='ltr'>κόσμον</span> <span class='ocrx_word' id='word_1_793' title='bbox 3355 4720 3368 4733; x_wconf 91' lang='grc'><strong>·</strong></span> <span class='ocrx_word' id='word_1_794' title='bbox 3403 4702 3489 4756; x_wconf 81' lang='grc' dir='ltr'><strong>ἵνα</strong></span> <span class='ocrx_word' id='word_1_795' title='bbox 3519 4701 3674 4757; x_wconf 79' lang='grc' dir='ltr'>διδά-</span> 
     </span>
    </p>
   </div>
   <div class='ocr_carea' id='block_1_107' title="bbox 2088 4792 3672 4869">
    <p class='ocr_par' dir='ltr' id='par_1_107' title="bbox 2088 4792 3672 4869">
     <span class='ocr_line' id='line_1_107' title="bbox 2088 4792 3672 4869; baseline -0.005 -15"><span class='ocrx_word' id='word_1_796' title='bbox 2088 4799 2219 4865; x_wconf 86' lang='grc' dir='ltr'>ξωσι</span> <span class='ocrx_word' id='word_1_797' title='bbox 2246 4799 2337 4852; x_wconf 91' lang='grc' dir='ltr'><strong>τὸν</strong></span> <span class='ocrx_word' id='word_1_798' title='bbox 2366 4799 2591 4868; x_wconf 88' lang='grc' dir='ltr'>κόσμον,</span> <span class='ocrx_word' id='word_1_799' title='bbox 2623 4797 2791 4869; x_wconf 73' lang='grc' dir='ltr'>ἤγουν</span> <span class='ocrx_word' id='word_1_800' title='bbox 2831 4795 2958 4860; x_wconf 79' lang='grc' dir='ltr'>τοὺς</span> <span class='ocrx_word' id='word_1_801' title='bbox 2986 4792 3341 4867; x_wconf 82' lang='grc' dir='ltr'>ἀνθρώπους,</span> <span class='ocrx_word' id='word_1_802' title='bbox 3377 4794 3473 4848; x_wconf 78' lang='grc' dir='ltr'>καὶ</span> <span class='ocrx_word' id='word_1_803' title='bbox 3504 4810 3672 4865; x_wconf 88' lang='grc' dir='ltr'>στρα-</span> 
     </span>
    </p>
   </div>
   <div class='ocr_carea' id='block_1_108' title="bbox 2090 4885 3671 4964">
    <p class='ocr_par' dir='ltr' id='par_1_108' title="bbox 2090 4885 3671 4964">
     <span class='ocr_line' id='line_1_108' title="bbox 2090 4885 3671 4964; baseline -0.003 -19"><span class='ocrx_word' id='word_1_804' title='bbox 2090 4891 2263 4964; x_wconf 81' lang='grc' dir='ltr'>φῶσιν</span> <span class='ocrx_word' id='word_1_805' title='bbox 2319 4891 2428 4948; x_wconf 84' lang='grc' dir='ltr'><strong>ἀπὸ</strong></span> <span class='ocrx_word' id='word_1_806' title='bbox 2477 4891 2577 4961; x_wconf 84' lang='grc' dir='ltr'>τῆς</span> <span class='ocrx_word' id='word_1_807' title='bbox 2623 4888 2933 4959; x_wconf 76' lang='grc' dir='ltr'>ἁμαρτίας·</span> <span class='ocrx_word' id='word_1_808' title='bbox 2982 4888 3077 4943; x_wconf 72' lang='grc' dir='ltr'>καὶ</span> <span class='ocrx_word' id='word_1_809' title='bbox 3109 4888 3210 4940; x_wconf 80' lang='grc' dir='ltr'>οὐκ</span> <span class='ocrx_word' id='word_1_810' title='bbox 3245 4885 3589 4958; x_wconf 73' lang='grc' dir='ltr'>ἠδυνήθησαν</span> <span class='ocrx_word' id='word_1_811' title='bbox 3622 4891 3671 4940; x_wconf 83' lang='lat' dir='ltr'><strong>oi</strong></span> 
     </span>
    </p>
   </div>
   <div class='ocr_carea' id='block_1_109' title="bbox 2089 4973 3674 5057">
    <p class='ocr_par' dir='ltr' id='par_1_109' title="bbox 2089 4973 3674 5057">
     <span class='ocr_line' id='line_1_109' title="bbox 2089 4973 3674 5057; baseline -0.004 -18"><span class='ocrx_word' id='word_1_812' title='bbox 2089 4986 2367 5057; x_wconf 78' lang='grc' dir='ltr'>προφῆται</span> <span class='ocrx_word' id='word_1_813' title='bbox 2393 4983 2486 5037; x_wconf 85' lang='grc' dir='ltr'><strong>τοῦ</strong></span> <span class='ocrx_word' id='word_1_814' title='bbox 2521 4981 2939 5055; x_wconf 84' lang='grc' dir='ltr'>διορθώσασθαι.</span> <span class='ocrx_word' id='word_1_815' title='bbox 2988 4980 3088 5034; x_wconf 89' lang='grc' dir='ltr'>Διά</span> <span class='ocrx_word' id='word_1_816' title='bbox 3116 4979 3275 5033; x_wconf 91' lang='grc' dir='ltr'>τοῦτο</span> <span class='ocrx_word' id='word_1_817' title='bbox 3302 4973 3455 5031; x_wconf 76' lang='grc' dir='ltr'>εἶπεν</span> <span class='ocrx_word' id='word_1_818' title='bbox 3481 4981 3510 5032; x_wconf 92' lang='lat'><strong>6</strong></span> <span class='ocrx_word' id='word_1_819' title='bbox 3538 4978 3674 5043; x_wconf 88' lang='grc' dir='ltr'>Θεὸς</span> 
     </span>
    </p>
   </div>
   <div class='ocr_carea' id='block_1_110' title="bbox 2087 5070 3674 5147">
    <p class='ocr_par' dir='ltr' id='par_1_110' title="bbox 2087 5070 3674 5147">
     <span class='ocr_line' id='line_1_110' title="bbox 2087 5070 3674 5147; baseline -0.005 -16"><span class='ocrx_word' id='word_1_820' title='bbox 2087 5078 2145 5131; x_wconf 81' lang='grc' dir='ltr'>ἐν</span> <span class='ocrx_word' id='word_1_821' title='bbox 2176 5075 2379 5147; x_wconf 81' lang='grc' dir='ltr'>ἑαυτῷ·</span> <span class='ocrx_word' id='word_1_822' title='bbox 2416 5075 2839 5146; x_wconf 82' lang='grc' dir='ltr'>Καταϐήσομαι,</span> <span class='ocrx_word' id='word_1_823' title='bbox 2861 5073 2958 5127; x_wconf 80' lang='grc' dir='ltr'>καὶ</span> <span class='ocrx_word' id='word_1_824' title='bbox 2988 5070 3204 5143; x_wconf 81' lang='grc' dir='ltr'>φορέσω</span> <span class='ocrx_word' id='word_1_825' title='bbox 3220 5071 3422 5139; x_wconf 81' lang='grc' dir='ltr'>σάρκα,</span> <span class='ocrx_word' id='word_1_826' title='bbox 3457 5070 3554 5124; x_wconf 68' lang='grc' dir='ltr'>καὶ</span> <span class='ocrx_word' id='word_1_827' title='bbox 3582 5087 3674 5140; x_wconf 81' lang='grc' dir='ltr'>γε-</span> 
     </span>
    </p>
   </div>
   <div class='ocr_carea' id='block_1_111' title="bbox 2084 5166 3673 5241">
    <p class='ocr_par' dir='ltr' id='par_1_111' title="bbox 2084 5166 3673 5241">
     <span class='ocr_line' id='line_1_111' title="bbox 2084 5166 3673 5241; baseline -0.001 -21"><span class='ocrx_word' id='word_1_828' title='bbox 2084 5167 2323 5238; x_wconf 88' lang='grc' dir='ltr'>νήσομαι</span> <span class='ocrx_word' id='word_1_829' title='bbox 2347 5167 2835 5241; x_wconf 87' lang='grc' dir='ltr'>ἀνθρωπόμορφος,</span> <span class='ocrx_word' id='word_1_830' title='bbox 2863 5168 2957 5223; x_wconf 70' lang='grc' dir='ltr'><strong>καὶ</strong></span> <span class='ocrx_word' id='word_1_831' title='bbox 2986 5166 3182 5232; x_wconf 84' lang='grc' dir='ltr'>διδάξω</span> <span class='ocrx_word' id='word_1_832' title='bbox 3205 5166 3268 5220; x_wconf 88' lang='grc' dir='ltr'><strong>τὸ</strong></span> <span class='ocrx_word' id='word_1_833' title='bbox 3294 5166 3523 5236; x_wconf 87' lang='grc' dir='ltr'>πλάσμα</span> <span class='ocrx_word' id='word_1_834' title='bbox 3548 5183 3673 5237; x_wconf 82' lang='grc' dir='ltr'>μου,</span> 
     </span>
    </p>
   </div>
   <div class='ocr_carea' id='block_1_112' title="bbox 2086 5256 3671 5332">
    <p class='ocr_par' dir='ltr' id='par_1_112' title="bbox 2086 5256 3671 5332">
     <span class='ocr_line' id='line_1_112' title="bbox 2086 5256 3671 5332; baseline -0.002 -20"><span class='ocrx_word' id='word_1_835' title='bbox 2086 5259 2180 5312; x_wconf 76' lang='grc' dir='ltr'><strong>καὶ</strong></span> <span class='ocrx_word' id='word_1_836' title='bbox 2218 5260 2593 5332; x_wconf 83' lang='grc' dir='ltr'>στραφήσεται</span> <span class='ocrx_word' id='word_1_837' title='bbox 2637 5260 2746 5314; x_wconf 89' lang='grc' dir='ltr'><strong>ἀπὸ</strong></span> <span class='ocrx_word' id='word_1_838' title='bbox 2783 5261 2885 5332; x_wconf 83' lang='grc' dir='ltr'><strong>τῆς</strong></span> <span class='ocrx_word' id='word_1_839' title='bbox 2927 5257 3022 5312; x_wconf 89' lang='grc' dir='ltr'><strong>τοῦ</strong></span> <span class='ocrx_word' id='word_1_840' title='bbox 3055 5257 3302 5313; x_wconf 88' lang='grc' dir='ltr'>διαϐόλου</span> <span class='ocrx_word' id='word_1_841' title='bbox 3336 5256 3671 5328; x_wconf 78' lang='grc' dir='ltr'>συμϐουλῆς,</span> 
     </span>
    </p>
   </div>
   <div class='ocr_carea' id='block_1_113' title="bbox 2087 5345 3670 5424">
    <p class='ocr_par' dir='ltr' id='par_1_113' title="bbox 2087 5345 3670 5424">
     <span class='ocr_line' id='line_1_113' title="bbox 2087 5345 3670 5424; baseline -0.004 -19"><span class='ocrx_word' id='word_1_842' title='bbox 2087 5352 2183 5406; x_wconf 68' lang='grc' dir='ltr'>καὶ</span> <span class='ocrx_word' id='word_1_843' title='bbox 2223 5351 2375 5405; x_wconf 73' lang='grc' dir='ltr'>ἔσται</span> <span class='ocrx_word' id='word_1_844' title='bbox 2402 5353 2510 5415; x_wconf 79' lang='grc' dir='ltr'><strong>πᾶς</strong></span> <span class='ocrx_word' id='word_1_845' title='bbox 2559 5350 2845 5424; x_wconf 82' lang='grc' dir='ltr'>ἄνθρωπος</span> <span class='ocrx_word' id='word_1_846' title='bbox 2889 5352 2965 5416; x_wconf 86' lang='grc' dir='ltr'>ὼς</span> <span class='ocrx_word' id='word_1_847' title='bbox 3011 5350 3143 5413; x_wconf 88' lang='grc' dir='ltr'>Θεὸς</span> <span class='ocrx_word' id='word_1_848' title='bbox 3188 5349 3250 5402; x_wconf 79' lang='grc' dir='ltr'><strong>οὐ</strong></span> <span class='ocrx_word' id='word_1_849' title='bbox 3296 5347 3442 5402; x_wconf 86' lang='grc' dir='ltr'><strong>κατά</strong></span> <span class='ocrx_word' id='word_1_850' title='bbox 3485 5345 3670 5415; x_wconf 80' lang='grc' dir='ltr'>φύσιν,</span> 
     </span>
    </p>
   </div>
   <div class='ocr_carea' id='block_1_114' title="bbox 2086 5437 3674 5514">
    <p class='ocr_par' dir='ltr' id='par_1_114' title="bbox 2086 5437 3674 5514">
     <span class='ocr_line' id='line_1_114' title="bbox 2086 5437 3674 5514; baseline -0.004 -17"><span class='ocrx_word' id='word_1_851' title='bbox 2086 5443 2222 5497; x_wconf 86' lang='grc' dir='ltr'><strong>ἀλλά</strong></span> <span class='ocrx_word' id='word_1_852' title='bbox 2249 5444 2392 5498; x_wconf 86' lang='grc' dir='ltr'><strong>κατά</strong></span> <span class='ocrx_word' id='word_1_853' title='bbox 2419 5442 2585 5499; x_wconf 81' lang='grc' dir='ltr'>θέσιν.</span> <span class='ocrx_word' id='word_1_854' title='bbox 2604 5445 2715 5498; x_wconf 69' lang='grc' dir='ltr'>Καὶ</span> <span class='ocrx_word' id='word_1_855' title='bbox 2756 5442 2912 5498; x_wconf 87' lang='grc' dir='ltr'>τοῦτο</span> <span class='ocrx_word' id='word_1_856' title='bbox 2940 5439 3220 5514; x_wconf 68' lang='grc' dir='ltr'>βουληθεὶς</span> <span class='ocrx_word' id='word_1_857' title='bbox 3242 5441 3272 5493; x_wconf 92' lang='grc' dir='ltr'><strong>ό</strong></span> <span class='ocrx_word' id='word_1_858' title='bbox 3296 5438 3430 5502; x_wconf 85' lang='grc' dir='ltr'>Θεὸς</span> <span class='ocrx_word' id='word_1_859' title='bbox 3452 5437 3674 5508; x_wconf 72' lang='grc' dir='ltr'>εὐδοκία</span> 
     </span>
    </p>
   </div>
   <div class='ocr_carea' id='block_1_115' title="bbox 2084 5527 3669 5609">
    <p class='ocr_par' dir='ltr' id='par_1_115' title="bbox 2084 5527 3669 5609">
     <span class='ocr_line' id='line_1_115' title="bbox 2084 5527 3669 5609; baseline -0.005 -20"><span class='ocrx_word' id='word_1_860' title='bbox 2084 5533 2179 5589; x_wconf 88' lang='grc' dir='ltr'><strong>τοῦ</strong></span> <span class='ocrx_word' id='word_1_861' title='bbox 2228 5534 2473 5609; x_wconf 86' lang='grc' dir='ltr'>Πατρὸς,</span> <span class='ocrx_word' id='word_1_862' title='bbox 2514 5538 2605 5593; x_wconf 76' lang='grc' dir='ltr'><strong>καὶ</strong></span> <span class='ocrx_word' id='word_1_863' title='bbox 2661 5535 2950 5608; x_wconf 77' lang='grc' dir='ltr'>συνεργεία</span> <span class='ocrx_word' id='word_1_864' title='bbox 2978 5531 3072 5591; x_wconf 85' lang='grc' dir='ltr'><strong>τοῦ</strong></span> <span class='ocrx_word' id='word_1_865' title='bbox 3119 5530 3272 5602; x_wconf 85' lang='grc' dir='ltr'>ἁγίου</span> <span class='ocrx_word' id='word_1_866' title='bbox 3312 5527 3669 5602; x_wconf 79' lang='grc' dir='ltr'>Πνεῦματος,</span> 
     </span>
    </p>
   </div>
  </div>
