3868 6206
166 232 285 290 7%
1408 234 1781 302 QUESTION

1912 236 2118 292 ΑΜΕ.
3324 234 3437 297 790

170 348 488 418 συγκατὲση
526 349 556 400 ό
590 347 719 412 Υἱὸς
757 349 850 404 καὶ
879 350 1052 420 Λόγος
1080 350 1176 404 τοῦ
1198 349 1355 415 Θεοῦ,
1387 352 1482 404 καὶ
1504 351 1753 422 εἰσῆλθεν

1887 363 2093 420 ιιθνιιιιι,
2128 361 2183 409 et
2224 362 2506 426 assumpta
2552 369 2716 410 carne
2766 370 2835 410 ex
2881 354 2992 420 illa,
3046 353 3210 411 homo
3264 353 3444 412 factus

170 444 255 505 είς
294 441 541 512 καθαρὰν
589 443 800 496 κοιλίαν
841 442 1111 516 παρθένου
1138 442 1418 512 γυναικὸς,
1470 444 1562 497 καὶ
1584 461 1756 515 προσ-

1890 454 1940 502 st
1967 464 1980 499 :
2004 453 2060 501 et
2090 461 2282 501 rursus
2303 460 2558 516 egressus
2583 462 2651 500 ex
2680 445 2927 509 muliere,
2960 445 3153 499 relicta
3182 444 3275 499 illa
3304 459 3444 514 pura

169 532 475 603 λαϐόμενος
504 531 684 603 σάρκα
710 531 769 596 ἐξ
806 533 997 604 αὐτῆς,
1023 533 1438 603 ὲνηνθρώπησε’
1471 535 1565 587 καὶ
1598 535 1759 588 πάλιν

1893 543 1912 588 t
1941 534 2228 606 obsignata
2257 532 2481 605 Virgine
2506 534 2956 597 incontaminata,
2981 533 3442 603 quemadmodum

171 626 242 678 ἐκ
277 625 380 694 τῆς
423 625 681 692 γυναικὸς
711 623 966 690 ἐξελθὼν,
1020 626 1115 677 καὶ
1152 624 1554 693 ἐγκαταλείψεις
1592 622 1762 696 αὐτὴν

1887 623 2034 684 η’ἱυε,
2062 625 2424 679 inambulavit
2482 625 2539 677 in
2582 622 2789 681 mundo
2817 638 2945 677 cum
2992 622 3332 690 hominibus,
3384 630 3447 677 ut

172 715 426 787 καθαρὰν
484 718 581 770 καὶ
622 716 1068 787 ὲσφραγισμένην
1116 717 1383 787 παρθένον
1430 717 1762 787 ἀμόλυντον,

1887 730 2048 781 ιοωο,
2085 723 2139 770 et
2164 723 2297 771 tunc
2326 715 2636 786 appellatus
2658 722 2742 770 est
2762 713 3043 776 Christus,
3070 714 3213 784 quod
3242 724 3447 769 unctus

170 806 431 876 καθάπερ
470 807 534 860 τὸ
566 807 866 880 πρότερον,
918 809 1321 880 περιεπάτησεν
1358 810 1416 862 ὲν
1464 808 1542 880 τῷ
1570 811 1761 880 κόσμῳ

1887 814 2035 871 :sset,
2066 818 2121 862 et
2157 808 2378 862 tulisset
2404 821 2625 862 carnem
2670 805 2931 861 hominis.
2960 804 3024 858 Et
3053 805 3144 858 hic
3176 812 3263 860 est
3289 803 3431 859 Chri-

175 900 322 970 μετά
372 899 483 952 τῶν
514 897 840 971 ἀνθρώπων,
874 897 950 963 ὡς
993 898 1308 971 ἄνθρωπος,
1350 900 1445 952 καὶ
1477 899 1598 952 τότε
1629 899 1765 953 ὠνο-

1887 906 1991 955 itus
2019 898 2192 955 Filius
2219 906 2275 955 et
2302 897 2545 955 Verbum
2569 898 2687 962 Dei,
2711 896 2806 968 qui
2828 911 3051 951 carnem
3085 903 3282 967 gestat.

177 995 364 1065 μάσθη
420 994 691 1067 Χριστὸς,
741 993 833 1048 διά
866 992 928 1047 τὸ
973 994 1264 1066 χρισθῆναί
1302 1011 1363 1048 τε
1412 994 1507 1048 καὶ
1540 993 1772 1066 φορέσαι
1802 994 1901 1066 τὴν
1930 996 2110 1069 σάρκα
2138 994 2234 1050 τοῦ
2269 994 2716 1067 ἀνθρώπου.Καὶ
2743 986 2899 1057 οὗτός
2945 993 3093 1046 ἐστιν
3146 993 3175 1045 6
3217 990 3452 1063 Χριστὸς

165 1070 205 1138 ’ὁ
235 1087 365 1151 Υἱὸς
397 1089 493 1141 καὶ
516 1087 686 1157 Λόγος
722 1086 817 1141 τοῦ
846 1086 1004 1150 Θεοῦ,
1029 1088 1058 1140 ὀ
1088 1087 1268 1158 σάρκα
1306 1088 1511 1159 φορῶν.

265 1203 461 1276 Ἐρὼτ.
494 1201 581 1257 ιϐ’.
628 1202 740 1256 Καὶ
774 1200 893 1266 πῶς
917 1196 989 1273 ἦν
1011 1202 1235 1256 δυνατὸν
1271 1203 1451 1276 σάρκα
1495 1203 1765 1276 παρθένον

1935 1201 2156 1269 Ωοεετ.
2193 1199 2335 1257 XIX.
2364 1200 2433 1256 Et
2463 1201 2737 1273 quomodo
2776 1200 2890 1257 fleri
2935 1206 3139 1272 potest,
3172 1198 3452 1270 Virginem

175 1298 464 1367 γεννῆσαι,
491 1298 583 1350 καὶ
609 1296 769 1349 πάλιν
800 1295 980 1367 μένειν
1005 1295 1271 1367 παρθένον
1292 1312 1307 1360 ς
1331 1296 1425 1349 καὶ
1462 1295 1622 1349 τοῦτο
1634 1294 1769 1348 θαυ-

1887 1309 2060 1351 iarere
2090 1309 2335 1359 carnem,
2365 1303 2419 1349 et
2449 1304 2634 1349 tamen
2668 1307 2893 1347 manere
2925 1289 3237 1362 virginem?
3266 1297 3320 1344 et
3351 1288 3458 1345 hoc

182 1385 392 1455 μαστὸν
424 1385 558 1455 ἡμῖν
600 1385 696 1438 καὶ
744 1385 885 1438 πάνυ
933 1383 1171 1451 ἐξαίσιον
1215 1384 1466 1454 φαίνεται
1487 1400 1504 1417 ο
1552 1385 1766 1450 δίδαξον

1888 1389 2028 1444 nobis
2070 1388 2271 1442 mirum
2319 1386 2538 1441 videtur
2573 1395 2628 1442 et
2655 1384 2885 1440 omnino
2936 1382 3237 1439 absurdum
3273 1396 3287 1432 :
3319 1379 3458 1435 doce

178 1478 333 1547 ἡμᾶς
361 1478 454 1529 καὶ
485 1477 614 1549 περὶ
642 1476 855 1543 τούτου,
881 1475 1134 1547 δεόμεθα.

267 1567 457 1620 Ἀπόκ.
505 1568 569 1620 Εἰ
603 1569 698 1621 καὶ⁸
737 1566 1048 1637 θαυμαστὸν
1083 1570 1215 1639 ἡμῖν
1258 1568 1416 1622 δοκεῖ·
1441 1567 1621 1633 τοῦτο,
1647 1568 1769 1623 ἀλλ’

180 1662 289 1716 οὐκ
317 1659 604 1731 ἀνθρώπου
629 1661 690 1713 τὸ
722 1660 903 1732 ἔργον,
932 1660 1066 1715 Θεοῦ
1099 1662 1158 1715 δέ
1179 1678 1194 1692 ο
1225 1662 1360 1715 ὅπου
1387 1661 1496 1735 γὰρ
1520 1661 1767 1733 βούλεται

181 1751 343 1817 Θεδς,
365 1753 582 1806 νικᾶται
604 1751 818 1823 φύσεως
846 1751 1025 1820 τάξις·
1055 1753 1149 1807 καὶ
1176 1753 1339 1808 πάλιν
1356 1770 1371 1783 ο
1399 1772 1418 1804 ι
1447 1753 1769 1826 Θαυμαστὸς

181 1844 385 1909 ὀΘεδς,
412 1844 547 1899 »καὶ
573 1863 593 1896 ‹
620 1844 1002 1916 Θαυμαστάτά
1030 1845 1166 1918 ἔργα
1182 1845 1368 1899 αὐτοῦ.
1395 1865 1417 1898 ι
1434 1846 1581 1917 Πλὴν
1606 1846 1773 1901 ἀκου-

186 1954 285 1995 σον
342 1938 474 2008 περὶ
525 1936 629 2007 τῆς
677 1938 1016 2011 γεννησάσης
1063 1938 1342 2010 Παρθένου
1402 1939 1622 1994 ποικίλα
1677 1939 1774 1993 καὶ

185 2029 564 2100 ἐναργέστατα
594 2027 873 2099 σύμσολαο
927 2028 1225 2101 μνήσθητι,
1269 2029 1352 2083 ὅτι
1396 2029 1665 2102 παρθένος
1698 2028 1775 2083 ὣν

184 2123 218 2174 6
263 2119 434 2191 ’Δδάμ
480 2118 765 2191 τὴνηΕὖαν
813 2119 1107 2191 ὲγέννησε’
1161 2121 1258 2173 καὶ
1296 2120 1458 2175 πάλιν
1506 2120 1777 2193 παρθένος

184 2210 455 2281 διέμεινε,
490 2210 745 2283 καθάπερ
781 2210 843 2263 τὸ
872 2211 1158 2284 πρότερον.
1189 2213 1301 2267 Καὶ
1328 2212 1518 2286 ῶσπερ
1548 2214 1578 2267 6
1607 2212 1778 2283 Ἀδὰμ

187 2302 463 2373 παρθένος
492 2302 748 2374 ἐγέννησε
777 2305 873 2358 καὶ
914 2303 1183 2373 παρθένος
1209 2303 1468 2377 διέμεινε,
1493 2303 1637 2359 οὕτω
1681 2306 1778 2358 καὶ

185 2397 223 2464 ή
263 2392 524 2456 Θεοτόκος
552 2392 761 2464 Μαρία,
801 2391 1072 2463 παρθένος
1101 2390 1266 2459 οὖσα,
1305 2392 1460 2447 ἔτεκε
1504 2393 1596 2448 τὸν
1640 2395 1777 2464 Χρι-

191 2482 343 2547 στὸν,
377 2483 470 2535 καὶ
516 2480 682 2536 πάλιν
724 2481 993 2553 παρθένος
1029 2481 1287 2553 διέμεινε.
1334 2482 1496 2536 Ἀλλά
1529 2483 1623 2536 καὶ
1651 2482 1779 2538 ἄλλο

191 2573 341 2645 πρὸς
369 2571 526 2626 τοῦτο
570 2573 867 2644 μυστήριον
895 2573 1147 2628 ἄκουσον.
1177 2573 1389 2645 ’Ὠσπερ
1442 2569 1588 2636 οἶκος
1624 2590 1782 2644 περι-

193 2665 585 2736 πεφραγμένος
638 2661 901 2717 πάντοθεν
951 2663 1265 2718 ἀνατολικὸν
1310 2664 1448 2734 έχων
1482 2663 1687 2718 ὑέλινόν
1717 2681 1780 2718 τε

194 2755 438 2827 καθαρὸν
467 2757 563 2810 καὶ
599 2754 926 2809 λεπτότατον
958 2754 1369 2828 παραθυρίδιον,
1404 2755 1782 2820 ἀνατείλαντος

191 2847 292 2901 τοῦ
339 2846 492 2918 ἡλίου
551 2848 607 2900 αἱ
644 2848 862 2911 ἀκτῖνες
910 2846 1075 2900 αὑτοῦ
1131 2847 1431 2919 διαπερῶσι
1482 2847 1577 2901 τὸν
1627 2848 1781 2902 ὑελὸν

193 2940 296 2994 καὶ
340 2939 673 3011 εἰσέρχονται
725 2939 904 2994 πάντα
942 2940 1034 2994 τὸν
1078 2936 1226 2995 οἷκον
1273 2936 1745 3009 καταφωτίζοντες
1762 2954 1779 2971 ο

1867 1495 1971 1536 nos
1996 1479 2160 1535 etiam
2200 1478 2304 1533 hac
2333 1478 2402 1534 de
2432 1493 2513 1544 re,
2549 1491 2889 1548 quaesumus.

1943 1571 2109 1629 Resp.
2144 1571 2262 1627 Etsi
2292 1571 2459 1627 nobis
2513 1571 2617 1626 hoc
2665 1569 2965 1641 permirum
2996 1564 3234 1629 videtur,
3264 1579 3458 1620 verum

1874 1680 1985 1720 non
2038 1670 2125 1719 est
2187 1661 2429 1718 hominis
2476 1676 2637 1732 opus,
2690 1659 2787 1716 sed
2828 1657 2925 1713 Dei
2961 1675 2975 1712 :
3009 1655 3154 1711 Deus
3186 1654 3331 1711 enim
3368 1653 3462 1708 ubi

1875 1757 2013 1823 vult,
2038 1755 2212 1812 vincit
2268 1766 2480 1809 naturae
2528 1752 2801 1809 ordinem.
2851 1749 2917 1803 Et
2945 1763 3190 1804 rursus:
3232 1765 3252 1798 ‹
3290 1745 3459 1801 Mira-

1873 1849 2001 1905 bilis
2047 1855 2134 1904 est
2181 1846 2325 1902 Deus
2348 1846 2419 1913 “,
2461 1864 2481 1900 ι
2511 1852 2566 1901 et
2599 1861 2619 1895 ι
2652 1840 2922 1897 Mirabilia
2973 1852 3139 1910 opera
3189 1835 3310 1906 ejus
3336 1835 3401 1887 ι’.
3434 1854 3455 1887 ι

1875 1942 2269 1998 Verumtamen
2321 1939 2450 1995 audi
2503 1938 2572 1995 de
2613 1937 2837 2009 Virgine
2892 1933 3160 2007 genitrice
3204 1930 3358 1985 varia
3405 1940 3462 1983 et

1876 2032 2293 2091 evidentissima
2326 2030 2575 2104 symbola
2609 2045 2623 2082 :
2665 2027 2956 2084 recordare
2983 2029 3129 2099 quod
3153 2028 3319 2084 Evam
3350 2043 3446 2098 ge-

1878 2126 2060 2182 nuerit
2118 2125 2314 2190 Adam,
2361 2139 2487 2179 cum
2540 2131 2686 2180 esset
2727 2122 2927 2193 virgo:
2960 2134 3014 2178 et
3057 2138 3255 2179 rursus
3308 2122 3464 2192 virgo

1878 2214 2168 2279 manserit,
2230 2213 2693 2284 quemadmodum
2744 2213 2919 2284 prius.
2975 2211 3043 2266 Et
3092 2213 3237 2267 sicut
3285 2211 3459 2265 Adam

1878 2308 2030 2378 virgo
2057 2306 2360 2378 generavit,
2395 2313 2450 2361 et
2478 2306 2633 2377 virgo
2661 2305 2893 2368 mansit,
2913 2304 2988 2358 ita
3006 2314 3061 2359 et
3084 2302 3317 2374 Deipara
3342 2301 3460 2357 Ma-

1877 2400 1982 2464 ria,
2007 2399 2161 2470 virgo
2209 2413 2335 2453 cum
2377 2406 2544 2463 esset,
2593 2397 2805 2468 peperit
2841 2395 3149 2463 Christum,
3183 2402 3239 2450 et
3280 2402 3465 2450 tamen

1878 2490 2033 2561 virgo
2060 2489 2384 2561 permansit.
2412 2486 2520 2543 Sed
2542 2498 2598 2543 et
2626 2486 2773 2541 aliud
2799 2485 2927 2540 audi
2954 2485 3313 2557 mysterium:
3346 2484 3466 2539 sic-

1881 2591 1942 2638 ut
1986 2581 2185 2638 domus
2224 2583 2597 2650 circumsepta
2650 2579 2913 2649 undique,
2942 2592 3064 2649 qua:
3098 2577 3260 2633 habet
3285 2577 3468 2632 orion-

1879 2682 1992 2731 tem
2030 2689 2228 2730 versus
2250 2674 2484 2751 vitream
2536 2688 2731 2744 puram
2775 2679 2830 2727 et
2882 2669 3261 2726 tenuissimam
3314 2668 3466 2724 fene-

1882 2764 2115 2830 stellam,
2138 2764 2350 2818 oriente
2388 2764 2523 2829 sole,
2556 2763 2696 2818 radii
2722 2762 2842 2833 ejus
2874 2767 3224 2831 penetrantes
3257 2759 3463 2813 vitrum

1880 2863 1935 2912 et
1961 2855 2334 2926 ingredientes
2369 2854 2593 2910 domum
2630 2861 2803 2908 totam
2856 2852 3190 2907 collustrant
3222 2860 3312 2905 :et
3341 2865 3466 2904 tur--

1883 2962 1978 3003 sus
1999 2953 2324 3003 transeunte
2351 2947 2473 3002 sole
2508 2952 2564 3001 et
2608 2943 3019 3017 egredientibus
3066 2940 3239 2997 radiis
3260 2942 3465 2996 vitrum

194 3031 294 3085 καὶ
343 3031 507 3085 πάλιν
558 3031 969 3103 παρερχομένου
1010 3030 1106 3084 τοῦ
1143 3031 1293 3102 ἡλίου
1327 3033 1422 3084 καὶ
1465 3031 1573 3086 τῶν
1617 3031 1781 3084 αὑτοῦ

1887 3055 2000 3095 non
2041 3038 2432 3110 confringitur,
2469 3038 2564 3093 sed
2596 3036 2666 3092 ab
2722 3034 3160 3109 ingredientibus
3215 3039 3270 3088 et
3311 3048 3466 3104 egre—

195 3123 435 3176 ἀκτίνων
481 3121 876 3194 ἐξερχομένων,
909 3124 939 3176 6
971 3123 1123 3187 ὑελὸς
1157 3124 1218 3177 οὐ
1266 3122 1631 3194 συντρίϐεται,
1664 3122 1778 3177 ἀλλ’

197 3216 443 3287 ἀϐλαϐὴς
476 3217 542 3269 ὲκ
582 3215 691 3270 τῶν
730 3216 1128 3287 είσερχομένων
1172 3232 1233 3269 τε
1281 3216 1374 3269 καὶ
1411 3215 1782 3287 ἐξερχομένων

199 3305 622 3378 προσκρούσεων
648 3305 744 3360 τοῦ
771 3305 923 3377 ήλίου
955 3306 1201 3377 διαμένει
1229 3306 1490 3361 ἀκτίνωνο
1516 3306 1659 3361 οὕτω
1690 3324 1781 3379 μοι

197 3397 314 3451 νόει
344 3398 439 3452 καὶ
477 3398 608 3471 περὶ
654 3399 753 3469 τῆς
794 3397 1160 3470 ἀειπαρθένου
1207 3399 1450 3469 Μαρίας.
1494 3397 1643 3469 Αὕτη
1672 3399 1783 3471 γὰρ

199 3493 234 3562 ἡ
270 3491 563 3560 πάναγνος,
595 3491 672 3555 ὡς
691 3487 839 3556 οἶκος
864 3488 999 3547 οὖσα
1028 3494 1567 3565 περιπεφραγμένος,
1596 3496 1624 3549 6
1656 3495 1783 3558 Υἱὸς

198 3581 299 3634 καὶ
321 3580 494 3649 Λόγος
512 3579 608 3633 τοῦ
633 3580 767 3635 Θεοῦ
794 3581 1047 3654 καθάπερ
1067 3582 1227 3647 ἀκτὶς
1247 3581 1404 3655 θεῖκὴ
1430 3585 1496 3638 ὲκ
1515 3584 1610 3638 τοῦ
1631 3585 1784 3656 ἡλίου

199 3673 305 3744 τῆς
344 3672 689 3743 δικαιοσύνης
727 3672 822 3726 τοῦ
852 3672 1069 3746 Πατρὺς
1097 3672 1396 3738 κατελθὼν,
1436 3674 1532 3726 καὶ
1559 3673 1649 3726 διὰ
1688 3673 1783 3728 τοῦ

201 3764 413 3822 ὑελίνου
451 3764 842 3838 παραθυριδίου
893 3764 1002 3817 τῶν
1053 3763 1229 3818 ὠτίων
1271 3765 1441 3834 αὐτῆς
1486 3764 1780 3832 εἰσελθὼν,

201 3859 296 3913 τὸν
322 3857 589 3927 πανάγιον
608 3853 757 3911 οἷκον
787 3857 958 3928 αὐτῆς
993 3854 1354 3925 κατεφώτισε,
1382 3856 1479 3910 καὶ
1517 3856 1680 3913 πάλιν
1708 3857 1785 3922 ὡς

201 3946 343 4003 οἶδεν
392 3950 589 4013 αὐτὸς,
631 3948 858 4020 ἐξῆλθε,
915 3947 990 4019 μὴ
1039 3948 1287 4019 λυμήνας
1336 3948 1434 4021 τὴν
1487 3949 1786 4021 παρθενίαν

202 4042 420 4111 ἐκείνης
456 4041 520 4094 τὸ
555 4039 805 4095 σύνολον·
839 4039 953 4093 ἀλλ’
985 4040 1061 4104 ὡς
1108 4041 1217 4113 πρὸ
1258 4040 1561 4108 τοῦτόκου,
1601 4041 1698 4095 καὶ
1726 4043 1786 4094 ὲν

201 4132 285 4204 τῷ
318 4133 465 4204 τόκῳ
512 4134 609 4189 καὶ
670 4131 808 4203 μετά
847 4132 939 4184 τὸν
975 4132 1134 4188 τόκον
1185 4131 1452 4204 παρθένον
1487 4133 1658 4204 ἀγνὴν
1711 4131 1788 4184 δι-

203 4225 462 4295 εφύλαξε.
510 4226 615 4279 Σὺν
658 4226 867 4289 τούτοις
934 4223 993 4277 δὲ
1044 4224 1141 4278 καὶ
1189 4223 1374 4296 ἕτερον
1424 4223 1788 4295 φωτολαμπὲς

204 4319 305 4374 καὶ·
333 4316 816 4390 θαυμαστώτατον,
848 4317 1119 4371 κάκείνων
1142 4315 1443 4389 παρόμοιον
1485 4316 1787 4387 έκτύπωμα

1884 3133 2165 3189 dientibus
2239 3130 2753 3202 repereussionibus
2839 3128 3120 3183 radiorum
3204 3126 3465 3182 solarium

1884 3230 2067 3277 manet
2102 3221 2379 3288 illaesum;
2432 3221 2508 3274 ita
2562 3219 2838 3290 intelligas
2875 3217 2943 3274 de
2994 3232 3212 3288 semper
3243 3214 3467 3288 Virgine

1884 3313 2078 3371 Maria.
2120 3312 2218 3368 illa
2250 3314 2400 3368 enim
2455 3312 2792 3377 castissima,
2845 3319 2908 3365 ut
2961 3309 3159 3366 domus
3217 3308 3468 3380 quaedam

1884 3407 2247 3476 circumsepta
2281 3420 2407 3460 cum
2437 3404 2529 3471 sit,
2562 3401 2737 3458 Filius
2771 3409 2826 3457 et
2856 3399 3096 3458 Verbum
3142 3399 3236 3457 Dei
3272 3409 3332 3456 ut
3378 3414 3467 3455 ra-

1882 3499 2008 3554 dius
2037 3497 2255 3553 divinus
2283 3512 2348 3552 ex
2383 3496 2499 3552 sole
2537 3495 2762 3565 justitim
2787 3492 2949 3549 Patre
2973 3492 3338 3577 descendens,
3363 3491 3466 3562 qui

1884 3605 1983 3661 per
2034 3589 2266 3643 vitream
2320 3586 2663 3642 fenestellam
2708 3586 2922 3641 aurium
2990 3585 3140 3641 illius
3177 3584 3467 3655 ingressus

1885 3680 2290 3736 sanctissimam
2327 3676 2552 3734 domum
2588 3679 2710 3748 ejus
2734 3675 3054 3741 illustravit,
3085 3682 3141 3731 et
3190 3688 3386 3729 rursus
3410 3681 3469 3727 ut

1883 3771 2028 3828 idem
2052 3771 2223 3835 novit,
2247 3771 2438 3837 exivit,
2470 3785 2539 3825 ne
2570 3768 2796 3823 minime
2825 3766 3047 3836 quidem
3097 3765 3298 3820 foedata
3349 3763 3467 3819 vir-

1884 3863 2113 3934 ginitate
2144 3861 2295 3915 illius
2329 3877 2346 3915 :
2376 3858 2473 3915 sed
2530 3859 2674 3914 sicut
2731 3864 2861 3912 ante
2916 3863 3158 3928 partum,
3196 3855 3360 3910 etiam
3409 3853 3465 3907 in

1888 3962 2070 4024 partu,
2105 3961 2161 4009 et
2194 3960 2318 4024 post
2340 3959 2557 4023 partum
2592 3949 2874 4022 Virginem
2906 3956 3116 4004 castam
3175 3962 3469 4002 conserva-

1886 4048 1983 4101 vit.
2007 4045 2275 4101 Prteterea
2326 4054 2380 4100 et
2439 4044 2603 4097 aliam
2652 4043 2923 4097 illustrem
2980 4038 3360 4094 admirandam
3414 4045 3469 4092 et

1888 4140 1998 4196 illis
2023 4139 2259 4194 similem
2294 4136 2422 4191 audi
2460 4134 2901 4192 similitudinem.
2925 4131 3221 4202 Margarita
3248 4131 3305 4184 in
3328 4129 3471 4183 mari

1886 4228 2075 4286 Rubro
2106 4237 2401 4301 generatur
2433 4244 2448 4282 :
2481 4233 2775 4298 generatur
2807 4231 2986 4279 autem
3010 4223 3116 4277 hoc
3141 4220 3323 4275 modo.
3355 4219 3469 4274 Ex-

1887 4323 2192 4379 tremitates
2244 4323 2412 4378 maris
2468 4319 2643 4374 Rubri
2710 4319 2873 4375 siccae
2943 4321 3093 4377 sunt,
3167 4327 3467 4385 paucarum

204 4410 459 4465 ἇκουσον.
519 4409 577 4462 '0
623 4408 969 4481 μαργαρίτης
1004 4408 1084 4471 ,ὲν
1137 4409 1204 4478 τῇ
1250 4408 1484 4479 Ἐρυθρᾷ
1543 4408 1781 4478 θαλάσσῃ

1889 4427 2157 4483 aquarum
2198 4411 2406 4467 ﬂuxum
2454 4411 2738 4467 habentes.
2770 4408 3132 4464 inveniuntur
3176 4412 3357 4460 autem
3392 4403 3469 4458 ibi

203 4501 449 4571 γίνεται·
481 4500 693 4569 γίνεται
738 4500 797 4554 δὲ
828 4497 1025 4563 οὕτως.
1072 4501 1139 4553 Αἱ
1171 4500 1348 4572 ἄκραι,
1383 4501 1484 4572 τῆς
1518 4498 1787 4571 Ἐρυθρᾶς

205 4593 488 4665 θαλάσσης
521 4592 684 4664 ξηραί
714 4594 873 4655 εἰσιν,
907 4591 1088 4661 ὀλίγου
1128 4591 1282 4663 χύσιν
1315 4592 1504 4656 ὓδατος
1545 4592 1785 4663 ἔχουσαι.

205 4685 568 4756 Εὑρίσκονται
587 4685 644 4738 δὲ
664 4687 843 4739 ἐκεῖσε
871 4684 1352 4759 ὀστρακοδέρμωτά
1373 4703 1493 4740 τινα
1521 4685 1787 4740 θαλάσσια

207 4779 269 4831 ὲν
302 4777 451 4849 πάσῃ
474 4779 543 4849 τῇ
582 4775 817 4849 Ἐρυθρᾷ
845 4774 1089 4850 θαλάσσῃ
1118 4778 1320 4849 ἐκείνῃ,
1369 4779 1552 4832 πίνναι
1582 4778 1783 4848 ὀνομα-

208 4868 435 4938 ζόμενα.
477 4867 755 4921 Ἵστανται
798 4860 892 4920 οὖν
928 4868 986 4919 αἱ
1027 4867 1209 4921 πίνναι
1250 4869 1456 4922 ἐκεῖναι
1498 4868 1586 4921 ἀεὶ
1617 4883 1785 4938 κεχη-

207 4962 380 5024 νυίαι,
415 4959 513 5014 καὶ
549 4957 903 5029 ἐκδεχόμεναι
934 4957 1198 5030 βρώματα
1234 4961 1316 5023 είς
1352 4958 1565 5031 τροφὴν
1584 4958 1784 5012 αὐτῶν.

222 5051 316 5104 Ἐν
351 5050 479 5120 γοῦν
506 5049 584 5122 τῷ
622 5049 877 5105 ἵστασθαι
914 5052 1086 5116 αὐτὰς
1126 5052 1420 5125 κεχηνυίας
1455 5052 1547 5106 καὶ
1575 5052 1789 5122 ἐκδεχο-

215 5143 387 5213 μένας
412 5142 511 5214 τὴν
540 5143 751 5197 ἑαυτῶν
777 5144 1004 5215 τροςρὴν,
1037 5144 1249 5215 συχνῶν
1281 5144 1586 5215 γενομένων
1609 5146 1788 5198 ἐκεῖσε

212 5233 325 5286 τῶν
370 5233 667 5305 ἀστραπῶν
689 5274 705 5300 ,
758 5234 1082 5306 κατέρχεται
1122 5236 1159 5306 ἡ
1207 5234 1461 5306 ἀστραπὴ
1507 5234 1643 5307 πρὸς
1690 5234 1791 5306 τὴν

215 5325 442 5391 πίνναν,
499 5327 593 5380 καὶ
637 5326 969 5399 εὐρίσκουσα
1026 5330 1096 5381 τὰ
1137 5329 1239 5398 τῆς
1296 5327 1490 5400 πίννης
1546 5326 1791 5401 ὄστρακα

293 5481 334 5511 ¹¹
376 5478 517 5536 Psal.
555 5440 697 5537 van
722 5523 737 5547 ,
770 5482 857 5538 '56.
938 5484 981 5515 ¹¹
1024 5482 1191 5539 Eccli.
1226 5498 1256 5536 x
1280 5523 1293 5549 ,
1332 5483 1385 5539 4.

1892 4505 2170 4560 conchilia
2195 4505 2429 4570 marina,
2460 4504 2519 4559 in
2567 4510 2685 4558 toto
2722 4501 2863 4556 mari
2913 4500 3008 4554 illo
3050 4498 3256 4563 Rubro,
3288 4496 3469 4567 pinnat

1893 4597 2194 4652 nominata.
2236 4594 2398 4650 Stant
2419 4596 2586 4667 igitur
2608 4594 2789 4664 pinnae
2836 4593 2943 4648 illas
2983 4605 3203 4661 semper
3249 4589 3468 4643 hiantes

1891 4695 1945 4743 et
1964 4693 2346 4759 exspectantes
2374 4700 2533 4742 escas
2565 4685 2634 4740 ad
2654 4684 3054 4740 nutrimentum
3083 4679 3169 4737 sui
3195 4697 3209 4733 :
3245 4677 3467 4733 interim

1891 4780 2020 4833 dum
2045 4780 2122 4834 ita
2149 4777 2462 4834 consistunt
2491 4777 2726 4843 hiantes,
2753 4784 2808 4831 et
2826 4780 3145 4843 exspectant
3169 4769 3468 4825 nutrimen-

1891 4879 2031 4936 tum,
2080 4878 2136 4926 et
2189 4885 2383 4944 magna
2438 4869 2597 4940 copia
2649 4866 2864 4923 accedit
2903 4865 3203 4936 fulgurum,
3256 4859 3465 4915 accedit

1903 4962 2126 5032 aliquod
2161 4963 2345 5033 fulgur
2381 4959 2449 5015 ad
2479 4961 2725 5031 pinnam,
2762 4966 2816 5013 et
2851 4971 2979 5010 cum
3020 4951 3256 5023 reperiat
3293 4955 3464 5003 testas

1893 5050 2079 5122 pinna:
2130 5059 2369 5123 apertas,
2416 5049 2725 5120 ingreditur
2772 5048 2840 5102 .in
2890 5046 3072 5100 illam:
3117 5043 3283 5112 pinna
3336 5049 3465 5091 vero

1894 5151 2179 5199 contracta
2214 5144 2398 5200 statim
2424 5150 2479 5198 et
2502 5140 2806 5197 constricta
2838 5137 2895 5193 in
2929 5136 3165 5206 seipsam
3203 5131 3352 5185 intus
3379 5128 3465 5182 in-

1896 5235 2069 5292 cludit
2093 5234 2299 5306 fulgur.
2332 5233 2540 5306 Fulgur
2561 5246 2694 5288 vero
2717 5228 3036 5285 obvolutum
3062 5225 3115 5279 in
3137 5222 3314 5295 globis
3333 5232 3465 5274 ocu-

1898 5327 2076 5384 lorum
2121 5327 2323 5399 pinnae,
2365 5327 2607 5384 illustrat
2654 5323 2800 5386 illos,
2851 5329 2905 5377 et
2944 5320 3243 5375 commutat
3276 5327 3373 5370 eos
3408 5310 3462 5365 in
