3868 6206
431 217 524 270 791

1581 216 1639 272 S.
1681 213 2144 270 ATIIANASIUS.
2185 245 2256 256 —
2293 212 2518 268 DUBIA.

3594 205 3710 261 79!

426 337 776 406 margaritas.
824 334 1067 405 Egressm
1114 344 1294 390 autem
1345 336 1653 404 margarita
1705 351 1770 390 ex
1812 337 1990 406 pinna,

2106 333 2443 403 ἀνεῳγμένα,
2480 329 2784 400 εἰσέρχεται
2812 329 2891 386 είς
2927 325 3096 398 αὐτήν
3115 342 3130 357 ο
3156 325 3190 396 ἡ
3215 325 3274 379 δὲ
3306 324 3490 387 πίννα,
3522 324 3707 389 εὐθὺς

427 426 716 495 procidunt
739 425 806 479 ad
840 427 994 482 littus
1026 427 1218 490 maris,
1263 435 1427 497 atque
1472 427 1546 482 ita
1579 429 1881 498 piscatores
1911 441 2004 481 ca-

426 519 581 587 piunt
644 519 785 574 illas.
856 517 1090 574 Perinde
1153 519 1425 589 intelligas
1492 519 1560 573 de
1629 519 2002 573 incarnatione

426 606 607 665 Verbi.
647 608 798 663 Mare
845 609 1064 679 quidem
1118 619 1203 664 est
1251 609 1509 671 mundus,
1562 617 1618 664 et
1653 608 1819 680 Virgo
1868 624 2002 663 con—

424 700 548 757 cha.
599 700 788 756 Stabat
835 710 1015 756 autem
1069 699 1260 771 Virgo,
1302 701 1762 772 quemadmodum
1807 702 1996 770 pinna,

424 791 478 844 in
503 792 730 862 templo,
757 799 810 846 et
840 792 1146 861 excipiebat
1178 794 1457 847 caelestem
1489 809 1684 862 panem
1717 792 1997 847 Christum

422 883 615 948 Deum,
649 885 742 954 qui
789 892 844 940 et
881 885 1221 940 descendens
1263 895 1317 940 et
1344 885 1626 956 ingressus
1666 887 1722 940 in
1761 902 1902 950 eam,
1939 893 1999 940 ut

423 973 626 1045 fulgur,
671 985 724 1031 et
768 976 1094 1030 convolutus
1141 977 1195 1030 in
1230 977 1536 1031 visceribus
1573 977 1904 1047 virginitatis
1931 978 1997 1032 il—

421 1067 548 1132 lius,
599 1067 936 1139 splendidam
990 1068 1229 1123 reddidit
1294 1071 1696 1125 sanctissimam
1749 1085 1993 1132 carnem,

419 1175 582 1228 quam
613 1160 911 1230 assumpsit
941 1161 1104 1230 287
1130 1160 1484 1227 incarnatus;
1525 1170 1580 1216 et
1609 1163 1689 1216 sic
1718 1170 1880 1217 natus
1912 1173 1995 1218 est

417 1267 488 1308 ex
519 1267 605 1315 ea,
643 1250 877 1306 Verbum
910 1252 1028 1315 Dei,
1065 1259 1125 1306 ut
1155 1267 1289 1322 pura
1321 1260 1375 1308 et
1405 1254 1799 1324 pretiosissima
1833 1269 1994 1308 mar—

417 1345 593 1413 garita
626 1343 745 1399 sine
767 1358 1067 1413 congressu
1092 1345 1347 1400 masculi.
1383 1344 1448 1400 Et
1477 1353 1537 1400 ut
1563 1347 1856 1418 margarita
1881 1362 1993 1402 coe-

420 1435 575 1489 lestis
623 1442 706 1489 est
751 1443 804 1488 et
850 1435 1376 1492 terrenazcmlestis
1418 1437 1637 1506 quidem
1687 1437 1990 1492 secundum

417 1525 599 1595 fulgur
627 1545 638 1579 :
666 1527 944 1581 terrestris
972 1541 1103 1580 vero
1137 1526 1438 1581 secundum
1483 1527 1825 1595 complexum
1860 1543 1992 1582 ocu-

415 1619 592 1672 lorum
639 1619 852 1688 pinnae;
893 1619 973 1673 sic
1006 1619 1170 1673 etiam
1219 1618 1474 1674 Christus
1524 1619 1766 1674 caelestis
1815 1629 1900 1676 est
1939 1631 1992 1676 et

2113 423 2510 493 συστελλομένη
2542 422 2638 474 καὶ
2669 419 3078 489 συσφιγγομὲνη
3121 417 3242 470 καθ’
3283 417 3502 488 ἑαυτὴν,
3537 417 3710 480 ἐντέςς

2108 515 2282 585 αὐτῆς
2332 514 2610 568 ἀποκλείει
2662 513 2761 582 τὴν
2803 513 3111 582 ἀστραπήν.
3169 511 3236 562 Ἦ
3286 510 3342 563 δὲ
3393 509 3702 581 ἀστραπὴ,

2105 607 2462 678 τυλισσομένη
2493 607 2572 668 είς
2586 605 2713 667 τοὺς
2730 604 2829 673 (7°)
2845 603 3128 674 φορϐείους
3144 601 3252 655 τῶν
3266 601 3565 672 ὀφθαλμῶν
3593 601 3702 670 τῆς

2107 701 2333 770 πίννης,
2364 687 2815 767 καταλαμπρύνει
2866 695 3096 756 αὐτοὺς,
3156 695 3252 746 καὶ
3309 696 3459 746 ποιείι
3487 693 3704 754 αὐτοὺς

2108 791 2470 862 μαργαρίτας.
2509 789 2883 860 Ἐξερχόμενοι
2907 785 2964 838 δέ
2992 787 3041 838 οί
3082 789 3414 856 μαργαρῖται
3447 785 3561 838 ἀπὸ
3593 789 3700 856 τῆς

2103 884 2328 954 πίννης,
2364 883 2620 934 πίπτουσι
2668 879 2805 948 πρὸς
2855 878 2948 932 τὸν
2991 876 3238 944 αἰγιαλὸν
3269 877 3367 946 τῆς
3403 875 3698 946 Θαλάσσης

2103 973 2338 1044 ἐκείνης,
2376 973 2470 1025 καὶ
2497 970 2670 1033 οὕτως
2696 969 3041 1040 εὑρίσκουσιν
3062 967 3258 1029 αὐτοὺς
3277 969 3326 1019 οί
3353 967 3698 1038 γυρεύοντες

2101 1065 2317 1127 αὐτούς.
2361 1064 2545 1126 Οὕτως
2595 1080 2684 1133 μοι
2728 1062 2836 1114 νόει
2872 1062 2966 1114 καὶ
3019 1061 3148 1131 περὶ
3197 1059 3298 1128 τῆς
3348 1059 3697 1130 σαρκώσεως

2100 1155 2192 1208 τοῦ
2223 1156 2414 1222 Λόγου.
2441 1154 2698 1207 Θάλασσα
2746 1153 2844 1223 μὲν
2871 1155 2900 1206 6
2940 1153 3162 1222 κόσμος,
3196 1153 3292 1204 καὶ
3329 1152 3362 1221 ἡ
3403 1151 3693 1223 Παρθένος

2099 1247 2358 1318 κογχύλη.
2389 1247 2604 1299 Ἶστατο
2635 1245 2692 1298 δὲ
2733 1247 2765 1316 ἡ
2807 1243 3083 1315 Παρθένος
3124 1243 3373 1314 καθάπερ
3424 1242 3592 1295 πίννα
3630 1245 3693 1294 ἐν

2099 1339 2175 1408 τῷ
2199 1338 2332 1409 ναῷ,
2369 1338 2699 1408 ἐκδεχομένη
2734 1338 2824 1390 τὸν
2848 1337 3098 1408 οὐράνιον
3128 1336 3293 1407 ἄρτον
3325 1335 3565 1407 Χριστὸν
3591 1335 3692 1388 τὸν

2098 1430 2251 1493 Θεὸν,
2298 1431 2358 1494 ὃς
2390 1430 2482 1483 καὶ
2533 1429 2805 1482 κατελθὼν
2849 1430 2944 1483 καὶ
2999 1427 3252 1481 εἰσελθὼν
3285 1429 3342 1479 ἐν
3379 1427 3551 1496 αὐτῇ,
3609 1427 3691 1490 ὠς

2098 1521 2391 1592 ἀστραπὴ,
2446 1521 2542 1574 καὶ
2593 1520 2984 1590 ἐντετυλιχθεὶς
3037 1521 3097 1573 ἐν
3159 1522 3279 1582 ταῖς
3331 1517 3522 1586 λαγόσι
3582 1518 3689 1587 τῆς

2098 1611 2392 1682 παρθενίας
2420 1611 2609 1681 αὐτῆς,
2638 1609 2977 1682 λαμπροειδῆ
3010 1608 3380 1661 κατεσκεύασε
3401 1607 3503 1676 τὴν
3538 1623 3686 1658 παν-

413 1715 667 1764 terrenus
709 1729 722 1764 :
761 1710 1004 1764 cmlestis
1057 1710 1278 1780 quidem
1331 1711 1631 1766 secundum
1683 1711 1986 1767 deitatem:

2097 1703 2250 1771 αγίαν
2282 1704 2480 1774 σάρκα,
2502 1703 2569 1772 ῆν
2598 1702 2962 1772 προσελάϐετο
3000 1700 3332 1772 σαρκωθείς·
3375 1700 3471 1752 καὶ
3500 1698 3686 1761 οὕτως

415 1801 691 1854 terrestris
722 1811 902 1854 autem
929 1799 1232 1854 secundum
1266 1801 1682 1854 humanitatem.
1708 1798 1774 1853 Et
1802 1817 1993 1870 quem-

415 1889 706 1943 admodum
737 1889 1031 1960 margarita
1072 1897 1366 1960 generatur
1392 1890 1512 1946 sine
1545 1906 1846 1962 congressu
1877 1908 1992 1945 ma-

415 1981 550 2035 sculi
587 1989 640 2036 et
667 1980 899 2044 feminae,
937 1997 1000 2035 ex
1035 1981 1244 2052 fulgore
1287 1990 1342 2036 et
1372 1983 1559 2052 pinna,
1593 1983 1664 2036 ita
1705 1985 1865 2038 etiam
1894 1999 1992 2037 na-

413 2079 503 2127 tus
545 2079 630 2127 est
663 2073 916 2128 Christus
959 2075 1078 2128 sine
1123 2089 1423 2143 congressu
1475 2075 1706 2130 masculi
1755 2083 1809 2130 et
1843 2075 1991 2130 femi-

412 2177 516 2225 ηαξ,
548 2178 614 2216 ex
646 2162 869 2225 deitate,
921 2170 975 2217 et
1035 2179 1101 2218 ex
1145 2179 1313 2218 carne
1343 2163 1600 2234 Virginis.
1631 2164 1697 2217 Et
1722 2164 1988 2234 quemad-

411 2251 631 2306 modum
659 2268 784 2306 cum
815 2255 1110 2324 margarita
1141 2255 1466 2320 conteritur,
1512 2256 1740 2310 materia
1769 2255 1988 2325 quidem

410 2345 694 2399 oculorum
727 2348 908 2414 pinna:
949 2347 1253 2401 conteritur
1298 2353 1352 2401 et
1402 2347 1719 2410 resolvitur,
1765 2362 1867 2401 nec
1907 2353 1990 2400 ta-

409 2453 534 2492 men
562 2437 820 2507 splendor
855 2437 1090 2508 fulguris
1133 2439 1361 2508 patitur,
1395 2438 1490 2494 sed
1521 2438 1779 2508 splendor
1809 2437 1988 2506 fulgu-

409 2529 486 2582 ris
545 2528 864 2597 impatibilis
924 2532 1402 2583 manet:materia
1456 2537 1638 2584 autem
1699 2528 1985 2583 oculorum

409 2619 589 2688 pinna:
623 2620 740 2674 sola
784 2619 1090 2674 conteritur
1117 2625 1171 2673 et
1205 2619 1446 2690 patitur;
1478 2619 1548 2672 ita
1580 2625 1634 2674 et
1666 2617 1721 2672 in
1766 2617 1988 2672 Christo

409 2711 525 2764 haec
558 2708 910 2778 intelligenda
943 2716 1090 2764 sunt.
1124 2709 1263 2763 Cum
1305 2710 1451 2763 enim
1485 2709 1576 2762 ille
1611 2707 1862 2762 Salvator
1887 2722 1990 2761 no-

405 2807 521 2854 ster
547 2797 912 2870 ﬂagellaretur
943 2808 995 2853 et
1027 2806 1307 2868 pateretur
1361 2813 1391 2851 a
1419 2796 1624 2854 Judzeis
1672 2797 1987 2853 infidelibus

407 2891 758 2944 excruciatus
790 2889 846 2943 in
889 2903 1076 2952 cruce,
1125 2888 1357 2943 materia
1381 2887 1603 2958 quidem
1640 2888 1849 2952 carnis,
1883 2888 1988 2941 hoc

406 2989 494 3034 est
515 2980 850 3044 humanitas,
886 2984 1002 3035 sola
1030 2995 1192 3050 passa
1217 2986 1323 3044 est,
1352 2980 1526 3034 deitas
1556 2987 1737 3034 autem
1770 2980 1987 3049 impati-

409 3071 534 3126 bilis
576 3073 898 3141 permansit.
931 3070 996 3124 Et
1045 3086 1169 3125 cum
1211 3071 1316 3126 hoc
1343 3071 1506 3132 dicis.
1564 3071 1772 3126 refutas
1803 3070 1986 3124 Theo-

409 3161 708 3232 paschitas,
759 3170 813 3216 et
845 3162 1010 3216 doces
1043 3161 1384 3215 incarnatam
1435 3162 1818 3216 mconomiam.
1851 3161 1990 3218 Hinc

409 3253 531 3316 tibi,
560 3253 776 3316 dilecte,
815 3252 1108 3321 scrupulus
1131 3251 1306 3322 gratia
1339 3251 1547 3306 Christi
1569 3251 1846 3307 eximitur.

2093 1795 2361 1866 ἐγεννήθη
2413 1795 2470 1860 ἐξ
2533 1796 2702 1864 αὐτῆς
2747 1796 2823 1857 ὡς
2880 1794 3116 1865 καθαρὸς
3165 1795 3259 1847 καὶ
3309 1791 3684 1861 πολυτίμητος

2096 1885 2443 1958 μαργαρίτης
2469 1887 2497 1938 6
2551 1885 2725 1952 Λόγος
2752 1885 2848 1938 τοῦ
2893 1885 3028 1938 Θεοῦ
3075 1885 3245 1955 χωρὶς
3288 1883 3517 1954 άρρενος
3553 1899 3685 1934 συν-

2092 1975 2416 2045 ουσιασμοῐλ
2461 1976 2571 2029 Καὶ
2602 1975 2792 2046 ὥσπερ
2827 1976 2855 2027 ὁ
2887 1975 3233 2046 μαργαρίτης
3278 1974 3528 2046 οὐράνιός
3560 1974 3683 2027 ἐστι

2092 2069 2186 2121 καὶ
2238 2069 2520 2136 ἐπίγειος,
2581 2068 2833 2140 οὐράνιος
2871 2067 2969 2139 μὲν
3023 2067 3166 2121 κατὰ
3213 2067 3312 2136 τὴν
3361 2067 3679 2136 ἀστραπὴν,

2091 2161 2332 2228 ἐπίγειος
2369 2161 2424 2212 δὲ
2455 2161 2596 2213 κατὰ
2623 2161 2721 2231 τὴν
2756 2160 3075 2230 συμπλοκὴν
3107 2159 3216 2211 τῶν
3244 2157 3544 2229 ὀφθαλμῶν
3578 2159 3683 2227 τῆς

2091 2253 2310 2324 πίννηςο
2344 2251 2486 2306 οὕτω
2518 2253 2614 2306 καὶ
2652 2253 2680 2304 6
2714 2253 2948 2324 Χριστὸς
2975 2251 3228 2323 οὐράνιός
3277 2253 3392 2304 ἐστι
3428 2251 3524 2302 καὶ
3557 2251 3684 2302 ἐπί-

2089 2359 2265 2410 γειος·
2297 2343 2544 2414 οὐράνιος
2583 2344 2680 2412 μὲν
2726 2342 2869 2396 κατά
2898 2343 2996 2412 τὴν
3039 2342 3290 2412 θεότητα,
3339 2340 3586 2408 ἐπίγειος
3620 2340 3680 2392 δὲ

2089 2433 2230 2486 κατὰ
2264 2434 2678 2504 ἀνορωπότητα.
2715 2433 2826 2487 Καὶ
2856 2433 3042 2505 ὥσπερ
3067 2434 3096 2485 6
3126 2433 3470 2504 μαργαρίτης
3503 2449 3678 2484 κατα-

2091 2525 2411 2589 σκευάζεται
2443 2525 2574 2578 ἄνευ
2616 2525 2900 2588 συνουσίας
2944 2527 3173 2596 ἄρρενος
3226 2527 3319 2579 καὶ
3371 2525 3565 2592 θήλεος
3618 2525 3678 2590 ἐξ

2087 2616 2375 2688 ἀστραπῆς
2416 2617 2511 2669 καὶ
2565 2618 2663 2688 τῆς
2717 2618 2945 2688 πίννης,
2997 2615 3172 2680 οὕτως
3224 2616 3320 2670 καὶ
3367 2618 3395 2668 6
3437 2615 3678 2686 Χριστὸς

2089 2708 2354 2779 ἐγεννήθη
2385 2709 2513 2762 ἄνευ
2552 2708 2950 2779 συνουσιασμοῦ
2995 2707 3224 2780 ἄρρενος
3260 2708 3355 2760 καὶ
3385 2707 3677 2777 θήλεοςέκ

2087 2802 2188 2871 τῆς
2219 2801 2496 2872 θεότητος,
2541 2803 2634 2854 καί⁹
2683 2805 2784 2874 τῆς
2827 2802 3030 2873 σαρκὸς
3061 2801 3160 2870 τῆς
3210 2799 3506 2870 Παρθένου.
3562 2800 3678 2853 Καὶ

2089 2892 2280 2964 ὥσπερ
2310 2894 2338 2946 6
2375 2893 2722 2964 μαργαρίτης
2753 2892 3193 2962 συντριϐόμενος,
3226 2889 3535 2957 πολλάκιςή
3576 2889 3677 2958 μὲν

2093 2983 2189 3054 ὕλη
2220 2983 2328 3036 τῶν
2358 2983 2651 3055 ὀφθαλμῶν
2686 2983 2784 3054 τῆς
2824 2983 3016 3053 πίννης
3062 2981 3402 3052 συντρίϐεται
3435 2980 3532 3034 καὶ
3559 2980 3677 3033 δια-

2093 3074 2312 3137 λύεται,
2354 3075 2474 3144 οὐχὶ
2523 3075 2580 3128 δὲ
2630 3075 2723 3153 κοιλἕ
2781 3075 2815 3145 ἠ
2863 3073 3181 3145 λαμπρότης
3233 3073 3332 3144 τῆς
3385 3071 3675 3142 ἀστραπῆς

2095 3165 2317 3236 πάσχει,
2357 3167 2472 3220 ἀλλ’
2504 3169 2536 3237 ὴ
2583 3167 2680 3237 μὲν
2708 3167 3029 3238 λαμπρότης
3060 3166 3158 3236 τῆς
3191 3165 3483 3236 ἀστραπῆς
3526 3166 3672 3217 ἀπα-

2095 3257 2192 3327 θὴς
2223 3257 2493 3328 διαμένει,
2529 3259 2563 3328 ἡ
2595 3258 2652 3310 δὲ
2701 3258 2801 3327 ὖλη
2836 3259 2942 3311 τῶν
2993 3257 3286 3328 ὀφθαλμῶν
3327 3257 3428 3325 τῆς
3478 3256 3673 3326 πίννης

411 3345 546 3416 μόνη
584 3346 922 3416 συντρίϐεται
956 3346 1050 3399 καὶ
1105 3345 1332 3416 πάσχει·
1380 3345 1552 3410 οὕτως
1597 3348 1691 3400 καὶ
1732 3349 1825 3401 ἐπὶ
1875 3349 1969 3402 τοῦ
2022 3352 2256 3423 Χριστοῦ
2317 3353 2398 3405 δεῖ
2435 3370 2494 3405 σε
2549 3355 2708 3406 νοεῖν.
2752 3353 3160 3424 Μαστιζομένου
3220 3354 3328 3422 γὰρ
3363 3347 3529 3404 αὐτοῦ
3573 3353 3668 3403 τοῦ

407 3437 657 3508 Σωτῆρος
681 3437 866 3508 ήμῶν,
891 3438 985 3492 καὶ
1017 3439 1316 3508 πάσχοντος
1346 3438 1450 3490 ὑπὸ
1475 3438 1581 3491 τῶν
1607 3440 1852 3494 ἀπίστων
1891 3441 2158 3495 Ἰουδαίων
2178 3445 2234 3495 ἐν
2258 3442 2338 3513 τῷ
2370 3443 2607 3514 σταυρῷ,
2629 3446 2661 3515 ἡ
2687 3444 2784 3514 μέν
2807 3444 2903 3514 ὖλη
2928 3445 3025 3513 τῆς
3054 3443 3272 3510 σαρκὸς,
3310 3443 3477 3512 ἤγουν
3505 3442 3540 3510 ή
3574 3441 3670 3491 ἀν-

409 3533 718 3605 θρωπότης,
749 3535 884 3605 μόνη
910 3534 1134 3605 ἔπασχε,
1167 3541 1199 3606 ὴ
1223 3535 1279 3587 δὲ
1303 3534 1492 3604 θεότης
1515 3535 1729 3607 ἀπαθὴς
1749 3536 2004 3606 διέμεινε.
2034 3539 2144 3591 Καὶ
2167 3538 2341 3593 ταῦτα
2377 3539 2569 3607 λέγων,
2608 3538 3008 3608 ἀντιστομίζεις
3034 3535 3427 3605 Θεοπασχίτας,
3451 3536 3548 3586 καὶ
3568 3534 3666 3602 τὴν

409 3627 669 3698 ἔνσαρκον
695 3627 966 3692 διδάσκεις
994 3629 1325 3698 οἰκονομίαν.
1364 3628 1645 3682 Ἐντεῦθεν
1687 3647 1768 3682 σοι
1802 3631 1861 3682 τὸ
1891 3632 2210 3702 ἀμφίϐολον,
2238 3633 2484 3703 ἀγαπητέ
2503 3673 2518 3696 ,
2555 3633 2736 3703 χάριτι
2760 3630 2994 3704 Χριστοῦ
3016 3629 3308 3684 διαλύεται.

479 3720 699 3786 ρυιεετ.
773 3719 891 3775 XX.
957 3719 1224 3786 Quoniam
1274 3721 1487 3783 "omnia,
1554 3721 1738 3774 divine
1771 3755 1774 3758 -
1807 3723 1986 3787 Pater,

408 3814 800 3869 convenienter
830 3829 932 3868 nos
968 3812 1226 3868 docuisti.
1260 3811 1504 3868 Petimus
1537 3828 1566 3866 a
1601 3821 1674 3875 te,
1709 3821 1769 3867 ut
1796 3822 1852 3869 et
1883 3814 1986 3868 hoc

408 3905 568 3959 nobis
612 3905 1017 3974 interpreteris,
1071 3904 1138 3958 de
1185 3919 1294 3974 quo
1351 3903 1531 3958 adhuc
1586 3904 1907 3960 dubitamus
1963 3925 1976 3959 :

408 3995 767 4066 quamobrem.
806 3995 978 4049 deitas
1010 4010 1116 4048 non
1161 3993 1408 4048 docuerit
1440 3995 1556 4048 sola
1600 3995 1899 4058 hominem,
1930 4003 1986 4050 et

410 4087 708 4142 servaverit
733 4103 859 4142 eum
887 4085 1005 4142 sine
1033 4085 1245 4140 carne?
1268 4100 1369 4140 cur
1394 4085 1541 4140 enim
1576 4086 1810 4140 voluerit
1843 4085 1985 4142 ferre

409 4193 630 4236 carnem
654 4181 678 4232 τ

479 4268 645 4326 Bssr.
676 4269 854 4323 Etiam
886 4269 953 4324 de
982 4269 1085 4324 hoc
1108 4269 1276 4338 probe
1307 4268 1613 4341 interrogas
1639 4289 1652 4325 :
1685 4270 1831 4326 unde
1855 4270 1980 4325 audi
2020 4293 2062 4345 τ)

407 4362 570 4417 etiam
605 4363 773 4430 probe
801 4362 1234 4431 responsionem.
1266 4361 1567 4433 Principio,
1591 4365 1811 4432 quando
1843 4362 1988 4420 Deus

409 4453 654 4509 condidit
673 4452 970 4516 hominem,
1012 4462 1064 4507 et
1093 4453 1354 4509 seductus
1385 4463 1470 4511 est
1505 4471 1535 4510 a
1559 4455 1776 4511 diabolo
1798 4457 1986 4521 homo,

409 4563 520 4602 non
564 4547 695 4600 vicit
749 4545 1000 4602 diabolus
1054 4545 1348 4614 deitatem,
1408 4549 1505 4604 sed
1565 4549 1984 4603 humanitatem.

410 4640 754 4709 Quapropter
780 4639 945 4692 etiam
979 4639 1207 4694 decebat
1241 4649 1556 4711 superatam
1589 4640 1985 4695 humanitatem

409 4729 650 4783 vicissim
679 4729 898 4782 vincere
944 4729 1156 4782 hostem
1201 4745 1362 4785 suum
1392 4729 1694 4794 diabolum,
1741 4736 1802 4782 ut
1831 4729 1988 4782 vicis-

409 4818 512 4874 sim
545 4819 815 4889 acciperet
837 4833 933 4888 per
960 4819 1109 4873 illum
1133 4821 1287 4887 prius
1313 4819 1577 4875 amissum
1611 4819 1854 4873 divinum
1891 4834 1988 4888 pa-

411 4914 677 4970 radisum.
715 4910 772 4965 Si
805 4913 948 4966 enim
992 4911 1137 4966 nuda
1187 4911 1365 4966 deitas
1414 4910 1749 4972 advenisset.
1783 4919 1837 4966 et
1866 4912 1986 4966 dia-

407 5002 596 5056 bolum
661 5001 900 5061 vicisset.
957 5001 1292 5070 gloriaturus
1347 5008 1465 5055 erat
1513 5001 1786 5064 diabolus.
1847 5002 1986 5056 nihil

408 5093 608 5147 mirum
636 5107 760 5148 esse
782 5091 992 5156 dicens,
1026 5091 1074 5146 si
1103 5106 1135 5144 a
1165 5089 1366 5145 deitate
1389 5098 1742 5159 superaretur
1767 5109 1781 5153 ;
1807 5106 1836 5144 a
1871 5092 1988 5146 dei-

408 5193 519 5240 tate
562 5185 706 5239 enim
755 5199 876 5239 esse
905 5199 967 5238 se
1006 5183 1282 5239 devictum
1321 5202 1335 5236 :
1364 5189 1418 5238 et
1448 5192 1733 5254 propterea
1766 5200 1872 5238 non
1906 5185 1986 5238 vi-

406 5291 529 5330 sum
559 5275 660 5329 fuit
693 5275 825 5338 Deo,
859 5284 918 5329 ut
952 5275 1068 5330 sola
1099 5275 1275 5331 deitas
1306 5274 1583 5330 diabolum
1619 5285 1981 5346 oppugnaret,

405 5367 503 5421 sed
544 5366 715 5421 voluit
757 5366 1174 5430 humanitatem,
1217 5381 1339 5435 quae
1367 5368 1510 5420 victa
1539 5375 1622 5422 est
1666 5384 1694 5420 a
1742 5369 1982 5430 diabolo,

407 5458 652 5512 eamdem
694 5467 748 5514 et
780 5459 953 5512 solam
994 5459 1214 5514 vincere
1257 5475 1380 5515 eum
1416 5459 1509 5530 qui
1553 5459 1725 5530 ipsam
1757 5462 1980 5526 vicerat,

409 5546 706 5602 diabolum.
724 5552 858 5606 Cum
884 5552 1202 5622 praevideret
1231 5551 1394 5624 igitur
1419 5551 1635 5623 sapiens
1649 5551 1812 5620 Deus,
1840 5554 1982 5624 quod

483 5639 581 5713 (Τ)
617 5640 749 5716 Reg.
772 5644 827 5710 2,
863 5643 1130 5716 βορϐιούς.

2181 3722 2370 3794 Ἐρώτ.
2401 3729 2466 3776 κ’.
2518 3724 2645 3776 Ἰδοὺ
2691 3720 2866 3774 ταῦτα
2901 3721 3112 3784 πάντα,
3153 3717 3424 3772 θεοείκελε
3459 3718 3662 3786 Πάτερ,

2095 3815 2443 3886 ἁρμοζόντως
2473 3817 2603 3885 ἡμῖν
2640 3813 2903 3877 ἐδίδαξας.
2946 3809 3228 3880 Ἀξιοῦμέν
3255 3826 3312 3862 σε
3343 3809 3422 3872 δὲ,
3455 3810 3542 3861 ἵνα
3573 3811 3663 3861 καὶ

2090 3907 2249 3959 τοῦτο
2284 3909 2413 3977 ἡμῖν
2461 3906 2806 3979 ἐρμηνεύσῃς
2834 3905 2894 3958 τὸ
2925 3903 3315 3972 ἀπορούμενον,
3348 3901 3436 3954 διὰ
3483 3901 3536 3953 τί
3569 3902 3663 3953 οὐκ

2092 3997 2330 4062 ἐδίδαξεν
2359 4001 2391 4067 ἡ
2425 3997 2617 4068 θεότης
2666 3997 2825 4067 μόνον
2857 3996 2948 4048 τὸν
2981 3995 3284 4065 ἄνθρωπον,
3335 3995 3430 4046 καὶ
3465 3993 3663 4045 ἔσωσεν

2091 4089 2253 4142 αὑτὸν
2286 4089 2414 4142 ἄνευ
2451 4089 2681 4160 σαρκός;
2718 4088 2768 4140 τί
2802 4087 2912 4159 γάρ
2946 4087 3102 4158 ἤθελε
3147 4085 3241 4138 τοῦ
3287 4085 3514 4156 φορέσαι
3566 4085 3662 4155 τὴν

2095 4180 2302 4250 σάρκα;

2174 4271 2361 4324 Ἀπόκ.
2415 4272 2525 4325 Kal
2569 4271 2697 4343 περὶ
2750 4268 2942 4323 τούτου
3001 4269 3182 4332 καλῶς
3241 4269 3488 4339 ἐρωτᾷς·
3543 4269 3662 4322 ὅθεν

2090 4363 2321 4417 ἄκουσον
2346 4363 2440 4416 καὶ
2465 4361 2646 4426 καλῶς
2674 4363 2774 4433 τὴν
2803 4362 3114 4432 ἀπόκρισιν.
3145 4363 3281 4414 Κατ’
3307 4359 3502 4430 ἀρχὰς,
3537 4361 3660 4413 ὅταν

2089 4455 2344 4522 ἐποίησεν
2366 4456 2395 4506 6
2415 4454 2547 4516 Θεὸς
2566 4455 2658 4506 τὸν
2686 4453 2993 4525 ἄνθρωπον,
3023 4454 3116 4505 καὶ
3144 4451 3417 4522 ἐπλανήθη
3442 4451 3547 4504 ὑπὸ
3569 4451 3659 4503 τοῦ

2087 4546 2332 4599 διαϐόλου
2365 4549 2395 4599 ὀ
2436 4547 2752 4618 ἄνθρωπος,
2788 4547 2888 4600 οὐκ
2926 4545 3173 4616 ἐνίκησεν
3207 4547 3235 4597 6
3281 4543 3525 4606 διάϐολος
3565 4543 3660 4612 τὴν

2091 4638 2354 4709 θεότητα,
2386 4639 2522 4693 ἀλλὰ
2578 4639 2676 4711 τῆν
2732 4639 3144 4710 ἀνθρωπότητα.
3185 4637 3276 4690 Διὸ
3317 4637 3413 4690 καὶ
3456 4637 3657 4708 ἔπρεπε

2089 4731 2249 4784 πάλιν
2281 4731 2416 4802 αὐτὴ
2449 4735 2482 4803 ἡ
2519 4732 2800 4802 νικηθεῖσα
2833 4731 3190 4802 ἁνθρωπότης
3246 4729 3330 4782 ἵνα
3369 4728 3462 4780 καὶ
3503 4728 3657 4780 πάλιν

2089 4824 2226 4893 αὑτὴ
2258 4827 2454 4897 νικήσῃ
2486 4824 2576 4876 τὸν
2635 4823 2828 4894 ἐχθρὸν
2881 4823 3050 4894 αὐτῆς
3107 4823 3197 4874 τὸν
3240 4819 3519 4883 διάϐολον,
3568 4819 3656 4872 καὶ

2090 4915 2251 4969 πάλιν
2306 4917 2609 4988 παραλάϐοι
2645 4916 2736 4969 τὸν
2773 4916 2839 4968 δι’
2885 4915 3094 4968 ἐκείνου
3145 4913 3274 4986 πρὶν
3320 4911 3655 4966 ἀπολέσαντα

2088 5009 2229 5061 θεῖον
2266 5009 2612 5080 παράδεισον.
2645 5008 2706 5059 ΕΞ
2736 5006 2845 5077 γάρ
2887 5006 3067 5077 γυμνὴ
3107 5008 3142 5076 ἡ
3189 5005 3379 5074 Θεότης
3424 5007 3656 5075 προσήρ-

2089 5118 2232 5171 χετο,
2266 5102 2360 5154 καὶ
2383 5101 2536 5153 ἐνίκα
2569 5101 2658 5152 τὸν
2690 5099 2956 5161 διάϐολον,
2993 5098 3183 5167 ἔμελλε
3220 5097 3592 5168 καυχησθῆναι
3628 5099 3652 5149 ὀ

2086 5192 2358 5256 διάϐολος,
2390 5193 2472 5244 ὅτι
2515 5193 2576 5243 o6
2611 5191 2947 5260 θαυμαστὸν,
3002 5191 3050 5242 εἰ
3093 5189 3186 5243 καὶ
3241 5187 3466 5258 ἐνικήθη
3493 5205 3506 5218 ·
3554 5187 3650 5240 ὑπὸ

2087 5285 2185 5354 τῆς
2217 5284 2468 5354 θεότητος
2484 5283 2592 5354 γάρ
2622 5281 2942 5352 προσϐαλὼν
2970 5281 3218 5351 ἐνικήθη.
3247 5281 3357 5332 Καὶ
3386 5277 3475 5330 διὰ
3502 5278 3648 5330 τοῦτο

2087 5375 2146 5426 o6
2182 5374 2502 5441 κατεδέξατο
2537 5376 2566 5426 6
2613 5373 2778 5436 Θεὸς,
2833 5373 2921 5426 ἴνα
2969 5373 3149 5442 γυμνὴ
3195 5372 3227 5440 ἡ
3271 5370 3460 5439 θεότης
3491 5367 3646 5421 αὑτοῦ

2087 5467 2472 5538 προσπαλαίσῃ
2511 5467 2602 5519 τὸν
2651 5465 2895 5520 διάϐολον
2921 5505 2936 5528 ,
2986 5465 3100 5518 ἀλλ’
3131 5461 3401 5533 ἠϐουλήθη
3424 5499 3438 5524 ,
3498 5461 3580 5514 ἴνα
3617 5461 3645 5528 ἡ

2088 5560 2440 5633 ἀνθρωπότης
2487 5563 2520 5631 ἡ
2560 5560 2840 5631 νικηθεῐσα
2875 5558 2979 5612 67.6
3032 5556 3127 5611 τοῦ
3179 5555 3470 5618 διαϐόλου,
3517 5552 3644 5620 αὕτη
