3868 6206
179 262 289 320 793

1455 272 1921 340 QUASSTIONES
1957 277 2162 335 ΑΜΕ.

3330 293 3436 371 rat

176 381 278 437 καὶ
308 380 444 452 μόνη
497 382 696 454 νικήσῃ
731 381 823 437 τὸν
878 383 1183 455 νικήσαντα
1223 384 1427 458 ταύτην
1477 387 1742 441 διάϐολον.

1864 406 1959 446 non
1982 402 2168 462 posset
2188 393 2304 449 sola
2339 396 2576 452 humana
2596 404 2795 452 natura
2817 398 3037 456 vincere
3064 401 3186 458 sine
3211 402 3432 469 deitate,

178 470 580 544 Προγινώσκων
614 469 708 528 οὖν
740 475 903 530 πάλιν
938 477 967 529 6
1000 476 1161 545 σοφὸς
1183 476 1339 544 Θεὸς,
1372 479 1454 533 ὅτι
1494 480 1594 532 οὐκ
1622 478 1751 550 ἠδύ-

176 581 309 617 νατο
332 564 466 635 μόνη
486 566 520 635 ή
548 564 902 637 ἀνθρωπότης
926 569 1148 639 νικῆσαι
1172 571 1342 641 χωρὶς
1354 570 1455 642 τῆς
1478 570 1752 641 θεότητος,

174 656 386 728 ἐκρύϐη
418 659 477 710 ἐν
505 658 641 730 αὐτῇ
674 660 741 730 τῇ
774 660 990 732 σαρκὶή
1025 660 1234 731 θεότης,
1255 662 1405 726 ὅπως
1428 663 1458 715 6
1487 662 1750 729 διάϐολος,

178 745 403 819 θεωρῶν
446 747 545 819 τὴν
580 747 777 820 σάρκα,
817 750 912 803 καὶ
946 750 1020 821 μὴ
1044 749 1349 819 γινώσκων,
1389 753 1471 806 ὅτι
1503 755 1560 807 ἐν
1613 755 1748 825 αὐτῇ

176 841 246 910 τῇ
278 840 498 911 σαρκὶή
534 838 724 910 θεότης
766 842 885 893 ἐστὶ
930 842 1310 915 κεκρυμμένη,
1356 844 1628 919 προσέλθῃ
1658 846 1752 900 καὶ

1863 483 2187 539 abscondita
2216 495 2300 541 est
2338 488 2393 541 in
2415 488 2534 558 ipsa
2567 503 2735 545 carne
2764 490 3053 572 deitasuut
3078 491 3327 551 diabolus
3353 498 3436 551 vi-

1861 571 2000 628 dens
2041 588 2289 638 carnem,
2329 585 2385 632 et
2423 594 2534 635 non
2568 593 2910 649 cognoscens
2952 571 3223 639 deitatem
3253 584 3309 639 in
3343 601 3440 642 ea-

1858 659 1982 715 dem
2030 677 2196 719 carne
2242 665 2615 721 absconditam
2665 683 2824 735 esse,
2863 671 3147 726 accederet
3206 680 3261 727 et
3310 688 3437 729 cum

1856 747 2078 808 Christo
2098 755 2540 825 congrederetur,
2569 765 2733 827 atque
2761 759 2837 812 ita
2870 760 3179 817 vinceretur
3219 762 3290 817 ab
3313 765 3441 820 abs-

1857 842 2076 898 condita
2105 844 2323 902 deitate.
2346 845 2502 914 Quod
2524 857 2578 904 et
2613 849 2814 904 factum
2844 858 2950 906 est.

178 926 558 998 προσπαλαίση
612 927 690 998 τῷ
750 928 990 1000 Χριστῷ,
1046 932 1142 984 καὶ
1179 930 1351 994 οὕτως
1389 933 1584 1005 νικηθῇ
1650 933 1754 987 ὑπὸ
1796 932 1897 1006 τῆς
1942 937 2332 1009 κεκρυμμένης
2401 938 2672 1010 θεότητος.
2740 942 2917 1014 Ὅπερ
2979 945 3073 997 καὶ
3130 944 3366 1014 γέγονεν.

251 1020 465 1091 Ὠσπερ
485 1019 595 1090 γὰρ
622 1020 651 1072 6
670 1018 876 1083 ἁλιεὺς,
902 1019 1227 1092 βουλόμενος
1249 1025 1554 1095 κυνηγῆσαι
1578 1025 1752 1096 ἰχθὺν,

177 1112 240 1165 οὺ
276 1112 482 1182 γυμνὸν
518 1111 580 1166 τὸ
616 1112 909 1183 ἄγκιστρον
964 1111 1146 1183 βάλλει
1194 1116 1274 1179 εἰς
1317 1114 1415 1187 τὴν
1457 1115 1763 1183 θάλασσαν,

177 1203 296 1257 ἀλλ’
327 1202 501 1257 ἐνδύει
528 1201 725 1267 ἔξωθεν
758 1202 1014 1276 σκώληκα
1046 1205 1182 1278 δόλῳ
1216 1206 1278 1260 τὸ
1305 1206 1621 1278 ἄγκιστρον,
1660 1210 1756 1262 καὶ

176 1294 354 1358 οὕτως
384 1292 563 1365 ῥίπτει
589 1293 721 1347 αὐτὸ
749 1295 829 1357 εἰς
855 1296 952 1366 τὴν
980 1295 1252 1352 θάλασσαν
1283 1298 1634 1370 ἐνδεδυμένον
1664 1300 1756 1354 τὸν

180 1382 474 1455 σκώληκα’
518 1385 547 1437 6
571 1383 629 1436 δὲ
676 1383 847 1456 ἰχθὺς,
884 1384 1103 1458 θεωρῶν
1134 1387 1226 1441 τὸν
1275 1388 1535 1460 σκώληκα
1573 1390 1752 1462 μόνον,

176 1477 276 1531 καὶ
305 1475 381 1548 μή
414 1474 721 1545 γινώσκων,
752 1477 836 1530 ὅτι
862 1479 1075 1550 σκώληξ
1106 1480 1271 1552 μέσον
1301 1480 1509 1535 ἐκείνου
1541 1482 1652 1553 ἔχει
1694 1484 1756 1536 τὸ

176 1569 497 1641 ἄγκιστρον,
523 1567 662 1624 ἀλλὰ
705 1568 942 1641 νομίζων
971 1570 1095 1642 δίχα
1139 1573 1437 1645 ἀγκίστρου
1480 1574 1570 1628 τὸν
1609 1573 1754 1628 σκώ-

176 1661 323 1732 ληκα
356 1657 495 1714 εἶναι
542 1659 868 1731 μονώτὰτον,
914 1662 1266 1734 πλανώμενος
1308 1665 1413 1718 ὑπὸ
1454 1665 1551 1719 τοῦ
1597 1665 1755 1735 ἀγκί-

1926 1023 2398 1092 Quemadmodum
2438 1030 2584 1085 enim
2621 1032 2866 1101 piscator
2904 1036 3095 1091 volens
3133 1051 3328 1106 capere
3357 1027 3442 1095 Pi"

1857 1129 2004 1170 seem
2050 1132 2159 1171 non
2196 1116 2401 1173 nudum
2442 1119 2665 1174 hamum
2691 1121 2829 1190 jacit
2854 1122 2909 1177 in
2938 1138 3109 1189 mare,
3145 1126 3239 1179 sed
3273 1124 3467 1194 alIigit'

1855 1207 2199 1263 extrinsecus
2256 1224 2492 1265 vermem
2552 1226 2650 1280 per
2711 1213 2921 1279 dolum,
2973 1221 3029 1268 et
3086 1215 3167 1270 sic
3215 1216 3441 1286 proiicit

1857 1297 2078 1351 hamum
2107 1297 2162 1352 in
2190 1314 2340 1354 mare
2381 1299 2632 1355 indutum
2660 1317 2844 1358 verme
2876 1319 2891 1357 :
2921 1304 3090 1374 piscis
3129 1314 3319 1360 autem
3358 1305 3441 1360 vi-

1860 1388 1998 1444 dens
2036 1405 2276 1446 vermem
2318 1392 2531 1461 solum,
2570 1400 2626 1448 et
2657 1409 2769 1448 non
2800 1409 3142 1465 cognoscens
3174 1395 3229 1450 in
3256 1411 3441 1452 verme

1860 1480 2031 1536 latere
2067 1479 2311 1548 hamum,
2352 1482 2449 1538 sed
2481 1484 2826 1548 existimans,
2857 1486 2976 1540 sine
3004 1486 3168 1541 hamo
3201 1503 3440 1543 vermem

1860 1584 1983 1625 esse
2047 1572 2248 1638 solum,
2298 1573 2557 1644 deceptus
2605 1577 2821 1645 capitur
2882 1576 3046 1632 hamo
3096 1593 3111 1629 :
3162 1579 3236 1632 ita
3274 1579 3439 1634 etiam

1860 1661 2113 1718 Christus
2148 1663 2296 1720 fecit.
2332 1665 2469 1720 Cum
2501 1667 2664 1722 vellet
2700 1668 2847 1723 enim
2875 1677 3202 1725 venenatum
3235 1671 3442 1741 piscem

181 1772 348 1825 στρου
386 1758 668 1827 κρατεῖται
687 1771 701 1785 ο
732 1755 876 1810 οὕτω
899 1758 995 1811 καὶ
1027 1759 1056 1811 6
1083 1758 1319 1829 Χριστὸς
1351 1758 1595 1830 ἐποίησε.
1617 1761 1754 1813 Βου-

1864 1754 1914 1808 in
1949 1756 2108 1825 aquis
2152 1756 2378 1814 inﬁnitis
2415 1758 2596 1830 abyssi
2645 1759 2903 1815 latentem
2939 1776 3158 1831 capere,
3198 1778 3296 1818 seu
3343 1779 3442 1832 po-

178 1844 369 1917 ληθεὶς
403 1846 513 1919 γὰρ
558 1848 866 1919 κυνηγῆσαι
910 1847 1004 1902 τὸν
1040 1850 1100 1904 ἐν
1151 1852 1264 1914 τοῖς
1306 1851 1555 1923 ἀπείροις
1598 1852 1754 1906 ὕδασι

176 1940 281 2009 τῆς
303 1939 540 1993 ἀϐύσσου
566 1940 1018 2012 ἐμφωλευόμενον
1053 1941 1256 1996 ἰοϐόλον
1284 1942 1455 2013 ἰχθὺν,
1488 1943 1521 2015 ἢ
1556 1944 1755 2013 μᾶλλον

183 2030 359 2102 μέγαν
403 2029 670 2101 δράκοντα
710 2030 804 2086 τὸν
844 2031 1109 2096 διάϐολον,
1142 2031 1203 2085 οὑ
1232 2034 1412 2103 γυμνῇ
1442 2033 1507 2102 τῇ
1543 2032 1756 2103 θεότητι

177 2118 347 2173 αὐτοῦ
386 2119 465 2191 τῷ
507 2120 737 2191 διαϐόλῳ
772 2121 1100 2193 προσέφερε,
1137 2121 1274 2176 ἀλλὰ
1320 2122 1456 2193 δόλῳ
1487 2122 1580 2175 τὸν
1614 2121 1758 2175 σκώ-

177 2211 325 2282 ληκα
366 2210 465 2283 τὴν
512 2198 785 2280 παναγίαν
828 2213 994 2267 αὐτοῦ
1045 2213 1223 2285 σάρκα
1243 2254 1258 2279 ,
1304 2214 1371 2286 ἥν
1399 2202 1465 2267 ἐκ
1504 2212 1604 2284 τῆς
1644 2214 1759 2267 άει-

177 2300 456 2373 Παρθένου
507 2302 761 2372 Μαρίας,
827 2303 929 2373 τῆς
975 2304 1395 2375 παναγιωτάτης
1449 2302 1587 2373 γῆς,
1633 2303 1757 2373 δίχα

178 2391 402 2464 φυρμοῦ
431 2393 737 2459 ἐνεδύσατο,
765 2396 909 2450 κατὰ
948 2394 1041 2448 τὸν
1077 2396 1354 2465 φάσκοντα
1382 2395 1523 2450 θεῖον
1554 2397 1752 2451 Δαϐίδ’

183 2503 204 2535 ι
238 2483 382 2553 Ἐγώ
405 2487 523 2556 ειμι
555 2483 770 2556 σκώληξ
793 2487 889 2539 καὶ
920 2486 1021 2539 οὐκ
1046 2485 1352 2558 ἄνθρωπος,
1377 2506 1396 2539 ι
1422 2487 1659 2558 ἐκάλυψε
1695 2489 1758 2542 τὸ

180 2576 477 2645 ἱερώτατον
502 2578 794 2656 ἄγκιστρον
821 2577 914 2632 τὸν
934 2579 1377 2651 κοσμοσωτήριον
1397 2579 1564 2633 αὑτοῦ
1596 2596 1758 2633 σταυ-

184 2667 297 2739 ρὸν,
315 2670 373 2722 ἐν
400 2668 549 2738 αύτῷ
572 2669 929 2741 προσπαγεὶς,
954 2670 1049 2723 καὶ
1074 2669 1142 2723 δι’
1165 2669 1330 2723 αὑτοῦ
1352 2669 1535 2724 λαθεῖν
1566 2669 1759 2743 βουλη-

181 2760 297 2824 θεὶς
320 2760 419 2831 τὴν
442 2760 633 2815 ἐαυτσῦ
666 2760 916 2832 θεότητα,
932 2762 1021 2830 ὑφ’
1043 2752 1103 2814 οὗ
1133 2761 1425 2833 πλανηθεὶς
1445 2762 1540 2817 καὶ
1554 2781 1759 2835 κρατη-

182 2850 298 2916 θεὶς
328 2854 360 2905 6
388 2851 588 2916 ίοϐόλος
629 2852 724 2906 καὶ
757 2852 1082 2924 όφιοδήκτης
1106 2845 1263 2918 οὗτος
1296 2853 1467 2923 ἰχθὺς,
1507 2856 1537 2907 6
1584 2853 1758 2925 μέγας

181 2945 402 3019 δράκων
439 2944 703 3009 διάϐολος,
735 2948 764 3000 6
786 2944 880 2999 τοῦ
928 2944 1257 3017 παραδείσου
1301 2943 1505 3009 ἐξώσας
1545 2945 1640 2999 καὶ
1662 2941 1758 2998 θα-

1855 1847 1966 1902 tius
1992 1863 2245 1919 magnum
2280 1849 2431 1903 illum
2459 1850 2751 1907 draconem
2787 1852 3062 1906 diabolum
3094 1870 3109 1920 ;
3144 1868 3255 1908 non
3291 1854 3440 1908 nuda

1861 1940 2067 1996 deitate
2119 1956 2245 1995 cum
2303 1942 2521 1997 diabolo
2582 1958 2914 2015 congressus
2972 1952 3091 2009 est,
3159 1944 3256 2001 sed
3312 1946 3440 2001 dolo
3486 1983 3497 1995 .

1855 2040 2121 2096 v’crmem,
2180 2034 2585 2089 sanctissimam
2644 2050 2800 2090 suam
2852 2050 3095 2100 carnem,
3148 2053 3312 2107 quam
3370 2053 3439 2093 ex

1856 2140 2072 2196 semper
2094 2124 2317 2197 Virgine
2344 2125 2513 2181 Maria
2533 2167 2547 2193 ,
2581 2128 2929 2184 sanctissima
2966 2135 3136 2195 terra,
3175 2131 3295 2186 sine
3319 2133 3439 2201 pol-

1856 2214 2086 2281 lutione,
2146 2215 2326 2271 induit
2360 2234 2374 2270 :
2408 2218 2870 2287 quemadmodum
2912 2218 3090 2289 inquit
3135 2219 3296 2276 divus
3334 2221 3440 2275 Da-

1855 2309 1947 2363 vid
1980 2327 1993 2363 :
2031 2326 2052 2359 ‹
2098 2308 2209 2379 Ego
2255 2324 2376 2365 sum
2420 2310 2624 2365 vermis
2661 2317 2720 2366 et
2775 2327 2888 2366 non
2928 2314 3095 2390 homo
3138 2313 3203 2378 ",
3247 2332 3274 2365 ›
3308 2320 3441 2369 texit

1856 2401 2210 2457 sacerrimum
2233 2399 2452 2454 hamum
2484 2401 2686 2456 mundo
2703 2401 2997 2456 salutarem
3026 2418 3242 2458 crucem
3262 2418 3440 2469 suam,

1856 2493 1931 2547 illi
1961 2491 2173 2554 aditus,
2204 2497 2259 2546 et
2279 2506 2375 2561 per
2413 2492 2559 2546 illam
2580 2492 2748 2547 latere
2776 2494 2948 2547 voluit
2969 2495 3227 2549 deitatem
3257 2511 3438 2561 suam,

1857 2598 1888 2638 a
1927 2598 2034 2654 qua
2069 2583 2330 2652 deceptus
2375 2590 2456 2638 est
2484 2591 2538 2638 et
2562 2591 2752 2652 captus
2780 2597 3082 2640 venenatus
3122 2585 3213 2642 ille
3233 2593 3287 2641 et
3326 2600 3447 2641 ser--

1855 2676 2109 2749 pentinls
2134 2676 2413 2732 morsibus
2464 2674 2700 2731 infestus
2744 2676 2936 2746 piscis,
2987 2692 3220 2748 magnus
3272 2677 3443 2733 draco

1857 2769 2129 2829 diabolus,
2169 2766 2264 2838 qui
2306 2766 2562 2837 paradiso
2604 2767 2890 2833 expulerat
2927 2774 2982 2821 et
3037 2767 3446 2823 occiderat’ho-

1856 2861 2082 2925 minem,
2120 2867 2177 2915 et
2213 2860 2392 2915 victus
2427 2858 2610 2929 periit.
2658 2857 2738 2911 lta
2777 2858 2995 2928 quidem
3024 2858 3241 2913 deitatis
3280 2864 3444 2930 typus

1857 2958 1945 3007 est
1993 2951 2190 3006 hamus
2234 2965 2249 3002 :
2292 2949 2652 3004 humanitatis
2699 2962 2829 3003 vero
2872 2956 3036 3019 typus
3087 2956 3174 3003 est
3214 2948 3440 3004 vermis.

181 3035 430 3100 νατώσας
472 3035 563 3090 τὸν
593 3034 913 3105 ἄνθρωπον,
952 3032 1193 3105 νικηθεὶς
1226 3032 1490 3088 ἀπώλετο.
1521 3032 1686 3086 Ὥστε
1721 3035 1756 3102 ή

1864 3042 2066 3098 Videns
2098 3041 2264 3112 igitur
2292 3039 2638 3096 extrinsecus
2663 3038 2942 3095 hominem
2963 3046 3018 3093 et
3041 3052 3150 3092 non
3195 3035 3448 3091 animada

186 3129 289 3200 μὲν
338 3128 528 3199 θεότης
569 3130 649 3193 εἰς
692 3127 861 3184 τύπον
901 3128 995 3183 τοῦ
1038 3128 1340 3199 ἀγκίστρου
1387 3127 1559 3192 ἐστὶν,
1614 3127 1649 3196 ή
1702 3125 1760 3178 δὲ

183 3222 545 3292 άνθρωπότης
567 3222 649 3284 εἰς
678 3221 851 3274 τύπον
875 3219 970 3275 τοῦ
1009 3219 1312 3291 σκώληκος.
1342 3217 1636 3289 Θεωρήσας
1666 3212 1761 3271 οὗν

184 3316 213 3368 6
236 3312 483 3376 διάϐολος
506 3312 703 3380 ἔξωθεν
735 3313 798 3366 τὸ
829 3310 1170 3385 ἀνθρώπινον
1202 3311 1296 3366 καὶ
1322 3310 1397 3383 μὴ
1429 3311 1629 3382 νοήσας
1660 3309 1763 3381 τὴν

184 3409 247 3460 ἐν
272 3405 419 3477 αὐτῷ
450 3405 651 3461 ἔσωθεν
682 3404 1143 3477 ὲγκεκρυμμένην
1167 3403 1424 3475 θεότητα,
1454 3402 1759 3474 ἐπλανήθη,

184 3500 282 3554 καὶ
333 3498 646 3570 προσελθὼν
685 3501 752 3569 τῇ
787 3496 1188 3571 άνθρωπότητι,
1212 3495 1490 3569 ἐκρατήθη
1526 3495 1630 3550 ὑπὸ
1665 3494 1760 3549 τοῦ

186 3590 509 3646 ἁνεικάστου
558 3590 656 3643 καὶ
703 3589 1098 3659 άκατανικήτου
1147 3588 1445 3660 ἀγκίστρου
1495 3587 1597 3658 τῆς
1646 3585 1764 3641 θεό-

184 3697 350 3750 τητος
371 3696 384 3708 ·
413 3679 508 3733 καὶ
535 3677 709 3742 οὕτως
734 3677 960 3750 ἐνικήθη
993 3680 1024 3733 6
1053 3677 1225 3749 μέγας
1258 3676 1475 3750 δράκων
1495 3674 1759 3740 διάϐολος.

185 3772 288 3824 Διὰ
339 3770 497 3825 τοῦτο
541 3771 642 3825 οὐκ
688 3766 850 3842 ἦλθεν
882 3772 912 3823 6
954 3768 1083 3834 Υἱὸς
1127 3770 1223 3824 καὶ
1280 3770 1452 3838 Λόγος
1501 3768 1595 3823 τοῦ
1626 3767 1762 3822 Θεοῦ

184 3867 371 3935 γυμνῇ
424 3867 491 3935 τῇ
536 3862 700 3917 αὑτοῦ
753 3861 967 3934 θεότητι
1016 3862 1320 3933 κυνηγῆσαι
1361 3861 1454 3916 τὸν
1497 3861 1760 3927 διάϐολον,

188 3955 306 4008 ἀλλ’
359 3956 585 4027 ἐφόρεσε
619 3956 718 4026 τὴν
781 3955 980 4027 σάρκα,
1027 3955 1122 4008 καὶ
1149 3953 1320 4018 οὕτως
1373 3952 1610 4025 εἰσῆλθε.
1651 3951 1764 4007 Kal.

189 4047 331 4119 αὕτη
364 4049 509 4103 ἐστὶν
539 4049 572 4119 ή
599 4049 745 4103 αἰτία
781 4046 875 4101 τοῦ
914 4046 1167 4116 γενέσθαι
1190 4045 1289 4118 τὴν
1325 4046 1621 4117 σάρκωσιν.
1653 4045 1765 4098 Kal

188 4139 380 4212 ὥσπερ
414 4139 574 4203 αὐτὸς
615 4142 644 4193 6
674 4138 937 4203 διάϐολος,
979 4136 1260 4210 βουληθείς
1307 4153 1437 4191 ποτε
1490 4134 1764 4206 πλανῆσαι

188 4233 285 4286 τὸν
337 4231 622 4304 ἄνθρωπον
644 4272 658 4296 ,
715 4233 809 4285 καὶ
851 4231 946 4285 τοῦ
984 4230 1314 4302 παραδείσου
1363 4228 1648 4295 ἐκϐαλεῖν,
1701 4229 1764 4281 οὐ

190 4324 466 4397 προσῆλθε
512 4328 578 4397 τῇ
632 4323 748 4397 Elia
787 4327 967 4396 γυμνῇ
1015 4327 1080 4396 τῇ
1148 4319 1344 4376 ἑαυτοῦ
1389 4320 1760 4391 διαϐολότητι,

1862 3140 2080 3187 vertens
2157 3130 2489 3185 intrinsecus
2543 3120 2919 3185 absconditam
2975 3127 3232 3183 deitatem
3266 3167 3282 3193 ,
3339 3127 3438 3182 de-

1862 3231 2052 3293 ceptus
2080 3228 2185 3287 est,
2225 3228 2281 3277 et
2303 3221 2570 3277 accedens
2609 3220 2678 3276 ad
2705 3221 3105 3276 humanitatem
3135 3227 3331 3290 captus
3361 3230 3450 3276 est

1863 3314 1932 3368 ab
1959 3313 2244 3383 inopinato
2270 3319 2327 3366 et
2361 3310 2627 3365 immobili
2660 3311 2824 3365 hamo
2860 3309 3084 3365 deitatis
3113 3327 3126 3364 :
3156 3316 3212 3364 et
3246 3309 3329 3365 sic
3363 3310 3448 3362 vi-

1862 3412 1988 3461 ctus
2018 3411 2105 3460 est
2134 3418 2364 3474 magnus
2391 3403 2560 3458 draco
2587 3400 2863 3458 diabolus.
2894 3402 3064 3472 288
3103 3400 3449 3472 Quapropter

1862 3513 1973 3554 non
2014 3498 2163 3554 venit
2202 3496 2379 3552 Filius
2416 3504 2472 3552 et
2505 3495 2744 3552 Verbum
2783 3495 2898 3559 Dei,
2951 3505 3012 3549 ut
3050 3495 3198 3550 nuda
3245 3495 3448 3550 deitato

1862 3597 2079 3658 caperet
2124 3588 2421 3653 diabolum,
2450 3586 2547 3642 'sed
2597 3600 2819 3642 carnem
2854 3586 3108 3656 gestavit,
3139 3591 3197 3640 et
3240 3585 3322 3640 sic
3360 3585 3448 3639 in-

1868 3695 2099 3752 gressus
2123 3687 2230 3735 est.
2271 3680 2339 3734 Et
2371 3680 2487 3734 haec
2522 3687 2609 3734 est
2632 3692 2798 3734 causa
2826 3678 2974 3747 quod
3010 3677 3326 3731 incarnatus
3351 3675 3447 3730 sit.

1862 3772 1931 3825 Et
1976 3770 2435 3841 quemadmodum
2485 3772 2604 3840 ipse
2660 3768 2914 3824 diabolus
2949 3783 3074 3822 cum
3115 3767 3278 3822 vellet
3313 3766 3449 3821 olim

1863 3862 2126 3919 seducere
2154 3862 2451 3928 hominem,
2478 3871 2533 3918 et
2555 3861 2811 3931 paradiso
2847 3861 3066 3932 ejicere,
3109 3874 3220 3915 non
3258 3873 3449 3914 acces-

1865 3956 1937 4010 sit
1966 3955 2035 4010 ad
2070 3953 2239 4010 Evam
2278 3954 2427 4009 nuda
2458 3970 2559 4011 sua
2585 3954 2761 4011 forma
2796 3952 3094 4016 diabolica,
3134 3950 3230 4005 sed
3278 3949 3451 4020 gessit

1863 4061 2083 4102 carnem
2117 4087 2133 4114 ,
2186 4045 2395 4101 scilicet
2448 4052 2754 4115 serpentem
2781 4084 2798 4110 ,
2863 4052 2919 4099 et
2972 4042 3055 4097 sic
3105 4040 3341 4095 accessit
3393 4048 3451 4094 et

1863 4137 2077 4208 decepit
2123 4137 2313 4201 illam;
2381 4143 2546 4190 norat
2590 4135 2735 4190 enim
2775 4141 2994 4189 astutus
3038 4131 3165 4194 iste,
3209 4127 3357 4199 quod
3398 4128 3449 4184 si

1864 4227 2192 4283 accessisset
2243 4226 2312 4282 ad
2360 4226 2510 4281 illam
2560 4225 2709 4280 nuda
2754 4239 2854 4280 sua
2902 4223 3079 4279 forma
3131 4219 3445 4284 diabolica,

1863 4331 2146 4388 nunquam
2201 4332 2325 4372 eam
2390 4316 2643 4387 decipere
2686 4315 2995 4385 potuisset;
3064 4318 3119 4367 et
3160 4318 3450 4382 propterea

189 4416 309 4473 ἀλλ’
341 4416 568 4486 ἐφόρεσε
603 4415 782 4486 σάρκα
810 4414 903 4468 τὸν
949 4412 1092 4484 ὅφιν,
1137 4413 1232 4468 καὶ
1273 4412 1445 4475 οὕτως
1469 4410 1761 4482 προσῆλθε,

1868 4406 2095 4461 indutus
2114 4413 2218 4479 est,
2248 4416 2308 4461 ut
2345 4421 2529 4473 carne,
2556 4412 2828 4475 serpente,
2849 4412 2902 4460 et
2943 4418 3040 4474 per
3074 4402 3305 4457 formam
3326 4414 3450 4455 car-

192 4509 291 4566 xal.
346 4507 649 4577 ἐπλάνησεν
707 4508 910 4579 αὐτήν·
941 4506 1055 4578 ᾔδει
1095 4503 1204 4577 γάρ
1234 4504 1263 4557 6
1320 4502 1521 4566 δόλιος,
1574 4503 1676 4565 ὅτι,
1715 4503 1765 4555 εἱ

194 4598 472 4672 προσέλθῃ
497 4598 631 4669 αὐτῇ
679 4599 858 4669 γυμνῇ
908 4598 972 4667 τῇ
1025 4593 1363 4665 διαϐολότητι
1414 4590 1615 4657 αὐτοῦ,
1669 4591 1769 4645 οὐκ

158 4726 167 4735 ι
196 4694 264 4747 ἂν
295 4691 462 4761 αὐτὴν
496 4689 764 4760 πλανῆσαι
789 4689 1074 4759 δυνήσεται
1096 4703 1110 4716 ·
1143 4686 1236 4740 καὶ
1256 4685 1343 4739 διὰ
1357 4684 1514 4739 τοῦτο
1543 4681 1766 4754 ἐνεδύθη

195 4783 385 4854 ὥσπερ
445 4782 623 4855 σάρκα
657 4781 747 4835 τὸν
795 4779 917 4848 ὅφιν
943 4819 958 4842 ,
1008 4778 1102 4831 καὶ
1144 4777 1232 4831 διὰ
1282 4774 1375 4830 τοῦ
1428 4773 1767 4849 σαρκοφόρου

195 4874 374 4945 ὄφεως
406 4874 504 4945 τὴν
551 4872 694 4926 Εὕαν
735 4870 1027 4940 ἐπλάνησε.
1076 4869 1188 4922 Kal.
1232 4869 1262 4922 6
1316 4868 1412 4939 μὲν
1451 4865 1573 4936 ὄφις
1616 4865 1772 4935 ἐφαί-

196 4983 341 5029 νετο,
366 4966 394 5019 6
425 4965 483 5018 δὲ
510 4964 757 5026 διάϐολος
785 4961 887 5016 οὐκ
912 4960 1181 5029 ἐφαίνετο.
1208 4959 1316 5012 Kal
1337 4958 1425 5012 διὰ
1452 4956 1548 5011 τοῦ
1582 4972 1772 5028 φαινο-

202 5058 365 5129 μένου
392 5055 567 5126 ὅφεως
594 5056 813 5127 ἐνήργει
846 5055 874 5107 6
899 5051 1210 5123 ἄθεώρητος
1237 5050 1357 5119 ὄφις
1377 5048 1640 5113 διάϐολος.
1668 5047 1773 5101 Δύο

198 5149 310 5220 γάρ
357 5148 547 5218 φύσεις
597 5147 653 5200 ἐν
699 5147 780 5199 ἐνὶ
823 5143 1099 5217 προσώπῳ
1129 5140 1344 5212 ἀπῆγον
1372 5141 1493 5194 τότε
1534 5142 1627 5194 ἐπὶ
1665 5138 1774 5195 τῶν

199 5238 565 5311 προπατόρων
589 5237 686 5309 τὴν
723 5237 1021 5290 ἔκπτωσιν.
1076 5232 1186 5286 Kal.
1222 5231 1409 5303 ὥσπερ
1446 5231 1569 5285 τότε
1598 5230 1776 5285 διαϐο-

200 5331 363 5401 λότης
396 5329 492 5383 καὶ
512 5329 732 5401 ὀφιότης
765 5326 858 5380 δύο
890 5327 1081 5397 φύσεις
1105 5326 1164 5377 ἐν
1197 5324 1278 5377 ἐνὶ
1323 5320 1599 5395 προσώπῳ
1635 5319 1776 5393 ήνώ-

203 5422 399 5492 θησαν,
432 5422 526 5474 καὶ
551 5421 585 5491 ή
617 5419 715 5491 μὲν
751 5418 848 5489 μία
876 5417 1060 5486 φύσις,
1092 5417 1259 5488 ήγουν
1294 5416 1327 5487 ή
1359 5414 1580 5485 ὀφιότης
1616 5411 1774 5481 ἐφαί-

204 5528 347 5570 νετο,
368 5512 401 5580 ή
435 5510 494 5564 δὲ
522 5509 708 5580 ἐτέρα,
733 5509 852 5579 ήτοι
891 5509 924 5578 ή
968 5503 1313 5574 διαϐολότης,
1364 5504 1466 5556 οὐκ
1506 5501 1775 5572 ἐφαίνετο,

205 5602 301 5655 καὶ
327 5600 548 5665 ἐξέϐαλε
572 5601 661 5654 τὸν
685 5599 971 5683 ἄνθρωπον
1000 5599 1065 5652 ἐκ
1089 5595 1181 5650 τοῦ
1212 5594 1540 5671 παραδείσου
1558 5611 1570 5623 ·
1605 5591 1778 5657 οὕτως

293 5713 339 5745 ⁸³
370 5711 519 5769 Psal.
546 5727 658 5769 ut.
691 5711 723 5765 7

1867 4500 2031 4557 niferi
2061 4500 2330 4570 serpentis
2360 4496 2526 4554 Evam
2570 4498 2785 4568 decepit
2810 4515 2825 4565 ;
2868 4505 3033 4568 atque
3066 4510 3295 4567 serpens
3321 4493 3448 4564 qui-

1868 4593 1989 4650 dem
2021 4594 2334 4664 apparebat,
2361 4594 2615 4649 diabolus
2654 4601 2837 4648 autem
2877 4609 2989 4648 non
3024 4591 3356 4662 apparebat;
3393 4596 3453 4645 et

1869 4700 1965 4756 per
1986 4693 2334 4755 apparentem
2358 4690 2665 4755 serpentem
2685 4682 2875 4738 eﬂicax
2896 4681 3315 4738 eratinvisibilis
3334 4694 3454 4735 ser-

1870 4790 2005 4844 pens
2024 4775 2293 4840 diabolus,
2309 4774 2431 4830 duae
2447 4773 2592 4829 enim
2610 4782 2816 4828 natura;
2838 4774 2896 4827 in
2911 4788 3016 4827 una
3035 4786 3267 4842 persona
3280 4770 3452 4826 unita

1871 4862 2168 4921 effecerunt
2212 4874 2347 4921 tunc
2401 4867 2611 4937 lapsum
2660 4866 2715 4920 in
2765 4865 3067 4935 majoribus
3110 4863 3350 4926 nostris;
3393 4870 3450 4914 et

1874 4958 2337 5030 quemadmodum
2366 4960 2501 5013 tunc
2536 4956 2808 5013 diabolica
2848 4956 3024 5012 forma
3050 4964 3103 5011 et
3134 4952 3449 5024 serpentina

1873 5050 1996 5105 dua:
2038 5058 2248 5105 naturae
2285 5057 2442 5105 erant
2494 5048 2550 5102 in
2593 5064 2702 5103 una
2751 5062 2985 5118 persona
3026 5044 3211 5109 unita,
3247 5052 3301 5097 et
3340 5055 3452 5095 una

1875 5140 2094 5213 quidem
2134 5148 2332 5197 natura
2379 5140 2587 5198 scilicet
2619 5140 2960 5211 serpentina,
2992 5136 3332 5208 apparebat;
3371 5132 3456 5187 al-

1878 5242 1994 5288 tera
2013 5246 2166 5297 vero,
2196 5236 2392 5302 nempe
2414 5230 2708 5296 diabolica,
2742 5244 2851 5283 non
2877 5227 3173 5299 apparebat
3194 5234 3248 5279 et
3267 5221 3456 5293 ejicie-

1875 5328 1971 5383 bat
2002 5325 2277 5380 hominem
2298 5339 2364 5379 ex
2393 5323 2649 5394 paradiso
2676 5340 2691 5375 :
2722 5322 2797 5375 ita
2824 5320 2988 5376 etiam
3008 5319 3063 5372 in
3084 5316 3307 5372 Christo
3333 5315 3456 5370 dum

1878 5423 2088 5472 naturae
2115 5416 2169 5469 in
2201 5429 2365 5469 unam
2407 5426 2695 5484 personam
2723 5411 2906 5465 divina
2932 5417 2986 5466 et
3015 5411 3253 5464 humana
3284 5407 3456 5463 unita

1880 5513 2010 5563 sunt
2040 5523 2055 5559 :
2087 5514 2142 5562 et
2182 5503 2503 5560 humanitas
2531 5503 2754 5573 quidem
2789 5501 3107 5573 apparebat,
3140 5500 3318 5556 deitas
3354 5512 3457 5553 au-

1880 5607 1988 5654 tem
2031 5612 2144 5653 non
2182 5593 2499 5666 apparebat,
2537 5602 2590 5648 et
2628 5608 2724 5663 per
2751 5601 3102 5664 apparentem
3142 5587 3460 5646 humanita-
