3836 6194
375 237 476 291 ’ῖυό
1563 234 1621 290 S.
1661 233 2124 291 ATHANASIUS.
2165 265 2233 275 ——
2272 233 2496 288 DUBIA.
3520 229 3631 285 796

372 360 480 406 tem
511 351 684 406 dcitas
715 349 1004 407 invisibilis
1033 349 1222 405 eﬂicax
1245 356 1384 411 erat,
1408 356 1462 403 et
1489 349 1723 418 ejectum
1745 364 1812 404 ex
1845 364 1887 418 p:

2115 351 2144 401 Li.
2190 350 2284 402 ἐπὶ
2310 349 2403 402 τοῦ
2449 347 2685 419 Χριστοῦ
2735 347 2829 401 δύο
2879 347 3068 416 φύσεις
3100 349 3181 410 εις
3221 347 3279 400 ἓν
3329 347 3630 418 πρόσωπον

373 446 557 501 radiso
585 446 712 500 olim
741 445 1014 499 hominem
1054 443 1173 497 duae
1207 443 1324 496 istas
1360 450 1685 512 praestantes
1713 449 1888 494 natur:

2118 443 2239 512 ότης
2269 442 2364 494 καὶ
2390 442 2745 512 ἀνθρωπὸτης
2769 441 3057 514 ὴνώθησαν
3075 459 3089 472 ο
3114 443 3207 495 καὶ
3229 444 3261 512 ή
3290 441 3389 512 μὲν
3416 439 3633 515 ἁνβρῳ-

371 539 625 594 videlicet
668 538 845 594 deitas
895 545 950 593 et
1003 538 1334 603 humanitas,
1383 538 1435 589 in
1496 536 1648 589 illum
1697 535 1883 589 vicissi

2117 549 2218 603 an;
2267 532 2538 600 ἐφαίνετο,
2579 534 2612 602 ἠ
2652 532 2709 584 δὲ
2741 533 2931 604 θεότης
2960 535 3058 588 οὐκ
3110 534 3381 603 ἐφαίνετο,
3408 531 3503 583 καὶ
3535 531 3632 583 διὰ

371 639 428 684 et
466 645 612 684 nunc
669 629 1108 684 introduxerunt.
1150 628 1216 681 Et
1269 628 1384 681 hinc
1430 635 1513 682 est
1552 641 1757 688 causa,
1815 641 1886 695 pri

2121 644 2148 689 ς
2187 625 2516 696 φαινομένης
2564 625 2980 696 ἀνθρωπότητος
3017 630 3052 698 ἡ
3096 627 3286 697 θεότης
3333 626 3556 695 ἐνήργει
3595 626 3631 693 ἡ

372 730 494 792 pter
546 739 711 792 quam
746 721 1002 779 Christus
1059 723 1378 777 incarnatus
1434 729 1488 776 et
1543 720 1708 774 homo
1764 719 1887 773 facti

2118 715 2376 787 εώρητος,
2417 717 2512 768 καὶ
2557 715 2648 768 τὸν
2682 717 2749 769 ὲκ
2795 716 2889 768 τοῦ
2942 717 3269 788 παραδείσου
3320 715 3488 767 πάλαι
3540 712 3633 774 ἐξ·

371 825 475 867 cst.
547 815 657 884 Ipsi
751 815 980 870 debetur
1049 814 1221 884 gloria
1291 814 1346 867 in
1425 811 1636 866 inﬁnita
1716 811 1878 866 saecul

2117 809 2334 862 ισθέντα
2376 808 2682 880 ἄνθρωπον,
2710 809 2766 860 αἱ
2815 809 2978 861 καλαὶ
3021 809 3115 862 δύο
3157 808 3347 878 φύσεις
3379 802 3560 867 αὗται,
3592 806 3626 872 ἡ

371 905 564 960 Anien.
2043 899 2233 970 Θεότης
2262 901 2405 970 φημὶ
2441 899 2537 952 καὶ
2579 899 2957 970 ἀνθρωπότης,
3007 901 3088 963 εἰς
3120 901 3284 953 αὐτὸν
3322 900 3486 953 πάλιν
3528 897 3633 949 καὶ

371 996 466 1049 νῦν
497 997 767 1052 ἐνέϐαλον.
798 1001 907 1052 Καὶ
942 997 1079 1069 αὕτη
1111 999 1258 1051 ἐστὶν
1287 999 1318 1067 ἡ
1353 996 1520 1060 αἰτία,
1548 996 1614 1048 δι’
1659 989 1728 1066 ἧς
1758 997 1786 1048 ὁ
1827 991 1959 1056 Θεὸς
2000 992 2293 1062 ὲσαρκώθη-
2327 992 2424 1045 καὶ
2463 991 2680 1060 ἐγένετο
2714 991 3029 1064 ἄνθρωπος·
3088 994 3170 1046 ὅτι
3231 991 3379 1047 αὐτῶ
3424 990 3632 1062 πρέπει

371 1088 495 1154 δόξα
528 1092 609 1155 εις
636 1093 972 1163 ἀπεράντους
1020 1093 1240 1156 αἰῶνας.
1290 1092 1483 1161 Ἀμήν.

1117 1369 1496 1425 ADMONITIO
1535 1367 1600 1424 IN
1644 1367 2024 1424 HISTORIAM
2061 1367 2373 1423 [MAGIle
2407 1368 2632 1424 BER‘YT

1346 1369 1496 1425 [ITIO
1535 1367 1600 1424 IN
1644 1367 2024 1424 HISTORIAM
2061 1367 2373 1423 [MAGIle
2407 1368 2861 1424 BER‘YTENSIS.

446 1509 488 1565 I.
524 1511 810 1566 Athanasii
851 1529 953 1567 non
995 1529 1107 1567 esse
1149 1513 1246 1566 hac
1289 1513 1633 1582 Opusculum,
1678 1511 1768 1566 sed
1798 1511 2026 1579 imperiti
2065 1510 2292 1580 alicujus
2321 1519 2371 1564 et
2410 1510 2688 1580 infacundi
2724 1510 2977 1576 hominis,
3013 1512 3250 1566 eruditus
3304 1528 3454 1565 nemo
3507 1527 3634 1565 non

373 1601 615 1668 iudicat;
645 1619 806 1674 quare
856 1621 959 1658 non
1004 1613 1083 1659 est
1136 1605 1274 1675 quod
1319 1607 1374 1658 in
1419 1621 1483 1660 ea
1533 1622 1588 1660 re
1635 1603 1912 1674 probanda
1955 1604 2316 1658 immoremur.
2363 1603 2653 1672 Antiquam
2693 1611 2866 1658 tamen
2911 1619 3026 1658 esse
3054 1619 3118 1658 ex
3158 1621 3216 1658 eo
3262 1604 3443 1673 liquet,
3483 1604 3632 1673 quod

373 1697 429 1748 in
465 1695 687 1748 concilio
720 1692 937 1748 Nicwno
968 1712 1042 1759 ιι,
1085 1695 1372 1748 Athanasii
1403 1697 1609 1749 nomine
1639 1695 1830 1748 lectum
1861 1693 2062 1762 fuerit:
2095 1700 2250 1761 atque
2275 1700 2405 1745 teste
2436 1690 2789 1747 Constantino
2815 1692 3142 1747 Constantia:
3172 1691 3334 1762 Cypri
3360 1694 3632 1762 episcopo.

374 1787 626 1842 Patribus
660 1804 720 1841 eo
750 1790 946 1842 coactis
991 1789 1255 1859 lacrgmas
1299 1790 1610 1842 excusserit.
1645 1787 1837 1841 Exstat
1868 1802 2026 1854 porro
2067 1795 2206 1839 tomo
2245 1784 2355 1840 VII
2399 1783 2623 1851 30ncil.,
2675 1797 2780 1840 act.
2818 1787 2873 1842 4.
2905 1785 3016 1842 Nec
3045 1804 3235 1857 parum
3261 1786 3549 1852 discrepat,
3587 1789 3638 1840 si

372 1880 528 1934 verba
555 1890 776 1949 spectes,
814 1879 878 1933 ab
912 1881 1068 1935 editis
1112 1891 1162 1934 et
1201 1898 1232 1935 a
1274 1899 1403 1935 mss.
1435 1881 1762 1950 Tantumque
1796 1882 2005 1934 variant
2034 1880 2170 1932 inter
2208 1895 2262 1933 se
2290 1879 2514 1946 codices,
2559 1887 2616 1931 ut
2654 1878 2708 1932 in
2737 1880 2918 1933 multis
2959 1881 3076 1934 licet
3107 1880 3418 1946 reperiatur,
3449 1877 3644 1932 nullus.

375 1971 472 2025 alii
520 1972 709 2025 similis
759 1980 1079 2041 compareat.
1126 1970 1195 2026 In
1236 1971 1537 2028 Colbcrtino
1589 1981 1764 2026 autem
1808 1973 1960 2027 tertio
2003 1971 2081 2025 ita
2131 1971 2343 2040 prolixa
2381 1980 2432 2025 et
2474 1979 2633 2024 aucta
2668 1972 2861 2041 legitur
2902 1971 3010 2026 [nec
3058 1970 3324 2033 Historia,
3365 1978 3422 2023 ut
3464 1969 3634 2038 duplo

374 2063 548 2132 major
590 2063 730 2117 eusis
779 2062 1061 2128 uideatur;
1107 2065 1182 2118 sic
1235 2074 1409 2118 tamen
1455 2073 1512 2116 u-t
1563 2063 1732 2117 multa
1790 2063 1977 2122 verba.
2040 2065 2129 2118 sed
2166 2063 2298 2116 nihil
2340 2055 2623 2132 rei‘gestte
2668 2062 2977 2132 adjiciatur.
3027 2062 3219 2118 Exstat
3271 2065 3398 2116 item
3447 2060 3638 2116 (ἔπεσε

373 2156 432 2207 in
462 2153 772 2208 bibliotheca
809 2153 1056 2210 Ca’sarea
1086 2156 1352 2225 exemplar
1383 2155 1496 2224 ejus
1529 2171 1656 2208 mss.
1691 2155 1754 2208 ab
1781 2155 1936 2208 editis
1979 2153 2120 2206 haud
2151 2170 2340 2222 parum
2371 2153 2638 2208 diversum
2663 2164 2712 2209 et
2735 2156 2905 2209 multo
2939 2156 3166 2209 auctius.
3202 2154 3641 2222 Principiumque

372 2248 486 2316 ejus
522 2249 676 2317 affert
725 2247 1054 2313 Lambecius,
1084 2249 1377 2303 Comment.
1421 2248 1512 2301 lib.
1558 2263 1597 2312 I,
1621 2264 1674 2317 p.
1718 2249 1841 2310 1'26,
1873 2257 1930 2301 ut
1959 2256 2009 2301 et
2046 2250 2335 2302 versionem
2370 2249 2648 2318 antiquam
2690 2266 3011 2319 anonymam
3047 2251 3112 2303 ab
3154 2249 3298 2303 edita
3339 2248 3636 2311 diversam,

373 2358 532 2411 quam
583 2344 840 2412 integram
885 2345 1044 2414 refert
1078 2346 1213 2398 idem
1247 2361 1298 2413 p.
1338 2344 1461 2398 I28.
1506 2343 1755 2398 Omnium
1794 2353 1969 2398 autem
2014 2344 2252 2398 codicum
2300 2347 2477 2400 varias
2525 2347 2716 2416 afferre
2765 2348 3034 2408 lectiones,
3070 2364 3163 2402 nec
3203 2347 3359 2415 facile
3394 2357 3496 2410 est,
3536 2362 3641 2400 nec

374 2447 544 2500 opera:
572 2437 796 2502 pretium
824 2436 959 2506 foret
989 2453 1008 2492 :
1033 2454 1193 2507 quare
1218 2455 1307 2491 eas
1337 2437 1507 2491 solum
1536 2437 1927 2503 adnotavimus,
1957 2454 2073 2508 qua:
2104 2437 2331 2504 alicujus
2362 2439 2608 2491 momenti
2636 2439 2761 2493 siste
2785 2450 2936 2493 sunt.
2975 2438 3184 2510 Magna:
3209 2455 3329 2494 vero
3366 2439 3512 2508 apud
3548 2455 3641 2492 se-

374 2526 577 2597 quioris
624 2529 719 2582 sevi
751 2527 960 2584 Crcecos
1003 2529 1104 2598 fuit
1153 2530 1566 2585 existimationis
1616 2530 1727 2586 haec
1771 2529 2014 2584 Historia
2045 2547 2063 2585 :
2094 2531 2172 2584 ita
2211 2539 2268 2582 ut
2299 2547 2363 2585 ea
2409 2531 2616 2600 publice
2638 2531 2739 2603 legi
2775 2533 2961 2587 soleret
2993 2533 3273 2587 Dominica
3301 2532 3641 2605 ὀρθοδοξξας,

385 2636 478 2673 seu
525 2618 681 2674 Dom.
725 2623 899 2689 prima
953 2621 1405 2694 Quadragesimw,
1459 2626 1516 2679 in
1555 2640 1658 2694 qua
1711 2622 2078 2678 celebrabatur
2120 2622 2260 2692 apud
2319 2621 2531 2678 Graecos
2584 2623 2779 2692 festum
2829 2626 3060 2680 restituti
3106 2625 3279 2679 cultus
3324 2634 3642 2679 sanctarum

376 2715 686 2784 imaginum.

447 2803 513 2858 ll.
547 2804 680 2860 Cum
731 2806 908 2878 itaque
947 2807 1160 2862 minime
1201 2805 1304 2860 sibi
1351 2807 1568 2861 invicem
1617 2805 1946 2860 consentiant
1985 2803 2188 2860 codices
2222 2822 2352 2862 mss.
2377 2807 2438 2860 'et
2480 2805 2544 2860 ab
2575 2805 2731 2862 editis
2759 2807 2955 2860 mirum
2987 2809 3042 2860 in
3072 2808 3286 2861 modum
3319 2809 3638 2876 discrepent.

376 2902 545 2955 visum
565 2913 642 2956 est
665 2903 786 2957 bina
816 2919 881 2957 ex
916 2903 1185 2958 Palatinis
1216 2902 1486 2958 codicibus
1513 2902 1790 2972 desumpta
1817 2903 2142 2971 exemplaria
2171 2917 2290 2954 cum
2315 2899 2521 2956 Latinis
2547 2901 2870 2956 versionibus
2893 2903 3040 2956 edere
3066 2918 3084 2964 ;
3113 2903 3252 2973 quod
3281 2903 3452 2956 libera
3475 2903 3642 2955 cuivis

376 3001 560 3047 mutuo
607 2993 908 3062 conferendi
942 2993 1013 3046 sit
1041 2993 1291 3063 facultas.
1321 2993 1636 3064 Quanquam
1663 2992 1808 3046 nullo
1830 2993 1966 3061 forte
1995 2993 2268 3062 dispendio
2291 2995 2544 3062 potuisset
2571 2995 2883 3048 alterutrum
2913 2995 3108 3059 omitti,
3142 3010 3260 3047 cum
3289 2996 3443 3048 nulla
3475 2998 3644 3065 ferme

378 3087 483 3140 nisi
512 3084 785 3139 verborum
809 3085 878 3138 sit
907 3083 1286 3153 discrepantia.
1331 3085 1403 3137 At
1435 3083 1745 3148 scrupuloso
1777 3083 1958 3137 lectori
1991 3100 2189 3138 morem
2217 3100 2392 3155 gerere
2424 3085 2567 3150 libet,
2602 3085 2817 3155 indigne
2847 3086 3047 3140 scilicet
3079 3085 3301 3155 ferenti,
3334 3089 3383 3141 si
3411 3105 3520 3159 qua
3559 3093 3642 3144 vel

379 3183 596 3236 minima
627 3181 776 3249 prius
805 3180 1065 3234 editorum
1097 3181 1594 3249 prmtermittantur.
1633 3179 1769 3232 Bina
1799 3179 1978 3233 itidem
2010 3178 2205 3234 Latina
2233 3181 2558 3249 exemplaria
2583 3181 2876 3250 afferimus,
2915 3197 3032 3251 qua:
3061 3182 3156 3235 sub
3184 3184 3396 3237 initium
3429 3185 3502 3238 ad
3532 3204 3646 3241 me—

379 3272 527 3327 dium
557 3289 717 3342 usque
744 3282 852 3326 toto
875 3275 1002 3326 ccelo
1039 3271 1339 3340 discrepant
1364 3287 1383 3336 ;
1413 3271 1534 3325 inde
1567 3288 1683 3325 vero
1717 3289 1822 3326 non
1849 3273 1992 3326 item.
2019 3272 2261 3326 Primum
2291 3274 2347 3326 in
2383 3274 2616 3342 antiquis
2645 3275 2930 3329 Athanasii.
2953 3275 3109 3330 editis
3133 3275 3346 3330 Latinis
3367 3278 3489 3346 jam
3513 3281 3644 3332 olim

381 3382 564 3420 cusum
592 3366 714 3435 fuit,
753 3382 870 3419 cum
899 3366 996 3420 hoc
1033 3366 1127 3419 sub
1165 3367 1380 3419 initium
1415 3381 1612 3430 errore,
1645 3374 1701 3417 ut
1727 3365 1938 3418 dicatur
1977 3366 2169 3419 lectam
2215 3367 2380 3434 fuisse
2418 3366 2552 3419 hanc
2581 3365 2879 3420 Historiam
2911 3384 2945 3420 a
2971 3367 3128 3422 Petro
3167 3367 3561 3424 Nicomediensi
3590 3373 3646 3424 in

380 3460 578 3532 gynodo
600 3461 857 3516 Ctesarece
884 3459 1234 3529 Cappadocia:
1256 3459 1538 3525 celebrata,
1565 3464 1626 3514 ob
1651 3477 1882 3515 errorem
1902 3463 2045 3515 circa
2063 3461 2261 3517 Christi
2279 3461 2494 3514 Domini
2509 3463 2816 3530 sanguinem
2841 3472 3105 3521 exortum.
3123 3479 3242 3517 cum
3260 3479 3440 3517 revera
3459 3465 3512 3517 in
3541 3463 3621 3516 Ni
3631 3493 3649 3504 -

382 3563 527 3610 Ctena
549 3553 777 3608 secunda
792 3553 1012 3625 synodo,
1034 3568 1130 3622 pro
1155 3554 1298 3606 cultu
1317 3553 1606 3623 imaginum
1637 3552 1918 3607 asserendo
1953 3553 2019 3606 ab
2048 3554 2226 3608 eodem
2259 3553 2398 3616 lecta
2428 3553 2611 3622 fuerit.
2637 3551 2703 3608 In
2725 3554 2906 3608 multis
2929 3569 3087 3623 porro
3102 3557 3366 3625 discrepat
3383 3573 3414 3610 a
3441 3555 3647 3612 Crtecis

381 3649 492 3705 haec
518 3649 713 3705 Latina
745 3649 1008 3705 Historia.
1042 3648 1341 3704 Secundum
1384 3648 1653 3718 exemplar
1684 3647 1935 3702 Latinum
1969 3663 2034 3702 ex
2078 3649 2306 3719 antiquis
2351 3649 2695 3703 conciliorum
2728 3666 2857 3704 mss.
2883 3659 2932 3704 et
2960 3651 3116 3704 editis
3144 3651 3500 3720 desumptum,
3520 3653 3648 3721 jam

381 3745 610 3813 primum
633 3743 1150 3798 interAthanasiana
1171 3741 1320 3797 edere
1346 3743 1517 3797 uisum
1542 3749 1640 3806 est,
1665 3743 1790 3812 quia
1813 3740 1881 3795 ad
1915 3740 2222 3796 Graecorum
2253 3742 2486 3796 litteram
2515 3743 2683 3812 magis
2716 3741 2937 3808 accedit,
2977 3744 3093 3797 licet
3125 3746 3178 3798 in
3201 3745 3472 3799 nonnullis
3499 3746 3650 3800 haud

383 3839 563 3893 leviter
595 3839 871 3908 discrepet.

453 3934 542 3988 III.
588 3934 666 3988 De
722 3933 965 3988 Historia
1003 3934 1250 4005 imaginis
1308 3933 1613 4003 Bergtensis
1664 3931 1774 3986 haec
1822 3929 1976 3984 habet
2025 3927 2325 4000 Sigebertus
2376 3931 2430 3985 in
2476 3931 2751 3987 Chronico
2801 3932 2872 3986 ad
2921 3950 3118 3987 annum
3173 3934 3276 3989 365
3318 3954 3331 3988 :
3372 3933 3653 4004 Tempore

381 4027 729 4083 Constantini
759 4027 1103 4097 imperatoris
1133 4035 1186 4082 et
1231 4027 1402 4082 Irenae
1446 4027 1634 4082 uxoris
1665 4026 1786 4095 ejus
1821 4025 1876 4079 in
1924 4024 2096 4096 Syriae
2124 4025 2346 4079 civitate
2372 4023 2630 4096 Berytho,
2663 4042 2786 4097 quae
2814 4027 3063 4095 subiacet
3091 4027 3390 4082 Antiochiae
3423 4049 3435 4082 :
3467 4027 3652 4084 Judaei

382 4117 674 4188 imaginem
709 4116 1012 4173 Salvatoris
1041 4116 1255 4172 Domini
1290 4117 1464 4172 nostri
1494 4116 1624 4172 Jesu
1654 4115 1861 4170 Christi
1883 4115 2221 4169 invenientes
2244 4114 2301 4168 in
2334 4113 2499 4170 domo
2530 4116 2817 4184 cujusdam
2839 4115 3036 4183 Judaei,
3066 4117 3139 4171 ibi
3171 4119 3420 4171 relictam
3449 4134 3480 4171 a
3506 4135 3655 4188 quo-

382 4211 507 4266 dam
537 4209 870 4276 Christiano,
903 4206 1024 4266 eam
1059 4211 1323 4282 injuriose
1349 4211 1744 4280 deposuerunt,
1774 4216 1829 4263 et
1857 4207 2042 4262 omnia
2069 4207 2364 4277 opprobria
2396 4223 2518 4277 qua:
2545 4208 2718 4264 Judaei
2749 4209 2968 4266 Christo
2995 4209 3126 4264 Jesu
3159 4210 3482 4273 intulerunt,
3522 4211 3654 4280 ejus

383 4301 606 4371 imagini
648 4301 953 4358 inferebant
996 4322 1010 4358 :
1047 4303 1334 4358 illudentes
1361 4303 1434 4367 ei,
1467 4304 1522 4356 in
1558 4301 1754 4356 faciem
1795 4308 2183 4370 conspuentes,
2216 4299 2513 4356 criminose
2558 4302 2952 4367 conviciantes,
2987 4318 3216 4373 eamque
3252 4302 3651 4373 percutientes,

383 4410 582 4451 manus
623 4406 676 4452 et
715 4395 883 4466 pedes
933 4396 1054 4466 ejus
1104 4395 1278 4452 clavis
1324 4395 1692 4466 conligentes,
1751 4400 1965 4448 acetum
2013 4400 2067 4446 et
2117 4391 2189 4446 fel
2229 4393 2280 4448 ei
2321 4395 2710 4464 porrigentes;
2760 4396 2980 4452 tandem
3025 4399 3198 4452 latere
3243 4398 3362 4466 ejus
3410 4407 3653 4468 aperto,

383 4491 554 4545 exivit
588 4491 655 4546 de
689 4506 755 4546 eo
785 4491 1013 4562 sanguis
1062 4499 1117 4547 et
1148 4507 1309 4562 aqua,
1343 4490 1490 4561 quod
1534 4489 1614 4543 illi
1654 4487 1940 4557 supposita
1985 4487 2222 4555 ampulla
2254 4487 2621 4559 suscipientes
2664 4490 2732 4544 ad
2774 4492 3212 4562 experimentum
3260 4492 3426 4562 289
3459 4500 3654 4547 utrum

384 4585 589 4641 fuerint
621 4600 749 4640 vera
779 4587 1043 4641 miracula
1071 4602 1192 4656 quae
1229 4585 1417 4640 Jesum
1457 4584 1656 4639 fecisse
1689 4583 2005 4645 audierant,
2043 4596 2236 4637 omnes
2264 4581 2514 4637 inﬁrmos
2546 4583 2602 4637 in
2635 4582 2922 4655 Synagoga
2960 4599 3060 4639 sua
3085 4585 3346 4639 collectos
3381 4585 3485 4640 hoc
3509 4602 3650 4642 san-

385 4679 548 4749 guine
600 4679 979 4750 aspergebant,
1027 4689 1082 4735 et
1127 4697 1157 4735 a
1205 4695 1537 4750 quocunque
1585 4679 1851 4748 languore
1891 4676 2280 4731 detinebantur
2333 4693 2526 4734 omnes
2583 4680 2941 4734 sanabantur.
2993 4679 3150 4734 Unde
3197 4681 3418 4736 tandem
3469 4681 3654 4738 Judzei

384 4774 698 4844 compuncti
743 4775 811 4827 ad
846 4773 1183 4829 Adeodatum
1227 4774 1468 4830 civitatis
1509 4774 1826 4842 episcopum
1873 4786 2063 4825 omnes
2109 4781 2536 4838 concurrerunt,
2605 4774 2765 4844 eique
2799 4789 2858 4828 re
2887 4781 3161 4841 enarrata,
3193 4775 3488 4844 imaginem
3519 4790 3654 4829 cum

385 4867 652 4936 sanguine
701 4865 750 4920 ei
793 4865 1086 4922 dederunt.
1139 4866 1353 4932 Quibus
1399 4865 1696 4937 baptizatis
1747 4863 2041 4933 epiSCOpus
2087 4865 2410 4934 sanguinem
2461 4881 2559 4936 per
2603 4865 2872 4936 ampullas
2919 4865 3156 4922 divisum
3208 4867 3369 4934 longe
3418 4866 3652 4937 lateque

385 4955 648 5027 dirigens,
708 4958 1040 5028 praedicabat
1104 4961 1376 5030 magnalia
1433 4959 1567 5025 Dei,
1615 4957 1926 5014 obtestatus
1999 4970 2191 5012 omnes
2253 4964 2314 5011 ut
2375 4958 2609 5028 singulis
2663 4959 2822 5015 annis
2876 4961 3074 5029 quinto
3132 4957 3260 5014 Idus
3314 4958 3655 5014 Novembris

387 5053 694 5108 celebretur
750 5053 942 5111 Passio
1000 5053 1294 5111 Dominica:
1336 5053 1614 5125 imaginis.
1670 5051 1801 5106 Hazc
1847 5049 2170 5121 Sigebertus,
2224 5052 2316 5122 qui
2371 5053 2428 5106 in
2467 5053 2580 5107 ‘hoc
2635 5063 2803 5121 errat,
2839 5055 2976 5125 quod
3026 5053 3330 5108 Historiam
3377 5052 3655 5119 Constan-

390 5146 488 5199 tini
535 5155 585 5200 et
643 5144 823 5200 Irenes
888 5164 997 5202 aevo
1057 5157 1258 5224 gestam
1311 5154 1565 5209 enarret;
1623 5159 1749 5197 nam
1809 5150 2039 5210 tempore
2102 5139 2314 5208 Irenes,
2371 5145 2582 5200 nomine
2638 5145 2922 5200 Athanasii
2976 5146 3114 5201 lecta
3161 5147 3268 5217 fuit
3319 5148 3375 5200 in
3442 5146 3653 5215 synodo

387 5239 618 5293 secunda
657 5237 901 5296 Nicama.
946 5241 1058 5300 Nec
1100 5243 1271 5311 Potuit
1316 5242 1447 5296 adeo
1490 5239 1711 5294 recentis
1749 5237 2015 5290 memoria:
2052 5245 2162 5289 tum
2209 5237 2398 5307 fuisse,
2430 5249 2488 5293 ut
2518 5239 2679 5296 Petro
2707 5258 2826 5296 eam
2847 5243 3142 5297 Athanasio
3164 5241 3490 5296 adscribenti
3514 5242 3652 5310 fides

389 5331 687 5389 haberetur.
726 5335 921 5389 Verane
950 5346 1195 5391 caeterum
1223 5355 1290 5392 an
1321 5336 1460 5408 falsa
1483 5337 1550 5391 sit
1579 5334 1690 5390 lucc
1712 5333 1959 5398 historia,
1989 5332 2261 5400 prudentis
2287 5332 2497 5392 lectoris
2516 5336 2724 5406 judicio
2748 5341 3089 5410 permittatur
3113 5354 3132 5403 ;
3171 5339 3322 5394 nobis
3355 5354 3485 5394 sane
3513 5339 3650 5392 cide

393 5434 481 5477 εἰν
511 5425 794 5483 admodum
829 5441 1092 5501 suspecta.

1838 5576 2137 5598 ψ
