3868 6206
1322 219 1410 274 DE
1449 215 1808 274 MIRACULO
1850 217 2104 272 BERYTI
2145 217 2369 272 EDITO.

3385 217 3490 273 798

1323 398 1461 450 ΤΟΥ
1494 397 1581 450 EN
1615 396 1839 449 ΑΓΙΟΙΣ
1875 394 2148 448 ΠΑΤΡΟΣ
2181 393 2379 447 ΗΜΩΝ

1533 561 2173 650 ΑΘΑΝΑΣΙΟΥ

276 751 356 828 (8)
388 754 581 823 Λόγος
606 753 692 818 εἰς
721 749 788 804 τὸ
816 748 1013 820 θαῦμα
1039 748 1105 801 τὸ
1143 744 1390 817 γεγονὸς
1420 745 1490 798 ὲν
1515 740 1782 812 Βηρυτῷ,
1817 741 1950 809 περὶ
1990 740 2103 808 τῆς
2132 743 2322 811 τιμίας
2359 740 2457 795 καί
2487 742 2823 812 σεϐασμίας
2866 712 3237 809 εἰκόνοςτοῦ
3269 743 3486 813 Κυρίου

1602 839 1699 893 καὶ
1731 838 1879 892 Θεοῦ
1916 837 2106 908 ἡμῶν.

1224 1062 1319 1150 S.
1397 1063 1504 1150 P.
1601 1061 1720 1149 N.
1799 1058 2454 1160 ATHANASII

385 1261 571 1316 Sermo
597 1260 662 1314 de
691 1257 952 1313 miraculo
980 1257 1163 1329 Beryti
1191 1256 1352 1321 edito,
1388 1259 1534 1312 circa
1561 1255 1849 1325 pretiosam
1881 1265 1929 1310 et
1962 1251 2320 1309 venerandam
2343 1251 2628 1321 imaginem
2659 1247 2877 1303 Domini
2905 1257 2954 1302 et
2985 1247 3085 1303 Dei
3120 1249 3308 1303 nostri.

273 1486 330 1540 Ι.
361 1487 566 1556 ’Ἄρατε
600 1486 726 1548 τοὺς
753 1484 1064 1556 ὀφθαλμοὺς
1097 1485 1195 1556 τῆς
1221 1484 1459 1549 διανοίας
1493 1485 1669 1557 ὑμῶν,
1699 1488 1782 1540 καί

1968 1487 2020 1540 1.
2052 1483 2260 1556 Erigite
2287 1483 2478 1538 oculos
2509 1483 2710 1538 mentis
2737 1489 2955 1545 vestrm.
2989 1496 3052 1537 ac
3073 1481 3252 1538 videte
3285 1498 3483 1538 novum

196 1578 348 1632 ίδετε
381 1577 442 1630 τὸ
473 1577 656 1630 καινὸν
689 1577 784 1630 καὶ
828 1574 1127 1649 παράδοξον
1159 1575 1343 1648 θαῦμα
1365 1617 1379 1640 ,
1430 1578 1568 1648 ὅπερ
1595 1579 1790 1647 γέγονε

194 1669 292 1724 νῦν
318 1671 378 1722 ἑν
395 1672 515 1732 ταῖς
531 1669 766 1738 ἡμέραις
780 1671 812 1738 ἡ
824 1667 959 1739 μῶν.
978 1667 1315 1739 Ἐμϐλέψατε
1335 1669 1411 1738 (9)
1430 1671 1508 1732 εἰς
1523 1669 1619 1740 τὴν
1635 1669 1791 1723 ἄπει-

196 1779 294 1832 ρον
335 1759 647 1831 ἁγαθότητα
674 1760 770 1814 τοῦ
801 1759 957 1825 Θεοῦ,
991 1761 1111 1814 δότε
1139 1759 1288 1830 αύτῷ
1319 1760 1498 1825 δόξαν,
1529 1762 1791 1832 κατανοή-

193 1871 331 1906 σατε
376 1853 475 1925 τὴν
514 1853 718 1922 ἄφατον
746 1852 1157 1924 φιλανθρωπίαν
1197 1852 1291 1906 καὶ
1323 1853 1384 1904 τὸ
1417 1851 1647 1922 μέγεθος
1688 1854 1789 1924 τῆς

189 1945 372 2002 αὐτοῦ
401 1945 735 2016 οἰκονομίας,
767 1944 862 1997 καὶ
898 1945 1094 2016 θρῆνον
1133 1946 1248 2015 μετ’
1282 1943 1624 2015 εὐφροσύνης
1657 1945 1789 1997 ἀνα-

188 2039 414 2094 λάϐετε.
466 2038 590 2091 Ἐπὶ
649 2039 746 2109 μὲν
795 2037 932 2091 Θεοῦ
984 2038 1136 2090 οὐδὲν
1183 2036 1356 2103 ξένον.
1412 2037 1499 2088 Ἐν
1550 2035 1660 2106 γὰρ
1708 2035 1788 2106 τῷ

191 2130 486 2202 παραδόξῳ
513 2131 689 2202 τούτῳ
720 2130 981 2201 θαύματι,
1016 2130 1044 2184 ὃ
1068 2131 1291 2200 ἐγένετο
1315 2131 1373 2184 ὲν
1403 2131 1523 2193 ταῖς
1552 2129 1788 2200 ἡμέραις

189 2224 455 2287 ἐκείναις,
500 2221 796 2294 ἐξέστησαν
829 2224 1002 2277 πᾶσαι
1049 2223 1107 2276 αἱ
1149 2223 1368 2294 καρδίαι
1420 2221 1526 2275 τῶν
1578 2219 1788 2292 ἀνθρώ-

193 2331 338 2367 πων.
375 2315 584 2378 Ὄντως
609 2314 807 2385 ὲξέστη
835 2317 864 2368 ὁ
891 2313 1118 2384 οὐρανὸς
1148 2314 1241 2367 ἐπὶ
1269 2314 1330 2367 τὸ
1360 2313 1782 2384 τετολμημένον,

191 2405 583 2477 ἐταράχθησαν
614 2409 788 2460 πᾶσαι
825 2409 882 2460 αἰ
917 2407 1135 2479 καρδίαι
1161 2408 1269 2460 τῶν
1308 2405 1633 2478 ἀνθρώπων.
1661 2407 1788 2460 Ὀν-

192 2515 305 2562 τως
333 2495 629 2569 ἐξέστησαν
652 2503 823 2553 πᾶσαι
854 2501 1100 2564 ἄϐυσσοι,
1131 2503 1160 2554 ὁ
1183 2500 1334 2571 ἥλιος
1357 2499 1666 2570 ἐσκοτίσθη,
1690 2499 1787 2553 καὶ

193 2590 236 2660 ή¹
256 2588 456 2660 σελήνη
510 2590 604 2644 καὶ
629 2593 679 2644 οἱ
705 2592 935 2663 ἀστέρες
967 2591 1370 2664 ἐταράχθησαν,
1397 2591 1502 2645 ὑπὸ
1527 2591 1604 2662 τῷ
1637 2593 1785 2643 οἰκο-

193 2679 486 2750 νομηθέντι
525 2681 630 2738 ὑπὸ
666 2681 762 2736 τοῦ
807 2684 1034 2753 Κυρίου.
1064 2683 1243 2736 Πᾶσαι
1286 2684 1342 2735 αἰ
1388 2681 1495 2734 τῶν
1536 2679 1785 2752 οὐρανῶν

193 2771 475 2843 δυνάμεις,
501 2773 792 2840 ἀκούσατε,
824 2775 918 2828 καὶ
938 2773 1190 2844 ἔκστητε,
1213 2774 1401 2843 γενεαὶ
1426 2773 1533 2827 τῶν
1559 2773 1781 2842 γενεῶν,

190 2854 238 2928 ᾧ
281 2863 504 2931 γέγονεν
539 2862 842 2935 παράδοξον
880 2863 1066 2936 θαῦμα
1111 2868 1169 2919 ὲν
1200 2867 1322 2930 ταῖς
1370 2864 1610 2936 ἡμέραις
1648 2864 1782 2918 ταύ-
1813 2851 1864 2913 Β

191 2971 340 3017 ταις.

264 3046 320 3098 2.
362 3047 524 3110 Πόλις
556 3047 674 3101 έστί
697 3048 940 3120 Βηρυτὸς
970 3047 1300 3119 καλουμένη,
1331 3048 1559 3103 τελοῦσα
1595 3050 1652 3104 δὲ
1681 3050 1786 3104 ὑπὸ

205 3140 557 3210 Ἀντιόχειαν.
598 3141 687 3194 Ἐν
721 3141 858 3212 αὐτῇ
889 3144 954 3212 τῇ
986 3141 1139 3195 πόλει
1168 3140 1348 3214 πλήθη
1383 3142 1554 3198 πολλὰ
1578 3139 1646 3216 ἦν
1677 3144 1785 3198 τῶν

207 3231 498 3286 Ἰουδαίων.
545 3231 781 3302 Πλησίον
817 3232 876 3285 δὲ
919 3235 1018 3304 τῆς
1071 3234 1394 3304 συναγωγῆς
1436 3234 1616 3289 αὐτῶν
1650 3236 1788 3307 Χρι-

194 3325 412 3387 στιανός
449 3341 535 3388 τις
575 3323 755 3377 λαϐὼν
802 3323 1012 3378 κελλίον
1056 3326 1375 3397 κατέμενεν.
1435 3327 1686 3400 Ἐποίησε
1727 3328 1786 3381 δὲ

192 3417 381 3470 εἰκόνα
416 3416 511 3470 τοῦ
541 3417 750 3487 Κυρίου
785 3415 944 3488 ἡμῶν
983 3418 1158 3490 Ἰησοῦ
1205 3418 1440 3491 Χριστοῦ
1473 3420 1782 3484 ὁλόστατον,

193 3508 664 3580 ὲζωγραφημένην
693 3509 750 3561 ὲν
779 3508 1074 3582 ὼραιότητι
1099 3509 1288 3582 πολλῇ.
1319 3511 1525 3583 Χρόνου
1561 3512 1618 3565 δὲ
1646 3512 1786 3566 διελ-

193 3600 402 3665 Θόντος,
445 3599 712 3670 ⁴ἠθέλησεν
752 3600 1106 3673 ἀναχωρῆσαι
1149 3602 1178 3655 ὁ
1205 3604 1530 3674 Χριστιανὸς
1578 3607 1644 3660 ὲκ
1686 3605 1781 3660 τοῦ

193 3689 361 3744 αὐτοῦ
406 3690 640 3746 κελλίου.
686 3690 1052 3764 Ἐπεζήτησεν
1076 3687 1167 3747 οῦν
1197 3693 1385 3766 ἕτερον
1417 3696 1626 3750 κελλίον
1663 3701 1783 3768 μεῖ-

193 3779 312 3847 ζον,
356 3782 432 3846 ὡς
462 3782 649 3854 χρείαν
687 3783 826 3854 ἔχων
857 3783 1044 3847 αὑτοῦ,
1081 3785 1198 3856 ἅμα
1235 3786 1292 3839 δὲ
1325 3788 1419 3842 καὶ
1461 3788 1784 3858 πλησιάζειν

193 3874 356 3937 αὐτὸν
381 3877 494 3939 τοῖς
535 3875 826 3939 Ἰουδαίοις.
858 3874 1051 3946 Εὑρὼν
1078 3877 1135 3931 δὲ
1164 3878 1374 3950 οἴκημα
1405 3879 1612 3952 ἕτερον,
1651 3899 1783 3954 μετ-

193 3967 330 4038 ἦρεν
372 3966 614 4032 ἐκεῖθεν,
661 3967 844 4021 λαϐὼν
889 3968 1068 4022 πάντα
1107 3968 1177 4024 τὰ
1232 3972 1546 4044 ὑπάρχοντα
1591 3974 1778 4028 αὐτοῦ.

195 4059 332 4114 Κατ’
379 4059 692 4130 οἰκονομίαν
732 4059 790 4112 δὲ
826 4059 922 4113 τοῦ
971 4059 1130 4128 Θεοῦ,
1174 4061 1270 4116 τοῦ
1313 4063 1560 4129 θέλοντος
1605 4066 1782 4120 πάντα

194 4148 481 4219 ἄνθρωπον
518 4149 779 4222 σωθῆναι,
826 4153 921 4206 καὶ
947 4152 1029 4216 εἰς
1068 4153 1364 4223 ἐπίγνωσιν
1408 4157 1666 4227 ἀληθείας
1697 4159 1782 4211 ὲλ-

165 4247 168 4249 “
194 4242 327 4308 θεῖν,
363 4241 622 4298 δεικνύων
653 4242 723 4296 τὰ
749 4243 1030 4316 θαυμάσια
1063 4244 1226 4299 αὐτοῦ
1253 4248 1388 4300 πᾶσι
1417 4250 1532 4312 τοῖς
1556 4250 1782 4304 πιστεύ-

193 4350 344 4386 ουσιν
370 4333 519 4404 αὐτῷ
544 4337 602 4388 ἐν
630 4334 887 4407 ἀληθείᾳ.
916 4335 1110 4396 Λαϐὼν
1137 4337 1194 4390 δὲ
1224 4338 1252 4390 ὁ
1277 4339 1604 4411 Χριστιανὸς
1636 4341 1780 4396 am-

195 4441 295 4478 σαν
336 4424 434 4497 τὴν
465 4427 656 4491 οούσίαν
700 4428 888 4491 αὑτοῦ,
919 4429 996 4494 ὡς
1039 4429 1416 4502 προλέλεκται,
1455 4433 1780 4508 κατελείφθη

194 4518 228 4586 ἠ
275 4515 441 4570 εἰκὼν
490 4515 584 4570 τοῦ
635 4519 842 4589 Κυρίου
897 4519 1061 4591 ἡμῶν.
1097 4520 1274 4593 Ἰησοῦ
1326 4523 1564 4594 Χριστοῦ
1621 4525 1779 4596 μόνη,

194 4609 542 4680 λησμονήσας
568 4611 736 4681 αὐτὴν
765 4611 822 4663 ὲν
846 4609 923 4681 τῷ
954 4611 1177 4683 κελλίῳ.

265 4697 321 4756 3.
361 4701 611 4766 Ἰουδαῖος
661 4702 718 4755 δέ
766 4720 852 4767 τις
898 4701 1079 4757 λαὸὼν
1125 4705 1186 4758 τὸ
1232 4704 1441 4759 κελλίον
1488 4707 1652 4763 αὐτοῦ
1685 4708 1779 4763 τοῦ

194 4797 362 4848 οἰκεῖν
404 4795 463 4847 ὲν
496 4793 666 4865 αύτῷ,
699 4793 828 4848 ἔνθα
871 4790 940 4866 ἦν
978 4797 1013 4868 ἡ
1060 4797 1223 4852 εἰκὼν
1254 4798 1349 4852 τοῦ
1392 4799 1782 4870 παμϐασιλέως

194 4886 464 4958 Χριστοῦ,
504 4888 814 4958 εἰσαγαγὼν
847 4888 904 4942 δὲ
937 4890 1116 4946 πάντα
1149 4891 1218 4946 τὰ
1262 4890 1578 4964 ὑπάρχοντα
1610 4893 1780 4948 αὐτοῦ

194 4977 274 5040 εἰς
309 4975 371 5029 τὸ
403 4975 612 5031 κελλίον
652 4979 955 5049 κατέμενε,
1001 4979 1076 5052 μὴ
1127 4980 1410 5053 θεωρήσας
1449 4983 1548 5053 τὴν
1592 4984 1779 5036 εἰκόνα

193 5067 287 5120 τοῦ
316 5068 546 5139 Κυρίου,
572 5069 655 5122 ὅτι
685 5069 898 5124 ἵσταται
929 5071 1065 5136 ἐκεῖ,
1099 5071 1222 5124 οὐδὲ
1251 5073 1544 5144 κατενόησε
1571 5075 1660 5127 τὸν
1693 5074 1781 5128 τό-

197 5177 294 5222 πον
329 5159 557 5215 ἐκεῖνον.
589 5161 706 5232 Μιᾷ
733 5161 790 5216 δὲ
821 5162 931 5216 τῶν
956 5163 1182 5235 ἡμερῶν
1215 5164 1474 5224 ἐκάλεσεν
1505 5166 1775 5238 Ἐϐραῖον,

264 5338 338 5409 (8)
366 5337 608 5419 9°98“.-
634 5340 761 5419 ὧδ’
778 5340 971 5419 Mrs;
995 5341 1256 5419 περὶτῆς
1288 5343 1348 5419 ἐξ
1381 5343 1454 5419 Ba
1465 5343 1607 5419 ρρτῷ
1624 5344 1777 5419 saa-

192 5427 282 5469 νος
297 5410 845 5490 ΙτοῦηΚυρίουαήμῶΑν
886 5410 1082 5490 ςΙησού
1108 5410 1383 5490 Χριστοῦ.-
1410 5410 1589 5490 C_'olb.'
1609 5414 1773 5490 ξιξ-7,

193 5479 321 5573 περ).
339 5479 458 5573 ’τοῦ
482 5479 774 5573 γενομένου
802 5479 1079 5566 θαύματος
1100 5479 1182 5573 ξιξ
1207 5483 1536 5573 τηὴννείκόνα.
1555 5485 1651 5568 τοηῦ
1685 5479 1770 5573 Κῦ

190 5549 460 5684 agiagi?
490 5549 592 5607 Χῦ.
622 5549 1078 5651 Ἀναγινὼσκεται
1108 5553 1166 5607 δὲ
1194 5549 1539 5653 τῇΚυρεακῇ
1570 5557 1668 5627 τῆς
1686 5556 1773 5628 ὀρ-

202 5637 248 5694 Δν
280 5688 292 5694 _
403 5637 450 5683 ς.
493 5620 648 5694 Colb.
684 5621 845 5694 5119,
879 5624 1137 5694 Διήγησις
1183 5625 1309 5694 περὶ
1354 5643 1445 5678 του
1476 5627 1768 5694 γενομένου

199 5639 450 5684 σοοοςιας.
493 5639 648 5676 υοιι).
684 5639 845 5685 anu,
879 5639 1011 5694 Διηγ
1056 5639 1137 5687 σις
1183 5641 1249 5677 πε
1293 5639 1309 5676 ι
1354 5643 1445 5678 του
1476 5639 1768 5696 γενομένου

199 5683 468 5754 θαύματος
501 5691 559 5746 ἐν
599 5692 828 5765 Βηρυτῷ
872 5696 938 5756 τῇ
976 5639 1146 5764 πόλει,
1178 5640 1287 5749 {mg
1317 5695 1416 5770 τῆς
1459 5695 1642 5753 τιαίας
1675 5698 1768 5752 καὶ

1900 1579 2343 1648 stupendumque
2372 1576 2721 1642 miraculum,
2755 1577 2900 1646 quod
2927 1592 3101 1648 nuper
3129 1575 3322 1631 diebus
3349 1571 3496 1630 δοκι-⁸

1897 1670 2020 1741 tigit
2037 1669 2261 1726 nostris.
2282 1667 2557 1738 Respicite
2574 1669 2900 1725 immensam
2917 1669 3006 1724 Dei
3025 1669 3342 1735 bonitatem,
3361 1669 3486 1722 date

1899 1761 2003 1832 ipsi
2030 1761 2280 1831 gloriam,
2305 1760 2625 1832 perpendite
2651 1759 2972 1815 ineffabilem
3003 1760 3122 1829 ejus
3151 1774 3278 1830 erga
3300 1759 3482 1813 homi-

1898 1869 1994 1910 nes
2027 1868 2268 1908 amorem
2321 1851 2862 1923 magnitudinemque
2900 1850 3255 1922 providentia:
3285 1851 3431 1907 illius
3466 1870 3479 1906 :

1895 1962 2020 2001 cum
2053 1947 2237 2001 laetitia
2270 1947 2568 2001 lamentum
2603 1946 2887 2001 assumite.
2919 1944 3064 1999 Nihil
3091 1945 3148 2000 in
3177 1944 3286 2000 Deo
3318 1946 3486 1998 mira-

1894 2038 2034 2104 bile;
2073 2039 2168 2094 sed
2213 2039 2270 2092 in
2317 2037 2586 2108 stupenda
2633 2037 2948 2108 hujusmodi
2996 2037 3284 2102 miraculo,
3336 2037 3482 2108 quod

1894 2129 2100 2184 editum
2143 2139 2228 2184 est
2276 2129 2334 2183 in
2382 2129 2492 2184 illis
2523 2127 2740 2193 diebus,
2788 2129 2972 2182 omnia
3005 2128 3286 2182 hominum.
3315 2129 3482 2182 corda

1895 2229 2120 2290 stupore
2165 2220 2419 2292 perculsa
2475 2229 2624 2277 sunt.
2677 2219 2974 2291 Obstupuit
3011 2237 3138 2277 vere
3179 2222 3378 2279 cmlum
3411 2221 3485 2276 ob

1893 2321 2166 2382 patratum
2204 2312 2442 2377 facinus,
2495 2312 2711 2366 turbata
2770 2319 2901 2366 sunt
2953 2312 3137 2366 omnia
3196 2311 3479 2365 hominum

1893 2404 2094 2470 corda;
2126 2405 2460 2474 Obstupuere
2486 2403 2670 2474 abyssi
2704 2418 2917 2468 omnes,
2967 2404 3050 2459 sol
3094 2403 3487 2474 ohtenebratus

1893 2505 2000 2562 est,
2036 2498 2164 2551 luna
2184 2505 2239 2553 et
2261 2497 2428 2553 stella:
2457 2498 2801 2553 conturbata:
2840 2503 2990 2556 sunt.
3025 2497 3096 2550 ob
3121 2512 3236 2551 rem
3265 2495 3481 2550 Domini

1894 2590 2235 2658 providentia
2263 2599 2469 2661 gestam
2503 2609 2517 2646 :
2549 2591 2754 2655 audite,
2780 2605 2970 2646 omnes
3002 2590 3267 2644 ccelorum
3303 2589 3478 2643 virtu-

1895 2689 1998 2745 tes,
2035 2697 2099 2736 ac
2129 2690 2364 2752 stupete,
2399 2683 2782 2753 generationes
2817 2681 3253 2752 generationum,
3286 2681 3358 2736 ob
3393 2681 3479 2735 in-

1894 2789 2028 2845 gens
2062 2775 2410 2842 miraculum,
2445 2775 2531 2830 his
2565 2773 2759 2831 diebus
2788 2774 3016 2830 editum.

1956 3035 2012 3088 2.
2036 3035 2180 3091 Urbs
2204 3044 2308 3102 est,
2331 3036 2561 3110 Berytus
2580 3037 2819 3102 nomine,
2846 3036 3146 3092 Antiochiae
3177 3037 3474 3108 vectigalis.

1888 3130 1944 3184 in
1974 3146 2078 3200 qua
2120 3131 2315 3201 ingens
2343 3138 2462 3186 erat
2495 3129 2812 3184 Iudaeorum
2859 3129 3171 3185 multitudo.
3204 3128 3474 3185 Christia-

1887 3235 1991 3274 nus
2015 3234 2182 3289 porro
2213 3219 2434 3290 quidam
2466 3227 2692 3289 accepta
2722 3235 2891 3290 prope
2925 3234 3257 3290 synagogam
3281 3234 3474 3274 eorum

1885 3313 2101 3376 cellula,
2144 3313 2254 3367 illic
2290 3313 2750 3368 commorabatur.
2785 3312 2936 3369 Fecit
2966 3321 3148 3368 autem
3179 3314 3472 3384 imaginem

1885 3399 2106 3454 Domini
2148 3401 2439 3472 integram,
2490 3401 2863 3470 pulcherrime
2914 3402 3211 3472 depictam.
3271 3401 3475 3474 Elapso

1885 3491 2121 3562 quodam
2179 3503 2442 3563 tempore,
2501 3493 2673 3547 voluit
2722 3492 3071 3548 Christianus
3122 3492 3377 3550 secedere
3406 3511 3475 3549 ex

1886 3583 1988 3639 ista
2038 3585 2254 3649 cellula,
2295 3587 2668 3656 majoremque
2710 3587 2998 3656 requisivit
3044 3586 3317 3654 cellulam,
3364 3602 3474 3657 qua

1885 3679 2096 3734 scilicet
2121 3694 2260 3749 Opus
2291 3678 2551 3747 habebat,
2582 3678 2657 3732 ita
2685 3687 2746 3732 ut
2780 3679 2943 3734 etiam
2985 3677 3187 3734 Iudaeis
3216 3685 3362 3733 esset
3392 3677 3476 3732 vi-

1885 3772 2066 3827 cinus.
2106 3769 2330 3826 lnvento
2359 3771 2636 3825 domicilio
2672 3770 2864 3835 altero,
2899 3769 3026 3824 inde
3063 3769 3471 3838 commigravit,

1887 3862 2005 3916 suis
2035 3861 2292 3916 omnibus
2326 3859 2566 3932 acceptis
2594 3861 2773 3918 bonis.
2820 3861 2979 3927 Quod
3013 3877 3079 3916 ex
3109 3859 3203 3915 Dei
3250 3861 3475 3930 dispen-

1885 3955 2100 4009 satione
2146 3953 2350 4008 factum
2390 3962 2494 4016 est,
2528 3952 2623 4022 qui
2652 3952 2770 4006 vult
2800 3968 3020 4008 omnem
3050 3951 3329 4009 hominem
3362 3952 3475 4007 sal-

1886 4063 2012 4102 vum
2046 4047 2184 4109 ﬁeri,
2222 4055 2278 4102 et
2303 4045 2371 4099 ad
2402 4045 2738 4116 agnitionem
2767 4045 3018 4102 veritatis
3049 4044 3258 4106 venire,
3285 4051 3473 4100 osten-

1887 4137 2074 4208 ditque
2108 4136 2379 4192 mirabilia
2406 4152 2504 4192 sua
2537 4136 2792 4191 omnibus
2828 4137 2882 4190 in
2911 4135 3088 4205 ipsum
3115 4132 3472 4189 credentibus

1809 4194 1857 4258 Ο
1887 4229 1945 4283 in
1989 4194 2243 4284 veritate.
2290 4226 2542 4299 Acceptis
2596 4194 2948 4282 Christianus
3001 4225 3258 4280 omnibus
3293 4223 3362 4279 ad
3409 4239 3471 4279 se

1883 4320 2306 4390 pertinentibus,
2325 4319 2406 4372 uti
2430 4333 2596 4390 supra
2621 4318 2826 4373 dictum
2845 4327 2949 4382 est,
2969 4318 3160 4372 relicta
3181 4323 3268 4373 est
3290 4316 3470 4387 imago

1883 4411 2101 4467 Domini
2144 4411 2322 4466 nostri
2351 4408 2482 4466 Jesu
2513 4410 2719 4466 Christi
2742 4410 2880 4478 sola,
2915 4425 3148 4480 eamque
3190 4408 3354 4462 homo
3379 4407 3470 4464 ille

1883 4505 2090 4560 oblitus
2121 4505 2177 4560 in
2208 4504 2402 4560 cellula
2433 4510 2538 4559 est.

1957 4685 2011 4740 '5.
2044 4682 2266 4740 Iudaeus
2296 4691 2476 4738 autem
2510 4680 2730 4751 quidam
2759 4687 2978 4751 accepta
3025 4679 3130 4736 ista
3173 4679 3366 4736 cellula
3409 4678 3468 4736 in

1883 4775 2240 4842 domicilium,
2299 4775 2392 4829 ubi
2447 4779 2567 4828 erat
2635 4773 2815 4842 imago
2879 4773 3259 4828 universorum
3320 4773 3467 4843 regis

1881 4868 2108 4932 Christi,
2141 4882 2266 4922 cum
2299 4881 2365 4921 eo
2397 4881 2487 4921 res
2534 4879 2728 4920 omnes
2782 4879 2913 4919 suas
2972 4871 3331 4933 asportasset,
3390 4863 3468 4920 ibi

1881 4961 2323 5019 commorabatur
2381 4978 2395 5015 :
2443 4973 2547 5014 nec
2595 4957 2832 5013 advertit
2883 4957 3175 5026 imaginem
3223 4955 3464 5020 Domini,

1881 5071 2005 5126 quae
2033 5053 2143 5108 illic
2172 5053 2371 5116 stabat,
2407 5067 2585 5122 neque
2627 5050 2881 5105 lustravit
2927 5065 3052 5104 eum
3086 5049 3289 5104 locum.
3318 5048 3467 5115 Qua-

1881 5148 2005 5201 dam
2042 5161 2209 5222 porro
2237 5145 2327 5200 die
2357 5160 2482 5199 cum
2514 5143 2801 5198 Hebraeum
2838 5142 3145 5209 invitasset,
3182 5148 3242 5196 ut
3276 5155 3464 5196 secum

1882 5342 2189 5414 σεϐασμίας
2238 5339 2446 5406 εἰκόνος
2487 5339 2582 5395 τοῦ
2623 5337 2711 5396 Κῦ
2747 5339 2906 5413 ἡμῶν
2947 5339 3018 5395 Ἰῦ
3061 5339 3166 5406 Χῦ,
3202 5337 3296 5393 καὶ
3334 5340 3466 5410 περὶ

1881 5415 2006 5485 ἐλεη
2017 5413 2258 5485 mam:

1954 5478 2294 5556 (9}_Colbert.
2333 5484 2383 5549 1,
2416 5478 2837 5556 ξΕγκύέῙαατε-εἰς
2874 5481 2934 5536 τὸ
2962 5483 3190 5556 ᾇπειρον
3224 5479 3465 5556 πέλαγος

1879 5549 1987 5610 τῶν
2011 5549 2322 5626 ’θαυμάτων
2349 5551 2444 5626 τοῦ
2467 5549 2624 5626 Θεοῦ,
2644 5554 2755 5626 καὶ
2782 5553 2916 5607 ἴδετε
2940 5549 3212 5626 τδμὲργον,
3243 5549 3463 5626 aeno-

1881 5621 2330 5709 pioc'sipféoato
2354 5625 2431 5709 ,ἐν
2471 5625 2606 5709 τςιιῖς⁹
2631 5623 2864 5695 ἡμέραις
2911 5621 3115 5696 ήμῶνῖ
3142 5621 3464 5692 σνγκλίνατς

1877 5692 1936 5753 τὸ
1964 5692 2055 5761 οὖς
2078 5692 2250 5768 ὑμῶν,
2282 5694 2375 5750 καὶ
2403 5693 2521 5766 μετ’
2556 5692 2716 5766 εὖφρ.
