3836 6194
389 226 498 285 ’199

1556 226 1616 281 S.
1660 225 2121 282 ATHANASIUS.
2163 255 2231 266 —-
2258 223 2483 280 DUBIA.‘

3544 219 3656 277 800

386 350 632 397 sumeret
672 339 885 406 cibum;
921 340 1051 395 dum
1096 341 1448 411 pranderent,
1491 343 1714 400 elevatis
1746 344 1969 400 Judaeus

2080 343 2159 396 ἵνα
2184 341 2337 414 φάγῃ
2365 340 2483 412 μετ’
2508 337 2672 395 αὐτοῦ
2695 354 2709 369 ο
2744 339 2803 392 ἐν
2828 336 2884 392 δέ
2915 335 2995 408 τῷ
3016 336 3244 409 ἀριστᾷν
3282 334 3498 400 αὐτοὺς,
3548 337 3653 388 ἐπ’

390 434 485 505 qui
516 434 780 489 invitatus
817 431 994 489 fuerat
1021 435 1218 499 oculis,
1250 435 1386 491 vidit
1420 435 1712 508 imaginem
1753 435 1971 493 Domini

396 525 573 580 nostri
612 522 742 580 Jesu
772 523 995 589 Christi,
1033 525 1275 596 dixitque
1299 524 1487 582 Iudaeo
1519 528 1613 598 qui
1644 544 1704 584 se
1736 528 1973 583 advoca-

395 623 484 671 rat
517 636 530 671 :
559 614 642 671 Tu
688 614 910 672 Iudaeus
953 631 1079 671 cum
1118 617 1216 683 sis,
1247 634 1418 689 quare
1465 619 1630 689 hujus
1679 621 1970 693 imaginem

392 708 538 779 apud
567 718 617 763 te
637 707 859 765 servas?
882 708 1254 780 plurimasque
1284 724 1349 765 ac
1380 710 1652 767 nefandas
1682 719 1972 768 contume-

392 800 495 856 lias
522 798 752 871 profano
781 803 1034 873 turpique
1065 818 1162 859 ore
1188 818 1290 859 suo
1320 805 1544 873 protulit
1578 812 1772 860 contra
1806 821 1972 861 vene-

401 892 633 947 randam
678 893 967 964 imaginem
994 893 1231 959 Domini,
1257 910 1395 966 quas
1418 912 1486 951 ne
1509 895 1565 949 in
1589 903 1824 951 mentem
1848 897 1973 967 qui-

392 983 517 1037 dem
556 983 840 1039 hominum
868 986 1055 1040 venire
1079 987 1237 1055 licet;
1261 987 1435 1043 absitl
1467 987 1813 1059 ostenditque
1841 988 1975 1043 ima-

390 1076 570 1146 ginem
594 1073 821 1132 Hebraeo
848 1077 939 1146 qui
972 1093 1032 1134 se
1057 1078 1337 1135 invitarat.
1357 1077 1495 1134 Tum
1516 1080 1683 1150 cmpit
1710 1079 1973 1136 Hebraeus

391 1167 482 1223 ille
505 1167 692 1237 jurare
717 1184 812 1239 per
844 1167 1126 1225 Iudaicam
1167 1170 1348 1236 fidem,
1380 1187 1441 1227 se
1474 1171 1717 1228 nondum
1751 1172 1820 1228 ad
1848 1188 1970 1228 eam

391 1274 567 1329 usque
582 1260 774 1315 horam
798 1261 939 1316 hanc
966 1262 1169 1318 vidisse
1186 1262 1498 1334 imaginem.
1517 1263 1778 1320 Hebraeus
1804 1280 1970 1336 porro

389 1351 485 1420 qui
518 1361 741 1406 vocatus
764 1350 963 1414 fuerat,
988 1351 1153 1422 29o
1178 1352 1350 1407 siluit.
1376 1351 1729 1424 Surgensque
1750 1352 1970 1410 Iudaeos

391 1442 528 1498 adiit
546 1444 638 1514 qui
660 1444 905 1515 primarii
934 1444 1251 1500 sacerdotes
1272 1452 1327 1499 et
1350 1444 1484 1516 legis
1505 1444 1759 1501 doctores
1778 1452 1966 1511 erant;

390 1535 591 1604 quibus
622 1533 800 1591 dixit:
832 1533 1095 1591 Hebraeus
1137 1535 1227 1591 ille
1266 1536 1557 1607 imaginem
1596 1535 1840 1593 Nazaraai
1872 1536 1971 1591 ha-

2071 434 2214 505 άρας
2239 435 2366 497 τοὺς
2394 431 2706 502 ὀφθαλμοὺς
2735 429 2899 484 αὑτοῦ
2920 427 3212 492 όἸουδαῖος
3237 429 3266 482 6
3293 427 3654 500 κεκλημένος,

2069 520 2180 579 εἶδε
2201 524 2300 597 τὴν
2326 523 2510 578 εἰκόνα
2533 521 2627 577 τοῦ
2653 520 2859 595 Κυρίου
2882 518 3039 592 ἡμῶν
3073 518 3245 591 Ἰησοῦ
3272 518 3533 591 Χριστοῦ,
3559 520 3659 572 καὶ

2069 614 2216 686 λέγει
2261 615 2340 688 τῷ
2383 614 2674 670 καλέσαντι
2725 612 2889 666 αὑτὸν
2928 611 3166 682 Ἰουδαίῳ
3196 627 3212 640 ο
3261 610 3357 676 Σὺ,
3399 611 3658 676 Ἰουδαῖος

2069 709 2167 775 ὢν,
2196 708 2314 773 πῶς
2344 708 2443 779 τὴν
2477 706 2660 761 εἰκόνα
2682 704 2871 759 τούτου
2900 702 3073 775 ἐχειςς
3102 703 3287 775 ὕϐρεις
3316 720 3379 757 τε
3402 705 3663 775 παμπόλ·

2069 802 2168 867 λας
2205 802 2299 856 καὶ
2321 800 2617 872 ἀθεμίτους
2642 800 2708 852 ἐκ
2734 797 2829 852 τοῦ
2860 795 3056 867 μιαροῦ
3087 793 3252 850 αὑτοῦ
3280 795 3551 868 πόματος
3581 798 3660 850 εἰ-

2070 895 2264 957 πόντος
2297 892 2442 947 κατὰ
2489 892 2593 962 τῆς
2633 890 2822 962 τιμίας
2864 889 3072 954 εἰκόνος
3115 888 3210 943 τοῦ
3239 890 3540 957 Δεσπότου,
3592 890 3659 956 ἃς

2070 986 2170 1042 οὐκ
2209 985 2418 1053 ἔξεστιν
2450 984 2573 1038 ούδέ
2609 985 2690 1048 εἰς
2717 982 2959 1037 διάνοιαν
3002 979 3303 1054 ἀνθρώπων
3329 982 3540 1036 ἐλθεῖν·
3582 983 3659 1054 μὴ

2071 1077 2315 1146 γένοιτοί
2365 1074 2731 1131 ὑποδεικνύων
2764 1074 2821 1128 δὲ
2856 1074 2956 1145 τὴν
2996 1075 3179 1127 εἰκόνα
3210 1073 3301 1128 τὸν
3350 1074 3661 1129 καλέσαντα

2082 1171 2332 1242 Ἐϐραῖον
2358 1172 2387 1225 6
2428 1169 2671 1240 κληθεὶς,
2702 1168 2906 1241 ῆρξατο
2931 1170 2960 1222 6
2999 1168 3246 1240 Ἐϐραῖος
3269 1168 3489 1239 ὀμνύειν
3513 1170 3663 1223 κατά

2069 1260 2172 1332 τῆς
2205 1261 2503 1331 Ἰουδαϊκῆς
2546 1258 2803 1326 πίστεως,
2832 1259 2914 1312 ὅτι
2946 1258 3123 1331 Μέχρι
3153 1260 3251 1330 τῆς
3281 1258 3429 1331 ὥρας
3454 1259 3660 1331 ταύτης

2070 1355 2170 1408 οὐκ
2199 1353 2513 1425 ἐθεασάμην
2545 1352 2646 1425 τὴν
2678 1353 2863 1406 εἰκόνα
2902 1351 3125 1423 ταύτην.
3167 1352 3225 1406 '0
3256 1352 3312 1406 δὲ
3351 1352 3608 1423 Ἐϐραῖος
3632 1356 3663 1406 6

2071 1446 2291 1518 κληθεὶς
2323 1445 2654 1517 ἐσιώπησεν.
2690 1444 2952 1509 Ἀναστὰς
2991 1444 3050 1498 δέ
3082 1445 3322 1516 ἀπῆλθεν
3362 1445 3499 1516 πρὸς
3529 1447 3663 1510 τοὺς

2083 1537 2389 1602 Ἰουδαίους,
2420 1538 2546 1602 τοὺς
2573 1536 2826 1607 πρώτους
2853 1535 3031 1590 αὐτῶν
3057 1538 3223 1609 ἱερεῖς
3254 1537 3349 1591 καὶ
3370 1536 3662 1607 νομοδιδά-

389 1624 480 1679 bet
508 1625 679 1692 domi,
710 1642 874 1696 quam
904 1642 1007 1697 ego
1039 1627 1214 1682 oculis
1242 1629 1503 1697 conspexi
1535 1628 1691 1684 meis.
1729 1626 1834 1695 Qui
1881 1627 1970 1684 his

2080 1630 2327 1695 σκάλους,
2357 1630 2452 1686 καὶ
2489 1628 2639 1697 λέγει
2686 1628 2891 1693 αὐτοῖς,
2918 1629 3001 1683 ὃτι
3042 1629 3103 1682 '0
3143 1628 3288 1681 δεῖνα
3338 1629 3367 1681 6
3405 1628 3665 1701 Ἑϐραῖος

388 1716 596 1772 auditis
623 1692 1028 1787 responderunt
1058 1737 1072 1774 :
1106 1692 1396 1785 Quomodo
1434 1719 1488 1775 id
1527 1728 1684 1790 potes
1719 1692 1973 1792 compro-

2080 1722 2257 1777 εἰκόνα
2280 1692 2391 1794 έχει
2428 1720 2523 1776 τοῦ
2556 1692 2881 1792 Ναζωραίου
2910 1721 2967 1773 ἐν
3001 1720 3079 1791 τῷ
3110 1721 3243 1791 οἴκῳ
3281 1719 3468 1783 αὐτοῦ,
3500 1692 3665 1787 κάγὼ

390 1808 521 1864 bare
544 1809 567 1852 ν
594 1808 730 1865 Tum
763 1810 853 1866 ille
887 1830 900 1867 :
937 1811 1021 1868 Me
1055 1810 1371 1883 sequimini,
1405 1819 1461 1867 et
1501 1811 1784 1868 ostendam
1813 1814 1973 1869 vobis

390 1901 563 1959 illam.
601 1903 903 1959 Consilium
939 1920 1104 1975 porro
1148 1906 1339 1970 iniere,
1386 1911 1447 1960 ut
1483 1920 1674 1960 omnes
1724 1906 1973 1977 proxima

386 1993 481 2049 die
524 2009 684 2050 mane
719 1996 973 2055 cellulam
1016 1995 1250 2065 adirent,
1284 1996 1341 2051 in
1374 2012 1482 2069 qua
1507 2005 1627 2053 erat
1657 1998 1839 2069 imago
1866 1997 1974 2053 Do-

392 2100 528 2139 num

459 2351 512 2407 4.
557 2350 783 2408 Ineunte
813 2351 937 2407 luce
979 2352 1261 2424 sequentis
1295 2350 1427 2419 diei,
1478 2353 1795 2425 congregati
1845 2361 1974 2409 sunt

384 2444 665 2515 principes
689 2444 1034 2500 sacerdotum
1062 2450 1118 2499 et
1166 2444 1435 2509 seniores,
1470 2451 1523 2500 et
1553 2442 1744 2500 Iudaeo
1781 2460 1971 2501 secum

391 2540 691 2603 assumpto,
717 2532 937 2587 domum
971 2534 1175 2603 petiere
1210 2532 1444 2594 Hebraei.
1476 2534 1572 2589 ubi
1628 2543 1747 2591 erat
1792 2535 1974 2606 imago

390 2624 626 2680 Domini.
659 2625 795 2679 Cum
820 2640 886 2681 eo
919 2624 1290 2693 advenissent,
1321 2627 1376 2681 in
1402 2626 1625 2681 domum
1664 2628 1968 2699 irrumpen-

384 2721 474 2769 tes
508 2714 855 2770 sacerdotum
886 2714 1164 2786 principes
1203 2723 1257 2771 et
1293 2716 1561 2782 seniores,
1604 2717 1974 2789 universaque

389 2807 571 2876 turba,
595 2806 777 2865 vident
803 2808 1095 2881 imaginem
1119 2806 1355 2865 Domini.
1383 2808 1521 2864 Tum
1547 2808 1731 2867 furore
1759 2811 1972 2882 repleti,

379 2901 633 2973 Judaeum
670 2903 782 2957 illic
826 2903 1165 2959 habitantem
1223 2903 1389 2960 domo
1422 2904 1642 2977 pulsum
1698 2919 1973 2978 synagoga

390 2992 692 3061 ejecerunt.
739 2991 1036 3064 Imaginem
1095 3008 1280 3050 autem
1342 2996 1556 3052 Domini
1606 2997 1783 3054 nostri
1839 2995 1970 3053 Jesu

389 3084 595 3140 Christi
627 3099 752 3139 cum
788 3084 1159 3153 demisissent,
1202 3101 1390 3141 secum
1448 3087 1524 3142 ita
1575 3087 1745 3144 locuti
1792 3095 1966 3144 sunt:

382 3171 865 3237 Quemadmodum
902 3183 1086 3243 patres
1124 3176 1303 3229 nostri
1333 3175 1625 3231 illuserunt
1658 3177 1784 3247 ipsi,
1815 3177 1889 3232 ita
1918 3186 1973 3233 et

393 3279 493 3317 nos
533 3263 845 3319 iiludamus.
882 3262 1022 3319 Tum
1073 3280 1289 3336 carpere
1337 3281 1641 3337 conspuere
1681 3269 1737 3323 in
1777 3267 1970 3324 faciem

392 3356 649 3427 imaginis
694 3355 931 3422 Domini,
968 3367 1129 3429 atque
1171 3358 1365 3415 ordine
1417 3359 1619 3431 singuli
1653 3360 1826 3432 alapis
1855 3363 1975 3418 vul-

394 3454 508 3499 tum
539 3445 660 3515 ejus
687 3446 1040 3513 exciderunt,
1069 3462 1134 3502 ac
1160 3458 1550 3519 percusserunt
1574 3464 1765 3506 omnes
1788 3451 1975 3507 dicen-

393 3538 465 3592 do
503 3555 516 3592 :
550 3536 899 3610 Quaecunque
928 3546 1113 3610 patres
1156 3540 1333 3595 nostri
1388 3539 1656 3607 fecerunt,
1691 3558 1755 3597 ea
1784 3559 1886 3600 nos
1918 3545 1974 3600 in

387 3629 515 3701 ejus
568 3630 859 3702 imaginem
912 3638 1310 3703 perpetremus.
1372 3632 1728 3703 Audivimus,
1784 3636 1972 3703 aiunt,

395 3723 568 3777 multa
608 3722 664 3777 in
697 3739 821 3779 eum
876 3723 1115 3780 ludibria
1145 3725 1467 3791 contulisse,
1527 3735 1582 3782 et
1636 3744 1737 3785 nos
1790 3730 1975 3785 omnia

394 3814 762 3871 conferamus.
800 3814 1016 3871 Inﬁnita
1046 3816 1212 3888 igitur
1240 3818 1476 3873 ludibria
1510 3818 1566 3875 in
1598 3819 1813 3876 Domini
1839 3822 1977 3877 ima-

397 3907 577 3977 ginem
602 3911 906 3974 contulere,
937 3927 1057 3982 quae
1087 3928 1157 3968 ne
1194 3911 1440 3982 proferre
1476 3912 1705 3984 quidem,
1743 3932 1844 3973 nos
1873 3932 1974 3972 au-

395 3998 642 4057 deamus.
669 4000 768 4056 Hie
791 4002 979 4058 aiunt:
1007 4003 1326 4063 Audivimus
1350 4015 1532 4078 patres
1557 4015 1777 4064 nostros
1804 4011 1976 4069 clavis

397 4106 593 4148 manus
619 4092 738 4162 ejus
769 4095 1083 4163 confixisse,
1123 4097 1180 4152 id
1208 4106 1265 4154 et
1297 4116 1397 4156 nos
1431 4100 1744 4158 efﬁciamus.
1777 4102 1978 4159 Confe-

394 4185 503 4241 ctis
532 4201 663 4256 ergo
692 4187 883 4251 clavis,
918 4204 1113 4245 manus
1137 4191 1412 4263 pedesque
1440 4191 1655 4249 Domini
1681 4195 1974 4251 conﬁxere.

398 4273 637 4332 Rursum
672 4279 926 4349 inquiunt
973 4298 987 4336 :
1031 4280 1354 4345 Audivimus
1407 4293 1562 4341 aceto
1605 4292 1660 4342 et
1695 4284 1819 4343 felle
1852 4302 1977 4343 eum

1997 3039 2040 3098 C

2072 1812 2292 1877 οἰκείοις
2325 1810 2624 1881 ὀφθαλμοῖς
2646 1808 2960 1880 ἐθεασάμην
2991 1810 3184 1882 αὐτήν.
3213 1811 3275 1863 υἱ
3305 1808 3361 1862 δὲ
3388 1809 3669 1863 ἀκούσαν-

2071 1920 2161 1967 τες
2184 1898 2366 1956 εῖποψ
2399 1900 2523 1964 Πῶς
2548 1899 2775 1953 δύνασαι
2801 1899 2959 1953 τοῦτο
2986 1899 3262 1966 ἀποδεῖξαι
3286 1915 3300 1965 ;
3332 1898 3493 1968 Λέγει
3520 1899 3668 1970 πρὸς

2071 1989 2300 2056 αὐτούς’
2361 1988 2786 2061 Ἀκολουθήσατέ
2840 2007 2949 2061 μοι,
3002 1989 3157 2057 κάγὼ
3206 1989 3333 2059 ὑμῖν
3388 1989 3668 2055 ὑποδείξω

2071 2082 2261 2154 αὑτήν.
2304 2077 2802 2135 Συνεϐουλεύσαντο
2836 2080 2913 2146 δέ,
2947 2080 3034 2133 ἵνα
3068 2080 3269 2143 πάντες
3304 2078 3448 2152 πρωῒ
3477 2097 3668 2152 παρα-

2072 2174 2354 2246 γενόμενοι
2393 2171 2777 2228 καταλάϐωσιν
2802 2171 2864 2225 τὸ
2895 2171 3127 2238 κελλίον,
3164 2173 3223 2225 ἐν
3248 2164 3293 2241 ᾧ
3326 2167 3392 2243 ἦν
3435 2174 3469 2243 ἡ
3496 2170 3669 2225 εἰκὼν

2070 2264 2164 2321 τοῦ
2197 2266 2427 2338 Κυρίου.

2143 2357 2196 2413 4.
2232 2359 2454 2431 Πρωῒας
2484 2359 2543 2413 δέ
2574 2357 2897 2430 γενομένης,
2931 2355 3275 2429 συνήχθησαν
3300 2355 3350 2409 οἰ
3383 2355 3669 2426 ἀρχιερεῖς

2072 2449 2169 2503 καὶ
2212 2451 2262 2503 οἰ
2310 2450 2671 2523 πρεσϐύτεροι
2718 2448 2918 2514 αὐτῶν,
2969 2448 3065 2502 καὶ
3111 2446 3520 2519 παραλαϐόντες
3573 2447 3669 2499 τὸν

2084 2540 2357 2605 Ἰουδαῖον,
2381 2541 2714 2613 ἀπέρχονται
2744 2545 2802 2597 ἐν
2832 2540 2911 2613 τῷ
2943 2540 3078 2611 οῐκῳ
3104 2539 3198 2593 τοῦ
3228 2538 3504 2608 Ἐϐραίου,
3531 2537 3668 2592 ἔνθα

2072 2628 2142 2706 ἦν
2174 2635 2209 2707 ἡ
2235 2632 2398 2688 εἰκὼν
2441 2634 2535 2688 τοῦ
2566 2635 2795 2707 Κυρίου.
2826 2632 3269 2705 Παραγενόμενοι
3292 2631 3353 2684 δὲ
3388 2632 3449 2683 ἐν
3479 2633 3547 2702 τῇ
3583 2633 3667 2683 οἰ-

2074 2723 2191 2795 κίᾳ,
2238 2724 2669 2795 εἰσπηδήσαντες
2699 2723 2902 2778 ἔσωθεν
2942 2723 3042 2794 τῆς
3084 2721 3263 2786 οἰκίας
3302 2723 3351 2774 οἰ
3385 2722 3668 2792 ἀρχιερεῖς

2074 2814 2170 2867 καὶ
2197 2815 2245 2867 oi
2276 2813 2637 2888 πρεσϐύτεροι
2677 2815 2772 2868 καὶ
2809 2814 2919 2878 πᾶς
2956 2814 2985 2865 6
3011 2812 3186 2883 ὄχλος,
3229 2810 3401 2883 ὁρῶσι
3446 2811 3549 2881 τὴν
3584 2813 3669 2864 εἰ-

2075 2906 2209 2962 κόνα
2251 2907 2345 2961 τοῦ
2372 2907 2600 2978 Κυρίου.
2638 2907 2773 2961 Τότε
2816 2905 2990 2978 θυμοῦ
3031 2904 3381 2976 πλησθέντες,
3420 2904 3513 2958 τὸν
3565 2904 3670 2987 μέν

2087 3001 2336 3055 Ἰουδαῖον
2372 2998 2467 3054 τὸν
2501 2997 2753 3054 οἰκοῦντα
2789 3001 2966 3054 ἐκεῖσε
3023 2996 3377 3062 ἐξελάσαντες
3426 2997 3656 3050 ἀποσυν-

2074 3089 2288 3163 άγωγον
2331 3091 2629 3164 ἐποίησανο
2677 3090 2775 3164 τὴν
2817 3091 2874 3144 δέ
2913 3090 3099 3144 εἰκόνα
3145 3088 3238 3142 τοῦ
3263 3087 3469 3158 Κυρίου
3503 3086 3669 3158 ἡμῶν

2084 3181 2262 3255 Ἰησοῦ
2295 3182 2532 3255 Χριστοῦ
2569 3182 2994 3251 καταγαγόντες,
3025 3174 3178 3234 εἶπον
3219 3180 3278 3232 ἐν
3306 3179 3541 3244 ἑαυτοῖς,
3581 3179 3668 3232 ὅτι

2072 3273 2271 3338 Καθὼς
2301 3276 2350 3328 oi
2378 3275 2614 3347 πατέρες
2639 3271 2797 3345 ἡμῶν
2824 3271 3113 3355 ἐνέπαιξαν
3168 3269 3338 3342 αὐτῷ,
3385 3269 3529 3324 οὓτω
3567 3270 3667 3324 καὶ

2073 3368 2234 3438 ἡμεῖς
2256 3365 2615 3437 ἐμπαίζωμεν
2641 3363 2811 3435 αὐτῷ.
2843 3364 2978 3417 Τότε
3005 3362 3237 3435 ἡρξαντο
3267 3361 3542 3433 ἐμπτύειν
3578 3364 3663 3425 εἰς

2072 3454 2135 3508 τὸ
2156 3455 2446 3526 πρόσωπον
2474 3454 2576 3526 τῆς
2603 3454 2812 3518 εἰκόνος
2835 3452 2930 3508 τοῦ
2956 3454 3187 3528 Κυρίου,
3216 3452 3314 3506 καὶ
3348 3451 3669 3523 ἐρῤάπισαν

2073 3545 2243 3615 αὐτὴν
2266 3543 2407 3598 κατὰ
2434 3546 2722 3617 πρόσωπον
2746 3540 2828 3609 εἷς
2845 3544 3053 3610 καθεὶς,
3071 3547 3120 3598 οἰ
3141 3544 3343 3609 πάντες
3366 3545 3548 3599 αὐτῶν
3572 3548 3673 3619 ερ-

2077 3635 2300 3706 ράπιξον
2312 3633 2409 3706 τὴν
2422 3635 2607 3689 εἰκόνα
2620 3634 2714 3690 τοῦ
2731 3636 2812 3688 Κυ
2822 3636 2936 3707 ρίου
2951 3636 3220 3705 λέγοντες
3242 3637 3382 3689 Ὅσα
3397 3636 3672 3707 ἐποίησαν

2074 3727 2129 3780 οῖ’
2150 3726 2385 3799 πατέρες
2410 3727 2589 3801 ἡμῶν,
2615 3727 2792 3782 πάντα
2814 3728 3129 3800 ποιήσωμεν
3153 3729 3218 3799 τῇ
3269 3727 3440 3782 εἰκόνι
3471 3728 3668 3783 αὐτοῦ.

2075 3817 2373 3886 Λέγουσιν,
2426 3818 2508 3872 ὅτι
2570 3817 2938 3890 Ἠκούσαμεν,
3006 3818 3235 3883 πολλοὺς
3302 3819 3672 3890 ἐμπαιγμοὺς

2075 3906 2340 3980 ἐποίησαν
2379 3906 2567 3981 αὐτῷ’
2617 3909 2713 3964 καί⁸
2738 3911 2903 3982 ἡμεῖς
2946 3910 3128 3964 πάντα
3156 3911 3494 3983 ποιήσωμεν.
3529 3912 3673 3984 Ἐμ-

2077 4002 2353 4072 παιγμοὺς
2396 3996 2489 4056 οὖν
2535 4002 2800 4073 ἀπείρους
2848 4003 3139 4068 ἐνέπαιξαν
3188 4002 3287 4075 τὴν
3333 4004 3518 4076 εἰκόνα
3569 4004 3673 4059 τοῦ

2077 4092 2306 4164 Κυρίου,
2339 4091 2482 4165 ἅπερ
2509 4093 2630 4149 ούδέ
2656 4093 2838 4163 λέγειν
2862 4095 2996 4166 ἡμῖν
3024 4096 3376 4167 τετόλμηται.
3406 4092 3548 4150 Εἶτα
3578 4098 3675 4151 λέ-

2076 4200 2299 4253 γουσιν·
2338 4185 2702 4258 Ἦκούσαμεν,
2728 4187 2810 4241 ὅτι
2849 4187 3079 4258 ἥλωσαν.
3109 4186 3277 4241 αὑτοῦ
3321 4189 3422 4253 τὰς
3454 4192 3672 4261 χεῖρας,

2077 4278 2235 4332 τοῦτο
2276 4279 2369 4332 καί
2394 4281 2557 4351 ἡμεῖς
2589 4281 2929 4352 ποιήσωμεν.
2978 4280 3112 4334 Τότε
3146 4283 3472 4354 ποιήσαντες
3500 4282 3675 4354 ἥλους

399 4384 525 4422 cum
556 4373 782 4442 spongia
818 4375 1093 4443 potavisse
1124 4394 1137 4430 :
1172 4377 1228 4431 id
1274 4393 1375 4434 nos
1425 4394 1644 4450 quoque
1685 4378 1974 4437 faciamus.

2082 4370 2438 4443 προσήλωσαν
2475 4371 2575 4435 τὰς
2604 4374 2793 4444 χεῖρας
2825 4373 2922 4427 καὶ
2947 4375 3075 4437 τοὺς
3110 4374 3278 4439 πόδας
3305 4372 3399 4427 τοῦ
3428 4374 3672 4445 Κυρίου.

395 4458 534 4515 illud
565 4462 747 4532 itaque
776 4463 1023 4521 fecerunt
1045 4469 1316 4537 similiter,
1335 4472 1513 4541 posita
1542 4472 1609 4527 ad
1634 4487 1697 4527 os
1720 4473 1974 4542 imaginis

2080 4462 2247 4516 Πάλιν
2293 4462 2572 4533 λέγουσιν’
2630 4464 2994 4536 Ἦκούσαμεν,
3043 4467 3126 4519 ὅτι
3181 4466 3301 4533 ὅξος
3355 4466 3453 4519 καὶ
3502 4466 3675 4538 χολὴν

400 4550 625 4605 Domini.
654 4555 883 4625 spongia
915 4565 1071 4611 aceto
1104 4559 1284 4630 plena.
1336 4560 1507 4617 Aiunt
1538 4563 1734 4618 iterum
1770 4581 1784 4618 :
1812 4563 1976 4618 Com-

398 4641 641 4710 perimus
675 4658 771 4698 eos
816 4647 1087 4704 arundine
1138 4651 1478 4720 percussisse
1515 4658 1682 4723 caput
1710 4653 1859 4723 ejus;
1894 4653 1978 4709 id-

400 4730 579 4802 ipsum
610 4749 710 4793 nos
737 4750 983 4807 agamus,
1017 4748 1343 4812 arreptaque
1369 4743 1634 4800 arundine
1665 4751 1829 4815 caput
1855 4744 1977 4816 ejus

398 4836 809 4895 percusserunt.
868 4829 1069 4886 Dicunt
1115 4831 1311 4889 iterum
1347 4852 1361 4890 :
1391 4834 1661 4891 Accurate
1701 4837 1977 4901 novimus,

393 4932 497 4973 eos
522 4917 713 4975 lancea
737 4920 878 4980 latus
903 4921 1024 4993 ejus
1044 4925 1353 4995 aperuisse:
1369 4942 1438 4983 ne
1457 4928 1738 4984 minimum
1758 4929 1978 4999 quidem

399 5012 920 5084 praetermittamus;
947 5015 1042 5071 sed
1066 5018 1249 5086 potius
1270 5018 1341 5074 iis
1361 5019 1702 5089 adjiciamus.
1728 5020 1825 5076 His
1852 5037 1978 5091 per-

402 5105 561 5169 actis,
597 5104 842 5161 lanceam
892 5109 1265 5178 postularunt,
1316 5126 1427 5181 qua
1480 5111 1670 5177 allata,
1699 5113 1979 5170 vibrantes

398 5194 573 5261 illam,
610 5194 905 5252 confodere
949 5199 1094 5256 latus
1137 5200 1390 5273 imaginis
1431 5200 1752 5269 Salvatoris,
1790 5204 1981 5260 confe-

399 5285 644 5357 stimque
690 5287 917 5360 sanguis
963 5297 1019 5345 et
1047 5306 1203 5362 aqua.
1239 5307 1435 5364 magna
1486 5295 1645 5365 copia
1678 5296 1979 5351 emanavit.

399 5375 525 5443 Quo
550 5376 925 5449 inexspectato
949 5379 1097 5436 edito
1128 5382 1415 5449 miraculo,
1469 5391 1692 5456 stupore
1742 5386 1981 5457 perculsi

478 5571 590 5655 (10)
610 5575 922 5655 βοίδεηίη.
948 5578 1000 5655 _l,
1036 5579 1130 5634 καὶ
1158 5582 1595 5655 προσαγαγόντες
1624 5582 1744 5655 ὅξος
1776 5584 1869 5638 καί
1894 5602 1982 5655 χο-

403 5640 502 5715 λὴν
528 5640 830 5715 πλήσαντες
858 5648 1115 5718 σπόγγον,
1147 5640 1490 5724 προσέθηκαν
1517 5640 1596 5724 τῷ
1634 5640 1862 5725 στόματι
1884 5640 1983 5727 ἷῆς

2076 4555 2329 4609 ὲπότισαν
2351 4556 2512 4610 αὐτὸν
2539 4557 2676 4628 μετὰ
2709 4558 2951 4628 σπόγγου
2972 4575 2986 4589 θ
3031 4559 3347 4630 ποιήσωμεν
3393 4556 3539 4611 οὕτω
3574 4561 3676 4612 καὶ

2075 4648 2257 4718 ἡμεῖς.
2291 4648 2402 4701 Καὶ
2435 4649 2695 4719 ἐποίησαν
2725 4648 2987 4714 ὡσαύτως
3012 4648 3150 4720 (10),
3180 4647 3460 4712 ἐπιθέντες
3488 4651 3574 4712 εἰς
3608 4649 3676 4704 τὸ

2080 4739 2255 4809 στόμα
2295 4738 2391 4792 τοῦ
2431 4739 2636 4812 Κυρίου
2680 4739 2780 4810 τῆς
2815 4741 3027 4805 εἰκόνος
3063 4740 3300 4810 σπόγγον
3342 4738 3481 4811 μετὰ
3506 4739 3675 4806 ὄξους

2078 4828 2524 4901 πεπληρωμένον.
2560 4830 2792 4901 Λέγουσι
2838 4831 3034 4884 πάλιν
3070 4830 3401 4902 Ἐμάθομεν,
3447 4832 3530 4885 ὅτι
3562 4850 3672 4886 κα-

2077 4919 2236 4992 λάμῳ
2263 4922 2463 4993 ἕτυψαν
2489 4922 2589 4994 τὴν
2625 4922 2867 4994 κεφαλὴν
2896 4922 3061 4977 αὐτοῦ
3079 4940 3095 4955 ο
3128 4923 3190 4977 τὸ
3216 4923 3348 4978 αὐτὸ
3379 4923 3476 4977 καὶ
3499 4925 3675 4996 ἡμεῖς

2079 5014 2415 5084 ποιήσωμεν.
2446 5014 2558 5067 Καὶ
2584 5013 2843 5078 λαϐόντες
2874 5012 3142 5085 κάλαμον,
3175 5012 3404 5068 ἔτυπτον
3443 5017 3525 5079 εἰς
3567 5016 3674 5088 τὴν

2080 5103 2320 5175 κεφαλὴν
2353 5103 2538 5159 αὑτοῦ.
2570 5103 2804 5173 Λέγουσι
2832 5104 2995 5159 πάλιν
3015 5122 3030 5135 ο
3078 5104 3495 5177 Ἀκριϐέστερον
3519 5106 3674 5162 οἰδα-

2082 5211 2204 5266 μεν,
2247 5195 2329 5247 ὅτι
2360 5193 2530 5267 λόγχῃ
2567 5195 2733 5249 αὐτοῦ
2759 5196 2860 5268 τὴν
2906 5195 3149 5268 πλευράν
3197 5196 3454 5267 ἧνοιίξαν⁸
3488 5196 3568 5269 μὴ
3610 5198 3672 5251 ἓν

2081 5283 2538 5356 παραλείψωμεν,
2596 5284 2733 5339 ἀλλὰ
2802 5285 3003 5356 μᾶλλον
3072 5286 3492 5359 προσθήσωμεν.
3553 5289 3674 5343 Καὶ

2078 5374 2237 5428 τοῦτο
2275 5376 2616 5448 ποιήσαντες,
2667 5376 2955 5449 ἐνεχθῆναι
2986 5377 3187 5449 λόγχην
3229 5378 3670 5451 προετρέψαντο,

2085 5586 2242 5665 ἁγίας
2270 5586 2479 5665 εἰκόνος
2510 5586 2605 5665 τοῦ
2642 5589 3026 5665 ΚυρίουηΚαί
3063 5590 3239 5665 ἐφάνη
3282 5590 3673 5665 άπογευομὲνη

2085 5659 2181 5729 τῆς
2207 5656 2369 5728 χολῆς
2396 5659 2488 5713 καὶ
2512 5657 2605 5713 τοῦ
2639 5656 2791 5725 δξους
2817 5660 2853 5732 ἡ
2882 5660 3013 5731 άγία
3040 5656 3226 5716 εἰκών.
