3836 6194
125 322 227 377 80!

1224 320 1312 376 DE
1340 319 1711 377 MIRACULO
1750 317 2000 375 ΒΕΒῚΤΙ
2040 318 2269 375 EDITO.

3279 325 3392 383 882

121 440 220 492 καὶ
247 437 561 508 ἐνεχθείσης
584 437 681 507 τῆς
707 437 930 509 λόγχης,
958 437 1190 510 ἄραντες
1223 438 1392 510 αὐτὴν
1415 439 1689 511 ὲκέντησατ

1814 447 1943 494 sunt
1976 446 2245 507 quotquot
2277 436 2509 493 virtutes
2558 437 2652 493 Dei
2682 439 3091 510 conspiciebant
3119 452 3173 498 et
3206 443 3390 499 incre-

92 527 270 582 ’κατά
322 531 422 597 τῆς
453 525 694 597 πλευρᾶς
724 528 825 598 τῆς
858 528 1066 592 εἰκόνος
1108 528 1204 581 τοῦ
1250 529 1520 600 Σωτῆρος.
1562 530 1711 598 Παρ-

1816 530 2004 584 dibilia
2042 530 2328 584 miracula.

121 619 253 671 ευθὺ
287 618 347 671 δὲ
368 617 654 685 ἐξέϐλυσεν
685 612 937 689 αἷμανκαὶ
965 618 1106 690 ὕδωρ
1136 621 1214 683 εἰς
1245 618 1447 691 πλῆθος
1483 620 1637 673 πολύ.
1671 620 1870 673 Τούτου
1902 621 1959 674 δὲ
1983 620 2076 673 τοῦ
2113 620 2418 692 παραδόξου
2463 620 2741 692 θαύματος
2780 624 3084 695 γενομένου,
3128 625 3387 701 ἔκπληξις

119 708 318 763 ἐλαϐεν
342 709 589 771 ἅπαντας
621 710 747 771 τοὺς
771 708 1068 779 βλέποντας
1088 710 1186 774 τὰς
1212 710 1529 774 δυναστείας
1557 713 1652 764 τοῦ
1685 712 1820 765 Θεοῦ
1852 713 1945 765 καὶ
1969 712 2038 765 τὰ
2060 713 2339 785 παράδοξα
2372 712 2670 784 θαυμάσια.

194 804 250 859 5.
296 804 384 866 Ὡς
417 802 815 875 ἀνεξερεύνητα
859 803 927 857 τά
955 805 1200 877 κρίματα
1238 806 1335 877 τῆς
1362 806 1708 877 δικαιοσύνης

121 911 241 960 σου,
275 896 375 949 καὶ
420 896 725 967 ἀπέραντος
762 899 797 967 ἡ
827 895 1100 967 ἀγαθότης
1141 897 1236 951 καὶ
1277 899 1339 951 τὸ
1385 898 1519 951 πολὺ
1561 897 1709 961 ἔλεός

120 1003 239 1050 σου,
275 987 554 1040 Δέσποταί
599 987 693 1051 Τίς
723 987 944 1059 λαλήσει
978 987 1076 1051 τὰς
1097 988 1413 1053 δυναστείας
1451 1006 1565 1053 σου,
1597 989 1710 1042 Κύ-

121 1095 235 1149 ριε;
267 1078 542 1142 ἀκουστάς
587 1080 804 1150 ποιήσει
846 1079 1025 1143 πάσας
1046 1079 1145 1144 τάς
1174 1080 1409 1144 αἱνέσεις
1442 1097 1557 1145 σου,
1587 1080 1708 1150 φιλ-

118 1170 405 1241 άνθρωπε,
447 1171 476 1222 ὁ
520 1169 595 1240 μὴ
636 1169 957 1243 βουλόμενος
1002 1173 1092 1226 τὸν
1133 1171 1362 1227 θάνατον
1389 1173 1483 1227 τοῦ
1529 1175 1710 1245 ἁμαρ·-

117 1260 318 1325 τωλοῦ,
364 1261 440 1325 ὡς
485 1263 547 1315 τὸ
580 1263 904 1334 ἐπιστρέψαι
953 1265 1046 1318 καὶ
1093 1262 1194 1336 ζῇν
1241 1264 1435 1331 αὑτόν;
1480 1267 1702 1336 Χριστὲ,

116 1356 247 1420 δόξα
290 1372 394 1410 σοι.
428 1356 523 1419 Τίς
552 1357 629 1419 ὠς
669 1357 754 1421 σὺ,
791 1356 1067 1421 Δέσποτα;
1098 1356 1194 1420 Τίς
1234 1356 1374 1428 πλὴν
1413 1356 1508 1410 σοῦ
1538 1357 1705 1410 ποιῶν

117 1448 331 1521 φοϐερά
359 1448 455 1502 καὶ
497 1448 743 1513 έξαίσιας
768 1449 835 1502 Ὢ
877 1448 973 1502 τοῦ
1017 1449 1335 1520 θαύματοςί
1377 1450 1446 1503 Ὢ
1467 1450 1569 1518 τῆς
1608 1450 1703 1503 τοῦ

114 1541 375 1612 Σωτῆρος
424 1541 869 1613 μεγαλειότητοςί
902 1539 1169 1610 Ἔφριξαν
1214 1542 1308 1594 καὶ
1353 1540 1448 1595 νῦν
1490 1542 1546 1593 αί
1590 1541 1703 1594 ἄνω

113 1631 377 1702 δυνάμεις
408 1633 498 1686 ἐπὶ
541 1633 737 1702 τούτῳ.
773 1634 837 1685 Ὢ
869 1633 1009 1704 πόση
1044 1632 1421 1705 μακροθυμίαί
1463 1631 1508 1686 ὣ
1537 1634 1702 1685 πόσον

113 1724 296 1788 ἔλεοςί
331 1722 527 1795 πρώην
554 1723 663 1796 γὰρ
698 1724 763 1778 δι’
793 1726 940 1796 ἡμᾶς
968 1727 1063 1778 καὶ
1092 1725 1190 1797 τὴν
1213 1725 1488 1797 ἡμετέραν
1522 1741 1699 1796 σωτη-

1882 808 1936 862 5.
1973 806 2146 873 Quam
2178 808 2574 879 iuvestigabilia
2610 818 2739 864 sunt
2764 810 2969 880 judicia
2995 812 3223 883 justitia:
3253 825 3381 883 tuae,

1810 914 1974 969 quam
2008 900 2272 955 immensa
2304 901 2539 965 bonitas,
2572 916 2736 971 quam
2781 919 2977 973 magna
3010 906 3389 966 misericordia

1811 999 1925 1052 tua.
1958 990 2215 1047 Domine!
2256 994 2391 1058 Quis
2448 994 2702 1064 loquetur
2753 999 3024 1065 pctentias
3079 1008 3226 1068 tuas,
3276 1001 3388 1057 Do-

1809 1085 1996 1138 mine?
2017 1084 2140 1154 quis
2169 1085 2386 1141 auditas
2418 1086 2576 1141 faciet
2601 1102 2791 1143 omnes
2820 1091 3010 1147 laudes
3035 1100 3177 1160 tuas,
3208 1094 3386 1151 homi-

1810 1191 1941 1230 num
1970 1177 2364 1241 amantissime,
2411 1178 2504 1247 qui
2539 1196 2648 1235 non
2677 1182 2762 1235 vis
2789 1191 3021 1238 mortem
3059 1188 3389 1254 peccatoris,

1810 1266 1905 1321 sed
1956 1274 2016 1321 ut
2056 1275 2408 1322 convertatur
2439 1278 2493 1324 et
2543 1271 2729 1326 vivat?
2776 1273 3010 1341 Christe,
3045 1278 3144 1333 tibi
3188 1280 3382 1349 gloria.

1809 1356 1943 1424 Quis
1976 1359 2171 1416 similis
2205 1361 2325 1426 tibi,
2362 1360 2633 1417 Domine?
2671 1363 2807 1431 Quis
2850 1378 3046 1437 praeter
3084 1379 3134 1426 te
3174 1370 3391 1428 faciens

1808 1451 2072 1506 terribilia
2098 1460 2152 1507 et
2180 1454 2462 1522 prodigia?
2494 1451 2540 1508 Ο
2582 1457 2946 1513 miraculum!
2988 1460 3033 1515 Ο
3081 1460 3390 1522 Salvatoris

1807 1543 2267 1613 magniﬁcentiam
2295 1544 2308 1597 !
2357 1543 2631 1601 llorruere
2672 1549 2783 1616 jam
2814 1549 2918 1604 hac
2957 1552 3012 1606 in
3046 1568 3108 1608 re
3131 1569 3382 1624 supernae

1805 1644 2124 1705 potestates.
2162 1634 2206 1691 Ο
2228 1645 2430 1707 quanta
2463 1639 2881 1710 longanimitas!
2917 1652 3121 1714 quanta
3163 1648 3383 1703 miseri-

1804 1729 2023 1783 cordia!
2057 1730 2186 1783 olim
2218 1740 2463 1785 nostrum
2488 1734 2660 1802 gratia
2687 1740 2742 1787 ct
2770 1742 2992 1804 propter
3017 1745 3262 1794 nostram
3292 1756 3381 1796 sa-

117 1815 238 1880 ρίαν
292 1814 597 1888 σαρκωθεὶς
643 1816 673 1867 ὁ
718 1816 958 1887 ἄσαρκος
1015 1819 1080 1870 ὲκ
1131 1816 1407 1889 Παρθένου
1462 1817 1689 1886 Μαρίας1

1806 1821 1971 1876 lutem
2004 1822 2345 1886 incarnatus,
2377 1824 2470 1893 qui
2495 1825 2679 1879 carnis
2702 1840 2896 1894 expers
2917 1835 3055 1895 erat,
3071 1844 3137 1883 ex
3157 1826 3381 1902 Virgine

114 1903 441 1976 ἐσταυρώθη
480 1908 538 1958 ὲν
566 1904 749 1977 ἐκείνῃ
770 1909 836 1976 τῇ
869 1906 1053 1978 σαρκὶ,
1081 1906 1297 1977 ἀπαθὴς
1336 1904 1411 1959 ὢν
1442 1906 1604 1969 αὐτὸς
1630 1908 1696 1977 τῇ

114 1997 370 2068 θεότητιο
404 1996 498 2053 νῦν
542 1997 600 2051 δὲ
630 1997 793 2051 πάλιν
838 2002 896 2052 ὲν
944 2002 1009 2070 τῇ
1042 1999 1210 2052 εἰκόνι
1240 1997 1608 2070 ὲσταυρώθης,
1654 1994 1699 2053 ὦ

111 2089 390 2153 Δέσποτα,
425 2091 507 2152 εἰς
547 2088 769 2158 ἔλεγχον
814 2089 912 2159 μὲν
957 2088 1067 2141 τῶν
1104 2088 1318 2143 ἀσεϐῶν
1354 2089 1450 2143 καὶ
1482 2090 1698 2143 πάντων

109 2182 218 2235 τῶν
250 2181 522 2244 ἀπίστων,
545 2182 626 2245 εἰς
652 2183 953 2253 στηριγμὸν
983 2181 1041 2235 δὲ
1062 2182 1172 2236 τῶν
1200 2185 1256 2235 ὲν
1282 2181 1510 2254 ἀληθείᾳ
1536 2184 1614 2246 εἰς
1638 2183 1698 2236 σὲ

110 2269 579 2322 πεπιστευκότων.
622 2268 782 2323 Ἀλλά
832 2269 958 2335 δόξα
996 2288 1098 2334 σοι,
1125 2271 1393 2337 Δέσποτα,
1426 2272 1505 2342 τῷ
1553 2273 1698 2343 μόνῳ

109 2360 179 2413 τά
212 2362 398 2415 πάντα
428 2360 728 2432 δυναμένῳ,
775 2360 893 2432 ἃμα
936 2361 1017 2432 τῷ
1067 2363 1342 2435 εὐλογητῷ
1388 2363 1507 2435 Θεῷ
1540 2365 1697 2436 ἡμῶν

110 2454 209 2505 σὺν
236 2451 321 2522 τῷ
360 2453 727 2523 παναχράντῳ
766 2454 963 2525 Πατρὶ,
995 2453 1090 2507 καὶ
1122 2453 1200 2524 τῷ
1240 2454 1353 2526 Υίῷ
1391 2455 1556 2509 αὑτοῦ
1593 2456 1696 2528 Ἰη-

110 2544 205 2595 σοῦ
243 2542 493 2613 Χριστῷ,
522 2545 617 2597 καὶ
646 2542 724 2614 τῷ
760 2543 949 2613 ἀγαθῷ
981 2545 1074 2597 καὶ
1112 2542 1359 2615 ζωοποιῷ
1396 2546 1693 2617 Πνεῦματι,

108 2634 204 2687 νῦν
249 2636 348 2688 καὶ
379 2635 470 2689 ἀεὶ
492 2636 588 2688 καὶ
615 2635 691 2699 εἰς
714 2636 840 2699 τοὺς
864 2635 1064 2699 αἰῶνας
1089 2634 1200 2691 τῶν
1230 2636 1459 2695 αἰώνων.
1501 2638 1692 2709 Ἀμήν.

179 2809 236 2865 6.
282 2810 579 2864 Ἀκούσατε
599 2812 778 2882 ὑμεῖς,
801 2811 1039 2881 ἀδελφοὶ,
1074 2810 1213 2882 μετά
1246 2810 1411 2881 φόϐου
1438 2812 1573 2866 Θεοῦ
1602 2813 1694 2887 καὶ

107 2905 288 2975 χαρᾶς
309 2904 404 2957 καὶ
427 2903 499 2958 τά
518 2903 681 2958 λοιπὰ
708 2904 852 2976 ἀπερ
871 2904 1195 2976 ᾠκονομήθη
1227 2905 1332 2959 ὑπὸ
1351 2904 1445 2958 τοῦ
1462 2907 1689 2977 Κυρίου.

105 2995 265 3049 Μετά
307 2994 420 3066 γάρ
447 2994 510 3049 τὸ
553 2995 883 3067 κρουσθῆναι
906 2998 973 3067 τῇ
1004 2994 1175 3069 λόγχῃ
1196 2995 1293 3068 τὴν
1315 2996 1556 3068 πλευρὰν
1594 2997 1693 3069 τῆς

1802 1910 1990 1976 Maria,
2021 1913 2076 1966 iu
2114 1912 2306 1967 eadem
2332 1927 2497 1967 carne
2527 1912 2821 1968 crucifixus
2851 1913 2974 1978 fuit,
3005 1930 3129 1970 cum
3180 1934 3380 1974 secun—

1799 2002 1927 2055 dum
1954 2000 2211 2057 deitatem
2236 2002 2591 2071 impassibilis
2618 2013 2763 2059 esset
2792 2024 2804 2058 :
2831 2020 2979 2060 nunc
3000 2022 3131 2062 vero
3157 2023 3378 2065 rursum

1799 2089 1855 2144 in
1896 2092 2133 2162 imagine
2178 2092 2475 2147 cruciﬁxus
2503 2108 2585 2158 es,
2621 2107 2654 2146 o
2685 2093 2909 2148 Domine
2929 2135 2944 2160 ,
2976 2094 3044 2149 ad
3071 2097 3376 2152 convictio-

1798 2198 1921 2238 nem
1954 2184 2245 2253 impiorum
2270 2184 2626 2255 omniumque
2653 2186 2971 2253 inﬁdelium,
3007 2196 3062 2244 et
3085 2189 3151 2243 ad
3185 2189 3383 2243 conﬁr-

1797 2275 2095 2330 mationem
2118 2275 2310 2332 eorum
2340 2277 2431 2347 qui
2469 2277 2523 2331 in
2559 2277 2786 2333 veritate
2814 2278 2869 2333 iu
2902 2286 2956 2334 te
2983 2280 3233 2336 credunt.
3269 2280 3377 2337 Sed

1798 2368 1970 2437 gloria
2001 2368 2118 2433 tibi,
2144 2367 2392 2436 Domine,
2420 2370 2514 2440 qui
2541 2371 2693 2426 solus
2720 2372 2902 2427 omnia
2929 2379 3104 2442 potes,
3135 2380 3191 2428 et
3211 2374 3383 2430 bene-

1796 2460 1944 2515 dicto
1978 2459 2088 2515 Deo
2127 2471 2339 2528 nostro,
2392 2478 2501 2517 una
2544 2478 2669 2521 cum
2717 2463 3067 2519 immaculato
3097 2464 3281 2529 Patre.
3320 2476 3384 2523 et

1796 2546 1935 2603 Filio
1966 2549 2087 2618 ejus
2131 2549 2262 2606 Jesu
2292 2550 2530 2616 Christo,
2583 2567 2649 2607 ac
2693 2552 2836 2607 bono
2872 2553 3195 2625 viviﬁcoque
3238 2555 3377 2626 Spi-

1795 2642 1928 2707 ritu,
1968 2657 2117 2697 nunc
2171 2652 2228 2699 et
2279 2659 2496 2717 semper
2547 2653 2601 2702 et
2646 2646 2704 2701 in
2761 2647 2963 2703 saecula
3018 2651 3371 2705 saeculorum.

1795 2729 1992 2785 Amen.

1864 2818 1919 2876 6.
1949 2817 2170 2887 Audite,
2199 2834 2299 2877 vos
2329 2819 2550 2887 fratres,
2579 2838 2704 2878 cum
2733 2824 2931 2879 timore
2952 2822 3049 2881 Dei
3076 2832 3129 2880 et
3149 2825 3371 2896 gaudio,

1793 2919 1988 2968 caetera
2010 2929 2131 2983 qum
2153 2928 2183 2967 a
2212 2912 2442 2969 Domino
2462 2914 2777 2985 dispensata
2801 2922 2947 2972 sunt.
2972 2916 3106 2972 Cum
3123 2906 3372 2972 enimIa-

1793 3011 1883 3060 tus
1898 3004 2057 3076 291
2077 3012 2283 3060 sanctae
2299 3020 2363 3059 ac
2379 3006 2702 3061 veneranda:
2716 3006 2972 3076 imaginis
2989 3007 3175 3062 lancea
3192 3008 3373 3077 perio—

105 3086 265 3155 ἀγίας
295 3086 393 3140 καὶ
424 3088 609 3158 τιμίας
660 3088 887 3151 εἰκόνος,
920 3088 1012 3142 καὶ
1035 3087 1332 3142 ἀναϐλύσαι
1350 3088 1409 3143 τὸ
1430 3084 1569 3161 αἷμα
1598 3090 1689 3143 καὶ

1796 3103 1950 3151 ratus
1968 3103 2134 3160 esset,
2155 3105 2548 3167 emanaretque
2566 3112 2707 3167 aqua
2729 3104 2783 3152 et
2803 3099 3046 3168 sanguis,
3065 3106 3256 3152 coacta
3285 3107 3373 3153 cst

103 3185 167 3236 τὸ
198 3183 370 3254 ὕδωρ,
407 3183 646 3255 συνήχθη
674 3185 783 3236 πᾶν
816 3184 877 3237 τὺ
909 3182 1111 3255 πλῆθος
1142 3181 1250 3238 τῶν
1284 3183 1572 3249 Ἰουδαίων,
1602 3183 1692 3237 λέ-

105 3292 300 3343 γοντες
342 3276 484 3347 πρὸς
528 3275 827 3347 ἀλλήλους’
870 3274 1088 3347 Ἐπειδὴ
1117 3275 1402 3347 θρυλοῦσιν
1442 3278 1491 3330 οἰ
1537 3275 1692 3329 σεϐό-

108 3385 261 3437 μενοι
290 3367 476 3432 αὐτὸν,
506 3368 588 3422 ὅτι
609 3368 780 3433 ἰάσεις
805 3369 1005 3434 πολλάς
1034 3370 1197 3432 ποιεῖ,
1231 3367 1482 3439 λάϐωμεν
1502 3367 1691 3422 τούτου

101 3461 162 3513 τὸ
188 3455 335 3531 αἷμα
384 3460 480 3513 καὶ
521 3461 583 3513 τὸ
626 3459 790 3532 ὕδωρ,
842 3462 936 3515 καὶ
967 3461 1262 3534 ἀγάγωμεν
1301 3461 1433 3515 αὐτὸ
1475 3463 1555 3525 είς
1594 3462 1691 3534 τὴν

104 3553 435 3625 συναγωγὴν
454 3592 468 3616 ,
520 3553 616 3606 καὶ
681 3553 997 3625 συνάξωμεν
1056 3556 1266 3619 πάντας
1326 3556 1453 3620 τοὺς
1506 3555 1692 3619 κακῶς

102 3648 331 3718 ἔχοντας
367 3647 461 3700 τοῦ
491 3645 644 3712 λαοῦ,
695 3647 790 3700 καὶ
840 3647 1118 3719 χρίσωμεν
1143 3648 1339 3712 αὐτοὺς
1381 3649 1476 3703 ἀπ’
1501 3647 1686 3714 αὑτοῦ,

100 3743 196 3794 καὶ
246 3741 450 3811 ῐδωμεν
487 3742 537 3794 εί
569 3740 745 3812 ἀληθῆ
776 3743 881 3794 εἰσι
915 3741 984 3795 τὰ
1035 3742 1324 3812 λεγόμενα.
1357 3743 1469 3797 Καὶ
1517 3760 1687 3817 προσ-

100 3832 432 3900 ενέγκαντες
475 3833 544 3902 τῇ
589 3831 799 3903 πλευρᾷ
824 3831 919 3885 τοῦ
966 3832 1447 3904 Κυρίου-βῆσσαν,
1479 3835 1685 3905 ἐμπαί-

101 3924 290 3986 ζοντες
321 3921 568 3993 ἔπλησαν
600 3920 698 3992 τὴν
725 3921 954 3993 βῆσσαν,
984 3921 1113 3976 ἔνθα
1136 3920 1268 3987 ἐξίει
1296 3922 1357 3976 τὸ
1386 3923 1527 3998 ὕδωρ
1546 3940 1561 3954 ·
1592 3926 1691 3980 καὶ.

102 4011 341 4081 συνῆξαν
372 4013 581 4078 πάντας
621 4013 747 4077 τοὺς
799 4011 981 4076 κακῶς
1026 4011 1266 4084 ἔχοντας,
1313 4014 1420 4087 πρὸ
1467 4016 1685 4070 πάντων

100 4105 416 4177 παράλυτον
436 4120 449 4134 ·
479 4104 539 4158 δν
563 4104 761 4175 ᾔδεσαν
801 4104 929 4158 ὄντα
967 4106 1034 4159 ὲκ
1064 4105 1312 4175 γενετῆς.
1338 4107 1684 4180 Πῳσφέρον-

99 4216 188 4262 τες
214 4199 275 4252 δὲ
306 4200 401 4251 τὸν
427 4198 733 4269 παράλυτον
757 4197 978 4269 ἔχρισαν
1008 4198 1169 4252 αὐτόν
1189 4214 1203 4228 ·
1223 4198 1317 4251 καὶ
1338 4197 1540 4261 εὐθέως
1557 4216 1681 4252 συν-

98 4290 372 4361 εσφίγχθη
439 4290 534 4344 καὶ
595 4290 811 4358 ἐγένετο
858 4290 1018 4361 ὑγιὴς
1060 4291 1090 4344 ὁ
1134 4288 1442 4360 ἄνθρωπος.
1493 4290 1682 4363 Παρα-

97 4382 294 4452 χρῆμα
331 4381 392 4434 δὲ
437 4380 647 4453 μεγάλη
695 4380 907 4452 ταραχὴ
938 4380 1154 4450 ἐγένετο
1198 4381 1339 4435 κατά
1371 4382 1549 4435 πᾶσαν
1580 4382 1680 4453 τὴν

1797 3194 1910 3241 tota
1925 3184 2236 3241 Iudaeorum
2258 3187 2438 3251 turba,
2456 3187 2820 3259 dicebantque
2846 3197 3037 3242 mutuo
3062 3207 3077 3243 :
3111 3187 3370 3254 Quando-

1797 3277 2017 3348 quidem
2039 3278 2195 3332 aiunt
2212 3278 2334 3347 ejus
2361 3279 2625 3343 cultores,
2645 3295 2769 3334 eum
2789 3270 2989 3334 multas
3005 3295 3199 3335 curare
3216 3281 3371 3334 inﬁr~

1794 3370 2032 3437 mitates,
2060 3385 2348 3427 sumamus
2371 3373 2692 3444 sanguinem
2720 3372 2842 3442 ejus
2874 3383 2928 3427 et
2951 3387 3146 3443 aquam
3168 3411 3184 3436 ,
3218 3373 3367 3439 dere,-

1792 3477 2087 3533 ramusque
2130 3464 2186 3518 in
2230 3479 2594 3536 synagogam,
2635 3479 2700 3518 ac
2744 3480 3140 3537 congregemus
3175 3480 3370 3520 omnes

1791 3553 1887 3621 qui
1921 3553 2171 3608 laborant
2195 3555 2556 3625 aegritudine;
2601 3570 2867 3624 ungauius
2910 3569 3005 3609 eos
3036 3555 3161 3620 illo,
3190 3562 3245 3610 et
3285 3555 3366 3609 vi-

1789 3644 2018 3701 deamus
2046 3662 2175 3700 num
2207 3662 2336 3701 vera
2361 3646 2472 3702 sint
2499 3662 2620 3716 quae
2651 3648 2812 3717 vulgo
2839 3648 3117 3702 dicuntur.
3163 3649 3362 3701 Admo-

1789 3742 1951 3805 taque
1974 3735 2127 3791 lateri
2153 3735 2663 3808 Dominiampbora
2684 3778 2700 3802 ,
2736 3738 3012 3793 illudendo
3043 3739 3363 3809 amphoram

1788 3823 2083 3894 implevere
2117 3827 2209 3880 illa
2245 3842 2367 3897 qua;
2405 3828 2658 3883 manebat
2685 3844 2825 3898 aqua
2854 3848 2867 3882 :
2909 3830 3366 3902 congregatisque

1787 3916 2042 3971 omnibus
2081 3918 2176 3986 qui
2211 3919 2352 3974 male
2381 3917 2645 3974 haberent
2668 3960 2683 3985 ,
2712 3921 2946 3990 primum
2972 3923 3232 3976 omnium
3267 3937 3365 3992 pa-

1784 4006 2072 4079 ralyticum
2093 4048 2109 4075 ,
2140 4025 2301 4080 quem
2326 4025 2356 4063 a
2386 4012 2666 4065 uativitate
2691 4013 3046 4083 paralyticum
3072 4029 3195 4070 esse
3221 4015 3361 4070 scie-

1784 4099 1937 4163 bant,
1970 4101 2265 4155 adductum
2296 4109 2571 4156 unxerunt
2603 4121 2616 4156 :
2650 4103 2742 4172 qui
2776 4103 2958 4157 statim
2984 4104 3363 4160 consolidatus

1783 4189 2196 4262 fuit,sanusque
2211 4192 2483 4249 factusest
2515 4194 2699 4249 homo.
2733 4194 3032 4251 Confestim
3057 4204 3238 4250 autem
3266 4197 3356 4251 iu-

1781 4297 1915 4353 gens
1943 4282 2209 4337 tumultus
2239 4298 2335 4350 per
2367 4291 2535 4338 totam
2573 4284 2761 4338 urbem
2789 4293 3011 4341 exortus
3036 4293 3118 4341 est
3137 4326 3153 4348 .
3180 4289 3361 4341 omni-

1781 4374 1887 4429 bus
1930 4389 2054 4429 eum
2098 4375 2154 4429 iu
2198 4375 2377 4429 locum
2413 4375 2876 4445 ingredientibus,
2911 4377 2986 4431 ob
3009 4378 3210 4433 multas
3236 4378 3363 4433 illas

97 4474 278 4539 πόλιν,
310 4472 530 4527 πάντων
574 4473 904 4545 ἐρχομένων,
948 4471 1036 4526 διά
1078 4473 1177 4538 τάς
1207 4473 1464 4546 ἀπείρους
1511 4476 1681 4539 ἰάσεις

1794 4462 2098 4515 morborum
2123 4463 2437 4517 curationes
2460 4472 2514 4517 ct
2544 4465 2826 4521 miracula.
2859 4464 3170 4521 Judmorum
3195 4482 3364 4536 porro

95 4567 191 4620 καὶ
220 4565 692 4637 θαυματουργίας.
738 4565 993 4637 Ἐκινήθη
1029 4566 1086 4619 δὲ
1120 4567 1230 4619 πᾶν
1257 4566 1319 4619 τὺ
1349 4565 1550 4637 πλῆθος
1574 4567 1681 4622 τῶν

108 4659 409 4723 Ἰουδαίων,
435 4660 531 4711 καὶ
562 4659 898 4731 προσέφερον
929 4659 1055 4722 τοὺς
1078 4658 1321 4722 ἀσθενεῖς
1350 4656 1550 4722 αὐτῶν,
1577 4675 1682 4712 πα-

99 4749 389 4821 ραλύτους,
416 4749 663 4814 κυλλοὺς,
684 4749 902 4819 ξηροὺς,
931 4748 1158 4819 χωλοὺς,
1188 4748 1283 4803 καί
1309 4748 1564 4818 τυφλοὺς,
1587 4749 1681 4802 καὶ

92 4840 512 4914 δαιμονῶντας,
543 4841 639 4896 καὶ
669 4840 893 4913 ἑτέρους
921 4840 1143 4911 ἔχοντας
1169 4838 1427 4903 παντοίας
1457 4840 1643 4902 νόσους
1661 4855 1678 4869 ·

94 4936 190 4989 καὶ
210 4935 440 4999 πάντες,
465 4933 743 5004 χριόμενοι
772 4933 838 4985 ὲκ
856 4930 950 4985 τοῦ
979 4929 1134 5000 ἁγίου
1159 4929 1388 5000 αἵματος
1431 4929 1526 4982 καὶ
1555 4928 1680 4982 ὓδα-

91 5045 185 5091 τος
228 5026 335 5096 τῆς
369 5024 612 5095 πλευρᾶς
652 5023 755 5094 τῆς
776 5022 964 5094 τιμίας
989 5022 1196 5087 εἰκόνος
1226 5021 1319 5075 τοῦ
1353 5023 1580 5094 Κυρίου,
1610 5023 1678 5076 τά

95 5120 331 5191 σώματα
358 5116 539 5172 αὐτῶν
563 5117 692 5188 ὁγιῆ
724 5115 995 5184 ἐγένοντο.
1021 5114 1229 5177 Πάντες
1248 5113 1305 5167 δὲ
1330 5114 1380 5166 οἱ
1406 5114 1678 5184 ἀρχιερεῖς

96 5213 191 5266 καὶ
216 5212 269 5264 οἱ
299 5208 663 5280 πρεσϐύτεροι
681 5208 778 5261 καὶ⁵
802 5208 831 5258 ὁ
855 5204 980 5268 λαὸς
1002 5202 1112 5258 τῶν
1144 5203 1415 5258 Ἰουδαίων
1431 5202 1677 5256 ἐπίστευ-

96 5320 195 5357 σαν
222 5304 309 5364 εἰς
338 5301 432 5354 τὸν
464 5300 670 5367 Κύριον
711 5296 869 5368 ἡμῶν
908 5294 1118 5367 Ἰησοῦν
1144 5293 1399 5366 Χριστὸν,
1430 5293 1521 5345 τὸν
1547 5292 1676 5363 άλη-

94 5398 239 5451 θινδν
268 5395 408 5449 Θεὸν
432 5393 611 5465 ἡμῶν,
639 5390 935 5465 κράζοντες
973 5389 1067 5443 καὶ
1109 5386 1358 5455 λέγοντες
1382 5403 1393 5415 ’
1427 5385 1618 5453 Μέγας
1646 5386 1676 5438 ὁ

92 5489 222 5553 Θεὸς
239 5487 352 5540 τῶν
374 5483 718 5557 Χριστιανῶν
741 5499 755 5512 ·
772 5480 992 5551 ,μεγάλη
1018 5482 1051 5551 ἡ
1083 5479 1263 5541 πίστις
1293 5476 1401 5531 τῶν
1420 5478 1676 5547 Χριστια-

99 5578 216 5633 νῶν.
252 5576 399 5643 Δόξα
437 5591 542 5639 σοι,
579 5573 802 5644 Χριστὲ,
838 5570 897 5624 ὃν
928 5572 979 5623 οἱ
1012 5569 1246 5640 πατέρες
1273 5566 1431 5639 ἡμῶν
1478 5565 1673 5617 ἐσταύ-

95 5688 298 5744 ρωσαν,
326 5672 357 5723 ό
404 5668 501 5723 καὶ
552 5666 619 5719 δι’
646 5665 804 5736 ἡμῶν
838 5661 1169 5734 σταυρωθεὶς
1213 5662 1271 5713 ὲν
1322 5661 1388 5729 τῇ
1422 5657 1673 5728 ἀχράντῳ

92 5765 183 5816 καὶ
214 5761 379 5833 τιμία
414 5759 582 5813 εἰκόνι
613 5773 729 5811 σου.
764 5754 901 5821 Δόξα
931 5770 1036 5819 σοι,
1092 5749 1267 5823 Ἰησοῦ
1306 5748 1529 5821 Χριστὲ,
1574 5746 1671 5800 Υίὲ

1784 4551 2043 4623 frequens
2083 4554 2320 4623 populus
2352 4562 2691 4619 commotus,
2725 4555 3067 4612 adducebant
3113 4558 3358 4615 inﬁrmos

1784 4659 1937 4708 suos,
1962 4644 2313 4714 paralyticos,
2342 4658 2589 4709 mancos,
2626 4647 2834 4711 aridos,
2869 4649 3127 4715 claudos,
3156 4664 3359 4717 caecos,

1781 4734 2183 4795 daemoniacos.
2226 4733 2476 4802 aliosque
2520 4734 2686 4789 variis
2729 4735 3150 4805 mgritudinibus
3200 4736 3355 4791 labo-

1780 4832 2001 4890 rantes;
2044 4823 2138 4892 qui
2178 4837 2369 4878 omues
2400 4822 2609 4876 inuncti
2644 4837 2802 4878 sacro
2836 4826 3103 4895 sanguine
3132 4834 3186 4881 et
3213 4842 3356 4897 aqua

1779 4916 1968 4971 lateris
2015 4915 2338 4970 venerandae
2393 4914 2647 4984 imaginis
2693 4914 2907 4971 Domini
2953 4917 3072 4971 sani
3122 4932 3355 4987 corpore

1778 5015 2093 5065 evaserunt.
2138 5009 2343 5063 Omnes
2376 5023 2543 5077 porro
2585 5009 2863 5077 principes
2902 5008 3248 5063 sacerdotum
3295 5018 3351 5061 et

1779 5102 2023 5158 seniores
2048 5100 2391 5170 populusque
2421 5096 2734 5152 Judazorum
2774 5098 3128 5153 crediderunt
3156 5099 3212 5152 in
3240 5097 3349 5151 Do-

1776 5191 1983 5247 minum
2014 5188 2466 5246 nostrumJesum
2484 5189 2793 5254 Christum,
2825 5205 3013 5244 verum
3046 5188 3213 5245 Deum
3246 5204 3348 5244 no-

1777 5290 1951 5339 strum
1972 5321 1989 5347 ,
2016 5282 2318 5336 clamantes
2345 5290 2399 5334 et
2429 5281 2675 5335 dicentes
2704 5300 2717 5335 :
2760 5279 2988 5350 Magnus
3016 5280 3159 5336 Deus
3186 5279 3345 5334 Chri-

1776 5377 2079 5430 stianorum
2138 5392 2152 5427 :
2208 5387 2405 5442 magna
2454 5372 2588 5427 ﬁdes
2642 5371 3103 5426 Christianorum.
3161 5371 3345 5426 Glora

1778 5465 1896 5528 tibi,
1927 5463 2163 5526 Christe,
2199 5476 2361 5531 quem
2394 5469 2575 5528 patres
2607 5461 2781 5515 nostri
2808 5461 3220 5525 cruciﬁxerunt,
3246 5462 3341 5530 qui

1775 5572 1805 5610 a
1846 5555 2006 5610 nobis
2042 5569 2260 5624 quoque
2289 5552 2583 5607 cruciﬁxus
2611 5566 2671 5607 es
2701 5551 2757 5605 in
2788 5551 3132 5607 immaculata
3164 5563 3218 5608 et
3248 5568 3339 5607 ve-

1774 5647 2017 5704 neranda
2044 5647 2281 5716 imagine
2309 5653 2420 5699 tua.
2450 5642 2635 5698 Gloria
2664 5644 2760 5698 tibi
2782 5684 2797 5708 ,
2827 5642 2958 5699 Jesu
2989 5645 3205 5700 Christe
3235 5643 3343 5699 Fili

1775 5740 1893 5807 Dei,
1923 5739 2016 5811 qui
2044 5752 2238 5811 magna
2270 5737 2406 5792 facis
2440 5736 2731 5794 mirabilia.
2770 5733 2830 5792 In
2858 5744 2912 5793 te
2942 5737 3249 5802 credimus,
3283 5751 3343 5797 et
