3868 6206
447 312 552 368 803

1548 286 1609 343 δ.
1649 271 2118 339 ATHANASIUS.
2156 301 2227 312 —
2267 265 2492 323 DUBIA.

3605 245 3720 303 80$

441 429 498 482 in
526 424 742 479 Patrem
765 460 781 484 ,
804 416 1004 473 Filium
1024 454 1037 479 ,
1072 419 1127 469 et
1160 408 1428 482 Spiritum
1458 411 1710 460 sanctum
1735 439 1750 463 ,
1782 377 2024 452 Trinita—
2054 396 2071 450 Α

2176 385 2220 438 ›ῦ
2247 382 2408 444 Θεοῦ.
2429 383 2458 435 ό
2484 377 2653 432 ποιῶν
2684 373 2895 448 μεγάλα
2921 368 3220 442 θαυμάσια.
3247 365 3339 420 Σοὶ
3364 363 3724 434 πιστεύομεν,

2238 476 2285 484 ·-
2368 473 2380 484 ·
2512 471 2595 484 Mn
2741 468 2755 484 ε
2798 467 2926 484 νείκη-ν
2998 461 3220 484 τευ-2....
3275 457 3480 484 unum-
3524 452 3724 484 1...“.1,

443 452 498 482 ul
526 452 742 479 rauca:
765 460 781 484 ,
807 452 1004 473 ι-ιιιιιιμ
1024 454 1037 479 ,
1072 452 1127 469 ν.
1162 452 1428 482 vinum.--
1459 452 1707 460 __---__._-
1738 452 1749 463 ,

443 528 553 572 tem
595 506 1127 570 consubstantialem
1173 511 1228 557 et
1281 495 1693 553 indirisibilem.
1745 486 2026 557 Propitius

2176 495 2209 540 ης
2238 473 2478 543 Πατέρα,
2512 471 2640 523 Υίὸν
2670 468 2766 521 καὶ
2796 467 2949 533 ἆγιον
2998 461 3245 532 Πνεῦμα,
3275 457 3485 528 Τριάδα
3523 452 3727 525 όμοού-

2351 569 2359 572 -
2438 567 2450 572 -
2519 562 2530 572 -
2787 556 2858 572 -η
3198 548 3353 572 ----.-.~.
3427 546 3518 572 --.Α
3571 544 3722 572 με...

445 544 553 572 ιυιιι
595 544 1127 570 υυιηιυυοιαιηιαινιι.
1175 544 1228 557 ν.
1281 544 1663 553 ...η--..ν----ην
1858 544 1871 557 _

444 613 568 662 esto
603 601 795 663 nobis,
835 610 1048 665 nosque
1086 591 1306 660 recipe;
1348 587 1493 642 sicut
1527 584 1584 638 in
1630 586 1822 635 sancta
1862 589 2029 630 cruce

2176 587 2246 623 ιον
2278 569 2374 622 καὶ
2426 562 2750 636 ἀχώριστον.
2787 556 2978 619 Ἰλεως
3025 554 3157 625 ἡμῖν
3197 548 3379 620 γενοῦ,
3427 546 3525 600 καὶ
3569 544 3727 609 δέξαι

444 641 568 662 es...
603 641 795 663 .........,
835 641 1047 665 ..ητα
1089 641 1260 660 ---τι
1293 641 1306 655 ,
1359 641 1367 642 ,

444 707 544 753 tua
571 694 787 766 positus
822 688 1073 759 recepisti
1100 685 1368 738 latronem
1393 678 1459 733 ad
1491 671 1892 747 paenitentiam.
1918 665 2030 723 Nos

2176 664 2301 734 μᾶς,
2327 660 2403 722 ὡς
2441 656 2605 720 ἐδέξω
2626 650 2721 707 τοῦ
2758 647 2958 724 λῃστοῦ
2991 646 3087 699 ἐπὶ
3110 642 3203 697 τοῦ
3238 641 3393 710 ἁγίου
3432 656 3527 692 σου
3560 654 3728 691 σταυ-

2206 755 2229 764 ·’
2323 753 2334 766 ι
2562 748 2573 766 ρ
2623 762 2731 766 πμ-.
2821 735 3346 766 τε..-..,....-.-ιιίὶ....ηηυ
3404 732 3553 766 inin
3597 730 3728 766 enim

447 799 753 843 annumera
781 782 912 835 licet
942 779 1280 847 indignos-ct
1310 771 1409 825 tibi
1437 770 1707 824 hactenus
1736 759 1992 815 inimicos
2013 795 2028 819 ,

2136 755 2232 827 ροῦ
2286 753 2384 824 τὴν
2444 748 2754 820 μετάνοιαν.

2821 735 3346 810 Συγκαταρίθμησον
3404 732 3553 803 ἡμᾶς
3597 730 3733 790 τοὺς

448 820 753 843 ειιιιιυιιιυιιι
785 820 912 835 ιινυυ
943 820 1197 847 ---‘--°-.v-
1230 820 1279 828 ν-
1313 820 1409 825 ---,.
1440 820 1533 824 ..ικ-

448 878 520 934 iis
564 876 659 948 qui
693 880 817 945 post
851 869 1193 925 undecimam
1238 863 1430 916 horam
1472 860 1780 920 venerunt;
1811 851 1880 905 iis
1903 888 1919 913 ,
1947 848 2033 902 in-

2176 820 2387 912 ναξίους
2416 844 2542 905 τοὺς
2570 834 2967 911 προσελθόντας
3001 847 3084 883 σοι
3112 831 3226 890 τοῖς
3263 825 3400 897 μετὰ
3439 824 3542 893 τὴν
3575 820 3730 875 ἐνδε-

2188 942 2198 948 ·
2339 937 2362 948 ·
2599 934 2611 948 ι
2660 933 2672 948 α
2740 930 2797 948 'L
2831 921 3337 948 μημμ-..-ωη---.ι
3365 917 3455 948 ...Α
3489 913 3730 948 min-unm

449 984 652 1041 quam,
685 980 786 1020 nos
819 972 1119 1017 annumera
1145 963 1200 1011 et
1223 952 1472 1007 illumina
1506 947 1698 1003 oculos
1728 942 1913 998 cordis
1938 955 2037 994 no-

452 1034 577 1126 stri,
611 1060 969 1118 obscuratos,
1000 1063 1139 1119 quos
1167 1046 1379 1102 scilicet
1407 1039 1650 1096 tenebris
1686 1034 1880 1090 oll‘udit
1917 1046 2035 1086 ma-

451 1156 637 1225 lignus
656 1147 906 1205 diabolus
926 1162 941 1211 ;
965 1149 1026 1197 ut
1048 1138 1339 1195 illuniinati
1359 1150 1456 1205 per
1472 1135 1723 1189 sanctum
1738 1126 2034 1195 baptisma,

2136 942 2309 1010 κὰτην
2329 937 2500 1006 ὥραν,
2528 934 2623 987 καὶ
2650 930 2799 1001 ἡμᾶς
2823 921 3337 996 συγκαταρίθμησον
3365 917 3460 970 καὶ
3489 913 3733 984 φώτισον

2136 1002 2275 1093 τοὺς.
2293 1002 2603 1096 ὀφθαλμοὺς
2634 1020 2735 1090 τῆς
2763 1016 2990 1088 καρδίας
3021 1010 3198 1084 ἡμῶν,
3243 1008 3370 1069 τοὺς
3403 1002 3734 1072 ἐσκοτισμέ-

2139 1137 2286 1183 νους,
2320 1094 2414 1180 οὒς
2534 1110 2770 1182 πονηρὸς
2821 1106 3071 1159 ἐσκότισε
3109 1098 3353 1161 διάϐολος
3378 1114 3390 1126 ·
3449 1094 3560 1156 ἵνα,
3614 1110 3733 1158 φω-

454 1186 637 1225 ιιδιιυθ
656 1186 906 1205 υιαυνιυυ
927 1187 941 1211 ,
969 1186 1026 1197 ι.-
1050 1186 1339 1195 ...νη----νη
1363 1186 1442 1205 rw
1476 1186 1491 1189 ἡ
1811 1186 1824 1195 Ι

454 1244 669 1302 οωιεειί
711 1249 807 1296 tuo
853 1232 1119 1293 exercitui
1160 1228 1386 1298 adiungi
1431 1235 1764 1279 mereamur.
1809 1215 1936 1269 Haec
1958 1213 2037 1266 illi

2176 1210 2411 1273 ισθέντες
2444 1206 2534 1260 διὰ
2570 1202 2665 1258 τοῦ
2710 1201 2867 1271 ἁγίου
2899 1215 2991 1251 σου
3028 1191 3423 1267 βαπτίσματος,
3453 1186 3730 1252 καταξιω-

2413 1300 2420 1302 “
2480 1301 2486 1302 '
2576 1300 2595 1302 “
2689 1297 2715 1302 ’-
2769 1297 2780 1302 -
3012 1288 3024 1302 '
3202 1301 3205 1302 ν
3248 1281 3495 1302 κ--μ--Ξ-
3544 1274 3730 1302 ηιξ--

455 1274 669 1302 υωιςοιι
711 1274 807 1296 ιιιυ
853 1274 1119 1293 ωιτν-νη...
1160 1274 1386 1298 ..νδ--.ιν
1431 1274 1597 1279 --κν-,κ

455 1354 582 1395 cum
628 1336 867 1390 clamore
909 1325 1297 1400 proferebant,
1345 1319 1561 1387 altaque
1597 1326 1733 1368 voce
1771 1307 2038 1379 praedica-

2177 1303 2324 1373 ὦμεν
2340 1300 2436 1354 καὶ
2466 1300 2628 1369 ἡμεῖς
2654 1297 2752 1367 τῆς
2766 1288 3090 1363 ἐπουρανίου
3118 1301 3212 1339 σου
3237 1281 3515 1354 στρατιᾶς.
3544 1274 3739 1330 Ταῦτα.

2176 1396 2186 1400 -
2229 1393 2249 1400 λ·
2372 1393 2397 1400 -
2488 1390 2504 1400 ι
2533 1390 2545 1400 -
2859 1385 2872 1400 ι
3023 1381 3292 1400 4----.-“
3337 1368 3739 1400 ..-....\......2...._..

457 1437 591 1488 bant
632 1425 907 1482 mirabilia
951 1419 1068 1475 Dei.
1108 1412 1358 1470 Pervasit
1404 1417 1588 1464 autem
1627 1404 1819 1461 orbem
1865 1408 2041 1455 totum

457 1521 691 1591 hujusce
720 1516 801 1571 rei
834 1518 977 1566 l'ama
1006 1509 1073 1563 de
1100 1502 1410 1561 veneranda
1439 1512 1636 1567 nempe
1678 1493 1919 1563 imagine
1957 1506 2043 1543 re—

457 1578 551 1685 gis
568 1608 743 1666 nostri
775 1604 906 1659 Jesu
937 1597 1164 1656 Christi.
1200 1593 1404 1651 Omnes
1434 1588 1506 1644 ob
1534 1586 1759 1643 Oriente
1796 1589 1850 1637 et
1880 1578 2043 1634 Occi—

2143 1394 2200 1448 δὲ
2227 1393 2457 1465 ἔκραζον
2488 1390 2759 1459 λέγοντες,
2790 1385 2884 1438 καὶ
2929 1381 3292 1454 κηρύττοντες

3334 1368 3745 1445 μεγαλοφὼνως

2147 1489 2217 1542 τὰ
2250 1461 2531 1557 θαυμάσια
2570 1481 2663 1535 τοῦ
2690 1477 2847 1533 Θεοῦ.
2895 1471 3117 1544 Ἐξῆλθε
3148 1469 3203 1522 δέ
3230 1470 3264 1539 ἡ
3294 1465 3454 1537 φήμη
3490 1461 3631 1532 αῦτη
3661 1462 3745 1521 εἰς

2148 1582 2333 1634 πᾶσαν
2361 1549 2467 1648 τὴν
2517 1572 2843 1645 οἰκουμένην
2881 1566 3011 1638 περί
3040 1563 3142 1633 τῆς
3169 1560 3358 1631 τιμίας
3390 1557 3601 1619 εἰκόνος
3641 1549 3744 1606 τοῦ

461 1645 543 1685 διο
569 1645 743 1666 μω...
775 1645 906 1659 ..ων
941 1645 1164 1656 ν.--.----
1211 1645 1281 1651 π
1307 1645 1397 1647 -η

461 1707 625 1759 dente
653 1696 957 1754 oﬂ‘erebant
987 1688 1237 1744 inﬁrmos
1265 1697 1396 1740 suos
1414 1719 1429 1743 ,
1456 1679 1552 1750 qui
1583 1690 1777 1732 omnes
1805 1671 1897 1727 Dei
1932 1670 2044 1724 cle-

2176 1645 2540 1742 εαμϐασιλέως
2590 1664 2747 1737 ἡμῶν
2809 1657 2988 1732 Ἰησοῦ
3049 1650 3287 1727 Χριστοῦ
3311 1667 3323 1682 ·
3378 1649 3476 1704 καὶ
3535 1645 3748 1709 πάντες

460 1798 666 1854 mentia
696 1791 1057 1857 curabantur.

536 1999 587 2055 7.
627 1996 762 2052 Post
803 1993 920 2047 haec
973 1993 1155 2043 autem
1194 1981 1329 2037 adiit
1365 1985 1482 2033 tota
1528 1973 1691 2029 turba
1734 1968 2050 2024 Iudaeorum

467 2086 862 2146 sacratissima:
911 2077 1173 2137 Ecclesiae
1231 2068 1646 2129 sanctissimum
1696 2064 2050 2133 episcopum,

467 2186 931 2246 accurrentesque
965 2169 1220 2225 dicebant
1250 2184 1264 2220 :
1293 2162 1404 2218 Nos
1448 2160 1813 2213 annumerato
1848 2156 2056 2206 sancta:

467 2272 756 2328 catholicae
788 2244 1188 2335 etiapostolica’.
1218 2253 1479 2310 Ecclesiae
1499 2292 1514 2316 ,
1549 2264 1652 2304 nos
1695 2244 1975 2315 baptizato
2001 2247 2057 2294 et

468 2362 817 2420 Christianos
842 2355 1028 2411 facito.
1056 2349 1150 2404 Sic
1171 2360 1364 2402 omnes
1387 2338 1723 2397 unanimiter
1745 2330 2058 2389 clamabant

472 2475 504 2512 a
546 2455 760 2511 minore
794 2448 862 2504 ad
902 2444 1240 2503 maximum,
1292 2449 1403 2490 una
1456 2446 1581 2487 cum
1632 2424 1959 2483 mulieribus
2003 2426 2058 2474 et

473 2549 683 2623 pueris.
712 2542 1079 2608 dicebantque
1111 2554 1125 2590 :
1161 2531 1316 2587 Unus
1339 2528 1485 2583 Deus
1507 2523 1691 2580 Pater.
1718 2533 1862 2573 unus
1885 2513 2058 2568 Filius

473 2639 828 2713 unigenitus,
866 2646 1014 2687 unus
1051 2625 1319 2682 Dominus
1349 2640 1363 2676 :
1400 2620 1581 2689 ipsum
1622 2613 1796 2667 Deum
1832 2606 2063 2664 conﬁte-

474 2750 621 2800 mur,
668 2727 1177 2802 agnoscimusque:
1226 2717 1382 2770 illum
1426 2711 1634 2767 scimus
1672 2719 1797 2761 esse
1838 2702 2010 2756 Deum
2044 2715 2058 2751 :

475 2842 601 2885 eum
630 2838 733 2880 nos
775 2818 1054 2876 credimus
1102 2808 1427 2869 cruciﬁxum
1474 2804 1577 2860 sub
1610 2800 1810 2855 Pontio
1844 2794 2060 2855 Pilato,

478 2916 854 2977 resurrexisse
876 2912 967 2967 die
992 2907 1185 2972 tertia,
1217 2906 1676 2970 assumptumque
1717 2891 1889 2946 fuisse
1937 2898 2066 2940 cum

487 3012 683 3085 gloria,
715 3009 774 3062 in
800 3007 1098 3072 conspectu
1143 3003 1458 3052 sanctorum
1500 2985 1898 3056 discipulorum
1934 2992 2066 3035 suo-

480 3068 603 3160 rum
626 3143 642 3163 ,
671 3108 726 3155 et
750 3068 958 3153 sedere“
977 3091 1045 3146 ad
1083 3089 1366 3144 dexteram
1411 3081 1510 3136 Dei
1543 3086 1595 3134 et
1640 3075 1843 3131 Patris.
1880 3068 2068 3124 Multis

483 3200 671 3264 itaque
700 3187 958 3243 laudibus
984 3182 1156 3237 Deum
1184 3176 1570 3234 celebrarunt,
1603 3166 1847 3224 exhibita
1877 3169 2071 3218 sancta

487 3285 725 3354 imagine
754 3280 942 3348 eiusce
984 3272 1139 3329 urbis
1173 3266 1627 3338 archiepiscopo,
1665 3259 1756 3315 cui
1785 3272 1850 3313 ea
1881 3269 2075 3311 narra-

486 3383 619 3432 runt
648 3387 771 3445 quae
801 3376 998 3426 contra
1029 3370 1277 3422 sanctam
1318 3357 1614 3428 imaginem
1660 3354 2075 3424 perpetrarant,

487 3476 546 3525 et
569 3462 932 3521 ostenderunt
970 3455 1295 3525 sanguinem
1336 3455 1392 3505 et
1423 3460 1654 3517 aquam,
1686 3444 2074 3511 dixeruntque,

491 3574 600 3630 qua
632 3555 851 3610 ratione
881 3567 912 3605 e
945 3549 1112 3602 latere
1148 3540 1455 3598 Salvatoris
1485 3537 1736 3593 exiisset.
1767 3533 1845 3587 Ad
1880 3532 2077 3586 borum

492 3664 679 3706 tamen
701 3645 948 3702 omnium
975 3637 1450 3697 conﬁrmationem
1472 3671 1487 3697 ,
1534 3628 1749 3698 accepit
1787 3625 2080 3697 episcopus

491 3762 561 3801 ex
598 3740 867 3812 sanguine
908 3744 964 3791 et
1001 3747 1181 3805 aqua,
1221 3729 1537 3796 multosque
1571 3722 1789 3777 oblatos
1832 3717 2082 3774 inﬁrmos

495 3836 654 3892 unxit
688 3843 965 3900 sanosque
1003 3824 1237 3882 dimisit.
1284 3818 1383 3875 His
1419 3812 1725 3871 innumeris
1752 3807 2083 3882 perpetratis

498 3926 806 3989 miraculis,
836 3921 1157 3993 episcopum
1191 3917 1458 3984 rogarunt
1490 3921 1705 3969 omnes,
1733 3913 1792 3958 ut
1818 3902 1923 3958 sibi
1947 3900 2083 3969 bap-

497 4020 701 4075 tismus
729 4012 1099 4073 conferretur,
1138 4020 1204 4061 ac
1232 4005 1424 4058 liceret
1446 3996 1860 4055 communicare
1891 3991 2086 4045 imma-

500 4111 701 4165 culatis
729 4114 783 4161 et
817 4099 1219 4159 immortalibus
1260 4091 1541 4166 mysteriis
1573 4086 1823 4158 corporis
1866 4095 1920 4140 et
1959 4098 2088 4138 san-

502 4203 707 4274 guinis.
732 4198 871 4253 Tum
896 4196 1188 4266 episcopus
1221 4188 1332 4244 illis
1361 4183 1640 4245 admissis,
1673 4180 1938 4234 advocato
1973 4183 2089 4229 toto

502 4297 653 4351 elcro
683 4289 1047 4349 sanctissimae
1064 4286 1157 4341 Dei
1175 4278 1458 4343 Ecclesiae,
1479 4281 1767 4346 postquam
1787 4267 1971 4321 multis
1993 4278 2089 4318 eos

506 4388 700 4443 diebus
717 4383 1071 4446 instituisset,
1086 4373 1384 4447 baptizavit
1401 4371 1526 4424 illos
1553 4367 1607 4420 in
1635 4362 1859 4419 nomine
1885 4356 2088 4420 Patris,

2076 1771 2119 1825 Β
2148 1737 2255 1819 ἀπὸ
2287 1760 2558 1817 ἀνατολῶν
2589 1758 2686 1812 καὶ
2707 1752 2926 1826 δυσμῶν
2961 1747 3298 1822 προσέφερον
3333 1743 3463 1805 τοὺς
3489 1737 3748 1801 ἀσθενεῖς

2150 1857 2329 1914 αὐτῶν
2348 1874 2362 1887 ο
2392 1855 2488 1909 καί⁸
2518 1852 2675 1907 ἰῶντο
2702 1850 2902 1910 πάντες
2927 1847 2995 1916 τῇ
3026 1838 3163 1895 Θεοῦ
3201 1834 3517 1907 ἁγαθότητι.

2237 1992 2279 2024 ι.
2318 1966 2476 2024 Μετὰ
2513 1965 2572 2019 δέ
2609 1962 2782 2016 ταῦτα
2817 1954 3123 2030 προσῆλθον
3167 1950 3247 2023 τῷ
3278 1947 3571 2018 ἁγιωτάτῳ
3619 1946 3750 1998 ἐπι-

2157 2063 2345 2133 σκόπῳ
2369 2060 2468 2131 τῆς
2494 2055 2809 2126 ἁγιωτάτης
2845 2046 3175 2117 Ἐκκλησίας
3212 2042 3428 2097 ἅπαντα
3461 2038 3530 2092 τὰ
3563 2036 3750 2107 πλήθη

2153 2156 2266 2211 τῶν
2318 2130 2607 2217 Ἰουδαίων,
2639 2144 3064 2220 προστρέχοντες
3117 2137 3214 2191 καί
3261 2134 3545 2203 λέγοντες·
3593 2130 3755 2183 Κατ-

2158 2245 2461 2318 αρίθμησον
2510 2241 2659 2312 ἡμᾶς
2687 2240 2752 2309 τῇ
2797 2234 2929 2306 ἁγίᾳ
2956 2229 3219 2299 καθολικῇ
3267 2226 3364 2281 καὶ
3411 2220 3755 2291 ἁποστολικῇ

2171 2314 2490 2412 Ἑκκλήσίᾳ,
2526 2336 2788 2408 βάπτισον
2808 2330 2957 2402 ἡμᾶς
2983 2324 3078 2380 καὶ
3107 2323 3333 2394 ποίησον
3363 2314 3754 2391 Χριστιανούς.

2164 2408 2535 2506 Ἐκραζοννδὲ
2584 2422 2926 2499 ὁμοθυμαδὸν
2971 2419 3211 2479 ἅπαντες
3256 2413 3366 2467 ἀπὸ
3404 2408 3603 2482 μικροῦ
3646 2409 3760 2471 ἐως

2165 2501 2401 2597 μεγὰλου
2446 2520 2625 2576 αὐτῶν
2680 2517 2776 2570 σὺν
2822 2508 3039 2583 γυναιξὶ
3076 2507 3171 2562 καὶ
3201 2504 3435 2566 παιδίοις
3462 2501 3719 2569 λέγοντες
3740 2514 3756 2526 ·

2291 2614 2422 2678 Θεὸς
2448 2615 2477 2666 ὁ
2510 2609 2721 2680 Πατὴρ,
2745 2602 2826 2668 εἷς
2851 2602 2979 2666 Υἱὸς
3006 2602 3034 2653 ὁ
3064 2596 3376 2671 μονογενὴς,
3404 2589 3485 2657 εἷς
3515 2591 3725 2663 Κύριος
3744 2604 3761 2620 ·

2164 2709 2325 2764 αὐτὸν
2368 2706 2501 2760 Θεὸν
2546 2697 2937 2775 ὁμολογοῦμεν,
2967 2695 3063 2748 καί
3093 2693 3315 2761 οἴδαμεν
3359 2686 3456 2740 καὶ
3487 2683 3765 2754 γινώσκο-

2170 2823 2301 2879 μενο
2333 2802 2496 2858 αὑτὸν
2539 2799 2673 2853 Θεὸν
2717 2795 2961 2865 οἴδαμεν,
2998 2787 3161 2843 αὑτὸν
3193 2786 3356 2856 ἡμεῖς
3401 2779 3763 2847 πιστεύομεν,

2166 2869 2256 2957 τὸν
2282 2893 2668 2970 σταυρωθέντα
2693 2889 2784 2944 ἐπὶ
2803 2882 3028 2941 Ποντίου
3052 2878 3309 2941 Πιλάτου,
3336 2873 3431 2926 καί
3453 2869 3765 2926 ἀναστάντα

2168 2998 2235 3067 τῇ
2268 2960 2672 3064 τρίτῃ-ἡμέρα·
2709 2981 2803 3036 καὶ
2848 2972 3229 3045 ἀναληφθέντα
3260 2969 3318 3021 ἐν
3357 2964 3485 3037 δόξῃ
3527 2960 3765 3015 ἐνώπιον

2170 3052 2280 3141 τῶν
2303 3052 2757 3153 ὰγιὼᾏάθήτσπ
2783 3068 2970 3133 αὑτοῦ,
3001 3066 3097 3120 καὶ
3126 3060 3490 3130 καθεζόμενον
3518 3057 3576 3108 ἐν
3607 3052 3765 3123 δεξιᾷ

2175 3178 2271 3235 τοῦ
2299 3147 2437 3230 Θεοῦ
2466 3147 2562 3226 καὶ
2591 3165 2827 3238 Πατρός.
2880 3158 3113 3221 Πολλαῖς
3139 3150 3234 3209 οὖν
3277 3150 3577 3223 εὐφημίαις
3605 3147 3770 3213 δοξά-

2179 3282 2371 3330 σαντες
2394 3263 2484 3316 τὸν
2508 3258 2662 3322 Θεὸν,
2683 3255 2783 3326 τὴν
2814 3251 2975 3322 ἁγίαν
3000 3264 3061 3301 τε
3091 3247 3274 3298 εἰκόνα
3305 3241 3385 3313 τῷ
3411 3238 3771 3312 ἁρχιεπισκό-

2179 3377 2266 3431 πῳ
2297 3357 2395 3428 τῆς
2449 3353 2631 3406 ἐκεῖσε
2680 3345 2887 3407 πόλεως
2928 3336 3316 3402 ἐπιδείξαντες,
3361 3334 3458 3387 καὶ
3500 3330 3773 3402 ἀπαγγεε-

2179 3422 2369 3512 λαντες
2401 3446 2437 3501 ἁ
2462 3444 2725 3514 ἐποίησαν
2754 3437 2851 3510 τὴν
2880 3435 2975 3489 τοῦ
3007 3428 3246 3505 Χριστοῦ
3274 3427 3436 3496 ἁγίαν
3472 3426 3682 3487 εἰκόνα,
3713 3422 3777 3476 τό

2180 3562 2242 3598 τε
2273 3538 2414 3613 αἷμα
2440 3538 2535 3593 καὶ
2565 3536 2710 3604 ὕδωρ
2749 3527 3143 3593 ἐπιδείξαντες,
3170 3522 3267 3577 καὶ
3293 3519 3411 3584 πῶς
3450 3518 3678 3591 ἐξῆλθεν
3708 3520 3779 3572 ἐκ

2182 3639 2282 3709 τῆς
2326 3609 2567 3702 πλευρᾶς
2599 3624 2694 3681 τοῦ
2748 3622 2999 3692 Σωτῆρος
3021 3634 3035 3649 ο
3092 3617 3244 3687 ὅμως
3293 3612 3431 3685 πρὸς
3481 3609 3778 3682 βεϐαίωσιν

2185 3701 2403 3788 πὰντων
2448 3701 2630 3776 λαϐὼν
2662 3717 2691 3770 ό
2743 3713 3046 3773 ἐπίσκοπος
3084 3709 3149 3761 ἐκ
3191 3704 3286 3759 τοῦ
3328 3703 3487 3772 ἁγίου
3541 3701 3781 3772 αἵματος

2185 3823 2278 3879 καὶ⁸
2311 3820 2522 3881 ὓδατος,
2569 3810 2663 3867 καὶ
2710 3806 2939 3869 πολλοὺς
2985 3800 3231 3863 ἀσθενεῖς
3281 3794 3778 3869 προσενέγκαντες,

2186 3917 2281 3972 καὶ
2326 3910 2561 3979 ἀλείφων
2608 3903 2826 3965 αὐτοὺς,
2871 3898 3045 3966 ὑγιεῖς
3086 3892 3348 3947 ἀπέλυσε.
3400 3886 3622 3941 Τούτων
3666 3884 3781 3938 τῶν

2186 4006 2430 4077 ἀπείρων
2461 3975 2760 4068 θαυμάτων
2787 3988 3108 4060 γεγονότων,
3136 3983 3313 4046 οὕτως
3358 3981 3601 4047 ἅπαντες
3644 3975 3783 4030 καθ-

2190 4099 2430 4155 ικέτευον
2458 4092 2548 4147 τὸν
2587 4088 2879 4143 ἐπίσκοπον
2927 4082 3113 4152 τυχεῖν
3136 4075 3231 4130 τοῦ
3261 4074 3418 4143 ἁγίου
3466 4069 3785 4142 βαπτίσμα-

2188 4208 2302 4255 τος,
2348 4188 2443 4243 καί
2499 4178 2820 4256 μεταλαϐεῖν
2864 4173 2973 4230 τῶν
3010 4169 3299 4243 ἀχρὰντων
3342 4165 3439 4219 καί
3486 4162 3782 4217 ἀθανάτων

2196 4254 2511 4355 μυστηρίων
2536 4273 2630 4328 τοῦ
2662 4269 2845 4342 τιμίου
2882 4265 3134 4337 σώματος
3160 4261 3253 4315 καὶ
3283 4259 3535 4329 αἵματος.
3585 4254 3722 4308 Τότε
3755 4257 3784 4306 ὁ

2193 4347 2488 4433 ἐπίσκοπος
2561 4359 2893 4436 παραλαϐὼν
2962 4357 3158 4418 αὐτοὺς
3180 4397 3196 4421 ,
3264 4352 3363 4405 καὶ
3438 4347 3783 4417 συγκαλέσας

506 4440 732 4543 ειέίιὶἰ,
756 4483 809 4531 ct
826 4440 1068 4544 Spiritus
1104 4440 1301 4532 sancti,
1333 4473 1774 4535 synagogamque
1808 4452 1971 4523 292
1992 4448 2071 4503 ,ιυε

2191 4470 2409 4524 ἅπαντα
2440 4464 2530 4516 τὸν
2561 4459 2764 4528 κλῆρον
2790 4453 2889 4538 τῆς
2915 4449 3228 4520 ἁγιωτάτης
3251 4444 3344 4498 τοῦ
3371 4442 3505 4498 Θεοῦ
3548 4440 3785 4511 Ἐκκλη-

509 4563 751 4627 (ἰωότυιιι
768 4569 823 4621 in
837 4564 1125 4621 ecclesiam
1138 4557 1452 4614 ‘Salratoris
1469 4551 1646 4609 nostri
1669 4547 1961 4604 convertit.
1989 4540 2071 4595 Ro

2197 4558 2337 4620 σίας,
2371 4553 2464 4608 ἐπὶ
2508 4548 2710 4611 πολλάς
2746 4562 2807 4598 τε
2835 4534 3051 4615 ἡμέρας
3094 4535 3435 4608 κατηχήσας,
3484 4530 3784 4585 ἐϐάπτισεν

510 4666 767 4738 gantibus
804 4675 968 4734 porro
1006 4658 1117 4713 illis
1151 4650 1564 4711 sanctissimum
1593 4644 1936 4715 episcopum,
1963 4636 2095 4691 reli-

509 4727 649 4830 quas
675 4727 920 4828 ipsorum
942 4762 1248 4823 synagogas
1265 4745 1321 4798 in
1341 4742 1439 4797 Dei
1456 4738 1657 4808 templa
1670 4743 1725 4791 et
1746 4734 1803 4788 in
1827 4727 2093 4799 martyria

509 4859 827 4908 sanctorum
846 4859 1071 4903 suorum
1090 4851 1388 4909 martyrum
1406 4828 1771 4891 consecravit,
1791 4825 1857 4879 ad
1876 4822 1968 4878 Dei
1986 4820 2096 4892 glo-

510 4946 646 5000 riam
677 4950 731 4998 et
756 4938 1145 4999 exaltationem
1164 4930 1487 4988 orthodoxae
1516 4923 1660 4979 ﬁdei.
1676 4918 2092 4977 Constituitau-

508 5047 617 5092 tem
647 5048 711 5089 ex
743 5031 853 5086 illis
891 5027 1242 5100 presbyteros
1269 5020 1637 5090 ettdiaconos,
1656 5012 1759 5066 sub
1772 5009 2024 5066 iiaconos
2039 5010 2095 5058 et

510 5130 763 5185 lectores.
797 5097 977 5192 Atque
1002 5120 1075 5173 ita
1095 5118 1287 5188 ingens
1311 5112 1412 5166 fuit
1434 5108 1621 5164 laetitia
1673 5105 1731 5159 in
1772 5102 1912 5156 cmlo
1946 5106 2000 5155 et
2035 5097 2093 5151 in

510 5231 681 5285 terra,
700 5219 770 5273 ob
796 5212 1127 5286 stupendum
1152 5205 1481 5263 miraculum
1511 5197 1836 5256 venerandae
1853 5202 1908 5250 et
1924 5207 2094 5249 sacra:

510 5315 768 5386 imaginis
796 5285 1014 5365 Domini
1042 5311 1097 5360 et
1126 5300 1428 5358 Salvatoris
1443 5295 1621 5352 nostri
1643 5292 1773 5348 Jesu
1790 5286 2017 5350 Christi,
2039 5285 2093 5338 in

511 5408 619 5465 ista
651 5407 787 5461 urbe
815 5423 830 5461 :
865 5416 989 5459 cum
1015 5414 1128 5455 non
1153 5393 1316 5452 modo
1350 5402 1628 5461 corporea
1650 5389 1979 5441 curarentur
2009 5379 2094 5432 in-

588 5603 707 5685 (lli
728 5599 1028 5685 Colberlin.
1057 5614 1204 5683 unus
1232 5597 1313 5653 sic
1346 5594 1536 5685 habet,
1567 5585 2095 5685 papgplal“5”°£ﬁ;

516 5654 614 5729 κεν
641 5673 750 5725 τῶν
798 5671 986 5741 ἁγίων,
1029 5672 1129 5739 τῆς
1185 5654 1659 5741 τεῌπανυμνῇτου
1695 5654 1959 5741 Θέοτόκου
2000 5654 2095 5710 καὶ

518 5730 876 5814 ἁειπαρθένοῦ
916 5730 1157 5812 Μαρίας,
1187 5739 1281 5795 τοῦ
1327 5730 1635 5809 προδρόμου
1669 5748 1726 5786 τε
1759 5732 1853 5786 καὶ
1890 5730 2094 5783 Barm-

2194 4650 2396 4712 αὺτοὺς
2424 4649 2503 4710 εἰς
2531 4644 2590 4698 τὸ
2629 4642 2801 4710 ὅνομα
2828 4637 2922 4692 τοῦ
2969 4631 3204 4703 Πατρὸς,
3237 4629 3333 4681 καί
3363 4624 3458 4678 τοῦ
3505 4623 3665 4689 Υἱοῦ,
3689 4624 3782 4675 καί

2193 4743 2289 4797 τοῦ
2328 4741 2485 4810 ἁγίου
2517 4733 2656 4789 Πνεύ
2667 4748 2858 4804 ματος,
2889 4726 2985 4781 καὶ
3014 4723 3115 4794 τὴν
3150 4716 3474 4787 συναγωγὴν
3500 4713 3610 4767 τῶν
3651 4714 3783 4766 Ἰου-

2193 4837 2358 4890 δαίων
2378 4805 2687 4901 *ἐκκλησίαν
2714 4824 2808 4879 τοῦ
2839 4822 3090 4891 Σωτῆρος
3120 4812 3277 4885 ἡμῶν
3304 4808 3550 4878 ἐποίησε.
3594 4805 3783 4872 Παρα-

2195 4926 2538 4984 καλεσὰντων
2565 4921 2624 4975 δὲ
2652 4916 2831 4973 αὐτῶν
2867 4913 2961 4967 τὸν
2996 4907 3297 4977 ἁγιώτατον
3329 4902 3654 4962 ἐπίσκοπον,
3684 4898 3782 4951 καὶ
3834 4888 3837 4895 ’

2193 5020 2294 5082 τὰς
2335 5012 2529 5077 λοιπὰς
2578 5004 2921 5077 συναγωγὰς,
2966 5000 3130 5062 ναοὺς
3177 4994 3335 5057 Θεοῦ,
3377 4991 3472 5045 καὶ
3504 4987 3780 5061 μαρτύρια

2194 5079 2302 5165 τῶν
2331 5107 2501 5176 ἁγίων
2534 5100 2699 5157 αὐτοῦ
2751 5095 3042 5170 μαρτύρων
3074 5088 3380 5160 ἀφιερῶσαι
3427 5079 3776 5153 [ἀφιερῶσιῇ

2195 5205 2274 5268 είς
2302 5172 2460 5265 δόξαν
2486 5196 2581 5251 τοῦ
2620 5190 2757 5247 Θεοῦ
2790 5187 2886 5244 καὶ
2915 5186 3177 5255 καύχημα
3213 5181 3316 5251 τῆς
3364 5174 3648 5249 όρθοδόξου
3686 5172 3777 5224 πί-

2197 5264 2516 5362 στεωςμί).
2536 5285 2853 5354 Κατέστησε
2874 5279 2932 5334 δέ
2958 5277 3054 5332 καί
3083 5275 3142 5342 ἐξ
3173 5270 3353 5327 αὐτῶν
3381 5264 3781 5339 πρεσϐυτέρους

2196 5389 2290 5444 καὶ
2329 5356 2632 5447 διακόνους,
2665 5373 3070 5436 ὑποδιακόνους,
3120 5368 3215 5422 καί
3252 5361 3633 5433 ἀναγνώστας.
3671 5356 3782 5410 Καὶ

2197 5605 2324 5644 στου
2360 5584 2633 5643 Ἰωάννου,
2668 5576 2762 5632 καί
2785 5573 2891 5629 τῶν
2920 5570 3090 5642 ἁγίων
3121 5563 3347 5632 ἐνδόξων
3375 5561 3472 5617 καὶ
3504 5552 3777 5626 πανευφή·

2200 5677 2314 5714 μων
2340 5653 2674 5714 ἀποστόλων.
3267 5709 3273 5714 ’

2199 5677 2314 5733 μων
2340 5668 2674 5714 ἀποστολων.
