3868 6206
183 295 298 350 8θ5

1090 287 1179 343 DE
1215 287 1413 344 PASS.
1452 284 1762 342 lMAGlNIS
1804 285 1867 341 D.
1907 284 1975 342 N.
2016 284 2183 341 JESU
2224 283 2523 341 CHRISTI.

3346 287 3454 343 806

180 414 335 467 οὕτω
369 412 577 483 μεγάλη
613 408 757 482 χαρὰ
812 409 1031 477 ἐγένετο
1067 410 1126 462 ἐν
1185 407 1265 479 τῷ
1316 405 1532 479 οὐρανῷ
1579 405 1675 459 καὶ
1720 405 1771 457 ἐν

1884 402 2201 466 ﬁrmitates,
2236 406 2332 460 sed
2369 405 2533 460 etiam
2565 404 2762 459 anima:
2784 412 3233 460 converterentur
3267 403 3334 458 ad
3375 406 3457 458 vi-

186 507 257 575 τῇ
295 506 368 575 γῇ
418 502 509 556 ἐπὶ
558 500 636 572 τῷ
688 500 975 574 παραδόξῳ
1012 498 1247 569 θαύματι
1290 498 1392 569 τῆς
1437 497 1624 567 τιμίας
1679 496 1774 549 καὶ

1884 502 1992 548 tam
2020 504 2304 552 aeternam.

188 596 355 663 ἁγίας
392 593 597 657 εἰκόνος
630 592 724 646 τοῦ
756 592 962 664 Κυρίου
993 593 1087 646 καί
1116 593 1367 663 Σωτῆρος
1420 590 1582 661 ήμῶν
1632 587 1808 658 Ἰησοῦ
1860 588 2097 659 Χριστοῦ
2153 591 2245 644 ἐπὶ
2286 592 2353 662 τῇ
2405 590 2559 644 πόλει
2612 591 2784 665 ταύτῃ
2807 605 2823 621 ·
2858 591 2920 644 οὐ
2973 590 3132 661 μόνον
3187 592 3456 663 σωμάτων

189 686 345 757 πάθη
382 686 644 756 ἰωμένων.
680 685 814 739 ἀλλὰ
847 686 941 739 καὶ
982 685 1169 756 ψυχῶν
1213 683 1658 756 ἐπιστρεψάντων
1698 684 1777 746 είς
1805 680 1950 753 ζωὴν
1981 682 2220 737 αἰώνιον.

261 778 317 832 8.
358 777 546 831 Ταῦτα
582 777 891 831 ἐσπούδασα
921 778 1161 848 δηλῶσαι
1190 780 1255 849 τῇ
1298 777 1542 849 ὑμετέρᾳ
1586 776 1773 844 θεοφι-

186 868 318 941 λίᾳ,
374 862 419 923 ὦ
478 869 933 941 προσφιλέστατοι
983 868 1201 937 ἀδελφοὶ
1255 868 1641 940 ἠγαπημένοι,
1698 869 1777 932 είς

187 961 460 1029 ιῦψέλειαν
488 961 582 1015 καὶ
607 961 775 1032 ἀκοὴν
807 960 916 1014 τῷν
943 960 1398 1031 ἐντυγχανόντων,
1432 958 1527 1011 τοῦ
1557 975 1779 1030 στηριχ-

184 1053 352 1125 θῆναι
383 1054 483 1117 τὰς
510 1053 698 1123 ψυχὰς·
720 1053 874 1124 ὑμῶν
907 1052 1016 1106 ἀπὸ
1043 1052 1139 1106 τοῦ
1176 1050 1434 1124 πονηροῦ,
1468 1050 1563 1104 τοῦ
1591 1052 1683 1103 ἐπὶ
1708 1051 1774 1121 τῇ

190 1143 401 1197 πτώσει
453 1143 610 1215 ἡμῶν
661 1144 963 1215 χαίροντος,
998 1145 1095 1198 καὶ
1130 1142 1521 1214 στερεωθῷμεν
1568 1142 1662 1195 ἐπὶ
1705 1143 1773 1211 τῇ

191 1239 393 1310 στερεᾷ
436 1238 615 1290 πίστει
658 1237 757 1307 τῆς
803 1236 1093 1308 ὁμολογίας
1129 1236 1223 1289 τοῦ
1272 1234 1531 1308 Χριστοῦ.
1583 1233 1776 1303 Δῶμεν

186 1324 285 1381 οῦν
334 1327 491 1394 δόξαν
548 1330 664 1398 μετ’
698 1327 1036 1400 εὐφροσύνης
1072 1329 1132 1382 ἐν
1181 1326 1471 1393 κατανύξει
1522 1324 1773 1397 καρδίας,

187 1419 286 1473 καὶ
326 1419 698 1491 εὐχαριστίας,
740 1419 1186 1492 εὐχαριστοῦντες
1228 1417 1378 1489 αὐτῷ
1419 1420 1483 1471 ἐκ
1529 1416 1776 1488 καθαρᾶς

187 1511 450 1575 πίστεως,
485 1509 580 1563 τοῦ
615 1510 908 1579 φυλάσσειν
944 1510 1046 1575 τάς
1087 1509 1308 1574 ἐντολὰς
1346 1508 1514 1563 αὐτοῦ
1560 1508 1657 1562 καὶ
1705 1509 1777 1561 τὰ

186 1602 536 1675 δικαιώματα
586 1601 749 1656 αὐτοῦ
780 1603 872 1655 καὶ
917 1601 1018 1672 τῆς
1059 1601 1406 1671 ἐπιγνώσεως
1455 1599 1651 1654 αὐτοῦ·
1687 1600 1772 1652 ὅτι

188 1696 341 1768 αὐτῷ
369 1696 565 1767 πρέπει
594 1697 627 1767 ή
659 1695 786 1762 δόξα
814 1695 909 1750 καὶ
938 1694 1001 1748 τὸ
1027 1694 1229 1767 κράτος
1254 1696 1312 1747 ἐν
1339 1691 1562 1765 Χριστῷ
1595 1688 1770 1764 Ἰησοῦ

196 1788 269 1858 τῷ
302 1754 490 1859 Κυρίῳ
517 1754 695 1860 ὴμῷν,
729 1754 870 1859 *μεθ’
918 1780 980 1842 οὗ
1007 1754 1086 1856 τῷ
1118 1754 1316 1858 Πατρὶ,
1360 1754 1475 1857 ἅμα
1633 1754 1775 1855 άγίῳ
1804 1754 1849 1809 Β

188 1877 488 1947 Πνεῦματι,
516 1877 641 1943 δόξα
665 1879 759 1932 καὶ
785 1881 818 1951 ἡ
854 1877 1248 1950 προσκύνησις,
1280 1878 1378 1931 νῦν
1408 1878 1502 1931 καὶ
1529 1877 1639 1940 ἀεὶ,
1679 1875 1774 1930 καὶ

190 1971 270 2033 εἰς
302 1970 430 2033 τούς
457 1968 657 2033 αἰῶνας
688 1968 798 2024 τῶν
825 1969 1056 2025 αἰώνων.
1100 1969 1295 2039 Ἀμήν.

1948 774 2003 828 8.
2047 773 2174 831 Haec
2212 787 2409 831 vestra:
2440 778 2691 849 religioni
2735 777 3090 849 signiﬁcanda
3120 776 3285 842 duxi,
3318 777 3454 832 dile-

1873 867 2106 922 ctissimi
2141 869 2564 940 charissimique
2598 872 2817 933 fratres,
2868 871 2934 925 ad
2985 870 3272 925 utilitatem
3297 880 3351 925 et
3370 871 3455 924 in-

1875 960 2216 1017 stitutionem
2252 962 2551 1027 lectorum,
2598 973 2658 1017 ut
2696 965 2891 1019 animae
2927 973 3122 1019 vestra:
3170 966 3458 1018 ﬁrmentur

1878 1051 2145 1108 adversus
2196 1054 2497 1125 malignum
2542 1056 2732 1121 illum,
2771 1055 2865 1127 qui
2915 1056 2982 1110 de
3020 1064 3212 1113 nostra
3258 1057 3457 1126 gaudet

1878 1143 2062 1211 ruina,
2090 1152 2146 1198 et
2181 1142 2475 1199 fulciamur
2509 1147 2684 1201 solida
2711 1156 2865 1218 petra
2893 1146 3264 1203 confessionis
3295 1146 3458 1203 Chri-

1878 1237 1971 1291 sti.
2002 1234 2206 1291 Demus
2239 1252 2372 1307 ergo
2408 1239 2638 1308 gloriam
2675 1253 2802 1294 cum
2841 1240 3062 1305 laetitia,
3099 1241 3155 1295 in
3183 1254 3455 1310 compun—

1877 1325 2059 1382 ctione
2089 1327 2293 1395 cordis,
2318 1344 2442 1383 cum
2474 1330 2774 1400 gratiarum
2806 1330 3023 1386 actione
3047 1347 3114 1385 ex
3142 1346 3277 1401 pura
3307 1330 3411 1386 [ide
3435 1349 3455 1387 :

1877 1434 1989 1490 quo
2015 1419 2269 1475 mandata
2308 1431 2364 1476 et
2386 1421 2808 1490 justificationes
2836 1423 2957 1493 ejus
2981 1424 3358 1488 observemus,
3391 1439 3455 1478 ac

1877 1513 1937 1568 in
1966 1511 2089 1582 ejus
2109 1513 2423 1584 cognitione
2451 1529 2861 1583 perseveremus
2889 1533 2903 1569 :
2932 1519 3060 1586 quia
3091 1517 3269 1586 ipsum
3295 1516 3455 1572 decet

1879 1603 2052 1673 gloria
2079 1611 2134 1658 et
2163 1605 2448 1674 imperium
2480 1608 2537 1661 in
2560 1605 2783 1662 Christo
2812 1606 2943 1664 Jesu
2974 1608 3205 1664 Domino
3238 1616 3452 1675 nostro,

1886 1696 1979 1751 eui
2022 1711 2147 1752 cum
2181 1694 2364 1763 Patre,
2401 1713 2511 1754 una
2540 1714 2666 1754 cum
2709 1707 2899 1755 sancto
2943 1700 3169 1773 Spiritu,
3200 1702 3372 1772 gloria
3399 1712 3455 1756 et

1879 1791 2150 1859 atloratio,
2181 1808 2328 1849 nunc
2358 1801 2416 1851 et
2458 1808 2674 1863 semper
2702 1801 2758 1849 et
2790 1793 2847 1849 in
2875 1796 3074 1852 sarcula
3103 1796 3451 1851 saeculorum.

1879 1884 2078 1939 Amen.

1300 2181 1441 2235 ΤΟΥ
1475 2182 1569 2235 ΕΝ
1606 2183 1831 2237 ΑΓΙΟΙΣ
1866 2181 2141 2236 ΠΑΤΡΟΣ
2165 2183 2367 2238 HMON

1499 2326 2142 2418 ΑΘΑΝΑΣΙΟΥ

188 2496 332 2565 Περὶ
367 2493 480 2566 τῆς
510 2494 745 2561 εἰκόνος
781 2490 889 2548 τοῦ
920 2493 1140 2562 Κυρίου
1167 2488 1338 2562 ἡμῶν
1359 2488 1556 2561 Ἰησοῦ
1580 2487 1866 2559 Χριστοῦ,
1905 2490 2013 2545 τοῦ
2040 2488 2367 2561 γενομένου
2410 2489 2709 2558 θαύματος
2753 2482 2827 2543 ἐφ’
2875 2484 3113 2558 Reponi)
3144 2483 3219 2557 τῇ
3255 2489 3449 2544 πόλει.

1221 2765 1317 2853 S.
1395 2764 1500 2850 P.
1561 2765 1631 2852 N
1655 2825 1725 2871 .,
1756 2758 2402 2852 ATHANASII

642 2958 719 3013 De
758 2958 988 3026 imagine
1015 2954 1231 3010 Domini
1258 2956 1429 3010 nostri
1468 2953 1601 3011 Iesu
1630 2951 1855 3022 Christi,
1884 2965 1937 3010 et
1964 2953 2031 3010 de
2076 2952 2337 3007 miraculo
2364 2953 2505 3007 edito
2544 2951 2596 3006 in
2628 2947 2754 3005 urbe
2786 2949 3003 3019 Beryti).

263 3193 316 3248 l.
385 3194 497 3264 (12)
559 3194 761 3266 Ἀρατε
832 3192 960 3257 τοὺς
1011 3188 1325 3262 ὀφθαλμοὺς
1384 3190 1486 3263 τῆς
1535 3190 1771 3258 διανοίας

1944 3193 2002 3250 1.
2032 3190 2239 3263 Erigite
2268 3188 2459 3246 oculos
2486 3185 2685 3244 mentis
2709 3194 2927 3252 vestrae,
2959 3198 3025 3239 ac
3050 3181 3229 3239 videte
3250 3198 3450 3239 novum

192 3287 370 3358 ὐμῶν,
394 3288 487 3341 καλ¹
523 3286 662 3340 ἴδετε
688 3286 749 3341 τὸ
774 3285 967 3340 καινὸν»
980 3284 1158 3357 θέαμα
1190 3283 1367 3354 τοῦτο,
1392 3284 1534 3358 ὅπερ
1581 3286 1773 3355 γέγονε

191 3379 309 3435 νῦν.
346 3377 683 3449 Ἐμϐλέψατε
715 3379 797 3441 εἰς
824 3375 1140 3449 τὸ⁶άπειρον
1163 3376 1349 3448 θαῦμα
1370 3374 1464 3431 τοῦ
1491 3374 1652 3443 Θεοῦ,
1680 3377 1778 3432 καὶ

187 3471 309 3523 δότε
338 3468 487 3541 αὐτῷ
518 3469 674 3535 δόξαν
707 3467 788 3539 τῷ
821 3467 960 3540 Θεῷ,
989 3469 1364 3540 κατανοήσατε
1396 3470 1478 3533 εἰς
1503 3469 1602 3541 τὴν
1628 3469 1774 3541 ἄφα-

189 3580 281 3616 τον
308 3561 473 3615 αὐτοῦ
503 3560 933 3632 φιλανθρωπίαν,
967 3561 1030 3615 τὸ
1060 3561 1288 3632 μέγεθος
1308 3560 1412 3632 τῆς
1442 3561 1608 3617 αὐτοῦ
1630 3565 1776 3618 οἰκο-

190 3654 407 3723 νομίας,
444 3654 538 3706 καὶ
563 3652 761 3724 θρῆνον
794 3651 910 3722 μετ’
939 3651 1276 3724 εὐφροσύνης
1305 3651 1623 3707 ἀναλάϐετε.
1648 3653 1774 3708 Ἐπὶ

193 3749 293 3817 μὲν
324 3744 461 3799 Θεοῦ
492 3744 644 3799 οὐδὲν
695 3742 861 3809 ξένον.
908 3744 970 3797 '0
1016 3743 1127 3816 γὰρ
1174 3743 1309 3808 Θεὸς
1338 3744 1515 3817 ἡμῶν,
1550 3746 1646 3800 καὶ
1685 3747 1771 3817 ἐφ’

187 3839 380 3909 ἡμῶν,
455 3838 779 3909 ἐκστήσεται
839 3837 990 3890 πᾶσα
1048 3835 1248 3907 καρδία
1298 3835 1409 3890 τῶν
1441 3837 1768 3896 ἀκουόντων.

190 3932 402 3993 Ὄντως
427 3928 618 4001 ἐξέστη
650 3928 680 3980 ό
710 3926 935 3999 οὐρανὸς
968 3926 1061 3979 ἐπὶ
1087 3925 1165 3997 τῷ
1188 3925 1575 3999 τετολμημένῳ
1597 3929 1772 3997 τούτῳ

189 4020 271 4093 τῷ
323 4020 590 4090 θεάματι·
639 4015 914 4089 ἐταράχθη
969 4015 1131 4070 πάλιν
1170 4015 1426 4082 άόυσσος,
1471 4019 1565 4072 καί
1619 4018 1769 4091 ἥλιος

186 4112 500 4182 ἐσκοτίσθη,
531 4111 626 4164 καὶ
670 4110 720 4163 οἱ
763 4109 1009 4180 ἀστέρες,
1046 4108 1141 4162 καὶ
1165 4110 1199 4180 ἡ
1225 4107 1421 4182 σελήνη
1447 4109 1648 4180 ὁμοίως
1675 4112 1769 4165 ἐπὶ

185 4205 267 4277 τῷ
284 4204 550 4274 γεγονότι.
598 4199 757 4255 Ἀλλά
792 4200 959 4254 πάλιν
997 4199 1390 4272 ηὐφράνθησαν
1441 4200 1537 4255 ἐπὶ
1585 4204 1650 4274 τῇ
1692 4204 1771 4256 οί-
1816 4266 1817 4269 η

185 4298 421 4371 κονομίᾳ
462 4299 529 4368 τῇ
577 4293 846 4365 γενομένῃ
899 4291 1004 4345 ὑπὸ
1036 4291 1242 4362 Κυρίου
1286 4294 1460 4345 πᾶσαι
1509 4292 1618 4347 τῶν
1674 4294 1768 4346 οὐ-

187 4391 367 4465 ρανῶν
412 4390 692 4459 δυνάμεις.
735 4382 1028 4439 Ἀκούσατε
1077 4380 1193 4447 οὖν,
1249 4382 1500 4453 ἀδελφοὶ,
1542 4384 1635 4438 καὶ¹
1679 4385 1770 4439 ἕκ-

188 4500 383 4554 στητε,
438 4475 482 4550 ᾧ
547 4479 739 4550 γέγονε
792 4478 913 4539 ταῖς
965 4473 1198 4545 ἡμέραις
1254 4474 1415 4546 ἡμῶν
1493 4475 1769 4540 συνιέντες

1875 3284 1982 3341 hoc
2007 3282 2407 3357 spectaculum,
2439 3279 2588 3352 quod
2634 3277 2841 3334 factum
2887 3281 2994 3334 est.
3040 3274 3316 3347 Respicite
3350 3277 3453 3330 im-

1873 3392 2124 3432 mensum
2155 3374 2250 3431 Dei
2279 3371 2626 3436 miraculum,
2650 3375 2706 3426 et
2742 3368 2868 3425 date
2899 3367 3129 3439 gloriam
3162 3366 3293 3429 Deo,
3331 3366 3452 3437 ejus

1873 3468 2199 3527 inellabilem
2246 3471 2559 3538 spectantes
2603 3462 2953 3519 clementiam
3004 3475 3134 3533 erga
3174 3459 3450 3522 homines,

1871 3572 1927 3621 et
1955 3579 2208 3635 magnam
2239 3560 2360 3633 ejus
2397 3556 2792 3631 providentiam
2825 3572 2842 3611 :
2871 3554 3168 3608 lamentum
3198 3567 3323 3605 cum
3362 3552 3452 3605 lae-

1871 3656 1992 3711 titia
2025 3656 2308 3713 assumite.
2339 3652 2487 3707 Nihil
2523 3651 2581 3706 in
2617 3649 2729 3706 Deo
2760 3645 3010 3703 mirabile
3055 3662 3071 3701 :
3121 3643 3262 3700 Deus
3303 3643 3451 3697 enim

1872 3761 2061 3805 noster
2090 3757 2195 3805 est.
2227 3747 2303 3801 Ac
2337 3750 2607 3817 quotquot
2655 3757 2770 3797 rem
2820 3740 2981 3795 istam
3026 3739 3169 3809 apud
3206 3753 3309 3792 nos
3356 3751 3446 3806 ge-

1871 3852 2012 3898 stam
2042 3838 2281 3896 audituri
2311 3846 2442 3894 sunt
2465 3836 2632 3893 corde
2660 3833 2876 3890 attoniti
2908 3839 3091 3888 erunt.
3116 3829 3326 3885 Revera
3350 3828 3453 3883 ob-

1872 3934 2082 4006 stupuit
2114 3932 2316 3989 ctelum
2355 3930 2424 3986 ad
2454 3930 2560 3985 hoc
2581 3928 2716 3983 tanti
2743 3924 3007 3981 facinoris
3035 3922 3406 3993 spectaculum
3432 3939 3447 3975 :

1870 4025 2091 4078 turbata
2150 4035 2371 4076 rursum
2422 4026 2511 4076 est
2551 4017 2803 4089 abyssus,
2843 4014 2927 4069 sol
2973 4014 3304 4068 obscuratus
3335 4017 3447 4073 est,

1868 4129 2083 4169 necnon
2114 4119 2262 4166 astra
2291 4118 2346 4165 et
2376 4110 2505 4165 luna
2534 4106 2789 4164 similiter
2815 4104 2886 4159 ob
2911 4100 3183 4173 ejusmodi
3213 4099 3446 4156 facinus.

1870 4205 1937 4259 At
1972 4218 2194 4259 rursum
2225 4204 2416 4257 laetata
2445 4207 2575 4256 sunt
2601 4198 2673 4253 ob
2718 4196 2867 4250 illam
2906 4193 3123 4249 Domini
3159 4191 3452 4262 providen-

1868 4291 2000 4344 tiam
2027 4290 2258 4344 virtutes
2281 4289 2564 4341 coelorum.
2596 4281 2798 4337 Audite
2835 4294 2985 4350 ergo,
3016 4278 3236 4341 fratres,
3268 4285 3325 4331 et
3352 4276 3450 4330 ob-

1869 4382 2186 4452 stupescite,
2207 4376 2564 4448 intelligentia
2588 4368 3034 4444 comprehendite
3060 4368 3207 4438 quod
3234 4374 3451 4437 gestum

1867 4483 1950 4529 est
1981 4475 2036 4528 in
2061 4473 2256 4527 diebus
2290 4468 2519 4536 nostris,
2546 4480 2736 4522 aurem
2765 4462 2949 4520 cordis
2969 4460 3135 4517 vestri
3164 4459 3448 4521 inclinate,

188 4553 421 4639 συνίετε,
448 4574 544 4626 καὶ
575 4572 638 4626 τὸ
668 4565 761 4635 οῦς
806 4568 960 4640 ὐμῶν
992 4568 1208 4623 κλίνατε
1253 4567 1355 4640 τῆς
1396 4568 1644 4639 καρδίας,
1673 4568 1769 4621 καὶ
1800 4553 1843 4608 Ῐ)
1871 4574 1923 4619 et
1956 4563 2160 4618 audite.

184 4668 482 4723 ἀκούσατε.

257 4761 312 4815 2.
367 4759 530 4822 Πόλις
572 4756 687 4811 ἐστὶ
735 4753 977 4826 Βηρυτδς
1033 4751 1341 4823 καλουμένη
1387 4752 1447 4804 ἐν
1497 4746 1769 4821 μεθορίοις

185 4853 365 4925 Τύρου
420 4850 515 4903 καὶ
582 4846 839 4909 Σιδῶνος,
886 4843 1112 4897 τελοῦσα
1161 4842 1220 4894 δὲ
1271 4836 1622 4908 Ἀντιοχείας.
1680 4836 1768 4891 Ἐν

183 4945 359 5015 ταύτῃ
388 4939 482 4996 οὖν
525 4942 591 5011 τῇ
640 4939 792 4992 πόλει
828 4939 893 5007 τῇ
944 4931 1172 5006 Βηρυτῷ
1216 4930 1395 5002 πλήθη
1443 4926 1617 4982 πολλά
1660 4928 1768 4981 είσι

184 5036 298 5091 τῶν
343 5032 632 5087 Ἰουδαίων.
678 5028 913 5100 Πλησίον
960 5024 1017 5077 δὲ
1066 5023 1166 5093 τῆς
1213 5017 1534 5089 συναγωγῆς
1568 5016 1769 5080 αὐτῶν,

189 5128 437 5201 μεγάλης
464 5123 630 5193 οὔσης
660 5121 884 5193 σφόδρα,
918 5116 1241 5187 Χριστιανὸς
1279 5111 1437 5166 ἔλαϐε
1479 5108 1689 5164 κελλίον
1714 5113 1773 5163 ἐν

185 5218 345 5288 οίκίῳ
395 5196 565 5285 παρά
611 5227 791 5274 τινος·
850 5201 980 5275 ἐνῷ
1043 5202 1310 5258 κατοικῶν
1362 5199 1621 5270 ἄντικρυς
1677 5196 1770 5251 τοῦ

185 5305 478 5363 ἀκουόίτου
525 5300 634 5374 (l5)
684 5298 881 5361 αὐτῶν,
914 5295 1169 5366 ἐποίησεν
1202 5292 1384 5346 εἰκόνα
1430 5289 1526 5344 τοῦ
1564 5288 1770 5358 Κυρίου

186 5401 347 5473 ἡμῶν
386 5396 562 5471 Ἰησοῦ
597 5391 856 5466 Χριστοῦ,
891 5387 1103 5461 σεμνῶς
1136 5382 1603 5457 ἐζωγραφημὲνην
1630 5379 1765 5473 (14),

188 5471 480 5547 όλόστατον
534 5488 759 5558 ἔχουσαν
817 5482 914 5554 τὴν
972 5479 1156 5534 εἰκόνα
1206 5476 1301 5530 τοῦ
1354 5473 1559 5546 Κυρίου
1609 5475 1643 5543 ἡ
1653 5471 1770 5544 μῶν

263 5632 377 5705 (l2)
407 5630 487 5705 Ex
512 5646 624 5705 ms1
649 5626 896 5705 Palatino
926 5619 1319 5705 vetustissimo:

1040 5686 1318 5771 στρωμναὶ
1354 5677 1769 5771 μεγάλαιᾉἸζξίξ

194 5752 964 5831 clinium—subiVSternebautur
987 5752 1121 5820 lecti
1139 5752 1239 5831 pro
1261 5752 1416 5812 cmna
1445 5763 1498 5810 et
1520 5752 1767 5824 prandio.

1941 4743 1998 4797 2.
2035 4741 2179 4798 Urbs
2213 4748 2298 4797 est
2322 4739 2553 4810 Berytus
2606 4736 2829 4792 nomine
2873 4735 2930 4789 in
2971 4731 3211 4788 conﬁnio
3237 4727 3364 4801 Tyri
3395 4736 3451 4783 et

1875 4833 2117 4897 Sidonis,
2156 4830 2459 4887 Antiochia:
2489 4826 2809 4898 vectigalis;
2860 4826 2915 4879 in
2943 4838 3051 4895 qua
3079 4823 3214 4877 urbe
3252 4818 3451 4889 Beryto

1872 4941 2070 4997 magna
2106 4924 2400 4978 multitudo
2450 4926 2633 4976 exstat
2672 4916 3009 4972 Iudaeorum.
3045 4912 3222 4982 Prope
3267 4917 3448 4963 autem

1873 5034 2203 5093 synagogam
2233 5030 2447 5080 eorum,
2477 5028 2597 5084 quae
2627 5010 2919 5065 admodum
2945 5005 3121 5074 ampla
3153 5010 3260 5065 est,
3288 5000 3451 5056 Chri-

1873 5113 2087 5169 stianus
2116 5124 2148 5164 a
2180 5108 2416 5181 quodam
2449 5107 2700 5162 cellulam
2748 5099 2957 5169 accepit
3002 5097 3059 5151 in
3098 5096 3259 5151 domo
3283 5093 3404 5161 ejus
3434 5110 3447 5145 :

1873 5217 1998 5259 cum
2030 5209 2210 5256 autem
2240 5199 2316 5254 ibi
2350 5202 2659 5253 moraretur
2695 5210 2726 5247 e
2775 5194 2997 5261 regione
3042 5186 3327 5242 accubitus
3354 5198 3450 5237 eo-

1875 5310 2018 5357 rum,
2074 5292 2367 5363 imaginem
2404 5290 2534 5345 fecit
2588 5284 2807 5339 Domini
2864 5280 3037 5336 nostri
3084 5277 3214 5334 Jesu
3241 5273 3448 5331 Christi

1874 5389 2105 5460 pulchre
2155 5358 2514 5446 elaboratam,
2550 5394 2672 5450 qua:
2698 5383 2966 5432 staturam
3019 5369 3237 5425 Domini
3272 5358 3450 5422 nostri

1873 5458 2004 5535 lesu
2045 5475 2251 5532 Christi
2299 5483 2467 5528 totam
2514 5465 2960 5540 repraesentabat.
3014 5460 3231 5517 Modico
3261 5458 3450 5528 elapso

1947 5610 2060 5681 (14)
2097 5610 2151 5663 In
2179 5607 2389 5663 Concil.
2419 5604 2542 5681 Nic.
2579 5620 2640 5669 ιι,
2677 5619 2729 5674 p.
2763 5601 2887 5664 ‘2i8,
2919 5597 3139 5671 legitur,
3166 5597 3223 5650 ἐν
3270 5593 3451 5649 σανίσι

1881 5676 1978 5755 μὲν
2009 5680 2077 5753 ἦν
2109 5676 2567 5751 ὲζωγραφημένη.
