3868 6206
455 306 571 363 R07

1642 301 1700 357 S.
1741 299 2211 358 ATHANASIUS.
2248 331 2316 343 —
2355 302 2581 358 DUBlA.

3623 307 3739 366 808

454 432 720 492 tempore,
762 417 1110 474 Christianus
1164 416 1258 472 ille
1301 417 1481 485 majus
1545 416 1650 471 sibi
1700 414 2036 470 domicilium

2157 413 2331 486 Ἰησοῦ
2373 414 2629 486 Χριστοῦ.
2674 414 2883 487 Χρόνου
2932 415 2990 469 δὲ
3034 414 3218 484 ὀλίγου
3255 413 3577 482 διελθόντος,
3631 421 3737 473 ἐπ-

452 516 798 589 perquisivit,
831 506 955 586 quo'
986 529 1126 585 opus
1169 512 1406 568 habebat
1444 532 1458 567 :
1488 512 1637 583 quod
1666 510 1881 566 Domini
1906 514 2036 566 ἠο-

452 608 555 664 stri
586 608 762 675 gratia
798 606 1174 676 dispensatum
1205 612 1309 668 est,
1344 616 1405 658 ιιι
1436 608 1652 674 opinor,
1693 602 1789 673 qui
1827 601 2037 657 scilicet

451 703 572 756 vult
596 713 789 754 omnes
836 696 1090 751 homines
1115 694 1297 751 salvos
1327 694 1469 759 ﬁeri,
1503 700 1557 749 et
1587 692 1656 748 ad
1699 692 2035 764 agnitionem

450 790 699 846 veritatis
742 789 952 853 venire,
986 788 1340 858 ostenditque
1374 786 1647 842 mirabilia
1697 801 1799 840 sua
1840 785 1910 841 iis
1941 785 2034 856 qui

450 883 687 936 credunt
709 881 765 935 in
786 896 933 943 enin.
962 881 1030 937 ad
1052 880 1487 936 confutationem
1512 879 1803 949 impiorum
1829 887 1884 935 et
1912 878 2038 935 ﬁde-

450 973 587 1029 lium
622 973 1115 1029 conﬁrmationem.
1153 972 1464 1043 Inquirebal’.
1497 971 1662 1042 igitur
1690 970 2035 1028 Christianus

451 1067 566 1129 ille,
600 1065 683 1120 uti
708 1081 873 1137 supra
903 1065 1039 1130 dixi,
1066 1066 1387 1136 ampliorem
1420 1065 1675 1132 domum;
1704 1072 1758 1121 et
1789 1080 1915 1121 cum
1945 1067 2034 1120 in-

447 1157 692 1211 venisset
737 1156 794 1210 in
848 1157 1003 1222 urbe,
1058 1156 1223 1211 istinc
1278 1155 1464 1210 omnia
1519 1170 1619 1210 sua
1677 1171 1801 1210 cum
1836 1157 2035 1227 gaudio

449 1250 774 1319 asportavit,
806 1251 999 1305 relicta
1024 1267 1089 1305 ex
1127 1250 1223 1307 Dei
1263 1251 1610 1322 providentia
1639 1250 1853 1307 Domini
1897 1252 2035 1306 ima-

447 1343 596 1413 gine,
635 1351 695 1398 ut
721 1343 835 1413 jam
866 1345 1000 1400 dixi.

518 1520 681 1591 293
712 1521 765 1576 5.
805 1519 1031 1577 Iudaeus
1070 1538 1237 1593 porro
1269 1524 1490 1594 quidam
1532 1527 1745 1597 accepit
1770 1527 1827 1582 in
1854 1528 2034 1582 domi-

446 1614 635 1669 cilium
664 1614 888 1670 domum
920 1615 1094 1681 illam,
1128 1616 1184 1672 in
1206 1633 1317 1687 qua
1348 1619 1533 1674 stabat
1572 1620 1753 1692 imago
1783 1619 2030 1676 Domini:

446 1722 684 1778 cumque
712 1709 896 1763 omnia
941 1724 1041 1764 sua
1113 1709 1297 1766 isthuc
1336 1710 1634 1777 intulisset,
1686 1713 1741 1767 in
1775 1729 1838 1768 ea
1873 1715 2037 1770 domo

2136 506 2372 579 εζὴτησε
2402 502 2552 560 οἷκον
2583 505 2807 577 μείζονα
2832 506 2943 577 (15)
2975 510 3004 559 ὁ
3033 507 3356 579 Χριστιανὸς
3382 508 3459 572 ὡς
3485 510 3730 582 χρῄζων.

2138 596 2310 651 Τοῦτο
2339 597 2398 650 δὲ
2424 599 2458 669 ή
2485 596 2578 650 τοῦ
2606 597 2816 669 Κυρίου
2849 597 3008 669 ἡμῶν
3045 598 3220 667 Ἰησοῦ
3253 599 3492 670 Χριστοῦ
3525 601 3733 672 ᾠκονό-

2140 706 2281 760 μησε
2310 690 2490 761 χάρις,
2523 688 2600 755 ὥς
2626 707 2689 759 γε
2723 688 2834 758 ἐγὼ
2862 689 3142 761 πείθομαι,
3171 692 3265 745 τοῦ
3301 692 3545 755 Θέλοντος
3586 696 3730 749 πάν-

2134 797 2234 843 τας
2257 779 2577 852 ἀνθρώπους
2619 781 2881 850 σωθῆναι,
2913 783 3007 834 καὶ
3037 783 3117 845 εἰς
3148 782 3442 851 ἐπίγνωσιν
3469 786 3731 857 ἀληθείας

2134 870 2331 931 ἐλθεῖν,
2359 869 2617 923 δεικνύων
2645 868 2715 922 τὰ
2745 869 3027 940 θαυμάσια
3050 869 3215 922 αὑτοῦ
3238 874 3351 935 τοῖς
3380 872 3732 928 πιστεύουσιν

2135 964 2215 1026 εἰς
2248 962 2409 1015 αὐτὸν
2431 963 2512 1024 εἰς
2543 960 2764 1032 ἔλεγχον
2794 959 2902 1014 τῶν
2928 960 3161 1026 ἀσεϐῶν,
3199 964 3500 1033 στηριγμὸν
3524 964 3582 1017 δὲ
3618 965 3731 1016 τῶν

2135 1053 2364 1109 πιστῶν.
2405 1054 2618 1126 Ἐςήτει
2649 1050 2742 1108 οῦν
2770 1057 2799 1108 ὁ
2827 1055 3279 1127 Χρίστιανὸς,.ὼς
3310 1056 3467 1127 ἔφην,
3500 1059 3731 1128 μείζονα

2134 1141 2306 1211 οἷκον,
2331 1145 2426 1199 καὶ
2450 1144 2626 1216 εὑρών
2654 1163 2709 1199 τι
2736 1146 2845 1200 ἀπὸ
2868 1147 2969 1218 τῆς
2997 1148 3226 1212 πόλεως,
3257 1150 3492 1221 μετῆρεν
3520 1152 3726 1212 ἐκεῖσε,

2134 1238 2227 1291 καὶ
2265 1236 2405 1308 μετά
2453 1238 2629 1309 χαρᾶς
2675 1238 2853 1291 πάντα
2885 1236 2956 1291 τὰ
2996 1238 3185 1301 αὐτοῦ,
3233 1241 3327 1292 καὶ
3377 1242 3729 1295 καταλείπων

2135 1326 2194 1395 ἐξ
2244 1328 2555 1399 οἰκονομίας
2597 1327 2755 1393 Θεοῦ,
2788 1328 2889 1400 τὴν
2922 1330 3105 1383 εἰκόνα
3139 1329 3233 1383 τοῦ
3277 1332 3486 1403 Κυρίου
3517 1334 3727 1404 ἀφῆκε,

2133 1419 2276 1475 καθά
2308 1418 2465 1491 ἐςρην.

2205 1515 2258 1569 5.
2294 1514 2545 1577 Ἰουδαῖος
2560 1512 2618 1568 δέ
2650 1531 2735 1580 τις
2752 1512 2943 1567 ἐλαϐεν
2969 1514 3186 1586 ἐνοικίῳ
3210 1514 3301 1569 τὸν
3317 1512 3467 1571 οἶκον
3493 1518 3726 1580 ἐκεῖνον,

2134 1604 2265 1660 ἔνθα
2288 1607 2322 1672 ὴ
2346 1604 2509 1659 εἰκὼν
2529 1604 2622 1659 τοῦ
2640 1605 2848 1677 Κυρίου
2876 1606 3084 1660 ἵστατο.
3112 1607 3434 1676 Εἰσαγαγὼν
3465 1608 3523 1661 δὲ
3548 1611 3730 1663 πάντα

2134 1697 2205 1751 τὰ
2239 1698 2404 1752 αὐτοῦ
2427 1697 2726 1768 κατέμενεν
2759 1699 2818 1750 ἐν
2840 1697 2997 1769 οἴκῳ,
3034 1698 3110 1770 μὴ
3140 1698 3421 1772 θεωρήσας
3450 1702 3553 1772 τὴν
3577 1703 3727 1756 εἰκό-

448 1801 793 1868 morabatur,
832 1817 942 1857 non
1005 1801 1296 1858 advertens
1351 1804 1644 1875 imaginem
1700 1805 1915 1861 Domini
1961 1808 2035 1863 ibi

2143 1807 2204 1844 να
2220 1789 2313 1844 τοῦ
2340 1791 2572 1863 Κυρίου,
2602 1790 2684 1843 ὅτι
2716 1790 2904 1844 ἵστατο
2933 1792 3068 1845 ἐκεῖ.
3110 1792 3246 1846 otes
3273 1792 3383 1865 γὰρ
3414 1793 3609 1865 ἐνόησε
3636 1795 3729 1848 τὸν

447 1898 616 1947 stare.
663 1889 851 1960 Neque
879 1890 1024 1945 enim
1071 1890 1285 1945 deloco
1329 1892 1423 1947 illo
1477 1894 1764 1964 cogitarat,
1811 1895 1907 1952 sed
1952 1896 2036 1949 in-

447 1997 674 2052 gressus
697 1983 920 2037 domum
950 1983 1006 2036 in
1030 1997 1093 2036 ea
1123 1982 1396 2038 manebat.
1418 1983 1665 2049 Quadam
1682 2001 1813 2041 vero
1834 1987 1923 2042 die
1952 1989 2035 2042 in-

448 2077 641 2131 vitavit
668 2075 889 2132 Judzeus
915 2078 1005 2131 ille
1044 2077 1410 2133 contribulem
1443 2080 1733 2150 quemdam
1765 2096 1926 2136 suum
1967 2083 2032 2138 ad

447 2167 765 2237 prandium.
820 2166 954 2220 Dum
999 2167 1330 2237 pranderent
1375 2178 1580 2235 autem,
1612 2172 1771 2226 elatis
1812 2170 2035 2230 Judarus

447 2258 518 2312 ad
547 2258 835 2328 prandium
861 2257 1124 2313 invitatus
1138 2259 1314 2315 oculis
1344 2261 1413 2314 ad
1441 2261 1736 2330 imaginem
1762 2264 2032 2333 cruciﬁxi,

447 2350 654 2405 multas
687 2365 755 2405 ex
798 2364 906 2420 quo
959 2350 1193 2407 advertit
1243 2351 1394 2406 illam
1426 2357 1482 2406 et
1520 2351 1789 2409 nefandas
1846 2353 2034 2415 intulit

448 2442 529 2497 illi
571 2442 952 2507 contumelias,
985 2459 1126 2512 quas
1158 2459 1268 2498 non
1312 2442 1490 2499 ausim
1523 2444 1803 2511 scribere,
1836 2446 1978 2501 absit
2003 2462 2036 2501 a

453 2534 575 2588 me!
609 2549 745 2606 quas
770 2542 956 2588 tamen
987 2534 1077 2588 ille
1117 2534 1419 2591 sceleratus
1445 2530 1668 2587 Judaaus
1695 2542 1888 2588 contra
1922 2534 2036 2589 Sal-

447 2636 695 2681 vatorem
752 2632 1005 2679 nostrum
1058 2625 1329 2695 protulit,
1384 2625 1577 2680 videns
1623 2626 1771 2680 illam
1818 2625 2034 2683 Domini

447 2717 763 2788 imaginem.
797 2715 1019 2772 Iudaeus
1049 2725 1229 2772 autem
1257 2718 1350 2788 qui
1378 2718 1661 2784 invitarat,
1696 2719 2030 2786 afﬁrmabat,

447 2811 651 2882 aliique
695 2809 884 2864 Judazo
939 2810 1185 2876 dicebat,
1236 2825 1295 2865 se
1350 2810 1593 2866 nondum
1642 2811 1791 2866 illam
1827 2813 2034 2870 vidisse

448 2903 765 2975 imaginem.
801 2901 1072 2972 Siluitque
1100 2902 1147 2956 is
1166 2902 1258 2971 qui
1294 2902 1471 2957 fuerat
1499 2902 1803 2958 invitatus:
1838 2904 2031 2960 absce-

448 2994 586 3050 dens
633 3003 815 3051 autem
865 2994 1001 3049 adiit
1052 2992 1409 3058 sacerdotes,
1457 2992 1821 3064 Judaeumque
1879 2996 2035 3049 illum

449 3086 731 3142 accusavit
776 3085 864 3140 bis
906 3084 1088 3139 verbis
1125 3103 1138 3138 :
1174 3082 1349 3138 Homo
1386 3084 1478 3139 ille
1505 3084 1672 3139 habet
1698 3086 1847 3140 domi
1897 3087 2033 3142 ima-
2061 3121 2102 3178 ε

448 3177 628 3247 ginem
646 3173 887 3233 Nazaraei
907 3193 921 3241 ;
941 3175 1058 3244 qui,
1076 3174 1163 3230 his
1191 3174 1412 3238 auditis,
1433 3190 1632 3245 magno
1649 3175 1836 3233 furore
1857 3180 2034 3250 reple-

449 3268 490 3320 ti
516 3273 668 3329 sunt,
702 3280 768 3319 co
789 3275 968 3319 tamen
1004 3279 1230 3334 vespere
1259 3265 1609 3334 quieverunt.

521 3357 577 3412 4.
614 3358 843 3412 ineunte
878 3357 1003 3411 luce
1031 3364 1318 3427 sequente,
1346 3368 1633 3430 assumpto
1663 3354 1850 3415 secum
1874 3361 2030 3433 prin-

452 3449 606 3519 cipes
637 3449 987 3505 sacerdotum
1028 3448 1217 3507 Judaeo
1243 3451 1335 3520 qui
1375 3452 1544 3506 alium
1574 3460 1883 3518 accusarat,
1911 3469 2036 3521 cum

450 3558 651 3615 magna
699 3542 887 3614 populi
930 3542 1017 3598 sui
1062 3542 1404 3614 frequentia,
1446 3543 1669 3598 domum
1730 3546 2038 3601 concedunt

449 3634 648 3703 Judaei,
669 3638 724 3691 in
748 3651 857 3707 qua
887 3636 1065 3692 stabat
1094 3638 1276 3708 imago
1310 3636 1525 3692 Domini
1550 3655 1564 3691 :
1596 3653 1721 3692 cum
1756 3640 2039 3708 pervenis-

455 3737 582 3782 sent
608 3729 677 3783 ad
710 3729 919 3797 locum,
943 3728 1189 3785 insiliere
1218 3729 1493 3800 principes
1512 3729 1859 3785 sacerdotum
1883 3741 2039 3790 etse-

452 3818 640 3874 niores
668 3833 792 3873 cum
821 3835 887 3874 eo
917 3820 1013 3891 qui
1052 3835 1168 3875 rem
1206 3820 1501 3886 indicarat,
1532 3821 1735 3891 illoque
1764 3837 2039 3877 common-

454 3920 666 3968 strante
702 3913 997 3983 imaginem
1027 3911 1242 3969 Domini
1290 3920 1529 3971 stantem
1572 3914 1849 3970 viderunt.
1898 3912 2037 3968 Tum

451 4006 643 4062 furore
692 4021 889 4076 magno
921 4007 1133 4077 repleti,
1184 4004 1434 4061 Judaeum
1482 4006 1539 4061 in
1570 4007 1734 4063 domo
1765 4008 1856 4062 illa
1886 4023 2037 4062 com-

454 4102 761 4152 morantem
812 4111 1090 4168 synagoga
1135 4097 1442 4166 eiecerunt.
1499 4086 1797 4168 Imaginem
1855 4109 2036 4154 autem

372 4172 377 4175 “
452 4187 670 4243 Domini
699 4190 877 4243 nostri
905 4185 1035 4243 Jesu
1059 4188 1265 4245 Christi
1299 4203 1424 4242 cum
1453 4188 1823 4254 demisissent,
1852 4205 2038 4245 secum

453 4281 533 4335 ita
566 4281 734 4337 locuti
778 4290 908 4338 sunt
936 4301 951 4338 :
985 4282 1455 4349 Quemadmodum
1487 4289 1673 4352 patres
1711 4282 1886 4337 nostri
1915 4282 2040 4335 illu-

456 4382 653 4430 serunt
688 4375 791 4445 ipsi
833 4376 930 4444 (ita
959 4382 1014 4430 et
1041 4390 1142 4430 nos
1167 4377 1217 4430 ei
1264 4374 1611 4447 illudamus).
1648 4373 1786 4429 Tum
1819 4390 2041 4446 ccepere

2135 1883 2301 1936 τόπον
2328 1885 2558 1948 ἐκεῖνον,
2609 1881 2724 1937 ἀλλ’
2751 1882 3007 1939 εἰσελθὼν
3042 1889 3359 1957 κατέμενεν.
3409 1888 3497 1942 Ἑν
3525 1891 3626 1961 μιᾷ
3671 1890 3729 1943 δὲ

2134 1978 2243 2031 τῶν
2271 1977 2495 2050 ἡμερῶν
2524 1977 2787 2033 ἐκάλεσεν
2821 1978 2850 2030 ὁ
2874 1980 3036 2044 αὐτὸς
3065 1979 3317 2043 Ἰουδαῖος
3345 1979 3597 2034 σύνεθνον
3625 1983 3729 2035 αύ-

2135 2070 2231 2124 τοῦ
2262 2070 2355 2123 ἐπὶ
2387 2071 2629 2141 ἄριστον.
2662 2073 2775 2125 Καὶ
2814 2075 2872 2128 ἐν
2904 2071 2982 2143 τῷ
3009 2073 3238 2145 ἁριστᾷν
3262 2073 3480 2138 αὐτοὺς,
3510 2073 3729 2146 ἐπάρας

2134 2165 2262 2226 τοὺς
2293 2162 2607 2234 ὀφθαλμοὺς
2632 2163 2798 2217 αὐτοῦ
2831 2167 2859 2217 ὁ
2883 2164 3106 2235 κληθεὶς
3126 2164 3378 2228 Ἰουδαῖος
3405 2167 3486 2227 εἰς
3520 2165 3621 2237 τὴν
3647 2168 3727 2220 εἰ-

2135 2256 2268 2310 κόνα
2302 2254 2397 2307 τοῦ
2432 2255 2871 2326 ἐσταυρωμένου,
2900 2257 3017 2309 ἐκεῖ
3048 2254 3234 2328 ὕϐρεις
3267 2256 3593 2327 παμπόλλας
3632 2257 3731 2311 καὶ

2136 2345 2449 2418 ἀθεμίτους,
2496 2347 2589 2416 ἀφ’
2618 2342 2686 2419 ἧς
2718 2347 2869 2419 ὥρας
2927 2344 3036 2402 εἶδε
3069 2348 3169 2418 τὴν
3215 2349 3399 2402 εἰκόνα
3428 2347 3522 2402 τοῦ
3565 2348 3726 2413 Θεοῦ,

2136 2437 2258 2492 κατ’
2288 2439 2459 2510 αὐτῆς
2492 2433 2636 2502 εἶπε,
2673 2439 2740 2503 ἃς
2780 2440 2841 2492 ού
2870 2439 3077 2510 τολμῶ,
3106 2438 3180 2511 μὴ
3209 2440 3451 2509 γένοιτοί
3490 2440 3725 2512 γράψαι,

2137 2530 2316 2601 ἆσπερ
2351 2526 2503 2583 εἶπεν
2536 2529 2677 2584 κατὰ
2712 2530 2806 2585 τοῦ
2842 2531 3095 2603 Σωτῆρος
3148 2531 3305 2603 ἡμῶν
3332 2535 3362 2586 ὁ
3408 2534 3730 2605 παράνομος

2149 2623 2421 2687 Ἰουδαῖος,
2458 2624 2581 2678 ἰδὼν
2609 2624 2704 2696 τὴν
2735 2625 2921 2680 εἰκόνα
2971 2625 3066 2679 τοῦ
3108 2625 3337 2697 Κυρίου.
3384 2625 3727 2698 Ἐπληροφό-

2139 2733 2274 2788 ρησε
2302 2716 2359 2769 δὲ
2388 2718 2553 2780 αὐτὸς
2580 2717 2673 2771 τὸν
2697 2716 2968 2788 κληθέντα
3003 2719 3253 2773 Ἰουδαῖον
3281 2719 3476 2790 λέγων,
3504 2721 3586 2773 ὅτι
3613 2721 3728 2773 Μέ-

2135 2823 2227 2880 χρι
2255 2807 2351 2860 τοῦ
2386 2809 2655 2879 παρόντος
2688 2810 2788 2863 οὐκ
2821 2805 2958 2863 εἶδον
2997 2810 3095 2883 τὴν
3122 2812 3306 2866 εἰκόνα
3353 2812 3560 2884 ταύτην
3613 2813 3729 2867 Καὶ

2136 2898 2444 2971 ἐσιώπησεν
2482 2903 2510 2954 ό
2543 2900 2784 2972 κληθείς.
2822 2903 3098 2958 Ἀπελθὼν
3128 2904 3185 2957 δὲ
3217 2905 3352 2976 πρὸς
3386 2907 3516 2969 τοὺς
3540 2906 3732 2978 ἀρχιε-

2142 2995 2272 3063 ρεῖς,
2302 2992 2576 3047 διαϐάλλει
2610 2994 2701 3048 τὸν
2738 2995 2988 3049 Ἰουδαῖον
3032 2996 3132 3072 τὸν.
3150 2999 3215 3051 ἐκ
3253 2997 3333 3068 τῷ
3359 2999 3495 3069 οἴκῳ
3528 2997 3727 3066 λέγων,

2136 3089 2218 3141 ὅτι
2273 3088 2330 3141 '0
2359 3087 2506 3142 δεῖνα
2557 3087 2742 3142 εἰκόνα
2779 3089 2893 3160 ἕχει
2926 3088 3021 3143 τοῦ
3050 3089 3372 3162 Ναζωραίου
3401 3092 3462 3144 ἐν
3483 3090 3563 3161 τῷ
3592 3092 3732 3162 οἴκῳ

2137 3179 2325 3234 αὐτοῦ.
2352 3180 2415 3234 Οἱ
2438 3180 2494 3233 δέ
2524 3179 2854 3244 ἀκούσαντες
2882 3180 3226 3252 ἐπλήσθησαν
3255 3181 3426 3254 θυμοῦ
3464 3183 3732 3254 μεγάλου,

2137 3272 2232 3325 καὶ
2255 3272 2353 3344 τὴν
2380 3273 2617 3344 ἑσπέραν
2647 3273 2860 3344 ἐκείνην
2889 3273 3189 3345 ἡσύχασαν.

2208 3365 2261 3418 4.
2299 3366 2516 3437 Πρωῖας
2545 3366 2603 3420 δὲ
2632 3366 2736 3436 ἤδη
2767 3365 3085 3438 γενομένης,
3118 3367 3647 3440 παραλαμϐάνουσιν
3678 3369 3732 3421 οἱ

2139 3459 2417 3529 ἀρχιερεῖς
2459 3456 2621 3510 αὐτὸν
2677 3458 2769 3513 τὸν
2827 3457 3180 3512 διαϐάλλοντα
3208 3459 3299 3512 τὸν
3346 3460 3599 3514 Ἰουδαῖον
3635 3461 3734 3515 καὶ

2139 3548 2294 3617 δχλον
2327 3546 2519 3601 πολλὸν
2559 3545 2744 3611 ἔθνους
2786 3547 2987 3613 αὐτῶν,
3042 3549 3137 3602 καὶ
3178 3549 3512 3620 ἀπέρχονται
3554 3552 3611 3603 ἐν
3650 3550 3732 3621 τῷ

2140 3643 2275 3712 οἴκῳ
2303 3641 2397 3694 τοῦ
2437 3642 2716 3708 Ἰουδαίου,
2751 3642 2882 3697 ἔνθα
2909 3646 2943 3716 ἡ
2977 3644 3141 3698 εἰκὼν
3165 3645 3259 3698 τοῦ
3292 3648 3499 3718 Κυρίου
3519 3647 3755 3700 ἵστατο..

2141 3732 2424 3803 Γενόμενοι
2471 3733 2563 3786 ἐπὶ
2595 3733 2689 3788 τοῦ
2724 3734 2913 3801 τόπου,
2964 3737 3327 3809 εἰσεπήδησαν
3368 3741 3417 3792 οἰ
3450 3740 3733 3811 ἀρχιερεξ

2143 3824 2234 3876 καί¹
2265 3824 2313 3876 οἰ
2348 3824 2711 3896 πρεσϐύτεροι
2744 3828 2842 3880 σὺν
2863 3825 2939 3898 τῷ
2961 3828 3541 3898 καταμηνύσαντι,καὶ
3558 3832 3733 3902 ὁρῶσι

2142 3913 2240 3986 τὴν
2272 3916 2458 3969 εἰκόνα
2484 3916 2579 3969 τοῦ
2600 3916 2805 3989 Κυρίου
2839 3920 3156 3992 ἱσταμένην,
3176 3920 3556 3986 ὑποδείξαντος
3583 3925 3735 3977 ἐκεί-

2141 4025 2256 4061 νου.
2314 4008 2448 4061 Τότε
2512 4007 2853 4080 θυμωθέντες
2904 4012 3140 4085 σφόδρα,
3192 4014 3285 4067 τὸν
3326 4015 3423 4085 μὲν
3477 4015 3734 4071 Ἰουδαῖον

2142 4097 2233 4150 τὸν
2266 4099 2621 4154 κατοικοῦντα
2647 4101 2705 4155 ἐν
2737 4102 2814 4173 τῷ
2832 4103 2966 4175 οἴκῳ
3002 4105 3425 4175 ἀποσυνάγωγον
3466 4109 3737 4179 ποιῆσαν-

2142 4206 2235 4250 τες
2267 4189 2473 4260 ἤλασαν
2494 4207 2507 4219 ⁸
2551 4191 2650 4262 τὴν
2684 4192 2740 4245 δὲ
2773 4192 2961 4248 εἰκόνα
2992 4194 3083 4249 τοῦ
3118 4196 3324 4267 Κυρίου
3354 4197 3511 4268 ἡμῶν
3549 4199 3735 4270 Ἰησοῦ

2142 4279 2378 4352 Χριστοῦ
2403 4283 2801 4351 καταναγόντες
2818 4285 3044 4355 ἔφησαν,
3060 4288 3140 4341 ὅτι
3155 4286 3350 4352 Καθὼς
3369 4289 3461 4342 καὶ
3488 4291 3537 4341 οἱ
3563 4291 3735 4345 πατέ-

2148 4388 2237 4440 ρες
2264 4371 2419 4442 ἡμῶν
2458 4370 2745 4440 ἐνέπαιξαν
2771 4374 2934 4428 αὑτὸν
2961 4376 2992 4409 ³⁸⁸
3026 4375 3145 4429 τότε
3169 4375 3264 4430 τὸν
3295 4377 3556 4432 τοιοῦτον.
3592 4381 3734 4434 Τότε

456 4483 762 4538 oonspuere
816 4468 871 4522 in
930 4467 1124 4523 faciem
1170 4470 1425 4541 imaginis
1462 4468 1718 4535 Domini,
1783 4472 2033 4542 colaphis

2146 4461 2379 4533 ἤρξαντο
2405 4463 2671 4531 ἐμπτύειν
2718 4466 2799 4529 εἰς
2829 4466 2891 4519 τὸ
2918 4466 3211 4537 πρόσωπον
3236 4468 3400 4523 αὐτοῦ
3426 4470 3528 4541 τῆς
3565 4472 3734 4541 ἁγίας

457 4561 688 4615 eam-in
730 4559 924 4615 faciem
980 4562 1110 4615 hinc
1165 4570 1220 4617 et
1271 4563 1400 4618 inde
1453 4563 1811 4620 ceciderunt.
1877 4564 2038 4618 Dum-

457 4668 568 4724 que
609 4652 881 4708 caederent
922 4654 1180 4708 aiebant:
1233 4655 1585 4725 Qumcunque
1631 4663 1818 4726 patres
1864 4658 2037 4711 nostri

460 4745 662 4810 fecere,
694 4744 880 4801 omnia
914 4759 1014 4800 nos
1047 4755 1241 4800 contra
1268 4747 1392 4816 ejus
1420 4747 1713 4818 imaginem
1746 4746 2037 4805 faciamus.

458 4835 808 4900 Audivimus,
839 4835 1015 4900 aiunt,
1046 4836 1283 4892 ludibria
1309 4838 1367 4892 in
1391 4853 1517 4892 eum
1548 4839 1883 4904 contulisse,
1907 4838 2042 4910 idip—

460 4944 585 4988 sum
628 4944 730 4985 nos
760 4944 1025 5000 agamus.
1088 4927 1306 4984 inﬁnita
1354 4930 1520 5002 igitur
1567 4930 1808 4986 ludibria
1851 4932 1911 4993 in
1944 4932 2038 4988 Dei

460 5026 754 5097 imaginem
807 5024 1111 5080 contulere.
1164 5022 1369 5080 Vereor
1401 5024 1559 5081 vobis
1585 5040 1650 5081 ea
1696 5025 1869 5096 loqui,
1918 5042 2040 5097 qua:

460 5123 579 5171 tum
614 5116 692 5171 illi
715 5124 847 5172 sunt
868 5116 1010 5170 ausi.
1069 5115 1239 5170 Aiunt
1265 5116 1497 5172 deinde:
1543 5117 1874 5173 Audivimus
1914 5116 2039 5188 (pa-

419 5209 426 5216 '
459 5217 575 5267 tres
605 5210 845 5280 nostros)
872 5210 1044 5265 clavis
1073 5224 1270 5264 manus
1296 5217 1352 5265 et
1379 5209 1547 5279 pedes
1574 5211 1697 5281 ejus
1722 5210 2037 5277 conﬁxisse,

461 5304 517 5359 id
553 5310 607 5359 et
635 5318 739 5359 nos
764 5303 1052 5359 faciamus.
1093 5301 1231 5356 Tum
1258 5302 1426 5372 pedes
1469 5318 1776 5374 manusque
1805 5301 2044 5359 Domini-

462 5412 541 5450 caa
576 5397 830 5466 imaginis
877 5395 1154 5451 conﬁxere
1187 5396 1380 5452 clavis.
1437 5394 1638 5452 lterum
1673 5397 1827 5451 aiunt
1857 5395 2044 5451 furore

462 5491 700 5559 correpti
730 5508 771 5544 ε·
795 5488 1121 5544 Audivimus
1145 5505 1243 5546 eos
1277 5497 1437 5545 aceto
1462 5497 1518 5545 et
1552 5491 1678 5546 felle
1719 5506 1845 5546 eum
1877 5505 2043 5560 spon-

536 5658 646 5725 (l5)
686 5659 987 5734 ln_(}oncil.
1037 5660 1181 5734 Nic"
1211 5662 1518 5734 ἐπεζήτησε
1566 5663 1787 5733 μιτᾶτον
1837 5661 2039 5734 μεῖζον.

469 5728 545 5785 De
572 5745 723 5797 voce,
759 5732 997 5784 Μιτατον
1052 5731 1184 5789 Vide
1224 5738 1278 5787 in
1310 5728 1676 5788 Oiioi'nasiico.

2144 4553 2351 4616 εἰκόνος
2383 4554 2476 4607 τοῦ
2494 4555 2722 4627 Κυρίου,
2747 4556 2842 4610 καὶ
2857 4557 3160 4628 ἐρῤἀπισαν
3189 4559 3359 4630 αὐτὴν
3384 4560 3525 4613 κατά
3549 4562 3734 4633 πρόσ-

2145 4663 2298 4698 ωπον
2334 4645 2484 4700 ἐνθεν
2530 4648 2622 4701 καὶ
2655 4647 2804 4702 ἐνθεν
2837 4649 2970 4722 (16).
3003 4652 3113 4704 Καὶ
3142 4651 3345 4723 ταύτην
3379 4654 3731 4725 ραπίζοντες,

2142 4737 2353 4807 ἔλεγονο
2394 4740 2534 4792 Ὅσα
2561 4739 2822 4812 ἐποίησαν
2848 4741 2896 4793 οἰ
2923 4740 3157 4813 πατέρες
3178 4743 3358 4813 ἡμῶν,
3391 4744 3571 4798 πάντα
3608 4763 3735 4800 ποι·-

2143 4830 2365 4902 ήσωμεν
2396 4830 2493 4883 καὶ
2541 4833 2701 4902 ἡμεῖς
2731 4835 2798 4904 τῇ
2830 4834 3000 4888 εἰκόνι
3043 4834 3230 4890 αὑτοῦ.
3296 4837 3406 4890 Καὶ
3439 4836 3729 4906 λέγουσιν·

2156 4921 2519 4992 Ἠκούσαμεν,
2570 4923 2653 4977 ότι
2712 4924 3002 4989 ἐνέπαιξαν
3046 4925 3216 4997 αὐτῷ,
3256 4928 3351 4981 καὶ
3382 4930 3548 4999 ἡμεῖς
3593 4930 3734 4983 αὐτὸ

2144 5014 2478 5085 ποιήσωμεν.
2519 5015 2886 5088 Ἐμπαιγμοῖς
2917 5014 3010 5072 οὖν
3037 5019 3286 5091 ἀπείροις
3336 5019 3627 5084 ἐνέπαιξαν
3660 5024 3731 5093 τῇ

2143 5102 2312 5155 εἰκόνι
2338 5102 2432 5155 τοῦ
2459 5102 2618 5158 Θεοῦ.
2658 5105 2873 5177 Ἀπορῶ
2898 5106 2954 5160 δὲ
2983 5107 3158 5177 λέγειν
3187 5109 3315 5178 ὑμῖν
3338 5109 3367 5162 ὅ
3396 5108 3517 5163 τότε
3548 5111 3736 5164 τετόλ-

2147 5211 2336 5265 μηται.
2359 5191 2494 5247 Εἶτα
2533 5194 2780 5264 λέγουσιν
2799 5213 2812 5227 ·
2863 5197 3225 5268 Ἦκούσαμεν,
3274 5201 3357 5253 ὅτι
3383 5201 3601 5271 ἣλωσαν
3628 5204 3731 5256 αὐ-

2144 5284 2236 5339 τοῦ
2266 5285 2365 5350 τὰς
2395 5289 2585 5357 χεῖρας
2614 5288 2707 5342 καὶ
2734 5290 2858 5353 τοὺς
2880 5289 3046 5369 πόδας
3065 5308 3077 5320 ·
3110 5291 3269 5344 τοῦτο
3295 5292 3390 5345 καὶ
3417 5293 3582 5364 ἡμεῖς
3609 5311 3733 5347 ποι-

2146 5378 2387 5447 ήσωμεν.
2422 5377 2557 5432 Τότε
2590 5380 2684 5432 καὶ
2705 5381 2830 5443 τοὺς
2853 5381 3022 5447 πόδας
3056 5383 3150 5437 καὶ
3171 5383 3267 5447 τὰς
3296 5386 3487 5453 χεῖρας
3506 5385 3604 5456 τῆς
3632 5385 3731 5438 τοῦ

2146 5468 2352 5540 Κυρίου
2384 5471 2590 5535 εἰκόνος
2623 5471 2828 5544 ἔπηξαν
2867 5473 3049 5545 ἥλους,
3088 5475 3255 5529 Πάλιν
3286 5475 3508 5545 λέγουσι
3550 5494 3732 5549 μεμη-

2219 5663 2334 5787 (llfi)
2385 5663 2462 5719 lta
2502 5665 2742 5724 Coibcrt.
2811 5668 2865 5724 1.
2916 5667 3100 5736 Editi,
3155 5669 3370 5734 ἔνθεον,
3399 5670 3497 5722 καὶ
3524 5668 3733 5737 ἔνθεον,

2219 5752 2235 5785 ι
2263 5751 2311 5787 e.

2150 5751 2311 5789 male.
