3836 6194
122 356 236 418 ὃω

1034 357 1122 412 DE
1157 357 1349 414 PASS.
1389 356 1700 414 IMAGINIS
1737 357 1797 411 D.
1837 354 1903 409 N.
1944 354 2111 413 JESU
2148 357 2450 415 CHRISTI.

3271 365 3382 420 810

124 471 283 538 νότες
301 489 316 503 ο
358 471 721 543 Ἦκούσαμεν,
747 472 827 525 ὅτι
856 472 976 537 ὅξος
1004 474 1098 527 καὶ
1123 474 1284 545 χολὴν
1313 475 1569 529 ὲπότισαν
1601 474 1702 527 αὺ-

1810 474 1895 544 gia
1934 483 2159 544 potasse
2208 475 2359 530 illum
2394 494 2406 530 :
2443 474 2497 530 id
2526 490 2626 532 nos
2655 491 2872 546 quoque
2896 476 3203 545 faciamus;
3233 482 3380 550 quod

125 565 222 619 τὸν
254 563 395 634 μετά
426 563 693 633 σπόγγου·
740 565 1052 635 ποιήσωμεν
1082 566 1215 619 αὐτὸ
1253 566 1348 620 καὶ
1380 568 1542 637 ἡμεῖς
1562 582 1577 596 ο
1614 567 1709 619 καὶ

126 659 398 727 ἐποίησαν
428 657 754 724 προσθέντες
778 660 857 722 είς
888 658 949 711 τὸ
978 658 1151 730 στόμα
1179 659 1273 713 τοῦ
1307 660 1510 731 Κυρίου
1541 660 1710 728 σπόγ-

123 765 225 817 γον
252 746 378 813 ὅξου
411 746 854 818 πεπληρωμένον.
875 746 1045 802 Πάλιν
1077 747 1328 816 λέγουσι’
1370 747 1709 819 Μεμαθὴκα-

127 857 252 911 μεν,
273 841 359 892 ὅτι
395 839 625 911 καλάμῳ
651 839 849 909 έτυψαν
876 840 1041 894 αὐτοῦ
1067 839 1165 911 τὴν
1193 840 1436 910 κεφαλὴν
1469 841 1518 892 οἱ
1544 841 1709 893 πατέ-

127 949 223 1002 ρες
252 931 416 1002 ἡμῶν
433 948 447 962 °
475 932 537 984 τὸ
567 932 698 985 αὐτὸ
723 932 818 986 καὶ
844 934 1005 1002 ἡμεῖς
1027 933 1361 1002 ποιήσωμεν.
1379 934 1493 986 Καὶ
1516 932 1708 985 λαϐόν-

121 1038 217 1084 τες
240 1021 489 1091 κάλαμον
520 1020 749 1074 ἔτυπτον
776 1021 874 1092 τὴν
899 1021 1140 1092 κεφαλὴν
1168 1023 1265 1092 τῆς
1287 1023 1512 1085 εἰκόνος.
1541 1022 1707 1085 Τέλος

117 1111 313 1166 λοιπὸν
352 1111 623 1180 λέγουσιν,
662 1111 738 1173 ὡς
772 1110 1036 1180 Ἀκριὸὦς
1082 1111 1422 1182 μανθάνομεν
1450 1150 1467 1176 ,
1499 1112 1580 1166 ὅτι
1608 1110 1706 1182 τὴν

117 1203 370 1275 πλευρὰν
394 1202 557 1256 αὐτοῦ
582 1203 749 1273 λόγχῃ
777 1202 1024 1273 ἤνοιξαν·
1062 1202 1226 1274 μηδὲν
1252 1203 1703 1273 παραλείψωμεν,

118 1292 261 1347 ἀλλὰ
295 1292 621 1364 προσθῶμεν
668 1292 765 1345 καὶ
808 1292 986 1346 τοῦτο.
1046 1295 1382 1364 Ποιήσαντες
1421 1292 1703 1365 ἐνεχθῆναι

116 1390 347 1461 λόγχην,
379 1388 719 1460 ἐπέστρεψάν
742 1405 847 1442 τινι
871 1389 1052 1443 αὐτῶν
1071 1385 1201 1461 ἆραι
1227 1390 1327 1459 τὴν
1345 1389 1547 1463 λόγχην
1568 1408 1581 1421 ·
1611 1393 1706 1446 καὶ

115 1480 271 1553 ἀρὼν
307 1480 452 1535 κατά
479 1482 578 1551 τῆς
604 1481 810 1546 εἰκόνος
834 1481 929 1534 τοῦ
970 1468 1203 1554 Κυρίου,
1239 1483 1445 1548 εὐθέως
1484 1479 1576 1539 οὖν
1610 1487 1707 1539 ἀν-

114 1575 318 1630 έϐλυσε
339 1575 541 1646 πλῆθος
563 1575 791 1646 αἵματος
808 1576 902 1629 καὶ
922 1574 1113 1638 ὓδατος
1137 1574 1196 1640 ἐξ
1217 1575 1409 1645 αὐτῆς.

188 1668 243 1723 5.
277 1668 506 1738 Χριστὲ,
535 1667 663 1732 δόξα
690 1683 799 1720 σοι·
831 1668 1205 1738 ἀκατάληπτε,
1228 1668 1355 1736 δόξα
1377 1668 1594 1733 σοι.Τίς
1625 1668 1704 1731 ὡς

1813 573 1867 622 et
1888 565 2160 632 fecerunt,
2195 568 2445 638 apposita
2463 568 2546 622 ori
2580 566 2798 622 Domini
2833 569 3061 639 spongia
3098 579 3250 625 aceto
3276 570 3367 640 ple

1809 675 1899 714 na.
1962 659 2201 715 Rursum
2256 660 2556 731 inquiunt:
2616 658 2919 716 Didicimus
2950 669 3133 730 patres
3160 671 3379 718 nostros

1808 750 2081 806 arundine
2114 752 2459 821 percussisse
2488 760 2653 821 caput
2684 753 2838 821 ejus;
2870 751 3106 822 idipsum
3136 768 3236 809 nos
3259 768 3381 824 aga-

1810 858 1955 898 mus.
1983 843 2322 913 Arreptaque
2350 843 2622 898 arundine
2650 844 3026 914 percutiebant
3058 853 3222 915 caput
3247 846 3385 900 ima-

1809 934 1973 1002 ginis.
2028 931 2254 987 Domum
2285 934 2473 988 aiunt:
2504 934 2775 990 Accurate
2805 934 3098 991 didicimus
3141 951 3237 991 eos
3267 936 3384 989 lan-

1806 1038 1902 1079 cea
1925 1025 2069 1081 latus
2098 1025 2219 1093 ejus
2242 1026 2547 1095 aperuisse,
2579 1026 2716 1080 nihil
2741 1028 3092 1092 omittamus,
3122 1028 3219 1085 sed
3247 1029 3382 1083 illud

1805 1129 2025 1185 quoque
2052 1115 2402 1185 adjiciamus.
2453 1114 2834 1186 Lanceamque
2877 1116 3059 1172 afferri
3094 1127 3379 1184 curarunt,

1805 1222 1870 1262 ac
1892 1208 2112 1277 jussere
2159 1208 2377 1263 cuidam
2400 1224 2430 1264 e
2461 1209 2576 1264 suis
2599 1218 2659 1263 ut
2685 1209 2932 1265 lanceam
2969 1211 3207 1266 vibraret
3231 1231 3243 1265 :
3272 1227 3382 1282 qua

1804 1298 2021 1353 vibrata
2061 1299 2117 1352 in
2150 1298 2441 1369 imaginem
2483 1298 2721 1370 Domini,
2753 1302 2938 1357 statim
2967 1316 3034 1359 ex
3072 1303 3165 1357 illa
3194 1318 3384 1359 mana-

1804 1390 1883 1441 vit
1915 1387 2199 1458 sanguinis
2234 1395 2289 1443 et
2319 1403 2474 1459 aquae
2499 1389 2681 1460 copia.

1875 1650 1930 1705 5.
1968 1648 2153 1709 Gloria
2191 1649 2314 1712 tibi,
2357 1646 2573 1707 Christe
2611 1669 2624 1705 :
2661 1650 2757 1721 qui
2802 1651 3378 1722 incomprehensibilis

118 1762 207 1827 σὺ,
225 1760 516 1824 Δέσποτα;
548 1760 644 1822 Τίς
675 1759 813 1830 πλὴν
847 1759 965 1825 σοῦ,
989 1759 1142 1824 Θεὸς,
1165 1760 1333 1815 ποιῶν
1366 1761 1574 1833 φοϐερὰ
1604 1762 1701 1816 καὶ

1810 1757 1888 1805 es,
1918 1742 2090 1810 gloria
2119 1741 2236 1795 tibi.
2268 1739 2404 1807 Quis
2427 1742 2528 1796 tibi
2557 1743 2773 1810 similis,
2792 1742 3054 1799 Domine?
3082 1743 3216 1810 Quis
3242 1761 3381 1815 prae-

115 1822 374 1921 éﬁal’ata;
412 1853 477 1904 Ὢ
504 1822 603 1905 τοῦ
654 1822 960 1923 θαύματος⁷
986 1822 1215 1923 τῆς-τοῦ
1248 1822 1514 1925 Σωτῆρος.
1546 1854 1703 1925 ἡμῶν

1810 1841 1892 1887 ter
1930 1840 1983 1887 te
2014 1830 2221 1888 faciens
2254 1831 2521 1886 terribilia
2550 1838 2606 1887 et
2642 1833 2928 1903 prodigia?
2974 1831 3019 1888 O
3052 1835 3379 1890 miraculum

118 1943 578 2015 μεγαλειότητοςί
630 1943 856 2014 ἕφριξαν
892 1943 1107 2015 ἀληθῶς
1131 1946 1188 1998 αί
1219 1943 1332 1997 ἄνω
1360 1945 1513 2012 ἆγιαι
1541 1945 1702 1999 δυνά-

119 2049 245 2102 μεις
274 2031 374 2085 καὶ
396 2032 489 2083 ἐπὶ
516 2030 693 2085 τοῦτο.
706 2031 878 2095 Πόσος
904 2028 974 2095 εἷ,
996 2032 1263 2097 Δέσποτα,
1289 2034 1369 2096 είς
1399 2033 1705 2106 φιλανθρωο

119 2122 287 2174 πίανί
346 2120 574 2184 ὐπόσος
600 2122 665 2175 σὺ
693 2122 751 2174 ὲν
770 2120 908 2174 ἐλέει
932 2125 945 2175 !
979 2122 1176 2194 Πρώην
1204 2122 1312 2195 γὰρ
1341 2123 1407 2176 δι’
1432 2125 1581 2194 ἡμᾶς
1612 2125 1706 2178 καὶ

112 2213 202 2266 διὰ
224 2212 327 2282 τὴν
366 2215 641 2285 ἡμετέραν
674 2214 948 2284 σωτηρίαν
986 2214 1288 2285 σαρκωθε“ις
1317 2216 1345 2267 ό
1369 2215 1609 2287 ἄσαρκος
1640 2216 1707 2269 ὲκ

112 2302 402 2374 Παρθένου
443 2303 684 2375 Μαρίας,
730 2303 1080 2377 ἐσταυρώθης
1110 2307 1170 2359 ὲν
1200 2306 1382 2376 ἐκείνῃ
1424 2309 1490 2377 τῇ
1518 2308 1703 2378 σαρκὶ,

110 2394 338 2467 ἀπαθὴς
368 2398 400 2449 ό
432 2397 593 2460 αὐτὸς
628 2398 688 2450 ἐν
718 2400 786 2468 τῇ
835 2396 1068 2468 θεότητι.
1116 2396 1233 2451 Νῦν
1266 2397 1325 2452 δὲ
1355 2397 1516 2452 πάλιν
1546 2399 1604 2451 ὲν
1636 2402 1702 2471 τῇ

110 2488 289 2541 εἰκόνι
323 2504 419 2540 σου
441 2487 812 2559 ὲσταυρώθης,
849 2483 895 2542 ὧ
923 2489 1185 2553 Δέσποτα,
1233 2490 1316 2553 είς
1351 2488 1572 2560 ἔλεγχον
1605 2489 1705 2561 μὲν

106 2577 222 2631 τῶν
257 2576 478 2631 ἀσεϐῶν
506 2578 599 2630 καὶ
632 2578 850 2632 πάντων
880 2578 989 2633 τῶν
1022 2578 1290 2643 ἀπίστων,
1328 2578 1629 2650 στηριγμδν
1648 2579 1705 2632 δὲ

107 2670 222 2725 τῶν
249 2671 312 2723 ὲν
348 2669 578 2741 ἀληθείᾳ
605 2672 687 2734 εἰς
732 2671 792 2724 σὲ
826 2671 1207 2729 πιστευόντων.
1227 2670 1386 2725 Ἀλλὰ
1432 2669 1559 2736 δόξα
1600 2687 1704 2737 σοι,

110 2761 388 2819 Δέσποτα,
418 2758 497 2829 τῷ
539 2761 685 2831 μόνῳ
710 2759 779 2814 τὰ
811 2762 987 2815 πάντα
1015 2760 1317 2832 δυναμένῳ,
1362 2761 1478 2831 ἅμα
1510 2761 1588 2832 τῷ
1617 2763 1707 2815 εὐ-

111 2851 336 2922 λογητῴ
381 2851 504 2922 Θεῷ
538 2852 695 2923 ἡμῶν
732 2853 926 2924 Πατρὶ,
972 2855 1066 2908 καὶ
1118 2853 1196 2925 τῷ
1236 2853 1376 2924 ἁγίῳ
1404 2854 1702 2925 Πνεύματι.

123 2946 183 2995 Ἀ
193 2944 327 2995 ιιὴν.

182 2962 327 3013 μην.

182 3042 237 3088 ti.
257 3034 454 3104 Ὑμεῖς
471 3033 549 3096 δὲ,
569 3032 754 3098 τέκνα,
771 3032 1038 3087 ἀκούσατε
1057 3033 1125 3088 τὰ
1148 3034 1330 3099 λοιπὰ,
1348 3035 1491 3106 ἆπερ
1505 3035 1706 3107 ᾠκονό-

111 3143 294 3197 μησεν
327 3127 363 3195 ἡ
401 3124 566 3178 αὐτοῦ
598 3125 893 3196 ἁγαθότης.
943 3126 1098 3183 Μετὰ
1139 3126 1248 3198 γὰρ
1275 3127 1336 3180 τὸ
1376 3127 1703 3199 κρουσθῆναι

1808 1922 2222 1994 magnificentia:
2276 1920 2581 1977 Salvatoris
2621 1924 2822 1981 nostri!
2892 1922 3166 1981 Horruere
3222 1927 3381 1997 plane

1810 2014 1913 2069 hac
1963 2013 2019 2067 in
2073 2029 2134 2070 re
2181 2023 2383 2069 sanctae
2414 2028 2664 2083 supernae
2703 2016 2952 2073 virtutes.
3019 2016 3269 2083 Quantus
3294 2035 3376 2083 es,

1811 2101 2061 2167 Domine,
2094 2103 2384 2157 clementia
2410 2118 2537 2174 erga
2569 2103 2847 2174 homines!
2881 2105 3134 2171 Quantus
3165 2109 3384 2164 miseri-

1811 2191 2033 2248 cordia!
2063 2191 2208 2247 Olim
2238 2199 2459 2261 propter
2482 2172 2591 2247 nos
2623 2198 2677 2246 et
2704 2172 2928 2264 propter
2955 2204 3200 2250 nostram
3233 2198 3384 2253 salu-

1813 2291 1944 2347 Ivem,
1974 2281 2294 2337 incarnatus
2332 2297 2397 2336 ex
2428 2279 2645 2351 Virgine
2671 2280 2863 2348 Maria,
2892 2290 2951 2338 tu
2982 2285 3166 2340 carnis
3188 2301 3383 2356 expers

1811 2373 1905 2445 qui
1947 2389 2092 2438 cras,
2153 2374 2210 2429 in
2247 2374 2339 2429 illa
2369 2388 2534 2428 carne
2582 2374 2878 2430 crucifixus
2925 2390 3008 2441 es,
3061 2377 3382 2446 impatibilis

1811 2480 1936 2522 cum
1990 2465 2070 2521 sis
2109 2467 2165 2523 in
2222 2465 2446 2523 deitate.
2506 2463 2664 2520 Nunc
2707 2474 2886 2523 autem
2919 2467 2975 2522 in
3014 2473 3106 2522 tua
3146 2468 3382 2539 imagine

1810 2557 2105 2613 cruciﬁxus
2143 2573 2224 2624 es,
2258 2572 2292 2612 ο
2320 2557 2572 2625 Domine,
2625 2558 2693 2614 ad
2720 2559 3154 2615 confutationem
3187 2561 3384 2631 impio-

1812 2665 1954 2714 rum,
1985 2650 2341 2720 omniumque
2365 2650 2689 2715 infidelium,
2730 2658 2785 2706 et
2812 2650 2880 2706 ad
2908 2652 3381 2726 confirmationem

1811 2756 2003 2796 eorum
2054 2743 2149 2812 qui
2190 2746 2249 2796 in
2280 2744 2509 2798 veritate
2554 2743 2610 2801 in
2658 2750 2711 2803 te
2743 2742 2996 2798 credunt.
3056 2744 3163 2801 Sed
3210 2745 3381 2816 gloria

1811 2833 1932 2898 tibi,
1980 2833 2232 2898 Domine,
2273 2834 2371 2904 qui
2416 2834 2566 2889 solus
2605 2834 2789 2891 omnia
2824 2841 3000 2903 potes,
3041 2851 3166 2891 cum
3215 2836 3383 2892 bene-

1810 2924 1958 2979 dicto
2000 2925 2108 2979 Deo
2144 2934 2336 2980 nostro
2367 2923 2530 2981 Patre
2559 2934 2616 2980 et
2646 2934 2837 2983 sancto
2864 2925 3089 2997 Spiritu.
3128 2928 3322 2985 Amen.

1881 3011 1935 3066 6.
1976 3011 2089 3067 Vos
2123 3026 2327 3077 autem,
2360 3014 2454 3067 filii
2474 3053 2489 3077 ,
2521 3014 2706 3073 audite
2737 3022 2955 3079 caetera,
2985 3030 3107 3084 quae
3136 3015 3257 3084 ejus
3280 3016 3380 3071 bo-

1811 3104 1956 3160 nitas
2005 3103 2366 3174 dispensavit.
2417 3103 2712 3176 Postquam
2752 3107 2897 3162 enim
2945 3108 3089 3165 latus
3127 3107 3381 3180 imaginis

108 3176 188 3286 ξέ
207 3176 531 3287 eum.
563 3176 803 3287 agis.
831 3176 934 3286 ξῆς
964 3176 1170 3280 είκόνος
1206 3176 1302 3270 ἑοῦ
1336 3176 1563 3288 Κυᾏίου,
1603 3176 1704 3271 ’και

1810 3193 2025 3249 Domini
2051 3195 2241 3249 lancea
2271 3193 2579 3265 perforatus
2613 3204 2778 3260 esset,
2811 3212 2936 3255 cum
2962 3197 3209 3255 efﬂueret
3236 3176 3380 3254 ~san-

108 3305 423 3360 ἀναϐλύσαι
449 3305 512 3357 τὸ
543 3300 683 3379 αἷμα
713 3305 808 3361 καὶ
829 3305 893 3357 τὸ
932 3304 1095 3377 ὕδωρ,
1131 3306 1208 3370 ὡς
1240 3307 1442 3378 ἑτέρως
1466 3306 1703 3379 εἴρηται,

108 3393 365 3464 λέγουσιν
399 3397 449 3448 οἱ
482 3396 761 3466 ἀρχιερεῖς
792 3397 888 3449 καὶ
930 3398 979 3449 oi
1008 3396 1368 3468 πρεσϐύτεροι
1401 3397 1496 3452 τοῦ
1538 3397 1700 3451 λαοῦ·

109 3485 243 3538 Ἐπε
252 3486 338 3556 ιδὴ
350 3485 642 3557 θρυλοῦσιν
653 3486 813 3543 αὐτὸν
825 3488 876 3541 οἱ
896 3487 1022 3540 σεϐό
1029 3504 1174 3558 μενοι
1191 3488 1272 3541 ὅτι
1287 3488 1380 3541 καὶ
1399 3487 1568 3551 ἰάσεις
1581 3488 1707 3544 πολ.

110 3577 209 3643 λὰς
231 3580 486 3651 ἐποίησε,
504 3579 757 3651 λάϐωμεν
775 3581 939 3635 αὐτοῦ
964 3582 1026 3635 τὸ
1047 3576 1187 3652 αἷμα
1218 3583 1312 3636 καὶ
1331 3582 1393 3635 τὸ
1416 3582 1579 3654 ὕδωρ,
1607 3584 1704 3636 καὶ

110 3670 419 3739 ἀγάγωμεν
440 3670 520 3733 είς
543 3670 642 3741 τὴν
670 3671 1010 3741 συναγωγὴν,
1034 3672 1128 3729 καὶ
1150 3670 1465 3743 συνάξωμεν
1496 3673 1702 3737 πάντας
1721 3752 1728 3759 Ι

109 3762 240 3823 τοὺς
276 3758 467 3823 uarii»;
496 3759 716 3830 ἔχοντας
748 3760 841 3814 τοῦ
873 3762 1026 3828 λαοῦ,
1076 3765 1170 3817 καὶ
1203 3764 1479 3835 χρίσωμεν
1508 3765 1703 3827 αὐτοὺς

109 3851 207 3902 ἀπ’
223 3849 527 3915 αὑτοῦ,κα“ι
548 3850 747 3921 ἴδωμεν
769 3854 817 3905 εί
839 3852 1016 3923 ἀληθῆ
1040 3855 1147 3908 είσι
1172 3855 1241 3908 τὰ
1262 3855 1548 3926 λεγόμενα.
1566 3855 1702 3909 Τότε

113 3943 504 4012 προσήνεγκαν
524 3945 589 4012 τῇ
615 3942 823 4015 πλευρᾷ
850 3944 943 3997 τοῦ
970 3945 1174 4014 Κυρίου
1207 3945 1413 4017 βῆσσαν
1440 3945 1582 3999 κατὰ
1611 3947 1703 4000 τὸν

111 4022 279 4086 τόπον
302 4033 647 4103 τῆςοσφαγῆς
676 4034 776 4105 τῆς
793 4035 1013 4106 λόγχης,
1035 4036 1156 4092 ὅθεν
1188 4038 1321 4104 ἐξίει
1351 4038 1412 4095 τὸ
1445 4033 1585 4108 αἷμα
1609 4038 1705 4093 καὶ

110 4124 175 4181 τὸ
211 4125 385 4196 ὕδωρ,
416 4127 513 4179 καὶ
556 4125 797 4196 ἔπλησαν
829 4126 926 4198 τήν
957 4128 1185 4199 βῆσσαν.
1234 4131 1345 4184 Καὶ
1391 4130 1705 4199 ἀπαγαγόν-

110 4233 225 4281 τες,
261 4218 651 4287 ἐμπαίζοντες,
698 4219 807 4281 ἴνα,
856 4219 931 4284 ὡς
965 4220 1235 4292 ἐνόμιζον,
1284 4221 1578 4293 ὑϐρίσωσιν
1611 4222 1704 4275 ἐπὶ

114 4309 357 4374 πάντων,
390 4310 624 4382 συνῆξαν
653 4314 862 4378 πάντας
903 4315 1026 4378 τοὺς
1057 4314 1243 4378 κακῶς
1277 4313 1517 4385 ἔχοντας,
1554 4314 1703 4385 πρῶ-

112 4418 203 4455 τον
235 4402 463 4455 πάντων
494 4402 900 4474 παράλυτον,ὃν
931 4407 995 4463 ὲκ
1026 4406 1253 4477 γενετῆς
1290 4406 1485 4477 ᾔδεσαν
1515 4405 1699 4472 αὑτὸν,

1806 3284 1930 3355 guis
1959 3290 2013 3338 et
2048 3298 2212 3354 aqua,
2257 3292 2317 3337 ut
2350 3285 2480 3339 alibi
2530 3285 2737 3340 dictum
2760 3292 2868 3350 est,
2915 3286 3073 3340 aiunt
3106 3287 3381 3358 principes

1808 3376 2153 3431 sacerdotum
2200 3375 2366 3449 294
2414 3386 2468 3432 et
2489 3378 2736 3434 seniores
2762 3379 2946 3449 populi
2979 3398 2991 3434 :
3031 3377 3382 3452 Quandoqui-

1805 3468 1925 3521 dem
1984 3468 2226 3525 cultores
2262 3467 2386 3537 ejus
2423 3469 2683 3539 jactitant
2708 3485 2834 3525 eum
2875 3472 3075 3527 multas
3103 3474 3382 3533 curavisse

1805 3558 2170 3624 inﬁrmitates,
2197 3562 2533 3631 accipiamus
2553 3561 2675 3633 ejus
2704 3563 3025 3634 sanguinem
3062 3572 3117 3621 et
3157 3579 3377 3634 aquam,

1804 3650 2115 3710 deferamus
2143 3653 2198 3709 in
2229 3668 2584 3725 synagogam,
2616 3670 2681 3711 ac
2707 3670 2968 3725 cogamus
2993 3671 3186 3712 omnes
3214 3672 3245 3711 e
3268 3672 3368 3726 po-

1805 3745 1933 3814 pulo
1975 3746 2068 3815 qui
2109 3746 2435 3817 aegritudine
2479 3748 2770 3813 laborant.
2813 3763 2989 3819 eoque
3031 3750 3156 3805 illos
3204 3765 3378 3820 unga-

1805 3852 1947 3904 mus,
1982 3838 2373 3909 videamusque
2407 3855 2475 3894 an
2505 3853 2634 3895 vera
2678 3841 2790 3897 sint
2828 3856 2948 3912 quae
2990 3843 3154 3913 vulgo
3193 3841 3375 3898 ferun-

1803 3935 1923 3983 tur.
1979 3928 2119 3987 Tum
2155 3930 2372 3993 admota
2424 3931 2584 3987 lateri
2623 3932 2835 3995 Domini
2892 3933 3154 4003 amphora
3183 3931 3251 3993 ad
3294 3933 3378 3987 ιο.

1803 4037 1928 4079 cum
1961 4021 2052 4077 ubi
2079 4023 2274 4077 vulnus
2290 4032 2409 4081 erat
2435 4022 2621 4080 lancea
2653 4023 2940 4089 indictum,
2974 4024 3117 4078 unde
3144 4023 3381 4093 proflue~

1803 4112 1897 4167 bat
1955 4113 2180 4184 sanguis
2241 4123 2297 4173 et
2368 4130 2548 4185 aqua,
2612 4116 2978 4186 impleverunt
3032 4116 3373 4186 amphoram.

1803 4202 2261 4273 Abducentesque
2305 4219 2369 4261 ae
2396 4206 2707 4273 illudentes,
2758 4222 2868 4276 quo
2894 4206 3099 4261 nullam
3144 4221 3275 4270 non,
3317 4215 3378 4261 ut

1805 4293 1907 4348 sibi
1935 4294 2238 4360 videbatur,
2268 4297 2658 4357 contumeliam
2690 4297 3031 4362 adhiberent,
3077 4306 3379 4368 coegerunt

1805 4398 1995 4441 omnes
2045 4387 2138 4456 qui
2191 4388 2333 4442 male
2380 4388 2677 4454 habebant,
2737 4389 3086 4458 primumque
3129 4389 3376 4446 omnium

112 4495 207 4547 καὶ
240 4495 690 4564 προσαγαγόντες
710 4495 932 4567 ἔχρισαν
964 4497 1142 4551 αὐτόν.
1169 4474 1280 4555 Καὶ
1299 4474 1462 4560 αὖθις
1493 4497 1702 4568 ἀνεπή-

1810 4474 2162 4546 paralyticum
2183 4516 2199 4539 ,
2236 4492 2395 4546 quem
2432 4493 2499 4533 ex
2530 4478 2814 4534 nativitate
2851 4479 2930 4533 ita
2958 4495 3019 4535 se
3048 4480 3249 4537 habere
3279 4498 3378 4536 no-

111 4583 263 4655 δησε,
298 4586 399 4637 καὶ
427 4584 595 4654 ἥλατο
619 4586 893 4654 ὑγιανθεὶς
918 4586 1144 4639 καθόλου
1170 4588 1199 4639 ὁ
1226 4587 1532 4658 ἄνθρωπος.
1566 4582 1698 4640 Εἶτα

110 4673 324 4743 ῆγαγον
355 4673 614 4743 τυφλοὺς,
645 4676 887 4728 κάκεῖνοι
923 4676 1123 4746 ὁμοίως
1147 4676 1457 4747 χρισθέντες
1482 4676 1703 4729 ἀνέϐλε-

109 4760 240 4830 ψαν,
276 4760 670 4831 δαιμονιιῖιντες
702 4760 1064 4834 ἀναρίθμητοι
1095 4762 1408 4833 παραυτίκα
1441 4760 1701 4832 ἐκαθαρί-

114 4850 346 4923 σθησαν.
373 4850 601 4922 Ταραχὴ
622 4850 812 4920 γέγονε
842 4850 1052 4922 μεγάλη
1077 4851 1216 4904 κατὰ
1242 4853 1426 4905 πᾶσαν
1471 4851 1571 4920 τὴν
1607 4849 1704 4903 πό-

112 4942 217 5006 λιν,
255 4944 478 4996 πάντων
516 4944 911 5014 ἐπιτρεχόντων
942 4940 1034 4996 διὰ
1076 4942 1146 4997 τὰ
1181 4942 1384 5014 ἄπειρα
1426 4941 1700 5012 θαύματα.

126 5032 492 5104 Ἑκινήθησαν
514 5034 691 5089 πάντα
719 5034 790 5087 τὰ
818 5031 996 5105 πλήθη
1035 5034 1142 5087 τῶν
1174 5032 1461 5096 Ἰουδαίων,
1493 5032 1601 5084 τῶν
1625 5033 1705 5084 ol-

116 5123 363 5179 κούντων
391 5122 490 5194 τήν
524 5122 701 5189 πόλιν,
734 5123 811 5187 ὡς
842 5126 981 5196 μήτε
1008 5123 1109 5195 τὴν
1142 5122 1468 5194 συναγωγὴν
1499 5123 1700 5189 αὐτῶν,

115 5216 294 5271 καίτοι
341 5215 610 5289 μεγίστην
639 5210 823 5282 οὖσαν,
856 5217 1074 5291 χωρεῖν,
1105 5216 1241 5289 μήτε
1269 5214 1363 5267 τὸν
1391 5214 1576 5277 τόπον,
1607 5213 1702 5267 τοῦ

118 5306 359 5377 πλήθους
390 5304 486 5359 τοῦ
510 5306 737 5377 ἀπείρου
771 5305 902 5359 λαοῦ
925 5305 1324 5376 συνδραμόντος
1341 5304 1430 5358 διὰ
1463 5304 1531 5358 τὰ
1548 5305 1704 5359 ἄπει-

118 5412 186 5467 ρα
213 5396 497 5468 θαύματα.
529 5396 738 5459 Πάντες
765 5396 821 5449 δὲ
844 5396 893 5449 οί
926 5396 1222 5468 ἀρχιερεῖς,
1254 5395 1348 5447 καὶ
1384 5396 1432 5446 οἱ
1463 5392 1703 5465 πρεσϐύ-

114 5504 280 5562 τεροι,
316 5489 419 5543 καὶ
448 5490 478 5542 ό
507 5488 655 5553 λαὸς,
696 5490 791 5542 καὶ
824 5488 894 5543 τὰ
925 5488 1104 5559 πλήθη
1128 5486 1237 5541 τῶν
1279 5486 1566 5549 Ἰουδαίων,
1606 5488 1703 5539 ἀν-

114 5580 256 5654 δρῶν
283 5599 341 5636 τε
358 5582 456 5636 καὶ
478 5580 754 5649 γυναικῶν
780 5582 875 5635 καὶ
895 5581 1123 5643 παίδων,
1154 5578 1482 5632 ἐπίστευσαν
1506 5578 1585 5640 εἰς
1612 5578 1704 5631 τὸν

118 5672 323 5744 Κύριον
343 5671 506 5742 ἡμῶν
535 5672 743 5741 Ἰησοῦν
776 5671 1030 5743 Χριστὸν,
1067 5669 1362 5744 κράζοντες
1387 5668 1483 5723 καί¹
1515 5667 1702 5736 λέγον-

118 5779 242 5828 τες·
275 5762 419 5828 Δόξα
445 5779 549 5827 σοι,
573 5764 797 5833 Χριστὲ,
818 5762 877 5815 ὃν
905 5764 953 5815 οἱ
980 5764 1213 5834 πατέρες
1240 5760 1394 5833 ἡμῶν
1424 5758 1700 5831 ἐσταύρω‹

240 5861 524 5924 ΡΑτιιοι.
555 5857 672 5919 Gn.
706 5856 999 5918 XXVIII.

1806 4576 1931 4621 rant
1953 4606 1968 4629 ,
2002 4568 2410 4639 adductumque
2444 4577 2723 4625 unxerunt
2778 4590 2793 4626 :
2842 4573 2935 4641 qui
2962 4573 3144 4627 statim
3176 4574 3380 4629 exsiliit

1805 4664 1861 4712 et
1889 4658 2201 4721 exsultavit,
2229 4659 2453 4715 omnino
2480 4675 2667 4716 sanus.
2689 4660 2892 4718 Deinde
2931 4677 3105 4718 caecos
3139 4663 3379 4718 adduxe-

1804 4756 1953 4810 runt,
1998 4748 2095 4817 qui
2151 4748 2407 4804 similiter
2446 4750 2661 4805 inuncti
2717 4752 3004 4819 viderunt,
3054 4753 3378 4808 daemoniaci

1803 4837 2077 4891 innumeri
2112 4836 2401 4892 confestim
2446 4840 2663 4910 purgati
2696 4848 2846 4895 sunt.
2897 4838 3189 4895 Tumultus
3259 4855 3377 4893 ma—

1805 4944 1947 5001 gnus
1980 4944 2078 4998 per
2098 4936 2274 4989 ,totam
2306 4929 2495 4985 urbem
2526 4938 2750 4985 exortus
2786 4937 2892 4994 est,
2916 4931 3172 4986 omnibus
3192 4929 3265 4983 ob
3292 4930 3378 4984 in-

1808 5021 1965 5075 finita
2012 5021 2284 5076 mirabilia
2316 5023 2746 5077 accurrentibus.
2782 5022 3063 5077 Commota
3083 5028 3168 5076 est
3196 5020 3376 5074 omnis

1804 5110 2119 5166 Judmorum
2151 5113 2309 5166 turba
2350 5128 2472 5182 quae
2499 5113 2778 5167 habitabat
2814 5114 2870 5166 in
2909 5113 3012 5167 ista
3036 5113 3192 5173 urbe,
3218 5112 3292 5165 ita
3317 5119 3377 5165 ut

1806 5220 1877 5260 ne
1922 5219 2194 5275 synagoga
2236 5203 2456 5274 quidem
2491 5220 2712 5269 eorum,
2766 5204 3002 5258 maxima
3040 5204 3165 5258 licet
3204 5211 3372 5265 esset,

1819 5312 2003 5368 :apere
2035 5304 2222 5366 posset
2243 5335 2258 5360 ,
2301 5311 2481 5366 neque
2519 5296 2676 5351 locus
2704 5304 2849 5350 esset
2883 5295 3164 5349 immensae
3192 5293 3377 5348 multi-

1812 5389 1980 5443 .udini
2030 5388 2214 5458 populi
2252 5387 2323 5442 ob
2382 5388 2596 5441 infinita
2658 5386 2920 5441 miracula
2971 5385 3371 5441 concurrentis.

1807 5480 2011 5536 Omnes
2045 5495 2209 5550 porro
2238 5479 2516 5550 principes
2546 5478 2917 5540 sacerdotum,
2968 5478 3236 5539 seniores,
3277 5492 3376 5546 po-

1805 5572 1988 5642 pulus,
2032 5581 2085 5625 et
2143 5570 2304 5625 turba
2332 5580 2342 5637 ξ
2369 5568 2704 5633 Iudaeorum,
2750 5567 2993 5623 virorum
3024 5607 3040 5631 ,
3085 5566 3372 5621 mulierum

1804 5673 1859 5718 ct
1912 5677 2206 5735 puerorum
2261 5661 2614 5718 crediderunt
2675 5660 2730 5714 in
2774 5658 3065 5715 Dominum
3121 5666 3370 5714 nostrum

1804 5755 2005 5831 Jesum
2027 5754 2329 5825 Christum,
2388 5754 2689 5835 clamantes
2740 5768 2806 5811 ac
2854 5753 3140 5809 dicentes:
3184 5749 3366 5808 Gloria
