3836 6194
1573 324 1632 380 S.
1671 318 2128 379 ATHANASIUS.
2170 346 2237 357 ——-
2276 313 2545 372 SPURIA.

3602 304 3713 362 813

454 452 574 517 tibi,
601 449 840 513 Christe,
870 463 1033 518 quem
1054 455 1238 518 patres
1266 447 1442 503 nostri
1476 446 1891 505 cruciﬁxerunt,
1926 442 2020 512 qui

2137 455 2245 499 σαν,
2274 436 2367 488 καὶ
2395 436 2485 502 ἀφ’
2513 428 2672 503 ήμῶν
2706 429 2799 484 νῦν
2817 425 3151 498 σταυρωθεὶς
3182 425 3273 478 ἐπὶ
3300 425 3368 495 τῇ
3394 418 3566 477 εἰκόνι
3589 440 3710 476 σου.

448 541 562 611 jam
595 555 626 594 a
674 539 831 594 nobis
883 538 937 591 in
974 538 1208 609 imagine
1251 546 1343 591 tua
1385 537 1682 591 cruciﬁxus
1719 551 1799 590 es.
1836 533 2022 588 Gloria

454 629 576 695 tibi,
612 626 714 682 Fili
760 626 854 681 Dei
888 627 1139 690 viventis,
1173 627 1265 696 qui
1299 634 1450 680 tanta
1479 625 1700 681 edidisti
1732 622 2020 677 miracula.

455 717 580 774 Tibi
616 702 947 773 credimus:
987 717 1250 787 propitius
1282 716 1439 770 nobis
1465 725 1607 781 esto,
1641 723 1695 770 et
1738 730 1840 769 nos
1884 712 2024 767 reci-

458 812 590 876 pito.
639 808 766 865 Haec
794 824 985 864 omnes
1022 809 1362 872 clamabant,
1405 808 1689 877 lugentes;
1725 819 2024 874 eorumque

455 902 663 957 clamor
694 900 1046 963 ascendebat,
1078 899 1208 953 dum
1239 908 1507 969 ungerent
1535 896 1810 968 principes
1840 910 2026 951 sacer-

453 988 666 1052 dotum,
693 1003 995 1058 omnesque
1025 996 1351 1043 curarentur
1389 997 1444 1043 et
1480 988 1887 1043 reviviscerent.

528 1083 577 1137 7.
615 1083 907 1152 Postquam
939 1089 1118 1136 autem
1165 1080 1342 1135 sanati
1374 1095 1565 1135 omnes
1614 1079 1872 1141 fuissent,
1903 1089 2024 1131 tur-

454 1175 537 1229 ba:
565 1171 874 1228 Iudaeorum
925 1171 992 1225 ad
1050 1172 1367 1241 episc0pum
1424 1172 1572 1227 illius
1605 1170 1884 1231 Ecclesiae,
1932 1168 2027 1237 qui

458 1282 570 1320 rem
599 1272 803 1336 gestam
843 1263 955 1334 jam
981 1262 1268 1326 didicerat,
1302 1276 1655 1325 concurrere,
1680 1260 1982 1314 clamantes
2010 1277 2022 1312 :

457 1358 611 1414 Unus
661 1357 804 1412 Deus
855 1355 1058 1420 Pater,
1100 1371 1245 1410 unus
1288 1353 1461 1409 Filius
1520 1354 1641 1425 ejus
1689 1352 2024 1423 unigenitus,

457 1465 600 1505 unus
641 1446 913 1510 Christus,
955 1460 1119 1516 quem
1164 1453 1348 1515 patres
1388 1444 1563 1498 nostri
1590 1442 2023 1497 cruciﬁxeruut:

456 1542 634 1610 ipsum
677 1553 801 1595 esse
831 1538 997 1593 Deum
1028 1538 1254 1601 scimus,
1282 1536 1410 1590 huic
1442 1551 1542 1591 nos
1570 1535 1865 1591 credimus.
1889 1532 2028 1588 Cum

457 1630 644 1686 multis
692 1645 822 1700 ergo
870 1627 1125 1683 laudibus
1174 1626 1343 1682 Deum
1393 1626 1786 1690 celebrassent,
1837 1624 2030 1694 imagi-

456 1737 688 1793 nemque
728 1720 1139 1790 archiepiscopo
1168 1716 1555 1780 ostendissent,
1593 1717 2028 1771 renuntiassent-

2124 531 2259 594 Δόξα
2296 545 2395 592 σοι,
2426 527 2523 579 Υἱέ
2554 525 2648 578 τοῦ
2676 522 2810 577 Θεοῦ
2838 520 2933 574 τοῦ
2970 519 3189 585 ζῶντος,
3217 520 3245 571 ὀ
3271 517 3505 570 τοσαῦτα
3539 519 3710 585 ποιή-

2127 642 2226 687 σας
2276 621 2573 691 θαυμάσια.
2618 618 2710 670 Σοὶ
2753 613 3112 683 πιστεύομεν·
3156 610 3314 674 ἵλεως
3358 612 3490 681 ήμῖν
3521 608 3709 676 γενοῦ,

2126 719 2218 769 καὶ
2244 715 2391 781 δέξαι
2424 712 2590 783 ήμᾶς.
2633 706 2819 761 Ταῦτα
2854 705 3022 757 ἐϐόων
3056 703 3298 763 ἅπαντες
3349 699 3709 761 πενθοῦντες·

2125 809 2219 862 καὶ
2250 807 2303 859 αἰ
2329 804 2446 873 βοαὶ
2463 800 2638 855 αὐτῶν
2662 798 3060 867 ἀνεπέμποντο,
3100 795 3396 864 ἀρχιερέων
3417 796 3712 862 χριόντων,

2126 902 2220 955 καὶ
2253 898 2469 952 πάντων
2499 890 2955 967 θεραπευομένων
2979 890 3074 942 καὶ
3093 886 3561 955 ζωοποιουμένων.

2205 1082 2256 1134 7.
2281 1078 2434 1134 Μετὰ
2455 1078 2510 1131 δὲ
2537 1076 2599 1128 τὸ
2633 1076 2839 1136 πάντας
2875 1070 3108 1140 ἰαθῆναι,
3136 1062 3292 1129 αὖθις
3319 1065 3453 1135 πρὸς
3487 1065 3716 1116 ἐπίσκο-

2130 1191 2228 1227 πον
2256 1173 2354 1242 τῆς
2372 1172 2551 1223 ἐκεῖσε
2567 1166 2912 1236 Ἐκκλησίας,
2931 1162 3028 1235 ήδη
3057 1157 3438 1231 μεμαθηκόντα
3464 1156 3532 1207 τὰ
3564 1157 3717 1221 γενό-

2136 1283 2292 1336 μενα,
2320 1262 2387 1316 τά
2422 1260 2599 1331 πλήθη
2629 1258 2737 1311 τῶν
2766 1255 3034 1312 Ἰουδαίων
3071 1251 3432 1321 κατέδραμον,
3470 1247 3712 1318 κράζον-

2125 1374 2247 1421 τες·
2283 1350 2378 1418 Ei;
2414 1354 2546 1416 Θεὸς
2586 1354 2614 1405 ὁ
2657 1351 2867 1421 Πατὴρ,
2922 1342 3001 1410 εἷς
3030 1345 3158 1407 Υἱὸς
3195 1341 3358 1395 αὑτοῦ
3388 1342 3711 1411 μονογενὴςς

2127 1446 2209 1510 εἷς
2239 1444 2471 1518 Χριστὸς
2501 1443 2560 1496 ὃν
2585 1445 2633 1495 οἱ
2670 1441 2904 1512 πατέρες
2931 1436 3087 1510 ἡμῶν
3113 1434 3465 1504 ἐσταύρωσαν
3490 1449 3503 1461 ·
3543 1432 3712 1485 αὑτὸν

2127 1538 2258 1591 Θεὸν
2286 1537 2526 1607 οἴδαμεν,
2550 1534 2724 1603 τούτῳ
2765 1534 2924 1603 ἡμεῖς
2955 1527 3299 1598 πιστεύομεν.
3356 1523 3590 1586 Πολλαῖς
3617 1518 3713 1576 οὖν

2128 1627 2426 1700 εὐφημίαις
2447 1625 2771 1691 δοξάσαντες
2794 1624 2884 1676 τὸν
2911 1620 3063 1683 Θεὸν,
3093 1620 3191 1689 τήν
3214 1635 3274 1670 τε
3301 1618 3481 1670 εἰκόνα
3505 1614 3587 1684 τῷ
3611 1615 3715 1685 ἀρα

2129 1719 2469 1792 χιεπισκόπῳ
2514 1714 2807 1781 δείξαντες,
2851 1714 2947 1767 καὶ
2985 1709 3417 1780 ἀπαγγείλαντες
3441 1706 3481 1761 ἀ
3510 1708 3711 1777 ἐποίη-

454 1826 563 1882 que
590 1824 654 1866 ea
698 1824 819 1880 quae
846 1810 951 1879 ipsi
984 1815 1434 1879 perpetraverant
1478 1806 1534 1861 in
1576 1806 1782 1862 Christi
1830 1807 2025 1877 imagi-

2137 1831 2226 1868 σαν
2260 1811 2356 1883 τὴν
2385 1810 2479 1865 τοῦ
2510 1807 2748 1880 Χριστοῦ
2784 1807 2987 1868 εἰκόνα,
3009 1805 3069 1858 τό
3100 1822 3160 1858 τε
3190 1797 3330 1873 αἷμα
3359 1800 3533 1856 καὶτὸ
3561 1801 3711 1872 ὕδωρ

455 1916 602 1966 nem,
630 1902 833 1972 pariter
855 1899 1171 1956 indicabant
1196 1899 1518 1969 sanguinem
1564 1907 1619 1953 et
1652 1914 1850 1968 aquam
1879 1914 2031 1953 ema-

454 2008 650 2049 nasse:
685 2008 791 2064 qua
821 1993 1035 2048 ratione
1066 1992 1193 2046 item
1220 2005 1288 2045 ex
1317 1990 1486 2045 latere
1509 1991 1765 2060 imaginis
1790 1989 2031 2047 elﬂuxis-

455 2095 572 2150 set,
615 2099 780 2155 quam
835 2084 1101 2138 immensa
1144 2082 1292 2137 edita
1343 2090 1526 2136 essent
1569 2082 1852 2136 miracula.
1888 2082 2028 2137 Tum

455 2175 637 2229 omnis
677 2172 971 2227 multitudo
1012 2172 1236 2243 rogabat
1272 2178 1331 2224 ut
1378 2171 1482 2226 sibi
1535 2172 1715 2226 sancti
1770 2171 2029 2241 baptismi

457 2265 633 2336 gratia
665 2265 1027 2320 tribueretur.
1064 2263 1215 2329 Quos
1243 2264 1538 2333 episcopus
1581 2262 1872 2327 admissos,
1921 2277 2028 2318 una

456 2367 580 2407 cum
609 2353 757 2409 illius
784 2350 1044 2408 Ecclesiae
1070 2354 1238 2419 clero,
1262 2366 1454 2405 omnes
1486 2352 1785 2405 multorum
1816 2352 2026 2407 dierum

458 2444 637 2515 spatio
677 2444 994 2515 baptizavit.
1054 2441 1396 2514 Synagogam
1436 2458 1566 2498 vero
1596 2443 1940 2497 consecravit
1972 2443 2029 2497 in

456 2534 745 2594 ecclesiam
781 2534 1083 2592 Salvatoris
1121 2535 1297 2594 nostri
1339 2533 1469 2592 Jesu
1502 2534 1730 2600 Christi,
1760 2534 1895 2604 ipsis
1918 2534 2029 2590 sci-

458 2629 587 2684 licet
621 2630 960 2699 rogantibus.
992 2628 1230 2691 Caeteras
1278 2635 1457 2681 autem
1495 2640 1685 2681 eorum
1727 2638 2030 2696 synagogas

458 2722 517 2778 in
545 2724 802 2795 martyria
835 2722 1124 2778 convertit.
1168 2720 1307 2775 Hinc
1349 2735 1546 2791 magna
1579 2727 1770 2774 exorta
1808 2726 1892 2774 est
1936 2719 2029 2773 la:-

457 2814 581 2869 titia
627 2814 679 2867 in
711 2814 803 2868 illa
836 2814 1079 2877 civitate,
1114 2827 1221 2866 non
1257 2811 1418 2866 modo
1446 2811 1653 2865 curatis
1680 2810 2028 2880 corporibus,

460 2906 557 2963 sed
583 2914 663 2962 tot
689 2907 976 2963 animabus
1005 2921 1035 2959 a
1077 2915 1251 2960 morte
1278 2904 1347 2959 ad
1376 2904 1541 2957 vitam
1572 2904 1863 2959 revocatis.

530 2999 585 3053 8.
625 2996 752 3053 Hac
783 2997 936 3053 vobis
962 3012 1082 3067 ego,
1115 2998 1192 3052 rei
1221 3003 1386 3067 gesta:
1415 3010 1639 3066 gnarus,
1675 2992 2032 3065 signiﬁcanda

2129 1906 2384 1977 ἐμήνυον,
2401 1902 2493 1955 καὶ
2521 1898 2582 1955 τὸ
2612 1900 2730 1964 πῶς
2753 1898 3068 1970 ἐξελήλυθεν
3092 1896 3198 1950 ἀπὸ
3218 1897 3316 1966 τῆς
3343 1895 3587 1965 πλευρᾶς
3611 1895 3713 1965 τῆς

2128 1997 2353 2059 εἰκόνος,
2407 1995 2514 2047 τῶν
2553 2010 2614 2046 τε
2672 1992 2915 2063 ἀπείρων
2968 1990 3255 2060 θαυμάτων
3306 1986 3376 2041 τὰ
3421 1988 3711 2055 γεγονότα.

2127 2086 2315 2151 Οῦτως
2347 2087 2561 2141 ᾶπαντα
2614 2083 2685 2137 τὰ
2744 2082 2924 2153 πλήθη
2969 2080 3063 2135 τοῦ
3116 2080 3273 2148 ἁγίου
3329 2078 3711 2149 βαπτίσματος

2126 2179 2425 2249 ἀξιωθῆναι
2455 2177 2717 2231 ἱκέτευον.
2765 2174 2871 2239 Οὓς
2898 2172 3077 2228 λαϐὼν
3102 2174 3130 2225 ὁ
3159 2172 3453 2235 ἐπίσκοπος
3488 2172 3604 2241 ἅμα
3635 2171 3716 2241 τῷ

2129 2273 2310 2325 ἐκεῖσε
2339 2270 2527 2341 κλήρῳ
2557 2269 2767 2330 πάντας
2806 2267 2897 2319 ἐπὶ
2935 2265 3135 2328 πολλὰς
3169 2265 3377 2335 ἡμέρας
3423 2262 3714 2316 ἐϐάπτισε.

2128 2364 2239 2433 Τὴν
2276 2361 2333 2413 δὲ
2381 2358 2705 2429 συναγωγὴν
2758 2355 3051 2426 ἐκκλησίαν
3105 2354 3200 2407 τοῦ
3254 2354 3502 2425 Σωτῆρος
3553 2354 3715 2424 ἡμῶν

2139 2451 2313 2523 Ἰησοῦ
2332 2448 2565 2523 Χριστοῦ
2583 2448 2911 2520 ἀφιέρωσεν,
2935 2447 3159 2500 ἐκείνων
3179 2445 3678 2515 παρακαλεσάντων
3694 2461 3709 2474 ⁶

2127 2544 2224 2605 τὰς
2252 2543 2308 2595 δὲ
2337 2541 2528 2605 λοιπὰς
2554 2539 2872 2608 συναγωγὰς
2896 2538 3074 2592 αὐτῶν
3104 2537 3375 2609 μαρτύρια
3414 2537 3711 2607 πεποίηκε.

2130 2635 2238 2689 Καὶ
2260 2635 2324 2686 ἐκ
2348 2634 2538 2686 τούτου
2569 2632 2712 2705 χαρὰ
2746 2631 2955 2701 μεγάλη
2972 2630 3193 2698 γέγονεν
3216 2632 3273 2682 ἐν
3295 2632 3362 2700 τῇ
3395 2630 3545 2682 πόλει
3572 2629 3718 2681 ἐκεί-

2131 2728 2216 2795 νῇ,
2253 2725 2313 2777 ού
2357 2725 2515 2794 μόνον
2544 2723 2810 2792 σωμάτων
2844 2721 3119 2784 ιαθέντων,
3151 2720 3287 2774 ἀλλά
3317 2720 3410 2773 καὶ
3442 2720 3715 2773 τοσούτων

2130 2814 2315 2886 ψυχῶν
2346 2818 2411 2869 ἐκ
2437 2815 2646 2885 νεκρῶν
2670 2815 2750 2877 εἰς
2777 2813 2919 2884 ζωὴν
2948 2811 3367 2868 ἐπανελθόντων.

2203 2999 2255 3053 8.
2280 2998 2464 3052 Ταῦτα
2515 2999 2675 3066 γνοὺς
2728 2995 2860 3065 ἐγὼ,
2906 2996 3213 3049 ἐσπούδασα
3265 2994 3501 3066 δηλῶσαι
3562 2996 3715 3066 ὑμῖν,

460 3090 614 3158 duxi,
650 3090 989 3145 dilectissimi
1031 3089 1246 3153 fratres,
1286 3089 1354 3143 ad
1401 3089 1688 3142 utilitatem
1724 3088 2031 3140 animarum

2137 3089 2586 3161 προσφιλέστατοι
2633 3088 2870 3156 ἀδελφοὶ,
2931 3090 3010 3151 εἰς
3071 3088 3336 3157 ὠφέλειαν
3374 3088 3485 3140 τῶν
3525 3088 3717 3158 ψυχῶν

462 3190 811 3239 vestrarum:
843 3189 903 3235 ut
934 3196 999 3236 ea
1036 3195 1255 3250 quoque
1280 3181 1335 3234 in
1372 3195 1452 3244 re,
1492 3180 1675 3251 agnita
1709 3177 1801 3233 Dei
1830 3186 1884 3233 et
1911 3178 2031 3232 Sal-

2137 3181 2288 3251 ὑμῶν
2310 3197 2322 3210 ·
2357 3181 2462 3243 ἵνα,
2490 3182 2707 3249 γνόντες
2731 3181 2822 3233 καὶ
2845 3180 2936 3232 ἐττιί¹
2963 3180 3136 3250 τούτῳ
3153 3178 3247 3233 τοῦ
3278 3181 3549 3251 ήμετέρου
3580 3180 3716 3233 Θεοῦ

462 3275 670 3329 vatoris
702 3272 877 3328 nostri
909 3270 1039 3328 Jesu
1075 3270 1281 3327 Christi
1318 3273 1542 3335 virtute,
1605 3270 1777 3341 magis
1831 3269 2032 3339 magis—

2137 3275 2229 3328 xa‘t
2253 3275 2504 3345 Σωτῆρος
2529 3274 2685 3346 ήμῶν
2721 3274 2894 3345 Ἰησοῦ
2918 3273 3153 3346 Χριστοῦ
3176 3273 3273 3345 τὴν
3290 3274 3540 3344 δύναμιν,
3560 3274 3721 3328 πλέον

464 3382 569 3438 que
606 3366 663 3420 in
699 3365 819 3435 ejus
856 3364 962 3421 ﬁde
998 3364 1417 3430 conﬁrmemini,
1458 3375 1622 3434 atque
1652 3363 1934 3420 exsultetis
1962 3362 2032 3416 ob

2137 3369 2203 3437 τῇ
2232 3367 2311 3430 εἰς
2355 3366 2517 3420 αὐτὸν
2551 3365 2887 3437 στερεωθῆτε
2935 3366 3135 3429 πίστει,
3188 3367 3282 3418 καὶ
3315 3365 3722 3437 ἀγαλλιασθῆτε

465 3473 661 3529 magna
699 3458 819 3527 ejus
856 3458 1140 3523 miracula,
1180 3472 1328 3513 nunc
1366 3456 1531 3513 edita.
1572 3457 1705 3512 Date
1743 3456 1907 3526 igitur
1953 3455 2029 3508 illi

2140 3458 2233 3511 ἐπί
2268 3461 2379 3522 τοῖς
2411 3458 2664 3529 μεγάλοις
2697 3457 2861 3512 αὑτοῦ
2910 3457 3148 3528 θαύμασι
3195 3460 3306 3520 τοῖς
3356 3457 3451 3510 νῦν
3487 3473 3723 3529 γεγενη-

466 3549 696 3619 gloriam
741 3563 866 3604 cum
919 3548 1108 3604 laetitia
1158 3556 1213 3604 et
1249 3549 1670 3619 compunctione
1720 3547 1936 3610 cordis,
1979 3546 2032 3599 in

2141 3550 2339 3619 μένοις.
2393 3551 2522 3604 Δότε
2560 3546 2653 3604 οὖν
2686 3549 2834 3621 αὐτῷ
2865 3549 3022 3616 δόξαν
3071 3548 3188 3619 μετ’
3217 3548 3581 3619 εὐφροσύνης,
3628 3549 3725 3600 καὶ

466 3641 616 3696 luctu
654 3638 988 3710 gaudentes,
1029 3639 1342 3710 gratiasque
1378 3647 1600 3710 agentes
1638 3638 1688 3692 ei
1726 3637 1794 3692 de
1829 3636 2040 3707 magni-

467 3730 683 3785 ﬁcentia
721 3743 855 3796 sua;
896 3728 1042 3799 quod
1081 3743 1182 3785 nos
1218 3744 1347 3783 vera
1389 3729 1445 3784 in
1502 3729 1678 3799 ipsum
1713 3728 1817 3782 ﬁde
1853 3735 1906 3783 et
1943 3741 2039 3780 co-

466 3822 708 3893 gnitione
745 3838 845 3877 sua
872 3823 1177 3877 donaverit.
1202 3821 1398 3887 Etiam,
1432 3823 1526 3876 ﬁlii
1561 3822 1665 3877 mei
1688 3820 1891 3883 dilecti,
1922 3820 2036 3889 jam

467 3911 525 3966 in
596 3910 853 3980 praesenti
915 3925 1278 3981 agnoscamus
1345 3911 1603 3964 virtutem
1651 3908 1904 3964 immensi
1944 3906 2037 3961 Dei

459 4008 523 4055 .ct
560 3998 774 4056 Domini
811 4002 986 4056 nostri
1022 4000 1152 4059 Jesu
1180 4002 1406 4057 Christi.
1445 4000 1509 4055 Et
1549 4001 1887 4056 celebremus
1917 3998 2038 4067 ejus

460 4085 802 4155 bonitatem,
834 4091 951 4145 veri
990 4091 1203 4147 scilicet
1240 4089 1365 4144 Filii
1410 4089 1505 4146 Dei
1544 4090 1812 4144 viventis.
1854 4089 2038 4158 Ipsum

454 4180 611 4236 enim
649 4182 844 4238 decent
885 4182 1092 4248 honor,
1130 4183 1412 4253 imperium
1434 4224 1450 4251 ,
1484 4182 1799 4253 magnitudo
1833 4188 1888 4235 et
1918 4196 2037 4234 ma-

468 4271 804 4340 gniﬁcentia,
843 4288 990 4327 nunc
1024 4279 1081 4328 et
1117 4287 1331 4344 semper
1377 4281 1432 4329 et
1463 4273 1521 4327 in
1569 4272 1767 4329 saecula
1809 4271 2040 4326 saeculo-

465 4378 611 4422 rum.
645 4363 836 4421 Amen.

2138 3641 2428 3706 κατάνυξιν
2470 3643 2716 3714 καρδίας,
2748 3642 2842 3695 καὶ
2873 3642 3056 3713 θρήνῳ
3086 3641 3381 3711 χαίροντες,
3422 3640 3518 3692 καὶ
3558 3640 3727 3709 εὐχα-

2140 3733 2448 3803 ριστοῦντες
2476 3736 2568 3788 ἐπὶ
2598 3738 2663 3806 τῇ
2691 3734 2855 3788 αὐτοῦ
2881 3734 3277 3804 μεγαλειότητι,
3304 3733 3385 3784 ὃτι
3417 3732 3515 3801 τῆς
3551 3730 3724 3784 αὑτοῦ

2140 3824 2374 3888 πίστεως
2418 3827 2565 3896 ἡμᾶς
2597 3825 2816 3896 ἠξίωσε,
2869 3827 2960 3879 καὶ
3009 3825 3111 3895 τῆς
3148 3823 3312 3877 αὐτοῦ
3349 3821 3721 3890 ἐπιγνώσεως.

2138 3919 2265 3977 Ναὶ,
2291 3920 2457 3973 τέκνα
2493 3938 2592 3990 μου
2621 3920 2899 3992 ἀγαπητὰ,
2934 3918 3151 3990 γνῶμεν
3198 3919 3291 3972 καὶ
3311 3918 3405 3971 ἐπὶ
3437 3915 3533 3969 τοῦ
3576 3934 3726 3988 παρ-

2137 4007 2289 4071 όντος
2324 4006 2419 4061 τοῦ
2475 4010 2784 4082 ἀπεράντου
2817 4010 2975 4081 ήμῶν
3005 4008 3141 4062 Θεοῦ
3172 4009 3265 4062 καὶ
3316 4005 3725 4078 ΚυρξουῚησοῦ

2138 4096 2375 4167 Χριστοῦ
2422 4098 2520 4169 τὴν
2571 4099 2816 4170 δύναμιν.
2886 4099 2994 4153 Καὶ
3046 4098 3357 4168 δοξάσωμεν
3411 4097 3510 4166 τὴν
3552 4095 3726 4149 αὑτοῦ

2140 4186 2474 4257 ἀγαθότητα,
2504 4188 2599 4242 τοῦ
2631 4188 2884 4261 ἀληθινοῦ
2924 4189 3054 4243 Υἰοῦ
3078 4189 3173 4243 τοῦ
3196 4188 3331 4242 Θεοῦ
3361 4187 3454 4242 τοῦ
3495 4187 3725 4252 ζῶντος.

2140 4277 2297 4348 Αὐτῷ
2320 4279 2427 4351 γὰρ
2455 4280 2653 4355 πρέπει
2686 4283 2841 4355 τιμὴ,
2873 4283 3093 4353 κράτος,
3126 4278 3463 4352 μεγαλοσύνη
3506 4280 3609 4331 καὶ
3636 4296 3728 4349 με-

2141 4371 2531 4443 γαλοπρέπεια,
2559 4373 2654 4428 νῦν
2687 4378 2780 4428 καὶ
2832 4375 2919 4428 ἀεὶ
2966 4373 3061 4428 καὶ
3091 4375 3173 4437 εἰς
3200 4373 3323 4434 τοὺς
3376 4370 3584 4434 αἰῶνας
3618 4370 3726 4424 τῶν

2143 4461 2374 4519 αἰώνων.
2406 4464 2601 4537 Ἀμήν.

470 4701 633 4779 295
660 4700 907 4765 Relatio
958 4700 1415 4791 miraculorum
1436 4699 1696 4791 Domini
1719 4705 1919 4791 nostri
1952 4709 2108 4791 Jesu
2141 4710 2401 4791 Christi,
2434 4730 2580 4790 quae
2614 4729 2725 4789 per
2760 4713 3110 4788 imaginem
3140 4710 3352 4789 ipsius
3382 4708 3550 4772 facta
3576 4717 3730 4773 sunt

1214 4782 1284 4841 in
1320 4782 1571 4859 Beryto,
1605 4782 1804 4860 Syriae
1842 4785 2125 4859 civitate,
2164 4782 2395 4868 quinto
2416 4782 2568 4853 Idus
2596 4782 2998 4855 Novembris.

539 4924 696 4995 Apud
740 4922 1040 4978 Caesaream
1094 4921 1453 4992 Cappadociae
1503 4924 1695 4979 urbem
1742 4929 2039 4995 praemaxi-
2072 4936 2115 4989 ι)
2146 4930 2418 4992 tulissent,
2454 4929 2647 4985 Petrus
2678 4929 3033 4985 beatissimus
3075 4927 3405 4983 Nicomediae
3434 4927 3595 4984 urbis
3635 4943 3732 4982 an-

469 5030 635 5076 nnam,
667 5013 1053 5068 convenientes
1092 5012 1158 5066 de
1201 5013 1430 5083 singulis
1462 5014 1691 5069 urbibus
1732 5015 1875 5070 Asiae
1916 5032 2042 5071 san-

469 5102 700 5157 ctissimi
743 5100 1020 5170 praesules,
1054 5114 1153 5169 pro
1198 5101 1568 5156 stabilimento
1614 5111 1818 5157 sanctae
1849 5103 2037 5159 Eccle-

469 5193 565 5248 siae
581 5192 822 5246 inierunt
840 5191 1151 5246 consilium.
1177 5190 1456 5261 Siquidem
1476 5192 1617 5263 apud
1638 5210 1732 5248 eos
1760 5195 1826 5249 de
1845 5210 2042 5252 cruore

469 5283 656 5338 lateris
678 5281 892 5336 Domini
926 5283 1100 5336 nostri
1133 5280 1263 5337 Jesu
1318 5282 1521 5339 Christi
1551 5300 1660 5339 non
1690 5288 1919 5355 exiguus
1952 5303 2043 5343 er-

468 5386 562 5425 ror
596 5379 822 5427 exortus
852 5387 975 5427 esse
1018 5372 1321 5428 videbatur.
1357 5374 1476 5439 Qua
1523 5390 1589 5429 ex
1619 5392 1698 5439 re,
1743 5383 1798 5429 ut
1828 5378 2040 5447 praefati

470 5477 683 5528 sumus,
712 5463 768 5517 in
796 5463 909 5532 jam
931 5463 1074 5517 dicta
1103 5463 1239 5519 urbe
1267 5466 1538 5521 maximus
1571 5477 1934 5537 congregatus
1958 5476 2042 5523 est

472 5562 785 5608 sanctorum
813 5555 1195 5625 episcoporum
1229 5564 1552 5623 conventus,
1596 5565 1654 5611 ut
1703 5572 1767 5611 ex
1818 5559 1920 5612 hoc
1955 5575 2044 5614 er-

473 5657 595 5697 rore
616 5643 682 5695 in
705 5659 873 5697 unum
899 5652 1133 5702 tractare
1164 5646 1443 5703 deberent.
1473 5646 1578 5701 Sed
1610 5648 1737 5701 dum
1765 5649 1946 5702 cuncti
1977 5665 2045 5705 ex

474 5744 626 5786 more
649 5731 706 5786 in
740 5741 988 5793 sanctam
1025 5739 1314 5794 ecclesiam
1343 5739 1407 5794 ad
1441 5739 1793 5796 residendum
1831 5756 1890 5797 se
1912 5755 2044 5798 con-

2142 5023 2323 5086 tistes,
2359 5023 2414 5077 in
2453 5021 2634 5077 medio
2661 5038 2850 5077 eorum
2893 5037 3254 5091 consurgens,
3290 5021 3364 5073 ita
3394 5019 3462 5073 ad
3504 5021 3732 5075 univero

2145 5128 2237 5169 sos
2286 5128 2518 5170 exorsus
2568 5122 2653 5168 est
2700 5113 2847 5183 loqui
2891 5111 2991 5168 :Si
3036 5113 3233 5183 placet,
3278 5112 3481 5182 inquit,
3530 5121 3731 5167 vestne

2143 5205 2456 5271 sanctitati,
2518 5220 2551 5259 ο
2603 5204 2938 5260 sanctissimi
2981 5202 3206 5266 Patres,
3258 5203 3502 5257 libellum
3558 5218 3732 5257 unum

2141 5295 2429 5349 Athanasii
2474 5295 2861 5349 Alexandrinae
2909 5294 3064 5349 urbis
3108 5293 3290 5363 magni
3333 5292 3607 5362 episcopi,
3649 5307 3734 5346 me

2140 5387 2296 5443 vobis
2341 5386 2546 5442 referre
2573 5386 2825 5441 delectat.
2863 5384 3065 5439 Sancta
3101 5383 3344 5455 synodus
3396 5383 3729 5453 respondit:

2147 5477 2329 5532 Placet
2360 5479 2540 5548 plane,
2584 5485 2638 5533 et
2682 5485 2744 5531 ut
2787 5478 3002 5546 legatur
3045 5487 3317 5545 optamus.
3354 5473 3436 5528 Ad
3482 5474 3604 5527 inec
3644 5472 3731 5526 ille

2148 5571 2388 5625 libellum
2427 5572 2483 5624 in
2531 5570 2710 5625 medio
2749 5569 2992 5639 protulit,
3037 5574 3090 5622 et
3138 5567 3424 5623 materiam
3457 5565 3636 5639 ipsius
3666 5565 3732 5618 ti-

2151 5659 2252 5715 tuli
2282 5660 2464 5716 taliter
2491 5673 2781 5732 aggressus
2808 5666 2893 5714 est
2923 5656 3168 5729 legendo.
