3836 6194
104 360 222 419 815

1027 363 1118 418 DE
1151 363 1347 420 PASS.
1370 363 1684 431 ,IMAGINIS
1719 362 1778 418 D.
1821 362 1885 420 N.
1921 363 2088 419 JESU
2127 365 2431 423 CHRISTI.

3262 371 3367 423 SH

1062 501 1344 563 SANCTI
1388 502 1675 562 PATRIS
1722 502 2012 564 NOSTR]
2043 506 2477 566 ATHANASII

1280 641 1752 685 ARCHIEPISCOPI
1795 642 2039 686 ALEXAN
2051 645 2227 688 DRINI

111 751 209 813 De
246 750 547 830 passione
584 749 887 830 imaginis
915 751 1176 814 Domini
1223 752 1423 842 nostri
1472 756 1634 890 itesu
1677 752 1934 891 glgrilsti,
1969 754 2248 913 agaliter
2279 754 2584 817 cruciﬁxa
2617 762 2713 817 est
2742 771 2811 816 1n
2866 756 3129 834 Beryto,
3172 756 3374 837 Syrias

1365 850 1491 894 ClVl
1525 852 1553 891 δ
1587 850 1645 903 e,
1708 850 1720 889 l
1772 851 1805 892 e
1866 851 1937 894 us
2099 881 2113 895 .

1365 850 1645 903 etvuate,
1683 850 1937 894 nneuus
1969 850 2113 903 (Π).

188 1036 543 1094 Dilectissimi
585 1039 770 1110 itaque
816 1054 1007 1094 omnes
1034 1038 1129 1094 ﬁlii
1176 1050 1379 1096 sanctae
1415 1041 1693 1109 Ecclesiaa,
1727 1050 1769 1104 Α
1798 1044 1973 1097 mines
2019 1040 2200 1096 salvos
2245 1039 2383 1106 ﬁeri,
2432 1049 2486 1095 et
2536 1040 2602 1095 ad
2637 1040 2969 1110 agnitionem
3003 1042 3248 1097 veritatis
3278 1058 3375 1099 ve-

115 1133 322 1187 mentis
350 1143 543 1188 vestrae
571 1134 760 1188 oculos
790 1134 951 1188 simul
983 1144 1036 1190 et
1061 1150 1222 1190 aures
1242 1136 1456 1205 erigite,
1487 1146 1541 1191 et
1562 1154 1694 1194 con,

114 1223 430 1278 siderantes
474 1224 815 1278 admiremini
866 1241 979 1279 rem
1024 1238 1251 1295 gestam.
1300 1242 1462 1297 quam
1496 1227 1561 1281 ad
1605 1247 1694 1282 ve-

108 1326 295 1371 stram
359 1315 641 1370 scientiam
702 1317 1074 1373 transmittere
1135 1320 1409 1389 cupimus.
1476 1321 1693 1377 Cernin

115 1406 305 1461 cuncti
352 1406 568 1460 inﬁnita
611 1406 709 1462 Dei
754 1408 1146 1477 omnipotentis
1191 1411 1492 1476 mirabilia,
1544 1421 1597 1467 et
1650 1414 1698 1466 ei

113 1496 316 1552 laudes
355 1498 711 1553 incessabiles
742 1498 955 1554 reddite
980 1516 1073 1569 per
1104 1503 1325 1557 saaeula.
1350 1503 1699 1574 Contemple-

115 1587 256 1643 mini
296 1587 418 1657 ejus
445 1588 770 1643 ineﬁ'abilem
802 1605 899 1661 per
924 1599 1152 1647 cunctas
1187 1595 1569 1661 generationes
1605 1597 1701 1651 be~

117 1681 411 1752 nignitatis
446 1681 893 1750 magnitudinem,
929 1684 1114 1738 multis
1146 1686 1322 1739 modis
1349 1686 1471 1741 luce
1502 1689 1703 1742 clario-

116 1785 260 1834 rem,
291 1786 457 1840 super
486 1771 783 1825 humanum
814 1787 984 1841 genus
1018 1775 1425 1844 resplenduisse
1463 1794 1697 1847 semper.

118 1862 485 1917 Considerate
506 1862 740 1917 sublime
762 1864 1189 1933 dispensationis
1212 1868 1334 1935 ejus
1360 1870 1700 1938 mysterium,

118 1959 173 2006 et
214 1953 346 2007 ideo
390 1968 454 2007 ex
498 1953 663 2005 nimia
717 1952 835 2021 ejus
886 1954 1088 2023 pietate
1135 1957 1387 2025 permoti,
1439 1960 1704 2014 assumite

116 2044 429 2114 planctum,
482 2044 858 2115 lacrymasque
905 2061 1120 2101 amaras
1163 2048 1408 2116 proferre
1459 2067 1703 2105 memen-

118 2141 258 2196 tote,
294 2147 360 2185 ac
391 2132 718 2201 singultibus
742 2148 908 2203 super
941 2135 1048 2188 tale
1079 2135 1405 2189 miraculum
1431 2142 1486 2191 in
1516 2146 1706 2192 nostra

118 2222 477 2292 generatione
508 2231 804 2291 patratum,
841 2224 991 2293 quod
1022 2240 1160 2294 pene
1188 2227 1442 2287 omnibus
1486 2228 1705 2283 saaculis

118 2322 206 2368 est
249 2313 592 2367 mandatum.
631 2313 743 2369 Deo
779 2316 980 2385 quippe
1028 2316 1165 2369 nihil
1209 2317 1569 2387 impossibile,
1610 2318 1706 2373 sed

118 2406 291 2459 etiam
336 2420 439 2458 nec
469 2405 673 2474 aliquid
721 2414 805 2461 est
833 2406 1070 2461 ditlicile.
1096 2406 1232 2460 Nam
1280 2424 1446 2477 super
1468 2424 1554 2471 ea,
1586 2425 1707 2479 quae

119 2496 243 2567 ipse
292 2496 572 2552 modernis
626 2497 882 2566 dignatus
939 2505 1024 2552 est
1075 2506 1292 2567 patrare
1344 2501 1706 2569 temporibus,

121 2603 292 2642 Omne
349 2603 449 2642 cor
510 2588 884 2659 obstupescit,
940 2591 1272 2644 audientium
1327 2590 1467 2662 fugit
1517 2592 1707 2660 visus,

120 2679 421 2733 hebetatur
447 2678 688 2734 auditus.
735 2679 891 2733 Sicut
936 2680 1081 2735 enim
1129 2681 1183 2734 in
1215 2683 1474 2751 passione
1506 2681 1709 2753 Unige-

122 2770 225 2825 niti
260 2770 439 2839 ipsius
468 2772 685 2839 expavit
719 2771 940 2835 caelum,
971 2770 1064 2826 Dei
1103 2787 1243 2826 caeca
1276 2773 1457 2842 imago
1484 2783 1568 2828 est
1596 2773 1712 2827 red-

121 2861 279 2926 dita,
328 2861 468 2915 radii
517 2877 735 2932 quoque
777 2863 909 2918 solis
960 2862 1081 2917 luce
1142 2863 1485 2918 obtcnebrati
1545 2873 1706 2930 sunt,

122 2953 434 3023 quinetiam
467 2960 809 3007 terraamotus
856 2968 957 3007 suo
984 2953 1257 3007 horrendo
1302 2954 1484 3008 sonitu
1527 2954 1707 3025 abyssi

123 3045 491 3100 fundamenta
520 3044 696 3099 valide
724 3046 1009 3107 exterruit,
1041 3053 1094 3099 et
1131 3053 1378 3131 mortuos
1416 3045 1707 3114 plurimos,

123 3153 272 3207 quos
301 3138 546 3201 tenebat,
579 3137 846 3190 eruetavit
875 3136 1179 3191 viviﬁcatos
1207 3155 1219 3188 :
1252 3136 1324 3189 ita
1355 3146 1410 3189 et
1443 3152 1591 3190 nunc
1625 3152 1710 3191 sc-

123 3229 317 3282 cundo
361 3228 549 3284 eadem
604 3228 757 3298 signa
797 3228 1002 3298 pariter
1052 3235 1182 3282 sunt
1227 3228 1502 3282 innovata.
1545 3216 1712 3298 I'gitur

125 3321 422 3375 audientes
458 3321 766 3391 intelligite,
813 3322 1179 3392 intelligentes
1218 3321 1612 3391 obstupescite,
1658 3328 1713 3376 et

121 3427 189 3466 ea
222 3428 350 3481 qua:
377 3412 535 3467 vobis
570 3412 823 3465 intimare
854 3427 1134 3477 curamus,
1178 3413 1337 3481 plena
1370 3414 1475 3467 ﬁde
1497 3420 1550 3467 et
1583 3427 1714 3466 aure

124 3504 344 3559 intenta
377 3502 563 3556 cordis
597 3503 879 3572 percipite.
925 3502 1022 3558 Est
1056 3512 1237 3558 autem
1273 3504 1585 3574 hujusinodi
1633 3517 1716 3558 se-

124 3597 241 3651 ries
273 3594 631 3649 narrationis.

646 3703 878 3761 CAPUT
927 3703 1218 3761 PRIMUM.

198 3795 304 3850 Est
332 3796 579 3866 quaedam
610 3796 804 3849 civitas
835 3796 889 3848 in
915 3793 1091 3865 Syria,
1125 3797 1268 3850 inter
1288 3796 1553 3851 terminos
1582 3795 1712 3866 Tyri

123 3898 186 3945 et
228 3887 460 3942 Sidonis
488 3887 685 3957 posita,
729 3886 959 3957 Berytus
993 3899 1211 3950 vocata,
1253 3888 1558 3941 Antiochia:
1585 3902 1713 3940 vero

127 3981 378 4036 subdita.
412 3978 470 4032 In
509 3979 612 4032 hac
651 3979 786 4033 urbe
814 3979 1235 4034 innumerabilis
1264 3978 1557 4032 multitudo
1598 3987 1716 4031 erat

129 4069 515 4124 Hebratorum.
551 4068 801 4137 quamvis
832 4070 1022 4124 eodem
1068 4077 1314 4137 tempore
1356 4067 1551 4121 civitas
1599 4082 1713 4121 me-

130 4162 469 4230 tropolitana
503 4160 775 4213 obtineret
797 4159 1139 4228 dignitatem.
1172 4157 1385 4211 Accidit
1419 4164 1624 4219 autem,
1656 4166 1714 4209 ut

125 4251 291 4319 juxta
337 4263 671 4320 synagogam
721 4247 1103 4312 llebratorum,
1145 4263 1267 4317 quae
1310 4263 1507 4317 magna
1557 4248 1715 4301 valde

132 4343 465 4415 habebatur,
495 4341 714 4411 quidam
747 4341 1071 4395 (lbristicola
1101 4356 1131 4393 a
1168 4339 1404 4411 quodam
1447 4341 1718 4409 suscepis-

134 4443 221 4490 set
255 4434 532 4495 cellulam,
564 4448 897 4502 censumque
929 4434 977 4487 ei
1009 4449 1073 4487 ex
1105 4447 1167 4485 ea
1198 4432 1469 4487 redderet.
1506 4430 1564 4485 In
1608 4448 1715 4501 qua

133 4525 268 4579 dum
317 4526 602 4595 ingressus
632 4533 777 4578 esset
823 4524 891 4577 ad
935 4523 1316 4587 habitandum,
1356 4524 1570 4576 iconam
1608 4522 1715 4576 Do-

135 4618 275 4671 mini
308 4617 484 4670 nostri
517 4613 645 4670 Jesu
682 4616 909 4679 Christi,
960 4630 1122 4684 quam
1159 4612 1300 4682 apud
1352 4628 1412 4667 se
1456 4614 1712 4676 habebat,

136 4707 254 4761 ﬁxit
280 4709 333 4761 in
376 4708 582 4775 pariete
611 4717 798 4761 contra
828 4706 1009 4760 lectuli
1043 4705 1125 4759 sui
1153 4703 1371 4766 faciem,
1400 4720 1520 4773 quae
1551 4705 1715 4758 etiam

136 4802 459 4853 continebat
487 4801 540 4852 in
584 4814 643 4853 se
682 4800 945 4868 integram
987 4797 1199 4851 Domini
1249 4805 1535 4851 staturam.
1575 4796 1717 4849 Evo-

138 4891 256 4943 luto
283 4890 519 4958 denique
552 4904 658 4942 non
690 4904 858 4958 parvo
894 4888 1157 4956 temporis
1204 4888 1404 4955 spatio,
1429 4886 1541 4953 jam
1579 4900 1719 4954 prte-

139 4979 344 5035 libatus
378 4980 585 5034 deicola
616 4979 930 5049 perquirere
955 4979 1165 5032 studuit
1196 4978 1249 5030 in
1282 4976 1391 5029 alio
1420 4977 1542 5030 loco
1567 4980 1717 5044 ejus-

1796 1136 1936 1199 nire,
1982 1140 2042 1188 ut
2074 1133 2387 1187 ostenderet
2426 1132 2641 1187 cunctis
2671 1147 2730 1186 se
2775 1132 3103 1198 colentibus,
3147 1149 3371 1190 suorum

1796 1227 2186 1281 miraculorum
2216 1224 2475 1279 virtutem
2503 1224 2570 1278 ad
2596 1226 3024 1295 increpationem
3059 1227 3371 1297 impiorum,

1799 1314 2203 1371 ﬁrmamentum
2237 1331 2455 1385 quoque
2486 1330 2710 1371 suorum
2741 1315 3004 1371 ﬁdelium.
3030 1314 3259 1371 Factum
3291 1324 3377 1370 est

1798 1416 1976 1461 autem
2011 1416 2137 1478 post
2176 1409 2313 1469 haec,
2352 1417 2411 1461 ut
2439 1406 2701 1464 Hebraeus
2727 1407 2947 1478 quidam
2978 1408 3225 1462 eamdem
3266 1411 3377 1462 cel;
3454 1446 3459 1455 ι

1799 1500 1966 1554 lulam
1995 1497 2302 1568 susciperet
2341 1498 2411 1551 ad
2442 1497 2819 1551 habitandum.
2862 1496 3037 1562 Quam
3069 1497 3373 1568 ingressus.

1800 1603 1925 1643 eum
1963 1588 2078 1643 suis
2128 1587 2383 1642 omnibus
2422 1589 2587 1655 cmpit
2620 1586 2870 1641 habitare
2922 1586 2980 1639 in
3016 1601 3105 1653 ea,
3151 1586 3377 1641 minime

1802 1682 2207 1751 contemplatus
2237 1680 2420 1735 locum
2460 1680 2636 1743 illum,
2667 1680 2759 1749 qui
2786 1678 3125 1733 Dominicam
3162 1679 3377 1734 iconam

1804 1770 1947 1840 apud
1995 1786 2054 1825 se
2098 1771 2365 1825 retinebat
2402 1769 2799 1825 absconditam.
2842 1768 2940 1824 Die
2973 1785 3104 1825 vero
3140 1771 3377 1841 quodam

1803 1862 1947 1916 idem
1998 1860 2256 1917 Hebraeus
2306 1861 2374 1917 de
2421 1862 2538 1917 suis
2592 1862 3081 1918 contubernalibus
3128 1863 3382 1917 invitavit

1805 1970 1973 2007 unum
2003 1954 2072 2008 ad
2099 1954 2409 2023 prandium.
2442 1952 2803 2023 Epulantibus
2839 1954 2971 2017 illis,
3004 1956 3238 2011 elevavit
3273 1955 3413 2009 lie--

1805 2046 2005 2110 braaus,
2039 2046 2135 2115 qui
2172 2046 2435 2099 invitatus
2465 2045 2664 2109 fuerat,
2701 2047 2915 2108 oculos,
2948 2053 3002 2100 et
3031 2047 3167 2102 vidit
3209 2048 3266 2101 in
3306 2049 3384 2101 in—

1805 2136 1996 2191 teriori
2028 2137 2147 2190 loco
2170 2136 2381 2189 cellulae
2406 2134 2528 2203 ejus
2563 2134 2776 2189 iconam
2819 2134 3157 2191 Dominicam
3188 2138 3380 2208 parieti

1808 2243 2131 2282 connexam.
2177 2226 2332 2281 Tunc
2378 2227 2689 2281 vehementi
2733 2228 2919 2284 furore
2977 2230 3379 2286 exardescens.

1808 2319 1975 2388 C(Bpil.
2000 2319 2233 2372 fremere
2270 2317 2528 2372 dentibus
2577 2317 2843 2373 adversus
2878 2334 3026 2383 eum,
3075 2320 3169 2390 qui
3203 2321 3382 2391 ipsum

1808 2417 2220 2473 convocaverat,
2266 2409 2494 2464 dicens:
2529 2407 2612 2462 Tu
2657 2407 2918 2465 Hebraeus
2947 2425 3071 2466 eum
3116 2412 3216 2475 sis,
3247 2428 3385 2482 quo-

1809 2501 1973 2556 modo
2000 2502 2144 2572 apud
2190 2509 2243 2555 te
2286 2499 2419 2555 Jesu
2463 2501 2612 2556 illius
2640 2499 2912 2556 Nazareni
2955 2502 3168 2557 iconam
3214 2503 3384 2559 habes

1808 2592 2146 2663 repositam?
2172 2590 2433 2645 Convicia
2459 2607 2677 2661 quoque
2706 2601 2759 2646 et
2787 2593 3079 2662 opprobria
3102 2600 3255 2649 tanta
3288 2594 3385 2647 ads

1812 2699 2002 2739 versus
2034 2682 2320 2737 Dominum
2349 2681 2688 2736 Salvatorem
2710 2684 2913 2746 emisit,
2941 2696 3144 2754 quanta
3169 2700 3271 2740 nec
3294 2701 3389 2739 au-

1810 2789 1900 2829 res
1932 2772 2172 2827 ﬁdelium
2203 2772 2431 2827 sufferre
2460 2780 2711 2841 possunt,
2746 2788 2848 2827 nec
2884 2789 2987 2829 nos
3029 2776 3250 2846 scriptis
3282 2784 3388 2830 tra-

1810 2862 1939 2918 dere
1959 2864 2364 2933 praesumimus,
2390 2862 2460 2916 ob
2486 2861 2744 2931 injuriam
2774 2864 2950 2917 nostri
2978 2861 3380 2936 Redemptoris.

1809 2953 2031 3010 Judaaus
2054 2969 2203 3017 vero,
2233 2954 2324 3023 qui
2352 2954 2504 3007 illum
2535 2953 2862 3009 malevolum
2888 2969 3287 3009 convocaverat
3316 2956 3385 3009 ad

1810 3047 2123 3118 prandium,
2160 3044 2475 3100 satisfacere
2504 3044 2583 3098 illi
2609 3045 2854 3114 cupiens,
2891 3049 3252 3101 sacramentis
3274 3055 3387 3101 ter-

1811 3140 2063 3195 ribilibus
2096 3137 2473 3207 proﬁtebatur,
2509 3151 2568 3189 se
2601 3136 2894 3205 aliquando
2934 3137 3177 3201 minime,
3219 3154 3383 3208 quam

1812 3230 2285 3302 praemonstrabat,
2332 3228 2536 3282 vidisse
2568 3231 2801 3282 iconam.
2835 3226 2917 3281 Ad
2960 3228 3096 3292 haec,
3129 3230 3223 3300 qui
3254 3232 3387 3284 invi—

1812 3328 1960 3375 tatus
1988 3320 2187 3383 fuerat,
2217 3319 2391 3374 siluit.
2430 3316 2612 3372 Finito
2659 3324 2840 3372 autem
2875 3319 3130 3373 convivio
3170 3320 3389 3376 absces-

1814 3413 1885 3468 sit
1927 3421 1981 3468 et
2013 3412 2145 3466 abiit
2175 3410 2240 3465 ad
2276 3426 2521 3467 summos
2562 3410 2875 3467 sacerdotes
2930 3419 2985 3466 et
3028 3413 3302 3481 principes
3335 3424 3389 3467 et

1814 3506 1951 3561 dixit
1982 3505 2063 3560 eis
2090 3523 2103 3558 :
2132 3502 2330 3557 Nolunt
2365 3504 2522 3558 vobis
2560 3502 2631 3557 sit
2670 3502 2926 3572 quoniam
2976 3502 3238 3559 Hebraeus
3298 3504 3388 3558 ille

1814 3595 1941 3648 talis
1981 3592 2109 3648 Jesu
2154 3591 2420 3647 Nazareni
2456 3592 2667 3645 iconam
2714 3589 2859 3660 apud
2902 3606 2963 3645 se
3004 3592 3201 3645 retinet
3244 3591 3390 3645 elan-

1817 3684 1960 3738 culo.
1993 3686 2062 3735 At
2093 3682 2168 3735 illi
2194 3682 2307 3736 haec
2334 3681 2640 3745 audientes,
2662 3680 2919 3735 dixerunt
2950 3679 3017 3733 ad
3043 3695 3168 3733 eum
3199 3699 3212 3734 :
3239 3679 3388 3735 Nun-

1817 3772 1947 3843 quid
1970 3779 2200 3842 possunt
2224 3785 2349 3825 vera
2382 3786 2505 3825 esse
2529 3784 2650 3838 quae
2681 3768 2926 3824 asseris?
2957 3784 3065 3822 non
3089 3767 3386 3830 credimus,

1816 3864 1926 3919 nisi
1950 3862 2436 3917 demonstraveris.
2471 3860 2592 3931 Ipse
2620 3875 2753 3914 vero
2779 3859 3100 3923 afﬁrmabat,
3132 3861 3258 3931 quia
3288 3875 3389 3928 ego

1816 3957 1874 4010 in
1905 3955 2067 4008 demo
2092 3954 2212 4022 ejus
2233 3968 2352 4008 eam
2381 3952 2763 4007 demonstrare
2784 3952 2991 4005 curabo
3041 3949 3166 4005 Haec
3196 3952 3273 4005 illi
3299 3967 3392 4004 an-

1816 4047 2048 4110 dientes,
2072 4047 2364 4099 maximam
2392 4045 2445 4098 in
2477 4045 2612 4097 iram
2644 4043 2981 4097 deciderunt.
3015 4040 3120 4096 Sed
3152 4041 3241 4097 die
3271 4042 3389 4105 illo,

1816 4138 1945 4207 quia
1971 4137 2083 4206 jam
2128 4136 2266 4190 hora
2313 4133 2665 4187 incumbebat
2710 4132 3041 4201 vespertina,
3094 4131 3386 4186 siluerunt.

1818 4228 1974 4282 Mane
2010 4243 2140 4283 vero
2173 4226 2335 4288 facto,
2381 4224 2577 4280 summi
2631 4223 2967 4285 sacerdotes,
3003 4223 3278 4293 principes
3335 4232 3393 4277 ct

1818 4322 2053 4388 majores
2082 4329 2211 4373 natu
2254 4318 2428 4388 plebis
2455 4315 2788 4381 Iudaeorum,
2831 4324 3174 4369 assumentes
3205 4330 3389 4369 secum

1818 4411 1993 4473 illum,
2025 4410 2118 4478 qui
2145 4425 2268 4463 cum
2298 4415 2670 4471 accusaverat,
2700 4407 2766 4460 ad
2790 4406 3009 4461 domum
3039 4407 3211 4475 ipsius
3241 4408 3391 4461 velo-

1819 4502 1940 4555 cius
1973 4499 2385 4553 festinaverunt.
2422 4497 2679 4551 Videntes
2712 4503 2891 4549 autem
2934 4511 3060 4548 vera
3110 4510 3232 4549 esse
3272 4511 3394 4564 quae

1820 4593 1966 4648 dicta
2006 4592 2243 4654 fuerant,
2281 4590 2424 4644 facto
2458 4589 2665 4658 impetu
2699 4603 2823 4642 cum
2859 4602 2945 4644 eo.
2978 4588 3071 4656 qui
3107 4587 3223 4642 haec
3250 4590 3396 4641 testi-

1821 4684 2095 4745 ﬁcaverat,
2124 4683 2403 4735 irrucrunt
2435 4680 2490 4733 in
2525 4696 2672 4741 eum,
2704 4678 2997 4746 multisque
3046 4678 3393 4731 contumeliis

1821 4791 1884 4831 ac
1929 4776 2099 4830 variis
2142 4774 2478 4828 cruciatibus
2553 4771 2805 4826 allectum
2853 4778 3006 4825 extra
3064 4784 3392 4841 synagogatn

1821 4865 2141 4919 semivivum
2175 4862 2541 4932 projecerunt.

2432 4972 2661 5029 CAPUT
2702 4971 2766 5026 Il.

140 5072 263 5129 dem
293 5074 449 5127 urbis
477 5073 771 5143 spatiosam
796 5072 1015 5125 domum
1048 5069 1114 5123 ad
1136 5069 1512 5124 habitandum.
1539 5069 1714 5134 Quam
1752 5071 1794 5124 ι)
1892 5067 2234 5136 Deponentes
2281 5074 2461 5119 autem
2522 5063 2737 5117 Domini
2790 5061 2965 5117 nostri
3009 5058 3140 5115 Jesu
3192 5056 3392 5113 Christi

138 5177 266 5217 cum
293 5163 610 5230 reperisset,
648 5162 842 5215 tollens
870 5166 1090 5219 cuncta,
1116 5173 1237 5227 qua:
1263 5157 1331 5210 ad
1356 5174 1414 5212 se
1446 5159 1719 5226 pertinere

139 5258 494 5317 videbantur,
529 5267 787 5322 egressus
825 5259 910 5306 est
936 5250 1003 5305 de
1033 5250 1249 5304 cellula.
1288 5249 1501 5303 Domini
1534 5258 1717 5302 autem

142 5346 489 5419 providentia
541 5344 594 5398 id
625 5354 835 5413 agente,
881 5342 1010 5397 Jesu
1050 5341 1253 5395 Christi
1288 5340 1505 5396 Domini
1541 5340 1718 5394 nostri

140 5439 359 5493 iconam
399 5435 471 5489 ibi
517 5436 819 5504 neglectam
864 5434 1104 5501 reliquit.
1136 5431 1248 5486 Hoc
1276 5440 1456 5487 autem
1501 5430 1718 5484 Domini

141 5530 361 5586 occulto
387 5535 667 5599 peractum
709 5535 794 5583 est
823 5527 1075 5589 consilio,
1113 5526 1206 5595 qui
1239 5526 1355 5579 vult
1391 5539 1582 5578 omnes
1627 5524 1722 5576 ho-

211 5665 328 5737 (i7)
358 5663 429 5737 in
451 5663 689 5737 editione
715 5660 1064 5737 Lugdunensi
1098 5660 1349 5737 additur;
1372 5657 1717 5737 Temporibus

143 5729 488 5790 Constantini
519 5732 776 5793 Srnioris,
804 5729 860 5784 'et
885 5730 1056 5786 frena:
1084 5731 1267 5784 uxoris
1290 5730 1441 5797 ejus;
1481 5730 1570 5782 sed
1603 5729 1720 5780 ine-

144 5815 253 5877 pte.
290 5804 486 5859 Petrus
509 5801 562 5857 Ν
568 5802 834 5859 icomedia:
864 5803 1132 5871 episcopus
1164 5800 1399 5856 libellum
1430 5798 1566 5853 hunc
1594 5814 1721 5853 sano

1819 5160 2037 5214 iconam
2088 5157 2145 5211 in
2196 5168 2361 5218 terra,
2416 5154 2674 5209 dixerunt
2713 5153 2782 5207 ad
2819 5153 3091 5207 invicem:
3124 5149 3392 5215 Quoniam

1821 5262 1983 5301 aures
2025 5254 2245 5300 nostras
2284 5244 2460 5313 tetigit
2490 5258 2597 5297 non
2632 5244 2827 5312 exigua
2872 5241 3060 5310 Opinio
3117 5239 3265 5309 quod
3303 5238 3395 5293 Je-

1822 5354 1942 5392 sum
1974 5336 2309 5391 Nazarenum
2347 5348 2528 5404 patres
2550 5334 2725 5388 nostri
2755 5333 2989 5387 diversis
3024 5332 3201 5386 modis
3233 5331 3398 5402 296

1821 5430 2125 5490 illuserunt,
2150 5427 2225 5479 ita
2254 5433 2308 5479 et
2331 5440 2431 5479 nos
2453 5426 2582 5478 huic
2612 5421 3059 5477 faciamus.Tunc
3106 5431 3396 5490 cmperunit

1824 5535 2021 5590 spuere
2065 5519 2120 5571 in
2150 5516 2345 5571 faciem
2391 5515 2646 5585 imaginis
2693 5512 2909 5567 Domini
2945 5512 3246 5567 Salvatoris
3295 5527 3396 5567 no-

1826 5654 2199 5710 ctiAtItanasii
2246 5668 2357 5707 esse
2412 5647 2617 5711 scribit,
2654 5646 2859 5703 actione
2910 5656 3102 5718 quarta
3139 5645 3324 5716 synodi
3360 5661 3399 5699 tt

1830 5723 2196 5852 I‘f’lifa'itce,7iil‘r_)i
2227 5722 2410 5778 iisdem
2443 5721 2550 5791 fere
2584 5720 2752 5776 verbis
2785 5721 2980 5789 integer
3002 5718 3241 5784 habetur,
3261 5724 3395 5772 tom.

1864 5812 1867 5817 ‘
1931 5836 1945 5864 ,
1987 5812 2041 5865 p.
2192 5834 2208 5850 .

1931 5836 1945 5864 ,
1987 5834 2041 5864 ιι.
2091 5834 2208 5850 ην.
