3836 6194
452 310 562 374 813

1521 303 1578 360 S.
1617 302 2089 361 ATHANASIL‘S.
2125 332 2198 346 —
2237 302 2511 359 SPURIA.

3604 296 3713 353 816

453 426 580 491 atri,
611 429 666 479 et
703 416 1083 493 percutiebant
1111 430 1236 471 eum
1276 414 1470 485 alapis,
1501 424 1556 469 et
1583 414 1709 470 inde
1745 414 2023 472 dicentes:
2057 422 2100 479 Α
2131 423 2415 469 mansueta
2441 414 2765 470 duccharis!
2800 411 2845 468 Ο
2874 422 3112 483 quantus
3140 428 3200 468 es
3222 411 3276 466 in
3303 411 3713 478 misericordia,

450 517 663 583 Quanta
690 510 819 567 Jesu
849 508 1073 564 Galilaeo
1102 506 1277 562 nostri
1314 505 1589 574 genitores
1622 504 1892 568 fecerunt,
1934 519 2030 559 ca-

451 608 573 661 dem
598 612 653 660 et
679 618 782 658 nos
816 601 946 656 huic
978 598 1099 669 ejus
1130 597 1351 669 imagini
1387 596 1672 653 faciamus.
1707 596 2029 651 innumera-

450 696 657 751 bilibus
711 694 895 763 itaque
946 689 1298 745 illusionihus
1352 688 1692 743 Dominicam
1740 691 2032 744 illuserunt

450 787 690 841 iconam.
725 785 926 839 lterum
960 782 1151 837 dicunt
1181 800 1193 836 :
1222 780 1281 835 ln
1317 782 1437 851 ejus
1473 780 1728 851 passione
1759 781 2028 850 scriptum

451 892 575 933 esse
625 875 992 946 agnoscimus,
1040 873 1186 943 quod
1233 873 1353 943 ejus
1403 873 1568 943 pedes
1622 880 1678 926 et
1725 886 1922 941 manus
1974 870 2031 924 in

450 982 617 1023 cruce
650 964 876 1022 confixae
906 970 1035 1019 sunt
1059 981 1072 1017 :
1095 979 1196 1019 nos
1229 979 1380 1029 vero,
1428 961 1680 1033 quamvis
1714 960 2030 1015 modernio-

451 1071 543 1111 res
573 1063 836 1124 tempore,
866 1052 943 1106 nil
973 1052 1474 1121 praetermittentes,
1510 1050 1775 1105 addamus
1810 1057 1864 1104 et
1893 1048 2030 1103 haec.

453 1145 610 1202 Tunc
637 1144 1020 1216 crucifigentes
1047 1145 1262 1198 iconam
1294 1129 1655 1211 Dominicam,
1686 1145 1873 1198 clavos
1907 1158 2035 1197 acu-

452 1238 699 1294 tissimos
736 1234 1102 1290 adhibuerunt
1134 1235 1189 1289 in
1218 1236 1495 1301 manibus,
1526 1243 1579 1291 et
1623 1236 1853 1306 pedibus
1887 1236 2034 1289 illius

453 1329 729 1401 imaginis.
760 1324 891 1382 Post
932 1326 1047 1381 hmc
1091 1326 1321 1397 permoti
1353 1327 1527 1398 magis
1570 1340 1633 1380 ac
1684 1326 1858 1395 magis
1890 1324 2035 1379 fellis

454 1419 854 1484 amaritudine,
907 1418 1099 1473 dicunt
1148 1419 1290 1472 inter
1337 1433 1397 1473 se
1444 1437 1457 1474 :
1501 1418 1825 1473 Audivimus
1888 1417 2035 1487 quod

453 1516 638 1580 patres
668 1506 841 1562 nostri
871 1503 999 1562 Jesu
1037 1504 1258 1560 Galilteo
1296 1515 1510 1560 acetum
1541 1514 1595 1561 et
1638 1506 1708 1560 fel
1739 1506 1794 1560 in
1847 1515 2035 1576 potum

456 1615 582 1655 cum
629 1599 857 1670 spongia
902 1598 1272 1668 praebuerunt,
1326 1597 1431 1652 hoc
1474 1607 1528 1652 et
1567 1597 1695 1652 huic
1748 1597 2036 1652 faciamus.

456 1690 613 1758 Quod
648 1699 701 1745 et
726 1692 811 1745 sic
839 1689 1111 1753 fecerunt,
1142 1695 1481 1759 apponentes
1508 1686 1576 1741 ad
1607 1702 1670 1743 os
1694 1697 1899 1742 sanctae
1925 1688 2038 1742 ico-

2130 506 2378 562 Christe!
2426 523 2552 577 spes
2579 508 2739 561 unica
2771 506 2981 569 mundi,
3020 505 3113 575 qui
3148 521 3273 558 cum
3324 506 3381 559 in
3426 520 3598 560 cruce
3641 515 3717 560 te-

2129 600 2310 669 ipsum
2354 600 2587 655 hostiam
2637 600 2748 653 Deo
2778 599 2927 653 Patri
2978 598 3323 653 exhibuisses
3375 606 3625 652 sanctam
3661 606 3715 652 et

2132 690 2560 753 imtnaculatatn,
2605 704 2704 758 pro
2748 690 2861 743 tuis
2901 688 3326 743 crucifixorihus
3371 688 3589 740 veniam
3623 702 3716 755 po-

2133 782 2370 844 stulasti,
2405 781 2635 835 dicendo
2652 782 2716 835 ad
2741 782 2993 836 Patrem:
3027 800 3046 832 ι
3084 780 3267 845 Pater,
3305 780 3524 849 ignosce
3560 779 3711 842 illis;

2133 875 2260 944 quia
2278 873 2678 943 nesciuntquid
2719 872 2943 927 faciunt.
2984 891 3003 923 ι
3027 870 3181 926 Tunc
3211 871 3430 941 quidem
3476 886 3581 940 pro
3614 885 3717 923 no-

2135 975 2248 1021 stra
2291 965 2467 1020 salute
2506 964 2845 1030 incurvatus,
2891 965 2946 1018 in
2993 964 3178 1018 eadem
3211 977 3396 1025 carne,
3430 977 3599 1031 quam
3645 976 3715 1014 ex

2135 1056 2357 1127 Virgine
2396 1064 2584 1110 sancta
2630 1063 2684 1111 et
2731 1054 3075 1108 immaculata
3106 1069 3507 1123 assumpseras,
3562 1068 3716 1106 mor-

2136 1158 2241 1203 tem
2272 1147 2543 1218 pertulisti
2584 1146 2880 1202 crudelem.
2912 1144 2979 1198 Et
3011 1146 3103 1215 qui
3138 1161 3262 1201 eras
3296 1148 3347 1199 in
3387 1145 3714 1201 substantia

2136 1253 2259 1292 cum
2289 1237 2448 1292 Patre
2478 1245 2780 1308 sanctoque
2815 1234 3023 1306 Spiritu
3061 1251 3204 1289 unus
3248 1245 3301 1289 et
3347 1233 3716 1304 itttptlSsibiliS

2136 1330 2409 1385 exsistcns
2454 1337 2507 1383 et
2571 1328 2886 1392 invisibilis,
2927 1326 3259 1381 condnlnisti
3289 1327 3587 1380 humanam
3620 1340 3717 1395 pe-

2136 1420 2250 1474 rire
2282 1426 2556 1473 naturam.
2596 1418 2661 1471 Et
2696 1418 2818 1472 ideo
2854 1419 2909 1471 in
2943 1417 3085 1471 hanc
3114 1416 3475 1487 lacrytnarum
3512 1417 3715 1469 vallem

2138 1511 2501 1575 descendens,
2535 1525 2637 1580 pro
2685 1509 2891 1563 nostris
2928 1509 3204 1562 erratibus
3247 1516 3300 1561 et
3335 1508 3569 1577 piaculis
3610 1505 3721 1559 for-

2139 1615 2286 1655 tnam
2330 1602 2583 1656 servilem
2628 1599 2943 1670 suscepisti,
2978 1598 3034 1653 in
3077 1613 3183 1667 qua
3223 1606 3277 1653 te
3315 1597 3616 1668 permisiin
3648 1596 3721 1650 ah

2141 1694 2345 1765 iniquis
2379 1694 2577 1757 teneri,
2622 1692 2907 1764 ﬂagellari,
2958 1693 3025 1747 ad
3070 1693 3321 1746 ultimum
3355 1706 3485 1744 vero
3523 1691 3718 1743 cruci-

458 1798 545 1837 nat
573 1782 750 1837 nostri
793 1779 1178 1851 Redemptoris
1218 1789 1432 1835 acetum
1468 1795 1592 1834 cum
1624 1781 1747 1835 felle
1790 1781 2030 1835 mistum.
2067 1762 2109 1820 Β
2140 1762 2254 1858 ﬁgi:
2289 1786 2445 1841 Nunc
2475 1795 2657 1842 autem
2696 1762 2752 1840 ίή
2801 1796 2990 1841 sancta
3031 1785 3265 1855 imagine
3301 1791 3394 1837 tua
3425 1781 3724 1851 cruciﬁge-

459 1869 572 1926 Nec
621 1871 704 1925 sic
752 1870 937 1940 itaque
989 1869 1172 1924 cordis
1208 1870 1293 1925 sui
1352 1870 1619 1923 malitiam
1670 1868 2035 1934 refrenantes,

459 1963 659 2018 iterum
700 1962 925 2016 dicunt:
953 1958 1255 2016 Didicimus
1284 1961 1431 2031 quod
1461 1960 1635 2015 nostri
1678 1959 1913 2029 majores
1945 1975 2041 2015 co-

458 2070 652 2112 ronam
689 2061 1002 2109 contextam
1045 2054 1113 2108 de
1155 2054 1329 2124 spinis
1382 2053 1546 2123 capiti
1595 2053 1742 2108 illius
1790 2052 2038 2108 cruciﬁxi

458 2149 1005 2217 circumposuerunt,
1035 2144 1383 2216 postmodum
1429 2144 1698 2199 arundine
1750 2160 2041 2214 percusse-

458 2246 589 2295 runt
620 2239 948 2293 insultantes
973 2238 1041 2302 ei,
1082 2246 1137 2291 et
1177 2253 1279 2293 nos
1319 2237 1484 2307 igitur
1513 2250 1860 2306 nequaquam
1887 2243 2042 2306 post-

458 2338 726 2401 ponentes
754 2326 994 2398 idipsum
1026 2328 1314 2384 faciamus.
1346 2327 1598 2397 Cumque
1631 2341 1891 2383 coronam
1928 2327 2042 2396 spi-

458 2435 616 2475 neam
660 2420 827 2490 capiti
879 2420 1027 2475 illius
1086 2421 1654 2489 circumposuissent,
1707 2419 2040 2490 accipientes

459 2511 805 2575 arundinem,
850 2512 1229 2582 percutiebant
1253 2519 1415 2582 caput
1448 2513 1701 2583 imaginis
1740 2512 1908 2579 illius,
1946 2514 2040 2583 qui

463 2612 627 2672 caput
653 2607 738 2657 est
763 2602 1008 2657 omnium
1045 2610 1383 2658 sanctorum.
1417 2602 1499 2657 Ad
1540 2611 1843 2657 extremum
1887 2618 2039 2669 vero,

460 2706 588 2749 cum
641 2693 911 2749 insaniam
954 2710 1068 2751 sum
1116 2695 1314 2751 mentis
1357 2696 1595 2750 tolerare
1647 2710 1755 2749 non
1792 2704 2037 2766 possent,

460 2784 719 2845 dixerunt
746 2804 760 2840 :
792 2784 947 2840 Sicut
976 2786 1246 2841 veraciter
1279 2786 1597 2854 didicimus,
1632 2794 1817 2857 patres
1863 2788 2040 2842 nostri

465 2877 609 2933 latus
630 2876 762 2933 Jcsu
791 2878 984 2932 lancea
1015 2887 1381 2948 aperuerunt;
1418 2893 1519 2932 nos
1556 2893 1709 2943 vero,
1743 2895 1811 2933 ne
1836 2876 2041 2948 aliquid

464 2971 645 3024 minus
675 2970 871 3025 fecisse
896 2970 1201 3034 videamur,
1236 2978 1290 3025 et
1337 2971 1440 3025 hoc
1480 2971 1662 3041 ipsum
1692 2971 2038 3040 adjiciamus.

462 3058 675 3114 Nullam
709 3060 775 3114 ad
804 3060 919 3114 haec
947 3074 1155 3114 moram
1194 3061 1426 3115 inediam
1465 3060 1732 3125 fecerunt,
1766 3071 1819 3116 et
1859 3061 2040 3116 afferri

462 3147 709 3202 lanceam
731 3148 1036 3217 jusserunt,
1067 3154 1120 3202 et
1152 3159 1531 3219 praeceperunt
1567 3150 1784 3205 cuidam
1815 3150 2041 3205 Hebraeo

463 3239 654 3294 tollere
688 3254 833 3306 eam,
876 3247 931 3293 et
963 3238 1144 3294 valido
1171 3240 1281 3294 ictu
1311 3241 1454 3296 latus
1486 3241 1740 3296 dextrum
1773 3242 1945 3295 iconze
1984 3242 2041 3295 il-

462 3331 571 3388 lius
618 3330 983 3387 transfodere.
1025 3331 1273 3403 Cumque
1324 3341 1435 3387 tam
1480 3336 1778 3388 maximum
1829 3333 2043 3389 facinus

465 3423 662 3479 fuisset
716 3430 1127 3493 perpetratum,
1186 3440 1276 3480 res
1331 3426 1470 3479 mira
1532 3425 1883 3479 vehementer
1926 3433 2044 3480 stu-

466 3514 669 3585 penda,
701 3515 960 3585 nulloque
986 3530 1226 3586 unquam
1260 3516 1458 3571 saeculo
1488 3517 1673 3571 audita
1717 3518 1789 3570 ibi
1820 3526 2044 3587 repente

469 3617 555 3666 est
581 3608 792 3665 effecta.
824 3607 961 3663 Nam
995 3609 1170 3679 ipsius
1194 3610 1437 3665 vulneris
1464 3611 1619 3666 locus
1668 3624 1809 3680 aqua
1838 3619 1889 3664 et
1917 3626 2046 3664 san-

470 3702 633 3780 guine
681 3699 830 3755 illico
876 3700 1044 3770 cmpit
1088 3699 1402 3756 decurrere.
1427 3701 1493 3755 Et
1524 3702 1665 3757 sicut
1711 3703 1765 3755 in
1790 3703 2046 3772 passione

470 3790 561 3845 Dei
585 3788 708 3844 Filii
741 3787 1044 3845 Salvatoris
1076 3789 1286 3855 mundi,
1307 3793 1436 3845 olim
1468 3792 1697 3863 contigit
1727 3794 1927 3847 cmlum
1957 3809 2047 3848 ex-

467 3882 705 3952 pavisse,
732 3882 809 3936 ita
858 3898 1008 3938 nunc
1057 3898 1276 3954 quoque
1322 3886 1549 3954 pariter,
1588 3884 1696 3940 Deo
1730 3895 2043 3956 praastante,

467 3972 660 4030 eadem
696 3973 1027 4029 innovantnr
1076 3974 1192 4030 sive
1241 3986 1585 4045 reparantur.
1620 3975 1758 4032 Vere
1806 3977 1951 4032 enim
1989 3975 2044 4028 in

468 4065 575 4120 hoc
604 4063 747 4120 facto
792 4081 901 4119 non
936 4066 1113 4121 solum
1157 4066 1425 4121 elementa
1465 4068 1655 4122 mundi
1689 4068 1911 4123 concuti
1950 4082 2048 4138 po-

467 4165 642 4225 tuere,
673 4155 767 4213 sed
803 4156 970 4211 etiam
1013 4157 1243 4212 virtutes
1273 4173 1525 4228 supernae
1566 4159 1673 4213 tale
1698 4157 1913 4214 facinus
1947 4174 2044 4212 ex-

468 4249 750 4306 horruere.
799 4247 920 4303 Tibi
952 4263 1107 4320 ergo,
1151 4249 1390 4316 Christe,
1424 4265 1547 4305 cum
1589 4248 1769 4313 Patre,
1816 4247 2049 4320 Spiritu-

467 4355 576 4412 que
617 4348 808 4396 sancto
860 4339 935 4395 sit
974 4341 1146 4411 gloria
1191 4340 1532 4397 indeﬁciens.
1583 4340 1719 4407 Quis
1768 4342 1913 4395 enim
1964 4349 2049 4396 est

2070 3112 2117 3175 C

2139 1876 2239 1938 ris,
2271 1873 2518 1942 Domine,
2549 1876 2743 1929 iterum
2769 1876 2836 1929 ad
2863 1873 3241 1929 confusionem
3273 1874 3564 1943 impicrnm
3599 1887 3722 1926 om-

2140 1967 2292 2022 nium
2327 1968 2566 2023 lideltum
2610 1966 2985 2039 [infidelium],
3024 1976 3079 2023 et
3111 1966 3179 2021 ad
3211 1965 3724 2020 corroborationem

2140 2061 2384 2115 omnium
2422 2062 2478 2115 in
2505 2069 2557 2116 te
2580 2062 2949 2115 credentium.
2977 2059 3043 2113 Et
3070 2059 3193 2114 ideo
3222 2058 3317 2114 tibi
3352 2057 3725 2127 omnipotenti

2141 2149 2273 2215 Deo,
2310 2165 2418 2204 una
2450 2166 2574 2205 cum
2610 2150 2770 2205 Patre
2807 2149 3129 2221 Spirituque
3173 2158 3385 2212 sancto,
3414 2149 3591 2218 gloria
3624 2149 3723 2214 sit,

2147 2253 2247 2308 per
2278 2248 2474 2294 cuncta
2524 2240 2854 2295 saeculorum
2892 2240 3115 2307 saecula,
3144 2239 3313 2295 decus
3341 2246 3395 2294 et
3426 2237 3721 2305 fortitudo,

2142 2332 2320 2387 virtus
2349 2339 2514 2403 atque
2542 2332 2800 2387 victoria.
2835 2332 3033 2387 Amen.

2750 2466 2981 2525 CAPUT
3019 2466 3104 2522 ΙΙΙ.

2219 2605 2437 2669 Audite,
2478 2618 2671 2659 omnes
2705 2601 2967 2657 Ecclesiae
3010 2601 3126 2668 filii,
3164 2607 3378 2665 caetera,
3409 2616 3533 2670 qua:
3563 2606 3720 2672 post—

2142 2696 2363 2752 modum
2405 2696 2545 2749 facta
2578 2703 2737 2761 sunt;
2777 2695 2951 2764 ipsius
2991 2695 3137 2749 enim
3172 2692 3413 2762 mysterii
3452 2691 3560 2745 fuit
3606 2692 3724 2745 dis-

2142 2788 2412 2859 penSatio.
2460 2785 2755 2856 Postquam
2794 2786 2970 2852 enim,
3005 2793 3063 2839 ut
3094 2785 3349 2854 superius
3376 2784 3587 2837 dictum
3614 2790 3720 2847 est,

2144 2874 2287 2927 latus
2335 2882 2544 2927 sancta
2591 2873 2845 2943 imaginis
2887 2874 3035 2928 illius
3076 2872 3265 2926 lancea
3310 2882 3567 2941 apertum
3611 2879 3719 2934 est,

2144 2966 2407 3020 continuo
2452 2966 2619 3021 exivit
2669 2966 2894 3036 sanguis
2921 2974 2974 3019 et
3019 2979 3182 3034 aqua.
3220 2963 3485 3017 Dixerunt
3533 2972 3721 3017 autem

2145 3061 2419 3130 principes
2446 3058 2789 3116 sacerdotum
2828 3076 2841 3112 :
2875 3055 3147 3124 Alleratur
3175 3071 3272 3111 vas
3298 3056 3364 3109 ad
3396 3055 3581 3109 locum
3613 3055 3729 3108 vul-

2147 3154 2319 3219 neris,
2361 3161 2417 3207 et
2445 3153 2728 3207 videamus
2775 3151 2982 3206 exitum
3033 3150 3133 3203 rei.
3169 3147 3273 3213 Qui
3323 3147 3473 3200 illico
3507 3144 3727 3199 detule-

2145 3252 2278 3300 runt
2315 3244 2589 3316 hydriam,
2620 3252 2675 3298 et
2701 3243 2768 3298 ad
2799 3243 2981 3296 locum
3020 3239 3283 3302 vulneris,
3312 3237 3459 3292 unde
3490 3237 3725 3306 sanguis

2144 3345 2199 3392 et
2228 3350 2368 3406 aqua
2405 3334 2790 3397 decurrebant,
2835 3338 3164 3387 statuerunt.
3199 3329 3329 3396 Qua:
3370 3330 3583 3397 absque
3612 3328 3724 3382 ulla

2145 3444 2301 3483 mora
2350 3428 2534 3482 subito
2563 3427 2769 3496 repleta
2807 3433 2912 3481 est.
2947 3423 3212 3479 Dixerunt
3253 3430 3433 3476 autem
3478 3419 3549 3473 ad
3584 3420 3726 3474 invi-

2146 3536 2264 3575 cem
2294 3540 2307 3574 :
2337 3519 2605 3587 Quoniam
2651 3525 2943 3573 susurrant
2973 3516 3248 3570 Christum
3278 3514 3546 3578 colentes,
3577 3508 3726 3581 quod

2147 3613 2301 3683 signa
2329 3620 2383 3667 et
2413 3610 2685 3665 mirabilia
2713 3609 2884 3663 multa
2908 3607 3155 3661 inaudita
3186 3604 3377 3659 fecerit
3405 3604 3463 3657 in
3488 3602 3720 3669 mundo,

2146 3719 2268 3774 qua:
2317 3716 2479 3757 nemo
2530 3701 2670 3756 alius
2709 3700 2886 3771 potuit
2942 3712 3102 3768 agere
3134 3715 3146 3750 :
3177 3694 3513 3764 accipiamus
3578 3693 3724 3746 hunc

2148 3796 2492 3865 sanguinem,
2540 3801 2594 3848 et
2631 3808 2827 3863 aquam
2859 3792 3021 3857 hanc,
3069 3797 3123 3845 et
3168 3787 3479 3842 deferamus
3524 3782 3599 3838 ad
3640 3799 3731 3838 no-

2148 3893 2317 3941 stram
2359 3899 2712 3957 synagogam,
2760 3891 2816 3937 et
2859 3893 3256 3950 congregemus
3289 3876 3583 3930 universos
3634 3872 3727 3944 qui

2149 3993 2207 4033 se
2246 3978 2386 4031 male
2417 3976 2637 4038 habent,
2676 3981 2731 4029 et
2779 3989 2847 4027 ex
2880 3973 2984 4026 hoc
3019 3981 3387 4040 perungamns
3413 3981 3509 4021 eos
3548 3973 3648 4019 :et
3679 3961 3725 4018 si
3798 3978 3806 3996 ·

2150 4082 2276 4122 vera
2314 4075 2443 4120 sunt
2485 4080 2570 4128 ea,
2605 4079 2727 4135 quae
2775 4063 2843 4118 de
2869 4061 3092 4117 Christo
3139 4059 3421 4121 dicuntur,
3455 4057 3729 4109 continuo

2149 4161 2531 4217 sanabuntur:
2562 4158 2647 4212 sin
2690 4156 2845 4219 alias,
2888 4151 3126 4207 ostentui
3166 4150 3469 4203 habeantur
3500 4161 3532 4199 a
3569 4146 3729 4200 nobis

2148 4258 2371 4315 cuncta,
2394 4263 2516 4320 quae
2548 4248 2664 4304 suis
2692 4245 3019 4316 sequacibus
3048 4248 3371 4298 astruuntur
3389 4239 3459 4293 de
3484 4252 3577 4291 eo.
3605 4236 3730 4291 Haec

2150 4340 2395 4395 dicentes
2442 4336 2689 4407 hydriam
2738 4334 2992 4390 deferunt
3044 4332 3112 4387 ad
3164 4343 3522 4401 synagogam,
3582 4326 3729 4382 aesti-

470 4434 614 4489 sicut
638 4442 719 4497 tu,
756 4430 1006 4496 Domine,
1043 4441 1097 4488 et
1125 4433 1249 4503 quis
1285 4442 1364 4488 est
1395 4431 1539 4488 Deus
1578 4432 1784 4487 faciens
1824 4432 2048 4486 mirabi-
2077 4446 2121 4500 ι)
2151 4439 2367 4487 mantes
2384 4429 2680 4486 se‘Cltristo
2708 4426 2837 4483 Jesu
2869 4426 3097 4480 Domino
3113 4433 3306 4480 nostro
3331 4421 3526 4476 aeterni
3562 4419 3727 4489 Regis

469 4526 563 4587 lia.
597 4526 773 4595 signa,
810 4533 865 4578 et
889 4524 1160 4579 terribilia
1189 4534 1244 4579 et
1272 4525 1707 4596 obstupescenda
1740 4525 1796 4579 in
1824 4524 1965 4578 ccelo
1989 4533 2044 4577 et

469 4618 523 4671 in
560 4616 741 4671 terra?
775 4615 820 4671 Ο
845 4616 1184 4673 admirabilis
1217 4614 1481 4672 Mediator
1524 4615 1618 4671 Dei
1648 4623 1703 4673 et
1739 4617 2045 4685 hominum,

467 4706 818 4773 homousion,
855 4706 1042 4760 mundi
1081 4704 1412 4778 Redemptor
1458 4721 1523 4761 ac
1571 4705 1843 4772 Salvator,
1876 4709 2047 4765 totius

467 4797 729 4851 bonitatis
774 4803 828 4850 et
858 4797 1078 4866 pietatis
1112 4795 1234 4851 fons
1266 4804 1322 4850 et
1345 4796 1533 4865 origo!
1591 4792 1635 4849 Ο
1677 4805 1918 4866 quantus
1963 4815 2046 4866 es,

468 4884 701 4939 Domine
726 4883 880 4948 Jesu,
919 4886 974 4939 in
1016 4885 1346 4950 humilitate,
1386 4886 1481 4955 qui
1531 4900 1657 4940 cum
1692 4901 1844 4942 esses
1878 4887 2044 4954 Deus,

468 4977 821 5032 morticinum
852 4986 1055 5032 nostra).
1082 4978 1267 5033 carnis
1311 4979 1682 5047 suscipiendo,
1729 4980 1892 5034 homo
1929 4983 2047 5037 fieri

470 5065 725 5139 dignatus
758 5084 838 5133 es,
871 5084 971 5139 pro
1000 5069 1177 5125 salute
1213 5072 1429 5140 generis
1478 5071 1721 5136 humani,
1749 5087 1910 5142 quem
1947 5075 2050 5128 im-

470 5160 546 5232 pii
584 5170 640 5216 et
670 5160 921 5219 crudeles
957 5165 1120 5233 paulo
1153 5162 1338 5217 minus
1372 5162 1440 5216 ab
1469 5162 1677 5233 angelis
1716 5165 2046 5221 minoratum

470 5262 783 5319 cernentes,
811 5254 1062 5309 horribili
1081 5261 1254 5308 morte
1277 5254 1515 5323 plectere
1536 5270 1645 5309 non
1670 5257 2009 5312 erubuerunt
2032 5261 2045 5314 Ξ

468 5342 518 5403 ο
546 5361 709 5415 quam
738 5360 973 5415 magnus
1001 5360 1082 5408 es,
1120 5352 1310 5398 noster
1340 5341 1614 5408 Salvator,
1657 5344 1713 5398 in
1760 5346 2046 5415 patientia,

469 5439 565 5509 qui
600 5438 655 5492 in
690 5445 935 5506 tempore
963 5444 1071 5490 tua:
1100 5436 1432 5503 traditionis,
1466 5444 1561 5491 tuo
1596 5438 1863 5507 proditori
1897 5439 1965 5493 ad
1996 5447 2051 5493 te

466 5528 706 5582 venienti
740 5526 992 5581 osculum
1041 5527 1284 5596 praebere
1328 5544 1437 5581 non
1489 5530 1742 5593 renuisti,
1797 5535 1853 5583 et
1892 5543 2052 5584 servo

472 5616 684 5671 Malcho
718 5617 952 5687 apostoli
975 5616 1157 5688 gladio
1191 5618 1493 5674 abscissam
1528 5620 1833 5675 auriculam
1867 5621 2050 5675 redin-

469 5711 714 5781 tegrasti,
743 5711 962 5782 quando
999 5710 1068 5767 ad
1110 5714 1386 5783 passionis
1416 5714 1696 5771 victimam
1736 5715 1883 5773 velut
1926 5717 2047 5774 ovis

2153 4524 2290 4579 Filio
2320 4523 2612 4577 maximam
2655 4521 2858 4575 inferre
2886 4534 3047 4589 posse
3075 4517 3356 4587 injuriam.
3405 4512 3728 4584 Congrega-

2149 4623 2348 4671 verunt
2379 4615 2546 4686 igitur
2572 4626 2931 4684 quoscunque
2960 4615 3285 4680 repererunt
3321 4605 3645 4676 languidos,
3679 4611 3731 4657 et

2149 4708 2205 4761 in
2226 4712 2526 4776 conspectu
2548 4711 2871 4759 cunctorum
2898 4700 3248 4756 Hebraeorum
3271 4696 3579 4750 introducti
3605 4699 3730 4750 sunt

2149 4798 2207 4852 in
2244 4812 2599 4869 synagogam,
2632 4796 2775 4850 inter
2804 4809 2943 4865 quos
2973 4792 3195 4863 quidam
3227 4795 3502 4860 provecta
3551 4785 3729 4841 aetatis

2149 4897 2271 4946 erat
2310 4891 2495 4952 homo,
2540 4903 2704 4958 quem
2738 4904 2765 4940 a
2796 4887 3081 4941 nativitate
3122 4900 3219 4940 sua
3248 4884 3581 4953 gravissime
3611 4898 3731 4951 gos-

2151 4981 2367 5036 sederat
2403 4981 2651 5049 corporis
2702 4977 2989 5041 molestia,
3038 4991 3160 5046 qua:
3205 4971 3393 5027 Graeca
3456 4973 3731 5026 locutione

2155 5073 2479 5144 παράλυσις,
2526 5070 2721 5125 Latina
2768 5085 2921 5134 vero,
2983 5067 3276 5123 dissolutio
3332 5066 3729 5125 membrorum,

2151 5165 2373 5219 dicitur.
2406 5164 2505 5218 llic
2536 5164 2665 5218 dum
2697 5164 2935 5232 primum
2964 5161 3032 5215 ab
3059 5161 3139 5212 eis
3172 5156 3370 5213 fuisset
3401 5166 3728 5227 perunctus,

2153 5266 2374 5329 repente
2403 5257 2471 5312 de
2509 5271 2609 5311 suo
2642 5255 2889 5326 grabato,
2926 5252 3083 5322 quasi
3117 5266 3315 5305 cervus
3342 5251 3632 5313 exsiliens,
3668 5248 3732 5303 ad

2154 5352 2369 5404 laudetn
2396 5347 2518 5402 Filii
2543 5345 2637 5402 Dei
2672 5346 2962 5401 incolumis
2987 5344 3255 5408 redditus,
3294 5344 3362 5397 ad
3399 5345 3625 5414 propria
3652 5357 3735 5396 re-

2154 5443 2376 5497 meavit.
2405 5439 2610 5495 Deindc
2657 5439 2995 5493 adducentes
3028 5450 3205 5492 camus
3249 5437 3577 5498 nonnullos,
3616 5436 3731 5487 loca

2152 5550 2343 5589 eorum
2392 5534 2661 5588 luminum
2703 5548 3005 5603 perungere
3060 5529 3414 5586 studuerunt.
3473 5528 3579 5594 Qui
3631 5525 3732 5599 ipsi

2155 5627 2338 5682 statim
2383 5626 2439 5679 in
2480 5623 2611 5682 Jesu
2648 5623 2853 5680 Christi
2885 5624 3106 5678 nomine
3160 5621 3417 5676 discussa
3465 5619 3729 5679 czecitate,

2153 5723 2278 5788 post
2325 5716 2527 5774 multos
2560 5730 2755 5784 annos,
2793 5715 2977 5771 lumen
3019 5713 3282 5770 amissum
3324 5710 3576 5781 reciper’;
3623 5721 3732 5767 :ne-
