3836 6194
105 326 213 383 ιιι-1

1028 311 1129 365 DE.
1154 306 1349 365 PASS.
1386 300 1692 362 Ibi-AGIle
1729 299 1795 356 D.
1834 300 1900 354 Ν.
1942 294 2105 353 JESU
2162 291 2471 350 CHRISTI.

3249 291 3354 347 818

102 443 360 495 ruerunt.
390 433 745 506 Egrotantes
775 437 957 485 autem
986 426 1205 498 plurimi
1238 423 1305 479 ad
1335 424 1438 477 hoc
1466 427 1681 491 specta-
1713 417 1763 475 Α
1789 428 1909 506 quo
1955 427 2100 506 eant
2124 408 2491 506 ercepissent.
2520 403 2722 506 At.
2748 404 3052 506 retulerunt
3072 405 3163 506 ei,
3209 408 3356 477 quod

101 531 293 585 culum
332 536 465 581 sunt
496 523 742 586 adducti,
771 520 1027 576 manibus
1057 525 1181 590 post
1208 524 1358 586 terga
1394 512 1679 568 revinctis.

100 618 357 689 Cumque
394 625 448 672 et
477 616 556 670 illi
587 615 823 669 fuissent
858 611 1128 683 peruncti,
1158 605 1396 663 mirabili
1432 603 1525 659 Dei
1566 603 1683 657 vir-

99 718 219 765 tute
260 708 506 779 undique
538 705 769 777 perfusi,
805 720 970 759 sensu
1015 702 1388 771 redintegrato
1425 698 1683 768 pristino,

100 804 167 856 ad
203 802 427 871 propria
474 800 603 853 dum
648 804 1000 852 revertuntur
1031 791 1329 856 sanissimi,
1361 790 1551 844 laudes
1591 787 1685 843 Dei

100 892 503 961 omnipotentis
551 889 689 944 Filio
721 887 849 944 Jesu
885 887 1107 942 Christo
1143 886 1374 941 Domino
1416 885 1685 940 Salvatori

99 993 298 1039 nostro
323 983 716 1052 persolvuntur
749 982 817 1035 ab
839 980 989 1034 omni
1011 979 1235 1049 populo.
1268 977 1559 1032 Tumultus
1589 992 1689 1032 au-

99 1083 211 1128 tem
245 1080 476 1128 exortus
504 1081 591 1127 est
615 1087 865 1142 magnus,
892 1086 989 1140 per
1019 1076 1188 1123 totam
1221 1069 1467 1123 eamdem
1497 1068 1688 1122 urbem

100 1164 566 1219 concurrentibus
625 1163 918 1226 omnibus,
966 1168 1190 1232 propter
1266 1161 1690 1216 innumerabilia

101 1273 227 1327 quae
264 1258 466 1312 fiebant
493 1256 773 1311 miracula.
807 1255 873 1309 Et
902 1256 1218 1325 quicunque
1259 1254 1426 1309 variis
1462 1254 1691 1323 languo-

102 1349 268 1405 ribus
315 1350 568 1405 infirmos
602 1364 896 1419 possessos
937 1348 1209 1403 habebant
1252 1350 1394 1417 apud
1436 1362 1516 1411 se,
1559 1347 1692 1400 illuc

101 1455 201 1495 eos
239 1441 580 1495 deducentes
629 1441 1029 1511 perungebant,
1061 1447 1116 1494 et
1145 1440 1331 1494 statim
1375 1441 1689 1505 sanitatem,

102 1547 275 1602 quam
321 1532 733 1597 desiderabant,
789 1532 1288 1602 consequebantur.
1338 1529 1543 1586 Omnes
1595 1546 1695 1585 au-

103 1635 241 1691 tem,
286 1624 356 1678 ad
398 1640 756 1696 quoscunque
793 1627 1075 1695 pervenire
1110 1626 1289 1696 potuit
1321 1626 1529 1695 opinio,
1562 1625 1696 1679 affe-

106 1730 300 1774 rentes
340 1720 613 1785 infirmos,
647 1737 785 1791 quos
812 1721 1015 1777 habere
1047 1728 1298 1791 poterant
1330 1721 1386 1774 in
1415 1719 1691 1784 domibus,

105 1810 473 1880 paralyticos,
505 1824 700 1875 caecos,
729 1811 979 1875 claudos,
1012 1812 1233 1875 surdos,
1270 1819 1475 1874 mutos,
1526 1819 1580 1865 et
1612 1810 1691 1864 le-

106 1916 334 1972 prosns,
366 1903 484 1957 sive
510 1903 717 1967 aridos,
748 1902 1096 1958 deducebant
1115 1918 1214 1959 eos
1252 1902 1321 1957 ad
1359 1916 1694 1973 synagogam

106 1992 451 2059 Iudaeorum,
508 1994 603 2048 ubi
651 1994 765 2049 haec
811 1994 1013 2049 fiebant
1061 1995 1219 2065 signa
1254 1994 1536 2050 divinitus.
1588 1990 1697 2047 Sed

108 2085 372 2153 quamvis
417 2085 655 2137 maxima
698 2093 845 2140 esset
872 2085 986 2140 haec
1019 2085 1208 2140 eadem
1256 2098 1554 2155 synogoga,
1597 2098 1696 2138 ne-

108 2189 393 2245 quaquam
432 2183 619 2230 tamen
661 2177 905 2247 recipere
936 2184 1153 2244 poterat
1196 2175 1697 2246 supervenientium

107 2265 550 2322 multitudinem.
588 2266 815 2323 Inﬁnita!
850 2268 996 2323 enim
1040 2279 1200 2324 erant
1229 2272 1554 2340 populorum
1601 2283 1697 2324 ca-

110 2364 305 2418 tervae,
336 2372 461 2424 qua:
485 2356 723 2426 undique
750 2358 879 2413 illuc
908 2357 1255 2415 confluebant
1278 2368 1500 2429 propter
1535 2359 1700 2413 innu-

111 2447 409 2501 merabilia
448 2448 709 2502 miracula
746 2456 800 2504 et
833 2449 1099 2519 prodigia,
1127 2465 1248 2519 quae
1275 2464 1374 2519 pro
1396 2464 1495 2505 sua
1526 2450 1697 2503 nimia

109 2538 453 2608 prolixitate,
478 2555 547 2595 ne
574 2539 852 2607 fastidium
870 2541 1031 2612 297
1045 2550 1389 2612 generarent,
1415 2552 1697 2612 transgre-

109 2628 316 2683 diendo
347 2629 856 2698 praetermittuntur.
891 2630 1093 2685 Omnes
1117 2637 1295 2685 autem
1319 2630 1594 2700 principes
1617 2644 1702 2683 sa-

109 2718 430 2781 cerdotum,
470 2726 525 2774 et
559 2720 826 2784 seniores,
866 2725 922 2774 et
949 2719 1130 2775 omnis
1167 2719 1328 2773 turba
1360 2717 1699 2784 Iudaeorum,

109 2812 501 2880 parvulorum,
542 2826 607 2865 ac
656 2812 950 2882 majorum,
994 2821 1049 2867 et
1088 2811 1402 2874 mulierum,
1449 2810 1700 2865 videntes

109 2913 235 2968 qua:
254 2897 403 2952 facta
427 2898 663 2965 fuerant,
685 2899 1036 2955 crediderunt
1050 2900 1107 2953 in
1135 2898 1425 2954 Dominum
1445 2905 1698 2953 nostrum

107 2986 302 3044 Iesum
324 2988 631 3055 Christum,
652 3000 706 3045 et
733 2989 990 3045 dicebant
1015 3007 1030 3044 :
1055 2989 1239 3046 Gloria
1262 2990 1358 3044 tibi
1383 2988 1475 3053 sit,
1499 2996 1701 3044 aeterne

109 3078 286 3143 Deus,
340 3086 400 3135 et
445 3082 793 3150 omnipotens
844 3078 1027 3147 Pater,
1075 3080 1171 3151 qui
1221 3082 1381 3137 nobis
1435 3080 1696 3151 indignis,
1727 3121 1770 3180 α

110 3168 375 3238 quamvis
418 3184 566 3234 sero,
601 3168 854 3224 revelasti
885 3168 1109 3223 unicum
1143 3166 1340 3222 Filium
1385 3177 1561 3235 tuum,
1593 3167 1703 3223 Do-

110 3262 331 3315 minum
390 3271 634 3316 nostrum
666 3259 854 3316 Jesum
887 3261 1165 3317 Christum
1192 3280 1205 3315 :
1231 3276 1417 3331 quem,
1454 3269 1515 3315 ut
1550 3260 1703 3316 Isaiae

110 3349 448 3405 vaticinium
498 3350 719 3417 cecinit,
750 3348 917 3422 Virgo
957 3351 1232 3421 concepit,
1267 3362 1322 3407 et
1351 3349 1517 3421 Virgo
1548 3365 1705 3421 pepe-

112 3444 209 3506 rit,
271 3458 339 3497 ac
392 3450 517 3512 post
549 3452 765 3513 partum
814 3442 984 3514 Virgo
1030 3445 1349 3514 permansit.
1399 3442 1586 3497 Gloria
1631 3443 1705 3498 sit

114 3535 239 3599 tibi,
274 3535 523 3602 Christe,
570 3552 732 3607 quem
761 3545 946 3608 patres
987 3539 1166 3594 nostri
1196 3553 1387 3594 verum
1434 3537 1605 3592 Deum
1649 3547 1704 3594 et

108 3642 311 3681 verum
357 3627 660 3693 hominem,
704 3629 761 3683 in
803 3644 966 3684 cruce
995 3636 1171 3685 morte
1208 3629 1459 3686 horribili
1491 3629 1705 3687 allicere

107 3734 221 3774 non
250 3730 592 3774 metuerunt.
622 3722 727 3795 Qui
753 3737 902 3777 nunc
921 3722 1087 3776 etiam
1108 3737 1139 3775 a
1162 3719 1323 3778 nobis
1354 3710 1551 3778 iterum
1579 3738 1706 3792 pas-

111 3832 211 3872 sus
235 3832 302 3872 es
338 3826 391 3871 te
426 3817 660 3887 imagine
692 3826 786 3872 tua
820 3818 971 3873 cruci
1006 3816 1241 3888 affigere.
1274 3816 1458 3872 Gloria
1486 3818 1557 3873 sit
1581 3817 1701 3882 tibi,

109 3907 340 3963 Christe
366 3905 470 3961 Fili
501 3904 616 3971 Dei,
650 3908 745 3979 qui
778 3916 928 3962 tanta
978 3908 1251 3963 mirabilia
1284 3909 1443 3964 nobis
1488 3908 1706 3963 miseris

110 3996 540 4052 demonstrasti.
581 3995 701 4052 Tibi
734 3999 1033 4066 credimus,
1060 4007 1119 4054 tu
1149 3999 1311 4054 nobis
1354 4007 1475 4055 esto
1522 3998 1707 4069 propi-

112 4090 226 4146 tius
258 4099 317 4147 et
357 4105 466 4145 nos
522 4091 803 4161 suscipere
839 4091 1087 4161 dignare,
1112 4093 1241 4164 quia
1270 4108 1334 4147 ex
1376 4099 1492 4146 toto
1518 4092 1703 4155 corde,

112 4191 165 4237 et
200 4190 321 4235 tota
348 4181 535 4234 anima
558 4188 722 4250 atque
749 4180 952 4235 virtute
985 4180 1053 4235 ad
1084 4188 1137 4236 te
1168 4180 1537 4251 confugimus.
1582 4180 1710 4236 Haec

115 4284 169 4329 et
198 4275 286 4329 his
335 4273 543 4329 similia
577 4274 878 4328 clamantes
908 4272 1183 4341 dicebant,
1216 4275 1488 4331 lacrvmas
1526 4283 1707 4331 autem

116 4380 343 4420 amaras
379 4364 703 4421 emittebant
739 4374 792 4419 et
820 4364 1108 4435 singultus.

739 4523 969 4581 CAPUT
1006 4523 1097 4581 IV.

182 4663 498 4733 Postquam
537 4668 718 4717 autem
752 4661 927 4717 curati
966 4669 1095 4717 sunt
1130 4668 1315 4717 cuncti
1345 4661 1438 4733 qui
1493 4663 1713 4731 aegritu-

116 4757 249 4815 dine
309 4756 726 4820 detinebantur,
775 4756 1020 4810 occurrit
1063 4754 1245 4810 omnis
1288 4755 1582 4809 multitudo
1616 4753 1713 4808 Ju-

118 4852 372 4906 daeorum
406 4846 474 4902 ad
508 4847 730 4903 domum
758 4856 964 4903 sancta:
988 4848 1255 4911 ecclesiae,
1285 4863 1406 4918 quae
1434 4849 1490 4902 in
1521 4848 1712 4901 eadem

117 4945 259 5000 urbe
311 4949 472 5007 erat,
534 4941 626 4996 ubi
678 4940 1151 5012 metropolitanus.
1203 4940 1376 5008 Cujus
1439 4938 1711 5009 provoluti

118 5038 381 5107 vestigiis
400 5076 415 5099 ,
445 5050 505 5089 se
532 5049 825 5104 peccasse,
863 5050 923 5090 se
956 5034 1194 5104 graviter
1222 5032 1538 5104 deliquisse,
1590 5048 1710 5086 ma-

117 5131 243 5201 gnis
271 5127 509 5183 vocibus
543 5126 869 5182 fatebantur.
888 5124 992 5193 Qui
1026 5141 1149 5181 cum
1173 5126 1244 5180 ab
1272 5126 1350 5181 eis
1372 5126 1713 5195 perquireret

119 5234 348 5275 omnem
406 5218 484 5273 rei
528 5226 696 5289 gestae
736 5220 1038 5283 veritatem,
1069 5227 1319 5272 sanctam
1352 5217 1567 5275 iconam
1603 5215 1712 5272 Do-

120 5311 258 5365 mini
308 5309 620 5363 Salvatoris
647 5308 821 5363 eidem
851 5308 1315 5372 demonstrantes,
1347 5309 1710 5364 annuntiave-

120 5410 256 5457 runt
287 5406 495 5454 cuncta
535 5415 657 5469 quae
679 5402 734 5453 in
766 5413 830 5455 ea
857 5406 1236 5454 exercuerant.
1278 5396 1344 5451 Et
1372 5399 1605 5468 qualiter
1643 5398 1713 5453 ab

122 5492 239 5547 ictu
298 5493 511 5546 lanceae
550 5491 774 5561 sanguis
825 5500 880 5545 et
926 5506 1069 5561 aqua
1113 5491 1393 5545 emanavit
1429 5506 1494 5546 ex
1543 5491 1713 5546 latere

120 5584 328 5655 ipsius,
363 5596 580 5638 necnon
612 5590 667 5638 et
692 5581 760 5637 de
801 5582 1141 5638 mirabilibus
1167 5582 1236 5636 ab
1271 5594 1336 5636 ea
1367 5580 1604 5636 ostensis
1635 5580 1712 5635 illi

122 5677 440 5731 retulerunt
468 5689 566 5745 per
584 5674 848 5731 ordinem.
881 5675 976 5731 Ille
1001 5690 1132 5730 vero
1156 5675 1545 5745 interrogabat,
1572 5689 1711 5744 qua-

122 5766 256 5826 liter
288 5769 453 5825 icona
478 5767 598 5839 ipsa
633 5768 701 5824 ab
728 5767 808 5825 eis
841 5766 1039 5824 fuisset
1078 5775 1312 5839 reperta,
1345 5776 1398 5826 et
1435 5768 1483 5825 si
1510 5765 1580 5824 ab
1608 5769 1710 5824 ali-

1787 505 2004 576 quidem
2043 502 2372 557 Christicola
2402 513 2497 569 per
2557 497 2887 553 oblivionem
2918 497 2973 552 in
3005 497 3199 552 cellula
3234 513 3360 569 syn-

1788 612 1972 669 agoga;
1999 596 2248 666 proxima
2269 592 2570 646 dimisisset
2594 589 2838 644 eamdem
2875 590 3108 651 iconam,
3139 589 3266 643 dum
3297 605 3359 644 se

1790 692 1859 746 ad
1891 692 2055 746 alium
2095 690 2276 742 locum
2318 683 2641 740 transferret
2671 683 2981 753 hospitandi
3015 683 3207 754 gratia.
3254 682 3359 749 Qui

1791 783 1975 838 statim
2019 780 2244 851 jubetur
2281 775 2525 845 inquiri,
2574 781 2629 829 et
2684 781 2933 844 repertus
2982 773 3039 827 in
3072 773 3361 843 praesentia

1789 873 2002 929 domini
2040 868 2442 939 metropolitani
2471 866 2749 921 statuitur.
2786 863 3031 934 Cumque
3057 865 3126 918 ab
3150 880 3216 919 eo
3246 872 3364 920 stu-

1790 964 2105 1032 diosissime
2171 960 2371 1015 fuisset
2422 960 2809 1027 interrogatus,
2876 956 3163 1026 quomodo.
3205 958 3365 1012 icona

1791 1058 1933 1128 apud
1965 1071 2023 1111 se
2048 1053 2375 1113 devenisset,
2409 1050 2545 1104 vela
2573 1065 2681 1118 quo
2708 1056 2815 1101 tam
2847 1048 3168 1102 mirabiliter
3187 1050 3368 1118 posita

1792 1157 1959 1211 esset,
1992 1144 2277 1215 respondit
2306 1143 2498 1196 ‘dicens
2535 1158 2549 1194 :
2583 1138 2738 1208 quod
2778 1137 3131 1205 Nicodemus,
3164 1140 3258 1210 qui
3296 1138 3369 1194 ad

1790 1238 1977 1294 Jesum
2023 1242 2182 1290 nocte
2211 1241 2467 1294 venerat,
2498 1230 2735 1300 propriis
2772 1229 3033 1284 manibus
3062 1243 3182 1283 eam
3216 1244 3370 1283 com-

1794 1328 2090 1399 posuisset,
2119 1330 2173 1377 et
2207 1322 2449 1376 moriens
2476 1318 2757 1373 Gamalieli
2802 1317 3138 1373 tradidisset.
3168 1317 3369 1373 Gama-

1794 1422 1883 1477 liel
1915 1427 2094 1474 autem
2136 1414 2380 1472 doctoris
2408 1413 2649 1484 gentium
2681 1410 2833 1464 Pauli
2865 1411 3204 1475 διδάσκαλος,
3240 1426 3365 1466 cum

1795 1496 1936 1567 diem
1980 1511 2083 1565 sibi
2116 1514 2363 1563 cerneret
2405 1506 2598 1561 adesse
2645 1511 2967 1567 extremum,
2999 1500 3208 1557 Jacobo
3247 1492 3366 1557 eam

1794 1602 2035 1673 reliquit,
2066 1608 2120 1656 et
2158 1599 2396 1654 Iacobus
2427 1595 2667 1653 Simeoni
2688 1635 2703 1658 ,
2733 1602 2788 1649 et
2821 1594 3041 1650 Simeon
3076 1593 3367 1662 Zacchao;

1796 1701 1851 1749 et
1880 1693 1958 1747 sic
1984 1707 2078 1761 per
2098 1702 2445 1745 successores
2475 1696 2778 1756 temporum
2802 1685 2855 1738 in
2877 1682 3212 1755 Jerosolyma
3241 1699 3371 1754 per-

1727 1783 1772 1839 B
1800 1783 2038 1846 duravit,
2089 1794 2376 1851 usquequo
2423 1778 2712 1834 subversio
2760 1777 2909 1831 illius
2958 1775 3110 1831 urbis
3157 1782 3370 1845 patrata

1794 1882 1880 1932 est
1907 1873 2327 1946 quadragesimo
2360 1877 2415 1925 et
2455 1869 2617 1924 tertio
2659 1882 2802 1922 anno
2832 1877 2955 1937 post
2994 1868 3371 1922 ascensionem

1795 1967 2010 2022 Domini
2053 1964 2354 2020 Salvatoris
2400 1961 2470 2015 ad
2512 1961 2703 2018 ccelos.
2754 1959 2861 2015 Sed
2904 1960 3179 2015 biennium
3218 1967 3376 2015 ante-

1797 2075 1960 2130 quam
1995 2059 2155 2112 Titus
2196 2063 2250 2110 et
2282 2053 2652 2123 VeSpasianus
2696 2050 2944 2107 eamdem
2992 2051 3374 2107 subverterent

1798 2153 2010 2214 urbem,
2040 2147 2305 2203 admoniti
2337 2153 2466 2201 sunt
2488 2160 2519 2198 a
2543 2144 2752 2213 Spiritu
2781 2153 2974 2200 sancto
3004 2144 3190 2200 fideles
3214 2155 3377 2216 atque

1798 2242 2055 2313 discipuli
2094 2240 2323 2303 Christi,
2374 2246 2435 2292 ut
2487 2238 2678 2291 relicta
2727 2236 2886 2299 urbe,
2923 2236 2991 2291 ad
3034 2252 3265 2308 regnum
3315 2253 3377 2294 ae

1795 2334 2159 2389 transferrent
2191 2331 2438 2400 Agrippa:
2463 2328 2629 2398 regis,
2658 2328 2787 2397 quia
2821 2328 2938 2397 ipse
2975 2337 3106 2382 tunc
3136 2328 3379 2399 Agrippa

1798 2423 2065 2479 Romanis
2130 2420 2428 2476 foederatus
2478 2426 2616 2474 erat.
2672 2417 2777 2483 Qui
2828 2420 3037 2489 egressi
3090 2419 3160 2474 ab
3217 2419 3374 2484 urbe,

1800 2515 1985 2570 omnia
2029 2528 2152 2584 quae
2194 2512 2262 2566 ad
2309 2512 2517 2566 cultum
2556 2519 2760 2565 nostrae
2810 2510 3085 2580 religionis
3127 2509 3212 2565 vel
3250 2509 3379 2566 fidei

1800 2606 2077 2678 pertinere
2114 2604 2442 2659 videbantur
2489 2617 2676 2657 secum
2712 2600 3044 2666 auferentes,
3076 2602 3129 2655 in
3161 2601 3263 2657 has
3289 2617 3378 2656 re-

1802 2701 1993 2770 giones
2028 2696 2428 2750 transtulerunt
2460 2710 2539 2750 se.
2570 2694 2690 2760 Quo
2723 2699 2969 2763 tempore
3001 2692 3165 2747 etiam
3195 2692 3376 2757 icona,

1801 2806 1925 2847 cum
1971 2788 2185 2844 caeteris
2222 2787 2386 2842 rebus
2429 2784 2820 2840 ecclesiasticis
2866 2784 3171 2853 deportata,
3207 2799 3380 2855 usque

1799 2882 1967 2937 hodie
2002 2884 2060 2937 in
2090 2880 2249 2953 Syria
2285 2878 2609 2949 permansit,
2638 2892 2803 2948 quam
2839 2892 2940 2945 ego
2972 2879 3088 2947 ipse
3121 2892 3149 2930 a
3182 2892 3379 2947 paren-

1803 2976 1952 3030 tibus
1994 2990 2061 3029 ex
2091 2974 2197 3027 hac
2223 2972 2345 3027 luce
2377 2969 2740 3040 migrantibus
2774 2968 2906 3022 mihi
2942 2966 3219 3033 traditam,
3251 2969 3380 3039 jure

1804 3068 2152 3124 haereditario
2186 3079 2361 3135 usque
2394 3077 2541 3118 nunc
2568 3062 2804 3133 possedi.
2838 3060 2965 3116 Haec
2994 3068 3145 3116 certa
3175 3067 3230 3116 et
3257 3076 3379 3115 ma-

1804 3159 2001 3216 nifesta
2022 3159 2165 3213 ratio
2189 3166 2273 3212 est
2300 3155 2368 3210 de
2391 3154 2549 3210 icona
2582 3161 2774 3210 sancta
2802 3152 3019 3209 Domini
3051 3151 3375 3220 Salvatoris,

1804 3253 2039 3324 qualiter
2073 3251 2140 3305 de
2184 3248 2341 3320 Syria
2372 3249 2429 3302 in
2453 3246 2652 3302 Iudaeae
2679 3251 2863 3317 partes
2890 3245 3126 3301 devenit.
3156 3244 3376 3302 Auditis

1807 3346 1894 3401 his
1954 3341 2305 3400 sermonibus
2357 3338 2849 3396 reverendissimus
2901 3336 3377 3407 metropolitanus.

1805 3435 1963 3490 valde
1987 3432 2178 3489 hilaris
2210 3430 2477 3492 redditus,
2500 3443 2799 3483 conversus
2823 3427 2890 3481 ad
2920 3427 3179 3497 populum
3209 3425 3383 3482 Israe-

1806 3527 2018 3582 liticum
2073 3523 2290 3578 dicebat
2343 3540 2356 3578 :
2413 3520 2767 3582 Convertere,
2820 3515 3012 3580 Israel,
3073 3516 3141 3571 ad
3191 3514 3380 3570 Domi-

1806 3633 1961 3683 num,
2024 3615 2240 3670 Patrem
2307 3613 2686 3668 universorum
2733 3609 3055 3671 viventium,
3106 3615 3162 3663 et
3211 3607 3381 3663 adora

1806 3702 2093 3769 nobiscum
2114 3708 2235 3779 ejus
2258 3705 2476 3770 Filium,
2501 3718 2599 3775 per
2621 3712 2780 3772 quem
2812 3709 2942 3755 sunt
2968 3698 3152 3752 omnia
3174 3707 3378 3793 creata,

1806 3810 1861 3857 et
1919 3798 2185 3870 Spiritum
2242 3803 2514 3858 sanctum,
2568 3792 2661 3862 qui
2721 3799 2807 3846 est
2897 3788 3200 3844 vivificator
3231 3788 3385 3843 'cun-

1807 3900 2021 3949 ctorum
2058 3888 2378 3950 viventium,
2426 3893 2482 3940 et
2535 3883 2872 3938 illuminator
2909 3888 3224 3936 nostrarum
3259 3880 3384 3933 ani-

1810 3998 2045 4040 marum.
2092 3978 2311 4035 Festina
2353 3976 2596 4031 debitum
2634 3974 2917 4029 absolvere
2949 3979 3159 4026 votum.
3191 3968 3383 4024 Omnis

1810 4082 1995 4131 autem
2057 4071 2220 4126 turba
2278 4067 2470 4137 stirpis
2525 4063 2766 4119 Iudaicae
2812 4064 2960 4118 clara
3018 4076 3152 4117 voce
3216 4060 3383 4130 coapit

1811 4175 2035 4223 cantare
2111 4170 2165 4217 et
2245 4160 2427 4215 dicere
2466 4155 2666 4211 :Unus
2727 4154 2871 4210 Deus
2930 4152 3112 4218 Pater.
3165 4160 3220 4206 et
3270 4152 3388 4220 ipse

1810 4256 2105 4328 ingenitus.
2138 4250 2292 4306 Unus
2324 4248 2516 4312 Filius,
2537 4255 2592 4303 et
2624 4247 2741 4317 ipse
2762 4244 3072 4316 unigenitus
3107 4242 3384 4309 Christus,

1811 4365 1973 4420 quem
2026 4354 2208 4417 patres
2264 4344 2438 4398 nostri
2489 4340 2917 4404 crucifixerunt,
2950 4345 3005 4393 et
3051 4352 3155 4394 nos
3208 4336 3388 4408 ipsum

1738 4475 1786 4533 υ
1815 4440 2134 4512 agnovimus
2177 4449 2366 4492 verum
2414 4432 2723 4487 Dominum.
2772 4427 2926 4484 Unus
2976 4426 3212 4498 Spiritus
3260 4441 3391 4483 san-

1819 4541 1943 4587 ctus
1978 4538 2033 4585 et
2079 4529 2146 4582 ab
2184 4536 2417 4595 utroque
2443 4519 2766 4593 procedens,
2806 4534 2903 4588 per
2932 4532 3093 4587 quem
3119 4516 3390 4572 veraciter

1811 4640 1914 4679 nos
1960 4621 2235 4677 credimus
2267 4632 2390 4673 esse
2432 4612 2742 4670 salvandos.
2785 4609 2912 4665 Haec
2950 4609 3212 4674 dicentes,
3260 4623 3389 4678 pro-

1815 4712 1976 4769 strati
2019 4709 2249 4781 genibus
2286 4705 2479 4776 ipsius,
2514 4702 2728 4757 veniam
2771 4698 3121 4770 postulabant
3162 4697 3231 4751 de
3273 4695 3390 4750 suis

1817 4805 2084 4875 consequi
2118 4802 2418 4859 sceleribus
2460 4814 2557 4870 per
2601 4795 2857 4866 baptismi
2888 4793 3212 4849 remedium.
3241 4789 3390 4857 Quos

1820 4899 2131 4969 suscipiens
2170 4896 2364 4950 beatus
2410 4892 2639 4946 antistes
2685 4902 2810 4943 cum
2863 4887 2981 4942 suis
3026 4883 3261 4947 clericis,
3293 4896 3391 4952 per

1819 4990 1937 5046 dies
1989 4986 2257 5058 plurimos
2313 4984 2381 5038 de
2431 4980 2722 5049 disciplina
2762 4976 2999 5033 erudivit
3051 4972 3385 5028 Christiana.

1819 5082 1904 5138 Ad
1961 5081 2214 5136 ultimum
2272 5091 2404 5132 vero
2463 5074 2884 5128 catechumenos
2939 5066 3137 5131 factos,
3189 5070 3245 5120 et
3290 5065 3389 5117 tri-

1813 5175 1997 5230 duano
2038 5178 2260 5242 peracto
2308 5166 2559 5239 jejunio,
2594 5180 2660 5220 ex
2701 5176 2843 5233 aqua
2875 5168 2929 5216 et
2957 5156 3165 5230 Spiritu
3197 5163 3389 5213 sancto

1813 5264 2152 5338 regeneravit
2176 5275 2291 5318 eos.

2443 5409 2670 5469 CAPUT
2708 5408 2774 5465 Y.

1887 5576 2187 5646 Postquam
2231 5583 2360 5625 vero
2409 5566 2741 5637 baptismum
2784 5556 3066 5616 consecuti
3113 5561 3262 5618 sunt,
3299 5569 3395 5611 ro-

1820 5672 2022 5744 gabant
2081 5664 2297 5724 enixius
2357 5666 2607 5718 sanctum
2651 5656 2873 5721 virum,
2920 5657 2994 5744 ut
3054 5662 3383 5721 synagogam

1817 5738 1973 5822 suam
2028 5758 2319 5819 ecclesiam
2375 5757 2722 5811 consecraret
2797 5760 2855 5804 ιιι
2910 5743 3171 5801 honorem
3221 5738 3398 5797 sancti
