3836 6194
458 262 563 318 819

1641 262 1698 318 S.
1737 262 2208 319 ATHANASIUS.
2249 294 2320 306 —
2356 263 2627 321 SPURIA.

459 384 761 439 Salvatoris
831 385 1044 441 mundi.
1110 384 1353 453 Quorum
1419 384 1739 456 petitionem
1808 387 2036 441 minime
2066 391 2111 449 Α
2141 386 2258 442 suis
2302 389 2524 457 scriptis
2556 388 2641 444 vel
2692 387 2923 458 eloquiis
2963 384 3411 443 manifestissime
3448 384 3727 443 universis

455 484 807 546 aspernatus,
859 492 1191 549 synagogam
1257 477 1497 539 illorum,
1544 494 1666 548 quae
1702 479 1878 548 major
1916 494 2041 534 esse

455 569 763 632 videbatur,
789 569 841 623 in
876 572 1096 624 nomine
1119 570 1381 640 unigeniti
1406 570 1499 625 Dei
1517 570 1639 623 Filii
1661 569 2041 641 Redemptoris

427 645 443 723 1
460 660 646 715 umitdi
677 662 1036 715 consecravit.
1082 662 1158 716 Ex
1186 670 1319 717 tunc
1344 664 1526 733 itaque
1551 680 1648 733 per
1672 664 1920 718 diversas
1952 680 2056 720 or-.

425 754 541 833 'bis
592 761 752 808 terra:
794 754 1046 808 nationes
1087 762 1142 807 et
1184 756 1497 824 provincias
1543 771 1660 809 mos
1701 755 1944 816 inolevit,
1981 762 2042 808 ut

457 842 718 898 basilicas
774 844 1040 913 plurimas
1094 846 1176 899 vel
1226 844 1487 908 oratoria,
1540 844 1825 914 pontifices
1875 844 2040 898 Chri-

456 934 649 989 stianae
706 934 860 1004 legis,
914 934 971 988 in
1017 935 1222 989 honore
1275 933 1451 989 sancti
1507 932 1806 989 Salvatoris
1853 934 2041 989 mundi

455 1026 693 1083 condere
720 1033 774 1080 et
802 1026 1060 1082 dedicare
1089 1040 1198 1080 non
1228 1025 1502 1082 desinant.
1534 1024 1670 1079 Nam
1705 1034 1864 1080 antea
1898 1026 2043 1081 antio

455 1120 679 1187 quiores
717 1119 931 1181 nostri,
971 1118 1057 1173 vel
1094 1118 1351 1187 majores,
1388 1117 1493 1172 hoc
1525 1132 1785 1187 peragere
1817 1118 2041 1172 minime

455 1217 932 1280 praesumpserant.
962 1209 1065 1264 Sed
1098 1210 1167 1264 ad
1199 1210 1532 1264 narrationis
1560 1218 1762 1264 nostrm
1794 1209 2043 1264 ordinem

456 1302 800 1359 reﬂectamus
840 1304 1153 1358 articulum.
1193 1303 1549 1372 Rogaverunt
1588 1311 1767 1356 autem
1831 1309 2039 1355 metro-

455 1394 683 1463 politani
714 1394 997 1464 prarfatum
1028 1395 1226 1458 virum,
1258 1403 1318 1449 ut
1351 1404 1579 1449 cmteras
1612 1408 1916 1464 synagogas
1946 1407 2040 1447 eo-

454 1502 576 1541 rum
636 1487 689 1541 in
740 1488 943 1543 honore
980 1488 1345 1557 quorumdam
1402 1488 1685 1542 beatorum
1736 1494 2038 1556 martyrum

453 1577 833 1632 consecrando
893 1577 1300 1631 reconciliaret.
1351 1579 1544 1646 Itaque
1608 1585 1663 1631 et
1719 1576 1847 1637 huic
1903 1574 2041 1643 peti-

452 1669 590 1723 tioni
621 1671 852 1725 libenter
895 1669 1136 1724 animum
1180 1668 1632 1732 accommodavit,
1673 1675 1728 1722 et
1780 1682 1906 1736 quae
1960 1665 2037 1719 illi

453 1769 849 1832 suggesserunt
887 1761 981 1817 Dei
1016 1763 1299 1833 juvamine
1334 1761 1527 1825 fretus,
1561 1769 1756 1814 cuneta
1798 1735 2035 1826 explevit
2070 1735 2110 1790 Β

450 1854 701 1910 devotus.
743 1853 971 1910 Factum
1002 1863 1087 1910 est
1120 1854 1379 1924 gaudium
1421 1869 1677 1923 magnum
1718 1852 1772 1906 in
1816 1851 2036 1905 civitate

452 1945 568 2008 illa,
598 1962 708 2000 non
737 1947 914 2001 solum
952 1946 1019 2000 de
1049 1947 1281 2001 sanitate
1315 1958 1630 2013 corporum,
1663 1957 1782 2012 quae
1814 1954 2038 1995 emana-

451 2045 606 2091 verat
658 2038 915 2101 maxima,
966 2036 1060 2092 sed
1108 2045 1162 2091 et
1223 2036 1290 2091 de
1329 2038 1498 2090 tantis
1546 2035 1858 2095 animabus,
1912 2047 2036 2102 qua!

453 2130 523 2184 ab
568 2129 794 2183 interitu
840 2127 1099 2184 -Satana3
1165 2129 1231 2183 ad
1288 2130 1455 2182 vitam
1507 2135 1766 2182 aeternam
1821 2125 2037 2181 fuerant

453 2230 739 2277 revocatas.

1047 2330 1277 2388 CAPUT
1340 2330 1430 2385 Vl.

527 2437 866 2500 Venerabilis
898 2458 1028 2499 vero
1070 2452 1121 2499 et
1160 2458 1407 2499 summus
1430 2430 1677 2506 antistes,
1708 2440 1795 2495 die
1839 2447 2034 2494 noctu-

451 2550 560 2604 que
632 2535 800 2589 variis
855 2533 1153 2589 fluctuabat
1204 2532 1632 2602 cogitationibus
1692 2530 1759 2584 de
1816 2529 2029 2601 hydria,

450 2640 572 2694 quae
610 2622 954 2680 Dominicum
1004 2624 1148 2679 intra
1201 2638 1260 2678 se
1301 2622 1569 2678 retinebat
1607 2636 1879 2685 cruorem,
1912 2622 2030 2675 val-

452 2716 519 2770 de
553 2715 832 2783 hzesitans,
867 2714 1003 2784 quid
1041 2715 1109 2769 de
1148 2729 1213 2769 ea
1259 2721 1625 2783 opportunum
1656 2710 1852 2766 fuisset
1906 2726 2033 2781 per—

451 2823 634 2878 agere.
697 2807 937 2863 Tandem
997 2816 1178 2863 autem
1238 2807 1445 2862 salubri
1516 2817 1729 2876 reperto
1757 2804 2030 2867 consilio.

452 2899 697 2951 omnium
735 2897 1132 2960 Ecclesiarum,
1168 2910 1290 2966 quae
1332 2910 1431 2965 per
1455 2895 1640 2950 orbem
1670 2902 1831 2949 terrae
1875 2894 2033 2962 longe

452 2990 667 3060 lateque
700 2990 1097 3051 consistebant,
1146 2987 1522 3042 inaestimabile
1567 2994 1730 3055 atque
1778 2985 2030 3056 profutu-

2145 486 2351 535 sancta:
2397 478 2655 535 Ecclesiae
2695 480 2823 534 filiis
2862 479 3092 533 viriliter
3138 477 3455 533 declaravit.
3489 475 3605 531 Hoc
3634 478 3724 531 ia-

2145 588 2310 641 super
2361 572 2428 626 ab
2480 571 2559 625 eis
2609 569 2930 640 efflagitans,
2989 576 3049 621 ut
3099 584 3195 639 per
3244 583 3417 622 annos
3474 568 3725 637 singulos

2143 663 2199 717 in
2235 678 2421 716 mense
2456 661 2769 723 Novembri,
2804 660 2895 730 qui
2930 659 3071 729 apud
3111 658 3365 714 Hebraeos
3397 666 3484 712 est
3517 674 3723 721 nonus,

2145 754 2286 825 apud
2340 770 2442 809 nos
2481 770 2610 809 vero
2662 753 2868 809 mensis
2922 752 3264 812 undecimus,
3300 766 3445 804 nono
3494 749 3584 804 die
3643 750 3726 819 ip-

2143 848 2260 901 sius
2320 844 2567 907 mensis,
2625 842 2677 896 id
2749 850 2831 896 est
2901 841 3093 911 quinto
3161 838 3285 894 ldus
3360 838 3723 903 Novembris,

2143 953 2253 991 non
2324 935 2523 989 minori
2598 933 2944 999 reverentia,
3008 947 3170 1002 quam
3228 931 3423 985 natalis
3502 929 3701 984 Domin

2142 1029 2226 1082 vel
2276 1025 2590 1089 Paschalis,
2653 1026 2758 1078 ista
2821 1022 2941 1077 dies
2999 1021 3274 1092 przecipua
3334 1019 3723 1074 observatione

2143 1118 2379 1171 colatur.

2740 1224 2970 1283 CAPUT
3010 1223 3122 1280 VII.

2214 1342 2339 1398 Haec
2385 1349 2471 1398 est
2505 1356 2634 1396 vera
2685 1348 2740 1395 et
2788 1339 3136 1394 vehementer
3185 1336 3405 1392 credula
3453 1335 3600 1391 ratio
3655 1336 3722 1391 de

2141 1451 2338 1491 cruore
2371 1435 2561 1489 lateris
2595 1432 2809 1486 Domini
2859 1432 3035 1486 nostri
3084 1430 3404 1493 Salvatoris,
3452 1429 3545 1498 qui
3596 1444 3722 1498 pro-

2140 1527 2297 1583 fluxit
2324 1528 2392 1582 de
2415 1533 2605 1582 sancta
2639 1525 2877 1595 imagine
2898 1524 3092 1594 ipsius,
3124 1538 3246 1592 quae
3272 1520 3532 1576 crucifixa
3555 1529 3643 1576 est
3669 1522 3721 1574 in

2144 1619 2320 1690 Syria,
2367 1621 2421 1673 in
2452 1618 2649 1687 Beryto
2681 1618 2920 1672 civitate.
2951 1614 3051 1669 Hic
3075 1624 3159 1670 est
3188 1616 3349 1669 etiam
3372 1615 3600 1684 sanguis
3636 1614 3722 1666 ille

2142 1714 2308 1783 298
2337 1712 2674 1772 Dominicus,
2708 1709 2802 1780 qui
2831 1709 2971 1779 apud
3001 1710 3292 1778 plerosque
3320 1716 3572 1777 repertus
3600 1723 3722 1762 esse

2136 1807 2358 1860 dicitur.
2412 1802 2522 1857 Nec
2567 1818 2690 1857 esse
2748 1801 2906 1855 aliter
2961 1799 3339 1855 aestimandum
3389 1808 3474 1854 est
3516 1814 3551 1852 a
3594 1815 3723 1853 vere

2135 1894 2454 1960 Catholicis,
2483 1902 2683 1963 praeter
2709 1893 2783 1955 id,
2811 1892 2955 1963 quod
2984 1891 3246 1945 scribitur
3277 1906 3307 1943 a
3336 1891 3518 1953 nobis,
3562 1892 3729 1961 quasi.

2136 2003 2200 2042 ex
2252 2000 2420 2040 carne
2476 1992 2530 2039 et
2581 1986 2851 2053 sanguine
2915 1983 3116 2037 Christi
3172 1982 3375 2053 aliquid
3427 1984 3612 2052 possit
3667 1984 3723 2036 in

2134 2078 2341 2134 mundo
2381 2076 2642 2139 inveniri,
2668 2076 2775 2129 nisi
2817 2074 2946 2129 illud
2980 2075 3124 2145 quod
3174 2075 3229 2128 in
3275 2090 3369 2128 ara
3402 2075 3600 2129 altaris
3627 2089 3725 2145 per

2135 2186 2336 2226 manus
2387 2168 2736 2226 sacerdotum
2782 2166 3029 2237 quotidie
3071 2166 3429 2235 spiritualiter
3467 2166 3722 2219 eﬂicitur.

2134 2259 2260 2316 Haec
2307 2276 2439 2330 ergo
2490 2259 2711 2319 sciens,
2755 2258 3118 2312 amantissimi
3172 2266 3351 2326 patres
3395 2266 3450 2311 et
3493 2257 3722 2319 fratres,

2134 2352 2431 2409 acceleravi
2482 2351 2763 2405 declarare
2802 2350 2982 2414 vobis,
3024 2350 3090 2403 ad
3137 2349 3552 2403 aedificationem
3606 2350 3729 2402 ani-

2132 2460 2344 2499 marum
2375 2453 2701 2506 vestrarum,
2737 2442 2804 2496 ad
2842 2443 3236 2497 incrementum
3263 2450 3457 2495 vestra:
3485 2440 3633 2503 ﬁdei,
3670 2452 3726 2494 ut

2132 2547 2186 2591 et
2217 2537 2269 2592 in
2312 2538 2414 2591 hoc
2459 2536 2601 2591 scire
2632 2535 2882 2598 valeatis,
2910 2543 3115 2605 quanta
3146 2536 3217 2589 sit
3244 2537 3418 2589 virtus
3458 2541 3512 2588 et
3547 2537 3724 2604 pietas

2134 2627 2347 2682 Domini
2404 2626 2705 2681 Salvatoris
2753 2625 2926 2681 nostri
2970 2623 3100 2680 Jesu
3149 2624 3370 2679 Christi.
3404 2623 3625 2679 Idcirco
3669 2626 3723 2678 in

2136 2720 2240 2775 ﬁde
2279 2720 2447 2775 fortes
2497 2729 2692 2785 estote,
2739 2726 2794 2775 et
2839 2719 3181 2789 congaudete
3224 2732 3388 2787 super
3433 2731 3636 2787 magna
3671 2726 3726 2771 et

2134 2811 2568 2883 obstupescenda
2598 2811 2720 2881 ejus
2749 2812 3036 2870 miracula.
3070 2825 3191 2879 qua:
3229 2811 3285 2863 in
3331 2816 3524 2863 nostra
3555 2824 3727 2879 gene-

2134 2906 2344 2959 ratione
2373 2920 2403 2958 a
2440 2902 2550 2957 Deo
2571 2913 2699 2959 sunt
2729 2910 2964 2973 patrata.
2999 2901 3064 2955 Et
3085 2902 3208 2957 date
3230 2901 3305 2954 illi
3333 2900 3567 2969 gloriam
3599 2915 3723 2953 cum

2134 2994 2319 3047 laetitia
2368 2993 2687 3063 gaudentes,
2735 3005 2788 3047 ct
2842 3007 2966 3045 cum
3012 2992 3179 3045 nimia
3227 2990 3411 3045 cordis
3453 3005 3725 3059 compun-

451 3098 573 3135 rum
640 3081 876 3151 providit
936 3079 1329 3135 consolationis
1402 3075 1729 3131 remedium.
1790 3075 2315 3150 Deniquecctione
2379 3085 2499 3153 ejus
2572 3085 2845 3155 majestati
2918 3084 3214 3138 immensas
3286 3083 3496 3153 gratias
3559 3083 3726 3150 agite,

453 3174 719 3242 ampullas
762 3173 1014 3243 praecepit
1046 3171 1159 3226 ﬁeri
1191 3171 1415 3234 vitreas,
1445 3169 1499 3222 in
1530 3169 1730 3237 quibus
1759 3168 2038 3237 portiones

451 3267 604 3320 misit
652 3266 896 3336 singulas
963 3264 1030 3319 de
1089 3264 1357 3334 sanguine
1435 3269 1490 3316 et
1556 3275 1736 3329 aqua,
1800 3273 1920 3328 quae
1969 3259 2037 3315 de

452 3355 687 3427 imagine
747 3356 961 3411 Domini
1019 3354 1320 3410 Salvatoris
1381 3351 1558 3406 nostri
1629 3351 2032 3415 decurrerant,

453 3462 591 3516 quas
642 3448 805 3502 etiam
853 3463 949 3517 per
989 3447 1196 3510 Asiam,
1250 3444 1511 3506 Africam,
1586 3442 1879 3512 Europam,
1940 3457 2037 3512 per

454 3557 586 3596 suos
631 3543 856 3597 nuntios
911 3541 1175 3610 dirigens,
1218 3545 1436 3597 cuncta.
1483 3551 1604 3605 qua
1656 3536 1797 3605 apud
1843 3536 2032 3590 urbem

449 3629 561 3703 jam
610 3633 811 3688 dictam
867 3649 970 3689 suo
1025 3642 1268 3703 tempore
1324 3630 1686 3700 contigerant,
1745 3628 2033 3684 devenisse

2142 3190 2209 3230 eo
2258 3175 2404 3246 quod
2450 3176 2571 3230 fidei
2622 3192 2734 3231 sua:
2781 3184 2836 3231 et
2893 3177 3138 3231 scientiae
3183 3175 3379 3246 dignos
3437 3189 3538 3230 vos
3598 3174 3730 3229 fecit

2139 3282 2284 3322 esse.
2334 3267 2442 3338 Ipsi
2510 3268 2729 3324 Christo
2789 3266 2919 3323 Jcsu
2978 3268 3244 3322 Salvatori
3304 3278 3536 3331 nostro,
3601 3282 3728 3321 cum

2139 3355 2335 3424 Patre,
2393 3368 2695 3430 sanctoque
2757 3357 2962 3428 Spiritu
3029 3359 3201 3428 gloria
3269 3358 3340 3413 sit
3412 3357 3726 3426 honorque,

2139 3448 2259 3504 laus
2325 3451 2489 3504 etiam
2559 3452 2816 3521 perennis
2882 3467 2895 3502 ε
2956 3451 3048 3520 qui
3101 3450 3494 3520 sempiternum
3560 3458 3730 3519 atque

2139 3539 2436 3596 indivisum
2470 3545 2680 3614 absque
2711 3544 2868 3598 initio
2907 3550 2960 3598 et
3007 3542 3112 3598 fine
3159 3543 3368 3598 obtinet
3400 3542 3725 3598 imperium.

2137 3630 2330 3689 Amen.

539 3856 776 3914 SERMO
824 3858 1073 3917 SANCTI
1122 3854 1499 3913 ATIIANASII
1540 3854 2035 3980 EPISCOPI,DI(I)I;JI‘

2145 3855 2382 4000 ‘83)ET
2437 3857 2792 3914 MODERNIS
2843 3859 3283 3917 MIRABILIBUS
3320 3858 3644 3916 IMAGINIS

1980 3952 2125 3982 JIIL‘I
2167 3952 2300 3982 I‘IOI.

521 4046 739 4101 Elevate
788 4043 979 4100 oculos
1025 4056 1223 4098 sensus
1279 4039 1492 4105 vestri,
1527 4038 1771 4094 universi
1836 4048 2042 4095 sanctae
2141 4051 2195 4097 et
2217 4043 2589 4114 obstupescite
2618 4061 2631 4111 ;
2664 4043 3030 4117 intelligentes
3050 4046 3353 4117 intelligite,
3383 4054 3440 4100 et
3464 4046 3739 4104 inclinate

450 4136 776 4191 Christianae
829 4132 1112 4205 religionis
1169 4132 1368 4187 fratres
1414 4137 1468 4186 et
1502 4137 1706 4201 patres.
1754 4137 1809 4183 et
1858 4133 2042 4186 consi-

452 4229 639 4285 derate
687 4229 827 4284 hanc
873 4242 1067 4281 novam
1102 4224 1519 4280 admirationem
1570 4239 1694 4294 qua:
1740 4223 1882 4279 facta
1918 4233 2026 4291 est,

2142 4134 2309 4188 corda
2343 4144 2526 4189 vestra
2558 4134 2625 4188 ad
2660 4137 2929 4206 magnalia
2964 4134 3081 4191 Dei.
3119 4138 3212 4191 Est
3238 4137 3435 4192 civitas
3462 4153 3593 4206 quae
3637 4155 3735 4193 vo—

2144 4231 2307 4278 catur
2340 4223 2588 4294 Byritho,
2628 4225 2901 4294 acjacens
2924 4225 3065 4280 inter
3095 4226 3360 4281 terminos
3395 4222 3527 4296 Tyri
3560 4237 3619 4282 et
3651 4226 3740 4282 Si-

452 4338 616 4391 quam
649 4322 735 4376 his
775 4321 1115 4391 temporibus
1161 4319 1403 4375 ostendit
1438 4317 1580 4373 Deus
1624 4317 1809 4381 nobis,
1840 4326 1893 4373 et
1919 4319 2042 4375 date
2140 4317 2321 4381 donis,
2366 4317 2616 4387 praebens
2645 4318 2909 4372 tributum
2953 4317 3276 4372 Antiochiae.
3306 4314 3364 4372 In
3393 4319 3497 4373 hac
3545 4329 3737 4375 autem

454 4416 681 4485 gloriam
705 4413 913 4469 nomini
937 4413 1077 4481 ejus.
1109 4408 1816 4466 Considerateineﬂ‘abilem
1848 4409 2040 4464 huma-
2071 4444 2115 4499 Β
2145 4410 2365 4465 civitate
2427 4411 2720 4465 multitudo
2781 4422 2898 4467 erat
2950 4410 3284 4474 Judzeorum,
3337 4418 3393 4466 et
3444 4427 3739 4484 synagoga

453 4504 680 4558 nitatem
732 4518 796 4557 ac
843 4501 1276 4572 magnitudinem
1328 4501 1527 4555 divinas
1563 4500 1948 4564 ordinationis.
1986 4513 2040 4557 et

453 4594 899 4650 lamentationem
928 4609 1052 4649 cum
1096 4593 1284 4649 laetitia
1324 4593 1544 4649 sumite.
1576 4592 1635 4646 In
1674 4591 1784 4645 Deo
1813 4592 2034 4661 quidem

452 4688 591 4742 nihil
622 4696 943 4743 extraneum
972 4695 1078 4751 est,
1113 4688 1240 4757 quia
1290 4683 1432 4739 Deus
1466 4692 1654 4739 noster
1687 4693 1880 4753 potens
1927 4697 2032 4741 est.

452 4778 720 4847 Quoniam
753 4787 934 4834 autem
967 4779 1023 4833 in
1054 4779 1249 4834 diebus
1291 4776 1498 4832 nostris
1530 4776 1676 4831 circa
1706 4791 1809 4829 nos
1848 4783 2036 4828 notam

453 4872 583 4930 fecit
629 4873 774 4928 Deus
813 4872 1069 4927 virtutem
1124 4886 1303 4934 suam,
1346 4868 1687 4939 obstupescit
1736 4883 1896 4922 omne
1942 4883 2037 4921 cor

454 4968 789 5023 audientium
820 4981 921 5036 pro
951 4965 1278 5021 enormitate
1303 4962 1550 5027 sceleris,
1578 4970 1630 5015 et
1660 4960 2033 5029 magnitudine

453 5060 784 5123 mirabilium
813 5059 925 5112 Dei.
957 5057 1291 5111 Conturbata
1325 5064 1409 5109 est
1440 5054 1636 5107 iterum
1665 5052 1918 5121 abyssus,
1950 5052 2033 5106 sol

450 5160 505 5207 et
534 5153 664 5206 luna
698 5149 1040 5205 obtenebrati
1081 5155 1209 5203 sunt
1241 5162 1271 5199 a
1304 5145 1441 5200 facie
1476 5144 1819 5214 iniquitatis;
1850 5142 1943 5196 sed
1978 5150 2033 5197 et

451 5260 645 5300 omnes
682 5245 912 5298 virtutes
945 5241 1210 5297 caelorum
1241 5245 1296 5293 et
1325 5244 1553 5292 ornatus
1586 5252 1777 5291 eorum
1814 5235 2031 5290 laudem

451 5344 507 5392 et
558 5338 787 5407 gloriam
836 5334 1104 5390 dederunt
1150 5331 1280 5393 Deo,
1329 5331 1422 5400 qui
1464 5327 1926 5399 magnificentiam
1981 5335 2037 5381 et

450 5430 710 5484 virtutem
761 5433 1018 5497 operatus
1046 5432 1131 5480 est
1168 5424 1224 5478 in
1255 5421 1393 5476 Filio
1427 5436 1547 5475 suo.
1594 5418 1792 5473 Audite
1840 5417 2029 5488 igitur,

455 5520 673 5587 tratres,
703 5520 930 5575 verbum
962 5517 1107 5589 quod
1141 5515 1343 5571 factum
1371 5520 1455 5571 est
1485 5514 1542 5567 in
1577 5512 1769 5568 diebus
1800 5511 2028 5576 nostris,

2142 4517 2332 4556 eorum
2372 4518 2568 4573 magna
2610 4504 2785 4558 valde.
2822 4505 3048 4573 Accepit
3094 4511 3274 4557 autem
3303 4504 3530 4573 quidam
3566 4506 3740 4561 Chri-

2135 4595 2350 4650 stianus
2370 4595 2496 4649 dato
2512 4596 2685 4664 pretio
2704 4596 2951 4650 cellulam
2972 4612 3001 4649 a
3018 4596 3253 4665 quodam
3288 4596 3340 4649 in
3373 4598 3739 4666 pensionem,

2139 4685 2192 4738 in
2230 4699 2335 4754 qua
2391 4686 2646 4739 habitans
2696 4686 2812 4739 fixit
2852 4687 3142 4756 imaginem
3198 4688 3503 4743 Salvatoris
3560 4690 3742 4746 nostri

2138 4774 2269 4831 Jesu
2298 4777 2500 4831 Christi
2527 4777 2580 4830 in
2613 4789 2905 4847 conspectu
2932 4779 3055 4833 lecti
3087 4780 3171 4835 sui
3206 4795 3219 4830 :
3251 4787 3308 4834 et
3341 4788 3562 4836 statura
3615 4782 3744 4853 qui-

2139 4867 2261 4921 dem
2293 4866 2520 4937 picturrc
2550 4883 2656 4921 non
2689 4884 2905 4937 magna,
2929 4868 3021 4923 sed
3045 4869 3362 4935 mediocris,
3391 4887 3516 4940 qua:
3550 4881 3741 4929 tamen

2138 4967 2309 5013 totam
2345 4958 2636 5027 imaginem
2673 4957 2975 5015 Salvatoris
3004 4962 3328 5015 contineret.
3362 4961 3740 5032 Aliquantum

2139 5052 2407 5119 temporis
2433 5050 2606 5116 ﬂuxit,
2631 5064 2685 5105 et
2713 5053 3022 5108 substantia
3045 5053 3146 5107 viri
3178 5054 3327 5109 illius
3345 5055 3509 5111 valde
3534 5060 3742 5120 crevit,

2141 5149 2331 5211 utpote
2381 5143 2473 5197 ubi
2521 5144 2802 5198 miseratio
2849 5152 2903 5197 et
2948 5143 3236 5213 dispositio
3265 5144 3358 5200 Dei
3400 5147 3745 5203 mirabiliter

2141 5234 2357 5303 operari
2387 5235 2580 5303 carpit;
2609 5242 2663 5289 et
2691 5236 3008 5304 ampliorem
3040 5237 3140 5291 sibi
3167 5236 3519 5295 Christianus
3552 5243 3655 5298 iile
3676 5242 3742 5295 ad

2143 5325 2518 5381 divertendum
2576 5341 2821 5397 quaerere
2867 5327 3033 5395 coepit
3079 5327 3323 5382 domum.
3366 5326 3609 5387 Tollens
3646 5346 3744 5387 au-

2140 5425 2248 5473 tem
2297 5433 2513 5473 omnem
2561 5418 2949 5489 supellectilem
2995 5434 3173 5482 suam,
3218 5421 3503 5475 transtulit
3560 5438 3593 5478 a
3655 5440 3744 5479 su-

2139 5511 2384 5583 pradicta
2412 5510 2570 5577 cella,
2588 5526 2708 5582 qua:
2737 5519 2792 5567 et
2822 5511 2940 5582 ipsa
2957 5512 3113 5567 valde
3142 5511 3402 5583 contigua
3436 5522 3570 5569 erat
3604 5530 3740 5587 syn-

529 5677 639 5746 (18)
690 5676 767 5731 Ex
827 5677 1015 5733 codice
1067 5690 1168 5732 ms.
1211 5672 1268 5730 S.
1314 5673 1571 5731 Germani
1613 5689 1643 5728 a
1684 5667 1884 5738 Pratis,
1923 5687 1978 5725 n.
2013 5671 2134 5727 I08.
