3836 6194
166 178 276 234 8‘21

1110 175 1200 234 DE
1237 174 1436 233 PASS.
1476 173 1782 230 IMAGINIS
1822 172 1883 227 D.
1926 174 1992 230 N.
2031 172 2194 232 JESU
2234 172 2523 232 CHRISTI.

3342 173 3446 232 822

170 310 373 366 agogae
389 291 727 359 Iudaeorum,
763 295 829 351 ad
856 295 1021 350 alium
1044 312 1203 366 quem
1229 296 1332 351 sibi
1360 291 1769 349 inhabitandum
1802 295 1844 348 Α
1874 292 2048 346 nostri
2077 291 2188 357 Dei,
2227 301 2287 347 ut
2329 291 2576 347 fidelibus
2613 290 2720 347 tuis
2751 290 3195 348 rememorareris
3224 292 3446 364 antiqua

172 388 425 456 elegerat
469 387 671 449 locum,
712 388 888 442 solius
928 387 1184 458 imaginis
1223 386 1438 440 Domini
1482 385 1768 438 immemor

172 476 391 537 factus,
446 480 590 546 quod
623 486 676 531 ct
712 493 806 545 per
856 477 1250 547 providentiam
1288 476 1380 529 Dei
1423 475 1496 529 ita
1545 472 1771 541 contigit

173 571 479 623 accidisse.
513 569 727 623 Rursus
781 587 909 625 vero
949 569 1170 624 Judzeus
1211 569 1431 639 quidam
1478 565 1686 634 accepit
1715 564 1771 616 in

176 665 508 731 pensionem
541 662 786 717 eamdem
811 664 1027 725 cellam,
1063 663 1156 717 ubi
1187 664 1367 731 imago
1396 659 1607 713 Domini
1640 656 1769 711 reli-

178 762 269 807 cta
317 755 543 815 mansit,
584 763 636 809 et
663 756 1019 811 introducens
1049 755 1235 808 omnia
1268 768 1389 816 sua,
1419 751 1615 806 ibidem
1638 764 1774 801 con-

178 849 395 902 versari
422 850 586 916 ccepit
611 864 717 902 non
747 864 1086 919 cognoscens
1113 855 1207 900 aut
1238 844 1533 915 aliquando
1560 843 1769 912 perspi-

180 939 342 994 ciens
388 940 680 1009 imaginem
712 939 963 1003 Domini,
995 955 1061 993 eo
1091 938 1238 1009 quod
1270 954 1337 991 ex
1367 935 1595 989 adverso
1622 934 1766 986 velut

179 1032 238 1086 in
268 1034 489 1086 occulto
515 1033 751 1102 reposita
783 1040 967 1087 staret.
997 1030 1056 1084 In
1087 1047 1195 1085 una
1225 1039 1403 1085 autem
1437 1029 1644 1082 dierum
1670 1026 1769 1079 in—

179 1126 381 1178 vitavit
427 1128 543 1195 ipse
575 1128 866 1196 quemdam
894 1127 1061 1180 alium
1102 1122 1346 1178 Judaeum
1381 1120 1448 1174 ad
1482 1119 1771 1189 prandium

182 1233 374 1272 seetlm
411 1236 426 1271 :
461 1225 515 1272 et
547 1218 690 1272 inter
730 1216 1111 1286 prandendum
1161 1214 1383 1268 elevans
1412 1210 1602 1265 oculos
1641 1222 1771 1263 suos

183 1308 280 1361 ille
309 1310 404 1376 qui
436 1317 666 1363 vocatus
698 1307 843 1361 venit
867 1305 1089 1362 Judazus
1111 1346 1126 1370 ,
1158 1305 1295 1358 vidit
1343 1302 1632 1372 imaginem
1661 1298 1772 1352 Do.

183 1400 320 1454 mini
355 1400 532 1455 nostri
562 1398 693 1456 Jesu
721 1399 948 1454 Christi.
980 1398 1045 1451 Et
1069 1397 1143 1450 ait
1168 1417 1182 1452 :
1215 1396 1351 1449 Dum
1373 1402 1428 1448 tu
1446 1409 1504 1448 es
1527 1390 1770 1455 Judaeus,

182 1492 466 1560 quomodo
522 1493 664 1546 hanc
707 1492 999 1561 imaginem
1052 1490 1261 1544 habes?
1291 1487 1356 1540 Et
1398 1486 1628 1556 injurias
1655 1483 1774 1553 qui-

185 1583 309 1636 dem
340 1584 545 1636 multas
577 1591 631 1636 et
658 1582 920 1636 nefandas
945 1582 1082 1635 dixit
1112 1589 1307 1635 contra
1339 1577 1671 1632 Salvatorem
1704 1575 1772 1629 ab

1875 392 1983 437 tuae
2014 384 2230 453 pietatis
2265 385 2465 455 opera!
2502 383 2628 439 Haec
2658 384 2925 439 mirabilia
2959 391 3051 439 tua
3077 385 3219 440 caelo
3245 393 3301 441 et
3334 394 3447 442 ter-

1877 477 1956 531 ris
2003 478 2289 546 stupenda.
2329 477 2529 533 Oculos
2570 480 2768 533 mentis
2817 484 3036 543 vestrae,
3070 486 3125 533 et
3147 478 3449 534 exhilarate

1874 571 2062 633 corda,
2117 571 2244 639 quia
2287 571 2450 624 hodie
2497 568 2640 623 facta
2682 578 2765 625 est
2811 570 2970 624 nobis
3023 569 3344 640 redemptio,
3394 580 3450 625 et

1870 662 2060 732 jugum
2106 663 2437 732 captivitatis
2483 671 2679 717 vestra:
2719 664 3032 716 contritum.
3064 663 3266 719 Audite
3292 678 3446 734 ergo,

1874 763 1929 809 et
1956 755 2256 824 glorificate
2298 754 2463 809 Deum
2494 771 2593 824 pro
2627 755 2907 810 beneficiis
2939 770 3058 825 qua:
3084 755 3260 810 adhuc
3292 756 3449 811 vobis

1875 844 2231 899 ministravit.
2264 843 2549 915 Principes
2575 846 2919 900 sacerdotum
2946 852 3232 915 postquam
3259 846 3451 900 lancea

1876 934 2021 989 latus
2045 934 2259 990 Domini
2294 937 2681 1001 confoderunt,
2712 938 2969 991 dixerunt
2995 959 3007 992 :
3044 936 3183 1003 Quia
3206 952 3304 1007 per
3326 937 3451 991 uni-

1872 1042 2086 1081 versam
2117 1036 2318 1081 terram
2350 1027 2622 1097 divulgata
2648 1037 2776 1084 sunt
2805 1030 2959 1098 signa
2981 1038 3033 1084 et
3061 1030 3290 1085 virtutes
3328 1030 3451 1098 plu-

1873 1116 2046 1180 rimae,
2076 1134 2196 1187 qua:
2234 1117 2361 1173 fecit
2395 1117 2559 1174 Jcsus
2598 1117 2932 1193 Nazarenus,
2963 1120 3295 1191 recipiamus
3322 1134 3452 1175 san-

1875 1209 2093 1276 guinem
2138 1212 2205 1265 de
2240 1212 2421 1274 latere,
2443 1213 2562 1281 ejus
2584 1252 2598 1275 ,
2636 1220 2690 1265 et
2723 1227 2913 1267 omnes
2944 1212 3189 1268 infirmos
3222 1220 3276 1267 et
3309 1213 3453 1268 male

1874 1300 2139 1357 habentes
2185 1319 2281 1373 per
2330 1305 2638 1360 universam
2689 1318 3015 1374 synagogam
3054 1305 3180 1360 inde
3226 1320 3452 1375 sparga-

1874 1408 2019 1457 mus,
2057 1401 2118 1447 ut
2165 1396 2512 1462 experiamur
2545 1396 2803 1452 virtutem
2843 1396 3074 1460 Christi,
3121 1403 3176 1450 et
3224 1396 3272 1451 si
3322 1411 3452 1451 vera

1876 1492 2004 1539 sunt
2042 1500 2161 1555 quae
2202 1486 2267 1541 de
2299 1488 2391 1541 illo
2430 1488 2577 1542 dicta
2615 1496 2762 1544 sunt.
2804 1487 2870 1542 Et
2918 1497 3287 1558 supponentes
3334 1502 3453 1541 am-

1875 1577 2079 1645 pullam
2110 1578 2336 1633 vitream
2389 1580 2456 1634 ad
2492 1582 2669 1637 locum
2709 1581 2975 1644 vulneris,
3024 1587 3351 1650 receperunt
3394 1581 3450 1634 in

185 1674 319 1727 hora
373 1688 481 1742 qua
517 1684 761 1728 sanctam
800 1673 1090 1743 imaginem
1130 1673 1364 1741 aspexit,
1400 1669 1547 1739 quod
1576 1676 1629 1722 et
1659 1669 1768 1737 jam
1805 1651 1846 1704 Β
1877 1683 1995 1721 eam
2027 1683 2225 1738 aquam
2257 1680 2313 1726 et
2354 1672 2678 1743 sanguinem
2717 1672 2785 1728 de
2811 1674 2983 1728 latere
3018 1672 3232 1729 Domini
3263 1673 3453 1729 decur-

187 1763 343 1817 nefas
390 1763 521 1817 duxi
568 1765 846 1826 scribere,
894 1771 949 1817 et
992 1762 1129 1816 satis
1163 1762 1213 1815 ei
1249 1760 1376 1813 fecit
1409 1760 1499 1813 ille
1525 1758 1615 1827 qui
1648 1771 1771 1810 eum

187 1856 478 1919 invitavit,
524 1856 669 1925 quod
702 1872 766 1910 ex
797 1871 863 1910 eo
896 1863 1141 1923 tempore
1167 1870 1275 1923 quo
1302 1853 1356 1905 in
1387 1852 1574 1907 eadem
1610 1848 1773 1903 domo

188 1950 503 2004 conversari
559 1949 745 2017 cmpit,
796 1948 1085 2017 imaginem
1144 1945 1357 1998 Domini
1408 1944 1607 1997 ibidem
1662 1956 1773 1996 non

193 2043 538 2110 cognoverit.
610 2040 855 2110 Surgens
929 2048 1113 2095 autem
1181 2053 1307 2091 cum
1374 2035 1769 2104 indignatione,

190 2133 324 2188 abiit
348 2133 416 2186 ad
445 2133 726 2202 principes
748 2132 1124 2187 sacerdotum.
1154 2130 1566 2200 Comperientes
1592 2136 1771 2183 autem

188 2238 309 2292 qua:
350 2222 493 2275 facta
534 2231 682 2287 sunt,
716 2222 977 2276 dixerunt
1014 2222 1061 2277 ci
1099 2220 1306 2277 :Potcs
1347 2221 1449 2275 hoc
1486 2220 1645 2275 nobis
1678 2219 1774 2274 de-

188 2312 535 2366 monstrare?
567 2312 636 2366 At
668 2313 758 2367 ille
785 2313 1115 2367 certioratus
1148 2320 1233 2367 est
1272 2312 1482 2376 dicens,
1513 2311 1772 2380 quoniam

188 2420 286 2476 ego
311 2406 471 2460 vobis
504 2406 607 2460 hoc
636 2405 901 2460 exhibebo
921 2409 976 2458 in
1005 2404 1169 2458 domo
1197 2404 1336 2473 eius.
1373 2403 1556 2472 Itaque
1585 2410 1769 2457 trans-

190 2504 308 2549 acta
357 2496 492 2549 hora
532 2495 844 2565 vespertina
870 2534 885 2556 ,
916 2494 1010 2547 illo
1038 2494 1124 2548 die
1167 2494 1455 2547 siluerunt.
1492 2492 1646 2546 Mane
1676 2507 1774 2546 au-

187 2594 295 2641 tem
336 2587 486 2642 facto
516 2586 713 2641 summi
751 2584 1028 2654 principes
1065 2584 1412 2639 sacerdotum
1442 2591 1495 2636 et
1529 2582 1773 2637 seniores

188 2680 399 2750 populi,
430 2679 586 2732 turba
616 2693 835 2747 quoque
860 2678 1032 2730 multa
1066 2676 1245 2745 gentis
1285 2689 1474 2729 eorum
1514 2674 1774 2727 abierunt

188 2771 243 2825 in
284 2772 512 2824 domum
562 2771 654 2824 ubi
699 2769 879 2823 stabat
929 2768 1109 2838 imago
1144 2765 1358 2819 Domini
1409 2764 1585 2819 nostri
1639 2762 1771 2829 Jcsu

187 2861 419 2915 Christi.
452 2861 516 2914 Et
543 2860 924 2931 pervenientes
952 2859 1173 2913 domum
1204 2859 1407 2926 impetu
1437 2855 1583 2909 facto
1607 2857 1774 2909 irrue-

188 2962 318 3005 runt
349 2952 628 3021 principes
657 2960 712 3005 et
741 2950 988 3006 seniores
1022 2949 1228 3018 populi,
1270 2947 1471 3017 przevio
1503 2945 1641 2998 duce
1669 2943 1768 2999 Ju-

187 3045 305 3100 daeo
340 3046 434 3099 illo
460 3045 554 3113 qui
581 3043 689 3098 illis
718 3043 1158 3105 annuntiaverat,
1191 3047 1246 3093 et
1274 3041 1603 3093 invenerunt
1634 3038 1771 3092 ima-

188 3136 368 3206 ginem
412 3132 627 3187 Domini
676 3132 847 3187 nostri
892 3139 1125 3186 stantem
1167 3130 1309 3184 sicut
1351 3127 1554 3181 dictum
1587 3135 1670 3181 est
1703 3126 1771 3181 ad

188 3229 334 3281 illos.
373 3226 505 3279 lrati
539 3225 695 3279 valde
724 3225 873 3277 circa
916 3221 1203 3276 Hebraeum
1237 3220 1388 3272 illum
1429 3218 1520 3287 qui
1570 3217 1770 3271 ibidem

188 3320 659 3388 inhospitabatur,
702 3325 855 3371 extra
888 3329 1218 3387 synagogam
1254 3328 1378 3368 eum
1420 3311 1769 3379 expulerunt.

189 3413 538 3483 Deponentcs
588 3427 717 3465 vero
769 3422 1014 3466 sanctam
1074 3408 1387 3479 imaginem,
1439 3406 1694 3460 dixerunt
1754 3423 1768 3459 :

187 3506 461 3574 Quoniam
498 3505 643 3559 sicut
679 3503 987 3558 audivimus
1017 3502 1163 3572 quod
1201 3511 1389 3572 patres
1422 3501 1599 3555 nostri
1644 3500 1772 3554 huic

182 3600 315 3653 olim
360 3598 672 3659 illuscrunt,
717 3603 773 3649 et
813 3611 914 3649 nos
956 3594 1266 3648 illudamus.
1298 3592 1453 3647 Tunc
1490 3598 1772 3663 cmperunt

184 3704 459 3758 exspuere
483 3689 537 3742 in
560 3687 750 3742 faciem
778 3686 920 3756 ejus,
952 3695 1007 3741 et
1039 3685 1414 3756 percutiebant
1441 3701 1583 3741 eam.
1609 3685 1771 3741 Dixe-

184 3789 427 3848 runtque
476 3798 490 3833 :
536 3779 753 3844 Quanta
785 3778 1032 3833 fecerunt
1066 3779 1114 3833 ei
1143 3786 1325 3847 patres
1350 3778 1546 3842 nostri,
1587 3785 1640 3833 et
1669 3794 1771 3834 nos

184 3870 373 3925 omnia
421 3869 691 3923 faciamus
724 3889 736 3923 :
777 3876 832 3923 et
860 3870 1311 3924 conviciabantur
1351 3869 1401 3923 ei
1443 3869 1630 3924 multis
1662 3869 1769 3923 cri-

183 3962 421 4016 minosis
482 3962 855 4027 sermonibus,
906 3977 1028 4030 quae
1082 3962 1246 4017 etiam
1296 3976 1395 4030 pro
1444 3962 1770 4016 enormitate

184 4052 417 4108 sceleris
455 4053 699 4106 scribere
744 4051 900 4106 nefas
949 4051 1066 4105 fuit.
1122 4051 1249 4105 Item
1304 4052 1579 4117 dixerunt,
1641 4052 1769 4122 quia

183 4145 533 4199 eonfixerunt
561 4160 758 4199 manus
788 4145 908 4214 ejus
941 4153 995 4199 et
1028 4144 1212 4214 pedes,
1250 4144 1354 4198 hoc
1385 4152 1439 4198 et
1468 4160 1569 4199 nos
1598 4144 1769 4198 facia-

183 4256 331 4299 inus.
386 4239 735 4309 Configcntes
766 4247 948 4291 autem
1000 4251 1197 4291 manus
1226 4242 1279 4290 et
1316 4236 1504 4306 pedes,
1552 4237 1769 4306 adjece-

183 4341 318 4386 runt
379 4332 627 4387 dicentes

183 4425 458 4479 dcderunt
488 4424 535 4477 ei
564 4430 813 4491 porrecta
849 4420 1117 4490 spongia;
1151 4419 1254 4474 hoc
1291 4419 1432 4474 idem
1461 4426 1514 4473 ct
1536 4434 1638 4474 nos
1672 4419 1770 4473 im-

182 4517 455 4585 pleamus.
492 4513 557 4566 Et
595 4515 814 4567 admota
864 4512 1132 4567 arundine
1169 4526 1293 4565 cum
1339 4512 1564 4580 spongia
1606 4512 1766 4582 plena

183 4618 342 4663 aceto
374 4623 497 4660 cum
537 4607 681 4672 felle,
716 4613 1086 4675 apposuerunt
1110 4603 1191 4656 ori
1225 4604 1368 4671 ejus,
1410 4603 1766 4658 addiderunt-

181 4716 287 4769 que
316 4699 657 4768 iniquitatem
679 4712 843 4766 super
875 4697 1212 4765 iniquitatem
1244 4695 1486 4750 dicentes
1519 4713 1532 4749 :
1563 4694 1769 4749 Didici-

181 4807 307 4846 mus
332 4789 481 4860 quod
510 4788 779 4842 arundine
808 4796 1202 4858 percusserunt
1228 4793 1390 4856 caput
1419 4786 1540 4855 ejus
1582 4797 1766 4855 patres

179 4888 385 4946 nostri,
430 4886 683 4941 similiter
711 4891 765 4937 et
795 4898 900 4937 nos
932 4880 1195 4935 faciamus
1229 4899 1242 4935 :
1276 4889 1331 4935 et
1373 4887 1766 4949 percusserunt

182 4978 454 5032 arundine
478 4985 642 5045 caput
663 4975 803 5043 ejus.
828 4972 1025 5027 Finitis
1047 4987 1175 5025 vero
1198 4972 1455 5026 omnibus
1476 4970 1584 5038 his,
1614 4972 1767 5026 dixe-

182 5078 310 5124 runt
362 5088 375 5123 :
416 5067 570 5121 Sicut
612 5068 799 5120 lancea
848 5067 991 5120 latus
1041 5072 1395 5134 aperuerunt,
1442 5064 1515 5117 ita
1565 5071 1619 5119 et
1663 5077 1765 5117 nos

183 5160 587 5215 confodiamus.
625 5158 691 5211 Et
732 5157 1009 5228 perforato
1040 5157 1227 5211 lancea
1275 5157 1443 5209 latere
1482 5155 1623 5224 ejus,
1650 5154 1766 5209 exi-

184 5254 257 5305 vit
287 5252 518 5322 sanguis
542 5258 596 5306 et
615 5264 777 5320 aqua.
807 5249 993 5303 Gloria
1016 5248 1139 5312 tibi,
1166 5248 1404 5312 Christe,
1435 5247 1607 5318 gloria
1642 5248 1764 5313 tibi,

186 5341 283 5398 Fili
330 5342 426 5398 Dei
457 5342 587 5409 vivi,
636 5342 730 5410 qui
773 5341 841 5395 de
880 5340 1138 5409 supernis
1170 5340 1394 5395 sedibus
1433 5339 1766 5406 descendisti

185 5446 279 5501 pro
311 5431 491 5485 salute
511 5437 700 5485 nostra
730 5437 877 5482 tuam
905 5427 1163 5484 exhibere
1193 5428 1562 5498 praesentiam,
1591 5437 1644 5484 et
1667 5444 1766 5499 pro

186 5524 511 5580 liberatione
551 5534 739 5579 nostra
771 5538 894 5577 cum
934 5523 1263 5579 immortalis
1297 5537 1473 5584 esses,
1518 5523 1682 5576 morti
1713 5529 1766 5576 te

190 5614 483 5671 tradidisti.
533 5613 578 5670 0
638 5614 1038 5673 inaestimabilis
1092 5614 1404 5688 benignitas
1454 5611 1758 5675 Salvatoris

1872 1767 2106 1814 rentem.
2148 1760 2341 1816 Adhuc
2375 1764 2511 1833 ipsis
2543 1781 2649 1818 non
2685 1765 3057 1830 credentibus,
3094 1764 3187 1820 sed
3218 1765 3449 1835 injurias

1870 1861 1925 1905 et
1972 1853 2340 1923 blasphemias
2394 1855 2777 1923 inferentibus,
2825 1858 3115 1927 portabant
3158 1857 3450 1927 ampullam

1871 1942 2087 2011 plenam
2133 1945 2308 2000 salute
2351 1954 2406 2001 et
2448 1948 2650 2001 virtute
2690 1947 2758 2001 ad
2793 1950 2969 2003 locum
3014 1947 3071 2002 in
3114 1963 3224 2017 quo
3263 1940 3450 2001 multi—

1871 2033 2002 2087 tudo
2044 2035 2418 2105 languentium
2453 2039 2759 2095 coadunata
2793 2040 2912 2096 fuit.
2954 2038 3201 2094 Primum
3229 2040 3450 2110 quidem

1872 2126 2114 2180 omnium
2140 2126 2500 2200 paralyticum
2528 2133 2816 2201 quemdam
2850 2147 2880 2185 a
2912 2132 3195 2187 nativitate
3225 2131 3446 2196 adeunt,

1872 2217 2084 2284 liquore
2128 2227 2321 2273 sancto
2354 2230 2663 2293 perungunt
2695 2232 2747 2277 et
2784 2223 3148 2278 incolumitati
3178 2223 3447 2289 reddunt;

1872 2308 2002 2363 cazci
2029 2312 2419 2383 quamplurimi
2445 2328 2474 2366 a
2509 2321 2660 2369 tactu
2685 2322 2889 2370 sanctae
2914 2315 3291 2384 perunctionis
3316 2331 3450 2386 gau-

1872 2398 2021 2454 dium
2063 2412 2389 2471 receperunt
2440 2404 2683 2459 lmninis.
2722 2404 3048 2459 Daemoniaci
3103 2404 3171 2460 ad
3224 2407 3449 2460 odorem

1873 2491 2070 2547 divinae
2122 2494 2345 2552 virtutis
2405 2503 2672 2567 quotquot
2728 2494 3118 2563 offerebantur,
3180 2497 3451 2552 curaban-

1872 2589 1981 2637 tur.

1945 2675 2046 2731 Ubi
2094 2688 2272 2733 autem
2307 2679 2518 2735 celebre
2559 2680 2664 2735 hoc
2702 2679 2902 2735 factum
2935 2687 3020 2735 est
3068 2679 3295 2735 verbum
3354 2694 3451 2749 per

1873 2770 2183 2826 universam
2263 2773 2578 2836 civitatem,
2645 2774 2735 2828 alii
2801 2780 2966 2844 atque
3019 2773 3110 2827 alii
3164 2787 3247 2828 se.
3284 2770 3451 2842 299

1874 2874 1997 2914 cum
2078 2862 2295 2931 aegrotis
2355 2863 2471 2917 suis
2534 2861 2869 2927 inferentes,
2925 2862 2994 2918 de
3073 2861 3255 2932 agris,
3306 2862 3448 2916 vicis

1873 2960 1927 3007 et
1952 2953 2203 3009 domibus
2231 2970 2353 3008 cum
2388 2954 2739 3009 multitudine
2782 2954 2996 3009 infinita
3029 2952 3368 3024 profluebant
3392 2959 3449 3006 et

1874 3048 2007 3103 salvi
2055 3046 2275 3101 ﬁebant.
2325 3046 2550 3115 Repleta
2582 3054 2666 3101 est
2717 3056 2897 3101 autem
2957 3057 3229 3116 synagoga
3257 3057 3449 3098 eorum

1873 3137 2210 3207 paralyticis,
2246 3136 2477 3201 claudis,
2526 3136 2902 3202 daemoniacis,
2948 3136 3203 3206 leprosis,
3256 3132 3445 3199 aridis,

1874 3231 2069 3294 crecis,
2118 3231 2319 3295 mutis,
2375 3232 2558 3287 surdis
2600 3239 2655 3286 et
2691 3230 2837 3284 omni
2884 3243 3082 3299 genere
3134 3227 3447 3282 morborum

1871 3322 2281 3393 aegrotantibus,
2306 3330 2360 3377 et
2402 3337 2431 3375 a
2463 3337 2791 3393 quocunque
2820 3335 3017 3391 genere
3044 3318 3446 3381 detinebantur,

1873 3416 2234 3473 sanabanlur.
2268 3416 2531 3491 Videntes
2560 3423 2740 3472 autem
2781 3414 3059 3486 principes
3100 3413 3447 3469 sacerdotum

1871 3518 1926 3566 et
1960 3512 2138 3565 omnis
2171 3511 2519 3581 congregatio
2548 3525 2761 3573 eorum,
2791 3509 2945 3580 signa
2975 3515 3029 3563 et
3055 3506 3300 3579 prodigia
3330 3522 3450 3561 ma-

1872 3616 1977 3671 gna
2007 3618 2127 3672 qua:
2153 3601 2373 3666 fiebant,
2405 3617 2527 3656 cum
2554 3601 2875 3656 mulieribus
2906 3606 2959 3655 et
2992 3597 3294 3654 infantibus
3326 3613 3448 3653 crec

1871 3691 2084 3757 dentes,
2119 3692 2429 3747 clamabant
2460 3691 2571 3747 Deo
2604 3691 2752 3745 Patri
2789 3700 2842 3746 et
2873 3688 3004 3744 Jesu
3053 3688 3272 3757 Christp
3308 3688 3448 3743 Filio

1872 3800 1992 3851 suo,
2027 3793 2190 3855 atque
2221 3783 2449 3856 Spiritui
2483 3794 2674 3841 sancto
2700 3805 2712 3838 :
2741 3782 2891 3839 Unus
2920 3782 3062 3839 Deus
3095 3783 3273 3847 Pater,
3303 3798 3448 3838 unus

1869 3874 2125 3930 Christus
2158 3874 2255 3930 Dei
2307 3874 2500 3941 Filius,
2553 3891 2698 3930 unus
2748 3889 2816 3929 ex
2864 3881 3099 3946 utroque
3141 3873 3448 3945 procedens

1872 3964 2110 4037 Spiritus
2158 3975 2404 4034 sanctus,
2433 3967 2525 4037 qui
2572 3966 2626 4020 in
2660 3956 2926 4019 Trinitafe
2959 3965 3196 4035 perfecta
3229 3963 3363 4017 vivit
3392 3969 3449 4018 et

1869 4066 2060 4127 regnat
2090 4055 2231 4111 Deus
2268 4058 2322 4112 in
2355 4057 2574 4112 saecula.
2603 4059 2798 4111 Amen.
2840 4054 3025 4110 Gloria
3053 4055 3173 4118 tibi,
3206 4054 3444 4119 Christe,

1870 4164 2029 4219 quem
2053 4159 2232 4219 patres
2256 4150 2429 4205 nostri
2456 4150 2770 4220 ignorantes
2792 4149 3008 4219 quidem
3035 4145 3445 4211 cruciﬁxerunt,

1870 4241 1963 4311 qui
1994 4256 2141 4295 nunc
2169 4249 2222 4295 et
2253 4256 2283 4294 a
2327 4241 2487 4296 nobis
2521 4242 2575 4295 in
2604 4247 2794 4295 sancta
2828 4239 3066 4309 imagine
3115 4246 3207 4292 tua
3257 4236 3445 4291 cruci—

688 4350 702 4385 :
756 4328 1080 4384 Audivimus
1126 4328 1251 4397 quia
1311 4335 1526 4383 acetum
1576 4336 1631 4382 et
1694 4328 1765 4384 fel
1797 4344 1842 4398 1)
1874 4334 2014 4387 fixus
2037 4347 2116 4386 es.
2152 4330 2335 4386 Gloria
2358 4332 2479 4399 tibi,
2510 4330 2611 4386 Fili
2640 4329 2735 4385 Dei
2764 4331 2893 4394 vivi,
2918 4330 3011 4399 qui
3042 4344 3138 4400 per
3166 4329 3320 4399 signa
3350 4342 3449 4398 po-

1874 4424 2059 4478 tentiae
2090 4430 2194 4477 tuae
2241 4422 2559 4477 illuminasti
2593 4422 2892 4475 caecitatem
2937 4420 3184 4475 cordium
3233 4426 3449 4473 nostro-

1874 4534 1995 4572 rum
2032 4526 2085 4573 et
2115 4518 2181 4572 ad
2210 4525 2358 4570 tuam
2388 4517 2820 4572 misericordiam
2854 4514 3090 4569 traxisti.
3121 4512 3242 4571 Tibi
3270 4512 3449 4568 crcdl-

1872 4624 2016 4670 mus,
2049 4608 2316 4677 prepitius
2345 4618 2462 4662 esto
2515 4607 2695 4671 nobis,
2740 4613 2793 4660 et
2839 4605 3058 4675 suscipe
3096 4605 3366 4675 lacrymas
3394 4610 3449 4657 et

1870 4700 2245 4770 paenitentiam
2296 4709 2540 4755 nostram
2589 4717 2602 4752 :
2644 4713 2713 4752 ne
2753 4697 2891 4752 forte
2936 4712 3036 4766 pro
3076 4694 3449 4765 magnitudine

1872 4792 2161 4854 scelerum,
2194 4789 2441 4845 infernus
2476 4790 2728 4859 aperiens
2756 4806 2819 4845 os
2848 4804 3004 4844 suum
3029 4787 3293 4857 deglutiat
3324 4800 3444 4850 nos,

1869 4882 1965 4952 qui
1999 4897 2121 4935 cum
2156 4881 2407 4951 patribus
2456 4880 2663 4935 nostris
2712 4879 2983 4933 mirabilia
3016 4894 3210 4949 magna
3246 4878 3444 4944 fecisti,

1870 4980 1925 5027 et
1956 4971 2217 5032 beneficia
2250 4970 2665 5025 innumerabilia
2694 4969 3013 5039 praestitisti.
3045 4967 3215 5022 Parce
3246 4967 3448 5037 iniqui-

1873 5062 2075 5117 tatibus
2098 5066 2320 5127 nostris,
2349 5069 2403 5117 et
2431 5062 2648 5117 medere
2682 5061 2967 5115 animabus
2990 5061 3228 5125 nostris;
3252 5066 3306 5114 et
3333 5059 3448 5114 cla-

1870 5171 1990 5221 mor
2023 5170 2251 5224 magnus
2288 5153 2449 5208 fiebat
2480 5154 2831 5209 clamantium
2882 5160 2939 5207 et
2976 5151 3143 5206 Deum
3182 5151 3448 5206 invocan-

1871 5251 2029 5305 tium.
2074 5248 2296 5303 Sanalis
2341 5264 2472 5302 vero
2519 5248 2776 5302 omnibus
2811 5249 2902 5316 qui
2937 5247 3149 5313 advecti
3184 5255 3450 5302 venerant

1870 5335 2125 5404 infirmis,
2158 5336 2437 5406 principes
2471 5336 2819 5391 sacerdotum
2852 5343 2906 5391 et
2942 5336 3122 5391 omnis
3154 5336 3449 5391 multitudo

1868 5444 2059 5484 eorum
2116 5430 2181 5483 ad
2234 5429 2546 5499 episcopum
2599 5427 2837 5483 civitatis
2870 5428 3135 5494 cucurrit,
3176 5444 3284 5483 una
3316 5444 3449 5484 voce

1870 5521 2210 5575 clamantes:
2240 5518 2394 5575 Unus
2428 5519 2572 5575 Deus
2615 5519 2798 5584 Pater,
2826 5536 2969 5576 unus
3003 5518 3164 5577 Iesus
3194 5520 3447 5577 Christus

1878 5611 2047 5669 Filius
2086 5613 2206 5684 ejus
2244 5612 2405 5681 Deus,
2434 5628 2593 5684 quem
2627 5622 2807 5685 patres
2832 5613 3009 5673 nostri
3039 5612 3448 5678 cruciﬁxerunt,
