3856 6206
437 238 542 299 εει

1532 233 1595 291 S.
1627 229 2090 292 ATHANASIUS.
2131 260 2203 271 -——
2240 225 2512 283 SPCRIA.

3601 220 3713 277 εει

438 365 581 407 unus
609 356 664 406 et
699 348 939 421 Spiritus
971 353 1196 405 sanctus
1233 345 1399 405 Deus.
1436 347 1503 402 Et
1538 347 1861 403 conﬁtentes
1899 361 2031 417 pec-
2060 349 2103 406 Α
2133 359 2235 398 mae
2262 343 2559 396 multorum
2608 338 2676 395 de
2706 347 2881 395 morte
2934 337 3003 392 ad
3034 338 3201 392 vitam
3254 337 3527 395 translata:
3551 349 3707 393 sunt.

438 452 562 500 cata
587 456 707 508 sua,
737 443 911 512 ipsam
941 448 1186 497 sanctam
1213 440 1502 511 imaginem
1525 439 1882 494 ostenderunt
1905 438 2021 508 epi-

439 548 627 604 scopo,
656 540 943 588 narrantes
973 533 1135 588 etiam
1162 532 1397 602 qualiter
1436 532 1660 602 sanguis
1697 542 1749 586 et
1780 544 1921 599 aqua
1950 529 2018 585 de

438 628 611 681 latere
666 627 839 695 ipsius
888 626 1156 692 cucurrit,
1203 634 1259 679 et
1291 631 1495 694 quanta
1548 622 1824 677 mirabilia
1877 621 2020 677 facta

438 726 587 774 sunt.
614 717 919 788 Episc0pus
939 723 1119 771 autem
1145 715 1526 771 universaliter
1555 714 1764 769 indicto
1786 712 2018 783 jejunio,

436 820 630 863 (sumes
655 808 995 879 regeneravit
1029 823 1186 863 sacro
1215 808 1562 878 baptismate,
1592 821 1730 875 quos
1761 806 1879 874 ipse
1908 820 2021 859 om-

437 915 536 955 nes
576 902 840 971 suscepit.
881 899 1225 972 Synagogam
1259 900 1478 969 quidem
1511 914 1699 955 eorum
1741 901 2020 969 principa-

437 992 544 1047 lem
590 993 877 1049 ecclesiam
914 993 1260 1048 consecravit
1295 993 1352 1046 in
1399 991 1660 1047 honorem
1719 991 2018 1048 Salvatoris

2128 435 2258 490 Haec
2290 433 2472 489 sciens
2520 446 2673 500 ergo,
2727 430 3074 486 dilectissimi
3118 427 3339 493 fratres,
3396 431 3707 485 acceleravi

2127 527 2482 582 manifestare
2526 524 2724 590 vobis;
2755 530 2817 577 ut
2869 523 2925 577 in
2977 522 3080 577 hoc
3104 522 3270 576 etiam
3306 530 3709 590 cognoscentes

2126 619 2382 673 virtutem
2415 626 2468 671 et
2494 615 2924 671 misericordiam
2948 612 3163 670 Domini
3188 611 3362 668 nostri
3389 611 3516 666 Jesu
3547 612 3709 667 Chri-

2123 713 2216 774 sti,
2251 712 2487 781 amplius
2537 709 2846 764 conlirmati
2896 708 3020 764 sitis
3071 708 3127 760 in
3161 704 3284 769 (ide,
3312 713 3367 760 et
3398 705 3705 775 gratiarum

2122 806 2368 859 actiones
2401 804 2478 857 illi
2518 801 2761 857 reddatis
2802 815 2902 871 pro
2931 798 3275 853 mirabilibus
3319 807 3375 851 ct
3419 796 3706 851 beneﬁciis

2120 911 2242 966 quae
2304 894 2570 949 Dominus
2618 891 2879 948 ostendit.
2924 890 3175 946 Decrevit
3214 899 3401 944 sancta
3451 886 3705 942 Romana

2119 998 2171 1045 et
2202 987 2589 1043 Antiochensis
2606 986 2852 1042 Ecclesia
2874 985 3017 1040 diem
3035 1001 3066 1038 v
3095 982 3287 1038 iduum
3309 980 3705 1036 Novembrium

438 1086 614 1140 nostri
636 1084 767 1142 Jesu
791 1086 993 1142 Christi
1030 1094 1300 1142 :caateras
1323 1100 1453 1141 vero
1484 1100 1791 1157 synagogas
1817 1100 2007 1141 eorum
2119 1083 2417 1137 solemnem
2460 1080 2569 1150 agi,
2619 1080 2675 1134 in
2710 1094 2820 1149 quo
2861 1078 2977 1133 haec
3023 1076 3165 1132 facta
3197 1085 3325 1130 sunt
3357 1074 3425 1129 ad
3479 1072 3704 1128 laudem

437 1174 708 1232 dedicavit
728 1178 990 1234 ecclesias
1018 1178 1074 1234 in
1101 1178 1362 1233 honorem
1390 1178 1763 1247 apostolorum
1784 1185 1837 1231 et
1865 1192 2012 1231 mar-
2118 1174 2334 1228 Domini
2368 1174 2540 1228 nostri
2570 1172 2697 1229 Iesu
2729 1172 2955 1232 Christi,
2987 1169 3080 1239 qui
3110 1169 3242 1223 vivit
3269 1176 3324 1222 et
3352 1174 3543 1238 regnat
3573 1180 3705 1219 cum

437 1277 616 1339 tyrum
656 1289 671 1325 ε
707 1269 1021 1341 factumque
1053 1270 1311 1342 gaudium
1349 1283 1630 1340 magnum,
1675 1284 1786 1323 non
1835 1270 2011 1323 Solum
2126 1266 2237 1323 Deo
2271 1266 2433 1321 Patre
2463 1267 2518 1321 in
2548 1267 2754 1321 unitate
2781 1264 3018 1336 Spiritus
3053 1262 3230 1317 sancti
3259 1259 3423 1324 Deus,
3455 1273 3551 1330 per
3574 1272 3705 1311 om-

438 1362 583 1432 quod
623 1370 769 1417 tanta
801 1377 1033 1433 corpora
1077 1372 1269 1417 curata
1319 1370 1471 1427 sunt,
1514 1362 1609 1419 sed
1638 1360 1783 1433 quod
1813 1370 1868 1417 et
1896 1361 2017 1415 ani-
2124 1358 2212 1413 nia
2247 1358 2442 1413 saecula
2476 1357 2824 1413 saeculorum.
2856 1356 3049 1409 Amen.

438 1507 3687 1537 ,______________________________________________._______.___..

1424 1622 1489 1676 IN
1533 1621 1852 1690 SEQUENS
1888 1620 2313 1677 OPUSCULUM
2353 1618 2690 1676 MONlTUM.

506 1737 789 1808 Perperam
841 1741 1029 1794 titulus
1083 1739 1365 1795 Athanasii
1411 1757 1596 1794 nomen
1662 1741 1897 1811 prwfert,
1938 1756 2057 1793 cum
2097 1740 2166 1793 sit
2214 1739 2310 1793 hoc
2341 1737 2648 1806 opusculum
2693 1736 2831 1790 alius
2875 1732 3154 1804 cujusdam
3191 1730 3462 1800 scriptoris
3488 1728 3604 1798 qui,
3640 1735 3705 1780 ut

434 1835 687 1903 augurari
719 1836 859 1899 licet,
892 1833 1070 1889 Photii
1109 1853 1217 1891 avo
1274 1836 1385 1891 hwc
1427 1838 1719 1901 scripserit,
1755 1836 1968 1908 quando
2019 1835 2206 1889 oborta
2243 1836 2467 1906 quwstio
2502 1845 2577 1888 est
2621 1833 2685 1887 de
2745 1832 3015 1886 additione
3070 1828 3315 1899 Filioque
3353 1827 3406 1880 in
3442 1823 3705 1895 ngbolo

432 1927 600 1996 facta.
631 1927 739 1982 Pro
773 1929 912 1983 virili
939 1946 1061 1998 ergo
1088 1939 1288 2001 pugnat
1325 1931 1407 1984 hic
1442 1932 1617 1996 homo,
1659 1930 1916 1998 Spiritum
1941 1939 2209 1993 sanctum,
2247 1945 2339 1982 nec
2367 1943 2432 1982 ec
2465 1926 2630 1986 Filio.
2658 1942 2750 1980 nec
2776 1942 2866 1995 per
2900 1922 2949 1976 F
2951 1923 3101 1977 ilium
3129 1920 3418 1989 procedere.
3462 1917 3702 1972 Multum

434 2031 609 2075 tamen
653 2024 844 2092 negotii
894 2023 1097 2093 faciunt
1126 2034 1309 2095 aperta
1357 2026 1638 2081 Athanasii
1677 2026 1761 2080 hic
1796 2026 1968 2079 allata
2010 2025 2337 2085 testimonia,
2371 2021 2509 2075 unde
2552 2021 2781 2091 fortasse
2820 2018 2979 2088 fuerit
3012 2013 3150 2087 quod
3184 2012 3461 2069 Athanasii
3504 2027 3705 2066 nomen

431 2112 707 2181 inscriptio
753 2114 934 2182 ferat;
983 2114 1221 2187 Gregorii
1299 2119 1422 2171 item
1464 2115 1694 2188 Nysseni
1735 2127 1785 2170 et
1840 2117 2031 2188 Cyrilli
2086 2117 2224 2179 loca,
2269 2114 2455 2187 quibus
2512 2111 2713 2182 liquido
2767 2111 3075 2179 afﬁrmatur
3126 2122 3192 2161 e1-
3236 2104 3398 2159 Patre
3447 2102 3705 2174 Filioque

432 2198 690 2271 Spiritum
739 2215 980 2260 sanctum
1023 2207 1318 2277 procedere.
1368 2207 1445 2263 Iis
1490 2218 1549 2262 ut
1607 2217 1852 2264 occurrat
1890 2210 2118 2278 scriptor
2170 2211 2308 2271 iste,
2354 2206 2648 2260 vanissima
2690 2203 2861 2256 utitur
2898 2199 3234 2254 distinctione
3268 2210 3286 2249 :
3321 2196 3399 2248 ait
3437 2196 3605 2258 enim,
3642 2206 3706 2249 ut

430 2294 625 2363 duplex
658 2304 735 2350 est
788 2300 1054 2368 generatio
1090 2298 1243 2367 Filii,
1282 2309 1479 2355 (eterna
1539 2300 1671 2365 alia,
1722 2302 1931 2371 aliaque
1982 2310 2357 2370 temporanea,
2411 2299 2488 2351 ita
2540 2294 2799 2365 duplicem
2850 2308 2962 2346 esse
3002 2290 3237 2359 Spiritus
3268 2287 3439 2341 sancti
3482 2303 3706 2355 proces-

430 2388 668 2451 sionem;
701 2397 954 2444 wternam
980 2390 1144 2446 aliam
1174 2408 1239 2446 ea:
1267 2393 1381 2447 solo
1411 2390 1597 2456 Patre,
1636 2402 2022 2461 temporaneam
2051 2390 2357 2452 secundam,
2390 2404 2495 2459 qua
2535 2403 2601 2442 ea:
2648 2384 2832 2447 Patre,
2869 2383 3033 2445 Filio,
3077 2391 3229 2451 atque
3257 2381 3427 2449 seipso
3462 2379 3703 2432 mittitur

429 2488 479 2533 et
518 2479 698 2536 datur.
753 2483 906 2550 Quod
960 2486 1128 2556 gratis
1185 2504 1312 2542 sane
1364 2489 1720 2558 excogitatum
1803 2500 2155 2541 commentum
2212 2486 2524 2556 exsuﬁlatur
2582 2498 2647 2536 ea:
2702 2480 2989 2535 Athanasii
3042 2478 3174 2531 locis
3226 2474 3587 2544 compluribus
3642 2475 3703 2527 in

430 2571 778 2642 Prwfatione,
827 2575 916 2628 ubi
970 2573 1035 2629 de
1106 2572 1337 2642 Spiritus
1387 2578 1559 2631 sancti
1627 2576 1957 2645 processione
2003 2577 2199 2645 agitur,
2278 2574 2484 2637 allatis,
2560 2573 2889 2642 maximeque
2953 2585 3018 2622 ea:
3074 2583 3134 2622 co
3187 2567 3300 2621 loco
3352 2582 3370 2619 :
3410 2564 3588 2621 Filius
3638 2566 3700 2619 in

427 2659 589 2717 Patre
639 2662 760 2718 fons
833 2671 919 2719 est
977 2662 1216 2737 Spiritus
1286 2667 1483 2721 sancti.
1558 2666 1689 2733 Quis
1745 2667 1884 2721 enim
1949 2666 2208 2736 negaverit
2259 2671 2478 2734 fontem,
2537 2664 2764 2733 primam
2861 2659 3162 2730 signiﬁcare
3232 2656 3538 2726 originem?
3611 2655 3700 2710 Ibi

424 2752 638 2810 sidesis.

424 2951 857 3025 aramus];
886 2953 1998 3025 {pantaucumALEXANDRIM,
2031 2967 2073 3023 Β
2102 2954 2529 3013 ΑΘΑΜΣΙΟΥ.
2561 2948 3697 3025 11Awrapxo_r__44_esayannraz,

522 3023 624 3079 ΕΧ
662 3022 1023 3080 SERMONE
1058 3024 1350 3081 CONTRA
1401 3024 1728 3084 LATINOS
1765 3030 1900 3100 (l9).

495 3137 548 3192 1.
584 3133 654 3189 At
690 3151 801 3190 non
832 3135 906 3191 ita
940 3135 1265 3209 (sentiunt)
1299 3138 1393 3208 qui
1443 3138 1652 3194 Christi
1702 3148 1869 3205 sunt;
1902 3140 2000 3196 sed

426 3228 570 3283 sicut
634 3226 749 3291 ille,
802 3227 899 3297 qui
945 3227 1021 3281 ait
1072 3246 1084 3281 :
1147 3247 1166 3280 ι
1218 3227 1353 3283 Cum
1404 3232 1614 3286 venerit
1664 3231 1999 3299 Paracletus,

423 3331 585 3386 quem
611 3330 712 3386 ego
740 3318 952 3370 mittam
984 3316 1142 3371 vobis
1173 3332 1203 3370 a
1239 3315 1401 3373 Patre
1435 3317 1698 3389 Spiritum
1732 3322 1999 3386 veritatis,

424 3407 516 3476 qui
544 3406 755 3462 aPatre
778 3408 1024 3478 procedit
1053 3408 1115 3472 ¹³,
1150 3426 1168 3460 ι
1194 3408 1281 3464 bis
1311 3409 1551 3465 declarat
1580 3409 1791 3467 Patrem
1823 3414 2000 3469 solum

423 3514 547 3554 esse
579 3498 816 3569 Spiritus
846 3500 1025 3554 sancti
1065 3498 1451 3570 productorem
1491 3515 1507 3555 :
1552 3502 1738 3558 eadem
1783 3520 2002 3575 quoque

424 3592 515 3649 isti
546 3595 780 3659 ratione,
829 3596 1090 3666 magistro
1120 3595 1562 3666 obtemperantes
1581 3639 1597 3665 ,
1631 3614 1696 3654 ex
1728 3600 1846 3655 solo
1873 3617 1998 3655 eum

421 3684 585 3742 Patre
613 3688 767 3742 aiunt
811 3687 1128 3757 procedere.
1174 3688 1333 3755 Quod
1367 3688 1413 3743 si
1447 3691 1571 3759 quis
1604 3690 1823 3757 dixerit,
1868 3707 2001 3746 nus-

422 3792 586 3847 quam
633 3776 743 3831 dici
788 3774 1050 3846 Spiritum
1078 3792 1145 3832 ex
1178 3776 1297 3831 solo
1326 3791 1448 3832 esse
1480 3775 1670 3844 Patre;
1707 3778 1754 3833 is
1788 3778 1995 3842 audiat,

420 3883 546 3924 eum
576 3869 672 3938 qui
700 3867 768 3923 de
800 3868 895 3923 illo
927 3868 1140 3932 scribit,
1176 3867 1323 3923 haud
1365 3868 1522 3923 aliter
1550 3884 1715 3939 quam
1760 3886 1826 3924 ex
1858 3871 1998 3926 divi-

420 3958 776 4015 nissimorum
809 3955 1031 4012 Patrum
1059 3963 1374 4012 nostrorum
1405 3956 1673 4023 doctrina,
1694 3957 1825 4012 illud
1856 3957 1997 4014 ferre

421 4048 819 4106 testimonium.
860 4048 926 4104 Ut
946 4050 1092 4103 enim
1117 4047 1194 4102 illi
1229 4046 1494 4118 Spiritum
1525 4056 1776 4104 sanctum
1807 4048 1997 4104 dicunt

419 4158 489 4199 ex
526 4141 689 4199 Patre
719 4142 1039 4213 procedere,
1085 4148 1304 4210 sumpto
1340 4156 1408 4195 ex
1450 4139 1663 4196 Domini
1696 4140 1868 4213 ipsius
1898 4156 1993 4198 ore

419 4245 775 4306 argumento;
806 4235 882 4289 ita
915 4234 1310 4305 subsequentes
1334 4234 1631 4304 scriptores
1652 4250 1991 4306 consequen-

2308 3028 2413 3079 EK
2452 3024 2595 3077 TGI‘
2627 3025 2817 3076 ΚΑΤΑ
2856 3020 3187 3074 ΛΑΤΙΝΩΝ
3219 3021 3484 3073 ΛΟΓΟΥ.

2175 3142 2228 3197 1.
2282 3139 2418 3194 Ἀλλ’
2459 3138 2557 3209 οὐχ
2602 3136 2775 3200 οὕτως
2812 3136 2861 3189 οἱ
2894 3134 2989 3189 τοῦ
3030 3132 3450 3208 Χριστοῦ,νάλλ’
3495 3134 3695 3209 ὥσπερ

2104 3234 2308 3296 ἐκεῖνος
2329 3231 2416 3284 τόν
2459 3250 2477 3280 ι
2506 3229 2674 3283 Ὅταν
2714 3227 2878 3299 ἔλθῃ,
2931 3226 3126 3296 λέγων,
3172 3229 3200 3281 6
3244 3229 3629 3300 Hapaxlnrog,
3663 3229 3696 3284 δ

2103 3324 2214 3394 ἐγὼ
2259 3322 2463 3393 πέμψω
2498 3321 2626 3392 ὑμῖν
2662 3318 2814 3391 παρὰ
2847 3318 2941 3373 τοῦ
2983 3319 3193 3391 Πατρός
3232 3320 3293 3373 τὸ
3320 3319 3547 3391 Πνεῦμα
3589 3324 3696 3393 τῆς

2106 3415 2385 3488 ἀληθείας,
2414 3413 2443 3466 ὃ
2472 3412 2623 3484 παρὰ
2663 3411 2758 3465 τοῦ
2794 3410 3006 3481 Πατρὸς
3039 3409 3428 3481 ἐκπορεύεταιο
3462 3429 3481 3461 ι
3526 3412 3695 3483 μόνον

2101 3508 2350 3563 ἐντεῦθεν
2384 3505 2652 3577 προὸολέα
2689 3505 2780 3559 τὸν
2813 3504 3034 3574 Πατέρα
3072 3501 3167 3556 τοῦ
3207 3503 3527 3574 Πνεύματος
3553 3505 3694 3558 ἁπο-

2101 3601 2372 3656 δείκνυσιν
2393 3618 2406 3632 ·
2454 3598 2596 3653 οὕτω
2629 3598 2723 3652 καὶ
2755 3588 2897 3650 οῦτοι
2934 3596 3011 3667 τῷ
3039 3594 3343 3665 διδασκάλῳ
3369 3595 3696 3666 πειθόμενοι

2100 3695 2164 3747 ἐκ
2186 3691 2281 3746 τοῦ
2309 3690 2524 3762 Πατρὸς
2557 3688 2719 3760 μόνου
2758 3686 2917 3741 τοῦτό
2954 3703 3117 3757 φασιν
3154 3685 3579 3756 ἐκπορεύεσθαι.
3622 3688 3690 3740 El

2099 3782 2157 3835 δέ
2186 3800 2270 3846 τις
2303 3783 2438 3853 ἐρεῖ,
2456 3781 2538 3834 ὅτι
2561 3777 2797 3850 οὐδαμοῦ
2826 3779 2887 3831 τὸ
2916 3775 3141 3849 Πνεῦμα
3177 3780 3242 3830 ἐκ
3272 3776 3434 3847 μόνου
3460 3776 3690 3845 λέγεται

2097 3873 2191 3928 τοῦ
2217 3873 2431 3944 Πατρός
2450 3889 2464 3902 ·
2495 3870 2742 3925 ἀκουέτω
2773 3872 2800 3923 6
2829 3868 3090 3933 τοιοῦτος,
3123 3868 3313 3940 ὅτιπερ
3344 3869 3373 3921 6
3401 3868 3532 3937 περὶ
3558 3867 3686 3920 τού-

2096 3981 2190 4018 του
2215 3965 2442 4034 γράφων
2485 3965 2585 4017 οὑκ
2638 3961 2812 4025 ἄλλως
2854 3959 3287 4032 ἐπιμαρτύρεται
3325 3957 3359 4029 ἢ
3392 3957 3539 4012 κατὰ
3586 3957 3691 4029 τὴν

2096 4056 2203 4110 τῶν
2246 4055 2537 4110 θειοτάτων
2581 4053 2840 4127 Πατέρων
2879 4052 3036 4124 ἡμῶν
3073 4051 3439 4105 διδασκαλίαν.
3465 4050 3690 4121 Ὥσπερ

2095 4148 2204 4218 γάρ
2228 4148 2424 4201 ἐκεῖνοι
2452 4146 2511 4200 τὸ
2534 4146 2763 4218 Πνεῦμα
2788 4145 2848 4198 τὸ
2882 4145 3034 4213 ἅγιον
3057 4147 3122 4198 ἐκ
3147 4142 3240 4197 τοῦ
3272 4141 3488 4213 Πατρός
3510 4158 3691 4211 φασιν

2097 4239 2526 4312 ἐκπορεύεσθαι,
2559 4239 2660 4310 τὴν
2696 4238 2873 4291 αἰτίαν
2923 4236 3017 4290 ἀπ’
3047 4234 3210 4291 αὐτοῦ
3262 4234 3356 4289 τοῦ
3405 4232 3687 4305 κυριακοῦ

418 4338 503 4381 ter
540 4327 909 4382 declararunt.
942 4325 1053 4381 Nec
1084 4329 1373 4396 quisquam
1419 4334 1504 4382 est
1549 4326 1765 4380 illorum
1801 4327 1894 4397 qui
1925 4344 1991 4382 ex

2104 4330 2466 4401 λαμϐάνοντες
2496 4331 2794 4401 στόματος·
2833 4329 2975 4383 οὕτω
3018 4327 3114 4382 καὶ
3159 4329 3206 4381 οἱ
3236 4324 3475 4396 καθεξῆς
3518 4325 3686 4394 λογο-

415 4417 556 4473 Filio
586 4420 667 4474 vel
720 4433 820 4488 per
862 4416 1057 4473 Filium
1087 4420 1235 4474 dicat
1288 4421 1464 4490 ipsum
1515 4420 1852 4491 procedere;
1886 4422 1993 4477 nisi

416 4512 654 4567 fortasse
685 4512 957 4582 quispiam
990 4511 1046 4567 id
1084 4512 1231 4568 dicat
1274 4513 1341 4568 de
1379 4512 1484 4567 alia
1518 4514 1857 4584 profusione,
1896 4531 1991 4571 seu

415 4604 861 4660 manifestatione
876 4620 941 4660 ac
961 4606 1221 4661 missione
1241 4606 1508 4661 donorum
1532 4606 1768 4678 Spiritus
1791 4609 1989 4664 sancti.

415 4696 492 4751 Ea
521 4699 722 4769 quippe
743 4698 954 4754 ratione
984 4715 1295 4770 quanquam
1324 4715 1385 4754 ex
1414 4698 1573 4754 Patre
1608 4700 1992 4757 manifestatur

419 4789 658 4860 Spiritus
691 4800 918 4847 sanctus
951 4792 1018 4846 ad
1058 4791 1545 4862 dispensationem,
1579 4793 1652 4847 ita
1679 4810 1895 4865 quoque
1922 4811 1986 4850 ex

414 4881 574 4950 Filio,
609 4891 668 4938 ut
707 4885 869 4941 docet
897 4887 1084 4956 regula
1128 4887 1393 4942 veritatis.
1432 4887 1495 4941 Et
1542 4887 1987 4957 quandoquidem

411 4973 650 5043 idipsum
678 4989 868 5030 omnes
897 4992 1006 5030 uno
1027 4991 1299 5033 consensu
1325 4977 1535 5039 dicunt,
1562 4991 1826 5046 nemoque
1848 4992 1988 5032 unus

410 5077 495 5121 est
540 5067 635 5137 qui
668 5067 771 5123 hac
822 5069 877 5123 in
915 5085 978 5124 re
1007 5069 1276 5136 dissonet,
1329 5071 1608 5140 propalam
1658 5078 1838 5126 estex
1868 5070 1987 5125 solo

412 5158 573 5215 Patre
605 5158 869 5229 Spiritum
900 5176 1056 5217 suam
1081 5162 1282 5218 habere
1310 5162 1722 5218 subsistentiam
1759 5182 1771 5217 :
1810 5163 1983 5233 siqui-

407 5252 529 5305 dem
563 5252 876 5323 hujusmodi
904 5256 1178 5310 emanatio
1207 5256 1557 5312 subsistentia
1577 5263 1679 5311 est.
1708 5254 1978 5322 Quemad-

406 5347 633 5400 modum
659 5348 805 5401 enim
852 5325 955 5402 hoc
979 5347 1225 5403 omnium
1255 5348 1481 5407 dictum.
1505 5346 1674 5403 Filius
1696 5357 1779 5403 est
1799 5346 1979 5403 Patris

407 5437 574 5502 fetus,
605 5438 681 5493 ita
718 5439 1061 5510 intelligitur,
1098 5446 1159 5495 ut
1191 5455 1258 5495 ex
1301 5440 1419 5495 solo
1464 5438 1626 5495 Patre
1674 5440 1745 5494 sit
1783 5438 1975 5506 Filius,

480 5572 524 5603 ¹³
560 5569 717 5628 Joan.
748 5589 840 5640 xv,
871 5572 962 5626 26.

2097 4426 2298 4497 γράφοι
2349 4425 2446 4479 καὶ
2498 4426 2835 4497 συγγραφεῖς
2885 4420 3194 4485 ἀκολούθως
3246 4421 3683 4492 διαγορεύουσιν.

2097 4518 2174 4571 Οὐ
2203 4515 2453 4589 μέντοιγέ
2486 4534 2568 4579 τις
2609 4516 2787 4570 αὐτῶν
2818 4515 2911 4568 καὶ
2935 4517 3000 4567 ἐκ
3029 4512 3123 4567 τοῦ
3165 4512 3294 4566 Υῑοῦ
3328 4513 3421 4567 καὶ
3464 4512 3555 4568 διὰ
3584 4513 3689 4568 τοῦ

2098 4607 2230 4662 Υἱοῦ
2266 4607 2423 4661 τοῦτό
2454 4624 2615 4678 φησιν
2651 4605 3076 4677 ἐκπορεύεσθαι·
3112 4606 3160 4658 εἰ
3197 4606 3270 4675 μή
3299 4622 3417 4669 πως
3449 4606 3575 4677 ἐρεῖ
3598 4623 3687 4670 τις

2096 4701 2196 4773 τὴν
2226 4701 2391 4771 ἄλλην
2421 4700 2703 4771 πρόχυσιν,
2744 4699 2920 4751 εἴτουν
2952 4697 3260 4769 φανέρωσιν
3294 4698 3390 4750 καὶ
3438 4698 3686 4752 ἀποστο-

2097 4794 2194 4865 λὴν
2226 4792 2335 4846 τῶν
2387 4791 2740 4864 χαρισμάτων
2776 4789 2868 4842 τοῦ
2913 4787 3250 4857 Πνεύματος.
3283 4787 3429 4859 Πρὸς
3468 4790 3683 4863 ταύτην

2093 4889 2222 4960 γὰρ,
2266 4886 2469 4957 καίπερ
2512 4885 2577 4937 ἐκ
2610 4881 2703 4935 τοῦ
2739 4881 2949 4952 Πατρὸς
2992 4879 3322 4951 φανεροῦται
3354 4879 3415 4933 τὸ
3446 4880 3682 4951 Πνεῦμα

2091 4979 2152 5032 τὸ
2198 4979 2352 5046 ἅγιον
2404 4977 2539 5048 πρὸς
2581 4975 2940 5045 ἐπινέμησιν,
2971 4973 3113 5026 οὕτω
3155 4972 3248 5026 καὶ
3283 4974 3346 5025 ἐκ
3374 4972 3473 5025 τοῦ
3516 4973 3679 5039 Υἱοῦ,

2091 5069 2274 5133 καθὼς
2299 5071 2327 5122 6
2358 5069 2457 5137 τῆς
2490 5066 2747 5138 ἀληθείας
2787 5065 3028 5120 διδάσκει
3069 5065 3269 5120 κανών.
3306 5067 3679 5141 Κάπειδήπερ

2090 5163 2334 5224 ἅπαντας
2367 5160 2428 5214 τὸ
2458 5160 2590 5214 αὐτὸ
2631 5160 2882 5229 λέγοντες
2925 5157 3231 5229 συμφώνως
3277 5159 3373 5212 καὶ
3422 5159 3483 5215 ἐν
3531 5161 3680 5215 κατὰ

2085 5253 2185 5323 τὴν
2235 5252 2329 5307 τοῦ
2363 5252 2566 5325 Κυρίου
2603 5251 2933 5322 παράδοσιν,
2980 5252 3073 5305 καὶ
3144 5249 3380 5322 οὐδαμοῦ
3418 5252 3679 5321 φαίνεταί

2085 5364 2169 5410 τις
2194 5345 2476 5414 διαφωνῶν
2496 5363 2510 5378 ο
2549 5343 2791 5415 εὔδηλον,
2834 5344 2914 5397 ὅτι
2940 5346 3003 5397 ἐκ
3039 5343 3197 5414 μόνου
3227 5343 3323 5397 τοῦ
3354 5345 3574 5417 Πατρὸς
3614 5344 3677 5398 τὸ

2086 5438 2310 5508 Πνεῦμα
2353 5437 2465 5508 ἔχει
2497 5438 2596 5508 τὴν
2641 5436 2906 5508 ὕπαρξιν·
2942 5437 3102 5509 εἴπερ
3137 5439 3171 5508 ἡ
3218 5436 3449 5509 τοιαύτη
3496 5437 3672 5492 ἐκπό-

482 5682 593 5751 (l9)
624 5684 701 5739 Ex
732 5686 920 5743 codice
944 5684 1111 5757 Regio
1146 5687 1280 5742 2271
1312 5702 1455 5742 nunc
1482 5686 1604 5755 431,
1636 5701 1688 5757 p.
1728 5686 1849 5754 155,
1889 5684 1955 5742 ad
1981 5686 2281 5757 marginem
2321 5686 2502 5757 operis
2533 5686 2708 5743 sancti
2734 5684 2933 5744 Justini
2962 5686 3027 5743 ad
3061 5684 3289 5742 leuam.
