3856 6206
174 283 283 341 8Ξ5

1314 278 1545 342 SERMO
1578 288 1856 343 CONTRA
1898 282 2214 345 LA'l‘lNOS.

3330 294 3436 350 826

171 415 361 467 ρευσις
391 397 728 467 καθέστηκεν
782 397 1032 472 ῦπαρξις.
1102 401 1314 473 Ὠσπερ
1364 403 1473 474 γὰρ
1539 404 1738 458 πάντωη

1862 406 2166 461 secundum
2225 402 2390 477 300
2441 420 2561 461 eam
2612 423 2735 478 quae
2778 419 2905 466 ante
2963 411 3161 468 saecula
3203 419 3287 467 est
3343 429 3435 480 ge-

170 491 459 560 λεγόντων,
482 491 729 561 γέννημα
752 489 969 562 Πατρδς
994 490 1023 542 6
1054 490 1201 554 Υἱὸς,
1233 497 1629 547 συνεπινοεῖται
1659 495 1755 548 καὶ

168 581 231 635 τὸ
261 585 327 635 ἐκ
367 581 530 652 μόνου
560 581 655 633 τοῦ
689 581 906 652 Πατρὸς
933 581 962 633 6
987 581 1118 646 Υἱὸς
1140 582 1279 636 κατά
1306 584 1402 654 τὴν
1430 583 1755 657 προαιώνιον

168 671 460 741 γέννησιν*
509 669 652 724 οῦτω
704 671 798 725 καὶ
847 671 1064 725 πάντων
1117 672 1383 742 λεγόντων
1417 675 1477 728 τὸ
1530 676 1756 747 Πνεῦμα

168 759 465 831 πρόϐλημα
509 760 757 831 Πατρός,
793 764 1187 816 συνεπινοεὶται
1240 765 1335 817 καὶ⁵
1379 765 1440 818 τὸ
1483 767 1548 818 ἐκ
1593 767 1754 838 μόνου

165 850 261 902 τοῦ
301 850 519 921 Πατρὸς
545 850 607 904 τὸ
646 850 888 922 Πνεῦμα,
932 852 1071 907 κατά
1115 854 1212 925 τὴν
1254 855 1579 926 προαιώνιον
1618 858 1753 928 πρό-

166 942 397 1012 ϐλησιν.·
424 944 474 995 εί
522 942 683 1014 μόνος
727 944 792 995 ἐκ
836 943 997 1013 μόνου
1040 945 1135 997 τοῦ
1170 945 1384 1016 Πατρὸς
1411 947 1440 999 6
1472 947 1622 1010 Υἱὸς,
1658 949 1754 1000 καὶ

168 1035 331 1105 μόνον
365 1037 430 1088 ἐκ
476 1034 634 1105 μόνου
681 1035 775 1088 τοῦ
831 1036 1045 1105 Πατρὸς
1076 1035 1138 1088 τδ
1192 1036 1417 1107 Πνεῦμα
1477 1036 1539 1091 τὸ
1575 1037 1749 1107 ἅγιον.

165 1124 328 1179 Κατά
376 1124 430 1179 δὲ
472 1126 574 1196 τὴν
602 1126 836 1197 ὑστέραν
875 1126 1170 1199 πρόχυσιν,
1206 1125 1384 1180 είτουν
1430 1127 1753 1199 ἐπινέμησιν

170 1216 269 1269 καὶ
301 1216 567 1289 χορηγίαν
597 1217 697 1289 τὴν
733 1216 869 1289 πρὸς
900 1219 1027 1280 τοὺς
1074 1217 1278 1283 ἀξίους,
1311 1218 1500 1292 ῶσπερ
1540 1223 1605 1274 ἐκ
1656 1220 1750 1274 τοῦ

167 1306 388 1378 Πατρὸς
422 1307 484 1360 τὺ
515 1306 759 1378 Πνεῦμα,
804 1305 945 1360 οὕτω
1010 1308 1104 1361 καὶ
1129 1308 1217 1361 διὰ
1258 1308 1350 1361 τοῦ
1383 1308 1517 1362 Υίοῦ
1548 1310 1643 1363 καὶ
1688 1312 1752 1365 ἐκ

160 1397 258 1451 τοῦ
290 1397 449 1450 Υίοῦ.
485 1397 754 1469 Καθάπερ
780 1397 838 1451 δὲ
865 1398 959 1451 καὶ
993 1398 1092 1468 τὴν
1122 1397 1358 1469 ὑστέραν
1380 1399 1630 1470 γέννησιν
1656 1399 1749 1453 τοῦ

160 1485 317 1550 Υίοῦ,
355 1485 535 1539 εἴτουν
579 1486 876 1556 ἐπιδημίαν
903 1488 1004 1558 τὴν
1036 1486 1174 1558 πρὸς
1215 1489 1385 1559 ἡμᾶς,
1419 1489 1519 1541 οὐκ
1566 1490 1631 1542 ἐκ
1654 1488 1748 1542 τοῦ

166 1578 386 1648 Πατρός
414 1578 572 1648 μόνον
601 1578 915 1648 δοξάζομεν,
946 1579 1081 1632 ἀλλά
1098 1579 1190 1633 καὶ
1206 1581 1269 1633 ἐκ
1292 1580 1383 1634 τοῦ
1411 1581 1746 1652 Πνεύματος.

162 1672 276 1724 Καὶ
306 1670 543 1723 πειθέτω
573 1687 630 1723 σε
653 1673 685 1741 ἡ
712 1669 804 1723 τοῦ
835 1671 1179 1742 ἀρχαγγέλου
1210 1672 1361 1741 φωνὴ
1387 1673 1521 1744 πρὸς
1552 1672 1747 1744 Ἰωσὴφ

157 1760 398 1829 λέγουσα
428 1762 522 1815 τὸν
554 1736 722 1835 ἄνδρα
748 1736 967 1835 Μαρία-ς
1115 1783 1135 1816 ι
1160 1736 1251 1836 Mi;
1285 1736 1530 1837 φοόηθῇς
1564 1736 1744 1838 παράξ

156 1852 349 1906 λαϐεῖν
402 1853 638 1925 Μαριὰμ
677 1854 776 1925 τὴν
807 1857 1042 1924 γυναῖκά
1087 1873 1215 1909 σουο
1252 1857 1314 1909 τὸ
1346 1856 1456 1928 γὰρ
1499 1860 1557 1911 ἐν
1604 1859 1740 1929 αὐτῇ

156 1946 420 2019 γεννηθὲν
463 1948 527 2000 ἐκ
556 1946 870 2019 Πνεύματός
902 1950 1050 2002 ἐστιν
1092 1949 1270 2018 ἁγίου.
1315 1967 1333 2000 ι
1369 1950 1431 2002 Εἰ
1474 1949 1530 2002 δὲ
1565 1948 1743 2019 βούλει

160 2039 388 2111 μαθεῖν,
420 2040 503 2093 ὅτι
555 2039 646 2091 καί
694 2056 840 2102 τινες
889 2041 954 2093 ἐκ
1000 2039 1107 2093 τῶν
1152 2040 1439 2111 ἡμετέρων
1494 2040 1743 2111 μεγάλων

156 2134 328 2201 ἁγίων
357 2133 705 2203 ἀπεςήναντο
724 2132 784 2184 τὸ
808 2135 871 2185 ὲκ
899 2132 1063 2202 μόνου
1083 2132 1177 2184 τοῦ
1202 2131 1413 2203 Πατρός
1432 2131 1494 2184 τὸ
1520 2131 1743 2200 Πνεῦμα

153 2225 215 2278 τὸ
252 2224 407 2292 ἅγιον
434 2223 854 2294 ἐκπορεύεσθαι,
889 2224 991 2294 ἤδη
1014 2224 1104 2276 τὸν
1131 2224 1306 2294 μέγαν
1338 2223 1437 2293 τῆς
1472 2223 1743 2294 ἡμετέρας

168 2313 502 2384 Ἐκκλησίας
535 2312 686 2382 ἥλιον
730 2311 1031 2383 Κύριλλον,
1077 2312 1107 2383 ἢ
1149 2311 1347 2382 μᾶλλον
1390 2314 1596 2373 εἰπεῖν,
1647 2310 1742 2365 τοῦ

153 2405 370 2474 κόσμου
400 2403 599 2465 παντὸς
623 2442 637 2464 ,
682 2403 818 2473 πρὸς
850 2402 1008 2455 τοῦτο
1058 2401 1302 2472 λάμϐανε
1352 2404 1637 2474 μάρτυρα’
1684 2407 1742 2457 ἐν

155 2496 268 2568 γὰρ
306 2494 389 2566 τῷ
413 2496 558 2564 Περὶ
590 2494 829 2564 Τριάὃος
873 2495 1018 2565 λόγῳ
1062 2495 1227 2548 αὐτοῦ
1262 2489 1365 2549 ὧδέ
1404 2514 1521 2560 πως
1556 2498 1743 2567 σαφῶς

155 2594 426 2663 παριστᾷ.
457 2592 522 2644 Ἡ
573 2590 848 2658 παναγία,
879 2591 1033 2661 φησὶ,
1091 2591 1186 2643 καὶ
1215 2591 1385 2661 σεπτὴ
1411 2591 1601 2663 Τριάς,
1637 2591 1746 2663 πρὸ

154 2683 383 2737 πάντων
424 2680 635 2736 αἰώνων
670 2681 765 2735 καὶ
810 2683 891 2745 εἰς
943 2681 1031 2734 ἀεὶ
1074 2681 1429 2753 ὑπάρχουσα,
1478 2682 1745 2754 ἀχραντάς

153 2778 276 2828 ἐστι
339 2775 436 2828 καὶ
470 2773 677 2838 ἀΐδιος,
729 2774 1039 2844 ἀσώματος,
1085 2774 1499 2846 ἀκατάληπτος,
1548 2775 1743 2847 ἀπερί-

151 2865 388 2937 ληπτος,
424 2863 877 2937 περιληπτικὴδέ
905 2864 1015 2918 τῶν
1056 2866 1333 2931 ἁπάντων,
1370 2867 1465 2919 καὶ
1501 2883 1743 2939 συγκρα-

148 2956 326 3010 τοῦσα
365 2955 428 3008 τὸ
476 2958 607 3020 πᾶν,
648 2953 850 3026 ἀγαθὴ,
881 2953 1234 3026 προνοητικὴ,
1270 2955 1599 3026 δημιουργὸς
1631 2956 1740 3009 τῶν

149 3052 413 3105 ἁπάντων
434 3048 461 3114 ,’
490 3048 704 3120 ὁρατῶν
734 3064 793 3101 τε
826 3048 922 3100 καὶ
960 3046 1208 3117 ἀοράτων
1227 3086 1241 3111 ,
1276 3047 1496 3118 ἀπαθὴς
1516 3085 1531 3111 ,
1577 3047 1742 3101 ἀναλ-

148 3142 401 3206 λοίωτος,
442 3114 732 3212 ἄτρεπτος,
773 3139 851 3210 νῷ
896 3114 1200 3211 ἀνθρώπων
1244 3140 1338 3193 καὶ
1367 3114 1615 3209 ἀγγέλων
1644 3140 1739 3194 καὶ
1769 3114 1810 3171 C

149 3238 219 3306 τῇ
246 3236 447 3304 κτιστῇ
479 3233 639 3303 φύσει
680 3232 1064 3304 ἀκατάληπτος
1086 3250 1102 3264 ο
1138 3231 1425 3303 ὀμοούσιος
1461 3234 1518 3285 ἐν
1545 3232 1735 3305 ἐαυτῇ,

152 3325 526 3398 ἀκοινώνητος
558 3324 615 3377 δὲ
644 3325 764 3378 κατ’
808 3324 994 3378 οὐσίαν
1026 3324 1178 3397 πάσῃ
1223 3325 1289 3394 τῇ
1331 3323 1505 3376 κτίσει
1527 3337 1542 3353 ⁸
1575 3340 1738 3392 γινω-

152 3418 401 3490 σχομένη
434 3418 594 3488 μόνον
617 3418 706 3487 ὑφ’
731 3416 952 3488 ἑαυτῆς,
985 3417 1076 3470 ὑπ’
1102 3417 1359 3487 οὐδεμιᾶς
1387 3415 1608 3485 φύσεως
1635 3416 1737 3486 τῆς

142 3513 204 3563 ἐν
238 3509 320 3580 τῷ
367 3509 562 3580 κόσμῳ
597 3508 769 3579 τούτῳ
800 3509 893 3562 καὶ
947 3509 1045 3579 τῆς
1080 3510 1220 3580 ὑπὲρ
1262 3508 1467 3579 κόσμον
1510 3508 1730 3562 τοῦτον·

145 3602 320 3674 μονὰς
372 3604 432 3655 ἐν
471 3600 651 3673 τρισὶν
706 3600 1107 3665 ὐποστάσεσιν,
1156 3601 1335 3655 είτουν
1379 3600 1732 3672 προσώποις,

144 3696 246 3748 καὶ
305 3693 483 3764 Τριάς
514 3696 572 3747 ἐν
624 3692 813 3763 μονάδι
858 3691 1147 3764 θεότητος,
1193 3693 1312 3764 ἦτοι
1364 3694 1493 3763 μιᾶς
1543 3691 1734 3756 οὐσίας

139 3784 554 3854 γινωσκομένη.
575 3782 792 3854 Ταύτης
814 3784 914 3854 τῆς
942 3783 1104 3851 ἁγίας
1129 3782 1224 3836 καὶ
1252 3783 1452 3854 σεπτῆς
1483 3782 1730 3853 μονάδος,

139 3878 201 3930 αἱ
248 3876 634 3947 προσκυνηταὶ
683 3877 832 3947 τρεῖς
861 3875 1192 3939 ὑποστάσεις
1242 3875 1596 3943 γινώσκονται
1637 3874 1734 3928 καὶ

139 3968 530 4021 πιστεύονται·
563 3969 621 4021 ἐν
656 3967 833 4038 Πατρὶ
863 3967 1116 4039 ἀνάρχῳ,
1148 3968 1395 4038 ἀναιτίῳ,
1429 3968 1730 4038 ἀγεννήτῳ,

140 4060 344 4132 ἀϊδίῳ·
385 4060 482 4113 καὶ
526 4061 584 4112 ἐν
629 4058 745 4129 Υίῷ
776 4062 1055 4130 μονογενεί
1091 4058 1403 4130 γεννηθέντι
1450 4060 1728 4129 ἀρρήτως,

142 4153 244 4211 καὶ
277 4150 512 4214 ἀπαθῶς
532 4150 627 4204 καὶ
651 4151 965 4222 ἀφράστως,
990 4150 1101 4221 πρὸ
1124 4150 1341 4204 πάντων
1365 4148 1474 4203 τῶν
1497 4149 1727 4212 αἰώνων,

140 4246 210 4299 bc
272 4244 376 4314 τῆς
429 4243 616 4307 οὐσίας
658 4243 826 4314 αὐτῆς
860 4241 952 4295 τοῦ
1010 4242 1247 4315 Πατρός,
1298 4242 1392 4296 καὶ
1436 4241 1526 4295 διὰ
1574 4241 1732 4295 τοῦτο

136 4333 423 4403 όμοουσίῳ
448 4332 544 4387 καὶ
579 4333 679 4404 ἴσῳ
710 4333 788 4404 τῷ
821 4334 1017 4405 Πατρὶ,
1052 4334 1218 4404 χωρὶς
1241 4332 1340 4403 τῆς
1369 4332 1726 4404 πατρότητος,

1858 499 2232 563 neratiouem;
2284 498 2358 552 ita
2424 513 2549 553 cum
2613 500 2802 556 dicant
2880 518 3111 571 omnes,
3168 504 3431 575 Spiritum

1856 600 1980 640 esse
2034 600 2065 640 a
2134 584 2296 641 Patre
2359 589 2730 657 productum,
2800 592 3123 664 intelligitur
3183 613 3248 651 ex
3314 597 3434 653 solo

1858 675 2022 733 Patre
2078 675 2340 748 Spiritum
2397 695 2544 744 esse,
2596 682 2898 736 secundum
2955 700 3075 740 eam
3120 703 3242 757 quae
3304 697 3433 743 ante

1855 770 2055 823 saecula
2086 780 2170 825 est
2198 773 2612 841 productionem
2664 791 2677 826 :
2730 774 2776 828 si
2810 775 2962 830 solus
3010 791 3076 830 ex
3120 780 3239 833 solo
3271 778 3433 835 Patre

1854 868 1938 915 est
1970 860 2159 927 Filius,
2195 863 2347 917 solus
2402 879 2467 917 ex
2507 864 2626 917 solo
2658 865 2821 919 Patre
2877 873 2962 921 est
3018 865 3257 938 Spiritus
3304 886 3434 926 san-

1853 961 1996 1008 ctus.
2036 951 2192 1019 Quod
2236 962 2444 1025 spectat
2481 963 2662 1009 autem
2698 959 2994 1013 secundam
3035 961 3429 1029 profusionem,

1853 1047 1968 1100 sive
1995 1045 2482 1116 dispensationem,
2515 1064 2622 1115 qua
2656 1048 2820 1103 datur
2862 1050 2928 1104 iis
2958 1052 3051 1120 qui
3082 1052 3231 1123 digni
3262 1062 3388 1109 sunt
3414 1072 3430 1122 ;

1850 1138 1994 1191 sicut
2015 1154 2080 1193 ex
2113 1138 2273 1193 Patre
2297 1147 2383 1193 est
2421 1137 2680 1208 Spiritus,
2719 1142 2792 1195 ita
2821 1151 2875 1197 et
2907 1159 3003 1213 per
3038 1141 3232 1199 Filium
3273 1154 3327 1201 et
3365 1162 3433 1202 ex

1852 1228 2009 1282 Filio.
2047 1228 2517 1295 Quemadmodum
2564 1239 2618 1284 et
2669 1240 3001 1301 postremam
3041 1232 3163 1288 Filii
3202 1251 3432 1305 genera-

1850 1320 2073 1383 tionem,
2102 1319 2223 1388 ejus
2252 1320 2465 1375 scilicet
2502 1319 2570 1375 ad
2600 1336 2701 1376 nos
2730 1323 3042 1387 adventum,
3077 1339 3185 1378 non
3216 1339 3280 1379 ex
3316 1326 3434 1380 solo

1850 1427 1972 1466 esse
2000 1410 2179 1475 Patre,
2218 1412 2314 1467 sed
2356 1413 2520 1466 etiam
2570 1429 2636 1467 ex
2671 1414 2878 1482 Spiritu
2928 1424 3121 1470 sancto
3150 1416 3433 1471 existima-

1849 1521 1993 1561 mus.
2028 1505 2269 1577 Ejusque
2300 1508 2399 1562 tibi
2430 1507 2508 1563 rei
2546 1507 2707 1562 ﬁdem
2735 1508 2899 1564 faciat
2960 1512 3205 1581 angelica
3232 1528 3338 1568 vox
3363 1511 3433 1568 ad

1848 1596 2142 1668 Josephum
2173 1600 2349 1653 virum
2395 1597 2579 1653 Maria).
2613 1599 2752 1654 facta
2785 1620 2798 1655 :
2838 1619 2858 1652 ι
2903 1600 3024 1655 Noli
3059 1604 3251 1657 timere
3279 1605 3431 1658 acci-

1848 1708 1975 1762 pere
2006 1693 2230 1748 Mariam
2260 1695 2546 1764 conjugem
2596 1705 2745 1750 tuam
2781 1716 2794 1750 :
2825 1697 2970 1765 quod
2996 1697 3138 1751 enim
3163 1697 3217 1751 in
3245 1713 3308 1752 ea
3335 1713 3435 1753 na-

1848 1793 1957 1837 tum
1986 1790 2091 1838 est.
2121 1798 2185 1838 ex
2224 1782 2432 1853 Spiritu
2456 1792 2650 1839 sancto
2678 1791 2764 1840 est
2795 1785 2859 1838 ιι.
2888 1804 2908 1835 ι
2935 1785 3091 1851 Quod
3114 1786 3158 1840 si
3189 1788 3433 1843 ediscere

1844 1874 2034 1943 cupias
2052 1875 2266 1943 aliquos
2282 1890 2349 1929 ex
2370 1874 2582 1945 magnis
2601 1874 2741 1945 apud
2767 1890 2866 1930 nos
2884 1877 3109 1941 sanctis,
3131 1876 3431 1934 aliirmasse

1844 1981 1908 2020 ex
1939 1967 2057 2020 solo
2089 1964 2252 2023 Patre
2284 1964 2550 2034 Spiritum
2576 1974 2827 2022 sanctum
2856 1967 3173 2037 procedere,
3196 1968 3307 2038 jam
3329 1969 3430 2024 tibi

1843 2071 2103 2126 magnum
2135 2056 2395 2112 Ecclesiae
2429 2066 2651 2121 nostras,
2695 2059 2809 2113 imo
2840 2061 3009 2113 totius
3044 2060 3196 2115 orbis
3230 2060 3427 2125 solem,

1843 2146 2106 2217 Cyrillum
2138 2148 2371 2216 hujusce
2395 2148 2473 2202 rei
2505 2150 2691 2218 accipe
2721 2156 2913 2203 testem
2949 2168 2963 2203 :
2994 2150 3048 2203 in
3073 2164 3173 2203 suo
3195 2162 3433 2220 namque

1845 2235 1920 2289 De
1953 2235 2214 2290 Trinitate
2244 2236 2384 2291 libro
2433 2243 2618 2305 aperte
2647 2236 2721 2289 ita
2751 2235 3011 2305 loquitur.
3045 2233 3425 2300 Sanctissima,

1844 2327 2041 2397 inquit,
2077 2335 2133 2382 et
2164 2326 2476 2382 veneranda
2506 2325 2770 2389 Trinitas,
2803 2342 2926 2397 quae
2956 2334 3082 2383 ante
3109 2328 3292 2382 omnia
3325 2343 3427 2384 sae-

1845 2418 1967 2471 cula
2012 2423 2097 2471 est
2126 2423 2180 2470 et
2210 2431 2424 2484 semper
2469 2414 2673 2479 futura,
2709 2415 3029 2485 incorrupta
3059 2423 3164 2478 est,
3189 2423 3422 2479 aeterna,

1844 2511 2167 2579 incorporea
2185 2551 2198 2573 ,
2258 2507 2835 2578 incomprehensibilis
2850 2548 2865 2571 ,
2917 2508 3392 2578 incircumsct-ipta
3410 2549 3426 2569 ,

1845 2602 1938 2657 sed
1968 2617 2089 2671 qua:
2119 2600 2501 2670 complectitur
2532 2598 2738 2661 omnia,
2784 2599 3213 2667 universumque
3252 2598 3430 2653 conti-

1845 2702 1939 2747 net
1975 2710 1990 2746 :
2018 2692 2181 2754 bona,
2215 2690 2463 2762 provida,
2491 2689 2726 2744 creatrix
2755 2689 3022 2753 omnium,
3052 2688 3347 2744 visibilium
3371 2698 3428 2744 et

1845 2785 2228 2848 invisibilium,
2255 2782 2594 2852 impatibilis,
2646 2781 3022 2847 immutabilis,
3059 2780 3423 2843 invariabilis,

1844 2877 2013 2933 menti
2045 2876 2330 2931 hominum
2362 2884 2415 2929 et
2448 2875 2787 2945 angelorum,
2846 2881 3155 2941 creatazque
3209 2880 3425 2927 naturae

1847 2967 2436 3039 incomprehensibilis,
2483 2966 2537 3019 in
2573 2965 2751 3035 seipsa
2782 2964 3293 3027 consubstantialis,
3339 2965 3428 3019 in-

1847 3059 2326 3116 communicabilis
2358 3055 2659 3112 secundum
2691 3056 3056 3111 substantiam
3086 3056 3234 3110 omni
3267 3070 3427 3111 crea-

1844 3159 2019 3207 turae:
2051 3165 2222 3221 quea
2255 3132 2435 3217 seipse
2468 3150 2645 3204 solum
2695 3147 3068 3219 cognoscitur,
3114 3153 3170 3201 et
3201 3161 3233 3201 a
3265 3146 3421 3202 nulla

1841 3250 2038 3297 natura
2059 3258 2181 3313 quae
2209 3246 2263 3295 in
2300 3242 2404 3296 hoc
2439 3240 2646 3295 mundo
2676 3239 2760 3293 vel
2793 3253 2957 3309 supra
2981 3237 3129 3292 hunc
3157 3236 3422 3292 mundum

1841 3336 2037 3391 fuerit:
2076 3335 2260 3389 unitas
2291 3335 2345 3388 in
2371 3334 2546 3389 tribus
2575 3331 2984 3405 bypostasibus.
3019 3346 3116 3385 seu
3145 3328 3419 3399 personis,

1838 3434 1892 3481 et
1933 3425 2152 3479 trinitas
2188 3425 2242 3479 in
2284 3425 2492 3479 unitate
2523 3416 2768 3487 deitatis,
2797 3422 2912 3477 sive
2955 3421 3119 3476 unius
3153 3421 3418 3475 substan-

1837 3517 1927 3570 tia:
1958 3517 2198 3586 cognita.
2241 3514 2416 3584 Hujus
2456 3523 2661 3568 sanctas
2704 3520 2759 3568 et
2808 3511 3130 3567 venerandae
3160 3511 3413 3574 unitatis,

1838 3609 2128 3663 adorandae
2157 3617 2270 3663 tres
2309 3609 2635 3679 bypostases
2669 3611 3081 3676 cognoscuntur
3115 3613 3278 3673 atque
3299 3618 3419 3657 cre-

1835 3702 2041 3757 duntur
2068 3718 2081 3755 :
2107 3700 2160 3754 in
2189 3698 2351 3754 Patre
2379 3700 2472 3770 qui
2495 3706 2581 3754 est
2606 3698 2724 3752 sine
2752 3695 3041 3766 principio,
3077 3695 3198 3750 sine
3227 3708 3418 3761 causa,

1836 3791 2133 3861 ingenitus,
2165 3791 2529 3859 sempiternus
2563 3807 2579 3842 ι
2606 3788 2659 3841 ἰη
2688 3785 2827 3841 Filio
2854 3787 3131 3856 unigenito
3154 3802 3169 3851 ;
3196 3783 3420 3838 inenar-

1834 3879 2104 3945 rabiliter,
2147 3878 2575 3949 impassibiliter,
2603 3875 2951 3931 ineﬂabiliter
2984 3883 3111 3928 nato
3140 3883 3266 3928 ante
3299 3887 3420 3927 om-

1836 3973 1927 4027 nia
1980 3970 2205 4035 satcula,
2254 3985 2321 4024 ex
2350 3969 2469 4039 ipsa
2502 3967 2682 4025 Patris
2716 3965 3049 4030 substantia,
3097 3972 3262 4034 atque
3293 3963 3420 4019 ideo

1835 4061 2295 4118 consubstantiali
2317 4068 2373 4115 et
2403 4062 2598 4131 murali
2621 4059 2793 4125 Patri,
2815 4064 3041 4127 excepta
3071 4055 3412 4125 paternitate,

1834 4155 1927 4224 qui
1978 4169 2078 4223 pro
2132 4168 2301 4209 causa
2354 4151 2572 4208 Patrem
2630 4151 2815 4213 habet,
2861 4145 3156 4219 generandi
3203 4146 3417 4201 scilicet

1834 4247 1999 4301 modo
2026 4266 2040 4301 ι
2064 4253 2118 4301 et
2168 4246 2224 4300 in
2272 4244 2476 4315 Spiritu
2506 4254 2700 4300 sancto
2733 4253 2790 4299 et
2817 4241 3127 4296 viviﬁcante
3161 4240 3407 4300 adorato.

1833 4336 2161 4409 procedente
2193 4353 2257 4390 ex
2306 4336 2485 4398 Patre,
2532 4335 2585 4389 id
2630 4343 2717 4391 cst
2748 4350 2816 4390 ex
2867 4332 3175 4389 substantia
3209 4331 3413 4397 Patris,

136 4426 324 4497 ἀρχὴν
355 4424 415 4477 δὲ
444 4426 539 4477 καὶ
584 4423 763 4477 αἰτίαν
806 4423 896 4477 τὸν
946 4424 1165 4495 Πατέρα
1217 4422 1393 4493 ἔχοντι
1431 4421 1723 4491 γεννητῶς

1843 4444 1940 4482 non
1971 4428 2343 4496 generatione,
2365 4425 2823 4496 quemadmodum
2853 4422 3046 4490 Filius,
3077 4439 3145 4476 ne
3173 4422 3282 4476 duo
3302 4422 3415 4476 sint

132 4519 232 4570 xui.
269 4518 330 4570 ἐν
385 4515 664 4587 Πνεύματι
724 4514 865 4586 ἁγίῳ
920 4512 1169 4585 ζωοποιῷ
1228 4513 1722 4585 προσκυνουμένῳ,

129 4608 565 4679 ἐκπορευομένῳ
611 4611 676 4661 ἐκ
728 4607 822 4660 τοῦ
875 4607 1125 4678 Πατρδς,
1179 4607 1456 4660 τουτέστιν
1513 4608 1577 4660 ἐκ
1625 4606 1728 4676 τῆς

128 4703 329 4765 οὐσίας
359 4700 459 4752 τοῦ
516 4699 746 4770 Πατρός.
792 4700 865 4751 Οὐ
904 4698 1179 4768 γεννητῶς
1225 4698 1476 4769 καθάπερ
1506 4701 1535 4751 6
1573 4698 1721 4763 Υἱὸς,

129 4793 220 4847 ἵνα
246 4792 327 4863 μὴ
344 4791 441 4845 δύο
457 4790 577 4843 Υἱοὶ
592 4793 650 4843 ἐν
664 4792 729 4860 τῇ
748 4788 959 4861 Τριάδιθ
994 4788 1108 4841 ἀλλ’
1127 4790 1569 4859 ἐκπορευομένῳ,
1589 4788 1727 4842 καθ-

130 4887 283 4956 άπερ
308 4886 550 4955 εἴρηται,
585 4883 649 4936 ἐκ
681 4882 843 4952 μόνου
882 4880 974 4934 τοῦ
1020 4880 1254 4953 Πατρός,
1280 4883 1373 4935 καὶ
1394 4882 1502 4945 ἀπὸ
1523 4883 1726 4953 στόμα-

124 4996 260 5042 τος·
302 4976 572 5046 πεφηνότι
608 4975 666 5028 δὲ
722 4975 790 5027 δι’
825 4972 989 5039 Υἱοῦ,
1034 4974 1129 5027 καὶ
1183 4974 1477 5045 λαλήσαντι
1525 4976 1584 5027 ὲν
1612 4979 1726 5039 τοῖς

125 5069 312 5136 ἁγίοις
359 5067 668 5136 προφήταις
711 5064 806 5117 καὶ
860 5064 1196 5128 ἀποστόλοις.
1230 5065 1409 5135 Πλὴν,
1441 5066 1516 5128 ὼς
1547 5062 1721 5123 εἶπον.

1834 4518 1957 4573 Filii
1987 4520 2043 4574 in
2082 4517 2389 4587 Trinitate;
2420 4518 2516 4574 sed
2566 4518 2918 4588 procedente,
2953 4519 3031 4570 uti
3065 4516 3272 4570 dictum
3302 4523 3414 4583 est,

1836 4628 1902 4668 ex
1935 4612 2055 4668 solo
2106 4608 2288 4674 Patre,
2331 4619 2495 4680 atque
2524 4625 2587 4664 ex
2619 4624 2737 4664 ore.
2785 4608 3047 4678 Apparuit
3101 4616 3282 4662 autem
3317 4619 3415 4675 per

1833 4705 2055 4768 Filium,
2095 4705 2420 4773 locutusque
2457 4711 2542 4758 est
2564 4702 2620 4756 in
2654 4703 2863 4757 sanctis
2896 4702 3177 4771 prophetis
3203 4707 3259 4755 et
3284 4712 3417 4768 apo—

1835 4799 2012 4853 stolis.
2054 4796 2349 4857 Creterum,
2391 4802 2450 4848 ut
2504 4794 2640 4855 dixi,
2699 4794 2790 4863 qui
2847 4803 2933 4849 est
2983 4808 3053 4847 ex
3101 4792 3412 4848 substantia

1836 4888 2012 4958 ipsius
2042 4885 2222 4940 Patris
2248 4892 2301 4939 et
2333 4882 2479 4947 Filii,
2511 4880 3108 4948 consubstantialisque
3139 4886 3224 4933 est
3262 4877 3412 4931 Patri

1830 4988 1883 5032 et
1915 4978 2073 5031 Filio.
2097 4975 2635 5031 lncommunicabilis
2665 4982 2846 5027 autem
2868 4982 2974 5032 est.
3006 4972 3149 5026 sicut
3172 4970 3334 5023 Pater
3358 4976 3414 5023 et

1829 5067 2021 5135 Fdius,
2055 5070 2203 5123 omni
2235 5075 2523 5134 creatura,
2549 5066 2706 5136 juxta
2734 5064 3055 5121 substantia:
3082 5063 3372 5116 rationem.

127 5162 234 5231 τῆς
303 5158 499 5221 οὐσίας
530 5157 693 5210 αὐτοῦ
743 5157 836 5211 τοῦ
899 5157 1114 5229 Πατρός
1162 5160 1258 5211 καὶ
1296 5158 1389 5211 τοῦ
1454 5158 1583 5211 Υἱοῦ
1627 5159 1959 5230 ὑπάρχοντι,
2018 5162 2112 5214 καὶ
2153 5161 2215 5214 τὸ
2263 5160 2547 5231 ὀμοούσιον
2610 5159 2786 5228 ἔχοντι
2837 5155 2975 5227 πρὸς
3021 5153 3243 5223 Πατέρα
3314 5148 3414 5204 καὶ

126 5256 285 5309 Υἱόν.
326 5250 718 5321 Ἀκοινώνητον
745 5251 802 5303 δὲ
824 5252 919 5304 καὶ
953 5253 1087 5305 αὐτό
1126 5253 1297 5318 ἐστιν,
1337 5252 1526 5324 ὥσπερ
1554 5254 1649 5306 καὶ
1689 5256 1718 5307 6
1752 5255 1940 5326 Πατὴρ
2001 5256 2096 5309 καὶ
2149 5256 2178 5307 6
2216 5255 2344 5318 Υἱὸς
2402 5253 2538 5324 πρὸς
2571 5253 2756 5304 πᾶσαν
2796 5249 2895 5320 τὴν
2927 5247 3103 5301 κτίσιν
3145 5241 3286 5298 κατά
3316 5240 3412 5304 τὸν

123 5349 225 5419 τῆς
252 5348 316 5400 οὐ
326 5346 449 5407 σίας
470 5344 645 5412 λόγον.

158 5440 165 5446 ’
193 5441 252 5493 2.
291 5440 461 5510 Ὁρᾷς
490 5439 607 5503 πῶς
644 5441 710 5494 ἐκ
741 5442 900 5512 μόνου
933 5440 1026 5493 τοῦ
1069 5441 1281 5510 Πατρός
1317 5441 1378 5493 τὸ
1407 5440 1629 5511 Πνεῦμα
1655 5441 1716 5494 τὸ

122 5531 287 5600 ἆγιον
334 5532 481 5584 κατὰ
504 5532 596 5584 τὸν
645 5532 799 5600 ἆγιον
836 5533 1184 5603 Κύριλλον,ἢ
1222 5533 1419 5603 μᾶλλον
1450 5532 1592 5585 κατὰ
1615 5534 1717 5586 πᾶ-

125 5635 228 5671 σαν
258 5617 367 5686 τὴν
416 5616 568 5671 θείαν
616 5618 857 5690 Γραφήν.
915 5621 1025 5674 Καὶ
1061 5622 1133 5691 μή
1172 5638 1262 5691 μοι
1304 5621 1363 5674 τὸ
1409 5622 1517 5675 ἀπὸ
1562 5621 1714 5676 τοῦδε

200 5774 248 5805 ιι
282 5770 480 5827 Matth.
515 5788 554 5841 ι,
576 5773 667 5827 eo.

1891 5438 1948 5491 ‘2.
1981 5436 2173 5491 Viden’
2203 5434 2351 5505 quod
2409 5448 2476 5488 ex
2514 5431 2633 5489 solo
2678 5429 2843 5485 Patre
2882 5429 2953 5483 sit
2999 5426 3239 5498 Spiritus
3278 5444 3408 5483 san-

1821 5538 1944 5585 ctus
1997 5528 2152 5597 juxta
2202 5532 2452 5582 sanctum
2510 5523 2812 5594 Cyrillum;
2868 5520 2979 5574 imo
3030 5518 3187 5589 juxta
3233 5527 3405 5572 totam

1826 5621 2167 5690 Scripturam
2201 5630 2433 5675 sacram.
2480 5614 2545 5668 Et
2578 5630 2649 5671 ne
2676 5613 2800 5685 quis
2841 5612 2979 5667 mihi
3015 5613 3162 5667 ultra
3207 5609 3408 5684 frigida
