3856 6206
428 239 533 292 8‘27

1530 238 1588 294 S.
1627 234 2095 292 ATHANASIUS.

2131 265 2200 275 —
2230 231 2501 291 SPL'RlA.
3596 228 3698 285 8‘28

428 355 520 409 illa
577 353 817 423 proferat
879 357 1065 423 verba,
1128 364 1223 411 aut
1277 357 1540 419 voculas,
1600 356 1747 426 quod
1810 356 1994 411 scilice

2126 351 2331 421 λεγέτω
2361 368 2445 416 τις
2472 350 2543 403 τά
2564 348 2748 421 ψυχρά
2779 350 2961 403 ἐκεῖνα
2990 349 3231 422 ῥήματα,
3254 347 3288 419 ἦ
3318 343 3595 418 λογύδρια,
3618 349 3697 398 ὅτι

426 448 674 514 praeclari
724 448 798 500 illi
851 450 952 502 viri
997 448 1332 503 Athanasius
1376 460 1430 503 et
1482 448 1743 519 Cyrillus,
1793 463 2012 517 unaque

427 537 721 607 G‘egorius
767 537 1067 610 Nyssenus,
1120 539 1416 594 additionis
1477 540 1531 593 in
1592 554 1761 593 causa
1834 538 2007 592 fuere.

424 631 761 684 Athanasius
815 633 1014 699 quippe
1079 632 1151 685 ita
1215 633 1290 683 ait
1338 650 1351 686 :
1418 629 1657 700 Spiritus
1716 646 1781 684 ex
1829 628 2011 693 Patre,

426 723 617 789 (aiunt
668 722 1006 789 adversarii)
1039 729 1091 776 et
1122 738 1149 774 a
1176 721 1373 782 Verbo,
1409 722 1554 789 qttod
1588 730 1672 775 est
1725 738 1790 775 ex
1847 720 2011 776 Patre

423 816 673 884 procedit
739 814 1019 886 Nyssenus
1060 823 1240 869 autem
1290 822 1574 883 postquam
1619 815 1778 880 dixit,
1813 814 2009 869 Filium

423 922 546 961 esse
609 908 954 975 peculiariter
1008 923 1072 961 et:
1135 909 1351 978 primo,
1409 906 1461 960 id
1526 918 1610 962 est
1687 924 1753 962 ex
1826 906 2008 971 Patre,

424 999 682 1068 deinceps
735 999 811 1051 ait
862 1017 875 1052 :
915 997 1155 1067 Spiritus
1206 1014 1302 1067 per
1341 1014 1468 1052 eum
1504 1001 1595 1067 qui
1632 1008 1717 1053 est
1766 1000 2012 1068 peculia-

422 1088 557 1143 riter
580 1104 644 1142 ex
674 1088 869 1156 primo.
901 1086 1355 1156 Sapientissimus
1392 1104 1521 1142 vero
1545 1087 1789 1156 Cyrillus
1823 1097 2012 1157 aperte

422 1179 581 1244 dixit,
620 1196 687 1235 ex
726 1180 1013 1242 ambobus,
1048 1179 1207 1235 Patre
1250 1196 1445 1251 nempe
1468 1190 1521 1235 ct
1550 1180 1706 1244 Filio,
1744 1180 2007 1251 Spiritum

423 1286 548 1327 esse
581 1280 856 1337 sanctum.
893 1268 1020 1325 Htec
1043 1281 1171 1325 sunt
1197 1280 1520 1339 argumenta
1556 1282 1848 1327 auctorum
1880 1288 2009 1343 por-

420 1371 649 1417 tentosas
701 1363 849 1416 illius
885 1370 1051 1431 atque
1096 1378 1276 1432 prava:
1330 1364 1649 1419 additionis.
1704 1364 1817 1433 Ego
1849 1380 2003 1429 vero,

420 1455 650 1525 ignarus
695 1454 845 1517 licet,
875 1473 894 1505 ι
928 1469 1144 1509 omnem
1183 1472 1408 1510 sensum
1466 1456 1748 1524 captivans
1782 1457 1835 1510 in
1872 1457 2008 1511 obe-

420 1546 677 1602 dientiam
707 1547 933 1610 Christi,
967 1566 986 1598 ι
1022 1548 1123 1601 hac
1149 1549 1359 1603 ratione
1388 1549 1507 1602 loca
1536 1550 1626 1602 illa
1662 1551 1892 1618 expliro.
1929 1549 2005 1604 Ea

419 1638 686 1692 sententia
722 1636 1055 1693 Athanasius
1103 1640 1201 1704 ait,
1254 1638 1516 1707 Spiritum
1562 1654 1629 1693 et
1668 1639 1827 1694 Patre
1858 1656 2001 1701 esse.

418 1738 474 1783 et
503 1744 532 1782 a
560 1727 740 1783 Verbo
766 1728 912 1798 quod
938 1744 1002 1784 ex
1029 1728 1189 1784 Patre
1220 1730 1487 1799 procedit.
1524 1730 2000 1796 Quemadmodum
2035 1707 2077 1761 Β

418 1837 486 1876 ex
539 1824 658 1891 ipso
710 1834 980 1877 cowterno
1038 1821 1246 1878 Patre:
1284 1824 1428 1877 sicut
1475 1831 1530 1878 et
1582 1823 1817 1880 Verbum
1877 1827 2003 1880 mit-

416 1913 554 1967 titur
582 1914 852 1983 daturque
888 1914 1138 1969 lidelibus
1188 1929 1217 1967 a
1272 1913 1501 1984 Spiritu,
1553 1918 1745 1974 eadem
1790 1922 2002 1978 ratione

416 2018 527 2073 qua
570 2004 639 2057 ab
698 2006 816 2073 ipso
865 2003 1042 2059 Patre.
1078 2004 1474 2062 Testimonium
1517 2011 1702 2079 accipe
1761 2012 1830 2065 ab
1882 2013 2001 2082 ipso

416 2092 599 2147 Verbo
622 2104 787 2164 atque
819 2093 978 2158 Filio,
1014 2098 1192 2152 aieute
1221 2117 1233 2151 :
1269 2116 1287 2149 ι
1322 2097 1559 2168 Spiritus
1582 2100 1792 2156 Domini
1837 2120 2003 2173 super

414 2186 573 2256 301
593 2201 696 2247 me.
720 2202 785 2241 eo
808 2187 952 2256 quod
980 2190 1195 2243 unxerit
1218 2205 1323 2245 me.
1345 2191 1729 2261 Evangelizare
1747 2197 1999 2265 pauperi-

414 2276 519 2333 bus
548 2278 696 2332 misit
723 2280 889 2333 me".
926 2299 943 2332 ι
983 2278 1218 2336 Sanctus
1246 2298 1378 2350 ergo
1410 2282 1647 2353 Spiritus
1678 2284 1872 2340 Filium
1899 2305 2001 2342 tm-

415 2369 497 2423 xit
526 2379 689 2439 atque
720 2371 907 2437 misit;
952 2373 1048 2429 sed
1086 2374 1251 2427 etiam
1285 2374 1449 2428 Pater
1477 2392 1541 2430 ex
1584 2377 1853 2433 ambobus
1906 2379 1999 2433 Fi-

415 2458 492 2514 lio
531 2462 742 2515 scilicet
775 2469 829 2515 et
862 2462 1066 2533 Spiritu
1102 2465 1358 2519 mittitur.
1399 2464 1517 2531 Qua
1569 2468 1785 2521 ratione
1833 2484 1997 2538 porro

415 2550 470 2606 id
512 2550 623 2618 ﬁat,
664 2550 877 2606 Patrem
914 2555 1037 2607 audi
1074 2570 1168 2623 per
1199 2554 1391 2608 Isaiam
1436 2557 1755 2625 pr0phetam
1802 2559 1878 2613 ita
1916 2560 1994 2614 lo-

414 2651 670 2711 quentem
715 2660 729 2697 :
773 2660 791 2692 ι
818 2642 955 2696 Audi
992 2659 1077 2698 me
1101 2684 1113 2705 ,
1164 2643 1330 2698 Jacob
1369 2655 1420 2699 et
1451 2645 1640 2712 Israel,
1673 2663 1834 2717 quem
1895 2665 1995 2720 ego

417 2746 556 2784 voco
592 2750 604 2786 :
644 2731 758 2802 Ego
796 2731 938 2787 Deus
958 2734 1186 2801 primus,
1220 2743 1272 2787 et
1294 2751 1394 2802 ego
1426 2746 1545 2805 post
1577 2738 1690 2792 haec
1726 2757 1739 2793 :
1772 2748 1827 2793 et
1857 2755 1997 2809 prae-

412 2833 497 2879 ter
535 2841 617 2879 me
659 2841 764 2877 non
804 2836 885 2879 est
919 2825 1080 2880 Deus.
1124 2827 1235 2897 Ego
1268 2843 1431 2881 manu
1467 2844 1586 2883 mea
1628 2830 1851 2886 fundavi
1885 2840 1995 2889 ler-

411 2932 554 2977 ram,
592 2925 645 2967 et
683 2912 920 2983 Spiritus
959 2930 1113 2969 meus
1148 2914 1379 2969 (irritavit
1420 2918 1639 2971 caelum.
1684 2918 1796 2989 Ego
1819 2922 1996 2974 omni-

411 3003 516 3059 bus
587 3004 754 3058 astris
808 3005 1075 3073 praecepi.
1175 3003 1241 3057 Et
1307 3020 1449 3060 nunc
1511 3006 1774 3064 Dominus
1841 3011 2061 3089 misitc

410 3096 575 3151 me“.
611 3114 630 3149 ι
674 3094 837 3148 Pater
874 3095 1039 3164 igitur
1075 3104 1159 3151 est
1197 3098 1290 3166 qui
1332 3098 1436 3152 hoc
1471 3098 1592 3151 loco
1625 3099 1801 3154 dicit:
1845 3118 1864 3151 ι
1897 3100 1996 3156 Mi-

410 3187 483 3242 sit
521 3203 625 3242 me.
653 3206 672 3239 ι
696 3186 884 3240 Viden’
906 3188 1271 3256 aequalitatem
1307 3191 1470 3242 trium
1510 3205 1868 3259 personarum
1899 3209 1996 3248 ex-

408 3279 732 3334 celsissimae
770 3278 1035 3335 deitatis?
1090 3279 1225 3333 Cum
1270 3280 1511 3349 Spiritus
1551 3291 1780 3339 sanctus
1828 3287 1995 3340 mitti-

408 3377 501 3423 tur
537 3384 567 3422 a
606 3368 854 3432 duobus,
911 3379 969 3423 ut
1015 3369 1507 3426 consubstantialis
1549 3374 1785 3428 mittitur
1822 3374 1970 3430 Patri

409 3469 575 3533 atque
611 3461 769 3517 Filio.
832 3461 967 3515 Cum
1004 3470 1185 3515 autem
1224 3462 1394 3518 Filius
1425 3480 1493 3518 ex
1525 3464 1722 3529 Patre,
1758 3475 1818 3521 ut
1862 3484 1993 3522 con-

413 3552 794 3607 sttltslautialis
862 3554 1025 3606 etiam
1078 3551 1330 3622 Spiritui.
1395 3553 1530 3607 Cum
1599 3568 1779 3611 autem
1832 3556 1994 3613 Pater

406 3661 473 3701 ex
508 3644 646 3699 Filio
682 3654 738 3700 et
777 3644 986 3715 Spiritu
1012 3686 1026 3710 ,
1087 3647 1242 3715 quasi
1283 3646 1793 3704 consubstantialis.
1853 3650 1989 3704 Cum

405 3738 544 3792 dixit
582 3740 767 3808 itaque
796 3754 1029 3807 magnus
1067 3739 1427 3806 Athanasius,
1464 3741 1700 3811 Spiritus
1734 3758 1798 3797 ex
1832 3742 1990 3798 Patre

405 3831 731 3901 procedens,
794 3831 1094 3886 declaravit
1147 3833 1423 3887 ttndenam
1498 3833 1738 3904 Spiritus
1790 3835 1990 3890 haheat

408 3922 859 3987 suhsisteutiam,
896 3924 1111 3978 scilicet
1149 3940 1213 3979 ex
1251 3926 1370 3979 solo
1402 3924 1584 3981 Patre.
1625 3926 1764 3981 Cum
1804 3938 1986 3982 autem

405 4015 483 4067 ait
513 4030 734 4069 rursum
773 4035 785 4069 :
824 4014 904 4068 Ita
945 4023 1030 4069 est
1066 4015 1309 4086 Spiritus
1338 4034 1404 4073 ex
1445 4017 1644 4085 Patre,
1696 4029 1754 4075 ut
1792 4031 1878 4076 est
1920 4039 1985 4077 ex

403 4103 540 4158 Filio
568 4106 660 4174 qui
694 4112 778 4160 est
827 4121 892 4161 ex
926 4105 1123 4173 Patre;
1175 4109 1539 4178 aequalitatem
1580 4107 1760 4165 Patris
1812 4121 1863 4165 ct
1896 4111 1985 4165 Fi-

402 4196 461 4251 lii
490 4198 962 4261 commonstravit,
993 4204 1053 4251 ut
1086 4198 1187 4251 hac
1217 4199 1270 4251 in
1302 4214 1360 4252 re
1389 4198 1750 4253 confunderet
1777 4202 1986 4272 impiis—

400 4289 600 4342 simum
647 4289 861 4352 Ariutu,
910 4289 1001 4359 qui
1042 4288 1241 4343 Filium
1296 4298 1606 4343 creaturam
1663 4306 1785 4347 esse
1828 4294 1981 4360 dicit,

2135 447 2452 509 Ἀθανάσιος
2487 445 2580 499 καὶ
2627 443 2895 515 Κύριλλος
2922 444 2972 497 οἱ
3006 443 3261 514 ἀοίδιμοι,
3296 440 3433 513 πρὸς
3459 439 3514 492 δὲ
3545 439 3639 492 καὶ
3670 440 3698 492 6

2113 538 2412 591 Νυσσαέων
2474 536 2811 608 Γρηγόριος,
2879 536 2979 606 τῆς
3041 535 3358 609 προσθήκης
3413 533 3696 603 γεγόνασιν

2111 631 2293 683 αἴτιοι.
2324 631 2380 681 Ὀ
2414 629 2510 699 μὲν
2531 628 2637 698 γὰρ
2664 627 2982 691 ’ΛΟανάσιος
3000 627 3174 690 οὕτως
3200 627 3333 698 φησι
3351 641 3362 653 ·
3388 625 3461 678 Τὸ
3476 623 3699 693 Πνεῦμα

2112 724 2175 775 ὲκ
2210 722 2303 776 τοῦ
2327 721 2537 792 Πατρὸς
2569 722 2617 773 οἱ
2651 720 2922 774 ἀντίθετοι
2962 719 3214 787 λέγουσι,
3272 718 3366 771 καὶ
3409 717 3559 788 παρά
3599 715 3694 768 τοῦ

2110 814 2305 882 Λόγου,
2331 812 2422 866 τοῦ
2446 814 2507 864 ἐκ
2531 813 2761 882 Πατρὸς,
2786 812 3245 883 ἐκπορευόμενον·
3291 812 3320 864 ὁ
3356 810 3412 862 δὲ
3451 808 3692 877 Νύσσης,

2112 904 2280 958 εἰπὼν
2310 906 2401 957 τὸν
2431 905 2558 959 Υίὸν
2584 902 2722 959 εἶναι
2756 905 3036 976 προσεχῶς
3064 905 3129 956 ἐκ
3156 903 3250 956 τοῦ
3273 901 3510 974 πρώτου,
3540 919 3694 955 τουτ-

2116 997 2234 1050 έστι
2280 996 2377 1049 τοῦ
2428 997 2659 1068 Πατρὸς,
2733 998 2861 1067 ἑξῆς
2906 996 3087 1064 λέγει·
3116 996 3190 1049 Τὸ
3216 995 3438 1064 Πνεῦμα
3482 993 3572 1047 διὰ
3600 993 3692 1047 τοῦ

2110 1086 2393 1157 προσεχῶς
2434 1089 2498 1139 ἐκ
2538 1087 2631 1140 τοῦ
2668 1086 2915 1158 πρώτου·
2946 1088 2976 1140 6
3016 1086 3074 1139 δέ
3110 1103 3174 1155 γε
3227 1083 3536 1153 σοφώτατος
3580 1084 3694 1138 Κύ-

2112 1177 2288 1248 ριλλος
2321 1178 2635 1247 προφανῶς,
2668 1179 2853 1249 φησὶν,
2889 1178 3113 1249 εἴρηκεν
3148 1176 3208 1241 ἐξ
3238 1178 3438 1246 ἀμφοῖν
3480 1176 3693 1245 Πατρδς

2109 1271 2205 1324 καὶ
2268 1270 2398 1324 Tia-2'-
2462 1270 2523 1323 τὸ
2574 1270 2799 1340 Πνεῦμα
2847 1270 2908 1323 τὸ
2953 1270 3129 1337 ἅγιον.
3194 1269 3377 1322 Ταῦτα
3438 1268 3545 1321 τῶν
3595 1269 3693 1339 τῆς

2110 1360 2317 1431 σαθρᾶς
2380 1361 2696 1433 προσθήκης
2754 1360 3133 1433 τερατουργῶν
3183 1359 3253 1413 τὰ
3307 1359 3689 1431 προϐλήματα.

2112 1453 2329 1521 Ἔγωγε
2378 1453 2423 1506 δ’
2474 1473 2492 1505 ι
2541 1454 2687 1508 ἆπαν
2740 1455 2938 1524 νόημα,
2984 1472 3002 1505 ι
3058 1454 3261 1525 καίπερ
3313 1453 3388 1506 ὢν
3435 1451 3690 1523 ἀμαθὴς,

2112 1564 2131 1595 ι
2163 1545 2581 1614 αἰχμαλωτίζων
2607 1548 2688 1609 εἰς
2724 1544 2821 1615 τὴν
2844 1545 3091 1615 ὑπακοὴν
3121 1544 3214 1597 τοῦ
3241 1543 3497 1615 Χριστοῦ,
3532 1562 3551 1595 ι
3588 1537 3691 1596 ὧδέ

2109 1651 2226 1698 πως
2259 1635 2432 1689 ταῦτα
2475 1637 2744 1705 διασαφῶ.
2775 1636 2962 1700 Οὕτως
2989 1636 3051 1689 τὸ
3080 1634 3305 1704 Πνεῦμα
3342 1635 3407 1687 ὲκ
3452 1633 3544 1687 τοῦ
3578 1636 3694 1689 Πα-

2104 1728 2231 1798 τρός
2264 1745 2428 1800 φησιν
2465 1728 2801 1791 Ἀθανάσιος,
2832 1727 2925 1781 καὶ
2955 1726 3105 1797 παρά
3139 1726 3235 1779 τοῦ
3272 1725 3466 1794 Λόγου,
3496 1725 3592 1778 τοῦ
3630 1728 3693 1779 ἐκ

2106 1822 2340 1893 Πατρός,
2394 1821 2863 1892 ἐκπορευόμενον,
2912 1818 3102 1890 ὥσπερ
3142 1817 3240 1872 καὶ
3294 1817 3355 1882 ἐξ
3396 1817 3563 1871 αὑτοῦ
3595 1816 3692 1871 τοῦ

2106 1914 2379 1967 συναῖδίου
2444 1912 2679 1984 Πατρός,
2728 1910 2870 1965 καθὰ
2920 1912 3016 1964 καὶ
3062 1912 3091 1963 6
3139 1910 3266 1973 Υἱὸς
3316 1908 3487 1972 οὕτως
3550 1910 3693 1964 ἀπο·

2104 2006 2381 2059 στέλλεται
2435 2004 2595 2076 (ΞΟ),
2638 2005 2733 2058 καὶ
2803 2004 3004 2057 δίδοται
3074 2001 3225 2072 παρά
3273 2000 3368 2055 τοῦ
3428 1999 3691 2071 Πνεῦμα-

2101 2112 2192 2158 τος
2238 2098 2349 2159 τοῖς
2413 2097 2642 2157 πιστοῖς,
2690 2094 2765 2156 ὡς
2819 2092 2913 2145 καὶ
2963 2091 3024 2156 ἐξ
3080 2090 3244 2145 αὐτοῦ
3293 2090 3387 2144 τοῦ
3433 2091 3689 2162 Πατρός⁶

2101 2187 2195 2240 καὶ
2244 2187 2345 2257 τὴν
2408 2186 2717 2256 μαρτυρίαν
2768 2184 2861 2237 ἀπ’
2914 2182 3079 2237 αὑτοῦ
3142 2182 3386 2249 λάμϐανε
3433 2181 3526 2234 τοῦ
3590 2182 3695 2235 Λό-

2100 2294 2198 2346 γου
2273 2278 2367 2330 καὶ
2408 2276 2539 2329 Υἱοῦ
2561 2317 2575 2339 ,
2612 2295 2628 2326 ι
2655 2277 2882 2347 Πνεῦμα
2925 2278 3154 2349 Κυρίου,
3187 2297 3205 2328 ι
3256 2276 3525 2345 λέγοντος,
3556 2296 3577 2328 ι
3602 2277 3691 2331 ἐπ’

2098 2369 2219 2439 ἐμὲ,
2250 2364 2311 2423 οὗ
2357 2370 2561 2422 εἵνεκεν
2592 2368 2773 2439 ἐχρισέ
2805 2385 2892 2439 με.
2951 2367 3417 2437 Εὐαγγελίσασθαι
3448 2371 3692 2437 πτωχοῖς

2097 2460 2407 2513 ἀπεσταλκὲ
2428 2478 2514 2530 με.
2532 2480 2548 2511 ι
2580 2461 2722 2532 ’Λρα
2743 2461 2803 2513 τὸ
2827 2460 3051 2532 Πνεῦμα
3084 2459 3180 2513 καὶ
3208 2460 3389 2532 ἔχρισε
3416 2460 3507 2514 τὸν
3532 2459 3696 2524 Υἰὺν,

2097 2553 2191 2604 καὶ
2224 2551 2564 2604 ἀπέσταλκεν
2590 2567 2603 2581 ·
2654 2550 2791 2604 ἀλλὰ
2823 2553 2919 2604 καὶ
2943 2554 2972 2605 6
3006 2551 3198 2622 Πατὴρ
3227 2550 3288 2616 ἐξ
3323 2553 3528 2620 ἀμφοῖν
3554 2551 3689 2605 Υἱοῦ

2097 2642 2192 2693 καὶ
2216 2641 2355 2694 Πνεύ
2365 2659 2533 2711 ματος
2558 2641 2969 2697 ἀποστέλλεται.
3007 2642 3193 2706 Ὅπως
3225 2642 3282 2696 δὲ
3301 2641 3480 2707 τοῦτο,
3516 2641 3691 2696 αὑτοῦ

2096 2731 2190 2784 τοῦ
2233 2733 2444 2803 Πατρὺς
2478 2732 2620 2785 οῦτω
2652 2732 2741 2785 διὰ
2792 2714 3014 2786 Ἡσαΐου
3059 2732 3154 2785 τοῦ
3188 2734 3468 2803 προφήτου
3498 2732 3695 2802 λέγον-

2094 2837 2187 2885 τος
2221 2821 2452 2875 ἄκουσον
2473 2839 2486 2853 ο
2557 2822 2792 2876 ι”Ακουέ
2820 2841 2944 2894 μου,
2990 2821 3182 2878 Ἰακὼϐ
3215 2825 3306 2878 καὶ
3335 2824 3578 2895 Ἰσραὴλ,
3630 2824 3692 2878 ὃν

2097 2912 2207 2982 ἐγὼ
2234 2914 2385 2967 καλῶ
2401 2931 2414 2945 ’
2460 2914 2601 2983 Ἐγὼ
2628 2915 2761 2979 Θεὸς
2786 2916 3003 2987 πρῶτος
3021 2956 3036 2977 ,
3070 2915 3181 2985 ἐγὼ
3200 2917 3293 2969 καὶ
3321 2917 3460 2987 μετὰ
3477 2915 3659 2970 ταῦτα
3675 2931 3691 2947 ·

2096 3007 2192 3059 καὶ
2217 3007 2357 3076 πλὴν
2387 3007 2521 3077 ἐμοῦ
2557 3007 2677 3071 θεὸς
2702 3008 2801 3060 οὐκ
2817 3008 2982 3060 ἔστιν.
3006 3007 3149 3076 Ἐγὼ
3178 3006 3320 3080 χειρί
3355 3024 3455 3077 μου
3490 3008 3695 3079 ἐθεμε-

2098 3096 2269 3151 λίωσα
2312 3100 2411 3169 τὴν
2455 3098 2581 3166 γῆν,
2622 3099 2717 3151 καὶ
2760 3097 2823 3151 τὸ
2851 3098 3078 3169 Πνεῦμά
3119 3116 3219 3170 μου
3259 3100 3565 3171 ὲστερέωσε
3595 3098 3698 3152 τὸν

2097 3187 2346 3257 οὐρανόν.
2396 3186 2540 3255 Ἐγὼ
2582 3189 2715 3240 πᾶσι
2747 3191 2856 3251 τοῖς
2898 3189 3119 3261 ἄστροις
3146 3188 3521 3260 ἐνετειλάμην.
3578 3190 3697 3243 Καὶ

2096 3277 2192 3331 νῦν
2225 3278 2431 3351 Κύριος
2453 3279 2764 3333 ἀπέσταλκέ
2796 3298 2883 3350 με.
2914 3300 2933 3332 ι
2978 3281 3123 3352 Ἀρα
3143 3282 3171 3334 6
3199 3282 3390 3351 Πατήρ
3423 3281 3575 3333 ἐστιν
3606 3282 3701 3334 ὲν-

2098 3371 2272 3425 ταῦθα
2312 3373 2341 3425 ὁ
2367 3370 2542 3439 λέγων
2590 3372 2651 3426 τό
2679 3388 2693 3402 ⁸
2747 3391 2766 3422 ι
2809 3371 3144 3426 Ἀπέσταλκέ
3191 3390 3279 3443 με.
3307 3391 3327 3424 ι
3382 3372 3551 3443 Ὁρᾷς
3587 3373 3698 3446 τὴν

2099 3462 2373 3532 ἰσοτιμίαν
2400 3462 2507 3515 τῶν
2531 3463 2699 3534 τριῶν
2744 3462 3051 3534 προσώπων
3088 3463 3188 3535 τῆς
3222 3464 3540 3534 ὑπερτάτης
3570 3464 3701 3518 θεό-

2093 3570 2294 3623 τητος;
2351 3554 2480 3607 Ὅτε
2518 3554 2578 3607 τὸ
2610 3554 2837 3624 Πνεῦμα
2880 3555 2942 3608 τὸ
2986 3555 3141 3624 ἆγιον
3198 3555 3595 3609 ἀποστέλλεται
3635 3554 3702 3620 ἐξ

2094 3646 2317 3715 ἀμφοῖν,
2349 3645 2425 3709 ὡς
2447 3644 2729 3715 ὀμοούσιον
2753 3646 3138 3700 ἀποστέλλεται
3162 3646 3372 3717 Πατρὸς
3404 3646 3502 3699 καὶ
3527 3647 3699 3702 Υἱοῦ.

2095 3737 2223 3790 Ὅτε
2251 3737 2307 3789 δὲ
2333 3736 2505 3801 ὁΥίός
2539 3739 2604 3791 ὲκ
2630 3738 2723 3791 τοῦ
2748 3738 2984 3809 Πατρὸς,
3016 3737 3093 3802 ὡς
3131 3738 3417 3810 ὁμοούσιος
3454 3741 3558 3793 καὶ
3596 3740 3703 3793 τοῦ

2093 3829 2431 3900 Πνεύματος.
2485 3831 2616 3885 Ὅτε
2649 3831 2707 3884 δὲ
2749 3834 2778 3884 6
2812 3830 3001 3903 Πατὴρ
3039 3834 3105 3885 ἐκ
3154 3830 3249 3884 τοῦ
3284 3830 3417 3884 Υίοῦ
3451 3833 3554 3885 καὶ
3594 3832 3706 3886 τοῦ

2091 3923 2432 3993 Πνεῦματος,
2474 3924 2551 3989 ώς
2596 3925 2902 3995 ὁμοούσιος.
2972 3925 3158 3977 Εἰπὼν
3205 3925 3385 3978 τοίνυν
3425 3926 3455 3977 ὁ
3511 3925 3710 3996 μέγας

2103 4017 2439 4082 Ἀθανάσιος,
2475 4018 2536 4071 τὸ
2576 4018 3009 4089 ἐκπορευόμενον
3049 4017 3144 4071 τοῦ
3180 4017 3392 4089 Πατρός
3429 4018 3709 4090 Πνεῦμα,

2089 4107 2356 4178 ἐδήλωσεν
2388 4108 2510 4161 ὅθεν
2549 4109 2663 4180 ἔχει
2697 4109 2756 4162 τὸ
2780 4108 3007 4179 Πνεῦμα
3037 4110 3137 4181 τὴν
3169 4108 3400 4180 ὓπαρξιν
3424 4149 3439 4173 ,
3481 4113 3553 4164 ἐκ
3598 4113 3712 4182 μό-

2087 4215 2178 4250 νου
2208 4198 2451 4269 δηλονότι
2482 4199 2575 4253 τοῦ
2622 4201 2865 4271 Πατρός.
2898 4199 3082 4254 Εἰπὼν
3117 4202 3174 4254 δὲ
3208 4201 3369 4255 πάλιν
3415 4200 3571 4255 οὕτω
3642 4204 3717 4256 τὸ

2089 4289 2314 4360 Πνεῦμα
2348 4293 2413 4345 ὲκ
2444 4291 2539 4344 τοῦ
2580 4292 2825 4363 Πατρὸς,
2854 4292 2931 4356 ὡς
2966 4291 3116 4363 παρὰ
3148 4291 3242 4345 τοῦ
3274 4292 3450 4361 Λόγου
3486 4293 3597 4347 τοῦ
3640 4296 3715 4347 ὲκ

399 4385 455 4433 et
482 4395 589 4432 non
626 4378 791 4433 Deum
826 4399 839 4434 :
882 4381 1038 4450 quasi
1082 4380 1233 4435 hisce
1286 4381 1438 4433 illum
1466 4382 1651 4437 verbis
1691 4387 1983 4453 compella-

2106 4379 2342 4449 Πατρὸς,
2379 4382 2478 4451 τὴν
2515 4382 2785 4451 ἰσοτιμίαν
2833 4382 3069 4453 ἐδήλωσε
3122 4383 3335 4454 Πατρὸς
3388 4382 3487 4436 καὶ
3526 4384 3713 4451 Υἱοῦ,

400 4481 484 4525 ret
517 4489 531 4525 :
569 4469 613 4525 Ο
654 4471 978 4541 itrpiissitne
1030 4473 1124 4525 Ari
1149 4512 1163 4538 ,
1204 4476 1285 4528 sic
1327 4472 1564 4543 Spiritus
1601 4477 1695 4546 qui
1735 4493 1765 4530 a
1816 4477 1981 4533 Patre

400 4564 687 4632 procedit,
730 4578 760 4616 a
803 4562 940 4618 Filio
979 4581 1142 4635 quem
1198 4575 1254 4620 tu
1297 4567 1642 4639 blasphemas
1669 4608 1684 4633 ,
1732 4570 1982 4639 splendet

399 4655 1012 4725 daturqtte.lidelilitts,
1077 4659 1380 4713 secundum
1439 4660 1560 4728 ejus
1606 4663 1979 4730 operationem

399 4757 564 4817 atque
604 4748 809 4802 donum
833 4790 849 4815 ,
883 4750 1344 4819 quemadmodum
1382 4753 1451 4806 ab
1487 4752 1607 4822 ipso
1645 4755 1980 4824 sempiterno

404 4837 583 4893 Patre.
617 4840 772 4904 Quod
806 4849 987 4896 autem
1018 4842 1118 4895 hoc
1149 4842 1214 4896 ad
1246 4842 1393 4897 hunc
1422 4843 1641 4897 modum
1673 4860 1732 4900 se
1762 4845 1979 4913 habeat,

396 4930 769 4999 vide,qua3so.
811 4931 941 5000 quid
990 4931 1054 4984 ad
1110 4930 1464 5001 Serapionem
1523 4934 1730 4989 scribat
1766 4937 1982 5005 episco-

398 5039 522 5091 pum
578 5024 668 5077 ille
698 5022 888 5086 Pater,
921 5024 1012 5093 qui
1043 5024 1112 5078 ab
1142 5024 1558 5079 immortalitate
1588 5041 1787 5081 nomen
1819 5042 1979 5081 accc‘

396 5116 492 5185 pit.
554 5114 752 5169 Eadem
801 5116 947 5169 enim
985 5115 1247 5185 loquitur,
1286 5116 1463 5188 deque
1498 5118 1690 5173 iisdem
1722 5119 1967 5188 philoso-

396 5210 595 5276 phatur
624 5208 775 5262 hisce
807 5208 990 5262 verbis
1023 5225 1036 5261 :
1087 5207 1557 5274 Quemadmodum
1589 5210 1761 5266 Filius
1795 5214 1979 5280 proles

392 5307 479 5353 est
519 5300 802 5371 unigenita
833 5298 1013 5354 Patris
1035 5340 1049 5364 ,
1084 5303 1156 5354 ita
1184 5312 1239 5356 et
1265 5299 1503 5371 Spiritus
1531 5316 1562 5356 a
1601 5300 1740 5357 Filio
1789 5302 1975 5368 datus,

469 5474 513 5507 "
551 5472 656 5530 [sa.
697 5490 820 5545 LXI,
861 5477 926 5545 ις
955 5475 1089 5534 Luc.
1120 5494 1194 5545 tv,
1230 5480 1316 5535 18.
1398 5480 1442 5514 ¹⁶
1469 5482 1575 5538 lsa.
1606 5497 1800 5550 xum,
1829 5478 2016 5540 12-16.

477 5652 595 5722 (‘20.)
626 5654 722 5710 llic
754 5655 948 5714 desunt
983 5661 1265 5715 nonnulla.
1362 5734 1369 5739 .

2088 4472 2448 4542 καταισχύναι
2503 4474 2562 4525 ὲν
2605 4473 2781 4543 τούτῳ
2826 4474 2918 4527 τὸν
2964 4474 3271 4528 ἀθεώτατον
3328 4476 3562 4547 ’Ἄρειον
3589 4519 3607 4540 ,
3650 4479 3720 4541 ὃς

2088 4561 2294 4632 κτίσμα
2339 4561 2511 4631 ἔλεγε,
2553 4563 2648 4616 καὶ
2689 4564 2749 4617 οὐ
2807 4563 2939 4616 Θεὸν
2979 4565 3071 4619 τὸν
3105 4565 3233 4617 Υίόν
3257 4582 3269 4594 ·
3307 4566 3475 4619 οἱονεὶ
3508 4573 3718 4622 ταῦτα

2086 4652 2262 4721 λέγων
2311 4655 2448 4725 πρὸς
2496 4655 2689 4707 αὐτόν·
2737 4651 2808 4708 Ὦ
2852 4655 3129 4709 ἀθεώτατε
3174 4659 3380 4726 Ἀρειε,
3415 4658 3581 4715 οὕτω
3651 4665 3725 4717 τὸ

2086 4747 2519 4819 ἐκπορευόμενον
2558 4748 2782 4819 Πνεῦμα
2826 4747 2923 4800 τοῦ
2967 4748 3203 4820 Πατρὺς,
3253 4749 3406 4820 παρά
3449 4751 3562 4804 τοῦ
3602 4755 3723 4809 ὑπὸ

2091 4836 2186 4890 σοῦ
2254 4837 2746 4909 βλασφημουμένου
2801 4840 2932 4893 Υἰοῦ
2999 4839 3273 4909 ἐκλάμπει
3324 4842 3420 4894 καὶ
3481 4842 3725 4902 δίδοται

2086 4935 2202 4996 τοῖς
2237 4935 2445 4996 πιστοῖς
2481 4932 2623 4985 κατὰ
2662 4932 2761 5002 τὴν
2794 4931 2960 4986 αὐτοῦ
3002 4932 3284 5004 ἐνέργειαν
3317 4934 3411 4987 καὶ
3447 4934 3724 5009 δωρεὰν,

2088 5025 2278 5097 ὥσπερ
2312 5027 2406 5080 καὶ
2440 5024 2499 5090 ἐξ
2531 5026 2698 5078 αὐτοῦ
2731 5024 2825 5078 τοῦ
2861 5024 3136 5078 συναῖδίου
3164 5025 3400 5096 Πατρός.
3462 5027 3731 5088 ”Οτιοδὲ

2082 5118 2240 5172 τοῦτο
2271 5117 2511 5172 τοιοῦτον
2547 5118 2657 5187 ἔχει
2687 5117 2778 5170 τὸν
2810 5118 3032 5190 τρόπον,
3073 5119 3176 5188 δρα
3207 5117 3261 5168 τί
3295 5116 3506 5189 γράφει
3567 5126 3732 5195 πρὸς

2081 5210 2171 5264 τὸν
2235 5209 2533 5262 ἐπίσκοπον
2596 5208 2689 5261 τὸν
2741 5207 3063 5279 Σεραπίωνα
3093 5248 3107 5271 ,
3168 5208 3196 5259 ὁ
3230 5206 3330 5278 τῆς
3378 5207 3734 5278 ἀθανασίας

2087 5299 2397 5372 ἀξιώνυμος
2446 5294 2598 5363 οὗτος
2634 5300 2845 5372 Πατήρ.
2908 5299 2991 5354 Τά
3021 5296 3164 5353 αὐτὰ
3194 5297 3306 5371 γὰρ
3345 5296 3568 5368 λέγων,
3620 5308 3734 5358 καὶ
