3856 6206
191 281 301 338 829

1377 284 1607 343 SERMO
1643 286 1923 342 CONTRA
1955 285 2269 342 LATINOS.

3343 289 3448 347 850

194 394 505 466 φιλοσοφῶν
556 395 685 466 περὶ⁸
731 394 838 450 τῶν
884 395 1084 460 αὐτῶν,
1133 395 1274 451 οὕτω
1308 399 1529 451 κάκεῖσέ
1575 416 1759 471 φησιν

1881 406 2044 469 atque
2072 399 2311 461 missus,
2347 398 2462 469 ipse
2498 414 2717 470 quoque
2754 416 2897 456 unus
2933 408 3018 457 est
3044 408 3097 456 et
3133 417 3242 457 non
3270 405 3452 470 multi,

197 488 410 558 Ὠσπερ
440 486 685 557 γέννημα
711 487 996 558 μονογενὲς
1027 490 1172 541 ἐστιν
1205 490 1233 541 6
1261 488 1390 551 Υἱὸς
1417 489 1512 541 τοῦ
1541 490 1771 560 Πατρὸς,

192 578 338 633 οὕτω
389 579 483 631 καὶ
507 579 592 649 1:6
638 577 863 649 Πνεῦμα
897 578 1049 650 παρὰ
1079 578 1174 632 τοῦ
1209 579 1340 632 Υἱοῦ
1375 579 1646 648 διδόμενον
1679 582 1775 634 καὶ

192 670 570 742 πεμπόμενον,
619 673 712 724 καὶ
756 672 887 725 αὐτὸ
932 672 989 724 ἓν
1018 672 1113 725 καὶ
1180 673 1239 725 οὐ
1295 672 1483 737 πολλὰ,
1543 674 1649 725 οὐδ’
1709 675 1774 725 ἐκ

194 764 407 817 πολλῶν
442 764 521 824 ἓν.
571 764 707 818 ἀλλά
753 765 911 835 μόνον
960 764 1091 818 αὐτὸ
1144 764 1387 836 Πνεῦμα.
1474 765 1625 829 Ἑνὸς
1664 765 1772 836 γὰρ

193 856 348 917 ὖντος
396 853 492 906 τοῦ
516 853 644 906 Υἰοῦ
679 853 772 907 τοῦ
820 853 1020 917 ζῶντος
1046 853 1243 919 Λόγου,
1305 852 1430 924 μίαν
1496 849 1635 906 εἶναι
1691 854 1772 905 δεῖ

189 946 404 999 τελείαν
442 947 536 999 καὶ
566 945 748 1015 πλήρη
794 946 893 1014 τὴν
932 944 1256 1014 ἁγιαστικὴν
1301 944 1393 996 κα)⁸
1438 944 1770 1015 φωτιστικὴν

190 1037 360 1108 ζωὴν,
417 1034 581 1090 οὖσαν
608 1038 891 1109 ἐνέργειαν
937 1038 1029 1090 καὶ
1069 1035 1276 1107 δωρεὰν
1316 1036 1501 1097 αὐτοῦ,
1543 1037 1665 1105 ἥτις
1704 1053 1768 1104 γε

186 1131 254 1182 ὲκ
298 1129 514 1199 Πατρὸς
540 1129 754 1198 λέγεται
799 1126 1214 1199 ἐκπορεύεσθαι,
1258 1127 1443 1197 ἐπειδὴ
1478 1126 1627 1199 παρᾶ
1675 1127 1767 1179 τοῦ

186 1223 368 1289 Λόγου
397 1223 493 1274 τοῦ
536 1225 601 1276 ἐκ
636 1222 851 1292 Πςιτρὸς
880 1221 1310 1291 ὁμολογουμένου
1355 1219 1624 1291 ἐκλάμπει
1676 1220 1768 1273 καὶ

188 1315 581 1368 ἀποστέλλεται
621 1314 717 1368 καὶ
761 1313 980 1367 δίδοται.
1026 1315 1237 1382 Ὥσπερ
1267 1312 1512 1383 γέννημα
1546 1329 1768 1381 μονογε-

186 1405 301 1467 νὲς,
332 1405 518 1474 φησιν,
549 1407 577 1457 ὁ
607 1405 734 1467 Υἱὸς
758 1402 850 1456 τοῦ
887 1404 1118 1475 Πατρός,
1159 1403 1301 1456 οὕτω
1343 1405 1435 1457 καὶ
1476 1402 1768 1475 πρόϐλημα

184 1494 283 1546 τοῦ
335 1492 502 1546 αὐτοῦ
557 1493 769 1564 Πατρὸς
817 1492 875 1546 ἒν
925 1493 986 1546 τὸ
1032 1493 1254 1562 Πνεῦμα
1309 1493 1404 1546 καὶ
1459 1493 1520 1545 οὐ
1575 1492 1763 1555 πολλὰ,

182 1585 310 1638 οὐδ’
338 1587 404 1637 ὲκ
428 1585 636 1637 πολλῶν
666 1585 911 1656 δηλονότι
928 1584 1024 1654 τὴν
1052 1584 1282 1655 ὓπαρξιν
1311 1584 1560 1654 ἐσχηκός.
1628 1584 1764 1637 Ἀλλ’

181 1674 262 1738 ὡς
309 1675 470 1745 μόνον
527 1675 657 1727 αὐτὸ
698 1675 922 1745 Πνεῦμα
962 1675 1056 1728 καὶ
1096 1676 1407 1745 πρόϐλημα,
1447 1673 1619 1738 οὕτως
1670 1674 1766 1727 καὶ

182 1771 252 1821 ἐκ
301 1769 464 1838 μόνου
504 1768 662 1821 τοῦτο
698 1769 792 1821 καί
826 1769 884 1834 ἐξ
912 1768 1029 1832 ἑνὸς
1056 1767 1147 1821 τοῦ
1190 1768 1420 1838 Πατρός.
1484 1768 1634 1831 Ἐνὸς
1656 1770 1765 1838 γὰρ

179 1863 338 1928 ὄντος
381 1859 475 1917 τοῦ
519 1863 649 1916 Υἱοῦ
690 1864 784 1916 τοῦ
833 1863 1032 1928 ζῶντος
1069 1864 1264 1931 Λόγου,
1306 1863 1380 1925 ὡς
1422 1862 1481 1926 ἐξ
1527 1863 1643 1925 ἑνὸς
1672 1860 1763 1915 τοῦ

178 1954 422 2026 Ιῖατρὸς,
455 1956 550 2009 καὶ
590 1957 716 2025 μίαν
762 1952 900 2009 εἶναι
946 1956 1028 2008 δεῖ
1069 1956 1283 2009 τελείαν
1321 1955 1415 2008 καὶ
1454 1954 1634 2025 πλήρη
1667 1954 1764 2025 τὴν

177 2044 506 2114 ἁγιαστικὴν
538 2044 633 2097 καὶ
675 2044 1009 2112 φωτιστικὴν
1041 2042 1206 2113 ζωὴν,
1254 2043 1373 2112 ἥτις
1401 2037 1467 2111 ἦν
1496 2042 1555 2093 τὸ
1588 2040 1762 2093 Πνεῦ-

179 2153 259 2205 μα
299 2135 358 2187 τὸ
404 2135 579 2203 ἅγιον,
616 2135 677 2188 τὸ
708 2134 804 2203 τὴν
838 2134 973 2187 ἰδίαν
1011 2131 1202 2187 ἑαυτοῦ
1244 2131 1454 2203 δωρεὰν
1483 2130 1760 2204 ἐνεργοῦν,

175 2228 275 2279 καὶ
318 2225 564 2296 διαιροῦν
614 2226 718 2296 ἰδίᾳ
760 2226 995 2295 ἑκάστῳ,
1045 2212 1228 2287 καθὼς
1279 2223 1545 2293 βούλεται.
1602 2223 1763 2286 ’Ἡτις

174 2335 240 2387 γε
271 2317 452 2388 δωρεὰ
486 2317 574 2370 διὰ
604 2317 764 2370 τοῦτο
795 2320 858 2370 ὲκ
885 2317 978 2369 τοῦ
1014 2316 1230 2387 Πατρὸς
1255 2315 1471 2384 λέγεται
1499 2315 1763 2384 ἐκπορεύ-

172 2409 357 2470 εσθαι,
396 2408 671 2462 τουτέστιν
697 2408 973 2479 ἐκκεῖσθαι
1013 2408 1104 2460 καὶ
1136 2406 1583 2467 ἀποστέλλεσθαι,
1614 2409 1762 2459 ἐπει-

170 2498 238 2570 δὴ
282 2498 439 2569 παρὰ
479 2497 574 2551 τοῦ
619 2498 790 2567 Λόγου
834 2499 927 2551 τοῦ
974 2500 1036 2550 ἐκ
1076 2498 1288 2569 Πατρὸς
1330 2497 1757 2568 ὁμολογουμένου

171 2588 454 2659 ἐκλάμπει
496 2589 591 2641 καὶ
634 2587 1020 2641 ἀποστέλλεται
1054 2588 1146 2641 καὶ
1183 2587 1403 2639 δίδοται.
1461 2586 1759 2657 Φιλοσοφή-

173 2695 276 2741 σας
318 2679 536 2749 πρῶτον
572 2680 601 2730 ὁ
633 2679 785 2747 ἅγιος
814 2680 943 2750 περὶ
975 2680 1073 2749 τῆς
1110 2677 1437 2748 προαιωνίου
1467 2677 1559 2730 τοῦ
1589 2676 1759 2730 Πνεῦ-

172 2785 352 2839 ματος
396 2767 771 2839 ὲκπορεύσεως
794 2766 1069 2838 ἀμυδρῶς,
1109 2767 1267 2835 μόνον
1312 2765 1442 2818 αὐτὸ
1471 2765 1758 2830 ἀποδείξας

169 2860 498 2930 «primumut,
560 2858 635 2922 ὡς
686 2857 743 2924 ἐξ
780 2857 897 2920 ἑνὸς
938 2856 1030 2909 τοῦ
1080 2855 1389 2929 προϐολέως
1422 2871 1481 2906 τε
1513 2855 1607 2906 καὶ
1643 2855 1757 2906 Πα-

166 2950 323 3020 τρδς,
379 2948 467 3002 διὰ
519 2948 626 3000 τῶν
678 2948 803 3019 ἑξῆς
837 2949 970 3018 ἡμῖν
1006 2946 1356 3000 ἀποδείκνυσι
1395 2944 1537 3015 μάλα
1570 2943 1757 3013 σαφῶς

169 3041 272 3092 καὶ
314 3040 415 3110 τὴν
452 3038 556 3092 ὑπὸ
594 3039 785 3110 χρόνον
819 3038 1106 3109 πρόχυσιν,
1149 3036 1225 3100 ὡς
1258 3037 1317 3100 ἐξ
1347 3037 1548 3106 ἀμφοῖν
1583 3036 1757 3108 ὑπάρ-

166 3148 378 3201 χουσαν
411 3131 624 3199 Πατρὸς
651 3131 743 3182 καλ⁴
784 3129 938 3182 Υἱοῦ.
972 3130 1146 3199 Ὅπερ
1180 3127 1236 3181 δὲ
1269 3126 1490 3180 δύναται
1525 3128 1642 3180 ἐκεῖ
1670 3127 1750 3189 τὸ,

168 3221 335 3273 Οὕτω
370 3221 430 3273 τὸ
467 3221 687 3289 Πνεῦμα
720 3222 783 3272 ὲκ
817 3218 909 3272 τοῦ
963 3219 1195 3287 Πατρδς,
1231 3218 1306 3282 ὡς
1341 3218 1492 3289 παρὰ
1520 3216 1612 3270 τοῦ
1653 3217 1754 3269 Λό-

167 3331 275 3382 γου
315 3312 412 3365 τοῦ
463 3315 526 3365 ἐκ
564 3313 805 3383 Πατρὸς.
846 3311 1018 3374 οὕτως
1062 3308 1294 3363 ἐνταῦθα
1327 3310 1421 3362 καὶ
1454 3309 1544 3361 τό·
1593 3309 1753 3371 "Hm;

1876 504 2053 557 neque
2093 504 2162 543 ex
2217 488 2408 543 multis
2452 504 2635 553 unus,
2679 488 2774 544 sed
2826 490 2943 559 ipse
2988 489 3139 545 solus
3191 489 3450 559 Spiritus.

1877 579 2031 635 Unus
2083 579 2226 634 enim
2278 594 2401 633 cum
2452 579 2524 634 sit
2567 578 2737 635 Filius
2769 578 3005 635 Verbum
3046 583 3256 643 vivens.
3285 598 3452 638 unam

1874 684 1996 723 esse
2023 676 2240 738 oportet
2291 669 2584 738 perfectam
2620 671 2983 739 plenamque,
3018 672 3451 727 sanctificantem

1875 771 2038 833 atque
2090 763 2488 817 illuminantem
2542 762 2730 823 vitam,
2774 779 2894 832 qua:
2941 766 3012 819 sit
3040 765 3158 832 ejus
3204 767 3451 834 operatio

1874 863 2035 922 alque
2091 854 2325 920 donum,
2374 868 2496 923 qua:
2542 853 2745 909 dicitur
2797 871 2861 909 cx
2909 854 3071 909 Patre
3112 857 3446 926 procedere;

1873 947 2314 1016 quandoquidem
2361 961 2426 999 ex
2459 944 2674 1008 Verbo,
2716 948 2861 1016 quod
2917 963 2983 1000 ex
3016 946 3175 1002 Patre
3218 962 3339 1002 esse
3392 949 3449 1002 in

1871 1038 2131 1092 confesso
2161 1045 2265 1100 cst,
2296 1038 2567 1107 splendet,
2608 1038 2839 1091 mittitur
2890 1049 3050 1108 atque
3081 1039 3263 1095 datur.
3296 1040 3452 1095 Sicut

1869 1131 2050 1200 proles
2090 1131 2372 1199 unigenita
2399 1141 2502 1194 est,
2546 1131 2646 1192 ait,
2682 1129 2861 1185 Patris
2888 1131 3093 1195 Filius,
3128 1133 3202 1186 ita
3228 1139 3283 1186 et
3320 1147 3449 1202 pro-

1869 1223 2053 1277 ductio
2077 1222 2322 1291 ejusdem
2349 1221 2528 1278 Patris
2557 1230 2640 1277 est
2667 1238 2809 1277 unus
2841 1221 3079 1291 Spiritus
3104 1232 3158 1278 et
3185 1240 3292 1277 non
3316 1225 3450 1280 mul-

1868 1314 1931 1376 ti,
1973 1329 2075 1367 nec
2113 1329 2181 1367 ex
2209 1313 2415 1371 multis.
2453 1321 2512 1367 ut
2545 1314 2764 1382 planum
2802 1320 2909 1372 est.
2946 1313 3108 1369 habet
3136 1316 3446 1371 subsisten-

1866 1402 2018 1455 tiam.
2053 1401 2158 1457 Sed
2192 1404 2335 1457 sicut
2363 1419 2510 1458 unus
2536 1412 2621 1458 est
2656 1403 2773 1473 ipse
2810 1401 3068 1473 Spiritus,
3103 1422 3273 1460 unum
3319 1422 3447 1476 pro—

1868 1493 2114 1557 ductum,
2140 1493 2212 1545 ita
2238 1501 2291 1546 et
2320 1508 2386 1547 ex
2427 1494 2544 1548 solo
2574 1502 2629 1548 et
2658 1511 2767 1549 uno
2795 1503 2880 1551 est
2907 1495 3086 1551 Patre.
3123 1496 3259 1552 Cum
3302 1514 3446 1554 unus

1868 1599 2106 1652 namque
2145 1584 2216 1637 sit
2255 1582 2428 1638 Filius
2468 1584 2656 1639 vivens
2700 1584 2961 1649 Verbum,
3013 1594 3201 1656 utpote
3229 1604 3296 1641 ex
3337 1603 3447 1643 uno

1867 1671 2063 1740 Patre;
2101 1689 2263 1727 unam
2295 1690 2513 1744 quoque
2533 1684 2748 1744 oportet
2777 1692 2899 1730 esse
2934 1675 3230 1746 perfectam
3259 1684 3313 1731 et
3339 1677 3448 1747 ple-

1868 1768 2028 1827 nam’,
2071 1764 2502 1819 sanctiﬁcantem
2550 1773 2605 1820 et
2650 1767 3043 1821 illuminantem
3086 1769 3287 1832 vitam,
3324 1783 3446 1838 quae

1865 1862 1952 1910 est
1984 1855 2223 1924 Spiritus
2254 1864 2500 1919 sanctus,
2531 1858 2624 1926 qui
2672 1857 2874 1911 donum
2924 1858 3040 1928 ipse
3069 1874 3228 1913 suum
3258 1874 3446 1928 opera-

1866 1955 1992 2011 tur,
2026 1957 2080 2002 et
2126 1948 2319 2001 dividit
2356 1950 2572 2019 praprie
2624 1949 2856 2020 singulis
2897 1952 3239 2020 prout.vult.
3285 1951 3444 2017 Quod

1864 2037 2067 2091 donum
2118 2039 2242 2092 ideo
2275 2054 2340 2092 ex
2380 2039 2541 2094 Patre
2580 2039 2784 2094 dicitur
2813 2042 3141 2110 procedere,
3184 2042 3289 2096 hoc
3335 2052 3443 2110 est,

1863 2129 2068 2184 eﬂuudi
2109 2139 2273 2200 atque
2306 2131 2446 2184 mitti
2474 2170 2489 2194 ,
2541 2132 2668 2200 quia
2709 2149 2740 2185 a
2769 2132 2968 2197 Verbo,
3016 2133 3159 2202 quod
3185 2149 3248 2188 ex
3280 2133 3445 2190 Patre

1862 2236 1985 2276 esse
2033 2223 2088 2275 in
2124 2221 2378 2277 confesso
2424 2230 2530 2285 est,
2585 2223 2855 2293 splendet,
2885 2226 3121 2279 mittitur
3160 2233 3215 2281 et
3257 2226 3441 2283 datur.

1862 2311 2000 2367 Cum
2039 2315 2194 2383 prius
2227 2322 2452 2369 sanctus
2485 2316 2575 2370 ille
2605 2317 2964 2373 ratiocinatus
2988 2319 3332 2375 subobscure
3361 2336 3445 2376 es-

1865 2415 1949 2460 set
1994 2405 2062 2460 de
2100 2409 2450 2475 processione
2496 2406 2734 2476 Spiritus
2784 2424 2905 2478 quae
2945 2418 3029 2465 est
3062 2418 3185 2466 ante
3218 2413 3440 2477 saecula,

1862 2496 2147 2565 solumque
2178 2498 2353 2565 ipsum
2391 2498 2686 2553 ostendens
2714 2514 2835 2554 esse
2881 2500 3204 2569 productum
3230 2541 3245 2567 ,
3284 2504 3441 2571 quasi

1860 2600 1925 2638 ex
1958 2601 2073 2639 uno
2117 2588 2463 2656 productore,
2519 2600 2684 2658 atque
2713 2588 2918 2654 Patre;
2963 2590 3017 2643 in
3055 2592 3442 2661 subsequenti—

1859 2677 1961 2731 bus
1989 2678 2146 2732 uobis
2180 2678 2388 2748 liquido
2419 2680 2662 2734 declarat
2692 2697 2810 2735 eam
2843 2698 2965 2751 quae
3005 2682 3058 2737 in
3086 2691 3331 2754 tempore
3355 2691 3444 2741 est

1858 2766 2234 2835 profusionem
2260 2809 2274 2831 ,
2327 2771 2483 2839 quasi
2525 2787 2588 2824 ex
2639 2771 2875 2833 duobus,
2909 2771 3070 2829 Patre
3119 2776 3328 2829 scilicet
3357 2783 3441 2829 at-

1861 2874 1968 2927 que
2008 2859 2148 2913 Filio
2174 2901 2187 2923 ,
2223 2863 2618 2928 cxsislentcm;
2666 2863 2814 2932 quod
2846 2865 3045 2919 ibidem
3091 2866 3440 2935 signiﬁcatur

1860 2946 1964 3000 hoc
1996 2949 2143 3002 dicto
2176 2968 2189 3003 :
2225 2947 2315 3003 Sic
2355 2948 2594 3018 Spiritus
2643 2967 2709 3005 ex
2744 2950 2903 3007 Patre
2925 2993 2941 3017 ,
2979 2955 3437 3022 quemadmodum

1860 3053 1890 3091 a
1923 3038 2101 3094 Verbo
2152 3041 2295 3110 quod
2328 3050 2413 3095 est
2450 3057 2514 3096 ex
2559 3041 2738 3097 Patre.
2777 3043 2855 3096 Ita
2898 3059 3118 3113 quoque
3168 3045 3272 3099 hoc
3319 3048 3441 3101 loco

1861 3129 1994 3182 illud
2029 3149 2041 3184 :
2071 3130 2202 3195 Quae
2224 3147 2289 3184 ex
2323 3131 2483 3186 Patre
2511 3132 2714 3186 dicitur
2742 3136 3055 3203 procedere,
3089 3138 3439 3208 quandoqui-

1859 3218 1979 3273 dem
2011 3218 2053 3273 a’
2073 3219 2279 3285 Verbo,
2316 3223 2462 3292 quod
2509 3239 2575 3277 ex
2606 3222 2768 3279 Patre
2799 3239 2922 3281 esse
2958 3227 3013 3281 in
3046 3228 3301 3284 confesso
3333 3240 3439 3296 est,

1858 3312 2123 3379 splendet,
2154 3315 2387 3368 mittitur
2414 3323 2467 3370 et
2493 3315 2673 3369 datur.

167 3424 233 3474 γε
272 3408 337 3459 ἐκ
371 3405 467 3458 τοῦ
503 3404 713 3475 Πατρὸς
741 3405 956 3472 λέγεται
986 3402 1398 3475 ἐκπορεύεσθαι,
1436 3401 1622 3473 ἐπειδὴ
1647 3400 1796 3472 παρὰ
1826 3403 1919 3456 τοῦ
1976 3405 2151 3473 Λόγου
2186 3406 2281 3458 τοῦ
2313 3408 2377 3460 ἐκ
2441 3408 2653 3478 Πατρὸς
2698 3408 3129 3481 ὁμολογουμένου
3170 3411 3442 3483 ἐκλάμπει

167 3498 270 3551 καί
304 3496 695 3551 ἀποστέλλεται
725 3497 819 3549 καὶ
849 3496 1071 3550 δίδοται.

271 3614 328 3667 5.
386 3614 524 3665 Κατ’
582 3613 745 3667 αὐτὸν
803 3613 860 3666 δὲ
919 3614 1011 3666 τὸν
1072 3613 1278 3685 τρόπον
1332 3613 1429 3668 καὶ
1475 3615 1503 3666 ὁ
1535 3611 1758 3683 Νύσσης

166 3705 481 3777 Γρηγόριος
532 3704 591 3758 τὸ
638 3704 862 3776 Πνεῦμα
911 3705 999 3758 διὰ
1054 3705 1149 3758 τοῦ
1205 3704 1486 3777 προσεχῶς
1542 3707 1606 3758 ὲκ
1663 3703 1756 3758 τοῦ

165 3794 397 3867 πρώτου
434 3795 605 3864 φησί’
640 3794 777 3865 μετά
807 3794 903 3847 τοῦ
929 3793 1059 3848 Υἱοῦ
1109 3795 1348 3866 δηλονότι
1398 3793 1754 3864 συνημμένως

166 3890 267 3939 καὶ
315 3886 457 3954 ἅμα,
513 3885 603 3938 καὶ
657 3886 715 3937 οὐ
773 3883 912 3955 μετά
951 3884 1041 3937 τὸν
1083 3883 1211 3936 Υἱὺν
1266 3884 1564 3955 ὑστερίζων
1613 3883 1756 3937 κατά

166 3978 268 4047 τὴν
341 3975 599 4048 ὓπαρξιν.
672 3974 857 4030 Εἰπὼν
919 3975 976 4028 δὲ
1036 3975 1128 4028 τὸν
1186 3975 1313 4028 Υἱδν
1360 3973 1642 4047 προσεχῶς
1688 3976 1752 4028 ἐκ

166 4070 263 4121 τοῦ
327 4068 572 4139 πρώτου,
636 4067 711 4139 μὴ
761 4067 946 4137 νόμιζε
1022 4068 1097 4138 μὴ
1147 4069 1242 4121 καὶ
1290 4067 1452 4131 αὐτὸς
1497 4063 1636 4120 εἶναι
1692 4067 1753 4120 τὸ

168 4158 408 4229 Πνεῦμα
465 4159 746 4231 προσεχῶς
800 4162 863 4212 ὲκ
929 4158 1020 4212 τοῦ
1080 4158 1318 4231 πρώτου.
1383 4159 1595 4229 Ὥσπερ
1646 4158 1754 4229 γὰρ

166 4251 197 4300 ὁ
238 4248 378 4310 Υἱὸς
445 4247 728 4317 προσεχῶς
787 4249 883 4300 καὶ
946 4248 1172 4316 ἔγγιστα
1224 4251 1289 4301 ἐκ
1340 4249 1432 4301 τοῦ
1496 4248 1754 4320 πρώτου,

164 4338 424 4391 τουτέστι
479 4338 572 4391 τοῦ
624 4339 856 4410 Πατρὸς,
906 4338 1047 4392 οὕτω
1096 4340 1188 4394 καὶ
1233 4338 1293 4392 τὸ
1333 4339 1558 4409 Πνεῦμα
1586 4356 1755 4411 προσ-

1931 3609 1985 3664 5.
2022 3608 2223 3664 Eodem
2255 3625 2473 3680 quoque
2524 3610 2687 3664 modo
2713 3609 3007 3680 Gregorius
3039 3610 3318 3683 Nyssenus
3367 3614 3443 3670 ait

1862 3699 2123 3771 Spiritum
2160 3715 2257 3769 per
2282 3717 2405 3754 eum
2448 3716 2570 3755 esse
2593 3702 2685 3772 qui
2712 3711 2795 3755 est
2832 3704 3180 3771 peculiariter
3217 3719 3283 3759 ex
3328 3707 3443 3775 pri-

1858 3808 1991 3853 mo;
2055 3807 2178 3846 cum
2215 3790 2354 3844 Filio
2403 3793 2613 3846 scilicet
2659 3795 2995 3861 conjunctim
3043 3803 3206 3864 atque
3252 3796 3437 3861 simul,

1857 3897 2034 3951 neque
2077 3888 2200 3951 post
2242 3879 2434 3934 Filium
2486 3883 2786 3936 secundum
2831 3886 3262 3942 subsistentiam.
3304 3889 3439 3942 Cum

1859 3975 1935 4026 ait
1985 3980 2164 4026 autem
2199 3971 2395 4025 Filium
2440 3974 2790 4041 peculiariter
2835 3991 2898 4029 ex
2938 3977 3135 4043 primo,
3180 3994 3248 4032 ne
3295 3980 3442 4033 arbi-

1858 4069 2008 4116 trere
2048 4061 2225 4130 ipsum
2258 4061 2521 4131 Spiritum
2553 4077 2659 4114 non
2700 4077 2821 4116 esse
2855 4065 3201 4132 peculiariter
3241 4081 3303 4119 ex
3332 4067 3442 4136 pri-

1862 4166 1970 4205 mo.
2030 4150 2500 4217 Quemadmodum
2551 4152 2697 4205 enim
2748 4151 2922 4207 Filius
2976 4156 3326 4224 peculiariter
3387 4164 3443 4212 ct

1860 4242 2107 4311 proxime
2138 4256 2199 4295 ex
2238 4241 2415 4311 primo
2442 4249 2547 4303 est,
2584 4241 2635 4294 id
2664 4253 2769 4306 est,
2800 4260 2863 4298 ex
2886 4242 3048 4298 Patre
3076 4261 3091 4311 ;
3125 4245 3196 4297 ita
3225 4253 3278 4299 et
3313 4243 3441 4314 Spi-

1860 4335 2000 4388 ritus
2041 4334 2388 4403 peculiariter
2441 4342 2525 4388 est
2574 4349 2636 4387 ex
2695 4337 2905 4405 primo,
2967 4337 3265 4390 secundum
3320 4353 3441 4392 eam

174 4430 323 4502 εχῶς
374 4432 437 4483 ἐκ
462 4431 556 4483 τοῦ
605 4431 844 4502 πρώτου,
896 4432 1036 4485 κατΞι
1059 4431 1158 4503 τὴν
1220 4429 1547 4504 προαιὼνιον
1579 4431 1758 4503 ῦπαρ-

1865 4427 1986 4493 (ῇιιιε
2024 4435 2148 4477 ante
2183 4425 2380 4478 smcula
2410 4431 2494 4477 est
2530 4425 2959 4479 subsistentiam.
3026 4424 3239 4480 Primus
3280 4440 3443 4493 porro

166 4522 274 4588 ξιν.
364 4522 589 4593 Πρῶτος
642 4524 698 4576 δὲ
747 4526 776 4577 ὁ
826 4523 1014 4595 Πατὴρ
1071 4525 1131 4576 οὐ
1184 4523 1326 4577 κατὰ
1376 4525 1584 4594 χρόνον,
1634 4522 1754 4575 οὐδὲ

166 4618 315 4670 κατὰ
379 4617 554 4683 τάξιν,
626 4616 700 4688 μὴ
772 4617 1012 4684 γένοιτοῐ
1076 4614 1209 4668 ἀλλά
1254 4614 1388 4669 καθὸ
1442 4616 1615 4677 αἴτιος
1656 4614 1751 4666 τοῦ

163 4707 302 4761 Υἱοῦ
357 4710 451 4761 καὶ
505 4707 601 4761 τοῦ
650 4707 989 4779 Πνεύμιτος,
1043 4706 1231 4779 ὥσπερ
1282 4707 1378 4760 καὶ
1430 4706 1627 4777 μείζων
1662 4706 1755 4758 καὶ

163 4800 431 4869 ἄναρχος,
480 4797 555 4860 ὡς
586 4798 847 4860 ἀναίτιος,
906 4797 981 4862 ὡς
1020 4796 1145 4867 ῥίζα
1190 4796 1298 4849 τῶν
1345 4795 1405 4861 ἐξ
1453 4795 1615 4848 αὐτοῦ
1661 4795 1755 4848 καὶ

164 4891 350 4958 ’τε-τῆ.
404 4889 615 4956 ’Ὠσπερ
660 4888 769 4959 γὰρ
819 4883 972 4951 οὗτος
1025 4888 1182 4958 μόνος
1230 4887 1463 4958 ἄναρχος
1517 4887 1655 4958 πρὸς
1695 4887 1756 4938 τὸ

163 4976 403 5046 Πνεῦμα
456 4976 551 5029 καὶ
604 4976 692 5030 τὸν
718 4976 869 5041 Υἰὸν,
914 4976 1057 5029 οὕτω
1101 4976 1195 5030 καὶ
1254 4978 1456 5029 τούτων
1519 4977 1547 5028 ὁ
1594 4976 1755 5040 αὐτὸς

166 5068 337 5136 μόίος
396 5067 568 5131 αἴτιος
602 5081 615 5093 ·
670 5068 729 5121 τὸ
778 5067 834 5119 δὲ
897 5067 1122 5138 Πνεῦμα
1182 5068 1318 5139 πρὸς
1370 5068 1461 5120 τὸν
1513 5068 1753 5138 Πατέρα,

162 5161 268 5213 οὐκ
311 5158 569 5228 ἄναρχον,
625 5157 733 5209 οὐδ’
785 5156 1045 5219 ἀναίτιον,
1097 5156 1286 5228 ὥσπερ
1339 5158 1403 5228 δὴ
1448 5159 1541 5211 καὶ
1594 5158 1756 5220 αὐτὸς

161 5253 191 5301 ὁ
226 5250 363 5311 Υἱὸς
418 5249 559 5301 κατὰ
608 5247 708 5318 τὴν
758 5250 815 5301 ὲν
860 5249 1036 5319 χρόνῳ
1077 5249 1273 5319 ἀρχήν.
1345 5249 1422 5300 Οὐ
1482 5249 1640 5318 μόνον
1691 5248 1754 5301 τὸ

162 5339 423 5408 Πνεῦμα.
483 5337 619 5390 ἀλλά
673 5340 768 5391 καὶ
816 5340 845 5391 ὁ
895 5339 1024 5400 Υἱὸς
1078 5337 1312 5410 ἄναρχος
1361 5337 1549 5409 ὥσπερ
1601 5338 1696 5392 καλ⁴
1727 5340 1756 5392 ὁ

163 5430 399 5499 Πατήρ.
452 5427 677 5497 Πρῶτος
737 5427 909 5491 αἴτιος
965 5429 1061 5481 καὶ
1117 5429 1275 5498 μόνος
1324 5431 1353 5483 ὁ
1400 5429 1589 5501 Πατὴρ
1659 5429 1753 5482 τοῦ

164 5518 307 5569 Υἰοῦ
370 5517 466 5569 καί
515 5515 610 5570 τοῦ
685 5516 1022 5587 Πνεύματος.
1098 5520 1258 5573 ’Λλλά
1323 5521 1398 5591 μὴ
1445 5521 1597 5590 ζήτει
1659 5521 1756 5573 καὶ

164 5608 428 5679 δεύτερον
487 5610 515 5661 ὁ
557 5607 857 5678 ὁρθόδοξος,
918 5610 1054 5679 μηδέ
1111 5628 1174 5679 γε
1230 5612 1454 5682 τρίτον·
1513 5613 1601 5666 ἵνα
1655 5613 1751 5683 μὴ,

166 5698 270 5770 τὴν
306 5697 479 5767 αὐτὴν
517 5698 608 5749 καὶ
642 5696 769 5765 μίαν
794 5697 979 5751 οὐσίαν
1003 5701 1356 5771 κατατέμνων
1384 5702 1749 5772 κακοσχόλως,

1863 4512 2023 4567 Pater
2071 4521 2175 4577 est,
2229 4528 2336 4565 non
2385 4519 2649 4582 tempore,
2700 4530 2798 4567 nec
2829 4515 2987 4584 302
3026 4515 3236 4579 ordine,
3265 4517 3436 4570 absit!

1859 4604 1952 4657 ‘scd
1986 4604 2039 4656 in
2072 4611 2335 4672 quantum
2374 4618 2540 4658 causa
2573 4611 2658 4658 est
2692 4604 2810 4657 Filii
2844 4614 2897 4658 ct
2931 4606 3166 4675 Spiritus
3190 4647 3205 4671 ,
3249 4622 3440 4676 quem-

1858 4694 2147 4747 admodum
2204 4705 2257 4749 et
2297 4696 2471 4763 major
2517 4704 2573 4749 et
2639 4696 2846 4765 absque
2894 4696 3184 4766 principio,
3220 4707 3278 4752 ut
3324 4703 3441 4753 sine

1856 4800 2021 4838 causa
2055 4786 2184 4848 ulla,
2221 4787 2373 4840 radix
2407 4796 2459 4840 et
2507 4784 2631 4840 fons
2672 4802 2861 4841 eorum
2894 4803 3014 4857 qua:
3050 4804 3115 4842 ex
3145 4789 3264 4858 ipso
3293 4805 3442 4843 ema-

1857 4885 2009 4931 nant.
2036 4876 2509 4942 Quemadmodum
2543 4879 2688 4932 enim
2722 4880 2836 4949 ipse
2871 4881 3023 4935 solus
3058 4882 3266 4949 absque
3291 4882 3443 4949 prin-

1857 4970 2003 5038 cipio
2036 4977 2121 5024 est
2170 4978 2420 5038 respectu
2473 4968 2713 5038 Spiritus
2740 4986 2805 5024 ac
2845 4970 2990 5033 Filii,
3044 4972 3120 5024 ita
3158 4980 3212 5026 et
3250 4988 3439 5027 eorum

1858 5061 1974 5131 ipse
2020 5061 2173 5116 solus
2212 5073 2297 5117 est
2342 5077 2526 5117 causa.
2575 5062 2814 5133 Spiritus
2852 5078 2981 5119 vero
3038 5074 3293 5134 respectu
3338 5063 3444 5117 Pa-

1855 5154 1979 5214 tris,
2027 5168 2137 5206 non
2171 5154 2381 5220 absque
2429 5152 2718 5222 principio,
2755 5169 2856 5208 nec
2895 5154 3100 5223 absque
3130 5169 3294 5209 causa
3332 5162 3438 5219 est,

1857 5245 2316 5315 quemadmodum
2345 5261 2445 5300 nec
2493 5247 2608 5316 ipse
2633 5245 2806 5301 Filius
2835 5246 2990 5315 juxta
3019 5262 3176 5302 suum
3206 5247 3259 5300 in
3306 5256 3442 5301 tem-

1858 5353 1990 5406 pore
2025 5338 2379 5407 principium.
2437 5337 2554 5392 Non
2613 5338 2777 5392 modo
2814 5337 3097 5407 Spiritus,
3155 5339 3248 5394 sed
3274 5338 3439 5393 etiam

1855 5429 2030 5484 Filius
2060 5429 2266 5498 absque
2288 5429 2558 5499 principio
2589 5438 2672 5486 est
2700 5430 2864 5484 sicuti
2890 5428 3069 5484 Pater.
3101 5428 3282 5483 Prima
3314 5443 3442 5483 cau-

1859 5536 1920 5574 sa
1967 5536 2138 5590 eaque
2173 5522 2288 5575 sola
2335 5520 2497 5575 Pater
2534 5529 2619 5576 est
2664 5521 2784 5574 Filii
2845 5528 3009 5590 atque
3061 5518 3317 5591 Spiritus.
3366 5518 3439 5574 At

1857 5615 2155 5669 secundam
2188 5631 2275 5672 ne.
2300 5631 2533 5685 qumras.
2577 5614 2833 5684 quisquis
2863 5615 3201 5669 orthodoxus
3234 5629 3317 5679 es,
3342 5628 3411 5668 ne

1859 5722 1963 5777 que
1991 5707 2229 5775 tertiam;
2266 5714 2324 5761 ut
2358 5723 2427 5762 ne
2475 5706 2720 5762 eamdem
2755 5721 3031 5777 unamque
3063 5705 3433 5762 substantiam
