  <div class='ocr_page' id='page_1' title='image "/cluster/home/n/w/nwhite01/storage/ocr_20150623/28/nnc1.0046978690/455.png"; bbox 0 0 3856 6206; ppageno 0'>
   <div class='ocr_carea' id='block_1_1' title="bbox 402 282 503 339">
    <p class='ocr_par' dir='ltr' id='par_1_1' title="bbox 402 282 503 339">
     <span class='ocr_line' id='line_1_1' title="bbox 402 282 503 339; baseline -0.03 -1"><span class='ocrx_word' id='word_1_1' title='bbox 402 282 503 339; x_wconf 77' lang='grc'><strong>831</strong></span> 
     </span>
    </p>
   </div>
   <div class='ocr_carea' id='block_1_2' title="bbox 1550 286 2556 344">
    <p class='ocr_par' dir='ltr' id='par_1_2' title="bbox 1550 286 2556 344">
     <span class='ocr_line' id='line_1_2' title="bbox 1550 286 2556 344; baseline -0.001 -1"><span class='ocrx_word' id='word_1_2' title='bbox 1550 289 1607 343; x_wconf 86' lang='lat' dir='ltr'><strong>S.</strong></span> <span class='ocrx_word' id='word_1_3' title='bbox 1652 286 2106 344; x_wconf 77' lang='lat' dir='ltr'><strong>ATHANASIUS.</strong></span> <span class='ocrx_word' id='word_1_4' title='bbox 2147 318 2215 328; x_wconf 90' lang='lat'><strong>—</strong></span> <span class='ocrx_word' id='word_1_5' title='bbox 2255 286 2556 343; x_wconf 77' lang='lat' dir='ltr'><strong>SPURIA.‘</strong></span> 
     </span>
    </p>
   </div>
   <div class='ocr_carea' id='block_1_3' title="bbox 3535 289 3646 344">
    <p class='ocr_par' dir='ltr' id='par_1_3' title="bbox 3535 289 3646 344">
     <span class='ocr_line' id='line_1_3' title="bbox 3535 289 3646 344; baseline 0 -1"><span class='ocrx_word' id='word_1_6' title='bbox 3535 289 3646 344; x_wconf 75' lang='lat'><strong>832</strong></span> 
     </span>
    </p>
   </div>
   <div class='ocr_carea' id='block_1_4' title="bbox 405 394 1987 475">
    <p class='ocr_par' dir='ltr' id='par_1_4' title="bbox 405 394 1977 472">
     <span class='ocr_line' id='line_1_4' title="bbox 405 394 1977 472; baseline 0.006 -23"><span class='ocrx_word' id='word_1_7' title='bbox 405 394 654 464; x_wconf 80' lang='lat' dir='ltr'><strong>improbo</strong></span> <span class='ocrx_word' id='word_1_8' title='bbox 686 395 936 451; x_wconf 79' lang='lat' dir='ltr'><strong>dividens</strong></span> <span class='ocrx_word' id='word_1_9' title='bbox 984 400 1165 454; x_wconf 87' lang='lat' dir='ltr'><strong>studio</strong></span> <span class='ocrx_word' id='word_1_10' title='bbox 1192 440 1207 463; x_wconf 88' lang='lat'><strong>,</strong></span> <span class='ocrx_word' id='word_1_11' title='bbox 1240 408 1298 454; x_wconf 86' lang='grc' dir='ltr'><strong>ιιι</strong></span> <span class='ocrx_word' id='word_1_12' title='bbox 1346 418 1527 472; x_wconf 76' lang='lat' dir='ltr'><strong>prava:</strong></span> <span class='ocrx_word' id='word_1_13' title='bbox 1567 403 1833 459; x_wconf 69' lang='lat' dir='ltr'><strong>doctrinae</strong></span> <span class='ocrx_word' id='word_1_14' title='bbox 1876 405 1977 459; x_wconf 90' lang='lat' dir='ltr'><strong>ho-</strong></span> 
     </span>
    </p>
   </div>
   <div class='ocr_carea' id='block_1_5' title="bbox 2088 394 3650 475">
    <p class='ocr_par' dir='ltr' id='par_1_5' title="bbox 2088 400 3650 475">
     <span class='ocr_line' id='line_1_5' title="bbox 2088 400 3650 475; baseline 0.001 -19"><span class='ocrx_word' id='word_1_15' title='bbox 2088 403 2174 456; x_wconf 71' lang='grc' dir='ltr'><strong>καὶ</strong></span> <span class='ocrx_word' id='word_1_16' title='bbox 2227 402 2470 474; x_wconf 81' lang='grc' dir='ltr'>διαιρῶν,</span> <span class='ocrx_word' id='word_1_17' title='bbox 2519 400 2923 472; x_wconf 73' lang='grc' dir='ltr'>καταδικασθῇς</span> <span class='ocrx_word' id='word_1_18' title='bbox 2973 400 3052 464; x_wconf 77' lang='grc' dir='ltr'><strong>ὡς</strong></span> <span class='ocrx_word' id='word_1_19' title='bbox 3106 401 3412 466; x_wconf 77' lang='grc' dir='ltr'><strong>κακόδοξος.</strong></span> <span class='ocrx_word' id='word_1_20' title='bbox 3485 404 3650 475; x_wconf 78' lang='grc' dir='ltr'>Πρῶ-</span> 
     </span>
    </p>
   </div>
   <div class='ocr_carea' id='block_1_6' title="bbox 406 485 1977 565">
    <p class='ocr_par' dir='ltr' id='par_1_6' title="bbox 406 485 1977 565">
     <span class='ocr_line' id='line_1_6' title="bbox 406 485 1977 565; baseline 0.007 -26"><span class='ocrx_word' id='word_1_21' title='bbox 406 501 497 540; x_wconf 85' lang='grc' dir='ltr'>ιιιο</span> <span class='ocrx_word' id='word_1_22' title='bbox 519 485 812 543; x_wconf 82' lang='lat' dir='ltr'><strong>damneris.</strong></span> <span class='ocrx_word' id='word_1_23' title='bbox 866 488 1081 545; x_wconf 82' lang='lat' dir='ltr'><strong>Primus</strong></span> <span class='ocrx_word' id='word_1_24' title='bbox 1115 496 1295 561; x_wconf 78' lang='lat' dir='ltr'><strong>itaque</strong></span> <span class='ocrx_word' id='word_1_25' title='bbox 1326 492 1486 549; x_wconf 86' lang='lat' dir='ltr'><strong>Pater</strong></span> <span class='ocrx_word' id='word_1_26' title='bbox 1514 505 1598 549; x_wconf 91' lang='lat' dir='ltr'><strong>est</strong></span> <span class='ocrx_word' id='word_1_27' title='bbox 1629 499 1682 550; x_wconf 92' lang='lat' dir='ltr'><strong>in</strong></span> <span class='ocrx_word' id='word_1_28' title='bbox 1712 504 1977 565; x_wconf 85' lang='lat' dir='ltr'><strong>quantum</strong></span> 
     </span>
    </p>
   </div>
   <div class='ocr_carea' id='block_1_7' title="bbox 406 577 1980 658">
    <p class='ocr_par' dir='ltr' id='par_1_7' title="bbox 406 577 1980 658">
     <span class='ocr_line' id='line_1_7' title="bbox 406 577 1980 658; baseline 0.008 -29"><span class='ocrx_word' id='word_1_29' title='bbox 406 577 584 644; x_wconf 86' lang='lat' dir='ltr'><strong>major</strong></span> <span class='ocrx_word' id='word_1_30' title='bbox 614 585 733 644; x_wconf 89' lang='lat' dir='ltr'><strong>est;</strong></span> <span class='ocrx_word' id='word_1_31' title='bbox 760 580 936 649; x_wconf 83' lang='lat' dir='ltr'><strong>major</strong></span> <span class='ocrx_word' id='word_1_32' title='bbox 966 598 1093 636; x_wconf 88' lang='lat' dir='ltr'><strong>vero</strong></span> <span class='ocrx_word' id='word_1_33' title='bbox 1117 584 1170 636; x_wconf 92' lang='lat' dir='ltr'><strong>in</strong></span> <span class='ocrx_word' id='word_1_34' title='bbox 1201 593 1463 653; x_wconf 86' lang='lat' dir='ltr'><strong>quantum</strong></span> <span class='ocrx_word' id='word_1_35' title='bbox 1495 595 1579 641; x_wconf 90' lang='lat' dir='ltr'><strong>est</strong></span> <span class='ocrx_word' id='word_1_36' title='bbox 1608 590 1813 658; x_wconf 77' lang='lat' dir='ltr'><strong>alisque</strong></span> <span class='ocrx_word' id='word_1_37' title='bbox 1832 588 1980 657; x_wconf 91' lang='lat' dir='ltr'><strong>prin-</strong></span> 
     </span>
    </p>
   </div>
   <div class='ocr_carea' id='block_1_8' title="bbox 408 668 1979 749">
    <p class='ocr_par' dir='ltr' id='par_1_8' title="bbox 408 668 1979 749">
     <span class='ocr_line' id='line_1_8' title="bbox 408 668 1979 749; baseline 0.01 -29"><span class='ocrx_word' id='word_1_38' title='bbox 408 668 589 737; x_wconf 88' lang='lat' dir='ltr'><strong>cipio;</strong></span> <span class='ocrx_word' id='word_1_39' title='bbox 629 670 835 739; x_wconf 81' lang='lat' dir='ltr'><strong>absque</strong></span> <span class='ocrx_word' id='word_1_40' title='bbox 862 674 1134 744; x_wconf 85' lang='lat' dir='ltr'><strong>principio</strong></span> <span class='ocrx_word' id='word_1_41' title='bbox 1163 683 1346 730; x_wconf 76' lang='lat' dir='ltr'><strong>autem</strong></span> <span class='ocrx_word' id='word_1_42' title='bbox 1378 684 1463 731; x_wconf 87' lang='lat' dir='ltr'><strong>est</strong></span> <span class='ocrx_word' id='word_1_43' title='bbox 1497 679 1550 733; x_wconf 89' lang='lat' dir='ltr'><strong>in</strong></span> <span class='ocrx_word' id='word_1_44' title='bbox 1599 692 1861 749; x_wconf 86' lang='lat' dir='ltr'><strong>quantum</strong></span> <span class='ocrx_word' id='word_1_45' title='bbox 1895 687 1979 735; x_wconf 89' lang='lat' dir='ltr'><strong>est</strong></span> 
     </span>
    </p>
   </div>
   <div class='ocr_carea' id='block_1_9' title="bbox 407 760 1976 838">
    <p class='ocr_par' dir='ltr' id='par_1_9' title="bbox 407 760 1976 838">
     <span class='ocr_line' id='line_1_9' title="bbox 407 760 1976 838; baseline 0.01 -26"><span class='ocrx_word' id='word_1_46' title='bbox 407 760 735 830; x_wconf 79' lang='lat' dir='ltr'><strong>principium</strong></span> <span class='ocrx_word' id='word_1_47' title='bbox 766 763 1138 833; x_wconf 80' lang='lat' dir='ltr'><strong>hypostasium</strong></span> <span class='ocrx_word' id='word_1_48' title='bbox 1167 783 1287 835; x_wconf 62' lang='lat' dir='ltr'><strong>quae</strong></span> <span class='ocrx_word' id='word_1_49' title='bbox 1313 776 1439 822; x_wconf 84' lang='lat' dir='ltr'><strong>sunt</strong></span> <span class='ocrx_word' id='word_1_50' title='bbox 1476 770 1717 838; x_wconf 86' lang='lat' dir='ltr'><strong>ejusdem</strong></span> <span class='ocrx_word' id='word_1_51' title='bbox 1750 780 1976 828; x_wconf 65' lang='lat' dir='ltr'><strong>naturae.</strong></span> 
     </span>
    </p>
   </div>
   <div class='ocr_carea' id='block_1_10' title="bbox 412 848 1977 929">
    <p class='ocr_par' dir='ltr' id='par_1_10' title="bbox 412 848 1977 929">
     <span class='ocr_line' id='line_1_10' title="bbox 412 848 1977 929; baseline 0.011 -28"><span class='ocrx_word' id='word_1_52' title='bbox 412 848 648 919; x_wconf 91' lang='lat' dir='ltr'><strong>Spiritus</strong></span> <span class='ocrx_word' id='word_1_53' title='bbox 678 864 729 907; x_wconf 88' lang='lat' dir='ltr'><strong>et</strong></span> <span class='ocrx_word' id='word_1_54' title='bbox 762 854 931 910; x_wconf 87' lang='lat' dir='ltr'><strong>Filius</strong></span> <span class='ocrx_word' id='word_1_55' title='bbox 957 858 1307 925; x_wconf 70' lang='lat' dir='ltr'><strong>peculiariter</strong></span> <span class='ocrx_word' id='word_1_56' title='bbox 1324 875 1387 912; x_wconf 88' lang='lat' dir='ltr'><strong>ex</strong></span> <span class='ocrx_word' id='word_1_57' title='bbox 1421 862 1627 929; x_wconf 85' lang='lat' dir='ltr'><strong>majore</strong></span> <span class='ocrx_word' id='word_1_58' title='bbox 1654 901 1669 926; x_wconf 96' lang='lat'><strong>,</strong></span> <span class='ocrx_word' id='word_1_59' title='bbox 1701 861 1753 917; x_wconf 90' lang='lat' dir='ltr'><strong>id</strong></span> <span class='ocrx_word' id='word_1_60' title='bbox 1782 870 1865 918; x_wconf 89' lang='lat' dir='ltr'><strong>est</strong></span> <span class='ocrx_word' id='word_1_61' title='bbox 1912 879 1977 918; x_wconf 89' lang='lat' dir='ltr'><strong>ex</strong></span> 
     </span>
    </p>
   </div>
   <div class='ocr_carea' id='block_1_11' title="bbox 409 938 1980 1021">
    <p class='ocr_par' dir='ltr' id='par_1_11' title="bbox 409 938 1980 1021">
     <span class='ocr_line' id='line_1_11' title="bbox 409 938 1980 1021; baseline 0.01 -28"><span class='ocrx_word' id='word_1_62' title='bbox 409 938 591 997; x_wconf 87' lang='lat' dir='ltr'><strong>Patre.</strong></span> <span class='ocrx_word' id='word_1_63' title='bbox 643 942 759 998; x_wconf 87' lang='lat' dir='ltr'><strong>Una</strong></span> <span class='ocrx_word' id='word_1_64' title='bbox 799 948 941 1001; x_wconf 90' lang='lat' dir='ltr'><strong>enim</strong></span> <span class='ocrx_word' id='word_1_65' title='bbox 982 946 1151 1002; x_wconf 83' lang='lat' dir='ltr'><strong>Filius</strong></span> <span class='ocrx_word' id='word_1_66' title='bbox 1194 952 1409 1021; x_wconf 85' lang='lat' dir='ltr'><strong>proprie</strong></span> <span class='ocrx_word' id='word_1_67' title='bbox 1457 968 1522 1006; x_wconf 90' lang='lat' dir='ltr'><strong>ac</strong></span> <span class='ocrx_word' id='word_1_68' title='bbox 1571 968 1716 1018; x_wconf 86' lang='lat' dir='ltr'><strong>vere,</strong></span> <span class='ocrx_word' id='word_1_69' title='bbox 1767 969 1980 1008; x_wconf 89' lang='lat' dir='ltr'><strong>necnon</strong></span> 
     </span>
    </p>
   </div>
   <div class='ocr_carea' id='block_1_12' title="bbox 412 1028 1982 1111">
    <p class='ocr_par' dir='ltr' id='par_1_12' title="bbox 412 1028 1982 1111">
     <span class='ocr_line' id='line_1_12' title="bbox 412 1028 1982 1111; baseline 0.008 -26"><span class='ocrx_word' id='word_1_70' title='bbox 412 1028 651 1101; x_wconf 77' lang='lat' dir='ltr'><strong>Spiritus</strong></span> <span class='ocrx_word' id='word_1_71' title='bbox 714 1045 937 1092; x_wconf 86' lang='lat' dir='ltr'><strong>sanctus</strong></span> <span class='ocrx_word' id='word_1_72' title='bbox 979 1054 1043 1092; x_wconf 84' lang='lat' dir='ltr'><strong>ex</strong></span> <span class='ocrx_word' id='word_1_73' title='bbox 1088 1038 1248 1094; x_wconf 85' lang='lat' dir='ltr'><strong>Patre</strong></span> <span class='ocrx_word' id='word_1_74' title='bbox 1307 1049 1451 1093; x_wconf 87' lang='lat' dir='ltr'><strong>sunt.</strong></span> <span class='ocrx_word' id='word_1_75' title='bbox 1512 1039 1631 1095; x_wconf 84' lang='lat' dir='ltr'><strong>Non</strong></span> <span class='ocrx_word' id='word_1_76' title='bbox 1686 1043 1831 1111; x_wconf 83' lang='lat' dir='ltr'><strong>quod</strong></span> <span class='ocrx_word' id='word_1_77' title='bbox 1893 1045 1982 1099; x_wconf 90' lang='lat' dir='ltr'><strong>ille</strong></span> 
     </span>
    </p>
   </div>
   <div class='ocr_carea' id='block_1_13' title="bbox 411 1125 1983 1201">
    <p class='ocr_par' dir='ltr' id='par_1_13' title="bbox 411 1125 1983 1201">
     <span class='ocr_line' id='line_1_13' title="bbox 411 1125 1983 1201; baseline 0.007 -25"><span class='ocrx_word' id='word_1_78' title='bbox 411 1125 586 1194; x_wconf 87' lang='lat' dir='ltr'><strong>prius,</strong></span> <span class='ocrx_word' id='word_1_79' title='bbox 629 1125 733 1180; x_wconf 90' lang='lat' dir='ltr'><strong>iste</strong></span> <span class='ocrx_word' id='word_1_80' title='bbox 779 1127 1088 1196; x_wconf 74' lang='lat' dir='ltr'><strong>posterius;</strong></span> <span class='ocrx_word' id='word_1_81' title='bbox 1123 1129 1215 1182; x_wconf 88' lang='lat' dir='ltr'><strong>sed</strong></span> <span class='ocrx_word' id='word_1_82' title='bbox 1248 1130 1408 1183; x_wconf 92' lang='lat' dir='ltr'><strong>simul</strong></span> <span class='ocrx_word' id='word_1_83' title='bbox 1449 1128 1571 1184; x_wconf 89' lang='lat' dir='ltr'><strong>Filii</strong></span> <span class='ocrx_word' id='word_1_84' title='bbox 1602 1133 1900 1201; x_wconf 77' lang='lat' dir='ltr'><strong>generatio,</strong></span> <span class='ocrx_word' id='word_1_85' title='bbox 1930 1143 1983 1189; x_wconf 90' lang='lat' dir='ltr'><strong>et</strong></span> 
     </span>
    </p>
   </div>
   <div class='ocr_carea' id='block_1_14' title="bbox 413 1212 1985 1295">
    <p class='ocr_par' dir='ltr' id='par_1_14' title="bbox 413 1212 1985 1295">
     <span class='ocr_line' id='line_1_14' title="bbox 413 1212 1985 1295; baseline 0.008 -27"><span class='ocrx_word' id='word_1_86' title='bbox 413 1212 651 1286; x_wconf 72' lang='lat' dir='ltr'><strong>Spiritus</strong></span> <span class='ocrx_word' id='word_1_87' title='bbox 682 1220 965 1287; x_wconf 88' lang='lat' dir='ltr'><strong>processio</strong></span> <span class='ocrx_word' id='word_1_88' title='bbox 996 1222 1243 1289; x_wconf 75' lang='lat' dir='ltr'><strong>splendet</strong></span> <span class='ocrx_word' id='word_1_89' title='bbox 1285 1240 1299 1276; x_wconf 89' lang='lat'>:</span> <span class='ocrx_word' id='word_1_90' title='bbox 1352 1224 1585 1277; x_wconf 90' lang='lat' dir='ltr'><strong>mittitur</strong></span> <span class='ocrx_word' id='word_1_91' title='bbox 1623 1224 1862 1295; x_wconf 89' lang='lat' dir='ltr'><strong>Spiritus</strong></span> <span class='ocrx_word' id='word_1_92' title='bbox 1901 1237 1985 1282; x_wconf 82' lang='lat' dir='ltr'><strong>at-</strong></span> 
     </span>
    </p>
   </div>
   <div class='ocr_carea' id='block_1_15' title="bbox 412 1309 1981 1387">
    <p class='ocr_par' dir='ltr' id='par_1_15' title="bbox 412 1309 1981 1387">
     <span class='ocr_line' id='line_1_15' title="bbox 412 1309 1981 1387; baseline 0.009 -25"><span class='ocrx_word' id='word_1_93' title='bbox 412 1324 521 1378; x_wconf 86' lang='lat' dir='ltr'><strong>que</strong></span> <span class='ocrx_word' id='word_1_94' title='bbox 560 1309 731 1376; x_wconf 42' lang='lat' dir='ltr'><strong>datur.</strong></span> <span class='ocrx_word' id='word_1_95' title='bbox 770 1326 866 1379; x_wconf 89' lang='lat' dir='ltr'><strong>per</strong></span> <span class='ocrx_word' id='word_1_96' title='bbox 902 1309 1123 1374; x_wconf 86' lang='lat' dir='ltr'><strong>Filium,</strong></span> <span class='ocrx_word' id='word_1_97' title='bbox 1165 1321 1223 1366; x_wconf 91' lang='lat' dir='ltr'><strong>ut</strong></span> <span class='ocrx_word' id='word_1_98' title='bbox 1269 1314 1458 1371; x_wconf 88' lang='lat' dir='ltr'><strong>beatus</strong></span> <span class='ocrx_word' id='word_1_99' title='bbox 1506 1318 1581 1371; x_wconf 86' lang='lat' dir='ltr'><strong>ait</strong></span> <span class='ocrx_word' id='word_1_100' title='bbox 1626 1318 1981 1387; x_wconf 84' lang='lat' dir='ltr'><strong>Athanasius,</strong></span> 
     </span>
    </p>
   </div>
   <div class='ocr_carea' id='block_1_16' title="bbox 412 1399 1983 1474">
    <p class='ocr_par' dir='ltr' id='par_1_16' title="bbox 412 1399 1983 1474">
     <span class='ocr_line' id='line_1_16' title="bbox 412 1399 1983 1474; baseline 0.008 -22"><span class='ocrx_word' id='word_1_101' title='bbox 412 1399 867 1468; x_wconf 84' lang='lat' dir='ltr'><strong>quemadmodum</strong></span> <span class='ocrx_word' id='word_1_102' title='bbox 899 1411 952 1455; x_wconf 92' lang='lat' dir='ltr'><strong>et</strong></span> <span class='ocrx_word' id='word_1_103' title='bbox 988 1400 1158 1457; x_wconf 77' lang='lat' dir='ltr'><strong>Filius</strong></span> <span class='ocrx_word' id='word_1_104' title='bbox 1197 1420 1291 1472; x_wconf 89' lang='lat' dir='ltr'><strong>per</strong></span> <span class='ocrx_word' id='word_1_105' title='bbox 1317 1402 1604 1474; x_wconf 85' lang='lat' dir='ltr'><strong>Spiritum,</strong></span> <span class='ocrx_word' id='word_1_106' title='bbox 1654 1410 1729 1463; x_wconf 90' lang='lat' dir='ltr'><strong>uti</strong></span> <span class='ocrx_word' id='word_1_107' title='bbox 1777 1410 1983 1465; x_wconf 82' lang='lat' dir='ltr'><strong>dictum</strong></span> 
     </span>
    </p>
   </div>
   <div class='ocr_carea' id='block_1_17' title="bbox 413 1488 1984 1575">
    <p class='ocr_par' dir='ltr' id='par_1_17' title="bbox 413 1488 1984 1575">
     <span class='ocr_line' id='line_1_17' title="bbox 413 1488 1984 1575; baseline 0.011 -33"><span class='ocrx_word' id='word_1_108' title='bbox 413 1488 534 1543; x_wconf 79' lang='lat' dir='ltr'><strong>fuit.</strong></span> <span class='ocrx_word' id='word_1_109' title='bbox 564 1490 759 1546; x_wconf 89' lang='lat' dir='ltr'><strong>Eadem</strong></span> <span class='ocrx_word' id='word_1_110' title='bbox 792 1509 1009 1564; x_wconf 85' lang='lat' dir='ltr'><strong>quoque</strong></span> <span class='ocrx_word' id='word_1_111' title='bbox 1031 1496 1240 1550; x_wconf 86' lang='lat' dir='ltr'><strong>ratione</strong></span> <span class='ocrx_word' id='word_1_112' title='bbox 1277 1498 1683 1569; x_wconf 85' lang='lat' dir='ltr'><strong>intelligendum</strong></span> <span class='ocrx_word' id='word_1_113' title='bbox 1707 1503 1841 1557; x_wconf 91' lang='lat' dir='ltr'><strong>illud</strong></span> <span class='ocrx_word' id='word_1_114' title='bbox 1875 1503 1984 1575; x_wconf 82' lang='lat' dir='ltr'><strong>Cy-</strong></span> 
     </span>
    </p>
   </div>
   <div class='ocr_carea' id='block_1_18' title="bbox 414 1582 1986 1665">
    <p class='ocr_par' dir='ltr' id='par_1_18' title="bbox 414 1582 1986 1665">
     <span class='ocr_line' id='line_1_18' title="bbox 414 1582 1986 1665; baseline 0.011 -31"><span class='ocrx_word' id='word_1_115' title='bbox 414 1583 521 1635; x_wconf 89' lang='lat' dir='ltr'><strong>rilli</strong></span> <span class='ocrx_word' id='word_1_116' title='bbox 551 1582 778 1648; x_wconf 87' lang='lat' dir='ltr'><strong>dictum,</strong></span> <span class='ocrx_word' id='word_1_117' title='bbox 814 1601 1007 1655; x_wconf 89' lang='lat' dir='ltr'><strong>nempe</strong></span> <span class='ocrx_word' id='word_1_118' title='bbox 1040 1602 1107 1641; x_wconf 90' lang='lat' dir='ltr'><strong>ex</strong></span> <span class='ocrx_word' id='word_1_119' title='bbox 1150 1589 1438 1653; x_wconf 90' lang='lat' dir='ltr'><strong>ambobus,</strong></span> <span class='ocrx_word' id='word_1_120' title='bbox 1476 1592 1709 1661; x_wconf 87' lang='lat' dir='ltr'><strong>scilicet,</strong></span> <span class='ocrx_word' id='word_1_121' title='bbox 1748 1593 1986 1665; x_wconf 89' lang='lat' dir='ltr'><strong>Spiritus</strong></span> 
     </span>
    </p>
   </div>
   <div class='ocr_carea' id='block_1_19' title="bbox 413 1672 1988 1752">
    <p class='ocr_par' dir='ltr' id='par_1_19' title="bbox 413 1672 1988 1752">
     <span class='ocr_line' id='line_1_19' title="bbox 413 1672 1988 1752; baseline 0.008 -24"><span class='ocrx_word' id='word_1_122' title='bbox 413 1688 483 1728; x_wconf 87' lang='lat' dir='ltr'><strong>ex</strong></span> <span class='ocrx_word' id='word_1_123' title='bbox 518 1672 679 1729; x_wconf 85' lang='lat' dir='ltr'><strong>Patre</strong></span> <span class='ocrx_word' id='word_1_124' title='bbox 713 1677 1011 1744; x_wconf 88' lang='lat' dir='ltr'><strong>procedens</strong></span> <span class='ocrx_word' id='word_1_125' title='bbox 1043 1694 1106 1732; x_wconf 87' lang='lat' dir='ltr'><strong>ex</strong></span> <span class='ocrx_word' id='word_1_126' title='bbox 1153 1679 1416 1737; x_wconf 87' lang='lat' dir='ltr'><strong>ambobus</strong></span> <span class='ocrx_word' id='word_1_127' title='bbox 1450 1683 1718 1752; x_wconf 87' lang='lat' dir='ltr'><strong>splendet,</strong></span> <span class='ocrx_word' id='word_1_128' title='bbox 1751 1688 1988 1741; x_wconf 89' lang='lat' dir='ltr'><strong>mittitur</strong></span> 
     </span>
    </p>
   </div>
   <div class='ocr_carea' id='block_1_20' title="bbox 413 1743 2059 1849">
    <p class='ocr_par' dir='ltr' id='par_1_20' title="bbox 413 1743 2059 1849">
     <span class='ocr_line' id='line_1_20' title="bbox 413 1743 2059 1849; baseline 0.011 -30"><span class='ocrx_word' id='word_1_129' title='bbox 413 1776 469 1819; x_wconf 77' lang='lat' dir='ltr'><strong>et</strong></span> <span class='ocrx_word' id='word_1_130' title='bbox 495 1768 676 1835; x_wconf 85' lang='lat' dir='ltr'><strong>datur,</strong></span> <span class='ocrx_word' id='word_1_131' title='bbox 706 1743 771 1823; x_wconf 81' lang='lat' dir='ltr'><strong>ex</strong></span> <span class='ocrx_word' id='word_1_132' title='bbox 792 1768 952 1825; x_wconf 90' lang='lat' dir='ltr'><strong>Patre</strong></span> <span class='ocrx_word' id='word_1_133' title='bbox 979 1771 1262 1827; x_wconf 61' lang='lat' dir='ltr'><strong>scilicet&#39;et</strong></span> <span class='ocrx_word' id='word_1_134' title='bbox 1288 1771 1450 1831; x_wconf 79' lang='lat' dir='ltr'><strong>Filio.</strong></span> <span class='ocrx_word' id='word_1_135' title='bbox 1481 1743 1550 1829; x_wconf 61' lang='lat' dir='ltr'><strong>iit</strong></span> <span class='ocrx_word' id='word_1_136' title='bbox 1599 1743 1763 1847; x_wconf 88' lang='lat' dir='ltr'><strong>paulo</strong></span> <span class='ocrx_word' id='word_1_137' title='bbox 1801 1789 1926 1849; x_wconf 90' lang='lat' dir='ltr'><strong>post</strong></span> <span class='ocrx_word' id='word_1_138' title='bbox 1969 1799 1984 1837; x_wconf 87' lang='lat'><strong>:</strong></span> <span class='ocrx_word' id='word_1_139' title='bbox 2016 1743 2059 1798; x_wconf 78' lang='grc' dir='ltr'><strong>Β</strong></span> 
     </span>
    </p>
   </div>
   <div class='ocr_carea' id='block_1_21' title="bbox 417 1855 1988 1931">
    <p class='ocr_par' dir='ltr' id='par_1_21' title="bbox 417 1855 1988 1931">
     <span class='ocr_line' id='line_1_21' title="bbox 417 1855 1988 1931; baseline 0.01 -22"><span class='ocrx_word' id='word_1_140' title='bbox 417 1855 565 1912; x_wconf 85' lang='lat' dir='ltr'><strong>Duas</strong></span> <span class='ocrx_word' id='word_1_141' title='bbox 589 1861 987 1926; x_wconf 81' lang='lat' dir='ltr'><strong>generationes,</strong></span> <span class='ocrx_word' id='word_1_142' title='bbox 1021 1862 1098 1915; x_wconf 89' lang='lat' dir='ltr'><strong>uti</strong></span> <span class='ocrx_word' id='word_1_143' title='bbox 1145 1864 1399 1931; x_wconf 90' lang='lat' dir='ltr'><strong>superius</strong></span> <span class='ocrx_word' id='word_1_144' title='bbox 1446 1865 1580 1929; x_wconf 82' lang='lat' dir='ltr'><strong>dixi,</strong></span> <span class='ocrx_word' id='word_1_145' title='bbox 1618 1868 1765 1922; x_wconf 88' lang='lat' dir='ltr'><strong>circa</strong></span> <span class='ocrx_word' id='word_1_146' title='bbox 1791 1868 1988 1925; x_wconf 86' lang='lat' dir='ltr'><strong>Filium</strong></span> 
     </span>
    </p>
   </div>
   <div class='ocr_carea' id='block_1_22' title="bbox 416 1948 1990 2029">
    <p class='ocr_par' dir='ltr' id='par_1_22' title="bbox 416 1948 1990 2029">
     <span class='ocr_line' id='line_1_22' title="bbox 416 1948 1990 2029; baseline 0.008 -26"><span class='ocrx_word' id='word_1_147' title='bbox 416 1948 622 2017; x_wconf 87' lang='lat' dir='ltr'><strong>didici;</strong></span> <span class='ocrx_word' id='word_1_148' title='bbox 656 1966 818 2005; x_wconf 89' lang='lat' dir='ltr'><strong>unam</strong></span> <span class='ocrx_word' id='word_1_149' title='bbox 847 1969 971 2023; x_wconf 70' lang='lat' dir='ltr'><strong>qua:</strong></span> <span class='ocrx_word' id='word_1_150' title='bbox 1001 1961 1085 2008; x_wconf 88' lang='lat' dir='ltr'><strong>est</strong></span> <span class='ocrx_word' id='word_1_151' title='bbox 1114 1969 1177 2008; x_wconf 69' lang='lat' dir='ltr'><strong>ex</strong></span> <span class='ocrx_word' id='word_1_152' title='bbox 1212 1952 1374 2009; x_wconf 90' lang='lat' dir='ltr'><strong>Patre</strong></span> <span class='ocrx_word' id='word_1_153' title='bbox 1394 1964 1520 2011; x_wconf 88' lang='lat' dir='ltr'><strong>ante</strong></span> <span class='ocrx_word' id='word_1_154' title='bbox 1545 1967 1809 2029; x_wconf 84' lang='lat' dir='ltr'><strong>tempora.</strong></span> <span class='ocrx_word' id='word_1_155' title='bbox 1830 1962 1990 2016; x_wconf 88' lang='lat' dir='ltr'><strong>aliam</strong></span> 
     </span>
    </p>
   </div>
   <div class='ocr_carea' id='block_1_23' title="bbox 418 2042 1992 2122">
    <p class='ocr_par' dir='ltr' id='par_1_23' title="bbox 418 2042 1992 2122">
     <span class='ocr_line' id='line_1_23' title="bbox 418 2042 1992 2122; baseline 0.008 -28"><span class='ocrx_word' id='word_1_156' title='bbox 418 2058 539 2112; x_wconf 71' lang='lat' dir='ltr'><strong>qua:</strong></span> <span class='ocrx_word' id='word_1_157' title='bbox 566 2059 632 2097; x_wconf 87' lang='lat' dir='ltr'><strong>ex</strong></span> <span class='ocrx_word' id='word_1_158' title='bbox 654 2042 878 2115; x_wconf 75' lang='lat' dir='ltr'><strong>Virgine</strong></span> <span class='ocrx_word' id='word_1_159' title='bbox 908 2045 964 2100; x_wconf 91' lang='lat' dir='ltr'><strong>in</strong></span> <span class='ocrx_word' id='word_1_160' title='bbox 997 2053 1259 2115; x_wconf 90' lang='lat' dir='ltr'><strong>tempore.</strong></span> <span class='ocrx_word' id='word_1_161' title='bbox 1287 2046 1487 2103; x_wconf 87' lang='lat' dir='ltr'><strong>Eodem</strong></span> <span class='ocrx_word' id='word_1_162' title='bbox 1516 2050 1677 2105; x_wconf 89' lang='lat' dir='ltr'><strong>modo</strong></span> <span class='ocrx_word' id='word_1_163' title='bbox 1700 2052 1835 2107; x_wconf 91' lang='lat' dir='ltr'><strong>duas</strong></span> <span class='ocrx_word' id='word_1_164' title='bbox 1866 2068 1992 2122; x_wconf 84' lang='lat' dir='ltr'><strong>pro-</strong></span> 
     </span>
    </p>
   </div>
   <div class='ocr_carea' id='block_1_24' title="bbox 418 2133 1991 2214">
    <p class='ocr_par' dir='ltr' id='par_1_24' title="bbox 418 2133 1991 2214">
     <span class='ocr_line' id='line_1_24' title="bbox 418 2133 1991 2214; baseline 0.006 -25"><span class='ocrx_word' id='word_1_165' title='bbox 418 2133 664 2191; x_wconf 79' lang='lat' dir='ltr'><strong>fusiones</strong></span> <span class='ocrx_word' id='word_1_166' title='bbox 724 2137 888 2192; x_wconf 85' lang='lat' dir='ltr'><strong>didici</strong></span> <span class='ocrx_word' id='word_1_167' title='bbox 938 2152 1061 2192; x_wconf 89' lang='lat' dir='ltr'><strong>esse</strong></span> <span class='ocrx_word' id='word_1_168' title='bbox 1112 2136 1350 2207; x_wconf 89' lang='lat' dir='ltr'><strong>Spiritus</strong></span> <span class='ocrx_word' id='word_1_169' title='bbox 1396 2143 1613 2207; x_wconf 83' lang='lat' dir='ltr'><strong>sancti;</strong></span> <span class='ocrx_word' id='word_1_170' title='bbox 1667 2158 1830 2197; x_wconf 90' lang='lat' dir='ltr'><strong>unam</strong></span> <span class='ocrx_word' id='word_1_171' title='bbox 1883 2159 1991 2214; x_wconf 88' lang='lat' dir='ltr'><strong>qua</strong></span> 
     </span>
    </p>
   </div>
   <div class='ocr_carea' id='block_1_25' title="bbox 419 2226 1992 2301">
    <p class='ocr_par' dir='ltr' id='par_1_25' title="bbox 419 2226 1992 2301">
     <span class='ocr_line' id='line_1_25' title="bbox 419 2226 1992 2301; baseline 0.008 -22"><span class='ocrx_word' id='word_1_172' title='bbox 419 2226 666 2298; x_wconf 89' lang='lat' dir='ltr'><strong>procedit</strong></span> <span class='ocrx_word' id='word_1_173' title='bbox 694 2236 819 2282; x_wconf 92' lang='lat' dir='ltr'><strong>ante</strong></span> <span class='ocrx_word' id='word_1_174' title='bbox 847 2235 1125 2298; x_wconf 88' lang='lat' dir='ltr'><strong>tempora,</strong></span> <span class='ocrx_word' id='word_1_175' title='bbox 1156 2240 1210 2285; x_wconf 92' lang='lat' dir='ltr'><strong>et</strong></span> <span class='ocrx_word' id='word_1_176' title='bbox 1241 2230 1400 2285; x_wconf 87' lang='lat' dir='ltr'><strong>aliam</strong></span> <span class='ocrx_word' id='word_1_177' title='bbox 1426 2246 1534 2301; x_wconf 88' lang='lat' dir='ltr'><strong>qua</strong></span> <span class='ocrx_word' id='word_1_178' title='bbox 1565 2233 1863 2289; x_wconf 81' lang='lat' dir='ltr'><strong>bonitatem</strong></span> <span class='ocrx_word' id='word_1_179' title='bbox 1889 2236 1992 2290; x_wconf 89' lang='lat' dir='ltr'><strong>im-</strong></span> 
     </span>
    </p>
   </div>
   <div class='ocr_carea' id='block_1_26' title="bbox 419 2317 1993 2396">
    <p class='ocr_par' dir='ltr' id='par_1_26' title="bbox 419 2317 1993 2396">
     <span class='ocr_line' id='line_1_26' title="bbox 419 2317 1993 2396; baseline 0.007 -24"><span class='ocrx_word' id='word_1_180' title='bbox 419 2319 669 2389; x_wconf 88' lang='lat' dir='ltr'><strong>partitur.</strong></span> <span class='ocrx_word' id='word_1_181' title='bbox 738 2317 843 2374; x_wconf 86' lang='lat' dir='ltr'><strong>Sed</strong></span> <span class='ocrx_word' id='word_1_182' title='bbox 898 2320 1097 2389; x_wconf 89' lang='lat' dir='ltr'><strong>prioris</strong></span> <span class='ocrx_word' id='word_1_183' title='bbox 1136 2320 1259 2375; x_wconf 85' lang='lat' dir='ltr'><strong>Filii</strong></span> <span class='ocrx_word' id='word_1_184' title='bbox 1310 2323 1678 2392; x_wconf 75' lang='lat' dir='ltr'><strong>generationis</strong></span> <span class='ocrx_word' id='word_1_185' title='bbox 1711 2333 1765 2379; x_wconf 89' lang='lat' dir='ltr'><strong>et</strong></span> <span class='ocrx_word' id='word_1_186' title='bbox 1795 2327 1993 2396; x_wconf 88' lang='lat' dir='ltr'><strong>prioris</strong></span> 
     </span>
    </p>
   </div>
   <div class='ocr_carea' id='block_1_27' title="bbox 420 2409 1991 2482">
    <p class='ocr_par' dir='ltr' id='par_1_27' title="bbox 420 2409 1991 2482">
     <span class='ocr_line' id='line_1_27' title="bbox 420 2409 1991 2482; baseline 0.005 -19"><span class='ocrx_word' id='word_1_187' title='bbox 420 2409 787 2480; x_wconf 81' lang='lat' dir='ltr'><strong>processionis</strong></span> <span class='ocrx_word' id='word_1_188' title='bbox 847 2410 1102 2482; x_wconf 90' lang='lat' dir='ltr'><strong>Spiritus,</strong></span> <span class='ocrx_word' id='word_1_189' title='bbox 1135 2410 1297 2467; x_wconf 91' lang='lat' dir='ltr'><strong>Pater</strong></span> <span class='ocrx_word' id='word_1_190' title='bbox 1325 2418 1475 2468; x_wconf 88' lang='lat' dir='ltr'><strong>solus</strong></span> <span class='ocrx_word' id='word_1_191' title='bbox 1514 2430 1681 2469; x_wconf 77' lang='lat' dir='ltr'><strong>causa</strong></span> <span class='ocrx_word' id='word_1_192' title='bbox 1707 2425 1811 2471; x_wconf 92' lang='lat' dir='ltr'><strong>est.</strong></span> <span class='ocrx_word' id='word_1_193' title='bbox 1847 2417 1991 2471; x_wconf 88' lang='lat' dir='ltr'><strong>Alte-</strong></span> 
     </span>
    </p>
   </div>
   <div class='ocr_carea' id='block_1_28' title="bbox 419 2503 1990 2575">
    <p class='ocr_par' dir='ltr' id='par_1_28' title="bbox 419 2503 1990 2575">
     <span class='ocr_line' id='line_1_28' title="bbox 419 2503 1990 2575; baseline 0.003 -19"><span class='ocrx_word' id='word_1_194' title='bbox 419 2503 537 2556; x_wconf 84' lang='lat' dir='ltr'><strong>rius</strong></span> <span class='ocrx_word' id='word_1_195' title='bbox 564 2516 693 2557; x_wconf 77' lang='lat' dir='ltr'><strong>vero</strong></span> <span class='ocrx_word' id='word_1_196' title='bbox 732 2503 1099 2573; x_wconf 84' lang='lat' dir='ltr'><strong>generationis</strong></span> <span class='ocrx_word' id='word_1_197' title='bbox 1146 2521 1267 2575; x_wconf 67' lang='lat' dir='ltr'><strong>qua:</strong></span> <span class='ocrx_word' id='word_1_198' title='bbox 1301 2505 1354 2559; x_wconf 90' lang='lat' dir='ltr'><strong>in</strong></span> <span class='ocrx_word' id='word_1_199' title='bbox 1400 2513 1645 2574; x_wconf 90' lang='lat' dir='ltr'><strong>tempore</strong></span> <span class='ocrx_word' id='word_1_200' title='bbox 1691 2507 1833 2561; x_wconf 83' lang='lat' dir='ltr'><strong>facta</strong></span> <span class='ocrx_word' id='word_1_201' title='bbox 1885 2516 1990 2569; x_wconf 86' lang='lat' dir='ltr'><strong>est,</strong></span> 
     </span>
    </p>
   </div>
   <div class='ocr_carea' id='block_1_29' title="bbox 421 2593 1995 2668">
    <p class='ocr_par' dir='ltr' id='par_1_29' title="bbox 421 2593 1995 2668">
     <span class='ocr_line' id='line_1_29' title="bbox 421 2593 1995 2668; baseline 0.004 -21"><span class='ocrx_word' id='word_1_202' title='bbox 421 2601 476 2648; x_wconf 90' lang='lat' dir='ltr'><strong>et</strong></span> <span class='ocrx_word' id='word_1_203' title='bbox 520 2593 745 2650; x_wconf 87' lang='lat' dir='ltr'><strong>alterius</strong></span> <span class='ocrx_word' id='word_1_204' title='bbox 781 2594 1141 2665; x_wconf 81' lang='lat' dir='ltr'><strong>prolusionis,</strong></span> <span class='ocrx_word' id='word_1_205' title='bbox 1199 2611 1305 2666; x_wconf 90' lang='lat' dir='ltr'><strong>qua</strong></span> <span class='ocrx_word' id='word_1_206' title='bbox 1328 2596 1469 2650; x_wconf 90' lang='lat' dir='ltr'><strong>dona</strong></span> <span class='ocrx_word' id='word_1_207' title='bbox 1503 2599 1833 2668; x_wconf 88' lang='lat' dir='ltr'><strong>impartitur,</strong></span> <span class='ocrx_word' id='word_1_208' title='bbox 1884 2615 1995 2654; x_wconf 92' lang='lat' dir='ltr'><strong>non</strong></span> 
     </span>
    </p>
   </div>
   <div class='ocr_carea' id='block_1_30' title="bbox 422 2683 1995 2757">
    <p class='ocr_par' dir='ltr' id='par_1_30' title="bbox 422 2683 1995 2757">
     <span class='ocr_line' id='line_1_30' title="bbox 422 2683 1995 2757; baseline 0.004 -18"><span class='ocrx_word' id='word_1_209' title='bbox 422 2684 573 2739; x_wconf 83' lang='lat' dir='ltr'><strong>solus</strong></span> <span class='ocrx_word' id='word_1_210' title='bbox 594 2683 774 2749; x_wconf 89' lang='lat' dir='ltr'><strong>Pater,</strong></span> <span class='ocrx_word' id='word_1_211' title='bbox 804 2686 897 2741; x_wconf 85' lang='lat' dir='ltr'><strong>sed</strong></span> <span class='ocrx_word' id='word_1_212' title='bbox 920 2685 1092 2741; x_wconf 86' lang='lat' dir='ltr'><strong>Filius</strong></span> <span class='ocrx_word' id='word_1_213' title='bbox 1112 2693 1166 2740; x_wconf 89' lang='lat' dir='ltr'><strong>et</strong></span> <span class='ocrx_word' id='word_1_214' title='bbox 1193 2684 1431 2757; x_wconf 79' lang='lat' dir='ltr'><strong>Spiritus</strong></span> <span class='ocrx_word' id='word_1_215' title='bbox 1455 2697 1680 2744; x_wconf 90' lang='lat' dir='ltr'><strong>sanctus</strong></span> <span class='ocrx_word' id='word_1_216' title='bbox 1701 2696 1995 2746; x_wconf 89' lang='lat' dir='ltr'><strong>estcausa.</strong></span> 
     </span>
    </p>
   </div>
   <div class='ocr_carea' id='block_1_31' title="bbox 2078 490 3648 563">
    <p class='ocr_par' dir='ltr' id='par_1_31' title="bbox 2078 490 3648 563">
     <span class='ocr_line' id='line_1_31' title="bbox 2078 490 3648 563; baseline 0.001 -17"><span class='ocrx_word' id='word_1_217' title='bbox 2078 510 2169 556; x_wconf 89' lang='grc' dir='ltr'>τος</span> <span class='ocrx_word' id='word_1_218' title='bbox 2213 491 2500 563; x_wconf 83' lang='grc' dir='ltr'><strong>τοιγαροῦν</strong></span> <span class='ocrx_word' id='word_1_219' title='bbox 2548 493 2577 545; x_wconf 99' lang='lat'><strong>6</strong></span> <span class='ocrx_word' id='word_1_220' title='bbox 2637 491 2828 562; x_wconf 79' lang='grc' dir='ltr'>Πατὴρ</span> <span class='ocrx_word' id='word_1_221' title='bbox 2879 490 3013 544; x_wconf 83' lang='grc' dir='ltr'><strong>καθὸ</strong></span> <span class='ocrx_word' id='word_1_222' title='bbox 3055 490 3276 561; x_wconf 77' lang='grc' dir='ltr'>μείζων,</span> <span class='ocrx_word' id='word_1_223' title='bbox 3328 491 3526 562; x_wconf 74' lang='grc' dir='ltr'>μείζων</span> <span class='ocrx_word' id='word_1_224' title='bbox 3587 495 3648 547; x_wconf 70' lang='grc' dir='ltr'>δὲ</span> 
     </span>
    </p>
   </div>
   <div class='ocr_carea' id='block_1_32' title="bbox 2079 581 3651 656">
    <p class='ocr_par' dir='ltr' id='par_1_32' title="bbox 2079 581 3651 656">
     <span class='ocr_line' id='line_1_32' title="bbox 2079 581 3651 656; baseline 0.003 -21"><span class='ocrx_word' id='word_1_225' title='bbox 2079 583 2214 636; x_wconf 82' lang='grc' dir='ltr'><strong>καθὸ</strong></span> <span class='ocrx_word' id='word_1_226' title='bbox 2260 583 2511 654; x_wconf 79' lang='grc' dir='ltr'><strong>ἄναρχος·</strong></span> <span class='ocrx_word' id='word_1_227' title='bbox 2563 581 2797 654; x_wconf 77' lang='grc' dir='ltr'><strong>ἄναρχος</strong></span> <span class='ocrx_word' id='word_1_228' title='bbox 2847 582 2904 634; x_wconf 84' lang='grc' dir='ltr'>δὲ</span> <span class='ocrx_word' id='word_1_229' title='bbox 2960 582 3094 636; x_wconf 85' lang='grc' dir='ltr'><strong>καθὸ</strong></span> <span class='ocrx_word' id='word_1_230' title='bbox 3146 584 3289 655; x_wconf 84' lang='grc' dir='ltr'><strong>ἀρχὴ</strong></span> <span class='ocrx_word' id='word_1_231' title='bbox 3338 584 3446 637; x_wconf 84' lang='grc' dir='ltr'><strong>τῶν</strong></span> <span class='ocrx_word' id='word_1_232' title='bbox 3513 587 3651 656; x_wconf 82' lang='grc' dir='ltr'>ὀμο-</span> 
     </span>
    </p>
   </div>
   <div class='ocr_carea' id='block_1_33' title="bbox 2081 670 3650 746">
    <p class='ocr_par' dir='ltr' id='par_1_33' title="bbox 2081 670 3650 746">
     <span class='ocr_line' id='line_1_33' title="bbox 2081 670 3650 746; baseline 0.004 -24"><span class='ocrx_word' id='word_1_233' title='bbox 2081 672 2229 740; x_wconf 83' lang='grc' dir='ltr'>φυῶν</span> <span class='ocrx_word' id='word_1_234' title='bbox 2271 671 2641 726; x_wconf 86' lang='grc' dir='ltr'>ὑποστάσεων.</span> <span class='ocrx_word' id='word_1_235' title='bbox 2673 672 2746 724; x_wconf 78' lang='grc' dir='ltr'><strong>Τὸ</strong></span> <span class='ocrx_word' id='word_1_236' title='bbox 2790 670 3037 743; x_wconf 79' lang='grc' dir='ltr'><strong>Πνεῦμα,</strong></span> <span class='ocrx_word' id='word_1_237' title='bbox 3090 674 3185 726; x_wconf 71' lang='grc' dir='ltr'>καὶ</span> <span class='ocrx_word' id='word_1_238' title='bbox 3229 675 3257 726; x_wconf 93' lang='lat'><strong>6</strong></span> <span class='ocrx_word' id='word_1_239' title='bbox 3300 674 3428 738; x_wconf 79' lang='grc' dir='ltr'>Υἱὸς</span> <span class='ocrx_word' id='word_1_240' title='bbox 3472 694 3650 746; x_wconf 72' lang='grc' dir='ltr'><strong>ϊτροσ⁴</strong></span> 
     </span>
    </p>
   </div>
   <div class='ocr_carea' id='block_1_34' title="bbox 2080 763 3648 839">
    <p class='ocr_par' dir='ltr' id='par_1_34' title="bbox 2080 763 3648 839">
     <span class='ocr_line' id='line_1_34' title="bbox 2080 763 3648 839; baseline 0.006 -23"><span class='ocrx_word' id='word_1_241' title='bbox 2080 764 2219 834; x_wconf 81' lang='grc' dir='ltr'>εχῶς</span> <span class='ocrx_word' id='word_1_242' title='bbox 2293 767 2356 817; x_wconf 82' lang='grc' dir='ltr'><strong>ὲκ</strong></span> <span class='ocrx_word' id='word_1_243' title='bbox 2435 765 2527 818; x_wconf 85' lang='grc' dir='ltr'><strong>τοῦ</strong></span> <span class='ocrx_word' id='word_1_244' title='bbox 2608 763 2872 834; x_wconf 78' lang='grc' dir='ltr'><strong>μείζονος,</strong></span> <span class='ocrx_word' id='word_1_245' title='bbox 2930 764 3175 819; x_wconf 83' lang='grc' dir='ltr'><strong>τουτέστι</strong></span> <span class='ocrx_word' id='word_1_246' title='bbox 3242 768 3334 820; x_wconf 87' lang='grc' dir='ltr'><strong>τοῦ</strong></span> <span class='ocrx_word' id='word_1_247' title='bbox 3410 769 3648 839; x_wconf 81' lang='grc' dir='ltr'><strong>Πατρός.</strong></span> 
     </span>
    </p>
   </div>
   <div class='ocr_carea' id='block_1_35' title="bbox 2082 855 3652 929">
    <p class='ocr_par' dir='ltr' id='par_1_35' title="bbox 2082 855 3652 929">
     <span class='ocr_line' id='line_1_35' title="bbox 2082 855 3652 929; baseline 0.004 -22"><span class='ocrx_word' id='word_1_248' title='bbox 2082 855 2232 925; x_wconf 74' lang='grc' dir='ltr'>’Ἅμα</span> <span class='ocrx_word' id='word_1_249' title='bbox 2286 856 2394 926; x_wconf 78' lang='grc' dir='ltr'>γὰρ</span> <span class='ocrx_word' id='word_1_250' title='bbox 2460 856 2489 907; x_wconf 94' lang='lat'><strong>6</strong></span> <span class='ocrx_word' id='word_1_251' title='bbox 2551 856 2678 918; x_wconf 85' lang='grc' dir='ltr'>Υἱὸς</span> <span class='ocrx_word' id='word_1_252' title='bbox 2743 855 2947 927; x_wconf 82' lang='grc' dir='ltr'>κυρίως</span> <span class='ocrx_word' id='word_1_253' title='bbox 2999 857 3094 909; x_wconf 80' lang='grc' dir='ltr'><strong>καὶ</strong></span> <span class='ocrx_word' id='word_1_254' title='bbox 3162 856 3397 929; x_wconf 74' lang='grc' dir='ltr'>ἀληθῶς,</span> <span class='ocrx_word' id='word_1_255' title='bbox 3444 861 3538 912; x_wconf 80' lang='grc' dir='ltr'><strong>καὶ</strong></span> <span class='ocrx_word' id='word_1_256' title='bbox 3587 860 3652 912; x_wconf 73' lang='grc' dir='ltr'>τὸ</span> 
     </span>
    </p>
   </div>
   <div class='ocr_carea' id='block_1_36' title="bbox 2081 946 3654 1021">
    <p class='ocr_par' dir='ltr' id='par_1_36' title="bbox 2081 946 3654 1021">
     <span class='ocr_line' id='line_1_36' title="bbox 2081 946 3654 1021; baseline 0.002 -21"><span class='ocrx_word' id='word_1_257' title='bbox 2081 946 2304 1017; x_wconf 78' lang='grc' dir='ltr'><strong>Πνεῦμα</strong></span> <span class='ocrx_word' id='word_1_258' title='bbox 2354 949 2419 999; x_wconf 82' lang='grc' dir='ltr'><strong>ὲκ</strong></span> <span class='ocrx_word' id='word_1_259' title='bbox 2462 946 2556 999; x_wconf 91' lang='grc' dir='ltr'><strong>τοῦ</strong></span> <span class='ocrx_word' id='word_1_260' title='bbox 2598 947 2829 1016; x_wconf 86' lang='grc' dir='ltr'><strong>Πατρός.</strong></span> <span class='ocrx_word' id='word_1_261' title='bbox 2885 948 2997 1018; x_wconf 78' lang='grc' dir='ltr'><strong>Οὐχ</strong></span> <span class='ocrx_word' id='word_1_262' title='bbox 3038 950 3067 1001; x_wconf 94' lang='lat'><strong>6</strong></span> <span class='ocrx_word' id='word_1_263' title='bbox 3125 949 3222 1019; x_wconf 83' lang='grc' dir='ltr'>μὲν</span> <span class='ocrx_word' id='word_1_264' title='bbox 3274 951 3559 1021; x_wconf 84' lang='grc' dir='ltr'>πρότερον,</span> <span class='ocrx_word' id='word_1_265' title='bbox 3590 952 3654 1004; x_wconf 77' lang='grc' dir='ltr'>τὸ</span> 
     </span>
    </p>
   </div>
   <div class='ocr_carea' id='block_1_37' title="bbox 2080 1037 3652 1112">
    <p class='ocr_par' dir='ltr' id='par_1_37' title="bbox 2080 1037 3652 1112">
     <span class='ocr_line' id='line_1_37' title="bbox 2080 1037 3652 1112; baseline 0.003 -21"><span class='ocrx_word' id='word_1_266' title='bbox 2080 1038 2137 1091; x_wconf 77' lang='grc' dir='ltr'><strong>δὲ</strong></span> <span class='ocrx_word' id='word_1_267' title='bbox 2195 1038 2311 1108; x_wconf 82' lang='grc' dir='ltr'>μετ’</span> <span class='ocrx_word' id='word_1_268' title='bbox 2374 1037 2555 1091; x_wconf 84' lang='grc' dir='ltr'>αὐτόν·</span> <span class='ocrx_word' id='word_1_269' title='bbox 2621 1037 2735 1092; x_wconf 87' lang='grc' dir='ltr'>ἀλλ’</span> <span class='ocrx_word' id='word_1_270' title='bbox 2786 1038 2903 1109; x_wconf 79' lang='grc' dir='ltr'>ἅμα</span> <span class='ocrx_word' id='word_1_271' title='bbox 2957 1041 2991 1111; x_wconf 82' lang='grc' dir='ltr'>ἡ</span> <span class='ocrx_word' id='word_1_272' title='bbox 3043 1040 3294 1112; x_wconf 82' lang='grc' dir='ltr'>γέννησις</span> <span class='ocrx_word' id='word_1_273' title='bbox 3342 1041 3436 1095; x_wconf 86' lang='grc' dir='ltr'><strong>τοῦ</strong></span> <span class='ocrx_word' id='word_1_274' title='bbox 3490 1041 3652 1108; x_wconf 82' lang='grc' dir='ltr'>Υἱοῦ,</span> 
     </span>
    </p>
   </div>
   <div class='ocr_carea' id='block_1_38' title="bbox 2083 1129 3658 1203">
    <p class='ocr_par' dir='ltr' id='par_1_38' title="bbox 2083 1129 3658 1203">
     <span class='ocr_line' id='line_1_38' title="bbox 2083 1129 3658 1203; baseline 0.003 -22"><span class='ocrx_word' id='word_1_275' title='bbox 2083 1129 2198 1199; x_wconf 80' lang='grc' dir='ltr'>ἃμα</span> <span class='ocrx_word' id='word_1_276' title='bbox 2251 1130 2345 1181; x_wconf 77' lang='grc' dir='ltr'><strong>καὶ</strong></span> <span class='ocrx_word' id='word_1_277' title='bbox 2393 1129 2488 1182; x_wconf 88' lang='grc' dir='ltr'><strong>τοῦ</strong></span> <span class='ocrx_word' id='word_1_278' title='bbox 2546 1130 2862 1200; x_wconf 81' lang='grc' dir='ltr'>Πνεῦματος</span> <span class='ocrx_word' id='word_1_279' title='bbox 2918 1134 2952 1201; x_wconf 79' lang='grc' dir='ltr'><strong>ή</strong></span> <span class='ocrx_word' id='word_1_280' title='bbox 3002 1131 3328 1202; x_wconf 84' lang='grc' dir='ltr'>ὲκπὸρευσις</span> <span class='ocrx_word' id='word_1_281' title='bbox 3375 1132 3658 1203; x_wconf 77' lang='grc' dir='ltr'>ἐκλάμπε-</span> 
     </span>
    </p>
   </div>
   <div class='ocr_carea' id='block_1_39' title="bbox 2081 1219 3657 1292">
    <p class='ocr_par' dir='ltr' id='par_1_39' title="bbox 2081 1219 3657 1292">
     <span class='ocr_line' id='line_1_39' title="bbox 2081 1219 3657 1292; baseline 0.003 -22"><span class='ocrx_word' id='word_1_282' title='bbox 2081 1236 2194 1282; x_wconf 90' lang='grc' dir='ltr'>ται,</span> <span class='ocrx_word' id='word_1_283' title='bbox 2243 1220 2339 1272; x_wconf 75' lang='grc' dir='ltr'><strong>καὶ</strong></span> <span class='ocrx_word' id='word_1_284' title='bbox 2373 1219 2757 1274; x_wconf 83' lang='grc' dir='ltr'><strong>ἀποστέλλεται</strong></span> <span class='ocrx_word' id='word_1_285' title='bbox 2808 1221 2869 1274; x_wconf 83' lang='grc' dir='ltr'><strong>τὸ</strong></span> <span class='ocrx_word' id='word_1_286' title='bbox 2920 1221 3143 1292; x_wconf 79' lang='grc' dir='ltr'><strong>Πνεῦμα</strong></span> <span class='ocrx_word' id='word_1_287' title='bbox 3194 1223 3292 1275; x_wconf 61' lang='grc' dir='ltr'>καῖ</span> <span class='ocrx_word' id='word_1_288' title='bbox 3332 1222 3530 1276; x_wconf 85' lang='grc' dir='ltr'>δίδοται</span> <span class='ocrx_word' id='word_1_289' title='bbox 3565 1222 3657 1275; x_wconf 72' lang='grc' dir='ltr'><strong>διὰ</strong></span> 
     </span>
    </p>
   </div>
   <div class='ocr_carea' id='block_1_40' title="bbox 2084 1311 3659 1385">
    <p class='ocr_par' dir='ltr' id='par_1_40' title="bbox 2084 1311 3659 1385">
     <span class='ocr_line' id='line_1_40' title="bbox 2084 1311 3659 1385; baseline 0.003 -22"><span class='ocrx_word' id='word_1_290' title='bbox 2084 1311 2176 1364; x_wconf 92' lang='grc' dir='ltr'><strong>τοῦ</strong></span> <span class='ocrx_word' id='word_1_291' title='bbox 2237 1311 2408 1376; x_wconf 88' lang='grc' dir='ltr'>Υἱοῦ,</span> <span class='ocrx_word' id='word_1_292' title='bbox 2470 1312 2548 1374; x_wconf 82' lang='grc' dir='ltr'>ὡς</span> <span class='ocrx_word' id='word_1_293' title='bbox 2604 1313 2873 1384; x_wconf 81' lang='grc' dir='ltr'><strong>μακάριός</strong></span> <span class='ocrx_word' id='word_1_294' title='bbox 2918 1331 3082 1385; x_wconf 83' lang='grc' dir='ltr'>φησιν</span> <span class='ocrx_word' id='word_1_295' title='bbox 3125 1314 3466 1379; x_wconf 84' lang='grc' dir='ltr'>Ἀθανάσιος,</span> <span class='ocrx_word' id='word_1_296' title='bbox 3520 1316 3659 1370; x_wconf 79' lang='grc' dir='ltr'>καθ-</span> 
     </span>
    </p>
   </div>
   <div class='ocr_carea' id='block_1_41' title="bbox 2086 1402 3662 1477">
    <p class='ocr_par' dir='ltr' id='par_1_41' title="bbox 2086 1402 3662 1477">
     <span class='ocr_line' id='line_1_41' title="bbox 2086 1402 3662 1477; baseline 0.002 -22"><span class='ocrx_word' id='word_1_297' title='bbox 2086 1402 2233 1474; x_wconf 83' lang='grc' dir='ltr'>άπερ</span> <span class='ocrx_word' id='word_1_298' title='bbox 2279 1405 2372 1457; x_wconf 79' lang='grc' dir='ltr'>καὶ</span> <span class='ocrx_word' id='word_1_299' title='bbox 2432 1405 2460 1456; x_wconf 94' lang='lat'><strong>6</strong></span> <span class='ocrx_word' id='word_1_300' title='bbox 2506 1402 2636 1465; x_wconf 83' lang='grc' dir='ltr'>Υἱὸς</span> <span class='ocrx_word' id='word_1_301' title='bbox 2675 1402 2766 1456; x_wconf 81' lang='grc' dir='ltr'>διὰ</span> <span class='ocrx_word' id='word_1_302' title='bbox 2814 1404 2907 1458; x_wconf 90' lang='grc' dir='ltr'><strong>τοῦ</strong></span> <span class='ocrx_word' id='word_1_303' title='bbox 2954 1405 3291 1477; x_wconf 75' lang='grc' dir='ltr'>Πνεῦματος,</span> <span class='ocrx_word' id='word_1_304' title='bbox 3338 1405 3525 1477; x_wconf 83' lang='grc' dir='ltr'>ὥσπερ</span> <span class='ocrx_word' id='word_1_305' title='bbox 3579 1407 3662 1459; x_wconf 76' lang='grc' dir='ltr'><strong>εἶ’-</strong></span> 
     </span>
    </p>
   </div>
   <div class='ocr_carea' id='block_1_42' title="bbox 2088 1494 3663 1569">
    <p class='ocr_par' dir='ltr' id='par_1_42' title="bbox 2088 1494 3663 1569">
     <span class='ocr_line' id='line_1_42' title="bbox 2088 1494 3663 1569; baseline 0.003 -23"><span class='ocrx_word' id='word_1_306' title='bbox 2088 1511 2266 1566; x_wconf 85' lang='grc' dir='ltr'>ρηται.</span> <span class='ocrx_word' id='word_1_307' title='bbox 2358 1494 2632 1557; x_wconf 84' lang='grc' dir='ltr'><strong>Ὡσαύτως</strong></span> <span class='ocrx_word' id='word_1_308' title='bbox 2703 1495 2799 1548; x_wconf 77' lang='grc' dir='ltr'>καὶ</span> <span class='ocrx_word' id='word_1_309' title='bbox 2856 1496 2918 1550; x_wconf 84' lang='grc' dir='ltr'>τὺ</span> <span class='ocrx_word' id='word_1_310' title='bbox 2970 1496 3061 1550; x_wconf 89' lang='grc' dir='ltr'><strong>τοῦ</strong></span> <span class='ocrx_word' id='word_1_311' title='bbox 3119 1498 3388 1569; x_wconf 79' lang='grc' dir='ltr'><strong>μακαρίου</strong></span> <span class='ocrx_word' id='word_1_312' title='bbox 3449 1498 3663 1569; x_wconf 59' lang='lat' dir='ltr'><strong>K119i).-</strong></span> 
     </span>
    </p>
   </div>
   <div class='ocr_carea' id='block_1_43' title="bbox 2086 1584 3662 1656">
    <p class='ocr_par' dir='ltr' id='par_1_43' title="bbox 2086 1584 3662 1656">
     <span class='ocr_line' id='line_1_43' title="bbox 2086 1584 3662 1656; baseline 0.001 -19"><span class='ocrx_word' id='word_1_313' title='bbox 2086 1584 2178 1637; x_wconf 90' lang='grc' dir='ltr'><strong>λου</strong></span> <span class='ocrx_word' id='word_1_314' title='bbox 2205 1623 2219 1647; x_wconf 94' lang='grc'><strong>,</strong></span> <span class='ocrx_word' id='word_1_315' title='bbox 2272 1584 2415 1652; x_wconf 77' lang='grc' dir='ltr'>λέγω</span> <span class='ocrx_word' id='word_1_316' title='bbox 2469 1584 2533 1656; x_wconf 82' lang='grc' dir='ltr'>δὴ</span> <span class='ocrx_word' id='word_1_317' title='bbox 2588 1586 2667 1651; x_wconf 81' lang='grc' dir='ltr'><strong>τὸ,</strong></span> <span class='ocrx_word' id='word_1_318' title='bbox 2716 1585 2775 1652; x_wconf 78' lang='grc' dir='ltr'><strong>ἐξ</strong></span> <span class='ocrx_word' id='word_1_319' title='bbox 2819 1587 3055 1655; x_wconf 78' lang='grc' dir='ltr'><strong>ἀμφοῖν,</strong></span> <span class='ocrx_word' id='word_1_320' title='bbox 3107 1586 3230 1639; x_wconf 82' lang='grc' dir='ltr'>κατ’</span> <span class='ocrx_word' id='word_1_321' title='bbox 3283 1588 3453 1656; x_wconf 76' lang='grc' dir='ltr'>αὐτὴν</span> <span class='ocrx_word' id='word_1_322' title='bbox 3491 1585 3662 1656; x_wconf 78' lang='grc' dir='ltr'>ἐκλη-</span> 
     </span>
    </p>
   </div>
   <div class='ocr_carea' id='block_1_44' title="bbox 2089 1674 3664 1748">
    <p class='ocr_par' dir='ltr' id='par_1_44' title="bbox 2089 1674 3664 1748">
     <span class='ocr_line' id='line_1_44' title="bbox 2089 1674 3664 1748; baseline 0.003 -21"><span class='ocrx_word' id='word_1_323' title='bbox 2089 1674 2249 1728; x_wconf 81' lang='grc' dir='ltr'>πτέον</span> <span class='ocrx_word' id='word_1_324' title='bbox 2293 1677 2391 1746; x_wconf 85' lang='grc' dir='ltr'>τὴν</span> <span class='ocrx_word' id='word_1_325' title='bbox 2434 1674 2674 1730; x_wconf 75' lang='grc' dir='ltr'>ἔννοιαν·</span> <span class='ocrx_word' id='word_1_326' title='bbox 2727 1676 2788 1731; x_wconf 81' lang='grc' dir='ltr'>τὸ</span> <span class='ocrx_word' id='word_1_327' title='bbox 2835 1676 3060 1747; x_wconf 79' lang='grc' dir='ltr'>Πνεῦμα</span> <span class='ocrx_word' id='word_1_328' title='bbox 3120 1677 3181 1730; x_wconf 79' lang='grc' dir='ltr'>τὸ</span> <span class='ocrx_word' id='word_1_329' title='bbox 3226 1678 3664 1748; x_wconf 80' lang='grc' dir='ltr'>ἐκπορευόμενον</span> 
     </span>
    </p>
   </div>
   <div class='ocr_carea' id='block_1_45' title="bbox 2088 1766 3667 1840">
    <p class='ocr_par' dir='ltr' id='par_1_45' title="bbox 2088 1766 3667 1840">
     <span class='ocr_line' id='line_1_45' title="bbox 2088 1766 3667 1840; baseline 0.002 -20"><span class='ocrx_word' id='word_1_330' title='bbox 2088 1770 2153 1820; x_wconf 82' lang='grc' dir='ltr'><strong>ὲκ</strong></span> <span class='ocrx_word' id='word_1_331' title='bbox 2198 1766 2291 1820; x_wconf 88' lang='grc' dir='ltr'><strong>τοῦ</strong></span> <span class='ocrx_word' id='word_1_332' title='bbox 2343 1768 2557 1840; x_wconf 84' lang='grc' dir='ltr'>Πατρδς</span> <span class='ocrx_word' id='word_1_333' title='bbox 2612 1768 2672 1833; x_wconf 75' lang='grc' dir='ltr'>ἐξ</span> <span class='ocrx_word' id='word_1_334' title='bbox 2716 1770 2917 1839; x_wconf 82' lang='grc' dir='ltr'>ἀμφοῖν</span> <span class='ocrx_word' id='word_1_335' title='bbox 2978 1767 3338 1839; x_wconf 81' lang='grc' dir='ltr'>ὲκλάμπεται,</span> <span class='ocrx_word' id='word_1_336' title='bbox 3394 1769 3667 1823; x_wconf 75' lang='grc' dir='ltr'>ἀποστέλ-</span> 
     </span>
    </p>
   </div>
   <div class='ocr_carea' id='block_1_46' title="bbox 2089 1858 3665 1933">
    <p class='ocr_par' dir='ltr' id='par_1_46' title="bbox 2089 1858 3665 1933">
     <span class='ocr_line' id='line_1_46' title="bbox 2089 1858 3665 1933; baseline 0.003 -22"><span class='ocrx_word' id='word_1_337' title='bbox 2089 1858 2240 1911; x_wconf 88' lang='grc' dir='ltr'>λεται</span> <span class='ocrx_word' id='word_1_338' title='bbox 2287 1859 2382 1911; x_wconf 80' lang='grc' dir='ltr'><strong>καὶ</strong></span> <span class='ocrx_word' id='word_1_339' title='bbox 2429 1858 2650 1924; x_wconf 83' lang='grc' dir='ltr'><strong>δίδοται,</strong></span> <span class='ocrx_word' id='word_1_340' title='bbox 2700 1860 2915 1931; x_wconf 86' lang='grc' dir='ltr'>Πατρὸς</span> <span class='ocrx_word' id='word_1_341' title='bbox 2988 1861 3085 1914; x_wconf 73' lang='grc' dir='ltr'><strong>καὶ</strong></span> <span class='ocrx_word' id='word_1_342' title='bbox 3132 1859 3296 1915; x_wconf 81' lang='grc' dir='ltr'>Υἱοῦ.</span> <span class='ocrx_word' id='word_1_343' title='bbox 3367 1863 3479 1915; x_wconf 76' lang='grc' dir='ltr'><strong>Καὶ</strong></span> <span class='ocrx_word' id='word_1_344' title='bbox 3540 1865 3665 1933; x_wconf 79' lang='grc' dir='ltr'>μετ’</span> 
     </span>
    </p>
   </div>
   <div class='ocr_carea' id='block_1_47' title="bbox 2089 1949 3669 2023">
    <p class='ocr_par' dir='ltr' id='par_1_47' title="bbox 2089 1949 3669 2023">
     <span class='ocr_line' id='line_1_47' title="bbox 2089 1949 3669 2023; baseline 0.003 -22"><span class='ocrx_word' id='word_1_345' title='bbox 2089 1949 2275 2018; x_wconf 81' lang='grc' dir='ltr'><strong>ὀλίγα·</strong></span> <span class='ocrx_word' id='word_1_346' title='bbox 2345 1950 2449 2003; x_wconf 83' lang='grc' dir='ltr'><strong>Δύο</strong></span> <span class='ocrx_word' id='word_1_347' title='bbox 2509 1952 2789 2023; x_wconf 77' lang='grc' dir='ltr'>γεννήσεις</span> <span class='ocrx_word' id='word_1_348' title='bbox 2857 1951 2935 2016; x_wconf 87' lang='grc' dir='ltr'>ὡς</span> <span class='ocrx_word' id='word_1_349' title='bbox 2990 1951 3195 2007; x_wconf 73' lang='grc' dir='ltr'>ἄνωθεν</span> <span class='ocrx_word' id='word_1_350' title='bbox 3272 1952 3442 2022; x_wconf 77' lang='grc' dir='ltr'>ἔφθην</span> <span class='ocrx_word' id='word_1_351' title='bbox 3489 1951 3669 2007; x_wconf 76' lang='grc' dir='ltr'>εἰπὼν</span> 
     </span>
    </p>
   </div>
   <div class='ocr_carea' id='block_1_48' title="bbox 2089 2039 3670 2114">
    <p class='ocr_par' dir='ltr' id='par_1_48' title="bbox 2089 2039 3670 2114">
     <span class='ocr_line' id='line_1_48' title="bbox 2089 2039 3670 2114; baseline 0.002 -22"><span class='ocrx_word' id='word_1_352' title='bbox 2089 2040 2185 2093; x_wconf 81' lang='grc' dir='ltr'><strong>ἐπὶ</strong></span> <span class='ocrx_word' id='word_1_353' title='bbox 2231 2039 2323 2093; x_wconf 92' lang='grc' dir='ltr'><strong>τοῦ</strong></span> <span class='ocrx_word' id='word_1_354' title='bbox 2379 2042 2554 2109; x_wconf 85' lang='grc' dir='ltr'>Λόγου</span> <span class='ocrx_word' id='word_1_355' title='bbox 2602 2042 2928 2113; x_wconf 84' lang='grc' dir='ltr'>μεμάθηκα·</span> <span class='ocrx_word' id='word_1_356' title='bbox 2984 2042 3113 2113; x_wconf 79' lang='grc' dir='ltr'>μίαν</span> <span class='ocrx_word' id='word_1_357' title='bbox 3158 2042 3257 2112; x_wconf 83' lang='grc' dir='ltr'><strong>μὲν</strong></span> <span class='ocrx_word' id='word_1_358' title='bbox 3301 2042 3399 2114; x_wconf 78' lang='grc' dir='ltr'>τὴν</span> <span class='ocrx_word' id='word_1_359' title='bbox 3453 2044 3517 2096; x_wconf 80' lang='grc' dir='ltr'><strong>ἐκ</strong></span> <span class='ocrx_word' id='word_1_360' title='bbox 3548 2044 3670 2096; x_wconf 81' lang='grc' dir='ltr'><strong>Πα-</strong></span> 
     </span>
    </p>
   </div>
   <div class='ocr_carea' id='block_1_49' title="bbox 2088 2129 3671 2204">
    <p class='ocr_par' dir='ltr' id='par_1_49' title="bbox 2088 2129 3671 2204">
     <span class='ocr_line' id='line_1_49' title="bbox 2088 2129 3671 2204; baseline 0.001 -21"><span class='ocrx_word' id='word_1_361' title='bbox 2088 2129 2216 2199; x_wconf 85' lang='grc' dir='ltr'>τρὸς</span> <span class='ocrx_word' id='word_1_362' title='bbox 2272 2130 2365 2182; x_wconf 80' lang='grc' dir='ltr'><strong>καὶ</strong></span> <span class='ocrx_word' id='word_1_363' title='bbox 2410 2130 2549 2200; x_wconf 85' lang='grc' dir='ltr'><strong>ὑπὲρ</strong></span> <span class='ocrx_word' id='word_1_364' title='bbox 2589 2130 2797 2201; x_wconf 83' lang='grc' dir='ltr'>χρόνον,</span> <span class='ocrx_word' id='word_1_365' title='bbox 2844 2132 2973 2203; x_wconf 79' lang='grc' dir='ltr'>μίαν</span> <span class='ocrx_word' id='word_1_366' title='bbox 3007 2132 3065 2185; x_wconf 87' lang='grc' dir='ltr'>δὲ</span> <span class='ocrx_word' id='word_1_367' title='bbox 3117 2133 3215 2203; x_wconf 79' lang='grc' dir='ltr'><strong>τὴν</strong></span> <span class='ocrx_word' id='word_1_368' title='bbox 3263 2134 3326 2185; x_wconf 79' lang='grc' dir='ltr'><strong>ὲκ</strong></span> <span class='ocrx_word' id='word_1_369' title='bbox 3371 2132 3469 2201; x_wconf 82' lang='grc' dir='ltr'>τῆς</span> <span class='ocrx_word' id='word_1_370' title='bbox 3511 2133 3671 2204; x_wconf 87' lang='grc' dir='ltr'><strong>Παρ-</strong></span> 
     </span>
    </p>
   </div>
   <div class='ocr_carea' id='block_1_50' title="bbox 2094 2220 3674 2295">
    <p class='ocr_par' dir='ltr' id='par_1_50' title="bbox 2094 2220 3674 2295">
     <span class='ocr_line' id='line_1_50' title="bbox 2094 2220 3674 2295; baseline 0.002 -21"><span class='ocrx_word' id='word_1_371' title='bbox 2094 2220 2248 2274; x_wconf 78' lang='grc' dir='ltr'>θένου</span> <span class='ocrx_word' id='word_1_372' title='bbox 2323 2222 2417 2274; x_wconf 76' lang='grc' dir='ltr'>καὶ</span> <span class='ocrx_word' id='word_1_373' title='bbox 2472 2222 2575 2275; x_wconf 84' lang='grc' dir='ltr'>ὑπὸ</span> <span class='ocrx_word' id='word_1_374' title='bbox 2637 2223 2861 2293; x_wconf 81' lang='grc' dir='ltr'>χρόνον.</span> <span class='ocrx_word' id='word_1_375' title='bbox 2943 2223 3215 2288; x_wconf 78' lang='grc' dir='ltr'>Ὡσαύτως</span> <span class='ocrx_word' id='word_1_376' title='bbox 3261 2224 3352 2277; x_wconf 77' lang='grc' dir='ltr'><strong>καὶ</strong></span> <span class='ocrx_word' id='word_1_377' title='bbox 3394 2224 3489 2277; x_wconf 75' lang='grc' dir='ltr'><strong>δύο</strong></span> <span class='ocrx_word' id='word_1_378' title='bbox 3538 2240 3674 2295; x_wconf 85' lang='grc' dir='ltr'><strong>προ-</strong></span> 
     </span>
    </p>
   </div>
   <div class='ocr_carea' id='block_1_51' title="bbox 2093 2312 3674 2387">
    <p class='ocr_par' dir='ltr' id='par_1_51' title="bbox 2093 2312 3674 2387">
     <span class='ocr_line' id='line_1_51' title="bbox 2093 2312 3674 2387; baseline 0.003 -23"><span class='ocrx_word' id='word_1_379' title='bbox 2093 2312 2276 2382; x_wconf 80' lang='grc' dir='ltr'>χύσεις</span> <span class='ocrx_word' id='word_1_380' title='bbox 2334 2313 2580 2383; x_wconf 81' lang='grc' dir='ltr'>ὲμυήθην</span> <span class='ocrx_word' id='word_1_381' title='bbox 2653 2316 2747 2367; x_wconf 76' lang='grc' dir='ltr'>ἐπὶ</span> <span class='ocrx_word' id='word_1_382' title='bbox 2793 2312 2888 2367; x_wconf 86' lang='grc' dir='ltr'><strong>τοῦ</strong></span> <span class='ocrx_word' id='word_1_383' title='bbox 2955 2315 3307 2387; x_wconf 79' lang='grc' dir='ltr'>Πνεῦματος·</span> <span class='ocrx_word' id='word_1_384' title='bbox 3381 2316 3509 2387; x_wconf 74' lang='grc' dir='ltr'>μίαν</span> <span class='ocrx_word' id='word_1_385' title='bbox 3568 2316 3674 2385; x_wconf 82' lang='grc' dir='ltr'><strong>μὲν</strong></span> 
     </span>
    </p>
   </div>
   <div class='ocr_carea' id='block_1_52' title="bbox 2092 2403 3675 2479">
    <p class='ocr_par' dir='ltr' id='par_1_52' title="bbox 2092 2403 3675 2479">
     <span class='ocr_line' id='line_1_52' title="bbox 2092 2403 3675 2479; baseline 0.004 -25"><span class='ocrx_word' id='word_1_386' title='bbox 2092 2403 2190 2475; x_wconf 77' lang='grc' dir='ltr'><strong>τὴν</strong></span> <span class='ocrx_word' id='word_1_387' title='bbox 2240 2404 2633 2476; x_wconf 77' lang='grc' dir='ltr'>ἐκπορευτικὴν</span> <span class='ocrx_word' id='word_1_388' title='bbox 2678 2408 2773 2459; x_wconf 76' lang='grc' dir='ltr'><strong>καὶ</strong></span> <span class='ocrx_word' id='word_1_389' title='bbox 2827 2407 2965 2479; x_wconf 78' lang='grc' dir='ltr'>ὑπὲρ</span> <span class='ocrx_word' id='word_1_390' title='bbox 3007 2408 3217 2479; x_wconf 83' lang='grc' dir='ltr'>χρόνον,</span> <span class='ocrx_word' id='word_1_391' title='bbox 3256 2409 3349 2462; x_wconf 76' lang='grc' dir='ltr'><strong>καὶ</strong></span> <span class='ocrx_word' id='word_1_392' title='bbox 3393 2408 3522 2479; x_wconf 83' lang='grc' dir='ltr'>μίαν</span> <span class='ocrx_word' id='word_1_393' title='bbox 3569 2408 3675 2478; x_wconf 67' lang='grc' dir='ltr'><strong>τὴν</strong></span> 
     </span>
    </p>
   </div>
   <div class='ocr_carea' id='block_1_53' title="bbox 2098 2506 3675 2581">
    <p class='ocr_par' dir='ltr' id='par_1_53' title="bbox 2098 2506 3675 2581">
     <span class='ocr_line' id='line_1_53' title="bbox 2098 2506 3675 2581; baseline 0.001 -22"><span class='ocrx_word' id='word_1_394' title='bbox 2098 2506 2451 2577; x_wconf 74' lang='grc' dir='ltr'>μεταδοτικὴν</span> <span class='ocrx_word' id='word_1_395' title='bbox 2504 2507 2855 2579; x_wconf 76' lang='grc' dir='ltr'>ἀγαοὸτητος.</span> <span class='ocrx_word' id='word_1_396' title='bbox 2909 2509 3071 2564; x_wconf 74' lang='grc' dir='ltr'>Ἀλλὰ</span> <span class='ocrx_word' id='word_1_397' title='bbox 3118 2510 3218 2579; x_wconf 84' lang='grc' dir='ltr'><strong>τῆς</strong></span> <span class='ocrx_word' id='word_1_398' title='bbox 3272 2509 3496 2581; x_wconf 80' lang='grc' dir='ltr'>πρώτης</span> <span class='ocrx_word' id='word_1_399' title='bbox 3540 2526 3675 2578; x_wconf 79' lang='grc' dir='ltr'>γενο</span> 
     </span>
    </p>
   </div>
   <div class='ocr_carea' id='block_1_54' title="bbox 2095 2596 3675 2673">
    <p class='ocr_par' dir='ltr' id='par_1_54' title="bbox 2095 2596 3675 2673">
     <span class='ocr_line' id='line_1_54' title="bbox 2095 2596 3675 2673; baseline 0.003 -25"><span class='ocrx_word' id='word_1_400' title='bbox 2095 2598 2303 2668; x_wconf 72' lang='grc' dir='ltr'>νήσεως</span> <span class='ocrx_word' id='word_1_401' title='bbox 2352 2596 2446 2649; x_wconf 87' lang='grc' dir='ltr'><strong>τοῦ</strong></span> <span class='ocrx_word' id='word_1_402' title='bbox 2504 2596 2678 2665; x_wconf 79' lang='grc' dir='ltr'>Υῐοῦ,</span> <span class='ocrx_word' id='word_1_403' title='bbox 2748 2601 2843 2653; x_wconf 73' lang='grc' dir='ltr'><strong>καὶ</strong></span> <span class='ocrx_word' id='word_1_404' title='bbox 2890 2600 2991 2671; x_wconf 85' lang='grc' dir='ltr'>τῆς</span> <span class='ocrx_word' id='word_1_405' title='bbox 3046 2599 3269 2673; x_wconf 79' lang='grc' dir='ltr'>πρώτης</span> <span class='ocrx_word' id='word_1_406' title='bbox 3336 2600 3429 2653; x_wconf 90' lang='grc' dir='ltr'><strong>τοῦ</strong></span> <span class='ocrx_word' id='word_1_407' title='bbox 3493 2600 3675 2654; x_wconf 81' lang='grc' dir='ltr'>Πνεῦ-</span> 
     </span>
    </p>
   </div>
   <div class='ocr_carea' id='block_1_55' title="bbox 2100 2685 3677 2760">
    <p class='ocr_par' dir='ltr' id='par_1_55' title="bbox 2100 2685 3677 2760">
     <span class='ocr_line' id='line_1_55' title="bbox 2100 2685 3677 2760; baseline 0.001 -21"><span class='ocrx_word' id='word_1_408' title='bbox 2100 2702 2267 2756; x_wconf 80' lang='grc' dir='ltr'>ματος</span> <span class='ocrx_word' id='word_1_409' title='bbox 2311 2685 2709 2756; x_wconf 81' lang='grc' dir='ltr'>ὲκπορεύσεως,</span> <span class='ocrx_word' id='word_1_410' title='bbox 2763 2689 2793 2740; x_wconf 87' lang='lat'><strong>6</strong></span> <span class='ocrx_word' id='word_1_411' title='bbox 2845 2688 3035 2760; x_wconf 77' lang='grc' dir='ltr'>Πατὴρ</span> <span class='ocrx_word' id='word_1_412' title='bbox 3090 2689 3247 2759; x_wconf 84' lang='grc' dir='ltr'>μόνος</span> <span class='ocrx_word' id='word_1_413' title='bbox 3287 2687 3478 2751; x_wconf 77' lang='grc' dir='ltr'>αἴτιος.</span> <span class='ocrx_word' id='word_1_414' title='bbox 3561 2688 3677 2757; x_wconf 81' lang='grc' dir='ltr'><strong>Τῆς</strong></span> 
     </span>
    </p>
   </div>
   <div class='ocr_carea' id='block_1_56' title="bbox 421 2776 2001 2850">
    <p class='ocr_par' dir='ltr' id='par_1_56' title="bbox 421 2776 2001 2850">
     <span class='ocr_line' id='line_1_56' title="bbox 421 2776 2001 2850; baseline 0.005 -18"><span class='ocrx_word' id='word_1_415' title='bbox 421 2776 503 2832; x_wconf 86' lang='lat' dir='ltr'><strong>Ex</strong></span> <span class='ocrx_word' id='word_1_416' title='bbox 534 2777 800 2834; x_wconf 81' lang='lat' dir='ltr'><strong>ambebus</strong></span> <span class='ocrx_word' id='word_1_417' title='bbox 828 2779 1031 2850; x_wconf 89' lang='lat' dir='ltr'><strong>itaque,</strong></span> <span class='ocrx_word' id='word_1_418' title='bbox 1064 2778 1227 2834; x_wconf 89' lang='lat' dir='ltr'><strong>Patre</strong></span> <span class='ocrx_word' id='word_1_419' title='bbox 1256 2781 1466 2835; x_wconf 87' lang='lat' dir='ltr'><strong>scilicet</strong></span> <span class='ocrx_word' id='word_1_420' title='bbox 1492 2790 1546 2836; x_wconf 93' lang='lat' dir='ltr'><strong>et</strong></span> <span class='ocrx_word' id='word_1_421' title='bbox 1570 2780 1729 2845; x_wconf 83' lang='lat' dir='ltr'><strong>Filio,</strong></span> <span class='ocrx_word' id='word_1_422' title='bbox 1770 2783 1835 2838; x_wconf 88' lang='lat' dir='ltr'><strong>ad</strong></span> <span class='ocrx_word' id='word_1_423' title='bbox 1886 2785 2001 2840; x_wconf 81' lang='lat' dir='ltr'><strong>dis-</strong></span> 
     </span>
    </p>
   </div>
   <div class='ocr_carea' id='block_1_57' title="bbox 422 2872 2001 2940">
    <p class='ocr_par' dir='ltr' id='par_1_57' title="bbox 422 2872 2001 2940">
     <span class='ocr_line' id='line_1_57' title="bbox 422 2872 2001 2940; baseline 0.003 -15"><span class='ocrx_word' id='word_1_424' title='bbox 422 2873 799 2940; x_wconf 87' lang='lat' dir='ltr'><strong>pensationem</strong></span> <span class='ocrx_word' id='word_1_425' title='bbox 829 2872 1130 2927; x_wconf 84' lang='lat' dir='ltr'><strong>ell&#39;uuditur</strong></span> <span class='ocrx_word' id='word_1_426' title='bbox 1162 2893 1176 2929; x_wconf 90' lang='lat'><strong>:</strong></span> <span class='ocrx_word' id='word_1_427' title='bbox 1219 2889 1329 2929; x_wconf 92' lang='lat' dir='ltr'><strong>non</strong></span> <span class='ocrx_word' id='word_1_428' title='bbox 1361 2873 1661 2928; x_wconf 90' lang='lat' dir='ltr'><strong>secundum</strong></span> <span class='ocrx_word' id='word_1_429' title='bbox 1693 2875 2001 2930; x_wconf 81' lang='lat' dir='ltr'><strong>subsisten-</strong></span> 
     </span>
    </p>
   </div>
   <div class='ocr_carea' id='block_1_58' title="bbox 423 2960 2000 3037">
    <p class='ocr_par' dir='ltr' id='par_1_58' title="bbox 423 2960 2000 3037">
     <span class='ocr_line' id='line_1_58' title="bbox 423 2960 2000 3037; baseline 0.004 -23"><span class='ocrx_word' id='word_1_430' title='bbox 423 2960 577 3026; x_wconf 90' lang='lat' dir='ltr'><strong>tiam,</strong></span> <span class='ocrx_word' id='word_1_431' title='bbox 607 2962 780 3018; x_wconf 88' lang='lat' dir='ltr'><strong>absitl</strong></span> <span class='ocrx_word' id='word_1_432' title='bbox 819 2963 1061 3034; x_wconf 88' lang='lat' dir='ltr'><strong>alioquin</strong></span> <span class='ocrx_word' id='word_1_433' title='bbox 1104 2964 1226 3020; x_wconf 74' lang='lat' dir='ltr'><strong>duae</strong></span> <span class='ocrx_word' id='word_1_434' title='bbox 1252 2979 1432 3019; x_wconf 67' lang='lat' dir='ltr'><strong>causa:</strong></span> <span class='ocrx_word' id='word_1_435' title='bbox 1458 2980 1743 3037; x_wconf 88' lang='lat' dir='ltr'><strong>perperam</strong></span> <span class='ocrx_word' id='word_1_436' title='bbox 1774 2967 2000 3021; x_wconf 90' lang='lat' dir='ltr'><strong>induce-</strong></span> 
     </span>
    </p>
   </div>
   <div class='ocr_carea' id='block_1_59' title="bbox 2096 2778 3677 2854">
    <p class='ocr_par' dir='ltr' id='par_1_59' title="bbox 2096 2778 3677 2854">
     <span class='ocr_line' id='line_1_59' title="bbox 2096 2778 3677 2854; baseline 0.006 -23"><span class='ocrx_word' id='word_1_437' title='bbox 2096 2778 2153 2831; x_wconf 81' lang='grc' dir='ltr'>δὲ</span> <span class='ocrx_word' id='word_1_438' title='bbox 2193 2778 2357 2850; x_wconf 77' lang='grc' dir='ltr'>ἄλλης</span> <span class='ocrx_word' id='word_1_439' title='bbox 2398 2782 2706 2851; x_wconf 84' lang='grc' dir='ltr'>γεννήσεως</span> <span class='ocrx_word' id='word_1_440' title='bbox 2735 2780 2837 2851; x_wconf 82' lang='grc' dir='ltr'>τῆς</span> <span class='ocrx_word' id='word_1_441' title='bbox 2862 2782 2967 2836; x_wconf 82' lang='grc' dir='ltr'><strong>ὑπὸ</strong></span> <span class='ocrx_word' id='word_1_442' title='bbox 2993 2783 3216 2854; x_wconf 87' lang='grc' dir='ltr'>χρόνον,</span> <span class='ocrx_word' id='word_1_443' title='bbox 3260 2783 3353 2836; x_wconf 73' lang='grc' dir='ltr'><strong>καὶ</strong></span> <span class='ocrx_word' id='word_1_444' title='bbox 3379 2781 3481 2851; x_wconf 78' lang='grc' dir='ltr'>τῆς</span> <span class='ocrx_word' id='word_1_445' title='bbox 3504 2780 3677 2850; x_wconf 71' lang='lat' dir='ltr'><strong>mn;</strong></span> 
     </span>
    </p>
   </div>
   <div class='ocr_carea' id='block_1_60' title="bbox 2100 2876 3681 2951">
    <p class='ocr_par' dir='ltr' id='par_1_60' title="bbox 2100 2876 3681 2951">
     <span class='ocr_line' id='line_1_60' title="bbox 2100 2876 3681 2951; baseline 0 -21"><span class='ocrx_word' id='word_1_446' title='bbox 2100 2876 2417 2950; x_wconf 80' lang='grc' dir='ltr'>προχῦσεως</span> <span class='ocrx_word' id='word_1_447' title='bbox 2449 2877 2546 2947; x_wconf 80' lang='grc' dir='ltr'>τῆς</span> <span class='ocrx_word' id='word_1_448' title='bbox 2595 2879 2950 2950; x_wconf 66' lang='grc' dir='ltr'>μεταὼτικῆς</span> <span class='ocrx_word' id='word_1_449' title='bbox 2969 2920 2984 2945; x_wconf 95' lang='grc'><strong>,</strong></span> <span class='ocrx_word' id='word_1_450' title='bbox 3018 2880 3079 2933; x_wconf 82' lang='grc' dir='ltr'>οὐ</span> <span class='ocrx_word' id='word_1_451' title='bbox 3116 2880 3274 2951; x_wconf 85' lang='grc' dir='ltr'>μόνος</span> <span class='ocrx_word' id='word_1_452' title='bbox 3306 2878 3480 2943; x_wconf 79' lang='grc' dir='ltr'>αἴτιος</span> <span class='ocrx_word' id='word_1_453' title='bbox 3505 2881 3537 2933; x_wconf 92' lang='lat'><strong>6</strong></span> <span class='ocrx_word' id='word_1_454' title='bbox 3567 2879 3681 2931; x_wconf 87' lang='grc' dir='ltr'><strong>Πα-</strong></span> 
     </span>
    </p>
   </div>
   <div class='ocr_carea' id='block_1_61' title="bbox 2100 2968 3684 3042">
    <p class='ocr_par' dir='ltr' id='par_1_61' title="bbox 2100 2968 3684 3042">
     <span class='ocr_line' id='line_1_61' title="bbox 2100 2968 3684 3042; baseline 0.001 -20"><span class='ocrx_word' id='word_1_455' title='bbox 2100 2971 2227 3041; x_wconf 77' lang='grc' dir='ltr'>τὴρ,</span> <span class='ocrx_word' id='word_1_456' title='bbox 2264 2968 2400 3023; x_wconf 81' lang='grc' dir='ltr'>ἀλλὰ</span> <span class='ocrx_word' id='word_1_457' title='bbox 2436 2970 2528 3023; x_wconf 77' lang='grc' dir='ltr'>καὶ</span> <span class='ocrx_word' id='word_1_458' title='bbox 2556 2972 2585 3025; x_wconf 87' lang='lat'><strong>6</strong></span> <span class='ocrx_word' id='word_1_459' title='bbox 2614 2970 2741 3034; x_wconf 82' lang='grc' dir='ltr'>Υἱὸς</span> <span class='ocrx_word' id='word_1_460' title='bbox 2772 2972 2866 3025; x_wconf 77' lang='grc' dir='ltr'>καὶ</span> <span class='ocrx_word' id='word_1_461' title='bbox 2895 2972 2956 3025; x_wconf 87' lang='grc' dir='ltr'>τὸ</span> <span class='ocrx_word' id='word_1_462' title='bbox 2988 2972 3211 3042; x_wconf 86' lang='grc' dir='ltr'>Πνεῦμα</span> <span class='ocrx_word' id='word_1_463' title='bbox 3243 2971 3303 3024; x_wconf 78' lang='grc' dir='ltr'>τὸ</span> <span class='ocrx_word' id='word_1_464' title='bbox 3341 2971 3532 3040; x_wconf 74' lang='grc' dir='ltr'>ἅγιον.</span> <span class='ocrx_word' id='word_1_465' title='bbox 3588 2970 3684 3035; x_wconf 75' lang='grc' dir='ltr'><strong>Ἐξ</strong></span> 
     </span>
    </p>
   </div>
   <div class='ocr_carea' id='block_1_62' title="bbox 423 3054 1987 3134">
    <p class='ocr_par' dir='ltr' id='par_1_62' title="bbox 423 3054 1987 3127">
     <span class='ocr_line' id='line_1_62' title="bbox 423 3054 1987 3127; baseline 0.004 -20"><span class='ocrx_word' id='word_1_466' title='bbox 423 3060 637 3117; x_wconf 88' lang='lat' dir='ltr'><strong>rentur,</strong></span> <span class='ocrx_word' id='word_1_467' title='bbox 663 3069 784 3124; x_wconf 68' lang='lat' dir='ltr'><strong>quae</strong></span> <span class='ocrx_word' id='word_1_468' title='bbox 823 3055 915 3109; x_wconf 91' lang='lat' dir='ltr'><strong>uni</strong></span> <span class='ocrx_word' id='word_1_469' title='bbox 949 3054 1026 3109; x_wconf 92' lang='lat' dir='ltr'><strong>illi</strong></span> <span class='ocrx_word' id='word_1_470' title='bbox 1072 3056 1318 3126; x_wconf 90' lang='lat' dir='ltr'><strong>ejusdem</strong></span> <span class='ocrx_word' id='word_1_471' title='bbox 1370 3063 1580 3109; x_wconf 70' lang='lat' dir='ltr'><strong>naturae</strong></span> <span class='ocrx_word' id='word_1_472' title='bbox 1630 3070 1695 3111; x_wconf 91' lang='lat' dir='ltr'><strong>ac</strong></span> <span class='ocrx_word' id='word_1_473' title='bbox 1724 3058 1873 3127; x_wconf 90' lang='lat' dir='ltr'><strong>paris</strong></span> <span class='ocrx_word' id='word_1_474' title='bbox 1903 3057 1987 3113; x_wconf 84' lang='lat' dir='ltr'><strong>ho-</strong></span> 
     </span>
    </p>
   </div>
   <div class='ocr_carea' id='block_1_63' title="bbox 2088 3054 3682 3134">
    <p class='ocr_par' dir='ltr' id='par_1_63' title="bbox 2103 3060 3682 3134">
     <span class='ocr_line' id='line_1_63' title="bbox 2103 3060 3682 3134; baseline 0.001 -22"><span class='ocrx_word' id='word_1_475' title='bbox 2103 3061 2305 3130; x_wconf 82' lang='grc' dir='ltr'>ἀμφοῖν</span> <span class='ocrx_word' id='word_1_476' title='bbox 2338 3060 2625 3131; x_wconf 90' lang='grc' dir='ltr'>τοιγαροῦν</span> <span class='ocrx_word' id='word_1_477' title='bbox 2652 3061 2711 3116; x_wconf 82' lang='grc' dir='ltr'><strong>τὸ</strong></span> <span class='ocrx_word' id='word_1_478' title='bbox 2736 3060 2983 3133; x_wconf 85' lang='grc' dir='ltr'>Πνεῦμα,</span> <span class='ocrx_word' id='word_1_479' title='bbox 3010 3062 3222 3134; x_wconf 85' lang='grc' dir='ltr'>Πατρὸς</span> <span class='ocrx_word' id='word_1_480' title='bbox 3249 3063 3342 3115; x_wconf 73' lang='grc' dir='ltr'><strong>καὶ</strong></span> <span class='ocrx_word' id='word_1_481' title='bbox 3364 3060 3515 3124; x_wconf 83' lang='grc' dir='ltr'>Υἱοῦ,</span> <span class='ocrx_word' id='word_1_482' title='bbox 3544 3060 3682 3132; x_wconf 77' lang='grc' dir='ltr'>πρὸς</span> 
     </span>
    </p>
   </div>
   <div class='ocr_carea' id='block_1_64' title="bbox 423 3145 1987 3226">
    <p class='ocr_par' dir='ltr' id='par_1_64' title="bbox 423 3145 1619 3210">
     <span class='ocr_line' id='line_1_64' title="bbox 423 3145 1619 3210; baseline 0.003 -11"><span class='ocrx_word' id='word_1_483' title='bbox 423 3145 575 3200; x_wconf 89' lang='lat' dir='ltr'><strong>noris</strong></span> <span class='ocrx_word' id='word_1_484' title='bbox 605 3146 910 3210; x_wconf 81' lang='lat' dir='ltr'><strong>exsistenti,</strong></span> <span class='ocrx_word' id='word_1_485' title='bbox 942 3148 1168 3201; x_wconf 90' lang='lat' dir='ltr'><strong>multum</strong></span> <span class='ocrx_word' id='word_1_486' title='bbox 1210 3148 1619 3202; x_wconf 89' lang='lat' dir='ltr'><strong>antecellerent.</strong></span> 
     </span>
    </p>
   </div>
   <div class='ocr_carea' id='block_1_65' title="bbox 2088 3145 3685 3226">
    <p class='ocr_par' dir='ltr' id='par_1_65' title="bbox 2104 3150 3685 3226">
     <span class='ocr_line' id='line_1_65' title="bbox 2104 3150 3685 3226; baseline 0.001 -22"><span class='ocrx_word' id='word_1_487' title='bbox 2104 3150 2425 3222; x_wconf 79' lang='grc' dir='ltr'>ἐπινέμησιν</span> <span class='ocrx_word' id='word_1_488' title='bbox 2456 3155 2775 3223; x_wconf 85' lang='grc' dir='ltr'>προχεῖται·</span> <span class='ocrx_word' id='word_1_489' title='bbox 2806 3153 2867 3206; x_wconf 82' lang='grc' dir='ltr'>οὐ</span> <span class='ocrx_word' id='word_1_490' title='bbox 2898 3153 3040 3207; x_wconf 83' lang='grc' dir='ltr'><strong>κατὰ</strong></span> <span class='ocrx_word' id='word_1_491' title='bbox 3067 3154 3164 3225; x_wconf 75' lang='grc' dir='ltr'>τὴν</span> <span class='ocrx_word' id='word_1_492' title='bbox 3193 3152 3448 3226; x_wconf 79' lang='grc' dir='ltr'>ὓπαρξιν,</span> <span class='ocrx_word' id='word_1_493' title='bbox 3482 3150 3563 3225; x_wconf 83' lang='grc' dir='ltr'>μὴ</span> <span class='ocrx_word' id='word_1_494' title='bbox 3589 3150 3685 3222; x_wconf 77' lang='grc' dir='ltr'><strong>γέ-</strong></span> 
     </span>
    </p>
   </div>
   <div class='ocr_carea' id='block_1_66' title="bbox 431 3235 3287 3315">
    <p class='ocr_par' dir='ltr' id='par_1_66' title="bbox 431 3235 3287 3315">
     <span class='ocr_line' id='line_1_66' title="bbox 431 3235 3287 3315; baseline 0.005 -27"><span class='ocrx_word' id='word_1_495' title='bbox 431 3251 567 3288; x_wconf 55' lang='grc' dir='ltr'>νοιτο</span> <span class='ocrx_word' id='word_1_496' title='bbox 591 3235 604 3289; x_wconf 85' lang='lat' dir='ltr'><strong>l</strong></span> <span class='ocrx_word' id='word_1_497' title='bbox 635 3236 755 3289; x_wconf 73' lang='grc' dir='ltr'>ἐπεὶ</span> <span class='ocrx_word' id='word_1_498' title='bbox 785 3236 877 3290; x_wconf 82' lang='grc' dir='ltr'>δύο</span> <span class='ocrx_word' id='word_1_499' title='bbox 904 3237 974 3290; x_wconf 83' lang='grc' dir='ltr'>τὰ</span> <span class='ocrx_word' id='word_1_500' title='bbox 999 3236 1149 3291; x_wconf 77' lang='grc' dir='ltr'>αἴτια</span> <span class='ocrx_word' id='word_1_501' title='bbox 1168 3238 1610 3309; x_wconf 81' lang='grc' dir='ltr'>παρεισάγονται,</span> <span class='ocrx_word' id='word_1_502' title='bbox 1633 3236 1726 3292; x_wconf 87' lang='grc' dir='ltr'><strong>τοῦ</strong></span> <span class='ocrx_word' id='word_1_503' title='bbox 1753 3237 1870 3301; x_wconf 79' lang='grc' dir='ltr'>ἐνὸς</span> <span class='ocrx_word' id='word_1_504' title='bbox 1892 3239 2171 3311; x_wconf 81' lang='grc' dir='ltr'>συμφυοῦς</span> <span class='ocrx_word' id='word_1_505' title='bbox 2201 3241 2295 3294; x_wconf 75' lang='grc' dir='ltr'><strong>καὶ</strong></span> <span class='ocrx_word' id='word_1_506' title='bbox 2322 3242 2584 3314; x_wconf 81' lang='grc' dir='ltr'>ὁμοτίμου</span> <span class='ocrx_word' id='word_1_507' title='bbox 2614 3243 2757 3298; x_wconf 85' lang='grc' dir='ltr'><strong>κατά</strong></span> <span class='ocrx_word' id='word_1_508' title='bbox 2784 3244 2919 3298; x_wconf 81' lang='grc' dir='ltr'>πολὺ</span> <span class='ocrx_word' id='word_1_509' title='bbox 2948 3244 3287 3315; x_wconf 76' lang='grc' dir='ltr'>διαφέροντα.</span> 
     </span>
    </p>
   </div>
   <div class='ocr_carea' id='block_1_67' title="bbox 868 3533 3239 3632">
    <p class='ocr_par' dir='ltr' id='par_1_67' title="bbox 868 3533 3239 3632">
     <span class='ocr_line' id='line_1_67' title="bbox 868 3533 3239 3632; baseline 0.003 -10"><span class='ocrx_word' id='word_1_510' title='bbox 868 3536 991 3623; x_wconf 85' lang='grc' dir='ltr'>ΙΝ</span> <span class='ocrx_word' id='word_1_511' title='bbox 1065 3535 1701 3624; x_wconf 82' lang='lat' dir='ltr'><strong>SYNTAGMA</strong></span> <span class='ocrx_word' id='word_1_512' title='bbox 1758 3533 2407 3627; x_wconf 64' lang='lat' dir='ltr'><strong>DOCTRINIE</strong></span> <span class='ocrx_word' id='word_1_513' title='bbox 2493 3537 3239 3632; x_wconf 87' lang='lat' dir='ltr'><strong>ADMONITIO.</strong></span> 
     </span>
    </p>
   </div>
   <div class='ocr_carea' id='block_1_68' title="bbox 499 3795 3692 3872">
    <p class='ocr_par' dir='ltr' id='par_1_68' title="bbox 499 3795 3692 3872">
     <span class='ocr_line' id='line_1_68' title="bbox 499 3795 3692 3872; baseline -0.001 -17"><span class='ocrx_word' id='word_1_514' title='bbox 499 3800 614 3856; x_wconf 81' lang='lat' dir='ltr'><strong>Hoc</strong></span> <span class='ocrx_word' id='word_1_515' title='bbox 643 3802 951 3872; x_wconf 79' lang='lat' dir='ltr'><strong>opusculum</strong></span> <span class='ocrx_word' id='word_1_516' title='bbox 987 3802 1173 3871; x_wconf 83' lang='lat' dir='ltr'><strong>paucis</strong></span> <span class='ocrx_word' id='word_1_517' title='bbox 1220 3800 1285 3855; x_wconf 93' lang='lat' dir='ltr'><strong>ab</strong></span> <span class='ocrx_word' id='word_1_518' title='bbox 1335 3800 1454 3855; x_wconf 86' lang='lat' dir='ltr'><strong>hinc</strong></span> <span class='ocrx_word' id='word_1_519' title='bbox 1497 3802 1653 3855; x_wconf 88' lang='lat' dir='ltr'><strong>annis</strong></span> <span class='ocrx_word' id='word_1_520' title='bbox 1686 3801 1742 3857; x_wconf 85' lang='lat' dir='ltr'><strong>in</strong></span> <span class='ocrx_word' id='word_1_521' title='bbox 1785 3801 1955 3857; x_wconf 85' lang='lat' dir='ltr'><strong>lucem</strong></span> <span class='ocrx_word' id='word_1_522' title='bbox 1986 3800 2210 3871; x_wconf 79' lang='lat' dir='ltr'><strong>protulit</strong></span> <span class='ocrx_word' id='word_1_523' title='bbox 2247 3798 2327 3852; x_wconf 79' lang='lat' dir='ltr'><strong>vir</strong></span> <span class='ocrx_word' id='word_1_524' title='bbox 2356 3797 2567 3851; x_wconf 90' lang='lat' dir='ltr'><strong>clariss.</strong></span> <span class='ocrx_word' id='word_1_525' title='bbox 2606 3796 2848 3853; x_wconf 79' lang='lat' dir='ltr'><strong>Andreas</strong></span> <span class='ocrx_word' id='word_1_526' title='bbox 2892 3797 3162 3852; x_wconf 79' lang='lat' dir='ltr'><strong>Arnoldus</strong></span> <span class='ocrx_word' id='word_1_527' title='bbox 3203 3795 3692 3868; x_wconf 80' lang='lat' dir='ltr'><strong>Norimbergensis,</strong></span> 
     </span>
    </p>
   </div>
   <div class='ocr_carea' id='block_1_69' title="bbox 427 3889 3692 3965">
    <p class='ocr_par' dir='ltr' id='par_1_69' title="bbox 427 3889 3692 3965">
     <span class='ocr_line' id='line_1_69' title="bbox 427 3889 3692 3965; baseline 0 -18"><span class='ocrx_word' id='word_1_528' title='bbox 427 3910 568 3948; x_wconf 89' lang='lat' dir='ltr'><strong>anno</strong></span> <span class='ocrx_word' id='word_1_529' title='bbox 608 3894 808 3948; x_wconf 78' lang='lat' dir='ltr'><strong>scilicet</strong></span> <span class='ocrx_word' id='word_1_530' title='bbox 851 3893 1009 3949; x_wconf 77' lang='lat' dir='ltr'><strong>i685.</strong></span> <span class='ocrx_word' id='word_1_531' title='bbox 1048 3894 1217 3965; x_wconf 83' lang='lat' dir='ltr'><strong>Atque</strong></span> <span class='ocrx_word' id='word_1_532' title='bbox 1250 3894 1306 3947; x_wconf 86' lang='lat' dir='ltr'><strong>in</strong></span> <span class='ocrx_word' id='word_1_533' title='bbox 1352 3892 1668 3963; x_wconf 65' lang='lat' dir='ltr'><strong>praefatione</strong></span> <span class='ocrx_word' id='word_1_534' title='bbox 1721 3910 1823 3947; x_wconf 89' lang='lat' dir='ltr'><strong>sua</strong></span> <span class='ocrx_word' id='word_1_535' title='bbox 1861 3895 2042 3947; x_wconf 87' lang='lat' dir='ltr'><strong>multis</strong></span> <span class='ocrx_word' id='word_1_536' title='bbox 2077 3892 2167 3947; x_wconf 88' lang='lat' dir='ltr'><strong>ille</strong></span> <span class='ocrx_word' id='word_1_537' title='bbox 2213 3890 2535 3961; x_wconf 84' lang='lat' dir='ltr'><strong>argumentis</strong></span> <span class='ocrx_word' id='word_1_538' title='bbox 2576 3889 2871 3945; x_wconf 80' lang='lat' dir='ltr'><strong>Athanasio</strong></span> <span class='ocrx_word' id='word_1_539' title='bbox 2898 3907 3132 3945; x_wconf 81' lang='lat' dir='ltr'><strong>asserere</strong></span> <span class='ocrx_word' id='word_1_540' title='bbox 3159 3892 3442 3946; x_wconf 82' lang='lat' dir='ltr'><strong>contendit.</strong></span> <span class='ocrx_word' id='word_1_541' title='bbox 3496 3892 3692 3948; x_wconf 79' lang='lat' dir='ltr'><strong>Saneti</strong></span> 
     </span>
    </p>
   </div>
   <div class='ocr_carea' id='block_1_70' title="bbox 428 3986 3695 4061">
    <p class='ocr_par' dir='ltr' id='par_1_70' title="bbox 428 3986 3695 4061">
     <span class='ocr_line' id='line_1_70' title="bbox 428 3986 3695 4061; baseline 0.001 -19"><span class='ocrx_word' id='word_1_542' title='bbox 428 3988 713 4045; x_wconf 84' lang='lat' dir='ltr'><strong>Athanasii</strong></span> <span class='ocrx_word' id='word_1_543' title='bbox 734 3989 1132 4060; x_wconf 89' lang='lat' dir='ltr'><strong>archiepiscopi</strong></span> <span class='ocrx_word' id='word_1_544' title='bbox 1156 3989 1532 4054; x_wconf 78' lang='lat' dir='ltr'><strong>Alexandrini,</strong></span> <span class='ocrx_word' id='word_1_545' title='bbox 1556 3989 1633 4042; x_wconf 86' lang='lat' dir='ltr'><strong>ait</strong></span> <span class='ocrx_word' id='word_1_546' title='bbox 1664 3990 1793 4056; x_wconf 84' lang='lat' dir='ltr'><strong>iose,</strong></span> <span class='ocrx_word' id='word_1_547' title='bbox 1826 3989 2118 4061; x_wconf 87' lang='lat' dir='ltr'><strong>Syntagma</strong></span> <span class='ocrx_word' id='word_1_548' title='bbox 2138 3987 2395 4042; x_wconf 70' lang='lat' dir='ltr'><strong>doctrinm</strong></span> <span class='ocrx_word' id='word_1_549' title='bbox 2417 3986 2486 4040; x_wconf 87' lang='lat' dir='ltr'><strong>ad</strong></span> <span class='ocrx_word' id='word_1_550' title='bbox 2508 3987 2813 4052; x_wconf 86' lang='lat' dir='ltr'><strong>monachos,</strong></span> <span class='ocrx_word' id='word_1_551' title='bbox 2835 3987 3053 4043; x_wconf 83' lang='lat' dir='ltr'><strong>clericos</strong></span> <span class='ocrx_word' id='word_1_552' title='bbox 3078 3997 3126 4042; x_wconf 89' lang='lat' dir='ltr'><strong>et</strong></span> <span class='ocrx_word' id='word_1_553' title='bbox 3152 3988 3338 4053; x_wconf 83' lang='lat' dir='ltr'><strong>laicus,</strong></span> <span class='ocrx_word' id='word_1_554' title='bbox 3367 3999 3695 4045; x_wconf 89' lang='lat' dir='ltr'><strong>recensetur</strong></span> 
     </span>
    </p>
   </div>
   <div class='ocr_carea' id='block_1_71' title="bbox 428 4082 3695 4155">
    <p class='ocr_par' dir='ltr' id='par_1_71' title="bbox 428 4082 3695 4155">
     <span class='ocr_line' id='line_1_71' title="bbox 428 4082 3695 4155; baseline -0 -15"><span class='ocrx_word' id='word_1_555' title='bbox 428 4100 493 4140; x_wconf 87' lang='lat' dir='ltr'><strong>ex</strong></span> <span class='ocrx_word' id='word_1_556' title='bbox 527 4084 894 4155; x_wconf 86' lang='lat' dir='ltr'><strong>pulcherrimo</strong></span> <span class='ocrx_word' id='word_1_557' title='bbox 949 4084 1140 4140; x_wconf 86' lang='lat' dir='ltr'><strong>codice</strong></span> <span class='ocrx_word' id='word_1_558' title='bbox 1188 4083 1610 4140; x_wconf 90' lang='lat' dir='ltr'><strong>membranaceo</strong></span> <span class='ocrx_word' id='word_1_559' title='bbox 1652 4082 1926 4138; x_wconf 75' lang='lat' dir='ltr'><strong>\ossiano</strong></span> <span class='ocrx_word' id='word_1_560' title='bbox 1956 4084 2379 4154; x_wconf 85' lang='lat' dir='ltr'><strong>quingentorum</strong></span> <span class='ocrx_word' id='word_1_561' title='bbox 2409 4082 2494 4135; x_wconf 91' lang='lat' dir='ltr'><strong>vel</strong></span> <span class='ocrx_word' id='word_1_562' title='bbox 2525 4089 2911 4136; x_wconf 70' lang='lat' dir='ltr'><strong>sescentorum</strong></span> <span class='ocrx_word' id='word_1_563' title='bbox 2963 4097 3232 4139; x_wconf 87' lang='lat' dir='ltr'><strong>annorum</strong></span> <span class='ocrx_word' id='word_1_564' title='bbox 3253 4124 3269 4148; x_wconf 90' lang='lat'><strong>,</strong></span> <span class='ocrx_word' id='word_1_565' title='bbox 3320 4087 3412 4154; x_wconf 87' lang='lat' dir='ltr'><strong>qni</strong></span> <span class='ocrx_word' id='word_1_566' title='bbox 3442 4086 3695 4139; x_wconf 87' lang='lat' dir='ltr'><strong>continet</strong></span> 
     </span>
    </p>
   </div>
   <div class='ocr_carea' id='block_1_72' title="bbox 430 4174 3695 4249">
    <p class='ocr_par' dir='ltr' id='par_1_72' title="bbox 430 4174 3695 4249">
     <span class='ocr_line' id='line_1_72' title="bbox 430 4174 3695 4249; baseline 0 -19"><span class='ocrx_word' id='word_1_567' title='bbox 430 4193 690 4249; x_wconf 62' lang='lat' dir='ltr'><strong>praeterea</strong></span> <span class='ocrx_word' id='word_1_568' title='bbox 740 4177 967 4233; x_wconf 89' lang='lat' dir='ltr'><strong>Palladii</strong></span> <span class='ocrx_word' id='word_1_569' title='bbox 1014 4177 1314 4232; x_wconf 84' lang='lat' dir='ltr'><strong>Historiam</strong></span> <span class='ocrx_word' id='word_1_570' title='bbox 1349 4177 1671 4232; x_wconf 82' lang='lat' dir='ltr'><strong>Lausiacam</strong></span> <span class='ocrx_word' id='word_1_571' title='bbox 1704 4192 1830 4231; x_wconf 91' lang='lat' dir='ltr'><strong>cum</strong></span> <span class='ocrx_word' id='word_1_572' title='bbox 1878 4178 2086 4248; x_wconf 88' lang='lat' dir='ltr'><strong>aliquot</strong></span> <span class='ocrx_word' id='word_1_573' title='bbox 2121 4177 2319 4231; x_wconf 90' lang='lat' dir='ltr'><strong>libellis</strong></span> <span class='ocrx_word' id='word_1_574' title='bbox 2357 4174 2767 4229; x_wconf 78' lang='lat' dir='ltr'><strong>vetustioribus.</strong></span> <span class='ocrx_word' id='word_1_575' title='bbox 2815 4174 2896 4228; x_wconf 87' lang='lat' dir='ltr'><strong>Ad</strong></span> <span class='ocrx_word' id='word_1_576' title='bbox 2938 4175 3292 4246; x_wconf 89' lang='lat' dir='ltr'><strong>cupiditatem</strong></span> <span class='ocrx_word' id='word_1_577' title='bbox 3337 4176 3695 4232; x_wconf 86' lang='lat' dir='ltr'><strong>describendi</strong></span> 
     </span>
    </p>
   </div>
   <div class='ocr_carea' id='block_1_73' title="bbox 429 4262 3698 4338">
    <p class='ocr_par' dir='ltr' id='par_1_73' title="bbox 429 4262 3698 4338">
     <span class='ocr_line' id='line_1_73' title="bbox 429 4262 3698 4338; baseline -0.002 -12"><span class='ocrx_word' id='word_1_578' title='bbox 429 4272 750 4326; x_wconf 85' lang='lat' dir='ltr'><strong>exciverunt</strong></span> <span class='ocrx_word' id='word_1_579' title='bbox 776 4287 860 4325; x_wconf 91' lang='lat' dir='ltr'><strong>me</strong></span> <span class='ocrx_word' id='word_1_580' title='bbox 887 4270 991 4324; x_wconf 87' lang='lat' dir='ltr'><strong>viri</strong></span> <span class='ocrx_word' id='word_1_581' title='bbox 1019 4270 1250 4325; x_wconf 87' lang='lat' dir='ltr'><strong>illustris</strong></span> <span class='ocrx_word' id='word_1_582' title='bbox 1277 4283 1441 4322; x_wconf 91' lang='lat' dir='ltr'><strong>manu</strong></span> <span class='ocrx_word' id='word_1_583' title='bbox 1472 4268 1712 4338; x_wconf 88' lang='lat' dir='ltr'><strong>ascripta</strong></span> <span class='ocrx_word' id='word_1_584' title='bbox 1744 4267 1910 4321; x_wconf 85' lang='lat' dir='ltr'><strong>verba</strong></span> <span class='ocrx_word' id='word_1_585' title='bbox 1986 4266 2110 4320; x_wconf 86' lang='lat' dir='ltr'><strong>Non</strong></span> <span class='ocrx_word' id='word_1_586' title='bbox 2135 4275 2213 4320; x_wconf 87' lang='lat' dir='ltr'><strong>est</strong></span> <span class='ocrx_word' id='word_1_587' title='bbox 2253 4267 2305 4319; x_wconf 90' lang='lat' dir='ltr'><strong>in</strong></span> <span class='ocrx_word' id='word_1_588' title='bbox 2324 4263 2481 4319; x_wconf 86' lang='lat' dir='ltr'><strong>editis</strong></span> <span class='ocrx_word' id='word_1_589' title='bbox 2510 4263 2813 4317; x_wconf 76' lang='lat' dir='ltr'><strong>Athanasii.</strong></span> <span class='ocrx_word' id='word_1_590' title='bbox 2842 4262 3101 4319; x_wconf 87' lang='lat' dir='ltr'><strong>Nolebam</strong></span> <span class='ocrx_word' id='word_1_591' title='bbox 3134 4266 3278 4319; x_wconf 89' lang='lat' dir='ltr'><strong>enim</strong></span> <span class='ocrx_word' id='word_1_592' title='bbox 3313 4264 3470 4335; x_wconf 88' lang='lat' dir='ltr'><strong>parvi</strong></span> <span class='ocrx_word' id='word_1_593' title='bbox 3512 4264 3698 4321; x_wconf 86' lang='lat' dir='ltr'><strong>facere</strong></span> 
     </span>
    </p>
   </div>
   <div class='ocr_carea' id='block_1_74' title="bbox 431 4359 3698 4437">
    <p class='ocr_par' dir='ltr' id='par_1_74' title="bbox 431 4359 3698 4437">
     <span class='ocr_line' id='line_1_74' title="bbox 431 4359 3698 4437; baseline -0.001 -18"><span class='ocrx_word' id='word_1_594' title='bbox 431 4364 696 4437; x_wconf 74' lang='lat' dir='ltr'><strong>quidquid</strong></span> <span class='ocrx_word' id='word_1_595' title='bbox 723 4367 855 4421; x_wconf 90' lang='lat' dir='ltr'><strong>tanti</strong></span> <span class='ocrx_word' id='word_1_596' title='bbox 876 4365 1133 4421; x_wconf 79' lang='lat' dir='ltr'><strong>Ecclesia:</strong></span> <span class='ocrx_word' id='word_1_597' title='bbox 1153 4365 1397 4421; x_wconf 89' lang='lat' dir='ltr'><strong>doctoris</strong></span> <span class='ocrx_word' id='word_1_598' title='bbox 1417 4371 1582 4431; x_wconf 89' lang='lat' dir='ltr'><strong>esset,</strong></span> <span class='ocrx_word' id='word_1_599' title='bbox 1602 4363 1857 4435; x_wconf 89' lang='lat' dir='ltr'><strong>quodque</strong></span> <span class='ocrx_word' id='word_1_600' title='bbox 1869 4362 1934 4416; x_wconf 92' lang='lat' dir='ltr'><strong>ad</strong></span> <span class='ocrx_word' id='word_1_601' title='bbox 1952 4364 2185 4433; x_wconf 83' lang='lat' dir='ltr'><strong>aliquem</strong></span> <span class='ocrx_word' id='word_1_602' title='bbox 2206 4377 2384 4417; x_wconf 88' lang='lat' dir='ltr'><strong>meum</strong></span> <span class='ocrx_word' id='word_1_603' title='bbox 2410 4360 2645 4415; x_wconf 81' lang='lat' dir='ltr'><strong>fructum</strong></span> <span class='ocrx_word' id='word_1_604' title='bbox 2664 4359 3004 4415; x_wconf 88' lang='lat' dir='ltr'><strong>redundaret.</strong></span> <span class='ocrx_word' id='word_1_605' title='bbox 3030 4359 3223 4416; x_wconf 87' lang='lat' dir='ltr'><strong>Postea</strong></span> <span class='ocrx_word' id='word_1_606' title='bbox 3241 4377 3337 4432; x_wconf 90' lang='lat' dir='ltr'><strong>per</strong></span> <span class='ocrx_word' id='word_1_607' title='bbox 3352 4362 3571 4417; x_wconf 89' lang='lat' dir='ltr'><strong>litteras</strong></span> <span class='ocrx_word' id='word_1_608' title='bbox 3590 4361 3698 4415; x_wconf 83' lang='lat' dir='ltr'><strong>l‘au-</strong></span> 
     </span>
    </p>
   </div>
   <div class='ocr_carea' id='block_1_75' title="bbox 431 4455 3698 4533">
    <p class='ocr_par' dir='ltr' id='par_1_75' title="bbox 431 4455 3698 4533">
     <span class='ocr_line' id='line_1_75' title="bbox 431 4455 3698 4533; baseline -0.001 -20"><span class='ocrx_word' id='word_1_609' title='bbox 431 4468 603 4513; x_wconf 86' lang='lat' dir='ltr'><strong>torem</strong></span> <span class='ocrx_word' id='word_1_610' title='bbox 630 4458 696 4513; x_wconf 91' lang='lat' dir='ltr'><strong>de</strong></span> <span class='ocrx_word' id='word_1_611' title='bbox 715 4459 993 4514; x_wconf 89' lang='lat' dir='ltr'><strong>voluntate</strong></span> <span class='ocrx_word' id='word_1_612' title='bbox 1012 4460 1294 4515; x_wconf 85' lang='lat' dir='ltr'><strong>emittendi</strong></span> <span class='ocrx_word' id='word_1_613' title='bbox 1317 4459 1599 4513; x_wconf 84' lang='lat' dir='ltr'><strong>Athanasii</strong></span> <span class='ocrx_word' id='word_1_614' title='bbox 1623 4459 1915 4514; x_wconf 90' lang='lat' dir='ltr'><strong>certiorem</strong></span> <span class='ocrx_word' id='word_1_615' title='bbox 1930 4458 2162 4523; x_wconf 86' lang='lat' dir='ltr'><strong>reddidi,</strong></span> <span class='ocrx_word' id='word_1_616' title='bbox 2181 4458 2382 4528; x_wconf 91' lang='lat' dir='ltr'><strong>quibus</strong></span> <span class='ocrx_word' id='word_1_617' title='bbox 2406 4457 2512 4511; x_wconf 91' lang='lat' dir='ltr'><strong>tale</strong></span> <span class='ocrx_word' id='word_1_618' title='bbox 2533 4472 2852 4527; x_wconf 89' lang='lat' dir='ltr'><strong>responsum</strong></span> <span class='ocrx_word' id='word_1_619' title='bbox 2868 4456 3017 4511; x_wconf 90' lang='lat' dir='ltr'><strong>dedit</strong></span> <span class='ocrx_word' id='word_1_620' title='bbox 3041 4476 3055 4511; x_wconf 88' lang='lat'>:</span> <span class='ocrx_word' id='word_1_621' title='bbox 3088 4456 3147 4511; x_wconf 91' lang='lat' dir='ltr'><strong>S.</strong></span> <span class='ocrx_word' id='word_1_622' title='bbox 3169 4455 3453 4533; x_wconf 79' lang='lat' dir='ltr'><strong>Athanasii</strong></span> <span class='ocrx_word' id='word_1_623' title='bbox 3479 4455 3559 4511; x_wconf 87' lang='lat' dir='ltr'><strong>De</strong></span> <span class='ocrx_word' id='word_1_624' title='bbox 3586 4457 3698 4512; x_wconf 88' lang='lat' dir='ltr'><strong>vita</strong></span> 
     </span>
    </p>
   </div>
   <div class='ocr_carea' id='block_1_76' title="bbox 431 4552 3700 4628">
    <p class='ocr_par' dir='ltr' id='par_1_76' title="bbox 431 4552 3700 4628">
     <span class='ocr_line' id='line_1_76' title="bbox 431 4552 3700 4628; baseline -0.001 -19"><span class='ocrx_word' id='word_1_625' title='bbox 431 4557 739 4610; x_wconf 86' lang='lat' dir='ltr'><strong>monastica</strong></span> <span class='ocrx_word' id='word_1_626' title='bbox 778 4555 1153 4611; x_wconf 83' lang='grc' dir='ltr'>διδασκαλικόν</span> <span class='ocrx_word' id='word_1_627' title='bbox 1186 4557 1404 4628; x_wconf 87' lang='lat' dir='ltr'><strong>dignum</strong></span> <span class='ocrx_word' id='word_1_628' title='bbox 1433 4566 1511 4611; x_wconf 89' lang='lat' dir='ltr'><strong>est</strong></span> <span class='ocrx_word' id='word_1_629' title='bbox 1545 4572 1761 4625; x_wconf 86' lang='lat' dir='ltr'><strong>prorsus</strong></span> <span class='ocrx_word' id='word_1_630' title='bbox 1797 4555 1935 4626; x_wconf 87' lang='lat' dir='ltr'><strong>quod</strong></span> <span class='ocrx_word' id='word_1_631' title='bbox 1963 4556 2174 4620; x_wconf 84' lang='lat' dir='ltr'><strong>edatur,</strong></span> <span class='ocrx_word' id='word_1_632' title='bbox 2211 4555 2460 4625; x_wconf 81' lang='lat' dir='ltr'><strong>longeque</strong></span> <span class='ocrx_word' id='word_1_633' title='bbox 2485 4554 2826 4623; x_wconf 71' lang='lat' dir='ltr'><strong>prmstantius</strong></span> <span class='ocrx_word' id='word_1_634' title='bbox 2864 4569 2926 4606; x_wconf 90' lang='lat' dir='ltr'><strong>ea</strong></span> <span class='ocrx_word' id='word_1_635' title='bbox 2961 4552 3163 4622; x_wconf 84' lang='lat' dir='ltr'><strong>regula,</strong></span> <span class='ocrx_word' id='word_1_636' title='bbox 3215 4568 3373 4623; x_wconf 88' lang='lat' dir='ltr'><strong>quam</strong></span> <span class='ocrx_word' id='word_1_637' title='bbox 3400 4568 3467 4605; x_wconf 77' lang='lat' dir='ltr'><strong>ex</strong></span> <span class='ocrx_word' id='word_1_638' title='bbox 3500 4552 3700 4606; x_wconf 81' lang='lat' dir='ltr'><strong>&quot;iero-</strong></span> 
     </span>
    </p>
   </div>
   <div class='ocr_carea' id='block_1_77' title="bbox 432 4642 3701 4722">
    <p class='ocr_par' dir='ltr' id='par_1_77' title="bbox 432 4642 3701 4722">
     <span class='ocr_line' id='line_1_77' title="bbox 432 4642 3701 4722; baseline -0.002 -18"><span class='ocrx_word' id='word_1_639' title='bbox 432 4651 580 4719; x_wconf 82' lang='lat' dir='ltr'><strong>nymi</strong></span> <span class='ocrx_word' id='word_1_640' title='bbox 597 4650 835 4720; x_wconf 88' lang='lat' dir='ltr'><strong>operibus</strong></span> <span class='ocrx_word' id='word_1_641' title='bbox 863 4652 1070 4722; x_wconf 85' lang='lat' dir='ltr'><strong>collegit</strong></span> <span class='ocrx_word' id='word_1_642' title='bbox 1096 4651 1296 4721; x_wconf 87' lang='lat' dir='ltr'><strong>Lupus.</strong></span> <span class='ocrx_word' id='word_1_643' title='bbox 1319 4650 1455 4706; x_wconf 83' lang='lat' dir='ltr'><strong>Cum</strong></span> <span class='ocrx_word' id='word_1_644' title='bbox 1482 4660 1673 4705; x_wconf 86' lang='lat' dir='ltr'><strong>veteres</strong></span> <span class='ocrx_word' id='word_1_645' title='bbox 1696 4651 1954 4719; x_wconf 85' lang='lat' dir='ltr'><strong>scriptum</strong></span> <span class='ocrx_word' id='word_1_646' title='bbox 1974 4650 2069 4703; x_wconf 87' lang='lat' dir='ltr'><strong>hoc</strong></span> <span class='ocrx_word' id='word_1_647' title='bbox 2094 4648 2393 4703; x_wconf 85' lang='lat' dir='ltr'><strong>Athanasio</strong></span> <span class='ocrx_word' id='word_1_648' title='bbox 2430 4646 2689 4710; x_wconf 87' lang='lat' dir='ltr'><strong>tribuant,</strong></span> <span class='ocrx_word' id='word_1_649' title='bbox 2720 4662 2823 4699; x_wconf 88' lang='lat' dir='ltr'><strong>non</strong></span> <span class='ocrx_word' id='word_1_650' title='bbox 2859 4645 2993 4699; x_wconf 85' lang='lat' dir='ltr'><strong>satis</strong></span> <span class='ocrx_word' id='word_1_651' title='bbox 3030 4643 3176 4698; x_wconf 84' lang='lat' dir='ltr'><strong>video</strong></span> <span class='ocrx_word' id='word_1_652' title='bbox 3192 4660 3356 4714; x_wconf 88' lang='lat' dir='ltr'><strong>quare</strong></span> <span class='ocrx_word' id='word_1_653' title='bbox 3380 4642 3444 4697; x_wconf 86' lang='lat' dir='ltr'><strong>de</strong></span> <span class='ocrx_word' id='word_1_654' title='bbox 3482 4655 3701 4697; x_wconf 76' lang='lat' dir='ltr'><strong>auctore</strong></span> 
     </span>
    </p>
   </div>
   <div class='ocr_carea' id='block_1_78' title="bbox 433 4737 3698 4815">
    <p class='ocr_par' dir='ltr' id='par_1_78' title="bbox 433 4737 3698 4815">
     <span class='ocr_line' id='line_1_78' title="bbox 433 4737 3698 4815; baseline -0.001 -20"><span class='ocrx_word' id='word_1_655' title='bbox 433 4741 669 4801; x_wconf 86' lang='lat' dir='ltr'><strong>dubitas.</strong></span> <span class='ocrx_word' id='word_1_656' title='bbox 704 4746 990 4802; x_wconf 81' lang='lat' dir='ltr'><strong>Winsoria:</strong></span> <span class='ocrx_word' id='word_1_657' title='bbox 1031 4763 1085 4801; x_wconf 84' lang='lat' dir='ltr'><strong>xt</strong></span> <span class='ocrx_word' id='word_1_658' title='bbox 1114 4745 1230 4802; x_wconf 81' lang='lat' dir='ltr'><strong>Jul.</strong></span> <span class='ocrx_word' id='word_1_659' title='bbox 1275 4743 1695 4801; x_wconf 78' lang='lat' dir='ltr'><strong>clalachxxm.</strong></span> <span class='ocrx_word' id='word_1_660' title='bbox 1726 4742 1805 4798; x_wconf 86' lang='lat' dir='ltr'><strong>Ex</strong></span> <span class='ocrx_word' id='word_1_661' title='bbox 1839 4760 1949 4815; x_wconf 90' lang='lat' dir='ltr'><strong>quo</strong></span> <span class='ocrx_word' id='word_1_662' title='bbox 1986 4759 2243 4814; x_wconf 84' lang='lat' dir='ltr'><strong>magnum</strong></span> <span class='ocrx_word' id='word_1_663' title='bbox 2297 4741 2429 4796; x_wconf 91' lang='lat' dir='ltr'><strong>mihi</strong></span> <span class='ocrx_word' id='word_1_664' title='bbox 2470 4741 2796 4795; x_wconf 88' lang='lat' dir='ltr'><strong>nascebatur</strong></span> <span class='ocrx_word' id='word_1_665' title='bbox 2842 4746 3222 4808; x_wconf 87' lang='lat' dir='ltr'><strong>argumentum</strong></span> <span class='ocrx_word' id='word_1_666' title='bbox 3258 4745 3374 4790; x_wconf 91' lang='lat' dir='ltr'><strong>tum</strong></span> <span class='ocrx_word' id='word_1_667' title='bbox 3421 4737 3698 4801; x_wconf 86' lang='lat' dir='ltr'><strong>veritatis,</strong></span> 
     </span>
    </p>
   </div>
   <div class='ocr_carea' id='block_1_79' title="bbox 433 4826 3701 4910">
    <p class='ocr_par' dir='ltr' id='par_1_79' title="bbox 433 4826 3701 4910">
     <span class='ocr_line' id='line_1_79' title="bbox 433 4826 3701 4910; baseline -0.004 -14"><span class='ocrx_word' id='word_1_668' title='bbox 433 4850 549 4896; x_wconf 89' lang='lat' dir='ltr'><strong>tum</strong></span> <span class='ocrx_word' id='word_1_669' title='bbox 585 4839 888 4910; x_wconf 84' lang='lat' dir='ltr'><strong>dignitatis.</strong></span> <span class='ocrx_word' id='word_1_670' title='bbox 926 4838 1154 4909; x_wconf 84' lang='lat' dir='ltr'><strong>Pergam</strong></span> <span class='ocrx_word' id='word_1_671' title='bbox 1199 4840 1256 4894; x_wconf 90' lang='lat' dir='ltr'><strong>in</strong></span> <span class='ocrx_word' id='word_1_672' title='bbox 1293 4839 1529 4908; x_wconf 88' lang='lat' dir='ltr'><strong>incepto,</strong></span> <span class='ocrx_word' id='word_1_673' title='bbox 1579 4836 1671 4890; x_wconf 87' lang='lat' dir='ltr'><strong>ubi</strong></span> <span class='ocrx_word' id='word_1_674' title='bbox 1711 4843 1866 4890; x_wconf 90' lang='lat' dir='ltr'><strong>tanto</strong></span> <span class='ocrx_word' id='word_1_675' title='bbox 1899 4836 2024 4889; x_wconf 87' lang='lat' dir='ltr'><strong>viro</strong></span> <span class='ocrx_word' id='word_1_676' title='bbox 2058 4850 2159 4904; x_wconf 89' lang='lat' dir='ltr'><strong>pro</strong></span> <span class='ocrx_word' id='word_1_677' title='bbox 2195 4835 2313 4888; x_wconf 89' lang='lat' dir='ltr'><strong>suis</strong></span> <span class='ocrx_word' id='word_1_678' title='bbox 2355 4834 2412 4887; x_wconf 90' lang='lat' dir='ltr'><strong>in</strong></span> <span class='ocrx_word' id='word_1_679' title='bbox 2442 4848 2527 4887; x_wconf 90' lang='lat' dir='ltr'><strong>me</strong></span> <span class='ocrx_word' id='word_1_680' title='bbox 2570 4831 2804 4893; x_wconf 88' lang='lat' dir='ltr'><strong>meritis,</strong></span> <span class='ocrx_word' id='word_1_681' title='bbox 2845 4829 3051 4899; x_wconf 85' lang='lat' dir='ltr'><strong>gratias</strong></span> <span class='ocrx_word' id='word_1_682' title='bbox 3090 4843 3271 4899; x_wconf 82' lang='lat' dir='ltr'><strong>egero.</strong></span> <span class='ocrx_word' id='word_1_683' title='bbox 3320 4826 3429 4882; x_wconf 88' lang='lat' dir='ltr'><strong>Per</strong></span> <span class='ocrx_word' id='word_1_684' title='bbox 3455 4829 3701 4899; x_wconf 81' lang='lat' dir='ltr'><strong>quinque</strong></span> 
     </span>
    </p>
   </div>
   <div class='ocr_carea' id='block_1_80' title="bbox 434 4923 3700 5007">
    <p class='ocr_par' dir='ltr' id='par_1_80' title="bbox 434 4923 3700 5007">
     <span class='ocr_line' id='line_1_80' title="bbox 434 4923 3700 5007; baseline -0.004 -18"><span class='ocrx_word' id='word_1_685' title='bbox 434 4935 670 5007; x_wconf 89' lang='lat' dir='ltr'><strong>amplius</strong></span> <span class='ocrx_word' id='word_1_686' title='bbox 697 4951 915 4992; x_wconf 89' lang='lat' dir='ltr'><strong>menses</strong></span> <span class='ocrx_word' id='word_1_687' title='bbox 948 4934 1278 4991; x_wconf 80' lang='lat' dir='ltr'><strong>bibliotheca</strong></span> <span class='ocrx_word' id='word_1_688' title='bbox 1312 4934 1509 5004; x_wconf 91' lang='lat' dir='ltr'><strong>ipsius,</strong></span> <span class='ocrx_word' id='word_1_689' title='bbox 1537 4948 1660 5002; x_wconf 68' lang='lat' dir='ltr'><strong>qua:</strong></span> <span class='ocrx_word' id='word_1_690' title='bbox 1689 4932 1891 4987; x_wconf 85' lang='lat' dir='ltr'><strong>multas</strong></span> <span class='ocrx_word' id='word_1_691' title='bbox 1935 4930 2073 4984; x_wconf 91' lang='lat' dir='ltr'><strong>alias</strong></span> <span class='ocrx_word' id='word_1_692' title='bbox 2123 4930 2348 4983; x_wconf 87' lang='lat' dir='ltr'><strong>raritate</strong></span> <span class='ocrx_word' id='word_1_693' title='bbox 2365 4923 2766 4995; x_wconf 86' lang='lat' dir='ltr'><strong>,&quot;utilitateque</strong></span> <span class='ocrx_word' id='word_1_694' title='bbox 2818 4926 2975 4995; x_wconf 85' lang='lat' dir='ltr'><strong>longe</strong></span> <span class='ocrx_word' id='word_1_695' title='bbox 3026 4934 3287 4993; x_wconf 87' lang='lat' dir='ltr'><strong>superat,</strong></span> <span class='ocrx_word' id='word_1_696' title='bbox 3332 4938 3447 4977; x_wconf 90' lang='lat' dir='ltr'><strong>non</strong></span> <span class='ocrx_word' id='word_1_697' title='bbox 3488 4932 3700 4977; x_wconf 88' lang='lat' dir='ltr'><strong>tantum</strong></span> 
     </span>
    </p>
   </div>
   <div class='ocr_carea' id='block_1_81' title="bbox 436 5015 3704 5097">
    <p class='ocr_par' dir='ltr' id='par_1_81' title="bbox 436 5015 3704 5097">
     <span class='ocr_line' id='line_1_81' title="bbox 436 5015 3704 5097; baseline -0.004 -16"><span class='ocrx_word' id='word_1_698' title='bbox 436 5029 645 5097; x_wconf 89' lang='lat' dir='ltr'><strong>patuit;</strong></span> <span class='ocrx_word' id='word_1_699' title='bbox 677 5028 773 5083; x_wconf 88' lang='lat' dir='ltr'><strong>sed</strong></span> <span class='ocrx_word' id='word_1_700' title='bbox 805 5028 1088 5082; x_wconf 89' lang='lat' dir='ltr'><strong>oraculum</strong></span> <span class='ocrx_word' id='word_1_701' title='bbox 1119 5026 1448 5082; x_wconf 90' lang='lat' dir='ltr'><strong>eruditionis</strong></span> <span class='ocrx_word' id='word_1_702' title='bbox 1483 5026 1537 5078; x_wconf 92' lang='lat' dir='ltr'><strong>in</strong></span> <span class='ocrx_word' id='word_1_703' title='bbox 1568 5024 1816 5094; x_wconf 86' lang='lat' dir='ltr'><strong>singulos</strong></span> <span class='ocrx_word' id='word_1_704' title='bbox 1857 5022 1976 5076; x_wconf 87' lang='lat' dir='ltr'><strong>dies</strong></span> <span class='ocrx_word' id='word_1_705' title='bbox 2012 5022 2303 5075; x_wconf 79' lang='lat' dir='ltr'><strong>consulere</strong></span> <span class='ocrx_word' id='word_1_706' title='bbox 2337 5018 2420 5073; x_wconf 83' lang='lat' dir='ltr'><strong>fas</strong></span> <span class='ocrx_word' id='word_1_707' title='bbox 2455 5024 2597 5074; x_wconf 90' lang='lat' dir='ltr'><strong>erat.</strong></span> <span class='ocrx_word' id='word_1_708' title='bbox 2627 5016 2848 5072; x_wconf 80' lang='lat' dir='ltr'><strong>Veteres</strong></span> <span class='ocrx_word' id='word_1_709' title='bbox 2882 5016 3091 5069; x_wconf 86' lang='lat' dir='ltr'><strong>oraculi</strong></span> <span class='ocrx_word' id='word_1_710' title='bbox 3131 5015 3217 5070; x_wconf 88' lang='lat' dir='ltr'><strong>vel</strong></span> <span class='ocrx_word' id='word_1_711' title='bbox 3252 5030 3358 5068; x_wconf 88' lang='lat' dir='ltr'><strong>una</strong></span> <span class='ocrx_word' id='word_1_712' title='bbox 3403 5015 3529 5070; x_wconf 83' lang='lat' dir='ltr'><strong>vice</strong></span> <span class='ocrx_word' id='word_1_713' title='bbox 3573 5032 3704 5069; x_wconf 81' lang='lat' dir='ltr'><strong>con-</strong></span> 
     </span>
    </p>
   </div>
   <div class='ocr_carea' id='block_1_82' title="bbox 437 5104 3702 5190">
    <p class='ocr_par' dir='ltr' id='par_1_82' title="bbox 437 5104 3702 5190">
     <span class='ocr_line' id='line_1_82' title="bbox 437 5104 3702 5190; baseline -0.006 -13"><span class='ocrx_word' id='word_1_714' title='bbox 437 5121 676 5177; x_wconf 84' lang='lat' dir='ltr'><strong>sultandi</strong></span> <span class='ocrx_word' id='word_1_715' title='bbox 704 5135 870 5177; x_wconf 82' lang='lat' dir='ltr'><strong>causa</strong></span> <span class='ocrx_word' id='word_1_716' title='bbox 926 5119 1243 5190; x_wconf 83' lang='lat' dir='ltr'><strong>longissima</strong></span> <span class='ocrx_word' id='word_1_717' title='bbox 1286 5117 1686 5172; x_wconf 85' lang='lat' dir='ltr'><strong>emcticbantur</strong></span> <span class='ocrx_word' id='word_1_718' title='bbox 1716 5114 1914 5169; x_wconf 89' lang='lat' dir='ltr'><strong>itinera</strong></span> <span class='ocrx_word' id='word_1_719' title='bbox 1944 5152 1959 5177; x_wconf 90' lang='lat'><strong>,</strong></span> <span class='ocrx_word' id='word_1_720' title='bbox 2003 5113 2148 5168; x_wconf 89' lang='lat' dir='ltr'><strong>beati</strong></span> <span class='ocrx_word' id='word_1_721' title='bbox 2188 5110 2447 5166; x_wconf 85' lang='lat' dir='ltr'><strong>brevibus</strong></span> <span class='ocrx_word' id='word_1_722' title='bbox 2475 5107 2795 5177; x_wconf 89' lang='lat' dir='ltr'><strong>responsis:</strong></span> <span class='ocrx_word' id='word_1_723' title='bbox 2841 5107 2965 5177; x_wconf 88' lang='lat' dir='ltr'><strong>quis</strong></span> <span class='ocrx_word' id='word_1_724' title='bbox 3000 5105 3231 5170; x_wconf 89' lang='lat' dir='ltr'><strong>dubitet,</strong></span> <span class='ocrx_word' id='word_1_725' title='bbox 3266 5104 3498 5161; x_wconf 90' lang='lat' dir='ltr'><strong>meliore</strong></span> <span class='ocrx_word' id='word_1_726' title='bbox 3534 5105 3702 5160; x_wconf 79' lang='lat' dir='ltr'><strong>fuisse</strong></span> 
     </span>
    </p>
   </div>
   <div class='ocr_carea' id='block_1_83' title="bbox 435 5196 3703 5284">
    <p class='ocr_par' dir='ltr' id='par_1_83' title="bbox 435 5196 3703 5284">
     <span class='ocr_line' id='line_1_83' title="bbox 435 5196 3703 5284; baseline -0.005 -17"><span class='ocrx_word' id='word_1_727' title='bbox 435 5213 559 5269; x_wconf 90' lang='lat' dir='ltr'><strong>loco</strong></span> <span class='ocrx_word' id='word_1_728' title='bbox 590 5213 683 5284; x_wconf 90' lang='lat' dir='ltr'><strong>qui</strong></span> <span class='ocrx_word' id='word_1_729' title='bbox 718 5213 771 5266; x_wconf 80' lang='lat' dir='ltr'><strong>in</strong></span> <span class='ocrx_word' id='word_1_730' title='bbox 807 5211 1009 5281; x_wconf 90' lang='lat' dir='ltr'><strong>templo</strong></span> <span class='ocrx_word' id='word_1_731' title='bbox 1040 5210 1316 5264; x_wconf 82' lang='lat' dir='ltr'><strong>Musarum</strong></span> <span class='ocrx_word' id='word_1_732' title='bbox 1343 5224 1471 5264; x_wconf 90' lang='lat' dir='ltr'><strong>cum</strong></span> <span class='ocrx_word' id='word_1_733' title='bbox 1504 5208 1757 5277; x_wconf 86' lang='lat' dir='ltr'><strong>Apolline</strong></span> <span class='ocrx_word' id='word_1_734' title='bbox 1789 5204 2097 5259; x_wconf 88' lang='lat' dir='ltr'><strong>habitavit?</strong></span> <span class='ocrx_word' id='word_1_735' title='bbox 2122 5204 2243 5257; x_wconf 83' lang='lat' dir='ltr'><strong>Alio</strong></span> <span class='ocrx_word' id='word_1_736' title='bbox 2287 5200 2617 5272; x_wconf 89' lang='lat' dir='ltr'><strong>quandoque</strong></span> <span class='ocrx_word' id='word_1_737' title='bbox 2665 5198 2949 5270; x_wconf 88' lang='lat' dir='ltr'><strong>spectabat</strong></span> <span class='ocrx_word' id='word_1_738' title='bbox 2976 5196 3171 5268; x_wconf 83' lang='lat' dir='ltr'><strong>Pythia</strong></span> <span class='ocrx_word' id='word_1_739' title='bbox 3211 5211 3314 5250; x_wconf 88' lang='lat' dir='ltr'><strong>vox</strong></span> <span class='ocrx_word' id='word_1_740' title='bbox 3341 5214 3355 5251; x_wconf 91' lang='lat'><strong>:</strong></span> <span class='ocrx_word' id='word_1_741' title='bbox 3407 5197 3703 5265; x_wconf 82' lang='lat' dir='ltr'><strong>aliquando</strong></span> 
     </span>
    </p>
   </div>
   <div class='ocr_carea' id='block_1_84' title="bbox 439 5288 3701 5363">
    <p class='ocr_par' dir='ltr' id='par_1_84' title="bbox 439 5288 3701 5363">
     <span class='ocr_line' id='line_1_84' title="bbox 439 5288 3701 5363; baseline -0.006 -2"><span class='ocrx_word' id='word_1_742' title='bbox 439 5313 643 5361; x_wconf 88' lang='lat' dir='ltr'><strong>sortem</strong></span> <span class='ocrx_word' id='word_1_743' title='bbox 668 5304 876 5359; x_wconf 90' lang='lat' dir='ltr'><strong>oraculi</strong></span> <span class='ocrx_word' id='word_1_744' title='bbox 906 5304 1211 5357; x_wconf 88' lang='lat' dir='ltr'><strong>eluserunt.</strong></span> <span class='ocrx_word' id='word_1_745' title='bbox 1256 5301 1608 5356; x_wconf 83' lang='lat' dir='ltr'><strong>Dormiebant</strong></span> <span class='ocrx_word' id='word_1_746' title='bbox 1636 5299 1889 5354; x_wconf 90' lang='lat' dir='ltr'><strong>nonnulli</strong></span> <span class='ocrx_word' id='word_1_747' title='bbox 1914 5298 1969 5350; x_wconf 91' lang='lat' dir='ltr'><strong>in</strong></span> <span class='ocrx_word' id='word_1_748' title='bbox 1998 5296 2263 5358; x_wconf 89' lang='lat' dir='ltr'><strong>delubris,</strong></span> <span class='ocrx_word' id='word_1_749' title='bbox 2298 5304 2356 5348; x_wconf 93' lang='lat' dir='ltr'><strong>ut</strong></span> <span class='ocrx_word' id='word_1_750' title='bbox 2394 5308 2492 5363; x_wconf 85' lang='lat' dir='ltr'><strong>per</strong></span> <span class='ocrx_word' id='word_1_751' title='bbox 2524 5293 2799 5347; x_wconf 91' lang='lat' dir='ltr'><strong>somnium</strong></span> <span class='ocrx_word' id='word_1_752' title='bbox 2845 5290 3095 5345; x_wconf 72' lang='lat' dir='ltr'><strong>riderent</strong></span> <span class='ocrx_word' id='word_1_753' title='bbox 3134 5288 3350 5359; x_wconf 86' lang='lat' dir='ltr'><strong>species</strong></span> <span class='ocrx_word' id='word_1_754' title='bbox 3379 5304 3593 5352; x_wconf 90' lang='lat' dir='ltr'><strong>rerum,</strong></span> <span class='ocrx_word' id='word_1_755' title='bbox 3624 5288 3701 5344; x_wconf 71' lang='lat' dir='ltr'><strong>vel</strong></span> 
     </span>
    </p>
   </div>
   <div class='ocr_carea' id='block_1_85' title="bbox 441 5378 3704 5458">
    <p class='ocr_par' dir='ltr' id='par_1_85' title="bbox 441 5378 3704 5458">
     <span class='ocr_line' id='line_1_85' title="bbox 441 5378 3704 5458; baseline -0.004 -11"><span class='ocrx_word' id='word_1_756' title='bbox 441 5394 695 5449; x_wconf 89' lang='lat' dir='ltr'><strong>audirent</strong></span> <span class='ocrx_word' id='word_1_757' title='bbox 726 5410 951 5458; x_wconf 87' lang='lat' dir='ltr'><strong>vocem;</strong></span> <span class='ocrx_word' id='word_1_758' title='bbox 985 5394 1118 5447; x_wconf 91' lang='lat' dir='ltr'><strong>mihi</strong></span> <span class='ocrx_word' id='word_1_759' title='bbox 1161 5403 1289 5448; x_wconf 87' lang='lat' dir='ltr'><strong>tunc</strong></span> <span class='ocrx_word' id='word_1_760' title='bbox 1339 5392 1574 5448; x_wconf 64' lang='lat' dir='ltr'><strong>laetiores</strong></span> <span class='ocrx_word' id='word_1_761' title='bbox 1608 5393 1663 5445; x_wconf 93' lang='lat' dir='ltr'><strong>in</strong></span> <span class='ocrx_word' id='word_1_762' title='bbox 1713 5391 1824 5445; x_wconf 88' lang='lat' dir='ltr'><strong>vita</strong></span> <span class='ocrx_word' id='word_1_763' title='bbox 1853 5391 2151 5444; x_wconf 89' lang='lat' dir='ltr'><strong>illuxerunt</strong></span> <span class='ocrx_word' id='word_1_764' title='bbox 2180 5387 2321 5450; x_wconf 89' lang='lat' dir='ltr'><strong>dies,</strong></span> <span class='ocrx_word' id='word_1_765' title='bbox 2360 5399 2488 5441; x_wconf 87' lang='lat' dir='ltr'><strong>vera</strong></span> <span class='ocrx_word' id='word_1_766' title='bbox 2520 5387 2699 5439; x_wconf 89' lang='lat' dir='ltr'><strong>omnis</strong></span> <span class='ocrx_word' id='word_1_767' title='bbox 2745 5392 2801 5438; x_wconf 89' lang='lat' dir='ltr'><strong>et</strong></span> <span class='ocrx_word' id='word_1_768' title='bbox 2849 5382 3138 5452; x_wconf 85' lang='lat' dir='ltr'><strong>perspicua</strong></span> <span class='ocrx_word' id='word_1_769' title='bbox 3166 5380 3365 5435; x_wconf 89' lang='lat' dir='ltr'><strong>oratio.</strong></span> <span class='ocrx_word' id='word_1_770' title='bbox 3385 5378 3609 5435; x_wconf 84' lang='lat' dir='ltr'><strong>Gratias</strong></span> <span class='ocrx_word' id='word_1_771' title='bbox 3653 5388 3704 5435; x_wconf 82' lang='lat' dir='ltr'><strong>te</strong></span> 
     </span>
    </p>
   </div>
   <div class='ocr_carea' id='block_1_86' title="bbox 440 5473 3705 5560">
    <p class='ocr_par' dir='ltr' id='par_1_86' title="bbox 440 5473 3705 5560">
     <span class='ocr_line' id='line_1_86' title="bbox 440 5473 3705 5560; baseline -0.005 -17"><span class='ocrx_word' id='word_1_772' title='bbox 440 5489 656 5558; x_wconf 85' lang='lat' dir='ltr'><strong>dignas,</strong></span> <span class='ocrx_word' id='word_1_773' title='bbox 684 5489 916 5544; x_wconf 86' lang='lat' dir='ltr'><strong>illustris</strong></span> <span class='ocrx_word' id='word_1_774' title='bbox 946 5486 1129 5555; x_wconf 83' lang='lat' dir='ltr'><strong>Vossi,</strong></span> <span class='ocrx_word' id='word_1_775' title='bbox 1163 5503 1325 5560; x_wconf 84' lang='lat' dir='ltr'><strong>agere</strong></span> <span class='ocrx_word' id='word_1_776' title='bbox 1355 5488 1630 5554; x_wconf 86' lang='lat' dir='ltr'><strong>deberem,</strong></span> <span class='ocrx_word' id='word_1_777' title='bbox 1670 5496 1725 5543; x_wconf 88' lang='lat' dir='ltr'><strong>et</strong></span> <span class='ocrx_word' id='word_1_778' title='bbox 1755 5501 1893 5556; x_wconf 90' lang='lat' dir='ltr'><strong>quas</strong></span> <span class='ocrx_word' id='word_1_779' title='bbox 1928 5498 2155 5555; x_wconf 88' lang='lat' dir='ltr'><strong>possum</strong></span> <span class='ocrx_word' id='word_1_780' title='bbox 2186 5497 2307 5553; x_wconf 83' lang='lat' dir='ltr'><strong>ago.</strong></span> <span class='ocrx_word' id='word_1_781' title='bbox 2343 5478 2626 5551; x_wconf 90' lang='lat' dir='ltr'><strong>Siquidem</strong></span> <span class='ocrx_word' id='word_1_782' title='bbox 2664 5478 2804 5533; x_wconf 89' lang='lat' dir='ltr'><strong>nihil</strong></span> <span class='ocrx_word' id='word_1_783' title='bbox 2835 5477 2973 5533; x_wconf 89' lang='lat' dir='ltr'><strong>satis</strong></span> <span class='ocrx_word' id='word_1_784' title='bbox 3010 5473 3360 5547; x_wconf 82' lang='lat' dir='ltr'><strong>magniﬁcum</strong></span> <span class='ocrx_word' id='word_1_785' title='bbox 3405 5473 3475 5527; x_wconf 89' lang='lat' dir='ltr'><strong>de</strong></span> <span class='ocrx_word' id='word_1_786' title='bbox 3505 5475 3705 5527; x_wconf 77' lang='lat' dir='ltr'><strong>virtute</strong></span> 
     </span>
    </p>
   </div>
   <div class='ocr_carea' id='block_1_87' title="bbox 445 5585 817 5639">
    <p class='ocr_par' dir='ltr' id='par_1_87' title="bbox 445 5585 817 5639">
     <span class='ocr_line' id='line_1_87' title="bbox 445 5585 817 5639; baseline 0.005 -2"><span class='ocrx_word' id='word_1_787' title='bbox 445 5591 540 5638; x_wconf 91' lang='lat' dir='ltr'><strong>tua</strong></span> <span class='ocrx_word' id='word_1_788' title='bbox 565 5585 817 5639; x_wconf 84' lang='lat' dir='ltr'><strong>dixerim.</strong></span> 
     </span>
    </p>
   </div>
   <div class='ocr_carea' id='block_1_88' title="bbox 519 5662 3705 5745">
    <p class='ocr_par' dir='ltr' id='par_1_88' title="bbox 519 5662 3705 5745">
     <span class='ocr_line' id='line_1_88' title="bbox 519 5662 3705 5745; baseline -0.003 -19"><span class='ocrx_word' id='word_1_789' title='bbox 519 5672 824 5743; x_wconf 84' lang='lat' dir='ltr'><strong>&#39;l‘antopere</strong></span> <span class='ocrx_word' id='word_1_790' title='bbox 848 5674 916 5730; x_wconf 87' lang='lat' dir='ltr'><strong>de</strong></span> <span class='ocrx_word' id='word_1_791' title='bbox 945 5690 1033 5731; x_wconf 88' lang='lat' dir='ltr'><strong>me</strong></span> <span class='ocrx_word' id='word_1_792' title='bbox 1061 5676 1276 5744; x_wconf 88' lang='lat' dir='ltr'><strong>merito,</strong></span> <span class='ocrx_word' id='word_1_793' title='bbox 1305 5675 1500 5733; x_wconf 76' lang='lat' dir='ltr'><strong>LeCtor</strong></span> <span class='ocrx_word' id='word_1_794' title='bbox 1534 5676 1816 5740; x_wconf 86' lang='lat' dir='ltr'><strong>benevole,</strong></span> <span class='ocrx_word' id='word_1_795' title='bbox 1845 5680 2059 5745; x_wconf 79' lang='lat' dir='ltr'><strong>gratum</strong></span> <span class='ocrx_word' id='word_1_796' title='bbox 2106 5671 2348 5744; x_wconf 71' lang='lat' dir='ltr'><strong>praebere</strong></span> <span class='ocrx_word' id='word_1_797' title='bbox 2408 5667 2694 5741; x_wconf 88' lang='lat' dir='ltr'><strong>imperavit</strong></span> <span class='ocrx_word' id='word_1_798' title='bbox 2729 5666 2941 5739; x_wconf 84' lang='lat' dir='ltr'><strong>pietas;</strong></span> <span class='ocrx_word' id='word_1_799' title='bbox 2988 5680 3136 5722; x_wconf 89' lang='lat' dir='ltr'><strong>nunc</strong></span> <span class='ocrx_word' id='word_1_800' title='bbox 3175 5663 3245 5720; x_wconf 89' lang='lat' dir='ltr'><strong>ad</strong></span> <span class='ocrx_word' id='word_1_801' title='bbox 3283 5662 3580 5735; x_wconf 77' lang='lat' dir='ltr'><strong>Syntagma</strong></span> <span class='ocrx_word' id='word_1_802' title='bbox 3623 5677 3705 5716; x_wconf 79' lang='lat' dir='ltr'><strong>re-</strong></span> 
     </span>
    </p>
   </div>
  </div>
