3856 6206
167 353 276 408 833
1240 354 1617 411 smmum
1654 330 2045 414 DOCTBINIE.
2078 389 2144 401 -
2176 356 2519 413 nostrost.
3176 378 3183 383 ·
3337 365 3444 421 sat

167 467 481 535 dcundum,
526 470 672 539 quod
714 484 916 524 novum
951 470 1250 537 exsistens,
1285 469 1659 541 praafationem
1691 469 1797 525 sibi
1838 471 2102 542 postulat.
2142 472 2325 528 Codex
2369 474 2462 528 irle
2500 472 2760 543 antiquus
2813 472 2871 530 S.
2904 477 3204 535 Athanasio
3250 480 3445 536 tribuit

167 560 521 630 opusculum,
548 577 669 631 quae
697 576 788 617 res
815 562 1050 631 alicujus
1082 569 1168 617 est
1202 565 1488 620 momenti.
1521 572 1645 617 utut
1672 564 1941 618 librorum
1969 566 2359 636 inscriptiones
2386 581 2514 622 vera
2547 566 2772 622 nomina
2798 583 2906 623 non
2940 570 3145 641 ubique
3176 572 3439 630 referant.

164 652 303 706 Nam
337 653 708 722 posteriorum
762 663 1068 725 temporum
1120 655 1450 725 scriptores,
1495 664 1678 711 vetera
1730 656 2007 711 interdum
2054 658 2160 713 sibi
2202 659 2517 721 vindicant;
2544 675 2940 730 nonnunquam
2986 663 3090 718 sub
3135 665 3442 735 priscorum

165 753 460 796 auctorum
504 744 821 800 nominibus
867 761 968 799 sua
997 752 1333 816 supponunt,
1364 747 1666 816 praesertim
1698 761 1767 799 ex
1818 747 2074 802 doctrina
2121 748 2385 804 nobilium
2427 759 2482 805 et
2532 752 2830 807 clarorum.
2872 750 3082 809 Interea
3132 771 3199 809 ex
3233 756 3446 813 codicis

166 838 500 907 antiquitate
530 847 770 904 constat,
806 841 935 894 olim
964 839 1135 895 fuisse
1165 841 1435 895 creditum
1467 843 1668 897 seriem
1696 841 1840 895 hanc
1873 842 2141 898 doetrinm
2182 844 2252 899 ab
2280 845 2583 900 Athanasio
2612 847 2920 916 posteritati
2957 848 3117 918 303
3168 849 3442 905 relictam.

166 930 225 987 Si
258 934 417 1002 plura
458 947 589 988 mss.
624 935 814 989 eodem
846 934 1009 989 modo
1038 936 1303 1007 inscripta
1334 937 1728 1005 reperirentur,
1761 938 2002 1007 aliquam
2035 938 2228 993 saltem
2268 939 2517 994 veritatis
2540 940 2810 995 rationem
2836 948 3221 1010 suggererent;
3249 955 3443 996 verum

164 1040 368 1098 praeter
401 1027 731 1085 V'ossianum
784 1031 996 1085 nullum
1028 1031 1210 1087 adhuc
1258 1032 1465 1097 inveni,
1517 1049 1697 1102 neque
1743 1033 1800 1087 in
1830 1032 2293 1089 Christianissimi
2338 1034 2484 1103 regis
2519 1034 2872 1095 bibliotheca,
2902 1035 2987 1089 vel
3029 1034 3160 1087 alibi
3201 1048 3439 1103 quoque.

161 1123 571 1195 Argumentum
603 1128 742 1181 foret
770 1127 838 1181 ad
867 1129 1239 1198 probandum,
1272 1139 1367 1183 aut
1400 1130 1569 1183 coaevi
1601 1129 1845 1184 auctoris
1876 1128 2275 1195 testimonium,
2301 1137 2396 1183 aut
2421 1129 2594 1199 ipsius
2619 1130 2904 1184 Athanasii
2929 1130 2985 1183 in
3018 1122 3136 1184 suis
3158 1131 3440 1199 aperibus,

161 1221 310 1290 quod
344 1234 473 1274 cum
502 1221 665 1285 desit,
695 1222 843 1276 aliud
872 1232 957 1277 est
978 1224 1033 1276 in
1068 1233 1344 1294 promptu.
1378 1222 1658 1289 Quaerenti
1702 1223 1998 1294 aliquando
2032 1225 2087 1278 in
2121 1224 2450 1279 bibliotheca
2486 1223 2654 1295 Regia
2682 1224 3120 1295 Sophronianam
3147 1226 3268 1281 fidei
3309 1242 3443 1281 con-

163 1314 468 1371 fessionem
499 1315 713 1370 indultu
749 1318 822 1372 cl.
848 1316 1177 1381 Thevenoti,
1213 1330 1446 1374 conatus
1477 1335 1630 1375 meos
1661 1320 1913 1374 ornantis
1947 1328 2001 1375 et
2032 1319 2407 1389 promoventis
2430 1336 2445 1385 ;
2471 1329 2741 1374 venerunt
2773 1320 2828 1372 in
2869 1333 3069 1375 manus
3110 1319 3443 1391 Ἐρωτήσεις

162 1408 453 1461 κανονικαὶ
480 1410 575 1461 καὶ
601 1409 923 1482 ἀποκρίσεις
952 1410 1050 1479 τῆς
1076 1410 1239 1479 ἁγίας
1271 1410 1489 1463 συνόδου
1509 1451 1525 1473 ,
1558 1411 1685 1481 absq

1947 1398 2278 1481 temporisve
2313 1410 2750 1465 circumstantia.
2791 1410 3066 1475 Quaeritur
3104 1419 3309 1475 autem,
3352 1411 3440 1475 Ὠς

161 1504 221 1558 οὑ
254 1504 339 1557 δεῖ
359 1503 652 1557 καταλύειν
677 1505 777 1575 τὴν
806 1505 1059 1575 νηστείαν
1091 1507 1151 1558 ἐν
1179 1506 1400 1578 τετράδι
1421 1506 1517 1559 καὶ
1548 1510 1868 1578 παρασκευῇ
1901 1508 2060 1579 χάριν
2095 1508 2314 1578 μνήμης
2334 1506 2490 1575 ἁγίου
2516 1506 2549 1578 ἢ
2573 1507 2874 1559 ἀποστόλου
2905 1507 3070 1571 τινὸς,
3098 1508 3147 1559 εί
3182 1508 3256 1579 μὴ
3280 1507 3439 1578 μόνον

161 1597 219 1648 ὲν
252 1598 379 1657 ταῖς
406 1594 754 1658 δεσποτικαῖς
804 1596 1044 1667 ἑορταῖς.
1098 1597 1354 1651 Utrumne
1391 1607 1628 1666 oporteat
1679 1623 1684 1649 ι

1941 1611 1947 1648 ι
1989 1603 2284 1652 Parasceve
2323 1598 2522 1652 solvere
2553 1598 2842 1667 jejunium,
2884 1608 3092 1667 propter
3130 1600 3464 1653 memoriam.

159 1687 336 1742 sancti
366 1696 463 1739 aut
494 1688 720 1755 apostoli
749 1687 1026 1756 alicujus?
1051 1689 1151 1752 vel,
1183 1705 1253 1742 an
1290 1688 1557 1757 jejunium
1610 1689 1906 1744 Dominicis
1935 1689 2263 1744 solummodo
2302 1690 2483 1745 diebus
2511 1690 2623 1760 (2i)
2663 1692 2969 1746 solvendum
2996 1694 3105 1748 sit?
3136 1693 3438 1763 Respondit

159 1783 409 1854 synodus
438 1801 452 1837 :
489 1782 624 1855 Περὶ
646 1781 853 1834 τούτων
874 1783 903 1834 ὁ
940 1781 1116 1852 μέγας
1167 1782 1485 1846 Ἀθανάσιος
1519 1782 1648 1836 τάδε
1684 1778 1850 1854 φησὶν
1898 1783 1956 1836 ἐν
1994 1801 2103 1836 τισι
2138 1783 2245 1837 τῶν
2302 1784 2753 1856 συγγραμμάτων
2796 1785 2994 1839 αὐτοῦ·
3050 1804 3068 1837 ι
3100 1788 3224 1840 Ὅτι
3266 1789 3329 1840 ού
3356 1788 3440 1842 δεῖ

158 1874 524 1947 παραϐαίνειν
552 1872 806 1944 νηστείαν
827 1874 1034 1946 Κυρίου
1061 1874 1152 1928 τὸν
1181 1876 1467 1947 μοναχὺνῆ
1499 1876 1590 1929 τὸν
1615 1877 1764 1948 ἱερέα
1783 1876 2014 1948 τετράδα
2047 1877 2141 1931 καὶ¹
2170 1877 2544 1949 παρασκευὴν,
2566 1880 2614 1931 εί
2647 1880 2721 1950 μή
2752 1896 2804 1932 τι
2835 1878 2930 1931 ἐπὶ
2949 1878 3089 1950 νόσῳ
3116 1879 3435 1952 βεϐάρηται,

156 1972 329 2043 χωρὶς
358 1971 464 2041 τῆς
494 1970 932 2042 Πεντηκοστῆςῆ
973 1969 1083 2024 τῶν
1118 1971 1499 2040 Ἑπιφανειῶν.
1527 1990 1545 2023 ›
1583 1971 1659 2025 De

1915 1987 2036 2041 gnus
2066 1972 2397 2026 Athanasius
2433 1973 2487 2025 in
2520 1974 2701 2043 aliquo
2743 1975 3063 2043 scriptorum
3097 1992 3315 2029 suorum
3359 1979 3438 2032 ita

155 2080 211 2118 se
235 2063 531 2131 exprimit:
579 2079 599 2113 ι
625 2059 922 2115 Monachus
965 2068 1059 2114 aut
1112 2061 1358 2115 sacerdos
1380 2060 1649 2131 jejunium
1691 2071 1899 2132 quartw
1934 2062 2012 2116 vel
2041 2078 2123 2114 sea
2138 2070 2207 2115 tte
2245 2060 2350 2114 diei
2370 2077 2485 2119 non
2517 2062 2709 2125 solvat,
2758 2064 2865 2117 nisi
2908 2064 3189 2118 decumbat
3229 2066 3435 2133 morbo,

154 2156 391 2225 exceptis
417 2152 728 2209 Pentecoste
755 2161 804 2207 et
838 2152 1175 2224 Epiphaniis.
1212 2172 1231 2206 ι
1267 2152 1483 2208 Placuit
1509 2154 1663 2208 locus
1692 2153 1805 2221 hic,
1840 2155 2068 2223 ipsaque
2099 2152 2474 2223 Syntagmatis
2503 2154 2681 2208 nostri
2718 2154 2882 2209 verba
2912 2153 3260 2224 proferenda,
3291 2158 3438 2213 unde

155 2252 247 2307 illa
279 2252 576 2322 desumpta
609 2258 772 2307 sunt:
801 2250 894 2322 Μὴ
934 2251 1294 2323 παραϐαίνειν
1322 2252 1600 2324 νηστείαν,
1643 2252 1892 2305 τουτέστι
1929 2251 2163 2323 τετράδα
2186 2252 2280 2305 καὶ
2302 2250 2677 2323 παρασκευὴν,
2711 2252 2761 2304 εἰ
2798 2253 2872 2323 μή
2903 2268 2954 2304 τι
2982 2253 3075 2306 ἐπὶ
3107 2252 3245 2324 νόσῳ
3276 2252 3439 2323 βεϐά-

155 2365 345 2420 ρηται,
383 2348 552 2418 χωρὶς
576 2346 954 2419 Πεντηκοστῆς
983 2346 1149 2418 μόνης
1188 2347 1284 2399 καὶ
1322 2347 1431 2400 τῶν
1468 2346 1678 2415 Ἐπιιραι

1913 2348 2001 2399 ilia
2037 2346 2260 2415 ponitur
2287 2348 2540 2416 quaestio,
2570 2363 2691 2416 quae
2720 2362 2874 2416 aeque
2902 2348 3008 2401 huc
3044 2348 3236 2401 attinet
3260 2366 3273 2402 :
3298 2349 3436 2421 Περὶ

151 2444 245 2498 τοῦ
280 2443 488 2497 κλίνειν
516 2443 647 2512 γόνυ
673 2444 730 2495 ὲν
765 2441 1029 2513 Σαϐϐάτῳ
1058 2443 1092 2513 ή
1133 2442 1190 2496 ὲν
1224 2442 1431 2514 Nimia
1471 2442 1685 2506 σύνοδος
1719 2443 1866 2514 καὶὴ
1896 2445 1953 2496 ὲν
1975 2442 2229 2514 Τρούλλῳ
2258 2443 2569 2515 διωρίσατο,
2622 2443 2739 2514 μεθ’
2773 2437 2849 2497 ὧν
2883 2444 2977 2496 καὶ
3002 2445 3030 2497 ὁ
3072 2444 3244 2515 μέγας
3277 2445 3438 2500 Ἀθα-

153 2542 341 2603 νάσιος
364 2539 490 2592 τάδε
516 2538 681 2609 φησί·
710 2539 799 2608 Μή
822 2537 906 2599 τίς
938 2554 998 2590 σε
1031 2537 1281 2609 πλανήσῃ
1308 2537 1369 2591 τὸ
1400 2538 1662 2608 παράπαν
1692 2540 1751 2592 ὲν
1780 2541 2017 2609 κυριακῇ
2049 2541 2387 2606 γονυπετεῖν,
2418 2539 2451 2609 ἢ
2495 2539 2554 2591 ὲν
2585 2540 2963 2609 Πε-ιτηκοστῗΥ
2997 2541 3092 2593 καὶ
3131 2540 3260 2611 περὶ
3296 2541 3438 2594 Σαϐο

154 2637 323 2691 ϐάτου
349 2637 453 2688 οὐκ
496 2631 669 2688 εἷπεν.
711 2633 1060 2705 Ἀπὸκρισιςο
1086 2632 1272 2698 Οὕτως
1312 2631 1425 2704 ἔχει
1470 2634 1563 2687 καί⁸
1592 2635 1625 2705 ή
1657 2633 1914 2705 ἀλήθειαο
1952 2632 2091 2704 πλὴν
2125 2635 2178 2686 oi
2213 2633 2417 2697 πολλοὶ,
2451 2632 2539 2686 διὰ
2588 2633 2649 2686 τὸ
2701 2634 2777 2704 μὴ
2809 2632 3056 2702 γίνεσθαι
3094 2634 3345 2704 νηστείαν
3375 2638 3435 2688 ἐν

154 2731 447 2801 Σαϐϐάτῳ,
483 2730 581 2801 τὴν
605 2728 955 2798 γονυκλισίαν
982 2729 1257 2801 παρῆκαν.
1282 2727 1576 2795 Nimirum,
1603 2730 1671 2783 de

1911 2729 1972 2783 lie
2017 2728 2245 2783 Sabbati
2280 2727 2573 2790 ﬂectendo,
2608 2727 2848 2798 synodos
2885 2725 3159 2781 Nicaznam
3187 2737 3240 2782 et
3273 2725 3434 2782 Trul-

153 2827 335 2879 lanam
375 2824 659 2887 statuisse,
677 2830 731 2877 et
763 2838 1021 2893 magnum
1052 2821 1414 2876 Athanasium
1446 2824 1651 2892 pariter
1679 2823 2027 2877 ennntiasse:
2054 2820 2193 2877 Cave
2208 2838 2269 2876 ne
2291 2822 2569 2892 quisquam
2601 2833 2649 2873 te
2673 2818 2887 2873 inducat
2907 2818 3184 2874 Dominica
3210 2820 3294 2873 die
3322 2835 3435 2875 esse

142 2915 504 2986 jejunandum
534 2914 767 2976 omnino,
790 2913 896 2966 sive
932 2914 987 2965 in
1030 2910 1358 2966 Pentecoste.
1384 2910 1529 2964 Nihil
1554 2926 1682 2964 vero
1711 2910 1919 2965 dixisse
1948 2912 2014 2965 de
2039 2911 2299 2964 Sabbato.
2337 2908 2841 2979 Respondetur:Sic
2870 2930 2923 2968 se
2946 2930 3026 2967 res
3053 2914 3210 2984 plane
3240 2914 3430 2980 habet;

146 3009 390 3079 plerique
419 3016 613 3068 tamen,
640 3007 767 3077 quia
800 3005 1035 3060 Sabbato
1065 3022 1167 3058 non
1190 3004 1490 3074 jejunatur,
1515 3003 1930 3073 genuﬂexionem
1961 3002 2393 3072 prwtermittunt.
2420 3000 2485 3055 Ut
2512 3003 2727 3072 singula
2755 3012 3070 3074 appareant,
3092 3020 3159 3059 en
3189 3004 3429 3060 Athana-

150 3101 300 3155 sium
335 3104 624 3151 nostrum:
657 3097 749 3168 Μή
781 3095 865 3159 τίς
897 3111 957 3147 σε
1000 3094 1251 3166 πλανήσῃ
1279 3095 1337 3148 ἐν
1368 3095 1605 3165 κυριακῇ
1638 3092 1920 3163 νηστεύειν
1942 3093 2004 3146 τὸ
2038 3092 2324 3165 παράπαν,
2362 3096 2504 3165 μήτε
2538 3097 2852 3161 γονυπετεῖν
2876 3094 2939 3147 τὸ
2976 3096 3257 3166 παράπαν,
3294 3097 3433 3167 μήτε

151 3193 211 3243 ὲν
239 3189 614 3260 Πεντήκοστῇ.
651 3187 726 3239 Οὐ
763 3187 871 3257 γάρ
904 3188 1019 3239 ἐστι
1050 3185 1249 3257 θεσμὸς
1288 3185 1636 3257 Ἐκκλησίας.
1666 3186 1674 3237 l

1907 3196 2127 3256 gmenta
2156 3186 2347 3240 istlnec
2378 3201 2487 3239 non
2514 3186 2650 3240 levis
2683 3195 2811 3241 sunt
2840 3188 3133 3256 ponderis;
3164 3189 3430 3256 tantique,

155 3295 217 3340 ut
249 3286 465 3339 nullum
499 3282 669 3337 ferme
714 3281 942 3336 dubium
976 3282 1341 3351 relinquatur.
1378 3280 1660 3351 Siquidem
1699 3279 1820 3350 ipsa
1852 3280 2096 3350 synodus
2125 3294 2192 3334 eo
2216 3278 2533 3332 testimonio
2563 3279 2758 3342 utitur,
2792 3294 2969 3348 neque
3003 3278 3202 3333 refellit
3243 3294 3436 3331 mona-

151 3378 292 3431 chos
318 3393 387 3431 ex
414 3375 717 3430 Athanasio
748 3382 937 3429 nostro
968 3374 1323 3430 disserentes.
1352 3375 1507 3445 Apud
1543 3374 1926 3429 Balsamonem
1981 3373 2225 3428 occurrit
2257 3373 2489 3443 quaestio
2518 3372 2585 3427 de
2609 3387 2751 3443 genu
2789 3373 2844 3426 in
2876 3372 3113 3427 Sabbato
3141 3371 3431 3436 ﬂectendo,

150 3478 303 3523 mota
341 3484 373 3521 a
419 3467 704 3522 monachis
742 3474 898 3520 extra
936 3467 1126 3522 urbem
1163 3483 1222 3524 se
1265 3467 1681 3533 exercentibus,
1728 3474 1975 3537 tempore
2015 3456 2224 3528 N‘icolai
2265 3465 2604 3536 patriarchae
2659 3474 2715 3520 et
2788 3466 2965 3521 Alexii
3014 3466 3301 3521 Comneni.
3349 3466 3433 3523 Ad

149 3579 322 3634 quam
355 3561 640 3632 respondit
669 3576 825 3617 sacra
854 3556 1461 3633 Constantinopolitana
1491 3560 1983 3635 synodus.\’erum
2016 3561 2277 3617 diﬂ‘crunt
2305 3561 2767 3630 interrogationes
2796 3560 3015 3613 illorum
3038 3561 3433 3614 monachorum

146 3674 179 3714 a
235 3658 450 3713 nostris
483 3657 540 3710 in
573 3670 680 3710 ms.
717 3654 923 3727 Regio,
966 3666 1189 3727 propter
1229 3657 1449 3711 diversa
1505 3657 1707 3728 capita.
1757 3654 1969 3721 Porro,
2021 3655 2125 3711 etsi
2159 3654 2404 3725 ejusdem
2440 3661 2628 3709 essent
2671 3668 2796 3707 cum
2847 3652 3062 3707 caeteris
3095 3652 3193 3706 aevi
3217 3691 3233 3716 ,
3269 3666 3431 3705 nemo

145 3749 312 3804 facile
340 3749 447 3804 sibi
473 3749 834 3817 persuaserit,
866 3748 1152 3803 Athanasii
1191 3758 1326 3803 tunc
1364 3748 1797 3819 suppositionem
1829 3747 2063 3814 factam;
2111 3748 2207 3803 sed
2254 3755 2445 3802 contra
2481 3752 2655 3815 putet,
2688 3746 2851 3815 longa
2893 3751 3053 3799 aetate
3096 3743 3255 3798 fidem
3286 3742 3431 3796 obti-

143 3841 343 3896 nuisse
367 3839 422 3893 in
456 3837 679 3894 Patrum
716 3854 1004 3894 consessu.
1037 3839 1288 3910 Conjicio
1324 3849 1503 3894 autem
1539 3839 1872 3909 quaestiones
1907 3841 2205 3893 canonicas
2234 3849 2288 3893 et
2315 3837 2704 3907 responsiones
2733 3834 2938 3889 codicis
2976 3831 3130 3904 Regii
3162 3832 3226 3885 ad
3255 3845 3430 3886 saecu-

144 3934 263 3987 lum
294 3948 351 3986 1x
379 3931 716 3997 referendas,
747 3934 803 3986 in
829 3932 1032 4002 quibus
1063 3931 1121 3985 iit
1160 3933 1366 3987 mentio
1403 3932 1736 4001 typicorum,
1789 3933 2210 4002 synaxariorum
2241 3929 2419 3984 sancti
2457 3926 2639 3982 Patris
2684 3926 2860 3981 nostri
2902 3924 3068 3990 Saba,
3120 3932 3174 3979 et
3215 3938 3424 3994 praece-

143 4026 326 4097 ptoris
356 4024 527 4079 eremi
564 4023 746 4094 magni
780 4022 1076 4095 Euthymii,
1108 4038 1209 4077 nec
1245 4037 1353 4076 non
1390 4022 1447 4076 S.
1475 4020 1763 4075 Athanasii
1804 4022 1952 4075 illius
2003 4020 2059 4074 in
2088 4027 2273 4073 monte
2304 4029 2516 4073 sancto.
2545 4015 2936 4071 Producuntur
2992 4015 3287 4070 concilium
3327 4012 3427 4069 Ni-

143 4135 359 4174 caznum
383 4134 444 4181 tl,
466 4119 501 4190 ἡ
522 4117 769 4181 ὲνώσεως
800 4118 1035 4181 σύνοδος,
1062 4120 1097 4189 ή
1127 4116 1394 4188 γενομένη
1418 4118 1478 4170 ὲν
1511 4118 1666 4170 Κωνο

1899 4134 1923 4169 υ
1950 4114 2126 4182 πόλει,
2153 4112 2409 4184 περὶτῶν
2427 4111 2644 4182 γάμων,
2668 4110 2911 4181 synodus
2938 4107 3422 4172 Neocaesariensis,

143 4214 204 4269 8.
232 4213 476 4270 Basilius
513 4213 584 4269 ad
611 4214 1077 4285 Amphilochium.

211 4327 361 4395 Quid
399 4328 472 4383 sit
501 4342 671 4398 quare
714 4327 1013 4398 Syntagma
1042 4331 1293 4379 nostrum
1331 4321 1389 4377 S.
1424 4323 1711 4381 Athanasii
1748 4339 1870 4379 esse
1900 4329 2157 4392 nequeat,
2191 4320 2433 4375 nondum
2468 4317 2740 4389 perspicio
2774 4333 2788 4371 :
2835 4316 3087 4385 quamvis
3125 4313 3270 4367 enim
3304 4312 3425 4382 ipse

139 4423 197 4478 in
239 4421 369 4476 Vita
401 4420 463 4476 S.
495 4420 713 4475 Antonii
738 4418 1067 4485 narraverit,
1092 4426 1201 4472 tam
1242 4420 1433 4474 crebra
1460 4417 1796 4474 monasteria
1829 4417 1884 4470 in
1929 4414 2169 4487 Egypto
2208 4422 2324 4467 tum
2357 4427 2465 4465 non
2496 4410 2691 4474 fuisse,
2735 4408 2831 4464 sed
2863 4421 3137 4477 quemque
3166 4421 3225 4460 se
3256 4419 3421 4460 exer-

138 4521 331 4575 cuisse
361 4533 393 4572 a
423 4532 528 4573 suo
555 4531 696 4587 pago
722 4529 831 4570 non
862 4513 1095 4584 procul:
1137 4515 1310 4571 nihilo
1348 4530 1508 4570 secus
1541 4512 1841 4584 Gregorius
1870 4511 2273 4572 Nazianzenus,
2302 4505 2456 4562 Orat.
2495 4508 2552 4560 in
2582 4504 2796 4559 laudem
2822 4502 3130 4565 Athanasii,
3165 4500 3421 4563 affirmat,

146 4612 333 4667 Vitam
367 4610 589 4665 Antonii
618 4609 968 4679 promulgare
997 4609 1144 4679 leges
1176 4608 1508 4663 monasticas
1540 4609 1644 4662 sub
1670 4607 1855 4677 specie
1887 4604 2244 4660 narrationis.
2280 4602 2363 4656 Ad
2400 4602 2517 4656 haec
2546 4615 2672 4655 cum
2708 4598 2915 4653 nostris
2942 4603 3274 4661 congruunt,
3300 4608 3423 4664 quae

134 4710 292 4780 legas
326 4709 384 4762 in
423 4706 482 4761 8.
529 4705 832 4761 Athanasio
874 4703 953 4758 De
984 4705 1311 4775 virginitate,
1349 4705 1468 4774 ἦτοι
1492 4705 1623 4774 περὶ
1656 4738 1657 4749 η

1899 4721 1965 4767 ig.
2013 4701 2242 4771 Propter
2276 4698 2592 4769 superbiam
2642 4696 2893 4751 diabolus
2924 4710 2991 4749 ex
3034 4694 3187 4749 caelis
3228 4692 3422 4764 praeci-

135 4804 444 4875 pitabatur.
471 4801 784 4872 Νήστευσον
815 4798 935 4853 ὅλον
974 4798 1066 4852 τὸν
1111 4798 1355 4854 ἐνιαυτὸν
1382 4800 1551 4869 χωρὶς
1585 4799 1767 4869 πάσης
1801 4799 2079 4867 ἀνάγκης·
2112 4793 2233 4867 ὥρᾳ.
2271 4793 2331 4846 δὲ
2378 4792 2575 4863 ὲννάτῃ
2616 4791 2716 4861 τῆς
2744 4788 2957 4861 ἡμέρας
2995 4790 3051 4840 ὲν
3090 4785 3281 4858 ὕμνοις
3324 4787 3420 4842 καὶ

134 4894 327 4964 εὐχαῖς
365 4890 741 4948 διατελέσασα.
771 4888 1156 4960 καταλάμϐανε
1184 4889 1278 4942 τὸν
1312 4890 1476 4961 ἄρτον
1510 4905 1603 4940 σου
1639 4890 1657 4940 ὲ

1894 4905 1945 4958 Ιῳ
1969 4886 2433 4956 ἀναπεποιημὲνῳ
2462 4881 2650 4951 ἐλαίῳ.
2668 4879 2865 4950 Jejuno
2894 4880 3196 4933 universum
3220 4894 3417 4931 annum

137 4986 253 5038 sine
280 4983 592 5036 necessitate
620 4982 878 5051 (melius,
910 4964 1018 5035 nisi
1050 4979 1351 5035 necessitas
1381 4979 1528 5033 aliud
1555 4980 1863 5051 postulet);
1898 4980 2029 5032 hora
2063 4994 2183 5032 vero
2232 4993 2395 5040 nona,
2427 4976 2482 5028 in
2508 4974 2717 5044 hymnis
2763 4976 2813 5026 e't
2830 4972 3053 5041 jejuniis
3096 4968 3414 5041 perdurans,

136 5089 289 5127 sume
325 5088 519 5141 panem
560 5084 709 5126 tuum
747 5089 867 5126 cum
915 5070 1147 5127 oleribus
1178 5072 1293 5126 oleo
1330 5071 1561 5140 refectis.
1591 5089 1609 5121 ι
1640 5058 1876 5125 Nuditas
1917 5085 1988 5124 ne
2019 5075 2283 5139 appareat
2329 5081 2515 5121 coram
2547 5066 2675 5120 alio.
2711 5062 2832 5119 Non
2880 5064 2984 5118 ibis
3018 5061 3085 5114 ad
3132 5062 3412 5125 balneum,

136 5165 418 5237 siquidem
465 5179 598 5219 sana
634 5166 747 5229 sis,
777 5165 888 5220 nisi
933 5173 1164 5236 urgente
1194 5166 1550 5220 necessitate.
1610 5162 1659 5217 Si

1889 5163 2224 5224 tinfirmum,
2258 5160 2458 5231 χρῆσαι
2494 5159 2622 5230 οῐνῳ
2660 5157 2827 5227 ὀλίγῳ
2858 5155 2945 5209 διὰ
2988 5157 3078 5210 τὸν
3122 5154 3412 5225 στόμαχον.

133 5258 298 5323 Quod
345 5257 394 5313 si
446 5258 595 5311 adsit
631 5258 1025 5314 catechumena
1071 5260 1128 5313 in
1170 5272 1385 5320 mensa,
1430 5272 1501 5311 ne
1552 5265 1671 5310 oret
1712 5270 1838 5310 cum
1873 5255 2145 5319 fidelibus,
2175 5269 2353 5324 neque
2408 5250 2627 5306 sedebis
2670 5258 2726 5305 et
2757 5263 2865 5302 una
2912 5262 3036 5301 cum
3084 5247 3175 5301 illa
3217 5262 3414 5316 panem

132 5348 420 5404 comedes.
459 5347 518 5402 8ι
543 5350 829 5420 virjustus
865 5350 934 5405 ad
963 5359 1017 5406 te
1040 5351 1274 5415 venerit,
1305 5349 1428 5403 lava
1452 5349 1503 5403 ei
1540 5348 1724 5418 pedes.
1763 5346 1821 5402 Si
1855 5348 2098 5416 virgines
2129 5345 2486 5401 advenientes
2519 5344 2706 5399 vinum
2735 5341 2946 5405 bibant,
2970 5342 3185 5395 etiamSi
3220 5348 3277 5391 tu
3300 5353 3413 5391 non

135 5443 304 5509 bibis,
342 5448 568 5511 propter
599 5457 692 5497 eas
739 5442 865 5498 bibe
891 5443 1216 5514 pauxillum.
1262 5441 1322 5496 In
1362 5442 1596 5498 ecclesia
1634 5448 1778 5509 tace,
1808 5455 1910 5494 nec
1942 5439 2241 5510 quidquam
2290 5439 2557 5509 loquaris,
2601 5435 2698 5490 sed
2744 5434 3070 5490 lectionibus
3109 5430 3353 5486 intende.
3385 5451 3405 5484 ι

137 5537 412 5594 Similiter
443 5537 501 5592 in
540 5536 926 5595 Ezhortatione
962 5539 1031 5595 ad
1066 5539 1371 5608 monachos,
1402 5553 1569 5611 quam
1606 5537 1802 5594 Latine
1831 5537 2100 5594 habemus
2130 5537 2187 5592 in
2224 5545 2371 5593 tomo
2400 5533 2445 5589 ll
2475 5532 2641 5606 Opp.,
2681 5534 2729 5589 si
2772 5533 3041 5588 donamus
3078 5542 3204 5585 esse
3226 5524 3413 5580 Atha-

201 5752 321 5824 (21)
359 5751 421 5807 In
451 5749 609 5808 festis
631 5749 867 5807 Domini.
