3856 6206
432 366 538 423 853
698 358 706 364 ’
1576 359 1632 416 S.
1674 359 2137 416 ATHANASIUS.
2179 391 2250 401 —
2279 361 2549 417 SPURIA.
3588 358 3690 412 836

433 486 598 551 nasii,
626 482 1300 554 commendanturjejunia
1318 491 1514 553 praeter
1540 480 1901 547 Dominicam,
1939 483 1985 536 si
2008 481 2187 535 votiva
2220 483 2361 536 sint:
2392 482 2613 536 habitus
2639 481 2783 546 vilis,
2816 491 2981 551 atque
3014 481 3119 535 alia
3144 481 3404 534 nonnulla
3431 479 3689 533 facillime

432 594 560 633 cum
601 579 806 633 nostris
840 577 1232 647 comparanda.

502 665 689 738 Stylus
728 665 1098 737 Syntagmatis
1138 666 1207 717 ab
1252 662 1622 716 Athanasiano
1661 677 1771 716 non
1806 670 1891 718 est
1915 662 2049 717 adeo
2088 672 2356 727 remotus,
2412 663 2857 733 quandoquidem
2893 663 2946 717 in
2994 670 3228 717 tractatu
3265 662 3342 717 De
3388 663 3689 733 virginitate

430 759 600 813 multa
637 760 829 814 iisdem
864 759 1047 813 verbis
1082 757 1372 826 modisque
1403 755 1619 809 dicendi
1652 756 2052 825 exprimuntur.
2088 754 2422 810 Subdiﬁicile
2454 765 2635 809 tamen
2669 757 2847 810 visum
2876 753 2977 809 fuit
3017 756 3414 816 demonstrare,
3446 754 3691 806 Athana-

431 851 571 906 sium
600 868 897 922 usurpasse
930 853 1154 907 verbum
1190 850 1364 903 θὲλειν
1394 832 1517 903 cum
1551 850 1822 904 iniinitivo
1846 890 1860 913 ,
1900 851 2003 904 Ιοοι

2110 852 2385 919 ιρετειιίνί,
2419 868 2470 905 v.
2497 866 2546 904 c.
2578 850 2699 904 θέλε
2730 852 3051 921 ἀγρυπνεῖν,
3088 865 3188 920 pro
3220 849 3495 919 ἀγρύπνει
3517 867 3532 879 ·
3568 848 3690 901 θέλε

435 945 635 1015 μένειν,
668 960 765 1013 pro
795 945 1078 1014 pévs,qu:e
1116 944 1348 997 barbara
1384 947 1454 995 sit
1485 943 1725 996 locutio:
1764 944 2023 995 nutabam
2059 941 2152 995 diu
2179 944 2233 996 in
2267 959 2331 997 ea
2365 960 2444 1008 re,
2477 944 2652 996 donec
2684 944 2984 996 invenirem
3024 943 3077 995 in
3114 941 3171 997 S.
3204 942 3394 995 Basilii
3434 955 3691 994 sermone

431 1037 509 1092 De
534 1037 862 1115 abdicatione
888 1051 1104 1090 rerum:
1135 1034 1226 1103 Μὴ
1258 1033 1377 1085 Θέλε
1409 1032 1651 1102 διορθοῦν
1682 1033 1962 1102 ὲπασμοὺς
1987 1050 2003 1083 1

2125 1032 2349 1103 θηρίων,
2386 1049 2484 1101 pro
2517 1032 2752 1103 διόρθου.
2787 1030 2941 1095 Item,
2964 1032 3054 1102 Μὴ
3080 1031 3171 1084 ἔσο
3209 1030 3517 1102 περίεργος,
3555 1028 3690 1100 μηδὲ

431 1132 609 1187 πάντα
640 1133 855 1203 βλέπειν
886 1132 1025 1193 θέλε,
1051 1147 1149 1201 pro
1184 1129 1371 1200 βλέπε.
1397 1128 1548 1183 Unde
1581 1129 1727 1181 illius
1760 1144 2003 1197 argumet

2110 1129 2206 1182 vim
2236 1129 2538 1183 evadimus.
2579 1128 2709 1184 Post
2732 1131 2913 1183 omnia
2946 1130 3049 1183 ista
3081 1128 3211 1197 quid
3246 1126 3453 1181 restat?
3484 1124 3688 1179 nemini

430 1225 753 1294 rapiendum
782 1222 1051 1292 judicium
1094 1237 1275 1284 suum,
1307 1235 1484 1289 neque
1516 1219 1679 1273 etiam
1714 1220 2081 1273 resistendum
2114 1231 2167 1275 et
2194 1222 2608 1290 repugnandum
2640 1230 2830 1275 contra
2861 1222 3169 1285 veritatem,
3199 1220 3267 1273 ad
3298 1234 3461 1290 quam
3487 1218 3535 1273 si
3566 1218 3689 1288 quis

430 1318 736 1371 curiosiore
762 1315 1141 1370 observatione
1170 1314 1563 1384 penetraverit,
1599 1314 1667 1368 de
1697 1315 1918 1383 publico
1953 1314 2093 1368 bene
2132 1314 2455 1368 merebitur.

503 1407 632 1463 Han:
660 1406 946 1467 Arnoldus.
968 1409 1043 1460 vir
1067 1422 1192 1459 sane
1219 1422 1321 1459 non
1350 1407 1523 1458 minus
1549 1406 1848 1459 eruditione
1873 1423 2032 1476 quam
2053 1408 2301 1460 comitate
2323 1418 2373 1461 et
2405 1408 2765 1462 moderatione
2790 1408 3122 1476 conspicuus.
3160 1405 3263 1459 Sed
3301 1421 3429 1473 pace
3459 1407 3558 1459 viri
3589 1406 3686 1458 do—

430 1502 673 1562 ctissimi,
704 1500 837 1561 haec,
871 1506 1051 1552 nostro
1074 1497 1281 1567 quidem
1303 1496 1533 1564 judicio,
1569 1513 1673 1548 non
1709 1505 1831 1549 sunt
1867 1497 2045 1565 magni
2079 1497 2329 1549 momenti
2362 1495 2430 1549 ad
2466 1498 2562 1550 hoc
2591 1496 2899 1566 opusculum
2926 1495 3221 1547 Athanasio
3244 1494 3683 1563 adjudicandum.

433 1592 577 1645 Nam
605 1589 742 1660 quod
787 1589 851 1642 de
882 1586 1260 1659 qnwstionibus
1293 1587 1584 1645 canonicis.
1616 1585 1706 1638 ubi
1757 1587 1969 1638 nomine
2003 1584 2282 1637 Athanasii
2315 1585 2558 1654 quadam
2603 1601 2668 1639 ex
2706 1588 2802 1638 hoc
2844 1586 3186 1655 Syntagmate
3218 1586 3535 1654 afferuntur,
3570 1586 3688 1640 licet

431 1699 607 1737 revera
645 1682 754 1735 illa!
785 1682 838 1734 in
869 1680 1098 1750 quodam
1131 1681 1355 1734 concilio
1390 1681 1546 1735 edita:
1579 1680 1824 1749 fuissent,
1848 1679 1986 1748 quod
2019 1690 2193 1732 tamen
2225 1679 2385 1732 dubio
2409 1681 2623 1734 minime
2648 1693 2836 1741 vacat;
2868 1681 2921 1733 in
2945 1680 3158 1749 synodis
3184 1680 3491 1749 quandoque
3522 1680 3689 1733 Atha-

432 1776 566 1829 nasii
596 1775 803 1827 nomine
841 1787 998 1838 opera
1032 1773 1346 1838 laudantur,
1377 1788 1494 1842 qua:
1528 1782 1706 1825 tamen
1737 1780 1944 1824 constat
1970 1771 2255 1824 Athanasii
2284 1789 2387 1824 non
2420 1789 2564 1835 esse;
2603 1782 2661 1825 ut
2694 1772 2866 1825 videre
2884 1782 2962 1826 est
2993 1773 3047 1824 in
3088 1771 3315 1825 secunda
3346 1771 3572 1828 Nica’na
3601 1778 3691 1828 ubi

431 1863 670 1920 Historia
700 1863 952 1933 imaginis
981 1863 1293 1934 Berytensis
1338 1862 1407 1914 ad
1440 1863 1651 1916 verbum
1699 1861 1910 1931 legitur,
1957 1878 2117 1930 quam
2154 1877 2302 1915 nemo
2351 1878 2455 1915 non
2495 1862 2696 1930 fatetur
2728 1863 3022 1917 Athanasio
3049 1862 3458 1930 abjudicandam
3482 1883 3501 1917 :
3551 1866 3688 1935 quod

427 1956 620 2024 potiori
653 1962 856 2007 ratione
888 1954 952 2007 de
988 1953 1409 2023 subsequentium
1441 1954 1759 2007 saeculorum
1793 1952 2009 2021 synodis
2057 1952 2449 2005 testimandum.
2498 1952 2675 2007 Multa
2721 1963 2857 2007 certe
2905 1965 3114 2009 exstant
3161 1957 3341 2025 spuria
3382 1973 3541 2025 opera
3570 1976 3687 2026 qua:

429 2057 576 2101 sexto
605 2045 683 2099 vel
708 2047 924 2112 septimo
957 2044 1149 2098 steculo
1171 2054 1397 2098 exarata
1429 2054 1572 2104 sunt.
1599 2060 1815 2113 quazque
1841 2061 1872 2095 a
1894 2043 2272 2111 posterioribus
2305 2041 2423 2097 inde
2455 2042 2669 2113 synodis
2703 2044 3105 2114 auctoribusque
3133 2046 3347 2099 laudari
3381 2059 3687 2117 potuerunt.

432 2138 585 2205 Quod
642 2148 837 2206 spectat
868 2154 985 2192 vero
1026 2138 1330 2207 afﬁnitatem
1369 2142 1719 2207 quorumdam
1761 2138 1917 2206 hujus
1950 2139 2187 2206 opusculi
2212 2138 2448 2192 locorum
2472 2154 2589 2191 cum
2637 2138 2759 2191 aliis
2791 2138 2915 2192 libri
2951 2139 3024 2194 De
3047 2140 3357 2209 virginitate
3382 2152 3433 2196 et
3474 2143 3551 2197 De
3593 2160 3691 2197 ex-

433 2235 749 2287 hortatione
781 2235 847 2287 ad
873 2234 1172 2287 monachos
1206 2233 1357 2297 locis,
1377 2233 1429 2285 id
1462 2233 1683 2285 minoris
1716 2232 1886 2284 adhuc
1907 2242 1983 2285 est
2011 2232 2166 2300 pretii
2188 2247 2206 2283 :
2242 2241 2353 2284 tum
2383 2235 2507 2300 quia
2542 2232 2689 2298 prior
2718 2232 2849 2285 liber
2877 2249 3067 2302 magna
3092 2234 3406 2302 suspicione,
3430 2238 3694 2303 posterior

429 2336 605 2395 aperte
633 2326 816 2397 νοθείᾳ
841 2326 1089 2390 laborat;
1135 2337 1245 2379 tum
1278 2327 1401 2395 quia
1446 2327 1819 2394 prmceptiones
1855 2326 1964 2379 illa:
1998 2328 2304 2379 monasticis:
2351 2327 2413 2380 de
2454 2326 2661 2395 jejunio
2686 2367 2700 2391 ,
2736 2327 2960 2397 aliisque
2990 2328 3460 2393 observationibus,
3494 2337 3693 2386 eadem

429 2413 593 2482 ferme
614 2414 668 2465 in
702 2416 864 2467 variis
895 2414 1199 2467 auctoribus
1233 2414 1518 2483 leguntur;
1550 2416 1623 2467 ita
1663 2425 1718 2467 ut
1752 2415 1958 2468 nullum
1986 2416 2105 2468 hinc
2144 2420 2309 2483 possit
2340 2418 2456 2469 erui
2483 2429 2869 2485 argumentum.
2904 2420 3074 2474 Nobis
3115 2425 3289 2491 itaque
3322 2428 3539 2479 omnino
3569 2442 3693 2492 spu-

429 2505 566 2558 rium
595 2505 798 2559 videtur
826 2506 922 2558 hoc
950 2507 1282 2575 opusculum,
1309 2515 1418 2557 tum
1452 2506 1513 2558 ob
1549 2507 1674 2574 styli
1706 2522 1889 2573 genus,
1920 2504 2060 2575 quod
2088 2506 2151 2559 ab
2184 2506 2469 2559 Athanasii
2490 2509 2743 2580 ἐνεργείᾳ.
2777 2511 2969 2563 mirum
2991 2529 3149 2581 quam
3172 2525 3427 2569 remotum
3453 2518 3547 2579 sit,
3584 2528 3693 2570 tum

428 2599 491 2652 ob
523 2601 716 2653 multas
754 2601 966 2654 voculas
996 2617 1112 2671 qua:
1127 2600 1382 2668 sequioris
1413 2604 1508 2653 wvi
1546 2610 1726 2652 notam
1748 2598 2003 2668 pra'fernn

2112 2608 2229 2653 test
2254 2600 2386 2653 illud
2413 2601 2957 2671 ἀκεροπερίσπαστον
2974 2621 3062 2657 seu
3096 2607 3689 2678 ἀκαιροπερίσπαστον,

428 2690 561 2746 illud
612 2693 773 2746 etiam
816 2692 1099 2764 καταψυχή
1124 2733 1139 2753 ,
1175 2692 1337 2765 304
1366 2694 1639 2755 simultas,
1678 2694 1835 2750 item,
1873 2693 1999 2744 ὲπαι

2110 2690 2246 2744 εσθαι
2268 2732 2282 2756 ,
2318 2693 2421 2746 nisi
2455 2694 2523 2746 sit
2551 2694 2813 2756 mendum,
2853 2697 3261 2767 ἐργατεύεσθαι,
3296 2701 3691 2770 περικακῶσιν,

427 2798 522 2851 pro
553 2798 693 2852 aegre
724 2784 929 2838 ferant:
954 2795 1002 2838 et
1024 2784 1219 2837 similia
1246 2784 1369 2837 bene
1400 2784 1567 2836 multa
1591 2798 1687 2852 pro
1713 2782 1963 2835 brevitate
1989 2782 2258 2849 opusculi;
2294 2783 2432 2851 quod
2457 2800 2617 2853 neque
2642 2787 2859 2853 potioris
2880 2803 2992 2840 esse
3021 2790 3336 2844 conditionis
3358 2791 3693 2845 arbitramur

429 2887 587 2941 quam
617 2882 806 2926 cwtera
838 2874 1089 2940 opuscula
1122 2873 1369 2938 ascetica,
1404 2889 1520 2942 qua:
1561 2872 1843 2925 Athanasii
1876 2871 2081 2925 nomine
2114 2871 2519 2942 subsequuntur.
2565 2874 2826 2929 Craterum
2870 2877 3095 2933 Arnoldi
3128 2892 3280 2936 notas
3317 2900 3422 2936 non
3455 2884 3692 2955 integras

427 2960 515 3015 hic
540 2962 869 3029 subiicimus,
904 2973 1014 3017 tum
1057 2968 1180 3034 quia
1206 2966 1519 3034 prolixiores
1554 2977 1673 3020 sunt
1710 2984 1867 3037 quam
1918 2966 2152 3019 instituti
2191 2968 2359 3021 nostri
2391 2970 2527 3022 ratio
2557 2970 2716 3039 ferat,
2752 2981 2858 3026 tum
2898 2976 3023 3043 quia
3060 2979 3228 3033 multa
3271 2981 3692 3048 complectuntur

426 3072 544 3127 qui:
569 3059 622 3112 in
650 3057 1003 3115 Onomastico
1038 3072 1218 3117 nostra
1258 3064 1571 3131 explicanda
1606 3064 1829 3118 venient.

1523 3260 1662 3314 ΤΟΥ
1696 3263 1789 3315 ΕΝ
1825 3263 2050 3317 ΑΙΊΟΙΣ
2084 3266 2354 3319 ΠΑΤΡΟΣ
2394 3268 2590 3323 ΗΜΩΝ

1745 3431 2385 3521 ΑΘΑΝΑΣΙΟΥ

430 3607 832 3664 ΣΥΝΤΛΓΜΑ
883 3612 1369 3667 ΔΙΔΑΣΚΑΛῙΑΣ
1411 3616 1608 3668 ΠΡΟΣ
2382 3621 2666 3674 ΠΑΝΤΑΣ
2714 3621 3219 3683 ΧΡΙΣΤΙΑΝΟΥΣ.
3267 3623 3696 3677 ΚΛΗΡῙΚΟΥΣ

1452 3912 1543 4000 S.
1622 3916 1730 4002 P.
1811 3918 1927 4005 N.
2005 3918 2651 4007 ATHANASII

533 4087 927 4146 SYNTACMA
972 4094 1380 4152 DOCTRINE
1422 4100 1521 4153 AD
1555 4101 2000 4241 ΜΟΝΑζέὶιῖβᾶὶ

2110 4106 2447 4233 ἴῧέῧὲρυιὲ
2483 4105 2991 4163 CHRISTIANOS
3028 4106 3179 4162 TAM
3217 4104 3577 4162 CLERICOS

508 4383 557 4439 ι.
607 4382 866 4440 Ecclesiae
912 4387 1195 4444 catholicae
1237 4391 1505 4457 ﬁliorum,
1550 4402 1605 4449 et
1656 4399 2002 4465 potissimum

2183 4407 2233 4460 1.
2265 4408 2451 4461 Ἔστιν
2482 4408 2509 4459 ὁ
2543 4406 2656 4475 βίος
2685 4405 2792 4459 τῶν
2824 4405 2954 4459 υἱῶν
2981 4406 3079 4476 τῆς
3113 4405 3421 4477 Καθολικῆς
3461 4405 3699 4477 Ἐκκλη-

431 4476 885 4531 anachoretarum
937 4480 1052 4534 sive
1112 4485 1544 4549 monachorum,
1605 4488 1712 4542 tale
1757 4498 1842 4544 est
1880 4495 2006 4549 vitae

431 4565 653 4636 agenda)
682 4581 875 4636 genus.
914 4566 1101 4622 Gratia
1132 4572 1355 4640 quidem
1395 4575 1530 4628 salvi
1578 4592 1768 4633 sumus
1792 4580 1866 4647 ‘7;
1909 4585 2004 4637 sed

430 4657 605 4727 gratia
644 4656 785 4712 ﬁlios
832 4675 983 4725 suos,
1025 4663 1308 4730 sapientiae
1347 4666 1477 4719 item
1525 4669 1815 4739 omnisque
1849 4676 2003 4741 probi

432 4749 614 4818 operis
644 4749 783 4803 ﬁlios
812 4765 935 4804 esse
970 4762 1238 4822 peroptat,
1274 4757 1366 4823 qui
1401 4757 1602 4810 bonum
1626 4763 2003 4829 experimento

432 4847 786 4909 cognoscant,
815 4848 868 4895 et
907 4842 978 4895 ita
1029 4857 1189 4913 agere
1232 4846 1499 4901 nitantur.
1533 4847 1608 4904 Te
1640 4844 1821 4919 itaque
1855 4863 2002 4907 reita

435 4930 746 4997 hujusmodl
814 4931 920 4985 lide
986 4933 1209 5001 digmlm
1288 4939 1563 4991 constitue
1612 4956 1624 4989 :
1665 4939 1850 5005 facto,
1916 4942 2002 4995 di-

432 5025 572 5078 lecte
612 5025 705 5089 mi,
751 5023 866 5077 hanc
915 5025 1165 5079 servandi
1200 5030 1502 5097 proposito.
1549 5028 1682 5084 Nam
1741 5042 1869 5087 sunt
1911 5036 2003 5103 qui

432 5130 557 5168 cum
604 5115 690 5169 his
750 5118 1035 5186 praeceptis
1085 5130 1366 5189 pugnent:
1416 5140 1433 5171 ι
1473 5120 1679 5193 Diliges
1712 5124 2002 5185 Dominum

433 5205 600 5259 Deum
626 5216 778 5260 tuum
800 5224 864 5261 ex
901 5217 1013 5262 toto
1039 5211 1202 5266 corde
1226 5222 1339 5279 tuo,
1363 5222 1415 5267 et
1440 5230 1507 5268 ex
1534 5223 1643 5268 tota
1672 5218 1852 5271 anima
1887 5227 2001 5282 tua,

432 5305 487 5349 et
528 5300 836 5367 proximum
874 5311 1023 5356 tuum
1070 5304 1211 5357 sicut
1250 5304 1483 5374 teipsum
1514 5308 1577 5362 ιδ.
1618 5307 1735 5362 Non
1766 5310 2004 5373 occides,

432 5401 544 5442 non
572 5388 951 5459 nnechaberis,
976 5411 994 5445 ι
1020 5409 1126 5449 non
1157 5397 1518 5463 scortaberis,
1548 5415 1747 5469 pueros
1780 5417 1847 5457 ne
1885 5418 2007 5456 cor-

507 5543 550 5577 "
586 5543 785 5615 Ephes.
815 5563 877 5610 ιι.
908 5547 961 5603 8.
1025 5550 1066 5582 ⁸⁸
1091 5549 1280 5607 Matth.
1318 5569 1451 5622 xm,
1481 5553 1568 5622 57,
1595 5555 1684 5612 39.

505 5681 616 5754 (ἓξ)
646 5681 706 5754 .
739 5684 854 5754 δοκι
862 5684 1154 5754 μάσαντας.

506 5752 617 5823 (23)
642 5752 700 5807 l“.
737 5752 1051 5825 ζηλοῦντας.

2116 4499 2258 4564 σίας,
2308 4500 2403 4552 καὶ
2453 4497 2685 4569 μάλιστα
2724 4498 2832 4550 τῶν
2870 4498 2928 4550 ὲν
2973 4499 3109 4568 αὐτῇ
3151 4496 3520 4569 ἀναχωρητῶν
3572 4498 3697 4569 ἦτοι

2116 4588 2383 4660 μοναχῶν,
2416 4588 2607 4653 οὕτως.
2638 4590 2832 4659 Χάριτι
2876 4589 2973 4658 μὲν
3003 4590 3172 4657 ἐσμεν
3207 4587 3534 4658 σωζόμενοι·
3580 4590 3694 4641 ἀλλ’

2110 4681 2142 4747 ή
2180 4678 2337 4748 χάρις
2369 4677 2723 4749 αὑθαιρέτους
2755 4677 3000 4747 βούλεται
3026 4674 3162 4730 εἶναι
3192 4679 3314 4741 τοὺς
3339 4678 3539 4747 ἑαυτῆς
3566 4684 3698 4732 παῖ-

2109 4769 2205 4832 δας
2225 4770 2319 4822 καὶ
2353 4769 2542 4838 σοφίας
2566 4770 2714 4832 υἱοὺς
2746 4772 2837 4822 καὶ
2868 4770 3047 4841 πάσης
3073 4770 3324 4841 πράξεως
3348 4769 3584 4841 ἀγαθῆς,
3612 4772 3696 4823 δο-

2110 4861 2441 4930 κιμάσαντες
2469 4860 2578 4930 (22)
2607 4860 2667 4913 τὸ
2702 4861 2885 4923 καλὸν,
2909 4859 3192 4930 ζηλοῦντες
3222 4861 3353 4931 (25),
3416 4860 3515 4913 καὶ
3549 4860 3697 4914 οὕτω

2108 4951 2386 5023 πράττειν.
2416 4952 2527 5020 Τῆς
2559 4948 2650 5004 οὖν
2676 4952 2839 5024 ὀρθῆς
2861 4952 3065 5023 ταύτης
3095 4953 3326 5014 πίστεως
3352 4951 3503 5016 ἄξιον
3532 4970 3697 5006 σεσυλ-

2106 5041 2195 5093 τὸν
2228 5042 2534 5112 εὐτρέπιζε,
2569 5042 3027 5114 προϐεϐλημένος,
3076 5044 3347 5114 ἁγαπητὲ,
3380 5044 3556 5097 ταῦτα
3593 5062 3699 5114 (ξυ-

2107 5128 2351 5182 λὰττειν’
2395 5130 2750 5197 ἀγωνίζονται
2818 5131 2955 5200 μετὰ
3000 5130 3091 5184 τοῦ
3121 5132 3253 5202 (24),
3287 5154 3304 5184 ι
3334 5133 3539 5203 Κύριον
3603 5137 3700 5187 τὶν

2108 5219 2238 5271 Θεόν
2265 5236 2355 5271 σου
2379 5221 2683 5292 ἀγαπήσεις
2715 5221 2775 5285 ἐξ
2811 5222 2937 5293 ὅλης
2960 5222 3185 5294 καρδίας
3214 5241 3327 5289 σου,
3358 5226 3453 5277 καὶ
3476 5225 3533 5290 ἐξ
3562 5225 3698 5296 ὅλης

2114 5310 2210 5379 τῆς
2239 5311 2413 5381 ψυχῆς
2476 5328 2591 5375 σου,
2654 5315 2747 5366 καὶ
2789 5313 2881 5368 τὸν
2927 5313 3152 5385 πλησίον
3188 5331 3280 5367 σου
3322 5315 3399 5379 ὡς
3440 5318 3690 5370 σεαυτόν.

2115 5403 2189 5455 Ui:
2208 5404 2505 5473 φονεύσεις,
2527 5407 2589 5460 οὐ
2618 5408 2944 5478 μοιχεύσεις,
2974 5429 2991 5461 ι
3015 5410 3075 5462 ού
3108 5410 3448 5480 πορνεύπεις,
3479 5412 3539 5464 ού
3561 5429 3697 5468 παι·-

2184 5690 2294 5763 (24)
2336 5689 2433 5747 Hic
2471 5691 2715 5763 quaedam
2752 5693 3152 5752 desiderantur.
