3856 6206
191 371 300 428 837

1518 377 1899 434 SYNTAGMA
1936 378 2330 438 DOCTRINA‘J.

3358 390 3467 446 838

189 484 571 557 δοφθορήσεις,
600 482 1162 556 (οὑξφαρμακεύσεις,
1223 488 1285 540 οὐ
1339 487 1750 560 διχοστατήσεις

1890 507 2137 563 rumpas,
2168 493 2433 549 veneﬁcio
2465 510 2534 550 ne
2562 504 2741 563 utare,
2773 512 2844 552 ne
2882 498 3214 555 simultatem
3237 499 3464 569 habeas,

190 576 400 647 ἀπέχου
430 574 679 640 πνικτοῦ,
727 576 820 628 καὶ
854 576 1227 644 εἰδωλοθύτου,
1266 579 1360 631 καὶ
1391 580 1642 650 αἵματος.
1671 581 1783 634 Καὶ

186 664 366 718 ταῦτα
407 665 508 735 μέν
539 666 655 717 ἐστι
696 663 766 717 τὰ
801 666 1055 738 προφανῆ
1102 667 1475 739 ἁμαρτήματα
1494 685 1507 698 ·
1536 670 1592 721 αἱ
1624 670 1681 722 δὲ
1706 669 1781 733 ὡς

187 759 601 830 ἐλαχιστότεραι
630 759 951 829 φαινόμεναι
987 759 1218 821 ἐντολαὶ,
1254 755 1328 813 ὧν
1370 764 1465 814 καὶ
1494 762 1673 816 αὐτῶν
1695 762 1782 815 λό-

185 869 284 921 γον
320 849 695 920 ἀποδώσομεν,
726 850 864 902 εἰσὶν
907 843 1099 902 αὗται·
1144 851 1295 915 Τέως
1334 851 1432 922 μὲν
1463 853 1589 915 τοὺς
1619 853 1782 922 μονά-

183 943 383 1008 ζοντάς
416 959 477 996 τε
519 944 614 996 καὶ
639 944 928 1013 ἐγκρατεῖς
956 941 1036 995 δεῖ
1062 943 1608 1014 ἁνακεχωρισμένους
1640 940 1779 997 εἶναι

183 1034 295 1086 ἀπὸ
325 1033 625 1101 γυναικῶν,
660 1035 755 1085 καὶ
786 1034 921 1104 μήτε
944 1035 1022 1097 εἰς
1051 1034 1266 1104 ὁμιλίαν
1290 1034 1472 1087 αὐτῶν
1499 1035 1776 1106 ἔρχεσθαι,

183 1126 235 1177 εί
262 1124 511 1189 δυνατὸν,
546 1126 681 1196 μήτε
709 1126 839 1195 ὁρᾷν
882 1124 1051 1189 αὐτας
1093 1125 1514 1196 φιλοτιμεῖσθαι,
1552 1128 1638 1179 ἵνα
1671 1128 1778 1199 μή-

183 1233 270 1280 τις
303 1216 480 1287 ζημία
513 1217 760 1286 γένηται,
784 1217 879 1269 ἐὰν
912 1217 1172 1289 μοιχεύσῃ
1208 1218 1404 1289 καρδία
1425 1219 1513 1272 διὰ
1546 1221 1643 1291 τῆς
1668 1221 1776 1273 τῶν

181 1308 482 1379 ὀφθαλμῶν
510 1309 772 1379 ὁράσεως.
800 1309 1166 1362 Φυλάττεσθαί
1197 1327 1254 1363 τε
1282 1310 1356 1380 μὴ
1383 1306 1521 1363 εἶναι
1546 1310 1773 1378 δίλογον,

182 1400 263 1469 μὴ
295 1398 591 1469 δίγνωμον,
630 1398 706 1470 μὴ
743 1399 1005 1469 ψεύστην,
1045 1399 1119 1471 μὴ
1165 1400 1490 1464 κατάλαλον,
1535 1401 1609 1474 μὴ
1649 1404 1778 1456 ἀκε-

181 1490 648 1560 ροπερίσπαστον,
713 1490 787 1561 μὴ
850 1491 1223 1561 ἀναίσχυντον,
1289 1494 1363 1563 μὴ
1419 1495 1641 1564 ῥέμϐον,
1700 1495 1775 1568 μὴ

176 1581 532 1651 ἀναίσθητον,
573 1582 647 1652 μὴ
676 1581 905 1653 αὐθάδη,
939 1584 1012 1654 μὴ
1046 1584 1253 1654 σαπρὸν
1275 1584 1430 1653 λόγον
1455 1588 1519 1639 ἐκ
1550 1588 1773 1658 χειλέων

180 1675 554 1746 προφέροντα,
594 1676 729 1747 μήτε
777 1676 938 1747 ὅρκον
977 1676 1113 1739 ὅλως
1159 1678 1221 1731 τὸ
1276 1679 1569 1751 παράπαν’
1612 1682 1770 1745 ἀλλὰ,

176 1769 290 1835 ναὶ,
326 1768 439 1831 ναὶ,
474 1767 558 1831 οὓ,
584 1767 664 1821 οὖ.
705 1769 816 1822 Καὶ
842 1769 936 1822 ἐάν
967 1786 1067 1822 που
1096 1770 1309 1841 ἀνάγκη
1342 1772 1565 1843 γένηται
1595 1774 1772 1840 λέγειν

1885 584 2100 639 abstine
2144 601 2176 639 a
2225 587 2522 653 suffocalo,
2564 588 2634 642 ab
2688 588 2967 643 immolato
3015 597 3069 644 et
3108 605 3138 644 a
3176 593 3463 663 sanguine.

1882 672 2011 728 Haec
2034 682 2163 731 sunt
2214 677 2510 746 conspicua
2566 687 2828 748 peccata;
2859 694 2981 749 quae
3012 688 3194 734 autem
3252 683 3466 736 n.inora

1882 767 2140 820 videnlur
2165 780 2457 838 praecepta,
2490 784 2722 837 quorum
2772 780 2951 824 tamen
2988 772 3152 824 etiam
3196 772 3464 826 rationem

1881 856 2149 911 reddituri
2185 874 2399 922 sumus,
2436 860 2550 913 haec
2600 868 2769 915 sunt:
2818 861 3115 914 monachos
3157 861 3375 929 quidem
3411 871 3466 917 ct

1881 950 2250 1012 continentes,
2285 960 2500 1019 oportet
2543 966 2573 1005 a
2619 951 2942 1006 mulieribus
2981 967 3103 1005 esse
3153 961 3461 1020 separatus,

1880 1057 1981 1095 nec
2004 1058 2129 1096 cum
2154 1044 2221 1096 iis
2245 1045 2515 1113 colloquia
2549 1046 2799 1110 miscere,
2826 1045 2870 1099 si
2911 1045 3025 1099 fieri
3053 1052 3252 1114 potest,
3286 1060 3464 1113 neque

1878 1149 2063 1188 earum
2086 1144 2442 1204 conspectum
2475 1144 2683 1204 optare,
2705 1151 2772 1189 ne
2795 1135 3074 1205 quidpiam
3120 1136 3244 1189 hinc
3274 1135 3461 1190 damni

1878 1233 2148 1295 emergat,
2183 1229 2230 1281 si
2283 1242 2381 1280 cor
2437 1228 2668 1292 scilicet,
2712 1243 2809 1296 per
2856 1229 3137 1281 Oculorum
3174 1229 3458 1294 intuitum,

1878 1317 2212 1369 mmcliatum
2244 1316 2427 1370 fuerit.
2450 1319 2656 1371 Carere
2684 1318 2812 1371 item
2847 1333 2946 1387 par
2973 1327 3056 1372 est
3083 1300 3458 1390 (monachum)

1877 1423 1945 1462 ne
1985 1409 2055 1461 sit
2102 1409 2387 1479 bilinguis.
2423 1410 2606 1463 animo
2639 1410 2860 1478 duplex,
2895 1410 3150 1475 mendax,
3185 1410 3461 1464 obtrecta-

1876 1506 1983 1560 tor.
2013 1515 2083 1554 ne
2105 1501 2208 1554 levi
2241 1502 2533 1556 occasione
2563 1502 2923 1567 distrahatur,
2947 1518 3017 1556 ne
3041 1505 3104 1556 sit
3144 1503 3455 1572 impudens,

1877 1593 2247 1657 errabundus,
2285 1593 2544 1656 stolidus,
2592 1608 2877 1662 arrogans,
2928 1609 2997 1648 ne
3044 1602 3199 1661 turpe
3247 1596 3458 1649 dictum

1875 1681 2035 1737 labiis
2102 1682 2379 1753 proferat,
2432 1686 2517 1738 vel
2567 1685 2943 1755 juramentum
2994 1686 3313 1755 quodlibet;
3359 1685 3456 1741 sed

1877 1774 2241 1839 solummodo,
2277 1778 2371 1838 ita,
2410 1780 2516 1843 ita;
2565 1793 2697 1839 non,
2748 1793 2876 1830 non.
2935 1776 2998 1830 Et
3034 1777 3081 1832 si
3126 1777 3347 1847 quando
3398 1780 3456 1834 id

178 1861 239 1914 ἐν
269 1861 484 1933 ὁμιλίᾳ·
526 1862 784 1923 Γίνωσκε,
816 1862 864 1915 εἰ
896 1862 1150 1934 ἀλήθειαν
1183 1863 1347 1933 λέγω,
1383 1867 1432 1917 εί
1479 1867 1538 1918 οὐ
1581 1861 1763 1935 ψεύδο-

1875 1868 2116 1936 postulet
2138 1869 2463 1932 necessitas,
2486 1870 2539 1923 in
2560 1869 2851 1937 colloquiis
2873 1868 2953 1922 sic
2977 1869 3154 1923 dicat:
3179 1871 3451 1940 Agnosce,

181 1971 301 2024 μαι.
347 1953 421 2006 Τὸ
458 1954 516 2006 δὲ
554 1953 846 2024 σεϐάσμιον
879 1954 1052 2024 ὄνομα
1083 1958 1175 2009 ἐπὶ
1200 1957 1358 2028 ὅρκον
1388 1957 1461 2028 μὴ
1507 1957 1770 2027 λάμϐανε,

180 2047 322 2117 μήτε
353 2046 538 2118 ἕτερόν
566 2063 692 2100 τινα
722 2048 904 2118 ὅρκον,
937 2047 1121 2112 καθὼς
1160 2046 1281 2103 εἷπε
1310 2051 1370 2103 τὸ
1409 2051 1769 2119 Εὐαγγέλιονο

176 2137 355 2191 ταῦτα
382 2140 490 2211 γὰρ
517 2140 694 2193 πάντα
736 2140 796 2192 οὐ
831 2143 1098 2212 προσήκει
1130 2142 1249 2195 οὐδὲ
1278 2144 1538 2215 ἁρμόττει
1562 2148 1736 2197 ποιεῖν
1756 2160 1768 2174 ’

172 2228 316 2284 ἀλλὰ
350 2231 444 2283 καὶ
469 2231 576 2284 ἀπὸ
613 2232 941 2303 Ἐκκλησίας
976 2232 1260 2287 ἐκϐάλλειν
1288 2236 1379 2287 τὸν
1413 2235 1489 2306 μὴ
1520 2253 1770 2307 παραφυ-

174 2322 512 2395 λαττόμενον
533 2340 657 2377 τινα
685 2324 742 2377 δὲ
774 2324 954 2380 αὐτῶν
981 2326 1303 2380 ἀποκτενεῖν
1332 2326 1464 2398 (25).

254 2503 311 2558 2.
344 2504 466 2557 Ἔτι
504 2521 566 2556 τε
602 2504 676 2576 μὴ
714 2505 954 2576 γυμνοῦν
987 2506 1216 2561 ἐνώπιόν
1245 2525 1409 2572 τινος,
1446 2508 1560 2563 ἀλλ’
1595 2509 1627 2580 ἢ
1659 2507 1768 2581 (26)

171 2595 391 2667 ἀνάγκη
443 2596 501 2648 ἐν
551 2595 779 2668 λουτρῷ,
828 2597 917 2651 διὰ
966 2599 1158 2663 πάθος,
1192 2603 1250 2653 ἐν
1299 2600 1551 2673 ἀσθενείᾳ
1596 2601 1763 2672 πολλῇ

170 2690 481 2760 γινόμενον.
517 2691 608 2760 Μὴ
653 2690 834 2760 λέγειν
884 2691 1131 2760 ἀδελφὸν,
1170 2692 1335 2764 ρακά,
1385 2695 1542 2764 μήτε,
1593 2695 1764 2765 μωρέ·

168 2778 391 2849 ἑορταῖς
415 2778 586 2831 ἐθνῶν
622 2778 695 2849 μὴ
724 2784 1103 2847 συγκοινωνεῖν
1123 2798 1136 2811 ’
1175 2782 1428 2836 Σάϐϐατα
1459 2782 1532 2854 μὴ
1569 2784 1768 2852 φυλάτ-

165 2886 287 2923 τειν
345 2868 496 2939 (27)·
557 2868 630 2940 μὴ
683 2870 975 2940 μαγεύειν·
1020 2872 1096 2941 μὴ
1144 2872 1566 2944 φαρμακεύειν,
1626 2876 1766 2945 μήτε

166 2962 302 3016 ἄλλο
335 2978 419 3014 σοι
463 2962 635 3015 ταῦτα
684 2964 943 3034 πράττειν
976 2964 1069 3016 ἐπὶ
1097 2964 1238 3033 νόσῳ
1270 2966 1299 3035 ἢ
1349 2965 1555 3029 πάθους
1598 2966 1763 3037 ἀλγήα

170 3069 328 3123 ματι.
368 3053 459 3123 Μὴ
499 3053 834 3126 ἀπέρχεσθαι
873 3056 983 3126 (:28)
1013 3056 1149 3126 πρὸς
1175 3057 1450 3121 ἐπαοιδὸν,
1499 3062 1634 3131 μήτε
1660 3077 1763 3127 φυ-

164 3143 470 3215 λακτήριον
509 3145 688 3215 ἐαυτῷ
726 3147 1088 3215 περιτιθέναι,
1135 3151 1270 3219 μήτε
1316 3151 1756 3223 περικαθαίρειν,

167 3237 312 3306 μήτε
351 3236 459 3307 μὴν
494 3235 667 3291 ταῦτά
711 3254 791 3291 σοι
833 3243 1029 3304 ποιεῖν,
1063 3242 1198 3312 μήτε
1229 3241 1333 3294 ὑπὸ
1362 3241 1523 3295 ἄλλου
1556 3260 1635 3296 σοι
1666 3244 1759 3312 γέ-

162 3344 355 3398 νηται.
400 3328 474 3381 Τὸ
519 3330 678 3400 σῶμα
719 3330 1007 3398 φυλάττειν
1051 3333 1159 3385 άπὸ
1191 3333 1371 3403 πάσης
1406 3336 1759 3406 αἰσχρότητος

164 3420 265 3473 καὶ
303 3421 624 3490 ἀσελγείαςθ
680 3422 754 3494 μὴ
783 3422 928 3492 ἔχειν
969 3427 1200 3491 γυναῖκα
1247 3425 1595 3479 συνείσακτον
1624 3428 1758 3495 (9.9),

165 3512 428 3583 καθάπερ
454 3513 600 3577 τινὲς
639 3515 928 3587 ἀγαπητὰς
961 3516 1217 3569 ἐπέθεντο
1259 3518 1449 3581 αὑταῖς
1480 3512 1754 3588 ὀνόματα·

166 3605 312 3675 τάχα
352 3604 409 3657 δὲ
444 3604 703 3669 ἐναντίως
740 3609 965 3679 μισηταὶ
1008 3609 1192 3672 αὐτοῖς
1226 3609 1631 3680 εὑρεθήσονται.
1666 3610 1757 3683 Μὴ

168 3695 317 3765 ἔχειν
345 3696 664 3767 καταψυχὴν
699 3698 836 3768 πρός
863 3716 984 3751 τινα
1004 3716 1017 3730 ·
1045 3702 1073 3752 ὁ
1099 3700 1207 3770 γὰρ
1240 3701 1562 3771 καταψυχῆς
1596 3700 1756 3771 ἔχων,

167 3789 203 3859 ἡ
240 3788 390 3860 ψυχὴ
418 3788 584 3841 αὐτοῦ
614 3789 691 3860 τῷ
718 3791 906 3861 Κυρίῳ
930 3793 990 3844 οὐ
1020 3792 1419 3862 προσδέδεκται.
1451 3794 1541 3865 Μὴ
1572 3792 1760 3846 συνεύ-

164 3880 365 3953 χεσθαι
392 3881 677 3952 αἱρετικῷ,
719 3883 857 3953 μήτε
890 3882 1026 3953 μετὰ
1059 3882 1310 3937 ἐθνικῶν.
1359 3884 1449 3956 Μὴ
1485 3885 1759 3956 παραϐαί-

161 3989 281 4025 νειν
308 3973 585 4043 νηστείαν,
611 3973 860 4027 τουτέστι
889 3974 1123 4044 τετράδα
1161 3976 1255 4028 καὶ
1294 3977 1673 4047 παρασκευὴν,
1707 3978 1757 4030 εί

166 4065 248 4135 μή
274 4083 327 4118 τι
353 4067 449 4118 ἐπὶ
470 4065 609 4137 νόσῳ
636 4065 958 4139 βεϐάρησαι,
982 4070 1150 4139 χωρὶς
1179 4068 1557 4140 Πεντηκοστῆς
1588 4068 1756 4139 μόνης

163 4158 264 4211 καὶ
308 4156 421 4210 τῶν
465 4158 798 4227 Ἐπιιρανιῶν
849 4160 980 4229 (50).
1012 4159 1122 4230 Τὴν
1163 4160 1606 4232 τεσσαρακοστὴν
1653 4161 1756 4230 τῆς

162 4248 332 4316 ἁγίας
365 4247 688 4321 Ἐκκλησίας
716 4250 809 4303 καὶ
833 4250 932 4322 τὴν
964 4250 1231 4320 ἑϐδομάδα
1259 4251 1353 4304 τοῦ
1376 4252 1532 4320 ἁγίου
1563 4252 1756 4321 Πάσχα

162 4342 709 4413 παρατετηρημένως
738 4342 994 4411 φύλαττε.
1024 4341 1131 4395 Λύε
1164 4343 1261 4413 τὴν
1295 4343 1546 4413 νηστείαν
1574 4343 1660 4396 ἐπ’
1687 4343 1754 4396 ἂν

1880 1976 1949 2014 an
1985 1962 2269 2016 veritatem
2306 1962 2509 2025 dicam,
2539 1977 2608 2015 an
2651 1962 2905 2016 mentiar.
2939 1960 3321 2016 Venerandum
3354 1978 3455 2015 au-

1877 2057 1981 2103 tem
2010 2066 2208 2105 nomen
2242 2052 2308 2105 ad
2340 2053 2711 2119 juramentum
2745 2067 2814 2106 ne
2848 2052 3072 2114 sumito,
3101 2067 3276 2122 neque
3303 2051 3452 2106 aliud

1874 2142 2170 2211 quodpiam
2211 2142 2512 2211 juramenti
2541 2157 2715 2211 genus
2754 2157 3007 2212 usurpes,
3040 2150 3099 2195 ut
3144 2146 3220 2195 ait
3270 2141 3451 2196 Evan-

1874 2234 2095 2303 gehum.
2147 2232 2271 2287 Haec
2300 2235 2447 2287 enim
2483 2234 2666 2287 omnia
2715 2234 2942 2288 minime
2984 2234 3202 2296 decent,
3245 2250 3348 2289 nec
3386 2249 3454 2289 ea

1875 2322 2056 2375 facere
2111 2323 2406 2389 convenit;
2455 2324 2549 2378 sed
2602 2339 2725 2379 eum
2776 2338 2994 2394 quoque
3040 2325 3135 2394 qui
3179 2315 3299 2380 bzec
3340 2342 3452 2380 non

1872 2413 2174 2467 observarit
2201 2422 2415 2482 oportet
2442 2413 2566 2481 ejici
2594 2415 2662 2467 ab
2687 2412 2955 2468 Ecclesia.

1941 2505 1995 2559 2.
2035 2503 2199 2560 Decet
2240 2507 2464 2575 insuper
2510 2521 2713 2574 corpus
2764 2520 2872 2559 non
2907 2504 3113 2560 nudare
3163 2505 3219 2560 in
3262 2507 3455 2576 cujus-

1872 2597 2014 2666 piam
2065 2605 2404 2666 causpcclu,
2457 2598 2564 2650 nisi
2618 2598 2688 2651 ob
2748 2597 2927 2651 balnei
2980 2600 3359 2653 necessitatem
3395 2602 3450 2656 in

1871 2688 2062 2741 morbo
2094 2690 2172 2740 vel
2202 2688 2518 2743 infirmitate
2555 2689 2825 2754 maxima;
2872 2687 3030 2745 festis
3062 2691 3304 2760 gentium
3338 2708 3453 2748 non

1869 2780 2300 2844 Communicare,
2357 2795 2458 2833 nec
2508 2780 2691 2833 dicere
2750 2779 2905 2834 fratri
2965 2796 3098 2844 suo,
3155 2798 3315 2848 raca,
3366 2784 3453 2840 vel

1869 2869 2037 2928 fatue.
2075 2869 2314 2924 thbata
2347 2887 2454 2924 non
2490 2871 2788 2933 custodire,
2824 2886 2925 2925 nec
2952 2874 3215 2942 magicam
3249 2883 3449 2940 artem,

1867 2976 1969 3014 nec
1999 2962 2318 3015 vcneliciuui
2354 2979 2631 3025 exercere,
2671 2965 2755 3016 vel
2791 2964 2940 3017 aliud
2985 2965 3253 3035 ejusmodi
3288 2984 3452 3038 agere

1867 3050 1922 3104 in
1959 3054 2149 3107 morbo
2179 3061 2273 3106 aut
2304 3053 2653 3123 aegritudine.
2686 3054 2809 3108 Noli
2858 3056 3008 3110 abire
3046 3057 3112 3110 ad
3144 3059 3452 3115 incnntato-

1868 3159 2002 3207 rem,
2055 3160 2233 3214 neque
2283 3147 2376 3199 tibi
2430 3146 2827 3217 phylacterium
2880 3149 3303 3219 circumpouas,
3354 3157 3451 3206 aut

1868 3234 2132 3289 eniundes
2168 3235 2220 3287 in
2249 3235 2484 3289 circuitu
2514 3255 2526 3290 :
2561 3252 2630 3291 ne
2659 3238 2776 3306 ipse
2802 3237 3118 3307 hujusmodi
3164 3242 3450 3311 quidpiam

1869 3339 2023 3393 agas,
2054 3327 2138 3379 vel
2165 3327 2233 3381 ab
2263 3328 2371 3381 alio
2404 3329 2517 3381 fieri
2553 3338 2860 3398 permittas.
2894 3329 2974 3382 Ah
3015 3334 3163 3385 omni
3207 3337 3451 3403 turpitu-

1867 3417 1994 3472 dine
2050 3418 2381 3488 lasciviaque
2430 3434 2630 3489 corpus
2677 3436 2833 3475 serva
2876 3436 3112 3490 purum:
3154 3439 3223 3477 ne
3256 3424 3448 3478 asciti-

1866 3507 1998 3561 tiam
2043 3512 2323 3564 mulierem
2369 3510 2597 3575 habeas,
2633 3520 2691 3565 ut
2721 3520 2849 3565 sunt
2897 3513 3143 3581 quasdam
3182 3530 3303 3583 quae
3344 3514 3449 3570 sibi

1867 3600 2192 3655 dilectarum
2222 3618 2420 3656 nomen
2473 3603 2803 3672 imposuere,
2834 3620 2953 3673 qua:
2984 3612 3166 3659 tamen
3213 3605 3451 3661 inimicae

1868 3700 2056 3761 postea
2088 3695 2586 3762 deprchendemur.
2614 3693 2692 3748 Ne
2722 3695 3289 3751 simultatembabeas
3320 3711 3448 3750 cum

1867 3785 2092 3854 aliquo;
2143 3786 2396 3855 quisquis
2449 3788 2595 3840 enim
2651 3787 2837 3850 habet,
2878 3787 3000 3855 ejus
3050 3788 3232 3842 anima
3284 3788 3447 3862 305

1866 3874 2096 3930 Domino
2120 3893 2229 3930 non
2259 3878 2540 3947 probatur.
2572 3877 2648 3933 Ne
2683 3894 2807 3934 ores
2851 3896 2956 3934 una
2998 3896 3121 3935 cum
3168 3882 3443 3947 liwretico,

1862 3968 1948 4021 vel
1981 3984 2104 4021 cum
2140 3969 2396 4023 ethnicis.
2432 3967 2709 4038 Jejnnium
2746 3987 2813 4025 ne
2856 3971 3059 4025 violato
3105 3981 3297 4042 quarta
3337 3974 3447 4028 sci-

1862 4059 1988 4114 licet
2024 4061 2159 4115 feria
2197 4074 2247 4115 et
2282 4060 2604 4125 Parasceve,
2642 4063 2750 4119 nisi
2786 4063 2975 4117 morbo
3005 4064 3240 4127 labores,
3285 4080 3447 4120 exce-

1863 4160 1955 4221 pta
1988 4153 2161 4207 solum
2192 4152 2514 4209 Pentecoste
2527 4164 2580 4208 et
2602 4153 2941 4224 Epiphaniis.
2958 4154 3444 4225 Quadragesimam

1863 4253 2067 4300 Sancta:
2098 4244 2359 4300 Ecclesiae
2388 4254 2442 4300 et
2500 4247 2892 4302 hebdomadem
2927 4250 3101 4300 sancti
3155 4245 3442 4304 Paschalis

1862 4350 2118 4393 accurate
2145 4339 2397 4394 observa.
2435 4340 2595 4394 Solve
2630 4339 2899 4409 jejunium
2934 4355 3057 4393 cum
3090 4340 3157 4394 ad
3188 4349 3241 4395 te
3273 4341 3443 4396 frater

163 4408 400 4502 ἁδελφὸς
605 4450 666 4486 σε
698 4408 1042 4506 ἐπεδήμησε·
1070 4408 1326 4506 νηστείαν
1348 4408 1411 4488 ⁷δὲ
1445 4437 1505 4488 οὐ
1536 4438 1637 4506 τὴν
1667 4451 1756 4488 τε-

1870 4432 2193 4499 accesserit;
2224 4446 2334 4487 non
2351 4432 2622 4501 jejunium
2654 4408 2863 4488 scilicet
2888 4439 3173 4498 statutum,
3208 4441 3267 4487 ut
3294 4433 3444 4491 feriae

239 4635 355 4708 (25)
387 4633 667 4708 Mendose.

236 4704 357 4776 (26)
388 4704 452 4759 L.
480 4709 549 4759 εί.

235 4774 354 4845 (27)
389 4776 644 4848 Σάϐϐατα
668 4777 743 4848 μὴ
762 4776 1069 4848 φυλάττειν.
1087 4774 1391 4848 Concilium
1414 4774 1755 4848 Laodicense

159 4860 382 4901 canone
432 4845 686 4900 29:Non
723 4845 923 4916 oportet
970 4845 1305 4902 Christianos
1345 4845 1669 4912 judaizare,
1705 4855 1755 4900 et

161 4915 424 4971 Sabbatis
455 4917 637 4981 otiari,
673 4918 763 4970 sed
783 4934 842 4971 eo
879 4920 991 4985 ipso
1020 4917 1105 4969 die
1134 4917 1360 4985 operari.

237 4988 355 5055 (‘28)
389 4988 480 5059 Μὴ
520 4987 857 5059 ἀπέρχεσθαι
886 4988 1024 5059 πρὸς
1068 4986 1335 5059 ἐπαοιδὸν,
1372 4986 1523 5059 ’μήτε
1555 4987 1755 5054 φυλακ-

158 5058 358 5127 τήριον
390 5055 568 5128 ἐαυτῷ
595 5055 952 5128 περιτιθέναι.
982 5059 1192 5109 Concil.
1239 5055 1461 5128 Laodic.
1492 5072 1615 5128 can.
1649 5058 1751 5111 ’ὅθι

163 5124 291 5199 Ὀτι
328 5128 388 5179 οὐ
414 5127 494 5179 δεῖ
535 5124 844 5199 ἱερατικοὺς
882 5128 919 5199 ἢ
949 5127 1242 5199 κληρικοὺς
1281 5127 1497 5199 μάγους-
1529 5124 1689 5187 εἶναι,
1721 5127 1752 5199 ἢ

164 5196 610 5270 μαθηματικοὺς,
643 5198 674 5269 ἢ
708 5196 1089 5270 ἀστρολόγουξ,
1119 5197 1151 5270 ἢ
1185 5198 1365 5270 ποιεῖν
1384 5196 1455 5270 τα
1487 5196 1754 5270 λεγόμενα

161 5265 535 5338 φυλακτήρια,
566 5265 726 5322 ama
754 5265 869 5322 ἐστι
910 5265 1259 5338 δεσμωτήρια
1298 5266 1406 5319 τῶν
1429 5265 1629 5336 ψυχῶν
1656 5269 1754 5321 αὑ.

157 5338 297 5410 τῶν.
330 5338 468 5410 Τοὺς
489 5339 545 5391 δὲ
568 5339 868 5410 φοροῦντας
896 5338 1177 5410 ῥίπτεσθαι
1199 5341 1263 5410 ἐκ
1290 5338 1391 5407 τῆς
1428 5338 1752 5410 Ἐκκλησίας

160 5407 555 5477 ἐκελεύσαμεν.
606 5407 732 5462 Non
785 5407 983 5471 oportet
1039 5408 1335 5461 sacerdotes
1385 5416 1478 5459 aut
1533 5408 1750 5461 clericos

161 5493 351 5547 magos
383 5494 512 5541 esse,
571 5489 665 5532 aut
712 5479 1132 5533 mathematicos.
1173 5488 1266 5530 aut
1316 5478 1633 5546 astrologos,
1674 5479 1752 5531 vel

162 5548 344 5616 facere
362 5548 714 5617 pltytacteria,
752 5559 811 5601 ut
841 5559 1046 5614 vocant,
1076 5564 1193 5618 qua:
1232 5557 1353 5601 sunt
1385 5548 1594 5602 vincula
1635 5549 1754 5618 ani-

162 5635 377 5671 marunt
410 5622 668 5684 ipsarum.
703 5618 1013 5688 Eos-autem
1034 5616 1124 5688 qui
1155 5619 1287 5671 talia
1318 5628 1523 5687 gestant
1556 5623 1620 5671 ab
1651 5616 1755 5670 Ec-

159 5687 331 5760 clesia
348 5685 873 5760 ejicijuuintusabe
894 5685 1247 5760 pliylacteriis
1280 5685 1371 5760 alii
1401 5690 1578 5743 multi.
1611 5688 1749 5744 Ibid.

161 5758 257 5832 μὴ
310 5760 746 5831 περικαθαίρειν.
772 5758 1106 5832 Hesychius,
1144 5759 1578 5831 περικαθαίρων·
1629 5761 1755 5815 άναο

162 5827 311 5885 λύων
340 5827 959 5903 πεφαρμακευμένον,’ἢ
992 5827 1405 5903 γοητευόμενον.

1930 4631 2042 4704 (29)
2067 4632 2449 4704 Συνείσακτον.
2479 4630 2739 4687 Prohibet
2773 4633 3013 4686 canon'5
3039 4631 3314 4700 Nicmnus,
3342 4650 3442 4702 γυο

1855 4707 2045 4765 ναῖκας
2085 4703 2490 4767 συνεισάκτους,
2514 4704 2566 4756 id
2592 4712 2677 4757 est
2701 4704 2970 4758 ascititias
2996 4719 3091 4757 seu
3123 4713 3439 4768 extraneas,

1855 4776 1924 4829 de
1954 4775 2154 4844 quibus
2198 4776 2353 4827 multi
2385 4781 2634 4843 egerunt,
2668 4781 2726 4826 ut
2765 4773 2970 4844 videas,
2996 4773 3050 4826 in
3082 4772 3282 4828 Lexico
3316 4776 3441 4827 Sui-

1857 4843 1988 4899 ceri.
2028 4843 2171 4903 Mox,
2217 4844 2528 4911 άγαπητάς,
2578 4843 3060 4913 ιιιιγιιῐηίηιοιιιίηἱι
3106 4843 3441 4913 Epiphanius

1858 4916 2053 4968 haeresi
2090 4913 2176 4973 78,
2215 4930 2337 4984 pag.
2384 4914 2510 4975 440,
2551 4915 2640 4966 ubi
2680 4914 2746 4984 de
2780 4911 3096 4984 B._Virgine
3137 4911 3371 4970 locutus.
3408 4929 3440 4968 a

1856 4986 2077 5039 Christo
2115 4985 2170 5038 in
2216 4981 2381 5038 cruce
2426 4983 2805 5038 emuniendata
2832 4981 3052 5035 Joanni.
3099 4985 3218 5036 ait:
3277 4984 3439 5037 Ἀλλά

1861 5055 1933 5125 μὴ
1968 5054 2123 5107 τοῦτο
2150 5057 2359 5125 στραφῇ
2404 5056 2480 5125 εἰς
2535 5053 2739 5123 βλάϐην
2781 5055 2913 5125 τισὶ,
2963 5054 3056 5105 καὶ
3114 5052 3337 5125 δόξωσιν
3382 5057 3441 5107 ἐν

1856 5105 2028 5195 τοίὶτῳ
2046 5105 2663 5195 λαμϐάνείῖπρόφάσιν,
2696 5105 3079 5195 συνεισάκ-τους
3106 5105 3201 5174 καῖ
3223 5124 3443 5193 ἀγαπη-

1855 5195 1954 5258 τάς
1989 5193 2423 5264 ἐπικαλουμένας
2446 5196 2656 5255 ἑαυτοῖς
2684 5196 2915 5245 ἐπινοεῖν
2941 5193 3027 5245 διά
3056 5195 3441 5262 κακομήχανον

1858 5267 2133 5318 ὑπόνοιαν.
2170 5264 2272 5319 Sed
2322 5281 2384 5317 ne
2423 5264 2519 5316 ltoe
2554 5264 2869 5331 quibusdam
2923 5272 3126 5324 noceat,
3163 5278 3283 5315 neve
3320 5264 3442 5315 hinc

1859 5338 2180 5389 occasionem
2224 5336 2513 5401 arripiant,
2551 5335 2651 5388 sibi
2706 5334 3040 5400 excogitandi
3085 5334 3349 5401 ascililias
3390 5340 3440 5387 et

1859 5416 2131 5476 ogapetas,
2165 5420 2329 5474 prava
2357 5406 2589 5474 quadam
2623 5405 2767 5456 ducti
2793 5400 3092 5476 _opiniene._'
3120 5400 3436 5476 llieronym.

1859 5471 1988 5531 vero
2023 5477 2090 5531 ad
2120 5471 2473 5530 laustochium
2517 5476 2583 5528 de
2614 5474 2861 5528 cuslodia
2885 5473 3256 5542 virginitatis;
3291 5471 3441 5524 Lude

1859 5547 1914 5600 in
1948 5546 2214 5600 Ecclesias
2265 5555 2609 5615 agapetarum
2646 5546 2825 5615 pestis
2852 5539 3103 5615 introiit?
3136 5539 3283 5593 Unde
3326 5543 3440 5594 sine

1858 5619 2059 5684 nuptiis
2096 5617 2243 5671 aliud
2278 5611 2463 5670 nomen
2497 5618 2765 5670 uxorum?
2797 5611 2912 5666 Im.)
2948 5614 3085 5684 unde
3110 5628 3291 5664 novum
3319 5627 3441 5684 con-

1857 5683 2169 5741 cubinarum
2193 5703 2351 5757 genus
2372 5685 2555 5758 ΡΑΡιιιδ
2590 5687 2837 5758 inferam,
2867 5683 3006 5739 unde
3029 5683 3369 5741 meretrices?

1931 5758 2041 5835 (50)
2074 5759 2112 5813 ι.
2155 5756 2477 5828 ἐπιφανιῶν.
