3856 6206
429 340 534 395 839

1516 336 1574 390 S.
1618 335 2083 394 ATHANASIUS.
2121 355 2195 385 ί-
2232 336 2507 392 SPUillA.

3558 338 3655 390 840

426 475 665 543 Quartae,
688 475 1035 538 Parasceves,
1055 472 1494 545 Quadragesimm
1508 484 1560 527 et
1579 472 1889 537 Passionis;
1907 488 1988 527 set

2104 475 2407 543 ταγμένην,
2437 470 2668 542 τετράδα
2695 472 2790 523 καὶ
2820 469 3192 541 παρασκευήν,
3223 458 3447 542 καὶτὴν
3477 486 3658 523 τεσσα-

423 567 691 635 jejunium
722 581 786 620 ex
813 567 1093 635 preposito
1125 574 1219 619 tuo
1252 574 1548 625 servatum,
1568 579 1762 634 nempe
1787 566 1996 618 Secun-

425 658 529 720 dae,
566 656 778 722 Tertiae,
812 657 1045 724 Quintae.
1070 655 1310 711 Sabbato
1331 665 1385 711 et
1433 654 1714 710 Dominica
1746 672 1814 710 ne
1855 655 1999 725 jeju-

425 752 666 813 naveris,
699 758 923 819 excepto
975 764 1171 820 magno
1223 747 1461 803 Sabbato
1518 750 1696 803 sancti
1751 747 1994 803 Paschae.

424 842 643 912 Quarta:
660 856 838 898 autem
858 842 1005 898 feria?
1020 850 1074 897 et
1103 840 1434 896 Parasceves
1457 840 1726 910 jejunium
1750 856 1813 895 ex
1839 840 1997 908 jussu

425 937 493 990 ad
525 937 712 989 horam
744 950 917 1004 usque
962 949 1158 987 nonam
1191 941 1459 989 servatur.
1495 932 1649 998 Quod
1685 934 1732 988 si
1766 933 1894 1002 quid
1922 932 2000 984 ul-

422 1037 509 1083 tra
540 1028 757 1089 feceris,
789 1027 841 1082 id
865 1036 958 1081 tuo
984 1028 1054 1081 sit
1072 1026 1314 1080 arbitrio.
1370 1023 1425 1079 Si
1458 1040 1587 1079 vero
1605 1026 1810 1079 diutius
1844 1032 1997 1094 potes

423 1123 694 1175 sustinere
718 1118 1011 1187 jejunium,
1062 1126 1329 1187 generose
1362 1117 1498 1185 agis.
1536 1115 1671 1171 Dum
1702 1116 1919 1185 jejunus
1944 1122 1999 1170 et

421 1210 528 1265 hoc
557 1212 863 1265 institutum
893 1209 1017 1263 vitae
1051 1218 1221 1271 tenes,
1269 1222 1401 1262 cave
1435 1223 1502 1262 ne
1544 1208 1799 1277 superbia
1848 1207 1989 1260 intu-

423 1315 658 1357 mescas.
692 1299 900 1353 luﬂatio
932 1314 1166 1369 namque
1219 1300 1447 1369 laqueus
1491 1308 1574 1354 est
1620 1298 1843 1363 diaboli,
1900 1312 1998 1368 per

421 1406 586 1461 quam
616 1407 683 1446 ex
714 1392 855 1445 cmlo
885 1390 1143 1461 delapsus
1173 1399 1295 1445 est:
1324 1391 1683 1459 similiterque
1713 1406 1810 1460 per
1847 1390 1994 1443 illam

421 1482 681 1551 deinceps
719 1481 967 1536 homines
991 1481 1292 1550 illaqueans
1322 1480 1529 1549 dejicit.
1556 1479 1635 1535 Ne
1669 1482 1792 1550 quis
1824 1487 1877 1534 te
1911 1493 1999 1533 se-

421 1573 606 1638 ducat,
654 1581 712 1626 ut
736 1572 819 1626 vel
855 1571 1133 1626 Dominica
1165 1576 1389 1625 omnino
1415 1571 1651 1640 jejunes,
1708 1571 1791 1625 vel
1822 1584 1995 1640 genua

419 1662 730 1725 ﬂectas,vel
753 1663 809 1717 in
841 1661 1180 1718 Pentecoste.
1204 1660 1390 1731 Neque
1417 1664 1559 1716 enim
1589 1677 1652 1716 ea
1684 1663 1766 1716 lex
1793 1669 1878 1715 est
1904 1660 2000 1713 lic-

419 1754 620 1809 clesize.
652 1752 795 1809 Cave
836 1768 904 1807 ne
938 1760 992 1807 te
1019 1752 1240 1822 quidam
1271 1750 1633 1805 Marcionistae
1669 1751 1721 1805 in
1754 1765 1993 1804 errorem

2105 569 2395 637 ρακοστὴν,
2425 564 2519 616 καὶ
2541 564 2633 615 τού
2663 564 2887 625 πάθους,
2917 563 3051 617 ἀλλά
3074 563 3172 633 τὴν
3199 563 3305 616 ἀπὸ
3332 563 3464 626 ἰδίας
3484 580 3659 633 προαι-

2104 659 2326 728 ρέσεως,
2349 658 2595 711 τουτέστι
2617 657 2896 730 δευτέρας,
2927 658 3019 710 καὶ
3040 657 3250 725 τρίτης,
3274 656 3370 708 καὶ
3393 657 3653 727 πέμπτης.

2100 747 2376 800 Σάὸὁατον
2410 747 2504 801 καὶ
2528 747 2796 818 κυριακὴν
2828 746 2902 817 μὴ
2934 744 3253 816 νηστεύσῃς,
3290 745 3426 816 πλὴν
3454 746 3541 799 τοῦ
3572 763 3657 815 με-

2099 838 2267 907 γάλου
2293 838 2571 891 Σαϐϐάτου
2605 838 2700 890 τοῦ
2727 838 2883 906 ἁγίου
2912 838 3122 909 Πάσχα.
3165 838 3228 890 Ἡ
3256 838 3313 891 δὲ
3340 839 3440 908 τῆς
3475 844 3654 909 τετρα-

2098 931 2188 994 δος
2232 930 2325 983 καὶ
2360 930 2711 1001 παρασκευῆς
2737 929 2840 991 ἕως
2869 928 3019 1000 ὧρας
3055 928 3283 999 ὲννάτης
3315 931 3535 1000 νηστεία
3573 948 3655 983 τε·

2098 1022 2343 1092 ταγμένη
2393 1022 2545 1075 ἐστί’
2598 1023 2692 1073 καὶ
2738 1020 2792 1073 εἴ
2842 1038 2895 1073 τι
2943 1021 3340 1092 περισσοτέρως
3385 1023 3654 1093 ποιήσεις,
3751 1039 3755 1043 ’

2098 1112 2257 1164 τοῦτο
2291 1111 2441 1181 παρά
2469 1110 2568 1181 τήν
2594 1110 2820 1164 σεαυτοῦ
2850 1110 3185 1182 προαίρεσιν.
3217 1112 3280 1163 Et
3308 1111 3364 1163 δὲ
3390 1112 3482 1164 καὶ
3504 1112 3660 1183 ὑπερ-

2099 1204 2275 1266 θέσεις
2321 1204 2545 1256 δύνασαι
2591 1206 2786 1265 ποιεῖν,
2831 1204 3095 1270 γενναίως
3134 1204 3341 1267 ἀσκεῖς.
3379 1204 3659 1275 Νηστεύων

2096 1295 2154 1349 δὲ
2199 1296 2293 1348 καὶ
2327 1295 2757 1364 πολιτευόμενος,
2805 1293 2971 1364 βλέπε
3019 1293 3094 1365 μὴ
3144 1294 3455 1365 φυσιωθῇς’
3500 1297 3659 1368 ήγὰρ

2098 1387 2360 1457 φυσίωσις
2390 1387 2555 1455 παγίς
2587 1390 2703 1439 ἐστι
2735 1386 2827 1439 τοῦ
2874 1386 3139 1450 διαϐόλου,
3170 1386 3237 1441 δι’
3282 1383 3347 1459 ἧς
3378 1388 3472 1441 ἀπ’
3503 1389 3661 1459 ούρα-

2096 1479 2186 1533 νοῦ
2232 1479 2540 1543 πέπτωκεν,
2568 1479 2767 1549 ὁμοίως
2803 1478 2861 1531 δὲ
2892 1477 3075 1531 λοιπὸν
3108 1478 3177 1531 δι’
3209 1481 3377 1549 αὐτῆς
3420 1480 3543 1544 τοὺς
3574 1481 3662 1532 ἀν-

2097 1567 2347 1639 Θρώπους
2373 1567 2676 1636 παγιδεύων
2704 1566 3049 1621 καταϐάλλει.
3084 1568 3174 1639 Μή
3212 1567 3295 1630 τίς
3335 1584 3395 1621 σε
3423 1567 3663 1641 πλανήσῃ

2095 1661 2153 1712 ὲν
2183 1662 2419 1731 κυριακῇ
2450 1658 2729 1730 νηστεύειν
2766 1659 2828 1712 τὸ
2869 1660 3151 1731 παράπαν,
3190 1662 3325 1730 μήτε
3356 1663 3663 1727 γονυπετεῖν

2094 1752 2156 1804 τὸ
2184 1750 2471 1824 παράπαν,
2505 1750 2642 1823 μήτε
2683 1753 2742 1803 ὲν
2772 1752 3119 1823 Πεντήκοστῇ
3140 1769 3156 1784 ·
3186 1751 3246 1804 ού
3288 1752 3398 1822 γάρ
3425 1752 3543 1804 ἐστι
3580 1752 3666 1805 θε-

418 1846 713 1909 deducant,
752 1853 847 1900 aut
884 1846 975 1899 alii
1013 1845 1274 1911 haeretici,
1316 1851 1370 1899 et
1416 1842 1654 1897 Sabbato
1691 1844 1773 1897 vel
1810 1842 1988 1897 Domi-

2100 1844 2235 1913 σμὸς
2270 1828 2610 1911 Ἕκκλησίας.
2643 1842 2753 1895 Καὶ
2784 1842 2858 1913 μὴ
2887 1842 3101 1912 ἀνέχου,
3132 1843 3217 1895 ἵνα
3247 1842 3563 1913 πλανήσωσί
3600 1860 3659 1896 σε

424 1940 549 1993 nica
586 1937 834 2007 jejunare
862 1937 1146 1991 suadeant.
1204 1936 1515 1990 Conventus
1547 1951 1615 1989 ne
1649 1936 1885 2004 neglige;
1919 1943 1989 1989 te-

423 2030 753 2100 queipseita
782 2043 1025 2099 praepara
1050 2036 1107 2081 ut
1136 2027 1332 2097 dignus
1354 2029 1432 2082 sis
1451 2028 1743 2098 mysteriis.
1770 2040 1836 2081 ne
1859 2026 1995 2081 forte

417 2119 475 2173 in
534 2118 802 2188 judiciqu
863 2118 1095 2173 incidas.
1157 2115 1235 2172 Ne
1282 2118 1506 2172 omittas
1569 2116 1993 2176 te,adeuntium

415 2210 647 2265 fratrum
678 2213 842 2282 pedes
893 2212 1096 2273 lavare,
1134 2209 1401 2276 ejusmodi
1456 2223 1695 2277 namque
1735 2209 1992 2277 praecepti

414 2302 559 2358 ratio
609 2302 974 2372 postulabitur
1020 2302 1091 2357 ab
1148 2303 1216 2357 iis
1244 2303 1339 2371 qui
1401 2316 1512 2371 prie
1559 2302 1813 2371 superbia
1858 2304 1992 2357 illud

413 2395 718 2456 omiserint,
759 2395 1008 2463 quamvis
1064 2394 1175 2449 sint
1223 2393 1487 2463 episcopi.
1542 2391 1673 2449 Nam
1729 2393 1991 2450 Dominus

414 2494 603 2540 noster
630 2486 778 2556 prior
807 2487 925 2555 ipse
971 2484 1162 2549 abluit,
1196 2499 1321 2538 cum
1355 2484 1612 2553 praecepit
1672 2483 1784 2539 illis
1810 2492 1869 2538 ut
1914 2484 1989 2538 ita

414 2572 680 2626 facerent.

489 2666 542 2721 5.
574 2664 653 2720 Ne
676 2675 794 2721 esto
833 2680 1052 2729 avarus,
1077 2681 1146 2719 ne
1173 2665 1345 2735 turpis
1372 2665 1529 2729 lucri,
1552 2665 1986 2734 possessionum,

412 2758 726 2813 divitiarum
770 2758 1003 2826 cupidus
1037 2776 1050 2811 :
1084 2773 1209 2811 nam
1245 2759 1337 2827 qui
1378 2757 1650 2827 ejusmodi
1689 2765 1839 2820 sunt,
1880 2755 1990 2811 Deo

413 2854 627 2924 placere
647 2868 756 2907 non
780 2852 980 2906 valent.
1001 2849 1078 2906 Ne
1104 2852 1328 2905 omnino
1347 2852 1562 2919 negotia
1586 2865 1779 2921 geras;
1807 2852 1991 2905 multa

412 2953 539 2999 sunt
573 2944 793 2998 inculta:
820 2944 1092 3012 regiones,
1132 2958 1364 3011 quarum
1395 2943 1587 2997 incolae
1626 2943 1673 2997 si
1710 2950 1856 2998 artes
1881 2959 1988 2998 non

414 3032 650 3085 habeant
688 3041 961 3100 coguntur
990 3032 1293 3100 negotiari;
1335 3032 1449 3101 qui,
1484 3033 1698 3086 etiamsi
1732 3034 1987 3086 monachi

415 3133 524 3172 non
559 3119 689 3181 sint,
726 3118 770 3173 si
814 3119 1176 3187 negotientur,
1227 3120 1368 3174 male
1407 3120 1625 3189 quidem
1662 3132 1847 3192 agunt,
1880 3123 1985 3177 nisi

415 3210 468 3263 in
498 3225 631 3264 casu
673 3211 1041 3265 necessitatis.
1076 3209 1310 3266 Usuram
1355 3229 1422 3267 ne
1467 3213 1692 3283 accipe:
1727 3230 1796 3269 ne
1834 3217 1986 3285 prius

412 3316 697 3372 compares
729 3303 1006 3372 quidpiam
1039 3304 1146 3357 alio
1176 3319 1340 3374 quam
1373 3306 1582 3373 vulgari
1630 3309 1821 3375 pretio.
1853 3308 1988 3361 Ama

412 3407 604 3447 omnes
636 3393 905 3456 homines,
936 3400 989 3447 et
1012 3408 1198 3464 pacem
1227 3395 1366 3449 habe
1397 3410 1521 3448 cum
1554 3396 1830 3459 omnibus,
1863 3411 1987 3450 cum

413 3484 521 3539 illis
568 3484 732 3539 etiam
762 3485 1087 3555 quibuscum
1129 3501 1235 3539 non
1269 3501 1418 3550 oras,
1456 3496 1718 3556 quantum
1760 3489 1989 3542 facultas

388 3576 538 3639 'erit,
568 3586 796 3647 excepta
829 3578 1050 3633 haeresis
1077 3594 1264 3633 causa.
1300 3577 1358 3632 Si
1388 3587 1664 3648 suppetat.
1685 3580 1883 3649 largire
1912 3581 1990 3633 in-

410 3669 638 3740 digenti,
677 3670 761 3724 sin
793 3672 865 3724 mi
914 3686 999 3731 us,
1032 3672 1139 3724 noli
1175 3673 1457 3741 conqueri.
1496 3671 1552 3725 Si
1584 3672 1707 3741 quis
1737 3680 1926 3725 mutuo
1957 3687 1989 3727 a

411 3764 463 3811 te
489 3757 726 3826 petierit,
756 3758 902 3821 dato,
951 3768 1004 3813 et
1045 3761 1114 3824 ab
1148 3775 1215 3813 eo
1245 3762 1430 3829 accipe
1470 3769 1696 3825 sortem,
1736 3778 1859 3815 cum
1892 3763 1991 3815 ha-

410 3849 612 3911 buerit,
643 3849 850 3918 absque
877 3849 1107 3904 foenore.
1134 3850 1211 3905 Ne
1230 3853 1418 3907 dolose
1457 3869 1585 3923 agas
1612 3854 1666 3907 in
1690 3862 1986 3923 conspectu

412 3939 644 3995 Domini.
680 3939 815 3994 Nam
840 3942 888 3997 si
918 3944 1103 4012 fruges
1144 3944 1344 3999 habeas
1372 3953 1465 3997 aut
1499 3954 1806 4014 argentum,
1826 3955 1988 4016 atque

408 4034 608 4103 aliquis
662 4049 693 4088 a
735 4041 791 4089 te
846 4045 1038 4089 mutuo
1098 4037 1348 4107 accipere
1391 4039 1652 4107 postulet,
1697 4046 1884 4108 tuque,
1920 4055 1988 4094 ne

409 4140 631 4179 usuram
679 4127 919 4196 accipias
974 4127 1183 4196 majore
1228 4131 1402 4198 pretio
1452 4130 1663 4192 vendis,
1725 4139 1783 4184 ut
1834 4146 1986 4187 emas

407 4225 591 4286 postea
635 4217 824 4272 viliore
880 4226 936 4272 et
989 4220 1199 4274 minore
1252 4221 1429 4290 pretio
1460 4240 1472 4274 :
1500 4239 1518 4271 ι
1562 4222 1987 4292 Comprehendit

405 4307 550 4363 Deus
579 4311 853 4378 sapientes
872 4310 925 4362 in
944 4310 1145 4364 astutia
1166 4311 1260 4362 η.»
1288 4310 1567 4381 Perpende
1588 4314 1732 4366 enim
1752 4327 1815 4367 ac
1840 4313 1982 4378 vide,

404 4408 459 4457 te
491 4403 656 4457 unius
686 4401 914 4458 {tenoris
950 4404 1093 4470 loco,
1126 4405 1230 4459 tria
1262 4416 1355 4459 aut
1380 4417 1614 4475 quatuor
1646 4406 1856 4463 fmuora
1887 4422 1985 4462 ac-

403 4501 715 4571 cepturum.

471 4586 529 4640 4.
568 4585 699 4641 Esto
735 4587 958 4643 humilis
993 4603 1057 4642 ac
1083 4588 1322 4657 quietus,
1369 4598 1610 4645 tremens
1658 4593 1806 4647 omni
1839 4602 1979 4649 tem-

402 4691 535 4746 pore
559 4677 772 4734 Domini
800 4681 1037 4751 eloquia.
1071 4680 1148 4735 Ne
1179 4683 1255 4735 sis
1279 4684 1676 4747 contentiosus,
1711 4700 1778 4738 ne
1802 4688 1978 4740 caedas

401 4769 699 4833 hominem,
740 4773 847 4827 nisi
892 4788 1118 4843 puerum
1150 4784 1298 4827 tuum
1351 4777 1582 4834 modice.
1616 4776 1979 4834 institutionis

401 4873 589 4922 causa,
633 4860 796 4931 idque
847 4870 1029 4917 tamen
1062 4878 1188 4916 cum
1225 4864 1618 4931 moderatione,
1669 4869 1870 4922 cavens
1912 4884 1978 4922 ne

400 4951 529 5005 hinc
558 4953 733 5007 caedes
759 4965 1148 5025 consequatur,
1171 4956 1483 5026 complures
1510 4958 1654 5011 enim
1681 4967 1809 5012 sunt
1834 4974 1980 5013 mor—

400 5044 469 5098 tis
501 5047 844 5103 occasiones.
869 5047 1150 5104 Neminem
1180 5050 1522 5106 subsannes:
1557 5067 1626 5105 ne
1647 5068 1975 5124 quemquam

396 5135 709 5190 vestimenti
749 5152 915 5193 causa
943 5140 1254 5196 detesteris.
1286 5140 1533 5198 Modesto
1575 5151 1728 5198 ntere
1762 5144 1974 5211 habitu,

397 5241 574 5296 neque
597 5230 853 5284 mollibus
884 5231 1250 5297 vestimentis,
1285 5248 1462 5302 neque
1490 5248 1614 5287 cum
1652 5233 1971 5289 indumento

397 5318 489 5384 qui
535 5328 854 5375 sanctorum
887 5337 1013 5377 esse
1042 5323 1281 5377 virorum
1309 5323 1580 5391 videatur,
1614 5325 1838 5380 sordido
1865 5326 1973 5380 sci-

468 5475 511 5505 “
552 5473 731 5530 lCor.
773 5490 871 5540 ιιι,
909 5475 995 5531 l9.

466 5623 578 5700 (ΞΕ)
611 5626 649 5700 i-
686 5628 1050 5700 προαγρραξε.

466 5684 576 5762 (
611 5694 647 5762 l.
683 5684 987 5762 μεταδίδου.

465 5759 576 5831 (33)
610 5759 761 5826 nam:
788 5779 972 5823 vocem
999 5768 1074 5823 ita
1104 5769 1230 5841 legit
1262 5769 1460 5827 Suidas
1494 5772 1574 5829 bis
1597 5768 1965 5842 ὲνδυομενυία,

2104 1936 2239 1996 τινὲς
2279 1935 2711 2004 Μαρκιωνισταὶ,
2742 1936 2774 2005 ἢ
2819 1935 2979 2005 ἑτέρα
3025 1935 3255 2005 αἵρεσις,
3291 1934 3573 2004 νηστεύειν
3599 1936 3660 1988 τὸ

2101 2027 2372 2082 Σάϐϐα-εον
2409 2026 2552 2091 ἰδίως
2581 2027 2676 2080 καὶ
2708 2027 3002 2099 κυριακῆς.
3035 2026 3156 2079 Τῶν
3185 2026 3243 2079 δὲ
3290 2026 3558 2093 συνάξεων
3590 2029 3664 2097 μὴ

2095 2120 2318 2190 ἀμέλει·
2372 2119 2481 2172 τῶν
2532 2121 2846 2190 μυστηρίων
2890 2118 3039 2182 ἀξιον
3085 2118 3307 2172 σεαυτὸν
3359 2119 3666 2190 εὐτρέπιζε,

2096 2213 2293 2281 μήπως
2316 2212 2395 2273 εἰς
2416 2213 2590 2281 κρῖμα
2616 2209 2894 2282 συνέλθῃς.
2922 2209 3012 2281 Μὴ
3037 2208 3229 2280 ἀμέλει
3255 2210 3472 2263 πλύνειν
3501 2212 3668 2275 πόδας

2092 2301 2337 2370 ἀδελφῶν
2379 2301 2689 2373 ἐρχομένων
2723 2301 2861 2372 πρὸς
2906 2301 2967 2354 σέ
2989 2318 3000 2328 ·
3041 2301 3335 2374 ζητήσεται
3360 2303 3468 2374 γὰρ
3492 2306 3525 2374 ή
3557 2321 3671 2357 τοι-

2090 2394 2228 2464 αύτη
2254 2393 2441 2463 ἐντολὴ
2470 2392 2596 2463 περὶ
2623 2392 2729 2445 τῶν
2754 2393 3315 2464 ὑπερηφανευσάντων
3338 2393 3529 2464 αὐτὴν,
3565 2395 3670 2448 κᾶν

2092 2485 2374 2539 ἐπίσκοποι
2405 2479 2557 2538 ὦσιν.
2600 2486 2657 2538 '0
2688 2485 2796 2556 γὰρ
2825 2482 3028 2557 Κύριος
3056 2486 3214 2557 ήμῶν
3255 2487 3418 2550 αὐτὸς
3453 2487 3671 2559 πρῶτος

2089 2577 2302 2640 ἔπλυνε,
2329 2578 2705 2648 παραγγείλας
2732 2580 2911 2643 αὺτοῖς
2940 2579 3082 2633 οὕτω
3122 2585 3313 2635 ποιεῖν.

2158 2670 2210 2723 5.
2243 2668 2333 2740 Μὴ
2359 2669 2508 2737 γίνου
2538 2669 2890 2741 φιλάργυρος,
2928 2671 3001 2743 μή
3028 2674 3444 2745 αἰσχροκερδὴς,
3479 2676 3558 2746 μὴ
3587 2693 3675 2745 φι.

2088 2760 2396 2831 λοκτήμων,
2450 2762 2524 2833 μὴ
2572 2762 2957 2831 φιλόπλουτος·
3007 2767 3057 2816 οἱ
3109 2766 3218 2836 γάρ
3265 2765 3496 2819 τοιοῦτοι
3553 2768 3675 2840 Θεῷ

2088 2854 2282 2925 ἀρέσαι
2304 2854 2364 2906 οὐ
2392 2853 2662 2908 δύνανται.
2687 2856 2797 2908 Καὶ
2820 2855 2957 2919 ὅλως
2985 2856 3059 2927 μὴ
3086 2857 3509 2927 πραγματεύου·
3548 2861 3678 2913 πολ-

2089 2944 2176 2999 λαὶ
2210 2945 2383 3017 χῶραι
2428 2950 2534 2999 εἱσι
2584 2948 2657 3018 μὴ
2693 2948 2984 3017 σπέρασαι,
3033 2949 3129 3002 καὶ
3162 2951 3210 3001 οί
3242 2949 3543 3014 οἰκοῦντες,
3581 2954 3679 3007 ἐὰν

2090 3037 2283 3108 τέχνας
2323 3037 2397 3107 μὴ
2436 3037 2651 3108 ἔχωσιν,
2697 3038 3097 3107 ἀναγκάζονται
3145 3042 3677 3111 πραγματεύεσθαι’

2090 3131 2192 3183 κάν
2225 3129 2298 3200 μὴ
2325 3124 2426 3182 ὦσι
2453 3130 2795 3200 μονάζοντες,
2832 3132 2925 3185 καὶ
2954 3133 3453 3203 πραγματεύονται,
3486 3136 3683 3199 κακῶς

2094 3222 2212 3292 μὲν,
2248 3222 2386 3292 πλὴν
2441 3223 2652 3294 ἀνάγκη
2703 3226 2863 3276 ποιεῖ.
2915 3224 3085 3278 Τόκον
3141 3225 3215 3295 μή
3256 3225 3503 3296 λάμϐανε
3527 3246 3541 3258 ο
3606 3230 3686 3301 μὴ

2090 3313 2468 3385 προσαγόραξέ
2498 3315 2608 3384 (51)
2636 3332 2688 3368 τι
2725 3316 2838 3368 ἴσον
2863 3316 2939 3380 ὡς
2982 3315 3084 3385 τῆς
3129 3317 3561 3389 πολιτευομένης
3597 3338 3682 3373 τι-

2093 3407 2219 3477 μῆς.
2278 3405 2490 3473 Ἀγάπα
2531 3406 2707 3459 πάντα
2739 3406 3046 3477 ἄνθρωπον,
3091 3409 3186 3461 καὶ
3230 3410 3481 3481 εἰρήνευε
3540 3412 3685 3482 μετά

2090 3500 2326 3561 πάντων,
2362 3498 2457 3550 καὶ
2512 3498 2631 3568 μεθ’
2663 3492 2739 3551 ὧν
2776 3500 2876 3552 οὐκ
2927 3499 3082 3571 εὔχῃ,
3135 3502 3184 3554 εί
3215 3501 3447 3556 δυνατὸν
3495 3504 3567 3557 τὸ
3620 3508 3684 3559 ὲκ

2090 3592 2204 3655 σοῦ,
2239 3593 2405 3663 χωρὶς
2432 3592 2712 3663 αἱρέσεως.
2744 3594 2921 3663 Ἔχων
2944 3596 3022 3657 δὲ,
3061 3595 3307 3665 μετάδιδε
3343 3596 3457 3667 (52)
3488 3598 3576 3669 τῷ
3605 3601 3683 3670 μὴ

2088 3683 2299 3753 ἔχοντι·
2337 3684 2411 3754 μὴ
2452 3685 2587 3753 ἔχων
2609 3684 2685 3748 δὲ,
2720 3685 2794 3755 μὴ
2823 3686 3154 3758 ἐγκληθήσῃ.
3199 3688 3325 3740 Ἐὰν
3354 3692 3565 3762 αἰτήσῃ
3600 3709 3684 3754 τις

2090 3775 2240 3845 παρά
2276 3775 2369 3828 σοῦ
2395 3778 2473 3839 εἰς
2500 3777 2713 3847 χρῆσιν,
2743 3777 2908 3841 δίδου,
2944 3779 3039 3832 καὶ
3066 3778 3310 3849 λάμϐανε
3343 3785 3477 3853 παρ’
3509 3783 3683 3836 αὑτοῦ

2086 3865 2148 3918 τὸ
2178 3865 2489 3936 κεφάλαιον,
2524 3867 2601 3920 ὅτ’
2634 3866 2700 3921 ἂν
2732 3867 2851 3939 ἔχῃ,
2900 3869 3027 3923 ἄνευ
3076 3872 3255 3924 τόκου.
3301 3873 3394 3943 Μὴ
3426 3874 3682 3927 δολιεύου

2090 3957 2317 4012 ἐνώπιον
2347 3960 2573 4031 Κυρίου.
2616 3961 2742 4014 Ἐάν
2767 3963 2875 4035 γὰρ
2907 3963 3037 4034 ἔχῃς
3076 3968 3394 4036 γεννήματα
3430 3966 3463 4038 ἢ
3501 3969 3685 4040 ἀργύ-

2089 4066 2226 4120 ριον,
2258 4051 2351 4103 καὶ
2384 4050 2540 4119 ζητεῖ
2567 4067 2651 4114 τις
2677 4052 3027 4107 δανείσασθαι
3057 4054 3204 4124 παρὰ
3248 4054 3341 4107 σοῦ
3371 4056 3466 4108 καὶ
3497 4059 3566 4109 οὐ
3589 4057 3684 4111 διὰ

2088 4141 2163 4212 μὴ
2188 4142 2483 4213 λαμϐάνειν
2517 4160 2575 4197 σε
2607 4145 2766 4198 τόκον
2799 4145 2999 4209 πωλεῖς
3024 4147 3387 4218 τιμιωτέρως,
3420 4149 3513 4200 ἵνα
3547 4150 3685 4217 ἀγο-

2090 4230 2260 4302 ράσῃς
2313 4230 2529 4296 εύώνως
2585 4232 2663 4303 τῷ
2720 4232 2916 4305 καιρῷ,
2970 4235 3244 4289 τουτέστιν
3299 4236 3678 4308 ὀλιγοίτίι.ι.ιι›ς⁹

2091 4340 2110 4373 ι
2147 4322 2451 4394 Δράσσεται
2480 4325 2508 4377 ὁ
2539 4322 2673 4388 Θεὸς
2698 4327 2823 4388 τοὺς
2853 4327 3050 4394 σοφοὺς
3080 4327 3138 4379 ὲν
3167 4330 3232 4398 τῇ
3269 4330 3612 4401 πανουργίᾳ.
3654 4349 3675 4382 ι

2086 4415 2289 4484 Σκέψαι
2314 4416 2423 4486 γὰρ
2448 4417 2542 4469 καὶ
2568 4417 2690 4498 ὅρα,
2722 4418 2803 4470 ὃτι
2831 4417 2946 4470 ἀνθ’
2972 4419 3091 4480 ἐνὸς
3115 4421 3273 4471 τόκου
3299 4424 3450 4490 τρεῖς
3475 4422 3513 4493 ἢ
3549 4422 3684 4477 τέσ-

2013 4508 2056 4563 D
2088 4521 2262 4575 σαρας
2288 4505 2479 4568 τόκους
2513 4507 2765 4578 εὑρήσεις
2791 4505 3103 4577 λαμϐάνων.

2155 4595 2208 4650 4.
2244 4597 2283 4648 Γ
2290 4596 2397 4648 ίνου
2424 4595 2675 4659 ταπεινὸς
2703 4597 2795 4649 καὶ
2828 4596 3072 4667 ήσύχιος,
3102 4597 3320 4668 τρέμων
3351 4597 3443 4651 διὰ
3466 4604 3687 4665 παντὸς

2082 4687 2153 4740 τά
2178 4688 2333 4756 λόγια
2372 4687 2462 4740 τοῦ
2508 4687 2733 4758 Κυρίου.
2762 4687 2851 4758 Μὴ
2889 4689 3039 4755 γίνου
3085 4690 3343 4759 μάχιμος,
3382 4689 3460 4761 μὴ
3499 4690 3684 4741 τύπτε

2084 4779 2386 4852 ἄνθρωπον,
2409 4778 2441 4850 ἢ
2472 4779 2630 4849 μόνον
2657 4778 2863 4832 παιδίον
2889 4796 2981 4832 σου
3007 4781 3201 4850 μικρὸν
3226 4780 3363 4851 πρὸς
3391 4781 3683 4840 παιδείαν,

2081 4872 2174 4924 καὶ
2217 4870 2347 4923 αὐτὸ
2373 4870 2933 4941 παρατετηρημένως,
2966 4872 3184 4925 σκοπῶν
3215 4874 3411 4944 μήπως
3439 4872 3540 4926 διὰ
3583 4872 3685 4925 σοῦ

2082 4963 2240 5032 φόνος
2266 4964 2522 5033 γένηται·
2552 4960 2743 5014 πολλαὶ
2769 4962 2876 5034 γάρ
2910 4965 3047 5016 εἰσιν
3080 4963 3327 5035 ἀφορμαὶ⁵
3370 4963 3473 5016 τοῦ
3509 4964 3688 5018 θανά-

2078 5072 2193 5109 του.
2227 5054 2316 5125 Μὴ
2348 5051 2646 5125 μυκτήριζε
2681 5053 2857 5106 πάντα
2888 5052 3174 5124 ἄνθρωπον
3196 5072 3209 5084 ·
3246 5054 3319 5125 μὴ
3367 5055 3685 5124 βδελύσσσυ

2077 5145 2201 5198 τινὰ
2259 5146 2366 5198 ἀπὸ
2426 5148 2740 5216 σχήματος·
2814 5148 3351 5217 παρατετηρημένως
3408 5147 3509 5218 ἔχε
3578 5150 3687 5218 τὴν

2079 5237 2305 5306 ἐσθῆτα,
2358 5238 2494 5306 μήτε
2545 5237 2809 5306 μαλακοῖς
2862 5238 3144 5308 χρώμενος
3199 5240 3464 5309 ἱματίοις,
3530 5242 3685 5311 μήτε

2078 5326 2264 5397 ἐσθῆτι
2291 5327 2590 5401 φαινομένῃ
2613 5328 2835 5382 δικαίων
2862 5330 3213 5401 ὲνδυομενυία
3245 5330 3377 5401 (55),
3408 5333 3688 5385 τουτέστι

2079 5647 2181 5688 nec
2204 5632 2396 5707 dubito
2427 5634 2803 5707 ilaghaberiin
2833 5635 3023 5691 codice
3068 5650 3176 5707 quo
3235 5653 3374 5693 usus
3431 5651 3524 5694 est
3588 5638 3682 5694 Cl.

2078 5704 2374 5768 Arnoldus,
2394 5706 2494 5776 qui
2514 5705 2641 5773 legit
2657 5704 3027 5776 ἐνδυσμενυία.
3054 5704 3302 5762 Proclivc
3324 5710 3412 5764 est
3446 5711 3503 5764 in
3528 5725 3685 5764 mss.

2078 5786 2230 5842 opro
2269 5790 2302 5828 σ
2329 5775 2524 5845 accipi,
2564 5790 2685 5831 cum
2735 5775 2941 5831 librarii
2995 5779 3086 5833 ubi
3135 5789 3398 5835 currente
3446 5784 3687 5835 calamo
