3856 6206
136 379 238 438 8H

1372 378 1752 438 SYNTAGMA
1789 375 2184 437 DOGTRINE.

3295 375 3405 434 ιιι

140 499 410 567 pompose
434 490 854 563 προερχόμενος.
880 489 1091 545 Σάκκον
1108 490 1167 545 δὲ
1190 490 1287 547 ὲάν
1314 491 1465 564 ἔχῃς,
1487 493 1575 546 ἵνα
1598 508 1724 546 πενο

1833 491 1954 547 licet
1978 490 2201 554 vestitu,
2231 486 2601 561 progrediare.
2634 487 2867 545 Saccnm
2889 488 2936 547 si
2974 488 3200 555 habeas,
3223 498 3282 546 ut
3308 498 3404 548 tua

136 584 239 659 θῇς
265 583 371 647 τὰς
417 582 689 654 ἁμαρτίας
729 597 844 648 σου,
880 582 1074 636 σκόπει
1118 583 1192 655 μὴ
1222 586 1362 655 φανῇ
1392 598 1487 638 σου
1527 587 1557 638 ὁ
1590 584 1723 641 σάκ-

138 691 262 740 κος,
297 674 417 729 ἀλλ’
444 675 585 727 ἔστω
608 674 989 747 κεκρυμμένος
1024 674 1150 728 ἔσω.
1178 675 1286 728 Καὶ
1320 676 1456 747 μήτε
1478 677 1723 748 δέρματα

136 765 439 838 ἀμφιάζου,
463 767 658 839 μήπως
680 766 835 833 δόξαν
858 766 1009 840 παρά
1030 765 1328 839 ἀνθρώπων
1352 767 1517 839 λήψῃ.
1547 769 1724 833 Ὅλως

133 858 330 931 τρίχας
365 857 442 929 μὴ
473 858 675 930 τρέφε’
711 858 933 927 ἐξέκοψε
960 858 1068 928 γάρ
1096 858 1157 911 τὸ
1193 858 1432 912 τοιοῦτον
1468 860 1655 932 σχῆμα
1694 862 1725 915 ὁ

148 951 507 1015 Ἀπόστολος·
539 951 612 1023 μὴ
654 950 799 1023 ξυρῶ
841 950 905 1004 τὸ
944 951 1171 1020 γένειον,
1216 952 1311 1005 καὶ
1357 953 1432 1024 μὴ
1461 970 1723 1024 περικου-

136 1044 310 1117 ρείοις
340 1043 462 1114 χρῶ
500 1045 838 1115 κειρόμενος.

206 1136 260 1190 5.
288 1137 355 1188 Ei
380 1136 606 1189 δύνασαι
645 1135 740 1189 καὶ
770 1134 1040 1205 ἑϐδομάδα
1071 1137 1372 1209 νηστεύειν,
1404 1138 1593 1212 μηδενὶ
1624 1139 1727 1193 δεί·

134 1243 290 1280 κνυε.
324 1225 524 1297 Κρεῶν
551 1226 778 1296 ἀπέχου,
799 1227 896 1297 οὐχ
922 1226 998 1290 ὡς
1030 1227 1475 1300 βδελυσσόμενος,
1505 1230 1619 1284 ἀλλ’
1649 1231 1726 1296 ὡς

136 1319 468 1373 ἀνακόπτων
500 1319 560 1371 τὸ
596 1318 755 1389 σῶμα
783 1320 881 1390 τῆς
906 1321 1135 1392 τροφῆς,
1160 1322 1256 1375 καὶ
1280 1322 1499 1389 ἀνάξιον
1532 1323 1725 1377 ἑαυτὸν

137 1410 465 1482 ἡγούμενος,
484 1411 576 1463 καὶ
604 1411 722 1463 ἀντὶ
745 1410 851 1464 τῶν
882 1412 1135 1480 ἐπιγείων
1160 1411 1268 1467 τῶν
1287 1414 1573 1484 οὐρανίων,
1604 1416 1726 1487 ὀρε-

134 1503 397 1573 γόμενον.
413 1503 526 1564 Πᾶς
544 1502 652 1574 γὰρ
680 1502 989 1574 μετριάζων
1012 1503 1263 1578 δαψιλείᾳ
1277 1505 1516 1577 τροφῶν,
1542 1506 1728 1579 βοηθεῖ

131 1594 211 1666 τῷ
258 1593 478 1665 σώματι
514 1592 677 1646 αὐτοῦ
723 1589 860 1665 πρὶς
904 1594 1250 1665 ἐγκράτειαν.
1286 1596 1442 1651 Uis/ou
1484 1597 1621 1661 ὅλως
1650 1598 1725 1672 μὴ

131 1683 410 1754 λάμϐανε,
432 1684 466 1753 ἧ
495 1683 654 1754 μόνον
674 1682 931 1752 γεύεσθαι
952 1686 1047 1738 καὶ
1068 1683 1309 1754 εὐλογεῖν
1328 1687 1420 1741 τὸν
1440 1687 1721 1744 κτίσαντα.

143 1777 278 1831 Ἐἀν
311 1777 372 1830 δὲ
406 1778 499 1830 καὶ
529 1776 615 1841 σὺ,
641 1776 830 1848 ὥσπερ
858 1778 1140 1848 Τιμόθεος,
1167 1778 1256 1833 διά
1278 1779 1375 1851 τὴν
1398 1780 1598 1852 πολλὴν
1630 1799 1727 1836 πο-

130 1866 346 1922 λιτείαν
391 1869 564 1930 νόσοις
607 1847 939 1940 περιπέσῃς,
964 1868 1130 1942 ὀλίγῳ
1172 1871 1299 1942 οἴνῳ
1332 1847 1489 1945 χρῶ·
1520 1847 1583 1926 τά
1608 1862 1725 1947 ⁹γάρ
1758 1847 1799 1905 Β

129 1960 318 2029 ὀλίγον
346 1960 637 2032 φάρμακόν
664 1963 811 2013 ἐστιν
848 1960 1041 2026 ἰάσεως
1060 1978 1075 1993 ·
1110 1963 1289 2034 πολλῷ
1321 1964 1379 2017 δὲ
1410 1964 1560 2036 αὑτῷ
1582 1964 1728 2039 χρώ-

132 2067 326 2122 μενος,
363 2050 679 2122 ἀμφοτέρας
718 2049 1001 2114 ἀσθενείας
1032 2051 1256 2104 σεαυτὸν
1294 2050 1641 2123 περιϐαλεῖς·
1676 2054 1726 2107 εἰ

128 2142 192 2197 δὲ
222 2142 338 2207 ἓως
372 2143 492 2207 ἑνὸς
522 2142 841 2214 ποτηρίουῆ
880 2141 995 2204 δύο,
1034 2143 1293 2215 περισσὸν
1319 2143 1382 2215 δὴ
1416 2145 1511 2216 μή.
1540 2145 1604 2198 Et
1634 2143 1726 2198 δυ-

129 2235 304 2289 νατόν
353 2251 436 2287 σοι
488 2234 818 2288 ἀνυπόδυτον
866 2234 1005 2306 (54)
1051 2235 1276 2301 ὁδεύειν,
1330 2237 1594 2306 γενναίως
1638 2237 1728 2292 ὲν-

129 2327 385 2400 ιιχθήσῃ·
421 2326 468 2379 εί
493 2326 549 2379 δὲ
580 2327 794 2397 ἀνάγκη
820 2327 938 2380 ἐστὶ
968 2329 1186 2392 πάντως
1227 2315 1564 2394 ὑποδέεσθαι,
1596 2329 1728 2401 ψιλά

130 2417 356 2470 ἔσονταί
396 2432 489 2469 σου
517 2418 586 2471 τά
619 2418 944 2489 ὑποδήματα
963 2434 978 2448 θ
1013 2419 1110 2473 καὶ
1154 2419 1230 2492 μὴ
1262 2419 1384 2474 θέλε
1421 2437 1726 2475 κατακεκο-

133 2508 449 2581 σμημένοις
479 2508 819 2580 ὑποδήμασιν
857 2510 1176 2582 έταιρισμοῦ
1209 2512 1481 2583 σχήμασιν
1512 2512 1730 2584 ἐπαιρί-

134 2600 348 2653 δεσθαι.
388 2601 514 2665 Τοῖς
546 2599 812 2672 παροῦσιν
836 2601 1031 2675 ἀρκοῦ.
1060 2602 1170 2656 Καὶ
1198 2603 1295 2655 ἐὰν
1326 2604 1729 2677 περισσοτέρων

136 2691 325 2763 κρεῶν
371 2692 469 2746 καὶ
518 2691 679 2745 οῖνων
723 2691 854 2764 ἔχῃς
892 2692 1189 2760 πολιτείαν,
1225 2694 1322 2747 καὶ
1348 2694 1589 2768 ἀπέλθῃς
1635 2696 1729 2750 ἐπὶ

136 2782 323 2853 ξένης,
365 2780 442 2852 μὴ
476 2781 710 2854 θελήσῃς
743 2783 936 2836 ἑαυτὸν
966 2782 1294 2855 κομπάζειν,
1339 2782 1455 2837 ἀλλ’
1491 2784 1605 2849 ἴσος
1640 2784 1729 2855 γί-

136 2891 231 2929 νου
263 2876 384 2939 τοῖς
411 2873 660 2944 ἀδελφοῖς
679 2891 693 2904 ο
728 2868 862 2938 οἷον,
907 2874 1005 2929 ὲάν
1046 2876 1105 2928 ἐν
1133 2873 1387 2945 λαχάνοις
1426 2876 1726 2950 χρώμενος,

138 2968 239 3021 καῖ⁵
278 2966 552 3038 ἑψήμασι,
593 2966 689 3021 καὶ
727 2968 777 3020 εί
816 2966 1052 3037 ἀνάγκη,
1095 2966 1263 3038 γάρον
1307 2966 1527 3033 ἐσθίειν,
1560 2969 1595 3040 ἦ
1635 2969 1731 3023 καὶ

139 3056 330 3127 ἰχθύος
368 3055 830 3127 μεταλαμϐάνειν,
854 3055 951 3109 ὲάν
976 3056 1140 3127 θέλῃς
1161 3075 1175 3089 ο
1205 3057 1311 3121 ἕως
1330 3057 1518 3113 τούτου
1544 3059 1727 3131 μόνου,

137 3151 239 3203 καὶ
272 3148 439 3206 πάλιν
469 3149 702 3204 ἀνάλαϐε
730 3149 830 3219 τὴν
865 3147 1088 3220 πρώτην
1125 3148 1380 3221 ἄσκησιν.
1413 3151 1602 3216 Πάλιν,
1635 3152 1729 3206 ὲάν
1756 3192 1803 3255 C

136 3244 534 3316 ἀῤῥωστήσῃς,
562 3243 659 3297 καὶ
686 3242 859 3316 λάϐῃς
893 3240 1026 3307 ὠοῦ,
1061 3243 1307 3313 ἁμαρτία
1335 3246 1437 3298 οὐκ
1469 3243 1615 3299 ἔστιν
1634 3261 1648 3275 ·
1681 3246 1732 3299 εί

137 3338 201 3392 6's
254 3337 502 3409 ήττηθῇς
543 3336 713 3408 ἐν’τῇ
747 3336 910 3407 νόσῳ,
961 3334 1080 3408 [καὶ
1125 3337 1292 3409 λάϐῃς
1339 3337 1586 3392 πετεινοῦ
1637 3337 1735 3391 καὶ

136 3428 327 3501 κρεῶν
351 3427 511 3500 (55),]
528 3429 750 3501 ἥττημα
780 3429 879 3500 μέν
909 3431 990 3484 σοί
1022 3431 1160 3496 ἐστι,
1205 3431 1279 3503 μὴ
1308 3430 1500 3504 λογίσῃ
1521 3431 1578 3485 δὲ
1602 3431 1736 3486 αὐτὸ

136 3520 425 3593 ἁμαρτίαν
442 3537 457 3551 ο
484 3521 653 3575 λυποῦ
681 3522 758 3588 δὲ,
782 3524 865 3576 ὅτι
887 3524 1164 3597 ἀνεκόπης
1192 3542 1285 3579 σου
1313 3524 1411 3596 τῆς
1437 3524 1732 3589 πολιτείας,

135 3614 241 3668 καὶ
270 3614 662 3687 ὑπεχαλάσθης
685 3615 779 3669 τοῦ
815 3616 1037 3678 στερεοῦ
1069 3617 1353 3691 λογισμοῦ.

207 3875 266 3930 6.
292 3875 364 3928 Εῖ
391 3873 451 3928 δὲ
480 3874 574 3928 ἐπὶ
594 3875 736 3947 νόσῳ
763 3876 1136 3949 ἀναγκασθῇς,
1167 3876 1377 3949 λουτρῷ
1402 3879 1602 3952 χρήσῃ,
1629 3878 1735 3943 ἕως

138 3965 299 4031 ἅπαξ
329 3966 427 4020 καὶ
481 3965 589 4030 δίς⁸
645 3966 905 4035 ὑγιαίνων
958 3967 1038 4035 δὲ,
1093 3968 1376 4039 βαλανείου
1432 3969 1495 4022 οὐ
1547 3967 1734 4040 χρείαν

139 4059 313 4131 ἔχεις.
351 4060 426 4113 Σὺ
460 4060 489 4113 ὁ
512 4058 758 4131 μονάζων
792 4060 887 4113 καὶ
916 4061 1094 4131 ἱερεὺς
1121 4060 1423 4132 χαμευνίαν
1452 4060 1597 4125 θέλε,
1639 4059 1737 4114 ἐὰν

138 4148 212 4227 ᾖς
241 4153 405 4224 ὑγιής
426 4170 441 4183 ο
468 4153 575 4225 πρὸ
592 4152 794 4216 παντὸς
817 4152 875 4206 δὲ
895 4153 1089 4224 τέχνην
1118 4154 1430 4225 ἐπιχειρεῖν.
1466 4153 1555 4207 Ἔν
1579 4153 1736 4225 ἀγρῷ

139 4243 409 4319 ἐργάζου,
442 4243 533 4297 ἴνα
568 4242 642 4315 μὴ
679 4242 866 4316 ἐσθίῃς
897 4244 1064 4317 ἄρτον
1102 4244 1303 4313 ἀργόνο
1348 4241 1548 4315 μᾶλλον
1577 4242 1634 4297 δὲ
1670 4246 1734 4298 ὲκ

137 4336 258 4389 τῶν
286 4333 491 4407 χειρῶν
520 4352 614 4388 σου
648 4333 739 4405 ἔχε
766 4334 903 4407 πρὸς
930 4334 991 4389 τὸ
1022 4335 1324 4390 ἀναπαύειν
1344 4334 1614 4405 ,ἀδελφοὺς
1641 4334 1736 4389 καὶ

139 4427 361 4496 ξένους,
384 4428 481 4481 καὶ
505 4429 555 4480 εί
583 4426 828 4493 δυνατὸν,
853 4429 1048 4500 χήρας,
1075 4429 1171 4483 καὶ
1199 4429 1491 4500 ὀρφανοὺς,
1522 4428 1617 4481 καὶ
1642 4444 1736 4500 με·

1825 584 2016 654 iugeas
2057 591 2302 653 peccata,
2348 597 2481 637 cave
2526 596 2596 638 ne
2633 581 2963 641 saccus.ilie
2992 582 3262 649 videatur,
3305 582 3405 641 sed

1824 674 2182 732 absconditus
2202 675 2274 731 sit
2299 674 2551 730 interius.
2582 673 2661 730 Ne
2681 675 2917 745 pellibus
2948 676 3029 732 sis
3057 678 3311 741 amictus,
3342 683 3404 731 ut

1823 780 1893 820 ne
1921 765 1990 820 ab
2016 765 2333 821 hominibus
2362 764 2594 837 gloriam
2621 764 2855 823 referas.
2886 766 3127 837 Capillos
3149 782 3218 823 ne
3250 768 3401 824 alas:

1824 855 2098 927 ejusmodi
2136 858 2340 928 quippe
2396 865 2654 912 ornatum
2710 859 2961 930 praecidit
3015 859 3400 930 Apostolus":

1822 947 1902 1004 Ne
1929 950 2157 1006 tondeas
2191 957 2456 1016 mentum,
2498 964 2679 1020 neque
2712 952 3180 1009 circumtonsione
3225 963 3401 1009 utare.

1894 1131 1950 1187 5.
1985 1130 2043 1186 Si
2071 1132 2251 1203 possis
2272 1132 2358 1186 vel
2390 1131 2729 1189 hebdomade
2757 1132 2967 1204 integra
3010 1134 3283 1205 jejunare,
3307 1150 3409 1191 ne-

1825 1223 1957 1276 mini
1988 1222 2039 1277 id
2066 1223 2331 1277 declares.
2356 1221 2402 1275 A
2427 1222 2687 1280 carnibus
2712 1222 2950 1294 abstine,
2982 1239 3093 1279 non
3116 1235 3174 1280 ut
3193 1225 3286 1294 qui
3312 1238 3407 1280 eas

1826 1311 2141 1375 detesteris,
2177 1311 2273 1367 sed
2302 1320 2362 1366 ut
2393 1313 2488 1382 qui
2511 1313 2731 1382 corpori
2762 1293 2916 1368 cibos
2943 1293 3222 1379 detrahas,
3247 1293 3409 1385 teque

1825 1406 2112 1478 indignum
2150 1421 2215 1463 eo
2243 1407 2506 1472 mstimes,
2546 1414 2712 1476 atque
2746 1415 3088 1463 terrenorum
3141 1409 3264 1463 loco
3293 1424 3409 1465 coe-

1826 1500 1982 1555 lestia
2011 1507 2254 1570 appetas.
2271 1497 2534 1570 Quisquis
2553 1498 2717 1571 306
2744 1500 2888 1553 enim
2918 1501 2972 1554 in
3007 1501 3254 1556 ciborum
3282 1503 3402 1557 Ian.

1826 1591 1945 1645 titia
2001 1592 2223 1646 modum
2263 1600 2430 1658 tenet,
2487 1591 2573 1647 his
2619 1592 2837 1662 corpori
2892 1591 2996 1647 fert
3034 1607 3190 1663 opem
3227 1600 3288 1647 ut
3342 1606 3403 1650 se

1826 1682 2109 1739 continere
2154 1685 2348 1754 possit.
2384 1684 2427 1737 A
2457 1684 2587 1738 vino
2615 1684 2774 1754 plane
2817 1684 3050 1750 abstine,
3087 1685 3191 1742 nisi
3226 1686 3406 1741 solum

1827 1781 1889 1829 ut
1916 1773 2191 1846 degustes,
2222 1783 2276 1829 et
2296 1775 2541 1830 Creatori
2567 1776 2689 1845 ejus
2718 1775 3032 1832 benedicas.
3061 1775 3216 1844 Quod
3248 1778 3294 1832 si
3324 1785 3407 1845 tu,

1826 1866 2287 1937 quemadmodum
2336 1865 2680 1932 Timotheus,
2714 1867 2785 1922 ob
2816 1867 3043 1922 nimiam
3071 1869 3410 1925 exercitatio-

1828 1972 1954 2012 nem
1994 1959 2052 2012 in
2091 1958 2314 2014 morbos
2352 1958 2633 2023 incideris,
2672 1959 2801 2014 vino
2828 1958 3046 2013 modico
3067 1966 3240 2026 utere,
3277 1975 3409 2017 nam

1828 2063 1993 2119 parce
2043 2057 2323 2118 sumptum
2369 2048 2645 2105 medicina
2692 2056 2814 2116 est;
2875 2049 2962 2103 sin
3002 2050 3176 2106 multo
3225 2058 3404 2117 utare,

1829 2148 2093 2210 utrasque
2126 2141 2224 2196 tibi
2255 2140 2606 2198 infirmitates
2644 2140 2873 2197 induces
2911 2159 2925 2196 :
2962 2141 3032 2196 ad
3071 2157 3240 2197 unum
3277 2156 3409 2198 vero

1828 2232 1916 2287 vel
1944 2232 2055 2287 duo
2082 2233 2278 2303 pocula
2310 2233 2484 2289 bibito
2504 2247 2685 2303 neque
2714 2233 2974 2303 amplius.
3007 2231 3065 2288 Si
3096 2234 3280 2289 valeas
3311 2249 3412 2290 nu-

1829 2323 1914 2379 dis
1935 2322 2190 2380 incedere
2215 2323 2468 2394 pedibus,
2498 2338 2762 2395 generose
2782 2330 2836 2379 te
2872 2324 3052 2394 geris;
3086 2324 3170 2379 sin
3200 2325 3298 2379 tibi
3325 2340 3412 2382 nec

1828 2416 2064 2472 cessitas
2104 2416 2268 2486 plane
2318 2415 2485 2471 fuerit
2536 2423 2598 2471 ut
2629 2416 2844 2471 calceos
2890 2430 3098 2479 sumas,
3136 2416 3412 2486 simplicia

1829 2506 1929 2562 tibi
1957 2513 2125 2562 sunto
2158 2506 2529 2562 calceamenta
2564 2523 2579 2560 :
2611 2507 2723 2561 noli
2771 2505 2980 2561 ornatis
3022 2505 3411 2562 calceamentis

1830 2598 2172 2654 amasiorum
2203 2613 2354 2653 more
2380 2608 2434 2653 te
2454 2596 2667 2654 eﬂerre.
2688 2596 2814 2653 Sint
2844 2597 2941 2653 tibi
2970 2613 3058 2654 res
3079 2599 3287 2669 quaevis
3318 2597 3412 2653 ob-

1831 2690 1931 2746 viae
1951 2691 2104 2747 satis.
2139 2689 2367 2746 Etiamsi
2393 2690 2652 2746 carnibus
2681 2699 2736 2746 et
2770 2690 2897 2747 vino
2935 2699 3196 2763 tanquam
3221 2706 3412 2763 super-

1830 2783 2087 2839 vacaneis
2113 2782 2388 2837 abstinere
2417 2782 2595 2838 soleas
2622 2796 2690 2837 ex
2738 2781 2994 2838 instituto
3029 2791 3143 2850 tuo,
3173 2797 3300 2838 cum
3328 2790 3411 2837 ta-

1829 2890 1958 2931 men
1987 2874 2043 2930 in
2076 2874 2419 2946 peregrinam
2449 2874 2728 2945 regionem
2783 2875 3146 2940 concesseris,
3184 2875 3300 2931 noli
3356 2882 3413 2931 te

1825 2963 2058 3035 jactare,
2088 2964 2184 3020 sed
2221 2971 2344 3020 esto
2380 2962 2642 3021 fratribus
2678 2964 2923 3036 aequalis,
2967 2964 3210 3021 oleribus
3258 2964 3415 3021 vide-

1837 3056 1967 3112 licet
1993 3066 2172 3122 utens,
2203 3058 2488 3126 coctisque
2515 3054 2676 3120 cibis,
2700 3055 2810 3110 imo
2826 3055 2874 3111 si
2886 3070 3192 3127 ‘neccssum
3217 3056 3290 3111 sit
3318 3069 3414 3126 ga-

1832 3164 1954 3203 rum
1979 3149 2204 3205 comede
2227 3159 2282 3204 et
2316 3150 2465 3221 pisce
2491 3162 2735 3214 vescere,
2764 3148 2813 3204 si
2841 3148 3081 3204 volueris
3107 3164 3123 3215 ;
3182 3148 3279 3204 sed
3312 3161 3413 3219 pro

1834 3254 1897 3295 ea
1924 3240 2046 3296 vice
2071 3240 2270 3306 solum,
2300 3255 2366 3296 ac
2386 3256 2607 3296 rursum
2640 3238 2928 3310 pristinam
2963 3253 3180 3294 resume
3199 3238 3414 3293 exerci-

1834 3332 2117 3387 tationem.
2149 3330 2208 3387 Si
2255 3339 2493 3404 aagrotus
2538 3346 2700 3388 ovum
2743 3330 3071 3397 comederis,
3128 3337 3414 3401 peccatum

1834 3437 1943 3477 non
1971 3431 2083 3490 est;
2113 3422 2209 3480 sed
2235 3425 2281 3480 si
2313 3424 2370 3479 in
2396 3423 2589 3480 morbo
2606 3437 2781 3495 usque
2800 3437 2867 3478 eo
2890 3421 3150 3493 dejiciare
3181 3428 3241 3477 ut
3260 3435 3414 3476 avem

1832 3521 1887 3569 et
1914 3529 2110 3571 carnes
2151 3499 2429 3582 comedas,
2462 3515 2646 3572 minus
2677 3514 2899 3587 quidem
2946 3513 3248 3585 perfectum
3280 3511 3415 3567 illud

1832 3612 1944 3673 est;
1977 3622 2046 3662 ne
2074 3607 2345 3663 arbitrare
2384 3616 2571 3663 tamen
2617 3616 2904 3678 peccatum
2943 3621 3067 3663 esse
3101 3624 3114 3661 :
3151 3605 3249 3662 sed
3291 3605 3416 3661 dole

1834 3699 1979 3769 quod
1998 3699 2294 3770 pristinum
2322 3699 2448 3756 vitaz
2477 3699 2793 3757 institutum
2834 3714 2944 3755 non
2972 3700 3133 3772 plane
3163 3712 3416 3755 servave-

1832 3791 1932 3855 ris,
1963 3798 2018 3847 et
2042 3806 2073 3846 a
2105 3791 2262 3848 ﬁrmo
2289 3793 2574 3864 proposito
2614 3792 2860 3864 dejectus
2895 3793 2994 3851 sis.

1903 3882 1957 3937 6.
1983 3882 2041 3938 Si
2066 3884 2122 3940 in
2145 3885 2338 3941 morbo
2369 3886 2426 3942 id
2454 3887 2759 3944 necessitas
2792 3887 3048 3958 postulet,
3082 3900 3191 3941 una
3218 3891 3312 3941 aut
3330 3885 3414 3941 οι·-

1838 3983 1959 4032 tera
1985 3977 2107 4032 vice
2138 3976 2336 4033 balneo
2363 3988 2535 4045 utere,
2566 3993 2735 4035 sanus
2762 3987 2942 4036 autem
2965 3977 3161 4036 balneo
3189 3992 3300 4033 non
3328 3977 3417 4032 in-

1833 4069 2007 4140 diges.
2039 4068 2124 4124 Tu
2155 4070 2425 4128 monache
2451 4079 2506 4128 et
2535 4070 2816 4138 sacerdos,
2845 4071 3006 4133 humi.
3027 4071 3247 4136 cubato,
3281 4070 3415 4126 dum

1834 4176 2004 4218 sanus
2041 4176 2273 4233 corpore
2314 4162 2396 4219 sis
2421 4163 2526 4221 :in
2564 4164 2756 4235 primis
2788 4179 2917 4219 vero
2963 4172 3139 4219 artem
3171 4162 3413 4234 aliquam

1834 4267 2111 4309 exerceas.
2155 4251 2217 4306 In
2247 4267 2379 4325 agro
2415 4253 2627 4321 labora,
2676 4269 2747 4309 ne
2776 4269 2970 4325 panem
3019 4255 3194 4312 otiose
3225 4269 3413 4311 come—

1835 4341 1972 4409 das;
2005 4343 2117 4397 imo
2159 4357 2225 4397 ex
2254 4356 2514 4397 manuum
2542 4349 2764 4397 tuarum
2795 4343 2980 4399 labore
3010 4343 3217 4400 habeas
3268 4342 3416 4401 unde

1835 4434 2036 4491 fratres
2059 4435 2412 4506 hospitesque
2443 4432 2682 4499 reficias,
2709 4442 2765 4490 et
2799 4434 2845 4489 si
2879 4433 3112 4492 facultas
3142 4434 3300 4501 ferat,
3330 4435 3416 4491 vi-

137 4521 358 4593 τρίους.
385 4519 497 4574 Καὶ
516 4521 566 4573 ει
595 4520 695 4591 μὲν
727 4521 929 4592 μεταξὺ
958 4519 1066 4574 τῶν
1088 4519 1391 4590 ἀνθρώπιον
1417 4522 1607 4585 οἰκεῖς,
1636 4521 1730 4574 καὶ

1833 4528 1994 4594 duas,
2030 4527 2307 4598 orphanos
2342 4534 2397 4583 et
2452 4540 2672 4599 egenos.
2710 4524 2865 4593 Quod
2894 4526 2942 4582 si
2994 4527 3139 4584 inter
3166 4527 3418 4587 homines

141 4611 295 4682 ἔχεις
350 4608 572 4681 χωρίον,
621 4610 742 4681 ἢτοι
786 4609 1054 4683 γεώργιον
1099 4609 1464 4683 ἐργάζεσθαι·
1512 4611 1733 4677 δικαίως

145 4701 405 4769 συνάγων
440 4701 708 4773 καρποὺς,
748 4703 843 4754 καὶ
874 4700 949 4773 μὴ
982 4700 1121 4771 ἔχων
1154 4719 1221 4757 τι.
1246 4701 1481 4767 ἀδικίας,
1518 4701 1735 4774 πρῶτον

147 4794 258 4866 μὲν
288 4791 391 4857 τὰς
412 4791 667 4864 ἀπαρχάς
687 4795 799 4855 τοῖς
825 4791 1030 4866 ίερεῦσι
1059 4792 1337 4866 πρόσφερε
1357 4809 1372 4822 ⁸
1395 4791 1588 4846 ἔπειτα
1614 4791 1736 4846 θέλε

141 4863 247 4941 καὶ
272 4887 458 4957 χήρας
482 4863 801 4952 ἀναπαύειν,
828 4863 928 4939 καὶ
956 4886 1227 4958 ὀρφανοὺς
1254 4863 1350 4939 καὶ
1376 4885 1597 4951 λοιποὺς
1627 4886 1738 4940 ἀπὸ

141 4980 381 5036 δικαίων
433 4978 632 5042 πόνων,
686 4976 761 5049 μὴ
812 4977 923 5031 ἀπὸ
967 4978 1142 5031 τόκων
1192 4978 1227 5050 ἢ
1280 4976 1654 5049 πλεονασμῶν,
1701 4976 1736 5051 ἢ

146 5068 574 5146 πραγματειῶν,
599 5068 634 5141 ἢ
662 5069 1084 5140 διασεισμάτων.
1111 5069 1173 5122 El
1201 5068 1260 5121 δὲ
1290 5069 1371 5131 είς
1399 5066 1566 5139 μονὴν
1604 5067 1740 5122 καθ-

150 5164 277 5237 έξῃ,
315 5161 393 5233 μὴ
426 5159 622 5233 ὕϐριζε
657 5160 759 5232 τὴν
781 5161 1016 5233 ἄσκησιν
1041 5160 1141 5231 τῆς
1168 5160 1358 5233 μονῆς.
1389 5160 1513 5215 Ἐὰν
1539 5161 1739 5234 χωρίον

150 5257 455 5326 κέκτησαι,
489 5255 548 5307 ὲν
579 5253 924 5327 μοναστηριῳ
951 5253 1271 5325 ἀναχωρῶν,
1292 5253 1394 5307 οὐκ
1424 5252 1739 5325 ἀνεχώρησε

152 5365 262 5416 σοι,
297 5346 418 5402 ἀλλ’
451 5346 739 5418 ὲμπαίζεις
765 5348 860 5403 καὶ
889 5347 1156 5420 ἐμπαίζῃ.
1187 5346 1567 5419 Καθεζόμενος
1598 5347 1655 5402 δὲ
1681 5349 1740 5402 εν

257 5530 310 5563 ’⁸
349 5528 530 5584 lCor.
567 5545 660 5594 ιι,
700 5528 790 5585 ﬂ.

148 5711 433 5774 scribunt,
458 5714 520 5762 ut
545 5708 781 5763 litteram
806 5724 837 5760 ο
865 5707 1220 5779 subsequenti
1256 5708 1555 5779 copulant,
1591 5705 1739 5778 quod

148 5780 478 5854 properanti
511 5792 632 5854 mos
661 5784 769 5840 est,
802 5776 1031 5854 caudam
1056 5778 1206 5849 parti
1235 5776 1501 5851 superiori
1544 5776 1739 5835 littera

148 5847 182 5906 ὃ
219 5847 457 5925 ponant,
480 5856 536 5904 et
554 5849 636 5904 sic
661 5862 692 5899 σ
720 5862 859 5917 pene
879 5847 1142 5903 referant.

482 5941 758 6006 Panos.
790 5939 910 6003 Gtt.
953 5939 1251 6006 XXVIII.
1283 6000 1287 6008 .

1834 4618 2102 4687 quosdam
2136 4616 2375 4681 habitas,
2426 4615 2635 4686 tibique
2662 4615 2839 4683 locus,
2895 4632 2991 4674 seu
3019 4632 3149 4690 ager
3176 4618 3418 4689 suppetit

1832 4709 1904 4765 ad
1941 4708 2323 4774 laborandum,
2355 4706 2568 4763 fructus
2589 4707 2740 4778 juste
2767 4715 2821 4764 et
2848 4708 3058 4781 absque
3084 4710 3192 4765 ulla
3215 4710 3420 4781 injuria

1836 4801 2101 4873 colliges;
2140 4800 2524 4871 primitiasque
2556 4806 2684 4856 ante
2706 4800 2889 4857 omnia
2921 4801 3300 4858 sacerdotibus
3332 4800 3420 4857 of-o

1838 4894 1985 4953 feras
2020 4912 2033 4949 :
2070 4895 2269 4951 dehinc
2309 4894 2508 4957 viduis.
2536 4894 2821 4966 orphanis,
2847 4892 3078 4965 aliisque
3113 4894 3312 4964 largire
3342 4909 3414 4949 ex

1833 4984 2000 5056 justis
2022 4985 2302 5041 laboribus
2324 5000 2437 5042 non
2480 5000 2548 5041 ex
2591 4984 2802 5049 fenore,
2830 4984 2916 5039 vel
2941 4998 3009 5039 ex
3042 4983 3211 5039 nimia
3239 4981 3415 5037 abun-

1838 5075 2046 5142 dantia,
2075 5076 2160 5133 vel
2185 5092 2253 5132 ex
2272 5075 2664 5149 negotiatione,
2694 5076 2777 5131 vel
2801 5090 2868 5130 ex
2895 5073 3240 5130 tumultibus.
3275 5070 3334 5125 Si
3356 5071 3416 5125 in

1839 5168 2177 5224 monasterio
2206 5167 2385 5240 degis,
2420 5185 2491 5225 ne
2529 5167 2854 5225 monasterii
2884 5164 3145 5223 exercitia
3177 5169 3418 5220 conten)-

1838 5272 1943 5323 ne.
1961 5257 2119 5325 Quod
2146 5257 2191 5314 si
2230 5272 2358 5315 cum
2410 5258 2467 5313 in
2520 5256 2912 5314 monasterium
2964 5252 3178 5311 secedis
3224 5265 3416 5323 agrum

1838 5349 2112 5420 possides,
2151 5363 2496 5422 nequaquam
2526 5349 2760 5416 secedis,
2788 5348 2886 5406 sed
2916 5345 3102 5403 illudis
3136 5351 3299 5415 atque
3341 5342 3415 5399 il-

1913 5706 2029 5777 (54)
2060 5705 2420 5777 ᾎνυπόδητον

1916 5774 2031 5849 (35')
2060 5775 2189 5835 Haec
2214 5774 2378 5836 verba
2407 5775 2564 5834 uncis
2592 5774 2806 5834 inclusa
2837 5774 3072 5833 restitui.

3067 5929 3170 6013 .27
