3868 6206
454 342 563 401 81⁵5
1594 326 1651 381 S.
1682 319 2142 379 ATHANASIUS.
2181 350 2252 361 --
2291 315 2560 373 SPURIA.
3594 301 3717 360 ω

462 454 683 513 luderis.
717 451 777 505 ln
802 446 1132 504 monasterio
1163 458 1287 499 cum
1316 441 1468 512 degis
1506 443 1618 495 noli
1641 448 1848 496 otiosus
1877 453 2020 503 esse,

2155 434 2497 504 ιοναστηρίῳ.
2553 431 2627 501 μὴ
2681 425 2799 480 θέλε
2845 421 2982 478 εἶναι
3033 421 3203 491 ἀργὸς
3237 415 3331 474 καὶ
3371 419 3477 472 ὑπὸ
3520 418 3715 473 ἄλλων

460 548 536 601 ita
565 554 624 598 ut
663 542 752 597 alii
802 548 855 595 te
881 539 1066 605 alant;
1090 536 1184 591 sed
1243 548 1340 607 par
1368 508 1452 588 est
1494 539 1546 586 te
1580 538 1674 585 aut
1715 538 1887 584 artem
1916 528 2019 583 ali-

2159 523 2420 598 ρέφεσθαι
2442 539 2455 552 ·
2491 519 2627 575 ἀλλά
2665 518 2747 572 δεῖ
2785 512 3062 585 σεαυτὸνῆ
3089 513 3285 583 τέχνην
3342 509 3523 574 εἰδεῖν,
3547 508 3588 581 ἢ
3618 509 3717 581 ἐρ-

460 650 620 706 quam
650 633 869 700 callere,
900 603 1261 700 autoperari,
1306 634 1366 681 ut
1398 623 1773 695 quotidianum
1803 621 1902 675 tibi
1943 619 2025 674 ci-

2155 613 2468 676 ἀτεύεσθαι,
2495 612 2582 664 ἵνα
2610 627 2728 673 πως
2750 607 2844 679 τὴν
2868 606 3141 677 ἐφήμερον
3172 603 3561 674 προσπορήσῃς
3580 616 3717 671 τρο-

463 731 589 784 bum
618 740 919 796 compares.
957 721 1013 777 Si
1038 721 1284 793 juniores
1321 727 1497 775 tecum
1530 716 1753 777 fuerint,
1788 714 2024 784 primum

2155 706 2252 775 ›ήν.
2298 702 2612 775 Νεωτέρους
2639 700 2696 754 δέ
2725 698 2819 752 ἐὰν
2848 696 2979 767 ἔχῃς
3025 694 3155 767 περὶ
3189 693 3436 758 σεαυτὸν,
3483 692 3718 764 πρῶτον

464 819 689 874 humilis
711 827 850 881 esto,
873 830 1051 885 neque
1076 812 1332 884 magister
1359 824 1483 865 esse
1508 807 1779 877 optaveris
1809 825 1822 861 :
1858 804 1952 860 sed
1979 802 2026 857 si

2155 796 2229 849 ιέν
2252 791 2678 863 ταπεινοφρόνει,
2711 790 2807 844 καὶ
2842 787 2916 859 μὴ
2951 786 3071 839 θέλε
3102 781 3241 839 εῖναι
3267 783 3589 847 διδάσκαλος
3613 800 3628 812 ·
3664 785 3717 835 εἰ

465 911 667 965 videris
695 909 905 963 animas
934 917 1026 960 tua
1053 902 1463 960 conversatione
1489 902 1717 955 salutem
1742 895 2026 965 consequi,

467 1009 632 1071 atque
673 1000 910 1056 volueris
947 999 1188 1069 quinque
1227 995 1426 1050 talenta
1462 998 1684 1062 accepta
1728 988 2029 1058 duplicare,

468 1098 680 1148 animas
705 1106 835 1147 cura
863 1100 1040 1145 tecum
1062 1092 1366 1147 versantes,
1400 1091 1454 1139 et
1478 1082 1727 1152 iuniores
1749 1078 2030 1148 compelle,

470 1196 528 1239 ut
561 1185 791 1255 quisque
821 1193 1066 1237 seorsum
1106 1178 1284 1249 degat,
1315 1190 1493 1246 neque
1526 1189 1633 1228 una
1678 1172 2032 1227 confabulen—

472 1286 579 1336 tur,
621 1279 716 1327 aut
745 1286 852 1327 una
878 1276 1184 1334 versentur,
1224 1274 1450 1335 excepta
1479 1265 1655 1319 solum
1700 1276 1909 1328 mensa,
1947 1277 2037 1332 sy-

471 1366 619 1428 naxi,
659 1371 714 1419 et
757 1360 1077 1434 psalmodia,
1107 1368 1169 1414 ut
1204 1358 1348 1413 inter
1383 1354 1758 1411 dormiendum
1804 1352 2038 1423 propriis

471 1458 596 1529 quis
628 1454 962 1511 indumentis
992 1452 1223 1506 amictus
1254 1452 1346 1515 sit,
1375 1457 1430 1505 et
1460 1447 1781 1505 sticharium
1839 1445 2039 1517 singuli

472 1567 654 1615 suum,
671 1561 998 1617 saccumque
1022 1544 1398 1600 absconditum
1418 1541 1709 1605 retineant,
1727 1546 1787 1593 ut
1812 1538 1858 1593 si
1879 1537 2042 1592 fuerit

474 1650 639 1697 noctu
657 1638 948 1704 orandum,
974 1638 1147 1708 parati
1174 1635 1538 1691 inveniantur.
1563 1631 1738 1703 Vigila
1768 1630 2043 1686 moderate

2129 887 2185 940 δέ
2229 887 2343 957 ἴδῃς
2373 884 2550 955 ψυχὰς
2584 880 2895 952 σωζομένας
2938 878 3027 932 διὰ
3067 878 3166 947 τῆς
3202 877 3302 943 σῆς
3330 873 3713 943 ἀναστροφῆς,

2128 976 2414 1030 τελειῶσαι
2443 974 2764 1044 βουλόμενος
2795 971 2903 1024 τῶν
2926 969 3087 1022 πέντε
3113 967 3391 1022 ταλάντων
3413 965 3482 1018 τὰ
3517 963 3722 1017 διπλά-

2134 1086 2246 1132 σια,
2274 1063 2349 1122 ὧν
2394 1066 2644 1138 εἴληφας,
2688 1063 2925 1135 μερίμνα
2967 1061 3067 1124 τὰς
3099 1059 3224 1130 περὶ
3273 1057 3333 1111 σὲ
3362 1055 3566 1127 ψυχὰς,
3619 1055 3718 1109 καὶ

2133 1161 2398 1229 ἐπίστυφε
2438 1159 2564 1221 τοὺς
2594 1156 2889 1226 νεωτέρους
2921 1151 3139 1216 ἰδιάζειν
3181 1150 3410 1203 ’ἑκαστον
3436 1148 3629 1201 αὐτῶν
3661 1148 3719 1200 ἔν

2136 1267 2196 1302 τε
2233 1250 2298 1319 τῇ
2335 1246 2518 1319 ὁμιλίᾳ
2544 1246 2637 1299 καὶ
2662 1246 2719 1297 ἐν
2746 1246 2811 1314 τῇ
2835 1242 3170 1314 ἀναστροφῇ,
3198 1239 3367 1310 χωρὶς
3403 1237 3575 1307 μόνης
3616 1235 3721 1304 τῆς

2137 1338 2434 1412 τραπέζης,
2466 1339 2561 1392 καὶ
2593 1334 2882 1400 συνάξεως,
2929 1334 3021 1387 καὶ
3060 1330 3408 1402 ψαλμῳδίας⁶
3442 1330 3502 1382 ἐν
3536 1327 3599 1380 δὲ
3641 1326 3722 1397 τῷ

2139 1430 2346 1492 ύπνεῖν,
2379 1428 2607 1495 ἕκαστον
2648 1426 2755 1478 ἴδια
2799 1420 3236 1495 περιϐάλλεσθαι,
3273 1419 3368 1473 καί⁵
3399 1418 3637 1472 ἕκαστον
3662 1415 3724 1469 τὸ

2145 1519 2420 1591 στιχάριον
2464 1516 2632 1573 αὑτοῦ
2677 1519 2844 1587 ἔχειν,
2882 1515 3004 1585 ήτοι
3050 1511 3273 1567 σακκίον
3304 1508 3724 1578 κεκρυμμένον,

2144 1612 2252 1675 ἵνα,
2288 1609 2354 1665 ἄν
2401 1626 2506 1662 που
2548 1607 2682 1679 εὔχῃ
2734 1605 2947 1671 νυκτὸς,
2976 1604 3181 1674 ἕτοιμοι
3215 1600 3531 1673 εὑρεθῶσιν.
3585 1598 3723 1651 Θέλε

474 1688 639 1697 --ννη
662 1688 948 1704 ν-τ---ηπ
1175 1688 1253 1691 ν-
1277 1688 1313 1690 η
1466 1688 1469 1689 ν
1634 1688 1663 1703 υ

474 1734 529 1788 in
564 1731 791 1803 psalmis
842 1737 896 1785 et
940 1728 1238 1800 precibus:
1280 1723 1516 1780 interdiu
1555 1737 1686 1778 vero
1734 1721 2044 1791 frequenter

2155 1703 2442 1775 ἀγρυπνεῖν
2484 1697 2810 1771 συμμέτρως
2841 1699 2899 1750 ἐν
2935 1695 3169 1767 ψαλμοῖς
3210 1694 3305 1748 καὶ
3349 1692 3575 1762 εύχαῖςο
3627 1688 3724 1744 καὶ

474 1838 592 1888 ora,
625 1838 698 1878 ne
744 1829 925 1875 tamen
978 1818 1190 1890 prolixa
1243 1819 1315 1873 sit
1344 1815 1538 1881 oratio,
1566 1830 1636 1870 ne
1672 1813 1933 1878 clamosa,
1965 1828 2035 1869 ne

476 1915 769 1970 multorum
799 1911 1151 1980 inaniumque
1172 1908 1482 1964 verborum.
1506 1906 1642 1961 Cum
1667 1903 2038 1961 moderatione

477 2005 840 2077 psallendum,
890 2018 957 2057 ne
987 2001 1234 2056 molestia
1259 1999 1451 2054 animae
1480 1997 1799 2052 alﬁciantur.
1834 1995 2038 2054 Pueros

478 2096 546 2150 ad
580 2095 854 2151 silentium
884 2093 1124 2147 institue.
1170 2089 1229 2144 ln
1260 2104 1558 2159 cauponam
1587 2103 1656 2143 ne
1686 2102 1922 2157 unquam
1951 2088 2038 2141 in-

479 2187 757 2258 grediare;
786 2183 878 2239 sed
911 2183 958 2238 si
992 2180 1294 2237 necessitas
1324 2179 1379 2235 id
1412 2178 1667 2250 postulet,
1706 2177 1753 2232 si
1782 2177 1837 2231 in
1857 2182 2040 2231 extra-

388 2296 393 2299 ‘
476 2293 583 2333 nea
612 2276 831 2347 regione
858 2273 1115 2336 versaris,
1167 2280 1330 2341 atque
1373 2271 1495 2325 cibo
1522 2270 1605 2325 vel
1635 2277 1766 2340 potu
1793 2284 1931 2338 opus
1955 2274 2039 2323 est
2080 2316 2088 2323 .

484 2368 608 2433 tibi,
644 2373 880 2437 emptum
916 2364 1090 2428 mitte,
1119 2370 1173 2417 et
1200 2362 1256 2416 in
1285 2361 1515 2417 ecclesia
1541 2359 1784 2423 comede,
1813 2359 1934 2414 loco
1954 2372 2042 2414 se-

480 2464 670 2513 moto:
703 2455 751 2510 si
778 2454 927 2509 nulla
954 2467 1020 2509 eo
1066 2453 1188 2507 loco
1232 2449 1394 2505 fuerit
1444 2449 1695 2513 ecclesia,
1732 2456 1824 2503 aut
1854 2447 2042 2502 ortho-

480 2549 750 2604 doxorum
801 2545 1017 2608 domus,
1052 2556 1448 2611 necessumque
1497 2539 1597 2594 tibi
1647 2538 1718 2594 sit
1765 2539 1821 2592 iu
1861 2538 2042 2593 diver-

482 2641 688 2697 sorium
738 2636 969 2707 ingredi,
1019 2636 1076 2690 in
1129 2632 1429 2690 diversorio
1474 2646 1696 2687 maneas
1753 2630 1847 2685 ubi
1881 2630 2045 2684 nulla;

484 2737 597 2794 sint
618 2716 899 2794 mulieres,
934 2742 1109 2799 neque
1136 2741 1418 2798 caupona:
1448 2725 1609 2797 idque
1637 2739 1761 2779 cum
1786 2736 2038 2778 mterore.

556 2911 608 2965 7.
630 2909 685 2963 Si
704 2905 970 2978 ejusmodi
998 2912 1265 2975 praecepta
1287 2918 1410 2957 cum
1427 2901 1751 2967 servaveris,
1776 2909 1830 2956 et
1855 2915 1884 2954 a
1906 2914 2045 2971 prae-

2070 1787 2111 1842 B
2140 1793 2352 1866 ήμέρας
2398 1791 2498 1863 μέν
2542 1789 2796 1860 εὔχεσθαι
2834 1786 3077 1852 πυκνῶς,
3120 1788 3194 1858 μὴ
3241 1784 3505 1856 χρονίζων
3549 1782 3613 1836 δὲ
3665 1784 3723 1835 ἐν

2141 1885 2297 1956 εὐχῇ,
2329 1883 2362 1954 ἢ
2390 1881 2627 1955 κράζων,
2664 1881 2698 1951 ἦ
2729 1878 3096 1951 βαττολογῶν’
3138 1877 3463 1948 συμμέτρως
3492 1874 3551 1927 δέ
3584 1872 3725 1942 ψάλι-

2137 1975 2270 2040 λειν,
2308 1974 2396 2029 ἵνα
2423 1974 2496 2045 μή
2521 1970 2892 2044 περικακῶσιν
2920 1971 2979 2023 αἱ
2997 1968 3188 2040 ψυχαί.
3210 1967 3342 2022 Θέλε
3367 1967 3426 2020 δὲ
3447 1966 3578 2029 τοὺς
3603 1966 3726 2017 παῖ-

2135 2067 2232 2131 δας
2265 2065 2627 2135 σιωπητικοὺς
2678 2061 3050 2143 προϐιϐάζειν.
3101 2061 3196 2124 Εἰς
3240 2057 3537 2129 καπηλεῖον
3577 2056 3722 2119 ὅλως

2137 2157 2384 2229 εἰσέλθῃς
2416 2155 2524 2229 (56)
2541 2172 2554 2185 ·
2587 2154 2701 2208 ἀλλ’
2728 2155 2778 2207 εἰ
2808 2152 3020 2224 ἀνάγκη
3050 2151 3295 2222 γένηται,
3321 2148 3415 2202 ἐπὶ
3441 2146 3602 2218 ξένης
3630 2161 3725 2214 γε·-

2138 2251 2382 2323 νόμενος,
2412 2250 2508 2302 καὶ
2548 2247 2738 2319 χρείαν
2770 2245 2913 2316 ἔχεις
2954 2244 3250 2314 ἐδέσματος
3284 2241 3318 2311 ἢ
3365 2237 3551 2300 ποτοῦ,
3582 2238 3725 2291 ἀπο-

2140 2342 2354 2405 στείλας
2394 2341 2685 2412 ἀγόρασον,
2738 2339 2831 2392 καὶ
2862 2339 2921 2390 ἐν
2964 2333 3231 2405 ἐκκλησίᾳ
3268 2331 3409 2401 φάγε
3457 2329 3553 2383 καὶ
3610 2326 3723 2391 πίε,

2138 2436 2198 2489 ἐν
2234 2435 2384 2504 τόπῳ
2407 2434 2578 2503 αὐτῆς
2602 2433 2920 2501 ἀνακεχωρη
2932 2428 3101 2499 μένῳ·
3142 2425 3237 2478 ἐὰν
3261 2424 3318 2476 δέ
3350 2422 3425 2494 μὴ
3521 2418 3725 2489 ἐκκληι

2142 2527 2231 2581 σία
2252 2529 2310 2579 ἐν
2342 2525 2420 2597 τῷ
2463 2525 2633 2595 τόπῳ,
2668 2522 2807 2594 μηδὲ
2848 2521 2996 2575 οἰκία
3035 2516 3350 2590 ὀρθοδόξων,
3379 2513 3475 2568 καὶ
3505 2510 3722 2580 ἀνάγκη

2142 2635 2225 2671 σοι
2245 2617 2490 2687 γένηται,
2518 2616 2615 2668 καὶ
2644 2613 2889 2684 εἰσέλθῃς
2912 2613 2993 2676 εἰς
3020 2610 3356 2679 πανδοχεῖον,
3380 2605 3502 2659 θέλε
3537 2604 3722 2676 μένειν

2142 2712 2201 2765 ἐν
2234 2709 2554 2780 πανδοχείῳ,
2596 2708 2731 2761 ὅπου
2772 2708 2873 2760 οὐκ
2914 2705 3020 2759 εἰσὶ
3056 2705 3335 2773 γυναῖκες,
3373 2697 3499 2753 οὔτε
3543 2713 3723 2766 καπη-

2142 2800 2282 2855 λεῖον
2298 2817 2312 2832 °
2338 2802 2434 2855 καὶ
2455 2799 2614 2853 τοῦτο
2647 2797 2786 2871 μετὰ
2812 2797 3005 2868 λύπης.

2217 2892 2272 2945 7.
2320 2891 2445 2945 Ἐἀν
2478 2886 2591 2954 οὖν,
2618 2889 2717 2953 τὰς
2759 2886 3163 2960 προειρημένας
3205 2883 3424 2952 ἐντολὰς
3453 2879 3717 2951 φυλάξας,

486 3003 649 3059 dic-tis
679 2973 921 3073 peccatis
952 2973 1194 3061 caveris,
1226 2996 1282 3050 in
1313 2995 1436 3059 ﬁde,
1477 2994 1729 3049 castitate
1756 3001 1809 3048 et
1836 3008 1900 3047 eo
1922 2991 2046 3047 vita:

2155 2982 2243 3037 ml.
2273 2981 2380 3036 τῶν
2415 2979 2823 3054 προειρημένων
2868 2977 3198 3048 σφαλμάτων
3230 2975 3418 3029 ἐαυτὸν
3450 2973 3719 3044 τηρήσας,

480 3094 760 3156 instituto,
793 3093 874 3145 uti
919 3088 1178 3153 diximus,
1238 3100 1459 3142 cursum
1514 3085 1761 3153 impleas,
1814 3082 2041 3154 gradum

2155 3074 2242 3129 τὸν
2270 3074 2464 3145 δρόμον
2495 3072 2786 3143 τελειώσῃς
2825 3073 2882 3125 ἐν
2928 3071 3105 3124 πίστει
3132 3086 3192 3122 τε
3223 3068 3318 3122 καὶ
3348 3065 3609 3135 ἁγνότητι
3627 3062 3721 3115 καὶ

2221 3164 2241 3181 κ
2344 3164 2356 3181 1
2578 3162 2590 3181 ς
2648 3162 2691 3181 ξς
2734 3161 3043 3181 ,›---.-ιη-..-
3079 3158 3283 3181 a__n--1-.
3314 3154 3522 3181 ---η-5.
3555 3153 3719 3181 μιν-..

480 3185 588 3241 tibi
636 3153 889 3254 magnum
921 3187 976 3236 et
1016 3180 1219 3235 bonum
1251 3176 1522 3247 acquires.
1562 3176 1687 3230 llaec
1723 3153 2048 3244 supradicta:

2155 3164 2416 3236 πολιτείᾳ,
2462 3162 2604 3217 κατά
2640 3162 2702 3215 τὸ
2726 3161 3043 3233 εἰρημένον’
3079 3158 3283 3229 βαθμὸν
3310 3154 3525 3225 σεαυτῷ
3553 3153 3719 3225 μέγαν

489 3274 613 3330 ﬁdei
638 3248 928 3343 prmcepta,
960 3277 1015 3325 et
1032 3268 1192 3338 307
1221 3265 1650 3329 observationes,
1688 3277 1826 3334 quas
1856 3263 1900 3318 si
1925 3277 2049 3333 per-

2155 3255 2244 3311 καὶ
2277 3253 2480 3323 ἀγαθὸν
2509 3253 2857 3326 περιποιήσῃ.
2892 3251 3060 3304 Αύταί
3090 3252 3228 3303 εἰσιν
3256 3249 3311 3302 αἰ
3335 3248 3434 3318 τῆς
3465 3261 3725 3316 προειρηο

491 3367 708 3432 feceris,
726 3366 991 3433 ﬁdemque
1016 3359 1342 3423 servaveris,
1367 3357 1477 3413 eris
1505 3356 1806 3427 discipulus
1837 3354 2049 3409 Domini

2155 3347 2321 3421 μένης
2345 3345 2581 3408 πίστεως
2611 3343 2824 3399 ἐντολαὶ
2855 3341 2952 3397 καί⁵
2981 3339 3484 3413 παραφυλάγματα,
3519 3336 3594 3399 ἃς
3632 3335 3721 3390 ἐὰν

476 3459 664 3516 nostri
691 3455 821 3511 Jesu
840 3452 1064 3511 Christi.
1087 3449 1243 3517 Quod
1264 3448 1310 3505 si
1333 3447 1457 3518 quis
1480 3423 1807 3516 supradictis
1833 3453 2049 3499 contra-

2155 3439 2402 3509 ποιήσῃς,
2440 3438 2534 3491 κα)⁸
2558 3436 2658 3507 τὴν
2694 3435 2875 3488 πίστιν
2910 3435 3175 3518 τηρήσῃς,
3210 3430 3306 3502 ἔσῃ
3349 3428 3599 3501 μαθητὴς
3630 3423 3721 3479 τοῦ

413 3598 434 3633 ,
484 3549 660 3612 dicat,
684 3544 794 3600 Deo
822 3515 1161 3598 contradicit.
1187 3515 1410 3593 Evolvat
1441 3537 1532 3592 ille
1550 3515 1774 3592 divinas
1808 3533 2049 3605 Scriptu-

2155 3528 2355 3602 Κυρίου
2398 3527 2554 3599 ήμῶν
2595 3524 2770 3598 Ἰησοῦ
2809 3515 3086 3597 Χριστοῦ,
3120 3524 3185 3577 Εἰ
3220 3521 3279 3575 δέ
3323 3537 3407 3584 τις
3453 3517 3719 3586 ἀντιλέγει

2214 3620 2236 3632 ..
2580 3615 2592 3633 .
2761 3613 2871 3633 n,~,
2923 3615 3067 3633 ιηη,
3110 3609 3397 3633 L__u_-__-.
3450 3607 3688 3633 ιιι-..ειμι

494 3656 606 3704 ras,
639 3646 692 3695 et
720 3636 984 3706 intelligat
1031 3632 1380 3687 traditionem
1418 3629 1692 3691 Ecclesia},
1742 3642 1806 3682 ac
1837 3628 2049 3684 demum

2155 3620 2263 3681 τοῖς
2293 3615 2727 3688 προειρημένοις,
2760 3613 2880 3683 Θεῷ
2919 3615 3069 3666 ἐστιν
3103 3609 3417 3678 ἀντιλέγων.
3450 3607 3719 3679 Ψηλαφή-

492 3734 786 3802 cognoscet
807 3727 921 3781 haec
955 3723 1139 3779 omnia
1163 3722 1484 3792 praecepisse
1515 3719 1821 3774 Dominum.
1844 3717 1953 3776 Nos
1990 3733 2058 3775 ne

485 3822 768 3893 longiores
813 3831 1082 3881 essemus,
1159 3814 1467 3870 testimonia
1528 3826 1638 3866 non
1678 3810 2054 3881 produximus.

487 3911 770 3967 Hactenus
799 3915 1067 3981 praacepta
1095 3904 1394 3962 monachos
1420 3904 1767 3976 reliquosque
1787 3901 2058 3958 Christia-

492 4021 600 4062 nos
630 4002 951 4075 spectantia.

527 4331 543 4349 .
576 4262 628 4317 8.
657 4259 775 4316 Jam
802 4274 930 4315 vero
964 4258 1013 4314 si
1049 4236 1305 4312 sacerdOs
1344 4251 1615 4325 quispiam
1655 4256 1909 4306 accurate
1936 4249 2066 4304 velit

498 4337 809 4407 sacerdotio
850 4346 1022 4417 fungi,
1055 4360 1180 4401 cum
1220 4340 1593 4412 superioribus
1632 4337 1940 4409 praeceptis,
1974 4351 2065 4392 so-

2157 3726 2239 3762 σει
2265 3707 2375 3780 γὰρ
2396 3706 2495 3770 τὰς
2520 3706 2668 3769 θείας
2692 3704 2934 3776 Γραφάς,
2959 3706 3053 3758 καὶ
3075 3703 3402 3771 κατανοήσει
3425 3699 3526 3769 τήν
3555 3696 3724 3766 παρά-

2155 3798 2298 3853 δοσιν
2345 3798 2447 3867 τῆς
2491 3796 2837 3868 Ἐκκλησίας,
2883 3796 2980 3849 καὶ
3017 3795 3128 3865 ἔχει
3162 3792 3421 3855 συνιέναι,
3465 3790 3552 3842 ὅτι
3599 3788 3724 3860 περὶ

2157 3891 2357 3947 τούτων
2385 3890 2520 3944 ὃλων
2553 3888 2855 3943 ἐντέλλεται
2887 3888 2915 3940 ὁ
2945 3886 3170 3957 Κύριος.
3209 3884 3398 3954 Ἡμεῖς
3441 3879 3518 3943 δὲ,
3542 3879 3627 3932 ἵνα
3652 3878 3721 3949 μὴ

2162 3980 2679 4054 μακρολογήσωμεν,
2732 3978 2832 4043 τὰς
2892 3976 3197 4049 μαρτυρίας
3252 3974 3353 4027 οὐκ
3411 3968 3719 4041 ἐξεθέμεθα.

2162 4074 2271 4128 Καὶ
2298 4067 2456 4127 αὗται
2492 4072 2589 4143 μὲν
2616 4074 2670 4125 αἰ
2697 4069 2905 4125 ἐντολαὶ
2933 4068 3220 4141 μονάζουσι
3249 4063 3345 4119 καὶ
3365 4063 3573 4126 λοιποῖς
3599 4063 3725 4132 Χρι-

2168 4166 2405 4227 στιανοῖς
2426 4162 2727 4216 εὐλαϐέσιν.

2233 4255 2286 4311 8.
2312 4256 2374 4307 Εἰ
2405 4254 2462 4307 δέ
2486 4271 2570 4318 τις
2605 4251 2782 4324 ἱερεὺς
2810 4248 3055 4322 ἀκριϐῶς
3085 4247 3215 4320 θέλῃ
3239 4244 3562 4318 ἱερατεύειν,
3597 4238 3722 4312 μετά

2163 4345 2270 4400 τῶν
2303 4344 2711 4416 προειρημένων
2754 4342 2984 4397 ἐντολῶν
3009 4380 3024 4403 ,
3061 4341 3173 4412 ήτω
3223 4336 3483 4408 νηφάλιος
3506 4375 3522 4400 ,
3571 4349 3723 4386 σπου-

502 4444 654 4499 brius
675 4442 765 4507 sit,
789 4440 1029 4502 sedulus,
1052 4436 1284 4507 patiens,
1307 4441 1644 4495 mansuetus,
1672 4430 2049 4500 orphanorum.

2167 4436 2331 4499 δαῖος,
2359 4434 2696 4500 ἀνεξίκακος,
2722 4431 2976 4504 χρηστὸς,
3003 4429 3350 4500 φιλόρφανος,
3373 4424 3721 4494 φιλόπτωχος.

502 4544 822 4606 pauperum,
850 4527 1144 4597 hospitum,
1177 4526 1442 4581 bonorum
1468 4537 1680 4586 amans,
1712 4522 1950 4592 quietus,
1974 4520 2064 4573 ﬁr-

498 4635 626 4677 mus
672 4618 794 4683 ﬁde,
843 4615 1131 4679 sententia,
1173 4613 1359 4677 verbo,
1408 4611 1687 4667 abstinens
1732 4625 1763 4665 a
1816 4610 2061 4672 muliere,

502 4726 718 4783 gregem
781 4722 890 4763 non
935 4707 1200 4776 negligat,
1246 4719 1314 4758 ne
1364 4704 1670 4774 quempiam
1718 4710 2063 4766 exsecretur,

504 4813 794 4876 personam
828 4814 896 4853 ne
941 4798 1192 4866 accipiat,
1237 4809 1429 4850 omnes
1475 4799 1766 4863 coarguat;
1818 4807 1886 4846 ne
1922 4792 2067 4845 sinat

502 4870 670 4950 ullam
704 4889 1008 4947 scabiosam
1049 4887 1104 4940 in
1143 4885 1270 4941 ovili
1315 4899 1490 4946 ovem,
1524 4883 1617 4938 sed
1659 4898 1757 4953 per
1800 4870 2068 4953 pmniten-

503 4985 634 5038 tiam
665 4987 856 5052 purget
889 4979 1058 5041 illam,
1084 4982 1245 5046 atque
1276 4976 1348 5029 ita
1378 4975 1434 5029 in
1462 4975 1601 5030 ovile
1626 4973 1893 5044 recipiat:
1929 4973 2067 5028 sciat

502 5092 612 5147 quo
656 5080 818 5144 pacto
854 5070 1096 5141 singulos
1120 5083 1342 5140 pascere
1371 5086 1385 5122 :
1417 5082 1538 5138 qua:
1568 5074 1838 5137 praecepta
1864 5065 2068 5131 viduis,

502 5181 625 5238 qua:
651 5163 957 5226 monachis,
985 5176 1106 5232 quae
1146 5160 1322 5224 laicis,
1365 5174 1485 5232 quae
1516 5159 1923 5214 catechumenis
1955 5166 2070 5212 tra-

503 5258 632 5314 dere
661 5257 872 5312 debeat.
916 5254 1169 5310 Mulieres
1203 5259 1346 5308 vetet
1372 5252 1427 5305 in
1455 5250 1687 5307 ecclesia
1719 5264 1949 5320 prorsus
1986 5248 2060 5304 lo'

503 5350 597 5418 qui
635 5350 702 5413 “,
737 5346 830 5403 sed
863 5361 1075 5416 semper
1114 5346 1273 5402 silere
1306 5343 1495 5414 jubeat
1540 5350 1596 5397 et
1633 5355 1791 5396 orare
1815 5341 1844 5404 ,’
1878 5355 1979 5396 nec
2019 5356 2071 5396 ει

502 5453 642 5494 auro
686 5440 1040 5509 vestibusque
1072 5450 1356 5502 exornare,
1391 5435 1599 5490 vultum
1624 5440 1932 5504 contegere,
1984 5442 2079 5489 aut

578 5597 623 5630 “
666 5596 685 5649 Β
715 5595 845 5651 Cor.
882 5611 994 5661 inv,
1028 5594 1120 5649 54.

575 5730 688 5807 (⁷56)
719 5732 853 5791 Add.
885 5732 958 5803 μή

2169 4523 2438 4594 φιλόξενος
2461 4564 2475 4589 ,
2512 4525 2808 4593 φιλάγαθος
2833 4564 2848 4588 ,
2877 4523 3078 4593 ἥσυχος
3100 4562 3116 4587 ,
3146 4517 3363 4589 στερεὸς
3405 4515 3586 4568 πίστει
3638 4512 3722 4566 καὶ

2171 4615 2363 4688 γνώμῃ
2395 4615 2490 4669 καὶ
2517 4615 2680 4685 λόγῳ,
2715 4613 3048 4684 ἀπεχόμενος
3074 4608 3366 4679 γυναικὸς,
3399 4606 3475 4676 μὴ
3520 4602 3723 4674 ἀμελῶν

2171 4707 2262 4761 τοῦ
2292 4706 2563 4777 ποιμνίου,
2597 4705 2672 4776 μὴ
2706 4701 3122 4775 βδελυσσόμενος
3147 4716 3271 4754 τινα
3292 4716 3305 4729 ·
3345 4697 3419 4767 μὴ
3453 4710 3725 4766 προσωπο-

2172 4798 2415 4869 ληπτεῖν,
2449 4798 2736 4869 ἐλέγχοντα
2761 4798 2855 4850 ἐπὶ
2888 4796 3125 4857 πάντων,
3152 4793 3226 4863 μὴ
3254 4792 3347 4862 ἐᾷν
3375 4788 3580 4860 ψωριὸν
3603 4786 3724 4859 πρό-

2174 4888 2335 4943 ϐατον
2372 4890 2430 4944 ἐν
2477 4890 2543 4959 τῇ
2583 4889 2824 4959 ποίμνῃ,
2866 4885 3002 4940 άλλά
3031 4884 3314 4954 καθαίρειν
3351 4881 3567 4951 πρῶτον
3600 4878 3724 4949 μετά

2174 4981 2476 5051 μετανοίας,
2506 4979 2600 5034 καὶ
2628 4979 2748 5032 τότε
2783 4978 3033 5047 συνάγειν
3077 4977 3134 5029 ἐν
3162 4978 3227 5045 τῇ
3264 4972 3475 5045 μάνδρᾳ
3496 4988 3510 5003 ο
3541 4970 3723 5024 εἰδέναι

2169 5071 2396 5125 ἕκαστον
2419 5072 2495 5134 ὼς
2523 5069 2828 5142 ποιμαίνειν
2843 5069 2925 5122 δεῖ
2945 5109 2960 5137 ,
2995 5067 3048 5122 τί
3071 5066 3128 5119 δὲ
3155 5068 3275 5129 ταῖς
3302 5065 3498 5135 χήραις
3529 5076 3725 5132 παραγ-

2173 5161 2381 5233 γέλλειν
2404 5202 2418 5227 ,
2451 5162 2504 5215 τί
2540 5164 2790 5234 μοναχοῖς
2815 5202 2829 5226 ,
2853 5160 2905 5214 τί
2930 5160 3170 5222 λαῖκοῖς,
3203 5156 3255 5210 τί
3294 5153 3721 5225 κατηχουμένοιςο

2174 5254 2392 5322 Γυναιξὶ
2416 5255 2472 5308 δέ
2501 5253 2896 5326 παραγγέλλειν
2925 5254 2983 5307 ἐν
3006 5248 3268 5321 ἐκκλησίᾳ
3286 5247 3361 5319 μὴ
3382 5245 3560 5299 λαλεῖν
3582 5244 3723 5306 ὅλως,

2176 5343 2288 5397 ἀλλ’
2315 5346 2372 5397 ἐν
2397 5345 2529 5397 πᾶσι
2560 5344 2717 5413 σιγᾷν
2746 5343 2839 5397 καὶ
2872 5339 3148 5411 εὔχεσθαι,
3180 5337 3276 5391 καὶ
3306 5334 3383 5407 μὴ
3405 5331 3723 5406 λαμπρύνειν

2176 5435 2375 5500 ἑαυτὰς
2421 5436 2477 5489 ἐν
2510 5434 2694 5507 χρυσῷ
2724 5434 2757 5506 ἢ
2801 5432 3024 5505 ἐσθῆτι,
3060 5429 3127 5485 τὰ
3164 5428 3223 5485 δὲ
3264 5426 3533 5500 πρόσωπα
3566 5418 3724 5479 αὐτῶν
