3856 6206
138 339 241 394 Sis

1233 328 1418 387 Vim
1457 329 1884 387 nomsrrczs
1927 313 2345 387 rus-murto.

3271 334 3379 392 αθ

140 450 215 520 μὴ
247 447 555 518 φαίνεσθαι,
588 449 775 520 χεῖρας
821 445 1028 518 ἀνδρῶν
1070 446 1144 517 μὴ
1199 442 1535 515 καταφιλεῖν.
1568 448 1716 501 Κατ-

1821 459 2011 501 manus
2039 444 2282 501 virorum
2317 443 2573 502 osculari.
2601 441 2988 502 Catechumeni
3019 455 3199 503 autem
3229 462 3378 504 seor-

141 539 432 610 ηχούμενοι
463 539 520 596 δὲ
557 539 662 610 ίδία
695 538 1032 609 εύχέσθωσαν
1051 576 1064 600 ,
1104 537 1138 608 ἢ
1169 536 1364 602 ἔξωθεν
1395 537 1487 591 τοῦ
1523 537 1709 608 βηλοῦ.

145 629 203 682 '0
228 629 286 680 δὲ
319 631 431 693 πᾶς
470 629 595 692 λαὸς
626 631 683 682 ὲν
713 628 861 700 φόϐῳ
891 629 985 681 καὶ⁴
1017 629 1191 698 σιωπῇ
1237 627 1478 681 ἀκουέτω
1510 628 1600 682 τὸν
1628 628 1715 682 λό-

142 736 228 788 γον
259 720 358 773 τοῦ
389 719 614 792 Κυρίου.
661 719 736 772 Ού
770 720 926 790 μόνον
956 719 1012 772 δὲ
1043 719 1093 771 οἱ
1123 719 1520 791 ἁμαρτάνοντες
1559 717 1712 788 δίκην

134 811 512 873 ἀποτίσουσιν,
547 808 684 862 ἀλλὰ
727 809 822 862 κα)⁹
859 811 908 862 oi
953 809 1234 880 χαίροντες
1267 809 1360 862 ἐπὶ
1392 813 1504 872 τοῖς
1535 809 1714 882 ἁμαρ-

136 900 381 954 τάνουσι,
433 898 570 968 Περὶ
618 897 676 950 δὲ
714 896 821 948 τῶν
864 895 1188 966 προσφορῶν
1236 895 1434 964 ὀφείλει
1472 895 1658 965 νήφειν
1685 895 1714 947 6

138 990 321 1061 ἱερεύς
340 1007 354 1020 ο
381 990 476 1043 ἐὰν
505 989 613 1060 γὰρ
641 987 777 1060 λάϐῃ
801 987 952 1058 παρὰ
975 987 1405 1059 στρατευομένου
1433 985 1712 1057 ἐκχέοντος

137 1077 301 1150 αἷμα,
331 1080 367 1151 ῆ
397 1079 782 1143 διασείσαντος,
811 1077 1183 1149 ἣκλέψαντος,
1208 1076 1240 1147 ἢ
1267 1074 1711 1148 πραγματευτοῦ,

138 1171 172 1241 ἢ
208 1170 498 1241 ἐπιόρκου,
530 1169 562 1240 ἢ
598 1167 750 1241 παρὰ
792 1168 1043 1221 πλουσίου
1079 1164 1472 1236 ἀποστερητοῦ,
1505 1164 1538 1234 ἢ
1566 1164 1715 1236 παρὰ

135 1260 376 1312 τελώνου
425 1260 875 1331 ὲπιπράττοντος,
905 1259 938 1329 ἢ
971 1257 1334 1326 τοκογλύφου,
1371 1256 1403 1326 ἢ
1438 1255 1713 1327 τιμιολκοῦ

137 1349 233 1402 ἐπὶ
286 1349 460 1413 σίτου,
512 1350 544 1420 ἦ
595 1349 745 1420 παρὰ
793 1349 992 1411 παντὸς
1029 1345 1380 1419 ἁμαρτωλοῦ·
1410 1349 1438 1400 ὁ
1478 1346 1716 1410 τοιοῦτος

140 1439 350 1508 ίερεὺς,
394 1440 502 1492 ἀπὸ
525 1440 779 1494 τοιούτων
821 1439 915 1494 ἐὰν
947 1439 1105 1512 λάϐῃ,
1135 1438 1323 1510 χωλῶν
1364 1439 1459 1492 καὶ
1501 1436 1716 1506 τυφλῶν

145 1531 450 1602 προσφέρει
493 1531 552 1598 te
584 1531 760 1585 αὐτῶν
798 1530 878 1602 τῷ
910 1530 1046 1602 Θεῷ.
1093 1531 1184 1584 Σο)⁸
1222 1531 1280 1584 δὲ
1311 1529 1388 1601 τῷ
1420 1529 1590 1600 λαῖκῷ
1618 1529 1717 1583 ούκ

140 1621 322 1686 ἔξεστι
357 1625 540 1694 κρῖναι
566 1624 656 1676 τὸν
683 1622 850 1694 ίερέα,
879 1624 927 1676 εί
952 1623 1047 1694 μὴ,
1070 1623 1162 1676 ἐὰν
1196 1622 1341 1694 εἰδῇς
1371 1619 1713 1693 παραϐάτην,

145 1710 312 1779 φεῦγε
347 1712 443 1764 ἀπ’
473 1712 656 1766 αὐτοῦ.
684 1713 808 1766 Ἐὰν
838 1711 1010 1766 ταῦτα
1036 1712 1298 1786 φυλάξῃς,
1334 1715 1362 1767 6
1391 1714 1587 1784 ἱερεὺς,
1622 1711 1717 1782 βα-

1814 536 1919 592 sim
1941 543 2099 591 orent
2126 544 2181 591 et
2223 544 2380 591 extra
2424 537 2613 594 limen.
2654 536 2952 608 Omnisque
2988 539 3222 609 populus
3248 555 3376 595 cum

1812 628 2118 684 reverentia
2143 635 2198 683 et
2221 628 2439 683 silentio
2466 629 2651 684 audiat
2675 631 2904 688 verbum
2937 629 3172 685 Domini.
3203 632 3376 686 Porro

1813 731 1922 770 non
1946 717 1984 770 ii
2016 717 2194 771 solum
2226 717 2320 787 qui
2346 726 2595 787 peccant,
2637 718 2733 773 sed
2761 718 2924 774 etiam
2957 718 3051 788 qui
3079 717 3147 773 de
3182 733 3378 788 pecca-

1812 806 2026 862 toribus
2076 808 2335 878 gaudent,
2389 823 2581 878 poenas
2633 811 2804 864 luent.
2864 807 3180 865 Oblationes
3230 807 3377 878 quod

1813 904 2044 967 spectat,
2079 898 2411 968 vigilandum
2439 909 2524 954 est
2557 899 2869 956 sacerdoti:
2905 913 3030 953 nam
3067 899 3113 954 si
3140 912 3172 952 a
3205 899 3380 953 milite

1814 989 2082 1059 acceperit
2111 989 2205 1060 qui
2249 990 2498 1046 eﬂ‘uderit
2526 992 2867 1062 sanguinem,
2899 1005 2926 1044 a
2971 991 3302 1059 turbulento,
3338 1005 3381 1048 «ιι

1813 1077 1954 1146 fure,
1994 1080 2064 1134 ab
2091 1079 2337 1149 improbo
2366 1081 2724 1150 negotiatore,
2757 1094 2788 1133 ο
2827 1079 3070 1149 perjuro,
3103 1087 3198 1134 aut
3231 1093 3262 1132 a
3295 1079 3383 1134 di-

1819 1168 1930 1223 vite
1956 1166 2360 1233 defraudatore,
2391 1183 2423 1222 a
2462 1169 2752 1238 publicano
2785 1176 3059 1235 exactore,
3088 1183 3119 1223 a
3167 1168 3381 1224 fenera-

1815 1266 1952 1323 tore,
1987 1261 2069 1315 vel
2101 1261 2169 1315 ab
2197 1275 2262 1316 eo
2287 1261 2378 1331 qui
2410 1261 2647 1332 pretium
2677 1260 2932 1316 frumenti
2962 1263 3195 1328 auxerit,
3229 1263 3314 1317 vel
3347 1276 3381 1317 a

1815 1351 2057 1422 quolibet
2085 1360 2402 1423 peccatore;
2454 1352 2768 1423 bujusmodi
2801 1353 3079 1417 sacerdos,
3131 1353 3380 1424 inquam,

1817 1443 1909 1513 qui
1938 1444 2065 1497 talia
2092 1444 2382 1514 acceperit,
2410 1444 2602 1500 clauda
2629 1452 2685 1498 et
2721 1459 2863 1500 caeca
2897 1444 3026 1499 hinc
3060 1442 3172 1500 Deo
3202 1443 3378 1500 oli‘ert.

1817 1534 1938 1590 Tibi
1983 1536 2124 1591 laico
2157 1551 2264 1592 non
2311 1537 2438 1592 licet
2476 1537 2813 1593 sacerdotem
2841 1537 3127 1607 judicare;
3163 1537 3304 1608 quod
3334 1537 3382 1592 si

1817 1625 2287 1695 praevaricatorem
2337 1626 2638 1682 adverteris
2680 1627 2855 1690 illum,
2899 1625 3025 1698 fuge
3068 1627 3135 1681 ab
3170 1626 3283 1682 illo.
3322 1625 3381 1680 Si

1819 1713 1933 1768 haec
1977 1721 2037 1768 tu
2085 1715 2342 1772 sacerdos
2388 1716 2714 1780 servaveris,
2757 1714 2983 1787 gradum
3027 1715 3230 1770 bonum
3281 1714 3382 1768 tibi

144 1802 280 1873 θμδν
311 1803 518 1871 ἀγαθὸν
546 1804 722 1876 ἐαυτῷ
752 1806 1027 1878 περιποιῇ,
1055 1806 1150 1858 καὶ
1179 1804 1377 1876 πολλὴν
1402 1803 1713 1876 παρρησίαν

1821 1807 2067 1877 acquires
2101 1808 2180 1875 ”;
2213 1809 2545 1880 multamque
2597 1807 2845 1863 ﬁduciam
2890 1809 2946 1862 in
2993 1806 3210 1863 Christo
3249 1805 3380 1862 Jesu

141 1895 238 1967 τὴν
280 1897 340 1947 ὲν
370 1894 590 1966 Χριστῷ
620 1896 794 1967 Ἰησοῦ
828 1897 1017 1968 Κυρίῳ
1045 1895 1234 1968 ἡμῶν,
1273 1896 1390 1968 μεθ’
1419 1891 1478 1950 οὗ
1501 1895 1576 1966 τῷ
1605 1896 1716 1948 Πα-

141 1986 231 2056 cpi.
265 1986 369 2039 σὺν
396 1985 537 2056 ἁγίῳ
561 1986 836 2058 Πνεύματι
873 1987 906 2056 ἡ
937 1985 1063 2051 δόξα
1105 1986 1183 2050 είς
1219 1985 1344 2050 τοὺς
1375 1985 1576 2049 αίῶνας
1605 1984 1715 2038 τῶν

143 2075 382 2132 αἰώνων.
425 2077 616 2149 ’Δμήν.

1818 1895 2046 1952 Domino
2071 1904 2282 1965 nostro,
2310 1913 2436 1953 cum
2480 1913 2591 1969 quo
2635 1898 2784 1952 Patri
2826 1904 2880 1953 et
2924 1897 3152 1969 Spiritui
3192 1905 3383 1954 sancto

1820 1987 1991 2058 gloria
2019 1987 2075 2042 in
2111 1988 2310 2044 secula
2341 1989 2687 2045 saeculorum.
2714 1988 2906 2044 Amen.

1131 2315 1200 2371 IN
1243 2315 1558 2383 SEQUENS
1597 2313 2024 2372 OPUSCULUM
2062 2315 2403 2372 MONITUM.

209 2429 433 2485 Brevem
465 2423 742 2486 hanc'vitae
766 2432 1082 2486 monasticae
1115 2430 1864 2503 lnstitutionemfsynlagmati
1900 2432 2142 2502 apposite
2164 2433 2656 2507 subjicimus,quod
2680 2433 2832 2490 ambo
2879 2434 3111 2506 ejusdem
3160 2451 3381 2506 prorsus

143 2519 253 2574 sint
287 2520 606 2589 argumenti.
648 2519 875 2590 Sequens
915 2528 1088 2580 autem
1131 2521 1440 2590 opusculum
1474 2521 1740 2591 inelegans
1768 2528 1846 2575 est
1883 2523 2119 2589 omnino,
2157 2533 2207 2578 et
2243 2525 2523 2596 aquodam
2574 2525 2816 2582 Graeculo
2850 2525 3130 2583 Athanasii
3173 2529 3384 2584 nomine

143 2608 455 2677 conﬁctam,
485 2617 542 2662 ut
571 2608 737 2677 quivis
762 2606 1025 2674 eruditus,
1054 2607 1134 2664 vel
1167 2610 1341 2677 primo
1365 2618 1577 2680 aspectu
1600 2609 1950 2665 existimabit.

1029 2829 1254 2915 ΤΟΥ
1298 2759 1829 2918 ΜΕΓΑΑοΥ
1876 2831 2509 2926 ΑΘΑΝΑΣΙΟΥ

892 3011 1296 3069 ΔΙΑΤΥΠΩΣΙΣ
1333 3015 1469 3070 ΤΩΝ
1505 3015 1872 3073 ΘΕΛΟΝΤΩΝ
1905 3020 1998 3074 ΕΝ
2011 2965 2294 3094 ἨΣΥΧῙᾼ
2331 3023 2621 3080 ΔΙΛΓΕΙΝ.

1213 3265 1587 3357 MAGNI
1662 3269 2312 3363 ATHANASII

612 3477 618 3482 λ
703 3457 1101 3518 INSTITUTIO
1139 3460 1383 3522 EORUM
1423 3467 1542 3534 QUI
1578 3469 1647 3524 ΙΝ
1685 3469 1942 3537 QUIETE
1978 3464 2193 3530 VITAM
2230 3473 2466 3531 AGERE
2500 3471 2832 3531 CUPIUNT.

223 3663 276 3717 1.
300 3663 553 3726 Τοιοῦτος
571 3665 600 3717 6
625 3665 874 3736 μοναχδς,
895 3667 990 3722 καὶ
1009 3666 1150 3722 οὕτω
1171 3670 1277 3742 χρὴ
1293 3666 1430 3727 εἶναι
1447 3674 1539 3728 τὸν
1562 3694 1726 3748 μονα-

1898 3682 1948 3736 l.
1980 3680 2166 3734 Talem
2197 3687 2252 3732 et
2295 3677 2612 3748 bujusmodi
2643 3684 2859 3748 oportet
2885 3691 3006 3732 esse
3035 3680 3385 3746 monachum,

146 3755 269 3826 χὺν,
297 3755 633 3826 ἀπεχόμενον
665 3757 771 3809 ἀπὸ
795 3759 996 3828 γηΐνων
1025 3762 1362 3832 πραγμάτων
1384 3781 1398 3794 ο
1433 3766 1494 3818 ού
1530 3769 1638 3838 μὴν
1667 3770 1725 3824 δὲ

145 3846 291 3899 ἀλλά
329 3847 422 3898 καὶ
467 3847 702 3917 Χριστοῦ
744 3849 1108 3922 στρατιώτην,
1157 3853 1352 3918 ᾶῦλον,
1403 3856 1722 3930 ἀμέριμνον,

149 3937 340 4008 πάσης
379 3940 862 4010 πραγματευτικῆς
903 3941 1111 4006 ἐννοίας
1149 3945 1242 3997 καὶ
1267 3945 1514 4018 πράξεως
1544 3950 1721 4016 ἐκτός.

145 4029 243 4081 Ἐν
280 4028 492 4092 τούτοις
539 4029 652 4100 ἤτω
684 4031 712 4083 ό
759 4033 1022 4102 μοναχὸς,
1061 4035 1294 4106 μάλιστα
1317 4041 1345 4091 6
1378 4042 1557 4095 πᾶσαν
1590 4041 1724 4114 ὓλην

146 4120 246 4172 τοῦ
299 4120 506 4191 κόσμου
556 4121 746 4174 τούτου
795 4125 1142 4181 καταλιπώνο
1178 4129 1270 4181 καὶ
1316 4131 1409 4184 ἐπὶ
1440 4132 1507 4186 τὰ
1547 4133 1724 4206 ὡραῖα

145 4210 327 4280 κάλλη
358 4211 459 4280 τῆς
487 4213 714 4283 ἡσυχίας
745 4215 778 4284 ή
805 4215 1054 4285 ἄσκησις,
1080 4218 1209 4289 ἡδὺς
1240 4220 1268 4272 ό
1298 4219 1431 4290 βίος,
1461 4226 1493 4295 ἡ
1529 4225 1725 4296 πρᾶξις

146 4301 381 4372 τερπνή.
409 4303 594 4356 Βούλει
617 4305 926 4376 τοιγαροῦν,
957 4309 1226 4380 ἀγαπητὲ,
1251 4311 1341 4367 τὸν
1370 4316 1578 4386 μονήρη
1609 4317 1722 4387 βίον

145 4393 465 4459 ἀναλαϐεῖν,
499 4394 594 4447 καὶ
640 4396 732 4449 ἐπὶ
772 4396 840 4450 τά
871 4399 968 4469 τῆς
1000 4401 1226 4471 ἡσυχίας
1251 4404 1571 4477 ἀποτρέχειν
1598 4409 1722 4480 τρό-

148 4499 292 4535 παια
317 4499 332 4510 ·
375 4481 512 4550 ἄφες
566 4485 682 4538 ἐκεῖ
720 4487 812 4539 τὸν
859 4489 1061 4560 κόσμον
1109 4493 1334 4557 καὶτὰς
1380 4497 1474 4550 τοῦ
1515 4499 1719 4570 κόσμου

143 4572 462 4643 φροντίδας,
493 4575 590 4638 τάς
613 4592 671 4628 τε
700 4577 791 4629 ἐπὶ
815 4577 1016 4632 τούτων
1043 4580 1216 4652 ἀρχάς
1242 4601 1302 4636 τε
1335 4588 1427 4640 καὶ
1455 4585 1719 4655 ἐξουσίας,

143 4665 399 4717 τουτέστι
428 4666 584 4734 μόνος
622 4667 782 4730 ἀῢλος
807 4668 918 4732 ἔσο,
951 4671 1186 4742 ἀπαθὴς,
1223 4675 1404 4746 πάσης
1433 4677 1725 4750 ἐπιθυμίας

143 4755 308 4817 ἐκτὸς
332 4795 347 4820 ,
384 4754 500 4818 ἵνα,
538 4756 638 4826 τῆς
679 4757 743 4810 ἐκ
789 4758 991 4814 τούτων
1035 4765 1407 4834 περιστάσεως
1445 4768 1721 4842 ἀλλότριος

141 4844 464 4913 γενόμενος,
496 4844 728 4917 δυνηθῇς
754 4847 1047 4918 ἡσυχάζειν
1076 4851 1273 4917 καλῶς.
1306 4856 1370 4908 Ei
1403 4857 1476 4928 μὴ
1501 4857 1609 4929 γάρ
1640 4877 1723 4924 τις

141 4932 357 4986 τούτων
383 4934 574 4988 ἑαυτὸν
606 4935 871 5010 ὑπεξάρῃ,
902 4939 1002 4995 οὐκ
1025 4940 1091 4995 ἂν
1124 4942 1323 5016 δυνηθῇ
1356 4946 1558 5018 ταύτην
1591 4965 1724 5002 κατι

1825 3787 1857 3827 a
1888 3772 2123 3827 terrenis
2161 3768 2327 3825 rebus
2375 3768 2851 3835 abstinentem,'ac
2889 3775 3147 3838 praeterea
3183 3770 3389 3828 Christi

1825 3863 2075 3927 militem,
2128 3859 2357 3915 materia
2415 3866 2714 3930 expertem,
2775 3860 3234 3916 sollicitudinibus
3293 3878 3392 3918 va-

1828 3969 2012 4015 cuum,
2057 3960 2211 4006 extra
2260 3965 2476 4005 omnem
2519 3950 2863 4021 negotiorum
2911 3951 3294 4021 cogitationem
3338 3962 3397 4010 et

1827 4043 2165 4101 exercitium.
2213 4042 2275 4096 In
2310 4041 2400 4096 bis
2432 4041 2504 4096 sit
2549 4048 2604 4096 et
2638 4040 2798 4111 degat
2829 4041 3154 4107 monachus,
3185 4044 3233 4098 is
3276 4059 3397 4099 ma-

1829 4135 1973 4189 xime
2005 4133 2100 4203 qui
2135 4139 2306 4186 totam
2335 4127 2526 4184 mundi
2561 4127 2729 4203 bujus
2766 4127 3051 4183 materiam
3081 4128 3391 4199 dereliquit.

1825 4197 2039 4277 Omnes.
2055 4220 2330 4291 speciosas
2351 4197 2786 4287 pulchritudines
2806 4223 3029 4287 superat
3052 4216 3254 4272 ascesis
3270 4197 3393 4284 illa,

1827 4313 2012 4383 quieta
2038 4317 2093 4365 et
2126 4309 2420 4378 tranquilla
2443 4315 2526 4363 est
2547 4307 2677 4361 vita.
2700 4307 2814 4378 Age
2849 4321 3004 4377 ergo,
3025 4307 3244 4373 dilecte,
3276 4323 3398 4362 mo-

1825 4405 2092 4458 nasticam
2124 4401 2449 4471 amplectere
2476 4400 2666 4462 vitam,
2698 4408 2752 4455 et
2779 4413 3007 4454 accurre
3031 4399 3098 4454 ad
3122 4399 3212 4454 illa
3237 4400 3394 4469 quie-

1827 4496 1896 4550 tis
1927 4503 2148 4563 tr0paaa.
2196 4489 2462 4560 Relinque
2503 4489 2580 4544 ibi
2629 4488 2918 4556 mundum,
2950 4488 3248 4558 mundique
3291 4504 3394 4544 cu-

1824 4601 1939 4653 ras,
1977 4582 2282 4638 mundanos
2313 4583 2443 4637 item
2489 4581 2828 4652 principatus
2872 4589 2927 4636 et
2973 4590 3300 4652 potestates;
3339 4581 3397 4637 id

1823 4685 1928 4741 est,
1963 4677 2114 4732 solus
2149 4683 2204 4730 et
2233 4676 2465 4728 materia
2501 4680 2642 4737 esto,
2664 4673 3121 4744 passionibusque
3160 4687 3390 4739 vacuus,

1819 4767 2003 4821 .omnis
2033 4780 2227 4836 expers
2273 4763 2552 4828 desiderii,
2577 4771 2659 4829 ut,
2690 4778 2879 4819 earum
2929 4779 3111 4819 rerum
3152 4765 3396 4819 circum-

1826 4852 2028 4908 stantia
2056 4853 2289 4915 alienus,
2315 4851 2552 4922 quietam
2589 4852 2760 4920 probe
2792 4853 2958 4906 vitam
2991 4867 3152 4923 agere
3191 4853 3391 4922 possis.

1826 4941 1943 4997 Nisi
1974 4944 2118 4998 enim
2149 4943 2273 5012 quis
2316 4957 2438 5026 sese
2467 4941 2737 5012 ejusmodi
2779 4944 2945 4999 rebus
2991 4945 3213 5008 eximat,
3255 4960 3398 4998 nun-

140 5024 390 5097 ορθῶσαι
439 5026 537 5097 τὴν
584 5027 880 5086 πολιτείαν.
929 5032 1158 5103 Τροφῶν
1200 5015 1444 5107 βραχέων
1495 5015 1720 5110 ἀντέχου

1824 5050 1988 5105 quam
2024 5037 2262 5105 potuerit
2288 5018 2408 5090 eam
2433 5051 2593 5106 agere
2617 5036 2742 5091 vita:
2781 5038 3064 5092 rationem.
3107 5035 3304 5094 Paucis
3341 5048 3398 5093 et

145 5117 246 5170 καὶ
273 5117 786 5191 εύκαταφρονήτων,
826 5122 900 5195 μὴ
936 5124 1142 5178 πολλῶν
1173 5129 1266 5182 καὶ
1297 5129 1720 5202 εύπεριστάτων,

146 5205 184 5275 ἦ
218 5204 422 5275 μᾶλλον
462 5207 857 5280 ἀπεριστάτων.
913 5213 1038 5268 Ἐὰν
1080 5215 1138 5268 δὲ
1185 5217 1280 5270 καὶ
1304 5217 1391 5282 ’ὡς
1423 5219 1724 5288 φιλοξενίας

145 5301 316 5373 χάριν
357 5303 484 5373 περ)⁸
542 5303 611 5357 τὰ
654 5305 919 5378 πολυτελῆ
971 5307 1229 5380 λογισμὸς
1288 5311 1545 5383 γένηται,
1588 5314 1726 5383 ἄφες

144 5392 339 5448 τοῦτον
403 5395 551 5458 ἐκεῖ,
609 5397 683 5468 μὴ
748 5398 884 5463 ὅλως
946 5401 1173 5473 πεισθῇς
1224 5403 1403 5475 αύτῷ⁸
1455 5406 1723 5478 ὲνεδρεύει

144 5485 259 5555 γάρ
286 5500 349 5536 σε
379 5483 470 5537 διὰ
492 5486 683 5540 τούτου
715 5491 743 5542 ὁ
774 5489 1109 5559 ὑπεναντίος,
1138 5493 1233 5547 τοῦ
1283 5495 1590 5568 ἀποστησαι
1626 5499 1726 5570 τῆς

143 5574 406 5654 ’ἦῗδῖίῦεδ
1534 5580 1537 5581 ν
1646 5584 1649 5586 ’

225 5731 273 5761 ¹¹
314 5729 333 5782 l
366 5711 508 5785 Tim.
545 5747 637 5801 In,
674 5732 762 5790 i5.

1827 5125 2027 5181 vilibus
2054 5133 2208 5180 utere
2234 5126 2394 5190 cibis,
2425 5141 2534 5181 non
2563 5141 2692 5182 vero
2717 5127 2977 5197 copiosis,
3009 5135 3064 5208 et
3099 5128 3269 5198 probe
3299 5143 3398 5198 pa-

1829 5218 1986 5280 ratis,
2014 5217 2121 5272 imo
2146 5217 2328 5286 potius
2359 5219 2612 5288 improbe,
2636 5221 2860 5290 paratis.
2894 5219 3047 5285 Quod
3074 5220 3121 5274 si
3156 5220 3402 5289 hospitae

1829 5310 2001 5365 litatis
2039 5324 2207 5364 causa
2250 5317 2306 5365 te
2351 5311 2486 5367 lauti
2526 5313 2633 5368 cibi
2674 5313 2930 5385 cogitatio
2977 5311 3193 5375 subeat,
3235 5309 3404 5382 308

1830 5401 2052 5456 missam
2087 5400 2174 5455 fac
2203 5401 2374 5468 illam,
2417 5419 2516 5460 nec
2542 5419 2765 5474 prorsus
2791 5404 2870 5459 illi
2913 5405 3275 5474 obtemperes.
3309 5403 3400 5456 ln-

1831 5490 2066 5548 sidiatur
2102 5492 2246 5548 enim
2275 5494 2372 5549 tibi
2419 5510 2517 5565 per
2568 5511 2685 5552 eam
2743 5497 3108 5560 adversarius,
3158 5499 3217 5547 ut
3268 5499 3324 5548 te
3367 5506 3401 5546 a

1844 5583 2014 5652 ninia
2045 5584 2287 5645 retrahat
2311 5586 2419 5642 vita
