3868 6206
514 346 620 404 847

1631 334 1689 392 S.
1727 327 2192 391 ATHANASIUS.
2234 360 2306 375 —
2343 332 2620 390 SPURIA.

3646 342 3739 400 848

582 465 639 521 2.
673 462 818 519 Cave
849 476 918 518 ne
948 458 1169 517 divitias
1200 455 1534 529 pauperibus
1562 454 1868 525 erogandas
1912 467 2062 523 expe-

2246 450 2303 506 2.
2332 451 2474 524 Ὅρα
2519 453 2595 525 μὴ
2648 453 2996 529 ἐπιθυμήσῃς
3041 454 3269 511 πλοῦτον
3301 454 3447 528 ἔχειν
3638 460 3741 517 ata-

513 567 631 624 tas;
662 553 855 609 melior
888 550 1037 607 enim
1078 562 1260 605 sermo
1299 547 1479 603 bonus
1519 554 1627 610 est,
1652 560 1817 616 quam
1847 543 2075 599 donum.

510 651 610 708 Est
639 650 839 721 quippe
877 648 970 702 illa
1001 647 1131 702 item
1165 644 1387 716 maligni
1424 642 1596 706 fraus,
1621 658 1728 713 qua
1760 642 1827 696 ad
1856 642 2078 695 inanem

508 743 740 815 gloriam
786 741 1105 812 plerumque
1156 742 1210 793 et
1257 736 1323 790 ad
1373 735 1598 790 multam
1648 732 2078 803 negotiationem

508 844 747 893 mentem
776 833 1019 904 conjicit.
1052 830 1390 887 Vestimenta
1424 828 1570 899 quod
1605 832 1836 898 spectat,
1880 842 1950 881 ne
1987 840 2081 879 cu-

410 972 413 975 λ
508 922 628 993 pias
667 921 865 977 multas
904 920 1102 975 habere
1129 929 1341 985 vestes;
1375 918 1469 973 sed
1495 932 1590 972 eas
1623 916 1801 971 solum
1832 915 1928 970 tibi
1958 928 2079 985 pro-

507 1014 634 1071 vide
661 1028 782 1085 quae
811 1011 1125 1069 necessitati
1148 1010 1397 1080 corporis
1423 1007 1559 1064 satis
1588 1007 1717 1062 sint.
1762 1003 1821 1059 Si
1850 1005 1947 1060 tibi
1977 1004 2070 1057 ali-

506 1105 705 1160 mentis
751 1110 848 1158 aut
883 1101 1128 1157 vestibus
1169 1099 1241 1154 sit
1280 1113 1441 1168 opus,
1472 1111 1542 1151 ne
1587 1094 1784 1165 pudeat
1824 1107 1887 1148 ea
1930 1091 2078 1146 acci-

505 1211 655 1267 pere,
696 1209 816 1265 quae
847 1193 944 1247 tibi
976 1191 1047 1247 ab
1075 1190 1199 1245 aliis
1245 1188 1549 1243 offeruntur
1584 1203 1598 1240 :
1632 1191 1718 1239 est
1765 1182 1911 1238 enim
1943 1180 2077 1236 illud

504 1287 777 1360 quoddam
808 1284 1075 1356 superbiae
1117 1297 1307 1353 genus.
1350 1278 1508 1345 Quod
1542 1277 1587 1333 si
1632 1277 1731 1331 tibi
1768 1274 1973 1345 aliquid
2017 1274 2075 1329 in

504 1379 658 1435 hisce
686 1375 1019 1446 superfluum
1046 1373 1234 1438 fuerit,
1261 1372 1330 1427 da
1360 1385 1555 1441 egeno.
1579 1366 1731 1422 Hanc
1754 1366 1899 1421 Deus
1934 1363 2075 1420 filios

504 1482 638 1526 suos
668 1466 784 1523 vult
813 1465 1174 1522 oeconomiam
1201 1476 1444 1518 servare.
1486 1458 1623 1514 Cum
1660 1456 1917 1528 praesenti
1944 1463 2076 1509 tem-

503 1573 639 1630 pore
666 1556 978 1613 necessaria
1010 1560 1326 1625 suppetunt,
1356 1568 1426 1608 ne
1457 1550 1628 1605 futuri
1670 1547 1932 1618 temporis
1961 1544 2072 1601 sol-

501 1647 841 1705 licitudlnem
873 1661 1056 1718 geras,
1085 1661 1155 1701 ne
1179 1643 1344 1701 unius
1373 1641 1593 1714 quidem
1616 1640 1724 1697 diei
1749 1647 1843 1695 aut
1868 1637 2073 1693 hebdo-

501 1741 723 1798 madis:
774 1740 843 1796 de
879 1738 1134 1812 praesenti
1181 1736 1358 1793 solum
1411 1749 1586 1790 cura:
1629 1733 1807 1803 ipsum
1855 1738 2070 1798 tempus

2180 544 2326 599 δοσιν
2355 546 2465 601 τῶν
2484 548 2768 620 πενήτων,·
2796 551 3048 620 κρεῖσσον
3070 548 3180 622 γὰρ
3203 548 3361 619 λόγος
3384 550 3590 619 ἀγαθὸς
3617 552 3745 626 ὑπὲρ

2181 635 2353 707 δόμα⁸
2383 636 2497 691 ἐστι
2541 638 2650 711 γὰρ
2695 640 2792 694 καὶ
2818 639 2956 711 αῦτη
2976 684 2981 689 .
3000 640 3184 716 ἀπάτη
3216 642 3308 696 τοῦ
3352 643 3593 717 πονηροῦ
3622 643 3747 717 πρὸς

2182 724 2487 792 κενοδοξίαν
2512 727 2771 791 πολλάκις
2795 730 2888 782 καὶ
2912 730 2994 793 είς
3020 729 3556 804 πολυπραγμοσύνης
3584 734 3749 789 αἰτίαν

2182 816 2526 887 ἐμϐάλλουσα
2553 821 2644 874 τὸν
2675 820 2818 876 νοῦν.
2847 822 2981 894 Περὶ
3012 823 3068 876 δὲ
3101 825 3350 894 ἱματίων,
3384 825 3460 896 μὴ
3489 825 3752 899 ἐπιθυμή-

2184 924 2284 979 σῃς
2311 910 2480 964 πολλά
2502 911 2645 983 ἔχειν
2678 912 2866 984 ἱμάτια
2886 931 2900 946 ·
2932 914 3065 968 ἀλλὰ
3096 916 3166 969 τά
3189 916 3461 987 ἀρκοῦντα
3490 920 3558 989 τῇ
3593 918 3750 989 ἀνάγρ

2181 1016 2254 1073 κῃ
2286 1001 2377 1055 τοῦ
2425 1001 2673 1075 σώματος
2719 1005 2854 1077 μόνα
2888 1005 3139 1078 προνοοῦ.
3179 1006 3304 1060 Ἐὰν
3348 1007 3444 1081 δὲῃ
3480 1008 3752 1082 τροφῶνῆ

2184 1094 2433 1165 ἱματίων,
2477 1097 2551 1169 μὴ
2583 1097 2879 1170 αἰσχυνθῇς
2908 1097 2978 1153 τὰ
3004 1099 3134 1171 παρ’
3173 1100 3375 1171 ἐτέρων
3407 1117 3492 1153 σοι
3522 1117 3755 1171 προσφε-

2183 1185 2384 1275 ρόμενα
2411 1186 2595 1240 λαϐεῖν
2623 1204 2635 1216 ·
2663 1188 2820 1242 τοῦτο
2853 1188 2962 1259 γάρ
3006 1191 3151 1242 ἐστιν
3187 1190 3565 1261 ὑπερηφανίας
3591 1186 3749 1256 εἶδος.

2193 1275 2317 1329 Ἐὰν
2349 1277 2407 1330 δὲ
2434 1278 2528 1330 καὶ
2564 1278 2728 1342 αὐτὸς
2769 1280 2829 1333 ὲν
2857 1279 3068 1343 τούτοις
3100 1279 3428 1352 περισσεὺῃς
3451 1320 3467 1346 ,
3502 1281 3646 1335 δίδου
3673 1281 3747 1355 τῷ

2180 1369 2561 1442 ὑστερουμένῳ
2584 1387 2598 1400 ·
2627 1369 2799 1435 οὑτως
2828 1372 2856 1424 ὁ
2886 1371 3019 1435 Θεὸς
3049 1373 3179 1435 τοὺς
3223 1372 3415 1425 ἑαυτοῦ
3444 1374 3641 1438 παῖδας
3676 1376 3751 1429 oi.-

2177 1462 2526 1533 κονομεῖσθαι
2568 1462 2834 1534 βούλεται.
2865 1464 3043 1534 Ἔχων
3092 1463 3187 1518 τοῦ
3232 1464 3528 1530 ἐνεστῶτος
3562 1465 3752 1539 καιροῦ

2175 1554 2245 1608 τὰ
2275 1554 2482 1619 δέοντα,
2511 1556 2593 1619 είς
2624 1556 2716 1609 τὸν
2744 1555 3002 1627 μέλλοντα
3033 1556 3107 1627 μὴ
3157 1559 3497 1632 μεριμνήσῃς
3542 1560 3748 1631 καιρὸν,

2175 1642 2287 1700 οἷον
2315 1648 2529 1719 ἡμέρας
2580 1649 2708 1720 μιᾶς
2732 1689 2746 1714 ,
2780 1648 2815 1720 ἦ
2864 1649 3157 1719 ἑϐδομάδος
3180 1688 3195 1714 ,
3239 1650 3272 1720 ἢ
3322 1649 3427 1722 μὴν
3457 1652 3750 1718 ἐνεστῶτος

2176 1738 2370 1810 καιροῦ
2398 1755 2412 1770 °
2462 1740 2626 1804 αὑτὸς
2674 1742 2704 1793 ὁ
2751 1739 2942 1811 καιρὸς
2987 1742 3378 1813 ὲπιχορηγήσει
3422 1744 3493 1798 τὰ
3542 1744 3743 1801 δέοντα.

501 1835 609 1892 sibi
644 1831 958 1891 necessaria
1002 1827 1389 1901 suppeditabit.
1418 1825 1530 1881 Sed
1568 1825 1624 1879 in
1653 1822 1846 1894 primis
1890 1832 2062 1892 quaere

2185 1829 2343 1884 Ἀλλά
2374 1830 2572 1900 μᾶλλον
2601 1830 2751 1903 ζήτει
2792 1833 3026 1903 μάλιστα
3052 1834 3152 1906 τὴν
3197 1834 3472 1904 βασιλείαν
3513 1836 3624 1890 τῶν
3662 1838 3747 1892 οὑε-

500 1939 730 1997 regnum
759 1922 1045 1979 cmlurum.
1079 1921 1253 1974 Tuam
1284 1933 1498 1988 semper
1531 1916 1817 1972 utilitatem
1853 1920 2064 1978 curato,

504 2024 560 2073 et
588 2014 785 2085 quietae
816 2012 944 2070 vitae
975 2011 1199 2067 modum
1240 2010 1338 2065 tibi
1374 2009 1668 2065 constitue.
1699 2005 1779 2062 Ne
1817 2004 2068 2061 cumho-

498 2104 742 2160 minibus
780 2102 1022 2157 materiae
1057 2099 1277 2163 deditis,
1310 2106 1364 2152 et
1407 2097 1553 2151 ultro
1589 2096 1833 2164 citroque
1864 2091 2065 2146 distra-

498 2198 603 2253 ctis
632 2194 881 2250 habites:
910 2192 996 2248 vel
1026 2191 1177 2248 solus
1216 2188 1422 2252 habita,
1453 2193 1547 2242 aut
1584 2201 1708 2241 cum
1748 2181 2065 2239 hominibus

494 2285 719 2344 materia
759 2284 1076 2356 expertibus
1109 2290 1163 2339 et
1202 2290 1381 2337 tecum
1410 2276 1895 2337 consentientibus.
1924 2272 2064 2328 Nam

482 2384 589 2457 lqui
622 2398 745 2440 cum
771 2381 1084 2437 hominibus
1114 2378 1356 2434 materiae
1394 2375 1613 2457 deditis,
1638 2380 1692 2429 et
1721 2375 1865 2428 ultro
1895 2372 2064 2427 citro-

491 2454 600 2550 que
629 2472 911 2532 distractis
933 2471 1164 2535 habitat,
1194 2469 1243 2524 is
1272 2454 1500 2539 prorsus
1530 2480 1718 2522 eorum
1745 2462 2063 2519 distractio-

488 2569 579 2625 nis
624 2566 897 2638 particeps
934 2562 1060 2629 erit,
1107 2558 1470 2627 humanisque
1518 2556 1719 2611 serviet
1763 2554 2058 2620 mandatis,

489 2658 766 2716 obnoxius
796 2654 957 2712 vanis
1001 2649 1578 2713 sermocinationibus,
1624 2646 1855 2717 aliisque
1900 2647 2059 2702 malis

487 2750 765 2814 omnibus,
795 2746 911 2812 irae,
943 2743 1189 2809 mterori,
1234 2740 1600 2797 materialium
1647 2753 1831 2793 rerum
1864 2739 2060 2793 insano

487 2840 684 2906 amori,
725 2839 894 2895 metui
935 2835 1339 2898 scandalorum,
1387 2829 1848 2904 patrimonialium
1893 2829 2062 2884 bono-

486 2947 611 2990 rum
650 2928 1130 2993 sollicitudinibus,
1164 2931 1520 2997 cognatorum
1551 2920 1826 2977 amicitiis.
1855 2918 2057 2974 Eorum

485 3023 673 3094 itaque
701 3021 1037 3078 consortium
1079 3019 1282 3084 devita,
1317 3031 1388 3072 ne
1426 3015 1566 3071 forte
1586 3023 1743 3069 tuam
1774 3012 1832 3067 in
1861 3010 2057 3066 cellula

487 3117 727 3188 quietem
765 3113 1028 3179 adimant,
1060 3118 1114 3167 et
1139 3110 1208 3166 ad
1238 3125 1337 3167 sua
1374 3108 1521 3163 ultro
1549 3107 1797 3176 citroque
1839 3103 2055 3175 negotia

485 3203 807 3278 pertrahant

557 3297 613 3353 5.
656 3293 716 3351 Si
746 3308 913 3365 porro
951 3292 1147 3348 cellula
1179 3291 1238 3346 in
1282 3306 1392 3361 qua
1433 3287 1587 3360 degis
1630 3287 2058 3357 circumquaque

488 3400 705 3442 ammna
735 3385 830 3451 sit,
862 3385 986 3455 fuge
1013 3383 1080 3439 ab
1112 3383 1223 3447 illa,
1248 3397 1317 3437 ne
1338 3395 1553 3453 parcas,
1586 3394 1655 3435 ne
1683 3378 1917 3433 fortasse
1937 3377 2057 3446 ejus

489 3494 675 3537 amore
713 3477 1049 3549 pertrahare.
1092 3474 1237 3529 Nihil
1279 3488 1390 3529 non
1436 3487 1555 3543 age,
1587 3471 1727 3526 nihil
1773 3484 1885 3525 non
1926 3484 2056 3540 ope-

482 3586 627 3637 rare,
680 3579 740 3627 ut
779 3568 958 3641 possis
1005 3566 1203 3639 quietae
1245 3572 1301 3621 et
1336 3563 1638 3635 tranquillae
1681 3563 1808 3618 vita:
1835 3575 2051 3625 vacare,

480 3670 645 3732 atque
673 3674 890 3725 curare,
913 3668 973 3714 ut
989 3658 1147 3728 juxta
1166 3654 1264 3711 Dei
1286 3654 1617 3710 voluntatem
1639 3652 1826 3723 degas,
1853 3657 1908 3706 et
1927 3666 2051 3706 eum

480 3752 852 3810 invisibilibus
894 3748 1131 3806 inimicis
1168 3761 1396 3819 pugnes.
1430 3744 1490 3801 Si
1533 3760 1642 3801 non
1675 3752 1828 3815 potes
1855 3744 1909 3799 in
1942 3744 2051 3799 tuis

484 3843 735 3913 partibus
771 3840 1066 3911 tranquille
1087 3844 1142 3894 et
1187 3839 1370 3909 quiete
1399 3836 1617 3908 degere,
1653 3835 1892 3895 transfer
1924 3851 2050 3906 pro-

472 3933 719 4004 positum
747 3939 902 3986 tuum
928 3929 998 3985 ad
1026 3928 1475 3998 hospitalitatem,
1508 3925 1564 3980 in
1588 3940 1823 3995 eamque
1843 3926 2051 3995 cogita-

470 4025 654 4080 tiones
678 4032 802 4078 tuas
827 4021 1227 4093 quamprimum
1247 4032 1469 4089 repone.
1494 4015 1625 4073 Esto
1652 4017 1803 4072 velut
1826 4016 2047 4087 quidam

471 4119 714 4190 optimus
757 4114 1080 4186 negotiator,
1122 4113 1216 4182 qui
1249 4111 1432 4167 omnia
1482 4108 1552 4168 ad
1593 4108 1836 4179 quietam
1878 4107 2046 4163 vitam

468 4207 670 4279 probat
697 4213 753 4262 et
778 4205 1025 4271 ordinat;
1064 4212 1120 4259 et
1157 4216 1280 4274 qua:
1307 4199 1601 4270 tranquilla
1629 4205 1684 4254 et
1721 4198 1879 4254 utilia
1916 4204 2048 4254 sunt

473 4297 762 4369 perquirit.
787 4296 1052 4352 Caeterum
1089 4295 1213 4351 dico
1250 4293 1372 4357 tibi,
1400 4290 1823 4362 hospitalitatem
1856 4289 2041 4362 dilige,

470 4405 598 4446 nam
631 4390 827 4445 liberat
861 4397 915 4445 te
957 4404 988 4443 a
1031 4387 1254 4443 casibus
1296 4388 1353 4441 in
1396 4385 1620 4457 regione
1660 4389 1754 4440 tua
1784 4384 2044 4441 obvenire

2174 1920 2370 1993 ρανῶν.
2403 1922 2516 1992 Τῆς
2558 1923 2750 1976 ἑαυτοῦ
2784 1923 3050 1992 ὠφελείας
3079 1926 3308 1980 πάντοτε
3339 1928 3592 1999 φρόντιζε
3614 1969 3630 1993 ,
3658 1930 3747 1984 καὶ

2169 2012 2261 2066 τὸν
2312 2014 2410 2083 τῆς
2444 2015 2677 2084 ἡσυχίας
2723 2014 3008 2087 περιποιοῦ
3053 2017 3277 2086 τρόπον.
3323 2017 3414 2089 Μὴ
3457 2020 3745 2093 ἀγαπήσῃς

2169 2102 2385 2172 οἰκῆσαι
2421 2104 2559 2173 μετὰ
2585 2104 2885 2175 ἀνθρώπων
2910 2105 3110 2160 ὑλικῶν
3141 2108 3233 2161 καὶ
3259 2109 3740 2179 ἐμπερισπάστων’

2168 2193 2203 2265 ἢ
2242 2194 2400 2265 μόνος
2424 2194 2583 2255 οἴκει,
2617 2195 2649 2266 ἢ
2682 2196 2821 2266 μετὰ
2851 2197 3151 2271 ἀνθρώπων
3179 2199 3357 2252 ἁΰλων
3386 2201 3480 2253 καὶ
3512 2200 3746 2272 ὁμοφρά-

2168 2299 2274 2337 νων
2298 2300 2312 2313 ο
2337 2286 2366 2338 ὁ
2393 2284 2504 2357 γὰρ
2544 2285 2683 2356 μετά
2726 2285 3027 2358 ἀνθρώπων
3055 2288 3253 2342 ὑλικῶν
3280 2290 3374 2343 καὶ
3404 2291 3744 2362 ὲμπερισπά-

2169 2391 2309 2428 στων
2325 2375 2513 2443 οίκῶν,
2538 2377 2756 2441 πάντως
2782 2380 3100 2452 κοινωνήσει
3134 2381 3228 2434 καὶ
3260 2382 3421 2451 αὑτὸς
3448 2384 3517 2454 τῇ
3543 2383 3743 2439 τούτων

2166 2472 2515 2542 περιστάσει,
2554 2472 2646 2525 καὶ
2695 2471 2970 2528 δουλεύσει
3014 2475 3380 2545 ἀνθρωπίναις
3433 2477 3741 2545 ἐπιταγαῖς,

2164 2560 2376 2627 λαλιαῖς
2410 2580 2470 2615 τε
2508 2564 2799 2634 ματαίαις,
2848 2567 2944 2620 καὶ
2983 2569 3094 2631 τοῖς
3118 2567 3298 2633 ἄλλοις
3331 2568 3503 2622 ἅπασι
3530 2569 3738 2633 δεινοῖς,

2163 2652 2322 2724 ὀργῇ,
2349 2652 2515 2726 λύπῃ,
2548 2655 2715 2726 μανίᾳ
2739 2655 2848 2711 τῶν
2883 2658 3043 2724 ὑλῶν,
3078 2659 3227 2730 φόϐῳ
3254 2659 3361 2714 τῶν
3404 2660 3737 2725 σκανδάλων,

2163 2747 2406 2813 γονικαῖς
2440 2748 2752 2818 μερίμναις,
2785 2754 3132 2819 συγγενικαϊς
3174 2751 3397 2821 φιλίαις.
3442 2753 3605 2806 Ἀλλὰ
3631 2752 3737 2826 γὰρ

2163 2836 2262 2907 τῆς
2291 2837 2428 2910 πρὸς
2465 2839 2687 2904 τούτους
2729 2844 3018 2913 συντυχίας
3060 2845 3330 2918 παραιτοῦ
3355 2886 3370 2913 ,
3424 2847 3636 2919 μήποτέ
3679 2863 3735 2900 σε

2162 2928 2468 2983 ἀπολέσωσι
2498 2932 2596 3002 τῆς
2631 2933 2690 2986 ὲν
2721 2933 2797 3006 τῷ
2829 2935 3025 3008 κελλίῳ
3051 2938 3283 3010 ἡσυχίας
3304 2978 3320 3006 ,
3351 2939 3448 2993 καὶ
3478 2939 3611 3012 περὶ
3642 2937 3738 3003 τὰς

2162 3021 2369 3077 ἑαυτῶν
2397 3023 2743 3096 περιστάσεις
2764 3027 3060 3099 ἀγάγωσιν.

2226 3288 2281 3344 5.
2321 3287 2447 3343 Ἐὰν
2474 3288 2533 3343 δὲ
2564 3289 2659 3342 καὶ
2689 3288 2750 3342 τὸ
2783 3287 2991 3342 κελλίον
3022 3290 3080 3343 ὲν
3108 3281 3152 3357 ᾧ
3182 3288 3388 3362 καθέζῃ
3415 3289 3733 3364 εὐπερίστα-

2153 3397 2245 3435 τον
2273 3376 2329 3455 ᾗ,
2367 3380 2557 3450 φεῦγε,
2592 3381 2684 3434 καί
2712 3379 2877 3433 αὑτοῦ
2921 3379 2997 3453 μὴ
3023 3381 3224 3453 ιφείσῃ,
3258 3380 3332 3453 μὴ
3359 3382 3629 3454 ὲλκυσθῇς
3655 3385 3733 3449 εἰς

2152 3471 2373 3543 ἀγάπην
2423 3469 2607 3526 αὐτοῦ.
2649 3471 2836 3525 Πάντα
2864 3471 3046 3535 ποίει,
3081 3472 3259 3525 πάντα
3308 3473 3539 3543 πράττε,
3584 3476 3730 3538 ὅπως

2150 3564 2386 3636 δυνηθῇς
2411 3562 2700 3635 ἡσυχάσαι,
2729 3564 2824 3616 καὶ
2853 3562 3144 3634 σχολάσαι,
3168 3563 3261 3616 καὶ
3305 3561 3606 3617 σπουδάσαι
3649 3579 3733 3633 γεο

2149 3655 2335 3712 νέσθαι
2386 3658 2443 3709 ἐν
2471 3659 2584 3718 τοῖς
2611 3654 2703 3708 τοῦ
2733 3654 2867 3708 Θεοῦ
2904 3654 3201 3726 θελήμασι,
3234 3655 3329 3708 καὶ
3370 3655 3429 3707 ὲν
3467 3658 3536 3726 τῇ
3584 3655 3731 3726 πάλῃ

2148 3748 2256 3802 τῶν
2280 3747 2545 3820 ἀοράτων.
2575 3746 2640 3801 Et
2667 3748 2740 3821 μὴ
2760 3747 2987 3801 δύνασαι
3012 3746 3210 3819 ῥᾳδίως
3236 3746 3509 3817 ἡσυχάσαι
3534 3749 3594 3800 ἐν
3620 3750 3729 3811 τοῖς

2151 3841 2264 3902 σοῖς
2296 3837 2507 3909 μέρεσι,
2538 3837 2627 3901 δός
2660 3854 2752 3892 σου
2779 3839 2870 3891 ἐπὶ
2897 3835 3157 3902 ξενιτείαν
3180 3836 3282 3908 ,τὴν
3311 3837 3568 3908 πρόθεσιν
3588 3878 3602 3902 ,
3636 3836 3729 3891 καὶ

2149 3930 2240 3984 ἐπὶ
2251 3930 2452 4002 ταύτην
2463 3929 2802 3985 κατάσπευδέ
2828 3946 2920 3984 σου
2945 3929 3035 3984 τὸν
3054 3930 3311 4001 λογισμόν
3335 3946 3350 3961 ο
3379 3930 3664 4002 γενοῦκαθ
3674 3931 3729 3986 ἀν

2149 4041 2256 4096 περ
2306 4041 2394 4089 τις
2444 4023 2874 4094 πραγματευτὴς
2936 4023 3184 4094 ἄριστος,
3229 4021 3297 4076 τὰ
3351 4022 3528 4076 πάντα
3586 4023 3725 4093 πρὸς

2143 4116 2373 4190 ἡσυχίαν
2415 4114 2722 4187 δοκιμάζων
2743 4153 2758 4178 ,
2789 4116 2883 4168 καὶ
2908 4120 2977 4168 τά
3010 4114 3146 4187 πρὸς
3174 4113 3377 4185 ταύτην
3403 4114 3585 4185 ἥσυχα
3628 4114 3723 4167 καὶ

2144 4212 2408 4282 χρήσιμα.
2445 4208 2594 4280 Πλὴν
2642 4206 2784 4276 λέγω
2826 4223 2947 4272 σοι,
2982 4204 3244 4274 ξενιτείαν
3287 4204 3478 4274 ἀγάπα
3501 4222 3516 4237 ·
3547 4204 3722 4259 ἀπαλ-

2142 4302 2324 4357 λάττει
2373 4301 2480 4373 γάρ
2522 4317 2583 4361 σε
2624 4298 2732 4353 τῶν
2766 4296 2907 4351 κατά
2936 4297 3034 4369 τὴν
3072 4298 3205 4352 ἰδίαν
3246 4298 3431 4370 χώραν
3455 4296 3721 4371 περιστάο

2143 4409 2314 4457 σεων,
2363 4391 2459 4445 καὶ
2501 4392 2600 4462 τῆς
2635 4389 2777 4445 κατά
2814 4389 2914 4462 τὴν
2960 4390 3188 4463 ἡσυχίαν
3236 4388 3507 4458 ὠφελείας
3560 4389 3721 4461 μόνον

467 4482 669 4547 solitis,
698 4480 905 4551 tibique
935 4486 1158 4554 praestat
1192 4485 1251 4534 ut
1276 4478 1478 4550 quieta:
1520 4486 1575 4534 et
1612 4478 1924 4549 tranquillae
1955 4478 2036 4533 vi-

2167 4481 2433 4538 ιπολαὺειν
2467 4485 2628 4537 ποιεῖ.
2665 4481 2776 4546 Τάς
2806 4483 2863 4536 ὲν
2892 4482 3045 4535 πόλει
3076 4480 3358 4553 διατριϐὰς
3385 4480 3590 4550 φεῦγε,
3625 4478 3720 4533 καὶ

467 4581 535 4629 tte
553 4573 789 4629 utilitate
814 4570 1115 4643 perfruare.
1146 4568 1297 4640 Fuge
1326 4586 1509 4627 moras
1539 4572 1597 4627 in
1625 4571 1868 4639 civitate,
1894 4578 1950 4628 et
1980 4572 2035 4628 in

2172 4594 2200 4630 ν
2239 4576 2432 4649 ἐρήμῳ
2463 4574 2822 4647 καρτερησον,
2869 4574 2919 4627 εί
2967 4573 3190 4628 δυνατὸν
3222 4572 3283 4626 τὸ
3323 4571 3577 4627 καθόλου.
3622 4571 3717 4635 El;

462 4680 653 4722 eremo
689 4679 1000 4737 persevera,
1035 4665 1082 4721 si
1112 4664 1230 4721 ﬂeri
1263 4664 1490 4720 omnino
1512 4664 1713 4735 possit.
1746 4662 1807 4719 In
1847 4663 2037 4720 urbem

2167 4668 2292 4723 ιόλιν
2329 4668 2405 4741 μὴ
2443 4669 2797 4740 ἅπαντήσῃςο
2839 4665 2991 4720 οὐδὲν
3033 4665 3141 4737 γὰρ
3190 4664 3525 4737 εὔχρηστον,
3563 4664 3720 4719 οὐδὲν

464 4769 534 4811 ne
567 4753 831 4827 accedas:
866 4753 1005 4810 nihil
1035 4754 1182 4810 enim
1221 4754 1375 4819 utile,
1408 4754 1551 4809 nihil
1589 4760 1687 4810 tuo
1726 4755 1850 4810 vitae
1887 4754 2039 4811 insti-

2167 4760 2407 4833 ›φέλιμον
2436 4762 2502 4831 τῇ
2533 4759 2779 4832 πολιτείᾳ
2810 4776 2904 4812 σου
2939 4759 3058 4812 ἐκεῖ
3088 4756 3278 4831 θεάσῃ.
3306 4758 3399 4828 Μὴ
3437 4756 3717 4831 δειλιάσῃς

463 4853 583 4901 tuto
612 4843 958 4901 fructuosum
998 4845 1113 4901 illic
1150 4845 1474 4918 conspicias.
1520 4844 1605 4902 :Ne
1627 4844 1826 4902 timeas
1859 4861 2039 4917 neque

2167 4869 2266 4926 ιχον
2293 4852 2492 4916 αὑτῶν,
2531 4851 2566 4923 ἢ
2595 4850 2836 4923 πτοηθῇς
2859 4867 2874 4881 °
2912 4849 3048 4922 μηδὲ
3092 4849 3383 4921 domum:
3408 4848 3470 4901 τδ
3499 4848 3719 4904 (ι’τάδιω

461 4938 724 4995 formidas
756 4953 946 4995 earum
989 4955 1172 4997 rerum
1215 4939 1479 5006 sonitum,
1505 4955 1682 5011 neque
1715 4938 1967 5013 aufugies
2003 4954 2036 4994 a

2167 4946 2233 5015 ἧς
2261 4944 2362 5017 σῆς
2388 4942 2681 5012 ὠφελείας.
2718 4940 2961 5011 Ἀφόϐως
3000 4939 3314 5011 ὑπόμεινον,
3345 4937 3442 4994 καὶ
3470 4939 3596 5009 ὕψει
3619 4937 3715 4994 τοῦ

461 5029 642 5084 stadio
679 5030 933 5087 utilitatis
967 5039 1093 5086 tuae.
1123 5030 1346 5102 Absque
1386 5031 1587 5086 timore
1613 5029 1847 5099 sustine,
1871 5036 1927 5085 et
1954 5031 2034 5091 Vi-

2167 5035 2269 5090 lsoii
2305 5033 2373 5089 τά
2394 5034 2664 5107 μεγαλεῖα
2681 5073 2698 5101 ,
2723 5032 2823 5106 τὴν
2854 5030 3024 5104 ἀλλην
3054 5031 3272 5091 ἃπασαν
3306 5030 3401 5087 ἐπὶ
3435 5029 3717 5104 σωτηρίαν

458 5120 616 5179 dehis
644 5120 742 5179 Dei
765 5123 1217 5194 magnitudinem,
1243 5122 1428 5179 omnia
1446 5122 1659 5180 scilicet
1691 5122 1799 5177 alia
1837 5122 2034 5179 salutis

2167 5127 2523 5201 ςληροφορίαν.
3282 5128 3287 5133 ⁷

457 5217 622 5291 signa
644 5226 700 5275 et
736 5218 1225 5276 manifestationes.

525 5311 583 5366 4.
617 5311 841 5367 Amicos
882 5310 931 5366 si
959 5311 1152 5378 habes,
1181 5309 1307 5383 fuge
1332 5325 1522 5368 eorum
1555 5310 1869 5382 frequentes
1896 5323 2032 5365 con-

2198 5311 2253 5365 4.
2297 5309 2423 5365 Ἐὰν
2457 5306 2645 5378 φίλους
2677 5306 2807 5380 ἔχῃς
2829 5345 2846 5373 ,
2880 5306 3047 5377 φεῦγε
3095 5305 3299 5368 τούτων
3330 5304 3432 5369 τὰς
3464 5309 3714 5379 συνεχεῖς

455 5400 857 5473 tabulationes;
886 5405 934 5461 si
961 5406 1106 5462 enim
1134 5421 1359 5478 perraro
1381 5408 1696 5477 colloquare
1715 5421 1841 5461 cum
1868 5405 2027 5475 ipsis,

2167 5401 2416 5473 υντυχίας
2434 5418 2447 5432 ο
2477 5397 2566 5455 διὰ
2608 5396 2818 5470 μακροῦ
2851 5395 2962 5469 γὰρ
2987 5397 3172 5460 αὐτοῖς
3210 5395 3602 5466 συντυγχάνων
3628 5395 3713 5448 εὑ-

452 5504 644 5567 gratus
670 5497 784 5555 Deo
810 5501 941 5556 eris.
968 5500 1126 5567 Quod
1153 5501 1200 5557 si
1225 5500 1649 5573 deprehenderis
1675 5516 1775 5572 per
1806 5515 1905 5556 eos
1928 5498 2028 5555 tibi

2167 5498 2381 5569 ἀριστος
2407 5494 2526 5567 ἔσῃ.
2566 5493 2693 5549 Ἐὰν
2722 5493 2780 5549 δὲ
2815 5491 3158 5564 κατανοήσῃς
3180 5487 3270 5547 διὰ
3287 5487 3496 5542 τούτων
3527 5486 3711 5542 αὐτῶν

454 5590 713 5645 damnum
739 5591 1020 5658 obvenire,
1049 5608 1120 5650 ne
1145 5609 1374 5663 prorsus
1402 5593 1633 5649 accedas
1661 5593 1729 5648 ad
1754 5593 1898 5649 illos.
1922 5591 2029 5648 Par

2167 5588 2330 5662 λάϐην
2360 5604 2441 5642 σοι
2471 5585 2783 5657 γινομένην,
2815 5582 3059 5655 μηδόλως
3092 5582 3320 5653 ὲγγίσῃς
3342 5597 3356 5612 ·
3386 5579 3580 5650 φίλους
3598 5579 3708 5652 γὰρ

452 5679 768 5751 ιιιιὶρροιοει
801 5684 1007 5740 amicos
1030 5693 1086 5741 te
1115 5686 1317 5741 habere
1354 5687 1449 5756 qui
1488 5694 1585 5742 tuo
1617 5687 1745 5743 vitae
1770 5685 2025 5742 instituto

2167 5700 2269 5759 (ειν
2302 5698 2362 5735 σε
2393 5680 2501 5753 χρὴ
2531 5679 2662 5743 τοὺς
2689 5675 2998 5748 ὠφελίμους
3022 5674 3117 5730 καὶ⁵
3154 5670 3707 5755 συλλαμϐανομένους

453 5769 618 5829 utiles
653 5787 715 5829 ac
758 5773 927 5833 dediti
955 5775 1086 5834 sint.
1122 5777 1270 5849 Fuge
1308 5779 1666 5852 malignorum
1700 5787 1755 5837 et
1796 5784 2021 5836 conten-

2167 5778 2192 5847 ᾗ
2224 5776 2291 5845 σῇ
2320 5769 2582 5841 πολιτείᾳ.
2610 5767 2781 5839 Φεῦγε
2811 5765 2922 5822 τῶν
2948 5763 3200 5838 πονηρῶν
3224 5759 3437 5834 ἀνδρῶν
3466 5760 3569 5816 καί
3597 5775 3707 5835 μα·
