3868 6206
160 253 278 311 8.59

1333 262 1669 322 EPISTOLA
1705 266 1727 321 l
1765 265 1858 322 AD
1893 265 2285 327 CASTOREM.

3305 283 3445 343 ποι

158 375 351 447 κίμων
391 374 492 447 τὴν
541 377 856 449 συντυχίανο
907 380 1097 453 μηδενὶ
1144 381 1347 436 τούτων
1378 385 1730 458 συνοικήσῃς⁴

1845 386 2110 443 tiosorum
2162 390 2404 446 virorum
2457 390 2813 464 colloquium,
2849 408 2976 451 cum
3022 395 3240 455 nemine
3290 399 3415 456 illo-

159 466 308 521 ἀλλὰ
346 466 456 541 γὰρ
495 468 589 521 καὶ
627 468 728 533 τάς
760 469 972 539 φαύλας
1004 471 1183 527 αὐτῶν
1226 475 1512 547 προθέσεις
1544 496 1744 550 παραι-

158 556 282 612 τοῦ.
318 559 544 631 Ἄνδρες
572 560 836 632 εἰρηνικοὶ
859 562 1098 633 ἀδελφοὶ,
1126 567 1220 620 καὶ
1250 570 1609 639 πνευματικοὶ
1639 588 1745 625 πα-

155 648 329 721 τέρες
353 650 532 720 ἅγιοι,
579 651 820 707 εστωσαν
853 653 994 724 φίλοι
1034 673 1132 711 σοι.
1170 656 1262 731 Μὴ
1295 660 1431 729 μετὰ
1460 678 1741 733 περισπω-

162 740 351 811 μένων
380 742 720 807 συναυλίζου,
750 745 883 817 μηδὲ
913 748 1212 818 συμπόσιον
1239 749 1368 821 ἔχῃς
1395 754 1511 822 μετ’
1541 753 1741 808 αὐτῶνο

164 831 384 901 μήποτέ
436 849 495 885 σε
529 833 656 905 περὶ
688 834 786 898 τὰς
832 837 1038 890 ἑαυτῶν
1065 838 1278 903 ἀπάτας
1312 839 1600 907 έλκύσωσι,
1648 845 1742 899 καὶ

156 922 263 991 τῆς
298 923 439 978 κατὰ
470 924 568 993 τὴν
599 927 828 997 ἡσυχίαν
855 929 1163 1001 ἐπιστήμης
1190 932 1577 1001 άπαγάγωσιν.-
1612 937 1739 991 Ἐὰν

154 1010 220 1064 δέ
246 1029 334 1076 τις
360 1013 469 1068 τῶν
495 1016 635 1069 κατὰ
664 1017 762 1089 τὴν
794 1019 1014 1091 ἀγάπην
1045 1020 1137 1073 τοῦ
1163 1021 1297 1076 Θεοῦ
1332 1025 1737 1096 πορευομένων,

157 1101 337 1156 ἐλθὼν
365 1105 502 1175 πρὸς
533 1107 611 1172 σὲ,
648 1109 740 1161 ἐπὶ
766 1109 826 1162 τὸ
851 1112 1043 1179 φαγεῖν
1075 1114 1511 1187 προσκαλέσηται
1540 1134 1621 1180 σε,
1646 1118 1741 1172 καὶ

157 1191 328 1266 θέλῃς
361 1196 623 1265 ὑπάγειν,
661 1199 838 1268 ὕπαγε
884 1204 981 1272 μὲν
1006 1243 1021 1268 ,
1058 1204 1243 1275 τάχιον
1270 1206 1327 1259 δὲ
1353 1208 1410 1260 ἐν
1433 1206 1513 1278 τῷ
1545 1207 1741 1281 κελλίῳ

160 1299 260 1338 σου
309 1286 635 1358 ὑπόστρεφε.
665 1291 728 1343 El
757 1291 1006 1356 δυνατὸν,
1058 1296 1216 1360 ἐκτὸς
1263 1297 1358 1351 τοῦ
1399 1299 1613 1355 κελλίου
1644 1320 1738 1357 σου

169 1372 248 1444 μὴ
290 1375 557 1447 κοιμηθῇς
598 1376 702 1443 ἔξω
727 1394 741 1409 ·
776 1381 862 1434 ἵνα
899 1382 987 1436 διὰ
1022 1385 1224 1449 παντός
1257 1403 1337 1440 σοι
1386 1391 1676 1462 παραμένῃ
1705 1394 1739 1464 ἡ

164 1464 274 1534 τῆς
321 1467 549 1538 ἡσυχίας
599 1472 792 1543 χάρις,
841 1475 935 1528 καὶ
976 1475 1078 1546 τῆς
1124 1478 1183 1530 ἐν
1246 1479 1383 1552 αὐτῇ
1431 1482 1739 1552 προθέσεως

163 1555 559 1647 ἀνεμπόδιστον
585 1561 726 1629 ἕξεις
745 1564 842 1636 τὴν
869 1564 1140 1639 λατρείαν.
1169 1570 1260 1642 Μὴ
1286 1561 1436 1639 γίνου
1467 1574 1739 1647 ἐπιθυμη-

156 1646 261 1739 τὴς
307 1647 610 1721 βρωμάτων
659 1655 874 1710 καλῶνο
923 1659 956 1729 ἡ
1008 1659 1118 1732 γὰρ
1185 1663 1515 1718 σπαταλῶσα
1568 1646 1736 1739 ψυχὴ,

1843 493 1965 533 rum
2010 479 2242 547 habites,
2274 481 2385 538 imo
2412 497 2577 554 prava
2614 484 2829 542 illorum
2863 490 3144 560 proposita
3190 505 3407 547 recusa.

1842 566 2063 626 Fratres
2103 573 2196 641 qui
2228 572 2353 630 sint.
2368 574 2602 645 pacifici,
2632 583 2687 633 et
2731 579 3045 649 spirituales
3093 582 3270 637 sancti
3305 581 3412 638 Pa-

1842 669 1977 728 tres,
2006 664 2165 719 amici
2196 665 2296 721 tibi
2338 667 2470 723 sint.
2500 667 2578 725 Ne
2619 684 2745 725 cum
2777 670 3057 729 distractis
3096 674 3228 729 viris
3253 674 3411 730 habi-

1840 756 1946 817 tes,
1974 768 2152 824 neque
2178 769 2303 811 cum
2352 757 2421 813 iis
2468 772 2578 813 una
2619 761 2939 828 convivere;
2985 777 3055 817 ne
3084 772 3138 819 te
3164 762 3302 819 forte
3341 766 3410 821 ad

1842 859 1972 902 suas
2005 844 2224 903 fraudes
2252 849 2587 918 pertrahant,
2619 859 2674 908 et
2700 867 2732 905 a
2762 853 2993 908 scientia
3026 868 3145 923 quae
3171 855 3408 925 quietam

1842 942 2053 1005 spectat
2085 936 2248 992 vitam
2283 939 2575 996 abducant.
2622 939 2779 1008 Quod
2826 943 2874 999 si
2918 943 3043 1014 quis
3095 958 3283 999 eorum
3315 946 3411 1016 qui

1843 1027 2143 1083 secundum
2194 1028 2516 1087 cbaritatem
2564 1032 2657 1087 Dei
2710 1033 2992 1101 incedunt,
3025 1041 3078 1090 te
3107 1034 3298 1091 adiens
3341 1037 3412 1091 ad

1840 1121 2236 1179 comedendum
2270 1124 2483 1188 invitet,
2518 1126 2563 1181 si
2593 1125 2775 1181 lubeat
2806 1127 2977 1193 abire,
3009 1128 3134 1196 abi;
3181 1129 3276 1184 sed
3300 1131 3412 1185 cito

1840 1212 1907 1267 ad
1931 1214 2121 1270 cellam
2149 1215 2382 1286 remigra
2413 1226 2582 1271 tuam.
2611 1214 2670 1273 Si
2698 1218 2813 1272 fieri
2838 1227 3039 1288 potest,
3070 1235 3139 1274 ne
3170 1219 3412 1276 dormias

1839 1311 1992 1360 extra
2021 1306 2214 1363 cellam
2249 1315 2435 1376 tuam,
2469 1316 2530 1363 ut
2571 1323 2786 1381 semper
2816 1311 2960 1381 apud
3004 1319 3056 1366 te
3095 1318 3412 1382 permaneat

1840 1398 2037 1469 quietae
2071 1401 2196 1455 vitae
2224 1401 2418 1471 gratia,
2459 1415 2524 1456 ac
2567 1401 2688 1457 sine
2719 1402 2878 1458 obice
2908 1418 3038 1475 erga
3069 1403 3410 1474 propositum

1840 1489 2241 1558 hujuscemodi,
2273 1492 2481 1548 cultum
2519 1500 2675 1548 tuum
2707 1493 3007 1564 impendes.
3050 1492 3129 1550 Ne
3159 1501 3279 1551 esto
3306 1508 3410 1550 cu-

1839 1582 2000 1652 pidus
2036 1583 2167 1638 lauti
2203 1583 2333 1655 cibi;
2367 1601 2492 1642 nam
2524 1603 2645 1659 qua:
2666 1586 2953 1642 deliciatur
2981 1586 3183 1650 anima,
3218 1586 3409 1644 vivens

1841 1681 2054 1728 mortua
2083 1681 2185 1730 est.
2210 1672 2289 1730 Ne
2309 1676 2477 1732 variis
2504 1677 2641 1732 cibis
2668 1684 2912 1733 ventrem
2948 1686 3099 1731 tuum
3122 1675 3287 1748 309
3304 1676 3409 1730 im-

156 1736 316 1802 ζῶσα
346 1741 604 1839 τέθνηκε.
640 1747 731 1818 Μὴ
775 1749 1045 1822 χορτάσῃς
1087 1752 1187 1823 τὴν
1226 1754 1433 1808 κοιλίαν
1475 1773 1566 1810 σου

1839 1763 1990 1834 pleas
2010 1782 2025 1832 ;
2042 1781 2111 1821 ne
2129 1772 2182 1821 te
2200 1782 2389 1822 eorum
2408 1768 2605 1839 cupido
2624 1768 2837 1833 subeat,
2855 1775 2909 1823 et
2932 1774 3086 1822 tuum
3103 1782 3233 1838 erga
3252 1781 3396 1822 men-

160 1845 311 1899 ματα
339 1830 592 1905 διάφορα,
617 1836 703 1889 ἵνα
732 1839 805 1909 μὴ
835 1840 998 1905 πόθος
1022 1858 1103 1896 σοι
1128 1843 1331 1899 τούτων
1359 1846 1606 1919 γένηται,
1638 1850 1735 1903 καὶ

156 1922 289 2014 περὶ
317 1923 595 1996 τραπέζης
616 1929 887 2001 ἐμποιήσῃ
918 1947 999 1985 σοι
1032 1933 1124 1988 τὸν
1158 1935 1339 1989 πόθον.
1372 1938 1598 2010 Εἴρηται
1625 1944 1734 2014 γὰρ

161 2012 239 2083 μὴ
280 2014 587 2070 ἀπατᾶσθαι
629 2020 890 2093 χορτασίᾳ
929 2023 1155 2090 κοιλίας.
1203 2027 1326 2081 Ἐάν
1367 2027 1423 2081 δὲ
1466 2031 1560 2084 καὶ
1614 2012 1737 2086 συν-

156 2102 299 2174 εχῶς
325 2102 430 2170 ἔξω
454 2107 545 2160 τοῦ
572 2110 778 2164 κελλίου
807 2130 902 2167 σου
945 2115 1113 2190 θεάσῃ
1148 2118 1370 2187 σεαυτὸν
1402 2120 1737 2191 προσκαλού-

159 2211 344 2265 μενον,
364 2200 650 2268 παραιτοῦ.
680 2204 864 2258 Ἔστιν
892 2206 1181 2278 ἐπιζήμιος
1205 2210 1238 2280 ή
1263 2209 1367 2274 ἔξω
1394 2210 1489 2264 τοῦ
1523 2211 1733 2266 κελλίου

162 2300 260 2337 σου
304 2288 533 2361 συνεχὴς
562 2290 810 2373 διατριϐὴ
830 2336 844 2360 ,
877 2297 1190 2370 ἀφαιρεῖται
1215 2300 1314 2372 τὴν
1341 2300 1521 2373 χάριν,
1554 2303 1735 2357 σκοτί-

156 2374 242 2440 Cet
263 2377 327 2431 τὸ
360 2372 633 2452 φρόνημα,
669 2386 920 2457 μαραίνει
946 2389 1035 2443 τὸν
1065 2388 1248 2444 πόθον.

1836 1866 1950 1907 sam
1985 1854 2283 1924 appetitum
2309 1856 2629 1912 inflammes.
2656 1857 2868 1913 Dictum
2894 1872 3131 1928 namque
3158 1864 3264 1923 est,
3294 1871 3407 1913 non

1834 1954 2087 2015 oportere
2115 1947 2227 2002 falli
2250 1949 2536 2006 saturitate
2562 1949 2790 2007 ventris.
2822 1948 2978 2017 Quod
3008 1949 3056 2006 si
3084 1955 3137 2004 te
3159 1948 3409 2019 frequen-

1837 2045 1920 2092 ter
1943 2047 2095 2093 extra
2129 2040 2323 2095 cellam
2359 2048 2508 2096 tuam
2549 2041 2737 2098 videas
2769 2042 3009 2107 invitari,
3039 2042 3237 2098 abnue.
3268 2039 3406 2098 Nam

1839 2126 2095 2199 frequens
2133 2138 2288 2185 extra
2336 2132 2528 2188 cellam
2562 2139 2714 2188 tuam
2752 2148 2905 2188 mora
2942 2133 3271 2189 detrimento
3307 2132 3407 2190 tibi

1836 2228 1942 2286 est,
1987 2223 2185 2293 quippe
2229 2238 2351 2294 quae
2392 2224 2620 2295 gratiam
2660 2224 2893 2296 auferat,
2944 2242 3170 2285 sensum
3206 2227 3408 2283 obscu-

1833 2321 1939 2379 ret,
1969 2327 2207 2369 amorem
2236 2316 2537 2371 marcidum
2562 2316 2772 2392 reddat.

922 2643 993 2700 IN
1031 2644 1236 2702 BINAS
1273 2644 1366 2702 AD
1402 2646 1776 2706 CASTOREM
1811 2649 2193 2707 EPISTOLAS
2229 2648 2632 2707 ADMONlTIO.

233 2774 447 2833 Nouum
477 2779 562 2834 hic
612 2792 875 2851 comparet
909 2786 1189 2850 commenti
1220 2803 1405 2857 genus,
1444 2785 1635 2842 Lector
1669 2787 1906 2843 benevole
1927 2803 1947 2840 :
1970 2804 2035 2844 en
2066 2786 2164 2843 tibi
2202 2786 2455 2844 Instituta
2487 2787 2736 2847 Cassiani
2774 2786 2954 2843 Gram
2972 2805 3143 2854 uersa,
3164 2789 3220 2844 in
3255 2804 3402 2844 com-

160 2871 409 2942 pendium
438 2874 675 2940 redacta,
714 2878 1093 2949 A'tltanasiique
1108 2880 1317 2935 nomine
1340 2882 1662 2951 conscripta.
1701 2879 1854 2947 Quod
1885 2897 2013 2948 opus
2047 2897 2158 2936 esse
2186 2880 2394 2936 videtur
2426 2879 2657 2936 (ἔναταιὶ
2685 2880 2965 2953 cujusdam
2994 2880 3185 2937 Latine
3219 2882 3398 2952 periti,

156 2966 248 3035 qui
287 2982 406 3021 eum
435 2969 491 3021 in
519 2967 772 3025 lnstituta
805 2970 1057 3027 Cassiani
1089 2973 1385 3040 incidisset,
1417 2988 1591 3043 operte
1621 2974 1848 3045 pretium
1888 2973 2042 3028 duxit
2074 2972 2253 3028 Graece
2292 2973 2393 3028 illa
2436 2974 2795 3042 interpretari,
2835 2984 3135 3045 quanquam
3172 2972 3402 3043 fortasse

156 3063 385 3131 potuerit
402 3077 466 3116 ea:
496 3065 713 3134 antiquo
742 3064 990 3120 Cassiani
1022 3065 1205 3121 Crasso
1228 3076 1396 3134 textu,
1432 3083 1523 3121 seu
1547 3065 1735 3121 Graeca
1764 3068 2017 3127 versione,
2046 3064 2141 3121 hoc
2160 3067 2333 3135 ipsum
2355 3066 2668 3136 opusculum
2689 3074 2983 3122 contexere.
3019 3064 3164 3121 Nam
3189 3073 3402 3120 exstant

153 3154 212 3206 in
256 3155 486 3223 antiquis
518 3152 717 3208 ercis
755 3155 1018 3210 codicibus
1049 3156 1219 3210 multa
1251 3172 1317 3211 ea:
1361 3156 1611 3212 Cassiani
1638 3155 2092 3222 Institutianibus,
2118 3172 2342 3225 quarum
2383 3154 2527 3209 haud
2556 3154 2714 3210 semel
2741 3156 2855 3210 loca
2889 3155 3185 3224 aﬂ'eruntur
3221 3155 3399 3212 Grece

155 3262 191 3301 ι
219 3248 537 3318 quibusdam
564 3250 933 3319 scriptoribus,
953 3268 1001 3306 υ.
1029 3269 1081 3323 g.
1115 3269 1147 3305 a
1174 3251 1432 3307 Climaco.
1457 3251 1713 3306 lnstituta
1749 3250 1913 3321 igitur
1935 3250 2034 3305 illa
2062 3249 2267 3305 exhibet
2299 3251 2382 3304 hic
2420 3252 2665 3320 scriptor,
2690 3267 2793 3305 non
2817 3250 3022 3322 quidem
3057 3251 3281 3322 integra,
3305 3252 3400 3307 sed

148 3344 413 3410 excerptis
439 3343 557 3397 hinc
584 3342 706 3397 inde
741 3344 1031 3408 sententiis,
1062 3359 1198 3413 stupe
1225 3344 1386 3398 etiam
1409 3342 1623 3412 integris
1652 3341 1911 3413 capitibus
1936 3358 1954 3396 :
1980 3351 2229 3412 tantaque
2261 3343 2463 3407 omisit,
2494 3352 2553 3395 ut
2584 3357 2650 3398 ea:
2684 3340 2958 3397 duodecim
2987 3343 3100 3398 illis
3124 3345 3397 3399 instituto-

150 3445 275 3483 rum
298 3431 469 3494 libris,
501 3431 651 3486 binas
691 3435 845 3486 hasce
873 3440 1079 3486 tantum
1130 3432 1710 3503 confecerit-epistolas,
1742 3449 1873 3502 quas
1912 3433 2131 3502 majoris
2161 3433 2631 3489 commendationis
2671 3451 2835 3489 causa
2869 3452 3058 3507 magno
3101 3435 3396 3490 Athanasio

148 3521 422 3588 ascripsit.
452 3520 620 3575 Porro
649 3532 757 3575 tam
781 3524 985 3589 supine,
1022 3531 1131 3577 tam
1184 3523 1395 3577 incaute
1422 3521 1478 3576 id
1523 3521 1781 3592 facinoris
1815 3538 2089 3592 aggressus
2117 3532 2216 3588 est,
2248 3533 2307 3578 ut
2335 3530 2453 3595 qua:
2502 3541 2557 3580 se
2604 3527 2716 3580 suis
2745 3526 2937 3583 vidisse
2964 3529 3131 3585 oculis
3174 3538 3399 3586 testatur

150 3614 470 3680 Cassianus,
502 3616 651 3683 longe
681 3614 879 3669 scilicet
907 3622 1022 3678 post
1051 3614 1336 3669 Athanasii
1364 3618 1573 3670 nitatem
1601 3621 1740 3677 acta,
1772 3629 1836 3669 ea
1877 3616 1985 3683 ipse
2017 3615 2374 3671 Athanasium
2403 3628 2708 3672 narrantem
2733 3635 2796 3673 ac
2828 3636 2879 3674 se
2900 3620 3090 3676 vidisse
3117 3630 3395 3677 testantem

149 3720 511 3777 reprazseniet,
544 3718 679 3776 quoa
712 3707 766 3759 in
790 3706 914 3760 aliis
964 3722 1167 3777 quoque
1204 3706 1470 3761 nonnullis
1499 3709 1697 3777 spnriis
1732 3706 1975 3777 operibus
2000 3707 2424 3763 animadversum
2469 3718 2567 3765 est.
2598 3710 2791 3766 Castor
2816 3722 2992 3767 autem
3018 3713 3109 3768 ille
3139 3714 3229 3768 cui
3260 3728 3399 3768 nun-

151 3806 421 3865 cupantur
441 3789 689 3849 liistituta
721 3792 994 3858 Cassiani,
1048 3795 1298 3866 cujusque
1338 3811 1525 3850 nomen
1554 3795 1654 3851 huc
1679 3786 2001 3851 translatum
2035 3805 2135 3864 est,
2178 3798 2447 3868 episcopus
2477 3809 2595 3855 erat
2632 3801 2900 3871 Aptensis.
2925 3801 3042 3858 Has
3061 3818 3218 3874 porro
3245 3804 3395 3861 nobis

150 3880 326 3950 Roma
357 3888 698 3943 transmisere
725 3887 919 3958 fratres
956 3887 1147 3941 nostri.

154 4116 303 4177 ΤΟΥ
341 4113 592 4169 ΑΥΤΟΥ
650 4110 1007 4164 ΜΕΓΛΛΟΥ
1056 4111 1482 4166 ΑΘΑΝΑΣΙΟΥ
1530 4112 1728 4168 ΠΡΟΣ

1835 4108 2172 4169 EIUSDEM
2227 4096 2485 4165 MAGNI‘
2518 4109 2937 4167 ATHANASII
2967 4114 3065 4167 Αο
3104 4114 3399 4175 BEATIS-

223 4184 547 4241 ΚΑΣΤΟΡΑ
601 4182 742 4234 TON
779 4178 1329 4235 ΜΑΚΑΡΙΟΤΑῚὈΝ
1368 4183 1545 4237 ΠΕΡΙ
1590 4184 1731 4238 ΊὨΝ

222 4251 657 4311 ΚΑΝΟΝῙΚΩΝ
726 4249 862 4306 ΊὩΝ
922 4250 1321 4306 ΚΟΙΝΟΒΙΩΝ
1377 4252 1723 4308 ΔΙΑΤΥΠΩ-

225 4327 420 4381 rem
443 4323 574 4395 (57).

1889 4180 2141 4239 SlMUIlI
2162 4179 2571 4242 CASTCREH.
2593 4182 2691 4235 DE
2708 4180 3120 4241 CANONICIS
3139 4185 3399 4246 (ΧΕΝΟ-

1903 4250 2194 4309 BIORUM
2240 4251 3002 4310 CONSTITUTIONIBUS.

232 4437 452 4508 Ἐπειδὴ
489 4453 577 4506 μοι
603 4432 959 4506 προσέταξας,
993 4431 1374 4505 μακαριώτατε
1407 4435 1580 4506 πάτερ
1609 4434 1724 4488 Κά-

1895 4433 1947 4488 i.
1987 4431 2098 4504 (58)
2136 4431 2272 4487 Cum
2297 4432 2531 4502 iusseris
2561 4429 2694 4486 mihi
2713 4473 2728 4497 ,
2760 4430 3075 4486 beatissime
3093 4434 3259 4489 Pater
3288 4433 3395 4489 Ca-

146 4546 302 4602 στορ,
336 4529 603 4601 γνωρίσαι
652 4544 733 4580 σοι
776 4525 877 4591 τὰς
902 4525 1191 4590 κανονικὰς
1225 4525 1585 4591 διατυπώσεις
1611 4526 1719 4582 τῶν

143 4622 431 4678 κωνοόίων
468 4620 577 4674 τῶν
623 4618 986 4684 ἀνατολικῶν,
1017 4618 1111 4671 καὶ⁹
1140 4617 1374 4689 μάλιστα
1413 4618 1520 4672 τῶν
1552 4620 1719 4689 Δίγυ-

142 4715 325 4770 satle
346 4754 361 4776 ,
395 4706 469 4768 ὧν
499 4712 772 4782 αὐτόπτης
813 4712 1039 4780 γέγονα’
1070 4711 1219 4776 εἴξας
1244 4710 1355 4780 ἐγὼ
1383 4715 1449 4783 τῇ
1481 4712 1722 4785 ὑμετέρᾳ

144 4806 397 4863 κελεύσει
417 4845 431 4867 ,
462 4802 651 4859 τοῦτον
686 4803 762 4868 ὼς
796 4805 852 4857 ἐν
894 4803 1058 4874 ὀλίγῳ
1086 4803 1178 4857 τὸν
1227 4803 1384 4873 λόγον
1422 4804 1551 4873 ὑμῖν
1611 4806 1724 4858 άπ-

148 4898 372 4955 ἑστειλα
395 4913 409 4927 ·
439 4898 526 4951 ἵνα
570 4896 765 4967 ἔχωσιν
809 4895 1017 4964 ἐφόδιον
1050 4895 1189 4967 πρὸς
1220 4894 1420 4967 ἀρετὴν
1449 4896 1497 4948 oi
1543 4912 1720 4950 συνει-

144 4990 402 5061 λεγμένοι
428 4991 523 5043 σὺν
555 4986 672 5059 Θεῷ
714 4988 771 5041 ὲν
812 4986 889 5058 τῷ
923 4987 1027 5059 νέῳ
1061 5005 1154 5042 σου
1202 4989 1563 5061 μοναστηρίῳ,
1595 4992 1721 5055 τοὺς

146 5082 260 5138 τῶν
290 5083 571 5153 μακαρίων
602 5079 808 5151 ἀνδρῶν
823 5079 1051 5143 κανόνας
1069 5096 1129 5132 τε
1157 5080 1251 5134 καὶ
1278 5079 1489 5143 ἄλλους.
1523 5083 1721 5152 Ἀναγ-

148 5178 306 5230 καῖον
339 5174 517 5228 τοίνυν
556 5173 662 5245 πρὸ
698 5172 915 5226 πάντων
948 5172 1077 5245 περὶ
1111 5175 1418 5245 προσευγῆς
1461 5174 1561 5246 τῆς
1592 5175 1722 5229 πάν-

149 5280 263 5318 των
296 5263 473 5327 αἰτίας
501 5262 607 5315 τῶν
656 5258 876 5330 ἀγαθῶν
912 5259 1294 5330 διηγήσασθαι,
1325 5260 1473 5324 ὅπως
1509 5277 1589 5327 τε,
1623 5259 1719 5313 καὶ

155 5352 299 5426 μετὰ
328 5353 508 5423 πάσης
548 5336 646 5423 τῆς
686 5351 1071 5416 καταστάσεως
1106 5353 1163 5409 ὲν
1192 5351 1304 5414 τοῖς
1330 5350 1471 5403 κατὰ
1498 5348 1596 5422 τὴν
1624 5350 1719 5403 Αί-

150 5458 358 5515 γυπτον
392 5443 624 5515 μάλιστα
663 5443 758 5497 καὶ
781 5441 1024 5514 Θηϐαΐδα
1049 5439 1335 5504 κοινοὸίοις
1369 5438 1573 5512 ταύτην
1599 5438 1718 5493 ἑπι-

226 5599 337 5741 ἱόἾ)
364 5597 443 5652 Ex
472 5597 751 5681 codicibus
772 5596 1243 5667 mss.Altaemps.,
1271 5608 1424 5679 num.
1448 5592 1517 5648 R.
1536 5607 1592 5649 v.
1616 5593 1705 5676 {9.

248 5669 337 5740 58)
371 5669 669 5726 Cassianus
702 5683 760 5723 ιιι
792 5666 1002 5738 praefat.
1038 5666 1107 5723 ad
1151 5665 1407 5724 Instituta
1455 5665 1705 5721 caneban—

248 5665 337 5740 58)
371 5669 669 5726 Cassianus
702 5668 760 5723 in
792 5666 1002 5738 praefat.
1038 5666 1107 5723 ad
1136 5665 1407 5724 'Instituta
1455 5665 1711 5721 canobio—

1828 4530 1963 4585 stor,
2006 4530 2065 4576 ut
2097 4521 2454 4577 Orientalium
2485 4522 2831 4591 maximeque
2867 4520 3246 4592 Egyptiorum
3279 4537 3395 4579 cm-

1824 4612 2134 4678 nobiorum,
2187 4612 2480 4666 canonicos
2537 4612 2638 4666 tibi
2685 4611 3103 4668 constitutiones
3144 4612 3395 4668 declara-

1823 4717 1964 4766 rem,
2017 4715 2156 4772 quas
2193 4702 2331 4757 meis
2357 4700 2472 4771 ipse
2500 4700 2678 4756 oculis
2696 4702 2991 4772 conspexi;
3021 4710 3128 4758 tuae
3154 4703 3394 4775 jussioni

1824 4798 2226 4869 obtemperans,
2274 4797 2389 4852 haec
2438 4811 2612 4867 pauca
2645 4796 2742 4851 tibi
2791 4797 2955 4852 verba
2984 4798 3299 4864 transmisi;
3333 4805 3395 4853 ut

1826 4891 1955 4947 hinc
1980 4892 2237 4947 viaticum
2269 4891 2334 4945 ad
2365 4890 2619 4944 virtutem
2654 4889 2723 4944 iis
2756 4896 3009 4960 suppetat
3046 4891 3140 4960 qui
3170 4891 3228 4945 in
3248 4905 3393 4945 novo

1825 4989 1922 5036 tuo
1950 4985 2303 5044 monasterio,
2336 4979 2447 5034 Deo
2473 4979 2718 5048 juvante,
2751 4979 2926 5034 coacti
2966 4989 3110 5035 sunt.
3148 4980 3393 5049 Itemque

1825 5072 1950 5126 misi
1974 5072 2253 5126 beatorum
2281 5074 2522 5124 virorum
2543 5084 2804 5132 canones,
2831 5076 2887 5124 et
2908 5069 3044 5137 alios
3074 5071 3389 5127 nonnullos.

1823 5160 2058 5218 Necesse
2079 5170 2164 5219 est
2193 5164 2376 5232 itaque
2416 5169 2477 5216 ut
2507 5168 2632 5218 ante
2673 5161 2858 5216 omnia
2889 5161 2957 5217 de
2997 5162 3264 5225 oratione,
3294 5162 3382 5216 bo-

1822 5270 2016 5311 norum
2041 5258 2281 5310 omnium
2307 5270 2494 5320 causa,
2512 5255 2679 5312 verba
2724 5254 2949 5322 faciam;
2978 5254 3254 5324 quomodo
3285 5254 3392 5309 sci-

1819 5347 1966 5411 licet,
2016 5355 2071 5402 et
2112 5361 2277 5418 quam
2327 5347 2535 5416 optimo
2588 5360 2713 5401 cum
2748 5345 2941 5401 ordine
2991 5346 3045 5400 in
3087 5344 3305 5416 Egypti
3336 5351 3391 5400 et

1820 5437 2113 5497 Thebaidis
2163 5438 2432 5495 coenobiis
2469 5454 2590 5494 eam
2635 5438 2966 5510 persolvant.
3002 5437 3114 5511 (39)
3143 5436 3389 5511 Congre-

1813 5609 1931 5650 rum
1957 5590 2027 5647 ad
2059 5591 2353 5652 Castorem.

1889 5662 2277 5750 l39)__Cassian.
2307 5661 2672 5720 Institut.‘lib.
2709 5676 2772 5730 ll,
2807 5676 2858 5720 c.
2897 5663 2948 5720 7.
