3868 6206
504 298 607 359 854

1622 306 1681 363 S.
1714 306 2175 366 ATHANASIUS.
2213 338 2283 348 —
2315 307 2585 367 SPURIA.

3639 310 3746 365 852

507 416 616 489 gati
654 417 856 489 quippe
902 415 1094 476 eodem
1124 419 1181 474 in
1214 418 1356 487 loco,
1381 427 1624 492 tempore
1651 421 1892 494 synaxis,
1923 428 2076 492 post-

2183 420 2408 475 τελοῦσι.
2440 421 2824 492 Συναγομένων
2856 419 2964 490 γὰρ
2994 419 3171 474 αὐτῶν
3200 418 3295 473 ἐπὶ
3335 419 3397 474 τὸ
3425 419 3561 476 αὐτὸ
3603 423 3747 479 κατὰ

507 523 671 579 quam
721 509 1006 567 absolutus
1034 517 1119 566 est
1157 511 1422 583 psalmus,
1453 528 1565 569 non
1601 512 1787 573 statim
1809 512 1875 568 ad
1905 528 2075 583 genu-

507 600 793 657 flexionem
837 603 1097 670 veniunt;
1136 603 1230 660 sed
1254 604 1575 676 priusquam
1623 604 1799 679 genua
1832 603 2074 670 flectant,

510 689 729 744 modico
784 696 1027 762 tempore
1078 699 1285 750 stantes
1312 694 1570 764 expansis
1599 695 1854 750 manibus
1884 702 2076 762 orant;

509 788 701 850 postea
751 782 904 838 humi
956 785 1239 856 prostrati,
1285 794 1340 843 et
1382 786 1526 841 facta
1549 788 1696 844 brevi
1733 789 1877 847 inter
1906 804 2079 859 genu-

508 872 838 929 flectendum
854 878 1119 943 oratione,
1150 894 1257 933 una
1286 887 1720 951 surguntomnes
1737 896 1751 932 :
1771 896 1835 936 ac
1860 897 2079 936 rursum

508 966 767 1034 expansis
790 968 1039 1024 manibus
1061 970 1266 1026 diutius
1295 981 1455 1043 atque
1484 971 1780 1029 ferventius
1807 975 2082 1045 supplica-

508 1054 688 1111 tiones
708 1058 1042 1127 persolvunt,
1058 1061 1271 1117 nemine
1284 1063 1692 1134 genuflectente,
1719 1073 1811 1121 aut
1834 1081 1897 1122 ex
1913 1081 2082 1137 genu-

511 1143 742 1204 ﬁexione
756 1164 877 1204 sese
893 1150 1156 1221 erigente,
1175 1151 1345 1209 donec
1362 1154 1410 1210 is
1431 1154 1524 1226 qui
1554 1156 1852 1211 orationem
1866 1158 2078 1223 recitat,

506 1238 666 1307 prior
679 1240 1024 1309 genuflexerit
1046 1249 1139 1297 aut
1161 1245 1309 1314 prior
1330 1246 1631 1301 surrexerit
1648 1245 1778 1319 (40).
1798 1245 1964 1302 Prout
1982 1249 2082 1302 ita-

509 1345 616 1400 que
630 1329 833 1388 dictum
852 1342 952 1399 est,
969 1349 1090 1390 cum
1113 1337 1376 1406 ejusmodi
1401 1342 1683 1411 synaxium
1706 1355 1869 1396 causa
1886 1357 2083 1398 conve-

509 1422 686 1488 niunt,
705 1430 913 1481 tantum
952 1428 1021 1484 ab
1048 1430 1302 1487 omnibus
1335 1438 1585 1488 servatur
1604 1432 1901 1497 silentium,
1932 1440 1993 1487 ut
2025 1433 2082 1487 in

511 1522 665 1569 tanto
689 1522 742 1571 et
758 1532 895 1587 pene
914 1518 1294 1577 innumerabili
1316 1530 1480 1587 coetu,
1502 1523 1771 1579 neminem
1791 1523 1983 1579 adesse
2000 1525 2082 1578 vi-

511 1604 736 1675 deatur;
770 1609 1155 1679 potissimuum
1183 1628 1314 1669 vero
1348 1625 1587 1686 tempore
1622 1616 2082 1686 orationum,quo

512 1712 688 1778 neque
707 1710 924 1769 sputum
941 1703 1226 1771 emittitur,
1242 1721 1418 1777 neque
1439 1707 1608 1764 tussis
1625 1708 1872 1763 auditur:
1889 1724 1999 1764 non
2016 1707 2083 1762 il-

2173 510 2266 564 τὸν
2296 511 2485 583 καιρὸν
2514 512 2613 582 τῆς
2640 510 2940 576 συνάξεως,
2971 509 3132 582 ἡνίκα
3158 509 3413 581 τελειωθῇ
3447 511 3478 564 ὁ
3508 511 3749 582 ψαλμδς,

2174 602 2234 654 ού
2258 602 2598 674 παραχρῆμα
2626 601 2762 673 πρὸς
2789 600 3132 671 γονυκλισίαν
3163 600 3423 672 ὁρμῶσιν,
3445 602 3587 656 ἀλλά
3618 604 3752 676 πρὶν

2175 691 2209 763 ἦ
2235 691 2304 746 τὰ
2335 693 2535 762 γόνατα
2561 692 2797 764 κάμψαι,
2834 691 2969 762 πρὸς
2991 690 3170 760 ὀλίγον
3204 693 3500 764 ἱστάμενοι,
3524 695 3625 747 καὶ
3652 693 3752 760 τὰς

2177 787 2363 856 χεῖρας
2419 784 2780 855 ὲκτεταμένας
2823 783 3068 853 ἔχοντες,
3112 781 3391 853 εὔχονται·
3455 785 3551 838 καὶ
3616 786 3753 857 μετὰ

2175 874 2349 928 ταῦτα
2381 876 2553 947 χαμαὶ
2583 874 3013 946 προσπίπτοντες
3037 911 3051 937 ,
3090 874 3184 926 καὶ
3212 875 3347 947 πρὸς
3374 875 3557 945 ὀλίγον
3588 878 3754 930 πάλιν

2178 969 2236 1023 ὲν
2267 970 2332 1040 τῇ
2357 969 2671 1041 γονυκλισίᾳ
2701 967 2981 1039 εὐχόμενοι
3006 968 3225 1033 πάντες,
3254 971 3310 1021 ὲν
3341 968 3419 1039 τῷ
3452 969 3573 1040 ἅμα
3606 969 3753 1039 ἐγεί-

2181 1077 2365 1133 ρονται
2385 1078 2399 1091 ο
2427 1062 2521 1115 καὶ
2548 1061 2709 1116 πάλιν
2743 1062 2842 1127 τὰς
2867 1065 3055 1135 χεῖρας
3093 1061 3513 1126 διαπετάσαντες
3532 1104 3548 1127 ,
3596 1065 3755 1115 ὲκτε-

2179 1152 2430 1223 νέστερον
2461 1155 2557 1207 καὶ
2599 1154 3000 1225 ἐπιτεταμένως
3024 1153 3121 1217 τὰς
3156 1153 3362 1216 ἱκεσίας
3402 1152 3759 1224 ἀποπληροῦ-

2182 1260 2267 1297 σιν
2289 1285 2304 1311 ,
2338 1243 2552 1307 οὐδενὸς
2583 1242 2709 1312 γόνυ
2743 1242 3044 1311 κλίνοντος,
3075 1245 3109 1315 ἢ
3156 1245 3219 1297 ὲκ
3262 1242 3361 1312 τῆς
3404 1243 3754 1310 γονυκλισίας

2180 1335 2561 1407 ἀνισταμένου,
2581 1336 2686 1399 ἕως
2711 1335 2778 1390 ἂν
2808 1336 2837 1388 ὁ
2859 1336 3025 1390 ποιῶν
3050 1336 3231 1399 αὐτοῖς
3255 1335 3353 1406 τὴν
3376 1335 3564 1406 εὐχὴν,
3598 1335 3755 1406 κλίνῃ

2181 1427 2417 1499 πρῶτος,
2444 1426 2477 1499 ἢ
2502 1428 2709 1499 ἀναστῇ
2737 1427 2969 1500 πρῶτος.
3001 1426 3160 1481 Καθά
3181 1427 3359 1480 τοίνυν
3391 1425 3634 1498 εἴρηται,
3666 1427 3755 1481 ὅτε

2180 1519 2281 1583 τὰς
2320 1518 2724 1591 προειρημένας
2753 1517 3000 1585 συνάξεις
3040 1519 3349 1573 ἐπιτελέσαι
3377 1519 3751 1591 συνέρχονται,

2183 1609 2361 1681 σιωπὴ
2389 1609 2622 1680 τοσαύτη
2653 1606 2949 1681 παρέχεται
2981 1609 3087 1663 ὑπὸ
3120 1610 3356 1674 πάντων,
3390 1609 3464 1672 ὡς
3497 1608 3759 1679 νομισθῆ-

2183 1718 2271 1756 ναι
2313 1700 2515 1773 μηδένα
2556 1699 2840 1772 ἄνθρωπον
2884 1702 2944 1756 ἐν
2984 1702 3051 1772 τῇ
3094 1699 3327 1772 τοσαύτῃ
3372 1698 3479 1753 τῶν
3511 1697 3755 1767 ἀδελφῶν

511 1785 584 1840 lic
598 1774 829 1858 pigritia:
839 1790 1076 1862 signum,
1090 1808 1198 1849 non
1210 1774 1543 1864 dormitatio,
1557 1812 1667 1853 non
1682 1799 1955 1862 oscitatio,
1970 1813 2079 1853 non

2183 1791 2536 1864 ἀναριθμήτῳ
2561 1790 2760 1864 πληθύῖ
2784 1794 3054 1864 παρεῖναι,
3076 1789 3367 1863 ἐξαιρέτως
3390 1792 3447 1843 ὲν
3466 1789 3546 1860 τῷ
3576 1787 3754 1860 καιρῷ

511 1882 744 1949 gemitus
773 1895 897 1936 cum
920 1898 1056 1940 sono
1085 1886 1401 1943 audiuntur.
1429 1886 1566 1944 Eum
1587 1905 1822 1961 namque
1850 1891 1942 1960 qui
1968 1904 2082 1961 prae

511 1985 721 2028 nausea
765 1981 820 2031 et
861 1977 1031 2032 animi
1087 1979 1316 2036 mollitie
1362 1995 1487 2035 cum
1532 1980 1770 2038 clamore
1800 1990 2077 2052 precatur,

512 2060 667 2116 aiunt
716 2061 1005 2133 dupliciter
1056 2082 1323 2138 peccare;
1378 2069 1588 2139 primo,
1641 2070 1790 2141 quod
1845 2072 2082 2142 segniter

512 2160 668 2223 oret;
729 2157 991 2224 secundo,
1026 2160 1172 2230 quod
1209 2160 1619 2231 indisciplinata
1645 2162 1738 2218 illa
1765 2178 1917 2229 voce,
1952 2177 2081 2233 pro-

510 2245 645 2300 ximi
701 2261 864 2305 aures
902 2250 1190 2316 obtundat,
1235 2267 1301 2308 ac
1326 2261 1561 2309 mentem
1590 2254 1859 2311 distrahat
1885 2275 1898 2310 :
1923 2256 2080 2311 inva-

516 2336 774 2397 dentibus
805 2357 915 2396 una
960 2343 1214 2415 malignis
1246 2344 1551 2415 spiritibus,
1603 2346 1848 2417 quicum
1882 2363 1983 2402 nos
2005 2346 2083 2402 vi-

513 2428 694 2484 derint
734 2430 793 2486 in
820 2433 1066 2489 oratione
1109 2441 1351 2502 stantes,
1390 2437 1768 2494 indecentibus
1800 2454 1902 2496 nos
1932 2439 2079 2511 cogi-

508 2520 827 2590 tationibus,
869 2532 923 2580 et
944 2542 1150 2583 nausea
1178 2535 1342 2598 atque
1367 2528 1587 2583 fastidio
1609 2530 1843 2584 animam
1882 2545 2077 2601 aggra-

509 2620 662 2669 vant.
687 2613 799 2685 (4t)
827 2613 960 2682 Qua:
996 2633 1167 2675 causa
1211 2626 1297 2675 est
1319 2627 1377 2675 ut
1405 2620 1671 2691 psalmos,
1704 2636 1815 2676 non
1838 2636 1963 2677 cum
1987 2628 2078 2676 tu-

508 2704 685 2759 multu
719 2712 774 2761 et
815 2708 1225 2777 perturbatione
1273 2711 1585 2767 festinando
1611 2712 1873 2780 recitent;
1905 2727 2081 2783 neque

508 2810 769 2852 versuum
825 2799 1195 2866 multitudine,
1242 2802 1338 2858 sed
1384 2803 1585 2859 mentis
1643 2801 2081 2858 consideratione

509 2888 884 2956 oblectentur;
924 2906 988 2946 ea
1019 2892 1232 2947 scilicet
1263 2892 1592 2965 cogitatione
1617 2894 1669 2950 ei
1716 2893 2080 2964 obsequentes

509 2978 606 3047 qui
626 2979 734 3034 ait:
761 2996 781 3029 ι
813 2977 1050 3035 Psallam
1100 2982 1319 3053 spiritu,
1367 2984 1596 3053 psallam
1629 2990 1684 3040 et
1729 2992 1912 3041 mente
1932 2986 2014 3040 ²³ι
2053 3004 2074 3038 ι

510 3067 623 3121 rati
657 3067 846 3123 utilius
868 3084 992 3125 esse
1019 3070 1206 3126 decem
1235 3088 1429 3129 versus
1460 3089 1586 3129 cum
1614 3076 1915 3131 attentione
1936 3076 2081 3146 psal-
2105 3109 2149 3168 ο

512 3156 661 3223 lere,
713 3173 879 3229 quam
942 3168 1116 3218 totum
1186 3164 1507 3236 psalterium
1571 3181 1695 3223 cum
1759 3166 2081 3225 confusione

511 3249 734 3307 mentis.

586 3517 750 3589 310
770 3518 824 3574 2-
852 3518 968 3593 (ιῖ)
990 3521 1284 3593 completis
1311 3525 1537 3595 psalmis
1556 3534 1610 3583 et
1624 3541 1852 3593 canone,
1885 3531 1962 3584 uti
1990 3547 2083 3588 su-

513 3611 702 3680 perius
746 3614 1191 3681 memoravimus,
1248 3632 1409 3674 nemo
1430 3616 1662 3674 fratrum
1699 3620 1786 3676 vel
1813 3621 2085 3676 tantillum

515 3705 780 3775 temporis
807 3721 931 3761 cum
966 3708 1073 3763 alio
1094 3718 1244 3766 stare
1265 3718 1360 3765 aut
1374 3711 1537 3766 verba
1560 3710 1740 3768 facere
1761 3713 1957 3769 audet:
1988 3715 2085 3771 sed

513 3810 695 3867 neque
750 3798 888 3854 cella
933 3800 1140 3870 egredi,
1167 3809 1260 3856 aut
1290 3818 1429 3873 opus
1462 3803 1712 3860 deserere
1737 3821 1919 3871 suum,
1940 3807 2084 3878 quod

512 3903 628 3959 pra:
681 3889 937 3947 manibus
990 3899 1210 3960 tractat,
1271 3894 1427 3965 juxta
1456 3896 1830 3966 Apostolicum
1884 3913 2087 3967 praece-

513 3990 702 4052 ptum;
738 3982 847 4039 nisi
904 3985 1206 4042 necessarii
1256 3986 1543 4056 cujusdam
1574 3989 1755 4059 operis
1797 3990 2087 4047 occasione

513 4088 707 4130 omnes
727 4090 834 4130 una
862 4078 1156 4133 convenire
1169 4085 1417 4148 oporteat
1449 4097 1461 4133 :
1493 4080 1700 4150 egressi
1734 4088 1913 4135 autem
1947 4096 2087 4151 opus

514 4179 676 4219 suum
709 4175 1119 4236 exsequuntur;
1152 4168 1228 4222 ita
1253 4176 1315 4223 ut
1346 4184 1418 4224 ne
1445 4169 1670 4222 minima
1704 4168 1923 4239 quidem
1946 4170 2087 4226 inter

512 4267 610 4307 eos
638 4252 709 4307 sit
741 4253 1132 4320 confabulatio,
1168 4256 1260 4312 sed
1291 4257 1490 4327 singuli
1517 4257 1857 4313 meditationi
1890 4260 2085 4315 mentis

514 4352 711 4399 vacent
732 4354 786 4403 et
815 4347 1047 4415 psalmo,
1070 4354 1124 4402 et
1151 4347 1297 4418 quod
1326 4348 1430 4404 sibi
1450 4348 1666 4418 jussum
1688 4356 1771 4404 est
1804 4350 2080 4419 impleant.

2179 1883 2286 1938 τῶν
2316 1882 2632 1956 προσευχῶν
2650 1923 2666 1949 ,
2696 1883 2785 1936 ὅτε
2810 1881 2933 1936 οὕτε
2962 1881 3187 1954 τπύσμα
3215 1880 3597 1953 προσέρχεται,
3631 1877 3753 1932 οὔτε

2181 1974 2281 2046 βὴξ
2310 1977 2520 2046 ἠχεῖται
2539 2014 2554 2040 ,
2581 1974 2681 2028 οὐκ
2712 1974 2910 2046 ἀκηδία
2932 2014 2948 2039 ,
2978 1973 3039 2028 οὐ
3081 1971 3419 2043 νυσταγμὸς,
3452 1971 3514 2023 ού
3541 1969 3753 2040 χάσμα,

2179 2066 2240 2120 οὐ
2278 2065 2575 2137 στεναγμοὶ
2609 2065 2726 2137 μετ’
2781 2066 2912 2137 ῇχου
2942 2064 3374 2136 άναπέμπονται.
3405 2062 3511 2115 Τὸν
3552 2061 3665 2133 γὰρ
3699 2060 3753 2112 ὲν

2179 2157 2465 2230 χαυνότητι
2503 2157 2739 2223 διανοίας
2783 2158 2922 2231 μετὰ
2962 2156 3213 2230 κραυγῆς
3255 2154 3354 2219 τὰς
3380 2152 3546 2225 εὐχάς
3575 2153 3754 2206 ἐπιτε-

2179 2248 2393 2314 λοῦντα,
2419 2247 2629 2321 δισσῶς
2645 2248 2978 2321 ἁμαρτάνειν
3009 2247 3225 2316 λέγουσι
3253 2262 3267 2277 ·
3299 2244 3515 2319 πρῶτον
3551 2242 3651 2313 μὲν
3681 2241 3755 2306 ὡς

2182 2339 2438 2413 ῥᾳθύμως
2478 2320 2805 2412 εὐχόμενον,
2854 2339 3102 2410 δεύτερον
3149 2338 3206 2392 δὲ
3241 2337 3316 2401 ὡς
3347 2334 3658 2404 ἀπαιδεύτῳ
3685 2334 3751 2402 τῇ

2180 2434 2331 2503 φωνῇ
2360 2431 2460 2503 τὴν
2501 2431 2596 2486 τοῦ
2638 2430 2866 2503 πλησίον
2909 2430 3077 2503 ἀκοὴν
3134 2425 3609 2491 κατακτυποῦντα,
3660 2424 3755 2478 καὶ

2177 2521 2597 2587 διασκεδάζοντα
2644 2522 2745 2594 τὴν
2792 2521 3030 2576 διάνοιαν
3055 2560 3071 2585 ,
3119 2517 3616 2588 συνεπιτιθεμένων
3660 2512 3754 2569 καὶ

2176 2612 2285 2667 τῶν
2310 2613 2559 2686 πονηρῶν
2588 2614 2914 2685 πνευμάτων
2932 2655 2948 2681 ,
2980 2614 3052 2679 οἳ,
3082 2611 3269 2681 ἐπειδὴ
3297 2611 3363 2665 ἂν
3394 2609 3580 2663 ἴδωσιν
3607 2609 3754 2679 ἡμᾶς

2178 2704 2258 2766 είς
2303 2702 2998 2775 προσευχὴνθίσταμένους,
3049 2701 3326 2772 λογισμοῖς
3353 2699 3628 2772 ἀπρεπέσι
3660 2696 3753 2753 καὶ

2178 2782 2503 2864 ἀκηδίᾳτὴν
2528 2793 2706 2864 ψυχὴν
2729 2791 3187 2865 καταδαρύνουσι.
3224 2791 3335 2846 Καὶ⁵
3367 2790 3561 2844 τούτου
3594 2790 3750 2861 χάριν

2177 2881 2305 2945 τοὺς
2350 2879 2600 2951 ψαλμοὺς
2643 2881 2705 2934 οὐ
2754 2881 2892 2952 μετὰ
2930 2879 3159 2954 θορύϐου
3188 2881 3283 2933 καὶ
3314 2880 3559 2951 ταραχῆς
3591 2878 3751 2932 σπεύ-

2177 2973 2357 3028 δουσιν
2403 2972 2642 3029 ἐκτελεῖν
2660 3014 2676 3040 ,
2721 2973 2843 3028 οὐδὲ
2871 2972 2950 3045 τῷ
2980 2972 3175 3045 πλήθει
3215 2972 3325 3026 τῶν
3357 2970 3558 3043 στίχων
3577 3012 3593 3036 ,
3623 2968 3752 3025 ἀλλὰ

2179 3066 2245 3137 τῇ
2273 3066 2373 3137 τῆς
2400 3064 2637 3129 διανοίας
2668 3067 2850 3137 νοήσει
2881 3065 3279 3137 εὐφραίνονται,
3325 3063 3519 3133 ἐκείνῳ
3546 3060 3628 3132 τῷ
3666 3061 3750 3114 λο-

2180 3154 2365 3226 γισμῷ
2407 3154 2935 3220 κατακολουθοῦντες
2969 3154 3048 3226 τῷ
3089 3154 3387 3225 φάσκοντι·
3419 3171 3438 3204 ι
3476 3151 3649 3206 Ψαλῶ
3680 3151 3748 3222 τῷ

2181 3246 2491 3319 πνεύματι,
2531 3245 2684 3317 ψαλῶ
2717 3246 2814 3301 καὶ
2859 3246 2938 3318 τῷ
2972 3246 3083 3300 νοΐ·
3128 3264 3148 3298 ι
3186 3242 3609 3316 ὡφελιμώτερον
3648 3241 3751 3311 γὰρ

2181 3338 2365 3411 ἔχουσι
2406 3340 2467 3394 τὸ
2508 3340 2639 3395 δέκα
2691 3340 2904 3412 στίχους
2940 3338 3080 3411 μετὰ
3123 3338 3388 3402 συνέσεως
3437 3335 3681 3407 ψάλλειν,
3716 3334 3746 3404 ἢ

2181 3431 2302 3487 ὅλον
2332 3431 2393 3485 τδ
2418 3432 2715 3505 ψαλτήριον
2751 3431 2889 3504 μετὰ
2917 3430 3229 3502 συγχύσεως
3258 3429 3521 3495 διανοίας.
3560 3448 3563 3453 ·

2252 3525 2309 3580 2.
2341 3523 2744 3579 Τελειωθέντων
2772 3523 2828 3578 δὲ
2857 3523 2966 3578 τῶν
2996 3523 3227 3595 ψαλμῶν
3259 3523 3356 3577 καὶ
3382 3521 3481 3578 τοῦ
3511 3523 3746 3588 κανόνος,

2184 3615 2357 3681 οὕτως
2418 3616 2494 3681 ὡς
2553 3616 2809 3689 ἀνωτέρω
2859 3615 3373 3688 ἐμνημονεύσαμεν,
3422 3615 3604 3680 οὐδεὶς
3648 3614 3749 3669 τῶν

2186 3706 2429 3778 ἀδελφῶν
2474 3706 2576 3762 κᾶν
2619 3706 2755 3778 πρὸς
2799 3705 2979 3774 ὀλίγον
3019 3706 3236 3778 στῆναι,
3281 3705 3316 3777 ἢ
3347 3705 3609 3776 ὁμιλῆσαι
3641 3704 3747 3776 μετ’

2185 3800 2344 3856 ἄλλου
2374 3799 2550 3871 τολμᾷ
2570 3815 2584 3828 ο
2611 3798 2726 3852 ἀλλ’
2754 3797 2876 3851 οὐδὲ
2902 3797 2996 3851 τοῦ
3041 3796 3251 3851 κελλίου
3287 3796 3573 3870 προελθεῖν
3592 3838 3609 3864 ,
3639 3796 3671 3867 ἢ
3694 3794 3748 3848 τὺ

2186 3891 2344 3964 ἔργον
2373 3890 2685 3945 καταλιπεῖν
2706 3932 2720 3957 ,
2746 3891 2775 3944 ὃ
2806 3888 2944 3962 μετά
2981 3893 3168 3962 χεῖρας
3197 3888 3442 3961 ἔχουσιν,
3473 3888 3749 3945 ἀποστολι-

2185 3982 2279 4037 κὸν
2308 3982 2638 4054 πληροῦντες
2664 3980 3054 4053 παράγγελμα,
3082 3982 3130 4033 εί
3165 3982 3237 4052 μή
3263 3980 3365 4033 πού
3396 3997 3461 4050 γε
3491 3981 3653 4052 χρεία
3672 3980 3752 4048 γέ-

2185 4092 2343 4147 νηται
2386 4075 2519 4146 πρὸς
2568 4074 2807 4146 καθῆκόν
2847 4089 2991 4137 τινος
3026 4071 3324 4141 ἀναγκαίου
3363 4071 3525 4143 ἔργου
3554 4074 3750 4134 πάντας

2186 4164 2576 4230 συνεισελθεῖν,
2604 4165 2742 4236 ὅπερ
2784 4162 2926 4217 οὕτω
2968 4162 3105 4233 μετά
3150 4162 3386 4234 σπουδῆς
3416 4163 3513 4216 καὶ⁹
3539 4162 3749 4235 ἐξερχόο

2188 4273 2336 4327 μενοι
2366 4255 2664 4328 πληροῦσιν
2684 4296 2698 4321 ,
2731 4255 2808 4319 ὡς
2837 4254 3106 4327 μηδεμίαν
3162 4254 3379 4325 ὁμιλίαν
3424 4255 3628 4326 μεταξὺ
3655 4255 3747 4308 αύ-

2184 4347 2291 4402 τῶν
2313 4348 2662 4413 ἀνακύπτειν,
2697 4347 2809 4401 ἀλλ’
2837 4346 3064 4401 ἕκαστον
3093 4346 3430 4418 προσέχοντα
3456 4350 3523 4418 τῇ
3562 4347 3750 4419 μελέτῃ

515 4429 708 4503 Magna
750 4449 913 4503 porro
943 4436 1313 4493 sollicitudine
1358 4445 1574 4503 cavent,
1610 4455 1679 4495 ne
1704 4439 1828 4510 quis
1851 4438 2078 4493 fratrum

2183 4439 2282 4509 τῆς
2325 4438 2562 4503 διανοίας
2606 4438 2701 4493 καὶ
2743 4437 2822 4509 τῷ
2857 4436 3088 4509 ψαλμῷ,
3114 4436 3450 4511 πληροῦντες
3472 4439 3535 4492 τὸ
3566 4456 3751 4509 προτε-

512 4538 641 4578 eum
688 4524 798 4579 alio
843 4526 1077 4582 maxime
1105 4526 1311 4582 novitio
1349 4528 1501 4583 solus
1526 4543 1768 4599 unquam
1801 4528 2083 4598 relinqua-

515 4620 626 4677 tur,
659 4621 751 4666 aut
771 4614 1011 4670 extensis
1054 4614 1304 4671 manibus
1337 4615 1572 4686 aliquem
1622 4625 1964 4673 contrectare
1991 4625 2085 4672 aut

515 4705 804 4774 complecti
837 4705 1053 4761 audeat.
1112 4706 1269 4773 Quod
1325 4708 1372 4765 si
1431 4710 1555 4779 quis
1597 4708 1739 4765 hanc
1779 4708 2084 4779 transgredi

514 4795 758 4865 regulam
816 4794 1295 4883 deprehendatur,
1362 4798 1698 4869 gravissimae
1751 4800 2084 4871 correptioni

515 4887 826 4957 subjicitur.

518 5116 525 5123 .
585 5064 639 5119 5.
678 5061 790 5136 (45)
825 5062 902 5119 De
955 5065 1224 5120 canonico
1267 5064 1450 5137 itaque
1482 5080 1653 5133 more,
1706 5067 1819 5122 sive
1858 5081 2080 5137 precum

516 5152 633 5207 sive
659 5152 1018 5222 psalmorum,
1048 5169 1160 5224 quo
1200 5163 1358 5224 pacto
1391 5156 1597 5212 scilicet
1622 5172 1716 5212 eas
1746 5164 1994 5227 oporteat
2021 5158 2077 5211 in

515 5244 729 5301 diurnis
777 5245 1135 5301 conventibus
1168 5246 1466 5313 observari,
1498 5255 1583 5304 sat
1621 5263 1652 5302 a
1681 5248 1965 5318 nobisjam
1996 5248 2078 5303 di-

514 5347 665 5391 ctum
692 5343 799 5393 est.
854 5336 1122 5409 Deinceps
1160 5355 1292 5396 vero
1321 5341 1593 5412 agendum
1619 5341 1778 5399 nobis
1807 5351 1891 5398 est
1917 5341 1985 5398 de
2011 5342 2080 5398 iis

587 5492 635 5525 ³³
673 5491 694 5545 ι
728 5492 854 5549 Cor.
888 5510 1003 5563 xw,
1042 5495 1128 5551 15.

475 5621 487 5683 ί
731 5644 1250 5719 gassian._lnstitut.
1278 5652 1373 5709 lib.
1411 5668 1472 5719 ιι,
1515 5667 1563 5708 c.
1604 5652 1685 5709 10.

585 5644 701 5790 μοὶ
731 5644 975 5726 Cassian.
1011 5646 1063 5703 Ιι

611 5715 673 5772 ﬂ
734 5714 868 5772 Ibid.
896 5732 947 5774 c.
976 5717 1063 5774 H.

2184 4529 2473 4599 ταγμένον.
2497 4529 2723 4602 Μεγάλῃ
2744 4528 2800 4582 δὲ
2823 4529 3026 4601 σπουδῇ
3048 4528 3391 4598 φυλάττουσι,
3415 4531 3490 4601 μή
3512 4548 3598 4595 τις
3622 4530 3748 4601 μετὰ

2185 4620 2368 4684 ἄλλου,
2403 4620 2498 4674 καὶ
2531 4619 2763 4690 μάλιστα
2790 4621 3053 4692 ἀρχαρίου
3075 4662 3089 4686 ,
3122 4621 3422 4693 ἀπολειφθῇ
3458 4621 3572 4676 τῶν
3604 4622 3747 4676 ἀδελ-

2185 4711 2300 4780 φῶν
2331 4711 2547 4777 ἰδιάζων
2581 4710 2683 4765 πού
2728 4729 2857 4766 ποτε
2876 4712 2948 4784 ,ἢ
2978 4711 3076 4776 τὰς
3108 4712 3247 4776 ίδίας
3290 4716 3482 4785 χεῖρας
3512 4715 3747 4776 ἐκτείνας

2183 4801 2425 4874 τολμήσῃ
2455 4805 2746 4874 κατασχεῖν
2778 4804 2812 4874 ἦ
2842 4803 3239 4875 περιπλακῆναι
3268 4804 3459 4877 ἑτέρῳ.
3491 4806 3557 4858 El
3594 4805 3651 4858 δέ
3673 4822 3747 4867 τις

2186 4892 2537 4964 παραϐαίνων
2561 4893 2652 4946 τὸν
2683 4895 2884 4949 κανόνα
2913 4892 3101 4948 τοῦτον
3124 4894 3341 4968 εὑρεθῇ,
3370 4897 3633 4968 ἐπιτιμίῳ
3662 4896 3746 4968 βα-

2189 4983 2400 5053 ρυτάτῳ
2425 4982 2783 5037 ὑποϐάλλεται

2255 5072 2310 5126 5.
2352 5073 2487 5143 Περὶ
2522 5073 2621 5144 μὲν
2652 5069 2746 5127 οὖν
2774 5073 2869 5127 τοῦ
2900 5073 3183 5128 κανονικοῦ
3214 5077 3418 5146 τρόπου
3441 5076 3555 5131 τῶν
3580 5096 3639 5132 τε
3662 5078 3726 5131 εύ

2182 5161 2292 5234 χῶν
2339 5164 2432 5217 καὶ
2460 5163 2567 5218 τῶν
2594 5163 2853 5236 ψαλμῶν,
2887 5165 2945 5230 ὃς
2979 5166 3181 5236 ὀφείλει
3214 5169 3270 5221 ὲν
3299 5170 3420 5232 ταῖς
3451 5168 3716 5242 καθημερι

2183 5258 2303 5320 ναῖς
2327 5257 2561 5322 συνόδοις
2577 5258 2957 5327 φυλάττεσθαι,
2983 5260 3177 5324 ἱκανῶς
3196 5263 3324 5332 ἡμῖν
3335 5261 3572 5334 εἴρηται.
3586 5260 3741 5332 Ὀφείο

2185 5344 2349 5416 λομεν
2379 5345 2436 5399 δὲ
2459 5346 2641 5402 λοιπὸν
2673 5348 2803 5420 περὶ
2838 5347 2947 5402 τῶν
2976 5349 3433 5422 ἀποτασσομένων
3459 5351 3542 5425 τῷ
3564 5352 3737 5425 κόσμν

2259 5646 2370 5718 (42)
2410 5645 2544 5702 lhid.
2579 5647 2748 5703 ο.15.

2263 5717 2374 5784 (63)
2405 5718 2537 5776 Ibid.
2561 5718 2656 5776 lib.
2686 5733 2759 5779 tv.
2791 5731 2844 5775 c.
2870 5717 2920 5771 Ι.
