3856 6206
159 237 270 291 855

1354 231 1695 291 EPISTOLA
1731 234 1752 289 l
1790 232 1882 288 AD
1918 232 2315 291 CASTOREM.

3316 238 3421 296 851

155 345 563 419 διηγήσασθαι,
595 345 736 418 ποίῳ
760 347 947 418 τρόπῳ
989 347 1049 399 ὲν
1080 346 1289 411 τούτοις
1312 351 1426 411 τοῖς
1456 347 1744 411 κοινοϐίοις

1858 350 1938 420 qui
1963 347 2228 404 mundum
2272 344 2612 410 abdicarunt,
2643 358 2751 416 qua
2777 345 2989 403 ratione
3024 344 3082 400 in
3130 344 3282 402 hisce
3312 360 3429 401 cu:-

158 437 535 509 είσέρχονται,
578 437 675 491 καὶ
718 436 1030 508 διαμένουσι
1068 436 1617 511 ταπεινοφρονοῦντες
1651 437 1745 490 καὶ

157 530 600 600 ὑποτασσόμενοι
644 529 749 593 ἓως
778 527 1082 599 βαθυτάτης
1125 528 1335 592 πολιᾶς.
1363 527 1610 602 Τοσαύτη
1637 528 1746 601 γὰρ

160 623 298 694 παρ’
326 624 511 685 αὐτοῖς
538 624 572 694 ἡ
604 622 819 693 ὑπακοὴ
848 622 943 675 καὶ
989 622 1318 685 ταπείνωσις
1363 623 1492 693 ἀχρι
1536 624 1744 692 γήρως,

157 714 261 784 ὅση
307 715 408 766 οὐκ
451 714 519 767 ἂν
556 712 752 785 εὑρεθῇ
796 712 916 765 οὐδὲ
950 711 1093 765 κατὰ
1122 710 1212 764 τὸν
1258 710 1474 783 πρῶτον
1504 711 1748 764 ἐνιαυτὸν

160 808 280 867 τοῖς
298 805 769 875 ἀποτασσομένοις
798 806 856 857 ὲν
883 805 995 866 τοῖς
1020 802 1141 855 καθ’
1168 803 1315 872 ἡμᾶς
1347 801 1745 874 μοναστηρίοις.

158 897 239 949 Οὐ
272 897 541 967 πρότερον
568 894 746 948 τοίνυν
774 893 1091 965 δεχθήσεται
1119 892 1227 946 ἔσω
1256 895 1315 946 ἐν
1358 893 1437 963 τῷ
1486 910 1750 964 μοναστη-

161 988 268 1060 ρίῳ
297 990 327 1039 ὁ
354 986 525 1040 θέλων
551 989 801 1057 μονάσαι,
822 987 952 1057 πρὶν
981 983 1255 1049 ἀπόδειξίν
1282 1001 1403 1038 τινα
1434 985 1528 1037 καὶ
1556 987 1749 1056 πεῖραν

154 1079 256 1135 τοῦ
304 1080 442 1150 πρὸς
480 1079 613 1132 Θεὸν
654 1078 820 1132 πόθου
856 1078 1073 1149 καὶτῆς
1110 1076 1491 1141 ταπεινώσεως
1519 1077 1613 1130 καὶ
1642 1092 1749 1149 μα-

156 1173 471 1244 κροθυμίας
515 1172 602 1225 διά
646 1172 749 1242 τῆς
795 1169 1138 1224 ὲπιπλεῖστον
1182 1170 1429 1241 ὑπακοῆς
1466 1170 1746 1241 παράσχῃ.

155 1265 523 1338 Δοκιμασθεὶς
548 1259 642 1319 οὖν
665 1267 724 1318 ὲν
743 1264 973 1329 τούτοις,
990 1264 1386 1336 εὐπρόσδεκτος
1410 1264 1538 1335 παρ’
1568 1263 1751 1326 αὐτοῖς

154 1358 415 1426 γίνεται,
453 1358 547 1411 καί
589 1356 901 1413 διδάσκεται
953 1357 1052 1428 τῆς
1095 1355 1260 1410 αὑτοῦ
1311 1354 1630 1427 περιουσίας
1676 1351 1750 1425 μὴ

156 1450 306 1521 ἔχειν
334 1467 388 1503 τι
416 1448 913 1522 τεθησαυρισμένον
930 1465 945 1478 ⁸
981 1447 1300 1502 ἐπίστανται
1323 1446 1431 1518 γάρ
1457 1446 1549 1500 τὸν
1572 1461 1751 1516 παρα-

157 1538 474 1611 κρατοῦντά
500 1556 552 1593 τι
572 1537 681 1592 τῶν
714 1538 860 1592 ίδίων
892 1536 968 1610 μὴ
1004 1536 1262 1592 δύνασθαι
1286 1536 1560 1607 διαμένειν
1591 1534 1754 1587 πολυ-

156 1634 379 1704 χρόνιον
412 1634 472 1686 ὲν
509 1634 576 1704 τῇ
601 1631 696 1685 τοῦ
732 1631 1098 1703 μοναστηρίου
1133 1631 1400 1701 ὑποταγῇ,
1436 1630 1529 1682 καὶ
1554 1644 1753 1682 κακου-

158 1729 258 1801 χίᾳ
308 1730 392 1793 είς
436 1727 586 1791 τέλος
629 1728 1001 1799 ἐγκαρτερεῖν.
1067 1725 1263 1780 Ἥνίκα
1305 1724 1413 1796 γὰρ
1462 1723 1749 1795 οίαδήποτε

159 1820 444 1892 πρόφασις
471 1819 505 1890 ἢ
537 1818 714 1888 θλίψις
732 1818 832 1889 τὴν
866 1817 1030 1872 αὐτοῦ
1060 1819 1271 1889 κινήσει
1300 1816 1558 1879 διάνοιαν,
1588 1815 1750 1880 εὐθὺς

160 1914 197 1983 ἡ
223 1909 321 1964 τοῦ
348 1909 711 1981 ἀποκειμένου
742 1908 920 1972 ἐλπὶς,
951 1907 1138 1979 ὥσπερ
1170 1905 1428 1978 σφενδόνη
1462 1904 1629 1970 λίθον,
1657 1903 1750 1958 τοῦ

164 2001 535 2075 μοναστηρίου
581 2000 910 2054 ἐκτινάσσει.
947 2001 1049 2056 Διά
1096 2016 1179 2054 τοι
1206 1996 1366 2052 τοῦτο
1395 1996 1627 2060 ἕκαστος
1656 1996 1754 2049 αύ-

160 2096 272 2150 τῶν
295 2094 598 2166 γυμνοῦται
617 2093 717 2164 τῆς
746 2093 979 2165 ἀρχαίας
1000 2091 1339 2164 περιουσίας,
1363 2090 1437 2154 ὡς
1461 2089 1593 2161 μηδὲ
1622 2089 1752 2141 αὐτὸ

158 2188 226 2241 τὸ
262 2186 471 2257 ἔνδυμα
500 2185 529 2238 ὃ
554 2170 1017 2256 περιϐεϐλῆμένος
1052 2179 1187 2255 ἦλθε
1226 2181 1320 2235 τοῦ
1351 2180 1541 2234 λοιποῦ
1570 2182 1752 2251 φορεῖν

162 2275 592 2348 συγχωρεῖσθαι.
655 2272 814 2327 Ἀλλά
838 2311 852 2338 ,
901 2272 1010 2327 τῶν
1064 2268 1308 2339 ἀδελφῶν
1365 2268 1583 2322 πάντων
1631 2281 1754 2319 συν-

160 2370 446 2443 ηγμένων,
471 2365 763 2438 προαχθεὶς
789 2367 870 2429 εἰς
896 2364 956 2418 τὺ
985 2363 1169 2436 μέσον,
1189 2360 1438 2415 ἐκδύεται
1467 2360 1537 2413 τὰ
1565 2358 1755 2430 ἱμάτια

162 2462 236 2515 τὰ
266 2461 397 2523 ῖδια,
428 2459 523 2512 καὶ
552 2458 641 2512 διὰ
665 2457 774 2511 τῶν
808 2456 1009 2528 χειρῶν
1031 2454 1128 2509 τοῦ
1160 2454 1304 2507 ἀϐϐἄ
1328 2493 1343 2517 ,
1371 2450 1632 2522 ἐνδύμασι
1660 2447 1755 2503 τοῦ

167 2553 539 2626 μοναστηρίου
565 2549 1063 2623 μεταμφιέννυται·
1093 2547 1169 2610 ὡς
1193 2545 1282 2599 διά
1316 2544 1409 2598 τοῦ
1437 2542 1611 2596 τύπου
1635 2541 1760 2596 τού-

162 2662 261 2699 του
318 2644 616 2713 ἐπιγνῶναι
676 2642 873 2706 αύτδν,
916 2642 1032 2705 ὅτι,
1075 2638 1292 2691 πάντων
1335 2635 1445 2689 τῶν
1478 2633 1756 2706 κοσμικῶν

163 2737 514 2812 πραγμάτων
547 2736 643 2789 καὶ
674 2735 772 2805 τῆς
813 2731 1151 2797 ἀλαζονείας,
1187 2730 1283 2783 καὶ
1328 2726 1422 2781 τοῦ
1455 2725 1626 2796 τύφου
1652 2741 1757 2794 γυ-

167 2830 441 2905 μνωθεις,
475 2826 766 2885 ἐνεδύσατο
789 2824 887 2899 τὴν
918 2822 1191 2894 πτωχείαν
1217 2820 1312 2874 τοῦ
1346 2818 1585 2891 Χριστοῦ
1610 2859 1627 2885 ,
1664 2817 1759 2872 καὶ

160 2926 251 2979 ὅτι
279 2920 728 2992 ἀνεπαισχύντως
758 2917 1043 2990 ὲναριθμεῖ
1071 2912 1262 2970 ἑαυτὸν
1281 2955 1295 2970 .
1324 2912 1420 2966 καὶ
1467 2911 1637 2976 ἐξισοῖ
1679 2909 1759 2981 τῷ

165 3014 390 3086 σώματι
415 3015 515 3085 τῆς
554 3012 930 3082 ἀδελφότητος.
968 3009 1047 3063 Th
1082 3009 1140 3062 δὲ
1177 3006 1367 3079 ἱμάτια
1404 3003 1441 3060 ἀ
1465 3000 1757 3063 ἀποδύεται

160 3107 353 3162 λαϐὼν
376 3108 405 3159 ὁ
426 3106 706 3176 οἰκονόμος
732 3105 834 3175 τῆς
863 3102 1028 3174 μονῆς
1055 3100 1333 3170 φυλάττει,
1361 3097 1629 3170 ἀφορίσας
1649 3096 1755 3160 ἕως

160 3201 212 3255 δ’
247 3200 316 3255 ἂν
359 3200 462 3270 τῆς
487 3197 770 3270 προκοπῆς
816 3194 980 3250 αὑτοῦ
1010 3195 1105 3249 καὶ
1137 3193 1235 3264 τῆς
1263 3191 1632 3263 ἀναστροφῆς,
1660 3189 1756 3244 καὶ

163 3292 451 3365 ὑπομονῆς
474 3292 572 3362 τῆς
597 3292 653 3343 ἐν
674 3288 947 3359 διαφόροις
974 3287 1298 3359 πειρασμοῖς
1319 3281 1592 3348 ἀπόδειξιν
1617 3300 1757 3354 παρ-

165 3388 339 3458 άσχῃ.
377 3385 488 3437 Καὶ
516 3385 565 3436 εί
602 3382 701 3452 μὲν
730 3379 966 3453 εὕρωσιν
1022 3377 1186 3431 αὐτὸν
1214 3374 1514 3447 δυνάμενον
1552 3374 1611 3426 ὲν
1634 3373 1758 3427 τού-

163 3494 283 3540 τοις
335 3476 621 3545 καρτερεῖν
646 3511 661 3538 ,
691 3472 785 3526 καὶ
817 3472 876 3524 ὲν
921 3469 1123 3540 σπουδῇ
1152 3468 1299 3539 πάσῃ
1326 3508 1341 3531 ,
1386 3466 1480 3519 καὶ
1508 3464 1756 3537 διαπύρῳ

166 3574 375 3647 θέρμῃ,
462 3569 747 3641 ἐνήρξατο,
781 3564 1103 3637 διαμένοντα
1124 3603 1140 3629 ,
1168 3567 1281 3627 τοῖς
1314 3562 1519 3625 λοιποῖς
1540 3577 1758 3634 συναρι-

167 3665 401 3738 θμοῦσιν
432 3661 709 3732 ἀδελφοῖς·
742 3661 790 3713 εί
810 3658 869 3713 δέ
892 3675 946 3712 τι
1000 3655 1319 3727 γογγυσμοῦ
1369 3654 1678 3725 ἐλάττωμα,
1718 3654 1753 3725 ἢ

168 3756 458 3829 παρακοῆς
486 3754 808 3824 οἱασδήποτε
847 3748 1120 3822 ἁμαρτίαν
1154 3750 1214 3802 ὲν
1272 3745 1421 3818 αὐτῷ
1469 3744 1756 3817 καταμάρ-

171 3850 343 3904 θωσιν
390 3846 455 3921 [1⁵.
485 3841 970 3917 καταμάρῷωσινῂ
1002 3840 1284 3901 ὲκδύοντες
1304 3838 1494 3893 τοῦτον
1526 3837 1668 3910 ἀπερ
1694 3839 1759 3891 ἐκ

168 3943 268 3997 τοῦ
300 3938 660 4013 μοναστηρίου
689 3935 1022 3999 ὲνεδύσαντο,
1046 3934 1141 3988 καὶ
1159 3934 1273 4014 τρῖς
1301 3933 1584 4003 κοσμικοῖς
1608 3928 1759 3984 ἐνδύ-

174 4052 313 4108 μασι
338 4031 498 4087 πάλιν
521 4028 956 4102 περιϐάλλοντες,
974 4024 1319 4080 ἀπωθοῦνται
1346 4023 1439 4077 τοῦ
1466 4020 1755 4076 κοινοϐίου.

183 4128 368 4191 Ὧςὲκ
393 4122 599 4194 ταύτης
624 4120 810 4176 λοιπὸν
856 4122 956 4191 τῆς
984 4117 1271 4189 ἀκριϐείας
1321 4115 1396 4188 μὴ
1430 4112 1651 4185 εὐχερὲς
1683 4107 1759 4166 εἷ-

172 4238 262 4275 ναι
301 4217 382 4290 τῷ
433 4215 739 4288 βουλομένῳ
773 4210 1115 4284 είσέρχεσθαι
1158 4210 1235 4273 ὡς
1280 4207 1528 4279 βούλεται
1562 4207 1595 4278 ἢ
1627 4207 1759 4260 ἀνα-

173 4314 378 4385 χωρεῖν
419 4310 519 4380 τῆς
570 4307 736 4379 μονῆς
758 4347 773 4372 ,
810 4304 945 4359 ἀλλά
999 4302 1090 4358 τὸν
1142 4303 1218 4374 μὴ
1264 4300 1571 4372 ἐμμένοντα
1618 4297 1760 4351 κατά

173 4404 358 4458 πάντα
402 4400 606 4471 τρόπον
650 4399 718 4471 τῇ
768 4395 878 4452 ίδία
921 4393 1183 4467 ὁμολογίᾳ
1238 4390 1624 4464 μετενδύεσθαι
1664 4388 1759 4443 τοῦ
1794 4401 1837 4455 ι)

176 4494 571 4570 μοναστηρίου.

244 4588 303 4643 4.
345 4588 478 4641 Ὅτε
527 4584 707 4637 τοίνυν
761 4583 790 4635 ὁ
849 4578 1163 4650 ὑποδεχθεὶς
1212 4576 1419 4649 ταύτῃ,
1469 4568 1615 4649 ᾗπερ
1669 4575 1762 4627 εί-

174 4682 455 4755 ρήκαμεν,
499 4673 757 4748 ἀκριϐείᾳ
809 4670 1147 4742 δοκιμασθῇ,
1202 4668 1296 4723 καὶ¹
1334 4667 1620 4738 ἄμεμπτος
1673 4665 1763 4719 εὑ-

174 4770 342 4844 ρεθῇ,
382 4767 443 4821 οὐ
482 4765 819 4838 παραχρῆμα
854 4764 920 4834 τῇ
960 4760 1175 4832 συνοδίᾳ
1208 4758 1318 4813 τῶν
1354 4755 1598 4826 ἀδελφῶν
1640 4772 1762 4808 συν-

172 4858 580 4931 αναμίγνυσθαι
639 4855 1030 4930 ἐπιτρέπεται,
1083 4851 1217 4905 ἀλλά
1277 4848 1630 4921 παραδίδοται
1678 4844 1759 4916 τῷ

173 4949 594 5020 ἔστιτεταγμένῳ
618 4947 717 5018 τὴν
748 4943 1006 5017 φροντίδα
1044 4941 1151 4995 τῶν
1189 4939 1385 5006 ξένων,
1425 4938 1518 4990 καὶ
1550 4934 1760 4998 τούτοις

176 5046 364 5099 πᾶσαν
385 5039 702 5110 ἐπιμέλειαν
715 5038 809 5091 καὶ
830 5032 1135 5106 ὑπηρεσίαν
1150 5032 1322 5083 ποιεῖν
1338 5026 1756 5099 προστάσσεται·

176 5138 277 5191 καὶ
304 5135 395 5188 ὅτε
431 5130 721 5201 ὁλόκληρον
765 5125 1010 5182 ἐνιαυτὸν
1044 5121 1350 5194 ἀμέμπτως
1375 5116 1759 5190 ἐξυπηρετήσῃ

175 5232 295 5292 τοῖς
341 5226 550 5293 ξένοις,
590 5220 860 5283 τυπωθεὶς
888 5217 978 5271 διά
1017 5214 1208 5269 τούτου
1256 5212 1393 5283 πρὸς
1432 5208 1760 5263 ταπείνωσιν

178 5320 278 5376 καὶ
305 5312 713 5389 μακροθυμίαν,
751 5308 1162 5380 συναριθμεῖται
1206 5304 1392 5358 λοιπὸν
1438 5304 1507 5373 τῇ
1547 5299 1761 5370 συνοδίᾳ

176 5410 291 5466 τῶν
317 5404 565 5477 ἀδελφῶν
583 5445 599 5473 ,
628 5404 723 5457 καὶ
751 5399 1103 5473 παραδίδοται
1133 5398 1214 5451 ἑνὶ
1242 5394 1351 5449 τῶν
1377 5393 1666 5465 γερόντων,
1702 5389 1760 5452 ὃς

239 5561 369 5631 ’(44)
403 5556 927 5631 Cassian.jnstitut.
961 5554 1051 5610 lib.
1089 5569 1164 5619 ιν,
1191 5565 1242 5606 c.
1272 5549 1326 5605 Ξ.

256 5628 373 5705 με)
402 5629 543 5705 ius.
575 5645 626 5682 ει
654 5629 692 5705 .3.»
722 5640 774 5682 ει
801 5628 855 5681 ι-

259 5698 370 5773 (46)
402 5700 543 5758 Ibid.
569 5716 617 5755 υ.
652 5698 704 5752 5.

1849 440 2031 495 nobiis
2078 438 2476 510 ingrediantur,
2513 436 2570 491 in
2601 435 2818 506 illisque
2840 441 3199 506 permaneant
3232 436 3290 491 in
3320 436 3428 492 hu-

1847 532 2079 585 militate
2123 537 2180 584 et
2215 527 2572 598 obsequentia
2604 541 2780 597 usque
2830 526 2898 579 ad
2920 533 3218 581 extremam
3263 541 3425 583 senc-

1848 631 2073 678 ctutem.
2104 621 2215 693 (44)
2248 620 2422 675 Tanta
2440 622 2639 691 quippe
2665 618 2807 689 apud
2830 618 2952 673 illos
2980 626 3064 673 est
3092 617 3424 682 obedientia,

1849 724 2001 772 tanta
2060 715 2339 770 humilitas
2392 715 2458 769 ad
2506 720 2845 769 senectutem
2873 728 3070 782 usque,
3110 720 3313 782 quanta
3360 726 3429 765 ne

1850 810 2028 880 primo
2051 807 2270 879 quidem
2311 821 2456 861 anno
2488 806 2543 860 in
2564 805 2632 861 iis
2657 805 2748 876 qui
2784 804 3043 859 saeculum
3081 803 3425 864 abdicarunt,

1848 900 1907 956 in
1947 898 2298 955 monasteriis
2345 898 2549 954 nostris
2606 896 2931 968 reperiatur.
2969 895 3080 967 (45)
3122 893 3242 949 Non
3271 894 3427 964 prius

1850 994 2036 1063 itaque
2068 993 2126 1047 in
2173 991 2511 1047 monasterio
2554 989 2863 1045 admittitur
2889 987 2984 1059 qui
3014 986 3131 1041 vult
3158 1001 3282 1041 esse
3308 999 3429 1041 mo-

1850 1086 2082 1149 nachus,
2105 1099 2270 1156 quam
2307 1084 2586 1154 specimen
2618 1092 2672 1139 et
2697 1081 3128 1152 experimentum
3151 1078 3427 1150 quoddam

1851 1176 1937 1230 sui
1958 1190 2089 1247 erga
2117 1173 2287 1230 Deum
2313 1174 2537 1238 amoris,
2561 1173 2885 1230 humilitatis
2910 1187 3024 1228 sua:
3052 1179 3214 1241 atque
3245 1184 3429 1240 aequa-

1850 1269 2119 1325 nimitatis
2163 1283 2261 1339 per
2308 1282 2576 1323 summam
2640 1265 3004 1321 obedientiam
3058 1261 3286 1319 dederit.
3331 1259 3427 1315 His

1851 1361 2034 1432 itaque
2089 1362 2373 1432 probatus,
2412 1366 2475 1413 ut
2536 1356 2906 1413 admittendus
2940 1355 3146 1411 abillis
3196 1353 3428 1408 habetur

1852 1461 2016 1524 atque
2036 1451 2287 1518 docetur,
2319 1467 2390 1507 ne
2418 1450 2715 1522 quidquam
2740 1448 2809 1505 de
2840 1447 2999 1504 bonis
3021 1448 3137 1502 suis
3178 1444 3320 1516 apud
3369 1459 3430 1499 se

1851 1548 2196 1605 reconditum
2248 1553 2533 1601 conservet
2571 1543 2765 1615 :gnari
2816 1542 3029 1598 scilicet
3074 1554 3199 1595 eum
3229 1538 3325 1608 qui
3359 1536 3429 1593 de

1853 1640 2015 1696 bonis
2050 1639 2167 1695 suis
2196 1638 2496 1709 quidquam
2520 1637 2740 1701 retinet,
2780 1649 2892 1689 non
2924 1645 3086 1704 posse
3116 1628 3209 1683 diu
3234 1630 3287 1683 in
3311 1644 3429 1683 mo--

1850 1730 2079 1785 nasterii
2109 1728 2420 1785 obedientia
2461 1741 2803 1798 permanere,
2836 1738 3012 1794 neque
3049 1719 3115 1773 ad
3144 1720 3305 1777 finem
3333 1737 3428 1778 us-

1848 1836 1955 1891 que
1974 1833 2343 1890 perseverare,
2369 1831 2481 1886 prae
2511 1816 2678 1885 animi
2702 1814 2963 1886 languore
2987 1829 3051 1869 ac
3081 1814 3258 1871 taedio.
3289 1812 3425 1867 Cum

1850 1909 2054 1980 quaevis
2080 1909 2229 1964 enim
2257 1906 2486 1961 minima
2517 1904 2737 1960 occasio
2764 1912 2858 1957 aut
2887 1902 3103 1958 amictio
3150 1903 3272 1973 ejus
3317 1915 3433 1955 moh-

1849 2003 1998 2059 vebit
2025 2001 2292 2064 animum,
2323 1998 2510 2054 statim
2529 1996 2797 2053 reconditi
2819 1995 3063 2051 thesauri
3098 2010 3243 2065 spes,
3271 1991 3431 2064 quasi

1852 2093 2022 2150 funda
2048 2091 2307 2163 lapidem,
2344 2089 2678 2145 monasterio
2719 2088 2872 2142 illum
2902 2087 3071 2156 ejicit.
3113 2085 3224 2158 (46)
3248 2083 3431 2151 Quare

1853 2187 2034 2258 quivis
2067 2185 2285 2239 illorum
2321 2181 2562 2253 antiquis
2607 2179 3050 2251 possessionibus
3079 2178 3318 2242 exuitur,
3354 2177 3431 2231 ita

1854 2288 1915 2334 ut
1956 2293 2025 2333 ne
2080 2275 2407 2332 vestimento
2434 2272 2653 2344 quidem
2675 2288 2784 2342 quo
2817 2271 3044 2326 indutus
3071 2279 3188 2326 erat
3215 2270 3295 2324 uti
3324 2269 3431 2324 sibi

1854 2370 2037 2424 liceat.
2066 2365 2174 2422 Sed
2202 2364 2548 2437 congregatis
2563 2364 2779 2419 cunctis
2806 2362 3090 2426 fratribus,
3120 2362 3174 2415 in
3194 2362 3431 2416 medium

1856 2461 2145 2524 adductus,
2198 2458 2421 2514 exuitur
2477 2455 2820 2512 vestimentis
2873 2454 3129 2525 propriis,
3154 2459 3207 2508 et
3242 2467 3431 2507 eorum

1855 2552 1978 2606 loco
2003 2549 2215 2605 abbatis
2249 2548 2503 2603 manibus
2528 2547 2845 2602 monasterii
2881 2545 3223 2602 vestimentis
3252 2544 3435 2599 indui-

1855 2650 1980 2710 tur;
2010 2650 2070 2697 ut
2096 2658 2161 2699 ea
2178 2642 2353 2697 forma
2386 2640 2831 2711 cognoscatipsc,
2861 2654 2919 2694 se
2944 2637 3239 2693 mundanis
3266 2635 3433 2692 rebus

1856 2735 2112 2791 omnibus
2143 2733 2457 2805 arrogantia
2488 2736 2618 2788 item
2652 2739 2707 2787 et
2735 2732 2992 2802 superbia
3029 2731 3317 2795 nudatum,
3343 2729 3431 2782 in-

1859 2827 2046 2884 duisse
2100 2833 2477 2897 paupertatem
2534 2822 2764 2886 Christi,
2796 2818 2862 2878 ὀι
2918 2824 3039 2879 sine
3070 2822 3277 2893 pudore
3312 2836 3433 2876 sese

1860 2934 2256 2975 connumerare
2278 2926 2332 2974 et
2357 2932 2646 2988 exmquare
2670 2916 2886 2986 corpori
2914 2915 3274 2969 fraternitatis
3297 2913 3432 2985 (47).
3530 2979 3541 2991 .

1784 3036 1826 3096 ο
1864 3011 2197 3068 Vestimenta
2259 3017 2438 3066 autem
2482 3010 2682 3080 quibus
2730 3008 2947 3064 exuitur
3001 3016 3222 3079 accepta
3252 3013 3434 3060 servat

1860 3111 2179 3163 aitonomus
2239 3103 2578 3169 monasterii,
2626 3109 2789 3173 atque
2844 3116 3093 3157 seorsum
3174 3099 3428 3169 reponit,

1860 3198 2036 3253 donec
2083 3199 2199 3269 ipse
2222 3196 2526 3268 profeclus,
2574 3194 3008 3251 conversationis
3051 3192 3434 3263 patientiaeque

1861 3291 1915 3345 in
1946 3291 2115 3345 variis
2150 3289 2546 3344 tentatiunibns
2579 3287 2851 3358 specimen
2880 3285 3109 3341 dederit.
3138 3282 3205 3336 Et
3233 3283 3277 3339 si
3313 3283 3435 3352 qui-

1861 3380 1983 3436 dem
2043 3380 2480 3450 deprehendatur
2537 3380 2591 3433 in
2638 3379 2789 3433 hisce
2849 3392 3011 3447 posse
3060 3388 3431 3446 perseverare,

1861 3481 2026 3545 atque
2077 3488 2144 3529 eo
2189 3473 2391 3538 studio,
2439 3480 2493 3528 et
2539 3471 2768 3527 ferventi
2800 3471 3082 3541 proposito
3114 3485 3223 3540 quo
3269 3468 3436 3539 C(epit

1862 3580 2218 3637 permanere,
2283 3565 2507 3636 reliquis
2562 3579 2687 3619 eum
2738 3562 3002 3618 fratribus
3048 3566 3432 3616 annumerant.

1861 3657 2019 3725 Quod
2058 3659 2104 3715 si
2142 3660 2196 3713 in
2238 3672 2305 3713 eo
2335 3657 2783 3713 murmurationis
2806 3656 3087 3720 delictum,
3120 3664 3212 3708 aut
3246 3652 3437 3707 inobe-

1863 3752 2082 3808 dientiaa
2129 3751 2424 3821 cujuslibet
2483 3758 2765 3821 peccatum
2806 3749 3165 3819 comperiant,
3208 3754 3433 3802 exutum

1862 3862 1988 3904 eum
2030 3845 2349 3902 monasterii
2401 3843 2766 3906 vestimentis,
2812 3855 2877 3895 ac
2909 3839 3204 3895 mundanis
3252 3822 3435 3893 denuo

1864 3939 2198 3996 indumentis
2211 3937 2468 3994 amictum
2485 3951 2553 3991 ex
2570 3933 2821 3991 emnobio
2833 3933 3130 4003 expellunt,
3147 3933 3218 3985 ita
3232 3938 3292 3986 ut
3312 3937 3445 4002 post

1863 4040 1976 4086 tam
2006 4038 2317 4086 accuratam
2357 4014 2752 4098 probationem,
2779 4041 2887 4080 non
2918 4025 3075 4079 facile
3102 4024 3174 4079 sit
3209 4022 3445 4087 volenti,

1864 4122 2094 4177 arbitrio
2119 4136 2220 4178 suo
2251 4120 2335 4174 vel
2359 4118 2571 4189 ingredi
2603 4118 2687 4173 vel
2715 4133 2746 4172 e
2775 4116 3108 4171 monasterio
3143 4112 3435 4179 secedere;

1865 4214 1963 4271 sed
1991 4215 2085 4285 qui
2110 4228 2169 4269 se
2189 4213 2476 4283 profitetur
2507 4224 2790 4264 remanere
2817 4207 2982 4274 nolle,
3016 4206 3241 4262 omnino
3266 4219 3436 4259 exua-

1866 4312 1957 4359 tur
1983 4301 2300 4359 monasterii
2322 4300 2682 4356 vestimentis.

1936 4566 1990 4621 4.
2026 4565 2137 4637 (48)
2158 4563 2296 4620 Cum
2343 4562 2509 4632 igitur
2559 4560 2607 4615 is
2641 4558 2736 4631 qui
2771 4565 3060 4627 susceptus
3101 4561 3205 4619 est,
3229 4566 3294 4609 ea
3327 4567 3435 4623 qua

1864 4658 2106 4714 diximus
2161 4655 2512 4710 accuratione
2546 4651 2830 4722 probatus,
2868 4648 3286 4718 inculpatnsque
3326 4644 3437 4699 de-

1865 4751 2170 4821 prehensus
2196 4755 2303 4811 est,
2356 4760 2467 4799 non
2511 4742 2699 4798 statim
2748 4740 2979 4795 fratrum
3015 4736 3178 4793 coetui
3210 4733 3437 4789 commi-

1866 4841 2006 4897 sceri
2038 4837 2390 4910 permittitur,
2425 4834 2519 4889 sed
2544 4832 2778 4886 traditur
2796 4832 2845 4886 ei
2879 4830 2967 4885 cui
2998 4828 3268 4899 hOSpitum
3288 4839 3437 4879 com-

1867 4933 2036 4986 missa
2064 4944 2197 4984 cura
2225 4935 2329 4990 est,
2379 4934 2544 4996 atque
2566 4924 2790 4993 jubetur
2827 4921 3101 4990 hospitum
3131 4914 3437 4972 ministerio

1864 5032 1919 5080 et
1952 5023 2215 5091 obsequio
2244 5018 2470 5074 omnino
2491 5031 2717 5080 vacare;
2752 5028 2815 5066 ac
2846 5022 3133 5081 postquam
3163 5009 3434 5077 integrum

1865 5128 2068 5168 annum
2113 5109 2387 5178 inculpate
2436 5106 2679 5176 hospites
2704 5100 2998 5171 exceperit.
3029 5098 3133 5151 hac
3160 5112 3219 5151 re
3250 5097 3306 5149 in
3334 5096 3466 5178 ιλιι-ζ

1865 5203 2151 5256 militatem
2189 5176 2507 5251 eﬂormatus
2531 5203 2583 5249 et
2621 5194 2679 5248 in
2706 5189 3191 5261 aequanimitatem,
3216 5185 3435 5240 demum
3458 5176 3466 5195 '

1864 5293 2030 5350 coetui
2058 5290 2287 5344 fratrum
2314 5293 2726 5348 annumeratur,
2758 5290 2921 5352 atque
2949 5277 3111 5333 alicui
3138 5291 3169 5331 e
3204 5275 3439 5329 seniori-

1865 5387 1968 5443 bus
1996 5383 2248 5446 traditur,
2281 5379 2369 5435 cui
2398 5378 2556 5449 311
2587 5376 2819 5445 hujusce
2848 5370 3091 5427 muneris
3123 5365 3436 5423 sollicitudo

1936 5534 2048 5606 (ιτ)
2086 5533 2227 5606 ibid.
2263 5530 2439 5606 c._6.‘

1937 5602 2048 5679 (tsi
2082 5603 2217 5661 ibid.
2246 5618 2294 5657 c.
2332 5602 2381 5655 τ.
