3868 6206
479 218 585 273 855

1564 214 1624 270 ὃ.
1660 210 2124 271 ΑτιιΑΝΑειυε.
2159 236 2229 255 -ο-
2266 208 2537 268 SPUHIA.

478 333 766 398 incumbit,
791 339 850 388 ut
872 331 1203 402 discipulum
1226 332 1439 398 doceat,
1457 345 1596 402 quas
1614 331 1731 386 vias
1754 328 2032 398 ingressus

2137 324 2342 396 ταύτην
2386 325 2498 396 ἔχει
2552 324 2650 397 τὴν
2692 323 2981 395 μέριμναν,
3016 323 3163 389 ὅπως
3188 320 3375 397 διδάξῃ
3415 321 3511 376 τὸν
3540 323 3719 395 μαθηι

477 423 549 480 ad
576 422 964 495 perfectionem
995 423 1263 478 virtutum
1297 421 1584 492 pervenire
1605 419 1816 491 possit.
1838 417 1949 489 (49)
1981 416 2042 472 ln

477 514 669 587 primis
700 515 859 569 docet
886 527 1011 569 eum
1036 513 1279 569 studium
1316 512 1613 583 superandi
1639 511 1887 582 proprias
1912 523 2043 563 con-

475 605 848 676 cupiscentias
904 613 961 661 et
1017 605 1345 676 voluptates,
1385 603 1629 673 iubendo
1658 617 1723 658 ea
1772 615 1896 672 quae
1921 601 2042 669 ejus

474 695 742 751 voluntati
797 697 1070 751 contraria
1131 704 1279 752 sunt.
1324 693 1490 749 Aiunt
1521 694 1665 750 enim
1709 692 1902 747 Patres
1931 707 2043 747 non

473 787 635 842 aliter
667 801 831 857 posse
879 801 1211 857 quemquam
1258 787 1563 857 voluptates
1601 786 1918 857 reprimere,
1949 792 2045 841 aut

473 876 838 943 iracundiam,
874 886 967 931 aut
994 877 1307 953 tristitiam;
1335 883 1429 929 aut
1450 891 1633 931 veram
1664 876 1910 932 obtinere
1938 875 2040 930 hu-

472 969 784 1034 militatem,
808 976 902 1025 aut
919 969 1136 1025 demum
1157 984 1264 1023 una
1286 983 1407 1023 cum
1425 968 1688 1024 fratribus
1704 969 1761 1023 in
1788 968 2041 1023 cmnobio

471 1067 620 1116 recte
636 1062 1028 1125 consummari,
1052 1062 1156 1118 nisi
1184 1069 1310 1117 ante
1332 1076 1429 1131 per
1454 1060 1816 1117 obedientiam
1842 1061 2041 1116 volun-

471 1159 612 1208 tates
641 1167 771 1209 suas
811 1154 1246 1209 mortiﬁcaverit.
1279 1153 1391 1224 (50)
1428 1152 1526 1210 His
1551 1152 2043 1209 constitutionibus

469 1250 633 1312 atque
650 1243 940 1311 doctrinis,
976 1245 1135 1314 quasi
1170 1243 1499 1315 quibusdam
1528 1243 1816 1300 elementis
1839 1251 1896 1299 et
1926 1243 2040 1315 syl-

468 1331 630 1399 labis,
662 1333 754 1387 ubi
772 1334 1102 1403 discipulum
1128 1334 1195 1390 ad
1218 1336 1648 1403 praestantiorem
1678 1344 1878 1390 statum
1915 1348 2043 1403 pro-

466 1423 760 1488 duxerunt,
782 1432 973 1495 postea
1029 1425 1132 1480 boc
1158 1425 1357 1481 docent
1387 1425 1562 1489 illum,
1592 1434 1652 1480 ut
1683 1425 2041 1495 cogitationes

465 1529 596 1572 suas
624 1531 692 1571 ne
713 1517 884 1585 celet;
919 1515 1014 1572 sed
1031 1517 1124 1573 ubi
1148 1518 1438 1582 accedunt,
1466 1517 1868 1589 quamprimum
1890 1516 2040 1572 Patri

463 1621 566 1665 suo
613 1607 843 1675 revelet;
888 1624 1067 1679 neque
1110 1602 1179 1665 de
1214 1624 1403 1665 earum
1450 1608 1662 1679 judicio
1698 1619 1751 1665 et
1790 1610 2040 1665 examine

464 1695 741 1766 quidpiam
791 1696 947 1751 cordi
998 1712 1100 1753 suo
1128 1697 1406 1764 conﬁdat;
1435 1697 1530 1754 sed
1555 1698 1693 1753 sciat
1722 1698 1777 1753 id
1809 1697 2033 1765 bonum,
2068 1680 2110 1736 Β

462 1786 520 1844 id
571 1788 776 1844 malum
818 1804 961 1854 esse,
992 1788 1138 1860 quod
1165 1788 1373 1860 judicio
1408 1804 1508 1845 suo
1542 1789 1722 1855 Pater,
1762 1789 1908 1845 facto
1956 1789 2037 1845 rei

462 1880 735 1944 examine,
770 1880 875 1936 tale
905 1896 1029 1937 esse
1047 1880 1425 1937 declaraverit.
1467 1878 1580 1936 Hac
1608 1882 1820 1937 ratione
1843 1881 2040 1950 poterit

461 1984 654 2025 omnes
690 1970 899 2027 inimici
938 1970 1191 2027 fallacias
1211 1970 1384 2027 vitare
1405 1971 1659 2043 quisquis
1687 1972 1753 2026 ad
1779 1972 2034 2027 virtutem

462 2062 769 2116 instituitur
815 2076 830 2114 :
872 2062 966 2132 qui
1018 2068 1209 2131 utpote
1252 2061 1573 2133 imperitus,
1621 2061 1832 2115 inimici
1878 2060 2035 2119 dolos

462 2151 695 2222 ignorat.
744 2152 910 2207 Aiunt
959 2155 1103 2208 enim
1134 2153 1308 2209 sancti
1357 2152 1546 2209 Patres
1595 2153 1799 2209 diaboli
1823 2152 1957 2207 artis
1982 2160 2036 2207 et

462 2242 787 2299 insidiarum
804 2245 1159 2314 conspicuum
1178 2259 1301 2300 esse
1324 2244 1566 2316 signum,
1592 2259 1718 2300 cum
1746 2244 2033 2315 discipulis

398 2371 407 2378 -
461 2334 655 2392 suadet
712 2342 771 2390 ut
819 2334 1074 2391 Patribus
1124 2337 1481 2407 cogitationes
1527 2337 1807 2392 occultent
1875 2351 2028 2402 suas,

459 2426 626 2496 idque
665 2442 732 2483 ex
786 2426 1057 2497 superbiae
1086 2435 1259 2492 motu,
1288 2427 1444 2498 quasi
1471 2428 1681 2484 scilicet
1713 2426 1820 2498 ipsi
1848 2427 2031 2484 idonei

460 2515 574 2572 sint
614 2532 711 2588 per
753 2533 813 2573 se
850 2531 1155 2587 congruum
1196 2534 1261 2574 ea
1300 2518 1368 2574 de
1397 2534 1457 2574 re
1481 2519 1771 2574 consilium
1797 2534 2025 2589 capere;

459 2614 556 2661 aut
578 2622 646 2663 ex
673 2608 823 2662 inani
853 2607 1048 2678 gloria,
1070 2609 1216 2679 quod
1244 2608 1447 2683 pudeat
1474 2609 1735 2665 nimirum
1768 2624 1899 2666 suas
1922 2625 2027 2681 pu-

456 2696 667 2757 blicare
693 2698 1072 2771 cogitationes.

530 2870 587 2927 5.
626 2870 737 2944 (5i)
766 2864 941 2926 Tanta
962 2886 1126 2942 porro
1153 2872 1294 2945 apud
1316 2873 1439 2931 illos
1466 2880 1550 2929 est
1563 2873 1939 2945 obsequentia,
1966 2881 2027 2930 ut

460 2962 600 3017 citra
625 2962 835 3019 abbatis
859 2964 1159 3034 iussionem
1192 2964 1336 3019 ausit
1365 2979 1549 3029 nemo,
1576 2980 1646 3020 ne
1672 2980 1738 3020 ex
1772 2981 1873 3021 sua
1907 2966 2028 3035 qui-

462 3054 584 3111 dem
626 3055 818 3109 cellula
849 3054 907 3111 in
932 3070 1040 3125 qua
1070 3054 1222 3111 sedet
1250 3055 1437 3125 egredi
1475 3073 1489 3110 :
1521 3064 1685 3127 atque
1718 3064 1869 3112 tanto
1910 3065 2028 3113 stu-

461 3150 555 3206 dio
583 3145 731 3206 illius
764 3150 921 3220 jussa
956 3150 1247 3220 complent,
1287 3156 1491 3220 quanto
1528 3151 1576 3206 si
1618 3150 1761 3208 Deus
1793 3152 1907 3222 ipse
1930 3153 2025 3224 ju-

460 3239 775 3311 beret.(52)
824 3238 962 3293 Dum
1013 3240 1202 3295 sedent
1256 3248 1436 3295 autem
1483 3240 1538 3294 in
1563 3242 1679 3298 suis
1712 3241 1944 3308 cellulis,
1978 3251 2033 3299 ct

464 3332 618 3403 operi
654 3347 938 3395 manuum,
963 3331 1299 3386 meditationi
1330 3340 1385 3386 et
1416 3332 1652 3387 orationi
1678 3333 2025 3399 incumbunt,

460 3431 629 3495 atque
667 3422 912 3480 studiose
950 3421 1036 3477 his
1071 3421 1329 3477 adhibent
1355 3423 1619 3488 animum,
1648 3424 1697 3479 si
1722 3426 2030 3496 quempiam

461 3519 664 3573 ostium
713 3513 922 3570 cellulae
962 3514 1268 3584 pulsantem
1310 3514 1552 3581 audiant,
1595 3515 1689 3586 qui
1732 3530 1792 3572 se
1835 3524 1929 3571 aut
1961 3516 2027 3571 ad

460 3621 803 3665 communem
843 3604 1168 3669 orationem,
1213 3612 1306 3660 aut
1348 3605 1416 3661 ad
1461 3620 1601 3676 opus
1630 3621 1891 3661 manuum
1926 3607 2026 3663 ad-

457 3707 638 3765 vocet,
683 3698 940 3754 omnibus
970 3698 1374 3769 quamprimum
1420 3696 1686 3765 dimissis,
1721 3698 1789 3751 ad
1817 3698 2028 3768 jussam

460 3788 567 3845 sibi
595 3806 707 3846 rem
734 3797 1049 3862 properant,
1092 3789 1415 3847 obedientia:
1450 3789 1706 3846 virtutem
1743 3789 2031 3846 studiosis-

458 3880 597 3936 sime
641 3883 918 3949 colentes;
965 3896 1130 3952 quam
1174 3897 1284 3937 non
1327 3880 1489 3936 modo
1539 3880 1692 3951 operi
1744 3895 2027 3946 manuum,

457 3967 679 4026 lectioni
721 3977 774 4025 et
814 3972 1012 4041 quietae
1039 3968 1095 4023 in
1135 3970 1332 4024 cellula
1374 3967 1816 4033 commorationi,
1848 3968 1943 4024 sed
1974 3976 2029 4023 et

463 4061 723 4117 omnibus
753 4063 1048 4118 virtutibus
1087 4065 1445 4132 anteponunt,
1484 4061 1774 4131 omniaque
1805 4060 2028 4131 postha-

457 4152 746 4314 1ηίίῗῶῒ)
767 4241 902 4299 Illud
922 4251 1100 4299 autem
1122 4240 1455 4314 superﬂuum
1483 4249 1567 4298 est
1593 4256 1914 4307 memorare,
1929 4257 2027 4297 ne-

2141 417 2451 487 τευόμενον,
2480 415 2569 470 διὰ
2597 415 2757 480 ποίας
2812 415 2933 470 ὁδοῦ
2950 415 3254 487 ἀρξάμενος
3279 414 3484 486 δυνηθῇ
3505 414 3604 467 ἐπὶ
3617 417 3718 487 τὴν

2138 505 2449 576 τελειότητα
2477 505 2584 560 τῶν
2620 504 2829 577 ἀρετῶν
2867 505 3090 575 φθάσαι.
3139 506 3227 559 Ἐν
3257 503 3496 575 πρώτοις
3516 498 3616 557 οὖν
3637 505 3716 558 δι-

2139 596 2328 651 δάσκει
2358 596 2518 650 αὑτὸν
2561 596 2880 662 σπουδάζειν
2917 598 3073 667 νικᾷν
3101 596 3199 659 τὰς
3238 595 3373 658 ἰδίας
3417 595 3716 667 ἐπιθυμίας

2140 691 2235 744 καί
2257 689 2469 761 ἡδονὰς,
2508 689 2597 744 διὰ
2629 689 2689 743 τὸ
2714 689 3025 743 ἐπιτάσσειν
3063 687 3210 759 αὑτῷ
3244 689 3313 742 τὰ
3353 689 3579 743 ἐναντία
3610 689 3715 743 τῶν

2144 782 2273 853 θελη
2281 783 2466 854 μάτων
2488 783 2672 838 αὑτοῦ.
2695 784 2808 836 Οὐκ
2826 782 2998 845 ἄλλως
3013 781 3120 852 γάρ
3140 780 3388 850 λέγουσιν
3404 783 3454 835 οἱ
3481 780 3718 850 πατέρες

2139 878 2396 934 δύνασθαί
2417 896 2539 933 τινα
2561 878 2660 942 τάς
2697 877 2890 950 ἡδονὰς
2916 874 3184 948 χαλινοῦν,
3217 875 3251 946 ἡ
3285 874 3459 946 ὀργῆς
3497 873 3718 943 περιγί-

2139 969 2347 1036 νεσθαι,
2378 971 2412 1042 ἡ
2439 968 2635 1041 λύπης,
2667 968 2700 1041 ἡ
2740 967 3063 1022 ταπείνωσιν
3101 966 3274 1037 ἀληθῆ
3319 965 3660 1036 κτήσασθαι,
3686 963 3716 1035 ἡ

2140 1057 2328 1123 ἁπλῶς
2360 1059 2498 1129 μετά
2524 1058 2884 1129 ἀδελφότητος
2911 1058 2969 1111 ἐν
2995 1055 3243 1125 κοινοσίῳ
3270 1054 3453 1118 καλῶς
3498 1053 3719 1107 τελειω-

2140 1149 2320 1221 θῆναι,
2344 1152 2393 1204 εἰ
2434 1150 2507 1222 μὴ
2540 1150 2802 1222 πρότερον
2837 1147 2926 1201 διά
2956 1148 3055 1217 τῆς
3093 1146 3337 1216 ὑπακοῆς
3373 1143 3634 1217 νεκρὼσῃ
3654 1145 3719 1199 τά

2140 1239 2332 1295 ἑαυτοῦ
2388 1240 2687 1312 θελήματα.
2721 1239 2959 1303 Ταύταις
2986 1238 3044 1292 δὲ
3079 1240 3199 1301 ταῖς
3227 1235 3601 1291 διατυπώσεσι
3630 1237 3718 1290 καὶ

2138 1331 2505 1396 διδασκαλίαις
2535 1331 2624 1385 τὸν
2642 1330 3080 1403 μαθητευόμενον
3128 1327 3572 1400 προϐιϐάσαντες
3615 1327 3718 1379 diu.

2140 1424 2257 1478 ανεὶ
2278 1420 2557 1492 στοιχείοις
2580 1421 2711 1485 τισὶ,
2735 1420 2830 1474 καὶ
2860 1417 3168 1487 συλλαϐαῖς,
3204 1417 3513 1481 ἀκολούθως
3552 1417 3717 1471 πάλιν

2138 1512 2444 1566 διδάσκουσι
2477 1512 2551 1583 μὴ
2572 1511 2833 1583 κρύπτειν
2865 1512 2991 1574 τοὺς
3029 1509 3191 1573 ἰδίους
3226 1508 3554 1580 λογισμούςο
3582 1509 3715 1563 ἀλλά

2140 1605 2477 1676 παραχρῆμα
2495 1605 2660 1674 ἡνίκα
2685 1604 3028 1675 ἐπέρχονται,
3053 1601 3275 1665 τούτους
3300 1601 3378 1672 τῷ
3395 1602 3587 1673 οἰκείῳ
3608 1603 3719 1655 Πα-

2137 1696 2229 1768 τρὶ
2282 1694 2703 1761 ἀποκαλύπτειν,
2738 1695 2833 1749 καί
2861 1693 3027 1765 μηδὲν
3057 1693 3186 1763 περὶ
3215 1693 3315 1763 τῆς
3342 1694 3548 1746 τούτων
3596 1693 3713 1745 δια-

2139 1788 2371 1860 κρίσεως
2421 1791 2488 1859 τῇ
2527 1787 2634 1859 ἰδίᾳ
2664 1787 2861 1859 καρδίᾳ
2900 1784 3208 1839 πιστεύειν·
3246 1784 3361 1839 ἀλλ’
3410 1786 3591 1837 ἐκεῖνο
3627 1802 3713 1854 γι-

2136 1878 2367 1933 νώσκειν
2391 1878 2593 1948 ἀγαθὸν
2624 1879 2657 1951 ἢ
2690 1878 2858 1932 κακὸν
2881 1873 3047 1943 eius;
3069 1876 3205 1947 ὅπερ
3230 1879 3348 1939 ταῖς
3375 1874 3571 1929 ἐαυτοῦ
3605 1876 3717 1928 δια-

2136 1969 2350 2043 κρίσεόι
2370 1970 2667 2040 δοκιμάσας
2686 1970 2713 2022 ό
2730 1969 2920 2040 Πατὴρ
2940 1966 3228 2030 ἀποδείξει.
3249 1965 3404 2019 Οὕτω
3430 1965 3717 2037 γάρδυνή-

2136 2078 2287 2116 σεται
2311 2064 2369 2116 ἐν
2408 2061 2597 2134 μηδενί
2642 2061 2748 2114 ὑπὸ
2796 2060 2890 2114 τοῦ
2921 2058 3116 2130 ἐχθροῦ
3161 2061 3189 2113 ὁ
3225 2058 3361 2129 πρὸς
3392 2058 3597 2129 ἀρετὴν
3621 2074 3717 2110 τυο

2134 2154 2403 2225 πούμενος
2436 2151 2769 2214 ἀπατᾶσθαι,
2797 2151 2874 2216 ὼς
2910 2152 3158 2222 ἄπειρος,
3188 2152 3283 2204 καί
3308 2152 3474 2221 μήπω
3509 2149 3715 2217 γνῶσιν

2132 2246 2467 2317 κεκτημένος
2537 2244 2816 2316 μεθοδείας
2841 2261 2855 2275 ο
2917 2244 3094 2308 διανὲς
3146 2244 3245 2315 τῆς
3304 2242 3400 2296 τοῦ
3458 2242 3713 2296 διαϐόλου

2129 2336 2323 2407 τέχνης
2376 2334 2625 2404 λέγουσιν
2667 2330 2807 2389 εἶναι
2839 2335 3181 2405 οἰΠατέρες,
3248 2334 3343 2387 τοῦ
3395 2333 3713 2388 ἀναπείθειν

2128 2425 2290 2480 αὐτὸν
2341 2427 2469 2491 τοὺς
2512 2425 2984 2497 μαθητευομένους
3011 2426 3120 2479 ἀπὸ
3157 2424 3267 2478 τῶν
3294 2426 3556 2496 Πατέρων
3578 2424 3713 2496 κρύ-

2128 2532 2285 2569 πτειν
2310 2517 2436 2580 τοὺς
2472 2515 2633 2579 ἰδὼυς
2667 2517 2960 2587 λογισμοὺς
2996 2516 3100 2587 ἰδίᾳ
3122 2516 3415 2587 ὑπεροψίᾳ.
3445 2516 3523 2579 ὡς
3547 2515 3712 2585 δῆθεν

2129 2609 2348 2672 ἱκανοὺς
2377 2610 2538 2673 ὄντας
2575 2610 2789 2672 ἐαυτοῖς
2826 2608 2894 2663 τὰ
2925 2609 3275 2680 συμφέροντα
3298 2607 3713 2679 συμϐουλεύσα-

2130 2698 2274 2765 σθαι,
2313 2701 2346 2771 ἢ
2394 2700 2503 2772 ἰδίᾳ
2553 2700 2828 2771 κενοδοξία
2885 2700 3306 2772 αἰσχυνομένους
3352 2700 3713 2773 δημοσιεῦσαι

2123 2788 2224 2853 τὰς
2242 2790 2449 2843 ἑαυτῶν
2474 2789 2817 2862 ἐνθυμήσεις.

2197 2880 2253 2935 5.
2284 2882 2530 2951 Τοσαύτη
2572 2881 2629 2935 δέ
2671 2880 2999 2950 φυλάττεται
3028 2882 3158 2953 παρ’
3208 2882 3390 2945 αὐτοῖς
3431 2881 3716 2951 ύποταγὴ,

2128 2971 2203 3037 ῶς
2236 2973 2310 3043 μὴ
2343 2972 2610 3043 τολμῆσαί
2630 2989 2753 3027 τινα
2776 2973 2934 3035 ἐκτὸς
2976 2972 3071 3025 τοῦ
3112 2973 3256 3026 ἀϐϐἄ
3296 2973 3431 3044 μηδέ
3462 2973 3562 3026 τοῦ
3592 2974 3715 3027 κελ-

2132 3062 2250 3116 λίου
2278 3064 2412 3116 ὅπου
2438 3062 2671 3134 κάθηται
2712 3061 3055 3135 προϐαίνειν·
3096 3061 3239 3117 οὕτω
3274 3063 3330 3115 δὲ
3350 3063 3419 3115 τά
3449 3064 3584 3134 παρ’
3617 3062 3713 3115 αὐ-

2131 3152 2226 3208 τοῦ
2251 3152 2703 3224 προστασσόμενα
2722 3151 2988 3207 ἐπιτελεῖν
3007 3152 3422 3217 σπουδάζουσιν,
3451 3154 3530 3219 ὼς
3561 3154 3714 3228 παρά

2132 3242 2269 3298 Θεοῦ
2301 3242 2476 3297 ταῦτα
2521 3243 2823 3314 δεχόμενοι.
2875 3243 3189 3315 Καθὴμενοι
3220 3244 3277 3297 δὲ
3310 3245 3368 3296 ἐν
3403 3247 3518 3307 τοῖς
3562 3246 3711 3308 ἰδίοις

2131 3333 2479 3405 κελλίοις,τῷ
2496 3333 2642 3406 ἔργῳ
2671 3352 2729 3388 τε
2753 3335 2932 3405 καί-τῇ
2959 3334 3178 3406 μελέτῃ,
3210 3333 3302 3387 καὶ
3333 3336 3400 3404 τῇ
3430 3337 3710 3406 προσευχῇ

2131 3426 2539 3497 προσκείμενοι,
2575 3426 2669 3481 καὶ
2706 3425 2843 3497 μετὰ
2877 3425 3114 3495 σπουδῆς
3151 3425 3531 3496 προσέχοντες,
3565 3428 3712 3479 ἐπει-

2128 3515 2225 3570 δὰν
2260 3517 2535 3571 ἀκούσωσι
2572 3517 2669 3570 τοῦ
2704 3517 2994 3590 κρούοντος
3026 3517 3123 3588 τὴν
3157 3517 3326 3589 θύραν
3353 3517 3447 3569 τοῦ
3481 3517 3698 3571 κελλίου

2128 3607 2163 3680 ἢ
2193 3608 2274 3671 εἰς
2300 3607 2398 3680 τὴν
2431 3608 2615 3680 κοινὴν
2646 3608 3026 3680 προσευχὴν,ἢ
3059 3609 3194 3678 πρός
3222 3626 3273 3662 τι
3295 3607 3455 3679 ἔργον
3487 3609 3709 3674 τούτους

2130 3699 2625 3771 προσκαλουμένου,
2685 3702 3024 3773 παραχρῆμα
3060 3701 3238 3755 πάντα
3286 3699 3421 3771 ὁμοῦ
3456 3700 3706 3769 ἀφέντες,

2129 3791 2267 3863 πρὸς
2294 3790 2356 3845 τὸ
2376 3792 2629 3860 ἐπιταγέν
2654 3791 2885 3864 ὁρμῶσι,
2918 3793 3066 3863 πάσῃ
3107 3792 3311 3862 σπουδῇ
3342 3790 3443 3861 τὴν
3457 3791 3559 3862 τῆς
3608 3793 3707 3845 ὕπ-

2130 3882 2301 3953 ακοῆς
2334 3883 2532 3954 ἀρετὴν
2547 3881 2831 3954 ζηλοῦντες
2857 3901 2871 3914 ο
2898 3885 2965 3954 ἣν
3000 3884 3061 3936 οὐ
3103 3883 3261 3953 μόνον
3292 3880 3385 3934 τοῦ
3416 3880 3581 3953 ἔργου
3602 3881 3706 3935 τῶν

2129 3972 2354 4045 χειρῶν,
2389 3971 2747 4042 ἀναγνώσεώς
2773 3990 2833 4026 τε
2865 3974 2959 4026 καὶ
2987 3974 3083 4044 τῆς
3123 3975 3182 4026 ἐν
3213 3970 3409 4042 κελλίῳ
3451 3971 3702 4042 ἡσυχίας,

2130 4062 2265 4117 ἀλλά
2306 4063 2402 4117 καὶ
2453 4064 2641 4118 πασῶν
2712 4063 2921 4137 ἀρετῶν
2967 4062 3304 4136 προτιμῶσι,
3359 4061 3454 4116 καί
3501 4062 3703 4134 ταύτης

2129 4153 2345 4210 ἅπαντα
2376 4155 2604 4227 δεύτερα
2631 4157 2890 4211 τίθενται.

2202 4242 2256 4298 6.
2300 4245 2505 4298 Ἐκεῖνο
2531 4244 2588 4297 δὲ
2616 4245 2818 4314 μεταξὺ
2853 4244 2960 4299 τῶν
2985 4244 3158 4299 ἄλλων
3189 4242 3441 4317 περιττόν
3472 4243 3593 4295 ἐστι
3613 4241 3705 4296 καὶ

456 4333 659 4390 minem
712 4336 922 4391 scilicet
961 4336 1177 4391 illorum
1219 4334 1365 4391 aliud
1406 4335 1680 4406 quidpiam
1728 4335 2029 4405 possidere,

2135 4334 2334 4405 λέγειν,
2371 4337 2446 4402 ὡς
2477 4338 2649 4403 οὐδεὶς
2681 4341 2859 4393 αὑτων
2888 4338 3014 4393 ἄλλο
3039 4357 3090 4392 τι
3127 4338 3390 4407 κέκτηται
3438 4336 3582 4408 πλὴν
3616 4354 3703 4389 κο·

458 4440 625 4495 quam
646 4426 943 4491 colobium,
965 4426 1390 4497 bemiphorium,
1413 4426 1743 4489 sandalium,
1788 4427 2026 4482 meloten

2135 4430 2333 4496 λοὸίου,
2357 4433 2452 4486 καὶ
2476 4433 2794 4505 ἡμιφορίου,
2825 4434 2918 4488 καὶ
2951 4432 3263 4496 σανδαλίων,
3299 4433 3393 4485 καί
3416 4430 3672 4502 μηλωτῆς
3689 4469 3703 4493 .

456 4523 513 4571 et
543 4525 779 4571 stoream
815 4535 830 4572 :
867 4523 1026 4588 turpe
1050 4532 1174 4573 esse
1201 4518 1305 4572 rati
1335 4517 1381 4572 si
1411 4516 1646 4583 dicatur,
1681 4517 1820 4572 liber
1847 4532 2024 4581 meus,

2135 4522 2226 4577 καί
2288 4524 2484 4594 ψιάθου
2512 4542 2525 4556 ·
2561 4525 2823 4598 αἰσχύνην
2881 4526 3171 4597 ἡγούμενοι
3208 4525 3270 4577 τὸ
3294 4522 3552 4592 λέγεσθαι
3578 4522 3705 4594 παρ’

454 4608 747 4681 penicillus
778 4623 955 4673 meus,
992 4615 1087 4663 aut
1123 4608 1272 4664 aliud
1312 4608 1594 4679 quidpiam
1639 4623 1844 4664 meum.
1879 4606 2027 4664 Tan-

2135 4615 2334 4680 αὐτοῖς,
2361 4617 2563 4687 βιϐλίον
2598 4618 2748 4687 ἐμὸν,
2787 4621 3045 4689 γραφεῖον
3072 4618 3224 4687 ἐμὸν,
3260 4616 3294 4687 ἡ
3322 4616 3450 4671 ἄλλο
3472 4631 3529 4668 τι
3553 4615 3703 4686 ἐμόν.

455 4707 574 4753 tum
621 4708 802 4753 autem
838 4698 1041 4769 singuli
1079 4713 1269 4754 eorum
1299 4715 1364 4754 ex
1396 4714 1560 4770 opere
1595 4706 1650 4754 et
1689 4698 1890 4755 sudore
1923 4714 2028 4755 suo

2135 4700 2394 4759 Τοσοῦτον
2444 4705 2502 4760 δὲ
2547 4706 2774 4771 ἕκαστος
2835 4705 3013 4760 αὐτῶν
3050 4705 3171 4760 καθ’
3198 4706 3411 4777 ἡμέραν
3449 4703 3510 4770 ἐξ
3546 4705 3705 4776 ἔργον

454 4789 692 4846 aderunt
730 4790 1067 4846 monasterio
1096 4798 1442 4861 proventum,
1495 4799 1555 4845 ut
1594 4806 1704 4847 non
1741 4789 1900 4846 modo
1934 4806 2028 4847 eo-

454 4896 579 4936 rum
610 4880 1058 4946 necessitatibus,
1088 4881 1182 4937 sed
1204 4881 1365 4936 etiam
1397 4880 1671 4951 hospitum
1703 4897 2026 4953 pauperum-

454 4987 562 5043 que
595 4972 904 5029 ministerio
935 4973 1047 5028 sint
1078 4972 1235 5029 satis.
1271 4970 1409 5027 Dum
1443 4972 1524 5030 sic
1554 4982 1735 5029 autem
1773 4973 2026 5029 laborant

454 5081 565 5121 non
596 5064 876 5130 inﬂantur,
919 5079 1033 5120 non
1062 5064 1315 5135 superbia
1345 5071 1579 5125 tument,
1602 5079 1705 5120 nec
1733 5064 2024 5136 quisquam

455 5156 663 5229 proprii
705 5156 993 5212 laborisct
1032 5154 1255 5211 sudoris
1293 5155 1417 5226 plus
1454 5156 1718 5225 postulat,
1763 5170 1926 5227 quam
1955 5156 2025 5212 ab

455 5247 649 5302 abbate
668 5262 768 5318 pro
799 5248 1126 5304 necessitate
1154 5245 1458 5314 tribuatur;
1491 5261 1591 5302 nec
1617 5247 1783 5304 ullius
1799 5247 1875 5302 rei
1896 5261 2028 5317 pos-

455 5339 756 5396 sessionem
785 5338 892 5395 sibi
918 5342 1367 5409 comparat,.cum
1397 5352 1518 5393 sese
1540 5340 1707 5397 totius
1724 5338 1909 5395 mundi
1929 5338 2024 5395 ad-

524 5464 637 5542 (49)
669 5469 918 5542 Qassian.
947 5470 1192 5542 Imtitut.
1220 5463 1313 5532 lib.
1350 5489 1427 5542 ιν,
1460 5488 1510 5529 c.
1546 5474 1597 5529 8.

523 5538 635 5600 (soi
668 5538 804 5595 Ibid.
844 5556 895 5596 c.
933 5541 988 5596 9.

529 5608 639 5681 (δι)
668 5609 801 5667 Ibid.
829 5626 880 5667 c.
917 5611 1004 5667 ιο.

2126 4813 2186 4849 τε
2218 4796 2312 4851 καί⁵
2371 4797 2591 4869 ἱδρῶτος
2622 4797 2750 4852 ἰδίου
2788 4799 3085 4870 προσφέρει
3120 4798 3387 4870 πορισμὸν
3414 4795 3492 4867 τῷ
3546 4814 3707 4867 μονα-

2130 4889 2353 4960 στηρίῳ,
2392 4888 2468 4953 ὡς
2503 4889 2577 4961 μὴ
2618 4889 2776 4961 μόνον
2808 4893 2927 4954 ταῖς
2954 4890 3159 4945 ἑαυτῶν
3187 4889 3398 4962 χρείαις
3430 4887 3704 4960 ἐξαρκεῖν,

2126 4979 2262 5035 ἀλλά
2294 4979 2389 5032 καί
2423 4982 2489 5051 τῇ
2512 4979 2759 5053 διακονίᾳ
2790 4980 2898 5034 τῶν
2928 4979 3093 5046 ξένων
3115 4982 3208 5035 καὶ
3236 4980 3467 5052 πτωχῶν
3495 4982 3703 5054 ὑπουρο

2127 5073 2262 5140 γεϊν.
2292 5071 2479 5134 Οὕτως
2523 5070 2578 5124 δὲ
2606 5072 2904 5143 κάμνοντες
2931 5073 2990 5126 οὐ
3025 5072 3358 5142 φυσιοῦνται,
3390 5072 3490 5143 οὐχ
3538 5073 3705 5144 ὑπερ-

2127 5165 2505 5237 ηφανεύονται,
2521 5163 2645 5218 οὔτε
2661 5182 2744 5229 τις
2772 5166 2953 5220 αὐτῶν
2976 5167 3041 5219 ἐκ
3068 5164 3161 5219 τοῦ
3187 5164 3386 5219 οἰκείου
3412 5163 3580 5237 ἔργου
3613 5164 3705 5219 καί

2128 5254 2349 5327 ἱδρῶτος
2399 5256 2621 5309 ἀπαιτεῖ
2670 5256 3055 5328 περισσότερον
3087 5255 3187 5325 τῆς
3223 5255 3508 5327 διδομένης
3552 5255 3703 5327 παρά

2125 5344 2217 5401 τοῦ
2245 5344 2388 5401 ἀϐὁᾶ
2408 5345 2596 5415 χοείας
2615 5361 2629 5375 ·
2663 5346 2724 5398 οὐ
2764 5345 2951 5417 κτῆμα
3002 5344 3321 5418 οἰασδὴποτε
3363 5343 3498 5419 ὕλης
3524 5342 3701 5417 ἐαυτῷ

2196 5478 2305 5549 (52)
2335 5478 2473 5549 Ibid.
2501 5494 2553 5534 c.
2596 5460 2683 5534 is.

2195 5539 2329 5621 (52")
2361 5539 2498 5606 ibid.
2535 5565 2586 5607 c.
2620 5548 2822 5614 45.14.
