3868 6206
147 226 240 284 957

1296 233 1632 292 ΕΡιδΤοιΑ
1660 235 1683 290 ι
1707 234 1801 291 AD
1834 236 2230 300 CASTOREM.

3277 266 3384 325 858

146 339 524 411 περιποιεῖται,
560 339 823 414 πάροικον
861 342 1055 401 ἑαυτὸν
1097 346 1193 401 καὶ
1230 346 1381 415 ξένον
1413 353 1553 424 ἔχων
1582 352 1697 407 ὅλου

1807 372 2003 415 venam
2037 369 2092 417 et
2126 364 2471 435 peregrinum
2505 368 2811 443 existimet;
2843 390 3172 453 servumque
3195 399 3254 440 se
3285 401 3383 456 po-

147 431 232 485 τοῦ
259 430 490 502 κόσμου,
528 432 622 486 καὶ
649 431 832 490 δοῦλον
857 436 1051 491 ἑαυτὸν
1090 436 1286 510 μᾶλλον
1314 445 1407 497 καὶ
1432 445 1713 519 ὑπηρέτην

150 523 245 578 τῶν
266 523 517 593 ἀδελφῶν
557 525 922 598 λογιζόμενος,
953 529 1097 603 ήπερ
1118 531 1381 607 δεσπότην
1404 537 1714 609 οἱουδήποτε

148 617 330 686 γηῖνου
357 617 700 689 πράγματος.
730 620 793 673 El
841 620 896 673 δέ
942 638 1029 687 τις
1065 624 1237 701 κλάσῃ
1286 629 1477 694 σκεῦος
1511 631 1715 704 υίονδή-

144 727 290 775 ποτε,
327 711 363 783 ἢ
413 713 674 786 ἀπολέσῃ,
716 715 1117 788 ὲξομολογεῖται
1146 722 1225 794 τῷ
1268 724 1413 797 esse
1445 727 1543 798 τῆς
1578 726 1710 793 ἰδίας

143 802 415 873 ῥᾳθυμίας
444 803 506 857 τὸ
555 810 823 878 πταῖσμα,
856 810 952 864 καὶ¹
987 810 1129 866 οὕτω
1168 814 1307 885 μετὰ
1357 833 1714 892 ταπεινοφρο-

142 893 307 966 σύνης
367 898 646 967 μετανοῶν
688 900 952 973 λαμϐάνει
1011 906 1375 981 συγχώρησιν.
1424 913 1613 978 Ὅστις
1655 912 1714 967 δὲ

140 983 273 1055 πρός
304 1002 359 1038 τι
406 986 565 1058 ἔργον
617 992 993 1064 μετακληθεὶς,
1035 996 1235 1070 ἢπρὸς
1260 1000 1498 1069 σύναξιν,
1540 1021 1711 1059 κατα·-

141 1078 419 1147 φρονήσας
461 1079 787 1152 βραδύτερον
830 1086 1138 1161 ἀπαντήσῃ.
1184 1091 1221 1163 ἢ
1259 1092 1640 1165 σκληρότερον,
1674 1098 1708 1169 ἢ

140 1171 577 1245 προπετέστερον
601 1175 892 1249 ἀποκριθῇ,
930 1180 963 1250 ἢ
1001 1181 1380 1257 ἀμελέστερον,
1410 1189 1442 1260 ἢ
1475 1190 1710 1260 ὑπογογ-

139 1260 318 1348 γύζων
342 1263 406 1317 τὸ
436 1266 773 1337 προσταχθὲν
816 1271 1036 1343 ποιήσῃ,
1066 1272 1098 1344 ἥ
1130 1277 1229 1347 τήν
1274 1278 1579 1348 ἀνάγνωσιν
1613 1283 1709 1337 τοῦ

139 1347 298 1440 ἔργου
328 1351 428 1440 καὶ
449 1354 544 1425 τῆς
562 1355 806 1426 ὑπακοῆς
825 1363 1190 1433 προτιμήσας,
1207 1364 1277 1418 τὰ
1304 1369 1710 1440 προσταχθέντα

139 1437 281 1508 αὑτῷ
332 1439 474 1511 ἔργα
515 1441 840 1518 βραδύτερον
896 1449 1175 1525 ἐκτελέσῃ,
1212 1453 1245 1525 ἢ
1277 1437 1565 1523 ἀπολυθείς
1610 1462 1710 1534 τῆς

140 1531 412 1627 συνάξεως
440 1534 514 1606 μὴ
535 1537 745 1607 ταχέως
775 1540 913 1611 πρὸς
932 1540 993 1595 τὺ
1019 1542 1181 1615 ἔργον
1208 1548 1370 1602 αὐτοῦ
1397 1531 1705 1627 ἀναδράμῃ,

139 1620 169 1715 ᾗ
205 1623 345 1691 μετά
364 1641 512 1691 τινος
534 1629 687 1693 ἐκτὸς
712 1631 1013 1701 ἀναγκαίας
1042 1638 1230 1709 χρείας
1260 1640 1515 1715 ὁμιλήσῃ,
1533 1620 1577 1715 ’ἢ

138 1709 225 1766 λου
276 1717 418 1786 μετὰ
472 1723 782 1792 παρρησίας
828 1705 1208 1802 κατάσχῃ-τὴν
1238 1705 1418 1805 χεῖρα,
1732 1705 1777 1763 Β

137 1806 289 1859 νειῶν
301 1810 545 1901 συντύχῃ
568 1817 738 1887 χωρὶς
763 1817 858 1872 τοῦ
893 1820 1036 1874 άὸὄᾶ
1067 1824 1233 1878 αὑτοῦ
1284 1806 1582 1901 ἐπιτροπῆς
1609 1806 1704 1885 καὶ

139 1898 400 1994 εὐλογίας,
436 1903 471 1973 ἢ
520 1907 807 1979 ἐπιστολὴν
839 1913 991 1984 παρὰ
1027 1931 1172 1980 τινος
1213 1898 1457 1989 δέξηται,
1599 1940 1705 1978 τινι

137 1986 464 2062 ἀντιγράψαι
500 1995 625 2049 ἄνευ
652 1998 775 2052 οτοῦ
820 2001 966 2056 ἀϐδᾶ
1015 1986 1357 2082 ἐπιχειρήσῃ,
1415 2012 1449 2081 ἢ
1504 1986 1559 2066 τὶ
1596 2015 1705 2068 τῶν

138 2081 329 2149 ὁμοίων
357 2085 571 2150 τούτοις
599 2088 987 2168 πλημμελήσῃ,
1013 2097 1239 2170 τοιούτῳ
1276 2081 1541 2175 ἐπιτιμίῳ
1569 2106 1702 2162 ὑπο-

139 2172 381 2230 ϐάλλεται
403 2194 415 2208 ’
451 2179 811 2252 Συνηγμένων
840 2186 949 2240 τῶν
976 2189 1221 2266 ἀδελφῶν
1258 2195 1316 2247 ἐν
1461 2172 1697 2265 συνάξει,

142 2264 294 2335 ῥίψας
349 2269 543 2324 ἑαυτὸν
595 2274 688 2327 ἐπὶ
731 2276 831 2346 τὴν
889 2278 1015 2348 γῆν,
1049 2264 1141 2334 καὶ
1189 2264 1695 2359 ἐξομολογούμενος,

140 2358 477 2431 συγχώρησιν
508 2367 646 2423 αἰτεῖ
675 2367 768 2420 τοῦ
799 2369 930 2422 ἰδίου
963 2373 1293 2443 σφάλματος.
1333 2377 1413 2431 Τά
1443 2380 1501 2433 δὲ
1518 2358 1703 2453 παχύ-

137 2464 259 2521 τερα
280 2453 488 2509 τούτων
507 2458 815 2529 πταίσματα
847 2462 900 2515 εί
914 2479 997 2526 τις
1013 2464 1207 2537 εὑρεθῇ
1234 2468 1507 2539 πράττων,
1539 2470 1700 2527 ἅτινά

138 2542 244 2595 ἐστι
291 2548 717 2619 καταφρόνησις,
750 2550 1026 2622 ἀντιλογία
1059 2556 1198 2625 μετὰ
1237 2559 1631 2631 ὑπερηφανίας,
1663 2564 1695 2636 ἢ

138 2631 196 2684 ἐκ
226 2634 319 2688 τοῦ
364 2640 731 2711 μοναστηρίου
784 2643 1007 2713 πρόοδος
1052 2647 1209 2709 ἐκτὸς
1271 2650 1569 2722 ἐπιτροπῆς
1604 2631 1699 2707 τού

138 2725 288 2817 ᾁὸδᾶ,
342 2730 375 2801 ἢ
433 2733 571 2804 πρὸς
594 2737 824 2802 γυναῖκα
863 2739 1139 2810 συντυχία,
1162 2740 1367 2814 ἢόργὴ,
1406 2744 1630 2817 ἢμάχη,
1662 2744 1695 2817 ἥ

137 2816 312 2909 έχθρα,
339 2822 372 2894 ἢ
410 2827 767 2895 μνησικακία,
788 2829 821 2900 ἢ
842 2830 1189 2904 φιλαργυρία,
1229 2835 1352 2905 ἥτις
1380 2838 1494 2890 ἐστὶ
1521 2816 1704 2909 λέπρα

137 2906 318 2980 ψυχῆς,
369 2913 404 2984 ἢ
453 2917 645 2985 κτῆσις
694 2917 1010 2990 οἱουδήποτε
1043 2923 1366 2993 πράγματος
1412 2926 1568 2991 ἐκτὸς
1587 2906 1695 2982 τῶν

1811 451 1924 506 tius
1949 459 2003 507 et
2030 453 2343 512 ministrum
2393 459 2625 518 fratrum
2673 479 2796 522 esse
2839 451 3158 540 arbitretur,
3211 451 3382 546 quam

1810 543 1977 600 ullius
2009 554 2239 604 terrente
2270 550 2348 606 rei
2396 552 2699 611 dominum.
2735 558 2846 632 (53)
2871 559 3025 628 Quod
3052 566 3097 620 si
3133 543 3257 637 quis
3279 585 3381 626 vas

1810 637 2089 707 quodlibet
2135 637 2358 710 fregerit
2400 650 2494 699 aut
2539 647 2860 716 perdiderit,
2888 654 3232 725 negligentiae
3262 674 3379 715 sum

1810 742 1997 783 casum
2028 729 2209 787 abbati
2242 734 2550 799 conﬁtetur,
2578 744 2632 794 et
2658 740 2730 794 ita
2763 757 2887 796 eum
2925 744 3232 809 humilitate
3261 766 3380 821 pm-

1809 817 2075 885 nitentiae,
2122 822 2334 877 veniam
2380 827 2597 898 accipit.
2648 827 2706 883 Si
2752 832 2876 901 quis
2913 844 3093 891 autem
3127 837 3193 891 ad
3237 817 3378 908 opus

1808 912 2089 981 quodlibet
2108 923 2354 983 vocatus,
2379 924 2472 973 aut
2502 920 2569 975 ad
2599 925 2869 993 synaxim,
2916 942 3026 995 pra:
3057 938 3376 1002 contemptu

1808 1003 2017 1059 tardius
2037 1015 2312 1070 occurrat,
2345 1016 2438 1063 aut
2463 1010 2655 1066 durius
2674 1016 3123 1092 petulantiusque
3149 1036 3376 1092 respon-

1808 1094 1949 1150 derit
1978 1114 1991 1150 :
2025 1097 2111 1152 vel
2153 1099 2201 1153 si
2239 1100 2603 1172 negligentius
2637 1088 2731 1160 aut
2761 1123 2884 1161 cum
2921 1088 3222 1178 murmure,
3239 1088 3377 1183 ijus-

1808 1202 1925 1243 sam
1963 1205 2077 1246 rem
2108 1194 2498 1263 compleverit;
2546 1207 2639 1253 aut
2679 1199 2726 1255 si
2766 1201 3052 1258 lectionem
3082 1207 3230 1276 Operi
3258 1222 3379 1262 ma-

1807 1293 1978 1334 nuum
2007 1288 2063 1335 ct
2100 1283 2420 1340 obedientite
2458 1295 2816 1359 anteponens,
2863 1292 3019 1360 jussa
3063 1297 3167 1350 sibi
3207 1310 3375 1367 opera

1805 1369 2019 1425 tardius
2052 1373 2424 1444 compleverit;
2456 1386 2551 1431 aut
2589 1393 2619 1432 a
2650 1390 2920 1436 conventu
2948 1384 3233 1450 dimissus,
3263 1403 3372 1443 non

1805 1459 1917 1513 cito
1948 1460 2014 1515 ad
2058 1476 2197 1531 opus
2238 1478 2397 1519 suum
2442 1469 2771 1536 accurrerit;
2814 1478 2908 1525 aut
2948 1488 3072 1527 eum
3115 1477 3372 1546 quopiam

1806 1549 2014 1619 absque
2055 1553 2388 1610 necessitate
2433 1556 2819 1616 confabulatus
2868 1561 3066 1630 fuerit;
3100 1575 3196 1621 aut
3246 1581 3372 1622 cum

1806 1642 2134 1697 conﬁdentia
2162 1659 2384 1700 manum
2419 1647 2645 1706 alterius
2671 1657 3127 1713 contrectaverit:
3159 1665 3253 1711 aut
3281 1672 3375 1712 co-

1804 1743 2000 1805 gnatos
2043 1734 2183 1791 citra
2225 1738 2439 1795 abbatis
2487 1743 2812 1812 permissum
2847 1753 2900 1800 et
2938 1747 3371 1805 benedictionem

1807 1830 2146 1891 convenerit,
2168 1838 2260 1883 aut
2283 1831 2567 1900 epistolam
2599 1835 2667 1889 ab
2695 1836 2880 1906 aliquo
2902 1840 3169 1909 accipere,
3197 1842 3281 1897 vel
3304 1840 3373 1896 ad

1805 1918 2041 1989 aliquem
2068 1923 2371 1979 rescribere
2404 1925 2610 1997 absque
2641 1927 2855 2003 abbatis
2890 1933 3244 1989 concessione
3272 1950 3373 1989 au-

1805 2024 1902 2066 sus
1944 2010 2142 2078 fuerit;
2181 2014 2227 2070 si
2258 2015 2312 2068 in
2345 2016 2531 2086 aliquo
2559 2034 2749 2090 nempe
2783 2021 3096 2091 hujusmodi
3128 2024 3373 2095 delique-

1803 2102 1894 2169 rit,
1924 2104 2235 2174 hujusmodi
2274 2108 2362 2163 ille
2399 2125 2575 2180 poenae
2615 2113 2944 2183 subjicitur:
2974 2116 3134 2187 312
3162 2117 3369 2174 Fratri-

1802 2195 1907 2252 bus
1936 2197 1990 2251 in
2035 2199 2225 2269 synaxi
2254 2205 2618 2272 congregatis,
2654 2220 2774 2261 sese
2813 2207 2869 2260 in
2897 2216 3096 2263 terram
3127 2211 3365 2280 proiicit,

1803 2294 1969 2358 atque
1994 2290 2303 2357 confessus,
2336 2295 2544 2363 peccati
2572 2296 2784 2350 veniam
2819 2300 3075 2367 postulat.
3106 2299 3371 2358 Graviora

1800 2393 1965 2448 porro
2007 2381 2201 2437 delicta
2250 2384 2297 2438 si
2346 2387 2469 2455 quis
2514 2395 2834 2457 perpetrans
2905 2389 3366 2463 deprehendatur,

1801 2486 1921 2542 qum
1945 2479 2093 2538 sunt,
2126 2483 2488 2545 contemptus,
2524 2480 2880 2549 repugnantia
2924 2497 3048 2535 eum
3086 2486 3362 2561 superbia,

1801 2571 1895 2619 aut
1918 2580 2172 2636 egressura
2202 2583 2269 2623 ex
2297 2570 2631 2626 monasterio
2664 2574 2869 2642 absque
2891 2574 3103 2630 abbatis
3135 2590 3363 2633 conces-

1800 2658 1974 2727 sione,
2022 2668 2116 2713 aut
2162 2673 2490 2731 congressus
2527 2676 2651 2716 cum
2702 2665 2948 2729 muliere,
2982 2674 3076 2720 aut
3125 2667 3228 2742 ira,
3271 2676 3367 2723 aut

1798 2765 2004 2821 pugna,
2056 2758 2150 2807 aut
2189 2752 2475 2807 inimicitia
2510 2754 2565 2808 in
2608 2755 2865 2825 aliquem,
2914 2765 3008 2811 aut
3059 2760 3369 2816 recordatio

1798 2843 2143 2914 iniuriarum,
2168 2855 2262 2900 aut
2282 2860 2435 2900 amor
2455 2847 2718 2917 pecuniae,
2740 2864 2860 2917 quae
2880 2848 3026 2919 lepra
3046 2859 3129 2906 est
3150 2852 3367 2919 animae,-

1801 2945 1893 2990 aut
1919 2938 2193 3007 possessio
2228 2939 2604 3009 cujuscunque
2640 2940 2739 3006 rei,
2769 2941 3009 3011 exceptis
3042 2942 3111 2999 iis
3147 2958 3267 3014 quae
3296 2945 3367 3000 ab

136 2998 417 3073 διδομένων
466 3007 617 3079 παρὰ
668 3008 761 3063 τοῦ
804 3011 969 3075 ἀϐϐᾶ,
1007 3014 1271 3086 ἢτροφῆς
1299 3014 1429 3070 ἄνευ
1447 3019 1695 3089 εὐλογίας

1803 2998 1993 3083 abbate
2020 3029 2241 3095 dantur,
2279 2998 2371 3084 aut
2407 2998 2666 3085 furtivum
2697 2998 3008 3087 aliment-um
3035 2998 3240 3106 absqlue
3272 3037 3365 3093 be-

139 3088 434 3165 κλεψιμαίῳ
469 3098 657 3169 τρόπῳ
712 3102 1020 3171 γινομένης,
1063 3106 1158 3157 καὶ
1192 3104 1260 3158 τὰ
1295 3106 1498 3163 τούτων
1518 3127 1696 3182 παρα-

138 3178 344 3253 πλήσια,
394 3186 457 3239 ού
490 3186 568 3258 τῷ
609 3192 991 3264 προειρημένῳ
1038 3196 1693 3269 ὲπιτιμίῳὺποόάλλεται,

139 3273 261 3329 ἀλλὰ
289 3279 651 3352 σφοδροτέρῳ,
673 3285 769 3337 καὶ
804 3285 1027 3355 μείζονι.
1059 3289 1170 3342 Καὶ
1216 3293 1265 3344 εί
1298 3292 1372 3363 μὴ
1403 3292 1692 3369 διορθωθῇ,

137 3366 444 3427 ἐκϐάλλεται
470 3375 566 3428 τοῦ
603 3378 982 3450 μοναστηρίοψ

201 3462 248 3516 7.
281 3465 353 3519 Τὸ
371 3467 434 3521 δὲ
460 3469 764 3538 ἀνάγνωσιν
784 3473 1148 3530 ἐπιτελεῖσθαι
1182 3475 1239 3529 έν
1269 3494 1378 3531 τισι
1409 3479 1695 3545 κοινοόίοις

136 3558 264 3627 κατὰ
282 3560 371 3614 τὸν
396 3563 590 3635 καιρὸν
603 3564 703 3635 τῆς
740 3566 1055 3633 ἑστιάσεως,
1086 3569 1186 3623 ούκ
1218 3570 1327 3624 άπὸ
1352 3570 1449 3625 τοῦ
1472 3574 1695 3639 κανόνος

136 3647 234 3702 τῶν
256 3650 584 3720 Αἰγυπτίων,
613 3654 745 3708 ἀλλὰ
776 3656 884 3711 ἀπὸ
914 3657 1022 3713 τῶν
1043 3661 1442 3727 Καππαδόκων,
1475 3662 1688 3730 οἵτινες,

137 3740 192 3793 οὐ
237 3748 608 3818 πνευματικῆς
664 3748 849 3804 ἕνεκεν
902 3750 1152 3806 τοσοῦτον
1203 3757 1532 3826 γυμνασίας,
1569 3760 1692 3814 ὅσον

135 3833 346 3906 ἡσυχίας
377 3839 541 3911 χάριν
593 3840 694 3911 τῆς
741 3841 893 3914 παρὰ
939 3844 1038 3907 τὰς
1076 3844 1315 3915 ὁμιλίας,
1348 3846 1408 3901 τὸ
1437 3847 1692 3904 τοσοῦτον

136 3922 538 3985 διετυπώσαντο.
570 3933 729 4004 Παρὰ
753 3932 809 3988 δὲ
831 3936 943 3998 τοῖς
973 3937 1308 4005 Αἰγυπτίοις,
1334 3933 1427 3994 καὶ
1459 3942 1692 4012 μάλιστα

135 4018 235 4081 τοῖς
277 4022 774 4095 Τα6εννησιὼταις,
823 4027 1057 4099 τοσαύτη
1116 4030 1292 4100 σιωπὴ
1337 4033 1441 4086 ὑπὸ
1474 4036 1689 4091 πάντων

138 4113 435 4183 παρέχεται,
467 4116 627 4186 ἡνίκα
657 4119 735 4182 είς
747 4118 998 4174 τοσοῦτον
1030 4119 1232 4193 πλῆθος
1255 4108 1688 4200 πολυαρίθμητον

134 4199 229 4255 τῶν
282 4206 524 4276 ἀδελφῶν
568 4208 706 4263 κατὰ
763 4210 855 4264 τὸν
905 4211 1096 4283 καιρὸν
1138 4214 1238 4285 τῆς
1286 4217 1556 4283 συνάξεως
1588 4223 1688 4292 τῆς

134 4292 395 4364 τραπέζης
431 4296 630 4362 αὐτῶν,
659 4299 790 4370 ὅσην
827 4302 1007 4370 σχεδὸν
1041 4305 1101 4357 ὲν
1128 4303 1306 4370 ἄλλοις
1336 4308 1411 4380 μὴ
1441 4310 1687 4382 εὑρίσκε-

1797 3121 2106 3176 nedictione
2133 3122 2345 3176 abbatis
2371 3132 2671 3192 sumptum,
2697 3132 2750 3178 et
2775 3124 2860 3180 bis
2893 3125 3111 3191 similia,
3137 3142 3244 3182 non
3270 3143 3364 3182 su-

1795 3213 2096 3282 pradietam
2132 3214 2278 3268 subit
2320 3229 2558 3285 pmnam,
2612 3216 2704 3271 sed
2738 3218 3065 3287 graviorem,
3105 3225 3160 3273 et
3192 3222 3364 3276 multo

1794 3305 2077 3374 majorem.
2113 3303 2270 3371 Quod
2321 3306 2366 3361 si
2415 3322 2527 3362 non
2572 3307 2884 3379 resipuerit,
2934 3323 2998 3364 ex
3033 3311 3364 3368 monasterio

1793 3397 2027 3467 ejicilur.

1866 3489 1918 3543 7.
1951 3489 2059 3560 (54)
2088 3489 2243 3556 Quod
2279 3501 2455 3547 autem
2483 3492 2536 3545 in
2559 3491 2883 3562 quibusdam
2912 3493 3196 3559 coenobiis,
3224 3501 3364 3549 tem-

1795 3596 1929 3652 pore
1959 3583 2310 3637 comeStionis
2341 3582 2503 3637 lectio
2545 3582 2834 3648 habeatur,
2874 3583 2929 3638 id
2964 3600 3074 3639 non
3100 3601 3163 3638 ex
3192 3583 3362 3658 {Egy-

1794 3673 2052 3742 ptiorum,
2103 3673 2199 3728 sed
2237 3689 2301 3728 ex
2342 3672 2726 3744 Cappadocum
2772 3675 2959 3746 regula
3009 3675 3354 3740 observatur,

1793 3765 1887 3834 qui
1920 3781 2028 3819 non
2060 3773 2168 3818 tam
2204 3765 2506 3835 spiritualis
2539 3766 2972 3831 exercitationis,
3007 3781 3171 3837 quam
3206 3767 3361 3836 quie~

1794 3858 1883 3921 tis,
1915 3863 1968 3910 et
2003 3857 2259 3925 colloquii
2302 3857 2505 3911 vitandi
2553 3857 2726 3927 gratia
2761 3857 2896 3912 illud
2926 3858 3352 3913 constituerunt.

1790 3948 1948 4019 Apud
1983 3947 2268 4019 Egyptios
2300 3957 2504 4010 autem,
2534 3948 2769 4004 maxime
2800 3964 2929 4002 vero
2965 3947 3107 4019 apud
3141 3947 3357 4004 Taben-

1790 4042 2055 4106 nesiotas,
2096 4047 2304 4096 tantum
2352 4048 2600 4095 servatur
2648 4040 2716 4094 ab
2758 4042 3015 4097 omnibus
3054 4041 3355 4109 silentium,

1791 4143 1916 4183 cum
1951 4128 2140 4200 ingens
2167 4129 2259 4183 illa
2292 4129 2581 4183 multitudo
2627 4128 2855 4183 fratrum
2898 4136 3140 4200 tempore
3169 4145 3354 4186 come-

1790 4222 1985 4277 stionis
2013 4229 2371 4293 congregatur
2395 4220 2461 4275 ad
2484 4237 2755 4284 mensam;
2786 4228 2845 4276 ut
2866 4222 2955 4276 vix
2981 4223 3258 4293 quidpiam
3285 4222 3361 4279 εἰς

1791 4314 1917 4369 mile
1941 4315 1994 4369 in
2016 4316 2135 4371 aliis
2156 4315 2485 4385 reperiatur;
2517 4315 2652 4370 adeo
2681 4323 2827 4371 utne
2854 4330 3109 4371 excreare
3136 4315 3354 4386 quidem

137 4381 269 4475 σθαι,
294 4386 491 4475 ὀὕτως
543 4390 618 4454 ὡς
671 4391 744 4463 μὴ
781 4392 983 4465 τολμᾷν
1015 4394 1211 4468 βρῆξαί
1252 4370 1370 4455 τινα
1399 4370 1684 4475 ’παρεκτὸς

1803 4405 1937 4459 ausit
1971 4406 2281 4475 quisquam,
2312 4411 2539 4475 excepto
2560 4419 2764 4459 mensa:
2797 4404 3074 4474 praefecto,
3111 4404 3202 4474 qui
3226 4405 3270 4458 si
3298 4418 3361 4459 ro

135 4471 219 4524 τοῦ
250 4466 488 4549 ἀρχηγοῦ
517 4481 616 4552 τῆς
639 4481 940 4557 τραπέζης,
970 4466 1134 4553 ὅστις,
1160 4489 1215 4543 εἴ
1235 4508 1381 4556 τινος
1401 4466 1558 4566 χρεία
1588 4466 1683 4567 γέί-

134 4577 307 4659 iuvat,
345 4571 647 4643 κρούσματι
686 4575 884 4644 μᾶλλον
925 4578 959 4650 ἢ
1009 4582 1157 4653 φωνῇ
1212 4584 1369 4639 τοῦτο
1406 4589 1678 4659 σημαίνει.

135 4651 233 4708 Καὶ
257 4657 323 4711 τὰ
351 4662 637 4716 κουκούλια
673 4664 777 4727 ἕως
804 4666 954 4720 κάτω
984 4668 1091 4724 τῶν
1113 4670 1393 4745 βλεφάρων
1428 4678 1682 4750 φοροῦσιν

135 4738 283 4813 οὗτοι,
342 4752 427 4807 ἵνα
490 4754 584 4825 μὴ,
646 4756 882 4828 ρεμϐοὺς
920 4763 1047 4825 τοὺς
1079 4738 1389 4835 ὀφθαλμοὺς
1439 4738 1678 4838 έχόντες,

137 4841 530 4913 περιεργότερον
553 4843 800 4915 ἀλλήλοις
829 4847 1086 4920 ἐνορῶσι·
1120 4854 1187 4923 τῇ
1216 4853 1271 4906 δὲ
1306 4856 1552 4930 τραπέζῃ
1587 4859 1682 4929 μό-

136 4939 234 4990 νον,
261 4933 349 4983 καὶ
373 4936 435 5005 τῇ
469 4935 562 4987 τοῦ
609 4933 900 5006 τρέφοντος
937 4937 1070 4992 Θεοῦ
1102 4943 1418 5017 εὐχαριστίᾳ
1444 4948 1680 5004 ὲνατενί-

1789 4497 2045 4568 quapiam
2077 4496 2149 4551 sit
2179 4512 2338 4566 Opus,
2371 4497 2681 4567 pulsatione
2719 4497 2901 4567 potius
2937 4513 3099 4566 quam
3135 4512 3266 4552 voce
3298 4496 3355 4551 id
3464 4584 3465 4587 η

1788 4587 2084 4657 signiﬁcat.
2130 4587 2389 4644 Cucullas
2440 4596 2644 4653 autem,
2690 4589 2852 4643 etiam
2890 4588 3033 4642 inl‘ra
3064 4588 3354 4675 palpebras

1785 4679 2050 4737 demissas
2080 4689 2312 4752 gestant,
2335 4698 2403 4737 ne
2425 4682 2576 4753 vagis
2605 4682 2778 4739 oculis
2808 4683 3079 4738 curiosius
3109 4683 3243 4738 alios
3268 4683 3355 4736 in-

1786 4770 2040 4841 Spiciant,
2089 4788 2152 4827 ac
2194 4787 2395 4827 mensae
2430 4775 2627 4834 solum,
2675 4772 2972 4843 gratiisque
3023 4773 3190 4827 alenti
3238 4771 3353 4828 Deo

1785 4863 2005 4933 agendis
2023 4863 2280 4919 adhibent
2298 4865 2556 4922 animum.
2577 4865 2687 4939 (55)
2711 4863 3010 4935 Magnaque
3046 4864 3188 4945 apud
3223 4863 3351 4920 illos

1785 4969 1917 5009 cura
1944 4965 2048 5021 est,
2088 4972 2158 5013 ne
2189 4956 2314 5028 quis
2344 4972 2529 5013 eorum
2559 4965 2715 5011 extra
2749 4972 2996 5013 mensam
3033 4957 3212 5012 cibum
3247 4970 3347 5015 sua

138 5013 293 5077 ζουσι.
349 5025 573 5095 Μεγάλη
613 5025 671 5079 δέ
729 5029 845 5083 ἐστι
887 5030 1099 5102 φυλακὴ
1142 5013 1272 5106 παρ’
1304 5013 1507 5104 αὐτοῖς,
1531 5040 1679 5107 ὅπως
1781 5053 1914 5101 mat.

139 5107 312 5249 {126681;
347 5113 523 5169 αὑτῶν
575 5113 773 5181 ἔξωθεν
826 5121 928 5192 τῆς
952 5120 1229 5196 τραπέζης
1268 5128 1473 5199 τροφῆς
1508 5147 1673 5201 μετα-

232 5216 285 5249 τι.

232 5216 285 5270 ῃ.

201 5290 248 5346 8.
263 5295 441 5354 ’Ἰναδέ
461 5302 533 5374 μή
568 5319 621 5355 τι
652 5301 891 5375 δόξωμεν
921 5304 1030 5361 τῶν
1055 5308 1407 5365 κοινοὸιακῶν
1435 5312 1674 5368 κανόνων

1850 5308 1904 5367 8.
1949 5306 2057 5381 (56)
2091 5307 2169 5365 Ne
2208 5310 2337 5380 quid
2368 5312 2650 5369 videamur
2679 5319 2858 5369 autem
2889 5312 3344 5369 emnobiticarum

142 5384 590 5459 πραλελοιπέναι,
621 5394 1017 5467 ἐπιμνησθῆναι
1051 5397 1247 5454 δεῖκαὶ
1276 5400 1384 5457 τῶν
1413 5404 1471 5457 ὲν
1497 5403 1675 5471 ἄλλοις

1803 5397 2088 5468 'egularum
2113 5398 2381 5466 omittere,
2407 5416 2710 5459 memorare
2738 5417 2954 5475 quoque
2983 5411 3194 5474 oportet
3216 5417 3342 5462 con~

334 5560 587 5638 Qassian.
608 5565 854 5625 Institut.
892 5568 990 5628 lib.
1026 5585 1100 5638 ιν,
1132 5584 1193 5628 c.
1212 5570 1301 5629 16.

209 5625 310 5701 (ιι)
334 5631 460 5693 lbid.
487 5653 538 5707 ο.
567 5636 654 5693 ι-ι.

1850 5575 1962 5644 (εις)
1996 5572 2129 5630 ibid.
2155 5588 2204 5629 c.
2241 5573 2325 5628 ts.
3359 5554 3367 5633 ἱ

1851 5646 1961 5720 (56)
2001 5644 2133 5702 Ibid.
2176 5659 2224 5701 c.
2271 5643 2359 5700 ta.
