3868 6206
1581 264 1639 323 s.
1677 262 2141 321 ATHANASIUS.
2179 293 2249 305 —
2285 259 2556 338 spuma.

3619 253 3739 314 860

486 382 805 441 stitutiones
834 381 889 436 in
922 380 1045 436 aliis
1073 377 1392 451 regionibus
1421 377 1671 434 traditas.
1711 376 1770 432 In
1805 384 1919 432 tota
1953 377 2055 431 ita—

2165 375 2382 447 κλίμασι
2431 369 2876 445 παραδεδομένων
2915 367 3320 424 διατυπώσεων.
3350 366 3510 423 Κατά
3537 348 3768 423 πᾶσαν’
3815 380 3823 403 '-

489 489 596 545 que
628 472 1036 542 Mesopotamia,
1070 469 1359 525 Palaestina
1406 478 1459 523 et
1501 466 1865 538 Cappadocia,
1905 473 1961 522 et
1994 464 2051 519 in

487 571 608 619 toto
644 561 884 624 Oriente,
938 566 1183 629 tempore
1231 564 1534 612 conventus
1577 557 1768 620 tertiae,
1809 561 1975 610 sextae
1999 560 2053 608 et

489 669 647 710 nonas
680 653 849 718 horae,
885 651 929 705 si
965 651 1090 721 quis
1128 656 1256 703 ante
1280 648 1608 717 completum
1640 647 1872 717 primum
1907 646 2051 716 psal-

487 761 637 801 mum
668 760 778 798 non
813 740 1134 806 occurrerit,
1176 741 1224 795 is
1266 740 1322 793 in
1352 739 1654 793 oratorium
1694 737 1904 808 ingredi
1942 751 2055 789 non

490 829 677 892 audet,
712 844 889 899 neque
917 844 1036 882 sese
1067 827 1426 897 psallentihus
1459 825 1763 879 admiscere
1797 842 1810 877 :
1848 824 1942 879 sed
1972 823 2057 878 di-

486 923 807 976 missionem
858 919 1087 974 fratrum
1134 933 1234 988 pro
1286 916 1496 972 foribus
1548 925 1701 972 stans
1754 921 2052 985 exspectat.

488 1011 910 1080 Egredientibus
964 1021 1146 1064 autem
1198 1010 1475 1074 omnibus,
1522 1009 1675 1062 humi
1725 1014 2053 1078 prostratus,

489 1103 864 1173 paenitentiam
895 1116 1079 1170 agens,
1117 1100 1460 1170 negligentiae
1489 1114 1602 1153 suae
1634 1098 1846 1153 veniam
1876 1109 2059 1168 postu-

490 1195 587 1248 lat.
621 1193 680 1248 ιη
714 1195 1001 1248 nocturnis
1032 1207 1197 1262 porro
1235 1190 1616 1255 conventibus,
1652 1204 1825 1260 usque
1863 1188 1930 1242 ad
1971 1204 2059 1245 se-

491 1286 732 1342 cundum
761 1286 1030 1356 psalmum
1066 1284 1220 1338 venia
1242 1282 1397 1338 tarde
1430 1282 1773 1339 venientibus
1805 1281 2059 1337 concedi-

491 1385 602 1431 tur.
638 1376 810 1432 Porro
838 1376 1036 1430 fratres
1071 1390 1168 1445 per
1209 1373 1579 1428 hebdomadas
1617 1373 1722 1428 sibi
1756 1372 2060 1428 succedunt

495 1469 553 1523 in
579 1470 815 1539 coquina
853 1478 906 1522 et
936 1468 991 1521 in
1021 1467 1144 1521 aliis
1173 1464 1385 1529 otliciis,
1420 1479 1546 1519 cum
1569 1464 1728 1518 multi
1756 1464 1960 1518 laboris
1981 1463 2061 1518 le-

491 1560 656 1614 vandi
686 1574 875 1625 causa,
908 1566 1021 1612 tum
1043 1564 1103 1612 ut
1133 1556 1416 1611 charitatis
1444 1555 1615 1625 legem
1638 1554 1844 1608 mutuis
1871 1552 2061 1607 oiliciis

491 1651 775 1721 impleant.
828 1650 1003 1704 Tanta
1035 1657 1215 1703 antem
1251 1648 1561 1702 humilitate
1602 1653 1658 1701 et
1695 1646 2061 1702 sollicitudine

2156 466 2330 521 τοίνυν
2359 465 2457 537 τὴν
2482 461 2904 534 Μεσοποταμίαν
2927 461 3021 515 καὶ
3047 460 3542 531 Παλαιστίνηκιθκαὶ
3563 459 3739 513 Καπσ

2157 554 2437 620 παδοκίαν,
2464 556 2558 609 καὶ
2578 555 2756 608 πᾶσαν
2781 552 2880 624 τὴν
2897 548 3184 621 Ἀνατολὴν
3227 552 3285 604 ἑν
3315 548 3392 621 τῷ
3424 547 3608 620 καιρῷ
3625 549 3735 617 τῆς

2159 646 2448 712 συνάξεως,
2508 646 2716 716 τρίτης,
2772 643 2866 696 καὶ
2890 643 3075 712 ἑκτης,
3104 642 3200 695 καὶ
3230 641 3424 712 ἐνάτης
3465 639 3640 711 ὥρας,
3677 640 3737 693 ετ

2157 754 2263 802 τις,
2302 737 2466 809 πρινὴ
2484 737 2512 789 ό
2534 735 2745 807 πρῶτος
2757 734 2965 805 ψαλμὺς
2992 734 3272 805 τελειωθῇ,
3306 734 3381 806 μὴ
3407 735 3729 804 ἀπαντήσῃ,

2136 828 2251 881 τοῦ
2301 826 2485 881 λοιποῦ
2536 829 2614 890 εἰς
2673 825 2733 878 τὸ
2787 826 3071 895 εύκτήριον
3113 824 3369 879 εἰσελθεῖν
3427 826 3490 878 ού
3524 824 3725 895 τολμᾷ,

2159 917 2281 972 οὔτε
2326 916 2621 987 καταμίξαι
2676 915 2865 990 ἑαυτὸν
2921 919 3032 979 τοῖς
3084 914 3402 984 ψάλλουσινο
3448 913 3589 967 ἀλλά
3618 912 3739 966 τῶνι

2160 1009 2403 1078 ἀδελφῶν
2453 1008 2552 1080 τὴν
2592 1006 2851 1061 ἀπόλυσιν
2880 1007 2985 1077 πρὸ
3025 1006 3200 1078 θυρῶν
3241 1005 3519 1075 ἐκδέχεται
3572 1005 3729 1058 ίστάο

2165 1116 2342 1171 μενος.
2378 1099 2493 1165 Ἐξε
2504 1097 2776 1169 ρχομένων
2801 1096 2857 1149 δὲ
2879 1096 3114 1157 πάντων,
3152 1091 3326 1164 βαλὼν
3355 1093 3447 1146 ἐπὶ
3478 1092 3582 1164 τὴν
3623 1092 3742 1161 γῆν¹

2165 1191 2473 1263 μετάνοιαν,
2511 1189 2796 1253 ἑξαιτεῖται
2845 1186 2944 1257 τῆς
2973 1185 3175 1249 οἰκείας
3206 1185 3474 1258 ῥᾳθυμίας
3510 1185 3735 1256 συγχώ-

2165 1297 2339 1351 ρησιν.
2402 1281 2488 1333 Ἑν
2546 1279 2603 1332 δὲ
2648 1281 2767 1342 ταῖς
2809 1279 3146 1348 νυκτεριναίς
3178 1277 3428 1344 συνάξεσι
3468 1277 3729 1349 δευτέρου

2160 1369 2398 1442 ψαλμοῦ,
2438 1370 2736 1442 παρέχεται
2767 1368 3060 1440 συγγνώμη
3094 1370 3205 1432 τοῖς
3224 1366 3544 1440 βραδύνουσι
3577 1367 3733 1439 παρά

2160 1464 2368 1527 τούτοις
2385 1480 2401 1494 θ
2428 1464 2524 1516 καὶ
2540 1462 2837 1533 ἑϐδομάδας
2863 1463 2911 1516 oi
2937 1460 3155 1529 ἀδελφοὶ
3183 1460 3247 1513 ἑκ
3271 1460 3522 1531 διαδοχῆς
3545 1459 3733 1514 ποιοῦ-

2165 1570 2249 1608 σιν
2279 1553 2335 1607 ἕν
2366 1571 2426 1607 τε
2450 1552 2529 1624 τῷ
2562 1554 2857 1625 μαγειρείῳ
2887 1553 2982 1606 καὶ
3016 1555 3129 1615 τοῖς
3169 1551 3346 1614 ἀλλοις
3372 1551 3735 1622 καθήκουσιν,

2167 1646 2282 1716 ἃμα
2307 1646 2403 1698 καὶ
2440 1646 2664 1708 ἑαυτοὺς
2694 1644 3131 1708 διαναπαύοντες,
3163 1643 3259 1698 καὶ
3284 1644 3445 1714 νόμον
3483 1643 3732 1714 ἀγάπης,

493 1743 799 1799 ministeria
832 1742 1076 1813 implent,
1113 1747 1375 1811 quantam
1413 1754 1484 1794 ne
1512 1738 1657 1794 servi
1689 1737 1906 1808 quidem
1937 1752 2061 1792 cum

2165 1735 2250 1790 διὰ
2282 1735 2343 1789 τὸ
2391 1734 2660 1789 δουλεύειν
2699 1735 2967 1807 ἀλλήλοις,
2998 1733 3450 1805 ἀναπληροῦντες.
3479 1733 3733 1806 Τοσαύτη

494 1833 644 1889 heris
671 1833 786 1888 suis
821 1832 1135 1887 adhibeant.
1173 1829 1452 1901 Completa
1484 1829 1841 1895 hebdomade,
1882 1827 2065 1883 Domi-

495 1924 623 1978 nica
665 1923 754 1977 die
804 1929 926 1991 post
974 1921 1273 1976 matutinos
1323 1921 1579 1992 hymnos,
1630 1919 2063 1990 ingredientibus

498 2013 623 2068 aliis
647 2011 714 2066 ad
736 2011 1103 2078 serviendum,
1127 2026 1257 2065 vasa
1280 2011 1442 2066 cilicii
1462 2012 1544 2066 sui
1571 2011 1783 2081 signata
1805 2010 2058 2064 tradunt:

497 2118 620 2173 qua:
644 2109 864 2173 accepta
896 2102 985 2157 alii
1029 2108 1180 2156 tanta
1214 2117 1347 2155 cura
1386 2109 1443 2157 et
1474 2102 1843 2158 sollicitudine
1878 2108 2065 2156 custo-

497 2194 677 2262 diunt,
729 2204 788 2249 ut
824 2210 893 2250 ne
942 2209 1132 2249 eorum
1185 2193 1464 2264 quidpiam
1514 2194 1600 2249 vel
1643 2193 1924 2264 frangatur
1977 2192 2064 2247 vel

495 2292 704 2355 pereat,
737 2290 996 2357 quantam
1023 2283 1071 2340 is
1102 2283 1357 2339 adhibeat
1392 2284 1480 2337 cui
1512 2299 1642 2339 vasa
1680 2299 1836 2338 sacra
1861 2299 1926 2338 ac
1952 2280 2063 2338 Deo

497 2371 675 2426 dicata
696 2372 1130 2428 committuntur.
1160 2371 1298 2425 Nam
1321 2387 1443 2428 sese
1476 2380 1780 2442 praeparant
1800 2370 1869 2425 ad
1894 2371 2063 2426 ratio-

495 2476 619 2517 nem
648 2461 1000 2527 reddendam,
1036 2477 1145 2517 non
1181 2463 1356 2517 solum
1390 2476 1677 2519 mconomo
1713 2462 1769 2516 in
1807 2460 2062 2531 praesenti

495 2554 762 2622 tempore,
805 2553 899 2608 sed
928 2554 1092 2607 etiam
1125 2551 1236 2606 Deo
1270 2553 1325 2605 in
1349 2552 1558 2616 futuro,
1590 2552 1637 2606 si
1666 2559 1761 2606 aut
1785 2551 2063 2621 negligen-

495 2642 572 2697 tia
586 2651 679 2697 aut
695 2644 920 2713 segnitie
942 2658 1132 2697 eorum
1153 2642 1431 2712 quidpiam
1455 2642 1696 2711 perierit.
1716 2641 1824 2714 (57)
1844 2641 1925 2696 Ad
1948 2657 2064 2696 ma-

489 2732 668 2803 jorem
701 2748 863 2803 porro
894 2732 1167 2787 dictorum
1193 2731 1375 2796 tidem,
1417 2748 1536 2801 qua:
1569 2734 1705 2787 meis
1738 2732 1855 2802 ipse
1887 2732 2063 2787 oculis

496 2824 745 2894 perspexi
783 2823 1036 2877 narrabo.
1073 2821 1132 2876 ln
1166 2822 1504 2880 hebdomade
1531 2822 1815 2891 cujusdam
1850 2821 2060 2888 fratris,

497 2914 869 2985 pertransiens
930 2928 1287 2977 mconomus,
1352 2927 1524 2981 pauca
1583 2912 1850 2967 lenticulae
1894 2927 2064 2982 grana

496 3004 648 3059 humi
678 3004 920 3074 projecta
954 3005 1106 3066 vidit,
1136 3018 1313 3074 neque
1342 3002 1589 3074 despexit
1614 3004 1772 3073 quasi
1805 3018 1919 3058 rem
1940 3003 2064 3057 nul-

2160 1827 2219 1880 δὲ
2242 1825 2703 1897 ταπεινοφροσύνη
2731 1826 2828 1879 καὶ
2860 1825 3062 1898 σπουδὴ
3093 1828 3151 1880 ὲν
3180 1829 3246 1896 τῇ
3273 1824 3521 1897 διακονία
3552 1826 3736 1879 ἑπιτε⁶

2160 1917 2332 1973 λεῖται
2360 1919 2492 1991 παρ’
2528 1919 2732 1982 αὐτοῖς,
2759 1918 2858 1988 ὅση
2886 1918 2986 1971 οὐκ
3013 1917 3080 1971 ἂν
3109 1916 3390 1980 δεσπόταις
3420 1917 3578 1988 παρὰ
3607 1917 3732 1971 δού-

2160 2010 2267 2065 λων
2296 2009 2684 2082 παρασχεθείη.
2727 2008 3221 2080 Συμπληρωθείσης
3256 2009 3313 2063 δὲ
3351 2010 3451 2079 τῆς
3493 2008 3740 2079 ἑϐδομά-

2159 2103 2270 2167 δος,
2327 2105 2394 2174 τῇ
2458 2102 2811 2173 ἀναστασίμῳ
2868 2102 3050 2173 ἡμέρᾳ
3109 2099 3247 2172 μετά
3292 2101 3419 2164 τοὺς
3473 2100 3737 2165 ἑωθινοὺς

2162 2194 2363 2266 ὕμνους
2400 2193 2582 2258 ἀλλοις
2617 2194 2777 2247 πάλιν
2805 2196 2917 2257 τοῖς
2960 2193 3355 2265 εἰσερχομένοις
3384 2193 3735 2263 ὑπηρετῆσαι

2159 2285 2229 2339 τὰ
2256 2284 2389 2357 πρὸς
2411 2286 2510 2355 τὴν
2534 2285 2728 2355 χρῆσιν
2751 2284 2920 2354 σκεύη
2949 2284 3361 2355 σεσημειωμένα
3391 2284 3729 2353 παραδιδόα-

2161 2390 2277 2428 σινο
2308 2376 2465 2431 ἀτινα
2502 2376 2799 2447 δεχόμενοι,
2831 2374 3096 2445 τοσαύτην
3128 2375 3391 2447 μέριμναν
3439 2375 3540 2427 καὶ
3572 2390 3741 2445 φρον-

2158 2469 2278 2522 τίδα
2311 2471 2390 2533 εἰς
2418 2468 2514 2540 τὴν
2567 2468 2770 2522 τούτων
2809 2466 3203 2540 παραφυλακὴν
3232 2466 3617 2530 ἐνδείκνυνται,
3657 2468 3729 2538 μή

2158 2576 2212 2613 τι
2245 2558 2304 2624 ἑξ
2336 2559 2514 2613 αὐτῶν
2546 2558 2750 2630 κλασθῇ
2782 2559 2815 2629 ἢ
2854 2559 3142 2628 ἀπόληται,
3178 2560 3308 2628 ὅσην
3339 2559 3487 2622 εἰκὸς
3518 2559 3615 2611 τὸν
3637 2576 3735 2611 πε-

2161 2650 2516 2722 πιστευμένον
2546 2648 2715 2721 σκεύη
2764 2650 2883 2722 ἱερά
2918 2651 3011 2705 καὶ
3045 2649 3122 2720 τῷ
3153 2649 3272 2720 Θεῷ
3311 2650 3729 2722 ἀνατεθειμένα.

2172 2741 2418 2811 Ὑφέξειν
2461 2741 2569 2814 γὰρ
2617 2742 2771 2811 λόγον
2812 2741 3185 2812 ἑτοιμάζονται
3223 2742 3285 2796 οὐ
3310 2742 3467 2814 μόνον
3533 2744 3594 2795 ἑν
3655 2742 3733 2813 τῷ

2162 2834 2391 2905 παρόντι
2449 2832 2528 2904 τῷ
2557 2834 2842 2905 οἰκονόμῳ,
2893 2833 3029 2887 ἀλλὰ
3068 2834 3163 2888 καὶ
3187 2836 3245 2887 ἑν
3281 2834 3359 2904 τῷ
3384 2834 3636 2904 μέλλοντι
3660 2834 3734 2904 τῷ

2161 2921 2300 2993 Θεῷ,
2341 2923 2389 2976 εἰ
2428 2921 2580 2993 τύχοι
2622 2923 2682 2987 ἐξ
2716 2922 3024 2993 ἀμελείαςῆ
3062 2921 3329 2994 ῥᾳθυμίας
3348 2923 3652 2977 ἀπολέσθαι
3681 2941 3735 2978 τι

2165 3013 2223 3080 ἑξ
2277 3012 2472 3068 αὐτῶν.
2532 3013 2679 3085 Πρὸς
2713 3012 2929 3068 πλείονα
2960 3014 3018 3067 δὲ
3058 3014 3237 3068 πίστιν
3268 3014 3375 3068 τῶν
3402 3017 3733 3086 εἰρημένων,

497 3094 607 3150 lius
658 3095 851 3164 pretii;
905 3095 1000 3149 sed
1049 3094 1236 3150 multis
1290 3094 1631 3164 increpatum
1682 3097 1928 3161 fratrem,
1974 3094 2061 3148 cui

2168 3103 2302 3174 ὅπερ
2325 3102 2512 3165 αὐταῖς
2539 3102 2724 3171 ὄψεσιν
2758 3102 3068 3174 ἐθεασάμην
3120 3104 3411 3176 προσθήσω
3547 3106 3739 3177 διηγή-

497 3174 798 3238 hebdomas
851 3183 944 3238 illa
993 3181 1308 3237 concredita
1372 3192 1524 3246 erat,
1578 3196 1738 3252 pmna
1794 3183 2065 3251 multavit,

498 3276 658 3346 quasi
702 3274 1064 3345 negligentem
1102 3289 1173 3329 ea
1216 3287 1345 3345 quae
1394 3272 1507 3327 Deo
1543 3273 1724 3328 dicata
1771 3281 1978 3339 essent,
2015 3283 2070 3330 et

499 3367 916 3420 conculcantem
953 3367 1232 3435 propriam
1266 3365 1681 3420 conscientiam.
1721 3362 1897 3418 Tanta
1923 3366 2066 3420 enim

499 3469 635 3510 cura
666 3463 722 3510 et
750 3456 1120 3511 sollicitudine
1153 3455 1335 3510 omnia
1377 3461 1618 3519 servant,
1665 3456 1850 3510 omnia
1888 3455 2067 3510 admi-

501 3544 762 3610 nistrant,
809 3553 870 3599 ut
912 3561 977 3601 ea
1015 3560 1137 3616 qua:
1178 3546 1338 3601 nobis
1363 3545 1495 3598 vilia
1523 3552 1578 3600 et
1605 3545 1956 3615 despicabitia
1986 3545 2069 3600 vi-

501 3635 722 3704 dentur,
752 3652 948 3708 magna
991 3637 1290 3693 attentione
1327 3635 1674 3703 custodiant;
1715 3638 1789 3691 ita
1828 3646 1887 3693 ut
1926 3637 2069 3693 male

499 3728 739 3799 positum
761 3744 857 3784 vas
884 3728 1238 3790 transferant.
1271 3727 1576 3799 projectum
1600 3727 1880 3798 colligant,
1907 3726 2066 3799 313

500 3818 788 3874 credentes
818 3834 877 3874 se
903 3834 935 3873 a
969 3819 1197 3873 Domino
1230 3818 1339 3873 Deo
1386 3819 1581 3873 harum
1621 3833 1839 3889 quoque
1883 3833 2066 3873 rerum

500 3908 803 3963 mercedem
823 3918 1164 3980 accepturos.
1188 3909 1298 3981 (58)
1316 3908 1422 3966 llas
1438 3908 1836 3964 hebdomadum
1852 3909 2067 3979 regulas

500 4011 599 4069 per
654 4004 825 4052 totum
895 4000 1173 4054 Orientem
1239 4000 1521 4055 observari
1588 3998 2064 4068 deprehendimus.

502 4087 655 4159 Apud
691 4087 976 4160 Aigyptios
1007 4097 1190 4144 autem
1220 4105 1329 4145 non
1365 4089 1440 4143 ita
1469 4088 1870 4145 hebdomadum
1903 4088 2067 4143 vicis-

500 4180 682 4236 situdo
721 4187 1005 4247 servatur;
1043 4181 1137 4235 sed
1185 4180 1349 4235 alicui
1395 4179 1628 4234 fratrum
1675 4178 2065 4249 probatissimo

498 4271 694 4326 culinae
744 4286 875 4326 cura
924 4272 1302 4337 committitur,
1344 4279 1551 4341 quanto
1586 4271 1793 4326 scilicet
1823 4278 2065 4340 tempore

458 4417 465 4425 ,
496 4363 672 4418 virtus
706 4363 826 4433 ejus
865 4371 1217 4435 augmentum
1262 4364 1480 4434 accipit,
1537 4364 1682 4419 vires
1728 4364 1976 4434 corporis
2006 4364 2064 4417 in

2170 3210 2319 3264 ματι.
2357 3193 2445 3246 Ἐν
2471 3186 2536 3263 τῇ
2572 3192 2821 3264 ἑϐδομάδι
2844 3194 2988 3258 τινὸς
3027 3194 3256 3264 ἀδελφοῦ
3287 3195 3497 3266 παριὼν
3532 3200 3562 3250 ό
3593 3200 3736 3250 οἱκο-

2165 3283 2327 3355 νόμος
2359 3283 2572 3352 ὀλίγους
2603 3284 2833 3348 κόκκους
2868 3285 3047 3356 φακῆς
3067 3285 3207 3338 κατὰ
3232 3285 3337 3356 γῆν
3369 3287 3739 3359 ἐρριμμένους

2165 3374 2447 3440 ἐθεάσατο,
2480 3375 2576 3429 καὶ
2610 3374 2672 3427 ού
2717 3374 3119 3446 κατεφρόνησεν
3163 3376 3239 3440 ὡς
3278 3377 3496 3449 οἰκτροῦ
3528 3379 3623 3432 καὶ
3649 3378 3743 3431 ού-

2165 3464 2389 3536 δαμινοῦ
2427 3464 2779 3537 πράγματος·
2831 3465 2968 3519 ἀλλὰ
2997 3465 3166 3520 πολλά
3211 3467 3514 3535 ἐγκαλέσας
3535 3469 3614 3540 τῷ
3639 3469 3736 3541 τὴν

2167 3553 2430 3623 ἑϐδομάδα
2457 3553 2875 3626 πεπιστευμένῳ
2905 3555 3137 3627 ἀδελφῷ,
3169 3556 3396 3611 δέδωκεν
3436 3558 3587 3630 αὐτῷ
3616 3562 3738 3614 ἑπι-

2165 3645 2375 3716 τιμίαν,
2405 3645 2481 3709 ὡς
2538 3645 2825 3717 ἀμελοῦντι
2882 3646 2991 3700 τῶν
3036 3647 3113 3719 τῷ
3142 3648 3261 3719 Θεῷ
3307 3650 3735 3722 ἀνατιθεμένων,

2166 3736 2259 3789 καὶ
2287 3736 2687 3789 καταπατοῦντι
2710 3737 2809 3808 τὴν
2841 3736 2975 3791 ἰδίαν
3004 3739 3324 3810 συνείδησιν.
3354 3738 3608 3811 Τοσαύτη
3629 3741 3741 3812 γὰρ

2165 3828 2344 3882 πίστει
2397 3828 2489 3882 καὶ
2522 3828 2723 3901 σπουδῇ
2756 3828 2972 3883 πάντων
3000 3830 3399 3901 ἐπιμελοῦνται,
3431 3834 3529 3886 καὶ
3560 3834 3736 3887 πάντα

2162 3918 2472 3985 διοικοῦσιν,
2510 3920 2586 3985 ὡς
2609 3921 2883 3992 καὶμύτά,
2902 3923 3044 3996 ειπερ
3070 3925 3197 3994 ἡμῖν
3220 3923 3409 3995 εὐτελῆ
3440 3924 3538 3978 καὶ
3570 3942 3735 3979 κατα-

2165 4012 2478 4082 φρονήσεως
2523 4011 2649 4078 ἀξια
2700 4012 3010 4082 φαίνονται,
3045 4013 3182 4084 μετά
3226 4013 3426 4084 πολλῆς
3459 4016 3735 4085 προσοχῆς

2166 4103 2474 4173 φυλάττειν,
2501 4101 2614 4159 οἷον
2644 4104 2863 4174 ἀγγεῖον
2891 4104 3077 4169 κακῶς
3096 4105 3346 4175 κείμενον
3376 4108 3735 4178 μεταστῆσαι,

2166 4190 2356 4256 σκεῦος
2371 4191 2698 4264 ὲρῤιμμὲνον
2721 4194 2962 4258 συνάξαι,
2977 4194 3316 4257 πιστεύοντες
3339 4196 3432 4248 καὶ
3448 4195 3593 4267 ὑπὲρ
3619 4196 3738 4248 τού-

2163 4298 2271 4334 των
2306 4281 2495 4352 μισθὸν
2523 4280 2668 4352 ἔχειν
2709 4285 2838 4353 παρ’
2870 4283 3017 4354 αὐτῷ
3049 4282 3124 4354 τῷ
3150 4283 3391 4354 Δεσπότῃ
3424 4283 3568 4354 Θεῷ.
3604 4285 3736 4338 Τού·

2165 4387 2290 4434 τους
2337 4370 2393 4423 δὲ
2449 4372 2577 4435 τοὺς
2630 4373 2860 4437 κανόνας
2897 4373 3007 4427 τῶν
3035 4374 3341 4444 ἑϐδομάδων
3374 4374 3520 4428 κατά
3554 4379 3733 4431 πᾶσαν

498 4452 658 4508 oﬂicii
698 4454 977 4510 functione
1025 4463 1339 4526 suppetunt,
1393 4471 1495 4510 nec
1537 4464 1791 4511 senectus
1836 4455 2061 4508 infirmi-

2165 4461 2262 4533 τὴν
2295 4462 2582 4535 Ἀνατολὴν
2606 4464 2916 4537 εὑρήκαμεν
2935 4437 3195 4534 γίνεσθαι.
3233 4466 3391 4537 Παρά
3410 4466 3468 4520 δὲ
3498 4473 3617 4533 τοῖς
3640 4472 3733 4524 Αί-

497 4551 651 4599 tasve
688 4546 961 4615 prohibet.
995 4545 1132 4600 Cum
1166 4554 1347 4601 autem
1384 4547 1545 4603 nobis
1570 4562 1750 4602 sermo
1775 4546 1845 4602 sit
1871 4547 1939 4602 de
1965 4546 2061 4601 ob-

2165 4553 2417 4622 γυπτίοις
2466 4554 2564 4625 ούχ
2613 4554 2755 4609 οῦτω
2780 4556 2887 4609 τῶν
2924 4555 3233 4627 ἑϐδομάδων
3258 4559 3293 4629 ή
3325 4558 3599 4631 ἑναλλαγὴ
3621 4563 3735 4616 ἑπι-

498 4637 783 4706 sequentia
817 4647 872 4692 et
901 4638 970 4692 de
998 4639 1327 4703 humilitate,
1358 4654 1456 4710 per
1480 4654 1617 4707 quas
1647 4637 1716 4693 ad
1749 4653 2061 4708 supremum

2165 4644 2416 4709 τελεῖται,
2452 4644 2588 4699 ἀλλά
2636 4646 2716 4699 ἑνὶ
2766 4646 3120 4717 δοκιμωτάτῳ
3164 4646 3272 4700 τῶν
3302 4647 3550 4719 ἀδελφῶν
3578 4654 3613 4721 ἡ
3643 4652 3732 4705 τοῦ

495 4729 719 4784 virtutis
755 4729 1033 4799 fastigium
1067 4744 1362 4800 possumus
1398 4730 1706 4800 pervenire,
1737 4744 1914 4799 opera:
1944 4745 2061 4800 pre-

2165 4724 2481 4808 ’μαγειρείου
2541 4739 2759 4808 φροντὶς
2804 4738 3176 4809 ἐπιτρέπεται,
3215 4739 3301 4809 ἐφ’
3344 4740 3469 4793 ὅσον
3494 4744 3528 4812 ή
3568 4743 3733 4814 ἀρετὴ

497 4822 631 4875 tium
658 4821 801 4876 duco
827 4836 1000 4891 pauca
1023 4836 1088 4876 ex
1114 4821 1303 4876 multis
1331 4822 1591 4891 praeclare
1614 4821 1783 4892 gestis
1807 4835 1837 4873 a
1859 4820 2061 4875 sanctis

2165 4823 2354 4877 τούτου
2388 4825 2685 4891 ἐπιδίδωσι,
2720 4828 2814 4880 καὶ
2842 4829 2876 4899 η
2901 4829 3053 4899 ἰσχὺς
3081 4827 3172 4881 τοῦ
3201 4829 3449 4900 σώματος
3469 4832 3737 4905 ὑπουργεί

495 4910 753 4967 Patribus
780 4912 875 4985 qui
912 4912 966 4965 in
1002 4911 1271 4966 ccenobiis
1303 4910 1578 4976 eﬂulsere,
1609 4909 1842 4980 exempli
1871 4922 2059 4974 causa,

498 5004 797 5060 narrationi
826 5003 1063 5074 adjicere
1090 5011 1311 5059 nostra.

2168 4916 2226 4967 ἑν
2252 4917 2317 4985 τῇ
2347 4914 2612 4987 διακονίᾳ,
2648 4917 2739 4970 καὶ
2775 4919 2910 4989 μήτε
2937 4919 3111 4990 γῆρας
3132 4920 3280 4990 αύτῷ
3310 4923 3447 4991 μήτε
3477 4923 3734 4978 ἀσθένεια

2169 5001 2466 5073 ἐμποδίζει.
2510 5005 2619 5058 Καὶ
2658 5007 2841 5078 ἐπειδὴ
2873 5009 2901 5060 ό
2930 5007 3084 5075 λόγος
3111 5010 3244 5079 ἡμῖν
3282 5010 3410 5081 περὶ
3458 5012 3734 5085 ὑποταγῆς

498 5095 592 5147 καὶ
622 5092 996 5159 ταπεινώσεως
1028 5092 1355 5173 εῖρηταιηδΰ
1383 5086 1458 5146 ὧν
1495 5089 1630 5162 πρὸς
1687 5088 1748 5143 τὸ
1786 5088 2080 5160 ἀκρότατον
2116 5089 2215 5160 τῆς
2254 5092 2453 5163 ἀρετῆς
2499 5093 2738 5148 ἀνελθεῖν
2795 5095 3085 5166 δυνάμεθα,
3144 5098 3437 5170 ἀναγκαῖον
3474 5101 3734 5173 ὑπολαμ-

498 5188 646 5242 ϐάνω
675 5189 830 5259 ὀλίγα
874 5193 939 5244 ἑκ
1006 5188 1213 5269 πολλῶν
1247 5187 1355 5241 τῶν
1391 5188 1449 5241 ὲν
1487 5189 1598 5250 τοῖς
1666 5183 1951 5248 κοινοϐίοις
2004 5183 2418 5256 διαλαμψόωτων
2483 5186 2706 5257 ἀγώνων
2750 5188 2964 5263 [ἁγίων]
3000 5190 3259 5263 Πατέρων
3335 5192 3731 5265 κατορθώματα

499 5282 933 5354 παραδείγματος
962 5284 1120 5355 χάριν
1148 5282 1461 5355 προσθεῖναι
1493 5280 1569 5351 τῷ
1600 5279 1916 5351 διηγήματι.

569 5376 623 5433 9.
641 5377 752 5449 (59)
771 5378 898 5432 Erat
912 5377 1129 5449 quidam
1151 5377 1312 5434 Pater
1333 5375 1573 5431 Muthius
1586 5373 1694 5446 (60)
1715 5373 1951 5445 nomine,
1965 5373 2058 5445 qui

452 5484 462 5523 ί
570 5497 682 5596 rem
714 5514 1244 5596 cassianqrnsmui.
1268 5517 1366 5574 lib.
1407 5531 1484 5583 tv,
1514 5530 1564 5571 c.
1595 5515 1684 5574 20.

594 5516 682 5581 57)
714 5516 965 5596 cassian.
998 5516 1056 5570 In

570 5516 686 5724 is;
715 5584 852 5709 32:3;
884 5602 936 5710 ἓξ
962 5585 1056 5709 ξξς

2236 5370 2290 5427 9.
2322 5370 2518 5441 Γέγονὲ
2543 5387 2626 5436 τις
2653 5370 2842 5443 Πατὴρ
2869 5371 3101 5439 Μούθιος
3119 5374 3362 5447 ὀνόματι.
3424 5370 3596 5442 Οὗτος
3614 5379 3731 5432 ἐπι.

2244 5511 2357 5584 (60)
2385 5510 2752 5586 Alii_putan_t_
2775 5512 2979 5586 rectius
3029 5512 3134 5586 legi
3182 5510 3581 5567 Patermutltitu
3620 5526 3731 5571 ulla

2173 5579 2461 5655 voce,'qua
2489 5579 2556 5638 de
2585 5595 2644 5637 re
2664 5579 2822 5638 alibi.
