3856 6206
1319 266 1647 325 EPISTULA
1692 271 1712 324 l
1751 269 1842 324 AD
1874 269 2268 327 CASTOREM.

3286 275 3403 359 sua

144 375 329 433 ποθῶν
371 378 753 445 ἀποτάξασθαι
800 378 879 453 τῷ
922 381 1147 455 κόσμῳ,
1180 386 1622 457 παραγενόμενος
1661 389 1718 440 ὲν

1836 400 1944 440 :um
1978 386 2136 441 vellet
2176 385 2381 440 mundo
2426 386 2765 453 renuntiare,
2793 389 3058 446 accedens
3097 390 3162 445 ad
3205 408 3395 449 emno-

145 467 422 540 κοινοδίῳ,
451 471 682 524 ἐπιπολὺ
723 471 831 543 πρὸ
860 471 1185 548 τῶναθυρῶν
1229 474 1326 528 τοῦ
1362 478 1723 549 μοναστηρίου

144 559 540 632 ἐκαρτέρησεν,
567 561 670 625 ἕως
696 561 783 615 ὅτε
815 565 880 634 τῇ
917 564 1084 635 πολλῇ
1115 564 1278 618 αὑτοῦ
1303 565 1548 637 ὑπομονῇ
1585 566 1724 637 μετά

149 651 350 722 μικροῦ
391 651 507 705 υἱοῦ
537 652 690 726 παρὰ
718 653 810 707 τὸν
839 654 1044 726 συνήθη
1084 656 1282 710 κανόνα
1324 656 1417 709 τοῦ
1460 656 1724 709 κοινοὸίου

144 740 363 814 ἐδέχθη.
394 743 507 796 Καὶ
545 744 635 796 ὅτε
669 744 809 814 μετά
851 746 1081 809 πολλοὺς
1114 746 1315 810 κόπους
1356 746 1624 817 εἰσῆλθεν,
1664 747 1723 799 οὐ

148 832 308 902 μόνον
336 833 617 902 διαφόροις
649 834 830 906 ἔργοις
861 836 1257 909 παρεδόθησαν,
1288 838 1422 891 ἀλλά
1452 838 1547 891 καὶ
1586 837 1725 892 κατά

145 925 248 994 τὴν
279 924 375 977 τοῦ
403 925 617 978 κελλίου
658 927 968 999 συνοίκησιν
1006 928 1454 1000 διεχωρίσθησαν,
1485 929 1632 993 ὅπως
1657 931 1722 1000 τῇ

146 1016 242 1069 ἀπ’
277 1016 528 1089 ἀλλήλων
556 1018 823 1084 διαζεύξει
850 1017 991 1073 κατά
1025 1021 1217 1092 μικρὸν
1258 1021 1357 1090 τῆς
1398 1020 1532 1092 πρὸς
1560 1019 1720 1091 ἀλλή-

145 1105 275 1169 λους
312 1107 553 1178 φυσικῆς
588 1108 958 1180 προσπαθείας
988 1110 1408 1179 ἀπαλλαγῶσιν·
1444 1108 1513 1182 ῆς
1544 1112 1724 1182 χάριτι

143 1197 389 1267 Χριστοῦ
423 1199 511 1253 διά
538 1201 636 1271 τῆς
668 1200 868 1270 πολλῆς
890 1200 1199 1271 γυμνασίας
1229 1204 1258 1255 6
1287 1201 1466 1273 πατὴρ
1504 1201 1728 1271 ἠλευθε-

145 1288 317 1360 ρὼθη.
340 1289 448 1343 Καί
477 1306 609 1343 ποτε
642 1290 778 1361 πρὸς
808 1290 1036 1359 βάσανον
1065 1291 1159 1345 καὶ
1186 1279 1413 1363 δοκιμῆν
1440 1292 1537 1362 τῆς
1560 1289 1724 1344 αὑτοῦ

142 1380 350 1452 ἀρετῆς
386 1382 827 1453 προσεποιήσατο
869 1384 897 1436 6
930 1382 1105 1446 ἀϐὅᾶς
1160 1383 1278 1453 μετ’
1312 1382 1484 1455 ὀργῆς
1518 1384 1725 1451 ἀγανα-

142 1469 295 1520 κτεῖν
332 1468 473 1541 πρὸς
503 1469 595 1521 τὸν
623 1470 809 1531 παῖδα,
841 1472 936 1524 καὶ
962 1472 1294 1543 προστάσσει
1334 1471 1412 1543 τῷ
1452 1472 1725 1545 είρημένῳ

142 1557 316 1629 πατρὶ
344 1556 513 1611 αὑτοῦ
542 1559 725 1613 λαϐεῖν
747 1560 908 1613 αὑτὸν
933 1562 1026 1614 καὶ
1054 1562 1207 1632 ῥίψαι
1234 1564 1315 1625 είς
1340 1562 1431 1615 τὸν
1459 1563 1724 1633 ποταμόν.

141 1649 280 1703 Τότε
310 1652 542 1715 ἐκεῖνος,
578 1650 653 1713 ὡς
676 1649 742 1705 ἂν
772 1652 877 1704 ὑπὸ
908 1652 1045 1705 Θεοῦ
1075 1653 1436 1723 προσταχθεὶς
1459 1653 1724 1724 βαστάσαι

143 1740 313 1796 αὐτοῦ
337 1741 432 1797 τὸν
456 1742 642 1806 παῖδα,
662 1743 917 1815 δρομαῖος
946 1743 1039 1796 ἐπὶ
1061 1744 1160 1815 τὴν
1179 1744 1344 1816 δχθην
1360 1744 1452 1797 τοῦ
1480 1745 1724 1816 ποταμοῦ

142 1833 535 1905 παραγίνεται,
571 1834 665 1886 καὶ
704 1832 948 1886 σπεύδων
980 1832 1266 1904 πληρῶσαι
1301 1834 1363 1887 τὸ
1398 1834 1726 1906 πρόσταγμα

144 1924 330 1978 πίστει
356 1924 607 1996 διαπύρῳ
628 1926 723 1978 καὶ
742 1924 1034 1997 θερμότητι
1058 1925 1159 1995 τῆς
1190 1926 1455 1997 ὑπακοῆς,
1480 1926 1726 1997 ἐκωλύθη

144 2014 251 2068 ὑπὸ
275 2007 391 2068 τῶν
423 2013 689 2083 ἀδελφῶν,
720 2015 1140 2083 ὲπιφθασάντων
1168 2016 1261 2070 καὶ
1284 2018 1727 2088 ἀφαρπασάντων

142 2105 236 2160 τὸν
274 2105 471 2159 παῖδα.
496 2105 761 2159 Τοσοῦτον
787 2102 881 2160 οὖν
920 2106 1071 2178 παρὰ
1097 2106 1218 2177 Θεῷ
1251 2109 1285 2179 ἠ
1319 2108 1501 2171 πίστις
1535 2107 1725 2162 τούτου

143 2198 241 2250 καὶ
261 2199 296 2268 ἡ
320 2196 540 2267 ὑπακοὴ
553 2196 908 2268 προσεδέχθη,
927 2197 1002 2261 ὡς
1024 2197 1566 2270 ἀποκαλυφθῆναιτῷ
1587 2198 1728 2271 ἀ66ᾷ

143 2287 210 2338 ἐκ
236 2285 336 2339 τοῦ
355 2285 513 2349 Θεοῦ,
535 2286 618 2338 ὅτι
644 2287 703 2339 τὸ
725 2285 882 2358 ἔργον
908 2287 1000 2340 τοῦ
1030 2287 1281 2360 Ἀϐραὰμ
1304 2284 1456 2353 οὗτος
1484 2290 1725 2360 ἐποίησε.

144 2377 283 2431 Μετ’
315 2377 499 2446 ὀλίγον
535 2376 592 2430 δὲ
625 2378 814 2449 χρόνον
843 2380 871 2432 6
902 2360 1189 2451 εἰρημένος
1226 2380 1401 2445 ἀ66ᾶς
1431 2380 1525 2433 τοῦ
1556 2398 1730 2435 κοινο·

145 2468 268 2523 ϐίου
299 2468 591 2533 τελευτῶν,
620 2468 806 2523 τοῦτον
829 2469 1071 2540 διάδοχον
1110 2470 1274 2525 αὑτοῦ
1308 2471 1620 2526 κατέλιπεν.

219 2559 313 2615 10.
344 2559 539 2613 Ἀλλον
569 2559 812 2632 ἔγνωμεν
839 2560 1068 2631 ἀδελφὸν
1098 2557 1528 2634 ἀποταξάμενοῆ
1549 2563 1610 2626 ὃς
1635 2563 1731 2617 καὶ

146 2652 293 2707 κατά
330 2653 426 2706 τὸν
461 2651 663 2724 κόσμον
711 2654 884 2725 μέγας
937 2638 1147 2726 ὑπῆρχε
1190 2654 1312 2725 (καὶ
1348 2654 1457 2727 γάρ
1482 2656 1511 2708 6
1544 2656 1730 2728 Πατὴρ

144 2743 313 2799 αὑτοῦ
347 2745 526 2815 κόμης
551 2745 904 2816 ἐστρατεύετο
926 2747 1021 2799 καὶ
1041 2746 1291 2810 πλούσιος
1311 2746 1617 2818 ἐτύγχανε),
1636 2749 1730 2802 καὶ

144 2838 204 2891 ὲν
234 2835 633 2908 ἀναγνώσμασι
674 2836 979 2900 σπουδαίοις
1010 2837 1071 2891 οὑ
1096 2837 1331 2910 μετρίως
1351 2834 1419 2909 ἧν
1456 2855 1731 2910 γεγυμνα-

146 2929 377 3000 σμένος.
416 2920 587 2993 Οὗτος
621 2924 714 2983 οὖν
747 2929 1080 2999 καταλείψας
1127 2930 1225 3003 τὴν
1270 2931 1541 3002 κοσμικὴν
1571 2949 1730 3004 περι-

145 3023 406 3092 φάνειαν,
438 3020 578 3093 πρὸς
601 3021 695 3075 τὸν
730 3023 936 3095 μονήρη
970 3022 1083 3093 βίον
1112 3021 1358 3094 ὥρμησε,
1385 3024 1478 3078 καὶ
1503 3025 1566 3098 δὴ
1593 3025 1732 3097 πρὸς

143 3113 381 3186 δοκιμὴν
412 3114 514 3186 τῆς
551 3113 716 3168 αὐτοῦ
756 3115 989 3180 πίστεως
1023 3117 1117 3169 καὶ
1152 3115 1533 3191 ταπεινώσεως
1565 3135 1732 3191 προσ-

144 3205 415 3260 τάσσεται
446 3205 554 3260 ὑπὸ
580 3206 674 3260 τοῦ
711 3206 855 3261 ἀϐὃᾶ
876 3206 1009 3260 δέκα
1034 3207 1297 3280 σπυρίδας
1323 3188 1620 3279 βαστάσαι,
1638 3210 1731 3263 καὶ

145 3302 207 3354 ιν
236 3303 307 3373 τῇ
353 3299 607 3372 πόλειτῇ
651 3299 758 3370 ίδία
801 3298 1085 3370 πωλῆσαι,
1116 3300 1210 3353 καὶ
1254 3300 1328 3373 μὴ
1362 3302 1544 3366 πάσας
1595 3300 1731 3373 ὁμοῦ

146 3391 289 3447 ἀλλά
336 3391 483 3445 κατά
519 3391 648 3463 μίαν
678 3390 848 3455 αὑτάς
883 3391 1117 3446 πωλεῖν
1147 3392 1283 3466 ὅπερ
1337 3396 1545 3458 ἐκεῖνος
1594 3394 1733 3466 μετά

147 3483 342 3555 πάσης
369 3483 648 3554 ὑπομονῆς
678 3483 771 3536 καί
808 3481 1188 3549 ταπεινώσεως
1222 3484 1561 3557 ἐπλήρωσεν,
1609 3488 1731 3539 ἐπι-

147 3575 266 3638 θεὶς
297 3574 403 3639 τάς
432 3573 693 3645 σπυρίδας
726 3576 841 3637 τοῖς
867 3572 1058 3645 ὤμοις,
1094 3575 1190 3629 καὶ
1220 3575 1389 3639 αὑτὰς
1429 3576 1571 3631 κατά
1601 3576 1733 3649 μίαν

146 3666 452 3737 πωλήσας,
499 3665 573 3736 μὴ
617 3663 974 3735 λογισάμενος
1017 3664 1118 3736 τὴν
1150 3665 1425 3721 εὐτέλειαν
1459 3666 1553 3720 τοῦ
1593 3668 1735 3738 πρά-

146 3772 389 3828 γματος,
418 3754 513 3808 καὶ
546 3753 640 3807 τοῦ
665 3754 854 3823 γένους
902 3753 1000 3825 τὴν
1041 3754 1436 3827 λαμπρότητα,
1484 3758 1578 3812 καὶ
1631 3759 1734 3830 τῆς

1824 478 1997 544 bium,
2021 479 2112 533 diu
2143 486 2269 533 ante
2291 477 2436 533 fores
2460 480 2777 533 monasterii
2807 483 3188 551 perseveravit,
3218 484 3394 542 donec

1825 572 1897 626 ob
1926 588 2195 627 summam
2225 573 2344 643 ejus
2370 573 2686 643 patientiam
2716 589 2839 629 cum
2872 592 3036 646 pravo
3062 577 3171 633 ﬁlio
3199 590 3395 650 prater

1825 671 2101 717 assuetam
2134 665 2453 719 monasterii
2482 666 2680 736 legem,
2715 666 2990 723 admissus
3025 678 3126 724 est.
3156 672 3235 725 Ac
3266 687 3393 727 cum

1825 763 1948 823 post
1972 756 2170 811 mullos
2201 758 2415 812 labores
2447 774 2730 828 Ingressus
2763 758 2884 823 fuit,
2902 778 3011 816 non
3042 763 3203 818 modo
3227 765 3394 821 variis

1824 847 2082 915 operibus
2126 847 2286 903 ambo
2336 850 2521 902 traditi
2572 859 2723 914 sunt,
2780 851 2879 907 sed
2940 856 3179 924 separati
3229 859 3393 912 etiam

1824 936 1977 992 fuere
2005 938 2184 1008 quoad
2232 939 2439 994 cellulae
2472 939 2889 1012 habitationem,
2924 954 2986 999 ut
3029 946 3396 1016 disjunctione

1824 1027 1915 1083 illa
1955 1028 2214 1097 paulatim
2257 1041 2444 1083 mutua
2485 1030 2575 1085 illa
2601 1034 2838 1088 naturali
2882 1034 3167 1092 aﬂ‘ectione
3207 1039 3399 1093 libera-

1823 1126 2055 1186 rentur;
2091 1134 2198 1189 qua
2226 1120 2375 1185 item,
2410 1120 2614 1176 Christi
2650 1125 2843 1193 gratia,
2870 1141 2967 1197 per
2990 1128 3214 1181 multam
3239 1144 3383 1184 exer-

1825 1210 2139 1265 citationem
2197 1219 2353 1282 pater
2408 1212 2671 1270 liberatus
2723 1224 2828 1271 est.
2886 1217 2966 1270 Ad
3020 1219 3396 1289 probationem

1824 1307 2005 1353 autem
2064 1307 2119 1355 et
2189 1301 2618 1370 experimentum
2673 1305 2891 1360 virtutis
2937 1305 3058 1374 ejus
3106 1307 3400 1363 simulabat

1824 1389 2115 1459 aliquando
2143 1390 2312 1446 abbas
2342 1407 2401 1447 se
2422 1393 2503 1445 ira
2546 1396 2807 1449 adversus
2838 1411 3066 1465 puerum
3110 1397 3398 1467 concitari,

1819 1480 2096 1551 jussitque
2138 1481 2455 1552 supradicto
2489 1482 2609 1553 ejus
2658 1485 2798 1553 patri
2835 1492 2895 1539 ut
2926 1486 3199 1541 sublatum
3229 1488 3404 1559 proji-

1825 1578 1973 1626 ceret
2009 1572 2065 1625 in
2097 1570 2345 1627 ﬂuvium.
2379 1571 2517 1626 Tum
2559 1572 2670 1637 ille,
2717 1574 2876 1643 quasi
2925 1574 3035 1630 Deo
3075 1575 3303 1645 jubente
3340 1588 3399 1634 ut

1827 1663 2044 1718 tolleret
2088 1662 2256 1718 ﬁlium
2287 1679 2469 1731 suum,
2505 1665 2781 1720 concitato
2807 1680 2971 1721 cursu
2996 1667 3063 1720 ad
3096 1671 3267 1738 ripam
3298 1667 3400 1722 llu-

1759 1734 1799 1788 B
1827 1756 1992 1811 minis
2027 1754 2267 1819 advenit,
2311 1770 2375 1810 ac
2407 1756 2536 1811 dum
2569 1756 2785 1826 jussum
2825 1757 3050 1829 implere
3076 1774 3142 1813 ex
3184 1758 3394 1815 ardenti
3432 1758 3444 1768 ’

1828 1847 1954 1911 ﬁde,
2013 1853 2067 1902 et
2118 1862 2186 1903 ex
2244 1846 2456 1903 fervore
2510 1847 2830 1903 obedientiae
2888 1858 3224 1920 properaret,
3271 1865 3395 1922 pro-

1825 1940 2032 1996 hibitus
2071 1946 2155 1995 est
2217 1953 2248 1993 a
2310 1939 2573 1995 fratribus
2641 1940 2732 2011 qui
2779 1956 3091 2011 pracvenere
3146 1928 3298 1996 illum
3344 1953 3402 1999 et

1828 2030 1993 2085 ﬁlium
2019 2030 2323 2099 abripuere.
2351 2027 2658 2101 (6l)Usque
2685 2029 2819 2084 adeo
2843 2039 3021 2085 autem
3046 2030 3166 2100 ejus
3189 2030 3320 2087 ﬁdes
3347 2039 3403 2087 et

1827 2119 2134 2175 obedientia
2188 2119 2298 2174 Deo
2368 2129 2593 2189 accepta
2645 2117 2783 2185 fuit,
2835 2130 2895 2173 ut
2952 2134 2982 2173 a
3031 2118 3141 2175 Deo
3193 2121 3400 2176 revela-

1828 2219 1945 2265 tum
1997 2209 2162 2265 fuerit
2213 2210 2417 2274 abbati,
2464 2211 2641 2279 ipsum
2686 2210 2981 2264 Abrahami
3029 2225 3168 2281 opus
3218 2211 3400 2282 perfe—

1829 2302 1992 2357 cisse.
2035 2299 2214 2356 Parvo
2255 2309 2434 2356 autem
2458 2302 2644 2371 elapso
2680 2309 2943 2373 tempore,
2976 2304 3271 2372 praedictus
3295 2318 3405 2359 cm-

1828 2394 1979 2448 nobii
2022 2392 2192 2448 abbas
2242 2409 2367 2447 cum
2407 2392 2653 2460 obiisset,
2696 2409 2821 2448 eum
2870 2408 3245 2450 successorem
3296 2395 3403 2450 sibi

1828 2480 2050 2552 reliquit

1904 2571 1990 2626 10.
2042 2569 2222 2624 Alium
2271 2570 2526 2627 novimus
2567 2570 2814 2637 fratrem,
2878 2574 2971 2644 qui
3031 2574 3233 2629 saeculo
3284 2590 3406 2631 sese

1830 2661 2142 2726 abdicavit,
2208 2661 2304 2732 qui
2366 2662 2532 2716 etiam
2600 2664 2657 2717 in
2724 2665 2931 2720 mundo
2988 2665 3222 2735 insignis
3286 2673 3406 2720 erat

1831 2754 2008 2822 (pater
2045 2751 2245 2822 quippe
2286 2749 2407 2821 ejus
2452 2765 2636 2808 comes
2683 2752 2884 2808 bellum
2926 2755 3181 2824 gerebat,
3221 2754 3406 2810 dives-

1830 2860 1938 2916 que
1983 2846 2145 2913 erat),
2208 2859 2309 2899 nec
2358 2841 2707 2899 mediocriter
2750 2843 2999 2900 eruditus
3047 2860 3111 2899 ac
3155 2845 3406 2901 lectionis

1832 2933 2131 2990 studiosus.
2156 2932 2267 3005 (62)
2292 2932 2392 2988 llic
2424 2933 2592 3001 igitur
2634 2933 2883 2988 sazculari
2921 2933 3125 3002 relicto_
3147 2933 3310 3000 fastu,
3337 2933 3407 2989 ad

1758 3064 1803 3126 ο
1834 3026 2192 3083 monasticam
2222 3042 2280 3083 se
2308 3026 2541 3082 contulit
2579 3025 2770 3094 vitam,
2837 3034 3000 3096 atque
3028 3026 3095 3081 ad
3129 3027 3407 3096 probatio-

1835 3135 1960 3175 nem
2012 3118 2135 3174 ﬁdei
2185 3126 2239 3174 et
2295 3117 2620 3175 humilitatis
2674 3134 2789 3175 suae
2828 3118 3050 3189 jubetur
3092 3117 3162 3172 ab
3213 3117 3411 3173 abbate

1837 3211 2023 3267 decem
2057 3218 2272 3283 sportas
2302 3209 2536 3275 deferre,
2571 3218 2625 3267 et
2654 3210 2710 3266 in
2739 3210 2959 3281 propria
2988 3207 3145 3272 urbe,
3180 3222 3281 3262 nec
3302 3223 3410 3263 una

1837 3320 2030 3361 omnes
2059 3304 2153 3359 sed
2191 3305 2504 3375 singulatim
2545 3319 2638 3360 eas
2672 3303 2907 3359 vendere
2938 3320 2952 3357 :
2985 3299 3128 3372 quod
3167 3300 3256 3354 ille
3283 3314 3408 3353 cum

1838 3396 1990 3450 omni
2032 3395 2292 3467 patientia
2319 3402 2374 3451 et
2400 3396 2708 3450 humilitate
2738 3394 3050 3465 complevit,
3082 3399 3410 3465 spomasque

1840 3488 2130 3558 imponens
2199 3488 2445 3544 humeris
2489 3486 2766 3560 sigillatim
2821 3486 3101 3553 vendidit;
3152 3500 3263 3540 non
3311 3479 3412 3539 iiie

1837 3580 1919 3634 rei
1968 3580 2274 3646 vilitatem,
2341 3596 2452 3635 non
2532 3580 2746 3650 generis
2808 3578 3150 3633 nobilitatem
3221 3589 3407 3631 secum

1835 3674 2109 3743 reputavit
2152 3672 2444 3729 :studebat
2486 3674 2634 3727 enim
2679 3670 2886 3727 Christi
2921 3667 3245 3724 humilitatis
3286 3666 3409 3720 imi-

1836 3773 1979 3818 tator
2011 3764 2168 3820 eﬁici.

148 3849 418 3922 πράσεως
449 3846 549 3921 τὴν
608 3846 868 3903 δοκοῦσαν
900 3848 1145 3921 ἀτιμίαν·
1215 3850 1546 3918 Ἐσπούδαζε
1606 3852 1713 3927 γὰρ
1776 3858 2018 3930 μιμητὴν
2056 3858 2248 3912 ἑαυτὸν
2282 3856 2621 3928 καταστῆσαι
2669 3856 2770 3927 τῆς
2811 3854 2905 3909 τοῦ
2941 3851 3175 3926 Χριστοῦ
3222 3866 3411 3904 ταπει-

149 3944 397 4009 νώσεως.
534 3992 541 3999 .

231 4038 324 4093 ﬂ.
354 4035 468 4091 Καὶ
500 4035 656 4090 ἀλλον
683 4036 741 4090 δέ
782 4053 905 4091 τινα
943 4035 1053 4091 τῶν
1084 4037 1346 4106 Πατέρων
1390 4038 1735 4112 ἐθεασάμεθα

152 4128 341 4184 assam
375 4128 638 4198 Πινοφᾶν,
685 4126 851 4200 ἄνδρα
884 4128 1035 4201 πάσῃ
1073 4128 1241 4201 ἀρετῇ
1300 4130 1732 4201 κεκοσμημένον,

154 4219 312 4282 ὅστις
360 4212 429 4288 ἦν
475 4215 777 4288 πρωτόὸιος
807 4217 901 4270 καὶ
929 4216 1104 4282 ἀϐὅᾶς
1147 4218 1385 4289 μεγάλου
1430 4219 1734 4285 κοινοὸίου,

155 4312 187 4366 ὃ
225 4312 378 4363 ἐστιν
430 4309 488 4361 ὲν
534 4307 795 4379 Αἰγύπτῳ
854 4307 1020 4377 ἐγγὺς
1076 4308 1178 4379 τῆς
1209 4308 1443 4380 Πανεφὼ
1495 4311 1735 4375 πόλεως·

155 4399 342 4467 οὗτος,
369 4401 510 4474 ὁρῶν
536 4402 727 4457 ἑαυτὸν
759 4401 852 4454 καὶ
877 4401 964 4455 διὰ
977 4401 1073 4473 τὴν
1112 4403 1421 4475 προσοῦσαν
1445 4402 1740 4468 πολιτείαν,

155 4496 260 4550 καὶ
284 4494 375 4547 διὰ
417 4493 479 4547 τὸ
506 4495 704 4565 γῆρας,
748 4496 841 4549 καί
867 4494 954 4549 διά
994 4495 1093 4566 τὴν
1117 4495 1438 4567 ἡγεμονίαν,
1473 4486 1578 4547 ὑπὸ
1606 4495 1742 4549 πάν-

154 4603 274 4640 των
302 4583 661 4655 δοξαζόμενον
698 4584 791 4636 καὶ
836 4583 1164 4656 τιμώμενον,
1211 4583 1305 4637 καὶ
1344 4582 1418 4654 μὴ
1449 4583 1743 4654 δυνάμενον

160 4675 606 4746 ἐγγυμνάζεσθαι
639 4677 752 4738 τοῖς
782 4674 883 4744 τῆς
925 4673 1422 4745 ταπεινοφροσύνης
1462 4672 1746 4745 ἐπιτηδεύ-

164 4782 357 4836 μασιν,
388 4758 583 4835 οἷσπερ
616 4762 677 4827 ἐξ
717 4763 914 4834 ἀρχῆς,
953 4763 1042 4817 διὰ
1068 4764 1169 4833 τῆς
1195 4762 1346 4834 αὐτῷ
1376 4763 1743 4835 περιποθήτου

162 4857 452 4927 ὑποταγῆς
498 4858 556 4910 ὲν
652 4856 874 4929 ἐκλήθη,
903 4856 1078 4928 λάθρα
1112 4856 1295 4926 φυγὼν
1336 4856 1444 4911 ἀπὸ
1473 4855 1569 4910 τοῦ
1614 4856 1743 4910 ἰδίου

163 4948 461 5013 κοινοὸίου,
494 4946 807 5019 ἀνεχώρησε
845 4947 1002 5017 μόνος
1036 4947 1115 5009 είς
1147 4945 1217 4999 τὰ
1258 4945 1464 5017 ἔσχατα
1494 4946 1593 5017 τῆς
1631 4945 1742 5015 Θη-

164 5039 355 5101 ϐαΐδος
373 5054 389 5068 °
424 5038 518 5091 καὶ
546 5036 759 5108 ἐπάρας
789 5037 851 5089 τὸ
884 5037 1068 5107 σχῆμα
1095 5034 1188 5088 τοῦ
1216 5033 1450 5107 μοναχοῦ
1479 5035 1573 5090 καὶ
1598 5035 1745 5089 ἐνδυ-

169 5131 409 5199 σάμενος
457 5128 698 5198 κοσμικά
757 5127 946 5198 ἱμάτια
985 5126 1224 5198 ἀπῆλθεν
1260 5128 1340 5192 εἰς
1385 5127 1448 5179 τὸ
1482 5126 1745 5179 κοινόὸιον

167 5221 279 5274 τῶν
310 5218 785 5289 Ταόεννησιωτῶν,
812 5217 1039 5289 νομίσας
1074 5219 1132 5271 ὲν
1158 5216 1332 5288 τούτῳ
1357 5215 1637 5270 λανθάνειν
1663 5215 1744 5281 τίς

170 5310 239 5365 ἂν
282 5310 374 5385 εἴη
422 5309 515 5366 διὰ
555 5310 619 5363 τὸ
668 5300 866 5381 πλῆθος
914 5309 1022 5364 τῶν
1065 5307 1339 5378 ἀδελφῶν,
1385 5308 1480 5361 καὶ
1542 5307 1631 5361 διά
1678 5307 1743 5361 τὸ

166 5402 401 5474 ἀπέχειν
431 5402 565 5456 πολὺ
586 5400 679 5455 τοῦ
698 5402 980 5473 κλίματος,
1010 5402 1069 5454 ὲν
1084 5394 1130 5469 ᾧ
1157 5400 1219 5454 τὸ
1243 5399 1433 5455 τούτου
1463 5399 1743 5454 κοινόόιον.

250 5577 367 5649 (οι)
392 5538 925 5649 βεεεῑειέληειίιυι.
954 5574 1048 5631 lib.
1078 5589 1151 5641 tv,
1182 5587 1233 5628 c.
1268 5569 1361 5627 es.

250 5646 364 5719 (σε)
390 5647 525 5704 ibid.
554 5663 606 5702 c.
638 5646 731 5702 ea.

1911 4041 1998 4095 Η.
2023 4037 2135 4111 (63)
2159 4038 2337 4093 Alium
2363 4037 2801 4110 item‘quemdam
2817 4051 2879 4089 ex
2893 4032 3149 4089 Patrihus
3174 4035 3259 4088 vid
3270 4036 3411 4088 imus

1841 4133 2091 4188 abbatem
2139 4131 2661 4201 Pinopban._virum
2698 4142 2827 4181 omn
2886 4124 3090 4176 virtute
3133 4125 3409 4193 ornatum,

1844 4225 1938 4295 qui
1970 4230 2087 4279 erat
2117 4222 2378 4292 antiquus
2401 4225 2455 4273 et
2487 4216 2658 4270 abbas
2688 4230 2868 4286 magni
2892 4214 3150 4277 coenobii,
3185 4212 3331 4285 quod
3352 4212 3411 4272 in

1843 4315 2078 4387 Aigypto
2117 4314 2285 4370 situm
2315 4321 2399 4368 est
2425 4325 2616 4382 ,pr0pe
2655 4310 2844 4365 urbem
2880 4306 3136 4377 Panepho
3167 4322 3180 4357 :
3208 4307 3256 4361 is
3285 4321 3409 4361 cum

1845 4420 1966 4461 sese
1992 4403 2199 4459 videret
2230 4410 2344 4456 tum
2385 4401 2456 4455 ob
2492 4401 2617 4456 vitae
2650 4398 2982 4459 institutum,
3011 4405 3125 4448 tum
3156 4395 3227 4449 ob
3255 4410 3412 4450 sene-

1844 4501 2047 4549 ctutem
2085 4501 2140 4548 et
2174 4492 2553 4564 praefecturam
2585 4489 2797 4543 laudari
2821 4496 2874 4542 et
2895 4486 3158 4541 celebrari
3194 4486 3262 4539 ab
3289 4500 3410 4540 om-

1844 4584 2028 4647 nibus,
2056 4598 2157 4637 nec
2181 4597 2362 4651 posse,
2384 4578 2839 4650 quemadmodum
2868 4577 3024 4631 initio
3050 4590 3162 4631 suae
3183 4590 3413 4630 conver-

1845 4673 2019 4730 sionis
2078 4672 2261 4728 studio
2321 4671 2646 4725 humilitatis
2693 4669 2935 4739 seipsum
2989 4681 3290 4732 exercere;
3344 4665 3415 4719 iis

1844 4775 2147 4837 permotus,
2175 4765 2246 4819 ob
2277 4764 2642 4819 desideratam
2668 4762 2771 4817 sibi
2797 4761 3188 4829 subjectionem
3222 4758 3278 4811 in
3305 4771 3413 4827 qua

1844 4865 2075 4911 vocatus
2110 4856 2306 4915 fuerat,
2357 4856 2498 4908 clam
2544 4852 2832 4923 aufugiens
2879 4868 2947 4906 ex
2992 4866 3092 4907 suo
3138 4850 3411 4911 coenobio,

1846 4946 2075 5002 secessit
2098 4945 2248 5001 solus
2272 4943 2338 4997 ad
2362 4951 2636 4997 extremas
2662 4938 2951 4995 Thebaidis
2975 4947 3181 5009 partes,
3231 4936 3417 4992 subla-

1845 5046 2010 5106 toque
2039 5035 2294 5091 monachi
2323 5035 2667 5097 vestimento,
2709 5031 3022 5100 indutisque
3062 5028 3415 5083 saecularibus

1845 5123 2092 5179 vestibus
2137 5122 2659 5178 Tabennesiolarum
2706 5120 3013 5175 coenobium
3056 5118 3229 5188 petiit,
3262 5126 3418 5170 ratus
3499 5185 3507 5193 .

1849 5214 1905 5267 in
1955 5228 2022 5268 eo
2070 5228 2129 5268 se
2162 5212 2331 5267 latere
2360 5226 2541 5282 posse,
2575 5226 2699 5265 cum
2750 5210 2820 5264 ob
2867 5206 3271 5262 multitudinem
3300 5203 3413 5257 fra-

1850 5311 2017 5370 trum,
2048 5310 2161 5356 tum
2194 5302 2576 5372 quiajmultum
2613 5300 2826 5354 abesset
2863 5313 2894 5351 a
2934 5297 3175 5372 regione,
3214 5295 3270 5349 in
3308 5308 3421 5364 qua

1852 5369 2015 5451 situm
2051 5401 2169 5449 erat
2198 5369 2506 5447 emnobium
2536 5403 2717 5444 suum.
2746 5387 2827 5442 lbi
2850 5369 2973 5442 cum
3006 5383 3193 5439 multis
3220 5382 3417 5438 diebus

1925 5574 2037 5649 (63)
2072 5571 2208 5630 Ibid.
2241 5587 2291 5630 c.
2321 5570 2412 5639 30,
2445 5570 2536 5628 ubi
2569 5570 2735 5628 abbas
2760 5573 2986 5624 vocatur
3012 5563 3279 5635 Pinuﬁus.
