3856 6206
452 264 561 325 865

1584 268 1646 325 S.
1685 263 2150 322 ATHANASlUS.
2189 294 2262 306 —
2296 263 2568 322 SPURIA.

3598 258 3712 315 864

453 381 808 452 postulasset,
854 390 1110 454 receptus
1154 391 1242 440 est
1290 383 1361 439 ab
1412 382 1873 449 archimandrita,
1932 384 2026 454 qui

2138 382 2239 437 Kal.
2262 384 2356 438 ἐπί
2382 382 2583 446 πολλάς
2609 380 2823 453 ἡμέρας
2848 378 3181 452 παρακαλῶν
3208 377 3398 450 ἐδέχθη
3428 376 3586 449 παρὰ
3607 375 3711 430 τοῦ

455 474 560 541 ipsi
596 482 785 544 utpote
812 476 929 530 seni
961 484 1016 531 et
1044 475 1111 530 ad
1144 476 1279 531 nihil
1320 475 1467 530 aliud
1508 476 1649 544 utili,
1688 490 1878 531 curam
1914 482 2029 529 tra-

454 560 594 615 didit
633 562 800 629 horti,
846 578 1064 634 unaque
1110 564 1204 618 alii
1249 562 1426 629 fratri,
1476 565 1565 619 cui
1614 563 1867 620 subditus
1902 577 2028 618 cum

453 662 605 709 esset
640 654 1007 711 desideratam
1050 656 1154 711 sibi
1186 656 1545 711 humilitatem
1575 663 1630 711 et
1662 656 2027 711 obedientiam

451 744 688 799 colebat.
745 745 934 815 Neque
987 745 1080 800 illo
1139 745 1257 799 solo
1311 752 1603 799 contentus
1673 744 1981 799 ministerio
2011 784 2028 810 ,

451 850 794 906 quaecunque
821 851 986 906 opera
1024 835 1146 892 aliis
1181 836 1315 891 dura
1344 847 1397 893 et
1424 836 1659 891 dillicilia
1685 835 1849 908 314
1880 836 2029 891 vide-

448 924 669 990 bantur,
722 941 788 979 ea
839 927 931 979 ille
980 926 1235 983 alacriter
1273 926 1607 981 absolvebat.
1658 924 1793 979 Cum
1840 927 1914 979 ita
1955 925 2030 979 la-

449 1025 626 1072 tenter
661 1018 952 1072 triennium
1005 1019 1329 1089 peregissct,
1374 1033 1405 1072 a
1445 1018 1731 1088 discipulis
1772 1018 1888 1073 suis
1934 1033 2031 1087 per

447 1117 617 1163 totam
649 1108 947 1180 Egyptuin
993 1112 1367 1181 perquisitus,
1398 1126 1427 1164 a
1468 1112 1703 1182 quodam
1738 1110 1904 1164 fratre
1937 1111 2028 1165 vix

447 1201 666 1255 demum
699 1204 916 1272 agnitus
950 1210 1056 1267 est,
1083 1204 1177 1273 qui
1212 1218 1278 1257 eo
1317 1203 1643 1269 advenerat,
1673 1202 1875 1272 quique
1909 1202 2029 1257 viso

448 1291 543 1346 illo
588 1302 642 1348 et
693 1295 874 1364 agnita
927 1294 1111 1349 vultus
1161 1295 1282 1363 ejus
1339 1297 1534 1361 forma,
1585 1310 1709 1349 cum
1756 1294 2029 1349 dubitaret

447 1384 650 1448 adhuc,
710 1400 899 1439 vocem
961 1386 1083 1456 ejus
1129 1388 1319 1441 audire
1368 1398 1599 1442 conatus
1648 1395 1733 1441 est
1784 1406 1798 1442 :
1852 1402 2029 1457 neque

446 1476 592 1531 enim
636 1491 701 1530 ex
737 1477 855 1530 solo
901 1480 1023 1531 visu
1057 1488 1242 1533 certus
1272 1486 1412 1542 erat.
1454 1480 1632 1534 virum
1675 1478 2031 1549 conspicatus

450 1582 660 1632 senem,
706 1568 885 1639 ligone
930 1576 1133 1623 terram
1187 1568 1507 1637 fodientem,
1555 1571 1741 1625 fimum
1784 1571 2028 1627 humeris

455 1665 782 1728 gestantem,
825 1669 885 1713 ut
925 1659 991 1713 ad
1027 1662 1236 1716 olerum
1272 1662 1511 1717 radicem
1537 1663 1856 1733 deponeret.
1888 1663 2026 1718 Cum

2130 474 2577 546 άρχιμανδρίτου,
2619 472 2678 537 ὃς
2721 471 3084 543 παραδίδωσιν
3144 470 3293 543 αὐτῷ
3328 472 3403 535 ὡς
3459 469 3706 541 γέροντι,

2135 566 2231 619 καὶ
2281 567 2365 630 εἰς
2416 565 2581 637 μηδὲν
2628 562 2756 619 ἄλλο
2808 562 3215 635 χρησιμεύοντι,
3260 566 3359 634 τήν
3397 559 3494 615 τοῦ
3524 564 3707 632 κήπου

2132 656 2387 729 φροντίδα
2444 656 2539 710 καὶ
2571 653 2921 725 ἐπιμέλειαν,
2962 651 3100 724 μετὰ
3135 652 3230 706 καὶ
3255 651 3413 706 ἄλλου
3446 647 3707 718 ἀδελφοῦ,

2129 743 2282 817 ᾧτινι
2321 748 2761 819 ὑποτασσόμενος
2792 745 2890 818 τὴν
2930 744 3294 819 περιπόθητον
3332 741 3483 813 αὐτῷ
3509 738 3707 795 ταπεί-

2130 856 2295 895 νωσιν
2337 839 2433 894 καὶ
2477 840 2724 911 ὑπακοὴν
2778 838 3031 905 ἐξετέλει.
3078 838 3154 891 Οὐ
3204 835 3376 906 ταύτῃ
3426 833 3483 887 δέ
3547 832 3712 903 μόνον

2129 933 2353 1003 ήρκεῖτο
2375 933 2441 1001 τῇ
2460 930 2725 1001 διακονίᾳ,
2743 929 2878 983 ἀλλὰ
2900 929 2995 983 καί
3017 929 3115 982 ὃσα
3144 926 3252 980 τῶν
3270 926 3447 998 ἔργων
3467 924 3711 994 δυσχερῆ

2132 1022 2312 1087 ἄλλοις
2344 1022 2592 1086 ἐδόκουν,
2626 1020 2766 1075 αὐτὰ
2814 1020 3109 1092 προθύμως
3149 1020 3343 1074 ἐποίει.
3377 1016 3713 1079 Διπελέσας

2132 1114 2278 1169 οὕτω
2324 1115 2601 1170 λανθάνων
2642 1113 2830 1186 τριετῆ
2860 1113 3071 1184 χρόνον,
3108 1112 3216 1165 τῶν
3244 1109 3406 1164 αὐτοῦ
3445 1107 3713 1180 μαθητῶν

2130 1208 2531 1280 ἐπιζητούντων
2558 1208 2720 1263 αὐτὸν
2747 1208 2888 1262 κατὰ
2915 1209 3093 1261 πᾶσαν
3112 1205 3210 1277 τὴν
3229 1204 3526 1273 Αἴγυπτον,
3558 1202 3713 1273 μόλις

2130 1303 2376 1374 ἐγνώσθη
2413 1302 2521 1356 ὑπό
2550 1318 2693 1363 τινος
2722 1299 2973 1368 ἀδελφοῦ,
3002 1300 3149 1362 ὅστις
3179 1293 3246 1368 ἦν
3266 1294 3712 1366 παραγενόμενος

2131 1396 2311 1449 ἐκεῖσε
2331 1412 2344 1425 ·
2381 1394 2440 1459 ὃς
2467 1392 2822 1464 θεασάμενος,
2850 1393 2943 1446 καὶ
2975 1390 3230 1458 ἐπιγνοὺς
3260 1388 3352 1441 τὸν
3379 1384 3712 1458 χαρακτῆρα

2127 1486 2222 1541 τοῦ
2259 1485 2577 1558 προσώπου,
2628 1484 2723 1538 καὶ
2769 1484 2850 1537 ἐτι
2897 1480 3273 1553 ἀμφιϐάλλων,
3326 1478 3590 1547 ἐπειρᾶτο
3617 1472 3716 1527 καὶ

2130 1580 2312 1650 φωνῆς
2340 1578 2529 1631 τούτου
2571 1576 2788 1631 ἀκούειν
2809 1592 2823 1606 ·
2869 1575 2931 1629 οὐ
2965 1573 3075 1645 γὰρ
3106 1567 3221 1642 εἶχε
3262 1570 3322 1624 τὸ
3370 1567 3617 1637 ἀσφαλὲς
3650 1568 3714 1619 ἐκ

2135 1669 2303 1740 μόνης
2330 1669 2430 1739 τῆς
2465 1666 2661 1737 ὄψεως,
2694 1665 2913 1738 θεωρῶν
2943 1663 3036 1717 τὸν
3062 1661 3298 1715 τοιοῦτον
3335 1657 3503 1729 ἄνδρα
3543 1671 3714 1727 γεγη-

449 1750 621 1822 igitur
657 1753 807 1808 vocis
855 1768 1051 1808 sonum
1101 1755 1423 1819 observans,
1477 1755 1834 1826 deprehendit
1879 1758 2032 1827 quis-

2138 1760 2369 1834 ρακότα,
2413 1759 2505 1813 καί
2538 1756 2789 1812 δίκελλαν
2835 1753 3172 1828 κρατοῦντα,
3198 1751 3293 1805 καὶ
3345 1750 3452 1819 γῆν
3482 1745 3716 1818 ἐργαζό-

446 1858 574 1898 nam
609 1852 777 1910 esset,
808 1853 1116 1914 prostratus
1151 1855 1276 1900 ante
1306 1847 1471 1915 pedes
1507 1848 1649 1916 ejus,
1678 1863 1875 1918 magno
1902 1864 2025 1919 spe-

448 1945 686 1993 ctatores
718 1945 943 2007 stupore
974 1938 1256 2008 perculsit,
1297 1937 1445 2007 quod
1491 1939 1566 1993 ita
1595 1954 1723 2008 erga
1751 1940 2025 1995 hominem

447 2042 509 2084 se
538 2028 796 2095 gessisset
842 2028 937 2098 qui
973 2028 1115 2099 apud
1151 2044 1208 2083 se
1242 2029 1514 2093 novitius,
1548 2029 1741 2083 relicto
1773 2028 1918 2083 haud
1953 2031 2027 2084 ita

446 2119 657 2188 pridem
702 2119 929 2183 mundo,
974 2121 1198 2176 ultimus
1246 2120 1569 2175 habebatur.
1601 2117 1879 2190 Magisque
1926 2122 2027 2176 ob-

449 2219 738 2281 stupuere.
775 2227 899 2265 cum
949 2211 1187 2267 didicere
1232 2227 1476 2279 nomen;
1525 2219 1643 2267 erat
1676 2212 1821 2266 enim
1867 2220 2029 2267 antea

450 2317 661 2371 magnae
706 2304 849 2373 apud
895 2318 989 2357 eos
1031 2304 1191 2358 fama:
1234 2322 1247 2359 :
1305 2318 1368 2357 ae
1404 2304 1618 2358 veniam
1648 2304 2026 2373 postularunt,

450 2394 597 2464 quod
650 2410 774 2450 eum
819 2395 1014 2464 ignari,
1057 2409 1181 2449 cum
1226 2394 1522 2463 postremis
1569 2395 1794 2449 novitiis
1823 2394 2031 2449 consti-

450 2484 708 2538 tuissent.
792 2482 1058 2553 lllumque
1142 2484 1331 2537 multis
1407 2483 1613 2538 hortati
1679 2484 1902 2548 verbis,
1962 2485 2031 2538 ad

449 2575 759 2628 caanohium
828 2589 988 2627 suum
1050 2572 1280 2627 invitum
1349 2573 1633 2638 remisere,
1715 2583 1877 2643 atque
1935 2574 2029 2628 de-

449 2662 753 2733 plorantem
795 2663 940 2731 quod
977 2674 1303 2715 concessum
1332 2659 1436 2713 sibi
1464 2673 1571 2713 non
1601 2668 1749 2713 esset
1773 2658 2031 2712 dilectam

448 2767 705 2808 exercere
764 2750 1127 2805 humilitatem
1170 2757 1224 2803 et
1270 2748 1658 2803 obedientiam.
1715 2747 1829 2818 (64)
1872 2747 2028 2802 Brevi

448 2842 614 2914 igitur
646 2850 838 2896 exacto
883 2848 1129 2909 tempore
1174 2840 1231 2893 in
1275 2838 1608 2894 monasterio
1654 2854 1776 2903 suo,
1813 2838 2035 2893 humili-

448 2935 579 2989 tatis
649 2948 869 2989 rursum
935 2940 991 2986 et
1049 2931 1375 2986 obedientiie
1439 2931 1715 2987 desiderio
1784 2931 2031 2997 ardens,

450 3026 740 3080 observata
808 3022 988 3078 noctis
1034 3023 1169 3076 hora
1222 3022 1473 3093 aufugit,
1522 3037 1631 3077 non
1684 3021 1917 3077 ulterius
1964 3021 2029 3076 ad

450 3117 791 3187 peregrinam
823 3115 1102 3185 regionem
1146 3130 1159 3167 :
1199 3130 1501 3169 conscensa
1534 3114 1736 3185 quippe
1780 3114 2033 3168 navicula
2062 3110 2103 3168 C

452 3207 523 3261 ad
573 3213 757 3277 partes
820 3205 969 3260 venit
1020 3203 1343 3268 Palmstinae,
1397 3219 1627 3274 sperans
1682 3220 1741 3259 se
1797 3204 1908 3257 illic
1963 3203 2033 3258 ad

453 3297 618 3354 finem
663 3314 835 3367 usque
884 3299 1052 3352 latere
1083 3312 1263 3367 posse.
1303 3296 1360 3349 ln
1393 3295 1740 3350 Palaestinam
1770 3310 1894 3349 cum
1938 3295 2031 3349 ad-

452 3391 692 3444 venisset
715 3390 1105 3442 monasterium
1138 3388 1309 3457 petiit,
1333 3386 1497 3441 situm
1527 3401 1694 3456 prope
1720 3385 2033 3455 speluncam

455 3478 513 3536 in
554 3495 660 3551 qua
685 3479 938 3534 Christus
976 3478 1236 3533 Dominus
1268 3480 1443 3532 'natus
1486 3488 1591 3541 est,
1628 3478 1680 3531 in
1709 3493 1818 3547 quo
1851 3492 2036 3533 mona-

456 3574 624 3629 sterio
674 3578 789 3625 tum
847 3560 1220 3625 commoratus
1273 3577 1377 3625 est.
1433 3569 1553 3625 Non
1619 3570 1796 3641 potuit
1852 3576 2035 3626 tamen

456 3667 530 3723 ibi
564 3667 749 3729 latere,
771 3665 928 3734 juxta
960 3663 1173 3719 Domini
1212 3678 1395 3717 vocem
1421 3664 1568 3717 illam
1603 3681 1616 3716 :
1658 3680 1676 3713 ι
1713 3660 1832 3716 Non
1858 3669 2037 3733 potest

457 3756 655 3813 civitas
704 3754 971 3810 abscondi
1022 3769 1192 3824 supra
1240 3760 1481 3807 montem
1532 3753 1709 3822 posita
1739 3751 1805 3806 “.
1843 3770 1863 3803 ι
1896 3750 2034 3804 Cum

457 3848 605 3904 enim
651 3863 716 3903 ex
763 3847 999 3918 Egypto
1049 3845 1252 3900 fratres
1288 3846 1568 3901 venissent
1594 3858 1692 3915 pro
1719 3842 2038 3898 adoratione

458 3957 744 3998 sacrorum
788 3942 1056 4005 locorum,
1101 3940 1344 4011 agnitum
1382 3939 1536 3994 illum
1581 3940 1877 4009 multisque
1902 3955 2036 4010 sup-

458 4029 848 4101 plicationibus
904 4044 969 4084 ac
1025 4028 1241 4085 ﬂetibus
1310 4043 1656 4099 persuasum,
1716 4043 1912 4084 rursus
1968 4028 2037 4083 ad

458 4123 739 4193 proprium
758 4120 1455 4192 abduxeruntpmnobium.
1477 4119 1587 4191 (65)
1603 4119 1738 4173 Cum
1757 4119 1859 4174 hoc
1878 4119 2039 4189 igitur

462 4224 656 4269 sancto
724 4215 782 4269 in
847 4212 1082 4286 Egypto
1150 4213 1368 4267 modico
1431 4219 1676 4282 tempore
1743 4209 2036 4277 babitavi;

462 4304 733 4377 ﬁnemque
785 4305 979 4361 faciam
1031 4307 1303 4361 sermonis
1359 4304 1636 4359 narrando
1687 4317 1808 4373 qua:
1857 4301 2037 4357 audivi

462 4401 533 4456 ab
573 4403 666 4456 illo
708 4409 1088 4458 commonente
1127 4401 1389 4467 fratrem,
1425 4417 1588 4473 quem
1639 4417 1726 4457 me
1772 4408 2041 4472 praesente

463 4493 708 4548 admisit.

2135 1869 2316 1925 μενον.
2356 1850 2449 1905 καὶ
2492 1849 2699 1920 κόπρον
2725 1849 2840 1911 τοῖς
2882 1844 3101 1909 οἰκείοις
3146 1842 3316 1913 ὤμοις
3343 1838 3713 1912 βαστάζοντα,

2127 1944 2221 2000 καί
2251 1946 2371 2007 ταῖς
2402 1942 2581 2015 ῥίζαις
2606 1940 2713 1995 τῶν
2740 1938 2986 2009 λαχάνων
3014 1935 3391 1990 ἐπιϐάλλοντα.
3421 1930 3557 1987 ’Ὀτε
3602 1930 3716 1983 τοί-

2126 2053 2245 2102 νυν,
2268 2035 2360 2088 τδν
2398 2033 2498 2103 τῆς
2524 2032 2708 2103 φωνῆς
2750 2027 2885 2102 ἦχον
2922 2028 3197 2099 ἐπιμελῶς
3232 2023 3544 2096 ἐξιχνεύων,
3581 2023 3717 2092 ἡδυ-

2128 2127 2264 2199 νήθη
2293 2125 2621 2181 καταλαϐεῖν
2659 2126 2808 2186 ὅστις
2844 2121 2983 2185 ἐστὶ,
3033 2120 3195 2189 ῥίψας
3234 2116 3425 2171 ἐαυτὸν
3460 2114 3571 2185 πρὸ
3610 2112 3722 2167 τῶν

2129 2217 2303 2271 ποδῶν
2325 2215 2511 2279 αὐτοῦ,
2536 2214 2795 2286 μεγίστην
2821 2209 3082 2281 ἔκπληξιν
3110 2211 3222 2272 τοῖς
3241 2206 3407 2279 ὁρῶσι
3432 2206 3718 2276 παρεῖχεν,

2128 2310 2212 2362 ὅτι
2259 2306 2401 2361 οὓτω
2449 2305 2751 2376 πεποίηκεν
2809 2300 3101 2372 ἀνθρώπῳ,
3139 2300 3199 2364 ὃς
3241 2301 3371 2370 παρ’
3429 2298 3619 2356 αὐτοῖς
3644 2294 3721 2357 ὡς

2130 2398 2415 2470 ἀρχάριος,
2448 2396 2542 2449 καί⁸
2565 2396 2626 2448 οὑ
2656 2394 2762 2465 πρὸ
2788 2392 2979 2447 πολλοῦ
3009 2391 3100 2444 τὸν
3120 2390 3325 2459 κόσμον
3352 2385 3718 2455 καταλείψας.

2130 2488 2356 2560 ἔσχατος
2388 2487 2684 2559 ἐνομίζετο.
2705 2484 2894 2539 Ἔτιδέ
2929 2483 3159 2555 μάλιστα
3188 2479 3594 2550 ἐξεπλάγησαν,
3629 2478 3719 2531 ὅτε

2131 2579 2192 2633 τὸ
2225 2580 2395 2650 ὄνομα
2441 2577 2631 2631 τούτου
2664 2577 2887 2648 ἔμαθον,
2911 2576 2970 2640 ὃς
3013 2574 3119 2646 πρὸ
3151 2572 3342 2627 τούτου
3379 2572 3557 2642 μέγας
3592 2571 3718 2639 παρ’

2133 2672 2315 2734 αὐτοῖς
2346 2668 2604 2739 ήκούετο·
2654 2670 2749 2721 καὶ
2783 2665 3115 2738 συγγνώμην
3156 2665 3338 2736 ᾔτουν,
3367 2664 3502 2717 διότι
3529 2660 3720 2714 τοῦτον

2134 2763 2502 2831 ἀγνοήσαντες
2554 2760 2693 2833 μετὰ
2738 2761 2848 2813 τῶν
2884 2757 3128 2828 ἐσχάτων
3175 2754 3453 2827 ἀρχαρίων
3497 2752 3715 2818 ἔταξαν.

2135 2849 2631 2922 Παρακαλὼαντες
2666 2848 2723 2903 δὲ
2752 2848 2917 2901 αὑτὸν
2955 2845 3146 2909 πολλὰ,
3180 2847 3262 2908 εἰς
3285 2844 3347 2897 τὸ
3381 2843 3513 2897 ίδιον
3546 2842 3721 2895 κοινό-

2137 2944 2252 2997 ϐιον
2278 2944 2589 3015 ἐξέπεμψαν
2624 2943 2824 2997 ἄκοντα
2862 2940 2957 2994 καὶ
3011 2938 3355 3010 ὀδυρόμενον,
3390 2932 3486 2989 ἁτε
3526 2934 3594 3004 δή
3644 2932 3718 3003 μὴ

2140 3034 2595 3107 συγχωρούμενον
2645 3032 2927 3087 ἐκτελέσαι
2972 3031 3073 3102 τὴν
3116 3029 3267 3099 αύτῷ
3316 3025 3476 3099 φίλην
3524 3023 3718 3079 ταπεί-

2138 3144 2302 3182 νωσιν
2335 3127 2431 3180 καὶ
2464 3127 2766 3196 ὑποταγήν.
2814 3123 3058 3194 Ποιήσας
3084 3117 3178 3175 οὖν
3212 3120 3392 3189 ὀλίγον
3436 3119 3631 3190 χρόνον
3664 3118 3720 3170 ἐν

2138 3219 2217 3291 τῷ
2265 3217 2429 3272 αὑτοῦ
2454 3206 2849 3287 ’μοναστηρίῳ,
2900 3213 3063 3268 πάλιν
3124 3211 3397 3283 πυρωθεὶς
3450 3208 3530 3279 τῷ
3572 3206 3721 3276 πόθῳ

2138 3312 2239 3383 τῆς
2269 3309 2652 3373 ταπεινώσεως
2691 3306 2785 3361 καὶ
2823 3305 3122 3374 ὑποταγῆς,
3151 3303 3490 3373 ἐπιτηρήσας
3529 3299 3725 3371 καιρὸν

2140 3404 2353 3468 νυκτὸς,
2375 3403 2573 3471 ἔφυγεν
2609 3401 2710 3454 οὐκ
2730 3399 2808 3452 ἔτι
2835 3397 2991 3469 ξένην
3010 3395 3193 3469 χώραν
3212 3412 3227 3426 ·
3259 3392 3498 3448 ἀνελθὼν
3515 3392 3628 3461 γὰρ
3645 3391 3724 3454 εἰς

2140 3495 2324 3548 πλοῖον
2352 3490 2515 3565 ἦλθεν
2536 3494 2616 3555 εἰς
2639 3489 2705 3544 τὰ
2727 3489 2866 3561 μέρη
2887 3487 3266 3557 Παλαιστίνης,
3286 3483 3519 3546 ἐλπίζων
3542 3484 3724 3535 ἐκεῖσε

2140 3587 2220 3649 εἰς
2245 3585 2397 3649 τέλος
2419 3581 2707 3638 διαλαθεῖν.
2738 3579 3187 3653 Παραγενόμενος
3215 3576 3391 3631 τοίνυν
3424 3578 3480 3629 ἐν
3515 3574 3726 3628 Παλαι-

2142 3677 2296 3751 στίνῃ
2323 3676 2579 3748 ὥρμησεν
2600 3676 2679 3739 εἰς
2701 3673 2762 3727 τὸ
2784 3673 3141 3743 μοναστήριον
3159 3669 3220 3722 τὸ
3236 3667 3460 3739 πλησίον
3476 3665 3572 3719 τοῦ
3596 3682 3728 3736 σπη-

2140 3769 2290 3824 λαίου
2310 3769 2437 3822 ἔνθα
2450 3770 2479 3822 ὁ
2493 3764 3006 3839 ΔεσπότηςΧριστδς
3021 3762 3231 3833 ἐτέχθηο
3248 3764 3307 3814 ἐν
3322 3753 3365 3827 ᾧ
3381 3758 3728 3831 μοναστηρίῳ

2143 3860 2300 3933 ἔτυχε
2330 3860 2392 3914 τὸ
2427 3857 2725 3929 τηνικαῦτα
2743 3854 3055 3929 διατρίϐων.
3085 3854 3194 3908 Καὶ
3226 3854 3403 3907 ἐκεῖσε
3452 3851 3509 3904 δὲ
3548 3867 3725 3923 παραο

2142 3950 2430 4022 γενόμενος
2448 3990 2462 4014 ,
2498 3949 2598 4002 οὐκ
2621 3938 2859 4019 ἠδυνήθη
2894 3944 3078 3999 λαθεῖν
3107 3942 3251 3998 κατὰ
3283 3941 3379 4014 τὴν
3398 3940 3725 4011 δεσποτικὴν

2146 4042 2351 4113 φωνὴν,
2376 4040 2474 4113 τήν
2505 4040 2847 4109 φάσκουσαν·
2880 4056 2899 4091 ι
2922 4038 2999 4091 Οὐ
3030 4035 3255 4091 δύναται
3280 4033 3431 4097 πόλις
3451 4032 3722 4104 κρυϐῆναι

2145 4135 2333 4189 ἐπάνω
2357 4133 2515 4206 ὄρους
2546 4131 2795 4205 κειμένη.
2826 4150 2845 4182 ι
2892 4128 3171 4191 Ἐλθόντες
3209 4125 3320 4198 γὰρ
3363 4125 3585 4195 ἀδελφοὶ
3618 4124 3724 4179 ἀπὸ

2144 4226 2252 4280 τῶν
2285 4225 2466 4299 μερῶν
2494 4225 2594 4296 τῆς
2613 4223 2891 4292 Αἰγύπτου
2919 4224 2998 4285 εἰς
3021 4219 3387 4292 προσκύνησιν
3406 4218 3519 4272 τῶν
3550 4217 3724 4287 ἁγίων

2144 4316 2348 4381 τόπων,
2379 4315 2471 4370 καὶ
2502 4315 2816 4384 ἐπιγνόντες
2837 4312 3018 4376 αὑτὸν,
3050 4311 3210 4364 πάλιν
3233 4310 3523 4379 ἀπήγαγον
3555 4310 3637 4371 εἰς
3664 4307 3726 4359 cs

2148 4406 2280 4461 ἴδιον
2309 4405 2602 4472 κοινόϐιον,
2636 4405 2857 4467 πολλαῖς
2900 4403 3119 4473 δεήσεσι
3162 4400 3257 4454 καὶ
3291 4400 3549 4471 ὀδυρμοῖς
3606 4398 3723 4450 ιιιεεί⁴

2074 4486 2119 4540 Π
2151 4512 2343 4561 σαντες
2365 4495 2546 4549 αὐτόν.
2564 4494 2750 4565 Τούτῳ
2776 4494 2955 4547 τοίνυν
2987 4490 3064 4562 τῷ
3088 4490 3229 4561 ἁγίῳ
3253 4488 3403 4560 ἀνδρὶ
3434 4487 3727 4558 συνῴκησα

462 4582 575 4652 ἐγὼ
625 4583 812 4655 χρόνον
845 4583 1022 4652 ὀλίγον
1078 4586 1134 4637 ἐν
1172 4584 1463 4655 Αἰγύπτῳο
1518 4586 1664 4658 άπερ
1709 4585 1769 4640 δὲ
1820 4586 2029 4658 ἥκουσα
2075 4588 2239 4642 αὐτοῦ
2316 4575 2693 4652 νόυθετοῦντος
2739 4585 2837 4641 ἕνα
2901 4584 3149 4654 ἀδελφὸν,
3185 4583 3247 4637 ὃν
3291 4580 3570 4653 παρουσίᾳ
3627 4595 3727 4651 μου

464 4678 702 4746 ἐδέξατο,
732 4678 1135 4749 διηγησάμενος
1161 4678 1265 4749 πλη
1278 4678 1436 4750 ρώσω
1460 4678 1550 4733 τὸν
1577 4678 1755 4748 λόγον.

534 4794 621 4849 12.
657 4792 766 4869 (ϐϐ)
800 4793 971 4857 Nosti,
991 4794 1186 4865 inquit,
1220 4793 1406 4861 frater,
1438 4804 1571 4865 quot
1596 4795 1790 4851 diebus
1816 4804 1942 4850 ante
1963 4796 2049 4866 ja-

2226 4792 2314 4847 12.
2347 4791 2580 4859 Ἔγνως,
2604 4787 2788 4857 φησιν,
2811 4782 3024 4852 assist,
3048 4782 3220 4845 πόσας
3242 4780 3458 4851 ἡμέρας
3487 4778 3597 4851 πρὸ
3624 4776 3728 4831 τῶν

464 4900 629 4940 nuam
645 4884 956 4940 monasterii
977 4886 1209 4955 peractis
1225 4886 1496 4942 admissus
1516 4887 1672 4943 hodie
1690 4887 1858 4943 lucris
1873 4908 1885 4941 :
1902 4887 2032 4957 quod

2153 4883 2332 4957 θυρῶν
2360 4883 2457 4953 τῆς
2505 4882 2671 4951 μονῆς
2712 4876 3024 4939 διατελέσας
3059 4874 3296 4945 σήμερον
3334 4870 3597 4941 ἐδέχθης·
3636 4869 3725 4921 ἐὰν

467 4977 513 5033 si
549 4991 773 5031 causam
810 4977 1064 5032 didiceris
1095 4977 1410 5047 bujusmodi
1436 4978 1768 5033 difﬁcultatis
1793 5018 1808 5042 ,
1844 4979 2032 5048 poteril

2152 4978 2330 5033 τοίνυν
2365 4974 2542 5047 μάθῃς
2568 4974 2669 5042 τῆς
2705 4968 3023 5040 δυσχερείας
3060 4965 3160 5037 τὴν
3200 4964 3400 5028 αἰτίαν,
3439 4961 3725 5034 δυνήσεταί

469 5069 562 5123 illa
589 5068 685 5123 tibi
734 5068 791 5122 in
834 5068 960 5135 hac,
996 5084 1158 5139 quam
1203 5071 1343 5126 inire
1380 5072 1555 5141 cupis,
1596 5072 1705 5136 via,
1751 5072 2044 5126 utilitatem

468 5160 633 5227 ferre,
682 5169 848 5232 atque
901 5171 954 5217 te
998 5162 1208 5217 ﬁdelem
1268 5163 1360 5219 Dei
1416 5179 1633 5219 servum
1690 5163 1923 5218 efficere.
1969 5161 2043 5216 Ut

467 5254 613 5310 enim
654 5252 886 5308 fideliter
930 5250 1161 5308 Domino
1190 5254 1554 5309 servientibus
1579 5255 1754 5325 gloria
1781 5261 1836 5309 et
1867 5254 2045 5309 honor

466 5345 527 5403 in
564 5345 811 5400 futurum
860 5346 1217 5416 promittitur,
1262 5346 1338 5401 ita
1380 5346 1707 5418 gravissima
1759 5344 2046 5401 imminent

542 5479 590 5519 ιδ
628 5477 817 5534 Matth.
836 5495 910 5539 .v,
950 5478 1033 5533 15.

566 5632 655 5698 64)
689 5631 937 5688 Cassian.
980 5631 1226 5689 Institut.
1252 5632 1351 5689 lib.
1383 5645 1457 5700 IV,
1488 5646 1537 5687 ι.
1571 5620 1660 5686 3f.

568 5702 658 5776 οδ)
689 5702 825 5759 lbid.
858 5718 908 5758 c.
941 5703 1028 5759 σε.

2155 5086 2237 5124 σοι
2263 5071 2321 5123 ἐν
2352 5070 2419 5139 τῇ
2442 5066 2546 5137 ὁδῷ
2573 5064 2766 5136 ταύτῃ,
2866 5059 3154 5130 ἐπιθυμεῖς
3197 5056 3477 5128 ἐπιϐῆναι,
3516 5053 3724 5145 συμϐα-

2142 5162 2351 5224 λέσθαι,
2374 5160 2469 5214 καὶ
2490 5156 2675 5211 δοῦλον
2701 5151 2938 5225 Χριστοῦ
2965 5168 3027 5205 σε
3054 5148 3475 5223 ἀπεργάσασθαι
3506 5147 3716 5202 πιστόν.

2156 5251 2242 5315 Ὦς
2272 5249 2380 5321 γὰρ
2406 5249 2517 5310 τοῖς
2563 5243 2768 5307 πιστῶς
2817 5241 3128 5296 δουλεύουσι
3158 5240 3236 5312 τῷ
3282 5239 3535 5310 Δεσπότη
3582 5235 3721 5303 δόξα,

2143 5341 2277 5413 τιμὴ
2326 5337 2461 5411 πρὸς
2494 5336 2556 5390 τὸ
2592 5334 2783 5408 μέλλον
2829 5332 3164 5406 ἐπήγγελται
3186 5371 3202 5399 ,
3253 5324 3429 5395 οὕτως
3469 5325 3739 5439 τιμωρίαικ

2228 5626 2340 5705 (es)
2369 5624 2503 5704 Ibid.
2536 5641 2585 5684 c.
2610 5625 2704 5695 σε,
2737 5622 2827 5705 σε,
