3856 6206
128 312 238 374 865

1307 317 1645 376 EPISTULA
1678 316 1699 374 1
1736 317 1829 373 AD
1865 321 2256 382 CASTOREM.

3282 342 3390 398 866

128 433 433 509 βαρύταται
458 434 572 498 τοῖς
618 433 855 507 χλιαρῶς
880 437 978 491 καὶ
1023 435 1282 510 ῥαθύμως
1330 437 1703 511 προσερχομέ-

1808 442 2075 512 supplicia
2113 444 2182 501 iis
2214 446 2308 517 qui
2343 447 2576 504 molliter
2613 451 2963 522 segniterque
2998 468 3122 509 eam
3174 454 3381 511 adeunt

125 545 242 593 νοις
265 528 445 599 ταύτῃ
465 529 531 599 τῇ
564 528 888 602 ἐπαγγελίᾳ.
918 529 1133 583 Βέλτιον
1163 530 1271 602 γάρ
1297 531 1411 584 ἐστι
1441 531 1583 584 κατὰ
1608 529 1709 602 τὴν

124 621 356 693 Γραφὴν
387 618 464 691 μὴ
491 618 770 685 εύξασθαι,
800 621 833 692 ἢ
863 620 1140 688 εὔξασθαι,
1165 622 1258 675 καὶ
1289 621 1364 694 μή
1393 621 1706 677 ἀποδοῦναι.

125 712 239 766 Καὶ
282 711 449 765 πάλιν
494 711 746 783 εἴρηται·
794 729 813 762 ι
867 711 1296 783 Ἐπικατάρατος
1347 712 1377 764 6
1425 713 1593 766 ποιῶν
1647 713 1710 767 τὸ

125 804 289 876 ἔργον
314 803 415 856 τοῦ
440 803 647 874 Κυρίου
686 802 930 874 ἀμελῶς·
969 823 988 855 ι
1017 804 1206 857 τούτου
1235 804 1393 874 χάριν
1426 804 1707 876 ἀπεστρα-

125 894 346 965 φόμεθά
372 911 432 946 τε
479 894 574 946 καὶ
607 892 1011 964 ἀνεϐαλλόμεθα
1044 893 1139 946 τοῦ
1169 892 1447 958 δέξασθαι,
1484 895 1583 964 οὐχ
1628 895 1710 947 ὅτι

122 986 223 1056 τὴν
274 982 553 1056 σωτηρίαν
600 982 694 1036 σοῦ
756 984 849 1037 καὶ
904 983 1122 1037 πάντων
1176 983 1285 1036 τῶν
1338 989 1418 1047 εἰς
1473 983 1710 1053 Χριστὸν

123 1076 497 1129 πιστευόντων
530 1074 629 1127 οὐκ
674 1073 1067 1144 ἐπιθυμοῦμεν,
1103 1074 1220 1128 ἀλλ’
1251 1074 1338 1128 ἵνα
1369 1075 1465 1146 μὴ.
1502 1091 1710 1146 προπε-

122 1168 234 1232 τῶς
264 1167 363 1220 καὶ
404 1166 480 1230 ὡς
526 1165 715 1235 ἔτυχεν
761 1166 1177 1236 ὑποδεχόμενοι,
1210 1167 1372 1236 ἡμεῖς
1414 1165 1514 1235 μὲν
1559 1163 1712 1236 παρὰ

121 1256 246 1328 Θεῷ
278 1256 632 1327 κουφότητος,
654 1256 746 1309 καὶ
782 1255 1087 1326 εὐχόμενοι,
1110 1255 1267 1326 δίκην
1309 1256 1615 1327 ὑφέξωμεν,
1651 1257 1710 1310 σὲ

121 1350 177 1403 δὲ
202 1348 510 1402 ὑπεύθυνον
546 1347 850 1419 βαρυτέρας
873 1347 1143 1418 τιμωρίας
1168 1350 1625 1418 καταστήσωμεν,
1657 1349 1707 1401 εἰ

68 1508 79 1513 _
122 1439 263 1511 πρὸς
297 1437 362 1491 τὸ
389 1439 565 1509 παρὸν
603 1437 874 1510 εὐχερῶς,
910 1437 1003 1490 καὶ¹
1044 1436 1117 1508 μὴ
1165 1436 1404 1507 μαθόντα
1448 1437 1510 1490 τὸ
1549 1438 1713 1509 βάρος

120 1528 221 1582 καὶ
274 1529 378 1600 τὴν
429 1527 714 1598 ἀκρίϐειαν
767 1525 861 1580 τοῦ
915 1527 1372 1598 ἐπαγγέλματος,
1426 1529 1523 1581 καὶ
1574 1528 1712 1599 μετά

119 1619 298 1673 ταῦτα
318 1618 535 1690 χαῦνος,
556 1619 650 1671 καὶ
676 1617 914 1689 ῥᾴθυμος
930 1617 1273 1688 ἀποδειχθῇς.
1301 1618 1401 1672 Διά
1425 1635 1511 1670 τοι
1530 1617 1708 1683 τοῦτο,

1811 534 2258 602 promissionem.
2284 537 2476 595 Melius
2495 540 2694 610 quippe
2709 550 2814 607 est,
2833 541 2989 613 juxta
3021 544 3385 617 Scripturam,

1810 632 1999 679 votum
2033 642 2143 681 non
2172 627 2372 695 facere,
2402 646 2564 701 quam
2598 631 2798 687 factum
2827 649 2937 689 non
2969 636 3213 692 reddere.
3239 636 3386 692 Rur-

1811 730 2040 786 sumque
2064 718 2307 775 dicitur:
2347 740 2367 773 ‹
2414 722 2735 779 Maledictus
2769 727 2861 795 qui
2912 725 3040 780 facit
3085 743 3222 797 opus
3283 728 3388 785 Do-

1809 807 1943 861 mini
1973 809 2305 881 negligenter
2320 813 2365 845 "
2404 831 2461 867 ε»
2496 825 2784 885 eapropter
2810 827 2861 872 te
2883 819 3183 887 repulimus
3225 828 3389 890 atque

1816 899 2102 956 admittere
2151 905 2392 959 cunctati
2444 921 2656 969 sumus,
2711 923 2820 962 non
2876 910 3023 979 quod
3069 918 3217 964 tuam
3267 928 3389 966 om-

1810 989 2070 1061 niumque
2114 991 2331 1046 illorum
2370 996 2459 1064 qui
2502 997 2557 1050 in
2587 997 2864 1053 Christum
2891 1000 3124 1053 credunt
3154 1000 3388 1055 salutem

1809 1096 1919 1135 non
1939 1091 2297 1153 exoptemus;
2344 1087 2437 1141 sed
2470 1104 2538 1142 ne
2566 1096 2769 1145 temere
2807 1098 2861 1145 te
2895 1106 2961 1145 ac
2989 1092 3140 1147 nullo
3169 1094 3389 1163 negotio

1810 1171 2177 1236 admittentes,
2209 1189 2313 1227 nos
2359 1176 2574 1245 quidem
2604 1192 2633 1231 a
2665 1177 2794 1243 Deo,
2831 1180 2918 1234 vel
2959 1190 3182 1237 orantes
3203 1224 3217 1246 ,
3252 1183 3389 1238 leni-

1809 1261 1941 1316 tatis
1969 1263 2149 1317 nimiae
2176 1279 2392 1333 paruam
2422 1266 2659 1331 luamus,
2694 1276 2746 1322 te
2770 1284 2901 1323 VL‘I'O
2930 1285 3081 1324 reum
3114 1273 3389 1342 gravioris

1813 1352 2067 1422 supplicii
2113 1357 2536 1419 eunstituamus,
2566 1357 2612 1411 si
2645 1365 2697 1412 te
2719 1358 2834 1427 jam
2869 1359 3026 1415 facile
3065 1365 3388 1432 priusquam

1810 1443 2069 1498 didiceris
2130 1447 2486 1515 gravitatem,
2525 1455 2579 1501 et
2638 1450 3040 1505 accurationem
3087 1455 3384 1521 promissi,

1811 1534 2190 1600 admittamus,
2213 1546 2341 1591 ettu
2372 1545 2561 1607 postea
2599 1540 2778 1595 mollis
2806 1543 3096 1612 segnisque
3123 1547 3384 1602 evaseris.

1813 1624 2042 1690 Idcirco,
2077 1634 2137 1681 ut
2167 1642 2334 1697 supra
2367 1629 2574 1683 dictum
2615 1632 2730 1695 est,
2761 1646 2984 1687 causam
3027 1641 3133 1688 tua:
3164 1636 3389 1690 abdica-

120 1706 310 1771 καθὼς
342 1710 595 1778 εἴρηται,
630 1708 730 1778 τὴν
780 1706 956 1762 αἰτίαν
999 1708 1098 1776 τῆς
1141 1708 1422 1778 ἀποταγῆς
1474 1707 1703 1778 ὀφείλεις

1813 1716 1980 1770 tionis
2024 1716 2267 1772 ediscare
2299 1727 2352 1772 te
2395 1728 2626 1787 oportet,
2680 1719 2813 1789 quid
2857 1721 3067 1776 scilicet
3116 1724 3387 1793 agendum

122 1799 355 1869 γνῶναι,
389 1799 444 1850 τί
496 1815 555 1850 σε
587 1798 669 1850 δεῖ
698 1800 890 1851 ποιεῖν.
941 1798 1005 1850 Ἠ
1040 1797 1292 1869 ἀποταγὴ
1330 1798 1510 1851 τοίνυν
1555 1798 1703 1852 οὐδὲν

1813 1807 1910 1861 tibi
1942 1807 2033 1862 sit.
2052 1807 2338 1863 Abdicatio
2367 1808 2550 1878 itaque
2573 1776 2712 1864 nihil
2736 1817 2821 1865 est
2843 1812 2987 1866 aliud
3013 1776 3177 1892 quan:
3205 1814 3388 1868 crucis

121 1891 253 1946 ἄλλο
280 1890 624 1959 καθέστηκεν
661 1891 709 1942 εί
738 1889 814 1961 μὴ
859 1888 1095 1962 σταυροῦ
1143 1889 1238 1943 καὶ
1279 1888 1510 1943 θανάτου
1540 1891 1713 1958 ἑπαγ-

121 1982 300 2053 γελία.
358 1981 601 2034 Γίνωσκε
649 1980 827 2033 τοίνυν
881 1980 989 2035 ἀπὸ
1049 1981 1149 2052 τῆς
1210 1981 1447 2053 σήμερον
1495 1981 1710 2052 ἡμέρας

120 2066 450 2142 τεθνηκέναι
480 2088 558 2135 σε,
615 2071 710 2126 καὶ
742 2070 1103 2142 σταυροῦσθαι
1128 2070 1206 2143 τῷ
1235 2070 1446 2141 κόσμῳ,
1489 2071 1583 2123 καὶ
1616 2069 1708 2124 τὸν

121 2167 330 2236 κόσμον
354 2180 459 2226 σοι,
502 2162 643 2215 κατὰ
669 2160 759 2213 τὸν
806 2160 1123 2213 Ἀπόστολον
1143 2177 1155 2190 ο
1190 2160 1284 2213 καὶ
1325 2159 1709 2230 καταμάνθανε

120 2258 208 2321 τίς
238 2260 272 2327 ή
301 2255 531 2325 δύναμις
558 2253 659 2324 τῆς
683 2251 1042 2323 σταυρώσεως
1062 2267 1074 2280 '
1106 2251 1293 2322 ἐπειδὴ
1312 2251 1496 2305 οὐκέτι
1524 2250 1708 2304 λοιπὸν

121 2348 190 2401 σὺ
228 2347 353 2416 ζῇς,
390 2345 505 2397 ἀλλ’
538 2345 744 2405 ἐκεῖνος
797 2345 854 2396 ὲν
883 2343 965 2396 σοὶ
996 2341 1062 2413 ζῇ
1096 2344 1123 2395 ὁ
1152 2341 1294 2413 ὑπὲρ
1328 2341 1421 2394 σοῦ
1466 2358 1711 2413 σταυρω-

120 2438 259 2501 θείς.
301 2436 492 2507 Τούτῳ
526 2434 704 2488 τοίνυν
744 2431 822 2504 τῷ
854 2433 1011 2503 τύπῳ
1063 2434 1155 2486 καὶ
1196 2432 1275 2503 τῷ
1302 2433 1562 2504 σχήματι.
1609 2425 1653 2499 ᾧ
1679 2431 1708 2484 6

120 2529 407 2599 Δεσπότης
467 2526 606 2598 ὑπὲρ
655 2525 809 2597 ἡμῶν
862 2523 1175 2596 ἐκρεμάσθη
1200 2566 1220 2592 _,
1268 2526 1360 2578 καὶ
1420 2526 1565 2595 ήμᾶς
1613 2526 1710 2577 ὲπ-

121 2620 368 2689 άναγκές
399 2621 544 2672 ἐστιν
572 2619 630 2669 ὲν
650 2616 729 2688 τῷ
758 2616 1007 2687 κοινοϐίῳ
1035 2616 1261 2684 διάγειν,
1279 2614 1461 2679 καθὼς
1489 2613 1706 2684 εὔχεται

119 2713 221 2767 καὶ
250 2713 281 2765 6
317 2712 587 2783 μακάριος
613 2708 776 2762 Δαϐὶδ
804 2709 871 2761 ὲκ
905 2706 999 2761 τοῦ
1035 2706 1201 2777 φόϐου
1233 2706 1326 2760 τοῦ
1365 2705 1498 2759 Θεοῦ
1531 2722 1709 2777 παρα-

119 2802 312 2858 καλῶν
340 2800 722 2871 καθηλωθῆναι
753 2797 852 2863 τὰς
883 2798 1094 2870 σάρκας
1120 2796 1308 2853 αὐτοῦ.
1339 2798 1427 2860 Ὠς
1453 2798 1559 2869 γὰρ
1590 2800 1620 2850 6
1645 2798 1707 2851 τὸ

121 2894 290 2966 σῶμα
334 2889 755 2963 προσηλωμένον
804 2887 943 2960 ἔχων
987 2887 1066 2959 τῷ
1101 2888 1241 2959 ξύλῳ
1287 2886 1543 2958 ἀκίνητός
1589 2886 1703 2939 ἐστι

118 2988 265 3059 πρὸς
290 2986 472 3038 πᾶσαν
514 2981 793 3053 ἐνέργειαν
842 2980 960 3037 οἷαν
998 2978 1163 3044 θέλει,
1193 2976 1369 3040 οὕτως
1395 2979 1423 3030 ὁ
1453 2976 1533 3046 τῷ
1577 2975 1706 3046 θείῳ

1808 1905 1863 1949 et
1893 1896 2087 1951 mortis
2130 1899 2443 1968 promissio.
2468 1898 2616 1954 Scito
2638 1915 2769 1970 ergo
2799 1901 2868 1955 ab
2896 1903 2998 1956 hac
3040 1912 3093 1958 Ie
3122 1904 3210 1958 die
3241 1920 3390 1959 mor-

1808 1990 1964 2039 tuum
1993 1986 2426 2058 crueiﬁxumque
2456 2004 2579 2045 esse
2602 1991 2830 2055 mundo,
2858 1994 3233 2064 mundumque
3263 1996 3384 2062 tibi,

1804 2074 1962 2145 juxta
1986 2076 2304 2146 Apostolum
2338 2098 2351 2133 :
2386 2090 2441 2135 et
2468 2082 2651 2138 edisce
2679 2099 2927 2153 quaenam
2960 2085 3031 2139 sit
3055 2087 3239 2152 crucis
3271 2088 3387 2142 vir-

1809 2178 1898 2222 tus
1936 2183 1948 2218 :
1981 2169 2424 2255 quandoquidem
2466 2189 2576 2228 non
2623 2175 2851 2230 ulterius
2897 2185 2954 2229 tu
2983 2178 3140 2242 vivis,
3169 2179 3265 2234 sed
3295 2180 3387 2236 ille

1808 2258 1864 2312 in
1909 2269 1962 2313 te
2010 2260 2142 2314 vivit
2194 2263 2301 2331 qui.
2337 2278 2438 2333 pro
2477 2272 2531 2318 te
2566 2267 2863 2322 cruciﬁxus
2897 2275 2999 2323 est.
3038 2267 3153 2323 lloc
3199 2270 3387 2340 itaque

1806 2359 1935 2423 typo
1970 2367 2078 2422 quo
2108 2351 2369 2410 Dominus
2405 2372 2504 2425 pro
2534 2357 2695 2413 nobis
2722 2374 3026 2429 su5pensus
3064 2358 3168 2423 est,
3205 2371 3254 2416 et
3281 2378 3385 2419 nos

1806 2459 2033 2499 necesse
2087 2453 2170 2499 est
2217 2446 2271 2499 in
2327 2448 2582 2503 coenobio
2641 2465 2838 2519 agere,
2890 2463 2949 2505 ut
3003 2460 3125 2506 orat
3190 2453 3384 2509 beatus

1806 2533 1997 2595 David,
2038 2549 2161 2587 cum
2197 2536 2392 2591 timore
2434 2537 2648 2593 Domini
2691 2541 2931 2610 postulat
2964 2542 3160 2611 conﬁgi
3187 2558 3384 2599 carnes

1806 2639 1934 2678 suas
1961 2625 2028 2678 ".
2053 2623 2519 2689 Quemadmodum
2545 2629 2688 2683 enim
2730 2631 2823 2699 qui
2862 2647 3063 2702 corpus
3105 2634 3251 2703 ligno
3297 2634 3383 2689 af-

1804 2713 1971 2768 ﬁxum
2007 2714 2187 2778 habet,
2215 2715 2281 2769 ad
2313 2717 2612 2786 quamlibet
2641 2720 2909 2774 actionem
2960 2722 3219 2778 immotus
3256 2734 3381 2793 est;

1804 2806 1967 2878 315
1998 2807 2078 2863 sic
2111 2808 2204 2878 qui
2232 2809 2418 2864 divino
2454 2809 2652 2865 timore
2681 2813 2952 2866 conﬁxam
2987 2813 3149 2867 habet
3179 2817 3385 2885 cogita-

1805 2898 2029 2963 tionem,
2060 2897 2319 2954 immotus
2361 2908 2445 2955 est
2504 2901 2572 2954 ad
2609 2916 2830 2956 omnem
2866 2903 3139 2957 carnalem
3173 2919 3383 2959 concu-

1803 2991 2144 3059 piscentiam.
2198 2990 2263 3044 Et
2309 2991 2451 3047 sicut
2501 2992 2595 3061 qui
2646 2994 2796 3047 cruci
2851 3003 2936 3048 est
2989 2994 3200 3061 allixus,
3261 3012 3385 3067 quae

118 3080 277 3152 φόϐῳ
311 3075 694 3148 καθηλωμένον
724 3074 814 3129 τὸν
845 3070 1126 3142 λογισμὸν,
1170 3069 1429 3141 ἀκίνητος
1470 3068 1703 3140 ὑπάρχει

1808 3081 2094 3147 prteseutia
2145 3089 2274 3137 sunt
2318 3098 2428 3137 non
2473 3084 2615 3136 ultra
2663 3084 2901 3154 cogitat;
2936 3101 3113 3154 neque
3159 3089 3382 3157 propria

120 3174 267 3246 πρὸς
314 3172 424 3224 πᾶν
467 3168 676 3241 θέλημα.
722 3164 1003 3238 σαρκικόν.
1047 3163 1158 3217 Καὶ¹
1196 3160 1384 3233 ὥσπερ
1410 3162 1443 3213 6
1488 3159 1703 3231 σταυρῴ

119 3259 551 3336 προσηλωμένος
590 3258 690 3310 οὐκ
721 3254 802 3310 ἔτι
852 3253 921 3308 τὰ
954 3252 1197 3324 παρόντα
1242 3249 1548 3319 λογίζεται,
1581 3248 1703 3302 οὐδὲ

116 3359 239 3419 τοῖς
287 3352 442 3415 ἰδίοις
496 3350 766 3421 θελήμασι
817 3342 1248 3407 συνδιατίθεται,
1282 3341 1382 3394 οὐκ
1439 3337 1704 3409 ἐπιθυμίᾳ

116 3453 476 3527 ταράττεται,
510 3448 571 3501 οὺ
606 3444 848 3518 φροντίδι
895 3440 990 3495 τοῦ
1023 3438 1255 3498 κτᾶσθαι
1304 3433 1701 3497 κατατείνεται,

115 3525 228 3619 οὐχ
254 3541 608 3615 ὑπερηφανίᾳ
637 3536 945 3610 φυσιοῦται,
972 3534 1034 3588 ού
1074 3529 1394 3602 φιλονεικία,
1429 3528 1489 3581 ού
1525 3525 1704 3619 φθόνῳ

116 3617 445 3707 ἐξάπτεται,
473 3636 532 3689 οὐ
564 3633 693 3704 περὶ
723 3629 832 3684 τῶν
859 3625 1151 3699 παρουσῶν
1171 3622 1405 3693 ἀτιμιῶν
1438 3619 1612 3688 ἀλγεῖ,
1639 3617 1701 3669 ού

113 3731 224 3796 τὰς
279 3726 656 3801 παρελθούσας
712 3722 900 3794 ὕϐρεις
945 3716 1449 3788 ἀναμιμνήσκεται’
1509 3707 1702 3801 μικρὸν

112 3822 235 3894 γὰρ
264 3798 493 3892 ὕστερον
521 3819 620 3889 τὴν
670 3816 737 3869 ἐκ
780 3811 874 3866 τοῦ
911 3810 1026 3881 βίου
1074 3807 1251 3876 ἔξοδον
1289 3803 1567 3874 ἐκδέχεται
1614 3798 1704 3894 διά

268 3909 527 3983 σταυροῦ’
582 3906 758 3970 οὕτως
790 3905 820 3958 6
873 3899 1286 3971 ἀποταξάμενος
1338 3895 1573 3966 γνησίως
1623 3891 1703 3964 τῷ

116 4009 342 4078 κόσμῳ,
378 4004 476 4056 καὶ
501 4000 578 4072 τῷ
605 3999 736 4070 θείῳ
767 3996 915 4068 φόϐῳ
943 3995 1019 4058 ὡς
1050 3995 1106 4048 ὲν
1135 3988 1350 4063 σταυρῷ
1381 3986 1704 4059 καθηλωμέ-

115 4116 243 4164 νος,
290 4097 392 4169 τὴν
429 4096 494 4148 ἐκ
537 4091 631 4147 τοῦ
677 4090 793 4162 βίου
839 4087 1032 4141 τούτου
1075 4082 1251 4148 ἔξοδον
1299 4080 1422 4136 καθ’
1469 4079 1702 4150 ἑκάστην

115 4188 559 4264 προσδεχόμενος
581 4222 597 4249 ,
644 4181 936 4252 ἀκινήτους
985 4178 1082 4232 καὶ
1139 4174 1531 4246 ἁνενεργήτους
1590 4170 1701 4242 ἔχει

116 4284 309 4345 πάσας
333 4281 432 4343 τὰς
454 4275 749 4347 ἐπιθυμίας
778 4270 991 4334 καὶτὰς
1031 4265 1299 4341 σαρκικάς
1328 4264 1610 4327 διαθέσεις.

195 4375 284 4431 15.
319 4371 589 4425 Φυλάττου
617 4361 907 4437 τοιγαροῦν
939 4363 1150 4434 μήποτε
1176 4356 1380 4412 τούτων
1413 4354 1700 4409 ἀναλαϐεῖν

1809 3173 2088 3226 voluntate
2141 3171 2416 3243 dirigitur.
2464 3188 2575 3227 non
2619 3175 3068 3244 cuncupiseentia
3103 3178 3379 3244 turbatur,

1807 3278 1916 3318 non
1959 3279 2090 3319 cura
2125 3263 2439 3334 possidendi
2470 3262 2763 3329 detinetur,
2796 3280 2905 3320 non
2940 3268 3195 3336 superbia
3226 3266 3383 3323 inﬂa-

1806 3363 1918 3418 tur,
1950 3370 2059 3409 non
2107 3356 2474 3419 contentione,
2523 3370 2634 3410 non
2683 3356 2884 3411 invidia
2912 3359 3240 3423 exardescit,
3269 3374 3382 3419 non

1806 3447 1953 3502 dolet
1994 3446 2062 3501 de
2114 3447 2370 3515 praesenti
2425 3448 2777 3514 contumelia,
2821 3463 2931 3502 non
2978 3453 3380 3519 praeteritarum

1805 3539 2054 3594 meminit
2103 3539 2425 3607 injuriarum
2472 3553 2487 3590 :
2530 3553 2653 3592 nam
2697 3547 2821 3609 post
2862 3542 3082 3608 paulum
3115 3542 3379 3611 temporis

1806 3629 1968 3685 ﬁnem
2024 3635 2307 3698 exspectat
2360 3627 2485 3682 vitae
2536 3642 2650 3683 sua:
2693 3643 2791 3697 per
2835 3643 3057 3683 crucem
3116 3629 3374 3696 scilicet;

1806 3721 1887 3779 sic
1944 3720 2038 3790 qui
2098 3721 2313 3774 sincere
2386 3720 2590 3774 mundo
2658 3718 3081 3783 abrenuntiavit,
3153 3728 3208 3775 et
3275 3719 3376 3774 Dei

1806 3813 2001 3867 timore
2039 3811 2197 3882 quasi
2234 3811 2289 3864 in
2323 3824 2488 3866 cruce
2524 3810 2771 3865 conﬁxus
2831 3817 2948 3876 est,
2990 3810 3219 3878 hujusce
3253 3812 3379 3867 vitae

1805 3905 2011 3960 exitum
2039 3903 2284 3975 quotidie
2326 3912 2672 3973 exspectans,
2714 3902 2966 3957 immotas
2995 3912 3048 3956 et
3077 3901 3379 3959 imbecillas

1810 3996 1971 4051 habet
2023 4011 2215 4051 omnes
2259 3995 2737 4065 cencupiscentias
2778 4008 3077 4064 omnesque
3129 3993 3382 4049 carnales
3435 4032 3457 4054 .

1804 4086 2049 4143 allectus.
3282 4096 3289 4099 '

1877 4357 1964 4411 15.
2007 4353 2118 4428 (68)
2140 4326 2285 4408 Cave
2315 4352 2481 4424 igitur
2508 4366 2577 4405 ne
2605 4349 2824 4420 quando
2854 4363 2917 4405 ea
2945 4361 3223 4404 resumere
3246 4360 3381 4401 con-

116 4426 606 4541 ὲπίθυμήσῃςηῶν
635 4426 1074 4525 ἀποτάσσόμενος
1105 4448 1510 4541 ἀποϐέϐληκας.
1546 4446 1703 4541 Κατὰ

1808 4426 2061 4518 cupiscas
2091 4460 2213 4516 qua:
2236 4444 2292 4498 in
2322 4441 2791 4498 abrenuntiatione
2825 4426 2915 4496 tua
2940 4439 3217 4495 dimisisti.
3241 4435 3378 4491 Nam

112 4560 232 4630 γάρ
281 4536 382 4627 τὴν
428 4536 698 4622 ἀπόφασιν
753 4546 848 4602 τοῦ
891 4544 1182 4609 Δεσπὸτου,
1218 4561 1237 4593 ι
1277 4541 1334 4594 '0
1391 4537 1563 4610 βαλὼν
1607 4536 1706 4630 τήν

114 4629 282 4724 χεῖρα
314 4648 400 4701 ἐπ’
430 4646 677 4717 ἄροτρον,
708 4640 806 4696 καὶ
851 4636 1111 4709 στραφεὶς
1151 4636 1231 4697 είς
1267 4631 1338 4685 τά
1382 4630 1577 4724 ὀπίσω,
1603 4629 1705 4724 οὐκ

114 4720 345 4802 εὔθετός
371 4739 517 4791 ἐστιν
548 4737 629 4798 εἰς
659 4733 760 4804 τὴν
795 4726 1067 4802 βασιλείαν
1092 4724 1200 4780 τῶν
1239 4722 1484 4795 οὐρανῶν
1507 4738 1522 4752 ·
1563 4740 1582 4774 ι
1609 4720 1704 4775 καὶ

111 4834 147 4890 6
181 4832 324 4907 πρὸς
346 4829 418 4883 τά
447 4825 681 4883 ταπεινά
704 4840 767 4878 τε
805 4821 902 4877 καὶ
938 4821 1102 4892 γήϊνα
1126 4814 1220 4871 τοῦ
1265 4815 1469 4886 κόσμου
1508 4810 1698 4866 τούτου

113 4902 431 5002 πράγματα
481 4920 591 4976 ἀπὺ
633 4918 735 4993 τῆς
782 4913 993 4986 ὑψηλῆς
1035 4907 1335 5002 πολιτείαςῖ
1355 4902 1698 5002 καταϐαίνων

116 4994 295 5075 πάλιν
314 5014 444 5086 παρ’
474 5009 693 5083 ἐντολὴν
718 5006 813 5062 τοῦ
837 5000 1075 5076 Χριστοῦ
1108 5001 1356 5073 πράττει,
1393 4995 1488 5050 τοῦ
1510 4994 1697 5067 δώμα-

113 5128 214 5176 τος
243 5105 611 5171 καταϐαίνων,
642 5103 737 5156 καὶ
766 5096 899 5173 ἇραί
933 5114 989 5151 τι
1023 5094 1132 5149 τῶν
1157 5092 1254 5147 τοῦ
1292 5091 1442 5145 οἴκου
1491 5090 1699 5159 ἐπιχει-

121 5202 255 5277 ρῶν.
289 5199 561 5255 Φυλάττου
589 5194 769 5249 τοίνυν
813 5191 908 5263 μὴ,
952 5189 1050 5260 τῆς
1080 5185 1188 5241 τῶν
1221 5184 1363 5240 κατά
1391 5183 1569 5277 σάρκα
1605 5198 1699 5277 γο-

116 5272 258 5351 νέων
291 5290 524 5363 ἀρχαίας
562 5285 851 5347 διαθέσεως
881 5278 1265 5352 ἀναμνησθεὶς,
1299 5277 1394 5363 και
1434 5274 1573 5346 πρὸς
1598 5272 1697 5347 τάς

118 5383 409 5461 φροντίδας
433 5379 529 5436 τοῦ
564 5378 757 5442 αἰῶνος
782 5374 973 5429 τούτου
1006 5368 1378 5442 ἐπιστραφεὶς,
1413 5365 1697 5461 ἀνεύθετος

116 5457 353 5551 εῦρεθῇς
377 5472 522 5529 κατά
546 5471 645 5545 τὴν
685 5470 779 5524 τοῦ
807 5466 1015 5542 Κυρίου
1044 5463 1226 5537 φωνὴν
1262 5464 1321 5516 ὲν
1357 5462 1424 5533 τῇ
1451 5457 1696 5531 βασιλείᾳ

1804 4540 1962 4611 juxta
2001 4536 2216 4591 Domini
2254 4534 2618 4591 sententiam:
2652 4550 2671 4584 ι
2703 4531 2807 4598 Qui
2848 4531 3022 4600 injicit
3055 4545 3272 4583 manum
3308 4527 3378 4582 ad

1808 4641 2050 4686 aratrum
2092 4638 2147 4686 et
2190 4636 2338 4684 retro
2362 4625 2723 4690 convertitur,
2762 4639 2869 4678 non
2893 4632 2976 4679 est
3010 4633 3167 4692 aptus
3192 4621 3259 4676 ad
3298 4637 3378 4676 rec

1805 4737 1971 4795 gnum
2001 4720 2266 4776 cwlorum
2291 4718 2357 4782 '7,
2391 4735 2410 4768 ι
2435 4723 2489 4771 et
2514 4715 2609 4795 qui
2632 4730 2697 4770 ex
2725 4713 2949 4767 sublimi
2979 4714 3102 4767 vita:
3129 4711 3381 4766 instituto

1811 4794 1878 4868 ad
1906 4811 2042 4867 viles
2072 4823 2137 4863 ac
2162 4815 2411 4863 terrenas
2445 4794 2609 4873 hujus
2654 4802 2841 4857 mundi
2873 4815 2964 4855 res
2993 4798 3295 4862 descendit,
3328 4797 3378 4853 is

1802 4910 1995 4961 contra
2023 4898 2578 4968 Dominilpraeceptum
2603 4894 2714 4962 agit
2737 4892 2946 4955 ",cum
2985 4904 3050 4944 ex
3082 4887 3242 4943 domo
3281 4886 3379 4940 de-

1804 4994 2042 5052 scendit.
2082 4997 2137 5045 et
2169 4996 2400 5044 conatur
2422 4983 2629 5054 aliquid
2665 4998 2732 5037 ex
2757 4981 2920 5035 domo
2963 4977 3200 5033 auferre.
3233 4975 3379 5030 Cave

1803 5089 1989 5157 itaque
2031 5098 2099 5138 ne
2130 5078 2341 5149 antiqui
2372 5076 2452 5131 tui
2502 5088 2631 5145 erga
2674 5071 2922 5127 carnales
2955 5076 3208 5139 parentes
3248 5065 3378 5120 aﬁ‘e-

1802 5187 1926 5234 ctus
1964 5173 2306 5232 recordatus,
2360 5175 2414 5223 et
2449 5166 2516 5221 ad
2550 5161 2735 5219 saeculi
2776 5160 3006 5229 hujusce
3038 5171 3200 5212 curas
3243 5170 3380 5208 con-

1801 5284 2018 5329 versus,
2064 5280 2173 5320 non
2205 5270 2363 5332 aptus
2392 5257 2549 5329 juxta
2596 5252 2810 5309 Domini
2845 5263 3034 5305 vocem
3078 5244 3377 5301 invcniaris

1803 5364 1860 5420 in
1920 5373 2089 5430 regno
2152 5355 2438 5409 caalorum.
2491 5349 2636 5403 Cave
2686 5359 2755 5400 ne
2829 5339 3164 5430 superbiam,
3211 5350 3375 5406 quam

1803 5452 1963 5510 initio
1989 5427 2087 5520 per
2108 5440 2434 5503 humilitatis
2464 5438 2731 5492 fervorem
2760 5427 3123 5495 conculcasti,
3154 5438 3378 5481 rursum

190 5635 238 5670 "
273 5631 475 5688 Jerem.
510 5642 714 5694 xum,
753 5626 839 5682 10.
913 5622 961 5657 ³⁸
998 5620 1146 5679 Psal.
1180 5633 1377 5685 cxvni,
1414 5617 1536 5674 120.
1613 5618 1658 5652 ²¹¹
1697 5617 1703 5672 l

1808 5655 1828 5669 .
1870 5628 1960 5675 ιι,
1992 5604 2066 5669 62
2159 5602 2204 5634 ’⁸
2246 5599 2378 5653 Luc.
2410 5610 2537 5662 xvn,
2572 5592 2656 5648 51.

195 5766 311 5850 ςϐη
342 5762 596 5829 Cassian.
642 5758 878 5815 Iustitia.
913 5753 1012 5811 lib.
1046 5768 1123 5811 tv.
1149 5767 1199 5809 c.
1226 5749 1318 5817 54,
1348 5748 1439 5804 35.

1875 5741 1986 5813 (68)
2029 5723 2165 5793 ibid.
2200 5748 2249 5789 c.
2280 5731 2368 5788 36.
