3868 6206
468 336 570 395 867

1593 330 1652 386 S.
1694 323 2162 383 ATHANASIUS.
2199 352 2271 365 --
2310 320 2583 379 SPURIA.

3610 315 3718 372 868

471 454 528 509 in
563 463 618 509 te
642 454 868 509 excites.
898 452 1003 509 Ubi
1026 450 1352 507 Psalterium
1381 446 1660 511 didiceris,
1705 454 1798 501 aut
1827 442 2033 515 aliquid

2155 440 2241 495 τῶν
2279 439 2543 512 οὐρανῶν.
2585 436 2856 491 Φυλάττου
2898 436 3107 508 μήποτε
3150 432 3250 504 τὴν
3304 429 3717 500 ὑπερηφανίαν,

470 560 537 600 ex
582 543 907 615 Scriptura:
941 545 1026 598 vel
1067 543 1227 613 juxta
1255 539 1506 611 Apostoli
1555 551 1766 600 vocem,
1802 550 1928 590 cum
1970 548 2034 590 ea

469 649 593 704 qua:
624 634 946 690 destruxisti
983 647 1204 689 rursum
1232 630 1490 696 aedificas,
1536 644 1606 682 ne
1650 636 1702 682 te
1730 634 2039 697 transgres-

472 740 652 780 sorem
707 726 1001 788 exhibeas;
1035 723 1129 779 sed
1176 723 1358 794 potius
1402 728 1462 775 ut
1510 719 1785 788 incmpisti
1818 726 1873 772 et
1910 733 2040 787 pro-

471 816 654 872 fessus
698 833 758 872 es
792 818 1178 879 humilitatem,
1211 830 1396 871 coram
1429 812 1536 867 Deo
1582 819 1637 866 et
1683 810 1890 879 angelis
1918 810 2039 878 ejus

473 910 541 962 ad
577 909 739 963 finem
770 925 945 978 usque
979 918 1211 962 servato.
1269 905 1532 959 Similiter
1564 917 1725 973 quam
1771 901 2041 954 humilita-

475 1006 584 1052 tem
633 999 688 1052 in
728 1000 1060 1053 monasterio
1095 996 1412 1058 exhibuisti,
1451 1010 1576 1048 cum
1624 994 1810 1048 multis
1846 992 2040 1047 diebus

473 1104 575 1158 pro
629 1088 839 1145 foribus
883 1089 1203 1144 monasterii
1254 1102 1378 1141 cum
1423 1086 1679 1157 lacrymis
1724 1085 2041 1154 supplicans

475 1181 860 1250 perseverasti,
906 1195 1039 1235 cura
1082 1187 1140 1234 ut
1173 1194 1394 1248 augeas.
1442 1177 1636 1232 Misera
1684 1192 1913 1247 prorsus
1955 1192 2043 1232 res

412 1274 413 1277 “
474 1278 642 1335 esset,
696 1271 743 1326 si
788 1286 911 1325 cum
941 1278 994 1325 te
1026 1271 1216 1325 deceat
1249 1269 1493 1339 quotidie
1524 1269 1592 1321 ad
1643 1267 1913 1323 fervorem
1946 1266 2044 1321 ad-

473 1362 603 1417 dere
642 1370 818 1429 tuum,
872 1370 926 1417 et
958 1361 1207 1430 profectu
1255 1359 1479 1414 assiduo
1535 1359 1603 1413 ad
1650 1359 2043 1429 perfectionem

478 1452 806 1519 ascendere;
839 1466 962 1505 eum
1012 1451 1304 1504 imminuas
1353 1458 1407 1504 et
1446 1450 1515 1503 ad
1555 1448 1814 1505 inferiora
1860 1464 2047 1503 rever-

477 1550 614 1596 tare.
651 1542 769 1596 Non
810 1543 954 1597 enim
998 1543 1088 1596 ille
1114 1542 1307 1597 beatus
1339 1542 1432 1612 qui
1470 1542 1674 1596 bonum
1720 1556 1880 1611 agere
1909 1540 2048 1594 inci-

477 1634 585 1702 pit;
618 1634 713 1687 sed
761 1634 1075 1703 quicunque
1106 1634 1171 1687 ad
1205 1632 1364 1687 finem
1392 1649 1564 1702 usque
1600 1634 1655 1686 in
1701 1647 1767 1687 eo
1797 1647 2048 1702 perseve-

477 1724 702 1777 raverit.
731 1724 842 1794 (69)
882 1721 1019 1777 Nam
1050 1738 1275 1793 serpens
1308 1723 1399 1793 qui
1435 1722 1503 1775 ad
1549 1730 1750 1777 terram
1786 1721 2042 1782 trahitur,

2135 532 2202 603 ἢν
2233 530 2533 603 ἀρχόμενος
2561 531 2628 601 τῇ
2654 527 2831 599 Θέρμῃ
2862 526 2964 596 τῆς
2989 523 3368 586 ταπεινώσεως
3401 519 3718 590 κατεπάτη-

2139 639 2256 687 σας,
2290 619 2577 691 ἀνεγείρῃς
2610 616 2731 673 καθ’
2763 615 2978 678 ἐαυτοῦ,
3007 616 3135 668 ὅταν
3174 613 3234 667 τὸ
3261 612 3563 682 ψαλτήριον
3608 610 3716 679 μά-

2138 713 2257 785 θῃς,
2289 714 2324 784 ἦ
2354 730 2406 766 τι
2432 712 2531 782 τῆς
2565 709 2805 781 Γραφῆς,
2835 709 2868 779 ἢ
2898 709 2995 761 καὶ
3022 707 3162 761 κατὰ
3201 705 3300 775 τὴν
3330 702 3424 758 τοῦ
3468 701 3721 755 ’Δποστόρ

2138 804 2231 858 λου
2279 803 2482 873 φωνὴν,
2513 800 2548 855 ἃ
2578 801 2872 862 κατέλυσας
2903 798 3064 851 πάλιν
3106 795 3421 866 οἰκοδομῶν,
3466 790 3721 864 παραϐά-

2138 913 2238 966 την
2276 894 2497 949 σεαυτὸν
2526 892 2838 963 ἀποδείξῃςο
2868 889 3005 943 ἀλλά
3037 889 3237 960 μᾶλλον
3260 887 3335 951 ὡς
3364 884 3602 956 ἐνήρξω,
3626 884 3721 938 καὶ

2140 986 2499 1058 ὡμολόγησας
2540 986 2637 1056 τὴν
2662 983 2990 1036 ταπείνωσιν
3018 979 3244 1033 ἐνώπιον
3269 977 3403 1032 Θεοῦ
3432 979 3531 1031 καὶ
3556 976 3720 1045 ἀγγέ-

2140 1077 2268 1142 λων,
2293 1077 2398 1140 ἐως
2439 1076 2624 1138 τέλους
2649 1076 2991 1146 διατήρησον.
3027 1071 3255 1143 Ὁμοίως
3283 1071 3383 1141 τὴν
3416 1070 3719 1141 ὑπομονὴν,

2142 1169 2208 1237 ἣν
2238 1167 2496 1233 ἐπεδείξω
2537 1168 2595 1220 ἐν
2634 1165 2713 1237 τῷ
2752 1165 3117 1236 μοναστηρίῳ,
3151 1165 3244 1217 ἐπὶ
3286 1160 3722 1232 πολλὰςήμέρας

2144 1257 2250 1326 πρὸ
2275 1256 2383 1310 τῶν
2408 1256 2585 1328 θυρῶν
2617 1254 3008 1328 διακαρτερῶν,
3041 1255 3134 1308 καὶ
3170 1253 3306 1323 μετά
3333 1252 3590 1323 δακρύων
3616 1253 3725 1303 ias-

2143 1349 2342 1414 τεύων,
2394 1348 2690 1404 σπούδασον
2734 1347 3057 1417 ἐπαυξῆσαι.
3108 1344 3325 1398 Ἀθλιον
3381 1343 3494 1416 γὰρ
3547 1342 3722 1404 ὅντως

2144 1440 2427 1511 ὀφείλοντά
2459 1457 2518 1492 σε
2555 1439 2676 1493 καθ’
2729 1440 2963 1509 ἑκάστην
3013 1436 3356 1511 προστιθέναι
3406 1438 3475 1506 τῇ
3529 1432 3721 1507 πρώτῃ

2149 1532 2350 1603 θέρμῃ,
2387 1532 2480 1583 καὶ
2520 1533 2600 1594 εἰς
2644 1530 2704 1584 τὸ
2742 1530 2942 1583 τέλειον
2992 1528 3300 1583 ἀναϐαίνειν
3344 1526 3724 1597 προκόπτοντα

2146 1622 2394 1693 ὑφαιρεῖν
2429 1622 2523 1674 ἀπ’
2551 1621 2741 1691 αὐτῆς,
2786 1621 2879 1674 καὶ
2916 1621 3052 1693 πρὸς
3080 1619 3147 1672 τά
3178 1618 3329 1671 κάτω
3368 1615 3721 1669 ὑπαναλύειν.

2148 1709 2223 1763 υύ
2254 1710 2364 1781 γὰρ
2395 1713 2423 1763 ὁ
2450 1710 2749 1782 ἀρχόμενος
2773 1709 2865 1762 τοῦ
2909 1709 3075 1763 καλοῦ
3104 1708 3391 1779 μακάριος,
3420 1706 3725 1770 mnam;

478 1812 797 1869 calcaneum
844 1822 1091 1867 nostrum
1139 1828 1352 1882 semper
1396 1812 1671 1877 observat,
1705 1810 1758 1865 id
1788 1818 1893 1878 est,
1923 1809 2039 1863 obi-

2155 1801 2245 1865 ἕως
2270 1803 2454 1865 τέλους
2486 1804 2543 1854 ἐν
2571 1802 2743 1872 τούτῳ
2773 1801 3046 1873 διαμείνῃ.
3083 1802 3141 1854 Ὀ
3174 1801 3282 1871 γὰρ
3305 1799 3399 1853 ἐπὶ
3424 1799 3529 1868 γῆς
3566 1798 3727 1869 συρό-

478 1905 557 1957 tui
597 1912 790 1959 nostro
822 1903 1050 1960 insidias
1090 1911 1265 1973 parat,
1313 1911 1368 1958 et
1399 1918 1571 1972 usque
1611 1901 1680 1956 ad
1715 1900 1877 1956 linem
1920 1901 2046 1955 vitae

480 2002 683 2049 nostra:
710 2009 812 2050 nos
853 1996 1206 2064 supplantare
1255 2000 1504 2050 conatur.
1530 1992 1711 2059 Quare
1742 1991 1880 2045 nihil
1922 2006 2050 2062 pro-

481 2084 622 2140 derit
662 2087 830 2155 probe
878 2086 1169 2156 incepisse,
1221 2086 1355 2139 nihil
1402 2085 1620 2139 initium
1655 2082 1873 2139 fervens
1918 2084 2049 2139 obe—

480 2172 722 2239 dientiae,
755 2173 861 2252 nisi
895 2174 1020 2230 finis
1044 2175 1296 2230 similiter
1316 2181 1703 2244 consequatur.
1736 2172 1804 2228 Et
1835 2188 1901 2229 ea
1926 2189 2049 2243 qua:

482 2264 782 2321 secundum
805 2264 1085 2321 Christum
1117 2273 1202 2321 est
1232 2265 1531 2330 humilitas,
1559 2278 1722 2335 quam
1752 2279 1899 2318 nunc
1922 2278 2051 2334 pro-

481 2354 702 2418 misisti,
738 2370 849 2410 non
886 2354 1211 2419 firmabitur,
1261 2354 1368 2409 nisi
1412 2369 1534 2409 eam
1579 2354 1649 2409 ad
1679 2353 1840 2409 ﬁnem
1876 2368 2052 2423 usque

483 2446 820 2502 exbibueris.
870 2446 1237 2514 Quamobrem
1284 2454 1346 2501 ut
1387 2446 1538 2500 illam
1582 2446 1764 2516 possis
1808 2444 2050 2516 perfecte

483 2537 786 2608 possidere,
816 2546 981 2608 atque
1012 2545 1177 2607 caput
1209 2537 1465 2592 draconis
1503 2543 1805 2600 conterere,
1846 2551 1971 2589 cum
1996 2544 2051 2590 te

483 2630 786 2685 invaserint
830 2631 1210 2700 cogitationes,
1261 2637 1475 2682 mature
1510 2628 1579 2681 ab
1612 2627 1732 2698 ipso
1776 2627 2050 2698 principio

485 2722 726 2775 revelato
757 2720 899 2775 illas.
928 2718 1040 2790 (70)
1074 2719 1210 2773 Nam
1251 2719 1298 2774 si
1340 2719 1416 2772 ita
1445 2718 1810 2789 publicaveris
1840 2719 1909 2774 a'l)
1942 2720 2051 2774 ini-

486 2809 562 2863 tio
592 2809 931 2879 perniciosas
957 2808 1215 2864 draconis
1252 2808 1635 2878 cogitationes,
1667 2809 1715 2864 si
1741 2823 1852 2863 non
1881 2815 1935 2864 te
1959 2817 2081 2879 pu-'

486 2900 611 2954 deat
663 2915 757 2956 eas
817 2899 969 2954 Patri
1030 2907 1123 2955 tuo
1179 2900 1498 2965 declarare,
1573 2908 1827 2960 conteres
1889 2907 2054 2973 caput

484 2993 610 3061 ejus
635 2993 702 3044 ’⁸.
756 2991 1048 3045 Enimvero
1086 2991 1243 3058 juxta
1290 2990 1535 3045 divinam
1588 2989 1953 3062 Scripturam,
2002 2991 2052 3047 si

485 3082 793 3138 accesseris
822 3080 891 3135 ad
918 3080 1268 3137 serviendum
1296 3080 1429 3145 Deo,
1457 3095 1705 3151 praepara
1734 3082 1969 3151 teipsum
1981 3080 2051 3149 ⁸⁸,

487 3190 599 3230 non
637 3172 704 3227 ad
736 3172 1028 3236 incuriam,
1061 3186 1171 3229 non
1198 3172 1265 3227 ad
1301 3172 1673 3238 otiositatem;
1709 3171 1803 3227 sed
1828 3170 1899 3227 ad
1929 3179 2055 3228 ten--

487 3264 749 3329 tationes,
781 3263 850 3318 ad
888 3263 1288 3319 tribulationes.
1324 3261 1482 3331 Nam,
1535 3280 1554 3315 ι
1584 3261 1688 3318 Per
1715 3263 1917 3319 multas
1956 3264 2058 3319 tri-

490 3355 803 3410 bulationes
851 3361 1066 3425 oportet
1114 3370 1215 3410 nos
1256 3355 1465 3409 intrare
1516 3354 1573 3408 in
1618 3369 1849 3424 regnum
1899 3355 2060 3410 caelo-

490 3461 613 3500 rum
637 3446 717 3511 ³¹;
752 3454 841 3501 iet
865 3465 878 3500 :
921 3464 941 3498 ι
965 3446 1211 3518 Angusta
1242 3455 1421 3516 porta,
1456 3452 1511 3500 et
1540 3452 1691 3499 arcta
1713 3445 1799 3500 via
1826 3453 1911 3501 est
1938 3460 2060 3516 que

492 3539 646 3594 ducit
670 3539 737 3593 ad
756 3539 948 3604 vitam,
978 3548 1031 3594 et
1050 3538 1212 3608 pauci
1241 3545 1370 3594 sunt
1386 3539 1479 3608 qui
1499 3537 1784 3593 inveniunt
1805 3552 1925 3593 eam
1943 3538 2010 3593 ³³.
2035 3557 2054 3590 ι

492 3628 751 3683 Animum
779 3628 961 3699 itaque
996 3629 1188 3699 paucis
1212 3629 1320 3684 illis
1342 3629 1502 3686 bonis
1532 3629 1750 3695 adhibe,
1785 3635 1841 3683 et
1872 3643 1938 3683 ex
1967 3643 2064 3683 eo-

492 3734 615 3773 rum
656 3720 904 3789 exemplo
939 3720 1105 3773 vitam
1154 3718 1381 3774 institue
1427 3727 1613 3786 tuam;
1664 3733 1767 3772 nec
1809 3715 2061 3773 attendas

493 3810 664 3881 pigris
693 3820 748 3866 et
778 3812 1248 3882 contemptoribus
1271 3811 1620 3882 quantumvis
1651 3809 1805 3865 multi
1831 3823 2062 3864 numero

494 3903 604 3958 sint
650 3922 664 3958 :
731 3921 751 3955 ι
795 3902 950 3957 Multi
990 3903 1158 3968 enim,
1232 3903 1433 3973 inquit,
1481 3901 1683 3965 vocati,
1726 3899 1889 3970 pauci
1933 3914 2063 3955 vero

494 3995 653 4049 electi
677 3995 721 4026 ³³
748 4012 762 4047 :
800 4014 819 4048 ι
850 4006 904 4049 et
930 4010 1132 4066 parvus
1152 4011 1282 4066 grex
1311 4002 1395 4050 est
1419 3994 1509 4050 cui
1534 3994 1738 4064 placuit
1760 3992 1910 4047 Patri
1933 3993 2065 4048 dare

497 4099 723 4155 regnum
749 4085 817 4138 ”.
864 4085 942 4140 Ne
971 4100 1197 4155 parvum
1228 4087 1430 4141 etenim
1464 4086 1747 4142 existimes
1785 4100 1911 4141 esse
1945 4100 2068 4155 pec-

499 4188 710 4241 catum,
765 4178 1154 4249 perfectionem
1204 4180 1486 4249 polliceri,
1541 4186 1595 4234 et
1645 4179 2066 4250 negligentiores

501 4276 665 4336 atque
697 4284 891 4339 segnes
915 4270 1141 4323 imitari.
1169 4268 1238 4324 Ut
1265 4270 1447 4326 valeas
1472 4271 1655 4339 itaque
1678 4269 1744 4323 ad
1774 4268 2064 4339 perfectio-

504 4373 628 4412 nem
675 4360 981 4428 pervenire,
1030 4360 1138 4416 hoc
1177 4369 1332 4416 utere
1379 4361 1652 4427 instituto,
1694 4360 1783 4415 bis
1833 4358 2069 4415 ascende

500 4450 781 4520 gradibus.

566 4732 654 4788 ιι.
698 4731 1051 4803 (7l)Primus
1097 4733 1322 4789 virtutis
1372 4733 1576 4805 gradus
1605 4742 1660 4790 et
1699 4734 1918 4789 initium
1956 4750 2062 4789 no-

493 4830 624 4882 atrae
663 4825 859 4879 salutis
899 4831 985 4878 est
1020 4826 1184 4879 timor
1219 4824 1313 4880 Dei
1344 4843 1356 4879 :
1384 4840 1481 4894 per
1509 4841 1634 4880 eum
1664 4841 1902 4895 namque
1934 4840 2066 4896 pec-

495 4924 744 4971 catorum
784 4915 842 4969 fit
869 4916 1144 4986 purgatio,
1177 4926 1233 4972 et
1268 4916 1533 4971 virtutum
1566 4918 1819 4974 custodia
1865 4920 2063 4989 viaque

497 5007 566 5061 ad
605 5006 995 5076 perfectionem
1033 5006 1330 5061 obtinetur.
1367 5006 1502 5061 Nam
1547 5022 1673 5062 cum
1719 5008 1775 5062 in
1820 5008 2059 5062 animam

494 5097 661 5168 316
692 5098 971 5168 ingressus
998 5096 1161 5152 fuerit
1187 5098 1350 5152 timor
1373 5096 1488 5160 Dei,
1526 5099 1719 5153 suadet
1744 5098 1835 5153 ille
1866 5106 1922 5151 ut
1944 5113 2062 5153 om—

498 5189 592 5243 nia
641 5190 916 5245 mundana
961 5188 1365 5260 despiciamus;
1403 5189 1535 5244 hinc
1575 5191 1755 5244 oritur
1796 5197 2061 5261 cognato-

501 5293 623 5332 rum
656 5279 1008 5350 universique
1041 5278 1229 5333 mundi
1280 5278 1501 5332 oblivio.
1536 5276 1615 5332 Ex
1655 5277 1741 5335 bis
1775 5292 1941 5349 porro
1968 5278 2065 5332 bu-

2154 1908 2313 1964 μενος
2339 1892 2461 1960 ὄφις
2485 1892 2583 1963 τὴν
2606 1890 2880 1962 ἡμετέραν
2906 1891 2995 1944 ἀεὶ
3019 1894 3177 1962 τηρεῖ
3196 1890 3449 1959 πτέρναν,
3474 1890 3727 1942 τουτέστι

2146 1993 2214 2063 τῇ
2258 1989 2504 2061 ἡμετέρᾳ
2550 1988 2717 2059 ἐξόδῳ
2758 1987 3118 2050 ἐπιϐουλεύει,
3149 1988 3245 2042 καὶ
3275 1987 3378 2051 ἓως
3408 1986 3598 2050 τέλους
3627 1986 3725 2056 τῆς

2149 2081 2296 2152 ζωῆς
2330 2082 2485 2152 ἡμῶν
2509 2081 2880 2146 ὑποσκελίζειν
2909 2081 3054 2153 ἡμᾶς
3076 2082 3360 2151 ἐπιχειρεῖ.
3392 2078 3505 2133 Καὶ
3532 2079 3725 2133 τούτου

2148 2172 2309 2243 χάριν
2343 2172 2405 2224 τὸ
2431 2170 2758 2242 ἐνάρξασθαι
2801 2170 2979 2234 καλῶς
3012 2170 3163 2224 οὐδὲν
3206 2170 3498 2241 ὠφελήσει,
3528 2169 3657 2222 οὐδὲ
3692 2171 3726 2240 ἡ

2151 2263 2295 2335 ἀρχὴ
2323 2264 2421 2335 τῆς
2448 2265 2506 2316 ἐν
2533 2264 2776 2334 ὑποταγῇ
2804 2262 3154 2333 θερμότητος,
3177 2264 3226 2315 εί
3255 2260 3330 2333 μὴ
3359 2260 3451 2314 καὶ
3478 2260 3542 2314 τὸ
3570 2259 3726 2323 τέλος

2148 2355 2410 2419 ὡσαύτως
2440 2355 2684 2427 γένηται.
2732 2355 2843 2407 Καὶ
2886 2356 2920 2425 ἡ
2957 2353 3050 2407 τοῦ
3092 2352 3327 2425 Χριστοῦ
3359 2352 3417 2405 δὲ
3455 2353 3729 2406 ταπείνω-

2152 2463 2257 2511 σις,
2291 2448 2359 2517 ἢν
2383 2445 2477 2500 νῦν
2509 2444 2740 2501 ἐνώπιον
2766 2446 2928 2501 αὐτοῦ
2959 2445 3286 2517 ἐπηγγείλω,
3306 2445 3407 2498 οὑκ
3437 2442 3617 2508 ἄλλως
3644 2444 3729 2515 βε-

2151 2536 2532 2609 ϐαιωθήσεται,
2555 2538 2604 2590 εί
2635 2538 2709 2610 μὴ
2731 2539 2834 2601 ἕως
2859 2537 3044 2600 τέλους
3057 2536 3260 2607 ταύτην
3279 2534 3585 2608 ὑποδείξῃς.
3614 2535 3724 2598 Διὸ,

2152 2627 2240 2681 ῖνα
2271 2627 2504 2699 δυνηθῇς
2535 2629 2741 2700 ταύτην
2767 2628 2988 2692 τελείως
3017 2629 3339 2700 κτήσασθαι,
3385 2629 3479 2682 καὶ
3513 2629 3728 2697 συντρί-

2150 2718 2248 2791 ψαι
2274 2719 2372 2789 τὴν
2399 2719 2637 2790 κεφαλὴν
2661 2721 2754 2773 τοῦ
2778 2720 3088 2793 δράκοντος,
3113 2719 3397 2785 σπούδαζε,
3420 2721 3549 2774 ὅταν
3571 2722 3729 2793 ἐπέρ-

2153 2810 2355 2881 χωνταί
2381 2827 2461 2864 σοι
2497 2810 2763 2883 λογισμοὶ,
2794 2812 2994 2876 εὐθέως
3017 2811 3076 2876 ἐξ
3109 2812 3281 2884 ἀρχῆς
3306 2811 3531 2877 τούτους
3559 2814 3729 2882 άπαγο

2153 2900 2380 2970 γέλλειν.
2407 2899 2596 2965 Οὕτως
2630 2902 2739 2974 γάρ
2770 2902 3107 2975 δημοσιεύων
3133 2902 3232 2966 τὰς
3263 2903 3439 2975 άρχάς
3471 2903 3586 2959 τῶν
3616 2906 3730 2959 ὀλε-

2156 2990 2321 3064 θρίων
2341 2991 2436 3045 τοῦ
2459 2992 2749 3065 δράκοντος
2773 2992 3067 3065 λογισμῶν,
3101 2993 3196 3047 καὶ
3230 2993 3305 3064 μὴ
3343 2995 3729 3065 αἰσχυνόμενος

2156 3085 2432 3156 ἐκφαίνειν
2459 3087 2538 3158 τῷ
2561 3086 2639 3158 σῷ
2664 3087 2857 3160 Πατρὶ,
2897 3085 3202 3158 συντρίψεις
3227 3085 3323 3156 τὴν
3347 3086 3538 3139 τούτου
3563 3104 3729 3157 κεφαο

2156 3175 2277 3248 λήν.
2302 3176 2391 3229 Διὸ
2411 3177 2475 3247 δη
2503 3175 2644 3230 κατά
2673 3176 2771 3248 τὴν
2794 3176 3034 3248 Γραφὴν,
3061 3177 3108 3229 εί
3134 3175 3433 3248 προσέλθῃς
3456 3175 3732 3230 δουλεύειν

2158 3268 2237 3339 τῷ
2261 3267 2400 3339 Θεῷ,
2436 3268 2722 3339 ἐτοίμασον
2750 3268 2973 3322 σεαυτὸν
3006 3267 3080 3339 μὴ
3106 3267 3242 3338 πρὸς
3272 3267 3628 3339 ἀμεριμνίας,
3659 3269 3730 3339 μὴ

2159 3358 2298 3430 πρὸς
2326 3359 2558 3424 ἀνέσεις,
2591 3358 2728 3414 άλλά
2770 3359 2905 3433 πρὸς
2939 3359 3296 3431 πειρασμοὺς,
3331 3358 3466 3429 πρὸς
3502 3357 3728 3428 θλίψεις.

2166 3469 2186 3502 ι
2225 3449 2324 3504 Διά
2364 3470 2383 3503 ι
2432 3450 2541 3523 γὰρ
2582 3471 2601 3504 ι
2639 3449 2850 3505 πολλῶν
2881 3449 3116 3520 θλίψεων
3156 3450 3238 3504 δεῖ
3283 3451 3439 3521 ἡμᾶς·
3473 3449 3733 3503 εἰσελθεῖν

2160 3546 2240 3608 είς
2282 3542 2391 3615 τὴν.
2433 3542 2708 3613 βασιλείαν
2756 3541 2867 3596 τῶν
2911 3537 3187 3614 οὐρανῶν·
3228 3560 3248 3595 ι
3283 3542 3398 3607 καὶ,
3435 3560 3455 3592 ε
3491 3542 3664 3615 Στενὴ
3698 3546 3731 3611 ἡ

2161 3633 2327 3705 πύλη,
2375 3634 2471 3687 καὶ
2513 3633 2843 3705 τεθλιμμένη
2883 3634 2918 3705 ἡ
2959 3632 3077 3697 ὁδὸς
3120 3634 3155 3705 ή
3188 3632 3475 3702 ἀπάγουσα
3505 3636 3589 3699 εἰς
3636 3635 3737 3706 τὴν

2161 3724 2327 3796 ζωὴν,
2346 3726 2439 3778 καὶ
2452 3725 2621 3794 ὀλίγοι
2646 3726 2781 3779 εἰσὶν
2796 3726 2845 3778 ot
2861 3723 3205 3796 εὑρίσκοντες
3227 3724 3414 3796 αὑτήν.
3439 3744 3459 3777 ι
3491 3725 3734 3797 Πρόσχες

2160 3813 2337 3868 τοίνυν
2391 3817 2504 3878 τοῖς
2559 3815 2759 3884 ὀλίγοις
2810 3814 3013 3878 καλοῖς,
3061 3814 3156 3868 καὶ
3199 3816 3264 3868 ἐκ
3296 3814 3731 3887 παραδείγματος

2161 3904 2341 3962 αὐτῶν
2373 3905 2620 3970 κανόνιζε
2666 3905 2756 3959 τὸν
2807 3904 2998 3959 ἑαυτοῦ
3035 3906 3180 3976 βίον·
3231 3904 3304 3976 μὴ
3350 3907 3597 3976 προσχῇς
3627 3908 3732 3968 tot;

2165 3996 2428 4069 ῥᾳθύμοις
2453 3998 2547 4052 καὶ
2567 3999 3018 4069 καταφρονηταῖς,
3047 3995 3149 4050 κᾶν
3173 3995 3357 4049 πολλοὶ
3378 3989 3479 4048 ὦσι
3498 4013 3512 4027 ·
3545 4016 3565 4047 ι
3606 3997 3712 4050 Πολ

2162 4089 2245 4142 λοὶ
2264 4089 2391 4160 γάρ,
2429 4107 2447 4140 ι
2482 4089 2635 4159 φησὶ,
2666 4108 2684 4141 ι
2713 4088 2920 4160 κλητοὶ,
2972 4088 3141 4158 ὀλίγοι
3181 4088 3239 4142 δὲ
3283 4086 3554 4151 ἐκλεκτοὶ,
3593 4106 3614 4140 ι
3646 4088 3737 4140 καὶ

2166 4181 2359 4251 μικρὸν
2388 4180 2448 4233 τὸ
2482 4181 2730 4252 ποίμνιον
2760 4173 2805 4249 ᾧ
2841 4180 3139 4252 ηὐδόκησεν
3160 4181 3188 4233 ὀ
3216 4178 3407 4251 Πατὴρ
3436 4164 3736 4250 δοῦναι’τὴν

2166 4269 2463 4340 βασιλείαν.
2498 4270 2589 4342 Μὴ
2624 4270 2817 4341 μικρὸν
2857 4270 2965 4343 γὰρ
3002 4268 3142 4324 εἶναι
3175 4269 3402 4340 νομίσῃς
3437 4268 3736 4340 ἁμάρτημα

2167 4362 2598 4432 ἐπαγγέλλεσθαι
2624 4362 2958 4433 τελειότητα,
2984 4362 3212 4426 καὶτοῖς
3238 4360 3627 4432 ἀμελεστέροις
3648 4362 3738 4414 καὶ

2099 4475 2143 4531 Ι)
2175 4454 2438 4527 ῥᾳθύμοις
2477 4456 2806 4509 ἀκολουθεῖν.
2848 4456 2963 4509 Ἵνα
2998 4456 3176 4508 τοίνυν
3211 4453 3445 4524 δυνηθῇς
3488 4453 3739 4524 ἐπιϐῆναι
3832 4534 3833 4537 η

2167 4549 2233 4617 τῇ
2265 4546 2581 4617 τελειότητι,
2615 4547 2781 4619 ταύτῃ
2822 4547 3056 4620 κέχρησο
3100 4549 3165 4619 τῇ
3197 4544 3367 4613 τάξει,
3411 4547 3505 4600 καὶ
3535 4546 3740 4609 τούτοις

2168 4638 2425 4709 ἀνάϐαινε
2449 4642 2560 4703 τοῖς
2590 4639 2836 4711 βαθμοῖς.
3231 4706 3237 4713 ι

2242 4732 2330 4787 14.
2359 4732 2579 4803 Πρῶτος
2606 4731 2812 4803 βαθμὺς
2835 4731 3036 4803 ἀρετῆς
3058 4730 3152 4784 καὶ
3173 4729 3316 4801 ἀρχὴ
3346 4727 3446 4800 τῆς
3468 4727 3743 4800 ἡμετέρας

2169 4823 2443 4895 σωτηρίας
2474 4826 2503 4878 ὁ
2528 4823 2691 4893 φόϐος
2722 4824 2840 4876 ἐστὶ
2866 4823 2959 4877 τοῦ
2986 4822 3120 4876 Θεοῦ
3140 4839 3154 4853 ·
3189 4821 3279 4875 διά
3305 4820 3497 4874 τούτου
3526 4821 3623 4873 καὶ
3642 4820 3742 4873 τῶν

2170 4915 2578 4988 ἁμαρτημάτων
2608 4914 3002 4987 ἀποκάθαρσις,
3023 4914 3118 4968 καὶ
3143 4912 3250 4966 τῶν
3270 4911 3481 4983 ἀρετῶν
3503 4910 3737 4981 φυλακὴ,

2165 5006 2259 5059 καὶ
2282 5006 2399 5070 ὁδὸς
2425 5007 2518 5060 ἐπὶ
2540 5007 2639 5078 τὴν
2661 5006 2967 5077 τελειότητα
3000 5005 3227 5075 γίνεται.
3255 5004 3423 5057 Ὅταν
3453 5001 3567 5073 γάρ
3591 5002 3622 5054 ό
3644 4999 3734 5055 τοῦ

2166 5096 2300 5151 Θεοῦ
2331 5098 2493 5167 φόὸος
2515 5097 2729 5169 εἰσέλθῃ
2761 5100 2841 5160 είς
2877 5096 2974 5169 τὴν
2996 5096 3194 5167 ψυχὴν,
3223 5094 3586 5164 καταφρονεῖν
3606 5091 3735 5146 πάν-

2167 5204 2277 5241 των
2308 5186 2483 5241 πείθει
2525 5186 2633 5241 τῶν
2658 5186 2752 5242 τοῦ
2784 5188 2987 5258 κόσμου
3034 5185 3391 5256 πραγμάτων,
3437 5182 3536 5236 καὶ
3573 5180 3736 5252 λήθην

2168 5280 2279 5334 τῶν
2306 5278 2447 5334 κατά
2471 5280 2648 5350 σάρκα
2676 5281 2950 5351 συγγενῶν
2977 5280 3162 5350 γεννᾷ,
3185 5279 3279 5332 καὶ
3301 5273 3468 5332 αὑτοῦ
3498 5274 3624 5328 ὅλου
3649 5270 3740 5326 τοῦ

567 5438 614 5469 ²⁹
652 5435 852 5493 Genes.
888 5451 990 5501 ιιι,
1027 5434 1115 5490 15.
1192 5434 1238 5466 ³⁸
1276 5432 1445 5488 Eccli.
1482 5449 1542 5499 ιι,
1583 5433 1636 5489 1.
1711 5435 1754 5466 ³⁸
1801 5432 1918 5489 Act.
1957 5449 2048 5488 xw

2155 5434 2188 5489 ί.
2264 5435 2307 5468 ³⁸
2348 5434 2538 5491 Matth.
2572 5452 2679 5501 vn,
2713 5436 2801 5490 ιι.
2879 5436 2923 5469 ³³
2962 5434 3150 5490 Matth.
3189 5449 3291 5499 xx,
3327 5430 3414 5487 16.
3519 5430 3568 5463 ⁸⁸
3604 5425 3734 5484 Luc.

497 5518 577 5558 xu
600 5544 615 5570 ,
649 5507 739 5561 3|.

714 5663 1244 5787 1(latissimi.ulustitut.
1282 5664 1377 5719 lib.
1416 5679 1488 5727 tv,
1522 5677 1571 5717 c.
1600 5661 1670 5717 5'1

777 5735 850 5787 id.
881 5750 931 5788 c.
970 5737 1057 5788 o8.

777 5735 850 5787 id.
881 5750 931 5788 c.
969 5735 1057 5788 ‘58.

2241 5658 2353 5732 (τι)
2386 5657 2524 5717 Ibid.
2554 5674 2604 5713 c.
2629 5656 2719 5713 59.
