3856 6206
100 332 223 391 869

1280 327 1618 395 EPISTOLA
1647 337 1672 394 Ι
1706 337 1801 393 AD
1834 334 2232 395 CASTOREM.

3259 337 3367 397 870

103 430 352 500 κόσμου.
405 430 502 483 Ἐκ
537 429 594 483 δὲ
628 426 836 485 τούτων
879 430 1209 495 ταπείνωσις
1251 433 1542 502 κεφάλαιον
1584 432 1692 489 τῶν

1799 452 1998 508 militas
2021 438 2269 507 omnium
2303 457 2470 523 caput
2495 450 2783 518 virtutum,
2815 436 3174 523 omniumque
3198 452 3371 511 bono-

98 520 351 594 ἀρετῶν,
381 520 475 574 καὶ
503 521 777 594 πλήρωμα
803 523 1020 595 πάντων
1044 523 1153 578 τῶν
1185 524 1364 579 καλῶν
1399 524 1694 598 κατορθοῦ-

98 628 243 665 ται·
292 614 697 684 καταφρονήσει
740 613 850 686 γὰρ
894 616 988 668 καὶ
1027 616 1279 686 στερήσει
1323 615 1541 671 πάντων
1582 615 1692 671 τῶν

101 705 460 775 πραγμάτων
496 706 531 774 ή
562 705 885 769 ταπείνωσις
917 706 1289 778 προσγίνεται.
1337 707 1402 761 Ἡ
1430 708 1695 761 ταπείνω-

104 812 201 859 σις
231 796 290 849 δὲ
316 796 527 859 τούτοις
553 799 665 859 τοῖς
692 797 1038 868 γνωρίσμασι
1067 798 1438 870 δοκιμάζεται.
1470 800 1692 871 Πρῶτον

100 887 156 938 εἰ
184 885 534 958 νεκρωθέντα
556 904 639 951 τις
661 881 806 958 εἶχεν
826 888 1002 958 ἐαυτῷ
1025 889 1092 943 τὰ
1115 889 1222 944 ἴδια
1246 890 1521 961 θελήματα
1539 908 1552 921 ·
1574 891 1694 944 δεύ-

88 991 273 1046 τερον
303 976 360 1029 δὲ
391 979 439 1029 εἰ
466 976 540 1048 μὴ
575 977 733 1046 μόνον
757 977 865 1030 τῶν
891 979 1106 1034 οἰκείων
1139 979 1408 1052 πράξεων,
1440 981 1574 1035 ἀλλὰ
1599 981 1692 1035 καὶ

96 1066 223 1119 τῶν
256 1066 606 1139 ἐνθυμήσεων
652 1068 949 1138 μηδὲνοτὺν
991 1069 1121 1123 ίδιον
1172 1071 1399 1142 κρύπτει
1445 1073 1686 1144 Πατερα’

1789 554 1914 593 rum
1939 539 2400 608 complementum
2427 545 2751 605 exercetur;
2779 554 2906 593 nam
2951 555 3019 594 ex
3045 547 3365 609 contemptu

1790 637 1845 687 et
1871 630 2182 701 privatione
2211 644 2394 685 rerum
2417 630 2661 684 omnium
2690 631 2900 685 accedit
2929 626 3229 686 humilitas.
3263 634 3367 685 llu-

1790 723 1997 778 militas
2025 737 2157 776 vero
2191 722 2276 777 his
2305 723 2696 792 comprobatur
2721 723 2942 778 indiciis
2972 741 2985 777 :
3014 722 3279 785 Primum,
3314 722 3366 778 si

1791 814 1917 883 quis
1941 813 2301 868 mortiﬁcatas
2333 813 2390 867 in
2423 828 2483 868 se
2514 813 2710 868 habeat
2739 815 2990 883 proprias
3014 814 3361 881 voluntates;

1792 899 2094 954 secundum
2121 900 2167 955 si
2198 915 2309 955 non
2338 900 2503 954 modo
2531 916 2781 971 operum,
2824 902 2918 957 sed
2947 903 3109 956 etiam
3151 904 3363 973 cogita-

1792 987 2003 1041 tionum
2027 1004 2252 1043 suarum
2282 989 2418 1043 nihil
2442 989 2585 1042 Patri
2611 991 2877 1055 occultet;
2904 992 3149 1056 tertium,
3174 993 3221 1047 si
3253 1009 3364 1048 non

1791 1078 2027 1149 propria:
2057 1082 2245 1134 credat
2285 1080 2610 1149 prudentiae,
2658 1082 2751 1135 scd
2794 1081 2849 1135 in
2893 1084 3150 1139 omnibus
3185 1082 3370 1142 Patris

92 1158 322 1230 τρίτον,
366 1159 413 1211 εί
449 1157 524 1230 μὴ
554 1161 620 1229 τῇ
656 1159 759 1230 ἰδίᾳ
789 1160 1021 1224 συνέσει,
1064 1160 1203 1215 ἀλλὰ
1243 1162 1420 1217 πάντα
1459 1162 1550 1216 τοῦ
1577 1165 1691 1218 Πα-

99 1250 245 1322 τρὸς
288 1250 560 1321 διακρίσει
602 1250 866 1316 πιστεύει,
918 1251 1088 1321 διψῶν
1119 1253 1205 1306 ἀεὶ
1253 1255 1348 1307 καὶ
1396 1255 1689 1322 ἐπιποθῶν,

1793 1169 1878 1223 sui
1911 1169 2255 1236 discretioni,
2286 1185 2610 1239 semperque
2637 1171 2808 1234 sitiat,
2845 1180 3087 1240 exoptet,
3122 1174 3371 1229 suaviter

1792 1262 2065 1316 auscultet
2114 1261 2235 1331 ejus
2280 1264 3041 1333 admonitiones;_quartum,
3089 1268 3135 1322 si
3185 1266 3371 1324 Patris

101 1342 211 1396 καὶ
243 1342 420 1412 ήδέως
464 1341 676 1396 ἀκούων
716 1343 817 1413 τῆς
845 1343 1035 1397 τούτου
1065 1345 1372 1411 νουθεσίας*
1414 1347 1689 1419 τέταρτον,

1799 1352 1946 1422 iussa
1975 1355 2157 1409 omnia
2204 1355 2410 1426 absque
2441 1355 2648 1424 pudore
2689 1364 3057 1427 exsequatur;
3089 1358 3366 1427 quintum,

90 1434 158 1486 εί
205 1434 377 1486 πᾶσιν
417 1434 858 1504 ἀνεπαισχύντως
897 1435 1171 1490 δουλεύσει
1207 1440 1315 1502 τοῖς
1356 1438 1449 1492 τοῦ
1478 1441 1692 1511 Πατρὸς

1799 1444 1840 1499 si
1876 1459 1986 1499 non
2035 1445 2202 1499 modo
2244 1445 2361 1515 ipse
2408 1461 2517 1499 non
2565 1447 2710 1501 ausit
2750 1447 2844 1501 alii
2879 1450 3241 1502 contumelias
3285 1450 3371 1504 in-

103 1523 538 1595 προστάγμασι·
572 1527 842 1596 πέμπτον,
873 1528 921 1579 εί
953 1527 1027 1599 μὴ
1058 1529 1218 1598 μόνον
1244 1530 1406 1594 αὐτὸς
1430 1533 1490 1584 οὐ
1519 1533 1695 1606 τολμᾷ

1799 1532 1959 1595 ferre,
1991 1533 2088 1589 sed
2116 1535 2162 1589 si
2195 1534 2264 1589 ab
2300 1535 2423 1590 aliis
2458 1527 2640 1590 illatas
2671 1551 2795 1589 cum
2827 1537 3027 1605 gaudio
3061 1537 3367 1607 suscipiat;

99 1614 342 1687 ὑϐρίσαι
367 1616 508 1683 τινὰ,
543 1618 678 1672 ἀλλὰ
705 1620 799 1674 καὶ
841 1620 941 1684 τὰς
982 1621 1086 1675 ὐπὸ
1112 1622 1286 1677 ἄλλων
1319 1625 1466 1696 αὐτῷ
1491 1629 1693 1697 ἐπαγο-

1799 1631 2032 1692 sextum,
2065 1624 2111 1679 si
2145 1624 2281 1678 nihil
2308 1626 2435 1680 novi
2459 1625 2643 1681 facere
2680 1641 2973 1695 aggressus
3003 1628 3189 1692 fuerit,
3220 1629 3371 1698 quod

98 1707 287 1779 μένας
308 1707 496 1779 ὕϐρεις
520 1711 656 1779 μετὰ
677 1712 850 1783 χαρᾶς
867 1712 1017 1768 ἔσται
1037 1717 1464 1788 προσδεχόμενος
1477 1736 1491 1751 ·
1512 1718 1689 1787 ἕκτον,

1799 1729 1895 1769 nec
1923 1716 2232 1771 communis
2258 1717 2467 1787 regula,
2498 1732 2601 1770 nec
2629 1715 2853 1770 Patrum
2882 1719 3129 1788 exempla
3152 1719 3373 1788 permit~

101 1802 158 1854 εί
203 1800 376 1872 μηδὲν
408 1802 743 1874 ἐπιχειρήσει
772 1805 1084 1877 καινότερον
1111 1807 1334 1879 πρᾶξαι,
1360 1810 1497 1881 ὅπερ
1524 1811 1553 1863 ὁ
1594 1829 1693 1866 κα-

1799 1812 1946 1873 tant;
1981 1807 2293 1876 septimum,
2326 1808 2371 1863 si
2394 1809 2541 1862 omni
2566 1810 2771 1864 vilitate
2798 1818 3112 1875 contentus,
3137 1813 3205 1867 de
3224 1812 3369 1869 datis

102 1890 220 1946 νὼν
250 1894 282 1946 ό
305 1892 483 1957 κοινὸς
506 1894 685 1947 οὐκέτι
717 1898 1030 1969 προτρέπει,
1054 1900 1175 1953 οὐδὲ
1203 1901 1312 1956 τῶν
1341 1903 1600 1975 Πατέρων
1622 1904 1694 1959 τὰ

1799 1897 1900 1952 sibi
1936 1897 2098 1952 rebus
2125 1898 2333 1968 gratias
2366 1909 2511 1969 agat,
2558 1915 2726 1970 seque
2755 1902 2824 1957 iis
2858 1902 3141 1972 indignum
3175 1903 3370 1959 existi-
3415 1954 3421 1961 .

102 1981 569 2053 παραδείγματα’
601 1984 848 2056 ἕϐδομον,
877 1990 926 2041 εί
964 1989 1113 2060 πάσῃ
1141 1989 1384 2063 εὐτελείᾳ
1415 1992 1692 2065 ἀρκούμε-

103 2090 225 2138 νος,
254 2075 353 2127 καὶ
383 2075 470 2128 ἐπ’
512 2076 696 2140 αὐτοῖς
730 2079 842 2142 τοῖς
869 2078 1173 2151 δεδομένοις
1213 2083 1567 2155 εὐχαριστῶν,
1598 2087 1693 2140 καλ⁹

103 2162 323 2217 τούτων
342 2164 558 2230 ἀνάξιον
581 2167 793 2237 ἡγεῖται
814 2169 1003 2223 ἑαυτόν
1017 2187 1031 2201 ’
1058 2170 1263 2239 ὃγδοον,
1286 2175 1333 2226 εί
1357 2175 1548 2229 ἑαυτὸν
1566 2177 1695 2230 πάν-

103 2269 236 2306 τοτε
267 2252 579 2325 κατώτερω
619 2257 856 2322 πάντων,
887 2260 980 2313 καὶ
1025 2261 1099 2333 μὴ
1205 2264 1483 2337 προπετὴς
1522 2268 1580 2320 ἐν
1609 2268 1695 2323 λό-

105 2360 268 2412 γοις·
303 2344 549 2427 δέκατον,
596 2349 645 2401 εί
695 2347 769 2420 μὴ
817 2349 962 2404 ἔστιν
995 2353 1226 2426 εὐχερὴς
1266 2357 1326 2409 ἐν
1372 2357 1569 2428 λόγοις,
1600 2360 1694 2415 καὶ

106 2434 413 2506 πρόχειρος
446 2437 503 2490 ἐν
544 2436 782 2511 γλώσσῃ.
828 2439 1048 2504 Τούτοις
1079 2443 1187 2514 γὰρ
1224 2444 1319 2497 καὶ
1346 2449 1457 2511 τοῖς
1488 2448 1695 2517 ὁμοίοις

106 2522 327 2576 τούτων
359 2525 607 2596 σημείοις
648 2528 681 2598 ή
723 2528 1047 2592 ταπείνωσις
1095 2533 1436 2603 γνωρίζεται.
1486 2536 1692 2602 Ταῦτα,

1791 2000 1937 2057 met;
1966 1990 2242 2054 oetavum,
2275 1991 2321 2047 si
2353 2007 2412 2046 se
2442 1991 2703 2047 omnibus
2725 1992 2885 2061 plane
2913 1991 3223 2048 inferiorem
3245 1994 3366 2049 exi-

1792 2082 1996 2148 stimet,
2028 2082 2139 2153 (72)
2171 2097 2273 2138 nec
2316 2083 2389 2138 sit
2420 2082 2604 2139 verbis
2658 2085 3022 2150 temerarius;
3071 2084 3367 2154 decimum,

1792 2172 1841 2227 si
1890 2188 2002 2228 non
2042 2174 2115 2230 sit
2161 2173 2217 2229 in
2258 2189 2513 2230 sermone
2551 2174 2733 2231 facilis
2780 2185 2834 2232 et
2883 2176 3069 2246 lingua
3102 2191 3367 2248 pra-cepa.

1793 2265 1889 2321 His
1913 2272 1969 2322 et
2000 2267 2275 2323 similibus
2319 2268 2491 2338 signis
2528 2266 2867 2337 dignoscitur
2911 2269 3212 2323 humilitas.
3245 2268 3371 2324 Haec

1793 2370 1919 2412 eum
1953 2371 2141 2412 revera
2172 2359 2414 2414 exhibita
2441 2360 2664 2425 fuerint,
2708 2360 2819 2416 cito
2853 2359 2923 2414 ad
2950 2360 3264 2415 dilectionis
3293 2359 3373 2414 fa-

1794 2450 2013 2521 stigium
2048 2449 2346 2515 adducunt,
2384 2450 2439 2505 in
2473 2466 2580 2521 qua
2623 2466 2733 2505 non
2762 2456 2847 2506 est
2887 2451 3056 2503 timor
3084 2450 3366 2520 gehennae,

1796 2550 1850 2596 et
1878 2558 1976 2612 per
2009 2557 2173 2614 quam
2207 2542 2393 2597 omnia
2423 2558 2533 2596 non
2558 2542 2670 2609 jam
2703 2556 2771 2595 ex
2801 2539 3129 2595 necessitate
3158 2546 3213 2594 et
3242 2554 3369 2592 cum

103 2614 247 2669 ὅταν
289 2618 352 2669 ἐν
383 2617 611 2691 mea?
656 2620 1003 2694 κατορθωθῇγ
1035 2623 1243 2695 ταχέως
1289 2628 1426 2698 πρὸς
1468 2628 1529 2681 τὸ
1566 2627 1697 2697 ὕψος

1799 2632 1985 2687 labore
2022 2631 2410 2701 perficiuntur;
2456 2632 2550 2685 sed
2581 2648 2649 2685 ex
2697 2646 2883 2684 amore
2921 2630 3172 2691 ferventi,
3216 2636 3270 2683 ct
3303 2644 3372 2684 ex

106 2710 218 2783 τῆς
249 2711 473 2782 ἀγάπης
499 2715 713 2783 ἀνάγει,
748 2717 807 2768 ἐν
909 2717 1071 2786 φόϐος
1102 2719 1203 2772 οὐκ
1244 2719 1359 2774 ἐστι
1403 2721 1693 2790 κολάσεως,

1799 2722 1927 2777 boni
1952 2723 2425 2793 concupiscentia.
2453 2723 2568 2793 (75)
2596 2722 2770 2788 Quam
2804 2715 3059 2775 virtutem
3102 2729 3162 2775 ut
3191 2721 3373 2791 possis

107 2802 212 2856 καὶ
243 2803 312 2857 δι’
338 2799 407 2875 ἦς
433 2804 504 2859 τὰ
536 2807 712 2861 πάντα
740 2808 920 2863 οὐκέτι
951 2810 1088 2880 μετὰ
1112 2810 1375 2883 ἀνάγκης,
1403 2814 1496 2867 καὶ
1528 2815 1695 2868 κόπου

1799 2813 2016 2870 facilius
2044 2815 2296 2885 adipisci,
2325 2830 2425 2885 pro
2454 2814 2753 2884 exemplari
2780 2812 2879 2867 tibi
2921 2812 3034 2867 sint
3063 2813 3230 2867 verba
3262 2811 3375 2866 fra-

109 2894 469 2961 φυλάττεται,
502 2896 638 2950 ἀλλὰ
677 2897 827 2968 πόθῳ
868 2898 1118 2972 διαπύρῳ
1156 2902 1249 2955 καὶ
1292 2903 1556 2975 ἐπιθυμίᾳ
1600 2899 1694 2958 τοῦ

1799 2913 1944 2962 trum
1976 2923 2085 2962 una
2129 2916 2311 2963 tecum
2361 2908 2829 2971 concurrentium,
2864 2907 3227 2976 pietatemque
3250 2919 3374 2974 pos-

107 2985 308 3041 καλοῦ.
337 2987 481 3056 Πρὸς
512 2989 687 3060 ἥνπερ
716 2989 916 3061 ἀρετὴν
947 2990 1034 3045 ἵνα
1066 2993 1288 3065 ίσχύσῃς
1311 2993 1697 3067 εὐχερέστερον

1800 2997 2095 3054 sidentium
2126 3018 2138 3054 :
2167 3014 2281 3053 non
2323 3006 2506 3053 autem
2536 3013 2727 3053 eorum
2771 2997 2864 3066 qui
2892 2998 3076 3067 plures
3115 3008 3370 3058 numero,

109 3073 351 3181 φθάσαι,
389 3076 766 3148 ὑποδείγματα
800 3094 882 3131 σοι
916 3078 1053 3151 πρὸς
1100 3080 1329 3151 μίμησιν
1365 3081 1608 3137 ἔστωσαν
1645 3085 1695 3137 οἱ

1800 3089 2163 3160 negligentius
2203 3091 2537 3160 segniusque
2567 3088 2735 3142 vitam
2763 3088 3010 3157 exigunt.
3040 3086 3119 3140 Ex
3154 3093 3374 3142 sancto-

102 3162 271 3233 λόγοι
294 3164 405 3219 τῶν
445 3165 870 3234 συμϐαινόντων,
898 3169 992 3222 καί
1032 3169 1316 3224 εὐλάϐειαν
1341 3171 1693 3242 κεκτημένων

1799 3194 1923 3233 rum
1941 3182 2086 3235 enim
2120 3181 2426 3236 imitatione
2465 3180 2923 3250 aemulationeque
2952 3179 3146 3249 ingens
3183 3177 3374 3232 volen-

106 3254 399 3324 ἀδελφῶν·
440 3257 514 3330 μὴ
563 3260 613 3312 οἱ
658 3259 896 3325 πλείους,
942 3261 1035 3314 καὶ
1085 3260 1448 3333 ἁμελέστερόν
1491 3278 1550 3316 τε
1603 3263 1697 3317 καλ⁴

1802 3269 1951 3327 tibus
1982 3271 2050 3326 ad
2081 3270 2476 3341 perfectionem
2513 3270 2842 3325 contendere
2892 3270 3102 3324 accedit
3139 3268 3369 3324 utilitas.

108 3349 497 3424 ῥᾳθυμότερον
530 3350 751 3417 ζῶντες.
789 3352 900 3405 Καὶ
924 3351 1034 3425 γὰρ
1070 3354 1135 3407 ἐκ
1196 3354 1290 3408 τοῦ
1328 3356 1610 3428 μιμεῖσθαι
1670 3360 1764 3414 καὶ
1801 3362 1996 3435 ζηλοῦν
2046 3363 2174 3428 τοὺς
2224 3362 2412 3433 ἁγίους
2458 3363 2688 3435 μεγίστη
2734 3361 2970 3431 ὠφέλεια
3023 3359 3372 3433 προσγίνεται

107 3445 232 3505 τοῖς
257 3441 600 3512 βουλομένοις
628 3441 762 3513 πρὸς
788 3440 1099 3513 τελειότητα
1126 3441 1348 3513 φθάσαι.

186 3533 285 3589 15.
336 3534 401 3586 El
444 3533 621 3586 τοίνυν
658 3532 832 3597 θέλεις
857 3533 1152 3606 δυνηθῆναι
1185 3538 1321 3589 πᾶσι
1363 3537 1572 3604 τούτοις
1613 3537 1700 3606 ἐξι-

102 3625 508 3697 ιακολουθῆσαι,
542 3624 636 3678 καὶ
681 3625 787 3678 ὑπὸ
826 3624 1031 3680 τούτων
1065 3628 1146 3690 εἰς
1189 3627 1281 3681 τὸν
1331 3632 1698 3701 πνευματικὸν

103 3717 315 3790 ἀγῶνα
368 3716 462 3770 τοῦ
520 3717 784 3771 κοινοὸίου
830 3717 958 3790 ἄχρι
1011 3718 1199 3782 τέλους
1248 3720 1697 3795 διακαρτερῆσαι,

108 3808 297 3864 ταῦτα
328 3807 365 3862 ἃ
415 3805 565 3862 εἶπεν
594 3810 624 3862 ὁ
667 3807 829 3862 Δαυῒδ
859 3810 1133 3879 ἀναγκαῖά
1161 3828 1243 3864 σοι
1281 3812 1417 3884 πρὸς
1456 3813 1700 3886 φυλακὴν

107 3904 172 3956 ἐν
204 3904 273 3973 τῇ
306 3900 519 3972 συνοδίᾳ
545 3900 655 3955 τῶν
686 3901 928 3972 ἀδελφῶν
954 3902 1224 3957 ἔστωσαν·
1263 3921 1282 3954 ι
1324 3903 1465 3973 Ἐγὼ
1489 3905 1545 3958 δὲ
1570 3905 1701 3959 ὡσεὶ

110 3994 309 4063 κωφὸς
336 3992 438 4045 οὐκ
477 3992 692 4064 ἤκουον,
724 3995 819 4048 καὶ
847 3993 979 4047 ὡσεὶ
1010 3994 1295 4066 ἄνθρωπος
1334 3996 1436 4048 οὐκ
1463 3995 1698 4061 ἀκούων,

109 4085 212 4139 καὶ
242 4085 350 4138 οὐκ
377 4083 515 4155 ἔχων
543 4086 601 4138 ἐν
628 4083 706 4154 τῷ
742 4083 968 4155 στόματι
994 4084 1157 4138 αὐτοῦ
1183 4083 1466 4155 ἐλεγμούς.
1504 4103 1523 4137 ι
1561 4085 1702 4137 Ὅσα

109 4176 303 4229 τοίνυν
337 4173 552 4244 βλέπεις
579 4173 833 4245 ἀλλότρια
854 4174 1140 4246 οἰκοδομῆς
1183 4175 1275 4228 καὶ
1304 4173 1591 4244 ὠφελείας,
1624 4174 1700 4238 ὡς

111 4266 325 4336 τυφλὸς
361 4265 543 4334 γενοῦ,
572 4268 665 4320 καὶ
695 4266 796 4319 ὅσα
832 4264 1073 4330 ἀκούεις,
1108 4265 1183 4328 ὡς
1225 4266 1407 4335 κωφὸς
1447 4267 1543 4319 καὶ
1571 4265 1703 4319 ἄλα-

1871 3536 1958 3591 15.
2002 3535 2115 3607 (74)
2138 3536 2198 3590 Si
2231 3538 2315 3593 vis
2364 3536 2548 3606 itaque
2580 3533 2899 3590 facultatem
2941 3536 3041 3591 tibi
3091 3551 3215 3593 esse
3256 3538 3373 3595 haec

1799 3628 1984 3681 omnia
2015 3626 2372 3698 exsequendi,
2408 3635 2463 3682 et
2490 3626 2593 3682 sub
2619 3626 2706 3681 bis
2733 3627 2789 3680 in
2831 3626 3102 3697 spirituali
3133 3630 3375 3686 coenobii

1801 3718 2100 3773 certamine
2134 3719 2202 3772 ad
2237 3717 2399 3773 ﬁnem
2430 3732 2605 3788 usque
2634 3732 3011 3789 perseverare.
3056 3720 3374 3774 necessaria

1801 3808 1900 3864 tibi
1935 3808 2002 3862 ad
2030 3808 2335 3864 custodiam
2365 3809 2421 3863 in
2457 3818 2603 3863 coetu
2638 3808 2869 3862 fratrum
2900 3807 3122 3874 fuerint,
3161 3823 3226 3863 ea
3252 3825 3375 3879 quae

1803 3897 1973 3953 David
2020 3897 2134 3952 ait:
2170 3916 2189 3950 ‹
2217 3898 2331 3969 Ego
2377 3906 2556 3955 autem
2592 3907 2850 3969 tanquam
2884 3898 3087 3953 surdus
3120 3914 3231 3954 non
3275 3916 3376 3956 au-

1807 3990 2043 4055 diebam,
2074 3998 2129 4045 et
2159 3990 2300 4046 sicut
2331 3991 2494 4045 homo
2517 4006 2624 4045 non
2656 3992 2886 4046 audiens
2925 3997 2979 4046 et
3022 4006 3132 4045 non
3166 3991 3375 4049 habens

1803 4080 1861 4134 in
1887 4095 1983 4134 ore
2009 4094 2109 4134 suo
2136 4080 2549 4150 redargutiones
2570 4080 2637 4136 ³⁵.
2677 4100 2696 4133 ι
2732 4081 3178 4151 Quotiescunque
3206 4081 3376 4152 igitur

1803 4170 1985 4239 aliqua
2015 4169 2219 4225 videris
2268 4171 2444 4224 aliena
2492 4171 2562 4225 ab
2605 4171 2974 4225 aedificatione
3019 4178 3073 4224 et
3119 4171 3373 4241 utilitate,

1802 4267 1923 4314 esto
1965 4259 2123 4330 quasi
2155 4273 2371 4326 caecus;
2403 4268 2457 4314 et
2496 4261 2542 4313 si
2588 4274 2695 4329 qua
2735 4259 2978 4314 audieris
3016 4257 3104 4313 his
3151 4259 3373 4329 similia,

109 4360 230 4425 λος,
265 4358 365 4412 καὶ
395 4359 495 4411 οὐκ
527 4358 662 4428 ἔχων
705 4358 764 4411 ἐν
794 4356 873 4428 τῷ
903 4358 1131 4428 στόματι
1163 4355 1445 4428 ἐλεγμούς.
1484 4358 1595 4410 Καὶ
1627 4356 1697 4428 μὴ

1806 4347 1906 4403 fias
1938 4347 2097 4418 quasi
2130 4348 2332 4404 surdus
2361 4354 2416 4402 et
2459 4358 2662 4412 mutus,
2694 4356 2748 4401 et
2789 4360 2899 4400 non
2929 4347 3140 4403 habens
3174 4349 3233 4402 in
3278 4363 3376 4404 ore

114 4454 345 4526 μιμήσῃ
370 4451 613 4515 τούτους,
646 4452 759 4505 ὅσοι
791 4451 1028 4513 ἄπιστοι,
1064 4449 1158 4503 καὶ
1183 4451 1426 4522 ἀνήκοα,
1456 4451 1549 4503 καὶ
1570 4467 1704 4522 προ-

110 4548 334 4607 πετεῖς,
381 4544 477 4597 καὶ
527 4542 804 4615 συρφετοὶ,
863 4542 960 4596 καὶ
1008 4541 1265 4614 ὑϐρισταὶ
1309 4541 1701 4612 τυγχάνουσιν,

108 4638 235 4692 ἀλλ’
275 4636 357 4698 ὡς
390 4634 573 4705 κωφὸς
606 4635 701 4687 καὶ
733 4633 806 4705 μὴ
836 4632 1068 4698 ἀκούων,
1101 4632 1271 4686 ταῦτα
1305 4632 1698 4703 παραπέμπου.

126 4730 260 4784 Ἐάν
285 4729 370 4782 σοί
399 4745 483 4791 τις
521 4726 798 4797 ἐλέγχους,
824 4726 857 4797 ἢ
892 4725 1092 4796 ὀνείδη,
1116 4724 1149 4796 ἢ
1181 4724 1365 4795 ὕϐρεις
1393 4724 1698 4796 ἐπιπέμψῃ,

112 4822 380 4892 ἀκίνητος
407 4818 498 4872 ἔσο
525 4818 603 4882 ὡς
623 4817 1013 4889 πεφιμωμένος
1041 4818 1137 4870 καὶ
1159 4816 1373 4882 ἄλαλος,
1400 4817 1488 4871 ἀεὶ
1514 4815 1702 4871 τοῦτον

112 4912 211 4965 τδν
254 4910 438 4980 στίχον
480 4908 750 4977 ἐπιλέγων
793 4907 889 4961 τοῦ
931 4904 1179 4977 ψαλμοῦ·
1231 4924 1251 4958 ‹
1283 4902 1449 4959 Εἶπα.
1478 4905 1702 4970 Φυλάξω

113 5001 220 5065 τὰς
265 4998 425 5063 ὁδούς
470 5015 593 5069 μου,
633 4997 730 5051 τοῦ
773 4996 848 5069 μὴ
903 4997 1239 5068 ἁμαρτάνειν
1274 5011 1343 5066 με
1384 4997 1443 5047 ἐν
1480 4993 1700 5067 γλώσσῃ

119 5107 248 5161 μου.
295 5087 528 5158 Ἐθέμην
556 5086 635 5158 τῷ
665 5086 892 5158 στόματί
937 5102 1039 5158 μου
1082 5085 1356 5157 φυλακὴν,
1394 5086 1452 5138 ἐν
1482 5082 1561 5154 τῷ
1609 5101 1702 5136 συ-

119 5178 319 5250 στῆναι
348 5179 441 5232 τὸν
472 5178 795 5251 ἁμαρτωλὸν
824 5176 1064 5241 ἐναντίον
1097 5193 1220 5247 μου,
1252 5174 1574 5245 ἐκωφώθην,
1608 5174 1705 5229 καὶ

119 5267 519 5340 ἐταπεινώθην.
554 5288 573 5321 ι
611 5270 733 5323 Ἔτι
766 5269 874 5341 μὴν
906 5269 1043 5340 πρὸς
1071 5267 1284 5330 τούτοις
1317 5267 1412 5321 καί
1444 5267 1703 5338 τέταρτον

117 5359 283 5414 τοῦτο
312 5359 421 5431 πρὸ
450 5359 668 5414 πάντων
709 5358 926 5431 μελέτα,
960 5357 1055 5412 καὶ
1090 5356 1390 5426 φυλάσσου,
1428 5355 1565 5427 ὅπερ
1608 5355 1705 5408 καὶ

195 5518 241 5550 ⁸⁸
280 5516 428 5572 Psal.
460 5532 684 5583 xxxvii,
721 5515 821 5584 14,
859 5515 948 5573 15.
1023 5515 1070 5548 ³⁸
1110 5513 1259 5571 Psal.
1295 5527 1505 5568 xxxvnt
1527 5550 1545 5580 ,
1582 5511 1697 5566 1-5.

196 5671 309 5754 (Ἱᾷ)
341 5670 518 5739 Nono,
544 5673 592 5730 si
610 5672 855 5746 linguam
875 5670 1148 5739 cohibeat,
1171 5668 1258 5728 vel
1278 5682 1389 5725 non
1409 5667 1480 5725 sit
1501 5664 1705 5722 clamo-

125 5757 223 5798 IUS
255 5759 311 5797 ω
339 5759 511 5829 νοοεη

1806 4446 1904 4494 tuo
1937 4440 2376 4511 redargutiones.
2420 4439 2607 4509 Neque
2637 4438 2871 4494 imiteris
2921 4454 3018 4494 eos
3052 4441 3145 4509 qui
3178 4439 3376 4496 inﬁde.

1798 4532 1898 4598 les,
1925 4532 2371 4602 inobsequentes,
2399 4533 2727 4602 petulantes,
2769 4531 3054 4593 scurriles,
3086 4538 3378 4586 contume—

1796 4624 1923 4679 liosi
1969 4624 2247 4680 suntzsed
2284 4624 2443 4694 quasi
2496 4630 2680 4677 mutus
2732 4629 2786 4676 et
2829 4637 2941 4676 non
2985 4622 3214 4677 audiens
3258 4622 3377 4677 haec

1798 4718 2202 4787 praetermittas.
2231 4716 2299 4769 Si-
2314 4716 2439 4786 quis
2467 4715 2565 4770 tibi
2595 4714 3029 4784 increpationes,
3057 4713 3373 4783 Opprobria,

1801 4807 2161 4863 contumelias
2199 4805 2417 4871 inferat,
2448 4806 2705 4860 immotus
2735 4813 2856 4859 esto
2894 4805 3053 4874 quasi
3101 4804 3374 4867 frenatus,

1802 4907 1856 4954 et
1889 4898 2046 4968 quasi
2091 4904 2315 4953 mutus:
2341 4897 2489 4950 hunc
2529 4895 2626 4951 tibi
2658 4893 2859 4949 Psalmi
2894 4909 3113 4950 versum
3155 4891 3377 4947 assidue

1801 4998 2073 5062 repetem
2105 4989 2225 5044 Dixi
2252 5008 2266 5044 :
2293 4988 2613 5044 Custodiam
2665 4988 2783 5043 vias
2815 5001 2986 5051 meas,
3028 4994 3089 5039 ut
3133 4999 3243 5038 non
3287 4984 3379 5038 de-

1800 5081 2047 5152 linquam
2090 5081 2147 5135 in
2178 5081 2363 5151 lingua
2397 5094 2539 5134 mea.
2580 5078 2748 5134 Posui
2775 5078 2858 5132 ori
2896 5092 3016 5132 meo
3045 5074 3373 5135 custodiam,

1803 5188 1929 5228 cum
1965 5173 2293 5227 consisteret
2320 5179 2576 5242 peccator
2623 5172 2917 5227 adversum
2949 5183 3073 5233 me;
3126 5162 3376 5220 obmutui

1805 5270 1861 5319 et
1901 5262 2223 5317 humiliatus
2267 5277 2388 5317 sum
2413 5262 2479 5315 ³⁸.
2507 5282 2527 5314 ›
2556 5261 2640 5318 Ad
2685 5262 2801 5317 haec
2843 5270 2899 5315 et
2940 5258 3076 5314 illud
3119 5264 3375 5328 quartum

1809 5362 1937 5410 ante
1980 5354 2164 5410 omnia
2207 5355 2507 5419 meditare;
2546 5361 2602 5410 et
2645 5355 2875 5409 observa
2920 5350 3069 5422 quod
3125 5349 3229 5405 tria
3268 5347 3377 5406 ista

1882 5661 1996 5729 (75)
2031 5659 2281 5714 Cassian.
2317 5656 2559 5715 Institut.
2585 5659 2684 5714 lib.
2712 5674 2785 5726 tv,
2818 5670 2867 5712 ο.
2901 5654 2994 5710 40.

1883 5729 1993 5803 (ω
2029 5730 2164 5785 una.
2202 5745 2252 5785 ο.
2278 5729 2366 5784 ιι.
