3856 6206
503 308 606 368 871

1670 310 1731 367 3.
1771 307 2305 368 ATBANASIUS.-—
2323 309 2595 368 SPUBIA.

3661 313 3776 370 872

504 424 763 497 superius
802 423 1179 482 dicta-ornare
1207 427 1437 498 poterit:
1483 434 1545 481 ut
1578 425 1787 482 scilicet
1832 433 1889 483 te
1935 428 2074 483 stul-

2193 427 2345 481 ταῦτα
2370 426 2441 480 τά
2466 426 2723 499 ἀνωτέρω
2749 425 3012 500 εἰρημένα
3037 424 3163 498 τρία
3194 425 3469 498 κοσμῆσαι
3500 425 3766 481 δύναται.

504 525 620 572 tum
648 523 703 571 et
722 516 1092 587 insipientem,
1115 517 1272 588 jux1a
1298 518 1543 589 Apostoii
1568 529 1896 588 praeceptum
1923 520 1993 587 ³⁷,
2018 519 2074 574 in

2193 518 2239 572 rb
2288 518 2468 590 μωρὸν
2507 519 2602 572 καὶ
2633 519 2842 590 ἄφρονα
2880 518 3092 586 ἑαυτὸν,
3143 517 3285 572 κατά
3327 518 3389 571 τὸ
3430 517 3772 571 ’Δποστόλου

504 608 610 664 hoc
648 592 851 664 saeculo
897 610 1121 674 edieias,
1166 619 1227 665 ut
1260 612 1339 667 sis
1367 612 1627 682 sapiens;
1659 612 1913 668 videlicet
1942 614 2078 668 nihil

504 700 817 769 dijudicans
847 711 940 755 aut
968 701 1226 756 dubitans
1252 703 1307 756 in
1327 704 1747 774 quibuseunque
1782 704 1882 759 tibi
1924 720 2081 759 man—

506 793 673 857 datis,
701 794 1051 864 simplicitate
1078 810 1274 866 nempe
1300 806 1355 851 et
1384 796 1487 851 fide
1513 798 1836 852 obedientiae
1875 798 2082 852 instru-

506 893 653 940 ctus.
694 886 849 939 Inter
882 894 1073 939 sancta
1105 887 1290 939 omnia
1320 886 1373 941 id
1415 888 1761 943 solummodo
1801 897 2077 954 sanctum,

507 976 643 1031 illud
673 978 913 1047 sapiens,
948 977 1082 1031 illud
1124 979 1260 1031 utile
1300 979 1515 1043 credas,
1547 980 1693 1051 quod
1727 996 1756 1034 a
1786 981 1948 1037 Patre
1983 989 2081 1037 tuo

502 1068 719 1139 jussum
743 1071 839 1124 tibi
872 1071 1059 1124 fuerit.
1089 1070 1203 1125 Hoc
1229 1074 1512 1143 proposito
1532 1074 1578 1128 si
1603 1089 1695 1129 cor
1720 1083 1876 1128 tuum
1907 1073 2085 1129 firma-

505 1164 677 1225 veris,
720 1164 927 1233 poteris
975 1160 1041 1215 ad
1075 1162 1237 1217 finem
1289 1179 1464 1233 usque
1509 1163 1714 1218 Christi
1743 1165 1932 1235 jugnm
1966 1165 2087 1220 obe-

505 1254 724 1309 dienlia:
755 1255 1050 1319 sustinere,
1088 1264 1142 1307 et
1178 1256 1327 1309 nulla
1356 1271 1422 1309 ex
1457 1255 1661 1309 diaboli
1694 1257 2086 1311 tentationibns

504 1356 562 1403 et
623 1348 834 1401 artibus
887 1354 1145 1401 excutere
1204 1357 1256 1401 te
1311 1349 1509 1417 poterit
1560 1364 1626 1403 ex
1662 1349 1889 1403 scicntia
1941 1350 2084 1405 vitae.

507 1440 618 1510 (75)
653 1438 975 1493 Patientiam
1002 1454 1135 1493 vero
1173 1450 1346 1501 tuam,
1370 1439 2089 1510 humilitatem,mquanilni-

502 1538 674 1587 tatem
695 1548 761 1586 ne
777 1531 1182 1601 exspectaveris
1212 1548 1278 1585 ex
1311 1532 1544 1586 aliorum
1574 1533 1777 1587 virtute
1809 1528 2086 1599 statuere;

506 1625 553 1681 si
578 1625 833 1679 videlicet
862 1640 1023 1677 nemo
1050 1633 1102 1679 te
1127 1624 1391 1687 stimulet,
1428 1639 1587 1678 nemo
1613 1623 1902 1694 despiciat,
1928 1639 2090 1678 nemo

506 1717 776 1772 dedecore
827 1715 1067 1771 alliciat:
1116 1714 1261 1785 quod
1310 1730 1442 1770 sane
1490 1732 1669 1785 neque
1715 1716 1934 1769 virtutis
1984 1724 2091 1770 tua:

2179 608 2565 681 παράγγελμα,
2597 611 2657 662 ὲν
2696 609 2870 680 τούτῳ
2896 608 2974 680 τῷ
3019 609 3174 662 αίῶνι
3214 611 3458 679 ποιῆσαι,
3503 608 3593 659 ἵνα
3632 608 3776 682 γένῃ

2181 701 2365 771 σοφὸς,
2393 701 2635 772 δηλονότι
2667 700 2831 772 μηδὲν
2870 700 3160 771 διακρίνων
3201 700 3235 772 ἧ
3276 700 3540 764 διστάζων
3586 701 3648 752 ἐν
3684 694 3774 762 οἷς

2181 792 2249 847 ἂν
2282 792 2651 864 προσταχθῇς,
2683 794 2982 864 ἁπλότητος
3005 794 3098 847 καὶ
3125 795 3359 855 πίστεως
3387 793 3485 863 τὴν
3511 793 3774 862 ὑπακοὴν

2182 885 2373 939 ποιῶν.
2412 885 2617 939 Ἐκεῖνο
2648 886 2807 955 μόνον
2853 884 3006 955 ἆγιον
3037 884 3145 939 τῶν
3193 886 3361 953 ἁγίων
3391 885 3771 954 λογιζόμενος,

2184 978 2279 1030 καὶ
2309 976 2490 1046 σοφὸν,
2516 978 2610 1030 καί⁸
2648 977 2923 1048 συμφέρον
2962 976 3251 1041 πιστεύων,
3291 978 3351 1030 τὸ
3390 976 3494 1029 ὑπὸ
3525 976 3624 1029 τοῦ
3670 975 3775 1030 σοῦ

2184 1068 2399 1139 Πατρδς
2427 1067 2766 1139 προσταχθέν
2797 1085 2898 1121 σοι.
2924 1068 3158 1140 Τοιαύτῃ
3186 1067 3294 1140 γὰρ
3326 1068 3562 1121 διαθέσει
3589 1069 3779 1137 ἀσφα-

2184 1157 2475 1227 λισάμενος
2502 1158 2599 1230 τὴν
2627 1159 2727 1229 σὴν
2759 1158 3006 1231 καρδίαν,
3046 1159 3246 1229 δυνήσῃ
3274 1160 3376 1221 ἕως
3406 1158 3596 1222 τέλους
3628 1161 3777 1212 ὑπο-

2190 1252 2369 1321 μείναι
2408 1249 2498 1302 τὸν
2530 1249 2765 1320 Χριστοῦ
2804 1250 2965 1318 ζυγὸν
2992 1250 3092 1319 τῆς
3136 1252 3430 1320 ὑποταγῆς,
3481 1252 3576 1303 καὶ
3610 1251 3776 1304 οἰδὲν

2189 1358 2248 1395 σε
2287 1341 2396 1395 τῶν
2425 1340 2520 1394 τοῦ
2550 1342 2796 1395 διαϐόλου
2844 1342 3211 1414 πειρατηρίων
3250 1343 3342 1395 καὶ
3372 1343 3777 1412 τεχνασμὰτων

2186 1435 2474 1503 δυνήσεται
2509 1435 2766 1488 σαλεῦσαι
2805 1437 2870 1487 ἐκ
2897 1434 2996 1506 τῆς
3024 1436 3332 1505 ἐπιστήμης
3357 1432 3451 1485 τοῦ
3482 1433 3623 1500 βίου.
3657 1434 3780 1487 Καὶ

2188 1526 2286 1598 τὴν
2316 1527 2590 1598 ὑπομονὴν
2617 1528 2695 1592 δὲ,
2741 1526 2836 1579 καὶ
2874 1526 2972 1597 τὴν
3017 1526 3361 1588 ταπείνωσιν,
3401 1525 3495 1578 καὶ
3522 1526 3625 1596 τὴν
3659 1544 3778 1595 μα-

2190 1618 2356 1689 κροθυ
2367 1618 2494 1689 μίαν
2515 1618 2612 1690 τὴν
2635 1618 2752 1687 σὴν,
2774 1618 2847 1690 μὴ
2863 1620 2926 1671 ἐκ
2949 1618 3046 1689 τῆς
3062 1617 3169 1671 τῶν
3190 1617 3364 1671 ἀλλων
3383 1616 3589 1686 ἀρετῆς
3608 1633 3779 1688 προσο

2190 1708 2320 1761 δόκα
2348 1707 2740 1779 κατορθοῦσθαι
2759 1725 2773 1738 ·
2797 1702 2906 1760 οἷον
2936 1706 3028 1760 ὲάν
3062 1708 3151 1759 ὑπ’
3172 1705 3383 1768 οὐδενὸς
3409 1706 3719 1777 παροξύνῃ,
3742 1707 3777 1777 ἢ

508 1819 893 1876 argumentum
935 1813 1041 1870 est,
1081 1822 1185 1860 nec
1224 1806 1279 1859 in
1317 1815 1407 1858 tua
1461 1816 1545 1860 est
1583 1806 1841 1861 facultate
1869 1825 1883 1839 ·
1912 1806 2005 1861 sed
2042 1807 2086 1860 si

2193 1799 2287 1851 οὐκ
2309 1798 2654 1870 ὲξουδενώσῃ,
2673 1800 2706 1870 ἢ
2725 1799 2825 1851 οὐκ
2848 1797 3106 1870 ἀτιμάζῃ,
3124 1799 3260 1868 ὅπερ
3274 1796 3394 1850 οὔτε
3411 1798 3510 1868 τῆς
3530 1798 3634 1869 σῆς
3650 1798 3782 1868 ἀρε-

506 1895 830 1967 Opprobria,
860 1897 1247 1958 contumelias,
1281 1905 1628 1966 contemptus
1659 1897 1890 1952 libenter
1913 1896 2087 1964 feras;

508 1985 562 2040 id
604 1986 749 2039 enim
798 1984 880 2038 tui
912 1994 997 2038 est
1042 1986 1285 2039 arbitrii.
1316 1985 1429 2055 (76)
1477 1985 1545 2040 Ut
1576 1986 1740 2055 igitur
1764 2002 1884 2058 qum
1916 1988 2090 2042 fusius

507 2091 676 2146 supra
725 2076 988 2140 diximus,
1019 2078 1130 2148 jam
1167 2078 1327 2151 317
1358 2078 1690 2149 compendio
1720 2078 1989 2142 dicamus,
2034 2087 2091 2132 ut

506 2183 697 2224 eorum
732 2168 947 2224 facilius
994 2170 1333 2233 memineris,
1378 2172 1504 2225 audi
1538 2187 1732 2226 rursus
1762 2174 1854 2240 qui
1886 2171 2088 2241 poteris

506 2273 606 2329 per
654 2257 904 2311 ordinem
954 2257 1021 2311 ad
1068 2258 1461 2328 perfectionem
1517 2260 1823 2326 pervenire.
1876 2259 2091 2312 Princi-

505 2344 659 2414 pium
708 2346 905 2400 salutis
940 2354 1145 2401 nostra:
1183 2348 1349 2402 timor
1389 2355 1474 2403 est
1500 2347 1594 2403 Dei
1624 2367 1636 2401 :
1662 2363 1728 2403 ex
1755 2364 1821 2403 eo
1849 2348 2090 2419 gignitur

505 2436 650 2492 bona
681 2439 990 2494 obedientia
1020 2458 1033 2493 :
1059 2439 1191 2494 hinc
1228 2441 1407 2495 oritur
1442 2440 1711 2508 subiectio
1757 2450 1811 2495 et
1841 2449 2089 2495 contem-

504 2536 635 2597 ptus
664 2543 848 2582 rerum
882 2530 1071 2583 mundi
1107 2546 1120 2582 :
1147 2544 1213 2582 ex
1245 2529 1347 2583 hac
1372 2530 1679 2582 humilitate
1700 2531 1947 2583 nascitur
1969 2544 2090 2598 pro-

508 2617 755 2687 priarum
800 2619 1147 2673 voluntatum
1199 2619 1597 2673 mortificatio:
1632 2635 1696 2673 ex
1741 2621 2087 2689 propriarum

504 2707 852 2760 voluntatum
883 2709 1329 2774 mortificatione,
1365 2709 1720 2763 cxsiecantur
1749 2710 2087 2780 voluptatum

506 2799 723 2854 radices
754 2819 766 2854 :
796 2800 881 2855 his
932 2809 1117 2855 autem
1163 2816 1359 2857 omnes
1407 2805 1604 2856 anima:
1647 2803 2088 2874 imperfectiones

505 2890 884 2956 eliminantur,
916 2908 1147 2963 quarum
1174 2895 1497 2964 expulsione
1530 2903 1791 2949 crescunt
1818 2895 2089 2949 fructum-

506 2997 614 3053 que
646 2981 829 3037 ferunt
859 2984 1111 3038 virtutes.
1143 2983 1221 3039 Ex
1247 2986 1512 3040 virtutum
1547 2987 1884 3041 incremento
1912 2984 2088 3058 gigni-

2190 1894 2291 1964 τῆς
2313 1895 2429 1946 ἐστι
2455 1894 2670 1964 δεῖγμα,
2702 1892 2825 1946 οῦτε
2851 1895 2908 1945 ὲν
2932 1895 2997 1963 τῇ
3026 1892 3243 1965 ἐξουσίᾳ
3267 1894 3440 1944 κεῖται
3459 1908 3473 1920 ·
3643 1892 3783 1945 ὅταν

2189 1986 2612 2059 λοιδορούμενος,
2664 1986 2697 2057 ἦ
2757 1983 3183 2057 ἀτιμαζόμενος,
3225 1984 3259 2055 ἦ
3323 1982 3783 2053 ὲξουδενούμενος

2192 2080 2381 2151 πράως
2404 2079 2574 2152 φέρῃς
2592 2094 2606 2107 ⁸
2630 2078 2786 2131 τοῦτο
2803 2077 2912 2151 γὰρ
2943 2079 2999 2130 ὲν
3025 2080 3091 2148 τῇ
3118 2080 3184 2147 σῇ
3212 2075 3529 2148 προαιρέσει
3562 2078 3780 2129 κεῖται.

2191 2168 2494 2236 Ἷναξτοίνυν
2521 2166 2659 2220 αὐτὰ
2677 2166 2874 2230 πάντα,
2900 2166 3043 2237 ἅπερ
3073 2165 3403 2236 πλατύτερον
3435 2165 3783 2236 εἰρήκαμεν,

2193 2260 2661 2330 συναθροίσαντες,
2704 2258 2757 2311 τί
2797 2274 2926 2312 ποτε
2967 2258 3227 2328 σύντομον
3256 2255 3499 2327 εἴπωμεν
3537 2256 3684 2325 πρὸς
3720 2257 3786 2310 τὸ

2190 2349 2425 2414 εὐκόλως
2451 2350 2549 2421 τὴν
2578 2349 2675 2420 σὴν
2706 2349 2941 2403 διάνοιαν
2962 2348 3164 2401 τούτων
3201 2347 3581 2419 μνημονεύειν,
3609 2348 3784 2401 ἄκουε

2190 2442 2373 2505 πάλιν,
2405 2442 2521 2504 πῶς
2554 2441 2693 2495 κατὰ
2737 2440 2889 2506 τάξιν
2915 2441 3118 2513 δυνήσῃ
3142 2440 3397 2510 ἐπιϐῆναι
3426 2440 3529 2510 τῆς
3564 2441 3784 2493 τελειὸ-

2188 2548 2368 2602 τητος.
2410 2531 2578 2604 Ἀρχὴ
2624 2532 2724 2603 τῆς
2759 2532 3035 2603 ἡμετέρας
3070 2532 3340 2603 σωτηρίας
3373 2532 3402 2582 ὁ
3448 2529 3618 2600 φόϐος
3657 2532 3783 2584 ἐστὶ

2186 2621 2281 2674 τοῦ
2324 2621 2460 2674 Θεοῦ
2484 2639 2497 2651 ·
2535 2624 2599 2675 ὲκ
2626 2622 2816 2675 τούτου
2850 2625 3103 2691 γεννᾶται
3146 2622 3323 2690 ἀγαθὴ
3358 2620 3597 2691 ὑπακοὴ,
3631 2620 3692 2684 ἐξ
3710 2614 3782 2692 ἧς

2188 2711 2430 2764 τίκτεται
2483 2714 2516 2783 ἡ
2554 2711 2821 2782 ὑποταγὴ,
2860 2712 3018 2783 καὶὴ
3069 2712 3476 2783 καταφρόνησις
3522 2712 3636 2765 τῶν
3679 2712 3781 2764 τοῦ

2188 2802 2396 2873 κόσμου
2427 2803 2796 2874 πραγμάτιον*
2826 2804 2890 2856 ὲκ
2925 2802 2983 2855 δὲ
3012 2802 3215 2872 ταύτης
3255 2803 3356 2872 τῆς
3389 2802 3784 2867 ταπεινώσεως

2188 2895 2441 2960 γεννᾶται
2484 2894 2594 2947 τῶν
2644 2893 2787 2947 ίδίων
2833 2893 3151 2964 θελημάτων
3185 2896 3218 2965 ἠ
3258 2895 3555 2964 νέκρωσις·
3603 2894 3669 2946 ἐκ
3721 2895 3785 2947 δὲ

2188 2984 2285 3054 τῆς
2321 2984 2429 3038 τῶν
2462 2984 2781 3057 θελημάτων
2819 2982 3137 3057 νεκρώσεως
3173 2970 3231 3037 αί
3260 2985 3369 3037 τῶν
3393 2983 3599 3055 ἡδονῶν
3628 2983 3785 3055 ρίζαι

505 3077 600 3124 tur
643 3072 855 3141 puritas
911 3075 1096 3130 cordis
1126 3094 1137 3130 :
1166 3076 1459 3146 puritatem
1501 3077 1685 3132 cordis
1729 3079 2086 3147 consequitur

2194 3076 2562 3148 μαραίνονται·
2598 3079 2662 3130 ὲκ
2687 3078 2747 3131 δὲ
2770 3077 2970 3131 τούτων
2997 3077 3172 3131 πάντα
3186 3077 3254 3130 τὰ
3284 3077 3647 3149 ἐλαττώματα
3676 3077 3785 3147 τῆς

507 3164 809 3231 apostolica
856 3164 1122 3233 perfectio
1146 3141 1368 3237 ,vgratia
1403 3175 1457 3221 et
1486 3168 1691 3222 auxilio
1733 3141 1950 3223 Domini
1983 3184 2085 3224 n0-

2193 3141 2366 3239 φυγῆς
2393 3169 2784 3223 ἀποδάλλονται
2803 3187 2817 3201 ο
2845 3173 2910 3241 τῇ
2945 3171 3002 3225 δὲ
3032 3171 3271 3241 ἀποϐολῇ
3305 3141 3532 3233 τούτων,
3560 3172 3618 3222 αἱ
3648 3141 3786 3241 ἀρε-

507 3255 610 3309 stri
638 3253 769 3311 Jesu
800 3255 1030 3324 Christi,
1066 3258 1156 3312 cui
1184 3260 1358 3329 gloria
1404 3260 1459 3313 in
1493 3262 1692 3317 saecula
1736 3263 2083 3320 saeculorum.

2193 3261 2281 3313 ταὶ
2312 3259 2554 3325 αὔξουσι,
2595 3261 2693 3315 καὶ
2736 3262 3143 3334 καρποφοροῦσι
3162 3277 3176 3291 ’
3207 3265 3273 3332 τῇ
3317 3261 3374 3314 δὲ
3404 3261 3638 3331 αὐξήσει
3664 3261 3787 3315 τῶν

507 3348 704 3403 Amen.
2191 3352 2400 3425 ἀρετῶν
2443 3353 2477 3424 ἡ
2511 3353 2816 3427 καθαρότης
2839 3353 2939 3425 τῆς
2975 3354 3205 3428 καρδίας
3232 3353 3619 3425 προσγίνεται·
3657 3356 3790 3417 rei;

506 3441 564 3496 δὲ
594 3442 926 3514 καθαρότησι
969 3444 1070 3513 τῆς
1103 3446 1326 3515 καρδίας
1370 3448 1403 3517 ή
1440 3447 1767 3519 ἀποστολικὴ
1814 3452 2089 3522 τελειότης
2125 3447 2478 3503 ἐπακολουθεῖ
2511 3449 2691 3520 χάριτι
2729 3449 2823 3501 καὶ
2886 3449 3175 3521 συνεργείᾳ
3213 3448 3307 3502 τοῦ
3371 3448 3580 3520 Κυρίου
3622 3449 3790 3521 ἡμῶν

518 3533 693 3605 ¹ἰησοῦ
735 3534 991 3605 Χριστοῦ,
1020 3531 1064 3604 ᾧ
1090 3538 1123 3608 ἡ
1147 3537 1272 3602 δόξα
1311 3540 1392 3601 εἰς
1424 3540 1549 3603 τοὺς
1590 3540 1790 3605 αἰῶνας
1814 3541 1921 3596 τῶν
1964 3542 2194 3597 αἰώνων.
2237 3544 2429 3615 Ἀμήν.

506 3646 848 3706 EIUSDEM
888 3651 1136 3708 MAG!”
1170 3654 1591 3713 ATIIANASII
1627 3658 1723 3714 AD
1763 3658 2084 3714 EUMDEJ!

578 3719 968 3775 CASTOREJI
1034 3723 1134 3777 DE
1165 3724 1354 3782 OCTO
1382 3726 1731 3783 MALlleE
1781 3728 2088 3786 COGITA-

579 3790 974 3847 TIUNIBUS.

577 3898 631 3955 1.
664 3899 776 3972 (77)
809 3901 943 3957 Cum
985 3905 1138 3973 prius
1163 3904 1231 3959 de
1258 3906 1652 3963 constitutione
1705 3908 2085 3964 cmnobiorum

506 3992 674 4048 verba
722 3990 1045 4062 fecerimus,
1102 3996 1303 4053 vestris
1356 3996 1480 4054 freti
1541 3999 1924 4066 orationibus,
1972 4000 2086 4072 jam

513 4080 758 4137 scribere
791 4082 1139 4152 aggredimur
1188 4086 1256 4140 de
1309 4096 1435 4141 octo
1490 4090 1715 4145 malitia:
1741 4091 2088 4160 cogitationi-

508 4171 634 4236 bus,
659 4172 928 4227 edacitate
960 4173 1193 4241 scilicet,
1227 4174 1595 4233 fornicatione
1620 4219 1636 4243 ,
1679 4179 1909 4234 avaritia
1938 4219 1953 4243 ,
1979 4179 2082 4244 ira,

510 4263 756 4327 tristitia,
782 4263 1020 4334 pigritia,
1048 4280 1188 4320 vana
1235 4267 1406 4338 gloria
1439 4276 1496 4324 et
1526 4270 1805 4340 superbia.
1838 4269 2082 4326 Primum

511 4354 697 4426 itaque
724 4355 792 4411 de
835 4356 1165 4412 abstinentia
1195 4360 1412 4415 dicetur
1446 4376 1477 4415 a
1509 4361 1669 4417 nobis
1690 4402 1705 4428 ,
1735 4377 1857 4432 quae
1900 4362 2084 4418 edaci-

2214 3663 2357 3716 ΤΟΥ
2406 3663 2645 3717 ΑΥΤΟΥ
2711 3663 3071 3717 ὒΙΕΓΑΔΟΥ
3120 3662 3530 3716 ΔΘΑΛἈΣΙΟΥ
3585 3662 3792 3716 ΠΡΟΣ

2267 3734 2408 3784 ΤΟΝ
2454 3733 2703 3786 ΑΥΤΟΝ
2759 3734 3088 3785 ΚΑΣΤΟΡΑ
3153 3733 3330 3786 ΠΕΡΙ
3401 3731 3541 3785 ΤΩΝ
3588 3732 3791 3787 ΟΚΤΩ

2266 3803 2406 3856 ΤΗΣ
2434 3803 2706 3856 ΚΑΚΙΑΣ
2742 3802 3136 3856 ΛΟΓΙΣΜΩΝ.

2262 3911 2315 3967 1.
2351 3910 2552 3983 Πρώην
2581 3911 2669 3964 τὸν
2699 3912 2825 3985 περὶ
2855 3910 3241 3975 διατυπώσεως
3269 3911 3427 3981 λόγον
3460 3912 3571 3967 τῶν
3603 3930 3789 3968 κοινο-

2191 4002 2323 4058 6ίων
2346 4005 2722 4072 συντάξαντες,
2752 4005 2915 4060 πάλιν
2951 4004 3044 4059 ἐπὶ
3062 4005 3157 4057 τοῦ
3184 4005 3469 4075 παρόντος,
3497 4008 3621 4069 ταῖς
3648 4007 3790 4076 ὑμε-

2191 4095 2376 4167 τέραις
2414 4097 2597 4168 εὐχαῖς
2641 4095 3035 4168 θαρρήσαντες,
3086 4097 3521 4167 ἐπεχειρήσαμεν
3569 4099 3790 4169 γράψαι

2194 4188 2321 4259 περὶ
2342 4186 2453 4239 τῶν
2486 4185 2631 4241 ὀκτὼ
2650 4187 2751 4257 τῆς
2777 4187 2973 4251 κακίας
3000 4187 3305 4257 λογισμῶν
3333 4190 3791 4259 γαστριμαργίας

2192 4276 2335 4347 φημὶ
2382 4276 2476 4329 καὶ
2514 4277 2789 4349 πορνείας,
2839 4277 3202 4349 φιλαργυρίας
3228 4279 3323 4331 καὶ
3349 4278 3540 4349 ὀργῆς.
3602 4279 3791 4352 λύπης

2191 4364 2284 4417 καὶ
2316 4364 2566 4435 ἀκηδίας,
2599 4363 2904 4429 κενοδοξίας
2952 4365 3045 4417 καὶ
3070 4365 3465 4436 ὑπερηφανίας.
3504 4367 3791 4438 Προηγου-

509 4446 610 4499 tati
638 4446 889 4517 opposita
923 4454 1037 4502 est:
1071 4462 1295 4519 agemus
1330 4450 1461 4506 item
1491 4451 1559 4507 de
1586 4452 1927 4521 jejuniorum
1965 4469 2086 4507 mo—

2197 4455 2373 4527 μένως
2413 4433 2593 4508 τοίνυν
2626 4456 2752 4525 περὶ
2784 4455 3108 4527 ἐγκρατείας
3142 4433 3375 4530 γαστρὸς
3409 4433 3786 4529 ἡμῖν-λεχθή-

509 4538 688 4605 (1ὓ,ἀε
704 4542 967 4610 qualitate
996 4550 1049 4597 et
1070 4544 1378 4613 quantitate
1425 4545 1835 4599 alimentorum.
1876 4545 1989 4617 (78)
2023 4544 2089 4600 Et

510 4629 627 4684 haec
655 4646 765 4685 non
791 4646 856 4685 ex
888 4632 1045 4686 nobis
1082 4632 1217 4703 ipsis
1258 4634 1459 4688 dicturi
1487 4650 1713 4701 sumus;
1746 4634 1839 4690 sed
1870 4650 1934 4689 ea
1964 4650 2088 4705 qua:

510 4723 821 4793 accepimus
869 4736 899 4775 a
943 4724 1149 4780 sanctis
1201 4723 1459 4779 Patribus
1509 4725 1735 4781 nostris.
1785 4723 1865 4778 Illi
1903 4725 2089 4795 itaque

508 4829 621 4870 non
660 4829 823 4868 unam
851 4813 1047 4885 jejunii
1081 4816 1349 4887 regulam,
1382 4832 1561 4887 neque
1603 4831 1774 4871 unum
1800 4816 2089 4871 comestio-

509 4905 597 4960 nis
627 4904 870 4969 modum,
904 4920 1081 4977 neque
1113 4907 1361 4962 eamdem
1403 4907 1578 4977 ipsam
1630 4906 1887 4960 omnibus
1942 4920 2091 4959 men-

510 5011 693 5054 suram
724 4995 1036 5061 tradidere,
1090 4998 1218 5068 quia
1275 5013 1384 5052 non
1438 5012 1628 5052 omnes
1681 4996 1926 5067 ejusdem
1958 5003 2090 5051 sunt

2195 4563 2367 4608 σεται,
2414 4546 2515 4617 τῆς
2551 4547 2934 4617 ἀντικειμένης
2987 4550 3052 4618 τῇ
3098 4546 3538 4618 γαστριμαργίαν
3583 4549 3678 4602 τοῦ
3723 4567 3788 4603 τε

2192 4634 2394 4706 τρόπου
2423 4635 2531 4689 τῶν
2566 4636 2851 4705 νηστειῶν,
2890 4635 2985 4688 καὶ
3025 4636 3127 4705 τῆς
3171 4636 3457 4706 ποιότητος
3484 4638 3582 4690 καὶ
3614 4641 3787 4693 ποσό-

2189 4741 2352 4797 τητος
2401 4725 2509 4779 τῶν
2558 4724 2882 4797 βρωμάτων.
2928 4724 3037 4778 Καὶ
3083 4724 3259 4779 ταῦτα
3306 4727 3406 4779 ούκ
3448 4726 3541 4794 ἀφ’
3572 4728 3789 4782 ἑαυτῶν

2195 4817 2449 4890 ἐροῦμεν,
2495 4818 2609 4872 ἀλλ’
2639 4819 2781 4889 ἅπερ
2818 4816 3236 4889 παρειλήφαμεν
3275 4819 3426 4889 παρά
3456 4818 3567 4871 τῶν
3608 4822 3788 4889 ἀγίων

2192 4910 2349 4982 ἡμῶν
2390 4910 2668 4980 Πατέρων.
2714 4910 2941 4962 Ἐκεῖνοι
2988 4909 3165 4965 τοίνυν
3194 4910 3292 4979 οὐχ
3323 4910 3419 4962 ἕνα
3457 4910 3660 4974 κανόνα
3686 4929 3787 4985 νη-

2193 5001 2398 5064 στείας,
2427 5001 2547 5054 οὐδὲ
2567 4999 2662 5053 ἕνα
2695 5000 2899 5071 τρόπον
2932 5000 3032 5072 τῆς
3058 5000 3167 5055 τῶν
3199 5000 3508 5074 βρωμάτων
3541 5003 3785 5075 μεταλή-

508 5088 744 5152 roboris,
776 5088 860 5142 vel
882 5089 1079 5169 aetatis,
1111 5100 1165 5143 et
1200 5089 1329 5160 quia
1363 5088 1455 5142 alii
1485 5088 1803 5143 infirmitate
1832 5087 2086 5158 corporis

2193 5090 2357 5161 ψεως,
2389 5092 2512 5144 οὐδὲ
2538 5091 2598 5144 τὸ
2630 5092 2760 5145 αὐτὸ
2795 5092 2992 5164 μέτρον
3030 5094 3164 5146 πᾶσι
3197 5092 3565 5162 μεταδιδόασι,
3601 5094 3692 5147 διά
3722 5096 3785 5148 τὸ

510 5182 782 5247 laborant,
803 5180 894 5233 alii
925 5180 1242 5236 delicatiore
1270 5191 1398 5236 sunt
1423 5194 1674 5251 corpore.
1701 5178 1881 5234 Unum
1903 5189 2085 5235 autem

2193 5181 2326 5253 μηδὲ
2375 5182 2584 5246 πάντας
2610 5181 2709 5254 τὴν
2738 5182 2907 5253 αὐτὴν
2952 5182 3105 5254 ίσχὺν
3136 5182 3300 5254 ἔχειν,
3343 5184 3378 5254 ἢ
3422 5182 3512 5237 διὰ
3539 5184 3781 5255 ἠλικίαν,

507 5274 765 5328 erunibus
811 5271 1089 5326 tradidere
1122 5286 1371 5342 scopum,
1405 5278 1467 5325 ut
1516 5271 1731 5343 fugiant
1779 5270 2083 5340 crapulam,

2193 5269 2223 5339 ἢ
2257 5269 2324 5323 δι’
2354 5271 2656 5337 ἀσθένειαν,
2679 5271 2712 5343 ἦ
2740 5271 2826 5325 διά
2844 5269 2958 5336 ἕξιν
2975 5271 3321 5343 ἀστειοτὲρου
3344 5270 3618 5342 σώματος.
3643 5273 3783 5328 Ἕνα

510 5370 563 5417 et
581 5362 790 5417 ventris
822 5364 1167 5417 saturitatem
1209 5368 1532 5418 aversentur
1560 5380 1573 5417 :
1612 5375 1678 5417 ac
1708 5361 2084 5433 experimento

2193 5361 2247 5416 δὲ
2276 5362 2477 5416 σκοπὸν
2507 5365 2641 5417 πᾶσι
2665 5363 3102 5436 παραδεδώκασι,
3141 5364 3366 5434 φεύγειν
3392 5364 3494 5437 τὴν
3529 5365 3783 5439 πλησμοο

578 5517 622 5547 ³⁷
664 5514 843 5571 lCor.
878 5530 981 5583 ιιι,
1017 5515 1104 5573 18.

579 5646 690 5715 (75)
719 5646 968 5726 Cassian.
1009 5644 1253 5702 Insiitut.
1296 5649 1391 5704 lib.
1434 5664 1505 5714 iv,
1538 5663 1587 5704 c.
1610 5645 1699 5702 ἐξ.
2265 5624 2380 5783 (ἣζ
2404 5639 2658 5722 cassum.
2686 5638 2931 5698 ικιιὶειιι.
2958 5642 3054 5699 ιιι».
3085 5658 3141 5712 ν.
3170 5657 3223 5700 c.
3262 5643 3313 5713 Ι,
3342 5652 3401 5700 et
3422 5659 3545 5717 seq.

580 5716 693 5783 (τε)
728 5714 1059 5772 1ὺιι1.ε.43.
2267 5710 2359 5782 (78
2403 5710 2546 5767 una.
2574 5725 2632 5768 ο.
2661 5710 2715 5767 5.

564 5710 693 5787 ,(76)
728 5714 863 5770 lbid.
893 5730 943 5770 c.
968 5715 1059 5772 ιε.
1493 5710 1501 5714 ⁷

2267 5710 2380 5783 (78)
2403 5710 2546 5767 ibid.
2574 5725 2632 5768 ο.
2661 5710 2715 5807 5.
