3868 6206
124 324 238 383 875

1235 322 1571 380 EPISTOLA
1610 325 1652 380 II
1693 322 1785 379 AD
1820 317 2216 379 CASTOREM.

3270 318 3375 374 δτι

125 420 248 490 νὴν,
287 415 379 470 καὶ
405 412 838 486 ἀποστρέφεσθαι
868 412 966 487 τὴν
997 415 1286 487 χορτασίαν
1310 417 1408 486 τῆς
1434 415 1671 488 γαστρός
1690 434 1702 447 ·

1813 414 2222 484 comprobatum
2265 411 2523 467 dixerunt
2570 410 2759 466 utilius
2818 425 2944 467 esse
2994 409 3375 482 quotidianum

124 508 229 581 τὴν
262 508 321 561 δέ
364 506 739 578 καθημερινὴν
768 506 1017 577 νηστείαν
1059 507 1385 578 ἐδοκίμασαν
1418 507 1705 578 ὠφελιμω-

123 601 292 674 τέραν
324 595 483 664 εἶναι,
518 601 613 654 καὶ
650 598 1096 670 συμϐαλλομένην
1126 597 1265 652 εἶναι
1301 600 1436 671 πρὸς
1465 598 1703 671 καθαρό-

123 710 290 764 τητα,
340 692 499 747 πλέον
530 692 628 763 τῆς
669 694 727 744 ἐν
772 689 1015 763 τρισὶνῆ
1065 690 1409 763 τέταρσιν,ἥ
1456 693 1550 745 καὶ
1600 692 1705 756 ἕως

125 784 419 856 ἑϐδομάδος
459 783 757 855 ἑλκομένης
798 782 1070 855 νηστείας.
1118 784 1229 836 Καὶ
1275 783 1383 855 γάρ
1426 799 1556 852 φασι
1613 783 1706 837 τὸν

122 877 380 950 ἀμέτρως
403 873 847 944 ἐπεκτεινόμενον
867 874 934 944 τῇ
963 871 1185 944 νηστείᾳ
1210 871 1348 943 ὑπὲρ
1369 871 1564 945 μέτρον
1586 870 1707 923 πολ-

121 970 284 1033 λάκις
307 973 372 1041 τῇ
415 970 587 1039 τροφῇ
622 965 938 1037 κεχρῆσθαι,
981 965 1059 1029 ὡς
1102 967 1166 1018 ἐκ
1202 964 1389 1018 τούτου
1427 964 1556 1018 ποτὲ
1606 965 1706 1036 μὲν

120 1066 193 1134 τῇ
226 1060 497 1134 ὑπερϐολῇ
524 1060 624 1131 τῆς
663 1058 874 1122 ἀσιτίας
902 1059 1110 1112 ἀτονεῖν
1142 1056 1204 1110 τὸ
1237 1055 1413 1128 σῶμα,
1449 1055 1542 1110 καὶ
1570 1055 1707 1127 πρὸς

121 1155 226 1216 τὰς
258 1150 631 1222 πνευματικὰς
660 1147 1001 1221 λειτουργίας
1040 1147 1396 1221 ὀκνηρότερον
1421 1144 1667 1215 γίνεσθαι
1685 1160 1700 1176 ⁸

128 1245 261 1298 ποτὲ
286 1245 362 1309 δὲ,
397 1242 476 1314 τῷ
522 1241 715 1313 πλήθει
757 1241 863 1294 τῶν
904 1238 1118 1312 τροφῶν
1146 1238 1530 1310 βαρυνόμενον,
1563 1237 1704 1307 ἀκη-

122 1335 246 1388 δίαν
280 1335 372 1388 καὶ
404 1333 672 1405 χαύνωσιν
717 1334 962 1402 ἐμποιεῖν
993 1334 1059 1402 τῇ
1093 1330 1260 1401 ψυχῇ.
1295 1329 1406 1382 Καὶ
1450 1328 1611 1383 πάλιν
1643 1327 1705 1381 οὑ

124 1428 294 1478 πᾶσιν
329 1425 582 1497 ἁρμόδιον
632 1419 771 1477 εἶναι
804 1424 903 1494 τὴν
943 1423 1051 1477 τῶν
1093 1422 1340 1492 λαχάνων
1386 1419 1704 1491 μετάληψιν,

122 1516 249 1569 οὑδὲ
295 1517 429 1568 πᾶσι
476 1513 572 1585 τὴν
602 1514 709 1569 τῶν
750 1513 1012 1583 ὀσπρίων,
1042 1512 1163 1565 οὑδέ
1201 1511 1409 1573 πάντας
1448 1508 1706 1562 δύνασθαι

121 1610 192 1676 τῇ
220 1607 312 1659 τοῦ
341 1606 505 1676 ξηροῦ
531 1607 694 1677 ἄρτου
734 1603 1034 1677 κεχρῆσθαι
1057 1606 1230 1675 τροφῇ
1251 1621 1265 1634 ο
1300 1601 1396 1656 καὶ
1424 1600 1585 1655 πάλιν
1612 1600 1705 1655 τὸν

129 1700 231 1771 μέν
266 1716 397 1769 φησι
435 1698 527 1751 δύο
559 1698 744 1771 λίτρας
783 1697 1030 1751 ἐσθίοντα
1069 1696 1235 1767 ἄρτου
1274 1693 1458 1766 ἀκμὴν
1488 1694 1699 1764 πεινᾷν,

1800 502 2098 575 jejunium,
2116 510 2281 570 atque
2308 500 2374 555 ad
2406 500 2698 570 puritatem
2727 500 2904 572 magis
2930 500 3201 566 conferre,
3215 516 3379 573 quam

1807 594 1855 651 si
1888 593 1958 648 ad
1982 600 2100 650 tres
2144 594 2228 648 vel
2272 600 2511 663 quatuor
2536 592 2687 658 dies,
2728 601 2824 647 aut
2864 591 2934 647 ad
2984 591 3379 648 hebdomadam

1805 700 1980 755 usque
2009 685 2280 756 jejunium
2305 683 2677 753 protrahatur.
2728 684 2899 738 Aiunt
2931 684 3076 738 enim
3129 699 3253 739 eum
3283 684 3379 755 qui

1805 776 2163 833 immoderate
2212 777 2482 847 jejunium
2540 775 2832 848 protrahit,
2880 777 3026 831 ultra
3066 791 3380 832 mensuram

1805 885 1950 941 saepe
1977 869 2101 926 cibo
2122 869 2235 933 uti;
2266 870 2342 924 ita
2367 879 2427 924 ut
2447 869 2576 925 hinc
2594 883 2738 939 saepe
2762 869 2976 924 accidat
2997 876 3056 923 ut
3086 868 3382 939 aliquando

1804 962 2023 1034 quidem
2055 977 2124 1017 ex
2151 962 2317 1016 nimia
2350 961 2686 1019 abstinentia
2740 961 2795 1016 in
2828 960 3152 1031 languorem
3179 973 3381 1030 corpus

1805 1051 2036 1114 incidat.
2072 1059 2128 1107 et
2166 1050 2250 1107 ad.
2281 1050 2588 1122 spiritualia
2630 1050 2938 1106 ministeria
2978 1049 3203 1121 segnius
3254 1065 3384 1105 eva-

1805 1143 1930 1211 dat;
1976 1143 2290 1215 ,aliquando
2342 1155 2538 1199 contra
2588 1143 2943 1200 multitudine
2995 1144 3381 1200 alimentorum

1804 1232 2126 1300 oneratum,
2171 1233 2446 1304 pigritiam
2498 1233 2894 1304 mollitiemque
2943 1234 3112 1289 animi
3161 1234 3383 1305 ingene-

1806 1330 1910 1380 ret.
1929 1322 2169 1380 Rursum
2192 1339 2302 1379 non
2331 1324 2589 1380 omnibus
2616 1334 2926 1395 competere
2951 1326 3163 1381 olerum
3187 1340 3379 1390 usum,

1806 1429 1915 1468 non
1942 1414 2198 1470 omnibus
2228 1415 2356 1470 item
2388 1415 2748 1486 leguminum,
2774 1431 2884 1471 non
2923 1432 3085 1487 posse
3123 1416 3382 1473 omnibus

1805 1506 1936 1562 sicci
1995 1507 2154 1576 panis
2208 1508 2525 1563 alimentum
2576 1506 2862 1564 suilicere:
2914 1508 3044 1564 item
3105 1523 3229 1565 esse
3283 1510 3382 1580 qui

1805 1600 2152 1656 manducatis
2194 1600 2353 1671 panis
2408 1600 2622 1655 duabus
2667 1600 2822 1656 libris
2871 1602 3054 1658 adhuc
3102 1603 3379 1666 esuriant,

1808 1692 1947 1746 alios
2002 1691 2096 1761 qui
2146 1707 2255 1745 una
2300 1690 2478 1755 libra,
2542 1691 2654 1746 imo
2704 1707 2802 1747 sex
2862 1693 3037 1749 unciis
3089 1693 3379 1749 satientur.

124 1786 286 1840 ἄλλον
305 1785 361 1839 δὲ
385 1786 632 1839 ἐσθίοντα
663 1786 873 1858 λίτραν,
910 1785 943 1856 ἢ
975 1784 1034 1850 ἒξ
1064 1784 1291 1854 οὑγγίας
1323 1782 1700 1855 χορτάζεσθαι.

1813 1776 2076 1835 Omnibus
2111 1780 2327 1851 itaque,
2366 1787 2426 1834 ut
2454 1780 2661 1835 dictum
2697 1789 2805 1847 est,
2835 1798 3002 1837 unum
3036 1783 3384 1839 abstinentia!

124 1878 302 1931 Πᾶσιν
337 1874 448 1941 οὖν,
471 1877 547 1941 ὼς
577 1879 810 1950 εἴρηται,
839 1878 935 1931 ἐνα
960 1877 1159 1931 σκοπὸν
1184 1876 1508 1948 ἐγκρατείας
1537 1891 1706 1948 παρα.

123 1970 414 2036 δεδώκασι,
448 1970 508 2024 τὸ
544 1972 619 2042 μὴ
656 1969 968 2025 ἀπατᾶσθαι
1011 1971 1274 2042 χορτασία
1306 1971 1531 2034 κοιλίας,
1569 1970 1703 2043 μηδὲ

123 2062 441 2129 ἐξέλκεσθαι
473 2066 538 2134 τῇ
568 2062 659 2116 τοῦ
689 2061 961 2134 λάρυγγος
1001 2062 1179 2134 ἡδονῇ.
1207 2060 1341 2116 osse
1379 2062 1488 2133 γὰρ
1514 2065 1546 2135 ἡ
1590 2063 1705 2116 δια-

123 2153 272 2225 φορά
299 2152 399 2223 τῆς
432 2153 712 2224 ποιότητος
743 2151 922 2225 μόνον,
960 2152 1094 2207 ἀλλά
1149 2153 1243 2207 καὶ
1274 2155 1307 2225 ἡ
1337 2155 1571 2226 ποσότης
1608 2154 1701 2208 τοῦ

123 2244 366 2316 πλήθους
417 2244 526 2297 τῶν
573 2244 876 2317 βρωμάτων
908 2245 975 2300 τά
1005 2245 1377 2317 πεπυρωμένα
1423 2245 1552 2318 βέλη
1602 2247 1704 2317 τῆς

122 2330 403 2405 ἁμαρτίας
424 2331 612 2386 εἴωθεν
638 2334 927 2388 ἀνάπτειν
969 2333 1082 2399 οἵας
1115 2334 1224 2407 γὰρ
1264 2335 1464 2406 δήποτε
1500 2337 1706 2408 τροφῆς

124 2421 477 2495 πληρουμένη
502 2424 713 2495 γαστὴρ
737 2465 751 2489 ,
780 2424 1015 2488 ἀσωτίας
1053 2426 1342 2497 σπέρματα
1372 2426 1565 2482 τίκτει.
1598 2428 1707 2481 Καὶ

124 2513 298 2567 πάλιν
338 2515 395 2567 οὑ
424 2515 583 2585 μόνον
621 2515 895 2588 κραιπάλη
930 2518 1095 2583 οἴνου,
1120 2517 1258 2572 ἀλλὰ
1290 2519 1383 2572 καὶ
1423 2518 1705 2591 πλησμονὴ

127 2605 344 2670 ὕδατος,
385 2607 480 2659 καὶ
527 2605 716 2660 πασῶν
749 2607 963 2677 τροφῶν
1002 2607 1273 2680 ὑπερϐολὴ
1313 2608 1706 2680 κεκαρωμένην

126 2696 227 2750 καὶ
256 2695 622 2761 νυστάζουσαν
643 2695 846 2769 ταύτην
876 2697 1215 2752 ἀποτελοῦσι.
1242 2698 1365 2761 Τοῖς
1392 2698 1706 2770 Σοδομίταις

125 2789 230 2841 οὑκ
258 2789 401 2840 οἴνου
437 2787 529 2842 καὶ
558 2787 827 2861 διαφόρων
858 2789 1161 2862 βρωμάτων
1201 2788 1499 2860 κραιπάλη,
1536 2807 1706 2843 καταο·

128 2880 374 2950 στροῇς
412 2878 632 2948 γέγονεν
674 2879 842 2944 αἰτία,
876 2878 989 2934 ἀλλ’
1019 2879 1184 2949 ἄρτου
1232 2878 1536 2951 πλησμονὴ,
1566 2878 1709 2933 κατὰ

1811 1886 2035 1942 scopum
2064 1872 2431 1937 tradiderunt,
2468 1880 2529 1927 ut
2560 1888 2672 1927 non
2717 1874 3060 1943 decipiantur
3092 1877 3384 1934 saturitate

1807 1963 2039 2022 ventris.
2070 1977 2248 2033 neque
2279 1962 2569 2017 trahantur
2613 1962 2753 2033 gula:
2785 1964 3082 2035 voluptate.
3138 1964 3259 2021 Non
3286 1982 3384 2021 so-

1811 2053 1923 2108 lum
1952 2053 2096 2109 enim
2119 2054 2399 2124 qualitatis
2443 2053 2781 2120 diﬂ‘erentia,
2840 2056 2935 2111 sed
2973 2057 3139 2111 etiam
3184 2072 3384 2129 magna

1810 2145 2059 2201 ciborum
2110 2144 2423 2215 quantitas,
2469 2145 2640 2214 ignita
2686 2148 2896 2216 peccati
2955 2148 3057 2202 tela
3106 2149 3247 2204 solet
3290 2165 3385 2205 ac-

1810 2236 2066 2291 cendere.
2100 2234 2215 2307 (79)
2251 2234 2589 2307 Quocunque
2616 2237 2760 2292 enim
2789 2238 2914 2294 cibo
2940 2247 3133 2295 venter
3156 2241 3385 2312 implea-

1810 2314 1922 2394 tur,
1954 2329 2198 2384 libidinis
2232 2330 2441 2384 semina
2483 2329 2679 2401 gignit.
2724 2330 2802 2385 Ac
2850 2345 3070 2387 rursum
3114 2349 3224 2388 non
3266 2334 3383 2389 vini

1810 2421 1989 2476 solum
2020 2422 2243 2492 crapula
2262 2461 2277 2485 ,
2308 2420 2402 2477 sed
2429 2423 2595 2477 etiam
2627 2437 2782 2493 aquae
2810 2422 3114 2494 plenitudo,
3143 2440 3208 2480 ac
3241 2440 3385 2496 quo-

1813 2512 2064 2566 rumlibet
2125 2513 2372 2567 ciborum
2422 2511 2814 2581 redundantia,
2867 2514 3142 2569 hominem
3187 2529 3395 2586 easta--

1813 2611 1960 2666 vant,
1982 2616 2046 2656 ac
2073 2610 2380 2673 torpentem
2402 2601 2902 2674 dormitantemque
2918 2604 3174 2660 reddant.
3205 2606 3395 2663 Sodo--

1814 2694 1962 2749 mitis
2013 2709 2123 2748 non
2177 2693 2323 2758 vini,
2379 2710 2488 2749 non
2537 2695 2815 2751 variorum
2867 2696 3114 2752 ciborum
3156 2700 3383 2769 crapula

1816 2786 2189 2842 subversionis
2232 2801 2395 2843 causa
2426 2786 2550 2852 fuit,
2581 2787 2674 2844 sed
2709 2788 2871 2859 panis
2898 2790 3156 2845 saturitas
3177 2831 3194 2856 ,
3224 2791 3385 2861 juxta

1815 2874 2132 2945 prophetam
2165 2875 2228 2929 ³⁸.
2245 2874 2356 2946 (80)
2377 2874 2667 2933 Inﬁrmitas
2681 2876 2929 2948 corporis
2950 2880 3175 2948 puritati
3199 2883 3386 2937 cordis

124 2970 222 3025 τὸν
267 2973 570 3042 προφήτην.
615 2968 678 3026 Ἦ
729 2970 987 3025 ἀσθένεια
1003 2970 1097 3023 τοῦ
1138 2969 1389 3042 σώματος
1433 2971 1569 3041 πρὸς
1610 2969 1709 3041 τὴν

1815 2980 1924 3020 non
1955 2972 2257 3023 aversatur.
2310 2965 2384 3020 Ea
2414 2967 2598 3037 itaque
2626 2969 2842 3040 corpori
2877 2970 3088 3028 tribuas
3145 2989 3268 3046 qua:
3300 2973 3386 3028 iu-

126 3061 482 3133 καθαρότητα
522 3061 622 3132 τῆς
653 3060 876 3133 καρδίας
904 3061 1005 3115 οὐκ
1048 3062 1364 3116 ἀντίκειται.
1397 3062 1582 3116 Ταῦτα
1615 3058 1709 3116 οὖν

1818 3055 2046 3126 ﬁrmitas
2087 3057 2207 3129 ejus
2254 3059 2514 3130 postulat,
2543 3074 2655 3114 non
2709 3075 2831 3130 quae
2859 3062 3111 3133 voluptas
3158 3066 3383 3134 expetit.

129 3129 551 3224 παρα-σχόμενος
688 3129 898 3222 σιὺματι
934 3151 970 3206 ἃ
993 3152 1026 3224 ἡ
1050 3152 1300 3207 ἀσθένεια
1334 3153 1577 3217 ἀπαιτεῖ,
1613 3153 1710 3225 οὑχ

1815 3147 2073 3207 Ciborum
2099 3165 2234 3205 usus
2260 3129 2564 3205 adhibetur
2594 3129 2860 3221 quantum
2893 3153 2962 3208 ad
2989 3129 3162 3208 vitam
3196 3129 3388 3210 foven-

131 3244 286 3316 ἆτ-ερ
313 3247 347 3316 ὴ
377 3245 536 3316 ἡδονὴ
575 3244 738 3298 θέλει.
783 3244 847 3297 'II
873 3245 980 3298 τῶν
1024 3245 1327 3317 βρωμάτων
1370 3245 1562 3317 χρῆσις
1590 3246 1710 3299 ὅσον

1814 3240 1938 3295 dam
1963 3241 2331 3296 necessarium
2362 3251 2468 3305 est,
2491 3257 2603 3298 non
2632 3251 2694 3298 ut
2727 3243 2954 3315 impetui
2987 3247 3389 3318 concupiscen~

132 3338 213 3391 ὑπ
233 3337 480 3407 ιυργῆσαι
505 3336 643 3410 πρὸς
674 3337 735 3391 τὸ
781 3337 879 3409 ζῇν
922 3336 1431 3409 παραλαμϐάνεται,
1459 3338 1558 3408 οὑχ
1591 3339 1710 3392 ὅσον

1814 3334 1903 3389 tias
1925 3333 2211 3389 serviatur.
2242 3333 2517 3389 Moderata
2544 3345 2600 3391 et
2626 3336 2966 3395 rationabilis
2996 3339 3106 3395 cibi
3146 3345 3405 3412 sumptio-

131 3427 421 3481 δουλεῦσαι
448 3430 566 3490 ταῖς
591 3430 787 3499 ὁρμαῖς
818 3428 914 3499 τῆς
942 3426 1251 3497 ἐπιθυμίας.
1303 3426 1367 3479 Ἠ
1403 3425 1710 3497 σύμμετρος

1817 3425 2102 3481 sanitatem
2148 3428 2396 3496 corporis
2425 3427 2732 3495 conciliat,
2777 3444 2878 3485 nec
2911 3430 3256 3487 sanctitatem
3288 3448 3387 3488 au-

134 3516 237 3570 καὶ
277 3517 416 3587 μετά
462 3517 621 3586 λόγου
656 3517 764 3570 τῶν
804 3517 1019 3591 τροφῶν
1061 3516 1356 3589 μετάληψις
1397 3517 1496 3588 τῆς
1530 3516 1715 3585 ὑγείας

134 3609 420 3682 φροντίζει
439 3609 530 3663 τοῦ
558 3610 826 3678 σώματος,
843 3611 905 3664 οὑ
930 3609 1027 3682 τὴν
1049 3608 1354 3679 ἁγιωσύνην
1379 3609 1712 3679 ἀφαιρεῖται.

135 3705 312 3774 Ὅρος
342 3703 666 3775 ἐγκρατείας
698 3704 791 3757 καὶ
822 3701 1001 3774 κανὼν
1028 3701 1457 3773 παραδεδομένος
1483 3701 1586 3754 ὑπὸ
1605 3701 1715 3755 τῶν

134 3793 311 3864 ἁγίων
355 3794 611 3865 Πατέρων
641 3793 874 3865 ἀκριϐὴς
904 3788 1056 3857 οὗτός
1091 3794 1227 3855 ἐστι,
1261 3792 1321 3844 τὸ
1358 3791 1435 3844 ἔτι
1471 3791 1570 3861 τῆς
1599 3790 1719 3862 ὀρέ-

134 3886 278 3954 ξεως
306 3886 647 3957 ἐγκειμένης,
674 3886 773 3956 τῆς
794 3885 999 3959 τροφῆς
1024 3881 1321 3954 ἀπέχεσθαι
1334 3881 1426 3936 τὸν
1448 3881 1715 3938 ἐσθίοντα.

135 3977 255 4031 Καὶ
284 3977 312 4029 δ
358 3975 675 4039 Ἀπόστολος
706 3975 763 4028 δὲ
794 3975 961 4030 εἰπών
979 3991 991 4001 '
1033 3993 1053 4026 ι
1094 3973 1208 4044 Τῆς
1240 3972 1440 4044 σαρκὸς
1468 3972 1719 4044 πρόνοιαν

141 4065 222 4138 μὴ
253 4065 491 4120 ποιεῖσθε
519 4067 598 4129 είς
637 4064 949 4135 ἐπιθυμίαν,
993 4083 1011 4116 ι
1045 4063 1107 4118 οὑ
1148 4063 1247 4134 τὴν
1276 4062 1579 4131 ἀναγκαίαν
1620 4061 1720 4130 τῆς

136 4159 291 4231 ζωῆς
314 4158 638 4230 κυὸέρνησιν
677 4157 965 4222 ἐκώλυσεν,
1000 4156 1135 4211 ἀλλά
1159 4158 1257 4229 τὴν
1294 4157 1571 4226 φιλήδονον
1602 4157 1722 4209 ἐπι·-

140 4252 370 4327 μέλειαν
410 4250 808 4322 ἀπηγόρευσεν.
840 4250 1045 4314 ’Ἄλλως
1086 4266 1146 4302 τε
1177 4249 1271 4303 καὶ
1310 4249 1447 4323 πρὸς
1484 4247 1721 4319 καθαρό-

133 4360 285 4415 τητα
323 4341 535 4395 τελείαν
568 4341 665 4412 τῆς
703 4340 879 4412 ψυχῆς
927 4340 1063 4412 μόνη
1092 4341 1126 4411 ἡ
1152 4339 1330 4410 ἀποχὴ
1358 4338 1466 4391 τῶν
1502 4337 1726 4410 βρωμά-

135 4454 253 4490 των
278 4437 379 4488 οὑκ
410 4433 601 4506 ἰσχύει,
635 4435 682 4487 ει
719 4433 793 4505 μὴ
840 4435 933 4487 καὶ
960 4433 1018 4486 αἱ
1048 4432 1232 4486 λοιπαὶ
1273 4431 1464 4501 ἀρεταὶ
1494 4430 1722 4502 συνδρά-

140 4545 313 4602 μωσι.
338 4525 633 4599 Τοιγαροῦν
662 4528 695 4596 ἡ
728 4525 1052 4588 ταπείνωσις
1089 4523 1176 4578 διὰ
1219 4524 1318 4595 τῆς
1348 4522 1593 4593 ὑπακοῆς
1621 4521 1717 4578 τοῦ

135 4621 310 4693 ἔργου
346 4619 440 4672 καὶ
468 4620 567 4689 τῆς
613 4616 705 4670 τοῦ
752 4615 1000 4688 σώματος
1037 4619 1476 4688 καταπονήσεως,
1509 4613 1719 4687 μεγάλα

133 4714 279 4785 ἡμῖν
313 4710 696 4782 συμϐάλλεται.
742 4710 805 4763 Ἦ
828 4709 1007 4780 ἀποχὴ
1039 4707 1140 4778 τῆς
1161 4708 1518 4780 φιλαργυρίας
1547 4709 1609 4762 οὐ
1632 4708 1723 4779 μό-

134 4822 232 4861 νον
262 4799 325 4854 τὸ
353 4802 429 4873 μὴ
471 4800 614 4872 ἔχειν
658 4801 934 4872 χρήματα,
963 4798 1097 4853 ἀλλὰ
1131 4798 1266 4871 μηδέ
1307 4801 1591 4870 ἐπιθυμεῖν
1631 4816 1723 4854 κε-

1818 3516 1945 3572 fert.
1960 3517 2072 3591 (81)
2099 3517 2224 3575 Ηεεο
2243 3533 2435 3574 norma
2462 3529 2517 3575 et
2538 3522 2726 3592 regula
2749 3529 2834 3578 est
2859 3522 3205 3580 abstinentiae
3224 3539 3389 3580 accu—

1817 3619 1957 3675 rata,
1989 3626 2018 3664 a
2044 3611 2253 3667 sanctis
2280 3611 2533 3669 Patribus
2562 3612 2762 3669 tradita
2785 3655 2800 3680 ,
2848 3622 2908 3668 ut
2940 3615 3181 3671 instante
3209 3616 3388 3673 adhuc

1820 3703 2083 3773 appetitu,
2108 3703 2215 3758 cibi
2236 3705 2489 3760 sumendi
2523 3704 2686 3761 ﬁnem
2719 3706 2885 3760 faciat
2914 3707 3007 3778 qui
3039 3709 3295 3765 comedit.
3321 3711 3391 3766 Et

1821 3795 2114 3865 Apostolus
2146 3794 2276 3849 dum
2308 3796 2422 3852 ait:
2460 3815 2480 3850 ι
2514 3796 2711 3853 Carnis
2744 3812 2931 3853 curam
2963 3814 3033 3855 ne
3062 3799 3300 3857 feceritis
3332 3803 3387 3857 in

1819 3886 2090 3942 desiderio
2143 3887 2228 3954 '9;
2266 3907 2284 3939 ι
2343 3904 2454 3942 non
2492 3889 2659 3961 318
2684 3889 3107 3947 sollicitudinem
3138 3892 3261 3947 vitae
3292 3909 3392 3947 ne-

1822 3992 2117 4033 cessariam
2146 3977 2443 4047 prohibuit,
2473 3979 2568 4042 sed
2609 3994 2799 4034 curam
2823 3981 2994 4036 vetuit
3022 3980 3271 4038 fovenda}
3293 3999 3389 4038 vo.

1822 4070 2066 4138 luptatis.
2087 4069 2199 4140 (82)
2225 4068 2492 4126 Caeterum
2517 4071 2581 4126 ad
2614 4071 2912 4143 perfectam
2948 4073 3146 4129 anima:
3174 4077 3390 4145 purita-

1823 4166 1965 4226 tem,
2016 4160 2133 4214 sola
2167 4159 2413 4214 ciborum
2454 4161 2783 4217 abstinentia
2839 4178 2951 4219 non
2999 4162 3234 4230 suﬂicit,
3282 4166 3390 4220 nisi

1823 4259 2155 4305 concurrant
2199 4259 2409 4307 caetera:
2437 4245 2687 4310 virtutes.
2742 4253 3035 4312 Humilitas
3078 4255 3263 4327 itaque
3296 4273 3393 4328 per

1824 4342 2187 4399 obedientiam
2220 4345 2274 4399 in
2316 4361 2499 4416 opere,
2528 4354 2584 4402 et
2633 4363 2728 4418 per
2761 4347 3104 4404 amictionem
3146 4352 3394 4420 corporis

1825 4446 2023 4506 magna
2056 4436 2215 4491 nobis
2247 4435 2460 4493 confert
2490 4438 2651 4494 bona.
2707 4438 2841 4495 Illud
2893 4448 2979 4496 est
3011 4441 3252 4499 avaritiae
3289 4459 3397 4506 ,ex-

1826 4534 2032 4597 pertem
2061 4541 2202 4592 esse,
2233 4543 2343 4581 non
2378 4528 2539 4582 modo
2567 4529 2831 4599 pecunias
2870 4545 2979 4585 non
3010 4530 3246 4596 habere,
3298 4533 3396 4588 sed

1825 4631 1898 4672 ne
1950 4617 2345 4687 concupiscere
2400 4618 2622 4690 quidem
2684 4621 2902 4677 illarum
2964 4626 3423 4694 possessionem.

1825 4707 2081 4763 Animam
2122 4708 2191 4763 ad
2224 4710 2519 4780 puritatem
2547 4711 2769 4767 adducit
2797 4713 3058 4771 cobihitio
3086 4718 3199 4781 irae,
3223 4718 3394 4786 tristi-
3423 4718 3428 4721 ⁷

1828 4802 1938 4864 tite,
1965 4818 2117 4858 vanae
2146 4804 2353 4874 gloriae,
2381 4805 2669 4877 superbiai.
2702 4805 2827 4862 Ilaec
2868 4810 3050 4865 omnia
3085 4810 3395 4867 universam

133 4893 399 4965 κτῆσθαι.
452 4892 597 4964 Πρὸς
643 4892 991 4965 καθαρότητα
1032 4891 1131 4964 τὴν
1169 4891 1346 4964 ψυχὴν
1394 4892 1579 4963 ὁδηγεῖ
1623 4893 1710 4964 τῆς

1825 4895 2022 4951 animae
2067 4897 2358 4966 puritatem
2391 4898 2651 4954 elliciunt.
2688 4897 2985 4956 Puritatem
3032 4912 3211 4958 autem
3249 4901 3394 4955 illam

134 4986 317 5057 ὀργῆς
339 4987 373 5056 ὴ
399 4984 598 5055 ἀποχὴ,
619 4984 717 5055 τῆς
743 4983 937 5055 λύπης,
963 4984 1060 5054 τῆς
1082 4983 1405 5050 κενοδοξίας,
1439 4985 1535 5054 τῆς
1552 4983 1710 5054 ὑπερ-

1827 4986 2022 5041 anima:
2048 4987 2376 5057 peculiarem
2399 5028 2415 5051 ,
2466 5004 2587 5059 qua:
2615 5005 2711 5060 per
2748 4990 3163 5060 temperantiam
3191 4991 3399 5046 obtine-

137 5079 406 5150 ηφανίας.
456 5076 641 5131 Ταῦτα
693 5077 871 5131 πάντα
912 5076 1011 5147 τὴν
1050 5074 1347 5146 καθολικὴν
1384 5075 1486 5147 τῆς
1547 5075 1710 5147 ψυχῆς

1828 5085 1954 5142 tur,
2003 5077 2331 5133 abstinentia
2384 5079 2438 5133 in
2489 5079 2680 5149 primis
2712 5088 2767 5136 et
2815 5080 3086 5150 jejunium
3133 5079 3392 5135 eiliciunt.

139 5165 500 5238 καθαρότητα
561 5165 950 5237 ἀπεργάζεται.
987 5164 1098 5237 Τὴν
1138 5165 1197 5219 δέ
1245 5165 1333 5218 διά
1376 5164 1710 5237 σωφροσύνης

1830 5166 2169 5238 lmpossibile
2216 5169 2416 5239 quippe
2461 5180 2546 5225 est
2588 5184 2712 5223 eum
2745 5170 2839 5240 qui
2884 5176 3037 5226 satur
3059 5178 3249 5224 ventre
3276 5179 3396 5234 est,

142 5259 510 5333 μερικηνξτῆς
533 5259 707 5331 ψυχῆς
732 5258 1080 5339 καθαρότητα
1108 5257 1399 5331 ἐξαιρέτως
1430 5258 1710 5331 ἐγκράτεια

1835 5261 2019 5314 animo
2080 5259 2365 5316 decertare
2417 5259 2683 5317 adversus
2703 5261 2956 5331 spiritum
2994 5259 3395 5317 fornicationis.

212 5481 269 5519 ³³
305 5480 503 5537 Ezech.
538 5497 659 5544 xw,
694 5480 783 5534 49.
859 5480 903 5511 ²⁹
943 5478 1104 5533 Rom.
1142 5494 1276 5540 χιιι.
1316 5477 1404 5533 14.

219 5681 337 5751 (το)
370 5682 619 5738 Cassian.
654 5681 892 5735 Institut.
926 5679 1023 5733 lib.
1059 5696 1110 5739 v,
1143 5694 1190 5732 c.
1218 5677 1272 5733 6.
1908 5670 2020 5806 £8!)
2052 5670 2186 5750 Ibid.
2210 5682 2260 5723 c.
2287 5670 2340 5723 8.

222 5753 339 5806 48θί
377 5752 506 5806 Ibid.
542 5768 591 5806 c.
621 5753 672 5806 7.
1930 5738 2019 5806 82)
2052 5740 2185 5795 Ibid.
2223 5755 2271 5795 c.
2295 5740 2340 5795 9.

222 5738 339 5824 (so)
377 5752 506 5807 Ibid.
542 5768 591 5807 c.
621 5753 672 5808 7.
1100 5738 1105 5739 ί
1908 5738 2019 5809 (82)
2052 5740 2185 5795 Ibid.
2223 5755 2271 5795 c.
2295 5740 2348 5795 9.

472 5845 744 5906 ΡΑτιιοι..
779 5842 894 5902 Gn.
933 5835 1229 5898 XXVIII.
