3856 6206
508 306 616 368 οτι

1673 306 1732 365 S.
1775 307 2240 368 ATHANASIUS.
2282 343 2350 354 —
2389 311 2620 369 DUBIA.

3687 327 3794 382 876

507 413 622 491 (83)
641 415 880 473 Primum
900 416 1079 489 itaque
1095 415 1256 473 nobis
1278 415 1350 473 sit
1377 426 1680 482 certamen,
1700 428 1760 475 ut
1790 425 1966 477 ventri
1985 424 2057 476 im

2191 424 2287 477 καὶ
2323 427 2546 494 νηστεία
2583 427 2862 499 κατορθοῖ.
2907 429 3197 485 Ἀδύνατον
3247 433 3354 506 γὰρ
3399 434 3490 490 τὸν
3540 437 3644 509 τὴν
3694 458 3793 508 γα-

505 525 784 586 pcremus,
803 525 1114 582 corpusque
1141 511 1195 565 in
1213 511 1531 567 servitutem
1559 511 1898 570 deducamus
1933 534 1946 570 :
1977 531 2086 570 non

507 600 673 656 modo
702 617 800 672 per
812 600 1104 671 jejunium,
1125 600 1218 656 sed
1244 602 1409 656 etiam
1436 616 1533 672 per
1561 602 1796 674 vigilias,
1821 604 2086 668 laborem,

507 692 820 756 lectionem,
856 693 986 748 item
1019 695 1202 748 animo
1235 692 1598 763 concipiendo
1630 695 1890 766 gehennae
1926 697 2088 751 timo-

506 801 647 849 rem,
679 793 733 840 et
759 785 1093 842 desiderium
1127 785 1282 856 regni
1312 786 1602 840 cmlorum.

2195 515 2359 588 στέρα
2411 521 2811 591 κεκορεσμένον
2863 523 3192 596 πολεμῆσαί
3220 528 3361 581 κατὰ
3410 530 3657 585 διάνοιαν
3716 533 3794 604 τῷ

2195 606 2468 678 πνεύματι
2496 609 2596 679 τῆς
2621 613 2899 682 πορνείας.
2925 614 3225 686 Τοιγαροῦν
3251 617 3467 686 πρῶτος
3487 619 3634 672 ἔστω
3659 621 3792 690 ἡμῖν

2195 701 2346 770 ἀγὼν
2379 704 2439 757 τὸ
2469 707 2692 776 κρατεῖν
2717 705 2973 776 γαστρὸς.
3003 708 3097 761 καὶ
3127 709 3488 779 δουλαγωγεῖν
3512 711 3574 764 τὸ
3602 712 3789 784 σῶμα,

2195 794 2254 845 οὐ
2284 794 2444 863 μόνον
2485 795 2572 850 διά
2604 797 2875 868 νηστείας,
2907 797 3044 851 ἀλλά
3085 799 3180 853 καὶ
3219 800 3288 854 δι’
3320 802 3655 874 ἀγρυπνίας,
3697 805 3791 857 καὶ

504 879 700 944 κόπου,
731 881 823 933 καὶ
855 880 1232 965 ἀναγνώσεως,
1264 879 1361 934 καὶ
1393 879 1488 933 τοῦ
1537 879 1793 950 συνάγειν
1828 879 1927 953 τὴν
1973 883 2201 954 καρδίαν
2226 889 2304 952 είς
2326 888 2419 943 τὸν
2451 889 2617 960 φόϐον
2641 890 2740 960 τῆς
2767 889 3014 962 γεέννης,
3045 892 3140 945 καὶ
3196 893 3276 957 εἰς
3307 893 3401 947 τὸν
3459 894 3629 948 πόθον
3695 896 3792 965 τῆς

505 971 782 1043 βασιλείας
807 971 918 1026 τῶν
943 957 1208 1044 οὐρανῶν.

573 1067 629 1123 2.
661 1067 774 1139 (84)
808 1066 1120 1122 Secundum
1160 1067 1321 1124 nobis
1353 1075 1438 1124 est
1491 1075 1770 1124 certamen
1821 1067 2088 1126 adversus

503 1159 759 1231 spiritum
805 1159 1185 1214 fornicationis
1219 1167 1274 1214 et
1319 1161 1826 1231 concupiscentiam
1859 1163 2046 1218 carnis
2068 1201 2084 1226 ,

502 1267 626 1322 qua
674 1253 1126 1323 concupiscentia
1177 1267 1208 1306 a
1259 1253 1520 1322 prirnzeva
1577 1261 1741 1309 astate
1780 1254 2084 1310 molestiam

504 1345 712 1399 homini
746 1359 936 1399 creare
958 1345 1167 1415 incipit.
1201 1343 1456 1415 Magnum
1488 1345 1621 1400 illud
1659 1360 1932 1416 graveque
1957 1362 2082 1402 cer-

499 1443 706 1499 tamen,
731 1435 937 1506 duplici
989 1443 1254 1491 constans
1307 1438 1486 1504 lucta;
1531 1437 1733 1508 duplex
1781 1437 1928 1492 enim
1968 1445 2082 1502 est,

498 1541 624 1582 eum
651 1528 704 1582 in
737 1543 966 1597 corpore
988 1537 1044 1582 et
1066 1529 1122 1582 in
1156 1530 1336 1583 anima
1379 1529 1776 1585 committatur.
1831 1528 2082 1600 Quapro-

499 1629 620 1690 pter
649 1620 854 1692 duplici
877 1628 1096 1691 oportet
1125 1637 1252 1675 cum
1284 1621 1377 1675 illo
1408 1636 1588 1692 pugna
1630 1619 1946 1693 confligere.
1979 1619 2086 1677 Ne-

2262 1065 2318 1119 2.
2352 1064 2616 1137 Δεύτερός
2649 1065 2798 1119 ἐστιν
2827 1067 2960 1136 ἡμῖν
2988 1063 3139 1134 ἀγὼν
3169 1066 3312 1120 κατά
3338 1069 3433 1121 τοῦ
3475 1072 3790 1145 πνεύματος

2191 1159 2292 1228 τῆς
2341 1157 2598 1228 πορνείας
2643 1158 2737 1210 καὶ
2784 1159 2884 1228 τῆς
2927 1157 3223 1228 ἐπιθυμίας
3247 1160 3346 1230 τῆς
3388 1165 3611 1232 σαρκὸς.
3665 1169 3790 1238 ἣτις

2192 1250 2457 1321 ἐπιθυμία
2499 1249 2608 1304 ἀπὸ
2637 1248 2862 1321 πρώτης
2898 1251 3118 1322 ἡλικίας
3160 1253 3385 1324 ἄρχεται
3426 1262 3789 1330 παρενοχλεῖν

2190 1341 2268 1412 τῷ
2293 1341 2589 1412 ἀνθρώπῳ.
2625 1342 2812 1411 Μέγας
2843 1335 3000 1406 οὗτος
3024 1346 3052 1397 ὁ
3092 1343 3244 1412 ἀγὼν
3274 1347 3367 1398 καὶ
3397 1348 3659 1417 χαλεπὸς,
3694 1355 3789 1406 καὶ

2186 1433 2384 1504 διπλῆν
2407 1433 2544 1504 ἔχων
2567 1433 2665 1504 τὴν
2692 1433 2870 1506 πάλην
2887 1450 2902 1464 ·
2930 1435 3064 1489 διότι
3091 1432 3246 1500 οὗτος
3269 1437 3488 1504 διπλοῦς
3514 1441 3788 1514 καθέστηο

2191 1541 2309 1588 κεν,
2334 1526 2392 1577 ὲν
2415 1528 2485 1596 τῇ
2507 1525 2650 1596 ψυχῇ
2678 1526 2772 1579 καὶ
2799 1527 2856 1578 ὲν
2879 1525 2958 1596 τῷ
2990 1525 3201 1596 σώματι
3237 1531 3650 1602 συνιστάμενος.
3681 1536 3788 1588 Καὶ

2190 1615 2379 1669 τούτου
2430 1616 2587 1688 χάριν
2617 1615 2811 1687 διπλῆν
2854 1617 2960 1688 χρὴ
2995 1619 3114 1671 κατ’
3141 1619 3305 1672 αὐτοῦ
3334 1622 3427 1675 καὶ
3468 1624 3570 1694 τὴν
3603 1619 3787 1695 πάλην

499 1727 608 1783 que
636 1713 783 1786 enim
809 1713 1091 1782 corporale
1116 1712 1387 1782 jejunium
1415 1713 1552 1767 satis
1593 1722 1678 1768 est
1728 1713 1795 1767 ad
1828 1711 2075 1782 perfecta:

2190 1706 2568 1772 ἀναδέξασθαι.
2595 1705 2739 1760 Οὔτε
2771 1707 2880 1778 γάρ
2916 1707 3076 1778 litavi;
3103 1709 3338 1781 ὑπάρχει
3368 1713 3500 1783 μόνη
3537 1715 3570 1784 ἡ
3601 1732 3786 1786 σωμα-

498 1785 874 1874 temperantia:
903 1805 1312 1874 possessionem
1345 1811 1400 1858 et
1431 1803 1499 1857 ad
1535 1818 1722 1859 veram
1750 1805 2075 1870 castitatem,

2187 1800 2314 1872 τικὴ
2364 1801 2587 1872 νηστεία
2629 1799 2768 1870 πρὸς
2800 1801 2992 1871 κτῆσιν
3021 1802 3119 1872 τῆς
3148 1803 3359 1867 τελείας
3400 1807 3784 1877 σωφροσύνης,

500 1893 608 1947 nisi
637 1893 784 1948 adsit
809 1894 986 1948 oratio
1018 1894 1084 1948 ad
1128 1892 1298 1950 Deum
1335 1894 1598 1958 assidua,
1654 1894 1912 1965 frequens
1945 1895 2086 1950 divi-

2189 1893 2284 1946 καὶ
2316 1892 2548 1964 ἀληθοῦς
2573 1893 2818 1962 ἀγνείας,
2845 1893 2894 1946 εί
2925 1893 2999 1963 μὴ
3015 1895 3113 1946 καὶ
3142 1895 3274 1966 εὐχὴ
3303 1896 3438 1968 πρὸς
3463 1898 3598 1950 Θεὸν
3625 1901 3754 1954 ὲκτε
3771 1929 3786 1941 ο

497 2001 693 2040 narum
726 1984 1137 2056 Scripturarum
1189 1985 1490 2052 meditatio,
1528 1985 1687 2041 labor
1715 1994 1771 2042 et
1809 2003 1951 2057 opus
1977 2002 2075 2042 ma-

2187 1987 2306 2059 νὴς,
2352 1989 2447 2042 καὶ
2479 1987 2632 2059 κοινὴ
2663 1986 2772 2040 τῶν
2803 1986 2963 2040 θείων
3009 1987 3237 2059 Γραφῶν
3288 1991 3507 2062 μελέτη,
3545 1995 3646 2045 καὶ
3679 1995 3782 2047 χά-

498 2092 693 2139 nuum,
736 2092 858 2147 qua:
895 2077 1183 2132 instabiles
1219 2077 1416 2132 animae
1453 2078 1692 2149 impetus
1721 2081 2075 2149 comprimere

2189 2095 2360 2150 ματος
2387 2079 2482 2132 καὶ
2506 2078 2664 2150 ἔργον
2685 2077 2906 2149 χειρῶν,
2936 2078 3079 2150 ειπερ
3106 2079 3361 2134 δύνανται
3385 2080 3483 2144 τὰς
3506 2083 3784 2147 άστάτους

498 2175 752 2236 possunt,
784 2178 944 2238 atque
965 2168 1111 2223 illam
1149 2184 1216 2223 ex
1261 2169 1515 2225 obscenis
1547 2169 1972 2241 cogitationibus
1998 2187 2075 2228 re-

2183 2170 2363 2241 ὁρμὰς
2409 2169 2510 2240 τῆς
2540 2168 2719 2240 ψυχῆς
2759 2168 3089 2233 συστέλλειν,
3132 2170 3226 2224 καὶ
3269 2172 3334 2224 ὲκ
3378 2171 3484 2224 τῶν
3533 2173 3785 2244 αίσχρῶν

500 2271 715 2312 vocare.
743 2255 826 2310 Ad
861 2257 914 2311 id
939 2258 1241 2328 praesertim
1266 2255 1486 2313 confert
1518 2259 1718 2314 animae
1761 2259 2075 2327 humilitas,

2185 2259 2496 2327 φαντασιῶν
2523 2258 2913 2314 ἀνακαλεῖσθαι
2941 2261 3112 2330 αὑτήν
3131 2278 3144 2290 ·
3173 2261 3278 2332 πρὸ
3305 2261 3362 2314 δὲ
3393 2264 3620 2318 πάντων
3651 2283 3786 2336 συμο

496 2348 637 2402 citra
671 2363 838 2418 quam
868 2363 972 2402 nec
1005 2348 1449 2414 fornicationem,
1474 2365 1577 2406 nec
1608 2359 1837 2407 caeteras
1867 2354 2075 2422 passio-

2185 2350 2439 2404 ϐάλλεται
2468 2351 2798 2414 ταπείνωσις
2820 2350 3022 2422 ψυχῆς,
3044 2347 3112 2423 ἧς
3146 2352 3315 2424 χωρὶς
3340 2354 3462 2407 οὐδὲ
3489 2357 3780 2427 πορνείας.

496 2457 595 2498 nes
618 2443 816 2498 valebit
845 2442 1120 2513 quispiam
1163 2458 1443 2516 superare.
1477 2446 1591 2518 (85)
1629 2446 1962 2516 Cumprimis
1987 2445 2075 2501 ita-

2183 2442 2304 2495 οὐδὲ
2329 2441 2436 2494 τῶν
2483 2441 2658 2498 ἄλλων
2697 2442 2887 2496 παθῶν
2923 2442 3210 2514 δυνήσεταῖ
3243 2461 3330 2508 τις
3364 2448 3776 2518 περιγενέσθαι.

496 2548 605 2603 que
640 2542 858 2604 oportet
901 2535 1052 2590 omni
1112 2536 1364 2591 custodia
1395 2552 1493 2592 cor
1528 2553 1748 2594 servare
1779 2554 1808 2593 a
1840 2537 2075 2595 sordidis

2184 2531 2615 2603 Προηγουμένως
2658 2531 2839 2585 τοίνυν
2871 2532 2977 2603 χρὴ
3011 2533 3160 2604 πάσῃ
3192 2535 3402 2605 φυλακῇ
3439 2539 3636 2606 τηρεῖν
3679 2538 3777 2609 τὴν

496 2619 922 2695 cogitationibus
978 2625 1045 2680 “.
1095 2624 1171 2680 Ex
1207 2641 1274 2682 eo
1315 2643 1552 2699 namque
1585 2628 1877 2700 prodeunt,
1922 2630 2075 2699 juxta

2182 2621 2410 2694 καρδίαν
2433 2623 2541 2676 ἀπὸ
2560 2622 2834 2693 λογισμῶν
2857 2623 3137 2696 ῥυπαρῶν.
3167 2624 3260 2678 Ἐκ
3280 2625 3386 2697 γὰρ
3405 2626 3618 2697 ταύτης
3645 2646 3778 2699 προσ

496 2713 709 2770 Domini
730 2729 926 2770 vocem
949 2755 964 2780 ,
1003 2717 1364 2788 c0gitationes
1392 2721 1548 2775 mala:
1574 2759 1590 2785 ,
1621 2721 1798 2777 cades
1819 2760 1836 2786 ,
1869 2720 2075 2775 adulte-

2184 2712 2516 2786 εξέρχονται,
2543 2713 2683 2767 κατά
2712 2713 2810 2785 τὴν
2835 2713 2929 2767 τοῦ
2959 2715 3164 2787 Κυρίου
3196 2715 3398 2786 φωνὴν,
3431 2715 3774 2786 διαλογισμοὶ

495 2806 598 2866 ria.
631 2809 994 2863 scortationes
1021 2817 1075 2864 et
1101 2816 1298 2865 cetera
1327 2811 1394 2865 “.
1429 2809 1709 2881 Jejunium
1740 2813 1944 2883 quippe
1969 2827 2075 2867 non

2185 2802 2431 2875 πονηροὶ,
2461 2803 2632 2872 φόνοι,
2666 2805 2920 2874 μοιχεῖαι,
2945 2804 3217 2874 πορνεῖαι,
3237 2803 3329 2856 καὶ
3351 2801 3422 2856 τά
3447 2803 3634 2857 λοιπά.
3665 2806 3774 2858 Καὶ

492 2898 661 2958 modo
684 2899 752 2954 ad
781 2899 1128 2954 afllictionem
1160 2902 1411 2972 corporis
1449 2903 1760 2973 injunctum
1791 2904 1952 2959 nobis
1971 2911 2075 2967 est,

2182 2895 2292 2968 γὰρ
2314 2898 2348 2968 ὴ
2379 2895 2602 2968 νηστεία
2641 2897 2701 2948 οὑ
2733 2896 2894 2966 μόνον
2913 2895 3050 2966 πρὸς
3077 2896 3372 2966 κακουχίαν
3396 2897 3494 2950 τοῦ
3516 2899 3772 2967 σώματος

495 2991 591 3047 sed
623 2991 786 3046 etiam
820 2992 891 3046 ad
927 2993 1360 3062 temperantiam
1403 2996 1623 3060 mentis,
1684 3009 1772 3061 ne,
1831 2996 2075 3052 ciborum

2182 2989 2317 3057 ἡμῖν
2333 2986 2756 3058 προστέτακται,
2789 2985 2925 3039 ἀλλά
2946 2987 3037 3039 καὶ
3062 2987 3196 3058 πρὸς
3219 2986 3491 3055 νῆψινντοῦ
3519 2990 3662 3051 νοὸς,
3689 2991 3770 3041 ἵνα

494 3081 847 3136 Multitudine
875 3081 1255 3146 obtenebrata,
1285 3099 1396 3139 non
1432 3087 1605 3156 possit
1628 3101 1826 3143 cavere
1870 3102 1900 3141 a
1935 3088 2075 3158 cog-i-

2187 3080 2285 3150 μὴ,
2314 3078 2395 3149 τῷ
2415 3077 2607 3150 πλήθει
2629 3077 2736 3131 τῶν
2771 3077 3076 3149 βρωμάτων
3105 3079 3428 3143 σκοτισθέις,
3453 3079 3769 3151 ἀδυνατήσῃ

496 3173 817 3228 tationibns.
848 3172 1076 3243 Oportet
1111 3175 1276 3245 igitur
1323 3140 1454 3230 non‘
1494 3178 1671 3233 solum
1709 3178 1922 3248 jejunio
1955 3140 2075 3234 οξτ-

2355 3140 2456 3240 τὴν
2491 3140 2600 3222 τῶν
2648 3140 2926 3239 λογισμιῖίν
2973 3140 3563 3241 παραφυλακῄνξ-Χρὴ
3591 3140 3767 3223 τοίνυῦ

495 3264 668 3336 porali
701 3280 922 3320 omnem
946 3281 1137 3320 curam
1192 3267 1506 3338 impendere
1526 3309 1542 3333 ,
1591 3269 1688 3327 sed
1712 3271 1876 3326 etiam
1907 3279 2075 3328 atten-

2185 3260 2260 3332 μὴ
2291 3261 2450 3331 μόνον
2483 3263 2541 3313 ὲν
2568 3263 2634 3332 τῇ
2678 3261 2963 3330 σωματικῇ
2997 3261 3219 3331 νηστείᾳ
3251 3260 3348 3331 τὴν
3389 3263 3571 3314 πᾶσαν
3601 3278 3770 3316 σπου-

495 3357 632 3412 tioni
665 3356 732 3410 ad
761 3358 1152 3428 cogitationes,
1193 3367 1247 3414 et
1301 3361 1573 3430 spirituali
1608 3361 1972 3426 meditationi,
1999 3363 2079 3418 ci-

495 3457 580 3502 tra
609 3461 748 3518 quas
795 3447 1132 3519 impossibile
1165 3457 1252 3507 est
1294 3449 1362 3504 ad
1392 3466 1657 3508 cacumen
1690 3469 1833 3508 verre
1861 3455 2080 3510 castita-

492 3540 566 3593 tis
594 3549 649 3596 et
693 3541 948 3610 puritatis
981 3540 1298 3596 ascendere.
1349 3542 1619 3598 Convenit
1672 3545 1876 3614 igitur,
1918 3546 2078 3614 juxta

496 3632 710 3690 Domini
740 3649 928 3688 vocem
953 3676 967 3697 ,
1013 3649 1116 3690 nos
1150 3633 1414 3690 interiora
1439 3634 1628 3690 calicis
1670 3643 1725 3689 et
1768 3638 2078 3708 paropsidis

493 3727 783 3791 mundam,
814 3735 875 3780 ut
906 3728 1018 3782 sint
1043 3728 1318 3782 exteriora
1344 3728 1547 3783 munda
1563 3728 1629 3781 “.
1644 3727 1999 3802 Quapropter
2030 3731 2078 3788 si

493 3833 626 3874 cura
642 3821 721 3875 sit
740 3821 921 3881 nobis.
944 3819 1098 3890 juxta
1112 3819 1436 3891 Apostolum
1463 3821 1530 3887 “,
1551 3821 2074 3894 legitimecertandi,

489 3922 546 3968 et
575 3928 833 3967 coronam
865 3913 1191 3984 accipiendi,
1216 3913 1430 3969 devicto
1452 3914 1668 3986 impuro
1700 3915 2077 3972 fornicationis

492 4005 686 4074 spiritu
708 4022 726 4070 ;
751 4021 818 4060 ne
839 4005 1045 4061 nostris
1059 4005 1290 4070 viribus,
1310 4021 1378 4060 ne
1405 4014 1609 4060 nostra:
1629 4008 1805 4062 ascesi
1833 4008 2078 4063 conﬁda-

491 4095 735 4157 mus.scd
753 4095 1096 4165 opitulationi
1117 4094 1328 4152 Domini
1341 4095 1467 4152 Dei.
1493 4095 1687 4153 Nullus
1702 4099 1846 4152 enim
1864 4100 2073 4155 homini

492 4186 616 4242 finis
644 4188 959 4242 certaminis
975 4201 1112 4241 ocum
1163 4185 1432 4257 ejusmodi
1459 4187 1725 4250 daemone,
1765 4189 1940 4244 donec
1987 4205 2075 4243 re-

487 4292 614 4332 vera
649 4277 836 4332 credat
857 4293 940 4341 se,
965 4293 1073 4331 non
1097 4292 1205 4332 suo
1226 4278 1413 4333 studio
1441 4286 1537 4333 aut
1565 4280 1753 4336 labore
1777 4322 1790 4346 ,
1836 4280 1932 4335 sed
1978 4280 2071 4335 Dei

489 4367 730 4463 ignpulsu
765 4376 820 4424 ct
849 4370 1052 4422 auxilio
1085 4369 1152 4422 ab
1188 4368 1506 4437 hujusmodi
1533 4371 1723 4424 morbo
1746 4371 1995 4435 liberari,
2017 4380 2074 4426 et

489 4457 556 4512 a'il
574 4475 848 4515 summum
863 4460 1134 4514 castitatis
1154 4457 1432 4530 fastigium
1447 4460 2069 4533 ascendere.(86)Enim-
2100 4493 2144 4546 Β

486 4566 617 4605 vero
647 4566 810 4621 supra
841 4561 1094 4604 naturam
1135 4565 1230 4606 res
1282 4558 1400 4614 est,
1429 4561 1482 4607 et
1508 4553 1692 4624 aliquo
1723 4555 1884 4609 modo
1913 4564 2067 4611 extra

486 4658 688 4713 corpus
729 4643 968 4704 exsistit,
1001 4642 1094 4710 qni
1143 4641 1398 4696 stimulos
1429 4644 1610 4699 carnis
1649 4645 1882 4717 ejusque
1913 4649 2070 4702 volu-

487 4743 666 4805 ptates
724 4735 980 4789 calcavit.
1037 4733 1220 4802 Quare
1263 4735 1602 4805 impossibile
1654 4747 1739 4794 est
1794 4739 2066 4796 hominem

488 4827 626 4890 suis.
655 4838 715 4882 ut
749 4829 825 4882 ita
856 4826 1058 4891 dicam,
1093 4828 1289 4897 pennis
1335 4827 1402 4882 ad
1451 4829 1556 4884 hoc
1591 4845 1855 4886 cacumen
1903 4841 1956 4887 et
2001 4833 2069 4887 ad

486 4919 735 4976 bravium
767 4918 1077 4974 sanctitatis
1107 4918 1384 4984 advolare,
1421 4921 1848 4993 angelorumque
1881 4925 2066 4980 imita-

483 5019 658 5065 torem
685 5006 823 5062 eflici
846 5047 863 5072 ,
900 5007 1008 5062 nisi
1039 5007 1190 5062 illum
1220 5009 1397 5077 gratia
1417 5007 1511 5064 Dei
1545 5026 1612 5066 ex
1637 5019 1784 5066 terra
1819 5023 1876 5068 et
1905 5030 2066 5070 caeno

485 5103 704 5157 educat.
737 5099 894 5154 Nulla
928 5101 1072 5154 enim
1108 5098 1308 5156 virtute
1359 5101 1612 5158 homines
1665 5120 1834 5160 carne
1872 5107 2062 5177 illigati

485 5193 805 5248 caelestibus
834 5191 1042 5262 angelis
1071 5191 1365 5248 similiores
1381 5191 1711 5261 efﬁciuntur,
1741 5211 1904 5266 quam
1921 5205 2062 5253 tem-

486 5281 731 5352 perantia
761 5299 774 5334 :
808 5296 904 5351 per
953 5295 1072 5335 eam
1107 5282 1275 5346 enim,
1305 5282 1436 5336 dum
1483 5283 1662 5340 adhuc
1692 5285 1746 5340 in
1789 5295 1935 5342 terra
1967 5287 2063 5342 de-

486 5380 640 5440 gunt,
672 5371 896 5437 habent,
923 5371 1081 5436 juxta
1111 5371 1456 5442 Apostolutn,
1486 5373 1964 5428 conversationem
2004 5374 2060 5428 in

2179 3351 2276 3423 δὴν
2310 3351 2698 3415 ἐνδείκνυσθαι,
2733 3350 2990 3405 ἀλλὰκαὶ
3019 3353 3077 3404 ὲν
3103 3355 3169 3423 τῇ
3198 3355 3435 3423 προσοχῇ
3479 3353 3589 3405 τῶν
3624 3354 3768 3420 λογι-

2181 3442 2356 3514 σμῶν,
2387 3443 2482 3497 καὶ
2510 3445 2568 3496 ὲν
2599 3446 2665 3514 τῇ
2705 3445 3044 3514 πνευματικῇ
3088 3443 3306 3515 μελέτῃ,
3331 3439 3406 3496 ὧν
3447 3446 3620 3516 χωρὶς
3633 3446 3769 3499 ἁδύ-

2179 3553 2339 3589 νατον
2366 3536 2500 3608 πρὸς
2537 3536 2598 3589 τὸ
2624 3536 2756 3606 ῦψος
2795 3537 2894 3608 τῆς
2925 3533 3158 3606 ἀληθοῦς
3203 3536 3426 3604 ἁγνείας
3458 3538 3556 3590 καὶ
3599 3537 3769 3591 καθα.

2182 3628 2406 3698 ρότητος
2448 3627 2712 3682 ἀνελθεῖν.
2752 3629 3028 3700 Προσήκει
3059 3630 3238 3684 τοίνυν
3269 3629 3416 3699 ἡμᾶς
3450 3628 3770 3700 καθαρίζειν

2179 3719 2466 3789 πρότερον,
2502 3720 2643 3774 κατά
2669 3719 2767 3791 τὴν
2792 3721 2885 3773 τοῦ
2926 3721 3130 3792 Κυρίου
3163 3722 3366 3790 φωνὴν,
3391 3719 3453 3772 sb
3481 3720 3632 3772 ἔνδον
3671 3719 3766 3772 τοῦ

2177 3811 2438 3882 ποτηρίου
2461 3810 2554 3864 καὶ
2579 3811 2676 3881 τῆς
2702 3810 3016 3882 παροψίδος,
3046 3812 3132 3864 ἵνα
3154 3812 3378 3882 γένηται
3395 3811 3494 3863 καὶ
3529 3812 3589 3863 τὸ
3608 3811 3773 3873 ἐκτὸς

2179 3901 2438 3974 καθαρόν.
2475 3902 2573 3956 Διὰ
2615 3903 2678 3974 δὴ
2721 3902 2899 3966 τοῦτο,
2933 3905 2982 3956 εἰ
3014 3903 3162 3957 ἔστιν
3200 3905 3330 3975 ἡμῖν
3360 3893 3586 3975 σπουδὴ,
3625 3905 3765 3957 κατὰ

2174 3995 2267 4047 τὸν
2299 3995 2641 4058 Ἀπόστολον,
2667 3995 2913 4066 νομίμως
2939 3995 3190 4067 ἀθλῆσαι,
3216 3997 3308 4050 καὶ
3326 3997 3761 4068 στεφανωθῆναι,

2174 4089 2504 4158 νικήσαντας
2550 4089 2610 4141 τὸ
2650 4088 2956 4160 ἀκάθαρτον
2995 4089 3212 4160 πνεῦμα
3239 4091 3338 4160 τῆς
3373 4091 3658 4160 πορνείας,
3692 4093 3765 4160 μὴ

2173 4183 2239 4251 τῇ
2275 4181 2522 4251 ἡμετέρᾳ
2569 4179 2795 4250 δυνάμει
2843 4181 2876 4252 ἢ
2921 4183 3154 4252 ἀσκήσει
3203 4181 3593 4258 θαρρήσωμεν,
3629 4183 3764 4235 ἀλλὰ

2172 4274 2239 4343 τῇ
2291 4269 2513 4342 βοηθείᾳ,
2556 4270 2649 4324 τοῦ
2697 4271 2954 4325 δεσπότου
3004 4271 3161 4328 Θεοῦ,
3214 4274 3289 4325 Οὐ
3320 4273 3555 4328 παύεται
3600 4277 3711 4346 γὰρ
3739 4279 3766 4327 ὁ

2172 4362 2460 4435 ἄνθρωπος
2507 4363 2914 4434 πολεμούμενος
2965 4364 3071 4417 ὑπὸ
3119 4364 3213 4417 τοῦ
3254 4365 3509 4436 δαίμονος
3546 4367 3760 4424 τούτου.

2173 4455 2278 4517 ἓως
2309 4449 2371 4507 οὗ
2405 4457 2462 4508 ἐν
2496 4455 2725 4526 ἀληθείᾳ.
2757 4455 3045 4529 πιστεύσῃ,
3075 4458 3156 4509 ὅτι
3201 4456 3302 4510 οὐκ
3345 4457 3453 4528 ίδίᾳ.
3492 4459 3698 4529 σπουδῇ
3727 4459 3759 4530 ἢ

2173 4545 2422 4615 καμάτῳ,
2441 4544 2574 4598 ἀλλά
2585 4547 2649 4615 τῇ
2663 4544 2754 4598 τοῦ
2771 4545 2902 4598 Θεοῦ
2927 4548 3065 4618 ῥοπῇ
3086 4544 3179 4599 καὶ
3193 4544 3409 4616 βοηθείᾳ
3425 4545 3765 4600 ἀπαλλάττε-

2171 4655 2262 4693 ται
2286 4639 2490 4710 ταύτης
2506 4639 2601 4709 τῆς
2619 4639 2798 4701 νόσου,
2821 4639 2914 4693 καὶ
2931 4641 3008 4702 εἰς
3032 4640 3088 4690 rb
3103 4640 3233 4708 ὕψος
3248 4639 3345 4709 τῆς
3361 4638 3589 4706 ἁγνείας
3606 4641 3762 4710 ἀνέρι

2173 4748 2349 4801 χεται.
2383 4733 2492 4785 Καὶ
2521 4731 2628 4803 γάρ
2653 4731 2795 4804 ὑπὲρ
2819 4730 2982 4801 φύσιν
3005 4730 3120 4783 ἐστὶ
3153 4729 3215 4783 τὺ
3246 4731 3501 4800 πρᾶγμα,
3536 4731 3760 4801 καὶτρό-

2172 4842 2274 4879 πον
2296 4824 2416 4878 τινὰ
2437 4825 2542 4891 ἔξω
2562 4823 2657 4877 τοῦ
2671 4823 2765 4876 εσώ
2773 4841 2942 4894 ματος
2973 4823 3200 4891 γίνεται,
3227 4823 3259 4873 ὁ
3281 4821 3410 4885 τοὺς
3437 4821 3760 4893 ὲρεθισμοὺς

2172 4915 2272 4986 τῆς
2315 4915 2518 4986 σαρκὸς
2558 4915 2653 4968 καὶ
2704 4915 2802 4977 τὰς
2849 4914 3042 4985 ἡδονὰς
3086 4914 3292 4985 ταύτης
3340 4915 3754 4983 καταπατήσας.

2174 5009 2286 5062 Καὶ
2319 5007 2511 5061 τούτου
2542 5007 2702 5080 χάριν
2726 5007 2985 5061 ἀδύνατόν
3006 5009 3154 5059 ἐστιν
3187 5006 3474 5076 ἄνθρωπον
3501 5008 3615 5068 τοῖς
3639 5021 3757 5056 πτε-

2175 5102 2308 5170 ροῖς,
2341 5100 2407 5152 ἶν’
2435 5099 2606 5162 οὕτως
2644 5098 2802 5154 εἴπω.
2836 5097 2974 5168 πρὸς
3005 5098 3067 5151 τὸ
3109 5097 3242 5167 ὕψος
3279 5097 3436 5148 τοῦτο
3477 5096 3572 5148 καὶ
3604 5095 3755 5164 obpi-

2171 5209 2284 5244 νιον
2318 5191 2567 5262 βραόεἴον
2591 5192 2690 5262 τῆς
2711 5190 3020 5259 ἁγιωσύνης
3041 5188 3369 5258 ἀναπτῆναι,
3402 5187 3499 5239 καὶ
3521 5185 3753 5255 μιμητὴν

2169 5283 2418 5352 ἀγγέλων
2447 5281 2730 5351 γενέσθαιο
2763 5283 2810 5334 εί
2837 5281 2911 5352 μὴ
2955 5282 3116 5353 χάρις
3147 5279 3282 5333 Θεοῦ
3310 5279 3503 5331 τοῦτον
3528 5279 3639 5330 ἀπὸ
3668 5278 3756 5346 τῆς

2180 5374 2273 5444 (ἧς
2303 5375 2396 5428 καὶ
2434 5374 2528 5428 τοῦ
2567 5374 2826 5446 βορῶρου
2866 5375 3152 5442 ἀναγάγοι.
3185 5372 3427 5442 Οὑδεμιᾷ
3459 5369 3570 5443 γάρ
3599 5369 3755 5443 ἀρετῇ

554 5529 604 5564 ⁸³
639 5529 803 5585 Prov.
841 5545 914 5595 tv,
947 5527 1040 5586 25.
1117 5529 1161 5559 ⁸⁸
1205 5526 1394 5582 Matth.
1432 5543 1522 5589 xv.
1561 5527 1648 5582 t9.
1726 5526 1771 5559 “
1813 5525 2005 5582 Matth.
2042 5543 2075 5580 x

2200 5565 2216 5588 .
2251 5527 2343 5582 26.
2423 5527 2466 5558 “
2508 5525 2552 5580 ll
2587 5525 2734 5580 Tim.
2774 5543 2810 5580 tt
2837 5566 2852 5590 ,

555 5684 668 5748 (ει)
702 5683 952 5745 Cassian.
987 5681 1230 5740 lnstitut.
1267 5685 1302 5738 Ι.
1340 5698 1414 5749 vt,
1441 5699 1489 5738 c.
1527 5685 1572 5740 l.

557 5753 672 5814 (85)
707 5753 842 5807 Ibid.
878 5769 928 5807 c.
963 5752 1020 5807 3.

2254 5681 2369 5756 (86)
2399 5681 2536 5737 una.
2567 5695 2617 5735 c.
2640 5681 2696 5738 ο.
