3868 6206
187 247 286 310 8⁵1⁸1

1287 245 1622 302 EPISTOLA
1663 246 1704 300 ιι
1745 244 1834 299 ιω
1873 220 2264 300 (ΣᾸΞΤΟΒΕΜ.

3317 237 3424 295 878

187 359 384 433 μᾶλλον
413 358 462 412 οί
508 359 670 429 σαρκὶ
717 358 1084 430 συνδεδεμένοι
1126 358 1402 432 ἄνθρωποι
1433 363 1546 423 τοῖς
1589 361 1757 430 ούραι

1860 359 2014 413 caelis
2042 359 2108 415 “.
2134 359 2254 429 (87)
2280 353 2414 411 Illud
2438 363 2618 412 autem
2643 360 2728 410 est
2753 352 2966 409 virtutis
2996 351 3225 422 hujusce
3255 367 3288 406 a
3328 368 3415 406 no-

186 452 317 514 νίοις
343 450 1044 521 ἀγγέλοιςσυνομοιοῦνται,
1071 451 1148 514 ὡς
1181 455 1248 524 τῇ
1280 452 1600 524 σωφροσύνῃ
1625 469 1638 482 ·
1669 451 1756 504 διὰ

186 544 383 613 ταύτης
412 543 538 614 γὰρ,
569 543 650 596 ἐτι
673 545 731 596 ἐν
757 546 820 615 τῇ
855 546 924 614 γῇ
947 544 1240 612 διάγοντες,
1278 543 1481 614 έχουσι,
1509 543 1648 597 κατὰ
1668 543 1758 597 τὸν

197 635 534 695 ’Δπόστολον.
557 636 616 688 τὺ
643 635 942 706 πολίτευμα
968 638 1026 688 ἐν
1052 637 1317 708 οὐρανοῖς.
1341 638 1547 706 Δεῖγμα
1582 635 1638 688 δὲ
1657 635 1752 688 τοῦ

185 727 282 798 τὴν
295 728 492 798 ἀρετὴν
511 727 713 798 ταύτην
725 726 1020 797 κεκτῆσθαι
1029 730 1062 797 ἡ
1073 729 1197 798 μᾶς,
1218 728 1279 780 τὸ
1297 728 1428 798 μηδέ
1449 730 1575 798 μιᾶς
1587 728 1754 781 εἰκόνι

188 819 418 889 αἰσχρᾶς
439 819 738 883 φαντασίας
759 820 817 871 ἐν
833 821 944 882 τοῖς
969 818 1152 882 ὕπνοις
1171 819 1269 890 τὴν
1293 820 1468 892 ψυχὴν
1491 819 1756 891 προστρέ-

186 926 323 981 χειν.
340 911 402 962 Εἰ
417 910 524 980 γὰρ
545 909 640 962 καὶ
662 908 736 979 μὴ
755 908 1020 977 λογίζεται
1042 910 1284 982 ἁμαρτία
1305 911 1576 982 ἡτοιαύτη
1605 913 1758 981 κίνη-

187 1016 290 1064 σις,
319 1003 465 1072 ὅμως
504 1004 802 1073 τεκμήριον
837 1003 1069 1074 ὑπάρχει
1097 1002 1191 1056 τοῦ
1232 1007 1404 1058 νοσεῖν
1432 1004 1531 1075 τὴν
1561 1004 1756 1076 ψυχὴν,

185 1095 278 1146 καὶ
307 1096 470 1166 μήπω
487 1095 581 1148 τοῦ
616 1095 817 1158 πάθους
846 1095 1210 1167 ἀπηλλάχθαι.
1237 1097 1347 1150 Καὶ
1374 1096 1566 1150 τούτου
1597 1099 1758 1168 χάριν

185 1183 283 1247 τὰς
311 1185 711 1255 συμϐαινούσας
740 1187 868 1256 ἡμῖν
899 1187 957 1240 ἐν
998 1189 1110 1249 τοῖς
1143 1185 1334 1250 ὕπνοις
1360 1188 1590 1260 αἰσχρὰς
1626 1205 1758 1257 φαν-

184 1276 374 1339 τασίας
402 1275 619 1346 ἔλεγχον
647 1271 784 1329 εἶναι
816 1277 914 1346 τῆς
948 1277 1324 1349 προλαϐούσης
1355 1278 1630 1349 ῥᾳθυμίας
1663 1279 1758 1331 καὶ

184 1365 285 1436 τῆς
320 1366 376 1418 ἐν
421 1367 551 1436 ἡμῖν
601 1365 882 1429 ἀσθενείας
921 1367 1190 1420 πιστεύειν
1228 1369 1534 1439 ὀφείλομεν,
1569 1372 1624 1422 ἐν
1647 1373 1758 1434 τοῖς

184 1454 522 1526 ἀποκρύφοις
548 1457 647 1524 τῆς
675 1455 852 1526 ψυχῆς
881 1457 1376 1528 ἀποκεκρυμμένην
1406 1457 1558 1511 νόσον
1591 1476 1760 1527 φανε-

188 1547 508 1620 ροποιούσης
551 1548 650 1618 τῆς
697 1549 985 1620 γινομένης
1027 1549 1232 1620 ῥύσεως
1274 1552 1331 1602 ἐν
1353 1554 1418 1624 τῇ
1449 1552 1544 1605 τοῦ
1588 1552 1755 1606 ὕπνου

184 1641 386 1696 ἀνέσει.
415 1642 505 1694 Διὸ
537 1643 628 1696 καὶ
669 1643 696 1695 ὀ
731 1643 913 1714 ἰατρὸς
943 1643 1049 1696 τῶν
1070 1643 1256 1716 ψυχῶν
1286 1646 1343 1698 ἐν
1369 1647 1483 1708 τοῖς
1511 1647 1754 1716 ἀποκρύ-

1860 449 1948 505 bis
1983 450 2266 520 acquisita
2317 449 2626 503 indicium:
2663 447 2709 502 si
2753 446 2903 501 nulla
2953 445 3205 499 obscena-
3253 443 3421 514 phan-

1863 541 2014 594 tasia:
2048 541 2226 609 imago
2265 540 2585 594 dormientis
2646 540 2835 594 subeat
2887 539 3151 592 animum.
3200 532 3426 589 Etiamsi

1862 630 2007 684 enim
2045 639 2329 700 peccatum
2380 644 2489 682 non
2533 635 2814 698 reputatur
2867 625 3178 696 hujusmodi
3226 632 3425 685 motus,

1864 721 2080 790 signum
2127 730 2309 776 tamen
2344 729 2428 776 est
2460 721 2774 792 mgrotantis
2807 735 2870 773 ac
2901 721 3140 772 nondum
3173 716 3427 786 passiOuo

1860 813 2129 884 319ta|i
2152 814 2392 868 liberata:
2406 815 2620 867 animaa.
2643 811 3005 878 Quamobrem
3022 811 3289 864 obscenas
3306 807 3428 862 illas

1862 905 2175 974 phantasias
2218 905 2359 960 inter
2405 905 2788 959 dormiendum
2836 907 3193 956 occurrentes
3237 906 3428 970 putare

1865 993 2128 1049 debemus
2168 1007 2291 1048 esse
2322 990 2972 1067 praecedentis_segnitiei
3021 1002 3426 1060 argumentum.

1859 1089 2023 1152 atque
2055 1089 2259 1136 nostra:
2307 1082 2663 1144 infirmitatis,
2713 1082 3072 1149 morbumque
3107 1082 3162 1132 in
3213 1087 3430 1134 secreto

1859 1172 2044 1228 cordis
2067 1173 2243 1229 nostri
2269 1173 2525 1227 latentem
2557 1173 2732 1243 aperit
2759 1173 2994 1228 cessatio
3015 1171 3212 1227 somnii
3240 1185 3431 1242 exper-

1859 1261 2142 1330 giscentis.
2177 1261 2290 1333 (88)
2317 1261 2498 1328 Quare
2527 1264 2833 1317 animarum
2864 1261 3114 1318 medicus
3149 1262 3200 1316 iu
3234 1263 3432 1315 animai

1859 1353 2236 1421 penetralibus
2287 1355 2613 1408 medicinam
2675 1355 2956 1425 reposuit,
3005 1369 3207 1424 gnarus
3256 1355 3430 1416 morbi

1857 1456 2056 1499 causas
2091 1443 2230 1498 inibi
2258 1460 2404 1509 esse,
2437 1445 2568 1499 dum
2603 1445 2679 1498 ait
2713 1462 2727 1497 :
2765 1465 2784 1497 ε
2831 1446 2935 1512 Qui
2969 1447 3192 1516 respicit
3235 1447 3433 1501 mulieo.

1858 1547 1974 1588 rem
2019 1532 2087 1587 ad
2121 1535 2616 1605 concupiscendum
2661 1551 2802 1602 eam,
2829 1537 2944 1606 jam
2995 1537 3303 1594 iiimchatus
3345 1549 3431 1594 est

1859 1639 1978 1680 eam
2012 1625 2068 1678 in
2098 1626 2267 1680 corde
2303 1627 2466 1681 suo"l
2496 1645 2509 1680 :
2552 1645 2570 1677 ι
2601 1643 2706 1682 non
2755 1637 2965 1682 tantum
2999 1639 3055 1683 ut
3101 1631 3336 1687 lascivos
3374 1641 3429 1687 et

185 1751 306 1804 φοις
347 1734 451 1804 τῆς
511 1735 690 1804 ψυχῆς
738 1736 800 1786 τὸ
821 1709 1127 1806 ’φάρμακον
1147 1709 1472 1800 ἐναπέθετο,
1513 1737 1639 1791 ἔνθα
1662 1709 1758 1791 καὶ

1860 1715 2108 1770 curiosos
2123 1717 2312 1771 oculos
2331 1718 2650 1788 corrigeret,
2677 1719 2774 1774 sed
2800 1721 2969 1774 multo
2991 1723 3162 1793 magis
3191 1724 3426 1777 animam

182 1827 282 1890 τὰς
314 1826 488 1890 αἰτίας
513 1827 610 1897 τῆς
635 1827 789 1880 νόσου
839 1827 1104 1898 ὑπάρχειν
1145 1828 1406 1896 ἐγίνωσκε
1431 1867 1446 1890 ,
1499 1829 1721 1897 φάσκων
1739 1845 1752 1859 ·

191 1936 209 1968 ι
268 1920 326 1972 ’0
382 1918 657 1989 ἐμϐλέψας
700 1919 920 1988 γυναικὶ
966 1919 1103 1989 πρὸς
1133 1919 1193 1972 τὸ
1229 1919 1562 1989 ἐπιθυμῆσαι
1589 1921 1758 1993 αὐτὴν

183 2009 284 2079 ἤδη
319 2009 633 2081 ἐμοίχευσεν
672 2009 840 2081 αὐτὴν
876 2011 934 2063 ἐν
960 2013 1026 2081 τῇ
1059 2011 1258 2082 καρδίᾳ
1290 2011 1454 2064 αὐτοῦ
1474 2028 1488 2041 ·
1529 2031 1547 2062 ι
1582 2013 1642 2065 οὐ
1672 2029 1759 2064 το-

184 2100 375 2154 σοῦτον
420 2102 546 2166 τοὺς
603 2105 894 2174 πορνιαοὺς
948 2103 1040 2156 καὶ
1087 2104 1411 2174 περιέργους
1449 2103 1759 2175 ὀφθαλμοὺς

181 2190 583 2264 διορθούμενος,
613 2195 736 2247 ὅσον
756 2195 854 2263 τὴν
872 2194 1017 2247 ἔνδον
1041 2194 1390 2267 ἐνιδρυμένην
1417 2195 1612 2266 ψυχὴν,
1639 2197 1759 2267 ἥτις

179 2282 296 2346 τοῖς
324 2283 475 2354 παρὰ
497 2283 636 2337 Θεοῦ
658 2285 887 2338 δοθεῖσιν
909 2286 994 2338 ἐπ’
1029 2285 1219 2356 ἀγαθῷ
1242 2285 1537 2358 ὀφθαλμοῖς
1573 2287 1758 2352 κακῶς

180 2375 446 2446 κέχρηται
468 2391 481 2405 ·
500 2376 688 2430 τούτου
703 2377 860 2448 χάριν
883 2378 976 2430 καὶ
1001 2379 1033 2448 ἡ
1055 2376 1191 2448 σοφὴ
1215 2379 1483 2450 παροιμία
1497 2379 1557 2432 οὐ
1587 2379 1756 2447 λέγει,

179 2466 342 2540 Πάσῃ
385 2468 596 2540 φυλακῇ
642 2473 796 2541 τήρει
845 2471 968 2532 τοὺς
1000 2469 1327 2540 ὀφθαλμοὺς,
1367 2471 1522 2534 ἀλλά,
1554 2490 1572 2522 ‹
1604 2473 1758 2545 Πάσῃ

180 2558 397 2630 φυλακῇ
437 2561 590 2630 τήρει
629 2560 727 2631 σὴν
770 2560 1024 2632 καρδίανο
1071 2581 1088 2612 ι
1136 2562 1317 2632 ἐκείνῃ
1363 2562 1596 2633 μάλιστα
1639 2564 1758 2615 ἐπι-

181 2651 339 2704 θεῖσα
373 2651 470 2720 τὴν
511 2651 752 2722 ἰατρείαν
779 2653 880 2722 τῆς
903 2652 1168 2725 φυλακῆς,
1202 2657 1267 2725 τῇ
1305 2653 1622 2725 κεχρημένη
1643 2655 1758 2717 τοῖς

1858 1801 2008 1858 intus
2034 1805 2217 1871 sitam,
2245 1821 2368 1876 qua:
2399 1808 2577 1864 oculis
2615 1808 2684 1862 ad
2718 1810 2920 1864 bonum
2949 1810 3052 1865 sibi
3085 1829 3112 1866 a
3146 1812 3254 1868 Deo
3284 1814 3428 1870 datis

1856 1891 2106 1961 improbe
2149 1901 2234 1948 est
2257 1911 2355 1950 usa
2388 1915 2400 1949 :
2436 1897 2558 1966 'quze
2587 1913 2755 1953 causa
2799 1907 2884 1953 est
2913 1901 3026 1955 'cur
3057 1904 3274 1972 sapiens
3304 1920 3429 1974 pro-

1857 1981 2102 2036 verbium
2155 1983 2323 2047 dicat,
2356 2000 2489 2048 non,
2523 1984 2684 2041 Omni
2715 1989 2964 2044 custodia
2998 2006 3153 2046 serva
3203 1995 3428 2062 oculos;

1858 2073 1976 2130 sed.
2009 2091 2028 2124 ι
2064 2072 2225 2128 Omni
2251 2076 2500 2130 custodia
2529 2091 2688 2131 serva
2729 2093 2826 2132 cor
2866 2088 3019 2135 tuum
3049 2082 3116 2136 ι’.
3157 2103 3175 2134 ι
3209 2083 3286 2138 ΙΙΙί
3323 2087 3430 2140 sci~

1859 2165 1989 2222 licet
2038 2169 2273 2226 maxime
2323 2171 2589 2226 custodiae
2630 2173 2927 2228 remedium
2979 2178 3253 2246 applicat,
3308 2195 3430 2250 quae

1857 2263 2036 2319 oculis
2064 2263 2294 2318 arbitrio
2322 2278 2424 2317 suo
2454 2264 2644 2318 utitur.
2675 2265 2787 2335 (89)
2830 2264 3015 2337 Itaque
3045 2270 3156 2322 lucc
3188 2270 3258 2324 sit
3301 2288 3432 2342 pur-

1857 2356 2094 2425 gationis
2120 2363 2322 2410 nostrze
2363 2357 2538 2426 prima
2588 2359 2869 2425 custodia;
2922 2369 2980 2412 ut
3025 2377 3148 2415 cum
3194 2373 3427 2421 mentem

1858 2457 2103 2504 nostram
2152 2448 2399 2504 mulieris
2443 2450 2700 2504 memoria
2726 2489 2741 2513 ,
2786 2451 3053 2506 diabolica
3084 2457 3426 2525 Operatione,

1859 2538 2112 2603 subierit,
2164 2539 2382 2595 etiamsi
2425 2542 2638 2604 matris,
2672 2551 2764 2594 aut
2805 2544 3036 2609 sui-oris,
3087 2555 3181 2600 aut
3215 2549 3429 2618 piarum

1858 2632 2088 2687 aliarum
2140 2633 2453 2701 mulierum,
2485 2645 2699 2690 mature
2735 2639 2881 2692 illam
2929 2655 2996 2694 ex
3044 2641 3210 2697 corde
3243 2653 3432 2699 nostro

177 2739 487 2812 ὀφθαλμοῖς
523 2743 603 2805 είς
629 2741 666 2795 ἀ
707 2742 976 2813 βούλεταιη
1009 2723 1309 2816 Τοιγαροῦν
1336 2723 1473 2816 αὐτὴ
1503 2723 1640 2796 ἔστι.)
1659 2743 1758 2814 τῆς

1860 2723 2144 2792 ejiciamus
2187 2741 2200 2776 :
2233 2740 2303 2781 ne
2335 2726 2382 2781 si
2415 2727 2468 2780 in
2504 2728 2595 2782 tali
2631 2730 2960 2800 cogitatione
3001 2731 3206 2788 diutius
3240 2734 3433 2789 inuno-

179 2830 504 2902 καθάρσεως
523 2831 680 2903 ἡμῶν
728 2832 918 2905 πρώτη
973 2833 1207 2906 φυλακὴ.
1243 2836 1349 2899 ἴνα,
1391 2836 1480 2888 ὅτε
1512 2837 1579 2906 τῇ
1619 2836 1756 2905 ἡμε-

176 2919 320 2992 τέρᾳ
347 2920 550 2992 διανοίᾳ
576 2921 761 2993 μνήμη
792 2923 1048 2991 γυναικὸς
1074 2923 1295 2996 γένηται
1326 2923 1642 2978 ἀναδοθεῖσα
1669 2924 1756 2978 διά

176 3010 284 3081 τῆς
327 3010 634 3082 διαϐολικῆς
665 3013 963 3083 ἐνεργείας,
1011 3015 1058 3066 εί
1088 3013 1501 3098 τύχοιιμητρδς,
1537 3015 1570 3086 ἢ
1601 3016 1756 3068 ἀδελ·
1783 3048 1826 3106 C

178 3102 314 3171 φῆς,
357 3101 390 3172 ἢ
441 3101 614 3156 ἀλλων
661 3104 932 3172 γυναικῶν
972 3106 1231 3170 εὐλαθὼν,
1265 3106 1472 3176 ταχέως
1494 3107 1661 3178 αὐτὴν
1696 3108 1762 3161 ἐκ

177 3194 285 3263 τῆς
317 3193 589 3266 ἡμετέρας
627 3195 852 3267 καρδίας
878 3196 1194 3266 ἐκϐάλωμεν
1216 3213 1228 3226 ·
1267 3196 1352 3249 ἵνα
1397 3198 1498 3268 μὴ,
1531 3198 1758 3252 ἐπιπολὺ

177 3283 567 3356 διατριϐόντων
595 3284 752 3355 ἡμῶν
805 3288 860 3338 ἐν
891 3287 1026 3357 αὐτῇ
1061 3289 1126 3357 τῇ
1153 3284 1346 3358 γνώμῃ
1387 3287 1542 3340 ὁτῶν
1574 3287 1760 3341 κακῶν

170 3374 441 3430 ἀπατεὼν
489 3377 553 3428 ἐκ
578 3375 780 3428 τούτων
821 3375 929 3427 τῶν
964 3377 1268 3447 προσώπων
1308 3377 1642 3450 κατακυλίσῃ
1667 3381 1760 3432 καὶ

177 3463 603 3535 κατακρημνίσῃ
633 3464 731 3535 τὴν
762 3465 999 3518 διάνοιαν
1048 3466 1128 3530 εἰς
1165 3466 1394 3538 αἰσχράς
1427 3469 1518 3521 καὶ
1549 3469 1763 3521 ἐπιϐλα-

178 3554 301 3617 ϐεϊς
327 3554 669 3626 ἐνθυμήσεις,
715 3555 896 3620 καθὼς
943 3557 1033 3609 καὶ
1075 3559 1108 3628 ἡ
1151 3559 1300 3629 παρά
1343 3558 1477 3612 Θεοῦ
1510 3560 1644 3632 πρὸς
1669 3561 1760 3613 τὸν

177 3645 404 3716 πρῶτον
435 3645 647 3698 δοθεῖσα
682 3645 867 3716 ἐντολὴ
913 3645 1142 3711 κελεύει,
1171 3649 1356 3718 τηρεῖν
1390 3647 1489 3717 τὴν
1522 3648 1761 3719 κεφαλὴν

176 3736 278 3792 τοῦ
304 3736 502 3805 ὄφεως,
526 3739 769 3793 τουτέστι
819 3739 914 3792 τοῦ
955 3739 1223 3811 βλαϐεροῦ
1252 3740 1512 3812 λογισμοῦ
1531 3743 1629 3814 τὴν
1661 3746 1761 3816 ἀρ-

174 3831 309 3902 χὴν,
336 3829 403 3881 δι’
456 3823 626 3901 οὗπερ
658 3830 845 3901 ἕρπειν
876 3833 954 3894 είς
993 3832 1091 3902 τὴν
1136 3831 1412 3903 ἡμετέραν
1440 3833 1613 3904 ψυχὴν
1644 3837 1762 3888 ἐπι-

176 3922 391 3992 χειρεῖ’
423 3921 507 3973 ἴνα
534 3921 607 3993 μὴ
645 3925 709 3994 τῇ
736 3922 835 3992 τῆς
867 3922 1108 3993 κεφαλῆς
1142 3924 1440 3995 παραδοχῇ,
1468 3925 1590 3995 ἥτις
1614 3927 1763 3979 ἐστὶν

175 4014 211 4082 ὴ
239 4009 514 4082 προσϐολὴ
546 4012 640 4064 τοῦ
661 4012 940 4084 λογισμοῦ,
968 4013 1030 4066 τὸ
1054 4012 1237 4066 λοιπὸν
1251 4014 1344 4067 τοῦ
1372 4015 1549 4084 ὀφεως
1580 4017 1759 4087 σῶμα,

176 4102 432 4157 τουτέστι
473 4103 571 4174 τῆς
605 4104 797 4175 ἡδονῆς
839 4105 936 4176 τὴν
958 4105 1269 4168 κατάθεσιν,
1305 4107 1759 4179 παραδεξὼμεθα,

175 4197 282 4249 καὶ
316 4196 381 4246 ἐκ
404 4194 590 4248 τούτου
624 4195 808 4249 λοιπὸν
837 4196 930 4249 ἐπὶ
967 4196 1065 4268 τὴν
1099 4197 1353 4269 ἀθέμιτον
1387 4199 1585 4270 πρᾶξιν
1630 4217 1762 4254 κατ-

175 4285 386 4357 ενέγκῃ
411 4285 507 4357 τὴν
523 4287 779 4340 διάνοιαν·
797 4287 934 4341 ἀλλά
962 4290 1247 4360 προσήκει,
1279 4291 1419 4344 κατὰ
1439 4291 1499 4343 τὸ
1525 4308 1764 4362 γεγραμ-

179 4377 374 4447 μένον,
404 4378 482 4440 είς
502 4377 600 4440 τὰς
622 4378 832 4451 πρωῒας
863 4379 1178 4432 ἀποκτενεῖν
1199 4379 1407 4444 πάντας
1430 4383 1556 4445 τοὺς
1581 4382 1762 4453 ἀμαρ-

174 4464 392 4528 τωλοὺς
408 4466 506 4536 τῆς
533 4467 656 4538 γῆς,
685 4466 930 4521 τουτέστι
966 4467 1044 4538 τῷ
1073 4469 1209 4538 φωτὶ
1245 4470 1344 4541 τῆς
1373 4469 1625 4539 γνώσεως
1651 4472 1766 4525 δια-

175 4557 414 4631 κρίνειν,
444 4559 534 4611 καὶ
562 4558 924 4630 ἐξολοθρεύειν
946 4561 1070 4624 τοὺς
1097 4560 1453 4632 ἁμαρτωλοὺς
1475 4561 1765 4632 λογισμοὺς

175 4652 250 4705 ἐκ
283 4650 386 4720 τῆς
425 4651 548 4720 γῆς,
571 4651 694 4721 ἥτις
734 4652 880 4704 ἐστὶν
909 4653 942 4721 ή
977 4652 1191 4723 καρδία,
1218 4652 1358 4705 κατά
1386 4653 1485 4724 τὴν
1524 4651 1618 4705 τοῦ
1649 4655 1763 4706 Κυ-

181 4745 308 4816 ρίου
346 4745 529 4814 φωνήν
551 4761 566 4774 ο
599 4745 690 4798 καὶ
747 4744 824 4808 ὡς
869 4743 950 4797 ἔτι
979 4745 1159 4816 νήπιοί
1191 4747 1329 4798 είσιν
1361 4747 1410 4798 oi
1439 4745 1545 4798 υἱοὶ
1582 4744 1760 4799 Βαϐυ-

176 4835 379 4898 λῶνος,
400 4835 566 4905 ἤγουν
595 4837 644 4888 oi
676 4837 900 4908 πονηροὶ
914 4836 1184 4907 λογισμοὶ,
1213 4835 1434 4900 τούτους
1462 4835 1758 4905 ἐδαφίζειν,

169 4925 286 4986 καὶ
313 4925 615 4996 συντρίϐειν
647 4927 782 4998 πρὸς
812 4928 910 4998 τὴν
957 4926 1182 4999 πέτραν,
1235 4925 1357 4997 ἥτις
1385 4927 1532 4980 ἐστὶν
1564 4929 1592 4980 ὀ
1628 4929 1762 4999 Χρι-

172 5017 334 5078 στὸς.
391 5017 514 5071 Ἐὰν
551 5018 660 5090 γάρ
705 5019 792 5072 διὰ
836 5019 936 5089 τῆς
990 5019 1261 5090 ἡμετέρας
1309 5019 1757 5087 συγκαταθέσεως

164 5107 574 5178 ἀνδρυνθῶσιν,
626 5109 726 5163 οὑκ
754 5110 882 5165 ἀνευ
929 5110 1165 5181 μεγάλου
1202 5111 1504 5182 στεναγμοῦ
1535 5112 1628 5164 καὶ
1660 5129 1759 5165 κα-

169 5197 365 5280 ςμάτου
419 5199 817 5271 κινηθήσονται.
869 5202 1013 5272 Πρὸς
1056 5203 1113 5256 δέ
1159 5205 1270 5266 τοῖς
1311 5203 1620 5274 εἰρημένοις
1650 5204 1759 5259 ἀπὸ

163 5287 289 5358 ’τῆς
323 5287 470 5353 θείας
518 5291 737 5361 Γραφῆς
784 5292 944 5346 καλὸν
983 5293 1076 5345 καὶ
1111 5294 1268 5363 λόγον
1309 5295 1478 5363 ἁγίων
1506 5295 1762 5366 Πατὲρων

258 5445 307 5478 ⁸⁸
341 5444 574 5517 Philipp.
612 5463 712 5513 ιιι,
742 5449 833 5505 20.
912 5448 956 5482 ⁸⁸
995 5449 1185 5505 Matth.
1225 5467 1276 5516 v,
1308 5448 1397 5504 ‘28.
1477 5449 1523 5483 “
1563 5448 1719 5506 Prov.

1884 5446 1971 5502 23.
2049 5446 2092 5476 ⁵⁷
2134 5445 2280 5502 Psal.
2314 5461 2346 5500 σι
2368 5485 2385 5506 .
2419 5447 2455 5502 8

264 5598 379 5666 (ετ)
411 5597 547 5654 Ibid.
575 5615 626 5656 ο.
655 5600 745 5656 ιο.

265 5667 378 5740 (88)
411 5667 549 5724 lhid.
578 5687 629 5728 (τ.
663 5670 747 5723 19..

1855 2830 2066 2879 remur,
2095 2815 2351 2871 seductor
2395 2831 2459 2872 ac
2502 2821 2770 2873 malorum
2816 2829 3010 2876 auctor
3047 2822 3158 2886 ille,
3190 2839 3254 2878 ex
3284 2825 3433 2894 ejus-

1859 2907 2005 2962 modi
2033 2907 2278 2961 vultuum
2327 2909 2634 2978 phantasia,
2679 2911 2731 2964 in
2762 2911 3026 2967 obscenas
3057 2922 3110 2969 et
3137 2915 3433 2974 damnosas

1857 2999 2216 3069 cogitationes
2252 3010 2486 3054 mentem
2515 3001 2765 3056 devolvat
2794 3019 2857 3056 ac
2880 2995 3212 3074 praecipitet;
3238 3023 3434 3076 quem-

1859 3090 2152 3146 admodum
2184 3091 2495 3161 praecipitur
2536 3093 2795 3147 mandato
2831 3095 2922 3148 illo
2956 3094 3045 3150 Dei
3078 3097 3145 3150 ad
3195 3099 3428 3166 primum

1863 3181 2136 3237 hominem
2168 3183 2316 3249 dato,
2368 3192 2428 3238 ut
2471 3183 2732 3239 nimirum
2777 3186 3093 3244 observaret
3121 3197 3287 3260 caput
3317 3207 3435 3246 ser-

1858 3273 2060 3344 pentis,
2115 3273 2168 3328 id
2216 3281 2320 3338 est,
2367 3275 2694 3346 principium
2731 3275 3008 3333 damnosa:
3059 3281 3432 3351 cogitationis,

1861 3379 1971 3434 qua
2004 3364 2059 3418 in
2081 3363 2318 3419 animam
2343 3373 2587 3421 nostram
2620 3367 2860 3438 irrepere
2886 3370 3114 3438 nititur;
3147 3380 3206 3426 ut
3237 3389 3305 3428 ue
3339 3373 3436 3429 ad-

1861 3453 2033 3512 misso
2062 3457 2260 3525 capite,
2292 3458 2344 3512 id
2377 3468 2482 3524 est,
2518 3459 2690 3530 prima
2722 3463 3071 3533 cogitationis
3107 3465 3432 3536 irruptione.

1862 3545 2130 3616 reliquum
2196 3549 2466 3617 serpentis
2522 3566 2759 3621 corpus,
2813 3539 3022 3609 scilicet
3102 3571 3431 3612 consensum

1861 3637 2183 3708 voluptatis,
2216 3638 2569 3695 admittamus
2589 3658 2603 3706 ;
2624 3650 2786 3710 atque
2809 3641 2936 3697 hinc
2961 3643 3176 3698 demum
3205 3645 3260 3699 in
3285 3645 3436 3701 nefa-

1860 3730 2003 3784 rium
2036 3728 2248 3783 facinus
2280 3738 2514 3785 mentem
2549 3732 2638 3786 ille
2668 3733 2891 3802 dejiciat
2918 3750 2932 3786 :
2965 3735 3060 3790 sed
3091 3753 3191 3807 par
3212 3744 3319 3803 est,
3352 3740 3430 3792 uti

1861 3823 2124 3890 scriptum
2149 3829 2235 3874 est
2263 3822 2326 3884 ‘7,
2365 3822 2421 3876 in
2457 3825 2725 3880 matutino
2753 3826 3060 3883 interﬁcere
3086 3845 3278 3886 omnes
3309 3847 3435 3902 pec.

1861 3923 2079 3969 catores
2129 3920 2320 3978 terrae;
2351 3915 2404 3970 id
2435 3925 2542 3977 est,
2577 3917 2783 3974 lumine
2822 3923 3155 3992 cognitionis
3185 3923 3433 3978 interno-

1859 4019 2015 4060 scere
2053 4013 2216 4077 atque
2268 4009 2584 4076 disperdere
2630 4013 2991 4082 cogitationes
3035 4013 3102 4068 ad
3149 4023 3431 4085 peccatum

1861 4097 2228 4167 deducentes;
2260 4117 2323 4154 ex
2357 4108 2524 4168 terra,
2564 4103 2776 4158 scilicet
2805 4106 2880 4158 ea’
2929 4104 3114 4168 corde,
3142 4105 3297 4173 juxta
3329 4105 3436 4158 Do-

1861 4191 1994 4244 mini
2018 4206 2230 4248 vocem.
2254 4191 2321 4245 Et
2361 4192 2490 4246 dum
2531 4195 2710 4250 adhuc
2739 4198 2951 4266 parvuli
2984 4207 3113 4252 sunt
3137 4197 3230 4250 ﬁlii
3254 4195 3433 4268 Baby-

1861 4282 2025 4347 lonis,
2053 4300 2149 4338 seu
2186 4286 2340 4340 mala:
2368 4286 2747 4355 cogitationes;
2791 4297 2904 4341 tum
2954 4303 3048 4343 eos
3078 4288 3196 4342 solo
3218 4303 3436 4357 aequare

1793 4361 1842 4422 Ι)
1865 4383 2029 4444 atque
2065 4377 2287 4433 allidere
2315 4385 2530 4449 oportet
2569 4378 2636 4432 ad
2671 4388 2878 4449 petram
2912 4379 2978 4443 “,~
3012 4395 3132 4451 qua:
3160 4389 3242 4435 est
3274 4379 3436 4436 Chri-

1861 4477 2001 4524 stus.
2040 4469 2097 4524 Si
2140 4471 2286 4526 enim
2326 4487 2600 4527 consensu
2643 4480 2837 4527 nostro
2877 4472 2943 4526 ad
2998 4474 3207 4528 virilem
3241 4489 3434 4542 perve-

1860 4561 2016 4615 niant
2051 4569 2288 4624 aetatem,
2316 4578 2424 4617 non
2449 4563 2585 4617 citra
2613 4578 2842 4632 magnos
2875 4564 3107 4634 gemitus
3135 4572 3190 4619 et
3220 4564 3436 4621 labores

1863 4653 2292 4723 superabuntur.
2322 4654 2401 4708 Ad
2437 4669 2499 4710 ea
2527 4661 2706 4712 autem
2742 4669 2864 4725 quae
2892 4656 3148 4726 superius
3173 4671 3240 4711 ex
3285 4654 3436 4710 Scri-

1862 4753 2021 4813 ptura
2054 4761 2212 4800 sacra
2260 4747 2406 4800 dicta
2459 4757 2607 4811 sunt,
2639 4745 2942 4815 adjicienda
2987 4756 3301 4802 sanctorum
3331 4745 3435 4800 Pa-

1861 4843 2008 4888 trum
2058 4835 2345 4905 dicta.(90)
2378 4835 2592 4891 Dictum
2623 4845 2707 4892 est
2734 4836 2916 4906 itaque
2937 4850 2966 4888 a
2994 4844 3184 4891 sancto
3230 4835 3436 4890 Basilio

1863 4925 2126 4982 Caesareae
2167 4926 2523 4997 Cappadocia
2558 4931 2858 5000 episcopo:
2893 4927 3172 4983 Mulierem
3217 4928 3432 4997 ignoro.

1862 5029 1966 5073 nec
2019 5025 2200 5073 tamen
2245 5020 2400 5089 virgo
2462 5035 2618 5087 sum;
2676 5036 2850 5090 usque
2906 5021 3044 5074 adeo
3091 5019 3432 5089 exploratum

1863 5108 2076 5174 habuit,
2112 5124 2219 5163 non
2252 5111 2369 5164 sola
2413 5112 2684 5180 corporali
2733 5109 3091 5181 temperantia
3141 5123 3171 5163 a
3205 5109 3433 5166 muliere

1861 5200 2190 5270 virginitatis
2219 5201 2422 5257 donum
2470 5212 2616 5258 recte
2649 5201 2950 5272 possideri;
2984 5198 3079 5255 sed
3109 5199 3282 5255 multo
3314 5215 3431 5251 ma-

1867 5297 1951 5365 gis
1982 5296 2176 5350 anima:
2205 5297 2494 5350 sanctitate
2526 5295 2866 5365 puritatequc
2895 5308 2960 5349 ac
2987 5293 3185 5349 timore
3215 5293 3307 5350 Dei
3333 5292 3434 5350 ba-

2554 5448 2598 5480 “
2640 5444 2783 5504 l'sal.
2820 5462 3053 5513 curm,
3089 5448 3147 5510 9.

1936 5601 2046 5671 (ea)
2082 5603 2213 5657 Ihul.
2239 5621 2287 5658 ι.
2311 5605 2379 5655 1'5

1937 5673 2048 5744 \99)
2077 5672 2187 5729 Ibial
2234 5689 2297 5727 ιιι.
2330 5673 2416 5732 ta.
