3868 6206
477 247 582 304 879

1632 247 1693 304 Is.
1731 246 2190 302 ATHANASIUS.
2238 277 2306 288 -—
2349 245 2580 304 DUBIA.

3614 250 3729 306 880

476 363 592 418 beri
617 360 814 418 solere.
846 359 1010 416 Aiunt
1039 361 1164 416 item
1191 359 1400 424 Patres,
1434 372 1542 416 non
1574 376 1731 431 posse
1756 379 1854 418 nos
1874 363 2041 417 casti-

2160 361 2544 432 ;πιμνησθῆναι
2571 361 2656 433 δή.
2694 363 2919 435 Εἰρηται
2946 362 3126 416 τοίνυν
3158 361 3236 431 τῷ
3275 363 3416 432 ἁγιῳ
3451 363 3732 435 Βασιλείῳ

478 451 606 505 tatis
636 450 890 520 perfectte
923 451 1179 504 virtutem
1211 451 1517 520 possidere,
1556 451 1662 506 nisi
1687 454 1838 522 prius
1858 469 2042 508 veram

475 543 535 598 in
578 545 745 598 corde
810 543 1168 598 humilitatem
1224 542 1648 612 possideamus:
1699 561 1874 614 neque
1919 560 2046 599 vera

476 634 789 703 cognitione
805 633 998 703 dignos
1023 634 1208 688 haberi
1235 633 1474 703 quandiu
1505 635 1556 688 in
1583 635 1776 689 anima:
1797 644 2046 706 penetra-

480 722 623 778 libus
682 721 1062 778 fornicationis
1127 722 1352 778 all'ectus
1401 725 1539 779 situs
1585 728 1713 782 erit.
1749 727 1819 780 L‘t
1866 734 2044 781 autem

480 829 732 884 magnam
759 815 1072 882 hujusmodi
1108 815 1368 870 virtutem
1397 833 1460 870 ex
1500 817 1756 885 Apostolo
1784 818 1903 887 ipso
1953 834 2049 887 pa-

479 905 590 958 lam
624 906 909 968 faciamus,
943 920 1106 958 unam
1155 905 1274 974 ejus
1303 921 1665 960 memoremus
1700 908 2043 970 sententiam,

487 1011 597 1065 qua
644 997 899 1065 loquendi
950 995 1141 1058 linem,
1181 996 1463 1051 faciemus.
1513 1015 1531 1048 ι
1577 995 1795 1060 Pacem,
1850 999 2045 1067 inquit,

479 1085 771 1154 sequimini
841 1101 965 1139 cum
1047 1086 1324 1148 omnibus,
1375 1097 1427 1141 et
1473 1089 1887 1141 sanctimoniam
1931 1088 2049 1144 sine

481 1192 590 1247 qua
626 1192 785 1231 nemo
822 1177 1026 1234 videbit
1055 1176 1341 1232 Dominum
1375 1177 1443 1232 “.
1482 1200 1500 1230 ι
1538 1179 1690 1244 Quod
1725 1182 1868 1234 enim
1899 1196 1961 1235 ea
1982 1181 2050 1236 de
2115 1191 2121 1196 '

483 1283 543 1322 re
565 1269 838 1337 loquatur,
863 1269 1138 1338 propalam
1165 1277 1249 1324 est
1275 1286 1340 1323 ex
1368 1270 1433 1324 iis
1459 1287 1579 1339 quae
1605 1271 1905 1339 subjunxit.
1933 1289 2050 1327 cum

481 1363 590 1416 ait:
617 1379 633 1410 ι
659 1359 736 1414 Ne
761 1360 883 1429 quis
912 1360 1224 1423 fornicator,
1257 1370 1348 1414 aut
1369 1365 1652 1430 profanus,
1674 1373 1732 1416 ut
1757 1363 1900 1418 Esau
1927 1364 1993 1417 ⁵ο.
2024 1384 2043 1415 ›

482 1451 700 1518 Quanto
739 1454 921 1522 itaque
947 1453 1119 1522 magis
1148 1454 1390 1508 caele-stis
1412 1465 1464 1508 et
1494 1456 1738 1524 angelica
1763 1464 1846 1509 est
1878 1458 2048 1512 virtus

481 1546 768 1607 castitatis,
811 1553 961 1598 tanto
985 1545 1328 1614 gravioribus
1355 1544 1423 1597 ab
1464 1546 1684 1599 inimico
1718 1547 1930 1602 insidiis
1953 1563 2050 1618 op-

482 1645 772 1706 pugnatur.
826 1635 1190 1702 Quamobrem
1228 1652 1420 1692 curare
1453 1638 1713 1694 debemus
1748 1655 1858 1694 non
1889 1642 2049 1695 modo

2146 451 2223 521 τῷ
2275 451 2556 522 ἐπισκόπῳ
2600 454 2934 524 Καισαρείας
2986 455 3412 517 Καππαδοκίας*
3462 457 3573 508 Καὶ
3629 474 3733 525 γυ-

2146 546 2308 596 ναῖκα
2335 545 2535 612 ἀγνοῶ,
2562 545 2654 598 καὶ
2706 544 2968 616 παρθένος
3003 547 3102 598 οὐκ
3136 546 3249 615 είμί
3274 563 3287 576 °
3323 546 3578 600 τοσοῦτον
3612 550 3732 616 ἐγί-

2147 653 2323 689 νωσκε
2361 637 2436 706 μὴ
2462 638 2517 688 ἐν
2543 639 2606 706 τῇ
2635 641 2916 708 σωματικῇ
2953 639 3089 710 μόνῃ
3119 639 3295 709 ἀποχῇ
3333 640 3429 708 τῆς
3463 641 3736 707 γυναικὸς

2147 728 2206 780 τὸ
2237 727 2407 798 δῶρον
2457 729 2554 797 τῆς
2599 728 2894 798 παρθενίας
2929 729 3340 800 κατορθοῦσθαι,
3371 731 3492 782 ὅσον
3524 733 3594 800 τῇ
3632 731 3738 798 τῆς

2147 818 2324 887 ψυχῆς
2378 819 2655 890 ἁγιωσύνῃ
2712 819 2807 870 καὶ
2861 819 3190 891 καθαρότητι
3227 820 3259 889 ἢ
3291 819 3369 888 τῷ
3399 819 3548 888 φόϐῳ
3590 819 3734 870 Θεοῦ

2148 908 2538 979 κατορθοῦσθαι
2567 910 2795 977 πέφυκε.
2828 909 3060 977 Λέγουσι
3091 910 3147 962 δέ
3181 911 3274 963 καὶ
3299 909 3454 962 τοῦτο
3478 912 3528 961 οἱ
3559 910 3739 961 Πατέ-

2152 1017 2262 1071 ρες,
2309 1001 2382 1071 μὴ
2429 999 2685 1053 δύνασθαι
2719 1003 2864 1071 ἡμᾶς
2897 1000 2994 1072 τὴν
3033 1002 3231 1072 ἀρετὴν
3255 1002 3352 1070 τῆς
3381 1002 3609 1069 ἁγνείας
3644 1018 3739 1053 τε·

2149 1091 2295 1154 λείας
2329 1091 2648 1162 κτήσασθαι,
2686 1095 2732 1145 εἰ
2777 1091 2851 1164 μὴ
2891 1093 3150 1162 πρότερον
3179 1093 3438 1164 ἀληθινὴν
3471 1110 3741 1146 ταπεινο-

2151 1185 2422 1254 φροσύνην
2475 1187 2532 1237 ἐν
2565 1187 2629 1254 τῇ
2688 1185 2881 1256 καρδίᾳ
2915 1184 3245 1255 κτησώμεθα
3270 1201 3283 1212 ·
3320 1183 3442 1238 οὔτε
3491 1184 3546 1237 δὲ
3582 1184 3738 1252 γνώ-

2153 1291 2288 1336 σεως
2329 1273 2562 1344 ἀληθοῦς
2616 1275 3014 1344 καταξιωθῆναι
3057 1276 3144 1342 ἐφ’
3185 1276 3307 1327 ὅσον
3347 1275 3405 1328 ἐν
3435 1277 3545 1338 τοῖς
3583 1277 3732 1327 ἀπο-

2151 1364 2377 1436 κρύφοις
2415 1367 2516 1434 τῆς
2563 1365 2742 1436 ψυχῆς
2783 1367 2840 1418 τὸ
2873 1365 3040 1429 πάθος
3071 1366 3170 1434 τῆς
3213 1365 3466 1435 πορνείας
3515 1367 3730 1433 ἐγκαθ-

2151 1458 2347 1520 έζεται.
2384 1458 2496 1510 Ἵνα
2529 1457 2584 1510 δὲ
2608 1459 2666 1511 τὸ
2695 1458 2836 1528 μέγα
2868 1457 3022 1511 τοῦτο
3059 1458 3384 1528 κατόρθωμα
3417 1459 3512 1510 καὶ
3535 1460 3601 1511 ἐκ
3632 1457 3732 1511 τοῦ

2164 1549 2478 1602 ’Λποστόλου
2507 1548 2784 1620 δείξωμεν,
2814 1551 2941 1620 μιᾶς
2982 1547 3146 1600 αὐτοῦ
3191 1547 3622 1618 ἐπιμνησθέντες
3654 1548 3740 1600 λέ-

2152 1639 2318 1704 ξεως,
2370 1641 2807 1711 καταπαύσωμεν
2850 1643 2939 1695 τὸν
2991 1639 3166 1708 λόγον.
3193 1659 3209 1690 ι
3251 1641 3504 1710 Εἰρήνην.
3572 1642 3734 1710 φησὶ,

483 1736 542 1782 ιιι
593 1729 844 1794 corporis
899 1729 1309 1797 temperantiam
1367 1744 1683 1796 servemus,
1743 1732 1837 1785 sed
1882 1735 2043 1785 etiam

2160 1732 2367 1784 διώκετε
2407 1731 2541 1802 μετά
2589 1733 2826 1796 πάντων,
2871 1734 2965 1786 καὶ
3010 1735 3099 1786 τὸν
3129 1735 3421 1804 ἀγιασμὸν,
3459 1728 3520 1787 οῦ
3559 1733 3736 1803 χωρὶς

483 1823 865 1875 eontritionem
901 1821 1104 1883 cordis,
1144 1836 1208 1874 ac
1250 1821 1562 1890 frequentes
1592 1838 1715 1876 cum
1757 1826 2047 1894 gemitibus

486 1916 764 1970 orationes
799 1914 1117 1977 fundamus;
1155 1915 1228 1968 ita
1260 1923 1318 1967 ut
1371 1907 1572 1969 nostra:
1609 1917 1790 1970 carnis
1835 1916 2044 1978 fornax,

486 2022 650 2079 quam
711 2021 806 2060 rex
863 2005 1226 2076 Babylonicus
1294 2009 1530 2062 stimulis
1591 2011 2049 2077 concupiscentia:

485 2097 728 2169 quotidie
772 2098 1040 2161 accendit,
1090 2113 1212 2153 rore
1255 2101 1556 2168 praesentiae
1587 2103 1758 2154 sancti
1814 2100 2049 2170 Spiritus

487 2189 885 2259 exstinguatur.
919 2187 998 2241 Ad
1024 2187 1138 2241 hate
1167 2187 1460 2241 maximum
1487 2188 1645 2242 nobis
1675 2189 1835 2242 telum
1861 2188 2052 2242 adver-

489 2297 586 2336 sus
635 2279 902 2348 ejusmodi
942 2279 1154 2332 hostem
1192 2280 1452 2348 suppetit,
1504 2279 1700 2348 vigilite
1747 2279 1956 2332 scilicet
1996 2279 2049 2332 in

490 2368 598 2424 Deo
623 2378 869 2424 servatae.
895 2366 1360 2434 Quemadmodum
1387 2367 1530 2420 enim
1556 2368 1780 2421 castitas
1816 2377 1869 2421 et
1899 2367 2052 2420 diur-

489 2477 557 2514 na
593 2461 838 2514 custodia
883 2468 1202 2514 nocturnam
1239 2458 1400 2528 320
1446 2468 1751 2528 praeparant
1794 2460 2053 2513 sanctita-

490 2564 631 2622 tem;
664 2554 739 2606 ita
771 2561 1048 2606 nocturnae
1079 2553 1135 2606 in
1178 2550 1286 2606 Deo
1313 2553 1509 2622 vigilia:
1535 2552 1905 2607 diurnam.....

2154 1824 2327 1888 οὐδεὶς
2359 1825 2545 1892 ὄψεται
2580 1826 2667 1877 τὸν
2739 1827 2961 1896 Κύριον.
3005 1845 3023 1876 ι
3066 1827 3187 1880 Ὅτι
3229 1828 3338 1896 γάρ
3377 1827 3506 1898 περὶ
3535 1826 3734 1878 τούτου

2155 1915 2321 1981 λέγει.
2341 1915 2495 1984 δῆλον
2517 1915 2575 1977 ἐξ
2601 1909 2674 1966 ὧν
2699 1917 2995 1984 ἐπήγαγεν,
3021 1915 3190 1968 εἰπών
3208 1933 3221 1946 ·
3250 1935 3268 1966 ι
3304 1915 3395 1984 Μή
3423 1932 3506 1977 τις
3531 1916 3736 1984 πόρνος

2161 2007 2192 2075 ἢ
2234 2006 2458 2075 βέϐηλος
2481 2007 2556 2068 ώς
2601 2006 2788 2060 Ἠσαῦ.
2831 2027 2848 2058 ι
2894 2009 3056 2059 Ὅσον
3101 2007 3279 2060 τοίνυν
3320 2006 3592 2077 οὐράνιον,
3635 2007 3735 2059 καὶ

2158 2094 2442 2162 ἀγγελικὸν
2491 2095 2724 2164 ὑπάρχει
2772 2094 2833 2147 τὸ
2869 2093 3199 2164 κατόρθωμα
3253 2093 3350 2162 τῆς
3400 2091 3732 2159 ἀγνοσύνης,

2157 2183 2408 2236 τοσοῦτον
2432 2183 2756 2254 βαρυτέραις
2779 2183 2926 2254 παρά
2951 2182 3058 2235 τῶν
3083 2181 3390 2234 ἀντιπάλων
3414 2180 3735 2242 ἐπιϐουλαῖς

2159 2274 2490 2344 πολεμεῖται.
2528 2275 2635 2326 Kal.
2661 2273 2848 2325 τούτου
2887 2275 3044 2344 χάριν
3084 2273 3399 2336 σπουδάζειν
3441 2271 3734 2339 ὀφείλομεν

2155 2366 2216 2417 ού
2243 2365 2402 2435 μόνον
2427 2365 2750 2435 ἐγκράτειαν
2777 2365 3025 2434 σώματος
3055 2366 3263 2429 ἀσκεῖν,
3305 2364 3440 2417 ἀλλά
3477 2365 3573 2416 καὶ
3611 2380 3737 2414 συν-

2159 2457 2348 2529 τριῦὴν
2379 2457 2624 2527 καρδίας,
2686 2457 2780 2510 καὶ
2831 2460 3038 2520 πυκνάς
3085 2457 3388 2529 προσευχὰς
3432 2457 3575 2525 μετὰ
3615 2471 3740 2506 στε-

2161 2549 2422 2622 ναγμῶνο
2453 2549 2593 2602 ὥστε
2641 2549 2737 2620 τὴν
2759 2550 2988 2621 κάμινον
3036 2551 3136 2622 τῆς
3186 2551 3460 2621 ἡμετέρας
3505 2546 3732 2619 σαρκὸς,

489 2647 556 2716 ῆν
605 2648 633 2699 ὁ
671 2644 1009 2706 Βαϐυλώνιος
1049 2643 1299 2713 βασιλεὺς
1339 2647 1450 2705 τοῖς
1501 2646 1599 2715 τῆς
1633 2645 1922 2713 ἐπιθυμίας
1973 2644 2277 2715 ἐρεθισμοῖς
2321 2642 2440 2696 καθ’
2479 2642 2713 2712 ἑκάστην
2756 2643 3005 2706 ἀνάπτει,
3059 2646 3124 2713 τῇ
3161 2642 3337 2713 δρόσῳ
3383 2642 3482 2712 τῆς
3528 2655 3736 2710 παρουο

492 2739 609 2802 σίας
656 2738 747 2790 τοῦ
797 2737 950 2805 ἁγίου
986 2735 1302 2805 Πνεύματος
1350 2735 1772 2806 ἀποσϐεσθῆναι.
1813 2735 1955 2808 Πρὸς
1997 2737 2053 2789 δὲ
2089 2737 2297 2800 τούτοις
2330 2737 2584 2807 μέγιστον
2615 2739 2746 2808 ἡμῖν
2787 2736 2946 2790 ὅπλον
2982 2736 3119 2806 πρὸς
3141 2736 3235 2787 τὸν
3288 2733 3547 2804 πολέμιον
3612 2730 3734 2786 τοῦ·

490 2854 578 2889 τον
604 2834 936 2904 καθέστηκεν
965 2835 996 2904 ἠ
1027 2832 1167 2886 κατά
1196 2832 1327 2884 Θεὸν
1377 2833 1670 2903 ἀγρυπνία.
1709 2833 1914 2905 ’Ὠσπερ
1941 2833 2048 2903 γὰρ
2087 2836 2119 2904 ἡ
2151 2834 2364 2901 ἁγνεία,
2399 2835 2491 2886 καὶ
2527 2835 2558 2904 ἡ
2596 2833 2960 2903 παραφυλακὴ
2995 2833 3092 2902 τῆς
3147 2832 3358 2902 ἡμέρας
3388 2831 3486 2901 τὴν
3538 2847 3734 2882 νυκτε-

492 2931 643 3001 ρινὴν
678 2925 1182 3000 παρασκευάζουσιν
1219 2926 1532 2996 ἀγιοσύνην,
1568 2926 1736 2989 οῦτως
1770 2928 1802 2996 ἡ
1833 2928 2116 2997 νυκτερινὴ
2149 2927 2286 2980 κατά
2316 2927 2447 2980 Θεὸν
2481 2928 2755 2998 ἀγρυπνία
2779 2929 2878 2998 τὴν
2915 2927 3181 2997 ἡμερινὴν
3209 2928 3346 2996 τῇ...

563 3026 616 3078 5.
653 3023 763 3095 (9i)
799 3021 1040 3076 Tertium
1070 3021 1228 3075 nobis
1259 3033 1343 3074 est
1374 3029 1647 3073 certamen
1683 3028 1872 3074 contra
1897 3021 2053 3089 spiri-

2230 3021 2281 3074 5.
2315 3021 2506 3092 Τρίτος
2530 3023 2672 3074 ἐστὶν
2689 3024 2821 3092 ἡμῖν
2842 3019 2989 3088 ἀγὼν
3019 3019 3159 3072 κατά
3179 3021 3272 3072 τοῦ
3298 3019 3611 3088 πνεύματος
3640 3021 3702 3088 τί
3712 3037 3736 3081 ς

489 3129 603 3172 tum
656 3117 896 3170 avaritiae
928 3129 941 3166 :
978 3123 1294 3168 extraneum
1335 3119 1418 3167 est
1464 3113 1777 3182 hujusmodi
1828 3113 2047 3176 bellmn,

489 3224 554 3262 ac
589 3216 742 3261 extra
774 3215 1025 3260 naturam
1060 3219 1182 3258 esse
1210 3203 1651 3272 deprehenditur,
1683 3214 1844 3273 atque
1879 3206 2054 3260 incre-

493 3299 738 3352 dulitatis
784 3298 1075 3351 occasione
1129 3297 1395 3351 monacho
1441 3299 1726 3370 contingit.
1765 3298 2054 3355 Enimvero

495 3391 725 3444 aliorum
759 3388 1047 3441 all‘ectuum
1099 3388 1329 3450 stimuli,
1364 3389 1458 3444 irae
1508 3390 1718 3444 scilicet
1757 3397 1811 3444 et
1846 3405 2052 3444 concu-

493 3483 791 3552 piscentia',
823 3496 890 3534 ex
918 3495 1149 3546 corpore
1178 3481 1520 3535 occasionem
1554 3481 1754 3535 habere
1782 3480 2052 3545 videntur,

493 3589 556 3626 ac
586 3571 985 3642 quodammodo
1029 3572 1178 3625 insiti
1230 3582 1377 3636 sunt,
1409 3580 1462 3626 et
1494 3588 1560 3626 ex
1589 3571 1874 3626 nativitate
1907 3575 2056 3641 prin-

493 3665 696 3734 cipium
729 3665 928 3718 habent
956 3680 970 3718 :
1006 3678 1127 3733 qua
1173 3678 1338 3718 causa
1374 3672 1457 3720 est
1490 3673 1548 3718 ut
1581 3665 1798 3719 nonnisi
1845 3665 2057 3718 diutino

494 3767 736 3827 tempore
789 3767 1135 3826 superentur.
1169 3759 1427 3812 Avaritia
1479 3765 1658 3811 autem
1697 3758 1920 3812 morbus
1964 3775 2057 3812 ex-

493 3850 770 3906 trinsecus
813 3851 1108 3906 adveniens
1156 3851 1371 3905 facilius
1414 3851 1659 3908 exscindi
1695 3858 1891 3917 potest,
1927 3851 2054 3903 dum

495 3944 638 3996 adsit
671 3958 801 3996 cura
839 3951 892 3996 et
927 3944 1094 3996 animi
1129 3943 1376 3996 attentio.
1409 3943 1475 3994 At
1510 3943 1554 3996 si
1581 3943 1904 4011 negligatur,
1932 3930 2057 4011 per-

495 4035 757 4088 niciosior
811 4035 934 4089 aliis
988 4033 1272 4088 aﬂectilius
1327 4041 1430 4094 est,
1483 4040 1646 4102 atque
1690 4035 2058 4089 exsecrandus

493 4127 720 4180 evadit:
766 4141 888 4179 nam
938 4125 1092 4178 radix
1139 4124 1382 4178 omnium
1449 4125 1713 4177 Inalorum
1769 4131 1853 4178 cst
1901 4125 2058 4193 juxta

493 4215 814 4284 Apostolum
852 4215 916 4269 ".
958 4213 1158 4268 Verum
1207 4214 1308 4267 hac
1343 4214 1556 4267 ratione
1595 4215 1697 4266 ista
1747 4216 2062 4270 considere-

495 4322 639 4362 mus.
672 4306 782 4374 (92)
818 4303 1104 4359 Naturales
1136 4305 1382 4373 corporis
1429 4314 1609 4358 motus
1649 4320 1757 4358 non
1791 4307 1966 4360 solum
2007 4308 2060 4360 in

2164 3111 2553 3182 φιλαργυρίας·
2591 3109 2735 3175 ξένος
2763 3106 2916 3173 οὗτος
2949 3112 2977 3162 ὁ
3003 3109 3256 3180 πόλεμος,
3287 3111 3378 3161 καὶ
3409 3109 3610 3173 ἔξωθεν
3637 3110 3734 3176 τῇς

2165 3202 2378 3271 φύσεως
2433 3203 2846 3274 γνωριζόμενος,
2883 3201 2940 3269 ἐξ
2982 3202 3237 3263 ἀπιστίας
3265 3200 3341 3270 τῷ
3382 3200 3599 3272 μοναχῷ
3639 3203 3734 3272 τὴν

2163 3295 2414 3365 ἀφορμὴν
2447 3295 2732 3366 εὑρίσκων.
2778 3295 2884 3348 Καὶ
2911 3294 3016 3364 γὰρ
3057 3295 3150 3347 καὶ
3187 3294 3292 3347 τῶν
3318 3293 3490 3346 ἀλλων
3523 3295 3734 3354 παθῶν,

2166 3385 2338 3456 θυμοῦ
2368 3386 2508 3454 λέγω
2537 3387 2628 3439 καὶ
2674 3385 2986 3456 ἐπιθυμίας,
3023 3388 3072 3438 oi
3099 3386 3378 3456 ἐρεθισμοὶ
3407 3388 3471 3438 ἐκ
3499 3386 3594 3438 τοῦ
3633 3386 3734 3437 σώ-

2169 3496 2333 3548 ματος
2353 3477 2596 3532 δοκοῦσιν
2621 3478 2760 3548 ἔχειν
2806 3479 2903 3541 τάς
2947 3478 3219 3549 ἀφορμὰς,
3260 3479 3354 3531 καὶ
3383 3479 3582 3548 τρόπον
3614 3477 3734 3530 τινὰ

2165 3570 2240 3633 ὼς
2270 3569 2502 3641 ἔμφυτα,
2529 3570 2620 3623 καὶ
2643 3571 2749 3623 ἀπὸ
2762 3570 3027 3638 γενέσεως
3043 3570 3233 3639 ἔχοντα
3259 3571 3356 3638 τὴν
3379 3571 3554 3640 ἀρχήν
3573 3587 3586 3599 ο
3614 3570 3732 3623 ὅθεν

2168 3662 2260 3715 καὶ
2283 3661 2369 3714 διὰ
2393 3659 2605 3732 μακροῦ
2636 3661 2828 3731 χρόνου
2862 3661 3138 3714 νικῶνται.
3183 3661 3246 3712 Ἡ
3265 3660 3320 3712 δέ
3347 3660 3446 3729 τῆς
3472 3660 3735 3730 φιλαργυο

2170 3754 2290 3824 ρίας
2341 3754 2493 3816 νόσος
2537 3753 2730 3818 ἔξωθεν
2784 3754 3122 3824 ἐπερχομένη
3165 3754 3548 3824 εὐχερέστερον
3582 3754 3732 3805 ἐκκό-

2168 3843 2394 3895 πτεσθαι
2421 3843 2660 3907 δύναται,
2693 3846 2740 3896 εἰ
2776 3845 3090 3914 ἐπιμελείας
3122 3845 3274 3914 τύχοι
3307 3847 3400 3898 καὶ
3429 3846 3730 3916 προσοχῆς·

2168 3932 2500 4003 ἀμεληθεῖσα
2552 3933 2609 3986 δὲ
2653 3933 3008 4006 όλεθριωτέρα
3063 3935 3172 3987 τῶν
3218 3934 3392 3989 ἀλλων
3423 3936 3610 3988 παθών
3645 3936 3732 3988 κΛ

2171 4023 2571 4094 συναπόόλητος
2604 4024 2848 4092 γίνεται·
2883 4027 3007 4097 ῥίζα
3043 4027 3151 4098 γὰρ
3186 4027 3401 4080 πάντων
3421 4027 3528 4081 τῶν
3555 4029 3733 4082 κακῶν

2170 4118 2285 4168 ἐστι
2347 4119 2488 4169 κατά
2540 4118 2630 4170 τὸν
2671 4115 3008 4172 ’Λπόστολον.
3065 4119 3434 4190 Σκοπήσωμεν
3473 4121 3530 4173 δέ
3561 4121 3733 4177 οῦτω.

2170 4206 2276 4259 Τοῦ
2329 4205 2577 4278 σώματος
2622 4209 2676 4260 αἱ
2725 4211 2948 4278 φυσικαὶ
2991 4213 3233 4282 κινήσεις
3257 4213 3316 4262 ού
3354 4211 3508 4280 μόνον
3540 4213 3597 4263 ὲν
3627 4215 3731 4273 τοῖς

2169 4301 2327 4352 παισὶ
2375 4299 2724 4370 θεωροῦνται,
2755 4302 2812 4352 ἐν
2845 4296 2924 4364 οἷς
2947 4300 3098 4354 οὔπω
3129 4302 3416 4369 διάγνωσις
3451 4302 3656 4370 ἀγαθοῦ
3681 4319 3730 4354 τε

498 4397 682 4464 pueris
729 4395 1168 4464 conspiciuntur,
1212 4396 1266 4448 in
1314 4395 1514 4464 quibus
1552 4397 1796 4448 nondum
1839 4404 1922 4450 est
1954 4397 2053 4452 dis-

2170 4393 2261 4444 καὶ
2289 4393 2458 4446 κακοῦ
2507 4394 2782 4464 τυγχάνει,
2830 4395 2966 4448 ἀλλά
3010 4397 3102 4448 καὶ
3131 4397 3186 4448 ἐν
3222 4399 3333 4457 τοῖς
3380 4395 3730 4466 βραχυτάτοις

495 4484 668 4536 cretio
701 4484 825 4537 boni
855 4495 908 4537 et
936 4484 1084 4545 mali,
1120 4484 1213 4537 sed
1246 4484 1433 4544 etiam.
1463 4485 1708 4554 inquam,
1741 4485 1980 4538 minimis
2010 4494 2064 4540 ct

495 4573 823 4627 lactentibus
852 4571 1172 4634 infantibus,
1205 4573 1318 4642 qui,
1350 4587 1472 4625 cum
1508 4574 1744 4628 carnalis
1773 4575 2064 4643 voluptatis

494 4681 566 4722 ne
587 4667 870 4736 vestigium
900 4666 1117 4734 quidem
1160 4667 1414 4729 habeant,
1449 4666 1503 4721 in
1537 4682 1701 4722 carne
1731 4676 1910 4722 tamen
1943 4684 2062 4721 mo-

495 4766 608 4811 turi
643 4757 922 4813 exhibent.
954 4756 1051 4810 Ira!
1081 4757 1335 4812 similiter
1367 4759 1622 4814 stimulus
1665 4760 1718 4813 in
1761 4759 2061 4814 infantibus

495 4857 796 4918 cuniparet.
821 4848 912 4902 ubi
940 4849 1060 4904 illos
1084 4849 1345 4903 adversus
1369 4865 1465 4904 eos
1497 4851 1590 4913 qui
1621 4851 1724 4905 sibi
1757 4852 2058 4906 molestiam

495 4947 685 4993 creant
730 4946 1032 5003 commotos
1065 4941 1360 4994 cemimus.
1411 4939 1536 4996 llaec
1573 4955 1736 5010 porro
1769 4943 1914 5007 dico,
1950 4958 2059 4996 non

495 5043 605 5098 quo
632 5037 838 5084 natura:
870 5037 928 5084 ut
965 5032 1172 5100 peccati
1223 5047 1405 5086 causa:
1434 5033 1726 5100 convicier,
1762 5036 1902 5088 absit
1928 5036 1939 5086 !
1969 5034 2065 5088 sed

498 5128 558 5172 ut
590 5123 895 5185 ostendam,
930 5125 1145 5178 tametsi
1179 5124 1260 5177 ira
1301 5133 1355 5179 et
1383 5125 1828 5195 concupiscentia
1860 5125 2065 5180 homini

499 5227 528 5264 a
553 5222 802 5269 creatore
846 5215 956 5270 Deo
1002 5217 1069 5270 ad
1105 5217 1305 5270 bonum
1341 5219 1552 5272 collata:
1584 5227 1733 5282 sunt,
1779 5219 1952 5274 videri
1987 5229 2068 5272 ta-

499 5319 622 5358 men
648 5322 771 5359 emn
803 5308 1204 5377 quodammodo
1227 5325 1288 5364 ex
1315 5311 1561 5378 corporis
1577 5319 1770 5364 natura
1787 5312 1843 5364 in
1865 5326 1927 5365 ea
1949 5325 2070 5380 quae

567 5462 614 5492 ⁸⁸
655 5461 820 5518 llebr.
857 5478 967 5529 xu,
1010 5465 1092 5518 14.

573 5637 682 5710 (9i)
709 5640 953 5697 Cassian.
988 5642 1222 5698 qutilut.
1259 5643 1293 5698 Ι,
1323 5659 1416 5707 γιι,
1449 5659 1494 5696 c.
1541 5643 1586 5707 l,
1619 5642 1671 5698 9..
1704 5695 1705 5698 η

1170 5465 1216 5496 ⁸⁸
1258 5462 1386 5519 ihid.
1428 5465 1512 5519 l6.
1567 5461 1636 5499 ’⁸¹
1675 5465 1693 5519 1
1731 5467 1872 5526 Tim.
1909 5484 1997 5534 vt,
2036 5471 2122 5525 10.

2168 4484 2262 4536 καὶ
2277 4485 2968 4556 γαλουχουμένοιςνηπίοις,
3006 4489 3180 4546 ἅτινα.
3209 4487 3342 4558 μηδὲ
3376 4489 3519 4557 ἴχνος
3551 4485 3731 4555 ἔχοντα

2169 4575 2436 4645 σαρκικῆς
2477 4576 2691 4645 ἡδονῆς,
2741 4577 2888 4645 ὅμως
2917 4579 2973 4629 ἐν
3004 4580 3068 4648 τῇ
3103 4577 3264 4648 σαρκὶ⁷
3299 4577 3621 4646 σημαίνουσι
3652 4578 3732 4628 κί-

2167 4681 2340 4735 νησιν.
2379 4666 2607 4736 Ὁμοίως
2638 4668 2730 4720 καὶ
2758 4667 2850 4720 τοῦ
2885 4667 3056 4738 θυμοῦ
3088 4669 3148 4720 τὸ
3174 4669 3394 4738 κέντρον
3432 4670 3488 4719 ἐν
3518 4671 3628 4728 τοῖς
3649 4686 3732 4738 νη-

2167 4759 2310 4821 πίοις
2341 4758 2643 4830 θεωρεῖται,
2672 4761 2798 4813 ὃταν
2826 4761 3222 4832 συγκινούμενα
3245 4760 3418 4812 ταῦτα
3445 4759 3582 4830 πρὸς
3613 4762 3732 4821 τοὺς

2167 4848 2533 4919 λελυπηκότας
2560 4851 2792 4921 ὁρῶμεν.
2825 4853 2933 4904 Καὶ
2960 4852 3128 4904 ταῦτα
3165 4851 3326 4919 λέγω,
3358 4853 3417 4903 οὐ
3446 4852 3547 4920 τὴν
3577 4851 3731 4918 φύσιν

2168 4942 2427 5007 κακίζων,
2470 4943 2544 5006 ὡς
2583 4945 2853 5014 ἁμαρτίας
2881 4946 3082 5002 αἰτίαν.
3113 4945 3186 5015 μὴ
3217 4945 3454 5012 γένοιτοῖ
3491 4943 3606 4996 ἀλλ’
3652 4944 3730 4995 ἵνα

2167 5035 2346 5102 δείξω,
2368 5037 2448 5088 ὅτι
2485 5035 2654 5106 θυμὸς
2691 5037 2787 5108 μὲν
2823 5043 2915 5091 καὶ
2934 5040 3214 5107 ἐπιθυμια,
3239 5038 3285 5089 εί
3311 5037 3404 5088 καὶ
3431 5037 3518 5089 ἐπ’
3551 5035 3731 5106 ἀγαθῷ

2171 5130 2319 5199 παρά
2347 5129 2439 5182 τοῦ
2478 5129 2612 5182 Θεοῦ
2655 5131 2748 5183 τοῦ
2789 5130 3119 5202 δημιουργοῦ
3181 5129 3620 5200 συνεζεύχθησαν
3661 5130 3729 5198 τῷ

2173 5220 2461 5291 ἀνθρώπῳ,
2498 5221 2624 5274 ἀλλ’
2647 5219 2738 5276 οῦν
2760 5241 2820 5292 γε
2837 5224 2982 5276 δοκεῖ
3002 5241 3115 5285 πως
3143 5225 3205 5275 ἐκ
3232 5223 3339 5276 τῶν
3368 5223 3612 5291 φυσικῶν
3643 5219 3728 5272 τοῦ

2174 5311 2423 5381 σώματος
2454 5315 2532 5374 εἰς
2561 5314 2628 5366 τά
2650 5314 2797 5385 παρά
2830 5315 2991 5383 φύσιν
3014 5315 3097 5367 διὰ
3126 5314 3392 5386 ῥᾳθυμίας
3429 5316 3726 5368 ἐκπίπτειν.

2237 5641 2347 5713 (oe)
2384 5641 2514 5698 Ibid.
2543 5658 2592 5696 c.
2624 5644 2672 5695 3.
