3856 6206
139 367 241 426 881

1225 371 1558 430 EPISTOLA
1595 373 1643 430 ll
1678 371 1772 429 ΔΙ)
1807 373 2201 434 CASTOREM.

3270 380 3377 439 883

142 487 254 543 Καὶ
284 488 393 558 γὰρ
441 488 474 558 ἡ
517 487 611 542 τοῦ
649 489 896 561 σώματος
949 491 1157 564 κίνησις
1199 493 1338 567 πρὸς
1368 495 1713 565 τεκνογονίαν

1832 504 2011 567 praeter
2040 509 2293 555 naturam
2328 508 2455 556 sunt
2481 500 2711 570 segnitie
2740 516 2838 556 sua
2862 500 3058 556 delabi.
3091 499 3228 555 Nam
3256 516 3380 556 cor-

140 579 236 631 καὶ
261 576 509 648 διαδοχὴν
531 577 625 631 τοῦ
662 579 851 649 γένους
878 581 1156 655 διαμονῆς,
1190 584 1252 638 οὐ
1297 586 1431 657 πρὸς
1456 586 1710 659 πορνείαν

141 668 250 722 ὑπὸ
280 667 375 723 τοῦ
399 671 741 741 Δημιουργοῦ
767 672 918 745 ἐδόθη
945 690 958 703 ·
989 675 1080 728 καὶ
1115 678 1147 747 ἡ
1174 676 1264 731 τοῦ
1292 677 1464 748 θυμοῦ
1499 679 1713 749 κίνησις

142 760 505 831 σωτηριωδῶς
558 764 687 833 ἡμῖν
730 765 1188 840 ὲγκατέσπαρται,
1230 768 1369 823 ὥστε
1412 770 1712 841 θυμοῦσθαι

141 851 287 904 κατὰ
314 851 413 922 τῆς
442 853 735 926 ἁμαρτίας,
774 856 834 908 οὐ
870 857 976 928 μὴν
1007 859 1142 930 πρὸς
1168 859 1230 913 τὸ
1258 862 1528 931 ὁμόφυλον
1550 861 1715 935 ὲκθη-

140 942 415 1013 ριοῦσθαι.
469 947 542 999 Οὐ
570 945 767 1012 τοίνυν,
821 950 870 1001 εί
916 950 1100 1016 κακῶς
1125 953 1350 1018 ταύταις
1376 956 1711 1027 κεχρήμεθα,

135 1035 468 1107 ἁμαρτωλὸς
505 1040 537 1107 ἡ
593 1038 773 1109 φύσις,
831 1040 864 1111 ἢ
913 1043 1004 1097 τὸν
1041 1044 1283 1118 πλάστην
1320 1048 1712 1120 αίτιασώμεθα,

136 1124 336 1199 ὥσπερ
392 1130 511 1184 οὐδὲ
555 1131 645 1186 τὸν
690 1134 960 1190 δεδωκότα
1004 1138 1218 1210 σίδηρον
1247 1140 1383 1212 πρὸς
1409 1141 1713 1209 ἀναγκαίαν

137 1224 239 1276 καὶ
260 1221 510 1295 λυσιτελῆ
539 1224 748 1296 χρείαν,
788 1229 836 1281 εί
875 1229 903 1280 ὁ
926 1228 1214 1299 δεξάμενος
1253 1231 1387 1303 πρὸς
1412 1233 1586 1300 φόνων
1612 1234 1707 1287 ὐπ-

136 1315 376 1385 ηρεσίαν
406 1315 579 1387 τούτῳ
608 1318 896 1391 ἐχρήσατο.
929 1320 1111 1375 Ταῦτα
1140 1322 1195 1376 δὲ
1211 1324 1529 1395 εἰρήκαμεν,
1547 1324 1716 1391 δεῖξαι

142 1403 483 1475 βουλόμενοι,
507 1407 589 1460 ὅτι
617 1407 677 1460 τὸ
700 1408 800 1478 τῆς
823 1410 1373 1483 φιλαργυρίαςπάθος
1395 1416 1494 1468 οὐκ
1523 1418 1588 1470 ἐκ
1608 1417 1716 1470 τῶν

141 1494 400 1565 φυσικῶν
446 1498 711 1568 κινήσεων
756 1500 856 1571 τὴν
897 1502 1068 1573 ἀρχὴν
1117 1504 1247 1575 ἔχει,
1295 1505 1408 1558 ἀλλ’
1448 1509 1511 1560 ἐκ
1551 1507 1718 1578 μόνης

141 1587 349 1651 κακίας
382 1588 476 1643 καλ
506 1590 905 1662 διεφθαρμένης
934 1594 1323 1665 προαιρέσεως.
1353 1597 1502 1669 Αῦτη
1548 1599 1657 1671 γὰρ
1682 1603 1717 1672 ή

140 1675 325 1741 νόσος,
356 1676 484 1731 ὅταν
511 1676 738 1749 χλιαράν
763 1682 855 1734 καὶ
877 1683 1102 1737 ἄπιστον
1135 1687 1193 1738 ὲν
1212 1687 1352 1758 ἀρχῇ
1385 1690 1484 1759 τῆς
1517 1690 1718 1743 ἀποτα-

140 1766 253 1837 γῆς
288 1767 428 1842 εὕρῃ
467 1768 662 1842 ψυχὴν,
713 1772 924 1838 δικαίας
957 1775 1109 1839 τινὰς
1145 1777 1238 1830 καὶ
1265 1779 1326 1832 τὸ
1369 1778 1541 1834 δοκεῖν
1570 1781 1720 1835 εὐλό-

142 1835 281 1927 γους
315 1835 918 1932 πᾷφάσειςύποόάλλει
937 1868 1075 1937 πρὸς
1089 1835 1161 1922 *τὸ
1193 1875 1482 1943 κατασχεῖν
1507 1874 1562 1927 τί
1589 1891 1718 1928 ποτε
1746 1835 1793 1890 Β

142 1948 225 2007 ὧν
254 1954 549 2027 κέκτηται·
584 1957 888 2031 ὑπογράφει
937 1961 1047 2033 γὰρ
1078 1964 1218 2018 κατὰ
1241 1965 1477 2020 διάνοιαν
1514 1967 1592 2039 τῷ
1627 1986 1723 2040 μο-

143 2045 300 2117 ναχῷ
348 2046 526 2118 γῆρας
581 2050 811 2122 μακρὸν,
866 2054 959 2106 καὶ
1014 2055 1295 2110 ἀσθένειαν
1331 2058 1599 2130 σώματος,
1631 2062 1723 2114 καί

142 2137 231 2189 ὅτι
281 2138 341 2189 αἱ
382 2137 654 2208 διδόμεναι
681 2143 860 2212 χρεῖαι
890 2143 955 2195 ὲκ
997 2143 1090 2197 τοῦ
1127 2146 1393 2199 κοινοόίου
1443 2146 1541 2200 οὐκ
1585 2149 1723 2201 εἰσιν

148 2226 339 2278 ἱκαναὶ
384 2227 522 2297 πρὸς
552 2229 903 2301 παραμυθίαν
927 2248 940 2261 ·
981 2232 1042 2285 οὐ
1076 2232 1220 2302 λέγω
1248 2234 1578 2301 ἀσθενοῦντι,
1610 2236 1723 2290 ἀλλ’

141 2316 276 2370 οὐδὲ
331 2317 654 2386 ὑγιαίνοντιο
711 2321 809 2374 καὶ
870 2322 952 2376 ὅτι
1005 2324 1236 2379 ἐνταῦθα
1268 2327 1328 2380 οὐ
1366 2327 1572 2396 γίνεται
1605 2329 1724 2383 κατ’

144 2408 317 2476 ἀξίαν
359 2412 578 2482 φροντὶς
612 2415 724 2477 τοῖς
754 2412 1089 2482 ἀσθενοῦσιν,
1131 2418 1268 2472 ἀλλά
1297 2421 1390 2474 καὶ
1419 2422 1560 2475 πάνυ
1592 2425 1729 2494 ἡμε-

146 2502 391 2573 λημένη,
425 2505 521 2557 καὶ
546 2504 643 2570 ὡς,
685 2508 735 2558 εί
789 2507 863 2577 μὴ
899 2507 1011 2579 ἔχει
1065 2511 1554 2584 ἀποκεκρυμμένον
1598 2533 1729 2588 χρυ-

151 2597 295 2663 σίον,
330 2597 526 2663 ἀθλίως
552 2601 854 2658 ἀπολεῖται.
887 2604 1205 2661 Τελευταῖον
1233 2607 1291 2662 δὲ
1332 2609 1619 2664 ὑποϐάλλει
1653 2612 1727 2683 μὴ

148 2687 420 2744 δύνασθαι
445 2691 626 2776 μένειν
650 2697 742 2748 ἐπὶ
773 2696 906 2751 πολύ
944 2700 1001 2752 ὲν
1028 2699 1106 2770 τῷ
1138 2702 1481 2774 μοναστηρίῳ
1519 2703 1606 2757 διὰ
1631 2703 1729 2776 τὴν

152 2780 444 2853 βαρύτητα
464 2774 589 2836 τῶν
606 2784 782 2856 ἔργων
811 2789 904 2842 καὶ
924 2791 1022 2862 τὴν
1057 2791 1155 2844 τοῦ
1184 2793 1386 2865 πατρὸς
1425 2774 1727 2866 ἀκρίϐειαν.

150 2871 272 2923 Καὶ
299 2872 389 2924 ὅτε
407 2875 529 2937 ταῖς
551 2874 827 2940 τοιαύταις
860 2877 1219 2949 ὲνθυμήσεσιν
1246 2882 1603 2955 ἀποπλανήσῃ
1631 2884 1732 2954 τὴν

148 2964 424 3030 διάνοιαν,
458 2966 593 3037 πρὸς
622 2967 683 3021 τὸ
714 2968 817 3022 κᾶν
844 2969 902 3023 ἓν
939 2970 1189 3043 δηνάριον
1215 2977 1525 3046 κατασχεῖν,
1560 2974 1620 3028 τὸ
1638 2993 1728 3047 τη-

153 3054 396 3109 νικαῦτα
427 3056 599 3111 πείθει
621 3059 782 3113 αὐτὸν
810 3062 902 3114 καὶ
924 3063 1235 3134 ὲργόχειρον
1258 3064 1432 3137 λάθρα
1462 3066 1556 3120 τοῦ
1591 3067 1734 3121 ἀδὸᾶ

1812 590 1962 662 poris
1986 603 2168 646 motus
2196 591 2264 646 ad
2295 593 2591 647 liberorum
2626 593 3079 663 procreationem,
3109 601 3164 649 et
3189 594 3255 648 ad
3287 609 3380 664 ge-

1813 683 1962 738 neris
2006 683 2230 738 humani
2285 685 2694 741 successionem
2740 685 3082 750 continuam,
3146 699 3255 742 non
3312 688 3378 739 ad

1815 774 2204 830 scortationem
2232 791 2262 829 a
2290 776 2549 832 Creatore
2576 777 2740 832 datus
2760 784 2866 840 est,
2894 784 2949 832 et
2968 777 3063 832 ira:
3086 780 3382 833 commotio

1813 864 1883 919 ad
1913 867 2142 923 salutem
2171 867 2329 923 nobis
2363 868 2526 924 insita
2565 874 2686 933 est,
2726 875 2788 922 ut
2807 867 3067 923 adversus
3097 876 3382 938 peccatum

1815 956 2138 1020 irascamur,
2165 974 2274 1013 non
2308 969 2367 1013 ut
2406 961 2669 1018 adversus
2698 975 3061 1033 congeneretn
3102 960 3264 1014 nobis
3299 959 3383 1012 fn-

1814 1062 1941 1103 rore
1972 1051 2332 1106 concitemur.
2364 1052 2477 1123 (95)
2506 1054 2563 1109 Si
2587 1068 2715 1124 ergo
2737 1054 2806 1111 iis
2838 1068 3122 1125 perperam
3154 1053 3379 1115 utimur,

1814 1156 2162 1211 nequaquam
2189 1143 2313 1199 ideo
2342 1153 2531 1214 peccat
2556 1155 2770 1211 natura,
2790 1162 2967 1217 neque
2986 1145 3107 1202 ideo
3134 1145 3380 1216 opiﬁcem

1817 1232 2166 1302 iucusemus;
2197 1236 2338 1292 sicut
2367 1252 2469 1292 nec
2505 1253 2630 1293 eum
2661 1238 2754 1309 qui
2788 1238 2840 1292 in
2871 1252 2985 1293 rem
3015 1237 3381 1293 necessariam

1816 1333 1869 1378 et
1895 1325 2080 1381 utilem
2116 1326 2321 1382 ferrum
2360 1328 2529 1397 dedit,
2560 1331 2606 1385 si
2643 1330 2691 1385 is
2728 1331 2821 1401 qui
2865 1329 3072 1398 accepit
3101 1329 3167 1383 ad
3207 1327 3383 1382 caedes

1819 1418 2208 1486 perpetrandas
2226 1433 2291 1473 eo
2320 1427 2522 1474 utatur.
2556 1419 2681 1476 Haec
2711 1435 2839 1475 vero
2864 1421 3101 1475 diximus
3118 1427 3178 1474 ut
3201 1428 3385 1474 osten-

1818 1504 2093 1573 deremus,
2150 1508 2394 1564 avaritiae
2432 1508 2686 1564 affectum
2732 1524 2841 1564 non
2867 1526 2935 1566 ex
2965 1510 3197 1564 naturali
3232 1522 3385 1563 motu

1820 1596 2032 1653 initium
2068 1600 2289 1661 habere.
2337 1601 2431 1656 sed
2459 1618 2524 1657 ex
2557 1604 2672 1658 sola
2704 1602 2933 1667 malitia,
2954 1610 3008 1657 et
3028 1617 3095 1656 ex
3128 1610 3387 1671 corrupto

1819 1690 2118 1761 proposito.
2160 1690 2272 1763 (94)
2321 1691 2643 1762 Hujusmodi
2698 1707 2932 1763 namque
2978 1694 3204 1748 morbus
3262 1709 3386 1747 cum

1818 1780 2055 1850 tepidam
2106 1789 2162 1837 et
2228 1784 2561 1840 incredulam
2615 1786 2775 1841 initio
2824 1801 3077 1842 secessus
3150 1785 3386 1838 animam

1821 1872 2104 1939 repererit,
2131 1873 2311 1942 justas
2351 1874 2639 1944 quasdam,
2670 1890 2734 1931 ac
2760 1876 2944 1946 specie
2969 1875 3188 1947 quidem
3218 1875 3388 1929 ratio-

1820 1960 2032 2017 nabiles
2070 1977 2269 2018 causas
2299 1965 2543 2034 subjicit,
2580 1974 2641 2020 ut
2668 1967 2948 2039 quidpiam
2975 1982 3042 2022 ex
3075 1966 3388 2037 possessio-

1822 2052 1986 2108 nibus
2037 2053 2273 2110 retinere
2305 2055 2531 2111 suadeat
2563 2072 2578 2108 :
2620 2057 2874 2112 monachi
2903 2057 3046 2113 enim
3090 2057 3276 2111 animo
3305 2071 3392 2110 re-

1823 2151 2117 2214 prtesentat
2161 2145 2375 2216 longam
2412 2155 2768 2210 senectutem,
2797 2155 2852 2203 et
2879 2147 3127 2218 corporis
3160 2147 3391 2201 inﬁrmi-

1825 2242 1992 2288 tatem
2026 2253 2040 2287 :
2071 2236 2214 2305 quod
2247 2252 2373 2306 quae
2393 2238 2461 2291 ad
2484 2238 2864 2294 necessitatem
2889 2240 2945 2293 in
2976 2239 3229 2294 cmnobio
3256 2239 3395 2292 dan-

1824 2335 1936 2393 tur,
1963 2327 2098 2383 satis
2141 2327 2209 2381 ad
2250 2330 2676 2385 consolationem
2708 2346 2814 2385 non
2861 2331 2992 2394 sint,
3036 2345 3148 2385 non
3177 2330 3395 2385 inﬁrmo

1826 2418 2026 2483 solum,
2067 2419 2164 2475 sed
2197 2435 2372 2490 neque
2413 2423 2671 2477 incolumi
2707 2442 2725 2478 :
2771 2423 2916 2495 quod
2953 2423 3027 2478 ibi
3056 2438 3166 2477 non
3201 2422 3396 2477 idonea

1828 2511 2167 2566 infirmorum
2214 2513 2524 2568 sollicitudo
2555 2521 2799 2585 geratur,
2844 2515 2938 2570 sed
2984 2514 3127 2584 quod
3164 2513 3395 2567 multum

1828 2604 2195 2673 negligantur,
2245 2604 2381 2660 adeo
2410 2612 2489 2672 ut,
2523 2607 2570 2661 si
2618 2607 2752 2660 nihil
2786 2605 2905 2660 auri
2938 2605 3079 2660 clam
3121 2612 3393 2675 suppetat,

1830 2695 2029 2750 misere
2051 2696 2431 2752 intereundum
2461 2697 2550 2752 sit.
2578 2696 2802 2752 Demum
2831 2697 3074 2766 subjicit,
3093 2711 3203 2751 non
3236 2710 3398 2765 posse

1829 2789 1884 2841 in
1916 2789 2251 2844 monasterio
2276 2788 2369 2843 diu
2392 2791 2727 2859 persevcrari
2754 2790 2823 2844 ob
2837 2789 3154 2860 gravitatem
3171 2800 3396 2857 operum

1830 2885 1884 2932 et
1916 2878 1987 2932 ob
2014 2875 2197 2933 Patris
2217 2879 2582 2933 severitatem.
2619 2878 2695 2932 Ac
2722 2893 2844 2935 cum
2874 2878 3144 2949 ejusmodi
3177 2877 3399 2945 cogita-

1832 2967 2073 3024 tionibus
2102 2968 2340 3023 animum
2364 2968 2698 3032 subornarit,
2724 2977 2783 3023 ut
2808 2969 2895 3024 vel
2921 2966 3206 3023 denarium
3230 2980 3399 3021 unum

1835 3059 2084 3124 retineat,
2118 3068 2230 3114 tum
2261 3059 2453 3115 suadet
2483 3060 2559 3114 illi
2598 3067 2657 3114 ut
2677 3060 2817 3115 clam
2843 3059 3041 3115 abbate
3086 3065 3256 3113 artem
3286 3057 3399 3112 edi-

157 3146 387 3216 μαθεῖν,
421 3147 480 3215 ἐξ
512 3140 575 3200 οὗ
628 3149 915 3222 δυνήσεται
971 3153 1034 3206 τὸ
1085 3154 1546 3224 περισπούδαστον
1587 3155 1732 3226 αὐτῷ

1838 3156 1976 3216 scat,
2009 3165 2114 3222 qua
2143 3151 2340 3220 poterit
2366 3150 2608 3206 studiose
2635 3159 2967 3207 asservatam
3009 3164 3207 3221 augere
3236 3165 3400 3220 pecu-

152 3237 428 3309 ἀργύριον
454 3238 716 3312 αὐξῆσαν
747 3242 841 3295 καὶ
860 3242 1045 3297 λοιπὸν
1073 3244 1283 3299 ἐλπίσιν
1310 3245 1525 3318 ἀδήλοις
1555 3248 1737 3321 ἀπατᾷ

154 3331 252 3382 se»
293 3330 498 3396 ἄθλιον,
552 3333 868 3389 ὐποὸάλ).ων
910 3335 1058 3407 αὐτῷ
1095 3338 1157 3390 τὺ
1197 3339 1260 3392 ἐκ
1297 3339 1391 3392 τοῦ
1425 3340 1737 3411 ὲργοχείρου

155 3423 362 3493 κέρδος
414 3426 509 3478 καὶ
561 3424 658 3497 τὴν
698 3428 763 3481 ὲκ
815 3428 1003 3481 τούτου
1040 3428 1227 3483 ἄνεσιν
1261 3432 1356 3483 καὶ
1384 3431 1734 3503 ἀμεριμνίαν.

156 3517 276 3569 Καὶ
311 3516 449 3581 ὅλως
481 3520 548 3589 τῇ
592 3518 686 3571 τοῦ
746 3521 973 3593 κέρδους
1010 3521 1304 3593 ὲνθυμήσει
1334 3522 1525 3589 δεθεὶς,
1588 3524 1739 3578 οὐδὲν

154 3606 553 3663 τῶνέναντίων
573 3614 782 3675 σκοπεῖ,
796 3613 892 3665 οὐκ
918 3612 1086 3685 ὀργῆς
1113 3613 1329 3684 μανίαν,
1353 3616 1533 3669 εἴποτε
1559 3614 1736 3687 συμϐῇ

155 3698 321 3769 αὐτῷ
382 3697 556 3772 ζημίᾳ
609 3706 953 3774 περιπεσεῖν’
994 3705 1053 3757 οὐ
1112 3703 1311 3777 λύπην,
1347 3707 1408 3759 οὐ
1444 3707 1655 3771 σκότος,
1692 3710 1740 3761 εί

158 3786 434 3858 ἀποτύχοι
468 3789 563 3844 τοῦ
607 3793 671 3845 ὲκ
719 3791 812 3845 τοῦ
861 3792 1021 3865 ἔργου
1059 3795 1303 3866 κέρδους,
1344 3796 1479 3850 ἀλλά
1512 3799 1739 3866 γίνεται,

158 3881 312 3952 ἄτερ
353 3880 533 3946 ἀλλοις
559 3884 594 3954 ή
626 3885 839 3957 γαστὴρ
898 3885 1039 3952 θεὸς,
1085 3887 1226 3943 οὕτω
1251 3890 1424 3961 τούτῳ
1457 3893 1485 3944 ὁ
1523 3892 1744 3962 χρυσός.

163 3973 340 4026 Ὅθεν
392 3975 423 4026 ὁ
463 3975 730 4046 μακάριος
777 3977 1113 4044 ’Δπόστολος,
1163 3981 1319 4035 τοῦτο
1347 3980 1647 4050 γινώσκων,
1682 3983 1743 4035 οὐ

166 4066 340 4137 μόνον
370 4065 527 4137 ῥίζαν
558 4068 775 4124 πάντων
805 4070 914 4124 τῶν
957 4071 1161 4139 κακῶν,
1188 4072 1324 4127 ἀλλά
1350 4074 1443 4126 καὶ
1469 4073 1746 4127 εἰδωλολα-

163 4158 365 4228 τρείαν
415 4157 621 4230 ταύτην
669 4160 913 4216 ἐκάλεσε.
967 4161 1343 4234 Θεωρήσωμεν
1382 4164 1559 4218 τοίνυν
1610 4167 1747 4236 πρὸς

165 4248 355 4318 πόσην
379 4249 581 4303 κακίαν
605 4252 638 4320 ἠ
665 4250 818 4313 νόσος
840 4251 977 4323 αῦτη
1004 4253 1097 4308 τὸν
1123 4253 1403 4324 ἄνθρωπον
1428 4255 1744 4326 κατασύρει,

168 4340 250 4401 ὼς
300 4338 400 4391 καὶ
451 4341 530 4403 είς
562 4340 1000 4411 είδωλολατρείαν
1042 4343 1350 4416 ἐμϐάλλειν.
1413 4346 1748 4419 Ἀποστήσας

1839 3242 1983 3295 niam
2021 3256 2035 3294 :
2077 3242 2294 3297 demum
2339 3245 2552 3298 occulta
2589 3256 2685 3313 spe
2717 3242 2978 3297 miserum
3025 3239 3246 3311 decipit,
3277 3241 3403 3296 sub-

1834 3333 2073 3403 jiciendo
2106 3335 2317 3390 lucrum
2353 3351 2421 3391 ex
2466 3344 2582 3390 arte
2610 3350 2709 3390 sua
2751 3335 3134 3396 obventurum,
3163 3333 3400 3402 hincque

1839 3422 1956 3479 fore
1977 3425 2235 3494 quietem,
2261 3426 2611 3494 animumque
2631 3424 2779 3480 curis
2800 3437 3051 3478 vacuum.
3080 3424 3158 3476 Ac
3181 3421 3402 3475 demum

1839 3515 1976 3569 lucri
2010 3517 2339 3587 cogitatione
2391 3518 2700 3588 colligatus,
2740 3515 2877 3570 nihil
2905 3514 3116 3570 adversi
3146 3513 3402 3567 conside-

1840 3617 1926 3662 rat
1963 3626 1977 3664 :
2011 3625 2121 3663 non
2156 3619 2360 3680 quanta
2414 3610 2597 3665 futura
2646 3610 2714 3664 sit
2748 3608 2854 3672 ira,
2889 3617 3125 3677 quantus
3157 3605 3329 3667 furor,
3357 3604 3405 3659 si

1842 3703 2123 3773 contingat
2151 3703 2205 3757 in
2237 3704 2620 3759 detrimentum
2646 3700 2863 3771 aliquod
2911 3698 3172 3763 incidere,
3203 3704 3406 3768 quanta

1842 3793 2122 3857 mcestitia,
2155 3801 2392 3864 quantus
2420 3792 2595 3856 dolor,
2638 3793 2685 3848 si
2720 3793 2874 3845 lucro
2901 3788 3082 3861 operis
3119 3789 3202 3844 sui
3224 3788 3407 3859 privo—

1844 3892 1968 3936 tur:
1997 3884 2089 3939 sed
2119 3886 2261 3940 sicut
2293 3886 2417 3940 aliis
2440 3893 2630 3940 venter
2654 3884 2817 3949 deus,
2852 3882 3077 3952 perinde
3108 3880 3185 3934 illi
3211 3894 3407 3933 aurum

1844 3983 1946 4029 est.
1963 3974 2229 4042 Quocirca
2247 3991 2370 4031 cum
2389 3977 2441 4031 id
2459 3977 2624 4046 probe
2645 3984 2830 4030 nosset
2848 3976 3038 4030 beatus
3059 3971 3283 4033 Paulus,
3299 3984 3407 4023 non

1845 4065 2007 4119 modo
2032 4066 2269 4121 radicem
2299 4066 2540 4121 omnium
2581 4065 2867 4127 malorum,
2910 4063 3004 4118 sed
3042 4061 3205 4117 etiam
3237 4060 3413 4114 idolo-

1846 4156 2061 4212 latriam
2107 4173 2227 4213 eam
2274 4158 2627 4227 nuncupavit.
2679 4154 3085 4225 Perpendamus
3126 4153 3307 4220 itaque
3355 4150 3411 4204 in

1847 4260 2105 4320 quamam
2135 4251 2398 4305 malitiam
2428 4251 2513 4304 hic
2544 4249 2769 4305 morbus
2796 4246 3069 4301 hominem
3112 4244 3409 4313 pertrahat,

1848 4351 1910 4398 ut
1934 4344 2026 4413 qui
2042 4359 2164 4399 eum
2193 4343 2248 4397 in
2267 4343 2624 4397 idololatriam
2646 4340 2921 4410 conjiciat.
2944 4336 3238 4406 Postquam
3265 4334 3410 4389 enim

167 4432 284 4503 γὰρ
316 4433 351 4484 ὁ
397 4431 730 4505 φιλάργυρος
784 4436 876 4488 τὸν
901 4434 1030 4491 νοῦν
1049 4437 1211 4490 αὐτοῦ
1262 4438 1371 4492 ἀπὸ
1396 4438 1497 4508 τῆς
1528 4441 1732 4514 ἀγάπης

1850 4448 2050 4489 avarus
2081 4442 2314 4490 mentem
2338 4450 2489 4489 suam
2520 4434 2588 4505 ab
2629 4446 2813 4486 amore
2846 4429 2941 4484 Dei
2972 4427 3191 4491 avulsit,
3219 4423 3414 4492 imagi—

167 4523 270 4576 τοῦ
293 4523 457 4588 Θεοῦ,
483 4524 679 4578 εἴδωλα
719 4525 1019 4597 ἀνθρώπων
1050 4530 1470 4601 ὲγγεγλυμμένα
1501 4530 1579 4602 τῷ
1610 4549 1732 4604 χρυ-

1853 4541 1951 4581 nes
1973 4527 2256 4582 hominum
2287 4541 2421 4581 auro
2450 4525 2750 4594 insculptas
2782 4521 2960 4592 diligit
2992 4536 3005 4571 :
3038 4516 3415 4590 ejusmodique

170 4616 276 4686 σίῳ
309 4616 503 4687 ἀγαπᾷ
522 4633 537 4646 ·
560 4617 769 4682 τούτοις
798 4618 855 4671 δὲ
873 4622 986 4684 τοῖς
1006 4620 1286 4693 λογισμοῖς
1311 4625 1338 4676 ό
1359 4625 1589 4695 μοναχδς
1619 4641 1745 4678 σκο-

168 4711 391 4775 τωθεὶς,
421 4712 516 4765 καὶ
533 4714 628 4765 ἐπὶ
650 4713 709 4766 τὸ
730 4717 909 4785 χεῖρον
921 4713 1118 4780 αὔξων,
1134 4716 1386 4786 οὐδεμίαν
1400 4719 1745 4786 ταπείνωσιν,

130 4862 138 4871 θ
170 4801 437 4871 οὐδεμίαν
456 4801 701 4872 ὑπακοὴν
741 4802 884 4874 ἔχειν
917 4803 1102 4859 λοιπόν
1134 4805 1387 4871 δύναται,
1423 4808 1537 4862 ἀλλ’
1582 4811 1749 4878 ἀγαν-

130 4884 139 4895 ’
173 4896 356 4955 ακτεί,
376 4893 468 4946 καὶ
483 4891 849 4959 άναξιοπαθεϊ,
867 4895 959 4948 καὶ
979 4895 1113 4964 πρὸς
1134 4896 1361 4951 ἕκαστον
1380 4897 1539 4970 ἔργον
1553 4898 1752 4968 γογγύ-

175 4986 283 5061 Cet,
320 4986 415 5039 καὶ
461 4986 748 5056 ἀντιλέγει,
793 4989 886 5041 καὶ
919 4987 1051 5059 μηδὲ
1096 4991 1224 5059 μιᾶς
1253 4989 1438 5044 λοιπδν
1469 4992 1752 5055 εὐλαϐείας

178 5077 630 5147 πεφυλαγμένης,
659 5076 845 5149 ὥσπερ
866 5078 1031 5142 ἵππος
1053 5079 1412 5150 σκληρότατος
1445 5080 1585 5133 κατά
1616 5097 1753 5152 κρη-

181 5170 334 5243 μνῶν
364 5169 607 5241 φέρεται,
622 5168 745 5224 οὔτε
758 5172 825 5241 τῇ
842 5169 1177 5243 καθημερινῇ
1201 5173 1373 5242 τροφῇ
1399 5171 1750 5242 ἀρκούμενος,

178 5265 276 5317 καὶ
293 5260 722 5332 διαμαρτύρεται
750 5262 830 5325 είς
852 5260 1005 5323 τέλος
1034 5261 1107 5332 μὴ
1131 5260 1386 5314 δύνασθαι
1426 5262 1586 5315 αὐτὸν
1624 5263 1756 5316 ὐπο-

184 5353 393 5423 μένειν,
420 5351 516 5405 καὶ
547 5351 680 5405 Θεὸν
702 5352 803 5405 οὐκ
831 5354 946 5405 ἐκεῖ
976 5352 1131 5423 μόνον
1160 5346 1298 5405 εἶναι
1325 5352 1490 5421 λέγει,
1512 5351 1633 5406 οὐδὲ
1657 5355 1754 5424 τὴν

185 5445 326 5499 ἰδίαν
362 5443 635 5516 εωτηρίαν
673 5444 731 5496 ἐν
766 5443 959 5513 ἐκείνῳ
993 5442 1442 5497 κατακεκλεῖσθαι
1475 5441 1553 5514 τῷ
1585 5444 1753 5515 τόπῳ,

184 5536 322 5590 ἀλλά
351 5535 628 5606 πανταχοῦ
654 5538 767 5599 τοῖς
789 5534 1037 5607 ζητοῦσιν
1062 5535 1224 5589 αὐτδν
1253 5534 1598 5607 εὑρίσκεσθαι
1618 5552 1631 5567 ’
1666 5536 1756 5589 καὶ

185 5633 261 5695 ὡς
279 5632 329 5684 εί
360 5630 434 5700 μὴ
457 5616 666 5698 ἀποστῇ
688 5626 782 5682 τοῦ
809 5628 1174 5700 μοναστηρίου
1200 5620 1404 5682 ἐκείνου
1428 5625 1753 5682 ἀπόλλυται·

260 5808 373 5881 χιε)
408 5807 542 5865 Ibid.
577 5824 626 5864 c.
657 5807 710 5863 ι.

1849 4615 2270 4685 cogitationibus
2312 4615 2699 4670 obtcnebratus
2729 4611 3049 4675 monachus,
3078 4610 3204 4664 dum
3240 4607 3305 4661 ad
3328 4621 3416 4676 po-
3485 4649 3501 4666 .

1844 4708 1966 4777 jora
2038 4717 2386 4777 augmentum
2447 4705 2684 4775 accipit,
2741 4703 2945 4757 nullam
3008 4700 3265 4770 deinceps
3314 4698 3416 4752 hu-

1850 4800 2157 4862 militatem,
2198 4799 2400 4853 nullam
2436 4796 2637 4851 habere
2664 4802 2841 4864 potest
2865 4791 3229 4847 obedientiam
3263 4806 3278 4856 ;
3319 4787 3414 4843 sed

1849 4891 2007 4963 321
2040 4891 2315 4953 irascitur,
2340 4887 2673 4957 indignatur,
2706 4884 2771 4939 ad
2794 4881 3077 4954 quodlibet
3104 4895 3238 4950 Opus
3270 4895 3423 4933 mura

1851 4989 2052 5048 inurat,
2073 4986 2360 5050 repugnat,
2393 4978 2539 5031 nulla
2568 4975 2784 5030 demum
2819 4980 3032 5028 servata
3065 4970 3413 5031 verecundia,

1852 5074 2011 5145 quasi
2063 5071 2521 5128 el’frenatissimus
2569 5084 2744 5138 equus
2794 5066 2849 5120 in
2890 5063 3189 5135 prmcipitia
3220 5053 3414 5127 fertur,

1851 5179 1955 5219 nec
1995 5164 2191 5218 diurno
2222 5161 2366 5214 victu
2400 5166 2709 5222 contentus,
2736 5155 2971 5225 denique
2999 5151 3327 5208 testificatur
3358 5166 3417 5205 se

1852 5272 1960 5311 non
1995 5270 2157 5326 posse
2189 5255 2331 5308 ultra
2367 5251 2637 5306 sustinere
2670 5268 2683 5303 :
2717 5248 2900 5317 aitque
2932 5261 3041 5300 non
3065 5244 3173 5297 illic
3201 5250 3413 5296 tantum

1853 5364 1975 5405 esse
2006 5347 2194 5402 Deum.
2224 5360 2324 5399 nec
2356 5344 2584 5398 salutem
2613 5355 2768 5397 suam
2807 5355 2872 5393 eo
2909 5337 2971 5391 in
2993 5337 3115 5391 loco
3144 5334 3412 5388 inclusam

1854 5455 2006 5503 esse;
2040 5438 2135 5494 sed
2171 5436 2372 5505 ubique
2399 5435 2564 5489 Deum
2589 5448 2619 5485 a
2651 5428 3022 5501 quaerentibus
3049 5441 3109 5481 se
3139 5424 3371 5480 inveniri
3401 5439 3415 5475 :

1856 5538 2155 5598 periturum
2203 5541 2262 5580 se
2301 5523 2405 5579 nisi
2451 5537 2518 5577 eo
2568 5518 2901 5574 monasterio
2932 5513 3157 5570 excedat
3236 5526 3291 5571 ξε
3335 5512 3417 5566 εἴθ

1856 5635 1979 5674 cum
2017 5619 2084 5673 ad
2120 5620 2389 5687 corrupta
2436 5613 2635 5670 mentis
2690 5626 2802 5667 sua:
2859 5607 3119 5664 auzilium
3165 5610 3418 5679 suppetat

1931 5801 2040 5874 ςυί)
2078 5798 2189 5856 ibid
2240 5814 2287 5853 ς.
2331 5797 2379 5850 7.
