3868 6206
457 353 562 411 885

1615 355 1673 421 ς’.
1714 362 2174 454 Ατιιλινιδιυδ.
2213 397 2281 408 -
2313 365 2539 423 DUBIA.

3587 367 3698 423 88‘

457 476 731 531 recondita
764 481 1013 547 pecunia.
1061 482 1216 550 quasi
1260 481 1582 552 quihusdam
1632 483 1842 537 levatus
1885 481 2006 545 alis,

2117 482 2204 536 καὶ
2253 482 2400 535 οὕτω
2437 482 2538 552 τῆς
2583 480 2980 554 διεφθαρμένης
3013 441 3215 552 ταύτης
3264 478 3522 553 συνεργὸν
3556 479 3699 551 ἔχων

455 565 832 637 meditansque
863 586 1022 626 suum
1053 587 1120 624 ex
1151 574 1488 627 incitasterio
1512 572 1739 637 exitum,
1781 573 2016 644 superbe

454 651 710 727 deinceps
747 665 910 728 atque
939 675 1132 730 aspere
1183 660 1252 714 ad
1279 661 1464 716 ortinia
1492 661 1652 730 iussa
1696 663 2012 734 respondet,

455 759 622 816 neque
658 750 806 805 velut
831 753 1177 819 peregrinum
1203 761 1367 824 atque
1393 764 1708 810 extraneum
1737 765 2015 826 reputans,

456 840 502 892 si
533 840 664 907 quid
693 840 748 894 in
783 843 1116 898 monasterio
1136 844 1517 900 emendatione
1544 845 1767 915 dignum
1798 845 2015 910 viderit,

456 931 591 984 nihil
611 941 786 994 curat.
808 933 917 988 imo
937 935 1195 1006 despicit.
1211 936 1324 1005 (95)
1345 935 1549 991 Dehinc
1571 937 1766 1006 quaerit
1781 941 2022 992 occasio-

453 1034 551 1073 nes
583 1019 878 1077 iracundiae
927 1030 1022 1078 aut
1052 1024 1308 1094 querelae,
1339 1031 1398 1078 ut
1433 1039 1502 1079 ne
1545 1024 1794 1079 videatur
1828 1025 2020 1080 leviter

451 1117 506 1163 et
527 1111 733 1182 absque
751 1128 917 1170 causa
937 1114 1116 1185 egredi
1139 1131 1202 1169 ex
1227 1115 1500 1171 cmnohio.
1528 1115 1639 1171 Nec
1661 1131 1725 1171 eo
1747 1117 1837 1171 ille
1859 1117 2020 1172 modo

453 1215 512 1254 se
543 1217 730 1271 gerere
754 1203 992 1270 dubitat,
1023 1212 1080 1259 ut
1108 1206 1291 1260 delicti
1325 1207 1408 1261 sui
1451 1207 1834 1276 opitulatorem
1869 1208 2020 1264 inve-

453 1293 589 1346 niat.
619 1289 697 1347 Ita
728 1310 893 1364 porro
917 1295 1185 1351 seductus
1208 1312 1406 1352 avarus
1439 1312 1664 1352 suarum
1692 1299 1817 1368 igne
1853 1313 2022 1368 pecu-

453 1381 692 1447 niarum,
723 1397 1001 1453 nunquam
1047 1384 1104 1438 in
1137 1385 1476 1440 monasterio
1503 1391 1683 1456 potest
1710 1385 2016 1454 quiescere,

452 1479 546 1524 aut
573 1471 676 1526 sub
704 1473 892 1543 regula
921 1472 1124 1530 vivere.
1152 1472 1290 1528 Cum
1316 1482 1496 1529 autem
1526 1474 1678 1528 illum
1710 1474 1920 1528 daemon
1952 1489 2023 1529 ex

452 1563 579 1617 ovili
608 1565 769 1633 quasi
797 1564 955 1633 lupus
985 1564 1302 1634 abripuerit,
1330 1570 1491 1633 atque
1521 1579 1594 1619 ex
1617 1563 1745 1617 ovili
1776 1579 2022 1634 segrega-

452 1663 588 1718 tum,
619 1670 653 1710 a
701 1671 761 1712 se
808 1656 1178 1712 devorandum
1233 1655 1546 1725 acceperit;
1588 1664 1701 1709 tum
1745 1667 1901 1710 curat
1959 1664 2025 1710 ut

450 1760 616 1815 opera
632 1761 753 1817 quae
769 1747 1096 1809 statishoris
1119 1747 1174 1802 in
1191 1746 1443 1802 coenobio
1459 1746 1760 1816 negligebat
1772 1747 2014 1813 omnino,

2118 575 2185 628 τὰ
2227 575 2620 646 πεφυλαγμένα
2663 575 2921 644 ἀργύρια,
2952 573 3139 646 ὥσπερ
3163 573 3272 627 τισὶ
3313 577 3530 645 πτεροῖς
3567 591 3699 627 κου-

2118 666 2350 734 φισθεὶς,
2377 666 2468 718 καὶ
2496 665 2594 736 τὴν
2625 665 2803 731 ἔξοδον
2823 665 2923 736 τὴν
2951 664 3058 718 ἀπὸ
3088 663 3182 717 τοῦ
3215 663 3573 735 μοναστηρὲου
3603 682 3702 734 με-

2116 756 2302 822 λετῶν,
2340 757 2526 811 λοιπὸν
2555 757 2922 828 ὑπερηφάνως
2955 758 3048 809 καί⁸
3084 756 3326 827 τραχέως
3359 757 3495 828 πρὸς
3519 755 3701 809 πάντα

2115 847 2185 901 τὰ
2234 847 2657 919 παρηγγελμένα
2717 848 3091 918 ἀποκρίνεται,
3127 848 3220 901 καὶ
3281 848 3356 911 ὡς
3407 846 3556 913 ξένον
3601 847 3702 899 καὶ

2117 938 2373 1002 ὲξωτικὸν
2403 939 2595 992 ἑαυτὸν
2645 939 2968 1010 ἡγούμενος,
3004 937 3058 990 εί
3093 956 3144 992 τι
3176 939 3240 992 ἂν
3271 938 3354 1010 ἴδῃ
3396 940 3454 990 ὲν
3485 937 3564 1008 τῷ
3599 955 3702 1008 μο-

2116 1031 2396 1102 ναστηρίῳ
2422 1031 2672 1102 δεόμενον
2701 1029 3054 1102 διορθώσεως,
3084 1029 3276 1101 ἀμελεῖ
3304 1029 3396 1083 καὶ
3429 1044 3701 1099 περιφρο-

2116 1123 2216 1176 νεῖ.
2247 1122 2358 1174 Καὶ
2386 1121 2573 1175 ἔπειτα
2607 1121 2906 1194 προφάσεις
2934 1121 3208 1191 ἀναζητεῖ,
3235 1120 3306 1172 δι’
3331 1113 3407 1172 ὧν
3438 1119 3702 1189 ὀργισθή-

2119 1213 2335 1284 σεται,ἢ
2360 1211 2744 1284 λυπηθήσεται,
2762 1213 2846 1266 ἵνα
2867 1213 2940 1283 μὴ
2960 1211 3083 1283 δόξῃ
3107 1211 3352 1280 ἐλαφρῶς
3370 1210 3498 1264 ἄνευ
3519 1211 3702 1272 αἰτίας

2117 1299 2309 1363 ἐξιέναι
2330 1301 2504 1369 ὲκτῆς
2526 1299 2725 1372 [ἐκτὸς]
2751 1299 2845 1353 τοῦ
2862 1300 3297 1355 κοινοϐίου.,ούδὲ
3317 1299 3473 1353 τοῦτο
3496 1315 3702 1370 παραι-

2114 1392 2262 1442 τεῖτα
2270 1407 2295 1442 ι,
2315 1390 2554 1460 ποιῆσαι,
2575 1389 2890 1461 βουλόμενος
2904 1390 3046 1462 ἔχειν
3064 1391 3155 1444 τοῦ
3175 1390 3303 1445 ίδίου
3319 1389 3704 1460 ἐλαττώματος

2118 1479 2396 1550 συνεργόν.
2446 1480 2602 1534 Οὕτω
2661 1479 2717 1532 δὲ
2760 1479 3117 1550 ἀπατώμενος
3146 1479 3225 1549 τῷ
3253 1480 3385 1551 πυρὶ
3409 1478 3514 1532 τῶν
3550 1479 3702 1530 ἰδίων

2115 1571 2417 1643 χρημάτων
2437 1571 2470 1623 ἀ
2496 1571 2843 1643 φιλάργυρος,
2876 1571 3132 1624 οὐδέποτε
3159 1570 3378 1624 δύναται
3424 1568 3701 1638 ἡσυχάσαι

2118 1662 2175 1713 ὲν
2204 1661 2617 1733 μοναο-τηρίῳ,ἥ
2646 1662 2751 1714 ὑπὸ
2783 1661 2983 1714 κανόνα
3011 1661 3194 1731 ζῆσαι.
3224 1662 3391 1714 Ὅταν
3418 1659 3474 1711 δὲ
3504 1658 3704 1711 τοῦτον

2117 1752 2146 1804 ὁ
2185 1751 2393 1822 δαίμων
2435 1751 2620 1825 ὥσπερ
2660 1751 2820 1817 λύκος
2859 1754 2923 1805 ὲκ
2965 1753 3064 1823 τῆς
3101 1751 3337 1823 μάνδραις
3367 1750 3704 1820 άφαρπὰσῃ,

449 1837 660 1905 eadem,
688 1849 848 1894 nocte
876 1850 932 1894 et
958 1840 1045 1894 die
1070 1853 1268 1909 magna
1309 1853 1432 1892 cum
1475 1839 1755 1892 alacritate
1794 1838 1848 1892 in
1881 1838 2015 1892 cella

2117 1841 2211 1892 καὶ
2259 1841 2527 1911 ἀφορίσας
2571 1841 2662 1894 τοῦ
2707 1841 2957 1912 ποιμνίου
2998 1841 3211 1910 ἕτοιμον
3244 1841 3321 1902 είς
3349 1837 3704 1907 κατάϐρωσιν

451 1942 550 1982 sua
583 1930 828 2002 perﬁciat
861 1948 884 1983 :.
911 1945 1087 2000 neque
1120 1929 1257 1985 sinit
1281 1942 1407 1982 eum
1428 1942 1648 1996 precum
1678 1927 2019 1983 consuetudi-

450 2035 602 2082 nem,
613 2009 956 2090 jejuniorum.
976 2036 1203 2086 morem,
1229 2020 1538 2091 vigiliarum
1562 2021 2019 2076 normam.obser-

450 2125 582 2165 vare
604 2129 629 2178 ;
671 2111 770 2166 sed
801 2112 876 2166 illi
921 2112 1164 2166 avaritiae
1205 2110 1392 2166 furore
1436 2109 1693 2178 colligato
1724 2109 1916 2164 suadet
1949 2108 2018 2163 ad

452 2214 595 2271 opus
624 2216 787 2257 suum
811 2216 978 2256 omne
1002 2199 1264 2263 studium,
1291 2215 1509 2254 omnem
1541 2200 1784 2254 laborem
1807 2199 2018 2269 imper-v.-

452 2289 609 2346 dere.
628 2290 738 2362 (96)
756 2291 998 2361 Hujusce
1014 2307 1141 2347 vero
1162 2292 1336 2346 qurhi
1361 2299 1473 2346 tres
1498 2297 1625 2345 sunt
1648 2291 1792 2344 modi
1822 2306 1856 2343 a.
1880 2291 2020 2348 divi-

453 2384 543 2441 nis
569 2381 870 2454 Scripturis
901 2394 952 2439 et
984 2400 1014 2438 a
1032 2383 1257 2438 Patrum
1283 2382 1532 2438 doctrina
1561 2397 1713 2451 reque
1735 2382 2017 2452 prohibiti.

449 2474 670 2531 Primus
711 2475 779 2532 de
814 2491 934 2546 quo,
959 2477 1213 2547 superius
1257 2475 1603 2547 scripsimus,
1636 2474 1730 2544 qui
1773 2481 1930 2528 curat
1961 2484 2021 2530 ut

451 2567 661 2633 miseri,
693 2583 756 2624 ea
783 2584 904 2638 qua;
950 2585 1019 2624 ne
1048 2571 1104 2624 in
1134 2568 1345 2624 mundo.
1369 2567 1586 2638 quidem
1629 2567 1886 2631 habuere,
1924 2582 2017 2622 ac-

451 2660 676 2729 quirant
703 2669 755 2714 et
787 2661 1153 2717 accumulent.
1185 2661 1336 2717 Alter
1377 2661 1430 2714 id
1460 2660 1568 2730 agit
1600 2669 1658 2713 ut
1686 2675 1779 2715 eos
1807 2659 1899 2729 qui
1927 2675 2021 2728 pe-

452 2750 630 2805 cuniis
659 2753 1041 2805 renuntiarunt
1084 2750 1212 2805 facti
1251 2751 1512 2821 paniteat
1539 2769 1550 2803 :
1582 2749 1880 2819 suadetque
1910 2749 2034 2804 illis.

453 2845 512 2892 ut
555 2841 842 2911 requirant
865 2857 928 2897 ea
971 2857 1092 2912 quae
1132 2840 1242 2896 Deo
1280 2840 1548 2896 obtulere.
1584 2838 1806 2894 Tertius
1846 2838 1907 2893 is.
1934 2847 2020 2893 est

451 2931 546 3002 qui
576 2947 708 2986 cum
757 2932 912 2986 initio
945 2933 1273 2987 monachum
1309 2931 1711 2987 incredulitatis
1741 2930 2019 3000 tepiditate

453 3022 698 3094 illigarit,
727 3041 844 3079 non.
860 3026 992 3080 sinit
1012 3041 1135 3080 eum
1158 3024 1395 3095 perfecte
1421 3024 1724 3079 mundanis.
1743 3023 2018 3077 abrenun-

450 3115 590 3170 tiare
634 3116 819 3180 rebus,
866 3117 1052 3170 animo
1081 3116 1393 3186 subiiciens.
1420 3123 1626 3170 metum
1657 3113 2014 3183 paupertatis,

450 3213 616 3276 atque
651 3206 1013 3262 dilﬁdentiam‘
1033 3207 1125 3264 Dei
1159 3206 1555 3278 providentiae:
1591 3206 1852 3275 illumque
1884 3220 2010 3274 pro-

453 3298 745 3354 missorum
776 3298 1093 3354 violatorem
1125 3299 1347 3353 exhibct
1376 3313 1521 3360 esse,
1576 3311 1766 3352 eorum
1813 3297 2019 3350 scilicet

451 3402 572 3459 quae
604 3387 896 3458 professus.
927 3397 1021 3446 est
1042 3388 1172 3443 dum
1203 3388 1404 3443 mundo
1435 3387 1865 3442 abrcnuntiaret.
1903 3385 2018 3438 Ho-

449 3492 572 3532 rum
606 3493 768 3549 porro
795 3481 962 3534 trium
993 3481 1278 3536 modorum
1309 3481 1555 3551 exempla
1585 3481 1640 3534 in
1667 3479 1862 3534 divina.
1876 3479 2020 3534 Scri-

450 3575 610 3638 ptura
640 3571 958 3626 abscondita
991 3571 1313 3642 reperimus.
1343 3569 1478 3625 Nam
1508 3571 1656 3626 Giezi
1681 3570 2027 3640 quodpecuo-

449 3661 573 3714 nias
601 3675 740 3730 quas
776 3671 903 3716 ante
947 3679 1056 3717 non
1086 3663 1350 3718 habuerat
1383 3662 1808 3733 concupivisset,
1838 3662 2019 3732 priva-

449 3761 541 3805 tus
572 3761 656 3807 est
683 3754 982 3824 prophetia:
1007 3755 1202 3824 gratia,
1224 3769 1389 3824 quam
1414 3754 1629 3809 volebat
1659 3753 1734 3807 illi
1760 3753 2023 3822 magister.

448 3840 570 3908 eius
603 3841 934 3898 hereditatis
966 3844 1096 3897 loco.
1115 3842 1424 3913 relinquere
1471 3861 1487 3898 :
1537 3852 1590 3898 et
1643 3857 1742 3914 pro
1796 3842 2018 3897 benedi-

444 3931 649 3994 ctione,
674 3947 771 4002 per
798 3932 1072 4002 prophetat
1095 3933 1464 3997 maledictum,
1491 3942 1746 3986 aeternam
1775 3930 2025 4001 possedit

446 4022 652 4094 lcpram
675 4026 741 4080 ".
767 4023 796 4079 J
803 4023 937 4080 udas
955 4039 1084 4080 vero
1104 4040 1239 4080 cum.
1254 4026 1413 4080 vellet
1435 4024 1692 4094 pecunias
1717 4040 2026 4086 resumere,

446 4129 585 4185 quas
616 4126 744 4172 ante
774 4124 834 4171 ut
862 4115 1148 4171 Dominum
1192 4125 1535 4187 sequeretur,
1569 4117 1875 4186 abiecerat;
1906 4133 2014 4171 non

445 4205 624 4259 solum
653 4221 777 4260 cum
807 4205 875 4260 ad
916 4204 1134 4262 Domini
1167 4207 1529 4277 proditionem
1565 4208 1809 4261 animum
1845 4223 2018 4278 appu-

446 4297 622 4362 lisset,
655 4311 721 4350 ex
748 4295 920 4351 choro
949 4296 1333 4367 apostolorum
1369 4305 1626 4352 extrusus
1665 4304 1770 4361 est,
1801 4295 1896 4351 sed
1932 4295 2015 4365 ip-

445 4403 564 4441 sam
608 4387 883 4442 carnalem
911 4388 1080 4443 vitam
1132 4389 1369 4444 violenta
1401 4397 1576 4444 morte
1616 4389 1925 4444 terminavit
1948 4389 2013 4444 ⁵³.

2118 1929 2278 2001 λάϐῃ,
2314 1930 2374 1984 τὸ
2401 1931 2698 2002 τηνικαῦτα
2747 1929 3154 2004 παρασκευάζει
3188 1930 3348 1984 αὐτὸν
3385 1929 3453 1983 τὰ
3489 1929 3624 2000 ἔργα
3664 1927 3708 1980 α

2117 2022 2175 2074 ἐν
2197 2021 2275 2090 τῷ
2304 2022 2552 2092 κοινοϐίῳ
2584 2023 2940 2093 τεταγμέναις
2972 2022 3142 2095 ὥραις
3169 2023 3387 2086 πάντως
3417 2020 3702 2090 ὀλιγωρεῖ,

2117 2110 2289 2166 ταῦτα
2323 2112 2381 2165 ὲν
2412 2114 2484 2182 τῇ.
2507 2111 2671 2184 κέλλῃ
2723 2111 2914 2174 νυκτὸς
2950 2113 3044 2165 καὶ
3086 2112 3296 2182 ἡμέρας
3328 2110 3466 2180 μετὰ
3493 2108 3704 2172 πολλῆς

2118 2200 2420 2274 προθυμίας
2452 2204 2653 2254 ποιεῖν·
2690 2201 2784 2254 καὶ
2815 2201 2939 2255 οὔτε
2971 2201 3142 2272 εὐχῶν
3171 2201 3239 2253 τὰ
3270 2200 3390 2272 ἔθη,
3425 2199 3549 2252 οὔτε
3582 2197 3704 2250 τῶν

2118 2294 2379 2364 νηστειῶν
2403 2293 2493 2346 τὸν
2521 2293 2743 2364 τρόπον,
2769 2292 2890 2346 οὔτε
2916 2292 3021 2347 τῶν
3042 2293 3355 2364 ἀγρυπνιῶν
3380 2292 3470 2345 τὸν
3494 2291 3702 2344 κανόνα

2118 2384 2358 2439 ἐκτελεῖν
2390 2385 2692 2456 ἐπιτρέπει·
2721 2383 2855 2437 ἀλλὰ
2894 2387 2959 2455 τῇ
3001 2385 3100 2454 τῆς
3130 2383 3489 2455 φιλαργυρίας
3524 2381 3702 2452 μανία

2116 2475 2304 2531 τοῦτον
2330 2476 2576 2548 ἐνδήσας,
2605 2476 2703 2546 τὴν
2733 2477 2911 2530 πᾶσαν
2939 2475 3180 2547 σπουδὴν
3195 2477 3273 2537 εἰς
3295 2473 3356 2526 τὸ
3383 2474 3702 2545 ἑργόχειρον

2118 2567 2261 2638 ἔχειν
2293 2566 2590 2621 ἀναπείθει.
2621 2568 2731 2638 Τῆς
2757 2567 2814 2619 δὲ
2841 2565 2995 2619 νόσου
3021 2565 3223 2636 ταύτης
3247 2567 3395 2636 τρεῖς
3430 2567 3540 2618 εισι
3568 2563 3704 2636 194-

2119 2676 2230 2720 ποι,
2260 2658 2350 2723 οὓς
2391 2658 2585 2729 ἐπίσης
2613 2659 3060 2730 ἀπαγορεύουσινι
3085 2659 3144 2710 αἱ
3173 2657 3312 2712 Θεῖαι
3354 2655 3569 2729 Γραφαὶ
3597 2654 3703 2709 καὶ

2117 2752 2174 2804 αί
2219 2751 2553 2806 διδασκαλίαι
2588 2751 2697 2804 τῶν
2739 2751 3023 2824 Πατέρων·
3059 2744 3138 2812 εἷς
3179 2750 3298 2819 μὲν,
3331 2748 3390 2801 δν
3434 2748 3702 2818 ἀνωτέρω

2117 2841 2508 2912 διεγράψαμεν,
2553 2841 2610 2905 ὃς
2657 2841 3070 2913 παρασκευάζει
3112 2843 3238 2903 τοὺς
3283 2839 3504 2902 ἀθλίους
3546 2838 3702 2909 ἅπερ

2117 2933 2238 2988 οὐδὲ
2270 2934 2327 2985 έν
2360 2932 2656 3003 τῷκόσμῳ
2700 2931 2876 3003 ἔσχον,
2916 2931 3088 2984 ταῦτα
3131 2928 3363 2987 κτᾶσθαι
3420 2928 3514 2982 καὶ
3564 2944 3698 2979 συν-

2117 3024 2419 3096 αθροίξειν·
2454 3024 2609 3087 me;
2639 3023 2698 3086 ὃς
2756 3022 3173 3093 μεταμελείσΘαι
3211 3023 3363 3074 ποιεῖ·
3386 3022 3510 3082 τοὺς
3542 3017 3700 3083 ἅπαξ

2116 3118 2227 3178 τοῖς
2249 3117 2519 3186 χρήμασιν
2551 3113 3010 3186 ἀποταξαμένους,
3045 3111 3356 3168 ὑποϐάλλων
3386 3112 3570 3173 αὐτοῖς
3595 3109 3700 3180 ζη-

2115 3210 2227 3261 τεῖν
2258 3207 2412 3279 άπερ,
2432 3206 2550 3278 Θεῷ
2595 3208 2992 3278 προσήνεγκαν·
3024 3205 3206 3277 τρίτος
3245 3203 3324 3267 δὲ,
3349 3204 3516 3266 ὅστιςς
3548 3200 3700 3255 κατα

2114 3296 2212 3368 τὴν
2252 3297 2424 3368 ἀρχὴν
2473 3297 2727 3359 ἀπιστίας
2763 3297 3072 3368 χλιαρότητι
3101 3293 3329 3365 μοναχὸν
3356 3292 3606 3362 ἐνδήσας,
3629 3290 3695 3344 οὐ

2119 3388 2396 3456 συγχωρεῖ.
2435 3385 2622 3440 τοῦτον
2667 3385 2891 3450 τελείως
2925 3385 3304 3456 ἀπαλλαγῆναι
3330 3383 3439 3438 τῶν
3471 3382 3568 3436 τοῦ
3594 3383 3696 3436 κό-

2120 3492 2254 3545 σμου
2283 3474 2642 3548 πραγμάτων,
2683 3474 2844 3544 φόϐον
2872 3473 3422 3538 πενίας-ὑποϐάλλειν,
3440 3474 3534 3526 καὶ
3566 3473 3697 3525 άπι-

2119 3567 2394 3638 στίαν,.τῆς
2426 3564 2557 3619 Θεοῦ
2589 3566 2863 3638 προνοίας,
2890 3567 2983 3620 καὶ
3012 3565 3333 3638 παραϐάτην
3367 3563 3696 3626 ὑποδεικνὺς

2116 3657 2224 3710 τῶν
2247 3658 2460 3711 οἰκείων
2487 3649 2938 3728 ὑποσχέσεων,,ῶν
2962 3654 3417 3726 καθωμολόγησεν
3449 3655 3698 3708 ἀποτεισ-

2119 3749 2344 3820 σόμενος
2373 3748 2452 3820 τῷ
2484 3749 2694 3822 κόσμῳ.
2732 3747 2946 3802 Τούτων
2975 3748 3031 3801 δὲ
3058 3748 3165 3801 τῶν
3191 3747 3357 3818 τριῶν
3386 3746 3604 3818 τρόπων
3625 3744 3701 3798 τὰ

2119 3840 2532 3911 παραδείγματα
2580 3843 2636 3894 έν
2682 3843 2749 3912 τῇ
2791 3840 2913 3911 Θείᾳ
2963 3838 3153 3910 Γραφῇ
3190 3836 3699 3908 κατακεκρυμμένα

2084 3925 2462 4004 ἐύρίσκομεν.
2495 3933 2604 3986 Καὶ
2635 3932 2743 4004 γὰρ
2776 3933 2804 3984 ό
2835 3929 2998 4001 Γιεζῆ
3055 3931 3313 4001 χρήματα
3347 3929 3383 3982 ἃ
3429 3928 3700 4000 πρότερον

2116 4024 2216 4076 οὐκ
2258 4019 2371 4093 εἶχε
2421 4021 2698 4094 βουληθεὶς
2724 4021 3048 4092 κτήσασθαι,
3075 4019 3315 4090 ἀπέτυχε
3344 4020 3444 4090 τῆς
3479 4036 3700 4091 προφη-

2115 4113 2271 4183 τικῆς
2323 4112 2560 4182 χάριτος,
2597 4112 2663 4184 ἢν
2711 4111 2740 4163 ὁ
2785 4110 3100 4174 διδάσκαλος
3136 4111 3500 4183 κληρονομίας
3541 4111 3704 4178 τάξει

2117 4202 2442 4272 καταλεῑψαι
2470 4202 2645 4272 τούτῳ
2675 4201 2934 4272 ἠϐούλετο
2953 4219 2965 4231 ·
3002 4203 3097 4255 καὶ
3133 4202 3259 4256 ἀντὶ
3288 4202 3540 4271 εὐλογίας
3566 4203 3704 4255 αίω-

2117 4294 2236 4349 νίαν
2269 4295 2476 4365 λέπραν
2505 4294 2593 4350 διὰ
2619 4295 2718 4365 τῆς
2748 4293 2840 4349 τοῦ
2873 4297 3152 4367 προφήτου
3187 4295 3430 4366 κατάρας
3465 4293 3701 4366 ἐκληρο-

2119 4387 2346 4458 νόμησε.
2387 4386 2500 4441 Καὶ
2537 4387 2755 4450 Ἰούδας,
2793 4386 3071 4456 βουληθεὶς
3123 4389 3380 4458 χρήματα
3423 4384 3641 4448 λαϐεῖν,
3663 4384 3704 4439 ἃ

444 4479 686 4534 Ananias
722 4485 778 4533 et
809 4479 1098 4550 Sapphira,
1130 4495 1254 4536 cum
1281 4479 1527 4551 qua-dam
1558 4495 1634 4536 ex.
1653 4480 1723 4534 iis
1754 4494 1874 4550 quae
1914 4478 1990 4533 Do

2120 4480 2380 4554 πρότερον
2411 4479 2488 4550 τῷ
2524 4479 2747 4552 Χριστῷ
2779 4479 3088 4533 ἀκολουθῶν
3112 4477 3402 4541 ἀπέϐαλεν,
3435 4479 3504 4530 οὐ.
3539 4478 3702 4548 μόνον

445 4568 595 4621 mino
613 4576 1004 4623 consecrarant
1024 4578 1430 4638 reservassent,
1441 4571 1740 4641 apostolico
1761 4587 1856 4625 ore
1878 4586 2019 4625 rnor-

444 4659 519 4715 tis
551 4674 766 4729 pmnam
797 4660 953 4715 luunt
977 4661 1064 4716 ⁵³⁴.
1092 4662 1201 4734 (97)
1225 4662 1452 4734 Magnus
1478 4673 1656 4718 autem
1687 4663 1776 4719 ille
1805 4662 2021 4734 Moyses

447 4751 501 4804 in
542 4749 966 4807 Deuteronomio
1005 4755 1296 4825 mysticum
1329 4755 1419 4810 dat
1464 4763 1790 4825 praeceptum
1821 4756 1890 4811 iis
1919 4757 2013 4826 qui

446 4841 653 4896 mundo
690 4842 1047 4896 renuntiaturi
1099 4854 1262 4908 sunt,
1309 4853 1364 4900 et
1415 4845 1650 4915 quodam
1704 4845 2018 4903 ditﬁdentiee

444 4947 591 4988 mem
621 4933 854 4989 terrenis
875 4933 1054 4990 adhuc
1087 4935 1351 4992 inhaerent
1380 4955 1393 4991 :
1431 4955 1450 4988 ι
1486 4935 1544 4990 Si
1581 4937 1707 5006 quis
1750 4937 1912 4992 homo
1944 4938 2014 4992 ti-

443 5034 625 5080 midus
651 5023 722 5078 sit
749 5032 805 5080 et
834 5024 1000 5081 corde
1033 5026 1284 5096 pavidus,
1316 5027 1363 5082 is
1392 5043 1500 5081 non
1532 5028 1780 5098 prodibit.
1801 5028 1880 5082 ad.
1899 5029 2012 5083 hel~

444 5114 555 5168 lum
587 5132 602 5168 :
634 5117 792 5171 abeat
816 5116 1059 5181 domum,
1094 5117 1277 5187 ibique
1306 5119 1541 5173 molliter
1563 5120 1744 5189 degat,
1775 5135 1844 5174 ne
1878 5119 2014 5174 forte

445 5221 700 5275 pavorem
756 5207 990 5262 incutiat
1040 5207 1301 5264 cordibus
1340 5207 1567 5263 fratrum
1615 5224 1840 5264 suorum
1887 5209 1951 5262 ⁸δ.
1989 5230 2017 5260 ι.

447 5297 610 5352 Estne
631 5298 912 5370 quidpiam
939 5299 1043 5354 hoc
1057 5298 1375 5354 testimonio
1396 5301 1644 5356 securius
1668 5307 1832 5371 atque
1852 5300 2014 5370 liqui-

439 5390 603 5444 dius?
624 5389 811 5446 Nonne
833 5390 903 5445 iis
923 5391 1106 5448 verbis
1132 5391 1428 5448 ediscimus
1462 5393 1554 5461 qui
1579 5393 1782 5447 mundo
1810 5407 2013 5447 renun-

510 5545 558 5578 "
598 5543 663 5599 ιγ
700 5544 829 5616 Reg.
864 5562 918 5609 γ,
953 5545 1044 5603 Ξῖ.
1118 5545 1164 5578 ⁸³
1202 5545 1388 5601 Matth.
1427 5564 1592 5611 uvn,
1630 5547 1682 5602 5.

509 5695 631 5773 βξῑ)
655 5698 806 5773 ibid.
834 5719 882 5756 c.
914 5704 970 5766 9,
1005 5703 1086 5768 l0,
1126 5703 1183 5757 il
1221 5709 1273 5756 et
1297 5718 1413 5773 seq.

505 5771 625 5843 (se,
655 5769 787 5829 Ibid.
824 5789 872 5828 c.
905 5773 984 5829 ιι.

2116 4573 2196 4634 εἰς
2216 4569 2511 4642 προδοσίαν.
2535 4571 2642 4626 τοᾷ
2659 4571 2930 4624 Δεσπότου
2951 4570 3255 4640 ὀλισθήσας,
3284 4569 3375 4622 τοῖν
3402 4567 3568 4640 χοροῦ
3590 4569 3706 4622 τῶν

2118 4661 2433 4716 ἀποστόλων
2482 4662 2758 4728 ἐξέπεσεν,
2806 4662 2945 4717 ἀλλὰ
2995 4662 3090 4716 καὶ
3115 4661 3406 4734 αὐτὴντὴν
3439 4663 3497 4713 ὲν
3535 4662 3706 4732 σαρπιῖι⁵

2117 4749 2262 4823 ζωὴν
2284 4749 2443 4821 βιαίῳ
2463 4750 2678 4822 Θανάτῳ
2697 4749 3278 4814 κατέλυσεν..Ἀνανίας
3299 4751 3389 4804 καὶ
3409 4750 3702 4821 Σάπφειρα

2116 4841 2536 4912 διαφυλάξαντές
2564 4843 2766 4910 τιναὲξ
2791 4837 2968 4914 ὧν,τῴ
2989 4841 3106 4913 Θεῷ
3126 4841 3539 4913 προσανέθεντο,
3568 4843 3705 4894 ἀπο-

2121 4937 2350 5008 στολικῷ
2382 4939 2610 5008 στόματι
2647 4937 2873 5007 Θανάτῳ
2888 4935 3274 5008 τιμωροῦνται.
3319 4933 3562 5003 Μωῦσῆς
3588 4933 3646 4986 δὲ
3673 4935 3706 4986 ὁ

2121 5029 2294 5098 μέγας
2337 5030 2396 5081 ὲν
2434 5028 2512 5100 τῷ
2547 5029 2949 5100 Δευτερονομίῳ
3003 5027 3278 5099 μυστικῶς
3331 5024 3704 5096 παραγγέλλει

2116 5123 2230 5184 τοῖς
2283 5120 2570 5191 μέλλουσιν
2615 5121 3017 5174 ἀποτάσσεσθαι
3052 5119 3128 5190 τῷ
3168 5119 3378 5189 κόσμῳ.
3416 5118 3512 5170 καὶ
3551 5117 3707 5188 φόϐῳ

2117 5211 2373 5274 ἀπιστίας
2390 5210 2549 5264 πάλιν
2575 5210 2949 5282 ἀντεχομένοις
2969 5210 3304 5278 τῶντγηῖνων
3329 5209 3700 5280 πραγμάτων

2125 5321 2152 5353 ι.
2182 5301 2247 5354 Εἴ
2274 5302 2356 5365 τίς
2393 5303 2540 5355 ἐστιν
2583 5285 2890 5371 ἄνθρωπος’
2912 5299 3228 5372 περίφοϐος,
3257 5299 3352 5352 καὶ
3392 5301 3459 5369 τῇ
3497 5298 3702 5370 καρδίᾳ

2118 5392 2310 5456 δειλὸς,
2339 5393 2439 5446 οὐκ
2468 5391 2806 5456 ἐξελεύσεται
2833 5394 2912 5458 είς
2945 5391 3207 5463 πόλεμον
3241 5387 3566 5461 πορευέσθω
3605 5389 3704 5443 καὶ

1777 5549 1843 5581 ⁵³⁸
1875 5547 1992 5603 Act.
2029 5562 2082 5610 v.
2119 5545 2152 5602 5
2195 5546 2278 5601 l0.
2351 5547 2396 5579 “
2437 5545 2596 5607 Deut.
2630 5563 2735 5615 xx,
2773 5547 2825 5605 8.

2192 5706 2304 5763 I97)
2337 5705 2469 5762 Ibid.
2506 5721 2557 5761 c.
2589 5705 2668 5760 15.
