3868 6206
137 296 246 354 885

1267 307 1600 363 EPISTULA
1641 309 1683 363 Il
1722 307 1813 362 AD
1851 308 2243 367 CASTOREM.

135 416 427 489 ἁμαλυέτω
476 418 796 496 [ἀναλυέτω]
850 427 928 489 εἰς
977 427 1067 480 τὸν
1123 427 1253 482 ῐδιον
1305 424 1474 492 οἷκον,
1512 429 1708 498 μήποτε

1819 429 2041 496 tiamus,
2075 429 2235 486 nobis
2265 428 2502 501 perfecte
2532 429 2977 494 renuntiandum,
3015 437 3176 500 atque
3216 429 3294 486 ita
3318 431 3391 487 ad

132 508 417 563 πτοεῖσθαι
457 514 668 582 ποιήσοι
700 515 798 579 τὰς
819 517 1042 588 καρδίας
1069 519 1175 573 τῶν
1209 520 1450 590 ἀδελφῶν
1477 518 1660 572 αὑτοῦ.
1690 539 1708 572 ι

131 599 297 655 Ἐστι
344 601 442 672 τῆς
485 605 789 677 μαρτυρίας
813 610 1016 681 ταύτης
1045 611 1449 685 ἀσφαλέστερόν
1471 631 1524 666 τι
1552 613 1584 685 ἢ
1618 631 1714 666 σα-

131 690 427 762 φέστερονς
460 694 572 747 Οὐκ
601 696 708 766 ἄρα
738 697 824 752 διά
853 698 1056 753 τούτων
1100 703 1439 774 μανθάνομεν
1487 706 1534 758 οἱ
1575 707 1711 760 ἀπο-

131 782 450 852 τασσόμενοι
500 785 576 856 τῷ
621 787 811 860 κόσμῳ
872 791 1092 856 τελείως
1138 795 1561 858 ἀποτάσσεσθαι,
1618 797 1712 850 καὶ

129 871 303 936 οὕτως
337 874 430 930 ἐπὶ
461 875 550 929 τὸν
581 879 814 949 πόλεμον
854 882 1148 949 ἐκϐαίνειν,
1183 888 1231 938 εἰ
1265 886 1338 957 μὴ
1369 887 1458 940 διὰ
1485 888 1578 941 τοῦ
1619 888 1714 958 βα·-

131 965 241 1015 ὶ.είν
273 964 449 1034 ἀρχὴν
477 967 679 1039 χαύνην
701 971 792 1024 καὶ
816 971 1218 1046 διεφθαρμένην
1240 978 1564 1049 ἀνατρέπειν
1584 981 1713 1043 τοὺς

131 1053 324 1118 ἄλλους
375 1055 484 1110 ἀπὸ
534 1059 634 1130 τῆς
688 1061 1048 1136 εὐαγγελικῆς
1079 1066 1432 1138 τελειότητος.
1497 1069 1713 1141 Ἐπειδὴ

135 1143 183 1194 Σὲ
216 1161 360 1208 τινες
398 1147 457 1200 τὸ
500 1149 678 1214 καλῶς
719 1153 1008 1224 εἰρημένον
1030 1159 1096 1227 τῇ
1124 1157 1345 1229 Γραφῇ·
1377 1178 1395 1209 ι
1431 1161 1713 1232 Μακάριόν

125 1236 246 1287 ἐστι
269 1235 487 1299 διδόναι,
515 1238 546 1309 ἢ
577 1239 904 1311 λαμϐάνειν,
935 1264 953 1294 ι
989 1247 1170 1310 κακῶς
1195 1249 1576 1320 ἐρμηνεύουσι,
1596 1252 1715 1322 βιω-

125 1326 349 1396 ζόμενοι
381 1330 515 1400 πρὸς
541 1332 640 1402 τὴν
673 1333 808 1387 ἰδίαν
843 1337 1058 1408 ἀπάτην
1085 1341 1177 1392 καὶ
1204 1339 1301 1410 τὴν
1333 1342 1434 1411 τῆς
1459 1341 1716 1415 φιλαργυ-

123 1419 254 1489 ρίας
320 1422 613 1493 ἐπιθυμίαν
661 1425 758 1496 τὴν
802 1426 1010 1482 ἔννοιαν
1039 1430 1130 1482 τοῦ
1167 1433 1330 1503 ῥητοῦ
1365 1435 1716 1506 παραλογιζόὲ

130 1527 312 1579 μενοι,
335 1513 428 1565 καί⁵
454 1514 550 1583 τὴν
579 1515 672 1568 τοῦ
695 1517 897 1586 Κυρίου
924 1519 1268 1575 διδασκαλίαν
1294 1523 1391 1594 τὴν
1418 1525 1710 1594 λέγουσανο

131 1621 150 1652 ι
192 1601 256 1654 Εἰ
305 1601 478 1667 Θέλεις
539 1605 743 1670 τέλειος
797 1604 958 1671 εἶναι,
987 1610 1244 1684 πώλησόν,
1294 1632 1386 1667 σου
1426 1615 1496 1668 τά
1536 1615 1713 1688 ὑπάρ-

127 1709 319 1763 χοντα,
349 1693 442 1746 καὶ
476 1691 563 1758 δὸς
592 1700 843 1767 πτωχοῖς,
876 1699 969 1752 καὶ
997 1700 1140 1765 ἕξεις
1162 1701 1711 1775 θησαυρδνίένιούρα-

1815 523 2014 579 bellum
2048 523 2449 596 procedendum
2474 539 2629 589 esse;
2661 539 2727 578 ne
2755 523 2893 578 forte
2915 539 2981 577 ex
3010 524 3159 578 melli
3181 530 3237 578 et
3263 539 3388 580 cor-

1813 625 1976 687 rupto
2019 617 2176 671 initio
2203 616 2340 672 alios
2365 616 2433 672 ab
2460 614 2782 686 Evangelica
2814 616 3148 685 perfectione
3169 625 3386 669 averta-

1813 721 1958 761 mus.
1997 705 2108 777 (98)
2143 706 2593 778 Quandoquidem
2618 721 2747 760 vero
2773 704 2903 760 illud
2931 705 3100 774 probe
3136 705 3192 758 in
3236 702 3386 758 Scri-

1814 806 1971 866 ptura
2000 797 2245 852 dictum:
2273 815 2291 848 ι
2316 795 2537 852 Bestius
2554 805 2636 850 est
2661 795 2791 850 dare
2811 809 2972 866 quam
2998 795 3241 863 accipere
3264 793 3330 856 ⁸⁸,
3363 813 3382 844 ι

1813 888 1954 944 male
1981 888 2201 958 quidam
2230 887 2679 960 interpretantur,
2702 887 2920 956 vimque
2942 887 3132 940 litterae,
3159 885 3386 952 faciunt,

1813 987 1978 1050 atque
2007 979 2084 1035 ad
2111 980 2386 1050 propriam
2419 979 2662 1034 fraudem
2703 986 2763 1032 et'
2789 979 2854 1031 ad
2894 976 3140 1047 pecuniae
3180 990 3387 1029 coacu-

1813 1071 2137 1140 piscentiam
2173 1071 2302 1126 dicti
2335 1072 2657 1127 sententiam
2689 1069 2858 1139 322‘
2881 1069 3226 1138 detorquent,
3258 1082 3387 1120 nec-

1814 1173 1924 1214 non
1977 1158 2189 1213 Domini
2223 1159 2555 1222 doctrinam,
2590 1173 2710 1228 qua:
2763 1158 2843 1211 sic
2898 1156 3062 1210 habet
3094 1173 3110 1209 :
3152 1173 3173 1206 ι
3211 1154 3267 1208 Si
3302 1155 3388 1209 vis

1815 1255 2094 1326 perfectus
2121 1270 2263 1318 esse,
2299 1253 2474 1308 vende
2499 1253 2682 1314 omnia
2715 1265 2836 1320 quae
2862 1249 3031 1302 habes
3064 1257 3114 1302 et
3150 1245 3219 1300 da
3251 1262 3386 1316 pau-

1815 1347 2063 1417 perihus,
2089 1353 2143 1402 et
2167 1345 2394 1400 habebis
2419 1345 2732 1398 thesaurum
2763 1343 2816 1395 in
2847 1341 3008 1407 coelo,
3035 1348 3088 1395 et
3110 1338 3256 1400 veni,
3295 1353 3386 1392 se-

1814 1454 1982 1508 quere
2025 1453 2112 1492 me
2143 1437 2189 1468 "
2222 1456 2236 1491 :
2273 1456 2290 1487 ι
2331 1443 2396 1490 et"
2425 1435 2673 1505 judicant
2709 1433 3023 1488 divitiarum
3067 1429 3381 1484 facultatem

1815 1535 2139 1599 paupertate
2183 1527 2481 1581 feliciorem
2538 1541 2682 1588 esse,
2726 1539 2892 1594 seque
2946 1539 3012 1578 ex
3067 1519 3383 1591 huiusmodi

1815 1618 2153 1672 abundantia
2183 1632 2346 1687 posse
2392 1616 2765 1686 indigentibus
2794 1612 3017 1686 largiri;
3067 1612 3244 1668 sciant
3277 1611 3385 1664 hu-

1809 1705 2052 1774 iusmodi
2099 1705 2350 1760 homines
2398 1719 2460 1760 se
2505 1703 2749 1758 nondum
2783 1703 2987 1758 mundo
3017 1699 3383 1762 renuntiasse.

122 1782 225 1855 νῷ,
244 1785 337 1838 καὶ
355 1784 532 1857 δεῦρο,
554 1787 830 1843 ἀκολούθει
855 1809 975 1861 μοι·
1005 1813 1022 1844 ι
1043 1795 1133 1847 καὶ
1159 1797 1526 1868 κρίνουσι.τῆς
1552 1799 1708 1870 ἀκτητ

1815 1814 1998 1868 neque
2023 1797 2302 1852 ambulare
2347 1796 2402 1850 in
2451 1794 2754 1850 monastica
2811 1793 3166 1864 perfectione,
3207 1803 3386 1860 quan-

124 1875 368 1947 μοσύνης
425 1879 840 1952 μακαριώτερον
895 1884 954 1937 τὸ
1007 1885 1345 1952 ἐξλουσιάζειν
1408 1889 1503 1942 τοῦ
1575 1891 1706 1944 ἰδίου

124 1967 380 2029 πλούτου,
411 1971 503 2022 καὶ
534 1972 596 2023 ἐκ
623 1971 720 2042 τῆς
764 1972 950 2027 τούτου
1006 1979 1316 2048 περιουσίας
1358 1978 1554 2033 διδόναι
1597 1984 1708 2045 τοῖς

121 2059 429 2129 δεομένοιςο
459 2062 874 2128 γινωσκέτωσαν
915 2068 971 2118 οἰκ
995 2069 1220 2122 τοιοῦτοι
1251 2073 1416 2142 μήπω
1446 2074 1710 2126 ἀποτετά-

124 2149 256 2219 χθαι
277 2149 355 2220 τῷ
379 2151 588 2222 κόσμῳ,
615 2154 748 2224 μηδέ
777 2157 1028 2227 ἐπιϐῆναι
1057 2159 1156 2229 τῆς
1190 2167 1482 2234 μοναχικῆς
1509 2164 1706 2217 τελειό-

124 2256 312 2311 τητος,
343 2243 426 2310 ἐφ’
460 2244 581 2297 ὅσον
614 2247 1030 2316 ἐπαισχύνονται
1060 2252 1158 2321 τὴν
1185 2254 1322 2324 ὑπὲρ
1350 2255 1586 2322 Χριστοῦ
1623 2256 1708 2312 ἐν·

121 2331 280 2396 δοξον
319 2333 456 2402 μετά
496 2334 591 2388 τοῦ
625 2336 944 2392 Ἀποστόλου
976 2342 1262 2397 ἀναλαϐεῖν
1295 2347 1585 2416 πτωχείαν,
1614 2350 1708 2402 καὶ

122 2427 227 2497 τὴν
254 2426 363 2478 τῶν
394 2428 591 2499 χειρῶν
620 2431 880 2498 ἐργασίαν
913 2435 1124 2500 ἑαυτοῖς
1148 2455 1204 2491 τε
1235 2439 1326 2492 καὶ
1358 2441 1468 2502 τοῖς
1515 2439 1706 2512 δεομέ-

127 2535 244 2584 νοις
277 2521 590 2592 ὑπηρετεῖν.
635 2524 700 2578 Εἰ
739 2525 795 2578 δέ
840 2526 1198 2598 ἐπιθυμοῦσιν
1234 2529 1382 2602 ἔργῳ
1419 2532 1708 2604 πληρῶσαι

124 2613 229 2682 τὴν
258 2614 548 2684 μοναδικὴν
573 2615 924 2686 ἐπαγγελίαν,
953 2623 1047 2674 καί
1085 2620 1223 2692 μετά
1251 2621 1342 2675 τοῦ
1385 2624 1708 2678 Ἀποστόλου

121 2699 447 2773 δοξασθῆναι
475 2704 956 2777 διασκορπίσαντες
985 2709 1077 2762 τὸν
1119 2709 1348 2762 παλαιὸν
1397 2711 1624 2765 πλοῦτον
1648 2713 1708 2765 ἐν

124 2792 271 2864 λιμῷ
301 2794 392 2847 καὶ
415 2794 553 2864 δίψει
581 2797 674 2850 καὶ
701 2798 1017 2869 γυμνότητι,
1052 2800 1189 2870 μετὰ
1213 2801 1303 2854 τοῦ
1325 2802 1538 2855 Παύλου
1558 2803 1706 2872 ἀγω-

122 2885 460 2950 νιζέσθωσαν
508 2887 600 2941 τὸν
656 2887 821 2943 καλὸν
877 2890 1084 2960 ἀγῶνα.
1121 2893 1230 2946 Καὶ
1268 2893 1373 2965 γὰρ
1402 2895 1536 2947 εἰτὸ
1564 2894 1706 2965 ἔχειν

127 2978 359 3032 παλαιὸν
404 2978 629 3032 πλοῦτον
676 2981 1096 3055 ἀναγκαιότερον
1135 2984 1426 3052 ἐγίνωσκεν
1456 2986 1592 3058 πρὸς
1621 3004 1707 3040 τε-

124 3068 344 3122 λείωσιν
373 3069 401 3122 ὁ
431 3067 589 3134 αὐτὸς
632 3069 1084 3138 Ἀπόστολος,ούκ
1115 3075 1181 3128 ἂν
1206 3076 1577 3148 κατεφρόνησε
1607 3077 1707 3148 τῆς

125 3159 354 3232 πρώτης
404 3159 569 3214 αὐτοῦ
619 3161 802 3229 ἀξίας·
857 3165 1126 3236 ἐπίσημον
1179 3166 1288 3238 γάρ
1334 3168 1481 3238 λέγει
1517 3170 1709 3224 ἐαυτὸν

121 3251 428 3320 γεγονέναι,
452 3255 546 3307 καὶ
579 3254 802 3326 πολίτην
834 3257 1139 3328 Ῥωμαίων.
1170 3258 1280 3312 Καὶ
1311 3261 1360 3312 οἱ
1389 3260 1447 3313 ἐν
1478 3260 1707 3331 Ἱεροσο-

125 3344 323 3416 λύμοις
352 3346 428 3411 δὲ,
458 3346 654 3409 οἵτινες
683 3347 922 3400 ἐπώλουν
946 3349 1043 3413 τὰς
1065 3349 1240 3412 οἰκίας
1268 3350 1444 3402 αύτῶν
1473 3351 1709 3414 καὶτοὺς

129 3441 356 3514 ἀγροὺς,
374 3441 468 3494 καί
489 3440 733 3494 ἐτίθεσαν
759 3441 908 3514 παρά
923 3444 1045 3507 τοὺς
1065 3443 1228 3507 πόδας
1245 3443 1351 3498 τῶν
1373 3443 1706 3508 ἀποστόλων,

127 3534 232 3588 οὐκ
265 3533 332 3588 ἂν
363 3533 518 3587 τοῦτο
552 3533 846 3605 ἔπραττον,
893 3535 942 3587 εἰ
984 3536 1364 3607 κεκρυμμένον
1413 3537 1708 3605 ἐγίνωσκον

125 3627 236 3680 ὑπὸ
265 3626 372 3680 τῶν
398 3627 707 3680 ἀποστόλων
733 3626 1142 3700 μακαριώτερον
1163 3625 1318 3694 εἶναι,
1335 3629 1396 3682 τὸ
1424 3632 1535 3694 τοῖς
1560 3629 1707 3694 ἰδίοις

128 3719 375 3790 χρήμασι
405 3717 697 3789 τρέφεσθαι
733 3719 826 3772 καί
857 3721 931 3792 μὴ
969 3721 1200 3793 καμάτῳ
1235 3723 1350 3794 ἰδίῳ
1374 3724 1468 3777 καὶ
1497 3727 1563 3795 τῇ
1598 3724 1708 3778 τῶν

125 3810 328 3881 χειρῶν
363 3809 612 3881 ἐργασία.
638 3810 974 3883 Σαφέστερον
1003 3812 1058 3865 δέ
1086 3812 1326 3867 διδάσκει
1357 3815 1483 3886 περί
1517 3815 1707 3868 τούτου

125 3908 156 3958 ὁ
172 3906 462 3978 εἰρημένος
493 3906 830 3970 Ἀπόστολος,
853 3909 909 3961 ἐν
928 3903 1009 3973 οἷς
1024 3909 1223 3979 γράφει
1255 3910 1545 3980 Ῥωμαίοις
1557 3911 1704 3964 τάδε’

132 4015 152 4047 ι
177 3995 314 4048 Νυνὶ
341 3995 399 4048 δέ
425 3995 725 4067 πορεύομαι
755 3999 834 4061 εἰς
868 3997 1214 4070 Ἱεροσόλυμα
1244 4000 1560 4072 διακονῆσαι
1595 4005 1708 4066 τοῖς

126 4087 325 4154 ἁγίοις.
371 4087 694 4158 Ηύδόκησαν
737 4088 844 4162 γὰρ
889 4091 1192 4144 Μακεδονία
1237 4092 1332 4146 καὶ
1367 4093 1556 4162 ’Λχατα
1595 4110 1709 4146 κοι-

125 4176 324 4232 νωνίαιν
354 4177 476 4230 τινὰ
508 4178 833 4250 ποιήσασθαι
873 4181 951 4242 εἰς
981 4182 1106 4245 τοὺς
1139 4182 1385 4252 πτωχοὺς
1410 4183 1518 4236 τῶν
1539 4183 1723 4251 ἁγίων»

125 4269 238 4323 τῶν
265 4271 325 4324 ἐν
362 4270 733 4342 Ἰερουσαλήμ.
793 4291 811 4323 ι
855 4265 1021 4336 Οὗτος
1052 4273 1110 4326 δέ
1149 4272 1388 4343 δέσμιος,
1410 4275 1504 4327 καί
1541 4275 1710 4344 φυλα-

129 4362 255 4423 καῖς
287 4357 566 4424 πολλάκις,
595 4361 688 4413 καὶ
715 4360 794 4430 τῷ
833 4361 1057 4433 σκυλμῷ
1099 4363 1198 4430 τῆς
1246 4362 1553 4434 ὁδοιπορίας
1579 4365 1711 4416 ὑπο-

129 4449 372 4521 θληθείς,
407 4451 502 4503 καὶ
564 4449 989 4522 ἐμποδιζόμενος
1041 4455 1104 4506 ἐκ
1149 4452 1362 4516 τούτου,
1397 4454 1472 4518 ὡς
1505 4453 1706 4520 εἰώθει,

127 4543 251 4604 ταῖς
297 4541 451 4607 ἰδίαις
506 4543 662 4614 χερσί
708 4542 1093 4617 προσπορίζειν
1148 4543 1324 4614 ἐαυτῷ
1367 4545 1463 4610 τάς
1500 4545 1708 4618 χρείας,

129 4631 336 4696 ταύτας
383 4633 663 4704 εἰληφέναι
692 4633 933 4688 διδάσκει
972 4634 1120 4705 παρά
1158 4637 1268 4690 τῶν
1307 4635 1572 4704 ἀδελφῶν,
1599 4635 1714 4689 τῶν

129 4727 242 4781 ἀπὸ
271 4728 605 4792 Μακεδονίας
635 4729 770 4800 πρὸς
795 4729 955 4782 αὐτόν
984 4729 1245 4784 ἐλθόντων
1275 4731 1526 4799 φάσκων..⁹
1566 4748 1585 4780 ι
1637 4730 1714 4781 Τδ

130 4818 240 4889 γὰρ
271 4818 557 4889 ὑστέρημά
590 4837 691 4890 μου
722 4819 1109 4890 ἀνεπλήρωσαν
1136 4820 1185 4871 οἰ
1215 4819 1431 4888 ἀδελφοὶ
1469 4819 1713 4883 ἐλθόντες

131 4902 242 4955 ἀπὸ
268 4903 632 4968 Μακεδονίας·
669 4923 688 4954 ι
713 4904 806 4956 καὶ
825 4903 1222 4974 Φιλιππησίοις·
1252 4923 1270 4953 ι
1310 4905 1429 4957 Ὅτι
1461 4905 1518 4958 ἐν
1567 4904 1712 4974 ἀρχῇ

132 4989 226 5044 τοῦ
252 4991 580 5060 Εὑαγγελίου
613 4991 924 5058 ἐξελθόντος
941 5009 1042 5063 μου
1066 4993 1175 5045 ἀπὸ
1210 4992 1544 5055 Μακεδονίας
1564 4992 1714 5045 οὔδε-

136 5081 266 5151 μίαν
310 5079 634 5152 Ἐκκλησίαν
659 5081 1012 5152 ἐκοινώνησεν
1043 5083 1122 5144 είς
1149 5081 1304 5149 λόγον
1327 5081 1525 5145 δόσεως
1553 5081 1586 5152 ἦ
1616 5081 1715 5152 λή-

129 5173 300 5241 ψεως,
331 5172 378 5223 εἰ
411 5171 486 5242 μὴ
517 5172 674 5242 ὑμεῖς
699 5173 882 5245 μόνοιν
901 5173 983 5226 ὅτι
1013 5172 1107 5225 καὶ
1139 5173 1201 5224 ἐν
1224 5171 1593 5244 Θεσσαλονίκῃ
1616 5172 1710 5224 καὶ

125 5261 280 5326 ἅπαξ
309 5262 402 5315 καὶ
440 5261 522 5326 δὶς
561 5263 836 5334 ἐπέμψατέ
870 5281 958 5331 μοι
987 5262 1086 5334 τὴν
1121 5263 1330 5333 χρείαν.
1369 5281 1386 5313 ι
1424 5264 1710 5316 Ἔστωσαν

1815 1889 1908 1943 diu
1939 1889 2270 1943 erubescunt
2293 1903 2394 1958 pro
2413 1886 2632 1942 Christo
2662 1885 2952 1956 gloriosam
2982 1897 3106 1938 cum
3140 1878 3385 1952 apostolo

1816 1994 2098 2034 assumere
2139 1983 2534 2048 paupertatem,
2577 1985 2741 2046 atque
2780 1992 2844 2030 ex
2897 1989 3062 2044 opere
3121 1983 3383 2026 manuum

1816 2070 1918 2124 sibi
1965 2070 2261 2140 egenisque
2294 2069 2604 2125 subvenire.
2646 2066 2798 2133 Quod
2836 2066 2881 2120 si
2914 2064 3225 2120 desiderent
3263 2073 3384 2115 mo-

1815 2164 2082 2218 nasticam
2134 2177 2297 2232 opere
2351 2163 2625 2231 complere
2673 2158 3112 2229 promissionem,
3160 2162 3215 2209 et
3257 2167 3384 2207 cum

1813 2256 2076 2324 Apostolo
2101 2255 2328 2325 gloriam
2352 2256 2618 2324 accipere,
2649 2251 2964 2308 distributis
2997 2246 3272 2302 veteribus
3299 2243 3384 2298 di-

1814 2349 1985 2408 vitiis,
2008 2349 2064 2402 in
2093 2346 2254 2411 fame,
2281 2346 2369 2402 siti
2396 2355 2448 2401 et
2475 2344 2741 2410 nuditate,
2763 2359 2885 2398 cum
2918 2340 3088 2395 Paulo
3107 2339 3388 2394 decertent

1815 2442 2020 2496 bonum
2055 2447 2330 2494 certamen
2362 2438 2430 2494 ⁸⁷.
2473 2437 2584 2508 (99)
2610 2435 2744 2490 Nam
2778 2434 2824 2490 si
2867 2433 2935 2488 ad
2970 2431 3383 2504 perfectionem,

1813 2530 2184 2587 necessariam
2213 2537 2520 2600 reputasset
2550 2529 2667 2599 ipse
2699 2526 2992 2598 Apostolus
3023 2532 3272 2579 veterum
3295 2519 3383 2576 di-

1812 2624 2068 2678 vitiarum
2089 2622 2542 2694 possessionem,
2596 2619 2831 2689 priorem
2883 2631 3036 2672 suam
3067 2613 3383 2684 dignitatem

1823 2715 2051 2769 minime
2079 2713 2421 2784 despexisset
2459 2729 2472 2765 :
2506 2728 2565 2767 se
2598 2710 2799 2780 quippe
2831 2709 3095 2763 illustrem
3128 2713 3183 2760 et
3208 2703 3384 2758 civem

1815 2805 1986 2861 fuisse
2011 2803 2314 2859 Romanum
2347 2810 2582 2857 testatur
2611 2803 2702 2857 ⁸⁷⁶.
2737 2799 2838 2867 Qui
2872 2808 3054 2853 autem
3078 2795 3387 2864 Hierosoly-

1815 2913 1916 2952 nue
1945 2897 2138 2951 domos
2167 2896 2474 2951 vendebant
2512 2901 2566 2949 et
2597 2893 2796 2965 praedia
2846 2909 2966 2956 sua,
3011 2899 3066 2946 et
3119 2889 3185 2945 ad
3220 2888 3386 2959 pedes

1814 2985 2184 3053 apostolorum
2219 2986 2560 3056 deponebant
2587 2987 2654 3050 ⁸⁸,
2687 2999 3026 3055 nequaquam
3067 2981 3198 3037 illud
3241 2981 3388 3050 egis-

1755 3138 1776 3158 ‘
1814 3084 1961 3142 sent,
1994 3076 2041 3131 si
2095 3085 2346 3142 nossent,
2377 3077 2654 3132 aestimare
2690 3077 2968 3148 apostolos
3020 3073 3234 3128 felicius
3262 3086 3387 3126 esse

1815 3168 2060 3236 pecuniis
2099 3171 2218 3223 suis
2250 3170 2343 3234 ali,
2377 3184 2538 3239 quam
2572 3167 2757 3222 labore
2784 3166 3003 3237 preprio
3035 3172 3089 3220 et
3126 3177 3384 3218 manuum

1814 3271 1996 3326 opere.
2024 3257 2307 3329 Liquidius
2352 3266 2532 3313 autem
2579 3273 2698 3313 eam
2740 3273 2856 3312 rem
2904 3256 3065 3310 docet
3097 3255 3387 3324 Apostolus

1815 3346 1869 3399 in
1904 3362 2003 3402 sua
2038 3349 2104 3403 ad
2137 3348 2418 3404 Romanos
2444 3347 2692 3419 Epistola
2723 3363 2736 3399 :
2769 3366 2788 3399 ι
2819 3346 2978 3401 Nunc
3007 3355 3186 3399 autem
3216 3345 3388 3414 profl-

1815 3437 1994 3492 ciscar
2029 3438 2082 3493 in
2113 3438 2436 3502 Jerusalem,
2491 3437 2809 3494 ministrare
2837 3437 3064 3493 sanctis.
3112 3435 3388 3490 Probave-

1815 3539 1944 3584 runt
1984 3531 2128 3584 enim
2182 3529 2496 3586 Macedonia
2537 3538 2592 3585 et
2628 3529 2831 3584 Achaia
2857 3569 2872 3592 ,
2912 3529 3256 3583 collationem
3287 3527 3388 3581 ali-

1815 3637 1976 3691 quam
2010 3621 2190 3677 facere
2244 3623 2298 3676 in
2344 3637 2620 3692 pauperes
2656 3629 2994 3682 sanctorum,
3033 3621 3127 3689 qui
3159 3627 3287 3673 sunt
3332 3619 3386 3673 in

1813 3709 2112 3766 Jerusalem
2143 3711 2210 3766 ".
2252 3729 2270 3762 ι
2325 3709 2445 3780 Ipse
2502 3719 2683 3764 autem
2721 3709 2940 3764 vinetus
2981 3710 3304 3780 plerumque
3331 3716 3388 3764 et

1815 3802 1872 3856 in
1895 3801 2230 3866 carceribus,
2261 3801 2581 3872 itinerisque
2605 3798 2966 3855 incommodis
2994 3798 3269 3862 subditus,
3303 3805 3390 3852 at-

1814 3909 1920 3962 quc
1949 3907 2014 3946 eo
2047 3892 2356 3962 impeditus,
2380 3908 2469 3957 ne,
2502 3892 2579 3946 uti
2613 3891 2840 3956 solebat,
2871 3891 3110 3971 prepriis
3135 3889 3389 3945 manibus

1815 3983 2128 4039 necessaria
2162 3982 2266 4038 sibi
2315 3994 2553 4053 pararet,
2589 3997 2656 4038 ea
2701 3999 2761 4039 se
2805 3983 3084 4052 accepisse
3116 3983 3276 4037 docet
3317 3983 3388 4038 ab

1774 4091 1777 4094 '
1815 4076 1998 4146 iis-qui
2031 4092 2062 4144 e
2090 4075 2406 4131 Macedonia
2433 4085 2593 4130 erant
2629 4074 2913 4141 fratribus,
2943 4075 3146 4144 quique
3169 4089 3227 4128 se
3255 4090 3390 4130 con-

1815 4173 2097 4233 venerant,
2138 4168 2292 4223 aiens
2327 4186 2342 4223 :
2383 4187 2401 4218 ι
2438 4166 2573 4221 Nam
2605 4167 2751 4237 quod
2791 4166 2924 4221 mihi
2955 4167 3143 4221 deerat
3166 4167 3390 4236 supple-

1814 4265 2010 4312 verunt
2052 4256 2250 4312 fratres
2287 4257 2379 4327 qui
2416 4263 2684 4310 venerunt
2730 4271 2761 4310 a
2809 4255 3122 4311 Macedonia
3153 4257 3218 4309 σθ.
3261 4276 3280 4308 ι
3323 4255 3390 4308 Ει

1815 4346 1884 4399 ad
1915 4345 2334 4417 Philippenses:
2365 4366 2383 4397 ‹
2407 4345 2562 4412 Quod
2585 4347 2638 4399 in
2659 4345 2927 4416 principio
2959 4345 3234 4416 Evangelii
3262 4359 3388 4399 cum

1815 4439 1964 4493 nulla
1997 4437 2241 4494 Ecclesia
2270 4437 2671 4492 communicavi
2694 4435 2748 4490 in
2779 4437 2992 4492 ratione
3029 4436 3140 4490 dati
3176 4444 3270 4490 aut
3299 4451 3390 4491 ac-

1817 4531 1984 4601 cepti,
2017 4531 2125 4585 nisi
2156 4531 2441 4585 vobiscum
2481 4529 2619 4586 solis
2655 4547 2668 4584 :
2708 4529 2836 4599 quia
2883 4536 2938 4583 et
2987 4527 3392 4583 Thessalonicae

1817 4623 1986 4678 semel
2015 4629 2071 4677 et
2091 4622 2177 4678 bis
2203 4622 2257 4676 in
2297 4637 2457 4676 usum
2493 4621 2626 4674 mihi
2671 4619 2854 4676 fuistis
2879 4620 2945 4672 “.
2986 4638 3004 4670 ι
3042 4620 3165 4675 Sint
3205 4623 3394 4690 itaque

1817 4715 1989 4776 avari,
2013 4712 2169 4784 juxta
2201 4729 2358 4769 suam
2396 4713 2747 4776 sententiam,
2785 4710 3049 4782 Apostolo
3071 4711 3342 4768 beatiores
3374 4731 3389 4766 :

1817 4803 2260 4875 quandoquidem
2292 4803 2426 4874 ipsis
2453 4819 2519 4857 ex
2545 4804 2765 4875 propria
2789 4803 3118 4869 substantia,
3137 4819 3258 4872 qum
3286 4803 3391 4858 sibi

1820 4895 2130 4951 necessaria
2162 4902 2315 4958 sunt,
2353 4895 2794 4965 suppeditantur.
2842 4893 2947 4948 Sed
2989 4908 3151 4948 nemo
3189 4893 3295 4947 nisi
3335 4892 3392 4946 in

1817 4996 2116 5044 extremam
2147 4986 2414 5042 deciderit
2459 4985 2754 5041 amentiam
2810 4984 2864 5040 id
2924 4985 3172 5056 proferre
3221 4995 3392 5040 ausus

1818 5079 2003 5135 fuerit.
2038 5077 2118 5150 (l)
2161 5077 2219 5133 Si
2250 5080 2506 5134 volumus
2552 5079 2741 5149 itaque
2778 5076 3150 5146 evangelicum
3178 5083 3232 5129 et
3259 5090 3395 5144 apo-

1817 5172 2071 5225 stolicum
2111 5171 2266 5241 sequi
2302 5177 2657 5243 praeceptum,
2685 5179 2848 5240 atque
2889 5169 3198 5224 universam
3227 5180 3393 5238 supra

1816 5263 2094 5332 apostolos
2125 5263 2194 5317 ab
2223 5263 2381 5318 initio
2406 5261 2686 5318 fundatam
2715 5262 3048 5329 Ecclesiam;
3081 5275 3152 5316 ne
3179 5257 3393 5330 opinio-

205 5479 251 5510 "
439 5495 530 5559 xi,
559 5479 679 5559 3’25."
731 5481 778 5514 ⁸⁸
818 5479 1004 5559 Matth.
1062 5481 1312 5559 ζιελ-21.
1389 5482 1436 5515 ⁸⁷
1476 5481 1519 5538 ΙΙ
1549 5482 1708 5559 ξῙξίιιιοη

1827 5527 1841 5552 ,
1880 5486 1928 5540 7.
2007 5489 2076 5520 ³⁷·
2116 5486 2235 5542 Act.
2271 5487 2548 5553 “11,25.
2624 5489 2671 5524 ⁸⁸
2709 5488 2828 5544 Act.
2865 5501 2942 5554 Iv,
2977 5485 3068 5543 55.
3141 5484 3190 5520 ⁸⁹
3226 5481 3388 5543 Rom.

130 5567 222 5611 xv,
295 5541 385 5604 25.
475 5549 520 5581 ‘°
559 5547 603 5602 ll
639 5549 767 5611 Cor.
804 5569 891 5619 ιι,
933 5554 984 5609 9.
1073 5555 1113 5585 “
1156 5541 1391 5624 Philipp.
1425 5570 1497 5619 Iv,
1543 5553 1610 5610 13

207 5669 318 5731 (98)
356 5665 492 5722 Ibid.
523 5685 572 5722 c.
604 5668 690 5721 ts.
1104 5710 1137 5735 ,

206 5738 318 5809 {99)
358 5735 490 5793 Ibid.
517 5755 565 5794 c.
603 5738 688 5793 17.

1892 5673 1964 5744 (ι)
1998 5672 2129 5730 Ibid.
2163 5692 2210 5730 ρ.
2250 5673 2332 5730 ιε.
