3868 6206
427 248 530 304 887

1547 241 1606 298 5.
1646 240 2114 298 ATIlANASlUS.
2153 272 2222 284 —
2249 240 2463 298 DUBIA

3568 230 3676 287 838

429 361 591 418 nibus
631 358 839 423 nostris
872 357 1338 428 obtemperemus,
1394 369 1496 411 nec
1545 370 1608 410 ea
1664 371 1787 426 quae
1823 355 1996 426 probe

2116 353 2275 408 τοίνυν
2323 353 2463 408 κατά
2501 351 2598 424 τὴν
2636 350 2861 423 γνώμην
2888 350 2997 404 τῶν
3030 347 3379 420 φιλαργύρων
3412 347 3507 400 καὶ
3530 338 3677 399 οὗτοι

429 455 574 508 dicta
629 460 758 508 sunt
814 465 1098 522 perperam
1152 448 1542 520 intelligamus,
1595 462 1660 503 ac
1713 448 2001 518 repudiato

430 544 615 616 tepido
638 545 731 598 illo
759 551 923 614 atque
947 540 1231 598 incredulo
1251 541 1417 613 animi
1441 541 1658 603 all'cctu,
1685 547 2001 595 accuratum

415 637 709 719 'Evangelii
762 637 1002 693 studium
1040 650 1420 706 assequamur.
1464 630 1539 687 Ea
1566 633 1768 705 quippe
1797 633 2005 689 ratione

432 731 737 787 valebimus
802 740 1117 786 sanctorum
1176 728 1399 784 Patrum
1447 727 1703 797 subsequi
1751 725 2002 797 vestigia,

436 833 600 895 atque
621 839 651 877 a
680 820 917 877 cosnobii
951 820 1179 876 scientia
1204 826 1258 875 et
1280 819 1533 874 instituto
1565 833 1843 889 nunquam
1877 819 2003 872 abs-

436 918 667 981 cedere,
702 914 943 984 itemque
992 927 1182 968 revera
1226 911 1356 966 huic
1411 909 1615 965 mundo
1671 909 2004 965 renuntiare.

437 1009 515 1080 (Ξ)
541 1006 728 1078 Opera:
759 1014 940 1062 autem
966 1005 1197 1076 pretium
1218 1002 1382 1058 fuerit
1404 1003 1507 1057 hoc
1536 1003 1657 1057 loco
1692 1010 2008 1057 sanctorum

438 1100 656 1155 Patrum
685 1100 827 1155 dicta
857 1111 1178 1152 memorare.
1214 1093 1408 1150 Fertur
1441 1096 1624 1165 itaque
1654 1093 1827 1149 sancti
1859 1093 2010 1148 Basi-

439 1194 496 1248 lii
526 1192 767 1263 episcopi
798 1190 1059 1245 Caesareae
1107 1186 1465 1258 Cappadociae
1498 1201 1680 1242 sermo
1710 1185 1781 1238 ad
1812 1174 2011 1254 quem-

439 1289 564 1340 dam
604 1283 937 1339 senatorium
961 1280 1159 1346 virum,
1185 1280 1276 1349 qui
1307 1280 1486 1349 tepide
1508 1277 1709 1333 mundo
1733 1277 2007 1332 abrenun-

440 1378 618 1439 tiavit,
651 1383 705 1430 et
733 1373 824 1445 qui
857 1388 923 1427 ex
959 1371 1207 1442 pecuniis
1237 1371 1353 1426 suis
1383 1369 1658 1440 quidpiam
1696 1365 2008 1429 reservavit,

440 1469 647 1522 dictum
704 1462 975 1533 ejusmodi
1026 1482 1037 1517 :
1101 1461 1166 1515 Et
1218 1461 1553 1516 senatorium
1605 1456 1907 1528 perdidisti,
1958 1465 2013 1510 et

443 1556 767 1616 monachum
799 1570 906 1610 non
932 1552 1130 1610 fecisti.
1156 1553 1231 1622 (ὃ)
1262 1551 1487 1622 Oportet
1516 1550 1681 1621 igitur
1698 1548 1851 1605 catini
1880 1562 2013 1602 cura

441 1663 505 1703 ex
539 1654 726 1701 nostra
759 1644 1081 1699 exscindere
1111 1642 1292 1696 anima
1323 1639 1563 1694 radicem
1591 1653 1654 1692 ac
1688 1634 2011 1706 principium

2103 444 2503 519 μακαριώτεροι
2552 441 2643 498 τοῦ
2694 441 3038 506 ’Δποστόλου,
3085 438 3269 512 ἐπειδὴ
3311 439 3376 491 ἐκ
3398 434 3507 489 τῶν
3533 435 3679 497 ἰδίων

2101 537 2451 593 ὑποστάσεων
2480 537 2732 609 ἐχορήγει
2760 534 2942 596 αὐτοῖς
2983 534 3104 595 ταῖς
3131 531 3363 602 χρείαις.
3412 528 3551 581 Ἀλλ’
3578 528 3682 580 οὐκ

2101 630 2166 685 ἄν
2186 647 2269 694 τις
2291 630 2370 694 είς
2392 628 2626 699 ἐσχάτην
2653 627 2834 683 ἄνοιαν
2856 621 3023 677 ἐλθὼν
3046 622 3218 675 εἰπεῖν
3235 620 3478 692 τολμήσῃ
3500 617 3679 675 τοῦτο.

2103 721 2167 775 Ei
2195 720 2372 773 τοίνυν
2402 718 2700 790 βουλόμεθα
2731 718 2808 789 τῷ
2836 711 3174 784 εὐαγγελικῷ
3209 712 3305 766 καὶ
3336 708 3683 779 ἀποστολικῷ

2105 813 2506 885 προστάγματι,
2546 813 2639 866 καὶ
2673 811 2822 885 πάσῃ
2851 810 3034 881 ἐκείνῃ
3060 811 3126 880 τῇ
3161 806 3221 872 ἐξ
3247 805 3420 878 ἀρχῆς
3449 805 3544 857 ἐπὶ
3573 802 3684 855 τῶν

2106 905 2416 960 ἀποστόλων
2435 904 2826 977 θεμελιωθείσῃ
2858 900 3152 972 Ἐκκλησία
3176 897 3574 968 ἀκολουθῆσαι·
3609 896 3685 966 μὴ

2105 1000 2225 1061 ταῖς
2258 996 2552 1068 ἡμετέραις
2583 995 2854 1058 ὑπονοίαις
2875 991 3210 1062 πειθώμεθα,
3243 989 3378 1061 μηδέ
3407 989 3477 1042 τὰ
3505 986 3689 1048 καλῶς

2107 1090 2369 1163 εἰρημένα
2416 1088 2601 1153 κακῶς
2654 1087 2894 1158 νοῶμεν·
2965 1084 3078 1138 ἀλλ’
3135 1081 3534 1154 ἀπορρίψαντες
3584 1077 3687 1149 τὴν

2108 1180 2338 1252 χλιαράν
2370 1180 2464 1233 καὶ
2493 1180 2717 1234 ἄπιστον
2747 1176 2992 1249 γνώμην,
3018 1174 3372 1246 ἀναλάϐωμεν
3400 1171 3498 1243 τὴν
3526 1169 3689 1241 ἀκρί-

2110 1276 2259 1326 ϐειαν
2306 1271 2399 1325 τοῦ
2442 1269 2797 1340 Εὑαγγελίου.
2843 1267 2999 1321 Οὕτω
3045 1267 3156 1339 γὰρ
3204 1262 3543 1334 δυνησόμεθα
3595 1261 3692 1314 καὶ

2109 1369 2220 1430 τοῖς
2255 1364 2365 1418 τῶν
2400 1363 2568 1433 ἁγίων
2615 1361 2875 1433 Πατέρων
2915 1359 3116 1430 ἴχνεσιν
3162 1354 3560 1424 ἀκολουθῆσαι,
3594 1350 3694 1404 καὶ

2111 1457 2207 1527 τῆς
2258 1457 2566 1527 ἐπιστήμης
2610 1453 2703 1507 τοῦ
2750 1451 3015 1506 κοινοὸίου
3058 1447 3321 1521 μηδέποτε
3364 1444 3692 1512 ἀποστῆναι,

2112 1551 2203 1604 καὶ
2232 1550 2290 1601 ἐν
2321 1546 2554 1619 ἀληθείᾳ.
2575 1545 2945 1611 ἀποτάξασθαι
2971 1541 3145 1610 τούτῳ
3165 1539 3242 1611 τῷ
3273 1538 3480 1608 κόσμῳ.
3508 1532 3695 1587 Καλὸν

2112 1639 2169 1692 δὲ
2195 1637 2423 1692 ἐνταῦθα
2456 1638 2550 1691 καὶ
2579 1636 2737 1705 λόγου
2780 1636 2949 1703 ἁγίων
2983 1632 3237 1703 Πατὲρων
3267 1625 3694 1699 ἐπιμνησθῆναι.

442 1739 711 1793 malorum
747 1735 1017 1797 omnium,
1047 1731 1332 1785 avaritiam
1368 1729 1578 1784 scilicet
1610 1724 2015 1797 :compcrtissi-

2116 1731 2341 1802 Φέρεται
2383 1729 2562 1785 τοίνυν
2602 1727 2699 1782 τοῦ
2749 1727 2907 1795 ἀγίου
2951 1722 3232 1778 Βασιλείου
3265 1720 3357 1774 τοῦ
3395 1717 3698 1772 ἐπισκόπου

443 1842 590 1889 mum
623 1827 903 1892 habentes,
926 1830 1177 1877 manente
1199 1820 1379 1875 radice
1402 1834 1583 1873 ramos
1608 1818 1893 1888 pullulare,
1917 1814 2019 1869 dif—

444 1916 693 1984 ﬁcileque
728 1928 851 1969 esse
893 1913 1148 1966 virtutem
1190 1923 1464 1970 exercere,
1515 1907 1619 1962 nisi
1670 1906 1723 1959 in
1768 1906 2024 1959 cmnobio

444 2011 708 2079 degamus
738 2024 752 2061 :
785 2006 839 2060 in
876 2005 996 2075 ipso
1024 2003 1168 2057 enim
1196 2002 1359 2058 etiam
1392 2000 1459 2055 de
1490 1998 1817 2054 necessariis
1854 1997 2018 2053 rebus

446 2101 584 2157 nihil
618 2115 895 2154 curamus.
938 2096 1165 2151 Ananiae
1212 2102 1267 2149 et
1304 2092 1583 2163 Sapphiraa
1614 2090 2023 2144 damnationem

448 2210 558 2265 pra!
612 2193 793 2248 oculis
833 2190 1097 2246 habentes
1151 2190 1219 2253 “,
1280 2188 1602 2242 horreamus
1653 2183 1720 2238 de
1779 2181 2023 2251 antiquis

450 2285 805 2341 facultatibus
852 2280 1130 2352 quidpiam
1186 2279 1348 2335 nobis
1399 2289 1703 2332 reservare.
1762 2272 2022 2327 Similiter

449 2375 599 2431 Giezi
628 2373 935 2443 exemplum
962 2369 1442 2440 pertimescamus,
1471 2365 1562 2435 qui
1590 2363 1830 2417 avaritia:
1855 2376 2021 2416 causa

449 2476 667 2524 acterna:
711 2465 875 2535 lepra.-
916 2463 1149 2517 traditus
1176 2468 1260 2515 est
1300 2459 1366 2514 ⁸⁸.
1396 2456 1700 2512 Caveamus
1746 2469 1814 2508 ne
1861 2453 2021 2508 nobis

452 2561 681 2630 hujusce
706 2559 828 2612 vitae
853 2558 1111 2626 pecunias
1134 2551 1562 2610 accumulemus.
1589 2562 1728 2618 quas
1745 2560 1812 2599 ne
1839 2544 1893 2599 in
1920 2545 2024 2598 hoc

452 2655 671 2726 quidem
714 2648 918 2706 mundo
951 2645 1316 2717 possedimus.
1348 2641 1661 2694 Timeamus
1695 2638 1903 2701 itidem,
1929 2633 2025 2689 ,ιυ-

453 2724 577 2801 dam
599 2745 789 2815 laqueo
806 2745 1118 2810 pereuntem
1140 2733 1425 2789 nobiscum
1444 2737 1778 2801 reputantes,
1794 2743 1860 2781 ne
1876 2724 2027 2796 quid-

455 2838 598 2909 piam
617 2847 896 2890 servemus
913 2845 978 2883 ex
997 2828 1068 2882 iis
1082 2825 1337 2881 omnibus
1355 2822 1552 2892 quibus
1568 2836 1691 2874 cum
1713 2826 2021 2886 contemptu

454 2907 910 2984 renuntiavimus.
943 2921 1020 2974 Azl
1060 2922 1175 2972 hac
1227 2914 1409 2970 omnia
1472 2911 1634 2983 323
1691 2925 1801 2981 prae
1848 2907 2026 2963 oculis

456 3031 671 3090 semper
697 3015 960 3070 habentes
984 3009 1178 3065 mortis
1204 3008 1466 3062 incertam
1499 3003 1709 3063 horam.
1738 3012 2030 3055 caveamus
2054 3031 2097 3089 ε

456 3129 550 3175 ne,
584 3124 691 3181 qua
722 3108 853 3161 hora
903 3119 1013 3159 non
1059 3108 1339 3171 putamus,
1369 3094 1554 3150 veniat
1579 3092 1863 3153 Dominus,
1897 3105 2030 3145 con-

459 3202 854 3268 scientiamque
882 3204 1125 3249 nostram
1157 3189 1397 3245 inveniat
1428 3186 1653 3240 avaritia
1681 3184 2026 3245 maculatam,

460 3296 713 3363 dicatque
761 3286 917 3342 nobis
961 3282 1092 3338 illud
1126 3279 1271 3351 quod
1303 3276 1455 3331 diviti
1506 3276 1590 3328 illi
1641 3274 1693 3328 in
1741 3273 2031 3344 Evangelia

461 3387 671 3443 dictum
701 3388 787 3437 est
823 3396 837 3432 :
873 3395 892 3427 ι
929 3375 1121 3437 Stulte,
1156 3371 1260 3426 hac
1284 3376 1443 3423 nocte
1476 3382 1506 3420 a
1540 3376 1591 3421 te
1626 3372 1879 3435 repetunt
1914 3363 2031 3417 ani-

461 3493 606 3535 mam
656 3483 827 3537 tuam,
861 3484 984 3541 qua:
1021 3475 1199 3520 autem
1237 3460 1441 3533 parasti
1481 3458 1639 3528 cujus
1666 3464 1827 3513 erunt
1853 3457 1944 3510 “‘i-
1969 3475 1996 3508 ιι

2116 1821 2450 1894 Καισαρείας
2486 1819 2882 1881 Καππαδοκίας
2914 1817 3070 1887 λόγος
3103 1815 3238 1887 πρός
3280 1828 3399 1867 τινα
3454 1808 3699 1878 συγκλη-

2114 1914 2267 1966 τικὸν
2323 1912 2563 1984 χλιαρῶς
2598 1910 3030 1982 ἀποταξάμενον,
3062 1908 3155 1961 καὶ
3203 1900 3701 1978 παρακατασχόντα

2116 2005 2237 2058 τινα
2267 2005 2374 2058 τῶν
2403 2005 2547 2058 ἰδίων
2569 2004 2889 2075 χρημάτων,
2919 2004 3073 2073 ῥῆμα
3104 1997 3345 2053 τοιοῦτον
3364 2012 3377 2025 ·
3411 2013 3429 2045 ι
3457 1995 3570 2047 Καὶ
3606 1989 3703 2043 τὸν

2119 2096 2476 2167 συγκλητικὸν
2511 2093 2814 2158 ἀπώλεσας,
2847 2094 2940 2146 καὶ
2970 2089 3198 2162 μοναχὸν
3228 2088 3327 2141 οὐκ
3363 2083 3647 2152 ἐποίησας.
3676 2098 3696 2132 ι

2119 2190 2238 2261 Χρὴ
2270 2189 2447 2242 τοίνυν
2479 2188 2626 2259 πάσῃ
2656 2185 2858 2256 σπουδῇ
2884 2183 3174 2238 ἐκκόπτειν
3212 2182 3275 2232 ἐκ
3299 2177 3399 2247 τῆς
3423 2175 3705 2247 ἡμετέρας

2118 2276 2298 2348 ψυχῆς
2323 2276 2423 2347 τὴν
2452 2275 2628 2347 ῥίζαν,
2649 2276 2742 2328 καὶ⁵
2770 2274 2945 2345 ἀρχὴν
2965 2272 3179 2325 πάντων
3204 2269 3311 2322 τῶν
3344 2265 3554 2329 κακῶν,
3578 2265 3704 2334 ἥτις

2121 2370 2268 2422 ἐστὶν
2309 2370 2341 2439 ὴ
2380 2365 2737 2439 φιλαργυρία·
2771 2365 3027 2434 ἀσφαλῶς
3055 2361 3443 2432 γινώσκοντας,
3467 2357 3575 2416 ὅτι,
3607 2372 3706 2426 με-

2121 2458 2316 2531 νούσης
2344 2458 2444 2528 τῆς
2491 2457 2663 2530 ῥίζης,
2711 2459 2766 2510 οἱ
2806 2456 2993 2510 κλάδοι·
3017 2455 3262 2524 φύονται,
3288 2450 3384 2522 τὴν
3412 2451 3467 2502 δὲ
3502 2448 3706 2520 ἀρετὴν

2123 2546 2466 2618 κατορθῶσαι
2504 2546 2781 2609 δύσκολον,
2810 2548 2859 2598 εί
2906 2547 2979 2617 μὴ
3014 2548 3069 2598 ἐν
3115 2542 3364 2611 κοινοϐίῳ
3394 2541 3703 2607 διάγοντας.

2136 2637 2222 2691 Ἑν
2248 2634 2396 2706 αὐτῴ
2420 2635 2526 2707 γὰρ
2556 2637 2650 2690 καὶ
2677 2653 2741 2690 πε
2752 2637 2803 2709 pi
2833 2634 3011 2690 αὐτῶν
3034 2635 3146 2707 τῶν
3170 2632 3480 2700 ἀναγκαίων
3504 2629 3707 2700 χρειῶν

2125 2728 2592 2800 περιφρονοῦρεν.
2620 2730 2732 2800 Τὴν
2767 2728 3091 2800 κατάκρισιν
3138 2726 3383 2780 Ἀνανίου
3425 2725 3518 2777 καὶ
3559 2723 3708 2775 Σαπ-

2127 2820 2323 2891 φείρης
2351 2820 2456 2890 πρὸ
2480 2820 2776 2892 ὀφθαλμῶν
2795 2819 3030 2892 ἔχοντες,
3067 2817 3343 2889 φρίξωμεν
3365 2812 3710 2885 καταλιμπά-

2127 2928 2238 2964 νειν
2267 2913 2477 2974 ἑαυτοῖς
2499 2912 2550 2965 τί
2571 2929 2699 2965 ποτε
2725 2912 2819 2983 τῆς
2847 2911 3080 2976 παλαιᾶς
3106 2909 3439 2982 περιουσίας.
3475 2905 3710 2976 Ὁμοίως

2128 2999 2220 3053 τοῦ
2263 3000 2425 3073 Γιεξῆ
2478 3002 2802 3074 φοϐηθέντες
2850 3003 2911 3055 τὸ
2959 3002 3309 3075 παράδειγμα
3356 2998 3451 3053 τοῦ
3484 2997 3582 3051 διὰ
3610 2998 3710 3067 τὴν

2131 3092 2493 3165 φιλαργυρίαν
2536 3095 2729 3166 nimi;
2774 3095 2949 3167 λέπρᾳ
3009 3092 3425 3164 παραδοθέντος,
3457 3088 3709 3159 φυλαξῶ-

2135 3185 2273 3254 μεθα
2298 3185 2673 3258 συναθροίζειν
2688 3188 2898 3251 ἑαυτοῖς
2919 3186 3010 3239 τοῦ
3034 3186 3147 3256 βίου
3162 3186 3230 3239 τά
3257 3185 3531 3257 χρήματα,
3563 3181 3711 3252 ἅπερ

2129 3275 2250 3328 οὐδὲ
2275 3279 2331 3330 ὲν
2354 3276 2432 3347 τῷ
2458 3277 2645 3348 κόσμῳ
2667 3277 2904 3348 εἴχομεν.
2932 3278 3053 3331 Ἔτι
3081 3293 3146 3345 γε
3177 3276 3280 3347 μὴν
3302 3274 3402 3346 τὴν
3418 3272 3511 3325 τοῦ
3538 3270 3711 3324 Ἰούδα

2129 3367 2465 3440 λογιζόμενοι
2496 3370 2561 3423 δι’
2585 3370 2819 3442 ἀγχόνης
2846 3371 3120 3442 τελευτὴν,
3146 3367 3470 3441 φοϐηθῶμεν
3495 3385 3548 3420 τι
3574 3364 3711 3418 ποτὲ

2130 3460 2239 3513 ἀπὸ
2263 3460 2478 3515 πάντων
2501 3454 2575 3516 ὧν
2597 3462 3025 3533 ἀποτασσόμενοι
3045 3461 3546 3531 κατεφρονήσαμεν.
3587 3454 3713 3508 Ἐπὶ

463 3578 597 3632 πᾶσι
636 3572 844 3634 τούτοις
883 3566 988 3640 πρὸ
1022 3559 1313 3634 ὀφθαλμῶν
1354 3557 1566 3628 ἔχοντες
1593 3554 1681 3607 ἀεὶ
1712 3553 1771 3607 τὸ
1809 3551 1902 3606 τοῦ
1932 3552 2161 3608 θανάτου
2192 3555 2402 3626 ἄδηλον,
2440 3559 2513 3630 μή
2543 3575 2674 3611 ποτε
2720 3560 2777 3611 ἐν
2807 3557 2925 3629 ὥρᾳ
3035 3559 3097 3611 οὐ
3147 3552 3531 3627 προσδοκῶμεν
3584 3547 3713 3620 ἔλθῃ

461 3674 493 3726 ὁ
517 3669 739 3740 Κύριος,
775 3664 870 3719 καὶ
891 3661 1099 3734 εὑρήσῃ
1125 3657 1186 3711 τὸ
1213 3654 1479 3727 ἡμέτερον
1507 3649 1741 3713 συνειδὸς
1773 3651 1849 3721 τῇ,
1878 3648 2205 3725 φιλαργυρίᾳ
2244 3651 2639 3724 ἐσπιλωμένον,
2684 3652 2781 3707 καὶ
2817 3654 2931 3722 ἐρεῖ
2958 3654 3086 3723 ἡμῖν
3137 3651 3273 3721 ὅπερ
3316 3649 3372 3701 ἐν
3422 3645 3499 3715 τῷ
3531 3644 3713 3710 Εὑαγυ

461 3732 629 3835 τιλίῷ
658 3758 856 3833 ὲῤῥέθη
910 3732 991 3826 τῷ
1016 3732 1279 3822 γπλουσίφ
1304 3746 1498 3818 ἐκείνῳ
1517 3763 1529 3776 ”
1572 3764 1590 3797 ⁸
1623 3746 1829 3815 Ἀφρον
1845 3781 1861 3808 ο
1885 3742 2060 3820 ταύτῃ
2082 3747 2148 3816 τῇ
2179 3745 2335 3798 νυκτὶ
2361 3744 2461 3816 τὴν
2484 3744 2661 3817 ψυχήν
2685 3762 2779 3798 σου
2805 3742 3123 3798 ἀπαιτοῦσιν
3143 3742 3248 3795 ἀπὸ
3273 3739 3365 3793 σοῦ
3387 3756 3403 3767 ·
3424 3736 3459 3791 ἃ
3482 3736 3541 3789 δέ
3566 3732 3716 3805 ἡτοί-

467 3877 646 3935 μασας
673 3857 778 3914 τίνι
805 3855 991 3919 ἐσται;
1022 3871 1042 3903 ι
2275 3857 2283 3865 κ

539 3951 591 4007 ι.
631 3923 898 4016 Quartum
941 3942 1103 4000 nobis
1149 3948 1232 3997 est
1266 3946 1541 3995 certamen
1576 3935 1840 3991 adversus
1888 3932 2015 4003 spiri

2217 3930 2270 3984 4.
2311 3930 2580 4002 τέταρτος
2607 3931 2733 4000 ἡμῖν
2766 3930 2911 3981 ἐστιν
2938 3926 3085 3996 ἀγὼν
3109 3926 3251 3979 κατά
3272 3924 3370 3978 τοῦ
3408 3923 3718 3994 πνεύματος

466 4051 584 4098 tum
619 4037 941 4099 iracundiae,
993 4041 1055 4089 ut
1077 4047 1202 4088 cum
1234 4030 1345 4086 Deo
1392 4026 1736 4083 mortiferum
1771 4024 1935 4094 hujus
1961 4038 2015 4079 vt

2146 4021 2248 4092 τῆς
2295 4021 2481 4093 ὀργῆς.
2513 4021 2660 4083 ὅπως
2701 4021 2796 4072 σὺν
2839 4018 2957 4087 Θεῷ
2997 4019 3089 4071 τὸν
3120 4017 3308 4071 τούτου
3343 4016 3717 4087 θανατηφόρον

470 4150 671 4192 nenum
688 4148 756 4189 ex
773 4131 967 4186 intimo
988 4127 1185 4182 animae
1207 4129 1409 4179 nostrae
1435 4105 1841 4176 exscindamus.
1864 4115 1939 4187 (4)
1974 4114 2015 4168 Ε

2149 4116 2226 4168 ίδν
2272 4117 2336 4168 ἐκ
2377 4113 2471 4167 τοῦ
2507 4112 2702 4183 βάθους
2728 4112 2826 4182 τῆς
2856 4111 3128 4182 ἡμετέρας
3152 4109 3329 4180 ψυχῆς
3373 4107 3718 4178 ἐκκόψωμεν.

470 4232 618 4286 enim
651 4228 794 4282 intra
821 4238 923 4278 eor
951 4228 1204 4277 nostrum
1242 4215 1507 4286 reposito,
1539 4227 1605 4267 ac
1629 4209 1940 4266 tenebrosis
1967 4216 2015 4262 tu

2146 4206 2346 4261 Τούτου
2382 4204 2491 4276 γὰρ
2525 4208 2582 4256 ἐν
2630 4207 2697 4275 τῇ
2749 4201 2992 4274 ἡμετέρᾳ
3041 4201 3238 4272 καρδίᾳ.
3270 4198 3718 4269 ἐναποκειμένου,

470 4320 735 4378 multibus
759 4316 980 4371 oculum
1016 4309 1217 4367 mentis
1240 4314 1551 4363 excaecante
1571 4343 1588 4368 ,
1619 4302 1822 4357 nullam
1851 4315 2015 4355 eoruu

2116 4298 2241 4385 νκαὶ
2284 4298 2375 4354 τὸνο
2414 4295 2689 4366 ὀφθαλμὸν
2742 4297 2842 4366 τῆς
2884 4294 3121 4357 διανοίας
3169 4291 3561 4361 ἐκτυφλοῦντος
3603 4294 3722 4354 ταῖς

469 4425 593 4484 quae
634 4414 1007 4465 consentanea
1050 4400 1210 4456 nobis
1241 4404 1371 4454 sunt
1412 4394 1800 4452 discretionem
1843 4391 2015 4446 haberi

2116 4382 2118 4385 ’
2150 4393 2449 4453 σκοτειναῖς
2493 4391 2779 4462 ταραχαῖς.
2807 4386 2929 4441 οὔτε
2974 4386 3245 4458 διάκρισιν
3283 4383 3397 4437 τῶν
3422 4382 3725 4455 συμφερόν-

473 4466 719 4558 valemus
737 4540 753 4560 .
785 4511 966 4567 neque
989 4491 1298 4564 spiritualis
1325 4487 1660 4558 cognitionis
1684 4483 2015 4555 comprehen

2147 4496 2256 4534 των
2301 4477 2602 4549 κτήσασθαι
2652 4474 2949 4547 δυνάμεθα,
3001 4472 3123 4527 οὗτε
3164 4469 3540 4541 πνευματικῆς
3584 4466 3723 4536 γνὼ-

473 4593 683 4650 sionem
726 4584 995 4646 invenire,
1050 4597 1155 4638 nec
1185 4594 1328 4636 verae
1354 4579 1482 4634 vitae
1534 4576 1832 4649 participes
1882 4572 2015 4630 ellici

2152 4587 2288 4634 σεως
2339 4570 2518 4641 εὓρεῖν
2552 4567 2882 4638 κατάληψιν,
2926 4563 3051 4618 οὔτε
3087 4564 3187 4634 τῆς
3235 4562 3407 4624 ὅντως
3450 4558 3599 4629 ζωῆς
3630 4575 3723 4627 γε-

470 4698 573 4740 nec
603 4695 760 4736 mens
786 4684 975 4732 nostra
1011 4674 1214 4729 divinat
1259 4686 1323 4726 ac
1351 4686 1495 4726 verae
1525 4670 1669 4725 lucis
1702 4683 1869 4738 capax
1917 4667 2015 4722 erit

2151 4662 2337 4716 νέσθαι
2376 4662 2612 4732 μέτοχοι,
2642 4658 2766 4714 οὔτε
2794 4657 2894 4727 τῆς
2923 4657 3153 4729 θεωρίας
3182 4655 3274 4707 τοῦ
3308 4653 3450 4706 θείου
3475 4651 3574 4704 καὶ
3599 4650 3727 4719 ἀλη-

474 4776 610 4832 Nam
638 4812 654 4836 ,
694 4790 714 4823 ι
762 4769 1041 4824 Turbatus
1107 4766 1223 4828 est',
1271 4783 1293 4816 ι
1346 4764 1443 4829 ait,
1482 4780 1501 4813 ι
1548 4777 1580 4816 a
1619 4760 1804 4816 furore
1854 4759 2015 4814 oculu

2152 4754 2301 4809 θινοῦ
2341 4755 2517 4824 φωτὸς
2560 4752 2807 4816 δεκτικὸς
2849 4752 2878 4803 ὁ
2911 4750 3176 4822 ἡμέτερος
3229 4745 3354 4809 νοῦς
3402 4746 3722 4814 γενήσεται·

474 4834 713 4923 tuens“.
728 4884 746 4915 ι
767 4860 950 4931 Neque
974 4856 1252 4929 sapientiae
1277 4855 1570 4926 participes
1595 4852 1821 4915 erimus,
1835 4851 2015 4906 etiam:

2160 4868 2179 4900 ι
2224 4846 2525 4919 Ἐταράχθη
2571 4865 2591 4896 ι
2618 4844 2746 4915 γὰρ,
2777 4841 2962 4914 φησὶν,
2997 4862 3015 4890 ι
3054 4839 3161 4894 ἀπὸ
3200 4837 3372 4908 θυμοῦ
3401 4838 3429 4889 ὁ
3452 4834 3729 4906 ὀφθαλμός

473 4958 634 5014 nobis
659 4955 793 5026 ipsis
831 4926 1105 5022 sapientes
1134 4947 1450 5010 videamur,
1481 4961 1606 5001 cum
1639 4945 1904 5013 scriptum
1940 4942 2010 4997 sit

2157 4957 2279 5010 μου,
2321 4958 2339 4989 ι
2378 4937 2501 4991 οὔτε
2529 4937 2586 4990 δὲ
2616 4935 2807 5013 σοφίας
2846 4934 3064 5004 μέτοχοι
3098 4927 3461 5002 γενησόμεθα,
3491 4927 3597 4980 κᾶν
3629 4926 3731 4996 μά-

478 5070 496 5099 ‹
540 5018 714 5101 Puror
767 5045 824 5098 in
853 5018 980 5098 sinu
1006 5038 1379 5110 insipientium
1420 5036 1686 5092 habitabit
1717 5053 1730 5088 :
1768 5055 1787 5087 ι
1832 5032 1928 5089 sed
1956 5047 2015 5087 nc

2153 5032 2310 5085 λιστα
2344 5031 2495 5098 σοφοὶ
2535 5030 2655 5091 ταῖς
2685 5026 2944 5090 ἐπινοίαις
2977 5019 3351 5093 λογιζώμεθασ
3397 5019 3590 5089 ἐπειδὴ
3636 5018 3729 5086 γέ-

473 5155 580 5210 que
624 5138 897 5193 salutares
930 5109 1280 5189 discretionis
1331 5127 1514 5184 radios
1546 5125 1810 5197 consequi
1853 5139 2015 5195 possu

2153 5139 2417 5194 γραπται,
2448 5122 2530 5174 ὅτι
2562 5137 2580 5169 ι
2616 5117 2798 5188 Θυμὸς
2826 5118 2884 5169 ἐν
2912 5114 3098 5185 κόλπῳ
3128 5113 3379 5184 ἀφρόνων
3409 5109 3732 5178 αὖλισθήσε-

477 5203 620 5295 unus,
643 5230 748 5286 etsi
797 5229 867 5284 ab
898 5225 1212 5283 hominibus
1254 5238 1513 5295 perquam
1551 5221 1824 5291 sapientes
1862 5215 2015 5272 existi

2154 5233 2264 5269 ται.
2303 5235 2322 5268 ι
2373 5214 2512 5267 Ἀλλ’
2549 5211 2669 5265 οὐδὲ
2693 5210 2792 5273 τὰς
2823 5207 3188 5281 σωτηριώδεις
3217 5208 3443 5268 ἀκτῖνας
3487 5204 3587 5273 τῆς
3616 5203 3732 5256 δια-

478 5337 722 5392 utemur;
749 5323 1015 5393 scriptum
1044 5319 1246 5391 quippe
1279 5324 1364 5373 est
1392 5335 1406 5371 :
1437 5335 1456 5367 ι
1503 5312 1585 5369 Ira
1616 5314 1778 5370 etiam
1813 5309 2015 5382 pruden

2157 5306 2389 5378 κρίσεως
2435 5304 2733 5377 κτήσασθαι
2772 5301 3080 5373 δυνάμεθα,
3134 5303 3184 5354 εί
3233 5300 3329 5353 καὶ
3373 5298 3444 5352 τά
3501 5296 3734 5368 μάλιστα

550 5482 595 5513 οι
633 5435 753 5532 Act.
789 5495 845 5535 ν.
876 5476 1030 5532 εςιο.
1104 5464 1153 5507 δέ
1187 5471 1255 5528 IV
1287 5471 1417 5544 Reg.
1451 5488 1503 5521 ν.
1537 5469 1630 5526 ετ.
1707 5466 1755 5500 οι
1792 5465 1923 5520 Luc.
1963 5479 2015 5519 ιε

2116 5461 2196 5517 ΞΟ.
2272 5460 2318 5493 ⁸³
2357 5458 2500 5515 Psal.
2540 5477 2626 5524 vr,
2663 5459 2717 5513 8.

553 5635 630 5704 (ei
661 5634 796 5688 Ibid.
820 5650 873 5689 c.
903 5633 989 5704 to.

554 5702 629 5774 (3)
662 5704 794 5759 Ibid.
830 5721 879 5758 c.
911 5702 1003 5760 20.

2229 5618 2305 5688 (ι)
2342 5618 2588 5672 Cassia".
2628 5614 2874 5671 Institut.
2916 5615 2951 5668 ι.
2980 5629 3098 5669 vin.
3139 5630 3191 5669 c.
3228 5612 3283 5668 ί.
