3868 6206
169 325 280 383 889

1290 325 1631 384 EPISTOLA
1667 324 1712 378 II
1752 319 2273 377 AD'CAS’I'ORI'IM.

3331 314 3434 371 890

166 446 426 518 φρόνιμοι
489 449 601 509 τοῖς
653 444 973 519 ἀνθρώποις·
1027 445 1394 518 νομιζόμεθα·
1447 445 1747 517 γέγραπται

1859 447 1942 495 tes
1968 439 2271 511 disperdit:
2299 458 2318 491 ι
2342 453 2518 505 neque
2543 434 2772 506 justitia:
2800 433 3164 507 gubernacula
3188 433 3434 505 vigilanti

170 539 304 610 γὰρ,
348 539 429 591 ὅτι
466 557 484 588 ι
537 538 702 609 Ὀργὴ
740 538 833 592 καὶ
874 537 1172 609 φρονίμους
1201 536 1492 592 ἀπόλλυσιν
1515 554 1529 567 ·
1554 555 1574 588 ι
1621 533 1747 590 οὔτε

1854 532 2025 587 corde
2062 532 2299 586 retinere
2335 530 2604 589 valemus.
2647 543 2771 583 cum
2811 526 3076 597 scriptum
3127 525 3241 582 sit:
3297 544 3315 577 ι
3346 524 3432 582 Ira

167 629 271 696 τὰς
310 628 659 700 δικαιοσύνης
708 629 1063 701 κυὸερνήσεις
1109 627 1346 700 νηφαλίᾳ
1390 627 1586 698 καρδίᾳ
1644 628 1746 680 ἐπ-

1848 623 1949 678 viri
1985 622 2253 693 justitiam
2286 620 2380 676 Dei
2406 637 2516 677 non
2542 619 2861 692 cperatur“
2894 637 2907 673 :
2933 637 2953 671 ι
2983 633 3159 689 neque
3185 618 3430 673 omnium

167 720 317 792 ἐχειν
351 722 631 792 ἰσχύομεψ
663 721 971 792 γέγραπται
1002 721 1135 792 γὰρ,
1160 721 1241 774 ὅτι
1272 737 1292 770 ι
1347 718 1559 789 Ἀνδρὸς
1599 716 1738 790 ὀργὴ

167 812 516 883 δικαιοσύνην
551 812 687 867 Θεοῦ
728 814 788 867 οὐ
840 812 1233 885 κατεργάζεται
1253 830 1266 843 ο
1324 832 1343 864 ι
1378 811 1502 867 οὔτε
1547 813 1604 866 δὲ
1649 812 1748 885 τὴν

166 905 569 976 ἐπαινουμένην
600 905 751 976 παρὰ
796 906 1014 960 πάντων
1060 904 1393 976 κοσμιότητα
1430 906 1523 958 καὶ
1550 906 1750 975 εὐσχη-

172 996 413 1066 μοσύνην
457 995 764 1066 κτήσασθαι
810 995 1119 1067 δυνάμεθα·
1172 995 1359 1067 ἐπειδὴ
1407 995 1747 1067 γέγραπταιο

174 1102 195 1135 ι
246 1084 408 1156 Ἀνὴρ
440 1083 693 1157 θυμώδης
719 1086 820 1141 οὐκ
853 1087 1162 1157 εὐσχήμων.
1199 1105 1220 1139 ι
1266 1086 1324 1139 '0
1350 1085 1529 1140 τοίνυν
1566 1085 1752 1155 βουλό-

172 1194 338 1247 μενος
392 1177 527 1248 πρὸς
577 1178 855 1233 τελείωσιν
909 1178 1083 1231 ἐλθεῖν
1108 1217 1123 1243 ,
1183 1179 1279 1232 καὶ
1337 1177 1618 1249 ἐπιθυμῶν
1661 1178 1753 1232 τὸν

170 1270 543 1339 πνευματικὸν
620 1268 810 1338 ἀγῶνα
884 1271 1131 1341 νομίμως
1184 1270 1587 1338 ἀγωνίσασθαι,
1647 1270 1756 1323 ἀπὸ

162 1361 373 1424 παντὸς
417 1359 796 1430 ἐλαττώματος
829 1361 999 1433 ὀργῆς
1044 1378 1105 1413 τε
1146 1362 1241 1414 καὶ
1270 1360 1443 1431 θυμοῦ
1476 1360 1755 1432 ἀλλότριος

166 1453 334 1518 ἔστω,
383 1453 476 1505 καὶ
506 1452 752 1505 ἀκουέτω
786 1452 840 1506 τί
886 1452 1017 1505 αὐτὸ
1048 1452 1109 1505 τὸ
1154 1451 1346 1515 σκεῦος
1383 1451 1482 1521 τῆς
1522 1451 1755 1521 ἐκλογῆς

170 1543 542 1615 παραγγέλλει
586 1543 760 1612 λέγων
785 1561 799 1574 ο
842 1562 861 1595 ι
890 1544 1047 1597 Πᾶσα
1095 1543 1308 1617 πικρία,
1339 1543 1432 1596 καὶ
1464 1541 1622 1613 ὀργὴ,
1661 1542 1756 1595 καὶ

170 1635 364 1706 θυμὸς,
419 1635 515 1688 καὶ
566 1634 802 1707 κραυγὴ,
857 1635 952 1689 καὶ
1026 1633 1340 1706 βλασφημία
1383 1632 1604 1705 ἀρθήτω
1661 1633 1755 1701 ἀφ’

169 1727 332 1799 ἡμῶν
361 1729 455 1781 σὺν
485 1729 632 1799 πάσῃ
682 1727 868 1797 κακίᾳ.
906 1745 925 1778 ›
962 1727 1129 1780 Ὅταν
1158 1727 1216 1780 δὲ
1252 1725 1383 1798 εἴπῃ
1413 1726 1616 1790 πᾶσαν,
1664 1724 1754 1777 οὐ·

1849 728 1949 767 ore
1980 713 2310 775 celebratam
2367 711 2694 768 modestiam
2743 708 3161 778 decentiamque
3188 708 3433 763 obtinere

1851 818 2167 875 possumus,
2201 801 2645 873 quandoquidem
2671 802 2939 870 scriptum
2978 806 3102 855 est:
3142 817 3162 850 ι
3200 797 3294 853 Vir
3322 799 3432 854 ira-

1850 893 2064 950 cundus
2091 894 2369 949 modestus
2390 908 2500 947 non
2525 892 2711 948 est".i
2728 891 2805 964 (5)
2840 890 2942 958 Qui
2971 890 3341 961 volueritergo
3363 889 3430 947 ad

1850 987 2236 1058 perfectionem
2263 986 2549 1057 attingere,
2578 985 2672 1056 qui
2703 992 2922 1054 exoptat
2943 984 3226 1053 spirituale
3247 999 3431 1039 certa-

1853 1094 1976 1134 men
2000 1077 2238 1148 legitime
2269 1077 2444 1141 obire,
2483 1076 2553 1131 ab
2600 1074 2749 1129 omni
2795 1074 2994 1131 delicto
3022 1075 3118 1130 irae
3163 1073 3432 1128 furorisve

1853 1170 2061 1224 alienus
2087 1170 2178 1235 sit,
2211 1169 2507 1240 audiatque
2532 1166 2663 1239 quid
2695 1167 2974 1238 praecipiat
3021 1182 3118 1223 vas
3159 1166 3294 1222 illud
3323 1167 3433 1222 ele-

1853 1258 2054 1315 ctionis
2085 1277 2099 1312 :
2131 1277 2150 1311 ι
2191 1256 2382 1314 Omnis
2414 1256 2721 1313 amaritudo
2752 1265 2806 1313 et
2827 1257 2907 1311 ira
2936 1266 2990 1313 et
3015 1257 3337 1329 indignatio.
3377 1265 3432 1314 et

1853 1350 2059 1406 clamor
2094 1358 2149 1405 et
2198 1350 2538 1421 blasphemia
2572 1351 2798 1405 tollatur
2842 1365 2873 1404 a
2904 1350 3065 1405 vobis
3098 1367 3221 1406 cum
3282 1351 3431 1405 omni

1856 1442 2063 1496 malitia
2087 1444 2154 1497 ⁸⁸.
2180 1461 2199 1494 ι
2241 1442 2379 1498 Cum
2408 1442 2484 1495 ait
2520 1452 2701 1497 autem
2746 1458 3046 1508 «omnem,»
3089 1444 3291 1498 nullam
3327 1459 3431 1498 no-

1853 1533 1941 1589 bis
1977 1534 2369 1605 indignationis
2418 1535 2786 1598 occasionem,
2848 1534 2934 1590 vel
2970 1535 3126 1605 quasi
3174 1550 3432 1591 necessa—

1855 1628 2018 1691 riam,
2063 1628 2148 1682 vel
2191 1625 2350 1696 quasi
2398 1634 2821 1681 eonsentaneam
2851 1627 3094 1697 reliquit.
3126 1625 3229 1694 Qui
3268 1626 3432 1699 igitur

1858 1725 2129 1771 errantem
2170 1715 2395 1769 fratrem
2436 1716 2715 1785 corripere
2758 1723 2852 1770 aut
2881 1716 3295 1786 castigationem
3326 1717 3427 1787 ipsi

169 1818 364 1891 ᾰμίαν
395 1820 665 1890 πρόφασιν
703 1819 876 1891 θυμοῦ
912 1819 988 1883 ὠς
1022 1819 1325 1888 ἀναγκαίαν
1357 1818 1390 1889 ἢ
1428 1817 1503 1880 ὡς
1530 1815 1747 1886 εὔλογον

1853 1808 2055 1862 inferre
2079 1807 2334 1874 voluerit,
2378 1806 2596 1863 studeat
2624 1823 2747 1863 sese
2784 1808 3170 1864 commotionis
3219 1817 3432 1878 pertur-

168 1911 305 1979 ἡμῖν
360 1909 764 1963 καταλέλοιπεν.
835 1910 895 1962 'U
941 1909 1119 1962 τοίνυν
1183 1906 1605 1979 πλημμελοῦντα
1659 1907 1751 1961 τὸν

170 1998 402 2068 ἀδελφὺν
434 1999 752 2071 βουλόμενος
786 1998 1183 2072 διορθώσασθαι
1212 2000 1245 2070 ἢ
1270 1998 1549 2069 ἐπιτιμίαν
1605 2014 1748 2069 παρ-

174 2089 267 2158 έχε
275 2106 342 2150 ιν,
358 2089 701 2152 σπουδαζέτω
716 2090 905 2143 ἐαυτὸν
924 2090 1196 2161 ἀτάραχον
1212 2088 1516 2158 φυλάττειν,
1543 2088 1615 2159 μή
1649 2104 1747 2141 πο-

169 2199 254 2244 τε,
272 2181 428 2237 ἀλλον
444 2182 773 2255 θεραπεῦσαι
790 2181 1128 2252 βουλόμενος,
1153 2180 1325 2252 ἑαυτῷ
1344 2180 1442 2251 τὴν
1465 2181 1614 2233 νόσον
1630 2184 1749 2235 ἐπι-

171 2273 474 2344 σπάσηται,
501 2275 592 2327 καὶ
613 2273 904 2345 ῥηθήσεται
929 2272 1077 2343 αὐτῷ
1092 2272 1153 2325 τὸ
1173 2272 1520 2340 εὐαγγελικὸν
1542 2274 1746 2326 ἐκεῖνοο

176 2381 197 2415 ι
254 2363 445 2432 Ἰατρέ,
499 2361 832 2434 θεράπευσον
881 2362 1145 2417 σεαυτόν⁸
1201 2381 1219 2413 ι
1247 2363 1342 2416 καὶ
1386 2361 1583 2415 πάλιν⁹
1629 2382 1647 2415 ι
1682 2362 1747 2416 Τί

172 2452 392 2523 βλέπεις
417 2452 478 2505 τὸ
501 2451 708 2524 κάρφος
747 2454 806 2507 ἐν
836 2452 916 2525 τῷ
953 2451 1214 2523 ὀφθαλμῷ
1239 2451 1332 2505 τοῦ
1370 2452 1599 2521 ἀδελφοῦ
1629 2470 1745 2514 σου,

170 2543 275 2615 τὴν
318 2542 373 2595 δὲ
399 2542 553 2596 δοκὸν
580 2542 677 2614 τὴν
705 2544 762 2597 ὲν
788 2541 867 2613 τῷ
915 2542 992 2612 σῷ
1026 2540 1287 2612 ὀφθαλμῷ
1330 2542 1391 2594 οὐ
1440 2526 1750 2609 κατανοεῖς;

171 2635 208 2706 ἢ
259 2636 396 2706 ποίῳ
424 2636 610 2708 τρόπῳ
644 2637 788 2707 ἐρεῖς
821 2633 899 2705 τῷ
922 2634 1132 2706 ἀδελφῷ
1171 2652 1296 2688 σουο
1336 2635 1504 2702 ’Ἄφες
1536 2635 1749 2690 ἐκϐάλω

170 2726 238 2782 τδ
280 2729 489 2798 κάρφος
532 2729 597 2781 ἐκ
627 2727 721 2781 τοῦ
760 2724 1038 2796 ὀφθαλμοῦ
1066 2743 1180 2789 σου,
1214 2727 1360 2789 ὅστις
1383 2724 1481 2797 τὴν
1506 2724 1660 2778 δοκὸν
1690 2726 1748 2777 ἐν

170 2820 256 2892 τῷ
313 2820 428 2892 ίδίῳ
481 2820 742 2892 ὀφθαλμῷ
794 2820 967 2891 ἔχεις,
1020 2817 1492 2874 ἐπικαλύπτουσαν
1545 2816 1751 2883 adadv;

184 2913 279 2981 Ἐξ
306 2914 423 2977 οἵας
454 2912 563 2984 γὰρ
608 2913 807 2985 δήποτε
855 2912 1035 2976 αἰτίας
1084 2914 1116 2983 ἡ
1168 2912 1266 2983 τῆς
1297 2911 1469 2983 όργῆς
1514 2910 1746 2980 κίνησις,

171 3003 543 3077 ὐπερζέσασα,
580 3005 768 3071 τυφλοῖ
792 3005 916 3067 τοὺς
944 3002 1256 3074 ὀφθαλμοὺς
1300 3002 1399 3071 τῆς
1426 3001 1623 3072 ψυχῆς,
1657 3001 1751 3054 καὶ

169 3097 274 3149 οὐκ
318 3097 383 3167 ἐᾷ
427 3096 589 3149 αὐτὸν
622 3094 918 3150 θεάσασθαι
954 3093 1044 3147 τὸν
1075 3094 1225 3163 ἥλιον
1255 3093 1352 3164 τῆς
1379 3091 1743 3161 δικαιοσύνης.

173 3190 389 3259 Ὠσπερ
414 3188 524 3259 γὰρ
548 3190 576 3241 6
596 3187 801 3250 ἐπιθεὶς
836 3188 949 3250 τοῖς
980 3185 1276 3256 ὀφθαλμοῖς
1304 3187 1480 3256 χρυσᾶ
1507 3184 1745 3256 μέταλλα

168 3282 205 3354 ἦ
243 3280 519 3352 μολίϐδινα
557 3281 754 3350 ἐπίσης
794 3278 1030 3334 ἐκώλυσε
1053 3277 1151 3350 τὴν
1190 3277 1449 3350 ὁρατικὴν
1493 3276 1740 3346 δύναμιν,

168 3371 270 3426 καὶ
316 3370 563 3442 οὐδαμῶς
592 3369 853 3440 διαφορὰν
902 3368 1124 3439 ἐποίησε
1176 3368 1275 3438 τῆς
1338 3365 1666 3435 τυφλότητος
1706 3365 1741 3435 ἡ

168 3459 271 3515 τοῦ
317 3459 518 3532 χρυσοῦ
571 3458 832 3531 μετάλλου
862 3457 1143 3528 τιμιότης·
1178 3454 1351 3518 οὕτως
1399 3452 1457 3520 ἐξ
1496 3453 1614 3514 οἵας
1654 3450 1747 3522 δή-

151 3570 310 3606 οποτε
337 3552 518 3616 αἰτίας
547 3553 582 3625 ἡ
610 3551 710 3621 τῆς
733 3549 902 3621 ὀργῆς
931 3548 1142 3619 κίνησις
1168 3545 1457 3615 ἐξαφθεῖσα
1484 3543 1581 3614 τὴν
1611 3543 1743 3613 ὁρα-

168 3647 333 3717 τικὴν
368 3644 596 3714 δύναμιν
622 3642 721 3713 τῆς
745 3641 923 3713 ψυχῆς
956 3638 1215 3703 σκοτίζει.
1246 3638 1379 3721 Τότε
1416 3636 1577 3707 μόνον
1603 3634 1746 3689 κατά

169 3737 335 3808 φύσιν
366 3734 685 3808 κεχρήμεθα
713 3733 792 3804 τῷ
836 3730 1012 3802 θυμῷ,
1058 3732 1187 3785 ὅταν
1216 3730 1350 3801 πρὸς
1388 3728 1513 3791 τοὺς
1561 3728 1743 3796 ἐμπα-

167 3831 284 3892 θεῖς
336 3828 430 3882 καὶ
485 3826 796 3898 φιληδόνους
845 3822 1139 3894 λογισμοὺς
1179 3821 1366 3875 τοῦτον
1411 3820 1742 3891 κινήσωμεν.

162 3922 326 3976 Οὕτω
355 3921 464 3991 γὰρ
505 3920 655 3991 ἡμᾶς
704 3918 798 3971 καὶ
849 3919 879 3971 6
919 3916 1206 3988 προφήτης
1235 3911 1396 3966 Δαυῖδ
1441 3910 1745 3965 ἐκδιδάσκει

146 4016 394 4084 ’φάσκων
417 4029 434 4042 ο
467 4030 486 4063 ι
536 4009 868 4082 Ὀργίζεσθε,
894 4008 989 4062 καὶ
1017 4006 1092 4078 μὴ
1117 4005 1460 4077 ἁμαρτάνετε
1480 4021 1493 4033 ·
1534 4022 1555 4055 ι
1586 4019 1743 4056 τουτ-

169 4107 313 4165 ἐστι,
357 4102 496 4157 κατα
539 4100 649 4155 τῶν
678 4101 824 4155 ἰδίων
852 4098 1040 4163 παθῶν
1079 4093 1177 4168 τὴν
1207 4096 1375 4168 ὀργὴν
1407 4098 1626 4160 κινεῖτε,
1652 4094 1746 4148 καὶ

167 4195 316 4250 κατὰ
350 4192 461 4246 τῶν
485 4190 738 4263 πονηρῶν
764 4189 1059 4259 λογισμῶν,
1086 4188 1180 4241 καὶ
1223 4185 1420 4258 μὴ-διὰ
1444 4185 1543 4239 τοῦ
1576 4185 1748 4257 πράτ-

162 4304 286 4341 τειν
330 4284 402 4339 τὰ
447 4282 855 4353 ὑποδαλλόμενα
902 4282 994 4335 ὑπ’
1024 4278 1203 4333 αὐτῶν
1244 4276 1618 4350 ἁμαρτάνετε·
1652 4275 1748 4328 καὶ

156 4379 371 4450 ταύτην
423 4376 609 4446 σαφῶς
650 4375 749 4446 τὴν
791 4373 998 4428 ἔννοιαν
1046 4372 1197 4444 δηλοῖ
1247 4371 1312 4426 τὸ
1368 4370 1710 4441 ἐπαγόμενον
1728 4385 1743 4399 ο

1848 1898 2198 1969 bationisque
2248 1905 2535 1969 expertem.
2582 1898 2891 1967 custodire,
2943 1915 3041 1965 ne,
3081 1899 3210 1954 dum
3263 1900 3429 1953 alium

1846 1992 1963 2045 vult
1995 2006 2219 2055 curare,
2247 1990 2498 2046 morbum
2553 1991 2657 2046 sibi
2701 1991 2903 2055 trahat,
2960 2006 3097 2047 neve
3137 1991 3351 2046 dicatur
3380 1992 3430 2047 ei

1848 2083 2231 2153 Evangelicum
2262 2083 2395 2138 illud
2428 2102 2443 2135 :
2477 2101 2495 2134 ι
2534 2082 2759 2150 Medice,
2789 2098 2921 2139 cura
2948 2084 3183 2154 teipsum
3205 2085 3248 2116 "
3279 2102 3293 2139 :
3322 2102 3340 2135 ι
3367 2100 3431 2139 ac

1847 2188 2066 2229 rursum
2100 2193 2113 2229 :
2143 2194 2160 2226 ι
2185 2173 2324 2241 Quid
2356 2182 2414 2230 tu
2453 2175 2608 2230 vides
2639 2173 2905 2233 festucam
2941 2177 2994 2230 in
3024 2176 3186 2230 oculo
3236 2175 3429 2230 fratris

1848 2266 1948 2330 tui,
1979 2267 2187 2321 trabem
2215 2275 2394 2322 autem
2427 2267 2484 2321 in
2527 2267 2692 2322 oculo
2719 2275 2815 2322 tuo
2842 2283 2951 2323 non
2987 2268 3290 2338 intelligis?
3333 2275 3430 2321 aut

1846 2357 2122 2428 quomodo
2154 2356 2307 2414 dices
2338 2357 2495 2413 fratri
2526 2366 2621 2413 tuo
2661 2377 2677 2414 :
2718 2357 2869 2422 Sine,
2903 2358 3120 2427 ejiciam
3161 2359 3426 2414 festucam

1846 2465 1913 2504 ex
1964 2450 2123 2504 oculo
2150 2460 2263 2514 tuo,
2309 2450 2404 2521 qui
2453 2451 2666 2506 trabem
2714 2451 2769 2504 in
2808 2450 3030 2520 proprio
3072 2450 3232 2505 oculo
3263 2449 3430 2504 habes

1847 2541 2180 2611 operientem
2214 2541 2363 2594 illum
2385 2540 2473 2594 ὀἳ
2497 2559 2516 2593 ι
2564 2540 2818 2607 Qualibet
2859 2541 3002 2596 enim
3032 2542 3101 2596 de
3136 2556 3300 2597 causa
3335 2543 3430 2595 ira:

1848 2641 2030 2690 motus
2067 2633 2409 2700 effervescat,
2459 2635 2658 2708 mentis
2705 2635 2899 2690 oculos
2943 2644 3203 2695 excmcat,
3253 2651 3429 2704 neque

1848 2724 1979 2779 sinit
2000 2723 2270 2779 hominem
2287 2725 2557 2793 respicere
2581 2722 2760 2779 Solem
2788 2724 3034 2792 justitiaz.
3058 2725 3134 2796 (6)
3160 2723 3430 2790 Quemad-

1848 2814 2068 2869 modum
2103 2814 2251 2869 enim
2294 2818 2386 2884 qui
2421 2815 2598 2870 oculis
2630 2815 2858 2884 imponit
2899 2829 3064 2870 aurea
3091 2823 3144 2870 et
3176 2815 3430 2885 plumbea

1849 2906 2088 2970 metalla,
2116 2921 2270 2974 atque
2296 2905 2519 2976 impedit
2547 2905 2762 2961 videndi
2797 2906 3144 2970 facultatem,
3180 2922 3281 2962 nec
3330 2922 3430 2961 au-

1859 2998 1936 3051 rei
1960 2997 2163 3052 metalli
2196 2998 2432 3068 pretium
2458 2998 2696 3068 aliquam
2726 2996 2854 3052 facit
2886 2998 3146 3055 caecitatis
3173 2998 3431 3054 dillereu-

1851 3089 2025 3152 tiam;
2063 3090 2136 3144 ita
2171 3105 2239 3144 ex
2269 3090 2509 3159 qualibet
2544 3104 2712 3145 causa
2752 3088 2849 3145 irae
2893 3089 3189 3144 commotio
3231 3104 3428 3145 accen-

1847 3182 2028 3246 datur,
2049 3181 2243 3236 anima:
2260 3181 2474 3237 videndi
2492 3181 2810 3237 facultatem
2829 3180 3253 3251 obtenebrat.(7)
3273 3180 3427 3236 Tunc

1831 3275 2025 3331 solum
2076 3276 2234 3343 juxta
2288 3281 2542 3327 naturam
2590 3271 2967 3342 indignatione
3028 3273 3251 3334 utimur,
3303 3287 3426 3328 cum

1847 3365 2115 3420 adversus
2168 3364 2398 3420 vitiosas
2445 3370 2499 3419 et
2530 3363 2865 3434 voluptarias
2896 3362 3253 3435 cogitationes
3306 3376 3427 3419 eam

1851 3465 2157 3509 movemus.
2215 3448 2275 3505 Id
2354 3451 2556 3521 quippe
2610 3465 2712 3506 nos
2783 3450 3050 3521 propheta
3105 3450 3272 3505 David
3330 3452 3430 3506 do-

1845 3551 1931 3594 cet
1960 3557 2084 3596 cum
2123 3542 2200 3596 ait
2220 3560 2246 3596 .:
2289 3561 2309 3594 ι
2345 3540 2650 3598 lrascimini
2673 3552 2726 3599 et
2751 3542 2917 3598 nolite
2943 3557 3170 3612 peccare
3200 3545 3281 3611 τίς
3320 3563 3339 3596 ι
3371 3543 3427 3598 id

1846 3640 1951 3698 est,
1985 3633 2249 3689 adversus
2274 3634 2524 3704 praprias
2554 3633 2839 3704 passiones
2874 3633 3011 3687 iram
3038 3642 3275 3700 movete,
3302 3650 3430 3689 nec-

1828 3741 1956 3779 non
2008 3726 2273 3783 adversus
2318 3741 2516 3797 pravas
2569 3727 2946 3796 cogitationes,
2981 3742 3159 3797 neque
3208 3727 3420 3797 agendo

1848 3832 1972 3887 quae
2008 3818 2165 3875 vobis
2208 3826 2579 3890 suggeruntur
2624 3819 2693 3873 ab
2748 3819 2886 3881 illis.
2937 3820 3215 3889 peccetis:
3260 3833 3429 3889 quam

1847 3913 2005 3983 plane
2068 3912 2567 3981 interpretationem
2630 3911 2873 3967 declarat
2924 3912 3070 3981 quod
3113 3914 3364 3984 sequitur
3407 3930 3427 3971 :

1851 4000 2034 4067 sQuae
2078 4000 2287 4064 dicitis,
2330 4002 2527 4072 ἰιηιιίι,
2566 4001 2620 4056 in
2668 4001 2933 4057 cordibus
2986 4004 3207 4069 vestris,
3249 4007 3305 4060 in
3329 4022 3430 4060 cu-

1845 4094 2044 4149 bilibus
2064 4096 2264 4151 vestris
2286 4094 2718 4165 eompungimini
2740 4094 2786 4126 τ’
2812 4114 2833 4148 ι
2864 4095 2919 4150 id
2948 4103 3034 4151 est
3051 4135 3066 4160 ,
3095 4111 3220 4151 cum
3245 4111 3437 4153 ascen:-

1845 4185 2026 4242 derint
2056 4202 2235 4257 prava:
2257 4187 2615 4258 cogitationes
2638 4186 2694 4240 in
2725 4200 2823 4241 eor
2842 4197 3107 4251 vestrum,
3142 4188 3329 4258 ejicite
3356 4189 3426 4244 il-

1848 4278 1950 4342 las,
1978 4280 2321 4335 concitantes
2357 4264 2620 4335 adversus
2657 4294 2752 4335 eas
2788 4279 2922 4335 iram
2963 4287 3199 4335 vestram
3280 4288 3431 4350 post-

1847 4386 2009 4437 quam
2040 4386 2169 4426 vero
2189 4371 2374 4441 ejectaa
2397 4370 2610 4437 fuerint,
2644 4372 2802 4442 quasi
2833 4372 2888 4427 in
2923 4373 3063 4427 lecto
3088 4387 3180 4427 seu
3218 4373 3425 4442 quiete,

170 4490 193 4522 s
251 4471 318 4523 ’Δ
367 4469 572 4535 λέγετε,
619 4467 802 4536 φησιν,
855 4466 913 4518 ὲν
956 4465 1078 4526 ταξς
1126 4462 1376 4534 καρδίαις
1428 4461 1603 4533 ὑμῶν,
1655 4459 1747 4513 ἐπὶ

1851 4468 1966 4514 tum
1997 4462 2427 4532 compungimini
2457 4463 2524 4517 ad
2548 4464 2941 4532 pmnitenliam.
2980 4461 3078 4519 llis
3103 4478 3266 4534 porro
3296 4478 3433 4519 con-

158 4567 290 4626 ταῖς
330 4561 539 4624 κοίταις
587 4559 740 4631 ὑμῶν
793 4557 1134 4628 κατανΰγητε
1160 4573 1174 4586 ⁸
1221 4575 1240 4607 ι
1278 4556 1576 4619 τουτέστιν,
1619 4556 1747 4609 ὅταν

1853 4560 2012 4606 sonat
2047 4553 2238 4608 beatus
2272 4551 2497 4616 Paulus,
2533 4554 2627 4623 qui
2666 4553 2899 4624 hujusce
2941 4554 3073 4610 dicti
3116 4555 3430 4610 testimonio

158 4655 464 4712 ἁνέλθωσιν
514 4655 607 4707 ἐπὶ
658 4653 758 4724 τὴν
811 4651 1038 4722 καρδίαν
1085 4652 1135 4705 οί
1188 4650 1416 4721 πονηροὶ
1473 4648 1747 4719 λογισμοὶ,

1848 4652 1933 4698 est
1963 4660 2118 4710 usus,
2155 4652 2318 4714 atque
2342 4646 2473 4699 illud
2498 4644 2737 4716 adjecit:
2762 4663 2781 4697 ι
2818 4646 2909 4700 Sol
2948 4661 3055 4701 non
3091 4645 3306 4701 occidat
3334 4661 3431 4702 su-

159 4746 520 4808 ἐκόἀλλοντες
566 4741 787 4805 τούτους
832 4741 918 4795 διὰ
966 4742 1065 4811 τῆς
1117 4740 1253 4813 πρὸς
1301 4739 1498 4802 αὐτοὺς
1552 4738 1741 4810 ὀργῆς,

1849 4751 1948 4806 per
1982 4738 2322 4792 iracundiam
2352 4747 2610 4803 vestram,
2653 4739 2822 4794 nolite
2850 4737 2983 4793 dare
3023 4738 3199 4793 locum
3232 4737 3428 4794 diabo—

164 4836 309 4909 μετά
359 4835 457 4907 τὴν
506 4835 708 4888 τούτων
761 4832 1031 4903 ἀποόολὴν
1091 4831 1290 4885 ὡσανεὶ
1338 4833 1403 4885 ἐν
1453 4831 1609 4903 κοίτῃ
1670 4831 1736 4901 τῇ

1849 4825 1903 4878 In
1923 4826 1992 4891 ⁷³;
2018 4846 2035 4877 ι
2066 4826 2117 4880 id
2145 4835 2249 4890 est,
2276 4843 2343 4882 ne
2365 4828 2549 4897 pravis
2573 4827 2992 4896 cogitationibus
3014 4827 3425 4891 consentiendo,

153 4927 369 5002 ἡσυχίᾳ
441 4926 850 4998 εὑρισκόμενοι,
908 4923 970 4977 τδ
1041 4922 1341 4995 τηνικαῦτα
1400 4921 1738 4993 κατανΰγητε

1848 4918 2028 4973 Solem
2054 4919 2283 4988 justitiae
2309 4921 2586 4977 Christum
2613 4922 2908 4983 irritantes.
2927 4921 3173 4975 elliciatis
3202 4928 3263 4975 ut
3290 4921 3429 4974 occi-

156 5021 304 5093 πρὸς
360 5020 665 5090 μετάνοιαν.
717 5019 1007 5088 Συμφωνεϊ
1044 5016 1103 5069 δὲ
1160 5015 1368 5078 τούτοις
1412 5014 1507 5068 καὶ
1559 5017 1587 5068 ὁ
1637 5030 1739 5083 μα-

1848 5011 1938 5065 dat
1986 5011 2040 5066 in
2086 5012 2254 5086 32‘.
2291 5014 2548 5070 cordibus
2576 5016 2804 5080 vestris,
2836 5022 2894 5069 nt
2921 5030 2989 5070 ne
3025 5015 3146 5084 ejus
3175 5014 3425 5069 discessu

159 5115 358 5182 κάριος
395 5110 608 5170 Παῦλος
652 5109 995 5181 χρησάμενος
1026 5109 1092 5177 τῇ
1136 5105 1407 5178 μαρτυρίᾳ
1446 5093 1540 5158 τοῦ
1573 5103 1735 5176 ῥητοῦ

1848 5104 2030 5158 locum
2080 5106 2135 5160 in
2172 5107 2324 5163 vobis
2352 5108 2591 5162 inveniat
2620 5108 2890 5163 diabolus.
2923 5106 2999 5177 (8)
3050 5106 3125 5162 De
3158 5107 3265 5160 isto
3309 5107 3424 5160 sole

155 5204 380 5263 τούτου,
421 5201 516 5255 καὶ
560 5199 849 5270 προσθείς·
896 5218 915 5250 ι
961 5199 1020 5252 ’0
1046 5198 1198 5268 ἥλιος
1237 5198 1310 5270 μὴ
1343 5196 1604 5250 ἐπιδυέτω
1648 5195 1744 5249 ἐπὶ

1851 5194 1925 5246 ait
1956 5193 2099 5250 Deus
2120 5202 2214 5265 per
2234 5197 2587 5266 prOphetam:
2615 5217 2633 5248 ι
2659 5197 3000 5252 Timentibus
3024 5211 3219 5251 nomen
3243 5210 3421 5249 menm

154 5295 243 5367 τῷ
302 5290 668 5364 παροργισμῷ
702 5289 874 5361 ὑμῶν’
924 5288 999 5362 μὴ
1055 5288 1224 5342 δίδοτε
1273 5287 1436 5341 τόπον
1494 5286 1572 5358 τῷ
1629 5287 1745 5341 δια-

1850 5288 2062 5341 orietur
2091 5286 2182 5342 Sol
2204 5289 2451 5359 justitim,
2482 5300 2537 5346 et
2564 5291 2832 5346 medicina
2856 5291 2960 5345 erit
2988 5290 3040 5343 in
3064 5289 3167 5344 alis
3186 5287 3417 5354 eius".s

716 5469 759 5501 ⁸⁷
794 5466 951 5522 Prov.
990 5486 1063 5525 ιι.
1099 5468 1187 5523 93.
1267 5469 1311 5500 εδ
1351 5467 1547 5537 Ephes.
1587 5485 1660 5532 tv,
1696 5467 1747 5523 51

1863 5469 1906 5501 ⁸ο
1946 5467 2078 5523 Luc.
2115 5485 2189 5532 IV,
2223 5469 2314 5523 Ξῖ).
2387 5470 2433 5500 ""
2477 5469 2641 5525 Marc.
2684 5485 2788 5535 vu,
2820 5469 2911 5524 Ξῖ).
2985 5467 3028 5500 ἰ
3071 5466 3216 5523 Psal.
3250 5481 3326 5523 tv.
3359 5462 3416 5521 5.

1057 5539 1098 5572 ⁷⁴
1141 5539 1369 5594 Mulat-lt.
1408 5555 1480 5603 Iv,
1515 5539 1568 5593 ‘2.

237 5469 288 5501 "
320 5478 440 5526 Jac.
475 5484 514 5528 ι.
546 5467 640 5524 θλ).

156 5541 209 5572 ”
252 5540 384 5595 ibid.
450 5540 505 5570 "
543 5538 739 5608 Ephes.
782 5556 864 5604 ιτ,
893 5539 982 5595 2‘3.

238 5691 320 5833 ES)
355 5691 487 5746 Ibid.
515 5708 563 5746 e.
594 5692 644 5746 5.

266 5765 320 5833 ti)
359 5763 489 5817 lbid.
521 5779 569 5816 c.
602 5765 636 5816 6

178 5844 181 5845 ί
238 5763 320 5833 (li)
359 5763 489 5817 lbid.
521 5779 569 5816 c.
602 5765 636 5816 6

1910 5689 1985 5755 (7)
2022 5687 2159 5742 Ibid.
2194 5703 2241 5742 (ξ.
2277 5688 2326 5749 7,
2353 5687 2404 5742 8.

1915 5760 1991 5833 (8)
2023 5760 2160 5816 Ibid.
2186 5776 2234 5814 υ.
2261 5762 2316 5813 9.
