3868 6206
506 313 602 372 891

1626 315 1684 370 S.
1726 313 2187 371 ATllANASlUS.
2226 344 2296 357 --
2337 315 2561 372 DL'BIA.

3627 309 3731 368 89!

487 436 644 503 Quod
668 437 713 492 si
740 437 948 492 dictum
983 437 1116 492 illud
1143 436 1433 508 (Apostoli)
1469 435 1534 490 ad
1565 437 1797 491 litteram
1826 439 2062 507 accipin-

2164 437 2332 508 δόλῳ·
2376 457 2396 490 ι
2429 439 2672 491 τουτέστι
2704 435 2778 507 μὴ
2813 435 3262 508 παρασκευάσητε
3297 435 3387 489 τδν
3422 435 3610 488 Ἥλιον
3635 437 3732 506 τῆς

487 544 632 592 inus.
663 544 730 584 ne
753 527 971 598 quidem
997 528 1064 583 ad
1095 543 1352 584 occasum
1377 545 1551 598 usque
1583 529 1715 584 solis
1747 529 2066 583 conceditur

487 621 645 676 nobis
667 628 726 674 ut
761 623 896 674 iram
922 634 1224 675 servemus.
1259 619 1335 691 (9)
1387 619 1532 686 Quid
1560 621 1724 691 igitur
1752 619 1821 675 de
1850 619 1956 674 illis
1981 619 2068 673 di-

485 726 692 775 cemus,
721 711 814 782 qui
853 712 1068 766 feritate
1131 725 1292 782 atque
1341 711 1556 767 insania
1595 711 1770 766 vitiati
1817 712 2063 776 affectus,

486 821 598 860 non
627 807 695 860 ad
730 820 904 876 usque
942 803 1078 859 solis
1127 803 1362 873 huﬁnsce
1394 818 1654 859 occasum
1686 805 2065 858 tantummodo

487 905 710 952 servant
736 897 911 963 iram;
949 897 1044 952 sed
1072 896 1234 950 etiam
1271 896 1346 950 ad
1371 897 1571 951 multos
1608 896 1725 951 dies
1754 895 2066 966 producunt

486 1006 628 1053 eam,
663 1005 692 1044 a
725 997 920 1045 mutuo
953 987 1228 1058 colloquio
1262 988 1601 1043 abstinentes
1629 1006 1643 1042 :
1673 1003 1850 1058 neque
1877 988 2062 1044 verbis

487 1083 721 1138 ulterius
771 1083 1114 1137 iracundiam
1144 1081 1462 1152 exprimunt-
1493 1094 1670 1142 snam,
1712 1079 1808 1132 sed
1846 1079 2064 1134 silentio

488 1172 554 1226 ad
586 1173 814 1228 invicem
861 1182 1100 1238 servato,
1135 1174 1288 1228 virus
1322 1170 1596 1226 memoriae
1642 1169 1965 1237 injuriarum
1994 1169 2061 1224 ad

487 1279 641 1318 suam
674 1265 967 1334 perniciem
1007 1263 1347 1328 accendunt;
1386 1262 1702 1331 ignorantes
1752 1276 1862 1315 non
1899 1261 2060 1315 modo

488 1369 514 1407 a
553 1362 776 1424 peccato
805 1355 947 1424 quod
986 1370 1150 1425 opere
1178 1362 1525 1424 perpetratur
1553 1352 1932 1406 abstinendum
1972 1367 2064 1407 es-

488 1465 580 1515 se;
617 1449 712 1505 sed
745 1451 907 1504 etiam
944 1450 1012 1502 ab
1040 1465 1105 1504 eo
1132 1449 1279 1518 quod
1310 1449 1366 1503 in
1400 1455 1582 1502 mente
1619 1447 1963 1517 concipitur;
1993 1461 2062 1502 ne

487 1541 722 1596 tenebris
761 1539 1155 1595 recordationis
1189 1539 1512 1609 injuriarum
1555 1537 1847 1592 obscurata
1879 1552 2058 1602 mens,

485 1628 705 1683 excidat
731 1645 761 1683 a
795 1629 1002 1682 lumine
1027 1629 1377 1700 cognitionis,
1414 1642 1477 1680 ac
1500 1626 1868 1688 discretionis,
1897 1634 2060 1696 atque

485 1718 728 1786 privetur
766 1718 944 1772 sancti
1007 1717 1247 1788 Spiritus
1307 1717 1660 1771 habitatione.
1697 1716 1808 1786 (10)
1857 1717 2062 1782 Quam-

485 1810 670 1865 obrem
691 1809 845 1879 jubet
877 1786 1139 1864 Dominus
1164 1810 1218 1863 in
1249 1807 1626 1878 Evangeliis",
1662 1808 1895 1878 relinqui
1927 1825 2049 1862 mu-
2087 1786 2130 1842 Β

487 1915 592 1954 nus
630 1915 794 1970 super
823 1901 1014 1963 altare,
1060 1909 1114 1954 et
1149 1899 1494 1954 reconciliari
1527 1900 1680 1953 fratri
1710 1918 1724 1952 :
1757 1898 1903 1968 quod
1939 1898 2056 1954 fieri

485 1999 718 2062 nequeat
749 1999 1029 2061 acceptum
1057 2006 1414 2052 munusesse,
1442 1991 1608 2045 nobis
1633 1991 1712 2044 ira
1737 2006 1800 2043 ac
1825 1990 2054 2060 injuria-

485 2098 606 2136 rum
637 2083 896 2137 memoria
930 2081 1234 2151 occupatis.
1289 2081 1584 2151 Apostolus
1627 2095 1756 2136 vero
1799 2096 1924 2136 cum
1960 2082 2056 2150 ait,

485 2174 607 2229 sine
655 2173 1062 2230 intermissione
1099 2172 1366 2226 orandum
1415 2188 1538 2228 esse
1562 2174 1643 2235 ⁷⁸,
1691 2173 1747 2227 in
1803 2174 2061 2244 omnique

484 2269 605 2322 loco
632 2266 924 2323 elevandas
966 2281 1090 2322 esse
1116 2272 1344 2320 sanctas
1377 2281 1592 2330 nianus,
1634 2265 1841 2334 absque
1875 2265 1955 2318 ira
1988 2265 2058 2329 τ’,

483 2361 692 2416 etiamsi
720 2361 773 2414 in
801 2361 914 2416 sola
947 2358 1394 2430 cogitatione-sit,
1427 2358 1489 2412 id-
1514 2358 1781 2428 agendum
1815 2372 1936 2412 esse
1964 2357 2062 2411 do-

483 2463 586 2506 cet.
616 2451 807 2506 Restat
824 2452 990 2521 igitur
1020 2458 1084 2503 ut
1105 2451 1189 2506 vel
1218 2465 1495 2520 nunquam
1527 2464 1769 2512 oremus,
1793 2456 1955 2518 atque
1987 2447 2062 2502 ita

483 2542 704 2598 obnoxii
737 2541 907 2596 simus
933 2541 1246 2610 Apostolico
1285 2548 1594 2611 praecepto;
1630 2547 1729 2594 aut-
1764 2541 1810 2595 si
1856 2554 2062 2608 praece-

484 2645 576 2711 pta
603 2651 820 2690 servare
851 2651 1126 2698 curemus,
1159 2643 1218 2689 ut
1249 2635 1454 2703 absque
1483 2635 1562 2688 ira
1591 2641 1650 2688 et-
1677 2621 2059 2688 recordatione

482 2728 803 2794 iniuriarum
826 2727 958 2782 illud
982 2742 1225 2798 agamus.
1253 2726 1365 2798 (ll)
1400 2728 1464 2779 At
1486 2725 1922 2795 quandoquidem
1951 2725 2066 2794 ple-

481 2829 711 2883 rumque
749 2814 1048 2884 contingit,
1102 2822 1161 2867 ut
1213 2814 1563 2869 contristatis.
1588 2821 1684 2866 aut
1733 2813 2064 2882 perturbatis

483 2904 764 2969 fratribus,
783 2921 884 2960 nos
903 2920 1016 2959 rem
1035 2916 1472 2967 contemnamus,
1491 2911 1654 2972 atque
1673 2903 1940 2963 dicamus,
1957 2917 2066 2956 non

482 3012 588 3051 nos
621 2997 674 3050 in
707 3012 873 3051 causa
906 3013 1029 3052 esse
1063 2997 1207 3065 quod
1250 2997 1330 3051 illi
1381 2997 1822 3062 contristentur;
1855 2996 2071 3050 animaa

483 3103 604 3141 rum
636 3087 912 3150 medicus,
965 3097 1024 3142 ut
1055 3087 1150 3142 ira!
1193 3087 1516 3142 occasiones
1552 3087 1816 3141 radicitus
1867 3087 2064 3140 evellat

484 3195 546 3233 ex
583 3179 747 3233 corde
779 3188 969 3234 nostro
991 3180 1068 3243 ⁷⁸,
1105 3195 1217 3232 non
1245 3179 1403 3232 modo
1442 3178 1488 3232 si
1523 3194 1625 3233 nos
1669 3177 1981 3231 contristati
2006 3185 2063 3232 et

484 3269 610 3322 irati
639 3269 812 3325 simus
841 3269 896 3322 in
923 3269 1148 3324 fratrem
1180 3278 1453 3335 nostrum,
1479 3268 1633 3338 jubet
1666 3275 1733 3322 ut
1756 3283 1959 3323 munus
1978 3283 2066 3323 re-

484 3363 818 3432 linquamus,
852 3371 907 3416 et
938 3363 1356 3418 reconciliemur
1393 3363 1496 3432 ipsi
1524 3380 1539 3428 ;
1574 3361 1669 3416 sed
1699 3361 1916 3416 etiamsi
1945 3362 2065 3432 ipse

487 3455 542 3508 in
607 3470 708 3508 nos
741 3453 866 3522 jure
915 3469 984 3508 an
1034 3454 1232 3523 injuria
1288 3456 1580 3510 irascatur.
1613 3461 1673 3507 ut
1714 3453 2068 3509 excusatione

489 3546 681 3592 nostra
708 3539 844 3592 iram
886 3538 1007 3606 ejus
1047 3538 1322 3600 sedemus,
1371 3546 1426 3593 et
1465 3548 1600 3593 tunc
1637 3554 1838 3594 munus
1868 3538 2064 3594 θίγοι-ιι-

483 3642 632 3685 llius.
676 3626 787 3697 (l2)
819 3625 926 3680 Sed
973 3625 1104 3697 quid
1154 3627 1362 3683 diutius
1409 3627 1738 3696 evangelicis
1768 3635 1824 3680 et
1854 3636 2069 3697 aposto-

485 3716 625 3795 lieis_
639 3717 924 3786 praeceptis
953 3718 1326 3778 immoremur,
1352 3733 1475 3770 cum
1506 3733 1570 3772 ex
1597 3719 1766 3773 veteri
1800 3719 1926 3773 item
1952 3723 2068 3789 lege

487 3807 652 3862 liceat
693 3807 796 3861 hoc
825 3808 1106 3863 ediscere:
1137 3822 1258 3878 quae
1291 3809 1506 3862 tametsi
1535 3823 1605 3862 ex
1645 3808 1736 3861 illa
1778 3809 2068 3866 severitate

485 3897 774 3954 deﬂectere
815 3915 879 3953 ac
923 3915 1046 3955 sese
1081 3907 1444 3970 attemperare
1471 3900 1710 3963 videtur,
1744 3901 1818 3954 ita
1850 3901 2015 3958 habet
2046 3920 2062 3958 :

491 4009 510 4040 ι
545 3989 624 4046 Ne
649 3991 832 4046 oderis
865 3991 1085 4047 fratrem
1108 3999 1261 4045 tuum
1291 3991 1345 4044 in
1379 3991 1545 4046 corde
1573 4003 1666 4047 tuo
1684 3994 1730 4028 ⁷⁹
1753 4033 1768 4048 .
1800 4012 1818 4044 ι
1843 3993 1920 4048 Ac
1942 4009 2068 4048 nur-

484 4100 605 4138 sum
643 4101 658 4139 :
694 4103 714 4136 ι
755 4083 867 4139 Viae
895 4100 1083 4139 eorum
1121 4085 1214 4154 qui
1247 4085 1577 4154 iniuriarum
1629 4085 1946 4139 memoriam
1981 4095 2064 4141 te"

483 4185 650 4241 nent,
694 4176 763 4230 ad
803 4183 1033 4232 mortem
1055 4176 1132 4230 ἀ.
1174 4196 1204 4229 »ι
1248 4175 1360 4231 Hoc
1394 4177 1540 4230 enim
1591 4177 1712 4232 loco
1757 4193 1867 4232 non
1903 4177 2067 4232 modo

485 4283 606 4321 eam
644 4283 766 4338 quae
817 4267 873 4321 in
924 4282 1063 4338 opus
1115 4268 1443 4338 prorumpit,
1501 4269 1593 4324 sed
1625 4284 1746 4322 eam
1792 4269 1919 4323 item
1944 4285 2066 4338 mia:

485 4369 667 4415 mente
683 4362 950 4416 retinetur
979 4361 1140 4420 iram,
1172 4367 1318 4413 vetat
1341 4367 1503 4430 atque
1529 4359 1833 4416 ulciscitur.
1854 4360 2062 4426 Quam-

2163 527 2508 598 δικαιοσύνης
2558 530 2822 600 Χριστὸν,
2872 530 3292 603 παροργίζοντες
3348 530 3508 584 αὐτὸν
3561 533 3618 583 ἐν
3663 533 3730 600 τῇ

2161 616 2272 669 τῶν
2323 616 2541 686 φαύλων
2578 618 2851 690 λογισμῶν
2891 620 3302 688 συγκαταθέσει,
3349 619 3596 673 ἐπιδῦναι
3635 617 3732 682 τὰς

2164 707 2390 779 καρδίας
2436 709 2615 778 ὑμῶν’
2649 710 2736 764 ἴνα
2783 709 2857 782 μὴ
2897 714 2963 780 τῇ
3002 711 3346 782 ἀναχωρήσει
3393 709 3557 764 αὐτοῦ
3599 709 3731 781 εὕρῃ

2162 801 2220 853 ἐν
2253 802 2380 872 ὑμῖν
2414 802 2576 855 τόπον
2606 804 2634 854 6
2657 802 2920 866 διάϐολος.
2953 803 3088 874 Περὶ
3117 802 3308 856 τούτου
3335 802 3428 855 τοῦ
3452 802 3606 874 ἡλίου
3640 801 3734 855 καὶ

2161 892 2192 944 6
2221 891 2352 955 Θεὸς
2373 892 2462 945 διὰ
2490 893 2581 945 τοῦ
2617 895 2896 965 προφήτου
2927 895 3072 963 λέγει
3091 913 3104 924 ·
3155 913 3174 946 ι
3231 896 3355 959 Τοῖς
3380 895 3437 948 δέ
3465 894 3733 966 φοϐουμέ-

2161 1001 2274 1048 νοις
2311 985 2371 1037 τὸ
2414 984 2585 1055 ὅνομά
2622 1002 2722 1056 μου
2757 987 3003 1040 ἀνατελεί
3030 986 3216 1052 ’Ἤλιος
3243 986 3610 1053 δικαιοσύνης,
3644 986 3735 1039 καί⁵

2164 1077 2307 1142 τασις
2337 1079 2486 1132 ἔσται
2526 1081 2584 1133 ἐν
2635 1083 2755 1143 ταῖς
2792 1079 3044 1150 πτέρυξιν
3095 1079 3278 1134 αὐτοῦ.
3340 1099 3358 1131 ι
3425 1081 3487 1132 Et
3531 1079 3589 1132 δὲ
3643 1081 3738 1133 καὶ

2164 1168 2305 1223 κατά
2347 1169 2410 1223 τὸ
2453 1171 2687 1241 γράμμα
2719 1171 3036 1242 ἐκλάϐωμεν
3074 1171 3134 1224 τὺ
3177 1170 3355 1241 ῥητὸν,
3401 1171 3521 1224 οὐδὲ
3573 1170 3737 1240 μέχρι

2161 1259 2365 1322 δύσεως
2409 1259 2558 1329 ἡλίου
2611 1263 2973 1331 συγχωρεῖται
3015 1261 3146 1330 ἡμῖν
3184 1260 3470 1330 φυλάττειν
3507 1259 3610 1331 τὴν
3645 1259 3740 1328 δρ-

2161 1352 2283 1421 γήν.
2317 1350 2383 1402 Τί
2412 1346 2505 1404 οῦν
2531 1349 2761 1420 ἐροῦμεν
2796 1350 2924 1422 περὶ
2952 1349 3176 1410 τούτων.
3209 1351 3401 1415 οἵτινες
3441 1353 3504 1421 τῇ
3550 1351 3740 1421 ἀγριό-

2158 1459 2286 1512 τητι
2329 1444 2422 1495 καὶ
2469 1444 2634 1513 μανίᾳ
2684 1443 2784 1512 τῆς
2826 1440 3105 1511 ἐμπαθοῦς
3139 1441 3450 1508 διαθέσεως,
3473 1442 3534 1495 ού
3581 1442 3740 1512 μόνον

2165 1533 2328 1604 μέχρι
2350 1533 2556 1596 δύσεως
2578 1532 2766 1585 τούτου
2790 1531 2882 1585 τοῦ
2903 1531 3053 1602 ἡλίου
3079 1531 3393 1603 διατηροῦσι
3421 1531 3518 1602 την
3543 1532 3736 1602 ὀργὴν,

2161 1623 2296 1677 ἀλλά
2327 1624 2420 1676 καὶ
2448 1623 2541 1676 ἐπὶ
2580 1623 2837 1686 πλείστας
2867 1622 3078 1692 ἡμέρας
3122 1621 3538 1694 παρατείνουσιν
3567 1622 3739 1691 αὐτὴν

2161 1714 2630 1787 παρασιωπῶντες
2674 1715 2769 1770 ἀπ’
2816 1712 3077 1784 ἀλλήλων,
3117 1711 3297 1766 οὐκέτι
3351 1714 3448 1784 μὲν
3497 1712 3588 1766 διά
3630 1711 3739 1765 τῶν

2160 1808 2421 1879 ῥημάτων
2465 1807 2788 1877 ἐκφέροντες
2835 1805 3033 1876 αὐτὴν,
3080 1808 3145 1877 τῇ
3196 1805 3253 1858 δὲ
3299 1805 3432 1874 πρὸς
3474 1804 3738 1875 ἀλλήλους

2159 1902 2335 1970 σιωπῇ
2381 1898 2471 1952 τὸν
2512 1899 2611 1968 τῆς
2647 1897 3014 1968 μνησικακίας
3059 1897 3134 1950 ἰὸν
3175 1898 3256 1961 εἰς
3301 1896 3523 1967 ὄλεθρον
3555 1895 3738 1950 αὐτῶν

2160 1991 2512 2056 ἐξάπτοντες,
2551 1989 2888 2058 ἀγνοοῦντες,
2929 1990 3010 2042 ὅτι
3057 1988 3131 2060 μὴ
3176 1988 3332 2059 μόνον
3373 1990 3437 2041 ἐκ
3468 1988 3570 2057 τῆς
3616 1989 3736 2041 κατ’

2159 2081 2438 2152 ἐνέργειαν
2473 2080 2746 2154 ἁμαρτίας
2777 2080 3076 2151 ἀπέχεσθαι
3102 2081 3202 2144 δεῖ,
3232 2079 3368 2133 ἀλλά
3391 2080 3486 2132 καὶ
3503 2079 3613 2132 ἀπὸ
3639 2079 3738 2148 τῆς

2159 2174 2304 2228 κατὰ·
2332 2175 2587 2237 διάνοιαν,
2625 2175 2713 2227 ἵνα
2763 2174 2859 2244 μὴ,
2886 2171 2965 2242 τῷ
3009 2173 3189 2226 σκότει
3237 2172 3336 2241 τῆς
3371 2170 3740 2242 μνησικακίας

2159 2265 2189 2317 ὁ
2215 2265 2339 2328 νοῦς
2364 2265 2734 2335 ἀμαυρωθεὶς,
2763 2263 2972 2335 ἐκπέσῃ
3002 2263 3094 2316 τοῦ
3130 2263 3305 2334 φωτὸς
3334 2263 3435 2333 τῆς
3457 2262 3737 2330 γνώσεως,

2161 2357 2256 2411 καὶ
2301 2357 2402 2426 τῆς
2448 2357 2805 2428 διακρίσεως,
2851 2357 2945 2412 καὶ
2996 2358 3231 2429 στερηθῇ
3281 2356 3378 2426 τῆς
3434 2355 3528 2409 τοῦ
3581 2356 3738 2423 ἁγίου

2161 2449 2475 2520 Πνεύματος
2515 2451 2800 2521 οίκήσεως.
2835 2448 2936 2504 Διά
2973 2449 3080 2522 γάρ
3122 2448 3280 2502 τοῦτο
3325 2450 3416 2502 καὶ
3462 2450 3492 2500 6
3534 2448 3739 2518 Κύριος

2162 2542 2222 2594 ἐν
2249 2541 2600 2609 Εὐαγγελίοις
2623 2541 2834 2596 κελεύει
2871 2544 3086 2612 ἀφεῖναι
3127 2542 3188 2595 τὸ
3220 2542 3388 2612 δῶρον
3431 2541 3524 2594 ἐπὶ
3549 2542 3613 2594 τὸ
3645 2542 3740 2594 θυ-

2166 2634 2502 2704 σιαστήριον,
2530 2635 2623 2686 καὶ
2660 2633 3066 2688 διαλλάττεσθαι
3095 2633 3172 2704 τῷ
3201 2633 3444 2703 ἀδελφῷ-
3487 2634 3610 2685 ὲττεὶ
3664 2634 3738 2704 μὴ

2163 2723 2385 2778 δυνατὸν
2433 2725 2823 2796 εὐπρόσδεκτον
2864 2727 3138 2794 γενέσθαι,
3187 2725 3362 2796 θυμοῦ
3408 2726 3500 2778 καὶ
3545 2741 3738 2794 μνησι-

2165 2818 2363 2881 κακίας
2407 2818 2842 2890 ἐναποκειμένων
2886 2821 3036 2890 ἡμῖν.
3087 2820 3206 2872 Καϊ-
3231 2820 3260 2870 6
3319 2817 3641 2879 Ἀπόστολος
3683 2817 3742 2870 δὲ

2165 2907 2337 2977 λέγων
2367 2909 2723 2974 ἀδιαλείπτως
2753 2910 3167 2982 προσεύχεσθαι,
3202 2911 3297 2964 καὶ
3325 2912 3390 2962 ἐν
3405 2909 3567 2963 παντὶ
3593 2909 3742 2978 τόπῳ

2167 2998 2414 3069 ἐπαίρειν
2457 2999 2613 3062 ὁσίας
2652 3002 2860 3071 χεῖρας,
2894 3001 3062 3071 χωρὶς
3108 3000 3278 3070 ὀργῆς
3318 2998 3412 3052 καὶ
3470 2997 3558 3050 διὰ
3595 2997 3742 3064 λογι-

2169 3088 2321 3158 σμῶν
2352 3087 2505 3142 τοῦτο
2530 3091 2678 3158 ἡμᾶς
2701 3089 2959 3143 διδάσκει.
2987 3088 3365 3162 Περιλείπεται
3380 3087 3609 3158 τοίνυνῆ
3636 3100 3741 3158 μη-

2163 3179 2354 3232 δέποτε
2380 3180 2794 3251 προσεύχεσθαι,
2827 3181 2920 3236 καὶ
2945 3180 3083 3235 κατά
3106 3180 3263 3234 τοῦτο
3288 3179 3576 3242 ὑποδίκους
3605 3174 3740 3234 εἶναι

2165 3269 2242 3340 τῷ
2283 3269 2622 3340 ἀποστολικῷ
2651 3271 3088 3342 παραγγέλματι,
3123 3271 3156 3341 ἡ
3201 3268 3600 3333 σπουδάζοντας
3639 3286 3735 3337 φυ·

2165 3359 2382 3413 λάττειν
2414 3360 2484 3412 τά
2511 3361 2927 3431 προστάγματα,
2958 3360 3126 3431 χωρὶς
3155 3359 3325 3430 ὀργῆς
3351 3359 3446 3412 καὶ
3476 3373 3740 3429 μνησικα·

2166 3451 2289 3515 κίας
2315 3450 2473 3504 τοῦτο
2515 3455 2707 3505 ποιεῖνι
2752 3453 2862 3506 Καὶ
2890 3451 3076 3523 ἐπειδὴ
3108 3451 3365 3514 πολλάκις
3390 3450 3741 3522 λυπηθέντων

2166 3543 2410 3612 ἀδελφῶν
2433 3542 2466 3614 ἡ
2487 3542 2865 3614 ταραχθέντων
2888 3542 3330 3615 περιῳρονοῦμεν
3345 3541 3620 3610 λέγοντες,
3644 3543 3740 3594 οὐν

2167 3633 2225 3699 ἐξ
2257 3633 2530 3703 ἡμετέρας
2556 3633 2735 3696 αἰτίας
2769 3631 2990 3694 τούτους
3032 3631 3387 3702 λελυπῆσθαι,
3422 3632 3450 3684 6
3490 3630 3602 3683 τῶν
3645 3631 3720 3700 ψυ

2167 3723 2279 3794 χῶν
2325 3723 2505 3797 ἰατρὸς
2553 3723 2648 3788 τὰς
2697 3723 2998 3794 προφάσεις
3043 3723 3139 3792 τῆς
3185 3722 3365 3794 ὀργῆς
3386 3722 3598 3793 ῥιζόθεν
3642 3723 3739 3776 ἀπὶ

2167 3811 2394 3884 καρδίας
2443 3812 2754 3866 ἀνασπάσαι
2789 3811 3130 3882 βουλόμενος,
3171 3813 3232 3864 οὐ
3266 3810 3424 3882 μόνον
3471 3813 3522 3864 εί
3565 3811 3730 3882 τύχοι-

2170 3922 2272 3976 μεν
2301 3906 2461 3976 ἡμεῖς
2492 3905 2851 3975 λελυπημένοι
2880 3903 3022 3956 κατά
3065 3902 3158 3956 τοῦ
3190 3901 3439 3970 ἀδελφοῦ,
3475 3905 3740 3973 προστάσ-

2169 4015 2253 4051 σει
2307 3999 2524 4067 ἀφιέναι
2572 3996 2634 4049 τὸ
2692 3996 2900 4068 δῶρον,
2948 3995 3041 4048 καὶ
3088 3995 3492 4048 διαλλάττεσθαι
3537 3995 3742 4066 τούτῳ·

2167 4092 2302 4146 ἀλλὰ
2346 4093 2440 4145 καὶ
2482 4094 2535 4144 εί
2563 4089 2726 4153 αὐτὸς
2765 4089 3062 4160 λελύπηται
3097 4089 3218 4142 καθ’
3245 4088 3402 4160 ἡμῶν
3446 4089 3674 4151 δικαίως
3712 4090 3744 4160 ἦ

2166 4185 2388 4246 ἀδίκως,
2434 4183 2621 4236 τοῦτον
2665 4182 2764 4236 διὰ
2796 4183 2896 4251 τῆς
2943 4180 3236 4248 ἀπολογίας
3264 4179 3610 4252 θεραπεύειν,
3654 4183 3743 4234 καλ

2165 4277 2286 4328 τότε
2332 4275 2661 4345 προσφέρειν
2712 4274 2773 4327 τδ
2813 4273 3002 4342 δῶρον.
3058 4273 3217 4326 Ἀλλά
3264 4271 3329 4324 τί
3359 4271 3593 4325 ἐπιπολὺ
3640 4275 3745 4336 τοῖς

2168 4366 2543 4434 εὐαγγελικοῑς
2573 4366 2666 4419 καὶ
2689 4364 3064 4426 ἀποστολικοῖς
3094 4361 3545 4432 παραγγέλμασιν
3573 4363 3741 4416 ἐνδια-

485 4454 674 4508 obrem
729 4460 948 4522 oportet
1005 4451 1209 4506 divinis
1259 4451 1474 4522 legibus
1532 4451 1881 4514 inhaerentes,
1933 4453 2062 4509 totis

2167 4456 2446 4528 τρίϐομεν,
2479 4456 2596 4520 ἐξὸν
2641 4458 2735 4511 καὶ
2778 4457 2886 4510 ἀπὸ
2928 4454 3026 4508 τοῦ
3066 4453 3295 4510 παλαιοῦ
3346 4455 3512 4525 νόμου
3561 4455 3748 4525 μαθεῖν

487 4543 703 4600 viribus
748 4549 942 4597 contra
1001 4541 1258 4612 spiritum
1289 4543 1385 4596 ira:
1429 4543 1736 4605 decertare,
1773 4551 1827 4596 et
1866 4553 2060 4598 contra

486 4636 738 4691 morbum
775 4635 926 4688 illum
954 4634 1098 4688 intra
1127 4649 1230 4688 nos
1257 4633 1422 4690 situm
1457 4653 1472 4690 :
1508 4651 1684 4705 neque
1723 4646 1923 4690 contra
1960 4635 2061 4690 ho-

487 4728 663 4782 mines
713 4725 849 4780 iram
882 4725 1193 4790 concitare,
1223 4740 1288 4779 ac
1327 4724 1453 4779 ideo
1489 4725 1836 4780 solitudinem
1881 4736 1935 4782 et
1968 4742 2059 4782 se-

487 4815 855 4888 gregationem
906 4816 1251 4882 consectari;
1299 4832 1410 4886 quo
1459 4817 1666 4872 scilicet
1720 4819 1935 4872 nemine
1982 4819 2054 4872 ibi

489 4919 758 4980 praesente
783 4909 878 4979 qui
924 4924 1026 4966 nos
1057 4909 1294 4963 concitet
1320 4908 1384 4963 ad
1417 4908 1578 4975 iram,
1606 4909 1784 4964 virtus
1817 4911 2060 4980 aequani-

492 5001 701 5055 mitatis
735 5001 894 5056 facile
922 5001 978 5055 in
1025 4999 1319 5057 solitudine
1367 5008 1689 5054 exerceatur
1725 5019 1738 5056 :
1783 5017 1905 5055 nam
1947 5011 2060 5056 tum

488 5108 555 5146 ex
585 5091 839 5160 superbia
864 5130 880 5154 ,
908 5099 1019 5144 tum
1045 5089 1192 5161 quod
1239 5089 1474 5144 nolimus
1512 5105 1613 5146 nos
1656 5091 1803 5160 ipsos
1845 5091 2065 5146 incusa—

491 5197 576 5244 re,
603 5189 915 5250 nostraque
941 5178 1192 5252 segnitiei
1224 5177 1322 5233 irae
1349 5192 1546 5233 causas
1571 5178 1863 5239 ascribere.
1896 5177 2060 5232 cilici-

493 5281 590 5326 tnr-
625 5279 686 5328 ut
728 5279 1050 5341 exoptemus
1079 5286 1111 5325 a
1155 5269 1415 5325 fratribus
1460 5268 1755 5340 segregari.
1810 5269 2062 5334 Quandiu

495 5363 680 5432 itaque
738 5361 1128 5418 imbecillitatis
1177 5369 1377 5416 nostra:
1413 5374 1611 5414 causas
1656 5359 1778 5415 aliis
1824 5359 2064 5429 imputa-

2162 4545 2341 4611 τοῦτο,
2394 4545 2474 4610 δς,
2527 4545 2623 4599 καὶ
2675 4544 3082 4614 συγκατάϐασιν
3127 4543 3228 4612 τῆς
3275 4545 3565 4613 ἀκριϐείας
3608 4546 3748 4616 ἔχειν

2163 4635 2516 4698 δοκῶν,,τάδε
2568 4635 2733 4706 φησί·
2791 4654 2810 4688 ι
2857 4635 2949 4705 Μὴ
3001 4635 3237 4706 μισήσῃς
3266 4634 3357 4688 τὸν
3397 4635 3626 4704 ἀδελφόν
3656 4652 3750 4688 σου

2166 4727 2226 4778 ἐν
2251 4729 2317 4796 τῇ
2346 4725 2542 4796 καρδίᾳ
2575 4743 2670 4779 σου
2692 4743 2703 4754 ·
2743 4745 2762 4778 ι
2801 4727 2895 4779 καὶ
2927 4726 3087 4780 πάλιν
3107 4742 3121 4756 ·
3160 4745 3188 4773 ι
3229 4725 3368 4778 Ὀδοὶ
3397 4727 3751 4796 μνησικάκων

2163 4815 2243 4877 είς
2276 4813 2538 4868 θάνατον..
2573 4833 2590 4865 ι
2642 4813 2751 4867 Καὶ
2783 4811 3015 4867 ἐνταῦθα
3046 4812 3154 4885 γάρ
3182 4813 3243 4866 οὐ
3292 4813 3453 4883 μόνον
3481 4813 3582 4885 τὴν
3629 4816 3751 4867 κατ’

2163 4907 2462 4977 ἐνέργειαν,
2509 4905 2644 4958 ἀλλά
2687 4906 2782 4959 καὶ
2827 4906 2927 4977 τὴν
2978 4904 3119 4959 κατὰ
3164 4903 3404 4958 διάνοιαν
3437 4905 3610 4975 όργὴν
3646 4924 3753 4959 κω-

2166 4996 2284 5050 λύει
2329 4997 2434 5051 καὶ-
2464 4997 2700 5061 κολάζει.
2731 4996 2822 5049 Διδ
2865 4995 3153 5068 προσήκει,
3194 4997 3307 5058 τοῖς
3355 4993 3522 5058 θείοις
3569 4995 3752 5066 νόμοις

2173 5087 2617 5152 ἀκολουθοῦντας,
2654 5089 2806 5161 πάσῃ
2832 5087 3058 5157 δυνάμει
3085 5085 3446 5155 ἀγωνίζεσθαι
3481 5086 3626 5139 κατά
3659 5084 3753 5138 τοῦ

2169 5178 2489 5248 πνεύματος
2521 5178 2618 5247 τῆς
2650 5177 2838 5248 ὀργῆς,
2893 5177 2986 5229 καὶ
3031 5175 3175 5230 κατά
3221 5175 3319 5246 τῆς
3349 5175 3496 5226 ἔνδον
3529 5175 3589 5226 ἐν
3620 5176 3754 5244 ἡμῖν

2168 5268 2537 5338 ἀποκειμένης
2569 5267 2758 5320 νόσου·
2807 5266 2902 5320 καὶ
2953 5265 3050 5337 μὴ,
3101 5265 3243 5319 κατά
3289 5263 3399 5316 τῶν
3445 5262 3753 5335 ἀνθρώπων

2170 5359 2260 5414 τὸν
2303 5358 2472 5429 θυμὸν
2503 5357 2802 5421 κινοῦντας,
2843 5357 3077 5428 ἐρημίαν
3106 5357 3200 5409 καὶ
3231 5355 3464 5426 μόνωσιν
3493 5353 3753 5424 μεταδιώ-

569 5516 615 5548 ⁷⁸
657 5515 844 5570 Matth.
881 5532 935 5582 ν,
969 5515 1059 5569 94.
1131 5517 1178 5548 ’⁷⁸
1219 5513 1236 5569 1
1271 5514 1462 5570 Thess.
1502 5529 1552 5567 v.
1599 5511 1680 5568 l7.
1755 5513 1797 5545 ⁷⁷
1839 5509 1858 5565 l
1892 5510 2032 5567 Tim.

2179 5511 2231 5567 8.
2308 5512 2354 5545 "
2395 5511 2583 5566 Matth.
2619 5528 2674 5566 v.
2707 5511 2797 5564 2t.
2874 5512 2918 5543 "
2960 5509 3132 5566 Levit.
3169 5527 3294 5578 nx,
3336 5510 3423 5564 Π.
3500 5509 3549 5543 ⁸⁸
3588 5506 3765 5566 Prov:

500 5602 576 5641 ιιι
596 5625 611 5646 .
643 5585 736 5639 25.

567 5675 881 5747 (mutinae.
911 5675 1107 5747 10,11.

571 5743 688 5812 αθ)
715 5743 848 5799 Ibid.
880 5764 930 5801 c.
969 5745 1055 5801 12.

2247 5668 2360 5736 (ll)
2392 5669 2527 5724 Ibid.
2563 5687 2611 5723 c.
2655 5669 2738 5723 l3.

2246 5739 2355 5813 (ιε)
2384 5739 2515 5797 una.
2544 5756 2594 5798 c.
2631 5739 2712 5796 ιι.
2752 5740 2836 5797 l5.
