3868 6206
147 322 266 388 893

1274 331 1608 388 EPISTOLA
1652 333 1691 386 Il
1733 332 1821 386 AD
1858 334 2257 391 CASTOllEM.

3307 340 3412 402 θοι

151 465 308 505 θαινο
345 451 420 514 ώς
447 451 564 504 ἐκεῖ
601 450 780 522 δῆθεν,
812 452 902 505 καὶ
945 453 1170 524 μηδενὸς
1209 453 1358 516 ὃντος
1387 455 1481 507 τοῦ
1529 453 1733 508 κινοῦν-

1842 471 1986 514 tuus,
2017 453 2358 524 impossibile
2385 460 2470 508 est
2505 468 2605 508 nos
2639 453 2704 509 ad
2744 452 3129 524 perfectionem
3171 458 3412 527 aequani-

148 561 245 606 τος
280 545 427 616 ἡμᾶς
454 546 534 607 εἰς
564 543 754 614 ὀργὴν,
789 545 1022 607 εὐκόλως
1050 546 1108 596 ἐν
1137 547 1203 615 τῇ
1238 543 1467 614 μονώσει
1497 546 1530 615 ἡ
1561 544 1728 616 ἀρετὴ

145 635 253 705 τῆς
281 633 656 705 μακροθυμίας
708 636 1226 706 κατορθωθήσεται·
1287 637 1395 690 ἀπὸ
1451 638 1561 705 γὰρ
1629 636 1727 707 τῆς

147 723 530 795 ὑπερηφανίας
575 724 670 778 καὶ
702 724 900 797 τοῦ-μὴ
946 725 1119 780 θέλειν
1149 725 1458 797 μέμφεσθαι
1502 728 1728 790 ἑαυτοὺς

149 814 250 866 καὶ
275 814 599 884 ἐπιγράφειν
641 817 708 886 τῇ
759 814 865 886 ἰδίᾳ
894 815 1135 888 ῥᾳθυμίᾳ
1175 817 1276 880 τὰς
1305 817 1482 880 αἰτίας
1509 817 1606 888 τῆς
1633 819 1728 889 ὀρ-

147 906 277 975 γῆς,
310 906 409 976 τὴν
438 909 503 959 ἐκ
537 907 648 960 τῶν
681 908 924 978 ἀδελφῶν
949 909 1297 982 ἀλλοτρίωσιν
1339 911 1725 983 ἐπιποθοῦμεν.

151 997 302 1060 Ἕως
327 999 416 1051 ὅτε
443 999 620 1053 τοίνυν
651 999 751 1070 τῆς
783 1001 1053 1072 ἡμετέρας
1087 1002 1370 1067 ἀσθενείας
1407 1003 1507 1068 τάς
1551 1004 1730 1068 αἰτίας

147 1085 336 1150 ἄλλοις
383 1089 778 1163 ἐπιγράψομεν,
829 1091 1088 1146 ἀδύνατον
1136 1094 1284 1164 ἡμᾶς
1333 1093 1468 1164 πρὸς
1506 1093 1602 1165 τὴν
1644 1111 1730 1147 τε-

146 1175 370 1230 λείωσιν
421 1181 518 1250 τῆς
574 1181 957 1254 μακροθυμίας
1009 1182 1232 1252 φθάσαι.
1285 1184 1358 1236 Τὸ
1398 1185 1506 1255 γὰρ
1568 1185 1731 1254 κεφά-

149 1269 306 1356 λαιρν
347 1272 446 1342 τῆς
491 1273 766 1344 ἡμετέρας
815 1274 1184 1346 διορθώσεως,
1228 1277 1328 1330 οὐκ
1374 1278 1438 1330 ἐκ
1476 1277 1576 1347 τῆς
1621 1275 1730 1330 τῶν

148 1361 382 1432 πλησίον
411 1363 786 1434 μακροθυμίας
817 1363 919 1433 τῆς
956 1365 1090 1435 πρὸς
1118 1367 1150 1436 ὴ
1160 1366 1266 1436 μᾶς
1291 1365 1581 1436 γινομένης
1605 1382 1732 1418 κατ-

148 1452 430 1523 ορθοῦται,
467 1454 581 1508 ἀλλ’
627 1457 692 1508 ἐκ
743 1457 840 1527 τῆς
872 1457 1145 1527 ἡμετέρας
1192 1457 1327 1528 πρὸς
1371 1457 1462 1510 τὸν
1504 1457 1731 1529 πλησίον

155 1544 540 1615 μακροθυμίας
566 1547 659 1600 καὶ
697 1546 1064 1611 ἀνεξικακίας.
1099 1549 1266 1601 Ὅταν
1302 1547 1360 1602 δὲ
1385 1547 1476 1601 τὸν
1501 1547 1600 1618 τῆς
1629 1565 1732 1618 μα-

154 1637 461 1709 κροθυμίας
487 1637 673 1707 ἀγῶνα
702 1639 996 1709 φεύγοντες
1019 1639 1117 1711 τὴν
1149 1639 1352 1712 ἔρημον
1385 1639 1732 1694 καταδιώκω-

155 1749 260 1800 μεν
286 1730 379 1783 καὶ
404 1731 499 1802 τὴν
524 1730 774 1802 μόνωσιν,
805 1733 905 1785 ὅσα
933 1732 976 1785 δ’
1007 1732 1206 1786 ἂνητῶν
1231 1733 1514 1805 ἡμετέρων
1541 1732 1727 1786 παθῶν

149 1800 498 1894 ἀθεράπευτα
528 1800 730 1876 -ἐκεῖσε
779 1824 1189 1896 ἐπενέγκωμεν,
1249 1800 1723 1897 ἐπικεκρυμμένα,
1760 1800 1800 1854 Β

150 1915 254 1968 οὑκ
283 1913 666 1985 ἐξειλημμένα,
695 1914 1042 1984 τυγχάνουσι.
1070 1915 1179 1968 Καὶ
1207 1914 1315 1988 γὰρ
1341 1917 1374 1986 ἡ
1398 1915 1602 1986 ἐρημος
1634 1913 1728 1966 καὶ

150 2009 185 2076 ἡ
225 2004 574 2076 ἀναχώρησις
616 2006 728 2080 τοῖς
761 2007 928 2076 μήπω
955 2005 1143 2060 παθῶν
1185 2004 1622 2076 ἀπηλλαγμένοις
1665 2001 1728 2054 οὐ

155 2097 318 2168 μόνον
344 2096 628 2167 φυλάττειν
654 2097 940 2150 ἐπίσταται
971 2097 1040 2150 τὰ
1066 2095 1440 2168 ἐλαττώματα,
1465 2094 1602 2149 ἀλλὰ
1636 2093 1731 2146 καὶ

152 2187 545 2242 ἐπικαλύπτειν
587 2187 759 2242 ταῦτα
797 2183 926 2242 οἶδε.
977 2187 1088 2242 Καὶ
1135 2187 1255 2241 οὑδέ
1305 2185 1728 2243 ἐπαισθάνεσθαι

151 2279 353 2342 αὐτοὺς
401 2281 672 2350 συγχωρεῖ
733 2279 871 2350 ποίῳ
931 2278 1092 2333 πάθει
1149 2276 1450 2349 ἡττῶνταιο
1518 2279 1733 2331 τούναν-

148 2371 265 2426 τίον
305 2371 362 2426 δέ
406 2373 728 2442 φαντασίαις
773 2372 968 2435 αὐτοὺς
1015 2371 1328 2435 ὑποϐάλλει,
1380 2371 1732 2442 κατωρθωκέ-

151 2481 244 2518 ναι
299 2463 495 2528 αὑτους
555 2463 733 2521 πείθει
775 2464 874 2535 τήν
935 2479 994 2516 τε
1050 2461 1428 2534 μακροθυμίαν
1483 2461 1576 2514 καὶ
1635 2460 1733 2532 τὴν

152 2554 505 2618 ταπείνωσιν,
541 2555 647 2618 ἐως
698 2553 773 2626 μὴ
823 2555 1086 2626 πάρεστιν
1129 2556 1158 2607 ὁ
1207 2553 1430 2616 τούτους
1477 2550 1735 2625 ἐρεθίζων

153 2647 254 2702 καὶ
319 2647 627 2717 δοκιμάζων
651 2662 666 2677 °
735 2648 862 2700 ὅταν
919 2647 977 2700 δέ
1043 2646 1228 2717 συμϐῇ
1281 2647 1554 2718 πρόφασις
1621 2645 1736 2698 τού-

151 2755 283 2801 τους
311 2737 556 2803 κινοῦσα,
589 2739 685 2791 καὶ
723 2737 1096 2808 γυμνάζουσα,
1125 2737 1328 2801 εὐθέως
1367 2737 1435 2790 τά
1459 2735 1737 2790 ἐναποκεί-

156 2845 303 2900 μονα
349 2828 500 2900 πάθη
536 2829 628 2881 καὶ
669 2827 731 2881 τδ
753 2827 883 2899 πρὶν
928 2826 1254 2880 λανθάνοντα
1274 2867 1291 2892 ,
1337 2825 1525 2898 ὥσπερ
1583 2825 1737 2879 ἵπποι

152 2922 498 2992 ἀχαλίνωτοι,
557 2921 622 2974 ἐκ
675 2917 784 2972 τῶν
850 2919 996 2973 ἰδίων
1037 2918 1351 2990 ἀφετηρίων
1401 2919 1739 2989 ἐκπηδήσαν-

152 3032 268 3078 τες,
297 3015 392 3068 καὶ
419 3016 484 3084 τῇ
516 3013 702 3083 μακρᾷ
725 3011 926 3084 ἠσυχίᾳ
952 3011 1045 3065 καὶ
1079 3011 1240 3082 σχολῇ
1270 3011 1585 3082 τραφέντες,
1617 3028 1737 3080 σφο-

150 3107 410 3179 δρότερον
444 3107 538 3160 καὶ
571 3102 904 3174 ἀγριώτερον
946 3102 1082 3172 πρὸς
1121 3102 1340 3174 ὀλεθρον
1368 3101 1732 3172 κατασύρουσι
1760 3135 1804 3192 ς

150 3201 247 3253 τὸν
273 3199 406 3253 ἴδιον
436 3197 721 3269 ἐπιϐάτην.
753 3195 925 3250 Πλέον
950 3193 1058 3264 γὰρ
1089 3192 1372 3264 ἀγριοῦται
1417 3195 1473 3245 ἐν
1507 3194 1636 3262 ἡμῖν
1663 3192 1733 3246 τὰ

156 3290 309 3361 πάθη
361 3288 634 3361 ἀργοῦντα
674 3287 775 3357 τῆς
821 3286 895 3350 ἐξ
923 3284 1222 3357 ἀνθρώπων
1270 3283 1592 3354 γυμνασίας,
1641 3283 1734 3334 καὶ

152 3381 326 3454 αὐτὴν
357 3380 454 3452 τὴν
489 3380 645 3434 σκιὰν
667 3381 766 3449 τῆς
811 3380 1086 3450 ὑπομονῆς
1115 3378 1208 3431 καὶ
1237 3375 1634 3448 μακροθυμίας,
1668 3374 1734 3444 ἢν

154 3473 441 3538 είκονικῶς
469 3473 730 3544 δοκοῦμεν
768 3470 932 3543 ἔχειν,
967 3469 1414 3542 ἀναμεμιγμένην
1443 3470 1555 3536 τοῖς
1585 3467 1736 3520 ἀδελ-

154 3569 292 3637 φοῖς
308 3568 374 3636 τῇ
406 3564 636 3636 ἀμελείᾳ.
672 3563 770 3634 τῆς
803 3563 1162 3634 ἀγυμνασίας,
1198 3561 1414 3630 καὶτῆς
1449 3559 1736 3629 μονώσεως

148 3657 482 3727 ἀπόλλυμεν.
521 3657 729 3726 Ὥσπερ
769 3654 892 3727 γὰρ
919 3654 988 3708 τὰ
1041 3652 1220 3706 ίοϐόλα
1264 3654 1370 3706 τῶν
1426 3651 1628 3722 θηρίων
1678 3651 1736 3702 ἐν

151 3747 382 3818 ἐρημίᾳ,
414 3747 507 3801 καὶ
536 3747 595 3799 ἐν
619 3747 739 3808 ταῖς
777 3744 932 3807 ίδίαις
964 3743 1168 3806 κοίταις
1219 3741 1581 3813 ἡσυχάζοντα,
1615 3741 1737 3794 τότε

148 3840 255 3911 τὴν
281 3838 428 3894 ίδίαντ
455 3838 665 3908 μανίαν-
683 3837 1101 3898 ἐπιδείκνυνται,
1133 3836 1257 3888 ὅταν
1298 3833 1564 3888 λάϐωνταί
1593 3850 1750 3897 τινος·

152 3927 610 4000 προσεγγίζοντος
630 3944 644 3959 °
680 3926 823 3984 οὕτω
847 3926 940 3980 καὶ
966 3925 1304 3997 οίπέμπαθεῖς
1330 3924 1606 3996 ἄνθρωποι
1639 3926 1739 3978 οὐκ

151 4020 357 4090 ἀρετῆς
389 4018 646 4086 διαθέσει,
683 4017 818 4073 ἀλλὰ
849 4019 914 4090 τῇ
947 4017 1046 4087 τῆς
1093 4017 1328 4087 ἐρημίας
1356 4017 1568 4087 ἀνάγκη
1601 4017 1738 4086 ἡσυ-

148 4110 453 4180 χάζοντες,
486 4109 608 4165 τότε
648 4110 738 4162 τὸν
769 4109 868 4179 τῆς
903 4108 1082 4179 ψυχῆς
1134 4108 1211 4161 ιὸν
1256 4107 1562 4178 ἐξεμοῦσιν,
1614 4109 1753 4164 ὅταν,

146 4201 451 4272 δράξωνται
483 4201 578 4254 τοῦ
609 4198 1058 4273 προσεγγίζοντος
1110 4202 1214 4256 καὶ,
1248 4198 1593 4270 ἐρεθίζοντος.
1632 4200 1742 4254 Καὶ

143 4293 342 4348 τούτου
382 4293 539 4364 χάριν
584 4296 698 4356 τοῖς
750 4293 1024 4346 τελείωσιν
1068 4292 1372 4362 πραότητος
1423 4291 1742 4363 ἐπιζητοῦσι

146 4383 354 4454 σπουδῇ
411 4383 561 4455 πάσῃ
607 4382 813 4450 ὀφείλει
875 4382 949 4452 μὴ
1010 4382 1170 4452 μόνον
1231 4381 1366 4453 πρὸς
1420 4380 1742 4452 ἀνθρώπους

1833 546 2040 600 mitatis
2067 545 2477 616 attingere.(l5)
2511 545 2736 599 Summa
2775 546 2977 616 quippe
3010 546 3413 602 emendationis

1832 647 2034 695 nostra:
2067 653 2176 691 non
2216 652 2282 690 ex
2310 637 2540 707 proximi
2567 653 2694 707 erga
2723 652 2821 692 nos
2851 637 3254 707 aequanimitate
3273 637 3414 692 obti-

1829 737 2013 794 netur,
2042 728 2136 782 sed
2171 742 2235 781 ex
2265 734 2457 782 nostra
2499 742 2626 797 erga
2664 727 2974 797 proximum
3000 727 3415 796 longanimitate

1829 837 1893 876 ac
1931 822 2254 891 injuriarum
2285 820 2580 876 oblivione.
2613 817 2750 874 Cum
2775 828 2956 874 autem
2993 819 3418 889 aequanimitatis

1828 920 2108 966 certamen
2134 910 2404 981 fugientes
2431 925 2674 964 ercmum
2702 910 2939 980 petimus
2960 917 3016 964 et
3041 908 3413 975 solitudinem,

1829 1019 2188 1075 quascunque
2220 1004 2352 1059 illuc
2400 1002 2645 1058 nondum
2676 1011 2897 1058 curatas
2936 1001 3262 1072 sedatasque
3291 1017 3417 1071 pas-

1829 1097 2013 1152 siones
2034 1095 2333 1160 aﬂerimus,
2357 1095 2607 1149 occultas
2633 1109 2749 1159 eas,
2769 1108 2878 1148 non
2901 1093 3106 1149 deletas
3129 1109 3250 1147 esse
3267 1100 3418 1162 pute-

1829 1202 1973 1241 mus.
2009 1185 2298 1240 Enimvero
2321 1199 2538 1240 cremus
2565 1194 2728 1254 atque
2757 1200 3008 1240 secessus
3030 1185 3097 1239 iis
3136 1185 3230 1255 qui
3277 1199 3414 1238 non-

1830 1275 1960 1330 dum
2003 1275 2353 1344 passionibus
2385 1275 2542 1330 liberi
2573 1284 2721 1338 sunt,
2778 1290 2888 1329 non
2931 1289 3211 1330 reservare
3254 1273 3416 1331 modo

1831 1368 2291 1439 imperfectiones,
2347 1367 2442 1422 sed
2503 1382 2597 1421 eas
2645 1366 2921 1420 occultare
2975 1381 3191 1436 quoque
3241 1369 3413 1421 novit.

1828 1459 2016 1531 Neque
2066 1460 2134 1514 iis
2181 1459 2386 1514 sentire
2443 1457 2697 1512 concedit
2763 1457 2964 1528 quibus
3027 1457 3138 1512 sint
3204 1458 3418 1527 passio-

1829 1553 1992 1607 nibus
2031 1551 2288 1616 obnoxii;
2319 1550 2566 1620 quinimo
2610 1549 2678 1604 iis
2710 1563 2848 1620 quas
2904 1549 3144 1620 suggerit
3189 1549 3415 1620 phanta-

1831 1643 1930 1698 siis
1989 1643 2183 1697 suadet
2220 1644 2355 1714 ipsis
2405 1640 2550 1712 quod
2590 1640 3089 1710 aequanimitatem,
3131 1641 3274 1710 quod
3315 1641 3418 1695 hu-

1831 1736 2113 1790 militatem
2160 1736 2268 1790 sint
2327 1733 2602 1797 assecuti,
2641 1733 2816 1787 donec
2878 1732 3034 1786 adest
3107 1747 3267 1787 nemo
3321 1733 3417 1803 qui

1829 1826 2066 1880 concitet
2098 1833 2154 1880 et
2203 1824 2397 1896 probet
2436 1823 2618 1894 ipsos;
2666 1838 2790 1877 cum
2841 1822 3040 1877 accidit
3084 1831 3263 1877 autem
3321 1838 3414 1876 oc-

1827 1915 1984 1970 casio
2015 1930 2123 1985 qua
2183 1915 2528 1970 concitentur
2573 1921 2628 1968 et
2666 1920 3048 1978 exerceantur,
3118 1913 3417 1967 reconditae

1827 2009 2010 2062 statim
2042 2023 2106 2061 ac
2139 2007 2349 2077 pridem
2396 2005 2623 2060 occultae
2682 2003 2988 2075 passiones,
3027 2019 3126 2058 ceu
3183 2003 3417 2058 ell‘rencs

1831 2099 1994 2169 325
2023 2098 2148 2169 equi
2179 2112 2244 2152 ex
2281 2096 2513 2152 stabulis
2542 2101 2912 2164 erumpentes,
2948 2109 3014 2148 ac
3049 2094 3204 2163 longa
3230 2094 3416 2163 quiete

1829 2199 1884 2245 et
1943 2191 2223 2245 otiositate
2277 2189 2541 2261 perpasti,
2602 2187 2980 2243 vehementius
3033 2185 3417 2256 ell'eratiusque

1835 2283 2072 2353 equitem
2096 2283 2148 2336 in
2175 2282 2470 2352 perniciem
2488 2281 2809 2351 conjiciunt.
2837 2280 3123 2334 Passiones
3139 2281 3339 2349 quippe
3357 2279 3414 2335 in

1830 2375 1944 2430 otio
1969 2391 2144 2444 neque
2161 2375 2489 2430 excitataab
2505 2373 2819 2428 hominibus
2839 2373 3008 2442 magis
3021 2371 3323 2426 elferuntur
3349 2369 3407 2425 in

1832 2469 1992 2524 nobis
2013 2487 2026 2522 :
2046 2468 2325 2539 ipsamque
2337 2465 2613 2538 patientia:
2629 2475 2683 2520 et
2697 2464 3118 2534 :equauimitatis
3141 2463 3416 2528 umbram,

1832 2575 1994 2629 quam
2052 2559 2336 2630 phantasia
2391 2565 2598 2612 tantum
2637 2566 2692 2610 et
2731 2555 2988 2626 Opinione
3019 2562 3270 2608 tenemus
3295 2593 3310 2616 ,
3363 2553 3412 2607 si

1838 2647 2100 2702 fratribus
2143 2662 2245 2702 nos
2297 2647 2726 2710 immisceamus,
2764 2660 2860 2715 per
2891 2643 3201 2699 solitudinis
3223 2643 3414 2708 otium,

1838 2741 1909 2793 ob
1941 2739 2320 2810 negligentiam
2362 2737 2696 2794 exercitandi
2724 2736 3047 2790 amittimus.
3077 2735 3188 2806 (l4)
3215 2732 3417 2801 Quem-

1837 2829 2129 2883 admodum
2159 2829 2305 2883 enim
2336 2837 2600 2884 venenata
2632 2829 2910 2893 animalia,
2948 2828 3002 2882 in
3036 2827 3252 2881 deserto
3273 2834 3327 2880 et
3360 2825 3416 2880 in

1836 2920 2114 2974 cubilibus
2164 2919 2284 2975 suis
2343 2919 2746 2983 recmnbentia,
2800 2925 2933 2973 tunc
2980 2917 3220 2972 furorem
3253 2930 3416 2970 suum

1836 3011 2214 3067 demonstrant
2244 3051 2258 3077 ,
2297 3025 2420 3065 cum
2456 3009 2804 3065 accedentem
2835 3008 3122 3079 quemdam
3156 3007 3415 3077 capiunt;

1840 3107 1921 3159 ita
1944 3105 2193 3160 homines
2216 3103 2566 3174 passionibus
2595 3103 2815 3157 obnoxii
2839 3141 2853 3166 ,
2893 3117 3002 3157 non
3031 3101 3252 3157 virtutis
3282 3099 3418 3155 alie-

1840 3206 1954 3262 ctu,
1987 3197 2081 3252 sed
2110 3212 2174 3252 ex
2201 3195 2402 3252 deserti
2441 3196 2546 3250 loci
2578 3195 2888 3251 necessaria
2912 3194 3228 3250 conditione
3261 3194 3418 3264 quie-

1841 3296 2076 3352 scentes,
2103 3295 2218 3342 tum
2251 3288 2444 3342 animm
2477 3287 2629 3342 virus
2667 3292 2946 3351 eveniunt,
2999 3301 3124 3341 cum
3161 3285 3420 3341 acceden-

1842 3389 1950 3434 tem
2009 3380 2316 3450 quempiam
2382 3386 2436 3434 et
2504 3377 2804 3434 irritantem
2837 3394 2896 3434 se
2937 3375 3414 3448 apprehenderint.

1841 3471 2201 3538 Quamobrem
2263 3469 2356 3541 qui
2408 3469 2843 3526 mansuetudinis
2893 3471 3418 3541 perlectionem‘ex-

1841 3563 2088 3633 quirunt,
2119 3576 2219 3632 par
2241 3562 2467 3616 omnino
2498 3569 2602 3628 est,
2636 3569 2697 3615 ut
2750 3576 2858 3614 non
2919 3560 3082 3614 modo
3127 3558 3415 3615 adversum

1845 3656 2092 3710 homines
2121 3670 2230 3710 non
2257 3655 2587 3718 irascantur,
2620 3653 2715 3710 sed
2740 3667 2916 3723 neque
2937 3653 3201 3707 adversus
3233 3652 3414 3714 bruta,

1845 3747 1955 3802 imo
1988 3763 2057 3801 ne
2094 3746 2356 3802 adversus
2409 3746 2708 3800 inanimata
2758 3746 3000 3816 quidem.
3057 3742 3278 3797 Memini
3332 3757 3420 3798 me

1845 3853 1969 3892 cum
1994 3837 2050 3890 in
2084 3852 2268 3892 eremo
2299 3837 2574 3906 degerem,
2596 3843 2789 3890 contra
2823 3835 3094 3888 calamum
3127 3831 3263 3885 iram
3293 3846 3422 3884 con-

1845 3929 2078 3999 cepisse,
2106 3928 2248 3998 quod
2297 3929 2416 3998 ejus
2449 3927 2614 3981 modo
2665 3927 2913 3982 densitas
2964 3923 3126 3978 modo
3180 3925 3420 3978 tenuitas

1848 4018 2195 4089 displiceret:
2229 4025 2422 4072 contra
2455 4017 2663 4089 lignum
2691 4016 2818 4070 item
2849 4054 2864 4079 ,
2911 4012 3060 4084 quod
3099 4011 3423 4068 exscindere

1847 4126 1972 4166 cum
1996 4110 2209 4172 vellem,
2241 4110 2491 4164 celeriter
2530 4123 2638 4162 non
2670 4121 2884 4177 possem
2913 4123 2926 4160 :
2978 4119 3198 4158 rursum
3229 4110 3422 4157 contra

1849 4196 2138 4276 igniarium
2170 4197 2401 4261 silicem,
2434 4195 2577 4266 quod
2631 4209 2723 4249 me
2755 4193 3048 4248 festinante
3080 4192 3259 4265 ignem
3282 4191 3422 4247 edu-

1848 4306 2006 4352 cere,
2049 4306 2158 4344 non
2192 4289 2378 4344 statim
2409 4288 2656 4344 exsiliret
2710 4287 2987 4354 scintilla;
3039 4286 3113 4340 ita
3158 4285 3420 4340 nimirum

1848 4389 2130 4452 grassatur
2160 4381 2262 4440 ira,
2295 4388 2353 4433 ut
2385 4379 2450 4434 ad
2483 4395 2657 4449 usque
2680 4378 3019 4434 insensibilia
3043 4385 3098 4432 et
3122 4377 3431 4435 inanimata.

151 4477 230 4547 μὴ
261 4474 596 4547 ὀργίζεσθαι,
618 4473 752 4526 ἀλλὰ
794 4473 926 4544 μηδέ
957 4474 1092 4544 πρὸς
1124 4472 1190 4525 τὰ
1219 4473 1406 4542 ἄλογα.
1441 4473 1578 4544 μηδέ
1607 4473 1733 4544 πρὸς

1849 4472 2123 4527 eﬂ'eralur.
2152 4470 2262 4542 (IS)
2324 4471 2380 4525 Si
2425 4471 2714 4540 cupiamus
2739 4470 2923 4539 itaque
2951 4468 3214 4539 consequi
3243 4469 3387 4524 beati
3401 4495 3425 4536 ,ο

143 4567 220 4621 τὰ
258 4565 441 4636 ἀψυχα
478 4565 795 4638 πράγματα.
850 4564 1152 4634 Μέμνημαι
1185 4564 1292 4634 γὰρ
1333 4561 1442 4632 ἐγὼ
1483 4563 1640 4634 ἡνίκα
1679 4565 1738 4616 ἐν

145 4658 343 4728 ἐρήμῳ
373 4655 639 4726 διέτριϐον
676 4653 818 4708 κατά
865 4652 1113 4723 καλάμου
1153 4654 1243 4706 τὸν
1275 4652 1445 4724 θυμὸν
1489 4655 1734 4725 κινήσας,

145 4746 254 4816 τῆς
307 4745 618 4814 παχύτητος
663 4743 864 4797 τούτου.
1001 4743 1324 4815 λεπτότητος
1381 4746 1736 4816 ἀπαρεσάσης

149 4857 274 4913 μοι’
302 4839 396 4893 καὶ
425 4839 564 4892 κατά
596 4837 752 4902 ξύλου
781 4836 974 4900 πάλιν,
1027 4838 1154 4889 ὅταν
1185 4836 1346 4906 κόψαι
1378 4836 1537 4890 τοῦτο
1581 4837 1736 4907 θελη-

149 4951 274 4996 σας,
315 4932 389 5002 μὴ
424 4931 635 5003 ταχέως
695 4929 1002 5001 samem--
1042 4930 1136 4983 καὶ
1192 4928 1352 4984 πάλιν
1399 4929 1540 4984 κατὰ
1586 4929 1732 4983 λίθου

146 5023 509 5095 πυρεκϐόλου,
561 5025 722 5087 ὅταν,
771 5020 1159 5084 σπουδάζοντϐς
1212 5039 1313 5092 μου
1359 5021 1640 5078 ἐκϐάλλειν
1673 5023 1736 5076 τδ

144 5117 298 5186 πῦρ,
335 5116 409 5185 μὴ
458 5115 664 5184 ταχέως
718 5115 747 5166 ὁ
795 5112 1028 5185 σπινθὴρ
1071 5113 1429 5184 ἐξεπήδησενν
1459 5113 1741 5184 οὖτωτῆς

144 5206 322 5278 ὀργῆς
363 5204 730 5273 ἐπιταθείσης,
775 5205 851 5267 ὼς
899 5203 1040 5256 κατά
1082 5202 1192 5255 τῶν
1235 5203 1594 5275 ἀναισθήτων,
1639 5205 1734 5258 καὶ

145 5296 376 5367 ἀψύχων
405 5296 744 5365 πραγμάτων
769 5294 972 5366 ταύτην
1004 5294 1277 5366 ἐκφέρειν.
1313 5295 1374 5348 Εἰ
1405 5296 1584 5350 τοίνυν
1616 5298 1736 5349 ἐπι-

143 5388 424 5458 ποθοῦμεν
465 5389 647 5458 τυχεῖν
696 5385 790 5440 τοῦ
847 5385 1195 5457 μακαρισμοῦ
1239 5385 1332 5439 τοῦ
1384 5387 1642 5457 Χριστοῦ,
1672 5389 1732 5440 οὐ

146 5480 315 5552 μόνον
346 5479 442 5550 τὴν
472 5479 591 5532 κατ’
627 5479 905 5551 ἐνέργειαν
951 5478 1236 5549 ὀφείλομεν
1267 5478 1434 5550 ὀργὴν
1470 5479 1730 5545 κωλῦσαι,

145 5570 295 5626 καθά
328 5572 558 5640 εἴρηται,
593 5569 728 5624 ἀλλά
767 5571 858 5625 καὶ
910 5571 1006 5642 τὴν
1043 5572 1182 5626 κατὰ
1226 5570 1483 5628 διάνοιαν.
1521 5573 1594 5625 Οὐ
1623 5573 1730 5644 γάρ

219 5725 333 5791 (l5)
364 5725 498 5780 Ibid.
522 5742 573 5780 c.
605 5726 693 5786 16,
729 5727 810 5781 Π.

224 5795 346 5865 (ιι)
379 5797 511 5852 Ibid.
538 5814 588 5852 ε.
621 5797 705 5852 l8.

1845 4563 2092 4619 tudinem
2139 4563 2388 4628 Christi;
2446 4578 2556 4617 non
2602 4562 2774 4617 modo
2813 4562 2950 4616 iram
2989 4576 3116 4631 qua:
3161 4560 3229 4614 ad
3279 4575 3422 4631 opus

1843 4656 2173 4726 prorumpit,
2194 4658 2269 4710 uti
2295 4653 2686 4724 supradictum
2713 4661 2817 4718 est,
2839 4668 3095 4709 coercere
3121 4653 3410 4718 debemus,

1844 4747 1938 4802 sed
1965 4762 2084 4802 eam
2115 4763 2333 4816 quoque
2367 4761 2489 4816 qua:
2517 4753 2699 4801 mente
2727 4745 3056 4816 concipitur.
3101 4740 3230 4800 Non
3275 4745 3424 4801 enim

1842 4839 2178 4893 tantumdem
2207 4837 2364 4893 alfcrt
2404 4837 2655 4892 utilitatis
2689 4852 2755 4892 os
2796 4838 3078 4892 continere
3119 4852 3316 4900 suum,
3364 4839 3426 4891 et

1841 4931 2105 4984 furiosum
2135 4930 2445 5000 quodquam
2470 4929 2678 4984 dictum
2703 4945 2812 4984 non
2843 4929 3118 5000 proferre,
3153 4935 3419 4998 quantum

1840 5037 1934 5076 cor
1963 5037 2197 5093 purgare
2218 5023 2286 5077 ab
2318 5022 2644 5092 iniuriarum
2675 5022 2937 5077 memoria
2963 5062 2980 5086 ,
3003 5029 3054 5076 et
3077 5035 3272 5090 pravas
3305 5033 3419 5075 non

1841 5114 2024 5170 fovere
2047 5115 2432 5186 cogitationes.
2489 5115 2652 5170 Docet
2677 5114 2821 5170 enim
2859 5111 3172 5182 evangelica
3211 5131 3411 5165 ιιυυι...

1839 5223 1930 5272 na,
1981 5207 2198 5262 excisas
2247 5216 2505 5278 oportere
2551 5215 2897 5278 peccatorum
2941 5204 3187 5266 radices,
3235 5201 3420 5271 potius.

1840 5317 2002 5372 quam
2050 5317 2253 5356 ramos.
2307 5300 2503 5356 Excisa
2533 5301 2734 5370 quippe
2775 5315 2804 5353 a
2835 5297 3002 5354 corde
3053 5297 3148 5352 ira:
3193 5295 3418 5356 radice,

1839 5394 2049 5447 nullum
2075 5393 2257 5448 odium
2284 5433 2299 5458 ,
2345 5394 2494 5448 nulla
2529 5392 2732 5447 invidia
2762 5391 2831 5445 ad
2875 5405 3014 5460 opus
3042 5403 3214 5458 usqne
3239 5385 3414 5442 dedu-

1839 5493 2033 5539 cetur:
2085 5500 2233 5545 nam.
2261 5485 2354 5553 qui
2385 5485 2501 5539 odit
2525 5483 2746 5540 fratrem
2777 5500 2959 5552 suum,
2992 5482 3260 5536 homicida
3305 5486 3416 5549 est,

1837 5574 2098 5629 nimirum
2123 5574 2300 5644 quoad
2327 5573 2577 5630 affectum
2610 5575 2719 5630 odii
2746 5574 2946 5629 occidit
2978 5589 3124 5630 eum.
3155 5573 3420 5630 Occisum

1897 5729 2008 5801 (ιδ)
2043 5729 2179 5786 lbid.
2217 5745 2266 5786 c.
2313 5729 2399 5786 l9.
