3868 6206
481 326 589 381 895
1607 331 1664 385 8.
1703 326 2165 385 ATllANASlUS.
2208 360 2277 370 —
2316 328 2522 383 DUBIA
3641 327 3741 385 [36
3792 374 3793 379 η

484 452 662 494 autem
709 441 858 498 videt
916 442 1065 502 illum
1128 443 1309 503 Dens:
1349 446 1510 515 cujus
1538 448 1899 518 sanguinem,
1946 464 2011 503 no

2218 445 2410 500 σοῦτον
2449 446 2649 516 ὠφελεῖ
2679 446 2740 501 τὸ
2788 447 3010 517 κρατεῖν
3062 446 3154 500 τοῦ
3201 445 3488 516 στόματος,
3541 445 3651 499 καὶι
3674 447 3745 517 μὴ

483 531 666 601 gladio
685 532 915 588 elTusum
941 534 1126 590 vident
1164 536 1441 601 homines,
1473 539 1568 592 sed
1598 554 1662 593 ex
1697 539 1894 593 aﬂectu
1940 540 2010 595 od

2218 537 2413 609 ιφέρειν
2455 539 2606 609 ῥῆμα
2652 537 2946 609 μανιῶδες,
2990 538 3115 591 ὅσον
3169 537 3230 590 τὸ
3285 535 3606 609 καθαρίζειν
3651 536 3745 606 τὴν

370 694 375 698 θ
488 625 577 679 ille
604 640 684 679 om
706 625 823 682 isus
852 627 970 682 fuit.
1009 627 1151 684 Deus
1198 630 1380 699 itaque
1415 646 1519 685 non
1554 631 1714 685 modo
1742 647 1841 701 pro
1876 647 1897 687 ί

2221 629 2386 701 ιρδίαν
2414 629 2522 683 ἀπὸ
2555 628 2937 701 μνησικακίας,
2974 629 3069 683 καὶ
3112 628 3186 699 μὴ
3218 628 3546 699 ἀνατρέφειν
3580 644 3748 695 πονη-

485 716 613 779 bus,
658 718 752 773 sed
804 719 968 773 etiam
1023 734 1122 790 pro
1167 721 1591 790 cogitationibus
1641 731 1694 776 et
1742 723 2012 792 proposito

2220 719 2288 781 ιὺς
2332 717 2645 789 λογισμούς.
2686 719 2798 783 Τάς
2839 718 2994 790 ῥίζας
3039 717 3147 790 7&9
3185 719 3295 771 τῶν
3332 719 3747 790 ἁμαρτημάτων

489 810 785 880 unicuique
813 826 1045 869 coronas
1067 820 1160 866 aut
1193 814 1459 884 supplicia
1485 815 1767 880 retribuet,
1798 815 2016 885 quematf

2219 806 2449 861 ικόπτειν
2494 808 2860 879 παραγγέλλει
2911 810 2947 879 ἡ
3002 808 3331 879 εὑαγγελικὴ
3384 808 3710 863 διδασκαλία
3733 851 3746 873 ,

493 901 712 956 modum
750 902 863 972 ipse
907 918 1001 972 per
1042 905 1361 975 prophetam
1403 907 1517 961 ait:
1562 905 1676 977 Ego
1707 907 1864 962 venio
1895 908 2020 963 colle

2222 916 2305 970 τερ
2341 899 2468 963 τοὺς
2494 898 2770 970 καρπούς·
2800 898 2898 971 τῆς
2922 899 3078 971 ῥίζης
3098 898 3208 970 7&9
3249 898 3344 952 τοῦ
3381 898 3561 970 θυμοῦ
3587 901 3749 953 ἐκκο-

492 1000 639 1046 ctum
672 1007 856 1063 Opera.
885 996 1254 1066 cogitationes
1279 1038 1294 1060 ,
1340 1005 1394 1052 et
1427 998 1807 1055 meditationes
1845 1015 2019 1054 eorun

2225 989 2355 1061 ιίσης
2379 990 2488 1043 ἀπὸ
2516 990 2617 1061 τῆς
2643 990 2889 1062 καρδίας,
2927 990 3051 1045 οὔτε
3085 993 3258 1062 μῖσος,
3284 989 3408 1044 οὔτε
3448 991 3651 1061 φθόνος
3674 995 3752 1054 είς

444 1155 451 1161 ι
493 1087 572 1135 Ac
609 1096 828 1136 rursum
865 1082 1162 1153 Apostolus
1200 1085 1316 1139 ait:
1357 1103 1375 1137 ι
1418 1085 1564 1140 inter
1594 1101 1655 1141 se
1704 1086 1935 1142 invicem
1967 1112 1971 1135 ε

2227 1097 2328 1149 ιγον
2373 1080 2810 1153 προαχθήσεται·
2846 1083 2942 1135 καὶ
2980 1081 3089 1154 γάρ
3119 1083 3149 1134 ὁ
3179 1081 3351 1154 μισῶν
3381 1082 3472 1135 τὸν
3520 1082 3754 1152 ἀδελφὸν

493 1174 848 1245 gitationibus
872 1177 1257 1233 accusantibus
1277 1217 1292 1238 ,
1316 1190 1403 1231 aut
1428 1180 1587 1233 etiam
1622 1178 2020 1237 defendentibul

2227 1175 2333 1229 ντοῦ
2370 1176 2814 1248 ἀνθρωποκτόνος
2842 1174 2980 1240 ἐστὶ,
3004 1175 3244 1244 φονεύων
3264 1175 3425 1229 αὑτὸν
3449 1176 3510 1229 ὲν
3541 1179 3612 1246 τῇ
3641 1176 3754 1228 δια-

448 1336 451 1345 .
493 1266 550 1320 in
575 1265 663 1321 die
701 1281 824 1322 cum
876 1267 1143 1336 judicabit
1178 1267 1319 1323 Deus
1349 1271 1561 1325 occulta
1617 1270 1895 1327 hominum
1928 1273 1972 1304 “

2234 1285 2314 1321 σει
2337 1267 2432 1322 τοῦ
2464 1267 2674 1339 μίσους.
2720 1266 3120 1339 Ἀναιρεθέντος
3148 1266 3279 1330 Θεὸς
3303 1268 3508 1338 ἀφορᾷ·
3545 1264 3756 1331 οὗτινος

495 1354 617 1423 ipse
642 1362 820 1409 autem
850 1352 1114 1412 Dominus
1164 1356 1388 1422 docens,
1419 1369 1671 1428 oportere
1717 1376 1820 1416 nos
1846 1377 2022 1418 omne:

2225 1386 2227 1405 ι
2257 1356 2416 1429 αἷμα,
2448 1360 2511 1413 οὐ
2540 1359 2629 1413 διὰ
2653 1358 2836 1429 ξίφους
2863 1357 3110 1430 ἐκχυθὲν,
3137 1359 3408 1430 ἄνθρωποι
3434 1359 3752 1429 βλέπουσιν,

498 1444 836 1501 iracundiam
870 1448 1141 1518 deponere
1166 1489 1181 1514 ,
1224 1450 1300 1503 ait
1347 1452 1399 1505 in
1434 1450 1737 1521 Evangeliis
1770 1472 1783 1508 :
1827 1471 1844 1503 ι
1889 1453 2025 1520 Qum.

2232 1451 2304 1505 .λά
2333 1454 2399 1523 τῇ
2427 1451 2664 1505 διαθέσει
2690 1452 2783 1506 τοῦ
2823 1452 3014 1521 μίσους
3052 1449 3449 1521 ἀναιρεθέντος.
3480 1450 3621 1514 θεὸς
3651 1453 3759 1521 ἄρα

499 1537 807 1609 quicunque
834 1539 1254 1596 irascituriratri
1285 1557 1406 1606 suo,
1440 1558 1567 1598 reus
1593 1544 1920 1613 eritjudicio
1934 1545 2002 1598 ⁸³.

2258 1543 2415 1613 μόνον
2448 1542 2590 1612 ὑπὲρ
2617 1541 2887 1614 πράξεων,
2904 1540 3039 1595 ἀλλὰ
3067 1541 3162 1594 καὶ
3186 1541 3327 1612 ὑπὲρ
3346 1540 3634 1611 λογισμῶν
3667 1543 3760 1596 καὶ

499 1628 611 1700 (l6)
643 1627 719 1683 ita
761 1632 903 1686 enim
943 1633 1144 1688 habent
1204 1641 1464 1689 accurata
1508 1635 1836 1703 exemplaria
1883 1654 1896 1689 :
1943 1651 2026 1691 nat

2235 1634 2315 1705 ιὲρ
2346 1632 2716 1704 προαιρέσεων
2740 1633 2822 1685 ἑνὶ
2855 1632 3071 1702 ἑκάστῳ
3096 1632 3390 1701 στεφάνους
3416 1632 3450 1701 ἢ
3482 1632 3762 1702 τιμωρίας

501 1720 593 1773 illa
622 1735 745 1783 vox,
787 1739 805 1771 ι
844 1729 1067 1785 temere,
1100 1743 1118 1775 ι
1156 1723 1429 1793 adjectitia
1451 1734 1571 1781 est:
1615 1726 1757 1796 quod
1780 1725 1956 1795 palam
1986 1742 2028 1782 es

2232 1724 2479 1788 τοδιδοὺς,
2524 1722 2705 1787 καθὼς
2743 1720 2905 1787 αὐτὸς
2954 1722 3042 1777 διὰ
3086 1722 3179 1777 τοῦ
3227 1725 3507 1795 προφήτου
3556 1723 3759 1794 φησίν·

498 1826 565 1865 ex
598 1813 921 1881 praecedenti
966 1814 1262 1886 Scriptum
1286 1817 1553 1872 clausula.
1588 1817 1800 1887 Scopus
1833 1834 2025 1889 namqu

2234 1815 2357 1885 Εγὼ
2386 1815 2616 1888 ἔρχομαι
2639 1817 2963 1884 συναγαγεῖν
2997 1814 3067 1868 τὰ
3118 1814 3276 1886 ἔργα,
3310 1814 3404 1867 καὶ
3449 1816 3581 1878 τοὺς
3608 1814 3761 1883 λογι-

502 1903 715 1959 Domini
760 1906 874 1961 vult
905 1921 1004 1961 nos
1034 1907 1271 1962 radicem
1301 1923 1366 1963 ac
1394 1909 1686 1963 scintillam
1718 1910 1813 1964 ira:
1842 1925 2029 1981 prorsu

2237 1909 2360 1971 οὺς,
2417 1907 2510 1960 καὶ
2558 1906 2660 1971 τὰς
2709 1906 3034 1977 ἐνθυμήσεις
3090 1905 3291 1960 αὐτῶν.
3325 1923 3344 1957 ι
3374 1906 3486 1959 Καὶ
3533 1905 3704 1959 πάλιν
3737 1908 3764 1960 6

502 1994 845 2059 abscindere,
878 2011 941 2050 ac
975 2012 1043 2050 ne
1089 1998 1368 2051 minimam
1423 1999 1516 2052 ira:
1552 1998 1893 2054 occasionem
1928 2001 2029 2054 intr

2239 1999 2502 2062 ,πόστολος
2555 1998 2701 2067 λέγει
2723 2015 2737 2030 ο
2793 2016 2813 2049 ι
2876 1996 3099 2064 Μεταξὺ
3149 1997 3394 2068 ἀλλήλων
3445 1997 3560 2051 τῶν
3615 1998 3766 2066 λογι-

501 2103 605 2143 nos
634 2103 890 2152 servare;
929 2097 989 2142 ut
1032 2104 1099 2144 ne
1150 2090 1358 2146 scilicet
1387 2090 1434 2145 si
1478 2106 1546 2146 ex
1582 2100 1949 2147 consentanea
1980 2107 2028 2146 ra

2241 2092 2323 2146 ῶν
2362 2090 2791 2163 κατηγοροῦντες
2831 2089 3349 2163 [κατηγορούντων].
3384 2090 3418 2162 ἢ
3468 2093 3565 2144 καὶ
3625 2093 3768 2145 ἀπο-

503 2179 654 2235 tione
684 2181 819 2234 iram
850 2181 1211 2243 concitemus,
1244 2180 1462 2253 demum
1501 2182 1556 2236 in
1597 2183 1742 2236 bruti
1772 2183 1939 2237 animi
1987 2183 2030 2238 fu

2238 2182 2512 2254 γουμένων
2534 2183 2590 2234 ὲν
2624 2181 2829 2253 ήμέρα.
2856 2182 2947 2235 ὅτε
2982 2183 3161 2253 κρινεῖ
3190 2182 3219 2234 ὁ
3250 2180 3381 2246 Θεὸς
3429 2182 3499 2235 τὰ
3538 2184 3765 2253 κρυπτά

504 2287 685 2328 rorem
724 2271 1048 2329 incidamus.
1082 2272 1193 2345 (l7)
1232 2270 1469 2341 liujusce
1516 2288 1678 2342 porro
1726 2274 1902 2328 morbi
1956 2274 2031 2329 ha!

2240 2293 2280 2328 ιν
2326 2272 2646 2346 ἀνθρώπων.
2684 2292 2702 2325 ι
2744 2272 2916 2335 Αὐτὸς
2956 2272 3015 2325 δὲ
3064 2274 3094 2325 ὁ
3130 2273 3438 2343 Δεσπότης,
3489 2273 3767 2327 διδάσκων

504 2372 588 2419 est
620 2363 857 2434 perfecta
885 2364 1127 2429 medela;
1169 2372 1227 2417 ut
1275 2365 1482 2418 scilicet
1513 2379 1836 2434 persuasum
1883 2365 2031 2420 habe:

2242 2371 2340 2435 ιᾶς,
2372 2370 2454 2422 ὅτι
2492 2368 2574 2421 δεῖ
2624 2368 2802 2421 πᾶσαν
2848 2366 3019 2437 ὀργὴν
3068 2364 3439 2429 ἀποτίθεσθαι,
3491 2366 3667 2435 φησιν
3713 2367 3769 2419 έν

506 2470 651 2517 mus,
678 2453 836 2509 nobis
862 2469 1039 2523 neque
1068 2453 1215 2523 justa
1255 2469 1431 2524 neque
1480 2455 1685 2524 injusta
1723 2455 1790 2510 de
1816 2471 1983 2510 causa
2011 2457 2033 2510 l‘

2243 2464 2285 2525 ίς
2336 2459 2720 2529 Εὑαγγελίοιςο
2773 2477 2792 2509 ι
2839 2459 2961 2512 Ὀτι
3008 2460 3115 2521 πᾶς
3178 2459 3209 2510 ὁ
3278 2457 3629 2530 ὀργιζόμενος
3690 2458 3770 2528 τῷ

466 2538 473 2545 ’
506 2561 630 2601 cere
656 2546 1076 2617 indignationem
1112 2547 1388 2601 concitare
1422 2554 1686 2603 nostram.
1718 2546 1852 2600 Nam
1889 2549 1936 2603 si
1964 2566 1988 2603 s

2241 2553 2387 2625 ελφῷ
2428 2552 2590 2607 αὐτοῦ
2624 2552 2807 2622 ἔνοχος
2850 2551 3003 2605 ἔσται
3047 2553 3115 2622 τῇ
3162 2551 3359 2623 κρίσει.
3396 2568 3415 2603 ι
3452 2549 3615 2603 Οὕτω
3660 2549 3768 2621 γάρ

506 2636 646 2692 ritus
677 2636 772 2691 ira:
800 2645 1031 2692 mentem
1060 2636 1317 2692 obscuret
1337 2637 1514 2701 nobis,
1546 2652 1722 2707 neque
1758 2638 1848 2691 lux
1869 2638 2033 2693 disert

2238 2644 2287 2697 ὃν
2313 2643 2665 2715 ἀντιγράφων
2706 2642 2776 2696 τὰ
2817 2642 3019 2714 ἀκρισῆ
3056 2641 3328 2714 περιέχειν
3378 2642 3442 2695 τὸ
3470 2641 3582 2712 γὰρ
3620 2641 3765 2713 εικῆ,

506 2729 698 2793 tionis,
728 2745 904 2799 neque
950 2729 1084 2785 recti
1116 2729 1331 2786 consilii
1373 2728 1705 2799 iustitiaeque
1749 2733 2033 2800 gubernacl

2241 2751 2245 2784 ι
2278 2732 2595 2804 προσθήκης
2639 2730 2834 2801 ἐτέθηο
2863 2730 2957 2784 καὶ
2998 2729 3155 2785 τοῦτο
3192 2730 3353 2800 δῆλον
3398 2732 3464 2783 ἐκ
3496 2729 3591 2784 τοῦ
3633 2747 3768 2800 προ-

508 2819 619 2874 lum
652 2820 705 2874 in
745 2821 905 2876 nobis
946 2821 1284 2891 reperietur:
1331 2836 1506 2891 neque
1547 2821 1743 2891 spiritu
1792 2821 1887 2876 ira:
1915 2820 2035 2874 dom

2240 2825 2446 2895 ειμένου
2468 2822 2752 2895 λήμματος
2773 2823 2874 2893 τῆς
2905 2823 2944 2875 Γ
2951 2824 3145 2893 ραφῆς.
3193 2822 3250 2875 '0
3277 2821 3385 2893 7&9
3429 2822 3633 2885 σκοπὸς
3673 2821 3767 2874 τοῦ

508 2918 676 2966 nante
711 2911 823 2967 ﬁeri
849 2920 1046 2981 potest,
1079 2918 1139 2966 ut
1167 2912 1350 2965 anima
1391 2922 1579 2967 nostra
1612 2913 1873 2982 templum
1907 2929 2035 2968 sane

2243 2917 2387 2989 υρίου
2424 2914 2523 2986 τὴν
2560 2915 2732 2987 ῥίζαν,
2759 2915 2855 2968 καὶ
2889 2914 2981 2967 τὸν
3008 2911 3280 2984 σπινθῆρα
3316 2913 3420 2983 τῆς
3442 2913 3617 2985 ὀργῆς
3638 2915 3770 2967 ἁπο-

511 3001 749 3074 εῳίιολιυε
808 3003 1091 3059 elIiciatur.
1164 3003 1390 3058 Demum
1435 3013 1648 3074 oportet
1703 3012 1764 3058 ut
1819 3004 2038 3059 incerta:

2243 3009 2402 3061 'mtetv
2433 3008 2569 3062 πᾶσι
2590 3007 2812 3077 τρόποις
2838 3006 2984 3077 ἡμᾶς
3016 3004 3297 3076 βούλεται,
3338 3003 3433 3058 καὶ
3466 3004 3607 3076 μήτε
3640 3003 3770 3076 μίαν

508 3095 708 3152 mortis
751 3095 941 3149 horam
987 3110 1098 3165 pra:
1136 3096 1312 3150 oculis
1357 3094 1654 3158 habentes,
1704 3094 2035 3163 custodiamt

2241 3099 2456 3168 adcpaatv
2507 3098 2677 3170 ὀργῆς
2724 3100 2783 3152 ὲν
2839 3097 3022 3161 αὐτοῖς
3078 3095 3453 3166 διαφυλάττειν
3473 3112 3489 3127 ·
3545 3098 3633 3150 ἵνα
3694 3096 3768 3169 μή

511 3201 612 3241 nos
643 3186 712 3240 ab
740 3186 842 3248 ira,
867 3200 930 3240 ac
961 3186 1201 3240 sciamus
1232 3201 1407 3255 neque
1439 3186 1651 3241 ascesin
1673 3225 1688 3249 ,
1737 3202 1914 3256 neque
1942 3195 2038 3240 terr

2241 3188 2421 3258 νλόγως
2440 3186 2597 3260 δῆθεν
2630 3186 2729 3260 τὴν
2752 3186 2919 3258 ὀργὴν
2944 3185 3272 3257 κινούμενοι,
3300 3183 3528 3257 ὕστερον
3558 3189 3627 3256 τῇ
3664 3203 3768 3256 μα-

511 3277 835 3348 perantiam,
865 3291 1040 3345 neque
1066 3276 1462 3331 abdicationem
1499 3276 1578 3331 rei
1617 3276 1797 3332 omnis
1835 3277 2038 3331 materi:

2243 3298 2280 3353 ᾳ
2324 3278 2419 3334 τοῦ
2453 3279 2651 3348 ἀλόγου
2696 3276 2868 3349 θυμοῦ
2913 3276 3317 3348 περιπέσωμεν.
3369 3276 3483 3347 Τῆς
3513 3276 3571 3330 δὲ
3613 3277 3770 3331 νόσου

514 3369 617 3430 lis,
663 3382 840 3437 neque
874 3364 1084 3435 jejunia
1120 3375 1171 3419 et
1202 3366 1436 3435 vigilias,
1473 3366 1691 3419 utilitati
1722 3366 1881 3421 nobis
1923 3366 2039 3422 fore

2244 3371 2393 3443 ιύτης
2436 3369 2618 3423 τελεία
2654 3366 2862 3439 ἰατρεία
2897 3366 3032 3438 αὐτή
3078 3368 3216 3429 ἐστι,
3250 3367 3340 3421 ἵνα
3373 3366 3771 3436 πιστεύσωμεν,

515 3458 561 3513 si
595 3457 674 3511 ira
696 3464 858 3527 atque
897 3456 1022 3510 odio
1059 3454 1331 3525 correpti,
1382 3455 1461 3509 rei
1493 3454 1665 3510 simus
1698 3455 1926 3524 judicio.
1963 3456 2042 3523 Qu

2251 3481 2269 3516 t
2294 3459 2419 3515 οὔτε
2455 3458 2549 3511 ἐπὶ
2582 3456 2826 3523 δικαίοις,
2853 3454 2976 3509 οὗτε
3010 3456 3104 3509 ἐπὶ
3140 3455 3364 3520 ἀδίκοις,
3399 3455 3609 3522 ἔξεστιν
3639 3457 3773 3526 ήμῖν

516 3550 724 3605 utinam
757 3548 1072 3612 liberemur,
1100 3548 1275 3617 gratia
1314 3546 1525 3601 Domini
1553 3549 1727 3601 nostri
1769 3545 1900 3604 Iesu
1923 3549 2043 3603 Chri

2241 3554 2356 3606 ,νεῖν
2384 3550 2474 3602 τὸν
2505 3546 2694 3618 θυμόν.
2725 3545 2832 3601 Τοῦ
2864 3545 2968 3618 7&9
2999 3545 3303 3616 πνεύματος
3324 3547 3422 3615 τῆς
3442 3547 3614 3618 ὀργῆς
3641 3563 3768 3601 om.

516 3642 638 3703 stri,
670 3642 756 3695 cui
787 3641 956 3711 gloria
987 3642 1040 3695 in
1067 3642 1264 3697 saecula
1284 3644 1625 3696 saeculorum.

2244 3659 2431 3705 σαντος
2468 3640 2566 3711 τὴν
2611 3637 2867 3701 διάνοιαν,
2917 3635 3042 3691 οὔτε
3097 3636 3420 3707 διακρίσεως
3462 3637 3602 3707 φῶς,
3645 3638 3771 3692 οὗτε

516 3735 677 3807 ὀρθοῦ
702 3735 1081 3807 βουλεύματος,
1147 3734 1270 3788 οὔτε
1310 3736 1652 3808 δικαιοσύνης
1697 3739 2022 3813 κυϐέρνησις
2061 3746 2120 3798 ὲν
2187 3745 2318 3814 ἡμῖν
2353 3736 2723 3809 εὑρεθήσεται,
2774 3730 2899 3786 οὔτε
2938 3732 3066 3788 ναὸν
3111 3732 3206 3785 τοῦ
3254 3734 3410 3800 άγίου
3450 3731 3770 3804 Πνεύμιτος

515 3831 613 3901 τὴν
638 3830 908 3904 ήμετέραν
932 3829 1105 3902 ψυχὴν
1129 3829 1377 3897 γενέσθαι
1408 3830 1649 3895 δύνατὸν,
1677 3832 1770 3886 τοῦ
1804 3835 2108 3907 πνεύματος
2139 3836 2308 3908 ὀργῆς
2339 3828 2700 3903 κυριεύοντος.
2750 3825 2916 3889 Τέλος
2958 3824 3017 3879 δὲ
3055 3822 3270 3878 πάντων
3331 3825 3436 3896 χρὴ
3472 3825 3537 3878 τὸ
3578 3825 3770 3896 ἄδηλον

511 3924 611 3980 τοῦ
634 3926 864 3979 θανάτου
890 3925 1010 3979 καθ’
1027 3925 1261 3995 εκάστην
1285 3924 1497 3995 ἡμέραν
1515 3927 1619 3997 πρὸ
1644 3927 1937 3999 ὀφθαλμῶν
1958 3931 2200 4002 ἔχοντας,
2235 3928 2521 3999 φυλάιττειν
2576 3922 2801 3985 ἑαυτοὺς
2867 3920 2975 3975 ἀπὸ
3034 3920 3136 3990 τῆς
3174 3920 3363 3992 ὀργῆς,
3404 3922 3499 3973 καὶ
3546 3921 3765 3985 εἰδέναι,

518 4022 600 4074 ὅτι
645 4018 767 4073 οὔτε
817 4018 1066 4090 ἄσκησις,
1112 4016 1234 4071 οὔτε
1286 4018 1628 4089 σωφροσύνη,
1670 4019 1793 4074 οὔτε
1844 4024 2093 4093 ἀποταγὴ
2131 4024 2311 4093 πάσης
2340 4019 2492 4090 ὕλης,
2526 4015 2651 4070 οὗτε
2708 4013 2816 4067 τῶν
2844 4012 3108 4084 νηστειῶν
3144 4013 3236 4066 καὶ
3277 4012 3597 4083 ἀγρυπνιῶν
3652 4013 3779 4082 ὕφε-

489 4113 608 4178 .λος
631 4117 763 4185 ἡμῖν
789 4113 959 4177 ἔσται,
983 4114 1099 4178 ἐὰν,
1138 4113 1243 4167 ὑπδ
1301 4114 1471 4185 ὀργῆς
1540 4117 1633 4167 καὶ
1658 4115 1845 4185 μίσους
1874 4119 2244 4190 κατεχόμενοι,
2275 4117 2446 4185 ἔνοχοι
2481 4110 2792 4182 εὑρεθῶμεν
2848 4110 2914 4179 τῇ
2948 4108 3146 4179 κρίσει.
3170 4102 3277 4171 Ἶίς
3327 4106 3654 4179 ῥυσθείημεν
3693 4107 3782 4177 χά-

522 4223 631 4279 ριτι
652 4205 747 4260 τοῦ
790 4207 995 4277 Κυρίου
1035 4208 1193 4279 ἡμῶν
1228 4210 1400 4281 Ἰησοῦ
1433 4212 1690 4281 Χριστοῦ,
1795 4215 1829 4285 ἡ
1869 4213 1994 4278 δόξα
2028 4218 2108 4280 εἰς
2145 4215 2271 4277 τοὺς
2296 4211 2499 4272 αἰῶνας
2526 4207 2636 4261 τῶν
2665 4204 2897 4260 αἰώνων.

595 4320 760 4391 326
789 4322 839 4376 5.
858 4324 970 4394 (18)
988 4323 1246 4390 Quintum
1261 4326 1420 4387 nobis
1442 4335 1817 4382 estccrtamen
1834 4330 2097 4387 adversus

2276 4328 2328 4382 5.
2356 4328 2613 4398 Πέμπτος
2636 4324 2771 4395 ἡμῖν
2816 4322 2963 4375 ἔστιν
2996 4318 3145 4388 ἀγὼν
3189 4318 3330 4372 κατά
3355 4317 3447 4371 τοῦ
3477 4318 3780 4387 πνεύματος

526 4414 779 4481 spiritum
836 4415 1102 4479 tristitie,
1129 4418 1248 4487 .qui
1284 4419 1522 4472 animam
1564 4420 1823 4475 obscurat
1854 4430 2053 4477 nostrai

2252 4422 2301 4490 ᾖς
2351 4418 2545 4487 λύπης.
2592 4414 2685 4468 τοῦ
2723 4411 3133 4475 ὲπισκοτοῦντος
3172 4413 3238 4482 τῇ
3282 4411 3426 4480 ψυχῇ
3458 4409 3568 4461 ἀπὸ
3603 4410 3779 4479 τῖάσης

526 4513 587 4557 ut
637 4506 770 4560 nulli
821 4508 995 4576 possit
1047 4510 1317 4578 spirituali
1374 4513 1816 4581 contemplationi
1865 4529 2053 4568 vacare

2254 4505 2571 4577 νευματικῆς
2601 4502 2853 4574 θεωρίας,
2881 4502 2974 4555 καὶ⁵
3004 4499 3302 4562 κωλύοντος
3332 4498 3499 4568 αὐτὴν
3538 4498 3647 4551 ἀπὸ
3681 4500 3781 4552 πά-

528 4596 857 4666 cohibetque
907 4598 1052 4651 illam
1098 4600 1167 4653 ab
1195 4602 1344 4654 omni
1376 4601 1519 4655 bono
1550 4617 1731 4670 opere.
1767 4603 1901 4656 Cum
1952 4603 2055 4657 enin

2257 4615 2304 4670 ]ς
2340 4595 2550 4666 ἀγαθῆς
2595 4592 2879 4666 ἐργασίας.
2903 4593 3069 4646 Ὅταν
3115 4591 3224 4663 7&9
3255 4591 3316 4644 τὸ
3351 4590 3585 4663 πονηρὸν
3631 4589 3784 4643 τοῦτο

512 4703 732 4757 .pravus
762 4689 849 4742 ille
881 4689 1107 4759 spiritus
1139 4692 1374 4745 animam
1427 4693 1845 4761 appreliemlerit
1896 4700 2039 4746 totam

2257 4686 2423 4758 νεῦμα
2466 4683 2857 4757 περιδράξηται
2910 4681 3010 4751 τῆς
3056 4681 3254 4754 ψυχῆς,
3298 4680 3391 4735 καὶ
3439 4681 3569 4751 ὃλην
3620 4681 3784 4752 αὐτὴν

529 4795 638 4847 que
671 4780 1042 4834 obscuraverit
1063 4820 1078 4845 ,
1129 4796 1238 4836 non
1272 4797 1464 4851 preces
1496 4798 1618 4837 cum
1660 4784 1945 4838 alacritate
1975 4782 2056 4837 l'ur

2260 4777 2475 4851 ιοτώσῃ,
2508 4777 2607 4829 οὐκ
2648 4774 2813 4845 εὐχάς
2854 4771 3089 4826 ἐκτελεῖν
3142 4772 3278 4843 μετὰ
3318 4770 3627 4842 προθυμίας
3664 4788 3787 4840 συγ-

531 4872 662 4926 dere
684 4870 956 4932 concedit,
984 4887 1090 4926 non
1121 4872 1175 4925 in
1212 4886 1493 4927 sacrarum
1518 4874 1809 4928 lectionum
1837 4875 2058 4945 capiend

2262 4870 2397 4939 υρεί,
2432 4867 2493 4920 οὐ
2517 4866 2625 4919 τῶν
2654 4864 2814 4936 ἱερῶν
2842 4863 3279 4933 ἀναγνωσμάτων
3321 4863 3388 4931 τῇ
3427 4860 3667 4933 ὠφελείᾳ
3696 4864 3789 4930 ἑγ-

531 4966 768 5021 utilitate
799 4979 1016 5029 vacare,
1047 4980 1156 5020 non
1189 4965 1454 5021 fratribus
1484 4974 1829 5020 mansuetum
1868 4976 1921 5021 et
1953 4982 2058 5021 con

2259 4961 2515 5031 ιρτερεῖν,
2548 4958 2722 5027 πρᾶον
2746 4957 2841 5011 καὶ
2877 4956 3277 5026 εὐκατάμικτον
3317 4952 3451 5025 πρὸς
3479 4953 3608 5015 τοὺς
3637 4953 3786 5007 ἀδελ-

533 5059 752 5112 moJum
785 5072 907 5113 esse
941 5057 1072 5114 sinit
1106 5075 1120 5111 :
1160 5057 1345 5112 odium
1374 5058 1551 5112 omnis
1582 5058 1729 5111 circa
1763 5072 1928 5128 opera
1981 5066 2060 5112 stu

2260 5051 2344 5114 ab;
2367 5045 2506 5102 εἶναι
2539 5049 2600 5102 οὐ
2633 5051 2923 5121 συγχωρεῖ,
2948 5047 3042 5101 καὶ
3093 5047 3229 5118 πρὸς
3274 5044 3452 5098 πάντα
3479 5044 3590 5097 τῶν
3618 5045 3787 5115 ἔργων

535 5147 651 5210 dii,
710 5148 995 5218 ipsiusque
1049 5147 1174 5202 vita:
1223 5147 1583 5217 professionis
1642 5148 1907 5218 suggerit.
1965 5144 2062 5199 Dm

2262 5146 2279 5196 ι
2302 5138 2725 5211 ἐπιτηδεύματα,
2756 5138 2851 5192 καὶ
2874 5137 3007 5209 πρὸς
3044 5136 3211 5207 αὐτὴν
3236 5134 3328 5187 τοῦ
3364 5133 3478 5204 βίου
3501 5132 3599 5205 τὴν
3624 5136 3789 5202 ἑπαγ-

536 5238 722 5293 omnia
754 5238 988 5306 denique
1024 5237 1285 5292 salutaria
1323 5236 1517 5289 anima:
1562 5235 1788 5289 consilia
1819 5231 2058 5288 coniund

2258 5231 2398 5285 ελίαν
2431 5234 2586 5302 μῖσος
2622 5233 2856 5301 ἐμποιεῖ.
2889 5231 2996 5283 Καὶ
3046 5229 3225 5283 πάντα
3271 5225 3462 5290 ἁπλῶς
3495 5225 3566 5279 τά
3613 5243 3785 5297 σωτη-

539 5332 761 5385 tristitia
791 5369 809 5395 ,
875 5329 1105 5400 ejusque
1160 5328 1470 5384 ﬁrmitatem
1534 5342 1598 5382 ac
1658 5325 2066 5396 perseverantial

2262 5320 2382 5392 ιώδη
2429 5322 2766 5395 βουλεύματα
2803 5323 2901 5393 τῆς
2923 5321 3098 5391 ψυχῆς
3126 5322 3159 5391 ή
3189 5319 3331 5391 λύπη
3382 5320 3659 5391 συγχέασα
3699 5320 3789 5375 καὶ

540 5424 724 5491 solvit,
753 5424 911 5495 quasi
962 5423 1186 5479 stultam
1220 5421 1369 5475 illam
1408 5428 1463 5475 et
1487 5418 1777 5474 attonitam
1807 5416 1968 5474 elﬁcit
1994 5456 2010 5485 ,
2050 5429 2067 5470 ε

2264 5420 2314 5469 ὴν
2353 5415 2596 5469 εὐτονίαν
2634 5415 2825 5487 αὐτῆς,
2855 5415 2947 5469 καὶ
2988 5412 3280 5485 καρτερίαν
3310 5412 3688 5486 παραλύσασα,
3715 5411 3791 5482 ὡς

612 5580 657 5613 ⁸⁸
699 5578 852 5634 Rom.
889 5595 962 5640 ιι,
1000 5577 1087 5633 15.
1164 5577 1208 5610 ⁸¹
1248 5574 1417 5633 Matth
1476 5591 1527 5644 ν,
1560 5572 1650 5630 9-2.

647 5735 731 5803 ιθ)
765 5735 902 5797 lhid,
936 5750 987 5787 c.
1020 5733 1111 5786 ea.

2293 5721 2405 5793 (l8)
2430 5720 2563 5778 lbi'd.
2603 5721 2637 5773 Ι.
2668 5734 2743 5787 ιι,
2778 5734 2827 5774 c.
2863 5718 2909 5774 l.

647 5737 731 5803 ιδ)
765 5737 902 5797 ma,
936 5750 987 5787 ρ.
1020 5737 1111 5786 τη.

616 5737 734 5879 ξιτ)
770 5803 1097 5861 lbid.c.21.
1664 5812 1669 5819 ο
