3868 6206
121 285 238 341 897

1247 291 1588 361 Ειηετοιᾼ
1628 287 1672 343 ιι
1708 285 1799 339 AD
1837 287 2226 345 ωσι-σηιξη.

3289 296 3394 359 898

122 401 336 470 ἄφρονα
369 402 557 474 αὐτὴν,
586 406 681 460 καὶ
709 407 1045 480 παραπλῆγά
1072 409 1465 482 ἀπεργάζεται,
1505 412 1585 483 τῷ
1616 411 1712 482 τῆς

1826 409 2044 466 demum
2100 427 2223 468 eam
2291 404 2695 484 desperationis
2772 416 3107 485 cogitatione
3196 419 3392 491 illigat.

121 494 490 562 ἀπογνώσεως
553 497 739 552 λοιπὸν
781 500 1049 571 ὲνδήσασα
1087 502 1352 575 λογισμῷ.
1407 504 1505 558 Διά
1556 504 1715 558 τοῦτο

120 576 205 645 εἷς
238 583 438 647 σκοπὸς
468 586 600 655 ἡμῖν
632 584 773 639 ἔστω
804 588 1173 656 ἀγωνίσασθαι
1210 592 1302 644 τὸν
1349 594 1714 664 πνευματικὸν

120 674 335 743 ἀγῶνα,
372 676 469 730 καὶ
496 677 715 748 νικῆσαι
740 681 835 759 σὺν
861 678 982 752 Θεῷ
1007 681 1075 736 τά
1113 683 1397 754 πνεύματα
1423 689 1522 758 τῆς
1552 705 1715 760 πονη-

122 766 272 836 ρίας,
292 769 386 821 καὶ
412 767 558 839 πάσῃ
592 756 819 843 φυλακῇ
838 772 1076 844 τηρῆσαι
1100 773 1201 846 τὴν
1238 777 1446 831 ἑαυτῶν
1477 756 1711 849 καρδίαν

120 858 235 911 ἀπὸ
259 858 352 911 τοῦ
382 859 692 931 πνεύματος
720 865 822 934 τῆς
852 863 1046 936 λύπης.
1086 866 1295 941 ’Ὥσπερ
1318 869 1427 942 γάρ
1459 870 1557 943 σὴς
1592 872 1716 943 ἰμά-

118 965 261 1013 τιον,
293 953 389 1004 καὶ
436 951 652 1023 σκώληξ
680 953 857 1020 ξύλον,
882 955 1056 1021 οὕτως
1095 960 1128 1029 ἡ
1175 958 1320 1031 λύπη
1358 962 1457 1033 τὴν
1484 962 1577 1015 τοῦ
1616 964 1714 1017 ἀνο

120 1036 347 1109 θρώπου
374 1038 552 1110 ψυχὴν
579 1041 872 1108 κατεσθίει,
907 1044 1172 1100 ἐκκλίνειν
1222 1049 1486 1105 πείθουσα
1532 1053 1712 1105 πᾶσαν

119 1128 337 1200 ἀγαθὴν
381 1131 687 1202 συντυχίαν,
723 1133 817 1188 καὶ
857 1135 978 1189 οὐδὲ
1020 1137 1171 1210 παρά
1216 1139 1324 1193 τῶν
1360 1141 1595 1214 γνησίων
1623 1143 1716 1212 φί-

120 1221 233 1273 λων
260 1221 417 1290 λόγον
464 1222 795 1294 συμϐουλίας
843 1225 1092 1297 δέχεσθαι
1155 1233 1530 1303 συγχωροῦσα,
1581 1234 1706 1288 οὐδὲ

119 1313 365 1383 χρηστὴν
399 1312 686 1386 ἀπόκρισιν
716 1315 749 1385 ἦ
780 1317 1057 1389 εἰρηνικὴν
1104 1320 1476 1393 ἐπιτρέπουσα
1505 1324 1713 1391 τούτοις

125 1403 444 1473 μεταδοῦναι
463 1423 477 1436 ο
503 1406 638 1459 ἀλλά
664 1407 844 1461 πᾶσαν
861 1409 961 1481 τὴν
982 1408 1158 1483 ψυχὴν
1184 1413 1461 1479 θλίϐουσα,
1484 1418 1712 1489 πικρίας

120 1492 298 1564 αὐτὴν
360 1495 452 1547 καὶ
503 1496 733 1567 ἀκηδίας
776 1497 971 1570 πληροῖ
991 1515 1007 1530 ο
1062 1501 1155 1555 καὶ
1197 1502 1379 1557 λοιπὸν
1427 1506 1714 1561 ὑποϐάλλει

135 1585 309 1656 αὐτὴν
361 1585 582 1656 φεύγειν
624 1591 751 1652 τοὺς
810 1589 1148 1662 ἀνθρώπους,
1202 1594 1278 1659 ὡς
1326 1596 1530 1660 αἰτίους
1578 1599 1712 1671 αὐτῇ

121 1675 227 1744 τῆς
282 1676 525 1746 ταραχῆς
565 1676 922 1748 γενομένουςο
978 1681 1074 1735 καὶ
1106 1683 1167 1736 οὐ
1221 1687 1494 1758 συγχωρεῖ
1545 1686 1713 1758 αὐτὴν

123 1765 445 1834 ἐπιγνῶναι,
472 1769 554 1821 ὅτι
581 1768 680 1821 οὐκ
709 1768 928 1837 ἔξωθεν,
971 1771 1086 1826 ἀλλ’
1121 1751 1464 1846 ἔνδοθεν-εχει
1502 1777 1600 1849 τὴν
1632 1751 1717 1833 νύ-
1749 1751 1788 1807 Β

125 1873 221 1910 σον
242 1859 629 1931 ἀποκειμένην,
660 1862 785 1931 ἥτις
817 1863 939 1916 τότε
980 1866 1329 1938 φανεροῦται,
1354 1868 1482 1923 ὅταν
1509 1872 1558 1923 οἱ
1594 1889 1716 1925 πει-

126 1948 328 2019 ρασμοὶ
360 1952 676 2016 ἐπιστάντες
707 1952 796 2007 διά
823 1954 925 2026 τῆς
945 1957 1253 2026 γυμνασίας
1278 1960 1359 2023 εἰς
1388 1959 1448 2013 τὺ
1475 1962 1718 2032 ἐμφανὲς

122 2040 298 2110 ain-ﬁxo
331 2042 756 2112 προενέγκωσιν.
790 2045 1056 2100 Οὐδέποτε
1093 2048 1201 2120 γάρ
1246 2049 1350 2104 ὑπὸ
1398 2050 1557 2106 ἄλλου
1590 2051 1719 2123 βλα-

124 2130 355 2203 ϐήσεται
405 2131 717 2204 ἄνθρωπος,
774 2137 822 2188 εἰ
863 2136 936 2208 μὴ
968 2137 1175 2193 ἔνδοθεν
1203 2142 1573 2217 ἀποκειμένην
1604 2145 1716 2219 ἔχει

121 2223 225 2293 τὴν
252 2224 427 2287 νόσον,
456 2226 575 2296 ἦτοι
624 2226 724 2291 τὰς
765 2228 874 2282 τῶν
915 2229 1100 2285 παθῶν
1139 2233 1338 2298 αἰτίας,
1385 2237 1478 2289 καὶ
1524 2238 1714 2293 τούτου

120 2314 289 2388 χάριν
325 2317 353 2369 ὁ
386 2317 603 2372 πάντων
639 2318 967 2394 δημιουργὸς
1008 2325 1103 2377 καὶ
1149 2325 1332 2400 ἰατρὸς
1376 2327 1486 2382 τῶν
1527 2330 1716 2402 ψυχῶν

121 2408 281 2472 Θεὸς,
313 2410 406 2463 καὶ
434 2410 595 2482 μόνος
618 2413 977 2483 ἐπιστάμενος
999 2416 1067 2470 τὰ
1095 2419 1390 2490 τραύματα
1419 2422 1520 2493 τῆς
1537 2423 1715 2495 ψυχῆς

124 2499 391 2573 ἀκριϐῶς,
419 2502 480 2555 οὐ
509 2502 609 2568 τὰς
627 2503 735 2557 τῶν
765 2504 1065 2575 ἀνθρώπων
1093 2507 1375 2581 διατριϐὰς
1397 2513 1713 2583 παραγγέλ-

122 2593 209 2646 λει
258 2592 707 2665 καταλιμπάνειν,
755 2595 889 2650 ἀλλά
938 2597 1036 2663 τὰς
1086 2599 1144 2652 ὲν
1192 2602 1326 2672 ἡμῖν
1364 2601 1467 2673 τῆς
1513 2604 1715 2669 κακίας

125 2682 414 2737 ἐκκόπτειν
441 2685 640 2749 αἰτίας,
680 2685 968 2754 γινώσκων
1018 2686 1118 2759 τὴν
1162 2690 1342 2744 αἰτίαν
1390 2691 1489 2763 τῆς
1516 2692 1716 2765 ’ψυχῆς

126 2777 323 2844 ὑγείας
348 2777 447 2851 οὐκ
497 2779 556 2831 ὲν
591 2776 669 2850 τῷ
715 2778 977 2851 χωρισμῷ
1022 2779 1132 2833 τῶν
1174 2780 1473 2854 ἀνθρώπων
1517 2800 1715 2854 κατορ-

127 2866 377 2933 θοῦσθαι,
419 2868 532 2922 ἀλλ’
568 2870 627 2922 ὲν
656 2872 722 2941 τῇ
770 2868 881 2924 τῶν
920 2869 1222 2942 ἀνθρώπων
1253 2872 1589 2946 συνδιαγωγῇ
1626 2876 1716 2929 καὶ

124 2960 430 3030 γυμνασίᾳ.
478 2961 649 3014 Ὅταν
696 2960 873 3015 τοίνυν
922 2961 1010 3016 διά
1056 2977 1208 3026 τινας
1252 2962 1509 3032 εὐλόγους
1557 2964 1715 3037 δῆθεν

1818 501 1928 574 (l9)
1965 501 2308 575 Quapropter
2340 523 2482 562 unus
2535 509 2695 565 nobis
2727 510 2798 564 sit
2831 527 3056 583 seopus,
3109 513 3394 584 spirituale

1815 603 2091 651 certamen
2113 605 2344 662 certare,
2370 599 2596 669 spiritus
2612 603 2866 672 nequitia:
2880 618 3001 657 cum
3022 604 3130 659 Deo
3155 607 3399 690 vincere,

1815 693 1870 739 et
1909 686 2057 740 omni
2092 688 2341 744 custodia
2395 706 2494 746 cor
2551 701 2801 748 nostrum
2854 710 3074 751 servare
3124 711 3156 752 a
3194 700 3392 768 spiritu

1814 777 2053 832 tristitiae
2085 779 2153 836 ⁸³.
2187 779 2656 847 Quemadmodum
2702 788 2844 842 enim
2909 789 3051 843 tinea
3100 794 3394 845 vestimen-

1814 872 1966 933 tum,
2020 876 2076 922 et
2124 872 2326 928 vermis
2359 873 2601 942 lignum,
2641 876 2714 931 ita
2756 879 2976 933 tristitia
3016 881 3258 935 corrodit
3295 881 3393 935 ho-

1815 955 1979 1012 minis
2009 960 2267 1025 animam,
2297 962 2427 1018 dum
2457 967 2651 1022 suadet
2684 968 2761 1022 illi
2813 978 2869 1022 ut
2915 970 2984 1024 ab
3024 971 3173 1025 omni
3221 974 3392 1042 probo

1815 1041 2094 1104 consortio
2126 1051 2381 1118 declinet,
2430 1071 2608 1128 neque
2635 1060 2883 1115 concedit
2927 1062 3006 1116 illi
3058 1072 3115 1117 ut
3164 1080 3196 1118 a
3245 1065 3392 1123 veris

1815 1139 2008 1195 amicis
2038 1144 2330 1198 consilium
2365 1148 2636 1219 accipiat,
2696 1166 2798 1207 nec
2846 1160 2907 1206 ut
2938 1155 3123 1209 mitem
3155 1164 3210 1211 et
3239 1157 3391 1228 paci-

1816 1225 1971 1281 ﬁcam
2006 1233 2416 1300 responsionem
2454 1237 2545 1291 det
2591 1239 2765 1308 ipsis;
2805 1241 2902 1295 sed
2959 1247 3199 1298 animam
3241 1225 3390 1301 con-

1817 1320 2001 1374 turbat
2062 1328 2265 1391 totam,
2315 1327 2540 1383 tristitia
2593 1338 2648 1385 et
2701 1332 2912 1389 incuria
2958 1337 3171 1406 replet:
3229 1347 3391 1409 atquo

1815 1408 2032 1464 demum
2063 1412 2256 1468 suadet
2304 1424 2361 1470 ut
2414 1416 2587 1488 fugiat
2613 1422 2683 1475 ab
2711 1422 3048 1491 hominibus,
3079 1431 3232 1496 quasi
3282 1408 3390 1486 sibi

1815 1498 1872 1554 in
1902 1515 2068 1557 causa
2121 1502 2328 1560 fuerint
2367 1510 2834 1577 perturbationis:
2881 1531 3059 1585 neque
3088 1519 3219 1571 sinit
3267 1536 3387 1574 eam

1817 1605 2135 1663 agnoscere,
2161 1611 2272 1652 non
2305 1601 2549 1655 exterius
2592 1603 2688 1658 sed
2732 1604 2964 1660 interius
3008 1609 3389 1680 mgritudinem

1815 1700 1939 1742 esse
1994 1689 2176 1755 sitam,
2227 1707 2349 1761 qua;
2400 1700 2534 1749 tunc
2595 1706 2839 1767 apparet,
2895 1715 3019 1755 cum
3074 1702 3389 1773 ingruentes

1815 1779 2148 1836 tentationes
2224 1784 2597 1854 experimento
2673 1790 2819 1845 illam
2876 1794 3055 1861 palam
3150 1794 3380 1854 faciunt.

1816 1869 1931 1942 (90)
1957 1869 2243 1943 Nunquam
2271 1877 2417 1932 enim
2445 1877 2607 1935 homo
2629 1882 2853 1938 laedetur
2867 1885 2936 1939 ab
2964 1886 3092 1952 alio,
3114 1888 3216 1943 nisi
3243 1898 3391 1945 intus

1817 1960 1985 2016 situm
2023 1964 2223 2020 habeat
2253 1970 2526 2032 morbum.
2555 1972 2762 2029 scilicet
2799 1977 3113 2044 passionum
3143 1994 3339 2036 causas
3370 2001 3385 2036 :

1815 2069 1937 2124 quae
1986 2069 2152 2112 causa
2182 2066 2265 2114 est
2304 2061 2447 2130 quod
2492 2063 2735 2119 omnium
2766 2067 2945 2136 opifex
2976 2082 3030 2124 et
3080 2072 3388 2127 animarum

1816 2146 2065 2202 medicus
2091 2145 2256 2211 Deus.
2297 2152 2390 2221 qui
2426 2153 2577 2211 solus
2612 2156 2783 2224 probe
2811 2164 2866 2213 et
2904 2169 3163 2215 accurate
3191 2163 3388 2219 animas

1814 2238 2042 2293 vulnera
2087 2241 2260 2305 novit,
2289 2257 2398 2297 non
2432 2244 2712 2301 hominum
2752 2251 3029 2305 consortia
3081 2253 3388 2324 relinquere

1815 2330 2114 2399 praecipiat,
2148 2331 2243 2387 sed
2278 2334 2494 2390 malitiae
2525 2351 2725 2394 causas
2754 2340 2809 2394 ia
2849 2343 3010 2396 nobis
3039 2344 3384 2411 exscindere,

1816 2434 2018 2489 gnarus
2047 2436 2268 2478 causam
2294 2426 2548 2483 sanitatis
2589 2429 2784 2485 anima:
2817 2446 2926 2486 non
2956 2427 3012 2488 in
3041 2438 3389 2505 separatione

1816 2509 1887 2565 ab
1916 2510 2228 2570 hominibus
2259 2515 2524 2581 obtineri,
2576 2517 2672 2573 sed
2706 2520 2761 2574 in
2799 2525 3218 2581 conversatione
3259 2544 3384 2583 cum

1815 2601 2123 2659 hominibus
2184 2613 2238 2660 et
2294 2606 2351 2660 in
2402 2610 2806 2667 exercitatione.
2883 2610 3018 2667 Cum
3082 2615 3265 2687 itaque
3311 2622 3384 2673 ob

1816 2703 2212 2753 consentaneas
2239 2700 2501 2768 quasdam
2543 2704 2859 2760 occasiones
2894 2706 3089 2764 fratres
3122 2711 3384 2781 relinqui-

1815 2799 1959 2849 mus,
1992 2801 2335 2856 nequaquam
2386 2790 2624 2847 tristitiae
2655 2794 2971 2855 occasiones
3015 2799 3384 2866 praecidimus,

1816 2875 1910 2930 sed
1940 2877 2114 2931 solum
2145 2881 2602 2938 commutavimus
2633 2899 2749 2949 eas,
2781 2887 2973 2942 morbo
3002 2889 3210 2945 scilicet
3239 2892 3387 2949 intus

1816 2964 1993 3035 posito
2018 2981 2112 3022 eas
2141 2982 2240 3037 pro
2268 2984 2451 3025 rerum
2473 2972 2784 3031 conditione
2809 2986 3077 3034 movente.
3107 2979 3217 3053 (21)
3247 2981 3391 3050 Qua-

126 3052 436 3125 προφάσεις
478 3051 604 3116 τοὺς
649 3052 911 3124 ἀδελφοὺς
950 3053 1469 3127 καταλιμπάνωμεν,
1509 3058 1571 3139 οὐ
1615 3056 1712 3122 τάς

1821 3068 2040 3127 propter
2088 3066 2279 3114 contra
2338 3062 2628 3121 interiores
2699 3070 2982 3137 passiones
3043 3051 3215 3126 totum
3276 3090 3378 3128 no-

127 3144 234 3213 τῆς
261 3143 440 3215 λύπης
463 3145 716 3216 ἀφορμὰς
742 3144 1096 3216 ἐξεκόψαμεν,
1127 3146 1263 3200 ἀλλά
1298 3148 1456 3218 μόνον
1489 3134 1714 3221 ἐνηλλά-

129 3236 305 3306 ξαμεν
351 3235 520 3298 αὐτὰς
561 3236 663 3304 τῆς
713 3236 1138 3308 ὲναποκειμένης
1184 3237 1329 3291 ἔνδον
1379 3238 1532 3292 νόσου
1557 3282 1572 3305 ,
1621 3242 1716 3295 καὶ

125 3326 342 3381 διετο...
372 3324 714 3395 πραγμάτων
760 3324 969 3389 ταύτας
1011 3326 1391 3398 ἀνακινούσης.
1432 3328 1531 3383 Διά
1560 3329 1717 3385 τοῦτο

125 3417 277 3472 κατά
333 3418 442 3471 τῶν
498 3416 706 3472 ἔνδοθεν
755 3416 942 3472 παθῶν
984 3417 1129 3482 ἀπας
1176 3420 1309 3491 ἡμῖν
1351 3420 1491 3474 ἔστω
1537 3423 1566 3476 ὁ
1619 3424 1745 3477 τιό--

123 3512 319 3581 λεμος.
368 3510 586 3563 Τούτων
635 3508 745 3581 γὰρ
799 3509 886 3564 διὰ
943 3511 1042 3580 τῆς
1094 3511 1186 3564 τοῦ
1242 3511 1376 3565 Θεοῦ
1429 3516 1715 3587 συνεργίας

124 3600 543 3671 ἐκϐληθέντων,
593 3600 654 3654 οὐ
707 3599 849 3669 λέγω
901 3600 1036 3671 μετά
1077 3598 1398 3672 ἀνθρώπων,
1444 3602 1580 3658 ἀλλὰ
1620 3607 1716 3659 καὶ

130 3695 274 3766 μετά
314 3692 516 3765 θηρίων
557 3691 794 3756 εὐκόλως
839 3691 1306 3763 συνδιατρίψομεν,
1339 3694 1481 3748 κατὰ
1517 3696 1577 3749 τὸ
1611 3697 1717 3751 ὑπὸ

123 3784 224 3836 τοῦ
277 3783 546 3855 μακαρίου
585 3782 704 3836 ’1ὼό
757 3781 1074 3853 εἰρημένονο
1123 3802 1140 3834 ι
1185 3782 1365 3854 Θῆρες
1418 3784 1600 3856 ἄγριοι
1640 3789 1718 3840 εἰ-

127 3875 454 3945 ρηνεύσουσί
494 3891 595 3927 σοι.
636 3893 655 3926 ι
686 3873 1116 3945 Προηγουμένως
1164 3875 1342 3930 τοίνυν
1392 3876 1718 3945 ἀγωνιστέον

124 3966 276 4020 κατά
316 3966 409 4019 τοζ
445 3966 751 4036 πνεύματος
781 3966 883 4035 τῆς
913 3965 1107 4038 λύπης,
1137 3964 1230 4019 τοῦ
1273 3967 1561 4037 βάλλοντος
1618 3971 1717 4041 τὴν

119 4058 309 4129 ψυχὴν
348 4060 427 4122 είς
469 4056 797 4126 ἀπόγνωσιν,
827 4057 975 4120 ὅπως
1019 4056 1381 4128 ἀπελάσωμεν
1424 4059 1584 4114 τοῦτο
1618 4062 1718 4134 τῆς

119 4146 407 4220 ἡμετέρας
454 4145 698 4218 καρδίας.
731 4145 900 4199 Τοῦτο
937 4146 1045 4218 γὰρ
1085 4145 1176 4199 τὸν
1212 4145 1356 4200 Κάῖν
1382 4149 1444 4201 οὐ
1485 4152 1720 4221 συνεχώ-

126 4258 266 4314 ρησε
308 4240 444 4311 μετά
484 4239 580 4311 τὴν
618 4237 1028 4307 ἀδελφοκτονίαν
1076 4239 1401 4310 μετανοῆσαι
1419 4280 1435 4304 ,
1474 4240 1597 4295 οὔτε
1626 4244 1718 4297 τὸν

133 4320 344 4387 Ἰούδαν
398 4332 532 4403 μετά
578 4332 676 4403 τὴν
733 4329 827 4385 τοῦ
881 4331 1148 4385 Δεσπότου
1197 4332 1506 4403 προδοσίαν.
1546 4335 1720 4389 Ἐκεί-

1820 3146 1904 3202 bis
1946 3148 2017 3203 sit
2068 3149 2286 3207 bellum.
2335 3153 2408 3209 Iis
2448 3156 2590 3210 enim
2623 3156 2715 3212 Dei
2751 3160 2955 3215 auxilio
2983 3162 3174 3231 ejectis
3199 3204 3214 3229 ,
3274 3179 3386 3220 non

1818 3237 1941 3293 dico
1968 3254 2092 3294 cum
2127 3242 2461 3302 hominibus.
2505 3247 2598 3302 sed
2648 3263 2772 3302 cum
2833 3250 2962 3307 feris
3003 3254 3166 3308 etiam
3227 3252 3389 3313 facile

1817 3328 2097 3398 degemus,
2125 3331 2280 3402 juxta
2329 3333 2461 3389 illud
2496 3336 2637 3391 beati
2674 3335 2792 3393 Jobi
2834 3339 3082 3397 dictum:
3132 3361 3153 3394 ‹
3187 3342 3389 3399 ana-

1817 3434 1915 3475 nes
1969 3420 2095 3477 ferae
2144 3438 2330 3492 pacem
2379 3432 2556 3481 tecum
2611 3426 2886 3486 habebunt
2917 3431 2984 3487 ".
3032 3452 3051 3485 ο
3102 3433 3161 3488 1η
3194 3436 3387 3505 primis

1818 3511 1984 3577 igitur
2020 3514 2369 3584 pugnandum
2426 3525 2615 3573 contra
2673 3521 2923 3589 spiritum
2979 3525 3251 3589 tristitiae,
3290 3527 3386 3598 qui

1818 3603 2056 3657 animam
2088 3605 2311 3673 conjicit
2356 3606 2411 3660 in
2449 3607 2917 3678 desperationem;
2956 3621 3015 3666 ut
3044 3612 3293 3688 (malum)
3320 3616 3389 3670 il-

1818 3693 1911 3748 lud
1941 3711 2007 3748 ex
2044 3697 2210 3751 corde
2238 3705 2430 3753 nostro
2453 3701 2737 3769 pellamus.
2772 3703 2905 3758 lllud
2943 3707 3085 3760 enim
3116 3722 3224 3762 non
3257 3709 3388 3765 sivit

1817 3783 2049 3839 Cainum
2075 3794 2199 3856 post
2229 3785 2414 3841 fratris
2444 3789 2643 3844 caedem
2668 3793 2952 3862 paenitere,
2987 3810 3162 3865 neque
3187 3796 3386 3853 Judam

1817 3886 1942 3948 post
1988 3877 2201 3931 Domini
2249 3878 2633 3948 proditionem.
2676 3883 2806 3937 Eam
2860 3885 3032 3940 solam
3085 3888 3381 3947 habeamus

1818 3969 2116 4032 tristitiam,
2148 3985 2269 4039 quae
2311 3973 2682 4040 pmnitentiam
2724 3985 3068 4044 peccatorum
3116 3983 3382 4051 respicit,

1819 4074 1943 4114 cum
1973 4060 2115 4114 bona
2142 4074 2239 4131 Spe
2267 4064 2638 4131 conjunctam,
2662 4073 2715 4120 et
2743 4074 2864 4135 qua
2883 4068 3186 4125 cwlestium
3211 4071 3386 4126 bono-

1819 4167 1941 4206 rum
1961 4153 2363 4222 possessionem
2393 4156 2677 4223 conciliat;
2713 4157 2782 4211 de
2821 4173 2928 4227 qua
2966 4159 3106 4217 dixit
3150 4161 3386 4232 Aposto-

1818 4245 1938 4300 lus:
1977 4263 1996 4296 ι
2025 4245 2156 4311 Quae
2183 4246 2484 4301 secundum
2516 4246 2681 4302 Deum
2713 4250 2937 4304 tristitia
2981 4256 3066 4306 est
3104 4252 3152 4285 ⁸³
3181 4272 3202 4306 ι
3247 4293 3263 4308 .
3301 4293 3317 4309 .
3365 4296 3381 4311 .

1819 4335 1895 4389 Ea
1953 4337 2136 4406 itaque
2175 4337 2396 4391 tristitia
2446 4353 2566 4408 quae
2604 4341 2938 4408 ptenitentiae
2982 4357 3079 4413 spe
3130 4343 3226 4398 alit
3265 4347 3386 4400 arri-

117 4446 225 4500 νην
269 4427 435 4499 μόνην
462 4427 561 4497 τὴν
591 4425 766 4497 λύπην
793 4425 1144 4496 ἀσκησωμεν,
1184 4426 1284 4496 τὴν
1330 4425 1423 4479 ὲ·τί
1452 4429 1519 4499 τῇ
1554 4445 1712 4498 μετα-

1818 4440 2000 4491 mam,
2055 4425 2255 4497 gaudio
2312 4430 2597 4485 commista
2656 4437 2788 4486 est:
2830 4448 3000 4502 quare
3035 4434 3271 4491 alacrem
3330 4444 3385 4493 et

114 4520 249 4590 voiqt
272 4518 382 4571 τῶν
410 4516 811 4590 ἡμαρτημένων
851 4516 990 4587 μετὰ
1021 4516 1232 4580 ἐλπίδος
1258 4515 1469 4588 ἀγαθῆς
1496 4520 1712 4591 γινομέ-

1817 4518 1888 4572 ad
1951 4532 2113 4573 omne
2177 4518 2378 4571 bonum
2436 4532 2574 4588 opus
2632 4521 3021 4593 obsequentem
3072 4525 3250 4581 reddit
3287 4526 3385 4583 ho-

113 4628 248 4683 νην,
304 4608 399 4663 καὶ
449 4610 514 4681 τῇ
570 4609 857 4680 ἑπικτήσει
912 4604 1022 4662 τῶν
1062 4608 1120 4662 ὲν
1184 4609 1433 4680 οὐρανοῖς
1495 4611 1712 4679 ἀγαθῶν

1817 4613 2018 4668 minem
2055 4650 2072 4676 ,
2140 4624 2366 4666 accessu
2430 4626 2649 4682 quoque
2718 4614 2931 4670 facilem
3002 4623 3057 4672 et
3123 4618 3380 4675 humilem

115 4699 602 4771 ἐπιτηδευομένην.
628 4699 765 4771 Περὶ
781 4693 849 4771 ἦς
871 4699 965 4753 καὶ
979 4699 1335 4763 ὁἈπόστολος
1355 4696 1526 4767 εἷπεν,
1552 4702 1632 4756 ὅτι
1654 4722 1673 4755 ι
1695 4705 1761 4759 Ἦ
1784 4704 1924 4760 κατά
1950 4702 2082 4756 Θεὸν
2102 4701 2337 4774 λύπη....
2353 4722 2372 4755 ι
2395 4704 2462 4774 τῇ
2481 4701 2657 4757 ἑλπίδι
2674 4703 2776 4775 τῆς
2806 4707 3091 4777 μετανοίας
3112 4708 3384 4780 τρέφουσα

111 4796 225 4867 τὴν
253 4794 453 4866 ψυχὴν,
479 4794 621 4867 χαρά
685 4794 990 4866 σύμμικτος
1019 4794 1282 4866 ὑπάρχειο
1329 4796 1451 4849 ὅθεν
1488 4796 1582 4853 καὶ
1609 4799 1885 4871 πρόθυμον
1923 4801 2018 4853 καὶ
2037 4798 2277 4869 ὑπήκοον
2315 4796 2452 4869 πρὸς
2482 4797 2659 4853 πᾶσαν
2681 4798 2888 4871 ἀγαθὴν
2913 4801 3175 4872 ἐργασίαν
3200 4819 3381 4874 παρα-

115 4888 386 4951 σκευάζει
431 4889 522 4941 τὸν
575 4887 862 4961 ἄνθρωπον
908 4886 1268 4960 εὐπρόσιτον,
1317 4891 1574 4947 ταπεινὸν

196 4982 428 5067 [Aeaei
474 4984 723 5063 φύλλοις
758 4981 866 5067 ἐξ..
901 4979 1200 5067 τουτέστι.
1218 4981 1283 5067 τό
1312 4983 1526 5067 lein/01:
1563 4998 1712 5067 κατα

1876 4983 1911 5067 .[
1934 4982 2037 5037 Hic
2074 4984 2217 5067 deest
2249 4997 2434 5065 unum
2467 4981 2657 5067 [otium
2681 5021 2698 5048 ,
2738 4984 2949 5067 sciiieet
2979 4983 3120 5051 quod
3145 4997 3378 5052 superest

113 5052 233 5125 τοῦ
270 5054 608 5125 πνεύματος
650 5052 763 5120 τῆς
792 5053 1014 5125 λύπης,
1039 5052 1134 5105 καί
1169 5054 1206 5121 ή
1233 5052 1388 5121 ἀρχὴ
1414 5055 1524 5108 τοῦ
1564 5054 1712 5108 κατὰ

1819 5052 2068 5107 αάῦετεαε
2106 5054 2364 5125 tristitia
2396 5053 2662 5125 spiritum,
2718 5066 2765 5107 et
2811 5054 3016 5107 initium
3051 5066 3232 5108 eorum
3262 5071 3378 5125 qua:

113 5123 238 5192 τῆς
264 5122 520 5191 ἀκηδίας
543 5121 926 5194 πνεύματος.]

305 5237 359 5292 6.
380 5239 576 5308 ’Λρτον
596 5236 866 5291 ἐσθίωσιν.
885 5234 1227 5303 Ἀκούσωμεν
1250 5235 1367 5300 πῶς
1386 5234 1563 5306 σοφῶς
1579 5237 1714 5306 ἡμῖν

114 5337 147 5386 ὑ
158 5330 469 5385 ποδείκνυσι
483 5328 582 5392 τάς
594 5328 770 5391 αἰτίας
784 5328 882 5398 τῆς
896 5327 1121 5397 ἀκηδίας
1137 5326 1165 5377 ὁ
1179 5326 1493 5390 ’Δπόστολος
1526 5345 1544 5378 ι
1568 5326 1716 5379 Ἀτά-

115 5441 317 5487 κτους»
347 5423 458 5493 γὰρ
478 5420 631 5475 καλεῖ
653 5421 778 5483 τοὺς
791 5419 867 5490 μὴ
884 5417 1296 5491 ἐργαζομένους,
1318 5417 1399 5470 ἑνὶ
1419 5417 1592 5485 τούτῳ
1616 5417 1714 5489 ῥή-

1817 5125 2066 5177 dicuntur
2080 5124 2144 5178 de
2165 5123 2392 5193 torporis
2409 5121 2649 5194 spiritu.]

1958 5233 2242 5290 .6.Panem
2255 5233 2602 5289 manducent.
2617 5233 2916 5291 Audiamus
2933 5252 3093 5309 quam
3106 5238 3379 5309 sapienter

1816 5325 1975 5380 nobis
2005 5325 2255 5380 ostendat
2281 5326 2573 5396 Apostolus
2616 5327 2851 5395 torporis
2890 5328 3119 5396 hujusce
3158 5343 3376 5393 causas.

1822 5435 1842 5468 ι
1872 5414 2143 5486 lnquietos
2165 5417 2212 5448 “
2243 5436 2261 5468 ι
2283 5417 2485 5487 quippe
2512 5424 2668 5472 vocat
2689 5432 2784 5472 eos
2805 5419 2898 5488 qui
2921 5434 3027 5475 non
3046 5428 3375 5491 operantur:

229 5536 277 5567 "
311 5536 475 5592 Prov.
517 5552 604 5599 tv,
640 5533 732 5590 25.
805 5533 853 5567 “
887 5533 989 5591 Job
1022 5549 1074 5599 ν,
1110 5531 1203 5586 25.
1278 5531 1327 5563 ⁸⁸
1366 5532 1410 5585 ll
1444 5531 1570 5587 Cor.
1606 5548 1709 5597 vn,

1823 5572 1836 5585 .
1910 5532 1956 5564 "
1996 5531 2038 5584 ll
2078 5531 2270 5588 Thess.
2310 5522 2405 5596 ui,
2440 5532 2471 5585 7

190 5614 476 5729 (19111ιίίι.
514 5672 565 5711 c.
589 5654 706 5729 {et
740 5670 855 5729 seq.

195 5730 311 5784 i201
342 5727 477 5783 Ibid.
515 5743 567 5781 ο.
608 5727 660 5784 ’1.

1874 5651 1985 5719 (ει)
2017 5651 2150 5705 una.
2176 5667 2224 5707 ς.
2252 5651 2306 5705 8.
