3868 6206
555 265 663 327 899

1732 266 1792 322 ὃ.
1832 263 2295 320 ATHANASIUS.
2337 294 2406 305 ——
2440 263 2668 321 DUBIA.

3695 265 3779 318 900

555 383 663 444 hac
692 400 796 440 una
830 398 962 441 voce
989 383 1214 439 multam
1239 382 1531 438 declarans
1569 381 1853 437 malitiam.
1881 380 1994 451 (ἢ)
2020 380 2120 447 Qui

2233 396 2363 449 ματι
2389 378 2584 452 πολλὴν
2606 379 2801 437 κακίαν
2823 380 3121 450 ἐμφαίνων.
3138 379 3195 432 '0
3218 377 3326 451 γὰρ
3353 381 3520 451 ἀργος
3544 382 3640 434 καὶ
3666 397 3775 451 πρ)-

554 478 702 535 enim
728 477 939 530 otiosus
965 481 1070 540 est,
1098 474 1279 531 verbis
1303 490 1520 545 quoque
1545 473 1868 528 temerarius
1885 475 2121 538 exsistit,

555 575 948 638 promptusque
971 566 1041 619 ad
1073 563 1512 628 cettviciandum,
1537 577 1600 616 ac
1627 563 1842 618 demum
1877 563 1943 617 ad
1970 564 2124 633 quie-

558 662 666 708 tam
701 655 865 708 vitam
901 655 1163 722 agendam
1213 655 1469 724 ineptus,
1523 659 1576 707 et
1625 651 1861 722 torporis
1911 667 2123 707 servus.

557 742 717 816 327
743 742 995 814 Praecipit
1020 743 1202 813 itaque
1222 752 1280 796 ιιι
1304 740 1712 805 subtrahamus,
1748 739 1801 795 id
1832 748 1916 795 est
1938 755 2126 812 segre-

557 849 747 905 gemus
781 850 881 890 nos
911 836 978 889 ab
1001 835 1114 897 illo,
1141 834 1297 905 quasi
1331 848 1361 887 a
1389 832 1654 904 pestifero
1684 832 1897 886 morbo.
1925 831 2129 887 Deinde

554 926 687 996 quid
728 927 804 980 ait
847 941 862 980 :
899 946 916 979 ι
954 926 1018 980 Et
1061 943 1170 981 non
1216 925 1521 981 secundum
1574 925 1920 980 traditionem
1963 939 2126 995 quam

557 1025 885 1088 acceperunt
918 1033 948 1073 a
983 1019 1140 1074 nobis
1170 1017 1238 1084 ⁸⁷,
1287 1037 1306 1070 ι
1339 1031 1403 1071 ac
1426 1032 1528 1087 per
1573 1017 1675 1071 hoc
1703 1016 1913 1070 dictum
1935 1024 2128 1070 osten-

555 1109 634 1164 dit
661 1125 756 1166 eos
783 1124 902 1165 esse
940 1110 1223 1182 superbos,
1260 1115 1682 1179 contemptores,
1726 1118 1779 1162 et
1805 1109 2130 1178 apostolica-

557 1215 680 1257 rum
725 1201 1078 1257 traditionum
1123 1202 1434 1256 violatores.
1465 1202 1542 1255 Ac
1583 1214 1799 1256 rursum
1837 1219 1849 1254 :
1887 1216 1906 1249 ι
1946 1197 2130 1268 Neque

556 1293 725 1363 gratis
788 1307 1016 1364 panem,
1084 1293 1189 1358 ait,
1255 1291 1707 1347 manducavimus
1768 1293 1837 1345 ab
1903 1291 2125 1361 aliquo,

556 1382 652 1438 sed
706 1384 760 1438 in
802 1383 986 1439 laboro
1022 1391 1075 1438 et
1117 1383 1172 1438 in
1219 1382 1556 1454 fatigatione,
1592 1391 1752 1437 nocte
1785 1391 1841 1436 et
1873 1380 1961 1435 die
1993 1396 2123 1450 ope-

567 1482 786 1539 rantes,
819 1491 886 1529 ne
913 1491 1073 1545 quem
1109 1483 1349 1530 vestrum
1389 1489 1741 1546 gravaremus
1770 1473 1836 1529 ⁸⁸.
1875 1493 1892 1525 ι
1931 1472 2130 1529 Doctor

556 1561 649 1616 ille
679 1563 916 1633 gentium
942 1605 956 1630 ,
990 1563 1263 1636 Evangelii
1292 1579 1492 1634 praeco,
1517 1563 1610 1635 qui
1637 1564 1884 1620 sublatus
1917 1573 2002 1619 est
2031 1579 2126 1619 us-

553 1667 659 1722 que
688 1652 755 1707 ad
784 1653 1004 1708 tertium
1028 1655 1312 1720 cmlum",
1341 1654 1433 1726 qui
1463 1655 1789 1725 aitjussisse
1814 1655 2123 1722 Dominum,

2227 471 2392 539 πετὴς
2416 470 2473 520 ἐν
2497 469 2676 538 λόγοις
2699 472 2977 541 τυγχάνει,
3000 472 3091 524 καὶ
3123 471 3259 541 πρὸς
3292 472 3557 543 λοιδορίαν
3584 475 3776 544 πρόχει-

2229 575 2338 630 ρος,
2363 561 2456 614 καὶ
2477 561 2661 614 λοιπὸν
2685 564 2763 625 είς
2777 564 3006 634 ἡσυχίαν
3029 563 3417 634 ἀνεπιτήδειος,
3439 565 3647 635 καὶτῆς
3665 566 3778 635 ἀκτι-

2224 650 2341 714 δίας
2370 650 2572 715 δοῦλος.
2610 653 2981 724 Παραγγέλλει
3012 650 3106 707 οὖν
3143 653 3453 709 στέλλεσθαι
3493 655 3586 707 ἀπ’
3618 655 3777 714 αὑτοῦ,

2225 742 2498 795 τουτέστιν
2529 743 2880 814 ἀφορίζεσθαι
2912 745 2988 808 ὼς
3007 744 3115 799 ἀπὺ
3138 745 3389 816 λοιμικῆς
3409 746 3582 800 νόσου.
3606 742 3728 800 Εἶτα
3741 748 3780 798 τί

2229 848 2379 902 φησι·
2400 851 2420 884 ι
2444 833 2553 885 Καὶ
2565 834 2648 905 μὴ
2671 834 2812 887 κατὰ
2829 835 2926 906 τὴν
2951 836 3243 906 παράδοσιν
3267 837 3334 906 ἢν
3355 837 3655 907 παρέλαϐον
3674 840 3781 909 παρ’

2226 922 2258 988 ἡ
2263 921 2404 989 μῶν,
2440 941 2459 972 ι
2488 920 2578 974 διὰ
2619 922 2717 990 τῆς
2755 922 2953 988 λέξεως
2975 925 3180 995 ταύτης
3206 926 3587 996 ὑπερηφάνους
3609 929 3784 991 αὐτοὺς

2225 1005 2385 1075 εἶναι,
2423 1015 2942 1086 καταφρονήσαντας
2978 1015 3280 1086 ἐμφαίνων,
3312 1018 3411 1070 καὶ
3441 1017 3551 1072 τῶν
3577 1020 3788 1073 ἀποστο-

2226 1101 2391 1156 λικῶν
2417 1106 2770 1175 παραδόσεων
2802 1107 3132 1171 καταλυτάς⁶
3175 1109 3272 1162 καὶ
3308 1110 3490 1164 πάλιν·
3518 1128 3539 1162 ι
3567 1114 3786 1185 Δωρεάν,

2226 1195 2413 1264 φησιν,
2477 1195 2639 1265 ἄρτον
2677 1197 2778 1249 οὐκ
2823 1197 3101 1267 ἐφάγομεν
3175 1199 3329 1270 παρά
3383 1215 3548 1263 τινος,
3597 1201 3708 1254 ἀλλ’
3741 1205 3789 1254 ὲν

2228 1285 2380 1357 κόπῳ
2420 1287 2513 1339 καὶ
2564 1287 2747 1358 μόχθῳ
2764 1329 2778 1354 ,
2812 1289 3006 1353 νυκτὸς
3054 1289 3148 1343 καὶ
3189 1290 3404 1361 ἡμέρας
3450 1291 3790 1364 ἐργαζόμενοι

2230 1377 2365 1448 πρὸς
2393 1377 2454 1430 τὸ
2503 1379 2577 1449 μὴ
2616 1377 2948 1450 ἐπιϐαρῆσαί
2979 1396 3100 1434 τινα
3128 1380 3303 1451 ὑμῶν.
3343 1399 3364 1433 ι
3403 1382 3461 1436 '0
3490 1382 3792 1447 διδάσκαλος

2226 1469 2334 1519 τῶν
2364 1467 2552 1531 ἐθνῶν,
2598 1470 2627 1520 ό
2670 1469 2844 1540 κῆρυξ
2890 1470 3244 1539 Εὐαγγελίου,
3294 1473 3324 1524 ὁ
3359 1473 3662 1545 μετάρσιος
3702 1477 3791 1537 ἕως

2226 1558 2411 1627 τρίτου
2441 1558 2693 1631 οὐρανοῦ,
2739 1561 2768 1612 ὁ
2805 1559 2976 1629 λέγων
3013 1561 3104 1615 τὸν
3139 1561 3344 1634 Κύριον
3378 1567 3792 1636 προστεταχέναι

2229 1651 2353 1714 τοὺς
2390 1649 2452 1703 τὸ
2486 1651 2812 1720 Εὑαγγέλιον
2843 1652 3309 1721 καταγγέλλοντας
3333 1657 3402 1709 ἐκ
3437 1656 3531 1709 τοῦ
3561 1658 3790 1727 Εὑαγγε-

555 1752 613 1797 ιιι
653 1758 747 1799 cos
785 1745 877 1814 qui
919 1743 1270 1815 Evangcllum
1309 1747 1659 1811 annuntiant,
1713 1763 1780 1799 ex
1829 1745 2120 1818 Evangelia

2225 1741 2338 1794 λίου
2369 1741 2488 1814 ζῇν,
2521 1744 2579 1795 ἐν
2607 1743 2762 1814 κόπῳ
2794 1745 2889 1797 καὶ
2914 1745 3106 1807 νυκτὸς
3146 1747 3241 1799 καὶ
3281 1747 3494 1818 ἡμέρας
3521 1751 3792 1820 εἰργάζετο

554 1834 737 1888 vivant
783 1834 852 1899 '°,
903 1835 955 1888 in
1002 1835 1187 1890 labore
1230 1845 1389 1890 nocte
1428 1845 1483 1890 et
1526 1835 1614 1891 die
1658 1837 2006 1906 operabatur,
2057 1852 2126 1892 ne

555 1941 713 1995 quem
741 1934 1013 1998 gravaret.
1050 1927 1190 1993 Quid
1227 1928 1390 1998 igitur
1432 1943 1535 1983 nos
1585 1943 1808 1998 agemus
1871 1928 1966 1998 qui
2017 1945 2126 1999 prie

557 2025 774 2087 torpore
814 2032 952 2087 opus
1000 2032 1334 2083 aversamur,
1371 2018 1816 2088 corporalemque
1851 2021 2124 2090 perquiri-

564 2121 687 2162 mus
741 2108 976 2178 quietem
1017 2127 1030 2163 :
1072 2109 1272 2179 quibus
1316 2125 1415 2164 nec
1461 2108 1734 2180 Evangelii
1783 2110 2122 2180 praedicatio,

554 2214 733 2270 neque
765 2198 1129 2255 Ecclesiarum
1165 2216 1294 2256 cura
1327 2203 1616 2256 commissa
1650 2211 1777 2269 est;
1823 2202 1916 2257 sed
1956 2204 2125 2259 solius

551 2292 746 2345 animo:
778 2291 1009 2362 prepria:
1050 2279 1366 2349 sollicitudo
1417 2292 1718 2347 incumbit?
1764 2291 1968 2349 Deinde
2005 2296 2123 2348 cla-

553 2384 671 2438 rius
718 2383 1020 2439 ostendens
1061 2394 1324 2452 quantum
1370 2399 1433 2438 ex
1485 2385 1596 2440 otio
1648 2383 1830 2439 damni
1879 2386 2123 2451 accedat,

548 2474 832 2545 subjungit
877 2493 890 2530 :
941 2492 959 2526 ι
1001 2473 1144 2529 Nihil
1191 2485 1502 2546 operantes,
1548 2474 1643 2532 sed
1685 2477 1905 2533 curiose
1958 2492 2125 2548 agen-

542 2573 635 2622 tes
671 2568 716 2598 "
759 2583 772 2620 ι
810 2584 828 2618 ι
874 2581 938 2622 ex
986 2567 1118 2630 otio.
1164 2566 1538 2634 inordinatio;
1578 2583 1643 2623 ex
1689 2569 2119 2634 inordinatione,

548 2656 726 2710 omnis
753 2656 956 2713 malitia
985 2658 1246 2713 exoritur.
1274 2656 1476 2713 Deinde
1504 2658 1631 2712 huic
1657 2660 1953 2715 remedium
1984 2677 2122 2730 prte-

546 2759 750 2815 parans
775 2745 853 2801 ait
889 2760 903 2798 :
941 2763 960 2797 ι
1004 2744 1075 2800 Iis
1103 2752 1284 2800 autem
1317 2746 1413 2817 qui
1455 2747 1724 2817 ejusmodi
1758 2756 1886 2802 sunt
1915 2749 2124 2805 denun-

552 2841 770 2907 tiamus,
815 2849 869 2896 et
923 2840 1226 2906 hortamur,
1284 2849 1343 2896 ut
1384 2856 1508 2896 cum
1555 2843 1773 2898 silentio
1823 2855 2116 2915 operantcs

544 2948 708 2988 suum
742 2948 938 3003 panem
984 2933 1312 2990 manducent
1349 2935 1419 3000 ",
1478 2954 1498 2988 ι
1546 2945 1708 3006 atque
1760 2952 1884 2991 cum
1927 2953 2122 3008 magna

547 3022 922 3095 increpatione
973 3023 1194 3095 subjicit
1231 3041 1243 3076 :
1284 3043 1302 3076 ι
1346 3022 1403 3079 Si
1431 3026 1555 3095 quis
1588 3041 1695 3080 non
1728 3028 1842 3080 vult
1884 3030 2119 3098 operari,

545 3129 648 3171 nec
678 3114 966 3170 manducet
996 3116 1066 3174 ".
1103 3135 1122 3168 ι
1161 3115 1276 3187 (23)
1301 3113 1459 3172 Hisce
1492 3117 1807 3187 apostolicis
1835 3121 2121 3189 praeceptis

544 3206 724 3264 sancti
753 3204 945 3261 Patres
972 3205 1216 3282 igyptii
1265 3208 1490 3270 eruditi,
1533 3223 1601 3264 ne
1649 3209 1872 3265 tninimo
1899 3209 2118 3280 quidem

545 3307 791 3367 tempore
824 3297 1131 3352 concedunt
1155 3297 1364 3353 otiosos
1389 3313 1512 3354 esse
1539 3299 1856 3362 monachos,
1888 3300 2122 3356 maxime

543 3387 814 3458 iuniores.
844 3388 1004 3459 gnari
1041 3403 1100 3443 se
1137 3402 1236 3458 per
1269 3387 1585 3459 patientiam
1613 3389 1818 3458 operis,
1846 3398 2118 3460 torporem

545 3478 879 3543 eliminare.
932 3493 1202 3550 suumque
1253 3479 1354 3534 sibi
1409 3479 1722 3534 alimentum
1779 3496 2118 3552 comparare,

545 3578 712 3642 atque
729 3570 1015 3643 egentibus
1032 3570 1235 3625 auxilio
1251 3585 1394 3626 esse.
1415 3569 1527 3642 (ει)
1550 3570 1666 3626 Νοη
1683 3573 1844 3628 modo
1864 3576 2005 3629 enim
2023 3592 2121 3646 pro

546 3663 666 3719 suis
690 3662 1112 3719 necessitatibus
1141 3671 1469 3733 operantur,
1497 3664 1589 3719 sed
1615 3667 1914 3736 peregrinis
1933 3670 2117 3734 etiam,

547 3756 903 3828 pauperibus.
955 3756 1162 3812 carceri
1231 3755 1446 3812 traditis
1516 3759 1882 3829 omnibusque
1931 3762 2121 3831 egenis

545 3846 855 3903 necessaria
891 3863 956 3903 cx
999 3862 1100 3902 suo
1143 3861 1309 3919 opere
1343 3849 1692 3918 suppeditant
1725 3868 1739 3902 :
1769 3850 2112 3922 creduntque

547 3936 783 3994 oﬁcium
841 3937 1156 4008 bujusmodi
1213 3938 1542 3996 sacrificium
1604 3955 1726 3996 esse
1790 3940 1899 3995 Deo
1960 3957 2121 3997 acce-

546 4039 722 4103 ptum.
747 4029 861 4102 (25)
886 4029 999 4086 Hoc
1025 4031 1155 4086 item
1185 4031 1337 4086 aiunt
1353 4031 1543 4087 Patres
1572 4047 1696 4087 eum
1722 4033 1815 4102 qui
1839 4044 2117 4104 aperatur,

545 4137 671 4179 cum
700 4137 811 4177 uno
850 4121 1097 4178 daemone
1148 4137 1410 4194 pugnare,
1456 4137 1521 4177 ac
1552 4124 1869 4193 plerumque
1906 4125 1977 4179 ab
2025 4127 2119 4179 illo

545 4214 795 4270 tribulari
825 4232 841 4281 ;
873 4215 1111 4270 otiosum
1148 4221 1329 4269 autem
1371 4213 1600 4270 inﬁnitis
1629 4214 1966 4272 daemonibus
1995 4234 2120 4274 esse

546 4305 844 4376 captivum.
873 4303 988 4373 (96)
1017 4302 1208 4375 Opera
1233 4312 1414 4358 autem
1451 4304 1683 4373 pretium
1722 4304 1884 4360 fuerit
1910 4307 2117 4363 dictum

2232 1834 2367 1906 πρὸς
2385 1835 2446 1888 τὸ
2476 1834 2550 1906 μὴ
2579 1834 2931 1907 ἐπιϐαρῆσαι.
2958 1838 3023 1890 Τί
3047 1834 3140 1891 οὖν
3167 1839 3462 1910 ποιήσομεν
3489 1843 3653 1910 ἡμεῖς
3677 1845 3793 1912 ἀκη-

2227 1926 2450 1990 διῶντες
2475 1928 2583 1980 ἀπὸ
2607 1926 2701 1981 τοῦ
2734 1928 2918 1999 ἔργου,
2961 1930 3054 1982 καὶ
3081 1930 3178 2002 τὴν
3209 1935 3526 2003 σωματικὴν
3561 1935 3792 1988 ἀνάπαυ-

2230 2035 2313 2072 σιν
2358 2017 2801 2088 μεταδιώκοντες
2853 2014 2935 2084 οἷς
2977 2019 3100 2074 οὔτε
3152 2023 3415 2093 κήρυγμα
3467 2024 3790 2094 Εὑαγγελίου

2221 2109 2584 2182 ἐνεχειρίσθη,
2602 2109 2725 2165 οὕτε
2739 2110 2848 2165 τῶν
2862 2112 3195 2184 Ἐκκλησιῶν
3218 2116 3252 2184 ἡ
3273 2114 3531 2186 μέριμνα,
3551 2117 3685 2170 ἀλλὰ
3707 2119 3793 2187 τῆς

2233 2203 2366 2267 ιδίας
2402 2203 2572 2275 μόνης
2599 2204 2781 2274 ψυχῆς
2809 2207 2842 2275 ἡ
2874 2204 3127 2275 φροντίςς
3158 2201 3312 2268 Εἶτα,
3350 2206 3680 2278 σαφέστερον
3701 2209 3795 2260 δει-

2227 2291 2404 2345 κνύων
2434 2293 2534 2363 τὴν
2561 2291 2885 2363 τικτομένην
2917 2291 3121 2362 βλάϐην
3143 2293 3206 2344 ἐκ
3232 2293 3330 2362 τῆς
3357 2293 3579 2364 ἀργίας,
3610 2297 3794 2363 ἐπιφέ-

2225 2398 2328 2453 ρειο
2361 2406 2378 2433 ι
2405 2383 2585 2454 Μηδὲν
2605 2383 3028 2455 ἐργαζομένους,
3045 2383 3182 2438 ἀλλὰ
3204 2383 3750 2456 περιεργαζομένους
3771 2405 3787 2438 ι

2223 2474 2333 2528 ἀπὸ
2371 2475 2567 2545 ἀργίας
2595 2474 2812 2541 ἀταξία,
2864 2475 2959 2528 καὶ
3005 2475 3114 2529 ἀπὸ
3158 2475 3381 2541 ἀταξίας
3425 2478 3577 2530 πᾶσα
3610 2479 3786 2532 κακία.

2224 2566 2662 2631 Κατασκευάζων
2693 2567 2751 2622 δέ
2782 2565 2944 2620 πάλιν
2967 2566 3066 2637 τὴν
3097 2567 3392 2638 θεραπείαν
3416 2567 3588 2638 αὐτῆς
3609 2569 3789 2638 ἐπιφέ-

2225 2674 2330 2728 ρει·
2368 2677 2388 2710 ι
2425 2659 2550 2722 Τοῖς
2575 2659 2633 2712 δέ
2663 2659 2924 2724 τοιούτοις
2956 2659 3404 2732 παραγγέλλομεν
3423 2699 3438 2723 ,
3486 2661 3584 2714 καὶ
3623 2679 3789 2732 παρα-

2224 2748 2498 2821 καλοῦμεν
2523 2752 2582 2803 ἐν
2615 2751 2814 2822 ἠσυχίᾳ
2842 2753 3243 2823 ἐργαζομένους
3275 2754 3364 2807 τὸν
3393 2752 3610 2806 ἑαυτῶν
3640 2756 3791 2826 ἄρτον

2223 2842 2446 2896 ἐσθίειν·
2482 2861 2502 2893 ι
2543 2842 2639 2896 καὶ
2667 2843 3206 2914 ἐπιπληκτικώτερον
3233 2843 3428 2910 ἐπάγει
3464 2842 3662 2911 λέγων·
3692 2861 3709 2892 ι
3737 2841 3794 2894 Ei

2224 2949 2308 2996 τις
2339 2935 2401 2986 οὐ
2447 2933 2588 2987 θέλει
2640 2934 2991 3006 ἐργάζεσθαι,
3041 2937 3180 3006 μηδὲ
3234 2936 3479 2992 ἐσθιέτω.
3521 2956 3541 2988 ι
3579 2937 3790 2998 Τούτοις

2222 3027 2336 3088 τοῖς
2364 3025 2740 3090 ἀποστολικοῖς
2769 3027 3225 3100 παραγγέλμασιν
3258 3031 3307 3081 oi
3347 3029 3488 3083 κατά
3513 3030 3612 3100 τὴν
3639 3031 3790 3097 Λίγυ-

2224 3135 2356 3172 πτον
2389 3119 2532 3188 ἅγιοι
2555 3121 2817 3192 Πατέρες,
2849 3120 3249 3190 παιδευόμενοι,
3269 3120 3459 3174 οὐδένα
3484 3121 3675 3192 καιρὸν
3705 3122 3790 3190 ἀρ-

2222 3211 2351 3280 γοὺς
2389 3205 2528 3265 εἶναι
2568 3211 2694 3274 τοὺς
2735 3212 3004 3281 μοναχοὺς
3031 3211 3408 3283 ἐπιτρέπουσι,
3439 3212 3533 3265 καὶ
3564 3212 3788 3283 μάλιστα

2220 3301 2348 3363 τοὺς
2380 3299 2694 3368 νεωτέρους,
2742 3298 2966 3362 ειδότες,
3004 3300 3086 3351 ὅτι
3124 3297 3214 3350 διὰ
3249 3297 3350 3368 τῆς
3393 3298 3673 3370 ὑπομονῆς
3708 3296 3788 3350 τώ

2221 3390 2384 3463 ἔργου
2420 3390 2648 3460 ἀκηδίαν
2673 3388 3058 3454 ἀπελαύνουσι,
3101 3405 3197 3442 και
3223 3388 3321 3459 τὴν
3354 3389 3563 3442 ἐαυτῶν
3598 3388 3789 3458 τροφὴν

2222 3480 2669 3552 προσπορίζουσι,
2700 3480 2796 3532 καὶ
2816 3482 2929 3542 τοῖς
2948 3479 3225 3550 δεομένοις
3250 3477 3559 3550 βοηθοῦσιν.
3596 3481 3674 3533 Ub
3700 3479 3788 3550 μό-

2222 3587 2310 3624 νον
2335 3570 2444 3642 γὰρ
2472 3570 2570 3640 τῆς
2600 3570 2809 3623 ἑαυτῶν
2839 3568 3027 3640 χρείας
3066 3569 3254 3622 ἐνεκεν
3282 3567 3632 3639 ἐργάζονται,

2219 3662 2279 3716 δέ
2306 3661 2476 3726 ξένοις
2500 3661 2595 3715 καὶ
2615 3662 2869 3731 πτωχοῖς,
2894 3661 2992 3713 καὶ
3014 3663 3126 3724 τοῖς
3148 3662 3208 3713 ἐν
3229 3659 3514 3728 φυλακαῖς,
3542 3659 3641 3712 καὶ
3669 3662 3790 3712 πᾶσι

2219 3755 2333 3814 τοῖς
2355 3751 2648 3823 δεομένοις,
2682 3751 2747 3804 ἐκ
2772 3749 2865 3804 τοῦ
2903 3749 3035 3804 ἰδίου
3065 3750 3230 3822 ἔργου
3261 3748 3678 3821 ἐπιχορηγοῦσι,
3711 3767 3790 3801 πι-

2221 3843 2502 3906 στεύοντες
2535 3842 2634 3913 τὴν
2653 3841 2867 3896 ἑαυτῶν
2892 3841 3161 3904 εὐποιίαν,
3191 3841 3380 3895 θυσίαν
3408 3841 3704 3911 εὐάρεστον
3725 3838 3791 3908 τῷ

2217 3935 2337 4006 Θεῷ
2360 3933 2626 4003 γίνεσθαι.
2655 3933 2766 3987 Καὶ
2793 3933 2952 3987 τοῦτο
2978 3934 3038 3987 δέ
3068 3934 3321 4002 λέγουσιν
3348 3934 3397 3986 οἱ
3425 3934 3694 4003 Πατέρες,
3716 3932 3789 3985 ὅτι

2216 4032 2247 4083 ό
2279 4012 2647 4101 ἐργαζόμὲνος
2673 4029 2757 4082 ἐνὶ
2776 4028 2996 4098 δαίμονι
3017 4029 3264 4100 πολεμεῖ,
3293 4031 3388 4082 καὶ
3418 4028 3684 4091 πολλάκις
3707 4028 3790 4079 ὑπ’

2218 4121 2385 4176 αὑτοῦ
2418 4121 2678 4175 θλίϐεται·
2719 4123 2749 4175 ὸ
2779 4121 2838 4174 δέ
2867 4121 3038 4193 ἀργὸς
3075 4121 3184 4174 ὑπὸ
3224 4121 3434 4192 μυρίων
3465 4121 3793 4192 πνευμάτων

2217 4211 2697 4283 αἰχμαλωτίζεται.
2747 4210 2928 4264 Καλὸν
2979 4210 3038 4264 δέ
3082 4209 3217 4282 πρὸς
3251 4211 3460 4272 τούτοις
3505 4210 3605 4263 καὶ
3641 4208 3793 4277 λόγον

2219 4304 2622 4374 ἐπιμνησθῆναι
2670 4301 2766 4355 τοῦ
2803 4301 2949 4355 ἀϐϐᾶ
2977 4302 3255 4366 Μωῦσέως
3289 4301 3383 4355 τοῦ
3417 4301 3791 4371 δοκιμωτάτου

546 4409 848 4450 memorare
887 4394 1102 4449 abbatis
1148 4392 1371 4464 Iloysis,
1403 4393 1542 4449 inter
1586 4392 1776 4449 Patres
1824 4398 2114 4465 speczatis-

2222 4396 2278 4448 ἐν
2307 4397 2419 4458 τοῖς
2464 4395 2765 4465 Πατρασιν,
2809 4393 2868 4445 ὃν
2911 4393 3050 4464 πρὸς
3088 4392 3158 4462 μὲ
3197 4391 3600 4462 ἀπεφθέγξατο.
3647 4392 3792 4446 Καθ-

547 4485 697 4548 siuti,
747 4483 893 4555 quod
938 4484 1006 4538 ad
1057 4499 1145 4538 me
1192 4483 1409 4539 locutus
1455 4493 1558 4540 est.
1602 4485 1684 4540 Me
1728 4486 1930 4557 quippe
1960 4488 2111 4543 brevi

507 4585 786 4649 .tempore
830 4573 1107 4630 sedentem
1136 4574 1190 4628 in
1235 4589 1420 4630 eremo
1473 4585 1658 4646 torpor
1697 4577 1916 4642 amisit,
1951 4588 2115 4650 atque

547 4664 813 4720 accedens
842 4663 909 4719 ad
945 4664 1118 4728 illum,
1152 4666 1232 4721 sic
1267 4667 1515 4738 alloquor
1556 4687 1569 4722 :
1602 4666 1843 4739 Torpore
1873 4672 2113 4741 graviter

542 4755 794 4818 amictus.
821 4764 984 4828 atque
1008 4755 1298 4813 admodum
1333 4758 1673 4822 inﬁrmatus,
1719 4775 1828 4815 non
1860 4763 2012 4832 prius
2043 4779 2110 4819 eo

544 4846 805 4903 liberatus
841 4862 964 4902 sum
1007 4861 1172 4917 quam
1228 4849 1434 4904 abirem
1483 4857 1538 4905 et
1575 4851 1825 4905 abbatem
1876 4851 2107 4908 Paulum

541 4940 909 4995 convenirem.
980 4936 1282 5010 Respondit
1357 4941 1491 4996 mihi
1568 4942 1736 4997 abbas
1809 4941 2023 5015 Moyses
2091 4964 2105 4999 :

543 5029 894 5102 Pet-specum
926 5029 1089 5093 habe.
1133 5031 1369 5103 teipsum
1396 5033 1618 5089 minime
1658 5035 1728 5089 ab
1751 5049 1819 5090 eo
1846 5035 2110 5092 hactenus

543 5121 828 5185 liberasse.
857 5121 968 5177 imo
990 5122 1170 5193 potius
1200 5121 1510 5177 dedititium
1541 5133 1593 5180 te
1615 5136 1777 5195 atque
1811 5140 2030 5182 servum
2057 5127 2110 5181 ei

609 5275 714 5332 "ll
746 5274 942 5348 Thess.
968 5291 1075 5348 tu,
1111 5278 1165 5334 ϐ.
1242 5278 1287 5311 ⁸⁸
1326 5278 1459 5334 ibid.
1489 5280 1544 5336 8.
1617 5281 1665 5314 ⁸³
1703 5279 1748 5337 ll
1771 5279 1901 5338 Cor.
1937 5297 2047 5348 xtl,
2079 5281 2120 5336 ’Ξ

2222 5283 2258 5314 ’⁸
2297 5280 2316 5335 l
2350 5280 2479 5337 Cor.
2518 5298 2607 5345 Ix.
2643 5281 2733 5337 Η.
2807 5284 2850 5315 ⁹¹
2887 5281 2932 5338 ll
2966 5282 3164 5340 Thess.
3200 5299 3297 5348 tu,
3357 5283 3448 5340 ΙΙ.

543 5346 628 5404 ις.
703 5349 749 5380 ⁸³
789 5347 923 5402 ibid.
966 5346 1050 5402 10.

609 5497 723 5570 (ξ)
757 5497 1008 5570 (.assian.
1045 5498 1222 5556 lauit.
1253 5500 1290 5556 Ι.
1331 5516 1387 5564 ι,
1419 5515 1468 5555 c.
1507 5499 1594 5555 13.

611 5567 727 5634 (εδ)
760 5568 894 5623 Ibid.
926 5586 978 5623 ο.
1013 5571 1096 5623 N.

614 5637 729 5707 (ει)
762 5637 898 5693 Ibid.
933 5655 982 5694 c.
1015 5641 1102 5693 ἐξ.

2209 4486 2462 4548 εσθέντος
2497 4486 2623 4554 γάρ
2634 4497 2737 4554 μου
2757 4483 2932 4552 ὀλίγον
3187 4484 3247 4535 ἐν
3279 4486 3345 4554 τῇ
3376 4485 3594 4555 ἐρήμῳ,
3625 4485 3795 4556 ὠχλῆ-

2210 4577 2315 4647 θην
2348 4578 2455 4630 ὑπὸ
2493 4576 2746 4648 ἀκηδίας,
2786 4579 2883 4630 καὶ
2917 4576 3247 4648 τειραϐαλὼν
3278 4575 3447 4645 αὐτῷ,
3481 4575 3632 4644 λέγω
3662 4576 3793 4646 πρὸς

2213 4665 2410 4731 αὑτὸν,
2439 4667 2521 4720 ὅτι
2552 4684 2572 4718 ι
2609 4666 2810 4730 ,δεινῶς
2831 4667 3077 4737 ὀχληθεὶς
3107 4666 3215 4720 ὑπὸ
3248 4669 3348 4738 τῆς
3389 4667 3654 4736 ἁκηδίας,
3706 4667 3792 4720 καὶ

2212 4758 2578 4828 ἐξασθενήσας
2609 4757 2836 4828 σφόδρα,
2868 4760 2931 4812 οὐ
2959 4760 3220 4830 πρότερον
3252 4758 3576 4829 ἀπηλλάγην
3604 4759 3787 4825 αὐτῆς.

2211 4849 2262 4900 εί
2280 4848 2356 4917 μὴ
2372 4845 2634 4917 ἀπῆλθον,
2651 4848 2745 4899 καὶ
2771 4847 3074 4919 παρέϐαλον
3097 4847 3174 4917 τῷ
3194 4846 3339 4918 ἀϐϐᾷ
3367 4846 3622 4918 Παύλῳ.»
3679 4848 3790 4898 Ἀπ-

2211 4938 2469 5010 εκρίνατο
2491 4937 2550 4991 δέ
2582 4955 2672 5008 μοι
2704 4939 2842 5009 πρὸς
2874 4939 3090 4994 ταῦταὸ
3115 4939 3291 5004 ἀϐϐἱς
3325 4941 3568 5009 Μωῦσῆς
3595 4940 3787 5006 λέγων·

2215 5050 2239 5083 ⁴
2262 5031 2487 5102 θάρσειν
2519 5030 2619 5100 οὐχ
2641 5032 2836 5084 illi?“
2865 5032 2977 5085 ἀπὸ
2999 5032 3204 5104 ταύτης
3228 5033 3634 5105 ἠλευθέρωσας,

2215 5125 2415 5195 μᾶλλον
2434 5125 2651 5178 ἔκδοτον
2673 5127 2770 5179 καὶ
2785 5125 2973 5180 δοῦλον
2995 5127 3171 5200 ταύτῃ
3187 5127 3523 5197 sum.
3548 5127 3790 5178 Γίνωεκε

3564 5277 3785 5338 "ibid.

2279 5504 2393 5572 (13)
2426 5503 2565 5559 Ibid.
2595 5521 2649 5560 τ.
2679 5505 2774 5561 23,

2279 5574 2392 5646 (96)
2422 5574 2556 5631 Ibid.
2590 5592 2643 5632 ς.
2675 5575 2769 5631 25.
