3868 6206
190 309 290 364 901

1307 301 1647 359 εριετοιλ
1685 302 1731 357 ιι
1769 301 1863 356 AD
1896 299 2296 359 CASTOREH.

197 427 389 489 nivuv,
423 422 516 476 δτι
535 418 850 492 βαρυτέΜ
877 435 936 473 σε
968 416 1045 483 ὡς
1074 418 1439 493 λιποτάκτην
1470 420 1766 475 καταπολε-

1879 414 2195 471 tradidisse.
2226 412 2380 471 Scito
2419 411 2586 483 igitur
2611 410 2833 483 gravius
2872 417 2947 473 te,
2995 415 3184 482 utpote
3212 410 3461 467 deserto-

191 517 379 587 μήσεν
412 517 461 566 εἰ
488 512 565 583 μὴ
596 509 692 564 τοῦ
716 506 907 563 λοιποῦ
938 509 1007 562 δι’
1038 511 1318 582 ὑπομονῆς
1341 512 1438 565 καὶ
1464 512 1777 584 προσευχῆς

187 606 285 660 καὶ
330 603 428 659 τοῦ
471 602 638 674 ἔργου
682 601 795 655 τῶν
834 602 1071 674 χειριῖιν,
1121 603 1325 676 ταύτην
1368 605 1776 661 καταπαλαῖσαι

186 694 525 768 σπουδάσῃς.
553 714 569 746 ι

262 805 316 858 7.
357 801 624 872 Ἔδδομος
653 801 788 873 ἡμῖν
816 801 966 855 ἐστιν
993 800 1144 870 ἀγὼν
1172 802 1314 857 κατά
1344 802 1441 856 τοῦ
1466 803 1777 875 πνεύματος

180 900 286 970 τῆς
306 896 636 962 κενοδοξίας,
650 894 1012 966 ’πολύμορφον
1033 894 1192 949 τοῦτο
1212 896 1308 950 καὶ
1331 896 1658 951 λεπτότατον
1679 898 1776 953 πά-

182 991 300 1054 θος,
322 990 419 1044 καὶ
441 989 564 1043 οὐδὲ
593 988 685 1042 ὑπ’
708 987 876 1044 αὐτοῦ
894 985 992 1041 τοῦ
1011 988 1413 1061 πειραζομένου
1428 990 1777 1062 καταλαμϐα-

181 1082 434 1153 νόμενον.
465 1080 576 1134 Kal
596 1080 709 1151 γὰρ
728 1078 839 1134 τῶν
858 1078 1035 1134 ἄλλων
1061 1079 1250 1134 παθῶν
1269 1081 1326 1134 αἱ
1353 1081 1654 1151 προσϐολαὶ
1678 1100 1777 1152 φα-

182 1172 485 1245 νερώτεραι
506 1170 856 1242 τυγχάνουσι,
878 1171 974 1225 καὶ
998 1170 1362 1242 εύκολώτερόν
1381 1188 1500 1234 πως
1518 1171 1616 1243 τὴν
1637 1170 1774 1244 πρὸς

181 1264 361 1320 ταῦτα
396 1263 578 1336 μάχην
607 1263 922 1333 κέκτηνται,
950 1262 1046 1316 καὶ
1070 1262 1170 1331 τῆς
1201 1261 1378 1333 ψυχῆς
1410 1260 1502 1316 τδν
1538 1262 1774 1334 πόλεμον

183 1353 694 1426 ἱπιγινωσκομένης
713 1352 803 1407 διὰ
824 1352 928 1423 τῆς
950 1353 1321 1426 ἀντιρρήσεως
1341 1354 1437 1409 καὶ
1464 1355 1775 1426 προσευχῆς

181 1446 377 1503 τοῦτον
414 1446 849 1518 ἀνατρεπούσης.
892 1445 959 1498 Ἣ
997 1444 1054 1497 δὲ
1085 1444 1184 1515 τῆς
1224 1444 1532 1512 κενοδοξίας
1575 1446 1771 1506 κακία,

183 1539 537 1613 πολύμορφος
568 1535 724 1604 οὖσα,
748 1536 934 1602 καθὼς
977 1538 1192 1609 εἴρηται
1210 1578 1225 1599 ,
1268 1535 1774 1607 δυσκατηιῦνιστος

179 1638 466 1711 τυγχάνει.
489 1636 599 1689 Καὶ
621 1633 732 1702 γὰρ
757 1631 814 1684 ὲν
838 1629 1002 1684 παντὶ
1027 1628 1419 1702 ἐπιτηδεύματι
1440 1630 1775 1702 παρυφῖσταη
1816 1700 1819 1705 _

180 1755 277 1792 ται
315 1736 374 1790 ἐν
403 1751 463 1788 τε
499 1734 761 1805 σχήματι,
802 1734 896 1787 καὶ
939 1736 1144 1805 μορφῇ,
1190 1729 1286 1787 καὶ
1321 1730 1631 1805 βαδίσματι,
1674 1734 1769 1788 καὶ

181 1830 359 1900 λόγῳ.
400 1828 496 1882 καὶ
537 1827 595 1879 ὲν
625 1825 973 1897 ἀγρυπνίαις,
1004 1824 1101 1880 καὶ
1142 1827 1200 1879 ὲν
1230 1825 1538 1895 νηστείαις,
1574 1827 1669 1880 καὶ
1715 1827 1773 1879 ὲν

182 1922 486 1994 προσευχῇ,
512 1920 605 1974 καὶ
641 1921 700 1973 ὲν
734 1917 1060 1988 ἀναγνώσει,
1096 1919 1191 1973 καλ
1238 1920 1296 1972 ἐν
1322 1918 1548 1989 ἠσυχίᾳ.
1579 1920 1675 1973 καὶ
1716 1918 1775 1972 ἐν

185 2010 559 2083 μακροθυμίᾳ.
610 2009 707 2063 Διὰ
757 2010 976 2065 πάντων
1012 2008 1122 2081 γὰρ
1157 2007 1365 2063 τούτων
1394 2009 1662 2081 ἐπιχειρεῖ
1680 2009 1774 2065 τὸν

184 2105 526 2179 στρατιώτην
548 2104 641 2159 τοῦ
661 2102 898 2177 Χριστοῦ
916 2098 1318 2169 κατατοξεύειν.
1338 2103 1449 2156 Καὶ
1471 2101 1580 2170 γὰρ
1594 2102 1773 2155 ὅντινα

186 2201 265 2274 μὴ
276 2201 477 2272 δυνηθῇ
500 2199 589 2253 διὰ
606 2196 956 2260 πολυτελείας
976 2193 1289 2265 ἐνδυμάτων
1314 2193 1451 2266 πρὸς
1466 2193 1773 2259 κενοδοξίαν

180 2294 485 2365 ἀπατῆσαι,
513 2290 704 2345 τοῦτον
731 2289 801 2344 δι’
831 2286 1079 2351 εὐτελοῦς
1099 2285 1326 2356 ἐσθῆτος
1356 2287 1628 2358 ἐπιχειρεῖ
1650 2303 1775 2339 πει-

182 2384 393 2457 ράζειν.
411 2384 522 2438 Καὶ
551 2381 609 2436 δν
638 2381 738 2434 οὐκ
758 2378 1001 2449 ἠδυνήθη
1025 2375 1112 2431 διὰ
1135 2377 1303 2447 τιμῆς
1332 2376 1556 2449 ἐπᾶραι,
1581 2376 1771 2433 τοῦτον

178 2475 273 2529 διὰ
291 2474 384 2529 τοῦ
414 2473 601 2544 φέρειν
625 2471 784 2541 δῆθεν
816 2468 1045 2541 ἀτιμίαν
1075 2469 1156 2531 είς
1182 2467 1442 2522 ὰπδνοιαν
1477 2467 1646 2541 αἴρει·
1675 2470 1771 2524 καὶ

177 2567 243 2622 δν
266 2568 371 2621 ούκ
393 2564 633 2636 ἠδυνήθη
663 2562 754 2617 διά
786 2561 890 2631 τῆς
928 2561 1240 2631 ἐπιστήμης
1258 2558 1356 2612 τοῦ
1398 2558 1558 2628 λόγου
1585 2562 1770 2613 πεῖσαι

178 2657 511 2723 κενοδοξεῖν,
551 2655 742 2710 τοῦτον
783 2656 850 2725 τῇ
899 2654 1077 2724 σιωπῇ
1128 2651 1207 2715 ὡς
1253 2649 1461 2721 ἥσυχον
1503 2651 1765 2716 δελεάζει·

177 2753 278 2807 καὶ
304 2751 363 2804 δν
382 2749 481 2804 οὐκ
508 2746 748 2819 ἠδυνήθη
777 2744 1099 2816 πολυτελείᾳ
1132 2742 1438 2815 βρωμάτων
1464 2743 1767 2813 χαυνῶσαι,

176 2842 371 2897 τοῦτον
404 2840 493 2895 διὰ
525 2838 782 2910 νηστείας
821 2839 902 2901 είς
934 2836 1156 2891 ἔπαινον
1199 2835 1402 2891 ἱκλῦει.
1440 2836 1551 2889 Καὶ
1580 2835 1769 2900 ἁπλῶς

177 2936 292 2989 πᾶν
338 2933 498 3006 ἔργον
520 2972 535 2993 ,
609 2931 718 2986 πᾶν
782 2929 1140 3001 ἐπιτήδευμα,
1200 2926 1474 2999 πρδφαστν
1529 2926 1766 2999 πολέμου

177 3026 411 3098 παρέχει
444 3024 620 3097 τούτῳ
645 3023 726 3095 τῷ
746 3023 982 3094 δαίμονι.
1030 3021 1153 3074 Ἔτι
1175 3019 1232 3072 δὲ
1257 3018 1394 3091 πρὸς
1423 3018 1635 3083 τούτοις
1669 3019 1766 3073 καὶ

179 3120 387 3192 κλῆρον
414 3118 744 3190 φαντάζεται
775 3119 805 3171 6
834 3113 1242 3186 πολεμούμενος
1284 3112 1376 3165 ὑπ’
1418 3111 1605 3169 αὖτοῦ.
1644 3111 1761 3167 Μέ-
1788 3131 1835 3193 c

183 3227 398 3283 μνημαι
429 3210 538 3279 γάρ
567 3225 712 3272 τινος
738 3206 1013 3278 γέροντος,
1051 3202 1215 3273 ἡνίκα
1249 3205 1308 3257 ὲν
1339 3202 1528 3275 Σκήτῃ
1561 3202 1762 3275 διέτρι-

177 3304 299 3365 66v,
319 3300 644 3364 ἀπελθόντος
662 3302 743 3364 εἰς
758 3298 968 3354 κελλίον
990 3298 1136 3362 τινὸς
1160 3295 1392 3366 ἀδελφοῦ
1419 3295 1762 3366 ἐπισκέψεως

176 3395 363 3469 χάριν,
391 3393 486 3449 καὶ
516 3391 593 3457 ὡς
618 3390 915 3462 ἐπλησίασε
940 3394 1007 3462 τῇ
1032 3388 1173 3462 θύρᾳ
1199 3389 1301 3460 τῆς
1324 3387 1540 3460 κέλλης,
1575 3386 1761 3442 ἀκούει

177 3483 349 3539 αὐτοῦ
373 3481 658 3546 λαλοῦντος
682 3481 850 3535 ἔνδονο
876 3481 973 3534 καὶ
993 3478 1222 3551 νομίσας
1242 3479 1273 3532 6
1291 3476 1470 3549 γέρων
1489 3475 1598 3531 ἀπὸ
1620 3478 1763 3549 Γρα-

177 3577 291 3647 φῆς
310 3576 473 3630 αὐτὸν
501 3574 746 3647 μελετᾷν,
774 3572 902 3645 ἔστη
931 3570 1300 3643 ἀκροώμενος,
1330 3570 1425 3623 καὶ
1446 3568 1760 3624 αἰσθάνεται

177 3666 347 3723 αὐτοῦ
391 3666 497 3721 ὑπὸ
533 3665 840 3731 κενοδοξίας
882 3662 1382 3737 παραφρονοῦντος,
1433 3660 1529 3716 καὶ
1568 3659 1761 3714 ἑαυτὸν

177 3757 614 3832 χειροτονοῦντος
639 3756 909 3818 διάκονον,
933 3757 1160 3819 καὶτοῖς
1178 3752 1610 3826 κατηχουμὲνοις
1632 3753 1763 3806 ἀπό-

175 3852 336 3904 λυσιν
366 3848 695 3921 παρέχοντα.
728 3848 822 3911 Ὦς
849 3842 942 3903 οῦν
975 3847 1174 3918 ἤκουσε
1205 3844 1364 3898 τοῦτο
1392 3846 1421 3898 6
1448 3844 1648 3914 γέρων,
1674 3843 1763 3896 τέ-

177 3943 274 4006 λος
301 3940 520 4012 ὼθήσας
549 3938 648 4011 τὴν
677 3937 847 4011 θύραν
871 3935 1110 4008 εἰσῆλθε,
1139 3935 1233 3989 καὶ
1262 3934 1587 4003 ἀπαντήσας
1611 3932 1760 4004 αὐτῷ

176 4036 208 4087 6
245 4031 472 4102 ἀδελφὸς
510 4030 882 4104 προσεκύνησε
915 4028 1060 4084 κατὰ
1086 4027 1149 4082 τὸ
1179 4025 1316 4089 ἔθος.
1353 4025 1449 4079 καὶ
1474 4024 1626 4094 ἠξίου
1659 4043 1762 4095 μα-

178 4127 297 4180 θεῖν
332 4125 462 4197 παρ’
488 4123 677 4185 αὑτοῦ,
708 4124 757 4177 εί
783 4122 984 4193 πολλὴν
1009 4121 1158 4194 ὥραν
1186 4119 1300 4191 ἔχει
1332 4117 1471 4190 πρὸς
1502 4121 1567 4189 τῇ
1596 4116 1758 4189 θύρᾳ.

188 4218 253 4272 '0
280 4216 338 4271 δὲ
362 4216 542 4286 γέρων
571 4214 871 4287 χαριέντως
892 4211 1168 4284 ἀπεκρίθη
1197 4210 1336 4284 πρὸς
1361 4209 1542 4264 αύτόνο
1576 4210 1759 4280 Ἀρτι.

177 4306 369 4379 φησὶν,
397 4301 578 4379 ἦλθον,
613 4306 703 4359 ὅτε
745 4304 809 4359 σὺ
838 4303 937 4374 τὴν
967 4302 1230 4357 ἀπόλυσιν
1261 4303 1374 4363 τοῖς
1417 4298 1762 4370 κατηχουμέ-

174 4417 292 4463 νοις
312 4397 600 4462 ὲπετέλεις.
626 4395 761 4450 Τότε
780 4397 809 4450 6
830 4394 1080 4463 ἀδελφὸς,
1111 4392 1352 4457 ἀκούσας
1372 4391 1566 4452 ταῦτα,
1595 4390 1759 4444 Emere

174 4489 331 4562 παρὰ
354 4489 481 4552 τοὺς
512 4488 679 4552 πόδας
701 4486 796 4541 τοῦ
837 4486 1113 4558 γέροντος,
1138 4486 1243 4538 καὶ·

171 4581 431 4654 εὔχεσθαι
447 4580 588 4654 ὑπὲρ
610 4578 799 4643 αὐτοῦ,
825 4579 914 4633 ἵνα
939 4577 1107 4650 ρυσθῇ
1128 4576 1229 4647 τῆς
1249 4575 1505 4646 τοιαύτης
1528 4574 1756 4644 πλάνης.

171 4675 383 4730 Τούτου
417 4672 472 4725 δὲ
505 4667 784 4742 ἐμνήσθην
810 4667 981 4732 δεῖξαι
1018 4664 1341 4736 βουλόμενος
1380 4666 1459 4728 είς
1490 4664 1621 4732 ὅσην
1660 4662 1758 4715 άν-

168 4762 463 4834 αισθησίαν
489 4761 645 4832 φέρει
666 4759 760 4813 τὸν
784 4758 1071 4829 ἄνθρωπον
1094 4749 1248 4819 οὗτος
1272 4756 1301 4807 6
1325 4754 1552 4823 δαίμων.
1571 4752 1629 4805 ’0
1647 4750 1758 4804 τοί-

167 4874 272 4913 νυν
301 4853 621 4925 βουλόμενος
648 4849 870 4913 τελείως
900 4847 1154 4917 ἀθλῆσαι,
1181 4844 1277 4898 καὶ
1304 4844 1396 4896 τὸν
1420 4843 1520 4929 τῆς
1553 4842 1760 4895 δικαιο-

170 4946 346 5017 σύνης
377 4943 640 5012 στέφανον
662 4939 1049 5011 ἀναδήσασθαι,
1073 4939 1208 4991 πᾶσι
1232 4935 1454 5007 τρόποις
1476 4932 1754 5003 σπουδάσῃ

169 5038 238 5091 τδ
264 5034 615 5106 πολύμορφον
646 5032 807 5086 τοῦτο
831 5029 1021 5102 θηρίον
1045 5028 1284 5099 νικῆσαι,
1319 5026 1428 5098 πρὸ
1459 5022 1756 5096 ὀφθαλμῶν

170 5129 318 5199 ἔχων
369 5120 598 5180 πάντοτε
645 5124 707 5178 τδ
754 5124 859 5179 ὑπὸ
903 5120 997 5177 τοῦ
1042 5122 1200 5191 ἀγίου
1239 5117 1404 5173 Δαυῒδ
1442 5117 1754 5190 εἰρημένον·

176 5238 200 5272 ι
244 5217 450 5291 Κύριος
478 5215 856 5289 διεσκόρπισεν
888 5214 1024 5267 ὀστᾶ
1064 5208 1558 5284 ἀνθρωπαρέσκωψ
1594 5225 1612 5258 ι
1661 5203 1758 5259 καὶ¹

172 5305 348 5381 μηδὲν
396 5305 620 5359 ποιείτω
679 5301 1142 5377 περιϐλεπόμενος
1192 5299 1283 5353 τδν
1337 5296 1396 5364 ἐξ
1453 5294 1757 5367 ἀνθρώπων

166 5397 418 5458 ιπαινον,
445 5394 582 5451 ἀλλά
603 5394 696 5448 τδν
721 5392 871 5465 παρὰ
896 5388 1031 5445 Θεοῦ
1063 5387 1252 5461 μισθὸν
1284 5383 1629 5455 ἐπιζητείτω,
1659 5383 1756 5436 καὶ

218 5569 300 5603 ·⁹⁴
326 5568 484 5626 Psal.
520 5583 630 5630 ut.
660 5568 715 5622 δ.

247 5751 364 5816 (ετ)
394 5749 642 5808 Cassian.
688 5747 924 5802 lnuitut.
962 5743 1056 5801 lib.
1094 5758 1168 5808 xl,
1198 5756 1248 5797 c.
1286 5740 1309 5795 ι
1344 5746 1398 5795 et
1420 5754 1536 5809 seq.

1879 523 2018 574 rem,
2065 506 2134 561 ab
2179 521 2246 562 eo
2289 502 2673 561 debellandum
2712 517 2838 558 esse
2885 519 2900 558 :
2949 501 3056 556 nisi
3084 500 3342 573 deinceps
3365 516 3470 572 per,

1878 600 2220 673 patientiam,
2249 599 2551 654 orationem
2579 603 2634 652 et
2658 610 2797 666 opus
2823 609 3105 660 manuum,
3129 610 3255 650 eum
3293 609 3463 666 oppu.

1876 706 2045 765 gnare
2069 688 2371 746 studueris.

1931 779 2112 853 7.,(27)
2132 779 2435 850 Septimum
2457 775 2615 833 nobis
2630 781 2714 831 est
2726 783 3001 845 certamen
3022 773 3287 831 adversus
3309 776 3445 846 spiri

1878 881 1996 929 tum
2028 873 2210 928 inanis
2243 871 2450 944 gloriae,
2480 868 2870 925 multiformem
2910 867 3055 922 illam
3091 882 3155 923 ac
3193 869 3457 923 tenuissi-

1878 982 2023 1022 mam
2060 967 2397 1039 passionem,
2440 978 2563 1034 qum
2610 979 2681 1018 ne
2713 961 2785 1016 ab
2814 977 2883 1018 eo
2913 961 3133 1032 quidem
3157 962 3249 1032 qui
3280 970 3463 1018 tenta-

1877 1068 1987 1123 tur,
2015 1055 2521 1128 comprehenditur.
2554 1052 2888 1109 Caeterarum
2917 1053 3119 1123 quippe
3141 1051 3460 1121 passionum

1875 1148 2246 1219 irruptiones,
2300 1148 2601 1215 apertiores
2639 1154 2803 1208 sunt,
2843 1155 3007 1215 atque
3066 1140 3282 1197 facilius
3332 1157 3461 1197 cum

1876 1239 1946 1293 iis
1979 1247 2255 1309 pugnatur
2294 1252 2309 1287 :
2352 1235 2536 1289 anima
2566 1235 2770 1305 quippe
2796 1248 2923 1288 cum
2955 1233 3156 1288 bellum
3186 1227 3483 1309 agnoscit,f

1876 1329 2230 1400 repugnando
2278 1337 2333 1384 et
2374 1328 2582 1384 Oranth
2627 1299 2872 1399 superat.
2919 1330 2986 1380 At
3042 1299 3244 1380 inanisv
3271 1299 3482 1396 gloria‘

1876 1420 2085 1474 malitia
2119 1417 2476 1473 multiformis
2515 1432 2640 1472 cum
2667 1419 2761 1481 sit,
2795 1417 2872 1471 uti
2912 1431 3079 1486 supra
3108 1415 3313 1470 dictum
3342 1423 3450 1481 est,

1874 1521 2184 1583 expugnata
2231 1510 2470 1567 difﬁcilis
2513 1518 2618 1565 est.
2675 1508 2729 1564 In
2770 1513 2921 1565 omni
2971 1509 3171 1580 quippe
3216 1508 3456 1563 hominis

1873 1605 2058 1660 studio
2086 1619 2330 1675 praesens
2359 1618 2421 1658 se
2453 1602 2617 1664 sistit,
2662 1601 2717 1656 in
2765 1601 2955 1658 habitu
2993 1600 3222 1668 scilicet,
3255 1600 3453 1664 forma,

1875 1711 2089 1767 gressu,
2133 1711 2406 1761 sermone,
2439 1694 2662 1764 vigiliis,
2692 1693 2939 1763 jejuniis,
2975 1694 3029 1747 in
3064 1694 3333 1755 oratione,
3375 1693 3455 1748 le-

1806 1776 1845 1831 Β
1874 1790 2077 1853 ctione,
2119 1789 2323 1860 quiete,
2366 1788 2422 1842 in
2454 1787 2879 1858 aequanimitate.
2917 1786 2989 1841 lis
3019 1787 3165 1841 enim
3198 1786 3455 1842 omnibus

1860 1882 2106 1935 conatur
2162 1879 2386 1934 militem
2444 1877 2650 1933 Christi
2706 1877 3019 1933 confodere.
3080 1877 3254 1944 Quem
3304 1880 3452 1934 enim

1871 1973 2321 2029 vestimentorum
2353 1971 2771 2042 sumptuositate
2801 1970 3051 2041 decipere
3081 1970 3288 2041 nequit,
3307 1978 3361 2025 et
3382 1970 3452 2025 ad

1873 2082 2070 2122 vanam
2106 2066 2333 2137 gloriam
2378 2063 2688 2127 deflectere,
2735 2079 2859 2120 eum
2890 2061 3200 2119 vestimenti
3244 2063 3453 2117 vilitate

1875 2165 2070 2214 tentat.
2105 2157 2172 2212 Et
2204 2173 2367 2228 quem
2399 2172 2510 2212 non
2543 2158 2721 2229 potuit
2746 2158 2974 2217 honore,
3003 2169 3128 2210 eum
3163 2154 3451 2210 dedecoris

1871 2252 2135 2322 patientia
2158 2251 2227 2306 ad
2259 2249 2629 2321 insipientiam
2657 2264 2831 2320 usque
2864 2246 3055 2303 inﬂat:
3088 2261 3248 2318 quem
3278 2247 3430 2301 scien

1870 2345 1945 2401 tia
1984 2344 2053 2398 ad
2090 2358 2286 2398 vanam
2338 2345 2567 2415 gloriam
2607 2341 2877 2397 deducere
2919 2340 3194 2411 nequivit,
3224 2354 3346 2395 eum
3381 2354 3447 2395 ex

1868 2435 2122 2499 silentio,
2153 2433 2311 2505 quasi
2349 2433 2600 2504 quietum
2650 2431 2962 2489 hominem.
2993 2430 3246 2500 decipere
3278 2444 3450 2484 cona-

1869 2534 1960 2581 tur
1986 2544 2002 2582 :
2032 2541 2196 2596 quem
2239 2523 2490 2580 ciborum
2540 2523 2752 2577 lautitia
2798 2518 2868 2575 ad
2911 2520 3194 2574 mollitiem
3232 2518 3450 2574 trahere

1872 2634 1984 2673 nou
2031 2616 2240 2682 valuit,
2287 2632 2413 2673 eum
2451 2615 2662 2687 jejunio
2709 2614 2779 2668 ad
2826 2613 3050 2668 laudum
3090 2611 3446 2681 cupiditatem

1869 2708 2112 2766 deducit.
2151 2709 2376 2765 Demum
2414 2724 2551 2778 opus
2582 2722 2763 2770 omne,
2806 2720 2968 2761 omne
3009 2705 3248 2760 studium
3283 2703 3450 2775 328

1868 2800 1996 2857 belli
2029 2801 2375 2858 occasionem
2401 2800 2527 2855 huic
2554 2797 2786 2855 daemoni
2814 2797 3038 2868 praebet.
3073 2796 3184 2865 {9.8)
3210 2794 3293 2849 Ad
3333 2795 3449 2849 hac

1866 2894 1959 2963 qui
2003 2894 2073 2948 ab
2121 2893 2214 2948 illo
2253 2899 2636 2964 Oppugnatur,
2690 2904 3085 2960 nonnunquam
3137 2887 3241 2944 sibi
3301 2886 3448 2942 sacri

1865 2985 2075 3041 ordinis
2103 2984 2309 3058 gradus
2358 2984 2643 3054 contingit.
2685 2981 2906 3038 Memini
2943 2980 3231 3051 cujusdam
3274 2979 3445 3043 senis,

1865 3078 1983 3149 qui,
2014 3093 2138 3132 cum
2182 3077 2237 3132 in
2270 3075 2429 3132 Sccte
2467 3075 2744 3148 degerem,
2794 3073 3052 3129 cellulam
3094 3071 3228 3127 adiit
3259 3070 3429 3142 cujus

1862 3172 1986 3226 dam
2015 3168 2202 3225 fratris
2230 3167 2485 3223 visitandi
2505 3182 2693 3230 causa,
2715 3173 2771 3221 et
2791 3172 2849 3220 ut
2867 3163 3050 3235 janum
3079 3164 3229 3220 cella
3250 3177 3449 3234 appro-

1862 3264 2166 3335 pinquavit,
2200 3262 2378 3333 ipsum
2409 3259 2618 3314 audivit
2655 3259 2805 3313 intus
2834 3256 3144 3328 loquentem
3188 3274 3202 3311 :
3235 3261 3289 3311 et
3320 3270 3445 3311 cum

1862 3362 2081 3426 putaret
2128 3368 2291 3408 senex
2338 3351 2616 3422 quidpiam
2662 3349 2814 3403 illum
2855 3363 2923 3404 ex
2968 3346 3253 3417 Scriptura
3288 3360 3447 3417 repe-

1862 3456 1996 3509 tere,
2051 3443 2205 3500 stetit
2252 3442 2686 3509 auscultaturus,
2745 3448 2911 3511 atque
2955 3442 3132 3495 sen‘sit
3175 3438 3329 3492 illum
3377 3452 3446 3494 ex

1861 3537 2009 3593 inani
2050 3536 2222 3608 gloria
2267 3535 2527 3600 insanire,
2572 3548 2636 3589 ac
2673 3549 2795 3590 sese
2837 3534 3131 3589 diaconum
3164 3530 3445 3603 ordinare,

1860 3626 2376 3696 catechumenisque
2400 3625 2779 3680 dimissionem
2816 3623 3081 3678 tribuere.
3106 3620 3165 3676 id
3193 3637 3318 3677 cum
3351 3636 3446 3677 au-

1859 3718 2033 3774 disset
2087 3732 2276 3781 senex,
2334 3715 2555 3771 demum
2605 3722 2794 3784 aperta
2824 3713 2996 3783 janua
3038 3711 3307 3774 introivit,
3352 3710 3444 3767 cui

1861 3811 2029 3866 frater
2067 3810 2363 3865 occdrrens
2408 3806 2478 3863 de
2524 3820 2676 3860 more
2720 3804 2977 3860 salutavit
3021 3817 3168 3867 eum,
3203 3802 3445 3873 rogavit-

1859 3918 1969 3975 que
2011 3917 2081 3957 an
2116 3901 2211 3957 diu
2260 3898 2329 3955 ad
2367 3895 2594 3970 januam
2640 3898 2907 3954 stetisset.
2939 3896 3080 3952 Tum
3127 3910 3295 3951 senex
3328 3894 3445 3965 pla-

1862 3996 1984 4051 cide
2029 3993 2314 4064 respondit
2352 3991 2433 4046 illi
2491 4009 2505 4047 :
2550 3988 2696 4055 Mox,
2739 3988 2938 4060 inquit,
2980 3987 3195 4051 adveni,
3227 4001 3351 4040 cum
3385 3995 3444 4041 tu

1860 4084 2275 4143 catechumenis
2312 4082 2688 4139 dimissionem
2752 4079 3056 4136 tribuebas.
3119 4077 3217 4133 His
3276 4077 3445 4133 frater

1862 4177 2064 4232 auditis
2089 4172 2322 4246 procidit
2348 4170 2416 4228 ad
2448 4170 2597 4227 senis
2647 4168 2838 4242 pedes,
2871 4173 2932 4223 ut
2966 4164 3224 4237 precibus
3251 4170 3444 4236 postu-

1862 4272 1998 4326 laret
2042 4269 2145 4325 sibi
2189 4266 2400 4323 erroris
2443 4260 2825 4333 hujuscemodi
2872 4259 3271 4315 liberationem.
3337 4253 3445 4311 Hu-

1857 4363 2017 4432 jusce
2060 4359 2139 4414 rei
2184 4356 2406 4412 memini
2436 4362 2495 4410 ut
2521 4351 2867 4410 ostenderem
2908 4351 2966 4405 in
2999 4356 3261 4420 quantam
3305 4348 3442 4405 insi-

1260 4437 1571 4556 wa‘9amlei’
1594 4482 1759 4536 αὐτὸν

1867 4451 2122 4523 pientiam
2185 4448 2277 4503 hic
2335 4447 2548 4501 daemon
2619 4442 2883 4513 conjiciat
2966 4440 3265 4497 hominem.
3335 4437 3438 4505 Qui

1859 4546 1977 4601 vult
2028 4544 2213 4613 itaque
2263 4537 2503 4610 perfecte
2556 4543 2793 4598 certare,
2841 4540 2896 4589 et
2948 4531 3181 4605 iustitiae
3233 4544 3438 4589 corona

1858 4637 2136 4700 redimiri,
2193 4633 2450 4689 omnibus
2521 4636 2736 4701 satagat
2797 4626 2977 4683 modis
3044 4623 3437 4681 multiformem

1861 4729 2002 4783 hanc
2043 4739 2304 4795 superare
2354 4723 2544 4782 feram.
2592 4735 2702 4792 prae
2753 4717 2928 4774 oculis
2961 4730 3177 4786 semper
3228 4712 3439 4768 habens

1857 4821 2065 4876 dictum
2114 4815 2244 4872 illud
2291 4813 2467 4870 sancti
2506 4811 2727 4867 Davidis
2772 4826 2789 4863 :
2832 4827 2852 4861 ι
2901 4806 3165 4862 Dominus
3207 4804 3438 4873 dissipa-

1857 4911 1937 4967 vit
1958 4925 2083 4966 ossa
2123 4922 2313 4965 eorum
2347 4906 2441 4977 qui
2472 4902 2790 4958 hominibus
2828 4900 3048 4972 placent
3076 4896 3125 4930 "
3165 4912 3178 4948 :
3216 4914 3235 4945 ι
3272 4894 3436 4949 nihil-

1859 5016 1967 5072 que
1997 5006 2123 5071 agat
2155 4998 2356 5054 intuitu
2412 4994 2634 5049 laudum
2663 4993 3052 5052 humanarum,
3090 4986 3185 5043 sed
3228 4999 3435 5041 merce-

1857 5094 1981 5151 dem
2005 5100 2215 5164 quaerat
2236 5106 2268 5145 a
2305 5089 2435 5152 Deo,
2468 5104 2535 5144 ac
2572 5085 2932 5157 cogitationes
2959 5079 3194 5152 propriae
3234 5075 3435 5139 laudis,

1855 5202 1955 5244 cor
2010 5198 2171 5240 suum
2232 5182 2553 5237 invadentes
2603 5192 2820 5247 semper
2870 5173 3096 5244 abjiciat
3147 5190 3162 5227 :
3215 5183 3337 5226 sese
3379 5169 3436 5224 in

1857 5284 2154 5351 conspectu
2182 5273 2276 5331 Dei
2304 5272 2589 5342 despiciat.
2622 5269 2737 5324 Hoc
2764 5266 3032 5338 siquidem
3054 5270 3216 5335 pacto
3236 5260 3437 5334 poterit

1855 5372 1968 5429 Deo
2003 5371 2231 5443 juvaute
2286 5367 2506 5422 liberari
2560 5364 2632 5419 ah
2683 5362 2867 5419 inanis
2923 5359 3111 5431 gloriae
3164 5356 3471 5426 daemone,

1935 5732 2048 5804 (εδ)
2083 5731 2216 5786 Ibid.
2259 5745 2308 5785 c.
2340 5726 2427 5793 tt,
2469 5726 2557 5782 ιε.
