3868 6206
474 320 578 377 9θό

1632 317 1690 373 S.
1730 312 2192 370 ATIIA‘NASIUS.
2233 341 2297 354 —-
2342 310 2570 367 DUBIA.

3613 306 3723 362 θοι

476 438 653 509 gratia
698 428 910 491 Domini
953 436 1122 501 nostri
1166 435 1316 495 Jesu.
1362 437 1450 489 cui
1498 435 1669 506 gloria
1718 434 1773 488 in
1819 433 2039 489 sta-cuia.

2156 430 2501 502 ἱπορῤίπτων
2531 428 2619 482 ἀεὶ
2650 429 2775 491 τοὺς
2798 426 3201 499 ἐπερχομένους
3227 426 3286 479 ἐν
3313 429 3379 497 τῇ
3409 425 3609 497 καρδίᾳ
3629 426 3730 479 αὑ-

478 529 670 585 Amen.

2155 520 2250 574 τοῦ
2291 519 2582 589 λογισμοὺς
2640 518 2736 571 καὶ
2776 515 3130 580 ἐπαινοῦντας
3162 516 3344 582 αὑτὸν,
3381 515 3733 580 ἐξουθενείτω

478 621 665 674 ἐαυτὸν
696 618 925 673 ἐνώπιον
956 618 1047 673 τοῦ
1077 619 1233 673 Θεοῦ.
1273 619 1458 682 Οὕτως
1489 618 1598 689 γὰρ
1628 618 1914 689 δυνήσεται
1950 617 2048 671 σὺν
2085 614 2205 686 Θεῷ
2251 613 2629 685 ἀπαλλαγῆναι
2676 611 2772 666 τοῦ
2808 610 3057 682 δαίμονος
3098 610 3198 681 τῆς
3259 610 3568 677 κενοδοξίας
3635 611 3725 681 χάο

480 732 585 785 ριτι
620 713 715 774 τοῦ
761 714 968 786 Κυρίου
1011 714 1168 785 ήμῶν
1203 714 1402 786 Ἰησοῦ,
1432 707 1477 783 ᾧ
1519 717 1551 785 ή
1589 714 1718 780 δόξα
1760 713 1841 776 είς
1881 712 2009 776 τοὺς
2044 711 2265 774 αἰῶνας.
2309 710 2500 779 Ἀμήν.

524 810 596 882 ’8.
624 826 735 898 (29)
764 824 1024 882 Octavum
1055 827 1211 882 nobis
1231 839 1315 882 est
1343 836 1616 882 certamen
1646 826 1906 881 adversus
1938 825 2050 894 spio

477 917 642 972 ritum
677 920 962 989 superbiae,
986 919 1131 990 quod
1162 928 1243 973 est
1273 920 1490 989 gravius
1521 920 1813 988 acriusque
1837 918 2049 972 caeteris

483 1008 760 1074 omnibus,
787 1023 894 1077 quo
933 1007 1154 1078 perfecti
1205 1009 1439 1063 maxime
1481 1018 1883 1078 oppugnantur,
1923 1009 2047 1076 qui-

481 1116 588 1169 que
613 1116 708 1155 eos
737 1101 831 1171 qui
866 1100 978 1154 fere
1011 1099 1078 1153 ad
1119 1100 1379 1153 virtutum
1422 1098 1692 1169 fastigium
1726 1115 2041 1169 pervenere,

477 1192 793 1247 subvertere
831 1199 1061 1245 conatur
1092 1209 1106 1243 :
1143 1205 1207 1244 ac
1243 1191 1415 1245 morbi
1448 1191 1693 1260 pestiferi
1728 1192 1902 1246 instar
1933 1207 2041 1245 non

474 1293 683 1353 partem
710 1282 976 1352 corporis,
1012 1281 1106 1336 sed
1142 1290 1311 1335 totum
1348 1282 1544 1351 perdit.
1569 1280 1636 1334 Et
1675 1282 1792 1335 alia:
1824 1280 2043 1351 quidem

476 1372 705 1441 singula:
749 1372 1053 1441 passiones.
1100 1371 1315 1425 tametsi
1360 1372 1596 1425 animam
1634 1373 1877 1434 turbant,
1918 1373 2046 1440 quia

474 1471 795 1517 tamencum
819 1478 924 1517 una
946 1471 1157 1516 tantum
1177 1462 1377 1516 virtute
1396 1463 1500 1517 sibi
1523 1464 1770 1533 opposita
1785 1473 2045 1533 pugnant,

475 1562 638 1624 atque
671 1570 789 1609 eam
821 1570 1079 1624 superare
1116 1556 1385 1620 nituntur,
1415 1570 1479 1609 ex
1521 1565 1675 1625 parte
1714 1556 1889 1610 solum
1929 1556 2048 1607 ani-

473 1663 616 1700 mam
651 1647 953 1701 obscurant
981 1658 1143 1717 atque
1167 1648 1497 1701 conturbant
1521 1664 1535 1714 ;
1566 1647 1834 1716 superbiae
1862 1657 2044 1700 auzem

2222 822 2274 876 8.
2319 821 2544 890 Ὄγδοος
2571 820 2704 890 ἡμῖν
2746 820 2899 871 ἐστιν
2939 816 3086 886 ἁγὼν
3122 815 3266 870 κατὰ
3289 814 3381 869 τοῦ
3414 815 3733 887 πνεύματος

2149 913 2251 983 τῆς
2276 912 2667 984 ὑπερηφανίας·
2693 908 3076 981 χαλεπώτατος
3096 902 3257 972 οὗτος
3273 910 3368 962 καὶ
3386 909 3609 962 πάντων
3625 909 3734 962 τῶν

2150 1002 2431 1074 προτέρων
2469 1000 2826 1072 ἀγριώτερος,
2864 999 2991 1061 τοὺς
3019 998 3260 1061 τελείους
3298 998 3534 1068 μάλιστα
3564 998 3735 1050 πολε-

2152 1094 2287 1166 μῶν,
2322 1095 2414 1147 καὶ
2445 1093 2627 1163 σχεδὸν
2653 1094 2780 1154 τοὺς
2808 1090 2869 1143 τὸ
2902 1089 3034 1160 ὕψος
3061 1089 3170 1143 τῶν
3201 1089 3411 1161 ἀρετῶν
3453 1089 3736 1160 ἀναϐεϐη-

2148 1188 2313 1250 κότας
2356 1188 2623 1258 ἐπιχειρεῖ
2666 1184 3088 1256 καταστρέφειν·
3136 1185 3231 1238 καὶ
3275 1184 3525 1257 καθάπερ
3575 1186 3737 1249 νόσος

2151 1279 2371 1350 λοιμικὴ
2418 1279 2740 1350 φθοροποιὸς
2782 1279 2903 1348 οὐχὶ
2950 1279 3113 1351 μέρος
3152 1277 3247 1331 τοῦ
3293 1276 3565 1348 σώματος,
3615 1278 3735 1331 ἀλλ’

2150 1370 2270 1425 ὅλον
2299 1371 2620 1442 διαφθείρει.
2653 1372 2763 1425 Καὶ
2789 1371 2897 1425 τῶν
2929 1371 3027 1441 μὲν
3049 1370 3228 1424 ἄλλων
3262 1369 3450 1423 παθῶν
3473 1370 3734 1435 ἕκαστον,

2151 1463 2201 1514 εἰ
2225 1462 2318 1515 καὶ
2341 1461 2602 1533 ταράσσει
2632 1463 2729 1532 τὴν
2751 1461 2948 1533 ψυχὴν,
2972 1461 3108 1515 ἀλλὰ
3143 1461 3280 1533 πρὸς
3312 1461 3439 1531 μίαν
3459 1462 3560 1533 τὴν
3581 1463 3735 1516 ἀντι-

2154 1550 2411 1622 κειμένην
2445 1549 2592 1621 αὑτῷ
2625 1553 2825 1624 ἀρετὴν
2859 1551 3150 1623 πολεμοῦν,
3173 1553 3266 1605 καὶ
3285 1551 3488 1621 ταύτην
3508 1554 3736 1624 νικῆσαι

2152 1641 2516 1710 φιλονεικοῦν,
2563 1647 2627 1697 ἐκ
2683 1643 2880 1715 μέρους
2929 1645 3205 1697 ἐπισκοτεῖ
3249 1643 3348 1714 τὴν
3390 1643 3592 1714 ψυχὴν,
3639 1647 3736 1697 καὶ

474 1736 660 1805 passio
704 1744 873 1790 totam
927 1736 1167 1791 tenebris
1216 1736 1468 1801 oﬂ‘undit,
1520 1747 1575 1790 et
1624 1737 1693 1791 ad
1755 1744 2051 1792 extremam

2156 1733 2414 1805 ταράσσει
2438 1736 2628 1805 αὑτήψ
2654 1735 2715 1788 τὸ
2742 1734 2798 1788 δὲ
2823 1735 2921 1806 τῆς
2948 1735 3327 1805 ὑπερηφανίας
3354 1736 3537 1788 πᾶσαν
3559 1737 3735 1807 αὐτὴν

473 1823 695 1879 deducit
726 1826 958 1879 ruinam.
1024 1825 1201 1895 thue
1237 1826 1496 1897 liquidius
1543 1827 1687 1897 quod
1733 1827 1938 1880 dictum
1977 1837 2051 1881 εει

2158 1825 2456 1888 ἐπισκοτεῖ,
2484 1825 2579 1878 καὶ
2606 1825 2685 1888 εἰς
2713 1823 2917 1877 πτῶσιν
2947 1823 3069 1892 ἄγει
3098 1825 3351 1894 ἐσχάτην.
3376 1825 3489 1877 Kal
3519 1827 3608 1879 ῐνα
3638 1844 3736 1881 σα-

473 1916 878 1986 excogitemus,
923 1919 1024 1970 hac
1061 1918 1271 1971 ratione
1314 1933 1429 1972 rem
1480 1919 1841 1986 speculemur.
1892 1915 2046 1971 Gulze

2159 1915 2417 1988 φέστερον
2461 1918 2742 1987 νοήσωμεν
2784 1916 2844 1969 τὺ
2886 1914 3195 1987 εἰρημένον,
3243 1916 3614 1986 σκοπήσωμεν
3645 1918 3736 1969 οὗ.

476 2005 669 2059 vitium
719 2006 1103 2060 abstinentiam
1168 2022 1522 2077 corrumpere
1611 2006 1838 2077 satagit,
1887 2006 2058 2060 forni-

476 2100 621 2152 catio
646 2099 1058 2164 continentiam,
1075 2099 1299 2152 avaritia
1322 2106 1719 2167 paupertatem,
1753 2097 2056 2168 indignatio

478 2190 992 2253 mansuetudinem,
1029 2204 1093 2243 ac
1139 2190 1362 2259 reliqua:
1413 2189 1622 2258 species
1664 2189 1883 2243 malitiae
1924 2204 2056 2243 con-

480 2282 679 2337 trarias
743 2281 849 2337 sibi
897 2280 1169 2347 virtutes;
1228 2291 1283 2334 at
1342 2280 1612 2350 superbiae
1668 2280 1873 2334 malitia
1926 2297 2053 2334 cum

476 2374 690 2428 miserae
730 2373 925 2427 animae
972 2372 1309 2440 dominatur,
1355 2370 1501 2425 haud
1539 2386 1700 2427 secus
1740 2372 1851 2443 agit
1888 2389 2053 2442 quam

475 2463 980 2520 truculentissimus
1027 2464 1248 2535 quidam
1298 2471 1587 2535 tyrannus,
1639 2462 1731 2533 qui
1778 2463 1956 2532 ampla
1998 2468 2054 2516 et

475 2557 692 2613 excelsa
736 2565 889 2627 capta
934 2556 1087 2619 urbe,
1130 2563 1296 2611 totam
1338 2555 1508 2611 diruit
1535 2562 1588 2609 et
1615 2570 1646 2609 a
1677 2545 2050 2609 fundamentis

474 2648 690 2704 evertit.
744 2648 914 2717 Cujus
957 2648 1033 2701 rei
1075 2647 1231 2702 testis
1271 2654 1355 2702 est
1403 2646 1625 2717 angelus
1662 2646 1865 2716 qui.ex
1912 2645 2051 2699 ctelo

477 2748 699 2809 propter
743 2738 1057 2809 superbiam
1105 2736 1341 2804 cecidit;
1379 2737 1472 2807 qui
1520 2751 1549 2790 a
1584 2735 1693 2790 Deo
1735 2743 1954 2790 creatus
1995 2745 2050 2788 et

481 2828 631 2882 omni
672 2828 879 2883 virtute
912 2843 975 2881 ac
1012 2828 1279 2897 sapientia
1310 2833 1560 2889 ornatus,
1593 2840 1703 2879 non
1736 2825 1831 2880 Dei
1859 2840 1955 2895 gra
1983 2825 2049 2879 ia:

478 2918 593 2974 haec
645 2920 920 2974 ascribere
960 2919 1150 2984 voluit,
1191 2921 1286 2974 sed
1324 2921 1557 2989 propria:
1590 2930 1799 2974 natura:
1844 2937 1858 2973 :
1907 2918 2049 2974 unde

477 3026 538 3066 se
574 3009 682 3065 Deo
728 3012 988 3081 aequalem
1034 3024 1157 3065 esse
1187 3011 1393 3080 putavit
1426 3028 1440 3064 :
1480 3025 1641 3080 quam
1678 3010 1799 3080 ejus
1838 3011 2046 3080 cogita-

2154 2025 2284 2073 τως.
2346 2008 2410 2060 Ἡ
2456 2008 2865 2079 γαστριμαργία
2911 2006 3009 2078 τὴν
3066 2008 3390 2079 ἐγκράτειαν
3442 1992 3734 2075 σπουδάζεί

2153 2097 2474 2167 διαφθεῖραι,
2506 2099 2539 2168 ή
2571 2098 2794 2168 πορνεία
2812 2096 2907 2167 τὴν
2932 2096 3308 2169 σωφροσύνην,
3336 2100 3370 2168 ὴ
3395 2097 3735 2170 φιλαργυρία

2152 2190 2253 2260 τὴν
2292 2188 2694 2261 άκτημοσύνην·
2745 2190 2775 2242 ό
2819 2187 2988 2258 θυμὸς
3030 2188 3130 2259 τὴν
3178 2189 3479 2260 πραότητα,
3530 2192 3627 2244 καὶ
3663 2191 3733 2242 τὰ

2153 2279 2318 2333 λοιπὰ
2361 2280 2462 2351 τῆς
2493 2280 2694 2342 κακίας
2730 2279 2845 2351 είδη
2883 2279 2983 2343 τὰς
3019 2280 3266 2344 ἐναντίας
3297 2279 3478 2335 αὑτῶν
3504 2281 3733 2352 ἀρετάςο

2153 2372 2292 2443 η’δέ
2327 2370 2428 2441 τῆς
2474 2371 2850 2443 ὑπερηφανίας
2898 2371 3088 2435 κακία,
3143 2372 3271 2426 ὅταν
3318 2373 3583 2443 κυριεύσῃ
3633 2374 3735 2443 τῆς

2150 2461 2342 2526 ἀθλίας
2368 2462 2565 2534 ψυχῆς,
2599 2461 2787 2535 ὥσπερ
2814 2480 2898 2527 τις
2927 2462 3307 2534 χαλεπώτατος
3339 2463 3606 2536 τύραννος
3636 2482 3733 2535 με·-

2151 2551 2323 2623 γὰὶην
2371 2552 2525 2605 πόλιν
2571 2552 2666 2606 καὶ
2716 2551 2924 2623 ὑψηλὴν
2973 2551 3328 2625 παραλαϐὼν,
3372 2552 3502 2625 ὅλην
3558 2554 3732 2625 αὐτὴν

2151 2643 2538 2715 καταστρέφει,
2585 2643 2681 2696 καὶ
2711 2643 2817 2707 ἐως
2864 2643 3129 2715 θεμελίων
3174 2645 3572 2700 κατασκάπτει.
3620 2647 3732 2700 Kal

2154 2736 2362 2806 μάρτυς
2383 2734 2573 2788 τούτου
2596 2738 2625 2788 ό
2644 2735 2873 2804 ἄγγελος
2904 2738 2932 2789 ὁ
2961 2736 3027 2789 ἐκ
3056 2734 3151 2789 τοῦ
3180 2736 3408 2808 ούρανοῦ
3434 2735 3621 2790 πεσὼν
3643 2736 3731 2791 διὰ

2149 2827 2246 2898 τὴν
2271 2826 2667 2899 ὑπερηφανίαν·
2698 2826 2778 2891 ὃς,
2809 2828 2875 2880 ἐκ
2899 2825 2994 2880 τοῦ
3019 2825 3153 2880 Θεόῦ
3177 2826 3434 2895 κτισθεὶς,
3462 2831 3559 2884 καὶ
3577 2828 3731 2903 πάσῃ

2148 2919 2316 2990 ἀρετῇ
2346 2921 2441 2972 καὶ
2470 2917 2632 2989 σοφίᾳ
2668 2919 2983 2990 κοσμηθεὶς,
3018 2914 3080 2972 οὑ
3110 2921 3177 2989 τῇ
3211 2920 3304 2974 τοῦ
3331 2920 3604 2974 Δεσπότου
3636 2922 3732 2992 χά-

2150 3025 2258 3081 ριτι
2286 3008 2552 3081 ἐϐουλήθη
2575 3009 2747 3064 ταῦτα
2770 3011 3122 3083 ἐπιγράφειν,
3151 3011 3285 3066 ἀλλὰ
3307 3017 3374 3085 τῇ
3402 3015 3513 3086 ίδίᾳ
3542 3016 3725 3085 φύσει·

480 3105 686 3158 tionem
726 3118 962 3173 arguens
1007 3103 1271 3172 propheta
1309 3101 1483 3156 dicit:
1519 3121 1537 3153 ι
1575 3101 1770 3156 Dixisti
1799 3103 1853 3156 in
1885 3103 2051 3158 corde

2156 3101 2272 3154 ὅθεν
2294 3102 2386 3154 καὶ
2414 3102 2524 3155 ἴσον
2554 3101 2744 3156 ἐαυτδν
2768 3093 3034 3156 ὑπέλαϐεν
3054 3099 3191 3156 εἶναι
3213 3104 3369 3157 Θεοῦ.
3393 3106 3504 3159 Kal
3523 3106 3730 3179 ταύτην

479 3203 574 3250 tuo
627 3213 641 3250 :
694 3192 907 3248 Sedebo
956 3194 1013 3246 in
1050 3201 1234 3246 monte
1267 3193 1506 3259 excelso,
1544 3208 1740 3263 ponam
1790 3195 2046 3249 thronum

483 3299 665 3340 meum
708 3298 875 3353 supra
928 3282 1101 3337 nubes
1129 3293 1182 3337 et
1215 3283 1412 3336 similis
1453 3296 1548 3336 ero
1589 3282 1873 3338 Altissimo
1917 3283 1981 3336 ν’.
2025 3302 2045 3335 ι

479 3374 561 3430 Tu
597 3391 728 3431 vero
775 3376 959 3440 homo,
1009 3381 1065 3428 et
1119 3388 1227 3428 nou
1273 3371 1435 3428 Deus.
1480 3373 1741 3443 Aliusque
1791 3375 2052 3444 propheta

478 3468 556 3523 ait
591 3483 606 3519 :
648 3486 666 3519 ι
703 3465 843 3532 Quid
880 3466 1130 3537 gloriaris
1160 3466 1214 3519 in
1242 3466 1467 3533 malitia,
1493 3467 1587 3535 qui
1618 3474 1810 3537 potens
1839 3484 1899 3523 es
1923 3469 2001 3522 πί
2028 3487 2046 3521 ι

485 3560 551 3614 Ει
601 3561 797 3630 paucis
848 3557 1151 3627 interjectis
1209 3574 1223 3612 :
1282 3574 1301 3609 ι
1358 3557 1605 3613 Dilexisti
1653 3560 1836 3612 omnia
1892 3560 2055 3615 verba

479 3650 883 3716 demersiouis,
936 3650 1176 3719 linguam
1233 3649 1502 3704 dolosam.
1558 3648 1850 3720 PrOpterea
1909 3651 2054 3706 Deus

481 3746 725 3799 destruet
764 3750 817 3797 te
854 3742 908 3795 in
952 3741 1136 3805 tinent,
1174 3741 1367 3795 evellet
1407 3751 1458 3796 te
1485 3750 1539 3795 et
1566 3742 1859 3797 transferet
1898 3752 1951 3798 te
1984 3744 2053 3800 de

479 3832 838 3889 tabernaculo
872 3840 984 3897 tuo,
1035 3839 1089 3886 et
1117 3831 1356 3886 radicem
1388 3837 1538 3885 tuam
1583 3831 1650 3888 de
1695 3836 1838 3887 terra
1869 3835 2056 3889 viven-

481 3927 640 3980 tium.
687 3922 964 3980 Videbunt
1014 3923 1150 3993 justi
1197 3931 1254 3977 et
1298 3922 1586 3989 timebunt,
1622 3930 1678 3979 et
1719 3940 1884 3995 super
1930 3940 2055 3981 eum

479 4019 739 4073 ridebunt
790 4025 840 4071 et
892 4016 1075 4071 dicent
1121 4033 1135 4070 :
1180 4013 1322 4070 Ecce
1368 4015 1528 4070 homo
1570 4016 1665 4085 qui
1713 4032 1825 4071 non
1876 4016 2058 4086 posuit

491 4109 662 4166 Deum
706 4109 1013 4178 adjutorem
1059 4123 1241 4170 suum,
1284 4112 1339 4162 et
1390 4109 1673 4177 praevaluit
1719 4109 1772 4162 in
1817 4109 2057 4162 vanitate

484 4218 583 4258 sua
615 4203 682 4257 "'.
728 4220 746 4254 ι
781 4201 907 4257 Haec
934 4216 1058 4255 cum
1083 4199 1344 4263 sciamus,
1379 4200 1667 4256 timeamus
1695 4208 1750 4254 et
1777 4201 1922 4254 omni
1956 4216 2055 4255 cu-

484 4293 662 4348 stodia
693 4306 972 4347 servemus
999 4304 1096 4346 cor
1134 4298 1384 4343 nostrum
1419 4289 1467 4321 "
1498 4303 1528 4342 a
1564 4290 1814 4345 letttifero
1862 4292 2056 4360 spiritu

486 4384 759 4456 superbiae
791 4423 806 4447 ,
854 4383 1015 4438 nobis
1063 4380 1196 4451 ipsis
1257 4380 1373 4435 haec
1420 4379 1668 4450 Apostoli
1734 4382 2054 4442 recitantes,

2151 3193 2315 3246 αὑτοῦ
2361 3192 2461 3264 τὴν
2503 3192 2800 3264 ἐνθύμησιν
2846 3193 3083 3264 ἐλέγχων
3122 3197 3152 3248 ὸ
3206 3197 3491 3268 προφήτης
3540 3199 3726 3268 φησίν’

2156 3301 2177 3332 ι
2212 3276 2388 3345 Εἷπας
2419 3284 2477 3336 ἐν
2511 3284 2579 3353 τῇ
2616 3281 2812 3354 καρδίᾳ
2850 3299 2977 3336 σου·
3028 3283 3219 3336 Καθιῶ
3260 3286 3318 3336 ἐν
3363 3284 3479 3355 ὄρει
3517 3286 3728 3357 ὑψηλῷ,

2155 3372 2304 3444 θήσω
2329 3372 2420 3425 τὸν
2452 3371 2638 3443 θρόνον
2669 3388 2770 3443 μου
2801 3372 2895 3426 ἐπὶ
2940 3373 3050 3426 τῶν
3091 3373 3349 3444 νεφελῶν,
3398 3376 3493 3429 καὶ
3535 3378 3731 3448 ἔσομαι

2152 3463 2336 3531 ὅμοιος
2356 3461 2435 3534 τῷ
2467 3462 2722 3533 Ὑψίστῳ.
2750 3483 2768 3516 ι
2802 3464 2875 3516 Σὺ
2913 3463 2972 3517 δὲ
3002 3463 3307 3537 ἄνθρωπος.
3332 3468 3428 3520 καὶ
3469 3466 3533 3520 οὑ
3574 3467 3726 3531 Θεός.

2155 3556 2265 3609 Καὶ
2290 3555 2446 3619 ἄλλος
2481 3559 2763 3628 προφήτης
2796 3555 2963 3626 λέγει’
3000 3574 3020 3607 ι
3056 3557 3122 3610 Τί
3160 3560 3402 3630 ἐγκαυχᾷ
3447 3560 3507 3612 ἐν
3542 3560 3728 3632 κακίᾳ,

2155 3648 2183 3699 ὁ
2212 3646 2465 3711 δυνατός;
2500 3664 2519 3698 ι
2564 3647 2659 3699 καὶ
2718 3648 2833 3718 μετ’
2881 3646 3058 3717 ὀλίγα·
3098 3667 3119 3700 ι
3182 3649 3503 3719 Ἠγὰπησας
3553 3651 3729 3704 πάντα

2159 3737 2377 3807 ῥήματα
2413 3735 2876 3807 καταποντισμοῦ,
2904 3736 3155 3806 γλῶσσαν
3191 3737 3390 3793 δολίαν.
3438 3738 3537 3792 Διὰ
3574 3740 3731 3793 τοῦτο

2156 3828 2185 3880 ὁ
2220 3826 2351 3889 Θεὸς
2381 3825 2599 3880 καθελεῖ
2626 3843 2687 3879 σε
2716 3829 2796 3891 είς
2823 3828 2996 3892 τέλος,
3025 3829 3236 3883 ἐκτῑλαί
3263 3846 3345 3895 σε,
3373 3832 3469 3884 καὶ
3500 3847 3732 3901 μετανα-

2159 3918 2381 3973 στεῦσαί
2406 3935 2465 3971 σε
2495 3920 2604 3973 ἀπὸ
2636 3918 2992 3991 σκηνώματός
3025 3938 3143 3986 σου,
3175 3922 3270 3976 καὶ
3301 3923 3361 3976 τὸ
3386 3923 3607 3996 ῥίζωμά
3638 3942 3730 3978 σου

2158 4010 2222 4063 ἐκ
2245 4013 2348 4081 γῆς
2379 4008 2616 4076 ζώντων.
2651 4011 2910 4081 Ὄψονται
2941 4013 3159 4077 δίκαιοι,
3190 4015 3283 4068 καὶ
3310 4014 3729 4087 φοϐηθήσονται,

2157 4102 2253 4156 καὶ
2283 4103 2368 4155 ἐπ’
2394 4102 2556 4157 αὑτὸν
2586 4102 2928 4172 γελάσονται,
2960 4106 3055 4159 xal
3082 4105 3318 4176 ἐροῦσιν·
3359 4106 3490 4165 Ἰδοὺ
3522 4108 3733 4179 ἄνθρω-

2159 4210 2258 4258 πος
2295 4193 2354 4257 ὃς
2384 4195 2485 4248 οὑκ
2521 4194 2672 4248 ἔθετο
2703 4195 2794 4249 τὸν
2832 4196 2964 4250 Θεὸν
2996 4195 3188 4268 βοηθὸν
3216 4196 3399 4262 αὑτοῦ,
3427 4199 3523 4252 καὶ
3551 4198 3731 4253 ἐνεδυ-

2159 4284 2388 4356 ναμώθη
2435 4285 2528 4338 ἐπὶ
2571 4288 2638 4357 τῇ
2671 4285 2988 4358 ματαιότητι
3034 4285 3220 4340 αὑτοῦ.
3251 4307 3271 4339 ι
3322 4287 3511 4343 Ταῦτα
3554 4289 3733 4344 τοίνυν

2159 4376 2539 4446 γινώσκοντες,
2584 4376 2933 4448 φοϐηθῶμεν,
2976 4379 3072 4431 καὶ⁵
3113 4378 3262 4450 πάσῃ
3306 4378 3522 4451 φυλακῇ
3561 4382 3732 4453 τηρή-

486 4476 708 4546 quando
764 4473 985 4527 virtutis
1040 4472 1350 4544 cujuspiam
1400 4486 1539 4541 opus
1586 4470 1979 4540 perfecerimus
2035 4488 2049 4525 :

2159 4485 2341 4540 σωμεν
2381 4470 2480 4538 τὴν
2526 4468 2734 4523 ἐαυτῶν
2786 4469 3010 4543 καρδίαν
3061 4470 3168 4523 ἀπὸ
3213 4468 3309 4524 τοῦ
3355 4470 3732 4546 θανατηφόρου

492 4586 511 4619 ι
576 4564 696 4619 Non
743 4578 844 4636 ego
896 4572 1100 4628 autem,
1158 4566 1255 4619 sed
1299 4563 1471 4633 gratia
1522 4561 1618 4616 Dei
1675 4576 1796 4633 qua:
1843 4577 2056 4616 mecum

485 4665 570 4711 est
595 4655 664 4710 ”.
701 4672 720 4706 ι
761 4652 826 4707 Ει
854 4652 996 4722 quod
1026 4667 1056 4705 a
1089 4650 1318 4705 Domino
1354 4650 1563 4705 dictum
1586 4657 1670 4705 est
1705 4669 1716 4704 :
1749 4668 1769 4701 ς
1806 4649 1936 4707 Sine
1969 4665 2058 4705 me

484 4745 650 4818 329
680 4745 818 4800 nihil
845 4742 1075 4815 potestis
1106 4741 1285 4797 facere
1317 4742 1357 4796 ‘.
1400 4761 1420 4794 ι
1457 4741 1523 4794 Et
1539 4741 1691 4812 'quod
1721 4756 1752 4795 a
1786 4739 2057 4811 Propheta

484 4841 689 4896 dictum
726 4847 811 4893 est
851 4855 865 4892 :
907 4856 926 4889 ι
965 4834 1080 4890 Nisi
1118 4833 1383 4890 Dominus
1427 4833 1779 4889 aediﬁcaverit
1808 4833 2053 4898 domum,

486 4932 542 4987 in
584 4945 784 4987 vanum
821 4928 1209 4982 laboraverunt
1243 4925 1338 4995 qui
1376 4924 1645 4978 aediticant
1669 4938 1787 4979 eam
1814 4926 1854 4978 ⁸.
1898 4942 1916 4974 ›
1953 4926 2057 4979 Ite-

468 5029 761 5094 'rumque:
799 5039 818 5073 ‹
854 5019 975 5073 Non
1004 5018 1264 5081 volentis,
1296 5030 1473 5085 neque
1496 5016 1790 5079 currentis,
1826 5015 1919 5069 sed
1953 5016 2055 5069 mi-

484 5115 720 5170 serantis
763 5119 848 5169 est
891 5110 984 5165 Dei
1018 5111 1062 5166 ³.
1100 5128 1119 5161 ι
1163 5106 1300 5162 Nam
1350 5107 1567 5161 etiamsi
1608 5107 1732 5175 quis
1773 5107 2057 5162 alacritate

483 5206 723 5269 fervens,
774 5217 839 5259 ac
884 5200 1167 5274 proposito
1206 5199 1485 5253 studiosus
1534 5197 1717 5262 fuerit,
1753 5198 1849 5252 sed
1894 5213 2059 5253 carne

484 5299 721 5369 iligatus
759 5306 811 5353 et
831 5296 1108 5367 sanguine
1130 5333 1147 5360 ,
1187 5306 1298 5347 non
1332 5290 1528 5360 potenit
1564 5291 1632 5344 ad
1671 5289 2057 5360 perfectionem

483 5390 789 5457 Dervenire,
813 5388 920 5443 nisi
952 5387 1021 5442 ad
1053 5387 1168 5440 hac
1195 5384 1381 5438 omnia
1412 5382 1469 5436 in
1502 5380 1881 5437 misericordia
1913 5387 1966 5433 et
2000 5380 2057 5433 in

556 5543 604 5575 "
643 5541 746 5597 lsa.
784 5557 897 5603 xw,
936 5541 1021 5595 15.

550 5628 669 5666 .xvt.
745 5614 766 5643 ³
804 5610 964 5665 Rom.
1004 5625 1089 5672 Ix,
1127 5611 1213 5663 16.

562 5722 675 5788 (π)
703 5722 954 5778 Cassian.
992 5719 1230 5774 Institut.
1260 5721 1357 5775 lib.
1396 5735 1495 5788 xu,
1525 5736 1576 5775 c.
1605 5721 1625 5773 l
1658 5726 1712 5774 et
1741 5736 1858 5789 seq.

2162 4561 2470 4634 πνεύματος
2496 4564 2595 4634 τῆς
2627 4563 3028 4636 ὑπερηφανίας,
3063 4565 3405 4634 ἐπιλέγοντες
3431 4566 3646 4629 ἑαυτοῖς
3675 4566 3736 4620 τὸ

2160 4650 2255 4705 τοῦ
2306 4652 2649 4720 Ἀποστόλου,
2689 4655 2820 4708 ὅταν
2863 4656 3064 4727 ἀρετήν
3111 4672 3232 4711 τινα
3278 4655 3731 4728 κατορθώσωμεν·

2168 4760 2188 4795 ‹
2226 4743 2339 4797 Οὑκ
2366 4742 2478 4812 ἐγὼ
2505 4744 2582 4806 δὲ,
2616 4746 2733 4799 ἀλλ’
2768 4749 2802 4818 ἡ
2833 4747 2997 4818 χάρις
3027 4747 3121 4802 τοῦ
3147 4746 3283 4801 Θεοῦ
3323 4750 3357 4818 ἡ
3403 4750 3502 4803 σὺν
3533 4749 3675 4818 ἐμοί·
3708 4768 3727 4801 ι

2162 4836 2258 4890 καὶ
2285 4835 2346 4888 τὸ
2377 4836 2482 4889 ὑπὸ
2515 4836 2611 4889 τοῦ
2641 4837 2847 4908 Κυρίου
2879 4839 3189 4910 είρημένον,
3229 4840 3311 4892 ὅτι
3342 4856 3360 4889 ι
3390 4839 3578 4909 Χωρὶς
3601 4839 3732 4910 ἐμοῦ

2160 4925 2219 4978 οὑ
2250 4925 2477 4980 δύνασθε
2508 4930 2681 4980 ποιεῖν
2710 4928 2884 4981 οὐδέν’
2915 4949 2934 4980 ι
2962 4929 3057 4982 καὶ
3081 4929 3144 4983 τὸ
3169 4929 3274 4983 ὑπὸ
3298 4928 3392 4982 τοῦ
3421 4929 3728 5000 Προφήτου·

2165 5035 2184 5066 ι
2235 5017 2359 5070 Ἐὰν
2395 5017 2469 5088 μὴ
2506 5018 2708 5090 Κύριος
2737 5019 3068 5090 οίκοδομήσῃ
3091 5015 3259 5082 οἷκον,
3294 5020 3374 5083 είς
3409 5020 3588 5092 μάτην
3614 5022 3733 5073 ἐκο-

2162 5106 2364 5160 πίασαν
2378 5110 2428 5160 οί
2441 5108 2865 5178 οἰκοδομοῦντες·
2881 5128 2898 5160 ι
2918 5110 3012 5162 καὶ
3034 5105 3331 5163 πάλινοιΟὑ
3350 5109 3444 5163 τοῦ
3466 5109 3732 5172 θέλοντος,

2160 5196 2284 5250 οὑδέ
2315 5196 2409 5249 τοῦ
2440 5198 2743 5270 τρέχοντος,
2777 5199 2911 5253 ἀλλὰ
2940 5199 3035 5253 τοῦ
3067 5200 3341 5264 ἐλεοῦντος
3368 5200 3531 5254 Θεοῦ.
3569 5220 3588 5253 ι
3629 5202 3737 5253 Kal

2162 5289 2271 5358 γὰρ
2291 5292 2339 5343 εἰ
2363 5291 2456 5343 καὶ
2483 5292 2551 5344 τὰ
2586 5292 2817 5362 μάλιστα
2844 5293 3024 5349 ἔσεταί
3056 5311 3141 5357 τις
3168 5292 3306 5357 ζέων
3338 5296 3403 5364 τῇ
3429 5294 3733 5365 προθυμίᾳ,

2163 5380 2257 5433 καὶ
2292 5380 2575 5444 σπουδαῖος
2603 5386 2667 5454 τῇ
2694 5385 3031 5455 προαιρέσει,
3066 5384 3200 5438 ἀλλὰ
3225 5385 3386 5457 σαρκὶ
3415 5382 3734 5454 συνδεδεμέ-

1095 5539 1142 5570 "
1183 5538 1325 5594 Psal.
1363 5552 1436 5590 LI.
1511 5537 1556 5568 "
1594 5535 1728 5590 ibid.
1765 5534 1884 5589 6-9.
1963 5535 2007 5566 ’⁸
2048 5533 2201 5589 Ριοον
2239 5551 2312 5601 tv,
2338 5536 2426 5590 25.
2502 5539 2547 5570 "
2580 5538 2593 5590 1
2625 5538 2750 5593 Cor.
2788 5556 2876 5604 xv,
2913 5538 3000 5595 10.
3062 5538 3257 5595 'Joan.
3298 5555 3383 5603 xv,
3421 5538 3475 5592 5.
3541 5536 3656 5594 ‘Ps
3696 5543 3730 5593 l.
