3868 6206
101 368 214 426 905

1003 369 1285 425 IlOMlLIA
1315 368 1383 423 IN
1417 367 1890 426 NATIVITATEM
1931 365 2468 424 PRECURSORIS.

3269 367 3374 422 906

101 502 197 550 νος
216 486 310 539 καὶ
333 485 539 557 αἵματι,
561 487 620 540 οὐ
647 487 929 560 δυνήσεται
958 490 1090 560 προς
1113 490 1424 563 τελειότητα
1457 491 1680 560 φθάσαι,
1713 546 1715 554 ,

1798 489 1973 560 gratia
1997 488 2200 545 Christi
2243 487 2560 558 speraverit.
2592 485 2725 540 Nam
2745 486 2900 557 juxta
2938 485 3179 541 divinum
3207 485 3372 542 Jaco-

103 578 155 629 εξ
184 575 261 648 μὴ
285 577 418 648 πρὸς
435 577 643 642 τούτοις
671 581 834 632 πᾶσιν
856 580 947 633 ἐπὶ
969 579 1043 650 τῷ
1062 580 1199 634 ὲλὲει
1222 582 1458 653 Χριστοῦ
1482 580 1688 646 ἐλπίζει

104 667 205 722 καὶ
231 671 296 739 τῇ
331 668 512 742 χάριτι
547 670 733 726 αὑτοῦ.
772 671 930 724 Κατὰ
961 672 1070 743 γὰρ
1101 673 1190 726 τὸν
1225 673 1365 726 θεῖον
1412 675 1685 740 Ἰάκωϐον,

107 779 128 812 ι
173 763 326 814 πᾶσα
350 763 494 825 δόσις
522 762 723 834 ἀγαθὴ,
753 767 844 816 κα)⁸
866 766 971 817 πᾶν
1001 765 1230 837 δώρημα
1258 766 1462 820 τέλειον
1485 764 1689 820 ἄνωθέν

104 855 246 915 ἐστι,
282 853 604 908 καταϐαῖνον
633 856 695 907 ὲκ
723 855 816 907 τοῦ
854 855 1066 927 Πατρὺς
1097 858 1203 909 τῶν
1237 857 1446 926 φώτων.
1483 877 1500 909 ι
1528 859 1636 912 Καὶ
1661 861 1689 912 ὁ

103 945 321 1008 nam;
348 963 498 1016 φησι·
535 965 553 996 ‹
583 946 646 1000 Ti
675 947 782 1018 γὰρ
811 947 952 1018 ἔχεις
987 949 1014 1001 ὃ
1043 951 1142 1002 οὐκ
1171 949 1390 1012 ἕλαόες;
1426 951 1486 1002 Ei
1513 951 1568 1003 δὲ
1596 953 1690 1004 καὶ

102 1034 320 1100 ἔλαϐες,
367 1034 417 1086 τί
465 1036 736 1104 καυχᾶσαι
775 1036 849 1099 ὡς
887 1037 960 1109 μὴ
1010 1036 1222 1099 λαϐὡν;
1264 1057 1280 1089 ι
1330 1037 1442 1090 ἀλλ’
1488 1037 1563 1099 ὡς
1603 1037 1687 1088 ἐπ’

106 1127 262 1192 ἰδίοις
293 1130 402 1191 τοῖς
446 1127 743 1199 ἀλλοτρίοις
776 1129 1106 1200 χαρίσμασιν
1151 1131 1526 1200 ἐπαιρόμενος.
1566 1129 1688 1181 Ὅτι

101 1220 164 1272 δὲ
193 1219 376 1290 χάριτι
408 1220 500 1273 καὶ
538 1220 678 1273 ἐλέει
717 1220 851 1274 Θεοῦ
888 1222 920 1291 ἡ
965 1221 1206 1291 σωτηρία
1239 1224 1370 1292 ἡμῖν
1399 1221 1689 1293 προσγένε-

100 1329 218 1373 ται,
244 1312 454 1384 μάρτυς
479 1314 508 1364 ὁ
537 1311 738 1385 λῃστὴς
767 1315 989 1378 ἐκεῖνος,
1015 1313 1072 1376 ὃς
1100 1313 1199 1365 οὐκ
1229 1313 1427 1384 ἀρετῆς
1458 1313 1688 1366 ἔπαθλον

101 1403 207 1474 τὴν
239 1403 510 1472 βασιλείαν
549 1404 657 1456 τῶν
701 1404 942 1476 οὐρανῶν
987 1404 1298 1474 ἐκομίσατο,
1338 1403 1474 1457 ἀλλὰ
1505 1407 1688 1477 χάριτι

101 1493 246 1547 Θεοῦ
281 1496 375 1548 καὶ
406 1495 564 1549 ὲλέει.
595 1494 780 1548 Ταῦτα
809 1497 902 1549 καὶ
928 1497 976 1549 οἱ
1002 1495 1242 1568 Πατέρες
1278 1496 1432 1567 ἡμῶν
1466 1497 1690 1550 ἐπιστά-

107 1603 285 1656 μενοι,
322 1587 520 1650 πάντες
561 1589 660 1658 μιᾷ
699 1587 893 1660 γνώμῃ
939 1587 1356 1658 παραδεδώκασι
1399 1588 1472 1660 μὴ
1513 1588 1688 1652 ἄλλως

100 1677 368 1732 δύνασθαι
397 1681 544 1750 ἡμᾶς
565 1678 813 1749 θεμέλιον
847 1679 1064 1748 ἀσφαλῆ
1095 1679 1230 1750 πρὸς
1255 1677 1532 1731 τελείωσιν
1563 1679 1690 1750 ἀρε-

101 1769 208 1838 τῆς
231 1767 685 1832 καταϐάλλεσθαι,
724 1769 771 1821 εξ
806 1768 878 1839 μὴ
903 1767 987 1821 διὰ
1013 1767 1412 1831 ταπεινώσεως,
1441 1769 1562 1838 ἣτις
1582 1769 1689 1820 ἀπὸ

1797 585 1950 649 bum,
2011 601 2029 634 ι
2058 598 2219 638 omne
2249 583 2436 637 datum
2473 581 2766 647 bonum,ct
2788 597 2948 636 omne
2970 580 3170 635 donum
3203 583 3372 652 perfe-

1795 681 1941 728 ctum
1965 673 2257 730 desursum
2290 682 2394 738 est,
2415 673 2754 728 descendens
2773 671 2978 727 aPatre
2998 674 3259 727 luminum
3277 673 3317 727 ⁵.
3347 694 3366 726 ι

1793 763 1860 818 Et
1896 764 2098 821 Paulus
2135 766 2210 819 ait
2243 784 2256 819 :
2301 785 2320 817 ι
2365 766 2506 832 Quid
2545 765 2686 820 enim
2711 765 2881 820 habes
2909 764 3054 834 quod
3085 780 3189 818 non
3215 781 3372 821 acce-

1794 856 1964 928 pisti?
1994 859 2052 912 Si
2095 866 2278 912 autem
2309 857 2591 928 accepisti,
2627 857 2754 927 quid
2787 857 3042 927 gloriaris
3068 857 3224 927 quasi
3264 873 3372 912 non

1794 953 2072 1021 acceperis
2113 951 2182 1004 l‘?
2249 970 2270 1004 ι
2331 951 2426 1006 sed
2481 951 2548 1006 de
2627 951 2819 1006 alienis
2883 951 3042 1005 donis
3098 951 3256 1022 quasi
3307 951 3372 1005 dc

1800 1044 1912 1099 tuis
1937 1043 2237 1098 extolleris.
2265 1043 2419 1110 Quod
2451 1052 2631 1098 autem
2661 1043 2821 1098 nubis
2855 1045 3034 1114 gratia
3071 1051 3125 1099 et
3164 1045 3372 1099 miscri-

1793 1133 1984 1190 cordia
2024 1133 2117 1190 Dei
2159 1134 2310 1190 salus
2360 1136 2602 1197 accedat,
2658 1135 2811 1189 testis
2863 1141 2947 1188 est
3003 1135 3140 1188 latro
3193 1135 3282 1189 ille
3328 1135 3371 1197 ⁸,

1792 1227 1885 1297 qui
1934 1243 2044 1282 non
2103 1227 2159 1281 in
2211 1226 2430 1282 virtutis
2479 1226 2761 1296 prmmium
2816 1241 3045 1295 regnum
3109 1226 3373 1280 caelorum

1793 1319 2022 1389 adeptus
2061 1326 2146 1375 est
2178 1337 2192 1388 ;
2241 1319 2335 1374 sed
2383 1322 2556 1389 gratia
2603 1327 2657 1374 et
2691 1317 3067 1373 misericordia
3096 1317 3212 1372 Dei.
3248 1318 3374 1372 Πιρο

1793 1426 1918 1466 cum
1960 1413 2127 1483 probe
2166 1406 2390 1468 nossent
2419 1411 2609 1467 Patres
2645 1412 2841 1477 nostri,
2884 1426 2994 1466 una
3032 1427 3223 1466 omnes
3250 1428 3375 1466 sen-

1791 1501 1962 1556 tentia
2020 1503 2365 1558 tradiderunt
2452 1520 2561 1559 non
2619 1519 2781 1573 posse
2846 1518 2949 1558 nos
3022 1503 3236 1557 ﬁrmum
3307 1504 3371 1557 ad

1791 1595 2013 1650 virtutis
2065 1595 2456 1667 perfectionem
2510 1594 2698 1666 jacere
2759 1594 3215 1661 fundamentum,
3266 1597 3374 1651 nisi

1791 1701 1890 1755 per
1915 1686 2302 1756 humilitatem,
2334 1703 2454 1758 quae
2481 1703 2510 1742 a
2547 1688 2672 1753 ﬁde,
2710 1689 3128 1744 mansuetudine
3155 1698 3208 1742 et
3243 1705 3368 1757 per-

1793 1776 1933 1833 fecta
1962 1788 2281 1850 paupertate
2309 1783 2555 1852 procedit
2581 1799 2596 1848 ;
2635 1782 2834 1851 quibus
2858 1781 3100 1854 perfecta
3131 1781 3374 1836 charitas

103 1862 347 1924 πίστεως
399 1862 491 1915 καὶ
541 1861 864 1934 πραότητος,
912 1862 1005 1915 καὶ
1051 1861 1262 1926 τελείας
1305 1861 1690 1933 ἀκτημοσύνης

1793 1867 2102 1934 obtinetur,
2165 1871 2344 1942 gratia
2415 1871 2631 1927 Domini
2693 1873 2870 1928 nostri
2933 1871 3062 1928 Jesu
3123 1871 3372 1937 Christi,

101 1952 496 2023 προσγίνεσθαι
526 1953 756 2022 πέφυκε,
792 1953 859 2006 δι’
885 1945 960 2008 ὧν
999 1954 1032 2025 ἡ
1065 1955 1244 2008 τελεία
1277 1955 1468 2026 ἀγάπη
1495 1973 1691 2027 κατορ-

101 2043 298 2098 θοῦται
321 2047 500 2117 χάριτι
522 2046 616 2099 τοῦ
641 2046 847 2118 Κυρίου
872 2047 1028 2118 ἡμῶν
1069 2046 1242 2118 Ἰησοῦ
1270 2045 1532 2119 Χριστοῦ,
1567 2046 1684 2118 μεθ’

1799 1975 1925 2017 cum
1965 1980 2074 2034 quo
2115 1964 2264 2020 Patri
2304 1965 2499 2036 gloria,
2543 1981 2669 2021 cum
2710 1973 2904 2022 sancto
2946 1965 3154 2038 Spiritu
3185 1966 3242 2020 in
3273 1981 3374 2022 sae-

1794 2056 1937 2110 cula.
1970 2056 2165 2113 Amen.

96 2131 167 2192 οὖ
213 2138 390 2210 Πατρὶ
422 2141 456 2211 ἡ
483 2137 750 2208 δόξαησὺν
795 2137 874 2210 τῷ
920 2137 1060 2211 ἁγίῳ
1110 2138 1382 2209 Πνεύματι
1433 2141 1513 2202 εἰς
1559 2139 1686 2203 τοὺς
1717 2144 1938 2211 αἰῶνας.
1985 2149 2176 2221 Ἀμήν.

176 2293 201 2326 ⁸
237 2292 357 2350 Jac.
396 2310 452 2360 ι,
491 2294 579 2351 17.
655 2295 680 2330 ⁸
715 2294 737 2350 I
769 2295 900 2352 Cor.
938 2312 1014 2364 ιν,
1053 2297 1103 2351 7.
1181 2299 1203 2329 ⁸
1240 2297 1372 2356 Luc.
1411 2315 1548 2354 mn
1573 2341 1587 2367 ,
1620 2301 1715 2357 43.

141 2481 3373 2511 Ἥ

1376 2652 2112 2782 HOMILUE

361 2910 642 3016 QUAE
715 2908 1363 3002 ATHANASII
1421 2907 1906 3004 NOMINE
1984 2913 3174 3032 CIRCUMFERUNTUB.

979 3223 1045 3278 IN
1085 3222 1510 3288 SEQUENTEM
1548 3222 1899 3282 HOMILIAM
1937 3222 2342 3280 ADMONI'I'IO.

179 3341 332 3396 Hanc
364 3341 637 3396 homiliam
666 3357 780 3398 esse
822 3341 1106 3396 Athanasii
1135 3359 1283 3398 nemo
1329 3342 1674 3408 existimabit,
1711 3351 1917 3397 tantum
1941 3341 2141 3396 scilicet
2167 3341 2412 3396 abhorret
2441 3341 2506 3396 ab
2553 3341 2838 3397 Athanasii
2881 3340 3043 3412 style,
3084 3345 3366 3415 gravitate,

91 3440 407 3511 elegantia:
440 3439 546 3493 imo
572 3448 630 3494 ut
667 3454 733 3494 ex
778 3439 1035 3494 orationis
1083 3456 1267 3510 genere
1306 3438 1780 3509 vocabulorumque
1832 3439 2038 3494 ratione
2082 3439 2378 3507 conjectare
2423 3439 2567 3504 licet,
2605 3439 2788 3493 multis
2838 3446 2957 3508 post
3014 3438 3366 3493 Athanasium

91 3533 316 3588 saeculis
339 3532 537 3602 scripta
564 3542 682 3596 est;
709 3533 1111 3603 quamplurima:
1137 3537 1369 3601 namque
1394 3532 1480 3585 hic
1514 3538 1797 3585 occurrunt
1827 3547 1973 3584 voces
2004 3532 2301 3599 composita:
2324 3547 2441 3601 qua:
2475 3531 2544 3584 ad
2579 3517 2822 3600 inﬁmam
2869 3531 3121 3585 accedunt
3171 3529 3368 3585 erci-
3412 3585 3418 3591 ,

96 3636 286 3679 tatem.
320 3624 543 3680 Demum
573 3628 740 3698 magis
767 3626 1024 3696 sequioris
1045 3626 1142 3680 aevi
1174 3623 1478 3680 Graecorum
1505 3623 1883 3695 loquacitatem
1919 3623 2118 3678 redolet
2145 3625 2256 3678 haec
2286 3624 2528 3689 homilia,
2565 3640 2725 3694 quam
2771 3625 3106 3694 antiquorum
3145 3623 3367 3678 Patrum

91 3721 478 3791 eloquentiam.

1195 3898 1333 3952 ΤΟΥ
1369 3899 1461 3951 EN
1492 3889 1716 3951 ΑΓΙΟΙΣ
1754 3899 2025 3952 ΠΑΤΡΟΣ
2059 3899 2259 3952 ΗΜΩΝ

1420 4063 2051 4152 ΑΘΑΝΑΣΙΟΥ

369 4252 474 4316 Εἰς
507 4249 575 4303 τὸ
614 4246 924 4320 γενέθλιον
953 4249 1060 4305 τοῦ
1091 4247 1459 4320 Προδρόμου,
1501 4246 1598 4301 καὶ
1619 4249 1706 4313 εὶς
1738 4247 1852 4316 τὴν
1897 4245 2228 4313 Ἐλισάὸετ,
2260 4247 2359 4302 καὶ
2387 4247 2476 4316 εὶς
2505 4248 2618 4318 τὴν
2648 4250 2940 4304 Θεοτόκον
2961 4247 3096 4320 (30).

1134 4473 1227 4561 S.
1307 4475 1414 4561 P.
1496 4473 1615 4561 N.
1695 4392 2344 4558 XTHANASII

847 4664 914 4720 In
951 4666 1279 4721 nativitatem
1319 4664 1702 4729 Pra’cursoris,
1747 4663 1802 4716 in
1837 4659 2099 4725 Elisabet,
2139 4668 2186 4713 et
2225 4659 2281 4712 in
2319 4657 2626 4726 Deiparam.

169 4873 224 4904 π.
265 4847 466 4920 Χώραν
501 4847 598 4918 μὲν
630 4841 1128 4916 ἀποχερσωθεῖσαν,
1175 4843 1272 4895 καὶ
1304 4840 1551 4912 ὀνάγρων
1583 4858 1715 4894 ica-4

1861 4840 1914 4896 Ι.
1955 4837 2248 4894 Exsiccata
2284 4843 2450 4899 terra,
2503 4843 2557 4890 et
2585 4849 2920 4905 onagrorum
2961 4836 3369 4892 conculcationi

89 4941 403 5010 ταπάτημα
421 4937 676 5006 γενέσθαι
703 4933 1176 5003 καταλειφθεῖσαν,
1209 4931 1334 5002 βοῦς
1351 4931 1556 5003 ἀροτὴρ
1581 4949 1684 4984 κα-

93 5034 261 5105 μάτῳ
297 5029 639 5103 ρυμοτομῶν,
689 5029 891 5100 ἐγείρει
934 5029 1060 5090 τοὺς
1107 5025 1372 5088 αὔλακαςο
1420 5025 1544 5078 ὅσον
1573 5025 1683 5097 γάρ

89 5123 513 5193 ἀκατὲργαστος
538 5124 571 5193 ἡ
597 5119 752 5194 χώρα
785 5120 861 5190 τῷ
891 5121 1067 5193 χρόνῳ
1104 5119 1400 5190 μεμένηκε,
1429 5117 1684 5173 τοσοῦτον

87 5219 118 5271 ὁ
150 5217 297 5288 πρὸς
329 5217 430 5286 τὴν
468 5213 782 5286 ἁροτρίασιν
821 5213 946 5284 βοῦς
980 5211 1381 5283 παριστάμενος
1413 5212 1680 5264 ἐπιπονω-

87 5311 244 5381 τέρῳ
283 5309 513 5379 καμάτῳ
541 5308 956 5378 συγκάμπτεται
985 5305 1076 5358 τὸν
1102 5304 1403 5376 ζυγοφόρον
1430 5303 1684 5374 ὲπεκτρί-

88 5407 209 5458 ϐων
252 5402 476 5474 αὐχένα·
509 5405 742 5473 γυναῖκα
783 5401 840 5454 δὲ
881 5399 1263 5471 στειρωθεῖσαν
1306 5399 1402 5452 καὶ
1450 5399 1683 5469 μακροῖς

86 5497 314 5571 χρόνοις
334 5495 762 5563 παλαιωθεῖσαν,
782 5496 876 5548 καὶ
896 5493 1019 5548 δυσὶ
1041 5495 1232 5556 κακοῖς
1251 5488 1678 5563 περιπεσοῦσαν,

85 5589 296 5660 ἀγονία
320 5605 379 5640 τε
413 5587 506 5642 καὶ
537 5587 746 5659 άτονίᾳ,
774 5587 966 5659 ἀγονίᾳ
994 5586 1210 5654 φύσεως
1237 5585 1333 5640 καὶ
1365 5581 1552 5653 ἀτονία
1575 5597 1677 5650 γη-

87 5680 440 5756 ραλεότητος,
469 5678 633 5750 λόγῳ,
683 5679 778 5733 καὶ
817 5679 878 5732 οὐ
920 5678 1087 5749 πόνῳ,
1133 5679 1162 5730 ὁ
1191 5676 1292 5747 τῆς
1333 5674 1546 5745 φύσεως
1579 5671 1679 5743 δη·-

1792 4931 2073 4994 derelicta,
2125 4928 2360 4983 aratoris
2392 4927 2547 4982 bovis
2596 4927 2783 4980 labore
2829 4924 3097 4980 sulcatur.
3150 4923 3367 4990 Quanto

1792 5023 2000 5077 diutius
2045 5021 2194 5076 enim
2237 5020 2480 5075 incultus
2514 5033 2643 5088 ager
2671 5017 2792 5080 fuit,
2843 5024 2997 5070 tanto
3027 5014 3263 5084 graviori
3311 5014 3368 5068 in

1791 5115 2000 5170 arando
2052 5114 2152 5169 bos
2205 5114 2474 5182 premitur
2521 5111 2728 5174 labore,
2791 5113 3210 5174 atterunturque
3249 5105 3367 5176 jugi

1790 5225 1958 5265 onere
1984 5208 2250 5263 cervices.
2288 5206 2480 5260 Mulier
2513 5205 2641 5259 item
2671 5202 2878 5258 sterilis
2907 5214 2971 5254 ac
3010 5206 3171 5252 aetate
3202 5213 3371 5266 gran-

1790 5305 1962 5367 daeva,
1997 5303 2166 5372 inque
2196 5299 2308 5355 duo
2344 5300 2489 5353 mala
2523 5297 2802 5368 prolapsa,
2837 5292 3186 5349 sterilitatem
3216 5292 3366 5348 scili-

1793 5403 1882 5451 cet
1907 5401 1963 5451 et
2003 5391 2472 5456 imbecillitatem;
2517 5389 2892 5454 sterilitatem,
2923 5386 3171 5455 inquam,
3200 5393 3365 5440 natu-

1793 5502 1886 5551 rae,
1931 5493 1986 5541 et
2033 5483 2465 5539 imbecillitatem
2514 5480 2837 5543 senectutis,
2887 5479 3079 5544 verbo,
3119 5493 3230 5534 non
3280 5477 3367 5531 ια·-

1789 5577 1946 5640 bore,
1981 5591 2012 5630 a
2057 5582 2270 5630 naturae
2301 5571 2586 5629 conditore
2618 5570 2728 5626 Deo
2761 5568 2963 5634 Verbo,
2996 5569 3244 5640 corporis
3273 5582 3367 5626 so-

1787 5678 2008 5724 nectute
2053 5667 2316 5725 liberatur
2347 5673 2512 5737 atque
2554 5672 2874 5732 renovatur,
2911 5664 3201 5722 sterilitate
3234 5675 3367 5717 vero

165 5832 392 5910 (3O)4Ex
419 5835 606 5890 codice
633 5833 788 5890 Colb.
821 5834 982 5897 ΠΗ,
1013 5831 1543 5906 quadringentorum
1570 5825 1794 5885 circiter
1829 5838 1960 5880 ann.

417 5930 688 5992 Ρλτιιοι..
749 5929 868 5992 Gn.
926 5925 1224 5989 XXVIII.

3049 5907 3132 5968 29
