  <div class='ocr_page' id='page_1' title='image "/cluster/home/n/w/nwhite01/storage/ocr_20150623/28/nnc1.0046978690/493.png"; bbox 0 0 3868 6206; ppageno 0'>
   <div class='ocr_carea' id='block_1_1' title="bbox 521 303 630 361">
    <p class='ocr_par' dir='ltr' id='par_1_1' title="bbox 521 303 630 361">
     <span class='ocr_line' id='line_1_1' title="bbox 521 303 630 361; baseline -0.037 0"><span class='ocrx_word' id='word_1_1' title='bbox 521 303 630 361; x_wconf 78' lang='lat'><strong>907</strong></span> 
     </span>
    </p>
   </div>
   <div class='ocr_carea' id='block_1_2' title="bbox 1626 279 2694 345">
    <p class='ocr_par' dir='ltr' id='par_1_2' title="bbox 1626 279 2694 345">
     <span class='ocr_line' id='line_1_2' title="bbox 1626 279 2694 345; baseline 0.003 -3"><span class='ocrx_word' id='word_1_2' title='bbox 1626 287 1683 342; x_wconf 93' lang='lat' dir='ltr'><strong>S.</strong></span> <span class='ocrx_word' id='word_1_3' title='bbox 1723 285 2184 345; x_wconf 73' lang='lat' dir='ltr'><strong>ATHANASIUS.</strong></span> <span class='ocrx_word' id='word_1_4' title='bbox 2225 318 2295 330; x_wconf 88' lang='lat'><strong>-—</strong></span> <span class='ocrx_word' id='word_1_5' title='bbox 2343 289 2613 345; x_wconf 82' lang='lat' dir='ltr'><strong>SPURIA.</strong></span> <span class='ocrx_word' id='word_1_6' title='bbox 2683 279 2694 296; x_wconf 77' lang='grc'><em>’</em></span> 
     </span>
    </p>
   </div>
   <div class='ocr_carea' id='block_1_3' title="bbox 3680 289 3779 344">
    <p class='ocr_par' dir='ltr' id='par_1_3' title="bbox 3680 289 3779 344">
     <span class='ocr_line' id='line_1_3' title="bbox 3680 289 3779 344; baseline -0.03 0"><span class='ocrx_word' id='word_1_7' title='bbox 3680 289 3779 344; x_wconf 80' lang='lat'><strong>908</strong></span> 
     </span>
    </p>
   </div>
   <div class='ocr_carea' id='block_1_4' title="bbox 520 402 2093 485">
    <p class='ocr_par' dir='ltr' id='par_1_4' title="bbox 520 405 2093 485">
     <span class='ocr_line' id='line_1_4' title="bbox 520 405 2093 485; baseline -0.017 1"><span class='ocrx_word' id='word_1_8' title='bbox 520 433 732 485; x_wconf 62' lang='lat' dir='ltr'><strong>natura:</strong></span> <span class='ocrx_word' id='word_1_9' title='bbox 768 419 996 474; x_wconf 77' lang='lat' dir='ltr'><strong>levatur.</strong></span> <span class='ocrx_word' id='word_1_10' title='bbox 1026 411 1208 467; x_wconf 89' lang='lat' dir='ltr'><strong>Testis</strong></span> <span class='ocrx_word' id='word_1_11' title='bbox 1234 407 1366 462; x_wconf 92' lang='lat' dir='ltr'><strong>mihi</strong></span> <span class='ocrx_word' id='word_1_12' title='bbox 1414 406 1529 460; x_wconf 74' lang='lat' dir='ltr'><strong>haec</strong></span> <span class='ocrx_word' id='word_1_13' title='bbox 1562 405 1804 475; x_wconf 91' lang='lat' dir='ltr'><strong>loquenti</strong></span> <span class='ocrx_word' id='word_1_14' title='bbox 1841 413 1925 462; x_wconf 90' lang='lat' dir='ltr'><strong>est</strong></span> <span class='ocrx_word' id='word_1_15' title='bbox 1955 419 2093 460; x_wconf 85' lang='lat' dir='ltr'><strong>uxor</strong></span> 
     </span>
    </p>
   </div>
   <div class='ocr_carea' id='block_1_5' title="bbox 2198 402 3778 485">
    <p class='ocr_par' dir='ltr' id='par_1_5' title="bbox 2201 402 3778 479">
     <span class='ocr_line' id='line_1_5' title="bbox 2201 402 3778 479; baseline -0.001 -21"><span class='ocrx_word' id='word_1_16' title='bbox 2201 406 2458 479; x_wconf 86' lang='grc' dir='ltr'>μιουργὸς</span> <span class='ocrx_word' id='word_1_17' title='bbox 2492 407 2622 469; x_wconf 83' lang='grc' dir='ltr'>Θεὸς</span> <span class='ocrx_word' id='word_1_18' title='bbox 2654 405 2821 475; x_wconf 83' lang='grc' dir='ltr'><strong>Λόγος</strong></span> <span class='ocrx_word' id='word_1_19' title='bbox 2867 403 2958 458; x_wconf 75' lang='grc' dir='ltr'><strong>καὶ</strong></span> <span class='ocrx_word' id='word_1_20' title='bbox 3001 403 3102 475; x_wconf 82' lang='grc' dir='ltr'><strong>τὴν</strong></span> <span class='ocrx_word' id='word_1_21' title='bbox 3137 402 3230 457; x_wconf 93' lang='grc' dir='ltr'><strong>τοῦ</strong></span> <span class='ocrx_word' id='word_1_22' title='bbox 3266 403 3515 474; x_wconf 83' lang='grc' dir='ltr'>σώματος</span> <span class='ocrx_word' id='word_1_23' title='bbox 3550 404 3778 458; x_wconf 77' lang='grc' dir='ltr'>παλαιό-</span> 
     </span>
    </p>
   </div>
   <div class='ocr_carea' id='block_1_6' title="bbox 521 497 2094 574">
    <p class='ocr_par' dir='ltr' id='par_1_6' title="bbox 521 497 2094 574">
     <span class='ocr_line' id='line_1_6' title="bbox 521 497 2094 574; baseline -0.015 0"><span class='ocrx_word' id='word_1_24' title='bbox 521 514 800 574; x_wconf 74' lang='lat' dir='ltr'><strong>Zacbarizc</strong></span> <span class='ocrx_word' id='word_1_25' title='bbox 851 506 1178 568; x_wconf 77' lang='lat' dir='ltr'><strong>sacerdotis,</strong></span> <span class='ocrx_word' id='word_1_26' title='bbox 1232 501 1498 564; x_wconf 88' lang='lat' dir='ltr'><strong>Elisabet,</strong></span> <span class='ocrx_word' id='word_1_27' title='bbox 1539 514 1660 569; x_wconf 86' lang='lat' dir='ltr'><strong>quae</strong></span> <span class='ocrx_word' id='word_1_28' title='bbox 1706 512 1814 552; x_wconf 88' lang='lat' dir='ltr'><strong>non</strong></span> <span class='ocrx_word' id='word_1_29' title='bbox 1858 497 1983 553; x_wconf 81' lang='lat' dir='ltr'><strong>risit</strong></span> <span class='ocrx_word' id='word_1_30' title='bbox 2032 505 2094 552; x_wconf 91' lang='lat' dir='ltr'><strong>ut</strong></span> 
     </span>
    </p>
   </div>
   <div class='ocr_carea' id='block_1_7' title="bbox 522 586 2096 670">
    <p class='ocr_par' dir='ltr' id='par_1_7' title="bbox 522 586 2096 670">
     <span class='ocr_line' id='line_1_7' title="bbox 522 586 2096 670; baseline -0.017 -4"><span class='ocrx_word' id='word_1_31' title='bbox 522 611 660 665; x_wconf 89' lang='lat' dir='ltr'><strong>Sara</strong></span> <span class='ocrx_word' id='word_1_32' title='bbox 680 609 724 670; x_wconf 80' lang='grc' dir='ltr'>τ,</span> <span class='ocrx_word' id='word_1_33' title='bbox 757 603 852 661; x_wconf 86' lang='lat' dir='ltr'><strong>sed</strong></span> <span class='ocrx_word' id='word_1_34' title='bbox 880 607 938 655; x_wconf 90' lang='lat' dir='ltr'><strong>ut</strong></span> <span class='ocrx_word' id='word_1_35' title='bbox 966 601 1122 652; x_wconf 87' lang='lat' dir='ltr'><strong>Anna</strong></span> <span class='ocrx_word' id='word_1_36' title='bbox 1152 592 1385 649; x_wconf 79' lang='lat' dir='ltr'><strong>credidit</strong></span> <span class='ocrx_word' id='word_1_37' title='bbox 1407 590 1450 653; x_wconf 82' lang='grc'>⁸,</span> <span class='ocrx_word' id='word_1_38' title='bbox 1484 604 1606 659; x_wconf 73' lang='lat' dir='ltr'><strong>qua:</strong></span> <span class='ocrx_word' id='word_1_39' title='bbox 1633 589 1689 642; x_wconf 90' lang='lat' dir='ltr'><strong>in</strong></span> <span class='ocrx_word' id='word_1_40' title='bbox 1720 586 1970 655; x_wconf 79' lang='lat' dir='ltr'><strong>euisjam</strong></span> <span class='ocrx_word' id='word_1_41' title='bbox 2007 587 2096 641; x_wconf 86' lang='lat' dir='ltr'><strong>de-</strong></span> 
     </span>
    </p>
   </div>
   <div class='ocr_carea' id='block_1_8' title="bbox 519 681 2095 759">
    <p class='ocr_par' dir='ltr' id='par_1_8' title="bbox 519 681 2095 759">
     <span class='ocr_line' id='line_1_8' title="bbox 519 681 2095 759; baseline -0.017 0"><span class='ocrx_word' id='word_1_42' title='bbox 519 699 750 759; x_wconf 83' lang='lat' dir='ltr'><strong>bilitatis</strong></span> <span class='ocrx_word' id='word_1_43' title='bbox 786 693 1045 751; x_wconf 86' lang='lat' dir='ltr'><strong>membris</strong></span> <span class='ocrx_word' id='word_1_44' title='bbox 1073 697 1133 743; x_wconf 92' lang='lat' dir='ltr'><strong>ut</strong></span> <span class='ocrx_word' id='word_1_45' title='bbox 1162 686 1344 757; x_wconf 89' lang='lat' dir='ltr'><strong>aquila</strong></span> <span class='ocrx_word' id='word_1_46' title='bbox 1387 689 1643 738; x_wconf 90' lang='lat' dir='ltr'><strong>renovata</strong></span> <span class='ocrx_word' id='word_1_47' title='bbox 1673 689 1756 735; x_wconf 91' lang='lat' dir='ltr'><strong>est</strong></span> <span class='ocrx_word' id='word_1_48' title='bbox 1778 681 1798 712; x_wconf 79' lang='lat'><strong>’</strong></span> <span class='ocrx_word' id='word_1_49' title='bbox 1827 699 1840 735; x_wconf 90' lang='lat'><strong>:</strong></span> <span class='ocrx_word' id='word_1_50' title='bbox 1865 694 2095 749; x_wconf 91' lang='lat' dir='ltr'><strong>puerum</strong></span> 
     </span>
    </p>
   </div>
   <div class='ocr_carea' id='block_1_9' title="bbox 521 770 2097 863">
    <p class='ocr_par' dir='ltr' id='par_1_9' title="bbox 521 770 2097 863">
     <span class='ocr_line' id='line_1_9' title="bbox 521 770 2097 863; baseline -0.016 -13"><span class='ocrx_word' id='word_1_51' title='bbox 521 806 758 863; x_wconf 88' lang='lat' dir='ltr'><strong>namque</strong></span> <span class='ocrx_word' id='word_1_52' title='bbox 790 784 1048 843; x_wconf 89' lang='lat' dir='ltr'><strong>enutrivit</strong></span> <span class='ocrx_word' id='word_1_53' title='bbox 1076 781 1418 853; x_wconf 74' lang='lat' dir='ltr'><strong>praeclarum,</strong></span> <span class='ocrx_word' id='word_1_54' title='bbox 1456 773 1846 838; x_wconf 89' lang='lat' dir='ltr'><strong>venerandum,</strong></span> <span class='ocrx_word' id='word_1_55' title='bbox 1890 772 1945 826; x_wconf 93' lang='lat' dir='ltr'><strong>in</strong></span> <span class='ocrx_word' id='word_1_56' title='bbox 1975 770 2097 826; x_wconf 81' lang='lat' dir='ltr'><strong>Jor-</strong></span> 
     </span>
    </p>
   </div>
   <div class='ocr_carea' id='block_1_10' title="bbox 523 862 2096 940">
    <p class='ocr_par' dir='ltr' id='par_1_10' title="bbox 523 862 2096 940">
     <span class='ocr_line' id='line_1_10' title="bbox 523 862 2096 940; baseline -0.017 0"><span class='ocrx_word' id='word_1_57' title='bbox 523 862 735 940; x_wconf 77' lang='lat' dir='ltr'><strong>danicis</strong></span> <span class='ocrx_word' id='word_1_58' title='bbox 765 875 982 932; x_wconf 84' lang='lat' dir='ltr'><strong>ﬂuentis</strong></span> <span class='ocrx_word' id='word_1_59' title='bbox 1018 877 1349 927; x_wconf 70' lang='lat' dir='ltr'><strong>versantem.</strong></span> <span class='ocrx_word' id='word_1_60' title='bbox 1380 864 1520 920; x_wconf 89' lang='lat' dir='ltr'><strong>Vere</strong></span> <span class='ocrx_word' id='word_1_61' title='bbox 1564 878 1760 933; x_wconf 83' lang='lat' dir='ltr'><strong>magna</strong></span> <span class='ocrx_word' id='word_1_62' title='bbox 1803 862 1948 916; x_wconf 91' lang='lat' dir='ltr'><strong>inter</strong></span> <span class='ocrx_word' id='word_1_63' title='bbox 1976 877 2096 915; x_wconf 87' lang='lat' dir='ltr'><strong>mu-</strong></span> 
     </span>
    </p>
   </div>
   <div class='ocr_carea' id='block_1_11' title="bbox 524 954 2093 1044">
    <p class='ocr_par' dir='ltr' id='par_1_11' title="bbox 524 954 2093 1044">
     <span class='ocr_line' id='line_1_11' title="bbox 524 954 2093 1044; baseline -0.016 -14"><span class='ocrx_word' id='word_1_64' title='bbox 524 977 686 1032; x_wconf 86' lang='lat' dir='ltr'><strong>lieres</strong></span> <span class='ocrx_word' id='word_1_65' title='bbox 713 971 875 1044; x_wconf 82' lang='lat'><strong>330</strong></span> <span class='ocrx_word' id='word_1_66' title='bbox 898 965 1158 1028; x_wconf 90' lang='lat' dir='ltr'><strong>Elisabet,</strong></span> <span class='ocrx_word' id='word_1_67' title='bbox 1199 967 1386 1030; x_wconf 86' lang='lat' dir='ltr'><strong>utpote</strong></span> <span class='ocrx_word' id='word_1_68' title='bbox 1415 959 1669 1030; x_wconf 82' lang='lat' dir='ltr'><strong>gloriosae</strong></span> <span class='ocrx_word' id='word_1_69' title='bbox 1708 954 1949 1025; x_wconf 80' lang='lat' dir='ltr'><strong>Virginis</strong></span> <span class='ocrx_word' id='word_1_70' title='bbox 1999 968 2093 1007; x_wconf 92' lang='lat' dir='ltr'><strong>co-</strong></span> 
     </span>
    </p>
   </div>
   <div class='ocr_carea' id='block_1_12' title="bbox 518 1037 2100 1139">
    <p class='ocr_par' dir='ltr' id='par_1_12' title="bbox 518 1037 2100 1139">
     <span class='ocr_line' id='line_1_12' title="bbox 518 1037 2100 1139; baseline -0.014 -17"><span class='ocrx_word' id='word_1_71' title='bbox 518 1037 1206 1139; x_wconf 32' lang='lat' dir='ltr'><strong>gnataique&#39;madmodum</strong></span> <span class='ocrx_word' id='word_1_72' title='bbox 1239 1052 1464 1122; x_wconf 88' lang='lat' dir='ltr'><strong>jamjam</strong></span> <span class='ocrx_word' id='word_1_73' title='bbox 1496 1049 1696 1103; x_wconf 87' lang='lat' dir='ltr'><strong>audisti</strong></span> <span class='ocrx_word' id='word_1_74' title='bbox 1736 1063 1802 1103; x_wconf 84' lang='lat' dir='ltr'><strong>ex</strong></span> <span class='ocrx_word' id='word_1_75' title='bbox 1844 1037 2100 1100; x_wconf 22' lang='lat' dir='ltr'><strong>Gabriele‘</strong></span> 
     </span>
    </p>
   </div>
   <div class='ocr_carea' id='block_1_13' title="bbox 525 1136 2132 1215">
    <p class='ocr_par' dir='ltr' id='par_1_13' title="bbox 525 1136 2132 1215">
     <span class='ocr_line' id='line_1_13' title="bbox 525 1136 2132 1215; baseline -0.017 1"><span class='ocrx_word' id='word_1_76' title='bbox 525 1136 740 1215; x_wconf 79' lang='lat' dir='ltr'><strong>dicente</strong></span> <span class='ocrx_word' id='word_1_77' title='bbox 767 1175 780 1210; x_wconf 86' lang='lat'><strong>:</strong></span> <span class='ocrx_word' id='word_1_78' title='bbox 811 1174 830 1204; x_wconf 76' lang='grc' dir='ltr'><strong>ι</strong></span> <span class='ocrx_word' id='word_1_79' title='bbox 860 1153 926 1207; x_wconf 90' lang='lat' dir='ltr'><strong>Et</strong></span> <span class='ocrx_word' id='word_1_80' title='bbox 959 1165 1088 1206; x_wconf 89' lang='lat' dir='ltr'><strong>ecce</strong></span> <span class='ocrx_word' id='word_1_81' title='bbox 1117 1146 1360 1200; x_wconf 88' lang='lat' dir='ltr'><strong>Elisabet</strong></span> <span class='ocrx_word' id='word_1_82' title='bbox 1388 1140 1741 1213; x_wconf 82' lang='lat' dir='ltr'><strong>cognata‘tua</strong></span> <span class='ocrx_word' id='word_1_83' title='bbox 1773 1140 1838 1192; x_wconf 73' lang='grc' dir='ltr'><strong>⁸ο.</strong></span> <span class='ocrx_word' id='word_1_84' title='bbox 1873 1159 1890 1190; x_wconf 84' lang='grc'>›</span> <span class='ocrx_word' id='word_1_85' title='bbox 1919 1136 1962 1192; x_wconf 91' lang='grc' dir='ltr'><strong>Ο</strong></span> <span class='ocrx_word' id='word_1_86' title='bbox 2003 1152 2098 1208; x_wconf 89' lang='lat' dir='ltr'><strong>ge-</strong></span> <span class='ocrx_word' id='word_1_87' title='bbox 2120 1137 2132 1150; x_wconf 85' lang='lat'><strong>&#39;</strong></span> 
     </span>
    </p>
   </div>
   <div class='ocr_carea' id='block_1_14' title="bbox 524 1230 2096 1310">
    <p class='ocr_par' dir='ltr' id='par_1_14' title="bbox 524 1230 2096 1310">
     <span class='ocr_line' id='line_1_14' title="bbox 524 1230 2096 1310; baseline -0.017 -1"><span class='ocrx_word' id='word_1_88' title='bbox 524 1253 673 1309; x_wconf 90' lang='lat' dir='ltr'><strong>neris</strong></span> <span class='ocrx_word' id='word_1_89' title='bbox 710 1243 1079 1304; x_wconf 80' lang='lat' dir='ltr'><strong>nobilitatem!</strong></span> <span class='ocrx_word' id='word_1_90' title='bbox 1115 1255 1148 1294; x_wconf 91' lang='grc' dir='ltr'><strong>ο</strong></span> <span class='ocrx_word' id='word_1_91' title='bbox 1178 1237 1397 1310; x_wconf 90' lang='lat' dir='ltr'><strong>pietatis</strong></span> <span class='ocrx_word' id='word_1_92' title='bbox 1435 1234 1880 1290; x_wconf 79' lang='lat' dir='ltr'><strong>exercitationem</strong></span> <span class='ocrx_word' id='word_1_93' title='bbox 1907 1232 1921 1284; x_wconf 94' lang='lat'><strong>!</strong></span> <span class='ocrx_word' id='word_1_94' title='bbox 1953 1246 1987 1285; x_wconf 88' lang='grc' dir='ltr'><strong>ο</strong></span> <span class='ocrx_word' id='word_1_95' title='bbox 2018 1230 2096 1284; x_wconf 89' lang='lat' dir='ltr'><strong>vi-</strong></span> 
     </span>
    </p>
   </div>
   <div class='ocr_carea' id='block_1_15' title="bbox 523 1323 2097 1414">
    <p class='ocr_par' dir='ltr' id='par_1_15' title="bbox 523 1323 2097 1414">
     <span class='ocr_line' id='line_1_15' title="bbox 523 1323 2097 1414; baseline -0.017 -15"><span class='ocrx_word' id='word_1_96' title='bbox 523 1354 593 1399; x_wconf 73' lang='lat' dir='ltr'><strong>tae</strong></span> <span class='ocrx_word' id='word_1_97' title='bbox 612 1337 932 1414; x_wconf 87' lang='lat' dir='ltr'><strong>puritatem!</strong></span> <span class='ocrx_word' id='word_1_98' title='bbox 964 1350 996 1389; x_wconf 94' lang='grc' dir='ltr'><strong>ο</strong></span> <span class='ocrx_word' id='word_1_99' title='bbox 1019 1331 1266 1401; x_wconf 91' lang='lat' dir='ltr'><strong>corporis</strong></span> <span class='ocrx_word' id='word_1_100' title='bbox 1295 1327 1630 1383; x_wconf 86' lang='lat' dir='ltr'><strong>castitatem!</strong></span> <span class='ocrx_word' id='word_1_101' title='bbox 1659 1340 1691 1378; x_wconf 90' lang='grc' dir='ltr'><strong>ο</strong></span> <span class='ocrx_word' id='word_1_102' title='bbox 1714 1323 1883 1377; x_wconf 92' lang='lat' dir='ltr'><strong>Deum</strong></span> <span class='ocrx_word' id='word_1_103' title='bbox 1909 1337 2097 1375; x_wconf 88' lang='lat' dir='ltr'><strong>aman-</strong></span> 
     </span>
    </p>
   </div>
   <div class='ocr_carea' id='block_1_16' title="bbox 521 1411 2096 1490">
    <p class='ocr_par' dir='ltr' id='par_1_16' title="bbox 521 1411 2096 1490">
     <span class='ocr_line' id='line_1_16' title="bbox 521 1411 2096 1490; baseline -0.017 0"><span class='ocrx_word' id='word_1_104' title='bbox 521 1411 842 1490; x_wconf 40' lang='lat' dir='ltr'><strong>tis-animae</strong></span> <span class='ocrx_word' id='word_1_105' title='bbox 893 1423 1182 1481; x_wconf 72' lang='lat' dir='ltr'><strong>allectum!</strong></span> <span class='ocrx_word' id='word_1_106' title='bbox 1219 1437 1251 1474; x_wconf 87' lang='grc' dir='ltr'><strong>ο</strong></span> <span class='ocrx_word' id='word_1_107' title='bbox 1297 1433 1395 1473; x_wconf 91' lang='lat' dir='ltr'><strong>vas</strong></span> <span class='ocrx_word' id='word_1_108' title='bbox 1443 1415 1891 1487; x_wconf 76' lang='lat' dir='ltr'><strong>unguentariam!</strong></span> <span class='ocrx_word' id='word_1_109' title='bbox 1929 1411 2096 1465; x_wconf 88' lang='lat' dir='ltr'><strong>Evam</strong></span> 
     </span>
    </p>
   </div>
   <div class='ocr_carea' id='block_1_17' title="bbox 523 1505 2095 1594">
    <p class='ocr_par' dir='ltr' id='par_1_17' title="bbox 523 1505 2095 1594">
     <span class='ocr_line' id='line_1_17' title="bbox 523 1505 2095 1594; baseline -0.015 -15"><span class='ocrx_word' id='word_1_110' title='bbox 523 1519 895 1594; x_wconf 83' lang='lat' dir='ltr'><strong>supplantavit</strong></span> <span class='ocrx_word' id='word_1_111' title='bbox 933 1529 1182 1585; x_wconf 90' lang='lat' dir='ltr'><strong>serpens,</strong></span> <span class='ocrx_word' id='word_1_112' title='bbox 1220 1509 1554 1563; x_wconf 86' lang='lat' dir='ltr'><strong>Elisabetam</strong></span> <span class='ocrx_word' id='word_1_113' title='bbox 1593 1505 1820 1576; x_wconf 82' lang='lat' dir='ltr'><strong>angelus</strong></span> <span class='ocrx_word' id='word_1_114' title='bbox 1863 1505 1918 1556; x_wconf 92' lang='lat' dir='ltr'><strong>in</strong></span> <span class='ocrx_word' id='word_1_115' title='bbox 1953 1517 2095 1572; x_wconf 70' lang='lat' dir='ltr'><strong>prae-</strong></span> 
     </span>
    </p>
   </div>
   <div class='ocr_carea' id='block_1_18' title="bbox 521 1593 2099 1672">
    <p class='ocr_par' dir='ltr' id='par_1_18' title="bbox 521 1593 2099 1672">
     <span class='ocr_line' id='line_1_18' title="bbox 521 1593 2099 1672; baseline -0.015 -1"><span class='ocrx_word' id='word_1_116' title='bbox 521 1593 702 1671; x_wconf 88' lang='lat' dir='ltr'><strong>claras</strong></span> <span class='ocrx_word' id='word_1_117' title='bbox 727 1627 818 1667; x_wconf 89' lang='lat' dir='ltr'><strong>res</strong></span> <span class='ocrx_word' id='word_1_118' title='bbox 849 1608 1102 1664; x_wconf 83' lang='lat' dir='ltr'><strong>initiavit.</strong></span> <span class='ocrx_word' id='word_1_119' title='bbox 1137 1603 1278 1658; x_wconf 89' lang='lat' dir='ltr'><strong>Vere</strong></span> <span class='ocrx_word' id='word_1_120' title='bbox 1301 1615 1494 1672; x_wconf 88' lang='lat' dir='ltr'><strong>magna</strong></span> <span class='ocrx_word' id='word_1_121' title='bbox 1521 1599 1666 1652; x_wconf 91' lang='lat' dir='ltr'><strong>inter</strong></span> <span class='ocrx_word' id='word_1_122' title='bbox 1698 1597 1958 1650; x_wconf 89' lang='lat' dir='ltr'><strong>mulieres</strong></span> <span class='ocrx_word' id='word_1_123' title='bbox 1985 1593 2099 1648; x_wconf 85' lang='lat' dir='ltr'><strong>Eli-</strong></span> 
     </span>
    </p>
   </div>
   <div class='ocr_carea' id='block_1_19' title="bbox 520 1687 2096 1774">
    <p class='ocr_par' dir='ltr' id='par_1_19' title="bbox 520 1687 2096 1774">
     <span class='ocr_line' id='line_1_19' title="bbox 520 1687 2096 1774; baseline -0.016 -10"><span class='ocrx_word' id='word_1_124' title='bbox 520 1707 699 1770; x_wconf 83' lang='lat' dir='ltr'><strong>sabet,</strong></span> <span class='ocrx_word' id='word_1_125' title='bbox 737 1718 858 1774; x_wconf 76' lang='lat' dir='ltr'><strong>qua:</strong></span> <span class='ocrx_word' id='word_1_126' title='bbox 883 1700 1149 1756; x_wconf 88' lang='lat' dir='ltr'><strong>Joannem</strong></span> <span class='ocrx_word' id='word_1_127' title='bbox 1177 1695 1482 1765; x_wconf 86' lang='lat' dir='ltr'><strong>Baptistam</strong></span> <span class='ocrx_word' id='word_1_128' title='bbox 1524 1690 1776 1761; x_wconf 83' lang='lat' dir='ltr'><strong>gestavit,</strong></span> <span class='ocrx_word' id='word_1_129' title='bbox 1812 1687 2096 1742; x_wconf 89' lang='lat' dir='ltr'><strong>incredulo</strong></span> 
     </span>
    </p>
   </div>
   <div class='ocr_carea' id='block_1_20' title="bbox 2195 495 3781 571">
    <p class='ocr_par' dir='ltr' id='par_1_20' title="bbox 2195 495 3781 571">
     <span class='ocr_line' id='line_1_20' title="bbox 2195 495 3781 571; baseline -0.004 -17"><span class='ocrx_word' id='word_1_130' title='bbox 2195 518 2331 571; x_wconf 87' lang='grc' dir='ltr'>τητα</span> <span class='ocrx_word' id='word_1_131' title='bbox 2375 497 2732 561; x_wconf 76' lang='grc' dir='ltr'>ἀνακαινίζει,</span> <span class='ocrx_word' id='word_1_132' title='bbox 2789 496 2882 550; x_wconf 79' lang='grc' dir='ltr'><strong>καὶ</strong></span> <span class='ocrx_word' id='word_1_133' title='bbox 2924 497 3024 566; x_wconf 84' lang='grc' dir='ltr'>τὴν</span> <span class='ocrx_word' id='word_1_134' title='bbox 3068 495 3168 566; x_wconf 80' lang='grc' dir='ltr'>τῆς</span> <span class='ocrx_word' id='word_1_135' title='bbox 3223 495 3435 564; x_wconf 87' lang='grc' dir='ltr'>φύσεως</span> <span class='ocrx_word' id='word_1_136' title='bbox 3489 495 3781 568; x_wconf 79' lang='grc' dir='ltr'>στείρωσιν</span> 
     </span>
    </p>
   </div>
   <div class='ocr_carea' id='block_1_21' title="bbox 2171 587 3779 666">
    <p class='ocr_par' dir='ltr' id='par_1_21' title="bbox 2171 587 3779 666">
     <span class='ocr_line' id='line_1_21' title="bbox 2171 587 3779 666; baseline -0.004 -20"><span class='ocrx_word' id='word_1_137' title='bbox 2171 587 2520 666; x_wconf 83' lang='grc' dir='ltr'>διορθοῦται.</span> <span class='ocrx_word' id='word_1_138' title='bbox 2552 592 2663 645; x_wconf 73' lang='grc' dir='ltr'><strong>Καὶ</strong></span> <span class='ocrx_word' id='word_1_139' title='bbox 2696 592 2958 662; x_wconf 87' lang='grc' dir='ltr'>μαρτυρεῖ</span> <span class='ocrx_word' id='word_1_140' title='bbox 2990 606 3088 660; x_wconf 89' lang='grc' dir='ltr'><strong>μου</strong></span> <span class='ocrx_word' id='word_1_141' title='bbox 3109 589 3188 660; x_wconf 83' lang='grc' dir='ltr'>τῷ</span> <span class='ocrx_word' id='word_1_142' title='bbox 3211 589 3355 658; x_wconf 81' lang='grc' dir='ltr'>λόγῳ</span> <span class='ocrx_word' id='word_1_143' title='bbox 3381 591 3414 660; x_wconf 83' lang='grc' dir='ltr'>ἠ</span> <span class='ocrx_word' id='word_1_144' title='bbox 3442 589 3666 658; x_wconf 74' lang='grc' dir='ltr'>γαμετὴ</span> <span class='ocrx_word' id='word_1_145' title='bbox 3690 591 3779 641; x_wconf 69' lang='grc' dir='ltr'><strong>τοῦ</strong></span> 
     </span>
    </p>
   </div>
   <div class='ocr_carea' id='block_1_22' title="bbox 2199 681 3780 758">
    <p class='ocr_par' dir='ltr' id='par_1_22' title="bbox 2199 681 3780 758">
     <span class='ocr_line' id='line_1_22' title="bbox 2199 681 3780 758; baseline -0.005 -19"><span class='ocrx_word' id='word_1_146' title='bbox 2199 687 2391 758; x_wconf 78' lang='grc' dir='ltr'>ἱερέως</span> <span class='ocrx_word' id='word_1_147' title='bbox 2449 685 2743 754; x_wconf 78' lang='grc' dir='ltr'>Ζαχαρίου,</span> <span class='ocrx_word' id='word_1_148' title='bbox 2787 681 3089 745; x_wconf 75' lang='grc' dir='ltr'>Ἐλισάὸετ,</span> <span class='ocrx_word' id='word_1_149' title='bbox 3125 684 3158 750; x_wconf 85' lang='grc' dir='ltr'>ἡ</span> <span class='ocrx_word' id='word_1_150' title='bbox 3204 682 3278 752; x_wconf 83' lang='grc' dir='ltr'>μὴ</span> <span class='ocrx_word' id='word_1_151' title='bbox 3319 682 3600 749; x_wconf 85' lang='grc' dir='ltr'>γελάσασα</span> <span class='ocrx_word' id='word_1_152' title='bbox 3643 681 3780 732; x_wconf 77' lang='grc' dir='ltr'><strong>κατά</strong></span> 
     </span>
    </p>
   </div>
   <div class='ocr_carea' id='block_1_23' title="bbox 2193 773 3781 850">
    <p class='ocr_par' dir='ltr' id='par_1_23' title="bbox 2193 773 3781 850">
     <span class='ocr_line' id='line_1_23' title="bbox 2193 773 3781 850; baseline -0.004 -20"><span class='ocrx_word' id='word_1_153' title='bbox 2193 779 2294 850; x_wconf 81' lang='grc' dir='ltr'><strong>τὴν</strong></span> <span class='ocrx_word' id='word_1_154' title='bbox 2335 779 2572 849; x_wconf 71' lang='grc' dir='ltr'>Σάρραν,</span> <span class='ocrx_word' id='word_1_155' title='bbox 2612 776 2746 829; x_wconf 77' lang='grc' dir='ltr'>ἀλλὰ</span> <span class='ocrx_word' id='word_1_156' title='bbox 2800 775 3138 828; x_wconf 84' lang='grc' dir='ltr'><strong>πιστεύσασα</strong></span> <span class='ocrx_word' id='word_1_157' title='bbox 3178 773 3318 826; x_wconf 89' lang='grc' dir='ltr'><strong>κατά</strong></span> <span class='ocrx_word' id='word_1_158' title='bbox 3351 773 3448 844; x_wconf 81' lang='grc' dir='ltr'><strong>τὴν</strong></span> <span class='ocrx_word' id='word_1_159' title='bbox 3486 774 3716 834; x_wconf 80' lang='grc' dir='ltr'>Ἀνναν,</span> <span class='ocrx_word' id='word_1_160' title='bbox 3750 775 3781 841; x_wconf 86' lang='grc' dir='ltr'><strong>ή</strong></span> 
     </span>
    </p>
   </div>
   <div class='ocr_carea' id='block_1_24' title="bbox 2194 863 3778 937">
    <p class='ocr_par' dir='ltr' id='par_1_24' title="bbox 2194 863 3778 937">
     <span class='ocr_line' id='line_1_24' title="bbox 2194 863 3778 937; baseline -0.003 -17"><span class='ocrx_word' id='word_1_161' title='bbox 2194 871 2308 930; x_wconf 86' lang='grc' dir='ltr'>τοῖς</span> <span class='ocrx_word' id='word_1_162' title='bbox 2329 866 2753 937; x_wconf 83' lang='grc' dir='ltr'>κεχαλασμένοις</span> <span class='ocrx_word' id='word_1_163' title='bbox 2785 866 2998 936; x_wconf 84' lang='grc' dir='ltr'>μέλεσιν</span> <span class='ocrx_word' id='word_1_164' title='bbox 3025 866 3100 928; x_wconf 81' lang='grc' dir='ltr'>ὡς</span> <span class='ocrx_word' id='word_1_165' title='bbox 3125 865 3277 927; x_wconf 85' lang='grc' dir='ltr'>ἀετὸς</span> <span class='ocrx_word' id='word_1_166' title='bbox 3309 863 3778 916; x_wconf 63' lang='grc' dir='ltr'>ἀνακαιπδισθεῖσα·</span> 
     </span>
    </p>
   </div>
   <div class='ocr_carea' id='block_1_25' title="bbox 2196 953 3787 1028">
    <p class='ocr_par' dir='ltr' id='par_1_25' title="bbox 2196 953 3787 1028">
     <span class='ocr_line' id='line_1_25' title="bbox 2196 953 3787 1028; baseline -0.004 -18"><span class='ocrx_word' id='word_1_167' title='bbox 2196 957 2402 1010; x_wconf 86' lang='grc' dir='ltr'>ἐπωλοτ</span> <span class='ocrx_word' id='word_1_168' title='bbox 2413 957 2610 1028; x_wconf 85' lang='grc' dir='ltr'>ρόφησε</span> <span class='ocrx_word' id='word_1_169' title='bbox 2627 955 2734 1026; x_wconf 78' lang='grc' dir='ltr'><strong>γάρ</strong></span> <span class='ocrx_word' id='word_1_170' title='bbox 2750 954 2912 1007; x_wconf 83' lang='grc' dir='ltr'>παῖδα</span> <span class='ocrx_word' id='word_1_171' title='bbox 2927 953 3395 1024; x_wconf 82' lang='grc' dir='ltr'>γνώριμον,αἱδέσι</span> <span class='ocrx_word' id='word_1_172' title='bbox 3404 953 3644 1022; x_wconf 87' lang='grc' dir='ltr'>μον,τῶν</span> <span class='ocrx_word' id='word_1_173' title='bbox 3661 953 3787 1022; x_wconf 81' lang='grc' dir='ltr'>ἰορ-</span> 
     </span>
    </p>
   </div>
   <div class='ocr_carea' id='block_1_26' title="bbox 2196 1044 3783 1118">
    <p class='ocr_par' dir='ltr' id='par_1_26' title="bbox 2196 1044 3783 1118">
     <span class='ocr_line' id='line_1_26' title="bbox 2196 1044 3783 1118; baseline -0.003 -19"><span class='ocrx_word' id='word_1_174' title='bbox 2196 1046 2420 1100; x_wconf 87' lang='grc' dir='ltr'>δανείων</span> <span class='ocrx_word' id='word_1_175' title='bbox 2442 1046 2669 1118; x_wconf 81' lang='grc' dir='ltr'>ῥείθρων</span> <span class='ocrx_word' id='word_1_176' title='bbox 2691 1044 3212 1114; x_wconf 87' lang='grc' dir='ltr'>συνόμιλον.“’οντως</span> <span class='ocrx_word' id='word_1_177' title='bbox 3229 1045 3438 1113; x_wconf 79' lang='grc' dir='ltr'><strong>μεγάλη</strong></span> <span class='ocrx_word' id='word_1_178' title='bbox 3452 1046 3511 1096; x_wconf 86' lang='grc' dir='ltr'><strong>ἐν</strong></span> <span class='ocrx_word' id='word_1_179' title='bbox 3529 1044 3783 1111; x_wconf 72' lang='grc' dir='ltr'>γυναιξὶν</span> 
     </span>
    </p>
   </div>
   <div class='ocr_carea' id='block_1_27' title="bbox 2209 1136 3782 1208">
    <p class='ocr_par' dir='ltr' id='par_1_27' title="bbox 2209 1136 3782 1208">
     <span class='ocr_line' id='line_1_27' title="bbox 2209 1136 3782 1208; baseline -0.003 -17"><span class='ocrx_word' id='word_1_180' title='bbox 2209 1138 2510 1201; x_wconf 75' lang='grc' dir='ltr'>Ἐλισάδετ,</span> <span class='ocrx_word' id='word_1_181' title='bbox 2527 1139 2602 1202; x_wconf 82' lang='grc' dir='ltr'>ὡς</span> <span class='ocrx_word' id='word_1_182' title='bbox 2627 1138 2894 1206; x_wconf 82' lang='grc' dir='ltr'>συγγενὴς</span> <span class='ocrx_word' id='word_1_183' title='bbox 2912 1139 3009 1208; x_wconf 82' lang='grc' dir='ltr'>τῆς</span> <span class='ocrx_word' id='word_1_184' title='bbox 3032 1136 3240 1200; x_wconf 77' lang='grc' dir='ltr'>ἐνδόξου</span> <span class='ocrx_word' id='word_1_185' title='bbox 3269 1137 3572 1206; x_wconf 78' lang='grc' dir='ltr'>Παρθένου,</span> <span class='ocrx_word' id='word_1_186' title='bbox 3597 1136 3782 1197; x_wconf 84' lang='grc' dir='ltr'>καθὼς</span> 
     </span>
    </p>
   </div>
   <div class='ocr_carea' id='block_1_28' title="bbox 2196 1226 3782 1300">
    <p class='ocr_par' dir='ltr' id='par_1_28' title="bbox 2196 1226 3782 1300">
     <span class='ocr_line' id='line_1_28' title="bbox 2196 1226 3782 1300; baseline -0.001 -18"><span class='ocrx_word' id='word_1_187' title='bbox 2196 1230 2391 1300; x_wconf 68' lang='grc' dir='ltr'>ἢκουες</span> <span class='ocrx_word' id='word_1_188' title='bbox 2428 1229 2562 1300; x_wconf 78' lang='lat'><strong>(50&#39;)</strong></span> <span class='ocrx_word' id='word_1_189' title='bbox 2584 1228 2784 1297; x_wconf 84' lang='grc' dir='ltr'>ἀρτίως</span> <span class='ocrx_word' id='word_1_190' title='bbox 2821 1229 2915 1280; x_wconf 81' lang='grc' dir='ltr'><strong>τοῦ</strong></span> <span class='ocrx_word' id='word_1_191' title='bbox 2946 1226 3182 1297; x_wconf 77' lang='grc' dir='ltr'>Γαϐριὴλ</span> <span class='ocrx_word' id='word_1_192' title='bbox 3217 1229 3353 1298; x_wconf 83' lang='grc' dir='ltr'>πρὸς</span> <span class='ocrx_word' id='word_1_193' title='bbox 3388 1228 3487 1298; x_wconf 79' lang='grc' dir='ltr'><strong>τὴν</strong></span> <span class='ocrx_word' id='word_1_194' title='bbox 3503 1227 3782 1299; x_wconf 74' lang='grc' dir='ltr'>Παρθένον</span> 
     </span>
    </p>
   </div>
   <div class='ocr_carea' id='block_1_29' title="bbox 2197 1319 3783 1390">
    <p class='ocr_par' dir='ltr' id='par_1_29' title="bbox 2197 1319 3783 1390">
     <span class='ocr_line' id='line_1_29' title="bbox 2197 1319 3783 1390; baseline 0.001 -18"><span class='ocrx_word' id='word_1_195' title='bbox 2197 1320 2464 1389; x_wconf 71' lang='grc' dir='ltr'>λὲγοντος·</span> <span class='ocrx_word' id='word_1_196' title='bbox 2503 1339 2520 1370; x_wconf 75' lang='grc' dir='ltr'><strong>ε</strong></span> <span class='ocrx_word' id='word_1_197' title='bbox 2545 1321 2653 1372; x_wconf 80' lang='grc' dir='ltr'>Καὶ</span> <span class='ocrx_word' id='word_1_198' title='bbox 2693 1321 2801 1373; x_wconf 78' lang='grc' dir='ltr'>ἰδοὺ</span> <span class='ocrx_word' id='word_1_199' title='bbox 2836 1319 3172 1390; x_wconf 75' lang='grc' dir='ltr'>Ἐλισάϐετή</span> <span class='ocrx_word' id='word_1_200' title='bbox 3207 1323 3474 1390; x_wconf 85' lang='grc' dir='ltr'>συγγενής</span> <span class='ocrx_word' id='word_1_201' title='bbox 3508 1339 3630 1376; x_wconf 89' lang='grc' dir='ltr'>σου.</span> <span class='ocrx_word' id='word_1_202' title='bbox 3667 1343 3686 1373; x_wconf 76' lang='grc' dir='ltr'><strong>ι</strong></span> <span class='ocrx_word' id='word_1_203' title='bbox 3723 1325 3783 1374; x_wconf 82' lang='grc' dir='ltr'>Ὢ</span> 
     </span>
    </p>
   </div>
   <div class='ocr_carea' id='block_1_30' title="bbox 2197 1409 3782 1484">
    <p class='ocr_par' dir='ltr' id='par_1_30' title="bbox 2197 1409 3782 1484">
     <span class='ocr_line' id='line_1_30' title="bbox 2197 1409 3782 1484; baseline 0.001 -21"><span class='ocrx_word' id='word_1_204' title='bbox 2197 1411 2444 1478; x_wconf 82' lang='grc' dir='ltr'>εὐγένεια</span> <span class='ocrx_word' id='word_1_205' title='bbox 2468 1410 2685 1478; x_wconf 74' lang='grc' dir='ltr'>γένουςί</span> <span class='ocrx_word' id='word_1_206' title='bbox 2726 1409 2769 1462; x_wconf 80' lang='grc' dir='ltr'>ὢ</span> <span class='ocrx_word' id='word_1_207' title='bbox 2793 1411 3021 1480; x_wconf 75' lang='grc' dir='ltr'>ἄσκησις</span> <span class='ocrx_word' id='word_1_208' title='bbox 3046 1411 3360 1474; x_wconf 73' lang='grc' dir='ltr'>εύλαϐείαςῑ</span> <span class='ocrx_word' id='word_1_209' title='bbox 3393 1411 3438 1463; x_wconf 79' lang='grc' dir='ltr'>ὦ</span> <span class='ocrx_word' id='word_1_210' title='bbox 3465 1414 3782 1484; x_wconf 72' lang='grc' dir='ltr'>καθαρότης</span> 
     </span>
    </p>
   </div>
   <div class='ocr_carea' id='block_1_31' title="bbox 2199 1501 3786 1576">
    <p class='ocr_par' dir='ltr' id='par_1_31' title="bbox 2199 1501 3786 1576">
     <span class='ocr_line' id='line_1_31' title="bbox 2199 1501 3786 1576; baseline 0.003 -22"><span class='ocrx_word' id='word_1_211' title='bbox 2199 1501 2348 1572; x_wconf 73' lang='grc' dir='ltr'>βίουῐ</span> <span class='ocrx_word' id='word_1_212' title='bbox 2377 1501 2422 1552; x_wconf 86' lang='grc' dir='ltr'><strong>ὣ</strong></span> <span class='ocrx_word' id='word_1_213' title='bbox 2451 1502 2640 1569; x_wconf 80' lang='grc' dir='ltr'>ἁγνεία</span> <span class='ocrx_word' id='word_1_214' title='bbox 2664 1501 2913 1571; x_wconf 85' lang='grc' dir='ltr'>σώματος</span> <span class='ocrx_word' id='word_1_215' title='bbox 2937 1504 2949 1554; x_wconf 95' lang='lat'><strong>!</strong></span> <span class='ocrx_word' id='word_1_216' title='bbox 2973 1501 3018 1554; x_wconf 84' lang='grc' dir='ltr'><strong>ὣ</strong></span> <span class='ocrx_word' id='word_1_217' title='bbox 3049 1502 3322 1569; x_wconf 77' lang='grc' dir='ltr'>θεοφίλεια</span> <span class='ocrx_word' id='word_1_218' title='bbox 3358 1504 3565 1575; x_wconf 67' lang='grc' dir='ltr'>ψυχῆςῑ</span> <span class='ocrx_word' id='word_1_219' title='bbox 3611 1506 3660 1558; x_wconf 84' lang='grc' dir='ltr'><strong>ὣ</strong></span> <span class='ocrx_word' id='word_1_220' title='bbox 3694 1526 3786 1576; x_wconf 81' lang='grc' dir='ltr'>μυ-</span> 
     </span>
    </p>
   </div>
   <div class='ocr_carea' id='block_1_32' title="bbox 2201 1592 3787 1666">
    <p class='ocr_par' dir='ltr' id='par_1_32' title="bbox 2201 1592 3787 1666">
     <span class='ocr_line' id='line_1_32' title="bbox 2201 1592 3787 1666; baseline 0.003 -21"><span class='ocrx_word' id='word_1_221' title='bbox 2201 1593 2413 1664; x_wconf 84' lang='grc' dir='ltr'>ροδόχον</span> <span class='ocrx_word' id='word_1_222' title='bbox 2437 1592 2655 1655; x_wconf 77' lang='grc' dir='ltr'>σκεῦοςί</span> <span class='ocrx_word' id='word_1_223' title='bbox 2687 1593 2795 1663; x_wconf 83' lang='grc' dir='ltr'>Τὴν</span> <span class='ocrx_word' id='word_1_224' title='bbox 2827 1592 2967 1646; x_wconf 81' lang='grc' dir='ltr'>Εὕαν</span> <span class='ocrx_word' id='word_1_225' title='bbox 2993 1595 3308 1665; x_wconf 78' lang='grc' dir='ltr'>ἐπτέρνισεν</span> <span class='ocrx_word' id='word_1_226' title='bbox 3327 1597 3354 1648; x_wconf 90' lang='lat'><strong>6</strong></span> <span class='ocrx_word' id='word_1_227' title='bbox 3381 1596 3522 1665; x_wconf 76' lang='grc' dir='ltr'>ὄφις·</span> <span class='ocrx_word' id='word_1_228' title='bbox 3543 1599 3612 1666; x_wconf 79' lang='grc' dir='ltr'>τῇ</span> <span class='ocrx_word' id='word_1_229' title='bbox 3646 1599 3787 1650; x_wconf 84' lang='grc' dir='ltr'>Ἐλι-</span> 
     </span>
    </p>
   </div>
   <div class='ocr_carea' id='block_1_33' title="bbox 2201 1683 3782 1760">
    <p class='ocr_par' dir='ltr' id='par_1_33' title="bbox 2201 1683 3782 1760">
     <span class='ocr_line' id='line_1_33' title="bbox 2201 1683 3782 1760; baseline 0.004 -25"><span class='ocrx_word' id='word_1_230' title='bbox 2201 1683 2364 1736; x_wconf 78' lang='grc' dir='ltr'>σάὸετ</span> <span class='ocrx_word' id='word_1_231' title='bbox 2391 1686 2460 1736; x_wconf 75' lang='grc' dir='ltr'><strong>τά</strong></span> <span class='ocrx_word' id='word_1_232' title='bbox 2492 1685 2738 1754; x_wconf 81' lang='grc' dir='ltr'>βέλτιστα</span> <span class='ocrx_word' id='word_1_233' title='bbox 2763 1687 2790 1736; x_wconf 97' lang='lat'><strong>6</strong></span> <span class='ocrx_word' id='word_1_234' title='bbox 2820 1685 3066 1755; x_wconf 84' lang='grc' dir='ltr'>ἄγγελος.</span> <span class='ocrx_word' id='word_1_235' title='bbox 3105 1689 3311 1751; x_wconf 89' lang='grc' dir='ltr'><strong>Ὄντως</strong></span> <span class='ocrx_word' id='word_1_236' title='bbox 3346 1689 3552 1760; x_wconf 85' lang='grc' dir='ltr'>μεγάλη</span> <span class='ocrx_word' id='word_1_237' title='bbox 3589 1692 3654 1741; x_wconf 83' lang='grc' dir='ltr'><strong>ἐν</strong></span> <span class='ocrx_word' id='word_1_238' title='bbox 3687 1708 3782 1756; x_wconf 60' lang='lat' dir='ltr'><strong>yn-</strong></span> 
     </span>
    </p>
   </div>
   <div class='ocr_carea' id='block_1_34' title="bbox 520 1755 2093 1863">
    <p class='ocr_par' dir='ltr' id='par_1_34' title="bbox 520 1755 2093 1863">
     <span class='ocr_line' id='line_1_34' title="bbox 520 1755 2093 1863; baseline -0.015 -9"><span class='ocrx_word' id='word_1_239' title='bbox 520 1755 802 1853; x_wconf 39' lang='lat' dir='ltr'><strong>Zacharijae</strong></span> <span class='ocrx_word' id='word_1_240' title='bbox 834 1789 1217 1863; x_wconf 80' lang='lat' dir='ltr'><strong>exprobravit!</strong></span> <span class='ocrx_word' id='word_1_241' title='bbox 1253 1755 1411 1854; x_wconf 52' lang='lat' dir='ltr'><strong>Quod</strong></span> <span class='ocrx_word' id='word_1_242' title='bbox 1437 1755 1617 1863; x_wconf 71' lang='lat' dir='ltr'><strong>autem</strong></span> <span class='ocrx_word' id='word_1_243' title='bbox 1652 1780 1969 1835; x_wconf 86' lang='lat' dir='ltr'><strong>incredulus</strong></span> <span class='ocrx_word' id='word_1_244' title='bbox 1993 1777 2093 1831; x_wconf 85' lang='lat' dir='ltr'><strong>Za-</strong></span> 
     </span>
    </p>
   </div>
   <div class='ocr_carea' id='block_1_35' title="bbox 2198 1755 3785 1863">
    <p class='ocr_par' dir='ltr' id='par_1_35' title="bbox 2198 1755 3785 1850">
     <span class='ocr_line' id='line_1_35' title="bbox 2198 1755 3785 1850; baseline -0.024 -25"><span class='ocrx_word' id='word_1_245' title='bbox 2198 1771 2369 1837; x_wconf 69' lang='grc' dir='ltr'>ναιξὶν</span> <span class='ocrx_word' id='word_1_246' title='bbox 2399 1772 2698 1836; x_wconf 80' lang='grc' dir='ltr'>Ἐλισάϐετ,</span> <span class='ocrx_word' id='word_1_247' title='bbox 2736 1775 2767 1843; x_wconf 80' lang='grc' dir='ltr'><strong>ἡ</strong></span> <span class='ocrx_word' id='word_1_248' title='bbox 2797 1777 2890 1827; x_wconf 78' lang='grc' dir='ltr'>καὶ</span> <span class='ocrx_word' id='word_1_249' title='bbox 2926 1775 3017 1828; x_wconf 90' lang='grc' dir='ltr'><strong>τὸν</strong></span> <span class='ocrx_word' id='word_1_250' title='bbox 3058 1777 3365 1849; x_wconf 74' lang='grc' dir='ltr'>Βαπτιστὴν</span> <span class='ocrx_word' id='word_1_251' title='bbox 3397 1779 3657 1850; x_wconf 64' lang='grc' dir='ltr'><strong>Ἰωάννην</strong></span> <span class='ocrx_word' id='word_1_252' title='bbox 3694 1755 3785 1850; x_wconf 46' lang='lat' dir='ltr'><strong>3a-</strong></span> 
     </span>
    </p>
   </div>
   <div class='ocr_carea' id='block_1_36' title="bbox 521 1858 2096 1946">
    <p class='ocr_par' dir='ltr' id='par_1_36' title="bbox 521 1858 2096 1946">
     <span class='ocr_line' id='line_1_36' title="bbox 521 1858 2096 1946; baseline -0.014 -3"><span class='ocrx_word' id='word_1_253' title='bbox 521 1888 743 1943; x_wconf 90' lang='lat' dir='ltr'><strong>charias</strong></span> <span class='ocrx_word' id='word_1_254' title='bbox 785 1883 1215 1940; x_wconf 88' lang='lat' dir='ltr'><strong>imbecillitatem</strong></span> <span class='ocrx_word' id='word_1_255' title='bbox 1265 1858 1536 1946; x_wconf 74' lang='lat' dir='ltr'><strong>corporis,</strong></span> <span class='ocrx_word' id='word_1_256' title='bbox 1587 1872 1683 1928; x_wconf 88' lang='lat' dir='ltr'><strong>Dei</strong></span> <span class='ocrx_word' id='word_1_257' title='bbox 1728 1870 2096 1941; x_wconf 89' lang='lat' dir='ltr'><strong>promissione</strong></span> 
     </span>
    </p>
   </div>
   <div class='ocr_carea' id='block_1_37' title="bbox 521 1962 2091 2054">
    <p class='ocr_par' dir='ltr' id='par_1_37' title="bbox 521 1962 2091 2054">
     <span class='ocr_line' id='line_1_37' title="bbox 521 1962 2091 2054; baseline -0.015 -17"><span class='ocrx_word' id='word_1_258' title='bbox 521 1982 614 2054; x_wconf 88' lang='lat' dir='ltr'><strong>(ad</strong></span> <span class='ocrx_word' id='word_1_259' title='bbox 650 1973 1113 2051; x_wconf 89' lang='lat' dir='ltr'><strong>persuadendum)</strong></span> <span class='ocrx_word' id='word_1_260' title='bbox 1149 1969 1445 2025; x_wconf 77' lang='lat' dir='ltr'><strong>firmiorem</strong></span> <span class='ocrx_word' id='word_1_261' title='bbox 1481 1982 1602 2022; x_wconf 88' lang='lat' dir='ltr'><strong>esse</strong></span> <span class='ocrx_word' id='word_1_262' title='bbox 1654 1965 1952 2018; x_wconf 86' lang='lat' dir='ltr'><strong>arbitratus</strong></span> <span class='ocrx_word' id='word_1_263' title='bbox 1999 1962 2091 2025; x_wconf 89' lang='lat' dir='ltr'><strong>sit,</strong></span> 
     </span>
    </p>
   </div>
   <div class='ocr_carea' id='block_1_38' title="bbox 523 2055 2090 2142">
    <p class='ocr_par' dir='ltr' id='par_1_38' title="bbox 523 2055 2090 2142">
     <span class='ocr_line' id='line_1_38' title="bbox 523 2055 2090 2142; baseline -0.014 -14"><span class='ocrx_word' id='word_1_264' title='bbox 523 2074 728 2130; x_wconf 84' lang='lat' dir='ltr'><strong>audisti</strong></span> <span class='ocrx_word' id='word_1_265' title='bbox 772 2071 928 2142; x_wconf 90' lang='lat' dir='ltr'><strong>prius</strong></span> <span class='ocrx_word' id='word_1_266' title='bbox 966 2083 1035 2123; x_wconf 79' lang='lat' dir='ltr'><strong>ex</strong></span> <span class='ocrx_word' id='word_1_267' title='bbox 1076 2066 1180 2119; x_wconf 90' lang='lat' dir='ltr'><strong>hac</strong></span> <span class='ocrx_word' id='word_1_268' title='bbox 1224 2062 1385 2116; x_wconf 72' lang='lat' dir='ltr'><strong>Lucae</strong></span> <span class='ocrx_word' id='word_1_269' title='bbox 1428 2057 1775 2129; x_wconf 86' lang='lat' dir='ltr'><strong>evangelistae</strong></span> <span class='ocrx_word' id='word_1_270' title='bbox 1818 2055 2090 2109; x_wconf 88' lang='lat' dir='ltr'><strong>lectione:</strong></span> 
     </span>
    </p>
   </div>
   <div class='ocr_carea' id='block_1_39' title="bbox 529 2143 2094 2230">
    <p class='ocr_par' dir='ltr' id='par_1_39' title="bbox 529 2143 2094 2230">
     <span class='ocr_line' id='line_1_39' title="bbox 529 2143 2094 2230; baseline -0.017 -9"><span class='ocrx_word' id='word_1_271' title='bbox 529 2187 547 2219; x_wconf 81' lang='grc' dir='ltr'><strong>ι</strong></span> <span class='ocrx_word' id='word_1_272' title='bbox 578 2165 748 2220; x_wconf 90' lang='lat' dir='ltr'><strong>Visus</strong></span> <span class='ocrx_word' id='word_1_273' title='bbox 771 2170 857 2218; x_wconf 87' lang='lat' dir='ltr'><strong>est</strong></span> <span class='ocrx_word' id='word_1_274' title='bbox 886 2161 936 2216; x_wconf 92' lang='lat' dir='ltr'><strong>ei</strong></span> <span class='ocrx_word' id='word_1_275' title='bbox 972 2159 1199 2230; x_wconf 90' lang='lat' dir='ltr'><strong>angelus</strong></span> <span class='ocrx_word' id='word_1_276' title='bbox 1229 2153 1470 2217; x_wconf 90' lang='lat' dir='ltr'><strong>Domini,</strong></span> <span class='ocrx_word' id='word_1_277' title='bbox 1519 2159 1673 2206; x_wconf 91' lang='lat' dir='ltr'><strong>stans</strong></span> <span class='ocrx_word' id='word_1_278' title='bbox 1704 2163 1734 2201; x_wconf 91' lang='lat' dir='ltr'><strong>a</strong></span> <span class='ocrx_word' id='word_1_279' title='bbox 1764 2147 1971 2201; x_wconf 80' lang='lat' dir='ltr'><strong>dextris</strong></span> <span class='ocrx_word' id='word_1_280' title='bbox 2013 2143 2094 2196; x_wconf 91' lang='lat' dir='ltr'><strong>al-</strong></span> 
     </span>
    </p>
   </div>
   <div class='ocr_carea' id='block_1_40' title="bbox 520 2232 2093 2315">
    <p class='ocr_par' dir='ltr' id='par_1_40' title="bbox 520 2232 2093 2315">
     <span class='ocr_line' id='line_1_40' title="bbox 520 2232 2093 2315; baseline -0.016 -4"><span class='ocrx_word' id='word_1_281' title='bbox 520 2258 658 2312; x_wconf 89' lang='lat' dir='ltr'><strong>taris</strong></span> <span class='ocrx_word' id='word_1_282' title='bbox 692 2253 900 2309; x_wconf 87' lang='lat' dir='ltr'><strong>incensi</strong></span> <span class='ocrx_word' id='word_1_283' title='bbox 925 2251 988 2302; x_wconf 72' lang='grc' dir='ltr'><strong>ιι.</strong></span> <span class='ocrx_word' id='word_1_284' title='bbox 1023 2269 1041 2300; x_wconf 73' lang='grc' dir='ltr'><strong>ι</strong></span> <span class='ocrx_word' id='word_1_285' title='bbox 1077 2247 1270 2302; x_wconf 84' lang='lat' dir='ltr'><strong>Modus</strong></span> <span class='ocrx_word' id='word_1_286' title='bbox 1299 2247 1416 2315; x_wconf 89' lang='lat' dir='ltr'><strong>ipse</strong></span> <span class='ocrx_word' id='word_1_287' title='bbox 1456 2240 1685 2298; x_wconf 89' lang='lat' dir='ltr'><strong>visionis</strong></span> <span class='ocrx_word' id='word_1_288' title='bbox 1730 2232 1852 2308; x_wconf 85' lang='lat' dir='ltr'><strong>ejus</strong></span> <span class='ocrx_word' id='word_1_289' title='bbox 1889 2235 2093 2290; x_wconf 91' lang='lat' dir='ltr'><strong>verita-</strong></span> 
     </span>
    </p>
   </div>
   <div class='ocr_carea' id='block_1_41' title="bbox 522 2326 2093 2405">
    <p class='ocr_par' dir='ltr' id='par_1_41' title="bbox 522 2326 2093 2405">
     <span class='ocr_line' id='line_1_41' title="bbox 522 2326 2093 2405; baseline -0.017 0"><span class='ocrx_word' id='word_1_290' title='bbox 522 2361 633 2405; x_wconf 90' lang='lat' dir='ltr'><strong>tem</strong></span> <span class='ocrx_word' id='word_1_291' title='bbox 678 2347 910 2402; x_wconf 84' lang='lat' dir='ltr'><strong>suadere</strong></span> <span class='ocrx_word' id='word_1_292' title='bbox 944 2342 1107 2397; x_wconf 90' lang='lat' dir='ltr'><strong>valet.</strong></span> <span class='ocrx_word' id='word_1_293' title='bbox 1154 2342 1199 2393; x_wconf 87' lang='lat' dir='ltr'><strong>A</strong></span> <span class='ocrx_word' id='word_1_294' title='bbox 1239 2338 1447 2394; x_wconf 79' lang='lat' dir='ltr'><strong>dextris</strong></span> <span class='ocrx_word' id='word_1_295' title='bbox 1490 2334 1714 2404; x_wconf 86' lang='lat' dir='ltr'><strong>angelus</strong></span> <span class='ocrx_word' id='word_1_296' title='bbox 1761 2329 1931 2392; x_wconf 87' lang='lat' dir='ltr'><strong>stetit,</strong></span> <span class='ocrx_word' id='word_1_297' title='bbox 1964 2326 2093 2397; x_wconf 88' lang='lat' dir='ltr'><strong>quia</strong></span> 
     </span>
    </p>
   </div>
   <div class='ocr_carea' id='block_1_42' title="bbox 503 2419 2094 2504">
    <p class='ocr_par' dir='ltr' id='par_1_42' title="bbox 503 2419 2094 2504">
     <span class='ocr_line' id='line_1_42' title="bbox 503 2419 2094 2504; baseline -0.016 -7"><span class='ocrx_word' id='word_1_298' title='bbox 503 2442 712 2497; x_wconf 60' lang='lat' dir='ltr'><strong>dexter</strong></span> <span class='ocrx_word' id='word_1_299' title='bbox 765 2436 1089 2504; x_wconf 81' lang='lat' dir='ltr'><strong>faustusque</strong></span> <span class='ocrx_word' id='word_1_300' title='bbox 1140 2430 1284 2486; x_wconf 86' lang='lat' dir='ltr'><strong>fetus</strong></span> <span class='ocrx_word' id='word_1_301' title='bbox 1318 2429 1537 2483; x_wconf 90' lang='lat' dir='ltr'><strong>futurus</strong></span> <span class='ocrx_word' id='word_1_302' title='bbox 1589 2430 1727 2486; x_wconf 88' lang='lat' dir='ltr'><strong>erat,</strong></span> <span class='ocrx_word' id='word_1_303' title='bbox 1764 2421 1860 2492; x_wconf 87' lang='lat' dir='ltr'><strong>qui</strong></span> <span class='ocrx_word' id='word_1_304' title='bbox 1905 2419 2094 2473; x_wconf 81' lang='lat' dir='ltr'><strong>dexte-</strong></span> 
     </span>
    </p>
   </div>
   <div class='ocr_carea' id='block_1_43' title="bbox 523 2512 2092 2603">
    <p class='ocr_par' dir='ltr' id='par_1_43' title="bbox 523 2512 2092 2603">
     <span class='ocr_line' id='line_1_43' title="bbox 523 2512 2092 2603; baseline -0.016 -13"><span class='ocrx_word' id='word_1_305' title='bbox 523 2550 640 2589; x_wconf 87' lang='lat' dir='ltr'><strong>ram</strong></span> <span class='ocrx_word' id='word_1_306' title='bbox 684 2531 839 2603; x_wconf 84' lang='lat' dir='ltr'><strong>regni</strong></span> <span class='ocrx_word' id='word_1_307' title='bbox 874 2530 1140 2585; x_wconf 63' lang='lat' dir='ltr'><strong>caelorum</strong></span> <span class='ocrx_word' id='word_1_308' title='bbox 1181 2524 1325 2580; x_wconf 80' lang='lat' dir='ltr'><strong>viam</strong></span> <span class='ocrx_word' id='word_1_309' title='bbox 1369 2519 1712 2592; x_wconf 85' lang='lat' dir='ltr'><strong>praedicaret,</strong></span> <span class='ocrx_word' id='word_1_310' title='bbox 1749 2515 1907 2585; x_wconf 80' lang='lat' dir='ltr'><strong>juxta</strong></span> <span class='ocrx_word' id='word_1_311' title='bbox 1958 2512 2092 2566; x_wconf 88' lang='lat' dir='ltr'><strong>illud</strong></span> 
     </span>
    </p>
   </div>
   <div class='ocr_carea' id='block_1_44' title="bbox 503 2605 2089 2691">
    <p class='ocr_par' dir='ltr' id='par_1_44' title="bbox 503 2605 2089 2691">
     <span class='ocr_line' id='line_1_44' title="bbox 503 2605 2089 2691; baseline -0.017 -7"><span class='ocrx_word' id='word_1_312' title='bbox 503 2628 770 2683; x_wconf 62' lang='lat' dir='ltr'><strong>dictum:</strong></span> <span class='ocrx_word' id='word_1_313' title='bbox 807 2643 825 2676; x_wconf 76' lang='grc' dir='ltr'><strong>ι</strong></span> <span class='ocrx_word' id='word_1_314' title='bbox 854 2621 986 2678; x_wconf 89' lang='lat' dir='ltr'><strong>Vias</strong></span> <span class='ocrx_word' id='word_1_315' title='bbox 1019 2634 1142 2691; x_wconf 63' lang='lat' dir='ltr'><strong>quae</strong></span> <span class='ocrx_word' id='word_1_316' title='bbox 1185 2632 1216 2671; x_wconf 92' lang='lat' dir='ltr'><strong>a</strong></span> <span class='ocrx_word' id='word_1_317' title='bbox 1271 2614 1482 2671; x_wconf 77' lang='lat' dir='ltr'><strong>dextris</strong></span> <span class='ocrx_word' id='word_1_318' title='bbox 1535 2617 1664 2666; x_wconf 91' lang='lat' dir='ltr'><strong>sunt</strong></span> <span class='ocrx_word' id='word_1_319' title='bbox 1709 2609 1862 2663; x_wconf 88' lang='lat' dir='ltr'><strong>novit</strong></span> <span class='ocrx_word' id='word_1_320' title='bbox 1904 2605 2089 2660; x_wconf 90' lang='lat' dir='ltr'><strong>Deus:</strong></span> 
     </span>
    </p>
   </div>
   <div class='ocr_carea' id='block_1_45' title="bbox 508 2695 2094 2790">
    <p class='ocr_par' dir='ltr' id='par_1_45' title="bbox 508 2695 2094 2790">
     <span class='ocr_line' id='line_1_45' title="bbox 508 2695 2094 2790; baseline -0.016 -14"><span class='ocrx_word' id='word_1_321' title='bbox 508 2732 793 2790; x_wconf 65' lang='lat' dir='ltr'><strong>«perversae</strong></span> <span class='ocrx_word' id='word_1_322' title='bbox 819 2723 948 2772; x_wconf 90' lang='lat' dir='ltr'><strong>sunt</strong></span> <span class='ocrx_word' id='word_1_323' title='bbox 971 2723 1151 2768; x_wconf 90' lang='lat' dir='ltr'><strong>autem</strong></span> <span class='ocrx_word' id='word_1_324' title='bbox 1178 2725 1297 2781; x_wconf 85' lang='lat' dir='ltr'><strong>quae</strong></span> <span class='ocrx_word' id='word_1_325' title='bbox 1319 2715 1447 2764; x_wconf 90' lang='lat' dir='ltr'><strong>sunt</strong></span> <span class='ocrx_word' id='word_1_326' title='bbox 1468 2721 1500 2760; x_wconf 89' lang='lat' dir='ltr'><strong>a</strong></span> <span class='ocrx_word' id='word_1_327' title='bbox 1525 2700 1764 2760; x_wconf 84' lang='lat' dir='ltr'><strong>sinistris</strong></span> <span class='ocrx_word' id='word_1_328' title='bbox 1789 2701 1854 2756; x_wconf 86' lang='grc'><strong>¹².</strong></span> <span class='ocrx_word' id='word_1_329' title='bbox 1891 2718 1909 2752; x_wconf 76' lang='grc' dir='ltr'><strong>ι</strong></span> <span class='ocrx_word' id='word_1_330' title='bbox 1936 2695 2094 2764; x_wconf 84' lang='lat' dir='ltr'><strong>Quod</strong></span> 
     </span>
    </p>
   </div>
   <div class='ocr_carea' id='block_1_46' title="bbox 516 2793 2092 2865">
    <p class='ocr_par' dir='ltr' id='par_1_46' title="bbox 516 2793 2092 2865">
     <span class='ocr_line' id='line_1_46' title="bbox 516 2793 2092 2865; baseline -0.013 1"><span class='ocrx_word' id='word_1_331' title='bbox 516 2813 602 2865; x_wconf 74' lang='lat' dir='ltr'><strong>ait</strong></span> <span class='ocrx_word' id='word_1_332' title='bbox 629 2825 740 2865; x_wconf 90' lang='lat' dir='ltr'><strong>non</strong></span> <span class='ocrx_word' id='word_1_333' title='bbox 771 2816 832 2864; x_wconf 91' lang='lat' dir='ltr'><strong>ut</strong></span> <span class='ocrx_word' id='word_1_334' title='bbox 869 2807 1085 2862; x_wconf 87' lang='lat' dir='ltr'><strong>viarum</strong></span> <span class='ocrx_word' id='word_1_335' title='bbox 1125 2801 1450 2858; x_wconf 87' lang='lat' dir='ltr'><strong>discrimina</strong></span> <span class='ocrx_word' id='word_1_336' title='bbox 1485 2803 1658 2857; x_wconf 87' lang='lat' dir='ltr'><strong>notet,</strong></span> <span class='ocrx_word' id='word_1_337' title='bbox 1691 2793 1786 2850; x_wconf 90' lang='lat' dir='ltr'><strong>sed</strong></span> <span class='ocrx_word' id='word_1_338' title='bbox 1823 2802 1883 2847; x_wconf 92' lang='lat' dir='ltr'><strong>ut</strong></span> <span class='ocrx_word' id='word_1_339' title='bbox 1912 2806 2092 2846; x_wconf 91' lang='lat' dir='ltr'><strong>mores</strong></span> 
     </span>
    </p>
   </div>
   <div class='ocr_carea' id='block_1_47' title="bbox 525 2883 2090 2959">
    <p class='ocr_par' dir='ltr' id='par_1_47' title="bbox 525 2883 2090 2959">
     <span class='ocr_line' id='line_1_47' title="bbox 525 2883 2090 2959; baseline -0.015 0"><span class='ocrx_word' id='word_1_340' title='bbox 525 2903 829 2959; x_wconf 76' lang='lat' dir='ltr'><strong>adumbrat.</strong></span> <span class='ocrx_word' id='word_1_341' title='bbox 885 2919 904 2951; x_wconf 77' lang='grc' dir='ltr'><strong>ι</strong></span> <span class='ocrx_word' id='word_1_342' title='bbox 935 2897 1100 2953; x_wconf 79' lang='lat' dir='ltr'><strong>Visus</strong></span> <span class='ocrx_word' id='word_1_343' title='bbox 1153 2905 1238 2951; x_wconf 87' lang='lat' dir='ltr'><strong>est</strong></span> <span class='ocrx_word' id='word_1_344' title='bbox 1290 2901 1473 2948; x_wconf 89' lang='lat' dir='ltr'><strong>autem</strong></span> <span class='ocrx_word' id='word_1_345' title='bbox 1519 2883 1569 2945; x_wconf 91' lang='lat' dir='ltr'><strong>ei</strong></span> <span class='ocrx_word' id='word_1_346' title='bbox 1622 2888 1845 2959; x_wconf 84' lang='lat' dir='ltr'><strong>angelus</strong></span> <span class='ocrx_word' id='word_1_347' title='bbox 1875 2883 2090 2939; x_wconf 85' lang='lat' dir='ltr'><strong>Domini</strong></span> 
     </span>
    </p>
   </div>
   <div class='ocr_carea' id='block_1_48' title="bbox 523 2975 2093 3051">
    <p class='ocr_par' dir='ltr' id='par_1_48' title="bbox 523 2975 2093 3051">
     <span class='ocr_line' id='line_1_48' title="bbox 523 2975 2093 3051; baseline -0.015 0"><span class='ocrx_word' id='word_1_348' title='bbox 523 3003 680 3051; x_wconf 86' lang='lat' dir='ltr'><strong>stans</strong></span> <span class='ocrx_word' id='word_1_349' title='bbox 721 3008 752 3046; x_wconf 89' lang='lat' dir='ltr'><strong>a</strong></span> <span class='ocrx_word' id='word_1_350' title='bbox 781 2990 989 3047; x_wconf 82' lang='lat' dir='ltr'><strong>dextris</strong></span> <span class='ocrx_word' id='word_1_351' title='bbox 1026 2987 1216 3042; x_wconf 89' lang='lat' dir='ltr'><strong>altaris</strong></span> <span class='ocrx_word' id='word_1_352' title='bbox 1259 2983 1494 3040; x_wconf 91' lang='lat' dir='ltr'><strong>incensi.</strong></span> <span class='ocrx_word' id='word_1_353' title='bbox 1524 3000 1543 3034; x_wconf 74' lang='grc' dir='ltr'><strong>ι</strong></span> <span class='ocrx_word' id='word_1_354' title='bbox 1576 2980 1813 3035; x_wconf 81' lang='lat' dir='ltr'><strong>Audiant</strong></span> <span class='ocrx_word' id='word_1_355' title='bbox 1854 2977 1949 3047; x_wconf 90' lang='lat' dir='ltr'><strong>qui</strong></span> <span class='ocrx_word' id='word_1_356' title='bbox 1996 2975 2093 3030; x_wconf 84' lang='lat' dir='ltr'><strong>ad-</strong></span> 
     </span>
    </p>
   </div>
   <div class='ocr_carea' id='block_1_49' title="bbox 525 3069 2160 3172">
    <p class='ocr_par' dir='ltr' id='par_1_49' title="bbox 525 3069 2160 3172">
     <span class='ocr_line' id='line_1_49' title="bbox 525 3069 2160 3172; baseline -0.014 -30"><span class='ocrx_word' id='word_1_357' title='bbox 525 3096 675 3151; x_wconf 90' lang='lat' dir='ltr'><strong>sunt,</strong></span> <span class='ocrx_word' id='word_1_358' title='bbox 707 3079 1314 3154; x_wconf 80' lang='lat' dir='ltr'><strong>intelligantquealtari</strong></span> <span class='ocrx_word' id='word_1_359' title='bbox 1346 3083 1529 3132; x_wconf 90' lang='lat' dir='ltr'><strong>astare</strong></span> <span class='ocrx_word' id='word_1_360' title='bbox 1573 3073 1796 3143; x_wconf 88' lang='lat' dir='ltr'><strong>angelos</strong></span> <span class='ocrx_word' id='word_1_361' title='bbox 1822 3087 1835 3123; x_wconf 85' lang='lat'><strong>:</strong></span> <span class='ocrx_word' id='word_1_362' title='bbox 1865 3069 2093 3123; x_wconf 82' lang='lat' dir='ltr'><strong>ubi-au-</strong></span> <span class='ocrx_word' id='word_1_363' title='bbox 2120 3115 2160 3172; x_wconf 62' lang='grc' dir='ltr'>Ο</span> 
     </span>
    </p>
   </div>
   <div class='ocr_carea' id='block_1_50' title="bbox 523 3153 2092 3244">
    <p class='ocr_par' dir='ltr' id='par_1_50' title="bbox 523 3153 2092 3244">
     <span class='ocr_line' id='line_1_50' title="bbox 523 3153 2092 3244; baseline -0.014 -15"><span class='ocrx_word' id='word_1_364' title='bbox 523 3187 632 3229; x_wconf 85' lang='lat' dir='ltr'><strong>tem</strong></span> <span class='ocrx_word' id='word_1_365' title='bbox 664 3153 976 3244; x_wconf 88' lang='lat' dir='ltr'><strong>angelorum</strong></span> <span class='ocrx_word' id='word_1_366' title='bbox 1005 3167 1316 3240; x_wconf 74' lang='lat' dir='ltr'><strong>praesentia,</strong></span> <span class='ocrx_word' id='word_1_367' title='bbox 1348 3165 1424 3218; x_wconf 89' lang='lat' dir='ltr'><strong>ibi</strong></span> <span class='ocrx_word' id='word_1_368' title='bbox 1449 3162 1546 3217; x_wconf 92' lang='lat' dir='ltr'><strong>Dei</strong></span> <span class='ocrx_word' id='word_1_369' title='bbox 1573 3157 1966 3215; x_wconf 88' lang='lat' dir='ltr'><strong>habitaculum.</strong></span> <span class='ocrx_word' id='word_1_370' title='bbox 1997 3153 2092 3208; x_wconf 86' lang='lat' dir='ltr'><strong>Za-</strong></span> 
     </span>
    </p>
   </div>
   <div class='ocr_carea' id='block_1_51' title="bbox 525 3251 2092 3321">
    <p class='ocr_par' dir='ltr' id='par_1_51' title="bbox 525 3251 2092 3321">
     <span class='ocr_line' id='line_1_51' title="bbox 525 3251 2092 3321; baseline -0.013 0"><span class='ocrx_word' id='word_1_371' title='bbox 525 3266 742 3321; x_wconf 82' lang='lat' dir='ltr'><strong>charias</strong></span> <span class='ocrx_word' id='word_1_372' title='bbox 788 3261 1046 3317; x_wconf 87' lang='lat' dir='ltr'><strong>sacerdos</strong></span> <span class='ocrx_word' id='word_1_373' title='bbox 1097 3260 1216 3314; x_wconf 90' lang='lat' dir='ltr'><strong>vice</strong></span> <span class='ocrx_word' id='word_1_374' title='bbox 1257 3271 1358 3312; x_wconf 91' lang='lat' dir='ltr'><strong>sua</strong></span> <span class='ocrx_word' id='word_1_375' title='bbox 1387 3255 1597 3318; x_wconf 83' lang='lat' dir='ltr'><strong>aderat,</strong></span> <span class='ocrx_word' id='word_1_376' title='bbox 1645 3251 1946 3318; x_wconf 91' lang='lat' dir='ltr'><strong>ordineque</strong></span> <span class='ocrx_word' id='word_1_377' title='bbox 1990 3261 2092 3301; x_wconf 92' lang='lat' dir='ltr'><strong>suo</strong></span> 
     </span>
    </p>
   </div>
   <div class='ocr_carea' id='block_1_52' title="bbox 525 3339 2088 3428">
    <p class='ocr_par' dir='ltr' id='par_1_52' title="bbox 525 3339 2088 3428">
     <span class='ocr_line' id='line_1_52' title="bbox 525 3339 2088 3428; baseline -0.012 -16"><span class='ocrx_word' id='word_1_378' title='bbox 525 3372 623 3428; x_wconf 91' lang='lat' dir='ltr'><strong>per</strong></span> <span class='ocrx_word' id='word_1_379' title='bbox 649 3355 918 3425; x_wconf 90' lang='lat' dir='ltr'><strong>quoddam</strong></span> <span class='ocrx_word' id='word_1_380' title='bbox 953 3353 1165 3408; x_wconf 90' lang='lat' dir='ltr'><strong>dierum</strong></span> <span class='ocrx_word' id='word_1_381' title='bbox 1196 3348 1434 3419; x_wconf 88' lang='lat' dir='ltr'><strong>spatium</strong></span> <span class='ocrx_word' id='word_1_382' title='bbox 1463 3346 1727 3400; x_wconf 89' lang='lat' dir='ltr'><strong>intererat</strong></span> <span class='ocrx_word' id='word_1_383' title='bbox 1749 3339 2088 3395; x_wconf 89' lang='lat' dir='ltr'><strong>ministerio:</strong></span> 
     </span>
    </p>
   </div>
   <div class='ocr_carea' id='block_1_53' title="bbox 525 3428 2094 3518">
    <p class='ocr_par' dir='ltr' id='par_1_53' title="bbox 525 3428 2094 3518">
     <span class='ocr_line' id='line_1_53' title="bbox 525 3428 2094 3518; baseline -0.015 -15"><span class='ocrx_word' id='word_1_384' title='bbox 525 3463 702 3518; x_wconf 90' lang='lat' dir='ltr'><strong>neque</strong></span> <span class='ocrx_word' id='word_1_385' title='bbox 747 3459 962 3515; x_wconf 87' lang='lat' dir='ltr'><strong>semper</strong></span> <span class='ocrx_word' id='word_1_386' title='bbox 1002 3457 1068 3498; x_wconf 90' lang='lat' dir='ltr'><strong>eo</strong></span> <span class='ocrx_word' id='word_1_387' title='bbox 1116 3439 1429 3502; x_wconf 89' lang='lat' dir='ltr'><strong>accedebat,</strong></span> <span class='ocrx_word' id='word_1_388' title='bbox 1483 3435 1579 3492; x_wconf 89' lang='lat' dir='ltr'><strong>sed</strong></span> <span class='ocrx_word' id='word_1_389' title='bbox 1617 3435 1737 3487; x_wconf 89' lang='lat' dir='ltr'><strong>vice</strong></span> <span class='ocrx_word' id='word_1_390' title='bbox 1789 3446 1886 3486; x_wconf 91' lang='lat' dir='ltr'><strong>sua</strong></span> <span class='ocrx_word' id='word_1_391' title='bbox 1930 3428 2094 3483; x_wconf 88' lang='lat' dir='ltr'><strong>mini-</strong></span> 
     </span>
    </p>
   </div>
   <div class='ocr_carea' id='block_1_54' title="bbox 527 3525 2092 3616">
    <p class='ocr_par' dir='ltr' id='par_1_54' title="bbox 527 3525 2092 3616">
     <span class='ocr_line' id='line_1_54' title="bbox 527 3525 2092 3616; baseline -0.013 -20"><span class='ocrx_word' id='word_1_392' title='bbox 527 3541 758 3596; x_wconf 89' lang='lat' dir='ltr'><strong>strabat.</strong></span> <span class='ocrx_word' id='word_1_393' title='bbox 781 3537 970 3616; x_wconf 83' lang='lat' dir='ltr'><strong>Angeli</strong></span> <span class='ocrx_word' id='word_1_394' title='bbox 999 3551 1129 3590; x_wconf 87' lang='lat' dir='ltr'><strong>vero</strong></span> <span class='ocrx_word' id='word_1_395' title='bbox 1154 3533 1249 3589; x_wconf 91' lang='lat' dir='ltr'><strong>Dei</strong></span> <span class='ocrx_word' id='word_1_396' title='bbox 1274 3532 1367 3602; x_wconf 91' lang='lat' dir='ltr'><strong>qui</strong></span> <span class='ocrx_word' id='word_1_397' title='bbox 1391 3531 1459 3585; x_wconf 90' lang='lat' dir='ltr'><strong>ad</strong></span> <span class='ocrx_word' id='word_1_398' title='bbox 1481 3530 1654 3583; x_wconf 86' lang='lat' dir='ltr'><strong>altare</strong></span> <span class='ocrx_word' id='word_1_399' title='bbox 1676 3525 1920 3597; x_wconf 91' lang='lat' dir='ltr'><strong>deputati</strong></span> <span class='ocrx_word' id='word_1_400' title='bbox 1942 3529 2092 3588; x_wconf 91' lang='lat' dir='ltr'><strong>sunt,</strong></span> 
     </span>
    </p>
   </div>
   <div class='ocr_carea' id='block_1_55' title="bbox 525 3616 2094 3704">
    <p class='ocr_par' dir='ltr' id='par_1_55' title="bbox 525 3616 2094 3704">
     <span class='ocr_line' id='line_1_55' title="bbox 525 3616 2094 3704; baseline -0.013 -16"><span class='ocrx_word' id='word_1_401' title='bbox 525 3646 870 3704; x_wconf 81' lang='lat' dir='ltr'><strong>nequaquam</strong></span> <span class='ocrx_word' id='word_1_402' title='bbox 906 3645 1000 3701; x_wconf 91' lang='lat' dir='ltr'><strong>per</strong></span> <span class='ocrx_word' id='word_1_403' title='bbox 1026 3628 1176 3682; x_wconf 89' lang='lat' dir='ltr'><strong>vices</strong></span> <span class='ocrx_word' id='word_1_404' title='bbox 1204 3625 1540 3685; x_wconf 88' lang='lat' dir='ltr'><strong>ministrant,</strong></span> <span class='ocrx_word' id='word_1_405' title='bbox 1579 3620 1675 3676; x_wconf 86' lang='lat' dir='ltr'><strong>sed</strong></span> <span class='ocrx_word' id='word_1_406' title='bbox 1705 3626 1866 3672; x_wconf 92' lang='lat' dir='ltr'><strong>nocte</strong></span> <span class='ocrx_word' id='word_1_407' title='bbox 1898 3616 2094 3684; x_wconf 90' lang='lat' dir='ltr'><strong>dieque</strong></span> 
     </span>
    </p>
   </div>
   <div class='ocr_carea' id='block_1_56' title="bbox 525 3709 2094 3780">
    <p class='ocr_par' dir='ltr' id='par_1_56' title="bbox 525 3709 2094 3780">
     <span class='ocr_line' id='line_1_56' title="bbox 525 3709 2094 3780; baseline -0.013 -4"><span class='ocrx_word' id='word_1_408' title='bbox 525 3723 902 3778; x_wconf 88' lang='lat' dir='ltr'><strong>indesinenter</strong></span> <span class='ocrx_word' id='word_1_409' title='bbox 947 3718 1104 3773; x_wconf 92' lang='lat' dir='ltr'><strong>altari</strong></span> <span class='ocrx_word' id='word_1_410' title='bbox 1137 3723 1339 3772; x_wconf 89' lang='lat' dir='ltr'><strong>astant.</strong></span> <span class='ocrx_word' id='word_1_411' title='bbox 1387 3712 1603 3767; x_wconf 88' lang='lat' dir='ltr'><strong>Norunt</strong></span> <span class='ocrx_word' id='word_1_412' title='bbox 1646 3709 1742 3780; x_wconf 92' lang='lat' dir='ltr'><strong>qui</strong></span> <span class='ocrx_word' id='word_1_413' title='bbox 1779 3711 2094 3762; x_wconf 89' lang='lat' dir='ltr'><strong>contemnat</strong></span> 
     </span>
    </p>
   </div>
   <div class='ocr_carea' id='block_1_57' title="bbox 525 3799 2095 3886">
    <p class='ocr_par' dir='ltr' id='par_1_57' title="bbox 525 3799 2095 3886">
     <span class='ocr_line' id='line_1_57' title="bbox 525 3799 2095 3886; baseline -0.014 -15"><span class='ocrx_word' id='word_1_414' title='bbox 525 3825 581 3871; x_wconf 94' lang='lat' dir='ltr'><strong>et</strong></span> <span class='ocrx_word' id='word_1_415' title='bbox 603 3816 699 3886; x_wconf 90' lang='lat' dir='ltr'><strong>qui</strong></span> <span class='ocrx_word' id='word_1_416' title='bbox 727 3829 838 3868; x_wconf 90' lang='lat' dir='ltr'><strong>non</strong></span> <span class='ocrx_word' id='word_1_417' title='bbox 862 3817 1178 3867; x_wconf 83' lang='lat' dir='ltr'><strong>ctmtemnat</strong></span> <span class='ocrx_word' id='word_1_418' title='bbox 1201 3825 1216 3865; x_wconf 89' lang='lat'><strong>:</strong></span> <span class='ocrx_word' id='word_1_419' title='bbox 1244 3806 1414 3878; x_wconf 88' lang='lat' dir='ltr'><strong>probe</strong></span> <span class='ocrx_word' id='word_1_420' title='bbox 1439 3805 1619 3860; x_wconf 89' lang='lat' dir='ltr'><strong>sciunt</strong></span> <span class='ocrx_word' id='word_1_421' title='bbox 1638 3802 1859 3870; x_wconf 91' lang='lat' dir='ltr'><strong>quinam</strong></span> <span class='ocrx_word' id='word_1_422' title='bbox 1889 3799 1976 3869; x_wconf 91' lang='lat' dir='ltr'><strong>pie</strong></span> <span class='ocrx_word' id='word_1_423' title='bbox 2004 3811 2095 3850; x_wconf 92' lang='lat' dir='ltr'><strong>ac-</strong></span> 
     </span>
    </p>
   </div>
   <div class='ocr_carea' id='block_1_58' title="bbox 524 3888 2093 3975">
    <p class='ocr_par' dir='ltr' id='par_1_58' title="bbox 524 3888 2093 3975">
     <span class='ocr_line' id='line_1_58' title="bbox 524 3888 2093 3975; baseline -0.014 -13"><span class='ocrx_word' id='word_1_424' title='bbox 524 3908 742 3971; x_wconf 89' lang='lat' dir='ltr'><strong>cedant,</strong></span> <span class='ocrx_word' id='word_1_425' title='bbox 776 3906 998 3975; x_wconf 91' lang='lat' dir='ltr'><strong>quinam</strong></span> <span class='ocrx_word' id='word_1_426' title='bbox 1029 3902 1175 3956; x_wconf 87' lang='lat' dir='ltr'><strong>haud</strong></span> <span class='ocrx_word' id='word_1_427' title='bbox 1204 3899 1321 3970; x_wconf 87' lang='lat' dir='ltr'><strong>pari</strong></span> <span class='ocrx_word' id='word_1_428' title='bbox 1364 3898 1526 3952; x_wconf 92' lang='lat' dir='ltr'><strong>modo</strong></span> <span class='ocrx_word' id='word_1_429' title='bbox 1573 3899 1862 3949; x_wconf 87' lang='lat' dir='ltr'><strong>accurrant</strong></span> <span class='ocrx_word' id='word_1_430' title='bbox 1888 3909 1902 3944; x_wconf 86' lang='lat'><strong>:</strong></span> <span class='ocrx_word' id='word_1_431' title='bbox 1933 3888 2093 3944; x_wconf 76' lang='lat' dir='ltr'><strong>intel—</strong></span> 
     </span>
    </p>
   </div>
   <div class='ocr_carea' id='block_1_59' title="bbox 527 3981 2096 4071">
    <p class='ocr_par' dir='ltr' id='par_1_59' title="bbox 527 3981 2096 4071">
     <span class='ocr_line' id='line_1_59' title="bbox 527 3981 2096 4071; baseline -0.012 -17"><span class='ocrx_word' id='word_1_432' title='bbox 527 4002 703 4071; x_wconf 83' lang='lat' dir='ltr'><strong>ligunt</strong></span> <span class='ocrx_word' id='word_1_433' title='bbox 735 3998 960 4068; x_wconf 91' lang='lat' dir='ltr'><strong>quinam</strong></span> <span class='ocrx_word' id='word_1_434' title='bbox 989 4001 1139 4049; x_wconf 89' lang='lat' dir='ltr'><strong>recte</strong></span> <span class='ocrx_word' id='word_1_435' title='bbox 1163 3993 1371 4063; x_wconf 90' lang='lat' dir='ltr'><strong>jurent,</strong></span> <span class='ocrx_word' id='word_1_436' title='bbox 1396 3989 1620 4060; x_wconf 92' lang='lat' dir='ltr'><strong>quinam</strong></span> <span class='ocrx_word' id='word_1_437' title='bbox 1651 3986 1965 4057; x_wconf 88' lang='lat' dir='ltr'><strong>perjurent:</strong></span> <span class='ocrx_word' id='word_1_438' title='bbox 1996 3981 2096 4036; x_wconf 88' lang='lat' dir='ltr'><strong>ob-</strong></span> 
     </span>
    </p>
   </div>
   <div class='ocr_carea' id='block_1_60' title="bbox 526 4073 2093 4161">
    <p class='ocr_par' dir='ltr' id='par_1_60' title="bbox 526 4073 2093 4161">
     <span class='ocr_line' id='line_1_60' title="bbox 526 4073 2093 4161; baseline -0.014 -13"><span class='ocrx_word' id='word_1_439' title='bbox 526 4092 744 4161; x_wconf 86' lang='lat' dir='ltr'><strong>signant</strong></span> <span class='ocrx_word' id='word_1_440' title='bbox 774 4103 870 4144; x_wconf 90' lang='lat' dir='ltr'><strong>eos</strong></span> <span class='ocrx_word' id='word_1_441' title='bbox 897 4087 993 4156; x_wconf 91' lang='lat' dir='ltr'><strong>qui</strong></span> <span class='ocrx_word' id='word_1_442' title='bbox 1016 4085 1254 4139; x_wconf 81' lang='lat' dir='ltr'><strong>fructum</strong></span> <span class='ocrx_word' id='word_1_443' title='bbox 1279 4082 1482 4143; x_wconf 86' lang='lat' dir='ltr'><strong>ferunt,</strong></span> <span class='ocrx_word' id='word_1_444' title='bbox 1517 4093 1720 4146; x_wconf 90' lang='lat' dir='ltr'><strong>eosque</strong></span> <span class='ocrx_word' id='word_1_445' title='bbox 1741 4075 1834 4146; x_wconf 91' lang='lat' dir='ltr'><strong>qui</strong></span> <span class='ocrx_word' id='word_1_446' title='bbox 1855 4073 2093 4143; x_wconf 88' lang='lat' dir='ltr'><strong>torpent.</strong></span> 
     </span>
    </p>
   </div>
   <div class='ocr_carea' id='block_1_61' title="bbox 523 4165 2096 4253">
    <p class='ocr_par' dir='ltr' id='par_1_61' title="bbox 523 4165 2096 4253">
     <span class='ocr_line' id='line_1_61' title="bbox 523 4165 2096 4253; baseline -0.011 -16"><span class='ocrx_word' id='word_1_447' title='bbox 523 4185 601 4240; x_wconf 76' lang='lat' dir='ltr'><strong>Ne</strong></span> <span class='ocrx_word' id='word_1_448' title='bbox 643 4192 858 4253; x_wconf 89' lang='lat' dir='ltr'><strong>spectes</strong></span> <span class='ocrx_word' id='word_1_449' title='bbox 890 4181 1064 4234; x_wconf 90' lang='lat' dir='ltr'><strong>altare</strong></span> <span class='ocrx_word' id='word_1_450' title='bbox 1103 4177 1247 4247; x_wconf 92' lang='lat' dir='ltr'><strong>quod</strong></span> <span class='ocrx_word' id='word_1_451' title='bbox 1281 4173 1554 4244; x_wconf 90' lang='lat' dir='ltr'><strong>lapidibus</strong></span> <span class='ocrx_word' id='word_1_452' title='bbox 1599 4172 1670 4226; x_wconf 92' lang='lat' dir='ltr'><strong>sit</strong></span> <span class='ocrx_word' id='word_1_453' title='bbox 1715 4175 1989 4231; x_wconf 90' lang='lat' dir='ltr'><strong>ornatum,</strong></span> <span class='ocrx_word' id='word_1_454' title='bbox 2027 4165 2096 4219; x_wconf 89' lang='lat' dir='ltr'><strong>ab</strong></span> 
     </span>
    </p>
   </div>
   <div class='ocr_carea' id='block_1_62' title="bbox 525 4257 2096 4343">
    <p class='ocr_par' dir='ltr' id='par_1_62' title="bbox 525 4257 2096 4343">
     <span class='ocr_line' id='line_1_62' title="bbox 525 4257 2096 4343; baseline -0.011 -17"><span class='ocrx_word' id='word_1_455' title='bbox 525 4273 735 4343; x_wconf 87' lang='lat' dir='ltr'><strong>angelis</strong></span> <span class='ocrx_word' id='word_1_456' title='bbox 781 4284 1018 4339; x_wconf 89' lang='lat' dir='ltr'><strong>namque</strong></span> <span class='ocrx_word' id='word_1_457' title='bbox 1071 4275 1338 4338; x_wconf 88' lang='lat' dir='ltr'><strong>gestatur,</strong></span> <span class='ocrx_word' id='word_1_458' title='bbox 1377 4264 1444 4317; x_wconf 91' lang='lat' dir='ltr'><strong>ab</strong></span> <span class='ocrx_word' id='word_1_459' title='bbox 1473 4257 1817 4329; x_wconf 87' lang='lat' dir='ltr'><strong>archangelis</strong></span> <span class='ocrx_word' id='word_1_460' title='bbox 1857 4257 2096 4312; x_wconf 81' lang='lat' dir='ltr'><strong>circum-</strong></span> 
     </span>
    </p>
   </div>
   <div class='ocr_carea' id='block_1_63' title="bbox 2199 1863 3786 1938">
    <p class='ocr_par' dir='ltr' id='par_1_63' title="bbox 2199 1863 3786 1938">
     <span class='ocr_line' id='line_1_63' title="bbox 2199 1863 3786 1938; baseline 0.006 -24"><span class='ocrx_word' id='word_1_461' title='bbox 2199 1863 2465 1927; x_wconf 86' lang='grc' dir='ltr'>στάσασα,</span> <span class='ocrx_word' id='word_1_462' title='bbox 2496 1864 2586 1916; x_wconf 71' lang='grc' dir='ltr'><strong>καὶ</strong></span> <span class='ocrx_word' id='word_1_463' title='bbox 2617 1864 2706 1916; x_wconf 88' lang='grc' dir='ltr'><strong>τὸν</strong></span> <span class='ocrx_word' id='word_1_464' title='bbox 2739 1865 2964 1920; x_wconf 80' lang='grc' dir='ltr'>ἄπιστον</span> <span class='ocrx_word' id='word_1_465' title='bbox 2998 1869 3272 1938; x_wconf 66' lang='grc' dir='ltr'>Ζαχαρίαν</span> <span class='ocrx_word' id='word_1_466' title='bbox 3306 1871 3642 1926; x_wconf 87' lang='grc' dir='ltr'>ὀνειδίσασα.</span> <span class='ocrx_word' id='word_1_467' title='bbox 3675 1876 3786 1926; x_wconf 70' lang='grc' dir='ltr'><strong>Καὶ</strong></span> 
     </span>
    </p>
   </div>
   <div class='ocr_carea' id='block_1_64' title="bbox 2195 1953 3784 2033">
    <p class='ocr_par' dir='ltr' id='par_1_64' title="bbox 2195 1953 3784 2033">
     <span class='ocr_line' id='line_1_64' title="bbox 2195 1953 3784 2033; baseline 0.006 -27"><span class='ocrx_word' id='word_1_468' title='bbox 2195 1953 2275 2006; x_wconf 82' lang='grc' dir='ltr'><strong>ὅτι</strong></span> <span class='ocrx_word' id='word_1_469' title='bbox 2306 1953 2532 2016; x_wconf 84' lang='grc' dir='ltr'>ἄπιστος</span> <span class='ocrx_word' id='word_1_470' title='bbox 2555 1953 2825 2024; x_wconf 81' lang='grc' dir='ltr'>Ζαχαρίας</span> <span class='ocrx_word' id='word_1_471' title='bbox 2847 1956 2944 2026; x_wconf 83' lang='grc' dir='ltr'>τὴν</span> <span class='ocrx_word' id='word_1_472' title='bbox 2969 1956 3062 2008; x_wconf 79' lang='grc' dir='ltr'><strong>τοῦ</strong></span> <span class='ocrx_word' id='word_1_473' title='bbox 3098 1957 3346 2028; x_wconf 87' lang='grc' dir='ltr'>σώματος</span> <span class='ocrx_word' id='word_1_474' title='bbox 3377 1961 3669 2015; x_wconf 82' lang='grc' dir='ltr'>ἀσθένειαν</span> <span class='ocrx_word' id='word_1_475' title='bbox 3695 1963 3784 2033; x_wconf 75' lang='grc' dir='ltr'><strong>βεο</strong></span> 
     </span>
    </p>
   </div>
   <div class='ocr_carea' id='block_1_65' title="bbox 2196 2043 3784 2122">
    <p class='ocr_par' dir='ltr' id='par_1_65' title="bbox 2196 2043 3784 2122">
     <span class='ocr_line' id='line_1_65' title="bbox 2196 2043 3784 2122; baseline 0.006 -26"><span class='ocrx_word' id='word_1_476' title='bbox 2196 2044 2483 2113; x_wconf 75' lang='grc' dir='ltr'>ϐαιοτέραν</span> <span class='ocrx_word' id='word_1_477' title='bbox 2536 2043 2637 2113; x_wconf 79' lang='grc' dir='ltr'>τῆς</span> <span class='ocrx_word' id='word_1_478' title='bbox 2680 2043 2775 2096; x_wconf 91' lang='grc' dir='ltr'><strong>τοῦ</strong></span> <span class='ocrx_word' id='word_1_479' title='bbox 2818 2045 2950 2098; x_wconf 91' lang='grc' dir='ltr'>Θεοῦ</span> <span class='ocrx_word' id='word_1_480' title='bbox 2999 2049 3327 2117; x_wconf 77' lang='grc' dir='ltr'>ἐπαγγελίας</span> <span class='ocrx_word' id='word_1_481' title='bbox 3380 2050 3784 2122; x_wconf 78' lang='grc' dir='ltr'>λογισάμενος,</span> 
     </span>
    </p>
   </div>
   <div class='ocr_carea' id='block_1_66' title="bbox 2194 2133 3781 2210">
    <p class='ocr_par' dir='ltr' id='par_1_66' title="bbox 2194 2133 3781 2210">
     <span class='ocr_line' id='line_1_66' title="bbox 2194 2133 3781 2210; baseline 0.007 -25"><span class='ocrx_word' id='word_1_482' title='bbox 2194 2135 2391 2204; x_wconf 73' lang='grc' dir='ltr'>ἤκουες</span> <span class='ocrx_word' id='word_1_483' title='bbox 2415 2137 2480 2203; x_wconf 87' lang='grc' dir='ltr'>τῇ</span> <span class='ocrx_word' id='word_1_484' title='bbox 2507 2133 2746 2204; x_wconf 74' lang='grc' dir='ltr'>προτέρᾳ</span> <span class='ocrx_word' id='word_1_485' title='bbox 2768 2134 2859 2186; x_wconf 91' lang='grc' dir='ltr'><strong>τοῦ</strong></span> <span class='ocrx_word' id='word_1_486' title='bbox 2885 2136 3266 2204; x_wconf 76' lang='grc' dir='ltr'>εὐαγγελιστοῦ</span> <span class='ocrx_word' id='word_1_487' title='bbox 3295 2142 3475 2193; x_wconf 83' lang='grc' dir='ltr'>Λουκᾶ</span> <span class='ocrx_word' id='word_1_488' title='bbox 3501 2141 3781 2210; x_wconf 79' lang='grc' dir='ltr'>λέγοντος·</span> 
     </span>
    </p>
   </div>
   <div class='ocr_carea' id='block_1_67' title="bbox 2201 2225 3784 2306">
    <p class='ocr_par' dir='ltr' id='par_1_67' title="bbox 2201 2225 3784 2306">
     <span class='ocr_line' id='line_1_67' title="bbox 2201 2225 3784 2306; baseline 0.011 -33"><span class='ocrx_word' id='word_1_489' title='bbox 2201 2245 2219 2276; x_wconf 70' lang='grc' dir='ltr'><strong>ε</strong></span> <span class='ocrx_word' id='word_1_490' title='bbox 2235 2227 2409 2297; x_wconf 75' lang='grc' dir='ltr'>Ὠφθη</span> <span class='ocrx_word' id='word_1_491' title='bbox 2425 2226 2479 2278; x_wconf 89' lang='grc' dir='ltr'>δὲ</span> <span class='ocrx_word' id='word_1_492' title='bbox 2497 2225 2643 2296; x_wconf 81' lang='grc' dir='ltr'>αὐτῷ</span> <span class='ocrx_word' id='word_1_493' title='bbox 2659 2227 2885 2294; x_wconf 81' lang='grc' dir='ltr'>ἄγγελος</span> <span class='ocrx_word' id='word_1_494' title='bbox 2899 2228 3121 2299; x_wconf 73' lang='grc' dir='ltr'>Κυρίου,</span> <span class='ocrx_word' id='word_1_495' title='bbox 3141 2231 3204 2282; x_wconf 85' lang='grc' dir='ltr'><strong>ἐκ</strong></span> <span class='ocrx_word' id='word_1_496' title='bbox 3222 2229 3406 2294; x_wconf 80' lang='grc' dir='ltr'>δεξιῶν</span> <span class='ocrx_word' id='word_1_497' title='bbox 3424 2232 3594 2298; x_wconf 85' lang='grc' dir='ltr'>ἑστὼς</span> <span class='ocrx_word' id='word_1_498' title='bbox 3623 2236 3784 2306; x_wconf 69' lang='lat'><strong>(39“)</strong></span> 
     </span>
    </p>
   </div>
   <div class='ocr_carea' id='block_1_68' title="bbox 2194 2319 3776 2395">
    <p class='ocr_par' dir='ltr' id='par_1_68' title="bbox 2194 2319 3776 2395">
     <span class='ocr_line' id='line_1_68' title="bbox 2194 2319 3776 2395; baseline 0.005 -23"><span class='ocrx_word' id='word_1_499' title='bbox 2194 2319 2286 2372; x_wconf 92' lang='grc' dir='ltr'><strong>τοῦ</strong></span> <span class='ocrx_word' id='word_1_500' title='bbox 2308 2319 2693 2390; x_wconf 84' lang='grc' dir='ltr'>θυσιαστηρίου</span> <span class='ocrx_word' id='word_1_501' title='bbox 2708 2320 2802 2371; x_wconf 90' lang='grc' dir='ltr'><strong>τοῦ</strong></span> <span class='ocrx_word' id='word_1_502' title='bbox 2821 2320 3183 2391; x_wconf 83' lang='grc' dir='ltr'>θυμιάματος.</span> <span class='ocrx_word' id='word_1_503' title='bbox 3200 2323 3533 2393; x_wconf 71' lang='grc' dir='ltr'>»Σύμϐουλος</span> <span class='ocrx_word' id='word_1_504' title='bbox 3551 2327 3585 2395; x_wconf 83' lang='grc' dir='ltr'>ὴ</span> <span class='ocrx_word' id='word_1_505' title='bbox 3602 2331 3776 2379; x_wconf 77' lang='grc' dir='ltr'>ὀπτα-</span> 
     </span>
    </p>
   </div>
   <div class='ocr_carea' id='block_1_69' title="bbox 2195 2411 3780 2491">
    <p class='ocr_par' dir='ltr' id='par_1_69' title="bbox 2195 2411 3780 2491">
     <span class='ocr_line' id='line_1_69' title="bbox 2195 2411 3780 2491; baseline 0.006 -28"><span class='ocrx_word' id='word_1_506' title='bbox 2195 2412 2287 2464; x_wconf 90' lang='grc' dir='ltr'><strong>σία</strong></span> <span class='ocrx_word' id='word_1_507' title='bbox 2317 2414 2416 2482; x_wconf 83' lang='grc' dir='ltr'>τῆς</span> <span class='ocrx_word' id='word_1_508' title='bbox 2444 2411 2697 2484; x_wconf 86' lang='grc' dir='ltr'>θεωρίας.</span> <span class='ocrx_word' id='word_1_509' title='bbox 2719 2413 2813 2465; x_wconf 88' lang='grc' dir='ltr'><strong>Ἐκ</strong></span> <span class='ocrx_word' id='word_1_510' title='bbox 2833 2413 3022 2479; x_wconf 80' lang='grc' dir='ltr'>δεξιῶν</span> <span class='ocrx_word' id='word_1_511' title='bbox 3049 2418 3076 2467; x_wconf 94' lang='lat'><strong>6</strong></span> <span class='ocrx_word' id='word_1_512' title='bbox 3097 2413 3327 2483; x_wconf 81' lang='grc' dir='ltr'>ἄγγελος</span> <span class='ocrx_word' id='word_1_513' title='bbox 3354 2418 3558 2483; x_wconf 84' lang='grc' dir='ltr'>ἵστατο,</span> <span class='ocrx_word' id='word_1_514' title='bbox 3587 2421 3780 2491; x_wconf 79' lang='grc' dir='ltr'>ἐπειδὴ</span> 
     </span>
    </p>
   </div>
   <div class='ocr_carea' id='block_1_70' title="bbox 2194 2501 3780 2578">
    <p class='ocr_par' dir='ltr' id='par_1_70' title="bbox 2194 2501 3780 2578">
     <span class='ocr_line' id='line_1_70' title="bbox 2194 2501 3780 2578; baseline 0.005 -24"><span class='ocrx_word' id='word_1_515' title='bbox 2194 2501 2363 2566; x_wconf 80' lang='grc' dir='ltr'>δεξιὸς</span> <span class='ocrx_word' id='word_1_516' title='bbox 2381 2501 2578 2572; x_wconf 76' lang='grc' dir='ltr'>ἤμελλε</span> <span class='ocrx_word' id='word_1_517' title='bbox 2602 2503 2760 2565; x_wconf 86' lang='grc' dir='ltr'>τόκος</span> <span class='ocrx_word' id='word_1_518' title='bbox 2781 2502 3079 2567; x_wconf 81' lang='grc' dir='ltr'>τίκτεσθαι,</span> <span class='ocrx_word' id='word_1_519' title='bbox 3099 2504 3387 2575; x_wconf 79' lang='grc' dir='ltr'>τὴνδεξιὰν</span> <span class='ocrx_word' id='word_1_520' title='bbox 3411 2507 3528 2559; x_wconf 85' lang='grc' dir='ltr'>ὁδὸν</span> <span class='ocrx_word' id='word_1_521' title='bbox 3545 2510 3652 2578; x_wconf 83' lang='grc' dir='ltr'>τῆς</span> <span class='ocrx_word' id='word_1_522' title='bbox 3673 2512 3780 2562; x_wconf 83' lang='grc' dir='ltr'><strong>τῶν</strong></span> 
     </span>
    </p>
   </div>
   <div class='ocr_carea' id='block_1_71' title="bbox 2194 2593 3776 2672">
    <p class='ocr_par' dir='ltr' id='par_1_71' title="bbox 2194 2593 3776 2672">
     <span class='ocr_line' id='line_1_71' title="bbox 2194 2593 3776 2672; baseline 0.006 -28"><span class='ocrx_word' id='word_1_523' title='bbox 2194 2593 2434 2663; x_wconf 76' lang='grc' dir='ltr'>οὐρανῶν</span> <span class='ocrx_word' id='word_1_524' title='bbox 2459 2593 2732 2663; x_wconf 80' lang='grc' dir='ltr'>βασιλείας</span> <span class='ocrx_word' id='word_1_525' title='bbox 2759 2593 3060 2666; x_wconf 80' lang='grc' dir='ltr'>κηρύττων,</span> <span class='ocrx_word' id='word_1_526' title='bbox 3089 2597 3229 2649; x_wconf 84' lang='grc' dir='ltr'>κατὰ</span> <span class='ocrx_word' id='word_1_527' title='bbox 3255 2597 3317 2650; x_wconf 90' lang='grc' dir='ltr'><strong>τὸ</strong></span> <span class='ocrx_word' id='word_1_528' title='bbox 3351 2599 3556 2666; x_wconf 80' lang='grc' dir='ltr'>φάσκον</span> <span class='ocrx_word' id='word_1_529' title='bbox 3590 2604 3776 2672; x_wconf 78' lang='grc' dir='ltr'>ῥητόν·</span> 
     </span>
    </p>
   </div>
   <div class='ocr_carea' id='block_1_72' title="bbox 2202 2681 3779 2762">
    <p class='ocr_par' dir='ltr' id='par_1_72' title="bbox 2202 2681 3779 2762">
     <span class='ocr_line' id='line_1_72' title="bbox 2202 2681 3779 2762; baseline 0.006 -26"><span class='ocrx_word' id='word_1_530' title='bbox 2202 2705 2220 2736; x_wconf 74' lang='grc' dir='ltr'><strong>ι</strong></span> <span class='ocrx_word' id='word_1_531' title='bbox 2243 2686 2421 2748; x_wconf 84' lang='grc' dir='ltr'>Ὁδοὺς</span> <span class='ocrx_word' id='word_1_532' title='bbox 2445 2685 2542 2749; x_wconf 81' lang='grc' dir='ltr'><strong>τάς</strong></span> <span class='ocrx_word' id='word_1_533' title='bbox 2572 2687 2637 2740; x_wconf 87' lang='grc' dir='ltr'><strong>ἐκ</strong></span> <span class='ocrx_word' id='word_1_534' title='bbox 2667 2685 2857 2752; x_wconf 85' lang='grc' dir='ltr'>δεξιῶν</span> <span class='ocrx_word' id='word_1_535' title='bbox 2879 2681 3018 2739; x_wconf 77' lang='grc' dir='ltr'>οἶδεν</span> <span class='ocrx_word' id='word_1_536' title='bbox 3047 2690 3075 2740; x_wconf 92' lang='lat'><strong>6</strong></span> <span class='ocrx_word' id='word_1_537' title='bbox 3099 2689 3247 2751; x_wconf 83' lang='grc' dir='ltr'>Θεός·</span> <span class='ocrx_word' id='word_1_538' title='bbox 3267 2690 3700 2762; x_wconf 81' lang='grc' dir='ltr'>διεστραμ-μέναι</span> <span class='ocrx_word' id='word_1_539' title='bbox 3727 2694 3779 2745; x_wconf 78' lang='grc' dir='ltr'>δὲ</span> 
     </span>
    </p>
   </div>
   <div class='ocr_carea' id='block_1_73' title="bbox 2196 2778 3779 2850">
    <p class='ocr_par' dir='ltr' id='par_1_73' title="bbox 2196 2778 3779 2850">
     <span class='ocr_line' id='line_1_73' title="bbox 2196 2778 3779 2850; baseline 0.005 -20"><span class='ocrx_word' id='word_1_540' title='bbox 2196 2781 2334 2832; x_wconf 77' lang='grc' dir='ltr'>εἰσιν</span> <span class='ocrx_word' id='word_1_541' title='bbox 2356 2781 2411 2831; x_wconf 89' lang='grc' dir='ltr'>αἱ</span> <span class='ocrx_word' id='word_1_542' title='bbox 2435 2778 2493 2843; x_wconf 80' lang='grc' dir='ltr'>ἐξ</span> <span class='ocrx_word' id='word_1_543' title='bbox 2519 2779 2842 2850; x_wconf 81' lang='grc' dir='ltr'>ἀριστερῶν·</span> <span class='ocrx_word' id='word_1_544' title='bbox 2876 2801 2894 2830; x_wconf 73' lang='grc' dir='ltr'><strong>ο</strong></span> <span class='ocrx_word' id='word_1_545' title='bbox 2914 2781 2974 2832; x_wconf 87' lang='grc' dir='ltr'><strong>οὺ</strong></span> <span class='ocrx_word' id='word_1_546' title='bbox 3006 2781 3102 2850; x_wconf 78' lang='grc' dir='ltr'><strong>τὴν</strong></span> <span class='ocrx_word' id='word_1_547' title='bbox 3125 2781 3243 2834; x_wconf 80' lang='grc' dir='ltr'>ὁδὸν</span> <span class='ocrx_word' id='word_1_548' title='bbox 3265 2781 3620 2848; x_wconf 78' lang='grc' dir='ltr'>διαλλάττων,</span> <span class='ocrx_word' id='word_1_549' title='bbox 3647 2785 3779 2838; x_wconf 78' lang='grc' dir='ltr'><strong>ἀλλά</strong></span> 
     </span>
    </p>
   </div>
   <div class='ocr_carea' id='block_1_74' title="bbox 2193 2871 3783 2944">
    <p class='ocr_par' dir='ltr' id='par_1_74' title="bbox 2193 2871 3783 2944">
     <span class='ocr_line' id='line_1_74' title="bbox 2193 2871 3783 2944; baseline 0.001 -18"><span class='ocrx_word' id='word_1_550' title='bbox 2193 2872 2285 2926; x_wconf 87' lang='grc' dir='ltr'><strong>τὸν</strong></span> <span class='ocrx_word' id='word_1_551' title='bbox 2307 2872 2505 2943; x_wconf 88' lang='grc' dir='ltr'>τρόπον</span> <span class='ocrx_word' id='word_1_552' title='bbox 2525 2872 2912 2941; x_wconf 79' lang='grc' dir='ltr'>αἰνιττόμενος.</span> <span class='ocrx_word' id='word_1_553' title='bbox 2934 2891 2952 2922; x_wconf 77' lang='grc' dir='ltr'><strong>ι</strong></span> <span class='ocrx_word' id='word_1_554' title='bbox 2969 2871 3144 2941; x_wconf 81' lang='grc' dir='ltr'>Ὠφθη</span> <span class='ocrx_word' id='word_1_555' title='bbox 3171 2873 3226 2926; x_wconf 85' lang='grc' dir='ltr'>δὲ</span> <span class='ocrx_word' id='word_1_556' title='bbox 3251 2873 3398 2944; x_wconf 88' lang='grc' dir='ltr'><strong>αύτῴ</strong></span> <span class='ocrx_word' id='word_1_557' title='bbox 3421 2877 3654 2944; x_wconf 80' lang='grc' dir='ltr'>ἄγγελος</span> <span class='ocrx_word' id='word_1_558' title='bbox 3678 2880 3783 2930; x_wconf 72' lang='grc' dir='ltr'><strong>Κο-</strong></span> 
     </span>
    </p>
   </div>
   <div class='ocr_carea' id='block_1_75' title="bbox 2197 2964 3780 3041">
    <p class='ocr_par' dir='ltr' id='par_1_75' title="bbox 2197 2964 3780 3041">
     <span class='ocr_line' id='line_1_75' title="bbox 2197 2964 3780 3041; baseline 0.004 -23"><span class='ocrx_word' id='word_1_559' title='bbox 2197 2965 2313 3036; x_wconf 91' lang='grc' dir='ltr'>ρίου</span> <span class='ocrx_word' id='word_1_560' title='bbox 2341 2967 2405 3018; x_wconf 90' lang='grc' dir='ltr'><strong>ἐκ</strong></span> <span class='ocrx_word' id='word_1_561' title='bbox 2433 2964 2618 3030; x_wconf 87' lang='grc' dir='ltr'>δεξιῶν</span> <span class='ocrx_word' id='word_1_562' title='bbox 2646 2964 2816 3028; x_wconf 84' lang='grc' dir='ltr'>ἐστὼς</span> <span class='ocrx_word' id='word_1_563' title='bbox 2843 2965 2937 3018; x_wconf 92' lang='grc' dir='ltr'><strong>τοῦ</strong></span> <span class='ocrx_word' id='word_1_564' title='bbox 2971 2965 3352 3038; x_wconf 82' lang='grc' dir='ltr'>θυσιαστηρίου</span> <span class='ocrx_word' id='word_1_565' title='bbox 3382 2969 3474 3020; x_wconf 88' lang='grc' dir='ltr'><strong>τοῦ</strong></span> <span class='ocrx_word' id='word_1_566' title='bbox 3499 2969 3780 3041; x_wconf 80' lang='grc' dir='ltr'>θυμιάμα-</span> 
     </span>
    </p>
   </div>
   <div class='ocr_carea' id='block_1_76' title="bbox 2195 3057 3778 3128">
    <p class='ocr_par' dir='ltr' id='par_1_76' title="bbox 2195 3057 3778 3128">
     <span class='ocr_line' id='line_1_76' title="bbox 2195 3057 3778 3128; baseline 0.004 -19"><span class='ocrx_word' id='word_1_567' title='bbox 2195 3075 2302 3121; x_wconf 89' lang='grc' dir='ltr'>τος.</span> <span class='ocrx_word' id='word_1_568' title='bbox 2335 3077 2353 3109; x_wconf 73' lang='grc' dir='ltr'><strong>ι</strong></span> <span class='ocrx_word' id='word_1_569' title='bbox 2405 3057 2773 3110; x_wconf 85' lang='grc' dir='ltr'>Ἀκουέτωσαν</span> <span class='ocrx_word' id='word_1_570' title='bbox 2803 3059 2850 3109; x_wconf 81' lang='grc' dir='ltr'><strong>οἱ</strong></span> <span class='ocrx_word' id='word_1_571' title='bbox 2879 3058 3165 3128; x_wconf 87' lang='grc' dir='ltr'>παρόντες,</span> <span class='ocrx_word' id='word_1_572' title='bbox 3198 3060 3293 3112; x_wconf 75' lang='grc' dir='ltr'>καὶ</span> <span class='ocrx_word' id='word_1_573' title='bbox 3322 3061 3677 3126; x_wconf 82' lang='grc' dir='ltr'>συνιέτωσαν,</span> <span class='ocrx_word' id='word_1_574' title='bbox 3701 3066 3778 3117; x_wconf 79' lang='grc' dir='ltr'>ὅτι</span> 
     </span>
    </p>
   </div>
   <div class='ocr_carea' id='block_1_77' title="bbox 2195 3149 3779 3224">
    <p class='ocr_par' dir='ltr' id='par_1_77' title="bbox 2195 3149 3779 3224">
     <span class='ocr_line' id='line_1_77' title="bbox 2195 3149 3779 3224; baseline 0.003 -20"><span class='ocrx_word' id='word_1_575' title='bbox 2195 3149 2414 3216; x_wconf 80' lang='grc' dir='ltr'>ἄγγελοι</span> <span class='ocrx_word' id='word_1_576' title='bbox 2445 3149 2523 3218; x_wconf 85' lang='grc' dir='ltr'><strong>τῷ</strong></span> <span class='ocrx_word' id='word_1_577' title='bbox 2550 3149 2919 3221; x_wconf 85' lang='grc' dir='ltr'>θυσιαστηρίῳ</span> <span class='ocrx_word' id='word_1_578' title='bbox 2946 3151 3326 3222; x_wconf 84' lang='grc' dir='ltr'>παρίστανται·</span> <span class='ocrx_word' id='word_1_579' title='bbox 3359 3154 3492 3205; x_wconf 82' lang='grc' dir='ltr'>ὅπου</span> <span class='ocrx_word' id='word_1_580' title='bbox 3523 3155 3580 3206; x_wconf 85' lang='grc' dir='ltr'>δὲ</span> <span class='ocrx_word' id='word_1_581' title='bbox 3615 3157 3779 3224; x_wconf 77' lang='grc' dir='ltr'>ἀγγέο</span> 
     </span>
    </p>
   </div>
   <div class='ocr_carea' id='block_1_78' title="bbox 2195 3239 3781 3320">
    <p class='ocr_par' dir='ltr' id='par_1_78' title="bbox 2195 3239 3781 3320">
     <span class='ocr_line' id='line_1_78' title="bbox 2195 3239 3781 3320; baseline 0.005 -27"><span class='ocrx_word' id='word_1_582' title='bbox 2195 3239 2300 3294; x_wconf 85' lang='grc' dir='ltr'><strong>λων</strong></span> <span class='ocrx_word' id='word_1_583' title='bbox 2328 3242 2686 3311; x_wconf 86' lang='grc' dir='ltr'>παράστασις,</span> <span class='ocrx_word' id='word_1_584' title='bbox 2721 3244 2837 3295; x_wconf 89' lang='grc' dir='ltr'>ἐκεῖ</span> <span class='ocrx_word' id='word_1_585' title='bbox 2867 3242 2999 3295; x_wconf 88' lang='grc' dir='ltr'>Θεοῦ</span> <span class='ocrx_word' id='word_1_586' title='bbox 3033 3245 3464 3315; x_wconf 82' lang='grc' dir='ltr'>κατασκήνωσις.</span> <span class='ocrx_word' id='word_1_587' title='bbox 3497 3249 3781 3320; x_wconf 81' lang='grc' dir='ltr'>Ζαχαρίας</span> 
     </span>
    </p>
   </div>
   <div class='ocr_carea' id='block_1_79' title="bbox 2195 3330 3782 3409">
    <p class='ocr_par' dir='ltr' id='par_1_79' title="bbox 2195 3330 3782 3409">
     <span class='ocr_line' id='line_1_79' title="bbox 2195 3330 3782 3409; baseline 0.003 -25"><span class='ocrx_word' id='word_1_588' title='bbox 2195 3332 2223 3384; x_wconf 95' lang='lat'><strong>6</strong></span> <span class='ocrx_word' id='word_1_589' title='bbox 2252 3333 2438 3402; x_wconf 74' lang='grc' dir='ltr'>²ίερεὺς</span> <span class='ocrx_word' id='word_1_590' title='bbox 2475 3330 2839 3403; x_wconf 80' lang='grc' dir='ltr'>ἐξεφημερίαν</span> <span class='ocrx_word' id='word_1_591' title='bbox 2877 3333 3069 3398; x_wconf 83' lang='grc' dir='ltr'>ἐποίει,</span> <span class='ocrx_word' id='word_1_592' title='bbox 3102 3334 3162 3398; x_wconf 81' lang='grc' dir='ltr'><strong>ἐξ</strong></span> <span class='ocrx_word' id='word_1_593' title='bbox 3199 3335 3417 3406; x_wconf 84' lang='grc' dir='ltr'>ἡμερῶν</span> <span class='ocrx_word' id='word_1_594' title='bbox 3452 3337 3532 3399; x_wconf 88' lang='grc' dir='ltr'><strong>είς</strong></span> <span class='ocrx_word' id='word_1_595' title='bbox 3561 3337 3782 3409; x_wconf 72' lang='grc' dir='ltr'>ἡμέρας</span> 
     </span>
    </p>
   </div>
   <div class='ocr_carea' id='block_1_80' title="bbox 2196 3423 3778 3503">
    <p class='ocr_par' dir='ltr' id='par_1_80' title="bbox 2196 3423 3778 3503">
     <span class='ocr_line' id='line_1_80' title="bbox 2196 3423 3778 3503; baseline 0.004 -28"><span class='ocrx_word' id='word_1_596' title='bbox 2196 3423 2600 3494; x_wconf 86' lang='grc' dir='ltr'>παριστάμενος</span> <span class='ocrx_word' id='word_1_597' title='bbox 2642 3427 2709 3496; x_wconf 85' lang='grc' dir='ltr'><strong>τῇ</strong></span> <span class='ocrx_word' id='word_1_598' title='bbox 2753 3425 3081 3498; x_wconf 78' lang='grc' dir='ltr'>λειτουργίᾳ·</span> <span class='ocrx_word' id='word_1_599' title='bbox 3132 3424 3251 3497; x_wconf 58' lang='grc' dir='ltr'>ούγι</span> <span class='ocrx_word' id='word_1_600' title='bbox 3291 3427 3357 3480; x_wconf 82' lang='grc' dir='ltr'>δι’</span> <span class='ocrx_word' id='word_1_601' title='bbox 3391 3428 3514 3480; x_wconf 87' lang='grc' dir='ltr'>ὅλου</span> <span class='ocrx_word' id='word_1_602' title='bbox 3556 3431 3778 3503; x_wconf 84' lang='grc' dir='ltr'>χωρῶν,</span> 
     </span>
    </p>
   </div>
   <div class='ocr_carea' id='block_1_81' title="bbox 2197 3515 3781 3595">
    <p class='ocr_par' dir='ltr' id='par_1_81' title="bbox 2197 3515 3781 3595">
     <span class='ocr_line' id='line_1_81' title="bbox 2197 3515 3781 3595; baseline 0.004 -27"><span class='ocrx_word' id='word_1_603' title='bbox 2197 3515 2310 3569; x_wconf 85' lang='grc' dir='ltr'>ἀλλ’</span> <span class='ocrx_word' id='word_1_604' title='bbox 2336 3518 2393 3568; x_wconf 87' lang='grc' dir='ltr'><strong>ἐν</strong></span> <span class='ocrx_word' id='word_1_605' title='bbox 2448 3519 2513 3587; x_wconf 85' lang='grc' dir='ltr'>τῇ</span> <span class='ocrx_word' id='word_1_606' title='bbox 2562 3517 2838 3588; x_wconf 77' lang='grc' dir='ltr'>ἐφημερίᾳ</span> <span class='ocrx_word' id='word_1_607' title='bbox 2867 3517 3211 3590; x_wconf 87' lang='grc' dir='ltr'>λειτουργῶν.</span> <span class='ocrx_word' id='word_1_608' title='bbox 3254 3521 3316 3571; x_wconf 78' lang='grc' dir='ltr'><strong>Οἱ</strong></span> <span class='ocrx_word' id='word_1_609' title='bbox 3355 3520 3411 3572; x_wconf 87' lang='grc' dir='ltr'>δὲ</span> <span class='ocrx_word' id='word_1_610' title='bbox 3451 3522 3781 3595; x_wconf 83' lang='grc' dir='ltr'>ἀποκληρω-</span> 
     </span>
    </p>
   </div>
   <div class='ocr_carea' id='block_1_82' title="bbox 2196 3608 3781 3687">
    <p class='ocr_par' dir='ltr' id='par_1_82' title="bbox 2196 3608 3781 3687">
     <span class='ocr_line' id='line_1_82' title="bbox 2196 3608 3781 3687; baseline 0.004 -26"><span class='ocrx_word' id='word_1_611' title='bbox 2196 3608 2378 3672; x_wconf 80' lang='grc' dir='ltr'>θέντες</span> <span class='ocrx_word' id='word_1_612' title='bbox 2409 3609 2626 3678; x_wconf 81' lang='grc' dir='ltr'>ἄγγελοι</span> <span class='ocrx_word' id='word_1_613' title='bbox 2651 3609 2743 3662; x_wconf 90' lang='grc' dir='ltr'><strong>τοῦ</strong></span> <span class='ocrx_word' id='word_1_614' title='bbox 2777 3609 2911 3663; x_wconf 84' lang='grc' dir='ltr'>Θεοῦ</span> <span class='ocrx_word' id='word_1_615' title='bbox 2941 3613 3020 3674; x_wconf 85' lang='grc' dir='ltr'><strong>είς</strong></span> <span class='ocrx_word' id='word_1_616' title='bbox 3057 3611 3437 3684; x_wconf 79' lang='grc' dir='ltr'>θυσιαστήριον</span> <span class='ocrx_word' id='word_1_617' title='bbox 3465 3615 3781 3687; x_wconf 80' lang='grc' dir='ltr'>ἐφημερίσιν</span> 
     </span>
    </p>
   </div>
   <div class='ocr_carea' id='block_1_83' title="bbox 2194 3701 3781 3778">
    <p class='ocr_par' dir='ltr' id='par_1_83' title="bbox 2194 3701 3781 3778">
     <span class='ocr_line' id='line_1_83' title="bbox 2194 3701 3781 3778; baseline 0.006 -25"><span class='ocrx_word' id='word_1_618' title='bbox 2194 3701 2256 3753; x_wconf 88' lang='grc' dir='ltr'><strong>ού</strong></span> <span class='ocrx_word' id='word_1_619' title='bbox 2285 3701 2547 3767; x_wconf 90' lang='grc' dir='ltr'>ποιοῦσιν,</span> <span class='ocrx_word' id='word_1_620' title='bbox 2575 3701 2711 3755; x_wconf 87' lang='grc' dir='ltr'><strong>ἀλλά</strong></span> <span class='ocrx_word' id='word_1_621' title='bbox 2746 3702 2962 3774; x_wconf 83' lang='grc' dir='ltr'>νύκτωρ</span> <span class='ocrx_word' id='word_1_622' title='bbox 2994 3704 3087 3757; x_wconf 76' lang='grc' dir='ltr'><strong>καὶ</strong></span> <span class='ocrx_word' id='word_1_623' title='bbox 3119 3704 3236 3774; x_wconf 88' lang='grc' dir='ltr'>μεθ’</span> <span class='ocrx_word' id='word_1_624' title='bbox 3262 3707 3471 3778; x_wconf 82' lang='grc' dir='ltr'>ἡμέραν</span> <span class='ocrx_word' id='word_1_625' title='bbox 3504 3707 3781 3762; x_wconf 81' lang='grc' dir='ltr'>ἀδιασπά-</span> 
     </span>
    </p>
   </div>
   <div class='ocr_carea' id='block_1_84' title="bbox 2196 3792 3782 3867">
    <p class='ocr_par' dir='ltr' id='par_1_84' title="bbox 2196 3792 3782 3867">
     <span class='ocr_line' id='line_1_84' title="bbox 2196 3792 3782 3867; baseline 0.006 -23"><span class='ocrx_word' id='word_1_626' title='bbox 2196 3809 2336 3855; x_wconf 84' lang='grc' dir='ltr'>στως</span> <span class='ocrx_word' id='word_1_627' title='bbox 2379 3792 2740 3864; x_wconf 85' lang='grc' dir='ltr'>παρίστανται</span> <span class='ocrx_word' id='word_1_628' title='bbox 2783 3794 2860 3864; x_wconf 83' lang='grc' dir='ltr'><strong>τῷ</strong></span> <span class='ocrx_word' id='word_1_629' title='bbox 2909 3794 3296 3867; x_wconf 85' lang='grc' dir='ltr'>θυσιαστηρίῳ.</span> <span class='ocrx_word' id='word_1_630' title='bbox 3345 3798 3518 3851; x_wconf 86' lang='grc' dir='ltr'>Ἴσασι</span> <span class='ocrx_word' id='word_1_631' title='bbox 3554 3801 3656 3852; x_wconf 85' lang='grc' dir='ltr'><strong>καὶ</strong></span> <span class='ocrx_word' id='word_1_632' title='bbox 3691 3801 3782 3853; x_wconf 80' lang='grc' dir='ltr'><strong>τὸν</strong></span> 
     </span>
    </p>
   </div>
   <div class='ocr_carea' id='block_1_85' title="bbox 2195 3885 3782 3962">
    <p class='ocr_par' dir='ltr' id='par_1_85' title="bbox 2195 3885 3782 3962">
     <span class='ocr_line' id='line_1_85' title="bbox 2195 3885 3782 3962; baseline 0.006 -26"><span class='ocrx_word' id='word_1_633' title='bbox 2195 3885 2659 3956; x_wconf 85' lang='grc' dir='ltr'>καταφρονοῦντα,</span> <span class='ocrx_word' id='word_1_634' title='bbox 2701 3887 2795 3939; x_wconf 76' lang='grc' dir='ltr'><strong>καὶ</strong></span> <span class='ocrx_word' id='word_1_635' title='bbox 2836 3886 2926 3939; x_wconf 92' lang='grc' dir='ltr'><strong>τὸν</strong></span> <span class='ocrx_word' id='word_1_636' title='bbox 2969 3887 3042 3957; x_wconf 85' lang='grc' dir='ltr'><strong>μὴ</strong></span> <span class='ocrx_word' id='word_1_637' title='bbox 3084 3889 3543 3960; x_wconf 84' lang='grc' dir='ltr'>καταφρονοῦντα·</span> <span class='ocrx_word' id='word_1_638' title='bbox 3577 3894 3782 3962; x_wconf 86' lang='grc' dir='ltr'>γνωρί-</span> 
     </span>
    </p>
   </div>
   <div class='ocr_carea' id='block_1_86' title="bbox 2197 3976 3782 4053">
    <p class='ocr_par' dir='ltr' id='par_1_86' title="bbox 2197 3976 3782 4053">
     <span class='ocr_line' id='line_1_86' title="bbox 2197 3976 3782 4053; baseline 0.004 -25"><span class='ocrx_word' id='word_1_639' title='bbox 2197 3976 2348 4040; x_wconf 81' lang='grc' dir='ltr'>ζουσι</span> <span class='ocrx_word' id='word_1_640' title='bbox 2396 3978 2490 4030; x_wconf 78' lang='grc' dir='ltr'><strong>καὶ</strong></span> <span class='ocrx_word' id='word_1_641' title='bbox 2534 3978 2660 4039; x_wconf 67' lang='grc' dir='ltr'>τοὺς</span> <span class='ocrx_word' id='word_1_642' title='bbox 2701 3977 2944 4041; x_wconf 78' lang='grc' dir='ltr'>εὐλαϐῶς</span> <span class='ocrx_word' id='word_1_643' title='bbox 2989 3980 3329 4049; x_wconf 85' lang='grc' dir='ltr'>προσιόντας,</span> <span class='ocrx_word' id='word_1_644' title='bbox 3371 3983 3463 4034; x_wconf 73' lang='grc' dir='ltr'><strong>καὶ</strong></span> <span class='ocrx_word' id='word_1_645' title='bbox 3509 3983 3782 4053; x_wconf 69' lang='grc' dir='ltr'>τοὺςιούχ</span> 
     </span>
    </p>
   </div>
   <div class='ocr_carea' id='block_1_87' title="bbox 2195 4066 3783 4145">
    <p class='ocr_par' dir='ltr' id='par_1_87' title="bbox 2195 4066 3783 4145">
     <span class='ocr_line' id='line_1_87' title="bbox 2195 4066 3783 4145; baseline 0.004 -24"><span class='ocrx_word' id='word_1_646' title='bbox 2195 4066 2338 4121; x_wconf 76' lang='grc' dir='ltr'>οὕτω</span> <span class='ocrx_word' id='word_1_647' title='bbox 2375 4068 2828 4140; x_wconf 65' lang='grc' dir='ltr'>προστρέχοντας</span> <span class='ocrx_word' id='word_1_648' title='bbox 2863 4069 3180 4124; x_wconf 86' lang='grc' dir='ltr'>ἐπίστανται</span> <span class='ocrx_word' id='word_1_649' title='bbox 3209 4073 3302 4126; x_wconf 76' lang='grc' dir='ltr'><strong>καὶ</strong></span> <span class='ocrx_word' id='word_1_650' title='bbox 3331 4075 3456 4136; x_wconf 81' lang='grc' dir='ltr'>τοὺς</span> <span class='ocrx_word' id='word_1_651' title='bbox 3487 4075 3783 4145; x_wconf 75' lang='grc' dir='ltr'>εὐορκοῦνο</span> 
     </span>
    </p>
   </div>
   <div class='ocr_carea' id='block_1_88' title="bbox 2195 4159 3783 4234">
    <p class='ocr_par' dir='ltr' id='par_1_88' title="bbox 2195 4159 3783 4234">
     <span class='ocr_line' id='line_1_88' title="bbox 2195 4159 3783 4234; baseline 0.006 -24"><span class='ocrx_word' id='word_1_652' title='bbox 2195 4174 2314 4223; x_wconf 87' lang='grc' dir='ltr'>τας,</span> <span class='ocrx_word' id='word_1_653' title='bbox 2350 4159 2444 4212; x_wconf 69' lang='grc' dir='ltr'>καὶ</span> <span class='ocrx_word' id='word_1_654' title='bbox 2487 4161 2612 4222; x_wconf 82' lang='grc' dir='ltr'>τοὺς</span> <span class='ocrx_word' id='word_1_655' title='bbox 2655 4160 3066 4232; x_wconf 86' lang='grc' dir='ltr'>ἐπιορκοῦντας·</span> <span class='ocrx_word' id='word_1_656' title='bbox 3122 4161 3479 4234; x_wconf 81' lang='grc' dir='ltr'>σφραγίζουσι</span> <span class='ocrx_word' id='word_1_657' title='bbox 3513 4167 3611 4217; x_wconf 78' lang='grc' dir='ltr'><strong>καὶ</strong></span> <span class='ocrx_word' id='word_1_658' title='bbox 3655 4168 3783 4228; x_wconf 72' lang='grc' dir='ltr'>τοὺς</span> 
     </span>
    </p>
   </div>
   <div class='ocr_carea' id='block_1_89' title="bbox 2193 4251 3784 4325">
    <p class='ocr_par' dir='ltr' id='par_1_89' title="bbox 2193 4251 3784 4325">
     <span class='ocr_line' id='line_1_89' title="bbox 2193 4251 3784 4325; baseline 0.005 -23"><span class='ocrx_word' id='word_1_659' title='bbox 2193 4251 2699 4320; x_wconf 86' lang='grc' dir='ltr'>καρποφοροῦντας,</span> <span class='ocrx_word' id='word_1_660' title='bbox 2730 4253 2824 4306; x_wconf 74' lang='grc' dir='ltr'>καὶ</span> <span class='ocrx_word' id='word_1_661' title='bbox 2853 4254 2980 4318; x_wconf 78' lang='grc' dir='ltr'>τοὺς</span> <span class='ocrx_word' id='word_1_662' title='bbox 3007 4254 3361 4324; x_wconf 87' lang='grc' dir='ltr'>ναρκιῶντας.</span> <span class='ocrx_word' id='word_1_663' title='bbox 3389 4255 3480 4325; x_wconf 78' lang='grc' dir='ltr'><strong>Μὴ</strong></span> <span class='ocrx_word' id='word_1_664' title='bbox 3502 4258 3584 4309; x_wconf 76' lang='grc' dir='ltr'><strong>ὅτι</strong></span> <span class='ocrx_word' id='word_1_665' title='bbox 3611 4256 3784 4319; x_wconf 81' lang='grc' dir='ltr'>λίθοις</span> 
     </span>
    </p>
   </div>
   <div class='ocr_carea' id='block_1_90' title="bbox 525 4340 2093 4433">
    <p class='ocr_par' dir='ltr' id='par_1_90' title="bbox 525 4349 2093 4433">
     <span class='ocr_line' id='line_1_90' title="bbox 525 4349 2093 4433; baseline -0.011 -15"><span class='ocrx_word' id='word_1_666' title='bbox 525 4364 785 4433; x_wconf 84' lang='lat' dir='ltr'><strong>cingitur.</strong></span> <span class='ocrx_word' id='word_1_667' title='bbox 832 4360 890 4414; x_wconf 90' lang='lat' dir='ltr'><strong>Si</strong></span> <span class='ocrx_word' id='word_1_668' title='bbox 919 4360 1066 4414; x_wconf 89' lang='lat' dir='ltr'><strong>enim</strong></span> <span class='ocrx_word' id='word_1_669' title='bbox 1110 4358 1292 4428; x_wconf 90' lang='lat' dir='ltr'><strong>quivis</strong></span> <span class='ocrx_word' id='word_1_670' title='bbox 1333 4354 1575 4426; x_wconf 87' lang='lat' dir='ltr'><strong>gentium</strong></span> <span class='ocrx_word' id='word_1_671' title='bbox 1622 4351 1891 4406; x_wconf 90' lang='lat' dir='ltr'><strong>terminus</strong></span> <span class='ocrx_word' id='word_1_672' title='bbox 1932 4349 2093 4418; x_wconf 84' lang='lat' dir='ltr'><strong>juxta</strong></span> 
     </span>
    </p>
   </div>
   <div class='ocr_carea' id='block_1_91' title="bbox 2198 4340 3785 4433">
    <p class='ocr_par' dir='ltr' id='par_1_91' title="bbox 2198 4340 3785 4417">
     <span class='ocr_line' id='line_1_91' title="bbox 2198 4340 3785 4417; baseline 0.005 -24"><span class='ocrx_word' id='word_1_673' title='bbox 2198 4340 2632 4395; x_wconf 84' lang='grc' dir='ltr'>κεκαλλώπισται</span> <span class='ocrx_word' id='word_1_674' title='bbox 2651 4341 2711 4393; x_wconf 90' lang='grc' dir='ltr'><strong>τὸ</strong></span> <span class='ocrx_word' id='word_1_675' title='bbox 2733 4342 3110 4415; x_wconf 88' lang='grc' dir='ltr'>θυσιαστήριον</span> <span class='ocrx_word' id='word_1_676' title='bbox 3134 4346 3343 4398; x_wconf 88' lang='grc' dir='ltr'>σκόπει·</span> <span class='ocrx_word' id='word_1_677' title='bbox 3367 4346 3470 4398; x_wconf 84' lang='grc' dir='ltr'><strong>ὑπὸ</strong></span> <span class='ocrx_word' id='word_1_678' title='bbox 3485 4347 3595 4416; x_wconf 77' lang='grc' dir='ltr'>γὰρ</span> <span class='ocrx_word' id='word_1_679' title='bbox 3621 4350 3785 4417; x_wconf 79' lang='grc' dir='ltr'>ἀγγέ-</span> 
     </span>
    </p>
   </div>
   <div class='ocr_carea' id='block_1_92' title="bbox 525 4433 2093 4539">
    <p class='ocr_par' dir='ltr' id='par_1_92' title="bbox 525 4441 2093 4523">
     <span class='ocr_line' id='line_1_92' title="bbox 525 4441 2093 4523; baseline -0.01 -14"><span class='ocrx_word' id='word_1_680' title='bbox 525 4468 815 4510; x_wconf 89' lang='lat' dir='ltr'><strong>numerum</strong></span> <span class='ocrx_word' id='word_1_681' title='bbox 843 4452 1158 4523; x_wconf 87' lang='lat' dir='ltr'><strong>angelorum</strong></span> <span class='ocrx_word' id='word_1_682' title='bbox 1186 4449 1500 4518; x_wconf 87' lang='lat' dir='ltr'><strong>assignatus</strong></span> <span class='ocrx_word' id='word_1_683' title='bbox 1525 4453 1629 4511; x_wconf 90' lang='lat' dir='ltr'><strong>est,</strong></span> <span class='ocrx_word' id='word_1_684' title='bbox 1655 4443 1957 4500; x_wconf 87' lang='lat' dir='ltr'><strong>secundum</strong></span> <span class='ocrx_word' id='word_1_685' title='bbox 1990 4441 2093 4494; x_wconf 92' lang='lat' dir='ltr'><strong>hoc</strong></span> 
     </span>
    </p>
   </div>
   <div class='ocr_carea' id='block_1_93' title="bbox 2198 4433 3783 4539">
    <p class='ocr_par' dir='ltr' id='par_1_93' title="bbox 2199 4433 3783 4511">
     <span class='ocr_line' id='line_1_93' title="bbox 2199 4433 3783 4511; baseline 0.005 -25"><span class='ocrx_word' id='word_1_686' title='bbox 2199 4434 2305 4488; x_wconf 88' lang='grc' dir='ltr'><strong>λων</strong></span> <span class='ocrx_word' id='word_1_687' title='bbox 2339 4433 2682 4504; x_wconf 77' lang='grc' dir='ltr'>βαστάζεται,</span> <span class='ocrx_word' id='word_1_688' title='bbox 2713 4433 2815 4487; x_wconf 87' lang='grc' dir='ltr'><strong>ὑπὸ</strong></span> <span class='ocrx_word' id='word_1_689' title='bbox 2846 4436 3200 4507; x_wconf 82' lang='grc' dir='ltr'>ἀρχαγγέλων</span> <span class='ocrx_word' id='word_1_690' title='bbox 3226 4437 3539 4492; x_wconf 86' lang='grc' dir='ltr'>κυκλοῦται.</span> <span class='ocrx_word' id='word_1_691' title='bbox 3577 4442 3648 4493; x_wconf 85' lang='grc' dir='ltr'><strong>Εἰ</strong></span> <span class='ocrx_word' id='word_1_692' title='bbox 3677 4443 3783 4511; x_wconf 83' lang='grc' dir='ltr'>γὰρ</span> 
     </span>
    </p>
   </div>
   <div class='ocr_carea' id='block_1_94' title="bbox 524 4527 2093 4606">
    <p class='ocr_par' dir='ltr' id='par_1_94' title="bbox 524 4535 2093 4606">
     <span class='ocr_line' id='line_1_94' title="bbox 524 4535 2093 4606; baseline -0.009 -7"><span class='ocrx_word' id='word_1_693' title='bbox 524 4544 733 4600; x_wconf 89' lang='lat' dir='ltr'><strong>dictum</strong></span> <span class='ocrx_word' id='word_1_694' title='bbox 762 4561 775 4596; x_wconf 93' lang='lat'><strong>:</strong></span> <span class='ocrx_word' id='word_1_695' title='bbox 811 4561 830 4593; x_wconf 74' lang='grc' dir='ltr'><strong>ι</strong></span> <span class='ocrx_word' id='word_1_696' title='bbox 861 4540 1162 4595; x_wconf 83' lang='lat' dir='ltr'><strong>Constituit</strong></span> <span class='ocrx_word' id='word_1_697' title='bbox 1215 4539 1479 4593; x_wconf 89' lang='lat' dir='ltr'><strong>terminos</strong></span> <span class='ocrx_word' id='word_1_698' title='bbox 1524 4536 1764 4606; x_wconf 87' lang='lat' dir='ltr'><strong>gentium</strong></span> <span class='ocrx_word' id='word_1_699' title='bbox 1796 4535 1954 4603; x_wconf 84' lang='lat' dir='ltr'><strong>juxta</strong></span> <span class='ocrx_word' id='word_1_700' title='bbox 1991 4548 2093 4586; x_wconf 91' lang='lat' dir='ltr'><strong>nu-</strong></span> 
     </span>
    </p>
   </div>
   <div class='ocr_carea' id='block_1_95' title="bbox 2198 4527 3781 4606">
    <p class='ocr_par' dir='ltr' id='par_1_95' title="bbox 2201 4527 3781 4602">
     <span class='ocr_line' id='line_1_95' title="bbox 2201 4527 3781 4602; baseline 0.002 -21"><span class='ocrx_word' id='word_1_701' title='bbox 2201 4530 2310 4581; x_wconf 86' lang='grc' dir='ltr'><strong>πᾶν</strong></span> <span class='ocrx_word' id='word_1_702' title='bbox 2330 4529 2474 4598; x_wconf 86' lang='grc' dir='ltr'>ὅριον</span> <span class='ocrx_word' id='word_1_703' title='bbox 2500 4527 2708 4581; x_wconf 88' lang='grc' dir='ltr'>ἐθνικὸν</span> <span class='ocrx_word' id='word_1_704' title='bbox 2730 4528 2873 4581; x_wconf 88' lang='grc' dir='ltr'><strong>κατά</strong></span> <span class='ocrx_word' id='word_1_705' title='bbox 2893 4529 3016 4599; x_wconf 88' lang='grc' dir='ltr'>ἀριο</span> <span class='ocrx_word' id='word_1_706' title='bbox 3027 4530 3123 4599; x_wconf 82' lang='grc' dir='ltr'><strong>μὸν</strong></span> <span class='ocrx_word' id='word_1_707' title='bbox 3155 4530 3400 4598; x_wconf 80' lang='grc' dir='ltr'>ἀγγέλων</span> <span class='ocrx_word' id='word_1_708' title='bbox 3420 4533 3781 4602; x_wconf 81' lang='grc' dir='ltr'>ὀροθετεῖται,</span> 
     </span>
    </p>
   </div>
   <div class='ocr_carea' id='block_1_96' title="bbox 525 4619 2093 4702">
    <p class='ocr_par' dir='ltr' id='par_1_96' title="bbox 525 4624 2093 4702">
     <span class='ocr_line' id='line_1_96' title="bbox 525 4624 2093 4702; baseline -0.007 -11"><span class='ocrx_word' id='word_1_709' title='bbox 525 4649 739 4691; x_wconf 89' lang='lat' dir='ltr'><strong>merum</strong></span> <span class='ocrx_word' id='word_1_710' title='bbox 789 4632 1106 4702; x_wconf 85' lang='lat' dir='ltr'><strong>angelorum</strong></span> <span class='ocrx_word' id='word_1_711' title='bbox 1147 4629 1349 4694; x_wconf 77' lang='lat' dir='ltr'><strong>Dei”;</strong></span> <span class='ocrx_word' id='word_1_712' title='bbox 1387 4646 1406 4681; x_wconf 71' lang='grc' dir='ltr'><strong>ι</strong></span> <span class='ocrx_word' id='word_1_713' title='bbox 1456 4635 1662 4697; x_wconf 86' lang='lat' dir='ltr'><strong>quanto</strong></span> <span class='ocrx_word' id='word_1_714' title='bbox 1711 4625 1884 4696; x_wconf 89' lang='lat' dir='ltr'><strong>magis</strong></span> <span class='ocrx_word' id='word_1_715' title='bbox 1927 4624 2093 4680; x_wconf 90' lang='lat' dir='ltr'><strong>altare</strong></span> 
     </span>
    </p>
   </div>
   <div class='ocr_carea' id='block_1_97' title="bbox 2198 4619 3785 4702">
    <p class='ocr_par' dir='ltr' id='par_1_97' title="bbox 2198 4619 3785 4694">
     <span class='ocr_line' id='line_1_97' title="bbox 2198 4619 3785 4694; baseline 0.003 -21"><span class='ocrx_word' id='word_1_716' title='bbox 2198 4619 2336 4674; x_wconf 85' lang='grc' dir='ltr'><strong>κατά</strong></span> <span class='ocrx_word' id='word_1_717' title='bbox 2362 4621 2422 4672; x_wconf 94' lang='grc' dir='ltr'><strong>τὸ</strong></span> <span class='ocrx_word' id='word_1_718' title='bbox 2451 4620 2655 4689; x_wconf 79' lang='grc' dir='ltr'>φάσκον</span> <span class='ocrx_word' id='word_1_719' title='bbox 2687 4621 2869 4691; x_wconf 76' lang='grc' dir='ltr'>ῥητόν·</span> <span class='ocrx_word' id='word_1_720' title='bbox 2914 4639 2932 4671; x_wconf 86' lang='grc'><em>‹</em></span> <span class='ocrx_word' id='word_1_721' title='bbox 2968 4623 3236 4691; x_wconf 87' lang='grc' dir='ltr'>Ἔστησεν</span> <span class='ocrx_word' id='word_1_722' title='bbox 3265 4623 3389 4694; x_wconf 85' lang='grc' dir='ltr'>ὅρια</span> <span class='ocrx_word' id='word_1_723' title='bbox 3428 4623 3600 4676; x_wconf 87' lang='grc' dir='ltr'>ἐθνῶν</span> <span class='ocrx_word' id='word_1_724' title='bbox 3643 4627 3785 4678; x_wconf 73' lang='grc' dir='ltr'>κατὰ</span> 
     </span>
    </p>
   </div>
   <div class='ocr_carea' id='block_1_98' title="bbox 525 4711 2093 4802">
    <p class='ocr_par' dir='ltr' id='par_1_98' title="bbox 525 4719 2092 4802">
     <span class='ocr_line' id='line_1_98' title="bbox 525 4719 2092 4802; baseline -0.008 -19"><span class='ocrx_word' id='word_1_725' title='bbox 525 4731 748 4802; x_wconf 87' lang='lat' dir='ltr'><strong>plenum</strong></span> <span class='ocrx_word' id='word_1_726' title='bbox 799 4725 1006 4796; x_wconf 80' lang='lat' dir='ltr'><strong>angelis</strong></span> <span class='ocrx_word' id='word_1_727' title='bbox 1061 4724 1193 4790; x_wconf 88' lang='lat' dir='ltr'><strong>erit;</strong></span> <span class='ocrx_word' id='word_1_728' title='bbox 1243 4722 1336 4776; x_wconf 92' lang='lat' dir='ltr'><strong>ubi</strong></span> <span class='ocrx_word' id='word_1_729' title='bbox 1382 4723 1529 4791; x_wconf 91' lang='lat' dir='ltr'><strong>jacet</strong></span> <span class='ocrx_word' id='word_1_730' title='bbox 1586 4721 1753 4774; x_wconf 87' lang='lat' dir='ltr'><strong>carbo</strong></span> <span class='ocrx_word' id='word_1_731' title='bbox 1806 4719 2092 4788; x_wconf 85' lang='lat' dir='ltr'><strong>mysticus,</strong></span> 
     </span>
    </p>
   </div>
   <div class='ocr_carea' id='block_1_99' title="bbox 2198 4711 3784 4802">
    <p class='ocr_par' dir='ltr' id='par_1_99' title="bbox 2198 4711 3784 4784">
     <span class='ocr_line' id='line_1_99' title="bbox 2198 4711 3784 4784; baseline -0.001 -18"><span class='ocrx_word' id='word_1_732' title='bbox 2198 4711 2425 4784; x_wconf 81' lang='grc' dir='ltr'>ἀριθμὸν</span> <span class='ocrx_word' id='word_1_733' title='bbox 2458 4711 2704 4780; x_wconf 85' lang='grc' dir='ltr'>ἀγγέλων</span> <span class='ocrx_word' id='word_1_734' title='bbox 2737 4711 2894 4764; x_wconf 82' lang='grc' dir='ltr'>Θεοῦ·</span> <span class='ocrx_word' id='word_1_735' title='bbox 2929 4732 2947 4763; x_wconf 85' lang='grc'><strong>›</strong></span> <span class='ocrx_word' id='word_1_736' title='bbox 2981 4712 3134 4782; x_wconf 81' lang='grc' dir='ltr'>πόσῳ</span> <span class='ocrx_word' id='word_1_737' title='bbox 3167 4713 3368 4782; x_wconf 78' lang='grc' dir='ltr'>μᾶλλον</span> <span class='ocrx_word' id='word_1_738' title='bbox 3394 4713 3457 4765; x_wconf 89' lang='grc' dir='ltr'><strong>τὸ</strong></span> <span class='ocrx_word' id='word_1_739' title='bbox 3484 4714 3784 4784; x_wconf 75' lang='grc' dir='ltr'>θυσιαστή-</span> 
     </span>
    </p>
   </div>
   <div class='ocr_carea' id='block_1_100' title="bbox 525 4801 2093 4892">
    <p class='ocr_par' dir='ltr' id='par_1_100' title="bbox 525 4801 2093 4892">
     <span class='ocr_line' id='line_1_100' title="bbox 525 4801 2093 4892; baseline -0.01 -17"><span class='ocrx_word' id='word_1_740' title='bbox 525 4801 687 4892; x_wconf 67' lang='lat' dir='ltr'><strong>quem</strong></span> <span class='ocrx_word' id='word_1_741' title='bbox 725 4816 931 4886; x_wconf 83' lang='lat' dir='ltr'><strong>forcipe</strong></span> <span class='ocrx_word' id='word_1_742' title='bbox 973 4814 1201 4885; x_wconf 92' lang='lat' dir='ltr'><strong>spiritus</strong></span> <span class='ocrx_word' id='word_1_743' title='bbox 1244 4828 1342 4882; x_wconf 91' lang='lat' dir='ltr'><strong>per</strong></span> <span class='ocrx_word' id='word_1_744' title='bbox 1388 4809 1688 4866; x_wconf 89' lang='lat' dir='ltr'><strong>sacerdotis</strong></span> <span class='ocrx_word' id='word_1_745' title='bbox 1723 4807 2093 4862; x_wconf 88' lang='lat' dir='ltr'><strong>ministerium</strong></span> 
     </span>
    </p>
   </div>
   <div class='ocr_carea' id='block_1_101' title="bbox 2198 4801 3785 4892">
    <p class='ocr_par' dir='ltr' id='par_1_101' title="bbox 2199 4801 3785 4892">
     <span class='ocr_line' id='line_1_101' title="bbox 2199 4801 3785 4892; baseline 0 -38"><span class='ocrx_word' id='word_1_746' title='bbox 2199 4819 2312 4874; x_wconf 91' lang='grc' dir='ltr'>ριον</span> <span class='ocrx_word' id='word_1_747' title='bbox 2352 4801 2858 4892; x_wconf 78' lang='grc' dir='ltr'>ἀγγελοπλήρωτον,</span> <span class='ocrx_word' id='word_1_748' title='bbox 2899 4803 3033 4854; x_wconf 83' lang='grc' dir='ltr'>ὅπου</span> <span class='ocrx_word' id='word_1_749' title='bbox 3070 4803 3098 4853; x_wconf 88' lang='grc' dir='ltr'>ὁ</span> <span class='ocrx_word' id='word_1_750' title='bbox 3132 4802 3391 4870; x_wconf 85' lang='grc' dir='ltr'>μυστικὸς</span> <span class='ocrx_word' id='word_1_751' title='bbox 3415 4801 3629 4872; x_wconf 84' lang='grc' dir='ltr'>ἄνθραξ</span> <span class='ocrx_word' id='word_1_752' title='bbox 3663 4805 3785 4856; x_wconf 83' lang='grc' dir='ltr'>ἐπί-</span> 
     </span>
    </p>
   </div>
   <div class='ocr_carea' id='block_1_102' title="bbox 531 4891 2093 4981">
    <p class='ocr_par' dir='ltr' id='par_1_102' title="bbox 531 4891 2093 4981">
     <span class='ocr_line' id='line_1_102' title="bbox 531 4891 2093 4981; baseline -0.012 -14"><span class='ocrx_word' id='word_1_753' title='bbox 531 4891 865 4981; x_wconf 83' lang='lat' dir='ltr'><strong>accipientes</strong></span> <span class='ocrx_word' id='word_1_754' title='bbox 896 4903 1198 4974; x_wconf 69' lang='lat' dir='ltr'><strong>seraphini,</strong></span> <span class='ocrx_word' id='word_1_755' title='bbox 1236 4901 1331 4972; x_wconf 89' lang='lat' dir='ltr'><strong>qui</strong></span> <span class='ocrx_word' id='word_1_756' title='bbox 1367 4916 1431 4955; x_wconf 92' lang='lat' dir='ltr'><strong>eo</strong></span> <span class='ocrx_word' id='word_1_757' title='bbox 1464 4905 1873 4970; x_wconf 89' lang='lat' dir='ltr'><strong>pertranseunt,</strong></span> <span class='ocrx_word' id='word_1_758' title='bbox 1901 4909 2093 4965; x_wconf 88' lang='lat' dir='ltr'><strong>pecca-</strong></span> 
     </span>
    </p>
   </div>
   <div class='ocr_carea' id='block_1_103' title="bbox 2198 4891 3784 4981">
    <p class='ocr_par' dir='ltr' id='par_1_103' title="bbox 2198 4891 3784 4964">
     <span class='ocr_line' id='line_1_103' title="bbox 2198 4891 3784 4964; baseline -0.002 -18"><span class='ocrx_word' id='word_1_759' title='bbox 2198 4911 2396 4959; x_wconf 89' lang='grc' dir='ltr'>κειται;</span> <span class='ocrx_word' id='word_1_760' title='bbox 2419 4891 2478 4945; x_wconf 82' lang='grc' dir='ltr'>ὃν</span> <span class='ocrx_word' id='word_1_761' title='bbox 2504 4896 2570 4962; x_wconf 84' lang='grc' dir='ltr'>τῇ</span> <span class='ocrx_word' id='word_1_762' title='bbox 2597 4892 2772 4945; x_wconf 71' lang='grc' dir='ltr'>λαϐίδι</span> <span class='ocrx_word' id='word_1_763' title='bbox 2802 4892 2896 4944; x_wconf 92' lang='grc' dir='ltr'><strong>τοῦ</strong></span> <span class='ocrx_word' id='word_1_764' title='bbox 2928 4891 3232 4962; x_wconf 88' lang='grc' dir='ltr'>πνεύματος</span> <span class='ocrx_word' id='word_1_765' title='bbox 3255 4893 3325 4944; x_wconf 80' lang='grc' dir='ltr'>τὰ</span> <span class='ocrx_word' id='word_1_766' title='bbox 3359 4895 3604 4964; x_wconf 74' lang='grc' dir='ltr'>σεραφὶμ</span> <span class='ocrx_word' id='word_1_767' title='bbox 3634 4895 3784 4964; x_wconf 67' lang='grc' dir='ltr'>διερ-</span> 
     </span>
    </p>
   </div>
   <div class='ocr_carea' id='block_1_104' title="bbox 528 4987 2100 5070">
    <p class='ocr_par' dir='ltr' id='par_1_104' title="bbox 528 4987 2100 5070">
     <span class='ocr_line' id='line_1_104' title="bbox 528 4987 2100 5070; baseline -0.013 -10"><span class='ocrx_word' id='word_1_768' title='bbox 528 5017 709 5062; x_wconf 88' lang='lat' dir='ltr'><strong>torum</strong></span> <span class='ocrx_word' id='word_1_769' title='bbox 746 4999 1126 5070; x_wconf 86' lang='lat' dir='ltr'><strong>purgationem</strong></span> <span class='ocrx_word' id='word_1_770' title='bbox 1169 4994 1373 5065; x_wconf 87' lang='lat' dir='ltr'><strong>petenti</strong></span> <span class='ocrx_word' id='word_1_771' title='bbox 1417 4991 1760 5063; x_wconf 87' lang='lat' dir='ltr'><strong>largiuntur?</strong></span> <span class='ocrx_word' id='word_1_772' title='bbox 1805 4987 1960 5054; x_wconf 85' lang='lat' dir='ltr'><strong>Quod</strong></span> <span class='ocrx_word' id='word_1_773' title='bbox 2009 5002 2100 5040; x_wconf 86' lang='lat' dir='ltr'><strong>au-</strong></span> 
     </span>
    </p>
   </div>
   <div class='ocr_carea' id='block_1_105' title="bbox 529 5079 2093 5150">
    <p class='ocr_par' dir='ltr' id='par_1_105' title="bbox 529 5079 2093 5150">
     <span class='ocr_line' id='line_1_105' title="bbox 529 5079 2093 5150; baseline -0.011 -2"><span class='ocrx_word' id='word_1_774' title='bbox 529 5105 640 5150; x_wconf 81' lang='lat' dir='ltr'><strong>tem</strong></span> <span class='ocrx_word' id='word_1_775' title='bbox 675 5095 791 5149; x_wconf 63' lang='lat' dir='ltr'><strong>haec</strong></span> <span class='ocrx_word' id='word_1_776' title='bbox 831 5093 890 5146; x_wconf 92' lang='lat' dir='ltr'><strong>in</strong></span> <span class='ocrx_word' id='word_1_777' title='bbox 935 5088 1092 5144; x_wconf 92' lang='lat' dir='ltr'><strong>altari</strong></span> <span class='ocrx_word' id='word_1_778' title='bbox 1122 5087 1324 5150; x_wconf 90' lang='lat' dir='ltr'><strong>adsint,</strong></span> <span class='ocrx_word' id='word_1_779' title='bbox 1372 5083 1496 5138; x_wconf 91' lang='lat' dir='ltr'><strong>audi</strong></span> <span class='ocrx_word' id='word_1_780' title='bbox 1544 5084 1869 5137; x_wconf 89' lang='lat' dir='ltr'><strong>clamantem</strong></span> <span class='ocrx_word' id='word_1_781' title='bbox 1897 5079 2093 5133; x_wconf 86' lang='lat' dir='ltr'><strong>Isaiam</strong></span> 
     </span>
    </p>
   </div>
   <div class='ocr_carea' id='block_1_106' title="bbox 525 5172 2094 5258">
    <p class='ocr_par' dir='ltr' id='par_1_106' title="bbox 525 5172 2094 5258">
     <span class='ocr_line' id='line_1_106' title="bbox 525 5172 2094 5258; baseline -0.012 -16"><span class='ocrx_word' id='word_1_782' title='bbox 525 5187 844 5258; x_wconf 85' lang='lat' dir='ltr'><strong>prophetam</strong></span> <span class='ocrx_word' id='word_1_783' title='bbox 870 5203 882 5238; x_wconf 93' lang='lat'><strong>:</strong></span> <span class='ocrx_word' id='word_1_784' title='bbox 919 5202 937 5235; x_wconf 85' lang='grc' dir='ltr'><strong>ι</strong></span> <span class='ocrx_word' id='word_1_785' title='bbox 977 5181 1122 5246; x_wconf 84' lang='lat' dir='ltr'><strong>Vidi,</strong></span> <span class='ocrx_word' id='word_1_786' title='bbox 1153 5187 1207 5236; x_wconf 92' lang='lat' dir='ltr'><strong>et</strong></span> <span class='ocrx_word' id='word_1_787' title='bbox 1240 5193 1369 5234; x_wconf 89' lang='lat' dir='ltr'><strong>ecce</strong></span> <span class='ocrx_word' id='word_1_788' title='bbox 1395 5177 1600 5230; x_wconf 77' lang='lat' dir='ltr'><strong>missos</strong></span> <span class='ocrx_word' id='word_1_789' title='bbox 1627 5183 1710 5230; x_wconf 90' lang='lat' dir='ltr'><strong>est</strong></span> <span class='ocrx_word' id='word_1_790' title='bbox 1738 5172 1807 5227; x_wconf 89' lang='lat' dir='ltr'><strong>ad</strong></span> <span class='ocrx_word' id='word_1_791' title='bbox 1843 5187 1929 5226; x_wconf 92' lang='lat' dir='ltr'><strong>me</strong></span> <span class='ocrx_word' id='word_1_792' title='bbox 1951 5184 2094 5224; x_wconf 89' lang='lat' dir='ltr'><strong>unus</strong></span> 
     </span>
    </p>
   </div>
   <div class='ocr_carea' id='block_1_107' title="bbox 523 5266 2091 5348">
    <p class='ocr_par' dir='ltr' id='par_1_107' title="bbox 523 5266 2091 5348">
     <span class='ocr_line' id='line_1_107' title="bbox 523 5266 2091 5348; baseline -0.013 -12"><span class='ocrx_word' id='word_1_793' title='bbox 523 5296 598 5336; x_wconf 69' lang='grc' dir='ltr'>εκ·</span> <span class='ocrx_word' id='word_1_794' title='bbox 632 5277 930 5348; x_wconf 85' lang='lat' dir='ltr'><strong>seraphim,</strong></span> <span class='ocrx_word' id='word_1_795' title='bbox 964 5284 1018 5330; x_wconf 90' lang='lat' dir='ltr'><strong>et</strong></span> <span class='ocrx_word' id='word_1_796' title='bbox 1053 5273 1287 5327; x_wconf 91' lang='lat' dir='ltr'><strong>habebat</strong></span> <span class='ocrx_word' id='word_1_797' title='bbox 1326 5269 1622 5324; x_wconf 89' lang='lat' dir='ltr'><strong>carbonem</strong></span> <span class='ocrx_word' id='word_1_798' title='bbox 1670 5266 1729 5319; x_wconf 92' lang='lat' dir='ltr'><strong>in</strong></span> <span class='ocrx_word' id='word_1_799' title='bbox 1774 5279 1938 5318; x_wconf 90' lang='lat' dir='ltr'><strong>manu</strong></span> <span class='ocrx_word' id='word_1_800' title='bbox 1969 5277 2091 5327; x_wconf 89' lang='lat' dir='ltr'><strong>sua,</strong></span> 
     </span>
    </p>
   </div>
   <div class='ocr_carea' id='block_1_108' title="bbox 525 5357 2088 5440">
    <p class='ocr_par' dir='ltr' id='par_1_108' title="bbox 525 5357 2088 5440">
     <span class='ocr_line' id='line_1_108' title="bbox 525 5357 2088 5440; baseline -0.01 -16"><span class='ocrx_word' id='word_1_801' title='bbox 525 5384 685 5440; x_wconf 84' lang='lat' dir='ltr'><strong>quem</strong></span> <span class='ocrx_word' id='word_1_802' title='bbox 718 5371 916 5424; x_wconf 88' lang='lat' dir='ltr'><strong>tulerat</strong></span> <span class='ocrx_word' id='word_1_803' title='bbox 942 5367 1150 5436; x_wconf 82' lang='lat' dir='ltr'><strong>forcipe</strong></span> <span class='ocrx_word' id='word_1_804' title='bbox 1180 5363 1248 5418; x_wconf 90' lang='lat' dir='ltr'><strong>de</strong></span> <span class='ocrx_word' id='word_1_805' title='bbox 1273 5361 1456 5416; x_wconf 90' lang='lat' dir='ltr'><strong>altari.</strong></span> <span class='ocrx_word' id='word_1_806' title='bbox 1488 5359 1553 5413; x_wconf 89' lang='lat' dir='ltr'><strong>Et</strong></span> <span class='ocrx_word' id='word_1_807' title='bbox 1575 5357 1753 5429; x_wconf 85' lang='lat' dir='ltr'><strong>tetigit</strong></span> <span class='ocrx_word' id='word_1_808' title='bbox 1772 5357 1920 5411; x_wconf 89' lang='lat' dir='ltr'><strong>labia</strong></span> <span class='ocrx_word' id='word_1_809' title='bbox 1943 5370 2088 5420; x_wconf 89' lang='lat' dir='ltr'><strong>mea,</strong></span> 
     </span>
    </p>
   </div>
   <div class='ocr_carea' id='block_1_109' title="bbox 523 5447 2090 5528">
    <p class='ocr_par' dir='ltr' id='par_1_109' title="bbox 523 5447 2090 5528">
     <span class='ocr_line' id='line_1_109' title="bbox 523 5447 2090 5528; baseline -0.011 -12"><span class='ocrx_word' id='word_1_810' title='bbox 523 5474 578 5516; x_wconf 83' lang='lat' dir='ltr'><strong>et</strong></span> <span class='ocrx_word' id='word_1_811' title='bbox 605 5460 681 5513; x_wconf 90' lang='lat' dir='ltr'><strong>ait</strong></span> <span class='ocrx_word' id='word_1_812' title='bbox 706 5479 720 5514; x_wconf 91' lang='lat'><strong>:</strong></span> <span class='ocrx_word' id='word_1_813' title='bbox 747 5458 886 5514; x_wconf 89' lang='lat' dir='ltr'><strong>Ecce</strong></span> <span class='ocrx_word' id='word_1_814' title='bbox 911 5457 1089 5528; x_wconf 87' lang='lat' dir='ltr'><strong>tetigit</strong></span> <span class='ocrx_word' id='word_1_815' title='bbox 1121 5456 1264 5511; x_wconf 84' lang='lat' dir='ltr'><strong>labia</strong></span> <span class='ocrx_word' id='word_1_816' title='bbox 1293 5461 1411 5519; x_wconf 90' lang='lat' dir='ltr'><strong>tua,</strong></span> <span class='ocrx_word' id='word_1_817' title='bbox 1442 5459 1497 5508; x_wconf 92' lang='lat' dir='ltr'><strong>et</strong></span> <span class='ocrx_word' id='word_1_818' title='bbox 1526 5449 1738 5506; x_wconf 84' lang='lat' dir='ltr'><strong>auferet</strong></span> <span class='ocrx_word' id='word_1_819' title='bbox 1769 5447 2090 5516; x_wconf 90' lang='lat' dir='ltr'><strong>iniquitates</strong></span> 
     </span>
    </p>
   </div>
   <div class='ocr_carea' id='block_1_110' title="bbox 595 5571 1654 5645">
    <p class='ocr_par' dir='ltr' id='par_1_110' title="bbox 595 5571 1654 5645">
     <span class='ocr_line' id='line_1_110' title="bbox 595 5571 1654 5645; baseline -0.004 -15"><span class='ocrx_word' id='word_1_820' title='bbox 595 5577 613 5607; x_wconf 86' lang='grc'>⁷</span> <span class='ocrx_word' id='word_1_821' title='bbox 652 5577 786 5630; x_wconf 87' lang='lat' dir='ltr'><strong>Gen.</strong></span> <span class='ocrx_word' id='word_1_822' title='bbox 825 5593 991 5640; x_wconf 80' lang='lat' dir='ltr'><strong>xvur,</strong></span> <span class='ocrx_word' id='word_1_823' title='bbox 1030 5576 1116 5630; x_wconf 86' lang='grc'>10.</span> <span class='ocrx_word' id='word_1_824' title='bbox 1192 5575 1214 5606; x_wconf 83' lang='grc'><strong>⁸</strong></span> <span class='ocrx_word' id='word_1_825' title='bbox 1253 5573 1273 5627; x_wconf 83' lang='grc' dir='ltr'><strong>ι</strong></span> <span class='ocrx_word' id='word_1_826' title='bbox 1307 5572 1441 5645; x_wconf 83' lang='lat' dir='ltr'><strong>Reg.</strong></span> <span class='ocrx_word' id='word_1_827' title='bbox 1479 5588 1532 5641; x_wconf 90' lang='grc' dir='ltr'><strong>ι,</strong></span> <span class='ocrx_word' id='word_1_828' title='bbox 1568 5571 1654 5628; x_wconf 80' lang='grc'>18.</span> 
     </span>
    </p>
   </div>
   <div class='ocr_carea' id='block_1_111' title="bbox 526 5645 1082 5710">
    <p class='ocr_par' dir='ltr' id='par_1_111' title="bbox 526 5645 1082 5710">
     <span class='ocr_line' id='line_1_111' title="bbox 526 5645 1082 5710; baseline 0.005 -13"><span class='ocrx_word' id='word_1_829' title='bbox 526 5647 571 5678; x_wconf 68' lang='grc'><strong>³³</strong></span> <span class='ocrx_word' id='word_1_830' title='bbox 615 5645 769 5700; x_wconf 86' lang='lat' dir='ltr'><strong>Deut.</strong></span> <span class='ocrx_word' id='word_1_831' title='bbox 807 5660 993 5710; x_wconf 63' lang='grc' dir='ltr'>χχχιι,</span> <span class='ocrx_word' id='word_1_832' title='bbox 1027 5647 1082 5700; x_wconf 90' lang='grc'><strong>8.</strong></span> 
     </span>
    </p>
   </div>
   <div class='ocr_carea' id='block_1_112' title="bbox 598 5735 1394 5810">
    <p class='ocr_par' dir='ltr' id='par_1_112' title="bbox 598 5735 1394 5810">
     <span class='ocr_line' id='line_1_112' title="bbox 598 5735 1394 5810; baseline 0.003 -22"><span class='ocrx_word' id='word_1_833' title='bbox 598 5737 738 5808; x_wconf 77' lang='lat'><strong>(30&#39;)</strong></span> <span class='ocrx_word' id='word_1_834' title='bbox 773 5737 950 5810; x_wconf 62' lang='lat' dir='ltr'><strong>Vulg,</strong></span> <span class='ocrx_word' id='word_1_835' title='bbox 981 5740 1200 5810; x_wconf 74' lang='grc' dir='ltr'>ἤκουσε.</span> <span class='ocrx_word' id='word_1_836' title='bbox 1234 5735 1394 5792; x_wconf 69' lang='lat' dir='ltr'><strong>Eutr.</strong></span> 
     </span>
    </p>
   </div>
   <div class='ocr_carea' id='block_1_113' title="bbox 1760 5565 2204 5633">
    <p class='ocr_par' dir='ltr' id='par_1_113' title="bbox 1760 5565 2204 5633">
     <span class='ocr_line' id='line_1_113' title="bbox 1760 5565 2204 5633; baseline -0.009 -8"><span class='ocrx_word' id='word_1_837' title='bbox 1760 5572 1781 5603; x_wconf 76' lang='grc' dir='ltr'><strong>θ</strong></span> <span class='ocrx_word' id='word_1_838' title='bbox 1821 5569 1967 5626; x_wconf 92' lang='lat' dir='ltr'><strong>Psal.</strong></span> <span class='ocrx_word' id='word_1_839' title='bbox 2007 5582 2116 5633; x_wconf 88' lang='lat' dir='ltr'><strong>cu,</strong></span> <span class='ocrx_word' id='word_1_840' title='bbox 2153 5565 2204 5622; x_wconf 83' lang='lat'><strong>5.</strong></span> 
     </span>
    </p>
   </div>
   <div class='ocr_carea' id='block_1_114' title="bbox 2193 4978 3786 5061">
    <p class='ocr_par' dir='ltr' id='par_1_114' title="bbox 2193 4978 3786 5061">
     <span class='ocr_line' id='line_1_114' title="bbox 2193 4978 3786 5061; baseline -0.001 -19"><span class='ocrx_word' id='word_1_841' title='bbox 2193 4989 2396 5059; x_wconf 87' lang='grc' dir='ltr'>χόμενα</span> <span class='ocrx_word' id='word_1_842' title='bbox 2413 4987 2501 5040; x_wconf 83' lang='grc' dir='ltr'>διὰ</span> <span class='ocrx_word' id='word_1_843' title='bbox 2511 4987 2610 5057; x_wconf 83' lang='grc' dir='ltr'>τῆς</span> <span class='ocrx_word' id='word_1_844' title='bbox 2628 4978 2966 5058; x_wconf 65' lang='grc' dir='ltr'>λειτουργίας</span> <span class='ocrx_word' id='word_1_845' title='bbox 2981 4987 3073 5040; x_wconf 89' lang='grc' dir='ltr'><strong>τοῦ</strong></span> <span class='ocrx_word' id='word_1_846' title='bbox 3092 4988 3300 5058; x_wconf 81' lang='grc' dir='ltr'>ἱερέως,</span> <span class='ocrx_word' id='word_1_847' title='bbox 3318 4989 3584 5060; x_wconf 85' lang='grc' dir='ltr'>κάθαρσιν</span> <span class='ocrx_word' id='word_1_848' title='bbox 3603 4993 3786 5061; x_wconf 71' lang='grc' dir='ltr'>ἀμαρ-</span> 
     </span>
    </p>
   </div>
   <div class='ocr_carea' id='block_1_115' title="bbox 2191 5078 3784 5151">
    <p class='ocr_par' dir='ltr' id='par_1_115' title="bbox 2191 5078 3784 5151">
     <span class='ocr_line' id='line_1_115' title="bbox 2191 5078 3784 5151; baseline 0.001 -20"><span class='ocrx_word' id='word_1_849' title='bbox 2191 5080 2450 5150; x_wconf 84' lang='grc' dir='ltr'>τημάτων</span> <span class='ocrx_word' id='word_1_850' title='bbox 2481 5079 2558 5150; x_wconf 82' lang='grc' dir='ltr'>τῷ</span> <span class='ocrx_word' id='word_1_851' title='bbox 2579 5079 2815 5132; x_wconf 82' lang='grc' dir='ltr'>αἰτοῦντι</span> <span class='ocrx_word' id='word_1_852' title='bbox 2854 5078 3196 5151; x_wconf 77' lang='grc' dir='ltr'>χαρίζονται;</span> <span class='ocrx_word' id='word_1_853' title='bbox 3221 5080 3332 5133; x_wconf 81' lang='grc' dir='ltr'>Καὶ</span> <span class='ocrx_word' id='word_1_854' title='bbox 3370 5081 3452 5132; x_wconf 87' lang='grc' dir='ltr'>ὅτι</span> <span class='ocrx_word' id='word_1_855' title='bbox 3488 5082 3546 5133; x_wconf 84' lang='grc' dir='ltr'><strong>ἐν</strong></span> <span class='ocrx_word' id='word_1_856' title='bbox 3567 5082 3784 5144; x_wconf 78' lang='grc' dir='ltr'>τούτοις</span> 
     </span>
    </p>
   </div>
   <div class='ocr_carea' id='block_1_116' title="bbox 2190 5171 3781 5243">
    <p class='ocr_par' dir='ltr' id='par_1_116' title="bbox 2190 5171 3781 5243">
     <span class='ocr_line' id='line_1_116' title="bbox 2190 5171 3781 5243; baseline -0.001 -19"><span class='ocrx_word' id='word_1_857' title='bbox 2190 5174 2252 5225; x_wconf 85' lang='grc' dir='ltr'><strong>τὸ</strong></span> <span class='ocrx_word' id='word_1_858' title='bbox 2281 5171 2686 5243; x_wconf 85' lang='grc' dir='ltr'>θυσιαστήριον,</span> <span class='ocrx_word' id='word_1_859' title='bbox 2714 5172 2878 5226; x_wconf 84' lang='grc' dir='ltr'>ἄκουε</span> <span class='ocrx_word' id='word_1_860' title='bbox 2917 5173 3140 5226; x_wconf 85' lang='grc' dir='ltr'><strong>Ἡσαῖου</strong></span> <span class='ocrx_word' id='word_1_861' title='bbox 3162 5172 3256 5226; x_wconf 86' lang='grc' dir='ltr'><strong>τοῦ</strong></span> <span class='ocrx_word' id='word_1_862' title='bbox 3286 5176 3569 5243; x_wconf 84' lang='grc' dir='ltr'>προφήτου</span> <span class='ocrx_word' id='word_1_863' title='bbox 3606 5174 3781 5239; x_wconf 81' lang='grc' dir='ltr'>βοῶν-</span> 
     </span>
    </p>
   </div>
   <div class='ocr_carea' id='block_1_117' title="bbox 2192 5260 3781 5333">
    <p class='ocr_par' dir='ltr' id='par_1_117' title="bbox 2192 5260 3781 5333">
     <span class='ocr_line' id='line_1_117' title="bbox 2192 5260 3781 5333; baseline -0.001 -19"><span class='ocrx_word' id='word_1_864' title='bbox 2192 5279 2303 5324; x_wconf 89' lang='grc' dir='ltr'>τος·</span> <span class='ocrx_word' id='word_1_865' title='bbox 2342 5280 2361 5312; x_wconf 74' lang='grc' dir='ltr'><strong>ι</strong></span> <span class='ocrx_word' id='word_1_866' title='bbox 2404 5260 2722 5333; x_wconf 86' lang='grc' dir='ltr'>Ἐθεώρουν,</span> <span class='ocrx_word' id='word_1_867' title='bbox 2759 5263 2851 5316; x_wconf 75' lang='grc' dir='ltr'><strong>καὶ</strong></span> <span class='ocrx_word' id='word_1_868' title='bbox 2883 5263 2990 5316; x_wconf 81' lang='grc' dir='ltr'>ἰδοὺ</span> <span class='ocrx_word' id='word_1_869' title='bbox 3021 5263 3298 5333; x_wconf 85' lang='grc' dir='ltr'>ἀπεστάλη</span> <span class='ocrx_word' id='word_1_870' title='bbox 3330 5263 3558 5332; x_wconf 81' lang='grc' dir='ltr'>πρὸς,μέ</span> <span class='ocrx_word' id='word_1_871' title='bbox 3583 5264 3645 5315; x_wconf 88' lang='grc' dir='ltr'>ἓν</span> <span class='ocrx_word' id='word_1_872' title='bbox 3672 5264 3781 5315; x_wconf 80' lang='grc' dir='ltr'><strong>τῶν</strong></span> 
     </span>
    </p>
   </div>
   <div class='ocr_carea' id='block_1_118' title="bbox 2199 5333 3777 5424">
    <p class='ocr_par' dir='ltr' id='par_1_118' title="bbox 2199 5333 3777 5424">
     <span class='ocr_line' id='line_1_118' title="bbox 2199 5333 3777 5424; baseline 0 -18"><span class='ocrx_word' id='word_1_873' title='bbox 2199 5353 2461 5424; x_wconf 74' lang='grc' dir='ltr'>σεραφὶμ,</span> <span class='ocrx_word' id='word_1_874' title='bbox 2493 5354 2588 5406; x_wconf 82' lang='grc' dir='ltr'>καὶ</span> <span class='ocrx_word' id='word_1_875' title='bbox 2606 5349 2750 5423; x_wconf 83' lang='grc' dir='ltr'>εἶχεν</span> <span class='ocrx_word' id='word_1_876' title='bbox 2777 5355 3021 5424; x_wconf 85' lang='grc' dir='ltr'>ἄνθρακα</span> <span class='ocrx_word' id='word_1_877' title='bbox 3054 5356 3111 5406; x_wconf 86' lang='grc' dir='ltr'><strong>ἐν</strong></span> <span class='ocrx_word' id='word_1_878' title='bbox 3141 5356 3204 5424; x_wconf 81' lang='grc' dir='ltr'>τῇ</span> <span class='ocrx_word' id='word_1_879' title='bbox 3240 5355 3383 5424; x_wconf 74' lang='grc' dir='ltr'>χειρὶ</span> <span class='ocrx_word' id='word_1_880' title='bbox 3413 5333 3602 5414; x_wconf 84' lang='grc' dir='ltr'>αὑτοῦ,</span> <span class='ocrx_word' id='word_1_881' title='bbox 3631 5354 3692 5406; x_wconf 85' lang='grc' dir='ltr'><strong>δν</strong></span> <span class='ocrx_word' id='word_1_882' title='bbox 3713 5358 3777 5423; x_wconf 75' lang='grc' dir='ltr'>τῇ</span> 
     </span>
    </p>
   </div>
   <div class='ocr_carea' id='block_1_119' title="bbox 2196 5444 3781 5515">
    <p class='ocr_par' dir='ltr' id='par_1_119' title="bbox 2196 5444 3781 5515">
     <span class='ocr_line' id='line_1_119' title="bbox 2196 5444 3781 5515; baseline -0.003 -17"><span class='ocrx_word' id='word_1_883' title='bbox 2196 5445 2371 5498; x_wconf 79' lang='grc' dir='ltr'>λαὸίδι</span> <span class='ocrx_word' id='word_1_884' title='bbox 2397 5444 2586 5498; x_wconf 76' lang='grc' dir='ltr'>ἐλαϐεν</span> <span class='ocrx_word' id='word_1_885' title='bbox 2617 5446 2724 5498; x_wconf 88' lang='grc' dir='ltr'><strong>ἀπὸ</strong></span> <span class='ocrx_word' id='word_1_886' title='bbox 2753 5445 2846 5498; x_wconf 87' lang='grc' dir='ltr'><strong>τοῦ</strong></span> <span class='ocrx_word' id='word_1_887' title='bbox 2877 5445 3280 5515; x_wconf 86' lang='grc' dir='ltr'>θυσιαστηρίου·</span> <span class='ocrx_word' id='word_1_888' title='bbox 3323 5444 3419 5498; x_wconf 81' lang='grc' dir='ltr'>καὶ</span> <span class='ocrx_word' id='word_1_889' title='bbox 3460 5444 3643 5515; x_wconf 78' lang='grc' dir='ltr'>ἥψατο</span> <span class='ocrx_word' id='word_1_890' title='bbox 3671 5445 3781 5497; x_wconf 86' lang='grc' dir='ltr'><strong>τῶν</strong></span> 
     </span>
    </p>
   </div>
   <div class='ocr_carea' id='block_1_120' title="bbox 2324 5562 3774 5631">
    <p class='ocr_par' dir='ltr' id='par_1_120' title="bbox 2324 5562 3774 5631">
     <span class='ocr_line' id='line_1_120' title="bbox 2324 5562 3774 5631; baseline -0.002 -12"><span class='ocrx_word' id='word_1_891' title='bbox 2324 5566 2368 5597; x_wconf 83' lang='grc'><strong>¹⁰</strong></span> <span class='ocrx_word' id='word_1_892' title='bbox 2407 5563 2542 5619; x_wconf 87' lang='lat' dir='ltr'><strong>Luc.</strong></span> <span class='ocrx_word' id='word_1_893' title='bbox 2581 5581 2632 5631; x_wconf 85' lang='grc' dir='ltr'><strong>ι,</strong></span> <span class='ocrx_word' id='word_1_894' title='bbox 2670 5565 2759 5619; x_wconf 82' lang='grc'>56.</span> <span class='ocrx_word' id='word_1_895' title='bbox 2866 5565 2908 5596; x_wconf 74' lang='grc' dir='ltr'>¹ί</span> <span class='ocrx_word' id='word_1_896' title='bbox 2950 5565 3083 5619; x_wconf 91' lang='lat' dir='ltr'><strong>ibid.</strong></span> <span class='ocrx_word' id='word_1_897' title='bbox 3124 5565 3208 5618; x_wconf 82' lang='lat' dir='ltr'><strong>ll.</strong></span> <span class='ocrx_word' id='word_1_898' title='bbox 3289 5567 3333 5595; x_wconf 82' lang='grc'>¹²</span> <span class='ocrx_word' id='word_1_899' title='bbox 3372 5562 3536 5620; x_wconf 88' lang='lat' dir='ltr'><strong>Prov.</strong></span> <span class='ocrx_word' id='word_1_900' title='bbox 3575 5580 3653 5631; x_wconf 81' lang='lat' dir='ltr'><strong>tv,</strong></span> <span class='ocrx_word' id='word_1_901' title='bbox 3685 5562 3774 5616; x_wconf 75' lang='lat'><strong>‘27.</strong></span> 
     </span>
    </p>
   </div>
   <div class='ocr_carea' id='block_1_121' title="bbox 2293 5725 3428 5800">
    <p class='ocr_par' dir='ltr' id='par_1_121' title="bbox 2293 5725 3428 5800">
     <span class='ocr_line' id='line_1_121' title="bbox 2293 5725 3428 5800; baseline -0.004 -17"><span class='ocrx_word' id='word_1_902' title='bbox 2293 5727 2447 5800; x_wconf 71' lang='lat'><strong>(50&quot;)</strong></span> <span class='ocrx_word' id='word_1_903' title='bbox 2481 5725 2664 5798; x_wconf 81' lang='lat' dir='ltr'><strong>Vulg.,</strong></span> <span class='ocrx_word' id='word_1_904' title='bbox 2696 5729 2911 5796; x_wconf 80' lang='grc' dir='ltr'>ἑστῶτι,</span> <span class='ocrx_word' id='word_1_905' title='bbox 2938 5743 3242 5799; x_wconf 83' lang='lat' dir='ltr'><strong>perperam.</strong></span> <span class='ocrx_word' id='word_1_906' title='bbox 3281 5726 3428 5782; x_wconf 74' lang='lat' dir='ltr'><strong>lnu.</strong></span> 
     </span>
    </p>
   </div>
  </div>
