3868 6206
106 341 215 401 909

985 326 1378 386 HOMILIA'IN
1415 316 1892 379 NATWITATEM
1925 312 2460 371 PBECURSORIS.

3242 306 3348 360 9l0

104 456 334 526 χειλέων
359 471 481 525 μου,
507 451 596 504 καὶ
618 445 786 502 εἶπεν
827 446 956 500 Ἰδοὺ
980 445 1158 516 ἥψατο
1183 443 1291 496 τῶν
1317 441 1538 512 χειλέων
1564 457 1678 503 σου,
1710 489 1715 500 η

1803 450 1928 498 uas,
1979 441 2033 488 et
2070 438 2292 502 peccata
2335 439 2431 484 tua
2473 429 2725 500 purgabit
2747 428 2811 483 “.
2839 449 2856 479 ι
2891 425 3084 482 Viden‘
3120 401 3344 498 quinam

103 549 204 604 καὶ
238 547 458 616 ἀφαιρεῖ
486 543 581 606 τὰς
606 540 832 611 ἀνομίας
855 556 971 602 σου,
1010 539 1104 592 καὶ
1137 535 1237 600 τὰς
1271 535 1544 608 ἁμαρτίας
1590 549 1682 584 σου

103 638 512 710 περικαθαριεῐ.
546 655 563 685 ι
615 630 767 695 Εἶδες
812 632 957 694 τίνες
992 630 1350 701 παρίστανται
1382 626 1460 696 τῷ
1493 625 1682 677 θυσια‹

105 731 342 801 στηρίῳ,
391 729 482 780 καὶ
518 725 647 787 οἵοις
687 723 983 793 ὀφθαλμοῖς
1018 721 1099 773 δεῖ
1139 717 1462 782 ἐνατενίζειν
1503 715 1680 781 ἔνδον,

102 822 395 893 καθαροῖς,
427 818 655 880 ἀδόλοις,
691 815 1087 886 εὐμεταδότοις,
1116 809 1504 880 φιλοπτώχοις;

182 910 238 963 2.
265 881 458 962 ITivoﬁv
477 909 506 960 6
535 881 924 975 εύαγγελιστὴς
949 904 1192 967 Λουκᾶς;
1226 900 1388 954 καλὸν
1408 881 1686 970 γὰρθήμᾶς

101 1003 214 1071 τῆς
243 1001 422 1070 πάσης
439 997 818 1070 πραγματείας
845 993 1212 1050 ἐπιλαϐέσθαι·
1247 1010 1266 1043 ι
1301 990 1478 1060 Ὠφθη
1506 989 1562 1042 δὲ
1586 990 1683 1041 αὑ-

101 1093 217 1167 τῷ,
272 1093 454 1164 φησὶν,
513 1089 742 1158 ἄγγελος
774 1087 978 1159 Κυρίου
1024 1085 1194 1148 ἑστὼς
1240 1087 1305 1136 ἐκ
1345 1080 1532 1148 δεξιῶν
1590 1079 1686 1133 τοῦ

106 1182 503 1255 θυσιαστηρίου
553 1180 646 1234 τοῦ
687 1180 1048 1250 θυμιάματος.
1095 1177 1204 1229 Καὶ
1239 1175 1360 1227 ἰδὼν
1389 1173 1684 1244 Ζαχαρίας,

105 1275 416 1346 ἐταράχθη,
459 1273 554 1326 καὶ
597 1270 759 1340 φόϐος
803 1271 1066 1322 ἐπέπεσεν
1113 1268 1198 1320 ἐπ’
1231 1266 1410 1319 αὐτόν.
1458 1262 1591 1318 Εἷπε
1631 1265 1688 1317 δὲ

105 1365 268 1434 αὑτῷ
294 1367 322 1417 6
356 1361 602 1430 ἄγγελος·
636 1361 727 1430 Μὴ
762 1359 948 1428 φοϐοῦ,
979 1358 1241 1428 Ζαχαρία,
1269 1356 1402 1408 διότι
1434 1353 1687 1426 εἰσηκού-

107 1456 222 1526 σθη
249 1457 282 1526 ἡ
304 1454 482 1525 δέησίς
506 1469 620 1516 σου,
651 1451 744 1504 καὶ
775 1451 880 1502 ἰδοὺ
918 1449 1197 1502 Ἐλισάϐετ
1221 1450 1254 1518 ἡ
1275 1449 1542 1518 συγγενής
1563 1464 1656 1499 σου
1673 1489 1687 1511 ,

106 1546 368 1615 γεννήσει
393 1543 505 1595 υίόν
527 1559 629 1606 σοι,
655 1541 748 1594 καὶ
769 1538 1015 1602 καλέσεις
1037 1538 1098 1590 τὸ
1117 1538 1284 1606 ὄνομα
1309 1537 1472 1591 αὑτοῦ
1513 1537 1691 1590 Ἰωάν-

108 1655 240 1708 νην.
274 1635 382 1689 Καὶ
414 1634 566 1687 ἔσται
591 1630 734 1701 χαρά
765 1647 844 1683 σοι
880 1630 972 1684 καὶ
1015 1629 1352 1697 ἀγαλλίασις,
1397 1630 1490 1683 καὶ
1528 1631 1690 1682 παντὶ¹

1785 529 1894 582 sint
1915 525 2010 595 qui
2038 524 2194 578 altari
2227 523 2430 586 astant,
2458 529 2512 575 et
2533 521 2860 590 quibusnam
2891 520 3066 575 oculis
3089 520 3349 588 introspi-

1784 632 1910 672 cere
1939 631 2038 686 par
2090 616 2183 675 sit.
2216 613 2474 674 sinceris,
2510 613 2637 667 dolo
2665 613 3002 677 carentibus,
3049 611 3345 678 muniﬁcis,

1785 724 2082 778 pauperum
2115 706 2422 760 amantibus
2451 704 2474 756 ?

1855 887 1914 944 2.
1951 885 2092 952 Quid
2128 885 2293 957 igitur
2331 884 2507 941 Lucas
2539 883 2909 956 evangelista?
2943 889 3162 954 oportet
3205 881 3350 938 enim

1788 987 1961 1034 totum
2022 991 2354 1033 resumere:
2402 995 2422 1027 ι
2454 975 2632 1044 lVisus
2689 975 2774 1042 ei,
2840 975 3058 1046 inquiti,
3129 976 3352 1046 angelus

1788 1069 2024 1133 Domini,
2055 1078 2206 1124 stans
2248 1083 2278 1121 a
2323 1067 2529 1122 dextris
2561 1067 2748 1122 altaris
2788 1067 3017 1123 incensi.
3065 1067 3130 1122 Et
3160 1067 3354 1124 videns

1789 1161 2083 1216 Zacharias
2113 1159 2366 1213 turbatus
2397 1165 2501 1221 est,
2524 1165 2577 1212 et
2601 1158 2766 1211 timor
2787 1157 2984 1212 cecidit
3013 1173 3177 1227 super
3202 1172 3351 1212 eum.

1789 1255 1880 1307 Ait
1909 1261 2092 1308 autem
2126 1252 2203 1305 illi
2233 1250 2456 1320 angelus
2483 1269 2496 1304 :
2521 1248 2600 1304 Ne
2631 1250 2847 1315 timeas,
2889 1249 3177 1314 Zarharia,
3209 1266 3354 1321 quo-

1791 1347 1936 1399 niam
1961 1343 2214 1399 exaudita
2245 1351 2328 1398 est
2357 1342 2534 1394 oratio
2565 1350 2679 1407 tua,
2701 1347 2755 1395 et
2792 1356 2919 1396 ecce
2950 1340 3189 1397 Elisabet
3215 1357 3355 1396 uxor

1798 1447 1888 1490 tua
1915 1437 2088 1506 pariet
2120 1434 2218 1488 tibi
2272 1433 2438 1487 ﬁlium
2482 1440 2536 1487 et
2565 1434 2784 1488 vocabis
2815 1449 3012 1487 nomen
3042 1434 3161 1503 ejus
3189 1432 3357 1488 Joan-

1793 1544 1937 1584 nem.
1981 1527 2047 1580 Et
2092 1527 2196 1580 erit
2222 1527 2318 1580 tibi
2366 1525 2622 1596 gaudium
2665 1532 2720 1580 et
2769 1525 3062 1580 exsultatio
3108 1533 3163 1580 et
3205 1526 3357 1580 omni

1789 1621 1989 1690 populo
2019 1628 2113 1673 tuo
2135 1619 2199 1671 ³³.
2229 1637 2247 1670 ι
2282 1616 2407 1672 Haec
2429 1618 2680 1688 loquente
2717 1619 2928 1687 angelo,
2963 1632 3160 1686 pavore
3195 1632 3259 1672 ac
3287 1618 3356 1671 ti-

109 1707 198 1800 τῷ
220 1727 335 1799 λαῷ
371 1744 486 1780 σου.
524 1744 542 1776 ι
577 1724 760 1777 Ταῦτα
793 1722 886 1776 τοῦ
931 1723 1160 1790 ἀγγέλου
1203 1721 1627 1793 διαγορεύοντος,
1661 1723 1690 1772 6

1803 1725 1944 1764 more
1963 1709 2056 1764 Dei
2083 1717 2366 1778 correptus
2391 1707 2682 1763 Zacharias
2699 1709 2981 1777 respondit
3003 1709 3080 1762 illi
3104 1729 3116 1762 :
3137 1708 3360 1779 Absque

113 1779 394 1891 Ζάχαριίας
415 1821 470 1871 ἐν
490 1816 680 1884 τούτῳ,
708 1814 876 1884 δειλίᾳ
899 1779 992 1866 καί
1013 1779 1160 1883 φόϐῳ
1183 1779 1316 1865 Θεοῦ
1344 1779 1687 1881 συλληφθεὶς,

1803 1800 1991 1854 timore
2030 1799 2193 1867 jubes
2239 1814 2324 1852 me
2359 1797 2692 1860 ministrare,
2742 1799 2932 1867 aisque
2963 1799 3096 1852 mihi
3123 1817 3136 1853 :
3167 1797 3244 1854 Ne
3288 1799 3360 1852 ti-

114 1911 497 1982 ἀνταπεκρίθη
530 1911 663 1982 πρὸς
689 1910 776 1962 τὸν
807 1906 1034 1975 ἄγγελον
1071 1905 1311 1973 φάσκωνο
1351 1904 1497 1968 Ἕξω
1525 1903 1689 1972 φόϐου

116 2003 366 2066 κελεύεις
403 2020 468 2073 με
510 2002 827 2071 ὑπουργεῖν,
872 1999 965 2052 καὶ
1007 1997 1182 2065 λέγεις
1220 2013 1328 2066 μοι·
1371 1997 1462 2065 Μὴ
1501 1993 1688 2064 φοϐοῦ,

117 2097 391 2168 Ζαχαρίαο
418 2094 512 2148 καὶ
545 2092 662 2156 πῶς
685 2088 794 2144 οἷόν
818 2107 878 2142 τε
906 2087 1097 2154 τοῦτο;
1143 2091 1206 2141 Ὃ
1240 2089 1338 2140 οὐκ
1369 2083 1508 2139 εἶδόν
1539 2102 1689 2150 ποτε,

116 2188 221 2242 νῦν
247 2190 305 2240 ἐν
331 2185 564 2257 πρώτοις
595 2183 876 2252 τεθέαμαι,
909 2181 1020 2252 πῦρ
1051 2175 1692 2250 φθεγγόμενον,’άσώμα-

115 2293 215 2331 τον
267 2275 546 2346 ἄνθρωπον
569 2313 584 2338 ,
628 2270 984 2342 ζωγραφητὸν
1032 2270 1353 2339 πρόσωπον,
1404 2266 1696 2320 ἀσύνθετον

116 2367 270 2436 ὕψιν,
301 2364 752 2434 νεφελοσύστατον
783 2363 985 2432 σχῆμα,
1017 2360 1309 2431 άερόϐατον
1337 2359 1538 2430 δρομέα
1566 2375 1695 2411 πτε-

124 2456 368 2527 ροϐόλον,
388 2454 804 2526 θυσιοπάρεδρον
819 2453 974 2520 λόγον
989 2451 1288 2514 ἐκϐάλλεις,
1314 2453 1404 2504 καὶ
1421 2451 1581 2520 φόϐον
1597 2451 1652 2502 δε
1660 2469 1696 2503 ι-

120 2549 332 2612 κνύεις·
343 2549 412 2602 τά
432 2549 498 2619 ῥή
508 2547 649 2618 ματά
665 2563 758 2598 σου
771 2544 992 2614 πύρινα,
1006 2545 1100 2598 καὶ
1114 2544 1179 2597 τὰ
1198 2544 1584 2614 ἐπαγγέλματά
1601 2533 1694 2596 σου

123 2641 414 2694 δύσπιστα.
442 2638 718 2692 Ἐλισάϐετ
737 2637 1082 2708 κυοφορήσει,
1106 2635 1259 2704 κάγὼ
1288 2637 1469 2708 πατὴρ
1495 2636 1698 2690 ἀναδει-

125 2735 402 2809 χθήσομαι
421 2749 438 2801 ;
455 2733 583 2787 ’θτε
605 2731 831 2787 θανάτου
852 2731 1109 2800 γειτονία,
1125 2731 1245 2784 τότε
1262 2731 1450 2794 παιδὸς
1468 2749 1699 2803 φυτουρ-

124 2831 224 2898 γία
249 2830 398 2895 ;⁹Ὀτε
417 2826 640 2887 πάππος
653 2822 1000 2896 τὴνὴλικίαν,
1016 2823 1135 2876 τότε
1162 2823 1345 2893 πατὴρ
1359 2821 1456 2892 τὴν
1477 2821 1700 2894 προσδο-

123 2920 257 2974 κίαν
278 2936 293 2984 ;
313 2919 471 2985 λόγος
509 2917 645 2987 πρὸς
685 2915 840 2984 γόνον
862 2914 1052 2976 οὐδείς·
1069 2912 1297 2983 ἐσϐέσθη
1319 2912 1387 2965 τὰ
1407 2910 1700 2983 γεννητικὰ

129 3013 322 3083 μόρια,
354 3008 682 3079 ἐκαθεύδησε
706 3006 889 3059 λοιπὸν
917 3008 950 3076 ἡ
979 3005 1160 3075 φύσις,
1191 3003 1534 3068 ἁδιύπνιστος
1563 3003 1701 3076 πρὸς

1793 1907 1966 1954 meas,
2002 1890 2304 1956 Zacharia;
2351 1904 2542 1959 ecqua.
2573 1892 2782 1945 ratione
2827 1890 2942 1944 ﬁeri
2986 1891 3118 1945 illud
3147 1892 3362 1962 potest?

1793 1981 1948 2046 Quod
1991 1996 2269 2049 nunquam
2300 1980 2542 2034 videram
2593 1996 2739 2036 nunc
2784 1982 3018 2050 primum
3055 1984 3358 2052 conspicio,

1795 2073 2107 2143 loquentem
2134 2073 2334 2143 ignem,
2356 2071 2739 2142 incorporeum
2761 2073 3059 2136 hominem,
3084 2073 3361 2145 depictum

1796 2166 2029 2232 vultum,
2077 2164 2498 2234 incompositum
2552 2174 2854 2234 aspectum,
2901 2165 3148 2219 habitum
3200 2167 3363 2221 nubis

1796 2257 2030 2326 speciem
2054 2254 2340 2322 ferentem,
2364 2270 2580 2309 aereum
2602 2270 2881 2311 cursorem
2902 2257 3127 2320 alatum,
3155 2272 3362 2313 sermo-

1795 2360 1922 2399 nem
1955 2346 2096 2399 inter
2114 2343 2382 2400 sacriﬁcia
2405 2354 2773 2415 erumpentem
2793 2347 3020 2412 emittis,
3041 2357 3244 2401 metum
3273 2349 3324 2401 in
3343 2377 3360 2390 -

1797 2435 1963 2496 cutis,
1993 2435 2156 2488 verba
2181 2443 2269 2488 tua
2305 2435 2481 2504 ignea,
2504 2443 2557 2488 et
2582 2437 2850 2504 promissa
2873 2443 2964 2490 tua
2992 2438 3204 2506 creditu
3224 2437 3364 2491 ditii-

1799 2528 1944 2582 ciiia.
1971 2526 2208 2581 Elisabet
2233 2535 2447 2581 uterum
2469 2528 2734 2597 gestabit;
2768 2539 2941 2598 et'ego
2959 2538 3113 2598 pater
3133 2545 3256 2587 esse
3273 2531 3366 2584 de-

1799 2617 2089 2674 clarabor?
2115 2617 2250 2672 Cum
2290 2619 2466 2672 vicina
2497 2634 2664 2683 mors,
2702 2626 2889 2674 tumne
2916 2635 3050 2689 puer
3083 2621 3324 2691 gignitur
3343 2624 3368 2674 ?

1798 2709 1936 2764 Cum
1965 2717 2125 2764 aetate
2149 2725 2282 2764 avus
2310 2724 2429 2763 esse
2447 2712 2672 2781 possim,
2699 2717 2885 2764 tumne
2909 2726 2994 2764 me
3018 2722 3224 2782 patrem
3253 2712 3369 2766 fore

1800 2799 2128 2868 sperandum
2142 2799 2164 2851 ?
2177 2798 2332 2852 Nulla
2354 2800 2606 2870 gignendi
2627 2800 2765 2855 ratio
2782 2820 2796 2856 ;
2819 2802 3074 2871 genitalia
3095 2803 3365 2858 exstincta

1798 2890 1956 2962 331
2002 2896 2149 2955 sunt,
2182 2889 2382 2942 dormit
2409 2889 2522 2958 jam
2555 2898 2768 2956 natura,
2801 2906 2900 2944 nec
2933 2891 3158 2946 excitari
3177 2898 3370 2962 potest

1802 2981 1871 3035 ad
1899 2983 2416 3052 concupiscentiam,
2441 2981 2506 3034 ad
2538 2982 2861 3036 oblivionem
2891 2983 2977 3037 sui
3007 2983 3238 3038 devenit.
3261 2983 3371 3053 Ego

124 3076 314 3176 ϐρεξιν
345 3087 526 3173 privet;
542 3076 710 3171 λήθην
740 3099 935 3169 ἑαυτῆς
966 3096 1276 3168 εἰργάσατο.
1309 3096 1480 3165 Κάγὼ
1505 3095 1584 3165 τῷ
1607 3097 1700 3166 γή-

1803 3093 1914 3148 prae
1942 3083 2218 3132 senectute
2244 3090 2432 3131 versus
2459 3083 2656 3128 terram
2689 3085 2944 3129 curvatus
2971 3091 3112 3140 sum,
3133 3077 3242 3144 jam
3267 3076 3371 3130 sibi

129 3165 260 3269 ρατι
284 3165 358 3265 τῇ.
378 3197 449 3264 γῇ
474 3165 862 3264 προσνέ-νευκα,
889 3165 982 3242 καὶ
1021 3165 1299 3241 Ἑλισάϐετ
1325 3187 1461 3257 πρὸς
1490 3165 1704 3256 ἑτοιμα-

1805 3169 2043 3224 Elisabet
2092 3170 2344 3238 baculum
2407 3167 2702 3238 apparavit.
2740 3165 2912 3221 Semel
2962 3168 3110 3221 arida
3139 3167 3373 3223 Aaronis

131 3290 258 3343 σίαν
291 3286 589 3358 βακτηρίαν
618 3284 956 3356 μεμίσθωται
977 3322 991 3335 .
1057 3280 1240 3346 Ἀπαξ
1270 3282 1303 3350 ἡ
1342 3278 1480 3349 ξηρά
1509 3278 1703 3349 ῥάϐδος

131 3383 229 3436 τοῦ
265 3380 472 3451 Ἀαρὼν
500 3379 750 3450 ⁸ἤνθησεν,
778 3377 898 3447 οὐχὶ
917 3375 974 3428 δὲ
997 3373 1271 3437 πολλάκις.
1299 3373 1454 3426 Κατὰ
1482 3373 1534 3424 τί
1565 3371 1704 3438 γνώ-

136 3490 306 3544 σομαι
336 3472 523 3537 τοῦτο;
564 3472 620 3524 '0
648 3470 704 3523 δὲ
732 3464 960 3537 ἄγγελος
998 3468 1134 3539 πρὸς
1169 3467 1330 3519 αὐτόν
1350 3483 1364 3496 ·
1395 3465 1460 3516 Τί
1524 3463 1707 3517 ἀδολε-

136 3555 290 3638 σχεῗς
310 3565 592 3636 ,Ζαχαρία
614 3565 747 3629 ;’καὶ
781 3560 1100 3632 ἱερατεύεις,
1133 3560 1226 3613 καὶ
1256 3556 1562 3620 διστάζεις;
1612 3555 1705 3628 Μὴ

135 3662 245 3714 οὐκ
275 3656 345 3732 ἦν
387 3658 638 3731 Ἀϐραὰμ
675 3654 1083 3724 ἑκατονταετὴς,
1119 3653 1214 3706 καὶ
1242 3651 1427 3723 Σάρρα
1461 3650 1596 3719 πρὸς
1623 3648 1709 3701 νέ-

133 3770 347 3826 κρωσιν
379 3753 598 3824 μήτρας
621 3749 1024 3821 ἀσχολουμένη;
1060 3744 1147 3816 Μὴ
1192 3743 1428 3796 ἔστειλεν
1450 3744 1478 3795 6
1502 3743 1708 3795 τούτων

135 3844 386 3917 καρπός;
417 3845 480 3896 Ei
514 3844 587 3914 μὴ
612 3838 754 3912 εἶχες
781 3838 1172 3908 ὑποδείγματα,
1200 3835 1378 3898 καλῶς
1401 3834 1704 3897 ἐδίστασας·

136 3937 190 3991 εἰ
232 3936 292 3990 δὲ
334 3935 392 4002 ἐξ
427 3934 647 3987 ἐκείνων
677 3933 912 4004 κατάγῃ,
946 3930 998 3982 τί
1035 3928 1103 3982 τὰ
1140 3927 1362 3981 ἐκείνων
1397 3927 1455 3978 οὐ
1487 3926 1707 3997 διανοῇ,

146 4026 210 4080 Ὅ
239 4024 448 4088 ἐθνικὸς
499 4022 748 4094 Ἀϐραὰμ
781 4021 1083 4082 ἐπίστευσε,
1120 4019 1214 4071 καὶ
1243 4017 1271 4068 6
1309 4015 1576 4087 ίερατικὸς
1605 4016 1712 4085 άμ-

139 4117 454 4188 φιϐάλλεις;
498 4117 702 4176 ἐκεῖνος
737 4112 892 4173 ἐκτὸς
922 4109 1262 4179 θυμιάματος
1295 4105 1584 4177 ἐμυρίσθη,
1616 4105 1710 4158 καὶ⁵

140 4211 208 4263 σὺ
247 4209 303 4260 ἐν
335 4205 413 4276 τῷ
445 4200 810 4272 θυσιαστηρίῳ
833 4196 1198 4267 ἐκαπνίσθης;
1234 4196 1438 4258 ἐκεῖνος
1465 4194 1554 4247 τὸν
1581 4193 1712 4263 κλη-

142 4300 371 4373 ρονόμον
396 4296 682 4367 δεχόμενος
709 4291 1019 4362 ἠγαλλιᾶτο,
1052 4290 1145 4343 καὶ
1179 4289 1243 4341 σὺ
1275 4287 1366 4340 τὸν
1407 4286 1709 4357 πρόδρομον

152 4393 408 4460 Ἰωάννην
439 4389 520 4451 είς
550 4385 699 4440 οὐδὲν
742 4382 964 4453 λογίζῃ;
996 4379 1165 4443 Αὐτός
1198 4396 1256 4432 σε
1285 4379 1383 4448 τῆς
1415 4377 1710 4445 καταδίκης

1801 3265 1952 3332 virga
2006 3261 2266 3325 ﬂoruit“,
2300 3261 2395 3316 sed
2447 3275 2558 3314 non
2607 3259 2831 3329 pluries.
2871 3259 2990 3324 Quo
3039 3261 3194 3329 signo
3240 3261 3374 3315 illud

1801 3355 2014 3410 norim?
2040 3354 2177 3408 Tum
2213 3354 2439 3423 angelus
2477 3353 2551 3406 illi
2587 3371 2600 3406 :
2636 3353 2775 3418 Quid
2804 3353 3048 3421 nugaris,
3074 3352 3373 3408 Zacliaria‘,

1803 3445 2110 3502 sacerdotio
2150 3444 2390 3514 iungeris
2441 3451 2494 3497 et
2541 3442 2794 3497 dubitas?
2845 3440 3036 3496 Nonne
3098 3442 3376 3496 Abraham

1805 3543 2172 3600 centenarius,
2192 3545 2246 3592 et
2264 3536 2411 3590 Sara:
2433 3537 2590 3590 vulva
2617 3534 2885 3588 exstincta
2911 3534 2952 3564 "
2969 3534 3118 3588 erat?
3149 3534 3228 3600 An
3256 3533 3376 3588 ideo

1804 3643 1994 3684 eorum
2047 3627 2257 3681 fructus
2309 3626 2583 3681 cohibitus
2633 3624 2755 3678 est?
2791 3623 2849 3677 Si
2895 3638 3003 3677 non
3066 3631 3378 3693 suppeteret

1806 3718 2133 3788 exemplum,
2154 3717 2276 3786 jure
2302 3718 2610 3782 dubitares;
2641 3714 2786 3784 quod
2817 3716 2862 3770 si
2889 3715 2956 3768 ab
2979 3715 3086 3768 illis
3112 3716 3377 3784 originem

1807 3816 1982 3881 ducis,
2010 3829 2177 3884 quare
2205 3827 2324 3881 qua:
2351 3809 2474 3865 illos
2496 3816 2742 3878 spectant
2769 3823 2879 3862 non
2902 3809 3204 3877 recogitas?
3231 3807 3377 3862 Gen-

1808 3909 1919 3963 tilis
1975 3906 2249 3961 Abraham
2297 3903 2601 3965 credidit",
2632 3909 2686 3956 et
2719 3908 2777 3954 tu
2813 3899 3068 3955 sacerdos
3117 3899 3381 3971 ambigis?

1810 4001 1900 4055 ille
1947 3999 2152 4068 absque
2188 3997 2410 4051 incenso
2470 3993 2676 4058 suilitn,
2721 3991 2980 4062 perﬂatus
3009 3999 3112 4054 est,
3141 3998 3194 4045 et
3228 4000 3291 4046 tu
3322 3991 3379 4044 in

1810 4090 1968 4144 altari
2021 4086 2354 4156 fumigatus?
2387 4083 2612 4138 Haerede
2653 4083 2743 4137 ille
2798 4089 3019 4151 accepto
3053 4081 3375 4145 exsultavit;

1811 4194 1869 4238 tu
1911 4195 2303 4253 praecursorem
2355 4176 2620 4230 Joannem
2669 4173 2806 4228 nihil
2866 4173 3120 4242 reputas?
3168 4171 3284 4240 ipse
3325 4179 3380 4226 te

1813 4275 2161 4330 damnatione
2210 4271 2462 4327 liberabit
2493 4289 2507 4324 :
2545 4269 2662 4339 ipse
2705 4276 2757 4322 te
2788 4273 2940 4321 eruet
2973 4282 3004 4319 a
3035 4265 3324 4320 maledicto
3362 4282 3377 4318 :

1814 4369 1932 4437 ipse
1974 4368 2180 4421 clavem
2229 4365 2427 4434 lingua:
2476 4369 2650 4431 gestat
2683 4367 2788 4413 tuae
2819 4379 2831 4412 :
2867 4357 3068 4414 multos
3104 4365 3381 4412 convertet

137 4451 423 4550 ἐξελεῖτάι,
458 4479 620 4541 αὑτός
651 4494 710 4532 σε
734 4477 833 4546 τῆς
862 4451 1104 4544 κατάρας
1133 4469 1473 4540 ὲλυτρώσατο
1494 4487 1506 4498 ’
1549 4469 1708 4532 αὐτός

1813 4461 1879 4514 ad
1909 4459 2196 4513 Dominum
2231 4475 2244 4511 :
2281 4457 2397 4526 ipse
2426 4453 2482 4506 in
2526 4454 2725 4507 virtute
2756 4451 2885 4504 Elia:
2925 4451 3204 4521 prophetae
3257 4465 3382 4519 pro-

140 4595 240 4634 σου
292 4577 390 4648 τὴν
439 4573 762 4643 γλωττιαίαν
813 4569 995 4623 κλεῖδα
1043 4566 1320 4637 βαστάζει·
1371 4563 1530 4626 αὐτὸς
1563 4561 1710 4632 ’πρὸς

136 4671 348 4741 Κύριον
375 4665 602 4728 πολλοὺς
624 4660 935 4732 ἐπιστρέψει
955 4675 968 4688 '
1002 4658 1163 4720 αὐτὸς
1186 4659 1242 4709 ὲν
1267 4655 1492 4725 δυνάμει
1531 4652 1708 4705 Ἠλίου

134 4759 236 4814 τοῦ
267 4757 544 4829 προφήτου
579 4752 1026 4824 προπορεύσεται,
1053 4747 1112 4800 οὐ
1143 4746 1364 4818 πύρινον
1394 4744 1583 4806 σκεῦος
1613 4743 1711 4814 ἁρ-

143 4846 493 4922 ματηλατῶν,
522 4843 654 4897 ἀλλὰ
678 4842 738 4894 τὸ
785 4839 1095 4911 Ἰορδάνειον
1126 4836 1346 4906 λουτρὸν
1377 4832 1711 4904 εὐτρεπίζων

137 4921 230 4995 διὰ
276 4938 368 4991 τὸν
427 4935 593 4988 πολὺν
645 4932 812 5004 ῥύπον
853 4929 960 4982 τῶν
1007 4927 1306 4998 ἁμαρτιῶν.
1367 4924 1456 4976 Διό
1502 4939 1581 4975 σοι
1621 4921 1714 4974 καὶ

137 5032 319 5085 εἰπεῖν
353 5024 756 5099 προσετάχθην·
809 5041 828 5074 ι
865 5018 1205 5090 Είσηκούσθη
1238 5019 1270 5087 ἡ
1311 5014 1491 5085 δέησίς
1522 5031 1614 5066 σου
1641 5030 1652 5042 ·
1690 5031 1708 5063 ι

138 5126 229 5178 ὅτι
265 5119 499 5190 ἔφθασεν
530 5119 559 5170 6
589 5113 781 5187 καιρὸς
813 5115 841 5166 6
874 5112 1038 5166 πάλαι
1073 5106 1472 5180 προφητευθεὶς
1507 5107 1599 5158 καὶ⁹
1621 5103 1716 5159 νῦν

141 5211 484 5284 πληρωθείς·
526 5228 546 5262 ι
572 5207 726 5278 Φωνὴ
759 5205 985 5276 βοῶντος
1017 5205 1075 5257 ἐν
1107 5206 1172 5274 τῇ
1205 5201 1423 5272 ἐρήμῳ’·
1470 5196 1719 5267 Ἑτοιμά-

142 5324 281 5362 σατε
322 5303 421 5376 τὴν
459 5303 576 5356 ὁδὸν
619 5299 854 5371 Κυρίου,
889 5297 1102 5357 εὐθείας
1136 5295 1338 5346 ποιεῖτε
1370 5291 1468 5354 τὰς
1497 5290 1717 5361 τρίϐους

141 5396 348 5453 αὐτοῦ.
389 5412 412 5448 ι
468 5395 582 5448 Οὐκ
636 5389 884 5459 ἄγγελος,
940 5387 1000 5440 οὐ
1055 5384 1318 5456 πρέσϐυς,
1351 5382 1462 5435 ἀλλ’
1497 5381 1658 5443 αὐτὸς
1687 5381 1716 5432 6

143 5485 352 5558 Κύριος
383 5484 501 5555 ἥξει
532 5483 626 5536 καὶ
659 5479 821 5534 σώσει
853 5479 1030 5549 ἡμᾶς.
1087 5474 1184 5528 Διὰ
1212 5473 1396 5536 τοῦτο,
1432 5471 1710 5541 Ζαχαρία,

230 5662 254 5694 ⁵
287 5659 396 5716 lsa.
432 5676 520 5722 vi,
555 5658 607 5722 6,
629 5657 678 5710 7.
711 5719 715 5724 η
757 5657 800 5688 "
839 5653 973 5709 Luc.
1009 5651 1284 5724 1,jl-14.

147 5735 236 5791 17.
311 5732 358 5764 ὀ
396 5730 528 5786 ibid.
565 5730 653 5784 15.
712 5723 767 5759 ⁷²¹
814 5725 915 5780 lsa.
950 5740 1054 5790 ιι,
1089 5723 1140 5777 5.

1769 4591 1774 4596 .
1813 4551 2134 4622 phetabit",
2153 4564 2262 4603 non
2303 4549 2458 4616 igneo
2480 4559 2642 4599 curru
2667 4553 2876 4606 vectus,
2909 4544 3002 4598 sed
3028 4542 3382 4596 Jordanicum

1811 4659 2123 4717 praeparans
2171 4643 2468 4704 lavacrum,
2523 4645 2745 4708 prepter
2791 4636 2990 4689 multas
3032 4643 3381 4704 peccatorum

1815 4736 2024 4790 sordes.
2051 4731 2410 4798 Quamobrem
2428 4729 2618 4797 jussus
2643 4741 2762 4781 sum
2790 4725 2889 4779 tibi
2916 4725 3128 4784 dicere:
3160 4742 3177 4774 ι
3205 4722 3385 4776 Exau-

1815 4825 1927 4880 dita
1965 4834 2048 4879 est
2079 4823 2253 4877 oratio
2276 4828 2369 4873 tua
2385 4820 2463 4886 '°;
2501 4837 2518 4868 ι
2557 4818 2683 4887 quia
2732 4815 2948 4869 advenit
2989 4823 3200 4882 tempus
3253 4811 3383 4862 olim

1813 4918 2230 4988 praenuntiatum
2261 4929 2292 4966 a
2326 4911 2624 4983 prophetis,
2655 4923 2801 4963 nunc
2846 4907 3122 4975 impletum
3159 4921 3171 4956 :
3213 4922 3230 4951 ι
3271 4901 3385 4955 Vox

1813 5011 2099 5067 clamantis
2135 5009 2189 5062 in
2230 5009 2446 5062 deserto
2477 5023 2488 5058 :
2520 5003 2714 5056 Parate
2762 5001 2901 5053 viam
2950 4997 3180 5055 Domini,
3203 4999 3386 5046 rectas

1814 5103 1975 5158 facile
2001 5102 2222 5157 semitas
2243 5099 2476 5168 ejus“.»
2504 5095 2622 5150 Non
2643 5095 2887 5165 angelus,
2905 5107 3011 5145 non
3042 5091 3270 5158 legatus.
3290 5085 3382 5142 sed

1817 5196 1935 5263 ipse
1987 5192 2251 5247 Dominus
2306 5191 2488 5246 veniet
2521 5194 2573 5242 et
2606 5185 2837 5242 salvabit
2864 5198 2987 5237 nos.
3020 5180 3383 5248 Quapropter,

1819 5283 2103 5347 Zacharia,
2146 5289 2202 5334 tu
2261 5288 2380 5335 esto
2408 5285 2611 5341 mutus,
2652 5281 2898 5344 accepto,
2931 5271 2986 5324 in
3017 5266 3388 5339 repugnantia;

1817 5381 2081 5442 tempore,
2111 5370 2305 5425 merito
2360 5369 2627 5439 supplicio
2670 5385 2683 5420 :
2734 5379 2834 5436 ego
2883 5377 3011 5417 vero
3069 5361 3138 5415 ab
3165 5358 3287 5428 {alio
3329 5358 3388 5411 in

1817 5467 1982 5520 alium
2017 5466 2194 5521 locum
2230 5475 2417 5532 pergo,
2450 5467 2504 5515 et
2534 5458 2810 5529 Virginem
2841 5461 3212 5510 conventurus
3239 5464 3388 5512 sum,

1400 5650 1442 5682 ¹⁶
1481 5646 1642 5702 Num.
1680 5661 1714 5700 χ

1803 5686 1815 5714 ,
1849 5643 1902 5699 8.
1981 5644 2022 5675 ¹⁷
2063 5640 2200 5698 Gen.
2236 5653 2372 5706 xvn,
2407 5638 2496 5694 17.
2572 5636 2617 5669 ¹⁸
2654 5634 2791 5694 Gen.
2827 5651 2917 5703 xv,
2951 5633 3002 5688 6.
3083 5633 3124 5666 "
3163 5629 3296 5684 Luc.
3329 5640 3388 5696 1.
