3868 6206
551 267 646 322 911

1688 274 1743 328 S.
1791 274 2251 334 ATHANASIUS.
2292 310 2360 320 ——
2398 279 2671 339 SPUBIA.

3699 295 3798 349 912

541 394 601 439 et
643 400 674 439 a
717 387 1130 444 conversatione
1157 404 1282 444 cum
1305 391 1544 446 exercitu
1584 391 1815 457 caelesti,
1849 393 1918 448 ad
1949 396 2083 451 mini

2212 397 2276 451 σὺ
2315 399 2413 470 μὲν
2439 400 2714 473 φιμώθητι
2733 441 2747 467 ,
2774 401 2833 454 ὲν
2865 401 3042 474 καιρῷ
3070 403 3172 474 τῆς
3201 405 3508 475 ἀντιλογίας
3531 407 3599 463 τδ
3629 412 3798 481 πρὸσ-

548 477 772 532 sterium
805 494 912 548 quo
939 480 1140 536 missus
1179 496 1296 535 sum
1335 497 1420 536 me
1444 482 1684 538 confero.
1714 482 1858 549 Haec,
1886 486 2105 553 dilecte,

547 569 615 624 de
653 567 926 626 Zacharia:
980 571 1352 628 incredulitate
1378 576 1566 643 paucis
1597 577 1878 646 praemissa
1921 586 2103 635 sunto.

2216 507 2373 562 τιμον
2414 493 2515 564 τῆς
2548 495 2817 567 τιμωρίας
2843 494 3130 566 δεχόμενος
3149 513 3162 526 ο
3187 496 3298 566 ἐγὼ
3324 499 3381 552 δὲ
3411 499 3580 555 τόπον
3609 501 3682 554 ὲκ
3717 503 3800 556 τό·

2219 600 2322 636 που
2359 586 2711 657 μετέρχομαι,
2747 587 2841 641 καὶ
2875 588 3010 659 πρὸς
3042 587 3138 659 τὴν
3175 589 3448 660 Παρθένον
3485 591 3674 662 μέλλω
3703 610 3799 646 πο-

537 662 827 732 ρεύεσθαι,
890 665 996 718 ἀπὸ
1049 666 1146 735 τῆς
1197 667 1586 737 στρατιωτικῆς
1634 670 1849 740 ὁμιλίας
1880 671 1972 724 ἐπὶ
2002 672 2102 744 τὴν
2139 674 2502 749 ἀποστολικὴν
2533 679 2805 733 διακονίαν
2869 679 3098 752 χωρῶν.
3147 682 3334 736 Ταῦτά
3392 700 3482 754 μοι
3540 684 3635 740 διὰ
3671 685 3799 756 βρα-

533 757 702 826 χέων,
729 751 774 810 ὦ
804 756 945 826 φίλε,
976 761 1054 822 εἰς
1083 758 1180 830 τὴν
1212 761 1648 833 παραληφθεῖσαν
1675 766 1773 836 τῆς
1802 766 1896 819 τοῦ
1931 769 2198 841 Ζαχαρίου
2232 773 2491 864 ἀπιστίας
2527 776 3015 849 προωδοιπόρηται.

615 854 670 906 5.
702 853 856 907 Nunc
889 869 1018 908 vero
1056 855 1299 924 quaedam
1345 871 1410 912 ex
1435 858 1659 928 jamjam
1708 861 1865 917 lectis
1895 862 2107 934 disqui-

544 943 714 998 renda
775 945 930 1001 nobis
986 954 1134 1001 sunt.
1167 945 1424 1012 Quanam
1475 950 1607 1003 illa?
1637 952 1767 1016 Quae
1795 967 1826 1006 a
1854 951 2105 1012 Gabriele

545 1035 887 1103 annuntiata,
922 1045 976 1090 et
1007 1052 1038 1090 a
1073 1035 1296 1107 Virgine
1322 1039 1550 1105 credita,
1585 1056 1616 1095 a
1650 1039 1859 1112 Spiritu
1911 1052 2103 1100 sancto

536 1135 811 1196 promota,
837 1141 868 1180 a
903 1126 1132 1182 Domino
1157 1129 1316 1197 quasi
1341 1128 1633 1187 thesaurus
1660 1135 1960 1200 recondita,
1985 1142 2040 1188 et
2071 1150 2102 1189 a

541 1216 705 1274 Patre
747 1218 1052 1290 obsignata,
1080 1231 1134 1276 et
1165 1237 1196 1275 a
1234 1223 1339 1292 piis
1369 1223 1682 1280 hominibus
1709 1235 1922 1282 servata
1952 1235 2100 1283 sunt.

537 1312 752 1367 Audisti
808 1311 972 1368 modo
1017 1316 1394 1384 evangelistam
1414 1315 1616 1370 Lucam
1641 1317 1948 1373 dicentem:
1985 1339 2003 1372 ι
2042 1321 2099 1375 In

539 1417 726 1457 mense
753 1409 928 1468 sexto,
954 1402 1156 1459 missus
1183 1412 1268 1460 est
1299 1406 1522 1475 angelus
1555 1405 1772 1462 Gabriel
1818 1409 1874 1462 in
1908 1409 2102 1463 civita-

539 1497 644 1545 tem
679 1488 926 1556 Galilteae,
951 1492 1041 1546 cui
1069 1509 1265 1549 nomen
1293 1493 1555 1559 Nazaret,
1591 1495 1658 1548 ad
1703 1496 1966 1566 virginem
2004 1497 2102 1554 deo

535 1591 850 1651 sponsatam
877 1584 1014 1650 viro,
1040 1586 1130 1640 cui
1157 1601 1355 1641 nomen
1383 1585 1582 1656 Joseph
1597 1591 1664 1643 “.
1697 1606 1716 1640 ι
1755 1587 1798 1643 Ο
1823 1592 2102 1660 sponsalia

2281 869 2333 924 5.
2369 870 2502 923 Τίνα
2534 872 2591 924 δὲ
2623 874 2717 926 καὶ
2745 873 2813 925 τά
2847 872 3048 944 ἀρτίως
3081 877 3638 947 παραναγνωσθέντα,
3673 897 3794 933 και-

2211 961 2304 1031 ρὸς
2345 961 2528 1017 λοιπὸν
2581 964 2934 1036 ἐπιζητῆται.
2999 965 3139 1018 Ποῖα
3167 967 3384 1034 ταῦτας
3441 969 3524 1022 Τά
3557 970 3668 1023 ὑπὸ
3702 971 3790 1023 τοῦ

2207 1052 2447 1124 Γαϐριὴλ
2473 1055 2796 1126 μηνυθέντα,
2821 1059 2913 1110 καὶ
2938 1054 3043 1112 ὑπὸ
3060 1053 3162 1127 τῆς
3180 1057 3457 1130 Παγθένου
3479 1063 3790 1116 πιστευθένι

2208 1162 2275 1198 τα
2296 1185 2310 1210 ,
2347 1148 2440 1199 καὶ
2463 1148 2568 1200 ὑπὸ
2592 1148 2688 1202 τοῦ
2723 1150 3037 1221 Πνεύματος
3065 1152 3521 1224 προϐιϐασθέντα,
3562 1157 3663 1208 καὶ
3685 1155 3786 1208 ὑπὸ

2207 1238 2301 1290 τοῦ
2353 1239 2558 1310 Κυρίου
2606 1239 3055 1311 θησαυρισθέντα,
3109 1243 3204 1298 καὶ
3255 1244 3359 1297 ὑπὸ
3412 1245 3509 1298 τοῦ
3568 1245 3784 1316 Πατρὺς

2209 1331 2607 1401 σφραγισθέντα
2631 1371 2646 1396 ,
2681 1334 2772 1384 καὶ
2821 1333 2924 1386 ὑπὸ
2956 1334 3064 1387 τῶν
3114 1335 3350 1388 εὐσεϐῶν
3401 1336 3778 1405 φυλαχθέντα.

2210 1421 2442 1486 Ἠκουες
2488 1424 2689 1493 ἀρτίως
2719 1423 2812 1476 τοῦ
2849 1425 3229 1493 εὐαγγελιστοῦ
3277 1428 3459 1479 Λουκᾶ
3492 1425 3778 1494 λέγοντος’

2208 1529 2229 1561 ι
2281 1512 2368 1564 Ἐν
2402 1512 2479 1580 τῷ
2506 1514 2633 1584 μηνὶ
2658 1512 2735 1584 τῷ
2774 1514 2915 1586 ἕκτῳ
2948 1516 3222 1586 ἀπεστάλη
3255 1517 3282 1568 6
3319 1515 3550 1584 ἄγγελος
3585 1516 3780 1589 Γαϐρι-

2205 1602 2273 1674 ὴλ
2295 1606 2373 1666 είς
2427 1604 2579 1658 πόλιν
2600 1605 2696 1674 τῆς
2717 1605 3032 1672 Γαλιλαίας,
3130 1609 3300 1680 ὄνομα
3330 1608 3608 1680 Ναζαρὲτ,
3644 1611 3779 1681 πρὸς

535 1688 660 1727 cum
687 1674 792 1727 alio
816 1681 1116 1740 contracta,
1149 1675 1241 1729 alii
1267 1678 1561 1746 promissa!
1596 1693 1630 1734 ο
1662 1683 1956 1750 sponsalia,
1981 1698 2083 1752 qua

2205 1694 2478 1765 παρθένον
2509 1699 2993 1770 μεμνηστευμένην
3024 1674 3196 1770 ἀνδρὶ,
3307 1674 3719 1771 δἰομαζῐωσήφυ.
3758 1721 3775 1752 ι

527 1763 788 1834 gaudium
810 1765 1089 1831 exhibent,
1125 1767 1588 1835 perturbationem
1624 1770 1846 1824 sedant!
1880 1771 2098 1828 Audisti

535 1852 697 1908 modo
726 1851 930 1908 Lucam
957 1856 1343 1925 evangelistam
1381 1857 1454 1910 ita
1493 1857 1800 1927 loquentem
1835 1879 1850 1914 :
1880 1859 2097 1931 lngres-
2131 1859 2133 1862 ’

534 1959 632 2001 sus
673 1945 892 2000 domum
935 1947 1181 2015 angelus,
1213 1945 1491 2018 Virginem
1531 1949 1788 2003 salutavit
1817 1965 1882 2006 ac
1919 1952 2094 2006 dixit:

529 2055 557 2088 1
595 2037 726 2102 Ave,
760 2037 933 2107 gratia
967 2038 1146 2106 plena,
1176 2036 1438 2094 Dominus
1473 2049 1649 2094 tecum
1685 2041 2006 2097 :benedicta
2037 2049 2097 2097 tu

531 2129 589 2182 in
638 2128 978 2184 mulieribus.
1038 2128 1170 2196 Quae
1216 2145 1341 2184 cum
1390 2131 1634 2197 vidisset,
1668 2133 1884 2187 turbata
1913 2141 1998 2189 est
2039 2135 2096 2188 in

530 2235 782 2275 sermone
831 2221 987 2290 ejus;
1022 2227 1076 2275 et
1123 2222 1397 2291 cogitabat
1445 2225 1584 2294 apud
1633 2226 1869 2296 seipsam
1914 2226 2095 2297 qualis

518 2321 671 2368 esset
711 2313 814 2367 ista
861 2313 1120 2367 salutatio
1135 2313 1202 2368 ’³.
1238 2332 1257 2366 ι
1291 2313 1548 2370 Vidistin’
1581 2317 1960 2372 salutationem
1996 2332 2095 2373 an-

525 2406 630 2476 geli
665 2407 1126 2476 perturbationem
1169 2408 1446 2464 excitare?
1478 2425 1579 2465 nec
1609 2411 1771 2465 modo
1801 2411 2090 2482 perturba—

515 2498 753 2564 tionem,
799 2498 896 2554 sed
930 2499 1092 2553 etiam
1119 2499 1506 2570 cogitationes;
1537 2501 1644 2556 imo
1674 2501 2087 2569 dubitationem,

517 2595 684 2658 atque
704 2589 789 2644 his
807 2590 1024 2644 similia.
1049 2589 1278 2646 Tacitus
1299 2606 1532 2662 namque
1581 2593 1758 2665 angeli
1786 2593 2086 2665 ingressus,

519 2680 706 2734 vultus
759 2681 1039 2745 insuetus,
1089 2680 1346 2750 colloquii
1400 2680 1711 2746 insolentia,
1768 2683 2088 2752 magnitudo

511 2770 919 2842 promissionis,
949 2771 1333 2842 inexspectata:
1360 2771 1511 2827 vocis
1542 2772 1782 2836 auditus,
1807 2771 2084 2845 Virginem

511 2859 753 2930 conjecit
794 2859 849 2913 in
907 2867 1133 2922 metum,
1177 2875 1299 2930 quae
1353 2860 1680 2930 cogitatione
1733 2862 2084 2931 temperantis

509 2952 686 3007 animi
733 2967 948 3008 omnem
981 2967 1200 3023 pravam
1233 2951 1429 3021 abjecit
1453 2951 1855 3022 cogitationem.
1878 2952 2082 3019 Quam-

515 3043 706 3100 obrem
758 3044 981 3098 turbata
1042 3051 1160 3109 est,
1200 3051 1361 3114 atque
1414 3044 1632 3098 turbata
1689 3044 2084 3113 imperturbata
2112 3044 2153 3100 C

509 3136 829 3206 permansit.
883 3133 1024 3199 Quid
1057 3141 1141 3189 est
1187 3134 1338 3200 illud,
1387 3135 1562 3205 Atque
1613 3135 1843 3202 turbata,
1894 3136 2089 3206 imper-

506 3228 730 3282 turbata
778 3227 1107 3296 permansit?
1167 3225 1420 3282 Studiose
1474 3227 1619 3282 audi.
1664 3227 1802 3282 Cum
1862 3228 2082 3286 Gabriel

509 3319 734 3388 angelus
761 3326 819 3371 ut
847 3317 1125 3372 missionis
1142 3333 1252 3373 suae
1271 3318 1628 3374 ministerium
1651 3319 2081 3388 impleret,nullo

509 3410 748 3465 excitato
781 3409 978 3478 pedum
1021 3410 1250 3479 strepitu
1285 3410 1546 3481 virginale
1572 3412 1882 3466 cubiculum
1914 3412 2077 3480 adiit;

507 3502 627 3558 sola
669 3501 868 3572 quippe
900 3500 1065 3572 Virgo
1091 3509 1211 3556 erat
1251 3502 1306 3556 in
1335 3502 1523 3573 sponsi
1566 3504 1650 3558 sui
1680 3503 1860 3558 domo.
1891 3502 2076 3561 Nostis

505 3607 674 3663 porro
707 3592 889 3648 cuncti
917 3608 1025 3663 quo
1051 3599 1210 3664 pacto
1231 3595 1518 3650 erubescat
1554 3595 1708 3668 virgo
1731 3597 1834 3653 sub
1857 3597 2074 3652 initium

504 3685 626 3738 initi
657 3684 975 3754 nuptiarum
1006 3685 1174 3754 pacti,
1207 3685 1468 3741 inclinato
1513 3688 1687 3752 vultu,
1723 3688 1962 3747 demissa
1991 3690 2075 3744 lo-

503 3790 681 3844 quens
733 3790 887 3839 voce,
923 3775 1134 3830 nullum
1182 3777 1444 3832 exhibens
1469 3785 1682 3844 nutum,
1717 3780 1922 3834 nullam
1959 3797 2071 3836 non

501 3883 698 3936 gerens
743 3869 1114 3938 temperantia:
1161 3869 1601 3924 sollicitudinem.
1652 3873 1789 3926 Cum
1827 3873 1907 3928 sic
1937 3872 2069 3929 aﬂ'e-

499 3967 646 4012 ctam
675 3959 882 4014 videret
912 3960 1159 4029 angelus,
1179 3961 1254 4014 ait
1279 3961 1354 4014 illi
1390 3980 1403 4016 :
1443 3980 1460 4014 ι
1488 3961 1564 4018 Ne
1588 3963 1799 4030 timeas,
1824 3962 2016 4031 Maria,
2043 3983 2064 4019 ι

497 4051 717 4107 tametsi
747 4052 1002 4116 anxia,et
1023 4058 1208 4122 utpote
1236 4053 1408 4124 virgo,
1436 4056 1806 4124 temperantiae
1834 4057 2067 4112 sollicita

498 4141 672 4208 fuisti,
709 4161 777 4200 ne
826 4145 1041 4199 irruens
1092 4159 1329 4213 sponsus
1373 4152 1523 4212 tuus,
1551 4152 1657 4200 tua:
1693 4147 1801 4200 vim
1850 4146 2067 4203 afferret

2201 1787 2265 1838 Ὢ
2301 1787 2550 1860 μνῆστρα
2595 1789 2740 1860 ἄλλῳ
2795 1791 3212 1862 μνηστευθέντα,
3249 1792 3341 1845 καὶ
3378 1793 3524 1862 ἄλλῳ
3573 1811 3778 1863 κατεγ-

2197 1875 2498 1945 γυηθένταί
2532 1876 2577 1930 ὢ
2602 1879 2850 1950 μνῆστρα
2870 1882 3043 1952 χαρᾶς
3072 1880 3456 1952 ὲμφανιστικά,
3485 1883 3585 1935 καὶ
3611 1901 3779 1954 ταρα-

2198 1967 2296 2037 χῆς
2340 1967 2676 2038 διαιρετικάῐ
2745 1973 2977 2036 Ἤκουες
3011 1974 3215 2044 ἀρτίως
3246 1973 3338 2026 τοῦ
3381 1974 3777 2043 εὐαγγελιποῦ

2195 2061 2378 2112 Λουκᾶ
2425 2061 2672 2130 λέγοντος
2690 2079 2705 2093 ⁸
2756 2061 3024 2117 Εἰσελθὼν
3051 2065 3105 2118 δὲ
3133 2065 3212 2128 είς
3243 2065 3334 2118 τὸν
3365 2061 3513 2118 οἷκον
3549 2069 3580 2119 6
3611 2066 3781 2136 ἀγγε-

2197 2148 2286 2212 λος
2309 2189 2323 2214 ,
2388 2151 2670 2220 ἠσπάσατο
2701 2152 2801 2224 τὴν
2831 2154 3107 2225 Παρθένον
3152 2156 3244 2210 καὶ
3274 2155 3397 2209 εἷπε
3418 2173 3431 2186 ·
3475 2174 3494 2208 ι
3560 2159 3742 2230 Χαῖρε
3762 2198 3776 2218 ,

2195 2244 2641 2315 κεχαριτωμένη,
2689 2248 2716 2299 ὁ
2749 2244 2952 2317 Κύριος
2987 2247 3122 2318 μετὰ
3151 2246 3278 2301 σοῦ·
3328 2248 3674 2321 εὐλογημένη
3713 2252 3775 2304 σὺ

2193 2334 2251 2388 ὲν
2281 2334 2554 2402 γυναιξίν.
2593 2338 2658 2389 Ἦ
2689 2337 2766 2402 δὲ,
2807 2338 3010 2402 ίδοῦσα,
3048 2339 3372 2411 διεταράχθη
3401 2341 3494 2395 ἐπὶ
3521 2342 3604 2413 τῷ
3630 2342 3776 2412 λόγῳ

2192 2427 2379 2490 αὐτοῦ,
2420 2427 2513 2482 καὶ
2543 2427 2865 2498 διελογίζετο
2927 2432 2986 2484 ὲν
3050 2432 3238 2503 ἑαυτῇ,
3302 2433 3546 2495 ποταπὸς
3610 2435 3698 2504 εῑη
3744 2436 3770 2487 6

2189 2517 2478 2590 ἀσπασμὸς
2510 2514 2684 2583 οὗτος.
2728 2541 2746 2572 ι
2768 2519 2918 2586 Εἶδες
2947 2523 3045 2595 τὴν
3075 2524 3247 2596 χαράν
3279 2523 3372 2577 τοῦ
3406 2525 3646 2594 ἀγγέλου
3678 2542 3769 2578 τα-

2193 2611 2362 2682 ραχὴν
2411 2613 2765 2684 ὲγείρουσανς
2805 2616 2880 2669 Οὐ
2916 2617 3073 2686 μόνον
3104 2617 3162 2669 δὲ
3197 2618 3465 2689 ταραχὴν,
3502 2619 3642 2672 ἀλλά
3676 2619 3765 2671 καὶ

2188 2701 2596 2773 διαλογισμοὺς,
2623 2704 2758 2759 ἀλλά
2781 2707 2872 2759 καὶ
2893 2707 3221 2777 ἀμφιϐολίαν
3237 2750 3251 2771 ,
3280 2709 3415 2762 ἀλλά
3446 2711 3541 2763 καὶ
3569 2711 3637 2764 τὰ
3661 2728 3762 2765 πα-

2192 2794 2462 2867 ραπλήσια
2501 2795 2725 2852 τούτων.
2751 2799 2822 2852 Τὸ
2847 2798 2956 2870 γὰρ
2980 2801 3171 2870 ἀθροον
3195 2802 3295 2872 τῆς
3323 2802 3620 2873 ἀγγελικῆς
3647 2804 3759 2857 εἰσ-

2185 2886 2326 2952 όδου,
2363 2888 2457 2940 καλ⁹
2499 2888 2561 2941 τὺ
2587 2889 2736 2953 ξένον
2759 2891 2858 2962 τῆς
2905 2891 3099 2962 ὅψεως,
3134 2894 3228 2947 καλ¹
3255 2894 3314 2947 τὺ
3364 2895 3634 2965 ἀσύνηθες
3661 2895 3758 2964 τῆς

2191 2975 2498 3045 συντυχίας,
2553 2977 2736 3030 καὶτὸ
2780 2978 3082 3050 ὑπέρογκον
3111 2981 3214 3050 τῆς
3255 2982 3614 3050 ἐπαγγελίας,
3668 2985 3756 3037 καὶ

2185 3065 2247 3116 τὸ
2273 3067 2671 3138 ἀπροσδόκητον
2713 3069 2813 3138 τῆς
2843 3070 3032 3141 ἀκοῆς,
3063 3074 3143 3137 είς
3181 3072 3383 3126 δειλίαν
3411 3075 3638 3127 ἐνέϐαλε
3662 3075 3755 3143 τὴν

2188 3155 2481 3227 Παρθένον,
2517 3162 2582 3230 τῇ
2610 3158 2820 3231 ἐπινοίᾳ
2841 3161 2940 3231 τῆς
2966 3162 3317 3234 σωφροσύνης
3341 3167 3523 3218 πᾶσαν
3547 3166 3754 3235 φαύλην

2184 3245 2424 3300 ἐπίνοιαν
2447 3248 2687 3302 ἐκποδὼν
2707 3252 3074 3322 ποιησαμένην
3092 3254 3271 3323 (50⁸“)
3289 3295 3302 3306 .
3330 3255 3419 3306 Διὸ
3447 3255 3540 3307 καὶ
3565 3256 3755 3325 ἐταρά-

2183 3336 2306 3406 χθη,
2332 3337 2426 3389 καὶ
2469 3340 2796 3409 ταραχθεῖσα
2816 3343 3087 3413 ἀτάραχος
3131 3344 3311 3416 ἔμεινε
3332 3385 3348 3400 .
3372 3348 3434 3398 Τί
3470 3347 3609 3409 ἔστι,
3648 3348 3754 3401 Καὶ

2180 3429 2797 3503 ταραχθεῖσα’ἀτάραχος
2812 3433 3022 3504 ἔμεινεν
3041 3452 3054 3499 ;
3077 3437 3272 3489 ’Ἄκουε
3292 3438 3544 3500 συνετῶς.
3562 3439 3753 3491 Ἠνὶκα

2178 3517 2419 3588 Γαϐριὴλ
2475 3520 2505 3573 ὸ
2546 3521 2794 3588 ἄγγελος,
2861 3524 3220 3596 ἀποστολικὴν
3288 3527 3565 3582 διακονίαν
3619 3529 3754 3599 πλη-

2181 3606 2314 3677 ρῶν,
2360 3608 2552 3682 ἀψόφῳ
2595 3613 2714 3666 ποδὶ
2761 3614 2854 3668 ἐπὶ
2887 3614 2978 3669 τὸν
3027 3618 3352 3689 παρθενικὴν
3395 3619 3594 3690 ἐχώρει
3642 3639 3754 3675 κοι-

2174 3695 2323 3750 τῶνα
2341 3713 2354 3726 °
2411 3699 2545 3769 μόνη
2577 3700 2684 3774 γὰρ
2711 3703 2892 3774 παρῆν
2921 3707 2954 3777 ή
2997 3707 3289 3779 Παρθένος,
3314 3710 3372 3762 ἐν
3395 3709 3473 3779 τῷ
3496 3710 3634 3780 οἴκῳ
3658 3709 3752 3764 τοῦ

2176 3789 2652 3855 μνηστευσαμένου
2699 3791 2991 3860 διάγουσα’
3044 3796 3156 3850 ἴστε
3192 3799 3394 3862 πάντες
3424 3800 3615 3870 σαφῶς
3658 3803 3754 3856 καὶ

2173 3875 2288 3939 πῶς
2322 3877 2550 3950 ἐρυθριᾷ
2595 3883 2745 3952 παρά
2773 3883 2871 3947 τὰς
2897 3885 3070 3956 ἀρχὰς
3107 3889 3202 3943 τοῦ
3243 3891 3694 3963 συναλλάγματος
3715 3897 3749 3966 ἡ

2170 3968 2446 4039 Παρθένος
2487 3971 2638 4026 κάτω
2674 3973 2773 4040 τὰς
2806 3975 2955 4046 ὄψεις
2984 3978 3242 4051 φέρουσα,
3277 3984 3461 4054 ἠρέμα
3490 3986 3750 4056 λαλοῦσα,

2174 4063 2246 4157 μδ]
2292 4065 2626 4157 ἀνανεύουσα
2649 4108 2665 4135 ,
2705 4071 2883 4142 πάσης
2929 4077 3281 4150 σωφροσύνης
3318 4082 3748 4157 ἐπιμελουμένη.

2180 4155 2266 4206 Ἐν
2299 4155 2504 4220 τούτοις
2537 4159 2659 4212 ίδὼν
2683 4161 2851 4233 αὐτὴν
2878 4168 2906 4218 6
2926 4165 3158 4235 ἄγγελός
3187 4186 3320 4240 φησι
3373 4173 3513 4243 πρὸς
3540 4155 3749 4247 αὑτήν)

495 4236 855 4291 verecundiae.
914 4235 1050 4290 Illud
1106 4237 1252 4292 scias
1311 4237 1491 4304 velim,
1526 4252 1560 4292 o
1608 4235 1795 4308 Virgo,
1849 4240 2061 4294 nullum

2219 4247 2308 4338 Μὴ
2332 4247 2532 4338 φοϐοῦ,
2553 4251 2837 4324 Μαριὰμ,›
2871 4257 2920 4308 εί
2947 4258 3041 4312 καὶ
3076 4235 3534 4329 ἠγωνίασας,’καὶ
3561 4235 3749 4338 ὥσπερ

493 4325 611 4381 fore
645 4327 741 4380 tibi
770 4343 894 4383 cum
926 4344 1128 4399 sponso
1157 4336 1251 4382 tuo
1275 4327 1471 4398 Joseph
1500 4343 1876 4402 congressum.
1899 4329 2062 4385 Aliud

2189 4337 2434 4431 παρθένος
2465 4341 2564 4412 τῆς
2595 4346 2948 4421 σωφροσύνης
2974 4325 3324 4423 ἐφρόντισας,
3356 4325 3428 4428 μῆ
3467 4325 3744 4431 καταδραί

491 4424 550 4470 te
575 4417 846 4487 negotium
867 4425 1165 4488 exspectat,
1193 4418 1458 4484 divinum,
1478 4420 1812 4476 dominicum
1829 4461 1843 4487 ,
1870 4421 2059 4477 ineffa-

2189 4426 2281 4480 ιὼν
2301 4429 2329 4481 6
2348 4434 2594 4504 μνηστήρ
2620 4451 2710 4488 σου
2730 4417 3171 4514 καταψηφίσηταί
3187 4417 3282 4499 σου
3308 4417 3627 4518 τῆςῑεύλαϐε
3637 4417 3740 4517 ίας.

489 4509 620 4570 bile,
648 4509 1044 4579 inexplicabile,
1060 4511 1219 4581 332
1238 4511 1384 4580 quod
1414 4527 1664 4568 sermone
1684 4513 1931 4568 enarrari
1958 4529 2053 4569 ne-

2189 4518 2333 4571 Γοῦτο
2374 4521 2606 4588 γίνωσκε
2628 4565 2642 4588 ,
2677 4509 2969 4599 Παρθένε,
2991 4509 3078 4596 ὡς.
3103 4535 3326 4607 οὐδεμία
3487 4509 3740 4596 κοινωνία

490 4608 676 4669 queat.
733 4599 1072 4655 Dominicum
1105 4601 1286 4656 futura
1319 4619 1378 4657 es
1426 4603 1829 4671 habitaculum;
1861 4612 2052 4670 mater,

2195 4627 2314 4663 σται
2348 4613 2482 4684 πρὸς
2507 4616 2596 4670 τὸν
2654 4622 2938 4693 μνηστῆρά
2991 4641 3083 4677 σου
3138 4599 3356 4699 Ἰωσήφ.
3412 4630 3647 4703 Ἐτερόν
3678 4652 3736 4687 σε

489 4691 750 4760 nuptialis
783 4706 976 4762 expers
1038 4692 1144 4747 tori
1195 4694 1605 4763 praedicaberis;
1634 4694 1758 4750 caeli
1790 4701 2057 4765 terraeque

2189 4703 2394 4773 πρᾶγμα
2446 4709 2760 4778 περιμένει,
2812 4691 2980 4779 θεῖον,
3031 4691 3366 4785 δεσποτικὸν,
3432 4691 3731 4793 ἄφραστον,

486 4779 779 4837 Dominum
831 4789 1157 4853 susceptura
1199 4799 1280 4850 es,
1338 4785 1717 4855 incorruptum
1777 4794 2054 4856 gestatura

2189 4800 2576 4869 .νερμήνευτον,
2604 4804 2747 4874 λόγῳ
2772 4811 3118 4880 παραστῆναι
3165 4811 3239 4884 μὴ
3285 4779 3607 4884 δυνάμενον.
3640 4779 3735 4869 Δε-ἰ

486 4873 676 4930 fetum.
723 4893 742 4926 ‹
788 4873 865 4931 Ne
899 4876 1121 4941 timeas,
1150 4875 1337 4938 Maria,
1368 4897 1387 4929 ι
1423 4887 1570 4933 tuam
1593 4877 1748 4932 ﬁrma
1768 4879 2055 4949 cogitatio-

2193 4890 2412 4954 ποτικὸς
2437 4873 2930 4969 εὑρεθήσῃσηκδς,
2963 4873 3336 4974 ἀπειρόγαμος
3371 4873 3736 4979 ἀναδειχθήσῃ

481 4977 630 5031 nem,
672 4965 912 5020 animam
940 4967 1256 5031 corrobora,
1284 4982 1380 5022 cor
1419 4967 1703 5024 confirma.
1729 4968 1806 5024 Ne
1837 4970 2054 5025 imitere

2189 4983 2360 5053 ιήτηρ,
2390 4985 2479 5039 τὸν
2507 4965 2733 5060 οὐρανοῦ
2760 4965 2854 5046 καὶ
2879 4993 2982 5063 γῆς
3008 4965 3272 5065 δεσπότην
3299 4965 3514 5066 μέλλεις

479 5056 798 5112 Zachariam
849 5078 860 5113 :
907 5074 996 5127 ne,
1027 5058 1487 5130 quemadmodum
1529 5061 1643 5126 ille,
1687 5061 2049 5126 dubitaveris,

477 5155 536 5202 tu
567 5165 688 5220 quae
717 5151 1008 5207 mulierum
1060 5151 1232 5223 gloria
1263 5167 1324 5208 es
1360 5167 1373 5204 ;
1405 5162 1468 5206 tu
1522 5151 1810 5208 lsraelitici
1860 5153 2048 5225 populi

474 5244 765 5298 exsultatio
802 5265 814 5300 :
857 5255 913 5300 tu
944 5246 1185 5317 gentium
1211 5254 1615 5312 ornamentum,
1646 5255 1705 5301 tu
1737 5248 1922 5319 gaudii
1957 5265 2050 5304 ra-

474 5333 588 5398 dix,
622 5345 678 5388 tu
727 5336 1124 5394 benedictionis
1172 5338 1456 5410 plantatio.
1490 5337 1572 5394 Tu
1625 5353 1738 5409 pra:
1785 5340 2044 5396 omnibus

469 5423 771 5494 virginibus
816 5429 1070 5485 invenisti
1113 5432 1342 5502 gratiam
1373 5431 1516 5502 apud
1544 5429 1736 5486 Deum.
1773 5429 1839 5485 Et
1866 5449 1885 5483 ι
1914 5445 2045 5488 ecce

467 5515 744 5584 concipies
775 5517 968 5582 ﬁlium,
994 5527 1049 5574 et
1085 5522 1306 5576 vocabis
1341 5537 1536 5576 nomen
1564 5521 1686 5590 ejus
1713 5518 1918 5576 Jesum.
1939 5520 2040 5578 Hic

536 5606 580 5637 "
617 5605 748 5666 Luc.
784 5622 830 5673 ι,
864 5608 954 5676 26,
984 5610 1073 5664 27.
1149 5611 1195 5644 ⁸³
1234 5611 1388 5672 ibid..
1421 5611 1510 5677 28,
1542 5611 1632 5666 29.

534 5695 714 5764 (50”)
749 5699 928 5767 Vulg.,
963 5703 1321 5772 ποιησαμένη,
1358 5704 1505 5761 nullo
1529 5718 1715 5760 sensu.
1747 5700 1904 5758 Enn.

2152 5071 2361 5139 χεσθαι,
2379 5075 2700 5149 ἀδιάφθορον
2715 5082 2873 5135 τόκον
2888 5085 3244 5156 κυοφοροῦσα.
3255 5104 3274 5136 α
3285 5087 3376 5158 Μὴ
3401 5086 3595 5155 φοϐοῦ,
3617 5090 3737 5141 Μα-

2159 5161 2314 5234 ριὰμ,
2341 5185 2360 5216 ι
2391 5169 2642 5240 στήριξόν
2671 5189 2765 5227 σου
2786 5174 2879 5228 τὸν
2896 5176 3174 5248 λογισμὸν,
3209 5179 3481 5250 νεύρωσόν
3511 5198 3608 5234 σου
3637 5182 3736 5252 τὴν

2152 5254 2350 5330 ψυχὴν,
2380 5261 2603 5332 ἓδρασόν
2634 5281 2727 5318 σου
2755 5268 2854 5338 τὴν
2877 5269 3124 5340 καρδίαν.
3145 5271 3237 5342 Μὴ
3271 5274 3484 5344 μιμήσῃ
3509 5275 3604 5327 τὸν
3631 5276 3734 5328 Ζα-

2151 5350 2366 5419 χαρίαν,
2404 5355 2478 5426 μὴ
2508 5356 2841 5432 ἀμφιϐάλῃς,
2878 5361 2954 5424 ὡς
2981 5364 3208 5426 ἐκεῖνος,
3233 5365 3298 5417 σῖ,
3325 5364 3433 5418 τῶν
3455 5366 3733 5434 γυναικῶν

2148 5438 2211 5492 τὸ
2233 5442 2514 5516 καύχημα
2538 5450 2601 5503 σὺ
2617 5451 2712 5505 τοῦ
2729 5453 3130 5525 ’Ῑσραηλιτικοῢ
3152 5454 3281 5510 λαοῦ
3311 5456 3372 5508 τὸ
3392 5455 3728 5528 ἀγαλλίαμα·

2149 5530 2213 5582 σὺ
2243 5533 2352 5589 τῶν
2375 5537 2542 5593 ἐθνῶν
2563 5540 2625 5594 τὸ
2644 5543 3072 5618 ὲγκαλλώπισμα
3089 5564 3102 5578 ·
3138 5549 3203 5603 σὺ
3233 5547 3333 5619 τῆς
3357 5548 3532 5620 χαρᾶς
3559 5547 3622 5602 τδ
3648 5548 3729 5620 μ’
