3868 6206
96 318 212 376 913

1083 312 1318 371 SERMO
1366 313 1434 366 ΙΝ
1478 308 2093 368 ANNUNTIATIONEM
2144 311 2488 367 DEIPARE.

3235 311 3337 366 9M

98 436 294 504 ζωμα·
328 433 391 487 σὺ
435 433 534 502 τῆς
585 431 833 500 εὐλογίας
879 431 940 484 τὸ
967 431 1344 502 φυτούργημα.
1398 430 1469 482 Σὺ
1522 424 1663 502 εὗρες

1780 430 1883 482 erit
1913 444 2140 500 magnus
2160 437 2212 484 et
2229 427 2400 483 Filius
2421 426 2683 482 Altissimi
2715 427 3072 481 vocabitur".
3089 443 3108 476 ι
3133 424 3337 480 Horum

95 525 262 597 χάριν
295 524 444 594 παρά
463 523 540 592 τῷ
559 523 675 594 Θεῷ
703 523 851 596 παρά
868 525 1043 587 πάσας
1076 523 1171 586 τὰς
1206 523 1522 596 παρθένους.
1541 521 1672 586 Καὶ,

101 635 123 666 ι
153 615 262 668 ἰδοὺ
298 612 542 686 συλληψῃ
567 613 712 676 Υἱὸν,
739 615 833 666 καὶ
859 615 1104 674 καλέσεις
1119 613 1179 666 τὸ
1194 613 1361 683 ὄνομα
1390 611 1553 666 αὑτοῦ
1570 612 1674 683 ’1η-

95 705 250 760 σοῦν.
282 697 448 769 Οὗτος
481 705 634 760 ἔσται
669 704 864 775 μέγας,
899 706 992 758 καὶ
1027 704 1153 767 Υἱὸς
1191 704 1441 773 Ὑψίστου
1467 702 1671 773 κληθή-

96 816 276 853 σεται.
319 817 338 850 ι
361 798 582 852 Τούτων
606 816 687 852 σοι
704 797 810 850 τῶν
837 797 1055 865 ἀγαθῶν
1083 799 1203 866 ἦκω
1233 797 1471 867 μηνυτὴς
1497 795 1672 866 ὑπάρ-

92 911 231 963 χων,
287 892 336 944 εί
389 893 482 945 καὶ
539 891 889 958 ἕξωιρύσεως
931 890 997 942 τὰ
1039 890 1339 958 λεγόμενα·
1377 887 1489 941 ἀλλ’
1522 889 1670 958 ὅμως

93 982 252 1054 παρὰ
281 981 357 1051 τῷ
389 980 699 1052 φυσιουργῷ
731 981 909 1050 πάσης
924 981 1020 1048 τῆς
1039 981 1264 1042 κτίσεως
1283 979 1435 1032 οὐδὲν
1462 977 1670 1030 σκολιὸν

91 1076 127 1146 ἢ
168 1074 621 1143 στραγγαλιῶδες,
667 1073 801 1128 ἀλλὰ
833 1074 1007 1128 πάντα
1036 1072 1198 1126 εὐθέα
1223 1073 1317 1124 καὶ
1351 1071 1484 1138 πρὸς
1517 1069 1670 1139 εὐχέ-

95 1182 255 1235 ρειαν
276 1163 569 1234 βλέποντα..
589 1163 675 1216 Ἑν
690 1162 911 1225 ταύταις
938 1163 1054 1224 ταῖς
1080 1159 1430 1228 ἐπαγγελίαις
1463 1160 1495 1228 ἡ
1520 1159 1668 1228 Παρ-

92 1254 254 1317 θένος
308 1252 724 1322 σαγηνευθεῖσα,
787 1252 882 1306 καὶ
938 1253 1116 1321 πάσης
1168 1250 1374 1320 φαύλης
1429 1249 1670 1312 ἐπινοίας

91 1343 492 1412 ἀπαλλαγεῖσα,
520 1343 704 1397 οὐκέτι
734 1343 809 1405 ὡς
837 1342 1283 1414 ἀπαρρησίαστος
1311 1339 1540 1404 ἐσιώπα,
1574 1339 1667 1391 λέ-

90 1454 272 1504 γουσα
303 1439 438 1508 πρὸς
456 1438 546 1490 τὸν
576 1436 804 1505 ἄγγελον
827 1453 841 1467 ο
876 1455 894 1488 ι
929 1435 1054 1499 Πῶς
1079 1437 1234 1488 ἔσται
1267 1451 1355 1505 μοι
1383 1433 1560 1494 τοῦτο,
1585 1433 1668 1484 ὄτι

89 1529 268 1602 ἄνδρα
293 1530 352 1582 ού
383 1529 663 1598 γινώσκω;
705 1548 723 1580 ›
747 1529 810 1582 Τί
835 1546 933 1599 μου
967 1529 1060 1582 καὶ
1085 1529 1184 1599 τὴν
1215 1526 1438 1597 καρδίαν
1468 1525 1665 1596 θροεῖς,

90 1619 192 1673 καὶ
225 1684 227 1686 η
254 1619 354 1689 τὴν
391 1617 556 1688 ἀκοὴν
592 1617 941 1686 ξενοφωνεῖς;
986 1615 1050 1668 Τί
1083 1617 1144 1668 τὸ
1177 1615 1250 1685 μὴ
1275 1609 1673 1667 ἀκουσθὲνάπὸ

85 1711 187 1763 τοῦ
221 1709 414 1772 αἰῶνος
444 1709 808 1778 διαγγέλλεις;
833 1709 1024 1776 ἔγκυος
1048 1708 1430 1780 εύρεθήσομαι,
1459 1704 1551 1758 καὶ
1573 1705 1667 1757 ἀνσ-

85 1801 218 1871 δρδς
253 1804 446 1872 πεῖραν
473 1802 533 1854 ού
587 1801 855 1873 λήλζκομαις
892 1819 911 1852 ι
949 1800 1070 1864 Πῶς
1115 1799 1267 1853 ἔσται
1303 1816 1393 1870 μοι
1423 1797 1607 1861 τοῦτο;
1641 1817 1658 1848 ι

86 1892 302 1963 Μήτηρ
359 1891 820 1965 όνομασθήσομαι,
877 1891 970 1945 καὶ
1019 1889 1296 1963 μητρικῶν
1326 1889 1526 1942 ὠδίνων
1561 1888 1685 1952 ἕξων

85 1982 428 2052 γενήσομαι;
467 2001 486 2032 ι
534 1982 658 2046 Πῶς
698 1982 849 2035 ἔσται
897 1999 986 2052 μοι
1036 1982 1229 2044 10610;
1267 1998 1285 2031 ι
1319 1977 1502 2043 Ma.sz
1548 1981 1668 2031 ἐπι-

83 2070 266 2136 δώσω,
303 2073 396 2126 καὶ
450 2073 736 2144 σπάργανα
777 2073 1074 2143 συσφίγξω,
1103 2073 1195 2126 καὶ
1221 2072 1379 2125 παῖδα
1404 2069 1667 2139 γαλακτο-

83 2163 368 2232 τροφήσω,
384 2165 475 2216 καί⁸
490 2163 540 2216 τί
556 2165 616 2217 τὸ
641 2166 698 2217 ὲν
725 2166 848 2236 ἐμοὶ
875 2165 937 2218 ού
961 2163 1276 2234 γνώσομαι;
1313 2182 1332 2215 ι
1357 2163 1482 2228 Πῶς
1511 2163 1664 2216 ἔσται

87 2253 386 2323 μοιτοῦτο;
422 2275 442 2308 ι
476 2255 598 2325 λέγε
633 2273 722 2328 μοι
756 2256 852 2328 τὴν
881 2255 1100 2325 εὔλογον
1126 2258 1322 2321 αἰτίαν,
1355 2257 1440 2309 ἵνα
1471 2254 1664 2324 γνώσω

82 2347 182 2418 τὴν
211 2347 510 2417 ἀμφίδολον
541 2348 1023 2420 κυοφορίαν.Ξένον
1041 2350 1141 2421 τῆς
1167 2347 1310 2412 Εὔας
1331 2351 1364 2420 ἡ
1389 2349 1660 2419 γέννησις,

83 2438 204 2491 ἀλλ’
235 2439 386 2508 ὅμως
446 2440 510 2493 ὲκ
539 2439 632 2492 τοῦ
679 2439 870 2512 ἀνδρὸς
908 2440 1076 2510 αὐτῆς
1131 2440 1368 2512 ἐλήφθηο
1403 2443 1497 2496 καὶ
1536 2442 1661 2512 ἔσχε

83 2527 148 2580 τὸ
183 2528 360 2581 αἴτιον
393 2527 514 2581 ὅθεν
543 2529 844 2601 ἐγνωρίσθη
869 2531 928 2583 τὸ
965 2529 1212 2601 φύραμα,
1241 2531 1322 2584 ὃτι
1342 2531 1401 2597 ἐξ
1433 2532 1597 2585 αὑτοῦ
1627 2535 1660 2604 ὴ

84 2617 238 2688 αὐτῷ
278 2618 559 2688 ληφθεῖσα,
591 2621 684 2674 καὶ
710 2619 738 2670 ὁ
772 2621 901 2684 ἴδιος
920 2621 997 2691 τῷ
1034 2622 1146 2692 ίδὶῳ
1190 2623 1547 2694 ἀνεπληρώθη
1582 2625 1664 2677 τό-

85 2725 188 2772 πος
240 2709 718 2782 Ξενοπρεπεστέρα
757 2711 814 2764 δὲ
844 2713 940 2782 τῆς
969 2712 1168 2784 Εῦαςή
1205 2711 1298 2765 τοῦ
1341 2713 1510 2784 Ἀδὰμ
1535 2715 1661 2782 γένπ·

86 2817 280 2872 νησιςο
312 2802 422 2856 ἀλλ’
455 2804 601 2874 ὅμως
634 2805 726 2858 καὶ
755 2805 892 2877 αὑτὴ
937 2805 1443 2880 φανεροποιηθεῖσα,
1475 2811 1677 2880 γραφῇ,

83 2895 386 2971 παρεδόθη,
409 2897 503 2950 καὶ
534 2897 652 2960 πῶς
683 2898 1024 2969 παραχρῆμα
1049 2899 1237 2967 γέγονε
1273 2900 1460 2970 σαφῶς
1487 2901 1658 2969 ὲγνω-

85 2989 276 3061 ρίσθη,
324 2989 406 3042 ὅτι
459 2988 566 3044 ἀπὸ
600 2988 699 3058 τῆς
728 2989 828 3060 γῆς
855 2989 982 3059 χοῦν
1011 2989 1192 3044 λαϐὼν
1231 2991 1261 3044 ό
1307 2991 1656 3064 δημιουργὸς,

1775 519 1874 574 tibi
1919 520 2187 574 bonorum
2219 519 2446 573 nuntius
2479 518 2701 580 accedo,
2735 517 2949 572 etiamsi
2981 523 3131 570 extra
3176 522 3338 568 natu-

1769 627 1886 666 ram
1933 613 2044 667 sint
2093 627 2213 682 qua:
2257 611 2411 673 dico;
2471 617 2711 664 attamen
2768 622 2798 661 a
2841 610 3123 664 conditore
3165 609 3335 663 totius

1768 717 1952 757 rerum
1987 708 2194 755 natura:
2227 701 2360 754 nihil
2387 700 2686 769 obliquum,
2715 699 2850 753 nihil
2875 707 3212 766 tortuosum;
3239 698 3335 754 sed

1769 800 1918 849 recta
1968 793 2181 858 omnia,
2233 800 2287 847 ct
2340 806 2562 846 suavem
2616 799 2776 860 atque
2824 791 3045 860 planum
3087 791 3335 844 ordinem

1771 885 2090 955 spectantia.
2145 883 2245 940 His
2287 893 2444 954 capta
2497 883 2783 952 promissis
2841 881 3028 952 Virgo,
3079 883 3336 952 omnique

1771 992 1939 1048 prava
1992 975 2306 1045 suspicione
2349 975 2596 1036 liberata,
2635 988 2741 1027 non
2784 973 2928 1027 ultra
2956 974 3114 1043 quasi
3162 973 3337 1028 diﬂisa

1771 1070 1966 1132 tacuit,
2009 1069 2105 1125 sed
2149 1070 2223 1122 ait
2252 1068 2480 1138 angelo:
2517 1086 2536 1118 ι
2580 1067 2862 1133 Quomodo
2893 1066 2979 1120 ﬁet
3006 1067 3134 1119 mihi
3167 1067 3334 1130 istud,

1770 1161 2028 1232 quoniam
2072 1161 2250 1214 virum
2289 1175 2399 1214 non
2441 1159 2810 1230 cognosco"?
2841 1177 2859 1210 ι
2893 1157 3032 1224 Quid
3055 1173 3148 1212 cor
3163 1165 3337 1214 terres

1769 1267 1972 1314 meum,
2016 1267 2312 1322 auremque
2350 1251 2570 1306 insolita
2619 1266 2751 1305 voce
2782 1251 3066 1304 attonitam
3115 1249 3339 1303 reddis?

1769 1341 1911 1408 Quid
1970 1358 2084 1398 rem
2129 1343 2422 1398 annuntias
2471 1357 2502 1396 a
2548 1343 2748 1397 saeculo
2786 1357 2893 1396 non
2937 1341 3214 1396 auditam?
3253 1341 3338 1396 An

1769 1449 2054 1506 praegnans
2109 1435 2376 1499 inveniar,
2430 1433 2562 1504 quin
2627 1434 2729 1486 viri
2775 1434 3202 1502 experimentum
3247 1447 3339 1486 ca-

1768 1529 1951 1592 piam?
1977 1547 1994 1579 (
2015 1525 2299 1593 Quomodo
2327 1526 2417 1582 ﬁet
2441 1525 2573 1579 mihi
2602 1523 2788 1580 istud?
2820 1544 2838 1578 ι
2876 1524 3046 1580 Mater
3075 1525 3336 1589 vocabor,

1767 1627 1822 1674 et
1875 1619 2136 1674 maternis
2185 1625 2374 1689 partus
2405 1617 2688 1672 doloribus
2737 1631 2930 1686 expers
2974 1615 3108 1670 ero?
3137 1634 3154 1666 ι
3191 1614 3338 1679 Quo-

1767 1711 1930 1764 modo
1960 1711 2051 1764 ﬁet
2075 1711 2204 1764 mihi
2229 1710 2417 1766 istud?
2455 1729 2474 1762 ›
2517 1709 2804 1764 Mammam
2838 1707 3112 1779 praebebo,
3141 1707 3338 1777 pannis

1696 1780 1738 1835 Β
1767 1801 2060 1866 involvam,
2097 1818 2325 1872 puerum
2382 1802 2618 1864 lactabo,
2655 1816 2753 1855 cur
2798 1800 2941 1869 quod
2993 1815 3079 1854 me
3128 1806 3339 1870 spectat
3421 1864 3425 1870 _

1768 1909 1876 1948 non
1908 1894 2243 1964 intelligam?
2280 1912 2298 1945 ι
2334 1893 2616 1960 Quomodo
2653 1891 2740 1947 llet
2770 1891 2903 1945 mihi
2935 1890 3116 1945 istud?
3149 1910 3168 1943 ι
3205 1904 3338 1943 con-

1767 1997 2082 2041 sentaneam
2111 1985 2294 2055 profer
2321 1985 2454 2039 mihi
2489 1999 2735 2046 causam,
2763 1990 2820 2036 ut
2845 1983 3134 2037 obscuram
3187 1981 3337 2035 illam

1765 2075 1909 2130 uteri
1968 2076 2326 2144 gestationem
2360 2073 2676 2143 intelligam.
2710 2071 2954 2126 lnsolens
2981 2071 3080 2124 fuit
3102 2069 3226 2125 Eva:
3247 2087 3338 2142 ge-

1763 2167 1995 2232 neratio,
2018 2175 2253 2222 attamen
2272 2183 2342 2221 ex
2361 2166 2478 2221 viro
2495 2167 2584 2220 illa
2601 2173 2816 2234 sumpta
2842 2164 2944 2218 fuit
2960 2165 3006 2197 ³³
3025 2183 3038 2220 :
3063 2178 3338 2234 causaque

1766 2255 1868 2310 fuit
1890 2271 1995 2326 qua
2025 2255 2291 2326 ejusmodi
2321 2269 2514 2311 massae
2542 2255 2682 2310 ratio
2725 2263 3166 2325 cognosceretur,
3195 2269 3335 2324 quo-

1763 2349 1910 2402 niam
1941 2349 2151 2403 scilicet
2173 2363 2240 2402 ex
2272 2347 2386 2415 illo,
2409 2363 2532 2418 qua:
2555 2363 2655 2418 pro
2680 2348 2793 2410 illo,
2819 2354 3034 2417 sumpta
3059 2355 3178 2401 est:
3205 2360 3335 2415 pro-

1763 2438 2023 2508 priusque
2071 2438 2226 2494 locus
2259 2439 2485 2510 pr0prio
2527 2439 2647 2493 loco
2695 2439 2936 2509 repletus
2965 2437 3336 2492 est.lnsolen-

1762 2530 1870 2584 tior
1915 2529 2040 2584 Eva:
2089 2533 2440 2601 generatione
2491 2529 2687 2584 Adami
2743 2531 3050 2600 generatio;
3093 2537 3332 2583 attamen

1763 2622 1855 2676 illa
1895 2622 2102 2690 scripto
2158 2622 2352 2677 tradita
2383 2638 2446 2678 ac
2475 2629 2730 2678 enarrata
2765 2622 2887 2686 fuit,
2928 2630 3226 2689 notumque
3249 2627 3336 2674 est

1761 2728 1869 2783 qua
1904 2713 2119 2770 ratione
2151 2725 2375 2785 repente
2431 2715 2574 2770 facta
2625 2716 2715 2771 sit.
2754 2713 2828 2770 De
2857 2724 3079 2784 accepto
3123 2713 3334 2768 scilicet

1761 2805 1892 2858 limo
1934 2814 2092 2861 terra:
2119 2806 2364 2872 Creator,
2413 2807 2613 2862 animal
2665 2806 2948 2871 deiforme,
2984 2805 3360 2876 praeparavit,

1761 2911 1956 2969 nempe
2007 2900 2244 2968 primum
2299 2907 2606 2970 parentem.
2659 2898 2729 2954 Ut
2768 2900 2858 2952 illa
2887 2909 3017 2953 nota
3046 2905 3196 2965 sunt,
3230 2897 3336 2951 hoc

1761 2992 1892 3048 item
1937 2993 2155 3049 declara
2207 2992 2362 3057 mihi,
2416 2991 2860 3063 quandoquidem
2912 2991 2967 3046 id
3008 2989 3154 3061 quod
3209 2997 3365 3044 ante-

85 3080 394 3152 θεόμορφω
444 3080 580 3144 ζῶον
640 3079 1009 3136 κατεσκεύασε
1061 3080 1155 3134 τὸν
1215 3083 1654 3154 πρωτόπλαστον.

1764 3085 1950 3141 dixisti
2007 3085 2180 3150 mihi,
2212 3084 2304 3138 illa
2350 3084 2456 3139 alia
2504 3083 2662 3154 longe
2695 3090 2958 3153 superat:
2995 3099 3015 3132 ι
3049 3079 3332 3146 Quomodo

93 3174 184 3237 Ὡς
230 3175 416 3226 ἐκεῖνα
433 3173 703 3246 γνώριμα,
734 3176 826 3228 καὶ
851 3175 1009 3230 τοῦτο
1039 3176 1332 3250 σαφήνισον
1353 3193 1364 3206 ’
1390 3176 1574 3248 ἐπειδὴ
1598 3177 1660 3230 τὸ

84 3265 391 3338 προλεχθέν
427 3282 513 3336 μοι
543 3266 694 3337 παρά
723 3266 815 3319 σοῦ
857 3267 1248 3339 ύπερηκόντισε
1286 3270 1354 3324 τὰ
1379 3266 1658 3341 λεχθέντα-⁸

92 3377 109 3409 ι
151 3357 285 3418 Πῶς
317 3356 467 3410 ἔσται
505 3375 592 3427 μοι
640 3357 816 3423 τοῦτο,
850 3359 971 3412 ἐπεὶ
1018 3359 1184 3431 ἄνδρα
1212 3361 1272 3414 ού
1315 3361 1604 3430 γινώσκω;
1634 3383 1652 3415 ι

96 3449 152 3503 Ὀ
179 3450 239 3502 δὲ
275 3449 513 3520 Γαϐριὴλ
556 3450 693 3520 πρὸς
738 3451 836 3521 τὴν
877 3450 1184 3521 Παρθένον·
1227 3451 1352 3516 Πῶς
1381 3453 1532 3507 ἔσται
1576 3471 1658 3508 σοι

83 3539 282 3604 τὉῦτος
314 3540 450 3611 Παρ’
472 3539 605 3610 ἐμοῦ
655 3541 745 3594 τὸν
773 3541 976 3614 τρόπον
1010 3541 1213 3613 ζητεῖς,
1245 3543 1514 3614 Παρθένε,
1554 3563 1659 3617 μα-

85 3627 227 3694 θεῖν;
268 3627 363 3699 Μὴ
422 3628 641 3684 δύναται
675 3630 860 3695 δοῦλος
896 3633 1094 3687 σκοπὸν
1121 3635 1318 3688 εἰδέναι
1345 3635 1656 3705 ﬂeo-116106;

85 3719 209 3784 Πῶς
269 3719 420 3773 ἔσται
459 3737 539 3773 σοι
572 3722 758 3788 τοῦτο;
788 3724 1046 3795 Μηνυτὴς
1075 3725 1402 3797 ἀπεστάλην,
1431 3725 1526 3796 ούχ
1571 3729 1660 3798 έρ-

89 3813 388 3882 μηνευτής.
421 3831 438 3863 ι
476 3813 570 3876 Τίς
595 3813 732 3882 ἔγνω
764 3813 886 3868 νοῦν
906 3816 1146 3884 Κυρίου;
1172 3817 1205 3885 ἢ
1244 3817 1328 3880 τίς
1359 3817 1659 3888 σύμϐουλος

86 3901 253 3956 αὐτοῦ
291 3903 534 3970 ὲγένετο;
558 3923 576 3955 ι
603 3903 668 3956 ⁶¹Ᾱ
693 3904 873 3958 ἀκούω
897 3905 1061 3971 λαλῶ,
1088 3907 1237 3962 οὐδὲν
1264 3907 1391 3962 ἴδιον
1417 3909 1655 3965 πλάττω.

89 3995 210 4058 Πῶς
267 3994 421 4049 ἔσται
461 4013 544 4049 σοι
577 3996 764 4059 τοῦτο;
800 3999 872 4050 Τὸ
910 3999 1026 4063 πῶς
1075 4001 1169 4052 ἐπὶ
1215 4000 1349 4054 Θεοῦ
1383 4003 1456 4074 μὴ
1484 4001 1654 4074 ζήτει.

88 4085 210 4150 Πῶς
274 4085 426 4140 ἔσται
488 4105 568 4141 σοι
617 4088 807 4155 τοῦτο;
869 4089 958 4154 Ὧς
1015 4091 1244 4154 Ἡσαΐας
1287 4094 1658 4168 προηγόρευσε

87 4173 348 4240 φάσκων·
373 4194 392 4226 ι
439 4175 568 4229 Ἰδοὺ
610 4180 643 4248 ἡ
693 4177 967 4249 Παρθένος
1018 4181 1076 4233 ὲν
1125 4183 1323 4254 γαστρὶ
1353 4183 1501 4248 ἐξειο
1542 4204 1562 4236 ι
1599 4185 1660 4239 τὸ

87 4266 226 4330 ἕξειν
253 4282 316 4318 σε
340 4269 759 4340 προηγόρευσεν,
786 4270 895 4340 ἐγὼ
927 4273 984 4325 δὲ
1012 4273 1154 4342 λέγω
1201 4293 1305 4339 σοι,
1339 4277 1421 4330 ὅτι
1448 4293 1466 4327 ι
1486 4277 1656 4344 τέξεις

89 4356 203 4411 υἱὸν
233 4357 335 4411 καὶ
388 4359 632 4424 καλέσεις
679 4362 740 4416 τὸ
776 4363 945 4434 ὄνομα
984 4366 1149 4420 αὐτοῦ
1193 4368 1426 4440 Ἰησοῦνο
1460 4388 1480 4422 ι
1509 4371 1658 4442 αύτῷ

1762 3177 1865 3231 erit
1906 3176 2040 3230 mihi
2092 3176 2260 3241 istud,
2303 3178 2562 3246 quoniam
2607 3176 2788 3230 virum
2819 3190 2929 3228 non
2969 3171 3280 3244 cognosco?
3306 3189 3327 3222 ι

1762 3267 1900 3322 Tum
1924 3266 2139 3322 Gabriel
2165 3268 2234 3322 ad
2255 3266 2531 3337 Virginem
2558 3285 2572 3322 :
2597 3265 2880 3333 Quomodo
2908 3266 3013 3322 erit
3039 3265 3135 3320 tibi
3155 3265 3335 3320 istud?
3361 3283 3365 3288 ‘

1760 3376 1792 3416 a
1843 3374 1948 3426 me,
1989 3357 2176 3429 Virgo,
2206 3358 2426 3412 modum
2478 3358 2679 3428 quaeris
2718 3358 3007 3414 ediscere?
3037 3357 3119 3410 An
3154 3363 3333 3426 potest

1763 3468 1956 3508 servus
2004 3465 2229 3522 scopum
2275 3463 2442 3508 nosse
2488 3449 2696 3504 domini
2748 3449 2868 3505 sui?
2899 3447 3183 3515 Quomodo
3229 3448 3334 3502 eri:

1761 3545 1859 3600 tibi
1878 3545 2009 3600 illud
2025 3546 2047 3598 ?
2061 3545 2318 3606 Nuntius,
2345 3559 2455 3599 non
2469 3543 2761 3615 interpres,
2779 3544 2980 3599 missus
3001 3557 3173 3596 sum.«
3197 3538 3332 3606 Quis
3351 3582 3364 3589 -

1760 3636 1913 3690 novit
1947 3645 2185 3690 mentem
2237 3635 2476 3699 Domini,
2510 3641 2611 3688 aut'
2643 3635 2768 3704 quis
2818 3633 3165 3689 consiliarius
3209 3631 3330 3700 ejus

1762 3727 1962 3782 fuit"?
2006 3746 2024 3778 ι
2055 3726 2185 3794 Quae
2228 3727 2388 3782 audio
2416 3727 2628 3797 loquor,
2660 3725 2796 3780 nihil
2843 3739 2872 3778 a
2919 3740 3007 3778 me
3057 3722 3326 3792 contingo.

1763 3819 2048 3886 Quomodo
2082 3821 2187 3874 erit
2219 3819 2317 3874 tibi
2368 3820 2551 3874 istud?
2600 3817 2756 3888 Apud
2811 3815 2980 3871 Deum
3020 3831 3089 3872 ne
3118 3829 3360 3886 quaeras.

1763 3911 2056 3982 quomodo.
2083 3909 2366 3976 Quomodo
2394 3907 2499 3963 erit
2529 3907 2628 3964 tibi
2658 3905 2837 3965 istud?
2865 3903 3331 3972 Quemadmodum
3355 3951 3358 3956 .

1761 4002 1931 4060 Isaias
1961 4003 2345 4072 pmnuntiavit
2398 4001 2588 4057 dicens
2621 4020 2635 4056 :
2677 4019 2696 4053 ι
2733 3999 2872 4054 Ecce
2897 3997 3064 4068 Virgo
3088 3997 3142 4051 in
3174 4003 3330 4051 utero

1760 4093 2068 4149 habebit”:
2091 4112 2109 4144 ι
2139 4099 2191 4147 te
2222 4091 2278 4146 in
2311 4098 2464 4147 utero
2492 4091 2800 4146 habituram
2820 4088 3086 4161 praedixit,
3105 4101 3205 4158 ego
3227 4101 3331 4140 au-

1759 4193 1869 4240 tem
1899 4185 2023 4240 dico
2069 4184 2190 4248 tibi,
2216 4182 2361 4254 quod
2395 4201 2414 4234 ι
2448 4185 2626 4254 paries
2662 4183 2852 4248 tilium,
2901 4191 2956 4236 et
2983 4178 3204 4234 vocabis
3231 4193 3334 4233 no-

1759 4292 1885 4332 men
1927 4277 2047 4347 ejus
2079 4275 2265 4333 Jesum
2287 4294 2333 4330 ε)
2365 4275 2468 4348 ipsi
2485 4275 2657 4348 gloria
2677 4275 2732 4329 in
2752 4275 2951 4331 saecula
2984 4271 3357 4330 saeculorum.

1758 4368 1950 4424 Amen.

90 4451 122 4520 ή
147 4448 281 4517 δόξα
315 4452 392 4516 είς
419 4452 543 4516 τοὺς
571 4453 889 4519 αίῶναςτῶν
920 4456 1162 4514 αἰώνων..
1186 4459 1376 4531 Ἀμήν.
1691 4458 1736 4513 D

155 4602 202 4636 ⁸⁵
238 4601 380 4659 Luc.
411 4621 451 4670 I,
482 4605 585 4673 50,
619 4606 709 4662 3i.
785 4609 830 4641 ³⁸
870 4610 1002 4666 ibid.
1041 4611 1131 4665 54.
1233 4613 1280 4644 ³⁸
1317 4612 1454 4669 Gen.
1493 4629 1568 4678 ιι,
1601 4614 1663 4668 23

1767 4615 1811 4646 ³⁷
1852 4613 1960 4670 lsa.
1997 4631 2065 4668 ιι
2087 4652 2102 4678 ,
2138 4615 2224 4670 i3.
2375 4615 2422 4646 ³⁸
2457 4611 2564 4669 lsa.
2600 4628 2712 4680 vu,
2749 4612 2834 4667 14.

109 4757 3298 4789 _._______________________________________________

475 4903 545 4961 IN
575 4904 950 4965 SERMONEM
983 4909 1072 4966 DE
1107 4910 1676 4970 ANNUNTIATIONE
1697 4915 2198 4976 .SANCTISSIMA‘]
2237 4918 2562 4976 DEIPARE
2604 4917 2945 4976 MONITUM.

155 5015 413 5086 Spurium
447 5034 558 5074 esse
618 5020 754 5078 hunc
798 5041 1090 5080 sermonem
1133 5043 1281 5080 nemo
1294 5029 1411 5096 jam
1437 5030 1676 5086 eruditus
1705 5048 1808 5086 non
1827 5031 2059 5100 judicat,
2097 5049 2214 5087 cum
2243 5035 2354 5090 sols
2380 5036 2578 5090 clarior
2598 5053 2709 5091 sese
2735 5036 2928 5105 prodat
2952 5035 3078 5104 styli
3110 5033 3326 5101 hujusce
3355 5065 3357 5067 ι

91 5107 153 5163 ab
201 5109 571 5166 Athanasiano
611 5113 986 5184 discrepantia.
1021 5117 1302 5172 Athanasii
1339 5121 1476 5175 enim
1525 5123 1916 5178 oratio-nitida
1971 5141 2207 5195 puraque
2261 5137 2339 5180 est
2371 5143 2389 5182 :
2421 5138 2604 5181 contra
2651 5145 2768 5182 vero
2807 5127 3022 5196 hujusce
3053 5127 3326 5196 scriptoris

90 5207 163 5254 ita
185 5202 434 5270 perplexa
459 5212 508 5258 et
530 5203 770 5273 obscura,
786 5217 846 5262 ut
871 5210 957 5263 vix
982 5209 1306 5279 intelligatur
1326 5224 1346 5264 :
1363 5215 1500 5282 quod
1527 5224 1624 5281 est,
1658 5217 1734 5270 ait
1771 5215 1975 5271 Tullius
1999 5216 2223 5289 (30““),
2257 5221 2312 5274 in
2339 5223 2577 5276 oratione
2602 5223 2784 5276 vitium
2805 5219 2884 5275 vel
2907 5221 3218 5275 maximum.
3249 5219 3332 5274 Ad

93 5290 203 5347 htec
235 5310 392 5365 1tqu
414 5296 499 5351 hic
527 5309 827 5369 comparent
857 5303 1153 5371 permultae,
1182 5305 1362 5375 sagaci
1405 5308 1582 5376 quovis
1614 5308 1842 5375 homine,
1874 5327 1937 5365 ne
1980 5310 2155 5365 dicam
2178 5312 2472 5368 Athanasio
2513 5314 2763 5385 indigum,
2793 5323 2851 5368 ut
2891 5323 2968 5368 est
3011 5315 3185 5381 inepta
3230 5313 3331 5368 illa

89 5387 406 5458 etymologia
451 5391 588 5444 vocis
641 5391 818 5452 οὐσία.
855 5393 920 5446 ab
977 5394 1109 5459 ίσία,
1153 5405 1202 5450 et
1236 5397 1347 5451 alia
1401 5397 1712 5466 ejusmodi:
1747 5418 1993 5474 vocesque
2015 5403 2308 5472 complures
2354 5406 2649 5460 Athanasio
2691 5408 2905 5477 ignaue,
2944 5414 3004 5458 ut
3041 5414 3164 5460 sunt
3198 5406 3332 5474 illa,

87 5479 508 5570 βεοῦπόστατος,
542 5485 1117 5557 ἀνθρωποῦπόστατος,
1145 5491 1397 5562 ἀρχίθεος
1431 5501 1482 5545 et
1512 5493 1663 5564 ὑπερς

1768 5513 1864 5559 ιος,
1901 5507 1949 5549 et
1976 5498 2099 5552 alite
2119 5515 2250 5568 quas
2273 5496 2396 5552 bene
2426 5499 2641 5561 multas,
2676 5516 2771 5569 pro
2803 5498 3052 5553 brevitate
3069 5500 3330 5570 opusculi,

90 5566 185 5624 hac
224 5572 447 5628 contulit
476 5576 702 5645 scriptor
732 5578 956 5644 iste;.ita
981 5589 1037 5635 ut
1061 5581 1364 5650 inferiorem
1414 5583 1626 5640 omnino
1667 5583 2003 5642 Gracitatem
2035 5566 2287 5644 redoleat.
2321 5587 2393 5643 Et
2434 5604 2561 5644 sane
2599 5566 2714 5658 qua:
2744 5589 2806 5643 de
2835 5583 3035 5644 Christi
3059 5566 3355 5659 hypostasiu

157 5719 174 5780 ί
178 5719 359 5786 30"“)
388 5724 464 5781 De
495 5739 718 5785 oratore.
