3856 6206
194 215 308 275 921

1132 214 1369 272 SERMO
1408 214 1477 271 ΙΝ
1515 213 2142 272 ANNUNTIATIONEM
2171 214 2515 273 DEIPARE.

3363 218 3472 275 9‘23

190 337 286 401 εἰς
313 355 364 405 ο,
386 336 480 392 καὶ
506 335 832 408 πλεονασμῷ
856 336 951 390 τοῦ
988 355 1017 389 υ
1044 336 1329 406 στοιχείου,
1372 335 1532 390 οὐσία
1568 336 1784 408 διερμη-

1895 342 1980 390 est
2012 335 2343 399 substantia,
2382 334 2621 391 diversis
2638 342 2823 391 tamen
2854 334 3303 406 proprietatibus,
3337 335 3470 400 ἰσια,

190 426 526 490 νεύεται,ὠς
546 422 681 482 οὖσά
700 444 784 491 τις
809 426 1106 498 συστατικὴ
1132 424 1388 498 ὓπαρξις,
1405 425 1513 480 τῶν
1530 428 1593 479 ὲκ
1611 425 1790 479 πλειό-

191 535 312 571 νων
344 517 437 570 ὲπί
469 518 599 588 μίαν
631 517 835 589 μονάδα
878 518 1116 589 ἐχόντων
1138 518 1201 572 τὸ
1228 518 1521 589 ἄθροισμα.
1552 517 1663 571 Καὶ
1692 516 1786 571 οὖ-

188 626 311 671 τως
346 609 428 671 εἰς
467 609 561 662 τὸν
590 610 714 662 κατ’
751 609 934 663 εἰκόνα
974 609 1109 663 Θεοῦ
1163 609 1458 680 γενόμενον
1503 608 1787 680 ἄνθρωπον

190 698 604 763 ἁποσλέποντες
641 698 778 771 (59),
807 699 1188 771 κανονίξομεν,
1225 700 1307 753 ὅτι
1336 701 1369 772 ἡ
1396 698 1652 763 σύστασις
1681 700 1788 755 τῶν

190 791 333 863 περὶ
361 791 525 845 αὐτοῦ
557 790 883 861 ἰδιωμάτων,
912 790 1057 846 κατὰ
1088 792 1184 857 τὴν
1214 790 1379 845 αὑτοῦ
1412 789 1668 864 ὕπαρξιν,
1693 793 1785 845 οὑ-

192 881 292 935 σία
327 880 812 953 προσαγορεύεται,
837 880 912 945 ὼς
936 877 1074 936 οὖσα
1099 881 1388 955 περίληψις
1419 882 1514 935 καὶ
1558 881 1786 954 περιοχὴ

187 971 308 1026 τῶν
337 972 623 1037 πλειόνων,
647 972 740 1026 ἐπὶ
769 971 828 1032 ἓν
856 972 1092 1043 ἐχόντων
1125 970 1187 1025 τὸ
1248 970 1457 1026 ἑαυτῶν
1487 971 1782 1043 ἄθροισμα.

191 1064 311 1117 Καὶ
343 1065 452 1136 γὰρ
485 1064 548 1118 τὸ
585 1063 802 1119 κτιστὺν
834 1061 972 1118 εἶναι
1008 1065 1102 1118 τὸν
1135 1063 1442 1136 ἄνθρωπον,
1471 1062 1533 1116 τὸ
1574 1063 1781 1134 νοερὸν,

189 1155 263 1208 τὸ
285 1154 526 1224 λογικὸν,
553 1154 616 1207 τὸ
644 1154 903 1226 ἔμψυχον,
920 1155 981 1209 τὸ
1010 1155 1344 1227 σωματικὸν,
1373 1155 1434 1208 τὸ
1467 1153 1783 1227 παθητικὸν,

186 1247 260 1300 τὸ
304 1246 554 1317 ρευστὸν,
584 1246 645 1299 τὸ
676 1246 951 1318 χρονικὸν,
975 1246 1037 1299 τὸ
1063 1244 1282 1316 θνητὸν,
1315 1245 1378 1298 τὸ
1409 1244 1686 1316 γεννητὸν,
1724 1244 1788 1299 τὸ

186 1337 455 1410 φθαρτὸν,
470 1338 532 1391 τὸ
550 1337 859 1410 αὐξητικὸν,
874 1337 937 1391 τὸ
950 1337 1201 1410 τρεπτὸν,
1217 1336 1279 1389 τὸ
1295 1327 1784 1408 ἀλλοιωτικὸνμο),

186 1430 258 1483 τὸ
279 1429 543 1501 λυπηρὸν,
565 1430 659 1483 καὶ
684 1431 784 1483 ὅσα
810 1429 944 1484 ἄλλα
961 1427 1186 1483 τοιαῦτα
1210 1427 1349 1483 κατὰ
1370 1426 1660 1497 ἀναλογίαν
1687 1427 1785 1480 καὶ

186 1521 527 1592 ἐκλογισμὸν
567 1522 763 1591 ἐπίσης
816 1522 907 1574 ἐπὶ
938 1521 1028 1575 τὸν
1069 1521 1354 1593 ἄνθρωπον
1403 1519 1788 1590 λαμϐανόμενα

183 1615 334 1669 κατὰ
371 1615 432 1668 τὸ
464 1616 600 1678 ἴσον,
623 1613 736 1667 ίσία
761 1613 1108 1683 λέγεται,κα“ι
1130 1616 1302 1686 τροπῇ
1338 1614 1432 1667 καί¹
1464 1610 1788 1683 πλεονασμῷ

1895 423 2116 489 dicitur,
2149 433 2207 479 ut
2239 434 2293 481 et
2316 427 2444 482 ὁσία
2472 434 2526 482 et
2555 426 2678 497 μίαἰ
2704 426 2771 479 Et
2797 441 2924 481 cum
2954 428 3067 481 ἰσια
3106 425 3470 498 etymologica

1896 516 2131 582 dicatur,
2169 518 2535 572 conversione
2554 517 2647 571 τοῦ
2679 536 2696 571 ι
2727 517 2783 575 in
2809 535 2855 579 ο,
2888 533 2953 572 ac
2975 517 3170 581 deinde
3192 516 3470 572 additione

1900 608 2096 663 littera:
2124 626 2177 675 υ,
2207 609 2365 662 οὐσία
2386 608 2640 673 edicitur,
2687 609 2847 679 quasi
2882 610 2976 673 sit,
3020 609 3164 664 velut
3207 616 3469 664 constans

1895 696 2141 768 quaedam
2170 698 2516 763 exsistentia,
2551 713 2758 759 rerum,
2793 713 2914 768 qua:
2955 714 3021 754 ex
3050 698 3237 755 multis
3260 700 3313 752 in
3345 697 3463 751 uni-

1893 797 2061 845 tatem
2087 789 2422 845 coalescunt.
2439 791 2617 859 Atque
2648 789 2723 843 ita
2750 789 3023 844 hominem
3046 790 3100 844 in
3116 789 3467 859 Deiimagiue

1896 880 2098 935 factum
2127 887 2456 951 spectantes,
2488 879 2813 945 deﬁnimus:
2846 881 2990 952 quod
3021 881 3231 937 scilicet
3261 881 3467 937 consti-

1897 971 2032 1027 tutio
2075 970 2194 1041 ejus
2238 971 2659 1041 proprietatum,
2707 970 3008 1027 secundum
3053 972 3171 1042 ejus
3200 971 3469 1027 exsistan-

1893 1061 2048 1127 tiam,
2082 1062 2322 1117 essentia
2346 1064 2671 1133 appelletur,
2706 1073 2891 1135 utpote
2918 1079 3040 1135 quae
3070 1064 3142 1121 sit
3159 1064 3467 1134 complexio

1892 1160 1949 1208 et
1995 1153 2414 1223 comprehensio
2451 1155 2773 1219 multorum,
2819 1172 2938 1226 quae
2974 1156 3031 1210 in
3088 1171 3258 1213 unum
3304 1155 3469 1227 336

1893 1244 2231 1300 coalescunt.
2276 1244 2410 1299 Nam
2443 1246 2588 1317 quod
2620 1252 2839 1302 creatus
2880 1247 2953 1303 sit
2986 1247 3170 1313 homo,
3211 1247 3355 1317 quod
3388 1248 3467 1300 in-

1895 1333 2167 1405 telligens,
2211 1333 2358 1403 quod
2408 1336 2717 1400 rationalis,
2766 1336 2910 1407 quod
2968 1337 3263 1400 animatus,
3318 1335 3464 1407 quod

1893 1425 2219 1495 corporalis,
2244 1418 2394 1495 quod
2424 1426 2689 1496 patibilis,
2722 1426 2868 1497 quod
2897 1425 3098 1491 ﬂuxus,
3140 1425 3287 1497 quod
3335 1437 3470 1481 tem-

1894 1515 2124 1586 poralis,
2170 1514 2318 1587 quod
2371 1518 2644 1582 mortalis,
2683 1517 2834 1587 quod
2868 1516 3107 1587 genitus,
3155 1515 3302 1587 quod
3343 1530 3468 1570 corn

1894 1606 2193 1678 ruptibilis,
2230 1604 2377 1676 quod
2406 1607 2747 1676 vegetabilis,
2778 1607 2922 1678 quod
2956 1606 3267 1671 mutationi,
3289 1606 3462 1661 varie-

184 1705 302 1758 τῶν
332 1705 633 1775 στοιχείων,
652 1704 808 1758 οὑσία
839 1704 1325 1776 προσαγορεύεται,
1340 1703 1631 1758 κάντεῦθεν
1654 1703 1784 1773 πλή-

1891 1701 1987 1754 tati
2031 1706 2087 1755 et
2132 1699 2369 1755 tristitia:
2432 1700 2504 1754 sit
2547 1699 2844 1764 obnoxius,
2890 1708 3053 1768 atque
3097 1697 3183 1754 bis
3212 1698 3460 1754 similia:

182 1814 357 1868 ρωμα
384 1797 484 1866 τῆς
530 1794 948 1865 ἀνθρωπότητος
979 1794 1339 1866 ἑρμηνεύεται
1359 1833 1374 1860 ,
1423 1792 1484 1846 τὸ
1531 1790 1782 1862 συμπλη-

185 1888 321 1963 ροῦν
372 1888 542 1960 αὐτῆς
575 1888 635 1941 τὸ
667 1886 957 1960 ἄθροισμα,
1005 1887 1147 1942 κατὰ
1176 1886 1238 1942 τὸ
1270 1885 1556 1958 μοναδικὺν
1612 1883 1782 1955 αὐτῆς

185 1983 473 2053 σύστημα.

1889 1804 2012 1860 qua:
2045 1788 2229 1843 habita
2276 1788 2492 1843 ratione
2522 1796 2687 1859 atque
2730 1788 3104 1858 proportione,
3139 1787 3195 1841 in
3246 1786 3467 1844 homine

1888 1878 2193 1937 secundum
2216 1879 2602 1949 aequalitatem,
2638 1879 2747 1933 ίσία
2769 1879 2898 1951 [hoc
2921 1888 3007 1936 est
3054 1876 3359 1950 aequalitas]
3381 1877 3464 1932 di-

1888 1978 2126 2039 cuntur;
2174 1972 2591 2041 mutationeque
2642 1985 2709 2027 ac
2755 1972 3074 2043 pleonasmo
3130 1971 3462 2036 litterarum,

184 2079 353 2133 οὐσία
378 2084 602 2132 vocatur
637 2095 652 2133 :
698 2084 866 2146 atque
899 2074 1029 2130 hinc
1069 2072 1355 2146 plenitudo
1390 2072 1645 2128 humana:
1675 2080 1886 2125 naturae
1908 2069 2238 2140 explicatur,
2257 2065 2403 2139 quod
2424 2065 2546 2138 ejus
2570 2066 3043 2124 coacervationem
3063 2064 3321 2137 complet,
3370 2078 3471 2120 εει.

181 2174 436 2231 cundum
466 2172 684 2226 unicam
717 2168 840 2238 ejus
869 2168 1345 2224 constitutionem.

259 2267 315 2322 4.
355 2268 445 2343 'Ey
476 2262 559 2329 οἷς
590 2262 984 2336 σημειούμεθα,
1016 2263 1098 2316 ὅτι
1130 2260 1284 2316 οὐδὲν
1303 2260 1508 2315 τούτων
1540 2259 1663 2313 καθ’
1677 2258 1778 2312 αὑ-

179 2360 251 2414 τὸ
279 2358 440 2413 οὐσία
469 2358 685 2426 λέγεται
718 2355 828 2408 τῶν
868 2352 1012 2409 κατὰ
1042 2353 1132 2407 τὸν
1163 2351 1448 2426 ἄνθρωπον
1480 2351 1784 2421 ἰδιωμάτων

183 2449 615 2524 ἁθροιζομένων.
652 2449 726 2502 Οὐ
759 2449 864 2519 μήν
894 2445 1189 2500 τι-τούτων
1217 2445 1511 2506 ὑπόστασις
1532 2443 1779 2512 λέγεταν

182 2545 329 2599 ἀλλὰ
355 2543 552 2607 κοινῶς
577 2542 696 2614 μὲν,
731 2535 841 2595 οἷον
871 2539 1155 2603 άπολύτως
1180 2538 1271 2591 ἐπὶ
1299 2537 1516 2592 πάντων
1549 2535 1780 2604 συναγό-

189 2653 356 2709 μενα,
387 2636 544 2690 οὑσία
578 2634 797 2701 λέγεται
848 2631 957 2685 τῶν
990 2632 1133 2685 κατὰ
1177 2630 1270 2683 τὸν
1313 2629 1596 2701 ἄνθρωπον
1637 2628 1782 2681 ἰδιω-

188 2730 384 2801 μάτων
413 2727 473 2781 τδ
494 2726 768 2798 ἄθροισμα
785 2742 798 2756 υ
823 2724 971 2787 ἰδίως
993 2723 1050 2776 δὲ
1079 2722 1176 2776 καὶ⁷
1207 2721 1426 2791 ἐφ’ὲνὸς
1453 2719 1781 2783 ὑπόστασις.

190 2822 371 2876 Ὅταν
408 2820 506 2891 μὲν
532 2815 627 2873 οὖν
655 2817 849 2881 κοινῶς
893 2816 986 2870 ἐπὶ
1024 2813 1234 2869 πολλῶν
1274 2812 1450 2866 ταῦτα
1490 2811 1781 2884 θεωρῆται,

183 2912 352 2966 οὐσία
379 2902 844 2982 προσαγορεύεται
865 2924 879 2938 ο
906 2909 1033 2961 ὅταν
1054 2906 1111 2960 δὲ
1138 2905 1232 2959 καί
1252 2904 1346 2959 ἐπὶ
1364 2904 1463 2958 ἕνα
1488 2902 1631 2967 ἰδίως
1662 2917 1787 2956 συν-

188 3005 419 3076 άγηται,
463 3003 762 3064 ὑπόστασις
795 2996 1200 3070 ὲξονομάζεται.
1248 2996 1360 3050 Καὶ
1391 2993 1580 3067 ὥσπερ
1618 2992 1781 3047 πάλιν

1957 2251 2014 2308 ι.
2040 2248 2102 2305 In
2132 2249 2335 2321 quibus
2390 2256 2721 2317 annotamus
2761 2249 2967 2303 nullam
3002 2264 3188 2305 earum
3220 2249 3471 2322 proprie~

1884 2351 2059 2400 tatum
2077 2357 2199 2414 quae
2215 2343 2270 2397 in
2289 2342 2510 2398 homine
2529 2342 2844 2398 coalescunt
2871 2340 3173 2396 secundum
3193 2356 3253 2397 se
3274 2341 3462 2398 οὐσίαν

1884 2433 2090 2499 vocari,
2123 2447 2226 2488 nec
2253 2432 2550 2503 quidquam
2572 2432 2791 2495 horum,
2818 2431 3113 2496 ὑπόστασις
3146 2452 3160 2487 :
3192 2432 3288 2488 sed
3318 2448 3455 2488 con-

1882 2525 2122 2596 junctim
2147 2522 2221 2579 et‘
2234 2524 2491 2578 omnibus
2516 2523 2746 2584 coactis.
2778 2525 3124 2578 coacervatio
3155 2524 3458 2594 proprieta-

1889 2625 2006 2671 tum
2046 2615 2310 2682 hominis,
2341 2614 2521 2681 οὐσία,
2570 2630 2668 2671 seu
2702 2614 2941 2671 essentia
2970 2615 3210 2683 dicitur,
3242 2616 3462 2685 proprie

1882 2724 2013 2765 vero
2045 2717 2209 2779 atque
2236 2710 2295 2765 in
2317 2723 2427 2764 uno
2455 2706 2771 2772 ὑπόστασις,
2801 2722 2899 2763 seu
2921 2707 3296 2763 subsistentia.
3319 2707 3460 2762 Cum

1882 2802 2071 2874 itaque
2093 2808 2148 2857 et
2167 2814 2460 2856 commune
2484 2799 2553 2855 de
2581 2798 2770 2854 multis
2789 2798 2904 2853 haec
2923 2798 3254 2870 cogitantur,
3278 2799 3458 2865 οὐσία,

1894 2909 1992 2951 seu
2020 2893 2261 2950 essentia
2287 2898 2681 2962 nuncupatur;
2716 2905 2841 2946 cum
2886 2898 3067 2945 autem
3097 2891 3165 2946 de
3192 2905 3301 2945 uno
3333 2905 3467 2961 pro-.

1882 2987 2002 3058 prie
2034 2986 2387 3058 colliguntur,
2419 2983 2739 3049 ὑπόστασις,
2774 2999 2871 3040 seu
2904 2983 3259 3040 subsistentia
3284 2983 3462 3038 nomi-

189 3066 400 3160 εἰς-τὸν
433 3096 552 3148 κατ’
573 3093 757 3148 εἰκόνα
788 3092 883 3146 καὶ
914 3066 1174 3162 ὁμοίωσιν
1206 3087 1342 3143 Θεοῦ
1371 3066 1661 3159 γενόμενον
1688 3085 1782 3141 ἄν·

1891 3086 2071 3134 natur.
2100 3077 2167 3132 Et
2196 3078 2342 3133 sicut
2394 3076 2616 3141 iterum,
2663 3075 2885 3146 quando
2914 3075 3190 3130 hominem
3226 3073 3293 3128 ad
3323 3074 3461 3128 ima-

186 3187 415 3260 θρωπον
450 3185 872 3246 ἀποϐλέποντες,
906 3182 1025 3253 ἄμα
1052 3178 1240 3234 τοῦτον
1266 3178 1391 3235 νοῦν
1425 3178 1536 3250 (ﬂ)
1566 3177 1662 3232 καὶ
1690 3176 1781 3230 λό-

188 3294 292 3348 γον
325 3278 421 3332 καὶ
467 3274 687 3345 πνεῦμα
728 3271 1070 3343 καθορῶμεν,
1104 3270 1198 3323 καὶ
1223 3270 1374 3325 οὐδὲν
1416 3268 1621 3322 τούτων
1650 3267 1785 3339 πρό-

190 3387 357 3444 τερον
392 3366 515 3423 οὑτε
553 3367 803 3438 ὕστερον,
845 3362 981 3417 ἀλλὰ
1024 3362 1166 3416 κατὰ
1201 3361 1368 3415 ταὺτὸ
1407 3358 1659 3430 συνέστη,
1692 3358 1786 3412 καὶ

190 3466 293 3519 ἱνα
320 3463 419 3534 μὲν
445 3460 761 3531 λεγόμενον,
796 3456 990 3528 τριάδα
1022 3454 1079 3508 δὲ
1111 3453 1422 3524 νοούμενον,
1448 3451 1523 3514 ὡς
1554 3445 1664 3505 οἷον
1689 3450 1785 3504 καὶ

186 3558 289 3612 τὸν
316 3554 411 3611 νοῦ
485 3554 582 3626 μὲν
606 3552 922 3621 ἀγέννητον,
955 3546 1214 3618 γεννητὸν
1248 3546 1305 3600 δὲ
1333 3544 1424 3601 τὸν
1472 3544 1651 3614 λόγον,
1692 3541 1787 3596 καί⁹

197 3648 393 3705 τοῦτον
426 3645 567 3702 κατὰ
603 3644 794 3716 καιρὸν
843 3639 1257 3713 μελανούμενον,
1301 3637 1397 3692 καὶ⁵
1437 3636 1785 3709 ἐγγραφόμε-

192 3761 311 3807 νον,
338 3741 435 3795 καὶ
465 3736 924 3807 άποστελλόμενον
944 3750 957 3764 ·
986 3732 1161 3796 οὑτως
1186 3730 1282 3787 καὶ
1313 3729 1407 3784 ἐπὶ
1438 3729 1535 3783 τοῦ
1567 3728 1785 3783 πάντων

196 3833 367 3897 Θεοῦ,
388 3832 481 3887 τὸν
512 3831 608 3903 μὲν
635 3828 853 3899 Πατέρα
872 3827 948 3890 ὡς
975 3823 1100 3880 νοῦν
1128 3823 1445 3893 ἀγέννητον,
1473 3821 1563 3877 τὸν
1577 3820 1634 3874 δὲ
1658 3820 1787 3875 Υἱδν

194 3927 274 3991 ὡς
318 3924 490 3994 Λόγον
520 3920 796 3991 γεννητὸν,
840 3918 939 3971 καὶ
966 3915 1155 3971 τοῦτον
1179 3913 1659 3984 άποστελλόμενον,
1687 3928 1787 3966 κα-

196 4020 268 4073 τὰ
292 4016 484 4089 καιρὸν
516 4011 761 4076 εὐδοκίας
790 4010 882 4064 τοῦ
908 4005 1180 4080 πατρικοῦ
1218 4006 1541 4078 θελήματος,
1577 4002 1677 4075 οὐχ
1710 4003 1788 4068 ὡς

197 4110 539 4183 προφορικδν
566 4106 709 4160 κατὰ
736 4104 927 4177 καιρὸν
949 4102 1045 4156 καὶ
1068 4101 1258 4173 χρόνον
1281 4099 1417 4171 πρὸς
1447 4097 1635 4170 χρείαν
1655 4097 1788 4151 ἀπο-

197 4204 563 4275 γεννώμενον,
612 4197 728 4251 ἀλλ’
761 4195 837 4260 ὡς
879 4192 1275 4257 ὑποστατικδν,
1323 4191 1418 4244 καὶ
1465 4188 1788 4261 αὐτόχρημα

194 4294 358 4349 τοῦτο
388 4292 536 4355 ὅντα,
578 4287 759 4351 καθὼς
802 4286 898 4341 καὶ
946 4284 1269 4355 γεγένναται
1303 4281 1436 4351 (42).
1463 4278 1647 4344 Ἀπαξ
1679 4279 1788 4349 γὰρ

196 4381 487 4455 γεννηθεὶς
534 4379 599 4431 ἐκ
656 4376 750 4429 τοῦ
795 4373 1031 4443 Πατρδς,
1066 4371 1363 4434 ὑπόστασις
1408 4371 1547 4434 ἐστι,
1591 4368 1778 4422 στάσιν

1884 3168 2068 3240 ginem
2114 3175 2170 3224 et
2218 3167 2638 3225 similitudinem
2690 3165 2788 3222 Dei
2825 3165 3029 3221 factum
3064 3164 3457 3236 conspicimus,

1885 3276 1994 3316 una
2032 3266 2295 3324 mentem,
2325 3257 2554 3315 verbum
2584 3266 2639 3314 et
2672 3258 2925 3329 spiritum
2975 3257 3458 3329 apprehendimus,

1885 3366 1985 3408 nec
2023 3351 2217 3406 horum
2249 3351 2549 3422 quidquam
2598 3350 2686 3405 vel
2719 3351 2874 3421 prius
2901 3350 2986 3405 vel
3029 3351 3326 3420 posterius,
3364 3349 3462 3404 sed

1885 3440 2093 3512 pariter
2134 3440 2469 3506 consistunt,
2512 3447 2676 3510 atque
2707 3454 2876 3494 unum
2920 3439 3137 3510 quidem
3177 3438 3459 3503 dicuntur,

1886 3532 1982 3590 sed
2013 3531 2318 3587 trinitatem
2345 3546 2470 3587 esse
2491 3527 2899 3601 quodammodo
2927 3529 3235 3599 cogitamus
3260 3543 3275 3580 :
3299 3536 3462 3596 atque

1886 3630 2118 3679 mentem
2139 3621 2361 3694 quidem
2388 3623 2707 3693 ingenitam,
2732 3619 2959 3675 verbum
2989 3626 3170 3674 autem
3193 3619 3458 3690 genitum,

1885 3716 2176 3787 ipsumque
2204 3729 2305 3785 pro
2347 3722 2590 3784 tempore
2614 3718 2922 3767 atramento
2952 3718 3258 3776 exaratum,
3323 3710 3463 3765 scri-

1886 3814 2037 3878 ptum
2056 3821 2121 3862 ac
2132 3805 2362 3861 missum
2385 3822 2401 3872 ;
2426 3804 2502 3858 ita
2530 3818 2749 3875 quoque
2764 3809 2818 3857 et
2841 3803 2898 3856 in
2921 3801 3304 3857 universorum
3326 3798 3458 3866 Deo,

1885 3899 2103 3952 Patrem
2156 3895 2317 3965 quasi
2364 3901 2601 3950 mentem
2657 3891 2996 3964 ingenitam,
3053 3889 3250 3946 Filium
3301 3889 3459 3961 quasi

1886 3989 2125 4046 Verbum
2163 3988 2435 4060 genitum,
2469 3987 2757 4057 ipsumque
2788 3984 3041 4049 missum,
3073 3998 3184 4054 quo
3216 3991 3463 4052 tempore

1888 4082 2095 4153 placuit
2125 4087 2361 4151 paterna}
2383 4077 2682 4144 voluntati;
2718 4091 2826 4132 non
2850 4075 3008 4146 quasi
3031 4075 3325 4145 prolatum,
3356 4072 3442 4126 ali-

1888 4186 1997 4242 quo
2030 4177 2276 4240 tempore
2305 4174 2360 4223 et
2392 4175 2690 4230 momento,
2722 4165 2792 4219 ad
2832 4161 3122 4233 quemdam
3170 4175 3329 4216 usum
3363 4174 3447 4230 ge-

1888 4262 2062 4316 nitum
2093 4260 2185 4326 sit,
2216 4259 2310 4315 sed
2336 4258 2495 4330 quasi
2526 4256 2856 4320 subsistens,
2882 4269 2946 4308 ac
2963 4268 3059 4324 per
3083 4267 3142 4309 se
3164 4251 3459 4315 exsistens,

1889 4351 2347 4422 quemadmodum
2374 4356 2430 4405 et
2466 4356 2657 4404 natum
2683 4355 2786 4403 est.
2824 4344 3004 4401 Semel
3040 4358 3277 4413 namque
3303 4342 3461 4413 geni-

199 4436 485 4530 άδιάλῖδτον
517 4470 676 4540 ἔχων,
719 4468 809 4537 ὑφ’
846 4436 933 4520 ὧν.
953 4436 1048 4519 καὶ
1088 4461 1228 4520 εἶναι
1277 4462 1509 4532 πέφυκε.
1572 4461 1647 4513 Τὸ
1673 4458 1781 4531 γὰρ

1891 4454 1976 4501 tus
2005 4460 2070 4500 ex
2106 4443 2266 4498 Patre
2318 4441 2633 4515 hypostasis
2677 4445 2785 4504 est,
2835 4437 3219 4494 indissolutam
3255 4436 3462 4491 habens

199 4568 495 4628 ὑπόστασις
510 4563 626 4617 κατ’
641 4558 992 4632 ὲτυμολογίαν
1013 4553 1422 4628 διερμηνεύεται
1444 4551 1789 4612 ὑπό-στασις.

198 4658 316 4714 Καὶ
336 4656 448 4727 γὰρ
477 4655 553 4718 ὼς
583 4651 715 4716 νοῦς
738 4651 767 4703 ό
796 4647 1005 4717 Πατὴρ,
1028 4645 1148 4699 κατ’
1169 4644 1348 4699 αἰτίαν
1377 4642 1470 4696 τοῦ
1500 4638 1785 4712 γεννητοῦ,

199 4751 278 4815 ὡς
310 4747 567 4818 γεννητὸν
586 4745 679 4799 τὸν
704 4743 830 4799 Υίὺν
863 4744 949 4797 ἐπ’
976 4740 1138 4796 αὑτὸν
1168 4739 1302 4810 ἔχει.
1328 4735 1418 4790 Διό
1440 4736 1535 4790 καὶ
1565 4737 1594 4789 ὁ
1622 4736 1789 4804 εὑαγ-

202 4840 458 4912 γελιστὴς
509 4839 629 4893 ἀντὶ
682 4834 777 4890 τοῦ
821 4833 965 4888 (ὑπὸ
1009 4831 1119 4909 pro
1165 4847 1187 4883 ι
1227 4829 1360 4902 πρὸς
1385 4847 1404 4880 ι
1441 4826 1790 4897 ἀναγέγραφε

201 4933 378 5003 λέγων
396 4949 412 4963 ο
436 4950 455 4982 ι
479 4931 567 4984 Ἐν
599 4929 741 5000 ἀρχῇ
770 4922 838 4997 ἦν
873 4928 903 4979 ὁ
930 4924 1120 4992 Λόγος,
1159 4921 1256 4976 καὶ
1296 4922 1326 4974 ό
1356 4919 1526 4988 Λόγος
1554 4913 1622 4989 ἦν
1651 4916 1786 4989 πρὸς

201 5020 299 5079 τδν
331 5021 483 5084 Θεὸν,
518 5020 612 5073 καὶ
656 5018 787 5081 Θεὸς
821 5011 891 5086 ἦν
926 5015 955 5068 ὁ
996 5012 1189 5080 Λόγος,
1224 5030 1243 5063 ι
1281 5007 1490 5064 Οὐκοῦν
1543 5007 1785 5062 ἰσοδύνα-

210 5116 311 5188 μόν
349 5114 488 5173 ἐστι,
528 5110 622 5164 καὶ
663 5107 785 5163 καθ’
829 5106 890 5161 ιν
927 5105 1327 5178 σημαινόμενον
1379 5098 1787 5171 ὲπαναστρέφον

205 5207 292 5269 τὸ,
309 5205 436 5270 ὑπὸ,
454 5202 733 5274 καὶπρὸς,
763 5198 906 5254 κατὰ
934 5196 1193 5269 πρόθεσιν
1219 5192 1313 5248 τοῦ
1331 5192 1592 5264 ὀνόματος
1618 5206 1787 5262 προσ-

209 5299 461 5369 κείμενα.

282 5476 326 5508 ³¹
362 5473 523 5530 Joan.
560 5489 579 5528 ι
603 5513 619 5538 ,
654 5473 706 5528 l.

285 5570 398 5644 (59)
432 5568 766 5644 Anglicanus
797 5568 1163 5644 solu§,__quern
1195 5565 1444 5644 sequitur
1478 5560 1611 5644 edit.
1635 5558 1789 5644 gari-

216 5631 414 5712 siensf,
445 5631 863 5703 ἀποϐλέποντες.
912 5631 1054 5694 Edit.
1110 5631 1319 5692 Comm.
1374 5642 1428 5690 et
1478 5633 1600 5696 alii,
1662 5631 1785 5701 βὶέ-

216 5728 431 5775 ποντες.

292 5781 404 5852 (ξο)
443 5780 681 5854 Anglic.,
713 5779 772 5834 τὸ
804 5776 1088 5834 summa»;

1889 4536 2291 4601 exsistentiam,
2324 4536 2428 4592 sub
2455 4534 2525 4590 iis
2553 4548 2675 4604 quae
2717 4546 2841 4588 esse
2873 4529 3050 4600 ipsius
3093 4526 3460 4585 constituunt.

1890 4629 2026 4686 Nam
2079 4627 2411 4700 hypostasis,
2458 4624 2758 4681 secundum
2792 4620 3196 4693 etymologiam,
3228 4618 3466 4688 explicu-

1886 4734 1977 4779 tur
1997 4720 2438 4779 subexsistentia.
2493 4717 2774 4789 Siquidem
2828 4714 3014 4778 Pater,
3062 4720 3249 4783 utpote
3281 4726 3459 4774 mens,

1888 4823 2159 4887 quatenus
2182 4823 2266 4870 est
2288 4813 2455 4886 geniti
2489 4827 2677 4880 causa,
2707 4811 2867 4882 quasi
2896 4810 3139 4880 genitum
3171 4807 3372 4863 Filium
3401 4806 3458 4862 in

1891 4926 1951 4966 se
1974 4911 2157 4966 habet.
2176 4909 2542 4978 Quamobrem
2577 4906 2932 4978 evangelista,
2962 4904 3128 4973 hujus
3142 4900 3294 4957 vocis
3318 4901 3460 4966 loco,

1891 5002 1998 5056 ὑπό
2028 5000 2109 5074 [id
2144 5012 2227 5058 est
2253 5020 2273 5054 ι
2297 4999 2458 5072 ευίιι]
2483 5000 2618 5071 πρός
2650 4999 2726 5072 [id
2754 5004 2839 5053 est
2863 5016 2882 5048 ι
2907 4993 3108 5065 apud].
3134 4991 3464 5062 conscripsit

1890 5093 2081 5151 dicens
2107 5111 2120 5147 :
2145 5115 2164 5147 ‹
2185 5093 2243 5149 In
2273 5095 2546 5165 principio
2566 5100 2684 5148 erat
2707 5090 2968 5154 Verbum,
2999 5098 3054 5146 et
3079 5087 3317 5145 Verbum
3344 5093 3463 5142 erat

1887 5187 2029 5256 apud
2067 5186 2258 5253 Deum,
2291 5195 2346 5242 et
2377 5185 2519 5242 Deus
2545 5195 2664 5241 erat
2681 5183 2919 5240 Verbum
2943 5183 3009 5237 ".
3044 5201 3063 5235 ι
3097 5181 3243 5237 Idem
3275 5179 3462 5250 itaque

1885 5280 1991 5335 sibi
2021 5280 2160 5344 vult,
2214 5288 2269 5335 et
2317 5280 2385 5335 ad
2431 5294 2595 5334 unam
2634 5276 2986 5344 eamdemque
3010 5271 3460 5345 signiﬁcationem

1884 5370 2046 5439 redit,
2074 5371 2201 5438 ὑπό,
2229 5378 2282 5427 et
2315 5371 2474 5444 πρός,
2506 5385 2630 5427 cum
2661 5367 2871 5424 nomini
2897 5367 3194 5457 adduntur.

1958 5560 2078 5642 μὶ)
2106 5558 2183 5614 ita
2205 5556 2442 5629 Anglic.,
2476 5563 2642 5611 recte.
2677 5552 2819 5611 Editi
2852 5566 3002 5617 vero,
3050 5549 3167 5621 ἃμα
3221 5544 3317 5602 τοῦ
3365 5541 3460 5602 τὸν

1893 5649 2018 5685 νουν
2026 5673 2039 5686 .

1970 5700 2083 5773 (42)
2113 5699 2349 5787 Anglic"
2377 5696 2715 5768 γεγέννηται.
