3856 6206
372 185 512 276 ’923

1542 213 1600 269 s.
1641 187 2104 267 ATdANAsms.
2141 239 2211 252 —
2245 207 2513 265 SPURIA.

3558 208 3681 263 92$

478 318 532 391 8.
567 333 736 406 Igitur
780 333 1083 397 ὑπόστασις
1123 338 1210 390 est
1256 329 1455 396 Filius,
1500 331 1661 401 quasi
1693 331 1799 386 sub
1831 329 1990 385 Patre

2163 328 2215 382 5.
2256 329 2579 391 ’Υπόστασις
2605 327 2783 380 τοίνυν
2813 328 2959 380 ἐστὶν
2989 328 3018 381 δ
3040 324 3187 392 Υίός,
3244 326 3320 390 ὡς
3344 326 3451 379 ὑπό
3481 342 3540 378 τι
3570 326 3682 379 τὸν

404 426 783 482 exsistentiam
814 426 1045 490 habens,
1076 439 1179 480 nec
1222 424 1343 480 sine
1367 422 1548 489 Patre,
1585 422 1681 478 sed
1713 421 1855 492 apud
1884 421 1987 474 Pa-

406 523 545 572 trem
587 532 802 588 semper
830 518 1130 580 exsistens,
1169 529 1353 586 neque
1396 515 1559 568 aliam
1611 528 1774 583 quam
1809 512 1988 567 Patris

405 609 743 665 voluntatem
786 609 1018 671 habens,
1065 623 1247 678 neque
1295 608 1456 661 aliam
1508 615 1857 676 potestatem,
1902 606 1986 660 vel

408 700 808 772 operationem,
830 708 891 754 ut
910 714 1088 769 neque
1117 699 1277 752 aliam
1311 698 1707 764 substantiam;
1738 699 1831 752 sed
1862 713 1987 751 cum

409 791 595 847 omnia
623 806 964 861 quascunque
1007 789 1169 845 Pater
1197 790 1382 853 habet,
1424 788 1625 845 habeat
1652 797 1706 844 et
1754 790 1870 859 ipse
1900 790 1990 843 Fi-

410 882 540 945 lius,
565 881 1053 938 consubstantialis
1072 890 1159 936 est
1180 879 1331 934 Patri
1361 889 1416 933 et
1435 877 1685 950 Spiritui.
1716 878 1815 934 Hic
1834 881 1987 951 juxta

410 981 696 1045 paternum
721 973 1036 1036 consilium,
1066 971 1352 1042 antiquum
1383 980 1545 1041 atque
1562 987 1771 1037 verum,
1802 979 1989 1042 utpote

410 1065 595 1133 magni
614 1063 828 1119 consilii
851 1062 1032 1118 Patris
1055 1063 1304 1133 angelus,
1332 1061 1600 1118 mirabilis
1614 1062 1985 1127 consiliarius,

406 1155 509 1225 ‘qui
542 1155 671 1209 olim
708 1163 771 1209 ut
802 1153 1041 1211 Verbum
1084 1154 1268 1209 Patris
1302 1153 1662 1210 multifariam
1695 1155 1987 1224 multisque

346 1276 349 1281 -
412 1247 822 1304 modislocutus
847 1257 931 1306 est
963 1249 1217 1319 patribus
1243 1248 1298 1301 in
1324 1248 1638 1317 prophetis;
1672 1246 1987 1301 novissimis

414 1339 607 1394 diebus
635 1339 743 1403 his,
800 1340 1018 1396 locutus
1047 1347 1133 1394 est
1164 1339 1348 1403 nobis,
1386 1338 1708 1393 incarnatus
1736 1345 1791 1393 et
1826 1337 1988 1391 homo

414 1427 595 1483 factus
624 1447 637 1482 :
671 1429 785 1498 qui,
822 1435 879 1483 ut
926 1429 1022 1491 ait,
1058 1436 1112 1482 et
1138 1428 1339 1483 saecula
1366 1425 1528 1483 fecit:
1563 1442 1673 1481 non
1707 1428 1853 1497 quod
1883 1427 1988 1481 diis

415 1519 739 1588 quibusdam
773 1520 1107 1590 portentosis
1148 1535 1302 1575 suam
1332 1519 1729 1590 providentiam
1759 1518 1991 1573 commi—

417 1610 569 1675 serit,
602 1620 660 1665 ut
691 1611 843 1665 aiunt
864 1610 1102 1679 ethnici;
1124 1611 1220 1666 sed
1252 1612 1367 1682 ipse
1392 1610 1562 1667 Filius
1591 1629 1658 1665 ex
1687 1610 1864 1666 Patris
1894 1612 1989 1666 be-

2094 420 2313 491 Πατέρα
2363 420 2549 473 στάσιν
2579 420 2736 490 έχων,
2780 419 2874 473 καὶ
2901 418 2963 472 οὑ
2996 419 3162 489 χωρὶς
3192 417 3284 471 τοῦ
3317 416 3537 489 Πατρδς
3566 416 3682 480 ὢν,

2094 511 2229 565 ἀλλά
2254 511 2389 583 πρὸς
2415 512 2505 564 τὸν
2532 511 2747 583 Πατέρα
2772 511 2858 565 ἀεὶ
2886 509 2994 562 ὢν·
3019 511 3111 563 καὶ
3139 508 3259 563 οὑτε
3292 508 3508 581 θέλημα
3540 510 3686 562 ἀλλο

2094 600 2245 673 παρά
2277 601 2369 655 τοῦ
2411 602 2622 673 Πατρὸς
2673 601 2830 673 ἔχων,
2881 601 3003 655 οὔτε
3051 601 3156 674 μὴν
3188 601 3413 672 δύναμιν
3447 600 3685 672 ἑτέραν,

2093 691 2216 745 οὔτε
2270 694 2374 764 μὴν
2407 694 2705 766 ἐνέργειαν,
2758 697 2834 760 ὡς
2891 696 3011 750 οὑδέ
3057 694 3222 763 ἀλλην
3274 694 3487 760 οὑσίαν,
3539 693 3694 747 ἀλλά

2094 785 2294 850 πάντα,
2347 788 2446 839 ὅσα
2481 787 2592 858 ἔχει
2641 789 2670 841 ὁ
2708 788 2918 859 Πατὴρ,
2954 788 3091 858 έχων
3123 787 3218 840 καὶ
3269 770 3433 850 αὑτὸς
3458 788 3493 838 ὁ
3524 787 3691 855 Υἱὸς,

2093 878 2373 948 ὁμοούσιός
2405 878 2519 931 ἐστι
2572 877 2652 949 τῷ
2703 879 2878 951 Πατρὶ
2924 879 3019 933 καὶ
3048 877 3124 949 τῷ
3168 877 3468 948 Πνεὺματι.
3505 875 3691 943 Οὗτος

2094 967 2234 1021 κατά
2252 968 2521 1040 πατρικὴν
2551 968 2743 1041 βουλὴν
2774 969 3003 1042 ἀρχαίαν
3034 969 3127 1023 καὶ
3154 968 3430 1039 ἀληθινὴν»
3459 968 3542 1032 ὡς
3564 986 3678 1039 με-

2094 1057 2266 1127 γάλης
2310 1057 2501 1130 βουλῆς
2534 1059 2743 1131 Πατρὸς
2774 1058 3018 1129 ἄγγελος,
3075 1058 3382 1130 Θαυμαστὸς
3415 1060 3675 1130 σύμϐου-

2092 1147 2203 1213 λος,
2229 1151 2323 1202 καὶ
2356 1151 2540 1216 πάλαι,
2563 1152 2638 1215 ὡς
2665 1152 2834 1220 Αργος
2850 1151 2942 1205 τοῦ
2974 1152 3204 1222 Πατρὸς,
3223 1151 3550 1223 πολυμερῶς
3570 1153 3676 1206 καὶ

2091 1241 2446 1313 πολυτρόπως
2486 1242 2723 1314 λαλήσας
2752 1246 2866 1306 τοῖς
2900 1244 3168 1315 πατράσιν
3200 1245 3255 1297 ἐν
3286 1247 3400 1307 τοῖς
3436 1245 3658 1315 προφή-

2091 1347 2229 1395 ταις,
2263 1322 2609 1403 ἐπ”ἐσχάτων
2635 1333 2740 1386 τῶν
2771 1333 2991 1404 ἡμερῶν
3011 1334 3215 1389 τούτων
3230 1333 3499 1405 ἐλάλησεν
3530 1336 3674 1405 ἡμῖν

2096 1422 2396 1490 σαρκωθεὶς
2428 1423 2521 1476 καὶ
2541 1422 2979 1494 ἐνανθρωπήσας,
3000 1422 3080 1487 ὃς,
3116 1423 3265 1494 φησὶ,
3297 1423 3393 1475 καὶ
3417 1425 3551 1486 τοὺς
3586 1425 3681 1476 αἱ·

2095 1510 2238 1575 ὦνας
2270 1512 2550 1583 ἐποίησενο
2584 1513 2645 1567 οὑ
2681 1513 2819 1575 θεοῖς
2845 1529 2955 1565 τισι
2998 1513 3445 1584 τερατευομένοις
3494 1514 3687 1587 ἐγχει-

2097 1604 2268 1675 ρήσας
2296 1604 2392 1676 τὴν
2418 1605 2579 1659 αὑτοῦ
2606 1606 2880 1677 πρόνοιαν,
2900 1605 3042 1660 καθά
3070 1623 3231 1676 φασιν
3244 1606 3530 1677 Ἕλληνες,
3559 1604 3685 1659 ἀλλ’

419 1700 714 1769 neplacito,
746 1708 799 1753 et
832 1698 1073 1769 Spiritus
1110 1701 1287 1755 sancti
1320 1702 1728 1772 coaperatione,
1773 1716 1990 1755 omnem

2100 1695 2252 1759 αὐτὸς
2277 1697 2305 1748 ὁ
2339 1695 2466 1759 Υἱὸς
2516 1697 2733 1769 εὐδοκία
2770 1696 2865 1750 τοῦ
2898 1698 3111 1769 Πατρὸς
3142 1698 3235 1751 καὶ⁵
3261 1697 3555 1769 συνεργεία
3579 1697 3684 1751 τοῦ

420 1805 603 1845 rerum
643 1790 1039 1860 providentiam
1098 1793 1391 1862 acceperit.
1428 1791 1708 1863 Siquidem
1756 1807 1996 1846 commu~

418 1882 641 1936 nionem
672 1881 971 1938 ostendens
997 1882 1244 1951 ejusdem
1268 1890 1323 1938 et
1352 1884 1515 1938 uni-us
1541 1882 1894 1954 providentia:
1915 1890 1997 1934 at-

420 1986 527 2043 que
543 1973 879 2042 operationis
902 1975 978 2027 ait
999 1993 1011 2028 :
1033 1991 1051 2024 ι
1075 1972 1237 2028 Pater
1257 1990 1411 2031 meus
1437 1988 1610 2045 usque
1627 1972 1789 2028 modo
1804 1986 1997 2044 opera-

422 2073 533 2127 tur,
556 2072 609 2118 et
622 2079 722 2135 ego
749 2079 946 2135 operor
970 2064 1039 2120 “.
1076 2085 1095 2118 ι
1117 2064 1235 2119 Non
1254 2066 1399 2121 enim
1426 2064 1727 2121 secundum
1753 2065 1914 2118 aliam
1942 2071 1998 2119 et

424 2154 587 2208 aliam
606 2154 998 2225 providentiam
1016 2154 1176 2211 Pater
1191 2164 1246 2212 et
1272 2155 1443 2212 Filius
1460 2166 1778 2228 operantur,
1799 2156 1893 2212 sed
1911 2171 1999 2211 se-

423 2246 666 2301 cundum
698 2261 861 2301 unam
897 2254 1060 2317 atque
1081 2248 1325 2303 eamdem
1347 2248 1764 2303 substantialem
1798 2247 1999 2302 divini-

423 2338 557 2393 tatis
579 2338 968 2407 operationem.
993 2357 1012 2390 ι
1036 2338 1139 2405 Qui
1155 2355 1277 2393 cum
1297 2340 1369 2395 sit
1398 2359 1419 2393 ι
1437 2340 1518 2411 (ιιι
1548 2340 1623 2393 ait
1641 2341 1832 2394 iterum
1860 2354 1999 2409 prae-

423 2440 494 2483 co
519 2426 630 2499 ille)
653 2445 671 2478 ι
692 2427 950 2498 splendor
980 2430 1165 2499 gloriae
1186 2438 1240 2485 et
1257 2430 1427 2501 ﬁgura
1458 2431 1776 2487 substantia:
1808 2431 1926 2500 eius
1942 2450 1990 2494 ,ι

424 2517 713 2595 palamque
732 2519 895 2573 etiam
914 2528 999 2575 est
1014 2528 1067 2575 et
1089 2519 1267 2576 Patris
1290 2541 1302 2575 :
1327 2520 1573 2592 feratque
1599 2539 1620 2573 ι
1641 2522 1820 2576 omnia
1834 2520 1995 2591 337

422 2607 594 2663 verbo
624 2609 845 2665 virtutis
872 2610 1068 2680 ipsius,
1100 2612 1485 2683 purgationem
1516 2621 1871 2683 peccatorum
1898 2626 1999 2666 no-

427 2706 671 2755 strorum
716 2699 946 2765 faciens,
973 2703 1126 2758 sedet
1159 2703 1214 2757 in
1244 2703 1471 2757 dextera
1499 2704 1898 2774 magnitudinis
1941 2705 1996 2760 in

426 2790 662 2846 excelsis
687 2790 788 2847 ³³.»
809 2790 1122 2849 Conversus
1152 2801 1333 2848 autem
1356 2808 1536 2848 sermo
1561 2794 1615 2847 in
1636 2794 1882 2850 eamdem
1913 2809 2000 2850 re-

424 2880 561 2937 cidit
588 2882 995 2953 cogitationem,
1023 2884 1424 2940 considerando
1474 2884 1685 2940 scilicet
1750 2884 2002 2956 splendo-

425 2987 564 3042 rem,
617 2974 778 3044 quasi
832 2974 1044 3029 radium
1098 2990 1166 3031 ex
1211 2984 1328 3029 toto
1378 2975 1493 3030 sole
1548 2981 1729 3029 ortum
1761 3016 1778 3043 ,
1838 2976 1996 3047 quasi

427 3066 640 3123 scilicet
671 3082 737 3122 ex
767 3066 920 3121 disco
965 3074 1140 3123 totum
1176 3068 1344 3123 solem
1378 3067 1696 3123 continente
1733 3068 1995 3134 oriretur,

429 3156 788 3213 indiscretum
848 3156 1049 3213 habere
1099 3156 1411 3227 fulgorem;
1480 3166 1535 3213 et
1570 3158 1823 3229 ﬁguram,
1878 3175 2002 3216 esse

429 3247 803 3303 ostensionem
848 3246 1172 3303 substantiae
1210 3249 1382 3315 illius,
1435 3263 1532 3320 per
1584 3265 1748 3321 quam
1796 3249 2001 3321 ﬁgura-

429 3347 541 3393 tur.

502 3427 552 3484 3.
576 3427 1039 3495 Quemadmodum
1061 3430 1203 3485 enim
1234 3432 1424 3486 annuli
1480 3432 1763 3503 signatorii
1810 3434 2004 3490 chara-

429 3527 548 3576 cter
564 3520 863 3601 impressus
902 3523 1149 3578 eamdem
1168 3524 1330 3579 habet
1346 3540 1660 3595 expressam
1691 3526 1999 3598 imaginem,

427 3628 551 3684 quae
579 3615 743 3669 etiam
772 3615 1008 3686 sigillum
1030 3628 1395 3687 nuncupatur,
1433 3632 1658 3690 qumque
1703 3619 2001 3674 secundum

431 3703 795 3760 substantiam
825 3703 880 3758 in
914 3705 1062 3759 nullo
1084 3705 1297 3773 deﬁcit;
1329 3706 1404 3762 ita
1432 3720 1647 3778 quoque
1660 3707 1830 3763 Filius
1850 3724 2004 3763 eum-

432 3793 555 3850 dem
581 3810 742 3865 quem
769 3794 930 3852 Pater
952 3796 1056 3853 fert
1082 3797 1473 3855 characterem.
1504 3798 1689 3869 Neque
1714 3801 1858 3856 enim
1874 3803 2005 3857 cha-

432 3895 611 3942 racter
656 3903 948 3958 expressus
1009 3888 1204 3954 variat,
1256 3888 1351 3944 sed
1408 3890 1744 3947 invariabilis
1796 3901 1998 3958 manet,

428 3978 583 4048 juxta
603 3995 723 4035 eam
752 3995 872 4051 quae
909 3980 964 4034 in
999 3982 1200 4035 annulo
1221 3990 1304 4037 est
1340 3981 1589 4052 ﬁguram,
1642 3984 1755 4039 sive
1794 3984 1849 4038 in
1879 4000 2003 4041 cera

433 4070 549 4127 sive
572 4071 626 4125 in
657 4086 792 4127 auro
825 4073 1183 4142 exprimatur,
1214 4087 1314 4143 pro
1350 4073 1563 4129 ratione
1586 4075 1723 4146 regii
1752 4074 1998 4133 denarii;

431 4171 486 4218 et
513 4164 594 4219 sic
616 4163 798 4219 divina
821 4163 943 4219 Filii
969 4164 1140 4236 ﬁgura
1170 4165 1493 4221 substantiis
1523 4164 1704 4224 Patris
1756 4167 2000 4223 invaria-

432 4252 542 4310 bile
565 4255 801 4326 sigillum
848 4264 969 4323 est;
1034 4263 1090 4310 et
1144 4254 1329 4312 ferens
1360 4257 1541 4311 omnia
1581 4258 1748 4313 verbo
1784 4259 2001 4316 virtutis

2099 1787 2254 1855 ἁγίου
2288 1788 2427 1840 Πνεύ
2435 1804 2602 1858 ματος
2630 1790 2808 1841 πᾶσαν
2827 1788 2925 1860 τὴν
2947 1790 3055 1841 τῶν
3076 1788 3243 1841 ὄντων
3265 1789 3530 1860 πρόνοιαν
3550 1789 3694 1843 ἀνα·-

2096 1878 2433 1949 δεδεγμένος.
2464 1879 2723 1950 Ἐπείπερ
2753 1879 2928 1933 καὶτὸ
2952 1880 3127 1933 κοινὸν
3153 1879 3568 1952 ἐνδεικνύμενος
3585 1881 3696 1951 τῆς

2095 1970 2266 2041 αὑτῆς
2305 1971 2399 2025 καὶ
2432 1972 2559 2042 μιᾶς
2606 1972 2861 2043 προνοίας
2896 1973 2991 2026 καὶ¹
3017 1973 3315 2044 ἐνεργείας,
3349 1974 3553 2043 φησιν·
3585 1992 3607 2025 ι
3632 1975 3696 2028 ’0

2095 2063 2284 2135 Πατήρ
2328 2081 2430 2134 μου
2486 2063 2589 2127 ἕως
2621 2063 2746 2134 ᾶρτι
2779 2063 3087 2135 ἐργάζεται,
3117 2063 3274 2134 κάγὼ
3291 2064 3640 2141 ἐργάζομαι.
3667 2084 3693 2119 ι

2097 2154 2231 2209 Οὑδέ
2255 2153 2361 2227 γάρ
2401 2153 2543 2208 κατά
2574 2154 2737 2226 ἄλλην
2784 2155 2875 2209 καὶ
2925 2155 3088 2227 ἀλλην
3119 2156 3377 2227 πρόνοιαν
3406 2158 3435 2209 ὀ
3488 2156 3698 2228 Πατὴρ

2097 2249 2189 2301 καὶ
2216 2248 2343 2311 Υἱὸς
2375 2247 2683 2319 ἐργάζεται,
2721 2247 2857 2302 ἀλλά
2897 2248 3037 2302 κατά
3077 2248 3206 2319 μίαν
3252 2248 3345 2302 καὶ
3376 2248 3480 2320 τὴν
3511 2249 3699 2320 αὐτὴν

2097 2339 2323 2411 οὑσιώδη
2341 2340 2439 2410 τῆς
2455 2341 2703 2409 θεότητος
2726 2340 3022 2411 ἐνέργειαν.
3039 2358 3059 2392 ι
3088 2342 3184 2404 Ὃς
3205 2339 3280 2393 ὢν
3303 2360 3321 2393 ι
3343 2340 3441 2411 (ὡς
3464 2343 3568 2394 καὶ
3582 2341 3697 2401 πά-

2096 2430 2177 2486 λιν
2203 2433 2364 2503 φησὶν
2391 2433 2420 2484 ὁ
2442 2431 2633 2503 κήρυξ)
2673 2450 2692 2483 ι
2742 2430 3080 2501 ἀπαύγασμα
3116 2432 3215 2503 τῆς
3254 2430 3438 2508 δόξης,
3464 2433 3568 2485 καὶ
3590 2450 3693 2503 χα-

2099 2524 2310 2595 ρακτὴρ
2329 2523 2426 2594 τῆς
2441 2523 2788 2587 ὑποστάσεως
2801 2522 2967 2576 αὑτοῦ
3004 2542 3022 2575 ι
3054 2524 3228 2594 (δῆλον
3246 2523 3305 2577 δὲ
3332 2523 3428 2576 καὶ
3450 2524 3563 2593 τῆς
3588 2521 3688 2577 τοῦ

2097 2612 2350 2686 Πατρὸς),
2370 2615 2553 2685 φέρων
2588 2630 2650 2667 τε
2681 2632 2701 2665 ι
2720 2613 2791 2667 τὰ
2821 2614 2999 2668 πάντα
3029 2614 3106 2685 τῷ
3136 2616 3339 2685 ῥήματι
3374 2616 3479 2686 τῆς
3518 2614 3687 2668 δυνά-

2101 2722 2245 2777 μεως
2270 2704 2455 2767 αὑτοῦ,
2472 2704 2810 2777 καθαρισμὸν
2822 2704 2931 2758 τῶν
2952 2705 3234 2776 ἁμαρτιῶν
3256 2705 3416 2777 ἡμῶν
3438 2707 3684 2776 ποιησά-

2101 2812 2279 2866 μενος,
2313 2795 2560 2849 ἐκάθισεν
2601 2798 2657 2849 ἐν
2695 2795 2845 2867 δεξιᾷ
2874 2796 2975 2867 τῆς
3014 2793 3409 2867 μεγαλωσύνης
3438 2797 3502 2848 ἐν
3540 2794 3687 2867 sqq.

2096 2885 2228 2949 λοῖς.
2252 2905 2270 2938 ι
2293 2887 2670 2957 Ἀναστρέφων
2702 2885 2758 2939 δὲ
2784 2887 2878 2939 καὶ
2905 2882 3060 2950 αὖθις
3085 2886 3116 2940 ὁ
3140 2885 3299 2954 λόγος
3318 2926 3333 2951 ,
3351 2887 3433 2949 εἰς
3446 2884 3553 2957 τὴν
3580 2885 3686 2939 αὼ

2099 2976 2196 3047 τὴν
2236 2976 2442 3030 ἔννοιαν
2476 2977 2882 3046 ἐπισυνάγεται,
2912 2976 3278 3048 περιϐλέπων,
3299 2976 3385 3030 ὅτι
3414 2976 3475 3029 τὸ
3497 2977 3687 3033 ἀπαὺτ

2101 3084 2309 3138 γασμα,
2332 3066 2408 3130 ὡς
2439 3067 2594 3121 ἀκτὶν
2628 3068 2908 3138 πανήλιος,
2940 3067 3016 3133 ὡς
3067 3070 3131 3123 ἐκ
3175 3069 3361 3123 δίσκου
3410 3071 3686 3141 πανηλίου

2102 3159 2422 3214 ἀδιάστατον
2455 3159 2568 3231 ἔχει
2594 3160 2693 3231 τὴν
2723 3159 3004 3232 ἐλλαμψιν,
3051 3161 3147 3215 καὶ
3195 3162 3485 3233 χαρακτὴρ
3518 3162 3688 3216 ἔνδεια-

2104 3251 2184 3317 ξίς
2212 3252 2296 3316 τίς
2347 3268 2464 3305 ἐστι
2492 3252 2590 3323 τῆς
2620 3253 2990 3320 ὑποστάσεως,
3016 3252 3085 3305 δι’
3110 3248 3180 3324 ἧς
3216 3254 3311 3307 καὶ
3340 3255 3688 3326 χαρακτηρί-

2102 3342 2272 3407 ζεται.

2171 3433 2223 3489 6.
2278 3433 2366 3498 Ὠς
2395 3430 2507 3488 οἷον
2539 3433 2650 3507 γὰρ
2690 3434 2829 3490 κατά
2877 3434 3162 3489 δακτυλίου
3202 3434 3492 3507 χαρακτὴρ
3521 3437 3652 3488 ἐντυ
3675 3464 3687 3474 -

2103 3511 2406 3595 πούμενος,
2437 3525 2501 3579 τὸ
2540 3524 2672 3579 αὑτὸ
2707 3525 3042 3596 ἐκτύπωμα,
3079 3526 3109 3579 δ
3149 3526 3243 3578 καὶ
3288 3526 3688 3599 ἐκσφράγισμα

2104 3615 2479 3687 ἑρμηνεύεται,
2508 3618 2674 3688 μηδὲν
2694 3619 2753 3670 ἐν
2775 3619 2885 3679 τοῖς
2913 3619 3032 3670 κατ’
3055 3617 3242 3670 οὑσίαν
3270 3615 3516 3671 ἐλλεῖπον
3544 3618 3682 3689 ἔχει·

2101 3709 2318 3781 οὕτωςρ
2339 3709 2464 3772 Tib;
2488 3709 2577 3762 τὸν
2601 3710 2762 3765 αὑτὸν
2786 3711 3107 3780 χαρακτῆρα
3130 3708 3225 3762 τοῦ
3250 3709 3467 3780 Πατρδς
3498 3711 3681 3783 φέρει.

2102 3800 2236 3854 osa:
2270 3800 2379 3870 γὰρ
2416 3800 2780 3872 παραλλάσσει
2848 3801 2885 3852 ὁ
2921 3800 3205 3871 χαρακτὴρ
3251 3800 3683 3873 ἐκτυπούμενος,

2101 3892 2214 3946 ἀλλ’
2249 3893 2677 3965 ἀπαράλλακτος,
2701 3892 2870 3963 μένει,
2898 3892 3037 3947 κατά
3067 3892 3157 3945 τὸν
3190 3893 3363 3946 αὑτδν¹¹
3384 3896 3443 3946 ἐν
3474 3894 3554 3966 τῷ
3581 3894 3684 3950 δα-

2101 3981 2301 4053 κτυλίῳ
2328 3982 2671 4054 χαρακτῆρα,
2707 3981 2764 4034 έν
2793 3999 2853 4035 τε
2896 3980 3048 4052 κηρῷ
3082 3982 3177 4034 καὶ
3204 3998 3390 4053 χρυσῳ
3419 3984 3683 4038 ἐκτυπού-

2105 4089 2261 4143 μενος
2290 4072 2433 4126 κατά
2458 4072 2519 4125 τὸ
2554 4073 2827 4143 βασιλικὸν
2854 4073 3106 4145 δηνάριον
3125 4090 3139 4103 ·
3172 4075 3265 4126 καὶ
3286 4072 3461 4137 οὕτως
3491 4076 3520 4128 ὁ
3541 4074 3682 4140 θεῖος

2100 4163 2489 4235 χαρακτὴρτοῦ
2506 4163 2636 4219 Υίοῦ
2660 4165 2759 4234 τῆς
2782 4164 2876 4217 τοῦ
2903 4165 3113 4235 Ματρὸς
3133 4165 3487 4229 ὑποστάσεως
3503 4166 3683 4238 ἀπαρ-

2102 4255 2361 4319 άλλακτος
2427 4255 2660 4328 σφραγίς
2707 4258 2857 4322 ἐστι,
2907 4256 3000 4309 καὶ
3045 4254 3224 4326 φέρων
3269 4255 3339 4309 τὰ
3385 4257 3567 4311 πάντα
3602 4258 3681 4329 τῷ

433 4359 566 4413 sua,
603 4346 899 4399 secundum
927 4347 1103 4417 ipsum
1121 4346 1402 4417 proprium
1422 4362 1581 4401 suum
1601 4347 1995 4417 characterem,

2102 4348 2306 4419 ῥήματι
2347 4348 2446 4417 τῆς
2490 4348 2771 4419 δυνάμεως
2811 4347 3014 4413 αὑτοῦ,
3063 4349 3184 4401 κατ’
3230 4348 3391 4402 αὑτὸν
3427 4350 3522 4402 τὸν
3552 4349 3681 4404 [διον

430 4448 652 4493 carnem
676 4423 840 4507 quasi
873 4451 1087 4492 ocream
1123 4435 1181 4491 in
1220 4451 1279 4492 se
1311 4437 1573 4507 suscepit,
1590 4453 1818 4508 eamque
1841 4439 1895 4493 in
1912 4454 1999 4494 se-

432 4527 663 4598 metipso
689 4528 995 4599 obsignavit
1025 4528 1172 4599 (qua:
1203 4543 1292 4584 res
1320 4543 1452 4584 sane
1482 4542 1659 4598 neque
1691 4528 2001 4599 impossibi-

432 4619 526 4685 lis,
556 4635 730 4690 neque
760 4620 1093 4676 incredibilis
1127 4620 1266 4693 est);
1296 4628 1357 4674 ut
1387 4603 1630 4689 tempore
1645 4627 1882 4689 paternae
1902 4637 2000 4677 vo-

435 4711 686 4777 luntatis,
722 4718 782 4765 ut
827 4711 1110 4768 character
1148 4710 1436 4784 (siquidem
1477 4718 1531 4765 et
1563 4710 1845 4766 character
1892 4713 2000 4784 est)

431 4799 862 4859 lncarnationem
896 4805 952 4860 in
969 4820 1028 4861 se
1056 4806 1401 4876 exprimeret,
1427 4801 1519 4857 illa
1546 4817 1678 4857 usus
1700 4802 1854 4873 quasi
1874 4818 1999 4858 cera

430 4894 519 4951 vel
551 4910 682 4951 auro
714 4914 727 4949 :
761 4893 1195 4967 quandoquidem
1219 4903 1389 4952 totum
1406 4896 1722 4969 mysterium
1750 4892 1996 4948 ineffabi-

432 4987 503 5041 lis
566 4987 713 5043 illius
740 4995 793 5042 et
823 4987 1225 5059 inexplicabilis
1259 4987 1655 5043 lncarnationis
1706 4985 1996 5041 subosten-

435 5077 537 5134 dit.
564 5077 697 5133 Nam
726 5079 857 5133 illud
884 5081 1048 5135 etiam
1070 5096 1219 5136 nunc
1248 5079 1519 5135 ineffabile
1543 5085 1599 5134 et
1632 5076 1998 5133 inenarrabile

437 5185 640 5242 manet,
665 5176 735 5230 ob
769 5175 1036 5231 rationem
1091 5175 1396 5243 crescendi,
1427 5172 1694 5245 siquidem
1735 5172 1998 5243 gradibus

441 5268 763 5338 quibusdam
799 5268 1053 5339 dogmata
1079 5267 1367 5334 tradimus,
1401 5281 1578 5338 neque
1596 5280 1705 5321 uno
1727 5272 2001 5321 momento

518 5447 562 5480 "
606 5446 763 5503 Joan.
796 5464 848 5515 ν,
886 5446 977 5502 17.
1050 5447 1097 5479 ³³
1136 5445 1301 5502 Hebr.
1341 5463 1393 5512 ι,
1430 5445 1484 5503 3.

524 5600 634 5671 (43)
662 5601 898 5673 Anglia,
918 5600 1060 5654 καθά
1088 5602 1179 5655 καὶ
1202 5601 1260 5654 τὸ
1297 5601 1436 5655 ὅλον.

2104 4443 2461 4511 χαρακτῆρα,
2494 4440 2590 4512 τὴν
2633 4441 2708 4505 ὡς
2736 4441 2965 4513 κηρίνην
2996 4442 3173 4513 σάρκα
3216 4442 3296 4504 είς
3341 4441 3539 4495 ἐαυτὸν
3591 4444 3680 4496 ἀν-

2104 4531 2319 4597 εδέξατο
2369 4534 2818 4604 ἐντυπωσάμενος
2860 4532 3028 4604 αὑτὴν
3058 4535 3117 4587 ἐν
3158 4531 3337 4603 ἐαυτῷ
3378 4533 3526 4603 (οὑδέ
3568 4534 3677 4605 γάρ

2104 4622 2359 4677 ἀδύνατον
2387 4623 2564 4689 τοῦτο,
2589 4625 2710 4678 οὐδὲ
2753 4625 2859 4696 μὴν
2879 4623 3124 4694 ἄπιστον)
3147 4641 3161 4655 ’
3195 4624 3283 4677 ἵνα
3312 4622 3454 4678 κατά
3485 4625 3672 4696 καιρὸν

2105 4715 2380 4787 πατρικῆς
2413 4716 2664 4780 εὐδοκίας
2686 4754 2702 4781 ,
2737 4716 2812 4780 ὡς
2865 4715 3153 4788 χαρακτὴρ
3194 4715 3337 4786 (ἐπεὶ
3376 4716 3472 4769 καὶ
3502 4732 3670 4787 χαρα-

2104 4809 2284 4880 κτὴρ)
2328 4807 2613 4881 ἐντυπώσῃ
2662 4811 2721 4862 ἐν
2760 4807 3083 4880 ἐαυτῷπὴν
3127 4807 3433 4879 σάρκωσιν,
3464 4806 3542 4870 ὡς
3570 4809 3669 4876 κη-

2105 4915 2269 4970 ρωσιν
2308 4899 2510 4971 ταύτην
2557 4899 2771 4971 φέρων,
2822 4899 2857 4971 ἢ
2909 4898 3181 4970 χρύσωσιν
3207 4913 3224 4929 ·
3272 4899 3397 4952 ἐπεὶ⁸
3453 4899 3552 4953 καὶ
3608 4900 3668 4953 τὸ

2097 4991 2218 5046 ὅλον
2253 4991 2391 5062 (45)
2446 4994 2741 5063 μυστήριον
2792 4991 3189 5062 ὑπεμφαίνεται
3251 4991 3352 5063 τῆς
3414 4990 3668 5063 τοιαύτης

2101 5081 2379 5153 ἀφράστου
2427 5082 2522 5136 καὶ
2560 5081 2959 5154 ἀνερμηνεύτου
3009 5079 3355 5152 σαρκώσεως.
3404 5081 3530 5134 Ἔτι
3562 5080 3668 5153 γάρ

2103 5175 2199 5227 καὶ
2231 5173 2507 5247 ἄφραστον
2545 5173 2639 5228 καὶ
2669 5174 3065 5245 ἀνερμήνευτον
3099 5170 3251 5243 μένει
3290 5170 3381 5224 διά
3410 5171 3474 5225 τὺ
3500 5172 3666 5243 αὐξη-

2104 5266 2254 5321 τικόν
2278 5283 2290 5298 °
2322 5266 2550 5337 ἐπείπερ
2593 5267 2685 5321 καὶ⁵
2711 5266 2832 5320 κατ’
2857 5264 3081 5335 αῦξησιν
3126 5260 3549 5337 δογματίζομεν,
3579 5265 3671 5323 καὶ
