3868 6206
224 327 331 384 925

224 443 286 495 οὐ
338 435 478 493 κατά
509 434 572 488 τδ
613 433 727 504 ἅμα
758 429 859 501 τῆς
907 424 1216 499 σφραγῖδος-
1259 420 1384 475 Ἐπὶ
1432 418 1530 490 μὲν
1560 415 1669 485 γὰρ
1696 412 1795 483 τῆς
1822 418 1869 473 Α

228 527 541 603 σφραγῖδος,
565 524 682 594 ἄμα
702 538 762 574 τε
792 519 898 591 πρὸ
928 514 1132 572 πολλῶν
1162 514 1256 567 καὶ
1280 512 1338 563 ἐν
1367 507 1579 570 πολλοῖς
1610 504 1800 574 κηροῖς

224 590 450 675 δῦναται
480 590 847 683 ἀναφέρεσθαι
872 609 932 662 τὸ
961 603 1288 674 ἐκτύπωμα·
1322 599 1414 653 ἐπὶ
1435 598 1492 651 δὲ
1522 595 1622 665 τῆς
1652 590 1801 653 θείας

230 709 559 782 σαρκώσεως
590 681 689 775 οὐχ
726 702 841 773 ἅμα
866 741 881 765 ,
914 697 1051 753 ἀλλά
1090 696 1209 750 κατ’
1245 690 1474 761 αὐξησιν
1510 685 1570 740 τὺ
1600 681 1803 737 τέλειον

226 801 629 873 δογματίζεται.
672 795 842 849 Τοῦτο
873 792 917 845 δ’
949 791 1016 845 ἂν
1045 790 1139 843 καλ.
1167 782 1494 841 διανοεῖσθαι
1523 776 1684 832 πάλιν
1715 773 1807 829 δύ·-

227 865 420 964 νηται,
459 890 533 953 ὡς
574 887 628 940 εἴ
669 902 753 949 τις
802 884 915 954 ἐχοι
961 880 1264 948 λεπτότητα
1302 872 1395 930 νοῦ
1420 912 1434 937 ,
1461 870 1558 924 καὶ
1583 865 1805 921 δύναται

229 955 466 1038 εἰσδῦναι
505 979 646 1034 κατά
687 976 883 1048 βάθους
912 972 1005 1027 τοῦ
1056 965 1289 1041 ψυχικοῦ
1321 961 1676 1035 σπειρομένου
1711 955 1808 1010 σώ-

233 1092 425 1149 ματος,
451 1072 545 1127 καὶ¹
575 1070 805 1125 συνιδεῖν
829 1066 1120 1138 ἀφράστως
1146 1063 1242 1118 καλ⁸
1266 1055 1666 1125 ἀνεκλαλήτως,
1689 1049 1807 1113 πῶς

230 1142 352 1222 ἐκεῖ
384 1165 750 1237 ἐμπίπτοντος
778 1159 872 1214 τοῦ
902 1158 1127 1227 γονίμου
1153 1151 1489 1225 σπέρματος,
1514 1145 1675 1208 εὐθὺς
1711 1142 1809 1214 μὲν

229 1261 327 1314 ἐπί
380 1231 434 1311 τὲ
470 1257 656 1328 μόριον
702 1250 1021 1321 συντρέχει,
1053 1244 1194 1300 κατὰ
1227 1241 1422 1314 μικρὸν
1459 1238 1519 1293 δέ
1553 1235 1647 1290 καὶ
1687 1231 1809 1286 κατ’

231 1324 482 1406 ἐπίδοσιν
501 1324 600 1419 τήν
630 1343 857 1415 αὐξησιν
880 1338 1166 1411 λαμϐάνει.
1197 1333 1331 1388 Οὐδέ
1360 1331 1470 1404 γὰρ
1507 1327 1628 1382 οὐδὲ
1656 1324 1813 1379 τοῦτο

232 1444 328 1498 ἐπὶ
359 1442 466 1495 τῶν
494 1415 616 1493 καθ’
642 1437 791 1508 ἡμᾶς
822 1431 1087 1494 λαλεῖται,
1131 1427 1270 1498 πλὴν
1298 1425 1379 1479 ὅτι
1420 1419 1691 1492 φαντασίᾳ
1737 1415 1814 1478 ὡς

234 1533 554 1604 ὐπὲμφασις
590 1502 799 1598 γίνεται
843 1521 1123 1589 ἀλαλήτως
1173 1516 1268 1572 καὶ
1307 1512 1632 1585 ἀφράστως·
1678 1502 1815 1559 ἀλλὰ

235 1601 358 1681 κατέ
391 1601 617 1693 αὔξησιν
667 1620 764 1692 μὲν
800 1612 895 1671 οῦν
926 1617 960 1686 ή
1011 1611 1128 1666 θεία
1177 1607 1271 1663 τοῦ
1317 1606 1492 1674 Λόγου
1540 1601 1816 1672 σάρκωσις

234 1718 465 1786 γίνεται,
490 1689 589 1767 οὐκ
610 1689 860 1775 αὐξοντος
881 1703 977 1760 τοῦ
999 1703 1145 1758 θείου
1170 1697 1534 1773 χαρακτῆρος,
1563 1691 1683 1747 οὐδὲ
1708 1689 1816 1760 μὴν

1139 303 1374 365 SERMO
1411 300 1481 357 ῐΝ
1519 284 2139 354 ANNUNTIATIONEM
2177 279 2524 338 DEIPARE.

3361 267 3466 315 »το

1898 415 2071 461 totum
2102 398 2466 472 imprimimus
2490 390 2751 464 sigillum.
2777 385 2965 458 Sigillo
2987 380 3155 445 enim,
3181 393 3307 434 cum
3326 374 3469 431 mul-

1898 498 1972 553 tis
2003 503 2127 550 ante
2165 465 2528 561 temporibus,
2580 492 2696 537 tum
2730 481 2788 535 in
2824 477 3014 533 multis
3063 472 3207 529 ceris
3233 465 3471 539 exprimi

1900 596 2079 663 potest
2104 586 2281 655 imago
2323 601 2337 637 :
2362 581 2421 634 in
2448 579 2630 633 divina
2656 588 2788 629 vero
2807 568 3210 626 incarnatione,
3244 576 3355 616 non
3397 557 3475 613 si-

1899 652 2034 742 mul,
2058 676 2153 733 sed
2180 652 2419 744 quodam
2449 669 2790 742 incremento
2809 676 2896 716 res
2926 657 3167 731 perfecte
3188 652 3472 708 edocetur'.

1902 771 2032 838 Quae
2054 783 2144 824 res
2164 741 2331 837 probe
2365 741 2590 829 intelligi
2621 762 2813 827 queat;
2850 753 2896 808 si
2920 751 3043 821 quis
3068 746 3267 802 mentis
3296 741 3476 799 subti-

1903 832 2058 917 litate
2090 832 2375 930 praeditus,
2418 848 2689 924 profunde
2730 844 2907 917 possit
2941 846 3229 910 penetrare
3261 832 3329 887 ad
3355 846 3480 885 cor-

1902 970 2006 1027 pus
2049 952 2285 1007 animale
2317 923 2493 1017 nuper
2522 951 2725 1004 satum,
2748 947 2910 1007 atque
2933 933 3044 988 illic
3071 944 3187 984 rem
3233 923 3479 981 ineffabi-

1904 1016 2013 1101 iem
2044 1039 2595 1112 inexplicabilemque
2614 1027 2997 1097 contemplari,
3029 1018 3304 1093 quomodo
3329 1016 3480 1070 scili-

1908 1143 1997 1191 cet
2020 1107 2300 1189 desidente
2321 1129 2431 1184 illic
2461 1123 2682 1197 genitali
2710 1119 2937 1183 semine,
2963 1113 3147 1171 statim
3173 1108 3392 1180 quidem
3426 1107 3483 1160 in

1910 1224 2236 1300 particulam
2270 1218 2563 1292 quamdam
2590 1212 2890 1277 coalescit;
2938 1205 3200 1278 paulatim
3250 1214 3382 1256 vero
3429 1204 3485 1253 et

1910 1334 2008 1391 per
2034 1316 2399 1372 accessionem
2431 1311 2830 1366 incrementum
2861 1299 3079 1369 accipit.
3102 1296 3289 1365 Neque
3338 1291 3485 1347 enim

1913 1381 2048 1466 illud
2079 1408 2258 1478 ipsum
2284 1401 2426 1474 apud
2467 1414 2569 1454 nos
2622 1395 2731 1450 dici
2773 1397 2988 1463 potest;
3046 1400 3239 1441 verum
3295 1381 3489 1451 imagi-

1911 1473 2119 1557 nando-
2135 1473 2349 1552 tantum
2382 1489 2588 1562 aliquid
2619 1484 2940 1558 percipitur,
2988 1478 3084 1535 sed
3143 1473 3489 1530 ineﬂ'abiliter

1915 1607 2077 1671 atque
2101 1591 2570 1653 inenarrabiliter.
2592 1586 2781 1656 itaque
2801 1596 2927 1637 cum
2951 1579 3134 1649 aliquo
3154 1576 3491 1629 incremento

1917 1665 2101 1748 divina
2134 1687 2299 1743 Verbi
2326 1680 2637 1739 lncarnatio
2663 1676 2914 1738 elﬁcitur,
2959 1685 3070 1726 non
3098 1665 3243 1739 quod
3274 1665 3493 1721 divinus

239 1758 593 1873 συναύξοντος
615 1821 630 1836 ο
664 1758 1152 1867 {nr—theseus”;
1318 1758 1564 1862 ἐμψύχου
1614 1758 1816 1853 σαρκδς

1934 1784 2204 1839 :haracter
2243 1783 2510 1848 augeatur
2537 1772 2623 1827 vel
2658 1773 3016 1829 concrescat;
3073 1758 3170 1816 sed
3214 1762 3496 1835 crescente

2553 1864 2568 1873 '
2981 1852 3331 1873 οη-ειηλε--.μ
3392 1862 3491 1873 -..-

239 1898 362 1952 καθ’
393 1898 512 1951 ὅλον
548 1896 610 1949 τὸ
654 1893 947 1965 πλήρωμα,
981 1886 1103 1942 καθ’
1125 1885 1154 1939 ὃ
1180 1883 1466 1956 ἄνθρωπος
1494 1874 1817 1943 ἐξιδιάζεται

239 1993 338 2046 καὶ
368 1991 736 2060 κυοφορεῖται.
770 1983 868 2038 Διά
899 1981 1056 2036 τοῦτο
1083 1978 1411 2048 ἐννεάμηνος
1434 1972 1584 2044 νόμῳ
1616 1967 1822 2038 ἀνθρω-

241 2081 406 2149 πίνης
446 2056 762 2147 κυοφορίας,
804 2069 1097 2127 κάντεῦθεν
1134 2066 1528 2127 θεοῡπόστατος
1560 2056 1819 2132 δογματίο

243 2173 396 2237 ζεται
427 2171 460 2240 ή
491 2166 726 2239 Χριστοῦ
757 2165 1032 2237 σάρκωσις
1053 2202 1068 2227 ,
1104 2160 1197 2215 καὶ
1224 2155 1476 2229 οὐδαμῶς
1527 2152 1815 2223 ἀνθρωπο-

245 2264 550 2326 ῦπόστατος
570 2279 584 2291 ⁸
609 2259 795 2329 ἐπειδὴ
816 2255 966 2310 -κατά
987 2252 1079 2308 τὸν
1112 2253 1252 2307 θεῖον
1285 2248 1607 2322 χαρακτῆρα
1637 2244 1698 2298 τὸ
1727 2243 1822 2296 ἀν-

246 2355 521 2430 θρώπινον
549 2353 731 2425 σχῆμα
772 2350 870 2422 τὴν
899 2348 1086 2402 στάσιν
1118 2343 1312 2400 ἐαυτοῦ
1356 2340 1664 2404 ἀνεδέξατο,
1699 2333 1822 2389 καθ’

247 2425 443 2503 ἕνωσιν
488 2447 584 2518 μὲν
618 2445 693 2507 ὡς
749 2441 1060 2512 πνεύματος
1096 2438 1235 2510 πρὸς
1274 2434 1470 2506 ψυχήν.
1516 2429 1672 2485 Οὐτω
1715 2425 1826 2499 γὰρ

248 2540 347 2593 δύο
368 2539 429 2591 τέ
472 2517 589 2591 ἐστι
622 2536 716 2588 καὶ
740 2535 839 2605 οὐχ
874 2532 932 2587 ἓν
974 2533 1002 2585 ὁ
1040 2529 1295 2603 Χριστὸς,
1340 2525 1434 2579 καὶ
1465 2519 1545 2587 εἷς
1582 2521 1676 2576 καὶ
1706 2517 1829 2590 οὐχὶ

251 2629 377 2682 δύο·
413 2628 508 2680 καὶ
549 2625 642 2680 δύο
678 2624 778 2697 μὲν
808 2623 904 2677 καὶ
932 2622 1029 2693 οὐχ
1059 2621 1118 2675 ἐν
1152 2622 1268 2673 ἐστι
1305 2615 1443 2671 κατὰ
1474 2613 1576 2676 τὰς
1601 2612 1692 2665 δύο
1729 2609 1828 2679 φύ-

256 2737 390 2783 σεις,
424 2718 517 2772 καὶ
548 2711 628 2780 εἷς
665 2717 757 2769 καὶ
788 2714 910 2786 οὐχὶ
934 2713 1027 2766 δύο
1054 2711 1196 2766 κατὰ
1220 2708 1318 2781 τὴν
1354 2708 1482 2781 μίαν
1510 2704 1826 2758 ὑπόστασιν.

258 2812 351 2864 Διὸ
376 2810 468 2863 καὶ
494 2807 595 2862 δύο
613 2807 711 2877 μὲν
737 2806 1016 2878 θελήματα
1043 2802 1299 2872 λέγομεν,
1325 2799 1418 2854 κατ⁵
1444 2798 1564 2869 οὐχὶ
1592 2795 1685 2849 δύο
1704 2793 1831 2856 τοὺς

259 2903 532 2966 θέλοντας,
567 2901 660 2954 καὶ
690 2897 783 2953 δύο
811 2893 1093 2970 ἐνεργείας
1124 2895 1220 2950 καὶ
1252 2893 1374 2965 οὐχὶ
1401 2891 1495 2945 δύο
1526 2890 1652 2953 τοὺς
1677 2890 1825 2960 ἐνερ-

259 2993 510 3062 γοῦν-ξας.
550 2990 688 3043 Ἀλλ’
722 2989 818 3044 ἐνα
851 2990 947 3061 μὲν
988 2987 1209 3042 θέλοντα
1242 2982 1382 3039 κατά
1406 2981 1504 3053 τήν
1540 2979 1667 3052 μίαν
1697 2976 1832 3031 ὐπό-

264 3105 472 3153 στασιν,
500 3085 592 3139 δύο
621 3084 678 3138 δὲ
707 3083 983 3155 θελήματα
1015 3079 1109 3135 καὶ
1133 3077 1226 3132 δύο
1255 3073 1551 3148 ἐνεργείας,
1577 3067 1719 3125 κατά
1736 3065 1835 3140 τὴν

261 3182 371 3235 τῶν
400 3180 612 3252 φύσεων
645 3175 933 3246 ἰδιολογίαν

336 3361 389 3415 7.
427 3359 514 3412 Ἐν
536 3357 741 3419 τούτοις
767 3347 860 3409 οῦν
878 3354 1038 3424 διακη
1048 3350 1325 3422 ρύττοντες
1352 3344 1412 3399 τὺ
1428 3343 1570 3399 θεῖον
1588 3341 1686 3415 τῆς
1710 3356 1842 3411 σαρ-

264 3453 489 3516 κώσεως
541 3450 636 3505 καὶ
682 3446 1144 3519 ἐνανθρωπήσεως
1188 3441 1503 3513 μυστήριον,
1543 3431 1842 3490 ἀποϐαλλὸ-

270 3543 409 3616 μεθα
454 3541 554 3604 τὰς
595 3539 705 3594 τῶν
744 3534 1035 3609 αἱρετικῶν
1082 3531 1447 3605 βλασφημίας,
1493 3527 1614 3582 καθ’
1639 3526 1706 3589 ἃς
1744 3524 1840 3578 καὶ

268 3633 688 3707 βεϐυθισμένους
707 3631 902 3693 αὐτοὺς
925 3625 1442 3698 καταλιμπάνοντες,
1471 3616 1843 3693 μετερχόμεθα

267 3731 347 3791 εἰς
378 3725 450 3780 τά
482 3725 630 3796 παρά
658 3722 752 3777 τοῦ
786 3716 1168 3790 εὐαγγελιστοῦ
1214 3712 1679 3788 καθιστορούμενα
1717 3710 1845 3782 περὶ

266 3820 362 3874 τοῦ
391 3813 787 3887 εὐαγγελισμοῦ
808 3813 907 3884 τῆς
928 3811 1186 3865 Θεοτόκου
1209 3825 1301 3863 και
1321 3808 1544 3879 Μητρὸς
1566 3802 1662 3858 τοῦ
1686 3800 1840 3856 Θεοῦ’

269 3912 366 3967 καὶ
395 3911 470 3974 ὡς
495 3909 607 3980 ἔχει
637 3904 966 3970 συντάξεως,
1001 3899 1433 3971 διεξοδικώτερον
1479 3893 1843 3965 ἀκουσόμεθα.

269 4000 651 4074 Σημειούμεθα
676 3998 740 4070 δὴ
780 3993 893 4062 οῦν,
936 3996 1018 4049 ὅτι
1062 3993 1204 4048 κατά
1242 3989 1431 4063 καιρὸν
1459 3986 1704 4050 εὐδοκίας
1752 3983 1846 4037 τοῦ

272 4092 542 4167 πατρικοῦ
577 4092 879 4163 θελήματος
922 4088 1015 4141 ἐπὶ
1051 4081 1442 4157 συμπληρώσει
1472 4079 1582 4134 τῶν
1615 4076 1847 4148 ἐϐδομή-

273 4203 439 4241 κοντα
474 4182 779 4253 ἐὸδομάδων
804 4179 1002 4250 Δανιὴλ
1025 4175 1119 4230 τοῦ
1144 4176 1442 4248 προφήτου,
1475 4169 1612 4243 μετὰ
1630 4170 1692 4222 τὸ
1713 4170 1849 4221 οἰκο-

272 4275 572 4348 δομηθῆναι
608 4271 981 4343 Ἰερουσαλὴμ,
1003 4270 1061 4323 ἐν
1081 4266 1159 4339 τῷ
1184 4263 1506 4336 ἐπιστρέψαι
1533 4260 1630 4332 τὴν
1651 4261 1851 4330 αἰχμα-

274 4369 476 4424 λωσίαν
537 4366 707 4420 Ἰούδα
760 4364 868 4419 ἀπὸ
921 4359 1256 4422 Βαϐυλῶνος,
1300 4356 1386 4410 διὰ
1437 4352 1702 4424 Σαλαθιήλ
1754 4349 1850 4405 καὶ

1920 1874 2142 1932 animali
2175 1886 2343 1927 carne
2366 1864 2666 1924 secundum
2695 1873 2909 1915 omnem
2944 1852 3356 1927 plenitudinem,
3388 1862 3496 1918 qna

1921 1964 2085 2019 homo
2109 1960 2333 2033 propria
2362 1963 2559 2011 natura
2577 1950 2775 2008 crescit
2798 1948 2927 2003 dum
2949 1946 3006 1999 in
3041 1951 3196 1999 utero
3229 1948 3494 2012 gestatur.

1921 2052 2286 2122 Quamobrem
2304 2048 2421 2117 lege
2441 2044 2745 2106 hominum,
2773 2051 2971 2093 novem
3019 2032 3291 2089 mensium
3322 2028 3500 2099 spatio

1921 2152 2185 2219 gestatur,
2221 2147 2383 2210 atque
2405 2135 2599 2192 exinde
2618 2130 2824 2187 Christi
2860 2126 3168 2182 lncarnatio
3188 2121 3282 2177 Dei
3316 2121 3494 2192 hypo-

1923 2213 2097 2295 stasin
2123 2234 2321 2289 habere
2344 2228 2567 2294 dicitur,
2592 2232 2647 2280 et
2676 2223 2992 2278 nullatenus
3022 2213 3260 2271 hominis
3286 2232 3298 2268 :
3323 2225 3501 2282 quan-

1924 2328 2213 2400 doquidem
2230 2325 2385 2395 juxta
2400 2320 2647 2376 divinum
2671 2316 3040 2371 characterem
3069 2308 3309 2363 humana
3328 2304 3503 2358 forma

1926 2417 2303 2479 exsistentiam
2359 2428 2519 2471 suam
2592 2408 2821 2478 accepit,
2877 2402 3178 2459 secundum
3241 2397 3502 2452 unionem

1927 2512 2086 2586 quasi
2121 2509 2351 2582 spiritus
2381 2504 2450 2560 ad
2478 2503 2739 2558 animam.
2768 2498 2846 2552 Ea
2872 2496 3017 2551 enim
3047 2493 3259 2548 ratione
3285 2491 3395 2546 duo
3420 2497 3506 2545 est

1929 2605 2184 2663 Christus
2216 2609 2271 2657 et
2316 2614 2426 2654 non
2459 2610 2650 2661 unum,
2679 2607 2743 2647 ac
2768 2589 2928 2646 simul
2960 2602 3128 2642 unum
3154 2592 3208 2641 et
3239 2599 3348 2639 non
3375 2582 3503 2638 duo.

1930 2698 2048 2754 Duo
2073 2695 2291 2768 quidem
2317 2698 2401 2749 est
2419 2699 2473 2747 et
2498 2703 2608 2745 non
2642 2700 2810 2742 unum
2834 2681 3134 2738 secundum
3161 2678 3300 2734 duas
3347 2686 3510 2731 natu-

1930 2804 2023 2844 ras
2046 2806 2061 2856 ;
2084 2800 2251 2841 unum
2275 2798 2407 2839 vero
2427 2788 2482 2837 et
2518 2794 2628 2835 non
2667 2777 2776 2832 duo
2805 2771 3106 2831 secundum
3137 2784 3299 2824 unam
3335 2767 3510 2839 hypo-

1934 2882 2130 2937 slasin.
2159 2878 2526 2945 Quamobrem
2561 2870 2697 2925 duas
2731 2867 2968 2922 dicimus
3016 2861 3348 2921 voluntates,
3401 2870 3512 2910 non

1935 2976 2075 3032 duos
2101 2973 2372 3038 volentes;
2410 2968 2550 3023 duas
2578 2960 2947 3035 operationes,
2964 2971 3076 3012 non
3108 2953 3247 3008 duos
3275 2965 3510 3021 operan-

1936 3076 2041 3126 tes.
2093 3064 2201 3122 Sed
2249 3076 2419 3119 unum
2456 3056 2679 3131 quidem
2704 3054 2975 3111 volentem
3014 3045 3315 3105 secundum
3343 3057 3512 3096 unam

1938 3155 2284 3232 hypostasin,
2343 3151 2482 3207 duas
2524 3157 2704 3203 autem
2743 3143 3053 3199 voluntates
3076 3147 3131 3195 et
3156 3136 3292 3192 duas
3322 3147 3516 3205 opera-

1939 3254 2118 3309 tiones
2144 3249 2299 3319 juxta
2324 3253 2647 3301 naturarum
2677 3234 3087 3309 proprietatem.

2013 3346 2065 3399 7.
2093 3313 2192 3398 His
2230 3339 2396 3412 igitur
2415 3336 2662 3391 divinum
2685 3328 3047 3402 praedicantes
3071 3318 3396 3394 mysterium
3427 3313 3516 3369 ln-

1942 3408 2300 3499 carnationis,
2362 3429 2653 3501 abjicimus
2716 3420 3106 3478 haereticorum
3149 3408 3519 3482 blasphemias

1942 3531 2147 3604 quibus
2180 3528 2305 3583 illos
2338 3524 2620 3580 demersos
2674 3516 3068 3585 relinquentes,
3114 3507 3181 3562 ad
3235 3501 3519 3559 historiam

1944 3621 2292 3692 evangelista:
2313 3611 2734 3687 pertransimus,
2771 3621 2877 3676 qua
2909 3607 3101 3658 narrat
3149 3598 3240 3653 ille
3287 3594 3518 3649 Annuu-

1943 3684 2227 3770 tiatio'nem
2260 3684 2506 3778 Deiparae
2528 3710 2582 3760 et
2609 3700 2706 3755 Dei
2733 3696 2943 3760 Matris,
2973 3699 3029 3748 et
3076 3698 3138 3745 ut
3186 3704 3277 3744 res
3328 3684 3520 3740 ordine

1952 3824 2011 3864 se
2038 3806 2207 3861 habet
2240 3797 2566 3872 explicatius
2614 3793 2920 3849 audiamus.
2988 3784 3102 3840 Hoc
3148 3779 3520 3851 signiﬁcamus

1946 3900 2115 3971 igitur
2145 3915 2158 3951 :
2183 3911 2291 3966 quo
2315 3867 2330 3872 -
2348 3898 2595 3960 tempore
2640 3892 2877 3955 paternae
2937 3873 3204 3934 voluntati
3233 3869 3440 3943 placuit
3468 3867 3526 3921 in

1945 3984 2418 4046 consummatione
2449 3958 2790 4050 septuaginta
2819 3966 3223 4027 hebdomadum
3275 3958 3517 4015 Danielis

1946 4081 2221 4154 pr0phetae
2253 4084 2374 4147 post
2417 4049 2873 4128 instaurationem
2901 4058 3276 4129 Jerosolymae,
3303 4052 3359 4106 in
3393 4049 3521 4105 red-

1948 4145 2029 4229 itu
2050 4145 2209 4228 :Iuda:
2254 4145 2327 4223 ex
2368 4163 2685 4235 captivitate
2708 4154 3057 4228 Babylonica,
3108 4164 3204 4221 per
3255 4145 3523 4200 Salathie—

1949 4266 2059 4321 lem
2100 4269 2154 4318 et
2196 4258 2383 4314 Jesum
2424 4233 2595 4309 ﬁlium
2618 4247 2869 4311 Josedec
2909 4252 3042 4298 tunc
3082 4236 3418 4299 sacerdotes,
3467 4233 3523 4285 in

1952 4344 2625 4416 consummatione338
2652 4339 3177 4412 quadringentorum
3238 4318 3532 4396 nonaginta

287 4459 461 4533 Ἰησοῦ
488 4458 580 4513 τοῦ
604 4415 872 4526 Ἰωσεδέκ,
897 4415 1195 4529 ἀρχιερέων
1216 4415 1348 4503 τότε
1373 4415 1680 4518 γενομένων
1710 4442 1832 4496 κατὲ

1954 4459 2254 4509 annorum;
2280 4438 2576 4494 Zacharias
2600 4431 2904 4491 secundum
2925 4428 3101 4483 vicem
3133 4417 3421 4479 sacerdotii
3446 4415 3533 4472 sui

2793 4526 2828 4533 _
2873 4525 2886 4533 .
2977 4523 2993 4533 .
3059 4521 3071 4533 .
3440 4512 3501 4533 ,ι

276 4553 378 4625 τὴν
401 4550 789 4623 συμπλήρωσιν
818 4548 928 4601 τῶν
954 4543 1320 4618 τετρακοσίων
1350 4540 1669 4610 ἐνενήκοντα
1692 4534 1847 4599 ἑτῶν,

277 4645 401 4701 κατ’
435 4642 735 4715 ἐφημερίαν
772 4638 1051 4712 ἱεραρχίας
1087 4633 1272 4699 αὐτοῦ,
1319 4629 1532 4702 εἰσῆλθε
1578 4626 1852 4699 Ζαχαρίας

278 4741 361 4801 εἰς
382 4736 474 4789 τὸν
498 4734 623 4787 ναὸν
655 4731 747 4786 τοῦ
771 4729 907 4785 Θεοῦ
946 4728 1206 4799 θυμιάσαι
1227 4743 1241 4756 ·
1276 4726 1370 4780 καὶ
1398 4721 1552 4793 ῶφθη
1580 4717 1727 4789 αὐτῷ
1757 4717 1855 4786 ἀγ-

279 4826 437 4896 γελος
466 4826 672 4898 Κυρίου
703 4826 766 4877 ἐκ
794 4820 984 4890 δεξιῶν
1008 4819 1104 4874 τοῦ
1131 4817 1537 4890 θυσιαστηρίου,
1566 4817 1661 4868 καὶ
1695 4813 1857 4881 εὐαγ-

279 4918 550 4989 γελίζεται
599 4913 744 4986 αὐτῷ
780 4914 909 4986 περὶ
946 4913 1191 4967 Ἰωάννου
1237 4911 1330 4965 τοῦ
1383 4907 1500 4964 υἱοῦ
1553 4904 1737 4968 αὐτοῦ,
1780 4903 1857 4966 ὡς

284 5009 613 5080 συλλήψεται
661 5006 940 5060 Ἐλισάϐετ
966 5006 1000 5075 ή
1024 5002 1164 5074 γυνὴ
1197 5002 1382 5066 αὐτοῦ,
1415 5001 1510 5054 καὶ
1540 4997 1751 5062 τέξεται
1765 4994 1857 5048 τὸν

282 5100 591 5172 Βαπτιστὴν
636 5100 731 5152 καὶ
763 5097 1067 5170 πρόδρομον
1106 5094 1200 5148 τοῦ
1244 5093 1498 5167 Χριστοῦ.
1527 5092 1637 5146 Καὶ
1666 5088 1729 5160 δὴ
1756 5088 1858 5157 τῆς

285 5192 599 5263 συλλήψεως
627 5190 942 5261 γενομένης,
972 5186 1050 5259 τῷ
1098 5187 1228 5259 μηνὶ
1255 5185 1333 5256 τῷ
1358 5185 1502 5255 ἕκτῳ
1529 5183 1627 5251 τῆς
1668 5183 1725 5234 ἐν
1758 5196 1860 5247 γα-

285 5285 410 5357 στρὶ
434 5280 725 5354 κυοφορίας
759 5280 1055 5345 Ἐλισάὸετ,
1085 5276 1568 5346 ἐξαποστέλλεταιὸ
1584 5270 1861 5344 ἀρχάγγε-

286 5377 377 5440 λος
432 5374 669 5445 Γαϐριὴλ
722 5372 885 5445 παρὰ,
919 5371 1078 5436 Θεοῦ,
1124 5372 1205 5434 είς
1253 5368 1505 5440 Ναζαρὲτ
1561 5366 1714 5419 πόλιν
1761 5363 1862 5434 τῆς

287 5467 577 5531 Γαλιλαίας
599 5467 734 5538 πρὸς
759 5467 858 5537 τὴν
882 5463 1154 5535 Παρθένον
1179 5462 1430 5533 Μαριάμ.
1461 5459 1572 5513 Καὶ
1606 5454 1860 5511 εἰσελθὼν

291 5560 427 5632 πρὸς
479 5558 645 5631 αὐτὴν
697 5561 726 5612 ὁ
776 5556 1038 5627 ἄγγελος,
1084 5553 1362 5625 ἠσπάζετο
1404 5550 1610 5623 ταύτην
1651 5549 1856 5618 λέγων·

366 5740 407 5772 ’⁸
443 5737 576 5794 Luc.
610 5755 659 5803 ι,
693 5738 783 5794 28.

1958 4545 2242 4614 ingressus
2270 4546 2356 4594 est
2390 4536 2447 4589 in
2479 4533 2739 4602 templum
2793 4525 2890 4581 Dei
2928 4523 2997 4579 ad
3058 4521 3346 4576 incensum
3402 4512 3535 4571 oﬁ‘e-

1957 4608 2210 4697 rendum,
2241 4627 2604 4701 apparuitque
2634 4622 2711 4676 illi
2743 4616 2970 4689 angelus
2999 4612 3214 4668 Domini
3251 4610 3315 4664 ad
3348 4608 3537 4664 dexte-

1956 4740 2075 4781 ram
2109 4699 2325 4786 altaris,
2360 4711 2816 4780 annuntiat-itque
2847 4705 2925 4762 illi
2948 4705 3015 4759 de
3036 4702 3247 4757 Joanne
3281 4699 3388 4753 ﬁlio
3412 4710 3533 4763 suo,

1961 4832 2068 4889 quo
2097 4818 2427 4881 conceptura
2458 4811 2605 4862 esset
2633 4817 2773 4858 uxor
2790 4814 2889 4856 sua
2912 4795 3181 4858 Elisabet,
3210 4801 3263 4847 et
3290 4790 3538 4860 paritura

1960 4881 2258 4978 Daptistam
2295 4910 2349 4958 et
2382 4910 2775 4972 praecursorem
2797 4890 3027 4948 Christi.
3065 4888 3143 4941 Ac
3185 4881 3539 4952 conceptione

1962 5006 2206 5073 peracta,
2236 5010 2423 5049 mense
2457 4999 2611 5046 sexto
2639 4983 2973 5058 praegnantis
3009 4977 3275 5042 Elisabet,
3300 4972 3539 5027 mittitur

1962 5062 2323 5158 archangelus
2347 5080 2564 5138 Gabriel
2597 5096 2629 5133 a
2664 5077 2777 5131 Deo
2812 5075 2866 5128 in
2902 5073 3091 5127 urbem
3135 5066 3363 5122 Nazaret
3388 5062 3544 5131 Gali-

1963 5185 2074 5239 laeae
2097 5178 2164 5235 ad
2200 5177 2463 5248 virginem
2491 5171 2739 5227 Mariam.
2764 5167 2832 5220 Et
2877 5166 3162 5234 ingressus
3197 5157 3424 5229 angelus
3474 5153 3544 5211 ad

1965 5275 2113 5330 illam
2146 5247 2402 5327 salutavit
2425 5281 2569 5327 eam,
2591 5263 2781 5318 dicens
2810 5276 2823 5313 :
2853 5276 2871 5309 ι
2893 5257 3025 5322 Ave,
3049 5252 3220 5325 gratia
3244 5251 3426 5321 plena,
3446 5247 3547 5303 Do’

1966 5365 2147 5420 minus
2183 5370 2362 5416 tecum
2395 5358 2491 5410 ³⁸.»
2528 5355 2703 5408 Etiam
2731 5352 2821 5406 hic
2844 5344 3326 5404 animadvertimus
3356 5355 3545 5396 vocem

1966 5455 2113 5509 illam
2156 5449 2331 5520 angeli
2387 5445 2692 5502 secundum
2731 5439 3089 5513 prolationem
3147 5432 3371 5505 spiritus
3425 5429 3561 5487 seui-

1967 5546 2074 5614 sui,
2114 5539 2570 5616 signiﬁcationem
2620 5535 2846 5601 habere,
2874 5545 2977 5587 nec
3010 5536 3192 5584 tamen
3225 5526 3399 5599 ipsam
3426 5536 3568 5584 esse
