3868 6206
405 258 510 314 927

1558 263 1615 319 S.
1657 264 2121 324 ATHANASIUS.
2166 296 2232 309 —
2273 265 2542 322 SPURIA.

3553 271 3665 326 928

401 367 526 425 Filii
553 353 926 443 hypostasin;
947 357 1141 443 neque
1172 374 1348 446 ipsam
1377 390 1502 432 esse
1555 393 1676 447 quae
1724 378 1867 434 facta
1897 397 1946 436 es

2054 437 2056 443 ,
2089 399 2107 432 ι
2139 381 2330 451 Χαῖρε,
2366 380 2801 450 κεχαριτωμένη,
2838 381 2866 434 6
2899 380 3099 452 Κύριος
3137 381 3274 453 μετά
3319 381 3434 435 σοῦ.
3468 401 3487 433 ι
3511 384 3665 438 Κάν-

401 474 533 515 caro
565 479 581 515 :
608 461 704 516 sed
736 461 804 517 ad
833 477 952 517 eam
985 480 1197 527 vocem,
1235 464 1393 521 Verbi
1417 475 1470 522 et
1515 466 1609 523 Dei
1644 471 1973 540 proprietas,

2081 470 2255 524 ταῦθα
2295 470 2456 524 πάλιν
2483 470 2812 541 θεωροῦμεν,
2840 473 2980 543 ὅτιή
3020 474 3118 543 μὲν
3161 473 3309 545 φωνὴ
3346 475 3440 528 τοῦ
3489 476 3663 544 ἀγγέ-

397 565 526 621 quae
549 551 653 606 alia
683 561 768 608 est
793 555 1096 609 secundum
1127 555 1465 635 hypostasin,
1488 561 1670 613 statim
1693 560 1946 616 descendi

2077 556 2208 623 λου,
2255 561 2396 612 κατά
2441 561 2720 632 προφορὰν
2762 561 3070 632 πνεύματος
3118 565 3444 635 ἀπηχήσεως
3492 568 3664 622 αὑτοῦ

399 640 458 694 in
499 647 712 696 uterum
733 642 973 714 Virginis
1007 663 1020 700 :
1054 633 1541 719 blasphemantque
1579 649 1613 703 ii
1643 652 1735 720 qui
1795 653 1970 716 aiunt,

2078 648 2558 719 διερμηνευομένη,
2593 651 2690 703 οὑκ
2728 651 2863 722 αὑτὴ
2901 652 2958 704 δέ
2983 649 3105 722 ἦνή
3147 652 3240 705 τοῦ
3267 653 3396 706 Υἱοῦ
3425 655 3665 708 ὑπόστα-

397 729 575 799 ipsam
639 733 955 806 archangeli
1016 751 1227 801 vocem,
1281 737 1451 793 fuisse
1499 739 1819 811 hypostasin
1875 741 1946 796 De

2080 757 2183 803 σις,
2214 740 2334 793 οὐδέ
2385 740 2521 812 αὑτὴ
2566 743 2757 810 γέγονε
2797 743 2968 814 σάρξ·
2999 744 3135 796 ἀλλά
3179 748 3299 797 κατ’
3346 746 3515 818 αὑτὴν
3557 747 3663 820 τὴν

397 817 587 877 Verbi.
623 822 861 894 ideoque
879 826 1229 896 blasphemiae
1251 827 1650 885 damnationem
1676 831 1970 902 repudian-

395 921 502 975 tes,
535 914 716 969 locum
747 919 1151 974 annotavimus.

2079 832 2283 902 φωνὴν,
2319 833 2479 903 ἐτέρα
2510 829 2643 885 οὖσα
2681 833 2818 887 κατά
2859 835 2958 904 τὴν
2987 836 3281 890 ὑπόστασιν
3331 837 3529 910 ἰδιότης
3558 836 3660 893 τοῦ

2075 925 2249 992 Λόγου
2295 924 2390 976 καὶ
2422 923 2555 976 Θεοῦ
2601 925 2715 994 ἄμα
2750 927 3106 999 ἐπεφοίτησεν
3137 931 3193 981 ἐν
3231 933 3297 1000 τῇ
3347 930 3525 1000 κοιλία
3555 933 3660 1002 τῆς

395 1009 697 1080 Παρθένου.
733 1011 844 1064 Καὶ
878 1013 1285 1085 βλασφημοῦσιν
1315 1016 1366 1069 οἱ
1397 1016 1662 1086 λέγοντες,
1705 1019 1784 1071 ὅτι
1831 1019 1966 1090 αὐτὴ
2081 1019 2232 1090 φωνὴ
2295 1019 2387 1072 τοῦ
2432 1021 2770 1091 ἀρχαγγέλου
2814 1018 2883 1093 ἦν
2946 1025 2978 1094 ἡ
3045 1024 3337 1088 ὑπόστασις
3363 1025 3474 1116 ’τοῦ
3514 1025 3656 1079 Θεοῦ

393 1103 590 1171 Λόγου.
619 1105 708 1158 Διὸ
745 1107 838 1160 καὶ
866 1108 1320 1181 ἐσημειωσάμεθα
1345 1113 1435 1166 τὸν
1467 1114 1652 1178 τόπον,
1697 1115 2121 1186 ἀποϐαλλόμενοι
2156 1116 2253 1186 τῆς
2286 1115 2628 1188 βλασφημίας
2651 1118 2749 1190 τὴν
2779 1119 3119 1190 κατάκρισιν.

464 1194 517 1248 8.
551 1194 686 1250 Cum
709 1197 925 1254 diversa
959 1202 1120 1266 igitur
1145 1211 1293 1258 esset
1324 1220 1353 1258 a
1379 1221 1508 1261 voce
1533 1209 1842 1278 archangeli
1863 1210 1959 1281 by-

392 1286 632 1353 postasis
664 1285 828 1343 Verbi
867 1297 920 1342 et
956 1289 1081 1345 Filii
1133 1291 1249 1355 Dei,
1303 1299 1510 1365 apertis
1541 1301 1695 1368 prius
1741 1316 1838 1370 per
1868 1316 1959 1354 ar-

339 1428 341 1430 .
393 1375 638 1446 changeli
673 1392 856 1432 vocem
884 1379 1125 1452 Virginis
1155 1385 1403 1450 auribus,
1451 1389 1635 1443 statim
1690 1390 1744 1444 in
1806 1392 1956 1446 illam

393 1467 633 1522 introivit
658 1468 838 1524 divina
868 1471 991 1526 Filii
1023 1475 1349 1546 bypostasis.
1381 1477 1497 1544 Qua
1523 1482 1731 1537 ratione
1753 1490 1957 1550 autem,

388 1575 457 1613 ne
488 1560 600 1630 ipsa
630 1562 850 1632 quidem
881 1563 1050 1636 Virgo
1072 1571 1359 1639 cognovit:
1391 1573 1543 1627 novit
1593 1591 1724 1629 vero
1753 1577 1846 1646 qui
1869 1577 1956 1631 in-

387 1666 607 1721 gressus
628 1660 709 1708 est
742 1670 846 1723 qua
878 1657 1086 1712 ratione
1105 1660 1174 1714 sit
1199 1661 1494 1731 ingressus.
1521 1664 1700 1730 Quare
1724 1675 1782 1720 ut
1807 1668 1960 1737 igno-

2131 1208 2184 1262 8.
2233 1210 2426 1280 Ἑτέρα
2476 1211 2653 1264 τοίνυν
2701 1212 2851 1282 παρά
2888 1211 2986 1283 τὴν
3021 1209 3202 1285 φωνὴν
3246 1214 3337 1268 τοῦ
3378 1214 3659 1287 ἀρχαγγέ-

2060 1299 2153 1352 λου
2183 1295 2318 1353 οῦσα
2355 1302 2387 1370 ἡ
2429 1301 2720 1365 ὑπόστασις
2750 1301 2844 1355 τοῦ
2873 1304 3047 1372 Λόγου
3079 1304 3174 1358 καὶ
3202 1305 3329 1358 Υίοῦ
3361 1307 3453 1358 τοῦ
3489 1305 3650 1372 Θεοῦ,

2062 1391 2200 1461 ἅμα,
2231 1391 2306 1455 ὡς
2343 1392 2842 1465 προδιανοιχθείσης
2880 1395 2980 1465 τῆς
3022 1392 3191 1466 ἀκοῆς
3225 1399 3322 1468 τῆς
3367 1398 3652 1469 Παρθένου

2059 1482 2146 1535 διὰ
2186 1484 2284 1553 τῆς
2317 1484 2722 1555 ἀρχαγγελικῆς
2765 1487 2966 1556 φωνῆς,
3015 1488 3271 1559 εἰσῆλθεν.
3307 1493 3384 1554 εἰς
3416 1490 3586 1561 αὐτὴν
3613 1496 3650 1564 ἡ

2064 1572 2182 1627 θεία
2220 1575 2312 1627 τοῦ
2344 1575 2474 1628 Υίοῦ
2511 1576 2824 1640 ὑπόστασις.
2864 1579 2952 1642 Ὠς
2985 1579 3120 1651 αὑτὴ
3166 1580 3263 1650 μὲν
3305 1583 3336 1651 η
3369 1583 3650 1653 Παρθένος

2063 1665 2164 1718 οὑκ
2193 1661 2360 1718 οἶδεν·
2385 1663 2491 1720 οἶδε
2520 1667 2575 1721 δὲ
2606 1669 2634 1720 6
2667 1669 2942 1737 εἰσελθὼν,
2973 1672 3120 1737 ὅπως
3151 1673 3386 1741 εἰσῆλθε.
3410 1675 3501 1728 Διὸ
3527 1676 3647 1739 καὶ,

386 1756 516 1797 rans
570 1747 814 1815 mysterii
853 1758 1132 1814 eventum,
1186 1728 1368 1807 sta—tim
1399 1758 1716 1824 perturbata
1752 1767 1834 1815 est
1889 1761 1946 1816 ad

2059 1755 2136 1818 ὡς
2173 1755 2247 1826 μὴ
2280 1757 2449 1810 εἰδυῖα
2491 1758 2583 1811 τοῦ
2621 1728 2940 1830 μυστηρίου,
2974 1761 3073 1832 τὴν
3099 1728 3347 1827 ἔκϐασιν,
3400 1765 3516 1835 ἅμα
3567 1728 3650 1819 6t:

384 1847 690 1890 scrtnonem
717 1839 893 1908 angeli
928 1840 1159 1898 dicentis
1196 1861 1210 1899 :
1242 1861 1262 1895 ι
1294 1846 1425 1912 Ave,
1451 1849 1621 1917 gratia
1653 1851 1830 1918 plena,
1850 1850 1958 1906 Do-

381 1926 564 1981 minus
591 1936 770 1983 tecum
795 1947 808 1995 ;
839 1939 938 1984 ret
960 1935 1423 2006 cogitabatqualis
1437 1950 1581 1995 esset
1610 1943 1722 1996 haec
1751 1944 1955 1998 saluta-

381 2017 460 2072 tio
475 2019 542 2079 ”;
571 2037 741 2090 quare
774 2029 1111 2097 respondens
1142 2031 1499 2102 archangelus
1522 2034 1658 2088 dixit
1687 2036 1751 2089 ad
1774 2037 1949 2091 illam:

386 2103 518 2196 :Ne
559 2109 776 2176 timeas,
810 2113 1001 2181 Maria,
1033 2117 1285 2176 invenisti
1336 2122 1480 2175 enim
1527 2125 1755 2193 gratiam
1810 2129 1949 2196 apud

379 2190 580 2251 Deam.
615 2197 683 2251 Et
715 2215 842 2256 ecce
863 2206 1137 2275 concipies
1163 2207 1217 2261 in
1255 2216 1430 2276 utero,
1455 2218 1509 2265 et
1533 2190 1713 2280 paries
1758 2190 1948 2282 lilium,

376 2291 436 2338 et
457 2288 681 2344 vocabis
702 2307 898 2348 nomen
930 2297 1050 2364 ejus
1103 2296 1312 2353 Jesum.
1364 2299 1462 2355 Hic
1486 2302 1588 2356 erit
1617 2317 1868 2373 magnus,
1897 2312 1951 2359 et

374 2375 550 2434 Filius
603 2381 870 2439 Altissimi
925 2388 1231 2442 vocabitur.
1281 2389 1345 2444 Et
1382 2391 1531 2446 dabit
1561 2393 1640 2447 illi
1679 2393 1948 2454 Dominus

374 2468 520 2528 Deus
548 2474 803 2530 thronum
856 2475 1026 2533 David
1092 2481 1269 2550 patris
1327 2483 1471 2551 ejus,
1503 2491 1557 2538 et
1593 2487 1842 2556 regnabit
1892 2489 1944 2543 in

372 2562 536 2618 domo
569 2564 744 2621 Jacob
795 2569 850 2624 in
905 2573 1124 2638 saecula,
1167 2582 1221 2629 et
1265 2576 1418 2645 regni
1457 2575 1577 2644 ejus
1618 2593 1725 2632 non
1747 2580 1850 2633 erit
1879 2582 1945 2634 li-

370 2657 460 2710 nis
487 2656 555 2711 ³⁸.
595 2678 615 2710 ι
649 2660 728 2714 Ad
752 2661 865 2716 haec
894 2665 1023 2720 item
1064 2668 1228 2720 verba
1280 2670 1431 2724 stetit
1475 2670 1733 2727 haesitans
1754 2671 1940 2744 Virgo,

369 2754 559 2818 utpote
611 2751 680 2805 ad
710 2763 961 2809 naturam
1013 2760 1332 2828 respiciens.
1373 2768 1427 2816 et
1469 2762 1536 2818 de
1572 2761 1811 2834 Joseplio
1855 2767 1943 2821 cui

370 2838 699 2910 desponsata
730 2853 849 2900 erat
888 2851 1156 2919 cogitans,
1199 2853 1504 2923 angeloque
1553 2856 1634 2910 sic
1685 2857 1936 2927 reponit:

2058 1847 2330 1918 εταράχθη
2354 1849 2447 1901 ἐπὶ
2469 1848 2544 1919 τῷ
2566 1850 2708 1919 λόγῳ
2730 1850 2822 1902 τοῦ
2842 1851 3071 1920 ἀγγέλου
3089 1855 3353 1919 εἰπόντος,
3388 1875 3405 1906 ι
3444 1859 3643 1928 Χαῖρε,

2057 1936 2488 2008 κεχαριτωμένη,
2526 1941 2554 1991 6
2585 1940 2789 2010 Κύριος
2821 1941 2957 2011 μετὰ
2993 1941 3105 2004 σοῦ,
3129 1961 3161 1994 ι.
3184 1946 3274 1997 καὶ
3289 1945 3640 2014 διελογίζετο,

2055 2025 2296 2088 ποταπὸς
2328 2025 2413 2098 εἴη
2461 2030 2489 2080 6
2517 2029 2805 2099 ἀσπασμὸς
2831 2023 3014 2094 οῦτοςο
3070 2033 3191 2086 ὅθεν
3227 2036 3318 2087 καὶ
3353 2035 3644 2091 ὑπολαϐὼν

2053 2117 2082 2168 6
2112 2117 2468 2188 ἀρχάγγελος,
2497 2116 2615 2173 εἷπε
2633 2122 2766 2192 πρὸς
2783 2123 2950 2193 αὑτήν
2970 2141 2981 2152 ·
3015 2143 3032 2175 ι
3059 2125 3151 2196 Μὴ
3171 2125 3356 2195 φοϐοῦ,
3379 2128 3636 2198 Μαριάμ·

2053 2201 2210 2279 εὗρες
2236 2209 2345 2281 γὰρ
2372 2211 2530 2283 χάριν
2557 2213 2706 2284 παρὰ
2740 2213 2818 2284 τῷ
2840 2213 2978 2284 Θεῷ.
3008 2217 3118 2270 Καὶ
3155 2217 3264 2270 ἰδοὺ
3311 2218 3555 2291 συλλήψη
3580 2222 3640 2273 ἐν

2054 2305 2275 2374 γαστρὶ,
2312 2308 2406 2359 καὶ
2438 2305 2566 2380 τέξῃ
2599 2307 2738 2371 υἱὸν,
2780 2310 2872 2362 καὶ
2900 2310 3149 2376 καλέσεις
3186 2313 3247 2366 τὸ
3271 2313 3441 2384 ὄνομα
3466 2314 3638 2368 αὑτοῦ

2062 2393 2288 2464 Ἰησοῦν.
2318 2389 2482 2460 Οὗτος
2509 2397 2657 2450 ἔσται
2695 2399 2888 2468 μέγας,
2915 2400 3009 2452 καὶ
3041 2400 3170 2464 Υἱὸς
3212 2400 3461 2471 Ὑψίστου
3495 2403 3635 2473 κλη-

2050 2484 2294 2556 θήσεται,
2341 2490 2434 2541 καὶ
2465 2487 2622 2542 δώσει
2658 2490 2806 2561 αὑτῷ
2849 2492 3052 2563 Κύριος
3089 2496 3116 2547 ό
3141 2493 3273 2556 Θεὸς
3314 2495 3404 2549 τὸν
3441 2496 3634 2568 θρόνον

2047 2577 2211 2629 Δαόὶδ
2233 2578 2325 2630 τοῦ
2357 2580 2561 2650 πατρὸς
2587 2581 2773 2644 αὐτοῦ,
2798 2584 2890 2636 καὶ
2918 2583 3224 2652 βασιλεύσει
3248 2587 3340 2639 ἐπὶ
3363 2588 3455 2640 τὸν
3480 2585 3633 2642 όῖκον

2060 2665 2251 2719 Ἰακὼὸ
2280 2671 2359 2731 είς
2378 2671 2504 2732 τοὺς
2533 2670 2758 2736 αἰῶνας,
2785 2673 2876 2725 καὶ
2903 2673 3004 2742 τῆς
3039 2673 3314 2744 βασιλείας
3342 2678 3505 2731 αὑτοῦ
3529 2680 3632 2732 οὑκ

2044 2757 2197 2811 ἔσται
2237 2761 2404 2825 τέλος.
2447 2781 2464 2814 ι
2513 2763 2672 2816 Ἀλλά
2711 2765 2818 2836 γὰρ
2848 2767 2942 2819 καὶ
2980 2766 3116 2841 πρὸς
3149 2768 3321 2823 ταῦτα
3353 2770 3480 2842 ἔστη
3512 2773 3633 2826 δια-

2044 2851 2284 2923 ποροῦσα
2310 2854 2342 2923 ἡ
2371 2852 2668 2924 Παρθένος,
2698 2855 2789 2908 καὶ
2815 2854 2891 2919 ὡς
2914 2856 3048 2928 πρὸς
3069 2857 3166 2928 τὴν
3197 2857 3358 2927 φύσιν
3393 2859 3631 2914 ἀποϐλέ-

372 2947 394 2980 ι
432 2927 714 2997 Quomodo
765 2935 854 2990 [iet
897 2939 1031 2992 mihi
1074 2939 1242 3005 istud,
1306 2944 1563 3013 quoniam
1602 2946 1776 3000 virum
1830 2963 1940 3002 non

2054 2956 2238 3007 πουσα,
2270 2943 2364 2996 καὶ¹
2393 2943 2534 2996 κατὰ
2571 2943 2660 2997 τὸν
2707 2943 2902 3016 Ἰωσὴφ
2937 2927 3369 3018 διαλογιζομένη,
3405 2947 3522 3001 ἀνθ’
3550 2943 3627 3001 ὧν

365 3033 639 3089 cognosco
663 3022 742 3076 ‘7?
768 3042 786 3076 ι
825 3023 1300 3098 Quandoquidem,
1329 3032 1427 3098 ait,
1457 3048 1490 3087 ο
1525 3035 1736 3104 angele,
1760 3035 1934 3090 virum

2054 3034 2494 3105 μεμνηστευμένη
2539 3033 2686 3106 αὐτῷ
2721 3030 2823 3105 ἦν,
2863 3036 3315 3108 ἀνταποκρίνεται
3359 3039 3498 3110 πρὸς
3533 3040 3628 3094 τὸν

363 3123 476 3163 non
501 3125 794 3182 cognosco,
825 3127 882 3170 tu
913 3134 1045 3173 vero
1068 3135 1164 3190 per
1195 3122 1349 3190 illud,
1373 3138 1523 3189 ecce,
1551 3125 1696 3194 quod
1724 3134 1810 3182 est
1841 3127 1938 3182 ad-

2054 3121 2288 3190 ἱγγελον,
2325 3123 2417 3176 καί
2446 3141 2612 3194 φησιο
2642 3144 2660 3176 ι
2699 3125 2822 3189 Πῶς
2848 3125 2997 3179 ἔσται
3037 3144 3127 3198 μοι
3168 3127 3344 3194 τοῦτο,
3381 3131 3504 3185 ἐπεὶ
3530 3133 3627 3188 ἄν·

362 3201 608 3256 verbium
651 3203 1082 3273 demonstrandi,
1133 3211 1238 3276 ais,
1293 3231 1312 3264 ‹
1368 3212 1510 3271 Ecce
1559 3217 1855 3287 concipies,
1912 3238 1932 3273 ι

2054 3211 2142 3282 ipa
2167 3212 2228 3264 οὐ
2265 3211 2549 3281 γινώσκω;
2597 3232 2618 3266 ι
2656 3215 2766 3267 Καὶ
2811 3215 3062 3289 ἐπείπερ,
3103 3213 3358 3289 φησὶν,ῶ
3397 3219 3622 3289 ἄγγελε,

363 3293 522 3361 quasi
605 3302 820 3367 tempus
842 3298 1052 3367 instet;
1101 3303 1294 3373 ignoro
1349 3309 1622 3376 quomodo
1644 3309 1792 3364 istud
1824 3311 1934 3367 ﬁet.

2054 3302 2204 3372 ἱνδρα
2240 3304 2301 3357 οὐ
2342 3303 2628 3372 γινώσκω,
2667 3307 2731 3360 σὺ
2771 3305 2829 3358 δὲ
2878 3306 2964 3360 διὰ
3013 3307 3131 3371 τοῦ,
3179 3309 3310 3374 ἰδοὺ,
3348 3311 3638 3369 δεικτικοῦ.

365 3380 496 3447 Sed,
529 3399 561 3438 ο
595 3388 804 3457 angele,
863 3392 1154 3459 tu,dicito,
1201 3403 1258 3448 tu
1313 3398 1695 3468 interpretare,
1731 3419 1749 3452 ι
1799 3417 1938 3471 quo-

2054 3397 2446 3468 τροσρήματος,
2493 3398 2703 3466 λέγεις,
2756 3416 2774 3450 ι
2822 3400 2952 3454 Ἰδοὺ
2993 3401 3260 3473 συλλήψῃ,
3296 3422 3314 3454 ι
3363 3405 3440 3468 ὡς
3477 3406 3620 3460 κατὰ

360 3473 523 3527 modo
549 3473 638 3530 ﬂet
672 3477 835 3534 istud.
885 3499 904 3531 ι
940 3478 1296 3552 Respondens
1329 3493 1506 3541 autem
1531 3489 1772 3560 angelus,
1803 3491 1939 3546 dixit

2054 3486 2224 3558 (ρόνον
2268 3489 2559 3543 ἐνεστῶτα·
2602 3489 2721 3553 πῶς
2759 3489 2934 3556 ἔσται,
2954 3492 3053 3545 οὑκ
3077 3488 3212 3546 οἶδα.
3232 3493 3372 3547 Ἀλλ’
3401 3496 3543 3559 είπέ,
3572 3491 3642 3551 ὧ.

2035 3573 2252 3642 ἄγγελε,
2267 3577 2358 3629 καὶ
2373 3577 2775 3650 διερμήνευσον,
2801 3597 2819 3630 ι
2832 3579 2946 3644 πῶς
2962 3581 3113 3634 ἔσται
3127 3582 3282 3636 τοῦτο
3297 3601 3311 3650 ;
3324 3603 3341 3634 ι
3365 3585 3636 3660 Ἀποκρι--

2036 3663 2148 3728 θεὶς
2173 3664 2228 3717 δὲ
2254 3668 2282 3718 6
2319 3666 2566 3735 ἄγγελος,
2603 3665 2754 3724 εἷπεν
2777 3671 2946 3742 αὐτῇ·
2984 3690 3002 3723 ι
3039 3673 3262 3745 Πνεῦμα
3307 3674 3459 3745 ἅγιον
3515 3679 3620 3731 ἐπα

2033 3755 2311 3810 ελεὺσεται
2353 3758 2446 3811 ἐπὶ
2487 3759 2566 3822 σὲ,
2607 3761 2701 3813 καὶ
2751 3761 2978 3834 δύναμις
3016 3763 3268 3835 Ὑψίστου
3295 3767 3610 3823 ἐπισκιάσει

2035 3861 2137 3898 σοι.
2181 3864 2200 3897 ›
2238 3839 2426 3912 Οὗτος,
2457 3848 2640 3918 φησὶν,
2668 3851 2696 3902 ό
2715 3851 2913 3922 τρόπος
2940 3853 3038 3924 τῆς
3072 3854 3402 3926 συλλήψεως,
3438 3858 3634 3925 οὕτως⁵

2033 3935 2279 4012 συλλήψῃ
2327 3939 2385 3991 ἐν
2420 3941 2639 4011 γαστρὶ,
2696 3941 3014 4014 Πνεὺματος
3053 3945 3207 4014 ἁγίου
3243 3948 3631 4020 ἐπερχομένου,

2033 4044 2134 4092 σοι,
2155 4029 2247 4081 καὶ
2272 4028 2552 4100 δυνάμεως
2581 4032 2832 4102 Ὑψίστου
2870 4034 3292 4106 ἐπισκιαζούσης
3323 4055 3425 4092 σοι.
3454 4058 3472 4090 ι
3499 4041 3608 4104 Διό,

2030 4119 2184 4189 φησι,
2236 4121 2331 4174 καὶ
2370 4121 2430 4174 τὸ
2487 4122 2822 4194 γεννώμενον
2853 4124 3007 4194 ἅγιον
3037 4127 3165 4190 Υἱὸς
3200 4128 3454 4199 Ὑψίστου
3488 4131 3612 4203 κλη-

2030 4208 2273 4280 θήσεται.
2314 4231 2334 4263 ›
2374 4213 2438 4266 Ἦ
2467 4213 2522 4266 δὲ
2553 4215 2650 4268 καὶ
2687 4214 2766 4270 ἔτι
2795 4217 3148 4290 διαποροῦσα,
3195 4221 3335 4292 πλὴν
3378 4225 3611 4294 ἐπευχο-

2030 4300 2164 4371 μένη
2189 4303 2376 4373 ἑαυτῇ,
2405 4305 2536 4374 φησί
2556 4321 2568 4334 ·
2603 4324 2620 4357 ι
2645 4307 2861 4361 Γένοιτό
2903 4325 2993 4378 μοι
3027 4309 3167 4363 κατά
3191 4311 3251 4364 τὸ
3278 4313 3428 4384 ῥῆμά
3451 4331 3620 4368 σου.».

360 3563 410 3616 ei
445 3580 461 3617 :
497 3582 517 3616 ι
560 3564 798 3636 Spiritus
818 3580 1043 3626 sanctus
1067 3576 1412 3644 superveniet
1444 3579 1497 3632 in
1532 3586 1606 3646 te,
1657 3587 1711 3635 et
1760 3584 1935 3639 virtus

360 3652 627 3712 Altissimi
667 3659 1014 3718 obumbrabit
1054 3665 1148 3720 tibi
1172 3667 1236 3721 ³⁸.
1278 3687 1298 3719 ›
1331 3667 1455 3724 Haec
1487 3678 1592 3735 est,
1621 3672 1718 3738 ait,
1747 3675 1934 3730 conci-

359 3746 545 3814 piendi
570 3750 707 3805 ratio
733 3768 746 3802 :
781 3752 857 3806 ita
876 3757 1152 3827 concipies
1197 3758 1254 3813 in
1284 3770 1461 3822 utero,
1503 3762 1711 3834 Spiritu
1741 3775 1933 3823 sancto

360 3835 418 3890 in
451 3845 504 3892 te
537 3843 976 3912 superveniente,
1013 3856 1068 3903 et
1093 3850 1294 3907 virtute
1346 3851 1616 3909 Altissimi
1649 3865 1702 3910 te
1733 3858 1930 3914 obum-

356 3927 569 3987 iurante.
611 3951 630 3984 ι
671 3933 926 4007 Ideoque,
976 3939 1072 4004 ait,
1121 3952 1175 3997 et
1199 3945 1342 4013 quod
1373 3958 1629 4002 nascetur
1659 3957 1928 4018 sanetum,

356 4015 528 4074 Filius
549 4020 812 4078 Altissimi
843 4029 1129 4083 vocabitur
1154 4032 1255 4088 ³⁸.»
1286 4033 1381 4088 llla
1413 4051 1542 4090 vero
1567 4037 1744 4093 adhuc
1767 4015 1931 4095 haesi;

357 4118 507 4174 tans,
544 4128 732 4170 verum
792 4118 895 4172 sibi
923 4120 1039 4175 haec
1067 4134 1285 4192 optans,
1321 4128 1433 4181 ait:
1465 4146 1484 4178 ‹
1515 4129 1636 4184 Fiat
1662 4130 1796 4185 mihi
1840 4147 1930 4188 se-

355 4201 597 4255 cundum
619 4205 845 4260 verbum
876 4215 1029 4264 tuum
1053 4210 1122 4266 ⁸ο.
1163 4233 1182 4265 ι
1223 4212 1297 4302 Et
1323 4215 1576 4270 discessit
1622 4216 1692 4271 ab
1731 4233 1794 4272 ea
1828 4232 1927 4273 an-

354 4291 532 4378 gelus.
593 4293 728 4350 Nam
777 4302 1107 4371 evangelista
1162 4291 1434 4374 significat
1487 4309 1736 4378 angelum
1767 4309 1837 4365 ab
1859 4324 1923 4364 ea

353 4376 697 4445 discessisse,
734 4399 803 4439 ne
834 4389 1182 4444 occasionem
1227 4392 1296 4447 iis
1329 4376 1684 4465 relinqueret,
1715 4398 1808 4469 qui
1841 4398 1926 4452 di-

2054 4391 2138 4444 [αὶ
2177 4393 2413 4464 ἀπῆλθεν
2455 4394 2549 4447 ἀπ’
2596 4397 2766 4468 αὐτῆς
2807 4400 2835 4450 6
2877 4376 3121 4469 ἅγγελος.
3157 4376 3604 4475 Ἐπισημαίνεται

351 4480 477 4521 cere
509 4470 728 4538 vellent,
761 4475 940 4543 ipsum
971 4480 1222 4549 angelum
1256 4481 1312 4535 in
1335 4481 1559 4551 Virgine
1581 4484 1920 4541 habitantem

2054 4481 2134 4554 ’ἀρ
2162 4483 2317 4538 τοῦτο
2343 4486 2370 4538 ό
2413 4486 2824 4559 εὑαγγελιστὴς,
2869 4489 2950 4543 ὃτι
2979 4490 3220 4561 ἀπῆλθεν
3249 4470 3540 4566 ἀπίταὺτῆς
3573 4499 3603 4549 6

351 4557 693 4617 inearnatum
753 4566 943 4632 fuisse,
999 4579 1094 4624 aut
1152 4573 1378 4628 verbum
1417 4576 1591 4646 angeli
1622 4578 1918 4633 secundum

2054 4573 2275 4642 ιγγελος,
2321 4576 2406 4630 ἵνα
2452 4578 2526 4648 μὴ
2573 4557 2870 4652 καταλείψῃ
2917 4557 3172 4654 ἀφορμὴν
3213 4586 3326 4648 τοῖς
3358 4557 3602 4641 ἐθέλόυσι

351 4652 709 4719 prolationem
749 4658 891 4720 soni,
923 4658 1360 4719 Incarnationem
1401 4675 1681 4736 operatum
1725 4669 1916 4724 fuisse.

2057 4666 2221 4734 ἑγειν,
2252 4668 2335 4720 ὅτι
2366 4669 2528 4732 αὐτὸς
2557 4671 2584 4723 6
2614 4669 2840 4740 ἅγγελος
2867 4652 3152 4745 ἐνοικήσας
3172 4675 3230 4728 ἐν
3251 4679 3315 4747 τῇ
3339 4678 3602 4750 Παρθένῳ

353 4739 458 4795 Sed
488 4742 714 4813 indicat,
747 4746 1072 4806 abscedente
1107 4755 1299 4825 angelo
1351 4755 1614 4826 Spiritum
1668 4768 1915 4813 sanctum

2057 4760 2332 4832 σαρκὼθη,
2379 4763 2499 4816 οὐδὲ
2542 4765 2623 4818 ὅτι
2657 4765 2881 4836 όλόγος
2925 4739 3089 4822 αὑτοῦ
3137 4739 3599 4846 κατὰ-’προσορᾶν

349 4829 406 4882 in
458 4829 734 4905 Virginem
789 4842 1190 4909 supervenisse,
1244 4854 1299 4900 et
1343 4849 1598 4904 virtutem
1649 4849 1914 4906 Altissimi

2060 4829 2348 4925 πηνχήσεως
2401 4857 2669 4928 ἐνήργησε
2719 4829 2817 4929 τὴν
2860 4829 3310 4933 ἐνανθρώπησινο
3359 4829 3597 4920 ιὅτι

347 4921 708 4982 obunibrasse
760 4929 840 4983 illi
873 4952 890 4986 :
919 4939 1085 5002 atque
1117 4935 1192 4990 ita
1221 4935 1436 4992 demum
1467 4941 1791 5008 completum
1832 4949 1916 4998 est

2054 4921 2343 5010 πελθόντος
2362 4946 2456 5000 τοῦ
2481 4921 2712 5016 ἀγγέλου
2741 4921 2973 5021 ἐπῆλθεν
3001 4921 3092 5006 ἐπὶ
3116 4921 3212 5026 την
3236 4955 3508 5026 Παρθένον
3534 4958 3602 5010 τὸ

349 5023 566 5063 sacrum
599 5017 968 5084 puerperium.
998 5019 1208 5086 Quibus
1237 5032 1321 5080 est
1370 5025 1568 5081 iterum
1602 5033 1914 5086 necessario

2054 5052 2172 5103 γιον
2198 5037 2442 5109 Πνεῦμα,
2467 5041 2561 5093 καὶ
2592 5017 2918 5097 ἐπεσκίασεν
2944 5045 3080 5116 αὐτῇ
3116 5017 3408 5119 η’δὺναμις
3445 5048 3595 5118 Ὑψί-

349 5098 734 5169 insistendum,
767 5121 831 5162 ac
854 5112 1314 5169 considerandum
1339 5131 1446 5186 qua
1470 5119 1681 5173 ratione
1704 5121 1768 5175 ad
1791 5120 1916 5175 Vir-

2054 5098 2141 5180 του
2161 5145 2174 5158 ·
2203 5133 2294 5182 καὶ
2308 5098 2479 5194 οὑτως
2497 5131 2720 5205 ὕστερον
2741 5134 2993 5208 ἐτελέσθη
3014 5098 3080 5189 τό
3092 5098 3356 5210 σῶτήριοῑι
3378 5098 3588 5212 κύημῒα.

347 5191 524 5260 ginem
554 5195 760 5252 dictum
793 5201 897 5256 sit:
943 5221 962 5254 ι
1001 5203 1236 5275 Spiritus
1289 5219 1514 5267 sanctus
1569 5215 1915 5282 superveniet

2054 5220 2194 5292 Υπὲρ
2218 5216 2291 5276 ὧν
2321 5225 2413 5277 καὶ
2440 5191 2594 5288 αὖθις
2751 5228 2891 5282 κατά
2922 5191 3591 5301 τὸιμόθχάνάγκαῖονέπι-

348 5282 401 5337 in
433 5295 572 5350 te,et
595 5298 766 5348 virtus
791 5294 1056 5353 Altissimi
1087 5301 1435 5357 obumbrabit
1459 5303 1577 5360 tibi.
1609 5324 1627 5357 ι
1654 5304 1910 5375 Nunquid

2054 5282 2229 5381 τῆσάι,
2248 5315 2342 5366 καὶ
2360 5282 2778 5387 ἐπισκέῷάσθάι,
2805 5321 2922 5384 πῶς
2934 5282 3315 5394 είρῖηταιο-πρός
3337 5324 3432 5395 τὴν
3450 5324 3592 5396 Παρ-

346 5374 532 5429 eodem
568 5381 728 5434 modo
792 5401 900 5453 quo
949 5386 1018 5441 ad
1062 5392 1342 5460 apostolos
1395 5393 1574 5448 aiebat
1625 5374 1906 5463 Christus,

2054 5374 2165 5457 ένον
2189 5421 2202 5434 ·
2220 5374 2224 5375 ν
2242 5425 2260 5455 ι
2288 5407 2510 5479 Πνεῦμα
2544 5374 2696 5479 διγιον
2739 5374 3234 5468 ἐπελεῦσέτάιηἐπὶ⁸
3263 5374 3343 5480 σέ,
3380 5374 3475 5471 καὶ
3499 5374 3590 5472 δῦ-

340 5463 373 5515 ’‹
400 5463 508 5521 Vos
539 5480 718 5528 autem
767 5476 953 5533 sedete
993 5480 1048 5535 in
1094 5483 1315 5539 civitate
1359 5483 1684 5552 Jerusalem,
1736 5488 1910 5545 donec

2054 5509 2170 5562 ῑμις
2215 5463 2466 5562 Ὑψίστοῦ
2513 5463 2832 5554 ἐπισκιάσει
2841 5463 3211 5578 -σο-ιῗῗῦΑρα
3254 5463 3362 5578 γὰρ
3398 5506 3589 5577 ὥσπερ

418 5585 462 5615 ³⁵
499 5586 629 5642 Luc.
659 5607 692 5655 ι,
730 5593 828 5658 28,
857 5595 948 5649 29.
1022 5599 1068 5630 ³⁸
1104 5601 1234 5658 ibid.
1272 5603 1456 5660 50-55.
1533 5607 1578 5638 ³⁷
1617 5606 1746 5661 ibid.
1786 5608 1873 5665 ⁸54.

2054 5609 2158 5664 bid.
2196 5610 2282 5666 55.
2364 5613 2407 5646 ³³
2447 5614 2576 5672 ibid:
2689 5619 2733 5650 “
2774 5620 2902 5676 ibid.
2940 5621 3025 5676 38.

423 5676 554 5746 (45⁸)
589 5681 766 5750 Vulg.,
797 5687 886 5742 τόν
936 5687 1090 5743 Eon.
