3868 6206
209 305 319 359 929

1103 303 1335 360 SERMO
1377 305 1443 359 lN
1484 305 2110 363 ANNUNTIATIONEM
2159 309 2499 366 DElf'Afle.

3361 321 3467 379 9'50

206 421 304 476 καὶ
343 420 474 492 πρὸς
502 421 626 483 τοὺς
666 418 1004 482 ἀποστόλους
1050 419 1200 489 ἔλεγε
1231 421 1485 493 Χριστὸς,
1537 441 1557 474 ι
1605 422 1757 493 Ὑμεί

1863 425 2200 486 ,ἰηάυειηὶηἰ
2251 425 2454 481 virtute
2483 441 2550 483 ex
2599 427 2711 482 alto
2739 430 2807 493 υ,
2846 449 2865 483 ι
2903 430 3115 503 Spiritu
3169 441 3364 492 sancto
3407 435 3469 490 in

204 514 263 566 δὲ
333 511 592 565 καθίσατε
644 512 702 564 ἐν
778 513 845 581 τῇ
898 511 1046 564 πόλει
1095 512 1483 584 Ἰερουσαλὴμ,
1548 513 1653 577 ἐως
1728 506 1790 566 οὗ

203 603 491 673 ἐνδύσησθε
531 603 757 673 δύναμιν
785 601 845 666 ἐξ
887 601 1072 671 ὕψους,
1113 623 1132 656 ι
1167 603 1480 667 ἐπελθόντος
1501 604 1594 658 τοῦ
1630 605 1788 673 ἁγίου

203 695 516 764 Πνεῦματος
566 696 652 763 ἐφ’
681 695 853 764 ὑμᾶς;
885 695 1080 766 ἐπίσης
1121 695 1230 767 γάρ
1261 697 1295 767 ἠ
1342 697 1661 766 ἐπαγγελία,
1693 699 1789 751 καὶ

200 790 267 841 ἐκ
290 786 384 840 τοῦ
417 789 529 839 ἴσου
549 787 749 857 τρόπου
777 787 1147 856 λαμϐάνεσθαι
1169 787 1416 853 δύναται,
1438 789 1668 860 ἐπείπερ
1691 790 1785 842 καὶ

199 878 430 932 ἐνταῦθα
472 879 696 949 δύναμιν
719 878 778 944 ἐξ
809 879 1065 949 Ὑψίστου
1106 881 1490 935 ἐπελεύσεσθαι
1537 882 1626 935 ἐπὶ
1658 884 1784 946 τοὺς

199 971 528 1034 ἀποστόλους
557 971 651 1024 καὶ
677 971 994 1042 Πνεῦματος
1037 973 1192 1041 ἁγίου
1215 976 1539 1046 παρουσίαν.
1565 975 1630 1027 Τί
1655 971 1782 1038 οὗν;

1891 531 1990 572 vos
2029 518 2484 588 superveniente?
2530 517 2781 588 Equalis
2813 524 3014 594 quippe
3043 535 3128 580 est
3153 527 3465 597 promissio,

1891 613 1946 662 et
1980 607 2095 676 pari
2141 607 2354 662 ratione
2409 608 2581 678 accipi
2635 619 2836 679 potest,
2893 616 3336 685 quandoquidem
3377 618 3469 672 hic

1891 714 2108 770 quoque
2130 699 2351 762 dicitur,
2395 701 2652 756 virtutem
2682 719 2747 758 ex
2770 702 3055 761 Altissimo
3087 709 3143 763 in
3189 712 3467 780 apostolos

1891 791 2269 855 adventuram,
2306 805 2406 844 nec
2438 807 2546 845 non
2584 791 2822 864 Spiritus
2871 797 3046 851 sancti
3097 803 3462 868 praesentiam.

1890 879 2030 946 Quid
2063 881 2262 951 igitur?
2289 881 2452 952 339
2479 881 2620 937 Num
2655 886 2797 939 sicut
2854 891 3120 957 apostolis
3151 893 3376 960 spiritus
3411 900 3466 947 et

1889 974 2065 1029 virtus
2088 973 2354 1028 Altissimi
2390 976 2751 1044 promittitur,
2777 979 2852 1032 ita
2881 997 3101 1051 quoque
3140 982 3392 1054 Virgini?

197 1057 310 1133 ἆρα
333 1065 407 1126 ὡς
424 1063 558 1134 πρὸς
574 1066 700 1128 τοὺς
713 1066 1039 1130 ἀποστόλους
1055 1067 1114 1120 τὺ
1138 1067 1366 1137 Πνεῦμα
1387 1069 1480 1122 καὶ
1504 1070 1536 1139 ἡ
1554 1068 1779 1138 δύναμις
1795 1064 1888 1119 τοῦ
1917 1066 2170 1136 Ὑψίστου
2188 1067 2542 1138 ἐπήγγελται,
2561 1069 2731 1133 οὕτως
2757 1073 2850 1125 καί
2871 1075 3005 1144 πρὸς
3025 1077 3123 1147 τὴν
3151 1077 3427 1148 Παρθένον
3449 1096 3466 1141 ;

269 1152 320 1206 9.
353 1155 460 1207 Καὶ
495 1157 542 1207 εί
576 1156 674 1226 μὲν
706 1155 878 1220 οὕτως
924 1157 1111 1230 ὥσπερ
1143 1159 1236 1212 καὶ
1269 1161 1348 1223 είς
1374 1161 1500 1224 τοὺς
1538 1161 1770 1213 ἀποστόο

195 1253 341 1310 λους,
373 1247 466 1300 καὶ
516 1249 548 1318 ἡ
587 1248 813 1320 δύναμις
843 1251 934 1304 τοῦ
971 1251 1224 1319 Ὑψίστου
1276 1251 1369 1304 καὶ
1413 1255 1445 1322 ἡ
1492 1252 1773 1315 ἐπέλευσις

195 1334 290 1389 τοῦ
325 1336 641 1408 Πνεὺματος
673 1340 896 1407 γέγονε,
953 1341 1048 1394 καὶ
1081 1341 1138 1392 ἐν
1188 1343 1300 1405 τοῖς
1347 1341 1664 1406 ἀποστόλοις
1711 1343 1772 1396 οὑ

193 1428 638 1500 παρηκολούθησε
658 1431 932 1502 σάρκωσις
953 1449 964 1461 ·
997 1431 1174 1502 δῆλον,
1196 1434 1276 1486 ὃτι
1300 1434 1458 1503 (45³³)
1478 1433 1599 1486 οὔτε
1621 1436 1679 1486 ἐν
1705 1437 1771 1505 τῇ

195 1518 460 1590 Παρθένῳ
485 1521 516 1590 ἡ
546 1520 773 1592 δύναμις
801 1521 1112 1592 ἐσαρκὼθη,
1132 1523 1256 1576 οὔτε
1279 1523 1340 1576 τὸ
1371 1525 1594 1597 Πνεῦμα
1623 1527 1775 1596 ἐνην-

1877 1158 1912 1190 ³¹⁵
1937 1158 1991 1214 9.
2010 1159 2162 1224 Quod
2186 1160 2254 1228 si,
2274 1170 2332 1213 ut
2348 1162 2401 1214 in
2420 1163 2705 1231 apostolis,
2727 1165 2902 1220 virtus
2920 1168 3182 1222 Altissimi
3205 1178 3256 1224 et
3275 1170 3469 1226 adven-

1881 1257 1972 1305 tus
1993 1250 2228 1320 Spiritus
2251 1253 2423 1306 sancti
2441 1253 2558 1316 fuit,
2572 1265 2624 1309 et
2642 1256 2698 1309 in
2713 1258 2975 1324 apostolis
2997 1274 3102 1313 non
3120 1268 3203 1314 est
3220 1261 3466 1317 incarna-

1883 1342 1960 1398 tio
1977 1343 2290 1407 subsecuta,
2307 1359 2407 1398 nec
2422 1345 2475 1398 in
2501 1343 2717 1416 Virgine
2736 1347 2901 1416 igitur
2917 1351 3090 1406 virtus
3107 1359 3190 1406 est
3207 1353 3465 1412 incarna—

1885 1442 1962 1498 ta,
1981 1450 2154 1505 neque
2175 1434 2412 1504 Spiritus
2433 1435 2594 1492 homo
2618 1438 2794 1494 factus
2809 1449 2913 1504 est,
2933 1445 3147 1498 etiamsi
3163 1443 3331 1500 Filius
3349 1447 3464 1515 ipse

1882 1527 2039 1598 juxta
2055 1543 2399 1584 communem
2419 1529 2702 1600 theologia
2713 1547 2872 1587 usum
2890 1533 3104 1590 dicatur
3119 1536 3292 1592 virtus
3306 1538 3465 1592 Altis-

191 1608 516 1679 θρώπησεν,
552 1615 599 1664 εἰ
654 1614 748 1666 καὶ
789 1615 951 1677 αὑτὸς
997 1617 1025 1667 ὁ
1070 1615 1213 1678 ’Υἱὸς
1245 1617 1385 1669 κατά
1437 1617 1757 1686 κοινολογίαη

1877 1620 2021 1674 simi.
2038 1620 2145 1675 Sed
2173 1621 2314 1674 sicut
2336 1620 2391 1674 in
2409 1623 2684 1690 apostolos
2700 1623 2820 1678 ideo
2836 1625 3013 1680 virtus
3032 1627 3337 1692 advenit,ut
3352 1630 3460 1684 vim

190 1699 469 1767 θεολογίας
520 1702 737 1772 λέγεται
787 1703 1014 1776 δύναμις
1053 1706 1330 1775 Ὑψίστου.
1404 1709 1542 1761 Ἀλλ’
1583 1709 1774 1782 ὥσπερ

189 1789 249 1843 ἐν
277 1794 389 1854 τοῖς
412 1793 728 1857 ἀποστόλοις
755 1796 787 1866 ὴ
814 1793 1043 1866 δύναμις
1094 1796 1230 1867 πρὸς
1260 1797 1320 1850 τὸ
1351 1797 1608 1853 δύνασθαι
1635 1801 1774 1854 κατά

189 1882 370 1951 πάσης
405 1883 788 1958 ἀντικειμένης
847 1887 1128 1958 δυνάμεως
1183 1889 1419 1956 ἐγένετο,
1462 1893 1556 1943 καὶ
1603 1895 1634 1962 ἠ
1672 1894 1771 1944 ἐπ-

186 1971 398 2037 έλευσις
413 1973 506 2026 τοῦ
526 1975 662 2028 Πνεύ
673 1994 839 2045 ματος
862 1978 983 2032 καθ’
1009 1980 1105 2033 ὅλα
1125 1981 1192 2034 τά
1212 1981 1485 2046 οὑσιωδῶς
1500 1984 1773 2056 προσόντα

186 2078 358 2148 αὐτῷ,
393 2081 688 2151 ἐνεργοῦσα
729 2085 786 2136 ἐν
821 2086 954 2139 πᾶσι
1008 2088 1272 2157 σημείοις,
1307 2089 1400 2142 καὶ
1431 2089 1642 2160 τέρασι,
1674 2092 1769 2144 καὶ

183 2168 472 2241 δυνάμεσι,
499 2173 634 2245 πρὸς
666 2173 953 2244 βεϐαίωσιν
989 2160 1082 2231 καὶ
1104 2179 1369 2234 πίστωσιν
1401 2180 1499 2250 τῆς
1529 2181 1766 2251 Χριστοῦ

181 2259 552 2330 ἐπαγγελίας·
599 2265 743 2319 οὕτω
770 2269 864 2321 καὶ
900 2269 991 2322 ἐπί
1023 2271 1088 2340 τῇ
1121 2270 1383 2344 Παρθένῳ
1416 2274 1449 2344 ὴ
1485 2274 1768 2338 ἐπέλευσις

183 2351 281 2406 τοῦ
314 2355 628 2426 Πνεύματος
649 2358 885 2425 ἐγένετο,
905 2360 961 2412 ἐν
991 2363 1123 2414 πᾶσι
1156 2366 1268 2427 τοῖς
1293 2352 1570 2430 οὑσιωδῶς
1597 2385 1769 2439 προσ-

182 2443 337 2498 οῦσιν
363 2445 510 2517 αὑτῷ
525 2448 666 2502 κατὰ
690 2450 788 2521 τὴν
820 2450 1099 2524 θεαρχίαν,
1134 2455 1292 2526 χάριν
1320 2458 1602 2527 ἐμποιοῦν,
1631 2460 1768 2532 πρὸς

180 2538 248 2590 τὸ
282 2539 339 2591 ἐν
387 2542 518 2593 πᾶσι
563 2542 775 2613 χαίρειν
811 2545 998 2615 αὑτήν.
1045 2547 1306 2618 Ἐπείπερ
1353 2552 1446 2604 καὶ
1475 2551 1562 2606 διὰ
1609 2551 1766 2607 τοῦτο

183 2632 600 2704 κεχαριτωμένη
635 2636 1093 2710 προσωνομάσθη,
1123 2638 1211 2692 διὰ
1239 2640 1301 2694 τὸ
1338 2642 1397 2695 ἐν
1437 2642 1640 2708 πάσαις
1667 2643 1766 2715 χά-

181 2750 299 2804 ρισι
322 2738 444 2799 ταῖς
465 2736 552 2790 διὰ
571 2738 665 2791 τοῦ
696 2739 834 2792 Πνεύ
844 2758 1008 2811 ματος
1031 2741 1415 2814 ἐμπεπλῆσθαι
1438 2746 1608 2815 αὑτήν
1630 2765 1642 2775 ·
1668 2749 1762 2801 καὶ

175 2825 411 2897 δύναμιν
453 2829 706 2898 Ὑψίστου
767 2833 1106 2897 ἐπισκιάζειν
1157 2834 1329 2906 αὑτῇ,
1365 2837 1458 2890 καὶ
1513 2836 1656 2908 ἔχειν
1702 2840 1760 2892 ἐν

179 2917 350 2970 παντὶ
379 2918 556 2990 χρόνῳ
588 2919 667 2989 τῷ
701 2921 842 2975 κατά
879 2921 978 2992 τὴν
1014 2922 1300 2994 σύλληψιν,
1340 2925 1678 2980 πεπίστευκα
1703 2927 1760 2981 δὲ

178 3006 264 3059 ἵκει
295 3009 390 3061 καὶ
427 3010 564 3078 μετά
605 3011 702 3081 τὴν
752 3012 1030 3083 σύλληψιν.
1065 3015 1200 3068 Οὐδὲ
1225 3016 1334 3086 γάρ
1367 3017 1502 3088 πρὸς
1544 3019 1756 3090 καιρὸν,

169 3097 256 3162 ’ὡς
287 3099 572 3171 πείθομαι,
603 3103 760 3157 τοῦτο
797 3106 1016 3173 ἐγένετο
1061 3107 1119 3160 ἐν
1147 3109 1212 3178 τῇ
1256 3109 1536 3180 Παρθένῳ,
1566 3111 1678 3164 ἀλλ’
1701 3115 1758 3166 ἐν

179 3189 347 3242 παντὶ
373 3190 569 3261 καιρῷ,
601 3193 695 3244 καὶ
727 3194 866 3259 τότε,
910 3197 1002 3248 καὶ
1027 3196 1140 3260 νῦν,
1173 3198 1265 3250 καὶ
1299 3200 1378 3262 είς
1414 3198 1476 3251 τὸ
1509 3200 1756 3272 διηνεκὲς

177 3281 606 3344 ἐπισκιάζουσαν
631 3285 766 3355 αὑτῇ
791 3285 989 3355 ἔχουσα
1012 3287 1110 3358 τὴν
1136 3288 1365 3360 δύναμιν
1383 3290 1476 3344 τοῦ
1502 3292 1756 3361 Ὑψίστου

176 3370 214 3440 ἡ
254 3371 553 3441 Παρθένος,
585 3375 678 3427 καὶ
700 3375 797 3446 τὴν
829 3377 1111 3432 ἐπέλευσιν
1136 3380 1228 3433 τοῦ
1253 3382 1410 3447 ἁγίου
1445 3384 1758 3455 Πνεῦματος

175 3463 556 3536 ἐπερχομένην
594 3467 766 3539 αὐτῇ·
818 3470 904 3522 ἵνα
947 3475 1361 3546 κεχαριτωμένη
1399 3476 1555 3549 μένῃ.
1599 3478 1758 3532 Οὕτω

175 3566 289 3636 γὰρ
343 3566 698 3638 διανοούμεθα
751 3572 878 3641 περὶ
914 3573 1126 3626 τούτου·
1166 3572 1346 3630 Ἦσαν
1396 3579 1532 3648 αὐτῇ
1581 3579 1758 3633 πάντα

173 3659 593 3728 κεχαριτωμένα
621 3660 707 3714 διὰ
741 3661 836 3714 τοῦ
877 3664 1198 3735 Πνεύματος
1229 3669 1323 3721 καὶ
1349 3669 1449 3738 τῆς
1478 3670 1574 3723 τοῦ
1606 3671 1758 3740 Ὑψί-

175 3762 308 3800 στου
337 3747 617 3818 δυνάμεως
637 3767 651 3780 ο
682 3752 774 3804 καὶ
811 3755 927 3824 οὑχ,
963 3755 1040 3819 ὼς
1081 3758 1130 3808 οἱ
1164 3759 1428 3829 αίρετικοί
1456 3778 1640 3829 φασιν,
1671 3765 1754 3818 ὅτι

170 3837 429 3911 ἐνέργειά
453 3858 535 3903 τις
556 3843 706 3913 παρὰ
735 3844 828 3897 τοῦ
852 3846 1165 3917 Πνεύματος
1190 3849 1406 3918 ἐγένετο
1436 3855 1492 3906 ἐν
1514 3857 1580 3925 τῇ
1605 3858 1754 3927 Παρ-

171 3929 338 4002 θένῳ,
364 3931 457 3984 τοῦ
489 3933 806 4004 τελεσθῆναι
843 3937 942 4008 τὴν
989 3935 1284 4010 σὲρκωσιν.
1319 3944 1438 3997 Κᾶν
1483 3945 1590 4018 γὰρ
1624 3948 1753 4002 ἄνευ

175 4023 412 4093 σπορᾶς,
432 4025 528 4094 οὑχ
560 4024 702 4079 οὕτω
726 4027 926 4098 φαμὲν,
951 4029 1032 4082 ὃτι
1056 4031 1198 4085 κατὰ
1229 4033 1326 4104 τὴν
1355 4035 1619 4106 διαίρεσιν
1644 4039 1751 4093 τῶν

171 4115 532 4185 χαρισμάτων
563 4117 658 4170 τοῦ
705 4119 1020 4190 Πνεύματος
1049 4122 1380 4195 διαιροῦντος
1413 4127 1538 4198 ἰδίᾳ,
1570 4129 1752 4194 καθὼς

171 4205 448 4276 βούλεται,
477 4207 774 4280 διεπλάσθη
811 4212 968 4283 σάρξ,
1002 4215 1152 4285 παρά
1179 4215 1278 4287 τὴν
1312 4219 1610 4275 ὑπόστασιν
1649 4223 1750 4296 τὴν

164 4308 537 4374 ἐξιδιάζουσαν
573 4312 667 4366 τοῦ
713 4314 843 4368 Υίοῦ
870 4315 964 4368 τοῦ
1012 4315 1168 4383 Θεοῦ,
1221 4318 1294 4389 μὴ
1327 4319 1565 4388 γένοιτοί
1598 4325 1756 4379 τοῦτο

161 4401 280 4472 γάρ
312 4403 373 4454 τὸ
402 4403 544 4458 οὕτω
579 4410 795 4478 φρονεῖν
836 4408 1052 4461 Παύλου
1093 4409 1187 4463 τοῦ
1219 4412 1577 4482 Σαμοσατέως
1610 4417 1748 4481 ἐστὶ,

160 4493 264 4547 καὶ
291 4493 398 4546 τῶν
423 4495 623 4548 λοιπῶν
659 4499 949 4568 αίρετικῶν
967 4517 981 4531 ⁸
1022 4501 1136 4554 ἀλλ’
1164 4501 1306 4556 οὓτω
1336 4503 1566 4576 λέγομεν
1601 4508 1743 4562 κατὰ

157 4584 264 4656 τὴν
293 4584 406 4639 τῶν
458 4587 753 4658 ὀρθοδόξων
801 4589 1085 4661 δογμάτων
1113 4591 1412 4664 ὀρθότητα,
1457 4598 1539 4650 ὅτι
1580 4598 1742 4652 δυνά-

161 4694 314 4748 μεως
365 4677 458 4730 καὶ
507 4679 824 4750 Πνεύματος
879 4681 1121 4754 ἐπλήσθη
1180 4686 1214 4755 ἡ
1260 4685 1550 4757 Παρθένος.
1598 4691 1741 4761 Πρὸς

151 4770 434 4840 ἁγιασμόν
475 4771 656 4840 μέντοι
705 4774 801 4844 τῆς
852 4775 1053 4846 σαρκὸς
1105 4777 1314 4847 αὐτῆς,
1349 4781 1443 4834 καὶ
1492 4781 1630 4853 πρὸς
1678 4784 1740 4837 τὸ

149 4862 418 4916 δύνασθαι
443 4863 626 4934 φέρειν
652 4864 712 4917 τὸ
733 4867 995 4938 σωτήριον
1013 4866 1220 4940 κύημα,
1246 4871 1416 4936 οὕτως
1434 4873 1742 4940 ἀκολούθως

149 4955 296 5025 αὑτῇ
329 4958 361 5022 ἡ
397 4956 514 5008 θεία
544 4957 638 5010 τοῦ
668 4959 844 5026 Λόγου
884 4960 1202 5027 ὑπόστασις,
1249 4964 1636 5038 ἐνσκηνώσασα
1675 4971 1732 5022 ἐν

149 5049 318 5119 αὐτῇ,
344 5049 631 5123 ἐσαρκώθη
662 5054 756 5106 καὶ
788 5053 1210 5127 ἐνηνθρώπησεν
1231 5075 1243 5088 ·
1283 5059 1343 5112 οὐ
1374 5058 1600 5131 δυνάμει
1638 5063 1732 5116 καὶ

149 5139 426 5211 ἐνεργείᾳ,
457 5142 570 5194 ἀλλ’
606 5144 920 5212 ὑποστάσει,
954 5147 1075 5200 καθ’
1098 5149 1220 5203 ὅλον
1241 5150 1302 5203 τὸ
1332 5151 1606 5224 πλήρωμα
1632 5138 1732 5225 τῆς

151 5249 426 5320 θεότητος,
459 5253 598 5324 αὐτὴ
631 5256 663 5326 ὴ
694 5255 945 5328 ἀρχίθεος
984 5258 1077 5310 καὶ
1103 5258 1435 5331 ὑπεράρχιος
1474 5260 1564 5314 τοῦ
1602 5262 1731 5316 Υίοῦ

148 5343 246 5396 τοῦ
301 5344 436 5397 Θεοῦ
485 5345 779 5413 ὑπόστασις
832 5349 1118 5424 ἐσαρκώθη
1168 5354 1262 5406 κα)⁸
1315 5354 1724 5427 ἐνηνθρώπησε.

149 5433 562 5509 Προαπεδείχθη
595 5438 721 5510 γὰρ,
749 5441 832 5493 ὅτι
864 5442 961 5512 οὑχ
986 5442 1300 5509 ὑπόστασις,
1325 5445 1437 5498 ἀλλ’
1469 5447 1656 5520 ὥσπερ
1691 5451 1723 5520 ή

147 5531 308 5585 οὐσία
327 5535 472 5606 καὶὴ
502 5535 736 5602 ἐξουσία,
756 5540 848 5591 καὶ
869 5538 1136 5609 βασιλεία,
1162 5543 1254 5595 καλ¹
1277 5544 1345 5598 τὰ
1369 5543 1501 5598 ἄλλα
1524 5546 1721 5612 πάντα,

144 5620 186 5675 ει
223 5623 364 5676 κατά
405 5623 682 5694 θεολογίαν
718 5629 1101 5700 προτέθειται,
1136 5632 1232 5703 οὐχ
1261 5633 1556 5700 ὑπόστασις
1593 5637 1722 5692 ἐκα-

185 5714 232 5745 δί
278 5713 413 5772 Luc.
449 5731 580 5770 xxrv
605 5757 620 5779 ,
656 5718 744 5774 49.

222 5805 382 5876 (43")
421 5807 598 5879 Vulg.,
623 5808 883 5881 δηλονότι.
920 5811 1076 5870 Eon.

1881 1713 1958 1766 illi
1984 1712 2248 1766 haberent
2264 1722 2453 1767 contra
2471 1729 2686 1769 omnem
2721 1715 3092 1772 adversariam
3111 1728 3460 1789 potestatem,

1878 1804 2086 1874 fuitque
2111 1805 2376 1860 adventus
2399 1804 2636 1876 Spiritus
2661 1810 2958 1865 secundum
2981 1813 3162 1866 omnia
3185 1828 3306 1882 quae
3331 1814 3462 1869 sub-

1876 1882 2338 1952 stantialiterineo
2349 1907 2743 1970 sunt,0perans
2761 1901 2816 1955 in
2828 1903 3082 1960 omnibus
3093 1906 3263 1976 signis
3276 1917 3462 1979 etpro-

1875 1986 2037 2057 digiis
2063 1994 2116 2043 et
2139 1989 2432 2045 virtutibus
2453 1990 2518 2045 ad
2553 1994 2983 2050 conﬁrmandam
3015 2006 3072 2052 et
3109 2001 3456 2056 asserendam

1874 2077 2078 2133 Christi
2101 2080 2518 2150 promissionem
2541 2099 2554 2148 ;
2580 2082 2655 2136 ita
2674 2091 2728 2138 et
2751 2081 2808 2138 in
2829 2084 3048 2156 Virgine
3069 2087 3171 2142 fuit
3193 2089 3458 2148 adventus

1875 2168 2114 2239 Spiritus
2127 2172 2323 2236 sancti,
2339 2187 2462 2226 cum
2477 2175 2732 2230 omnibus
2749 2193 2869 2246 qua:
2884 2178 3377 2238 substantialiterin
3391 2199 3459 2240 eo

1875 2269 2003 2316 sunt
2024 2262 2235 2317 ratione
2255 2264 2425 2319 divini
2445 2266 2808 2336 principatus,
2831 2271 3064 2339 gratiam
3083 2273 3160 2327 illi
3183 2275 3454 2340 tribuens.

1872 2353 2019 2408 utin
2063 2356 2320 2411 omnibus
2372 2357 2464 2413 illa
2499 2359 2784 2430 gauderet.
2829 2361 3110 2432 Siquidem
3163 2379 3231 2422 eo
3277 2369 3454 2438 gratia

1874 2449 2033 2519 plena
2058 2458 2252 2505 vocata
2277 2458 2362 2506 est
2393 2455 2538 2522 quod
2568 2455 2823 2510 omnibus
2852 2473 2949 2526 per
2971 2453 3236 2528 Spiritum
3261 2463 3454 2532 gratiis

1876 2542 2083 2610 repleta
2119 2552 2286 2604 esset,
2314 2555 2367 2599 et
2399 2547 2544 2615 quod
2577 2548 2751 2603 virtus
2785 2546 3056 2604 Altissimi
3095 2550 3455 2610 obumbraret

1871 2632 2013 2703 ipsi;
2038 2634 2292 2704 quodque
2312 2637 2365 2690 id
2393 2637 2617 2694 haberet
2638 2646 2754 2695 toto
2775 2638 3156 2712 conceptionis
3181 2651 3450 2725 tempore,

1864 2721 1996 2788 imo,
2021 2731 2080 2778 ut
2101 2725 2288 2788 credo,
2307 2725 2473 2781 etiam
2491 2736 2614 2798 post
2636 2734 3068 2801 conceptionem.
3095 2733 3281 2804 Neque
3302 2721 3452 2792 enim

1871 2811 2108 2868 arbitror
2134 2813 2202 2868 ad
2236 2825 2453 2886 tempus
2499 2816 2555 2872 in
2585 2817 2809 2889 Virgine
2861 2820 3066 2877 factum
3118 2823 3254 2879 illud
3301 2841 3448 2888 esse.

1862 2903 1957 2957 sed
1989 2905 2135 2958 omni
2165 2913 2426 2976 tempore,
2458 2915 2514 2964 et
2554 2917 2692 2978 tum,
2729 2919 2783 2967 et
2807 2911 2944 2982 jam,
2971 2915 3096 2968 etin
3129 2925 3450 2985 perpetuum

1786 2983 1826 3041 C
1861 2990 2026 3046 habet
2061 2991 2220 3063 Virgo
2252 2995 2671 3054 obumbrantem
2711 3001 2815 3056 sibi
2854 3002 3114 3060 virtutem
3145 2983 3439 3072 Alt—issimi,

1861 3088 1915 3135 et
1966 3080 2230 3152 Spiritum
2273 3085 2328 3139 in
2387 3101 2447 3142 se
2505 3092 3015 3161 supervenientem;
3071 3096 3334 3152 nimirum
3390 3105 3450 3153 ut

1859 3172 2034 3241 gratia
2095 3175 2252 3244 plena
2306 3187 2546 3234 maneat.
2610 3179 2725 3236 Hoc
2764 3184 2910 3238 enim
2969 3195 3131 3254 pacto
3173 3202 3237 3242 ea
3277 3188 3346 3242 de
3389 3203 3448 3243 re

1860 3262 2169 3331 cogitamus
2203 3284 2215 3320 :
2249 3265 2419 3322 Erant
2443 3270 2491 3324 ei
2535 3273 2718 3327 omnia
2757 3276 2933 3344 gratia
2966 3277 3124 3346 plena
3182 3294 3279 3348 per
3325 3277 3447 3351 Spi-

1860 3355 2028 3410 ritum
2101 3368 2378 3427 sanctum,
2426 3371 2480 3418 et
2527 3380 2625 3433 per
2683 3367 2944 3424 virtutem
2999 3370 3292 3428 Altissimi.
3342 3373 3446 3429 Ne-

1860 3462 1992 3516 que,
2047 3457 2106 3503 ut
2167 3453 2322 3507 aiunt
2377 3454 2642 3521 haeretici,
2677 3459 2859 3530 aliqua
2903 3462 3200 3534 ἐνέργειαθ
3237 3464 3444 3536 Spiritu

1863 3549 2056 3595 sancto
2083 3539 2227 3596 facta
2257 3553 2342 3599 est
2369 3545 2423 3599 in
2456 3546 2702 3618 Virgine,
2737 3559 2797 3604 ut
2851 3556 3220 3623 compleretur
3261 3557 3443 3612 incar-

1857 3633 2028 3688 natio.
2051 3631 2168 3688 Etsi
2194 3635 2339 3689 enim
2365 3637 2572 3708 absque
2591 3641 2820 3706 semine,
2846 3658 2956 3697 non
2977 3646 3212 3704 dicimus
3238 3657 3440 3713 tamen,

1857 3737 1954 3793 per
1977 3725 2301 3781 divisionem
2319 3730 2613 3798 gratiarum
2647 3731 2884 3802 Spiritus
2901 3736 3194 3793 dividentis
3211 3742 3440 3810 singulis

1857 3823 2020 3880 prout
2041 3815 2175 3878 vult,
2202 3814 2537 3873 eﬂormatam
2565 3819 2734 3877 fuisse
2753 3838 2973 3880 carnem
2997 3828 3143 3883 circa
3161 3832 3436 3900 propriam

1857 3900 1977 3958 Filii
1999 3903 2095 3960 Dei
2122 3907 2462 3978 hypostasin,
2483 3911 2656 3967 absit!
2683 3913 2964 3984 Ejusmodi
2985 3920 3127 3974 enim
3146 3925 3434 3987 sententia,

1855 3991 2008 4048 Pauli
2043 3993 2380 4054 Samosateni
2417 4008 2471 4056 et
2517 4003 2848 4074 reliquorum
2888 4007 3265 4064 hzereticorum
3318 4021 3431 4081 est;

1854 4085 1950 4140 sed
1998 4087 2074 4142 ita
2117 4089 2352 4147 dicimus
2399 4095 2704 4150 secundum
2744 4099 3171 4156 orthodoxorum
3221 4103 3436 4174 dogma-

1856 4187 1973 4234 tum
1997 4182 2286 4250 puritatem
2307 4204 2318 4239 :
2338 4185 2492 4251 Quod
2510 4189 2709 4245 virtute
2725 4198 2778 4246 et
2797 4191 3001 4262 Spiritu
3023 4205 3213 4250 sancto
3231 4199 3432 4267 repleta

1865 4271 1936 4326 sit
1953 4269 2138 4344 Virgo,
2159 4290 2281 4330 cum
2301 4277 2366 4330 ad
2391 4280 2875 4339 sanctiﬁcationem
2895 4288 3078 4343 carnis
3096 4304 3226 4353 suae,
3247 4301 3356 4345 tum
3373 4301 3432 4349 ut

1859 4371 2043 4432 posset
2060 4373 2274 4434 gestare
2295 4369 2590 4427 salutarem
2611 4373 2802 4430 fetum.
2826 4375 2940 4433 Hoc
2959 4387 3118 4446 pacto
3135 4377 3297 4453 igitur
3313 4385 3430 4455 ipsa

1851 4452 2034 4508 divina
2058 4455 2219 4511 Verbi
2244 4459 2575 4530 hyposlasis,
2595 4463 2875 4537 inVirgiue
2899 4452 3231 4542 inhabitans,
3255 4452 3429 4532 incar-

1847 4551 1974 4597 nata
1989 4553 2138 4601 estet
2153 4547 2540 4606 humanitatem
2556 4559 2884 4626 assumpsit:
2906 4575 3014 4616 non
3025 4564 3291 4620 virtuteet
3306 4582 3429 4637 ope-

1850 4637 2085 4702 ratione,
2101 4640 2194 4694 sed
2214 4641 2515 4712 hypostasi,
2531 4650 2833 4704 secundum
2848 4658 3015 4706 totam
3034 4655 3425 4722 plenitudinem

1851 4725 2310 4804 Divinitatis,ipsa
2327 4752 2447 4806 quae
2460 4738 2528 4794 ab
2545 4739 2705 4796 initio
2721 4750 2773 4796 et
2793 4743 2931 4797 ultra
2951 4745 3164 4802 initium
3183 4748 3326 4804 Deus
3341 4760 3426 4806 est

1848 4820 1971 4875 Filii
1990 4823 2085 4878 Dei
2104 4825 2435 4896 hypostasis,
2456 4829 2738 4886 incarnata
2761 4842 2844 4889 est
2863 4843 2916 4891 et
2931 4835 3324 4894 humanitatem
3343 4856 3424 4897 as-

1850 4915 2103 4983 sumpsit.
2140 4914 2401 4986 Superius
2438 4922 2579 4975 enim
2613 4925 2898 4993 probatum
2931 4927 3050 4989 fuit,
3094 4929 3237 4998 quod
3277 4931 3421 4984 sicut

1835 5005 2488 5078 substantia,potentia,et
2505 5028 2729 5083 regnum
2743 5024 2795 5069 et
2807 5017 2910 5070 alia
2926 5019 3419 5090 omnia,qumjuxta

1837 5093 2164 5167 theologiam
2190 5099 2276 5155 his
2310 5101 2606 5172 adduntur,
2630 5107 2844 5177 singula
2875 5108 3009 5172 haec,
3035 5111 3278 5179 inquam,
3300 5128 3412 5168 non

1834 5184 2151 5256 hypostasis
2181 5191 2462 5261 dicuntur,
2481 5197 2576 5252 sed
2594 5199 2738 5253 circa
2764 5199 3084 5271 bypostasin
3105 5205 3410 5260 secundum

1836 5280 2198 5336 substantiam
2214 5286 2497 5355 speciatim
2515 5289 2967 5361 interpretantur;
2987 5295 3068 5350 sic
3089 5297 3335 5366 operatio
3357 5309 3412 5354 et

1833 5370 2013 5427 virtus
2032 5375 2180 5428 circa
2200 5375 2523 5448 hypostasin
2547 5381 2982 5439 substantialiter
3002 5384 3336 5454 referuntur,
3354 5401 3409 5446 ct

1833 5463 1889 5517 in
1928 5479 2219 5524 commune
2259 5469 2479 5540 quidem
2521 5471 2590 5527 ad
2620 5489 3064 5549 unamquamque
3095 5491 3406 5538 sanctarum

1829 5554 1996 5608 trium
2018 5556 2322 5614 divinarum
2341 5561 2740 5632 hypostasittm,
2765 5568 2980 5637 pr0prie
3005 5569 3134 5627 item
3157 5569 3224 5627 ad
3240 5587 3404 5628 unam

1830 5642 1953 5701 Filii
1975 5645 2092 5718 Dei,
2113 5649 2454 5709 incarnatam
2475 5662 2530 5712 et
2554 5655 2831 5716 hominem
2854 5659 3075 5720 factam.
