3868 6206
437 292 534 348 931

1601 284 1658 341 S.
1697 283 2157 340 ATHANASIUS.
2197 315 2268 325 —
2307 284 2577 341 SPURIA.

3568 288 3663 339 952

437 425 558 464 στον
589 407 837 478 λέγεται,
879 406 1012 462 ἀλλὰ
1045 407 1173 479 περὶ
1216 406 1312 477 τὴν
1352 405 1650 460 ὑπόστασιν
1682 405 1802 458 κατ’
1840 404 2029 458 οὐσίαν
2069 404 2175 475 ἰδίᾳ
2227 404 2726 474 διερμηνευόμενα·
2773 400 2947 464 οὑτως
3015 401 3110 454 καὶ
3150 401 3184 471 ἠ
3229 400 3486 471 ἐνέργεια
3527 401 3600 455 καὶ
3629 402 3661 464 ή

429 502 656 572 δύναμις
699 500 827 570 περὶ
851 499 950 571 τὴν
997 499 1293 552 ὑπόστασιν
1325 498 1596 560 οὑσιωδῶς
1635 497 1996 568 ἀναφέρεται·
2035 497 2129 548 καὶ
2172 493 2366 557 κοινῶς
2403 496 2501 564 μέν
2527 497 2609 562 ἐφ’
2635 493 2870 564 ἑκάστης
2897 493 3004 544 τῶν
3043 491 3213 559 ἁγίων
3285 490 3452 562 τριῶν
3517 492 3661 560 θεαρ-

429 594 598 666 χικῶν
617 594 995 659 ὑποστάσεων,
1027 594 1177 657 ἰδίως
1206 593 1263 647 δέ
1287 594 1380 646 καὶ
1413 595 1497 646 ἐπ’
1529 593 1696 664 αὐτὴν
1736 593 1834 664 τὴν
1873 593 2001 664 μίαν
2037 591 2129 644 τοῦ
2161 590 2290 643 Υἱοῦ
2319 590 2412 642 τοῦ
2450 588 2585 642 Θεοῦ
2629 589 3004 660 σαρκωθεῖσαν
3030 588 3123 639 καὶ
3152 585 3655 657 ἐνανθρωπήσασαν.

499 690 587 746 10.
621 689 945 760 Supervenit
979 691 1144 760 igitur
1176 687 1412 759 Spiritus
1456 698 1680 744 sanctus
1726 689 1783 742 in
1811 687 1987 759 Virgi-

2170 686 2258 740 10.
2301 684 2534 755 Ἐπῆλθε
2572 685 2752 736 τοίνυν
2789 683 2850 735 τὸ
2875 681 3100 753 Πνεῦμα
3144 680 3207 734 τὸ
3248 681 3402 748 ἅγιον
3438 682 3526 733 ἐπὶ
3567 681 3661 752 τὴν

428 797 553 836 nem
581 790 634 836 et
663 781 1028 837 sanctiﬁcavit
1065 782 1236 846 illam,
1271 789 1330 835 ut
1366 782 1421 835 in
1476 779 1708 836 Psalmis
1763 782 1838 836 ait
1869 780 1995 848 Spi-

426 875 612 928 ritus:
650 891 668 923 ι
705 873 1080 927 Sanctiﬁcavit
1133 873 1546 927 tabernaculum
1583 889 1744 927 suum
1779 874 1999 929 Altissi-

425 981 548 1021 mus
577 965 644 1031 ι’,
671 985 690 1018 ι
712 973 767 1020 ει
789 966 1135 1020 obumbravit
1153 965 1327 1022 virtus
1353 967 1613 1021 Altissimi
1631 966 1997 1022 corroborans

422 1073 565 1123 eam,
596 1066 651 1112 et
696 1059 892 1112 divinae
935 1059 1140 1113 umbrae
1194 1060 1565 1115 ostensionem
1610 1059 1894 1125 inducens,
1940 1068 1999 1114 ut

422 1146 552 1201 hinc
586 1148 836 1202 instituta
866 1149 1052 1204 videre
1079 1157 1280 1219 posset,
1306 1156 1568 1220 quantum
1607 1150 1814 1205 scilicet
1841 1157 1995 1219 pote-

420 1247 506 1292 rat
533 1239 734 1303 videre,
768 1238 935 1293 Deum
965 1239 1149 1295 forma:
1170 1251 1443 1310 expertem
1476 1241 1531 1295 in
1560 1243 1675 1310 ipsa
1699 1249 1992 1312 gestatum.

419 1328 605 1399 Neque
631 1331 778 1384 enim
806 1331 1196 1400 suspicandum
1227 1338 1312 1387 est
1375 1331 1650 1402 Virginem
1691 1333 1993 1388 secundum

420 1422 728 1491 simplicem
771 1429 983 1476 natura:
1025 1424 1411 1493 proprietatem
1448 1423 1617 1480 Deum
1660 1424 1715 1477 in
1749 1440 1806 1479 se
1841 1424 1995 1478 habi-

419 1521 621 1568 tantem
651 1513 835 1569 videre
869 1512 1113 1582 potuisse
1169 1517 1187 1584 (
1213 1529 1335 1568 cum
1359 1531 1428 1570 ne
1458 1517 1575 1584 ipsa
1617 1516 1846 1585 quidem
1875 1516 1994 1570 ani-

416 1607 598 1670 malis,
631 1606 911 1661 rationalis
944 1614 997 1660 et
1034 1606 1336 1676 spiritualis
1376 1609 1682 1662 incarnatio
1717 1609 1771 1663 id
1807 1609 1992 1664 videre

418 1698 676 1767 potuerit)
703 1714 718 1763 ;
744 1698 839 1753 sed
872 1713 969 1767 pro
998 1698 1230 1763 viribus,
1271 1706 1456 1767 utpote
1483 1698 1844 1754 obumbrante
1874 1700 1990 1769 ipsa

417 1791 682 1846 Altissimi
715 1792 936 1856 virtute,
969 1799 1021 1844 et
1047 1792 1204 1861 quasi
1253 1792 1500 1846 umbram
1540 1791 1791 1856 faciente,
1819 1800 1880 1846 ut
1910 1797 1991 1848 vi-

417 1883 588 1947 deret,
624 1893 894 1953 quatenus
943 1890 1173 1952 poterat,
1231 1883 1622 1957 inhabitantem
1679 1883 1868 1938 Deum.
1923 1883 1990 1936 Et

419 1974 876 2043 quemadmodum
915 1990 1016 2030 nos
1050 1975 1312 2029 habentes
1338 1976 1574 2029 animam
1609 1977 1664 2030 in
1697 1991 1861 2031 carne
1890 1991 1988 2032 no—

417 2075 536 2122 stra
569 2067 981 2131 inhabitantem,
1017 2083 1135 2122 eam
1159 2076 1217 2121 ut
1249 2069 1304 2122 in
1347 2084 1406 2124 se
1442 2077 1526 2124 est
1558 2085 1669 2123 non
1699 2085 1987 2140 possumus

2093 2041 2122 2110 ἡ
2133 2039 2246 2109 μῶν
2273 2039 2504 2110 ἔχοντες,
2536 2041 2634 2110 οὐχ
2661 2040 2735 2104 ὡς

415 2159 623 2222 videre,
653 2159 745 2214 sed
773 2161 923 2229 quasi
950 2161 1174 2213 umbras
1200 2159 1461 2230 quasdam
1494 2169 1547 2216 et
1579 2161 1785 2218 formas
1813 2176 1844 2214 a
1867 2162 1994 2216 viri-

415 2249 519 2304 bus
542 2257 596 2302 et
618 2249 1027 2318 operationibus
1058 2250 1177 2319 ejus
1202 2266 1216 2314 ;
1237 2250 1343 2304 tale
1372 2251 1630 2319 quiddam
1658 2259 1774 2306 tum
1801 2251 1988 2324 Virgo,

415 2349 531 2395 tum
569 2343 684 2411 ipsa
724 2342 1008 2397 rationalis
1044 2350 1098 2395 et
1129 2343 1437 2412 intelligens
1471 2344 1651 2396 anima
1678 2346 1862 2399 videre
1896 2361 1993 2414 po—

414 2432 539 2495 tuit,
561 2432 780 2502 jamque
803 2439 978 2501 potest
1008 2447 1104 2501 per
1133 2432 1365 2488 traditas
1391 2433 1493 2487 sibi
1525 2433 1810 2491 facultates
1830 2437 1993 2509 340

412 2531 578 2592 atque
612 2524 776 2577 vires.
809 2523 1320 2592 Atquesecundum
1345 2525 1486 2579 hanc
1513 2527 1775 2582 rationem
1809 2532 1990 2598 potius

410 2629 501 2670 res
538 2615 920 2684 pertractanda
947 2622 1051 2679 est,
1083 2615 1230 2685 quod
1264 2615 1458 2670 fecerit
1504 2616 1769 2676 Dominus
1816 2622 1991 2677 homi.

410 2719 556 2768 nem,
589 2712 642 2759 et
689 2704 758 2758 ad
802 2705 1093 2775 imaginem
1133 2706 1227 2760 Dei
1271 2705 1460 2762 fecerit
1499 2708 1702 2777 ipsum.
1730 2709 1866 2765 Nam
1916 2713 1985 2768 ad

409 2794 700 2865 imaginem
734 2802 789 2850 et
832 2797 1244 2851 similitudinem
1293 2797 1606 2867 hujusmodi
1653 2801 1987 2859 incarnatio-

408 2888 498 2941 nis
528 2893 582 2940 et
605 2895 900 2957 assumptae
922 2889 1279 2944 humanitatis
1315 2888 1444 2944 fecit
1477 2890 1618 2946 Deus
1668 2893 1983 2964 hominem;

409 2988 472 3032 ut
503 2979 557 3032 in
586 2995 644 3034 se
674 2990 896 3050 gestans
929 2981 1076 3034 illam
1123 2982 1418 3052 imaginem
1468 2993 1521 3038 et
1549 2985 1981 3051 similitudinem,

410 3085 480 3124 ne
515 3071 788 3124 dubitaret
816 3073 883 3126 tle
920 3073 1189 3140 ejusmodi
1218 3074 1594 3130 incarnatione
1622 3085 1675 3131 et
1703 3088 1984 3148 assumpta

412 3161 750 3218 humanitate
774 3181 788 3229 ;
816 3162 1269 3229 lncarnationcm,
1296 3166 1538 3236 inquam,
1569 3175 1622 3222 et
1650 3179 1983 3239 assumptam

411 3253 831 3318 humanitatem,
865 3270 990 3308 nam
1019 3271 1137 3309 eam
1170 3271 1278 3311 una
1329 3258 1531 3327 duplici
1584 3275 1715 3314 voce
1754 3263 1987 3331 appella-

409 3360 556 3409 mus,
607 3361 709 3400 nec
773 3347 950 3402 solum
998 3347 1429 3403 incarnationem
1475 3350 1852 3419 praedicamus,
1889 3352 1984 3407 sed

409 3440 570 3494 etiam
595 3449 932 3510 assumptam
968 3439 1393 3508 humanitatem;
1417 3457 1485 3496 ne
1509 3443 1685 3512 impiis
1713 3444 1983 3500 haereticis
2011 3425 2053 3482 δ

408 3530 663 3584 videatur
691 3546 792 3586 nos
818 3538 997 3586 mente
1027 3539 1082 3586 et
1126 3533 1337 3588 ratione
1368 3543 1642 3589 carentem
1691 3537 1984 3605 praedicare

415 3622 881 3685 incarnationem;
916 3622 1012 3677 sed
1048 3622 1280 3677 dicendo
1327 3623 1759 3680 incarnationem
1803 3635 1856 3681 et
1894 3643 1984 3682 as-

425 3722 696 3783 sumptam
732 3713 1149 3780 humanitatem,
1181 3732 1282 3770 nos
1313 3723 1367 3770 et
1395 3731 1615 3772 carnem
1658 3719 1897 3784 credere,
1929 3729 1985 3775 et

413 3806 650 3859 animam
708 3804 1036 3860 rationalem
1087 3814 1142 3861 et
1193 3808 1588 3877 intelligentem
1651 3810 1978 3881 significare.

412 3900 651 3970 Ideoque
679 3915 774 3956 eos
805 3901 898 3971 qui
949 3902 1138 3956 dicunt
1171 3919 1335 3957 unam
1393 3903 1489 3960 Dei
1514 3904 1676 3960 Verbi
1726 3915 1980 3962 naturam

409 3993 769 4057 incarnatam,
799 4009 974 4063 neque
1007 3995 1212 4050 addunt
1236 3997 1551 4062 animatam,
1585 3999 1901 4055 rationalem
1929 4010 1984 4055 et

409 4083 818 4154 intelligentem,
858 4101 966 4138 non
995 4085 1286 4140 admodum
1326 4088 1640 4156 recipimus,
1672 4090 1780 4145 nisi
1819 4106 1985 4160 expo-

408 4184 564 4239 nant,
583 4185 636 4231 et
659 4177 1005 4246 dogmatibus
1025 4176 1284 4245 adjiciant
1304 4177 1433 4232 dicti
1463 4180 1979 4250 interpretationem.

411 4266 546 4321 Illud
577 4269 744 4332 enim,
783 4269 936 4337 prius
971 4269 1297 4339 simpliciter
1326 4271 1535 4325 dictum
1567 4288 1598 4326 a
1630 4273 1980 4342 quibusdam,

410 4356 754 4425 postmodum
798 4358 852 4410 in
902 4373 1124 4428 pravam
1171 4363 1496 4416 sententiam
1543 4364 1834 4419 deductum
1876 4373 1980 4434 est,

411 4446 680 4503 haereticis
708 4463 894 4503 vocem
927 4449 1072 4503 illam
1103 4451 1541 4520 depravantibus.

482 4560 570 4615 11.
627 4553 977 4616 Sanctiﬁcata
1036 4563 1203 4632 igitur
1237 4564 1473 4634 Spiritus
1524 4570 1699 4624 sancti
1748 4571 1983 4628 adventu

411 4651 597 4723 Virgo,
650 4663 702 4706 et
747 4653 1104 4708 corroborata
1166 4656 1366 4712 virtute
1420 4659 1708 4726 Altissimi,
1760 4665 1983 4732 gravida

2099 775 2411 846 Παρθένον,
2448 773 2540 827 καὶ
2579 773 2807 844 ἡγίασεν
2850 771 3020 841 αὐτὴν
3043 810 3058 834 ,
3101 771 3176 833 ὡς
3209 770 3302 823 καὶ
3343 771 3400 822 ἐν
3431 769 3661 838 Ψαλμοῖς

2098 884 2231 938 φησι
2279 867 2340 919 τὸ
2390 864 2616 935 Πνεῦμα
2643 882 2656 895 ·
2713 883 2731 915 t
2787 864 3083 932 Ἦγιάσατο
3128 863 3392 933 σκήνωμα
3439 861 3588 915 αὑτοῦ
3631 864 3660 914 ό

2100 958 2384 1028 ⁸⁷Υψιστος,
2412 976 2430 1009 ι
2458 957 2552 1010 καὶ
2579 956 2904 1010 ἐπεσκίασεν
2936 957 2970 1026 ὴ
2998 955 3225 1026 δύναμις
3259 954 3352 1008 τοῦ
3395 955 3657 1024 Ὑψίστου,

2093 1043 2460 1115 δυναμὼσασα
2493 1044 2695 1114 αὐτὴν,
2731 1045 2826 1097 καὶ
2867 1045 3025 1106 σκιᾶς
3066 1043 3216 1105 θείας
3248 1045 3541 1113 ἐμφανείας
3565 1048 3659 1116 ἐμ-

2098 1137 2392 1207 ποιήσασα,
2437 1136 2524 1188 ἵνα
2557 1135 2708 1189 ἐνθεν
2741 1136 3051 1206 τυπουμένη
3090 1134 3217 1188 ἰδεῖν
3268 1135 3517 1204 δύνηται,
3549 1135 3659 1188 καθ’

2100 1226 2222 1278 ὅσον
2261 1226 2482 1278 δύναται
2523 1225 2668 1290 ἰδεῖν,
2694 1225 2785 1277 τὸν
2819 1225 2876 1277 ἐν
2914 1226 3048 1295 αὐτῇ
3077 1224 3504 1295 κυοφορούμενον
3531 1225 3662 1279 ἀνεί-

2095 1314 2214 1368 δεον
2237 1315 2388 1369 Θεόν.
2412 1314 2564 1386 Μηδὲ
2593 1315 2701 1386 γὰρ
2733 1313 3092 1383 ὑποληπτέον,
3119 1315 3200 1366 ὅτι
3225 1313 3346 1366 καθ’
3375 1315 3548 1383 ἁπλῆν
3569 1316 3662 1384 τῆς

2095 1407 2311 1477 φύσεως
2361 1408 2597 1478 ἰδιότητα
2645 1407 2775 1462 ἰδεῖν
2805 1406 3036 1477 ἠδύνατο
3071 1406 3160 1460 τὸν
3206 1409 3262 1458 ἐν
3300 1408 3437 1477 αὐτῇ
3482 1407 3663 1476 Evr/.1;-

2093 1499 2340 1554 νὼσαντα
2374 1500 2503 1552 Θεὸν
2547 1499 2881 1571 ὴΠαρθένος
2933 1498 3122 1569 (τοῦτο
3165 1498 3272 1568 γὰρ
3310 1498 3431 1550 οὔτε
3472 1499 3660 1577 αὐτὴὲἡ

2093 1585 2355 1658 ἔμψυχος,
2404 1587 2594 1658 λογική
2625 1604 2685 1639 τε
2733 1589 2826 1640 καὶ
2858 1588 3018 1658 νοερά
3053 1587 3325 1660 σάρκωσις
3370 1588 3496 1641 ἰδεῖν
3539 1588 3659 1657 ἠδύ-

2091 1678 2293 1749 νατο)·
2352 1678 2486 1731 ἀλλὰ
2525 1678 2666 1732 κατὰ
2711 1678 2770 1731 τὸ
2826 1678 3087 1745 δυνατὸν,
3129 1679 3205 1743 ὡς
3251 1679 3662 1750 ἐπισκιαζούσης

2091 1769 2259 1840 αὐτῆς
2287 1769 2388 1839 τῆς
2429 1769 2522 1822 τοῦ
2567 1770 2822 1839 Ὑψίστου
2868 1771 3181 1841 δυνάμεως,
3231 1772 3324 1823 καὶ
3370 1767 3478 1824 οἷον
3513 1773 3662 1832 σκιὰς

2091 1859 2428 1931 ἐμποιούσης
2461 1859 2596 1930 πρὸς
2616 1859 2676 1912 τὸ
2711 1856 2837 1912 ἰδεῖν
2865 1861 2955 1915 τὸν
2980 1859 3346 1930 ἐνσκηνοῦντα
3369 1861 3520 1914 Θεόν.
3555 1861 3665 1913 Καὶ

2091 1946 2462 2019 ὥσπερήμεῖς
2497 1949 2648 2001 αὐτοὶ
2695 1949 2874 2020 ψυχὴν
2912 1950 3275 2020 ἐνσκηνοῦσαν
3309 1952 3366 2002 ἐν
3404 1953 3469 2021 τῇ
3501 1951 3663 2022 σαρκὶ

2781 2040 2931 2092 ἐστιν
2961 2043 2993 2110 ἡ
3024 2041 3167 2111 ψυχὴ
3215 2041 3338 2093 ἰδεῖν
3367 2041 3532 2112 αὐτὴν
3571 2041 3663 2093 δυ-

2097 2130 2326 2200 νάμεθα,
2356 2130 2468 2184 ἀλλ’
2509 2127 2619 2184 οἷον
2653 2131 2809 2195 σκιὰς
2844 2132 3014 2202 αὐτῆς
3056 2133 3149 2186 καὶ
3171 2116 3374 2196 τύπους
3419 2133 3524 2185 ἀπὸ
3556 2132 3663 2184 τῶν

2092 2221 2374 2291 δυνάμεων
2412 2223 2578 2293 αὐτῆς
2619 2225 2711 2276 καὶ
2769 2222 2878 2274 τῶν
2927 2225 3244 2296 ἐνεργειῶν·
3279 2224 3486 2277 τοιοῦτο
3523 2225 3556 2294 ἧ
3603 2241 3663 2276 τε

2092 2311 2385 2380 Παρθένος,
2420 2312 2515 2364 καὶ
2555 2313 2691 2383 αὐτὴ
2723 2315 2756 2384 ἡ
2789 2313 2980 2384 λογικὴ
3017 2315 3110 2367 καὶ
3149 2315 3310 2386 νοερὰ
3348 2314 3494 2386 ψυχὴ
3539 2315 3665 2367 ἰδεῖν

2092 2401 2342 2472 ἠδύνατο,
2366 2404 2459 2456 καλ⁴
2488 2402 2582 2457 νῦν
2602 2404 2657 2456 δὲ
2680 2405 2900 2457 δύναται
2934 2407 2999 2458 ἐκ
3019 2406 3124 2458 τῶν
3161 2407 3510 2477 ἐνδιδομένων
3526 2409 3661 2477 αὐτῇ

2091 2493 2368 2564 δυνάμεων
2415 2495 2508 2547 καὶ
2550 2496 2858 2564 ἐνεργειῶν.
2906 2497 3014 2550 Καὶ
3067 2499 3208 2551 κατά
3245 2499 3433 2551 τοῦτον
3468 2499 3663 2568 μᾶλλον

2091 2583 2344 2651 ἀναλογεῖ
2389 2583 2544 2651 λόγον
2566 2624 2580 2648 ,
2608 2585 2688 2636 ὅτι
2720 2585 2974 2654 ἐποίησεν
3006 2587 3034 2636 ὁ
3063 2585 3194 2648 Θεὸς
3228 2587 3319 2640 τὸν
3358 2585 3662 2655 ἄνθρωπον,

2091 2675 2184 2726 καὶ
2217 2676 2337 2727 κατ’
2369 2675 2554 2727 εἰκόνα
2601 2673 2736 2727 Θεοῦ
2787 2675 3038 2745 ἐποίησεν
3079 2676 3258 2728 αὐτόν.
3308 2677 3443 2730 Κατ’
3484 2675 3666 2727 εἰκόνα

2090 2764 2198 2833 γὰρ
2225 2765 2316 2816 καὶ
2342 2764 2600 2833 ὁμοίωσιν
2626 2765 2722 2833 τῆς
2752 2763 3005 2834 τοιαύτης
3041 2765 3364 2836 σαρκώσεωι,
3394 2767 3488 2818 καὶ
3515 2768 3665 2818 ἐναν-

2091 2854 2426 2926 θρωπήσεως
2467 2857 2718 2924 ἐποίησεν
2755 2859 2782 2909 ό
2819 2857 2949 2921 Θεὸς
2990 2858 3080 2912 τὸν
3124 2857 3438 2929 ἅνθρωπονο
3469 2858 3571 2921 ἵνα,
3607 2859 3667 2909 ἐν

2090 2944 2238 3014 αὑτῷ
2276 2945 2456 3016 φέρων
2478 2945 2537 2996 τὸ
2575 2947 2695 2998 κατ’
2736 2945 2918 2998 εἰκόνα
2950 2947 3043 3000 καὶ
3086 2948 3362 3016 ὁμοίωσιν,
3393 2946 3468 3016 μὴ
3497 2947 3668 3017 ἀμφί-

2089 3035 2241 3088 ϐολον
2280 3037 2378 3108 ἔχῃ
2413 3036 2480 3089 τὰ
2505 3037 2598 3089 ἐπὶ
2624 3037 2723 3106 τῆς
2751 3037 3005 3109 τοιαύτης
3034 3037 3360 3109 σαρκώσεως
3388 3040 3483 3092 καὶ
3513 3041 3669 3092 ἐναν-

2089 3125 2426 3198 θρωπήσεως
2453 3145 2465 3156 ·
2505 3129 2831 3196 σαρκώσεως
2875 3129 2984 3200 γὰρ
3029 3131 3123 3182 καὶ
3166 3130 3664 3202 ἐνανθρωπήσεως·

2087 3218 2179 3270 καί
2218 3235 2281 3286 γε
2325 3220 2418 3272 καὶ
2475 3219 2839 3290 συνεκφράσει
2881 3223 3252 3294 προσηγορίαν
3298 3223 3667 3294 κηρύττομεν,

2087 3311 2181 3362 καὶ
2225 3311 2285 3362 οὑ
2335 3311 2493 3380 μόνον
2535 3312 2807 3383 σάρκωσιν
2859 3315 3294 3384 καταγγέλλομεν
3321 3355 3335 3379 ,
3385 3314 3521 3366 ἀλλά
3573 3316 3672 3367 καὶ

2087 3401 2522 3474 ὲνανθρώπησινο
2574 3404 2660 3456 ἵνα
2707 3406 2780 3475 μὴ
2828 3405 2955 3477 δοκῇ
2998 3409 3111 3469 τοῖς
3150 3406 3330 3468 ἀθέοις
3371 3407 3672 3476 αίρετικοῖς

2087 3493 2294 3562 ἄψυχον
2337 3495 2430 3548 καὶ
2461 3495 2619 3548 ἄνουν
2650 3497 2744 3548 καὶ
2792 3497 2982 3565 ἄλογον
3017 3499 3292 3567 σάρκωσιν
3320 3497 3673 3566 δογματίζειν

2085 3585 2254 3654 ἡμᾶς,
2290 3584 2424 3637 ἀλλὰ
2462 3585 2551 3638 διὰ
2591 3585 2680 3639 τοῦ
2728 3587 2906 3655 λέγειν
2951 3587 3223 3659 σάρκωσιν
3266 3590 3359 3641 καὶ
3389 3587 3674 3658 ἐνανθρώ-

2087 3681 2271 3745 πησιν,
2315 3677 2413 3747 τήν
2452 3694 2509 3729 τε
2546 3678 2723 3748 σάρκα
2761 3679 3031 3732 πιστεύειν
3067 3681 3235 3749 ἡμᾶς,
3267 3681 3367 3749 τήν
3395 3695 3454 3731 τε
3484 3679 3676 3748 ψυχὴν

2084 3766 2307 3836 λογικήν
2338 3785 2397 3820 τε
2426 3768 2516 3820 καὶ
2543 3769 2734 3839 νοεράν
2761 3769 3233 3840 διασημαίνοντας.
3283 3771 3373 3823 Διὸ
3406 3771 3502 3824 καὶ
3539 3773 3680 3833 τοὺς

2084 3855 2340 3923 λέγοντας
2375 3856 2502 3926 μίαν
2539 3856 2699 3926 φύσιν
2721 3855 2815 3908 τοῦ
2849 3857 2981 3910 Θεοῦ
3013 3859 3186 3926 Λόγου
3214 3857 3682 3928 σεσαρκωμένην,

2085 3948 2179 4000 καὶ
2226 3949 2299 4018 μὴ
2342 3949 2697 4018 ἐπιφέροντας
2739 3949 3131 4020 ἐψυχωμένην,
3177 3950 3401 4019 λογικήν
3456 3965 3519 4001 τε
3577 3949 3688 4001 καὶ

2084 4040 2305 4111 νοερὰν,
2344 4041 2403 4092 οὐ
2450 4043 2589 4094 πάνυ
2635 4042 3044 4112 ἀποδεχόμεθα,
3095 4042 3231 4113 πλὴν
3279 4041 3689 4110 ἐπιλυομένους

2086 4132 2180 4185 καὶ
2218 4134 2274 4186 ὲν
2304 4131 2567 4201 δόγμασιν
2602 4134 2951 4197 ἀνατιθέντας
2980 4134 3082 4204 τὴν
3114 4134 3408 4205 ἑρμηνείαν
3436 4134 3540 4204 τῆς
3578 4135 3692 4204 ρη-

2089 4240 2244 4286 σεως·
2292 4224 2363 4276 Τὸ
2410 4224 2519 4296 γὰρ
2566 4226 2658 4278 καὶ
2715 4224 2904 4296 πρώην
2957 4225 3248 4289 ἀπλάστως
3297 4225 3506 4297 ἐρρήθη
3567 4225 3694 4277 ὑπὸ

2084 4328 2264 4376 τινων,
2314 4311 2430 4364 ἀλλ’
2472 4313 2857 4383 ἐκακουργήθη
2916 4309 3696 4385 ῦστερον,“πονηρευομένων

2085 4402 2193 4456 τῶν
2219 4405 2505 4475 αἱρετικῶν
2534 4405 2675 4457 κατὰ
2707 4405 2805 4475 τὴν
2838 4405 3016 4476 ῥῆσιν.

2159 4582 2247 4635 Η.
2280 4581 2624 4650 ’Λγιασθεῖσα
2647 4582 2824 4636 τοίνυν
2841 4585 2906 4653 τῇ
2926 4582 3204 4636 ἐπελεύσει
3220 4583 3310 4636 τοῦ
3329 4583 3488 4652 ἁγίου
3503 4585 3698 4637 Ilvati-
3719 4576 3734 4592 ’

2092 4694 2254 4746 ματος
2285 4679 2316 4746 ἡ
2347 4674 2637 4745 Παρθένος,
2657 4678 2750 4728 καὶ
2779 4674 3156 4745 δυναμωθεῖσα
3189 4677 3252 4727 ἐκ
3278 4676 3376 4745 τῆς
3397 4674 3494 4727 τοῦ
3525 4676 3699 4744 ’Υψι-

410 4757 536 4798 eum
573 4752 745 4813 gestat
777 4744 869 4812 qui
900 4745 1198 4799 secundum
1233 4750 1508 4818 propriam
1535 4766 1689 4805 suam
1722 4753 1984 4824 hyposta-

2093 4785 2212 4820 στου
2246 4767 2544 4836 δυνάμεως,
2583 4769 2839 4836 κυοφορεῖ
2869 4767 2960 4818 τὸν
2999 4766 3138 4819 κατά
3173 4765 3270 4835 τὴν
3297 4765 3700 4830 ἐξιδιάζουσαν

414 4837 502 4892 εἰη
542 4835 712 4892 Filius
762 4835 856 4892 Dei
885 4845 990 4901 est,
1050 4838 1351 4893 secundum
1400 4857 1565 4896 unam
1617 4845 1833 4900 deitatis
1872 4864 1985 4903 sua:

413 4937 664 4984 naturam
711 4948 723 4984 :
767 4931 1018 4999 paritque
1059 4946 1188 4986 eum!
1229 4931 1572 4988 incarnatum
1607 4945 1660 4990 et
1711 4937 1983 4993 hominem

411 5021 615 5075 factum
665 5022 820 5092 juxta
875 5022 1108 5079 duarum
1167 5031 1488 5080 naturarum
1531 5031 1917 5098 proprietatem
1968 5052 1980 5086 :

408 5114 504 5184 qui
548 5130 614 5170 ex
657 5115 872 5172 duobus
903 5124 956 5172 et
1007 5118 1065 5173 in
1115 5119 1328 5175 duobus
1381 5121 1727 5190 praedicatur,
1777 5125 1984 5195 absque

409 5205 750 5272 confusione,
779 5210 1080 5266 mutatione
1115 5217 1171 5266 et
1207 5211 1476 5268 divisione
1520 5231 1531 5267 :
1579 5231 1687 5270 non
1717 5217 1981 5271 deifcrum

410 5297 708 5362 hominem,
734 5299 829 5354 sed
872 5299 1148 5356 hominem
1183 5316 1405 5358 carnem
1437 5311 1762 5374 gestantem.
1796 5305 1984 5376 Neque

410 5387 575 5451 enim,
602 5394 660 5441 ut
686 5390 882 5444 iterum
900 5390 1170 5456 dicamus,
1204 5393 1309 5448 hoc
1343 5401 1505 5465 pacto
1538 5396 1848 5467 intelligunt
1879 5399 1986 5453 hae-

409 5481 586 5543 retici,
620 5482 713 5536 sed
747 5489 910 5550 prout
942 5483 1149 5539 dictum
1182 5492 1287 5551 est,
1339 5489 1640 5543 secundum
1687 5490 1984 5547 efﬁcaciam

414 5565 648 5630 Spiritus
669 5574 722 5622 et
750 5569 968 5626 virtutis
996 5572 1286 5643 Altissimi,
1330 5585 1544 5634 uterum
1594 5588 1840 5653 gestasse
1869 5581 1989 5638 Vir-

484 5720 528 5751 "
567 5718 711 5776 Psal.
748 5739 872 5790 xu,
910 5724 963 5780 5.

2083 4858 2247 4912 αὑτοῦ
2270 4858 2564 4911 ὑπόστασιν
2589 4858 2718 4911 Υἰὸν
2746 4857 2838 4910 τοῦ
2870 4857 3025 4919 Θεοῦ,
3046 4857 3186 4911 κατά
3211 4859 3312 4928 τὴν
3342 4859 3474 4928 μίαν
3505 4860 3702 4913 αὑτοῦ

2082 4952 2181 5019 τῆς
2201 4948 2452 5017 θεότητος
2473 4947 2632 5016 φύσιν
2649 4963 2662 4976 ·
2688 4949 2780 4999 καὶ
2799 4947 2970 5000 τίκτει
2995 4948 3182 5000 τοῦτον
3199 4950 3564 5019 σαρκωθέντα
3592 4953 3705 5003 καὶ

2083 5039 2574 5109 ἐνανθρωπήσαντα
2593 5039 2732 5092 κατὰ
2747 5039 2845 5109 τὴν
2857 5039 2964 5092 τῶν
2978 5039 3070 5092 δύο
3085 5038 3297 5108 φύσεων
3316 5041 3571 5111 ἰδιότητα.
3587 5061 3602 5072 ·
3627 5045 3704 5094 ἐκ

2083 5131 2176 5184 δύο
2199 5131 2293 5184 καὶ
2311 5134 2368 5184 ἐν
2397 5129 2490 5183 δύο
2519 5130 2976 5202 δογματιζόμενον
2996 5132 3338 5202 ἀσυγχύτως,
3359 5134 3699 5204 ἀτρέπτως,

2087 5220 2435 5292 ἀδιαιρέτως·
2460 5222 2520 5274 οὐ
2555 5221 2813 5292 θεοφόρον
2837 5221 3142 5292 ἄνθρωπον,
3169 5223 3303 5277 ἀλλὰ
3330 5224 3703 5296 σαρκοφόρον

2087 5312 2238 5368 Θεόν.
2272 5311 2362 5381 Μὴ
2395 5311 2504 5381 γὰρ
2525 5353 2537 5372 ,
2579 5312 2657 5375 ὡς
2691 5312 2850 5366 πάλιν
2897 5314 3101 5377 εἰπεῖν,
3152 5313 3294 5366 οὑτω
3323 5315 3503 5367 ταῦτα
3548 5317 3700 5385 νοή-

2092 5417 2282 5465 σαντες
2311 5403 2360 5454 οἰ
2392 5402 2678 5474 αἱρετικοὶ,
2706 5401 2820 5455 ἀλλ’
2846 5397 2958 5456 οἷον
2985 5405 3220 5475 εἴρηται,
3244 5407 3362 5457 κατ’
3387 5405 3704 5476 ἐνέργεια-δ

2090 5492 2406 5564 Πνεύματος
2434 5496 2529 5548 καὶ
2559 5495 2840 5565 δυνάμεως
2868 5495 3122 5564 Ὑψίστου
3151 5496 3451 5568 γενομένην
3483 5497 3596 5568 τὴν
3634 5499 3703 5548 ἐν

2092 5584 2357 5656 Παρθένῳ
2389 5587 2706 5659 κυοφορίαν,
2739 5584 2999 5658 θεοφόρον
3031 5587 3315 5659 ἄνθρωπον
3357 5588 3449 5640 τὸν
3486 5587 3703 5657 ἐκητῆς
