3868 6206
153 5651 190 5704 πὶ

212 361 318 416 935

1123 360 1352 416 ΒΕΒΜΟ
1396 361 1460 414 IN
1501 357 2121 414 ANNUNTIATIONEM
2167 357 2512 413 ΒΕΙΡΑΠᾹΞ.

3360 365 3464 421 954

215 480 492 551 Παρθένου
513 480 900 551 ὲδογμάτισαν·
938 483 1324 554 πεφορημένην
1372 482 1521 536 θείαν
1555 483 1780 552 δύναμιν

1887 481 2088 551 ginem,
2121 479 2501 551 Deiferumque
2532 479 2804 538 hominem
2829 497 2893 536 ex
2918 481 3140 554 Virgine
3159 481 3466 540 docuerunt

213 574 309 625 καὶ
343 573 619 643 ἐνέργειαν
654 573 748 626 τοῦ
782 573 1116 644 Πνεῦματος,
1140 576 1510 645 ἐνεργήσαντα
1547 574 1786 627 ἐναντίον

211 665 411 735 Φαραὼ
436 665 526 717 καὶ
559 664 772 718 πάντων
801 665 909 717 τῶν
940 665 1070 718 υἱῶν
1099 667 1312 739 Ἰσραήλ
1351 666 1485 736 (Μ).
1505 667 1662 720 Ὅθεν
1693 667 1787 720 καὶ

210 755 689 826 προσλαμϐάνουσι
712 755 810 819 τὰς
842 756 990 828 παρὰ
1023 757 1116 810 τοῦ
1139 758 1438 830 κορυφαίου
1464 758 1666 828 φωνὰς,
1690 758 1784 828 δη-

215 846 580 916 μηγοροῦντος
598 851 654 900 ἐν
684 851 802 910 ταῖς
818 848 1054 919 Πράξεσι
1082 851 1209 919 περὶ
1227 849 1481 921 Χριστοῦ,
1500 851 1593 903 καὶ
1621 849 1784 904 αὐτοῦ

214 939 312 1007 μὲν
341 938 516 1009 ὀρθῶς
542 939 808 1007 λέγοντος,
833 932 976 993 οὗτοι
1015 940 1071 992 δὲ
1102 940 1372 1012 στρεϐλῶς
1403 943 1494 993 καὶ
1537 941 1786 1011 πονηρῶς

211 1030 668 1100 ἐκλαμϐάνοντες,
693 1031 808 1083 ἀνθ’
834 1024 908 1083 ὧν
934 1031 1026 1085 καί
1059 1049 1221 1102 φησιν
1243 1033 1377 1102 (45)⁶
1413 1051 1430 1084 ι
1468 1031 1672 1102 Ἰησοῦν
1697 1033 1785 1087 τὸν

212 1122 322 1173 ἀπὸ
366 1120 637 1193 Ναζαρὲτ,
668 1122 726 1176 ὃν
779 1122 993 1193 ἔχρισεν
1033 1126 1060 1176 6
1101 1124 1232 1187 Θεὸς
1263 1124 1538 1195 Πνεύματι
1571 1124 1728 1192 ἁγίῳ·
1761 1145 1779 1177 ι

205 1212 448 1266 τοιοῦτον
477 1214 742 1282 λέγοντες,
774 1216 853 1267 ὅτι
887 1217 944 1267 ἐν
971 1218 1166 1286 γαστρὶ
1189 1217 1286 1286 τῆς
1319 1216 1595 1286 Παρθένου
1620 1216 1784 1268 ἐπλα-

213 1320 304 1356 σεν
333 1304 362 1355 6
409 1304 539 1368 Θεὸς
589 1304 871 1376 ἄνθρωπον
915 1305 1043 1358 ἄνευ
1099 1308 1345 1377 σπορᾶς,
1397 1305 1643 1376 ἐνεργείᾳ
1687 1303 1782 1357 τοῦ

212 1395 562 1466 Πνεύματος,
613 1398 708 1449 καὶ
761 1397 977 1468 ἔχρισεν
1010 1397 1169 1451 αὐτὸν
1217 1399 1446 1468 δύναμιν
1493 1397 1781 1467 Ὑψίστου,

211 1489 289 1552 ὼς
338 1490 432 1542 καὶ
492 1490 666 1543 ἔλαιον
722 1489 1094 1558 ἀγαλλιάσεως
1146 1490 1295 1559 παρὰ
1349 1490 1474 1552 τοὺς
1527 1489 1784 1560 μετόχους

211 1581 402 1646 αὐτοῦ,
439 1583 768 1652 γέγραπται.
804 1582 914 1635 Καὶ
961 1581 1148 1634 τοῦτον
1188 1581 1316 1634 Υίὸν
1368 1581 1620 1650 Ὑψίστου
1655 1581 1784 1634 ἐκά-

212 1673 370 1726 λεσεν
416 1676 448 1744 ἡ
483 1674 692 1744 Γραφὴ,
723 1667 832 1725 οἷον
874 1673 968 1725 καὶ
1016 1673 1227 1745 εἴρηται
1271 1674 1329 1726 ἐν
1370 1676 1483 1736 τοῖς
1511 1673 1780 1743 Ψαλμοῖς,

212 1765 463 1833 λέγοντος
489 1764 582 1818 τοῦ
611 1765 746 1818 Θεοῦ
783 1765 920 1836 πρὸς
951 1765 1179 1828 πολλούς
1199 1783 1214 1797 ο
1252 1783 1270 1815 ‹
1313 1763 1452 1834 Ἐγὼ
1485 1760 1633 1829 εἶπα,
1659 1764 1782 1817 Θεοί

212 1861 358 1922 ἐστε,
385 1859 479 1910 καὶ
501 1859 608 1910 υἱοὶ
643 1857 894 1927 Ὑψίστου
931 1858 1149 1920 πάντες.
1179 1876 1196 1908 ι
1219 1857 1403 1930 ίἊπερ
1438 1857 1661 1911 τοιαῦτα
1694 1858 1784 1911 τὸν

209 1952 321 2004 τῶν
348 1951 634 2022 αἱρετικῶν
665 1951 949 2019 δογμάτων
970 1951 1332 2022 διελέγχοντες
1377 1951 1522 2014 νοῦν,
1562 1952 1656 2004 καὶ
1684 1953 1783 2004 ἐπ-

206 2042 470 2114 ανορθοῦν
493 2042 926 2114 προθυμούμενοι
957 2043 1044 2096 διὰ
1074 2043 1166 2096 τοῦ
1205 2043 1469 2112 παρόντος
1499 2042 1786 2114 κηρύγμα-

208 2151 340 2198 τος,
383 2135 646 2205 λέγομεν,
677 2136 759 2187 ὅτι
807 2136 868 2187 οὐ
928 2134 1184 2206 θεοφόρος
1236 2134 1520 2206 ἅνθρωπός
1566 2138 1716 2188 ἐστιν
1758 2137 1786 2188 6

209 2225 466 2297 Χριστὸς,
493 2225 625 2278 ἀλλὰ
657 2227 990 2297 σαρκοφόρος
1037 2226 1199 2290 Θεὸς,
1244 2227 1359 2281 ἀνθ’
1389 2220 1463 2280 ὧν
1505 2228 1598 2280 καὶ
1653 2227 1786 2291 Θεὸς

207 2315 308 2376 ὢν,
350 2315 630 2386 ἄνθρωπον
681 2314 908 2386 ἐφόρεσε
957 2314 1078 2367 καθ’
1119 2315 1239 2368 ὅλον
1271 2315 1332 2367 τὸ
1366 2315 1639 2385 πλήρωμα
1686 2315 1785 2384 τῆς

209 2407 649 2478 ἀνθρωπότητος·
682 2407 814 2471 Θεὸς
856 2407 1058 2471 τέλειος
1093 2409 1187 2462 καὶ
1245 2407 1530 2480 ἄνθρωπος
1560 2408 1782 2471 τέλειος,

208 2495 293 2564 εἷς
325 2499 401 2554 ὢν
436 2501 576 2554 κατὰ
612 2501 741 2570 μίαν
772 2502 1090 2565 ὑπόστασιν,
1121 2501 1215 2553 καὶ
1253 2502 1316 2553 ἐκ
1346 2500 1440 2553 δύο
1463 2501 1556 2554 καὶ
1597 2501 1655 2552 ἐν
1688 2500 1783 2553 δύο

204 2596 331 2657 ταῖς
364 2593 574 2661 φύσεσι.
605 2592 803 2647 Τοῦτον
836 2594 946 2665 γὰρ
991 2594 1078 2646 τὸν
1126 2592 1433 2664 ἄνθρωπον,
1465 2592 1522 2646 ὃν
1562 2595 1652 2645 καὶ
1690 2593 1780 2646 λέ-

206 2701 400 2755 γομεν,
427 2686 508 2738 ὅτι
535 2686 784 2757 ἐφόρεσε,
811 2685 995 2738 τοῦτον
1021 2685 1049 2737 6
1074 2682 1204 2746 Θεὸς
1228 2684 1321 2736 καὶ
1346 2681 1534 2754 Πατὴρ
1564 2682 1781 2754 εὐδοκία

203 2776 396 2840 αὐτοῦ,
422 2778 514 2831 καὶ
543 2777 830 2848 συνεργείᾳ
863 2775 955 2830 τοῦ
985 2776 1138 2845 ἁγίου
1168 2774 1482 2845 Πνεύματος
1517 2774 1657 2828 κατὰ
1683 2775 1782 2846 τὴν

210 2871 343 2940 μίαν
379 2871 704 2941 αὐτουργίαν
731 2871 822 2924 τοῦ
864 2869 1015 2934 Υίοῦ,
1061 2869 1244 2940 ἔχρισε
1287 2869 1564 2940 Πνεύματι
1615 2870 1788 2940 ἁγίῳ,

205 2964 391 3015 πᾶσαν
416 2963 690 3033 ἐνέργειαν
717 2960 1013 3033 παρασχὼν
1041 2959 1207 3030 αὐτῷ,
1246 2960 1339 3013 καὶ
1365 2959 1594 3031 δύναμιν
1630 2959 1780 3029 Ὑψί-

207 3074 336 3110 στου
387 3055 719 3126 περιέζωσε,
769 3054 904 3121 πρὸς
949 3054 1010 3106 τὸ
1064 3052 1322 3106 δύνασθαι
1370 3051 1554 3124 φέρειν
1599 3053 1778 3122 πάσης

203 3146 590 3216 ἀντικειμένης
652 3145 933 3215 δυνάμεως
993 3142 1330 3215 προσϐολὴν,
1391 3143 1484 3196 καὶ
1534 3144 1776 3215 ἐνεργεῖν
1804 3181 1846 3238 C

203 3241 388 3293 πᾶσαν
420 3239 712 3309 θεραπείαν
751 3240 807 3289 ἐν
834 3235 911 3305 τῷ
965 3235 1106 3305 λαῷ·
1158 3235 1388 3306 ἐπείπερ
1434 3234 1528 3287 καὶ
1581 3234 1777 3305 πειρά-

206 3331 398 3396 ζεσθαι
433 3330 536 3383 ὑπὸ
586 3329 680 3382 τοῦ
711 3328 924 3380 Σατανᾶ
961 3325 1302 3390 κατεδέξατο,
1338 3325 1432 3377 καὶ
1474 3325 1652 3377 πᾶσαν
1687 3343 1780 3378 τα-

203 3425 464 3480 πείνωσιν
513 3421 604 3474 καὶ
665 3419 938 3490 πτωχείαν
1009 3417 1299 3488 ὑπέμεινεν
1373 3418 1431 3470 ἐν
1502 3419 1567 3487 τῇ
1615 3414 1780 3488 σαρκὶ

201 3514 406 3570 αὑτοῦ·
435 3512 615 3576 καθὼς
662 3513 755 3566 καὶ
801 3512 928 3582 περὶ
971 3510 1159 3562 τούτου
1191 3511 1219 3562 6
1273 3508 1446 3579 μέγας
1491 3507 1780 3579 ίεροκήρυξ

203 3608 307 3678 βοᾷ
358 3607 559 3675 λέγων’
605 3625 622 3657 ι
673 3605 745 3657 Τὸ
781 3604 888 3674 γὰρ
940 3602 1198 3656 ἀδύνατον
1248 3601 1340 3655 τοῦ
1375 3601 1570 3671 νόμου,
1628 3603 1685 3654 ἐν
1731 3591 1776 3666 ᾧ

199 3700 419 3769 ἠσθένει
463 3699 551 3753 διὰ
574 3701 670 3769 τῆς
715 3697 932 3768 σαρκὸς,
963 3699 990 3749 6
1031 3695 1162 3758 Θεὸς
1191 3695 1280 3747 τὸν
1319 3693 1510 3746 ἑαυτοῦ
1552 3691 1774 3762 πέμψας

1887 587 2010 625 esse
2036 579 2301 641 gestatam
2344 567 2438 624 Dei
2479 571 2736 626 virtutem
2775 580 2830 626 et
2876 572 3170 627 ellicaclam
3203 571 3460 643 Spiritus,

1887 663 1978 731 qui
2019 673 2275 732 operatus
2312 663 2383 718 sit
2430 679 2615 718 coram
2647 661 2934 719 Pharaone
2960 673 3015 718 et
3049 665 3306 720 omnibus
3338 665 3466 720 ﬁliis

1887 752 2072 808 Israel.
2106 753 2448 824 Quapropter
2476 755 2636 811 verba
2663 763 2932 825 usurpant
2952 754 3221 825 Principis
3245 765 3468 826 aposto-

1886 843 2063 896 lorum
2101 844 2448 913 przedicantis
2485 845 2538 898 in
2577 846 2807 901 Actibus
2841 846 2908 900 de
2931 846 3169 912 Christo,
3201 848 3292 916 qui
3318 855 3467 903 recte

1887 935 2105 1003 quidem
2137 935 2355 990 locutus
2384 943 2468 991 est
2503 955 2514 990 :
2552 942 2606 989 at
2637 937 2714 990 illi
2761 945 3007 994 tortuose
3029 946 3084 993 et
3117 941 3352 1010 maligne
3378 939 3465 994 in-

1887 1027 2191 1094 terpretati,
2229 1042 2353 1082 cum
2393 1028 2482 1083 ille
2519 1028 2719 1083 dixerit
2758 1050 2770 1084 :
2808 1049 2826 1080 ι
2857 1029 3044 1085 Jesum
3093 1031 3463 1096 Nazarenum.

1886 1135 2045 1190 quem
2076 1120 2234 1174 unxit
2262 1120 2406 1176 Deus
2439 1121 2644 1191 Spiritu
2681 1130 2873 1178 sancto
2907 1122 2975 1189 ⁸³,
3018 1143 3036 1176 ι
3093 1124 3162 1179 de
3214 1127 3333 1195 ipso
3387 1128 3462 1181 illi

1885 1212 2059 1274 aiunt,
2103 1213 2251 1282 quod
2300 1214 2356 1267 in
2403 1222 2562 1268 utero
2604 1213 2851 1284 Virginis
2898 1215 3266 1273 elIormaverit
3321 1217 3467 1275 Deus

1886 1307 2158 1361 hominem
2188 1307 2308 1362 sine
2337 1309 2565 1370 semine,
2601 1309 2922 1376 Operatione
2967 1308 3207 1378 Spiritus
3265 1312 3461 1375 sancti,

1885 1406 1938 1452 et
1964 1401 2181 1453 nnxerit
2209 1415 2333 1453 eum
2356 1400 2558 1454 virtute
2574 1399 2864 1465 Altissimi,
2892 1401 2971 1454 uti
3001 1403 3268 1472 scriptum
3295 1411 3379 1459 est
3394 1404 3462 1469 ⁸⁸,

1885 1495 2004 1548 oleo
2035 1495 2418 1550 exsultationis
2467 1511 2579 1564 prae
2623 1497 2974 1551 consortibus
3009 1497 3151 1566 ejus.
3198 1497 3466 1568 lluncque

1886 1587 2152 1642 Altissimi
2198 1586 2397 1642 Filium
2422 1589 2648 1644 zvocavit
2685 1589 2992 1657 Scriptura,
3023 1607 3131 1660 qua
3162 1593 3375 1648 ratione
3405 1595 3462 1649 in

1883 1677 2117 1736 Psalmis
2147 1680 2356 1734 dictum
2387 1692 2492 1746 est,
2527 1681 2637 1737 Deo
2665 1668 2864 1736 multds
2899 1684 3211 1753 alloquente
3244 1700 3258 1736 :
3297 1703 3317 1735 ‹
3351 1684 3462 1754 Ego

1885 1772 1998 1826 dixi
2029 1791 2042 1825 :
2075 1771 2160 1825 Dii
2184 1773 2340 1832 estis,
2375 1783 2428 1826 et
2460 1772 2555 1826 lilii
2611 1773 2826 1827 Excelsi
2874 1788 3065 1829 omnes
3095 1775 3161 1829 ⁸⁸.
3201 1793 3220 1826 ›
3253 1775 3384 1841 Quae
3409 1787 3464 1832 et

1890 1863 2110 1920 similia.
2141 1877 2262 1924 nos,
2290 1870 2348 1915 ut
2381 1863 2761 1918 hazreticorum
2785 1863 3100 1934 dogmatum
3127 1866 3461 1920 sententiam

1889 1954 2255 2018 confulemus,
2291 1964 2344 2010 et
2372 1955 2474 2011 hac
2504 1957 2891 2026 praedicatione
2934 1961 3298 2030 corrigamus,
3324 1960 3466 2013 dici-

1889 2062 2010 2100 mus
2038 2047 2340 2109 Christum,
2380 2062 2491 2101 non
2529 2046 2804 2101 Deifcrum
2838 2049 3137 2115 hominem,
3165 2052 3258 2105 sed
3291 2051 3462 2106 Deum

1887 2152 2105 2191 carnem
2137 2146 2438 2209 gestantem
2477 2153 2622 2206 esse,
2655 2141 2912 2209 quoniam
2955 2141 3097 2197 Deus
3132 2158 3256 2197 cum
3292 2153 3460 2204 esset,

1887 2229 2160 2284 hominem
2191 2231 2423 2298 gestavit
2449 2232 2751 2286 secundum
2791 2233 3185 2301 plenitudinem
3211 2235 3462 2290 humana;

1885 2327 2093 2373 natura:
2129 2335 2143 2372 :
2182 2319 2324 2375 Deus
2363 2320 2640 2392 perfectus
2681 2332 2734 2378 et
2782 2322 2944 2376 homo
2987 2323 3281 2393 perfectus,
3319 2341 3465 2382 unus

1885 2412 2185 2466 secundum
2217 2428 2380 2466 unam
2428 2414 2774 2484 hypostasin,
2826 2422 2880 2470 et
2933 2431 2998 2470 ex
3035 2417 3249 2473 duabus
3297 2426 3462 2489 atque

1884 2500 1940 2554 in
1973 2501 2185 2556 duabus
2222 2503 2452 2556 naturis.
2487 2501 2645 2558 Hunc
2679 2504 2822 2558 enim
2861 2503 3155 2568 hominem,
3183 2522 3344 2575 quem
3381 2510 3462 2561 di-

1884 2592 2060 2648 cimus
2081 2592 2227 2662 quod
2269 2591 2554 2666 (Verbum)
2597 2596 2911 2665 gestaverit,
2942 2596 3086 2650 hunc
3107 2597 3284 2666 ipsum
3317 2597 3459 2654 Deus

1885 2692 1939 2737 et
1971 2681 2132 2738 Pater
2164 2685 2446 2740 voluntate
2477 2701 2597 2750 sua,
2639 2694 2693 2741 et
2723 2687 3035 2756 operatione
3066 2687 3300 2757 Spiritus
3332 2704 3462 2744 san-

1884 2775 1980 2836 cti,
2016 2791 2122 2828 una
2155 2775 2281 2831 item
2316 2785 2580 2846 operante
2608 2777 2768 2844 Filio,
2805 2781 2959 2834 unxit
2992 2779 3199 2849 Spiritu
3245 2793 3461 2845 sancto,

1884 2867 2131 2922 tribuens
2171 2869 2219 2922 ei
2276 2883 2494 2925 onmem
2553 2869 2874 2936 elﬁcaciam,
2935 2872 3135 2926 virtute
3187 2873 3459 2928 Altissi-i

1881 2959 2265 3014 circumcinxit
2315 2961 2486 3025 illum,
2540 2971 2600 3016 ut
2652 2971 2838 3032 posset
2894 2963 3076 3018 omnis
3131 2963 3462 3020 adversariae

1882 3051 2170 3120 potestatis
2205 3053 2464 3122 impetum
2497 3055 2791 3119 sustinere,
2843 3071 3169 3126 omnemque
3211 3059 3454 3111 curatio-

1882 3160 2004 3199 nem
2036 3145 2090 3198 in
2122 3146 2321 3215 populo
2366 3149 2600 3216 operari.
2639 3146 2916 3218 Siquidem
2961 3159 3011 3204 et
3052 3151 3248 3205 tentari
3288 3165 3318 3204 a
3353 3150 3453 3205 Sa-

1880 3243 2008 3290 tana
2027 3237 2219 3300 voluit,
2245 3253 2571 3308 omnemque
2589 3239 2950 3294 humilitatem
2977 3250 3464 3312 paupertatemque

1881 3326 1938 3380 in
1977 3342 2140 3382 carne
2181 3343 2278 3383 sua
2311 3329 2583 3392 toleravit,
2617 3330 3074 3399 quemadmodum
3110 3347 3342 3403 magnus
3369 3349 3460 3388 sa-

1882 3435 2082 3490 cerque
2116 3420 2206 3474 ille
2237 3435 2416 3490 praeco
2449 3421 2647 3474 clamat
2680 3441 2691 3474 :
2731 3441 2750 3474 ι
2786 3422 2919 3476 Nam
2945 3425 3091 3493 quod
3122 3424 3461 3494 impossibile

1881 3523 1998 3566 erat
2029 3513 2153 3583 legi,
2191 3512 2246 3566 in
2286 3528 2394 3582 quo
2424 3512 2805 3566 inﬁrmabatur
2846 3529 2943 3583 per
2989 3530 3213 3568 carnem
3257 3534 3270 3569 :
3317 3515 3462 3572 Deus

1881 3602 2079 3657 Filium
2105 3619 2264 3659 suum
2293 3605 2516 3659 mittens
2545 3604 2600 3658 in
2627 3605 2985 3660 similitudine
3013 3607 3196 3661 carnis
3223 3609 3452 3675 peccati.

1882 3703 1936 3751 et
1981 3697 2047 3751 de
2097 3703 2341 3766 peccato,
2380 3695 2659 3749 damnavit
2705 3706 2986 3765 peccatum
3030 3697 3085 3751 in
3133 3714 3297 3752 carne
3334 3698 3402 3756 ⁸⁸.
3434 3718 3455 3750 ι

201 3793 331 3845 Υἱὸν
393 3793 450 3844 ἐν
521 3788 824 3860 ὁμοιώματι
882 3787 1080 3860 σαρκὸς
1139 3786 1449 3856 ἁμαρτίας,
1501 3783 1596 3836 καὶ
1646 3784 1773 3854 περὶ

1882 3782 2061 3854 [taque
2090 3783 2263 3839 Filius
2296 3782 2389 3838 Dei
2421 3786 2516 3854 qui
2542 3785 2597 3838 in
2631 3799 2853 3839 carnem
2894 3785 3196 3851 descendit,
3231 3788 3348 3857 ipse
3375 3788 3458 3842 di—

201 3882 498 3953 ἁμαρτίας,
541 3881 827 3950 κατέκρινε
857 3879 956 3948 τὴν
1005 3877 1277 3947 ἁμαρτίαν
1308 3877 1366 3928 ἐν
1418 3878 1484 3946 τῇ
1522 3874 1712 3946 σαρκί.
1751 3893 1770 3926 ι

201 3974 414 4027 Οὐκοῦν
443 3975 470 4026 6
498 3973 624 4036 Υἱὸς
666 3970 760 4024 τοῦ
799 3969 954 4034 Θεοῦ,
986 3972 1040 4023 ἐν
1073 3967 1237 4038 σαρκὶ
1269 3967 1580 4037 γενόμενος,
1616 3965 1776 4028 αὐτὸς

197 4067 421 4133 λέγεται
442 4063 886 4136 ἐνανθρωπήσας,
914 4061 1102 4132 ὥσπερ
1137 4060 1230 4113 καὶ
1264 4060 1320 4111 ἐν
1357 4057 1535 4120 ἄλλοις
1575 4057 1772 4128 φησίνε

203 4181 223 4211 ε
253 4162 383 4210 Ὅτε
417 4158 473 4211 δὲ
492 4153 622 4228 ἦλθε
655 4157 715 4210 τὸ
748 4156 1018 4227 πλήρωμα
1049 4152 1141 4206 τοῦ
1167 4152 1380 4223 χρόνου,
1401 4149 1780 4214 ἐξαπέστειλεν

1873 3875 2019 3928 citur
2054 3873 2219 3927 homo
2253 3873 2456 3940 factus,
2516 3883 2576 3927 ut
2621 3874 2752 3929 alibi
2793 3875 2870 3927 ait
2911 3893 2923 3929 :
2962 3894 2981 3926 ‹
3026 3875 3096 3928 At
3142 3875 3237 3930 ubi
3306 3877 3458 3931 venit

1875 3964 2158 4036 plenitudo
2197 3967 2482 4035 temporis,
2521 3965 2669 4020 misit
2719 3965 2864 4020 Deus
2911 3966 3110 4020 Filium
3157 3983 3339 4033 suum,
3377 3968 3458 4021 la-

1878 4062 2027 4109 etum
2067 4071 2134 4110 ex
2165 4056 2412 4119 muliere,
2446 4054 2648 4109 factum
2684 4055 2786 4110 sub
2825 4056 2962 4127 lege,
2998 4064 3057 4111 ut
3088 4071 3183 4112 eos
3227 4056 3321 4126 qui
3351 4059 3452 4111 sub

1878 4149 1997 4218 lege
2023 4156 2181 4202 erant
2209 4149 2503 4203 redimeret
2534 4149 2599 4202 ⁸⁷.
2634 4167 2652 4199 ι

196 4256 227 4306 6
253 4253 386 4315 Θεὸς
414 4252 505 4304 τὸν
533 4250 659 4304 Υἱὸν
685 4247 868 4312 αὑτοῦ,
930 4247 1222 4317 γενόμενον
1264 4249 1330 4300 ἐκ
1367 4246 1648 4315 γυναικὸς,
1708 4244 1998 4315 γενόμενον
2051 4245 2154 4297 ὑπὸ
2203 4245 2400 4315 νόμον,
2456 4245 2543 4298 ἵνα
2579 4245 2706 4308 τοὺς
2746 4243 2850 4296 ὑπὸ
2887 4245 3051 4315 νόμον
3091 4243 3202 4316 (46)
3264 4243 3460 4314 ἐξαγο-

198 4346 368 4416 ράσῃ.
399 4363 417 4394 ι

273 4435 359 4488 l2.
393 4431 694 4486 Κάντεῦθεν
719 4433 1064 4504 σημειωτέον,
1087 4434 1168 4486 ὅτι
1196 4431 1410 4504 πρῶτον
1431 4433 1459 4502 6
1479 4430 1607 4494 Υἱὸς
1630 4428 1780 4500 παρὰ

1952 4423 2108 4495 341
2147 4424 2232 4478 12.
2266 4423 2444 4494 Atque
2497 4425 2625 4479 hinc
2678 4424 2980 4480 notandum
3027 4426 3171 4495 quod
3214 4428 3456 4494 primum

195 4528 295 4580 τοῦ
328 4526 538 4596 Πατρὸς
573 4527 867 4596 πέμπεται,
903 4527 995 4578 καὶ
1025 4526 1143 4578 τότε
1173 4526 1379 4594 γίνεται
1416 4525 1480 4576 ἐκ
1502 4523 1776 4592 γυναικὸς,

195 4620 264 4674 οὗ
297 4618 509 4690 πρῶτον
541 4619 764 4686 γίνεται,
796 4619 889 4670 καὶ
921 4621 984 4671 ἐκ
1013 4618 1132 4670 τότε
1160 4617 1271 4687 (47)
1305 4616 1605 4686 πέμπεται·
1642 4613 1779 4667 ἀλλὰ

197 4713 418 4784 πρῶτον
456 4712 749 4782 πέμπεται,
783 4712 877 4765 καὶ
905 4711 1025 4764 τότε
1048 4710 1253 4779 γίνεται
1281 4712 1342 4762 ἐκ
1363 4708 1640 4776 γυναικός.
1668 4707 1778 4759 Καὶ

194 4807 410 4869 τούτοις
435 4808 546 4865 τοῖς
572 4804 943 4867 ἁποστολικοίς
990 4802 1367 4872 συμφωνοῦσιν
1401 4803 1448 4853 οἱ
1476 4800 1773 4871 προφῆται,

195 4895 608 4965 ἀπεσταλμένον
638 4895 798 4947 αὐτὸν
827 4894 951 4946 Υίὸν
978 4891 1245 4961 λέγοντες.
1281 4891 1391 4944 Καὶ
1425 4891 1684 4960 πρότερον
1717 4890 1774 4941 ἐν

209 4987 585 5056 Ἡσαῖᾳάὐτοῦ
600 4985 693 5038 τοῦ
715 4984 1118 5054 ἀπεσταλμένου
1132 4983 1376 5052 λέγοντος
1399 4983 1579 5036 ἄκουε’
1593 5001 1610 5032 ι
1638 4980 1776 5049 Ἑγὼ

195 5083 317 5152 εἰμι
347 5079 581 5150 πρῶτος,
617 5078 712 5131 καὶ
733 5076 842 5146 ἐγώ
873 5079 986 5147 εἰμι
1009 5079 1086 5139 εἰς
1117 5077 1207 5129 τὸν
1235 5075 1426 5140 αἰῶνα,
1469 5076 1562 5128 καὶ
1591 5077 1624 5145 ἠ
1658 5074 1776 5145 χείρ

199 5190 304 5245 μου
333 5170 654 5244 ἐθεμελίωσε
683 5169 782 5241 τὴν
811 5170 934 5240 γῆν,
965 5170 1060 5223 καὶ
1099 5171 1132 5240 ἡ
1167 5167 1313 5232 δεξιά
1343 5185 1443 5238 μου
1479 5166 1774 5238 ἐστερέωσε

194 5266 292 5320 τὸν
317 5263 557 5336 οὐρανόν·
592 5281 610 5314 ι
636 5263 730 5316 καὶ
759 5261 1108 5333 ἐξερχόμενος
1150 5259 1216 5313 τὰ
1244 5259 1383 5313 κατὰ
1415 5258 1602 5330 καιρὸν
1630 5260 1778 5328 ἐνερ-

195 5356 376 5425 γείας,
421 5355 678 5409 συνάπτει
699 5353 892 5422 λέγων·
918 5370 950 5419 ξι
974 5353 1084 5406 Καὶ
1115 5351 1210 5405 νῦν
1237 5351 1439 5422 Κύριος
1468 5348 1776 5404 ἀπέσταλκέ

271 5515 319 5547 ⁸³
354 5512 477 5568 Act.
513 5529 578 5581 κ,
616 5511 706 5568 58.

197 5601 372 5640 ιινιιι
393 5626 408 5649 ,
447 5584 514 5638 12
533 5627 547 5650 ,
587 5584 674 5638 l3.

273 5700 382 5765 (44)
413 5699 509 5754 His
544 5698 666 5770 lere
697 5699 880 5770 verbis
917 5708 1146 5754 utuntur
1204 5698 1476 5770 Ephesina
1532 5693 1773 5765 synodus

198 5791 254 5845 ρ.
276 5771 407 5845 ᾖῗξῦ,
435 5777 503 5845 Δ(ει
532 5768 1006 5845 ςιιειοεόρηθηείε.

274 5843 385 5912 (διες)
422 5839 654 5910 Anglic,
688 5839 780 5893 καί
820 5856 999 5910 φασιν.

804 5511 850 5545 ⁸⁸
887 5510 1032 5567 Psal.
1071 5524 1220 5573 xuv,
1254 5508 1308 5563 8.
1383 5507 1429 5538 ⁸⁸
1469 5507 1615 5563 Psal.
1670 5518 1868 5568 unt,
1905 5503 1958 5557 6.

1877 4515 2048 4571 Filius
2076 4532 2106 4570 a
2134 4515 2293 4570 Patre
2325 4516 2594 4584 mittatur,
2613 4531 2676 4571 ac
2699 4524 2813 4571 tum
2836 4517 3084 4571 nascitur
3103 4533 3170 4572 ex
3203 4520 3454 4586 muliere,

1875 4625 1985 4665 non
2021 4595 2258 4680 primum
2280 4611 2525 4664 nascitur
2548 4619 2600 4664 et
2621 4618 2754 4666 tunc
2784 4612 3054 4678 mittitur;
3090 4613 3183 4667 sed
3218 4616 3456 4684 primum

1877 4701 2135 4765 mittitur,
2171 4715 2234 4754 ac
2274 4700 2470 4754 deinde
2499 4702 2746 4756 nascitur
2774 4717 2841 4756 ex
2873 4702 3123 4757 muliere.
3159 4703 3338 4772 Atque
3365 4704 3454 4757 his

1879 4794 2196 4862 apostolicis
2243 4790 2406 4844 dictis
2456 4800 2762 4846 consonant
2809 4794 3103 4863 prophetae,
3137 4795 3232 4866 qui
3270 4797 3452 4863 ipsum

1879 4884 2077 4939 Filium
2127 4901 2247 4942 esse
2297 4889 2530 4940 missum
2575 4885 2787 4939 dicunt.
2824 4885 2889 4937 Et
2923 4889 3158 4954 primum
3217 4885 3274 4938 in
3319 4886 3457 4940 Isaia

1878 4979 2052 5050 ipsius
2095 4980 2189 5050 qui
2241 4982 2445 5034 missus
2471 4985 2555 5034 est
2584 4979 2747 5033 verba
2783 4979 3029 5032 ausculta
3068 4997 3080 5032 :
3122 4997 3140 5028 ‹
3190 4977 3301 5048 Ego
3333 4994 3454 5032 sum

1879 5071 2110 5140 primus,
2145 5079 2199 5126 et
2225 5086 2325 5141 ego
2354 5087 2474 5126 sum
2511 5072 2564 5123 in
2610 5070 2829 5134 saecula,
2861 5077 2916 5123 et
2951 5084 3146 5123 manus
3172 5084 3292 5123 mea
3319 5069 3446 5124 fun-

1880 5162 2032 5216 davit
2061 5161 2284 5226 terram,
2313 5169 2367 5216 et
2395 5161 2617 5216 dextera
2638 5175 2757 5215 mea
2781 5159 3316 5225 ﬁrmavitcmlum“;
3349 5178 3367 5210 ›
3392 5167 3446 5213 et

1878 5263 2171 5324 postquam
2204 5253 2478 5321 percurrit
2515 5252 2684 5307 variis
2717 5252 3056 5320 temporibus
3099 5249 3274 5305 editas
3321 5266 3450 5320 ope-

1877 5347 2142 5411 rationes,
2176 5345 2360 5400 subdit
2390 5363 2403 5398 :
2444 5363 2462 5396 ι
2498 5344 2562 5398 Et
2595 5359 2742 5398 nunc
2787 5343 3050 5400 Dominus
3082 5343 3232 5398 misit
3259 5359 3364 5408 me,
3399 5353 3452 5398 et

2671 5500 2716 5531 ⁸⁷
2757 5499 2936 5555 Galat.
2975 5515 3061 5567 tv,
3099 5500 3152 5555 4.
3257 5499 3302 5532 ⁸⁸
3339 5497 3446 5558 lsa.

2057 5502 2103 5534 ⁸⁸
2145 5499 2303 5555 Rom.
2340 5514 2439 5555 vm
2464 5540 2478 5565 ,
2515 5502 2568 5556 ὅ.

1957 5690 2072 5761 (46)
2108 5689 2342 5759 Angl_ic.,
2377 5688 2480 5741 ὑπὸ
2504 5688 2705 5761 νόμου.¹

1957 5759 2066 5832 (47)
2109 5761 2346 5833 Anglia,
2390 5761 2482 5813 καὶ
2522 5759 2660 5814 τότε.
