3832 6216
403 341 510 397 955

1575 333 1632 388 3.
1673 328 2132 389 ATHANASEUS.
2174 360 2243 368 —
2284 325 2556 382 SPURIA.

3566 319 3682 375 956

397 455 634 526 Spiritus
667 453 880 525 ejus";
909 472 928 504 ι
962 451 1050 507 his
1081 449 1367 505 manifeste
1393 447 1681 504 declarans
1721 466 1779 504 se
1807 449 1975 504 Deum

2120 464 2172 511 γε,
2207 445 2302 498 καὶ
2349 445 2408 498 τὸ
2452 443 2677 514 Πνεῦμα
2715 442 2899 496 αὐτοῦ⁸
2948 463 2966 494 ι
3023 441 3272 514 φανερῶς
3321 441 3412 495 διὰ
3462 440 3682 494 τούτων

397 563 541 610 esse,
585 547 679 617 qui
743 546 874 602 fecit
917 546 1118 600 coelum
1152 551 1207 597 et
1247 550 1471 605 terram,
1505 543 1582 594 ait
1614 559 1626 594 :
1665 559 1685 593 ι
1721 540 1787 595 Ει
1832 557 1980 596 nunc

400 641 665 698 Dominus
700 641 848 695 misit
881 655 968 696 me
992 647 1046 694 et
1079 638 1317 708 Spiritus
1345 636 1485 705 ejus.
1517 655 1537 688 ι
1567 634 1631 688 Et
1659 651 1754 706 per
1773 635 1982 690 Zacha-

400 735 537 789 riam
575 735 650 786 ait
680 753 692 787 :
723 751 742 784 ‹
777 731 966 787 Gaude
995 739 1049 785 et
1083 732 1284 793 laetare,
1315 727 1426 782 ﬁlia
1461 725 1614 789 Sion,
1640 729 1767 797 quia
1789 728 1979 793 venio,

400 835 454 881 et
482 827 741 881 habitabo
769 828 825 878 in
859 824 1036 878 medio
1061 824 1158 886 tui,
1185 830 1238 876 et
1273 819 1589 890 confugient
1623 827 1813 889 gentes
1841 820 1981 873 mul-

401 929 472 974 ta:
501 919 567 973 ad
597 917 886 970 Dominum
922 916 978 970 in
1003 917 1094 969 illa
1127 915 1215 969 die
1241 933 1253 968 :
1281 921 1336 968 et
1364 927 1661 982 cognosces
1710 912 1836 983 quia
1872 913 1980 966 Do-

400 1014 586 1066 minus
619 1010 769 1064 misit
808 1023 896 1062 me
922 1008 988 1062 ad
1020 1006 1156 1061 te“.
1185 1024 1203 1058 ι
1231 1006 1363 1059 Inde
1406 1006 1540 1074 ipse,
1578 1005 1898 1058 incarnatus
1927 1009 1983 1057 et

403 1102 569 1157 homo
617 1101 821 1162 factus,
859 1114 982 1154 sese
1024 1096 1318 1152 conﬁtetur
1350 1098 1544 1151 aiens:
1572 1095 1772 1150 Missus
1806 1111 1924 1150 sum
1954 1109 1985 1149 a

401 1193 584 1257 Patre,
619 1201 695 1256 et,
716 1193 866 1246 misit
905 1204 989 1244 me
1015 1188 1195 1255 Pater,
1225 1189 1571 1259 idipsumque
1611 1188 1797 1242 multis
1831 1187 1986 1242 testi-

405 1285 601 1339 Iicatur
634 1285 834 1339 verbis.
867 1280 1054 1348 Itaque
1089 1297 1198 1334 non
1231 1288 1289 1333 ut
1323 1281 1485 1334 homo
1515 1281 1718 1334 missus
1749 1286 1852 1342 est,
1887 1276 1986 1333 sed

404 1386 464 1432 ut
490 1377 631 1432 Deus
662 1387 714 1431 et
743 1375 1031 1438 Dominus,
1063 1373 1256 1440 Filius,
1287 1388 1317 1426 a
1345 1373 1576 1426 Domino
1605 1371 1800 1425 Patre:
1825 1369 1986 1439 quale

404 1471 538 1524 illud
571 1476 655 1524 est
692 1486 705 1522 :
748 1486 766 1519 ι
823 1467 969 1522 Pluit
1017 1467 1284 1521 Dominus
1318 1481 1348 1518 a
1383 1463 1696 1517 Domino“.
1728 1481 1746 1514 ι
1791 1461 1836 1514 Α
1883 1459 1987 1514 Do.

405 1562 554 1617 mino
583 1561 788 1615 dictum
818 1570 921 1615 est.
953 1559 1018 1613 Et
1053 1560 1186 1613 illud
1211 1577 1223 1612 :
1247 1576 1265 1609 ‹
1301 1557 1444 1611 Dixit
1473 1557 1738 1611 Dominus
1757 1554 1988 1608 Domino

405 1654 609 1710 meo".
645 1673 664 1705 ι
698 1653 912 1724 Accipit
967 1660 1151 1706 autem
1205 1651 1259 1704 in
1309 1650 1462 1704 hisce
1497 1649 1680 1702 verbis
1727 1626 1992 1724 thronurri

405 1744 599 1810 David,
633 1745 725 1815 qui
756 1752 1047 1799 enarratur
1090 1759 1214 1798 esse
1249 1740 1614 1810 corporaliter
1650 1746 1803 1809 pater
1825 1720 1945 1808 ejus
1973 1754 1986 1789 :

2082 536 2410 608 παραδείξας
2455 533 2668 597 ἑαυτὸν,
2702 535 2784 588 ὅτι
2831 534 2992 597 αὐτὸς
3025 536 3053 585 6
3082 533 3212 596 Θεὸς
3247 535 3276 585 6
3320 532 3549 602 ποιήσας
3579 529 3681 582 τὸν

2081 630 2306 701 οὐρανὸν
2364 628 2458 680 καὶ
2502 627 2601 697 τὴν
2652 627 2755 697 γῆν
2791 626 2958 695 λέγει·
2995 644 3014 677 ι
3048 626 3160 678 Kal
3199 624 3294 678 νῦν
3324 623 3524 694 Κύριος
3557 623 3679 674 ἀπ-

2083 718 2311 773 έσταλκέ
2340 735 2427 788 με,
2461 717 2555 770 καὶ
2575 717 2634 769 τὸ
2650 716 2874 787 Πνεῦμα
2902 715 3084 769 αὐτοῦ.
3102 735 3120 766 ι
3155 716 3265 768 Kal
3285 714 3372 767 διὰ
3401 713 3680 784 Ζαχαρίου

2082 810 2255 878 λέγων
2272 824 2284 838 ·
2311 828 2329 860 ι
2354 808 2566 879 Τέρπου
2583 809 2678 861 καὶ
2700 808 3012 877 εὐφραίνου,
3033 806 3266 876 θύγατερ
3281 803 3440 868 Σιὼν,
3468 805 3549 857 ὅτι
3580 805 3681 875 ἕρ-

2084 921 2250 974 χομαι
2274 903 2382 974 (48)
2407 903 2501 955 καὶ
2531 902 2935 971 κατασκηνώςω
2959 903 3015 955 ὲν
3051 901 3200 972 μέσῳ
3235 918 3351 960 σου,
3380 899 3474 953 καὶ
3506 917 3683 952 κατα-

2086 996 2369 1067 φεύξονται
2401 995 2523 1066 ἔθνη
2561 994 2728 1047 πολλά
2760 995 2852 1046 ἐπὶ
2881 993 3084 1065 Κύριον
3115 995 3172 1046 ὲν
3203 995 3268 1062 τῇ
3314 992 3503 1062 ἡμέρᾳ
3533 989 3684 1043 ὲκεί-

2085 1107 2150 1160 νῃ
2170 1106 2184 1119 ι
2215 1089 2309 1142 xal
2337 1087 2632 1160 ὲπιγνὼσῃ,
2670 1089 2752 1140 ὅτι
2803 1086 3006 1158 Κύριος
3042 1084 3410 1150 ὲξαπέσταλκέ
3437 1101 3504 1154 με
3534 1084 3684 1153 πρὸς

2088 1181 2167 1234 σέ.
2207 1199 2225 1232 ι
2273 1178 2548 1233 Ἐντεῦθεν
2579 1179 2672 1232 καὶ
2701 1177 2862 1240 αὐτὸς
2895 1180 2924 1230 6
2957 1175 3259 1248 :rapwaal;
3287 1176 3381 1228 καὶ
3406 1173 3682 1243 ἐνανθρω-

2085 1274 2267 1342 πήσας
2307 1269 2612 1340 διομολογεί
2667 1268 2828 1322 αὑτὸν
2879 1268 3082 1336 λέγων·
3138 1267 3472 1336 Ἀπεστάλην
3523 1264 3684 1335 παρὰ

2087 1364 2182 1418 τοῦ
2218 1365 2466 1433 Πατρόςο
2503 1363 2616 1425 καὶ,
2646 1361 2980 1414 Ἀπέσταλκέ
3011 1378 3077 1431 με
3107 1360 3135 1411 ὁ
3162 1359 3372 1430 Πατὴρ,
3423 1357 3492 1410 τά
3537 1358 3683 1411 αὑτά

2088 1457 2146 1508 ὲν
2202 1454 2423 1516 πολλαῖς
2473 1453 2696 1524 ρήσεσιν
2755 1450 3164 1524 ἐπιμαρτυρῶν.
3211 1449 3418 1504 Οὐκοῦν
3461 1451 3558 1520 οὐχ
3602 1449 3683 1512 ὡς

2087 1546 2370 1618 ἄνθρωπος
2407 1545 2706 1615 ἀπεστάλη,
2742 1544 2855 1597 ἀλλ’
2889 1544 2966 1607 ὼς
2983 1544 3137 1608 Θεὸς,
3159 1543 3253 1595 καὶ
3289 1541 3512 1614 Κύριος,
3543 1540 3683 1604 Υἱὸς

2091 1640 2242 1712 παρά
2269 1639 2472 1709 Κυρίου
2499 1639 2593 1691 τοῦ
2612 1638 2846 1708 Πατρὸς,
2865 1637 2940 1700 ὡς
2955 1637 3048 1690 καὶ
3072 1637 3151 1700 τὸ,
3177 1657 3195 1688 ‹
3223 1637 3451 1708 Ἐϐρεξε
3472 1636 3685 1706 Κύριος

2092 1732 2246 1804 παρὰ
2275 1732 2511 1802 Κυρίου,
2555 1749 2574 1782 ›
2605 1732 2755 1803 παρὰ
2793 1731 3001 1803 Κυρίου
3059 1725 3264 1783 κεῖται·
3299 1731 3392 1783 καὶ
3419 1729 3500 1793 τὸ,
3538 1747 3556 1780 ι
3589 1725 3684 1781 Εἷ-

411 1855 432 1887 ‹
477 1836 542 1889 Ει
596 1812 847 1908 regnabit
901 1835 958 1888 in
1007 1834 1171 1888 domo
1213 1830 1383 1887 Jacob
1409 1830 1464 1884 in
1501 1829 1724 1892 saecula,
1748 1833 1803 1881 et
1835 1825 1986 1896 regni

2120 1842 2192 1878 τεν
2223 1827 2252 1878 6
2293 1824 2498 1897 Κύριος
2538 1823 2618 1894 τῷ
2671 1824 2862 1894 Κυρίῳ
2912 1841 3035 1893 μου.
3084 1842 3104 1875 ι
3143 1821 3423 1893 Λαμϐἀνει
3465 1823 3522 1875 δὲ
3576 1821 3684 1874 κάν

404 1928 527 1998 ejus
561 1944 670 1984 non
700 1929 804 1984 erit
834 1927 958 1983 ﬁnis
976 1926 1044 1981 ⁸³.
1077 1945 1097 1978 ι

2089 1919 2300 1982 τούτοις
2326 1918 2418 1972 τὸν
2448 1917 2638 1988 θρόνον
2663 1915 2946 1983 Δαϐὶδ,τοῦ
2979 1916 3305 1986 σωματικῶς
3330 1916 3688 1984 γενεαλογου-

407 2026 571 2098 μένου
600 2023 805 2096 πατρὸς
833 2020 998 2076 αὐτοῦ
1018 2039 1033 2054 ·
1077 2040 1096 2073 ι
1134 2020 1245 2075 Kal
1281 2017 1588 2090 βασιλεύσει
1612 2017 1706 2070 ἐπὶ
1721 2016 1812 2070 τὸν
1838 2013 1988 2070 οἷκον
2036 2014 2233 2070 Ἰακὼϐ
2257 2015 2337 2078 εἰς
2364 2013 2492 2076 τοὺς
2522 2013 2742 2078 αἰῶνας,
2773 2014 2867 2067 καὶ
2902 2014 2998 2084 τῆς
3026 2011 3302 2082 βασιλείας
3357 2010 3525 2066 αὑτοῦ
3585 2009 3688 2064 οὐκ

404 2125 562 2178 ἔσται
583 2123 754 2187 τέλος.
799 2142 816 2174 ι

477 2241 564 2297 15.
594 2239 869 2310 lntelligas
897 2239 1059 2295 velim
1093 2249 1404 2293 sermonem
1434 2233 1854 2303 doctrinamque
1881 2231 1988 2286 hac

407 2332 462 2388 in
493 2332 803 2386 narratione
827 2332 1186 2386 constitutam
1223 2348 1238 2383 :
1267 2325 1452 2382 omnia
1485 2325 1632 2380 enim
1665 2323 1990 2379 concutiunt

405 2431 460 2478 et
483 2428 898 2495 perscrutantur
924 2419 1184 2486 haeretici,
1201 2433 1265 2474 ac
1296 2432 1418 2474 cum
1445 2415 1795 2470 simulatione
1821 2413 1992 2466 inter-

407 2521 602 2587 rogant
633 2533 646 2569 :
679 2513 819 2568 Num
853 2511 989 2567 illud
1024 2511 1458 2566 incarnationem
1487 2507 1694 2562 Christi
1725 2505 1991 2560 subsecu-

407 2619 524 2665 tum
558 2609 758 2676 fuerit;
803 2622 875 2661 an
921 2605 1131 2661 scilicet
1176 2601 1453 2672 acceperit
1513 2598 1772 2652 thronum
1817 2594 1989 2650 David

407 2700 582 2772 patris
614 2698 725 2764 sui,
765 2704 821 2751 et
847 2694 1160 2768 regnaverit
1183 2693 1240 2748 in
1268 2691 1431 2746 domo
1457 2687 1627 2744 Iacob
1661 2689 1718 2743 in
1761 2687 1984 2743 secula.

410 2793 621 2860 Quibus
653 2791 728 2845 ita
759 2788 1181 2859 respondemus,
1199 2800 1325 2840 cum
1349 2782 1586 2854 quadam
1607 2779 1990 2837 observatione

410 2883 867 2941 considerandum
914 2896 1059 2944 esse,
1089 2878 1342 2949 angelum
1387 2875 1479 2932 ubi
1518 2874 1616 2941 ait,
1677 2892 1697 2926 ι
1737 2872 1805 2927 Ει
1841 2872 1992 2929 dabit

411 2980 490 3034 illi
532 2979 795 3034 Dominus
820 2983 1080 3032 thronum
1116 2973 1364 3039 David“,
1398 2993 1417 3026 ι
1457 2987 1802 3044 nequaquam
1832 2970 1992 3026 addi-

410 3073 579 3140 disse,
604 3082 665 3127 ut
697 3072 1048 3127 conﬁrmaret
1065 3078 1119 3125 et
1148 3068 1533 3123 corroboraret
1554 3083 1569 3132 ;
1593 3065 1690 3120 sed
1716 3063 1987 3128 absolute,

2163 2222 2252 2276 15.
2279 2221 2390 2274 Kal
2414 2219 2666 2273 κατανόει
2688 2218 2846 2288 λόγον
2878 2218 2970 2270 καὶ
3000 2217 3178 2288 δόγμα
3215 2217 3688 2290 συνυφιστάμενον

2087 2316 2155 2385 τῇ
2186 2312 2440 2384 ἐξηγήσει
2463 2311 2656 2382 ταύτῃ.
2683 2308 2914 2380 Ζητοῦσι
2937 2308 3045 2380 γὰρ
3072 2309 3547 2380 παρασαλεύοντες
3572 2311 3687 2380 (L9)

2091 2404 2272 2458 πάντα
2315 2404 2362 2455 οἱ
2391 2403 2676 2474 αἱρετικοὶ,
2717 2402 2812 2454 καὶ
2853 2400 3182 2473 διερωτῶσιν
3217 2401 3642 2472 ὑποκρινόμενοι
3671 2417 3685 2432 °

2094 2495 2158 2550 Εἰ
2178 2494 2336 2548 τοῦτο
2361 2492 2812 2565 παρηκολούθησε
2844 2495 2909 2563 τῇ
2943 2491 3216 2564 σαρκώσει
3260 2493 3500 2564 Χριστοῦ
3519 2510 3534 2523 ·
3565 2495 3688 2564 ἦτοι

2094 2588 2346 2651 λαϐόντος
2391 2587 2484 2640 τὸν
2525 2585 2712 2656 θρόνον
2758 2584 2924 2638 Δαϐὶδ
2965 2585 3060 2638 τοῦ
3108 2585 3316 2656 πατρὸς
3364 2585 3558 2652 αὑτοῦ,
3592 2587 3688 2640 καὶ

2095 2675 2516 2748 βασιλεύσαντος
2546 2675 2639 2727 ἐπὶ
2665 2675 2757 2728 τὸν
2784 2670 2933 2728 οἷκον
2968 2671 3164 2727 Ἰακὼϐ
3192 2675 3272 2737 είς
3299 2675 3425 2731 τοὺς
3458 2673 3684 2738 αἰῶνας.

2095 2769 2240 2842 Πρὸς
2269 2767 2362 2832 οὓς
2381 2767 2820 2839 ἀποκρινόμενοι,
2853 2766 3030 2836 φαμὲν
3059 2767 3142 2818 ὅτι
3172 2764 3288 2836 μετ’
3305 2765 3688 2837 ὲπιτηρήσεως

2095 2861 2178 2915 δεῖ
2201 2864 2506 2932 προσέχειν,
2534 2861 2636 2930 ᾆτι,
2658 2861 2902 2922 εἰπόντος
2921 2859 3016 2913 τοῦ
3044 2858 3304 2927 ἀγγέλου,
3341 2877 3360 2910 ι
3383 2860 3496 2912 Καὶ
3527 2859 3689 2912 δώσει

2095 2955 2244 3026 αὐτῷ
2282 2954 2484 3025 Κύριος
2512 2953 2601 3006 τὸν
2638 2953 2824 3024 θρόνον
2859 2952 3043 3018 Δαϐὶδ,
3086 2970 3106 3003 ι
3140 2952 3242 3004 οὐκ
3275 2952 3686 3022 ἐπεσημήνατο,

2097 3049 2180 3117 ἐφ’
2211 3040 2254 3114 ᾧ
2288 3045 2536 3117 στηρίξαι
2593 3045 2628 3115 ἢ
2677 3043 3001 3114 βεϐαιῶσαι·
3036 3042 3150 3096 ἀλλ’
3185 3042 3471 3105 ἀπολύτως
3515 3041 3687 3109 λέγει,

418 3117 579 3140 -.-νη
607 3117 665 3127 ..-
699 3117 1118 3127 -ν......-..-----
1153 3117 1530 3123 ---ην-η--
1555 3117 1569 3132 ,
1595 3117 1689 3120 ___,
1885 3117 1889 3118 ν
1948 3117 1986 3128 ν,

418 3184 437 3216 ‹
460 3165 696 3220 etdabit.
736 3183 755 3216 ι
781 3163 919 3217 Hinc
942 3169 1155 3232 oportet
1174 3175 1241 3216 ex
1268 3159 1336 3214 iis
1357 3173 1479 3229 quae
1499 3173 1558 3213 re
1579 3164 1633 3212 et
1651 3172 1814 3228 opere
1843 3171 1994 3211 com-

2120 3158 2123 3191 :
2161 3140 2254 3193 καὶ
2282 3137 2463 3192 δώσει.
2503 3155 2523 3190 ι
2559 3135 2873 3190 Κάντεῦθεν
2905 3135 3008 3206 χρὴ
3037 3137 3102 3188 ὲκ
3124 3135 3234 3188 τῶν
3256 3135 3379 3188 κατ’
3406 3135 3689 3204 ἐνέργειαν

412 3260 558 3330 pleta
583 3266 732 3323 sunt,
749 3255 1126 3311 difﬁcultatem
1151 3253 1385 3309 solvere.
1403 3250 1540 3305 Nam
1558 3250 1715 3316 illud,
1737 3269 1756 3301 ι
1782 3249 1955 3314 dabit,
1971 3269 1990 3301 ι

413 3351 619 3406 dictum
653 3356 758 3413 est,
796 3348 872 3402 ita
895 3354 956 3400 ut
981 3344 1324 3401 transtulerit
1346 3357 1576 3414 regnum
1611 3343 1768 3404 illud,
1792 3349 1854 3397 ut
1881 3341 1998 3412 ipse

413 3441 669 3498 Christus
733 3439 800 3494 ad
847 3437 1066 3494 Iudaeos
1125 3438 1359 3508 loquens
1423 3436 1819 3506 interpretatus
1869 3443 1993 3490 est:

421 3555 438 3586 ι
480 3531 604 3589 Ideo
633 3533 914 3588 auferetur
942 3546 972 3585 a
1003 3531 1162 3586 vobis
1209 3544 1462 3601 regnum,
1498 3536 1552 3584 et
1595 3527 1818 3583 dabitur
1849 3525 2000 3598 genti

415 3626 640 3682 facienti
704 3625 920 3680 fruetus
961 3623 1163 3692 ejus".
1205 3642 1223 3674 ι
1253 3621 1443 3691 itaque
1488 3627 1714 3690 accepto
1746 3619 1999 3676 Christus

414 3731 585 3786 regno
640 3713 882 3782 Davidis,
930 3711 1216 3768 transtulit
1272 3711 1404 3766 illud
1461 3710 1720 3781 deditque
1788 3710 2000 3766 sanctis

415 3811 856 3867 Christianorum
906 3809 1151 3879 regibus,
1192 3814 1254 3861 ut
1293 3812 1637 3861 converteret
1683 3819 1778 3859 eos
1805 3802 1873 3856 ad
1901 3802 2001 3857 do-

416 3915 565 3953 mum
600 3897 791 3963 Jacob,
825 3905 880 3953 et
914 3896 1154 3952 traderet
1189 3896 1339 3950 illam
1385 3895 1444 3949 in
1472 3893 1828 3965 opprobrium
1858 3898 1912 3947 et
1944 3893 2000 3946 in

417 3991 796 4060 direptionem.
841 3987 1135 4059 Regnatin
1175 3985 1523 4041 Christianos
1577 3984 1634 4038 in
1675 3983 1897 4046 saecula,
1945 3990 2001 4038 et

417 4083 572 4153 regni
620 4082 742 4151 ejus
791 4097 902 4135 non
945 4081 1050 4134 erit
1093 4079 1238 4134 ﬁnis.
1272 4077 1460 4147 Neque
1494 4075 1639 4132 enim
1677 4076 1768 4130 alii
1799 4076 2000 4145 populo

417 4173 760 4240 relinquetur
793 4169 952 4240 juxta
993 4168 1242 4222 visiones
1280 4165 1522 4220 Danielis
1548 4164 1866 4235 prophetae;
1905 4164 2000 4218 sed

416 4265 718 4334 praedicant
745 4261 1070 4334 (prophetae)
1104 4261 1286 4331 ipsum
1314 4257 1595 4313 Christum
1642 4273 1826 4326 regem
1851 4271 1994 4321 esse,

420 4365 856 4428 perseverantem
880 4369 1055 4425 usque
1080 4353 1149 4408 ad
1174 4352 1475 4408 secundum
1495 4365 1654 4406 suum
1677 4348 1998 4403 adventum:

420 4466 530 4520 quo
556 4457 799 4519 tempore
821 4463 945 4502 cum
975 4446 1207 4511 venerit,
1231 4460 1329 4499 rex
1351 4441 1594 4497 manebit
1620 4441 1677 4495 in
1706 4440 1928 4503 saecula,
1949 4446 1994 4494 el

2120 4421 2266 4475 ιιύτὸν
2305 4419 2502 4491 διαρκῆ
2539 4417 2698 4490 μέχρι
2727 4417 2826 4487 τῆς

419 4541 572 4612 regni
599 4556 721 4610 ejus
751 4555 860 4594 non
883 4538 990 4594 erit
1011 4536 1157 4592 ﬁnis.
1181 4534 1318 4590 Cum
1341 4534 1486 4589 enim
1509 4540 1674 4589 natus
1694 4547 1762 4586 ex
1783 4528 2008 4599 Virgine

422 4633 606 4687 omnia
639 4630 991 4701 compleverit
1031 4643 1153 4698 quae
1181 4631 1432 4695 spectant
1464 4621 1829 4679 oeconomiam
1860 4633 2009 4674 mor-

425 4725 496 4779 tis
524 4731 578 4778 et
607 4721 809 4787 crucis,
835 4727 891 4774 et
917 4725 1044 4790 post
1074 4715 1535 4772 resurrectionem
1558 4715 1756 4769 dixerit
1790 4731 1803 4767 :
1827 4729 1845 4762 ι
1874 4709 2010 4764 Data

422 4826 508 4873 est
542 4816 676 4871 mihi
723 4814 902 4870 omnis
935 4818 1183 4882 potestas
1237 4810 1296 4864 in
1341 4809 1481 4864 coelo
1521 4813 1576 4862 et
1608 4806 1665 4860 in
1703 4803 1946 4868 terra";
1988 4822 2008 4855 ›

419 4909 533 4980 jam
556 4910 683 4968 inde
700 4907 968 4977 regnavit,
991 4913 1045 4960 et
1068 4902 1509 4958 Christianorum
1535 4915 1626 4954 rex
1647 4895 1976 4966 praedicatur
1996 4897 2009 4933 ε

424 4999 883 5074 quemadmodum
914 4999 1070 5051 initio
1105 5009 1329 5066 precum
1375 4998 1568 5046 mutuo
1593 4985 2006 5056 compellantes,

424 5097 664 5151 clamare
695 5094 874 5148 solent
903 5110 916 5146 :
947 5089 1160 5153 Venite,
1199 5086 1490 5142 adoremus
1549 5086 1605 5135 et
1654 5077 2010 5148 procidamus

425 5202 611 5243 coram
662 5185 884 5242 Christo
919 5181 1069 5253 Rege
1098 5186 1313 5236 nostro.
1339 5174 1406 5230 Et
1434 5178 1705 5229 venturus
1727 5168 1784 5222 in
1812 5179 2012 5237 magno

425 5287 480 5333 et
505 5279 705 5334 illustri
739 5273 982 5333 secundo
1020 5273 1254 5326 adventu
1301 5281 1426 5329 suo,
1471 5264 1587 5334 ipse
1627 5257 1870 5315 manebit
1915 5270 2011 5308 rex

428 5374 484 5426 in
511 5370 732 5434 saecula,
759 5375 814 5424 et
843 5364 996 5436 regni
1029 5363 1151 5432 ejus
1182 5374 1291 5414 non
1318 5356 1425 5412 erit
1467 5353 1612 5408 ﬁnis.
1651 5346 1932 5419 Siquidem
1963 5345 2010 5398 is

507 5526 548 5557 δ’
588 5523 692 5578 lsa.
734 5536 927 5583 xnvm,
991 5516 1079 5572 l6.
1187 5514 1233 5545 '°
1275 5503 1714 5583 Zach.__n,_i0,
1766 5500 1856 5554 Η.

430 5595 477 5627 ⁵⁸
517 5565 692 5649 ibid?"
721 5565 1164 5649 s3"i{£.'i'in.'§n,
1199 5583 1290 5638 45.
1365 5580 1412 5612 ³⁸
1451 5565 1642 5633 Μοιίὶι,
1679 5565 1891 5634 xxvm,
1931 5565 2019 5621 18.

433 5778 470 5833 d
501 5709 612 5832 (4?)
654 5707 964 5778 Angliam,
992 5704 1074 5757 ὅτι
1145 5702 1254 5756 ἰδοὺ
1308 5699 1560 5771 ἔρχομαι.
1599 5694 1661 5749 In
1687 5689 1834 5754 aliis,
1889 5682 1998 5738 ἰδού

473 5794 562 5833 ees
597 5818 608 5831 .

473 5794 586 5835 eesr
597 5818 608 5831 .

1963 5496 2007 5527 "
2050 5493 2187 5551 Gen.
2252 5509 2380 5556 xix,
2444 5490 2535 5546 24.

2097 3230 2565 3285 ἀποτελεσθέντων
2591 3227 2946 3282 ἐπιλύσασθαι
2973 3225 3032 3280 τὸ
3060 3226 3262 3296 ἄπορον
3283 3243 3295 3255 ο
3324 3227 3406 3279 ὅτι
3437 3225 3499 3278 τὸ
3530 3243 3548 3275 ι
3595 3225 3692 3278 δὼ-

2099 3341 2181 3378 σει
2206 3344 2224 3375 ι
2241 3325 2476 3395 εἴρηται,
2519 3323 2606 3391 ἐφ’
2633 3315 2676 3388 ᾧ
2696 3321 3032 3392 μεταστῆσαι
3056 3319 3245 3372 τοῦτον
3273 3318 3364 3372 τὸν
3386 3318 3693 3388 θρόνον,ὠς

2097 3417 2193 3470 καὶ
2238 3415 2398 3479 αὐτὸς
2437 3416 2466 3468 6
2505 3413 2740 3485 Χριστὸς
2771 3411 3142 3483 διερμηνεύων
3190 3411 3342 3479 ἔλεγε
3377 3412 3515 3482 πρὸς
3552 3411 3692 3463 Ἰου-

2098 3509 2303 3571 δαίους·
2343 3526 2361 3559 ι
2400 3506 2498 3559 Διά
2520 3505 2677 3559 τοῦτο
2709 3505 3008 3575 ἀρθήσεται
3039 3503 3132 3572 ἀφ’
3163 3503 3317 3574 ὑμῶν
3351 3505 3384 3573 ή
3419 3501 3692 3572 βασιλεία,

2101 3600 2196 3653 καὶ
2227 3599 2510 3668 δοθήσεται
2546 3596 2690 3650 ἔθνει
2724 3595 2965 3649 ποιοῦντι
2999 3595 3127 3657 τοὺς
3153 3594 3402 3665 καρποὺς
3428 3593 3623 3663 αὐτῆς.
3671 3611 3690 3643 ι

2101 3691 2310 3744 Οὐκοῦν
2334 3688 2514 3743 λαϐὼν
2537 3691 2565 3741 6
2585 3688 2818 3760 Χριστὸς
2842 3687 2931 3739 τὸν
2954 3685 3143 3757 θρόνον
3155 3684 3340 3749 Δαϐὶδ,
3359 3685 3695 3754 μετέστησεν

2100 3783 2262 3836 αὐτὸν
2291 3782 2384 3834 καὶ¹
2429 3780 2596 3833 ἔδωκε
2634 3781 2746 3842 τοῖς
2784 3776 2960 3846 ἁγίοις
2991 3776 3335 3847 Χριστιανῶν
3385 3775 3695 3845 βασιλεῦσι,

2101 3873 2504 3944 ὲπαναστρέψαι
2533 3871 2752 3932 τούτους
2784 3870 2878 3923 ἐπὶ
2902 3869 2992 3922 τὸν
3021 3865 3168 3921 οἷκον
3202 3866 3395 3921 Ἰακώϐ
3417 3883 3430 3896 ·
3447 3868 3564 3920 .xal
3591 3885 3698 3919 πα·-

2103 3965 2293 4037 ραδοὺς
2326 3965 2487 4018 αὐτὸν
2516 3965 2596 4026 είς
2614 3959 2918 4032 ὀνειδισμὸν
2942 3959 3038 4012 καὶ
3059 3961 3139 4022 είς
3163 3959 3496 4030 διαρπαγὴν,
3540 3959 3697 4028 βασι-

2100 4055 2245 4108 λεύει
2293 4057 2350 4106 ὲν
2395 4054 2736 4125 Χριστιανοῖς
2765 4051 2846 4113 είς
2875 4050 3001 4111 τοὺς
3027 4049 3250 4112 αἰῶνας,
3285 4049 3372 4100 καὶ
3404 4040 3506 4116 τῆς
3539 4046 3696 4117 βασι-

2101 4145 2249 4207 λείας
2299 4142 2461 4196 αύτοῦ
2515 4143 2616 4195 οὐκ
2662 4140 2814 4193 ἔσται
2864 4138 3052 4201 τέλος’
3081 4137 3203 4190 οὐδὲ
3249 4135 3358 4207 γὰρ
3382 4135 3499 4206 λαῷ
3525 4135 3700 4206 ἑτέρῳ

2103 4233 2732 4307 ὑπολειφθήσεται,κατὰ
2761 4231 2860 4296 τὰς
2893 4233 3109 4303 ὁράσεις
3133 4229 3331 4299 Δανιὴλ
3355 4227 3450 4280 τοῦ
3483 4231 3700 4298 προφή-

2101 4348 2214 4384 του·
2235 4329 2348 4382 ἀλλ’
2365 4327 2824 4399 ἀνακηρύττουσιν
2844 4325 3004 4378 αὐτὸν
3027 4322 3260 4394 Χριστὸν
3285 4320 3514 4390 βασιλέα
3531 4315 3696 4379 εἶναι,

2867 4414 3125 4487 δευτέρας
3167 4412 3334 4468 αὐτοῦ
3365 4412 3694 4481 παρουσίας,

2108 4513 2227 4567 καθ’
2259 4514 2326 4584 ήν
2354 4511 2725 4582 ὲλευσόμενος,
2759 4511 2910 4580 μένει
2945 4507 3196 4580 βασιλεὺς
3220 4507 3301 4570 είς
3323 4507 3449 4568 τοὺς
3469 4505 3694 4568 αἰῶνας.
3731 4552 3754 4583 ί

2107 4605 2202 4657 καὶ
2252 4604 2352 4674 τῆς
2403 4601 2678 4673 βασιλείας
2724 4599 2891 4655 αὐτοῦ
2945 4600 3047 4653 οὐκ
3098 4598 3252 4651 ἔσται
3293 4595 3466 4658 τέλος.
3501 4595 3566 4646 Εἰ
3594 4585 3698 4662 γὰρ

2109 4693 2385 4764 γεννηθεὶς
2433 4695 2498 4746 ὲκ
2538 4693 2637 4762 τῆς
2669 4691 2969 4763 Παρθένου,
3006 4689 3101 4742 καὶ
3153 4686 3330 4741 πάντα
3360 4685 3593 4747 τελέσας
3630 4685 3697 4734 τὰ

2110 4785 2252 4840 κατά
2300 4789 2396 4856 τήν
2443 4781 2751 4853 οἰκονομίαν
2784 4781 2877 4834 τοῦ
2910 4779 3140 4834 θανάτου
3171 4778 3263 4831 καὶ
3296 4775 3391 4828 τοῦ
3435 4771 3696 4844 σταυροῦ,

2110 4879 2349 4942 ἀναστάς
2375 4894 2539 4948 φησιν
2559 4893 2572 4908 ο
2611 4895 2629 4928 ι
2677 4873 2860 4944 Ἐδόθη
2896 4890 2983 4943 μοι
3019 4873 3168 4925 πᾶσα
3197 4869 3415 4934 ἐξουσία
3445 4868 3504 4918 ὲν
3537 4869 3699 4936 ούρα-

2108 4971 2186 5042 νῷ
2215 4972 2306 5025 καὶ
2335 4971 2428 5024 ἐπὶ
2454 4971 2584 5040 γῆς·
2623 4987 2641 5020 ι
2675 4968 2774 5038 ήδη
2805 4964 3014 5018 ἐκεῖθεν
3055 4962 3390 5028 ἐϐασίλευσε,
3425 4961 3523 5013 καὶ
3567 4960 3699 5013 ἀνα-

2111 5063 2439 5137 κηρύττεται
2480 5057 2823 5132 Χριστιανῶν
2864 5054 3151 5126 βασιλεύς·
3190 5054 3265 5116 ὡς
3305 5051 3399 5105 καὶ
3445 5050 3568 5104 κατ’
3601 5051 3696 5118 ἀρ-

2112 5156 2214 5227 χὰς
2257 5155 2367 5209 τῶν
2413 5153 2590 5224 εὐχῶν
2650 5149 3079 5220 συγκαλούμενοι
3135 5144 3414 5215 ἀλλήλους,
3455 5143 3695 5212 ἀνακρα-

2114 5249 2264 5314 ζουσι
2299 5246 2544 5314 λέγοντες
2563 5261 2576 5276 ο
2615 5242 2799 5307 Δεῦτε,
2831 5241 3313 5314 προσκυνήσωμεν,
3338 5235 3432 5288 καὶ
3454 5233 3692 5305 προσπέ-

2117 5356 2298 5410 σωμεν
2349 5336 2497 5406 αὐτῷ
2530 5334 2752 5408 Χριστῷ
2780 5333 2861 5406 τῷ
2890 5332 3100 5403 βασιλεῖ
3122 5328 3298 5400 ἡμῶν.
3332 5326 3446 5379 Kal
3467 5324 3695 5396 ἐρχόμε-

2637 5491 2682 5522 ⁸²
2747 5488 2894 5545 Psal.
2928 5502 3038 5552 crx,
3100 5475 3178 5538 l.‘
3252 5481 3298 5513 ⁵³
3336 5479 3471 5533 Luc.
3516 5463 3689 5541 1,.52.

2183 5677 2293 5744 (4m
2357 5667 3174 5745 Anglican.,ﬁapaxsleuovreg.
3218 5660 3414 5735 _Quem
3474 5660 3694 5715 secutus

2003 5823 2008 5827 ἱ
2095 5749 2368 5810 .Nannius
2401 5755 2504 5801 cst.
