3832 6216
164 286 261 347 95Ἰ
1087 289 1320 346 SERMO
1350 290 1414 344 IN
1453 287 2070 345 ANNUNTIATIONEM
2113 288 2462 344 DEIPKRIE.
3299 289 3404 346 958

163 431 244 475 νος
277 433 417 471 κατα
443 413 542 485 τὴν
591 413 829 485 μεγάλην
860 411 952 466 καὶ⁵
1003 409 1242 479 ὲπιφανῆ
1273 407 1436 462 αὐτοῦ
1463 408 1721 479 δευτέραν

1850 426 1939 480 pse
1985 410 2079 480 qui
2122 424 2188 464 ex
2251 407 2475 478 Virgine
2509 413 2670 462 natus
2711 416 2818 472 est,
2881 423 2976 464 rex
3024 417 3128 473 est,
3174 415 3229 464 et
3289 410 3407 479 ipse

164 505 479 575 παρουσίαν,
504 505 664 568 αὐτὸς
692 506 840 576 μένει
867 504 1114 575 βασιλεὺς
1138 507 1217 567 είς
1243 505 1367 568 τοὺς
1390 502 1613 566 αἰῶνας,
1636 505 1729 557 καὶ

1850 499 2094 554 )ominus
2127 497 2290 552 Deus.
2322 496 2562 565 Ejusque
2600 499 2798 568 gratia,
2834 515 2954 569 qua:
2991 500 3169 569 ipsum
3194 501 3404 572 genuit,

163 598 256 666 τῆς
285 597 558 667 βασιλείας
585 598 749 650 αὑτοῦ
781 599 878 650 οὐκ
908 598 1058 651 ἔσται
1089 597 1259 660 τέλος.
1291 596 1401 650 Καὶ
1428 595 1550 647 ἐπεὶ
1570 594 1729 658 αὐτὸς

1850 591 2059 662 Regina,
2094 589 2323 645 Domina
2361 595 2415 643 et
2447 587 2675 659 Deipara
2717 589 2938 661 proprie
2985 604 3048 645 ac
3086 605 3215 646 vere
3264 604 3407 660 prai-

165 689 411 759 βασιλευς
442 691 587 743 ἐστιν
612 693 640 743 ὁ
665 694 728 743 ἐκ
751 691 852 761 τῆς
886 688 1160 761 Παρθένου
1181 685 1480 757 γεννηθεὶς,
1511 685 1606 739 καὶ
1635 686 1730 739 αὑ·
1833 685 2065 740 dicatur.

163 783 250 846 τὸς
299 783 500 853 Κύριος
547 784 576 834 ὁ
631 783 780 846 Θεός.
812 786 889 836 Δι’
917 784 1078 836 αὐτὸν
1108 784 1202 835 καὶ
1231 785 1263 852 ἡ
1303 780 1538 835 τεκοῦσα
1569 780 1730 834 αὐτὸν
1769 779 2074 852 βασίλισσα,
2099 779 2194 834 καὶ¹
2223 779 2402 852 Κυρία
2434 781 2527 833 καὶ
2547 778 2826 844 Θεοτόκος,
2865 780 3066 852 κυρίως
3129 780 3221 833 καὶ
3277 778 3408 850 ἀλη-

165 875 271 939 θῶς
297 876 697 946 δογματίζεται.

233 992 320 1046 Η.
352 992 461 1044 Καὶ
501 992 863 1062 ὲφαρμόζεται
898 991 1188 1046 κάντεῦθεν
1244 991 1423 1060 λέγειν
1473 991 1548 1055 ὡς
1595 989 1730 1061 πρὸς

162 1082 328 1151 αὐτὴν
355 1082 670 1153 ἀφορῶντας
699 1085 863 1152 ἡμᾶς,
895 1084 990 1136 καὶ
1016 1083 1150 1153 πρὸς
1181 1083 1342 1135 αὑτὸν
1369 1082 1462 1135 τὸν
1485 1081 1542 1148 ἐξ
1564 1080 1731 1150 αὐτῆς

163 1173 418 1244 τεχθέντα
450 1173 782 1245 σαρκοφὸρον
810 1173 937 1226 Υξὸν
971 1173 1168 1243 αὐτῆς⁹
1191 1172 1304 1225 Νῦν
1329 1190 1350 1223 ι
1388 1171 1634 1242 παρέστη
1669 1173 1734 1224 ὲκ

161 1265 348 1331 δεξιῶν
386 1283 477 1318 σου
529 1268 586 1318 ὲν
637 1265 914 1336 ἱματισμῷ
945 1264 1238 1336 διαχρύσῳ,
1275 1263 1731 1335 περιϐεϐλημένη,

165 1356 576 1428 πεποικιλμένη.
611 1377 629 1410 ι
671 1358 778 1411 Καὶ
806 1358 913 1428 γάρ
949 1356 1094 1410 καθά
1135 1355 1269 1427 γυνὴ
1302 1356 1666 1426 ἐχρημάτισεν
1700 1357 1734 1425 ἡ

167 1450 474 1519 βασίλισσα,
504 1452 598 1503 καὶ⁹
625 1449 824 1521 Κυρία,
860 1451 954 1502 καὶ
981 1451 1179 1520 Μήτηρ
1207 1449 1299 1502 τοῦ
1333 1447 1490 1512 Θεοῦ,
1521 1446 1738 1500 κατὰτὸ

164 1545 466 1611 γυναικεῖον
491 1543 659 1612 αὐτῆς
690 1542 894 1611 σχῆμα,
929 1541 1022 1594 καὶ
1047 1539 1140 1593 νῦν
1165 1539 1239 1604 ὡς
1282 1539 1564 1609 βασίλισσα
1593 1554 1739 1608 παρ·

166 1636 428 1706 ισταμένη
457 1637 520 1688 ὲκ
548 1633 733 1699 δεξιῶν
777 1633 868 1687 τοῦ
905 1633 1291 1704 παμϐασιλέως
1309 1632 1437 1684 Υίοῦ
1468 1631 1655 1702 αὐτῆς,
1677 1632 1734 1685 ὲν

1905 987 1995 1042 14.
2026 985 2273 1056 Hincque
2299 986 2455 1040 decet
2478 1000 2577 1039 nos
2602 999 2720 1040 eam
2746 985 3124 1055 respicientes,
3158 1000 3260 1040 nec
3299 1001 3409 1041 non

1837 1094 1902 1134 ex
1952 1094 2015 1133 ea
2060 1077 2303 1149 genitum
2359 1075 2693 1130 carniferum
2739 1075 2929 1140 ﬁlium,
2969 1077 3157 1131 dicere
3195 1094 3208 1130 :
3243 1075 3408 1131 Nunc

1844 1191 1862 1223 ι
1891 1172 2063 1227 astitit
2096 1186 2127 1224 a
2161 1170 2368 1226 dextris
2400 1171 2508 1226 tuis
2540 1171 2594 1224 in
2621 1169 2822 1225 vestitu
2850 1170 3136 1235 deaurato,
3165 1171 3409 1225 circum-

1838 1264 2062 1326 amicta,
2091 1263 2427 1318 circumdata
2461 1263 2809 1322 varietate".
2851 1283 2869 1315 ι
2904 1261 2978 1319 Ut
3006 1264 3155 1318 enim
3183 1262 3408 1329 femina,

1836 1353 2044 1424 Regina
2073 1361 2156 1409 est
2185 1361 2347 1425 atque
2381 1353 2609 1409 Domina
2644 1364 2698 1409 et
2724 1353 2891 1410 Mater
2919 1354 3014 1410 Dei
3050 1373 3065 1410 :
3093 1356 3318 1426 jamque
3350 1363 3413 1409 ut

1837 1448 2019 1517 regina
2048 1445 2210 1517 342
2243 1453 2430 1499 astans
2470 1461 2502 1498 a
2544 1445 2753 1502 dextris
2803 1445 3052 1500 omnium
3097 1445 3238 1516 regis
3282 1444 3412 1500 Filii

1837 1541 1946 1604 sui,
1978 1541 2034 1594 in
2063 1541 2262 1595 vestitu
2284 1537 2547 1593 deaurato
2576 1537 3007 1608 incorruptionis
3036 1545 3090 1592 et
3126 1539 3413 1591 immorta-

1836 1630 2026 1695 litatis,
2057 1629 2488 1693 circumamicta,
2521 1628 2783 1683 varietate
2823 1629 3162 1683 circumdata
3184 1668 3199 1693 ,
3237 1631 3413 1683 sacris

167 1724 447 1796 ἱματισμῷ
482 1724 753 1796 διαχρύσῳ
790 1724 889 1794 τῆς
923 1723 1247 1793 ἀφθαρσίας,
1281 1721 1736 1794 περιϐεϐλημένη,

1850 1719 2022 1775 verbis
2066 1719 2409 1784 celebratur;
2445 1734 2555 1773 non
2600 1719 2818 1789 quidem
2861 1719 3161 1775 secundum
3206 1720 3417 1791 simpli-

167 1816 581 1886 πεποικιλμένη,
613 1816 994 1888 ἱερολογεῖται·
1023 1815 1136 1868 ἀνθ’
1167 1809 1241 1869 ὧν
1274 1814 1407 1885 μηδὲ
1429 1814 1548 1867 καθ’
1578 1813 1744 1868 ἁπλό-

163 1926 306 1981 τητα
345 1906 734 1979 πνευματικὴν,
768 1908 861 1961 καὶ
901 1901 1012 1960 οἷον
1052 1908 1290 1980 ἄσαρκον
1322 1904 1741 1976 καὶάσώματον

167 1998 664 2071 παρίσταται,ἀλ).ἀ
697 1992 1128 2068 περιϐεϐλημένη
1169 1997 1266 2066 μὲν
1303 1995 1443 2049 κατά
1473 1995 1570 2066 τὴν
1605 2011 1741 2049 παν-

166 2091 470 2161 αγεστάτην
510 2090 678 2159 αὐτῆς
721 2089 894 2160 σάρκα
924 2088 1022 2158 τὴν
1061 2087 1368 2158 ἀφθαρσίαν
1421 2087 1514 2140 καὶ
1551 2086 1742 2139 ἀθανα-

168 2186 311 2248 σίαν,
357 2183 451 2237 καὶ
502 2181 890 2251 πεποικιλμένη
925 2179 1067 2234 κατά
1096 2180 1163 2233 τά
1196 2179 1541 2251 ὲπερείδοντα
1568 2179 1739 2250 αὐτῆς

164 2275 266 2344 τὴν
299 2273 477 2344 σάρκα
531 2270 916 2339 παναγιώτατα
951 2271 1104 2323 ὀστᾶ.
1144 2269 1256 2322 Καὶ
1288 2269 1396 2339 γὰρ
1421 2269 1512 2322 καὶ
1541 2270 1606 2321 ἐκ
1633 2269 1740 2321 τῶν

167 2367 388 2436 σαρκῶν
451 2366 618 2435 αὐτῆς
672 2365 766 2417 καὶ
813 2365 877 2416 ἐκ
935 2363 1044 2416 τῶν
1087 2361 1289 2414 ὀστέων
1332 2360 1526 2432 αὐτῆς,
1571 2361 1646 2424 ὡς
1676 2363 1742 2414 ὲκ

163 2457 267 2513 τοῦ
299 2456 464 2510 πάλαι
507 2455 697 2525 Ἀδὰμ,
723 2455 752 2506 ὁ
777 2454 896 2517 νέος
939 2453 1129 2524 Ἀδὰμ,
1187 2454 1307 2506 κατ’
1329 2451 1742 2523 ἀντιπρόσωπον

163 2548 380 2610 πλάσας
407 2547 580 2618 ἑαυτῷ
605 2547 702 2618 τὴν
744 2547 819 2610 ὡς
848 2547 1087 2618 πλευρὰν
1135 2545 1428 2615 σάρκωσιν,
1461 2544 1613 2614 φέρει
1645 2544 1743 2596 αύ-

163 2642 266 2710 τὴν
294 2639 404 2710 (50)
435 2641 514 2701 et;
553 2639 614 2692 τὸ
655 2638 919 2707 διηνεκές.
955 2638 1065 2691 Καὶ
1115 2636 1362 2690 ἐντεῦθεν
1411 2637 1446 2706 ἡ
1489 2636 1582 2689 νέα
1609 2634 1742 2700 Εὕα,

165 2733 368 2802 Μήτηρ
388 2732 486 2802 τῆς
511 2730 652 2801 ζωῆς
683 2730 1078 2800 ὀνομαζομένη,
1108 2729 1257 2800 μένει
1285 2727 1742 2800 περιϐεϐλημένη,

166 2822 588 2893 πεποικιλμένη,
632 2823 710 2884 εἰς
759 2819 1010 2891 ἀπαρχὴν
1043 2819 1185 2891 ζωῆς
1227 2818 1492 2872 ἀθανάτου
1530 2819 1745 2872 πάντων

166 2913 279 2967 τῶν
314 2912 547 2978 ζώντων.
575 2911 829 2983 Εἵπωμεν
849 2912 1026 2965 τοίνυν
1055 2912 1146 2964 καὶ
1173 2906 1444 2974 αὖθιςκαὶ
1465 2909 1624 2962 πάλιν
1652 2909 1746 2962 καὶ

167 3006 258 3058 ἀεὶ
288 3006 383 3058 καί
401 3004 488 3058 διά
518 3004 824 3068 παντὸς,ώς
844 3004 980 3075 πρὸς
1000 3003 1160 3057 αὑτὸν
1184 3002 1274 3056 τὸν
1300 3001 1520 3072 βασιλέα
1545 3001 1745 3073 Κύριον

167 3098 269 3150 καὶ
301 3099 452 3160 Θεὸν,
493 3099 586 3150 καὶ
619 3097 754 3168 πρὸς
780 3097 946 3165 αὐτὴν
983 3094 1081 3164 τὴν
1112 3093 1426 3164 βασίλισσαν
1457 3092 1666 3164 Κυρίαν
1685 3110 1744 3145 τε
1771 3080 1813 3136 C

170 3191 269 3242 καὶ
284 3189 542 3241 Θεοτόκον
561 3188 979 3251 ἀποϐλέποντες,
1003 3188 1213 3258 κινήσει
1237 3185 1468 3257 θεωρίας
1491 3177 1582 3238 τοῦ
1609 3185 1750 3238 κατά

173 3279 302 3333 νοῦν
329 3281 488 3352 ἡμῶν
518 3279 822 3351 διορατικοῦ
853 3279 1163 3350 ὀφθαλμοῦο
1206 3298 1224 3330 ι
1257 3279 1508 3349 Παρέστη
1535 3280 1568 3349 ἡ
1604 3277 1752 3348 βασί-

172 3371 334 3425 λισσα
365 3373 430 3424 ἐκ
456 3367 642 3434 δεξιῶν
673 3389 765 3424 σου
797 3373 854 3423 ὲν
889 3369 1167 3442 ἱματισμῷ
1199 3370 1497 3441 διαχρύσῳ,
1532 3370 1750 3440 περιϐε-

174 3461 444 3532 ϐλημένη,
472 3461 882 3531 πεποικιλμένη.
919 3481 938 3511 ι
978 3462 1086 3514 Καὶ
1119 3460 1183 3529 δὴ
1225 3459 1483 3524 ἄκουσον,
1515 3457 1750 3530 θύγατερ

171 3553 340 3608 Δαϐὶδ
379 3554 471 3605 καὶ
527 3553 794 3623 Ἀϐραὰμ,
829 3553 922 3606 καὶ
977 3551 1155 3604 κλῖνον
1185 3551 1246 3603 τὸ
1275 3547 1368 3613 οὖς
1395 3568 1487 3604 σου
1542 3551 1621 3614 εἰς
1654 3551 1752 3622 τὴν

169 3645 360 3718 δέησιν
419 3644 593 3716 ἡμῶν,
638 3644 732 3697 καὶ
788 3644 862 3722 μὴ
912 3642 1138 3714 ὲπιλάθῃ
1175 3641 1268 3695 τοῦ
1307 3641 1433 3695 λαοῦ
1465 3659 1586 3705 σου,
1620 3641 1752 3712 μηδὲ

173 3739 339 3812 ἡμῶν
365 3739 459 3792 τοῦ
481 3737 628 3792 οἴκου
661 3738 870 3808 Πατρός
901 3754 1014 3791 σου.
1044 3737 1286 3808 Πατέρες
1314 3735 1422 3806 γάρ
1458 3751 1552 3787 σου
1586 3734 1751 3803 ἐσμὲν

173 3832 339 3888 κατά-
374 3832 472 3902 τὴν
532 3829 820 3898 ἀναλογίαν
849 3829 985 3898 (51),
1017 3827 1111 3881 καὶ
1145 3825 1392 3896 θυγάτηρ
1426 3823 1584 3896 ἡμῶν
1614 3823 1753 3877 κατά

171 3922 277 3994 τὴν
305 3919 546 3990 ἐξιήμῶν
582 3920 853 3989 γέννησιν,
883 3919 976 3971 καὶ
1006 3917 1210 3989 πρέπον
1247 3917 1329 3970 σοί
1358 3919 1502 3969 ἐστιν
1531 3915 1604 3978 ὡς
1630 3915 1754 3985 Μη-

173 4015 314 4084 τέρα
341 4012 433 4065 τοῦ
465 4010 598 4064 Θεοῦ
624 4011 937 4081 γενομένην,
970 4010 1282 4080 βασίλισσαν
1313 4025 1372 4060 τε
1400 4008 1494 4060 καὶ
1519 4005 1749 4074 Κυρίαν,

173 4107 276 4160 καὶ
307 4103 696 4167 δέσποιναν,δι’
725 4103 883 4155 αὐτὸν
910 4105 1000 4156 τὸν
1029 4105 1091 4155 ὲκ
1124 4099 1217 4155 σοῦ
1248 4100 1506 4172 τεχθέντα
1531 4098 1754 4168 βασιλέα

174 4200 277 4252 καὶ
315 4197 539 4269 Κύριον,
591 4197 685 4249 καὶ
728 4196 878 4259 Θεὸν,
908 4196 1001 4248 καὶ
1044 4195 1330 4264 δεσπότην,
1373 4190 1750 4263 μνημονεύειν,

175 4288 543 4360 παρεστῶσαν
590 4287 683 4340 ἐπὶ
733 4285 826 4338 τοῦ
861 4289 989 4356 ἡμῖν
1030 4286 1124 4356 μὲν
1156 4283 1408 4355 φοϐεροῦ,
1437 4284 1519 4335 σοὶ
1543 4281 1600 4334 δὲ
1629 4298 1754 4351 τερ-

175 4378 343 4442 πνοῦ,
376 4379 470 4431 καὶ
523 4377 704 4440 πάσας
755 4377 1079 4445 παρέχοντος
1105 4376 1364 4446 χάριτας·
1406 4373 1524 4427 ἀνθ’
1553 4366 1628 4428 ὧν
1658 4371 1753 4424 καὶ

173 4469 598 4542 κεχαριτωμένη
620 4467 961 4538 ὼνομάσθης,
989 4467 1064 4530 ὡς
1081 4468 1259 4536 πάσης
1280 4467 1453 4536 χαρᾶς
1470 4463 1752 4527 ἀνάπλεως

173 4562 592 4632 ἀναδειχθεῖσα,
622 4561 712 4614 διὰ
739 4561 838 4630 τῆς
867 4560 958 4613 ἐπὶ
993 4560 1053 4612 σὲ
1091 4557 1184 4612 τοῦ
1230 4559 1385 4626 ἁγίου
1438 4557 1755 4626 Πνεύματος

175 4653 542 4713 ὲπελεύσεως.
579 4651 670 4704 Διὸ
699 4650 794 4704 καὶ
833 4649 895 4701 τὸ
936 4648 1221 4720 πρόσωπόν
1257 4665 1348 4700 σου
1387 4646 1754 4708 λιτανεύοντες

174 4748 231 4800 οἱ
267 4744 512 4798 πλούσιοι
539 4742 632 4796 τοῦ
665 4741 795 4795 λαοῦ
823 4739 1270 4810 πεπλουτισμένοι
1291 4738 1546 4793 τοιούτων
1573 4737 1754 4790 καλῶν

177 4839 278 4893 καὶ
325 4833 708 4905 πνευματικῶν
757 4832 1143 4902 θεωρημάτων,
1182 4831 1308 4901 περὶ
1363 4830 1456 4882 σοῦ
1509 4829 1750 4900 βοῶμεν·

174 4927 471 4998 Μνήσθητι
505 4924 682 4997 ήμῶν,
701 4923 938 4992 παναγία
958 4922 1218 4995 Παρθένε,
1249 4924 1343 4976 καὶ
1387 4921 1523 4992 μετά
1546 4922 1608 4974 τὸ
1631 4938 1755 4989 γενο

175 5023 348 5093 νῆσαι
378 5020 642 5091 παρθένος
666 5018 914 5089 μείνασα,
943 5020 1038 5070 καὶ
1063 5017 1271 5079 ἀντίδος
1319 5018 1452 5086 ἡμῖν
1485 5015 1606 5068 ἀντὶ
1645 5015 1754 5067 τῶν

181 5113 401 5185 μικρῶν
431 5112 634 5164 τούτων
663 5109 858 5180 λογίων
889 5109 1128 5180 μεγάλας
1156 5108 1256 5172 τὰς
1282 5107 1488 5178 δωρεὰς
1518 5105 1624 5160 ἀπὸ
1660 5105 1754 5158 τοῦ

177 5205 418 5262 πλούτου
460 5204 568 5257 τῶν
597 5203 951 5276 χαρισμάτων
983 5219 1098 5264 σου,
1133 5199 1545 5272 κεχαριτωμένη
1565 5217 1578 5229 ·
1616 5199 1754 5270 ὑπὲρ

174 5294 277 5364 ὧν,
317 5299 412 5352 κα.)⁹
439 5297 514 5360 ὼς
546 5296 915 5366 ὑποκειμένων
941 5295 1032 5348 καὶ
1066 5291 1402 5346 συστατικῶν
1453 5289 1753 5360 διαφωνῶν,

246 5509 298 5543 "
336 5507 487 5564 Psal.
521 5522 668 5574 ιιιν,
704 5507 792 5563 10.
865 5507 911 5540 ³⁸
941 5505 1072 5560 ibid.
1110 5504 1196 5557 ll.

248 5703 368 5777 (50)
401 5703 481 5760 Ita
513 5703 728 5774 Anglic.
755 5700 900 5756 Editi
929 5713 1054 5754 vero
1084 5703 1137 5752 et
1160 5695 1274 5758 alii,
1299 5693 1498 5763 αὐτόνη

498 5793 770 5855 ΡΑΤιιοι..
819 5793 936 5855 Gn.
981 5786 1279 5852 XXVIII.

1843 1813 2062 1868 citatem
2096 1812 2433 1882 spiritualem
2461 1820 2516 1866 et
2554 1813 2711 1883 quasi
2749 1812 2867 1867 sine
2905 1827 3072 1868 carne
3103 1820 3157 1868 et
3184 1827 3414 1883 corpore

1841 1914 2002 1968 astat,
2052 1904 2148 1960 sed
2193 1903 2626 1968 circumamicta,
2661 1904 2960 1960 secundum
2987 1921 3143 1961 suam
3175 1907 3413 1961 sanctis-

1841 1995 2033 2049 simam
2065 2009 2308 2061 carnem,
2347 1995 2756 2065 incorruptione
2801 2005 2857 2052 et
2898 1997 3328 2062 immortalitate,
3359 2007 3414 2053 et

1839 2083 2176 2140 circumdata
2207 2085 2492 2150 varietate,
2518 2085 2820 2142 secundum
2853 2102 2978 2143 ossa
3011 2087 3133 2158 ejus
3173 2089 3414 2144 sanctis-

1840 2177 1977 2231 Sina
2007 2193 2126 2248 qua:
2156 2193 2378 2234 carnem
2411 2179 2586 2248 ipsius
2616 2177 2864 2234 fulciunt.
2891 2179 3105 2235 Etenim
3136 2197 3201 2236 ex
3235 2182 3416 2236 carni-

1839 2269 1942 2324 bus
1971 2278 2024 2325 et
2070 2270 2290 2326 ossibus
2318 2271 2459 2340 ejus,
2487 2272 2646 2341 quasi
2675 2287 2742 2326 ex
2770 2273 2938 2327 veteri
2979 2273 3212 2339 Adamo,
3238 2289 3414 2330 novus

1839 2361 2008 2416 Adam
2063 2361 2501 2418 lncarnationem
2532 2364 2634 2419 sibi
2658 2364 2815 2433 quasi
2846 2374 3053 2421 costam
3086 2366 3414 2433 etformavit,

1841 2463 2123 2526 gestatque
2165 2455 2312 2508 illam
2340 2455 2396 2508 in
2427 2461 2768 2525 perpetuum.
2800 2455 2977 2528 Atque
3006 2457 3134 2512 hinc
3160 2466 3244 2514 est
3269 2460 3416 2530 quod

1844 2562 1983 2601 nova
2029 2547 2162 2612 Eva,
2217 2545 2386 2601 Mater
2419 2547 2543 2601 vita:
2585 2556 2921 2618 nuncupata,
2958 2558 3140 2604 manet
3187 2551 3418 2606 circum-

1845 2637 2042 2690 amicta
2075 2645 2129 2691 et
2177 2636 2514 2690 circumdata
2565 2637 2849 2703 varietate,
2885 2637 2954 2692 ad
2993 2639 3264 2713 primitias
3296 2643 3419 2696 vitae

1846 2728 2170 2782 immortalis
2205 2727 2449 2782 omnium
2481 2728 2803 2783 viventium.
2827 2729 3082 2786 Dicamus
3111 2731 3277 2800 igitur
3311 2733 3414 2788 ite-

1845 2834 1967 2872 rum
1998 2827 2160 2888 atque
2188 2819 2383 2874 iterum
2414 2835 2628 2888 semper
2652 2829 2707 2874 et
2739 2821 2792 2874 in
2825 2829 3166 2892 perpetuum,
3193 2838 3317 2878 cum
3349 2823 3418 2878 ad

1845 2913 2025 2982 ipsum
2076 2910 2276 2981 Regem
2308 2909 2597 2965 Dominum
2647 2920 2702 2966 et
2744 2911 2934 2979 Deum,
2968 2922 3081 2968 tum
3131 2915 3198 2970 ad
3241 2917 3420 2987 ipsam

1846 3005 2128 3076 Reginam,
2163 3003 2450 3059 Dominam
2500 3015 2555 3060 et
2609 3004 2892 3076 Deiparam
2942 3007 3320 3078 respicientes,
3351 3025 3421 3064 ex

1848 3107 1999 3152 motu
2027 3095 2261 3166 quodam
2283 3096 2756 3166 contemplationis
2775 3098 3074 3167 spiritualis
3109 3103 3173 3154 ac
3206 3101 3422 3171 perspi-

1849 3188 1996 3243 cacis
2021 3188 2163 3242 oculi
2191 3187 2398 3243 nostri:
2425 3211 2443 3238 ε
2467 3187 2652 3243 Astitit
2676 3187 2881 3260 Regina
2912 3205 2944 3244 a
2977 3189 3184 3247 dextris
3213 3193 3324 3250 tuis
3364 3195 3422 3250 in

1850 3282 2043 3336 vestitu
2082 3282 2344 3336 deaurato
2367 3321 2381 3344 ,
2423 3281 2852 3346 circumamicta,
2895 3284 3154 3338 varietate
3182 3285 3424 3341 circum-

1851 3371 1997 3428 data.
2023 3393 2042 3426 ι
2063 3373 2248 3444 Etjam
2266 3374 2414 3439 audi,
2435 3373 2543 3426 lilia
2562 3371 2730 3428 David
2752 3381 2806 3427 et
2821 3373 3118 3440 Abraham,
3143 3383 3197 3431 et
3220 3376 3423 3432 inclina

1852 3477 2038 3518 aurem
2092 3474 2239 3518 tuam
2285 3465 2352 3519 ad
2395 3463 2848 3534 supplicationem
2877 3472 3146 3531 nostram,
3185 3482 3254 3522 ne
3282 3469 3425 3523 obli-

1851 3555 2083 3610 viscaris
2109 3556 2294 3626 populi
2323 3555 2423 3619 tui,
2441 3571 2618 3625 neque
2641 3563 2887 3610 nostrum
2911 3555 3005 3625 qui
3022 3557 3218 3612 domus
3242 3557 3422 3613 Patris

1855 3662 2046 3702 sumus
2080 3648 2159 3702 tui
2181 3647 2246 3702 ⁸⁸.
2280 3646 2471 3702 Patres
2495 3662 2731 3716 namque
2755 3647 2831 3700 tui
2857 3629 3048 3701 sunius
3070 3649 3304 3717 quadam
3331 3665 3422 3703 ra-

1857 3741 2024 3804 tione,
2053 3747 2108 3796 et
2147 3740 2255 3794 ﬁlia
2283 3749 2474 3794 nostra
2503 3747 2563 3793 tu
2605 3754 2666 3794 es
2704 3754 2802 3808 per
2830 3740 3236 3808 generationem
3271 3749 3421 3796 tuam

1855 3847 1920 3887 ex
1951 3832 2108 3886 nobis
2130 3829 2424 3899 :decetque
2445 3838 2518 3894 te,
2541 3837 2727 3900 utpote
2751 3828 2844 3883 Dei
2868 3829 3114 3895 Matrem,
3132 3829 3420 3900 Reginam,

1853 3923 2140 3978 Dominam
2187 3931 2244 3978 et
2291 3922 2499 3985 heram,
2548 3929 2771 3993 pi-Opter
2831 3921 3054 3992 Regem,
3111 3921 3420 3986 Dominum,

1854 4013 2024 4070 Deum
2075 4021 2129 4068 et
2166 4013 2358 4068 herum
2397 4029 2463 4069 ex
2495 4021 2548 4067 te
2591 4021 2802 4076 natum,
2837 4021 3087 4067 nostrum
3121 4013 3425 4081 recordari,

1855 4114 2122 4162 astantem
2154 4105 2231 4159 illi
2284 4105 2377 4176 qui
2404 4105 2666 4160 terribilis
2694 4104 2875 4170 nobis,
2901 4106 2995 4159 tibi
3016 4105 3296 4174 jucundus
3315 4113 3422 4169 est,

1855 4212 2154 4267 omnesque
2182 4197 2281 4252 tibi
2321 4197 2548 4267 largitur
2587 4198 2822 4268 gratias;
2859 4196 3003 4251 unde
3046 4197 3219 4266 gratia
3265 4197 3425 4266 plena

1855 4299 2167 4362 nuncupata
2213 4306 2294 4354 es,
2345 4289 2504 4360 quasi
2556 4289 2707 4342 omni
2763 4288 2948 4342 laetitia
2997 4288 3176 4358 plena,
3205 4297 3428 4359 propter

1857 4383 2145 4439 adventum
2167 4381 2402 4451 Spiritus
2431 4381 2608 4436 sancti
2639 4381 2691 4434 in
2721 4389 2792 4435 te.
2823 4378 3186 4447 Quamobrem
3213 4382 3427 4436 vultum

1858 4484 2008 4529 tuum
2066 4475 2422 4544 deprecamur
2478 4488 2669 4527 omnes
2723 4471 2921 4526 divites
2974 4471 3174 4540 plebis,
3223 4471 3428 4526 talibus

1855 4566 2010 4620 ditati
2047 4565 2206 4620 bonis
2234 4579 2298 4619 ac
2325 4564 2703 4634 spiritualibus
2729 4562 3281 4632 contemplationibus
3315 4581 3327 4616 :
3358 4564 3428 4616 ad

1855 4665 1910 4713 te
1940 4659 2237 4713 clamamus
2267 4675 2281 4712 :
2312 4656 2618 4711 Recordare
2645 4655 3207 4722 nostri,sanctissima
3238 4653 3426 4724 Virgo,

1855 4765 1977 4820 qua:
2008 4757 2131 4820 post
2158 4759 2372 4820 partum
2405 4751 2558 4819 virgo
2584 4747 3023 4818 permansisti,et
3055 4747 3238 4800 tribue
3269 4746 3430 4801 nobis

1855 4857 1955 4912 pro
1987 4841 2198 4912 exiguis
2226 4841 2310 4896 bis
2337 4840 2703 4900 sermonibus,
2730 4853 2925 4909 magna
2957 4837 3103 4892 dona
3129 4851 3193 4892 ex
3219 4834 3428 4889 divitiis

1855 4932 2152 5002 gratiarum
2209 4940 2443 4994 tuarum,
2495 4943 2528 4984 ο
2577 4930 2752 5000 gratia
2801 4930 2959 4998 plena
2997 4945 3009 4981 :
3047 4941 3149 4996 pro
3203 4925 3426 4995 quibus,

1855 5024 2015 5095 quasi
2035 5025 2181 5081 veris
2219 5033 2272 5079 et
2307 5022 2650 5077 celebrandis
2688 5021 2964 5083 laudibus,
3001 5018 3101 5073 tibi
3146 5018 3214 5072 ad
3262 5030 3430 5070 enco—

1857 5121 2047 5183 mium,
2084 5120 2131 5173 si
2169 5133 2276 5188 qua
2301 5120 2498 5184 virtus,
2533 5117 2578 5171 si
2607 5130 2715 5186 qua
2747 5115 2890 5179 laus,
2925 5128 2957 5166 a
2985 5111 3166 5172 nobis,
3191 5124 3292 5163 nec
3317 5123 3430 5162 non

1856 5213 1925 5267 ab
1976 5211 2124 5267 omni
2163 5217 2412 5264 creatura
2454 5209 2693 5278 hymnus
2718 5206 2966 5267 olfertur,
3003 5202 3177 5272 gratia
3229 5202 3430 5270 plena.

1857 5304 2118 5370 Dominae,
2151 5301 2245 5357 Dei
2279 5300 2436 5357 Matri
2475 5311 2530 5357 et
2564 5315 2706 5356 arcae
2736 5294 3212 5354 sanctiﬁcationis.

1928 5682 2040 5755 (51)
2073 5681 2130 5737 In
2158 5679 2627 5754 margineAnglic.
2660 5675 2880 5749 legitur,
2909 5667 3429 5745 [οηεγενεαλογίαιδ.

3115 5765 3193 5827 30
