3832 6216
428 299 528 352 939
1537 295 1593 350 S.
1638 293 2004 349 ATIIANASH

2144 330 2210 338 —
2234 295 2465 351 DUBIA.
2860 314 2865 323 ·
3573 293 3678 346 940

423 411 786 481 διαφερόντως
811 425 891 462 σοι
925 409 1060 480 πρὸς
1083 407 1376 479 ἐγκώμιον,
1408 409 1460 462 εἴ
1493 425 1577 471 τις
1607 410 1800 481 ἀρετὴ,
1835 409 1931 462 καὶ
1957 410 2010 462 si
2038 426 2120 472 τις
2163 409 2400 475 ἔπαινος,
2433 408 2768 480 προσάγεταί
2823 425 2903 460 σοι
2953 409 3081 480 παρ’
3120 407 3272 478 ἡμῶν
3343 409 3435 461 καὶ
3496 411 3677 480 πάσης

425 505 524 575 τῆς
550 503 780 565 κτίσεως
805 501 992 572 ὕμνος,
1013 503 1080 572 τῇ
1114 501 1547 573 κεχαριτωμένη,
1568 504 1636 572 τῇ
1667 503 1847 572 Κυρίᾳ
1873 502 2004 574 (52),
2043 506 2107 574 τῇ
2143 502 2325 575 Μητρὶ
2351 503 2445 556 τοῦ
2477 503 2634 568 Θεοῦ,
2675 504 2769 555 καὶ
2802 501 3020 571 κιϐωτῷ
3051 500 3144 553 τοῦ
3181 500 3538 571 ἁγιάσματος.

502 599 587 652 15.
627 595 768 652 Ecce
795 597 909 666 jam
940 610 970 649 a
1007 597 1255 666 pratsenti
1296 602 1539 666 tempore
1583 605 1638 650 et
1682 597 1842 652 initio
1873 598 2000 658 diei,

2179 599 2265 652 15.
2312 600 2442 654 Ἶδοὺ
2496 599 2559 670 δὴ
2603 600 2694 652 καὶ
2739 598 2844 652 ἀπὸ
2879 597 2972 651 τοῦ
3004 597 3097 650 νῦν
3135 598 3228 650 καὶ
3259 599 3433 669 ἀρχῆς
3459 599 3678 669 ἡμέρας

427 690 586 760 quasi
617 689 890 760 primitias
911 687 1146 744 encomii
1182 689 1280 742 tibi
1323 689 1683 760 archangelus
1717 690 1997 745 contexuit

2103 690 2173 754 ὼς
2205 691 2458 762 ἀπαρχὴν
2502 691 2797 760 ἐγκωμίου,
2829 688 3230 761 προσεπλέξατό
3278 705 3360 741 σοι
3411 690 3532 742 κατ’
3581 693 3676 742 ἐπ-

427 779 746 835 clamando:
774 798 792 831 ι
828 782 963 844 Ave,
995 779 1171 850 gratia
1201 779 1379 850 plena,
1402 781 1663 836 Dominus
1683 788 1862 837 tecum
1879 783 1944 834 ⁵ο.
1974 803 1992 834 ι

2103 779 2312 851 ώνυμον
2338 780 2610 852 ἐγκώμιον
2647 782 2676 832 ὁ
2697 780 3030 851 ἀρχάγγελος
3059 779 3217 850 βοῶν·
3248 797 3267 829 ς
3293 780 3486 849 Χαῖρε,
3516 797 3680 849 κεχα-

427 873 649 928 Beatam
687 881 738 926 te
773 872 963 928 dicunt
995 887 1186 927 omnes
1225 873 1620 942 generationes.
1659 875 1734 928 Ac
1763 875 1996 944 primum

2103 872 2392 944 ριτωμένη,
2448 874 2476 925 6
2534 873 2736 944 Κύριος
2792 871 2930 942 μετὰ
2968 870 3086 924 σοῦ.
3132 891 3149 922 ι
3200 871 3580 942 Μακαρίζουσί
3620 890 3678 926 σε

426 980 617 1020 omnes
637 965 889 1021 caelestes
913 965 1225 1034 angelorum
1259 965 1598 1030 hierarchiaa,
1622 975 1674 1021 et
1693 981 1815 1036 quae
1835 980 1999 1036 super

427 1064 628 1111 terram
654 1055 1188 1119 sunt,hierarchicas
1206 1070 1402 1110 manus
1428 1055 1822 1120 attollentes,te
1841 1057 2002 1112 bene-

427 1147 617 1202 dicunt
647 1163 768 1218 quin
802 1148 858 1201 in
896 1147 1051 1202 cmlis
1075 1163 1134 1202 es
1155 1146 1459 1212 benedicta,
1490 1157 1543 1203 et
1580 1147 1635 1202 in
1664 1156 1811 1203 terra
1840 1149 1998 1204 beata

427 1241 761 1310 praedicaris.
798 1258 816 1290 ι
867 1238 1158 1294 Benedicta
1189 1247 1247 1292 tu
1281 1240 1334 1292 in
1369 1239 1691 1296 mulieribus
1728 1248 1782 1295 et
1833 1241 2000 1296 bene-

426 1332 606 1387 dictus
656 1332 868 1385 fructus
906 1331 1114 1385 ventris
1149 1331 1309 1384 tui“.
1344 1354 1362 1381 ι
1389 1329 1671 1400 Ejusmodi
1699 1340 1752 1386 te
1776 1331 2000 1386 benedi-

426 1425 716 1489 ctionibus,
751 1423 923 1494 prima
958 1423 1269 1477 hierarchia
1310 1424 1654 1488 thronorum,
1693 1423 1996 1490 cherubim,

425 1523 478 1571 et
499 1515 799 1585 seraphim,
831 1514 922 1585 qui
956 1512 1278 1567 inﬂammati
1311 1515 1678 1585 appellantur,
1707 1514 2000 1569 dicuntur-

425 1625 532 1680 que
576 1623 697 1663 esse
743 1607 1026 1678 plenitudo
1066 1608 1397 1678 cognitionis
1439 1608 1532 1662 Dei
1565 1616 1620 1662 et
1649 1606 2002 1680 Regis,cele-

427 1703 546 1756 brat
579 1699 767 1755 dicens
797 1719 811 1754 :
844 1698 1138 1754 Benedicta
1173 1709 1229 1753 tu
1268 1699 1322 1753 in
1353 1700 1680 1754 mulieribus
1701 1740 1716 1763 ,
1753 1708 1806 1754 et
1838 1701 2004 1754 bene-

425 1791 606 1845 dictus
654 1798 847 1846 venter
896 1799 1042 1852 tuus,
1084 1790 1178 1860 qui
1211 1788 1378 1844 Deum
1431 1794 1687 1860 gestavit,
1718 1798 1773 1845 et
1813 1791 1999 1853 ubera,

427 1899 548 1951 qua:
575 1882 756 1937 infans
791 1882 908 1953 ipse
941 1881 1109 1936 suxit.
1140 1881 1392 1936 Secunda
1417 1882 1726 1938 hierarchia
1754 1882 2004 1937 domina-

2099 964 2268 1015 πᾶσαι
2300 964 2356 1016 αἱ
2389 962 2592 1030 γενεαὶ,
2615 963 2709 1015 καὶ
2732 962 2994 1033 πρότερον
3019 964 3074 1016 αἱ
3107 961 3226 1015 κατ’
3249 962 3476 1037 οὐρανὸν
3502 965 3674 1016 πᾶσαι

2097 1056 2203 1107 τῶν
2225 1054 2464 1122 ἀγγέλων
2494 1053 2804 1125 τετραρχίαι
2827 1054 2960 1125 (55),
2985 1055 3078 1108 καὶ
3099 1053 3208 1108 τῶν
3232 1054 3325 1107 ἐπὶ
3350 1051 3472 1125 γῆς,
3494 1056 3680 1126 ἱεραρ-

2098 1146 2257 1216 χικὰς
2296 1149 2483 1217 χεῖρας
2513 1146 2855 1217 ἐπαίρουσαι,
2887 1145 3167 1214 εὐλογοῦσί
3200 1163 3260 1200 σε
3291 1147 3389 1218 τὴν
3422 1149 3480 1200 ὲν
3510 1149 3677 1220 οὐρα-

2097 1242 2206 1302 νοῖς
2238 1239 2623 1310 εὐλογημένην,
2644 1238 2736 1292 καὶ
2764 1239 2855 1292 ἐπὶ
2883 1239 2987 1308 γῆς
3019 1238 3480 1311 μακαριζομένην.
3518 1259 3534 1290 ι
3577 1240 3682 1292 Εὐ-

2098 1329 2370 1401 λογημένη
2414 1332 2476 1384 σὺ
2506 1331 2563 1383 ὲν
2603 1331 2839 1399 γυναιξὶ,
2875 1331 2968 1382 καὶ
3005 1329 3369 1400 εὐλογημένος
3407 1332 3434 1384 6
3467 1331 3679 1401 καρπὸς

2097 1425 2196 1494 τῆς
2237 1423 2442 1486 κοιλίας
2472 1441 2584 1477 σου.
2621 1443 2639 1475 ι
2674 1423 3170 1494 Τοιαῦταήπρώτη
3207 1423 3316 1477 τῶν
3349 1423 3552 1494 θρόνων
3588 1440 3678 1493 χε-

2102 1515 2298 1588 ρουϐίμ
2332 1533 2390 1568 τε
2424 1515 2519 1568 καὶ
2565 1516 2808 1586 σεραφὶμ
2843 1517 3086 1588 ἱεραρχία
3115 1516 3444 1588 ὲμπρηστῶν
3479 1515 3680 1570 ἀνακα-

2099 1608 2395 1679 λουμένων,
2432 1607 2465 1678 ἢ
2495 1607 2696 1677 πλῆθος
2729 1606 2980 1676 γνώσεως
3013 1607 3266 1676 γενέσθαι
3294 1607 3390 1662 τοῦ
3423 1608 3561 1661 Θεοῦ
3589 1611 3681 1661 καὶ

2104 1699 2384 1770 βασιλέως,
2401 1698 2714 1768 εὐλογοῦσαι
2731 1699 2946 1768 λέγουσι
2963 1717 2974 1728 ·
3002 1699 3262 1770 Μακαρία
3285 1700 3348 1753 σὺ
3370 1702 3427 1752 ὲν
3444 1699 3679 1768 γυναιξὶ,

2103 1793 2195 1847 καὶ
2231 1792 2475 1864 μακαρία
2523 1793 2556 1863 ἡ
2610 1791 2784 1844 κοιλία
2820 1808 2910 1844 σου
2947 1790 3077 1844 Θεὸν
3103 1791 3436 1860 βαστάσασα,
3463 1793 3557 1844 καὶ
3583 1809 3682 1860 μα-

2106 1885 2259 1950 σθοὶ,
2316 1885 2409 1949 οὓς
2467 1885 2627 1948 αὐτὸς
2677 1884 2948 1955 νηπιάσας
2998 1883 3280 1956 ὲθήλασεν.
3334 1885 3400 1937 Ἡ
3455 1884 3682 1954 δευτέρα

429 1976 659 2039 tionum,
696 1975 982 2039 virtutum,
1003 1981 1057 2028 et
1089 1980 1446 2044 potestatum,
1469 1974 1538 2028 ad
1591 1984 1645 2028 te
1697 1975 2003 2044 respiciens

2106 1977 2354 2048 ἱεραρχία
2401 1977 2508 2030 τῶν
2562 1976 2894 2047 κυριοτήτων
2933 1976 3026 2030 καὶ
3055 1975 3352 2046 δυνάμεων,
3392 1976 3489 2028 καὶ
3527 1975 3679 2040 ἐξου-

428 2068 648 2132 clamat,
673 2075 836 2136 prout
869 2067 1078 2123 scilicet
1109 2066 1299 2122 didicit
1340 2083 1369 2120 a
1399 2067 1718 2123 sublimiore
1759 2076 1814 2122 et
1851 2069 2004 2137 prius

431 2159 647 2214 initiata
684 2157 992 2212 hierarchia
1026 2177 1038 2212 :
1069 2157 1358 2214 Benedicta
1386 2167 1444 2213 tu
1470 2159 1527 2214 in
1573 2160 1918 2227 mulieribus,
1951 2167 2006 2215 et

432 2249 748 2306 benedictus
770 2257 960 2304 venter
981 2250 1236 2320 tuus,qui
1262 2249 1430 2305 Deum
1453 2251 1744 2314 continuit,
1764 2259 1816 2305 et
1839 2251 2005 2305 ubera

431 2357 551 2412 quae
598 2342 908 2397 nutrierunt
957 2341 1125 2397 Deum
1179 2341 1447 2397 infantem
1507 2341 1733 2397 factum.
1795 2341 2006 2397 Similia

431 2447 668 2504 quoque,
701 2433 861 2487 tertia
890 2432 1320 2504 principatuum,
1346 2433 1664 2503 angelorum
1692 2441 1746 2490 et
1773 2435 2007 2489 archan-

429 2525 675 2596 gelorurn
731 2523 1061 2590 hierarchia,
1109 2526 1266 2594 jussa
1313 2540 1344 2579 a
1384 2525 1788 2581 mittenteDeo
1820 2536 1880 2581 ut
1914 2543 2007 2597 per

431 2631 600 2670 unum
665 2615 1050 2685 archangelum
1117 2614 1446 2686 Gabrielem,
1525 2618 2005 2688 magniﬁcentissi-

432 2722 602 2774 mum,
637 2715 691 2762 et
740 2707 910 2761 multa
957 2709 1407 2778 complectentem
1448 2710 1708 2782 hymnum
1741 2710 2007 2765 concele-

429 2796 572 2860 bret,
605 2812 820 2867 semper
848 2797 1049 2852 clamat
1084 2817 1096 2852 :
1138 2816 1156 2849 ι
1189 2799 1323 2864 Ave,
1342 2800 1516 2869 gratia
1542 2801 1720 2870 plena,
1747 2800 2008 2856 Dominus

432 2898 630 2946 tecum.
665 2909 682 2941 ι
715 2890 796 2944 Ab
829 2891 896 2946 iis
925 2889 1125 2956 edocti,
1155 2907 1256 2946 nos
1287 2892 1380 2961 qui
1411 2900 1643 2948 terrenae
1673 2909 1866 2950 sumus
1889 2895 2008 2949 hie-

431 2985 682 3048 rarchiae,
715 2985 1075 3039 exaltationes
1124 2983 1221 3040 Dei
1273 2985 1328 3040 in
1374 2993 1593 3055 gutture
1641 2987 1898 3052 ferentes,
1921 2985 2009 3040 vel

429 3076 652 3134 easdem
682 3076 911 3138 mutuati
951 3090 1135 3143 voces,
1179 3085 1233 3132 te
1282 3077 1588 3132 exaltamus
1620 3077 1781 3149 35.3
1811 3093 2007 3147 magna

430 3174 486 3221 ct
537 3165 643 3219 alta
705 3181 836 3221 voce
895 3175 1158 3221 canentes
1193 3187 1206 3220 :
1262 3185 1280 3218 ‹
1316 3167 1448 3233 Ave,
1478 3171 1653 3239 gratia
1691 3171 1872 3240 plena,
1902 3169 2008 3224 Do-

2107 2069 2234 2122 σιῶν
2254 2069 2386 2139 πρὸς
2407 2070 2465 2122 σὲ
2485 2068 2882 2122 ἁναὸλέπουσαι
2907 2067 3208 2138 βοῶσιν,ὡς
3235 2067 3505 2138 μαθοῦσαι
3531 2070 3680 2139 παρὰ

2103 2163 2201 2232 τῆς
2232 2161 2567 2233 ὑψηλοτέρας
2597 2160 2774 2214 αὐτῶν
2796 2160 2889 2214 καὶ
2905 2160 3338 2232 προτελουμένης
3373 2159 3673 2229 ἱεραρχίας·

2105 2253 2456 2324 Εὐλογημένη
2485 2254 2549 2306 σὺ
2584 2255 2641 2307 ὲν
2668 2251 2881 2321 γυναιξὶ
2900 2293 2914 2317 ,
2947 2252 3041 2306 καὶ
3070 2251 3407 2323 εὐλογημένη
3437 2253 3471 2322 ὴ
3511 2251 3685 2304 κοιλία

2108 2362 2222 2408 σου,
2262 2347 2296 2415 ἡ
2358 2344 2490 2398 Θεὸν
2542 2346 2857 2416 χωρήσασα,
2893 2344 2986 2397 καὶ
3042 2343 3236 2414 μασθοὶ
3283 2343 3333 2395 οἳ
3387 2341 3682 2413 ὲξέθρεψαν

2105 2436 2236 2490 Θεὸν
2270 2436 2479 2490 παιδίον
2531 2437 2839 2507 γενόμενον.
2873 2433 3106 2488 Τοιαῦτα
3166 2435 3258 2488 καὶ
3303 2437 3335 2506 ὴ
3377 2436 3534 2506 τρίτη
3578 2435 3684 2488 τῶν

2107 2528 2311 2600 ἀρχῶν,
2350 2526 2596 2597 ἀγγέλων
2617 2544 2677 2580 τε
2709 2526 2802 2580 καὶ
2834 2525 3189 2597 ἀρχαγγέλων
3228 2525 3500 2596 ίεραρχία,
3525 2543 3684 2578 κεκε-

2107 2620 2377 2690 λευσμένη
2407 2620 2501 2673 καὶ
2535 2617 2982 2690 ὲπιτετραμμένη
3022 2617 3173 2688 παρὰ
3210 2616 3304 2670 τοῦ
3332 2617 3687 2670 ἀποστείλαν-

2106 2729 2196 2774 τος
2253 2709 2410 2774 Θεοῦ,
2467 2711 2543 2774 ὡς
2597 2711 2664 2764 δι’
2712 2710 2829 2773 ἑνὸς
2885 2708 3222 2781 ἀρχαγγέλου
3300 2707 3396 2760 τοῦ
3453 2708 3689 2779 Γαϐριὴλ

2107 2802 2303 2874 ὲκὸοᾷν
2345 2802 2456 2871 (54)
2491 2802 2580 2854 τὸν
2625 2799 3163 2872 ὲκφαντορικώτατον
3213 2801 3306 2854 καὶ
3362 2800 3687 2871 περιληπτι-

2107 2891 2346 2947 κώτατον
2359 2892 2388 2946 ὓ
2396 2909 2544 2963 μνον,
2559 2892 2644 2944 ἀεὶ
2657 2892 2972 2962 ἁνακρὰζειι
2997 2909 3016 2942 ι
3035 2893 3227 2963 Χαῖρε,
3252 2892 3686 2963 κεχαριτωμένη,

2107 2987 2134 3038 6
2163 2984 2368 3056 Κύριος
2413 2982 2550 3054 μετὰ
2592 2983 2706 3037 σοῦ.
2759 3003 2778 3035 ι
2817 2983 2948 3036 Ἀπὸ
2973 2982 3178 3036 τούτων
3211 2983 3305 3036 καὶ
3333 2985 3383 3036 οἱ
3417 2982 3562 3035 κατὰ
3594 2981 3689 3052 τὴν

2107 3078 2200 3130 ἐπὶ
2227 3077 2330 3148 γῆς
2359 3077 2640 3148 ίεραρχίαν
2672 3075 2770 3139 τὰς
2797 3073 3032 3146 ὐψώσεις
3071 3074 3168 3128 τοῦ
3212 3073 3348 3128 Θεοῦ
3389 3077 3446 3127 ὲν
3481 3073 3561 3144 τῷ
3597 3075 3688 3126 λά-

2113 3183 2272 3237 ρυγγι
2297 3167 2571 3238 φέροντες,
2608 3164 2868 3236 μαθόντες
2895 3164 2928 3235 ἢ
2959 3164 3326 3234 δανειζόμενοι
3353 3163 3454 3226 τὰς
3483 3161 3686 3232 φωνὰς.

430 3257 614 3312 minus
640 3264 840 3311 tecum.
869 3277 886 3308 ι
908 3258 1187 3314 lntercede
1216 3275 1313 3329 pro
1343 3261 1503 3316 nobis
1526 3261 1752 3315 Domina
1778 3270 1832 3316 et
1855 3262 2004 3326 hera,

2108 3259 2415 3330 ἀνυψοῦμεν
2448 3257 2654 3328 μεγάλῃ
2684 3258 2776 3312 καὶ
2799 3255 3103 3328 διαπρυσίῳ
3127 3258 3193 3325 τῇ
3225 3256 3374 3325 φωνῇ
3417 3253 3686 3322 λέγοντες·

435 3347 643 3419 Regina
686 3356 741 3402 et
793 3347 965 3402 Mater
1011 3348 1128 3414 Dei,
1156 3352 1283 3420 quia
1313 3367 1380 3407 ex
1411 3352 1571 3406 nobis
1601 3359 1722 3406 orta
1750 3367 1809 3408 es
1837 3363 1917 3415 tu,
1953 3360 2004 3407 et

2115 3370 2133 3402 ι
2167 3353 2336 3420 Χαῖρε
2361 3390 2376 3415 ,
2439 3350 2868 3420 κεχαριτωμένη,
2924 3351 2952 3402 ὁ
3011 3347 3216 3419 Κύριος
3283 3345 3450 3416 μετὰ,
3488 3345 3620 3401 σοῦ.
3663 3367 3681 3398 ι

432 3439 524 3508 qui
576 3455 642 3494 ex
695 3448 748 3494 te
802 3440 1020 3508 genitus
1071 3456 1290 3497 carnem
1345 3453 1524 3513 gestat
1583 3442 1727 3499 Deus
1770 3452 2002 3499 noster:

2108 3442 2406 3513 Πρέσὸευε,
2438 3439 2632 3510 Κυρία,
2681 3441 2776 3494 καὶ
2826 3441 3102 3503 δέσποινα,
3139 3439 3427 3510 βασίλισσα
3483 3456 3543 3492 τε
3600 3441 3688 3492 καὶ

433 3546 594 3602 quem
627 3531 783 3586 decet
817 3531 990 3601 gloria
1028 3540 1083 3587 et
1115 3535 1544 3604 magniﬁcentia,
1579 3535 1870 3605 omnisque
1908 3535 2004 3589 ho-

2107 3535 2309 3605 Μήτηρ
2348 3533 2504 3598 Θεοῦ,
2541 3533 2680 3604 ὑπὲρ
2719 3532 2908 3603 ἡμῶν·
2946 3534 3028 3587 ὅτι
3070 3533 3129 3599 ἐξ
3172 3531 3328 3603 ἡμῶν
3356 3533 3419 3584 σύ
3452 3549 3513 3584 τε
3541 3533 3636 3585 καὶ
3665 3534 3694 3584 ὀ

433 3638 557 3689 nor,
591 3623 836 3677 adoratio
867 3631 921 3678 et
953 3625 1256 3694 gratiarum
1308 3627 1474 3692 actio,
1500 3642 1624 3681 cum
1681 3625 1844 3681 Patre
1885 3626 2004 3696 ejus

2108 3627 2172 3679 ὲκ
2202 3625 2292 3678 σοῦ
2325 3625 2532 3697 τεχθεὶς
2559 3625 2894 3697 σαρκοφόρος
2930 3624 3060 3688 Θεὸς
3085 3625 3276 3695 ἡμῶν
3307 3617 3352 3690 ᾧ
3404 3624 3611 3693 πρέπει
3658 3625 3691 3691 ὴ

435 3715 593 3769 initio
623 3723 862 3780 carente,
901 3723 955 3769 et
997 3723 1210 3783 sancto,
1246 3717 1391 3773 bono
1422 3718 1747 3788 viviﬁcoque
1800 3715 2004 3787 Spiritu

2109 3717 2236 3783 δόξα
2269 3717 2363 3770 καὶ
2404 3720 2437 3787 ἡ
2471 3717 2930 3788 μεγαλοπρέπεια,
2960 3716 3110 3770 πᾶσά
3142 3733 3200 3768 τε
3229 3714 3362 3784 τιμὴ
3396 3714 3493 3767 καὶ
3521 3731 3690 3784 προσ-

435 3822 581 3860 nunc
603 3813 656 3860 et
682 3821 896 3878 semper
924 3816 976 3862 et
1007 3807 1063 3862 in
1088 3809 1287 3862 saecula
1325 3809 1672 3865 saeculorum.
1704 3810 1897 3864 Amen.

2111 3807 2334 3878 κύνησις
2369 3807 2462 3861 καὶ
2492 3806 2829 3879 εὐχαριστία,
2865 3806 2962 3860 σὺν
3000 3805 3079 3876 τῷ
3111 3806 3331 3876 ἀνάρχῳ
3385 3804 3552 3857 αὐτοῦ
3584 3805 3693 3857 Πα-

433 3904 542 3974 apt,
565 3904 658 3957 καὶ
684 3905 760 3976 τῷ
785 3906 944 3976 ἁγίῳ,
971 3903 1064 3959 καὶ
1092 3901 1300 3973 ἀγαθῷ,
1331 3904 1423 3957 καὶ
1446 3902 1694 3974 ζωοποιῷ
1717 3901 2013 3973 Πνεύματι,
2048 3901 2143 3955 νῦν
2166 3902 2258 3954 καὶ
2283 3902 2388 3964 ἀεὶ,
2415 3901 2508 3954 καὶ
2539 3903 2618 3964 εἰς
2651 3900 2778 3964 τοὺς
2811 3898 3012 3962 αἰῶνας
3040 3897 3147 3951 τῶν
3178 3896 3411 3952 αἰώνων.
3445 3898 3643 3968 Ἀμήν.

507 4021 553 4052 ⁵³
596 4018 730 4075 Luc.
771 4037 822 4086 ι,
849 4022 939 4076 ‘28.

484 4112 596 4191 (ΒΞ)
614 4113 822 4196 Anglic.
861 4119 925 4187 τῇ
945 4119 1142 4188 Κυρίᾳ,
1161 4118 1234 4240 τᾎ
1249 4114 1554 4185 βασιλίσση,
1569 4117 1633 4184 τῇ
1651 4111 1925 4183 δεσποίνῃ,
1943 4115 2010 4182 τῇ

484 4185 636 4240 μητρί.
657 4185 944 4240 Basnhens.
964 4197 1018 4240 et
1041 4188 1181 4240 Felc.
1243 4226 1256 4240 .
1285 4188 1350 4240 τῆ
1379 4173 1580 4240 Κυρία.
1601 4186 1666 4240 τῆ
1697 4181 2007 4240 βασιλίσσῃ.

433 4173 636 4326 agiagi.
657 4173 944 4306 Biisilien's'.
964 4197 1018 4242 et
1036 4173 1181 4240 Γάιε.
1201 4173 1258 4249 ὸς
1285 4188 1351 4256 τῇ
1379 4173 1580 4256 Κυρίᾷ,
1601 4173 1666 4254 ἐέῇ
1696 4173 2007 4252 pacatam?

432 4271 483 4324 ’τ⁶
591 4272 693 4326 ητρ
723 4296 735 4307 .

2193 4108 2301 4180 (55)
2329 4109 2389 4162 F.
2419 4110 2712 4180 ἱεραρχίαι.

2191 4181 2302 4250 (54)
2340 4179 2554 4250 Anglic.
2582 4181 2711 4250 βοᾷν
2739 4179 3099 4248 simpliciter.‘

844 4449 917 4502 IN
945 4446 1322 4502 SERMONEM
1361 4447 1448 4501 DE
1485 4445 1735 4512 CENSU,
1779 4445 1910 4500 SEU
1947 4445 2004 4501 Dl

2103 4444 2455 4502 IRIPTIONE
2499 4443 2821 4498 DEIPARIE
2863 4441 3265 4499 ADMONITIO.

508 4561 663 4615 dune
700 4562 981 4617 Athanasii
1023 4579 1134 4616 esse
1175 4564 1380 4631 putavit
1428 4563 1602 4616 Lucas
1649 4562 2000 4626 Holstenius,
2056 4563 2144 4633 qui
2198 4562 2587 4631 ineptissimum
2624 4561 2781 4614 illum
2805 4559 3092 4630 Dialogum
3117 4603 3131 4627 ,
3159 4558 3446 4628 Josephum
3478 4560 3614 4612 inter
3638 4568 3690 4612 et

387 4681 393 4688 -
437 4653 644 4705 beatam
690 4652 974 4723 Virginem,
1017 4655 1104 4723 qui
1134 4670 1281 4708 num.
1317 4653 1350 4707 6
1382 4654 1606 4724 legitur,
1661 4655 2060 4721 interpolatoris
2108 4653 2336 4722 alicujus
2384 4651 2617 4705 audacia
2647 4651 2890 4705 additum
2938 4653 3102 4721 fuisse
3144 4651 3448 4718 suspicatur
3475 4690 3490 4713 ,
3540 4651 3686 4717 cujus

434 4744 669 4811 opinioni
699 4747 990 4818 suﬂ‘ragari
1040 4747 1176 4816 forte
1222 4747 1501 4802 videantur
1536 4747 1868 4818 Lipomanus
1891 4757 1943 4802 et
1984 4747 2200 4813 Surius,
2231 4747 2320 4817 qui
2351 4747 2487 4800 hunc
2535 4755 2824 4799 tractatum
2857 4746 2911 4799 in
2969 4745 3099 4799 Vitis
3134 4753 3463 4806 sanctorum,
3497 4743 3687 4796 omisso

434 4835 658 4907 Dialogo
695 4837 919 4893 edidere.
955 4837 1056 4892 Sed
1086 4855 1205 4892 cum
1235 4839 1492 4909 Dialogus
1521 4840 1610 4894 ille
1641 4841 1692 4894 in
1740 4839 2118 4908 manuscriptis
2160 4838 2401 4892 omnibus
2430 4853 2548 4907 qua:
2593 4838 2848 4907 inspicere
2880 4837 3031 4890 licuit
3077 4841 3413 4902 compareat,
3465 4847 3687 4902 quorum

431 4927 648 4997 quidam
681 4939 802 4984 sunt
829 4943 924 4985 occ
958 4931 1169 4983 circiter
1199 4947 1482 4997 armorum,
1516 4931 1847 4985 arbitramur
1882 4931 1947 4984 ab
1983 4931 2099 5000 ipso
2131 4929 2294 4984 Surio
2349 4939 2397 4983 et
2449 4928 2741 4998 Lipomano
2772 4967 2787 4992 ,
2838 4937 3016 4992 utpote
3067 4929 3350 4981 ridiculum
3378 4966 3392 4988 ,
3432 4935 3686 4978 resectum

430 5019 615 5087 fuisse.
651 5020 876 5074 Etiamsi
900 5037 1058 5090 porro
1092 5021 1175 5074 hic
1212 5019 1468 5090 Dialogus
1519 5021 1786 5075 ascititius
1821 5030 1980 5083 esset,
2023 5019 2194 5073 multa
2248 5020 2359 5073 alia
2391 5028 2721 5088 superessent
2772 5019 2982 5082 νοθείας
3037 5020 3212 5087 signa.
3266 5017 3510 5070 Primum
3554 5016 3688 5068 enim

432 5112 658 5166 multum
687 5113 926 5168 abhorret
952 5112 1047 5167 hoc
1079 5111 1406 5181 Opusculum
1444 5111 1508 5164 ab
1545 5111 1827 5166 Athanasii
1856 5111 1956 5165 illa
1978 5113 2242 5181 gravitate
2289 5122 2339 5167 et
2377 5112 2506 5182 styli
2545 5111 2815 5183 ἐνεργείᾳ.
2854 5111 2913 5163 2ο
2943 5109 3139 5172 Multa,
3169 5124 3262 5174 pro
3288 5106 3550 5176 Opusculi
3577 5106 3688 5158 bre-

430 5209 610 5267 vitate,
644 5205 850 5257 insueta
880 5203 1130 5258 vocabula
1157 5203 1241 5255 hic
1271 5212 1504 5265 exstant,
1541 5213 1600 5256 ut
1631 5212 1710 5257 est
1738 5202 1874 5257 illud
1905 5220 2004 5256 κυν

2103 5202 2440 5266 ηωσσοῦντας,
2469 5203 2605 5257 illud
2642 5204 2769 5257 item
2805 5202 2974 5274 μαξὸς
3013 5201 3308 5274 ἁγιόριζος,
3337 5200 3482 5268 γάλα
3509 5200 3686 5268 ξενοῤ-

433 5295 580 5366 ρυἐς,
612 5305 661 5348 et
687 5294 1033 5364 φλεϐοσυλία.
1077 5293 1211 5348 Item
1245 5311 1390 5348 num.
1431 5295 1482 5359 7,
1513 5307 1793 5366 postquam
1819 5295 2019 5347 dictum
2051 5292 2152 5362 fuit
2179 5293 2450 5346 stabulum
2483 5295 2966 5349 Bethlehemiticum
2997 5304 3173 5363 typum
3201 5307 3376 5362 gerere
3405 5289 3684 5351 Ecclesiae,

429 5388 615 5454 paucis
645 5387 932 5455 interjectis
957 5389 1068 5440 haec
1120 5387 1365 5454 leguntur
1389 5402 1407 5438 :
1439 5386 1640 5456 Θρόνος
1680 5389 1712 5457 ἡ
1743 5385 2004 5457 Παρθένος

2107 5387 2381 5457 κρατῆρες
2418 5387 2465 5438 οἱ
2505 5387 2663 5456 μαζοὶ
2697 5426 2712 5449 ,
2774 5386 3090 5439 ἁναὸόλαιον
3145 5385 3177 5454 ἡ
3231 5383 3640 5454 ὲνανθρώπησις
3666 5419 3681 5442 ,

433 5481 750 5550 ριπιστῆρες
772 5479 840 5532 τὰ
863 5479 1145 5550 χερουϐὶμ,
1172 5481 1354 5543 δίσκος
1384 5480 1447 5532 τὸ
1502 5480 1654 5549 ἆγιον
1696 5478 1941 5550 Πνεῦμα,
1972 5478 2000 5530 6

2103 5479 2212 5549 c’qp
2236 5478 2673 5550 δισκοκόιλυμμα.
2727 5478 2858 5545 Quae
2907 5477 3188 5548 nugatoria
3232 5492 3344 5530 esse
3379 5491 3534 5530 nemo
3585 5492 3684 5529 non

429 5570 694 5634 fateatur;
721 5572 835 5640 quis
872 5571 1010 5624 enim
1051 5571 1186 5637 [erat
1218 5570 1478 5637 Spiritum
1509 5571 1679 5633 disco,
1712 5570 1933 5624 Patrem
1965 5571 2098 5626 disci
2131 5570 2374 5639 operculo
2414 5571 2681 5638 conferri,
2713 5572 2803 5624 ubi
2836 5571 3007 5640 angeli
3040 5567 3374 5623 sacerdotum
3396 5607 3411 5630 ,
3445 5576 3684 5636 pastores

432 5661 772 5712 diaconorum
803 5662 966 5728 ofﬁcia
996 5660 1287 5728 fatigantur
1311 5703 1325 5728 ,
1366 5675 1424 5714 ut
1455 5661 1646 5716 ibidem
1672 5662 1888 5718 dicitur.
1923 5662 2022 5716 His
2047 5663 2112 5716 de
2149 5664 2326 5717 causis
2358 5662 2630 5716 homiliam
2660 5663 2818 5717 istam
2847 5677 3115 5717 censemus
3153 5660 3446 5716 Athanasio
3478 5657 3683 5728 abjudi-

432 5759 605 5800 catam
639 5760 886 5814 oportere.
932 5749 1306 5816 I’rtcfationem
1356 5767 1515 5820 porro
1552 5752 1818 5808 llolstenii
1857 5754 2194 5822 sitbjicintus.
