3832 6216
170 339 261 395 941
1109 331 1338 388 SERMO
1379 329 1445 384 IN
1485 325 2111 384 ANNUNTIATIONEM
2155 325 2505 380 DEIPARE.
3301 326 3406 381 919

172 473 451 536 l’rml‘atio
483 476 835 536 HOLSTENH
880 473 945 533 in
991 479 1232 549 septem
1268 467 1564 549 homilias
1595 484 1738 545 quze
1785 483 1912 549 non
1948 461 2590 549 consequen_ter,.s_ed
2627 463 2809 549 justo
2844 480 3056 549 rerum
3106 466 3166 524 et
3211 479 3405 543 argu-

535 554 736 616 menti
767 540 1368 615 ordinem'inferius
1405 540 1631 625 positaa'
1664 553 1836 606 sunt.
1874 547 2033 605 Sunt
2063 540 2280 604 autem
2310 540 2595 604 homilias
2627 540 3003 620 hujusmodi
3043 561 3060 602 :

237 795 277 849 1.
319 794 382 848 In
412 793 812 863 descriptionem
840 791 945 844 sive
983 803 1193 842 censum
1225 787 1390 840 beaten
1439 783 1690 854 Virginis.

237 885 300 940 ll.
340 887 400 939 In
431 887 563 940 illud
597 883 785 938 Matth.
821 897 934 946 ut,
964 880 1021 941 2,
1057 879 1137 932 Ite
1162 879 1219 931 in
1245 876 1541 938 castellum,
1571 872 1706 944 quod
1731 881 1914 926 contra
1945 887 2032 924 vos
2063 877 2160 924 est.

236 978 323 1031 Ill.
363 977 421 1031 In
456 978 587 1032 illud
617 978 776 1030 Luca:
801 991 912 1039 xxx,
945 973 1033 1035 56,
1080 972 1250 1025 Eunte
1277 979 1451 1024 autem
1472 969 1585 1031 illo,
1617 965 2016 1020 substernebant
2045 965 2367 1018 vestimenta.

237 1065 324 1124 IV.
365 1068 428 1122 In
469 1066 526 1122 8.
566 1069 802 1138 quintam
839 1066 1047 1134 feriam,
1077 1073 1126 1116 et
1154 1060 1498 1131 proditionem
1525 1058 1700 1112 Judw.

239 1161 304 1214 ν.
349 1161 415 1216 In
449 1161 512 1216 S.
552 1161 782 1222 Pascha,
814 1168 862 1212 et
887 1159 941 1212 in
966 1173 1141 1211 recens
1175 1155 1524 1216 illuminatos,
1550 1150 1780 1206 Sabbato
1808 1151 1862 1203 in
1897 1149 2066 1202 Albis.

238 1251 328 1306 Vl.
373 1251 440 1305 In
470 1266 664 1305 ca'cum
689 1269 722 1304 a
754 1250 1050 1310 nativitate,
1076 1245 1234 1300 Joan.
1267 1260 1343 1299 lx.

238 1343 351 1398 VII.
391 1341 461 1396 In
485 1340 589 1398 SS.
628 1342 813 1416 Patres
841 1349 890 1394 et
917 1338 1220 1408 prophetas,
1257 1345 1307 1390 et
1350 1332 1706 1389 venerandam
1736 1327 2049 1392 Ecclesium,
2084 1328 2449 1399 psalmumque
2473 1328 2790 1383 tricesimum
2829 1338 3098 1400 quartum.

1234 1556 1465 1613 LUCAS
1504 1553 1996 1612 HOLSTENIUS
2045 1551 2386 1609 LECTORI.

241 1676 378 1733 Cum
409 1677 518 1733 divi
543 1676 830 1732 Athanasii
861 1691 1025 1747 opera
1057 1673 1246 1731 recudi
1297 1689 1328 1728 a
1371 1674 1726 1744 typographis
1766 1671 2034 1736 audirem,
2072 1686 2184 1725 rem
2222 1685 2308 1724 me
2342 1668 2614 1725 facturum
2647 1669 2953 1724 existimavi
2975 1676 3028 1724 et
3057 1668 3276 1739 publico
3305 1671 3415 1726 uti¢

193 1783 300 1832 em,
335 1784 438 1823 nec
465 1768 624 1824 bonis
653 1766 937 1836 doctisque
969 1765 1276 1834 ingratam,
1308 1764 1355 1820 si
1385 1771 1580 1819 caetera
1616 1762 1952 1819 sanctissimi
1993 1759 2176 1815 Patris
2205 1760 2464 1814 ἀνέκδοτα
2491 1762 2892 1833 conquirerem,
2919 1770 2972 1816 et
3003 1763 3058 1816 in
3091 1763 3269 1818 lucem
3307 1763 3411 1817 hac

171 1861 460 1915 occasione
492 1861 866 1930 prodocerem.
917 1855 1122 1926 Collegi
1173 1871 1302 1927 ergo
1355 1869 1523 1925 Opera
1567 1855 1922 1908 tumultuaria
1968 1869 2033 1908 ex
2068 1850 2530 1907 Christianissimi
2577 1851 2740 1923 Regis
2784 1853 3130 1921 bibliotheca,
3161 1864 3322 1925 atque
3350 1868 3415 1908 ex

170 1947 252 2004 Cl.
300 1956 355 2002 et
385 1946 452 2000 Β.
485 1945 545 2000 Ρ.
595 1946 895 2011 Sirmondi,
930 1945 1179 2014 meisque
1230 1943 1448 1998 schedis
1503 1943 1760 1998 homilias
1815 1940 2340 2013 septem-Athanasii
2379 1943 2599 1997 nomine
2645 1951 3015 2013 prtenotatas:
3048 1961 3226 2016 neque
3271 1942 3418 1999 enim

170 2039 456 2094 Athanasii
488 2053 678 2106 omnes
702 2052 822 2094 esse
859 2037 1046 2090 credat
1067 2076 1082 2102 ,
1121 2035 1210 2090 cui
1239 2035 1324 2090 vel
1351 2033 1641 2088 minimum
1676 2035 1731 2088 in
1766 2035 1921 2090 hisce
1961 2033 2159 2089 studiis
2184 2033 2400 2102 judicii,
2429 2036 2632 2104 quique
2662 2036 2744 2090 vel
2771 2036 2947 2091 obiter
2979 2044 3190 2092 tantum
3223 2046 3421 2091 caetera

167 2134 290 2200 ejus
317 2131 521 2200 scripta
549 2132 870 2201 inspexerit.
912 2130 1187 2197 Quocirca
1219 2144 1287 2183 ne
1313 2127 1584 2183 carbones
1618 2128 1864 2182 thesauri
1897 2129 2020 2183 loco
2053 2127 2338 2181 venditare
2370 2128 2580 2194 videar,
2618 2130 2970 2185 indicandum
2999 2131 3192 2201 paucis
3224 2129 3422 2186 existi~

173 2225 341 2290 mavi,
364 2224 507 2280 unde
537 2225 780 2306 singulas
802 2223 1270 2293 deprompserim;
1307 2230 1424 2275 tum
1449 2235 1629 2274 meam
1663 2221 1730 2275 de
1759 2221 1828 2276 iis
1860 2219 2212 2286 sententiam,
2242 2221 2395 2276 nullo
2413 2232 2594 2278 tamen
2631 2225 2879 2281 veritatis
2896 2234 2990 2280 aut
3016 2227 3421 2298 κριτικωτέρων

172 2315 510 2388 praejudicio,
546 2315 792 2385 proferre
827 2314 990 2368 volui.
1040 2312 1226 2367 Primo
1252 2326 1381 2382 ergo
1415 2311 1538 2366 loco
1565 2319 1848 2381 comparet
1885 2309 2129 2366 Homitia
2155 2313 2208 2366 in
2247 2313 2650 2382 descriptionem
2684 2314 2752 2369 B.
2795 2314 3050 2387 Virginis,
3088 2325 3216 2373 ante
3242 2318 3420 2372 trien-

173 2409 327 2464 nium
354 2427 386 2464 a
415 2426 501 2464 me
535 2409 730 2464 Oxonii
772 2409 828 2462 in
858 2407 1060 2463 celebri
1103 2407 1194 2461 illa
1223 2405 1519 2461 Bodleiana
1568 2406 1898 2462 bibliotheca
1931 2421 1996 2461 ex
2025 2408 2104 2463 ill.
2141 2408 2342 2478 equitis
2373 2407 2592 2463 Henrici
2633 2407 2830 2483 'Savilii
2862 2409 3220 2468 "membranis
3265 2421 3421 2467 tran-

170 2500 403 2570 scripta.
430 2499 626 2570 Reperi
665 2499 910 2554 eamdem
949 2499 1003 2552 in
1052 2499 1292 2568 quinque
1323 2509 1416 2552 aut
1448 2513 1544 2554 se:
1590 2497 1759 2566 regiis
1806 2497 2112 2563 codicibus,
2143 2501 2476 2555 assumentis
2507 2501 2837 2571 quibusdam
2882 2507 3184 2560 auctiorem
3221 2523 3233 2559 :
3293 2521 3418 2562 cum

172 2593 374 2659 quibus
402 2599 456 2646 et
478 2589 545 2645 Β.
585 2590 645 2644 Ρ.
675 2589 952 2644 Sirmondi
988 2590 1265 2658 exemplar
1293 2587 1481 2644 Romae
1505 2589 1842 2660 descriptum
1889 2591 2185 2646 consentit.
2219 2590 2409 2646 Latine
2435 2592 2755 2662 iampridem
2781 2610 2902 2666 eam
2928 2597 3219 2653 ediderunt
3249 2597 3421 2670 Lipo-

173 2699 371 2738 manus
400 2691 453 2739 et
483 2682 678 2738 Surius
709 2683 765 2736 in
794 2680 933 2735 Vitis
966 2689 1300 2748 sanctorum,
1334 2681 1427 2736 sed
1458 2682 1801 2752 paraphrasi,
1827 2691 1888 2736 ut
1922 2683 2118 2748 s'olent,
2144 2684 2389 2738 liberiori
2418 2704 2430 2738 :
2488 2685 2544 2738 in
2576 2701 2684 2755 qua
2719 2685 2978 2758 Dialogus
3028 2689 3150 2755 ille,
3195 2706 3264 2746 ne
3287 2692 3422 2761 quid

173 2777 398 2846 gravius
418 2775 618 2837 dicam,
645 2775 806 2844 plane
837 2773 1252 2841 intempestivus
1288 2773 1430 2826 inter
1460 2769 1757 2841 Josephum
1791 2783 1844 2826 et
1878 2772 2092 2826 beatam
2126 2767 2428 2843 Virginem,
2454 2775 2641 2828 nescio
2676 2784 2858 2829 utrum
2883 2776 3055 2832 Graeci
3097 2781 3424 2851 exemplaris

173 2868 315 2930 fide,
342 2881 408 2920 an
432 2867 647 2920 illorum
674 2864 905 2934 judicio.
930 2862 1170 2916 omissus
1200 2869 1305 2916 cst.
1334 2861 1446 2931 Ego
1471 2867 1529 2914 ut
1562 2862 1617 2914 in
1655 2860 2044 2931 manuscriptis
2087 2861 2372 2916 codicibus
2399 2863 2608 2932 reperi,
2657 2863 2730 2917 ita
2762 2865 2902 2919 bona
2933 2865 3038 2920 ﬁde
3070 2879 3423 2938 repraisento,

172 2959 318 3013 bona
350 2958 528 3025 malis,
557 2969 613 3012 et
641 2957 846 3028 χρύσεα
874 2953 1150 3024 χαλκείοις
1185 2953 1467 3021 permista.
1503 2949 1691 3020 Neque
1737 2952 1910 3006 solius
1953 2952 2242 3008 Athanasii
2285 2968 2351 3008 ea
2383 2952 2620 3017 fortuna,
2657 2963 2716 3008 ut
2754 2954 3226 3025 ineptissimorum
3257 2959 3429 3016 inter~

175 3053 480 3123 polatorum
516 3067 710 3105 manus
737 3051 966 3114 subiret,
998 3064 1123 3102 cum
1151 3046 1552 3117 Chrysostomi,
1589 3045 1804 3112 Procli,
1833 3046 2175 3116 aliorumque
2206 3045 2458 3102 homilias
2482 3087 2496 3110 ,
2534 3047 2806 3104 similibus
2835 3051 3152 3121 sequiorum
3200 3053 3428 3108 saeculo-

173 3157 303 3197 rum
333 3142 550 3212 ineptiis
576 3141 810 3196 fmdatas
844 3141 898 3193 in
923 3138 1113 3194 iisdem
1143 3138 1307 3207 regiis
1337 3136 1623 3190 codicibus
1656 3135 1980 3190 invenerim.
2018 3134 2086 3188 Et
2112 3135 2297 3190 fucum
2325 3135 2614 3192 manifeste
2637 3147 2874 3209 arguunt
2900 3139 3185 3210 Lipomani
3207 3151 3263 3198 et
3283 3140 3430 3198 Oxo-

172 3230 390 3286 mensis
417 3230 708 3285 academiae
735 3229 1068 3298 exemplaria
1102 3247 1116 3283 :
1147 3243 1272 3281 cum
1305 3226 1374 3282 ab
1407 3226 1514 3280 illis
1549 3226 1789 3296 penitus,
1818 3227 1887 3280 ab
1911 3227 2016 3281 hoc
2051 3235 2233 3282 autem
2258 3242 2510 3297 magnam
2538 3238 2746 3298 partem
2771 3242 3086 3288 assumenta
3109 3235 3200 3289 illa
3223 3236 3425 3294 absint.

172 3323 527 3392 Comparatio
571 3324 842 3392 speluncae
899 3319 1357 3375 Bethlehemiticze
1405 3326 1459 3374 et
1491 3317 1749 3374 Ecclesia:
1785 3321 1996 3388 prolixe
2025 3335 2056 3373 a
2083 3330 2274 3375 sancto
2313 3320 2583 3376 Germano
2614 3325 2671 3376 ὲν
2699 3327 2764 3396 τῇ
2794 3330 3032 3399 μυστικῇ
3069 3329 3271 3402 θεωρίᾳ
3306 3346 3432 3401 per-

177 3385 489 3467 tractatur:
523 3413 580 3467 in
601 3385 670 3468 ea
695 3421 875 3467 tamen
904 3410 957 3466 id
981 3410 1261 3482 proprium
1276 3409 1560 3464 Athanasii
1580 3417 1684 3476 est,
1709 3385 1856 3480 quod
1884 3408 2181 3481 Joscphum
2213 3412 2589 3486 ὲφημερευτήν
2623 3385 2878 3485 appellat,
2906 3385 3039 3474 voce
3075 3385 3208 3476 milii
3241 3385 3431 3479 hacte-

175 3523 287 3608 nus
314 3507 506 3562 nullibi
538 3509 696 3608 lecta.
741 3509 1015 3608 Yicarium
1049 3515 1221 3577 verti,
1255 3527 1380 3568 cum
1407 3511 1748 3566 commodius
1789 3511 1928 3565 nihil
1969 3520 2302 3567 occurreret.
2339 3512 2548 3566 Alludit
2578 3520 2763 3569 autem
2809 3515 2877 3568 ad
2928 3519 3274 3590 ἐφημερίας,
3315 3522 3431 3578 sive

177 3601 332 3654 vices
365 3602 708 3662 sacerdotum
737 3601 1128 3673 Leviticorum,
1164 3619 1395 3675 quarum
1419 3612 1473 3659 et
1513 3603 1572 3656 Β.
1609 3602 1786 3658 Lucas
1819 3618 1941 3674 cap.
1980 3619 1998 3658 ι
2036 3603 2302 3658 meminit.
2326 3602 2485 3669 'Quid
2528 3603 2882 3673 φλεὸοσυλίας
2910 3624 3008 3662 vox
3037 3611 3140 3665 sibi
3173 3612 3301 3666 velit
3326 3615 3430 3671 sub

181 3690 294 3743 line
321 3688 443 3758 ejus
472 3689 636 3762 3M
670 3691 929 3760 homiliae,
956 3694 1190 3766 ingenue
1223 3694 1397 3750 fateor
1429 3708 1517 3748 me
1541 3693 1758 3748 nescire
1788 3708 1926 3748 :nec
1959 3692 2316 3748 eruditissimi
2346 3695 2470 3757 viri,
2497 3711 2636 3765 quos
2655 3711 2718 3751 ea
2751 3713 2914 3767 super
2939 3714 2995 3754 re
3025 3702 3431 3769 consului,.no-

180 3781 315 3836 dum
363 3784 517 3837 illum
548 3786 802 3855 expedire
851 3796 1166 3858 potuerunt.
1215 3787 1482 3844 Versione
1515 3787 1612 3850 ita,
1649 3789 1727 3841 uti
1780 3788 2049 3842 sententia
2080 3802 2373 3857 exposcere
2415 3789 2645 3852 videtur,
2682 3797 2959 3862 utcunque
3011 3799 3285 3865 expressi,
3329 3815 3430 3854 nec

184 3875 347 3945 longe
377 3890 464 3930 me
483 3876 552 3931 ab
579 3878 865 3934 Athanasii
891 3888 1071 3936 mente
1097 3881 1384 3937 aberrasse
1408 3886 1560 3949 puto.
1593 3875 1874 3945 Sequentes
1899 3875 2034 3930 duas
2065 3875 2312 3930 homilias
2343 3893 2409 3932 ex
2434 3881 2599 3934 unico
2624 3878 2796 3951 Regio
2828 3885 3126 3954 exemplari
3159 3891 3428 3944 transcri-

185 3967 310 4036 psi:
346 3967 629 4026 Athanasii
654 3985 749 4026 eas
780 3987 904 4027 esse
933 3988 1066 4028 sane
1105 3973 1457 4037 crediderim,
1487 3987 1666 4042 neque
1705 3970 2005 4041 quidquam
2050 3968 2230 4033 video,
2261 3985 2362 4024 cur
2394 3971 2554 4025 aliter
2581 3971 2842 4040 iudicem.
2871 3973 3134 4040 Quartam
3183 3977 3330 4032 illam
3373 3981 3429 4036 in

185 4070 248 4124 S.
283 4083 528 4137 magnam
555 4067 793 4136 quintam
823 4068 1010 4137 feriam
1031 4109 1047 4134 ,
1086 4084 1155 4124 ex
1182 4068 1372 4124 eodem
1404 4067 1576 4138 Regio
1601 4067 1794 4123 codice
1833 4075 1887 4123 et
1919 4067 1984 4121 Β.
2011 4067 2072 4121 P.
2108 4065 2387 4120 Sirmondi
2420 4067 2716 4136 exemplari
2749 4081 3099 4138 repraesento.
3157 4072 3334 4130 Habet
3366 4093 3428 4131 ea

184 4162 533 4215 characteres
562 4160 676 4213 sive
714 4169 871 4214 notas
902 4174 1194 4230 expressas
1242 4159 1367 4229 styli
1407 4156 1697 4213 Athanasia

1917 4157 2058 4210 liotio
2088 4155 2429 4222 observatas,
2457 4154 2519 4206 τὸ
2547 4156 2835 4227 ἀπέριττον
2859 4159 2954 4210 καὶ
2982 4159 3042 4211 τὸ
3073 4159 3258 4232 δριμύ,
3287 4173 3345 4219 ut
3374 4176 3430 4220 ct

184 4253 380 4324 quinta
402 4253 493 4306 illa
516 4255 569 4305 in
593 4250 651 4307 S.
682 4247 909 4316 Pascha,
937 4269 1059 4307 meo
1082 4252 1290 4322 judicio
1329 4252 1572 4306 omnium
1604 4250 1807 4320 optima
1838 4258 1892 4305 et
1917 4247 2346 4320 elegantissima,
2372 4262 2536 4317 quam
2570 4247 2664 4301 uni
2703 4246 2764 4303 P.
2801 4247 3096 4308 Sirmondo
3130 4253 3430 4321 debemus,

187 4345 287 4416 qui
313 4345 501 4399 Romae
531 4345 628 4400 abs
658 4359 716 4399 se
744 4344 1076 4414 descriptam
1105 4344 1440 4414 perbenigne
1487 4357 1703 4397 mecum
1737 4341 2180 4397 communicavit.
2231 4337 2528 4394 Sabbatum
2557 4339 2657 4410 τῆς
2685 4339 3052 4414 ἀπολυσίμου,
3100 4361 3210 4416 quo
3247 4347 3316 4403 ad
3347 4365 3432 4402 re-

185 4451 322 4492 cens
351 4435 654 4503 baptizatos
684 4447 802 4487 eam
832 4431 1072 4487 habitam
1128 4432 1417 4501 inscriptio
1465 4439 1701 4486 testatur
1722 4470 1736 4494 ,
1792 4431 2068 4500 appellant
2095 4428 2270 4484 Graeci
2293 4468 2309 4494 ,
2353 4429 2499 4498 quod
2546 4429 2886 4486 Dominicam
2922 4434 2977 4487 in
3005 4435 3180 4500 Albis,
3209 4440 3345 4508 sive,
3371 4451 3431 4496 ut

186 4532 356 4588 iidem
378 4537 599 4594 vocant,
618 4527 901 4599 Κυριακὴν
919 4526 1011 4579 τοῦ
1042 4526 1372 4595 Ἀντιπάσχα
1388 4523 1667 4595 praecedit,
1683 4540 1699 4577 (

1918 4523 2126 4578 ,scbalis
2143 4521 2430 4588 festivitas,
2453 4528 2568 4576 toto
2588 4523 2810 4578 octiduo
2837 4525 2964 4580 olim
2998 4529 3270 4586 celebrata
3294 4536 3431 4602 (δια-

186 4619 518 4688 καινήσιμον
547 4630 664 4670 eam
692 4615 1048 4683 septimanam
1078 4613 1392 4669 Graecorum
1425 4613 1652 4667 rituales
1679 4611 1805 4666 libri
1833 4620 2050 4676 vocant,
2077 4613 2146 4666 ob
2169 4611 2429 4675 fidelium,
2462 4612 2518 4665 ni
2537 4611 2715 4680 fallor,
2746 4631 2844 4684 per
2870 4617 3214 4687 baptismatis
3250 4641 3434 4682 sacra-

186 4720 436 4766 mentum
464 4706 912 4778 revocationem),
944 4722 1008 4762 eo
1037 4705 1126 4762 die
1160 4706 1428 4770 finiretur,
1450 4713 1734 4774 cmtusque
1763 4705 1908 4761 sacri
1937 4705 2312 4767 solverentur,
2364 4701 2420 4758 id
2453 4703 2598 4758 enim
2636 4705 2781 4759 λύειν
2820 4709 2934 4764 sive
2956 4713 3212 4769 ἀπολύειν
3264 4717 3432 4775 iidem

185 4809 414 4865 vocant,
445 4799 590 4854 unde
621 4809 932 4868 postremus
961 4798 1288 4853 solemnium
1323 4798 1593 4853 festorum
1629 4798 1746 4852 dies
1768 4795 2030 4859 ἀπόλυσις
2068 4796 2343 4866 quondam
2375 4798 2694 4863 vocabatur,
2729 4801 2875 4870 quod
2908 4817 2971 4858 ex
3008 4803 3210 4862 Basilio
3243 4807 3434 4865 Seleu-

184 4894 364 4954 ciensi
401 4892 632 4960 aliisque
656 4889 978 4960 jampridem
1008 4888 1074 4942 ν.
1106 4888 1188 4942 Cl.
1241 4897 1297 4944 et
1339 4889 1714 4945 amicissimus
1759 4886 2002 4942 Joannes
2035 4886 2307 4943 Meursius
2332 4889 2388 4942 in
2420 4887 2703 4946 Glossario
2737 4909 2838 4948 suo
2866 4895 3076 4950 docuit.
3126 4898 3204 4953 Eo
3249 4910 3431 4958 autem

187 4986 437 5038 Sabbato
466 4982 792 5038 Christianae
820 4982 1026 5036 militia:
1066 4981 1295 5046 tirones,
1341 4996 1538 5052 magno
1565 4979 1806 5036 Sabbato
1836 4979 2160 5050 baptizatos,
2179 4980 2333 5038 albas
2365 4991 2548 5041 vestes
2576 4984 2898 5055 deposuisse
2931 4992 3117 5047 notius
3147 5001 3249 5056 est,
3269 5011 3433 5066 quam

187 5086 249 5130 ut
282 5076 516 5130 indicari
544 5075 760 5131 debeat.

268 5166 453 5235 Rejeci
486 5167 702 5222 tandem
726 5166 782 5220 in
819 5165 976 5220 finem
1003 5164 1136 5220 duas
1164 5165 1436 5232 homilias,
1472 5180 1594 5236 quas
1621 5175 1818 5236 praeter
1852 5166 2072 5229 titulum
2103 5166 2239 5220 nihil
2274 5169 2453 5238 magni
2491 5169 2638 5226 illius
2670 5170 2958 5228 Athanasii
2984 5174 3187 5233 habent
3215 5199 3226 5234 :
3268 5189 3363 5236 aut
3390 5185 3436 5240 si

189 5276 436 5330 utiquam
466 5276 588 5315 eum
623 5271 828 5330 patrem
870 5268 1244 5330 agnoverunt,
1281 5262 1356 5313 ita
1401 5276 1553 5314 nunc
1581 5259 1924 5328 interpolatae
1953 5267 2102 5323 sunt,
2138 5268 2197 5313 ut
2219 5261 2553 5317 Athanasius
2585 5263 2722 5333 ipse,
2755 5265 2800 5320 si
2836 5281 2930 5321 eas
2959 5268 3202 5338 legeret,
3244 5289 3436 5331 earum

186 5352 574 5406 auctoritatem
605 5352 905 5422 defugeret,
931 5352 985 5404 in
1025 5352 1225 5420 quibus
1253 5367 1355 5406 nec
1387 5353 1537 5416 vola,
1576 5349 1722 5420 quod
1753 5351 1930 5416 aiunt,
1960 5365 2062 5405 nec
2087 5352 2372 5421 vestigium
2411 5353 2616 5421 ingenii
2652 5357 2885 5427 stylique
2918 5359 3066 5416 illius
3097 5365 3433 5432 agnoscitur.

185 5447 352 5501 Prior
378 5453 560 5499 tamen
594 5446 698 5500 ista
728 5448 777 5499 in
812 5462 1004 5500 ca‘cum
1035 5456 1240 5510 natum,
1274 5447 1456 5501 minus
1488 5449 1859 5502 contaminata
1886 5451 1971 5501 est
2000 5460 2031 5498 a
2061 5445 2392 5498 rhetorculis
2421 5445 2566 5509 istis,
2600 5449 2694 5517 qui
2733 5465 2800 5504 ex
2831 5451 3056 5522 Optimis
3079 5453 3179 5510 SS.
3205 5454 3433 5514 Patrum

187 5542 432 5598 homiliis
467 5541 711 5610 dialogos
743 5543 1014 5612 pessimos
1047 5541 1207 5597 nobis
1237 5543 1658 5597 concinnat-unt.
1711 5541 1905 5597 Prodit
1933 5555 1995 5596 ea
2037 5555 2102 5595 ex
2132 5538 2300 5609 Regio
2329 5541 2704 5612 manuscripto
2729 5586 2744 5611 ,
2789 5546 3078 5602 emendata
3124 5557 3307 5605 tamen
3338 5552 3438 5606 ali-

187 5642 326 5707 quot
357 5634 494 5689 locis
524 5650 590 5689 ex
613 5633 674 5688 P.
706 5635 981 5690 Sirmondi
1015 5637 1332 5706 exemplari,
1369 5637 1528 5707 cujus
1558 5654 1660 5709 ope
1694 5637 1911 5709 egregie
1938 5636 2146 5705 aliquot
2178 5636 2297 5688 loca
2326 5635 2564 5692 restitui.

262 5725 548 5781 Postrema
579 5727 668 5781 illa
721 5729 773 5782 in
811 5727 910 5784 SS.
953 5727 1140 5783 Patres
1193 5739 1239 5783 et
1292 5731 1658 5799 patriarchas,
1706 5728 2046 5803 ineptissimo
2081 5737 2184 5795 est,
2217 5736 2270 5784 et
2322 5730 2437 5801 ipso
2485 5746 2612 5786 rure
2653 5732 2941 5792 inﬁcetior.
2977 5736 3171 5809 Reperi
3203 5754 3320 5794 eam
3375 5739 3434 5793 in
