3856 6206
437 306 541 365 945
1557 317 1618 372 S.
1651 307 2106 364 ATIIANASIUS.
2145 340 2215 350 —
2253 309 2475 365 DUBIA.
3565 308 3674 364 9η

441 429 602 482 unico
631 426 798 498 Regio
821 427 1029 491 codice,
1055 442 1164 498 quo
1189 426 1326 480 nihil
1360 440 1445 481 me
1477 426 1652 494 magis
1680 425 1976 478 barbarum
2013 425 2217 480 vidisse
2246 425 2491 488 memini,
2525 425 2660 480 adeo
2684 425 2830 479 nulla
2855 425 3257 496 orthographia:
3288 433 3379 480 aut
3408 436 3677 481 constru-

437 519 635 573 ctionis
671 519 810 572 ratio
843 519 1004 573 isthic
1029 525 1268 579 servata,
1297 526 1351 571 et
1381 525 1489 570 tota
1518 517 1665 582 vitiis
1691 517 1958 579 scatebat,
1991 532 2227 585 quorum
2270 517 2560 570 maximam
2596 528 2797 586 partem
2839 519 3066 582 sustuli,
3122 519 3196 572 ita
3230 528 3290 572 ut
3316 519 3419 589 legi
3463 519 3675 573 intelli-

437 607 728 677 giquejam
758 617 940 678 queat.
981 606 1256 663 Potuisset
1305 607 1423 662 sine
1455 606 1659 662 scelere
1685 607 1883 672 omitti,
1914 606 2018 660 nisi
2049 606 2353 662 doctissimi
2390 607 2491 660 viri
2520 607 2639 675 ejus
2664 609 2990 662 auctoritate
3037 609 3364 678 jampridem
3398 610 3453 663 in
3484 612 3676 665 crucis

438 713 541 753 usu
566 699 844 769 probando
866 700 1264 769 asserendoque
1292 697 1522 753 fuissent
1552 698 1656 752 usi.
1709 696 1954 763 Quorum
1983 713 2084 766 ego
2118 697 2385 766 judicium
2423 698 2768 753 vehementer
2808 699 2910 752 hac
2939 700 2996 752 in
3037 707 3191 768 parte
3217 699 3490 755 desidero.
3532 700 3675 754 Nam

437 805 558 860 qum
593 792 660 845 de
685 791 1011 863 imaginibus
1045 791 1147 846 sub
1179 790 1338 845 ﬁnem
1382 789 1654 859 leguntur,
1690 787 2153 842 lconoclastarum
2193 798 2431 858 tempora
2463 790 2712 859 sapiunt,
2767 790 2943 860 iisque
2995 791 3295 861 impostor,
3346 795 3671 862 quicunque

441 883 661 938 demum
695 882 740 935 is
775 881 956 950 fuerit,
985 882 1152 937 veluti
1185 896 1345 937 sorex
1376 895 1478 935 suo
1509 879 1718 949 judicio
1748 878 2036 934 manifeste
2065 895 2122 934 se
2151 881 2352 949 prodit.
2383 881 2523 938 Loca
2555 881 2866 951 Scriptura,
2891 898 3010 952 quae
3056 884 3348 954 imaginum
3381 887 3504 939 usui
3546 902 3679 955 pro-

436 976 615 1032 bando
668 977 984 1045 aﬂ'eruntur,
1016 975 1306 1031 admodum
1345 974 1740 1047 ἀπροσδιόνυσα
1782 982 1910 1028 sunt
1944 993 1958 1028 :

2094 975 2132 1028 it
2163 975 2306 1029 enim
2344 977 2399 1030 in
2433 977 2600 1032 verbo
2630 977 2882 1048 γράφειν,
2909 994 3018 1049 quo
3052 978 3222 1033 Gmci
3252 987 3306 1034 et
3335 982 3676 1050 scripturam

437 1076 492 1123 et
548 1069 814 1140 picturam
853 1069 1159 1140 promiscue
1214 1067 1541 1139 signiﬁcant.
1593 1065 1747 1132 Quod
1787 1066 1854 1120 de
1895 1065 2170 1121 Zachariae
2188 1070 2452 1139 sanguine
2487 1071 2713 1135 scribit,
2765 1078 2921 1126 notas
2951 1073 3069 1141 ejus
3095 1082 3147 1126 et
3175 1076 3396 1146 vestigia
3427 1076 3483 1132 in
3523 1083 3677 1136 saxis

435 1165 755 1235 apparuisse
776 1206 791 1228 ,
823 1165 873 1219 id
896 1172 949 1220 et
979 1163 1298 1218 Tertulliani
1331 1162 1653 1217 auctoritate
1684 1161 2034 1216 confirmatur
2065 1177 2184 1233 cap.
2221 1163 2254 1217 8
2303 1163 2572 1234 Scorpiaci
2605 1167 2896 1237 :quamvis
2925 1165 2984 1222 Β.
3040 1165 3403 1242 Hieronymus
3445 1176 3500 1227 in
3534 1191 3675 1230 mu

437 1254 630 1313 Matth.
674 1267 733 1312 ut
776 1258 922 1328 pium
944 1268 1304 1312 commentum
1336 1255 1388 1309 id
1417 1255 1608 1311 elevet.

506 1348 655 1403 lianc
675 1349 926 1404 editionis
953 1357 1151 1404 nostra:
1183 1349 1446 1404 rationem
1473 1346 1659 1417 paucis
1683 1347 2059 1416 exponendam
2093 1348 2278 1417 putavi
2311 1367 2324 1404 :
2367 1357 2421 1403 et
2450 1361 2597 1404 certa
2643 1365 2729 1405 me
2759 1367 2890 1422 spes
2927 1360 3075 1408 tenet
3120 1354 3294 1410 bonos
3323 1363 3376 1410 et
3417 1357 3674 1414 eruditos

436 1441 606 1508 viros,
637 1441 682 1495 si
714 1455 822 1494 non
851 1455 1093 1511 operam,
1125 1450 1269 1496 certe
1297 1449 1552 1495 conatum
1594 1450 1648 1495 et
1684 1441 2022 1494 voluntatem
2073 1446 2317 1493 nostram
2348 1441 2692 1510 probaturos.
2744 1443 2949 1500 Caetera
2995 1463 3115 1515 qua:
3181 1447 3358 1501 adhuc
3403 1447 3573 1503 latent
3615 1450 3672 1504 in

435 1532 598 1588 Italiae
624 1541 678 1589 et
705 1533 976 1604 Hispania:
1001 1535 1342 1590 bibliothecis
1371 1535 1460 1589 alii
1485 1535 1712 1599 dabunt,
1747 1535 2043 1604 przesertim
2067 1532 2514 1588 Commentarium
2543 1546 2843 1604 perpetuum
2862 1539 2915 1591 in
2940 1538 3203 1604 Psalmos,
3223 1538 3368 1608 quod
3397 1554 3500 1609 ego
3545 1541 3673 1609 pal-

435 1625 666 1678 marium
700 1623 983 1681 Athanasii
1009 1640 1147 1696 opus
1191 1627 1464 1682 existimo.
1493 1625 1625 1693 Quae
1655 1625 1709 1680 in
1747 1625 1805 1681 S.
1838 1625 2056 1679 Antonii
2102 1623 2218 1678 Vita
2259 1642 2325 1680 ex
2360 1629 2733 1698 manuscripto
2761 1629 2950 1686 codice
2995 1631 3436 1687 reverendissimi
3460 1640 3517 1687 et
3544 1634 3667 1687 cla-

433 1715 641 1771 rissimi
675 1716 880 1773 domini
909 1718 1087 1775 Caroli
1119 1719 1184 1775 de
1221 1719 1510 1786 Montchal,
1535 1721 1746 1776 abbatis
1790 1719 1974 1774 Sancti
2000 1717 2237 1773 Amantii
2283 1722 2532 1792 supplevi
2573 1730 2626 1778 et
2658 1717 2978 1791 emendavi,
3010 1714 3248 1782 'seorsim
3296 1728 3674 1799 typOgraphus

433 1812 604 1876 dabit,
633 1821 726 1868 aut
758 1813 1150 1872 llosschelianis
1189 1818 1332 1872 notis
1372 1818 1603 1883 inseret;
1647 1816 1946 1870 mihienim
1977 1831 2121 1870 nunc
2145 1831 2332 1871 eorum
2369 1819 2523 1888 capia
2572 1833 2683 1874 non
2729 1829 2830 1884 est,
2870 1837 2970 1877 nec
3015 1824 3091 1877 ita
3122 1824 3200 1877 uti
3242 1823 3433 1878 vellem
3476 1839 3674 1878 recen-

435 1907 722 1963 serelicet.
761 1907 912 1968 Vale.
944 1917 998 1965 et
1033 1909 1135 1964 hoc
1177 1911 1543 1983 qualicunque
1592 1923 1785 1966 nostro
1828 1909 2012 1964 labore
2042 1907 2222 1966 fruere
2266 1909 2514 1968 feliciter.
2555 1913 2975 1985 Antissiodoro,
3027 1915 3354 1975 clalacxxvn.
3396 1916 3678 1975 Postridie

429 1994 563 2055 idus
584 1997 856 2056 Octobris.

1509 2253 1644 2306 ΤΟΥ
1681 2252 1772 2306 ΕΝ
1810 2252 2035 2306 ΛΓΙΟΙΣ
2070 2254 2338 2310 ΠΑΤΡΟΣ
2378 2257 2574 2315 ΗΜΩΝ

1734 2397 2367 2492 ΑΘΑΝΑΣΙΟΥ

697 2551 828 2608 ΕΙΣ
859 2553 1304 2610 ΑΠΟΓΡΑΦΗΝ
1319 2554 1430 2626 (55)
1473 2559 1610 2611 ΤΗΣ
1640 2560 1868 2614 ΑΓῙΑΣ
1886 2561 2180 2628 ΜΑΡΙΑΣ,
2212 2567 2348 2620 ΚΑΙ
2369 2563 2488 2620 ΕΙΣ
2526 2567 2663 2621 ΤυΝ
2690 2568 2936 2631 ΙΩΣΗΦ,
2965 2569 3210 2622 ΛΟΓΟΣ
3242 2567 3376 2645 (56).

1433 2801 1526 2891 S.
1605 2804 1712 2891 P.
1793 2804 1912 2895 N.
1985 2803 2628 2896 ATHANASII

540 2993 621 3051 ῐΝ
653 2993 957 3052 CENSUM
995 2994 1172 3053 SIVE
1200 2995 1817 3056 DESCRIPTIONEM
1862 2996 1983 3056 SAI

2094 2998 2188 3054 νε
2220 2999 2505 3068 mnus,
2546 2999 2636 3074 Er
2675 2999 2764 3055 1N
2792 2994 3224 3068 JOSEPHUH,‘
3246 2986 3547 3059 “serum:

511 3258 564 3313 1.
592 3251 1051 3320 Quemadmodum
1099 3257 1335 3328 operarii
1388 3257 1642 3315 aurifera:
1690 3267 1850 3317 terrze
1881 3278 1983 3319 me-

2165 3264 2216 3318 1.
2244 3264 2453 3336 Ὠσπερ
2487 3263 2536 3316 οἱ
2564 3261 2663 3334 τὴν
2693 3264 2936 3334 χρυσῖτιν
2975 3260 3080 3330 γῆν
3107 3258 3454 3331 μεταλλεύειν
3481 3255 3672 3328 λαχόν-

426 3345 554 3402 tal‘a
596 3343 899 3400 ctfodienda
934 3347 1100 3411 nacti,
1159 3364 1284 3402 eum
1347 3349 1402 3404 in
1455 3365 1646 3405 venam
1707 3352 1988 3420 incidunt,

425 3436 640 3508 quresiti
669 3437 786 3491 auri
814 3447 1058 3492 ramenta
1088 3440 1458 3506 exhibentem,
1490 3441 1604 3498 illic
1644 3457 1862 3513 operam
1894 3459 1992 3513 po-

426 3533 563 3580 nuut
591 3541 768 3590 suam,
795 3527 904 3581 illic
926 3527 1208 3597 effodiunt,
1245 3539 1432 3601 utpote
1463 3531 1550 3588 via
1584 3532 1657 3588 ibi
1687 3533 1754 3587 ad
1780 3534 1990 3589 lucrum

425 3626 872 3684 commonstrata,
907 3635 1016 3675 non
1057 3633 1202 3675 retro
1229 3623 1471 3690 cedunt,
1520 3640 1620 3680 nec
1652 3635 1777 3682 ante
1805 3627 1989 3682 sedem

424 3719 780 3772 commutant.
821 3727 984 3782 quam
1035 3715 1327 3784 propositae
1367 3717 1445 3771 rei
1485 3717 1768 3773 latibulum
1801 3719 1992 3789 depre-

423 3802 688 3870 hendant;
731 3805 918 3859 eadem
967 3821 1192 3877 prorsus
1224 3809 1434 3864 ratione
1467 3824 1569 3864 nos
1620 3811 1991 3868 ecclesiastici

420 3895 602 3963 Operis
634 3895 1038 3960 distributores,
1070 3896 1272 3952 Lucam
1300 3900 1686 3970 evangelistam
1723 3916 1834 3970 prae
1875 3917 1991 3957 ma-

421 3985 583 4038 nibus
607 3985 887 4049 habentes,
914 3996 974 4040 ut
995 3985 1334 4042 Dominieum
1374 3989 1604 4059 virginei
1638 3999 1836 4060 partus
1865 3993 1987 4046 the-

421 4091 641 4131 saurum
671 4080 1119 4148 contemplemur,
1157 4096 1265 4135 non
1298 4089 1422 4136 ante
1446 4081 1608 4137 finem
1638 4084 1988 4154 perquirendi

421 4166 706 4234 faciamus,
735 4186 896 4239 quam
948 4173 1257 4242 propositas
1308 4173 1602 4244 diligenter
1661 4176 1988 4246 colligamus

419 4259 656 4315 divitias.
707 4261 1068 4327 Quamobrem
1124 4265 1316 4319 ordine
1366 4265 1712 4336 evangelista:
1760 4268 1987 4336 vestigia

418 4349 815 4424 inda‘gabimus,
853 4371 921 4411 ne
961 4356 1238 4426 quidpiam
1273 4357 1424 4411 lucro
1449 4355 1699 4410 faciendo
1729 4356 1984 4412 idoneum

416 4447 753 4504 omittamus.
775 4446 998 4503 Etiamsi
1013 4450 1159 4502 enim
1190 4449 1352 4503 verba
1379 4448 1648 4518 principio
1679 4448 1872 4518 exigua
1905 4449 1989 4501 vi-

417 4534 670 4599 deantur,
691 4546 744 4590 at
766 4552 959 4607 magna
977 4540 1164 4606 gratiae
1188 4539 1470 4608 mysteria.
1491 4535 1660 4592 Nemo
1677 4553 1984 4593 sermonem

2094 3371 2184 3418 τες
2214 3355 2460 3426 ἐργάται,
2495 3353 2631 3406 ἐπὰν
2671 3353 2871 3424 εὕρωσι
2917 3351 3086 3421 φλέὁα
3123 3351 3389 3422 ψήγματα
3428 3349 3524 3404 τοῦ
3569 3352 3670 3422 ζη-

2092 3444 2350 3515 τουμένου
2375 3442 2799 3513 προϐάλλουσαν,
2823 3442 2938 3493 ἐκεῖ
2965 3437 3330 3508 σχολάζουσιν,
3370 3440 3488 3490 ἐκεῖ
3528 3453 3674 3509 παρ-

2091 3535 2424 3608 ορύττουσιν,
2458 3532 2532 3596 ὡς
2579 3530 2756 3602 ὁδηγῷ
2785 3528 2879 3584 τοῦ
2906 3529 3125 3602 κέρδους
3145 3547 3159 3559 ·
3207 3530 3300 3582 καὶ
3328 3529 3388 3581 οὐ
3433 3529 3674 3582 κατόπιν

2091 3624 2350 3686 ὁδεύουσι,
2403 3621 2476 3692 μὴ
2528 3620 2789 3691 πρότερον
2827 3619 2918 3695 τὸν
2957 3619 3119 3672 τόπον
3161 3617 3500 3688 ἀμείϐοντες,
3562 3618 3674 3679 ἕως

2091 3711 2150 3772 οὗ
2180 3717 2271 3770 τὸν
2299 3715 2502 3784 φωλεὸν
2533 3713 2624 3766 τοῦ
2649 3712 3004 3784 προκειμένου
3031 3710 3378 3764 καταλάϐωσι
3397 3727 3410 3739 ⁸
3444 3710 3538 3762 τὸν
3572 3710 3676 3762 αὐ-

2089 3808 2179 3862 τὸν
2221 3806 2419 3878 τρόπον
2467 3803 2580 3872 (57)
2624 3805 2716 3856 καὶ
2759 3804 2917 3872 ἡμεῖς
2960 3803 3010 3853 οἱ
3057 3801 3155 3870 τῆς
3203 3798 3676 3868 ἐκκλησιαστικῆς

2090 3893 2350 3964 ἐργασίας
2379 3889 2678 3960 ἐργοδόται,
2712 3889 2804 3940 τὸν
2844 3884 3229 3955 εὐαγγελιστὴν
3260 3885 3474 3936 Λουκᾶν
3523 3883 3676 3953 μετά

2090 3987 2276 4056 χεῖρας
2316 3983 2549 4052 ἔχοντες,
2587 3981 2721 4053 πρὸς
2749 3978 3074 4048 κατανόησιν
3096 3975 3189 4028 τοῦ
3220 3971 3542 4027 δεσποτικοῦ
3569 3973 3676 4042 τῆς

2089 4078 2152 4130 ὲκ
2202 4075 2475 4147 Παρθένου
2522 4075 2879 4143 ἀποκυήσεως
2933 4066 3229 4140 θησαυροῦ,
3281 4067 3343 4119 οὐ
3399 4066 3673 4134 πρότερον

2087 4171 2186 4238 τῆς
2231 4167 2458 4238 ἐρεύνης
2501 4163 2855 4234 παυσώμεθα,
2905 4163 3012 4224 ἕως
3058 4155 3119 4213 οὗ
3172 4159 3264 4211 τὸν
3303 4157 3671 4228 προκείμενον

2089 4259 2314 4312 πλοῦτον
2346 4257 2584 4327 γνησίως
2614 4253 3019 4323 ἀναλεξώμεθα.
3051 4251 3152 4304 Διά
3181 4249 3339 4304 τοῦτο
3385 4251 3481 4302 καὶ
3522 4248 3678 4301 κατὰ

2087 4352 2236 4418 τάξιν
2263 4352 2353 4404 τὸν
2385 4347 2776 4418 εὐαγγελιστὴν
2808 4345 3196 4416 ἀνιχνεύσομεν
3227 4342 3356 4412 (58),
3381 4342 3469 4394 ἵνα
3497 4341 3675 4411 μηδὲν

2086 4444 2194 4496 τῶν
2223 4441 2524 4514 ὲπικερδῶν
2557 4439 2997 4508 καταλείπωμεν.
3034 4438 3098 4489 Εἰ
3126 4435 3236 4505 γὰρ
3268 4434 3364 4488 καὶ
3399 4435 3577 4504 μικρά
3611 4437 3676 4486 ἐν

2088 4539 2392 4607 προοιμίοις
2424 4533 2492 4586 τὰ
2525 4534 2764 4604 ῥήματα,
2793 4531 2907 4584 ἀλλ’
2943 4530 3090 4598 ὅμως
3119 4527 3331 4598 μεγάλα
3364 4526 3466 4595 τῆς
3488 4527 3677 4596 χαρᾶς

417 4627 694 4693 fastidiat,
733 4629 891 4699 quasi
928 4631 1081 4699 parvi
1128 4631 1385 4684 momenti
1412 4631 1699 4684 lectionem
1730 4631 1981 4685 audierit.

2094 4625 2153 4677 τά
2179 4624 2511 4695 μυσταγωγή
2523 4639 2686 4693 ματα.
2722 4623 2831 4674 Καὶ
2873 4620 3060 4691 μηδεὶς
3093 4619 3363 4688 άκηδιάσῃ
3391 4615 3471 4686 τῷ
3493 4616 3676 4686 λόγῳ,

415 4718 548 4773 Nam
570 4719 615 4772 si
640 4727 914 4788 spectetur
931 4722 1041 4774 nati
1064 4718 1276 4773 Domini
1301 4727 1564 4790 potestas,
1579 4719 1774 4790 exigua
1791 4728 1844 4774 et
1862 4735 1984 4789 per-

415 4824 576 4878 quam
604 4809 764 4880 345
803 4809 996 4880 exigua
1060 4821 1187 4866 sunt
1233 4825 1354 4880 qua:
1396 4808 1557 4864 modo
1625 4808 1761 4862 lecta
1821 4817 1980 4877 sunt,

415 4902 577 4971 panni
602 4903 828 4964 scilicet.
853 4917 1090 4971 praesepe
1109 4941 1123 4966 .
1150 4901 1526 4956 incommodus
1559 4900 1730 4955 locus.
1758 4898 1823 4952 Et
1851 4900 1967 4956 hac

411 4992 630 5062 quidem
660 4994 854 5063 exigua
882 5003 1044 5060 sunt,
1081 5008 1201 5064 qua:
1257 5003 1439 5049 autem
1477 4991 1532 5046 in
1583 4992 1734 5045 hisce
1773 5006 1975 5062 propo-

412 5092 618 5137 mmtur
647 5082 874 5153 mystica
921 5089 1078 5145 sunt,
1123 5097 1316 5150 nempe
1347 5089 1532 5135 uterus
1563 5079 1973 5146 inenarrabilis,

410 5174 564 5228 sinus
606 5172 1206 5243 incomprehensibilis,
1255 5173 1422 5226 ubera
1465 5178 1654 5226 sancte
1686 5169 1930 5225 radicata
1958 5208 1972 5236 ,

2088 4715 2262 4786 μικρά
2297 4715 2366 4767 τὰ
2395 4711 2923 4786 παραναγνωσθὲντα
2954 4713 3019 4780 τῇ
3045 4711 3181 4781 ἀκοῇ
3212 4709 3506 4778 δεξάμενος
3533 4708 3672 4778 (59).

2097 4809 2182 4870 Ὡς
2214 4808 2323 4878 γὰρ
2355 4807 2492 4878 πρὸς
2517 4805 2616 4876 τὴν
2642 4805 2869 4874 δύναμιν
2897 4802 2988 4855 τοῦ
3021 4801 3371 4872 γεννηθέντος
3391 4801 3679 4855 Δεσπότου

2086 4898 2259 4970 μικρά
2285 4899 2378 4951 καὶ
2400 4897 2604 4967 σφόδρα
2629 4896 2796 4966 μικρὰ
2821 4895 2889 4947 τὰ
2911 4893 3465 4965 παραναγνωσθέντα,
3492 4894 3683 4964 amip-

2081 5007 2241 5058 γανα,
2267 4990 2359 5042 καὶ
2390 4989 2586 5057 φάτνη,
2613 4988 2708 5040 καὶ
2733 4988 2897 5049 τόπος
2925 4985 3317 5056 ἀνεπιτήδειος.
3347 4985 3461 5037 Καὶ
3489 4985 3676 5038 ταῦτα

2087 5078 2184 5149 μὲν
2215 5076 2402 5148 μικρὰ,
2436 5075 2503 5128 τὰ
2527 5075 2579 5128 δὲ
2609 5075 2943 5146 προκείμενα
2975 5075 3239 5145 μυστικάο
3266 5074 3482 5145 γαστὴρ
3509 5076 3682 5147 ἀνερ-

2089 5169 2371 5238 μήνευτος,
2421 5166 2620 5229 κόλπος
2649 5166 3030 5237 ἁκατάληπτος
3063 5166 3198 5236 (60),
3245 5163 3420 5236 μαξὸς
3452 5166 3679 5239 ἀγιόρι-

481 5351 590 5420 (55)
625 5353 968 5421 Colbert._l,
1020 5352 1118 5420 τῆς
1169 5351 1472 5421 ὑπεραγίας
1520 5351 1826 5421 γεννήσεως
1876 5349 1971 5402 τοῦ
2078 5348 2595 5421 dant__ms_s.__tb;_':ﬁ_g
2621 5349 2742 5421 ὲκκ.

409 5421 613 5491 Κυρίου
650 5425 743 5475 καὶ
789 5420 923 5475 Θεοῦ
978 5422 1072 5474 καὶ
1114 5420 1361 5491 Σωτῆρος
1412 5420 1568 5491 ἡμῶν
1616 5420 1791 5490 Ἰησοῦ
1834 5421 1976 5491 Χρι-

2150 5417 2260 5487 (58)
2293 5417 2449 5472 Colb.
2479 5418 2531 5488 1,
2559 5419 2614 5488 2,
2639 5418 3064 5488 ἀνιχνεύσαμεν.

2146 5475 2260 5559 (59)
2291 5488 2447 5559 Colb.
2473 5475 2529 5549 1,
2573 5475 2628 5559 2,
2670 5475 3122 5559 προσδεξάμενος.
3150 5483 3358 5559 Ibidem
3394 5487 3532 5543 edit.
3583 5488 3679 5552 Ὠς

2075 5557 2268 5628 γὰρτὸ
2295 5557 2451 5628 πρός,
2495 5557 2589 5611 sed
2623 5557 2682 5609 τό
2715 5557 2868 5611 deest
2901 5559 2954 5611 in
2977 5558 3131 5628 Colb.
3164 5559 3215 5628 1,
3251 5557 3303 5610 2.

2149 5625 2260 5697 (60)
2290 5625 2410 5683 (λοι.
2447 5627 2683 5697 μέτοχος
2717 5628 2880 5697 ἀκατ.
2915 5628 3036 5682 Mox
3087 5627 3331 5683 Colbert.
3393 5627 3447 5692 1,
3491 5625 3679 5697 μαζδς

2075 5696 2283 5768 ἅριζος.
2321 5697 2476 5755 Colb.
2506 5696 2562 5764 2,
2592 5696 2837 5772 ἄρριζος,

408 5505 590 5676 Ξ
617 5558 694 5613 Ex
722 5575 855 5616 mss.
888 5559 1024 5632 Reg.
1053 5559 1230 5614 Oxon.
1261 5559 1328 5613 Β.
1353 5558 1414 5614 Ρ.
1443 5558 1743 5620 Sirmondi,
1768 5565 1820 5613 et
1847 5556 1972 5612 Col-

615 5695 769 5753 Colb.
791 5698 846 5763 l,
883 5709 1004 5768 post
1037 5699 1259 5771 τρόπον,
1305 5701 1466 5754 habet
1502 5700 1588 5771 δή.
1614 5697 1818 5755 Ibidem
1847 5697 1970 5769 qui-
