3832 6216
185 310 298 369 965

1225 304 1459 361 SEBMO
1493 303 1582 358 DE
1615 295 2120 358 DESCRIPTIONE
2155 293 2498 350 DEIPARE.

3301 253 3427 356 ’9η

182 431 296 498 Cos.
324 429 467 500 γάλα
499 429 803 503 ξενορῥυὲςν
836 429 974 500 θήλη
1007 428 1106 500 τῆξ
1137 431 1372 500 φυσικῆς
1400 430 1572 500 νομῆς
1607 428 1759 482 ἁλλο-

1869 422 1944 474 lac
1979 419 2201 474 insolito
2231 416 2407 472 ﬂuens
2443 415 2640 479 modo,
2688 413 2928 470 mamilla
2981 431 3013 469 a
3057 413 3290 469 naturali
3339 428 3431 470 or-

181 524 334 594 τρία,
367 524 400 592 ἠ
439 523 639 592 Μήτηρ
676 521 768 574 τοῦ
810 521 1013 592 Κυρίου
1049 521 1424 592 ἐναπόγραφος
1457 521 1568 591 (61)
1613 537 1763 589 γενο-

186 613 340 683 μὲνη,
379 613 408 664 6
452 611 697 683 μνηστὴρ
730 611 924 682 Ἰωσὴφ
950 611 1232 682 ὀνόματος,
1275 614 1370 665 καὶ
1411 613 1472 665 οὐ
1505 611 1763 683 πράγμα-

178 723 272 769 τος
307 703 587 756 κοινωνίαν
623 703 1016 772 ἀσπαζόμενος.

252 793 546 856 2.Ἥκουες
566 793 766 864 ἀρτίως
779 792 871 845 τοῦ
889 793 1272 864 εὐαγγελιστοῦ
1289 793 1470 848 Δουκᾶ
1485 793 1731 862 λέγοντος
1744 811 1757 824 ·

185 903 204 936 ε
261 885 349 936 Ἑν
392 885 508 946 ταῖς
571 883 805 954 ἡμέραις
851 885 1087 950 ἐκείναις
1138 884 1327 956 ἐξῆλθε
1381 885 1558 956 δόγμα
1613 885 1765 957 παρά

180 975 460 1046 Καίσαρος
492 974 826 1043 Αὐγούστου,
862 976 1277 1049 ἀπογράφεσθαι
1326 980 1508 1031 πᾶσαν
1555 977 1653 1049 τὴν
1683 980 1762 1031 οί-

181 1068 474 1139 κουμένην.
509 1067 657 1138 Αὕτη
691 1069 1043 1141 ήάπογραφὴ
1079 1069 1268 1142 πρώτη
1303 1068 1538 1137 ἐγένετο,
1565 1070 1766 1140 ἡγεμο-

180 1160 427 1224 νεύοντος
455 1163 551 1230 τῆς
579 1161 776 1231 Συρίας
809 1150 1104 1232 Κυρηνίου.
1135 1163 1244 1216 Καὶ
1273 1161 1593 1233 ἐπορεύοντο
1627 1161 1763 1215 πάν-

179 1265 275 1312 τες
318 1249 752 1320 ἀπογράφεσθαι,
803 1251 1030 1315 ἕκαστος
1081 1253 1159 1313 εἰς
1211 1251 1308 1323 τὴν
1358 1251 1551 1306 ἐαυτοῦ
1591 1252 1760 1305 πόλιν.

193 1339 492 1412 Ἐπορεύθη
539 1342 597 1394 δέ
639 1342 733 1394 καὶ
776 1341 974 1413 Ἰωσὴφ
1017 1343 1081 1395 ἐκ
1126 1341 1226 1412 τῆς
1261 1342 1547 1406 Γαλιλαίας
1576 1345 1640 1396 ἐκ
1671 1343 1766 1394 πό-

180 1431 320 1495 λεως
363 1430 647 1504 Ναζαρὲθ,
699 1434 780 1496 είς
830 1434 928 1504 τὴν
973 1433 1230 1487 Ἰουδαίαν
1284 1434 1430 1504 (62),
1477 1436 1557 1498 εἰς
1613 1433 1771 1490 πόλιν,

180 1523 369 1586 Δαὸὶδ,
397 1525 518 1594 ἥτις
541 1523 784 1578 καλεῖται
827 1525 1095 1596 Βηθλεέμ,
1126 1525 1216 1578 διὰ
1245 1525 1306 1579 τὸ
1334 1523 1472 1579 εἶναι
1505 1525 1666 1578 αὐτὸν
1707 1523 1765 1592 ἐξ

179 1615 331 1668 οἴκου
355 1616 448 1668 καὶ
481 1619 710 1687 πατριᾶς
739 1615 922 1678 Δασιδ,
956 1617 1372 1688 ἀπογράφεσθαι
1407 1618 1504 1671 σὺν
1533 1616 1764 1688 Μαριὰμ

180 1706 249 1774 τῇ
286 1707 737 1777 μεμνηστευμένῃ
778 1705 924 1776 αὐτῷ
949 1707 1187 1772 γυναικὶ,
1221 1705 1353 1779 οὐσῃ
1390 1707 1591 1776 ἐγκύῳ.
1625 1725 1643 1758 ι
1674 1703 1765 1760 Εἷ-

179 1792 272 1856 δες
302 1793 417 1857 πῶς
447 1794 618 1866 μικρὰ
650 1797 715 1849 τά
751 1798 989 1868 ῥήματα.
1025 1797 1118 1851 καὶ
1157 1799 1364 1868 μεγάλα
1392 1799 1458 1851 τὰ
1489 1814 1767 1868 μυσταγω-
1798 1787 1839 1842 Β

181 1885 440 1954 γήματα;
486 1885 542 1940 '0
587 1886 788 1958 Κύριος
833 1891 1212 1961 ἐκυοφορεῖτο,
1249 1891 1362 1965 ,καὶ
1407 1889 1595 1962 πρώτη
1628 1891 1764 1944 ἀπο-

182 1975 368 2046 γραφὴ
395 1976 760 2046 ἐνομοθετεῖτο
789 1980 817 2030 6
843 1981 1024 2032 πᾶσαν
1052 1981 1150 2051 τὴν
1180 1980 1354 2034 κτίσιν
1390 1981 1766 2051 ἐναπόγραφον

181 2065 346 2135 ἔχων,
375 2067 468 2119 καὶ
500 2068 635 2138 πρὸς
669 2069 794 2134 τοὺς
844 2072 1035 2124 ἑαυτοῦ
1063 2073 1310 2144 μαθητάς
1344 2076 1550 2146 φήσας·
1582 2095 1600 2126 ι
1635 2077 1768 2130 Χαί-

185 2173 308 2221 ρετε
336 2157 430 2210 καὶ
467 2157 817 2226 ἀγαλλιᾶσθε,
855 2162 936 2214 ὃτι
978 2161 1044 2216 τὰ
1084 2164 1324 2234 ὀνόματα
1361 2165 1512 2236 ὑμῶν
1553 2166 1763 2238 ἐγράφη

181 2249 244 2302 ἐν
273 2250 387 2312 τοῖς
421 2248 664 2321 οὐρανοῖς
695 2249 825 2322 (65).
868 2271 886 2304 ι
932 2255 1019 2306 Ἐν
1051 2257 1164 2318 τοῖς
1196 2258 1408 2328 μικροῖς
1444 2257 1766 2328 Ῥωμαϊκοῖς

182 2337 372 2405 κώδιξι
425 2340 522 2412 τὴν
569 2343 760 2395 ἐαυτοῦ
813 2344 1024 2416 μητέρα
1073 2347 1454 2416 ἐναπόγραφον
1513 2334 1764 2417 γενέσθαι

183 2429 501 2503 συνεχώρει.
550 2433 645 2497 Τίς
697 2435 771 2504 μὴ
829 2434 1072 2508 λαλήσῃ;
1118 2437 1214 2501 Τίς
1267 2438 1340 2509 μὴ
1387 2439 1638 2512 θαυμάσῃ
1667 2441 1766 2512 τὴν

181 2520 280 2576 τοῦ
315 2523 517 2594 Κυρίου
542 2525 979 2592 συγκατάϐασιν;
1007 2529 1152 2581 "Avo;
1177 2528 1476 2601 ἐλεύθερος,
1505 2531 1598 2584 καὶ
1619 2533 1766 2586 κάτω

183 2614 563 2685 ἐναπόγραφος
581 2631 596 2646 ·
623 2615 736 2670 ἀνω
768 2617 915 2680 Υἱὸς,
943 2619 1038 2672 καὶ
1063 2619 1211 2672 κάτω
1236 2619 1446 2685 δοῦλος·
1473 2622 1584 2676 ἀνω
1610 2623 1764 2694 βασι-

183 2704 331 2769 λεὺς,
357 2707 450 2759 κα)⁸
475 2709 622 2761 κάτω
647 2708 940 2779 μισθωτός·
966 2710 1077 2764 ἄνω
1102 2710 1372 2776 πλούσιος,
1398 2713 1492 2765 καὶ
1516 2714 1664 2767 κάτω
1689 2717 1766 2767 ἐν-

179 2797 310 2867 δεής
325 2815 340 2830 ·
360 2797 472 2851 ἀνω
495 2800 982 2870 προσκυνούμενος,
1003 2802 1098 2854 κα)⁵
1117 2801 1266 2856 κάτω
1284 2803 1576 2874 φορολογού
1585 2821 1761 2876 μενος⁸

181 2890 296 2944 ἄνω
316 2889 492 2953 θεῖκὸς
514 2889 716 2962 θρόνος,
735 2893 827 2945 καὶ
851 2892 1002 2945 κάτω
1020 2893 1335 2964 άγροικικδν
1355 2894 1636 2964 σπήλαιον·
1655 2895 1766 2949 ἄνω

180 2983 212 3034 ὁ
233 2982 482 3052 πατρῷος
501 2984 594 3036 καὶ
624 2983 1005 3054 άκατάληπτος
1040 2985 1258 3048 κόλπος,
1281 2985 1374 3038 καὶ
1398 2985 1547 3039 κάτω
1573 2986 1764 3055 άλογο-

181 3075 430 3142 τροφεῖον
455 3072 667 3144 μικρὸν,
686 3073 780 3126 καὶ
797 3072 1014 3142 φάτνιον
1036 3073 1167 3143 (64).
1183 3074 1276 3137 Τίς
1303 3074 1375 3145 μὴ
1394 3074 1644 3146 Θαυμάσῃ
1672 3093 1767 3145 με-

180 3161 323 3228 γάλα
348 3162 460 3215 ἄνω
487 3163 803 3233 πράγματα,
845 3164 939 3216 καὶ
983 3163 1154 3234 μικρὰ
1182 3164 1332 3218 κάτω
1355 3165 1673 3236 σπάργανα;
1707 3167 1764 3220 Ὀ

182 3253 327 3306 λύων
343 3255 546 3308 ἐδέδετο
561 3271 572 3282 ·
595 3255 852 3326 ὁτρέφων
875 3255 1134 3326 ἐτρέφετο
1155 3273 1167 3286 ·
1193 3257 1222 3309 6
1248 3257 1626 3328 άκατάληπτος
1649 3276 1767 3310 παι-

181 3343 292 3398 δίον
309 3345 556 3413 ἐφαίνετο
569 3362 582 3375 ·
601 3348 630 3399 ὁ
651 3345 832 3416 πηγὰς
853 3345 1102 3400 ἀπολύων
1120 3345 1230 3419 (65)
1247 3348 1414 3419 pava
1434 3348 1731 3413 ἐδανείζετο
1745 3367 1758 3380 ο

181 3437 214 3489 6
242 3435 419 3488 πάντα
451 3434 650 3506 φέρων,
680 3435 1099 3507 ἀνερμηνεύτως
1146 3438 1372 3508 ἐφέρετο
1393 3454 1408 3468 ο
1443 3439 1472 3490 ὁ
1513 3438 1761 3509 μηδαμοῦ

182 3525 691 3597 ἀπολιμπανὸμενος
714 3531 771 3580 ἐν
800 3527 955 3599 μέρει
983 3527 1407 3600 ἀπεριγράπτως
1431 3530 1762 3601 περιγραφό-

186 3634 368 3688 μενος.
397 3619 460 3670 Ὢ
485 3617 592 3670 τῶν
625 3618 942 3689 παραδόξων
985 3619 1353 3690 πραγμάτωνῐ
1390 3621 1454 3674 Ἡ
1484 3621 1762 3675 Ἐλισάϐετ

183 3711 243 3762 ἐν
274 3709 500 3778 οἰκίσκῳ
533 3709 740 3781 φαιδρῷ
773 3711 1074 3782 ἀπεκύησε,
1105 3711 1198 3765 καὶ
1230 3712 1263 3781 ἡ
1297 3711 1570 3783 Παρθένος
1601 3712 1659 3765 ἐν
1684 3711 1762 3783 τῷ

189 3800 373 3873 μικρῷ
420 3801 668 3872 σπηλαίῳ
728 3803 1052 3873 ἐγέννησεν
1112 3805 1364 3874 Ἰωάννης
1402 3804 1496 3857 ἐπὶ
1539 3803 1758 3875 κλίνης,

184 3893 284 3945 καὶ
310 3895 338 3945 6
372 3892 576 3964 Κύριος
599 3895 655 3946 ἐν
679 3894 872 3966 φάτνῃ.
909 3896 1020 3966 Οὐχ
1057 3895 1242 3958 ἁπλῶς
1271 3897 1311 3967 ἡ⁴
1329 3894 1424 3948 τοῦ
1463 3896 1669 3967 Κυρίου
1699 3897 1762 3950 ἐκ

186 3983 467 4054 Παρθένου
501 3985 782 4056 γέννησις⁸
821 3988 920 4057 οὐχ
961 3987 1150 4051 ἁπλῶς
1192 3987 1398 4050 τὸ.τοῖς
1427 3987 1763 4058 σπαργάνοις

185 4074 350 4126 αὐτὸν
380 4074 793 4146 κατειληθῆναι·
830 4078 928 4148 οὐχ
963 4077 1148 4140 ἁπλῶς
1176 4077 1236 4130 τὸ
1289 4076 1458 4147 μαζὸν
1498 4076 1756 4131 ἑλκύσαιο

184 4164 287 4234 οὐχ
317 4163 504 4226 ἁπλῶς
531 4165 592 4218 τὸ
617 4168 675 4219 ἐν
701 4167 875 4239 φάτνῃ
907 4167 1260 4238 ἀνακλιθῆναι
1284 4168 1396 4238 (66)
1415 4185 1427 4198 ·
1451 4168 1549 4238 οὐχ
1573 4167 1760 4231 ἁπλῶς

185 4256 247 4309 τὸ
265 4257 332 4326 τῇ
357 4255 451 4309 τοῦ
469 4256 774 4326 Αὐγούστου
799 4259 1092 4330 ἀπογραφῇ
1122 4258 1527 4331 προσκληθῆναι
1545 4273 1559 4287 °
1584 4259 1761 4312 πάντα

183 4345 278 4399 διὰ
307 4345 380 4408 τὶ,
415 4347 508 4399 καὶ
539 4347 674 4416 πρὸς
707 4348 780 4410 τὶ,
807 4349 902 4401 καὶ
935 4347 1326 4418 αἰνιγματώδη.
1363 4348 1457 4400 Ἐκ
1483 4346 1758 4419 Παρθένου
1803 4405 1806 4408 ,

183 4437 453 4502 τίκτεται,
489 4439 575 4492 ἵνα
618 4439 710 4492 τὸν
750 4441 814 4492 ἐκ
845 4438 1120 4510 Παρθένου
1157 4439 1262 4510 γῆς
1290 4437 1758 4509 χοοπλαστηθέντα

185 4526 614 4597 πρωτόπλαστον
652 4528 822 4599 Ἀδὰμ
853 4527 1228 4599 διορθώσηται.
1264 4529 1604 4601 Σπαργάνοις
1633 4546 1761 4582 κατ-

185 4613 421 4683 είληται,
461 4613 548 4667 ἵνα
575 4614 671 4677 τὰς
693 4615 879 4688 σειρὰς
898 4615 1008 4670 τῶν
1046 4616 1326 4687 ἁμαρτιῶν
1351 4617 1506 4689 ἡμῶν
1536 4617 1757 4692 ἐκλύσῃ,

186 4703 366 4773 δεσμὰ
392 4705 608 4774 δεσμοῖς
631 4705 790 4771 λύων,
807 4706 948 4762 κατὰ
971 4707 1031 4760 τὸ
1055 4708 1262 4776 φάσκον
1282 4709 1442 4781 ῥητόν
1462 4727 1474 4739 ·
1501 4728 1520 4762 ι
1547 4711 1762 4780 Σειραῖς

185 4793 298 4862 γὰρ
336 4793 442 4848 τῶν
469 4795 660 4850 ἑαυτοῦ
694 4797 975 4868 ἁμαρτιῶν
1004 4798 1230 4862 ἕκαστος
1253 4800 1561 4868 σφίγγεται.
1587 4820 1605 4852 ι
1639 4802 1760 4853 Μα-

187 4883 282 4946 ζὸν
320 4883 596 4949 εἵλκυσεν,
631 4887 719 4940 ἵνα
749 4888 809 4940 τὸ
849 4888 988 4957 γάλα
1020 4890 1118 4960 τῆς
1145 4890 1364 4962 χάριτος
1392 4891 1586 4965 βρύσῃ,
1625 4892 1761 4964 ὅπερ

185 4976 254 5027 ἐκ
304 4975 405 5046 τῆς
455 4978 660 5042 οἰκείας
711 4978 950 5052 πλευρᾶς
987 4981 1248 5036 ἀνέϐλυσε
1293 4983 1437 5054 (67)·
1468 4983 1609 5052 γάλα
1651 4983 1761 5054 γὰρ

261 5128 308 5160 ⁸⁵
346 5127 480 5184 Luc.
519 5146 587 5196 ιι,
621 5131 734 5187 1-5.
815 5134 858 5167 ⁶¹
890 5133 1023 5189 Luc.
1060 5151 1130 5201 x,
1162 5133 1251 5191 20.
1330 5137 1374 5168 ⁶²
1412 5135 1573 5192 Prov.
1607 5155 1658 5198 ν,
1693 5137 1764 5190 2:2

415 5286 570 5362 _C_olb.
603 5290 656 5362 1,
683 5291 739 5344 ἐν
759 5291 1131 5362 ἀπογραφαῖς.

267 5356 384 5431 (οε)
418 5357 563 5431 Haec,
600 5361 678 5431 εἰς
702 5361 816 5431 ,τὴν
839 5356 1121 5422 Ἰουδαίαν.
1169 5361 1366 5416 desunt
1393 5363 1448 5416 in
1495 5361 1758 5418 Colberti-

190 5442 280 5502 no
297 5426 500 5502 Lat}.
531 5429 672 5482 Infra
685 5426 884 5502 iidem,
921 5432 1364 5502 ἀπογράψασθαι.

265 5495 382 5582 (ξῦ)
411 5497 501 5552 Sic
521 5515 656 5555 mss.
683 5499 824 5554 Editi
853 5518 1001 5567 vero,
1033 5495 1090 5556 ἐν
1125 5495 1204 5573 τῷ
1225 5501 1457 5574 οὐρανῷ,
1503 5504 1616 5565 τοῖς
1663 5519 1766 5572 μα·-

189 5584 362 5629 κροις.

413 5636 566 5713 C011).
595 5639 646 5706 1,
673 5639 734 5713 2,
758 5641 882 5713 τῶν
915 5642 1124 5713 ἀλόγων
1149 5645 1182 5713 ἡ
1223 5642 1398 5712 φάτνη
1437 5640 1608 5713 τούτῳ
1637 5640 1767 5713 ἀνά-

195 5725 419 5774 παυσις.
474 5709 570 5774 Τίς
627 5711 703 5783 μὴ
749 5709 1040 5787 θαυμάσει,
1085 5709 1181 5778 τίς
1332 5709 1631 5783 ἐκπλαγείη
1682 5711 1764 5765 ὅτι

1865 512 1990 567 dine
2019 511 2216 575 aliena,
2247 507 2420 563 Mater
2452 506 2678 562 Domini’
2697 522 2865 563 censu
2898 505 3192 577 descripta,
3233 503 3432 574 Ioseph

1865 617 2101 674 sponsus
2133 602 2374 666 nomine,
2406 614 2505 654 nec
2530 613 2590 653 re
2608 599 2885 654 consortio
2911 597 3130 652 fruitur.

1941 811 1992 858 Δ.
2024 801 2238 858 Audisti
2262 801 2420 858 modo
2453 802 2655 857 Lucam
2685 803 3075 874 evangelistam
3113 804 3380 859 dicentem
3413 821 3428 858 :

1869 914 1890 948 ι
1951 895 2010 951 In
2034 897 2226 952 diebus
2251 897 2358 952 illis
2385 913 2398 948 :
2427 899 2558 951 exiit
2585 897 2821 953 edictum
2854 913 2884 952 a
2916 897 3129 953 Caesare
3162 897 3428 966 Augusto,

1865 993 1925 1040 ut
1955 987 2358 1044 describeretur
2411 985 2700 1042 universus
2732 986 2898 1040 orbis.
2953 985 3076 1039 Haec
3133 985 3435 1055 descriptio

1864 1074 2038 1142 prima
2092 1072 2234 1128 facta
2285 1080 2372 1129 est
2425 1073 2529 1128 sub
2580 1073 2812 1143 praeside
2863 1073 3032 1145 Syria:
3063 1073 3316 1144 Cyrenio.
3367 1072 3436 1129 Et

1863 1165 2018 1219 ibant
2041 1179 2234 1218 omnes
2254 1170 2314 1217 ut
2336 1162 2748 1234 profiterentur,
2789 1163 2989 1234 singuli
3018 1163 3072 1218 in
3097 1179 3251 1218 suam
3297 1163 3433 1218 civi-

1865 1263 2056 1311 tatem.
2085 1253 2374 1311 Profectus
2410 1263 2496 1310 est
2534 1262 2715 1310 autem
2755 1263 2811 1310 et
2837 1255 3036 1326 Joseph
3060 1271 3088 1308 a
3114 1254 3331 1309 Galilaea
3363 1254 3432 1309 de

1864 1347 2086 1401 civitate
2105 1345 2372 1400 Nazareth
2395 1347 2449 1401 in
2464 1343 2725 1411 Judazam,
2751 1345 2806 1400 in
2829 1345 3099 1400 civitatem
3124 1343 3290 1398 David
3312 1360 3434 1414 qua)

1863 1447 2092 1492 vocatur
2137 1424 2446 1505 Bethleem,
2487 1453 2552 1492 eo
2574 1437 2720 1508 quod
2769 1446 2914 1494 esset
2967 1438 3033 1492 de
3076 1438 3237 1492 domo
3269 1445 3323 1493 et
3352 1437 3433 1490 fa-

1865 1528 2013 1580 milia
2046 1525 2237 1591 David,
2264 1534 2324 1580 ut
2363 1527 2720 1596 profiteretur
2744 1541 2868 1580 cum
2914 1525 3081 1580 Maria
3105 1527 3432 1597 desponsata

1865 1618 1968 1674 sibi
2004 1632 2174 1672 uxore
2227 1624 2538 1687 praegnante
2589 1617 2655 1670 °°.
2698 1635 2717 1668 ι
2762 1615 2976 1680 Viden’,
3025 1632 3188 1687 quam
3239 1615 3432 1686 exigua

1864 1709 2052 1772 verba,
2093 1722 2254 1777 quam
2311 1721 2505 1776 magna
2556 1707 2848 1778 mysteria?
2889 1706 3152 1762 Dominus
3194 1707 3249 1761 in
3277 1713 3434 1761 utero

1867 1807 2134 1871 gestatur,
2167 1806 2222 1853 et
2252 1799 2428 1868 prima
2451 1797 2747 1868 descriptio
2777 1799 3029 1854 edicitur.
3071 1798 3173 1865 Qui
3216 1799 3432 1854 univcr-

1867 1904 1983 1944 sam
2011 1900 2316 1944 creaturam
2346 1887 2675 1958 descriptam
2706 1887 2889 1951 habet,
2921 1887 3124 1957 quique
3150 1886 3434 1958 discipulis

1865 1981 2002 2042 suis,
2031 1979 2108 2032 ait
2141 1997 2154 2031 :
2187 1997 2205 2030 ι
2243 1977 2485 2033 Gaudete
2501 1987 2554 2032 et
2587 1977 2876 2045 exsultate,
2917 1979 3047 2048 quia
3097 1977 3319 2032 nomina
3340 1992 3434 2032 ve-

1866 2082 1976 2124 stra
2009 2069 2213 2139 scripta
2269 2075 2398 2123 sunt
2443 2069 2498 2122 in
2555 2069 2710 2124 caelis
2737 2068 2805 2135 “,
2844 2087 2864 2120 ι
2905 2068 2959 2122 in
2998 2069 3182 2138 parvis
3225 2065 3434 2123 Latinis

1865 2159 2147 2215 codicibus
2179 2157 2403 2212 Matrem
2454 2172 2610 2214 suam
2662 2157 2902 2214 describi
2954 2157 3248 2213 concessit.
3299 2155 3434 2224 Quis

1865 2264 1974 2303 non
2004 2245 2451 2318 loquatur?Quis
2470 2263 2581 2302 non
2624 2247 2852 2302 miretur
2908 2245 3166 2300 humilem
3217 2244 3435 2300 Domini

1864 2341 2402 2412 attemperationem?
2457 2338 2695 2395 Sursum
2739 2339 2912 2404 liber,
2972 2339 3229 2394 deorsum
3265 2353 3436 2395 censu

1865 2433 2176 2503 descriptus
2209 2447 2222 2486 :
2259 2447 2478 2488 sursum
2507 2430 2699 2496 Filius,
2731 2431 2986 2487 deorsum
3039 2445 3230 2487 servus
3259 2448 3280 2488 ι
3306 2445 3433 2484 sur-

1865 2540 1986 2580 sum
2040 2539 2158 2588 rex,
2215 2522 2472 2578 deorsum
2524 2523 2946 2578 mercenarius:
2988 2535 3206 2576 sursum
3261 2519 3434 2586 dives,

1863 2617 2119 2673 deorsum
2151 2631 2356 2687 egenus
2388 2633 2402 2669 :
2429 2629 2648 2670 sursum
2677 2614 2956 2680 adoratur,
2981 2611 3236 2669 deorsum
3257 2612 3435 2668 tribu-

1866 2714 1982 2760 tum
2039 2706 2202 2760 solvit
2249 2725 2260 2760 :
2303 2719 2522 2760 sursum
2577 2704 2797 2760 divinus
2849 2704 3105 2769 thronus,
3176 2702 3436 2762 deorsum

1867 2799 2123 2868 spelunca
2170 2797 2378 2853 rustica
2417 2815 2430 2851 :
2464 2810 2682 2852 sursum
2739 2805 3000 2865 paternus
3045 2802 3100 2847 et
3131 2793 3436 2864 incompre~

1866 2889 2148 2944 heusibilis
2183 2887 2358 2952 sinus,
2379 2887 2634 2946 deorsum
2658 2885 2931 2944 stabulum
2958 2899 3184 2954 parvum
3213 2891 3267 2938 et
3297 2899 3437 2954 prae~

1867 2997 2013 3047 sepe.
2041 2979 2177 3046 Quis
2197 2995 2311 3036 non.
2323 2979 2611 3035 mirabitur
2635 2993 2859 3049 magnas
2893 2992 3110 3032 sursum
3131 2990 3240 3042 res,
3269 2982 3323 3030 et
3351 2975 3435 3028 vi-

1872 3071 1950 3125 les
1981 3070 2235 3126 deorsum
2258 3069 2503 3140 pannos?
2532 3067 2634 3134 Qui
2655 3068 2835 3132 solvit,
2862 3065 3061 3136 ligatur
3085 3083 3097 3118 :
3117 3064 3210 3134 qui
3239 3063 3433 3126 nutrit,

1865 3159 2139 3214 enutritur
2174 3177 2187 3214 :
2219 3155 2816 3228 incomprehensibilis,
2852 3169 2988 3224 puer
3033 3157 3255 3223 apparet
3294 3170 3308 3206 :
3339 3152 3433 3221 qui

1865 3250 2043 3304 fontes
2072 3250 2342 3305 scaturire
2377 3249 2527 3314 facit,
2554 3249 2723 3302 ubera
2750 3251 3030 3300 mutuatur
3069 3259 3085 3299 ;
3130 3244 3223 3314 qui
3249 3244 3441 3299 omnia

1863 3348 2056 3412 gesrat,
2093 3341 2460 3410 inexplicabili
2491 3339 2652 3395 modo
2694 3345 2938 3410 gestator
2970 3356 2984 3392 :
3031 3337 3124 3408 qui
3160 3351 3431 3408 nusquam

1862 3450 1971 3489 non
1997 3446 2101 3501 est,
2128 3434 2183 3488 in
2211 3441 2361 3489 certo
2385 3435 2506 3489 loco
2534 3431 3006 3502 incircumscripte
3022 3429 3434 3486 circumscribiq

1863 3535 1969 3588 tur.
2002 3526 2154 3584 Ores
2188 3528 2521 3598 stupendasl.
2559 3525 2794 3583 Elisabet
2825 3525 2880 3579 in
2916 3523 3184 3578 concinna
3205 3521 3432 3576 aedicula

1863 3621 2022 3690 parit,
2055 3631 2108 3676 et
2135 3619 2301 3690 Virgo
2329 3620 2383 3674 in
2434 3634 2598 3689 parva
2632 3617 2804 3690 gignit
2863 3616 3121 3686 spelunca
3155 3634 3167 3669 :
3197 3613 3435 3672 Joannes

1862 3711 1916 3767 in
1949 3711 2106 3775 lecto,
2144 3709 2406 3766 Dominus
2435 3709 2492 3762 in
2522 3707 2808 3778 praesepio.
2843 3705 2962 3761 Non
2993 3706 3112 3762 sine
3141 3719 3304 3760 causa
3323 3703 3433 3758 Do-

1861 3803 2045 3858 minus
2078 3818 2146 3858 ex
2165 3801 2388 3872 Virgine
2409 3807 2570 3856 natus
2600 3819 2613 3854 :
2638 3815 2748 3854 non
2781 3797 2901 3853 sine
2923 3812 3088 3852 causa
3135 3796 3332 3866 pannis
3351 3797 3435 3850 in-

1861 3895 2078 3951 volutus
2103 3901 2188 3949 est
2218 3913 2230 3948 :
2264 3909 2366 3948 nec
2395 3895 2515 3948 sine
2549 3906 2716 3946 causa
2752 3889 3048 3943 mamillam
3088 3888 3235 3944 suxit
3277 3906 3289 3942 :
3322 3903 3432 3942 non

1863 3986 1981 4040 sine
2043 3998 2212 4039 causa
2269 3983 2323 4038 in
2377 3983 2644 4053 praesepio
2690 3980 2987 4036 reclinatus
3037 3984 3290 4034 est:nec
3314 3977 3434 4032 sine

1861 4091 2030 4132 causa
2064 4075 2294 4146 Augusti
2315 4074 2684 4145 descriptione
2725 4071 2932 4126 accitus
2979 4077 3095 4135 est;
3137 4069 3319 4123 omnia
3364 4083 3434 4122 ex

1861 4174 2011 4219 certa
2038 4179 2205 4220 causa
2232 4170 2288 4218 et
2306 4164 2537 4228 ratione,
2569 4163 2672 4217 etsi
2692 4160 2929 4223 occulta,
2948 4169 3166 4228 peracta
3189 4164 3336 4212 sunt.
3355 4155 3435 4211 Ex

1862 4254 2086 4326 Virgine
2113 4255 2380 4317 nascitur,
2439 4259 2498 4307 ut
2528 4253 2764 4322 primum
2827 4251 3102 4306 hominem
3140 4247 3315 4302 Adam
3366 4263 3436 4305 ex

1860 4347 1990 4402 limo
2023 4345 2250 4416 virginis
2289 4354 2446 4400 terra;
2479 4343 2769 4398 formatum
2793 4341 3072 4399 reformet.
3121 4339 3327 4395 Pannis
3351 4339 3436 4394 iu-

1861 4442 2116 4504 volvitur,
2148 4447 2208 4493 ut
2259 4447 2606 4508 peccatorum
2661 4443 2974 4490 nostrorum
3022 4449 3196 4489 nexus
3235 4433 3434 4496 solvat,

1863 4533 2079 4588 vincula
2136 4531 2372 4586 vinculis
2433 4531 2684 4594 solvens,
2745 4529 2902 4598 juxta
2964 4527 3171 4582 dictum
3236 4524 3433 4580 illud:

1871 4643 1890 4675 ι
1930 4623 2318 4697 Unusquisque
2379 4623 2525 4678 enim
2570 4621 2801 4676 vinculis
2827 4627 3169 4691 peccatorum
3210 4632 3436 4672 suorum

1865 4718 2259 4787 constringitur
2297 4718 2362 4770 θ’.
2400 4735 2419 4768 ι
2465 4714 2753 4769 Mamiliam
2804 4714 2984 4776 suxit,
3018 4720 3078 4766 ut
3107 4711 3292 4784 gratiae
3327 4711 3432 4772 lac,

1866 4806 2013 4878 quod
2035 4821 2098 4860 ex
2120 4806 2289 4862 latere
2320 4805 2440 4874 eius
2465 4804 2690 4867 effluxit,
2742 4803 3032 4858 scaturiret
3066 4823 3083 4856 :-
3112 4801 3247 4855 nihil
3287 4799 3434 4854 enim

1867 4895 2012 4949 aliud
2042 4895 2126 4948 lac
2155 4903 2259 4959 est,
2295 4893 2404 4949 nisi
2435 4895 2657 4965 sanguis
2695 4893 2978 4948 albescens
3006 4908 3018 4944 :
3075 4891 3127 4944 in
3167 4889 3431 4961 praesepio

1868 4985 2169 5042 reclinatus
2196 4993 2302 5052 est,
2335 4993 2395 5041 ut
2426 4987 2725 5042 humanum
2769 5000 2939 5060 genus
2967 4984 3251 5038 brutorum
3283 4995 3434 5035 more

1863 5293 1994 5347 ἄνω.

1938 5362 2050 5431 (65)
2084 5359 2240 5417 Colb.
2303 5360 2354 5426 1,
2406 5358 2462 5425 2,
2506 5357 2690 5430 πηγάς
2725 5357 2922 5429 βρύων.
2979 5355 3124 5410 Infra
3167 5355 3319 5412 Colb.
3375 5352 3434 5421 2,

1865 5434 2294 5504 ἀπερίτρεπτοςε

1937 5450 2294 5555 τεῦρξγραπτος.
2444 5500 2456 5513 .
2632 5498 2659 5511 η

1937 5505 1953 5571 (
1996 5504 2049 5570 ὃ)
2082 5501 2236 5556 Lolh.
2267 5501 2319 5567 1,
2343 5502 2400 5566 ‘2,
2433 5497 2776 5570 ανατεθηναι.
2826 5495 2971 5552 Infra
3002 5495 3157 5551 Colb.
3203 5495 3256 5558 1,
3301 5495 3437 5550 αἰκι-

1866 5572 2184 5644 γμοιῖωδῷςο

1938 5642 2051 5714 (67)
2091 5633 2168 5698 Ita
2198 5639 2577 5712 manuscripti.
2601 5638 2747 5702 Editi
2773 5652 2920 5704 vero,
2955 5633 3272 5707 ἀνέὅρυσεγ-
