3832 6216
437 287 546 349 947

1598 273 1659 334 S.
1692 271 2153 330 ATHANASIUS.
2184 302 2255 313 -
2291 268 2521 329 DUBIA.

3581 264 3694 323 9M

435 401 710 472 desipiens
760 396 1093 468 corrigeret,
1137 392 1483 461 duorumque
1530 388 1849 444 animalium
1880 401 1990 443 esc:

2109 384 2258 438 οὐδὲν
2312 384 2500 455 ἕτερόν
2545 383 2694 437 ἐστιν
2735 381 2769 454 ἢ
2809 375 2948 451 αἷμα
3002 378 3313 434 λευκανθέν.
3374 380 3462 433 Ἐν
3511 379 3692 452 φάτνῃ

434 493 619 550 ﬁeret:
658 502 890 560 quorum
928 486 1162 542 duorum
1233 482 1587 539 animalium?
1634 480 1871 544 Ethnici,
1913 478 2012 534 Ju-

433 581 687 652 daicique
708 577 917 650 populi,
945 576 1245 648 dequibus
1275 576 1541 646 scriptum
1570 581 1656 630 est
1686 589 1700 627 :
1738 590 1758 624 ι
1799 572 1860 627 ιιι
1891 586 2007 645 tne-

432 672 525 727 dio
561 671 798 727 duorum
857 668 1177 723 animalium
1230 665 1583 738 cognosceris
1617 665 1684 721 ⁸⁸.
1728 683 1749 718 ι
1792 662 2010 720 Descri-

431 762 674 834 ptionem
701 759 806 818 sub
834 759 1082 832 Augusto
1134 758 1350 814 Caesare
1395 757 1636 822 admisit,
1666 763 1726 812 ut
1757 754 2008 811 incondi-

430 862 546 908 tum
597 851 750 908 orbis
797 856 1001 907 statum
1055 858 1423 918 componeret.
1490 847 1614 917 Ipsa
1666 846 1867 916 quippe
1907 844 2003 901 de-

429 942 677 1013 scriptio,
705 940 862 1012 probi
887 940 943 995 in
975 940 1110 996 orbe
1143 937 1312 995 futuri
1339 937 1546 993 ordinis
1583 936 1780 1009 pignus
1808 937 1929 993 fuit.

2108 478 2402 551 ἀνεκλίθη,
2438 479 2525 532 ἵνα
2560 477 2662 549 τὴν
2704 476 2925 545 ἀλογίαν
2953 477 3050 547 τῆς
3088 472 3505 545 ἀνθρωπότητος
3542 471 3694 539 διορ-

2109 571 2369 641 θώσηται,
2401 570 2497 625 καὶ
2544 568 2652 622 τῶν
2681 567 2775 621 δύο
2808 565 2962 631 ζώων
3008 565 3181 637 τροφὴ
3224 562 3481 633 γένηται·
3515 561 3689 613 ποίων

2107 664 2202 719 δύο
2234 661 2427 727 ζώωνς
2457 659 2552 714 τοῦ
2585 658 2797 714 ἐθνικοῦ
2821 658 2916 712 καὶ
2947 655 3042 710 τοῦ
3078 652 3367 709 Ἰουδαῖκοῦ
3394 652 3524 705 λαοῦ
3555 654 3691 722 περὶ

2108 748 2184 809 ὧν
2215 754 2553 825 γέγραπται·
2594 770 2613 802 ι
2655 751 2743 804 Ἐν
2780 749 2931 821 μέσῳ
2967 747 3061 800 δύο
3117 745 3269 809 ζώων
3317 743 3632 814 γνωσθήσῃ.
3663 762 3682 792 ι

2109 844 2219 917 Τὴν
2247 845 2341 897 ἐπὶ
2361 841 2672 910 Αὐγούστου
2688 840 2967 909 Καίσαρος
2986 836 3313 908 ἀπογραφὴν
3339 834 3685 900 κατεδέξατο,

2109 941 2197 996 ἴνα
2251 939 2350 1010 τὴν
2402 936 2784 1009 οίκουμενικὴν
2828 933 3054 998 ἀταξίαν
3108 930 3488 1003 διορθώσηται.
3533 929 3687 998 Αὕτη

426 1036 537 1108 γὰρ
559 1038 593 1107 ἡ
616 1034 912 1109 ἀπογραφὴ
930 1035 1030 1105 τῆς
1053 1036 1437 1106 οίκουμενικῆς
1461 1035 1711 1100 εὐταξίας
1738 1036 1996 1108 ἀρραϐὼν
2027 1037 2339 1109 γεγένηται.

496 1132 553 1187 5.
583 1130 650 1185 Ει
665 1131 812 1202 quod
833 1146 964 1187 vera
988 1132 1103 1187 haec
1127 1132 1260 1198 sint,
1313 1133 1506 1202 paucis
1557 1132 1802 1202 percipe.
1835 1134 2003 1189 Ante-

427 1232 592 1289 quam
615 1219 880 1276 Dominus
896 1219 1062 1276 bomo
1095 1220 1267 1286 ﬁeret,
1293 1220 1572 1276 hominum
1601 1236 1775 1292 genus
1806 1238 2003 1293 magna

426 1309 676 1381 tyrannis
700 1309 1023 1380 occupabat,
1053 1311 1204 1366 nulla
1231 1311 1441 1367 ratione
1473 1317 1620 1366 terra
1662 1313 2006 1382 gubernaba-

2177 1136 2231 1190 5.
2281 1131 2395 1186 Καὶ
2449 1131 2532 1184 ὅτι
2583 1126 2756 1198 ἀληθῆ
2812 1122 2881 1177 τὰ
2931 1122 3229 1192 λεγόμενα,
3294 1117 3382 1172 διὰ
3437 1117 3687 1190 βραχέων

2109 1228 2295 1282 ἄκουε.
2320 1224 2438 1297 Πρὸ
2461 1224 2560 1294 τῆς
2606 1220 2701 1274 τοῦ
2746 1218 2953 1290 Κυρίου
2999 1214 3466 1287 ἐνανθρωπήσεως
3513 1210 3687 1281 πολλὴ

2109 1315 2361 1387 τυραννὶς
2391 1311 2527 1382 (68)
2588 1311 2651 1363 τὸ
2699 1307 2808 1362 τῶν
2858 1304 3159 1377 ἀνθρώπων
3214 1306 3434 1373 κατεῖχε
3491 1302 3681 1370 γένος·

426 1412 536 1468 tur,
592 1403 742 1474 regia
789 1403 1029 1473 dignitas
1093 1401 1333 1457 ludibrio
1398 1409 1537 1468 erat,
1573 1404 1717 1474 apud
1755 1405 1990 1462 homine:

2102 1406 2313 1473 ἀλόγως
2352 1404 2414 1457 τὸ
2464 1405 2563 1473 τῆς
2612 1401 2715 1472 γῆς
2764 1398 3094 1470 ἐκυϐερνᾶτο
3133 1395 3357 1467 χωρίον’
3399 1392 3687 1458 ἐνέπαιζον

425 1493 628 1550 multos
669 1495 863 1565 ingens
921 1508 1111 1565 regum
1159 1492 1323 1549 turba
1370 1494 1769 1551 exoriebatur:
1821 1496 1868 1553 si
1916 1511 1990 1551 cu.

2105 1498 2185 1558 είς
2221 1496 2283 1549 τὸ
2343 1492 2625 1565 βασιλικὸν
2677 1491 2926 1562 ἀξίωμαο
2982 1488 3191 1544 πολλῶν
3223 1488 3331 1541 τῶν
3380 1486 3685 1560 ἀνθρώπων

423 1592 579 1640 erant
617 1595 837 1642 centum
887 1586 1110 1642 circiter
1144 1586 1398 1643 homines
1427 1587 1656 1654 subditi,
1700 1589 1911 1661 regium
1956 1589 1990 1646 is

2104 1587 2307 1658 πλῆθος
2340 1584 2605 1654 βασιλέων
2653 1583 3068 1653 ἐφυτουργεῖτοο
3099 1581 3295 1635 ἑκατόν
3336 1578 3438 1633 πού
3480 1597 3564 1642 τις
3591 1577 3687 1638 ἇν-

424 1678 529 1735 sibi
561 1679 807 1734 habitum
830 1681 1095 1735 continuo
1124 1681 1445 1751 usurpabat.
1473 1680 1628 1737 Talis
1681 1689 1801 1735 erat
1828 1681 2004 1736 homio

2102 1680 2235 1751 δρας
2265 1679 2401 1750 ἔχων
2454 1677 2545 1743 ὑφ’
2601 1675 2827 1738 ἐαυτὸν,
2880 1672 3084 1737 εὐθέως
3139 1672 3202 1725 τὸ
3255 1671 3355 1741 τῆς
3405 1671 3685 1741 βασιλείας

422 1785 553 1826 num
585 1771 997 1844 356.1)ugna:
1033 1788 1161 1828 cum
1190 1782 1464 1829 certorum
1499 1774 1742 1829 locorum
1801 1774 1990 1845 princi-

2106 1770 2485 1841 ἐσφετερίζετο
2520 1766 2728 1838 σχῆμα.
2771 1761 3009 1833 Τοιαύτη
3038 1761 3147 1815 τῶν
3180 1760 3347 1814 ἐθνῶν
3382 1762 3415 1830 ἡ
3446 1758 3681 1830 ἅμιλλα·

421 1871 585 1933 patus
629 1865 925 1931 ambirent,
973 1880 1074 1921 nec
1112 1881 1179 1922 ex
1233 1868 1354 1922 loco
1387 1867 1685 1923 transirent
1712 1868 1769 1921 in
1802 1868 1998 1933 alium;

421 1954 528 2011 nisi
563 1956 894 2028 quandoque
923 1956 1027 2012 sibi
1059 1965 1253 2013 mutuo
1287 1959 1492 2014 bellum
1541 1959 1827 2015 inferrent.
1863 1959 2002 2015 Cum

420 2044 627 2101 diutius
641 2046 911 2116 ejusmodi
933 2045 1184 2102 confusio
1205 2056 1599 2118 perseveraret,
1627 2049 1725 2105 ubi
1761 2050 1999 2120 primum

420 2134 685 2194 Dominus
712 2139 768 2193 in
815 2145 960 2194 terra
1014 2138 1321 2211 virgineum
1377 2141 1666 2212 occupavit
1711 2142 1993 2212 palatium,

418 2230 722 2298 permultos
745 2230 868 2286 illos
899 2230 1127 2287 abstulit
1148 2231 1510 2302 principatus,
1531 2247 1594 2286 ac
1623 2234 1996 2289 monarchiam

419 2322 679 2390 instituit,
705 2322 801 2378 ubi
827 2322 1201 2378 Romanorum
1230 2324 1516 2403 imperium
1541 2340 1732 2381 omnes
1752 2326 2000 2382 obtinere

417 2413 675 2482 decrevit,
736 2415 807 2469 ad
863 2415 1121 2471 ctelestis
1175 2416 1388 2472 scilicet
1448 2416 1662 2486 imperii
1726 2432 1997 2473 normam.

416 2503 885 2571 Quemadmodum
936 2505 1087 2561 cnim
1141 2520 1312 2560 unum
1361 2506 1417 2560 in
1467 2508 1611 2561 cmlo
1638 2506 1734 2563 Dei
1774 2523 1999 2578 regnum

414 2595 644 2659 obtinet,
675 2611 975 2667 omnesque
1012 2598 1190 2667 angeli
1220 2598 1491 2652 voluntati
1531 2598 1653 2668 ejus
1694 2599 2001 2669 subjiciun-

416 2695 535 2754 tur;
561 2686 899 2745 dazmonibus
936 2689 1294 2744 barbarorum
1324 2704 1478 2744 more
1506 2690 1796 2761 imperium
1816 2690 1998 2747 detre-

414 2777 690 2834 ctantibus
715 2778 904 2835 eadem
931 2781 1144 2836 ratione
1170 2788 1226 2836 et
1258 2780 1315 2835 in
1348 2790 1513 2848 terra,
1562 2781 1690 2838 licet
1719 2785 2000 2854 permultae

415 2869 526 2924 sint
576 2870 854 2927 indomitae
896 2880 1108 2944 gentes,
1152 2887 1327 2927 unum
1383 2881 1568 2929 tamen
1622 2872 1996 2931 Romanorum

412 2960 700 3032 imperium
731 2963 959 3020 obtinet.
998 2964 1159 3021 Probi
1189 2966 1358 3037 igitur
1377 2964 1608 3036 hujusce
1634 2967 1845 3023 ordinis
1862 2983 1997 3023 con-

411 3053 673 3110 stituendi
702 3069 890 3121 causa,
910 3058 1140 3125 primam
1168 3058 1274 3113 sub
1299 3056 1549 3128 Augusto
1573 3057 1994 3127 descriptionem

2101 1865 2403 1938 τοπαρχίας
2444 1861 2788 1932 ἀγαπῶντες,
2815 1860 2908 1913 καὶ
2938 1857 3102 1911 τόπον
3145 1858 3211 1909 ἐκ
3240 1854 3407 1907 τόπου
3449 1852 3526 1923 μὴ
3563 1851 3684 1905 δια-

2101 1959 2396 2021 ϐαίνοντες,
2443 1957 2493 2009 εί
2535 1953 2610 2026 μὴ
2657 1953 2858 2025 τρόπον
2901 1949 3025 2006 τινὰ
3055 1949 3176 2003 κατ’
3220 1945 3466 2017 ἀλλήλων
3509 1942 3682 1996 ὡπλί-

2102 2069 2280 2107 σαντο.
2331 2049 2548 2119 Ταύτης
2599 2047 2699 2118 τῆς
2757 2043 3071 2114 συγχύσεως
3120 2035 3685 2111 χρονπριὸουμένηςν

2104 2143 2261 2215 μόνον
2292 2144 2321 2195 ὁ
2361 2141 2567 2211 Κύριος
2618 2136 2941 2204 κατεδέξατο
2987 2132 3081 2187 ἐπὶ
3112 2132 3217 2201 γῆς
3246 2130 3307 2184 τὸ
3352 2126 3685 2200 παρθενικὸν

2098 2236 2315 2306 οἰκῆσαι
2350 2233 2632 2295 παλάτιον,
2661 2229 2865 2291 εὐθέως
2883 2227 2982 2297 τὴν
3009 2224 3107 2295 μὲν
3138 2221 3475 2292 πολυαρχίαν
3499 2216 3683 2283 παύει,

2097 2328 2198 2398 τὴν
2241 2327 2298 2381 δὲ
2337 2325 2635 2397 μοναρχίαν
2679 2321 2993 2392 φυτουργεί,
3026 2317 3126 2387 τὴν
3172 2314 3456 2385 Ῥωμαίων
3505 2311 3685 2383 ἀρχὴν

2099 2418 2317 2471 πάντων
2367 2415 2725 2488 ἡγεμονεύειν
2774 2409 3087 2484 κληρώσεις,
3120 2407 3262 2463 κατὰ
3310 2406 3545 2477 μίμησιν
3578 2402 3685 2473 τῆς

2098 2513 2422 2584 ἐπουρανίου
2461 2508 2765 2583 διατριϐῆς.
2796 2509 3007 2579 Ὥσπερ
3038 2505 3148 2575 γὰρ
3180 2505 3238 2557 ἐν
3270 2498 3484 2574 οὐρανῷ
3517 2498 3615 2569 μία
3643 2498 3679 2568 ἠ

2096 2604 2190 2658 τοῦ
2217 2602 2352 2656 Θεοῦ
2391 2601 2637 2672 βασιλεία
2666 2601 2880 2673 κρατεῖ,
2907 2598 3000 2651 καὶ
3036 2594 3236 2656 πάντες
3270 2593 3319 2645 οἱ
3348 2590 3569 2659 ἄγγελοι
3602 2588 3683 2660 τῷ

2098 2695 2364 2767 θελήματι
2412 2692 2576 2748 αὐτοῦ
2642 2692 3070 2752 ὑποτάσσονται,
3118 2685 3228 2740 τῶν
3275 2683 3544 2754 δαιμόνων
3598 2681 3682 2735 δί-

2098 2804 2199 2858 κην
2219 2786 2331 2858 (69)
2361 2785 2651 2858 βαρὸἁρων
2678 2780 3126 2853 ἀφηνιασάντωνο
3158 2777 3249 2831 τὸν
3279 2775 3442 2831 αὐτὸν
3476 2774 3681 2845 τρόπον

2097 2879 2191 2931 καὶ
2217 2877 2311 2930 ἐπ)⁹
2340 2876 2438 2947 τῆς
2468 2876 2593 2946 γῆς,
2623 2877 2674 2929 εί
2706 2875 2802 2928 καὶ
2835 2871 3007 2927 πολλὰ
3032 2870 3103 2924 τὰ
3140 2868 3493 2924 ἀνυπότακτα
3527 2866 3679 2936 ἔθνη,

2095 2969 2208 3022 ἀλλ’
2238 2970 2388 3039 ὅμως
2423 2967 2575 3038 μίαή
2610 2965 2719 3023 τῶν
2753 2964 3040 3036 Ῥωμαίων
3069 2960 3312 3034 βασιλεία
3339 2962 3554 3031 κρατεῖ.
3579 2958 3683 3010 Διὰ

2097 3060 2302 3130 ταύτην
2332 3055 2426 3113 οὖν
2467 3058 2565 3127 τὴν
2594 3056 2849 3123 εὐταξίαν
2876 3056 2976 3128 τὴν
3017 3053 3241 3127 πρώτην
3283 3051 3618 3123 ἀπογραφὴν
3652 3050 3681 3101 ὁ

411 3159 509 3201 rex
540 3148 596 3200 in
632 3154 791 3202 utero
819 3155 1063 3218 gestatus
1118 3148 1260 3204 edici
1313 3127 1594 3205 mandavit
1626 3150 1804 3205 :unde
1848 3160 1901 3205 et
1935 3165 1990 3206 se

2098 3127 2534 3226 κυοφορούμενος
2583 3151 2836 3223 βασιλεὺς
2867 3149 3198 3223 προσέταξεν
3232 3148 3327 3201 ἐπὶ
3363 3145 3679 3214 Αὐγούστου

410 3238 531 3309 ipse
568 3240 624 3294 in
655 3238 890 3294 Romani
932 3241 1151 3310 imperii
1176 3257 1345 3297 censu
1371 3240 1609 3297 describi
1644 3242 1893 3313 permisit
1921 3243 1989 3299 ad

412 3329 887 3387 conﬁrmationem
909 3340 1239 3389 statutarum
1263 3334 1466 3403 legum.
1491 3332 1629 3388 Tum
1651 3334 1797 3389 enim
1840 3335 1989 3405 regis

409 3421 498 3478 lex
528 3422 759 3487 obtinet,
794 3437 920 3478 cum
949 3423 1101 3495 prior
1127 3423 1244 3494 ipse
1264 3439 1428 3493 quam
1446 3424 1570 3478 tulit
1589 3424 1761 3495 legem
1778 3425 1987 3495 implet.

411 3512 546 3571 Nam
577 3515 670 3586 qui
700 3515 874 3587 legem
897 3516 1072 3586 ponit.
1104 3530 1205 3571 nec
1234 3517 1444 3587 implet,
1475 3516 1523 3572 is
1569 3516 1705 3586 legis
1763 3516 1992 3587 abroga-

408 3611 497 3660 tor
522 3612 608 3661 est
644 3607 826 3677 potius
849 3622 1013 3678 quam
1064 3608 1363 3679 legislator.
1422 3607 1558 3663 Boni
1595 3607 1763 3679 igitur
1795 3608 1988 3677 hujus-

408 3694 556 3751 modi
589 3696 802 3753 ordinis
857 3698 1095 3767 ponendi
1146 3712 1335 3762 causa,
1376 3698 1553 3768 prima
1596 3698 1700 3754 sub
1740 3698 1988 3770 Augusto

407 3784 706 3856 descriptio
732 3786 877 3842 facta
900 3795 1005 3851 est,
1023 3794 1084 3841 ut
1109 3793 1165 3842 et
1184 3787 1321 3859 legis
1349 3788 1533 3844 cultus
1562 3788 1895 3854 auferretur,
1929 3796 1984 3845 et

405 3872 720 3932 Judaaorum
751 3882 902 3933 natlo
932 3878 1304 3940 cohiberetur,
1336 3888 1396 3934 ut
1441 3895 1511 3935 ne
1558 3882 1833 3950 perversis
1887 3880 1986 3937 Ju-

406 3967 559 4033 drcis,
594 3969 641 4026 si
671 3984 773 4026 suo
786 3970 912 4040 jure
935 3971 1200 4033 viverent,
1216 3971 1406 4027 liceret
1432 3971 1687 4027 innoxios
1713 3973 1982 4039 occidere,

396 4060 504 4117 sed
532 4062 879 4119 necessitatis
903 4061 1036 4133 jugo
1062 4062 1277 4132 legibus
1307 4070 1581 4132 parerent.

2099 3245 2537 3318 συγκροτηθῆναι
2558 3261 2571 3275 ’
2601 3243 2722 3298 ὅθεν
2759 3243 2854 3297 καὶ
2886 3242 3048 3307 αὐτὸς
3073 3241 3266 3296 ἑαυτὸν
3295 3238 3681 3309 ἐναπόγραφον

2096 3336 2348 3406 γενέσθαι
2377 3338 2442 3408 τῇ
2479 3333 2768 3404 Ῥωμαίων
2805 3334 2946 3405 ἀρχῇ
2996 3331 3359 3404 παρεχώρησε
3408 3330 3554 3401 πρὸς
3593 3330 3679 3399 βε-

2095 3425 2324 3480 ϐαίωσιν
2354 3427 2459 3481 τῶν
2496 3423 2901 3496 θεσπιζομένων
2947 3424 3150 3496 νόμων.
3186 3424 3319 3477 Τότε
3362 3420 3474 3493 γὰρ
3520 3420 3677 3491 βασι-

2093 3518 2228 3583 λέως
2254 3521 2419 3589 νόμος
2452 3524 2665 3591 κρατεῖ,
2688 3521 2777 3574 ὅτε
2805 3522 2833 3572 ό
2854 3516 3158 3589 νομοθετῶν
3186 3516 3438 3587 βασιλεὺς
3458 3515 3677 3585 πρῶτος

2093 3610 2357 3683 πληρώσῃ
2391 3611 2481 3664 τὸν
2514 3611 2696 3683 νόμον.
2731 3612 2792 3663 'O
2822 3610 2929 3681 γὰρ
2974 3608 3088 3679 (70)
3117 3606 3425 3679 νομοθετῶν
3463 3606 3561 3659 καὶ
3602 3606 3677 3675 μὴ

2090 3700 2313 3772 πληρῶν
2345 3701 2673 3774 καθαιρέτης
2702 3702 2870 3765 ἐστὶν,
2895 3701 2928 3771 ἢ
2958 3700 3072 3771 (71)
3103 3698 3413 3770 νομοδότης.
3445 3697 3551 3751 Διὰ
3574 3696 3675 3767 τὴν

2093 3791 2489 3863 προλεχθεῖσαν
2535 3788 2627 3846 οὖν
2663 3791 2952 3858 εὐταξίαν,
2988 3793 3020 3861 ὴ
3060 3791 3150 3843 ἐπὶ
3189 3789 3503 3858 Αὐγούστου
3537 3789 3675 3844 ἀπο-

2090 3883 2279 3955 γραφὴ
2309 3883 2499 3956 πρώτη
2517 3884 2760 3954 γέγονεν,
2786 3883 2934 3946 ὅπως
2959 3882 3054 3936 καὶ
3082 3883 3116 3953 ἠ
3142 3880 3236 3934 τοῦ
3267 3881 3430 3951 νόμου
3445 3878 3671 3950 λατρεία

2096 3975 2387 4047 μετενεχθῇ
2410 4017 2425 4040 ,
2483 3977 2579 4030 καὶ
2628 3976 2690 4029 τὸ
2748 3975 2857 4029 τῶν
2917 3974 3185 4029 Ἰουδαίων
3249 3972 3415 4042 φῦλον
3464 3987 3673 4041 καταρ-

2091 4068 2236 4140 γηθῇ
2266 4069 2379 4137 (72)
2415 4069 2553 4140 πρὸς
2574 4069 2636 4122 τὸ
2668 4067 2742 4140 μὴ
2787 4068 2986 4135 ἐξεῖναι
3033 4068 3218 4121 λοιπὸν
3260 4068 3372 4129 τοῖς
3412 4064 3671 4127 ἀτάκτοις

415 4156 691 4223 Ἰουδαίοις
753 4158 1048 4230 αὐτονομίᾳ
1099 4156 1405 4230 χρωμένοις
1467 4158 1714 4227 φονεύειν
1774 4161 1901 4224 τοὺς
1965 4162 2329 4230 ἀνευθύνους,
2372 4164 2600 4219 ἕπεσθαι
2657 4165 2716 4218 δὲ
2763 4167 2876 4228 τοῖς
2931 4164 3117 4235 νόμοις
3159 4163 3239 4235 τῷ
3281 4163 3380 4231 τῆς
3420 4162 3668 4232 ἀνάγκης

403 4247 554 4321 ζυγῷ
579 4248 713 4322 (75)-

468 4366 528 4424 4.
565 4364 889 4423 Necessaria
915 4368 1097 4437 itaque
1126 4366 1230 4421 fuit
1254 4360 1572 4438 supradicta
1603 4367 1707 4423 sub
1736 4367 1985 4441 Augusto

2159 4371 2211 4425 4.
2250 4369 2551 4439 Ἀναγκαία
2577 4368 2755 4422 τοίνυν
2780 4369 2814 4439 ἡ
2846 4366 3203 4440 προλεχθεῖσα
3231 4367 3324 4419 ἐπὶ
3350 4367 3664 4434 Αὐγούστου

402 4455 721 4529 descriptio.
752 4457 873 4529 ipsa
903 4459 1105 4531 quippe
1135 4457 1456 4530 descriptio,
1478 4458 1793 4516 Judaeorum
1818 4478 1989 4534 popu-

399 4550 512 4604 lum
543 4549 833 4619 depressit,
862 4550 1300 4606 Christianorum
1340 4559 1530 4606 contra
1569 4567 1740 4623 genus
1779 4555 1985 4609 exalta-

396 4641 497 4705 vit,
527 4639 752 4704 ludatis,
783 4639 1019 4696 Bomani
1050 4649 1197 4697 metu
1237 4641 1472 4711 imperii,
1508 4660 1618 4699 non
1652 4644 1979 4701 audentibus

398 4733 585 4804 priore
615 4748 717 4789 suo
740 4734 818 4793 uti
845 4732 1051 4795 furore.
1084 4733 1431 4806 Quapropter
1454 4745 1577 4806 post
1610 4751 1730 4792 eam
1770 4737 1977 4793 descri-

396 4825 659 4895 ptionem,
687 4839 813 4879 cum
840 4822 1130 4878 Dominum
1156 4825 1699 4895 comprehendissent
1740 4835 1794 4880 et
1814 4826 1975 4880 morti

396 4915 612 4973 tradere
667 4915 1011 4979 festinarent,
1076 4932 1187 4971 non
1242 4918 1361 4972 ausi
1385 4925 1513 4974 sunt
1543 4918 1814 4972 arbitratu
1872 4931 1975 4971 suo

396 5023 575 5080 agere,
601 5009 746 5064 sicut
768 5009 898 5063 olim
932 5023 1057 5063 cum
1085 5009 1387 5099 prophetis,
1421 5023 1562 5080 quos
1592 5023 1737 5068 caeco
1767 5008 1973 5091 impetu

465 5163 511 5196 °’
551 5162 757 5219 Hahae.
797 5179 896 5230 ιιι,
930 5162 987 5219 2.

485 5321 576 5393 68)
604 5321 694 5393 ita
719 5323 875 5379 Colb.
902 5321 957 5388 5,
978 5322 1035 5378 2.
1054 5321 1205 5393 Editi
1226 5336 1379 5386 vero,
1402 5321 1683 5393 τυραννίσι.

486 5388 577 5463 69)
604 5391 684 5447 Ita
712 5393 867 5464 Coll).
899 5393 953 5464 i,
976 5393 1032 5447 2.
1054 5389 1214 5464 Editi,
1226 5409 1378 5460 vero,
1414 5388 1513 5464 μία
1531 5391 1799 5464 πλειόνων
1826 5388 1977 5464 βασιι

388 5460 509 5534 λεία
526 5460 738 5534 κρατεῖ,
763 5462 873 5519 τῶν
905 5463 1172 5534 δαιμόνων
1198 5463 1376 5534 δίκην,
1399 5460 1507 5534 etc.
1530 5461 1814 5534 Mormss.
1830 5460 1974 5534 ᾲφα-

389 5530 702 5596 νισθέντων,
749 5549 852 5603 pro
888 5530 1326 5603 ἀφηνιασὰντωνζ
1360 5533 1502 5588 Infra
1540 5531 1692 5596 editi,
1725 5530 1973 5603 βασριεία

395 5604 612 5671 κρατεῖ,
636 5600 836 5675 ’ἐπείδὴ
866 5600 1074 5657 ἄνωθεν
1103 5606 1408 5675 ἐκρατεῖτο,
1436 5603 1525 5658 διὰ
1578 5602 1792 5656 ταυτόν.
1829 5600 1975 5655 Editi

384 5684 516 5725 vero
543 5680 604 5725 ut
635 5672 691 5725 in
717 5672 887 5726 textu.

465 5739 576 5813 (70)
605 5740 760 5796 Colb.
788 5742 840 5806 1,
864 5742 920 5809 2,
945 5742 1078 5796 Τότε
1106 5743 1161 5796 δὲ
1189 5742 1449 5815 βασιλέως
1480 5744 1643 5816 νόμος
1677 5745 1868 5816 κρατεῖ
1892 5760 1973 5809 τε,

2090 4462 2416 4534 ἀπογραφή·
2451 4462 2591 4532 αὕτη
2629 4463 2662 4533 ἡ
2698 4460 2994 4533 ἀπογραφὴ
3029 4460 3092 4513 τὸ
3122 4461 3219 4531 μὲν
3252 4457 3360 4511 τῶν
3397 4460 3665 4514 Ἰουδαίων

2085 4548 2420 4602 ἐταπείνωσε
2443 4547 2630 4617 φῦλον,
2650 4548 2712 4601 τὸ
2741 4548 2799 4602 δὲ
2822 4548 2930 4601 τῶν
2964 4547 3306 4619 Χριστιανῶν
3334 4548 3662 4620 ὐπερύψωσε

2082 4642 2236 4711 γένος
2259 4658 2273 4673 ο
2329 4639 2525 4713 μηκέτι
2575 4640 2902 4713 τολμώντων
2954 4640 3225 4693 Ἰουδαίων
3261 4637 3371 4710 (74)
3409 4639 3521 4693 δέει
3566 4640 3662 4710 τῆς

2092 4734 2379 4805 Ῥωμαίων
2412 4732 2586 4805 ἀρχῆς
2618 4735 2684 4805 τῇ
2728 4732 2968 4805 προτέρᾳ
3010 4730 3310 4802 κεχρῆσθαι
3346 4731 3536 4801 μανίᾳ.
3572 4728 3662 4782 Διὸ

2078 4828 2173 4880 καὶ
2209 4824 2346 4897 μετὰ
2389 4827 2489 4897 τὴν
2531 4825 2856 4897 ἀπογραφὴν
2889 4823 3114 4894 ταύτην,
3158 4823 3248 4875 τὸν
3276 4821 3487 4894 Κύριον
3528 4837 3659 4893 κρα-

2076 4918 2363 4989 τήσαντες,
2403 4917 2499 4970 καὶ
2543 4917 2757 4987 θανάτῳ
2802 4915 3137 4987 παραδοῦναι
3174 4912 3520 4977 σπεύδοντες,
3558 4913 3659 4967 οὐκ

2076 5008 2380 5080 ἐτόλμησαν
2432 5008 2576 5062 κατὰ
2624 5008 2685 5061 τὸ
2732 5006 2923 5062 δοκοῦν
2974 5007 3160 5069 αὐτοῖς
3218 5005 3660 5077 διαπράξασθαι,

2070 5318 2159 5376 ὅτε
2187 5316 2398 5386 πρῶτος
2426 5315 2586 5381 αὐτὸς
2616 5314 2803 5369 τοῦτον
2834 5313 3046 5386 πληροῖ.
3115 5312 3158 5366 Ο
3185 5311 3318 5386 γάρ.

2143 5384 2259 5460 (71)
2285 5388 2438 5460 {Adde
2470 5387 2694 5460 μᾶλλον,
2724 5393 2818 5439 aut
2842 5384 3044 5460 legem)
3070 5399 3169 5455 pro
3193 5384 3249 5454 ἦ.

2145 5454 2430 5526 (72)(1016.
2471 5454 2527 5524 ἶ,
2562 5457 2618 5523 2,
2656 5454 3012 5526 καταρτισθῇ.

2287 5510 2443 5599 Coll).
2659 5528 2723 5599 τῇ
2747 5510 2846 5599 τῆς
2880 5510 3126 5599 ἀνόίγκης
3154 5521 3289 5599 ζωῇ.

2078 5670 2089 5682 ,
2149 5568 2274 5682 laxi
2290 5568 2453 5655 ξςιῑῖ
2485 5568 2543 5665 λ’,
2566 5568 2626 5667 '2';
2648 5568 3373 5669 έδιελλςντῑςςεςιῖάυιπίςυδ.
3400 5589 3572 5659 nam,
3593 5595 3648 5646 ιιι

2077 5677 2132 5725 in
2171 5677 2339 5732 textu.
