  <div class='ocr_page' id='page_1' title='image "/cluster/home/n/w/nwhite01/storage/ocr_20150623/28/nnc1.0046978690/514.png"; bbox 0 0 3856 6206; ppageno 0'>
   <div class='ocr_carea' id='block_1_1' title="bbox 179 235 294 291">
    <p class='ocr_par' dir='ltr' id='par_1_1' title="bbox 179 235 294 291">
     <span class='ocr_line' id='line_1_1' title="bbox 179 235 294 291; baseline 0 0"><span class='ocrx_word' id='word_1_1' title='bbox 179 235 294 291; x_wconf 68' lang='grc'><strong>949</strong></span> 
     </span>
    </p>
   </div>
   <div class='ocr_carea' id='block_1_2' title="bbox 1187 233 2474 291">
    <p class='ocr_par' dir='ltr' id='par_1_2' title="bbox 1187 233 2474 291">
     <span class='ocr_line' id='line_1_2' title="bbox 1187 233 2474 291; baseline 0 0"><span class='ocrx_word' id='word_1_2' title='bbox 1187 235 1419 291; x_wconf 81' lang='lat' dir='ltr'><strong>SERMO</strong></span> <span class='ocrx_word' id='word_1_3' title='bbox 1457 235 1545 288; x_wconf 87' lang='lat' dir='ltr'><strong>DE</strong></span> <span class='ocrx_word' id='word_1_4' title='bbox 1587 233 2090 290; x_wconf 80' lang='lat' dir='ltr'><strong>DESCRIPTIONE</strong></span> <span class='ocrx_word' id='word_1_5' title='bbox 2129 233 2474 291; x_wconf 64' lang='lat' dir='ltr'><strong>DEIPARE.</strong></span> 
     </span>
    </p>
   </div>
   <div class='ocr_carea' id='block_1_3' title="bbox 3333 239 3438 295">
    <p class='ocr_par' dir='ltr' id='par_1_3' title="bbox 3333 239 3438 295">
     <span class='ocr_line' id='line_1_3' title="bbox 3333 239 3438 295; baseline 0.01 -1"><span class='ocrx_word' id='word_1_6' title='bbox 3333 239 3438 295; x_wconf 68' lang='grc' dir='ltr'><strong>93ἐο</strong></span> 
     </span>
    </p>
   </div>
   <div class='ocr_carea' id='block_1_4' title="bbox 181 349 1765 423">
    <p class='ocr_par' dir='ltr' id='par_1_4' title="bbox 181 351 1756 423">
     <span class='ocr_line' id='line_1_4' title="bbox 181 351 1756 423; baseline -0.001 -17"><span class='ocrx_word' id='word_1_7' title='bbox 181 352 313 407; x_wconf 80' lang='grc' dir='ltr'>καθ’</span> <span class='ocrx_word' id='word_1_8' title='bbox 343 351 636 422; x_wconf 79' lang='grc' dir='ltr'>ὁμοιότητα</span> <span class='ocrx_word' id='word_1_9' title='bbox 666 351 771 404; x_wconf 83' lang='grc' dir='ltr'><strong>τῶν</strong></span> <span class='ocrx_word' id='word_1_10' title='bbox 807 351 1095 423; x_wconf 73' lang='grc' dir='ltr'><strong>προφητῶν</strong></span> <span class='ocrx_word' id='word_1_11' title='bbox 1119 392 1134 416; x_wconf 87' lang='grc'><strong>,</strong></span> <span class='ocrx_word' id='word_1_12' title='bbox 1175 351 1268 415; x_wconf 77' lang='grc' dir='ltr'><strong>οὓς</strong></span> <span class='ocrx_word' id='word_1_13' title='bbox 1303 352 1617 423; x_wconf 77' lang='grc' dir='ltr'>ὰδιακρισιᾳ</span> <span class='ocrx_word' id='word_1_14' title='bbox 1647 352 1756 421; x_wconf 85' lang='grc'>(75)</span> 
     </span>
    </p>
   </div>
   <div class='ocr_carea' id='block_1_5' title="bbox 1871 349 3439 423">
    <p class='ocr_par' dir='ltr' id='par_1_5' title="bbox 1871 349 3439 417">
     <span class='ocr_line' id='line_1_5' title="bbox 1871 349 3439 417; baseline 0.003 -13"><span class='ocrx_word' id='word_1_15' title='bbox 1871 349 2226 417; x_wconf 85' lang='lat' dir='ltr'><strong>dilaniarunt;</strong></span> <span class='ocrx_word' id='word_1_16' title='bbox 2260 352 2352 404; x_wconf 88' lang='lat' dir='ltr'><strong>sed</strong></span> <span class='ocrx_word' id='word_1_17' title='bbox 2377 349 2552 404; x_wconf 82' lang='lat' dir='ltr'><strong>Pilato</strong></span> <span class='ocrx_word' id='word_1_18' title='bbox 2580 365 2762 405; x_wconf 89' lang='lat' dir='ltr'><strong>coram</strong></span> <span class='ocrx_word' id='word_1_19' title='bbox 2796 359 3060 408; x_wconf 90' lang='lat' dir='ltr'><strong>steterunt</strong></span> <span class='ocrx_word' id='word_1_20' title='bbox 3087 361 3198 407; x_wconf 93' lang='lat' dir='ltr'><strong>tum</strong></span> <span class='ocrx_word' id='word_1_21' title='bbox 3241 351 3439 408; x_wconf 82' lang='lat' dir='ltr'><strong>Roma-</strong></span> 
     </span>
    </p>
   </div>
   <div class='ocr_carea' id='block_1_6' title="bbox 181 442 1761 514">
    <p class='ocr_par' dir='ltr' id='par_1_6' title="bbox 181 442 1761 514">
     <span class='ocr_line' id='line_1_6' title="bbox 181 442 1761 514; baseline 0 -18"><span class='ocrx_word' id='word_1_22' title='bbox 181 442 592 514; x_wconf 77' lang='grc' dir='ltr'><strong>διεσπάραξαν·</strong></span> <span class='ocrx_word' id='word_1_23' title='bbox 644 443 778 496; x_wconf 83' lang='grc' dir='ltr'>ἀλλὰ</span> <span class='ocrx_word' id='word_1_24' title='bbox 827 442 902 512; x_wconf 83' lang='grc' dir='ltr'>τῷ</span> <span class='ocrx_word' id='word_1_25' title='bbox 953 443 1167 513; x_wconf 82' lang='grc' dir='ltr'>Πιλάτῳ</span> <span class='ocrx_word' id='word_1_26' title='bbox 1210 444 1617 514; x_wconf 80' lang='grc' dir='ltr'><strong>προσήνεγκαν,</strong></span> <span class='ocrx_word' id='word_1_27' title='bbox 1664 443 1761 513; x_wconf 85' lang='grc' dir='ltr'>ἆρ-</span> 
     </span>
    </p>
   </div>
   <div class='ocr_carea' id='block_1_7' title="bbox 184 533 1762 605">
    <p class='ocr_par' dir='ltr' id='par_1_7' title="bbox 184 533 1762 605">
     <span class='ocr_line' id='line_1_7' title="bbox 184 533 1762 605; baseline 0.001 -21"><span class='ocrx_word' id='word_1_28' title='bbox 184 551 341 602; x_wconf 84' lang='grc' dir='ltr'>χοντι</span> <span class='ocrx_word' id='word_1_29' title='bbox 406 533 727 603; x_wconf 83' lang='grc' dir='ltr'>Ῥωμαίων,</span> <span class='ocrx_word' id='word_1_30' title='bbox 785 533 1028 603; x_wconf 71' lang='grc' dir='ltr'>ἐντυχίαν</span> <span class='ocrx_word' id='word_1_31' title='bbox 1087 533 1538 605; x_wconf 73' lang='grc' dir='ltr'><strong>εἰσπραξαμένῳ,</strong></span> <span class='ocrx_word' id='word_1_32' title='bbox 1609 533 1762 596; x_wconf 84' lang='grc' dir='ltr'>δίκας</span> 
     </span>
    </p>
   </div>
   <div class='ocr_carea' id='block_1_8' title="bbox 183 624 1760 697">
    <p class='ocr_par' dir='ltr' id='par_1_8' title="bbox 183 624 1760 697">
     <span class='ocr_line' id='line_1_8' title="bbox 183 624 1760 697; baseline 0.001 -21"><span class='ocrx_word' id='word_1_33' title='bbox 183 624 588 695; x_wconf 83' lang='grc' dir='ltr'>ἀπαιτούμενοι</span> <span class='ocrx_word' id='word_1_34' title='bbox 638 624 745 678; x_wconf 84' lang='grc' dir='ltr'><strong>τῶν</strong></span> <span class='ocrx_word' id='word_1_35' title='bbox 797 626 1135 696; x_wconf 87' lang='grc' dir='ltr'>λεγομένων,</span> <span class='ocrx_word' id='word_1_36' title='bbox 1188 625 1579 694; x_wconf 82' lang='grc' dir='ltr'>συγκατάθεσιν</span> <span class='ocrx_word' id='word_1_37' title='bbox 1632 626 1760 697; x_wconf 86' lang='grc' dir='ltr'>μεθ-</span> 
     </span>
    </p>
   </div>
   <div class='ocr_carea' id='block_1_9' title="bbox 183 714 1762 789">
    <p class='ocr_par' dir='ltr' id='par_1_9' title="bbox 183 714 1762 789">
     <span class='ocr_line' id='line_1_9' title="bbox 183 714 1762 789; baseline 0.002 -23"><span class='ocrx_word' id='word_1_38' title='bbox 183 714 520 784; x_wconf 84' lang='grc' dir='ltr'>οδευόμενοι.</span> <span class='ocrx_word' id='word_1_39' title='bbox 553 715 642 768; x_wconf 83' lang='grc' dir='ltr'>Διὸ</span> <span class='ocrx_word' id='word_1_40' title='bbox 669 717 764 768; x_wconf 72' lang='grc' dir='ltr'><strong>καὶ</strong></span> <span class='ocrx_word' id='word_1_41' title='bbox 785 718 812 768; x_wconf 99' lang='lat'><strong>6</strong></span> <span class='ocrx_word' id='word_1_42' title='bbox 837 717 1084 781; x_wconf 79' lang='grc' dir='ltr'><strong>Πιλᾶτος,</strong></span> <span class='ocrx_word' id='word_1_43' title='bbox 1102 720 1130 771; x_wconf 87' lang='grc' dir='ltr'>ὁ</span> <span class='ocrx_word' id='word_1_44' title='bbox 1160 717 1444 788; x_wconf 88' lang='grc' dir='ltr'>Ῥωμαίων</span> <span class='ocrx_word' id='word_1_45' title='bbox 1467 719 1669 789; x_wconf 81' lang='grc' dir='ltr'>ἄρχων,</span> <span class='ocrx_word' id='word_1_46' title='bbox 1687 717 1762 780; x_wconf 91' lang='grc' dir='ltr'><strong>ώς</strong></span> 
     </span>
    </p>
   </div>
   <div class='ocr_carea' id='block_1_10' title="bbox 184 800 1760 878">
    <p class='ocr_par' dir='ltr' id='par_1_10' title="bbox 184 800 1760 878">
     <span class='ocr_line' id='line_1_10' title="bbox 184 800 1760 878; baseline 0.004 -23"><span class='ocrx_word' id='word_1_47' title='bbox 184 800 299 856; x_wconf 86' lang='grc' dir='ltr'>εἶδε</span> <span class='ocrx_word' id='word_1_48' title='bbox 329 806 456 868; x_wconf 77' lang='grc' dir='ltr'>τοὺς</span> <span class='ocrx_word' id='word_1_49' title='bbox 490 806 771 870; x_wconf 72' lang='grc' dir='ltr'>Ἰουδαίους</span> <span class='ocrx_word' id='word_1_50' title='bbox 806 808 1312 876; x_wconf 89' lang='grc' dir='ltr'>κυνογλωσσοῦντας</span> <span class='ocrx_word' id='word_1_51' title='bbox 1354 808 1494 861; x_wconf 74' lang='grc' dir='ltr'>κατὰ</span> <span class='ocrx_word' id='word_1_52' title='bbox 1531 809 1630 878; x_wconf 81' lang='grc' dir='ltr'><strong>τῆς</strong></span> <span class='ocrx_word' id='word_1_53' title='bbox 1667 807 1760 861; x_wconf 92' lang='grc' dir='ltr'><strong>τοῦ</strong></span> 
     </span>
    </p>
   </div>
   <div class='ocr_carea' id='block_1_11' title="bbox 190 897 1762 971">
    <p class='ocr_par' dir='ltr' id='par_1_11' title="bbox 190 897 1762 971">
     <span class='ocr_line' id='line_1_11' title="bbox 190 897 1762 971; baseline 0.004 -23"><span class='ocrx_word' id='word_1_54' title='bbox 190 897 405 966; x_wconf 85' lang='grc' dir='ltr'>Κυρίου</span> <span class='ocrx_word' id='word_1_55' title='bbox 446 897 778 969; x_wconf 79' lang='grc' dir='ltr'>ἀναιρέσεως</span> <span class='ocrx_word' id='word_1_56' title='bbox 802 900 933 971; x_wconf 86' lang='grc'>(76),</span> <span class='ocrx_word' id='word_1_57' title='bbox 974 901 1067 953; x_wconf 74' lang='grc' dir='ltr'><strong>καὶ</strong></span> <span class='ocrx_word' id='word_1_58' title='bbox 1106 899 1292 964; x_wconf 82' lang='grc' dir='ltr'>εἰδὼς,</span> <span class='ocrx_word' id='word_1_59' title='bbox 1323 901 1404 954; x_wconf 83' lang='grc' dir='ltr'><strong>ὃτι</strong></span> <span class='ocrx_word' id='word_1_60' title='bbox 1451 900 1534 954; x_wconf 74' lang='grc' dir='ltr'><strong>διὰ</strong></span> <span class='ocrx_word' id='word_1_61' title='bbox 1569 901 1762 970; x_wconf 79' lang='grc' dir='ltr'>φθόνον</span> 
     </span>
    </p>
   </div>
   <div class='ocr_carea' id='block_1_12' title="bbox 184 987 1758 1062">
    <p class='ocr_par' dir='ltr' id='par_1_12' title="bbox 184 987 1758 1062">
     <span class='ocr_line' id='line_1_12' title="bbox 184 987 1758 1062; baseline 0.004 -25"><span class='ocrx_word' id='word_1_62' title='bbox 184 987 520 1056; x_wconf 77' lang='grc' dir='ltr'>παρέδωκαν</span> <span class='ocrx_word' id='word_1_63' title='bbox 547 989 726 1054; x_wconf 85' lang='grc' dir='ltr'>αὐτὸν,</span> <span class='ocrx_word' id='word_1_64' title='bbox 751 990 1007 1062; x_wconf 76' lang='grc' dir='ltr'>ἐπηρώτα</span> <span class='ocrx_word' id='word_1_65' title='bbox 1029 993 1152 1055; x_wconf 85' lang='grc' dir='ltr'><strong>τούς</strong></span> <span class='ocrx_word' id='word_1_66' title='bbox 1179 992 1484 1056; x_wconf 87' lang='grc' dir='ltr'>Ἰουδαίους,</span> <span class='ocrx_word' id='word_1_67' title='bbox 1504 991 1724 1061; x_wconf 80' lang='grc' dir='ltr'>φάσκων</span> <span class='ocrx_word' id='word_1_68' title='bbox 1745 1009 1758 1022; x_wconf 77' lang='grc' dir='ltr'><strong>ο</strong></span> 
     </span>
    </p>
   </div>
   <div class='ocr_carea' id='block_1_13' title="bbox 185 1075 1760 1152">
    <p class='ocr_par' dir='ltr' id='par_1_13' title="bbox 185 1075 1760 1152">
     <span class='ocr_line' id='line_1_13' title="bbox 185 1075 1760 1152; baseline 0.009 -25"><span class='ocrx_word' id='word_1_69' title='bbox 185 1075 394 1140; x_wconf 80' lang='grc' dir='ltr'>Καθὼς</span> <span class='ocrx_word' id='word_1_70' title='bbox 441 1079 555 1132; x_wconf 77' lang='grc' dir='ltr'>ἴστε</span> <span class='ocrx_word' id='word_1_71' title='bbox 599 1081 800 1144; x_wconf 85' lang='grc' dir='ltr'>πάντες</span> <span class='ocrx_word' id='word_1_72' title='bbox 855 1083 1069 1152; x_wconf 81' lang='grc' dir='ltr'>σαφῶς,</span> <span class='ocrx_word' id='word_1_73' title='bbox 1123 1085 1276 1137; x_wconf 81' lang='grc' dir='ltr'>οὐδὲν</span> <span class='ocrx_word' id='word_1_74' title='bbox 1324 1085 1472 1150; x_wconf 79' lang='grc' dir='ltr'>ἄξιον</span> <span class='ocrx_word' id='word_1_75' title='bbox 1533 1086 1760 1141; x_wconf 87' lang='grc' dir='ltr'>θανάτου</span> 
     </span>
    </p>
   </div>
   <div class='ocr_carea' id='block_1_14' title="bbox 185 1169 1762 1250">
    <p class='ocr_par' dir='ltr' id='par_1_14' title="bbox 185 1169 1762 1250">
     <span class='ocr_line' id='line_1_14' title="bbox 185 1169 1762 1250; baseline 0.008 -30"><span class='ocrx_word' id='word_1_76' title='bbox 185 1169 436 1239; x_wconf 80' lang='grc' dir='ltr'>εὑρίσκω</span> <span class='ocrx_word' id='word_1_77' title='bbox 468 1174 526 1225; x_wconf 86' lang='grc' dir='ltr'>ὲν</span> <span class='ocrx_word' id='word_1_78' title='bbox 564 1172 639 1242; x_wconf 81' lang='grc' dir='ltr'>τῷ</span> <span class='ocrx_word' id='word_1_79' title='bbox 678 1174 773 1227; x_wconf 83' lang='grc' dir='ltr'><strong>ἀνθ</strong></span> <span class='ocrx_word' id='word_1_80' title='bbox 785 1174 946 1246; x_wconf 86' lang='grc' dir='ltr'>ρώπῳ</span> <span class='ocrx_word' id='word_1_81' title='bbox 973 1177 1175 1248; x_wconf 85' lang='grc' dir='ltr'>τούτῳ,</span> <span class='ocrx_word' id='word_1_82' title='bbox 1203 1173 1247 1231; x_wconf 78' lang='grc' dir='ltr'>ὦ</span> <span class='ocrx_word' id='word_1_83' title='bbox 1279 1179 1536 1232; x_wconf 89' lang='grc' dir='ltr'>Ἰουδαῖοι.</span> <span class='ocrx_word' id='word_1_84' title='bbox 1570 1180 1634 1232; x_wconf 90' lang='grc' dir='ltr'><strong>Τί</strong></span> <span class='ocrx_word' id='word_1_85' title='bbox 1667 1181 1762 1250; x_wconf 81' lang='grc' dir='ltr'><strong>τὴν</strong></span> 
     </span>
    </p>
   </div>
   <div class='ocr_carea' id='block_1_15' title="bbox 184 1258 1765 1342">
    <p class='ocr_par' dir='ltr' id='par_1_15' title="bbox 184 1258 1765 1342">
     <span class='ocr_line' id='line_1_15' title="bbox 184 1258 1765 1342; baseline 0.006 -30"><span class='ocrx_word' id='word_1_86' title='bbox 184 1258 300 1312; x_wconf 82' lang='grc' dir='ltr'><strong>τῶν</strong></span> <span class='ocrx_word' id='word_1_87' title='bbox 337 1261 627 1332; x_wconf 83' lang='grc' dir='ltr'>Ῥωμαίων</span> <span class='ocrx_word' id='word_1_88' title='bbox 667 1265 842 1336; x_wconf 74' lang='grc' dir='ltr'>ἀρχὴν</span> <span class='ocrx_word' id='word_1_89' title='bbox 884 1266 1129 1336; x_wconf 80' lang='grc' dir='ltr'>μολύνειν</span> <span class='ocrx_word' id='word_1_90' title='bbox 1189 1269 1474 1333; x_wconf 82' lang='grc' dir='ltr'>σπεύδετε,</span> <span class='ocrx_word' id='word_1_91' title='bbox 1524 1272 1765 1342; x_wconf 78' lang='grc' dir='ltr'>ἀκρασίᾳ</span> 
     </span>
    </p>
   </div>
   <div class='ocr_carea' id='block_1_16' title="bbox 188 1353 1763 1420">
    <p class='ocr_par' dir='ltr' id='par_1_16' title="bbox 188 1353 1763 1420">
     <span class='ocr_line' id='line_1_16' title="bbox 188 1353 1763 1420; baseline 0.01 -18"><span class='ocrx_word' id='word_1_92' title='bbox 188 1353 525 1420; x_wconf 77' lang='grc' dir='ltr'>κρατοῦντες</span> <span class='ocrx_word' id='word_1_93' title='bbox 551 1355 640 1408; x_wconf 86' lang='grc' dir='ltr'>τὸν</span> <span class='ocrx_word' id='word_1_94' title='bbox 661 1356 889 1418; x_wconf 83' lang='grc' dir='ltr'>δίκαιον,</span> <span class='ocrx_word' id='word_1_95' title='bbox 913 1360 1005 1412; x_wconf 75' lang='grc' dir='ltr'>καὶ</span> <span class='ocrx_word' id='word_1_96' title='bbox 1032 1359 1120 1413; x_wconf 83' lang='grc' dir='ltr'>τὸν</span> <span class='ocrx_word' id='word_1_97' title='bbox 1146 1361 1436 1416; x_wconf 82' lang='grc' dir='ltr'>ἀνεύθυνον</span> <span class='ocrx_word' id='word_1_98' title='bbox 1468 1363 1763 1417; x_wconf 82' lang='grc' dir='ltr'>ὑπεύθυνον</span> 
     </span>
    </p>
   </div>
   <div class='ocr_carea' id='block_1_17' title="bbox 185 1439 1764 1526">
    <p class='ocr_par' dir='ltr' id='par_1_17' title="bbox 185 1439 1764 1526">
     <span class='ocr_line' id='line_1_17' title="bbox 185 1439 1764 1526; baseline 0.009 -32"><span class='ocrx_word' id='word_1_99' title='bbox 185 1439 332 1496; x_wconf 81' lang='grc' dir='ltr'>εἶναι</span> <span class='ocrx_word' id='word_1_100' title='bbox 370 1444 648 1512; x_wconf 85' lang='grc' dir='ltr'>θέλοντες;</span> <span class='ocrx_word' id='word_1_101' title='bbox 694 1449 859 1503; x_wconf 85' lang='grc' dir='ltr'>Οὐδὲν</span> <span class='ocrx_word' id='word_1_102' title='bbox 893 1451 1040 1516; x_wconf 82' lang='grc' dir='ltr'>ἄξιον</span> <span class='ocrx_word' id='word_1_103' title='bbox 1068 1451 1295 1506; x_wconf 83' lang='grc' dir='ltr'>θανάτου</span> <span class='ocrx_word' id='word_1_104' title='bbox 1327 1455 1565 1526; x_wconf 84' lang='grc' dir='ltr'>εὑρίσκω</span> <span class='ocrx_word' id='word_1_105' title='bbox 1599 1459 1656 1511; x_wconf 84' lang='grc' dir='ltr'><strong>ὲν</strong></span> <span class='ocrx_word' id='word_1_106' title='bbox 1687 1456 1764 1526; x_wconf 81' lang='grc' dir='ltr'>τῷ</span> 
     </span>
    </p>
   </div>
   <div class='ocr_carea' id='block_1_18' title="bbox 183 1534 1766 1617">
    <p class='ocr_par' dir='ltr' id='par_1_18' title="bbox 183 1534 1766 1617">
     <span class='ocr_line' id='line_1_18' title="bbox 183 1534 1766 1617; baseline 0.011 -30"><span class='ocrx_word' id='word_1_107' title='bbox 183 1534 470 1608; x_wconf 77' lang='grc' dir='ltr'>ἀνθρώπῳ</span> <span class='ocrx_word' id='word_1_108' title='bbox 504 1538 694 1609; x_wconf 79' lang='grc' dir='ltr'>τούτῳ.</span> <span class='ocrx_word' id='word_1_109' title='bbox 735 1541 949 1595; x_wconf 86' lang='grc' dir='ltr'>Μᾶλλον</span> <span class='ocrx_word' id='word_1_110' title='bbox 988 1539 1080 1596; x_wconf 79' lang='grc' dir='ltr'><strong>οὐν</strong></span> <span class='ocrx_word' id='word_1_111' title='bbox 1119 1545 1148 1596; x_wconf 90' lang='lat'><strong>6</strong></span> <span class='ocrx_word' id='word_1_112' title='bbox 1199 1545 1488 1616; x_wconf 77' lang='grc' dir='ltr'>Βαραϐϐᾶς</span> <span class='ocrx_word' id='word_1_113' title='bbox 1528 1546 1638 1617; x_wconf 89' lang='grc'>(77)</span> <span class='ocrx_word' id='word_1_114' title='bbox 1674 1565 1766 1616; x_wconf 78' lang='grc' dir='ltr'>φο-</span> 
     </span>
    </p>
   </div>
   <div class='ocr_carea' id='block_1_19' title="bbox 185 1628 1762 1710">
    <p class='ocr_par' dir='ltr' id='par_1_19' title="bbox 185 1628 1762 1710">
     <span class='ocr_line' id='line_1_19' title="bbox 185 1628 1762 1710; baseline 0.009 -31"><span class='ocrx_word' id='word_1_115' title='bbox 185 1628 380 1699; x_wconf 83' lang='grc' dir='ltr'>νευθῇ,</span> <span class='ocrx_word' id='word_1_116' title='bbox 413 1633 442 1683; x_wconf 92' lang='lat'><strong>6</strong></span> <span class='ocrx_word' id='word_1_117' title='bbox 474 1631 530 1684; x_wconf 85' lang='grc' dir='ltr'>δὲ</span> <span class='ocrx_word' id='word_1_118' title='bbox 575 1633 806 1703; x_wconf 81' lang='grc' dir='ltr'>Χριστὸς</span> <span class='ocrx_word' id='word_1_119' title='bbox 837 1635 1113 1706; x_wconf 78' lang='grc' dir='ltr'>ἀπολυθῇ’</span> <span class='ocrx_word' id='word_1_120' title='bbox 1150 1637 1230 1690; x_wconf 79' lang='grc' dir='ltr'>ὅτι</span> <span class='ocrx_word' id='word_1_121' title='bbox 1272 1641 1475 1703; x_wconf 77' lang='grc' dir='ltr'>ἐκεῖνος</span> <span class='ocrx_word' id='word_1_122' title='bbox 1519 1639 1620 1710; x_wconf 86' lang='grc' dir='ltr'><strong>μὲν</strong></span> <span class='ocrx_word' id='word_1_123' title='bbox 1667 1658 1762 1709; x_wconf 91' lang='grc' dir='ltr'>φο-</span> 
     </span>
    </p>
   </div>
   <div class='ocr_carea' id='block_1_20' title="bbox 1868 442 3436 514">
    <p class='ocr_par' dir='ltr' id='par_1_20' title="bbox 1868 442 3436 514">
     <span class='ocr_line' id='line_1_20' title="bbox 1868 442 3436 514; baseline 0.003 -19"><span class='ocrx_word' id='word_1_124' title='bbox 1868 457 2064 496; x_wconf 89' lang='lat' dir='ltr'><strong>norum</strong></span> <span class='ocrx_word' id='word_1_125' title='bbox 2094 442 2333 511; x_wconf 67' lang='lat' dir='ltr'><strong>praasidi,</strong></span> <span class='ocrx_word' id='word_1_126' title='bbox 2365 451 2625 497; x_wconf 80' lang='lat' dir='ltr'><strong>exacturo</strong></span> <span class='ocrx_word' id='word_1_127' title='bbox 2658 451 2719 495; x_wconf 90' lang='lat' dir='ltr'><strong>ut</strong></span> <span class='ocrx_word' id='word_1_128' title='bbox 2749 458 2932 497; x_wconf 87' lang='lat' dir='ltr'><strong>coram</strong></span> <span class='ocrx_word' id='word_1_129' title='bbox 2966 460 3024 499; x_wconf 90' lang='lat' dir='ltr'><strong>se</strong></span> <span class='ocrx_word' id='word_1_130' title='bbox 3056 458 3436 514; x_wconf 74' lang='lat' dir='ltr'><strong>accusaretur;</strong></span> 
     </span>
    </p>
   </div>
   <div class='ocr_carea' id='block_1_21' title="bbox 1869 532 3441 606">
    <p class='ocr_par' dir='ltr' id='par_1_21' title="bbox 1869 532 3441 606">
     <span class='ocr_line' id='line_1_21' title="bbox 1869 532 3441 606; baseline 0.004 -21"><span class='ocrx_word' id='word_1_131' title='bbox 1869 532 2032 602; x_wconf 82' lang='lat' dir='ltr'><strong>idque</strong></span> <span class='ocrx_word' id='word_1_132' title='bbox 2056 540 2114 586; x_wconf 94' lang='lat' dir='ltr'><strong>ut</strong></span> <span class='ocrx_word' id='word_1_133' title='bbox 2131 549 2231 603; x_wconf 89' lang='lat' dir='ltr'><strong>pro</strong></span> <span class='ocrx_word' id='word_1_134' title='bbox 2264 533 2426 590; x_wconf 90' lang='lat' dir='ltr'><strong>dictis</strong></span> <span class='ocrx_word' id='word_1_135' title='bbox 2455 535 2574 604; x_wconf 86' lang='lat' dir='ltr'><strong>ejus</strong></span> <span class='ocrx_word' id='word_1_136' title='bbox 2620 550 2813 605; x_wconf 72' lang='lat' dir='ltr'><strong>pcenas</strong></span> <span class='ocrx_word' id='word_1_137' title='bbox 2845 546 3223 606; x_wconf 75' lang='lat' dir='ltr'><strong>exposcerent,</strong></span> <span class='ocrx_word' id='word_1_138' title='bbox 3268 546 3321 593; x_wconf 87' lang='lat' dir='ltr'><strong>et</strong></span> <span class='ocrx_word' id='word_1_139' title='bbox 3353 552 3441 592; x_wconf 88' lang='lat' dir='ltr'><strong>ar-</strong></span> 
     </span>
    </p>
   </div>
   <div class='ocr_carea' id='block_1_22' title="bbox 1869 623 3441 697">
    <p class='ocr_par' dir='ltr' id='par_1_22' title="bbox 1869 623 3441 697">
     <span class='ocr_line' id='line_1_22' title="bbox 1869 623 3441 697; baseline 0.004 -21"><span class='ocrx_word' id='word_1_140' title='bbox 1869 623 2038 678; x_wconf 85' lang='lat' dir='ltr'><strong>tiﬁcio</strong></span> <span class='ocrx_word' id='word_1_141' title='bbox 2059 639 2387 680; x_wconf 87' lang='lat' dir='ltr'><strong>consensum</strong></span> <span class='ocrx_word' id='word_1_142' title='bbox 2414 627 2535 697; x_wconf 88' lang='lat' dir='ltr'><strong>ejus</strong></span> <span class='ocrx_word' id='word_1_143' title='bbox 2572 626 2900 682; x_wconf 90' lang='lat' dir='ltr'><strong>obtinerent.</strong></span> <span class='ocrx_word' id='word_1_144' title='bbox 2933 627 3299 693; x_wconf 86' lang='lat' dir='ltr'><strong>Quamobrem</strong></span> <span class='ocrx_word' id='word_1_145' title='bbox 3351 629 3441 682; x_wconf 83' lang='lat' dir='ltr'><strong>Pi-</strong></span> 
     </span>
    </p>
   </div>
   <div class='ocr_carea' id='block_1_23' title="bbox 1868 715 3442 790">
    <p class='ocr_par' dir='ltr' id='par_1_23' title="bbox 1868 715 3442 790">
     <span class='ocr_line' id='line_1_23' title="bbox 1868 715 3442 790; baseline 0.005 -23"><span class='ocrx_word' id='word_1_146' title='bbox 1868 716 2032 782; x_wconf 84' lang='lat' dir='ltr'><strong>latus,</strong></span> <span class='ocrx_word' id='word_1_147' title='bbox 2071 725 2259 787; x_wconf 87' lang='lat' dir='ltr'><strong>utpote</strong></span> <span class='ocrx_word' id='word_1_148' title='bbox 2285 715 2656 773; x_wconf 81' lang='lat' dir='ltr'><strong>Romanorum</strong></span> <span class='ocrx_word' id='word_1_149' title='bbox 2688 735 2910 790; x_wconf 59' lang='lat' dir='ltr'><strong>praeses,</strong></span> <span class='ocrx_word' id='word_1_150' title='bbox 2955 730 3013 775; x_wconf 90' lang='lat' dir='ltr'><strong>ut</strong></span> <span class='ocrx_word' id='word_1_151' title='bbox 3055 719 3268 778; x_wconf 75' lang='lat' dir='ltr'><strong>Iudaeos</strong></span> <span class='ocrx_word' id='word_1_152' title='bbox 3308 721 3442 775; x_wconf 78' lang='lat' dir='ltr'><strong>vidit</strong></span> 
     </span>
    </p>
   </div>
   <div class='ocr_carea' id='block_1_24' title="bbox 1869 806 3443 880">
    <p class='ocr_par' dir='ltr' id='par_1_24' title="bbox 1869 806 3443 880">
     <span class='ocr_line' id='line_1_24' title="bbox 1869 806 3443 880; baseline 0.003 -21"><span class='ocrx_word' id='word_1_153' title='bbox 1869 807 2064 860; x_wconf 89' lang='lat' dir='ltr'><strong>canina</strong></span> <span class='ocrx_word' id='word_1_154' title='bbox 2115 807 2296 879; x_wconf 85' lang='lat' dir='ltr'><strong>lingua</strong></span> <span class='ocrx_word' id='word_1_155' title='bbox 2321 806 2534 862; x_wconf 91' lang='lat' dir='ltr'><strong>Domini</strong></span> <span class='ocrx_word' id='word_1_156' title='bbox 2582 824 2770 864; x_wconf 89' lang='lat' dir='ltr'><strong>necem</strong></span> <span class='ocrx_word' id='word_1_157' title='bbox 2820 811 3181 880; x_wconf 85' lang='lat' dir='ltr'><strong>postulantes,</strong></span> <span class='ocrx_word' id='word_1_158' title='bbox 3239 826 3443 880; x_wconf 87' lang='lat' dir='ltr'><strong>gnarus</strong></span> 
     </span>
    </p>
   </div>
   <div class='ocr_carea' id='block_1_25' title="bbox 1869 897 3443 972">
    <p class='ocr_par' dir='ltr' id='par_1_25' title="bbox 1869 897 3443 972">
     <span class='ocr_line' id='line_1_25' title="bbox 1869 897 3443 972; baseline 0.002 -20"><span class='ocrx_word' id='word_1_159' title='bbox 1869 913 1964 954; x_wconf 93' lang='lat' dir='ltr'><strong>eos</strong></span> <span class='ocrx_word' id='word_1_160' title='bbox 2004 913 2114 968; x_wconf 70' lang='lat' dir='ltr'><strong>prae</strong></span> <span class='ocrx_word' id='word_1_161' title='bbox 2141 897 2343 953; x_wconf 87' lang='lat' dir='ltr'><strong>invidia</strong></span> <span class='ocrx_word' id='word_1_162' title='bbox 2383 899 2675 956; x_wconf 84' lang='lat' dir='ltr'><strong>tradidisse</strong></span> <span class='ocrx_word' id='word_1_163' title='bbox 2724 900 2898 962; x_wconf 89' lang='lat' dir='ltr'><strong>illum.</strong></span> <span class='ocrx_word' id='word_1_164' title='bbox 2950 901 3319 972; x_wconf 79' lang='lat' dir='ltr'><strong>intermgabat</strong></span> <span class='ocrx_word' id='word_1_165' title='bbox 3348 900 3443 955; x_wconf 79' lang='lat' dir='ltr'><strong>Ju-</strong></span> 
     </span>
    </p>
   </div>
   <div class='ocr_carea' id='block_1_26' title="bbox 1870 988 3441 1062">
    <p class='ocr_par' dir='ltr' id='par_1_26' title="bbox 1870 988 3441 1062">
     <span class='ocr_line' id='line_1_26' title="bbox 1870 988 3441 1062; baseline 0.001 -19"><span class='ocrx_word' id='word_1_166' title='bbox 1870 990 2019 1046; x_wconf 70' lang='lat' dir='ltr'><strong>dazos</strong></span> <span class='ocrx_word' id='word_1_167' title='bbox 2049 991 2202 1046; x_wconf 89' lang='lat' dir='ltr'><strong>hisce</strong></span> <span class='ocrx_word' id='word_1_168' title='bbox 2235 992 2450 1047; x_wconf 85' lang='lat' dir='ltr'><strong>verbis:</strong></span> <span class='ocrx_word' id='word_1_169' title='bbox 2487 988 2560 1045; x_wconf 89' lang='lat' dir='ltr'><strong>Ut</strong></span> <span class='ocrx_word' id='word_1_170' title='bbox 2605 992 2776 1062; x_wconf 89' lang='lat' dir='ltr'><strong>probe</strong></span> <span class='ocrx_word' id='word_1_171' title='bbox 2831 994 3004 1048; x_wconf 87' lang='lat' dir='ltr'><strong>nostis</strong></span> <span class='ocrx_word' id='word_1_172' title='bbox 3060 1009 3270 1051; x_wconf 85' lang='lat' dir='ltr'><strong>omnes.</strong></span> <span class='ocrx_word' id='word_1_173' title='bbox 3308 992 3441 1045; x_wconf 86' lang='lat' dir='ltr'><strong>nihil</strong></span> 
     </span>
    </p>
   </div>
   <div class='ocr_carea' id='block_1_27' title="bbox 1869 1081 3439 1152">
    <p class='ocr_par' dir='ltr' id='par_1_27' title="bbox 1869 1081 3439 1152">
     <span class='ocr_line' id='line_1_27' title="bbox 1869 1081 3439 1152; baseline 0.004 -18"><span class='ocrx_word' id='word_1_174' title='bbox 1869 1088 2046 1136; x_wconf 87' lang='lat' dir='ltr'><strong>morte</strong></span> <span class='ocrx_word' id='word_1_175' title='bbox 2093 1081 2316 1152; x_wconf 86' lang='lat' dir='ltr'><strong>dignum</strong></span> <span class='ocrx_word' id='word_1_176' title='bbox 2367 1084 2584 1139; x_wconf 89' lang='lat' dir='ltr'><strong>invenio</strong></span> <span class='ocrx_word' id='word_1_177' title='bbox 2636 1084 2690 1138; x_wconf 87' lang='lat' dir='ltr'><strong>in</strong></span> <span class='ocrx_word' id='word_1_178' title='bbox 2753 1085 2857 1140; x_wconf 91' lang='lat' dir='ltr'><strong>hoc</strong></span> <span class='ocrx_word' id='word_1_179' title='bbox 2920 1085 3158 1148; x_wconf 89' lang='lat' dir='ltr'><strong>homine,</strong></span> <span class='ocrx_word' id='word_1_180' title='bbox 3189 1084 3439 1141; x_wconf 66' lang='lat' dir='ltr'><strong>oJudaai.</strong></span> 
     </span>
    </p>
   </div>
   <div class='ocr_carea' id='block_1_28' title="bbox 1869 1169 3444 1244">
    <p class='ocr_par' dir='ltr' id='par_1_28' title="bbox 1869 1169 3444 1244">
     <span class='ocr_line' id='line_1_28' title="bbox 1869 1169 3444 1244; baseline 0.003 -21"><span class='ocrx_word' id='word_1_181' title='bbox 1869 1170 2012 1236; x_wconf 86' lang='lat' dir='ltr'><strong>Quid</strong></span> <span class='ocrx_word' id='word_1_182' title='bbox 2043 1169 2414 1226; x_wconf 84' lang='lat' dir='ltr'><strong>Romanorum</strong></span> <span class='ocrx_word' id='word_1_183' title='bbox 2455 1171 2742 1242; x_wconf 89' lang='lat' dir='ltr'><strong>imperium</strong></span> <span class='ocrx_word' id='word_1_184' title='bbox 2767 1175 3010 1244; x_wconf 88' lang='lat' dir='ltr'><strong>polluere</strong></span> <span class='ocrx_word' id='word_1_185' title='bbox 3033 1175 3325 1240; x_wconf 89' lang='lat' dir='ltr'><strong>conamini,</strong></span> <span class='ocrx_word' id='word_1_186' title='bbox 3357 1190 3444 1244; x_wconf 89' lang='lat' dir='ltr'><strong>pe-</strong></span> 
     </span>
    </p>
   </div>
   <div class='ocr_carea' id='block_1_29' title="bbox 1868 1262 3440 1336">
    <p class='ocr_par' dir='ltr' id='par_1_29' title="bbox 1868 1262 3440 1336">
     <span class='ocr_line' id='line_1_29' title="bbox 1868 1262 3440 1336; baseline 0.003 -23"><span class='ocrx_word' id='word_1_187' title='bbox 1868 1262 2107 1316; x_wconf 83' lang='lat' dir='ltr'><strong>tulanter</strong></span> <span class='ocrx_word' id='word_1_188' title='bbox 2151 1262 2360 1332; x_wconf 82' lang='lat' dir='ltr'><strong>justum</strong></span> <span class='ocrx_word' id='word_1_189' title='bbox 2431 1265 2733 1336; x_wconf 90' lang='lat' dir='ltr'><strong>capientes,</strong></span> <span class='ocrx_word' id='word_1_190' title='bbox 2789 1274 2842 1320; x_wconf 93' lang='lat' dir='ltr'><strong>et</strong></span> <span class='ocrx_word' id='word_1_191' title='bbox 2897 1265 3169 1320; x_wconf 86' lang='lat' dir='ltr'><strong>insontem</strong></span> <span class='ocrx_word' id='word_1_192' title='bbox 3231 1274 3440 1318; x_wconf 88' lang='lat' dir='ltr'><strong>sontem</strong></span> 
     </span>
    </p>
   </div>
   <div class='ocr_carea' id='block_1_30' title="bbox 1869 1353 3443 1426">
    <p class='ocr_par' dir='ltr' id='par_1_30' title="bbox 1869 1353 3443 1426">
     <span class='ocr_line' id='line_1_30' title="bbox 1869 1353 3443 1426; baseline 0.001 -19"><span class='ocrx_word' id='word_1_193' title='bbox 1869 1367 1991 1407; x_wconf 90' lang='lat' dir='ltr'><strong>esse</strong></span> <span class='ocrx_word' id='word_1_194' title='bbox 2020 1354 2312 1410; x_wconf 85' lang='lat' dir='ltr'><strong>volentes?</strong></span> <span class='ocrx_word' id='word_1_195' title='bbox 2340 1353 2484 1410; x_wconf 87' lang='lat' dir='ltr'><strong>Nihil</strong></span> <span class='ocrx_word' id='word_1_196' title='bbox 2515 1365 2691 1411; x_wconf 91' lang='lat' dir='ltr'><strong>morte</strong></span> <span class='ocrx_word' id='word_1_197' title='bbox 2720 1355 2943 1426; x_wconf 87' lang='lat' dir='ltr'><strong>dignum</strong></span> <span class='ocrx_word' id='word_1_198' title='bbox 2971 1356 3190 1411; x_wconf 84' lang='lat' dir='ltr'><strong>invenio</strong></span> <span class='ocrx_word' id='word_1_199' title='bbox 3230 1357 3285 1410; x_wconf 90' lang='lat' dir='ltr'><strong>in</strong></span> <span class='ocrx_word' id='word_1_200' title='bbox 3337 1355 3443 1410; x_wconf 92' lang='lat' dir='ltr'><strong>hoc</strong></span> 
     </span>
    </p>
   </div>
   <div class='ocr_carea' id='block_1_31' title="bbox 1869 1445 3440 1518">
    <p class='ocr_par' dir='ltr' id='par_1_31' title="bbox 1869 1445 3440 1518">
     <span class='ocr_line' id='line_1_31' title="bbox 1869 1445 3440 1518; baseline 0.004 -22"><span class='ocrx_word' id='word_1_201' title='bbox 1869 1445 2110 1500; x_wconf 91' lang='lat' dir='ltr'><strong>homine.</strong></span> <span class='ocrx_word' id='word_1_202' title='bbox 2140 1445 2417 1502; x_wconf 79' lang='lat' dir='ltr'><strong>Barabbas</strong></span> <span class='ocrx_word' id='word_1_203' title='bbox 2462 1462 2594 1518; x_wconf 87' lang='lat' dir='ltr'><strong>ergo</strong></span> <span class='ocrx_word' id='word_1_204' title='bbox 2634 1447 2938 1511; x_wconf 86' lang='lat' dir='ltr'><strong>occidatur,</strong></span> <span class='ocrx_word' id='word_1_205' title='bbox 2973 1447 3228 1502; x_wconf 85' lang='lat' dir='ltr'><strong>Christus</strong></span> <span class='ocrx_word' id='word_1_206' title='bbox 3260 1455 3440 1502; x_wconf 84' lang='lat' dir='ltr'><strong>autem</strong></span> 
     </span>
    </p>
   </div>
   <div class='ocr_carea' id='block_1_32' title="bbox 1870 1535 3446 1611">
    <p class='ocr_par' dir='ltr' id='par_1_32' title="bbox 1870 1535 3446 1611">
     <span class='ocr_line' id='line_1_32' title="bbox 1870 1535 3446 1611; baseline 0.003 -22"><span class='ocrx_word' id='word_1_207' title='bbox 1870 1535 2176 1592; x_wconf 87' lang='lat' dir='ltr'><strong>dimittatur</strong></span> <span class='ocrx_word' id='word_1_208' title='bbox 2210 1557 2222 1594; x_wconf 92' lang='lat'><strong>:</strong></span> <span class='ocrx_word' id='word_1_209' title='bbox 2267 1540 2393 1609; x_wconf 85' lang='lat' dir='ltr'><strong>quia</strong></span> <span class='ocrx_word' id='word_1_210' title='bbox 2424 1539 2514 1596; x_wconf 92' lang='lat' dir='ltr'><strong>ille</strong></span> <span class='ocrx_word' id='word_1_211' title='bbox 2566 1540 2785 1611; x_wconf 87' lang='lat' dir='ltr'><strong>quidem</strong></span> <span class='ocrx_word' id='word_1_212' title='bbox 2839 1540 3110 1594; x_wconf 89' lang='lat' dir='ltr'><strong>homicida</strong></span> <span class='ocrx_word' id='word_1_213' title='bbox 3144 1548 3197 1595; x_wconf 89' lang='lat' dir='ltr'><strong>et</strong></span> <span class='ocrx_word' id='word_1_214' title='bbox 3228 1539 3446 1595; x_wconf 87' lang='lat' dir='ltr'><strong>seditio-</strong></span> 
     </span>
    </p>
   </div>
   <div class='ocr_carea' id='block_1_33' title="bbox 1871 1628 3443 1703">
    <p class='ocr_par' dir='ltr' id='par_1_33' title="bbox 1871 1628 3443 1703">
     <span class='ocr_line' id='line_1_33' title="bbox 1871 1628 3443 1703; baseline 0.004 -23"><span class='ocrx_word' id='word_1_215' title='bbox 1871 1641 1987 1694; x_wconf 90' lang='lat' dir='ltr'><strong>sus,</strong></span> <span class='ocrx_word' id='word_1_216' title='bbox 2023 1628 2112 1684; x_wconf 91' lang='lat' dir='ltr'><strong>bic</strong></span> <span class='ocrx_word' id='word_1_217' title='bbox 2131 1645 2260 1685; x_wconf 85' lang='lat' dir='ltr'><strong>vero</strong></span> <span class='ocrx_word' id='word_1_218' title='bbox 2291 1631 2567 1688; x_wconf 83' lang='lat' dir='ltr'><strong>beneficus</strong></span> <span class='ocrx_word' id='word_1_219' title='bbox 2599 1639 2653 1694; x_wconf 83' lang='lat' dir='ltr'><strong>et</strong></span> <span class='ocrx_word' id='word_1_220' title='bbox 2682 1633 2804 1686; x_wconf 62' lang='lat' dir='ltr'><strong>vitm</strong></span> <span class='ocrx_word' id='word_1_221' title='bbox 2834 1632 3077 1703; x_wconf 80' lang='lat' dir='ltr'><strong>largitor,</strong></span> <span class='ocrx_word' id='word_1_222' title='bbox 3102 1631 3443 1702; x_wconf 87' lang='lat' dir='ltr'><strong>quandoqui-</strong></span> 
     </span>
    </p>
   </div>
   <div class='ocr_carea' id='block_1_34' title="bbox 186 1718 1765 1802">
    <p class='ocr_par' dir='ltr' id='par_1_34' title="bbox 186 1721 1765 1802">
     <span class='ocr_line' id='line_1_34' title="bbox 186 1721 1765 1802; baseline 0.011 -32"><span class='ocrx_word' id='word_1_223' title='bbox 186 1721 392 1790; x_wconf 79' lang='grc' dir='ltr'>νευτὴς</span> <span class='ocrx_word' id='word_1_224' title='bbox 413 1723 507 1774; x_wconf 74' lang='grc' dir='ltr'>καὶ</span> <span class='ocrx_word' id='word_1_225' title='bbox 533 1725 852 1796; x_wconf 85' lang='grc' dir='ltr'>στασιώδης,</span> <span class='ocrx_word' id='word_1_226' title='bbox 881 1723 1033 1790; x_wconf 69' lang='grc' dir='ltr'>οὗτος</span> <span class='ocrx_word' id='word_1_227' title='bbox 1059 1728 1114 1780; x_wconf 85' lang='grc' dir='ltr'>δὲ</span> <span class='ocrx_word' id='word_1_228' title='bbox 1142 1730 1434 1802; x_wconf 77' lang='grc' dir='ltr'>εὐεργέτης</span> <span class='ocrx_word' id='word_1_229' title='bbox 1455 1733 1547 1785; x_wconf 79' lang='grc' dir='ltr'><strong>καὶ</strong></span> <span class='ocrx_word' id='word_1_230' title='bbox 1570 1731 1765 1795; x_wconf 80' lang='grc' dir='ltr'>ζωοδό-</span> 
     </span>
    </p>
   </div>
   <div class='ocr_carea' id='block_1_35' title="bbox 1871 1718 3438 1802">
    <p class='ocr_par' dir='ltr' id='par_1_35' title="bbox 1871 1718 3438 1783">
     <span class='ocr_line' id='line_1_35' title="bbox 1871 1718 3438 1783; baseline 0.004 -10"><span class='ocrx_word' id='word_1_231' title='bbox 1871 1718 1990 1776; x_wconf 91' lang='lat' dir='ltr'><strong>dem</strong></span> <span class='ocrx_word' id='word_1_232' title='bbox 2031 1722 2172 1777; x_wconf 88' lang='lat' dir='ltr'><strong>hanc</strong></span> <span class='ocrx_word' id='word_1_233' title='bbox 2206 1723 2470 1781; x_wconf 86' lang='lat' dir='ltr'><strong>adversus</strong></span> <span class='ocrx_word' id='word_1_234' title='bbox 2509 1725 2660 1783; x_wconf 89' lang='lat' dir='ltr'><strong>illum</strong></span> <span class='ocrx_word' id='word_1_235' title='bbox 2681 1727 3085 1781; x_wconf 89' lang='lat' dir='ltr'><strong>accusationem</strong></span> <span class='ocrx_word' id='word_1_236' title='bbox 3109 1724 3438 1780; x_wconf 89' lang='lat' dir='ltr'><strong>adornastis.</strong></span> 
     </span>
    </p>
   </div>
   <div class='ocr_carea' id='block_1_36' title="bbox 185 1813 1766 1894">
    <p class='ocr_par' dir='ltr' id='par_1_36' title="bbox 185 1813 1766 1894">
     <span class='ocr_line' id='line_1_36' title="bbox 185 1813 1766 1894; baseline 0.01 -33"><span class='ocrx_word' id='word_1_237' title='bbox 185 1826 322 1880; x_wconf 90' lang='grc' dir='ltr'>της·</span> <span class='ocrx_word' id='word_1_238' title='bbox 353 1813 542 1884; x_wconf 78' lang='grc' dir='ltr'>ἐπειδὴ</span> <span class='ocrx_word' id='word_1_239' title='bbox 575 1815 670 1868; x_wconf 78' lang='grc' dir='ltr'><strong>καὶ</strong></span> <span class='ocrx_word' id='word_1_240' title='bbox 707 1817 911 1887; x_wconf 86' lang='grc' dir='ltr'>ταύτην</span> <span class='ocrx_word' id='word_1_241' title='bbox 960 1821 1078 1874; x_wconf 85' lang='grc' dir='ltr'>κατ’</span> <span class='ocrx_word' id='word_1_242' title='bbox 1105 1821 1267 1874; x_wconf 85' lang='grc' dir='ltr'>αὐτοῦ</span> <span class='ocrx_word' id='word_1_243' title='bbox 1308 1823 1406 1893; x_wconf 75' lang='grc' dir='ltr'>τὴν</span> <span class='ocrx_word' id='word_1_244' title='bbox 1436 1823 1766 1894; x_wconf 83' lang='grc' dir='ltr'>κατηγορίαν</span> 
     </span>
    </p>
   </div>
   <div class='ocr_carea' id='block_1_37' title="bbox 186 1901 1768 1984">
    <p class='ocr_par' dir='ltr' id='par_1_37' title="bbox 186 1901 1768 1984">
     <span class='ocr_line' id='line_1_37' title="bbox 186 1901 1768 1984; baseline 0.01 -32"><span class='ocrx_word' id='word_1_245' title='bbox 186 1901 540 1969; x_wconf 75' lang='grc' dir='ltr'>ἡσπάσασθε.</span> <span class='ocrx_word' id='word_1_246' title='bbox 587 1908 696 1960; x_wconf 82' lang='grc' dir='ltr'>Καὶ</span> <span class='ocrx_word' id='word_1_247' title='bbox 721 1908 893 1972; x_wconf 76' lang='grc' dir='ltr'>οὔτως</span> <span class='ocrx_word' id='word_1_248' title='bbox 925 1911 982 1963; x_wconf 89' lang='grc' dir='ltr'><strong>δὲ</strong></span> <span class='ocrx_word' id='word_1_249' title='bbox 1023 1912 1286 1966; x_wconf 87' lang='grc' dir='ltr'>Ἰουδαίων</span> <span class='ocrx_word' id='word_1_250' title='bbox 1329 1915 1402 1984; x_wconf 80' lang='grc' dir='ltr'>μὴ</span> <span class='ocrx_word' id='word_1_251' title='bbox 1455 1913 1768 1984; x_wconf 85' lang='grc' dir='ltr'>συντιθεμέ-</span> 
     </span>
    </p>
   </div>
   <div class='ocr_carea' id='block_1_38' title="bbox 185 1996 1765 2079">
    <p class='ocr_par' dir='ltr' id='par_1_38' title="bbox 185 1996 1765 2079">
     <span class='ocr_line' id='line_1_38' title="bbox 185 1996 1765 2079; baseline 0.009 -33"><span class='ocrx_word' id='word_1_252' title='bbox 185 2010 321 2056; x_wconf 88' lang='grc' dir='ltr'>νων,</span> <span class='ocrx_word' id='word_1_253' title='bbox 351 1996 467 2048; x_wconf 83' lang='grc' dir='ltr'>ἀλλ’</span> <span class='ocrx_word' id='word_1_254' title='bbox 510 1998 700 2070; x_wconf 78' lang='grc' dir='ltr'>ἐχθρὸν</span> <span class='ocrx_word' id='word_1_255' title='bbox 746 2001 840 2054; x_wconf 90' lang='grc' dir='ltr'><strong>τοῦ</strong></span> <span class='ocrx_word' id='word_1_256' title='bbox 885 2003 1161 2075; x_wconf 85' lang='grc' dir='ltr'>Καίσαρος</span> <span class='ocrx_word' id='word_1_257' title='bbox 1182 2005 1272 2058; x_wconf 82' lang='grc' dir='ltr'><strong>τὸν</strong></span> <span class='ocrx_word' id='word_1_258' title='bbox 1317 2006 1544 2060; x_wconf 83' lang='grc' dir='ltr'>Πιλᾶτον</span> <span class='ocrx_word' id='word_1_259' title='bbox 1595 2025 1765 2079; x_wconf 87' lang='grc' dir='ltr'>φημι-</span> 
     </span>
    </p>
   </div>
   <div class='ocr_carea' id='block_1_39' title="bbox 187 2081 1764 2170">
    <p class='ocr_par' dir='ltr' id='par_1_39' title="bbox 187 2081 1764 2170">
     <span class='ocr_line' id='line_1_39' title="bbox 187 2081 1764 2170; baseline 0.011 -35"><span class='ocrx_word' id='word_1_260' title='bbox 187 2081 419 2152; x_wconf 81' lang='grc' dir='ltr'>ζόντων,</span> <span class='ocrx_word' id='word_1_261' title='bbox 451 2087 644 2152; x_wconf 80' lang='grc' dir='ltr'>οἵτινες</span> <span class='ocrx_word' id='word_1_262' title='bbox 677 2091 817 2144; x_wconf 85' lang='grc' dir='ltr'>κατὰ</span> <span class='ocrx_word' id='word_1_263' title='bbox 862 2093 1150 2164; x_wconf 84' lang='grc' dir='ltr'>πρόσωπον</span> <span class='ocrx_word' id='word_1_264' title='bbox 1189 2095 1373 2164; x_wconf 79' lang='grc' dir='ltr'>ἔλεγον</span> <span class='ocrx_word' id='word_1_265' title='bbox 1415 2096 1493 2168; x_wconf 85' lang='grc' dir='ltr'>τῷ</span> <span class='ocrx_word' id='word_1_266' title='bbox 1528 2098 1764 2170; x_wconf 83' lang='grc' dir='ltr'>Πιλάτῳ,</span> 
     </span>
    </p>
   </div>
   <div class='ocr_carea' id='block_1_40' title="bbox 187 2177 1766 2258">
    <p class='ocr_par' dir='ltr' id='par_1_40' title="bbox 187 2177 1766 2258">
     <span class='ocr_line' id='line_1_40' title="bbox 187 2177 1766 2258; baseline 0.009 -32"><span class='ocrx_word' id='word_1_267' title='bbox 187 2177 584 2248; x_wconf 82' lang='grc' dir='ltr'>συνηγοροῦντι</span> <span class='ocrx_word' id='word_1_268' title='bbox 617 2179 693 2250; x_wconf 76' lang='grc' dir='ltr'>τῷ</span> <span class='ocrx_word' id='word_1_269' title='bbox 727 2183 975 2254; x_wconf 65' lang='grc' dir='ltr'>Χριστῷε</span> <span class='ocrx_word' id='word_1_270' title='bbox 1019 2203 1038 2235; x_wconf 86' lang='grc'><em>‹</em></span> <span class='ocrx_word' id='word_1_271' title='bbox 1062 2186 1176 2239; x_wconf 90' lang='grc' dir='ltr'><strong>Οὐκ</strong></span> <span class='ocrx_word' id='word_1_272' title='bbox 1227 2181 1276 2239; x_wconf 75' lang='grc' dir='ltr'>εἴ</span> <span class='ocrx_word' id='word_1_273' title='bbox 1310 2187 1459 2258; x_wconf 80' lang='grc' dir='ltr'>φίλος</span> <span class='ocrx_word' id='word_1_274' title='bbox 1496 2189 1590 2242; x_wconf 90' lang='grc' dir='ltr'><strong>τοῦ</strong></span> <span class='ocrx_word' id='word_1_275' title='bbox 1630 2190 1766 2243; x_wconf 86' lang='grc' dir='ltr'>Καί-</span> 
     </span>
    </p>
   </div>
   <div class='ocr_carea' id='block_1_41' title="bbox 187 2271 1768 2350">
    <p class='ocr_par' dir='ltr' id='par_1_41' title="bbox 187 2271 1768 2350">
     <span class='ocr_line' id='line_1_41' title="bbox 187 2271 1768 2350; baseline 0.011 -32"><span class='ocrx_word' id='word_1_276' title='bbox 187 2283 380 2336; x_wconf 77' lang='grc' dir='ltr'>σαρος,</span> <span class='ocrx_word' id='word_1_277' title='bbox 409 2288 428 2320; x_wconf 74' lang='grc' dir='ltr'><strong>ι</strong></span> <span class='ocrx_word' id='word_1_278' title='bbox 458 2271 646 2343; x_wconf 80' lang='grc' dir='ltr'>ἐπειδὴ</span> <span class='ocrx_word' id='word_1_279' title='bbox 683 2273 773 2328; x_wconf 86' lang='grc' dir='ltr'><strong>τὸν</strong></span> <span class='ocrx_word' id='word_1_280' title='bbox 807 2274 1029 2344; x_wconf 83' lang='grc' dir='ltr'>λέγοντα</span> <span class='ocrx_word' id='word_1_281' title='bbox 1061 2279 1249 2333; x_wconf 81' lang='grc' dir='ltr'>ἑαυτὸν</span> <span class='ocrx_word' id='word_1_282' title='bbox 1278 2279 1498 2350; x_wconf 79' lang='grc' dir='ltr'>βασιλέα</span> <span class='ocrx_word' id='word_1_283' title='bbox 1545 2280 1768 2346; x_wconf 83' lang='grc' dir='ltr'>ζωοποι-</span> 
     </span>
    </p>
   </div>
   <div class='ocr_carea' id='block_1_42' title="bbox 185 2360 1765 2444">
    <p class='ocr_par' dir='ltr' id='par_1_42' title="bbox 185 2360 1765 2444">
     <span class='ocr_line' id='line_1_42' title="bbox 185 2360 1765 2444; baseline 0.01 -33"><span class='ocrx_word' id='word_1_284' title='bbox 185 2360 368 2413; x_wconf 85' lang='grc' dir='ltr'>εἰσθαι</span> <span class='ocrx_word' id='word_1_285' title='bbox 399 2360 593 2424; x_wconf 83' lang='grc' dir='ltr'>θέλεις.</span> <span class='ocrx_word' id='word_1_286' title='bbox 630 2365 737 2417; x_wconf 76' lang='lat' dir='ltr'><strong>Kal.</strong></span> <span class='ocrx_word' id='word_1_287' title='bbox 776 2367 948 2430; x_wconf 72' lang='grc' dir='ltr'>οὕτως</span> <span class='ocrx_word' id='word_1_288' title='bbox 976 2369 1083 2438; x_wconf 85' lang='grc'>(78)</span> <span class='ocrx_word' id='word_1_289' title='bbox 1111 2373 1140 2423; x_wconf 92' lang='lat'><strong>6</strong></span> <span class='ocrx_word' id='word_1_290' title='bbox 1171 2371 1400 2436; x_wconf 83' lang='grc' dir='ltr'>Πιλᾶτος</span> <span class='ocrx_word' id='word_1_291' title='bbox 1433 2373 1493 2425; x_wconf 92' lang='grc' dir='ltr'><strong>οὐ</strong></span> <span class='ocrx_word' id='word_1_292' title='bbox 1530 2374 1765 2444; x_wconf 87' lang='grc' dir='ltr'>συνεχώ-</span> 
     </span>
    </p>
   </div>
   <div class='ocr_carea' id='block_1_43' title="bbox 188 2451 1768 2532">
    <p class='ocr_par' dir='ltr' id='par_1_43' title="bbox 188 2451 1768 2532">
     <span class='ocr_line' id='line_1_43' title="bbox 188 2451 1768 2532; baseline 0.012 -33"><span class='ocrx_word' id='word_1_293' title='bbox 188 2464 326 2519; x_wconf 88' lang='grc' dir='ltr'>ρησε</span> <span class='ocrx_word' id='word_1_294' title='bbox 353 2453 466 2515; x_wconf 86' lang='grc' dir='ltr'>τοῖς</span> <span class='ocrx_word' id='word_1_295' title='bbox 499 2451 766 2518; x_wconf 83' lang='grc' dir='ltr'>Ἰουδαίοις</span> <span class='ocrx_word' id='word_1_296' title='bbox 791 2459 856 2526; x_wconf 83' lang='grc' dir='ltr'>τῇ</span> <span class='ocrx_word' id='word_1_297' title='bbox 886 2459 1062 2530; x_wconf 75' lang='grc' dir='ltr'>οἰκείᾳ</span> <span class='ocrx_word' id='word_1_298' title='bbox 1093 2458 1288 2532; x_wconf 79' lang='grc' dir='ltr'>γνώμῃ</span> <span class='ocrx_word' id='word_1_299' title='bbox 1314 2464 1420 2515; x_wconf 89' lang='grc' dir='ltr'><strong>πᾶν</strong></span> <span class='ocrx_word' id='word_1_300' title='bbox 1453 2463 1633 2517; x_wconf 81' lang='grc' dir='ltr'>ὁτιοῦν</span> <span class='ocrx_word' id='word_1_301' title='bbox 1655 2464 1768 2518; x_wconf 89' lang='grc' dir='ltr'>δια-</span> 
     </span>
    </p>
   </div>
   <div class='ocr_carea' id='block_1_44' title="bbox 186 2543 1765 2625">
    <p class='ocr_par' dir='ltr' id='par_1_44' title="bbox 186 2543 1765 2625">
     <span class='ocr_line' id='line_1_44' title="bbox 186 2543 1765 2625; baseline 0.01 -32"><span class='ocrx_word' id='word_1_302' title='bbox 186 2543 526 2613; x_wconf 77' lang='grc' dir='ltr'>πράξασθαι.</span> <span class='ocrx_word' id='word_1_303' title='bbox 561 2547 624 2598; x_wconf 85' lang='grc' dir='ltr'><strong>Εἰ</strong></span> <span class='ocrx_word' id='word_1_304' title='bbox 659 2549 880 2620; x_wconf 83' lang='grc' dir='ltr'>γὰρᾶν</span> <span class='ocrx_word' id='word_1_305' title='bbox 925 2551 1266 2625; x_wconf 86' lang='grc' dir='ltr'>συνεχώρησε</span> <span class='ocrx_word' id='word_1_306' title='bbox 1310 2557 1422 2618; x_wconf 83' lang='grc' dir='ltr'>τοῖς</span> <span class='ocrx_word' id='word_1_307' title='bbox 1477 2556 1765 2621; x_wconf 89' lang='grc' dir='ltr'>Ἰουδαίοις,</span> 
     </span>
    </p>
   </div>
   <div class='ocr_carea' id='block_1_45' title="bbox 184 2633 1768 2718">
    <p class='ocr_par' dir='ltr' id='par_1_45' title="bbox 184 2633 1768 2718">
     <span class='ocr_line' id='line_1_45' title="bbox 184 2633 1768 2718; baseline 0.009 -35"><span class='ocrx_word' id='word_1_308' title='bbox 184 2633 236 2684; x_wconf 92' lang='grc' dir='ltr'>οἱ</span> <span class='ocrx_word' id='word_1_309' title='bbox 275 2633 522 2687; x_wconf 83' lang='grc' dir='ltr'>Ἰουδαῖοι</span> <span class='ocrx_word' id='word_1_310' title='bbox 554 2635 718 2700; x_wconf 87' lang='grc' dir='ltr'>λίθοις</span> <span class='ocrx_word' id='word_1_311' title='bbox 753 2639 844 2692; x_wconf 86' lang='grc' dir='ltr'><strong>τὸν</strong></span> <span class='ocrx_word' id='word_1_312' title='bbox 875 2640 1077 2711; x_wconf 82' lang='grc' dir='ltr'>Κύριον</span> <span class='ocrx_word' id='word_1_313' title='bbox 1101 2641 1446 2697; x_wconf 76' lang='grc' dir='ltr'>ἐθανάτωσαν</span> <span class='ocrx_word' id='word_1_314' title='bbox 1467 2685 1478 2707; x_wconf 95' lang='grc'><strong>,</strong></span> <span class='ocrx_word' id='word_1_315' title='bbox 1507 2647 1540 2716; x_wconf 85' lang='grc' dir='ltr'>ἢ</span> <span class='ocrx_word' id='word_1_316' title='bbox 1575 2646 1768 2718; x_wconf 84' lang='grc' dir='ltr'>ξυλίνῳ</span> 
     </span>
    </p>
   </div>
   <div class='ocr_carea' id='block_1_46' title="bbox 95 2723 1770 2808">
    <p class='ocr_par' dir='ltr' id='par_1_46' title="bbox 95 2723 1770 2808">
     <span class='ocr_line' id='line_1_46' title="bbox 95 2723 1770 2808; baseline 0.013 -38"><span class='ocrx_word' id='word_1_317' title='bbox 95 2763 102 2770; x_wconf 90' lang='grc'><strong><em>.</em></strong></span> <span class='ocrx_word' id='word_1_318' title='bbox 185 2723 374 2792; x_wconf 84' lang='grc' dir='ltr'>πρίονι</span> <span class='ocrx_word' id='word_1_319' title='bbox 409 2727 764 2798; x_wconf 83' lang='grc' dir='ltr'>κατέπρισαν.</span> <span class='ocrx_word' id='word_1_320' title='bbox 818 2729 1019 2784; x_wconf 80' lang='grc' dir='ltr'>Τούτου</span> <span class='ocrx_word' id='word_1_321' title='bbox 1051 2732 1108 2785; x_wconf 83' lang='grc' dir='ltr'>δὲ</span> <span class='ocrx_word' id='word_1_322' title='bbox 1162 2736 1556 2805; x_wconf 78' lang='grc' dir='ltr'>πραττομένου,</span> <span class='ocrx_word' id='word_1_323' title='bbox 1607 2741 1770 2808; x_wconf 83' lang='grc' dir='ltr'>ἡμεῖς</span> 
     </span>
    </p>
   </div>
   <div class='ocr_carea' id='block_1_47' title="bbox 183 2815 1770 2898">
    <p class='ocr_par' dir='ltr' id='par_1_47' title="bbox 183 2815 1770 2898">
     <span class='ocr_line' id='line_1_47' title="bbox 183 2815 1770 2898; baseline 0.029 -33"><span class='ocrx_word' id='word_1_324' title='bbox 183 2815 280 2866; x_wconf 78' lang='grc' dir='ltr'><strong>τὸν</strong></span> <span class='ocrx_word' id='word_1_325' title='bbox 327 2817 560 2889; x_wconf 81' lang='grc' dir='ltr'>σταυρὸν</span> <span class='ocrx_word' id='word_1_326' title='bbox 604 2821 1003 2892; x_wconf 72' lang='grc' dir='ltr'>ἐζημιυύμεθα·</span> <span class='ocrx_word' id='word_1_327' title='bbox 1041 2825 1228 2896; x_wconf 72' lang='grc' dir='ltr'>ἐπειδὴ</span> <span class='ocrx_word' id='word_1_328' title='bbox 1260 2824 1544 2897; x_wconf 83' lang='grc' dir='ltr'><strong>Ῥωμαίων</strong></span> <span class='ocrx_word' id='word_1_329' title='bbox 1583 2830 1770 2898; x_wconf 69' lang='grc' dir='ltr'>κριτή-</span> 
     </span>
    </p>
   </div>
   <div class='ocr_carea' id='block_1_48' title="bbox 189 2909 1767 2984">
    <p class='ocr_par' dir='ltr' id='par_1_48' title="bbox 189 2909 1767 2984">
     <span class='ocr_line' id='line_1_48' title="bbox 189 2909 1767 2984; baseline 0.01 -25"><span class='ocrx_word' id='word_1_330' title='bbox 189 2924 309 2976; x_wconf 83' lang='grc' dir='ltr'>ριον</span> <span class='ocrx_word' id='word_1_331' title='bbox 335 2909 396 2962; x_wconf 81' lang='grc' dir='ltr'>τὸ</span> <span class='ocrx_word' id='word_1_332' title='bbox 439 2910 532 2963; x_wconf 86' lang='grc' dir='ltr'><strong>τοῦ</strong></span> <span class='ocrx_word' id='word_1_333' title='bbox 569 2913 804 2984; x_wconf 87' lang='grc' dir='ltr'>σταυροῦ</span> <span class='ocrx_word' id='word_1_334' title='bbox 845 2913 1020 2980; x_wconf 80' lang='grc' dir='ltr'>ξύλον.</span> <span class='ocrx_word' id='word_1_335' title='bbox 1054 2917 1144 2971; x_wconf 77' lang='grc' dir='ltr'>Διὸ</span> <span class='ocrx_word' id='word_1_336' title='bbox 1183 2919 1276 2971; x_wconf 74' lang='grc' dir='ltr'>καὶ</span> <span class='ocrx_word' id='word_1_337' title='bbox 1325 2919 1354 2970; x_wconf 86' lang='grc' dir='ltr'>ὁ</span> <span class='ocrx_word' id='word_1_338' title='bbox 1392 2919 1620 2984; x_wconf 81' lang='grc' dir='ltr'>Πιλᾶτος</span> <span class='ocrx_word' id='word_1_339' title='bbox 1668 2922 1767 2974; x_wconf 82' lang='grc' dir='ltr'>ἐπ-</span> 
     </span>
    </p>
   </div>
   <div class='ocr_carea' id='block_1_49' title="bbox 185 2998 1763 3082">
    <p class='ocr_par' dir='ltr' id='par_1_49' title="bbox 185 2998 1763 3082">
     <span class='ocr_line' id='line_1_49' title="bbox 185 2998 1763 3082; baseline 0.008 -30"><span class='ocrx_word' id='word_1_340' title='bbox 185 2998 381 3070; x_wconf 82' lang='grc' dir='ltr'>ηρώτα</span> <span class='ocrx_word' id='word_1_341' title='bbox 411 3003 539 3066; x_wconf 84' lang='grc' dir='ltr'><strong>τούς</strong></span> <span class='ocrx_word' id='word_1_342' title='bbox 567 3003 854 3069; x_wconf 87' lang='grc' dir='ltr'>Ἰουδαίους</span> <span class='ocrx_word' id='word_1_343' title='bbox 873 3023 886 3035; x_wconf 90' lang='grc'><strong>·</strong></span> <span class='ocrx_word' id='word_1_344' title='bbox 921 3024 940 3057; x_wconf 75' lang='grc' dir='ltr'><strong>ι</strong></span> <span class='ocrx_word' id='word_1_345' title='bbox 972 3007 1036 3059; x_wconf 88' lang='grc' dir='ltr'><strong>Τί</strong></span> <span class='ocrx_word' id='word_1_346' title='bbox 1067 3006 1246 3061; x_wconf 86' lang='grc' dir='ltr'>θέλετε</span> <span class='ocrx_word' id='word_1_347' title='bbox 1277 3011 1488 3080; x_wconf 88' lang='grc' dir='ltr'>ποιήσω</span> <span class='ocrx_word' id='word_1_348' title='bbox 1538 3011 1763 3082; x_wconf 82' lang='grc' dir='ltr'>Ἰησοῦν,</span> 
     </span>
    </p>
   </div>
   <div class='ocr_carea' id='block_1_50' title="bbox 184 3075 1838 3172">
    <p class='ocr_par' dir='ltr' id='par_1_50' title="bbox 184 3075 1838 3172">
     <span class='ocr_line' id='line_1_50' title="bbox 184 3075 1838 3172; baseline 0.007 -27"><span class='ocrx_word' id='word_1_349' title='bbox 184 3096 278 3146; x_wconf 55' lang='grc' dir='ltr'><strong>τὶν</strong></span> <span class='ocrx_word' id='word_1_350' title='bbox 323 3093 615 3165; x_wconf 82' lang='grc' dir='ltr'>λεγόμενον</span> <span class='ocrx_word' id='word_1_351' title='bbox 662 3097 894 3169; x_wconf 89' lang='grc' dir='ltr'>Χριστόν</span> <span class='ocrx_word' id='word_1_352' title='bbox 923 3099 1064 3169; x_wconf 84' lang='grc'>(79);</span> <span class='ocrx_word' id='word_1_353' title='bbox 1097 3119 1115 3150; x_wconf 69' lang='grc' dir='ltr'><strong>ι</strong></span> <span class='ocrx_word' id='word_1_354' title='bbox 1155 3101 1217 3152; x_wconf 87' lang='grc' dir='ltr'>Οί</span> <span class='ocrx_word' id='word_1_355' title='bbox 1261 3100 1337 3164; x_wconf 84' lang='grc' dir='ltr'><strong>δὲ,</strong></span> <span class='ocrx_word' id='word_1_356' title='bbox 1369 3075 1434 3172; x_wconf 79' lang='grc' dir='ltr'>τῇ</span> <span class='ocrx_word' id='word_1_357' title='bbox 1482 3075 1765 3172; x_wconf 75' lang='grc' dir='ltr'>Ῥωμαίων</span> <span class='ocrx_word' id='word_1_358' title='bbox 1794 3075 1838 3136; x_wconf 77' lang='lat' dir='ltr'>c</span> 
     </span>
    </p>
   </div>
   <div class='ocr_carea' id='block_1_51' title="bbox 186 3189 1767 3264">
    <p class='ocr_par' dir='ltr' id='par_1_51' title="bbox 186 3189 1767 3264">
     <span class='ocr_line' id='line_1_51' title="bbox 186 3189 1767 3264; baseline 0.003 -21"><span class='ocrx_word' id='word_1_359' title='bbox 186 3189 415 3260; x_wconf 65' lang='grc' dir='ltr'>παιδεία</span> <span class='ocrx_word' id='word_1_360' title='bbox 449 3189 798 3260; x_wconf 76' lang='grc' dir='ltr'>θαρροῦντες,</span> <span class='ocrx_word' id='word_1_361' title='bbox 841 3191 1107 3262; x_wconf 71' lang='grc' dir='ltr'>ἐϐόησανο</span> <span class='ocrx_word' id='word_1_362' title='bbox 1144 3212 1162 3244; x_wconf 74' lang='grc' dir='ltr'><strong>ι</strong></span> <span class='ocrx_word' id='word_1_363' title='bbox 1187 3191 1376 3264; x_wconf 75' lang='grc' dir='ltr'>Ἀρον,</span> <span class='ocrx_word' id='word_1_364' title='bbox 1419 3191 1570 3264; x_wconf 80' lang='grc' dir='ltr'>ἆρον,</span> <span class='ocrx_word' id='word_1_365' title='bbox 1605 3195 1767 3248; x_wconf 83' lang='grc' dir='ltr'>σταύ-</span> 
     </span>
    </p>
   </div>
   <div class='ocr_carea' id='block_1_52' title="bbox 189 3281 1760 3353">
    <p class='ocr_par' dir='ltr' id='par_1_52' title="bbox 189 3281 1760 3353">
     <span class='ocr_line' id='line_1_52' title="bbox 189 3281 1760 3353; baseline 0.004 -20"><span class='ocrx_word' id='word_1_366' title='bbox 189 3297 368 3353; x_wconf 84' lang='grc' dir='ltr'>ρωσον</span> <span class='ocrx_word' id='word_1_367' title='bbox 400 3281 565 3334; x_wconf 85' lang='grc' dir='ltr'>αὐτόν</span> <span class='ocrx_word' id='word_1_368' title='bbox 585 3301 598 3312; x_wconf 75' lang='grc' dir='ltr'><strong>ο</strong></span> <span class='ocrx_word' id='word_1_369' title='bbox 630 3301 648 3332; x_wconf 76' lang='grc' dir='ltr'><strong>ι</strong></span> <span class='ocrx_word' id='word_1_370' title='bbox 697 3284 792 3336; x_wconf 75' lang='grc' dir='ltr'><strong>καὶ</strong></span> <span class='ocrx_word' id='word_1_371' title='bbox 825 3283 1026 3347; x_wconf 87' lang='grc' dir='ltr'>εὐθέως</span> <span class='ocrx_word' id='word_1_372' title='bbox 1059 3287 1087 3336; x_wconf 88' lang='lat'><strong>6</strong></span> <span class='ocrx_word' id='word_1_373' title='bbox 1145 3285 1374 3350; x_wconf 81' lang='grc' dir='ltr'>Πιλᾶτος</span> <span class='ocrx_word' id='word_1_374' title='bbox 1416 3286 1729 3340; x_wconf 86' lang='grc' dir='ltr'>συνένευσεν</span> <span class='ocrx_word' id='word_1_375' title='bbox 1749 3304 1760 3316; x_wconf 89' lang='grc'><strong>·</strong></span> 
     </span>
    </p>
   </div>
   <div class='ocr_carea' id='block_1_53' title="bbox 189 3372 1144 3446">
    <p class='ocr_par' dir='ltr' id='par_1_53' title="bbox 189 3372 1144 3446">
     <span class='ocr_line' id='line_1_53' title="bbox 189 3372 1144 3446; baseline 0.002 -20"><span class='ocrx_word' id='word_1_376' title='bbox 189 3373 402 3426; x_wconf 78' lang='grc' dir='ltr'>ἄνωθεν</span> <span class='ocrx_word' id='word_1_377' title='bbox 435 3372 543 3443; x_wconf 80' lang='grc' dir='ltr'>γὰρ</span> <span class='ocrx_word' id='word_1_378' title='bbox 567 3373 830 3444; x_wconf 78' lang='grc' dir='ltr'>ἐκέκτητο</span> <span class='ocrx_word' id='word_1_379' title='bbox 859 3375 922 3428; x_wconf 82' lang='grc' dir='ltr'><strong>τὸ</strong></span> <span class='ocrx_word' id='word_1_380' title='bbox 951 3375 1144 3446; x_wconf 88' lang='grc' dir='ltr'>νεῦμα.</span> 
     </span>
    </p>
   </div>
   <div class='ocr_carea' id='block_1_54' title="bbox 259 3463 1766 3540">
    <p class='ocr_par' dir='ltr' id='par_1_54' title="bbox 259 3463 1766 3540">
     <span class='ocr_line' id='line_1_54' title="bbox 259 3463 1766 3540; baseline 0.001 -22"><span class='ocrx_word' id='word_1_381' title='bbox 259 3465 316 3520; x_wconf 87' lang='grc'><strong>5.</strong></span> <span class='ocrx_word' id='word_1_382' title='bbox 360 3465 461 3517; x_wconf 79' lang='grc' dir='ltr'><strong>Διὰ</strong></span> <span class='ocrx_word' id='word_1_383' title='bbox 487 3465 690 3536; x_wconf 80' lang='grc' dir='ltr'>ταύτην</span> <span class='ocrx_word' id='word_1_384' title='bbox 721 3463 938 3540; x_wconf 9' lang='grc' dir='ltr'>οῦνὶτὴν</span> <span class='ocrx_word' id='word_1_385' title='bbox 978 3466 1226 3532; x_wconf 74' lang='grc' dir='ltr'>εὐταξίαν</span> <span class='ocrx_word' id='word_1_386' title='bbox 1264 3469 1297 3538; x_wconf 79' lang='grc' dir='ltr'><strong>ἡ</strong></span> <span class='ocrx_word' id='word_1_387' title='bbox 1327 3469 1417 3521; x_wconf 70' lang='grc' dir='ltr'><strong>ἐπὶ</strong></span> <span class='ocrx_word' id='word_1_388' title='bbox 1460 3468 1766 3536; x_wconf 75' lang='grc' dir='ltr'>Αὐγούστου</span> 
     </span>
    </p>
   </div>
   <div class='ocr_carea' id='block_1_55' title="bbox 185 3558 1769 3634">
    <p class='ocr_par' dir='ltr' id='par_1_55' title="bbox 185 3558 1769 3634">
     <span class='ocr_line' id='line_1_55' title="bbox 185 3558 1769 3634; baseline 0.001 -22"><span class='ocrx_word' id='word_1_389' title='bbox 185 3560 472 3630; x_wconf 81' lang='grc' dir='ltr'>Καίσαρος</span> <span class='ocrx_word' id='word_1_390' title='bbox 500 3558 690 3630; x_wconf 84' lang='grc' dir='ltr'>πρώτη</span> <span class='ocrx_word' id='word_1_391' title='bbox 721 3561 1013 3632; x_wconf 82' lang='grc' dir='ltr'>ἀπογραφὴ</span> <span class='ocrx_word' id='word_1_392' title='bbox 1039 3561 1438 3632; x_wconf 84' lang='grc' dir='ltr'>ὲνομοθετείτο·</span> <span class='ocrx_word' id='word_1_393' title='bbox 1473 3565 1521 3614; x_wconf 82' lang='grc' dir='ltr'><strong>εί</strong></span> <span class='ocrx_word' id='word_1_394' title='bbox 1553 3564 1627 3632; x_wconf 81' lang='grc' dir='ltr'>μὴ</span> <span class='ocrx_word' id='word_1_395' title='bbox 1660 3563 1769 3634; x_wconf 76' lang='grc' dir='ltr'>γὰρ</span> 
     </span>
    </p>
   </div>
   <div class='ocr_carea' id='block_1_56' title="bbox 187 3651 1768 3723">
    <p class='ocr_par' dir='ltr' id='par_1_56' title="bbox 187 3651 1768 3723">
     <span class='ocr_line' id='line_1_56' title="bbox 187 3651 1768 3723; baseline 0.001 -19"><span class='ocrx_word' id='word_1_396' title='bbox 187 3651 665 3722; x_wconf 85' lang='grc' dir='ltr'>προενομοθετήθη</span> <span class='ocrx_word' id='word_1_397' title='bbox 704 3653 736 3722; x_wconf 84' lang='grc' dir='ltr'>ἠ</span> <span class='ocrx_word' id='word_1_398' title='bbox 781 3652 1075 3722; x_wconf 82' lang='grc' dir='ltr'>ἀπογραφὴ</span> <span class='ocrx_word' id='word_1_399' title='bbox 1117 3653 1279 3723; x_wconf 82' lang='grc' dir='ltr'>αὐτη,</span> <span class='ocrx_word' id='word_1_400' title='bbox 1324 3655 1424 3707; x_wconf 87' lang='grc' dir='ltr'><strong>οὐκ</strong></span> <span class='ocrx_word' id='word_1_401' title='bbox 1461 3653 1525 3708; x_wconf 86' lang='grc' dir='ltr'>ἂν</span> <span class='ocrx_word' id='word_1_402' title='bbox 1571 3654 1631 3706; x_wconf 85' lang='grc' dir='ltr'><strong>τὸ</strong></span> <span class='ocrx_word' id='word_1_403' title='bbox 1674 3653 1768 3707; x_wconf 84' lang='grc' dir='ltr'><strong>τοῦ</strong></span> 
     </span>
    </p>
   </div>
   <div class='ocr_carea' id='block_1_57' title="bbox 185 3743 1768 3818">
    <p class='ocr_par' dir='ltr' id='par_1_57' title="bbox 185 3743 1768 3818">
     <span class='ocr_line' id='line_1_57' title="bbox 185 3743 1768 3818; baseline 0.003 -24"><span class='ocrx_word' id='word_1_404' title='bbox 185 3743 400 3813; x_wconf 82' lang='grc' dir='ltr'>Κυρίου</span> <span class='ocrx_word' id='word_1_405' title='bbox 439 3743 598 3813; x_wconf 86' lang='grc' dir='ltr'>σῶμα</span> <span class='ocrx_word' id='word_1_406' title='bbox 642 3743 822 3815; x_wconf 78' lang='grc' dir='ltr'>τελείᾳ</span> <span class='ocrx_word' id='word_1_407' title='bbox 860 3747 1004 3815; x_wconf 82' lang='grc' dir='ltr'>ταφῇ</span> <span class='ocrx_word' id='word_1_408' title='bbox 1053 3745 1358 3817; x_wconf 74' lang='grc' dir='ltr'>παρεδόθηο</span> <span class='ocrx_word' id='word_1_409' title='bbox 1401 3745 1620 3816; x_wconf 76' lang='grc' dir='ltr'>ἔμελλον</span> <span class='ocrx_word' id='word_1_410' title='bbox 1663 3746 1768 3818; x_wconf 78' lang='grc' dir='ltr'><strong>γὰρ</strong></span> 
     </span>
    </p>
   </div>
   <div class='ocr_carea' id='block_1_58' title="bbox 184 3832 1770 3909">
    <p class='ocr_par' dir='ltr' id='par_1_58' title="bbox 184 3832 1770 3909">
     <span class='ocr_line' id='line_1_58' title="bbox 184 3832 1770 3909; baseline 0.003 -24"><span class='ocrx_word' id='word_1_411' title='bbox 184 3833 382 3895; x_wconf 83' lang='grc' dir='ltr'>παῖδες</span> <span class='ocrx_word' id='word_1_412' title='bbox 422 3832 688 3886; x_wconf 86' lang='grc' dir='ltr'>Ἰουδαίων</span> <span class='ocrx_word' id='word_1_413' title='bbox 721 3835 784 3904; x_wconf 82' lang='grc' dir='ltr'>τῇ</span> <span class='ocrx_word' id='word_1_414' title='bbox 814 3834 1228 3908; x_wconf 80' lang='grc' dir='ltr'>ὑπερϐαλλούσῃ</span> <span class='ocrx_word' id='word_1_415' title='bbox 1257 3837 1422 3908; x_wconf 82' lang='grc' dir='ltr'>μανίᾳ</span> <span class='ocrx_word' id='word_1_416' title='bbox 1448 3837 1481 3908; x_wconf 82' lang='grc' dir='ltr'>ἢ</span> <span class='ocrx_word' id='word_1_417' title='bbox 1512 3838 1643 3909; x_wconf 64' lang='grc' dir='ltr'><strong>πυρλ⁹</strong></span> <span class='ocrx_word' id='word_1_418' title='bbox 1668 3854 1770 3890; x_wconf 89' lang='grc' dir='ltr'>πα-</span> 
     </span>
    </p>
   </div>
   <div class='ocr_carea' id='block_1_59' title="bbox 185 3923 1771 4002">
    <p class='ocr_par' dir='ltr' id='par_1_59' title="bbox 185 3923 1771 4002">
     <span class='ocr_line' id='line_1_59' title="bbox 185 3923 1771 4002; baseline 0.006 -28"><span class='ocrx_word' id='word_1_419' title='bbox 185 3923 446 3995; x_wconf 82' lang='grc' dir='ltr'>ραδοῦναι</span> <span class='ocrx_word' id='word_1_420' title='bbox 473 3923 535 3975; x_wconf 83' lang='grc' dir='ltr'><strong>τὸ</strong></span> <span class='ocrx_word' id='word_1_421' title='bbox 561 3923 655 3976; x_wconf 90' lang='grc' dir='ltr'><strong>τοῦ</strong></span> <span class='ocrx_word' id='word_1_422' title='bbox 690 3925 894 3996; x_wconf 84' lang='grc' dir='ltr'>Κυρίου</span> <span class='ocrx_word' id='word_1_423' title='bbox 927 3926 1106 3996; x_wconf 82' lang='grc' dir='ltr'>σῶμα,</span> <span class='ocrx_word' id='word_1_424' title='bbox 1143 3927 1176 3998; x_wconf 83' lang='grc' dir='ltr'>ἦ</span> <span class='ocrx_word' id='word_1_425' title='bbox 1218 3928 1461 4002; x_wconf 78' lang='grc' dir='ltr'>θαλάσσῃ</span> <span class='ocrx_word' id='word_1_426' title='bbox 1499 3947 1771 3984; x_wconf 75' lang='grc' dir='ltr'>καταπονο</span> 
     </span>
    </p>
   </div>
   <div class='ocr_carea' id='block_1_60' title="bbox 181 4014 1768 4094">
    <p class='ocr_par' dir='ltr' id='par_1_60' title="bbox 181 4014 1768 4094">
     <span class='ocr_line' id='line_1_60' title="bbox 181 4014 1768 4094; baseline 0.005 -26"><span class='ocrx_word' id='word_1_427' title='bbox 181 4014 378 4078; x_wconf 78' lang='grc' dir='ltr'>τίζειν.</span> <span class='ocrx_word' id='word_1_428' title='bbox 407 4016 468 4068; x_wconf 85' lang='grc' dir='ltr'><strong>Εἰ</strong></span> <span class='ocrx_word' id='word_1_429' title='bbox 502 4015 610 4086; x_wconf 75' lang='grc' dir='ltr'>γὰρ</span> <span class='ocrx_word' id='word_1_430' title='bbox 631 4016 722 4068; x_wconf 87' lang='grc' dir='ltr'><strong>τὸν</strong></span> <span class='ocrx_word' id='word_1_431' title='bbox 759 4018 908 4086; x_wconf 82' lang='grc' dir='ltr'>φίλον</span> <span class='ocrx_word' id='word_1_432' title='bbox 947 4021 1214 4092; x_wconf 87' lang='grc' dir='ltr'>Ἰερεμίαν</span> <span class='ocrx_word' id='word_1_433' title='bbox 1243 4022 1322 4084; x_wconf 86' lang='grc' dir='ltr'>εἰς</span> <span class='ocrx_word' id='word_1_434' title='bbox 1347 4021 1551 4075; x_wconf 83' lang='grc' dir='ltr'>λάκκον</span> <span class='ocrx_word' id='word_1_435' title='bbox 1579 4022 1768 4094; x_wconf 74' lang='grc' dir='ltr'><strong>βορϐό-</strong></span> 
     </span>
    </p>
   </div>
   <div class='ocr_carea' id='block_1_61' title="bbox 185 4108 1769 4187">
    <p class='ocr_par' dir='ltr' id='par_1_61' title="bbox 185 4108 1769 4187">
     <span class='ocr_line' id='line_1_61' title="bbox 185 4108 1769 4187; baseline 0.006 -28"><span class='ocrx_word' id='word_1_436' title='bbox 185 4125 285 4179; x_wconf 74' lang='grc' dir='ltr'><strong>ρου</strong></span> <span class='ocrx_word' id='word_1_437' title='bbox 321 4109 634 4177; x_wconf 81' lang='grc' dir='ltr'>κατήγαγον</span> <span class='ocrx_word' id='word_1_438' title='bbox 678 4108 820 4180; x_wconf 86' lang='grc'>(80)·</span> <span class='ocrx_word' id='word_1_439' title='bbox 864 4111 917 4163; x_wconf 89' lang='grc' dir='ltr'><strong>τί</strong></span> <span class='ocrx_word' id='word_1_440' title='bbox 958 4110 1179 4181; x_wconf 79' lang='grc' dir='ltr'>ἔμελλον</span> <span class='ocrx_word' id='word_1_441' title='bbox 1217 4116 1297 4176; x_wconf 78' lang='grc' dir='ltr'>εἰς</span> <span class='ocrx_word' id='word_1_442' title='bbox 1338 4114 1398 4168; x_wconf 86' lang='grc' dir='ltr'><strong>τὸ</strong></span> <span class='ocrx_word' id='word_1_443' title='bbox 1427 4114 1520 4168; x_wconf 90' lang='grc' dir='ltr'><strong>τοῦ</strong></span> <span class='ocrx_word' id='word_1_444' title='bbox 1565 4117 1769 4187; x_wconf 86' lang='grc' dir='ltr'>Κυρίου</span> 
     </span>
    </p>
   </div>
   <div class='ocr_carea' id='block_1_62' title="bbox 186 4199 1769 4276">
    <p class='ocr_par' dir='ltr' id='par_1_62' title="bbox 186 4199 1769 4276">
     <span class='ocr_line' id='line_1_62' title="bbox 186 4199 1769 4276; baseline 0.006 -25"><span class='ocrx_word' id='word_1_445' title='bbox 186 4199 352 4268; x_wconf 79' lang='grc' dir='ltr'>σῶμα</span> <span class='ocrx_word' id='word_1_446' title='bbox 373 4199 822 4271; x_wconf 80' lang='grc' dir='ltr'>διαπράττεσθαι,</span> <span class='ocrx_word' id='word_1_447' title='bbox 850 4205 899 4256; x_wconf 81' lang='grc' dir='ltr'>εἰ</span> <span class='ocrx_word' id='word_1_448' title='bbox 936 4204 1010 4274; x_wconf 86' lang='grc' dir='ltr'>μὴ</span> <span class='ocrx_word' id='word_1_449' title='bbox 1043 4205 1134 4258; x_wconf 85' lang='grc' dir='ltr'><strong>τὸν</strong></span> <span class='ocrx_word' id='word_1_450' title='bbox 1169 4205 1474 4276; x_wconf 83' lang='grc' dir='ltr'>Ῥωμαϊκὸν</span> <span class='ocrx_word' id='word_1_451' title='bbox 1501 4205 1664 4276; x_wconf 86' lang='grc' dir='ltr'>νόμον</span> <span class='ocrx_word' id='word_1_452' title='bbox 1690 4205 1769 4261; x_wconf 81' lang='grc' dir='ltr'>εῐ-</span> 
     </span>
    </p>
   </div>
   <div class='ocr_carea' id='block_1_63' title="bbox 184 4290 1772 4368">
    <p class='ocr_par' dir='ltr' id='par_1_63' title="bbox 184 4290 1772 4368">
     <span class='ocr_line' id='line_1_63' title="bbox 184 4290 1772 4368; baseline -0.006 -10"><span class='ocrx_word' id='word_1_453' title='bbox 184 4307 282 4359; x_wconf 77' lang='grc' dir='ltr'>χον</span> <span class='ocrx_word' id='word_1_454' title='bbox 326 4290 833 4360; x_wconf 71' lang='grc' dir='ltr'>κολαφίξοντα;Διὸ</span> <span class='ocrx_word' id='word_1_455' title='bbox 877 4294 972 4346; x_wconf 79' lang='grc' dir='ltr'>καὶ</span> <span class='ocrx_word' id='word_1_456' title='bbox 1011 4294 1120 4347; x_wconf 85' lang='grc' dir='ltr'><strong>τῶν</strong></span> <span class='ocrx_word' id='word_1_457' title='bbox 1160 4295 1428 4350; x_wconf 89' lang='grc' dir='ltr'>Ἰουδαίων</span> <span class='ocrx_word' id='word_1_458' title='bbox 1459 4296 1533 4368; x_wconf 78' lang='grc' dir='ltr'>μὴ</span> <span class='ocrx_word' id='word_1_459' title='bbox 1564 4315 1772 4368; x_wconf 85' lang='grc' dir='ltr'>συγχω-</span> 
     </span>
    </p>
   </div>
   <div class='ocr_carea' id='block_1_64' title="bbox 188 4383 1768 4460">
    <p class='ocr_par' dir='ltr' id='par_1_64' title="bbox 188 4383 1768 4460">
     <span class='ocr_line' id='line_1_64' title="bbox 188 4383 1768 4460; baseline 0.006 -28"><span class='ocrx_word' id='word_1_460' title='bbox 188 4400 284 4452; x_wconf 86' lang='grc' dir='ltr'><strong>ρου</strong></span> <span class='ocrx_word' id='word_1_461' title='bbox 294 4383 470 4452; x_wconf 81' lang='grc' dir='ltr'>μένων</span> <span class='ocrx_word' id='word_1_462' title='bbox 497 4383 646 4455; x_wconf 78' lang='grc' dir='ltr'>παρὰ</span> <span class='ocrx_word' id='word_1_463' title='bbox 679 4384 773 4436; x_wconf 84' lang='grc' dir='ltr'><strong>τοῦ</strong></span> <span class='ocrx_word' id='word_1_464' title='bbox 803 4384 1034 4438; x_wconf 87' lang='grc' dir='ltr'>Πιλάτου</span> <span class='ocrx_word' id='word_1_465' title='bbox 1063 4385 1317 4449; x_wconf 80' lang='grc' dir='ltr'>δέξασθαι</span> <span class='ocrx_word' id='word_1_466' title='bbox 1351 4385 1412 4440; x_wconf 73' lang='grc' dir='ltr'>τὸ</span> <span class='ocrx_word' id='word_1_467' title='bbox 1442 4383 1534 4440; x_wconf 85' lang='grc' dir='ltr'><strong>τοῦ</strong></span> <span class='ocrx_word' id='word_1_468' title='bbox 1564 4389 1768 4460; x_wconf 81' lang='grc' dir='ltr'>Κυρίου</span> 
     </span>
    </p>
   </div>
   <div class='ocr_carea' id='block_1_65' title="bbox 185 4474 1766 4548">
    <p class='ocr_par' dir='ltr' id='par_1_65' title="bbox 185 4474 1766 4548">
     <span class='ocr_line' id='line_1_65' title="bbox 185 4474 1766 4548; baseline 0.005 -23"><span class='ocrx_word' id='word_1_469' title='bbox 185 4474 370 4542; x_wconf 76' lang='grc' dir='ltr'>σῶμα,</span> <span class='ocrx_word' id='word_1_470' title='bbox 413 4475 609 4546; x_wconf 82' lang='grc' dir='ltr'>Ἰωσὴφ</span> <span class='ocrx_word' id='word_1_471' title='bbox 637 4477 664 4528; x_wconf 92' lang='lat'><strong>6</strong></span> <span class='ocrx_word' id='word_1_472' title='bbox 697 4475 806 4528; x_wconf 82' lang='grc' dir='ltr'>ἀπὸ</span> <span class='ocrx_word' id='word_1_473' title='bbox 845 4476 1226 4548; x_wconf 84' lang='grc' dir='ltr'>Ἀριμαθαίας,</span> <span class='ocrx_word' id='word_1_474' title='bbox 1259 4478 1410 4548; x_wconf 83' lang='grc' dir='ltr'>φίλος</span> <span class='ocrx_word' id='word_1_475' title='bbox 1433 4478 1508 4531; x_wconf 82' lang='grc' dir='ltr'><strong>ὢν</strong></span> <span class='ocrx_word' id='word_1_476' title='bbox 1537 4479 1630 4532; x_wconf 90' lang='grc' dir='ltr'><strong>τοῦ</strong></span> <span class='ocrx_word' id='word_1_477' title='bbox 1669 4481 1766 4532; x_wconf 92' lang='grc' dir='ltr'>Πι-</span> 
     </span>
    </p>
   </div>
   <div class='ocr_carea' id='block_1_66' title="bbox 1871 1814 3444 1888">
    <p class='ocr_par' dir='ltr' id='par_1_66' title="bbox 1871 1814 3444 1888">
     <span class='ocr_line' id='line_1_66' title="bbox 1871 1814 3444 1888; baseline 0.003 -20"><span class='ocrx_word' id='word_1_478' title='bbox 1871 1814 2073 1870; x_wconf 74' lang='lat' dir='ltr'><strong>Verum</strong></span> <span class='ocrx_word' id='word_1_479' title='bbox 2106 1831 2229 1871; x_wconf 92' lang='lat' dir='ltr'><strong>cum</strong></span> <span class='ocrx_word' id='word_1_480' title='bbox 2261 1832 2330 1872; x_wconf 92' lang='lat' dir='ltr'><strong>ne</strong></span> <span class='ocrx_word' id='word_1_481' title='bbox 2361 1817 2465 1872; x_wconf 87' lang='lat' dir='ltr'><strong>hac</strong></span> <span class='ocrx_word' id='word_1_482' title='bbox 2522 1819 2740 1888; x_wconf 84' lang='lat' dir='ltr'><strong>quidem</strong></span> <span class='ocrx_word' id='word_1_483' title='bbox 2789 1819 3003 1873; x_wconf 85' lang='lat' dir='ltr'><strong>ratione</strong></span> <span class='ocrx_word' id='word_1_484' title='bbox 3044 1818 3444 1874; x_wconf 87' lang='lat' dir='ltr'><strong>assentirentur</strong></span> 
     </span>
    </p>
   </div>
   <div class='ocr_carea' id='block_1_67' title="bbox 1868 1905 3444 1980">
    <p class='ocr_par' dir='ltr' id='par_1_67' title="bbox 1868 1905 3444 1980">
     <span class='ocr_line' id='line_1_67' title="bbox 1868 1905 3444 1980; baseline 0.003 -20"><span class='ocrx_word' id='word_1_485' title='bbox 1868 1905 2060 1973; x_wconf 67' lang='lat' dir='ltr'><strong>Judaei,</strong></span> <span class='ocrx_word' id='word_1_486' title='bbox 2108 1909 2202 1964; x_wconf 90' lang='lat' dir='ltr'><strong>sed</strong></span> <span class='ocrx_word' id='word_1_487' title='bbox 2227 1908 2462 1965; x_wconf 70' lang='lat' dir='ltr'><strong>Caesaris</strong></span> <span class='ocrx_word' id='word_1_488' title='bbox 2516 1910 2800 1965; x_wconf 89' lang='lat' dir='ltr'><strong>inimicum</strong></span> <span class='ocrx_word' id='word_1_489' title='bbox 2845 1909 3081 1965; x_wconf 88' lang='lat' dir='ltr'><strong>Pilatum</strong></span> <span class='ocrx_word' id='word_1_490' title='bbox 3138 1911 3444 1980; x_wconf 85' lang='lat' dir='ltr'><strong>proclama-</strong></span> 
     </span>
    </p>
   </div>
   <div class='ocr_carea' id='block_1_68' title="bbox 1871 1996 3439 2070">
    <p class='ocr_par' dir='ltr' id='par_1_68' title="bbox 1871 1996 3439 2070">
     <span class='ocr_line' id='line_1_68' title="bbox 1871 1996 3439 2070; baseline 0.002 -21"><span class='ocrx_word' id='word_1_491' title='bbox 1871 1996 2329 2068; x_wconf 89' lang='lat' dir='ltr'><strong>reut;Pilatoque</strong></span> <span class='ocrx_word' id='word_1_492' title='bbox 2367 1998 2572 2054; x_wconf 87' lang='lat' dir='ltr'><strong>Christi</strong></span> <span class='ocrx_word' id='word_1_493' title='bbox 2616 2000 2977 2070; x_wconf 90' lang='lat' dir='ltr'><strong>patrocinium</strong></span> <span class='ocrx_word' id='word_1_494' title='bbox 3027 1999 3345 2070; x_wconf 78' lang='lat' dir='ltr'><strong>suscipienti</strong></span> <span class='ocrx_word' id='word_1_495' title='bbox 3383 1999 3439 2052; x_wconf 89' lang='lat' dir='ltr'><strong>in</strong></span> 
     </span>
    </p>
   </div>
   <div class='ocr_carea' id='block_1_69' title="bbox 1871 2087 3442 2156">
    <p class='ocr_par' dir='ltr' id='par_1_69' title="bbox 1871 2087 3442 2156">
     <span class='ocr_line' id='line_1_69' title="bbox 1871 2087 3442 2156; baseline 0.003 -16"><span class='ocrx_word' id='word_1_496' title='bbox 1871 2087 2066 2144; x_wconf 80' lang='lat' dir='ltr'><strong>faciem</strong></span> <span class='ocrx_word' id='word_1_497' title='bbox 2089 2090 2332 2145; x_wconf 89' lang='lat' dir='ltr'><strong>dicerent</strong></span> <span class='ocrx_word' id='word_1_498' title='bbox 2369 2110 2382 2146; x_wconf 87' lang='lat'><strong>:</strong></span> <span class='ocrx_word' id='word_1_499' title='bbox 2419 2111 2436 2143; x_wconf 79' lang='grc' dir='ltr'><strong>ι</strong></span> <span class='ocrx_word' id='word_1_500' title='bbox 2476 2090 2594 2146; x_wconf 89' lang='lat' dir='ltr'><strong>Non</strong></span> <span class='ocrx_word' id='word_1_501' title='bbox 2613 2108 2672 2148; x_wconf 90' lang='lat' dir='ltr'><strong>es</strong></span> <span class='ocrx_word' id='word_1_502' title='bbox 2703 2092 2912 2148; x_wconf 89' lang='lat' dir='ltr'><strong>amicus</strong></span> <span class='ocrx_word' id='word_1_503' title='bbox 2943 2092 3173 2148; x_wconf 74' lang='lat' dir='ltr'><strong>Caesaris</strong></span> <span class='ocrx_word' id='word_1_504' title='bbox 3204 2092 3269 2156; x_wconf 79' lang='lat'><strong>“,</strong></span> <span class='ocrx_word' id='word_1_505' title='bbox 3317 2111 3335 2144; x_wconf 70' lang='grc' dir='ltr'><strong>ι</strong></span> <span class='ocrx_word' id='word_1_506' title='bbox 3368 2092 3442 2146; x_wconf 87' lang='lat' dir='ltr'><strong>si-</strong></span> 
     </span>
    </p>
   </div>
   <div class='ocr_carea' id='block_1_70' title="bbox 1868 2182 3444 2254">
    <p class='ocr_par' dir='ltr' id='par_1_70' title="bbox 1868 2182 3444 2254">
     <span class='ocr_line' id='line_1_70' title="bbox 1868 2182 3444 2254; baseline 0.001 -18"><span class='ocrx_word' id='word_1_507' title='bbox 1868 2182 2087 2252; x_wconf 87' lang='lat' dir='ltr'><strong>quidem</strong></span> <span class='ocrx_word' id='word_1_508' title='bbox 2126 2182 2262 2238; x_wconf 90' lang='lat' dir='ltr'><strong>velis</strong></span> <span class='ocrx_word' id='word_1_509' title='bbox 2296 2199 2420 2238; x_wconf 91' lang='lat' dir='ltr'><strong>eum</strong></span> <span class='ocrx_word' id='word_1_510' title='bbox 2445 2183 2627 2239; x_wconf 76' lang='lat' dir='ltr'><strong>vivere</strong></span> <span class='ocrx_word' id='word_1_511' title='bbox 2659 2185 2749 2254; x_wconf 92' lang='lat' dir='ltr'><strong>qui</strong></span> <span class='ocrx_word' id='word_1_512' title='bbox 2775 2200 2834 2240; x_wconf 89' lang='lat' dir='ltr'><strong>se</strong></span> <span class='ocrx_word' id='word_1_513' title='bbox 2863 2200 3044 2254; x_wconf 81' lang='lat' dir='ltr'><strong>regem</strong></span> <span class='ocrx_word' id='word_1_514' title='bbox 3080 2184 3232 2239; x_wconf 89' lang='lat' dir='ltr'><strong>dicit.</strong></span> <span class='ocrx_word' id='word_1_515' title='bbox 3272 2184 3339 2238; x_wconf 83' lang='lat' dir='ltr'><strong>At</strong></span> <span class='ocrx_word' id='word_1_516' title='bbox 3375 2199 3444 2238; x_wconf 87' lang='lat' dir='ltr'><strong>ne</strong></span> 
     </span>
    </p>
   </div>
   <div class='ocr_carea' id='block_1_71' title="bbox 1869 2271 3442 2344">
    <p class='ocr_par' dir='ltr' id='par_1_71' title="bbox 1869 2271 3442 2344">
     <span class='ocr_line' id='line_1_71' title="bbox 1869 2271 3442 2344; baseline 0.003 -17"><span class='ocrx_word' id='word_1_517' title='bbox 1869 2273 1944 2327; x_wconf 86' lang='lat' dir='ltr'><strong>ita</strong></span> <span class='ocrx_word' id='word_1_518' title='bbox 1971 2273 2191 2342; x_wconf 90' lang='lat' dir='ltr'><strong>quidem</strong></span> <span class='ocrx_word' id='word_1_519' title='bbox 2239 2271 2444 2330; x_wconf 66' lang='lat' dir='ltr'><strong>Judaais</strong></span> <span class='ocrx_word' id='word_1_520' title='bbox 2513 2276 2787 2330; x_wconf 67' lang='lat' dir='ltr'><strong>concussit</strong></span> <span class='ocrx_word' id='word_1_521' title='bbox 2845 2273 3075 2340; x_wconf 85' lang='lat' dir='ltr'><strong>Pilatus,</strong></span> <span class='ocrx_word' id='word_1_522' title='bbox 3134 2283 3193 2328; x_wconf 93' lang='lat' dir='ltr'><strong>ut</strong></span> <span class='ocrx_word' id='word_1_523' title='bbox 3225 2275 3442 2344; x_wconf 92' lang='lat' dir='ltr'><strong>quidvis</strong></span> 
     </span>
    </p>
   </div>
   <div class='ocr_carea' id='block_1_72' title="bbox 1868 2364 3443 2436">
    <p class='ocr_par' dir='ltr' id='par_1_72' title="bbox 1868 2364 3443 2436">
     <span class='ocr_line' id='line_1_72' title="bbox 1868 2364 3443 2436; baseline 0.001 -19"><span class='ocrx_word' id='word_1_524' title='bbox 1868 2366 2092 2435; x_wconf 90' lang='lat' dir='ltr'><strong>proprio</strong></span> <span class='ocrx_word' id='word_1_525' title='bbox 2128 2374 2351 2436; x_wconf 87' lang='lat' dir='ltr'><strong>agerent</strong></span> <span class='ocrx_word' id='word_1_526' title='bbox 2412 2366 2659 2420; x_wconf 84' lang='lat' dir='ltr'><strong>arbitrio.</strong></span> <span class='ocrx_word' id='word_1_527' title='bbox 2699 2364 2754 2420; x_wconf 88' lang='lat' dir='ltr'><strong>Si</strong></span> <span class='ocrx_word' id='word_1_528' title='bbox 2789 2382 3026 2436; x_wconf 89' lang='lat' dir='ltr'><strong>namque</strong></span> <span class='ocrx_word' id='word_1_529' title='bbox 3074 2367 3443 2421; x_wconf 88' lang='lat' dir='ltr'><strong>concessisset</strong></span> 
     </span>
    </p>
   </div>
   <div class='ocr_carea' id='block_1_73' title="bbox 1870 2454 3443 2527">
    <p class='ocr_par' dir='ltr' id='par_1_73' title="bbox 1870 2454 3443 2527">
     <span class='ocr_line' id='line_1_73' title="bbox 1870 2454 3443 2527; baseline 0 -18"><span class='ocrx_word' id='word_1_530' title='bbox 1870 2455 2000 2520; x_wconf 88' lang='lat' dir='ltr'><strong>illis,</strong></span> <span class='ocrx_word' id='word_1_531' title='bbox 2029 2454 2203 2510; x_wconf 65' lang='lat' dir='ltr'><strong>Judaei</strong></span> <span class='ocrx_word' id='word_1_532' title='bbox 2234 2454 2522 2512; x_wconf 90' lang='lat' dir='ltr'><strong>Dominum</strong></span> <span class='ocrx_word' id='word_1_533' title='bbox 2558 2457 2827 2527; x_wconf 87' lang='lat' dir='ltr'><strong>lapidibus</strong></span> <span class='ocrx_word' id='word_1_534' title='bbox 2885 2457 3310 2523; x_wconf 88' lang='lat' dir='ltr'><strong>interemissent,</strong></span> <span class='ocrx_word' id='word_1_535' title='bbox 3349 2463 3443 2510; x_wconf 90' lang='lat' dir='ltr'><strong>aut</strong></span> 
     </span>
    </p>
   </div>
   <div class='ocr_carea' id='block_1_74' title="bbox 1870 2547 3438 2618">
    <p class='ocr_par' dir='ltr' id='par_1_74' title="bbox 1870 2547 3438 2618">
     <span class='ocr_line' id='line_1_74' title="bbox 1870 2547 3438 2618; baseline 0 -16"><span class='ocrx_word' id='word_1_536' title='bbox 1870 2561 2020 2602; x_wconf 89' lang='lat' dir='ltr'><strong>serra</strong></span> <span class='ocrx_word' id='word_1_537' title='bbox 2052 2548 2226 2618; x_wconf 89' lang='lat' dir='ltr'><strong>lignea</strong></span> <span class='ocrx_word' id='word_1_538' title='bbox 2270 2547 2684 2604; x_wconf 88' lang='lat' dir='ltr'><strong>dissecuissent.</strong></span> <span class='ocrx_word' id='word_1_539' title='bbox 2710 2547 2864 2615; x_wconf 87' lang='lat' dir='ltr'><strong>Quod</strong></span> <span class='ocrx_word' id='word_1_540' title='bbox 2911 2550 2959 2605; x_wconf 93' lang='lat' dir='ltr'><strong>si</strong></span> <span class='ocrx_word' id='word_1_541' title='bbox 2991 2549 3188 2604; x_wconf 90' lang='lat' dir='ltr'><strong>factum</strong></span> <span class='ocrx_word' id='word_1_542' title='bbox 3225 2548 3438 2610; x_wconf 78' lang='lat' dir='ltr'><strong>fuisset,</strong></span> 
     </span>
    </p>
   </div>
   <div class='ocr_carea' id='block_1_75' title="bbox 1869 2639 3442 2712">
    <p class='ocr_par' dir='ltr' id='par_1_75' title="bbox 1869 2639 3442 2712">
     <span class='ocr_line' id='line_1_75' title="bbox 1869 2639 3442 2712; baseline 0.004 -20"><span class='ocrx_word' id='word_1_543' title='bbox 1869 2654 1972 2694; x_wconf 88' lang='lat' dir='ltr'><strong>nos</strong></span> <span class='ocrx_word' id='word_1_544' title='bbox 2009 2640 2189 2694; x_wconf 92' lang='lat' dir='ltr'><strong>crucis</strong></span> <span class='ocrx_word' id='word_1_545' title='bbox 2218 2639 2483 2710; x_wconf 72' lang='lat' dir='ltr'><strong>iacturam</strong></span> <span class='ocrx_word' id='word_1_546' title='bbox 2529 2639 2872 2697; x_wconf 83' lang='lat' dir='ltr'><strong>fecissemus.</strong></span> <span class='ocrx_word' id='word_1_547' title='bbox 2905 2641 3037 2698; x_wconf 80' lang='lat' dir='ltr'><strong>Nam</strong></span> <span class='ocrx_word' id='word_1_548' title='bbox 3071 2643 3214 2712; x_wconf 92' lang='lat' dir='ltr'><strong>apud</strong></span> <span class='ocrx_word' id='word_1_549' title='bbox 3243 2641 3442 2698; x_wconf 83' lang='lat' dir='ltr'><strong>Roma-</strong></span> 
     </span>
    </p>
   </div>
   <div class='ocr_carea' id='block_1_76' title="bbox 1869 2731 3439 2803">
    <p class='ocr_par' dir='ltr' id='par_1_76' title="bbox 1869 2731 3439 2803">
     <span class='ocr_line' id='line_1_76' title="bbox 1869 2731 3439 2803; baseline 0.001 -19"><span class='ocrx_word' id='word_1_550' title='bbox 1869 2747 1970 2787; x_wconf 92' lang='lat' dir='ltr'><strong>nos</strong></span> <span class='ocrx_word' id='word_1_551' title='bbox 2013 2731 2365 2802; x_wconf 89' lang='lat' dir='ltr'><strong>supplicium,</strong></span> <span class='ocrx_word' id='word_1_552' title='bbox 2396 2732 2578 2788; x_wconf 91' lang='lat' dir='ltr'><strong>crucis</strong></span> <span class='ocrx_word' id='word_1_553' title='bbox 2626 2741 2744 2788; x_wconf 91' lang='lat' dir='ltr'><strong>erat</strong></span> <span class='ocrx_word' id='word_1_554' title='bbox 2795 2732 3020 2803; x_wconf 82' lang='lat' dir='ltr'><strong>lignum.</strong></span> <span class='ocrx_word' id='word_1_555' title='bbox 3076 2733 3439 2798; x_wconf 90' lang='lat' dir='ltr'><strong>Quamobrem</strong></span> 
     </span>
    </p>
   </div>
   <div class='ocr_carea' id='block_1_77' title="bbox 1870 2819 3440 2892">
    <p class='ocr_par' dir='ltr' id='par_1_77' title="bbox 1870 2819 3440 2892">
     <span class='ocr_line' id='line_1_77' title="bbox 1870 2819 3440 2892; baseline 0.001 -17"><span class='ocrx_word' id='word_1_556' title='bbox 1870 2822 2239 2892; x_wconf 87' lang='lat' dir='ltr'><strong>interrogabat</strong></span> <span class='ocrx_word' id='word_1_557' title='bbox 2265 2819 2482 2876; x_wconf 66' lang='lat' dir='ltr'><strong>Iudaeos</strong></span> <span class='ocrx_word' id='word_1_558' title='bbox 2512 2821 2718 2877; x_wconf 86' lang='lat' dir='ltr'><strong>Pilatus</strong></span> <span class='ocrx_word' id='word_1_559' title='bbox 2753 2838 2767 2874; x_wconf 91' lang='lat'>:</span> <span class='ocrx_word' id='word_1_560' title='bbox 2807 2843 2824 2873; x_wconf 77' lang='grc' dir='ltr'><strong>ι</strong></span> <span class='ocrx_word' id='word_1_561' title='bbox 2868 2821 3007 2889; x_wconf 89' lang='lat' dir='ltr'><strong>Quid</strong></span> <span class='ocrx_word' id='word_1_562' title='bbox 3047 2824 3212 2878; x_wconf 91' lang='lat' dir='ltr'><strong>vultis</strong></span> <span class='ocrx_word' id='word_1_563' title='bbox 3243 2820 3440 2876; x_wconf 80' lang='lat' dir='ltr'><strong>faciam</strong></span> 
     </span>
    </p>
   </div>
   <div class='ocr_carea' id='block_1_78' title="bbox 1867 2910 3434 2983">
    <p class='ocr_par' dir='ltr' id='par_1_78' title="bbox 1867 2910 3434 2983">
     <span class='ocr_line' id='line_1_78' title="bbox 1867 2910 3434 2983; baseline -0.001 -17"><span class='ocrx_word' id='word_1_564' title='bbox 1867 2913 1934 2966; x_wconf 93' lang='lat' dir='ltr'><strong>de</strong></span> <span class='ocrx_word' id='word_1_565' title='bbox 1957 2910 2110 2978; x_wconf 79' lang='lat' dir='ltr'><strong>Jesu,</strong></span> <span class='ocrx_word' id='word_1_566' title='bbox 2141 2913 2235 2983; x_wconf 91' lang='lat' dir='ltr'><strong>qui</strong></span> <span class='ocrx_word' id='word_1_567' title='bbox 2272 2912 2472 2968; x_wconf 90' lang='lat' dir='ltr'><strong>dicitur</strong></span> <span class='ocrx_word' id='word_1_568' title='bbox 2497 2910 2751 2968; x_wconf 87' lang='lat' dir='ltr'><strong>Christus</strong></span> <span class='ocrx_word' id='word_1_569' title='bbox 2782 2913 2862 2966; x_wconf 58' lang='lat'><strong>‘3?</strong></span> <span class='ocrx_word' id='word_1_570' title='bbox 2894 2933 2912 2965; x_wconf 76' lang='grc' dir='ltr'><strong>ι</strong></span> <span class='ocrx_word' id='word_1_571' title='bbox 2941 2915 3010 2967; x_wconf 81' lang='lat' dir='ltr'><strong>At</strong></span> <span class='ocrx_word' id='word_1_572' title='bbox 3063 2914 3140 2968; x_wconf 87' lang='lat' dir='ltr'><strong>illi</strong></span> <span class='ocrx_word' id='word_1_573' title='bbox 3164 2912 3434 2970; x_wconf 84' lang='lat' dir='ltr'><strong>Romano-</strong></span> 
     </span>
    </p>
   </div>
   <div class='ocr_carea' id='block_1_79' title="bbox 1868 3004 3436 3074">
    <p class='ocr_par' dir='ltr' id='par_1_79' title="bbox 1868 3004 3436 3074">
     <span class='ocr_line' id='line_1_79' title="bbox 1868 3004 3436 3074; baseline 0.001 -16"><span class='ocrx_word' id='word_1_574' title='bbox 1868 3019 1991 3058; x_wconf 88' lang='lat' dir='ltr'><strong>rum</strong></span> <span class='ocrx_word' id='word_1_575' title='bbox 2048 3005 2297 3060; x_wconf 91' lang='lat' dir='ltr'><strong>instituto</strong></span> <span class='ocrx_word' id='word_1_576' title='bbox 2332 3004 2544 3071; x_wconf 80' lang='lat' dir='ltr'><strong>confisi,</strong></span> <span class='ocrx_word' id='word_1_577' title='bbox 2591 3005 2899 3061; x_wconf 82' lang='lat' dir='ltr'><strong>clamarunt</strong></span> <span class='ocrx_word' id='word_1_578' title='bbox 2935 3025 2949 3061; x_wconf 88' lang='lat'><strong>:</strong></span> <span class='ocrx_word' id='word_1_579' title='bbox 2987 3025 3004 3056; x_wconf 77' lang='grc' dir='ltr'><strong>ι</strong></span> <span class='ocrx_word' id='word_1_580' title='bbox 3045 3005 3196 3061; x_wconf 90' lang='lat' dir='ltr'><strong>Tolle</strong></span> <span class='ocrx_word' id='word_1_581' title='bbox 3220 3045 3236 3072; x_wconf 91' lang='lat'><strong>,</strong></span> <span class='ocrx_word' id='word_1_582' title='bbox 3286 3007 3436 3074; x_wconf 90' lang='lat' dir='ltr'><strong>tolle,</strong></span> 
     </span>
    </p>
   </div>
   <div class='ocr_carea' id='block_1_80' title="bbox 1868 3095 3441 3167">
    <p class='ocr_par' dir='ltr' id='par_1_80' title="bbox 1868 3095 3441 3167">
     <span class='ocr_line' id='line_1_80' title="bbox 1868 3095 3441 3167; baseline 0.003 -18"><span class='ocrx_word' id='word_1_583' title='bbox 1868 3095 2126 3167; x_wconf 84' lang='lat' dir='ltr'><strong>crnciﬁge</strong></span> <span class='ocrx_word' id='word_1_584' title='bbox 2156 3113 2278 3152; x_wconf 90' lang='lat' dir='ltr'><strong>eum</strong></span> <span class='ocrx_word' id='word_1_585' title='bbox 2299 3097 2364 3161; x_wconf 79' lang='lat'><strong>°°,</strong></span> <span class='ocrx_word' id='word_1_586' title='bbox 2404 3116 2422 3149; x_wconf 84' lang='grc'><strong>›</strong></span> <span class='ocrx_word' id='word_1_587' title='bbox 2454 3106 2507 3153; x_wconf 91' lang='lat' dir='ltr'><strong>et</strong></span> <span class='ocrx_word' id='word_1_588' title='bbox 2531 3097 2821 3154; x_wconf 86' lang='lat' dir='ltr'><strong>confestim</strong></span> <span class='ocrx_word' id='word_1_589' title='bbox 2839 3096 3047 3154; x_wconf 90' lang='lat' dir='ltr'><strong>Pilatus</strong></span> <span class='ocrx_word' id='word_1_590' title='bbox 3080 3099 3272 3154; x_wconf 91' lang='lat' dir='ltr'><strong>annuit</strong></span> <span class='ocrx_word' id='word_1_591' title='bbox 3304 3117 3316 3154; x_wconf 90' lang='lat'><strong>:</strong></span> <span class='ocrx_word' id='word_1_592' title='bbox 3351 3096 3441 3154; x_wconf 83' lang='lat' dir='ltr'><strong>de-</strong></span> 
     </span>
    </p>
   </div>
   <div class='ocr_carea' id='block_1_81' title="bbox 1867 3189 2921 3260">
    <p class='ocr_par' dir='ltr' id='par_1_81' title="bbox 1867 3189 2921 3260">
     <span class='ocr_line' id='line_1_81' title="bbox 1867 3189 2921 3260; baseline 0.007 -19"><span class='ocrx_word' id='word_1_593' title='bbox 1867 3203 2028 3258; x_wconf 84' lang='lat' dir='ltr'><strong>super</strong></span> <span class='ocrx_word' id='word_1_594' title='bbox 2051 3189 2196 3244; x_wconf 87' lang='lat' dir='ltr'><strong>cnim</strong></span> <span class='ocrx_word' id='word_1_595' title='bbox 2220 3197 2413 3244; x_wconf 91' lang='lat' dir='ltr'><strong>nutum</strong></span> <span class='ocrx_word' id='word_1_596' title='bbox 2440 3189 2587 3245; x_wconf 86' lang='lat' dir='ltr'><strong>hunc</strong></span> <span class='ocrx_word' id='word_1_597' title='bbox 2616 3200 2921 3260; x_wconf 89' lang='lat' dir='ltr'><strong>acceperat.</strong></span> 
     </span>
    </p>
   </div>
   <div class='ocr_carea' id='block_1_82' title="bbox 1936 3479 3436 3552">
    <p class='ocr_par' dir='ltr' id='par_1_82' title="bbox 1936 3479 3436 3552">
     <span class='ocr_line' id='line_1_82' title="bbox 1936 3479 3436 3552; baseline 0.001 -16"><span class='ocrx_word' id='word_1_598' title='bbox 1936 3479 2096 3552; x_wconf 61' lang='lat'><strong>357</strong></span> <span class='ocrx_word' id='word_1_599' title='bbox 2127 3481 2178 3536; x_wconf 79' lang='lat'><strong>5.</strong></span> <span class='ocrx_word' id='word_1_600' title='bbox 2217 3479 2298 3536; x_wconf 92' lang='lat' dir='ltr'><strong>Ob</strong></span> <span class='ocrx_word' id='word_1_601' title='bbox 2329 3495 2454 3536; x_wconf 89' lang='lat' dir='ltr'><strong>eum</strong></span> <span class='ocrx_word' id='word_1_602' title='bbox 2503 3480 2667 3550; x_wconf 86' lang='lat' dir='ltr'><strong>igitur</strong></span> <span class='ocrx_word' id='word_1_603' title='bbox 2695 3481 2924 3552; x_wconf 90' lang='lat' dir='ltr'><strong>probum</strong></span> <span class='ocrx_word' id='word_1_604' title='bbox 2977 3481 3224 3538; x_wconf 90' lang='lat' dir='ltr'><strong>ordinem</strong></span> <span class='ocrx_word' id='word_1_605' title='bbox 3255 3482 3436 3552; x_wconf 83' lang='lat' dir='ltr'><strong>prima</strong></span> 
     </span>
    </p>
   </div>
   <div class='ocr_carea' id='block_1_83' title="bbox 1869 3570 3437 3642">
    <p class='ocr_par' dir='ltr' id='par_1_83' title="bbox 1869 3570 3437 3642">
     <span class='ocr_line' id='line_1_83' title="bbox 1869 3570 3437 3642; baseline 0.001 -15"><span class='ocrx_word' id='word_1_606' title='bbox 1869 3573 1973 3627; x_wconf 90' lang='lat' dir='ltr'><strong>sub</strong></span> <span class='ocrx_word' id='word_1_607' title='bbox 2020 3575 2268 3642; x_wconf 83' lang='lat' dir='ltr'><strong>Augusto</strong></span> <span class='ocrx_word' id='word_1_608' title='bbox 2305 3571 2518 3627; x_wconf 67' lang='lat' dir='ltr'><strong>Caesare</strong></span> <span class='ocrx_word' id='word_1_609' title='bbox 2551 3570 2848 3642; x_wconf 90' lang='lat' dir='ltr'><strong>descriptio</strong></span> <span class='ocrx_word' id='word_1_610' title='bbox 2897 3572 3074 3627; x_wconf 90' lang='lat' dir='ltr'><strong>edicta</strong></span> <span class='ocrx_word' id='word_1_611' title='bbox 3132 3571 3268 3628; x_wconf 89' lang='lat' dir='ltr'><strong>fuit:</strong></span> <span class='ocrx_word' id='word_1_612' title='bbox 3329 3575 3437 3628; x_wconf 89' lang='lat' dir='ltr'><strong>nisi</strong></span> 
     </span>
    </p>
   </div>
   <div class='ocr_carea' id='block_1_84' title="bbox 1868 3661 3440 3733">
    <p class='ocr_par' dir='ltr' id='par_1_84' title="bbox 1868 3661 3440 3733">
     <span class='ocr_line' id='line_1_84' title="bbox 1868 3661 3440 3733; baseline -0.001 -12"><span class='ocrx_word' id='word_1_613' title='bbox 1868 3666 2014 3721; x_wconf 88' lang='lat' dir='ltr'><strong>enim</strong></span> <span class='ocrx_word' id='word_1_614' title='bbox 2055 3665 2235 3720; x_wconf 90' lang='lat' dir='ltr'><strong>edicta</strong></span> <span class='ocrx_word' id='word_1_615' title='bbox 2286 3663 2520 3727; x_wconf 87' lang='lat' dir='ltr'><strong>fuisset,</strong></span> <span class='ocrx_word' id='word_1_616' title='bbox 2565 3677 2912 3733; x_wconf 89' lang='lat' dir='ltr'><strong>nequaquam</strong></span> <span class='ocrx_word' id='word_1_617' title='bbox 2965 3661 3180 3718; x_wconf 88' lang='lat' dir='ltr'><strong>Domini</strong></span> <span class='ocrx_word' id='word_1_618' title='bbox 3235 3677 3440 3733; x_wconf 88' lang='lat' dir='ltr'><strong>corpus</strong></span> 
     </span>
    </p>
   </div>
   <div class='ocr_carea' id='block_1_85' title="bbox 1869 3752 3436 3826">
    <p class='ocr_par' dir='ltr' id='par_1_85' title="bbox 1869 3752 3436 3826">
     <span class='ocr_line' id='line_1_85' title="bbox 1869 3752 3436 3826; baseline -0.001 -16"><span class='ocrx_word' id='word_1_619' title='bbox 1869 3754 2122 3826; x_wconf 70' lang='lat' dir='ltr'><strong>perfectae</strong></span> <span class='ocrx_word' id='word_1_620' title='bbox 2149 3754 2441 3825; x_wconf 70' lang='lat' dir='ltr'><strong>sepultura:</strong></span> <span class='ocrx_word' id='word_1_621' title='bbox 2459 3754 2715 3808; x_wconf 87' lang='lat' dir='ltr'><strong>traditum</strong></span> <span class='ocrx_word' id='word_1_622' title='bbox 2747 3752 2942 3809; x_wconf 90' lang='lat' dir='ltr'><strong>fuisset</strong></span> <span class='ocrx_word' id='word_1_623' title='bbox 2968 3772 2982 3820; x_wconf 89' lang='lat'><strong>;</strong></span> <span class='ocrx_word' id='word_1_624' title='bbox 3025 3755 3269 3809; x_wconf 85' lang='lat' dir='ltr'><strong>futurqu</strong></span> <span class='ocrx_word' id='word_1_625' title='bbox 3289 3755 3436 3808; x_wconf 87' lang='lat' dir='ltr'><strong>enim</strong></span> 
     </span>
    </p>
   </div>
   <div class='ocr_carea' id='block_1_86' title="bbox 1869 3843 3436 3916">
    <p class='ocr_par' dir='ltr' id='par_1_86' title="bbox 1869 3843 3436 3916">
     <span class='ocr_line' id='line_1_86' title="bbox 1869 3843 3436 3916; baseline -0.001 -15"><span class='ocrx_word' id='word_1_626' title='bbox 1869 3858 1984 3902; x_wconf 91' lang='lat' dir='ltr'><strong>erat</strong></span> <span class='ocrx_word' id='word_1_627' title='bbox 2011 3845 2278 3910; x_wconf 65' lang='lat' dir='ltr'><strong>utJudzei,</strong></span> <span class='ocrx_word' id='word_1_628' title='bbox 2306 3861 2418 3916; x_wconf 68' lang='lat' dir='ltr'><strong>pra:</strong></span> <span class='ocrx_word' id='word_1_629' title='bbox 2449 3846 2617 3899; x_wconf 88' lang='lat' dir='ltr'><strong>nimio</strong></span> <span class='ocrx_word' id='word_1_630' title='bbox 2642 3845 2846 3909; x_wconf 86' lang='lat' dir='ltr'><strong>furore,</strong></span> <span class='ocrx_word' id='word_1_631' title='bbox 2875 3860 3075 3916; x_wconf 83' lang='lat' dir='ltr'><strong>corpus</strong></span> <span class='ocrx_word' id='word_1_632' title='bbox 3103 3843 3317 3900; x_wconf 90' lang='lat' dir='ltr'><strong>Domini</strong></span> <span class='ocrx_word' id='word_1_633' title='bbox 3341 3854 3436 3899; x_wconf 90' lang='lat' dir='ltr'><strong>aut</strong></span> 
     </span>
    </p>
   </div>
   <div class='ocr_carea' id='block_1_87' title="bbox 1871 3934 3438 4008">
    <p class='ocr_par' dir='ltr' id='par_1_87' title="bbox 1871 3934 3438 4008">
     <span class='ocr_line' id='line_1_87' title="bbox 1871 3934 3438 4008; baseline -0.001 -18"><span class='ocrx_word' id='word_1_634' title='bbox 1871 3938 1926 3990; x_wconf 92' lang='lat' dir='ltr'><strong>in</strong></span> <span class='ocrx_word' id='word_1_635' title='bbox 1956 3939 2134 4008; x_wconf 81' lang='lat' dir='ltr'><strong>ignem</strong></span> <span class='ocrx_word' id='word_1_636' title='bbox 2163 3937 2519 4008; x_wconf 88' lang='lat' dir='ltr'><strong>conjicerent.</strong></span> <span class='ocrx_word' id='word_1_637' title='bbox 2551 3946 2646 3991; x_wconf 89' lang='lat' dir='ltr'><strong>aut</strong></span> <span class='ocrx_word' id='word_1_638' title='bbox 2676 3940 2733 3991; x_wconf 90' lang='lat' dir='ltr'><strong>in</strong></span> <span class='ocrx_word' id='word_1_639' title='bbox 2765 3951 2916 3992; x_wconf 90' lang='lat' dir='ltr'><strong>mare</strong></span> <span class='ocrx_word' id='word_1_640' title='bbox 2942 3936 3338 4007; x_wconf 83' lang='lat' dir='ltr'><strong>demergerent.</strong></span> <span class='ocrx_word' id='word_1_641' title='bbox 3378 3934 3438 3990; x_wconf 92' lang='lat' dir='ltr'><strong>Si</strong></span> 
     </span>
    </p>
   </div>
   <div class='ocr_carea' id='block_1_88' title="bbox 1869 4026 3439 4084">
    <p class='ocr_par' dir='ltr' id='par_1_88' title="bbox 1869 4026 3439 4084">
     <span class='ocr_line' id='line_1_88' title="bbox 1869 4026 3439 4084; baseline -0.001 -2"><span class='ocrx_word' id='word_1_642' title='bbox 1869 4030 2013 4084; x_wconf 88' lang='lat' dir='ltr'><strong>enim</strong></span> <span class='ocrx_word' id='word_1_643' title='bbox 2043 4030 2278 4084; x_wconf 87' lang='lat' dir='ltr'><strong>amicum</strong></span> <span class='ocrx_word' id='word_1_644' title='bbox 2303 4028 2404 4084; x_wconf 89' lang='lat' dir='ltr'><strong>sibi</strong></span> <span class='ocrx_word' id='word_1_645' title='bbox 2429 4026 2720 4084; x_wconf 87' lang='lat' dir='ltr'><strong>Jeremiam</strong></span> <span class='ocrx_word' id='word_1_646' title='bbox 2745 4028 2800 4082; x_wconf 91' lang='lat' dir='ltr'><strong>in</strong></span> <span class='ocrx_word' id='word_1_647' title='bbox 2821 4028 3001 4082; x_wconf 90' lang='lat' dir='ltr'><strong>lacum</strong></span> <span class='ocrx_word' id='word_1_648' title='bbox 3030 4027 3175 4083; x_wconf 67' lang='lat' dir='ltr'><strong>caeni</strong></span> <span class='ocrx_word' id='word_1_649' title='bbox 3203 4026 3439 4082; x_wconf 85' lang='lat' dir='ltr'><strong>demise-</strong></span> 
     </span>
    </p>
   </div>
   <div class='ocr_carea' id='block_1_89' title="bbox 1871 4116 3438 4189">
    <p class='ocr_par' dir='ltr' id='par_1_89' title="bbox 1871 4116 3438 4189">
     <span class='ocr_line' id='line_1_89' title="bbox 1871 4116 3438 4189; baseline -0.001 -17"><span class='ocrx_word' id='word_1_650' title='bbox 1871 4126 2018 4185; x_wconf 89' lang='lat' dir='ltr'><strong>runt,</strong></span> <span class='ocrx_word' id='word_1_651' title='bbox 2050 4119 2182 4189; x_wconf 90' lang='lat' dir='ltr'><strong>quid</strong></span> <span class='ocrx_word' id='word_1_652' title='bbox 2212 4118 2405 4174; x_wconf 89' lang='lat' dir='ltr'><strong>facturi</strong></span> <span class='ocrx_word' id='word_1_653' title='bbox 2442 4125 2601 4173; x_wconf 90' lang='lat' dir='ltr'><strong>erant</strong></span> <span class='ocrx_word' id='word_1_654' title='bbox 2650 4118 2707 4172; x_wconf 92' lang='lat' dir='ltr'><strong>in</strong></span> <span class='ocrx_word' id='word_1_655' title='bbox 2740 4116 2956 4173; x_wconf 90' lang='lat' dir='ltr'><strong>Domini</strong></span> <span class='ocrx_word' id='word_1_656' title='bbox 2985 4132 3209 4188; x_wconf 89' lang='lat' dir='ltr'><strong>corpus,</strong></span> <span class='ocrx_word' id='word_1_657' title='bbox 3241 4116 3345 4170; x_wconf 90' lang='lat' dir='ltr'><strong>nisi</strong></span> <span class='ocrx_word' id='word_1_658' title='bbox 3376 4130 3438 4170; x_wconf 80' lang='lat' dir='ltr'><strong>se</strong></span> 
     </span>
    </p>
   </div>
   <div class='ocr_carea' id='block_1_90' title="bbox 1870 4201 3438 4274">
    <p class='ocr_par' dir='ltr' id='par_1_90' title="bbox 1870 4201 3438 4274">
     <span class='ocr_line' id='line_1_90' title="bbox 1870 4201 3438 4274; baseline -0.003 -15"><span class='ocrx_word' id='word_1_659' title='bbox 1870 4205 2213 4260; x_wconf 88' lang='lat' dir='ltr'><strong>cohibentem</strong></span> <span class='ocrx_word' id='word_1_660' title='bbox 2239 4203 2570 4274; x_wconf 89' lang='lat' dir='ltr'><strong>reperissent</strong></span> <span class='ocrx_word' id='word_1_661' title='bbox 2605 4201 2978 4259; x_wconf 81' lang='lat' dir='ltr'><strong>Romanorum</strong></span> <span class='ocrx_word' id='word_1_662' title='bbox 3012 4202 3223 4273; x_wconf 80' lang='lat' dir='ltr'><strong>legem?</strong></span> <span class='ocrx_word' id='word_1_663' title='bbox 3255 4201 3438 4268; x_wconf 86' lang='lat' dir='ltr'><strong>Quare</strong></span> 
     </span>
    </p>
   </div>
   <div class='ocr_carea' id='block_1_91' title="bbox 1869 4285 3435 4351">
    <p class='ocr_par' dir='ltr' id='par_1_91' title="bbox 1869 4285 3435 4351">
     <span class='ocr_line' id='line_1_91' title="bbox 1869 4285 3435 4351; baseline -0.004 0"><span class='ocrx_word' id='word_1_664' title='bbox 1869 4313 1992 4351; x_wconf 91' lang='lat' dir='ltr'><strong>cum</strong></span> <span class='ocrx_word' id='word_1_665' title='bbox 2017 4295 2219 4351; x_wconf 70' lang='lat' dir='ltr'><strong>Judaais</strong></span> <span class='ocrx_word' id='word_1_666' title='bbox 2256 4285 2482 4350; x_wconf 81' lang='lat' dir='ltr'><strong>minime</strong></span> <span class='ocrx_word' id='word_1_667' title='bbox 2537 4293 2929 4349; x_wconf 88' lang='lat' dir='ltr'><strong>concederetur</strong></span> <span class='ocrx_word' id='word_1_668' title='bbox 2957 4307 2988 4346; x_wconf 88' lang='lat' dir='ltr'><strong>a</strong></span> <span class='ocrx_word' id='word_1_669' title='bbox 3019 4291 3192 4347; x_wconf 89' lang='lat' dir='ltr'><strong>Pilato</strong></span> <span class='ocrx_word' id='word_1_670' title='bbox 3225 4300 3284 4346; x_wconf 91' lang='lat' dir='ltr'><strong>ut</strong></span> <span class='ocrx_word' id='word_1_671' title='bbox 3311 4306 3435 4346; x_wconf 82' lang='lat' dir='ltr'><strong>cor-</strong></span> 
     </span>
    </p>
   </div>
   <div class='ocr_carea' id='block_1_92' title="bbox 1873 4381 3438 4458">
    <p class='ocr_par' dir='ltr' id='par_1_92' title="bbox 1873 4381 3438 4458">
     <span class='ocr_line' id='line_1_92' title="bbox 1873 4381 3438 4458; baseline -0.006 -15"><span class='ocrx_word' id='word_1_672' title='bbox 1873 4404 1973 4458; x_wconf 91' lang='lat' dir='ltr'><strong>pus</strong></span> <span class='ocrx_word' id='word_1_673' title='bbox 2005 4386 2218 4441; x_wconf 91' lang='lat' dir='ltr'><strong>Domini</strong></span> <span class='ocrx_word' id='word_1_674' title='bbox 2254 4386 2584 4457; x_wconf 86' lang='lat' dir='ltr'><strong>accipcrent,</strong></span> <span class='ocrx_word' id='word_1_675' title='bbox 2609 4383 2810 4456; x_wconf 87' lang='lat' dir='ltr'><strong>Joseph</strong></span> <span class='ocrx_word' id='word_1_676' title='bbox 2838 4384 2907 4439; x_wconf 89' lang='lat' dir='ltr'><strong>ab</strong></span> <span class='ocrx_word' id='word_1_677' title='bbox 2927 4383 3274 4446; x_wconf 66' lang='lat' dir='ltr'><strong>Arimathaza,</strong></span> <span class='ocrx_word' id='word_1_678' title='bbox 3300 4381 3438 4434; x_wconf 87' lang='lat' dir='ltr'><strong>ami-</strong></span> 
     </span>
    </p>
   </div>
   <div class='ocr_carea' id='block_1_93' title="bbox 1871 4472 3433 4547">
    <p class='ocr_par' dir='ltr' id='par_1_93' title="bbox 1871 4472 3433 4547">
     <span class='ocr_line' id='line_1_93' title="bbox 1871 4472 3433 4547; baseline -0.006 -12"><span class='ocrx_word' id='word_1_679' title='bbox 1871 4496 1971 4535; x_wconf 94' lang='lat' dir='ltr'><strong>cus</strong></span> <span class='ocrx_word' id='word_1_680' title='bbox 2002 4478 2158 4534; x_wconf 88' lang='lat' dir='ltr'><strong>Pilati</strong></span> <span class='ocrx_word' id='word_1_681' title='bbox 2184 4519 2200 4543; x_wconf 92' lang='lat'><strong>,</strong></span> <span class='ocrx_word' id='word_1_682' title='bbox 2251 4478 2440 4534; x_wconf 89' lang='lat' dir='ltr'><strong>adiens</strong></span> <span class='ocrx_word' id='word_1_683' title='bbox 2491 4477 2664 4544; x_wconf 90' lang='lat' dir='ltr'><strong>illum,</strong></span> <span class='ocrx_word' id='word_1_684' title='bbox 2700 4476 2854 4547; x_wconf 90' lang='lat' dir='ltr'><strong>petiit</strong></span> <span class='ocrx_word' id='word_1_685' title='bbox 2889 4475 2959 4530; x_wconf 87' lang='lat' dir='ltr'><strong>ab</strong></span> <span class='ocrx_word' id='word_1_686' title='bbox 3002 4490 3068 4529; x_wconf 91' lang='lat' dir='ltr'><strong>eo</strong></span> <span class='ocrx_word' id='word_1_687' title='bbox 3097 4489 3296 4544; x_wconf 89' lang='lat' dir='ltr'><strong>corpus</strong></span> <span class='ocrx_word' id='word_1_688' title='bbox 3325 4472 3433 4526; x_wconf 88' lang='lat' dir='ltr'><strong>Do-</strong></span> 
     </span>
    </p>
   </div>
   <div class='ocr_carea' id='block_1_94' title="bbox 181 4564 1765 4643">
    <p class='ocr_par' dir='ltr' id='par_1_94' title="bbox 181 4564 1763 4643">
     <span class='ocr_line' id='line_1_94' title="bbox 181 4564 1763 4643; baseline 0.006 -28"><span class='ocrx_word' id='word_1_689' title='bbox 181 4564 371 4626; x_wconf 81' lang='grc' dir='ltr'>λάτου,</span> <span class='ocrx_word' id='word_1_690' title='bbox 403 4564 715 4635; x_wconf 83' lang='grc' dir='ltr'>προσελθὼν</span> <span class='ocrx_word' id='word_1_691' title='bbox 747 4568 988 4638; x_wconf 77' lang='grc' dir='ltr'>ᾐτήσατο</span> <span class='ocrx_word' id='word_1_692' title='bbox 1008 4568 1136 4638; x_wconf 86' lang='grc' dir='ltr'>παρ’</span> <span class='ocrx_word' id='word_1_693' title='bbox 1162 4569 1325 4622; x_wconf 90' lang='grc' dir='ltr'>αὐτοῦ</span> <span class='ocrx_word' id='word_1_694' title='bbox 1351 4570 1410 4623; x_wconf 84' lang='grc' dir='ltr'><strong>τὸ</strong></span> <span class='ocrx_word' id='word_1_695' title='bbox 1435 4569 1529 4622; x_wconf 86' lang='grc' dir='ltr'><strong>τοῦ</strong></span> <span class='ocrx_word' id='word_1_696' title='bbox 1558 4571 1763 4643; x_wconf 85' lang='grc' dir='ltr'>Κυρίου</span> 
     </span>
    </p>
   </div>
   <div class='ocr_carea' id='block_1_95' title="bbox 1871 4564 3436 4643">
    <p class='ocr_par' dir='ltr' id='par_1_95' title="bbox 1871 4564 3436 4640">
     <span class='ocr_line' id='line_1_95' title="bbox 1871 4564 3436 4640; baseline -0.005 -16"><span class='ocrx_word' id='word_1_697' title='bbox 1871 4572 2036 4636; x_wconf 90' lang='lat' dir='ltr'><strong>mini,</strong></span> <span class='ocrx_word' id='word_1_698' title='bbox 2087 4571 2250 4626; x_wconf 90' lang='lat' dir='ltr'><strong>allato</strong></span> <span class='ocrx_word' id='word_1_699' title='bbox 2294 4585 2394 4640; x_wconf 89' lang='lat' dir='ltr'><strong>pro</strong></span> <span class='ocrx_word' id='word_1_700' title='bbox 2424 4585 2486 4624; x_wconf 89' lang='lat' dir='ltr'><strong>ea</strong></span> <span class='ocrx_word' id='word_1_701' title='bbox 2519 4584 2577 4623; x_wconf 93' lang='lat' dir='ltr'><strong>re</strong></span> <span class='ocrx_word' id='word_1_702' title='bbox 2616 4568 2818 4638; x_wconf 86' lang='lat' dir='ltr'><strong>ingenti</strong></span> <span class='ocrx_word' id='word_1_703' title='bbox 2873 4567 3067 4636; x_wconf 91' lang='lat' dir='ltr'><strong>pretio.</strong></span> <span class='ocrx_word' id='word_1_704' title='bbox 3118 4564 3436 4620; x_wconf 86' lang='lat' dir='ltr'><strong>Necessaria</strong></span> 
     </span>
    </p>
   </div>
   <div class='ocr_carea' id='block_1_96' title="bbox 187 4656 1765 4732">
    <p class='ocr_par' dir='ltr' id='par_1_96' title="bbox 187 4656 1765 4732">
     <span class='ocr_line' id='line_1_96' title="bbox 187 4656 1765 4732; baseline 0.006 -25"><span class='ocrx_word' id='word_1_705' title='bbox 187 4656 372 4726; x_wconf 77' lang='grc' dir='ltr'>σῶμα,</span> <span class='ocrx_word' id='word_1_706' title='bbox 408 4656 736 4729; x_wconf 77' lang='grc' dir='ltr'>ἀσύγκριτον</span> <span class='ocrx_word' id='word_1_707' title='bbox 781 4677 833 4712; x_wconf 90' lang='grc' dir='ltr'><strong>τι</strong></span> <span class='ocrx_word' id='word_1_708' title='bbox 879 4659 991 4730; x_wconf 83' lang='grc'>(81)</span> <span class='ocrx_word' id='word_1_709' title='bbox 1039 4661 1423 4729; x_wconf 78' lang='grc' dir='ltr'>προσενέγκας.</span> <span class='ocrx_word' id='word_1_710' title='bbox 1463 4663 1765 4732; x_wconf 83' lang='grc' dir='ltr'>Ἀναγκαία</span> 
     </span>
    </p>
   </div>
   <div class='ocr_carea' id='block_1_97' title="bbox 1871 4656 3430 4732">
    <p class='ocr_par' dir='ltr' id='par_1_97' title="bbox 1871 4656 3430 4732">
     <span class='ocr_line' id='line_1_97' title="bbox 1871 4656 3430 4732; baseline -0.006 -16"><span class='ocrx_word' id='word_1_711' title='bbox 1871 4663 2052 4732; x_wconf 90' lang='lat' dir='ltr'><strong>itaque</strong></span> <span class='ocrx_word' id='word_1_712' title='bbox 2083 4661 2184 4717; x_wconf 90' lang='lat' dir='ltr'><strong>fuit</strong></span> <span class='ocrx_word' id='word_1_713' title='bbox 2214 4661 2509 4730; x_wconf 87' lang='lat' dir='ltr'><strong>descriptio</strong></span> <span class='ocrx_word' id='word_1_714' title='bbox 2565 4659 2666 4714; x_wconf 91' lang='lat' dir='ltr'><strong>sub</strong></span> <span class='ocrx_word' id='word_1_715' title='bbox 2692 4659 2936 4729; x_wconf 78' lang='lat' dir='ltr'><strong>Augusto</strong></span> <span class='ocrx_word' id='word_1_716' title='bbox 2969 4656 3182 4712; x_wconf 70' lang='lat' dir='ltr'><strong>Czcsare</strong></span> <span class='ocrx_word' id='word_1_717' title='bbox 3239 4657 3379 4710; x_wconf 87' lang='lat' dir='ltr'><strong>facta</strong></span> <span class='ocrx_word' id='word_1_718' title='bbox 3416 4673 3430 4707; x_wconf 91' lang='lat'><strong>:</strong></span> 
     </span>
    </p>
   </div>
   <div class='ocr_carea' id='block_1_98' title="bbox 184 4746 1765 4826">
    <p class='ocr_par' dir='ltr' id='par_1_98' title="bbox 184 4749 1764 4826">
     <span class='ocr_line' id='line_1_98' title="bbox 184 4749 1764 4826; baseline 0.005 -27"><span class='ocrx_word' id='word_1_719' title='bbox 184 4749 370 4800; x_wconf 83' lang='grc' dir='ltr'>τοίνυν</span> <span class='ocrx_word' id='word_1_720' title='bbox 407 4750 442 4819; x_wconf 83' lang='grc' dir='ltr'>ἡ</span> <span class='ocrx_word' id='word_1_721' title='bbox 485 4749 775 4822; x_wconf 83' lang='grc' dir='ltr'>ἀπογραφὴ</span> <span class='ocrx_word' id='word_1_722' title='bbox 809 4752 842 4822; x_wconf 77' lang='grc' dir='ltr'><strong>ἡ</strong></span> <span class='ocrx_word' id='word_1_723' title='bbox 887 4752 983 4804; x_wconf 78' lang='grc' dir='ltr'>ἐπὶ</span> <span class='ocrx_word' id='word_1_724' title='bbox 1026 4752 1334 4820; x_wconf 86' lang='grc' dir='ltr'>Αὐγούστου</span> <span class='ocrx_word' id='word_1_725' title='bbox 1376 4753 1685 4826; x_wconf 87' lang='grc' dir='ltr'>Καίσαρος·</span> <span class='ocrx_word' id='word_1_726' title='bbox 1717 4756 1764 4807; x_wconf 85' lang='grc' dir='ltr'><strong>εί</strong></span> 
     </span>
    </p>
   </div>
   <div class='ocr_carea' id='block_1_99' title="bbox 1871 4746 3436 4826">
    <p class='ocr_par' dir='ltr' id='par_1_99' title="bbox 1871 4746 3436 4820">
     <span class='ocr_line' id='line_1_99' title="bbox 1871 4746 3436 4820; baseline -0.004 -12"><span class='ocrx_word' id='word_1_727' title='bbox 1871 4755 2084 4811; x_wconf 89' lang='lat' dir='ltr'><strong>tametsi</strong></span> <span class='ocrx_word' id='word_1_728' title='bbox 2113 4756 2278 4820; x_wconf 90' lang='lat' dir='ltr'><strong>enim,</strong></span> <span class='ocrx_word' id='word_1_729' title='bbox 2310 4753 2386 4807; x_wconf 90' lang='lat' dir='ltr'><strong>uti</strong></span> <span class='ocrx_word' id='word_1_730' title='bbox 2421 4750 2579 4806; x_wconf 90' lang='lat' dir='ltr'><strong>modo</strong></span> <span class='ocrx_word' id='word_1_731' title='bbox 2623 4750 2864 4813; x_wconf 90' lang='lat' dir='ltr'><strong>audisti,</strong></span> <span class='ocrx_word' id='word_1_732' title='bbox 2910 4764 3145 4820; x_wconf 91' lang='lat' dir='ltr'><strong>sponsus</strong></span> <span class='ocrx_word' id='word_1_733' title='bbox 3196 4746 3436 4818; x_wconf 84' lang='lat' dir='ltr'><strong>Virginis</strong></span> 
     </span>
    </p>
   </div>
   <div class='ocr_carea' id='block_1_100' title="bbox 258 4904 1765 4974">
    <p class='ocr_par' dir='ltr' id='par_1_100' title="bbox 258 4904 1765 4971">
     <span class='ocr_line' id='line_1_100' title="bbox 258 4904 1765 4971; baseline 0.002 -12"><span class='ocrx_word' id='word_1_734' title='bbox 258 4906 306 4937; x_wconf 76' lang='lat'><strong>“</strong></span> <span class='ocrx_word' id='word_1_735' title='bbox 343 4904 505 4960; x_wconf 86' lang='lat' dir='ltr'><strong>Joan.</strong></span> <span class='ocrx_word' id='word_1_736' title='bbox 542 4921 666 4971; x_wconf 74' lang='lat' dir='ltr'><strong>xu,</strong></span> <span class='ocrx_word' id='word_1_737' title='bbox 707 4907 791 4962; x_wconf 74' lang='grc'><strong>19..</strong></span> <span class='ocrx_word' id='word_1_738' title='bbox 870 4908 913 4939; x_wconf 81' lang='grc'>⁸⁸</span> <span class='ocrx_word' id='word_1_739' title='bbox 959 4906 1146 4965; x_wconf 69' lang='lat' dir='ltr'><strong>Matth.</strong></span> <span class='ocrx_word' id='word_1_740' title='bbox 1183 4924 1366 4970; x_wconf 77' lang='lat' dir='ltr'><strong>xxvn,</strong></span> <span class='ocrx_word' id='word_1_741' title='bbox 1400 4907 1491 4966; x_wconf 71' lang='lat'><strong>22.</strong></span> <span class='ocrx_word' id='word_1_742' title='bbox 1569 4909 1613 4941; x_wconf 80' lang='lat'><strong>&#39;°</strong></span> <span class='ocrx_word' id='word_1_743' title='bbox 1652 4906 1765 4964; x_wconf 82' lang='lat' dir='ltr'><strong>Joal</strong></span> 
     </span>
    </p>
   </div>
   <div class='ocr_carea' id='block_1_101' title="bbox 1871 4904 2098 4974">
    <p class='ocr_par' dir='ltr' id='par_1_101' title="bbox 1871 4909 2098 4974">
     <span class='ocr_line' id='line_1_101' title="bbox 1871 4909 2098 4974; baseline 0.009 -12"><span class='ocrx_word' id='word_1_744' title='bbox 1871 4924 1937 4962; x_wconf 72' lang='grc' dir='ltr'>ιιι</span> <span class='ocrx_word' id='word_1_745' title='bbox 1957 4949 1974 4974; x_wconf 92' lang='grc'><strong>,</strong></span> <span class='ocrx_word' id='word_1_746' title='bbox 2011 4909 2098 4964; x_wconf 83' lang='grc'><strong>15.</strong></span> 
     </span>
    </p>
   </div>
   <div class='ocr_carea' id='block_1_102' title="bbox 257 5061 1766 5134">
    <p class='ocr_par' dir='ltr' id='par_1_102' title="bbox 257 5061 1766 5134">
     <span class='ocr_line' id='line_1_102' title="bbox 257 5061 1766 5134; baseline 0.001 -19"><span class='ocrx_word' id='word_1_747' title='bbox 257 5063 372 5128; x_wconf 78' lang='grc'>(75)</span> <span class='ocrx_word' id='word_1_748' title='bbox 408 5061 564 5115; x_wconf 85' lang='lat' dir='ltr'><strong>Colb.</strong></span> <span class='ocrx_word' id='word_1_749' title='bbox 590 5062 636 5134; x_wconf 12' lang='lat' dir='ltr'><strong>li,</strong></span> <span class='ocrx_word' id='word_1_750' title='bbox 667 5061 725 5129; x_wconf 74' lang='lat'><strong>2,</strong></span> <span class='ocrx_word' id='word_1_751' title='bbox 750 5061 1098 5134; x_wconf 76' lang='grc' dir='ltr'>ᾲδιακρίτως.</span> <span class='ocrx_word' id='word_1_752' title='bbox 1118 5062 1242 5117; x_wconf 76' lang='lat' dir='ltr'><strong>Mox</strong></span> <span class='ocrx_word' id='word_1_753' title='bbox 1266 5063 1448 5126; x_wconf 87' lang='lat' dir='ltr'><strong>iidem,</strong></span> <span class='ocrx_word' id='word_1_754' title='bbox 1483 5064 1766 5134; x_wconf 84' lang='grc' dir='ltr'>Ῥωμαίων</span> 
     </span>
    </p>
   </div>
   <div class='ocr_carea' id='block_1_103' title="bbox 183 5133 1764 5221">
    <p class='ocr_par' dir='ltr' id='par_1_103' title="bbox 183 5133 1764 5221">
     <span class='ocr_line' id='line_1_103' title="bbox 183 5133 1764 5221; baseline 0.001 -4"><span class='ocrx_word' id='word_1_755' title='bbox 183 5133 688 5221; x_wconf 60' lang='grc' dir='ltr'>ἐκευὼξατηγορίαξ</span> <span class='ocrx_word' id='word_1_756' title='bbox 719 5133 1076 5221; x_wconf 60' lang='grc' dir='ltr'><strong>τεὶασέιμεγοεν</strong></span> <span class='ocrx_word' id='word_1_757' title='bbox 1123 5133 1764 5221; x_wconf 59' lang='grc' dir='ltr'><strong>κει.ἀ,τξσειτειιὶμενρι.τῶν</strong></span> 
     </span>
    </p>
   </div>
   <div class='ocr_carea' id='block_1_104' title="bbox 185 5201 1765 5327">
    <p class='ocr_par' dir='ltr' id='par_1_104' title="bbox 185 5201 1765 5327">
     <span class='ocr_line' id='line_1_104' title="bbox 185 5201 1765 5272; baseline 0.001 -17"><span class='ocrx_word' id='word_1_758' title='bbox 185 5201 497 5272; x_wconf 54' lang='grc' dir='ltr'>λεγομένων</span> <span class='ocrx_word' id='word_1_759' title='bbox 533 5201 630 5272; x_wconf 82' lang='grc' dir='ltr'><strong>τὴν</strong></span> <span class='ocrx_word' id='word_1_760' title='bbox 661 5201 952 5266; x_wconf 80' lang='grc' dir='ltr'>ἀπόδειξιν.</span> <span class='ocrx_word' id='word_1_761' title='bbox 975 5203 1068 5256; x_wconf 83' lang='grc' dir='ltr'>Διὸ</span> <span class='ocrx_word' id='word_1_762' title='bbox 1098 5205 1193 5258; x_wconf 76' lang='grc' dir='ltr'>καὶ</span> <span class='ocrx_word' id='word_1_763' title='bbox 1224 5206 1253 5256; x_wconf 90' lang='lat'><strong>6</strong></span> <span class='ocrx_word' id='word_1_764' title='bbox 1277 5203 1398 5256; x_wconf 91' lang='grc' dir='ltr'>Πιλ.</span> <span class='ocrx_word' id='word_1_765' title='bbox 1430 5201 1546 5258; x_wconf 82' lang='lat' dir='ltr'><strong>Mox</strong></span> <span class='ocrx_word' id='word_1_766' title='bbox 1579 5205 1765 5269; x_wconf 82' lang='lat' dir='ltr'><strong>iidem,</strong></span> 
     </span>
     <span class='ocr_line' id='line_1_105' title="bbox 185 5271 1655 5327; baseline 0 0"><span class='ocrx_word' id='word_1_767' title='bbox 185 5274 367 5327; x_wconf 68' lang='grc' dir='ltr'>κυνῶν</span> <span class='ocrx_word' id='word_1_768' title='bbox 401 5271 557 5327; x_wconf 82' lang='grc' dir='ltr'>δίκην</span> <span class='ocrx_word' id='word_1_769' title='bbox 585 5272 970 5327; x_wconf 82' lang='grc' dir='ltr'>ὑλακτοῦντας.</span> <span class='ocrx_word' id='word_1_770' title='bbox 993 5275 1084 5327; x_wconf 87' lang='lat' dir='ltr'><strong>alii</strong></span> <span class='ocrx_word' id='word_1_771' title='bbox 1115 5273 1655 5327; x_wconf 78' lang='grc' dir='ltr'>κοινογλωσσοῦνταε.</span> 
     </span>
    </p>
   </div>
   <div class='ocr_carea' id='block_1_105' title="bbox 1940 5059 3431 5146">
    <p class='ocr_par' dir='ltr' id='par_1_105' title="bbox 1940 5059 3431 5146">
     <span class='ocr_line' id='line_1_106' title="bbox 1940 5059 3431 5146; baseline -0.002 -30"><span class='ocrx_word' id='word_1_772' title='bbox 1940 5061 2182 5146; x_wconf 51' lang='grc' dir='ltr'><strong>(79)ηδξρ</strong></span> <span class='ocrx_word' id='word_1_773' title='bbox 2205 5062 2358 5146; x_wconf 61' lang='grc' dir='ltr'><strong>(ΞρΠ).</strong></span> <span class='ocrx_word' id='word_1_774' title='bbox 2389 5063 2441 5124; x_wconf 77' lang='grc'><strong>1,</strong></span> <span class='ocrx_word' id='word_1_775' title='bbox 2461 5063 2516 5116; x_wconf 74' lang='lat'><strong>2.</strong></span> <span class='ocrx_word' id='word_1_776' title='bbox 2535 5061 2688 5146; x_wconf 47' lang='lat' dir='ltr'><strong>.Editi</strong></span> <span class='ocrx_word' id='word_1_777' title='bbox 2716 5076 2867 5146; x_wconf 55' lang='lat' dir='ltr'><strong>vero,</strong></span> <span class='ocrx_word' id='word_1_778' title='bbox 2885 5059 3157 5146; x_wconf 52' lang='grc' dir='ltr'>ῥνηλέγετε</span> <span class='ocrx_word' id='word_1_779' title='bbox 3183 5060 3431 5146; x_wconf 52' lang='grc' dir='ltr'>ξριστόν.</span> 
     </span>
    </p>
   </div>
   <div class='ocr_carea' id='block_1_106' title="bbox 1867 5130 3435 5201">
    <p class='ocr_par' dir='ltr' id='par_1_106' title="bbox 1867 5130 3435 5201">
     <span class='ocr_line' id='line_1_107' title="bbox 1867 5130 3435 5201; baseline -0.004 -15"><span class='ocrx_word' id='word_1_780' title='bbox 1867 5130 2014 5188; x_wconf 79' lang='lat' dir='ltr'><strong>Infra</strong></span> <span class='ocrx_word' id='word_1_781' title='bbox 2034 5130 2200 5201; x_wconf 40' lang='lat' dir='ltr'><strong>&#39;Colb.</strong></span> <span class='ocrx_word' id='word_1_782' title='bbox 2232 5133 2286 5194; x_wconf 73' lang='lat'><strong>2,</strong></span> <span class='ocrx_word' id='word_1_783' title='bbox 2314 5133 2758 5201; x_wconf 83' lang='grc' dir='ltr'>συγκατένευσεν.</span> <span class='ocrx_word' id='word_1_784' title='bbox 2786 5130 3103 5201; x_wconf 78' lang='lat' dir='ltr'><strong>lbid._C_olb.</strong></span> <span class='ocrx_word' id='word_1_785' title='bbox 3129 5130 3265 5201; x_wconf 65' lang='lat'><strong>1,2,</strong></span> <span class='ocrx_word' id='word_1_786' title='bbox 3299 5130 3435 5201; x_wconf 73' lang='grc' dir='ltr'>άνω-</span> 
     </span>
    </p>
   </div>
   <div class='ocr_carea' id='block_1_107' title="bbox 1867 5198 3435 5290">
    <p class='ocr_par' dir='ltr' id='par_1_107' title="bbox 1867 5198 3435 5290">
     <span class='ocr_line' id='line_1_108' title="bbox 1867 5198 3435 5290; baseline -0.004 -33"><span class='ocrx_word' id='word_1_787' title='bbox 1867 5205 1956 5290; x_wconf 73' lang='grc' dir='ltr'><strong>θεν</strong></span> <span class='ocrx_word' id='word_1_788' title='bbox 1985 5203 2094 5275; x_wconf 78' lang='grc' dir='ltr'>γὰρ</span> <span class='ocrx_word' id='word_1_789' title='bbox 2120 5198 2187 5274; x_wconf 77' lang='grc' dir='ltr'>ἦν</span> <span class='ocrx_word' id='word_1_790' title='bbox 2209 5203 2272 5256; x_wconf 85' lang='grc' dir='ltr'><strong>τὸ</strong></span> <span class='ocrx_word' id='word_1_791' title='bbox 2295 5198 2509 5274; x_wconf 86' lang='grc' dir='ltr'>πνεῦμα</span> <span class='ocrx_word' id='word_1_792' title='bbox 2534 5202 2788 5263; x_wconf 85' lang='grc' dir='ltr'>τοιούτως</span> <span class='ocrx_word' id='word_1_793' title='bbox 2811 5199 3081 5268; x_wconf 81' lang='grc' dir='ltr'>γενέσθαι.</span> <span class='ocrx_word' id='word_1_794' title='bbox 3110 5198 3208 5252; x_wconf 82' lang='grc' dir='ltr'><strong>Διά</strong></span> <span class='ocrx_word' id='word_1_795' title='bbox 3233 5198 3435 5267; x_wconf 84' lang='grc' dir='ltr'>ταύτην</span> 
     </span>
    </p>
   </div>
   <div class='ocr_carea' id='block_1_108' title="bbox 1866 5291 3433 5413">
    <p class='ocr_par' dir='ltr' id='par_1_108' title="bbox 1866 5291 3433 5413">
     <span class='ocr_line' id='line_1_109' title="bbox 1866 5291 3433 5413; baseline -0.003 -19"><span class='ocrx_word' id='word_1_796' title='bbox 1866 5291 2066 5413; x_wconf 45' lang='lat'><strong>102:6&quot;).</strong></span> <span class='ocrx_word' id='word_1_797' title='bbox 2083 5342 2312 5413; x_wconf 88' lang='lat' dir='ltr'><strong>Quidam</strong></span> <span class='ocrx_word' id='word_1_798' title='bbox 2358 5356 2499 5413; x_wconf 51' lang='grc' dir='ltr'><strong>ωδεἑ</strong></span> <span class='ocrx_word' id='word_1_799' title='bbox 2525 5343 2879 5413; x_wconf 21' lang='grc' dir='ltr'>καγτήγγισαν.</span> <span class='ocrx_word' id='word_1_800' title='bbox 2928 5337 3073 5413; x_wconf 76' lang='lat' dir='ltr'><strong>Infra</strong></span> <span class='ocrx_word' id='word_1_801' title='bbox 3111 5351 3245 5392; x_wconf 89' lang='lat' dir='ltr'><strong>mss.</strong></span> <span class='ocrx_word' id='word_1_802' title='bbox 3280 5345 3338 5391; x_wconf 92' lang='lat' dir='ltr'><strong>ut</strong></span> <span class='ocrx_word' id='word_1_803' title='bbox 3361 5339 3433 5413; x_wconf 90' lang='lat' dir='ltr'><strong>_iu</strong></span> 
     </span>
    </p>
   </div>
   <div class='ocr_carea' id='block_1_109' title="bbox 1868 5407 3435 5486">
    <p class='ocr_par' dir='ltr' id='par_1_109' title="bbox 1868 5407 3435 5486">
     <span class='ocr_line' id='line_1_110' title="bbox 1868 5407 3435 5486; baseline -0.006 -20"><span class='ocrx_word' id='word_1_804' title='bbox 1868 5407 2042 5467; x_wconf 68' lang='grc' dir='ltr'>ιωέιυξ</span> <span class='ocrx_word' id='word_1_805' title='bbox 2077 5407 2213 5468; x_wconf 50' lang='grc' dir='ltr'><strong>Ε’ᾱίῑί</strong></span> <span class='ocrx_word' id='word_1_806' title='bbox 2228 5426 2388 5486; x_wconf 77' lang='lat' dir='ltr'><strong>_vero,</strong></span> <span class='ocrx_word' id='word_1_807' title='bbox 2432 5409 2538 5462; x_wconf 86' lang='grc' dir='ltr'><strong>τῶν</strong></span> <span class='ocrx_word' id='word_1_808' title='bbox 2566 5407 2848 5486; x_wconf 40' lang='grc' dir='ltr'>Ἰουδαίων.</span> <span class='ocrx_word' id='word_1_809' title='bbox 2875 5407 3060 5478; x_wconf 79' lang='grc' dir='ltr'>μηδενὶ</span> <span class='ocrx_word' id='word_1_810' title='bbox 3095 5408 3435 5486; x_wconf 61' lang='grc' dir='ltr'>συγχωρούν-</span> 
     </span>
    </p>
   </div>
   <div class='ocr_carea' id='block_1_110' title="bbox 1868 5475 3432 5568">
    <p class='ocr_par' dir='ltr' id='par_1_110' title="bbox 1868 5475 3432 5548">
     <span class='ocr_line' id='line_1_111' title="bbox 1868 5475 3432 5548; baseline -0.004 -14"><span class='ocrx_word' id='word_1_811' title='bbox 1868 5501 1996 5536; x_wconf 89' lang='grc' dir='ltr'>των.</span> <span class='ocrx_word' id='word_1_812' title='bbox 2057 5524 2069 5535; x_wconf 95' lang='grc'><strong>.</strong></span> <span class='ocrx_word' id='word_1_813' title='bbox 2123 5524 2136 5538; x_wconf 91' lang='grc'><strong>.</strong></span> <span class='ocrx_word' id='word_1_814' title='bbox 2198 5477 2351 5544; x_wconf 74' lang='grc' dir='ltr'>οὗτος</span> <span class='ocrx_word' id='word_1_815' title='bbox 2400 5478 2710 5532; x_wconf 71' lang='grc' dir='ltr'>προσελθὼν</span> <span class='ocrx_word' id='word_1_816' title='bbox 2757 5475 2993 5548; x_wconf 80' lang='grc' dir='ltr'>ᾐτήσατο</span> <span class='ocrx_word' id='word_1_817' title='bbox 3027 5475 3177 5546; x_wconf 83' lang='grc' dir='ltr'>παρὰ</span> <span class='ocrx_word' id='word_1_818' title='bbox 3200 5475 3298 5528; x_wconf 79' lang='grc' dir='ltr'><strong>τοῦ</strong></span> <span class='ocrx_word' id='word_1_819' title='bbox 3341 5479 3432 5529; x_wconf 72' lang='lat' dir='ltr'><strong>ll:-</strong></span> 
     </span>
    </p>
   </div>
   <div class='ocr_carea' id='block_1_111' title="bbox 1868 5569 3435 5745">
    <p class='ocr_par' dir='ltr' id='par_1_111' title="bbox 1868 5569 3435 5745">
     <span class='ocr_line' id='line_1_112' title="bbox 1868 5569 3435 5745; baseline -0.005 -69"><span class='ocrx_word' id='word_1_820' title='bbox 1868 5569 2054 5745; x_wconf 45' lang='grc' dir='ltr'><strong>Ααῖἕὲ)</strong></span> <span class='ocrx_word' id='word_1_821' title='bbox 2098 5621 2251 5678; x_wconf 83' lang='lat' dir='ltr'><strong>Colb.</strong></span> <span class='ocrx_word' id='word_1_822' title='bbox 2289 5623 2338 5694; x_wconf 78' lang='grc'><strong>1,</strong></span> <span class='ocrx_word' id='word_1_823' title='bbox 2373 5622 2427 5686; x_wconf 68' lang='lat'><strong>2,</strong></span> <span class='ocrx_word' id='word_1_824' title='bbox 2463 5618 2787 5695; x_wconf 81' lang='grc' dir='ltr'>άσύκγριτον</span> <span class='ocrx_word' id='word_1_825' title='bbox 2826 5617 3006 5688; x_wconf 70' lang='grc' dir='ltr'>τιμήν.</span> <span class='ocrx_word' id='word_1_826' title='bbox 3047 5613 3218 5682; x_wconf 77' lang='grc' dir='ltr'><strong>Εάὶιί,</strong></span> <span class='ocrx_word' id='word_1_827' title='bbox 3265 5615 3435 5686; x_wconf 75' lang='grc' dir='ltr'>ασύγ-</span> 
     </span>
     <span class='ocr_line' id='line_1_113' title="bbox 1868 5709 2218 5745; baseline -0.003 0"><span class='ocrx_word' id='word_1_828' title='bbox 1868 5709 1992 5745; x_wconf 84' lang='grc' dir='ltr'>κοιτ</span> <span class='ocrx_word' id='word_1_829' title='bbox 2026 5711 2052 5745; x_wconf 92' lang='grc' dir='ltr'><strong>ν</strong></span> <span class='ocrx_word' id='word_1_830' title='bbox 2084 5709 2158 5745; x_wconf 89' lang='grc' dir='ltr'>τι.</span> <span class='ocrx_word' id='word_1_831' title='bbox 2215 5709 2218 5712; x_wconf 71' lang='grc'><strong>’</strong></span> 
     </span>
    </p>
   </div>
   <div class='ocr_carea' id='block_1_112' title="bbox 1867 5709 2218 5765">
    <p class='ocr_par' dir='ltr' id='par_1_112' title="bbox 1867 5709 2218 5765">
     <span class='ocr_line' id='line_1_114' title="bbox 1867 5709 2218 5765; baseline -0.006 -18"><span class='ocrx_word' id='word_1_832' title='bbox 1867 5709 2052 5765; x_wconf 84' lang='grc' dir='ltr'>κριτον</span> <span class='ocrx_word' id='word_1_833' title='bbox 2084 5709 2158 5746; x_wconf 89' lang='grc' dir='ltr'>τι.</span> <span class='ocrx_word' id='word_1_834' title='bbox 2215 5709 2218 5712; x_wconf 73' lang='grc'><strong>’</strong></span> 
     </span>
    </p>
   </div>
   <div class='ocr_carea' id='block_1_113' title="bbox 456 5272 1655 5341">
    <p class='ocr_par' dir='ltr' id='par_1_113' title="bbox 456 5272 1655 5341">
     <span class='ocr_line' id='line_1_115' title="bbox 456 5272 1655 5341; baseline 0.003 -17"><span class='ocrx_word' id='word_1_835' title='bbox 456 5288 557 5341; x_wconf 85' lang='grc' dir='ltr'><strong>κην</strong></span> <span class='ocrx_word' id='word_1_836' title='bbox 585 5272 970 5336; x_wconf 87' lang='grc' dir='ltr'>ὑλακτοῦντας,</span> <span class='ocrx_word' id='word_1_837' title='bbox 993 5275 1084 5328; x_wconf 88' lang='lat' dir='ltr'><strong>alii</strong></span> <span class='ocrx_word' id='word_1_838' title='bbox 1115 5273 1655 5340; x_wconf 86' lang='grc' dir='ltr'>κοινογλωσσοῦντας.</span> 
     </span>
    </p>
   </div>
   <div class='ocr_carea' id='block_1_114' title="bbox 260 5341 1765 5414">
    <p class='ocr_par' dir='ltr' id='par_1_114' title="bbox 260 5341 1765 5414">
     <span class='ocr_line' id='line_1_116' title="bbox 260 5341 1765 5414; baseline 0.004 -21"><span class='ocrx_word' id='word_1_839' title='bbox 260 5343 376 5414; x_wconf 78' lang='grc'>(76)</span> <span class='ocrx_word' id='word_1_840' title='bbox 417 5341 510 5414; x_wconf 66' lang='lat' dir='ltr'><strong>Sic</strong></span> <span class='ocrx_word' id='word_1_841' title='bbox 560 5359 692 5398; x_wconf 86' lang='lat' dir='ltr'><strong>mss.</strong></span> <span class='ocrx_word' id='word_1_842' title='bbox 742 5341 896 5414; x_wconf 25' lang='lat' dir='ltr'><strong>Editi‘</strong></span> <span class='ocrx_word' id='word_1_843' title='bbox 933 5358 1082 5407; x_wconf 83' lang='lat' dir='ltr'><strong>vero,</strong></span> <span class='ocrx_word' id='word_1_844' title='bbox 1127 5343 1483 5414; x_wconf 84' lang='grc' dir='ltr'>ἀναιρέσεως,</span> <span class='ocrx_word' id='word_1_845' title='bbox 1541 5344 1765 5399; x_wconf 80' lang='lat' dir='ltr'><strong>omissis</strong></span> 
     </span>
    </p>
   </div>
   <div class='ocr_carea' id='block_1_115' title="bbox 189 5409 1764 5537">
    <p class='ocr_par' dir='ltr' id='par_1_115' title="bbox 189 5409 1764 5537">
     <span class='ocr_line' id='line_1_117' title="bbox 189 5409 1764 5535; baseline 0.001 -69"><span class='ocrx_word' id='word_1_846' title='bbox 189 5413 412 5535; x_wconf 53' lang='grc' dir='ltr'>φυὲιίῗὺ</span> <span class='ocrx_word' id='word_1_847' title='bbox 446 5409 592 5534; x_wconf 50' lang='lat'><strong>3110;,</strong></span> <span class='ocrx_word' id='word_1_848' title='bbox 624 5414 824 5475; x_wconf 72' lang='grc' dir='ltr'>πάντες</span> <span class='ocrx_word' id='word_1_849' title='bbox 866 5412 1054 5469; x_wconf 89' lang='lat' dir='ltr'><strong>deerat</strong></span> <span class='ocrx_word' id='word_1_850' title='bbox 1085 5415 1143 5469; x_wconf 91' lang='lat' dir='ltr'><strong>in</strong></span> <span class='ocrx_word' id='word_1_851' title='bbox 1189 5409 1374 5477; x_wconf 88' lang='lat' dir='ltr'><strong>editis,</strong></span> <span class='ocrx_word' id='word_1_852' title='bbox 1427 5413 1764 5484; x_wconf 88' lang='lat' dir='ltr'><strong>habeturque</strong></span> 
     </span>
     <span class='ocr_line' id='line_1_118' title="bbox 189 5499 587 5537; baseline -0.003 -1"><span class='ocrx_word' id='word_1_853' title='bbox 189 5499 242 5537; x_wconf 77' lang='lat' dir='ltr'><strong>in</strong></span> <span class='ocrx_word' id='word_1_854' title='bbox 299 5499 350 5534; x_wconf 78' lang='grc' dir='ltr'><strong>,ο</strong></span> <span class='ocrx_word' id='word_1_855' title='bbox 420 5525 431 5534; x_wconf 95' lang='grc'>.</span> <span class='ocrx_word' id='word_1_856' title='bbox 495 5519 510 5537; x_wconf 87' lang='grc'><strong>.</strong></span> <span class='ocrx_word' id='word_1_857' title='bbox 575 5523 587 5535; x_wconf 95' lang='grc'>.</span> 
     </span>
    </p>
   </div>
   <div class='ocr_carea' id='block_1_116' title="bbox 299 5519 587 5545">
    <p class='ocr_par' dir='ltr' id='par_1_116' title="bbox 299 5519 587 5545">
     <span class='ocr_line' id='line_1_119' title="bbox 299 5519 587 5545; baseline 0.007 -12"><span class='ocrx_word' id='word_1_858' title='bbox 299 5519 431 5534; x_wconf 72' lang='grc' dir='ltr'><strong>ιιιιυ-</strong></span> <span class='ocrx_word' id='word_1_859' title='bbox 464 5519 510 5545; x_wconf 77' lang='lat' dir='ltr'><strong>I’</strong></span> <span class='ocrx_word' id='word_1_860' title='bbox 539 5519 587 5535; x_wconf 72' lang='lat'><strong>--</strong></span> 
     </span>
    </p>
   </div>
   <div class='ocr_carea' id='block_1_117' title="bbox 258 5550 1303 5624">
    <p class='ocr_par' dir='ltr' id='par_1_117' title="bbox 258 5550 1303 5624">
     <span class='ocr_line' id='line_1_120' title="bbox 258 5550 1303 5624; baseline -0.001 -19"><span class='ocrx_word' id='word_1_861' title='bbox 258 5553 373 5624; x_wconf 82' lang='grc'>(77)</span> <span class='ocrx_word' id='word_1_862' title='bbox 403 5550 657 5624; x_wconf 84' lang='lat' dir='ltr'><strong>S_ic_mss.</strong></span> <span class='ocrx_word' id='word_1_863' title='bbox 692 5551 856 5624; x_wconf 70' lang='lat' dir='ltr'><strong>Editj,</strong></span> <span class='ocrx_word' id='word_1_864' title='bbox 879 5554 914 5623; x_wconf 87' lang='grc' dir='ltr'><strong>ἢ</strong></span> <span class='ocrx_word' id='word_1_865' title='bbox 953 5552 1088 5616; x_wconf 83' lang='grc' dir='ltr'>ὅλως</span> <span class='ocrx_word' id='word_1_866' title='bbox 1116 5553 1145 5624; x_wconf 84' lang='lat'><strong>6</strong></span> <span class='ocrx_word' id='word_1_867' title='bbox 1171 5552 1303 5624; x_wconf 69' lang='grc' dir='ltr'>Βαρ.</span> 
     </span>
    </p>
   </div>
   <div class='ocr_carea' id='block_1_118' title="bbox 259 5620 1761 5691">
    <p class='ocr_par' dir='ltr' id='par_1_118' title="bbox 259 5620 1761 5691">
     <span class='ocr_line' id='line_1_121' title="bbox 259 5620 1761 5691; baseline 0.004 -17"><span class='ocrx_word' id='word_1_868' title='bbox 259 5623 374 5688; x_wconf 76' lang='grc'>(781</span> <span class='ocrx_word' id='word_1_869' title='bbox 415 5621 570 5679; x_wconf 83' lang='lat' dir='ltr'><strong>Coib.</strong></span> <span class='ocrx_word' id='word_1_870' title='bbox 605 5623 626 5677; x_wconf 80' lang='lat' dir='ltr'><strong>l</strong></span> <span class='ocrx_word' id='word_1_871' title='bbox 659 5663 673 5684; x_wconf 87' lang='lat'><strong>,</strong></span> <span class='ocrx_word' id='word_1_872' title='bbox 697 5622 764 5691; x_wconf 60' lang='grc' dir='ltr'>ἓ,</span> <span class='ocrx_word' id='word_1_873' title='bbox 806 5620 1088 5686; x_wconf 75' lang='grc' dir='ltr'>ζωοποιεῖν</span> <span class='ocrx_word' id='word_1_874' title='bbox 1125 5620 1319 5688; x_wconf 79' lang='grc' dir='ltr'>θέλεις.</span> <span class='ocrx_word' id='word_1_875' title='bbox 1347 5623 1490 5678; x_wconf 76' lang='grc' dir='ltr'>Ἀλλ’</span> <span class='ocrx_word' id='word_1_876' title='bbox 1518 5625 1639 5680; x_wconf 80' lang='grc' dir='ltr'>οὐδὲ</span> <span class='ocrx_word' id='word_1_877' title='bbox 1671 5625 1761 5680; x_wconf 82' lang='grc' dir='ltr'>οὐ·</span> 
     </span>
    </p>
   </div>
   <div class='ocr_carea' id='block_1_119' title="bbox 187 5708 1230 5758">
    <p class='ocr_par' dir='ltr' id='par_1_119' title="bbox 187 5708 1230 5758">
     <span class='ocr_line' id='line_1_122' title="bbox 187 5708 1230 5758; baseline 0.013 -14"><span class='ocrx_word' id='word_1_878' title='bbox 187 5708 312 5756; x_wconf 80' lang='grc' dir='ltr'>τως.</span> <span class='ocrx_word' id='word_1_879' title='bbox 1215 5747 1230 5758; x_wconf 82' lang='grc'><strong>.</strong></span> 
     </span>
    </p>
   </div>
  </div>
