3832 6216
477 295 580 353 951

1513 312 1516 314 ν
1609 301 1668 357 s.
1711 302 2176 360 ATHANASIUS.
2201 281 2538 360 —DUBIA.'

3629 305 3726 362 952

473 429 711 469 moerere
737 413 972 471 allectus
999 423 1085 472 est
1115 457 1130 480 ,
1183 425 1423 473 attamen
1480 420 1717 476 mundus
1760 425 2048 478 universus

2155 421 2258 496 γὰρ
2303 424 2398 477 καὶ¹
2447 426 2477 477 6
2522 423 2767 495 μνηστὴρ
2807 423 2908 494 τῆς
2955 421 3253 494 Παρθένου,
3297 419 3482 485 καθὼς
3528 422 3726 492 ἀρτίως

473 505 872 575 ριίιιειειηῑὶοιθίε
921 507 1132 563 ordinis
1175 508 1388 563 initium
1424 511 1656 580 accepit.
1714 509 1857 577 Quid
1917 512 2051 567 illud

475 605 580 661 est,
621 595 872 666 Sponsus
909 595 1151 666 Virginis
1181 613 1416 654 maerore
1450 601 1678 657 aﬂ'ectus
1710 603 1832 658 est?
1861 603 2049 671 paucis

475 690 748 744 ausculta.
801 689 936 744 Cum
978 688 1176 760 Joseph
1219 690 1461 762 Virginis
1487 708 1724 762 sponsus
1749 736 1763 759 ,
1799 701 1859 748 ut
1889 693 2051 748 modo

475 781 700 844 audisti,
726 791 949 851 propter
980 782 1209 853 Augusti
1243 797 1468 838 censum
1511 785 1565 838 in
1616 783 1888 839 Bethleem
1917 799 2051 838 con-

474 874 643 929 cessit
710 888 836 928 cum
892 873 1060 927 Maria
1115 873 1446 944 desponsata
1521 875 1626 931 sibi
1691 890 1861 930 uxore
1911 890 2050 946 prte-

480 969 720 1032 gnante,
775 963 1062 1034 ignorabat
1101 962 1302 1034 Joseph
1348 965 1666 1036 mysterium
1718 967 1773 1020 in
1829 965 2050 1038 Virgine

477 1053 757 1118 abditum,
790 1055 1020 1110 necdum
1076 1056 1254 1127 angeli
1298 1057 1580 1110 oraculum
1627 1067 1950 1128 acceperat:
1996 1070 2050 1113 at

476 1144 665 1216 Virgo,
689 1152 804 1200 tum
833 1162 898 1202 ex
924 1148 1108 1202 verbis
1130 1188 1144 1211 ,
1189 1155 1303 1201 tum
1345 1163 1410 1202 ex
1441 1148 1580 1203 uteri
1607 1159 1853 1218 tumore,
1896 1159 2048 1206 certo

476 1237 684 1292 sciebat
721 1237 854 1309 quid
904 1246 1116 1309 gestum
1165 1246 1345 1304 esset;
1410 1248 1617 1308 quanto
1672 1241 1817 1294 enim
1873 1243 2048 1313 magis

477 1337 668 1386 uterus
694 1331 1112 1394 intumescebat,
1143 1339 1294 1384 tanto
1328 1333 1662 1386 securiorem
1685 1332 1854 1403 Virgo
1883 1335 2044 1388 vita

473 1403 728 1493 degebat,
767 1437 877 1476 una
940 1422 1307 1493 virginitatem
1357 1438 1586 1478 servans
1635 1423 2046 1490 intemeratam,

475 1509 754 1582 fetumque
798 1520 1016 1583 gestans
1061 1513 1198 1568 citra
1239 1513 1324 1568 vel
1368 1512 1650 1566 minimam
1701 1514 2045 1581 molestiam;

474 1618 574 1658 nec
605 1611 816 1658 tantum
855 1605 949 1659 illo
979 1613 1201 1674 gravata
1221 1647 1235 1674 ,
1268 1613 1534 1676 quantum
1570 1606 1764 1661 levata.

2153 515 2368 586 ἢκουες,
2401 515 2750 585 έστύγνασεν,
2783 516 2897 570 ἀλλ’
2933 517 3082 586 ὅμως
3102 519 3130 570 6
3161 514 3380 585 σύμπας
3406 513 3614 584 κόσμος
3646 514 3729 584 ἀρ-

2152 606 2251 677 χὴν
2273 607 2522 674 εὐταξίας
2548 607 2782 674 ὲδέξατο.
2802 608 2867 660 Τί
2904 608 3070 671 ἐστιν,
3107 607 3166 660 '0
3195 605 3440 677 μνηστὴρ
3464 609 3569 675 τῆς
3582 606 3726 674 Παρ-

2153 697 2304 750 θένου
2349 698 2697 766 ὲστύγνασεν,
2732 699 2895 753 ἄκουε
2939 699 3026 751 διὰ
3070 697 3335 768 βραχέων.
3378 697 3578 750 Ἡνίκα
3619 695 3726 748 Ἰω-

2154 788 2261 859 σὴφ
2289 792 2318 842 6
2353 789 2600 861 μνηστὴρ
2632 790 2728 859 τῆς
2760 788 3056 859 Παρθένου,
3082 786 3262 850 καθὼς
3287 787 3490 856 ἀρτίως
3514 787 3723 854 ἤκουες,

2150 878 2237 933 διὰ
2264 878 2359 950 τὴν
2385 880 2708 952 ἀπογραφὴν
2729 878 2821 932 τοῦ
2844 879 3151 947 Αὐγούστου
3177 877 3273 948 τὴν
3314 875 3565 945 Βηθλεὲμ
3606 891 3727 928 κατ-

2151 970 2422 1041 ελάμϐανε
2452 972 2548 1026 σὺν
2592 970 2823 1044 Μαριὰμ
2851 974 2916 1041 τῇ
2967 969 3416 1041 μεμνηστευμένῃ
3448 966 3605 1036 αὐτῷ
3639 984 3726 1034 γυ-

2151 1063 2324 1123 ναικὶ,
2365 1061 2501 1134 οὐσῃ
2553 1061 2753 1132 ὲγκύῳ,
2789 1063 2970 1130 ἠγνόει
3004 1064 3033 1114 ό
3073 1060 3268 1131 Ἰωσὴφ
3300 1060 3360 1113 τὸ
3407 1061 3466 1113 ὲν
3513 1061 3581 1128 τῇ
3622 1059 3725 1128 (82)

2153 1153 2414 1223 Παρθένῳ
2448 1152 2971 1222 μυσταγωγούμενον
2987 1167 3000 1179 ·
3025 1152 3126 1205 οὐκ
3149 1147 3215 1221 ἦν
3237 1149 3448 1203 οὐδέπω
3480 1149 3727 1219 χρησμὸν

2148 1244 2380 1312 ἀγγέλου
2441 1243 2749 1314 δεξάμενος.
2817 1243 2880 1296 Ἡ
2917 1243 2975 1296 δὲ
3030 1241 3302 1313 Παρθένος
3368 1241 3430 1294 τὸ
3489 1240 3727 1307 ἀσφαλὲς

2149 1335 2432 1404 ἐκέκτητο,
2453 1334 2547 1386 καὶ
2568 1333 2646 1404 τῷ
2667 1333 2812 1404 λόγῳ
2831 1333 2923 1386 καὶ
2945 1332 3021 1402 τῷ
3047 1332 3196 1404 ὄγκῳ
3214 1350 3228 1362 ·
3253 1333 3375 1385 ὅσον
3391 1330 3500 1401 γάρ
3518 1331 3621 1401 τῆς
3636 1347 3727 1398 γα-

2151 1422 2311 1493 στρὸς
2339 1425 2370 1492 ή
2405 1420 2631 1490 αὔξησις
2671 1423 2901 1491 ἐγίνετο,
2931 1422 3182 1475 τοσοῦτον
3219 1423 3252 1492 ἡ
3280 1421 3562 1492 Παρθένος
3599 1422 3728 1490 ἀμε-

2151 1514 2464 1585 ριμνότερον
2506 1512 2620 1581 βίον
2651 1512 2948 1584 διέτριϐεν·
2985 1511 3120 1582 ὁμοῦ
3162 1513 3256 1566 καὶ
3296 1511 3395 1581 τὴν
3429 1511 3726 1581 παρθενίαν

2148 1605 2446 1676 ἀμόλυντον
2503 1602 2881 1674 φυλάττουσα,
2939 1603 3034 1656 καὶ
3095 1602 3187 1655 τὸν
3239 1602 3397 1655 τόκον
3458 1599 3726 1654 ἀσκυλτον

2149 1695 2376 1764 ἄγουσα,
2416 1694 2477 1748 οὐ
2507 1694 2759 1747 τοσοῦτον
2800 1692 3131 1764 κοπουμένη,
3177 1693 3299 1745 ὅσον
3336 1690 3724 1761 κουφιζομένη.

543 1782 598 1838 6.
638 1782 845 1838 Horum
876 1799 1040 1840 causa
1073 1784 1271 1839 anxius
1299 1783 1523 1855 Joseph,
1551 1799 1674 1838 cum
1690 1783 1900 1839 videret
1927 1800 2046 1840 eam

2202 1763 2273 1841 76.
2305 1786 2450 1856 Πρὸς
2481 1784 2691 1848 τούτοις
2735 1783 2982 1853 ἀγωνιῶν
3015 1763 3123 1855 (83)
3161 1785 3189 1834 6
3229 1781 3446 1854 Ἰωσὴφ,
3486 1782 3563 1844 ὡς
3597 1778 3728 1835 εἶδεν

472 1883 688 1929 uterum
738 1882 990 1946 gestare,
1056 1875 1440 1946 ignoraretque
1496 1876 1646 1930 intus
1702 1877 2045 1931 reconditum

473 1967 816 2030 thesaurum,
862 1981 1098 2021 mterore
1116 2008 1123 2020 ν.
1141 1965 1386 2029 allectus,
1416 1965 1692 2036 Virginem
1733 1968 1791 2022 in
1818 1968 1906 2022 via
1950 1969 2051 2022 ob-

468 2053 711 2124 jurgavit
749 2053 900 2109 hisce
931 2054 1147 2108 verbis:
1182 2051 1323 2120 Quid
1355 2052 1452 2107 tibi
1492 2040 1740 2117 videtur,
1770 2069 1804 2108 o
1843 2053 2050 2108 Maria?

473 2146 664 2199 Nonne
691 2153 751 2198 tu
785 2159 846 2199 es
869 2160 989 2215 qua:
1019 2154 1078 2200 ut
1103 2146 1413 2201 verecunda
1443 2145 1613 2216 Virgo
1661 2147 1716 2199 in
1745 2147 1932 2216 templi
1962 2161 2050 2201 se-

475 2245 568 2306 pto
599 2251 658 2292 es
706 2237 981 2293 educata?
1020 2236 1212 2294 Nonne
1250 2247 1309 2292 tu
1342 2254 1423 2305 es,
1455 2254 1489 2293 o
1540 2239 1705 2292 Maria
1726 2279 1742 2302 ,
1799 2255 1920 2309 quae
1947 2239 2048 2294 viri
2093 2227 2106 2242 ’

473 2338 757 2400 aspectum
793 2347 903 2385 non
942 2331 1295 2386 sustinebas?
1329 2331 1520 2387 Nonne
1567 2340 1624 2386 tu
1654 2347 1734 2396 es,
1763 2347 1795 2386 ο
1840 2330 2007 2386 Maria
2032 2374 2047 2399 ,

474 2435 596 2489 qua:
643 2428 833 2476 contra
864 2422 1206 2492 propositum
1235 2427 1390 2476 tuum
1424 2437 1511 2477 me
1552 2422 1608 2475 in
1655 2437 1916 2492 sponsum
1950 2423 2048 2477 ad-

473 2511 712 2567 misisti?
739 2509 930 2568 Nonne
956 2521 1012 2566 ιιι
1055 2528 1136 2578 es,
1165 2528 1199 2568 ο
1225 2511 1416 2576 Maria,
1448 2528 1568 2582 quae
1596 2512 1926 2584 virginitatis
1957 2529 2050 2569 ro-

475 2618 592 2656 sam
629 2604 1137 2660 immarcessibilem
1174 2618 1392 2660 servare
1447 2604 1811 2674 peroptabas?
1858 2603 2048 2659 Nonne

474 2705 534 2751 tu
577 2713 668 2762 es,
721 2711 755 2751 o
792 2695 984 2758 Maria,
1017 2712 1138 2767 qua:
1177 2694 1484 2751 Susannam
1542 2695 1837 2768 diligebas,
1887 2694 2050 2767 Egy,

475 2790 643 2860 ptiam
672 2789 900 2846 oderas?
928 2788 1119 2846 Nonne
1154 2798 1212 2844 tu
1248 2805 1329 2851 es,
1377 2803 1410 2843 ο
1441 2786 1608 2842 Maria
1633 2829 1646 2853 ,
1679 2805 1799 2859 quae
1827 2791 1878 2844 vi
1928 2798 2049 2844 stu-

473 2888 682 2950 pratam
717 2880 955 2936 Thamar
1011 2896 1153 2951 saepe
1213 2880 1431 2951 legebas
1472 2880 1516 2912 ⁶⁷
1541 2921 1558 2945 ,
1623 2890 1677 2935 et
1715 2881 2047 2951 impudicum

474 2977 778 3028 Amnonem
805 2974 1198 3029 exsecrabare?
1226 2972 1498 3040 Quorsum
1554 2975 1688 3029 abiit
1734 2977 1824 3030 ille
1867 2975 2046 3029 conti-

2151 1880 2318 1951 αὐτὴν
2349 1879 2489 1932 κατά
2532 1881 2764 1950 γαστρὸς
2801 1879 3052 1949 ἔχουσαν,
3097 1877 3188 1931 τὸν
3219 1877 3427 1930 ἔνδοθεν
3455 1876 3728 1946 θησαυρὸν

2148 1971 2377 2040 ἀγνοῶν,
2431 1971 2753 2038 στυγνάσας,
2797 1969 2939 2024 κατά
2981 1970 3079 2041 τὴν
3124 1969 3240 2022 ὁδὸν
3265 1967 3556 2021 ἀντέϐαλλε
3598 1968 3727 2037 πρὸς

2150 2063 2247 2135 τὴν
2291 2063 2583 2134 Παρθένον,
2618 2063 2828 2132 λέγων’
2867 2062 2933 2115 Τί
2981 2079 3063 2115 σοι
3093 2061 3155 2114 τὸ
3185 2061 3364 2125 δόξαν,
3403 2059 3632 2131 Μαρίας
3661 2059 3726 2112 Οὐ

2151 2158 2215 2209 σὺ
2245 2151 2296 2208 εἴ
2322 2158 2355 2227 ἡ
2389 2155 2463 2218 ὡς
2488 2155 2762 2226 αἰδέσιμος
2795 2153 3069 2226 Παρθένος
3096 2155 3153 2206 ὲν
3177 2156 3290 2216 τοῖς
3315 2155 3480 2223 ἱεροῖς
3515 2149 3729 2221 περιϐό-

2148 2246 2261 2310 λοις
2302 2248 2712 2318 ἁνατραφεῖσας
2761 2247 2836 2300 Οὐ
2886 2247 2951 2299 σὺ
2986 2241 3036 2298 εἶ
3081 2242 3335 2316 Μαριὰμ,
3372 2243 3405 2313 ἡ
3443 2242 3730 2312 πρόσωπον

2149 2339 2341 2411 ἀνδρὸς
2383 2339 2658 2410 θεωρῆσαι
2705 2338 2778 2409 μὴ
2825 2335 3368 2407 καταδεχομένη;οὐ
3415 2335 3480 2386 σὺ
3517 2329 3568 2386 εἷ
3613 2333 3730 2386 Μα-

2152 2432 2308 2504 ριὰμ,
2359 2433 2391 2502 ἡ
2455 2431 2605 2503 παρά
2656 2431 2913 2500 πρόθεσιν
2974 2427 3414 2499 κατεγγυηθῆναί
3466 2444 3558 2497 μοι
3616 2442 3730 2477 πει-

2152 2524 2338 2577 σθεῖσα
2370 2524 2514 2595 (84);
2554 2525 2629 2577 Οὐ
2663 2524 2725 2576 σὺ
2762 2519 2812 2576 εἷ
2838 2520 3090 2594 Μαριὰμ,
3124 2523 3156 2591 ἡ
3194 2519 3255 2572 τὸ
3294 2519 3393 2587 τῆς
3432 2517 3729 2588 παρθενίας

2151 2616 2302 2687 ῥόδον
2349 2617 2659 2687 ἀμάραντον
2708 2614 2937 2684 φυλάξαι
2971 2611 3413 2685 προσευξαμένη;
3448 2609 3524 2661 Οὐ
3578 2609 3644 2660 σὺ
3685 2599 3734 2658 εἴ

2148 2708 2401 2780 Μαριὰμ,
2429 2710 2462 2779 ὴ
2491 2707 2590 2779 τὴν
2619 2709 2903 2762 Σωσάνναν
2931 2705 3280 2776 ἀγαπήσασα,
3318 2701 3412 2754 καὶ
3440 2700 3541 2771 τὴν
3573 2701 3730 2766 Αἰγυ-

2151 2802 2312 2855 πτίαν
2344 2801 2656 2870 μισήσασα;
2700 2799 2773 2850 Οὐ
2824 2798 2888 2851 σὺ
2922 2793 2973 2850 εἷ
3007 2795 3262 2865 Μαριὰμ,
3298 2795 3332 2864 ἡ
3368 2792 3470 2864 τὴν
3500 2793 3732 2863 βιασθεῖ-

2152 2909 2250 2944 σαν
2285 2891 2482 2961 Θάμαρ
2526 2887 2918 2958 ἁναλεγομένη,
2967 2886 3063 2938 καὶ
3108 2885 3199 2936 τὸν
3253 2884 3490 2939 ἄτακτον
3541 2877 3731 2953 Ἀμνὸν

2153 2980 2577 3052 βδελυττομένη;
2612 2979 2721 3032 Ποῦ
2755 2996 2848 3031 σου
2887 2977 2986 3047 τῆς
3013 2975 3364 3049 σωφροσύνης
3391 2977 3421 3029 6
3455 2974 3730 3045 Θάλαμοςς

473 3065 675 3119 nentia:
708 3072 815 3119 tuae
837 3065 1149 3120 thalamus?
1196 3063 1470 3130 Quorsum
1524 3066 1614 3120 ille
1643 3066 1911 3122 castitatis
1942 3067 2046 3120 im-

2155 3073 2263 3127 Πού
2299 3090 2392 3126 σου
2427 3073 2525 3143 τῆς
2557 3071 2780 3140 ἁγνείας
2811 3073 2844 3141 ἡ
2873 3069 3097 3132 ἄσπιλος
3130 3069 3376 3133 παστάς;
3413 3068 3528 3122 Ποῦ
3557 3085 3650 3120 σου
3673 3065 3732 3118 τὸ

475 3158 782 3212 maculatus
815 3157 1043 3213 thorus?
1098 3156 1371 3224 Quorsum
1405 3159 1742 3215 verecundus
1790 3161 1881 3215 ille
1922 3161 2046 3215 vul-

476 3248 609 3304 tus?
645 3247 756 3318 Ego
788 3248 996 3316 pudore
1022 3247 1248 3312 allicior,
1281 3257 1338 3302 tu
1368 3249 1702 3304 conﬁdenter
1729 3250 1879 3319 agis?
1909 3249 2048 3316 Quia

475 3348 760 3412 peccatum
783 3339 918 3396 sileo
939 3347 1115 3405 tuum,
1139 3348 1197 3395 tu
1236 3341 1464 3411 propius
1501 3341 1761 3397 accedere
1782 3342 2050 3398 festinas?

475 3432 595 3487 Non
616 3433 770 3488 vides
800 3432 904 3488 alvi
938 3439 1044 3488 tuae
1075 3433 1387 3487 tumorem?
1414 3431 1565 3488 Intus
1593 3432 1775 3488 infans
1798 3434 2044 3503 palpitat,

475 3533 529 3582 et
553 3536 609 3580 tu
639 3523 800 3595 quasi
842 3524 980 3578 nihil
1023 3533 1247 3595 experta
1279 3524 1471 3579 hilaris
1499 3525 1600 3580 es?
1639 3525 1782 3588 Abi,
1838 3524 2007 3580 Maria
2030 3565 2047 3588 ,

475 3619 709 3689 remigra
744 3617 797 3671 in
823 3617 1044 3672 domum
1087 3624 1236 3671 tuam
1274 3637 1288 3673 :
1324 3633 1506 3688 quaere
1526 3618 1799 3688 pudicitia:
1827 3626 1934 3672 tuae
1964 3618 2049 3672 fu-

473 3728 612 3776 rem,
647 3728 772 3766 cum
819 3711 914 3766 illo
956 3710 1287 3767 describare.
1321 3710 1434 3780 Ego
1471 3711 1860 3766 contumeliam
1900 3712 2047 3766 illam

475 3814 586 3852 non
618 3799 867 3864 admitto,
899 3799 1106 3852 nullam
1133 3798 1199 3853 ad
1225 3813 1440 3869 poenam
1466 3799 1864 3869 deprecandam
1906 3801 2051 3856 inve-

475 3896 595 3949 nies
614 3894 1045 3950 excusationem.
1075 3893 1214 3948 Tum
1247 3895 1408 3966 Virgo
1445 3896 1511 3950 ad
1539 3893 1870 3965 Josephum:
1907 3894 2049 3962 Quid

475 3983 800 4056 indignaris,
819 3985 892 4038 mi
915 3987 1151 4054 sponse?
1181 3985 1323 4052 Quid
1371 4002 1457 4041 me
1503 3995 1562 4040 ut
1606 3988 1932 4057 impudicam
1955 3988 2051 4041 da-

474 4075 670 4130 mnas?
697 4074 838 4140 Quid
865 4076 1280 4132 contumeliosis
1301 4077 1476 4133 oculis
1492 4078 1632 4132 uteri
1652 4079 1755 4132 mei
1782 4087 2049 4133 tumorem

474 4165 786 4237 conspicis?
813 4165 954 4233 Quid
982 4183 1068 4222 me
1092 4167 1160 4222 ad
1189 4168 1623 4224 erubescendum
1654 4169 1839 4240 cogis?
1865 4168 2052 4224 Gloria

475 4273 597 4312 sum
628 4259 938 4324 mulierum,
965 4274 996 4313 a
1045 4259 1229 4329 priore
1260 4259 1382 4316 illas
1408 4259 1746 4330 turpitudine
1777 4277 2053 4331 emergere

477 4349 580 4402 feci
608 4366 622 4402 :
654 4347 819 4402 Evam
845 4350 1132 4404 revocavi:
1170 4350 1387 4420 igneum
1425 4351 1677 4405 transtuli
1709 4351 1969 4422 gladium,
1998 4357 2052 4405 et

2155 3165 2456 3221 αἱδεστικδν
2482 3165 2800 3236 πρόσωπον;
2847 3162 2987 3231 Ἐγὼ
3015 3161 3356 3232 αἰσχύνομαι,
3384 3161 3480 3215 καὶ
3515 3161 3580 3212 σὺ
3605 3163 3731 3232 παρο

2157 3254 2436 3328 ρησιάζεις
2459 3272 2474 3321 ;
2501 3256 2621 3308 Ὀτι
2645 3251 2833 3305 σιωπῶ
2859 3252 2957 3322 τὴν
2990 3249 3264 3320 ἁμαρτίαν
3288 3265 3404 3311 σου,
3431 3247 3578 3300 οὓτω
3601 3246 3730 3315 πλη-

2156 3349 2430 3418 σιέστερον
2455 3347 2650 3418 χωρεῖν
2676 3344 2954 3411 ὲπείγεσαι
2985 3341 3092 3411 (85)
3114 3357 3128 3406 ;
3160 3341 3270 3410 Οὐχ
3294 3341 3428 3410 ὁρᾷς
3450 3339 3543 3391 τὸν
3573 3339 3730 3406 δγκον

2153 3441 2254 3510 τῆς
2286 3439 2492 3502 κοιλίας
2527 3455 2654 3503 σου;
2692 3436 2880 3489 Ἔνδον
2923 3434 2983 3487 τὸ
3015 3433 3210 3505 βρέφος
3263 3432 3506 3503 σπαίρει,
3541 3433 3636 3484 καὶ
3668 3430 3728 3482 σύ

2155 3533 2231 3596 ὡς
2281 3532 2610 3600 ἀπείραστος
2662 3526 2982 3599 πειρασμῶν
3027 3524 3323 3597 φαιδρύνῃς
3381 3522 3734 3586 Ἀπιθι,Μα-

2157 3623 2322 3694 ριάμο
2351 3621 2686 3693 ὐπόστρεψον
2713 3622 2794 3684 εἰς
2823 3620 2913 3672 τὸν
2942 3613 3088 3671 οἶκόν
3119 3633 3212 3669 σου
3231 3632 3244 3645 ·
3282 3613 3621 3684 ἐπιζήτησον
3645 3613 3732 3666 τὸν

2155 3715 2490 3786 κλεψίγαμον
2508 3732 2521 3744 ·
2551 3714 2743 3785 ἐκείνῳ
2772 3709 3202 3782 ὲναπογράφηθι.
3239 3706 3553 3777 Ἀλλοτρίαν
3581 3705 3735 3776 ὕϐριν

2155 3806 2216 3858 οὐ
2242 3805 2603 3876 καταδέχομαι
2627 3820 2641 3834 ο
2691 3803 2789 3874 οὐχ
2817 3802 3090 3873 εὑρίσκεις
3133 3797 3428 3866 ἀπολογίαν
3471 3796 3612 3867 πρὸς
3640 3797 3735 3866 τὴν

2153 3899 2442 3970 τιμωρίαν.
2470 3898 2531 3951 Ἡ
2556 3898 2611 3950 δὲ
2641 3896 2909 3968 Παρθένος
2940 3895 3076 3965 πρὸς
3109 3893 3204 3946 τὸν
3241 3892 3437 3963 Ἰωσήφ
3462 3908 3480 3924 ·
3518 3889 3586 3942 Τί
3617 3889 3736 3941 δυσ-

2156 3989 2446 4059 χεραίνεις,
2485 3988 2722 4059 μνῆστερ
2753 3984 2919 4056 ὲμοῦ;
2948 3984 3012 4036 Τί
3041 3983 3115 4046 ὡς
3162 3983 3398 4035 ἀτάκτου
3435 3997 3541 4051 μου
3571 3997 3735 4032 κατιι⁶

2155 4077 2444 4149 ψηφίζεις;
2474 4078 2538 4130 Τί
2586 4075 2934 4147 ὲφυϐρίστοις
2976 4072 3271 4143 ὀφθαλμοῖς
3303 4069 3394 4123 τὸν
3441 4069 3612 4137 ὖγκον
3641 4068 3734 4135 τῆς

2155 4171 2390 4241 γαστρός
2427 4187 2526 4240 μου
2564 4167 2940 4239 περιϐλέπεις;
2979 4164 3043 4217 Τί
3077 4162 3331 4234 ὲρυθριᾷν
3361 4177 3428 4231 με
3461 4173 3736 4224 καταναγ-

2157 4264 2376 4329 κάζεις;
2426 4264 2562 4330 Δόξα
2594 4261 2701 4316 τῶν
2745 4259 3019 4330 γυναικῶν
3052 4259 3284 4328 γέγονα·
3329 4259 3429 4321 τῆς
3463 4256 3734 4327 πρπέρας

2158 4355 2327 4418 αὐτὰς
2354 4352 2616 4423 αἰσχύνης
2645 4352 2891 4406 ἀπέδυσα
2909 4368 2922 4381 ·
2961 4350 3059 4421 τὴν
3101 4349 3246 4402 Εὐαν
3275 4345 3731 4416 ἁνεκαλεσάμην·

475 4449 534 4491 ιιι
552 4439 812 4507 mejubes
832 4441 1140 4494 occultari?
1170 4439 1341 4496 Nemo
1367 4456 1558 4512 pmnas
1589 4457 1617 4495 a
1651 4458 1736 4498 me
1765 4457 2048 4512 reposcere

2155 4448 2252 4520 τὴν
2287 4446 2542 4516 φλογίνην
2573 4443 2844 4514 ῥομφαίαν
2877 4442 3214 4514 μετέστησαο
3243 4440 3336 4493 καὶ
3363 4439 3428 4490 σὺ
3467 4438 3735 4491 καλύπτε-

475 4532 695 4602 poterit,
730 4546 852 4600 qua:
875 4546 1220 4586 communem
1251 4534 1495 4588 omnium
1532 4542 1686 4605 gesto
1733 4533 2047 4589 Dominum.

476 4619 533 4671 Si
560 4616 628 4672 de
657 4633 742 4673 me
782 4618 900 4687 ipsa
928 4621 1300 4676 testimonium
1357 4622 1562 4688 feram,
1626 4624 1807 4680 inanis
1864 4625 2050 4695 gloriae

474 4709 671 4778 cupida
713 4709 1120 4779 deprehendar.‘
1168 4711 1453 4768 Paululum
1506 4724 1783 4786 exspecta,
1817 4715 2048 4788 Joseph,

474 4804 681 4874 tibique
725 4811 971 4874 pastores
996 4820 1124 4860 vera
1163 4796 1608 4876 persuadebunt,
1664 4816 1718 4864 te
1752 4811 1895 4881 magi
1929 4827 2049 4866 cer-

475 4898 669 4953 tiorem
718 4897 960 4953 facient:
999 4899 1157 4953 stella
1211 4900 1420 4970 pudore
1451 4900 1695 4957 aiiiciet:
1753 4904 1929 4974 angeli
1979 4905 2049 4958 ad

474 4990 960 5060 compunctionem
982 4992 1320 5047 excitabunt.
1344 4991 1462 5047 Jam
1489 4993 1730 5057 dubitas,
1751 4996 1914 5064 paulo
1928 5003 2051 5064 post

473 5082 699 5150 gloriam
734 5082 910 5148 dabis,
939 5083 1034 5138 ubi
1065 5085 1342 5140 cmlestem
1372 5086 1674 5139 exercitum
1705 5088 1893 5141 audies
1921 5102 2046 5142 cum

472 5184 740 5231 concentu
776 5177 1104 5234 clamantem
1140 5197 1155 5234 :
1197 5196 1216 5230 ι
1252 5177 1437 5234 Gloria
1471 5179 1525 5233 in
1558 5180 1791 5235 excelsis
1825 5180 1955 5244 Deo,
1993 5187 2049 5236 et

546 5331 589 5363 "
627 5330 828 5392 Genes.
863 5351 1093 5391 xxxvnt.

546 5484 671 5563 {82)_
692 5485 938 5563 (ξοιδει,
959 5487 1234 5563 ῼηήγνόεᾼι
1262 5493 1290 5544 6
1313 5491 1512 5563 Ἰωσὴφ
1539 5494 1606 5562 τῇ
1642 5489 1764 5563 ξένῃ
1795 5507 2054 5563 πραγμα-

477 5556 773 5642 τείῇητὸῄὲον
816 5562 926 5642 τῇτ-
958 5556 1113 5642 Infra;
1151 5561 1339 5642 iidem,
1377 5556 1764 5642 χρηματισμὸν
1793 5556 2048 5630 ἀγγέλου.

552 5624 662 5698 (δῇ)
690 5624 782 5698 ξῑο
813 5624 970 5682 Golb.
998 5630 1049 5690 ι,
1080 5631 1134 5683 9..
1166 5630 1311 5684 nam
1338 5624 1504 5693 vé‘r'o';
1520 5624 1752 5698 ἀγνοῶν.

552 5693 663 5763 {84)
689 5694 781 5749 Sic
809 5711 939 5752 mss.
977 5698 1130 5770 Cplb.
1167 5699 1307 5754 Editi
1343 5715 1490 5766 vero,
1525 5693 1582 5771 η’
1609 5699 1752 5755 κατά
1796 5699 2050 5772 πρόθεσιν

2159 4537 2280 4592 σθαί
2311 4555 2378 4608 με
2407 4533 2844 4604 παρασκευάζεις
2875 4532 3021 4602 (86);
3055 4531 3239 4593 Οὐδεὶς
3271 4529 3426 4592 δίκας
3451 4529 3555 4598 ἐμὲ
3583 4528 3735 4596 δυνή-

2158 4646 2307 4683 σεται
2341 4626 2732 4699 εἰσπράξασθαι
2757 4642 2771 4654 ⁸
2809 4626 2984 4678 κοινὸν
3020 4623 3128 4694 γὰρ
3159 4621 3436 4691 Δεσπότην
3461 4619 3732 4690 βαστάζω.

2170 4718 2293 4772 ,Εὰν
2325 4717 2436 4786 ἐγὼ
2481 4717 2607 4788 περὶ
2650 4716 2890 4786 ἐμαυτῆς
2941 4716 3292 4785 μαρτυρήσω,
3339 4712 3416 4774 ὡς
3462 4710 3734 4773 κενόδΟξός

2157 4828 2240 4874 τις
2263 4809 2652 4881 εὐρεθήσομαι.
2689 4809 2899 4879 Μικρὸν
2926 4807 3284 4878 καρτέρησον,
3314 4798 3360 4856 ὦ
3396 4805 3622 4873 Ἰωσὴφ,
3645 4803 3736 4855 καὶ

2158 4901 2412 4972 ποιμένες
2460 4919 2518 4954 σε
2549 4901 2824 4954 πείσουσιν
2845 4916 2859 4931 ·
2897 4900 3059 4971 μάγοι
3101 4915 3159 4950 σε
3191 4897 3700 4968 πληροφορήσουσιν
3719 4911 3733 4923 ·

2157 4995 2333 5065 ἀστήρ
2365 5011 2423 5047 σε
2456 4994 2796 5065 δυσωπήσειο
2832 4991 3052 5060 ἄγγελοί
3086 5007 3144 5042 σε
3190 4987 3577 5051 κατανύξουσι.
3626 4987 3737 5039 Νῦν

2156 5085 2534 5156 ἀμφιϐάλλεις,
2563 5084 2679 5156 μετ’
2709 5085 2769 5137 οὐ
2795 5084 2930 5138 πολὺ
2957 5083 3012 5136 δὲ
3038 5081 3299 5146 δοξάσεις,
3333 5081 3423 5132 ὅτε
3451 5082 3553 5150 τῆς
3580 5081 3738 5131 ἐπου-

2161 5178 2344 5252 ρανίου
2377 5180 2634 5248 στρατιᾶς
2654 5176 2904 5240 ἀκούσεις
2930 5173 3235 5246 συμφώνως
3261 5172 3474 5244 βοώσης
3494 5189 3509 5202 ·
3552 5191 3571 5223 ε
3605 5171 3736 5234 Δόξα

2159 5487 2600 5573 καῖξιγιηθῗινοεξ
2626 5487 2699 5573 μὴ
2731 5485 3035 5573 “seats?”-

2231 5548 2353 5631 (85)'
2377 5548 2453 5611 Ita
2478 5548 2890 5631 Colbfjaljlditi
2913 5569 3062 5631 vero,
3088 5551 3383 5631 ἐπήγεσας.
3417 5548 3566 5604 Idem
3589 5557 3729 5604 mox.

2161 5623 2355 5704 βρέφος
2378 5629 2614 5704 σπαίρει.
2638 5626 2810 5704 βᾱίιί,
2841 5626 3000 5688 male,
3037 5623 3271 5704 σπείρει.

2230 5692 2346 5771 (86)
2369 5692 2527 5755 Coll);
2556 5699 2608 5765 1,
2635 5697 2689 5765 2,
2731 5714 2797 5768 με
2827 5692 3277 5763 καταναγκάζεις.
