3832 6216
207 331 316 388 953

1197 327 1432 384 SEBMO
1467 327 1557 382 DE
1593 327 2096 385 DESCRIPTIONE
2133 328 2482 386 DEIPABE.

3355 331 3462 388 934

208 450 269 503 ὲν
302 445 546 516 ὑψίστοις
574 443 714 516 Θεῷ,
756 446 852 499 καὶ
879 446 972 499 ἐπὶ
1002 445 1102 515 γῆς
1137 447 1348 517 εἰρήνη,
1378 447 1438 498 ὲν
1487 444 1777 516 ἀνθρώποις

1894 446 1951 500 in
1988 453 2135 502 terra
2165 462 2290 517 pax,
2322 447 2379 501 in
2413 445 2727 502 hominibus
2749 446 3232 516 beneplacitum".
3273 465 3291 499 ι
3319 446 3460 501 Tum

205 538 444 592 εὐδοκία.
476 556 495 588 ι
531 537 663 590 Τότε
704 537 1112 606 γονυπετήσεις,
1143 537 1239 590 καὶ
1269 537 1330 590 ού
1371 535 1784 606 καταζητήσεις.

205 629 318 700 Οὐχ
345 628 477 698 ὁρᾷς
504 626 605 697 τῆς
629 623 748 678 ὁδοῦ
771 625 870 696 τὴν
903 623 1171 690 διάϐασιν,
1209 625 1427 696 Ἰωσὴφ,
1452 625 1546 678 καὶ
1567 626 1646 677 ὅτι
1671 624 1789 676 οὐδ-

206 722 288 784 εὶς
317 719 526 793 ἀνδρῶν
569 719 933 787 συνοδοιπορεῖ
968 719 1141 788 ήμῖν;
1181 717 1292 786 υύχ
1320 715 1456 786 ὁρᾷς
1507 715 1599 768 τὸν
1639 715 1789 786 ἥλιον

205 811 594 881 λαμπροτέραν
634 808 826 879 στολὴν
855 807 1286 879 ἀναϐαλλόμενον
1319 807 1464 876 (87);
1499 807 1611 877 Οὐχ
1655 807 1789 877 ὁρᾷς

207 905 392 956 πᾶσαν
421 902 738 972 τὴν,κτίσιν
772 900 1080 971 σκιρτῶσαν
1107 915 1121 964 ;
1155 900 1266 969 Ούχ
1289 898 1422 969 ὁρᾷς
1462 897 1530 951 τὰ
1558 897 1656 968 ὁρη
1683 914 1789 967 πη·-

209 995 420 1058 δῶντα;
473 995 587 1062 Ούχ
638 994 770 1064 ὁρᾷς
837 991 964 1054 τοὺς
1025 989 1244 1060 βουνοὺς
1299 990 1784 1058 εὐφραινομένους;

206 1087 322 1157 οὐχ
365 1087 497 1158 ὁρᾷς
524 1084 623 1147 τὰς
653 1083 879 1152 ἀφέσεις
916 1081 1024 1135 τῶν
1057 1082 1262 1135 ὑδάτων
1309 1078 1784 1151 ύπερϐλυζούσας;

204 1180 320 1249 οὐχ
367 1179 501 1249 ὁρᾷς
547 1177 637 1229 τὸν
686 1175 960 1247 Ἰορδάνην
1013 1172 1117 1238 ἔξω
1173 1172 1599 1243 περιτρέχοντας
1657 1169 1792 1243 Ἀπὸ(
1860 1221 1864 1224 .

203 1268 315 1321 τῶν
364 1267 608 1338 σημείων
653 1265 913 1335 στόχασαι
959 1265 1022 1317 τὸ
1066 1263 1384 1333 τεκμήριον,
1421 1261 1516 1314 καὶ
1566 1258 1660 1330 μὴ,
1704 1259 1786 1310 ὅτι

204 1361 405 1429 ἐγκυός
433 1363 570 1431 εἰμι,
605 1360 843 1422 δίσταζε,
881 1358 1100 1428 Ἰωσήφ.
1137 1353 1503 1423 Ἐδανείσθην,
1531 1353 1628 1405 οὐκ
1661 1352 1786 1421 ἐμο-

203 1452 434 1522 λύνθην’
467 1452 678 1524 ἔχρησα
707 1452 807 1522 τὴν
843 1448 1074 1513 κοιλίαν,
1115 1450 1215 1502 οὐκ
1245 1446 1484 1516 ἐμόλυνα
1519 1445 1618 1514 τὴν
1647 1460 1787 1515 παρ-

203 1545 409 1600 θενίαν.
440 1547 532 1617 Μὴ
567 1545 874 1614 ἀπιστήσῃς
910 1545 1022 1604 τοῖς
1052 1540 1451 1613 προκειμένοις,
1483 1531 1528 1590 ὦ
1566 1537 1780 1606 Ἰωσήφ.

205 1639 336 1692 Ὅτε
373 1636 752 1708 μαιωθήσομαι
797 1633 930 1704 (88),
977 1632 1098 1686 τότε
1143 1631 1228 1695 τίς
1272 1632 1387 1702 εἰμι
1421 1625 1787 1699 γνωρισθήσο-

205 1750 305 1803 μαι
330 1747 346 1761 ο
382 1731 476 1784 νῦν
503 1729 849 1798 ὀνειδίζομαι,
881 1726 1002 1779 τότε
1033 1722 1511 1796 μακαρισθήσομαι
1537 1739 1553 1752 ο
1589 1718 1684 1772 νῦν
1709 1717 1784 1780 ὡς

199 1799 374 1874 αἴτιον
413 1817 754 1880 ἀπελαύνεις,
788 1816 908 1869 τότε
933 1813 1008 1876 ὡς
1047 1814 1206 1881 ἁγίαν
1239 1813 1404 1881 ἐγγὺς
1429 1806 1567 1863 εἶναι
1601 1825 1781 1881 παρα-ι
1810 1799 1852 1853 Β

199 1911 474 1973 καλέσεις.
506 1909 619 1980 Μὴ,
645 1909 727 1961 ὅτι
759 1906 933 1969 δοκεῖς
963 1905 1248 1974 φυλάττειν
1281 1902 1411 1972 (89),
1442 1900 1775 1971 μεγαλύνου-

200 2003 314 2072 ἐγὼ
341 2001 451 2072 γάρ
479 2017 540 2054 σε
567 1999 846 2068 φυλάττω·
880 2000 908 2051 6
933 1997 1042 2068 γὰρ
1064 1996 1161 2067 τὴν
1185 1994 1324 2065 ἐμὴν
1347 1993 1551 2046 κοιλίαν
1576 1995 1780 2064 σκηνὴν

198 2099 426 2169 ποιῆσαι
481 2092 935 2162 καταδεξάμενος,
985 2085 1139 2152 οὗτος
1192 2087 1373 2157 πάσης
1417 2089 1517 2156 τῆς
1565 2085 1778 2155 φύσεως

199 2187 394 2260 φύλαξ.
435 2185 794 2259 Πορευθῶμεν
832 2184 1030 2246 τοίνυν,
1066 2181 1159 2235 καὶ
1197 2179 1566 2249 ὲναπόγραφοι
1612 2176 1779 2246 γενώ-

199 2278 364 2350 μεθα,
395 2279 542 2340 ὅπως
575 2276 838 2348 πληρωθῇ
868 2273 962 2327 καὶ
1001 2276 1033 2342 ή
1067 2270 1428 2342 στρατιωτικὴ
1467 2268 1774 2339 νομοθεσία,

193 2371 294 2424 καὶ
321 2372 354 2441 ἡ
383 2368 630 2440 βασιλικὴ
656 2363 1071 2438 δογματοθεσία.

270 2461 321 2514 7.
367 2461 454 2513 Ἐν
482 2459 690 2522 τούτοις
719 2461 748 2511 ὁ
786 2458 984 2527 Ἰωσὴφ
1017 2453 1352 2522 εὐλαϐηθεὶς,
1387 2451 1567 2522 διττὴν
1595 2451 1776 2506 λοιπὸν

190 2553 315 2607 ὁδὸν
340 2551 550 2616 ἐϐάδιζε
574 2569 587 2582 ·
625 2553 740 2614 τοῖς
771 2550 867 2620 μὲν
900 2547 1027 2600 ποσὶ
1054 2546 1152 2617 τὴν
1185 2546 1286 2615 γῆν
1336 2543 1618 2614 ίχνοποιῶν
1642 2542 1773 2613 (90),

193 2647 312 2707 τοῖς
339 2643 396 2696 δὲ
426 2643 702 2711 λογισμοῖς
749 2639 848 2702 τάς
891 2636 1117 2706 νεφέλας
1163 2634 1511 2705 ὑπερπηδῶν.
1560 2633 1625 2686 Τί
1667 2633 1776 2704 γὰρ

190 2737 382 2807 ἕτερον
405 2733 546 2806 εἶχεν
571 2736 599 2786 6
639 2733 834 2803 Ἰωσὴφ
867 2727 1309 2800 διαπράττεσθαι,
1337 2727 1369 2798 ἢ
1402 2727 1513 2781 ἄνω
1543 2726 1632 2778 τὸν
1655 2725 1777 2779 νοῦν

196 2829 518 2898 σχολάζειν,
580 2824 770 2893 ἐπειδὴ
806 2823 955 2874 πᾶσα
1006 2820 1151 2882 δόσις
1201 2817 1379 2888 ἀγαθὴ
1425 2816 1627 2870 ἄνωθέν
1660 2818 1774 2869 ἐστι

188 2923 472 2993 δεδομένη.
507 2921 604 2974 Διὰ
632 2920 789 2973 τοῦτο
815 2917 998 2972 λοιπὸν
1021 2918 1050 2969 ὁ
1084 2915 1282 2984 Ἰωσὴφ
1311 2913 1776 2986 συμπεριεφέρετο

189 3021 260 3088 τῇ
301 3015 584 3087 Παρθένῳ,
619 3015 754 3084 ὁμοῦ
783 3015 878 3067 καὶ
910 3011 1100 3082 βοηθὸς
1129 3010 1224 3063 καὶ
1268 3011 1468 3074 σκόπος
1498 3010 1606 3062 τῶν
1649 3010 1774 3081 μελ-

1891 551 2065 604 genua
2106 534 2320 600 ﬂectes,
2361 551 2463 590 nec
2499 535 2805 605 perquiras.
2861 539 2946 589 An
3005 551 3113 590 non
3164 535 3458 590 transitum

1888 635 2135 681 nostrum
2155 626 2494 689 consideras,
2513 641 2546 680 0
2562 625 2784 696 Joseph,
2805 627 2950 696 quod
2980 627 3187 681 scilicet
3201 625 3366 698 35,8
3380 627 3464 681 vir

1887 717 2073 771 nullus
2102 717 2262 772 nobis
2293 719 2364 773 sit
2397 733 2581 775 comes
2625 721 2877 776 itineris?
2917 719 3036 774 Non
3087 721 3240 775 vides
3289 722 3460 776 solem

1887 809 2258 878 splendidiore
2289 811 2549 866 amictum
2588 812 2769 867 veste?
2811 811 2932 866 Non
2964 813 3117 868 vides
3149 813 3459 866 universam

1887 908 2192 955 creaturam
2217 903 2615 957 exsultantem?
2648 902 2768 958 Non
2802 904 2955 960 vides
2989 915 3198 960 montes
3221 905 3463 958 saltare?

1885 987 2005 1046 Non
2036 994 2190 1048 vides
2215 995 2382 1050 colles
2413 995 2614 1050 laetari?
2642 994 2761 1050 Non
2799 996 2952 1051 vides
2979 1011 3246 1066 aquarum
3277 997 3461 1050 alveos

1885 1084 2196 1140 exundare?
2250 1083 2370 1138 Non
2410 1087 2560 1141 vides
2596 1083 2888 1141 Iordanem
2933 1096 3087 1142 extra
3141 1089 3318 1158 ripam
3378 1089 3462 1141 el-

1885 1173 2179 1229 ﬂuentem?
2215 1173 2293 1229 Ex
2323 1177 2494 1246 signis
2525 1191 2636 1231 rem
2677 1178 2887 1247 conjice
2921 1178 3316 1249 significatam,
3357 1193 3460 1232 nec

1884 1266 2151 1335 ambigas,
2187 1281 2221 1320 o
2253 1265 2475 1337 Josepb,
2509 1267 2652 1336 quod
2696 1283 2780 1323 me
2838 1277 3203 1339 praegnantem
3241 1285 3454 1324 cernas.

1885 1353 1970 1408 Me
2005 1355 2178 1424 ipsam
2212 1363 2402 1410 mutuo
2431 1356 2579 1420 dedi,
2626 1373 2727 1411 nec
2759 1359 2964 1428 polluta
3007 1376 3127 1414 sum
3175 1380 3188 1414 :
3241 1368 3456 1415 uterum

1883 1445 2246 1508 commodavi,
2287 1461 2389 1500 nec
2416 1447 2784 1516 virginitatem
2817 1453 3096 1506 temeravi.
3144 1449 3222 1505 Ne
3255 1466 3456 1522 propo-

1883 1537 2005 1592 sitis
2034 1537 2198 1592 rebus
2219 1537 2381 1593 ﬁdem
2405 1539 2660 1609 abneges,
2687 1556 2720 1594 ο
2739 1541 2942 1613 Josepb
2970 1561 2982 1596 :
3013 1558 3137 1596 cum
3161 1543 3457 1600 obstetrice

1883 1645 1982 1685 usa
2013 1630 2189 1695 fuero,
2214 1641 2330 1685 tum
2357 1647 2480 1701 qua:
2507 1631 2608 1686 sim
2642 1633 2984 1702 exploratum
3014 1634 3120 1688 erit
3142 1652 3156 1701 ;
3181 1634 3294 1703 jam
3333 1651 3458 1699 pro-

1883 1721 1998 1776 bris
2028 1720 2251 1789 allicior,
2283 1729 2398 1776 tum
2438 1723 2595 1778 beata
2637 1725 3007 1794 praedicabor;
3037 1743 3182 1781 nunc
3207 1738 3265 1782 ut
3307 1745 3456 1784 ream

1879 1815 2072 1884 abigis,
2103 1823 2234 1868 tunc
2262 1823 2322 1868 ut
2353 1823 2596 1869 sanctam
2633 1830 2802 1885 prope
2855 1815 3048 1873 adesse
3098 1820 3336 1889 rogabis.
3375 1819 3456 1875 Ne

1877 1907 2129 1977 glorieris
2181 1906 2329 1977 quod
2382 1923 2470 1964 me
2504 1909 2785 1964 custodire
2829 1911 3114 1967 videaris:
3155 1927 3256 1982 ego
3298 1928 3454 1976 nam-

1877 2012 1983 2067 que
2003 2005 2056 2052 te
2092 2000 2364 2054 custodio.
2398 1999 2533 2053 Nam
2580 2001 2672 2069 qui
2704 2009 2915 2055 uterum
2953 2018 3132 2058 meum
3164 2003 3222 2057 in
3267 2003 3452 2058 taber-

1877 2090 2131 2144 naculum
2175 2092 2280 2146 sibi
2318 2108 2580 2162 apparare
2620 2093 2872 2164 dignatus
2905 2103 2990 2149 est
3015 2135 3030 2158 ,
3075 2095 3122 2150 is
3171 2105 3253 2151 est
3287 2097 3454 2150 totius

1877 2190 2084 2238 naturae
2109 2193 2317 2240 custos.
2353 2185 2648 2256 Pergamus
2678 2203 2809 2257 ergo
2853 2195 2906 2242 et
2950 2189 3359 2254 describamur,
3394 2199 3453 2242 ut

1877 2280 1931 2327 et
1951 2274 2206 2330 militaris
2234 2276 2340 2342 lex,
2362 2283 2415 2331 et
2445 2277 2858 2346 imperatorium
2879 2279 3113 2335 edictum
3143 2281 3448 2351 impleatur.

1949 2449 1999 2503 7.
2045 2449 2142 2506 llis
2170 2452 2494 2522 pudefactus
2530 2454 2762 2526 Joseph,
2807 2458 3012 2529 duplici
3067 2459 3324 2532 deinceps
3362 2464 3450 2518 via

1875 2540 2179 2608 incedebat,
2215 2545 2444 2612 pedibus
2474 2548 2692 2617 quidem
2723 2557 2925 2604 terram
2959 2551 3184 2622 vestigio
3205 2553 3446 2620 calcans,

1875 2633 2298 2702 cogitationibus
2317 2645 2496 2693 autem
2519 2625 2692 2695 nubes
2716 2657 3125 2713 supergressus.
3147 2643 3287 2709 Quid
3301 2647 3446 2700 enim

1875 2724 2018 2778 aliud
2051 2725 2319 2794 agendum
2347 2726 2583 2799 Josepbo
2625 2733 2865 2786 reStabat
2893 2773 2907 2796 ,
2950 2749 3111 2804 quam
3142 2744 3201 2788 ut
3228 2751 3449 2790 sursum

1875 2822 2055 2870 mente
2083 2816 2321 2886 degeret.
2361 2820 2813 2892 Quandoquidem
2867 2840 3029 2879 omne
3075 2826 3276 2880 donum
3328 2843 3452 2898 per-

1876 2905 2076 2961 lectum
2121 2907 2356 2978 desuper
2386 2911 2574 2965 datum
2617 2922 2720 2967 est.
2771 2913 3134 2979 Quamobrem
3192 2916 3449 2987 deinceps

1873 3004 2074 3078 Joseph
2103 3021 2212 3060 una
2235 3003 2444 3073 Virgini
2475 3019 2660 3060 comes
2683 3047 2698 3070 ,
2749 3016 2803 3061 et
2847 3008 3064 3077 adjutor
3098 3019 3252 3072 erat,
3283 3018 3448 3080 atque

188 3110 397 3162 λόντων
426 3108 714 3176 γενόμενος
737 3119 751 3133 ⁶
785 3105 881 3174 ούχ
909 3105 992 3156 ὅτι
1021 3103 1250 3175 ἔχρῃζεν
1285 3101 1478 3173 βοηθοῦ
1507 3104 1540 3172 ἡ
1565 3101 1775 3172 Παρθέ-

1881 3099 2183 3154 futurarum
2215 3103 2492 3167 spectator
2531 3112 2738 3153 rerum.
2787 3097 2906 3152 Non
2933 3099 3078 3168 quod
3113 3098 3320 3171 Virgini
3351 3102 3449 3154 ad-

190 3218 307 3263 νος,
337 3199 538 3270 μᾶλλον
572 3197 629 3249 δὲ
667 3198 694 3249 6
725 3196 784 3248 ἐν
821 3193 1083 3265 Παρθένῳ
1116 3192 1578 3264 κυοφορούμενοςο
1613 3191 1775 3255 αὐτὸς

195 3289 312 3361 γὰρ
335 3290 364 3341 ὁ
397 3287 612 3340 πάντων
631 3284 820 3354 βοηθὸς
835 3279 902 3354 ἦν
930 3282 1025 3335 καὶ
1047 3281 1160 3334 ἔστι
1190 3281 1328 3351 (91),
1348 3281 1594 3352 καὶπρὸς
1614 3280 1776 3334 αὑτὸν

199 3381 506 3450 ὲκέκραγεν
528 3380 556 3431 ὁ
585 3375 833 3448 κράζωνο
867 3393 886 3425 ι
917 3375 981 3425 Ἦ
1020 3371 1240 3444 βοήθειά
1269 3390 1369 3443 μου
1393 3372 1541 3444 παρὰ
1569 3371 1775 3441 Κυρίου

192 3473 292 3526 τοῦ
326 3472 647 3542 ποιήσαντος
675 3468 766 3522 τὸν
795 3467 1020 3539 οὐρανὸν
1046 3465 1138 3518 καί
1164 3465 1263 3536 τὴν
1303 3465 1428 3533 γῆν.
1470 3483 1488 3514 ι
1525 3463 1663 3528 Ἂλλ’
1693 3464 1774 3516 ὅτι

189 3567 493 3632 ἀναγκαῖον
520 3557 587 3634 ἦν
631 3561 708 3624 ὡς
751 3558 1135 3630 πραγματείαν
1165 3557 1265 3627 τῆς
1307 3555 1639 3626 οἰκονομίας,
1679 3554 1773 3608 τοῦ

188 3652 334 3711 εἶναι
365 3655 456 3706 τὸν
484 3652 682 3721 Ἰωσὴφ
728 3649 939 3720 βοηθὸν,
982 3649 1117 3720 πρὸς
1153 3647 1214 3699 τὸ
1257 3646 1356 3717 τὴν
1385 3645 1657 3715 Παρθένον
1699 3645 1774 3709 ὼς

189 3748 466 3817 ῦπανδρον
483 3763 554 3816 φη
565 3742 832 3814 μίξεσθαι,
857 3741 1078 3814 πρὺςτὸ
1109 3738 1292 3792 λαθεῖν
1317 3739 1406 3791 τὸν
1434 3737 1678 3791 διάϐολον
1713 3737 1775 3789 τὸ

186 3835 757 3905 κατασκευαζόμενον,
795 3834 942 3896 ὅπως
963 3831 1036 3903 μὴ
1057 3831 1201 3901 μάθῃ
1229 3829 1292 3884 τὸ
1317 3830 1603 3900 γενόμενον
1621 3829 1732 3901 (92)
1757 3845 1770 3860 ο

187 3933 314 3994 πῶς
367 3931 396 3982 ὁ
442 3928 573 3990 Θεὸς
622 3925 758 3997 μετά
805 3923 912 3978 τῶν
957 3923 1260 3995 ἀνθρώπων
1327 3922 1774 3992 συναναστραφῆ-

186 4041 283 4077 ναι
330 4019 668 4084 κατεδέξατο.
707 4016 771 4069 Τί
814 4011 905 4069 οὖν
943 4017 971 4067 ὁ
997 4013 1386 4083 εύαγγελιστὴς
1402 4013 1776 4076 Λουκᾶς;Κα-

187 4116 284 4169 λὸν
310 4113 420 4183 γὰρ
447 4109 631 4163 λοιπὸν
666 4108 892 4162 συνιδεῖν
925 4108 1018 4161 καὶ
1050 4108 1140 4160 τὸν
1173 4106 1368 4177 Ἰωσὴφ
1400 4105 1774 4177 πληροφορού-

191 4221 358 4278 μενον
388 4203 519 4273 (95),
561 4201 654 4254 καὶ
687 4201 776 4253 τὸν
807 4199 1068 4262 οἰκίσκον,
1115 4197 1243 4250 ἔνθα
1271 4200 1321 4266 -ἠ
1366 4195 1638 4268 Παρθένος
1677 4197 1774 4249 άπ-

188 4297 398 4365 εκύησε
418 4335 433 4357 ,
461 4294 559 4365 τῆς
591 4290 915 4361 Ἐκκλησίας
953 4290 1044 4345 τὸν
1078 4289 1247 4343 τύπον
1277 4288 1561 4357 δεχόμενον
1580 4305 1592 4318 ο
1637 4288 1770 4340 ὅπου

186 4387 580 4456 θυσιαστήριον
611 4383 708 4454 μὲν
752 4384 786 4452 ἡ
833 4382 1030 4452 φάτνῃ,
1073 4381 1450 4453 ἐφημερευτὴς
1487 4379 1543 4432 δὲ
1586 4381 1616 4432 ὁ
1656 4380 1770 4432 Ἰω-

1872 3191 2056 3261 jutore
2083 3197 2231 3246 esset
2255 3204 2414 3258 opus,
2447 3187 2646 3242 nedum
2678 3190 2728 3244 ei
2772 3191 2866 3259 qui
2925 3191 2979 3244 in
3013 3190 3232 3261 Virgine
3265 3203 3446 3262 gesta-

1876 3283 2058 3345 batur,
2093 3281 2297 3352 quique
2320 3279 2563 3333 omnium
2595 3280 2886 3336 auxiliator
2923 3292 3038 3336 erat
3073 3293 3126 3337 et
3154 3291 3262 3346 est,
3294 3290 3349 3338 et
3378 3283 3448 3337 ad

1875 3389 2036 3443 quem
2069 3373 2337 3428 exclamat
2364 3370 2456 3424 ille
2486 3370 2578 3439 qui
2606 3371 2679 3424 ita
2711 3373 3083 3428 vociferatur:
3119 3393 3137 3425 ι
3169 3375 3446 3428 Auxilium

1875 3480 2053 3519 meum
2089 3479 2116 3517 a
2151 3463 2380 3518 Domino
2408 3464 2502 3534 qui
2542 3463 2672 3519 fecit
2721 3464 2920 3517 caelum
2969 3473 3024 3519 et
3058 3474 3258 3519 terram
3289 3469 3374 3533 ";
3422 3485 3442 3517 ι

1875 3555 1967 3610 sed
1996 3555 2138 3625 quod
2173 3570 2394 3610 necesse
2421 3563 2588 3619 esset,
2621 3555 2688 3608 ad
2734 3555 3054 3610 oeconomia:
3084 3558 3231 3612 illius
3276 3573 3446 3628 nego-

1875 3647 2030 3714 tium,
2063 3647 2367 3717 adjutorem
2404 3645 2602 3714 Joseph
2635 3661 2786 3713 esse,
2830 3655 2887 3700 ut
2921 3646 3087 3718 Virgo
3125 3649 3326 3717 conjux
3358 3665 3446 3704 re-

1875 3749 2174 3810 putaretur,
2198 3748 2258 3792 ut
2286 3739 2503 3796 diabolo
2539 3741 2732 3796 lateret
2763 3738 2909 3810 quod
2958 3740 3234 3810 agebatur,
3271 3756 3447 3810 neque

1874 3847 1988 3888 rem
2015 3839 2222 3902 gestam
2250 3831 2340 3886 ille
2363 3832 2666 3888 edisceret:
2694 3846 2802 3902 qua
2828 3831 3040 3885 ratione
3062 3831 3272 3886 scilicet
3302 3831 3446 3886 Deus

1873 3939 2000 3979 cum
2020 3924 2328 3980 hominibus
2353 3924 2672 3981 conversari
2702 3923 2960 3993 dignatus
2990 3924 3080 3979 sit.
3111 3921 3250 3990 Quid
3280 3924 3447 3995 igitur

1873 4015 2051 4071 Lucas
2089 4016 2457 4086 evangelista?
2487 4031 2615 4070 nam
2671 4031 2849 4086 operm
2882 4017 3114 4084 pretium
3149 4024 3233 4072 est
3262 4017 3446 4072 videre

1872 4117 1927 4164 et
1955 4106 2154 4177 Josepb
2185 4109 2474 4164 certiorem
2505 4108 2732 4172 factum,
2759 4114 2813 4161 et
2844 4106 3181 4161 domicilium
3237 4108 3292 4161 in
3338 4123 3445 4171 quo

1873 4201 2080 4270 peperit
2103 4200 2287 4271 Virgo,
2326 4201 2472 4271 quod
2522 4199 2778 4255 Ecclesiae
2799 4207 2986 4270 typum
3023 4199 3161 4268 gerit
3192 4215 3204 4249 :
3249 4199 3338 4253 ubi
3373 4200 3446 4253 al-

1873 4301 1993 4346 tare
2048 4302 2130 4347 est
2159 4307 2402 4362 praesepe
2427 4309 2441 4358 ;
2469 4292 2563 4362 qui
2592 4292 2713 4346 vice
2743 4306 2842 4346 sua
2880 4291 3178 4354 ministrat,
3208 4289 3441 4360 Joseph;

1872 4383 2122 4445 diaconi,
2169 4392 2450 4452 pastores;
2515 4383 2875 4448 sacerdotes,
2925 4384 3142 4453 angeli;
3197 4398 3444 4438 summus

187 4481 330 4552 σὴφ,
357 4476 594 4531 διάκονοι
632 4475 690 4527 δὲ
730 4474 779 4526 οἱ
807 4471 1085 4542 ποιμένες,
1119 4474 1284 4542 ἱερεῖς
1318 4472 1366 4523 οἱ
1409 4467 1648 4537 ἄγγελοι,
1675 4469 1772 4539 ἀρ-

1881 4476 2164 4539 sacerdos,
2231 4475 2528 4544 Dominus;
2579 4477 2846 4540 thronus,
2909 4474 3110 4547 Virgo;
3168 4483 3444 4540 crateres,

184 4574 415 4648 χιερεὺς
457 4572 485 4622 ὁ
529 4567 751 4638 Κύριος,
787 4564 975 4636 θρόνος
1011 4566 1044 4634 ή
1090 4563 1384 4634 Παρθένος,
1426 4561 1698 4633 κρατῆρες
1722 4563 1772 4614 οἰ

190 4663 380 4736 μαζοὶ,
424 4658 810 4728 ἀναϐόλαιονὴ
862 4653 1291 4725 ὲνανθρώπησις,
1342 4655 1658 4724 ῥιπιστῆρες
1697 4652 1775 4705 τὰ

184 4755 478 4830 χερουϐὶμ,
522 4752 702 4814 δίσκος
729 4750 790 4802 τὸ
833 4748 986 4818 ἅγιον
1029 4745 1273 4816 Πνεῦμα,
1307 4747 1336 4798 ὁ
1381 4744 1570 4815 Πατὴρ
1601 4743 1776 4797 δισκο-

185 4849 457 4916 κάλυμμα
487 4843 615 4916 (94).
640 4842 760 4896 Ὅτι
801 4839 858 4893 δὲ
886 4839 987 4909 τῆς
1043 4836 1367 4908 Ἐκκλησίας
1407 4835 1574 4889 τύπον
1611 4853 1779 4907 προσ-

264 5004 310 5037 ⁶⁸
344 5001 476 5056 Luc.
513 5016 586 5065 ιι,
623 4999 712 5053 14.
791 4997 835 5028 ⁶⁹
863 4994 1011 5051 Psal.
1045 5008 1186 5061 cn,
1221 4991 1258 5045 2

266 5155 381 5223 (87)
415 5153 571 5208 Colb.
597 5153 651 5215 1,
685 5151 742 5216 2,
774 5149 1258 5223 περιϐεϐλημένον.

267 5221 381 5294 (88)
412 5225 566 5278 Colb.
601 5224 652 5284 1,
683 5223 739 5294 2,
773 5222 958 5294 palati;
990 5221 1316 5294 ὀφθήσομαι.

267 5284 400 5366 (89)
420 5295 576 5349 Colb.
612 5293 665 5366 1-,
691 5292 752 5366 2,
774 5284 1096 5366 φυλάττείν,
1118 5284 1358 5366 ’Ἰωσὴφ
1387 5284 1528 5366 μέγα
1554 5284 1770 5366 φρόνειυ

185 5355 307 5434 ἐγὼ
337 5355 446 5436 γάρ
472 5380 537 5436 σε
569 5355 841 5436 φυλάττω,
875 5361 1044 5436 ὁιτὴν·
1069 5361 1160 5436 ἐμ.
1203 5355 1375 5436 Ρουιο
1405 5363 1546 5436 post,
1585 5355 1772 5436 iidem,

187 5423 380 5504 πάσης
418 5423 536 5502 ’τῆς
581 5423 833 5493 ’κτίσεως
864 5423 1037 5499 φύλαξ
1094 5423 1170 5492 ὼς
1204 5425 1552 5498 δημιουργός.
1609 5423 1772 5489 Editi,

187 5501 607 5554 ἀαπελοφύλαξ.

187 5502 607 5566 ἀμπελοφύλαξ.

235 5521 607 5579 μπελοφυλας.
1019 5567 1044 5579 _

270 5575 388 5641 (90)
421 5572 577 5627 Colb.
613 5572 664 5634 1,
697 5569 754 5641 2,
795 5567 1118 5641 lxv06_avwv_._
1149 5600 1170 5641 _-

272 5576 365 5641 (90
421 5575 577 5627 Colb.
613 5575 664 5634 1,
697 5575 754 5633 2,
795 5575 1105 5692 ἰῖοϐατῶν.
1162 5600 1170 5606 -

272 5575 512 5714 (91)ᾲὸὶο
542 5641 696 5695 Colb.
732 5640 785 5701 1,
820 5709 831 5714 Δ
867 5679 880 5692 .
929 5638 1001 5714 In,
1034 5635 1386 5714 editis-ivero,
1419 5630 1488 5706 ῆν
1509 5635 1614 5714 3.03}
1659 5633 1776 5714 ἔστι

193 5704 378 5770 deest.
407 5712 526 5765 Mox
557 5727 690 5765 mss.
727 5717 786 5762 ut
820 5709 874 5762 in
896 5713 1068 5763 textu.
1102 5705 1247 5760 Editi
1272 5721 1422 5770 vero,
1444 5704 1538 5758 τοῦ
1568 5704 1772 5774 Κυρίου

196 5785 297 5839 τοῦ
343 5779 594 5848 Ὑψίστου
637 5780 773 5836 Ἀλλ’
799 5781 900 5832 ὄτι.
933 5778 1050 5833 Mox
1069 5778 1250 5842 iidem,
1301 5778 1593 5846 ἀναγκαῖον
1633 5790 1756 5845 πραι

1878 4583 2158 4631 πιοῐηηιιες
2189 4569 2358 4624 vestis
2397 4569 2755 4624 sacerdotalis
2778 4610 2792 4634 ,
2829 4569 3168 4636 incarnatio;
3199 4568 3444 4632 ﬂabella,

1879 4659 2194 4727 cherubim;
2238 4659 2425 4716 discus
2449 4701 2464 4727 ,
2513 4659 2749 4732 Spiritus
2781 4670 3032 4728 sanctus;
3066 4660 3229 4717 Pater
3267 4669 3445 4715 autem

1880 4744 2018 4801 disci
2041 4748 2376 4816 operculum.
2406 4749 2561 4815 Quod
2591 4760 2770 4806 autem
2797 4751 3053 4807 Ecclesiae
3093 4759 3278 4824 typum
3317 4766 3448 4821 pra:-

1885 4836 2152 4908 ﬁguraret
2193 4840 2348 4896 locus
2393 4841 2448 4895 in
2479 4855 2588 4912 quo
2627 4841 2915 4898 Dominum
2965 4845 3204 4914 peperit,
3247 4843 3445 4900 audisti

1875 5144 2142 5213 γματείαν
2186 5146 2287 5216 τῆς
2334 5145 2674 5215 οἰκονομίας,
2725 5143 3073 5214 πιστευθῆναι
3116 5142 3207 5197 τὸν
3251 5143 3450 5216 Ἰωσὴφ

1873 5216 2031 5284 δῆλον
2057 5215 2304 5268 ἐντεῦθεν
2336 5216 2441 5286 ἔδει
2468 5216 2563 5286 τὴν
2593 5233 2644 5268 κ.

1946 5285 2056 5354 (92)
2093 5286 2245 5340 Colb.
2284 5286 2333 5356 1,
2368 5285 2423 5349 2,
2462 5282 2959 5356 κατασκιαζόμενον
3008 5282 3251 5356 ὁροςλμὴ
3301 5282 3449 5356 μάθῃ

1872 5353 2237 5436 τιέγινόμενον
2361 5356 2622 5426 τύραννος
2657 5353 2810 5409 Colb.
2840 5353 2930 5424 1,)
2965 5353 3082 5416 πῶς
3127 5353 3260 5416 Θεὸς
3310 5353 3450 5422 μετᾶ

1873 5424 1992 5478 ἀνθ.
2025 5424 2455 5496 ἀναστραφῆναι.

1945 5495 2057 5565 (95)
2087 5494 2240 5550 Colb.
2272 5499 2324 5559 1,
2365 5497 2418 5559 2,
2466 5495 2592 5548 ἰδεῖν
2634 5495 2726 5548 τὸν
2763 5495 2958 5567 Ἰωσὴφ
2991 5493 3166 5564 χαρᾶς
3205 5493 3445 5565 πληρού-

2100 5633 2254 5706 Colb.
2284 5635 2335 5697 1,
2361 5634 2416 5698 2,
2447 5633 3312 5706 δισκοκάλυμμαγὲπισκιάζωνῗτῇ
3338 5634 3444 5706 ίδίᾳ

1878 5703 2124 5776 δυνάμει.
2169 5704 2358 5768 Iidem,
2381 5703 2768 5776 προεχάραξεν.
2792 5703 2982 5768 ‘Editi,
3012 5703 3438 5776 npocexdtpdﬁev.

1879 5772 2103 5843 Ibidem,
2133 5777 2344 5851 616m;
2373 5772 2560 5835 deerat
2590 5772 2645 5832 in
2671 5776 2851 5847 editis,
2888 5777 2982 5833 sed
3015 5772 3272 5832 cistatin'
3305 5790 3440 5836 mss.
