3832 6216
428 296 538 354 955
1614 297 1689 353 -S.
1732 298 2198 357 ATHANASIUS.
2231 327 2299 339 —
2336 297 2585 355 DUBlA.»
3586 302 3690 360 956

424 413 651 487 jatnjam
692 414 1078 485 evangelistam
1128 414 1330 470 Lucam
1369 415 1678 471 dicentem:
1719 434 1738 467 ι
1783 414 2004 470 Factum

2138 415 2374 487 χάραξεν
2400 418 2429 468 ό
2459 415 2643 481 τόπος,
2680 413 2827 467 ιὲνθα
2867 414 2902 484 ἡ
2952 412 3227 486 Παρθένος
3288 415 3571 486 ἀπεκύησε
3599 419 3691 472 τὸν

430 512 514 560 est
538 513 717 559 autem
749 520 873 560 cum
899 518 1084 562 essent
1120 506 1216 571 ibi,
1261 507 1467 577 impleti
1499 516 1628 563 sunt
1674 509 1792 564 dies
1823 517 1883 562 ut
1917 524 2004 579 pa-

2135 505 2340 576 ίύριον,
2375 503 2571 574 ἢκουες
2603 502 2806 574 ἀρτίως
2840 501 2934 556 τοῦ
2971 503 3355 571 εὐαγγελιστοῦ
3388 506 3574 559 Λουκᾶ
3602 506 3691 558 λέ-

426 604 575 652 reret
610 597 782 651 ﬁlium
841 613 1003 653 suum
1036 600 1492 671 primogenitum,
1542 608 1597 655 et
1642 600 1842 670 pannis
1880 615 2004 656 eum

2135 611 2301 663 (οντος
2319 609 2332 623 ’
2371 613 2390 645 ι
2421 595 2531 648 Καὶ
2551 594 2767 662 ἐγένετο
2784 595 2842 647 ἐν
2871 592 2948 664 τῷ
2975 590 3111 647 εἶναι
3135 595 3331 658 αὐτοὺς
3360 597 3495 659 ἐκεῖ,
3527 597 3693 668 ἐπλή-

430 689 695 756 involvit,
730 702 783 746 et
833 692 1118 765 reclinavit
1147 708 1271 747 eum
1310 694 1364 747 in
1417 693 1704 763 praesepio,
1741 693 1870 765 quia
1898 707 2004 748 non

2135 688 2326 757 πθησαν
2367 688 2421 740 αἱ
2463 688 2668 757 ἡμέραι
2708 685 2802 741 τοῦ
2838 689 3016 740 τεκεῖν
3045 688 3215 758 αὐτὴν
3243 689 3335 742 τὸν
3364 689 3480 743 υἱὸν
3522 690 3694 758 αὐτῆς

427 790 545 834 erat
570 783 651 837 eis
692 783 847 840 locus
880 785 933 838 in
969 785 1278 840 diversorio
1310 787 1378 840 "°.
1424 804 1444 836 ι
1559 801 1565 807 ’

2119 779 2207 833 τὸν
2241 778 2352 849 (95)
2401 779 2743 851 πρωτότοκον
2763 795 2777 810 ·
2810 781 2903 833 καὶ
2930 779 3356 851 ἐσπαργάνωσεν
3383 782 3569 849 αὐτὸν,
3598 782 3695 837 καὶ

430 870 712 926 ἀνέκλινεν
745 875 904 928 αὐτὸν
936 876 995 928 ἐν
1023 879 1087 947 τῇ
1127 877 1323 948 φάτνῃ,
1353 877 1436 929 ὅτι
1462 876 1561 929 οὐκ
1598 870 1667 947 ἦν
1707 875 1888 937 αὐτοῖς
1928 874 2092 935 τόπος
2126 873 2185 924 ἐν
2215 870 2295 941 τῷ
2321 870 2682 941 καταλύματι.
2726 888 2744 919 3

505 964 557 1018 8.
585 963 630 1019 Ο
657 981 747 1020 res
775 967 1160 1024 admirabiles!
1199 984 1371 1039 papaa,
1398 984 1563 1038 quam
1597 970 1793 1039 exigua
1821 968 2011 1028 verba,

432 1070 595 1124 quam
627 1072 822 1127 magna
864 1060 1152 1130 mysteria!
1189 1079 1210 1112 ι
1243 1059 1469 1115 Factum
1504 1069 1619 1125 est,
1670 1075 1793 1114 cum
1827 1067 2015 1115 essent

432 1146 531 1212 ibi,
566 1149 771 1219 impleti
803 1160 928 1204 sunt
958 1152 1076 1208 dies
1109 1159 1169 1207 ut
1213 1160 1449 1223 pareret.
1501 1172 1521 1205 3
1558 1152 1602 1207 0
1641 1168 1754 1208 rem
1787 1159 2011 1222 stupen-

431 1240 580 1303 dam,
609 1240 873 1296 Conditor
898 1251 1199 1314 temporum
1240 1245 1525 1299 deﬁnitum
1571 1254 1785 1315 tempus
1812 1261 2007 1316 exspe-

432 1331 574 1384 ctat!
618 1330 720 1397 Qui
767 1334 1057 1387 terminum
1098 1335 1330 1404 tempori
1386 1334 1690 1399 constituit,
1736 1336 2002 1389 statutum

432 1418 703 1472 mensium
752 1422 987 1490 spatium
1035 1424 1403 1492 exspectavit;
1456 1430 1516 1477 ut
1572 1437 1733 1479 nemo
1779 1424 2010 1494 phanta-

334 1540 337 1545 ν
432 1506 571 1562 siam
620 1517 713 1563 aut
759 1512 993 1579 speciem
1027 1519 1238 1566 tantum
1298 1513 1431 1569 illud
1481 1530 1603 1570 esse
1644 1516 2003 1570 existimaret.

435 1617 455 1650 ι
494 1598 718 1654 Factum
746 1610 849 1667 est,
881 1618 1007 1657 cum
1033 1614 1219 1660 essent
1240 1606 1341 1667 ibi,
1379 1606 1589 1676 impleti
1619 1614 1748 1662 sunt
1778 1607 1917 1672 dies,
1946 1615 2007 1661 ut

433 1699 653 1761 pareret
698 1693 867 1748 lilium
924 1710 1083 1750 suum
1152 1697 1573 1769 primogenitum
1617 1716 1631 1751 :

431 1798 558 1839 eum
599 1786 827 1841 involvit
855 1798 909 1843 et
937 1789 1227 1843 reclinavit
1263 1805 1386 1845 eum
1422 1791 1476 1845 in
1506 1793 1788 1862 praesepio.
1834 1811 1852 1844 ι
1881 1789 2010 1846 Per-

430 1875 610 1946 pende
636 1869 935 1948 mysticum
972 1878 1213 1951 Virginis
1251 1888 1466 1950 partum
1503 1900 1516 1934 :
1576 1882 1693 1951 ipsa
1753 1881 2001 1951 peperit,

431 1966 551 2037 ipsa
585 1970 780 2038 pannis
811 1970 1055 2026 involvit.
1109 1972 1257 2028 Inter
1290 1972 1522 2029 feminas
1575 1974 1738 2044 hujus
1782 1975 2004 2038 saeculi,

432 2060 539 2113 alia
563 2061 726 2130 parit,
751 2062 853 2116 alia
888 2064 1083 2132 pannis
1114 2064 1382 2125 involvit:
1423 2065 1565 2135 apud
1592 2063 1865 2134 Virginem
1895 2079 2007 2119 non

430 2150 592 2218 item;
630 2152 744 2221 ipsa
770 2142 1003 2223 peperit,
1030 2155 1149 2225 ipsa
1178 2157 1377 2226 pannis
1414 2156 1675 2210 involvit:
1710 2157 1830 2226 ipsa
1864 2156 2010 2212 infa-

432 2243 672 2312 tigabilis
701 2252 875 2300 mater
896 2285 911 2311 ,
957 2246 1075 2316 ipsa
1121 2247 1382 2327 obstetrix
1411 2247 1531 2303 sine
1581 2249 1864 2318 magistra,
1894 2264 2006 2304 non

431 2334 597 2407 359
618 2336 866 2406 permisit
895 2353 1223 2408 quemquam
1250 2338 1477 2409 impuris
1508 2340 1761 2394 manibus
1790 2347 2005 2410 partum

430 2429 812 2485 intemeratum
871 2430 1223 2501 contingere;
1280 2430 1400 2501 ipsa
1464 2447 1562 2502 per
1618 2448 1740 2489 sese
1795 2436 2008 2489 curavit

430 2534 578 2585 eum,
603 2520 694 2589 qui
719 2536 783 2574 ex
813 2535 892 2584 se,
924 2528 979 2575 et
1003 2528 1130 2575 ante
1149 2537 1229 2586 se,
1259 2529 1315 2576 et
1337 2529 1560 2592 prepter
1586 2538 1645 2579 se
1666 2532 1830 2580 natus
1851 2534 2002 2581 erat:

437 2628 457 2660 ι
492 2610 556 2664 Ει
579 2612 773 2681 pannis
801 2627 926 2667 eum
950 2612 1179 2666 involvit
1204 2630 1218 2667 :
1240 2621 1296 2667 et
1317 2614 1604 2668 reclinavit
1629 2630 1753 2671 eum
1788 2616 1842 2670 in
1869 2631 2006 2685 pra:-

431 2704 602 2772 sepio,
628 2703 756 2773 quia
778 2719 886 2758 non
911 2711 1029 2761 erat
1050 2705 1131 2759 eis
1162 2704 1318 2760 locus
1338 2705 1393 2759 in
1415 2705 1741 2762 diversorio.
1765 2725 1785 2759 3
1811 2706 2003 2772 Vides,

430 2811 466 2850 o
492 2796 708 2859 dilecte,
729 2797 1007 2867 quomodo
1038 2797 1298 2854 Ecclesia:
1324 2806 1515 2870 typum
1550 2798 1710 2854 nobis
1733 2799 1845 2869 jam
1878 2808 2007 2856 ante

430 2886 739 2957 depinxerit
762 2890 867 2945 vile
893 2890 1024 2945 illud
1049 2891 1438 2956 diversorium,
1469 2891 1565 2946 ubi
1595 2889 1761 2961 Virgo
1789 2891 1881 2947 illa
1908 2907 2005 2962 pe-

429 2979 570 3049 perit
598 2996 719 3049 qua:
748 2983 915 3036 semel
939 2991 1156 3037 uterum
1193 2982 1448 3054 gestavit,
1480 2997 1584 3038 nec
1616 2982 1859 3039 secunda
1885 2984 2004 3039 vice

431 3072 640 3140 genuit,
673 3087 775 3126 nec
824 3074 1167 3129 contumelia:
1205 3084 1388 3129 notam
1420 3075 1721 3131 sustinuit:
1755 3075 1883 3130 licet
1916 3074 2006 3129 in-

431 3162 554 3218 sani
590 3163 836 3233 quidam,
870 3165 1017 3234 quod
1052 3166 1327 3221 audierint
1357 3166 1561 3221 Lucam
1612 3166 2006 3237 evangelistam

432 3255 514 3312 sic
553 3256 862 3325 loquentem
892 3275 904 3308 :
935 3274 954 3306 ι
986 3255 1054 3311 Ει
1087 3259 1297 3328 peperit
1326 3258 1494 3313 lilium
1535 3274 1696 3314 suum
1735 3261 2009 3330 primoge-

431 3347 673 3413 nitum,3
723 3349 1020 3404 secundam
1072 3348 1243 3405 fuisse
1304 3349 1545 3421 Virginis
1594 3350 2006 3420 conceptionem

432 3438 744 3505 docuerint,
787 3439 1255 3511 incorruptionem
1290 3440 1349 3495 in
1381 3440 1789 3512 corruptionem
1820 3443 2000 3497 transl

431 3541 711 3589 mutantes
743 3551 756 3587 :
784 3533 839 3587 in
890 3532 1009 3588 suis
1050 3532 1397 3604 dogmatibus
1430 3536 1505 3588 ita
1544 3534 1870 3604 loquentes:
1902 3534 2007 3591 Ne-

431 3637 702 3693 quaquam
731 3622 1127 3694 primogenitus
1149 3623 1331 3677 dictus
1354 3622 1540 3686 fuerit,
1568 3623 1677 3679 nisi
1702 3623 2008 3694 subsequa-

431 3722 523 3767 tur
553 3714 710 3769 alter.
741 3713 1057 3769 Adversarii
1098 3720 1278 3767 autem
1312 3715 1503 3779 nostri,
1538 3729 1648 3769 non
1694 3714 1856 3770 modo
1897 3714 2008 3769 Lu-

433 3820 552 3858 cam
600 3822 712 3861 suze
752 3805 1038 3875 pravitatis
1075 3805 1385 3874 producunt
1420 3814 1645 3874 testem;
1702 3807 1797 3862 sed
1840 3807 2004 3863 etiam

432 3897 820 3966 evangelistam
872 3896 1183 3951 Matthaeum
1234 3898 1327 3966 qui
1384 3912 1448 3953 ea
1502 3898 1622 3968 ipsa
1668 3907 1908 3966 enarret,
1951 3909 2007 3955 et

433 3986 678 4056 apertius
711 3986 888 4041 adhuc
924 3986 1173 4051 aﬁirmet,
1210 3994 1374 4057 atque
1400 3988 1521 4058 ejus
1551 4003 1713 4044 voces
1741 3989 1895 4059 impii
1926 3990 2005 4045 illi

432 4075 737 4146 proferunt.
771 4078 826 4133 in
857 4078 1082 4148 scriptis
1112 4080 1229 4135 suis
1261 4095 1323 4134 ea
1352 4081 1636 4149 loquentes
1655 4097 1776 4151 qua:
1802 4080 2001 4153 Joseph

429 4169 488 4223 in
520 4168 733 4225 visione
772 4173 1049 4242 accepisse
1084 4172 1364 4237 scribitur,
1399 4172 1652 4228 Matthaao
1668 4175 2003 4245 evangelista

430 4259 647 4316 dicente
677 4280 690 4315 :
722 4263 1039 4331 «,Apparuit
1061 4269 1242 4318 autem
1267 4263 1495 4332 angelus
1522 4263 1736 4317 Domini
1764 4264 1819 4317 in
1851 4278 2002 4319 som-

2182 962 2235 1018 8.
2270 963 2333 1015 Ὢ
2361 962 2468 1015 τῶν
2498 961 2817 1032 παραδόξων
2839 963 3210 1034 πραγμάτωνῐ
3246 962 3428 1034 βαϐαὶ,
3461 963 3580 1028 πῶς
3602 982 3695 1035 μι-

2114 1055 2227 1127 κρὰ
2250 1053 2319 1108 τὰ
2362 1055 2601 1126 ῥήματα,
2654 1054 2748 1107 καὶ
2796 1055 3006 1126 μεγάλα
3049 1055 3120 1109 τὰ
3169 1059 3692 1128 μυσταγωγήματαί

2122 1166 2141 1197 ι
2186 1146 2433 1214 Ἐγένετο
2463 1149 2522 1200 ἐν
2551 1146 2631 1217 τῷ
2670 1142 2810 1200 εἶναι
2851 1148 3048 1211 αὐτοὺς
3079 1150 3213 1212 ἐκεῖ,
3256 1148 3604 1220 ἐπλήσθησαν
3635 1154 3696 1204 αἱ

2115 1237 2322 1309 ἡμέραι
2350 1236 2447 1290 τοῦ
2477 1239 2655 1290 τεκεῖν
2687 1236 2874 1307 αὐτήν.
2915 1255 2935 1288 3
2976 1238 3039 1289 Ὦ
3063 1237 3172 1292 τῶν
3201 1239 3519 1309 παραδόξων
3552 1258 3697 1312 πραο

2115 1328 2366 1398 γμάτων,
2406 1330 2436 1382 ό
2474 1327 2583 1381 τῶν
2623 1327 2832 1400 χρόνων
2882 1328 3114 1401 ποιητὴς
3155 1330 3459 1403 ὡρισμένον
3499 1332 3699 1402 χρόνον

2117 1421 2467 1492 περιέμενενί
2524 1422 2584 1475 '0
2643 1421 2900 1493 ὁροθέτης
2942 1423 3050 1475 τῶν
3101 1422 3308 1494 χρόνων
3354 1424 3700 1495 προθεσμίαν

2118 1511 2301 1581 μηνῶν
2335 1511 2611 1581 ἀνέμενεν,
2644 1510 2733 1563 ἵνα
2760 1510 2950 1582 μηδεὶς
2981 1511 3336 1583 φαντασίανῆ
3363 1512 3585 1585 δόκησιν
3608 1532 3701 1568 νο-

2116 1603 2246 1674 μίσῃ
2282 1602 2411 1672 (96).
2449 1621 2467 1653 ι
2491 1603 2737 1671 Ἐγένετο
2774 1606 2833 1656 ἐν
2859 1601 2938 1674 τῷ
2964 1597 3104 1658 εἶναι
3132 1604 3328 1667 αὐτοὺς
3355 1606 3494 1669 ἐκεῖ,
3528 1605 3703 1677 ἐπλή-

1697 1707 1752 1754 et
1810 1699 2005 1770 pannis
2040 1697 2082 1751 Β
2109 1692 2315 1764 σθησαν
2352 1694 2408 1748 al
2441 1694 2646 1766 ἡμέραι
2677 1694 2771 1748 τοῦ
2798 1696 2977 1749 τεκεῖν
2993 1696 3162 1767 αὐτὴν
3180 1696 3271 1749 τὸν
3282 1696 3397 1750 υίὸν
3413 1698 3581 1767 αὐτῆς
3602 1697 3704 1751 τὸν

2110 1786 2452 1858 πρωτότοκον
2468 1803 2481 1816 ·
2512 1787 2604 1841 καὶ
2636 1789 3062 1860 ἐσπαργάνωσεν
3090 1788 3274 1851 αὑτὸν,
3301 1790 3395 1843 καὶ
3417 1790 3703 1843 ἀνέκλινεν

2109 1877 2270 1930 αὐτὸν
2296 1879 2354 1932 ἐν
2377 1881 2443 1949 τῇ
2475 1878 2670 1951 φάτνῃ.
2710 1898 2728 1929 3
2760 1880 2933 1934 Βλέπε
2958 1882 3058 1954 τὴν
3090 1882 3358 1953 μυστικὴν
3387 1882 3706 1953 ἀποκύησιν

2107 1969 2206 2038 τῆς
2250 1970 2564 2041 Παρθένου·
2616 1971 2755 2044 αὕτη
2804 1972 3025 2035 ἔτεκεν,
3070 1972 3207 2044 αὕτη
3242 1975 3699 2045 ἐσπαργάνωσεν.

2122 2060 2245 2112 Ἐπὶ
2277 2061 2384 2113 τῶν
2428 2062 2707 2133 κοσμικῶν
2739 2063 3013 2132 γυναικῶν
3042 2064 3178 2136 ἄλλη
3210 2065 3406 2127 τίκτει,
3434 2067 3529 2119 καὶ
3558 2065 3705 2135 άλλη

2108 2157 2440 2225 σπαργανοῖ·
2483 2156 2576 2208 ἐπὶ
2606 2155 2664 2209 δέ
2701 2156 2803 2225 τῆς
2847 2157 3125 2227 Παρθένου
3173 2159 3271 2229 οὐχ
3302 2157 3476 2222 οὕτως
3500 2176 3514 2188 ·
3553 2158 3704 2230 αὕτη

2106 2244 2312 2309 ἔτεκεν,
2343 2246 2436 2299 καὶ
2468 2244 2607 2317 αὕτη
2652 2247 3076 2318 ἐσπαργάνωσεν
3095 2265 3109 2278 ·
3146 2249 3241 2302 καὶ
3294 2248 3432 2320 αὕτη
3490 2250 3707 2316 ἄκοπος

2111 2338 2291 2409 μήτηρ
2350 2337 2444 2391 καὶ
2494 2339 2776 2402 ἀδίδακτος
2837 2341 2990 2408 μαῖα,
3049 2341 3110 2393 οὐ
3163 2339 3543 2411 συνεχώρησεν
3598 2345 3706 2397 ἀν-

2108 2426 2294 2496 άγνοις
2326 2429 2513 2500 χερσὶν
2545 2430 2656 2501 (97)
2691 2430 2931 2500 ἅψασθαί
2961 2448 3082 2485 τινα
3142 2433 3238 2485 τοῦ
3285 2434 3556 2504 ἀχράντου
3605 2435 3708 2487 τό·

2107 2537 2236 2574 κου⁸
2291 2521 2430 2592 αὕτη
2481 2521 2569 2575 διὰ
2614 2523 2812 2593 ἑαυτῆς
2849 2522 2942 2576 τὸν
2996 2522 3057 2589 ἐξ
3117 2524 3326 2594 αὐτῆς,
3370 2524 3477 2595 πρὸ
3520 2526 3706 2597 αὐτῆς

2106 2612 2201 2665 καὶ
2250 2612 2390 2682 ὑπὲρ
2430 2613 2598 2683 αὐτῆς
2649 2612 3013 2685 ἐθεράπευσεν
3042 2630 3058 2646 ο
3101 2632 3121 2665 ο
3158 2615 3270 2668 Καὶ
3331 2616 3705 2687 ἐσπαργάνωο

2109 2718 2201 2755 σεν
2268 2703 2467 2768 αὐτὸν,
2533 2705 2627 2757 καὶ
2692 2705 2969 2761 ἀνέκλινεν
3016 2707 3177 2761 αὐτὸν
3233 2708 3291 2760 ἐν
3351 2711 3420 2779 τῇ
3479 2708 3702 2782 φάτνῃ,

2105 2792 2239 2846 διότι
2263 2795 2363 2848 οὐκ
2392 2791 2461 2866 ἦν
2484 2797 2669 2860 αὐτοῖς
2699 2797 2877 2861 τόπος·
2896 2798 2954 2851 ἐν
2975 2796 3052 2868 τῷ
3076 2797 3439 2868 καταλύματι.
3468 2818 3488 2851 3
3517 2794 3703 2865 Εἶδες,

2105 2878 2152 2939 ὧ
2192 2883 2333 2953 φίλε,
2379 2884 2497 2949 πῶς
2529 2885 2629 2955 τῆς
2675 2886 3000 2958 Ἐκκλησίας
3034 2872 3336 2942 τόν’τύπον
3377 2890 3706 2961 προανεζω-

2106 2976 2358 3048 γράφησε
2394 2977 2504 3048 (98)
2546 2976 2608 3030 τὸ
2658 2978 2872 3042 εὐτελὲς
2902 2978 3268 3049 καταγώγιον,
3301 2979 3430 3033 ἔνθα
3466 2981 3705 3052 ἡἨαρ-

2109 3067 2260 3131 θένος
2307 3067 2514 3133 ἔτεκεν,
2568 3070 2603 3139 ἡ
2660 3067 2808 3135 ἅπαξ
2853 3058 3262 3140 κυοφορῆσασα,
3304 3071 3399 3123 καὶ
3441 3070 3706 3142 δεύτεροι

2111 3162 2184 3232 μὴ
2209 3163 2533 3231 γεννήσασα,
2572 3160 2668 3213 καὶ
2699 3158 2906 3231 ὕϐρεως
2935 3161 3172 3231 ἔμφασιν
3202 3161 3283 3232 μὴ
3317 3162 3700 3232 ὑπομείνασαι

2107 3255 2157 3306 εἰ
2184 3253 2278 3306 καί
2319 3268 2461 3314 τινες
2490 3253 2769 3323 μανέντες,
2804 3251 2891 3305 διὰ
2916 3252 2978 3305 τὸ
3017 3253 3247 3307 ἀκοῦσαι
3275 3254 3475 3317 αὐτοὺς
3504 3253 3704 3322 λέγον.

2105 3362 2197 3409 τος
2229 3345 2322 3398 τοῦ
2369 3345 2754 3414 εὐαγγελιστοῦ
2783 3346 3002 3399 Λουκᾶ·
3044 3364 3063 3398 ι
3104 3347 3213 3401 Καὶ
3250 3345 3407 3400 ἔτεκε
3449 3347 3541 3401 τὸν
3576 3348 3704 3402 υἱὸν

2106 3435 2275 3506 αὐτῆς
2302 3436 2393 3489 τὸν
2428 3435 2792 3507 πρωτότοκον,
2833 3453 2853 3487 3
2887 3434 2981 3488 καὶ
3008 3434 3265 3507 δευτέραν
3299 3434 3558 3505 σύλληψιν
3595 3436 3707 3506 τῆς

2109 3528 2385 3601 Παρθένου
2415 3528 2776 3598 ἐδογμάτισαν
2811 3527 2943 3599 (99),
2981 3527 3080 3600 τὴν
3105 3527 3416 3600 ἀφθαρσίαν
3449 3530 3529 3590 είς
3558 3529 3709 3598 φθο-

2110 3621 2211 3691 ρὰν
2254 3620 2702 3691 μεταϐάλλοντεςο
2732 3620 3035 3691 φάσκοντες
3078 3623 3136 3674 ἐν
3185 3623 3299 3685 τοῖς
3328 3622 3551 3685 οἰκείοις
3608 3622 3710 3676 δό-

2106 3727 2342 3781 γμασιν⁶
2387 3713 2500 3765 Οὐκ
2541 3712 2606 3766 ἂν
2647 3712 2863 3784 λεχθείη
2905 3712 3269 3783 πρωτότοκος,
3306 3712 3564 3785 δευτέρου
3621 3715 3709 3787 μὴ

2108 3803 2707 3875 παρακολουθήσαντος.
2743 3806 2817 3858 Οὐ
2857 3805 3016 3876 μόνον
3047 3803 3106 3857 δὲ
3142 3805 3190 3857 οἱ
3224 3802 3284 3869 ἐξ
3312 3805 3569 3867 ἐναντίας
3605 3805 3712 3858 τὸν

2104 3894 2318 3947 Λουκᾶν
2349 3894 2449 3964 τῆς
2492 3894 2699 3958 οἰκείας
2742 3894 3070 3967 ἀϐελτηρίας
3116 3892 3508 3964 προϐάλλονται
3546 3895 3714 3967 μάρ-

2102 4000 2263 4057 τυρα,
2292 3983 2426 4037 ἀλλά
2452 3986 2546 4039 καὶ
2577 3985 2669 4038 τὸν
2708 3984 3096 4056 εὐαγγελιστὴν
3127 3984 3406 4038 Ματθαῖον
3435 3985 3505 4038 τὰ
3547 3988 3713 4040 αὐτά

2107 4076 2400 4146 μηνύοντα,
2440 4076 2536 4129 καὶ
2584 4075 2665 4129 ἐτι
2709 4075 3041 4148 σαφέστερον
3079 4076 3506 4147 παρεγγυῶντα·
3564 4077 3711 4131 ὅθεν

2104 4168 2199 4221 καὶ
2238 4167 2335 4231 τὰς
2386 4167 2595 4221 ἐκείνου
2628 4167 2803 4233 λέξεις
2848 4168 3297 4240 φανεροποιοῠσιν
3339 4171 3389 4223 οἱ
3423 4169 3605 4234 ἄθεοι,
3642 4172 3713 4224 ἐν

2100 4259 2215 4321 τοῖς
2263 4256 2472 4310 ἐαυτῶν
2524 4259 2917 4330 συγγράμμασι
2967 4258 3219 4326 λέγοντες
3282 4261 3427 4332 ἆπερ
3483 4261 3711 4335 Ἰωσὴφ

430 4352 518 4406 nis
545 4349 771 4421 Ioseph,
819 4352 1010 4407 dicens
1040 4370 1055 4407 :
1082 4351 1282 4422 Joseph
1320 4352 1394 4406 [ili
1426 4351 1619 4417 David,
1653 4353 1766 4407 noli
1808 4352 2001 4408 timere

2135 4365 2161 4400 v
2189 4348 2421 4420 ὀπτασίᾳ
2453 4349 2529 4419 (1)
2560 4349 2848 4421 δεξάμενος
2873 4350 3309 4422 ἀναγέγραπται,
3331 4352 3426 4404 τοῦ
3452 4351 3712 4423 εὐαγγε-

430 4443 680 4512 accipere
710 4442 934 4497 Mariam
965 4446 1252 4516 coniugem
1286 4452 1458 4507 tuam,
1494 4445 1639 4514 quod
1665 4443 1898 4499 enim‘in
1931 4459 1995 4499 ea

2138 4439 2284 4493 ιστοῦ
2315 4440 2595 4495 Ματθαίου
2626 4440 2906 4510 λέγοντος⁶
2944 4461 2964 4494 ι
3002 4442 3180 4514 Ὠφθη
3213 4442 3270 4497 δὲ
3294 4442 3518 4511 ἄγγελος
3581 4447 3714 4499 Κυ-

430 4538 623 4585 natum
655 4538 763 4593 est,
797 4548 863 4588 ex
912 4531 1118 4603 Spiritu
1158 4544 1350 4589 sancto
1390 4541 1499 4589 est.
1541 4533 1781 4606 Surgens
1814 4540 1994 4590 autem

2138 4531 2215 4585 ίου
2249 4532 2369 4585 κατ’
2402 4531 2535 4604 ὄναρ
2561 4532 2639 4604 τῷ
2682 4533 2902 4603 Ἰωσὴφ,
2948 4533 3155 4603 λέγων·
3201 4535 3401 4604 Ἰωσὴφ
3436 4536 3560 4599 υἱὸς
3590 4540 3712 4591 Δα-

428 4622 651 4693 Joseph,
709 4623 806 4687 ait,
852 4626 1061 4694 accepit
1108 4625 1327 4679 Mariam
1380 4625 1666 4695 coniugem
1713 4640 1904 4694 suam;
1943 4632 1998 4681 et

2135 4624 2203 4689 ιδ,
2232 4624 2307 4695 μὴ
2345 4623 2588 4695 φοϐηθῇς
2632 4624 2969 4695 παραλαϐεῖν
3013 4625 3251 4698 Μαριάμ
3287 4626 3390 4697 τὴν
3444 4631 3711 4695 γυναῖκά

429 4729 541 4769 non
586 4714 844 4785 cognovit
891 4730 1011 4770 eam
1046 4716 1218 4770 donec
1251 4717 1462 4789 peperit
1488 4716 1660 4771 filium
1701 4732 1861 4772 suum
1887 4717 2000 4787 pri-

2135 4733 2193 4769 ου
2217 4733 2232 4748 ο
2286 4718 2349 4771 τὸ
2399 4718 2509 4788 γὰρ
2543 4720 2599 4770 ἐν
2648 4718 2785 4788 αὐτῇ
2822 4717 2896 4790 (2)
2947 4718 3226 4790 γεννηθὲν,
3251 4720 3316 4772 ἐκ
3365 4718 3711 4788 Πνεύματός

428 4806 847 4876 mogenitum'”.
881 4825 900 4858 ι
938 4804 1115 4860 Simili
1158 4806 1321 4860 modo
1363 4807 1664 4862 adversarii
1694 4807 1795 4862 bas
1834 4822 1998 4864 voces

2135 4824 2242 4861 στιν
2308 4807 2483 4875 ἁγίου.
2556 4806 2815 4871 Ἀναστὰς
2868 4807 2945 4872 δὲ,
3000 4810 3197 4880 φησὶν,
3273 4810 3493 4880 Ἰωσὴφ,
3546 4829 3711 4884 παρ-

427 4905 772 4964 mutuantur,
817 4905 878 4952 ut
923 4897 1215 4968 gloriosam
1242 4896 1519 4969 Virginem
1556 4898 1797 4955 secundo
1834 4914 1998 4969 pepe-

2135 4895 2256 4949 ta6s
2285 4897 2518 4968 Μαριὰμ
2550 4896 2649 4967 τὴν
2689 4898 2922 4966 γυναῖκα
2942 4897 3129 4962 αὐτοῦ,
3166 4898 3261 4952 καὶ
3302 4899 3709 4973 ἐπορεύθησαν

427 4991 572 5045 risse
599 4989 852 5045 doceant.
885 4988 993 5044 Sed
1020 5002 1190 5060 apage
1213 4989 1606 5045 absurditatem
1640 5008 1655 5044 :
1680 4977 1999 5043 immacula-

2136 4989 2182 5053 ίς
2227 4989 2533 5056 Αἴγυπτον·
2594 4990 2688 5042 καὶ
2739 4990 2839 5043 οὐκ
2892 4990 3190 5058 ἐγίνωσκεν
3241 4992 3433 5065 αὐτὴν,
3469 4994 3584 5059 ἕως
3629 5015 3710 5054 ου

368 5078 377 5089 ⁸
429 5091 544 5137 tum
580 5097 809 5151 prorsus
840 5081 1141 5152 permansit
1171 5080 1276 5135 hoc
1302 5080 1586 5151 virginale,
1616 5088 1670 5135 et
1697 5079 1994 5151 gloriosum

2135 5097 2256 5134 τεκε
2288 5080 2379 5134 τὸν
2410 5081 2523 5135 υἱὸν
2547 5082 2717 5152 αὐτῆς
2751 5082 2841 5136 τὸν
2870 5083 3231 5154 πρωτότοκον.
3273 5104 3291 5137 3
3322 5086 3567 5155 Ὁμοίως
3597 5094 3709 5145 καὶ

494 5198 541 5230 ⁷⁰
582 5196 711 5253 Luc.
749 5214 823 5260 ιι,
856 5197 923 5262 6,
960 5197 1012 5252 7.
1087 5196 1133 5228 "
1174 5194 1363 5250 Matth.
1396 5210 1444 5262 ι,
1475 5195 1676 5251 20-25.

501 5289 609 5359 (95)
639 5290 794 5347 Colb.
849 5290 901 5354 l,
937 5290 993 5356 2,
1035 5281 1203 5361 αρτὴν
1237 5290 1331 5344 καὶ
1377 5288 1560 5343 ἔτεκεν
1622 5289 1712 5342 τὸν
1747 5307 1807 5346 π.
1829 5287 1999 5343 Paulo

501 5289 609 5359 (95)
639 5290 794 5347 Colb.
849 5290 901 5354 l,
937 5290 993 5356 2,
1035 5288 1203 5361 αὐτὴν
1237 5290 1331 5344 καὶ
1377 5288 1560 5343 ἔτεκεν
1622 5289 1712 5342 τὸν
1747 5307 1807 5346 π.
1829 5287 1999 5343 Paulo

427 5361 931 5444 pOSEL‘litielll,6téﬂ
953 5362 1053 5414 οὑκ
1071 5357 1160 5444 ἦν.
1306 5437 1318 5444 Δ
1545 5428 1560 5444 ⁸
1788 5428 1800 5444 ο
1941 5430 1953 5444 ι

2176 5288 2290 5357 (98)
2325 5287 2479 5343 Colb.
2508 5289 2557 5355 l,
2578 5289 2637 5354 2,
2670 5289 3186 5362 προεζωγράφησεν.

2178 5359 2298 5444 (99.)
2325 5358 2592 5444 Σέλληψιν
2627 5360 2989 5444 ξδογμάτισαν
3014 5361 3114 5432 τὴν
3139 5362 3186 5415 Π

2238 5360 2292 5403 9i
2325 5359 2592 5403 Σύλλτεώιν
2627 5359 2989 5403 ὲδηῆνηάτισῖιν
3012 5359 3114 5403 πελεν
3139 5360 3414 5403 "manium:
3452 5362 3681 5403 ὖπηνιτῖ

503 5358 572 5422 St,
599 5362 784 5425 iidem,
800 5361 931 5443 διότι
953 5362 1053 5414 οὑκ
1071 5358 1171 5444 ἦν.

501 5431 617 5501 (96),
643 5430 993 5512 Colberttntts
1020 5444 1233 5512 primus
1270 5437 1327 5485 et
1356 5428 2003 5512 secunduisszplqnfhv

2178 5359 2292 5429 (99)
2325 5358 2592 5429 Σύλληψιν
2627 5358 2989 5432 ἐδογμάτισαν
3012 5358 3114 5432 τὴν
3139 5360 3414 5432 Παρθένον
3452 5362 3712 5434 ὑπομεῖ-

2135 5430 2336 5512 ¹αὲιβῖῗδ
2361 5429 2517 5512 (³2ηῇ
2550 5430 2684 5512 ¹λ²’
2771 5507 2782 5512 _
2880 5498 2920 5512 ..
3385 5502 3398 5512 .
3480 5503 3519 5512 ..
3615 5506 3629 5512 _

1887 5498 1968 5574 ῆςέ

2182 5500 2363 5574 (l)_lta
2399 5500 2557 5574 C_olb.
2587 5499 2841 5574 2._recte.
2880 5498 3023 5554 Editi
3069 5516 3216 5565 vero,
3262 5502 3444 5571 φαμὲν
3480 5503 3711 5574 Ἰωσὴφ

2107 5571 2224 5640 μετ’
2254 5569 2534 5624 ὀπτασίαν.
2655 5571 2665 5580 ’

2173 5641 2260 5715 (2)
2287 5640 2377 5715 Sic
2400 5640 2579 5715 @0le.
2628 5640 2677 5703 Ι,
2795 5639 2947 5715 Editi
2982 5656 3133 5715 vero,
3163 5641 3337 5715 λέγων
3358 5659 3396 5715 ’μ
3416 5646 3715 5710 Ἀναστὰς

2101 5710 2380 5785 παράλαϐε
2399 5710 2630 5784 Μαριὰμ
2664 5710 2762 5782 τὴν
2791 5713 3019 5781 γυναῖκά
3050 5727 3164 5779 σου,
3189 5712 3321 5791 διότι
3351 5712 3413 5766 τὸ
3438 5715 3496 5766 ἐν
3528 5718 3710 5787 alti.

432 5487 690 5622 ἐνσαρῖιον
724 5487 1048 5574 οἰκονομίακῖ.
1082 5502 1295 5567 Ἔτεκε,
1333 5501 1485 5571 φησὶ,
1516 5502 1606 5553 τὸν
1634 5487 1759 5552 Tibi}
1785 5487 1967 5581 αὐτηςί

506 5570 561 5622 (9
600 5570 617 5622 l
653 5570 804 5622 Colb.
842 5572 892 5622 l.
925 5573 1146 5622 εὐαγέσι
1173 5572 1347 5622 venui.
1384 5571 1549 5622 lnl‘ra.
1579 5578 1700 5622 post
1723 5571 1781 5622 ἐξ
1807 5573 1967 5622 αὐτη(

506 5570 617 5639 (97)
653 5570 804 5643 Colb.
842 5570 1146 5643 1,ἐύαγέσι
1173 5570 1353 5643 χερσί.
1384 5571 1549 5643 lnl‘ra,
1579 5578 1700 5641 post
1723 5571 1781 5636 ἐξ
1807 5570 1997 5640 αὐτῆς,

438 5640 632 5762 legitur
666 5642 760 5694 καὶ
795 5641 899 5710 πρὸ
929 5640 1098 5715 αὐτῆς
1134 5640 1207 5697 in
1233 5640 1517 5699 codicibus
1560 5640 1716 5707 mss,
1744 5658 1901 5699 secus
1939 5643 1995 5697 in

441 5724 483 5771 0'
510 5727 524 5764 ι
553 5726 618 5770 18.
