3832 6216
173 321 269 377 957

1154 332 1391 391 SERMO
1429 333 1520 388 DE
1552 313 2058 392 DESCRIPTIONE
2081 336 2426 395 DEIPARAE.

3294 344 3400 401 958

167 440 238 508 (5)
257 442 455 513 ταύτας
480 440 580 503 τὰς
611 442 784 509 λέξεις
825 446 875 498 ot
907 445 966 511 ἐξ
997 446 1243 512 ἐναντίας
1285 451 1723 522 παρεγγυῶνται,

1831 452 2107 508 cimelium
2158 473 2170 506 :
2211 467 2561 524 nequaquam
2613 455 2879 524 poliatum
2932 455 3037 509 fuit
3098 459 3399 514 secundum

166 533 225 584 ἐκ
251 531 494 604 δευτέρου
522 535 621 605 τὴν
643 535 848 600 ἔνδοξον
869 537 1142 609 Παρθένον
1161 544 1493 614 κυοφορῆσαι
1524 543 1725 614 δογμα-

165 622 410 687 τίζοντες.
481 626 621 679 Ἀλλ’
675 628 855 696 ἄπαγε
913 633 1012 701 τῆς
1070 631 1334 697 ἅτοπίαςί
1394 634 1725 705 ἀκηλίδωτον

164 712 333 782 ἔμεινε
369 715 585 780 πάντως
608 716 670 771 τὺ
698 718 1020 790 παρθενικδν
1048 722 1141 775 καὶ
1171 722 1377 787 ἔνδοξον
1408 726 1686 796 κειμήλιον
1705 743 1719 757 ·

163 804 256 857 οὐκ
280 805 544 877 ἐμολύνθη
577 810 606 861 6
635 808 884 880 δεύτερος
912 810 1138 882 οὐρανός
1158 830 1171 843 ·
1226 814 1326 866 οὐκ
1359 816 1428 885 ὴχ
1440 815 1634 889 ρειώθη
1662 818 1723 871 τὸ

162 896 251 948 τοῦ
290 897 538 969 Ὑψίστου
569 898 902 971 θεοχώρητον
930 901 1139 966 σκεῦος.
1174 905 1520 976 Πρωτότοκος
1550 908 1579 959 6
1610 907 1723 960 Κύ-

167 1006 273 1059 ριος
300 991 525 1061 ἤκουσεν
553 993 617 1045 ἐκ
644 992 742 1063 τῆς
773 993 1048 1064 Παρθένου
1069 1011 1082 1025 ·
1118 995 1213 1048 καὶ
1246 996 1426 1061 καλῶς
1455 999 1685 1068 ήκουσεν
1704 1016 1718 1030 ·

159 1080 256 1149 οὐχ
293 1080 374 1133 ὄτι
427 1080 678 1154 δεύτερόν
726 1100 848 1136 τινα
900 1086 1187 1156 ὁμοιογενῆ
1243 1087 1717 1156 προσεκαλέσατο·

160 1172 268 1225 ἀλλ’
312 1174 394 1226 ὅτι
452 1176 794 1246 πρωτότοκος
847 1178 1091 1249 ὑπῆρχε,
1145 1180 1421 1232 τουτέστιν
1454 1180 1719 1252 ἀσύγκρι-

156 1279 264 1327 τος.
296 1265 428 1318 Οὐδὲ
463 1267 570 1337 γὰρ
605 1267 704 1338 (4),
735 1268 822 1322 διὰ
852 1268 911 1321 τὸ
948 1271 1119 1322 εἰπεῖν
1164 1270 1254 1323 τὸν
1288 1271 1553 1342 μακάριον
1582 1272 1731 1325 Παῦ-

161 1354 248 1410 λον
288 1358 543 1430 περὶτῆς
589 1359 683 1412 τοῦ
734 1360 941 1430 Κυρίου
988 1362 1052 1414 ὲκ
1084 1361 1179 1414 τοῦ
1229 1363 1444 1434 Πατρὸς
1490 1364 1728 1434 ἁνάρχου

158 1453 476 1520 γεννήσεως,
506 1452 566 1514 ὂς
598 1452 713 1505 ἐστι
742 1452 1086 1523 πρωτότοκος
1119 1453 1299 1522 πάσης
1330 1453 1578 1517 κτίσεως,
1622 1454 1721 1524 ἢδη

156 1539 247 1592 καὶ
272 1538 493 1608 ἀδελφὸν
533 1539 625 1593 τοῦ
670 1541 873 1612 Κυρίου
926 1542 1153 1610 φυσικὸν
1196 1542 1564 1613 συνέγραψεν·
1605 1543 1720 1596 οὐδ’

1834 544 2032 600 cmlum
2079 561 2467 617 :nequaquam
2526 545 2874 616 prolanatum
2930 545 3033 601 fuit
3088 564 3183 603 vas
3241 549 3397 616 illud,

1830 636 1976 707 quod
2008 636 2180 691 Deum
2214 638 2542 692 altissimum
2585 638 2873 692 continuit.
2904 637 3165 694 Dominus
3195 639 3398 709 primo-

1829 728 2046 798 genitus
2077 744 2142 784 ex
2171 729 2392 800 Virgine
2427 729 2654 797 audivit,
2694 745 2757 784 ac
2792 730 2962 801 probe
3005 732 3240 799 audivit;
3285 749 3397 787 non

1829 819 1978 889 quod
2025 820 2326 876 secundum
2381 836 2445 876 ex
2493 821 2681 876 eodem
2727 836 2922 891 genere
2961 822 3249 887 acciverit;
3301 824 3398 879 sed

1832 911 1961 979 quia
1994 912 2411 982 primogenitus,
2448 911 2500 965 id
2536 921 2621 967 est
2654 913 3094 981 incomparabilis
3128 921 3264 966 erat.
3289 913 3395 968 Ne-

1824 1015 1931 1070 que
1957 1001 2099 1055 enim
2131 1001 2260 1071 quia
2290 1001 2349 1054 Β.
2382 1000 2583 1057 Paulus
2612 1002 2677 1057 de
2712 1014 2913 1056 aeterna
2946 1001 3159 1056 Domini
3203 1018 3268 1057 ex
3295 1002 3399 1056 Pa-

1821 1097 1905 1145 tre
1948 1093 2296 1161 generatione
2337 1094 2449 1146 ait:
2481 1112 2498 1144 ι
2533 1091 2634 1158 Qui
2667 1101 2749 1148 est
2782 1092 3174 1163 primogenitus
3219 1094 3397 1147 omnis

1823 1192 2087 1236 creatura:
2122 1184 2190 1250 ",
2222 1203 2239 1235 ι
2300 1184 2600 1237 naturalem
2661 1184 2840 1238 statim
2901 1183 3113 1237 Domini
3171 1183 3396 1237 fratrem

1837 1272 2166 1343 conscripsit
2193 1292 2206 1328 :
2233 1290 2408 1342 neque
2435 1290 2651 1329 rursum
2683 1275 2800 1343 ipse
2820 1273 3043 1340 Paulus,
3072 1290 3195 1329 cum
3218 1275 3394 1345 ipsum

1830 1362 2118 1419 Dominum
2151 1365 2568 1436 primogenitum
2602 1382 2669 1420 ex
2695 1366 2928 1421 mortuis
2950 1367 3185 1433 vocavit,
3210 1367 3393 1421 statim

1830 1455 1997 1508 alium
2038 1455 2269 1509 Domino
2301 1456 2531 1511 similem
2562 1456 2797 1523 induxit,
2826 1457 2920 1527 qui
2949 1458 3067 1527 pari
3107 1459 3270 1513 modo
3312 1458 3396 1512 in.

1825 1544 2041 1599 ternum
2072 1546 2494 1601 conculcaverit.

154 1626 221 1684 αὖ
249 1632 408 1686 πάλιν
446 1634 474 1685 6
500 1632 662 1696 αὐτὸς
688 1633 919 1698 Παῦλος,
983 1635 1075 1688 τὸν
1127 1635 1291 1688 αὐτὸν
1350 1635 1551 1707 Κύριον
1591 1636 1931 1707 πρωτότοκον
1969 1640 2033 1691 ὲκ
2067 1637 2173 1692 τῶν
2219 1637 2427 1711 νεκρῶν
2469 1638 2723 1704 καλέσας,
2783 1638 2882 1710 ήδη
2921 1638 3015 1692 κα)⁸
3071 1638 3254 1708 ὅμοιον
3301 1637 3394 1691 τοῦ

155 1724 351 1795 Κυρίου
387 1729 778 1798 παρεισήγαγε,
814 1730 1205 1802 παραπλησίως
1224 1730 1312 1783 τὸν
1344 1731 1476 1803 ᾅδην
1494 1734 1825 1804 πατήσαντα.
2920 1740 2927 1748 ’

222 1819 274 1873 9.
330 1819 422 1873 Διό
482 1821 644 1875 ἄκουε
695 1824 965 1890 συνετῶς,
1014 1825 1108 1877 καὶ
1166 1825 1384 1879 πίστευε
1439 1826 1719 1896 θεοφιλῶς.

1893 1827 1947 1880 9.
1989 1823 2351 1891 Quamobrem
2393 1821 2691 1892 prudenter
2735 1818 2883 1882 audi,
2939 1832 3003 1872 ac
3044 1816 3131 1888 pie
3162 1814 3390 1871 credito.

154 1909 497 1979 Πρωτότοκος
543 1915 573 1966 ό
603 1913 807 1985 Κύριος
859 1917 924 1969 ὲκ
964 1915 1071 1968 τῶν
1103 1916 1331 1987 νεκρῶν,
1364 1917 1459 1971 καὶ
1503 1918 1569 1971 ὲκ
1622 1916 1718 1971 τοῦ

154 1997 365 2072 Πατρδς
388 2004 481 2056 καὶ
498 2006 561 2057 ὲκ
590 2005 687 2075 τῆς
715 2005 1013 2076 Παρθένου,
1037 2007 1124 2060 ἴνα
1142 2007 1228 2061 διὰ
1252 2009 1469 2062 πάντων
1500 2009 1717 2081 γνωσθῇ

152 2092 213 2144 τὸ
254 2093 534 2162 μοναδικὸν
573 2096 672 2166 τῆς
702 2097 951 2168 υίότητος
992 2098 1225 2170 ἀξίωμα.
1280 2100 1629 2172 Ἀσύγκριτος
1665 2101 1721 2155 δὲ

151 2185 181 2236 6
214 2183 527 2249 δεσποτικὸς
556 2188 745 2250 τόκος·
791 2189 926 2242 ὅπου
959 2189 1067 2261 γὰρ
1105 2193 1139 2262 ἡ
1181 2192 1379 2264 Μήτηρ
1424 2192 1718 2264 Παρθένος,

152 2279 271 2341 πῶς
324 2279 481 2343 τόκος
525 2281 989 2352 ἐρμηνευόμενος;
1049 2282 1279 2352 Ὁμοίως
1318 2285 1411 2337 καὶ
1442 2284 1505 2336 τὸ
1550 2286 1722 2337 εἰπεῖν

150 2370 245 2423 τὸν
292 2370 677 2444 εὖαγγελιστὴν
721 2373 998 2426 Ματθαῖον
1046 2375 1174 2447 περὶ
1217 2373 1312 2428 τοῦ
1367 2375 1593 2447 Ἰωσὴφ,
1637 2378 1720 2431 ὅτι

156 2480 177 2511 ι
217 2461 331 2514 οὐκ
373 2462 665 2530 ἐγίνωσκεν
694 2465 881 2535 αὐτὴν,
916 2464 1021 2528 ἕως
1048 2461 1109 2519 οὗ
1148 2465 1302 2520 ἔτεκε
1346 2467 1438 2521 τὸν
1477 2468 1589 2523 υἱὸν
1631 2469 1721 2522 αύ-

150 2553 251 2622 τῆς
279 2552 371 2606 τὸν
418 2556 757 2625 πρωτότοκον
781 2572 795 2586 ·
852 2576 871 2608 ι
928 2558 1029 2610 οὐκ
1059 2558 1356 2626 ἐγίνωσκεν
1400 2559 1510 2630 γὰρ
1551 2560 1720 2628 αὐτὴν

150 2643 385 2715 ἀληθῶς,
418 2644 522 2709 ἕως
554 2642 613 2701 οὗ
644 2647 795 2701 ἔτεκε
841 2649 930 2701 τὸν
964 2649 1076 2702 υἱὸν
1108 2649 1280 2719 αὐτῆς
1313 2650 1406 2703 τὸν
1449 2651 1724 2721 πρωτότο-

150 2753 268 2790 κον.
307 2733 549 2801 Ἕωςόὖ
577 2741 609 2809 ή
644 2739 920 2810 Παρθένος
966 2741 1253 2811 ὲκυοφόρει
1286 2741 1386 2810 (5),
1415 2743 1517 2794 οὐκ
1557 2742 1725 2811 ἐγνώ-

152 2828 303 2900 ριζεν
335 2828 502 2899 αὐτὴν
532 2829 562 2881 6
599 2830 794 2901 Ἰωσήφ
813 2847 826 2860 ·
861 2832 962 2885 οὐκ
999 2832 1132 2902 ᾔδει,
1163 2832 1216 2884 τί
1245 2833 1306 2885 τὸ
1333 2833 1392 2885 ἐν
1418 2833 1552 2903 αὐτῇ
1579 2849 1592 2863 ·
1625 2834 1725 2887 οὐκ

149 2920 290 2991 ᾔδει,
318 2920 372 2972 τί
415 2920 478 2973 τὸ
507 2923 1024 2993 πραγματευόμενον
1048 2940 1061 2952 ·
1094 2923 1195 2976 οὐκ
1239 2923 1375 2994 ᾔδει,
1422 2923 1477 2976 τί
1518 2923 1580 2976 τὸ
1626 2941 1726 2977 κα-

144 3010 652 3083 τασκευαζόμενον·
699 3012 857 3084 μόνον
896 3013 1004 3085 γὰρ
1049 3012 1225 3078 ἔτεκε,
1272 3013 1366 3068 καὶ
1403 3013 1527 3066 τότε
1556 3011 1724 3082 ἐγνώ-

149 3119 276 3173 ρισε
297 3119 311 3133 ο
350 3103 473 3156 τότε
504 3103 644 3171 ἔγνω
675 3106 704 3158 6
744 3104 940 3175 Ἰωσὴφ
966 3103 1049 3168 τίς
1085 3104 1159 3175 (6)
1189 3100 1257 3175 ἦν
1286 3106 1319 3175 ἡ
1360 3104 1585 3174 δύναμις
1623 3104 1723 3174 τῆς

1824 1913 2232 1984 Primogenitus
2259 1920 2345 1967 est
2372 1911 2542 1967 Filius
2571 1927 2638 1966 ex
2666 1911 2922 1975 mortuis,
2964 1924 3033 1964 ex
3060 1906 3221 1962 Patre
3243 1916 3297 1962 et
3327 1922 3396 1962 ex

1822 2006 2066 2078 Virgine,
2122 2015 2181 2061 ut
2230 2020 2326 2075 per
2375 2004 2560 2059 omnia
2615 2003 2779 2058 unica
2826 2003 3102 2057 ﬁliationis
3154 2002 3395 2071 dignitas

1822 2106 2229 2170 agnosceretur.
2276 2096 2726 2167 lncomparabilis
2768 2103 2951 2150 autem
2984 2103 3070 2151 est
3113 2093 3397 2148 Dominica

1822 2192 2004 2263 proles
2031 2210 2043 2245 :
2068 2206 2193 2244 nam
2228 2189 2319 2242 ubi
2350 2196 2524 2243 mater
2551 2185 2739 2258 Virgo,
2766 2202 3001 2257 quanam
3034 2187 3244 2240 ratione
3270 2199 3396 2254 pro-

1822 2284 1902 2337 les
1925 2280 2270 2352 explicatur?
2290 2279 2552 2333 Similiter
2573 2277 2725 2348 quod
2752 2275 3087 2346 evangelista
3108 2273 3396 2327 Mattheus

1821 2376 1889 2431 de
1921 2374 2158 2445 Josepho
2191 2373 2338 2427 dicat
2377 2391 2391 2427 :
2437 2393 2456 2423 ‹
2480 2373 2601 2427 Non
2635 2371 3000 2443 cognoscebat
3036 2385 3189 2433 eam,
3222 2368 3394 2423 donec

1822 2468 2029 2537 peperit
2057 2465 2227 2519 [ilium
2257 2480 2417 2519 suum
2444 2464 2896 2533 primogenitum.
2929 2480 2949 2513 ι
2978 2460 3097 2515 Νοη
3124 2462 3283 2530 plane
3300 2474 3394 2513 co-

1821 2557 2116 2627 gnoscebat
2147 2570 2288 2616 eam,
2321 2554 2499 2608 donec
2530 2553 2739 2622 peperit
2790 2552 2958 2606 ﬁlium
2994 2565 3153 2606 suum
3185 2551 3393 2619 primo-

1822 2646 2084 2717 genitum.
2126 2644 2310 2699 Donec
2356 2652 2572 2699 uterum
2620 2641 2790 2713 Virgo
2821 2641 3090 2711 gestabat,
3144 2655 3255 2695 non
3301 2654 3397 2693 co»

1823 2735 2117 2804 poscebat
2165 2748 2285 2788 eam
2343 2729 2542 2801 Josepb
2578 2745 2716 2786 :nec
2767 2730 2975 2784 sciebat
3015 2726 3147 2798 quid
3195 2728 3250 2781 in
3302 2727 3396 2781 illa

1822 2832 1990 2889 esset,
2043 2822 2334 2893 ignorabat
2364 2820 2493 2890 quid
2542 2819 2743 2890 negotii
2775 2828 3075 2890 gereretur,
3110 2816 3396 2886 ignorabat

1822 2911 1954 2980 quid
1993 2916 2391 2981 appararetur:
2425 2916 2590 2979 atque
2617 2916 2749 2961 tunc
2779 2908 2953 2964 solum
2983 2906 3237 2976 cognovit
3269 2920 3395 2960 cum

1823 3003 1914 3057 illa
1941 3002 2154 3071 peperit
2184 3020 2196 3056 ε
2225 3010 2357 3057 tunc
2389 3000 2610 3070 agnovit
2640 2998 2841 3069 Joseph
2872 3014 3119 3069 quaenam
3153 2997 3395 3068 Virginis

1822 3102 1968 3150 esset
1999 3094 2200 3157 virtus,
2224 3099 2292 3160 et
2330 3091 2463 3161 quid
2510 3091 2654 3146 Deus
2701 3090 2883 3145 facere
2913 3091 3169 3162 dignatus
3205 3095 3391 3145 esset:

144 3188 453 3259 Παρθένου,
474 3192 571 3244 καὶ
588 3191 639 3244 τί
660 3174 912 3261 γενέσθαι
947 3174 1255 3264 κατηξιώθη
1276 3209 1290 3224 ο
1323 3194 1443 3247 τότε
1465 3192 1623 3261 ἔγνω,
1640 3194 1722 3249 ὅτι

1830 3191 1955 3238 tunc
1986 3183 2137 3237 novit
2176 3196 2296 3238 eam
2332 3181 2499 3236 ubera
2528 3181 2767 3247 dedisse,
2796 3196 2896 3236 nec
2926 3182 2980 3235 in
3014 3196 3150 3238 vena
3175 3195 3275 3247 sua
3304 3194 3396 3237 ra,-

149 3280 325 3349 μαζὸν
359 3280 615 3345 ἐπέδωκε,
649 3283 743 3335 καὶ
765 3282 1126 3359 φλεόοσυλίαν)
1148 3282 1247 3351 οὐχ
1275 3282 1533 3352 ὑπέμεινε
1558 3299 1571 3313 ο
1600 3283 1724 3337 τότε

143 3370 312 3438 ἔγνω,
345 3371 426 3423 ὃτι
472 3371 804 3442 ὲξελόχευσε,
848 3373 941 3425 καὶ
974 3373 1044 3425 τὰ.
1105 3372 1215 3425 τῶν
1248 3371 1418 3442 λοχῶν
1474 3373 1536 3425 οὐ
1590 3390 1723 3426 κατ-

144 3461 345 3529 ενόησε
365 3475 379 3489 ⁸
434 3461 552 3513 τότε
595 3461 756 3529 ἔγνω,
785 3462 865 3515 ὅτι
895 3462 1059 3532 θηλὺν
1083 3465 1338 3534 παρεῖχεν
1367 3465 1399 3534 ή
1427 3464 1726 3535 ἀκρότομος

147 3552 329 3623 πέτρα
368 3556 434 3624 τῇ
476 3556 637 3625 νοητῇ
680 3555 887 3626 πέτρᾳ·
935 3555 1056 3607 τότε
1100 3555 1240 3623 ἔγνω
1285 3557 1313 3608 6
1375 3556 1593 3626 Ἰωσὴφ,
1643 3556 1725 3608 ὅτι

144 3645 283 3713 περὶ
318 3643 486 3712 αὐτῆς
530 3644 764 3715 ἔγραψεν
825 3644 1088 3708 Ἡσαΐας·
1127 3663 1144 3694 ι
1200 3643 1333 3697 Ἰδοὺ
1379 3645 1413 3715 ἡ
1459 3644 1727 3715 παρθένος

145 3737 209 3790 ὲν
235 3735 435 3806 γαστρὶ
468 3735 599 3800 ἕξει.
640 3756 659 3786 ι
699 3735 796 3789 Διὰ
824 3737 886 3789 τὸ
914 3735 1239 3806 ἀσύγκριτον
1270 3734 1555 3808 τοιγαροῦν
1578 3753 1727 3807 πρω-

142 3828 374 3890 τότοκος
404 3829 432 3879 6
474 3828 702 3898 Ἰησοῦς.
739 3830 802 3883 Ei
836 3828 893 3882 δὲ
935 3827 1015 3881 δεῖ
1046 3825 1414 3897 ἐπαληθεῦσαι
1453 3825 1531 3897 τῷ
1559 3827 1723 3897 λόγῳ,

143 3920 177 3973 6
224 3918 392 3983 αὐτὸς
429 3919 630 3990 Κύριος
674 3922 769 3973 καὶ
812 3919 1126 3991 Μονογενὴς
1178 3921 1241 3972 ἐκ
1284 3919 1516 3990 Πατρός·
1567 3919 1725 3989 μόνος

142 4008 261 4079 γὰρ
292 4010 360 4061 ὲκ
404 4008 565 4078 μόνου
609 4008 857 4079 ἀνάρχως
884 4008 1242 4077 γεγέννηται·
1277 4006 1304 4056 ὁ
1335 4004 1494 4067 αὐτὸς
1521 4003 1725 4075 Κύριος

144 4101 250 4151 καὶ
283 4098 592 4169 Μονογενὴς
627 4100 720 4152 καὶ
756 4099 1127 4170 πρωτότοκος·
1165 4097 1479 4167 Μονογενὴς
1524 4099 1588 4150 ὲκ
1633 4096 1723 4149 τοῦ

147 4189 393 4260 Πατρὸς,
439 4189 747 4261 Μονογενὴς
792 4193 855 4242 ὲκ
900 4190 1000 4260 τῆς
1066 4189 1291 4260 μητρὸς,
1336 4189 1423 4243 διὰ
1469 4188 1559 4242 τὸν
1603 4188 1725 4259 ὅρον

143 4281 252 4351 τῆς
286 4282 613 4352 οἰκονομίας.
648 4282 800 4352 Ἔχει
830 4282 935 4352 γὰρ
964 4280 1191 4344 πολλοὺς
1223 4280 1507 4350 ἀδελφοὺς,
1536 4280 1597 4333 οὐ
1622 4279 1724 4348 φύ-

142 4386 258 4435 σει,
288 4369 423 4423 ἀλλὰ
451 4371 654 4442 χάριτι,
688 4371 782 4423 καὶ
811 4372 868 4422 ὲν
894 4372 960 4441 τῇ
992 4369 1251 4441 Παρθένῳ
1276 4370 1371 4422 καὶ
1414 4371 1472 4422 ὲν
1508 4367 1586 4439 τῷ
1610 4369 1724 4421 Πα-

139 4460 264 4532 τρί.
325 4460 551 4532 Ὁμοίως
590 4462 684 4513 καὶ
713 4461 771 4513 ὲν
812 4462 877 4531 τῇ
907 4461 1200 4515 ἀναστάσει
1240 4459 1352 4529 ἔχει
1393 4460 1652 4529 ἀδελφοὺς
1698 4462 1727 4514 6

139 4552 394 4623 Κύριος·
456 4554 553 4606 καὶ
595 4552 741 4616 τίνες
790 4545 970 4618 οὗτοι;
1033 4553 1148 4625 Πρὸ
1206 4554 1422 4607 πάντων
1476 4554 1525 4605 οἱ
1581 4554 1724 4622 ἅγιοι

137 4636 463 4711 ἀπόστολοι,
508 4644 646 4716 πρὸς
696 4643 789 4708 οὓς
832 4646 861 4697 6
911 4644 1113 4716 Κύριος
1147 4644 1287 4715 ἔφη·
1347 4663 1366 4695 ι
1416 4644 1725 4717 Πορεύομαι

138 4737 293 4809 πρὸς
320 4736 411 4791 τὸν
439 4736 658 4808 Πατέρα
683 4753 807 4807 μου,
836 4736 931 4791 καὶ
947 4735 1163 4806 Πατέρα
1198 4736 1379 4807 ὑμῶν·
1414 4754 1433 4788 ι
1475 4736 1609 4807 πρὸς
1634 4734 1727 4798 οὓς

134 4830 171 4884 ὁ
201 4828 416 4899 Κύριος
447 4829 549 4900 ἔφη
572 4844 586 4857 ’
623 4849 641 4881 ι
697 4830 885 4900 Ὑμεῖς
915 4828 995 4891 δὲ,
1026 4828 1470 4901 προσευχόμενοι,
1505 4828 1691 4897 λέγετε
1712 4845 1724 4857 ·

132 4921 339 4991 Πάτερ
381 4921 535 4991 ἡμῶν
576 4923 604 4975 6
647 4921 706 4974 ὲν
752 4924 861 4984 τοῖς
894 4922 1140 4993 οὐρανοῖς
1173 4920 1272 4993 (7),
1316 4919 1630 4991 ἁγιασθήτω
1673 4920 1733 4972 τὸ

133 5014 334 5084 ὄνομά
364 5030 481 5079 σου,
532 5031 552 5065 ι
596 5014 654 5066 ὲν
676 5011 895 5084 Χριστῷ
934 5010 1109 5086 Ἰησοῦ
1152 5011 1231 5083 τῷ
1257 5012 1446 5084 Κυρίῳ
1477 5011 1653 5083 ἡμῶν,
1684 5004 1729 5078 ᾧ

135 5111 176 5178 ἡ
230 5106 368 5173 δόξα
413 5107 506 5159 καὶ
550 5105 613 5159 τὸ
667 5107 866 5180 κράτος
912 5104 1007 5160 νῦν
1047 5106 1142 5159 καὶ
1183 5105 1289 5168 ἀεὶ,
1341 5106 1434 5159 καὶ
1477 5105 1557 5168 είς
1602 5105 1728 5173 τοὺς

132 5196 363 5258 αἰῶνας
391 5195 498 5249 τῶν
531 5195 761 5252 αἰώνων.
803 5197 997 5265 Ἀμήν.

1827 3276 2008 3346 pinam
2059 3275 2590 3342 sustinuisse;tunc
2634 3276 2786 3329 novit
2825 3288 2946 3328 eam
2991 3274 3292 3345 peperisse,
3340 3287 3397 3329 et

1825 3385 1947 3440 qua:
1991 3369 2057 3424 ad
2093 3377 2308 3439 partum
2341 3369 2576 3423 attinent
2616 3384 2730 3423 non
2771 3368 2989 3423 novisse
3018 3387 3031 3421 :
3059 3376 3189 3422 tunc
3234 3367 3397 3423 scivit

1825 3461 2119 3515 mamillam
2150 3475 2180 3514 a
2209 3467 2480 3531 praerupta
2512 3467 2685 3530 petra,
2718 3459 2986 3529 spirituali
3016 3468 3184 3528 petra:
3211 3459 3396 3513 datam

1826 3551 2030 3607 fuisse:
2053 3558 2182 3606 tunc
2218 3552 2368 3606 novit
2387 3551 2612 3620 Joseph,
2640 3551 2707 3605 de
2733 3550 2822 3604 illa
2846 3548 3039 3605 lsaiam
3069 3551 3392 3620 scripsisse:

1831 3662 1851 3695 ι
1883 3643 2023 3699 Ecce
2091 3643 2247 3714 virgo
2322 3642 2620 3712 concipiet.
2651 3661 2671 3694 ι
2734 3640 3151 3711 lncomparabili
3213 3641 3397 3710 itaque

1826 3738 1987 3792 modo
2021 3736 2414 3807 primogenitus
2457 3742 2543 3789 est
2574 3733 2755 3789 Jesus.
2793 3733 2947 3799 Quod
2981 3733 3026 3788 si
3052 3734 3107 3787 in
3142 3732 3221 3787 rei
3251 3732 3396 3787 veri-

1828 3836 1937 3882 tate
1957 3828 2104 3897 loqui
2133 3833 2381 3896 oporteat
2408 3865 2425 3892 ,
2461 3826 2580 3896 ipse
2610 3824 2874 3881 Dominus
2900 3835 2953 3881 et
2981 3824 3305 3896 Uuigenitus
3327 3841 3393 3880 ex

1826 3918 2032 3984 Patre;
2064 3917 2227 3989 350
2252 3917 2403 3974 solus
2444 3931 2679 3986 namque
2708 3933 2775 3971 ex
2805 3916 2945 3982 solo,
2984 3916 3103 3972 sine
3128 3915 3398 3987 principio

1827 4018 1988 4065 natus
2029 4018 2111 4065 est
2138 4028 2150 4063 :
2186 4009 2329 4063 idem
2360 4008 2626 4064 Dominus
2656 4016 2711 4064 et
2742 4006 3070 4079 Uuigenitus
3100 4017 3156 4064 et
3187 4009 3396 4079 primo-

1796 4089 2079 4187 genitus:
2112 4098 2439 4170 Uuigenitus
2489 4115 2557 4153 ex
2588 4098 2771 4163 Patre,
2804 4097 3128 4169 Uuigenitus
3169 4114 3235 4154 ex
3278 4113 3398 4153 ma-

1828 4203 1929 4259 trc,
1965 4199 2187 4263 propter
2217 4191 2543 4246 moonomiae
2572 4189 2873 4245 decretum.
2900 4188 3073 4244 Habet
3090 4189 3233 4244 enim
3256 4190 3397 4243 mul~

1828 4295 1917 4341 tos
1953 4286 2174 4350 fratres,
2224 4300 2334 4338 non
2370 4290 2589 4347 natura,
2631 4282 2726 4337 sed
2757 4281 2952 4353 gratia,
2989 4288 3043 4336 et
3087 4281 3142 4334 in
3174 4279 3401 4351 Virgine

1827 4388 1880 4434 et
1917 4378 1973 4432 in
2012 4376 2193 4431 Patre.
2228 4374 2406 4429 Simili
2439 4389 2659 4444 quoque
2689 4373 2850 4428 modo
2902 4373 2960 4427 in
2997 4374 3399 4428 resurrectione

1830 4471 2026 4526 fratres
2055 4469 2220 4523 habet
2243 4466 2508 4522 Dominus
2537 4485 2550 4521 :
2575 4467 2862 4536 ecquinam
2886 4465 3002 4519 illi?
3022 4464 3163 4519 Ante
3183 4480 3396 4533 omnes,

1831 4562 2006 4617 sancti
2039 4557 2293 4630 apostoli,
2342 4557 2544 4628 quibus
2579 4555 2846 4611 Dominus
2873 4556 3005 4610 dicit
3038 4573 3050 4609 :
3082 4574 3101 4607 ι
3136 4554 3288 4610 Vado
3330 4557 3401 4615 ad

1832 4652 2048 4707 Patrem
2094 4666 2275 4705 meum
2320 4657 2375 4704 et
2403 4647 2619 4703 Patrem
2652 4647 2986 4713 vestrum”;
3016 4667 3034 4700 ι
3069 4647 3273 4718 quibus
3300 4645 3403 4702 Do-

1834 4744 2017 4800 minus
2057 4744 2132 4797 ait
2158 4762 2171 4797 :
2203 4762 2222 4794 ι
2258 4740 2371 4798 Vos
2400 4749 2583 4796 autem
2626 4757 2750 4795 cum
2779 4741 2969 4805 oratis,
3002 4741 3206 4795 dicite:
3238 4739 3405 4797 Pater

1836 4841 2042 4900 noster,
2066 4834 2157 4905 qui
2174 4849 2234 4889 es
2252 4833 2306 4887 in
2322 4833 2497 4897 caelis,
2518 4832 2885 4888 sanctiﬁcetur
2906 4847 3101 4887 nomen
3119 4831 3347 4895 tuum",
3373 4848 3398 4883 ι

1837 4927 1892 4979 in
1931 4925 2152 4981 Christo
2178 4924 2306 4981 Jesu
2329 4924 2559 4983 Domino
2588 4933 2800 4990 nostro,
2837 4924 2925 4979 cui
2948 4924 3120 4995 gloria
3148 4932 3202 4979 et
3230 4924 3403 4992 impe«

1834 5016 1975 5070 rium
2020 5032 2166 5072 nunc
2206 5026 2259 5071 et
2305 5030 2538 5087 semper,
2588 5024 2644 5072 et
2690 5017 2748 5071 in
2802 5015 3001 5072 saecula
3051 5012 3399 5073 smt'ulorum,

1833 5107 2031 5164 Amen.

217 5349 271 5379 "’
312 5349 527 5404 Coloss.
564 5365 617 5413 ι,
651 5348 740 5405 15.
814 5347 1042 5406 "Joan.
1101 5366 1194 5415 xx,
1221 5349 1309 5408 l7.
1404 5350 1451 5382 7‘
1486 5314 1673 5405 Matth.
1704 5365 1723 5403 ι

1830 5348 1879 5410 9.
1919 5348 2004 5404 10.

219 5500 306 5575 (ἒξ)
339 5498 495 5575 Eolb-
521 5498 656 5575 ἓνὲν
696 5499 926 5575 ὀμοίως
943 5504 1051 5575 γάρ

218 5572 308 5649 μ)
333 5568 658 5649 COD-1.29:.
688 5568 1049 5649 erismae»):
1083 5574 1407 5649 ἀσύγκριτός
1446 5577 1561 5630 ἐστι
1593 5576 1726 5647 πρὸς

130 5640 469 5717 “ei”???
501 5640 836 5717 τῷνρνβρὼ·
857 5643 932 5717 9°
969 5643 1049 5695 δεῖ
1074 5644 1201 5717 γάρι

221 5710 311 5782 (5)
345 5710 557 5780 υυωᾼ
574 5749 587 5775 ,
612 5708 667 5778 3,
694 5708 1004 5787 ἀπεκύησεν

1902 5501 1980 5568 (ϐὶ
2012 5499 2101 5556 Sic
2125 5500 2282 5558 Colb.
2304 5500 2423 5555 με.
2451 5499 2571 5563 Ed.,
2592 5498 2842 5569 Ἰωσ.τὴν
2860 5496 3132 5571 Παρθένον
3160 5497 3265 5571 τίς,
3299 5505 3405 5571 etc:

1905 5567 1980 5642 (7)
2011 5573 2087 5626 Ita
2115 5573 2267 5627 Colb.
2312 5573 2364 5635 l,
2394 5571 2448 5626 2.
2487 5571 2630 5642 ἦ]όὶιί
2647 5567 2808 5642 vero:
2826 5570 2931 5642 sic,
2949 5567 3227 5642 οὐρανοῖς·
3260 5567 3406 5642 αὐτῶ

1834 5636 2101 5726 πρέπειπὴ-
2122 5643 2266 5726 δόξα,
2303 5642 2426 5726 ἆμα,
2450 5640 2524 5710 τῷ
2554 5639 2688 5720 Υἱῶ³
2719 5639 2818 5726 καὶ¹
2842 5640 2981 5726 αγίῳ
3028 5636 3125 5695 καὶ
3155 5636 3406 5710 (inomni:

1832 5710 1998 5773 αὐτοῦ
2026 5710 2322 5785 Πνεύματι,
2346 5710 2607 5777 πάντοτε,
2629 5711 2742 5778 νῦν,
2774 5720 2877 5767 etc.
