3832 6216
164 269 254 322 961
1185 263 1420 318 SERMO
1452 261 1519 316 IN
1558 258 2030 316 NATIVITATEM
2071 257 2362 313 CHRISTI.

3287 254 3395 310 962

160 383 413 454 γαστρὸς,
461 380 581 434 οὔτε
643 382 768 442 τοὺς
814 380 1078 449 ἀγγέλους
1123 379 1287 432 αὐτοῦ
1331 380 1568 450 ἐρήμους
1621 377 1713 447 τῆς

1819 383 2002 438 tacta,
2053 373 2358 428 illaborata.
2428 369 2615 441 Neque
2682 372 2906 441 angelos
2962 370 3106 426 Deus
3167 373 3390 441 reliquit

160 474 468 538 ἐπιστασίας
502 473 810 535 κατέλιπεν,
839 473 961 526 οὔτε
993 475 1058 544 τῇ
1100 473 1234 542 πρὸς
1273 473 1422 541 ἡμᾶς
1459 470 1718 541 ἐνανθρω-

160 567 335 636 πήσει,
370 566 471 635 τῆς
521 565 725 626 αἰκείας
756 563 1006 634 θεότητος
1030 561 1248 624 ἐκστάς.
1293 559 1454 612 Ἀλλά
1483 561 1720 630 βασιλεῖς

160 656 250 725 μὲν
279 657 367 708 τὸν
397 655 713 726 ἐπουράνιον
747 654 968 725 βασιλέα
999 650 1160 725 ἦλθον
1207 653 1596 724 προσκυνῆσαι,
1627 653 1718 706 τὸν

159 746 472 816 γεννηθέντα
501 748 753 818 ἀρρήτως
797 750 861 800 ἐκ
899 746 1128 816 Πατρὸς,
1160 747 1395 818 σήμερον
1442 746 1499 798 δὲ
1532 747 1596 797 ἐκ
1622 747 1718 816 τῆς

161 838 425 908 Παρθένου
475 838 787 908 τικτόμενον
815 837 879 890 δι’
909 838 1008 908 ἐμέ
1027 854 1039 867 ·
1071 837 1206 890 ἀλλά
1244 839 1362 890 τότε
1399 837 1496 908 μὲν
1527 853 1718 908 γεννη-

157 928 263 992 Bait;
294 929 432 982 κατά
458 928 554 998 τὴν
588 928 770 997 φύσιν,
806 931 1042 999 σήμερον
1069 929 1124 982 δὲ
1158 928 1245 982 διά
1277 930 1374 1000 τὴν
1402 929 1594 983 ἑαυτοῦ
1618 929 1719 998 φύ-

158 1038 256 1074 σιν.
293 1021 403 1091 Πρὸ
433 1019 642 1073 αίώνων
676 1019 784 1090 γὰρ
812 1018 1088 1089 γεννηθεὶς
1121 1021 1184 1071 ἐκ
1212 1018 1304 1072 τοῦ
1339 1019 1550 1090 Πατρὸς
1580 1019 1655 1082 ώς
1688 1022 1717 1072 6

153 1113 412 1182 γεννήσας
438 1107 568 1175 οἶδε,
611 1113 848 1182 σήμερον
880 1113 942 1164 ἐκ
981 1112 1080 1182 τῆς
1126 1112 1402 1184 Παρθένου
1437 1112 1579 1182 ὑπὲρ
1614 1111 1716 1180 φύ-

155 1220 236 1256 σιν
263 1202 474 1273 ἐτέχθη,
505 1201 685 1265 καθὼς
726 1205 760 1272 ή
810 1202 901 1255 τοῦ
947 1202 1260 1273 Πνεύματος
1301 1203 1588 1256 ἐπίσταται
1617 1203 1716 1272 χά-

155 1311 253 1365 ρις.
288 1295 345 1346 '0
375 1294 607 1356 Παλαιὸς
633 1292 742 1346 τῶν
767 1295 990 1365 ἡμερῶν
1024 1295 1233 1348 παιδίον
1266 1293 1486 1362 γέγονεν
1509 1309 1522 1324 ⁸
1558 1296 1587 1346 6
1623 1293 1715 1346 ἐπὶ

152 1385 334 1456 θρόνου
389 1385 595 1455 ὑψήλου
633 1383 939 1455 καθήμενος
977 1387 1034 1437 ἐν
1080 1387 1253 1458 φάτνῃ
1282 1386 1520 1439 τίθεται⁶
1561 1387 1589 1438 6
1617 1385 1714 1438 ἀν·-

151 1477 291 1545 αφὴς
320 1476 414 1529 καὶ
444 1475 732 1545 ἀσώματος
774 1475 960 1546 χερσὶν
987 1475 1351 1543 ἀνθρωπίναις
1384 1475 1672 1529 εἱλίσσεται
1693 1491 1708 1506 ·

148 1567 176 1618 ὁ
209 1567 273 1619 τά
316 1567 413 1636 τῆς
453 1565 724 1636 ἁμαρτίας
764 1565 1006 1619 διασπῶν
1047 1566 1220 1636 δεσμά
1270 1570 1327 1621 ἐν
1379 1571 1713 1642 σπαργάνοις

147 1655 472 1725 ἐμπλέκεται
495 1672 508 1684 ’
543 1657 638 1709 καὶ
670 1654 858 1726 ἐπειδὴ
883 1655 1038 1709 τοῦτο
1070 1656 1230 1712 θέλει.
1261 1659 1392 1713 Τίνα
1411 1655 1504 1712 οῦν
1527 1659 1710 1714 ἔτεκεν

1821 481 1922 521 sua
1967 464 2364 535 gubernatione
2402 463 2648 525 orbatos,
2689 478 2866 532 neque
2909 463 3072 518 homo
3111 463 3254 532 apud
3295 481 3394 518 nos

1817 551 2205 622 351l'actus,
2248 550 2469 620 prOpria
2519 551 2757 606 excessit
2821 551 3041 606 deitate.
3085 550 3191 606 Sed
3242 569 3396 621 reges

1818 643 2036 712 quidem
2063 642 2342 696 cmlestem
2384 657 2562 710 regem
2589 643 2873 695 adoratum
2897 651 3182 706 venerunt,
3208 643 3396 696 ineﬂa-

1816 732 1912 786 bili
1941 731 2102 785 modo
2136 746 2201 785 ex
2236 731 2399 786 Patre
2435 732 2709 800 genitum;
2748 739 2802 783 et
2824 730 2984 785 hodie
3034 739 3258 801 propter
3307 746 3394 784 me

1816 839 1879 877 ex
1913 821 2136 892 Virgine
2169 831 2391 888 natum;
2421 822 2515 876 sed
2533 831 2646 876 tum
2670 823 2888 891 quidem
2913 823 3174 892 genitum,
3199 839 3396 878 secun-

1815 911 1944 966 dum
1976 920 2228 965 naturam
2264 929 2276 965 :
2312 911 2416 966 hac
2477 911 2566 966 die
2606 927 2737 965 vero
2773 921 2996 982 propter
3028 928 3181 968 suam
3223 914 3394 983 ipsius

1814 1010 2087 1055 naturam.
2121 1003 2261 1056 Ante
2293 1002 2490 1057 saecula
2524 1016 2759 1072 namque
2787 1003 3002 1072 genitus
3024 1018 3089 1058 ex
3115 1002 3296 1068 Patre,
3335 1013 3394 1058 ut

1815 1093 1966 1146 novit
1989 1095 2081 1162 qui
2110 1093 2286 1162 ipsum
2319 1094 2524 1162 genuit,
2548 1093 2710 1148 hodie
2733 1109 2800 1148 ex
2830 1092 3052 1164 Virgine
3087 1111 3253 1165 supra
3290 1112 3391 1150 na-

1814 1189 1994 1235 turam
2027 1184 2244 1251 genitus
2265 1193 2370 1248 est,
2389 1192 2447 1238 ut
2474 1185 2624 1237 novit
2655 1185 2878 1254 spiritus
2901 1187 3092 1255 gratia.
3118 1187 3391 1256 Antiquus

1813 1273 2023 1327 dierum
2063 1275 2241 1330 factus
2289 1285 2374 1330 est
2418 1275 2600 1330 infans
2651 1293 2664 1328 :
2700 1278 2792 1346 qui
2838 1278 2890 1330 in
2925 1279 3121 1332 throno
3167 1281 3392 1334 sedebat

1818 1366 2060 1432 excelso,
2081 1367 2136 1420 in
2162 1367 2427 1437 praesepio
2456 1368 2736 1438 reponitur
2768 1385 2782 1421 :
2813 1370 2906 1438 qui
2933 1371 3195 1425 intactilis
3219 1380 3272 1426 et
3305 1371 3391 1426 in-

1817 1472 2118 1528 corporeus
2165 1466 2282 1527 est,
2323 1459 2576 1516 manibus
2629 1459 2924 1515 involvitur
2969 1460 3223 1522 humanis
3255 1463 3386 1532 :qui

1817 1550 2034 1619 peccati
2082 1552 2302 1606 vincula
2350 1551 2630 1621 discerpit,
2665 1553 2718 1606 in
2771 1553 2970 1622 pannis
3004 1553 3384 1623 complicatur.

1812 1643 1928 1697 lmo
1955 1661 2101 1709 vero,
2132 1646 2260 1716 quia
2282 1645 2336 1700 id
2366 1645 2445 1698 illi
2465 1646 2659 1714 placet.
2685 1646 2988 1710 Quemnam
3023 1647 3187 1717 igitur
3219 1645 3386 1716 Virgo

147 1748 180 1816 ἡ
215 1746 513 1816 Παρθένος;
566 1746 668 1800 Τὸν
707 1746 980 1817 Δεσπότην
1011 1747 1111 1818 τῆς
1166 1747 1401 1817 φύσεως.
1451 1749 1568 1802 Κᾶν
1601 1751 1710 1822 γὰρ

1815 1736 2056 1804 peperit?
2087 1737 2376 1790 Dominum
2406 1744 2635 1791 natura.
2671 1735 2896 1791 Etiamsi
2928 1737 3072 1792 enim
3106 1748 3160 1792 tu
3195 1739 3383 1804 sileas,

147 1841 212 1890 σὺ
252 1839 478 1909 σιωπᾷς,
528 1840 561 1908 ή
615 1838 774 1908 φύσις
807 1839 925 1909 βοᾷ.
964 1840 1154 1892 Ἔτεκε
1205 1839 1313 1912 γὰρ
1362 1842 1396 1911 ή
1437 1842 1713 1912 Παρθένος

145 1928 351 2000 Μαρία,
381 1929 458 1991 ὡς
483 1930 512 1982 ό
536 1929 744 1998 τεχθεὶς
769 1929 1022 1999 τεχθῆναι
1047 1928 1329 2000 ἠθέλησεν.
1359 1931 1434 1984 Οὐ
1463 1931 1572 2003 γὰρ
1604 1931 1713 1986 ἀπὸ

142 2020 240 2090 τῆς
269 2019 479 2089 φύσεως
509 2019 792 2090 ἐστρεπτο,
820 2019 932 2072 ἀλλ’
953 2019 1028 2082 ώς
1073 2019 1347 2088 Δεσπότης
1373 2020 1473 2089 τῆς
1500 2022 1714 2090 φύσεως

145 2109 291 2176 ξένον
329 2113 632 2182 γεννήσεως
679 2112 942 2182 εἰσήγαγε
967 2111 1198 2182 ῖτρόπον.
1246 2112 1455 2183 Ὅμως,
1490 2113 1585 2167 καὶ
1615 2115 1710 2168 ἇν-

143 2203 358 2272 θρωπος
386 2203 692 2273 γενόμενος,
739 2204 837 2272 οὐχ
882 2200 960 2265 ὡς
1014 2200 1299 2272 ἄνθρωπος
1325 2203 1584 2258 τίκτεται.
1649 2205 1713 2258 Εἰ

141 2292 251 2362 γὰρ
278 2295 342 2345 ἐκ
379 2290 556 2344 κοινοῦ
585 2290 762 2361 γάμου
803 2289 1059 2361 προῆλθε,
1090 2290 1338 2363 καθάπερ
1369 2292 1544 2362 κάγὼ,
1578 2293 1711 2363 ψεῦ-

140 2385 230 2448 δος
271 2386 382 2445 τοῖς
419 2383 630 2446 πολλοῖς
671 2380 968 2452 ἐνομίζετο.
1006 2382 1118 2435 Νῦν
1149 2382 1236 2436 διά
1271 2383 1429 2436 τοῦτο
1469 2385 1534 2438 ἐκ
1565 2386 1714 2458 Παρ-

141 2475 294 2528 θένου
331 2474 570 2528 τίκτεται
609 2476 638 2528 ό
661 2472 996 2543 τικτόμενος,
1023 2474 1117 2527 καὶ
1142 2474 1240 2544 τὴν
1273 2475 1483 2546 μητέρα
1529 2475 1712 2532 λοιπὸν

141 2566 409 2636 διατηρεῖ,
449 2565 542 2618 καὶ
572 2565 672 2634 τὴν
702 2564 998 2635 παρθενίαν
1021 2564 1211 2618 ἄλυτον
1233 2565 1598 2634 διαφυλάττει,
1628 2569 1713 2622 ἵνα

140 2658 170 2709 6
209 2655 356 2719 ξένος
384 2655 482 2724 τῆς
512 2654 760 2722 κυήσεως
807 2652 1007 2723 τρόπος
1056 2649 1288 2716 πίστεώς
1341 2668 1430 2722 μοι
1474 2653 1714 2722 μεγάλης

141 2745 397 2816 πρόξενος
422 2744 662 2813 γένηται.
701 2742 863 2796 ’Ὀθεν
909 2741 1014 2795 κᾶν
1065 2743 1282 2813 Ἕλλην,
1320 2742 1424 2795 κᾶν
1464 2743 1712 2807 Ἰουδαῖός

143 2851 210 2905 με
237 2833 434 2904 ἐρωτᾷ,
468 2833 516 2883 εί
545 2829 776 2900 Χριστός
797 2830 937 2884 κατά
966 2829 1124 2900 φύσιν
1158 2830 1376 2898 γέγονεν
1405 2829 1710 2902 ἄνθρωπος,

137 2924 173 2994 ἦ
201 2922 353 2994 παρὰ
382 2923 481 2992 τὴν
507 2921 698 2974 ἐαυτοῦ
732 2921 914 2989 φύσιν,
945 2920 1175 2991 ἐροῦμαι
1212 2921 1463 2991 μάρτυρα
1490 2920 1584 2974 τοῦ
1628 2922 1713 2975 λό-

138 3032 239 3081 γου
283 3015 383 3085 τὴν
429 3012 651 3067 ἄσπιλον
694 3011 794 3080 τῆς
841 3010 1136 3081 παρθενίας
1170 3011 1441 3085 σφραγῖδα.
1495 3011 1706 3066 καλῶν’

136 3105 308 3170 οὕτως
343 3103 450 3174 γὰρ
480 3103 610 3167 Θεὸς
639 3102 804 3155 νικῶν
837 3101 936 3171 τῆς
974 3101 1187 3170 φύσεως
1220 3101 1391 3165 τάξιν.

209 3197 263 3250 2.
289 3197 398 3248 Καὶ
430 3197 477 3247 εί
509 3193 692 3264 βούλῃ,
726 3191 999 3263 ἐρώτησον
1049 3192 1140 3245 τὸν
1177 3192 1446 3263 μακάριον
1495 3192 1710 3246 Δουκᾶν

135 3288 230 3338 τὸν
256 3285 664 3354 εὐαγγελιστὴν,
695 3285 788 3336 καὶ
831 3283 1180 3354 ἀποκρίνεταί
1221 3299 1302 3334 σοι
1332 3283 1460 3354 περὶ
1501 3283 1596 3353 τῆς
1624 3284 1711 3335 ἐν·

139 3380 346 3448 σάρκου
381 3373 544 3428 αὐτοῦ
586 3373 914 3445 οἰκονομίας.
955 3374 1274 3444 Ἀρχόμενος
1304 3373 1410 3444 γάρ
1429 3371 1600 3435 οὕτως
1629 3371 1714 3425 λέ-

136 3487 227 3537 γει
249 3485 262 3499 ·
293 3487 311 3519 ι
336 3469 422 3520 Ἑν
446 3467 502 3519 δὲ
542 3465 619 3536 τῷ
653 3466 782 3537 μηνὶ
810 3465 885 3534 τῷ
913 3465 1053 3535 ἕκτῳ
1088 3467 1185 3536 τῆς
1231 3463 1541 3534 συλλήψεως
1578 3463 1714 3515 Ἑλι-

137 3556 306 3609 σόιόετ
336 3554 612 3625 ἀπεστάλη
643 3556 671 3606 ό
695 3553 922 3622 ἄγγελος
954 3555 992 3605 Γ
997 3553 1192 3624 αϐριὴλ
1224 3553 1328 3604 ὑπὸ
1352 3551 1444 3604 τοῦ
1468 3551 1600 3606 Θεοῦ
1634 3552 1713 3614 είς

135 3646 293 3698 πόλιν
321 3646 419 3716 τῆς
444 3645 750 3710 Γαλιλαίας,
798 3639 832 3719 ᾖ
873 3644 1041 3715 ὄνομα
1079 3642 1353 3714 Ναζαρὲτ,
1401 3643 1537 3714 πρὸς
1573 3660 1714 3714 παρ-

135 3737 292 3790 θένον
317 3736 800 3806 μεμνηστευμένην
832 3734 985 3806 ἀνδρὶ
1008 3729 1053 3802 ᾧ
1079 3735 1248 3804 ὄνομα
1282 3734 1496 3813 Ἰωσὴφ,
1537 3733 1628 3786 καὶ
1653 3733 1714 3786 τὸ

132 3829 308 3897 ὄνομα
326 3827 425 3897 τῆς
448 3826 714 3898 παρθένου
747 3825 998 3896 Μαριάμ.
1023 3825 1132 3877 Καὶ
1157 3822 1407 3877 εἰσελθὼν
1431 3827 1458 3876 ό
1487 3823 1714 3891 ἄγγελος

134 3919 277 3990 πρὸς
303 3919 470 3990 αὐτὴν
503 3914 623 3970 εἶπε
649 3935 662 3948 ·
728 3919 921 3989 Χαῖρε,
966 3915 1398 3986 κεχαριτωμένη,
1447 3915 1476 3966 ὁ
1513 3915 1714 3982 Κύριος

134 4007 282 4076 μετὰ
309 4006 424 4059 σοῦ.
458 4006 805 4076 Εὐλογημένη
834 4005 899 4057 σὺ
928 4007 985 4057 ἐν
1011 4004 1267 4072 γυναιξίν.
1311 4003 1373 4056 Ἠ
1401 4003 1478 4066 δὲ,
1511 4003 1711 4066 ἰδοῦσα,

130 4096 467 4169 διεταράχθη
498 4097 590 4148 ἐπὶ
622 4096 697 4166 τῷ
732 4096 874 4166 λόγῳ
903 4093 1087 4160 αὑτοῦ,
1120 4095 1214 4148 καὶ
1257 4094 1580 4162 διελογίζετο
1613 4111 1712 4146 πο-

130 4187 310 4250 ταπὸς
337 4188 422 4257 εἴη
445 4190 472 4239 6
507 4188 794 4256 ἀσπασμὸς
830 4181 1001 4250 οὗτος.
1045 4187 1156 4239 Καὶ¹
1185 4182 1338 4238 εἶπεν
1363 4187 1500 4256 αὐτῇ
1547 4189 1575 4238 6
1617 4185 1716 4254 ἄγ-

128 4279 316 4345 γελος·
346 4280 436 4349 Μὴ
462 4279 650 4348 φοόοῦ,
678 4279 927 4349 Μαριάμο
947 4272 1102 4349 εὗρες
1130 4279 1238 4348 γὰρ
1260 4278 1417 4348 χάριν
1445 4277 1592 4348 παρὰ
1621 4277 1713 4332 τοῦ

129 4369 298 4423 Θεοῦ.
341 4371 452 4423 Καὶ
497 4369 602 4423 ἰδοὺ
643 4370 883 4443 συλλήψῃ
927 4372 986 4422 ἐν
1031 4372 1246 4441 γαστρὶ,
1291 4372 1384 4424 καὶ
1409 4371 1537 4444 τέξῃ
1577 4373 1711 4438 υἱὸν,

129 4461 234 4514 καὶ
283 4463 532 4524 καλέσεις
578 4461 638 4514 τὸ
673 4461 842 4531 ὄνομα
885 4461 1048 4514 αὐτοῦ
1092 4461 1316 4532 Ἰησοῦν.
1346 4455 1514 4526 υῦτος
1559 4462 1710 4516 ἔσται

131 4557 313 4627 μέγας
336 4554 431 4608 καὶ
471 4554 596 4616 Υἱὸς
637 4552 890 4622 Ὑψίστου
925 4552 1271 4625 κληθήσεται,
1301 4555 1396 4606 καὶ
1425 4553 1584 4607 δώσει
1613 4555 1712 4608 αύ-

124 4647 212 4718 τῷ
237 4648 442 4720 Κύριος
482 4646 510 4697 ὁ
538 4645 668 4707 Θεὸς
697 4645 787 4697 τὸν
827 4643 1013 4714 θρόνον
1047 4644 1207 4696 Δαυῒδ
1248 4645 1341 4697 τοῦ
1386 4646 1590 4716 πατρὸς
1618 4645 1714 4698 αύ-

124 4741 252 4793 τοῦ.
273 4739 383 4792 Καὶ
407 4736 708 4807 βασιλεύσει
738 4735 828 4788 ἐπὶ
849 4736 938 4787 τὸν
966 4731 1110 4787 οἷκον
1141 4734 1332 4788 Ἰακὼϐ
1361 4738 1439 4798 είς
1470 4738 1596 4800 τοὺς
1626 4739 1713 4790 αἰ-

125 4833 304 4895 ῶνας,
330 4830 424 4882 καὶ
450 4829 548 4898 τῆς
585 4827 860 4896 βασιλείας
885 4825 1048 4878 αὑτοῦ
1087 4827 1187 4878 ούκ
1213 4826 1363 4879 ἔσται
1393 4827 1560 4891 τέλος.
1580 4824 1714 4880 Εἷπε

122 4924 185 4976 δὲ
227 4922 460 4992 Μαριὰμ
498 4918 632 4990 πρὸς
658 4919 748 4970 τὸν
777 4916 1034 4985 ἄγγελον·
1073 4916 1198 4979 Πῶς
1230 4916 1382 4970 ἔσται
1416 4935 1505 4988 μοι
1530 4919 1708 4983 τοῦτο,

124 5016 261 5068 ἐπεὶ
291 5015 459 5085 ἄνδρα
491 5013 552 5064 ού
604 5011 892 5078 γινώσκω;
933 5011 1042 5063 Καὶ
1081 5010 1396 5080 ἀποκριθεὶς
1426 5013 1453 5062 6
1485 5011 1714 5079 ἄγγελος

124 5105 288 5161 εἶπεν
317 5107 486 5174 αὐτῇ·
518 5103 741 5173 Πνεῦμα
770 5103 922 5170 ἆγιον
971 5101 1322 5154 ἐπελεύσεται
1366 5102 1457 5154 ἐπὶ
1492 5103 1572 5167 σέ,
1618 5104 1713 5156 καὶ

122 5197 366 5267 δύναμις
382 5195 634 5262 Ὑψίστου
667 5191 973 5248 ἐπισκιάσει
992 5208 1094 5246 σοι.
1126 5210 1144 5242 ι
1167 5192 1343 5246 ...Καὶ
1370 5193 1714 5264 δυσχεραίνε-

122 5306 242 5341 ται.
284 5285 545 5356 Εἰσῆλθεν
586 5286 849 5355 ἄσαρκος,
910 5282 1253 5353 ἐκυοφορήθη
1305 5285 1712 5354 ἐννεαμηνιαῖον

122 5381 326 5451 κῷνον
350 5381 408 5431 ἐν
533 5379 714 5448 μήτρᾳ
746 5377 844 5446 τῆς
877 5373 1174 5444 Παρθένου.
1202 5375 1460 5446 Εἰσῆλθεν
1487 5377 1560 5439 ώς
1589 5377 1715 5446 ἠθέ-

120 5471 320 5543 λησεν,
354 5469 694 5540 ἐκυοφορήθη
721 5468 797 5532 ὡς
831 5467 1116 5538 ηύδόκησε.
1143 5467 1418 5538 Προῆλθεν
1449 5468 1523 5531 Co;
1559 5469 1714 5522 ἐδου-

201 5651 252 5682 τυ
293 5649 428 5703 Luc.
461 5665 500 5717 ι,
530 5647 718 5703 26-35.

1813 1824 1931 1895 ipsa
1968 1826 2168 1880 clamat
2224 1835 2441 1882 natura.
2490 1826 2710 1897 Peperit
2753 1827 2952 1896 quippe
3001 1830 3155 1898 virgo
3194 1828 3385 1900 Maria,

1811 1932 1982 1985 quare
2006 1918 2100 1988 qui
2128 1925 2290 1974 natus
2312 1929 2395 1974 est
2422 1920 2576 1974 nasci
2610 1919 2802 1972 voluit.
2829 1917 2947 1972 Non
2985 1920 3128 1974 enim
3177 1929 3386 1975 naturae

1812 2005 1982 2077 legem
2016 2009 2375 2078 sequebatur;
2409 2009 2507 2064 sed
2539 2022 2798 2079 tanquam
2844 2017 3055 2065 naturae
3098 2011 3383 2070 Dominus.

1812 2114 2011 2154 novum
2038 2101 2336 2156 nativitatis
2384 2101 2596 2156 induxit
2654 2102 2895 2156 modum.
2940 2103 3192 2160 Attamen
3222 2105 3386 2159 homo

1813 2191 1939 2246 licet
1959 2191 2135 2246 factus
2157 2194 2252 2257 sit,
2288 2207 2396 2247 non
2434 2200 2690 2262 tanquam
2716 2193 2878 2247 homo
2929 2195 3190 2250 nascitur.
3247 2194 3384 2248 Nam

1813 2281 1858 2337 si
1879 2298 1948 2338 ex
1971 2283 2179 2354 vulgari
2206 2283 2459 2354 coniugio
2486 2284 2627 2340 sicut
2657 2292 2711 2339 et
2732 2299 2831 2354 ego
2847 2285 3136 2354 prodiisset
3157 2327 3171 2348 ,
3198 2285 3252 2338 id
3270 2302 3382 2340 rem

1811 2389 1934 2430 esse
1979 2375 2266 2429 conﬁctam
2312 2375 2469 2428 multi
2523 2375 2950 2431 existimassem.
2999 2375 3154 2431 Nunc
3200 2385 3382 2432 autem

1814 2465 1936 2521 ideo
1959 2481 2024 2520 ex
2055 2464 2276 2538 Virgine
2302 2467 2567 2532 nascitur,
2603 2475 2944 2537 matremque
2973 2478 3261 2524 conservat
3315 2470 3385 2522 il-

1811 2556 2053 2620 libatam,
2075 2573 2136 2612 ac
2163 2559 2284 2627 ejus
2305 2556 2672 2628 virginitatem
2701 2558 3080 2612 intemeratam
3104 2558 3384 2623 custodit;

1813 2655 1872 2700 ut
1901 2647 2140 2702 insolens
2168 2655 2358 2716 partus
2383 2645 2599 2709 modus,
2631 2661 2840 2716 magna:
2892 2648 3022 2701 mihi
3082 2649 3201 2703 ﬁdei
3226 2648 3383 2704 foret.

1813 2737 1967 2794 Unde
1995 2737 2042 2792 si
2070 2737 2150 2791 vel
2172 2737 2414 2806 gentilis,
2446 2737 2532 2791 vel
2556 2735 2777 2791 Judaus
2806 2752 2891 2790 me
2915 2737 3227 2808 interroget,
3252 2753 3386 2792 num

1812 2829 2065 2885 Christus
2098 2828 2399 2884 secundum
2431 2838 2688 2883 naturam
2743 2829 2904 2883 homo
2937 2828 3114 2884 factus
3153 2831 3244 2894 sit,
3293 2842 3389 2884 aut

1813 2930 2003 2977 contra
2031 2935 2185 2976 suam
2219 2929 2494 2983 naturam,
2522 2935 2622 2990 pro
2643 2919 3002 2989 responsione
3038 2927 3236 2975 testem
3282 2918 3390 2974 liu-

1809 3012 1966 3083 jusce
1992 3013 2073 3067 rei
2102 3012 2382 3068 advocabo
2414 3011 2826 3065 immaculatum
2841 3010 3172 3080 virginitatis
3200 3014 3387 3081 signa-

1737 3076 1780 3135 θ
1813 3105 1997 3160 culum
2027 3124 2040 3159 :
2077 3106 2152 3158 ita
2173 3118 2367 3172 nempe
2400 3100 2546 3156 Deus
2572 3109 2785 3155 naturae
2821 3101 3280 3156 vincitordinem.

1881 3196 1936 3251 2.
1999 3195 2153 3260 Quod
2177 3194 2224 3250 si
2287 3194 2485 3258 libeat,
2560 3191 2836 3262 interroga
2900 3191 3121 3247 beatum
3182 3190 3387 3246 Lucam

1813 3286 2202 3354 evangelistam
2231 3324 2245 3348 ,
2295 3285 2504 3354 tibique
2559 3287 2649 3341 ille
2702 3287 3052 3357 respondebit
3083 3287 3152 3342 de
3183 3287 3303 3356 ejus
3331 3286 3388 3341 in

1812 3390 1977 3429 carne
2003 3373 2327 3428 mconomia.
2369 3373 2462 3429 llis
2487 3375 2631 3428 enim
2657 3376 2772 3445 ipse
2802 3377 2985 3432 verbis
3011 3377 3254 3431 orditur:
3286 3397 3304 3428 ‹
3331 3375 3388 3432 1η

1813 3481 1999 3520 mense
2028 3473 2208 3519 autem
2263 3470 2416 3518 sexto
2446 3467 2821 3535 conceptionis
2876 3465 3137 3530 Elisabet,
3184 3466 3390 3522 missus
3473 3527 3476 3536 η

1813 3563 1894 3610 est
1915 3557 2140 3626 angelus
2175 3555 2392 3611 Gabriel
2416 3571 2445 3609 a
2478 3555 2588 3610 Deo
2615 3560 2670 3610 in
2705 3557 2977 3610 civitatem
3009 3555 3263 3620 Galilaeae,
3299 3557 3389 3612 cui

1815 3660 2011 3700 nomen
2041 3643 2294 3709 Nazaret,
2330 3645 2399 3700 ad
2429 3646 2695 3716 virginem
2731 3645 3116 3715 desponsatam
3135 3647 3275 3710 viro,
3296 3648 3386 3700 cui

1814 3750 2012 3790 nomen
2047 3745 2162 3790 erat
2186 3734 2408 3806 Josepb,
2469 3729 2535 3791 et.
2565 3752 2764 3791 nomen
2796 3737 3046 3807 virginis,
3094 3736 3284 3792 Maria.
3323 3737 3389 3795 Et

1813 3826 2094 3894 ingressus
2125 3826 2353 3894 angelus
2380 3826 2446 3880 ad
2474 3841 2595 3879 eam
2618 3827 2756 3880 dixit
2792 3846 2805 3880 :
2839 3827 2973 3889 Ave,
2994 3827 3172 3896 gratia
3201 3830 3386 3897 plena,

1814 3914 2079 3969 Dominus
2107 3922 2308 3970 tecum.
2339 3914 2634 3970 Benedicta
2667 3924 2723 3970 tu
2753 3917 2809 3970 in
2831 3917 3175 3972 mulieribus.
3214 3917 3389 3983 Quem

1814 4021 1940 4060 cum
1969 4006 2197 4062 vidisset
2224 4006 2336 4070 illa,
2371 4006 2591 4060 turbata
2620 4016 2703 4061 est
2734 4007 2789 4060 in
2833 4021 3082 4061 sermone
3138 4007 3281 4077 ejus,
3335 4016 3391 4062 et

1815 4097 2111 4169 cogitabat,
2143 4098 2321 4168 qualis
2355 4107 2500 4152 esset
2529 4098 2628 4150 ista
2652 4097 2930 4152 salutatio.
2967 4096 3032 4150 Et
3055 4097 3132 4152 ait
3163 4100 3391 4169 angelus

1815 4191 1862 4242 ei
1897 4205 1911 4240 :
1948 4187 2028 4242 Ne
2065 4191 2280 4252 timeas,
2306 4187 2507 4254 Maria;
2538 4187 2790 4241 invenisti
2814 4187 2960 4242 enim
2991 4187 3220 4258 gratiam
3246 4188 3392 4259 apud

1817 4284 2009 4338 Deum.
2037 4283 2104 4337 Et
2129 4300 2257 4338 ecce
2287 4283 2566 4353 concipies
2613 4283 2672 4336 in
2699 4289 2856 4337 utero
2883 4289 2938 4336 et
2981 4284 3162 4352 paries
3193 4282 3388 4344 ﬁlium,

1817 4385 1871 4428 et
1907 4375 2132 4430 vocabis
2161 4390 2358 4429 nomen
2389 4374 2509 4443 ejus
2557 4371 2766 4428 Jesum.
2809 4371 2910 4426 Hic
2939 4373 3044 4427 erit
3085 4388 3317 4443 magnus
3338 4380 3393 4427 et
3459 4365 3462 4368 ’

1815 4463 1988 4520 Filius
2048 4465 2316 4520 Altissimi
2375 4464 2683 4528 vocabitur,
2715 4471 2770 4517 et
2798 4463 2948 4518 dabit
2998 4463 3077 4517 illi
3125 4462 3392 4518 Dominus

1816 4557 1960 4612 Deus
1989 4557 2246 4610 thronum
2285 4554 2456 4610 David
2506 4553 2687 4610 Patris
2739 4554 2882 4622 ejus,
2923 4561 2979 4608 et
3036 4555 3284 4624 regnabit
3333 4554 3388 4608 in

1816 4649 1980 4703 domo
2001 4647 2172 4702 Jacob
2189 4648 2242 4701 in
2266 4656 2552 4711 mternum,
2578 4653 2633 4701 et
2657 4647 2808 4716 regni
2827 4646 2946 4715 ejus
2973 4661 3082 4700 non
3105 4646 3210 4700 erit
3244 4645 3389 4699 ﬁnis.

1817 4739 1963 4792 Dixit
1992 4747 2172 4794 autem
2194 4737 2364 4792 Maria
2403 4737 2472 4791 ad
2502 4738 2752 4808 angelum
2796 4755 2810 4792 :
2843 4736 3128 4803 Quomodo
3150 4737 3238 4791 ﬁet
3259 4736 3393 4789 mihi

1817 4831 2268 4899 istudrquoniam
2333 4831 2511 4884 virum
2571 4844 2677 4883 non
2718 4829 3035 4898 cognosco?
3062 4827 3128 4880 Et
3163 4841 3394 4895 respon-

1820 4919 1955 4972 dens
1972 4920 2195 4988 angelus
2227 4919 2365 4972 dixit
2394 4919 2444 4972 ei
2480 4936 2494 4971 :
2532 4917 2771 4988 Spiritus
2793 4927 3014 4972 sanctus
3047 4916 3394 4986 superveniet

1821 5012 1875 5063 in
1894 5019 1965 5073 te,
1991 5020 2044 5065 et
2068 5011 2240 5066 virtus
2264 5010 2528 5066 Altissimi
2555 5009 2902 5064 obumbrabit
2927 5008 3022 5062 tibi
3040 5005 3390 5074 ".i....1Egre

1821 5104 2029 5157 scilicet
2066 5103 2198 5156 illud
2231 5104 2458 5158 ferebat.
2486 5103 2775 5173 Ingressus
2825 5111 3002 5155 autem
3041 5098 3242 5168 (Jesus)
3293 5098 3390 5168 qui

1821 5196 2002 5248 carnis
2024 5204 2142 5248 erat
2173 5210 2387 5263 expers,
2415 5205 2657 5266 gestatus
2686 5202 2769 5250 cst
2801 5207 2996 5248 novem
3029 5190 3311 5244 mensibus
3337 5189 3393 5243 in

1821 5293 1976 5339 utero
2004 5284 2264 5356 Virginis.
2301 5286 2585 5356 Ingressus
2623 5295 2708 5342 est
2738 5293 2897 5355 prout
2923 5284 3114 5344 voluit,
3147 5289 3394 5352 gestatus

1822 5376 1924 5428 fuit
1960 5384 2018 5429 ut
2045 5377 2148 5431 sibi
2181 5377 2407 5446 placuit.
2453 5376 2664 5432 Prodiit
2710 5386 2768 5431 ut
2816 5380 2932 5447 ipse
2977 5373 3250 5444 cupiebat.
3307 5371 3396 5428 ln-

1822 5475 2150 5541 gressusest
2168 5469 2356 5524 carnis
2388 5484 2620 5540 expers;
2657 5467 2846 5538 lactus
2891 5476 2977 5523 est
3009 5467 3194 5532 homo,
3229 5467 3394 5521 unita
