3832 6216
193 270 268 327 965
1091 264 1325 322 SERIO
1364 264 1432 320 IN
1471 262 1939 320 NATIVITATEM
1977 262 2276 321 CHRlSTI.

3185 269 3299 328 966

190 382 258 436 καὶ
282 380 459 435 καλεῖται
480 378 526 432 τὸ
553 378 710 450 ὄνομα
755 377 941 443 αὐτοῦ,
988 360 1249 449 Μεγάλης
1288 376 1482 448 βουλῆς
1519 376 1608 446 ἄγ-

1719 376 1828 431 silii
1853 376 2113 447 angelus,
2152 374 2510 441 admirabilis,
2544 378 2915 446 consiliarius,
2932 378 3077 438 Deus
3108 381 3286 449 fortis,

183 474 316 543 γελος,
332 471 582 543 θαυμαστὸς.
607 467 927 541 σύμϐουλος,
948 469 1081 532 Θεος
1106 468 1344 540 ίσχυρὸς,
1374 467 1621 534 ἐξουσια-

181 565 295 636 στὴς,
326 563 463 635 ἄρχων
497 563 706 634 είρήνης,
758 562 942 634 πατὴρ
967 560 1062 615 τοῦ
1092 560 1373 632 μέλλοντος
1405 559 1619 623 αἰῶνος.

186 657 333 726 Ἀμήν.
358 674 374 707 ι
421 654 589 707 Παιδίον
631 652 773 707 κατὰ
831 653 992 722 φύσιν
1036 652 1167 705 πότε
1224 652 1439 719 ἐγένετο
1488 650 1621 714 Θεὸς

172 745 456 815 ἐξουσιαστὴς,
479 745 609 809 ὡςτδ
635 744 843 800 παιδίον
874 742 1052 809 τοῦτο,
1092 742 1383 813 ἐπικληθὲν
1428 762 1446 793 ι
1483 741 1619 796 Μεθ’

170 839 292 911 ήμῶν
316 833 464 901 ὁ’Θεός
490 855 503 905 ;

224 930 266 984 4.
289 931 338 983 Εί
355 930 399 983 δὲ
415 929 516 992 Θεὸς
533 928 752 1000 ίσχυρὸς,
770 925 1138 998 ἐξουσιαστὴς,
1155 926 1250 980 καὶ
1270 925 1451 997 ἄρχων
1470 925 1620 996 εἰρή-

162 1040 254 1093 νης,
270 1024 343 1077 καὶ
365 1021 508 1094 πατὴρ
527 1021 603 1077 τοῦ
637 1021 922 1093 μέλλοντος
936 1019 1131 1083 αἰῶνος
1150 1018 1210 1072 τὸ
1237 1017 1448 1072 παιδίον
1478 1017 1540 1070 τὸ
1555 1019 1620 1071 ἐκ

156 1117 236 1186 τῆς
267 1116 484 1188 Παρθένου
513 1113 704 1186 τεχθὲν,
742 1112 860 1176 πῶς
883 1112 944 1165 οὐ
977 1112 1291 1181 Θεοτόκοςὴ
1320 1108 1616 1181 Παρθένος,

152 1207 261 1261 ἀλλὰ
283 1207 499 1279 Θεοδόχος,
527 1208 565 1259 εἰ
586 1207 679 1260 καὶ
714 1204 993 1269 συνέλαϐε,
1026 1204 1120 1260 καὶ
1164 1203 1341 1266 ἔτεκε,
1370 1204 1465 1257 καὶ
1485 1202 1619 1267 Θεὸς

147 1301 198 1354 τὸ
218 1301 401 1371 τεχθέν;
438 1302 528 1355 Καὶ
550 1299 703 1354 πάλιν
732 1297 880 1369 αὐτῷ
910 1297 1074 1366 λέγω,
1105 1298 1180 1359 ὼς
1219 1295 1485 1367 ἠθέλησεν
1508 1296 1620 1349 εισ-

146 1394 297 1464 ῆλθεν,
348 1394 411 1456 ὠς
453 1392 722 1465 ηὐδόκησεν
772 1388 1153 1460 ἐκυοφορήθη,
1193 1387 1270 1450 ὡς
1344 1385 1615 1457 ἠϐουλήθη

140 1483 358 1555 προῆλθεν
384 1485 408 1536 ὁ
433 1481 630 1552 τεχθείς.
666 1480 730 1534 Τί
775 1480 998 1552 ἐρευνᾷς
1026 1478 1189 1532 αὐτοῦ
1221 1477 1321 1548 τὴν
1363 1475 1614 1546 θέλησιν;

139 1576 191 1629 Τί
208 1574 485 1648 ὲξακριϐάζη
508 1571 655 1628 αὑτοῦ
687 1574 785 1644 τὴν
812 1572 1094 1636 εὐδοκίαν;
1131 1570 1194 1624 Τί
1219 1569 1498 1642 ἐξιχνιάζῃ
1526 1570 1618 1622 αύο

139 1665 207 1721 τοῦ
235 1668 316 1739 τὴν
346 1667 585 1738 βούλησιν;
615 1667 811 1718 ’Δκουε
850 1663 1000 1735 παρὰ
1050 1663 1284 1726 Παύλου,
1332 1660 1530 1732 μᾶλλον
1555 1660 1613 1714 δὲ

1724 476 1957 539 potens,
2021 468 2278 539 princeps
2350 470 2537 538 pacis,
2594 478 2751 540 pater
2830 471 3000 528 futuri
3079 479 3286 532 saeculi.

1719 559 1893 615 Amen
1921 559 1990 614 ⁸ο.
2027 578 2047 611 ι
2080 558 2225 616 Ριιει·
2257 561 2563 615 secundqu
2626 570 2881 617 naturain
2938 566 3289 635 quandonatn

1722 650 1903 706 factus
1927 658 2014 706 est
2052 649 2198 706 Deus
2228 658 2446 721 potens,
2487 652 2953 722 quemadmodum
2996 671 3133 727 puer
3166 658 3291 725 iste,

1720 744 1815 814 qui
1841 744 2260 816 cognominatur
2285 762 2305 794 ι
2340 741 2639 800 Nobiscum
2670 743 2847 800 Deus?
2884 766 2905 798 ι

1789 925 1845 983 4.
1877 924 2033 991 Quod
2060 926 2108 981 si
2127 926 2272 981 tilius
2294 926 2386 981 ille
2416 942 2484 982 ex
2510 924 2737 998 Virgine
2795 936 2982 993 natus,
3033 942 3118 986 est
3148 929 3292 987 Deus

1720 1018 1900 1084 tortis,
1932 1029 2149 1089 potens,
2197 1019 2452 1089 princeps
2490 1021 2641 1089 pacis
2664 1059 2680 1084 ,
2713 1028 2768 1074 et
2796 1028 2952 1091 pater
2982 1021 3150 1077 futuri
3192 1040 3294 1079 saa-

1718 1110 1849 1175 culi,
1871 1125 2044 1181 quare
2070 1109 2236 1180 Virgo
2299 1126 2408 1165 non
2440 1113 2546 1166 erit
2581 1110 2847 1183 Deipara:
2879 1112 2975 1169 sed
3003 1113 3096 1170 Dei
3133 1130 3294 1171 exce-

1718 1203 1885 1273 ptrix,
1927 1202 2197 1271 siquidem
2226 1203 2478 1272 concepit
2524 1210 2579 1257 et
2603 1204 2834 1274 peperit,
2868 1204 3120 1276 Deusque
3157 1206 3288 1261 illud

1717 1303 1802 1350 est
1824 1293 1969 1363 quod
1991 1305 2179 1347 natum
2205 1294 2327 1348 est?
2352 1292 2593 1349 Rursum
2634 1280 2756 1365 ipsi.
2773 1296 2983 1350 diram:
3020 1296 3090 1351 Ut
3115 1298 3289 1353 voluit

1717 1386 2000 1453 ingressus
2025 1392 2130 1448 est,
2159 1392 2216 1438 ut
2240 1385 2343 1439 sibi
2374 1386 2579 1454 placuit
2604 1394 2850 1457 gestatus
2882 1388 2938 1441 in
2985 1397 3138 1444 utero
3164 1388 3287 1452 fuit,

1716 1483 1777 1529 ut
1807 1476 1964 1531 libuit
1990 1476 2209 1546 genitus
2234 1476 2454 1545 prodiit.
2491 1476 2605 1530 Cur
2626 1477 2746 1547 ejus
2794 1480 3125 1534 voluntatem
3159 1496 3292 1536 exa-

1715 1568 1934 1623 minas?
1960 1566 2073 1622 Cur
2103 1568 2224 1637 ejus
2246 1568 2649 1637 beneplacitum
2704 1571 3017 1642 perquiris?
3053 1571 3164 1627 Cur
3186 1572 3289 1627 de-

1716 1667 1925 1713 cretum
1958 1660 2296 1731 investiges?
2324 1660 2554 1718 Paulum
2584 1664 2736 1729 audi,
2788 1666 2898 1719 imo
2921 1666 3102 1735 potius
3129 1664 3198 1720 ab
3223 1678 3292 1719 eo

139 1723 750 1828 ιαταγίνιθσκουὺπίαύτοῦ
772 1772 785 1786 ·
824 1774 844 1807 ι
872 1723 962 1826 Τῷ
983 1754 1092 1827 γὰρ
1125 1723 1422 1826 βουλήματι
1448 1750 1608 1805 αὑτοῦ

1717 1750 2064 1807 convincare.
2101 1772 2121 1805 ι
2154 1751 2430 1809 Voluntati
2454 1756 2598 1810 enim
2623 1756 2744 1825 ejus
2768 1758 2893 1827 quis
2923 1758 3121 1813 restitit
3148 1756 3229 1811 ⁸ίῖ
3263 1775 3284 1808 ι

139 1851 190 1915 τίς
210 1850 497 1923 ἀνθέστηκες
532 1870 547 1903 ι
576 1848 782 1904 Μενοῦν
807 1864 893 1916 γε,
941 1842 987 1903 ὦ
1009 1846 1286 1917 ἄνθρωπε,
1313 1846 1377 1898 σὺ
1402 1845 1486 1908 τίς
1512 1838 1562 1896 εἷ
1587 1844 1616 1896 ὁ

139 1943 315 2014 ρευνῶν
332 1944 413 1997 καὶ
435 1941 728 2013 ὲξιχνιάζων
744 1940 909 1995 αὐτοῦ
940 1941 1039 2010 τὴν
1069 1940 1341 2011 γέννησιν,
1363 1936 1457 1990 τοῦ
1486 1954 1617 2010 προ-

144 2038 257 2107 ήτου
272 2036 488 2104 λέγοντος
501 2034 651 2105 ἰΤὴν
666 2032 859 2103 γενεὰν
873 2031 1037 2086 αὐτοῦ
1057 2032 1140 2095 τίς
1158 2032 1475 2103 διηγήσεται
1489 2046 1504 2095 ;
1518 2050 1537 2081 ι
1558 2030 1616 2084 '0

138 2129 354 2199 ροφήτης
364 2127 532 2197 φεύγει
546 2127 640 2198 τὴν
658 2124 851 2195 γενεὰν
865 2122 1031 2178 αὐτοῦ
1046 2123 1424 2196 διηγήσασθαι,
1439 2124 1532 2177 καὶ
1548 2122 1613 2177 σὺ

138 2235 181 2288 ]ν
220 2218 363 2286 φύσιν
409 2216 719 2288 περιεργάξῃ
766 2217 862 2269 καὶ
913 2215 1425 2287 πολυπραγμονεῖςς
1468 2216 1527 2268 Ὀ
1555 2215 1613 2269 δὲ

137 2308 443 2379 ιαγγελιστης
472 2310 674 2372 Λουκᾶς
720 2310 820 2380 τὴν
860 2308 1012 2362 κάτω
1044 2308 1294 2379 γέννησιν
1335 2308 1499 2362 αὐτοῦ
1529 2308 1612 2362 δι-

138 2402 359 2473 νούμενος
386 2401 682 2470 οὔτω-λέγει
704 2419 717 2432 ·
754 2419 775 2453 ι
801 2401 1064 2472 Ποιμένες
1102 2395 1241 2471 ἦσαν
1280 2402 1338 2453 ἐν
1362 2402 1428 2471 τῇ
1460 2397 1614 2470 χώρᾳ

171 2494 298 2565 αὐτῇ
323 2493 721 2564 ἀγραυλοῦντες,
745 2494 838 2546 καὶ
864 2492 1228 2562 φυλάσσοντες
1254 2491 1497 2561 φυλακὰς
1520 2493 1612 2545 ἐπὶ

136 2604 161 2638 ν
182 2586 402 2657 ποίμνην
426 2586 596 2639 αὐτῶν
625 2602 639 2616 ·
665 2586 758 2639 καὶ
791 2586 898 2639 ίδοὺ
928 2584 1155 2653 ἅγγελος
1175 2585 1379 2657 Κυρίου
1407 2586 1608 2657 ἐπέστη

135 2680 257 2742 τοῖς,
300 2679 391 2731 καὶ
418 2675 553 2742 ,δόξα
602 2677 808 2750 Κυρίου
856 2675 1224 2749 περιέλαμψεν
1267 2676 1483 2739 αὐτοὺς,
1518 2676 1611 2729 καὶ

135 2767 389 2837 ιϐήθησαν
421 2768 579 2837 φόϐον
610 2768 803 2839 μέγαν.
840 2769 950 2821 Καὶ
985 2763 1136 2821 εἶπεν
1173 2767 1355 2830 αὐτοῖς
1392 2769 1421 2820 ὁ
1440 2768 1607 2836 ἄγγε-

143 2876 158 2891 ’
183 2861 274 2931 Μὴ
304 2860 547 2931 φοϐεῖσθε
565 2878 577 2891 ·
613 2862 720 2914 ἰδοὺ
748 2861 856 2932 γὰρ
897 2857 1316 2929 εὐαγγελίζομαι
1348 2860 1476 2931 ὑμῖν
1506 2876 1606 2929 χα-

135 2970 143 2996 ι
183 2953 444 3024 μεγάλην,
486 2954 609 3025 ἥτις
645 2952 797 3006 ἔσται
826 2953 985 3006 παντὶ
1023 2951 1099 3022 τῷ
1123 2950 1264 3022 λαῷο
1301 2953 1382 3004 ὅτι
1410 2951 1603 3021 ἐτέχθη

136 3050 166 3099 ν
198 3046 436 3117 σήμερον
459 3046 672 3116 Σωτὴρ,
700 3047 759 3109 ὃς
783 3048 897 3099 ἐστι
922 3045 1156 3117 Χριστὸς
1186 3043 1389 3115 Κύριος
1419 3044 1476 3096 ἐν
1505 3042 1605 3096 πό·
1632 3070 1674 3127 C

140 3137 326 3191 Δαυῖδ.
354 3157 375 3189 ι
408 3138 467 3191 '0
508 3136 739 3206 ἄγγελος
781 3137 1013 3206 Χριστὸν
1048 3136 1143 3190 καὶ
1196 3136 1398 3207 Κύριον
1435 3134 1604 3203 λέγει,

133 3227 518 3299 γγελιζὸμενος
548 3230 678 3292 τοὺς
704 3228 989 3299 ποιμένας,
1010 3227 1101 3281 τὸν
1125 3226 1384 3297 τεχθέντα
1416 3227 1481 3279 ἐκ
1509 3227 1606 3297 τῆς

134 3320 322 3373 ιθένου.
343 3322 409 3374 Ei
438 3316 535 3374 οῦν
565 3320 769 3392 Κύριος
806 3323 835 3374 ὁ
858 3319 1091 3390 τεχθεὶς,
1117 3317 1231 3382 πῶς
1251 3319 1313 3371 οὺ
1342 3318 1605 3387 Κυριοτό-

133 3412 161 3481 ἡ
194 3410 519 3482 Παρθένος;
568 3410 710 3479 Ἐγὼ
736 3410 795 3464 δὲ
824 3410 966 3479 λέγω
994 3411 1088 3463 καὶ
1110 3409 1489 3480 Χριστοτόκον,
1515 3409 1606 3462 καὶ

133 3500 372 3562 ιοτόκον,
434 3502 537 3556 καὶ
592 3501 1014 3572 Σωτηριοτόκον,
1075 3500 1171 3553 καὶ
1216 3499 1475 3553 Θεοτόκον
1508 3497 1605 3570 τὴν

133 3606 160 3641 ν
185 3589 482 3662 Παρθένον
522 3589 667 3643 κατὰ
695 3589 793 3661 τὴν
822 3588 1002 3660 φωνὴν
1022 3587 1116 3642 τοῦ
1139 3587 1371 3655 ἀγγέλου
1398 3585 1491 3641 τοῦ
1516 3587 1605 3639 εὑ-

133 3682 450 3752 λισαμένου
497 3684 632 3746 τοὺς
656 3682 920 3753 ποιμένας
956 3682 1051 3736 καὶ
1082 3680 1178 3751 τὴν
1211 3678 1504 3751 Παρθένον.
1540 3681 1603 3733 Et

133 3776 214 3826 λοι
238 3775 512 3846 Σωτῆρα,
540 3776 640 3829 καὶ
674 3773 926 3846 Χριστὸν,
960 3774 1055 3828 καὶ
1084 3766 1305 3844 Κύριόν,
1347 3773 1440 3825 καὶ
1470 3772 1601 3826 Θεὸν

133 3875 387 3930 ετουσίν,
413 3868 595 3937 ἡμεῖς
626 3866 678 3919 τί
702 3864 1118 3937 ἀποκρουόμεθα
1145 3863 1322 3918 αὐτῶν
1339 3862 1437 3934 τὴν
1463 3879 1605 3934 μαρ-

137 3973 202 4022 ν;
226 3958 507 4028 εἰσῆλθεν
534 3959 599 4011 ἐν
628 3960 694 4028 τῇ
722 3958 982 4030 Παρθένῳ
1014 3957 1271 4028 ἄσαρκος,
1308 3957 1603 4027 ἐκυοφορή-

133 4051 425 4120 parum;
450 4050 559 4103 καὶ
591 4049 775 4112 καθὼς
798 4049 1115 4121 ηὐδόκησεν.
1146 4047 1365 4119 Ἐξῆλθε
1388 4046 1477 4100 διὰ
1503 4048 1602 4117 τῆς

133 4140 255 4209 κῆς
309 4139 558 4209 φύσεως
616 4140 993 4212 οἰκονομικῶς,
1044 4140 1106 4193 οὐ
1157 4139 1339 4211 μέντοι
1371 4137 1509 4210 μετὰ
1540 4138 1602 4191 τὸ

133 4250 223 4285 ναι
264 4231 479 4304 ήνώθη
513 4236 546 4287 ὀ
577 4232 711 4296 Θεὸς
747 4232 920 4302 Λόγος
948 4234 1015 4303 τῇ
1044 4231 1342 4302 οἰκονομίᾳ.
1385 4229 1597 4302 Προῆλ-

134 4325 401 4395 ’ρέπτως
431 4327 512 4397 τῇ
543 4324 708 4395 φύσει
732 4324 1020 4395 γενόμενος
1050 4324 1079 4376 ὃ
1110 4324 1210 4377 οὐκ
1235 4320 1324 4395 ἦν,
1361 4323 1550 4394 μείνας
1569 4321 1599 4375 ὃ

1715 1840 1782 1895 Ει
1812 1858 1942 1899 sane
1965 1845 2087 1915 quis
2110 1851 2168 1899 tu
2195 1861 2278 1910 es,
2313 1861 2348 1900 o
2378 1847 2560 1911 homo,
2596 1851 2687 1918 qui
2710 1849 2956 1919 inquiras
2984 1857 3037 1904 et
3065 1849 3284 1905 investi-

1714 1949 1811 2005 ges
1854 1935 1976 2005 ejus
2005 1936 2384 1992 nativitatem?
2432 1939 2570 1993 Cum
2604 1941 2750 1994 dicat
2781 1940 3046 2010 propheta
3078 1959 3091 1994 :
3131 1958 3150 1991 ι
3184 1937 3291 1996 Ge-

1713 2026 2053 2081 nerationem
2088 2026 2208 2096 ejus
2260 2028 2385 2097 quis
2438 2029 2829 2085 enarrabit“?
2863 2051 2881 2083 ι
2924 2029 3130 2085 Renuit
3159 2046 3289 2101 pro-

1712 2117 1875 2186 pheta
1899 2119 2305 2187 generationem
2360 2119 2480 2189 ejus
2537 2136 2814 2187 enarrare,
2863 2131 2919 2177 et
2948 2129 3005 2176 ιιι
3034 2132 3286 2178 naturam

1712 2210 1835 2279 ejus
1884 2211 2108 2267 curiose
2157 2211 2431 2281 perquiris
2464 2221 2519 2267 et
2553 2213 2888 2284 investigas?
2935 2213 3282 2285 Evangelista

1712 2316 1878 2372 porro
1900 2301 2076 2358 Lucas
2103 2304 2223 2373 ejus
2251 2305 2304 2358 in
2330 2304 2533 2360 inlimis
2564 2307 2968 2375 generationem
3014 2322 3282 2364 enarrans

1712 2395 1789 2448 ait
1820 2410 1834 2446 :
1865 2413 1883 2445 ‹
1922 2392 2181 2451 Pastores
2224 2403 2382 2450 erant
2411 2395 2466 2450 in
2497 2397 2722 2466 regione
2752 2397 2940 2452 eadem
2995 2398 3285 2469 vigilantes

1710 2491 1765 2539 et
1794 2484 2168 2541 custodientes
2234 2486 2450 2554 vigilias
2514 2502 2680 2556 super
2730 2503 2947 2559 gregem
2998 2505 3182 2546 suum.
3221 2489 3286 2546 Et

1709 2591 1837 2632 ecce
1863 2578 2089 2647 angelus
2119 2576 2335 2662 Domini
2371 2580 2522 2634 stetit
2552 2580 2698 2648 iuxta
2722 2580 2865 2645 illos,
2899 2590 2953 2636 et
2980 2582 3151 2653 gloria
3178 2581 3287 2639 Do-

1710 2671 1842 2725 mini
1870 2670 2235 2726 circumtulsit
2266 2672 2408 2737 illos,
2428 2681 2483 2729 et
2507 2673 2808 2728 timuerunt
2840 2674 3035 2729 timore
3048 2690 3281 2746 ~magno.

1708 2762 1965 2833 Dixitque
2022 2764 2134 2820 illis
2177 2763 2644 2835 angeluszNolite
2686 2766 2878 2820 timere
2906 2784 2934 2824 ,ε
2961 2781 3091 2821 εεεε
3136 2767 3284 2823 enim

1706 2856 2019 2925 evangelizo
2051 2856 2208 2912 vobis
2233 2857 2491 2927 gaudium
2516 2871 2791 2927 magnum,
2823 2856 2970 2927 quod
3004 2858 3109 2911 erit
3131 2858 3284 2914 omni

1707 2942 1908 3019 populo
1941 2966 1955 3003 :
1989 2949 2118 3018 quia
2144 2956 2308 3005 natus
2330 2956 2416 3004 est
2446 2949 2604 3003 vobis
2654 2948 2817 3004 hodie
2865 2950 3137 3014 Salvator,
3186 2950 3281 3020 qui

1706 3046 1790 3094 est
1822 3038 2076 3094 Christus
2133 3037 2397 3094 Dominus
2426 3040 2480 3094 in
2512 3040 2733 3094 civitate
2759 3038 2928 3095 David
2946 3041 3012 3095 ⁸⁸.
3051 3060 3069 3092 ι
3099 3041 3284 3113 Ange-

1708 3131 1793 3187 lus
1825 3132 2206 3202 evangelizans
2236 3132 2552 3201 pastoribus
2580 3148 2703 3187 eum
2737 3135 2827 3203 qui
2861 3142 3025 3189 natus
3065 3142 3186 3189 erat
3213 3150 3282 3191 ex

1706 3223 1950 3293 Virgine,
1975 3223 2256 3279 Christum
2311 3230 2366 3278 et
2413 3222 2700 3279 Dominum
2759 3226 2937 3296 ipsum
2982 3235 3158 3282 vocat.
3221 3226 3281 3284 Si

1704 3329 1836 3385 ergo
1868 3314 2133 3370 Dominus
2182 3324 2265 3371 est
2298 3315 2393 3385 qui
2424 3326 2586 3372 natus
2621 3324 2730 3382 est,
2764 3318 2858 3387 qui
2888 3333 2996 3373 non
3034 3316 3280 3374 Domini-

1703 3419 1834 3473 para
1866 3403 2033 3475 Virgo
2077 3404 2283 3459 fuerit?
2328 3403 2441 3476 Ego
2470 3420 2602 3463 vero
2661 3415 2718 3461 et
2778 3406 3175 3478 Christiparam
3222 3415 3280 3463 et

1703 3496 2204 3568 Dominiparam,et
2235 3485 2720 3568 Salvatoriparam,
2751 3508 2806 3555 et
2836 3500 3120 3570 Deiparam
3151 3502 3276 3557 dico

1703 3598 1951 3646 sanctam
1981 3589 2262 3661 Virginem
2285 3606 2428 3656 esse,
2450 3591 2614 3661 'juxta
2639 3606 2831 3647 vocem
2868 3593 3068 3663 angeli,
3096 3593 3193 3663 qui
3220 3601 3276 3648 et

1702 3683 2016 3751 pastoribus
2057 3690 2112 3737 et
2139 3681 2354 3754 Virgini
2416 3684 2670 3738 nuntium
2723 3686 2926 3740 attulit.
2977 3684 3035 3739 Si
3093 3686 3274 3755 angeli

1703 3772 2040 3828 Salvatorem
2067 3771 2420 3829 et'Christum
2444 3781 2497 3830 et
2521 3773 2807 3830 Dominum
2838 3782 2893 3829 et
2920 3773 3090 3829 Deum
3111 3773 3273 3847 353

1702 3864 2017 3936 praedicant,
2047 3880 2149 3919 nos
2182 3879 2354 3934 quare
2386 3865 2760 3921 testimonium
2800 3866 3019 3920 illorum
3046 3882 3275 3937 respue-

1700 3957 1859 4013 mus‘l
1887 3958 2175 4028 Ingressus
2208 3967 2294 4014 est
2320 3960 2376 4013 in
2406 3959 2686 4030 Virginem
2702 3961 2889 4016 carnis
2913 3977 3130 4032 expers,
3155 3976 3275 4016 cor-

1698 4049 1959 4119 poraliter
1990 4058 2049 4103 nt
2076 4049 2181 4105 sibi
2208 4050 2416 4120 placuit
2446 4058 2696 4123 gestatus
2734 4060 2821 4108 est
2858 4067 2960 4107 :ex
2988 4052 3274 4124 dispensa-

1698 4141 1846 4196 tione
1885 4156 1982 4211 per
2036 4151 2342 4197 maternam
2389 4158 2647 4213 egressus
2674 4149 2759 4198 εει
2789 4152 3063 4210 naturam,
3096 4159 3273 4215 neque

1698 4241 1878 4286 tamen
1898 4243 2022 4301 post
2055 4239 2269 4302 partum
2306 4233 2495 4287 unitus
2524 4241 2609 4288 est
2639 4232 2785 4289 Deus
2830 4231 3065 4288 Verbum
3117 4236 3272 4290 carni

1698 4339 1795 4394 per
1826 4323 2292 4395 dispensationem
2321 4335 2636 4395 assumpta.
2671 4324 2881 4381 Prodiit
2908 4328 2998 4397 qui
3018 4328 3272 4382 immuta-

133 4435 189 4470 οκ
223 4417 602 4481 ἀλλοιωθελς
635 4420 703 4489 τῇ
742 4418 922 4489 οὐσίᾳ,
953 4415 1142 4471 ἑαυτὸν
1172 4416 1425 4480 ἐκένωσε,
1448 4431 1600 4468 τουτ-

1709 4414 1831 4470 bilis
1861 4423 2058 4471 natura
2111 4425 2249 4481 erat,
2306 4415 2486 4472 factus
2511 4417 2657 4487 quod
2702 4432 2815 4472 non
2860 4425 3001 4482 erat,
3044 4433 3271 4475 manens

133 4506 335 4569 ιαθὼς
398 4505 705 4577 ἠϐουλήθη
731 4522 745 4535 ·
788 4507 888 4576 οὐχ
946 4505 1035 4574 ὑφ’
1089 4504 1273 4575 ἐτέρου
1319 4503 1593 4568 κενωθεὶς,

133 4616 153 4650 ι
207 4598 444 4651 δούλου
488 4597 730 4651 ἔλαϐενο
763 4599 823 4651 οὐ
873 4596 1128 4660 κενωθεὶς
1176 4596 1275 4667 τῆς
1325 4595 1592 4666 θεότητος,

133 4690 201 4744 ὺν
244 4690 582 4760 μακάριον
640 4688 849 4742 Παῦλον
894 4688 986 4743 τὸν
1034 4689 1293 4760 λέγοντα·
1334 4690 1485 4751 «Ὃς,
1536 4688 1594 4740 ἐν

141 4780 316 4834 Θεοῦ
358 4781 691 4852 ὑπάρχων,
721 4782 820 4852 οὐχ
847 4781 1136 4853 ἁρπαγμὸν
1163 4781 1408 4853 ἡγήσατο
1432 4779 1493 4831 τὸ
1520 4774 1596 4831 εἷ-

162 4872 348 4944 Θεῷ,
403 4872 578 4927 ἀλλὰ
632 4874 824 4929 ἐαυτὸν
873 4873 1109 4927 ἐκένωσε
1161 4871 1370 4944 μορφὴν
1413 4870 1599 4923 δούλου

134 4985 158 5016 ι
188 4964 581 5019 Ἐκένωσεν
610 4966 823 5030 ἐαυτὸν,
858 4965 1148 5036 γενόμενος
1179 4964 1208 5017 ὃ
1228 4965 1328 5017 οὐκ
1367 4958 1435 5033 ἦν
1456 4979 1469 4992 ·
1508 4961 1601 5014 καὶ

133 5057 257 5111 ὑτὸ
295 5057 515 5126 λέγω,
570 5058 766 5128 μείνας
812 5057 841 5111 ὃ
899 5053 989 5129 ἦν,
1020 5056 1153 5120 Θεὸς
1194 5056 1303 5126 γὰρ
1334 5050 1402 5125 ἦν
1434 5054 1463 5107 ὁ
1497 5052 1600 5106 Λό-

133 5166 183 5211 lc
213 5165 232 5179 '
276 5150 381 5212 ὡς
429 5149 682 5203 παιδίον
712 5149 1021 5219 γενόμενος,
1052 5148 1128 5212 ὡς
1156 5146 1273 5209 υίὸς
1296 5142 1596 5209 δοξάζεται.

133 5260 159 5294 υ
191 5240 611 5312 ἀσώματος,
629 5241 914 5296 ἐνεδύσατο
948 5240 1107 5311 σῶμα
1131 5236 1313 5301 καθὼς
1341 5236 1592 5308 ἠθέλησε,

144 5331 338 5401 πύθη
378 5332 465 5385 τὸ
500 5332 717 5402 Θνητὸν
744 5333 849 5385 ὑπὸ
871 5331 971 5402 τῆς
994 5331 1159 5403 ζωῆς.

1700 4506 1846 4574 quod
1876 4515 2013 4560 erat.
2060 4505 2181 4561 Non
2236 4508 2545 4563 substantia
2602 4517 2868 4571 mutatus,
2920 4510 3271 4578 semetipsum

1700 4598 2037 4665 exinanivit;
2074 4600 2169 4655 sed
2202 4608 2259 4654 ut
2284 4600 2391 4655 sibi
2416 4600 2660 4671 placuit:
2689 4615 2796 4655 nec
2825 4601 2893 4654 ab
2942 4599 3050 4655 alio
3082 4601 3273 4653 exina-

1700 4689 2058 4752 nitionem,et
2081 4690 2311 4745 fortnam
2330 4691 2477 4744 illam
2506 4691 2647 4746 servi
2674 4691 2918 4761 accepit;
2955 4705 3056 4743 nec
3072 4690 3271 4744 amissa

1699 4781 1901 4838 deitate
1920 4782 2079 4851 juxta
2108 4783 2329 4838 beatum
2369 4781 2623 4847 Paulum,
2677 4785 2770 4854 qui
2805 4785 2916 4837 ait:
2944 4803 2961 4834 ι
2992 4782 3096 4850 Qui
3147 4799 3270 4837 cum

1693 4875 1751 4929 in
1791 4875 1969 4929 forma
1995 4874 2091 4931 Dei
2123 4884 2291 4941 esset,
2316 4893 2427 4932 non
2445 4877 2693 4948 rapinam
2721 4876 3021 4931 arbitratus
3039 4882 3123 4929 est
3149 4890 3272 4930 esse

1694 4984 1753 5024 se
1779 4971 2045 5040 aequalem
2079 4968 2221 5038 Deo;
2256 4973 2351 5027 sed
2412 4972 2768 5041 semetipsum
2816 4969 3120 5024 exinanivit
3167 4966 3272 5020 for-

1693 5077 1835 5114 mam
1870 5062 2014 5117 servi
2044 5064 2317 5132 accipiens
2337 5063 2437 5117 “.i
2476 5062 2839 5133 Semetipsum
2862 5060 3187 5123 exinanivit,
3214 5060 3268 5114 id
3364 5052 3371 5065 ’

1692 5146 1916 5202 ell‘ectus
1947 5148 2090 5217 quod
2108 5164 2216 5203 non
2239 5158 2376 5216 erat,
2403 5160 2457 5205 et
2479 5158 2539 5205 ut
2565 5150 2764 5205 iterum
2813 5149 3014 5210 dicam,
3042 5161 3267 5202 manens

1700 5238 1848 5305 quod
1907 5246 2046 5295 erat.
2119 5238 2265 5295 Deus
2324 5240 2471 5295 enim
2533 5249 2653 5295 erat
2711 5240 2816 5294 hoc
2877 5237 3136 5299 Verbum.
3169 5235 3267 5308 qui

1700 5326 1859 5396 quasi
1914 5329 2175 5398 parvulus
2209 5332 2386 5385 fartus
2433 5338 2538 5392 est,
2582 5331 2739 5398 quasi
2790 5329 2935 5384 tilius
2987 5328 3262 5400 gloriﬁca-

133 5437 396 5479 ressus
431 5430 549 5480 est
582 5424 964 5495 incorporeus,
989 5436 1190 5492 corpus
1217 5419 1394 5476 induit
1422 5425 1583 5490 prout
1623 5419 1818 5486 voluit,
1873 5429 2040 5491 atque
2099 5422 2419 5492 absorptum
2453 5428 2539 5476 est
2580 5422 2726 5491 quod
2758 5421 2987 5477 mortale
3049 5427 3167 5475 erat
3230 5431 3269 5478 tt

181 5689 306 5738 rx,
367 5672 443 5729 6.

551 5673 606 5706 ⁸⁸
651 5672 807 5728 Rom.
847 5688 937 5739 ix,
974 5673 1057 5727 l9.
1133 5674 1177 5705 ⁸³
1213 5671 1317 5727 lsa.
1356 5685 1486 5739 Litt,
1523 5668 1577 5724 8.
1652 5669 1698 5701 ⁸³
1740 5667 1873 5723 Luc.
1915 5684 1982 5735 ll,
2017 5667 2174 5724 8-H.
2252 5667 2296 5700 “
2338 5667 2570 5741 Philipp.
2612 5685 2684 5735 ll,
2716 5670 2750 5726 6
