3832 6216
430 281 535 340 967

1572 267 1633 325 S.
1672 267 2136 325 ATHANASIUS.
2177 297 2248 308 --
2281 263 2513 321 D’UBIA.

3593 264 3688 321 968

500 395 555 452 5.
596 393 772 448 Dicito
811 391 996 462 itaque
1047 390 1332 462 Deiparam
1372 387 1671 460 Virginem,
1725 407 1832 446 non
1902 389 1995 446 Dei

2169 387 2221 440 5.
2254 386 2388 439 Εἰπὲ
2416 381 2510 439 οῦν
2538 383 2802 438 Θεοτόκον
2833 385 2933 457 τὴν
2967 386 3267 458 Παρθένον,
3298 388 3396 442 καὶ
3446 389 3525 462 μὴ
3560 389 3682 461 λέγε

429 483 828 554 exceptricem;
867 483 977 536 imo
1013 481 1195 551 potius
1229 479 1397 534 dicito
1431 479 1527 534 Dei
1558 481 1916 550 exceptricem
1950 489 2005 536 et

431 575 738 644 Deipzram.
784 571 840 625 Si
877 571 973 626 Dei
1010 572 1289 642 excepti-ix
1325 579 1409 626 est
1436 578 1490 625 et
1525 569 1777 640 Deipara,
1819 587 2003 626 annon

429 682 652 721 carnem
675 681 743 719 ex
775 665 866 718 illa
897 666 1106 734 accepit
1139 664 1282 718 Deus
1310 663 1576 718 verbum?
1622 663 1730 717 Sed
1772 664 1863 720 hic
1894 667 2004 720 vim

429 753 560 806 mihi
587 751 742 805 aﬂ‘ert
765 751 1127 822 Evangelista,
1152 767 1346 822 magna
1364 767 1492 806 voce
1511 753 1787 808 clamans:
1822 773 1840 805 ι
1869 753 2006 810 Ver-

429 846 560 899 bum
591 861 720 898 caro
749 844 950 899 factum
971 853 1056 898 est
1074 845 1117 875 ⁸⁵
1136 885 1150 898 .
1176 863 1195 896 ι
1220 843 1278 897 ln
1317 844 1426 897 alio
1464 853 1646 898 autem
1672 847 2006 916 evangelista

433 932 516 985 sic
545 931 748 985 dicitur
784 948 797 983 :
839 951 858 983 ι
894 931 1266 1002 lnterrogabat
1315 931 1475 987 Jesus
1526 932 1826 1003 discipulos
1873 951 2005 992 suos

432 1021 625 1077 dicens
653 1041 665 1075 :
699 1021 872 1088 Quem
905 1037 992 1076 me
1019 1023 1210 1077 dicunt
1259 1023 1508 1079 homines
1537 1040 1679 1091 esse,
1707 1026 1876 1081 (ilium
1907 1028 2007 1082 bo-

432 1114 630 1169 minis?
662 1115 1072 1186 ltespondentes
1102 1123 1282 1168 autem
1309 1117 1544 1186 apostoli
1574 1118 1832 1174 dixerunt
1863 1120 2005 1174 :Alii

431 1205 628 1272 Eliam,
663 1207 753 1259 alii
799 1222 921 1262 vero
955 1205 1266 1272 Jeremiam,
1287 1217 1381 1260 aut
1419 1224 1584 1262 unum
1617 1225 1681 1265 ex
1705 1212 2004 1281 prophetis.

431 1297 577 1352 Dixit
603 1314 732 1352 vero
759 1297 919 1354 Jesus
947 1316 959 1351 :
986 1297 1098 1354 Vos
1131 1308 1312 1354 autem
1345 1316 1508 1369 quem
1540 1316 1628 1356 me
1655 1301 1872 1356 dicitis?
1898 1302 2005 1358 Re-

433 1392 709 1460 spondeas
727 1398 905 1445 autem
941 1389 1138 1446 Petrus
1168 1392 1308 1444 dixit
1331 1408 1345 1442 :
1378 1391 1459 1446 Tu
1479 1409 1539 1447 es
1561 1393 1814 1449 Christus
1837 1394 2006 1452 Filius

431 1482 526 1537 Dei
559 1485 665 1538 vivi
689 1483 753 1537 ⁸⁸.
793 1502 812 1535 ι
841 1481 960 1537 Non
993 1484 1130 1538 dixit
1162 1503 1175 1538 :
1208 1483 1290 1537 Tu
1312 1499 1372 1539 es
1407 1489 1500 1555 qui
1539 1502 1638 1556 per
1665 1489 1892 1556 gratiam
1918 1489 2008 1543 Fi-

430 1575 538 1629 lius
558 1574 651 1630 Dei
677 1575 902 1631 effectus
929 1592 1010 1640 es,
1044 1577 1140 1632 sed
1161 1576 1309 1630 clara
1337 1592 1471 1633 voce
1511 1594 1524 1630 :
1569 1595 1587 1628 ι
1627 1578 1708 1632 Tu
1739 1595 1799 1635 es
1849 1581 2008 1636 Chri-

433 1676 554 1720 stus
591 1664 764 1722 Filius
794 1664 890 1721 Dei
923 1667 1054 1721 vivi.
1096 1685 1114 1717 ι
1152 1666 1370 1723 Marcus
1390 1683 1527 1723 sane
1566 1671 1901 1740 evangelista
1942 1687 2006 1727 ea

2103 478 2356 548 Θεοδόχον
2377 494 2390 507 ⁸
2426 476 2625 547 μᾶλλον
2646 476 2704 528 δὲ
2736 475 2864 545 λέγε
2891 477 3146 549 Θεοδόχον
3176 481 3270 533 καὶ
3310 473 3593 534 Θεοτόκον.
3622 483 3680 535 Ei

2103 572 2358 642 Θεοδόχος
2387 571 2626 632 ἐστικαὶ
2659 570 2917 634 Θεοτόκος
2938 587 2950 599 ·
2985 571 3163 643 σάρκα
3189 573 3289 626 οὐκ
3317 574 3382 628 ἂν
3415 573 3606 626 ἔλαϐεν
3631 567 3683 638 ἐξ

2104 665 2276 735 αὐτῆς
2305 667 2334 717 6
2360 664 2492 728 Θεὸς
2517 665 2686 733 Λόγος
2705 681 2720 730 ;
2740 665 2876 720 ἀλλά
2893 667 3008 719 ἐκεῖ
3033 666 3276 737 βιάζεταί
3303 686 3371 739 με
3391 670 3421 722 6
3446 668 3685 736 Εὐάγγε-

2104 758 2291 829 λιστὴς
2321 756 2462 827 βοῶν
2499 757 2709 829 μεγάλῃ
2739 761 2805 829 τῇ
2839 762 3022 830 φωνῇ·
3059 778 3077 810 ι
3123 761 3182 813 '0
3204 761 3377 828 Λόγος
3405 760 3543 832 σὰρξ
3568 761 3684 828 ὲγέο

2104 864 2244 902 νετο.
2281 867 2300 898 ι
2343 849 2432 900 Ἐν
2479 847 2536 899 δὲ
2577 846 2654 917 τῷ
2703 847 2848 918 ἄλλῳ
2897 849 3255 922 εὐαγγελιστῇ
3307 850 3452 905 οῦτω
3501 852 3677 919 λέγει·

2111 963 2129 996 ι
2153 941 2371 1014 Ἦρώτα
2401 944 2430 995 6
2466 942 2672 1014 Ἰησοῦς
2701 946 2828 1007 τοὺς
2857 944 3103 1017 μαθητὰς
3125 946 3313 1010 αὑτοῦ,
3341 946 3536 1015 λέγων’
3560 947 3686 999 Τίνα

2109 1054 2177 1108 με
2225 1035 2471 1105 λέγουσιν
2501 1037 2549 1087 οἱ
2592 1035 2869 1107 ἄνθρωποι
2908 1033 3048 1089 εἶναι
3074 1037 3167 1090 τὸν
3198 1037 3323 1090 Υἱὸν
3351 1037 3444 1090 τοῦ
3481 1037 3686 1110 ἀνθρώ-

2107 1144 2240 1192 που;
2283 1125 2696 1196 Ἀποκριθέντες
2731 1127 2787 1179 δὲ
2831 1129 2881 1179 οἱ
2938 1128 3225 1182 ἀπόστολοι
3260 1126 3446 1182 εἶπαν·
3490 1132 3554 1183 0i
3597 1130 3688 1201 μὲν

2119 1216 2321 1282 Ἠλίαν,
2347 1218 2398 1268 οἱ
2433 1216 2490 1269 δὲ
2529 1217 2818 1288 Ἱερεμίαν,
2854 1218 2887 1288 ἢ
2923 1218 3019 1271 ἕνα
3048 1218 3156 1273 τῶν
3199 1221 3518 1291 προφητῶν.
3558 1216 3688 1274 Εἶπε

2105 1308 2161 1361 δὲ
2188 1310 2217 1361 6
2249 1308 2483 1379 Ἰησοῦς·
2527 1309 2714 1379 Ὑμεῖς
2750 1309 2807 1362 δὲ
2843 1311 2966 1364 τίνα
2993 1329 3059 1382 με
3087 1312 3303 1380 λέγετε;
3349 1314 3690 1384 Ἀποκριθεὶς

2105 1400 2162 1453 δὲ
2181 1403 2210 1454 6
2229 1402 2432 1474 Πέτρος
2455 1397 2576 1454 εἷπε
2594 1419 2607 1432 ·
2637 1403 2710 1456 Σὺ
2735 1399 2786 1455 εἴ
2807 1405 2835 1455 6
2858 1403 3092 1475 Χριστὸς
3117 1407 3144 1457 ό
3170 1404 3296 1468 Υἱὸς
3325 1405 3420 1458 τοῦ
3445 1405 3583 1458 Θεοῦ
3603 1400 3689 1459 τοῦ

2107 1489 2326 1557 ζῶντος.
2374 1512 2392 1545 ι
2445 1495 2557 1546 Καὶ
2587 1493 2688 1547 οὐκ
2727 1490 2877 1547 εἷπε·
2912 1496 2983 1548 Σὺ
3015 1490 3066 1548 εἷ
3100 1496 3129 1546 6
3183 1497 3476 1567 γενόμενος
3515 1498 3691 1568 χάριτι

2107 1584 2233 1648 Υἱὸς
2263 1584 2421 1650 Θεοῦ,
2459 1584 2614 1650 ἀλλὰ,
2644 1604 2663 1638 ι
2709 1586 2779 1639 Σὺ
2806 1588 2834 1638 6
2873 1587 3128 1657 Χριστὸς,
3167 1607 3185 1638 ι
3215 1591 3384 1660 τρανῇ
3417 1592 3484 1659 τῇ
3518 1594 3686 1660 φωνῇ,

2113 1697 2132 1729 ι
2167 1679 2196 1730 6
2220 1677 2356 1740 ’Υἱὸς
2388 1676 2483 1730 τοῦ
2525 1676 2660 1731 Θεοῦ
2712 1677 2807 1731 τοῦ
2855 1676 3075 1742 ζῶντος.
3114 1699 3132 1731 ι
3169 1681 3280 1733 Καὶ
3324 1681 3554 1753 Μάρκος
3579 1685 3635 1737 δὲ
3665 1685 3692 1736 6

429 1757 550 1828 ipsa
581 1774 716 1812 usus
746 1767 831 1813 est
857 1773 1010 1824 voce,
1049 1759 1193 1814 beati
1239 1759 1385 1814 Petri
1428 1764 1711 1817 sententia:
1762 1779 2004 1819 consona

2109 1768 2493 1841 εὐαγγελιστὴς
2523 1769 2685 1822 πάλιν
2711 1773 2776 1841 τῇ
2813 1770 2951 1841 αὐτῇ
2985 1771 3250 1842 κέχρηται
3279 1776 3452 1844 φωνῇ,
3485 1774 3693 1843 συνῳδὰ

432 1849 656 1904 locutus
691 1870 702 1904 :
743 1869 762 1900 ι
810 1851 1034 1905 Initium
1085 1850 1365 1921 Evangelii
1421 1852 1552 1908 Jesu
1604 1855 1832 1920 Christi,
1882 1857 2006 1911 Filii

431 1942 527 1998 Dei
551 1943 618 1996 ⁸⁷.
650 1965 668 1996 ι
696 1943 755 1997 In
789 1943 1082 2013 Evangelia
1122 1952 1302 1998 autem
1338 1945 1641 2000 secundum
1668 1949 2004 2016 Mattheeum,

433 2035 530 2089 ubi
584 2043 844 2090 narratur
889 2038 1222 2092 resurrectio
1287 2037 1587 2094 Salvatoris
1643 2042 1820 2095 nostri
1877 2040 2008 2097 Jesu

433 2128 663 2192 Christi,
702 2130 778 2182 ait
821 2131 1072 2185 centurio
1099 2139 1154 2185 et
1189 2131 1283 2201 qui
1312 2147 1438 2186 cum
1484 2132 1579 2187 illo
1605 2131 1802 2202 ,Jesum
1831 2144 2011 2190 custo-

433 2219 678 2283 diebant,
720 2222 837 2276 viso
880 2229 1043 2276 terra:
1073 2230 1248 2288 motu,
1290 2224 1564 2294 editisque
1599 2225 1794 2295 signis,
1823 2227 2010 2282 admo-

433 2312 564 2366 dum
607 2313 900 2382 perterriti,
942 2315 1057 2370 haec
1095 2316 1256 2370 verba
1309 2318 1585 2386 protulere
1636 2336 1700 2372 ιι
1735 2317 1873 2374 Vere
1921 2320 2011 2375 Fi-

435 2403 544 2459 lius
589 2403 684 2457 Dei
736 2414 853 2458 erat
903 2405 1006 2460 iste
1037 2406 1103 2459 ⁸⁸.
1145 2425 1162 2458 ι
1194 2406 1435 2478 Angelus
1467 2423 1598 2462 vero
1639 2411 1952 2478 pastoribus
1991 2431 2005 2466 :

439 2513 461 2546 ε
493 2494 635 2550 Ecce
666 2496 984 2567 evangelizo
1035 2497 1197 2554 vobis
1248 2501 1506 2569 gaudium
1555 2517 1835 2573 magnum,
1865 2505 2009 2574 quod

434 2589 539 2643 erit
568 2589 718 2642 omni
749 2591 971 2660 pOpuIO,
996 2593 1124 2660 quia
1149 2602 1313 2649 natus
1339 2603 1425 2649 est
1446 2595 1602 2650 vobis
1631 2595 1792 2650 hodie
1818 2595 2011 2650 Salva-

434 2691 540 2746 tor,
573 2681 664 2750 qui
693 2689 776 2736 est
803 2682 1058 2736 Christus
1083 2681 1347 2738 Dominus
1378 2685 1431 2738 in
1457 2685 1678 2739 civitate
1699 2685 1868 2741 David
1901 2689 2003 2743 ⁸⁸.»

436 2771 494 2827 Si
520 2788 648 2842 ergo
678 2774 821 2843 quod
856 2783 1047 2828 natum
1097 2784 1183 2830 est
1221 2775 1489 2833 Dominus
1528 2787 1631 2843 est,
1663 2777 2011 2850 Dominipara

433 2874 519 2921 cst
558 2865 743 2938 Virgo.
788 2867 893 2923 Ubi
941 2877 1121 2923 autem
1164 2868 1446 2934 Dominus,
1484 2871 1556 2925 ibi
1608 2880 1661 2926 et
1689 2871 1854 2929 Deus.
1901 2873 2013 2928 Nec

435 2957 849 3027 distinguuntur
881 2959 1145 3014 Dominus
1173 2975 1202 3012 a
1236 2959 1367 3025 Deo,
1409 2977 1511 3017 nec
1544 2961 1688 3019 Deus
1711 2980 1740 3018 a
1761 2964 2010 3032 Domino;

2109 1859 2480 1930 φθεγγόμενος
2509 1860 2589 1932 τῷ
2621 1861 2879 1933 μακαρίῳ
2910 1863 3132 1936 Πέτρῳ·
3156 1883 3174 1915 ι
3202 1864 3367 1936 Ἀρχὴ
3397 1865 3492 1917 τοῦ
3523 1867 3694 1934 Εὐαγ-

2105 1951 2284 2020 γελίου
2328 1952 2499 2021 Ἰησοῦ
2546 1954 2782 2023 Χριστοῦ
2821 1954 2915 2008 τοῦ
2957 1955 3088 2009 Υὶοῦ
3123 1956 3216 2008 τοῦ
3251 1957 3407 2011 Θεοῦ.
3453 1977 3473 2010 ι
3522 1961 3610 2013 Ἑν
3639 1959 3694 2014 δὲ

2106 2038 2184 2106 τῷ
2215 2039 2355 2092 κατά
2387 2040 2660 2094 Ματθαῖον
2687 2042 3023 2113 Εὐαγγελίῳ,
3053 2047 3133 2109 εἰς
3156 2047 3256 2116 τὴν
3278 2049 3574 2102 ἀνάστασιν
3603 2048 3691 2103 τοῦ

2108 2128 2358 2199 Σωτῆρος
2390 2129 2544 2198 ἡμῶν
2590 2131 2764 2199 Ἰησοῦ
2807 2132 3067 2202 Χριστοῦ,
3099 2135 3265 2205 φησιν
3299 2137 3328 2188 6
3366 2137 3696 2208 ἑκατόνταρ-

2107 2238 2199 2290 χος
2229 2221 2321 2273 καί¹
2352 2223 2400 2273 οἱ
2444 2221 2560 2291 μετ’
2593 2222 2757 2275 αὑτοῦ
2792 2223 3086 2293 τηροῦντες
3109 2225 3202 2278 τὸν
3240 2225 3471 2296 Ἰησοῦν,
3500 2227 3692 2290 ἰδόντες

2108 2313 2196 2365 τὸν
2230 2313 2450 2382 σεισμὸν
2503 2313 2597 2365 καὶ
2643 2313 2712 2366 τά
2763 2315 3031 2386 γενόμενα
3074 2319 3297 2387 σημεῖα,
3349 2318 3696 2390 εφοϐήθησαν

2110 2405 2310 2475 σφόδρα
2360 2404 2632 2472 λέγοντες,
2672 2425 2690 2457 ι
2739 2407 2978 2476 Ἀληθῶς
3019 2407 3153 2461 Θεοῦ
3193 2409 3319 2472 Υἱὸς
3355 2405 3422 2480 ἦν
3454 2401 3638 2472 οὗτος·
3673 2427 3693 2459 ι

2107 2499 2136 2550 ὁ
2168 2497 2223 2551 δὲ
2270 2497 2499 2566 ἄγγελος
2544 2499 2655 2560 τοῖς
2709 2498 2995 2568 ποιμέσιν·
3033 2517 3052 2550 ι
3093 2499 3223 2553 Ἰδοὺ
3276 2500 3698 2572 εὐαγγελίζομαι

2109 2590 2237 2659 ὑμῖν
2288 2586 2462 2659 χαράν
2510 2587 2776 2659 μεγάλην,
2801 2590 2924 2659 ἥτις
2968 2588 3120 2643 ἔσται
3152 2593 3312 2644 παντὶ
3343 2591 3424 2660 τῷ
3453 2591 3591 2660 λαῷ,
3617 2593 3697 2657 ὅτι

2109 2680 2302 2752 ἐτέχθη
2328 2681 2457 2750 ὑμῖν
2487 2680 2728 2750 σήμερον
2754 2681 2966 2753 Σωτὴρ,
2989 2683 3048 2746 ὃς
3073 2685 3187 2736 ἐστι
3219 2683 3452 2754 Χριστὸς
3473 2683 3698 2754 Κύριος,

2109 2775 2166 2826 ὲν
2201 2773 2352 2826 πόλει
2377 2771 2562 2825 Δαϐίδ.
2609 2791 2629 2824 ι
2669 2773 2730 2825 Ei
2761 2770 2855 2826 οὖν
2885 2774 2944 2826 τὸ
2978 2775 3168 2845 τεχθὲν
3207 2776 3434 2845 Κύριος,
3463 2779 3560 2828 καὶ
3589 2777 3700 2828 Κυ-

2113 2866 2352 2938 ριοτόκος
2380 2867 2413 2936 ἡ
2447 2863 2742 2936 Παρθένος⁹
2773 2869 2906 2921 ὅπου
2933 2869 2989 2921 δὲ
3020 2868 3243 2938 Κύριος,
3267 2869 3385 2920 ἐκεῖ
3410 2869 3507 2920 καὶ
3527 2867 3662 2931 Θεός
3681 2885 3695 2898 ·

2110 2959 2172 3012 οὺ
2204 2957 2530 3030 κεχώρισται
2557 2958 2764 3031 Κύριος
2792 2959 2926 3012 Θεοῦ
2968 2960 3002 3031 ἢ
3061 2959 3194 3022 Θεὸς
3229 2959 3457 3029 Κυρίου,
3493 2959 3570 3022 ὡς
3594 2959 3702 3013 λέει

435 3058 498 3103 ιιι
519 3051 572 3103 in
606 3049 790 3105 Veteri
818 3050 1172 3106 Testamento
1197 3051 1400 3106 dicitur
1431 3068 1443 3103 :
1485 3071 1504 3104 ι
1544 3053 1611 3108 Et
1652 3055 1790 3125 pluit
1823 3055 2006 3110 Domi-

2113 3051 2170 3103 ὲν
2202 3055 2268 3124 τῇ
2325 3054 2565 3126 Παλαιᾷο
2605 3071 2625 3105 ε
2675 3053 2782 3107 Καὶ
2815 3051 3002 3120 ἔϐρεξε
3029 3050 3232 3122 Κύριος
3259 3050 3372 3120 πῦρ
3409 3050 3564 3122 παρά
3593 3051 3701 3103 Ku-

435 3159 543 3198 nus
575 3144 750 3212 ignem
789 3157 819 3196 a
846 3142 1077 3197 Domino
1105 3143 1172 3199 9°.
1213 3164 1232 3197 ι
1267 3143 1331 3197 Ει
1360 3145 1557 3200 iterum
1592 3165 1604 3200 :
1634 3165 1652 3197 ι
1680 3145 1878 3217 Diliges
1900 3144 2006 3201 Do-

2117 3113 2269 3211 ρίουῗ
2315 3163 2334 3195 ι
2372 3146 2467 3198 καὶ
2503 3113 2700 3200 πάλιν·
2742 3162 2761 3195 ι
2818 3113 3152 3214 Ἀγαπήσεις
3201 3113 3408 3213 Κύριον
3432 3113 3526 3194 τὸν
3571 3140 3701 3194 Θεόν

435 3235 643 3288 minum
663 3233 831 3289 Deum
861 3243 1015 3288 tuum
1038 3237 1104 3287 οι.
1146 3255 1164 3287 ι
1187 3235 1263 3289 Ac
1297 3251 1546 3292 rursum:
1573 3257 1591 3288 ι
1624 3238 1788 3303 Audi,
1821 3238 2008 3304 Israel,

435 3325 701 3381 Dominus
732 3325 874 3381 Deus
907 3334 1066 3389 tuus,
1093 3325 1356 3383 Dominus
1387 3345 1531 3384 unus
1557 3336 1642 3383 est
1667 3331 1736 3384 θ’.
1771 3349 1789 3381 ι
1817 3329 1883 3383 Ει
1908 3331 2011 3385 ite-

434 3436 557 3474 rum
592 3419 927 3476 Psalmista:
969 3440 988 3472 ι
1041 3420 1269 3476 Domine
1319 3421 1464 3477 Deus
1501 3424 1780 3490 virtutum,
1815 3424 2011 3479 exaudi

434 3514 741 3568 orationem
799 3528 974 3566 meam
995 3513 1062 3566 ³³.
1117 3533 1137 3566 ι
1193 3510 1420 3583 Ipseque
1479 3530 1699 3569 rursum
1742 3531 1756 3566 :
1795 3533 1813 3566 ι
1867 3515 2009 3572 Deus

435 3603 703 3658 Dominus
725 3612 780 3656 et
810 3604 988 3658 illuxit
1011 3605 1170 3660 nobis
1197 3604 1263 3660 ⁸⁸.
1308 3625 1326 3657 ›
1354 3604 1485 3659 Item
1511 3607 1628 3677 ipse
1656 3625 1668 3661 :
1694 3627 1712 3658 ι
1748 3607 2012 3665 Dominus

437 3693 582 3748 Deus
605 3695 890 3758 virtutum,
921 3695 1045 3764 quis
1076 3695 1272 3750 similis
1323 3696 1424 3751 tibi
1461 3699 1528 3750 ⁸⁸.
1562 3717 1580 3748 ι
1615 3697 1682 3751 Et
1721 3697 1925 3755 Paulus
1956 3699 2012 3755 in

438 3802 536 3842 sua
566 3787 629 3840 ad
655 3785 836 3840 Titum
861 3778 1101 3858 Epistola
1122 3790 1195 3842 ita
1213 3789 1440 3844 scribit:
1471 3809 1489 3841 ι
1513 3790 1780 3861 Apparuit
1810 3791 2013 3846 saluta-

435 3879 515 3934 ris
555 3879 730 3949 gratia
776 3879 871 3934 Dei
911 3880 1169 3934 omnibus
1206 3879 1543 3947 hominibus,
1586 3881 1844 3936 erudiens
1867 3897 2007 3950 nos;

437 3981 498 4026 ut
526 3974 861 4044 abnegantes
899 3973 1233 4044 impietatem
1262 3983 1318 4029 et
1373 3975 1658 4028 saecularia
1710 3974 2008 4039 desideria,

437 4063 621 4120 sobrie
649 4071 704 4119 et
748 4064 897 4134 juste
927 4071 982 4119 et
1026 4064 1114 4135 pie
1147 4064 1399 4119 vivamus
1436 4064 1491 4118 in
1525 4064 1629 4118 hoc
1659 4065 1883 4130 saeculo,
1915 4080 2013 4120 ex-

436 4163 749 4227 spectantes
777 4155 991 4212 beatam
1023 4172 1175 4224 spem
1205 4167 1259 4211 et
1279 4158 1570 4211 adventum
1609 4157 1797 4227 gloriae
1827 4157 2010 4226 magni

433 4248 554 4311 Dei,
583 4258 637 4304 et
666 4247 969 4305 Salvatoris
1003 4251 1177 4305 nostri
1209 4248 1340 4305 Jesu
1370 4251 1582 4306 Christi
1613 4251 1680 4303 ³⁸.
1725 4269 1744 4302 ι
1783 4249 1884 4304 Hic
1925 4259 2011 4305 est

2113 3255 2206 3292 σου
2227 3256 2240 3270 ·
2280 3258 2298 3290 ι
2334 3241 2429 3293 καὶ
2461 3240 2653 3294 πάλιν·
2699 3259 2717 3291 ι
2752 3240 2973 3304 Ἀκουε,
3009 3235 3243 3306 Ἰσραὴλ,
3282 3234 3490 3307 Κύριος
3516 3237 3546 3288 6
3569 3233 3699 3296 Θεός

2114 3346 2206 3382 σου
2235 3330 2438 3403 Κύριος
2463 3327 2542 3394 εἷς
2575 3333 2690 3384 ἐστι
2715 3348 2728 3360 ·
2753 3349 2771 3382 ι
2804 3331 2901 3383 καὶ
2928 3328 3088 3382 πάλιν
3117 3330 3144 3381 ὁ
3176 3327 3501 3397 Ψαλμῳδός·
3543 3345 3564 3378 ι
3593 3325 3700 3378 Kti-

2113 3437 2226 3490 ριος
2253 3421 2280 3472 ὸ
2303 3420 2435 3482 Θεὸς
2460 3419 2568 3474 τῶν
2593 3420 2894 3490 δυνάμεων,
2923 3419 3240 3471 εἰσάκουσον
3265 3418 3362 3488 τῆς
3392 3415 3700 3488 προσευχῆς

2115 3528 2215 3582 μου
2236 3528 2249 3541 ·
2293 3530 2312 3563 ι
2349 3513 2376 3564 6
2407 3513 2568 3576 αὐτὸς
2607 3513 2767 3566 πάλιν
2789 3529 2802 3543 ο
2833 3497 2860 3563 ι’
2879 3511 3011 3574 Θεὸς
3043 3509 3268 3581 Κύριος,
3301 3509 3397 3562 καὶ
3429 3509 3702 3576 ὲπέςρανεν

2111 3607 2261 3676 ἡμῖν·
2289 3624 2308 3656 ι
2345 3607 2437 3659 καὶ
2463 3605 2624 3660 πάλιν
2657 3610 2685 3660 ὁ
2717 3605 2897 3667 αὐτός’
2937 3624 2954 3656 ι
2977 3603 3181 3674 Κύριος
3202 3605 3230 3656 6
3251 3601 3383 3665 Θεὸς
3409 3602 3519 3655 τῶν
3550 3603 3705 3656 δυνά-

2115 3714 2279 3767 μεων,
2311 3697 2392 3760 τίς
2420 3699 2603 3770 ὅμοιός
2626 3714 2742 3763 σοις
2781 3717 2799 3749 ι
2824 3697 2933 3750 Καὶ
2960 3694 3171 3757 Παῦλος
3201 3696 3258 3747 ἐν
3281 3697 3345 3764 τῇ
3383 3695 3519 3765 πρὸς
3545 3695 3704 3747 Τίτον

2125 3789 2409 3860 Ἐπιστολῇ
2435 3773 2607 3853 οῦτως
2636 3789 2859 3861 γράφει·
2882 3809 2899 3840 ι
2924 3788 3200 3857 Ἐπεφάνη
3217 3789 3248 3854 ἡ
3265 3787 3426 3858 χάρις
3447 3785 3543 3840 τοῦ
3571 3785 3708 3840 Θεοῦ

2111 3882 2144 3952 ἡ
2181 3883 2442 3953 σωτήριος
2470 3883 2637 3935 πᾶσιν
2667 3879 2993 3951 ἀνθρώποις,
3021 3878 3352 3932 παιδεύουσα
3388 3880 3562 3948 ἡμᾶς·
3596 3880 3707 3941 ἵνα,

2111 3974 2479 4045 ἀρνησάμενοι
2507 3975 2607 4046 τὴν
2632 3973 2888 4027 ἀσέϐειαν
2939 3974 3036 4027 καὶ
3078 3971 3177 4034 τάς
3209 3971 3482 4041 κοσμικὰς
3507 3970 3702 4024 ἐπιθυ-

2115 4067 2262 4138 μίας,
2277 4068 2565 4141 σωφρόνως
2577 4069 2670 4120 καὶ
2685 4065 2907 4129 δικαίως
2925 4066 3020 4119 καὶ
3035 4065 3092 4117 εὑ
3101 4064 3271 4127 σεεῶς
3285 4063 3544 4136 ζήσωμεν
3555 4065 3616 4116 ὲν
3636 4062 3711 4133 τῷ

2111 4157 2207 4212 νῦν
2224 4157 2400 4223 αἰῶνι,
2420 4158 2837 4230 προσδεχόμενοι
2852 4157 2952 4227 τὴν
2972 4155 3248 4228 μακαρίαν
3270 4154 3460 4208 ἐλπίδα
3478 4156 3576 4208 καὶ
3592 4157 3712 4208 ὲπι-

2113 4251 2332 4318 φάνειαν
2384 4250 2482 4318 τῆς
2528 4250 2703 4321 δόξης·
2726 4249 2822 4303 τοῦ
2879 4248 3117 4320 μεγάλου
3153 4246 3288 4300 Θεοῦ
3320 4248 3417 4299 καὶ
3455 4247 3712 4318 Σωτῆρος

435 4343 529 4412 qui
558 4351 722 4398 natus
754 4352 934 4398 estex
981 4351 1172 4399 sancta
1215 4343 1458 4413 Virgine,
1496 4343 1590 4413 qui
1633 4352 1718 4400 est
1755 4341 2006 4398 Christus

2113 4341 2267 4412 ἡμῶν
2295 4339 2465 4411 Ἰησοῦ
2489 4340 2746 4412 Χριστοῦ.
2786 4361 2806 4395 ι
2837 4336 3004 4406 Οὗτος
3037 4339 3298 4409 ὁτεχθεὶς
3327 4341 3395 4391 ὲκ
3421 4339 3525 4408 τῆς
3546 4340 3712 4407 ἁγίας

435 4435 720 4491 Dominus.
753 4435 913 4491 Hunc
944 4435 1223 4490 Christum
1253 4444 1308 4489 et
1334 4434 1621 4488 Dominum
1651 4435 1844 4490 beatus
1864 4433 2006 4488 Pau-

2113 4436 2411 4506 Παρθένου,
2433 4437 2490 4500 ὃς
2523 4438 2639 4490 ἐστι
2671 4437 2908 4508 Χριστὸς
2943 4435 3168 4504 Κύριος.
3205 4431 3405 4485 Τοῦτον
3432 4432 3528 4485 τὸν
3568 4434 3708 4503 Χρι-

435 4529 525 4583 lus
579 4543 839 4597 magnum
895 4527 1064 4582 Deum
1089 4534 1249 4582 vocat
1275 4526 1466 4580 dicens
1502 4541 1516 4576 :
1559 4543 1578 4575 ι
1616 4524 1795 4596 Magni
1838 4524 1931 4580 Dei
1959 4532 2006 4580 et

2111 4530 2233 4584 στὸν
2265 4528 2360 4583 καὶ⁸
2385 4529 2588 4601 Κύριον
2618 4531 2889 4601 μακάριος
2918 4528 3130 4591 Παῦλος
3162 4526 3337 4597 μέγαν
3376 4525 3512 4578 Θεὸν
3544 4525 3711 4578 αὐτὸν

436 4621 740 4676 Salvatoris
797 4619 973 4674 nostri
1008 4617 1137 4673 Jesu
1203 4617 1432 4672 Christi.
1469 4635 1488 4669 ι
1523 4615 1764 4670 Rursum
1808 4615 1862 4670 in
1911 4630 2006 4670 sua

2109 4621 2368 4693 κηρύττει
2417 4620 2627 4688 λέγων·
2670 4641 2688 4671 ι
2728 4620 2835 4673 Τοῦ
2878 4618 3116 4690 μεγάλου
3145 4616 3280 4670 Θεοῦ
3315 4615 3413 4669 καὶ
3459 4616 3713 4684 Σωτῆρος

435 4713 506 4768 ad
553 4711 830 4767 Romanos
863 4710 1104 4781 Epistola
1136 4711 1208 4763 ita
1241 4710 1468 4766 scribit:
1509 4727 1526 4760 ι
1573 4707 1837 4779 Optabam
1863 4710 2006 4763 enim

2109 4713 2258 4783 ἡμῶν
2282 4712 2455 4785 Ἰησοῦ
2490 4712 2747 4782 Χριστοῦ.
2776 4731 2794 4764 ι
2826 4711 2996 4765 Πάλιν
3022 4711 3079 4762 ὲν
3108 4712 3175 4781 τῇ
3208 4708 3344 4779 πρὸς
3387 4707 3704 4776 Ῥωμαίους

432 4821 535 4876 ego
581 4805 699 4876 ipse
762 4805 1052 4858 anathema
1102 4819 1227 4858 esse
1278 4818 1309 4856 a
1339 4801 1561 4858 Christo
1585 4819 1686 4873 pro
1739 4802 2006 4856 fratribus

2109 4799 2255 4870 οὗτος
2304 4807 2538 4878 γράφειθ
2575 4823 2593 4857 ι
2622 4805 2880 4876 Ηὺχόμην
2917 4804 3027 4876 γάρ
3067 4802 3227 4865 αὐτὸς
3273 4798 3386 4868 ἐγὼ
3441 4797 3702 4867 ἀνάθεμα

431 4901 593 4966 meis,
622 4900 863 4970 quisunt
893 4899 1112 4968 cognati
1142 4900 1248 4953 mei
1307 4898 1609 4954 secundum
1640 4913 1886 4962 carnem,
1912 4899 2006 4968 qui

2109 4896 2240 4953 εἶναι
2269 4900 2376 4952 ἀπὸ
2403 4899 2497 4952 τοῦ
2537 4899 2796 4970 Χριστοῦ,
2835 4898 2975 4969 ὑπὲρ
3002 4896 3111 4949 τῶν
3149 4893 3398 4963 ἀδελφῶν
3444 4910 3572 4964 μου,
3593 4892 3706 4945 τῶν

433 5000 565 5047 sunt
593 4989 873 5053 Israelitze,
909 5006 1141 5060 quorum
1173 4991 1392 5062 adoptio
1422 5002 1504 5047 est
1531 4990 1787 5055 ﬁliorum,
1811 4999 1865 5046 et
1886 4993 2005 5061 glo-

2117 4990 2392 5060 συγγενῶν
2431 5005 2534 5060 μου
2563 4990 2707 5044 κατὰ
2736 4990 2934 5061 σάρκα,
2953 4986 3147 5049 οἵτινές
3167 4987 3304 5039 εἰσιν
3331 4983 3672 5055 Ἰσραηλῖται
3696 5013 3711 5035 9

431 5083 514 5137 ria
554 5091 608 5139 et
655 5091 1045 5139 testamentum
1069 5091 1123 5138 et
1157 5083 1432 5154 lcgislatio
1480 5091 1535 5138 et
1583 5084 1910 5154 obsequium
1957 5092 2006 5138 et

2114 5077 2190 5141 ὧν
2216 5086 2249 5155 ἡ
2293 5082 2533 5136 υἱοθεσία
2553 5124 2568 5147 ,
2602 5083 2698 5136 καὶ
2724 5083 2757 5153 ἡ
2786 5081 2933 5145 δόξα,
2969 5079 3064 5134 καὶ
3094 5081 3128 5149 ἡ
3164 5075 3420 5147 διαθήκη,
3447 5073 3543 5126 καὶ
3567 5073 3601 5142 ἡ
3627 5088 3714 5123 νο-

431 5177 700 5247 promissa
735 5196 748 5231 :
778 5192 1013 5248 quorum
1031 5175 1222 5231 Patres
1252 5186 1306 5231 et
1332 5184 1399 5230 ex
1419 5177 1622 5246 quibus
1651 5185 1738 5231 est
1758 5175 2006 5230 Christus

2121 5175 2367 5246 μοθεσία,
2421 5174 2515 5228 καὶ
2552 5175 2586 5244 ἡ
2626 5171 2872 5244 λατρεία,
2911 5171 3007 5225 καὶ
3045 5171 3101 5224 αἱ
3149 5165 3511 5236 ἐπαγγελίαν
3550 5158 3629 5217 ὧν
3662 5163 3710 5214 οἱ

431 5269 734 5323 secundum
769 5285 1012 5332 carnem,
1042 5269 1134 5338 qui
1167 5276 1254 5324 est
1284 5284 1450 5338 super
1483 5268 1667 5324 omnia
1711 5268 1856 5324 Deus
1880 5269 1946 5320 9".
1983 5287 2002 5319 ι

2116 5265 2371 5336 πατέρες,
2411 5265 2504 5317 καὶ
2534 5263 2593 5330 ἐξ
2623 5257 2700 5317 ὧν
2727 5265 2756 5314 6
2793 5261 3030 5334 Χριστὸς
3061 5259 3122 5314 τὸ
3163 5258 3306 5312 κατὰ
3339 5255 3545 5327 σάρκα,
3574 5250 3709 5357 (ζῶν

427 5363 507 5416 Ac
546 5377 770 5418 rursum
821 5365 938 5435 ipse
971 5362 1218 5418 Paulus:
1257 5381 1276 5413 ι
1317 5360 1507 5417 Omnis
1554 5361 1875 5427 fornicator,
1911 5367 2005 5413 aut

2113 5359 2206 5411 ἐπὶ
2232 5357 2448 5410 πάντων
2473 5355 2604 5420 Θεός
2623 5397 2636 5410 .
2669 5374 2688 5408 ι
2712 5355 2825 5409 Καὶ
2849 5354 3012 5408 πάλιν
3037 5355 3066 5407 6
3089 5350 3250 5414 αὐτὸς
3271 5347 3505 5410 Παῦλος·
3539 5364 3559 5395 ι
3589 5344 3710 5404 Πᾶς

428 5468 649 5521 avarus,
679 5463 774 5510 aut
815 5457 1089 5520 ebriosus,
1122 5463 1214 5509 aut
1243 5453 1560 5509 immundus
1581 5493 1595 5519 ,
1627 5460 1722 5507 aut
1777 5451 2004 5506 idolola-

2113 5449 2330 5522 πόρνος,
2353 5449 2446 5502 καὶ
2469 5447 2824 5519 πλεονέκτης,
2847 5446 2942 5500 καὶ
2974 5443 3226 5517 μέθυσος,
3245 5442 3339 5495 καὶ
3367 5436 3707 5509 ἀκάθαρτῡς,

501 5609 546 5640 ⁸⁸
585 5607 742 5666 Joan.
779 5626 826 5676 1,
866 5611 952 5665 I6.
1030 5610 1078 5642 ⁸⁸
1108 5609 1296 5665 Matth.
1357 5625 1480 5670 XVI,
1516 5608 1704 5663 15-16.

429 5677 476 5712 ’°
515 5676 712 5735 Genes.
749 5698 876 5745 XIX,
909 5681 1001 5734 24.
1103 5682 1147 5712 ⁹¹
1188 5681 1342 5734 Deut.
1379 5696 1464 5744 νι,
1500 5679 1552 5734 5.
1655 5681 1701 5712 ⁹¹
1739 5676 1872 5732 ibid.
1908 5679 1961 5732 4.

429 5762 705 5816 Lnxvm,
741 5750 794 5805 9.
871 5752 917 5784 "
957 5749 1065 5806 Tit.
1103 5766 1179 5820 ιι,
1213 5751 1398 5806 11-15.
1477 5753 1519 5783 ⁸⁸⁷
1563 5748 1722 5806 Rom.
1758 5765 1849 5816 ιι,
1885 5748 2002 5805 5-5.

1808 5609 1850 5639 ⁸⁷
1893 5605 2061 5662 Marc.
2097 5606 2233 5668 ι,1.
2321 5605 2366 5637 ⁸⁸
2405 5602 2594 5658 Matth.
2662 5621 2850 5668 xxvii,
2913 5603 3002 5659 54.

2073 5677 2118 5710 ’³
2156 5675 2304 5734 Psal.
2341 5691 2580 5742 Lxxxiu,
2616 5676 2670 5730 9.
2783 5677 2828 5709 "
2866 5673 3014 5732 Psal.
3045 5687 3192 5730 cxvu
3216 5709 3233 5740 ,
3267 5671 3358 5727 27.

3105 5601 3151 5633 ⁸⁵
3187 5599 3321 5655 Luc.
3360 5614 3436 5668 ιι,
3472 5595 3703 5662 10,“.

3105 5688 3191 5723 :vu
3216 5709 3233 5723 .
3267 5671 3358 5723 27.
3462 5671 3511 5703 ⁸⁸
3550 5665 3698 5723 Psai.
