3832 6216
180 258 259 315 939
1023 254 1257 317 SERMO
1289 258 1359 315 IN
1396 253 1876 315 NA'I‘IV'ITATEM
1914 251 2216 312 CHRISTI.

3160 253 3268 309 970

177 375 247 428 καὶ
277 372 571 445 είδωλολάτρης,
590 374 680 427 οὐκ
708 373 820 444 ἔχει
852 373 1217 445 κληρονομίαν
1240 375 1303 426 γὲν
1334 374 1401 443 τῇ
1427 371 1580 442 βασι-

1686 381 1789 435 tra,
1821 385 1930 424 non
1988 367 2151 423 habet
2207 362 2578 420 hereditatem
2625 363 2685 421 in
2728 378 2903 435 regno
2951 364 3167 422 Domini
3211 377 3268 425 et

172 466 261 537 λείᾳ
280 466 428 537 Κυρίου
451 466 521 520 καὶ
542 465 671 521 Θεοῦ.
712 485 731 519 ι

221 558 261 612 6.
281 557 398 609 Ὥστε
426 555 729 609 ἀποδέδεικται
758 555 851 609 τὸν
879 557 1083 628 Κύριον
1124 557 1219 610 καὶ
1255 554 1388 608 Θεὸν
1420 549 1582 619 εἶναι,

164 649 237 703 καὶ
254 648 353 701 Θεὸν
374 648 442 701 τὸν
464 647 635 718 Κύριον.
666 649 729 700 Εἰ
767 648 824 701 δὲ
856 649 951 700 καὶ
982 648 1188 700 τούτων
1225 648 1325 700 οὐκ
1352 647 1582 718 ἀνάσχῃ.

160 737 335 792 πείσωσί
349 755 393 791 σε
408 737 445 790 oi
460 736 659 807 δαίμονες
681 739 731 791 οἱ
754 740 812 790 ὲν
834 739 900 808 τῇ
928 735 1081 808 χώρᾳ
1108 736 1215 789 τῶν
1230 734 1586 805 Γεργεσηνῶν

156 832 403 902 κράζοντες·
437 848 453 882 ι
482 831 575 890 Ἔα,
621 830 672 883 τί
715 830 843 899 ἡμῖν
886 829 979 882 καὶ⁵
1020 830 1121 890 σοὶ,
1153 828 1248 880 re
1275 827 1369 880 τοῦ
1417 825 1583 889 Θεοῦ;

151 918 277 992 ἦλθες
297 916 375 989 ᾧδε
409 921 490 992 πρὸ
528 920 694 990 καιροῦ
729 920 1015 991 βασανίσαι
1055 922 1221 990 ἡμᾶς.
1262 937 1281 971 ι
1320 918 1589 972 Πειθέτω-

149 1014 227 1068 σάν
257 1031 301 1067 σε
323 1016 361 1067 οί
381 1014 590 1085 δαίμονες.
612 1013 670 1066 Εἰ
696 1013 795 1084 τὴν
825 1012 1128 1083 μαρτυρίαν
1163 1011 1374 1083 Πέτρου
1411 1027 1589 1081 παρα-

147 1108 306 1179 ιράφη,
322 1108 395 1162 καὶ
409 1110 471 1171 είς
487 1108 564 1178 τὴν
578 1105 664 1159 τοῦ
680 1105 1013 1173 Εὐαγγελίου
1031 1105 1215 1176 φωνὴν
1234 1102 1583 1175 ἀποστρέφῐν

147 1201 216 1271 τήν
253 1198 362 1252 κατὰ
385 1198 564 1268 Μάρκον
592 1195 880 1267 αἰδέσθητι.
913 1194 1184 1266 Φοϐήθητί
1229 1193 1320 1247 τὸν
1359 1193 1588 1262 ἄγγελον

147 1291 207 1344 τὸν
243 1289 467 1362 είρηκότα,
504 1289 703 1359 Σωτῆρα
737 1288 830 1341 καὶ
865 1287 1102 1358 Χριστὸν
1140 1287 1235 1340 καὶ¹
1261 1286 1464 1357 Κύριον
1494 1286 1588 1339 τὸν

150 1383 333 1452 εχθέντα
359 1383 411 1435 ὲκ
436 1381 515 1451 τῆς
554 1377 838 1450 Παρθένου.
871 1378 995 1431 Ἐπὶ
1044 1378 1255 1440 τούτοις
1301 1378 1584 1442 ἁπιστεῑς;

147 1474 375 1527 ζαλίνωσον
396 1472 475 1544 τήν
499 1470 650 1543 ὁρμὴν
674 1471 774 1542 τῆς
808 1468 1157 1541 βλασφημίας
1185 1487 1301 1533 σου,
1333 1469 1429 1522 καὶ
1457 1469 1589 1538 όμοο

147 1568 302 1636 ὅγησον
331 1564 411 1635 τὴν
436 1563 515 1618 τοῦ
547 1562 764 1631 ἀγγέλου
810 1562 991 1633 φωνὴν
1016 1564 1115 1633 τὴν
1146 1565 1203 1616 ὲν
1238 1561 1317 1631 τῷ
1344 1562 1588 1629 Εὐαγγε-

150 1673 188 1724 ῳ
228 1652 481 1723 λεχθεῖσαν,
531 1650 877 1723 Ἐμμανουήλ,
923 1652 1169 1706 τουτέστι
1210 1653 1350 1706 Μεθ’
1416 1650 1588 1719 ἡμῶν

1690 460 1784 517 Dei
1815 462 1881 515 ⁸⁸.
1926 480 1948 513 r

1760 552 1924 626 355
1973 552 2027 607 6.
2085 551 2532 607 Demonstratum
2593 550 2780 621 itaque
2822 558 2908 606 est
2955 549 3268 617 Dominum,

1695 641 1898 707 Deum;
1923 651 1977 697 et
2009 641 2200 707 Deum,
2232 640 2521 695 Dominum
2569 656 2711 697 esse.
2747 640 2901 706 Quod
2934 643 2978 696 si
3015 642 3130 696 base
3162 657 3270 696 non

1692 734 1953 794 admittis,
1983 734 2036 788 id
2053 734 2150 789 tibi
2171 734 2251 789 vel
2270 740 2540 789 daemones
2568 735 2930 802 persuadeant
2959 734 3015 788 in
3052 735 3271 804 regione

1691 823 2122 894 Gergesenorum
2154 825 2453 881 clamantes
2479 840 2492 875 :
2524 844 2542 875 ι
2571 825 2872 895 Sine,quid
2893 826 2992 880 tibi
3009 834 3062 879 et
3088 827 3269 891 nobis,

1692 914 1793 969 Fili
1811 914 1942 969 Dei?
1967 917 2073 970 huc
2095 917 2295 971 venisti
2330 924 2454 971 ante
2477 927 2688 987 tempus
2713 924 2968 987 torquere
3004 932 3104 972 nos
3136 918 3205 974 ”.
3244 937 3266 971 ι

1692 1006 1751 1061 Id
1771 1008 1893 1071 tibi,
1914 1009 2158 1078 inquam,
2181 1009 2454 1063 daemones
2472 1008 2856 1078 persuadeant.
2873 1006 2927 1062 Si
2943 1007 3090 1063 Petri
3118 1010 3271 1066 testi-

1692 1099 1935 1153 monium
1964 1114 2209 1162 recusas,
2235 1106 2289 1154 et
2317 1097 2597 1170 Evangelii
2631 1114 2821 1155 vocem
2847 1100 3095 1169 respuis;
3122 1100 3272 1156 illam

1694 1189 1862 1244 Marci
1901 1204 2089 1246 vocem
2121 1205 2424 1245 reverearc.
2460 1190 2725 1260 Angeluin
2766 1204 2975 1255 verere,
3026 1191 3120 1261 qui
3169 1191 3270 1257 ait,

1695 1279 2056 1344 Salvatorem.
2088 1282 2366 1337 Christum
2407 1288 2461 1336 et
2510 1281 2799 1336 Dominum
2835 1268 2959 1338 eSse
3000 1283 3151 1337 illum
3175 1283 3271 1354 qui

1692 1384 1857 1429 natus
1884 1391 1950 1429 ex
1986 1374 2210 1445 Virgine
2237 1386 2338 1431 est.
2356 1376 2439 1429 An
2464 1376 2614 1431 hisce
2640 1392 2750 1430 non
2781 1376 3005 1431 credis?
3033 1373 3269 1433 Reirena

1694 1467 1952 1536 impetum
1984 1467 2331 1536 blasphemiae
2356 1479 2483 1530 tuae,
2503 1477 2556 1521 et
2578 1468 2838 1523 conlitere
2860 1469 3035 1537 angeli
3059 1484 3268 1537 vocem,

1691 1573 1813 1626 qua:
1864 1559 1919 1612 in
1970 1556 2263 1629 Evangelio
2292 1558 2520 1621 dicitur,
2558 1557 2897 1623 Emmanuel,
2935 1557 2989 1611 id
3022 1567 3127 1623 est,
3173 1575 3271 1614 no-

1694 1649 1894 1702 biscum
1927 1646 2086 1702 Deus.
2121 1647 2265 1702 Ante
2285 1648 2696 1716 conceptionem
2730 1646 2875 1704 Deus
2905 1657 3176 1704 vocatur:
3212 1658 3269 1708 et

162 1748 303 1811 Θεός.
335 1746 434 1817 Πρὸ
454 1747 538 1817 τῆς
577 1744 883 1816 συλλήψεως
915 1744 1050 1808 Θεὸς
1092 1743 1370 1797 καλεῖται·
1399 1743 1493 1796 καὶ
1530 1744 1587 1795 ἐν

1690 1739 1820 1794 dum
1881 1741 2190 1809 concipitur
2244 1756 2338 1810 per
2394 1741 2793 1805 oeconomiam,
2826 1755 2928 1796 nec
2964 1742 3266 1799 secundum

147 1840 159 1888 ›
187 1837 500 1908 συλληφθῆναι
528 1835 675 1890 αὐτὸν
700 1836 1060 1909 οίκονομικῶς
1081 1837 1142 1890 οὐ
1179 1836 1319 1890 κατὰ
1343 1835 1503 1905 φύσιν
1527 1837 1584 1889 ὲν

186 1929 357 2000 γαστρὶ
390 1928 479 1997 τῆς
502 1927 761 2001 Παρθένου
793 1927 932 2000 ἀρνῇ
960 1927 1122 1981 αὐτὸν
1155 1925 1286 1980 Θεὸν
1315 1922 1491 1990 afuat;
1521 1926 1585 1979 Εί

160 2018 395 2088 ὁμολογῇς
422 2018 565 2079 ᾤτὸν
588 2016 719 2071 Θεὸν
751 2012 891 2070 εἶναι
913 2019 973 2070 ἐν
995 2019 1062 2088 τῇ
1086 2017 1285 2088 γαστρὶ
1316 2017 1416 2086 τῆς
1440 2017 1590 2087 Παρ-

147 2124 231 2170 θου,
267 2108 390 2177 ὅπερ
436 2108 520 2161 καὶ
563 2107 725 2172 ἐστιν,
754 2108 848 2161 καὶ
874 2106 1113 2179 ἡνῶσθαι
1145 2108 1308 2162 αὐτὸν
1339 2108 1427 2160 τὸν
1453 2108 1586 2161 Θεὸν

147 2212 225 2262 γον
266 2199 324 2267 τῇ
355 2198 580 2269 ἐνσάρκῳ
626 2198 929 2269 οἰκονομίᾳ,
982 2197 1035 2251 τί
1083 2198 1305 2267 φεύγεις
1326 2198 1587 2253 Θεοτόκον

152 2306 224 2341 ειν
266 2289 354 2361 τήν
389 2289 669 2362 Παρθένον;
717 2290 781 2342 Εἰ
829 2288 1089 2353 Θεοτόκος
1130 2291 1231 2343 οὐκ
1280 2290 1416 2354 ἔστι,
1462 2290 1586 2345 οὐδὲ

147 2380 308 2445 οθένος
327 2382 454 2452 μετά
481 2382 649 2437 τόκον.
695 2380 838 2451 Ἐγὼ
866 2381 923 2434 δὲ
949 2380 1114 2451 λέγω,
1138 2385 1195 2434 ὲν
1226 2385 1294 2453 τῇ
1327 2381 1584 2454 συλλήψει

176 2471 489 2542 παρθενικῆς
515 2474 720 2544 μήτρας
738 2470 846 2535 ὢν,
869 2473 930 2525 ὲν
953 2474 1067 2536 τοῖς
1091 2472 1185 2525 τοῦ
1213 2474 1425 2545 Πατρὸς
1457 2473 1587 2527 κόλ-

147 2579 160 2622 ῖ
205 2562 425 2633 ἐκάθητο
472 2561 543 2634 μή
593 2561 1086 2634 περιγραφόμενος.
1128 2563 1298 2635 ’Λπλῆ
1331 2564 1441 2636 γὰρ
1491 2565 1586 2619 καὶ

147 2655 360 2726 ιθετοςή
393 2654 546 2724 φύσις
574 2657 605 2725 ή
634 2656 755 2710 θεία
789 2655 864 2728 μὴ
891 2657 1362 2729 περιγραφομένη.
1389 2659 1586 2726 Ἀτρε-

149 2764 152 2773 ’
194 2747 223 2817 ἠ
268 2747 439 2816 φύσις,
469 2748 558 2801 καὶ
603 2746 958 2810 ἀναλλοίωτος
984 2750 1016 2818 ὴ
1044 2749 1221 2802 οὐσία.
1255 2749 1364 2801 Καὶ
1392 2748 1582 2804 τοῦτον

147 2846 189 2891 12v
214 2841 323 2902 τοῖς
356 2839 570 2903 κόλποις
610 2839 705 2893 τοῦ
754 2839 966 2911 Πατρὸς
998 2841 1148 2904 ὄντα,
1178 2838 1364 2893 τοῦτον
1423 2840 1580 2895 ἔτεκε

147 2932 184 2999 ,ᾖ
218 2931 493 3002 οἰκονομίᾳ
513 2930 870 3003 ή.Παρθένος.
889 2932 977 2995 Ὠς
1005 2931 1269 3002 ἠθέλησεν
1301 2932 1545 3002 εἰσῆλθεν
1563 2949 1576 2962 .

147 3021 383 3092 Βδόκησε,
408 3022 714 3094 συνελήφθη
741 3026 799 3076 ὲν
818 3025 884 3094 τῇ
914 3024 1113 3095 γαστρὶ
1138 3024 1236 3095 τῆς
1262 3023 1541 3096 Παρθένου
1560 3040 1575 3054 ·

1689 1838 1963 1895 naturam,
1994 1830 2050 1884 in
2084 1838 2241 1885 utero
2279 1827 2535 1902 Virginis,
2549 1847 2716 1902 negas
2748 1830 2915 1887 Deum
2943 1832 3096 1887 illum
3122 1834 3270 1891 esse?

1689 1921 1844 1989 Quod
1882 1923 1928 1979 si
1955 1923 2251 1980 conﬁteare
2283 1926 2462 1995 ipsum
2505 1940 2629 1981 esse
2658 1925 2825 1981 Deum
2857 1926 2912 1981 in
2948 1934 3101 1983 utero
3141 1925 3267 1982 Vir-

1687 2015 1848 2082 ginis,
1877 2014 2022 2084 quod
2067 2016 2231 2070 etiam
2284 2016 2365 2070 sic
2405 2031 2466 2071 se
2504 2015 2699 2083 habet;
2749 2025 2805 2072 et
2860 2017 3039 2087 ipsum
3093 2018 3267 2075 Deum

1689 2102 1925 2159 Verbum
1952 2106 2162 2159 unitum
2203 2104 2374 2161 fuisse
2422 2109 2574 2161 carni
2622 2122 2720 2176 per
2768 2106 3262 2178 dispensationem,

1686 2213 1788 2252 cur
1820 2197 2009 2252 renuis
2039 2195 2318 2268 Virginem
2350 2211 2546 2252 vocare
2575 2198 2902 2268 Deiparam?
2932 2197 2991 2253 Si
3029 2198 3263 2271 Deipara

1685 2304 1797 2345 non
1828 2297 1935 2356 est,
1987 2305 2165 2359 neque
2196 2286 2362 2360 Virgo
2393 2297 2516 2360 post
2561 2297 2801 2359 partum.
2865 2290 2935 2344 At
2975 2307 3076 2363 ego
3113 2292 3265 2357 dico,

1685 2396 1833 2445 eum,
1863 2382 1993 2436 dum
2034 2390 2343 2452 gestaretur
2385 2390 2631 2436 materno
2662 2382 2718 2436 in
2769 2388 2947 2447 utero,
2980 2384 3035 2438 in
3082 2382 3267 2443 Patris

1687 2473 1810 2529 sinu
1838 2473 2377 2544 incircumscriptum
2410 2474 2639 2529 sedisse.
2679 2472 2920 2545 Simplex
2952 2490 3190 2549 namque
3211 2487 3267 2535 et

1684 2563 2051 2633 incomposita
2095 2572 2182 2619 est
2228 2572 2425 2619 natura
2447 2563 2655 2626 divina,
2682 2579 2784 2619 nec
2820 2566 3263 2640 circumscripta.

1685 2653 2040 2710 lmmutabilis
2067 2662 2267 2710 natura
2294 2663 2347 2711 et
2372 2655 2714 2712 invariabilis
2746 2657 3079 2717 substantia.
3103 2659 3265 2717 Hunc

1686 2752 1867 2799 autem
1897 2746 2077 2815 ipsum
2108 2746 2202 2816 qui
2231 2746 2285 2799 in
2315 2747 2440 2800 sinu
2476 2745 2652 2800 Patris
2675 2754 2780 2811 est,
2804 2764 2953 2802 nunc
2977 2765 3075 2820 per
3110 2766 3265 2808 ωοο-

1683 2837 1924 2890 nomiam
1958 2834 2124 2907 Virgo
2157 2837 2366 2906 genuit.
2406 2836 2475 2893 Ut
2518 2836 2707 2900 voluit,
2744 2837 3026 2907 introivit;
3062 2848 3123 2894 ut
3156 2842 3264 2898 sibi

1681 2930 1907 3001 placuit,
1947 2942 2246 3000 conceptus
2286 2939 2370 2986 est
2400 2930 2455 2985 in
2500 2940 2657 2985 utero
2683 2928 2944 3000 Virginis.
2975 2930 3045 2987 Ut
3065 2934 3262 2999 voluit,

1681 3029 1845 3076 natus
1874 3021 2161 3090 processit.
2196 3019 2338 3087 Quid
2363 3027 2421 3075 ιιι
2457 3022 2675 3078 curiose
2704 3022 2938 3093 inquiris
2955 3025 3075 3094 ejus
3098 3041 3264 3098 gene-

147 3110 370 3183 ουλήθη,
389 3113 628 3185 προῆλθε
648 3112 877 3185 τεχθείς.
897 3114 968 3167 Σὺ
989 3113 1041 3167 τί
1060 3116 1397 3188 περιεργάζῃ
1413 3116 1578 3171 αὐτοῦ

1685 3112 2107 3168 rationem?Aut
2132 3119 2191 3167 ut
2219 3111 2389 3167 Deum
2410 3113 2542 3168 time
2567 3133 2582 3168 :
2609 3122 2701 3168 aut
2734 3116 3006 3170 utherum
3040 3133 3259 3174 verere:

148 3204 404 3273 ἐννησιν;
445 3205 517 3258 Ἢ
548 3205 625 3268 ὡς
662 3203 794 3258 Θεὸν
831 3204 1119 3276 φοϐήθητι,
1153 3205 1289 3277 ἢὼς
1314 3206 1579 3280 δεσπότην

147 3294 281 3365 ὶητι,
306 3295 340 3366 ἢ
373 3296 453 3359 ὡς
481 3296 711 3368 κτιστὴν
743 3296 837 3348 καὶ
864 3295 1193 3369 δημιουργὸν
1223 3296 1574 3367 εὐλαὸήθητι,

149 3380 364 3458 Κύριον
396 3386 703 3459 τρόμησον,
735 3388 768 3458 ἢ
798 3387 873 3451 ὡς
898 3389 1091 3460 κριτὴν
1117 3386 1324 3458 φρίξον.
1367 3387 1579 3456 Ἐντρέ-

182 3493 245 3529 σε
289 3477 343 3530 oi
392 3476 660 3547 δαίμονες
690 3478 738 3531 oi
781 3478 909 3541 τοὺς
938 3478 1155 3550 χοίρους
1182 3477 1577 3544 ἀπελάσαντες,

147 3570 205 3640 ην
263 3569 482 3642 ἀγέλην
532 3568 619 3641 τῷ
676 3568 845 3642 βυθίῳ
898 3569 1110 3642 θανάτῳ
1159 3568 1575 3635 ἀποπνίξαντες.

147 3677 194 3714 οι
227 3661 570 3730 ἐπιγνόντες
597 3661 690 3715 τὸν
716 3661 984 3732 δεσπότην
1006 3660 1226 3730 λέγουσι
1251 3679 1266 3693 ·
1299 3680 1318 3715 ι
1359 3662 1422 3715 Τί
1447 3662 1580 3733 ἡμῖν

147 3754 186 3817 ί,
224 3752 328 3806 Υἱὲ
368 3752 472 3807 τοῦ
504 3752 681 3818 Θεοῢ;
714 3747 878 3825 ἦλθες
916 3752 1023 3826 πρὸ
1058 3753 1250 3827 καιροῦ
1290 3753 1578 3825 βασανίσαι

154 3863 176 3895 ι
229 3845 481 3898 Ἐκεῖνοι
516 3844 618 3898 τὸν
653 3844 896 3900 κίνδυνον
947 3846 1041 3898 καὶ
1088 3847 1186 3919 τὴν
1218 3847 1446 3917 ἀπειλὴν
1474 3847 1576 3916 τῆς

149 3954 173 3986 J
246 3935 581 4006 φεύγουσι,
619 3936 714 3989 καὶ
763 3936 827 3989 σὺ
872 3937 994 3991 καθ’
1036 3937 1228 3991 ἑαυτοῦ
1258 3939 1356 4010 τὴν
1394 3937 1574 4008 κρίσιν

149 4029 302 4081 ’ἀνου
336 4029 596 4102 ἐφέλκῃ.
641 4030 868 4085 Ἐκεῖνοι
884 4030 1127 4099 ἔγνωσαν
1158 4031 1250 4084 τὸν
1272 4033 1336 4084 ὲκ
1357 4032 1575 4103 Μαρίας

147 4138 181 4173 α
210 4120 450 4191 Κύριον
486 4124 596 4174 καὶ
637 4121 831 4193 κριτήν
858 4121 951 4175 τοῦ
980 4122 1178 4187 παντὸς
1214 4123 1443 4194 κόσμου,
1478 4123 1573 4176 καὶ

162 4212 356 4265 αὐτὸν
418 4212 544 4285 πρὸ
575 4212 683 4282 τῆς
712 4214 947 4283 κρίσεως
995 4215 1305 4286 ὲτρόμησαν
1327 4231 1341 4245 ο
1377 4215 1471 4268 καὶ
1506 4216 1571 4268 σὺ

149 4302 249 4373 τὴν
288 4304 507 4375 κρίσιν
537 4304 658 4375 πρὸ
692 4304 985 4376 ὀφθαλμῶν
1006 4304 1145 4376 ἔχων
1185 4309 1569 4380 καταφρονεῖς,

149 4394 519 4467 ⁷εκπλήττῃ;
556 4396 678 4471 Καὶ
703 4394 864 4450 πάλιν
890 4397 1063 4452 ταῦτα
1082 4398 1247 4468 λέγω,
1270 4400 1365 4452 καὶ
1393 4398 1570 4468 λέγων

1680 3213 1775 3259 aut
1796 3204 2186 3261 utCreatorem
2221 3214 2276 3260 et
2293 3205 2539 3275 Opificem
2565 3208 2685 3262 cole
2716 3214 2846 3263 :aut
2878 3217 2939 3263 ut
2969 3207 3263 3267 Dominum

1681 3295 1917 3352 formida
1951 3312 1964 3350 :
1993 3308 2087 3351 aut
2126 3304 2186 3351 ut
2212 3297 2452 3366 judicem
2486 3297 2667 3354 horre.
2697 3297 2913 3356 Pudore
2942 3307 2997 3357 te
3026 3301 3264 3358 aﬂicient

1680 3391 1957 3445 damones
1983 3390 2076 3460 qui
2105 3405 2305 3459 porcos
2337 3389 2683 3459 pepulerunt,
2717 3399 2772 3446 et
2817 3398 2990 3447 totum
3039 3409 3259 3466 gregem

1680 3482 2013 3551 praecipitem
2067 3488 2252 3536 actum
2298 3480 2656 3537 suliocarunt.
2694 3480 2774 3538 Illi
2810 3496 2934 3538 cum
2967 3482 3260 3542 Dominum

1680 3579 1910 3626 nossent
1960 3571 2115 3625 aiunt
2149 3587 2162 3623 :
2197 3588 2217 3623 ι
2250 3570 2390 3639 Quid
2421 3572 2582 3628 nobis
2608 3580 2663 3627 et
2697 3572 2830 3638 tibi,
2864 3572 2967 3627 Fili
3001 3574 3135 3631 Dei?
3165 3592 3261 3632 ve-

1679 3664 1809 3718 nisti
1833 3674 1957 3719 ante
1983 3672 2198 3734 tempus
2219 3672 2474 3734 torquere
2502 3679 2655 3719 nosa
2680 3665 2756 3718 illi
2779 3666 3081 3736 periculum
3106 3683 3261 3725 com-

1678 3757 2146 3826 minationemque
2179 3758 2433 3828 supplicii
2466 3757 2778 3828 refugiunt;
2808 3765 2863 3814 et
2890 3769 2946 3815 tu
2975 3761 3075 3816 tibi
3107 3762 3259 3831 judi-

1678 3848 1824 3902 cium
1856 3848 2107 3918 supplicii
2133 3850 2383 3904 attrahis.
2413 3848 2495 3904 Illi
2526 3858 2730 3904 norunt
2765 3848 3055 3907 hominum
3088 3862 3142 3908 et
3166 3853 3259 3922 ju-

1678 3938 1853 3995 dicem
1888 3928 2079 3994 mundi
2115 3941 2301 4003 totius.
2335 3957 2400 3996 ex
2432 3940 2600 3995 Maria
2626 3943 2891 4013 genitum,
2923 3960 3084 4015 quem
3128 3961 3256 4001 cum

1675 4031 1760 4087 vel
1785 4041 1913 4086 ante
1932 4031 2203 4100 judicium
2230 4032 2511 4097 viderent,
2537 4042 2920 4092 contremuere
2950 4056 2964 4093 :
2998 4045 3053 4093 et
3074 4048 3128 4093 tu
3158 4039 3253 4110 qui

1675 4122 1780 4177 hoc
1802 4137 1915 4192 pra:
1940 4124 2116 4178 oculis
2140 4122 2410 4193 judicium
2441 4126 2630 4191 babes,
2657 4126 2792 4182 nihil
2819 4144 2983 4184 curas
3011 4146 3114 4185 nec
3133 4147 3255 4187 me-

1672 4213 2085 4269 tuis‘iliursum
2112 4216 2226 4270 haec
2241 4216 2418 4271 dicam
2455 4233 2556 4272 nec
2585 4219 2747 4274 finem
2780 4219 2999 4275 dicendi
3030 4220 3253 4285 faciam.

1673 4315 1733 4360 ut
1768 4307 1932 4377 plane
1962 4306 2121 4363 vobis
2153 4307 2284 4361 dicti
2310 4308 2460 4363 illius
2512 4320 2896 4381 argumentum
2927 4313 3167 4383 aperiam
3201 4324 3256 4370 et

1671 4395 1941 4453 declarem
1966 4414 1980 4464 ;
2013 4406 2072 4452 ιιι
2099 4413 2166 4455 ex
2194 4407 2344 4454 certa
2367 4401 2679 4470 cognitione
2710 4401 2920 4457 ﬁrmam
2945 4413 3112 4475 atque
3139 4414 3255 4462 sta-

147 4503 351 4557 rapat,
400 4487 693 4559 καθαρὰν
732 4489 1095 4543 ὲκλευκαίνων
1126 4491 1253 4560 ὑμῖν
1284 4489 1377 4544 τοῦ
1405 4489 1565 4559 λόγου

1685 4490 1837 4545 bilem
1880 4490 2041 4545 ﬁdem
2067 4490 2387 4557 habeamus,
2419 4502 2475 4548 et
2506 4493 2630 4549 ﬁdei
2681 4493 3100 4552 fundamentum
3129 4514 3253 4556 cer-

147 4576 330 4630 θεσιν
352 4593 371 4608 ο
408 4577 585 4632 ὥστε
629 4581 686 4634 ὲν
712 4579 910 4650 γνώσει
939 4580 1238 4651 ἀσφαλείας
1273 4583 1568 4637 ἀσάλευτον

151 4688 187 4721 ν
223 4670 460 4727 πίστιν
501 4673 620 4726 καὶ
646 4673 744 4743 τὴν
777 4673 1019 4744 κρηπῖδα
1056 4677 1155 4745 τῆς
1199 4674 1435 4739 πίστεως
1466 4677 1567 4747 τὴν

149 4780 171 4812 ι
200 4760 377 4831 βεὸα
386 4763 495 4816 ίαν
528 4764 816 4834 κατέχειν.

149 4869 205 4905 ιν
241 4854 364 4906 ἐπὶ
403 4854 485 4907 τὸ
530 4856 907 4926 προκείμενον
937 4853 1241 4927 βαδιοῦμεν,
1273 4856 1439 4929 ὀρθὴν
1470 4857 1568 4912 καὶ

152 4959 191 4994 ν
248 4942 415 4997 ὁδὸν
480 4944 611 5015 τῆς
663 4945 899 5010 πίστεως
933 4945 1365 5010 ἀναδεικνύντες.
1408 4944 1565 5016 Ἐμοὶ

155 5032 239 5084 τὸ
292 5031 550 5101 λέγειν
607 5033 713 5087 οὐκ
760 5034 1014 5105 ὀκνηρὸν,
1050 5035 1180 5103 ὑμῖν
1209 5033 1265 5087 δὲ
1297 5032 1559 5104 ἀσφαλές.

151 5123 266 5186 εὸς
300 5123 594 5194 εἰσῆλθε
624 5125 716 5179 διὰ
746 5125 847 5194 τῆς
871 5125 1040 5196 ἀκοῆς
1069 5126 1169 5197 τῆς
1191 5124 1561 5196 Παρθένουὼς

156 5216 627 5287 ἐκυοφορήθη
657 5216 732 5280 ὡς
756 5216 1043 5287 ηὐδόκησε,
1085 5216 1318 5288 προῆλθε
1349 5214 1561 5286 τεχθεὶς

1669 4586 1780 4635 tam
1805 4582 2014 4639 scilicet
2039 4583 2441 4641 confessionem
2468 4585 2822 4644 retineamus.

1742 4844 1793 4900 7.
1830 4843 1910 4899 Ad
1940 4859 2055 4899 rem
2105 4845 2304 4901 iterum
2352 4845 2666 4913 redeamus,
2699 4855 2906 4904 rectam
2937 4857 2993 4906 et
3020 4850 3249 4908 minime

1666 4934 1932 4991 deﬂexam
1960 4937 2104 4991 viam
2139 4937 2261 4992 lidei
2298 4941 2595 4994 ostensuri.
2629 4940 2756 4995 Haec
2802 4956 2891 4997 me
2918 4941 3105 4999 dicere
3134 4960 3247 5000 non

1667 5027 1836 5099 piget,
1891 5028 2157 5098 vobisque
2207 5036 2386 5083 tutum
2434 5037 2540 5086 est.
2599 5030 2700 5085 Hic
2756 5029 2905 5088 Deus
2960 5033 3246 5104 ingressus

1665 5127 1750 5175 est
1809 5134 1908 5190 per
1967 5120 2212 5174 auditum
2243 5119 2503 5191 Virginis,
2536 5131 2701 5192 prout
2739 5123 2941 5190 voluit;
2999 5134 3245 5194 gestatus

1665 5220 1821 5266 utero
1855 5220 1957 5276 est,
1991 5219 2051 5266 ut
2072 5213 2175 5267 sibi
2208 5213 2367 5267 libuit
2398 5231 2412 5268 :
2439 5222 2603 5268 natus
2633 5213 2856 5285 prodiit,
2889 5226 2949 5268 ut
2979 5217 3083 5272 sibi
3127 5218 3244 5288 pla-

149 5308 275 5376 θη·
296 5305 642 5378 εἰσῆλθεν
671 5305 962 5377 ἀσώματος
987 5305 1061 5368 ὡς
1087 5305 1370 5377 ἠθέλησεν*
1403 5306 1561 5357 ἐκνο-

1685 5306 1777 5358 :uit
1804 5322 1818 5358 :
1846 5305 2205 5375 incorporeus
2234 5308 2517 5379 ingressus
2548 5319 2654 5373 est,
2692 5317 2753 5363 ut
2803 5309 2978 5363 voluit
3012 5324 3028 5364 :
3061 5320 3247 5382 gesta.

148 5397 509 5470 ,χώρητος
548 5399 624 5451 ὲν
649 5397 938 5470 χωρητικῷ
965 5398 1167 5466 σκεύει,
1193 5400 1250 5452 ὲν
1277 5400 1342 5469 τῇ
1377 5401 1560 5469 μήτρᾳ

157 5506 291 5542 νου
356 5488 817 5559 οἰκονομικῶς,
864 5489 941 5554 ὡς
986 5489 1273 5563 ηὐδόκησε.
1312 5488 1555 5561 Προῆλθε

162 5687 179 5698 .
218 5661 300 5713 v,
335 5644 414 5700 5.
537 5645 601 5678 ⁸³
648 5643 781 5700 Luc.
817 5660 892 5708 tv,
922 5643 1012 5700 54.

162 5741 544 5801 ΡΔτιιοι.
581 5738 714 5801 Gn.
748 5739 1043 5800 XXVIII.

1664 5401 1754 5451 tus
1783 5402 1868 5452 est
1893 5398 1984 5467 qui
2011 5398 2163 5452 nullo
2185 5401 2454 5455 contineri
2492 5407 2693 5472 potest,
2725 5399 2783 5455 in
2810 5416 2944 5456 vase
2977 5405 3070 5473 qui
3107 5419 3245 5460 con-

1663 5487 1840 5545 tinere
1864 5494 2066 5558 potest,
2089 5487 2408 5564 inﬂirginis
2437 5493 2599 5548 vulva
2627 5507 2723 5564 per
2750 5491 3242 5563 dispensationem,

2885 5730 2957 5801 31
