3832 6216
496 242 597 300 971

1628 253 1689 310 S.
1727 252 2200 313 ATHANASIUS.
2223 284 2290 295 —
2325 255 2600 313 SPURIA.

3616 267 3752 321 ~97!

492 370 556 415 ιιι
578 359 681 415 sibi
714 360 938 430 placuit.
966 359 1177 427 Prodiit
1206 368 1369 418 natus
1400 361 1547 419 Deus
1581 372 1634 419 et
1661 365 1848 431 homo,
1880 375 1943 420 ut
1970 384 2053 421 vo-

2164 368 2375 438 τεχθεὶς
2403 369 2536 433 Θεὸς
2565 370 2661 423 καί
2687 370 2992 444 ἄνθρωπος,
3009 374 3087 438 ὡς
3114 373 3407 446 ἐϐουλήθη.
3449 376 3704 447 Ἐγένετο
3726 379 3753 432 6

492 453 613 508 luit.
637 450 838 507 Factus
865 460 950 506 est
973 452 1121 523 quod
1151 469 1258 507 non
1309 464 1447 518 erat,
1482 457 1688 512 habens
1722 458 2065 516 invariabilis

489 536 815 591 substantiae
836 537 984 605 quod
1018 544 1156 591 erat.
1208 536 1353 593 Deus
1380 541 1527 594 enim
1557 548 1677 595 erat
1712 542 1973 607 Verbum,
2011 552 2066 600 et

490 622 731 679 Verbum
759 634 879 680 erat
911 626 1055 693 apud
1090 625 1278 682 Deum.
1304 626 1537 682 Proinde
1559 629 1856 699 Apostolus
1889 632 2060 688 dicit:

495 733 513 765 ι
548 713 696 768 Misit
733 717 875 769 Deus
925 713 1125 768 Filium
1160 730 1319 782 suum
1350 715 1554 768 factum
1589 732 1657 770 ex
1702 718 1931 772 muliere
1965 720 2003 773 ¹.
2038 738 2057 771 s

488 806 647 862 Hunc
696 806 894 862 Filium
949 808 1098 863 misit
1133 807 1293 873 Deus,
1345 806 1549 861 factum
1589 824 1658 862 ex
1708 810 1952 872 muliere,
1994 826 2062 865 ex

488 901 842 955 immaculata
874 908 1069 954 natura
1091 900 1351 969 genitum,
1376 914 1440 952 ex
1473 899 1732 953 ineﬂ‘ahili
1753 902 2061 956 substantia

488 992 895 1063 procedentem,
926 992 1019 1062 qui
1048 1008 1112 1046 ex
1160 1001 1386 1062 paterno
1433 991 1559 1044 sinu
1618 1007 1725 1045 non
1764 982 2058 1057 abscessit,

487 1086 583 1153 qui
614 1100 682 1140 ex
713 1084 860 1154 regio
890 1084 1090 1138 throno
1140 1100 1248 1138 non
1284 1094 1498 1140 amotus
1543 1092 1663 1150 est;
1694 1084 1789 1139 sed
1838 1085 2061 1155 pr0prie

487 1192 657 1230 unum
688 1190 812 1229 cum
842 1174 1005 1230 Patre
1035 1175 1291 1230 thronum
1332 1184 1586 1247 occupat,
1614 1191 1721 1231 una
1752 1177 1906 1231 sedet
1932 1191 2055 1231 cum

486 1267 619 1333 illo;
643 1282 749 1320 non
786 1267 982 1336 gratia,
1011 1266 1105 1321 sed
1128 1266 1313 1320 divina
1340 1276 1557 1331 natura,
1587 1277 1641 1322 et
1682 1276 1908 1337 paterna
1934 1267 2060 1322 sub-

484 1361 707 1416 stantia.
740 1358 1025 1425 Quomodo
1071 1376 1313 1431 namque
1350 1362 1553 1416 isthinc
1599 1372 1842 1417 semotus
1887 1368 2055 1425 esset,

484 1450 574 1504 dic
608 1450 771 1515 mihi;
800 1465 924 1503 cum
950 1450 1066 1519 ipse
1092 1450 1276 1505 dicat:
1318 1469 1337 1503 ι
1376 1452 1486 1522 Ego
1521 1453 1573 1505 in
1605 1452 1787 1519 Patre,
1812 1461 1866 1506 et
1895 1452 2057 1507 Pater

482 1542 537 1597 in
566 1557 650 1597 me
675 1542 734 1595 ’ἰ
763 1561 781 1593 ι
809 1539 874 1594 Ει
899 1556 1118 1596 rursum
1152 1560 1166 1597 :
1205 1560 1223 1594 ι
1245 1542 1405 1597 Pater
1426 1550 1607 1597 autem
1634 1546 1688 1598 in
1718 1560 1805 1599 me
1830 1560 2055 1600 manens

481 1631 598 1701 ipse
620 1631 751 1685 facit
778 1646 942 1701 opera
976 1631 1015 1686 ³.
1047 1650 1066 1683 ι
1097 1630 1277 1701 lpsum
1306 1631 1584 1703 (dicimus)
1619 1642 1806 1687 natum
1852 1650 1917 1688 ex
1943 1633 2055 1687 Ma-

2164 463 2266 515 ούκ
2294 457 2385 530 ἦν,
2419 460 2558 531 ἔχων
2587 461 2945 516 ἀναλλοιάντου
2986 464 3175 529 οὐσίας
3205 464 3236 518 ὃ
3260 461 3348 536 ἦν.
3386 466 3520 530 Θεὸς
3550 468 3663 539 γὰρ
3688 465 3752 540 ἦν

2163 552 2193 603 6
2237 551 2428 619 Λόγος,
2477 553 2574 605 καὶ
2616 553 2646 605 6
2688 553 2859 621 Λόγος
2887 548 2956 624 ἦν
2994 555 3131 627 πρὸς
3151 555 3245 608 τὸν
3272 555 3409 609 Θεόν
3432 571 3447 585 ’
3481 559 3669 612 καίτοι
3690 576 3751 627 γε

2162 642 2256 695 τοῦ
2298 643 2621 696 ’Δποστόλου
2644 643 2895 712 λέγοντος
2912 660 2926 673 °
2952 664 2972 696 ι
3013 646 3423 711 Ἐξαπέστειλεν
3451 650 3482 701 6
3503 649 3643 713 Θεὸς
3663 652 3751 702 τὸν

2163 731 2292 784 Υἰὸν
2326 732 2515 796 αὐτοῦ,
2562 734 2854 804 γενόμενον
2904 737 2970 788 ὲκ
3018 738 3299 804 γυναικός.
3336 756 3355 790 s
3403 738 3613 792 Τοῦτον
3663 742 3750 794 τὸν

2162 823 2291 877 Υἰὸν
2310 822 2688 890 ἐξαπέστειλεν
2720 828 2750 879 6
2772 826 2905 890 Θεὸς
2925 829 3216 898 γενόμενον
3249 831 3315 883 ὲκ
3341 832 3627 899 γυναικὸς,
3663 834 3748 885 τὸν

2160 915 2226 967 ὲκ
2271 914 2373 985 τῆς
2428 917 2699 986 ἁχράντου
2752 915 2969 985 φύσεως
3012 918 3362 989 γεννηθέντα,
3403 920 3495 974 τὸν
3537 923 3607 974 ὲκ
3651 922 3747 989 τῆς

2159 1008 2439 1077 ἀφράστου
2506 1008 2694 1070 οὐσίας
2746 1007 3115 1078 προελθόντα,
3165 1009 3259 1063 τὸν
3312 1012 3421 1065 τῶν
3462 1013 3745 1084 πατρικῶν

2158 1097 2375 1151 κόλπων
2422 1099 2525 1152 οὐκ
2570 1098 3108 1170 ἀπαλλοτριωθέντα,
3173 1100 3265 1154 τὸν
3314 1100 3410 1154 τοῦ
3462 1101 3743 1171 βασιλικοῦ

2158 1189 2349 1260 θρόνου
2405 1188 2480 1260 μὴ
2545 1189 2900 1261 χωρισθέντα,
2929 1190 3067 1244 ἀλλὰ
3101 1191 3246 1256 ἰδίως
3292 1192 3371 1263 τῷ
3408 1194 3589 1265 Πατρί
3626 1213 3743 1249 συν-

2157 1279 2475 1351 θρονεύοντα
2501 1282 2596 1334 καὶ
2628 1281 3117 1352 συγκαθεζόμενον,
3155 1285 3257 1337 οὐκ
3299 1286 3360 1336 ὲν
3389 1287 3600 1356 χάριτι,
3629 1287 3741 1341 ἀλλ’

2155 1372 2214 1424 ὲν
2259 1372 2412 1443 θεῖκῇ
2462 1371 2622 1441 φύσει
2670 1373 2766 1426 καὶ
2804 1378 3043 1445 πατρικῇ
3065 1374 3243 1445 οὐσίᾳ.
3277 1377 3403 1441 Πῶς
3426 1378 3538 1449 γὰρ
3571 1379 3743 1449 κεχώ-

2159 1480 2358 1534 ρισται,
2412 1466 2619 1535 φράσον
2670 1483 2782 1536 μοι,
2813 1466 2976 1519 αὐτοῦ
3015 1467 3286 1536 λέγοντος,
3321 1488 3341 1522 ι
3394 1471 3539 1539 Ἐγὼ
3563 1473 3627 1524 ὲν
3667 1472 3741 1541 τῷ

2155 1552 2350 1624 Πατρὶ,
2368 1554 2462 1605 καὶ
2490 1556 2518 1606 6
2546 1554 2736 1625 Πατὴρ
2768 1556 2827 1608 ἐν
2858 1556 3001 1626 ἐμοί’
3034 1576 3053 1609 ι
3076 1557 3169 1611 καὶ
3193 1558 3356 1613 πάλιν
3374 1575 3388 1588 ”
3418 1577 3438 1611 ι
3469 1561 3528 1614 '0
3553 1562 3743 1634 Πατήρ

2158 1658 2261 1711 μου
2290 1644 2318 1695 6
2360 1644 2419 1695 ἐν
2447 1645 2570 1715 ἐμοὶ
2601 1646 2799 1715 μένων,
2834 1647 2997 1710 αὐτὸς
3031 1651 3175 1700 ποιεῖ
3199 1649 3268 1702 τὰ
3296 1651 3472 1720 ἒργα;
3507 1671 3527 1704 ι
3566 1654 3742 1707 Αὐτὸν

479 1724 561 1778 ria
588 1721 834 1793 Virgine.
864 1722 1024 1778 Hunc
1055 1732 1183 1779 ante
1210 1725 1621 1794 conceptionem
1652 1725 1876 1795 angelus
1927 1724 2053 1778 Em-

2155 1733 2243 1787 τὸν
2269 1734 2533 1805 τεχθέντα
2560 1738 2623 1789 ὲκ
2648 1738 2747 1807 τῆς
2776 1738 2937 1806 ἁγίας
2970 1739 3267 1810 Παρθένου,
3297 1740 3487 1795 τοῦτον
3510 1745 3620 1815 πρὸ
3643 1746 3741 1818 τῆς

480 1815 699 1869 manuel
724 1814 963 1875 vocavit,
990 1814 1044 1867 id
1074 1823 1179 1879 est,
1210 1832 1229 1866 ‹
1269 1812 1567 1868 Nobiscum
1603 1814 1767 1879 Deus,
1799 1833 1818 1865 ›
1857 1814 1923 1868 de
1941 1828 2050 1886 quo

478 1906 696 1962 locutus
735 1914 820 1961 est
871 1906 1042 1961 Isaias
1078 1906 1341 1976 propheta
1370 1906 1411 1958 ⁸.
1443 1905 1619 1972 Hunc,
1647 1906 1887 1975 inquam,
1919 1921 2052 1975 pue-

478 2012 601 2051 rum
638 1996 734 2066 qui
770 2011 839 2051 ex
870 1993 1097 2065 Virgine
1120 1995 1408 2065 processit,
1438 1994 1605 2050 Deum
1631 1995 1845 2059 fortem,
1871 2006 2052 2065 poten-

479 2098 610 2154 tem,
642 2088 944 2160 principem
977 2088 1159 2158 pacis,
1207 2096 1415 2158 patrem
1461 2086 1635 2142 futuri
1667 2087 1873 2142 saeculi.
1919 2086 2051 2152 Qui-

479 2196 603 2235 nam
641 2182 924 2252 puerulus,
957 2179 1258 2235 secundum
1313 2191 1562 2235 naturam
1620 2179 1835 2248 genitus
1857 2216 1874 2243 ,
1906 2177 2051 2234 Deus

476 2269 636 2327 fortis
665 2281 965 2342 potensque
1000 2269 1143 2324 fuit?
1165 2268 1300 2336 Quis
1327 2284 1460 2339 puer
1480 2278 1639 2322 natus
1655 2267 1817 2337 355
1837 2268 2051 2322 stellam

474 2363 699 2416 attraxit
722 2377 843 2432 quas
868 2361 1233 2431 perquisitum
1264 2361 1527 2415 infantem
1552 2361 1916 2429 significaret;
1941 2360 2050 2413 imo

396 2450 417 2463 '
474 2453 660 2521 potius
710 2460 1003 2522 angustum
1049 2438 1264 2505 Domini
1307 2448 1712 2504 diversorium?
1742 2447 1880 2515 Quis
1913 2463 2048 2517 puer

476 2558 664 2615 magos
692 2558 757 2597 ex
791 2542 1011 2598 Oriente
1057 2541 1291 2606 vocavit,
1323 2548 1383 2596 ut
1430 2556 1489 2595 se
1540 2540 1866 2594 adorarent?
1910 2539 2048 2606 Quis

474 2650 610 2705 puer
638 2643 845 2689 natura:
869 2633 1183 2689 conditione
1209 2633 1423 2703 genitus
1446 2632 1588 2686 dona
1614 2646 1646 2684 a
1678 2631 1851 2701 magis
1887 2646 2050 2686 acce-

474 2729 592 2799 pit?
622 2727 879 2798 Donaque
900 2728 993 2782 illa
1011 2727 1591 2790 consideremus,num
1617 2725 1715 2791 illi,
1742 2734 1800 2779 ut
1830 2724 2048 2778 inﬁrmo

476 2821 683 2876 homini
726 2821 911 2875 oblata
957 2820 1103 2885 sint;
1137 2833 1319 2873 annon
1354 2817 1534 2887 potius
1584 2825 1643 2870 ut
1689 2817 1822 2879 Deo,
1853 2817 1969 2887 regi
1994 2824 2050 2872 et

476 2910 705 2964 homini.
753 2908 963 2964 Aurum
998 2915 1057 2962 ut
1101 2908 1252 2978 regi;
1284 2907 1413 2963 thus
1454 2914 1515 2961 ut
1559 2905 1703 2974 Deo;
1739 2908 1959 2977 myrrha
1990 2914 2049 2961 ut

475 3002 682 3058 homini
741 3001 809 3056 ad
861 3002 1215 3071 sepulturam.
1250 2999 1457 3054 Aurum
1506 3000 1726 3070 quidem
1779 3008 1837 3054 ut
1886 3001 2046 3072 regi:

2152 1826 2465 1896 συλλήψεως
2490 1829 2518 1879 6
2554 1828 2782 1896 ἄγγελος
2809 1830 3155 1902 Ἐμμανουὴλ
3185 1831 3444 1898 κέκληκε,
3468 1836 3737 1902 τουτέστι,

2155 1933 2174 1966 ι
2216 1917 2349 1969 Μεθ’
2372 1916 2528 1987 ἡμῶν
2552 1921 2580 1972 6
2606 1919 2759 1983 Θεὸς,
2794 1938 2814 1971 ι
2855 1920 2913 1973 ὃν
2942 1916 3095 1974 εἶπεν
3126 1921 3353 1987 Ἡσαΐας
3376 1925 3407 1976 6
3432 1927 3738 1996 προφήτης,

2148 2006 2211 2059 τὸ
2242 2008 2454 2061 παιδίον
2485 2008 2643 2063 τοῦτο
2686 2011 2749 2064 τὸ
2784 2012 2850 2065 ὲκ
2876 2011 2976 2081 τῆς
3000 2012 3277 2084 Παρθένου
3308 2016 3595 2087 προελθὸν,
3609 2017 3741 2070 Θεὸν

2153 2101 2392 2172 ἰσχυρὸν,
2425 2101 2802 2175 ἐξουσιαστὴν,
2835 2104 3074 2176 ἄρχοντα
3124 2108 3370 2178 εἰρήνης,
3402 2110 3619 2181 πατέρα
3642 2110 3738 2164 τοῦ

2153 2194 2435 2264 μέλλοντος
2479 2194 2697 2259 αἰῶνος.
2728 2196 2885 2249 Ποῖον
2920 2197 3128 2250 παιδίον
3164 2199 3307 2252 κατὰ
3340 2199 3502 2268 φύσιν
3546 2200 3740 2271 τεχθὲν

2148 2282 2279 2347 Θεὸς
2308 2285 2545 2356 ἰσχυρὸς,
2570 2284 2922 2357 ὲξουσιαστὴς
2954 2288 3205 2355 ὲγένετο;
3231 2289 3391 2342 Ποῖον
3417 2289 3632 2343 παιδίον
3652 2308 3739 2343 τε·

2148 2371 2275 2441 χθὲν
2304 2373 2509 2444 ἀστέρα
2560 2374 2778 2427 εἵλκυσε
2815 2375 3087 2446 μηνύοντα
3117 2375 3211 2429 τοῦ
3240 2376 3572 2448 ζητουμένου
3612 2378 3735 2451 βρέ-

2150 2480 2303 2533 φους,
2346 2465 2545 2535 μᾶλλον
2572 2465 2628 2518 δὲ
2659 2467 2954 2532 Δεσπότου,
2976 2468 3039 2521 τὸ
3059 2470 3332 2524 στενωπὸν
3358 2471 3734 2539 καταγώγιον;

2148 2556 2307 2623 Ποῖον
2356 2556 2567 2609 παιδίον
2629 2557 2837 2627 μάγους
2882 2557 2942 2624 ἐξ
2989 2558 3264 2613 ἀνατολῶν
3298 2561 3737 2631 προσεκαλέσατο

2148 2648 2519 2720 προσκυνῆσαι
2558 2647 2739 2718 aurci);
2773 2650 2931 2702 Ποῖον
2960 2650 3169 2704 παιδίον
3192 2653 3333 2706 κατὰ
3357 2651 3519 2720 φύσιν
3539 2655 3735 2724 τεχθὲν

2147 2737 2296 2808 δῶρά
2337 2755 2466 2791 ποτε
2504 2738 2850 2809 προσηνέχθη
2880 2739 3032 2809 παρὰ
3075 2739 3437 2811 μάγων;Καί
3478 2741 3546 2796 τὰ
3585 2742 3734 2813 δῶρα

2149 2829 2396 2899 εἴδωμεν,
2416 2832 2463 2883 εἰ
2482 2830 2556 2893 ὡς
2575 2830 2793 2883 ἀσθενεῖ
2816 2829 3088 2903 ἀνθρώπῳ
3105 2833 3473 2905 προσηνέχθη,
3503 2836 3598 2888 καί
3617 2836 3735 2905 οὐχὶ

2149 2917 2288 2988 Θεῷ,
2322 2918 2643 2989 βασιλεῖκαί
2669 2919 2971 2991 ἀνθρώπῳο
3014 2922 3215 2992 χρυσὸν
3251 2924 3350 2992 μὲν
3393 2925 3471 2988 ὡς
3501 2925 3730 2995 βασιλεῖ,

2148 3005 2363 3061 λίϐανον
2384 3008 2441 3061 δὲ
2461 3009 2536 3071 ὡς
2564 3008 2704 3079 Θεῷ,
2732 3010 2826 3062 καὶ
2852 3009 3098 3082 σμύρναν
3120 3011 3196 3075 ὼς
3220 3012 3492 3085 ἀνθρώπῳ
3528 3017 3610 3078 εἰς
3650 3017 3732 3069 ὲν·

478 3111 497 3144 σ
534 3093 696 3158 Deus,
719 3092 986 3162 judicium
1035 3099 1189 3146 tuum
1221 3097 1333 3163 regi
1361 3093 1451 3157 da,
1486 3100 1540 3147 et
1581 3092 1853 3159 justitiam
1891 3101 2041 3148 tuam

2155 3100 2465 3170 ταφιασμόν.
2497 3101 2709 3172 Χρυσὺν
2740 3102 2839 3172 μὲν
2863 3102 2939 3167 ὡς
2970 3102 3181 3173 βασιλεί
3199 3124 3212 3136 ·
3241 3123 3260 3156 ι
3284 3105 3343 3158 ὐ
3362 3105 3515 3170 Θεὸς,
3531 3107 3593 3159 τὸ
3612 3109 3730 3178 κρί-

476 3185 587 3240 lilio
611 3187 755 3256 regis
780 3185 823 3240 '.
860 3204 879 3236 ι
920 3183 1033 3240 Hoc
1062 3185 1268 3239 dictum
1298 3184 1521 3255 protulit
1569 3183 1761 3239 David.
1798 3184 2047 3242 Posthaec

474 3276 698 3347 angelus
719 3291 842 3331 cum
874 3277 1137 3331 salutaret
1167 3274 1392 3330 Mariam
1425 3293 1437 3327 :
1472 3292 1491 3325 ι
1534 3273 1599 3327 Et
1630 3274 1780 3329 dabit
1822 3276 1898 3328 illi
1939 3274 2048 3329 Do-

475 3365 656 3421 minus
685 3364 828 3421 Deus
863 3366 1047 3421 sedem
1096 3364 1264 3419 David
1294 3364 1465 3434 patris
1521 3364 1660 3434 ejus,
1691 3374 1747 3419 et
1797 3364 2046 3436 regnabit

474 3459 528 3512 in
558 3458 778 3515 domum
803 3458 972 3513 Jacob
1002 3458 1055 3511 in
1084 3457 1306 3520 saecula,
1348 3464 1403 3511 et
1450 3457 1604 3525 regni
1628 3455 1748 3524 ejus
1787 3471 1897 3510 non
1939 3457 2047 3511 erit

476 3550 599 3607 finis
626 3551 667 3603 ⁸.
708 3571 727 3604 ι
754 3549 862 3622 Ipsi
892 3552 1065 3621 gloria
1087 3558 1143 3605 et
1172 3548 1462 3620 imperium
1500 3549 1558 3603 in
1586 3549 1786 3603 sacula
1814 3549 2046 3603 saeculo-

472 3657 616 3698 rum.
635 3641 827 3699 Amen.

2155 3192 2234 3262 μά
2279 3209 2371 3244 σου
2415 3191 2494 3262 τῷ
2544 3192 2750 3262 βασιλεί
2781 3194 2888 3256 δὸς,
2912 3195 3006 3247 καὶ
3035 3195 3134 3266 τὴν
3162 3195 3511 3268 δικαιοσύνην
3536 3215 3629 3251 σου
3656 3199 3731 3268 τῷ

2150 3282 2253 3353 υἰῷ
2276 3283 2369 3336 τοῦ
2398 3282 2676 3353 βασιλέως.
2703 3302 2721 3335 ι
2747 3283 2962 3356 Ταύτην
2981 3284 3079 3356 τὴν
3106 3286 3289 3356 φωνὴν
3315 3282 3468 3339 εἶπεν
3492 3289 3521 3340 6
3548 3286 3725 3340 Δαϐίδ.

2151 3371 2307 3428 Μετὰ
2352 3372 2524 3426 ταῦτα
2579 3375 2607 3427 6
2647 3372 2876 3443 ἄγγελος
2922 3376 3002 3438 εἰς
3034 3373 3125 3426 τὸν
3155 3374 3445 3446 ἀσπασμὸν
3478 3375 3579 3445 τῆς
3610 3376 3727 3430 Μα-

2153 3465 2303 3535 ρίαςο
2356 3482 2375 3515 ι
2425 3465 2536 3518 Καὶ
2585 3463 2745 3519 δώσει
2793 3464 2942 3537 αὐτῷ
2986 3466 3242 3539 Κύριοςό
3272 3466 3406 3530 Θεὸς
3429 3468 3521 3522 τὸν
3547 3468 3728 3540 θρόνον

2155 3552 2319 3606 Δαϐἰδ
2340 3551 2430 3606 τοῦ
2463 3555 2666 3626 πατρὸς
2691 3555 2988 3619 αὐτοῦ,καί
3018 3556 3322 3625 βασιλεύσει
3350 3559 3444 3611 ἐπὶ
3472 3559 3564 3613 τὸν
3586 3555 3727 3612 οἷκον

2168 3644 2361 3697 Ἰακὼὸ
2385 3646 2464 3710 εἰς
2486 3647 2612 3710 τοὺς
2644 3647 2866 3711 αἰῶνας,
2897 3650 3109 3721 καὶτῆς
3136 3647 3414 3720 βασιλείας
3439 3651 3605 3705 αὑτοῦ
3632 3654 3727 3706 οὐκ

473 3735 621 3791 ἔσται
658 3736 828 3800 τέλος.
865 3756 884 3788 ι
910 3736 1034 3788 Ὅτι
1069 3733 1217 3806 αὐτῷ
1257 3735 1292 3806 ὴ
1326 3734 1455 3803 δόξα
1501 3735 1593 3788 καὶ
1628 3735 1688 3788 τὸ
1726 3734 1930 3808 κράτος
1966 3736 2047 3796 εἰς
2079 3735 2203 3800 τοὺς
2236 3735 2440 3801 αἰῶνας
2462 3736 2570 3790 τῶν
2601 3738 2833 3793 αἰώνων.
2876 3740 3070 3811 Ἀμήν.

494 3931 3699 3970 _.____________________________________“

1294 4092 1363 4150 IV
1402 4093 1741 4150 HOMILIAM
1779 4094 1868 4150 DE
1903 4093 2182 4151 CHRISTI
2214 4094 2538 4153 OCCURSU
2568 4095 2913 4155 MONITUM.

544 4284 698 4340 Hanc
742 4284 968 4355 primum
1013 4281 1176 4337 edidit
1204 4281 1578 4354 Combeﬁsius,
1615 4285 1696 4340 vir
1721 4284 1784 4339 de
1812 4302 1867 4340 re
1907 4286 2194 4349 litteraria,
2228 4288 2560 4356 potissimum
2590 4289 2952 4344 ecclesiastica
2988 4288 3115 4344 bene
3170 4291 3415 4355 meritus,
3456 4293 3550 4361 qui
3581 4291 3725 4345 illam

471 4379 762 4434 Athanasio
791 4394 1025 4434 asserere
1057 4393 1152 4448 pro
1184 4379 1326 4432 virili
1377 4390 1601 4435 conatus
1633 4390 1710 4436 est
1738 4381 1834 4453 (8).
1871 4379 2037 4451 thue
2075 4392 2385 4453 argumento
2414 4394 2658 4438 occurrat
2697 4385 2972 4454 desumpta
3013 4402 3078 4440 ea:
3123 4390 3432 4441 memoratis
3470 4404 3619 4442 num.
3663 4386 3725 4441 15

472 4472 720 4528 Nestorio
750 4489 811 4527 ac
846 4471 1113 4543 Eutyche,
1137 4471 1213 4524 ait
1235 4486 1418 4525 eorum
1444 4473 1658 4526 nomina
1692 4489 1724 4526 a
1751 4472 1973 4527 librario
2004 4475 2231 4544 quodam
2267 4483 2384 4544 post
2413 4472 2656 4528 Nestorii
2690 4485 2739 4529 et
2777 4474 3032 4545 Eutychis
3066 4486 3278 4531 wtatem
3317 4477 3525 4531 inserta
3570 4478 3725 4547 fuisse

469 4567 778 4639 adjectaque
838 4565 1093 4630 Simonis,
1129 4563 1442 4630 Marcionis,
1472 4563 1695 4620 Sabellii
1737 4574 1786 4619 et
1826 4565 1944 4618 Arii
1977 4566 2277 4620 nominibus
2304 4583 2324 4620 :
2356 4565 2495 4636 quod
2523 4567 2602 4620 ita
2631 4576 2834 4637 gestum
2859 4568 3026 4637 fuisse
3053 4568 3170 4622 ideo
3201 4580 3420 4639 pugnat,
3452 4571 3594 4640 quod
3626 4587 3727 4623 nte-

468 4662 690 4716 moratis
724 4659 918 4715 ibidem
947 4660 1213 4729 praedictis
1243 4660 1528 4725 haereticis,
1553 4676 1733 4714 eorum
1763 4675 1887 4713 mox
1913 4676 2120 4715 errores
2148 4670 2437 4723 recenseat,
2467 4660 2530 4716 de
2561 4660 2801 4717 Nestorii
2834 4680 2951 4718 vero
2987 4672 3037 4718 et
3071 4663 3327 4734 Eutychis
3356 4664 3649 4719 hwresibus
3668 4682 3725 4719 ne

468 4753 681 4808 verbum
724 4754 935 4825 quidem
981 4754 1166 4824 faciat.
1205 4753 1396 4808 Verum
1426 4753 1679 4823 fatemur,
1709 4750 1858 4805 nobis
1899 4751 2057 4819 plane
2096 4768 2201 4806 non
2237 4751 2452 4821 liquere,
2484 4767 2596 4806 esse
2623 4754 2858 4807 Nestorii
2889 4763 2938 4808 et
2966 4738 3218 4823 Eutychis
3242 4754 3461 4808 nomina
3489 4756 3589 4807 hoc
3617 4755 3722 4808 loco

467 4838 745 4920 adjec‘titia
778 4864 797 4903 :
831 4866 978 4913 nam,
1007 4859 1360 4920 praeterquam
1409 4847 1546 4917 quod
1593 4856 1805 4901 exstant
1834 4848 1889 4901 in
1918 4847 2122 4902 duobus
2162 4828 2429 4902 codicibus
2455 4849 2635 4918 regiis,
2666 4847 2735 4901 ad
2756 4866 2981 4919 quorum
3004 4850 3158 4919 [idem
3189 4850 3303 4904 lucc
3325 4849 3553 4905 homilia
3588 4852 3721 4905 edita

467 4945 603 5015 fuit;
629 4960 749 4998 cum
774 4944 1002 5013 scriptor
1038 4944 1134 4997 iste
1162 4950 1280 5011 post
1323 4940 1495 4995 allata
1523 4956 1615 4996 sea:
1642 4940 2118 4995 haeresiarcharum
2151 4944 2368 4997 nomina
2398 4943 2595 4997 multas
2624 4942 2846 4998 hwreses
2870 4953 3138 5008 memoret,
3164 4945 3329 4998 tacito
3359 4942 3720 4997 haereticorum

466 5039 697 5101 nomine,
720 5052 770 5092 υ.
814 5053 866 5106 g.
917 5034 1249 5097 Docitarum,
1278 5031 1788 5101 Apollinaristarum
1826 5031 2188 5101 aliorumque;
2221 5048 2350 5086 sane
2393 5032 2610 5087 innuere
2648 5034 2874 5096 videtur,
2908 5048 3236 5104 nequaquam
3275 5032 3380 5086 sibi
3420 5032 3475 5086 id
3519 5033 3719 5087 consilii

467 5133 656 5203 fuisse,
682 5140 740 5185 ut
777 5129 1068 5202 praemissis
1102 5126 1402 5183 nominibus
1431 5125 1692 5190 Simonis,
1734 5123 2053 5189 Marcionis,
2089 5124 2334 5189 Sabellii,
2362 5125 2502 5190 Arii,
2541 5126 2804 5191 Nestorii,
2840 5126 3119 5197 Eutychis,
3156 5125 3463 5180 earumdem
3492 5129 3715 5180 omnium

465 5223 687 5280 hereses
728 5223 911 5279 ordine
953 5231 1136 5290 postea
1179 5228 1516 5282 memoraret,
1543 5219 1633 5273 sed
1660 5219 1846 5273 allatis
1886 5229 2115 5288 quatuor
2150 5221 2388 5287 priorum
2432 5221 2725 5284 erroribus,
2750 5220 2980 5292 reliquas
3003 5219 3240 5289 deinceps
3283 5220 3510 5275 haereses
3532 5231 3591 5274 ut
3618 5233 3717 5274 sese

465 5318 733 5373 memoria:
761 5316 1045 5387 offerebant
1079 5315 1419 5370 recensuisse.
1452 5313 1604 5379 Quod
1631 5315 1810 5384 utique
1839 5314 2112 5383 prudentis
2142 5312 2352 5368 lectoris
2374 5314 2584 5385 judicio
2620 5319 2977 5386 permittatur.
3031 5313 3115 5369 Ad
3164 5314 3302 5379 haec,
3349 5315 3467 5370 alia
3516 5324 3712 5370 exstant

540 5496 557 5526 ⁸
595 5493 771 5550 Galat.
807 5508 883 5558 tv,
920 5493 975 5549 5.
1048 5495 1069 5526 ²
1107 5490 1266 5548 Joan.
1301 5506 1416 5555 xxv,
1456 5490 1544 5546 10.
1620 5489 1641 5521 ³
1679 5489 1812 5546 ibid.
1891 5489 1912 5521 "
1949 5487 2053 5545 lsa.
2093 5505 2146 5544 Ix
2170 5529 2186 5557 ,
2220 5489 2274 5546 6.
2351 5492 2372 5523 '
2409 5490 2558 5548 Psal.
2594 5509 2754 5559 uxr,
2791 5494 2848 5550 2.
2928 5495 2948 5526 ⁸
2984 5493 3121 5549 Luc.
3162 5509 3217 5561 ι,
3251 5492 3344 5549 52.

537 5670 613 5742 (8)
642 5669 703 5726 In
727 5667 1058 5726 Bibliotheca
1089 5667 1190 5724 PP.
1216 5676 1350 5723 tom.
1380 5667 1422 5733 l,
1451 5682 1503 5738 p.
1529 5666 1654 5720 496.
