3832 6216
133 304 237 361 973
1179 313 1459 370 HOMILIA
1499 314 1565 369 IN
1605 313 1983 374 OCCURSUM
2022 317 2286 377 DOMINI.
3255 330 3358 389 97L

130 446 185 499 in
224 446 318 543 hac
349 448 586 516 homilia,
617 467 734 521 qua
761 462 880 520 post
912 454 1147 510 Nestorii
1173 467 1380 512 atatem
1435 463 1785 530 conscriptam
1826 462 1978 517 illam
2026 472 2284 534 arguant;
2308 474 2369 519 ut
2394 475 2471 521 est
2499 465 2637 521 illud
2664 483 2880 523 numero
2915 468 2983 524 ιε
3008 469 3106 523 Διὰ
3138 470 3198 524 τὸ
3225 488 3361 543 χρη·-

134 540 353 636 ματίσαι
384 544 569 597 τοῦτον
595 545 725 600 Θεὸν
754 549 845 603 καὶ
878 549 1183 623 ἄνθρωπον,
1219 553 1350 624 μίαν
1379 554 1439 619 ἐξ
1495 556 1819 629 ἀμφοτέρων
1871 558 2186 624 ὑπόστασιν,
2219 560 2312 614 καὶ
2348 561 2437 615 διὰ
2486 564 2615 634 μιᾶς
2639 563 2843 636 ταύτης
2872 565 3037 636 ἄμφω
3064 540 3361 621 ταῦτακαὶ

130 634 255 733 δντα
300 640 394 733 καὶ
437 643 850 713 γνωριζόμενον.
883 645 949 700 Εῑ
995 648 1141 716 quod
1193 650 1266 705 sit
1318 666 1425 704 una
1468 650 1606 707 Deus
1649 668 1673 705 a

1784 669 1810 708 e
1851 655 2034 719 homo,
2070 670 2179 710 una
2217 672 2283 712 ex
2328 665 2561 728 utroque
2596 659 2927 731 bypostasis,
2978 675 3040 715 ac
3069 677 3166 733 per
3196 677 3358 716 unam

131 730 274 783 illam
316 730 690 805 (hypostasim)
721 744 1006 807 utrumque
1031 747 1114 793 est
1144 755 1206 794 ac
1239 741 1597 810 dignoscitur.
1634 744 1765 809 Qua:
1808 746 1926 800 licet
1964 764 2142 802 revera
2169 751 2239 804 sit
2260 748 2543 805 Athanasii
2590 730 2867 819 sententia,
2894 761 2948 806 at
2981 730 3361 810 vixvconcesse-

132 826 236 875 rim
265 823 610 880 Athanasium
636 827 715 880 his
742 844 857 881 eam
890 830 1202 897 explicuisse
1235 833 1424 889 verbis.
1463 833 1712 890 Indicant
1741 838 1866 891 item
1913 840 1967 892 in
1999 842 2295 908 posteriora
2327 840 2579 896 Nestorio
2607 852 2858 915 tempora,
2896 862 3014 916 qua:
3051 862 3267 901 numero
3294 845 3360 901 16

132 913 396 1007 dicuntur,
429 915 633 970 beatam
676 918 871 973 scilicet
926 920 1185 990 Virginem
1235 924 1423 993 ubique
1465 935 1726 980 terrarum
1754 928 2013 983 Θεοτόκον
2042 932 2236 986 vocari.
2270 932 2402 996 Quae
2434 949 2532 987 vos:
2561 913 2853 990 Athanasio
2892 913 3007 990 licet
3041 937 3224 1007 ignota
3257 953 3361 992 non

130 1002 331 1072 fuerit,
364 1015 418 1058 at
447 1023 549 1060 non
602 1018 715 1062 erat
768 1010 879 1080 ejus
925 1029 1031 1067 crvo
1079 1014 1263 1084 ubique
1286 1028 1550 1070 terrarum
1593 1021 1856 1090 evulgata.
1890 1019 2097 1092 Stylum
2126 1024 2172 1077 si
2205 1034 2424 1091 spectes,
2457 1026 2522 1078 ab
2567 1024 2935 1083 Athanasiano
2975 1002 3362 1083 alienissimum

128 1094 330 1197 fateare
350 1114 550 1197 necesse
576 1110 689 1164 est;
715 1117 834 1155 cum
867 1104 1007 1171 apud
1036 1106 1405 1172 Athanasium,
1443 1118 1569 1165 teste
1612 1112 1825 1175 Photio,
1858 1131 2060 1184 semper
2088 1119 2336 1184 emineat,
2365 1119 2426 1172 τὸ
2452 1119 2760 1192 ἀπέριττον,
2804 1139 2865 1176 ac
2909 1124 2957 1177 vi
3003 1124 3173 1194 magis
3202 1139 3361 1192 quant

128 1187 280 1252 copia
331 1187 599 1243 verborum
650 1192 739 1246 ille
778 1195 1026 1263 gaudeat.
1058 1197 1296 1268 Scriptor
1337 1211 1511 1257 autem
1544 1204 1641 1258 iste
1678 1206 1911 1276 aliquam
1950 1207 2069 1262 licet
2103 1210 2377 1279 elegantiae
2414 1187 2662 1280 prie/erat
2688 1215 2908 1282 speciem
2934 1254 2947 1278 ,
2988 1213 3057 1268 ad
3092 1187 3360 1285 ξρλυαρίαν

128 1296 291 1374 usque
318 1284 470 1338 verba
499 1304 633 1356 καῖρε
675 1290 1176 1365 multiplicat:quod
1205 1298 1458 1351 neminem
1491 1309 1615 1368 puto
1639 1318 1740 1355 non
1779 1301 2140 1357 adversarum.
2175 1305 2349 1359 Tanta
2380 1306 2594 1374 insuper
2621 1324 2802 1361 vocum
2828 1308 3120 1365 Athanasio
3148 1284 3362 1363 minime

126 1373 476 1475 familiarium
502 1384 650 1450 sylva
676 1382 758 1437 hic
775 1389 970 1454 passim
1001 1391 1252 1458 occurrit,
1282 1400 1340 1444 ut
1368 1394 1445 1448 vel
1464 1392 1585 1448 hinc
1610 1396 1781 1449 solum
1820 1399 2029 1464 νοθείας
2062 1402 2226 1470 possit
2248 1402 2377 1472 ferri
2401 1403 2665 1472 judicium
2692 1417 2711 1457 :
2737 1415 2792 1457 ut
2820 1411 2963 1468 sunt,
2994 1401 3360 1475 νυμφοστόλος

125 1472 357 1567 ᾼουκᾶς,
396 1476 860 1547 χοροστατοῦντος,
888 1483 1232 1557 ὲκφαντορία,
1252 1484 1651 1556 χειραπλοῦντι,
1684 1487 2047 1562 βρεφοφανής,
2082 1492 2444 1563 νεκροφανῶς,
2463 1493 2834 1565 θεοφύτευτος,
2867 1472 3150 1567 ὀμματύω.
3177 1504 3225 1551 et
3250 1495 3361 1549 alia

126 1564 251 1622 bene
281 1571 465 1635 multa,
490 1588 711 1643 quorum
752 1578 983 1631 omnium
1013 1580 1116 1632 vim
1142 1572 1199 1634 et)
1223 1580 1663 1651 signiﬁcationem
1701 1584 1757 1637 in
1784 1582 2135 1642 Onontastico
2162 1586 2376 1641 videsis.

1219 1802 1355 1856 ΤΟΥ
1392 1804 1482 1857 ΕΝ
1517 1806 1739 1860 ΑΓΙΟΙΣ
1771 1807 2041 1861 ΠΑΤΡΟΣ
2077 1809 2276 1869 ΗΜΩΝ

1420 1956 2054 2047 ΑΘΑΝΑΣΙΟΥ

236 2112 459 2185 )01’οΣ
504 2115 633 2168 ΕΙΣ
682 2117 829 2171 ΤΗΝ
869 2119 1219 2177 ΥΠΑΝΤΗΝ
1255 2125 1399 2179 ΤΟΥ
1432 2127 1733 2190 ΚΥΡΙΟΥ,
1770 2131 1907 2183 ΚΑΙ
1955 2131 2168 2196 ΘΕΟΥ,
2221 2129 2356 2184 ΚΑΙ
2403 2129 2737 2185 ΣΩΊἨΡΟΣ
2779 2130 2992 2186 ΗΜΩΝ
3035 2129 3260 2186 ΙΗΣΟΥ

1035 2216 1041 2224 ’
1577 2220 1906 2273 ΧΡΙΣΤΟΥ.
3058 2216 3063 2221 ’

1135 2479 1232 2568 S.
1313 2481 1417 2567 P.
1496 2482 1613 2569 N.
1694 2481 2342 2572 ATHANASII

316 2645 564 2706 SERMO
599 2648 691 2704 IN
729 2648 1116 2709 OCCURSUM
1158 2651 1442 2710 DOMINI
1481 2620 1621 2710 DEI.
1668 2654 1761 2711 AC
1800 2653 2261 2715 SALVATORIS
2307 2655 2590 2715 NOSTRI
2622 2655 2806 2717 IESU
2839 2658 3163 2716 CHRISTI.

190 2872 245 2926 1.
277 2872 357 2927 Τὰ
388 2876 485 2945 τῆς
516 2872 794 2946 παρούσης
820 2876 970 2948 ἱερᾶς
1003 2878 1358 2950 πανηγύρεως
1392 2882 1425 2949 ἡ
1453 2880 1673 2949 εὐαγγε-

1858 2883 1909 2937 l.
1976 2880 2301 2937 Praesentem
2361 2895 2572 2935 sacram
2630 2880 3030 2937 solemnitatem
3102 2890 3359 2952 personet

112 2964 243 3036 λικὴ
270 2965 499 3034 σάλπιγξ
520 2967 845 3039 περιηχείτω
863 2969 936 3039 (9)
965 2985 978 2999 ·
1000 2970 1092 3022 καὶ
1119 2971 1244 3035 τοὺς
1272 2970 1350 3042 τῷ
1395 2971 1673 3044 ναρθενικῷ

1785 2972 2096 3044 evangelica
2121 2971 2271 3026 tuba.
2302 2969 2672 3041 Mysticusque
2712 2970 3024 3039 nuptiarum
3063 2970 3359 3029 adornatur

109 3056 254 3126 τῷδε
284 3056 529 3128 νυμφῶνι
580 3059 638 3124 ἐξ
679 3058 1001 3131 εἰλικρινοῦς
1040 3060 1276 3124 διανοίας
1306 3062 1685 3132 παραστάντας

111 3150 267 3218 ἡμᾶς
297 3149 325 3202 ὁ
356 3149 614 3219 μυστικὸς
646 3150 1006 3220 νυμφοστόλος
1038 3153 1252 3214 Λουκᾶς
1276 3152 1411 3223 πρὸς
1449 3154 1548 3224 τὴν
1577 3154 1684 3207 τῶν

110 3241 175 3292 ὲν
205 3239 354 3309 αὑτῷ
399 3239 577 3295 καλῶν
616 3242 941 3311 κατανόησιν
964 3241 1042 3312 τῷ
1082 3242 1224 3313 λόγῳ
1252 3244 1679 3314 χειραγωγείτω.

109 3331 253 3385 Οὐδὲ
285 3333 393 3402 γὰρ
422 3333 585 3395 ὅσιον,
628 3332 792 3386 αὐτοῦ
836 3335 1284 3404 χοροστατοῦντος
1325 3334 1394 3389 τὰ
1442 3338 1560 3389 κατ’
1588 3337 1683 3391 αὐ-

108 3422 211 3493 τὴν
242 3423 373 3492 (10),
418 3424 600 3496 ἕτερόν
639 3440 760 3477 τινα
802 3423 958 3493 λόγον
997 3424 1194 3490 ἔξωθεν
1230 3416 1680 3499 παρεισάγεσθαι,

109 3515 389 3586 μηδεμίαν
417 3516 514 3587 μὲν
535 3515 886 3587 εὐπρέπειαν,
909 3517 1007 3570 οὐκ
1034 3517 1210 3585 ὀλίγον
1232 3517 1289 3570 δὲ
1314 3518 1485 3591 ταύτῃ
1508 3518 1569 3571 τὸ
1597 3514 1682 3572 αἷ-

106 3624 244 3678 σχος
284 3607 748 3680 περιποιούμενον.
797 3609 883 3672 Ὠς
918 3610 1044 3683 γὰρ,
1088 3609 1239 3680 ἡλίου
1278 3609 1533 3681 καθαρῶς
1566 3612 1684 3664 ἐπι-

102 3699 443 3769 λάμποντος,
499 3701 700 3770 ματαία
751 3718 832 3764 τις
882 3702 915 3771 ἡ
964 3700 1057 3754 τοῦ
1106 3701 1298 3772 λύχνου
1356 3701 1551 3770 φαῦσις
1587 3703 1682 3755 καὶ

101 3792 421 3862 ἄχρηστος·
469 3790 640 3856 οὕτως
688 3791 815 3846 ἔνθα
864 3794 1098 3857 Λουκᾶς,
1152 3794 1185 3865 ἢ
1238 3793 1394 3857 ἄλλος
1442 3811 1525 3857 τις
1572 3793 1682 3848 τῶν

99 3881 509 3949 εὐαγγελιστιῖω
562 3884 862 3955 ἀπηχήσειε
884 3922 899 3949 ,
960 3884 1068 3947 πᾶς
1117 3882 1271 3953 λόγος
1332 3883 1533 3955 ἀργὸς,
1586 3883 1681 3937 καὶ

98 3975 447 4045 προσκορὴς,
482 3975 574 4028 καὶ
603 3975 876 4044 ἀνόνητος.
905 3974 1122 4042 Λεγέτω
1143 3974 1207 4050 δὴ
1236 3968 1386 4037 οὗτος
1427 3973 1527 4043 τῆς
1556 3974 1681 4045 ἑορ-

94 4064 207 4134 τῆς
248 4064 318 4116 τὰ
347 4064 720 4135 γνωρίσματα,
755 4065 849 4120 καὶ¹
877 4065 1136 4119 δεικνύτω
1168 4064 1374 4136 ταύτην
1405 4064 1514 4133 (ll)
1541 4063 1680 4134 μᾶλ-

94 4155 199 4208 λον
226 4157 339 4218 τοῖς
368 4155 665 4228 φιλεόρτοις
686 4159 717 4226 ἡ
726 4156 866 4227 μῖνῆ
899 4159 1011 4221 τοῖς
1034 4155 1411 4226 φιλοπολέμοις
1441 4153 1540 4217 τὰς
1575 4170 1682 4206 πα-

1784 3062 1982 3126 Lucas,
2022 3077 2123 3118 nos
2162 3062 2255 3132 qui
2303 3061 2554 3132 virginali
2595 3061 2788 3116 huicce
2829 3061 3139 3131 nuptiarum
3182 3061 3357 3116 thala-

1784 3169 1875 3209 mo
1913 3169 2049 3223 pura
2079 3159 2260 3208 mente
2289 3153 2647 3216 intersumus,
2671 3151 2856 3207 verbis
2882 3153 2996 3206 suis
3021 3152 3252 3207 deducat
3289 3153 3357 3207 ad

1783 3242 2198 3313 intelligentiam
2263 3240 2531 3295 bonorum
2589 3240 2645 3293 in
2695 3254 2762 3294 eo
2798 3238 3198 3294 exsistentium.
3237 3235 3357 3292 Non

1782 3335 1938 3391 decet
1970 3335 2136 3399 enim,
2171 3332 2240 3387 ad
2269 3346 2334 3389 ea
2368 3332 2622 3387 initiante
2670 3329 2816 3385 Luca
2837 3372 2853 3398 ,
2887 3331 3050 3384 alium
3090 3329 3360 3385 extrinse-

1783 3442 1882 3483 cus
1920 3426 2203 3482 admittere
2255 3438 2585 3489 sermonem,
2627 3422 2769 3478 unde
2811 3422 2915 3492 ipsi
2953 3420 3169 3477 decoris
3232 3421 3357 3492 qui-

1782 3521 1904 3577 dem
1933 3519 2088 3585 nihil,
2128 3533 2231 3574 nec
2252 3516 2525 3571 modicum
2562 3513 2749 3584 probri
2777 3513 3052 3568 all‘eratur.
3079 3512 3354 3579 Quemad-

1782 3610 2005 3666 modum
2043 3608 2189 3664 enim
2229 3607 2343 3663 sole
2380 3606 2582 3662 clarius
2622 3605 2857 3671 lucente,
2888 3619 3063 3660 vanus
3115 3605 3355 3660 inutilis-

1781 3714 1887 3770 que
1927 3699 2160 3754 lucernae
2191 3695 2405 3767 fulgor;
2444 3697 2521 3749 ita
2558 3694 2649 3749 ubi
2687 3691 2882 3759 Lucas,
2924 3700 3018 3746 aut
3055 3693 3179 3763 quis
3214 3694 3355 3749 alius

1781 3788 2237 3858 evangelistarum
2301 3790 2595 3855 personat,
2661 3797 2842 3838 sermo
2900 3781 3080 3852 quivis
3141 3781 3354 3837 otiosus

1780 3879 1944 3951 356
1961 3886 2066 3943 est,
2098 3878 2384 3942 molestus,
2424 3874 2763 3945 inutilisque.
2802 3872 3084 3944 Loquatur
3106 3888 3237 3943 ergo
3264 3873 3355 3928 ille

1782 3978 1842 4025 ut
1877 3985 1979 4026 nos
2017 3968 2086 4023 ad
2128 3967 2438 4024 festivitatis
2492 3964 2742 4020 notitiam
2803 3964 3057 4019 deducat.
3111 3962 3354 4033 Eamque

1781 4061 1939 4118 nobis
1988 4060 2112 4117 festi
2159 4058 2503 4123 amantibus,
2532 4056 2776 4127 apertius
2825 4070 2987 4125 quam
3043 4055 3186 4110 tubae
3226 4056 3350 4110 belli

1781 4154 1994 4224 cupidis
2028 4154 2325 4208 instructas
2366 4150 2533 4214 acies,
2565 4148 2837 4204 ostendat.
2872 4145 3039 4202 Plane
3076 4147 3349 4218 loquetur,

99 4246 364 4320 μτάξεις
403 4249 460 4300 αἱ
491 4248 806 4317 σάλπιγγες.
846 4249 1003 4315 Λέξει
1040 4249 1096 4301 δὲ
1136 4249 1351 4310 πάντως
1394 4245 1486 4300 καὶ
1514 4243 1673 4308 δείξει

1784 4245 2064 4316 perspicue
2083 4243 2374 4299 admodum
2396 4239 2666 4304 ostendet,
2690 4254 2878 4295 aurem
2904 4239 3066 4294 modo
3093 4239 3351 4295 benevole

97 4339 258 4410 μάλα
280 4339 510 4410 τρανῶς,
543 4340 711 4409 ἀκοὴν
747 4338 900 4410 ἡμῶν
943 4337 1299 4392 ὑποτιθέντων
1337 4334 1678 4406 εὐγνώμονα.

89 4429 213 4482 Καὶ
243 4428 307 4500 δὴ
342 4429 688 4499 προσεκτέον,
725 4430 817 4482 καὶ
846 4428 996 4501 πάσῃ
1030 4428 1241 4499 φυλακῇ
1274 4425 1557 4498 τηρητέον,
1589 4424 1676 4477 ἵνα

92 4520 201 4592 μὴ,
235 4522 537 4592 κατήγορον
579 4520 669 4574 τὸν
699 4522 994 4592 συνήγορον
1043 4521 1138 4574 καὶ
1167 4518 1357 4591 κριτὴν
1401 4518 1490 4571 τὸν
1532 4532 1675 4569 παν-

85 4611 407 4683 ηγυριστὴν
431 4611 790 4682 παραφρόνως
811 4611 1273 4680 ἀπεργασάμενοι,
1293 4604 1677 4689 ,μεταμελετῶ-

88 4717 203 4774 μεν
235 4699 348 4769 (12)
372 4701 460 4752 ἐπ’
485 4700 747 4770 ἐσχάτων,
778 4698 914 4768 πλὴν
939 4698 1188 4767 ἀνωφελῆ
1219 4698 1312 4751 καὶ
1342 4698 1591 4766 ἀνόνητα.

166 4789 227 4843 2.
271 4807 289 4839 ι
330 4789 625 4859 Ἀνήγαγον
653 4806 671 4839 ι
702 4789 749 4841 oi
776 4791 950 4856 γονεῖς
979 4787 1039 4840 τὸ
1074 4787 1280 4841 παιδίον
1313 4788 1519 4858 Ἰησοῦν
1552 4810 1570 4841 ι
1595 4792 1675 4855 είς

98 4878 459 4950 Ἱεροσόλυμα
483 4879 843 4950 ’παραστῆσαι
883 4877 960 4949 τῷ
987 4879 1194 4950 Κυρίῳ,
1245 4879 1424 4943 καθὼς
1471 4881 1675 4953 γέγρα-

84 4988 234 5025 πται
279 4973 336 5024 ἐν
381 4972 529 5043 νόμῳ
553 4971 776 5043 Κυρίου.
819 4990 838 5023 ι
885 4971 980 5035 Τίς
1004 4970 1068 5025 ἂν
1096 4972 1332 5040 ἐφίκοιτο
1372 4972 1528 5040 λόγος
1563 4972 1671 5026 τῶν

82 5061 440 5132 λεγομένων;
487 5062 642 5126 Ποῖος
691 5061 814 5125 νοῦς
859 5063 917 5115 ὲν
964 5063 1212 5134 περινοίᾳ
1255 5061 1349 5117 τοῦ
1391 5062 1669 5133 θαύματος

84 5151 483 5223 περιγένηται;
528 5154 661 5206 Ποία
706 5154 842 5226 ἀκοὴ
876 5153 937 5208 τὸ
980 5155 1261 5227 μεγαλεῖον
1304 5158 1544 5229 χωρήσει
1570 5154 1663 5209 τοῦ

80 5244 468 5314 διηγήματος;
500 5247 565 5298 Ὦ
588 5244 696 5300 τῶν
724 5245 970 5318 φοϐερῶν
1003 5247 1394 5318 ἀκουσμάτωνι
1434 5248 1491 5300 '0
1531 5263 1666 5319 προ-

164 5399 186 5429 ⁷
208 5396 345 5452 Luc.
370 5414 429 5463 ll,
461 5398 551 5453 22.

166 5554 247 5625 (9)
281 5552 418 5622 Reg.
439 5553 496 5617 2,
518 5556 880 5679 περιηέεἶται.

166 5630 178 5679 t
196 5624 282 5679 I0)
320 5624 398 5677 Ita
426 5624 567 5679 Rea;
596 5625 647 5679 1.
723 5622 970 5679 ombells.
997 5621 1153 5679 omisi

163 5619 282 5694 (Ib)
320 5619 398 5696 Ιιᾷ
426 5624 567 5696 Reg;
592 5619 647 5679 't.
672 5619 970 5681 Combells.
997 5621 1183 5680 omisit
1214 5621 1303 5678 τά.
1335 5619 1470 5694 Reg.
1506 5621 1563 5691 2,
1594 5622 1666 5678 τὰ

76 5693 214 5749 κατ’
260 5693 440 5747 αὐτόν.

1779 4338 2134 4408 praebeamus.
2169 4333 2485 4389 Curandum
2508 4332 2655 4387 enim
2688 4338 2854 4402 atque
2898 4330 3046 4385 omni
3091 4331 3351 4387 sollicitu-

1777 4428 1904 4484 dine
1939 4427 2262 4487 cavendum,
2288 4433 2351 4479 ut
2381 4440 2450 4480 ne
2476 4430 2765 4495 patronum
2791 4431 3183 4488 accusatorem,
3220 4441 3351 4479 con-

1777 4520 2218 4589 cionatoremque
2238 4516 2479 4586 judicem
2503 4516 2700 4572 stolide
2735 4513 3057 4579 efﬁcientes,
3081 4515 3350 4585 paeniten-

1776 4612 1853 4665 tia
1890 4610 2112 4666 tandem
2149 4609 2276 4664 licet
2306 4608 2485 4664 inutili
2513 4616 2568 4663 et
2605 4607 2943 4664 infructuosa
2989 4607 3275 4663 ducamur.

1840 4789 1896 4843 2.
1942 4806 1963 4840 ι
2009 4786 2276 4843 Tulerunt
2319 4805 2338 4839 ι
2382 4791 2634 4855 parentes
2684 4799 2914 4856 puerum
2964 4782 3172 4848 Iesum,
3224 4801 3244 4836 ι
3290 4784 3344 4839 in

1773 4878 2098 4943 Jerusalem,
2150 4884 2211 4932 ut
2265 4875 2522 4933 sisterent
2557 4890 2680 4930 eum
2725 4866 2977 4939 Domino,
3022 4875 3167 4930 sicut
3206 4874 3344 4929 scri-

1777 4981 1926 5039 ptum
1959 4978 2043 5025 est
2081 4970 2133 5023 in
2182 4970 2298 5039 'ege
2336 4967 2610 5022 Domini".
2643 4985 2662 5018 »
2706 4966 2840 5033 Quis
2898 4980 3078 5020 sermo
3114 4979 3179 5020 ea
3222 4979 3343 5034 quae

1774 5062 2086 5117 dieta.sunt
2124 5060 2484 5130 assequatur?
2521 5058 2653 5125 Quae
2688 5073 2843 5113 mens
2891 5073 3007 5112 rem
3053 5056 3127 5111 ita
3177 5057 3345 5112 mira-

1770 5154 1931 5210 bilem
1977 5152 2407 5222 complectatur?
2438 5150 2574 5218 Quis
2610 5151 2831 5205 auditus
2878 5156 3085 5204 tantam
3111 5151 3343 5220 excipiet

1770 5243 2178 5299 narrationem?
2212 5239 2257 5296 Ο
2288 5243 2624 5297 tremendam
2681 5242 2997 5297 lectionem!
3053 5241 3342 5313 Antiquior

1839 5550 1960 5631 (Ηλ
1986 5548 2064 5605 lta
2096 5549 2389 5631 Combeﬁs.
2422 5551 2539 5631 l_)uo
2562 5552 2948 5631 mss._hab_ent,
2973 5553 3168 5631 ταύτῃ.
3188 5552 3340 5614 Infra

1770 5620 2113 5695 Reguli).me
2142 5623 2418 5695 πολέμοις,
2439 5624 2601 5695 habet
2631 5622 3035 5695 φιλοπολέμοις.

1843 5690 1955 5762 (l2)
1982 5690 2117 5763 Reg.
2144 5691 2201 5757 2,
2241 5690 2701 5765 μεταμελητῶμεν
2729 5693 2848 5765 μέν.
