3832 6216
476 326 584 382 975

1613 326 1672 381 S.
1713 325 2177 384 ATHANASIUS.
2215 355 2287 369 -
2326 326 2609 385 SPURIA.

3653 315 3751 370 97G

477 438 715 502 saeculis,
749 451 924 493 novus
958 456 972 493 :
1013 439 1106 509 qui
1147 446 1275 495 ante
1303 448 1521 512 tempus
1548 440 1673 508 fuit,
1698 441 1754 496 in
1779 451 2052 513 tempore:

2163 441 2381 506 αιώνιος
2412 442 2727 514 πρόσφατος
2748 456 2761 470 ο
2797 438 2904 492 ὑπὸ
2939 436 3131 510 χρόνον
3156 438 3184 490 ὁ
3218 434 3452 506 ἄχρονος
3474 448 3487 460 ·
3512 432 3576 484 ὲν
3605 448 3752 497 περι-

478 531 535 585 in
592 531 1136 602 circumscriptione,
1192 533 1287 603 qui
1344 533 1856 604 incircumscriptus
1906 543 1992 589 est
2043 554 2055 588 :

477 631 717 677 :eternus
753 621 867 686 ille,
916 621 1100 677 infans
1143 643 1157 677 :
1192 624 1448 695 quodque
1484 624 1780 678 maximum
1819 633 1924 688 est,
1966 624 2060 680 Dei

479 714 670 781 Filius,
700 712 942 770 hominis
969 713 1140 771 Filius
1177 716 1415 770 efﬁcitur
1435 724 1598 786 atque
1627 716 1890 771 creditur.
1917 715 2059 783 Quid

478 810 626 876 novi,
662 809 793 879 quid
825 809 1069 864 insolens
1107 809 1278 863 illud?
1313 810 1443 875 Quae
1497 808 1684 864 isthaec
1713 816 1863 862 tanta
1894 807 2059 863 Verbi

478 917 604 972 erga
632 916 735 956 nos
779 902 1195 972 attemperatio?
1218 900 1486 956 Tulerunt
1514 909 1770 972 parentes
1805 917 2055 972 puerum.

479 991 621 1058 Quid
657 992 761 1059 ais,
797 1007 1081 1047 sacrorum
1109 992 1570 1062 evangelistarum
1599 991 2058 1047 excellentissime

478 1093 533 1139 et
570 1084 1004 1156 sapientissime!
1038 1084 1180 1149 Quid
1220 1083 1457 1155 profers,
1491 1098 1524 1138 ο
1553 1084 1794 1139 cmlestis
1841 1085 2058 1154 exposi-

479 1177 647 1231 tionis
684 1185 969 1232 enarrator
1006 1184 1061 1231 et
1098 1177 1393 1248 magister?
1422 1176 1564 1243 Quid
1597 1176 1831 1247 profers,
1872 1194 1904 1232 o
1941 1194 2057 1248 my-

480 1267 615 1321 ειὶοθ
634 1267 1027 1338 cogitationum
1052 1265 1290 1336 Spiritus
1312 1267 1646 1338 descriptor?
1669 1267 1741 1323 De
1764 1267 1869 1322 Deo
1893 1270 2056 1322 verba

481 1352 615 1410 facis
640 1368 694 1408 et
720 1354 945 1409 localem
967 1369 1237 1411 memoras
1263 1357 1590 1413 transitum?
1620 1356 1740 1412 Vin‘
1761 1367 1839 1423 tu,
1866 1366 2054 1412 natum

476 1465 543 1504 ex
594 1448 844 1520 Virgine,
915 1449 1112 1504 Filium
1169 1448 1265 1506 Dei
1323 1453 1391 1505 ad
1468 1451 1604 1507 fines
1663 1468 1835 1525 usque
1893 1460 2055 1506 terra:

476 1540 778 1607 declarare,
803 1557 868 1597 ac
897 1544 1150 1599 carnales
1189 1546 1244 1598 in
1274 1545 1514 1599 medium
1537 1544 1731 1600 afferre
1758 1546 2055 1616 parentes?

473 1631 617 1687 Num
655 1632 750 1688 Dei
804 1650 1005 1703 parens
1043 1635 1098 1688 in
1138 1641 1286 1689 terra
1348 1650 1580 1704 usquam
1646 1634 1909 1689 habetur?
1968 1635 2053 1688 An

476 1732 731 1797 parentes
754 1725 897 1782 Deus
927 1727 1126 1781 habet?
1150 1726 1233 1779 An
1263 1725 1446 1781 infans
1474 1727 1600 1781 est?
1630 1725 1769 1781 Num
1808 1735 2053 1798 gestatur

2161 533 2319 606 λήψει
2342 537 2370 588 ό
2402 534 2772 605 ἀπερίληπτος
2797 547 2810 559 ·
2850 533 2879 584 ὁ
2905 531 3079 592 ἀΐδιος
3116 529 3309 599 νήπιος
3335 542 3349 556 ο
3382 520 3445 577 rb
3477 522 3748 594 μέγιστον,

2160 628 2189 679 ό
2216 626 2341 690 Υἱὸς
2364 625 2458 679 τοῦ
2492 625 2629 679 Θεοῦ
2656 623 2785 687 Υἱὸς
2826 621 3116 694 ἀνθρώπου
3147 622 3241 673 καὶ
3282 614 3491 687 γίνεται
3536 616 3634 669 καὶ
3666 633 3747 667 πι-

2162 710 2429 773 στεύεται.
2483 718 2549 771 Τί
2603 719 2662 772 τὸ
2715 716 2887 782 ξένον,
2935 716 2989 769 τί
3045 714 3106 768 τὸ
3170 711 3507 785 παράδοξον;
3569 709 3669 771 Τίς
3716 710 3743 776 ἠ

2159 811 2395 882 τοσαύτη
2438 809 2531 864 τοῦ
2573 811 2747 878 Λόγου
2793 809 2923 879 περί
2955 809 3104 879 ἡμᾶς
3153 802 3563 873 ωγκατάὸασις
3607 800 3743 870 (15);

2172 903 2470 974 Ἀνήγαγον
2501 903 2550 956 οἱ
2599 905 2779 972 γονεῖς
2819 901 2881 954 rb
2924 900 3155 954 παιδίον.
3203 898 3269 951 Τί
3318 896 3521 962 λέγεις,
3558 887 3605 945 ὧ
3646 891 3745 943 τῶν

2160 994 2321 1067 ἱερῶν
2349 994 2753 1063 εὐαγγελιστῶν
2775 991 3075 1062 ἐξοχώτατε
3106 991 3199 1044 καὶ
3226 986 3505 1057 σοφώτατε
3530 1003 3545 1049 ;
3574 985 3639 1037 Τί
3666 982 3743 1036 λέ-

2157 1105 2295 1157 γεις,
2329 1081 2374 1141 ὧ
2416 1089 2519 1157 τῆς
2560 1087 2819 1158 οὐρανίας
2848 1084 3211 1155 ἐκφαντορίας
3253 1080 3497 1151 ἐξηγητὰ
3539 1077 3634 1131 καὶ
3672 1074 3744 1128 δι-

2157 1181 2428 1247 δάσκαλε;
2461 1181 2526 1234 Τί
2557 1180 2757 1248 λέγεις,
2791 1173 2836 1232 ὧ
2881 1177 3109 1248 μυστικὲ
3152 1174 3459 1244 λογογράφε
3485 1170 3596 1225 τῶν
3623 1186 3738 1238 νοη-

2161 1272 2345 1343 μάτων
2367 1272 2459 1326 τοῦ
2490 1269 2837 1342 Πνεύματος;
2869 1269 3006 1339 Περὶ
3037 1265 3172 1319 Θεοῦ
3201 1263 3446 1334 διαλέγῃ.
3471 1263 3567 1315 καὶ
3594 1277 3740 1313 τοπι-

2156 1365 2258 1435 κῆς
2288 1362 2641 1435 μεταϐάσεως
2674 1360 2984 1432 μέμνησαι;
3011 1357 3141 1410 Υἱὸν
3165 1354 3301 1408 Θεοῦ
3331 1355 3422 1406 τὸν
3449 1356 3514 1406 ἐκ
3541 1347 3740 1423 Παρθέο

2157 1473 2248 1509 νου
2298 1453 2556 1525 τεχθέντα
2601 1451 2779 1524 βούλει
2822 1448 3189 1521 διατρανῶσαι
3234 1449 3349 1510 τοῖς
3396 1444 3618 1515 πέρασι,
3652 1441 3742 1494 καὶ

2158 1549 2453 1620 σαρκικοὺς
2479 1547 2560 1609 εἰς
2586 1544 2747 1616 μέσον
2779 1542 3050 1614 παράγεὶς
3071 1541 3246 1608 γονεῖς
3272 1537 3418 1602 ;Κα“ι
3445 1534 3588 1587 ἔστιν
3611 1533 3740 1595 ὅλως

2155 1639 2289 1693 Θεοῦ
2319 1640 2511 1707 γονεὺς
2557 1636 2649 1689 ἐπί
2680 1639 2779 1708 τῆς
2817 1635 2923 1704 γῆς
2951 1650 2965 1697 ;
2999 1634 3069 1686 Ἢ
3106 1632 3216 1702 ἔχει
3256 1632 3435 1699 γονεῖς
3476 1628 3642 1692 Θεόςς
3672 1628 3740 1679 Ἦ

2157 1730 2408 1804 νηπιάζει
2445 1729 2612 1793 Θεὸς;
2639 1729 2710 1780 Ἢ
2738 1725 3064 1797 βαστάζεται
3094 1724 3201 1777 ὐπὸ
3225 1721 3428 1791 γονέων
3451 1720 3584 1783 Θεός
3609 1736 3622 1781 ;
3649 1719 3740 1779 Τίς

479 1789 621 1875 Deus
658 1833 688 1873 a
730 1819 1086 1889 parentibus?
1122 1819 1256 1885 Quis
1290 1834 1474 1875 sermo
1501 1820 1631 1874 ille?
1657 1789 1836 1890 quod-
1852 1832 2052 1891 myste-

2156 1825 2184 1875 ὁ
2211 1789 2404 1890 λόγος,
2447 1821 2498 1875 τί
2650 1789 2990 1891 μυστήριον;
3030 1789 3333 1885 Ἀνήγαγον
3378 1814 3429 1868 οἰ
3470 1816 3644 1882 γονεῖς
3683 1812 3740 1864 τὺ

476 1912 658 1967 rium?
710 1910 977 1967 Tulerunt
1019 1921 1274 1983 parentes
1312 1928 1539 1983 puerum
1577 1933 1590 1968 :
1624 1915 1824 1984 quibus
1882 1915 2057 1967 mani-

476 2003 617 2057 bus?
649 2003 850 2072 quibus
894 2012 1171 2073 gestantes
1206 2003 1390 2059 ulnis?
1433 2003 1698 2059 Tremunt
1748 2006 2053 2067 cherubim,

474 2094 685 2149 vultum
712 2105 965 2150 avertunt
991 2096 1289 2167 serapbim,
1330 2096 1556 2152 horrent
1595 2098 1796 2167 angeli,
1837 2105 2055 2168 stupent

474 2188 808 2257 archangeli,
842 2204 1140 2261 omnesque
1190 2189 1453 2244 caelorum
1497 2192 1752 2249 virtutes.
1795 2199 1941 2244 metu
1972 2191 2054 2244 fa-

473 2279 613 2333 ciem
659 2279 961 2350 obtegunt;
1011 2288 1067 2335 et
1115 2289 1174 2336 tu
1213 2283 1472 2337 mortales
1498 2282 1715 2337 inducis
1744 2282 2052 2336 materiales

471 2370 566 2441 qui
605 2376 837 2441 gestent,
869 2370 973 2440 qui
1007 2378 1281 2437 moveant,
1306 2371 1401 2440 qui
1439 2369 1834 2425 circumferant
1865 2371 2054 2424 illum?

473 2461 630 2529 Quod
663 2463 1028 2518 miraculum?
1066 2463 1199 2528 Quae
1239 2464 1369 2518 res?
1411 2462 1560 2533 quod
1613 2461 2054 2517 arcanumYTu-

472 2557 654 2611 lerunt
691 2562 947 2626 parentes
986 2571 1214 2626 puerum
1253 2574 1267 2610 :
1314 2555 1430 2609 haec
1472 2555 1619 2610 enim
1677 2553 1865 2611 dixisti
1927 2570 2052 2609 cum

472 2648 809 2702 nativitatem
858 2648 1020 2703 nobis
1073 2662 1363 2703 enarrares
1396 2666 1411 2701 :
1448 2662 1512 2702 ea
1550 2647 1752 2717 quippe
1780 2646 1849 2702 de
1886 2661 2053 2702 causa

473 2740 697 2810 angelos
727 2739 1013 2803 induxisti,
1055 2748 1246 2794 natum
1293 2739 1457 2794 simul
1490 2750 1544 2793 et
1580 2740 1760 2793 locum
1797 2739 1918 2809 ejus
1956 2754 2052 2810 pa-

473 2831 718 2887 storibus
745 2830 1091 2886 declarantes
1114 2839 1277 2900 atque
1311 2831 1690 2885 renuntiantes
1724 2848 1738 2883 :
1773 2831 2053 2884 caelestem

472 2936 692 2993 quoque
729 2921 877 2975 illam
912 2921 1338 2986 multitudinem,
1382 2923 1491 2975 alta
1536 2936 1671 2977 voce
1725 2920 2052 2975 clamantem

473 3015 627 3070 hisce
672 3013 856 3069 verbis
892 3026 906 3068 :
947 3031 967 3065 ι
1021 3012 1206 3069 Gloria
1244 3014 1301 3068 in
1345 3013 1631 3068 altissimis
1684 3012 1816 3078 Deo,
1868 3018 1923 3065 et
1993 3010 2052 3065 in

473 3113 618 3160 terra
659 3105 819 3176 pax”.
858 3124 877 3157 ι
910 3102 1352 3176 Puerperamque
1401 3104 1690 3175 diligenter
1723 3104 1906 3159 omnia
1954 3104 2052 3159 ob-
2079 3135 2118 3188 ί)

474 3204 806 3259 servantem,
839 3209 902 3249 ac
931 3209 1055 3249 cum
1083 3195 1410 3265 virginitatis
1439 3193 1738 3265 signaculis
1764 3192 2053 3248 conferen-

474 3286 618 3341 tem?
660 3283 848 3348 Plane,
881 3284 1078 3355 inquit,
1114 3299 1182 3339 ne
1232 3291 1290 3338 tu
1356 3284 1681 3338 miraculum
1731 3282 1915 3346 modo,
1958 3281 2053 3338 sed

471 3377 833 3436 oeconomiam
873 3391 1090 3448 quoque
1114 3376 1326 3446 respice
1355 3394 1370 3431 :
1402 3391 1579 3447 neque
1607 3376 1752 3430 enim
1786 3373 1951 3444 Deus,
1985 3392 2052 3432 ex

471 3476 670 3522 natura
721 3482 842 3530 sua,
881 3467 1063 3523 nudus
1101 3476 1161 3521 ut
1193 3465 1375 3522 infans
1412 3472 1658 3530 curatur,
1691 3474 1746 3519 et
1791 3465 2052 3522 maternis

470 3556 951 3612 circumscribitur
1004 3557 1186 3623 ulnis;
1240 3556 1335 3611 sed
1410 3554 1695 3610 mortalem
1754 3555 2053 3625 assumpsit

471 3657 750 3712 naturam,
782 3649 893 3704 imo
928 3650 1110 3720 potius
1148 3664 1340 3704 revera
1386 3648 1551 3703 homo
1588 3644 1765 3703 factus
1791 3655 1895 3713 est,
1927 3663 2056 3718 pec-

470 3739 577 3795 cati
607 3740 734 3794 licet
766 3755 984 3809 expers.
1013 3738 1318 3805 Quomodo,
1352 3753 1526 3810 quave
1557 3738 1807 3795 ratione?
1830 3738 2053 3810 Nequeo

471 3833 675 3896 dicere,
697 3832 1179 3899 ait,inenarrabile
1211 3833 1412 3903 quippe
1443 3841 1496 3887 et
1522 3847 1750 3903 prorsus
1785 3832 2053 3887 ineffabile

470 3926 605 3981 illud
637 3937 756 3994 est;
784 3942 895 3982 non
920 3927 1054 3982 mihi
1085 3927 1266 3991 modo,
1296 3942 1479 3982 verum
1507 3927 1611 3997 ipsi
1640 3942 1857 3997 quoque
1892 3942 2055 3996 puer-

468 4034 643 4091 perae;
689 4020 802 4074 imo
851 4018 1029 4090 neque
1081 4020 1186 4090 ipsi
1246 4018 1432 4083 modo,
1482 4017 1780 4072 humanam
1817 4018 1959 4073 enim
1998 4026 2053 4073 et

472 4111 591 4182 ipsa
635 4121 891 4166 naturam
943 4112 1137 4168 sortita
1168 4119 1272 4175 est,
1305 4111 1526 4167 tametsi
1584 4111 1759 4183 gratia
1813 4096 2052 4167 hominis

469 4200 840 4257 conditionem
879 4211 1194 4274 superante,
1219 4194 1456 4267 donata;
1492 4200 1588 4257 sed
1617 4202 1780 4257 etiam
1809 4204 2053 4257 materiae

469 4294 682 4362 experti
714 4300 946 4356 naturae,
980 4308 1101 4362 qua:
1128 4300 1213 4348 est
1248 4300 1373 4363 post
1402 4291 1633 4363 primam
1661 4292 1853 4362 prima.
1895 4291 2051 4358 Quod

471 4382 519 4437 si
548 4381 667 4451 ipsa
700 4382 941 4437 materiae
980 4398 1178 4452 expers
1223 4395 1442 4449 natura,
1476 4398 1597 4454 quae
1644 4382 1906 4455 mysterio
1949 4383 2052 4437 mi-

2156 1916 2386 1969 παιδίον.
2432 1916 2585 1968 Τίσιν
2629 1913 2737 1985 ἄρα
2781 1911 3097 1981 παλάμαις·
3150 1908 3419 1977 ἀγκάλαις
3460 1905 3519 1958 δὲ
3565 1904 3739 1967 ποίαις

2153 2006 2342 2059 τοῦτον
2377 2002 2770 2076 βαστάζοντες;
2803 2002 2884 2053 Τά
2914 1999 3178 2071 χερουὸὶμ
3220 1999 3435 2071 τρέμει,
3471 1996 3542 2050 τὰ
3583 2011 3738 2066 σερα-

2156 2099 2260 2167 φὶμ
2293 2096 2717 2168 ἀποστρέφεται,
2755 2091 2976 2161 ἄγγελοι
3028 2093 3365 2162 φρίττουσιν,
3411 2087 3735 2160 ἀρχάγγελοι

2154 2187 2640 2257 καταπλήττονται,
2664 2184 2759 2238 καὶ
2786 2185 2956 2237 πᾶσαι
2990 2185 3045 2237 αἱ
3077 2183 3334 2252 δυνάμεις
3367 2180 3476 2233 τῶν
3500 2178 3739 2251 οὐρανῶν

2155 2281 2305 2352 φόϐῳ
2329 2280 2429 2343 τάς
2466 2279 2619 2349 ὄψεις
2655 2277 3137 2331 κατακαλύπτουσι
3183 2274 3295 2345 (14)
3318 2288 3332 2301 '
3381 2273 3477 2326 καὶ
3521 2272 3586 2325 σὺ
3617 2271 3738 2341 βρο-

2152 2374 2280 2436 τοὺς
2326 2372 2567 2440 εἰσάγεις
2604 2371 2826 2434 ἐνύλους
2874 2368 3243 2440 βαστάζοντας
3274 2366 3486 2432 τοῦτον,
3525 2365 3620 2417 καὶ
3659 2381 3739 2415 κι-

2153 2466 2374 2529 νοῦντας
2428 2465 2522 2517 καὶ
2572 2464 2958 2536 περιάγοντας.
3023 2461 3089 2514 Τί
3162 2460 3224 2513 rb
3285 2458 3509 2529 θαῦμα;
3566 2457 3632 2509 Τί
3682 2453 3739 2507 rb

2153 2561 2425 2631 πρᾶγμα;
2461 2557 2527 2610 Τί
2563 2557 2625 2609 rb
2665 2558 3012 2630 ἀπόρρητον;
3049 2554 3351 2625 Ἀνήγαγον
3381 2552 3432 2604 οἰ
3461 2552 3640 2618 γονεῖς
3680 2547 3739 2599 rb

2154 2652 2390 2705 παιδίονσ
2438 2648 2611 2703 ταῦτα
2663 2651 2772 2721 γὰρ
2819 2648 3023 2717 ἔλεγες,
3074 2646 3144 2700 τά
3198 2644 3325 2715 περὶ
3364 2642 3463 2713 τὴν
3494 2642 3738 2709 γέννησιν

2156 2746 2286 2815 ἡμῖν
2314 2741 2541 2815 ἱστορῶν
2568 2759 2583 2772 υ
2620 2741 2810 2795 τούτου
2845 2741 2954 2811 γὰρ
2991 2738 3150 2810 χάριν
3185 2736 3279 2790 καὶ
3321 2735 3448 2798 τοὺς
3475 2732 3739 2801 ἀγγέλους

2153 2836 2446 2906 εἰσήγαγες
2467 2836 2576 2898 τοῖς
2608 2833 2830 2905 ποιμέσι
2858 2832 2949 2885 τὸν
2974 2831 3133 2884 τόκον
3162 2827 3298 2898 ὁμοῦ
3332 2826 3428 2880 καὶ
3454 2825 3547 2878 τὸν
3579 2825 3740 2877 τόπον

2154 2929 2212 2981 ἐν
2309 2919 2463 2990 οὗτος
2490 2923 2908 2987 ὑποδεικνύντας
2931 2923 3025 2974 καὶ
3067 2918 3483 2988 διαγγέλλοντας
3506 2930 3525 2946 ο
3553 2916 3650 2987 τήν
3678 2932 3739 2967 τε

2150 3018 2409 3089 οὐρανίαν
2434 3019 2648 3087 ἐκείνην
2694 3015 2925 3085 πληθὺν,
2957 3009 3357 3084 μεγαλοφὼνως
3387 3007 3619 3078 βοῶσαν,
3644 3007 3741 3059 καὶ

2151 3108 2444 3176 λέγουσανο
2481 3125 2500 3158 ι
2537 3106 2673 3170 Δόξα
2705 3107 2762 3158 ἐν
2809 3103 3053 3173 ὑψίστοις
3096 3099 3235 3170 Θεῷ,
3266 3098 3360 3153 καὶ
3401 3098 3496 3151 ἐπὶ
3528 3098 3631 3167 γῆς
3657 3098 3738 3148 εἰ·

2157 3199 2324 3268 ρήνησ
2362 3216 2381 3248 ι
2439 3195 2534 3250 καὶ
2569 3195 2666 3266 τὴν
2702 3193 2971 3247 τεκοῦσαν
3021 3190 3201 3244 πάντα
3253 3189 3368 3260 μετ’
3420 3185 3739 3258 ἐπιμελείας

2150 3288 2531 3360 διατηροῦσαν,
2564 3287 2659 3341 καὶ
2697 3288 2814 3350 ταῖς
2845 3285 2944 3356 τῆς
2970 3281 3270 3354 παρθενίας
3304 3283 3570 3352 σφραγῖσι
3601 3296 3739 3349 συμ-

2152 3381 2482 3446 6άλλουσαν;
2516 3380 2640 3442 Ναὶ,
2667 3379 2822 3450 φησὶ,
2857 3379 2950 3430 καὶ
2976 3376 3051 3448 μὴ
3076 3374 3213 3448 πρὸς
3246 3373 3309 3426 rb
3338 3371 3526 3442 θαῦμα
3557 3371 3737 3441 μόνον,

2150 3473 2284 3528 ἀλλά
2334 3474 2430 3527 καὶ
2482 3471 2617 3544 πρός
2664 3471 2761 3543 τὴν
2811 3470 3123 3540 οἰκονομίαν
3169 3464 3471 3521 ἀπόϐλεπε.
3524 3464 3600 3517 Οὐ
3630 3462 3738 3533 γάρ

2149 3566 2282 3629 Θεὸς
2309 3563 2501 3629 οὕτως,
2536 3563 2611 3627 ὡς
2643 3562 2766 3632 ἔφυ,
2796 3560 3002 3631 γυμνὸς
3031 3560 3476 3632 βρεφουργεῖται,
3503 3556 3597 3609 καὶ
3632 3572 3737 3624 μη-

2149 3658 2364 3726 τρικαῖς
2394 3654 2619 3717 ὠλέναις
2645 3650 3117 3724 ἐμπεριγράφεται
3146 3647 3279 3719 (15),
3314 3646 3452 3701 ἀλλά
3478 3646 3580 3717 τὴν
3616 3646 3737 3715 βρο-

2148 3745 2297 3798 τείαν
2322 3743 2481 3813 φύσιν
2506 3742 2929 3813 ὑπειλημμένος,
2958 3739 3156 3810 μᾶλλον
3195 3738 3252 3791 δὲ
3282 3737 3609 3807 αὐτόχρημα
3639 3734 3735 3803 τῆς

2151 3834 2425 3906 ἁμαρτίας
2453 3834 2621 3905 χωρὶς
2655 3833 2797 3886 κατά
2820 3831 3075 3902 ἀλήθειαν
3101 3828 3392 3899 γενόμενος
3426 3826 3730 3897 ἄνθρωπος.

2149 3927 2274 3991 Πῶς
2308 3929 2402 3981 καὶ
2439 3926 2560 3979 τίνα
2590 3925 2824 3997 τρόπον;
2861 3926 2974 3977 Οὐκ
3010 3922 3118 3993 ἔχω
3156 3921 3357 3990 λέγειν,
3404 3918 3572 3989 φησίν
3595 3933 3611 3948 ·
3648 3915 3735 3988 ἄῤ-

2152 4021 2314 4090 ρητον
2343 4018 2447 4090 γὰρ
2490 4017 2667 4083 τοῦτο,
2700 4017 2795 4070 καὶ
2839 4013 3119 4077 παντελῶς
3149 4014 3559 4083 ἀνερμήνευτον
3579 4052 3595 4076 ,
3639 4008 3734 4061 οὐκ

2150 4112 2272 4184 ἐμοὶ
2302 4111 2482 4183 μόνον,
2511 4109 2646 4164 ἀλλὰ
2670 4110 2763 4162 καὶ
2787 4108 2923 4179 αὐτῇ
2955 4109 3020 4178 τῇ
3056 4104 3289 4175 τεκούσῃ
3310 4121 3325 4133 ⁵
3353 4106 3453 4158 καὶ
3478 4104 3541 4155 οὐ
3565 4100 3734 4171 ταύτῃ

2154 4206 2331 4277 μόνον,
2365 4203 2712 4274 ἀνθρωπίνης
2745 4200 2851 4273 γὰρ
2885 4200 2977 4254 καὶ
3011 4197 3150 4268 αὐτὴ
3193 4197 3409 4266 φύσεως
3443 4194 3663 4263 ἔλαχεν,
3688 4194 3731 4243 εἰ

2148 4296 2245 4350 καὶ
2296 4296 2393 4366 τῆς
2440 4294 2581 4365 ὑπὲρ
2629 4292 2914 4362 ἄνθρωπον
2956 4288 3291 4361 κατηξίωται
3334 4285 3447 4358 (16)
3486 4285 3727 4356 χάριτος,

2150 4388 2285 4444 ἀλλά
2323 4387 2419 4441 καὶ
2451 4388 2587 4458 αὐτῇ
2622 4388 2686 4458 τῇ
2717 4385 2863 4455 ἀΰλῳ
2906 4383 3085 4453 φύσει,
3116 4383 3210 4436 καὶ
3239 4380 3431 4452 πρώτῃ
3467 4380 3611 4449 μετὰ
3639 4377 3733 4445 τὴν

468 4473 746 4537 nistravit,
775 4474 1094 4544 mysterium
1121 4474 1391 4544 ignoravit
1420 4474 1664 4539 omnino,
1688 4472 1820 4544 quid
1854 4473 1988 4527 illud
2018 4488 2049 4527 a

2155 4480 2392 4553 πρώτην.
2425 4479 2488 4531 Εἰ
2533 4479 2589 4531 δὲ
2617 4478 2711 4531 καὶ
2738 4476 2899 4539 άῦλος
2941 4475 3122 4544 φύσις,
3153 4472 3248 4526 καὶ
3278 4471 3419 4540 αὐτὴ
3449 4472 3484 4541 ἡ
3512 4469 3594 4540 τῷ
3641 4484 3734 4539 μυί

467 4576 557 4618 me
593 4561 916 4617 discendum
941 4565 1212 4634 exposcis,
1245 4564 1484 4629 homine,
1518 4564 1611 4635 qui
1648 4578 1719 4619 ne
1759 4563 1893 4618 illud
1932 4563 2050 4633 qui-

467 4654 592 4710 dem
623 4653 768 4725 quod
797 4653 1028 4725 pedibus
1062 4653 1323 4719 occurrit,
1344 4654 1674 4725 quandoque
1696 4654 1903 4708 sciam?
1927 4654 2048 4722 Quo

468 4745 634 4801 modo
675 4746 853 4801 factus
893 4753 977 4801 est
1018 4744 1219 4817 homo?
1247 4746 1336 4801 dic
1360 4746 1477 4817 ipse
1498 4747 1732 4816 primum
1755 4745 1823 4800 de
1850 4747 2044 4817 teipso,

466 4837 744 4913 quomodo
768 4837 946 4894 factus
976 4838 1054 4893 sis
1085 4816 1270 4902 bomo,
1305 4846 1361 4893 et
1380 4816 1503 4893 tum
1528 4837 1596 4892 de
1617 4837 1804 4892 divina
1825 4816 2046 4909 quoque

465 4933 847 4990 incarnatione
905 4932 1271 4997 scrutaberis;
1327 4931 1440 4987 imo
1488 4947 1559 4988 ne
1619 4940 1734 4986 tum
1774 4933 2044 5001 quidem:

468 5039 646 5095 neque
700 5024 846 5079 enim
900 5023 949 5081 si
995 5023 1272 5094 generatio
1331 5030 1424 5078 tua
1462 5029 1593 5079 nota
1630 5023 1723 5087 sit,
1763 5031 1818 5078 et
1857 5022 2044 5078 divina

468 5115 655 5172 statim
715 5115 822 5170 erit
879 5135 893 5171 :
948 5115 1191 5186 alioquin
1243 5122 1391 5171 esset
1456 5115 1579 5186 ipsa
1638 5115 1898 5179 hominis,
1935 5131 2044 5170 non

468 5203 580 5260 Dei.

536 5382 589 5437 3.
629 5381 982 5455 Nequaquam
1014 5383 1200 5455 igitur,
1228 5382 1384 5450 illud,
1415 5403 1432 5436 ι
1465 5386 1757 5455 quomodo,
1795 5406 1814 5439 ι
1846 5386 2041 5459 exqui-

536 5534 560 5567 ⁸
595 5534 733 5593 Luc.
776 5552 839 5603 ιι,
875 5538 964 5594 u.

538 5691 650 5762 (l5)
685 5690 819 5762 Reg.
847 5692 900 5758 2,
934 5695 1254 5761 κατάϐασις.

540 5760 651 5833 (ﬂ)
686 5760 921 5835 Ita—Reg.
950 5768 1004 5821 2.
1028 5765 1097 5822 At
1124 5760 1255 5837 Reg.
1284 5765 1335 5832 1,
1363 5766 1895 5823 κατακαλύπτονται.

2154 4572 2360 4643 στηρίῳ
2393 4569 2895 4642 καθυπουργήσασα
2938 4564 3218 4627 παντελῶς
3266 4562 3504 4633 ἠγνόησε
3532 4561 3598 4614 τὸ
3642 4577 3732 4630 μυ.

2154 4666 2394 4736 στήριον,
2430 4661 2545 4725 πῶς
2570 4660 2729 4714 τοῦτο
2754 4660 2882 4731 παρ’
2908 4658 3042 4729 ἐμοῦ
3080 4655 3271 4728 μαθεῖν
3301 4653 3612 4724 ἐπιζητεῖς,
3643 4654 3731 4706 ἀν-

2152 4754 2369 4826 θρώπου
2402 4752 2523 4824 μηδ’
2569 4749 2701 4803 αὐτὸ
2741 4748 2798 4801 rb
2830 4750 2888 4801 ἐν
2923 4750 3079 4801 ποσὶν
3117 4745 3263 4798 ἔστιν
3302 4744 3390 4797 ὅτε
3431 4743 3731 4810 γινώσκον-

2148 4863 2273 4912 τος;
2308 4845 2431 4909 Πῶς
2472 4843 2694 4913 γέγονεν
2724 4839 3042 4910 ἀνθρωποςς
3077 4836 3197 4890 εἰπέ
3230 4835 3294 4888 σὺ
3341 4835 3471 4904 περὶ
3507 4832 3732 4886 σεαυτοῦ

2151 4936 2386 5007 πρῶτον,
2421 4933 2539 4996 πῶς
2581 4930 2808 5000 γέγονας
2838 4927 3140 4999 ἅνθρωπος,
3170 4925 3265 4978 καὶ⁵
3295 4924 3416 4977 τότε
3456 4922 3735 4995 διερευνή-

2150 5040 2263 5086 σεις
2289 5023 2382 5075 καὶ
2415 5021 2542 5093 περὶ
2570 5023 2670 5090 τῆς
2701 5017 2847 5081 θείας
2882 5016 3243 5089 σαρκώσεως·
3280 5013 3483 5085 μᾶλλον
3512 5014 3573 5067 δὲ
3603 5011 3731 5084 μηδὲ

2147 5115 2301 5169 τότε’
2327 5113 2447 5166 οὐδέ
2481 5090 2588 5183 γὰρ
2616 5110 2911 5182 ἐπειδήπερ
2946 5111 2980 5180 ἠ
3028 5107 3094 5179 σὴ
3137 5107 3393 5178 γέννησις
3429 5090 3746 5178 γνὼμμοςλ

2150 5206 2249 5278 ἤδη
2281 5206 2376 5259 καὶ
2397 5206 2431 5275 ἡ
2458 5204 2594 5258 Θεοῦ
2617 5221 2631 5234 ·
2661 5204 2695 5277 ἢ
2723 5202 2832 5275 γὰρ
2861 5201 2927 5256 ἂν
2954 5197 3021 5273 ἦν
3042 5199 3270 5271 κάκείνη
3296 5196 3612 5270 ἀνθρώπου,
3638 5195 3731 5250 καὶ

2143 5299 2205 5351 οὐ
2235 5297 2391 5351 Θεοῦ.

2215 5388 2269 5443 5.
2303 5388 2510 5443 Οὔκουν
2533 5388 2849 5457 ἐξεταστέον
2869 5387 2950 5454 rb,
2986 5404 3006 5440 ι
3036 5386 3182 5452 πῶς·
3218 5404 3237 5437 ι
3266 5386 3376 5457 ὅσῳ
3402 5383 3516 5457 γὰρ
3544 5383 3613 5437 σὺ
3638 5376 3729 5435 τοῦ

2218 5694 2330 5772 (1ξ)
2366 5692 2460 5772 _Sic
2481 5696 2619 5772 [ιρις.
2644 5693 2710 5772 g;
2736 5693 2869 5772 lieg.
2899 5702 3077 5772 autem
3109 5696 3171 5772 1ι
3183 5695 3624 5772 περιγράφεται.

2221 5766 2329 5837 (16)
2365 5769 2435 5819 Ita
2478 5765 2611 5838 Reg.
2642 5765 2710 5831 2;
2751 5765 2882 5837 lleg.
2918 5766 2970 5832 1,
3000 5765 3325 5838 κατηξίωτο.
