  <div class='ocr_page' id='page_1' title='image "/cluster/home/n/w/nwhite01/storage/ocr_20150623/28/nnc1.0046978690/528.png"; bbox 0 0 3832 6216; ppageno 0'>
   <div class='ocr_carea' id='block_1_1' title="bbox 110 237 214 293">
    <p class='ocr_par' dir='ltr' id='par_1_1' title="bbox 110 237 214 293">
     <span class='ocr_line' id='line_1_1' title="bbox 110 237 214 293; baseline -0.038 -1"><span class='ocrx_word' id='word_1_1' title='bbox 110 237 214 293; x_wconf 72' lang='grc' dir='ltr'><strong>9η</strong></span> 
     </span>
    </p>
   </div>
   <div class='ocr_carea' id='block_1_2' title="bbox 1176 221 2272 286">
    <p class='ocr_par' dir='ltr' id='par_1_2' title="bbox 1176 221 2272 286">
     <span class='ocr_line' id='line_1_2' title="bbox 1176 221 2272 286; baseline -0.006 0"><span class='ocrx_word' id='word_1_2' title='bbox 1176 228 1460 286; x_wconf 77' lang='lat' dir='ltr'><strong>llOMlLIA</strong></span> <span class='ocrx_word' id='word_1_3' title='bbox 1494 228 1567 284; x_wconf 81' lang='grc' dir='ltr'><strong>ΙΝ</strong></span> <span class='ocrx_word' id='word_1_4' title='bbox 1604 224 1977 285; x_wconf 80' lang='lat' dir='ltr'><strong>OCCURSUM</strong></span> <span class='ocrx_word' id='word_1_5' title='bbox 2018 221 2272 279; x_wconf 77' lang='lat' dir='ltr'><strong>DOMINI.</strong></span> 
     </span>
    </p>
   </div>
   <div class='ocr_carea' id='block_1_3' title="bbox 3258 214 3363 268">
    <p class='ocr_par' dir='ltr' id='par_1_3' title="bbox 3258 214 3363 268">
     <span class='ocr_line' id='line_1_3' title="bbox 3258 214 3363 268; baseline 0 0"><span class='ocrx_word' id='word_1_6' title='bbox 3258 214 3363 268; x_wconf 78' lang='lat'><strong>978</strong></span> 
     </span>
    </p>
   </div>
   <div class='ocr_carea' id='block_1_4' title="bbox 108 330 1694 422">
    <p class='ocr_par' dir='ltr' id='par_1_4' title="bbox 108 348 1686 422">
     <span class='ocr_line' id='line_1_4' title="bbox 108 348 1686 422; baseline -0.003 -17"><span class='ocrx_word' id='word_1_7' title='bbox 108 348 241 405; x_wconf 75' lang='grc' dir='ltr'>Θεοῦ</span> <span class='ocrx_word' id='word_1_8' title='bbox 274 351 674 422; x_wconf 82' lang='grc' dir='ltr'>ταπεινότερος,</span> <span class='ocrx_word' id='word_1_9' title='bbox 707 348 945 420; x_wconf 82' lang='grc' dir='ltr'>τοσοῢτῳ</span> <span class='ocrx_word' id='word_1_10' title='bbox 977 350 1072 404; x_wconf 74' lang='grc' dir='ltr'><strong>καὶ</strong></span> <span class='ocrx_word' id='word_1_11' title='bbox 1100 350 1196 420; x_wconf 81' lang='grc' dir='ltr'>τῆς</span> <span class='ocrx_word' id='word_1_12' title='bbox 1240 350 1339 419; x_wconf 79' lang='grc' dir='ltr'><strong>σῆς</strong></span> <span class='ocrx_word' id='word_1_13' title='bbox 1380 350 1686 419; x_wconf 81' lang='grc' dir='ltr'><strong>γεννήσεως</strong></span> 
     </span>
    </p>
   </div>
   <div class='ocr_carea' id='block_1_5' title="bbox 1799 330 3363 422">
    <p class='ocr_par' dir='ltr' id='par_1_5' title="bbox 1799 330 3363 410">
     <span class='ocr_line' id='line_1_5' title="bbox 1799 330 3363 410; baseline -0.013 -10"><span class='ocrx_word' id='word_1_14' title='bbox 1799 343 2018 400; x_wconf 86' lang='lat' dir='ltr'><strong>rendum</strong></span> <span class='ocrx_word' id='word_1_15' title='bbox 2062 349 2149 399; x_wconf 90' lang='lat' dir='ltr'><strong>est</strong></span> <span class='ocrx_word' id='word_1_16' title='bbox 2185 359 2198 395; x_wconf 92' lang='lat'>:</span> <span class='ocrx_word' id='word_1_17' title='bbox 2233 344 2443 410; x_wconf 88' lang='lat' dir='ltr'><strong>quanto</strong></span> <span class='ocrx_word' id='word_1_18' title='bbox 2494 337 2637 393; x_wconf 91' lang='lat' dir='ltr'><strong>enim</strong></span> <span class='ocrx_word' id='word_1_19' title='bbox 2675 342 2734 389; x_wconf 92' lang='lat' dir='ltr'><strong>tu</strong></span> <span class='ocrx_word' id='word_1_20' title='bbox 2778 332 2889 388; x_wconf 84' lang='lat' dir='ltr'><strong>Deo</strong></span> <span class='ocrx_word' id='word_1_21' title='bbox 2923 330 3168 394; x_wconf 77' lang='lat' dir='ltr'><strong>inferior,</strong></span> <span class='ocrx_word' id='word_1_22' title='bbox 3208 337 3363 382; x_wconf 91' lang='lat' dir='ltr'><strong>tanto</strong></span> 
     </span>
    </p>
   </div>
   <div class='ocr_carea' id='block_1_6' title="bbox 107 440 1689 513">
    <p class='ocr_par' dir='ltr' id='par_1_6' title="bbox 107 440 1689 513">
     <span class='ocr_line' id='line_1_6' title="bbox 107 440 1689 513; baseline -0.003 -19"><span class='ocrx_word' id='word_1_23' title='bbox 107 441 543 513; x_wconf 73' lang='grc' dir='ltr'>άπορρητοτέρα,</span> <span class='ocrx_word' id='word_1_24' title='bbox 576 442 668 495; x_wconf 77' lang='grc' dir='ltr'>καὶ</span> <span class='ocrx_word' id='word_1_25' title='bbox 692 440 772 494; x_wconf 75' lang='grc' dir='ltr'>ἔτι</span> <span class='ocrx_word' id='word_1_26' title='bbox 799 440 1018 512; x_wconf 70' lang='grc' dir='ltr'>μᾶλλον,</span> <span class='ocrx_word' id='word_1_27' title='bbox 1042 442 1076 512; x_wconf 77' lang='grc' dir='ltr'><strong>ἡ</strong></span> <span class='ocrx_word' id='word_1_28' title='bbox 1104 440 1195 494; x_wconf 77' lang='grc' dir='ltr'>τοῦ</span> <span class='ocrx_word' id='word_1_29' title='bbox 1213 440 1368 494; x_wconf 76' lang='grc' dir='ltr'>Θεοῦ.</span> <span class='ocrx_word' id='word_1_30' title='bbox 1407 458 1426 490; x_wconf 80' lang='grc' dir='ltr'>ι</span> <span class='ocrx_word' id='word_1_31' title='bbox 1468 441 1689 509; x_wconf 78' lang='grc' dir='ltr'><strong>’Λνήγα-</strong></span> 
     </span>
    </p>
   </div>
   <div class='ocr_carea' id='block_1_7' title="bbox 106 532 1693 605">
    <p class='ocr_par' dir='ltr' id='par_1_7' title="bbox 106 532 1693 605">
     <span class='ocr_line' id='line_1_7' title="bbox 106 532 1693 605; baseline -0.003 -17"><span class='ocrx_word' id='word_1_32' title='bbox 106 553 199 603; x_wconf 85' lang='grc' dir='ltr'>γον</span> <span class='ocrx_word' id='word_1_33' title='bbox 238 555 258 587; x_wconf 74' lang='grc' dir='ltr'>ι</span> <span class='ocrx_word' id='word_1_34' title='bbox 298 537 346 589; x_wconf 86' lang='grc' dir='ltr'>οἱ</span> <span class='ocrx_word' id='word_1_35' title='bbox 377 538 553 604; x_wconf 79' lang='grc' dir='ltr'><strong>γονεῖς</strong></span> <span class='ocrx_word' id='word_1_36' title='bbox 577 534 641 587; x_wconf 81' lang='grc' dir='ltr'>τὸ</span> <span class='ocrx_word' id='word_1_37' title='bbox 665 534 875 589; x_wconf 81' lang='grc' dir='ltr'>παιδίον</span> <span class='ocrx_word' id='word_1_38' title='bbox 914 533 1121 605; x_wconf 80' lang='grc' dir='ltr'><strong>Ἰησοῦν</strong></span> <span class='ocrx_word' id='word_1_39' title='bbox 1149 532 1259 605; x_wconf 80' lang='lat' dir='ltr'><strong>(l7)</strong></span> <span class='ocrx_word' id='word_1_40' title='bbox 1297 551 1317 584; x_wconf 78' lang='grc' dir='ltr'><strong>ι</strong></span> <span class='ocrx_word' id='word_1_41' title='bbox 1350 534 1429 597; x_wconf 83' lang='grc' dir='ltr'><strong>εἰς</strong></span> <span class='ocrx_word' id='word_1_42' title='bbox 1466 532 1693 604; x_wconf 82' lang='grc' dir='ltr'>Ἰεροσό-</span> 
     </span>
    </p>
   </div>
   <div class='ocr_carea' id='block_1_8' title="bbox 107 618 1690 696">
    <p class='ocr_par' dir='ltr' id='par_1_8' title="bbox 107 618 1690 696">
     <span class='ocr_line' id='line_1_8' title="bbox 107 618 1690 696; baseline -0.001 -19"><span class='ocrx_word' id='word_1_43' title='bbox 107 626 275 696; x_wconf 78' lang='grc' dir='ltr'>λυμα.</span> <span class='ocrx_word' id='word_1_44' title='bbox 303 646 322 677; x_wconf 75' lang='grc' dir='ltr'>ι</span> <span class='ocrx_word' id='word_1_45' title='bbox 384 626 449 679; x_wconf 89' lang='grc' dir='ltr'><strong>Τί</strong></span> <span class='ocrx_word' id='word_1_46' title='bbox 496 642 629 679; x_wconf 87' lang='grc' dir='ltr'>ποτε</span> <span class='ocrx_word' id='word_1_47' title='bbox 682 626 792 695; x_wconf 83' lang='grc' dir='ltr'><strong>ἄρα</strong></span> <span class='ocrx_word' id='word_1_48' title='bbox 839 624 1166 696; x_wconf 81' lang='grc' dir='ltr'>δράσοντες;</span> <span class='ocrx_word' id='word_1_49' title='bbox 1198 625 1407 693; x_wconf 82' lang='grc' dir='ltr'>Μήτιγε</span> <span class='ocrx_word' id='word_1_50' title='bbox 1439 623 1537 693; x_wconf 85' lang='grc' dir='ltr'>τὴν</span> <span class='ocrx_word' id='word_1_51' title='bbox 1596 618 1690 676; x_wconf 81' lang='grc' dir='ltr'>τοῦ</span> 
     </span>
    </p>
   </div>
   <div class='ocr_carea' id='block_1_9' title="bbox 122 700 1694 789">
    <p class='ocr_par' dir='ltr' id='par_1_9' title="bbox 122 700 1694 789">
     <span class='ocr_line' id='line_1_9' title="bbox 122 700 1694 789; baseline -0.003 -19"><span class='ocrx_word' id='word_1_52' title='bbox 122 718 341 789; x_wconf 74' lang='grc' dir='ltr'>Ἰσραὴλ</span> <span class='ocrx_word' id='word_1_53' title='bbox 376 717 649 788; x_wconf 85' lang='grc' dir='ltr'>βασιλείαν</span> <span class='ocrx_word' id='word_1_54' title='bbox 693 715 1169 788; x_wconf 56' lang='grc' dir='ltr'>παραληφόμενοη</span> <span class='ocrx_word' id='word_1_55' title='bbox 1208 716 1241 787; x_wconf 86' lang='grc' dir='ltr'>ἢ</span> <span class='ocrx_word' id='word_1_56' title='bbox 1281 714 1420 769; x_wconf 83' lang='grc' dir='ltr'>ὅπλα</span> <span class='ocrx_word' id='word_1_57' title='bbox 1463 700 1694 785; x_wconf 59' lang='grc' dir='ltr'>χαλκεύί</span> 
     </span>
    </p>
   </div>
   <div class='ocr_carea' id='block_1_10' title="bbox 114 804 1694 881">
    <p class='ocr_par' dir='ltr' id='par_1_10' title="bbox 114 804 1694 881">
     <span class='ocr_line' id='line_1_10' title="bbox 114 804 1694 881; baseline -0.003 -19"><span class='ocrx_word' id='word_1_58' title='bbox 114 826 323 874; x_wconf 83' lang='grc' dir='ltr'><strong>σοντες,</strong></span> <span class='ocrx_word' id='word_1_59' title='bbox 364 810 395 881; x_wconf 79' lang='grc' dir='ltr'>ἢ</span> <span class='ocrx_word' id='word_1_60' title='bbox 433 808 661 881; x_wconf 83' lang='grc' dir='ltr'>στρατὸν</span> <span class='ocrx_word' id='word_1_61' title='bbox 693 809 1129 879; x_wconf 82' lang='grc' dir='ltr'>συγκινήσοντες,</span> <span class='ocrx_word' id='word_1_62' title='bbox 1155 808 1188 879; x_wconf 81' lang='grc' dir='ltr'>ἢ</span> <span class='ocrx_word' id='word_1_63' title='bbox 1223 807 1349 861; x_wconf 81' lang='grc' dir='ltr'>ἄλλο</span> <span class='ocrx_word' id='word_1_64' title='bbox 1376 824 1429 859; x_wconf 89' lang='grc' dir='ltr'><strong>τι</strong></span> <span class='ocrx_word' id='word_1_65' title='bbox 1465 804 1573 859; x_wconf 88' lang='grc' dir='ltr'><strong>τῶν</strong></span> <span class='ocrx_word' id='word_1_66' title='bbox 1596 821 1694 876; x_wconf 86' lang='grc' dir='ltr'><strong>χα-</strong></span> 
     </span>
    </p>
   </div>
   <div class='ocr_carea' id='block_1_11' title="bbox 115 895 1692 975">
    <p class='ocr_par' dir='ltr' id='par_1_11' title="bbox 115 895 1692 975">
     <span class='ocr_line' id='line_1_11' title="bbox 115 895 1692 975; baseline -0.003 -21"><span class='ocrx_word' id='word_1_67' title='bbox 115 901 397 971; x_wconf 85' lang='grc' dir='ltr'>μαιπετῶν</span> <span class='ocrx_word' id='word_1_68' title='bbox 460 902 554 956; x_wconf 85' lang='grc' dir='ltr'>καὶ</span> <span class='ocrx_word' id='word_1_69' title='bbox 615 901 965 975; x_wconf 77' lang='grc' dir='ltr'>προσκαίρων</span> <span class='ocrx_word' id='word_1_70' title='bbox 1019 899 1568 969; x_wconf 83' lang='grc' dir='ltr'>συνεπικερδήσοντες</span> <span class='ocrx_word' id='word_1_71' title='bbox 1614 895 1692 967; x_wconf 83' lang='grc' dir='ltr'>τῷ</span> 
     </span>
    </p>
   </div>
   <div class='ocr_carea' id='block_1_12' title="bbox 113 987 1695 1066">
    <p class='ocr_par' dir='ltr' id='par_1_12' title="bbox 113 987 1695 1066">
     <span class='ocr_line' id='line_1_12' title="bbox 113 987 1695 1066; baseline -0.004 -19"><span class='ocrx_word' id='word_1_72' title='bbox 113 993 294 1058; x_wconf 76' lang='grc' dir='ltr'>παιδίς</span> <span class='ocrx_word' id='word_1_73' title='bbox 324 992 420 1058; x_wconf 81' lang='grc' dir='ltr'><strong>Οὓ,</strong></span> <span class='ocrx_word' id='word_1_74' title='bbox 446 994 608 1066; x_wconf 89' lang='grc' dir='ltr'>φησίν</span> <span class='ocrx_word' id='word_1_75' title='bbox 623 1011 638 1026; x_wconf 73' lang='grc' dir='ltr'><strong>ο</strong></span> <span class='ocrx_word' id='word_1_76' title='bbox 669 992 805 1047; x_wconf 78' lang='grc' dir='ltr'>ἀλλὰ</span> <span class='ocrx_word' id='word_1_77' title='bbox 824 1013 842 1045; x_wconf 86' lang='grc' dir='ltr'>ι</span> <span class='ocrx_word' id='word_1_78' title='bbox 865 990 1210 1064; x_wconf 77' lang='grc' dir='ltr'>παραστῆσαι</span> <span class='ocrx_word' id='word_1_79' title='bbox 1234 989 1311 1060; x_wconf 83' lang='grc' dir='ltr'>τῷ</span> <span class='ocrx_word' id='word_1_80' title='bbox 1331 989 1539 1061; x_wconf 81' lang='grc' dir='ltr'>Κυρίῳ,</span> <span class='ocrx_word' id='word_1_81' title='bbox 1561 987 1695 1041; x_wconf 86' lang='grc' dir='ltr'>καθ-</span> 
     </span>
    </p>
   </div>
   <div class='ocr_carea' id='block_1_13' title="bbox 111 1079 1689 1158">
    <p class='ocr_par' dir='ltr' id='par_1_13' title="bbox 111 1079 1689 1158">
     <span class='ocr_line' id='line_1_13' title="bbox 111 1079 1689 1158; baseline -0.004 -20"><span class='ocrx_word' id='word_1_82' title='bbox 111 1084 190 1149; x_wconf 85' lang='grc' dir='ltr'><strong>ὼς</strong></span> <span class='ocrx_word' id='word_1_83' title='bbox 219 1086 530 1158; x_wconf 84' lang='grc' dir='ltr'>γέγραπται</span> <span class='ocrx_word' id='word_1_84' title='bbox 572 1087 632 1139; x_wconf 81' lang='grc' dir='ltr'><strong>ὲν</strong></span> <span class='ocrx_word' id='word_1_85' title='bbox 671 1085 820 1156; x_wconf 87' lang='grc' dir='ltr'>νόμῳ</span> <span class='ocrx_word' id='word_1_86' title='bbox 847 1083 1076 1154; x_wconf 84' lang='grc' dir='ltr'><strong>Κυρίου.</strong></span> <span class='ocrx_word' id='word_1_87' title='bbox 1109 1101 1129 1135; x_wconf 74' lang='grc' dir='ltr'><strong>ι</strong></span> <span class='ocrx_word' id='word_1_88' title='bbox 1156 1081 1220 1134; x_wconf 90' lang='grc' dir='ltr'>Τί</span> <span class='ocrx_word' id='word_1_89' title='bbox 1250 1082 1376 1151; x_wconf 78' lang='grc' dir='ltr'>φῂς,</span> <span class='ocrx_word' id='word_1_90' title='bbox 1405 1079 1689 1151; x_wconf 84' lang='grc' dir='ltr'>ἄνθρωπε;</span> 
     </span>
    </p>
   </div>
   <div class='ocr_carea' id='block_1_14' title="bbox 115 1173 1692 1250">
    <p class='ocr_par' dir='ltr' id='par_1_14' title="bbox 115 1173 1692 1250">
     <span class='ocr_line' id='line_1_14' title="bbox 115 1173 1692 1250; baseline -0.005 -16"><span class='ocrx_word' id='word_1_91' title='bbox 115 1183 214 1234; x_wconf 70' lang='grc' dir='ltr'><strong>καὶ</strong></span> <span class='ocrx_word' id='word_1_92' title='bbox 254 1181 368 1234; x_wconf 78' lang='grc' dir='ltr'>ἔστι</span> <span class='ocrx_word' id='word_1_93' title='bbox 408 1179 502 1233; x_wconf 78' lang='grc' dir='ltr'><strong>τοῦ</strong></span> <span class='ocrx_word' id='word_1_94' title='bbox 534 1179 753 1250; x_wconf 87' lang='grc' dir='ltr'>άληθῶς</span> <span class='ocrx_word' id='word_1_95' title='bbox 787 1178 923 1231; x_wconf 80' lang='grc' dir='ltr'>Θεοῦ</span> <span class='ocrx_word' id='word_1_96' title='bbox 967 1176 1132 1241; x_wconf 58' lang='lat' dir='ltr'><strong>Hadr,”</strong></span> <span class='ocrx_word' id='word_1_97' title='bbox 1159 1176 1192 1246; x_wconf 83' lang='grc' dir='ltr'><strong>ἢ</strong></span> <span class='ocrx_word' id='word_1_98' title='bbox 1223 1173 1315 1227; x_wconf 80' lang='grc' dir='ltr'><strong>τοῦ</strong></span> <span class='ocrx_word' id='word_1_99' title='bbox 1345 1174 1546 1246; x_wconf 81' lang='grc' dir='ltr'>κυρίως</span> <span class='ocrx_word' id='word_1_100' title='bbox 1581 1173 1692 1244; x_wconf 75' lang='grc'><strong>(18)</strong></span> 
     </span>
    </p>
   </div>
   <div class='ocr_carea' id='block_1_15' title="bbox 114 1263 1688 1342">
    <p class='ocr_par' dir='ltr' id='par_1_15' title="bbox 114 1263 1688 1342">
     <span class='ocr_line' id='line_1_15' title="bbox 114 1263 1688 1342; baseline 0.002 -18"><span class='ocrx_word' id='word_1_101' title='bbox 114 1270 322 1342; x_wconf 80' lang='grc' dir='ltr'>Κυρίου</span> <span class='ocrx_word' id='word_1_102' title='bbox 356 1269 562 1342; x_wconf 88' lang='grc' dir='ltr'>Κύριος</span> <span class='ocrx_word' id='word_1_103' title='bbox 591 1271 819 1342; x_wconf 77' lang='grc' dir='ltr'>ἓτερος;</span> <span class='ocrx_word' id='word_1_104' title='bbox 857 1270 1032 1332; x_wconf 85' lang='grc' dir='ltr'>Ἐστι,</span> <span class='ocrx_word' id='word_1_105' title='bbox 1064 1265 1217 1336; x_wconf 74' lang='grc' dir='ltr'>φησὶ,</span> <span class='ocrx_word' id='word_1_106' title='bbox 1251 1265 1345 1319; x_wconf 78' lang='grc' dir='ltr'>καὶ</span> <span class='ocrx_word' id='word_1_107' title='bbox 1382 1264 1456 1335; x_wconf 86' lang='grc' dir='ltr'>μὴ</span> <span class='ocrx_word' id='word_1_108' title='bbox 1480 1263 1661 1336; x_wconf 79' lang='grc' dir='ltr'>δείσῃς</span> <span class='ocrx_word' id='word_1_109' title='bbox 1674 1280 1688 1294; x_wconf 83' lang='grc'><strong>⁸</strong></span> 
     </span>
    </p>
   </div>
   <div class='ocr_carea' id='block_1_16' title="bbox 112 1355 1695 1429">
    <p class='ocr_par' dir='ltr' id='par_1_16' title="bbox 112 1355 1695 1429">
     <span class='ocr_line' id='line_1_16' title="bbox 112 1355 1695 1429; baseline -0.003 -17"><span class='ocrx_word' id='word_1_110' title='bbox 112 1360 175 1412; x_wconf 77' lang='grc' dir='ltr'>οὐ</span> <span class='ocrx_word' id='word_1_111' title='bbox 198 1358 310 1429; x_wconf 86' lang='grc' dir='ltr'>γὰρ</span> <span class='ocrx_word' id='word_1_112' title='bbox 342 1358 482 1411; x_wconf 84' lang='grc' dir='ltr'>κατὰ</span> <span class='ocrx_word' id='word_1_113' title='bbox 511 1359 674 1428; x_wconf 88' lang='grc' dir='ltr'>φύσιν</span> <span class='ocrx_word' id='word_1_114' title='bbox 700 1358 880 1422; x_wconf 82' lang='grc' dir='ltr'>τοῦτο,</span> <span class='ocrx_word' id='word_1_115' title='bbox 911 1356 1052 1411; x_wconf 84' lang='grc' dir='ltr'>κατὰ</span> <span class='ocrx_word' id='word_1_116' title='bbox 1078 1356 1236 1427; x_wconf 82' lang='grc' dir='ltr'>χάριν</span> <span class='ocrx_word' id='word_1_117' title='bbox 1263 1355 1322 1407; x_wconf 83' lang='grc' dir='ltr'>δὲ</span> <span class='ocrx_word' id='word_1_118' title='bbox 1360 1356 1453 1409; x_wconf 75' lang='grc' dir='ltr'><strong>καί¹</strong></span> <span class='ocrx_word' id='word_1_119' title='bbox 1490 1356 1695 1408; x_wconf 78' lang='grc' dir='ltr'>οἰκονο-</span> 
     </span>
    </p>
   </div>
   <div class='ocr_carea' id='block_1_17' title="bbox 119 1444 1693 1520">
    <p class='ocr_par' dir='ltr' id='par_1_17' title="bbox 119 1444 1693 1520">
     <span class='ocr_line' id='line_1_17' title="bbox 119 1444 1693 1520; baseline 0 -18"><span class='ocrx_word' id='word_1_120' title='bbox 119 1450 248 1519; x_wconf 63' lang='grc' dir='ltr'>μίαν</span> <span class='ocrx_word' id='word_1_121' title='bbox 272 1449 369 1520; x_wconf 77' lang='grc' dir='ltr'>τὴν</span> <span class='ocrx_word' id='word_1_122' title='bbox 402 1450 682 1503; x_wconf 83' lang='grc' dir='ltr'><strong>ἀνωτάτω.</strong></span> <span class='ocrx_word' id='word_1_123' title='bbox 714 1450 928 1519; x_wconf 82' lang='grc' dir='ltr'><strong>Ὥσπερ</strong></span> <span class='ocrx_word' id='word_1_124' title='bbox 960 1447 1068 1520; x_wconf 77' lang='grc' dir='ltr'>γὰρ</span> <span class='ocrx_word' id='word_1_125' title='bbox 1093 1448 1200 1502; x_wconf 87' lang='grc' dir='ltr'><strong>τῶν</strong></span> <span class='ocrx_word' id='word_1_126' title='bbox 1238 1449 1300 1502; x_wconf 85' lang='grc' dir='ltr'>οὐ</span> <span class='ocrx_word' id='word_1_127' title='bbox 1329 1448 1534 1518; x_wconf 82' lang='grc' dir='ltr'>κυρίως</span> <span class='ocrx_word' id='word_1_128' title='bbox 1563 1444 1693 1502; x_wconf 86' lang='grc' dir='ltr'>υἱῶν</span> 
     </span>
    </p>
   </div>
   <div class='ocr_carea' id='block_1_18' title="bbox 115 1534 1691 1613">
    <p class='ocr_par' dir='ltr' id='par_1_18' title="bbox 115 1534 1691 1613">
     <span class='ocr_line' id='line_1_18' title="bbox 115 1534 1691 1613; baseline -0.001 -19"><span class='ocrx_word' id='word_1_129' title='bbox 115 1542 304 1613; x_wconf 79' lang='grc' dir='ltr'>Πατὴρ</span> <span class='ocrx_word' id='word_1_130' title='bbox 343 1543 371 1594; x_wconf 90' lang='lat'><strong>6</strong></span> <span class='ocrx_word' id='word_1_131' title='bbox 417 1540 548 1604; x_wconf 88' lang='grc' dir='ltr'>Θεὸς</span> <span class='ocrx_word' id='word_1_132' title='bbox 585 1541 833 1609; x_wconf 83' lang='grc' dir='ltr'>λέγεται·</span> <span class='ocrx_word' id='word_1_133' title='bbox 870 1560 888 1593; x_wconf 84' lang='grc' dir='ltr'>ι</span> <span class='ocrx_word' id='word_1_134' title='bbox 927 1539 1068 1610; x_wconf 87' lang='grc' dir='ltr'><strong>Ἐγὼ</strong></span> <span class='ocrx_word' id='word_1_135' title='bbox 1093 1541 1201 1612; x_wconf 81' lang='grc' dir='ltr'><strong>γὰρ</strong></span> <span class='ocrx_word' id='word_1_136' title='bbox 1228 1580 1242 1604; x_wconf 93' lang='grc'><strong>,</strong></span> <span class='ocrx_word' id='word_1_137' title='bbox 1283 1541 1448 1611; x_wconf 72' lang='grc' dir='ltr'>φησὶν</span> <span class='ocrx_word' id='word_1_138' title='bbox 1472 1581 1487 1603; x_wconf 87' lang='grc'><strong>,</strong></span> <span class='ocrx_word' id='word_1_139' title='bbox 1542 1534 1691 1605; x_wconf 88' lang='grc' dir='ltr'>εἶπα,</span> 
     </span>
    </p>
   </div>
   <div class='ocr_carea' id='block_1_19' title="bbox 1791 420 3357 503">
    <p class='ocr_par' dir='ltr' id='par_1_19' title="bbox 1791 420 3357 503">
     <span class='ocr_line' id='line_1_19' title="bbox 1791 420 3357 503; baseline -0.013 -12"><span class='ocrx_word' id='word_1_140' title='bbox 1791 435 2060 491; x_wconf 74' lang='lat' dir='ltr'><strong>occultior</strong></span> <span class='ocrx_word' id='word_1_141' title='bbox 2094 432 2187 487; x_wconf 87' lang='lat' dir='ltr'><strong>Dei</strong></span> <span class='ocrx_word' id='word_1_142' title='bbox 2224 430 2502 503; x_wconf 73' lang='lat' dir='ltr'><strong>generatio</strong></span> <span class='ocrx_word' id='word_1_143' title='bbox 2533 438 2618 483; x_wconf 90' lang='lat' dir='ltr'><strong>est</strong></span> <span class='ocrx_word' id='word_1_144' title='bbox 2645 440 2807 497; x_wconf 89' lang='lat' dir='ltr'><strong>quam</strong></span> <span class='ocrx_word' id='word_1_145' title='bbox 2840 432 2955 481; x_wconf 91' lang='lat' dir='ltr'><strong>tua.</strong></span> <span class='ocrx_word' id='word_1_146' title='bbox 2992 442 3010 475; x_wconf 76' lang='grc' dir='ltr'><strong>ι</strong></span> <span class='ocrx_word' id='word_1_147' title='bbox 3040 420 3307 477; x_wconf 90' lang='lat' dir='ltr'><strong>Tulerunt</strong></span> <span class='ocrx_word' id='word_1_148' title='bbox 3339 439 3357 470; x_wconf 74' lang='grc' dir='ltr'>ι</span> 
     </span>
    </p>
   </div>
   <div class='ocr_carea' id='block_1_20' title="bbox 1790 513 3363 599">
    <p class='ocr_par' dir='ltr' id='par_1_20' title="bbox 1790 513 3363 599">
     <span class='ocr_line' id='line_1_20' title="bbox 1790 513 3363 599; baseline -0.011 -17"><span class='ocrx_word' id='word_1_149' title='bbox 1790 537 2043 599; x_wconf 90' lang='lat' dir='ltr'><strong>parentes</strong></span> <span class='ocrx_word' id='word_1_150' title='bbox 2071 539 2298 596; x_wconf 91' lang='lat' dir='ltr'><strong>puerum</strong></span> <span class='ocrx_word' id='word_1_151' title='bbox 2329 521 2514 578; x_wconf 83' lang='lat' dir='ltr'><strong>Jesum</strong></span> <span class='ocrx_word' id='word_1_152' title='bbox 2541 539 2561 572; x_wconf 75' lang='grc' dir='ltr'>ι</span> <span class='ocrx_word' id='word_1_153' title='bbox 2599 520 2654 575; x_wconf 93' lang='lat' dir='ltr'><strong>in</strong></span> <span class='ocrx_word' id='word_1_154' title='bbox 2686 517 3009 574; x_wconf 83' lang='lat' dir='ltr'><strong>Jerusalem.</strong></span> <span class='ocrx_word' id='word_1_155' title='bbox 3044 534 3063 566; x_wconf 73' lang='grc' dir='ltr'>ι</span> <span class='ocrx_word' id='word_1_156' title='bbox 3091 513 3230 580; x_wconf 84' lang='lat' dir='ltr'><strong>Quid</strong></span> <span class='ocrx_word' id='word_1_157' title='bbox 3280 513 3363 565; x_wconf 83' lang='lat' dir='ltr'><strong>fa-</strong></span> 
     </span>
    </p>
   </div>
   <div class='ocr_carea' id='block_1_21' title="bbox 1790 600 3364 687">
    <p class='ocr_par' dir='ltr' id='par_1_21' title="bbox 1790 600 3364 687">
     <span class='ocr_line' id='line_1_21' title="bbox 1790 600 3364 687; baseline -0.013 -14"><span class='ocrx_word' id='word_1_158' title='bbox 1790 614 1969 673; x_wconf 84' lang='lat' dir='ltr'><strong>cturi?</strong></span> <span class='ocrx_word' id='word_1_159' title='bbox 2002 616 2163 687; x_wconf 80' lang='lat'><strong>357</strong></span> <span class='ocrx_word' id='word_1_160' title='bbox 2190 613 2329 668; x_wconf 88' lang='lat' dir='ltr'><strong>Num</strong></span> <span class='ocrx_word' id='word_1_161' title='bbox 2369 619 2429 666; x_wconf 94' lang='lat' dir='ltr'><strong>ut</strong></span> <span class='ocrx_word' id='word_1_162' title='bbox 2457 609 2676 666; x_wconf 83' lang='lat' dir='ltr'><strong>lsraelis</strong></span> <span class='ocrx_word' id='word_1_163' title='bbox 2723 621 2951 676; x_wconf 84' lang='lat' dir='ltr'><strong>regnum</strong></span> <span class='ocrx_word' id='word_1_164' title='bbox 2996 600 3364 673; x_wconf 86' lang='lat' dir='ltr'><strong>occuparent?</strong></span> 
     </span>
    </p>
   </div>
   <div class='ocr_carea' id='block_1_22' title="bbox 1792 691 3365 765">
    <p class='ocr_par' dir='ltr' id='par_1_22' title="bbox 1792 691 3365 765">
     <span class='ocr_line' id='line_1_22' title="bbox 1792 691 3365 765; baseline -0.012 -2"><span class='ocrx_word' id='word_1_165' title='bbox 1792 725 1862 765; x_wconf 91' lang='lat' dir='ltr'><strong>an</strong></span> <span class='ocrx_word' id='word_1_166' title='bbox 1914 716 1973 762; x_wconf 92' lang='lat' dir='ltr'><strong>ut</strong></span> <span class='ocrx_word' id='word_1_167' title='bbox 2007 721 2159 762; x_wconf 87' lang='lat' dir='ltr'><strong>arma</strong></span> <span class='ocrx_word' id='word_1_168' title='bbox 2211 701 2579 760; x_wconf 79' lang='lat' dir='ltr'><strong>fabricarent?</strong></span> <span class='ocrx_word' id='word_1_169' title='bbox 2610 707 2705 754; x_wconf 91' lang='lat' dir='ltr'><strong>aut</strong></span> <span class='ocrx_word' id='word_1_170' title='bbox 2732 698 3030 765; x_wconf 81' lang='lat' dir='ltr'><strong>exercitum</strong></span> <span class='ocrx_word' id='word_1_171' title='bbox 3074 691 3365 765; x_wconf 80' lang='lat' dir='ltr'><strong>cogerent?</strong></span> 
     </span>
    </p>
   </div>
   <div class='ocr_carea' id='block_1_23' title="bbox 1792 785 3364 870">
    <p class='ocr_par' dir='ltr' id='par_1_23' title="bbox 1792 785 3364 870">
     <span class='ocr_line' id='line_1_23' title="bbox 1792 785 3364 870; baseline -0.013 -13"><span class='ocrx_word' id='word_1_172' title='bbox 1792 816 1862 857; x_wconf 90' lang='lat' dir='ltr'><strong>an</strong></span> <span class='ocrx_word' id='word_1_173' title='bbox 1893 810 1950 855; x_wconf 82' lang='lat' dir='ltr'><strong>ut</strong></span> <span class='ocrx_word' id='word_1_174' title='bbox 1978 800 2255 870; x_wconf 85' lang='lat' dir='ltr'><strong>quidpiam</strong></span> <span class='ocrx_word' id='word_1_175' title='bbox 2299 794 2444 851; x_wconf 87' lang='lat' dir='ltr'><strong>aliud</strong></span> <span class='ocrx_word' id='word_1_176' title='bbox 2472 809 2541 849; x_wconf 81' lang='lat' dir='ltr'><strong>ex</strong></span> <span class='ocrx_word' id='word_1_177' title='bbox 2572 792 2772 847; x_wconf 82' lang='lat' dir='ltr'><strong>inlimis</strong></span> <span class='ocrx_word' id='word_1_178' title='bbox 2803 797 2857 845; x_wconf 91' lang='lat' dir='ltr'><strong>et</strong></span> <span class='ocrx_word' id='word_1_179' title='bbox 2880 786 3245 859; x_wconf 88' lang='lat' dir='ltr'><strong>temporaneis</strong></span> <span class='ocrx_word' id='word_1_180' title='bbox 3275 785 3364 837; x_wconf 74' lang='lat' dir='ltr'><strong>lu~</strong></span> 
     </span>
    </p>
   </div>
   <div class='ocr_carea' id='block_1_24' title="bbox 1793 879 3364 964">
    <p class='ocr_par' dir='ltr' id='par_1_24' title="bbox 1793 879 3364 964">
     <span class='ocr_line' id='line_1_24' title="bbox 1793 879 3364 964; baseline -0.013 -14"><span class='ocrx_word' id='word_1_181' title='bbox 1793 893 1871 950; x_wconf 89' lang='lat' dir='ltr'><strong>cri</strong></span> <span class='ocrx_word' id='word_1_182' title='bbox 1907 906 2080 964; x_wconf 89' lang='lat' dir='ltr'><strong>puero</strong></span> <span class='ocrx_word' id='word_1_183' title='bbox 2117 886 2535 959; x_wconf 84' lang='lat' dir='ltr'><strong>compararent?</strong></span> <span class='ocrx_word' id='word_1_184' title='bbox 2562 884 2805 947; x_wconf 85' lang='lat' dir='ltr'><strong>Minime,</strong></span> <span class='ocrx_word' id='word_1_185' title='bbox 2846 882 3057 951; x_wconf 79' lang='lat' dir='ltr'><strong>inquit;</strong></span> <span class='ocrx_word' id='word_1_186' title='bbox 3106 879 3223 941; x_wconf 90' lang='lat' dir='ltr'><strong>sed,</strong></span> <span class='ocrx_word' id='word_1_187' title='bbox 3261 897 3280 929; x_wconf 78' lang='grc' dir='ltr'>ι</span> <span class='ocrx_word' id='word_1_188' title='bbox 3305 884 3364 931; x_wconf 81' lang='grc' dir='ltr'>ιιι</span> 
     </span>
    </p>
   </div>
   <div class='ocr_carea' id='block_1_25' title="bbox 1793 969 3365 1043">
    <p class='ocr_par' dir='ltr' id='par_1_25' title="bbox 1793 969 3365 1043">
     <span class='ocr_line' id='line_1_25' title="bbox 1793 969 3365 1043; baseline -0.012 -1"><span class='ocrx_word' id='word_1_189' title='bbox 1793 986 2050 1042; x_wconf 76' lang='lat' dir='ltr'><strong>sisterent</strong></span> <span class='ocrx_word' id='word_1_190' title='bbox 2075 997 2201 1038; x_wconf 89' lang='lat' dir='ltr'><strong>eum</strong></span> <span class='ocrx_word' id='word_1_191' title='bbox 2231 979 2483 1043; x_wconf 91' lang='lat' dir='ltr'><strong>Domino,</strong></span> <span class='ocrx_word' id='word_1_192' title='bbox 2514 977 2658 1031; x_wconf 91' lang='lat' dir='ltr'><strong>sicut</strong></span> <span class='ocrx_word' id='word_1_193' title='bbox 2710 973 2977 1043; x_wconf 90' lang='lat' dir='ltr'><strong>scriptum</strong></span> <span class='ocrx_word' id='word_1_194' title='bbox 3011 976 3097 1025; x_wconf 91' lang='lat' dir='ltr'><strong>est</strong></span> <span class='ocrx_word' id='word_1_195' title='bbox 3143 970 3197 1023; x_wconf 91' lang='lat' dir='ltr'><strong>in</strong></span> <span class='ocrx_word' id='word_1_196' title='bbox 3247 969 3365 1039; x_wconf 82' lang='lat' dir='ltr'><strong>lege</strong></span> 
     </span>
    </p>
   </div>
   <div class='ocr_carea' id='block_1_26' title="bbox 1794 1064 3367 1140">
    <p class='ocr_par' dir='ltr' id='par_1_26' title="bbox 1794 1064 3367 1140">
     <span class='ocr_line' id='line_1_26' title="bbox 1794 1064 3367 1140; baseline -0.011 -7"><span class='ocrx_word' id='word_1_197' title='bbox 1794 1075 2030 1133; x_wconf 88' lang='lat' dir='ltr'><strong>Domini.</strong></span> <span class='ocrx_word' id='word_1_198' title='bbox 2072 1094 2090 1127; x_wconf 77' lang='grc' dir='ltr'>ι</span> <span class='ocrx_word' id='word_1_199' title='bbox 2126 1073 2265 1140; x_wconf 88' lang='lat' dir='ltr'><strong>Quid</strong></span> <span class='ocrx_word' id='word_1_200' title='bbox 2299 1072 2403 1138; x_wconf 86' lang='lat' dir='ltr'><strong>ais,</strong></span> <span class='ocrx_word' id='word_1_201' title='bbox 2451 1088 2485 1126; x_wconf 88' lang='grc' dir='ltr'>ο</span> <span class='ocrx_word' id='word_1_202' title='bbox 2530 1067 2737 1123; x_wconf 84' lang='lat' dir='ltr'><strong>homo?</strong></span> <span class='ocrx_word' id='word_1_203' title='bbox 2766 1075 2920 1121; x_wconf 88' lang='lat' dir='ltr'><strong>estne</strong></span> <span class='ocrx_word' id='word_1_204' title='bbox 2953 1064 3074 1134; x_wconf 88' lang='lat' dir='ltr'><strong>ejus</strong></span> <span class='ocrx_word' id='word_1_205' title='bbox 3108 1064 3202 1133; x_wconf 90' lang='lat' dir='ltr'><strong>qui</strong></span> <span class='ocrx_word' id='word_1_206' title='bbox 3239 1077 3367 1117; x_wconf 86' lang='lat' dir='ltr'><strong>vere</strong></span> 
     </span>
    </p>
   </div>
   <div class='ocr_carea' id='block_1_27' title="bbox 1794 1152 3365 1231">
    <p class='ocr_par' dir='ltr' id='par_1_27' title="bbox 1794 1152 3365 1231">
     <span class='ocr_line' id='line_1_27' title="bbox 1794 1152 3365 1231; baseline -0.01 -10"><span class='ocrx_word' id='word_1_207' title='bbox 1794 1166 1938 1221; x_wconf 84' lang='lat' dir='ltr'><strong>Deus</strong></span> <span class='ocrx_word' id='word_1_208' title='bbox 1985 1170 2090 1231; x_wconf 85' lang='lat' dir='ltr'><strong>est,</strong></span> <span class='ocrx_word' id='word_1_209' title='bbox 2140 1162 2313 1229; x_wconf 84' lang='lat' dir='ltr'><strong>Deus;</strong></span> <span class='ocrx_word' id='word_1_210' title='bbox 2370 1167 2463 1214; x_wconf 89' lang='lat' dir='ltr'><strong>aut</strong></span> <span class='ocrx_word' id='word_1_211' title='bbox 2513 1159 2636 1228; x_wconf 80' lang='lat' dir='ltr'><strong>ejus</strong></span> <span class='ocrx_word' id='word_1_212' title='bbox 2685 1158 2776 1227; x_wconf 89' lang='lat' dir='ltr'><strong>qui</strong></span> <span class='ocrx_word' id='word_1_213' title='bbox 2828 1154 3047 1226; x_wconf 82' lang='lat' dir='ltr'><strong>pmprie</strong></span> <span class='ocrx_word' id='word_1_214' title='bbox 3099 1152 3365 1207; x_wconf 82' lang='lat' dir='ltr'><strong>Dominus</strong></span> 
     </span>
    </p>
   </div>
   <div class='ocr_carea' id='block_1_28' title="bbox 1794 1246 3360 1324">
    <p class='ocr_par' dir='ltr' id='par_1_28' title="bbox 1794 1246 3360 1324">
     <span class='ocr_line' id='line_1_28' title="bbox 1794 1246 3360 1324; baseline -0.011 -10"><span class='ocrx_word' id='word_1_215' title='bbox 1794 1265 1898 1324; x_wconf 88' lang='lat' dir='ltr'><strong>est,</strong></span> <span class='ocrx_word' id='word_1_216' title='bbox 1938 1255 2204 1311; x_wconf 88' lang='lat' dir='ltr'><strong>Dominus</strong></span> <span class='ocrx_word' id='word_1_217' title='bbox 2261 1252 2434 1307; x_wconf 79' lang='lat' dir='ltr'><strong>alter?</strong></span> <span class='ocrx_word' id='word_1_218' title='bbox 2471 1249 2568 1305; x_wconf 87' lang='lat' dir='ltr'><strong>Est</strong></span> <span class='ocrx_word' id='word_1_219' title='bbox 2603 1248 2784 1321; x_wconf 86' lang='lat' dir='ltr'><strong>plane,</strong></span> <span class='ocrx_word' id='word_1_220' title='bbox 2811 1263 2912 1303; x_wconf 84' lang='lat' dir='ltr'><strong>nec</strong></span> <span class='ocrx_word' id='word_1_221' title='bbox 2951 1246 3073 1301; x_wconf 93' lang='lat' dir='ltr'><strong>ideo</strong></span> <span class='ocrx_word' id='word_1_222' title='bbox 3105 1253 3318 1299; x_wconf 86' lang='lat' dir='ltr'><strong>metuas</strong></span> <span class='ocrx_word' id='word_1_223' title='bbox 3348 1263 3360 1296; x_wconf 91' lang='lat'>:</span> 
     </span>
    </p>
   </div>
   <div class='ocr_carea' id='block_1_29' title="bbox 1795 1335 3364 1416">
    <p class='ocr_par' dir='ltr' id='par_1_29' title="bbox 1795 1335 3364 1416">
     <span class='ocr_line' id='line_1_29' title="bbox 1795 1335 3364 1416; baseline -0.011 -12"><span class='ocrx_word' id='word_1_224' title='bbox 1795 1364 1906 1404; x_wconf 86' lang='lat' dir='ltr'><strong>non</strong></span> <span class='ocrx_word' id='word_1_225' title='bbox 1941 1355 2024 1403; x_wconf 88' lang='lat' dir='ltr'><strong>est</strong></span> <span class='ocrx_word' id='word_1_226' title='bbox 2056 1346 2255 1416; x_wconf 88' lang='lat' dir='ltr'><strong>quippe</strong></span> <span class='ocrx_word' id='word_1_227' title='bbox 2278 1359 2375 1414; x_wconf 90' lang='lat' dir='ltr'><strong>per</strong></span> <span class='ocrx_word' id='word_1_228' title='bbox 2412 1349 2662 1396; x_wconf 84' lang='lat' dir='ltr'><strong>naturam</strong></span> <span class='ocrx_word' id='word_1_229' title='bbox 2692 1337 2845 1404; x_wconf 89' lang='lat' dir='ltr'><strong>illud,</strong></span> <span class='ocrx_word' id='word_1_230' title='bbox 2882 1336 2978 1392; x_wconf 89' lang='lat' dir='ltr'><strong>sed</strong></span> <span class='ocrx_word' id='word_1_231' title='bbox 3010 1351 3106 1407; x_wconf 90' lang='lat' dir='ltr'><strong>per</strong></span> <span class='ocrx_word' id='word_1_232' title='bbox 3134 1335 3364 1405; x_wconf 84' lang='lat' dir='ltr'><strong>gratiam</strong></span> 
     </span>
    </p>
   </div>
   <div class='ocr_carea' id='block_1_30' title="bbox 1793 1426 3364 1509">
    <p class='ocr_par' dir='ltr' id='par_1_30' title="bbox 1793 1426 3364 1509">
     <span class='ocr_line' id='line_1_30' title="bbox 1793 1426 3364 1509; baseline -0.011 -13"><span class='ocrx_word' id='word_1_233' title='bbox 1793 1447 1848 1496; x_wconf 89' lang='lat' dir='ltr'><strong>et</strong></span> <span class='ocrx_word' id='word_1_234' title='bbox 1895 1452 2186 1509; x_wconf 86' lang='lat' dir='ltr'><strong>supernam</strong></span> <span class='ocrx_word' id='word_1_235' title='bbox 2238 1433 2623 1490; x_wconf 70' lang='lat' dir='ltr'><strong>meonomiam.</strong></span> <span class='ocrx_word' id='word_1_236' title='bbox 2686 1427 3154 1497; x_wconf 86' lang='lat' dir='ltr'><strong>Quemadmodum</strong></span> <span class='ocrx_word' id='word_1_237' title='bbox 3221 1426 3364 1480; x_wconf 89' lang='lat' dir='ltr'><strong>enim</strong></span> 
     </span>
    </p>
   </div>
   <div class='ocr_carea' id='block_1_31' title="bbox 1794 1519 3368 1600">
    <p class='ocr_par' dir='ltr' id='par_1_31' title="bbox 1794 1519 3368 1600">
     <span class='ocr_line' id='line_1_31' title="bbox 1794 1519 3368 1600; baseline -0.008 -14"><span class='ocrx_word' id='word_1_238' title='bbox 1794 1546 1983 1586; x_wconf 90' lang='lat' dir='ltr'><strong>eorum</strong></span> <span class='ocrx_word' id='word_1_239' title='bbox 2038 1529 2133 1600; x_wconf 89' lang='lat' dir='ltr'><strong>qui</strong></span> <span class='ocrx_word' id='word_1_240' title='bbox 2179 1543 2289 1585; x_wconf 88' lang='lat' dir='ltr'><strong>non</strong></span> <span class='ocrx_word' id='word_1_241' title='bbox 2347 1535 2476 1582; x_wconf 91' lang='lat' dir='ltr'><strong>sunt</strong></span> <span class='ocrx_word' id='word_1_242' title='bbox 2528 1523 2745 1595; x_wconf 83' lang='lat' dir='ltr'><strong>proprie</strong></span> <span class='ocrx_word' id='word_1_243' title='bbox 2807 1521 2901 1575; x_wconf 85' lang='lat' dir='ltr'><strong>lilii</strong></span> <span class='ocrx_word' id='word_1_244' title='bbox 2949 1519 3111 1575; x_wconf 88' lang='lat' dir='ltr'><strong>Pater</strong></span> <span class='ocrx_word' id='word_1_245' title='bbox 3164 1519 3368 1573; x_wconf 88' lang='lat' dir='ltr'><strong>dicitur</strong></span> 
     </span>
    </p>
   </div>
   <div class='ocr_carea' id='block_1_32' title="bbox 115 1611 1694 1703">
    <p class='ocr_par' dir='ltr' id='par_1_32' title="bbox 115 1611 1694 1703">
     <span class='ocr_line' id='line_1_32' title="bbox 115 1611 1694 1703; baseline -0.002 -18"><span class='ocrx_word' id='word_1_246' title='bbox 115 1611 431 1699; x_wconf 44' lang='lat'><strong>850660178,</strong></span> <span class='ocrx_word' id='word_1_247' title='bbox 464 1633 561 1685; x_wconf 78' lang='grc' dir='ltr'>καὶ</span> <span class='ocrx_word' id='word_1_248' title='bbox 595 1632 704 1686; x_wconf 70' lang='grc' dir='ltr'>υἱοὶ</span> <span class='ocrx_word' id='word_1_249' title='bbox 737 1632 992 1703; x_wconf 73' lang='grc' dir='ltr'>Ὑψίστου</span> <span class='ocrx_word' id='word_1_250' title='bbox 1044 1611 1283 1695; x_wconf 87' lang='grc' dir='ltr'>πάντες·</span> <span class='ocrx_word' id='word_1_251' title='bbox 1336 1650 1355 1682; x_wconf 75' lang='grc' dir='ltr'>ι</span> <span class='ocrx_word' id='word_1_252' title='bbox 1406 1630 1548 1684; x_wconf 77' lang='grc' dir='ltr'>οὓτω</span> <span class='ocrx_word' id='word_1_253' title='bbox 1602 1631 1694 1683; x_wconf 76' lang='grc' dir='ltr'><strong>καί¹</strong></span> 
     </span>
    </p>
   </div>
   <div class='ocr_carea' id='block_1_33' title="bbox 1799 1611 3366 1703">
    <p class='ocr_par' dir='ltr' id='par_1_33' title="bbox 1799 1611 3366 1689">
     <span class='ocr_line' id='line_1_33' title="bbox 1799 1611 3366 1689; baseline -0.008 -14"><span class='ocrx_word' id='word_1_254' title='bbox 1799 1622 1940 1678; x_wconf 87' lang='lat' dir='ltr'><strong>Deus</strong></span> <span class='ocrx_word' id='word_1_255' title='bbox 1994 1640 2007 1676; x_wconf 91' lang='lat'><strong>:</strong></span> <span class='ocrx_word' id='word_1_256' title='bbox 2056 1620 2190 1675; x_wconf 85' lang='lat' dir='ltr'><strong>Nam</strong></span> <span class='ocrx_word' id='word_1_257' title='bbox 2233 1637 2252 1670; x_wconf 76' lang='grc' dir='ltr'>ι</span> <span class='ocrx_word' id='word_1_258' title='bbox 2303 1617 2443 1689; x_wconf 87' lang='lat' dir='ltr'><strong>Ego,</strong></span> <span class='ocrx_word' id='word_1_259' title='bbox 2491 1616 2599 1682; x_wconf 87' lang='lat' dir='ltr'><strong>ait,</strong></span> <span class='ocrx_word' id='word_1_260' title='bbox 2642 1614 2758 1669; x_wconf 80' lang='lat' dir='ltr'><strong>dixi</strong></span> <span class='ocrx_word' id='word_1_261' title='bbox 2802 1612 2933 1668; x_wconf 87' lang='lat' dir='ltr'><strong>:Dii</strong></span> <span class='ocrx_word' id='word_1_262' title='bbox 2985 1612 3155 1675; x_wconf 89' lang='lat' dir='ltr'><strong>estis,</strong></span> <span class='ocrx_word' id='word_1_263' title='bbox 3185 1619 3241 1667; x_wconf 90' lang='lat' dir='ltr'><strong>et</strong></span> <span class='ocrx_word' id='word_1_264' title='bbox 3269 1611 3366 1665; x_wconf 86' lang='lat' dir='ltr'><strong>ﬁlii</strong></span> 
     </span>
    </p>
   </div>
   <div class='ocr_carea' id='block_1_34' title="bbox 113 1697 1694 1795">
    <p class='ocr_par' dir='ltr' id='par_1_34' title="bbox 113 1697 1692 1795">
     <span class='ocr_line' id='line_1_34' title="bbox 113 1697 1692 1795; baseline -0.002 -17"><span class='ocrx_word' id='word_1_265' title='bbox 113 1725 211 1778; x_wconf 78' lang='grc' dir='ltr'>τοῦ</span> <span class='ocrx_word' id='word_1_266' title='bbox 244 1697 451 1795; x_wconf 88' lang='grc' dir='ltr'>κυρίως</span> <span class='ocrx_word' id='word_1_267' title='bbox 489 1723 621 1778; x_wconf 82' lang='grc' dir='ltr'>Υίοῢ</span> <span class='ocrx_word' id='word_1_268' title='bbox 647 1724 790 1778; x_wconf 81' lang='grc' dir='ltr'>κατὰ</span> <span class='ocrx_word' id='word_1_269' title='bbox 817 1697 983 1795; x_wconf 75' lang='grc' dir='ltr'>φύσιν</span> <span class='ocrx_word' id='word_1_270' title='bbox 1027 1724 1330 1795; x_wconf 81' lang='grc' dir='ltr'>(ὀμοούσιος</span> <span class='ocrx_word' id='word_1_271' title='bbox 1367 1722 1476 1795; x_wconf 85' lang='grc' dir='ltr'><strong>γάρ</strong></span> <span class='ocrx_word' id='word_1_272' title='bbox 1511 1723 1540 1774; x_wconf 98' lang='lat'><strong>6</strong></span> <span class='ocrx_word' id='word_1_273' title='bbox 1568 1722 1692 1786; x_wconf 84' lang='grc' dir='ltr'>Υἱὸς</span> 
     </span>
    </p>
   </div>
   <div class='ocr_carea' id='block_1_35' title="bbox 1799 1697 3366 1795">
    <p class='ocr_par' dir='ltr' id='par_1_35' title="bbox 1799 1701 3366 1779">
     <span class='ocr_line' id='line_1_35' title="bbox 1799 1701 3366 1779; baseline -0.009 -9"><span class='ocrx_word' id='word_1_274' title='bbox 1799 1714 2014 1771; x_wconf 78' lang='lat' dir='ltr'><strong>Excelsi</strong></span> <span class='ocrx_word' id='word_1_275' title='bbox 2040 1728 2232 1769; x_wconf 91' lang='lat' dir='ltr'><strong>omnes</strong></span> <span class='ocrx_word' id='word_1_276' title='bbox 2251 1714 2272 1745; x_wconf 83' lang='grc'><strong>⁹</strong></span> <span class='ocrx_word' id='word_1_277' title='bbox 2295 1729 2310 1778; x_wconf 90' lang='lat'><strong>;</strong></span> <span class='ocrx_word' id='word_1_278' title='bbox 2337 1729 2355 1762; x_wconf 71' lang='grc' dir='ltr'>ι</span> <span class='ocrx_word' id='word_1_279' title='bbox 2387 1710 2464 1764; x_wconf 90' lang='lat' dir='ltr'><strong>ita</strong></span> <span class='ocrx_word' id='word_1_280' title='bbox 2490 1723 2710 1779; x_wconf 85' lang='lat' dir='ltr'><strong>quoque</strong></span> <span class='ocrx_word' id='word_1_281' title='bbox 2758 1706 2908 1761; x_wconf 90' lang='lat' dir='ltr'><strong>illius</strong></span> <span class='ocrx_word' id='word_1_282' title='bbox 2938 1704 3033 1775; x_wconf 91' lang='lat' dir='ltr'><strong>qui</strong></span> <span class='ocrx_word' id='word_1_283' title='bbox 3065 1701 3366 1760; x_wconf 88' lang='lat' dir='ltr'><strong>secundum</strong></span> 
     </span>
    </p>
   </div>
   <div class='ocr_carea' id='block_1_36' title="bbox 112 1814 1691 1888">
    <p class='ocr_par' dir='ltr' id='par_1_36' title="bbox 112 1814 1691 1888">
     <span class='ocr_line' id='line_1_36' title="bbox 112 1814 1691 1888; baseline -0.001 -20"><span class='ocrx_word' id='word_1_284' title='bbox 112 1814 193 1885; x_wconf 76' lang='grc' dir='ltr'>τῷ</span> <span class='ocrx_word' id='word_1_285' title='bbox 221 1815 438 1887; x_wconf 83' lang='grc' dir='ltr'>Πατρί),</span> <span class='ocrx_word' id='word_1_286' title='bbox 469 1815 611 1872; x_wconf 81' lang='grc' dir='ltr'>κατὰ</span> <span class='ocrx_word' id='word_1_287' title='bbox 635 1816 793 1888; x_wconf 85' lang='grc' dir='ltr'>χάριν</span> <span class='ocrx_word' id='word_1_288' title='bbox 817 1816 874 1870; x_wconf 87' lang='grc' dir='ltr'>δὲ</span> <span class='ocrx_word' id='word_1_289' title='bbox 898 1817 994 1871; x_wconf 79' lang='grc' dir='ltr'>καὶ</span> <span class='ocrx_word' id='word_1_290' title='bbox 1028 1815 1338 1887; x_wconf 81' lang='grc' dir='ltr'>οἰκονομίαν</span> <span class='ocrx_word' id='word_1_291' title='bbox 1369 1815 1502 1880; x_wconf 88' lang='grc' dir='ltr'>Θεὸς</span> <span class='ocrx_word' id='word_1_292' title='bbox 1533 1814 1691 1883; x_wconf 88' lang='grc' dir='ltr'>λέγε-</span> 
     </span>
    </p>
   </div>
   <div class='ocr_carea' id='block_1_37' title="bbox 113 1907 1693 1981">
    <p class='ocr_par' dir='ltr' id='par_1_37' title="bbox 113 1907 1693 1981">
     <span class='ocr_line' id='line_1_37' title="bbox 113 1907 1693 1981; baseline 0.002 -22"><span class='ocrx_word' id='word_1_293' title='bbox 113 1924 255 1960; x_wconf 87' lang='grc' dir='ltr'>ται·</span> <span class='ocrx_word' id='word_1_294' title='bbox 312 1926 337 1960; x_wconf 65' lang='grc' dir='ltr'><strong>ι</strong></span> <span class='ocrx_word' id='word_1_295' title='bbox 406 1907 705 1963; x_wconf 74' lang='grc' dir='ltr'>Ἀναϐαίνω</span> <span class='ocrx_word' id='word_1_296' title='bbox 768 1909 895 1981; x_wconf 58' lang='grc' dir='ltr'>γὰρ,</span> <span class='ocrx_word' id='word_1_297' title='bbox 936 1911 1090 1980; x_wconf 78' lang='grc' dir='ltr'>φησὶ,</span> <span class='ocrx_word' id='word_1_298' title='bbox 1150 1909 1284 1980; x_wconf 91' lang='grc' dir='ltr'>πρὸς</span> <span class='ocrx_word' id='word_1_299' title='bbox 1322 1909 1412 1962; x_wconf 86' lang='grc' dir='ltr'>τὸν</span> <span class='ocrx_word' id='word_1_300' title='bbox 1475 1909 1693 1977; x_wconf 78' lang='grc' dir='ltr'>Πατέρα</span> 
     </span>
    </p>
   </div>
   <div class='ocr_carea' id='block_1_38' title="bbox 119 1997 1688 2071">
    <p class='ocr_par' dir='ltr' id='par_1_38' title="bbox 119 1997 1688 2071">
     <span class='ocr_line' id='line_1_38' title="bbox 119 1997 1688 2071; baseline 0.001 -22"><span class='ocrx_word' id='word_1_301' title='bbox 119 2014 221 2066; x_wconf 91' lang='grc' dir='ltr'><strong>μου</strong></span> <span class='ocrx_word' id='word_1_302' title='bbox 252 1997 346 2050; x_wconf 73' lang='grc' dir='ltr'><strong>καὶ</strong></span> <span class='ocrx_word' id='word_1_303' title='bbox 369 1998 583 2070; x_wconf 82' lang='grc' dir='ltr'>Πατέρα</span> <span class='ocrx_word' id='word_1_304' title='bbox 605 1997 777 2069; x_wconf 84' lang='grc' dir='ltr'>ὑμῶν,</span> <span class='ocrx_word' id='word_1_305' title='bbox 804 1998 899 2053; x_wconf 84' lang='grc' dir='ltr'><strong>καί</strong></span> <span class='ocrx_word' id='word_1_306' title='bbox 923 1999 1054 2054; x_wconf 87' lang='grc' dir='ltr'>Θεόν</span> <span class='ocrx_word' id='word_1_307' title='bbox 1087 2017 1188 2071; x_wconf 85' lang='grc' dir='ltr'><strong>μου</strong></span> <span class='ocrx_word' id='word_1_308' title='bbox 1209 2001 1301 2054; x_wconf 80' lang='grc' dir='ltr'>καὶ</span> <span class='ocrx_word' id='word_1_309' title='bbox 1321 1999 1451 2052; x_wconf 87' lang='grc' dir='ltr'>Θεὸν</span> <span class='ocrx_word' id='word_1_310' title='bbox 1481 1999 1633 2070; x_wconf 62' lang='grc' dir='ltr'>ὑμῶν</span> <span class='ocrx_word' id='word_1_311' title='bbox 1668 2019 1688 2051; x_wconf 72' lang='grc' dir='ltr'><strong>ι</strong></span> 
     </span>
    </p>
   </div>
   <div class='ocr_carea' id='block_1_39' title="bbox 118 2087 1693 2161">
    <p class='ocr_par' dir='ltr' id='par_1_39' title="bbox 118 2087 1693 2161">
     <span class='ocr_line' id='line_1_39' title="bbox 118 2087 1693 2161; baseline 0.001 -21"><span class='ocrx_word' id='word_1_312' title='bbox 118 2087 281 2140; x_wconf 86' lang='grc' dir='ltr'>Ὄτου</span> <span class='ocrx_word' id='word_1_313' title='bbox 308 2088 468 2160; x_wconf 86' lang='grc' dir='ltr'>χάριν</span> <span class='ocrx_word' id='word_1_314' title='bbox 503 2107 523 2143; x_wconf 78' lang='grc' dir='ltr'><strong>ι</strong></span> <span class='ocrx_word' id='word_1_315' title='bbox 557 2088 676 2141; x_wconf 76' lang='grc' dir='ltr'>οὐδὲ</span> <span class='ocrx_word' id='word_1_316' title='bbox 735 2089 997 2159; x_wconf 80' lang='grc' dir='ltr'>ἀδελφοὺς</span> <span class='ocrx_word' id='word_1_317' title='bbox 1048 2092 1196 2161; x_wconf 81' lang='grc' dir='ltr'>ἡμᾶς</span> <span class='ocrx_word' id='word_1_318' title='bbox 1254 2093 1285 2144; x_wconf 88' lang='lat'><strong>6</strong></span> <span class='ocrx_word' id='word_1_319' title='bbox 1326 2089 1452 2154; x_wconf 89' lang='grc' dir='ltr'>Υίὸς</span> <span class='ocrx_word' id='word_1_320' title='bbox 1508 2088 1693 2143; x_wconf 86' lang='grc' dir='ltr'>καλεῖν</span> 
     </span>
    </p>
   </div>
   <div class='ocr_carea' id='block_1_40' title="bbox 113 2179 1691 2253">
    <p class='ocr_par' dir='ltr' id='par_1_40' title="bbox 113 2179 1691 2253">
     <span class='ocr_line' id='line_1_40' title="bbox 113 2179 1691 2253; baseline 0.002 -22"><span class='ocrx_word' id='word_1_321' title='bbox 113 2179 531 2250; x_wconf 79' lang='grc' dir='ltr'><strong>ἐπαισχύνεται·</strong></span> <span class='ocrx_word' id='word_1_322' title='bbox 577 2180 897 2249; x_wconf 83' lang='grc' dir='ltr'>Ἀπαγγελῶ</span> <span class='ocrx_word' id='word_1_323' title='bbox 944 2181 1072 2253; x_wconf 83' lang='grc' dir='ltr'>γὰρ,</span> <span class='ocrx_word' id='word_1_324' title='bbox 1125 2182 1279 2253; x_wconf 73' lang='grc' dir='ltr'>φησί,</span> <span class='ocrx_word' id='word_1_325' title='bbox 1310 2182 1371 2234; x_wconf 87' lang='grc' dir='ltr'>τὸ</span> <span class='ocrx_word' id='word_1_326' title='bbox 1396 2180 1567 2252; x_wconf 74' lang='grc' dir='ltr'>ὄνομά</span> <span class='ocrx_word' id='word_1_327' title='bbox 1599 2197 1691 2235; x_wconf 89' lang='grc' dir='ltr'><strong>σου</strong></span> 
     </span>
    </p>
   </div>
   <div class='ocr_carea' id='block_1_41' title="bbox 114 2268 1688 2341">
    <p class='ocr_par' dir='ltr' id='par_1_41' title="bbox 114 2268 1688 2341">
     <span class='ocr_line' id='line_1_41' title="bbox 114 2268 1688 2341; baseline 0 -18"><span class='ocrx_word' id='word_1_328' title='bbox 114 2272 226 2333; x_wconf 85' lang='grc' dir='ltr'>τοῖς</span> <span class='ocrx_word' id='word_1_329' title='bbox 248 2270 494 2338; x_wconf 78' lang='grc' dir='ltr'>ἀδελφοῖς</span> <span class='ocrx_word' id='word_1_330' title='bbox 523 2287 643 2340; x_wconf 86' lang='grc' dir='ltr'>μου,</span> <span class='ocrx_word' id='word_1_331' title='bbox 676 2273 736 2324; x_wconf 83' lang='grc' dir='ltr'><strong>ὲν</strong></span> <span class='ocrx_word' id='word_1_332' title='bbox 765 2270 916 2341; x_wconf 80' lang='grc' dir='ltr'>μέσῳ</span> <span class='ocrx_word' id='word_1_333' title='bbox 943 2268 1263 2341; x_wconf 85' lang='grc' dir='ltr'>Ἐκκλησίας</span> <span class='ocrx_word' id='word_1_334' title='bbox 1290 2270 1514 2340; x_wconf 85' lang='grc' dir='ltr'>ὑμνήσω</span> <span class='ocrx_word' id='word_1_335' title='bbox 1546 2285 1626 2322; x_wconf 87' lang='grc' dir='ltr'>σε.</span> <span class='ocrx_word' id='word_1_336' title='bbox 1667 2287 1688 2323; x_wconf 69' lang='grc' dir='ltr'>ι</span> 
     </span>
    </p>
   </div>
   <div class='ocr_carea' id='block_1_42' title="bbox 119 2364 1698 2437">
    <p class='ocr_par' dir='ltr' id='par_1_42' title="bbox 119 2364 1698 2437">
     <span class='ocr_line' id='line_1_42' title="bbox 119 2364 1698 2437; baseline 0 -20"><span class='ocrx_word' id='word_1_337' title='bbox 119 2385 138 2417; x_wconf 75' lang='grc' dir='ltr'>ι</span> <span class='ocrx_word' id='word_1_338' title='bbox 163 2364 362 2429; x_wconf 80' lang='grc' dir='ltr'>Καθὼς</span> <span class='ocrx_word' id='word_1_339' title='bbox 388 2366 695 2437; x_wconf 84' lang='grc' dir='ltr'>γέγραπται</span> <span class='ocrx_word' id='word_1_340' title='bbox 729 2365 786 2417; x_wconf 82' lang='grc' dir='ltr'><strong>ὲν</strong></span> <span class='ocrx_word' id='word_1_341' title='bbox 815 2365 964 2436; x_wconf 85' lang='grc' dir='ltr'>νόμῳ</span> <span class='ocrx_word' id='word_1_342' title='bbox 987 2364 1214 2436; x_wconf 84' lang='grc' dir='ltr'>Κυρίου.</span> <span class='ocrx_word' id='word_1_343' title='bbox 1245 2383 1263 2415; x_wconf 82' lang='grc' dir='ltr'>ι</span> <span class='ocrx_word' id='word_1_344' title='bbox 1286 2364 1348 2416; x_wconf 75' lang='grc' dir='ltr'><strong><em>Ὠ</em></strong></span> <span class='ocrx_word' id='word_1_345' title='bbox 1367 2364 1467 2434; x_wconf 85' lang='grc' dir='ltr'>τῆς</span> <span class='ocrx_word' id='word_1_346' title='bbox 1494 2365 1698 2417; x_wconf 86' lang='grc' dir='ltr'>οἰκονο-</span> 
     </span>
    </p>
   </div>
   <div class='ocr_carea' id='block_1_43' title="bbox 117 2455 1696 2527">
    <p class='ocr_par' dir='ltr' id='par_1_43' title="bbox 117 2455 1696 2527">
     <span class='ocr_line' id='line_1_43' title="bbox 117 2455 1696 2527; baseline 0 -19"><span class='ocrx_word' id='word_1_347' title='bbox 117 2457 282 2527; x_wconf 76' lang='grc' dir='ltr'>μίαςί</span> <span class='ocrx_word' id='word_1_348' title='bbox 317 2455 364 2510; x_wconf 85' lang='grc' dir='ltr'><strong>ὣ</strong></span> <span class='ocrx_word' id='word_1_349' title='bbox 395 2457 494 2527; x_wconf 81' lang='grc' dir='ltr'>τῆς</span> <span class='ocrx_word' id='word_1_350' title='bbox 522 2455 931 2526; x_wconf 83' lang='grc' dir='ltr'>ἀνεξιχνιάστου</span> <span class='ocrx_word' id='word_1_351' title='bbox 962 2456 1138 2527; x_wconf 78' lang='grc' dir='ltr'>περἰὴ</span> <span class='ocrx_word' id='word_1_352' title='bbox 1149 2457 1255 2527; x_wconf 85' lang='grc' dir='ltr'><strong>μᾶς</strong></span> <span class='ocrx_word' id='word_1_353' title='bbox 1282 2455 1378 2508; x_wconf 86' lang='grc' dir='ltr'>τοῦ</span> <span class='ocrx_word' id='word_1_354' title='bbox 1409 2455 1582 2524; x_wconf 84' lang='grc' dir='ltr'>Λόγου</span> <span class='ocrx_word' id='word_1_355' title='bbox 1618 2457 1696 2508; x_wconf 83' lang='grc' dir='ltr'><strong>οἰ-</strong></span> 
     </span>
    </p>
   </div>
   <div class='ocr_carea' id='block_1_44' title="bbox 114 2546 1694 2618">
    <p class='ocr_par' dir='ltr' id='par_1_44' title="bbox 114 2546 1694 2618">
     <span class='ocr_line' id='line_1_44' title="bbox 114 2546 1694 2618; baseline -0.001 -17"><span class='ocrx_word' id='word_1_356' title='bbox 114 2548 375 2617; x_wconf 85' lang='grc' dir='ltr'>κονομίας</span> <span class='ocrx_word' id='word_1_357' title='bbox 402 2548 498 2602; x_wconf 76' lang='grc' dir='ltr'><strong>καὶ</strong></span> <span class='ocrx_word' id='word_1_358' title='bbox 533 2547 893 2618; x_wconf 74' lang='grc' dir='ltr'>ἁγαθότητοςί</span> <span class='ocrx_word' id='word_1_359' title='bbox 937 2547 994 2601; x_wconf 88' lang='grc' dir='ltr'>Ὁ</span> <span class='ocrx_word' id='word_1_360' title='bbox 1019 2546 1316 2618; x_wconf 81' lang='grc' dir='ltr'><strong>νομοθέτης</strong></span> <span class='ocrx_word' id='word_1_361' title='bbox 1347 2546 1451 2599; x_wconf 84' lang='grc' dir='ltr'><strong>ὑπὸ</strong></span> <span class='ocrx_word' id='word_1_362' title='bbox 1489 2546 1579 2600; x_wconf 84' lang='grc' dir='ltr'>τὸν</span> <span class='ocrx_word' id='word_1_363' title='bbox 1607 2546 1694 2600; x_wconf 86' lang='grc' dir='ltr'><strong>νό-</strong></span> 
     </span>
    </p>
   </div>
   <div class='ocr_carea' id='block_1_45' title="bbox 119 2636 1694 2709">
    <p class='ocr_par' dir='ltr' id='par_1_45' title="bbox 119 2636 1694 2709">
     <span class='ocr_line' id='line_1_45' title="bbox 119 2636 1694 2709; baseline 0 -19"><span class='ocrx_word' id='word_1_364' title='bbox 119 2654 251 2708; x_wconf 77' lang='grc' dir='ltr'>μονο</span> <span class='ocrx_word' id='word_1_365' title='bbox 296 2640 325 2692; x_wconf 92' lang='lat'><strong>6</strong></span> <span class='ocrx_word' id='word_1_366' title='bbox 376 2637 485 2692; x_wconf 87' lang='grc' dir='ltr'><strong>τῶν</strong></span> <span class='ocrx_word' id='word_1_367' title='bbox 535 2637 848 2692; x_wconf 86' lang='grc' dir='ltr'>Μωσαῖκῶν</span> <span class='ocrx_word' id='word_1_368' title='bbox 896 2638 1333 2709; x_wconf 84' lang='grc' dir='ltr'>προσταγμάτων</span> <span class='ocrx_word' id='word_1_369' title='bbox 1376 2636 1533 2709; x_wconf 84' lang='grc' dir='ltr'>δοτὴρ</span> <span class='ocrx_word' id='word_1_370' title='bbox 1581 2640 1694 2702; x_wconf 89' lang='grc' dir='ltr'>τοῖς</span> 
     </span>
    </p>
   </div>
   <div class='ocr_carea' id='block_1_46' title="bbox 117 2729 1694 2800">
    <p class='ocr_par' dir='ltr' id='par_1_46' title="bbox 117 2729 1694 2800">
     <span class='ocr_line' id='line_1_46' title="bbox 117 2729 1694 2800; baseline 0.002 -20"><span class='ocrx_word' id='word_1_371' title='bbox 117 2729 610 2800; x_wconf 79' lang='grc' dir='ltr'>προσταττομένοις</span> <span class='ocrx_word' id='word_1_372' title='bbox 668 2729 998 2784; x_wconf 88' lang='grc' dir='ltr'>ὑποκύπτειν</span> <span class='ocrx_word' id='word_1_373' title='bbox 1049 2731 1149 2783; x_wconf 78' lang='grc' dir='ltr'>οὐκ</span> <span class='ocrx_word' id='word_1_374' title='bbox 1203 2730 1579 2784; x_wconf 83' lang='grc' dir='ltr'>ἀπαναίνεται.</span> <span class='ocrx_word' id='word_1_375' title='bbox 1636 2730 1694 2783; x_wconf 85' lang='lat'><strong>&#39;0</strong></span> 
     </span>
    </p>
   </div>
   <div class='ocr_carea' id='block_1_47' title="bbox 114 2818 1690 2891">
    <p class='ocr_par' dir='ltr' id='par_1_47' title="bbox 114 2818 1690 2891">
     <span class='ocr_line' id='line_1_47' title="bbox 114 2818 1690 2891; baseline 0.001 -20"><span class='ocrx_word' id='word_1_376' title='bbox 114 2819 215 2889; x_wconf 76' lang='grc' dir='ltr'>τῆς</span> <span class='ocrx_word' id='word_1_377' title='bbox 261 2818 357 2871; x_wconf 78' lang='grc' dir='ltr'>τοῦ</span> <span class='ocrx_word' id='word_1_378' title='bbox 390 2818 553 2889; x_wconf 85' lang='grc' dir='ltr'>νόμου</span> <span class='ocrx_word' id='word_1_379' title='bbox 598 2819 838 2891; x_wconf 83' lang='grc' dir='ltr'>κατάρας</span> <span class='ocrx_word' id='word_1_380' title='bbox 880 2818 1248 2889; x_wconf 82' lang='grc' dir='ltr'>ἐλευθερώσας</span> <span class='ocrx_word' id='word_1_381' title='bbox 1271 2819 1362 2871; x_wconf 87' lang='grc' dir='ltr'>τὸν</span> <span class='ocrx_word' id='word_1_382' title='bbox 1389 2818 1690 2889; x_wconf 80' lang='grc' dir='ltr'>ἄνθρωπον,</span> 
     </span>
    </p>
   </div>
   <div class='ocr_carea' id='block_1_48' title="bbox 115 2908 1621 2981">
    <p class='ocr_par' dir='ltr' id='par_1_48' title="bbox 115 2908 1621 2981">
     <span class='ocr_line' id='line_1_48' title="bbox 115 2908 1621 2981; baseline 0.001 -19"><span class='ocrx_word' id='word_1_383' title='bbox 115 2910 193 2972; x_wconf 83' lang='grc' dir='ltr'><strong>ὡς</strong></span> <span class='ocrx_word' id='word_1_384' title='bbox 219 2909 506 2980; x_wconf 76' lang='grc' dir='ltr'>ἄνθρωπος</span> <span class='ocrx_word' id='word_1_385' title='bbox 533 2909 613 2979; x_wconf 86' lang='grc' dir='ltr'>τῷ</span> <span class='ocrx_word' id='word_1_386' title='bbox 639 2910 788 2981; x_wconf 86' lang='grc' dir='ltr'>νόμῳ</span> <span class='ocrx_word' id='word_1_387' title='bbox 824 2908 1095 2965; x_wconf 83' lang='grc' dir='ltr'>δουλεύειν</span> <span class='ocrx_word' id='word_1_388' title='bbox 1120 2911 1219 2965; x_wconf 80' lang='grc' dir='ltr'>οὐκ</span> <span class='ocrx_word' id='word_1_389' title='bbox 1243 2909 1621 2964; x_wconf 78' lang='grc' dir='ltr'>ἀναϐάλλεται.</span> 
     </span>
    </p>
   </div>
   <div class='ocr_carea' id='block_1_49' title="bbox 189 2999 1762 3089">
    <p class='ocr_par' dir='ltr' id='par_1_49' title="bbox 189 2999 1762 3089">
     <span class='ocr_line' id='line_1_49' title="bbox 189 2999 1762 3089; baseline -0.002 -33"><span class='ocrx_word' id='word_1_390' title='bbox 189 3002 243 3056; x_wconf 76' lang='grc'>4.</span> <span class='ocrx_word' id='word_1_391' title='bbox 286 3020 304 3051; x_wconf 77' lang='grc' dir='ltr'>ι</span> <span class='ocrx_word' id='word_1_392' title='bbox 338 2999 533 3064; x_wconf 81' lang='grc' dir='ltr'>Καθὼς</span> <span class='ocrx_word' id='word_1_393' title='bbox 563 3002 679 3054; x_wconf 74' lang='grc' dir='ltr'>ἐστι</span> <span class='ocrx_word' id='word_1_394' title='bbox 708 3000 1090 3072; x_wconf 82' lang='grc' dir='ltr'>γεγραμμένον</span> <span class='ocrx_word' id='word_1_395' title='bbox 1130 3002 1189 3055; x_wconf 79' lang='grc' dir='ltr'>ἐν</span> <span class='ocrx_word' id='word_1_396' title='bbox 1229 3000 1378 3089; x_wconf 64' lang='grc' dir='ltr'>νύμῳ</span> <span class='ocrx_word' id='word_1_397' title='bbox 1406 3002 1634 3072; x_wconf 86' lang='grc' dir='ltr'>Κυρίου.</span> <span class='ocrx_word' id='word_1_398' title='bbox 1668 3019 1688 3053; x_wconf 73' lang='grc' dir='ltr'><strong>ι</strong></span> <span class='ocrx_word' id='word_1_399' title='bbox 1720 3031 1762 3089; x_wconf 76' lang='lat' dir='ltr'>c</span> 
     </span>
    </p>
   </div>
   <div class='ocr_carea' id='block_1_50' title="bbox 118 3086 1694 3163">
    <p class='ocr_par' dir='ltr' id='par_1_50' title="bbox 118 3086 1694 3163">
     <span class='ocr_line' id='line_1_50' title="bbox 118 3086 1694 3163; baseline -0.001 -18"><span class='ocrx_word' id='word_1_400' title='bbox 118 3092 217 3155; x_wconf 83' lang='grc' dir='ltr'><strong>Τίς</strong></span> <span class='ocrx_word' id='word_1_401' title='bbox 255 3092 285 3143; x_wconf 92' lang='lat'><strong>6</strong></span> <span class='ocrx_word' id='word_1_402' title='bbox 322 3089 558 3161; x_wconf 78' lang='grc' dir='ltr'>γράψας,</span> <span class='ocrx_word' id='word_1_403' title='bbox 588 3090 705 3156; x_wconf 90' lang='grc' dir='ltr'>τίς;</span> <span class='ocrx_word' id='word_1_404' title='bbox 748 3092 805 3144; x_wconf 82' lang='grc'><strong>’0</strong></span> <span class='ocrx_word' id='word_1_405' title='bbox 843 3091 1064 3163; x_wconf 84' lang='grc' dir='ltr'>Κύριος.</span> <span class='ocrx_word' id='word_1_406' title='bbox 1096 3092 1208 3162; x_wconf 81' lang='grc' dir='ltr'><strong>Οὐχ</strong></span> <span class='ocrx_word' id='word_1_407' title='bbox 1242 3086 1323 3155; x_wconf 75' lang='grc' dir='ltr'>εἷς</span> <span class='ocrx_word' id='word_1_408' title='bbox 1356 3092 1450 3144; x_wconf 78' lang='grc' dir='ltr'><strong>καί</strong></span> <span class='ocrx_word' id='word_1_409' title='bbox 1477 3094 1505 3145; x_wconf 91' lang='grc' dir='ltr'>ὁ</span> <span class='ocrx_word' id='word_1_410' title='bbox 1531 3092 1694 3156; x_wconf 79' lang='grc' dir='ltr'>αὐτός</span> 
     </span>
    </p>
   </div>
   <div class='ocr_carea' id='block_1_51' title="bbox 116 3174 1691 3253">
    <p class='ocr_par' dir='ltr' id='par_1_51' title="bbox 116 3174 1691 3253">
     <span class='ocr_line' id='line_1_51' title="bbox 116 3174 1691 3253; baseline -0.001 -17"><span class='ocrx_word' id='word_1_411' title='bbox 116 3185 269 3236; x_wconf 74' lang='grc' dir='ltr'>ἐστιν</span> <span class='ocrx_word' id='word_1_412' title='bbox 292 3174 469 3246; x_wconf 70' lang='grc' dir='ltr'>οὗτος,</span> <span class='ocrx_word' id='word_1_413' title='bbox 502 3184 531 3236; x_wconf 91' lang='lat'><strong>6</strong></span> <span class='ocrx_word' id='word_1_414' title='bbox 561 3183 656 3236; x_wconf 81' lang='grc' dir='ltr'><strong>σὺν</strong></span> <span class='ocrx_word' id='word_1_415' title='bbox 687 3182 865 3253; x_wconf 86' lang='grc' dir='ltr'>Πατρί</span> <span class='ocrx_word' id='word_1_416' title='bbox 893 3182 988 3236; x_wconf 79' lang='grc' dir='ltr'><strong>καὶ</strong></span> <span class='ocrx_word' id='word_1_417' title='bbox 1014 3182 1691 3253; x_wconf 78' lang='grc' dir='ltr'>Πνεύματιδοξαζόμενος;</span> 
     </span>
    </p>
   </div>
   <div class='ocr_carea' id='block_1_52' title="bbox 117 3267 1693 3342">
    <p class='ocr_par' dir='ltr' id='par_1_52' title="bbox 117 3267 1693 3342">
     <span class='ocr_line' id='line_1_52' title="bbox 117 3267 1693 3342; baseline -0.001 -16"><span class='ocrx_word' id='word_1_418' title='bbox 117 3273 249 3335; x_wconf 74' lang='grc' dir='ltr'>Ναὶ,</span> <span class='ocrx_word' id='word_1_419' title='bbox 286 3271 449 3342; x_wconf 80' lang='grc' dir='ltr'>φησίν</span> <span class='ocrx_word' id='word_1_420' title='bbox 469 3289 482 3302; x_wconf 89' lang='grc'><strong>·</strong></span> <span class='ocrx_word' id='word_1_421' title='bbox 515 3270 651 3325; x_wconf 80' lang='grc' dir='ltr'>ἀλλὰ</span> <span class='ocrx_word' id='word_1_422' title='bbox 681 3271 779 3340; x_wconf 77' lang='grc' dir='ltr'>τῆς</span> <span class='ocrx_word' id='word_1_423' title='bbox 815 3267 1125 3341; x_wconf 78' lang='grc' dir='ltr'>οἰκονομίας</span> <span class='ocrx_word' id='word_1_424' title='bbox 1152 3271 1330 3335; x_wconf 76' lang='grc' dir='ltr'>τοῦτο,</span> <span class='ocrx_word' id='word_1_425' title='bbox 1365 3271 1460 3326; x_wconf 73' lang='grc' dir='ltr'>καὶ</span> <span class='ocrx_word' id='word_1_426' title='bbox 1491 3269 1586 3324; x_wconf 75' lang='grc' dir='ltr'>τοῦ</span> <span class='ocrx_word' id='word_1_427' title='bbox 1619 3270 1693 3342; x_wconf 84' lang='grc' dir='ltr'>μὴ</span> 
     </span>
    </p>
   </div>
   <div class='ocr_carea' id='block_1_53' title="bbox 119 3362 1691 3436">
    <p class='ocr_par' dir='ltr' id='par_1_53' title="bbox 119 3362 1691 3436">
     <span class='ocr_line' id='line_1_53' title="bbox 119 3362 1691 3436; baseline 0.001 -20"><span class='ocrx_word' id='word_1_428' title='bbox 119 3362 441 3433; x_wconf 74' lang='grc' dir='ltr'>νομισθῆναι</span> <span class='ocrx_word' id='word_1_429' title='bbox 491 3363 605 3425; x_wconf 85' lang='grc' dir='ltr'>τοῖς</span> <span class='ocrx_word' id='word_1_430' title='bbox 652 3362 1038 3433; x_wconf 86' lang='grc' dir='ltr'>χριστομάχοις</span> <span class='ocrx_word' id='word_1_431' title='bbox 1085 3362 1348 3427; x_wconf 84' lang='grc' dir='ltr'>ἀντίθεος.</span> <span class='ocrx_word' id='word_1_432' title='bbox 1407 3381 1428 3415; x_wconf 75' lang='grc' dir='ltr'><strong>ι</strong></span> <span class='ocrx_word' id='word_1_433' title='bbox 1476 3364 1568 3436; x_wconf 83' lang='grc' dir='ltr'><strong>Μὴ</strong></span> <span class='ocrx_word' id='word_1_434' title='bbox 1603 3382 1691 3417; x_wconf 80' lang='grc' dir='ltr'>νοο</span> 
     </span>
    </p>
   </div>
   <div class='ocr_carea' id='block_1_54' title="bbox 119 3446 1696 3521">
    <p class='ocr_par' dir='ltr' id='par_1_54' title="bbox 119 3446 1696 3521">
     <span class='ocr_line' id='line_1_54' title="bbox 119 3446 1696 3521; baseline 0.003 -20"><span class='ocrx_word' id='word_1_435' title='bbox 119 3450 319 3520; x_wconf 89' lang='grc' dir='ltr'>μίσητε</span> <span class='ocrx_word' id='word_1_436' title='bbox 371 3448 500 3520; x_wconf 81' lang='grc' dir='ltr'>γὰρ,</span> <span class='ocrx_word' id='word_1_437' title='bbox 559 3450 741 3519; x_wconf 72' lang='grc' dir='ltr'>φησὶν,</span> <span class='ocrx_word' id='word_1_438' title='bbox 794 3450 875 3503; x_wconf 82' lang='grc' dir='ltr'>ὅτι</span> <span class='ocrx_word' id='word_1_439' title='bbox 931 3446 1095 3521; x_wconf 81' lang='grc' dir='ltr'>ἦλθον</span> <span class='ocrx_word' id='word_1_440' title='bbox 1148 3450 1449 3507; x_wconf 75' lang='grc' dir='ltr'>καταλῦσαι</span> <span class='ocrx_word' id='word_1_441' title='bbox 1487 3452 1579 3506; x_wconf 84' lang='grc' dir='ltr'><strong>τὸν</strong></span> <span class='ocrx_word' id='word_1_442' title='bbox 1609 3452 1696 3508; x_wconf 84' lang='grc' dir='ltr'><strong>νό-</strong></span> 
     </span>
    </p>
   </div>
   <div class='ocr_carea' id='block_1_55' title="bbox 116 3538 1695 3615">
    <p class='ocr_par' dir='ltr' id='par_1_55' title="bbox 116 3538 1695 3615">
     <span class='ocr_line' id='line_1_55' title="bbox 116 3538 1695 3615; baseline 0.004 -21"><span class='ocrx_word' id='word_1_443' title='bbox 116 3559 224 3615; x_wconf 91' lang='grc' dir='ltr'><strong>μον</strong></span> <span class='ocrx_word' id='word_1_444' title='bbox 267 3541 300 3612; x_wconf 79' lang='grc' dir='ltr'>ἢ</span> <span class='ocrx_word' id='word_1_445' title='bbox 342 3541 468 3605; x_wconf 83' lang='grc' dir='ltr'>τοὺς</span> <span class='ocrx_word' id='word_1_446' title='bbox 513 3544 823 3614; x_wconf 83' lang='grc' dir='ltr'>προφήτας·</span> <span class='ocrx_word' id='word_1_447' title='bbox 868 3542 971 3599; x_wconf 82' lang='grc' dir='ltr'>οὐκ</span> <span class='ocrx_word' id='word_1_448' title='bbox 1009 3538 1173 3614; x_wconf 83' lang='grc' dir='ltr'>ἦλθον</span> <span class='ocrx_word' id='word_1_449' title='bbox 1205 3543 1527 3609; x_wconf 82' lang='grc' dir='ltr'>καταλῦσαι,</span> <span class='ocrx_word' id='word_1_450' title='bbox 1559 3544 1695 3601; x_wconf 83' lang='grc' dir='ltr'>ἀλλὰ</span> 
     </span>
    </p>
   </div>
   <div class='ocr_carea' id='block_1_56' title="bbox 115 3633 1694 3709">
    <p class='ocr_par' dir='ltr' id='par_1_56' title="bbox 115 3633 1694 3709">
     <span class='ocr_line' id='line_1_56' title="bbox 115 3633 1694 3709; baseline 0.002 -21"><span class='ocrx_word' id='word_1_451' title='bbox 115 3634 430 3706; x_wconf 87' lang='grc' dir='ltr'>πληρῶσαι.</span> <span class='ocrx_word' id='word_1_452' title='bbox 464 3653 483 3685; x_wconf 73' lang='grc' dir='ltr'>ι</span> <span class='ocrx_word' id='word_1_453' title='bbox 522 3636 631 3689; x_wconf 69' lang='grc' dir='ltr'><strong>Καὶ⁵</strong></span> <span class='ocrx_word' id='word_1_454' title='bbox 654 3635 707 3688; x_wconf 86' lang='grc' dir='ltr'><strong>τί</strong></span> <span class='ocrx_word' id='word_1_455' title='bbox 748 3633 895 3699; x_wconf 80' lang='grc' dir='ltr'>ξένον</span> <span class='ocrx_word' id='word_1_456' title='bbox 933 3637 983 3690; x_wconf 91' lang='grc' dir='ltr'>εἰ</span> <span class='ocrx_word' id='word_1_457' title='bbox 1010 3637 1038 3689; x_wconf 89' lang='lat'><strong>6</strong></span> <span class='ocrx_word' id='word_1_458' title='bbox 1068 3636 1320 3706; x_wconf 84' lang='grc' dir='ltr'><strong>γέννησιν</strong></span> <span class='ocrx_word' id='word_1_459' title='bbox 1352 3637 1448 3691; x_wconf 77' lang='grc' dir='ltr'><strong>καὶ</strong></span> <span class='ocrx_word' id='word_1_460' title='bbox 1486 3637 1694 3709; x_wconf 84' lang='grc' dir='ltr'>φάτνην</span> 
     </span>
    </p>
   </div>
   <div class='ocr_carea' id='block_1_57' title="bbox 117 3726 1692 3801">
    <p class='ocr_par' dir='ltr' id='par_1_57' title="bbox 117 3726 1692 3801">
     <span class='ocr_line' id='line_1_57' title="bbox 117 3726 1692 3801; baseline 0.001 -20"><span class='ocrx_word' id='word_1_461' title='bbox 117 3729 217 3782; x_wconf 79' lang='grc' dir='ltr'>καὶ</span> <span class='ocrx_word' id='word_1_462' title='bbox 253 3727 563 3798; x_wconf 89' lang='grc' dir='ltr'>σπάργανα,</span> <span class='ocrx_word' id='word_1_463' title='bbox 594 3728 687 3780; x_wconf 80' lang='grc' dir='ltr'>καὶ</span> <span class='ocrx_word' id='word_1_464' title='bbox 722 3726 1025 3798; x_wconf 82' lang='grc' dir='ltr'>περιτομὴν</span> <span class='ocrx_word' id='word_1_465' title='bbox 1061 3727 1490 3801; x_wconf 84' lang='grc' dir='ltr'>καταδεξάμενος</span> <span class='ocrx_word' id='word_1_466' title='bbox 1526 3729 1692 3783; x_wconf 73' lang='grc' dir='ltr'>ὀκταε-</span> 
     </span>
    </p>
   </div>
   <div class='ocr_carea' id='block_1_58' title="bbox 115 3818 1694 3890">
    <p class='ocr_par' dir='ltr' id='par_1_58' title="bbox 115 3818 1694 3890">
     <span class='ocr_line' id='line_1_58' title="bbox 115 3818 1694 3890; baseline 0.003 -20"><span class='ocrx_word' id='word_1_467' title='bbox 115 3820 151 3890; x_wconf 84' lang='grc' dir='ltr'><strong>ή</strong></span> <span class='ocrx_word' id='word_1_468' title='bbox 160 3835 229 3888; x_wconf 89' lang='grc' dir='ltr'><strong>με</strong></span> <span class='ocrx_word' id='word_1_469' title='bbox 240 3835 351 3889; x_wconf 87' lang='grc' dir='ltr'>ρον,</span> <span class='ocrx_word' id='word_1_470' title='bbox 383 3819 476 3872; x_wconf 77' lang='grc' dir='ltr'>καὶ</span> <span class='ocrx_word' id='word_1_471' title='bbox 508 3819 854 3890; x_wconf 83' lang='grc' dir='ltr'>παραστῆναι</span> <span class='ocrx_word' id='word_1_472' title='bbox 884 3818 1064 3873; x_wconf 75' lang='grc' dir='ltr'>ἔναντι</span> <span class='ocrx_word' id='word_1_473' title='bbox 1091 3820 1297 3890; x_wconf 84' lang='grc' dir='ltr'>Κυρίου</span> <span class='ocrx_word' id='word_1_474' title='bbox 1326 3821 1469 3875; x_wconf 87' lang='grc' dir='ltr'>κατὰ</span> <span class='ocrx_word' id='word_1_475' title='bbox 1497 3822 1587 3875; x_wconf 82' lang='grc' dir='ltr'>τὸν</span> <span class='ocrx_word' id='word_1_476' title='bbox 1608 3821 1694 3875; x_wconf 81' lang='grc' dir='ltr'><strong>νό-</strong></span> 
     </span>
    </p>
   </div>
   <div class='ocr_carea' id='block_1_59' title="bbox 119 3910 1693 3983">
    <p class='ocr_par' dir='ltr' id='par_1_59' title="bbox 119 3910 1693 3983">
     <span class='ocr_line' id='line_1_59' title="bbox 119 3910 1693 3983; baseline 0.003 -19"><span class='ocrx_word' id='word_1_477' title='bbox 119 3928 224 3981; x_wconf 86' lang='grc' dir='ltr'><strong>μον</strong></span> <span class='ocrx_word' id='word_1_478' title='bbox 251 3910 460 3967; x_wconf 75' lang='grc' dir='ltr'>ἄνεισιν</span> <span class='ocrx_word' id='word_1_479' title='bbox 487 3913 566 3976; x_wconf 86' lang='grc' dir='ltr'>εἰς</span> <span class='ocrx_word' id='word_1_480' title='bbox 600 3912 964 3983; x_wconf 81' lang='grc' dir='ltr'>Ἱεροσόλυμα·</span> <span class='ocrx_word' id='word_1_481' title='bbox 997 3912 1054 3976; x_wconf 85' lang='grc' dir='ltr'>ὃς</span> <span class='ocrx_word' id='word_1_482' title='bbox 1083 3930 1147 3981; x_wconf 92' lang='grc' dir='ltr'>γε</span> <span class='ocrx_word' id='word_1_483' title='bbox 1170 3912 1424 3967; x_wconf 80' lang='grc' dir='ltr'>τοσοῦτον</span> <span class='ocrx_word' id='word_1_484' title='bbox 1447 3914 1547 3967; x_wconf 82' lang='grc' dir='ltr'>οὐκ</span> <span class='ocrx_word' id='word_1_485' title='bbox 1572 3917 1693 3968; x_wconf 83' lang='grc' dir='ltr'>ὲπι-</span> 
     </span>
    </p>
   </div>
   <div class='ocr_carea' id='block_1_60' title="bbox 115 4001 1697 4076">
    <p class='ocr_par' dir='ltr' id='par_1_60' title="bbox 115 4001 1697 4076">
     <span class='ocr_line' id='line_1_60' title="bbox 115 4001 1697 4076; baseline 0.003 -22"><span class='ocrx_word' id='word_1_486' title='bbox 115 4001 457 4057; x_wconf 85' lang='grc' dir='ltr'>καλύπτεται</span> <span class='ocrx_word' id='word_1_487' title='bbox 483 4002 712 4068; x_wconf 84' lang='grc' dir='ltr'>τούτοις,</span> <span class='ocrx_word' id='word_1_488' title='bbox 741 4004 823 4058; x_wconf 82' lang='grc' dir='ltr'>ὅτι</span> <span class='ocrx_word' id='word_1_489' title='bbox 846 4003 938 4058; x_wconf 76' lang='grc' dir='ltr'><strong>καὶ</strong></span> <span class='ocrx_word' id='word_1_490' title='bbox 958 4004 1036 4074; x_wconf 81' lang='grc' dir='ltr'>τῷ</span> <span class='ocrx_word' id='word_1_491' title='bbox 1057 4005 1313 4076; x_wconf 84' lang='grc' dir='ltr'>Στεφάνῳ</span> <span class='ocrx_word' id='word_1_492' title='bbox 1336 4004 1697 4059; x_wconf 86' lang='grc' dir='ltr'>λιθολευστου-</span> 
     </span>
    </p>
   </div>
   <div class='ocr_carea' id='block_1_61' title="bbox 119 4094 1696 4169">
    <p class='ocr_par' dir='ltr' id='par_1_61' title="bbox 119 4094 1696 4169">
     <span class='ocr_line' id='line_1_61' title="bbox 119 4094 1696 4169; baseline 0.002 -22"><span class='ocrx_word' id='word_1_493' title='bbox 119 4094 273 4166; x_wconf 84' lang='grc' dir='ltr'>μένῳ</span> <span class='ocrx_word' id='word_1_494' title='bbox 304 4094 442 4166; x_wconf 89' lang='grc' dir='ltr'>πρὸς</span> <span class='ocrx_word' id='word_1_495' title='bbox 484 4095 753 4150; x_wconf 87' lang='grc' dir='ltr'>Ἰουδαίων</span> <span class='ocrx_word' id='word_1_496' title='bbox 797 4096 863 4149; x_wconf 80' lang='grc' dir='ltr'>ἐκ</span> <span class='ocrx_word' id='word_1_497' title='bbox 897 4095 1088 4162; x_wconf 78' lang='grc' dir='ltr'>δεξιῶν</span> <span class='ocrx_word' id='word_1_498' title='bbox 1122 4095 1333 4150; x_wconf 75' lang='grc' dir='ltr'>ἑστῶτα</span> <span class='ocrx_word' id='word_1_499' title='bbox 1363 4095 1456 4150; x_wconf 81' lang='grc' dir='ltr'>τοῦ</span> <span class='ocrx_word' id='word_1_500' title='bbox 1485 4097 1696 4169; x_wconf 87' lang='grc' dir='ltr'>Πατρὸς</span> 
     </span>
    </p>
   </div>
   <div class='ocr_carea' id='block_1_62' title="bbox 116 4185 1696 4259">
    <p class='ocr_par' dir='ltr' id='par_1_62' title="bbox 116 4185 1696 4259">
     <span class='ocr_line' id='line_1_62' title="bbox 116 4185 1696 4259; baseline 0.003 -21"><span class='ocrx_word' id='word_1_501' title='bbox 116 4185 413 4256; x_wconf 72' lang='grc' dir='ltr'>ἐμφανίζει</span> <span class='ocrx_word' id='word_1_502' title='bbox 440 4186 651 4253; x_wconf 78' lang='grc' dir='ltr'>ἑαυτὸν,</span> <span class='ocrx_word' id='word_1_503' title='bbox 678 4186 854 4244; x_wconf 82' lang='grc' dir='ltr'>καίτοι</span> <span class='ocrx_word' id='word_1_504' title='bbox 886 4186 1119 4258; x_wconf 88' lang='grc' dir='ltr'>μονίμην</span> <span class='ocrx_word' id='word_1_505' title='bbox 1143 4186 1280 4257; x_wconf 74' lang='grc' dir='ltr'>ἔχων</span> <span class='ocrx_word' id='word_1_506' title='bbox 1299 4187 1397 4259; x_wconf 83' lang='grc' dir='ltr'>τὴν</span> <span class='ocrx_word' id='word_1_507' title='bbox 1422 4190 1486 4242; x_wconf 83' lang='grc' dir='ltr'>ὲκ</span> <span class='ocrx_word' id='word_1_508' title='bbox 1510 4187 1696 4254; x_wconf 81' lang='grc' dir='ltr'>δεξιῶν</span> 
     </span>
    </p>
   </div>
   <div class='ocr_carea' id='block_1_63' title="bbox 114 4275 1694 4353">
    <p class='ocr_par' dir='ltr' id='par_1_63' title="bbox 114 4275 1694 4353">
     <span class='ocr_line' id='line_1_63' title="bbox 114 4275 1694 4353; baseline 0.001 -23"><span class='ocrx_word' id='word_1_509' title='bbox 114 4277 314 4331; x_wconf 82' lang='grc' dir='ltr'>τούτου</span> <span class='ocrx_word' id='word_1_510' title='bbox 349 4277 616 4351; x_wconf 85' lang='grc' dir='ltr'>καθέδραν</span> <span class='ocrx_word' id='word_1_511' title='bbox 642 4280 736 4333; x_wconf 74' lang='grc' dir='ltr'><strong>καὶ</strong></span> <span class='ocrx_word' id='word_1_512' title='bbox 764 4279 1117 4335; x_wconf 85' lang='grc' dir='ltr'>ἀδιάπτωτον.</span> <span class='ocrx_word' id='word_1_513' title='bbox 1152 4297 1171 4331; x_wconf 80' lang='grc' dir='ltr'>ι</span> <span class='ocrx_word' id='word_1_514' title='bbox 1206 4275 1338 4333; x_wconf 85' lang='grc' dir='ltr'><strong>Εἷπε</strong></span> <span class='ocrx_word' id='word_1_515' title='bbox 1357 4279 1487 4353; x_wconf 85' lang='grc' dir='ltr'>γὰρ,</span> <span class='ocrx_word' id='word_1_516' title='bbox 1512 4281 1694 4353; x_wconf 80' lang='grc' dir='ltr'>φησὶν,</span> 
     </span>
    </p>
   </div>
   <div class='ocr_carea' id='block_1_64' title="bbox 1795 1791 3365 1870">
    <p class='ocr_par' dir='ltr' id='par_1_64' title="bbox 1795 1791 3365 1870">
     <span class='ocr_line' id='line_1_64' title="bbox 1795 1791 3365 1870; baseline -0.008 -7"><span class='ocrx_word' id='word_1_517' title='bbox 1795 1816 2048 1863; x_wconf 90' lang='lat' dir='ltr'><strong>naturam</strong></span> <span class='ocrx_word' id='word_1_518' title='bbox 2073 1805 2245 1862; x_wconf 91' lang='lat' dir='ltr'><strong>Filius</strong></span> <span class='ocrx_word' id='word_1_519' title='bbox 2270 1791 2353 1860; x_wconf 87' lang='lat' dir='ltr'><strong>est</strong></span> <span class='ocrx_word' id='word_1_520' title='bbox 2383 1800 2890 1870; x_wconf 88' lang='lat' dir='ltr'><strong>(consubstantialis</strong></span> <span class='ocrx_word' id='word_1_521' title='bbox 2923 1800 3068 1854; x_wconf 91' lang='lat' dir='ltr'><strong>enim</strong></span> <span class='ocrx_word' id='word_1_522' title='bbox 3088 1805 3170 1854; x_wconf 91' lang='lat' dir='ltr'><strong>est</strong></span> <span class='ocrx_word' id='word_1_523' title='bbox 3217 1796 3365 1852; x_wconf 87' lang='lat' dir='ltr'><strong>Patri</strong></span> 
     </span>
    </p>
   </div>
   <div class='ocr_carea' id='block_1_65' title="bbox 1795 1890 3369 1971">
    <p class='ocr_par' dir='ltr' id='par_1_65' title="bbox 1795 1890 3369 1971">
     <span class='ocr_line' id='line_1_65' title="bbox 1795 1890 3369 1971; baseline -0.007 -17"><span class='ocrx_word' id='word_1_524' title='bbox 1795 1898 2007 1971; x_wconf 82' lang='lat' dir='ltr'><strong>Filius),</strong></span> <span class='ocrx_word' id='word_1_525' title='bbox 2041 1915 2138 1971; x_wconf 91' lang='lat' dir='ltr'><strong>per</strong></span> <span class='ocrx_word' id='word_1_526' title='bbox 2156 1897 2385 1969; x_wconf 79' lang='lat' dir='ltr'><strong>gratiam</strong></span> <span class='ocrx_word' id='word_1_527' title='bbox 2418 1903 2595 1950; x_wconf 91' lang='lat' dir='ltr'><strong>autem</strong></span> <span class='ocrx_word' id='word_1_528' title='bbox 2625 1901 2680 1949; x_wconf 89' lang='lat' dir='ltr'><strong>et</strong></span> <span class='ocrx_word' id='word_1_529' title='bbox 2708 1892 3090 1956; x_wconf 63' lang='lat' dir='ltr'><strong>oeconomiam,</strong></span> <span class='ocrx_word' id='word_1_530' title='bbox 3118 1890 3261 1946; x_wconf 90' lang='lat' dir='ltr'><strong>Deus</strong></span> <span class='ocrx_word' id='word_1_531' title='bbox 3286 1890 3369 1944; x_wconf 91' lang='lat' dir='ltr'><strong>di-</strong></span> 
     </span>
    </p>
   </div>
   <div class='ocr_carea' id='block_1_66' title="bbox 1792 1984 3370 2058">
    <p class='ocr_par' dir='ltr' id='par_1_66' title="bbox 1792 1984 3370 2058">
     <span class='ocr_line' id='line_1_66' title="bbox 1792 1984 3370 2058; baseline -0.006 -12"><span class='ocrx_word' id='word_1_532' title='bbox 1792 1993 1937 2046; x_wconf 89' lang='lat' dir='ltr'><strong>citur</strong></span> <span class='ocrx_word' id='word_1_533' title='bbox 1965 2008 1980 2045; x_wconf 92' lang='lat'><strong>:</strong></span> <span class='ocrx_word' id='word_1_534' title='bbox 2014 2009 2034 2044; x_wconf 79' lang='grc' dir='ltr'>ι</span> <span class='ocrx_word' id='word_1_535' title='bbox 2064 1989 2317 2045; x_wconf 85' lang='lat' dir='ltr'><strong>Ascendo</strong></span> <span class='ocrx_word' id='word_1_536' title='bbox 2354 1989 2522 2052; x_wconf 85' lang='lat' dir='ltr'><strong>enim,</strong></span> <span class='ocrx_word' id='word_1_537' title='bbox 2553 1986 2753 2058; x_wconf 90' lang='lat' dir='ltr'><strong>inquit,</strong></span> <span class='ocrx_word' id='word_1_538' title='bbox 2776 1986 2846 2043; x_wconf 79' lang='lat' dir='ltr'><strong>ad</strong></span> <span class='ocrx_word' id='word_1_539' title='bbox 2867 1984 3087 2042; x_wconf 87' lang='lat' dir='ltr'><strong>Patrem</strong></span> <span class='ocrx_word' id='word_1_540' title='bbox 3114 2000 3297 2040; x_wconf 90' lang='lat' dir='ltr'><strong>meum</strong></span> <span class='ocrx_word' id='word_1_541' title='bbox 3314 1992 3370 2039; x_wconf 86' lang='lat' dir='ltr'><strong>et</strong></span> 
     </span>
    </p>
   </div>
   <div class='ocr_carea' id='block_1_67' title="bbox 1792 2073 3361 2140">
    <p class='ocr_par' dir='ltr' id='par_1_67' title="bbox 1792 2073 3361 2140">
     <span class='ocr_line' id='line_1_67' title="bbox 1792 2073 3361 2140; baseline -0.006 -6"><span class='ocrx_word' id='word_1_542' title='bbox 1792 2079 2009 2136; x_wconf 87' lang='lat' dir='ltr'><strong>Patrem</strong></span> <span class='ocrx_word' id='word_1_543' title='bbox 2028 2086 2292 2140; x_wconf 85' lang='lat' dir='ltr'><strong>vestrum,</strong></span> <span class='ocrx_word' id='word_1_544' title='bbox 2320 2075 2489 2131; x_wconf 89' lang='lat' dir='ltr'><strong>Deum</strong></span> <span class='ocrx_word' id='word_1_545' title='bbox 2511 2090 2690 2131; x_wconf 87' lang='lat' dir='ltr'><strong>meum</strong></span> <span class='ocrx_word' id='word_1_546' title='bbox 2715 2082 2771 2130; x_wconf 90' lang='lat' dir='ltr'><strong>et</strong></span> <span class='ocrx_word' id='word_1_547' title='bbox 2800 2074 2967 2130; x_wconf 90' lang='lat' dir='ltr'><strong>Deum</strong></span> <span class='ocrx_word' id='word_1_548' title='bbox 2983 2081 3226 2130; x_wconf 86' lang='lat' dir='ltr'><strong>vestrum</strong></span> <span class='ocrx_word' id='word_1_549' title='bbox 3252 2073 3315 2126; x_wconf 69' lang='lat'><strong>‘°.</strong></span> <span class='ocrx_word' id='word_1_550' title='bbox 3344 2092 3361 2124; x_wconf 74' lang='grc' dir='ltr'>ι</span> 
     </span>
    </p>
   </div>
   <div class='ocr_carea' id='block_1_68' title="bbox 1760 2164 3363 2242">
    <p class='ocr_par' dir='ltr' id='par_1_68' title="bbox 1760 2164 3363 2242">
     <span class='ocr_line' id='line_1_68' title="bbox 1760 2164 3363 2242; baseline -0.006 -16"><span class='ocrx_word' id='word_1_551' title='bbox 1760 2186 1763 2193; x_wconf 83' lang='lat'>&#39;</span> <span class='ocrx_word' id='word_1_552' title='bbox 1794 2172 2134 2242; x_wconf 88' lang='lat' dir='ltr'><strong>Quapropter</strong></span> <span class='ocrx_word' id='word_1_553' title='bbox 2153 2189 2172 2222; x_wconf 79' lang='grc' dir='ltr'>ι</span> <span class='ocrx_word' id='word_1_554' title='bbox 2202 2185 2311 2224; x_wconf 92' lang='lat' dir='ltr'><strong>non</strong></span> <span class='ocrx_word' id='word_1_555' title='bbox 2332 2167 2688 2223; x_wconf 80' lang='lat' dir='ltr'><strong>confunditur</strong></span> <span class='ocrx_word' id='word_1_556' title='bbox 2708 2165 2877 2222; x_wconf 84' lang='lat' dir='ltr'><strong>Filius</strong></span> <span class='ocrx_word' id='word_1_557' title='bbox 2908 2182 3009 2222; x_wconf 91' lang='lat' dir='ltr'><strong>nos</strong></span> <span class='ocrx_word' id='word_1_558' title='bbox 3037 2180 3237 2221; x_wconf 86' lang='lat' dir='ltr'><strong>vocare</strong></span> <span class='ocrx_word' id='word_1_559' title='bbox 3259 2164 3363 2218; x_wconf 74' lang='lat' dir='ltr'><strong>fra-</strong></span> 
     </span>
    </p>
   </div>
   <div class='ocr_carea' id='block_1_69' title="bbox 1793 2257 3365 2328">
    <p class='ocr_par' dir='ltr' id='par_1_69' title="bbox 1793 2257 3365 2328">
     <span class='ocr_line' id='line_1_69' title="bbox 1793 2257 3365 2328; baseline -0.003 -13"><span class='ocrx_word' id='word_1_560' title='bbox 1793 2270 1925 2328; x_wconf 88' lang='lat' dir='ltr'><strong>tres,</strong></span> <span class='ocrx_word' id='word_1_561' title='bbox 1943 2262 2018 2316; x_wconf 90' lang='lat' dir='ltr'><strong>ait</strong></span> <span class='ocrx_word' id='word_1_562' title='bbox 2040 2261 2213 2316; x_wconf 89' lang='lat' dir='ltr'><strong>enim:</strong></span> <span class='ocrx_word' id='word_1_563' title='bbox 2232 2257 2506 2317; x_wconf 86' lang='lat' dir='ltr'><strong>Nuntiabo</strong></span> <span class='ocrx_word' id='word_1_564' title='bbox 2528 2272 2729 2313; x_wconf 90' lang='lat' dir='ltr'><strong>nomen</strong></span> <span class='ocrx_word' id='word_1_565' title='bbox 2753 2265 2906 2314; x_wconf 92' lang='lat' dir='ltr'><strong>tuum</strong></span> <span class='ocrx_word' id='word_1_566' title='bbox 2928 2257 3188 2327; x_wconf 78' lang='lat' dir='ltr'><strong>fratribus</strong></span> <span class='ocrx_word' id='word_1_567' title='bbox 3211 2258 3365 2320; x_wconf 89' lang='lat' dir='ltr'><strong>meis,</strong></span> 
     </span>
    </p>
   </div>
   <div class='ocr_carea' id='block_1_70' title="bbox 1794 2349 3368 2419">
    <p class='ocr_par' dir='ltr' id='par_1_70' title="bbox 1794 2349 3368 2419">
     <span class='ocr_line' id='line_1_70' title="bbox 1794 2349 3368 2419; baseline -0.005 -10"><span class='ocrx_word' id='word_1_568' title='bbox 1794 2355 1848 2409; x_wconf 89' lang='lat' dir='ltr'><strong>in</strong></span> <span class='ocrx_word' id='word_1_569' title='bbox 1866 2354 2043 2409; x_wconf 91' lang='lat' dir='ltr'><strong>medio</strong></span> <span class='ocrx_word' id='word_1_570' title='bbox 2061 2352 2318 2408; x_wconf 68' lang='lat' dir='ltr'><strong>Ecclesiae</strong></span> <span class='ocrx_word' id='word_1_571' title='bbox 2341 2350 2574 2406; x_wconf 87' lang='lat' dir='ltr'><strong>laudabo</strong></span> <span class='ocrx_word' id='word_1_572' title='bbox 2596 2360 2669 2405; x_wconf 90' lang='lat' dir='ltr'><strong>te.</strong></span> <span class='ocrx_word' id='word_1_573' title='bbox 2710 2369 2729 2405; x_wconf 74' lang='grc' dir='ltr'>ι</span> <span class='ocrx_word' id='word_1_574' title='bbox 2759 2381 2831 2393; x_wconf 88' lang='grc'><strong>--</strong></span> <span class='ocrx_word' id='word_1_575' title='bbox 2868 2368 2888 2401; x_wconf 77' lang='grc' dir='ltr'>ι</span> <span class='ocrx_word' id='word_1_576' title='bbox 2922 2349 3076 2404; x_wconf 86' lang='lat' dir='ltr'><strong>Sicut</strong></span> <span class='ocrx_word' id='word_1_577' title='bbox 3105 2350 3368 2419; x_wconf 87' lang='lat' dir='ltr'><strong>scriptum</strong></span> 
     </span>
    </p>
   </div>
   <div class='ocr_carea' id='block_1_71' title="bbox 1790 2439 3372 2516">
    <p class='ocr_par' dir='ltr' id='par_1_71' title="bbox 1790 2439 3372 2516">
     <span class='ocr_line' id='line_1_71' title="bbox 1790 2439 3372 2516; baseline -0.005 -16"><span class='ocrx_word' id='word_1_578' title='bbox 1790 2444 1959 2500; x_wconf 90' lang='lat' dir='ltr'><strong>estin</strong></span> <span class='ocrx_word' id='word_1_579' title='bbox 2008 2444 2126 2516; x_wconf 86' lang='lat' dir='ltr'><strong>lege</strong></span> <span class='ocrx_word' id='word_1_580' title='bbox 2164 2441 2374 2498; x_wconf 91' lang='lat' dir='ltr'><strong>Domini</strong></span> <span class='ocrx_word' id='word_1_581' title='bbox 2415 2443 2477 2495; x_wconf 82' lang='lat'><strong>&quot;.</strong></span> <span class='ocrx_word' id='word_1_582' title='bbox 2513 2460 2531 2493; x_wconf 70' lang='grc' dir='ltr'>ι</span> <span class='ocrx_word' id='word_1_583' title='bbox 2564 2439 2609 2496; x_wconf 93' lang='grc' dir='ltr'>Ο</span> <span class='ocrx_word' id='word_1_584' title='bbox 2658 2440 3052 2497; x_wconf 67' lang='lat' dir='ltr'><strong>oeconomiam!</strong></span> <span class='ocrx_word' id='word_1_585' title='bbox 3099 2454 3133 2493; x_wconf 90' lang='grc' dir='ltr'>ο</span> <span class='ocrx_word' id='word_1_586' title='bbox 3167 2440 3372 2509; x_wconf 87' lang='lat' dir='ltr'><strong>imper-</strong></span> 
     </span>
    </p>
   </div>
   <div class='ocr_carea' id='block_1_72' title="bbox 1791 2531 3373 2606">
    <p class='ocr_par' dir='ltr' id='par_1_72' title="bbox 1791 2531 3373 2606">
     <span class='ocr_line' id='line_1_72' title="bbox 1791 2531 3373 2606; baseline -0.005 -13"><span class='ocrx_word' id='word_1_587' title='bbox 1791 2536 2143 2593; x_wconf 90' lang='lat' dir='ltr'><strong>scrutabilem</strong></span> <span class='ocrx_word' id='word_1_588' title='bbox 2175 2535 2338 2590; x_wconf 82' lang='lat' dir='ltr'><strong>Verbi</strong></span> <span class='ocrx_word' id='word_1_589' title='bbox 2378 2550 2507 2606; x_wconf 86' lang='lat' dir='ltr'><strong>erga</strong></span> <span class='ocrx_word' id='word_1_590' title='bbox 2541 2550 2643 2591; x_wconf 89' lang='lat' dir='ltr'><strong>nos</strong></span> <span class='ocrx_word' id='word_1_591' title='bbox 2680 2534 3030 2590; x_wconf 85' lang='lat' dir='ltr'><strong>clementiam</strong></span> <span class='ocrx_word' id='word_1_592' title='bbox 3078 2548 3143 2587; x_wconf 90' lang='lat' dir='ltr'><strong>ac</strong></span> <span class='ocrx_word' id='word_1_593' title='bbox 3196 2531 3373 2588; x_wconf 90' lang='lat' dir='ltr'><strong>boni-</strong></span> 
     </span>
    </p>
   </div>
   <div class='ocr_carea' id='block_1_73' title="bbox 1788 2624 3372 2698">
    <p class='ocr_par' dir='ltr' id='par_1_73' title="bbox 1788 2624 3372 2698">
     <span class='ocr_line' id='line_1_73' title="bbox 1788 2624 3372 2698; baseline -0.003 -15"><span class='ocrx_word' id='word_1_594' title='bbox 1788 2628 1990 2683; x_wconf 82' lang='lat' dir='ltr'><strong>tatem!</strong></span> <span class='ocrx_word' id='word_1_595' title='bbox 2024 2625 2326 2698; x_wconf 87' lang='lat' dir='ltr'><strong>Legislator</strong></span> <span class='ocrx_word' id='word_1_596' title='bbox 2347 2626 2451 2681; x_wconf 91' lang='lat' dir='ltr'><strong>sub</strong></span> <span class='ocrx_word' id='word_1_597' title='bbox 2475 2627 2591 2697; x_wconf 90' lang='lat' dir='ltr'><strong>lege</strong></span> <span class='ocrx_word' id='word_1_598' title='bbox 2617 2646 2630 2681; x_wconf 90' lang='lat'><strong>:</strong></span> <span class='ocrx_word' id='word_1_599' title='bbox 2661 2624 3027 2680; x_wconf 81' lang='lat' dir='ltr'><strong>Mosaicorum</strong></span> <span class='ocrx_word' id='word_1_600' title='bbox 3058 2624 3202 2679; x_wconf 86' lang='lat' dir='ltr'><strong>lator</strong></span> <span class='ocrx_word' id='word_1_601' title='bbox 3232 2638 3372 2693; x_wconf 76' lang='lat' dir='ltr'><strong>prae-</strong></span> 
     </span>
    </p>
   </div>
   <div class='ocr_carea' id='block_1_74' title="bbox 1791 2716 3364 2788">
    <p class='ocr_par' dir='ltr' id='par_1_74' title="bbox 1791 2716 3364 2788">
     <span class='ocr_line' id='line_1_74' title="bbox 1791 2716 3364 2788; baseline -0.003 -15"><span class='ocrx_word' id='word_1_602' title='bbox 1791 2728 2099 2788; x_wconf 89' lang='lat' dir='ltr'><strong>ceptorum.</strong></span> <span class='ocrx_word' id='word_1_603' title='bbox 2126 2734 2237 2772; x_wconf 92' lang='lat' dir='ltr'><strong>non</strong></span> <span class='ocrx_word' id='word_1_604' title='bbox 2283 2724 2505 2773; x_wconf 87' lang='lat' dir='ltr'><strong>recusat</strong></span> <span class='ocrx_word' id='word_1_605' title='bbox 2549 2717 2686 2787; x_wconf 89' lang='lat' dir='ltr'><strong>ipsis</strong></span> <span class='ocrx_word' id='word_1_606' title='bbox 2731 2716 3020 2785; x_wconf 90' lang='lat' dir='ltr'><strong>subjacere</strong></span> <span class='ocrx_word' id='word_1_607' title='bbox 3054 2716 3364 2786; x_wconf 69' lang='lat' dir='ltr'><strong>praeceptis.</strong></span> 
     </span>
    </p>
   </div>
   <div class='ocr_carea' id='block_1_75' title="bbox 1794 2806 3371 2880">
    <p class='ocr_par' dir='ltr' id='par_1_75' title="bbox 1794 2806 3371 2880">
     <span class='ocr_line' id='line_1_75' title="bbox 1794 2806 3371 2880; baseline -0.003 -16"><span class='ocrx_word' id='word_1_608' title='bbox 1794 2810 1899 2877; x_wconf 87' lang='lat' dir='ltr'><strong>Qui</strong></span> <span class='ocrx_word' id='word_1_609' title='bbox 1925 2824 1955 2863; x_wconf 94' lang='lat' dir='ltr'><strong>a</strong></span> <span class='ocrx_word' id='word_1_610' title='bbox 1986 2809 2120 2880; x_wconf 82' lang='lat' dir='ltr'><strong>legis</strong></span> <span class='ocrx_word' id='word_1_611' title='bbox 2161 2810 2456 2864; x_wconf 87' lang='lat' dir='ltr'><strong>maledicto</strong></span> <span class='ocrx_word' id='word_1_612' title='bbox 2483 2808 2762 2864; x_wconf 86' lang='lat' dir='ltr'><strong>hominem</strong></span> <span class='ocrx_word' id='word_1_613' title='bbox 2788 2806 3061 2871; x_wconf 84' lang='lat' dir='ltr'><strong>liberavit,</strong></span> <span class='ocrx_word' id='word_1_614' title='bbox 3089 2821 3199 2862; x_wconf 90' lang='lat' dir='ltr'><strong>non</strong></span> <span class='ocrx_word' id='word_1_615' title='bbox 3232 2821 3371 2860; x_wconf 91' lang='lat' dir='ltr'><strong>cun-</strong></span> 
     </span>
    </p>
   </div>
   <div class='ocr_carea' id='block_1_76' title="bbox 1794 2898 2837 2970">
    <p class='ocr_par' dir='ltr' id='par_1_76' title="bbox 1794 2898 2837 2970">
     <span class='ocr_line' id='line_1_76' title="bbox 1794 2898 2837 2970; baseline -0.002 -15"><span class='ocrx_word' id='word_1_616' title='bbox 1794 2906 1978 2955; x_wconf 88' lang='lat' dir='ltr'><strong>ctatur</strong></span> <span class='ocrx_word' id='word_1_617' title='bbox 2014 2899 2120 2970; x_wconf 89' lang='lat' dir='ltr'><strong>ipsi</strong></span> <span class='ocrx_word' id='word_1_618' title='bbox 2167 2900 2273 2969; x_wconf 82' lang='lat' dir='ltr'><strong>legi</strong></span> <span class='ocrx_word' id='word_1_619' title='bbox 2309 2906 2366 2954; x_wconf 89' lang='lat' dir='ltr'><strong>ut</strong></span> <span class='ocrx_word' id='word_1_620' title='bbox 2403 2901 2568 2953; x_wconf 88' lang='lat' dir='ltr'><strong>homo</strong></span> <span class='ocrx_word' id='word_1_621' title='bbox 2610 2898 2837 2956; x_wconf 82' lang='lat' dir='ltr'><strong>servire.</strong></span> 
     </span>
    </p>
   </div>
   <div class='ocr_carea' id='block_1_77' title="bbox 1863 2989 3372 3063">
    <p class='ocr_par' dir='ltr' id='par_1_77' title="bbox 1863 2989 3372 3063">
     <span class='ocr_line' id='line_1_77' title="bbox 1863 2989 3372 3063; baseline -0.004 -13"><span class='ocrx_word' id='word_1_622' title='bbox 1863 2992 1919 3050; x_wconf 75' lang='grc' dir='ltr'><strong>ιι.</strong></span> <span class='ocrx_word' id='word_1_623' title='bbox 1964 3011 1983 3046; x_wconf 80' lang='grc' dir='ltr'>ι</span> <span class='ocrx_word' id='word_1_624' title='bbox 2029 2990 2183 3048; x_wconf 89' lang='lat' dir='ltr'><strong>Sicut</strong></span> <span class='ocrx_word' id='word_1_625' title='bbox 2227 2992 2489 3063; x_wconf 89' lang='lat' dir='ltr'><strong>scriptum</strong></span> <span class='ocrx_word' id='word_1_626' title='bbox 2516 2999 2601 3048; x_wconf 90' lang='lat' dir='ltr'><strong>est</strong></span> <span class='ocrx_word' id='word_1_627' title='bbox 2635 2991 2688 3046; x_wconf 91' lang='lat' dir='ltr'><strong>in</strong></span> <span class='ocrx_word' id='word_1_628' title='bbox 2724 2991 2843 3063; x_wconf 90' lang='lat' dir='ltr'><strong>lege</strong></span> <span class='ocrx_word' id='word_1_629' title='bbox 2874 2989 3106 3046; x_wconf 91' lang='lat' dir='ltr'><strong>Domini.</strong></span> <span class='ocrx_word' id='word_1_630' title='bbox 3150 3010 3169 3043; x_wconf 78' lang='grc' dir='ltr'><strong>ι</strong></span> <span class='ocrx_word' id='word_1_631' title='bbox 3203 2989 3372 3057; x_wconf 92' lang='lat' dir='ltr'><strong>Quis-</strong></span> 
     </span>
    </p>
   </div>
   <div class='ocr_carea' id='block_1_78' title="bbox 1798 3082 3371 3157">
    <p class='ocr_par' dir='ltr' id='par_1_78' title="bbox 1798 3082 3371 3157">
     <span class='ocr_line' id='line_1_78' title="bbox 1798 3082 3371 3157; baseline -0.002 -15"><span class='ocrx_word' id='word_1_632' title='bbox 1798 3099 1925 3142; x_wconf 87' lang='lat' dir='ltr'><strong>nam</strong></span> <span class='ocrx_word' id='word_1_633' title='bbox 1953 3097 2038 3142; x_wconf 77' lang='grc' dir='ltr'><strong>εει</strong></span> <span class='ocrx_word' id='word_1_634' title='bbox 2056 3085 2148 3155; x_wconf 83' lang='grc' dir='ltr'><strong>(ιυί</strong></span> <span class='ocrx_word' id='word_1_635' title='bbox 2180 3085 2438 3157; x_wconf 86' lang='lat' dir='ltr'><strong>scripsit?</strong></span> <span class='ocrx_word' id='word_1_636' title='bbox 2471 3084 2614 3155; x_wconf 89' lang='lat' dir='ltr'><strong>quis,</strong></span> <span class='ocrx_word' id='word_1_637' title='bbox 2644 3084 2888 3155; x_wconf 90' lang='lat' dir='ltr'><strong>inquam,</strong></span> <span class='ocrx_word' id='word_1_638' title='bbox 2912 3085 3040 3139; x_wconf 85' lang='lat' dir='ltr'><strong>est?</strong></span> <span class='ocrx_word' id='word_1_639' title='bbox 3085 3082 3371 3139; x_wconf 87' lang='lat' dir='ltr'><strong>Dominus.</strong></span> 
     </span>
    </p>
   </div>
   <div class='ocr_carea' id='block_1_79' title="bbox 1798 3170 3375 3245">
    <p class='ocr_par' dir='ltr' id='par_1_79' title="bbox 1798 3170 3375 3245">
     <span class='ocr_line' id='line_1_79' title="bbox 1798 3170 3375 3245; baseline -0.002 -15"><span class='ocrx_word' id='word_1_640' title='bbox 1798 3174 1989 3232; x_wconf 78' lang='lat' dir='ltr'><strong>Nonne</strong></span> <span class='ocrx_word' id='word_1_641' title='bbox 2027 3190 2170 3229; x_wconf 85' lang='lat' dir='ltr'><strong>unus</strong></span> <span class='ocrx_word' id='word_1_642' title='bbox 2210 3183 2372 3245; x_wconf 89' lang='lat' dir='ltr'><strong>atque</strong></span> <span class='ocrx_word' id='word_1_643' title='bbox 2411 3174 2457 3230; x_wconf 89' lang='lat' dir='ltr'><strong>is</strong></span> <span class='ocrx_word' id='word_1_644' title='bbox 2488 3173 2605 3244; x_wconf 85' lang='lat' dir='ltr'><strong>ipse</strong></span> <span class='ocrx_word' id='word_1_645' title='bbox 2650 3178 2756 3236; x_wconf 90' lang='lat' dir='ltr'><strong>est,</strong></span> <span class='ocrx_word' id='word_1_646' title='bbox 2808 3173 2901 3242; x_wconf 90' lang='lat' dir='ltr'><strong>qui</strong></span> <span class='ocrx_word' id='word_1_647' title='bbox 2942 3188 3067 3227; x_wconf 92' lang='lat' dir='ltr'><strong>cum</strong></span> <span class='ocrx_word' id='word_1_648' title='bbox 3111 3170 3274 3227; x_wconf 87' lang='lat' dir='ltr'><strong>Patre</strong></span> <span class='ocrx_word' id='word_1_649' title='bbox 3317 3178 3375 3227; x_wconf 76' lang='lat' dir='ltr'><strong>et</strong></span> 
     </span>
    </p>
   </div>
   <div class='ocr_carea' id='block_1_80' title="bbox 1801 3264 3379 3338">
    <p class='ocr_par' dir='ltr' id='par_1_80' title="bbox 1801 3264 3379 3338">
     <span class='ocr_line' id='line_1_80' title="bbox 1801 3264 3379 3338; baseline -0.003 -13"><span class='ocrx_word' id='word_1_650' title='bbox 1801 3266 2009 3338; x_wconf 89' lang='lat' dir='ltr'><strong>Spiritu</strong></span> <span class='ocrx_word' id='word_1_651' title='bbox 2048 3267 2415 3335; x_wconf 81' lang='lat' dir='ltr'><strong>gloriﬁcatur?</strong></span> <span class='ocrx_word' id='word_1_652' title='bbox 2444 3265 2641 3333; x_wconf 88' lang='lat' dir='ltr'><strong>Etiam,</strong></span> <span class='ocrx_word' id='word_1_653' title='bbox 2672 3267 2848 3337; x_wconf 91' lang='lat' dir='ltr'><strong>inquit</strong></span> <span class='ocrx_word' id='word_1_654' title='bbox 2875 3284 2889 3332; x_wconf 92' lang='lat'><strong>;</strong></span> <span class='ocrx_word' id='word_1_655' title='bbox 2919 3265 3016 3321; x_wconf 90' lang='lat' dir='ltr'><strong>sed</strong></span> <span class='ocrx_word' id='word_1_656' title='bbox 3048 3264 3179 3320; x_wconf 88' lang='lat' dir='ltr'><strong>illud</strong></span> <span class='ocrx_word' id='word_1_657' title='bbox 3225 3279 3379 3321; x_wconf 73' lang='lat' dir='ltr'><strong>meo-</strong></span> 
     </span>
    </p>
   </div>
   <div class='ocr_carea' id='block_1_81' title="bbox 1798 3357 3373 3427">
    <p class='ocr_par' dir='ltr' id='par_1_81' title="bbox 1798 3357 3373 3427">
     <span class='ocr_line' id='line_1_81' title="bbox 1798 3357 3373 3427; baseline -0.002 -11"><span class='ocrx_word' id='word_1_658' title='bbox 1798 3361 1997 3417; x_wconf 71' lang='lat' dir='ltr'><strong>nomiae</strong></span> <span class='ocrx_word' id='word_1_659' title='bbox 2018 3370 2125 3427; x_wconf 90' lang='lat' dir='ltr'><strong>est,</strong></span> <span class='ocrx_word' id='word_1_660' title='bbox 2160 3370 2215 3417; x_wconf 86' lang='lat' dir='ltr'><strong>et</strong></span> <span class='ocrx_word' id='word_1_661' title='bbox 2242 3375 2313 3415; x_wconf 88' lang='lat' dir='ltr'><strong>ne</strong></span> <span class='ocrx_word' id='word_1_662' title='bbox 2340 3358 2595 3415; x_wconf 87' lang='lat' dir='ltr'><strong>Christus</strong></span> <span class='ocrx_word' id='word_1_663' title='bbox 2624 3359 2862 3414; x_wconf 89' lang='lat' dir='ltr'><strong>inimicis</strong></span> <span class='ocrx_word' id='word_1_664' title='bbox 2896 3358 3012 3415; x_wconf 90' lang='lat' dir='ltr'><strong>suis</strong></span> <span class='ocrx_word' id='word_1_665' title='bbox 3038 3373 3161 3414; x_wconf 88' lang='lat' dir='ltr'><strong>esse</strong></span> <span class='ocrx_word' id='word_1_666' title='bbox 3185 3357 3373 3413; x_wconf 87' lang='lat' dir='ltr'><strong>videa-</strong></span> 
     </span>
    </p>
   </div>
   <div class='ocr_carea' id='block_1_82' title="bbox 1800 3451 3378 3520">
    <p class='ocr_par' dir='ltr' id='par_1_82' title="bbox 1800 3451 3378 3520">
     <span class='ocr_line' id='line_1_82' title="bbox 1800 3451 3378 3520; baseline 0.001 -12"><span class='ocrx_word' id='word_1_667' title='bbox 1800 3463 1890 3510; x_wconf 90' lang='lat' dir='ltr'><strong>tur</strong></span> <span class='ocrx_word' id='word_1_668' title='bbox 1947 3454 2210 3520; x_wconf 83' lang='grc' dir='ltr'>ἀντίθεος,</span> <span class='ocrx_word' id='word_1_669' title='bbox 2262 3453 2318 3509; x_wconf 89' lang='lat' dir='ltr'><strong>id</strong></span> <span class='ocrx_word' id='word_1_670' title='bbox 2368 3460 2473 3519; x_wconf 84' lang='lat' dir='ltr'><strong>est,</strong></span> <span class='ocrx_word' id='word_1_671' title='bbox 2531 3451 2644 3508; x_wconf 89' lang='lat' dir='ltr'><strong>Deo</strong></span> <span class='ocrx_word' id='word_1_672' title='bbox 2693 3452 3062 3509; x_wconf 87' lang='lat' dir='ltr'><strong>adversarius.</strong></span> <span class='ocrx_word' id='word_1_673' title='bbox 3115 3470 3136 3507; x_wconf 81' lang='grc' dir='ltr'><strong>ι</strong></span> <span class='ocrx_word' id='word_1_674' title='bbox 3194 3451 3378 3509; x_wconf 81' lang='lat' dir='ltr'><strong>Nolito</strong></span> 
     </span>
    </p>
   </div>
   <div class='ocr_carea' id='block_1_83' title="bbox 1797 3542 3374 3617">
    <p class='ocr_par' dir='ltr' id='par_1_83' title="bbox 1797 3542 3374 3617">
     <span class='ocr_line' id='line_1_83' title="bbox 1797 3542 3374 3617; baseline -0.003 -13"><span class='ocrx_word' id='word_1_675' title='bbox 1797 3547 1946 3605; x_wconf 88' lang='lat' dir='ltr'><strong>enim</strong></span> <span class='ocrx_word' id='word_1_676' title='bbox 1992 3554 2219 3617; x_wconf 89' lang='lat' dir='ltr'><strong>putare,</strong></span> <span class='ocrx_word' id='word_1_677' title='bbox 2283 3545 2490 3616; x_wconf 90' lang='lat' dir='ltr'><strong>inquit,</strong></span> <span class='ocrx_word' id='word_1_678' title='bbox 2539 3543 2669 3615; x_wconf 82' lang='lat' dir='ltr'><strong>quia</strong></span> <span class='ocrx_word' id='word_1_679' title='bbox 2720 3544 2962 3599; x_wconf 85' lang='lat' dir='ltr'><strong>venerim</strong></span> <span class='ocrx_word' id='word_1_680' title='bbox 3018 3543 3231 3599; x_wconf 87' lang='lat' dir='ltr'><strong>solvere</strong></span> <span class='ocrx_word' id='word_1_681' title='bbox 3293 3542 3374 3599; x_wconf 79' lang='lat' dir='ltr'><strong>le—</strong></span> 
     </span>
    </p>
   </div>
   <div class='ocr_carea' id='block_1_84' title="bbox 1799 3633 3377 3709">
    <p class='ocr_par' dir='ltr' id='par_1_84' title="bbox 1799 3633 3377 3709">
     <span class='ocr_line' id='line_1_84' title="bbox 1799 3633 3377 3709; baseline -0.003 -16"><span class='ocrx_word' id='word_1_682' title='bbox 1799 3652 1920 3709; x_wconf 89' lang='lat' dir='ltr'><strong>gem</strong></span> <span class='ocrx_word' id='word_1_683' title='bbox 1962 3645 2057 3692; x_wconf 90' lang='lat' dir='ltr'><strong>aut</strong></span> <span class='ocrx_word' id='word_1_684' title='bbox 2097 3636 2390 3707; x_wconf 88' lang='lat' dir='ltr'><strong>prophetas</strong></span> <span class='ocrx_word' id='word_1_685' title='bbox 2433 3654 2447 3690; x_wconf 92' lang='lat'><strong>:</strong></span> <span class='ocrx_word' id='word_1_686' title='bbox 2480 3651 2591 3690; x_wconf 91' lang='lat' dir='ltr'><strong>non</strong></span> <span class='ocrx_word' id='word_1_687' title='bbox 2633 3634 2758 3691; x_wconf 88' lang='lat' dir='ltr'><strong>veni</strong></span> <span class='ocrx_word' id='word_1_688' title='bbox 2804 3634 3036 3701; x_wconf 87' lang='lat' dir='ltr'><strong>solvere,</strong></span> <span class='ocrx_word' id='word_1_689' title='bbox 3075 3634 3169 3690; x_wconf 90' lang='lat' dir='ltr'><strong>sed</strong></span> <span class='ocrx_word' id='word_1_690' title='bbox 3207 3633 3377 3689; x_wconf 74' lang='lat' dir='ltr'><strong>adii-u-</strong></span> 
     </span>
    </p>
   </div>
   <div class='ocr_carea' id='block_1_85' title="bbox 1800 3727 3373 3801">
    <p class='ocr_par' dir='ltr' id='par_1_85' title="bbox 1800 3727 3373 3801">
     <span class='ocr_line' id='line_1_85' title="bbox 1800 3727 3373 3801; baseline -0.001 -18"><span class='ocrx_word' id='word_1_691' title='bbox 1800 3731 1948 3801; x_wconf 88' lang='lat' dir='ltr'><strong>plere</strong></span> <span class='ocrx_word' id='word_1_692' title='bbox 1970 3732 2034 3785; x_wconf 79' lang='lat'><strong>“.</strong></span> <span class='ocrx_word' id='word_1_693' title='bbox 2068 3750 2088 3785; x_wconf 72' lang='grc' dir='ltr'><strong>ι</strong></span> <span class='ocrx_word' id='word_1_694' title='bbox 2142 3728 2285 3796; x_wconf 90' lang='lat' dir='ltr'><strong>Quid</strong></span> <span class='ocrx_word' id='word_1_695' title='bbox 2325 3744 2492 3800; x_wconf 89' lang='lat' dir='ltr'><strong>porro</strong></span> <span class='ocrx_word' id='word_1_696' title='bbox 2534 3728 2757 3794; x_wconf 87' lang='lat' dir='ltr'><strong>mirum,</strong></span> <span class='ocrx_word' id='word_1_697' title='bbox 2789 3727 2836 3782; x_wconf 91' lang='lat' dir='ltr'><strong>si</strong></span> <span class='ocrx_word' id='word_1_698' title='bbox 2888 3728 2938 3783; x_wconf 92' lang='lat' dir='ltr'><strong>is</strong></span> <span class='ocrx_word' id='word_1_699' title='bbox 2980 3727 3075 3797; x_wconf 92' lang='lat' dir='ltr'><strong>qui</strong></span> <span class='ocrx_word' id='word_1_700' title='bbox 3115 3728 3373 3782; x_wconf 83' lang='lat' dir='ltr'><strong>nativita—</strong></span> 
     </span>
    </p>
   </div>
   <div class='ocr_carea' id='block_1_86' title="bbox 1799 3820 3374 3893">
    <p class='ocr_par' dir='ltr' id='par_1_86' title="bbox 1799 3820 3374 3893">
     <span class='ocr_line' id='line_1_86' title="bbox 1799 3820 3374 3893; baseline 0 -17"><span class='ocrx_word' id='word_1_701' title='bbox 1799 3831 1929 3887; x_wconf 87' lang='lat' dir='ltr'><strong>tem,</strong></span> <span class='ocrx_word' id='word_1_702' title='bbox 1977 3838 2240 3893; x_wconf 62' lang='lat' dir='ltr'><strong>praesepe,</strong></span> <span class='ocrx_word' id='word_1_703' title='bbox 2290 3837 2525 3893; x_wconf 88' lang='lat' dir='ltr'><strong>pannos,</strong></span> <span class='ocrx_word' id='word_1_704' title='bbox 2558 3820 3034 3876; x_wconf 87' lang='lat' dir='ltr'><strong>circumcisionem</strong></span> <span class='ocrx_word' id='word_1_705' title='bbox 3084 3828 3212 3891; x_wconf 88' lang='lat' dir='ltr'><strong>post</strong></span> <span class='ocrx_word' id='word_1_706' title='bbox 3254 3820 3374 3876; x_wconf 83' lang='lat' dir='ltr'><strong>dies</strong></span> 
     </span>
    </p>
   </div>
   <div class='ocr_carea' id='block_1_87' title="bbox 1798 3911 3375 3983">
    <p class='ocr_par' dir='ltr' id='par_1_87' title="bbox 1798 3911 3375 3983">
     <span class='ocr_line' id='line_1_87' title="bbox 1798 3911 3375 3983; baseline -0.001 -12"><span class='ocrx_word' id='word_1_707' title='bbox 1798 3922 1925 3971; x_wconf 87' lang='lat' dir='ltr'><strong>octo</strong></span> <span class='ocrx_word' id='word_1_708' title='bbox 1951 3913 2190 3976; x_wconf 90' lang='lat' dir='ltr'><strong>admisit,</strong></span> <span class='ocrx_word' id='word_1_709' title='bbox 2226 3914 2274 3969; x_wconf 90' lang='lat' dir='ltr'><strong>is</strong></span> <span class='ocrx_word' id='word_1_710' title='bbox 2317 3914 2434 3983; x_wconf 89' lang='lat' dir='ltr'><strong>ipse</strong></span> <span class='ocrx_word' id='word_1_711' title='bbox 2462 3914 2583 3970; x_wconf 88' lang='lat' dir='ltr'><strong>sisti</strong></span> <span class='ocrx_word' id='word_1_712' title='bbox 2610 3911 2840 3968; x_wconf 81' lang='lat' dir='ltr'><strong>Domino</strong></span> <span class='ocrx_word' id='word_1_713' title='bbox 2870 3911 3169 3968; x_wconf 90' lang='lat' dir='ltr'><strong>secundum</strong></span> <span class='ocrx_word' id='word_1_714' title='bbox 3202 3912 3375 3982; x_wconf 87' lang='lat' dir='ltr'><strong>legem</strong></span> 
     </span>
    </p>
   </div>
   <div class='ocr_carea' id='block_1_88' title="bbox 1799 4004 3376 4077">
    <p class='ocr_par' dir='ltr' id='par_1_88' title="bbox 1799 4004 3376 4077">
     <span class='ocr_line' id='line_1_88' title="bbox 1799 4004 3376 4077; baseline 0.003 -20"><span class='ocrx_word' id='word_1_715' title='bbox 1799 4005 2030 4061; x_wconf 89' lang='lat' dir='ltr'><strong>voluerit</strong></span> <span class='ocrx_word' id='word_1_716' title='bbox 2072 4006 2130 4060; x_wconf 90' lang='lat' dir='ltr'><strong>in</strong></span> <span class='ocrx_word' id='word_1_717' title='bbox 2169 4005 2472 4061; x_wconf 86' lang='lat' dir='ltr'><strong>Jerusalem</strong></span> <span class='ocrx_word' id='word_1_718' title='bbox 2508 4025 2522 4061; x_wconf 88' lang='lat'><strong>:</strong></span> <span class='ocrx_word' id='word_1_719' title='bbox 2557 4006 2649 4077; x_wconf 91' lang='lat' dir='ltr'><strong>qui</strong></span> <span class='ocrx_word' id='word_1_720' title='bbox 2693 4013 2908 4060; x_wconf 87' lang='lat' dir='ltr'><strong>tantum</strong></span> <span class='ocrx_word' id='word_1_721' title='bbox 2951 4005 3107 4060; x_wconf 83' lang='lat' dir='ltr'><strong>abest</strong></span> <span class='ocrx_word' id='word_1_722' title='bbox 3146 4012 3207 4059; x_wconf 90' lang='lat' dir='ltr'><strong>ut</strong></span> <span class='ocrx_word' id='word_1_723' title='bbox 3238 4004 3376 4075; x_wconf 82' lang='lat' dir='ltr'><strong>ipsis</strong></span> 
     </span>
    </p>
   </div>
   <div class='ocr_carea' id='block_1_89' title="bbox 1798 4095 3375 4169">
    <p class='ocr_par' dir='ltr' id='par_1_89' title="bbox 1798 4095 3375 4169">
     <span class='ocr_line' id='line_1_89' title="bbox 1798 4095 3375 4169; baseline -0.001 -17"><span class='ocrx_word' id='word_1_724' title='bbox 1798 4097 1969 4153; x_wconf 89' lang='lat' dir='ltr'><strong>latere</strong></span> <span class='ocrx_word' id='word_1_725' title='bbox 2000 4098 2152 4161; x_wconf 90' lang='lat' dir='ltr'><strong>velit,</strong></span> <span class='ocrx_word' id='word_1_726' title='bbox 2185 4108 2245 4152; x_wconf 91' lang='lat' dir='ltr'><strong>ut</strong></span> <span class='ocrx_word' id='word_1_727' title='bbox 2274 4095 2550 4169; x_wconf 90' lang='lat' dir='ltr'><strong>Stephano</strong></span> <span class='ocrx_word' id='word_1_728' title='bbox 2578 4114 2609 4153; x_wconf 91' lang='lat' dir='ltr'><strong>a</strong></span> <span class='ocrx_word' id='word_1_729' title='bbox 2636 4097 2841 4154; x_wconf 67' lang='lat' dir='ltr'><strong>Iudaeis</strong></span> <span class='ocrx_word' id='word_1_730' title='bbox 2870 4097 3129 4168; x_wconf 87' lang='lat' dir='ltr'><strong>lapidato,</strong></span> <span class='ocrx_word' id='word_1_731' title='bbox 3157 4102 3314 4153; x_wconf 88' lang='lat' dir='ltr'><strong>stans</strong></span> <span class='ocrx_word' id='word_1_732' title='bbox 3341 4112 3375 4150; x_wconf 88' lang='lat' dir='ltr'><strong>a</strong></span> 
     </span>
    </p>
   </div>
   <div class='ocr_carea' id='block_1_90' title="bbox 1799 4187 3374 4261">
    <p class='ocr_par' dir='ltr' id='par_1_90' title="bbox 1799 4187 3374 4261">
     <span class='ocr_line' id='line_1_90' title="bbox 1799 4187 3374 4261; baseline -0.003 -15"><span class='ocrx_word' id='word_1_733' title='bbox 1799 4189 2007 4247; x_wconf 84' lang='lat' dir='ltr'><strong>dextris</strong></span> <span class='ocrx_word' id='word_1_734' title='bbox 2038 4188 2216 4247; x_wconf 89' lang='lat' dir='ltr'><strong>Patris</strong></span> <span class='ocrx_word' id='word_1_735' title='bbox 2264 4191 2348 4247; x_wconf 87' lang='lat' dir='ltr'><strong>sui</strong></span> <span class='ocrx_word' id='word_1_736' title='bbox 2386 4192 2738 4261; x_wconf 83' lang='lat' dir='ltr'><strong>apparuerit;</strong></span> <span class='ocrx_word' id='word_1_737' title='bbox 2771 4204 3083 4261; x_wconf 90' lang='lat' dir='ltr'><strong>quanquam</strong></span> <span class='ocrx_word' id='word_1_738' title='bbox 3123 4187 3374 4246; x_wconf 86' lang='lat' dir='ltr'><strong>stabilem</strong></span> 
     </span>
    </p>
   </div>
   <div class='ocr_carea' id='block_1_91' title="bbox 1799 4267 3375 4353">
    <p class='ocr_par' dir='ltr' id='par_1_91' title="bbox 1799 4267 3375 4353">
     <span class='ocr_line' id='line_1_91' title="bbox 1799 4267 3375 4353; baseline 0 -19"><span class='ocrx_word' id='word_1_739' title='bbox 1799 4290 2224 4353; x_wconf 87' lang='lat' dir='ltr'><strong>perpetuamque</strong></span> <span class='ocrx_word' id='word_1_740' title='bbox 2252 4297 2283 4336; x_wconf 92' lang='lat' dir='ltr'><strong>a</strong></span> <span class='ocrx_word' id='word_1_741' title='bbox 2311 4281 2519 4338; x_wconf 75' lang='lat' dir='ltr'><strong>dextris</strong></span> <span class='ocrx_word' id='word_1_742' title='bbox 2543 4284 2659 4350; x_wconf 88' lang='lat' dir='ltr'><strong>ejus</strong></span> <span class='ocrx_word' id='word_1_743' title='bbox 2701 4281 2863 4338; x_wconf 87' lang='lat' dir='ltr'><strong>habet</strong></span> <span class='ocrx_word' id='word_1_744' title='bbox 2887 4267 3071 4338; x_wconf 66' lang='lat' dir='ltr'><strong>sedem</strong></span> <span class='ocrx_word' id='word_1_745' title='bbox 3104 4297 3118 4333; x_wconf 91' lang='lat'><strong>:</strong></span> <span class='ocrx_word' id='word_1_746' title='bbox 3164 4299 3185 4334; x_wconf 84' lang='grc'><strong><em>‹</em></strong></span> <span class='ocrx_word' id='word_1_747' title='bbox 3229 4280 3375 4335; x_wconf 81' lang='lat' dir='ltr'><strong>Dixit</strong></span> 
     </span>
    </p>
   </div>
   <div class='ocr_carea' id='block_1_92' title="bbox 116 4368 1694 4446">
    <p class='ocr_par' dir='ltr' id='par_1_92' title="bbox 116 4368 1692 4442">
     <span class='ocr_line' id='line_1_92' title="bbox 116 4368 1692 4442; baseline 0 -19"><span class='ocrx_word' id='word_1_748' title='bbox 116 4372 148 4423; x_wconf 86' lang='lat'><strong>6</strong></span> <span class='ocrx_word' id='word_1_749' title='bbox 194 4368 402 4439; x_wconf 86' lang='grc' dir='ltr'>Κύριος</span> <span class='ocrx_word' id='word_1_750' title='bbox 448 4370 526 4441; x_wconf 78' lang='grc' dir='ltr'><strong>τῷ</strong></span> <span class='ocrx_word' id='word_1_751' title='bbox 567 4371 758 4442; x_wconf 84' lang='grc' dir='ltr'>Κυρίῳ</span> <span class='ocrx_word' id='word_1_752' title='bbox 823 4387 949 4442; x_wconf 89' lang='grc' dir='ltr'>μου,</span> <span class='ocrx_word' id='word_1_753' title='bbox 995 4369 1178 4425; x_wconf 86' lang='grc' dir='ltr'>Κάθου</span> <span class='ocrx_word' id='word_1_754' title='bbox 1225 4371 1289 4423; x_wconf 80' lang='grc' dir='ltr'>ὲκ</span> <span class='ocrx_word' id='word_1_755' title='bbox 1332 4371 1520 4436; x_wconf 78' lang='grc' dir='ltr'>δεξιῶν</span> <span class='ocrx_word' id='word_1_756' title='bbox 1571 4389 1692 4442; x_wconf 70' lang='grc' dir='ltr'>μου,</span> 
     </span>
    </p>
   </div>
   <div class='ocr_carea' id='block_1_93' title="bbox 1799 4368 3373 4446">
    <p class='ocr_par' dir='ltr' id='par_1_93' title="bbox 1801 4370 3373 4442">
     <span class='ocr_line' id='line_1_93' title="bbox 1801 4370 3373 4442; baseline 0.001 -16"><span class='ocrx_word' id='word_1_757' title='bbox 1801 4373 1967 4435; x_wconf 91' lang='lat' dir='ltr'><strong>enim,</strong></span> <span class='ocrx_word' id='word_1_758' title='bbox 2023 4371 2230 4442; x_wconf 90' lang='lat' dir='ltr'><strong>inquit,</strong></span> <span class='ocrx_word' id='word_1_759' title='bbox 2281 4370 2540 4429; x_wconf 89' lang='lat' dir='ltr'><strong>Dominus</strong></span> <span class='ocrx_word' id='word_1_760' title='bbox 2573 4371 2803 4428; x_wconf 91' lang='lat' dir='ltr'><strong>Domino</strong></span> <span class='ocrx_word' id='word_1_761' title='bbox 2826 4387 2977 4439; x_wconf 90' lang='lat' dir='ltr'><strong>meo,</strong></span> <span class='ocrx_word' id='word_1_762' title='bbox 3012 4370 3142 4429; x_wconf 88' lang='lat' dir='ltr'><strong>sede</strong></span> <span class='ocrx_word' id='word_1_763' title='bbox 3175 4388 3207 4428; x_wconf 89' lang='lat' dir='ltr'><strong>a</strong></span> <span class='ocrx_word' id='word_1_764' title='bbox 3235 4372 3373 4428; x_wconf 81' lang='lat' dir='ltr'><strong>dex-</strong></span> 
     </span>
    </p>
   </div>
   <div class='ocr_carea' id='block_1_94' title="bbox 117 4458 1703 4532">
    <p class='ocr_par' dir='ltr' id='par_1_94' title="bbox 117 4458 1703 4532">
     <span class='ocr_line' id='line_1_94' title="bbox 117 4458 1703 4532; baseline 0.002 -19"><span class='ocrx_word' id='word_1_765' title='bbox 117 4461 230 4523; x_wconf 77' lang='grc' dir='ltr'>ἓως</span> <span class='ocrx_word' id='word_1_766' title='bbox 270 4459 339 4514; x_wconf 83' lang='grc' dir='ltr'><strong>ἂν</strong></span> <span class='ocrx_word' id='word_1_767' title='bbox 371 4458 450 4513; x_wconf 88' lang='grc' dir='ltr'>θῶ</span> <span class='ocrx_word' id='word_1_768' title='bbox 479 4460 605 4523; x_wconf 80' lang='grc' dir='ltr'>τοὺς</span> <span class='ocrx_word' id='word_1_769' title='bbox 639 4460 865 4532; x_wconf 83' lang='grc' dir='ltr'>ἐχθρούς</span> <span class='ocrx_word' id='word_1_770' title='bbox 911 4478 1006 4514; x_wconf 92' lang='grc' dir='ltr'><strong>σου</strong></span> <span class='ocrx_word' id='word_1_771' title='bbox 1041 4460 1330 4515; x_wconf 85' lang='grc' dir='ltr'>ὑποπόδιον</span> <span class='ocrx_word' id='word_1_772' title='bbox 1375 4461 1483 4515; x_wconf 89' lang='grc' dir='ltr'><strong>τῶν</strong></span> <span class='ocrx_word' id='word_1_773' title='bbox 1529 4462 1703 4517; x_wconf 74' lang='grc' dir='ltr'>ποδῶν</span> 
     </span>
    </p>
   </div>
   <div class='ocr_carea' id='block_1_95' title="bbox 119 4550 1701 4622">
    <p class='ocr_par' dir='ltr' id='par_1_95' title="bbox 119 4550 1701 4622">
     <span class='ocr_line' id='line_1_95' title="bbox 119 4550 1701 4622; baseline 0.001 -17"><span class='ocrx_word' id='word_1_774' title='bbox 119 4569 241 4605; x_wconf 86' lang='grc' dir='ltr'>σου.</span> <span class='ocrx_word' id='word_1_775' title='bbox 284 4570 304 4603; x_wconf 69' lang='grc' dir='ltr'><strong>ι</strong></span> <span class='ocrx_word' id='word_1_776' title='bbox 359 4550 499 4603; x_wconf 84' lang='grc' dir='ltr'>Ἀλλ’</span> <span class='ocrx_word' id='word_1_777' title='bbox 530 4552 706 4607; x_wconf 79' lang='grc' dir='ltr'>ἐκεῖνο</span> <span class='ocrx_word' id='word_1_778' title='bbox 754 4551 853 4622; x_wconf 83' lang='grc' dir='ltr'><strong>μὲν</strong></span> <span class='ocrx_word' id='word_1_779' title='bbox 895 4552 1007 4606; x_wconf 82' lang='grc' dir='ltr'>ἄνω</span> <span class='ocrx_word' id='word_1_780' title='bbox 1049 4552 1144 4606; x_wconf 81' lang='grc' dir='ltr'><strong>καὶ</strong></span> <span class='ocrx_word' id='word_1_781' title='bbox 1189 4552 1409 4619; x_wconf 85' lang='grc' dir='ltr'>θεῖκῶς,</span> <span class='ocrx_word' id='word_1_782' title='bbox 1448 4553 1606 4607; x_wconf 81' lang='grc' dir='ltr'>τοῦτο</span> <span class='ocrx_word' id='word_1_783' title='bbox 1645 4554 1701 4608; x_wconf 85' lang='grc' dir='ltr'>δὲ</span> 
     </span>
    </p>
   </div>
   <div class='ocr_carea' id='block_1_96' title="bbox 117 4639 1702 4714">
    <p class='ocr_par' dir='ltr' id='par_1_96' title="bbox 117 4639 1702 4714">
     <span class='ocr_line' id='line_1_96' title="bbox 117 4639 1702 4714; baseline 0.003 -21"><span class='ocrx_word' id='word_1_784' title='bbox 117 4640 274 4694; x_wconf 79' lang='grc' dir='ltr'>κάτω</span> <span class='ocrx_word' id='word_1_785' title='bbox 305 4639 400 4694; x_wconf 71' lang='grc' dir='ltr'>καὶ</span> <span class='ocrx_word' id='word_1_786' title='bbox 423 4639 780 4710; x_wconf 80' lang='grc' dir='ltr'>οἰκονομικῶς</span> <span class='ocrx_word' id='word_1_787' title='bbox 813 4640 902 4693; x_wconf 81' lang='grc' dir='ltr'>διὰ</span> <span class='ocrx_word' id='word_1_788' title='bbox 929 4640 1027 4713; x_wconf 79' lang='grc' dir='ltr'>τὴν</span> <span class='ocrx_word' id='word_1_789' title='bbox 1054 4641 1376 4714; x_wconf 64' lang='grc' dir='ltr'>πρόσληψιν,</span> <span class='ocrx_word' id='word_1_790' title='bbox 1405 4645 1500 4697; x_wconf 75' lang='grc' dir='ltr'>καὶ</span> <span class='ocrx_word' id='word_1_791' title='bbox 1525 4643 1615 4696; x_wconf 78' lang='grc' dir='ltr'><strong>διὰ</strong></span> <span class='ocrx_word' id='word_1_792' title='bbox 1642 4645 1702 4698; x_wconf 91' lang='grc' dir='ltr'>τὸ</span> 
     </span>
    </p>
   </div>
   <div class='ocr_carea' id='block_1_97' title="bbox 117 4726 1701 4805">
    <p class='ocr_par' dir='ltr' id='par_1_97' title="bbox 117 4726 1701 4805">
     <span class='ocr_line' id='line_1_97' title="bbox 117 4726 1701 4805; baseline 0.001 -20"><span class='ocrx_word' id='word_1_793' title='bbox 117 4731 459 4803; x_wconf 90' lang='grc' dir='ltr'>χρηματίσαι</span> <span class='ocrx_word' id='word_1_794' title='bbox 482 4730 666 4785; x_wconf 80' lang='grc' dir='ltr'>τοῦτον</span> <span class='ocrx_word' id='word_1_795' title='bbox 691 4730 821 4785; x_wconf 86' lang='grc' dir='ltr'>Θεὸν</span> <span class='ocrx_word' id='word_1_796' title='bbox 843 4732 936 4784; x_wconf 74' lang='grc' dir='ltr'>καὶ</span> <span class='ocrx_word' id='word_1_797' title='bbox 956 4731 1262 4804; x_wconf 78' lang='grc' dir='ltr'>ἄνθρωπον,</span> <span class='ocrx_word' id='word_1_798' title='bbox 1292 4735 1421 4805; x_wconf 87' lang='grc' dir='ltr'>μίαν</span> <span class='ocrx_word' id='word_1_799' title='bbox 1445 4726 1504 4800; x_wconf 74' lang='grc' dir='ltr'>ἔξ</span> <span class='ocrx_word' id='word_1_800' title='bbox 1525 4735 1701 4805; x_wconf 81' lang='grc' dir='ltr'>ἀμφο-</span> 
     </span>
    </p>
   </div>
   <div class='ocr_carea' id='block_1_98' title="bbox 116 4823 1696 4898">
    <p class='ocr_par' dir='ltr' id='par_1_98' title="bbox 116 4823 1696 4898">
     <span class='ocr_line' id='line_1_98' title="bbox 116 4823 1696 4898; baseline 0.004 -22"><span class='ocrx_word' id='word_1_801' title='bbox 116 4824 296 4894; x_wconf 83' lang='grc' dir='ltr'>τέρων</span> <span class='ocrx_word' id='word_1_802' title='bbox 324 4823 642 4877; x_wconf 71' lang='grc' dir='ltr'>ὑπόστασινο</span> <span class='ocrx_word' id='word_1_803' title='bbox 671 4823 763 4877; x_wconf 76' lang='grc' dir='ltr'><strong>καὶ</strong></span> <span class='ocrx_word' id='word_1_804' title='bbox 791 4823 880 4877; x_wconf 85' lang='grc' dir='ltr'>διὰ</span> <span class='ocrx_word' id='word_1_805' title='bbox 912 4826 1042 4895; x_wconf 81' lang='grc' dir='ltr'>μιᾶς</span> <span class='ocrx_word' id='word_1_806' title='bbox 1065 4825 1270 4896; x_wconf 84' lang='grc' dir='ltr'>ταύτης</span> <span class='ocrx_word' id='word_1_807' title='bbox 1302 4826 1470 4898; x_wconf 80' lang='grc' dir='ltr'>ἄμφω</span> <span class='ocrx_word' id='word_1_808' title='bbox 1501 4828 1696 4895; x_wconf 79' lang='grc' dir='ltr'>ταῦτα,</span> 
     </span>
    </p>
   </div>
   <div class='ocr_carea' id='block_1_99' title="bbox 118 4911 1700 4988">
    <p class='ocr_par' dir='ltr' id='par_1_99' title="bbox 118 4911 1700 4988">
     <span class='ocr_line' id='line_1_99' title="bbox 118 4911 1700 4988; baseline -0.006 -21"><span class='ocrx_word' id='word_1_809' title='bbox 118 4912 217 4967; x_wconf 72' lang='grc' dir='ltr'><strong>καὶ</strong></span> <span class='ocrx_word' id='word_1_810' title='bbox 247 4911 377 4964; x_wconf 77' lang='grc' dir='ltr'>ὄντα</span> <span class='ocrx_word' id='word_1_811' title='bbox 402 4913 496 4965; x_wconf 73' lang='grc' dir='ltr'>καὶ</span> <span class='ocrx_word' id='word_1_812' title='bbox 524 4912 945 4984; x_wconf 77' lang='grc' dir='ltr'>γνωριζόμενον·</span> <span class='ocrx_word' id='word_1_813' title='bbox 972 4913 1058 4967; x_wconf 84' lang='grc' dir='ltr'><strong>ἵνα</strong></span> <span class='ocrx_word' id='word_1_814' title='bbox 1088 4917 1153 4985; x_wconf 79' lang='grc' dir='ltr'>τῇ</span> <span class='ocrx_word' id='word_1_815' title='bbox 1184 4915 1437 4988; x_wconf 74' lang='grc' dir='ltr'>κοινωνίᾳ</span> <span class='ocrx_word' id='word_1_816' title='bbox 1461 4916 1569 4970; x_wconf 89' lang='grc' dir='ltr'><strong>τῶν</strong></span> <span class='ocrx_word' id='word_1_817' title='bbox 1598 4918 1700 4986; x_wconf 87' lang='grc' dir='ltr'>φύ-</span> 
     </span>
    </p>
   </div>
   <div class='ocr_carea' id='block_1_100' title="bbox 120 5003 1700 5080">
    <p class='ocr_par' dir='ltr' id='par_1_100' title="bbox 120 5003 1700 5080">
     <span class='ocr_line' id='line_1_100' title="bbox 120 5003 1700 5080; baseline 0.004 -24"><span class='ocrx_word' id='word_1_818' title='bbox 120 5020 266 5056; x_wconf 91' lang='grc' dir='ltr'>σεων</span> <span class='ocrx_word' id='word_1_819' title='bbox 315 5003 409 5055; x_wconf 66' lang='grc' dir='ltr'><strong>καί⁸</strong></span> <span class='ocrx_word' id='word_1_820' title='bbox 448 5003 558 5056; x_wconf 88' lang='grc' dir='ltr'><strong>τῶν</strong></span> <span class='ocrx_word' id='word_1_821' title='bbox 600 5003 816 5057; x_wconf 85' lang='grc' dir='ltr'>οἰκείων</span> <span class='ocrx_word' id='word_1_822' title='bbox 860 5003 1086 5068; x_wconf 86' lang='grc' dir='ltr'>ταύταις</span> <span class='ocrx_word' id='word_1_823' title='bbox 1138 5005 1443 5076; x_wconf 84' lang='grc' dir='ltr'>ἰδιωμάτων</span> <span class='ocrx_word' id='word_1_824' title='bbox 1496 5009 1700 5080; x_wconf 75' lang='grc' dir='ltr'>ῥᾴστην</span> 
     </span>
    </p>
   </div>
   <div class='ocr_carea' id='block_1_101' title="bbox 121 5095 1703 5173">
    <p class='ocr_par' dir='ltr' id='par_1_101' title="bbox 121 5095 1703 5173">
     <span class='ocr_line' id='line_1_101' title="bbox 121 5095 1703 5173; baseline 0.003 -25"><span class='ocrx_word' id='word_1_825' title='bbox 121 5097 261 5167; x_wconf 80' lang='grc' dir='ltr'>ἡμῖν</span> <span class='ocrx_word' id='word_1_826' title='bbox 282 5096 376 5149; x_wconf 78' lang='grc' dir='ltr'>καὶ</span> <span class='ocrx_word' id='word_1_827' title='bbox 398 5095 813 5168; x_wconf 88' lang='grc' dir='ltr'>συντομωτάτην</span> <span class='ocrx_word' id='word_1_828' title='bbox 848 5097 949 5168; x_wconf 82' lang='grc' dir='ltr'>τὴν</span> <span class='ocrx_word' id='word_1_829' title='bbox 1008 5098 1280 5170; x_wconf 89' lang='grc' dir='ltr'>σωτηρίαν</span> <span class='ocrx_word' id='word_1_830' title='bbox 1340 5101 1703 5173; x_wconf 86' lang='grc' dir='ltr'>περιποιήση-</span> 
     </span>
    </p>
   </div>
   <div class='ocr_carea' id='block_1_102' title="bbox 119 5205 234 5241">
    <p class='ocr_par' dir='ltr' id='par_1_102' title="bbox 119 5205 234 5241">
     <span class='ocr_line' id='line_1_102' title="bbox 119 5205 234 5241; baseline 0 0"><span class='ocrx_word' id='word_1_831' title='bbox 119 5205 234 5241; x_wconf 87' lang='grc' dir='ltr'>ται.</span> 
     </span>
    </p>
   </div>
   <div class='ocr_carea' id='block_1_103' title="bbox 198 5278 1702 5355">
    <p class='ocr_par' dir='ltr' id='par_1_103' title="bbox 198 5278 1702 5355">
     <span class='ocr_line' id='line_1_103' title="bbox 198 5278 1702 5355; baseline 0.002 -21"><span class='ocrx_word' id='word_1_832' title='bbox 198 5278 256 5334; x_wconf 81' lang='lat'><strong>5.</strong></span> <span class='ocrx_word' id='word_1_833' title='bbox 299 5296 322 5330; x_wconf 75' lang='grc' dir='ltr'><strong>ι</strong></span> <span class='ocrx_word' id='word_1_834' title='bbox 366 5278 488 5333; x_wconf 83' lang='grc' dir='ltr'><strong>Ὅτι</strong></span> <span class='ocrx_word' id='word_1_835' title='bbox 528 5280 637 5333; x_wconf 83' lang='grc' dir='ltr'><strong>πᾶν</strong></span> <span class='ocrx_word' id='word_1_836' title='bbox 666 5280 834 5354; x_wconf 78' lang='grc' dir='ltr'>ἄρσεν</span> <span class='ocrx_word' id='word_1_837' title='bbox 873 5279 1140 5349; x_wconf 82' lang='grc' dir='ltr'>διανοῖγον</span> <span class='ocrx_word' id='word_1_838' title='bbox 1184 5283 1398 5355; x_wconf 85' lang='grc' dir='ltr'>μήτραν</span> <span class='ocrx_word' id='word_1_839' title='bbox 1437 5281 1589 5352; x_wconf 77' lang='grc' dir='ltr'>ἅγιον</span> <span class='ocrx_word' id='word_1_840' title='bbox 1620 5281 1702 5355; x_wconf 83' lang='grc' dir='ltr'>τῷ</span> 
     </span>
    </p>
   </div>
   <div class='ocr_carea' id='block_1_104' title="bbox 194 5436 730 5502">
    <p class='ocr_par' dir='ltr' id='par_1_104' title="bbox 194 5436 730 5502">
     <span class='ocr_line' id='line_1_104' title="bbox 194 5436 730 5502; baseline 0.002 -12"><span class='ocrx_word' id='word_1_841' title='bbox 194 5437 217 5469; x_wconf 85' lang='grc'><strong>⁹</strong></span> <span class='ocrx_word' id='word_1_842' title='bbox 256 5436 404 5493; x_wconf 82' lang='lat' dir='ltr'><strong>Psal.</strong></span> <span class='ocrx_word' id='word_1_843' title='bbox 440 5451 640 5502; x_wconf 71' lang='lat' dir='ltr'><strong>Lxxxr,</strong></span> <span class='ocrx_word' id='word_1_844' title='bbox 673 5436 730 5491; x_wconf 77' lang='grc' dir='ltr'><strong>ε.</strong></span> 
     </span>
    </p>
   </div>
   <div class='ocr_carea' id='block_1_105' title="bbox 198 5589 1692 5663">
    <p class='ocr_par' dir='ltr' id='par_1_105' title="bbox 198 5589 1692 5663">
     <span class='ocr_line' id='line_1_105' title="bbox 198 5589 1692 5663; baseline 0.003 -19"><span class='ocrx_word' id='word_1_845' title='bbox 198 5590 325 5663; x_wconf 45' lang='grc'><strong>(1³1)-</strong></span> <span class='ocrx_word' id='word_1_846' title='bbox 354 5589 598 5663; x_wconf 27' lang='lat' dir='ltr'><strong>ltaAReg.</strong></span> <span class='ocrx_word' id='word_1_847' title='bbox 645 5591 700 5663; x_wconf 58' lang='grc' dir='ltr'><strong>ᾖ.</strong></span> <span class='ocrx_word' id='word_1_848' title='bbox 748 5590 1427 5663; x_wconf 23' lang='lat' dir='ltr'><strong>‘lqooﬂvideestinﬁeg.</strong></span> <span class='ocrx_word' id='word_1_849' title='bbox 1478 5592 1528 5645; x_wconf 80' lang='grc'>1.</span> <span class='ocrx_word' id='word_1_850' title='bbox 1573 5591 1692 5648; x_wconf 75' lang='lat' dir='ltr'><strong>Mox</strong></span> 
     </span>
    </p>
   </div>
   <div class='ocr_carea' id='block_1_106' title="bbox 126 5661 1508 5734">
    <p class='ocr_par' dir='ltr' id='par_1_106' title="bbox 126 5661 1508 5734">
     <span class='ocr_line' id='line_1_106' title="bbox 126 5661 1508 5734; baseline -0.002 -15"><span class='ocrx_word' id='word_1_851' title='bbox 126 5662 265 5733; x_wconf 79' lang='lat' dir='ltr'><strong>Reg.</strong></span> <span class='ocrx_word' id='word_1_852' title='bbox 300 5661 357 5729; x_wconf 71' lang='lat'><strong>2,</strong></span> <span class='ocrx_word' id='word_1_853' title='bbox 390 5661 621 5731; x_wconf 81' lang='grc' dir='ltr'>Μήτιγε.</span> <span class='ocrx_word' id='word_1_854' title='bbox 655 5661 790 5733; x_wconf 81' lang='lat' dir='ltr'><strong>Reg.</strong></span> <span class='ocrx_word' id='word_1_855' title='bbox 814 5661 846 5715; x_wconf 18' lang='lat' dir='ltr'><strong>VI</strong></span> <span class='ocrx_word' id='word_1_856' title='bbox 876 5672 929 5718; x_wconf 88' lang='lat' dir='ltr'><strong>et</strong></span> <span class='ocrx_word' id='word_1_857' title='bbox 956 5661 1226 5729; x_wconf 81' lang='lat' dir='ltr'><strong>Combef.,</strong></span> <span class='ocrx_word' id='word_1_858' title='bbox 1255 5661 1508 5734; x_wconf 77' lang='grc' dir='ltr'>Μήτοιγε.</span> 
     </span>
    </p>
   </div>
   <div class='ocr_carea' id='block_1_107' title="bbox 1806 4462 3373 4533">
    <p class='ocr_par' dir='ltr' id='par_1_107' title="bbox 1806 4462 3373 4533">
     <span class='ocr_line' id='line_1_107' title="bbox 1806 4462 3373 4533; baseline 0.002 -18"><span class='ocrx_word' id='word_1_859' title='bbox 1806 4462 1909 4516; x_wconf 89' lang='lat' dir='ltr'><strong>tris</strong></span> <span class='ocrx_word' id='word_1_860' title='bbox 1949 4463 2087 4517; x_wconf 90' lang='lat' dir='ltr'><strong>meis</strong></span> <span class='ocrx_word' id='word_1_861' title='bbox 2118 4479 2131 4515; x_wconf 90' lang='lat'>:</span> <span class='ocrx_word' id='word_1_862' title='bbox 2166 4464 2342 4517; x_wconf 88' lang='lat' dir='ltr'><strong>donec</strong></span> <span class='ocrx_word' id='word_1_863' title='bbox 2372 4478 2569 4533; x_wconf 90' lang='lat' dir='ltr'><strong>ponam</strong></span> <span class='ocrx_word' id='word_1_864' title='bbox 2612 4463 2868 4519; x_wconf 84' lang='lat' dir='ltr'><strong>inimicos</strong></span> <span class='ocrx_word' id='word_1_865' title='bbox 2913 4472 3038 4520; x_wconf 90' lang='lat' dir='ltr'><strong>tuos</strong></span> <span class='ocrx_word' id='word_1_866' title='bbox 3075 4464 3373 4520; x_wconf 89' lang='lat' dir='ltr'><strong>scabellum</strong></span> 
     </span>
    </p>
   </div>
   <div class='ocr_carea' id='block_1_108' title="bbox 1804 4553 3373 4628">
    <p class='ocr_par' dir='ltr' id='par_1_108' title="bbox 1804 4553 3373 4628">
     <span class='ocr_line' id='line_1_108' title="bbox 1804 4553 3373 4628; baseline 0.001 -18"><span class='ocrx_word' id='word_1_867' title='bbox 1804 4555 2002 4625; x_wconf 89' lang='lat' dir='ltr'><strong>pedum</strong></span> <span class='ocrx_word' id='word_1_868' title='bbox 2049 4565 2268 4609; x_wconf 85' lang='lat' dir='ltr'><strong>tuorum</strong></span> <span class='ocrx_word' id='word_1_869' title='bbox 2321 4555 2385 4608; x_wconf 84' lang='lat'><strong>&quot;.</strong></span> <span class='ocrx_word' id='word_1_870' title='bbox 2430 4574 2449 4607; x_wconf 75' lang='grc' dir='ltr'>ι</span> <span class='ocrx_word' id='word_1_871' title='bbox 2508 4553 2616 4611; x_wconf 88' lang='lat' dir='ltr'><strong>Sed</strong></span> <span class='ocrx_word' id='word_1_872' title='bbox 2655 4557 2790 4612; x_wconf 90' lang='lat' dir='ltr'><strong>illud</strong></span> <span class='ocrx_word' id='word_1_873' title='bbox 2827 4556 3069 4627; x_wconf 90' lang='lat' dir='ltr'><strong>quidem,</strong></span> <span class='ocrx_word' id='word_1_874' title='bbox 3115 4572 3373 4628; x_wconf 84' lang='lat' dir='ltr'><strong>superne.</strong></span> 
     </span>
    </p>
   </div>
   <div class='ocr_carea' id='block_1_109' title="bbox 1751 4645 3378 4717">
    <p class='ocr_par' dir='ltr' id='par_1_109' title="bbox 1751 4645 3378 4717">
     <span class='ocr_line' id='line_1_109' title="bbox 1751 4645 3378 4717; baseline 0 -17"><span class='ocrx_word' id='word_1_875' title='bbox 1751 4704 1757 4714; x_wconf 58' lang='grc'><em>,</em></span> <span class='ocrx_word' id='word_1_876' title='bbox 1801 4654 1856 4700; x_wconf 89' lang='lat' dir='ltr'><strong>et</strong></span> <span class='ocrx_word' id='word_1_877' title='bbox 1893 4654 2082 4715; x_wconf 86' lang='lat' dir='ltr'><strong>utpote</strong></span> <span class='ocrx_word' id='word_1_878' title='bbox 2122 4645 2266 4702; x_wconf 91' lang='lat' dir='ltr'><strong>Deus</strong></span> <span class='ocrx_word' id='word_1_879' title='bbox 2295 4666 2311 4714; x_wconf 88' lang='lat'><strong>;</strong></span> <span class='ocrx_word' id='word_1_880' title='bbox 2350 4646 2455 4701; x_wconf 80' lang='lat' dir='ltr'><strong>hoc</strong></span> <span class='ocrx_word' id='word_1_881' title='bbox 2486 4656 2665 4703; x_wconf 89' lang='lat' dir='ltr'><strong>autem</strong></span> <span class='ocrx_word' id='word_1_882' title='bbox 2701 4647 2913 4704; x_wconf 82' lang='lat' dir='ltr'><strong>inferne</strong></span> <span class='ocrx_word' id='word_1_883' title='bbox 2941 4655 2997 4704; x_wconf 88' lang='lat' dir='ltr'><strong>et</strong></span> <span class='ocrx_word' id='word_1_884' title='bbox 3027 4663 3125 4717; x_wconf 91' lang='lat' dir='ltr'><strong>per</strong></span> <span class='ocrx_word' id='word_1_885' title='bbox 3162 4663 3378 4703; x_wconf 57' lang='lat' dir='ltr'><strong>oecono-</strong></span> 
     </span>
    </p>
   </div>
   <div class='ocr_carea' id='block_1_110' title="bbox 1806 4736 3376 4810">
    <p class='ocr_par' dir='ltr' id='par_1_110' title="bbox 1806 4736 3376 4810">
     <span class='ocr_line' id='line_1_110' title="bbox 1806 4736 3376 4810; baseline 0.003 -21"><span class='ocrx_word' id='word_1_886' title='bbox 1806 4736 1969 4790; x_wconf 91' lang='lat' dir='ltr'><strong>miam</strong></span> <span class='ocrx_word' id='word_1_887' title='bbox 2031 4746 2327 4807; x_wconf 62' lang='lat' dir='ltr'><strong>assumptaa</strong></span> <span class='ocrx_word' id='word_1_888' title='bbox 2368 4744 2600 4803; x_wconf 67' lang='lat' dir='ltr'><strong>naturae,</strong></span> <span class='ocrx_word' id='word_1_889' title='bbox 2645 4746 2702 4794; x_wconf 88' lang='lat' dir='ltr'><strong>et</strong></span> <span class='ocrx_word' id='word_1_890' title='bbox 2754 4739 2899 4810; x_wconf 92' lang='lat' dir='ltr'><strong>quod</strong></span> <span class='ocrx_word' id='word_1_891' title='bbox 2949 4740 3022 4794; x_wconf 90' lang='lat' dir='ltr'><strong>sit</strong></span> <span class='ocrx_word' id='word_1_892' title='bbox 3074 4754 3186 4793; x_wconf 89' lang='lat' dir='ltr'><strong>una</strong></span> <span class='ocrx_word' id='word_1_893' title='bbox 3231 4737 3376 4793; x_wconf 90' lang='lat' dir='ltr'><strong>Deus</strong></span> 
     </span>
    </p>
   </div>
   <div class='ocr_carea' id='block_1_111' title="bbox 1803 4830 3379 4904">
    <p class='ocr_par' dir='ltr' id='par_1_111' title="bbox 1803 4830 3379 4904">
     <span class='ocr_line' id='line_1_111' title="bbox 1803 4830 3379 4904; baseline 0.001 -21"><span class='ocrx_word' id='word_1_894' title='bbox 1803 4834 1969 4899; x_wconf 87' lang='lat' dir='ltr'><strong>atque</strong></span> <span class='ocrx_word' id='word_1_895' title='bbox 2016 4830 2180 4885; x_wconf 88' lang='lat' dir='ltr'><strong>homo</strong></span> <span class='ocrx_word' id='word_1_896' title='bbox 2223 4838 2325 4885; x_wconf 91' lang='lat' dir='ltr'><strong>:et</strong></span> <span class='ocrx_word' id='word_1_897' title='bbox 2371 4848 2481 4887; x_wconf 90' lang='lat' dir='ltr'><strong>una</strong></span> <span class='ocrx_word' id='word_1_898' title='bbox 2522 4848 2591 4887; x_wconf 75' lang='lat' dir='ltr'><strong>ex</strong></span> <span class='ocrx_word' id='word_1_899' title='bbox 2641 4840 2877 4903; x_wconf 89' lang='lat' dir='ltr'><strong>utroque</strong></span> <span class='ocrx_word' id='word_1_900' title='bbox 2922 4833 3233 4904; x_wconf 87' lang='lat' dir='ltr'><strong>hypostasis</strong></span> <span class='ocrx_word' id='word_1_901' title='bbox 3266 4850 3280 4886; x_wconf 90' lang='lat'>:</span> <span class='ocrx_word' id='word_1_902' title='bbox 3310 4846 3379 4886; x_wconf 86' lang='lat' dir='ltr'><strong>ac</strong></span> 
     </span>
    </p>
   </div>
   <div class='ocr_carea' id='block_1_112' title="bbox 1803 4923 3379 4996">
    <p class='ocr_par' dir='ltr' id='par_1_112' title="bbox 1803 4923 3379 4996">
     <span class='ocr_line' id='line_1_112' title="bbox 1803 4923 3379 4996; baseline 0.001 -20"><span class='ocrx_word' id='word_1_903' title='bbox 1803 4937 1902 4993; x_wconf 89' lang='lat' dir='ltr'><strong>per</strong></span> <span class='ocrx_word' id='word_1_904' title='bbox 1931 4936 2091 4977; x_wconf 91' lang='lat' dir='ltr'><strong>unam</strong></span> <span class='ocrx_word' id='word_1_905' title='bbox 2124 4923 2273 4976; x_wconf 91' lang='lat' dir='ltr'><strong>illam</strong></span> <span class='ocrx_word' id='word_1_906' title='bbox 2304 4924 2675 4996; x_wconf 88' lang='lat' dir='ltr'><strong>(hypostasin)</strong></span> <span class='ocrx_word' id='word_1_907' title='bbox 2706 4933 3001 4995; x_wconf 82' lang='lat' dir='ltr'><strong>utrumque</strong></span> <span class='ocrx_word' id='word_1_908' title='bbox 3038 4939 3162 4980; x_wconf 89' lang='lat' dir='ltr'><strong>esse</strong></span> <span class='ocrx_word' id='word_1_909' title='bbox 3185 4924 3379 4994; x_wconf 88' lang='lat' dir='ltr'><strong>digno-</strong></span> 
     </span>
    </p>
   </div>
   <div class='ocr_carea' id='block_1_113' title="bbox 1803 5014 3376 5084">
    <p class='ocr_par' dir='ltr' id='par_1_113' title="bbox 1803 5014 3376 5084">
     <span class='ocr_line' id='line_1_113' title="bbox 1803 5014 3376 5084; baseline 0 -15"><span class='ocrx_word' id='word_1_910' title='bbox 1803 5014 1976 5069; x_wconf 85' lang='lat' dir='ltr'><strong>scitur</strong></span> <span class='ocrx_word' id='word_1_911' title='bbox 2007 5032 2023 5080; x_wconf 91' lang='lat'><strong>;</strong></span> <span class='ocrx_word' id='word_1_912' title='bbox 2057 5022 2118 5067; x_wconf 93' lang='lat' dir='ltr'><strong>ut</strong></span> <span class='ocrx_word' id='word_1_913' title='bbox 2153 5023 2473 5069; x_wconf 89' lang='lat' dir='ltr'><strong>naturarum</strong></span> <span class='ocrx_word' id='word_1_914' title='bbox 2496 5016 2902 5081; x_wconf 84' lang='lat' dir='ltr'><strong>communione,</strong></span> <span class='ocrx_word' id='word_1_915' title='bbox 2935 5021 3097 5082; x_wconf 87' lang='lat' dir='ltr'><strong>atque</strong></span> <span class='ocrx_word' id='word_1_916' title='bbox 3127 5014 3376 5084; x_wconf 84' lang='lat' dir='ltr'><strong>proprie-</strong></span> 
     </span>
    </p>
   </div>
   <div class='ocr_carea' id='block_1_114' title="bbox 1804 5104 3374 5177">
    <p class='ocr_par' dir='ltr' id='par_1_114' title="bbox 1804 5104 3374 5177">
     <span class='ocr_line' id='line_1_114' title="bbox 1804 5104 3374 5177; baseline -0.001 -17"><span class='ocrx_word' id='word_1_917' title='bbox 1804 5112 1976 5160; x_wconf 81' lang='lat' dir='ltr'><strong>talum</strong></span> <span class='ocrx_word' id='word_1_918' title='bbox 2017 5106 2087 5160; x_wconf 92' lang='lat' dir='ltr'><strong>iis</strong></span> <span class='ocrx_word' id='word_1_919' title='bbox 2132 5108 2580 5177; x_wconf 89' lang='lat' dir='ltr'><strong>competentium,</strong></span> <span class='ocrx_word' id='word_1_920' title='bbox 2617 5104 2932 5161; x_wconf 83' lang='lat' dir='ltr'><strong>facillimam</strong></span> <span class='ocrx_word' id='word_1_921' title='bbox 2962 5105 3122 5160; x_wconf 87' lang='lat' dir='ltr'><strong>nobis</strong></span> <span class='ocrx_word' id='word_1_922' title='bbox 3152 5118 3216 5159; x_wconf 90' lang='lat' dir='ltr'><strong>ac</strong></span> <span class='ocrx_word' id='word_1_923' title='bbox 3246 5105 3374 5160; x_wconf 86' lang='lat' dir='ltr'><strong>bre—</strong></span> 
     </span>
    </p>
   </div>
   <div class='ocr_carea' id='block_1_115' title="bbox 1805 5195 3020 5267">
    <p class='ocr_par' dir='ltr' id='par_1_115' title="bbox 1805 5195 3020 5267">
     <span class='ocr_line' id='line_1_115' title="bbox 1805 5195 3020 5267; baseline -0.001 -17"><span class='ocrx_word' id='word_1_924' title='bbox 1805 5195 2033 5250; x_wconf 88' lang='lat' dir='ltr'><strong>vissimo</strong></span> <span class='ocrx_word' id='word_1_925' title='bbox 2059 5198 2387 5267; x_wconf 90' lang='lat' dir='ltr'><strong>compendio</strong></span> <span class='ocrx_word' id='word_1_926' title='bbox 2414 5198 2644 5253; x_wconf 90' lang='lat' dir='ltr'><strong>salutem</strong></span> <span class='ocrx_word' id='word_1_927' title='bbox 2676 5197 3020 5251; x_wconf 90' lang='lat' dir='ltr'><strong>conciliaret.</strong></span> 
     </span>
    </p>
   </div>
   <div class='ocr_carea' id='block_1_116' title="bbox 1876 5285 3376 5357">
    <p class='ocr_par' dir='ltr' id='par_1_116' title="bbox 1876 5285 3376 5357">
     <span class='ocr_line' id='line_1_116' title="bbox 1876 5285 3376 5357; baseline -0.001 -18"><span class='ocrx_word' id='word_1_928' title='bbox 1876 5285 1929 5340; x_wconf 84' lang='lat'><strong>5.</strong></span> <span class='ocrx_word' id='word_1_929' title='bbox 1976 5304 1995 5337; x_wconf 78' lang='grc' dir='ltr'>ι</span> <span class='ocrx_word' id='word_1_930' title='bbox 2041 5285 2181 5351; x_wconf 92' lang='lat' dir='ltr'><strong>Quia</strong></span> <span class='ocrx_word' id='word_1_931' title='bbox 2206 5300 2368 5341; x_wconf 89' lang='lat' dir='ltr'><strong>omne</strong></span> <span class='ocrx_word' id='word_1_932' title='bbox 2394 5287 2759 5342; x_wconf 83' lang='lat' dir='ltr'><strong>masculinum</strong></span> <span class='ocrx_word' id='word_1_933' title='bbox 2786 5285 3108 5357; x_wconf 86' lang='lat' dir='ltr'><strong>adaperiens</strong></span> <span class='ocrx_word' id='word_1_934' title='bbox 3138 5285 3376 5350; x_wconf 63' lang='lat' dir='ltr'><strong>vulvam,</strong></span> 
     </span>
    </p>
   </div>
   <div class='ocr_carea' id='block_1_117' title="bbox 808 5434 1694 5511">
    <p class='ocr_par' dir='ltr' id='par_1_117' title="bbox 808 5434 1694 5507">
     <span class='ocr_line' id='line_1_117' title="bbox 808 5434 1694 5507; baseline 0 -16"><span class='ocrx_word' id='word_1_935' title='bbox 808 5436 852 5467; x_wconf 81' lang='lat'>“</span> <span class='ocrx_word' id='word_1_936' title='bbox 888 5434 1046 5492; x_wconf 80' lang='lat' dir='ltr'><strong>Joan.</strong></span> <span class='ocrx_word' id='word_1_937' title='bbox 1084 5452 1188 5502; x_wconf 78' lang='lat' dir='ltr'><strong>xx,</strong></span> <span class='ocrx_word' id='word_1_938' title='bbox 1230 5436 1316 5490; x_wconf 83' lang='lat' dir='ltr'><strong>l7.</strong></span> <span class='ocrx_word' id='word_1_939' title='bbox 1397 5436 1438 5467; x_wconf 83' lang='lat'>“</span> <span class='ocrx_word' id='word_1_940' title='bbox 1467 5434 1645 5507; x_wconf 75' lang='lat' dir='ltr'><strong>Hebr.</strong></span> <span class='ocrx_word' id='word_1_941' title='bbox 1683 5452 1694 5491; x_wconf 88' lang='grc' dir='ltr'>ι</span> 
     </span>
    </p>
   </div>
   <div class='ocr_carea' id='block_1_118' title="bbox 1799 5434 3097 5511">
    <p class='ocr_par' dir='ltr' id='par_1_118' title="bbox 1799 5437 3097 5511">
     <span class='ocr_line' id='line_1_118' title="bbox 1799 5437 3097 5511; baseline 0.002 -20"><span class='ocrx_word' id='word_1_942' title='bbox 1799 5437 1867 5503; x_wconf 26' lang='grc' dir='ltr'><strong>χΙ,</strong></span> <span class='ocrx_word' id='word_1_943' title='bbox 1902 5437 1988 5492; x_wconf 78' lang='grc'><strong>12.</strong></span> <span class='ocrx_word' id='word_1_944' title='bbox 2069 5439 2111 5470; x_wconf 80' lang='grc'><strong>¹²</strong></span> <span class='ocrx_word' id='word_1_945' title='bbox 2153 5438 2340 5511; x_wconf 83' lang='lat' dir='ltr'><strong>Matth.</strong></span> <span class='ocrx_word' id='word_1_946' title='bbox 2380 5455 2433 5506; x_wconf 85' lang='lat' dir='ltr'><strong>v,</strong></span> <span class='ocrx_word' id='word_1_947' title='bbox 2470 5439 2557 5495; x_wconf 83' lang='lat' dir='ltr'><strong>l7.</strong></span> <span class='ocrx_word' id='word_1_948' title='bbox 2638 5440 2681 5471; x_wconf 82' lang='grc'><strong>¹³</strong></span> <span class='ocrx_word' id='word_1_949' title='bbox 2718 5438 2865 5497; x_wconf 87' lang='lat' dir='ltr'><strong>Psal.</strong></span> <span class='ocrx_word' id='word_1_950' title='bbox 2904 5456 3012 5507; x_wconf 72' lang='lat' dir='ltr'><strong>cu,</strong></span> <span class='ocrx_word' id='word_1_951' title='bbox 3046 5440 3097 5493; x_wconf 79' lang='lat' dir='ltr'><strong>l.</strong></span> 
     </span>
    </p>
   </div>
   <div class='ocr_carea' id='block_1_119' title="bbox 1874 5592 2729 5667">
    <p class='ocr_par' dir='ltr' id='par_1_119' title="bbox 1874 5592 2729 5667">
     <span class='ocr_line' id='line_1_119' title="bbox 1874 5592 2729 5667; baseline 0.001 -18"><span class='ocrx_word' id='word_1_952' title='bbox 1874 5592 1986 5665; x_wconf 81' lang='grc'><strong>(18)</strong></span> <span class='ocrx_word' id='word_1_953' title='bbox 2025 5592 2226 5665; x_wconf 84' lang='grc' dir='ltr'>Κύριος</span> <span class='ocrx_word' id='word_1_954' title='bbox 2253 5594 2408 5651; x_wconf 87' lang='lat' dir='ltr'><strong>deest</strong></span> <span class='ocrx_word' id='word_1_955' title='bbox 2431 5595 2498 5653; x_wconf 74' lang='lat' dir='ltr'><strong>in.</strong></span> <span class='ocrx_word' id='word_1_956' title='bbox 2516 5593 2648 5667; x_wconf 76' lang='lat' dir='ltr'><strong>Reg.</strong></span> <span class='ocrx_word' id='word_1_957' title='bbox 2673 5593 2729 5654; x_wconf 75' lang='grc'>2.</span> 
     </span>
    </p>
   </div>
  </div>
