3856 6206
443 284 552 347 979

1577 282 1637 340 Β.
1677 281 2144 339 ATHANASIUS.
2184 312 2249 325 --
2292 281 2564 339 SPURIA.

3601 285 3709 341 980

450 408 702 461 sanctum
738 398 971 457 Domino
996 399 1279 456 vocabitur
1311 401 1375 456 ιδ.
1400 378 1433 453 ι’
1446 398 1589 467 Quid
1613 416 1767 472 ergo,
1782 404 1857 455 an
1890 414 2020 456 san-

2125 401 2315 472 Κυρίῳ
2339 399 2685 472 κληθήσεται.
2727 419 2747 452 ι
2770 399 2835 452 Τί
2862 392 2976 465 οὖν,
2999 401 3108 463 πᾶς
3136 400 3478 471 πρωτότοκος
3500 400 3705 467 arm;

448 504 571 552 ctus
602 493 785 550 omnis
810 494 1249 565 primogenitus?
1279 492 1466 549 Restat
1495 493 1680 564 igitur,
1711 500 1771 548 ut
1801 494 2020 558 lsmael,

449 588 616 651 Esau,
649 596 705 643 et
734 593 862 641 ante
886 587 1012 643 illos
1041 585 1200 653 Cain,
1224 587 1488 657 multique
1516 586 1608 640 alii
1633 586 1741 642 Deo
1771 587 1932 642 invisi
1959 600 2025 641 ac

451 675 730 733 maledicti
767 677 1037 742 homines,
1060 676 1209 748 quod
1249 676 1410 747 primi
1432 678 1648 732 vulvam
1684 678 2020 748 aperuerint,

451 767 626 823 sancti
659 765 891 823 Domino
910 774 1197 824 vocentur.
1225 767 1405 836 Ecqua
1428 768 1497 823 de
1524 783 1690 824 causa
1714 768 1782 823 de
1800 767 2026 823 lsmaele

452 857 657 913 dicitur
698 875 712 913 :
755 874 776 910 ι
810 856 962 929 Ejice
991 859 1242 913 ancillam
1284 866 1339 914 et
1376 859 1544 915 filium
1578 860 1697 930 ejus
1738 861 1820 915 ἐἳ
1852 878 1871 912 ›
1909 859 2024 914 Cur

449 948 517 1003 de
538 947 684 1005 Esau
708 965 723 1001 :
748 966 768 1001 ι
793 948 962 1005 Jacob
984 948 1172 1013 dilexi,
1189 948 1329 1005 Esau
1358 956 1536 1004 autem
1562 950 1689 1005 odio
1708 950 1871 1005 habui
1896 949 1978 1002 “?
1997 968 2017 1002 ι

451 1040 583 1108 Quae
610 1054 778 1097 causa
806 1039 927 1105 fuit,
954 1040 1002 1097 si
1026 1049 1250 1097 sanctus
1276 1040 1410 1096 Cain
1436 1040 1664 1096 Domino
1691 1048 1830 1104 erat,
1876 1040 2021 1111 quod

452 1142 552 1198 pro
581 1129 730 1185 caede
767 1128 975 1193 fratris,
1006 1131 1209 1202 septies
1237 1132 1370 1187 ultio
1397 1132 1467 1186 ab
1507 1146 1572 1187 eo
1609 1133 2025 1201 reposceretur?

456 1218 512 1274 Si
547 1234 710 1276 omne
742 1221 1108 1277 masculinum
1146 1222 1471 1292 adaperiens
1501 1223 1736 1288 vulvam,
1770 1231 2020 1278 sanctum

455 1309 686 1367 Domino
702 1312 1022 1381 vocabitur;
1053 1313 1182 1383 quid
1212 1313 1336 1383 plus
1376 1312 1537 1368 habet
1562 1314 1834 1374 Christus.
1855 1330 2021 1385 quam

457 1400 685 1457 Ruben?
714 1401 856 1469 Quid
895 1403 1127 1474 amplius
1170 1405 1247 1459 illi
1287 1420 1451 1477 quam
1492 1405 1770 1460 Amno‘ni?
1800 1404 1932 1459 Nam
1967 1413 2022 1461 et

455 1493 561 1564 ipsi
597 1508 815 1565 quoque
859 1496 1039 1565 primo
1087 1505 1249 1567 partu
1300 1496 1454 1561 editi,
1498 1497 1716 1552 vulvam
1768 1496 2024 1552 videntur

453 1582 757 1652 aperuisse.
801 1581 907 1638 Sed
946 1598 1077 1639 cave
1108 1600 1175 1640 ne
1205 1583 1502 1641 ferventius
1532 1586 1676 1640 circa
1707 1584 2021 1657 Scripturas

455 1671 687 1738 insilias,
738 1686 803 1728 ac
852 1673 1069 1744 longius
1114 1690 1145 1729 a
1191 1681 1336 1729 meta
1377 1690 1660 1732 excurras.
1690 1674 1810 1731 Non
1852 1676 2019 1743 enim,

2125 492 2237 563 (l9)
2276 493 2413 564 Ὥρα
2449 510 2531 545 σοι
2570 491 2775 557 λοιπὸν,
2819 491 2913 544 καὶ
2953 491 3193 562 Ἰσμαήλ,
3225 493 3318 544 καὶ
3367 491 3572 553 Ἠσαῦ,
3611 490 3707 543 καὶ

2123 583 2230 655 πρὸ
2259 582 2463 636 τούτων
2499 583 2590 636 τὸν
2625 584 2786 647 Κάῖν,
2821 583 2916 636 xal
2959 582 3186 645 πολλοὺς
3216 581 3406 644 ἄλλους
3433 581 3549 633 τῶν
3586 580 3704 633 θεο-

2124 674 2338 743 πυγῶν
2362 691 2422 727 τε
2445 675 2537 727 καὶ
2554 674 2945 745 κατηραμένων
2968 672 3195 745 ἀνδρῶν,
3218 673 3297 738 τῷ
3314 671 3571 742 πρώτους
3588 668 3682 741 (20

2123 750 2318 833 αύτοὺς
2348 768 2605 833 διανοῖξαι
2648 770 2878 840 μήτραν,
2915 768 3101 836 ἁγίους
3144 766 3224 837 τῷ
3266 767 3454 837 Κυρίῳ
3480 765 3699 819 καλεῖν.

2122 861 2232 914 Kal
2256 861 2400 924 τίνος
2427 860 2585 931 χάριν
2614 859 2827 927 λέγεται
2855 859 2983 929 περὶ
3017 857 3258 929 Ἰσμαὴλ,
3291 859 3371 911 ὅτι
3399 877 3417 908 ι
3456 856 3701 910 Ἔκϐαλε

2119 950 2218 1023 τὴν
2248 950 2537 1020 παιδίσκην
2568 950 2663 1003 καὶ
2693 950 2783 1003 τὸν
2817 949 2929 1002 υἱὸν
2955 950 3125 1019 αὐτῆς
3143 965 3156 979 ·
3197 968 3215 1000 ι
3255 948 3380 1018 περῖ¹
3398 946 3457 998 δὲ
3494 945 3700 1009 Ἠσαῦ,

2120 1040 2203 1093 ὅτι
2236 1061 2254 1093 ι
2283 1040 2385 1093 Τὸν
2401 1040 2594 1094 Ἰακὼϐ
2620 1040 2900 1110 ἠγάπησα,
2938 1039 3028 1092 τὸν
3057 1038 3116 1091 δὲ
3162 1037 3330 1090 Ἡσαῦ
3358 1035 3642 1105 sitionem;
3676 1054 3697 1085 ι

2122 1131 2278 1195 Τίνος
2305 1130 2361 1184 δὲ
2390 1131 2569 1201 χάριν,
2597 1132 2645 1184 εί
2674 1131 2825 1198 ἆγιος
2853 1126 2920 1201 ἦν
2946 1129 3025 1200 τῷ
3048 1131 3235 1200 Κυρίῳ
3255 1129 3282 1181 ὁ
3309 1127 3471 1191 Κάῖν,
3499 1129 3600 1180 ἐπὶ
3622 1126 3702 1196 τῷ

2120 1221 2309 1277 τούτου
2349 1224 2492 1294 φόνῳ
2526 1222 2665 1276 ἑπτὰ
2711 1221 3067 1291 ὲκδικούμενα
3112 1220 3439 1290 παρελύετο;
3480 1220 3548 1272 Εἰ
3588 1220 3699 1272 πᾶν

2121 1318 2285 1390 ἄρσεν
2315 1317 2580 1386 διανοῖγον
2606 1319 2817 1389 μήτραν
2837 1318 2987 1385 ἀγιον
3019 1317 3095 1387 τῷ
3121 1316 3307 1388 Κυρίῳ
3337 1316 3698 1388 κληθήσεται,

2120 1411 2175 1464 τί
2205 1411 2363 1464 πλέον
2394 1410 2507 1481 ἔχει
2538 1411 2772 1482 Χριστὸς
2803 1410 2896 1464 τοῦ
2935 1410 3190 1481 Ῥουϐίμ;
3225 1410 3288 1462 Τί
3321 1410 3377 1462 δὲ
3406 1409 3471 1462 τὸ
3503 1426 3700 1479 περισ-

2124 1502 2214 1555 σὸν
2239 1504 2427 1556 τούτου
2456 1504 2592 1574 πρὸς
2625 1502 2715 1556 τὸν
2760 1500 2971 1574 Ἀμνὼν
2997 1502 3139 1573 (2|);
3169 1501 3263 1555 καὶ
3291 1502 3400 1572 γὰρ
3427 1502 3523 1555 καὶ
3549 1495 3702 1553 οὗτοι

2121 1593 2329 1658 δόξαιεν
2373 1593 2459 1657 ἂν,
2504 1594 2582 1663 τῷ
2629 1594 2859 1667 πρώτως
2913 1593 3294 1664 ἀωτεχθῆναι,
3337 1594 3555 1663 μήτραν
3583 1610 3700 1656 πως

2122 1685 2399 1750 διανοῖξαι.
2447 1686 2581 1739 Ἀλλ’
2612 1687 2734 1757 ὅρα,
2768 1686 2842 1757 μὴ
2869 1686 3083 1758 θερμῶς
3112 1685 3238 1757 ᾄττε
3267 1686 3393 1757 περὶ
3414 1685 3485 1738 τὰ
3505 1686 3699 1756 Γράμ-

455 1766 651 1838 inquit,
686 1767 760 1823 ita
786 1767 898 1823 dixi
927 1785 943 1823 :
978 1766 1152 1824 Omne
1178 1770 1595 1840 primogenitum
1631 1778 1880 1824 sanctum
1919 1769 2024 1824 Do-

2127 1748 2424 1847 ματαξκαὶ
2462 1776 2538 1849 μὴ
2568 1748 2889 1849 «appetas;
2916 1748 3434 1849 νύσσης-ἀπότρεχε.
3471 1748 3566 1830 Οὑ-
3589 1748 3701 1846 {ep

460 1857 611 1913 mino
639 1859 926 1914 vocabitur
961 1878 981 1915 ι
1004 1860 1247 1929 alioquin
1285 1860 1353 1915 ad
1396 1861 1611 1916 brutam
1657 1877 1830 1932 usque
1858 1869 2021 1916 natu-

455 1965 573 2004 ram
618 1951 881 2006 sanctitas
920 1959 1265 2021 permearet:
1304 1952 1398 2009 sed
1437 1972 1450 2007 ε
1487 1971 1507 2006 ι
1548 1953 1721 2007 Omne
1765 1953 2024 2009 masculi-

456 2056 587 2095 num
622 2042 877 2112 aperiens
913 2043 1130 2099 vulvam
1170 2063 1187 2097 :
1236 2062 1255 2095 ι
1298 2042 1529 2110 Quando
1571 2045 1780 2100 scilicet
1817 2046 2025 2113 absque

454 2133 750 2187 concubitu
785 2141 975 2204 partus
1008 2135 1251 2188 evenerit
1294 2153 1305 2188 :
1344 2150 1467 2189 cum
1506 2150 1615 2188 non
1645 2151 1711 2188 ex
1741 2135 2022 2204 sanguini-

456 2222 579 2287 bus,
626 2238 803 2294 neque
849 2239 912 2278 ex
967 2224 1132 2295 358
1176 2227 1455 2280 voluntate
1503 2226 1607 2280 viri
1658 2227 1744 2291 ";
1808 2226 1903 2281 sed
1955 2242 2024 2281 ex

457 2313 663 2385 Spiritu
694 2324 887 2372 sancto
926 2316 1067 2372 fetus
1101 2318 1376 2388 susceptio
1405 2316 1569 2372 fuerit
1598 2336 1610 2372 :
1644 2334 1766 2373 cum
1808 2318 2025 2373 nemine

455 2405 590 2462 furis
640 2407 914 2476 pulsante,
958 2407 1142 2464 infans
1183 2409 1299 2479 ipse
1338 2407 1487 2463 intus
1526 2410 1800 2477 aperuerit
1844 2427 1857 2461 :
1898 2423 2022 2464 cum

453 2501 784 2571 virginitatis
820 2503 1118 2574 signaculis
1157 2510 1320 2573 atque
1361 2501 1551 2571 septis,
1586 2500 1835 2557 infractis
1875 2503 2024 2557 intus

454 2595 816 2660 conservatis,
839 2595 985 2651 foras
1006 2594 1422 2651 fetusexsilierit
1442 2610 1454 2646 :
1475 2595 1554 2651 sic
1569 2595 1752 2662 utique
1773 2612 1786 2649 :
1812 2614 1830 2646 ι
1852 2591 2025 2650 Omne

453 2686 818 2742 masculinum
880 2686 1199 2757 adaperiens
1243 2686 1457 2740 vulvam
1496 2695 1743 2741 sanctum
1798 2684 2025 2740 Domino

454 2777 757 2833 vocabitur.
795 2797 814 2830 ι
844 2776 977 2832 Nam
1021 2778 1131 2832 illic
1164 2777 1382 2848 quidem
1409 2793 1519 2833 non
1559 2776 1797 2832 infantes
1835 2778 2025 2833 vulvas

456 2869 807 2942 adaperuere,
831 2871 923 2926 sed
957 2870 1057 2924 viri
1087 2887 1209 2925 cum
1239 2870 1466 2925 muliere
1489 2885 1835 2941 congressus.
1865 2868 2023 2937 Nam,

459 2979 480 3013 ι
512 2962 799 3034 cognovit,
840 2963 1035 3033 inquit,
1097 2963 1268 3017 Adam
1318 2961 1485 3017 Evam
1542 2977 1764 3018 uxorem
1825 2978 2022 3028 suam,

2121 1870 2296 1935 τοῦτο,
2340 1872 2524 1941 φησὶν,
2562 1866 2734 1936 εἷπον,
2783 1871 2864 1924 ὅτι
2902 1873 3018 1925 Πᾶν
3058 1870 3398 1943 πρωτότοκον
3432 1869 3592 1937 ἆγιον
3622 1868 3702 1939 τῷ

2120 1963 2312 2034 Κυρίῳ
2358 1962 2711 2035 κληθήσεται·
2761 1962 2794 2033 ἦ
2841 1964 2947 2034 γὰρ
2993 1962 3061 2017 ἀν
3103 1962 3247 2016 οὕτω
3291 1963 3388 2015 καὶ
3429 1962 3570 2031 πρὸς
3601 1959 3703 2029 τὴν

2121 2052 2312 2121 ἄλογον
2341 2054 2500 2122 φύσιν
2527 2056 2559 2125 ή
2586 2053 2808 2125 ἁγιότης
2829 2054 3112 2108 διέϐαινεν·
3143 2052 3257 2107 ἀλλ’
3281 2054 3365 2106 ὅτι
3386 2054 3506 2105 Πᾶν
3534 2051 3703 2123 ἄρσεν

2120 2143 2386 2212 διανοῖγον
2427 2146 2657 2215 μήτραν·
2694 2146 2990 2207 τουτέστιν,
3039 2144 3205 2197 ’Όταν
3239 2142 3637 2214 ἀπειρογάμως
3672 2143 3703 2194 ό

2120 2234 2278 2297 τόκος
2307 2233 2500 2306 προϐῇ·
2531 2235 2658 2287 ὅταν
2682 2234 2782 2287 οὐκ
2816 2234 2874 2300 ἐξ
2907 2234 3173 2306 αἱμάτων,
3211 2232 3331 2286 οὐδὲ
3365 2235 3430 2285 ὲκ
3462 2232 3704 2303 θελήμα-

2121 2341 2212 2389 τος
2247 2326 2466 2394 σαρκὸς,
2493 2325 2614 2378 οὐδὲ
2642 2326 2706 2377 ὲκ
2735 2323 3037 2394 θελήματος
3064 2322 3276 2395 ἀνδρὸς,
3304 2322 3415 2376 ἀλλ’
3449 2322 3509 2386 ἐξ
3545 2322 3702 2390 ἁγίου

2123 2412 2260 2466 Πνεύ
2270 2430 2436 2484 ματος
2464 2415 2497 2484 ή
2526 2411 2619 2465 τοῦ
2641 2414 2960 2483 τικτομένου
2980 2413 3204 2483 γένηται
3230 2412 3521 2481 σύλληψις·
3551 2411 3702 2472 ὅταν,

2126 2504 2353 2576 μηδενὸς
2389 2503 2587 2571 ἔξωθεν
2619 2503 2970 2574 κρούσαντος,
3008 2503 3140 2558 αὐτὸ
3170 2505 3232 2557 τὸ
3272 2503 3471 2574 βρέφος
3500 2500 3705 2555 ἔσωθεν

2122 2595 2380 2666 διανοίξῃ·
2421 2596 2569 2658 ὅταν,
2602 2594 2703 2665 τῆς
2739 2594 3034 2667 παρθενίας
3073 2595 3385 2666 σφραγίδων
3421 2594 3520 2646 καὶ
3558 2592 3706 2645 κλεί-

2124 2687 2267 2759 θρων
2291 2687 2604 2741 ἀσαλεύτων
2628 2686 3044 2758 φυλαττομένων
3064 2687 3294 2751 ἔνδοθεν,
3317 2687 3422 2752 ἔξω
3444 2685 3504 2738 τὸ
3525 2683 3707 2737 τικτό-

2127 2797 2287 2851 μενον
2314 2781 2618 2852 ὲκπηδήσῃ·
2646 2780 2789 2833 οὕτω
2817 2800 2835 2832 ι
2871 2780 2986 2833 Πᾶν
3009 2780 3173 2850 ἄρσεν
3193 2778 3461 2844 διανοῖγον
3486 2777 3705 2846 μήτραν

2124 2873 2278 2941 ἅγιον
2306 2871 2382 2943 τῷ
2407 2873 2595 2943 Κυρίῳ
2619 2872 2968 2943 κληθήσεται.
2996 2891 3016 2924 ι
3048 2870 3196 2924 Ἐκεῖ
3225 2871 3322 2941 μὲν
3351 2868 3462 2940 γὰρ
3485 2869 3610 2922 οὐδὲ
3635 2866 3707 2919 re

2127 2964 2299 3037 βρέφη
2333 2964 2434 3027 τὰς
2468 2966 2676 3036 μήτρας
2704 2962 2987 3035 διήνοιξεν,
3013 2964 3129 3018 ἀλλ’
3160 2965 3192 3034 ή
3223 2962 3314 3016 τοῦ
3351 2961 3547 3032 ἀνδρὸς
3568 2960 3707 3029 πρὸς

455 3069 576 3125 quae
605 3057 857 3125 concepit
901 3065 954 3109 et
996 3055 1203 3125 peperit
1229 3053 1361 3108 Cain
1397 3053 1463 3106 “.
1511 3072 1530 3105 ι
1571 3052 1669 3108 Hic
1704 3061 1884 3110 autem
1913 3070 2021 3110 non

2125 3057 2223 3128 τὴν
2268 3059 2502 3125 γυναῖκα
2554 3056 2859 3121 συνέλευσις
2891 3074 2906 3088 ·
2962 3074 2982 3107 ι
3040 3056 3224 3124 Ἐγνω
3299 3052 3447 3124 γάρ,
3512 3051 3703 3122 φησιν,

454 3148 603 3213 item,
650 3147 747 3203 sed
796 3148 913 3217 ipse
963 3146 1125 3210 fetus,
1173 3147 1346 3202 vulvae
1392 3147 1538 3202 fores
1590 3148 1824 3217 aperuit,
1873 3148 2024 3203 nullo

452 3254 619 3309 egens
649 3238 893 3294 exterius
921 3239 1128 3293 carnali
1165 3239 1484 3293 concubitu.
1537 3237 1751 3293 Etenim
1774 3276 1788 3302 ,
1836 3258 1855 3289 ‹
1912 3239 2025 3293 An-

455 3337 672 3399 tequam
704 3369 721 3396 ,
770 3330 990 3401 inquit,
1062 3333 1455 3396 convenirent,
1540 3331 1759 3385 inventa
1810 3339 1895 3387 est
1969 3332 2023 3386 in

454 3428 613 3476 utero
654 3420 864 3475 habens
901 3420 969 3476 de
1010 3420 1215 3490 Spiritu
1253 3429 1444 3475 sancto
1471 3420 1535 3475 ".
1577 3439 1595 3472 ι
1627 3418 1781 3474 Licet
1810 3435 2027 3491 quoque

453 3507 674 3562 brevius
709 3523 898 3563 vocem
933 3509 1187 3578 excipere
1230 3520 1391 3579 atque
1428 3509 1798 3580 interpretari,
1835 3510 2027 3566 subin-

459 3596 756 3675 telligendo
801 3598 1149 3653 extrinsecus
1191 3618 1208 3650 ι
1242 3598 1486 3670 Virginis
1529 3618 1548 3652 ι
1591 3616 1802 3665 vocem,
1848 3609 1909 3655 ut
1946 3602 2027 3657 sic

454 3698 861 3760 consequenter
918 3691 1307 3760 intelligatur:
1355 3710 1375 3744 ι
1433 3693 1607 3749 Omne
1659 3695 2025 3750 masculinum

455 3783 777 3852 adaperiens
803 3784 1017 3838 vulvam
1051 3785 1335 3854 virginem,
1367 3794 1621 3841 sanctum
1663 3786 1892 3843 Domino
1932 3803 2026 3841 vo-

455 3874 685 3929 cabitur.
751 3894 771 3928 ι
822 3873 978 3941 Quod
1027 3877 1081 3931 in
1132 3876 1355 3931 Christo
1409 3878 1585 3933 solum
1640 3880 1859 3943 accidit,
1901 3893 2024 3933 cum

456 3967 659 4021 nemini
696 3967 786 4022 alii
818 3967 868 4022 id
894 3983 1183 4024 commune
1213 3968 1398 4034 fuerit.
1431 3969 1551 4041 Ipse
1593 3986 1830 4041 namque
1875 3972 2026 4027 solus

454 4057 734 4131 Virginem
758 4060 977 4114 vulvam
1010 4061 1068 4115 in
1096 4076 1264 4117 carne
1293 4062 1571 4118 nascendo
1598 4064 1810 4133 aperuit
1846 4083 1859 4117 :
1884 4078 2028 4118 eam-

455 4167 561 4222 que
598 4152 728 4209 item
767 4150 1067 4225 Virginem,
1107 4161 1169 4209 ut
1206 4160 1333 4209 ante
1362 4163 1579 4225 partum
1617 4162 1757 4223 erat,
1796 4169 2026 4212 conser-

454 4243 619 4300 vavit.

2137 3146 2306 3219 ’Δδὰμ
2346 3145 2490 3199 Εὕαν
2532 3146 2630 3218 τήν
2677 3150 2911 3216 γυναῖκα
2957 3147 3157 3211 αὑτοῦ,
3210 3146 3307 3199 καὶ
3363 3141 3707 3197 συλλαϐοῦσα

2125 3236 2278 3290 ἔτεκε
2304 3237 2395 3291 τὸν
2423 3237 2584 3291 Κάῖν.
2621 3256 2640 3290 ι
2688 3237 2952 3291 Ἐνταῦθα
2978 3237 3037 3291 δὲ
3069 3237 3167 3309 οὐχ
3197 3236 3390 3299 οὕτως,
3419 3234 3537 3288 ἀλλ’
3573 3233 3709 3287 αὐτὸ

2123 3329 2185 3382 τὸ
2207 3330 2399 3400 τεχθὲν
2423 3330 2522 3392 τὰς
2543 3329 2644 3399 τῆς
2676 3331 2891 3402 μήτρας
2917 3330 3147 3400 διήνοιξε
3178 3328 3370 3392 πύλας,
3411 3327 3548 3396 μηδὲ
3577 3328 3708 3397 μιᾶς

2126 3418 2452 3489 προσδεηθὲν
2498 3419 2765 3489 σαρκικῆς
2812 3418 3130 3488 συμφωνίας
3178 3417 3285 3471 ἀπὸ
3328 3417 3440 3469 τῶν
3482 3416 3702 3480 ἔξωθεν.

2131 3528 2151 3560 ι
2203 3510 2338 3581 Πρὶν
2387 3510 2420 3581 ἢ
2463 3509 2591 3581 γὰρ,
2642 3509 2794 3579 φησὶ,
2842 3509 3112 3562 συνελθεῖν
3160 3510 3376 3572 αὐτοὺς,
3405 3508 3607 3580 εὑρέθη
3647 3509 3708 3559 ὲν

2125 3600 2324 3670 γαστρὶ
2370 3600 2566 3670 ἔχουσα
2616 3602 2679 3654 ὲκ
2724 3600 3042 3671 Πνεύματος
3085 3600 3263 3669 ἁγίου.
3305 3620 3325 3653 ι
3370 3600 3614 3653 Δύνασαι
3646 3600 3704 3654 δὲ

2126 3694 2219 3745 καὶ
2251 3692 2361 3762 (2‘2)
2399 3692 2913 3763 συνεκδοχικιῖηερον
2952 3693 3050 3762 τὴν
3093 3692 3275 3764 φωνὴν
3312 3692 3569 3745 ἐκλαϐεῖν
3605 3692 3706 3760 τῆς

2127 3784 2427 3856 Παρθένου,
2447 3784 2644 3850 ἔξωθεν
2664 3784 3123 3855 συνακουομένης,
3149 3786 3215 3837 ἶν’
3236 3782 3347 3857 τὸ
3366 3784 3495 3854 ἑξῆς
3510 3784 3699 3846 οὕτως·

2131 3893 2151 3927 ι
2182 3877 2298 3929 Πᾶν
2337 3876 2502 3945 ἄρσεν
2540 3876 2806 3944 διανοῖγον
2850 3877 3063 3948 μήτραν
3107 3876 3393 3946 παρθένον,
3430 3875 3589 3942 ᾶγιον
3628 3870 3704 3943 τῷ

2125 3968 2316 4041 Κυρίῳ
2345 3968 2692 4041 κληθήσεται.
2732 3987 2752 4020 ι
2787 3970 2962 4042 Ὅπερ
2999 3971 3159 4041 μόνον
3193 3970 3303 4040 (Ξὸ)
3336 3970 3430 4022 ἐπὶ
3467 3966 3703 4040 Χριστοῦ

2126 4061 2461 4132 πέπρακται,
2488 4060 2712 4132 μηδενὸς
2736 4061 2894 4116 ἄλλου
2924 4063 3033 4116 τῶν
3063 4063 3280 4116 πάντων
3313 4060 3707 4131 κεκοινωνηκό-

2125 4169 2220 4216 τος
2250 4152 2330 4221 τῷ
2358 4154 2620 4223 χρήματι.
2653 4154 2832 4218 Μόνος
2860 4157 2969 4225 γὰρ
3005 4150 3156 4218 οὗτος
3188 4154 3459 4224 παρθένον
3494 4156 3704 4225 μήτραν

2131 4242 2297 4312 σαρκὶ
2329 4240 2541 4311 τεχθεὶς
2565 4241 2846 4313 ὲξανέῳξε·
2872 4244 2966 4296 καὶ
2996 4242 3157 4297 πάλιν
3185 4242 3391 4314 ταύτην
3416 4243 3701 4313 παρθένον,

2125 4331 2201 4395 ὡς
2219 4332 2324 4405 πρὸ
2350 4331 2442 4385 τοῦ
2469 4333 2652 4396 τόκου,
2681 4335 2999 4404 τετήρηκεν.

525 4420 580 4477 6.
636 4441 657 4475 ι
714 4422 778 4477 Et
833 4431 892 4478 ut
949 4422 1145 4479 darent
1198 4424 1462 4491 hostiam,
1520 4425 1822 4482 secundum
1881 4427 2024 4497 quod

2198 4425 2257 4480 6.
2304 4443 2322 4476 ι
2354 4425 2464 4479 Καὶ
2488 4426 2583 4478 τοῦ
2618 4427 2802 4480 δοῦναι
2833 4428 3024 4481 θυσίαν
3052 4426 3194 4481 κατά
3234 4426 3296 4480 τὸ
3328 4428 3625 4499 είρημένον
3653 4432 3704 4483 ἐν

452 4509 661 4566 dictum
713 4520 798 4567 est
848 4513 904 4567 in
958 4513 1075 4584 lege
1118 4513 1387 4570 Domini:
1435 4531 1534 4585 par
1577 4523 1877 4582 turturum,
1931 4525 2027 4572 aut

455 4602 596 4658 duos
625 4603 804 4673 pullos
834 4605 1210 4660 columbarum
1242 4607 1309 4662 ⁸ο.
1348 4626 1367 4660 ι
1396 4606 1537 4673 Quid
1577 4608 1743 4662 vero?
1779 4606 2027 4671 Etiamne

458 4696 666 4750 hostias
730 4696 1033 4751 secundum
1104 4698 1274 4768 legem
1352 4680 1596 4753 obtulit?
1654 4698 1838 4769 Ecqua
1893 4715 2026 4770 ergo

454 4788 668 4843 ratione
703 4786 905 4844 Paulus
942 4790 1017 4844 ait
1051 4809 1064 4844 :
1107 4810 1126 4841 ι
1161 4789 1311 4847 Talis
1342 4791 1571 4846 decebat
1601 4798 1660 4845 ut
1689 4791 1849 4846 nobis
1879 4800 2029 4849 esset

458 4878 701 4946 pontifex
754 4879 850 4949 qui
906 4894 1015 4936 non
1057 4880 1280 4936 haberet
1319 4882 1703 4937 necessitatem
1742 4884 1985 4952 quotidie
2010 4924 2026 4950 ,

456 4972 918 5041 quemadmodum
954 4974 1261 5044 pontifices,
1300 4974 1454 5043 prius
1492 4988 1592 5044 pro
1645 4975 1762 5031 suis
1811 4976 2028 5032 delictis

455 5063 664 5118 hostias
693 5063 911 5128 offerre,
944 5064 1139 5120 deinde
1187 5080 1285 5132 pro
1319 5065 1524 5136 populi.
1560 5063 1679 5121 Hoc
1713 5067 1859 5121 enim
1902 5066 2032 5122 fecit

455 5153 624 5208 semel
662 5154 1016 5224 semetipsum
1058 5153 1339 5211 offerendo
1392 5156 1438 5189 ἰ
1464 5196 1481 5221 ,
1535 5172 1555 5207 ι
1611 5156 1717 5210 hoc
1759 5165 1878 5223 est,
1931 5173 2031 5229 per

2132 4516 2283 4588 νόμῳ
2318 4517 2542 4589 Κυρίου·
2577 4516 2771 4588 ζεῦγος
2798 4521 3093 4591 τρυγόνων,
3122 4519 3156 4589 ἢ
3195 4518 3288 4571 δύο
3322 4521 3585 4584 νεοσσοὺς
3617 4537 3706 4573 m-

2136 4609 2420 4681 ριστερῶν.
2469 4629 2489 4663 ι
2539 4611 2604 4664 Τί
2650 4611 2741 4678 δέ;
2808 4612 2917 4665 Kal
2979 4611 3169 4673 θυσίας
3214 4608 3358 4662 κατά
3402 4610 3496 4663 τὸν
3551 4612 3708 4681 νόμον

2132 4702 2429 4773 ἀνήνεγκε;
2458 4702 2567 4756 Kal
2612 4702 2728 4767 πῶς
2760 4720 2922 4774 φησιν
2949 4705 2979 4756 ό
3006 4702 3235 4765 Παῦλος,
3274 4703 3357 4756 ὄτι
3397 4721 3418 4753 ε
3460 4702 3707 4765 Τοιοῦτος

2137 4795 2270 4865 ήμῖν
2315 4793 2552 4865 ἔπρεπεν
2599 4794 2908 4866 ἀρχιερεὺς,
2955 4794 3013 4857 ὃς
3045 4795 3145 4847 οὐκ
3181 4794 3291 4864 ἔχει
3336 4792 3461 4847 καθ’
3504 4794 3709 4865 ἡμέραν

2134 4883 2404 4956 ἀνάγκην,
2450 4883 2637 4953 ὥσπερ
2681 4886 2730 4937 oi
2773 4887 3067 4957 ἀρχιερεῖς,
3109 4885 3375 4956 πρότερον
3424 4885 3570 4955 ὑπὲρ
3609 4884 3708 4936 τῶν

2138 4976 2284 5030 ίδίων
2334 4978 2619 5049 ἁμαρτιῶν
2665 4977 2852 5040 θυσίας
2885 4977 3197 5046 ἀναφέρειν,
3247 4976 3439 5028 ἔπειτα
3480 4976 3590 5028 τῶν
3621 4973 3707 5028 τοῦ

2134 5067 2285 5121 λαοῦ.
2310 5068 2481 5122 Τοῦτο
2499 5068 2606 5139 γὰρ
2629 5069 2880 5139 εποίησεν
2903 5067 3122 5137 ὲφάπαξ
3142 5068 3333 5121 ἑαυτὸν
3356 5069 3701 5137 ἀνενέγκας..

2133 5160 2380 5214 τουτέστι
2406 5160 2494 5214 διὰ
2529 5160 2624 5215 τοῦ
2653 5159 2889 5232 σταυροῦ
2917 5159 3214 5226 θυσιάσας;
3248 5160 3313 5213 El
3341 5160 3400 5213 δὲ
3428 5161 3526 5213 καὶ
3557 5157 3709 5221 αὐτὸς

476 5363 486 5369 .
527 5307 780 5387 “Exod.
807 5325 952 5387 xm,
987 5310 1068 5387 ᾖ)
1108 5307 1256 5387 ιιιῆ
1283 5325 1357 5375 ιι,
1391 5310 1484 5365 23.
1520 5310 1604 5387 ,ξ’
1641 5310 2008 5387 Genes._xxt,

2125 5356 2145 5387 ._
2176 5386 2183 5387 ί
2218 5312 2533 5387 ¹⁶ᾼΜαιαο1κ
2567 5331 2622 5382 ι,
2652 5314 2707 5369 2.
2788 5315 2829 5346 ⁸⁷
2861 5314 3018 5372 Joan.
3057 5331 3112 5381 ι,
3147 5316 3237 5373 15.
3276 5382 3283 5387 _
3315 5320 3362 5352 "
3399 5317 3598 5376 Cenes.
3635 5331 3706 5381 ιι,

460 5377 504 5428 l.
585 5379 627 5410 ιθ
668 5377 859 5433 Matth.
898 5396 950 5445 ι,
986 5381 1075 5435 18.
1151 5383 1196 5413 ²⁰
1235 5380 1368 5435 Luc.
1404 5397 1480 5446 lt,
1516 5380 1609 5438 24.
1687 5381 1941 5467 ’ξηιιεὺικ
1980 5399 2024 5438 v1

2125 5385 2192 5442 26
2210 5423 2225 5448 ,
2256 5384 2349 5438 9.7.

530 5491 641 5569 (I9)
676 5493 1207 5569 Eyplicatioistha‘c
1239 5499 1472 5554 habetur
1509 5499 1652 5566 apud
1729 5460 2029 5569 «Amphilo-

461 5561 663 5640 phium,
702 5561 934 5619 Homilia
968 5568 1048 5640 de
1085 5584 1340 5634 occursu,
1374 5585 1495 5640 pag.
1532 5561 1637 5636 95;
1670 5561 2029 5640 itaque'simi-

465 5630 679 5710 lllshuic
707 5643 812 5693 est,
846 5643 905 5687 ut
929 5638 1177 5693 videatur
1206 5630 1591 5710 scriptorviste
1625 5630 1709 5695 'ah
1749 5630 2029 5710 Amphilo-

464 5698 589 5751 chio
613 5715 734 5757 eam
772 5712 1075 5761 mutuatus.

2206 5500 2318 5575 (20)
2350 5499 2438 5575 lta
2469 5500 2602 5575 Reg.
2642 5501 2698 5575 2.
2734 5503 2801 5575 At
2827 5504 2962 5574 Reg.
3003 5504 3055 5569 1,
3087 5502 3341 5575 πρώτως.

2233 5571 2322 5641 so
2350 5569 2483 5641 ηδε.
2518 5569 2575 5637 2;
2607 5571 2853 5641 Ἀμμιδν.

2229 5639 2322 5715 ἓξ)
2356 5639 2487 5715 βεδε.
2519 5642 2574 5715 ἓ,
2609 5639 2831 5715 δύνασαι
2857 5646 2966 5715 γὰρ
2996 5660 3176 5698 συνεκ.

2212 5710 2322 5782 (25)
2361 5712 2493 5783 Reg.
2528 5711 2581 5782 2,
2621 5712 2795 5782 μόνος.
