3832 6216
42 242 45 267 ί
155 229 259 285 981

1218 228 1505 285 HOMELIA
1546 230 1610 285 IN
1651 229 2030 287 OCCURSUM
2063 230 2302 287 DOMlNl

3314 235 3419 292 982

156 346 435 400 θυσιάσων
465 345 772 417 ἀνέρχεται,
815 348 1028 419 πρῶτον
1056 349 1155 420 μέν
1180 350 1533 422 εὑρεθήσεται
1560 351 1741 423 κυρῶν

1850 368 2060 408 crucem
2090 368 2211 409 sese
2236 352 2610 408 immolando?
2631 352 2788 419 Quod
2819 352 2866 410 si
2899 353 3280 410 immolaturus
3300 355 3418 426 ipse

154 455 216 491 τε
248 438 344 491 καὶ
385 436 650 491 συνιστῶν
694 437 868 491 ταῦτα
910 439 1054 510 ἅπερ
1100 439 1263 504 αὐτὸς
1307 436 1483 506 οὗτος,
1514 441 1649 511 πρὸς
1679 442 1740 495 τὸ

155 531 407 599 κρεῖττον
448 527 678 598 ἀμεῖψαι
725 528 1072 599 παρεγένετο·
1111 531 1301 585 ἔπειτα
1348 533 1405 586 δὲ
1444 535 1540 587 καὶ
1579 533 1742 598 αὐτὸς

159 618 314 672 ἔσται
342 619 450 672 τῶν
476 619 684 673 πολλῶν
703 614 803 685 εἷς,
824 620 1088 677 δουλεύων
1113 626 1177 694 τῇ
1202 624 1295 678 τοῦ
1314 625 1480 696 νόμου
1500 627 1737 699 κατάρᾳ.

164 714 280 766 Καὶ
311 713 457 777 τίνος
484 714 641 784 χάριν
669 716 697 768 ὁ
726 713 938 778 Παῦλός
960 732 1143 786 φησιν,
1173 717 1253 770 ὅτι
1287 735 1305 768 ι
1337 718 1572 789 Χριστὸς
1593 719 1741 789 ἡμᾶς

157 805 490 877 ἐξηγόρασεν
521 807 585 859 ὲκ
606 806 706 877 τῆς
730 805 975 878 κατάρας
994 805 1088 859 τοῦ
1109 807 1306 877 νόμους
1337 826 1356 858 ι
1391 808 1462 861 Ἢ
1484 809 1581 878 οὐχ
1600 808 1742 880 ὑπὲρ

156 896 257 950 τοῦ
298 896 532 967 βρέφους
557 896 761 963 ταῦτα;
791 895 887 962 Οὒ,
916 898 1135 968 φήσειεν
1174 898 1259 963 ἂν,
1299 899 1394 952 καὶ
1437 899 1584 970 μάλα
1621 916 1745 968 γεν-

156 987 367 1050 ναίωςὸ
382 988 790 1060 εὐαγγελιστὴς,
805 987 920 1041 ἀλλ’
933 988 1181 1059 ὑπὲρτῆς
1191 988 1251 1041 τὺ
1265 988 1463 1059 βρέφος
1476 989 1742 1061 τεκούσης

156 1079 403 1151 Μητρός.
431 1080 541 1133 Καὶ
568 1079 727 1133 τοῦτο
753 1079 909 1150 δῆλον
938 1079 1048 1151 (24)
1077 1082 1141 1133 ἐκ
1164 1080 1272 1133 τῶν
1300 1080 1745 1154 ἀνωθενείρημέ-

158 1186 270 1222 νων
298 1186 312 1199 ·
343 1188 361 1219 ι
395 1169 522 1222 Ὅτε
554 1168 681 1241 γάρ,
717 1169 901 1239 φησὶν,
948 1170 1294 1241 ἐπλήσθησαν
1334 1172 1389 1223 αἱ
1416 1171 1618 1241 ἡμέραι
1647 1170 1742 1224 τοῦ

158 1258 504 1329 καθαρισμοῦ
538 1260 725 1329 αὐτῆς,
759 1259 1033 1329 ἀνήγαγον
1066 1258 1126 1310 rb
1152 1259 1360 1312 παιδίον
1398 1261 1477 1323 είς
1522 1259 1741 1331 Ἱεροσό-

158 1349 311 1421 λυμα
354 1351 702 1421 παραστῆσαι
745 1349 824 1420 τῷ
868 1349 1075 1420 Κυρίῳ,
1124 1349 1306 1413 καθὼς
1337 1350 1645 1421 γέγραπται
1686 1352 1745 1402 ὲν

158 1442 318 1512 νόμῳ
346 1441 575 1512 Κυρίου·
615 1461 635 1493 ι
670 1440 827 1494 τοῦτο
868 1441 996 1513 περὶ
1039 1440 1132 1495 τοῦ
1176 1441 1428 1515 βρέφους·
1473 1460 1492 1493 ι
1532 1442 1745 1496 καὶτοῦ

156 1533 348 1586 δοῦναι
378 1531 569 1585 θυσίαν
612 1532 751 1585 κατὰ
786 1531 849 1585 rb
879 1532 1167 1605 εἰρημένον
1212 1534 1270 1587 ἐν
1316 1534 1467 1605 νόμῳ
1512 1535 1743 1605 Κυρίου,

159 1623 362 1692 ζεῦγος
386 1623 683 1695 τρυγόνων,
714 1623 747 1695 ἢ
768 1624 862 1677 δύο
882 1624 1135 1689 νεοσσοὶς
1160 1625 1515 1697 περιστερῶν·
1541 1644 1560 1678 ι
1589 1626 1748 1680 τοῦτο

160 1714 299 1786 περῖ⁵
334 1692 437 1786 τῆς
467 1692 745 1787 Παρθένου
784 1718 877 1770 καὶ
905 1716 997 1771 τοῦ
1031 1692 1246 1790 ταύτης
1272 1692 1580 1793 μνηστῆρος
1607 1722 1741 1794 (25).
1783 1692 1822 1746 Β

160 1806 229 1858 Εἰ
256 1806 314 1859 δὲ
355 1807 449 1860 κα)⁴
482 1807 610 1877 περὶ
649 1806 744 1860 τοῦ
776 1807 1010 1880 βρέφους
1049 1809 1243 1876 ταῦτα,
1288 1811 1437 1879 ξένον
1468 1810 1640 1867 οὐδέν.
1686 1815 1746 1868 'U

160 1898 276 1969 γὰρ
301 1899 699 1970 περιτμηθῆναι
720 1901 859 1955 κατὰ
884 1902 975 1955 τὸν
997 1903 1160 1974 νόμον
1179 1903 1252 1976 μὴ
1275 1904 1610 1972 ἀπαξιώσας,
1629 1907 1747 1971 πῶς

162 1987 237 2041 ἂν
273 1987 371 2051 τὰς
402 1988 542 2041 κατά
568 1989 731 2060 νόμον
766 1988 955 2055 θυσίας
988 1992 1297 2058 άπείπατο;
1323 1987 1367 2061 ᾧ
1400 2011 1463 2063 γε
1492 1995 1746 2049 τοσοῦτον

167 2080 319 2149 ἀπῆν
355 2080 417 2133 rb
448 2080 847 2136 ἀναϐάλλεσθαι
880 2082 1051 2138 ταῦτα
1088 2086 1185 2138 καὶ
1226 2085 1635 2157 ὑπερτίθεσθαι,
1663 2088 1746 2142 ὅτι

163 2172 263 2224 καὶ
295 2169 356 2224 rb
394 2169 638 2224 Ἰωάννου
672 2171 955 2244 βάπτισμα
990 2173 1355 2245 βαπτισθῆναι
1386 2177 1450 2229 οὐ
1490 2179 1746 2250 παρῃτή-

163 2279 319 2316 σατο·
350 2263 527 2316 καίτοι
548 2262 642 2316 τοῦ
684 2264 979 2333 βαπτιστοῦ
1010 2267 1200 2337 χρείαν
1224 2268 1440 2340 ἔχοντος
1463 2270 1554 2323 ὑπ’
1580 2271 1745 2325 αὐτοῦ

163 2354 556 2425 βαπτισθῆναι.
611 2354 750 2408 Ἀλλ’
787 2357 937 2426 ὅμως
967 2357 1219 2412 τοσοῦτον
1253 2362 1383 2431 ἡμῖν
1411 2362 1744 2435 συγκατέϐη,

162 2451 262 2502 καὶ
296 2446 467 2511 οὕτως
492 2448 597 2501 ὑπὸ
622 2448 723 2518 τῆς
750 2449 886 2513 ἰδίας
914 2450 1324 2523 φιλανθρωπίας
1345 2454 1651 2526 κεκίνηται,
1672 2456 1748 2520 ὡς

172 2539 249 2609 μὴ
281 2538 350 2592 τά
380 2538 523 2592 κατά
550 2539 711 2610 νόμον
748 2540 926 2610 μόνον,
958 2540 1095 2595 άλλά
1123 2543 1217 2596 καὶ
1247 2546 1478 2616 σταυρὸν
1518 2547 1612 2600 καὶ
1649 2546 1745 2601 θά-

164 2649 325 2685 νατον
353 2631 767 2696 καταδέξασθαι,
802 2633 889 2686 ἴνα
916 2635 1052 2705 πρὸς
1072 2636 1263 2690 ἑαυτὸν
1286 2638 1434 2708 ἡμᾶς
1453 2638 1744 2711 ἀνελκύσῃ,

163 2724 321 2777 κάτω
352 2723 640 2792 κειμένους
668 2724 727 2775 ἐν
756 2723 834 2794 τῷ
872 2724 970 2794 τῆς
997 2726 1361 2795 παραϐάσεως
1388 2727 1663 2800 πτώματι.

237 2814 294 2887 Ἰ.
352 2833 372 2866 ι
411 2815 520 2868 Καὶ
561 2814 668 2867 ίδοὺ
721 2810 811 2886 ἦν,
867 2817 1050 2887 φησὶν,
1101 2818 1387 2890 ἄνθρωπος
1446 2822 1504 2874 ἐν
1548 2822 1747 2893 Ἰερου-

164 2903 372 2976 σαλὴμ,
410 2898 454 2973 ᾧ
491 2904 662 2975 θνομα
700 2905 946 2976 Συμεών·
984 2908 1079 2961 καὶ
1107 2910 1134 2960 ὁ
1159 2909 1444 2980 ἄνθρωπος
1479 2906 1635 2978 οὗτος
1669 2913 1741 2966 δί-

1842 443 2123 511 ascendat,
2162 445 2401 513 primum
2435 444 2655 515 quidem
2696 445 3035 513 comperitur
3071 459 3136 499 ea
3173 444 3413 510 ﬁrmare,

1842 534 1912 589 iis
1946 534 2326 590 auctoritatem
2367 536 2628 605 praebere,
2663 551 2785 606 qua:
2813 536 2931 606 ipse
2959 537 3014 590 in
3044 537 3239 592 melius
3267 552 3418 593 com-

1841 630 2155 679 mutaturus
2185 624 2439 679 accessit.
2475 622 2700 690 Deinde,
2732 625 2849 694 ipse
2881 639 3096 694 quoque
3131 640 3276 681 unus
3313 625 3419 680 erit

1841 727 1909 769 ex
1959 714 2146 769 multis
2184 714 2277 784 qui
2320 713 2458 784 legis
2501 714 2791 769 maledicto
2850 715 3183 774 serviebant.
3233 715 3418 787 Ecqua

1841 821 1974 878 ergo
2026 806 2241 862 ratione
2282 804 2487 863 Paulus
2524 807 2602 862 ait
2643 823 2657 862 :
2699 826 2719 858 ι
2759 806 3014 863 Christus
3045 822 3148 864 nos
3187 808 3419 863 redemit

1842 913 1910 952 ex
1961 898 2253 952 maledicto
2307 897 2446 969 legis
2484 898 2575 953 “?
2616 917 2636 951 ι
2675 897 2873 954 Annon
2932 913 3033 968 pro
3082 913 3255 969 puero
3302 898 3419 953 ιιιεο

1842 988 1987 1043 dicta
2017 989 2181 1043 sunt?
2207 987 2347 1053 Non,
2375 989 2517 1045 dicet
2546 989 2779 1060 ingenue
2805 989 3158 1060 evangelista,
3193 989 3287 1044 sed
3318 1005 3418 1060 pro

1844 1089 2019 1137 matre
2052 1082 2208 1152 pueri
2250 1082 2535 1153 genitrice.
2572 1081 2730 1148 Quod
2757 1097 2823 1136 ex
2855 1096 3020 1151 supra
3048 1081 3210 1138 dictis
3238 1082 3416 1153 palam

1844 1182 1947 1230 est.
1972 1172 2132 1240 Nam,
2170 1192 2189 1225 ι
2226 1184 2514 1245 postquam
2561 1173 2768 1243 impleti
2822 1180 2991 1238 sunt,
3043 1173 3256 1244 inquit,
3300 1173 3419 1228 dies

1844 1266 2184 1337 purgationis
2233 1267 2354 1336 ejus
2378 1306 2391 1331 ,
2441 1266 2682 1320 tulerunt
2721 1280 2950 1334 puerum
2988 1265 3042 1319 in
3079 1263 3417 1330 Jerusalem,

1847 1364 1907 1411 ut
1941 1358 2197 1412 sisterent
2244 1372 2367 1411 eum
2416 1354 2668 1422 Domino,
2725 1356 2870 1410 sicut
2916 1356 3182 1425 scriptum
3224 1364 3308 1411 est
3359 1356 3414 1409 in

1846 1446 1962 1517 lege
1988 1444 2202 1500 Domini
2238 1464 2252 1500 :
2294 1463 2312 1497 ι
2358 1444 2461 1499 hoc
2491 1444 2560 1500 de
2586 1459 2756 1514 puero
2791 1463 2802 1498 :
2839 1461 2858 1495 ι
2902 1438 2967 1499 ρι’
3002 1455 3062 1499 ιιι
3093 1445 3287 1500 darent
3323 1445 3421 1499 ho-

1848 1538 2031 1601 stiam,
2069 1536 2367 1593 secundum
2394 1535 2539 1607 quod
2560 1536 2766 1591 dictum
2798 1543 2882 1591 est
2907 1536 2961 1590 in
3003 1537 3120 1606 lege
3162 1535 3416 1600 Domini,

1848 1641 1947 1697 par
1992 1634 2264 1682 turturum
2297 1667 2312 1689 ,
2369 1636 2462 1681 aut
2505 1625 2646 1683 duos
2684 1628 2861 1698 pullos
2914 1627 3289 1683 columbarum
3328 1646 3341 1681 :
3396 1647 3416 1680 ι

1845 1719 1953 1773 hoc
1996 1719 2064 1773 de
2097 1716 2315 1789 Virgine
2344 1733 2408 1772 ac
2435 1719 2555 1788 ejus
2594 1734 2818 1789 sponso.
2848 1718 3003 1786 Quod
3037 1720 3085 1774 si
3112 1720 3179 1774 de
3205 1718 3415 1774 infante

1845 1822 2063 1877 quoque
2108 1806 2384 1872 dicantur,
2437 1807 2573 1861 nihil
2609 1808 2929 1865 absurdum.
2971 1808 3076 1876 Qui
3115 1809 3258 1864 enim
3306 1825 3417 1865 non

1847 1897 2179 1968 dedignatus
2209 1906 2293 1953 est
2328 1899 2629 1954 secundum
2670 1901 2843 1971 legem
2887 1900 3243 1965 circumcidi,
3274 1915 3416 1969 quo-

1846 1992 2009 2046 modo
2041 1990 2175 2062 legis
2199 1991 2408 2047 hostias
2429 1992 2777 2047 recusasset?
2803 1990 2907 2058 Qui
2936 1999 3147 2047 tantum
3176 1992 3328 2047 abest
3362 1997 3421 2046 ut

1846 2097 1911 2138 ea
1958 2082 2198 2138 dili‘erret
2230 2091 2325 2138 aut
2364 2082 2770 2152 intermitteret,
2807 2092 2867 2139 ut
2911 2099 2980 2140 ne
3023 2082 3255 2139 Joannis
3296 2083 3417 2153 qui-

1847 2175 1971 2232 dem
2014 2176 2291 2247 baptismo
2336 2176 2604 2247 baptizari
2658 2176 2961 2243 abnuerit;
3018 2178 3235 2234 etiamsi
3304 2177 3422 2246 ipse

1849 2267 2090 2338 Baptista
2134 2284 2275 2339 opus
2318 2267 2545 2324 haberet
2581 2267 2651 2323 ab
2677 2283 2743 2323 eo
2774 2268 3064 2338 baptizari.
3101 2268 3181 2323 lta
3220 2269 3424 2324 nihilo-

1846 2360 2037 2415 minus
2088 2375 2149 2414 se
2199 2359 2361 2416 nobis
2413 2359 2828 2430 attemperavit,
2879 2366 3043 2430 atque
3094 2367 3246 2415 tanta
3292 2377 3421 2431 erga

1847 2466 1950 2506 nos
1989 2452 2278 2506 clementia
2316 2457 2600 2521 permotus
2637 2460 2758 2517 est;
2801 2461 2861 2505 ut
2900 2466 3008 2505 non
3049 2452 3227 2507 solum
3270 2453 3420 2523 lega-

1847 2544 1953 2609 lia,
1995 2542 2090 2598 sed
2143 2558 2364 2597 crucem
2423 2551 2589 2613 atque
2644 2549 2875 2596 mortem
2931 2542 3264 2606 sustineret,
3311 2559 3422 2613 quo

1848 2651 1952 2692 nos
1991 2636 2206 2691 inferne
2248 2636 2304 2689 in
2349 2634 2808 2706 transgressionis
2853 2633 3016 2688 ruina
3045 2633 3326 2703 jacentes,
3354 2635 3420 2689 ad

1847 2744 1907 2786 se
1931 2713 2293 2798 pertraheret.

1920 2821 1971 2875 7.
2011 2839 2028 2872 ι
2072 2819 2138 2873 Et
2173 2834 2335 2884 ecce,
2389 2818 2588 2889 inquit,
2641 2817 2806 2873 homo
2837 2824 2957 2873 erat
2994 2817 3051 2873 in
3091 2816 3419 2882 Jerusalem,

1846 2913 1936 2967 cui
1976 2927 2174 2966 nomen
2206 2911 2441 2982 Symeon
2478 2931 2490 2966 :
2527 2919 2582 2966 et
2616 2910 2780 2966 homo
2807 2910 3136 2981 istejustus,
3175 2919 3229 2967 et
3256 2911 3421 2965 timo-

162 3014 326 3060 xzto;
364 2997 459 3050 καὶ
504 2997 758 3068 εὐλαϐὴς,
795 2998 1224 3071 προσδεχόμενος
1263 3003 1609 3076 παράκλησιν
1652 3005 1744 3059 τοῦ

1850 3009 2003 3057 ratus
2045 3009 2375 3071 exspectans
2410 3000 2847 3056 consolationem
2891 2999 3058 3055 Israel
3095 3000 3163 3053 ³³.
3211 3019 3231 3052 ι
3286 2999 3423 3067 Quis

176 3086 417 3159 Ἰσραήλ.
454 3106 473 3138 ι
508 3087 600 3151 Τίς
648 3087 714 3141 ἂν
760 3087 1053 3161 ἀξιώτερον
1089 3092 1306 3147 ἔπαινον
1340 3094 1448 3148 τῶν
1481 3096 1748 3168 βραχυτά-

162 3198 279 3233 των
310 3180 517 3235 τούτων
549 3183 809 3254 ῥημάτων
846 3184 925 3255 τῷ
956 3184 1109 3257 ἀνδρὶ
1139 3188 1558 3259 προσκομίσειε;
1586 3208 1604 3240 ι
1638 3191 1748 3244 Καὶ

106 3320 115 3327 .
166 3269 281 3323 ἰδοὺ
322 3265 392 3341 ἦν
434 3270 741 3343 ἄνθρωπος·
779 3292 797 3325 ι
834 3274 1121 3347 ἄνθρωπος
1161 3277 1223 3330 τὸ
1263 3278 1607 3350 φαινόμενον,
1655 3281 1749 3334 καὶ

164 3362 313 3433 ὑπὲρ
348 3361 635 3434 ἄνθρωπον
664 3364 726 3418 rb
753 3365 1061 3437 νοούμενον·
1087 3366 1373 3437 ἄνθρωπος
1405 3370 1504 3440 τὴν
1536 3372 1745 3438 οὐσίαν,

165 3455 305 3509 ἀλλά
329 3454 426 3527 τὴν
452 3456 608 3523 ἀξίαν
637 3457 815 3529 πολλῷ
841 3458 919 3530 τῷ
946 3459 1095 3530 μέσῳ
1122 3460 1231 3513 τῶν
1256 3461 1561 3535 ἀνθρώπων
1584 3464 1750 3537 ὑπερ-

163 3547 423 3616 κείμενος
445 3546 574 3617 (26)·
607 3550 706 3620 τὴν
734 3550 895 3620 φύσιν
922 3550 1227 3623 ἄνθρωπος,
1261 3552 1395 3607 ἀλλὰ
1418 3554 1514 3626 τὴν
1548 3557 1749 3628 ἀρετὴν

162 3639 422 3707 ἄγγελος.
480 3640 798 3713 Ἀνθρωπος
841 3643 1096 3723 αἰσθητὸν
1138 3644 1237 3714 μὲν
1287 3647 1609 3719 ἐνδιαίτημα
1652 3650 1748 3720 τὴν

163 3734 323 3787 κάτω
376 3733 728 3807 Ἰερουσαλὴμ
770 3736 1126 3807 κεκτημένος·
1173 3738 1361 3811 νοητὸν
1401 3739 1458 3792 δὲ
1500 3740 1598 3812 τὴν
1638 3740 1748 3794 ἀνω

176 3825 541 3899 Ἰερουσαλὴμ
568 3826 665 3898 τὴν
701 3828 1055 3901 μητρόπολιν,
1095 3848 1113 3880 ι
1147 3825 1215 3903 ἧς
1251 3833 1499 3905 τεχνίτης
1534 3833 1627 3886 καὶ¹
1657 3833 1752 3904 δη-

168 3916 433 3987 μιουργὸς
452 3916 481 3968 ὁ
502 3916 653 3979 Θεός·
688 3936 707 3968 ι
736 3916 833 3971 ἄνθ
843 3934 1022 3989 ρωπος
1045 3918 1353 3991 ἀνθρώποις
1378 3921 1474 3991 μὲν
1494 3923 1559 3992 τῇ
1587 3922 1750 3992 σαρκὶ

166 4008 768 4080 συναναστρεφόμενος,
811 4009 1062 4079 ἀγγέλοις
1097 4010 1155 4063 δὲ
1189 4010 1267 4082 τῷ
1306 4011 1575 4083 πνεύματι
1614 4029 1753 4084 συμ-

164 4099 607 4169 πολιτευόμενος·
638 4099 836 4170 μᾶλλον
860 4099 917 4153 δὲ
946 4101 1039 4154 καλ¹
1064 4100 1172 4154 τῶν
1200 4102 1447 4172 ἀγγέλων
1472 4104 1499 4156 ό
1523 4103 1751 4175 Συμεὼν

164 4190 492 4263 ὑπέρτερος·
542 4191 696 4264 εἴπερ
740 4192 833 4245 τὸν
880 4194 1109 4258 ἐκείνοις
1146 4194 1394 4261 ἀθέατον,
1440 4192 1595 4261 οὗτος
1626 4198 1752 4251 ίδεῖν

167 4284 527 4355 κατηξίωται·
552 4285 647 4337 καὶ
668 4284 768 4338 οὐκ
799 4284 926 4339 ἰδεῖν
955 4286 1136 4357 μόνον,
1163 4287 1280 4341 ἀλλ’
1304 4288 1333 4341 ὃ
1353 4287 1541 4342 τούτου
1568 4291 1751 4360 μεῖζον

1848 3094 1968 3149 viro
2018 3093 2316 3163 digniorem
2390 3092 2615 3161 laudem:
2655 3108 2818 3163 quam
2886 3109 3060 3164 pauca
3115 3092 3423 3149 istiusmodi

1849 3186 2016 3241 verba
2054 3186 2494 3255 complectuntur
2532 3183 2729 3239 aﬂ‘erre
2765 3184 2980 3254 possit?
3022 3200 3040 3234 ι
3082 3181 3224 3238 Ecce
3258 3183 3423 3236 homo

1848 3285 2012 3343 erat;
2066 3294 2087 3329 ι
2137 3275 2302 3329 homo
2351 3274 2640 3330 videbatur
2674 3284 2728 3330 et
2776 3289 2942 3345 supra
2987 3273 3261 3329 hominem
3299 3288 3424 3328 esse

1848 3368 2278 3439 intelligebatur.
2339 3365 2514 3422 Homo
2572 3367 2924 3434 substantia;
2993 3367 3090 3423 sed
3156 3365 3425 3437 dignitate

1850 3475 2049 3531 magno
2081 3459 2335 3515 homines
2375 3460 2665 3515 intervallo
2703 3458 3001 3529 superabat
3040 3474 3056 3511 :
3097 3465 3296 3512 natura
3323 3457 3420 3513 ho-

1848 3562 1975 3612 mo,
2036 3548 2132 3603 sed
2204 3549 2409 3604 virtute
2476 3548 2724 3618 angelus.
2806 3546 2984 3601 Homo
3055 3547 3145 3600 cui
3201 3545 3421 3616 quidem

1849 3638 2111 3695 sensibile
2144 3638 2513 3693 habitaculum
2537 3645 2654 3693 erat
2684 3637 2911 3692 inferior
2943 3639 3035 3692 illa
3068 3636 3369 3693 Jerusalem
3403 3651 3421 3701 ;

1850 3732 2139 3802 Spirituale
2189 3746 2355 3797 vero,
2419 3746 2654 3802 superna
2714 3730 3051 3796 Jerusalem,
3107 3730 3423 3801 Metropolis

1848 3825 1979 3890 illa,
2024 3842 2043 3875 ι
2088 3823 2252 3893 cujus
2291 3822 2481 3879 artifex
2530 3822 2891 3893 conditorque
2933 3822 3078 3879 Deus
3125 3821 3193 3878 ἰ.
3245 3841 3263 3874 ι
3309 3820 3422 3876 Ho-

1848 3933 1978 3981 mo,
2031 3915 2125 3987 qui
2179 3929 2342 3971 carne
2394 3930 2522 3971 cum
2569 3916 2886 3971 hominibus
2925 3930 3035 3969 una
3071 3914 3419 3978 versabatur,

1851 4011 2047 4082 spiritu
2102 4018 2283 4065 autem
2339 4023 2465 4063 cum
2512 4007 2720 4078 angelis
2787 4006 3053 4077 degebat,
3112 4006 3225 4060 imo
3285 4003 3422 4075 ipsis

1851 4103 2059 4173 angelis
2112 4101 2366 4172 superior
2424 4099 2661 4173 Symeon
2728 4114 2742 4151 :
2812 4097 3081 4168 siquidem
3147 4111 3272 4152 eum
3326 4096 3423 4165 qui

1849 4193 2014 4266 359
2043 4190 2454 4262 inaspectabilis
2507 4189 2644 4260 ipsis
2679 4195 2785 4252 est,
2817 4187 3005 4243 videre
3039 4187 3239 4242 meruit
3270 4204 3286 4253 ;
3319 4199 3423 4240 nec

1851 4286 2018 4341 modo
2048 4284 2255 4348 videre,
2291 4283 2386 4339 sed
2432 4283 2577 4352 quod
2616 4270 2966 4353 praestantius
3005 4294 3069 4334 ac
3116 4279 3422 4334 mirabilius

163 4375 240 4450 ἦν
269 4379 362 4431 καὶ
402 4367 858 4449 παραδοξότερονξ
890 4379 985 4432 καὶ
1023 4378 1501 4449 ἐναγκαλίσασθαι.
1543 4399 1561 4431 ι
1593 4381 1744 4435 Καὶέ

1857 4386 1962 4442 est,
2002 4385 2058 4433 et
2101 4377 2248 4433 ulnis
2288 4375 2593 4445 suscipere.
2637 4392 2656 4425 ι
2697 4373 2764 4427 Et
2811 4372 2976 4426 homo
3022 4371 3111 4426 ille
3145 4371 3348 4440 justus,
3397 4388 3418 4422 ι

166 4467 458 4539 ἄνθρωπος
490 4461 645 4532 οὗτος
688 4468 914 4532 δίκαιος·
949 4488 968 4521 ι
1014 4469 1262 4522 ἀπεδίδου
1291 4469 1401 4541 γὰρ
1435 4470 1653 4540 ἑκάστῳ
1685 4470 1746 4523 τὸ

166 4561 295 4612 κατ’
325 4559 498 4624 ἀξίαν·
531 4560 610 4630 τῷ
643 4560 740 4630 μὲν
778 4544 921 4630 λόγῳ
946 4560 1008 4612 rb
1042 4559 1111 4613 τὰ
1144 4559 1264 4613 θεῖα
1297 4561 1390 4614 καὶ
1422 4563 1622 4615 ἐννοεῖν
1653 4561 1746 4614 καὶ

164 4649 502 4719 λογίζεσθαι·
548 4651 611 4703 rb
660 4649 1084 4722 αἰχμαλωτίζειν
1144 4652 1250 4704 πᾶν
1294 4651 1472 4723 νόημα
1518 4653 1598 4715 εἰς
1647 4649 1745 4722 τὴν

165 4743 421 4814 ὑπακοὴν
448 4742 558 4814 (‘27)
593 4742 686 4797 τοῦ
709 4741 967 4814 Χριστοῦ·
989 4741 1051 4794 rb
1081 4741 1156 4814 μὴ
1180 4744 1471 4813 ὲπανιστᾷν
1502 4742 1599 4813 τὴν
1628 4742 1745 4796 κτί-

167 4854 261 4890 σιν
293 4834 369 4906 τῷ
384 4835 615 4906 Κτίστῃ,
645 4835 788 4889 κατά
811 4836 935 4900 τοὺς
965 4836 1226 4907 ἄφρονας·
1249 4834 1310 4888 τὸ
1336 4835 1501 4906 μηδὲν
1525 4832 1631 4900 ἔξω
1652 4837 1751 4906 τῆς

168 4931 324 4993 θείας
361 4925 497 4985 εἶναι
539 4931 796 5002 προνοίας
828 4930 1248 5002 ὑπολαμϐάνειν·
1288 4930 1351 4984 rb
1386 4930 1474 4983 διὰ
1503 4930 1613 4983 τῶν
1639 4930 1751 5001 (28)

165 5020 489 5090 κτισμάτων
513 5020 789 5090 ἀναλόγως
814 5020 907 5076 τὸν
925 5021 1307 5092 Γενεσιουργδν
1339 5024 1554 5076 ἐννοεῖν·
1581 5021 1660 5093 τῷ
1688 5021 1745 5075 δὲ

165 5109 331 5182 θυμῷ
361 5111 459 5183 τὴν
493 5112 635 5167 κατὰ
660 5111 753 5166 τοῦ
799 5111 975 5182 ὄφεως
1014 5114 1338 5186 αὐστηρίαν,
1383 5113 1445 5167 rb
1476 5113 1616 5167 κατά
1645 5113 1747 5185 τῆς

242 5266 289 5299 ²²
329 5265 505 5321 Calat.
540 5282 641 5333 ιιι,
676 5268 764 5325 15.
838 5268 886 5302 ³³
919 5265 1051 5322 Luc.
1091 5283 1165 5334 ιι,
1199 5267 1289 5323 25.
1367 5267 1414 5298 ⁸⁸
1451 5267 1614 5324 Hebr.
1652 5282 1741 5332 ιι,

1852 5308 1866 5323 .
1942 5267 1986 5298 ⁸⁸
2025 5262 2069 5318 ll
2100 5264 2229 5319 Cor.
2265 5281 2333 5329 ι,
2366 5265 2420 5320 5.

243 5450 361 5515 (Ἠ)
386 5448 597 5521 Βθεηε,
630 5449 798 5521 δηλοῖ.

246 5521 361 5595 (ea)
396 5517 493 5595 §ic
518 5520 650 5595 Reg.
684 5517 746 5595 2,
778 5519 966 5590 probe.
987 5520 1057 5595 _At
1081 5517 1320 5595 Reg._l,_
1350 5522 1667 5595 μνήστορος.

246 5536 361 5589 απ)
396 5536 487 5574 διο
518 5536 650 5646 ηεξ.
688 5536 746 5581 τι,
778 5536 966 5590 prone.
989 5536 1057 5573 Al.
1082 5536 1216 5590 neg.
1258 5536 1308 5583 ι,
1350 5536 1667 5595 μνηστορος.

246 5590 552 5663 (ἓϐγῐζεεη
612 5631 649 5663 ξ,
701 5590 1183 5663 ὑπερεκκείμενος.
1231 5590 1411 5657 infra,
1466 5591 1744 5663 ἄνθρωποι

176 5672 306 5717 ante
336 5659 587 5733 αἰσθητόν
609 5661 665 5717 in
688 5659 963 5733 solo'Reg.
988 5659 1024 5714 2
1048 5668 1250 5718 exstat.

1850 4473 2050 4542 cuique
2082 4471 2230 4527 enim
2264 4485 2364 4540 pro
2397 4470 2524 4540 jure
2557 4481 2610 4523 et
2640 4466 2956 4522 conditione
2987 4464 3282 4520 tribuebat.
3311 4463 3424 4518 Ra-

1849 4566 1984 4619 tioni
2023 4563 2272 4633 quidem,
2309 4568 2369 4616 ut
2397 4562 2580 4616 divina
2607 4560 2872 4629 cogitaret
2916 4573 2981 4611 ac
3015 4557 3370 4612 meditaretur
3403 4576 3419 4611 :

1851 4664 1911 4708 ut
1955 4640 2179 4709 sensum
2224 4667 2442 4707 omnem
2482 4653 2780 4721 captivaret
2814 4651 2871 4705 in
2914 4648 3236 4718 obsequium
3270 4646 3426 4702 Chri-

1851 4748 1921 4803 sti
1956 4748 2002 4779 ⁹⁸
2038 4761 2051 4798 :
2083 4754 2144 4800 ut
2183 4761 2273 4809 ne,
2316 4744 2696 4815 insipientium
2739 4758 2911 4807 more,
2953 4751 3207 4798 creatura
3240 4740 3425 4794 insur-

1850 4846 2002 4909 geret
2025 4838 2082 4892 in
2106 4837 2422 4893 Creatorem
2457 4855 2470 4890 :
2500 4844 2560 4890 ut
2589 4851 2657 4891 ne
2686 4835 2818 4905 quid
2848 4843 3002 4889 extra
3027 4833 3266 4888 divinam
3300 4847 3424 4886 esse

1851 4928 2254 4998 providentiam
2327 4926 2671 4982 existimaret
2736 4943 2750 4980 :

1852 5018 2088 5089 quadam
2128 5034 2226 5089 per
2261 5026 2471 5082 creata,
2510 5018 2830 5072 Creatorem
2868 5014 3196 5084 intelligeret
3224 5012 3291 5067 “.
3326 5010 3424 5066 lrze

1850 5118 2030 5166 autem
2054 5148 2071 5175 ,
2105 5110 2481 5165 austeritatem
2511 5109 2566 5164 in
2597 5116 2903 5177 serpentem
2925 5146 2940 5171 ,
2993 5104 3333 5161 severitatem
3368 5104 3423 5158 in

2497 5266 2543 5296 "
2583 5262 2739 5319 Rom.
2777 5280 2828 5330 ι,
2860 5261 2951 5316 20.

1921 5452 2033 5575 (ΕΞΊ)
2068 5451 2143 5507 Ita
2168 5452 2302 5524 Reg.
2328 5452 2364 5506 2
2385 5460 2439 5507 et
2469 5451 2533 5507 C.
2561 5452 2857 5524 Scriptura
2881 5459 3081 5506 textus.
3108 5450 3172 5506 R.
3214 5454 3259 5517 Ι,
3292 5456 3425 5507 ὑπο-

1921 5540 1954 5575 Υ
1981 5542 2042 5575 .ν.

1849 5540 2042 5592 ταγην.

1926 5590 2036 5665 (98)
2068 5590 2204 5664 Reg.
2234 5592 2290 5659 ‘2,
2318 5592 2380 5658 τὸ
2413 5594 2477 5648 ἐκ
2502 5591 2641 5646 τῶν.·

2815 4933 2877 4979 ιιι
2938 4938 3007 4978 ex
3069 4922 3425 4992 proportione
3502 4956 3507 4961 -
