3832 6216
435 331 543 389 983

1516 338 1575 395 S.
1616 340 2084 403 ATHANAotUS.
2118 377 2187 390 —
2228 347 2504 406 SPURIA.

3584 351 3689 407 984

434 457 723 522 peccatum
758 466 772 503 :
806 450 1189 507 inclementem
1230 462 1397 525 atque
1425 455 1625 512 durum
1660 475 1790 531 erga
1820 461 2012 532 impios

2119 466 2394 537 ἁμαρτίας
2423 466 2716 536 ἀπότομοψ
2752 465 2814 519 τὸ
2839 464 2980 519 κατά
3001 465 3112 519 τῶν
3145 466 3486 519 ἀσεϐούντων
3519 465 3697 534 ἀσυμο

446 542 703 597 ιηὶιηυιη.
735 539 810 595 Ea
835 541 1020 599 Helias
1040 544 1307 602 adversus
1337 547 1544 603 Achabi
1578 554 1923 609 centenarias
1949 556 2015 621 ³⁷,

436 631 670 690 Phinees
696 643 890 690 contra
921 635 1336 694 Madianiticum
1386 643 1567 698 scelus
1602 643 1648 676 ³⁸
1690 664 1703 700 :
1735 643 1933 703 Petrus
1964 657 2018 703 et

439 723 642 781 Paulus
672 745 687 793 ;
723 727 877 798 prior
912 730 1132 799 quidem
1178 740 1367 787 contra
1396 733 1667 790 Ananiam
1698 744 1753 793 et
1787 738 2021 810 Sapphi-

440 833 560 873 ram
608 819 655 850 "
698 836 715 884 ;
782 821 1057 890 posterior
1118 838 1248 879 vero
1302 832 1495 880 contra
1555 825 1800 899 Elymam
1855 831 1902 863 ³⁸
1961 838 2017 888 et

440 909 812 965 Alexandrum
844 911 887 943 "
920 918 975 967 et
1009 912 1144 969 alios
1175 914 1399 980 multos,
1420 916 1729 986 justissime
1753 936 1888 978 usus
1909 929 2016 982 est.

439 1000 744 1071 Cupiditati
777 1009 978 1070 autem,
1015 1010 1076 1057 ut
1106 1002 1163 1058 in
1198 1005 1315 1075 lege
1360 1005 1576 1062 Domini
1610 1020 1872 1081 perpetuo
1905 1028 2020 1070 me-

440 1089 734 1155 ditaretur,
781 1091 1177 1150 desiderabiles
1220 1095 1561 1153 existimaret
1595 1100 2018 1169 justiﬁcationes

440 1178 657 1235 Domini
702 1196 872 1252 super
924 1197 1122 1238 aurum
1162 1192 1218 1241 et
1254 1187 1492 1257 lapidem
1529 1193 1832 1260 pretiosum
1876 1198 2018 1251 mul-

440 1276 578 1335 tum,
599 1277 654 1326 et
676 1270 949 1328 dulciores
980 1289 1145 1344 super
1174 1278 1281 1332 mel
1308 1286 1363 1334 et
1389 1277 1569 1335 favum
1602 1282 1646 1314 "
1678 1302 1691 1338 :
1724 1291 1782 1338 ut
1813 1285 2019 1342 diceret

440 1371 566 1411 cum
597 1357 798 1414 Davide
836 1380 849 1415 :
889 1379 908 1413 ι
945 1360 1120 1428 Quam
1147 1365 1347 1422 dilecta
1383 1372 1737 1427 tabernacula
1769 1382 1883 1440 tua,
1906 1375 2015 1430 Do-

440 1446 589 1503 mine
619 1448 880 1503 virtutum
908 1470 936 1505 -:
969 1456 1310 1525 concupiscit
1347 1466 1402 1514 et
1445 1460 1629 1517 deficit
1669 1465 1849 1519 anima
1895 1482 2016 1522 mea

437 1537 496 1590 in
531 1539 670 1595 atria
708 1538 923 1597 Domini
960 1544 1023 1597 ³³.
1066 1563 1085 1598 ι
1120 1547 1198 1603 lta
1226 1549 1413 1618 justus
1451 1562 1569 1607 erat
1601 1553 1837 1627 Symeon
1866 1559 2016 1614 nullo

437 1628 661 1683 virtutis
686 1646 889 1701 genere
907 1635 1206 1696 destitutus
1240 1659 1253 1695 :
1292 1642 1563 1713 siquidem
1586 1647 1862 1715 justitiam
1886 1650 2015 1705 reli-

439 1734 579 1791 quas
625 1736 819 1781 omnes
857 1727 1236 1788 existimamus
1271 1737 1561 1806 complecti
1608 1742 1859 1806 virtutes,
1892 1759 2013 1813 qua:

437 1814 721 1881 genericas
749 1816 884 1874 istas
910 1821 1344 1893 subsequuntur.
1378 1847 1398 1881 ί
1433 1828 1747 1888 Timoratus
1777 1853 1795 1886 ι
1827 1850 2012 1905 porro,
2045 1814 2088 1870 Β

438 1918 546 1973 qua
603 1906 864 1963 ratione?
916 1912 1064 1980 quod
1118 1926 1399 1973 vereretur
1442 1920 1637 1979 faciem
1692 1923 1907 1979 Domini
1962 1936 2016 1982 et

437 1995 697 2059 mandata
719 1999 841 2068 ejus
868 2019 882 2057 :
911 2002 1117 2074 legerat
1142 2009 1341 2080 quippe
1372 2011 1507 2069 illud
1539 2030 1642 2070 nec
1672 2017 1791 2078 sine
1819 2033 2014 2089 magna

437 2090 783 2147 attentione:
818 2111 838 2144 ε
894 2092 1071 2165 Super
1119 2115 1281 2168 quem
1324 2106 1652 2174 respiciam,
1692 2109 1802 2165 nisi
1850 2126 2015 2182 super

436 2176 664 2244 mitem,
743 2191 799 2238 et
873 2186 1138 2257 quietum,
1211 2200 1266 2248 et
1342 2202 1664 2255 trementem
1729 2176 2013 2277 sermones

434 2282 590 2325 meos
629 2272 722 2324 ³δῖ
760 2292 779 2325 ι

524 2360 577 2419 8.
636 2380 656 2414 σ
694 2364 1029 2436 Exspectans
1067 2375 1501 2433 consolationem
1535 2380 1725 2438 lsrael.
1767 2405 1786 2438 ι
1834 2385 2011 2453 Quam

435 2458 915 2519 censolationem?
954 2462 1084 2518 Eam
1142 2467 1354 2524 scilicet
1400 2486 1566 2541 quam
1620 2473 1893 2532 Abraham
1955 2481 2013 2538 in

433 2546 613 2615 angeli
647 2552 827 2619 specie
857 2551 1070 2619 videns,
1103 2556 1373 2627 religiose,
1405 2569 1464 2616 ut
1488 2561 1600 2618 Deo
1631 2569 2008 2636 conveniebat,

433 2636 683 2693 adoravit
708 2641 784 2695 ³⁵.
816 2641 990 2708 Quam
1015 2649 1482 2706 consolationem?
1551 2653 1625 2710 De
1662 2672 1769 2726 qua
1812 2660 2013 2729 praefa-

434 2735 525 2782 tus
553 2738 638 2785 est
672 2729 842 2790 Jacob
877 2753 895 2792 :
932 2754 953 2789 ‹
992 2737 1110 2793 Νοη
1154 2741 1390 2810 deﬁciet,
1431 2744 1602 2809 aiens,
1648 2749 1905 2822 princeps
1943 2768 2014 2808 ex

433 2816 594 2886 Iuda,
634 2839 813 2895 neque
849 2827 959 2886 dux
984 2846 1049 2885 ex
1092 2831 1391 2892 femoribus
1425 2837 1567 2907 ejus,
1609 2816 1785 2897 donec
1827 2816 2012 2900 veniat

432 2911 523 2965 cui
555 2917 854 2984 repositum
899 2928 1004 2986 est,
1035 2929 1090 2977 et
1112 2924 1227 2994 ipse
1254 2931 1589 2996 exspectatio
1625 2934 1867 3002 gentium
1890 2936 1955 2991 ".
1983 2955 2005 2990 ι

433 2999 610 3069 Quam
658 3008 1112 3079 consolationem,
1145 3018 1408 3086 inquam?
1436 3019 1568 3075 Eam
1608 3023 1783 3093 ipsam
1807 3025 1876 3081 de
1903 3042 2011 3098 qua

432 3091 678 3161 Balaam,
740 3100 866 3159 licet
912 3110 1067 3158 extra
1124 3109 1552 3166 ecclesiasticam
1583 3091 1763 3170 aulam
1815 3124 2007 3187 staret,

434 3186 780 3259 praphetavit
819 3191 907 3247 his
939 3195 1126 3251 verbis
1158 3214 1173 3252 :
1211 3217 1229 3249 ι
1259 3199 1484 3255 Orietur
1517 3204 1673 3258 stella
1706 3221 1775 3262 ex
1815 3186 2009 3276 Iacob,

432 3283 488 3332 et
512 3287 698 3350 surget
734 3281 897 3338 homo
933 3299 1000 3341 ex
1036 3285 1200 3345 Israel
1226 3292 1269 3322 ³⁷
1294 3310 1308 3346 :
1334 3312 1354 3344 ι
1395 3292 1529 3349 Eam
1582 3296 1754 3367 ipsam
1787 3299 1854 3356 de
1902 3318 2013 3373 qua

431 3365 649 3439 Moyses
675 3373 752 3426 ait
783 3391 798 3428 :
838 3393 856 3428 ί
886 3373 1212 3447 Pr0plietam
1242 3385 1529 3441 suscitabit
1562 3365 1717 3444 vobis
1750 3365 2011 3451 Domitius

432 3456 578 3523 Deus
617 3471 807 3519 noster
868 3483 936 3522 ex
989 3468 1256 3527 fratribus
1313 3478 1513 3533 vestris
1564 3480 1711 3535 sicut
1759 3498 1847 3537 me
1880 3484 1945 3540 ³³.
1984 3506 2004 3539 ι

428 3550 585 3609 Hane
619 3559 1050 3619 consolationem
1089 3568 1441 3636 exspectabat
1475 3570 1731 3644 Symeon,
1784 3588 2010 3649 accepto

432 3642 673 3715 Spiritus
705 3652 880 3705 sancti
908 3656 1154 3713 oraculo.
1188 3659 1332 3729 Quid
1360 3642 1573 3733 igitur?
1600 3664 1858 3739 Nunquid
1886 3642 2008 3727 eam

430 3751 647 3808 semper
691 3751 1033 3812 exspectans,
1067 3762 1162 3817 spe
1200 3763 1298 3804 sua
1338 3752 1561 3818 excidit,
1607 3764 1701 3811 aut
1728 3771 2011 3830 exspecta-

429 3828 580 3890 tione
609 3830 908 3892 frustratus
934 3847 1018 3893 est
1044 3839 1068 3903 ἲ
1090 3839 1460 3913 Nequaquam,
1494 3847 1718 3906 minime
1741 3828 2008 3926 gentium;

430 3920 525 3979 sed
571 3930 624 3977 et
672 3925 808 3979 vidit
836 3934 892 3982 et
941 3931 1090 3987 ulnis
1121 3934 1354 4005 excepit.
1391 3935 1435 3992 Ο
1492 3920 1921 4001 νῑνιυιεῐηίνίινὶῐ
1974 3920 2008 4003 ὁ

426 4013 744 4081 praeclaram
769 4019 1022 4087 pietatem
1054 4023 1450 4096 puritate-mque
1474 4030 1486 4084 Ι
1514 4049 1533 4081 ι
1561 4029 1618 4085 ln
1649 4050 1788 4101 qum,
1815 4055 1833 4087 ι
1851 4036 2007 4105 juxta

427 4099 490 4156 Β.
509 4100 736 4167 Paulum
769 4104 832 4179 [ι.
870 4107 1138 4199 Petrum],
1172 4129 1192 4165 ι
1224 4115 1536 4173 desiderant
1576 4099 1751 4193 angeli
1793 4099 2010 4199 prospi-

426 4204 553 4247 cere
578 4193 656 4262 ³⁹;
680 4213 699 4251 ι
733 4194 788 4250 in
828 4212 892 4259 ea
917 4199 1033 4269 ipsa
1063 4198 1319 4274 Symeon,
1347 4222 1456 4263 non
1483 4193 2002 4285 prOSpiceremodo,

2119 561 2292 625 παθὲς
2323 563 2415 615 καὶ
2439 562 2732 633 ἀνήμερον.
2765 561 2823 615 '0
2860 561 3048 625 Ἠλίας
3072 560 3171 633 μὲν
3189 560 3333 614 κατά
3356 559 3462 613 τῶν
3497 558 3703 630 Ἀχαὰὁ

2118 655 2626 726 πεντηκοντάρχων·
2679 654 2866 718 Φινεὲς
2915 653 2974 707 δὲ
3019 652 3162 707 κατά
3207 652 3301 706 τοῦ
3348 651 3701 706 Μαδιανιτίω

2119 743 2345 817 μύσους
2374 746 2581 817 Πέτρος
2609 745 2666 798 δὲ
2704 746 2800 799 καὶ
2835 744 3065 809 Παῦλος,
3095 747 3123 798 ὁ
3156 744 3253 815 μὲν
3278 744 3420 797 κατὰ
3460 742 3701 795 Ἀνανίου

2116 837 2212 891 καὶ
2241 836 2577 907 Σαπφείρας,
2611 837 2639 889 ὁ
2669 834 2727 887 δὲ
2766 833 2909 888 κατὰ
2949 833 3156 904 Ἐλύμα
3189 833 3286 886 καὶ¹
3328 831 3700 903 Ἀλεξάνδρου,

2115 922 2212 974 καὶ⁵
2239 920 2451 975 πολλῶν
2472 921 2645 974 ἄλλων
2669 921 2985 975 δικαιότατα
3008 922 3382 992 ἀπεχρήσατο.
3402 923 3480 993 Τῇ
3504 921 3563 974 δὲ
3589 924 3706 974 ἐπι-

2117 1011 2287 1084 θυμίᾳ
2315 1012 2377 1066 τὸ
2410 1013 2639 1086 μελετᾷν
2665 1016 2723 1067 ἐν
2747 1016 2896 1086 νόμῳ
2917 1016 3123 1088 Κυρίου
3151 1015 3464 1079 διαπαντός·
3495 1014 3558 1067 τὸ
3584 1016 3703 1067 ἐπιο

2117 1106 2337 1178 θυμητὰ
2358 1109 2611 1179 ἡγεῖσθαι
2631 1108 2698 1161 τὰ
2720 1108 3063 1179 δικαιώματα
3086 1109 3292 1180 Κυρίου
3318 1108 3459 1181 ὑπὲρ
3479 1109 3701 1179 χρυσίον

2119 1200 2213 1253 καὶ
2240 1198 2387 1252 λίθον
2409 1200 2589 1270 τίμιον
2616 1199 2804 1263 πολὺν,
2834 1200 2929 1253 καὶ
2957 1200 3269 1271 γλυκύτερα
3291 1200 3432 1270 ὑπὲρ
3460 1200 3587 1269 μέλι
3608 1200 3701 1252 καὶ

2116 1290 2327 1361 κηρίον·
2369 1290 2431 1342 τὸ
2478 1290 2657 1359 λέγειν
2711 1292 2852 1360 μετά
2899 1290 3094 1344 Δαυίδο
3137 1309 3156 1343 ι
3201 1291 3289 1353 Ὣς
3338 1290 3603 1361 ἀγαπητά
3635 1290 3701 1342 τὰ

2120 1379 2455 1451 σκηνώματά
2481 1398 2594 1446 σου,
2622 1381 2795 1452 Κύριε
2822 1382 2930 1435 τῶν
2965 1383 3268 1453 δυνάμεωνο
3316 1382 3573 1436 ἐπιποθεί
3606 1383 3700 1435 καὶ

2115 1471 2352 1525 ἐκλείπει
2375 1475 2408 1544 ἡ
2433 1473 2575 1544 ψυχή
2614 1491 2713 1544 μου
2744 1475 2824 1538 εἰς
2850 1474 2948 1539 τὰς
2974 1474 3143 1538 αὐλὰς
3171 1475 3265 1528 τοῦ
3296 1476 3526 1548 Κυρίου.
3553 1495 3571 1527 ι
3593 1476 3698 1529 Οὖ-

2114 1580 2222 1627 τως
2250 1558 2318 1635 ἦν
2345 1564 2551 1629 δίκαιος
2575 1566 2603 1617 ὁ
2632 1565 2876 1637 Συμεὼν,
2908 1567 3134 1637 μηδενὸς
3162 1566 3337 1630 εἴδους
3367 1568 3467 1638 τῆς
3496 1568 3699 1638 ἀρετῆς

2116 1655 2529 1727 ὐστερούμενος·
2581 1658 2741 1728 εἴπερ
2784 1658 3210 1729 ἐμπεριεκτικὴν
3270 1660 3426 1730 ῐσμεν
3471 1661 3573 1731 τὴν
3615 1661 3696 1713 δι-

2115 1747 2407 1819 καιοσύνην
2441 1749 2536 1802 κα)⁵
2569 1749 2675 1803 τῶν
2706 1748 2881 1803 ἄλλων
2913 1751 3103 1804 πασῶν
3136 1753 3369 1823 ἀρετῶν,
3411 1754 3536 1807 ὅσαι
3578 1756 3698 1818 ταῖς

2116 1842 2359 1909 γενικαίς
2381 1839 2608 1903 ταύταις
2635 1840 3061 1912 ὐποϐεδήκασιν.
3096 1862 3115 1894 ‹
3133 1843 3384 1915 Εὐλαϐὴς
3419 1865 3438 1896 ι
3466 1845 3524 1899 δὲ
3551 1844 3693 1911 πῶς

2114 1930 2512 2002 εὐλαὸούμενος
2548 1931 2656 1985 ἀπὸ
2690 1931 2981 2004 προσώπου
3017 1935 3222 2006 Κυρίου
3264 1935 3359 1989 καὶ
3390 1936 3500 1989 τῶν
3533 1937 3695 1990 αὐτοῦ

2114 2025 2552 2096 προσταγμάτων
2570 2040 2584 2054 ο
2619 2023 2918 2093 ἀνεγνώκει
2949 2025 3058 2096 γὰρ
3085 2027 3178 2079 καὶ
3198 2027 3318 2081 λίαν
3344 2030 3695 2100 ἐπεσκεμμέ-

2113 2133 2220 2180 νως
2245 2115 2328 2183 τὸ,
2366 2135 2385 2167 ι
2429 2116 2551 2169 Ἐπὶ
2593 2116 2714 2169 τίνα
2758 2116 3037 2187 ἐπιδλέψω
3070 2117 3184 2171 ἀλλ’
3218 2118 3250 2189 ἢ
3284 2121 3377 2173 ἐπὶ
3401 2120 3495 2173 τὸν
3522 2123 3696 2194 πρᾶον

2114 2208 2209 2263 καὶ
2237 2206 2460 2281 ἡσύχιον
2484 2209 2576 2263 καὶ
2604 2208 2880 2280 τρέμοντά
2904 2227 3004 2281 μου
3036 2211 3162 2275 τοὺς
3187 2211 3412 2280 λόγους;
3449 2233 3469 2265 ο

2184 2386 2238 2442 8.
2280 2406 2299 2441 ς
2348 2385 2786 2459 Προσδεχόμενος
2829 2386 3171 2458 παράκλησιν
3227 2387 3347 2441 τοῦ·
3382 2389 3624 2461 Ἰσραήλ.
3672 2410 3690 2443 ι

2112 2479 2278 2537 Ποίαν
2309 2478 2685 2551 παράκλησιν;
2727 2479 2827 2530 Ἢν
2869 2477 3121 2550 Ἀϐραὰμ
3157 2480 3214 2531 ἐν
3247 2479 3481 2548 ἀγγέλου
3519 2483 3697 2550 ἑωρα-

2111 2571 2223 2635 κὼς
2256 2572 2513 2642 σχήματι,
2549 2569 2866 2640 θεοπρεπῶς
2909 2570 3303 2643 προσεκύνησε.
3332 2574 3499 2626 Ποίαν
3527 2574 3698 2646 παρά-

2112 2662 2335 2733 κλησιν;
2367 2660 2501 2733 Περὶ
2523 2656 2590 2733 ἧς
2627 2660 2821 2715 Ἰακὼϐ
2855 2662 3259 2734 προηγόρευσεν
3278 2681 3291 2694 ·
3333 2684 3353 2715 ς
3381 2666 3496 2719 Οὐκ
3516 2666 3696 2719 ἐκλεί-

2110 2751 2202 2823 ψει
2223 2753 2426 2825 ἄρχων,
2461 2752 2631 2806 είπὼν
2662 2752 2796 2826 (29),
2822 2752 2881 2818 ἐξ
2918 2753 3109 2819 Ἰούδα,
3149 2756 3269 2811 οὐδὲ
3295 2756 3598 2828 ἡγούμενος
3629 2760 3696 2813 ἐκ

2110 2844 2220 2899 τῶν
2260 2845 2453 2917 μηρῶν
2495 2845 2684 2910 αὐτοῦ,
2735 2845 2840 2910 ἓως
2862 2845 2928 2901 ἂν
2970 2846 3098 2919 ἔλθῃ
3139 2841 3182 2915 ᾧ
3224 2849 3511 2903 ἀπόκειται
3535 2893 3550 2913 ,
3600 2851 3697 2904 καὶ

2112 2934 2274 2998 αὐτὸς
2311 2934 2608 3008 προσδοκία
2644 2935 2833 2989 ἐθνῶν.
2871 2955 2890 2988 ι
2941 2936 3102 2991 Ἀ)λά
3136 2938 3295 2991 ποίαν
3324 2940 3693 3012 παράκλησινς

2110 3024 2290 3097 Αὐτὴν
2336 3026 2552 3096 ἐκείνην
2607 3027 2736 3097 περὶ
2765 3020 2834 3098 ἦς
2874 3027 3124 3099 Βαλαὰμ,
3167 3031 3217 3083 εί
3249 3031 3463 3101 καὶτῆς
3496 3031 3719 3103 hocqu

2115 3119 2399 3190 σιαστικῆς
2456 3118 2626 3190 αὐλῆς
2679 3118 2877 3186 ἔξωθεν
2928 3120 3194 3192 ἑστηκὼς,
3251 3128 3692 3195 προεφήτευσεν’

2117 3228 2139 3262 ι
2185 3209 2474 3273 Ἀνατελεῖ,
2532 3210 2726 3278 λέγων,
2783 3211 2982 3283 ἄστρον
3012 3211 3073 3278 ἐξ
3131 3213 3356 3279 Ἰακὼϐ,
3410 3216 3503 3268 καὶ
3560 3217 3698 3270 ἀνα-

2114 3302 2367 3372 στήσεται
2386 3300 2671 3373 ἀνθρωπος
2695 3299 2754 3366 ἐξ
2797 3301 3036 3375 Ἰσραήλ.
3071 3324 3088 3355 ι
3119 3305 3295 3377 Αὐτὴν
3321 3308 3535 3378 ἐκείνην
3564 3310 3699 3382 περὶ

2109 3389 2179 3467 ἧς
2214 3396 2453 3466 Μωῦσῆς
2510 3412 2698 3466 φησιν,
2734 3396 2815 3449 ὅτι
2852 3416 2870 3447 ‹
2905 3397 3197 3469 Προφήτην
3239 3401 3369 3469 ὑμῖν
3398 3402 3698 3472 ἀναστήσει

2110 3485 2312 3556 Κύριος
2339 3487 2367 3539 ὁ
2390 3486 2521 3550 Θεὸς
2548 3486 2703 3558 ἡμῶν
2729 3488 2793 3541 ἐκ
2822 3489 2930 3542 τῶν
2950 3490 3192 3559 ἀδελφῶν
3219 3492 3392 3562 ὑμῶν,
3427 3493 3502 3558 ὡς
3533 3494 3691 3564 ἐμέ.»

2110 3580 2325 3651 Ταύτην
2351 3579 2449 3651 τὴν
2476 3580 2840 3653 παράκλησιν,
2889 3582 2978 3637 διὰ
3023 3582 3340 3654 Πνεύματος
3375 3587 3532 3655 ἀγίου
3562 3604 3699 3659 χρη-

2111 3670 2391 3742 ματισθεὶς
2432 3671 2677 3743 Συμεὼν,
2729 3674 3101 3747 προσεδέχετο.
3157 3676 3223 3730 Τί
3270 3673 3399 3745 οῦν;
3447 3681 3581 3750 μήτι
3628 3698 3695 3749 γε

2108 3762 2218 3832 ἀρα
2271 3760 2473 3834 ταύτην
2518 3763 2606 3817 ἀεὶ
2662 3764 3088 3838 προσδεχόμενος
3136 3766 3372 3841 ἐψεύσθη
3413 3788 3533 3835 πως
3585 3772 3695 3825 τῶν

2108 3849 2426 3923 ἐλπίδων,ῆ
2477 3852 2576 3924 τῆς
2627 3852 2953 3924 προσδοκίας
3005 3855 3338 3928 διήμαρτεν,
3386 3857 3690 3930 Οῦμενουν,

2106 3942 2360 4013 οὐδαμῶς
2382 3959 2396 3974 ·
2429 3943 2565 3998 ἀλλά
2602 3944 2696 3998 καὶ
2743 3941 2849 3999 εἶδε
2908 3947 3002 4000 καὶ
3057 3948 3469 4018 ἐνηγκαλίσατο.
3503 3954 3570 4005 Ὢ
3594 3954 3691 4024 τῆς

2104 4032 2199 4086 τοῦ
2229 4033 2420 4105 ἀνδρὸς
2453 4035 2683 4107 ἀρετῆςί
2719 4035 2764 4089 ὢ
2800 4038 2900 4109 τῆς
2934 4037 3371 4111 ὑπερϐαλλούσης
3402 4041 3692 4108 εὐλαϐείας

2105 4126 2201 4181 καὶ
2260 4127 2659 4198 καθαρότητοςι
2697 4147 2716 4180 ι
2757 4130 2853 4194 El;
2910 4131 2965 4199 ἃ,
3018 4150 3038 4184 ι
3085 4133 3226 4187 κατὰ
3268 4135 3360 4188 τὸν
3417 4138 3691 4210 μακάριον

2104 4221 2315 4287 Παῦλον
2331 4220 2394 4293 [ί.
2409 4224 2515 4277 Πέτ
2523 4224 2658 4297 ρον],
2670 4245 2687 4277 ι
2699 4224 3055 4297 ἐπιθυμοῦσιν
3070 4225 3291 4295 ἄγγελοι
3307 4229 3650 4300 παρακύψαι,
3662 4249 3684 4282 ι

428 4281 523 4338 sed
553 4299 687 4354 pure
718 4287 950 4377 ingredi,
1007 4306 1073 4348 ea
1122 4304 1466 4363 contrectare
1516 4281 1694 4375 iisque
1736 4321 1869 4378 pure
1897 4281 2006 4373 ini;

810 4313 950 4377 retu,
1007 4313 1073 4348 ea
1122 4313 1466 4363 contrectare
1516 4318 1694 4375 usque
1736 4321 1869 4378 pure
1897 4313 2006 4373 ini-
2105 4314 2187 4377 εἰς
2247 4313 2420 4368 ταῦτα
2476 4314 2701 4386 Συμεὼν
2746 4317 2808 4370 οὐ
2853 4314 3170 4388 παρακύψαι
3203 4318 3383 4389 μόνον,
3426 4320 3564 4376 ἀλλά
3592 4323 3689 4376 καὶ

425 4375 553 4430 tiari
584 4379 755 4433 valuit
783 4382 796 4435 l

2104 4406 2360 4479 καθαρῶς
2406 4407 2763 4478 ἐμϐατεῦσαι,
2808 4409 2904 4462 καὶ¹
2944 4406 3261 4481 ψηλαφῆσαι
3314 4410 3525 4477 ταῦτα,
3590 4413 3687 4468 καὶ

786 4530 789 4533 -
2030 4483 2075 4540 Ῐ)
2103 4495 2416 4566 ἀκραιφνῶς
2441 4497 2712 4567 μυηθῆναι
2748 4496 3047 4567 δεδύνηται.

494 4556 549 4612 9.
596 4575 616 4609 ι
652 4556 718 4612 Et
747 4562 892 4616 venit
938 4564 994 4623 in
1036 4564 1243 4636 Spiritu
1268 4568 1323 4624 in
1355 4575 1614 4643 templum
1638 4576 1703 4634 ⁸ο.
1734 4597 1753 4630 ι
1821 4578 1865 4633 0
1895 4581 2003 4634 mi-

2174 4556 2227 4639 ί).
2265 4556 2296 4637 ι’
2320 4556 2631 4659 καὶ-ἦλθεν
2658 4590 2715 4641 ἐν
2754 4588 2832 4658 τῷ
2864 4556 3138 4660 Πνεύματι
3166 4593 3246 4654 είς
3272 4591 3333 4645 τὸ
3370 4592 3536 4664 ἱερὸν.
3571 4611 3589 4645 ι
3620 4593 3685 4646 Ὠ

424 4647 674 4701 raculum
701 4650 713 4703 Ξ
744 4649 823 4706 Nc
867 4654 982 4709 suis
1026 4658 1245 4725 quidem
1291 4661 1524 4733 pedibus
1566 4666 1634 4719 ad
1672 4670 2002 4727 sacramenti

2115 4674 2195 4729 ποῦ
2225 4647 2505 4747 θαύματος
2519 4679 2531 4731 !
2565 4678 2698 4732 Οὐδὲ
2733 4647 2889 4732 ποσὶν
2919 4647 3137 4743 οἰκείοις
3171 4647 3309 4752 πρὸς
3332 4647 3433 4754 τὴύ
3456 4682 3550 4737 τοῦ
3579 4701 3682 4755 μυ-

424 4738 788 4795 ministerium
839 4760 972 4801 usus
1027 4755 1130 4803 est.
1199 4748 1408 4809 Currus
1460 4754 1566 4825 ipsi
1628 4768 1712 4813 est
1762 4758 2001 4831 Spiritus

2115 4738 2629 4838 ςτηρίουδιακονίαν
2677 4770 2941 4841 κέχρηται
2979 4738 3131 4844 (Ξ›0)’⁷
3159 4738 3309 4845 ᾰρμᾶ
3333 4738 3593 4847 δέτούτιμ
3622 4775 3683 4831 τὸ

424 4838 649 4887 sanctus
692 4833 783 4903 qui
824 4850 951 4890 eum
1002 4839 1161 4908 quasi
1203 4840 1427 4906 alatum,
1479 4847 1562 4902 vel
1623 4853 1779 4919 quasi
1830 4854 1994 4907 alium

2115 4856 2323 4928 [Ινεῦμα
2370 4858 2429 4911 τὶ
2492 4860 2647 4929 ἆγιον
2697 4861 2905 4930 γίνεται
2936 4865 3027 4917 καὶ
3066 4860 3175 4918 οἷον
3199 4865 3505 4936 ὑπόπτερον
3537 4884 3677 4930 τινα,

423 4925 567 4980 aeris
597 4940 878 4982 cursorem
920 4928 1247 4997 Ambacum,
1286 4933 1340 4988 in
1375 4937 1632 5007 templum
1663 4940 1896 5007 inducit,
1930 4957 1997 4999 ac

2115 4947 2199 5011 καὶ
2221 4925 2607 5022 αἰθεροδρόμον
2647 4925 2972 5026 Ἀμόακούμ
3026 4955 3202 5019 ἄλλον,
3252 4956 3391 5029 πρὸς
3414 4925 3526 5010 ’τὸν
3556 4925 3678 5012 ναὸν

422 5016 569 5073 sistit
620 5021 861 5076 sacrario
892 5021 958 5075 “.
1002 5021 1099 5079 His
1133 5026 1293 5096 plane
1323 5030 1503 5087 verbis
1535 5034 1871 5104 compellans
1914 5036 1997 5091 νίς

2115 5037 2332 5108 εἰσάγει,
2352 5041 2446 5094 καὶ
2476 5041 2552 5110 τῷ
2583 5043 2712 5115 ἱερῷ
2739 5047 3011 5117 παριστᾷο
3049 5048 3263 5110 πάντως
3310 5066 3412 5102 που
3452 5048 3675 5103 τοιαῦτα

421 5124 542 5166 rum
576 5128 590 5165 :
630 5109 861 5180 Accede,
901 5113 1099 5172 dilecte
1132 5133 1321 5186 senex,
1374 5137 1482 5191 quo
1518 5123 1855 5182 redditorum
1891 5128 1993 5184 tibi

2115 5130 2236 5202 πρὸς
2268 5132 2430 5186 αὐτὸν
2454 5109 2610 5203 λέγον
2634 5109 2741 5191 καὶ
2769 5109 3283 5211 προσφθεγγόμενον
3307 5140 3419 5212 (3i)
3443 5158 3456 5172 ·
3483 5140 3670 5213 Δεῦρο,

489 5264 535 5297 ’⁷
575 5263 642 5363 '.Y
670 5265 814 5363 τ’ἔθεξ·
850 5284 907 5334 ’ν
944 5271 1031 5326 ’λί-
1108 5272 1157 5363 ’ζ
1189 5270 1515 5363 Nam?!“
1551 5276 1604 5331 9~
1767 5280 1981 5363 ᾼςιλνν

2146 5283 2191 5314 ³ο
2230 5292 2350 5363 Act.
2391 5290 2608 5363 ηιμ-8.
2686 5292 2727 5323 ³¹
2768 5291 2789 5345 l
2830 5292 2971 5350 Tim.
3008 5312 3048 5360 ι,
3083 5296 3172 5351 90.
3249 5298 3294 5330 ³⁸
3332 5290 3480 5355 Psal.
3515 5314 3671 5363 xviii,

420 5332 508 5389 Il.
586 5337 632 5367 ⁸³
670 5332 813 5393 Psal.
852 5332 1090 5405 Lxxxut,
1121 5340 1176 5396 2.
1255 5343 1301 5375 ³⁵
1339 5344 1442 5401 lsa.
1477 5332 1623 5413 L'xvt,
1650 5348 1703 5405 2.
1784 5332 2012 5407 “Cerne

420 5404 467 5437 ιι
507 5404 634 5437 ηρ...
703 5425 831 5437 νυ...
913 5412 977 5437 ne
1076 5413 1120 5437 ιο
1160 5412 1175 5437 I
1210 5412 1336 5437 11...-
1390 5433 1405 5437 _
1473 5417 1535 5437 no
1634 5420 1679 5437 υ.
1719 5418 1739 5437 Ι
1812 5435 1822 5437 _
1994 5423 2012 5437 ιε

2230 5332 2350 5340 --νη
2391 5332 2516 5351 -...,
2556 5332 2608 5345 ν.
2769 5332 2789 5345 ι
2840 5332 2971 5350 ιιι...
3009 5332 3023 5349 ι
3087 5332 3172 5351 ων.
3332 5332 3480 5355 nam.
3518 5332 3647 5356 LIIII

2115 5356 2357 5437 [\Al-IIAQ.
2434 5359 2479 5391 ⁸⁸
2515 5358 2712 5437 Cenes.
2750 5379 2923 5432 XLIX,
2964 5336 3049 5420 1οἶ
3130 5369 3172 5400 ³⁷
3195 5367 3357 5423 Num.
3394 5387 3547 5437 χχιιι,
3585 5338 3671 5426 l7:

419 5404 467 5437 ⁸⁸
503 5404 663 5462 Deut.
703 5425 868 5475 xvm,
912 5412 999 5467 15.
1076 5404 1120 5446 ³⁸
1156 5412 1178 5466 l
1208 5412 1353 5471 Petr.
1390 5433 1428 5484 ι,
1469 5417 1557 5474 12.
1610 5404 1851 5477 ’δθιυα
1884 5404 2012 5489 ίιῖἐ

2163 5425 2205 5457 δι
2246 5424 2381 5486 Dan.
2415 5445 2528 5496 xlv,
2563 5432 2653 5491 55.

636 5634 713 5716 ita
744 5637 962 5716 1193.3.
997 5641 1067 5716 At
1096 5642 1151 5698 in
1179 5643 1311 5716 Reg.
1347 5647 1397 5711 l,
1430 5646 1600 5702 εἰπών
1633 5648 1761 5705 decc

2168 5650 2385 5728 (51)‘Ita
2416 5646 2550 5728 Beg.
2606 5647 2661 5715 2,
2708 5653 2934 5724 optime.
2981 5652 3049 5709 At
3096 5651 3236 5727 Reg.
3274 5654 3325 5721 l,
3366 5655 3549 5728 λέγων
3578 5652 3671 5711 καὶ

491 5703 602 5775 <30)
635 5703 765 5779 κει.
798 5703 853 5773 2'.
886 5703 1277 5786 ἀποκέχρηταιῐ

2093 5719 2626 5793 προσφθεγγόμενος.
