3832 6216
191 326 270 383 985

1120 319 1409 377 HOMlLlA
1450 319 1514 374 IN
1555 317 1938 375 OCCURSUM
1976 319 2240 377 DOMlNl.

3225 314 3335 376 936

188 441 258 504 ἴθι,
279 438 400 510 γέρον
422 437 528 508 φίλε,
553 437 638 492 ῑνα
670 437 779 492 τῶν
810 437 980 492 πάλαι
998 454 1081 491 σοι
1109 434 1645 510 κεχρηματισμένων

1757 436 1876 491 olim
1925 438 2276 493 oraculorum
2322 443 2581 491 eventum
2619 434 2831 508 liquido
2869 434 3202 505 conspicias,
3232 450 3334 487 no-

182 531 407 602 θαυμάτων
428 528 503 594 τὰς
525 529 769 594 ἐκϐάσεις
812 530 1058 602 ὲναργῶς
1086 530 1319 601 κατόψῃ,
1372 530 1466 582 καὶ
1502 526 1646 598 γνῷς

178 624 277 675 οἵων
318 622 583 694 πραγμάτων
635 621 847 694 μύστης
878 621 1233 694 ὲταμιεύθης,
1257 623 1377 685 οἵας
1394 620 1646 684 εὐκλείας

174 713 293 784 παρὰ
318 714 416 777 τοὺς
454 713 611 779 ἄλλους
652 713 978 786 τετύχηκας.
1036 713 1228 786 Δεῦρο,
1256 713 1357 777 τὰς
1393 712 1647 777 ἐκϐάσεις

168 807 248 876 τῆς
274 805 405 876 καλῆς
425 804 510 876 (52)
536 805 730 876 ἀρετῆς
763 804 1113 876 ἀναλάμϐανε
1133 821 1148 835 ·
1186 804 1279 857 καὶ
1318 804 1355 857 ἃ
1384 804 1648 875 πρότερον

166 897 190 948 6
214 894 396 964 θεόπτης
417 894 646 966 αἰσθητῶς
688 894 785 965 μὲν
805 897 871 966 τῇ
897 896 1075 967 πέτρα
1095 897 1160 966 τῇ
1186 896 1246 947 ὲν
1268 894 1419 956 Σινά,
1442 892 1649 966 νοητῶς

165 991 212 1044 δὲ
233 995 285 1064 τῇ
311 994 414 1065 περὶ
432 993 504 1048 τὸν
519 994 640 1047 θεὸν
666 995 901 1067 άῤῥαγεῖ
929 993 1260 1056 σκεπασθεὶς
1281 992 1463 1046 πίστει
1494 992 1647 1064 μόλις

161 1086 224 1143 ὡς
240 1086 311 1140 διά
331 1104 446 1152 τινος
472 1088 610 1159 ὀπῆς,
660 1089 761 1159 τῆς
786 1088 1055 1159 ἀμυδράς,
1097 1083 1273 1158 οἶμαι,
1300 1085 1530 1157 θεωρίας
1554 1086 1649 1139 κα)¹

157 1177 379 1245 γνώσεως,
411 1181 458 1233 ὲν
487 1178 731 1232 ὀπισθίων
765 1179 896 1232 εῖδει
927 1178 1214 1232 τεθέαται·
1255 1177 1429 1232 ταῦτα
1456 1179 1519 1231 σὺ
1553 1177 1647 1231 νῦν

157 1267 353 1338 ἐναργῶς
373 1267 735 1339 καταμάνθανε,
756 1268 850 1320 καὶ
881 1267 1174 1338 μετάϐαινε
1206 1266 1391 1320 λοιπὸν
1420 1266 1528 1320 ἀπὸ
1557 1263 1664 1320 τοῦ-ι

157 1359 339 1415 θανάτου
384 1361 463 1414 τοῦ
508 1363 554 1415 ὲν
580 1360 658 1432 τῷ
690 1360 903 1431 σώματι
958 1361 1097 1433 πρὸς
1139 1361 1239 1431 τὴν
1279 1359 1426 1431 ζωὴν
1464 1360 1564 1430 τὴν
1590 1360 1649 1412 ἐν

157 1451 401 1521 τνεύματι·
430 1452 612 1506 καὶτὸν
642 1454 700 1505 ὲν
734 1453 1025 1523 γράμματι
1041 1452 1227 1523 νόμον,
1246 1444 1289 1519 ᾧ
1305 1450 1484 1515 καλῶς
1510 1450 1648 1520 ἄγαν

157 1545 221 1597 ιαὶ
260 1543 478 1613 θεοφιλῶς
526 1543 960 1615 ἑλειτουργήσας,
1020 1542 1253 1614 μετάθες
1290 1542 1425 1614 πρὸς
1467 1542 1558 1595 τὸν
1590 1544 1648 1594 ὲν

157 1636 310 1706 ςάριτι.
361 1635 630 1705 Κέκμηκας
660 1638 768 1708 γάρ
811 1635 1014 1698 ἱκανῶς
1055 1634 1154 1706 ἤδη
1195 1637 1308 1698 τοῖς
1332 1634 1525 1697 τύποις
1554 1634 1649 1687 κα).

160 1729 237 1789 αἷς
264 1728 443 1789 σκιαῖς·
464 1728 637 1779 νεάσαι
682 1742 741 1777 σε
773 1725 854 1795 δεῖ
878 1724 942 1796 τῇ
972 1724 1200 1797 ἀληθείᾳ
1220 1725 1427 1789 λοιπὸν,
1466 1726 1551 1779 ἵνα
1579 1724 1650 1777 τά

157 1820 237 1890 έλη
262 1819 353 1873 τῶν
366 1820 576 1887 νομικῶν
595 1835 886 1890 παρατηρη
897 1818 1082 1889 μάτων
1104 1819 1214 1890 (55)
1238 1819 1380 1892 ἀρχή
1406 1834 1487 1872 σοι
1513 1818 1650 1891 πρὸς

157 1912 185 1965 ά
215 1913 303 1983 τῆς
329 1913 522 1983 χάριτος
552 1913 869 1983 χρηματίσῃ
902 1911 1232 1982 διδάγματα.

184 2005 260 2058 10.
293 2004 454 2058 Ταῦτα
477 2004 605 2058 κατά
643 2004 704 2056 τὸ
744 2002 931 2074 νοητὸν
965 2000 1057 2067 οὖς
1089 2006 1116 2057 6
1145 2003 1287 2067 θεῖος
1331 1997 1484 2067 οὗτος
1517 2019 1652 2074 πρε-

157 2095 299 2166 εύτης
325 2095 537 2159 ἀκούσας
560 2094 710 2165 παρὰ
728 2094 823 2146 τοῦ
850 2093 990 2147 Πνεύ
999 2111 1187 2165 ματος,
1203 2096 1377 2165 χαρᾶς
1392 2095 1528 2159 ὅλως
1556 2097 1650 2148 καὶ

157 2185 416 2257 ιφροσύνης
463 2185 843 2257 πεπλήρωται·
896 2185 993 2238 καὶ
1048 2181 1160 2237 οἷον
1201 2184 1389 2248 ἔνθους
1427 2185 1533 2238 ὑπὸ
1553 2184 1648 2238 τοῦ

157 2277 326 2347 ιμϐους
375 2277 665 2346 γενόμενος,
725 2274 925 2329 οὑτωσί
976 2292 1095 2340 πως
1145 2274 1224 2346 τῷ
1282 2276 1649 2348 διαλεγομένῳ

157 2368 579 2439 >οσαντημεί6ετο·
639 2368 750 2421 Καὶ
811 2364 973 2439 ἦλθεν
1024 2370 1227 2433 ἐκεῖνα,
1296 2368 1644 2439 Παράκλητε,

157 2482 230 2536 ῖερ
276 2464 380 2533 ἐγὼ
436 2462 725 2518 θεάσασθαι
779 2463 1266 2536 κεχρημάτισμαι;
1300 2465 1437 2528 ὅλως
1483 2461 1649 2537 ἦλθεν

157 2560 282 2618 εἰνα,
325 2556 461 2627 άπερ
512 2555 636 2609 ἰδεῖν
676 2553 788 2624 ἐγὼ
830 2556 981 2626 παρά
1024 2554 1117 2608 σοῦ
1163 2557 1645 2628 προεπηγγελμαι;

157 2665 181 2711 ς
233 2646 505 2719 τοιγαροῦν
555 2646 634 2717 τῷ
696 2648 841 2719 γήρᾳ
895 2650 1086 2718 χεῖρα,
1128 2647 1476 2719 Παράκλητε,
1536 2648 1645 2710 δός.

157 2740 312 2803 πάθες
344 2757 429 2810 μοι
465 2739 560 2811 τὴν
605 2738 760 2809 παρὰ
806 2738 900 2792 σοῦ
946 2739 1143 2809 χάριν,
1181 2739 1402 2804 ὑπόθες.
1445 2741 1517 2794 Τὸ
1540 2741 1649 2813 γὰρ

157 2833 232 2901 μά
269 2849 355 2897 μοι
391 2830 668 2901 κέκμηκεν
696 2829 820 2900 ήδη,
853 2829 948 2883 καὶ
984 2828 1222 2899 βαδίζειν
1244 2830 1355 2899 (5-4)
1386 2829 1644 2895 ὲξατονεῖ.

157 2941 347 2977 ςτασον
372 2923 554 2986 αὐτὸς,
579 2917 625 2976 ὦ
666 2922 828 2990 φύσις
881 2922 1186 2993 παντουργὲ
1224 2922 1316 2975 καὶ
1372 2922 1647 2993 ἀκάματε,

157 3014 338 3067 ττασόν
393 3030 460 3083 με
514 3012 606 3065 τὸν
660 3011 884 3082 ἀσθενῆ,
937 3011 1030 3064 τὸν
1075 3012 1327 3081 γέροντα,
1365 3014 1457 3066 καὶ
1514 3014 1650 3085 πρὸς

1747 527 2004 598 verisque
2046 529 2270 599 quantis
2320 528 2486 583 rebus
2528 527 2830 583 initiandus
2862 532 3175 586 reservatus
3233 525 3333 584 sis.

1746 628 2012 689 quantam
2064 636 2176 691 prae
2211 619 2610 690 aliis-gloriam
2651 619 2731 676 sis
2775 627 3126 675 consecutus.
3174 615 3334 678 Veni,

1748 715 2026 783 praeclarae
2070 714 2296 770 virtutis
2327 721 2435 769 tuae
2481 722 2738 769 eventum
2778 713 3018 784 percipe.
3077 711 3156 767 Ac
3215 725 3337 780 qua:

1749 806 1882 859 olim
1921 806 2011 861 ille
2063 805 2159 861 Dei
2202 806 2503 876 inspector,
2554 806 2890 862 sensibiliter
2922 806 3139 875 quidem
3182 811 3337 873 petra

1748 896 1951 952 montis
1981 895 2154 957 Sinai,
2190 897 2550 967 spiritualiter
2599 904 2781 952 autem
2815 894 3049 950 infracta
3081 910 3179 950 sua
3209 906 3338 962 erga

1750 986 1918 1043 Deum
1971 986 2075 1041 fide
2119 988 2406 1054 obtectus,
2442 988 2536 1043 vix
2589 989 2748 1058 quasi
2800 1002 2898 1059 per
2949 987 3194 1041 foramen
3240 986 3340 1039 ob-

1750 1093 1948 1141 scurat,
1986 1080 2207 1148 opinor,
2248 1080 2643 1149 speculationis
2670 1088 2836 1150 alque
2869 1078 3206 1148 cognitionis
3240 1093 3341 1148 ρος-

1751 1171 2044 1224 steriorum
2100 1171 2285 1241 specie
2331 1171 2469 1225 vidit
2521 1171 2600 1237 “;
2641 1187 2704 1227 ea
2745 1179 2805 1227 tu
2838 1176 2999 1226 modo
3054 1172 3340 1241 perspicue

1749 1261 1991 1326 ediscas,
2035 1269 2202 1331 atque
2241 1262 2465 1317 demum
2507 1271 2759 1319 transeas
2788 1279 2817 1317 a
2851 1264 3124 1333 corporali
3165 1270 3342 1316 morte

1751 1353 1819 1408 ad
1871 1353 2040 1408 vitam
2095 1354 2436 1424 spiritualem
2471 1373 2484 1409 :
2524 1369 2588 1409 ac
2646 1355 2817 1424 legem
2878 1370 2998 1425 quae
3058 1354 3114 1408 in
3162 1353 3342 1408 littera

1751 1446 1857 1501 sita
1901 1457 2004 1510 est,
2065 1448 2157 1502 cui
2205 1448 2375 1518 probe
2434 1447 2730 1502 admodum
2781 1462 2847 1500 ac
2894 1447 3151 1518 religioso
3212 1462 3342 1517 erga

1750 1536 1920 1591 Deum
1981 1537 2176 1594 affectu
2211 1539 2561 1603 ministrasti,
2628 1546 2905 1593 commuta
2939 1540 2992 1593 in
3049 1555 3167 1595 eam
3219 1556 3344 1610 qua:

1749 1630 1915 1702 360
1942 1642 2027 1688 est
2055 1632 2108 1686 in
2141 1632 2342 1702 gratia.
2398 1631 2626 1686 Multum
2660 1646 2894 1700 namque
2925 1632 2979 1686 in
3030 1631 3222 1702 ﬁguris
3261 1641 3345 1688 at-

1754 1739 1857 1792 que
1891 1724 2101 1778 umbris
2128 1723 2412 1778 laborasti.
2448 1721 2569 1777 Jam
2605 1732 2657 1778 te
2679 1730 2892 1793 oportet
2931 1723 2986 1777 in
3011 1725 3344 1792 veritateju-

1750 1815 1873 1868 nior
1910 1814 2082 1879 efﬁci,
2134 1824 2193 1869 ut
2224 1815 2480 1885 legalium
2524 1814 2976 1868 Observationum
3025 1813 3183 1878 fines,
3234 1816 3343 1869 ini-

1750 1909 1888 1961 tium
1935 1907 2035 1961 tibi
2070 1906 2183 1962 sint
2224 1908 2289 1961 ad
2322 1911 2513 1977 gratiae
2539 1907 2891 1961 documenta.

1821 2000 1908 2055 ιο.
1945 1999 2044 2055 His
2089 1998 2416 2070 intelligibili
2458 2014 2589 2054 aure
2639 2014 2669 2052 a
2710 1998 2914 2069 Spiritu
2944 1998 3170 2064 auditis,
3205 1999 3344 2055 divi-

1749 2110 1855 2150 nus
1895 2108 2059 2149 senex
2108 2093 2309 2164 gaudio
2352 2093 2513 2162 plane
2551 2101 2715 2164 atque
2746 2093 2933 2148 laetitia
2966 2093 3207 2164 repletus
3236 2099 3341 2157 est,

1751 2202 1815 2241 ac
1860 2195 2085 2255 stupore
2147 2185 2307 2256 quasi
2370 2186 2664 2250 attonitus,
2721 2186 3044 2256 afﬂatusque
3084 2184 3340 2248 Numine,

1750 2279 1865 2334 haec
1898 2279 2009 2333 fere
2038 2278 2389 2348 compellanti
2425 2278 2670 2347 reposuit
2705 2296 2720 2332 :
2757 2277 2989 2348 Ergone,
3040 2276 3342 2339 Paraclete,

1749 2377 2017 2425 venerunt
2057 2370 2170 2434 illa,
2201 2384 2323 2439 quae
2343 2370 2590 2424 visurum
2620 2385 2706 2424 me
2738 2369 2968 2424 oraculo
2999 2368 3230 2439 accepi?
3260 2369 3343 2423 An

1750 2461 1911 2531 plane
1942 2468 2208 2515 venerunt
2242 2460 2334 2514 illa
2381 2476 2502 2530 qua
2532 2476 2618 2515 me
2642 2468 3071 2529 conspecturum
3109 2458 3342 2529 pollice‘

1749 2553 1920 2607 bare?
1949 2551 2166 2607 Manum
2199 2552 2467 2607 senectuti
2501 2554 2739 2622 porrige,
2769 2551 3070 2614 Paraclcte,
3105 2550 3339 2621 porrige,

1749 2645 1995 2714 inquam.
2030 2643 2273 2697 Gratiam
2310 2658 2559 2714 suppone
2603 2653 2789 2710 tuam;
2829 2658 3099 2713 suppone,
3129 2657 3337 2713 quaso.

1748 2736 2027 2791 Caducum
2078 2750 2279 2806 corpus
2330 2752 2513 2790 meum
2554 2735 2811 2790 incedere
2860 2736 2952 2789 vix
3001 2743 3203 2804 potest.
3259 2731 3343 2788 Tu

1704 2868 1719 2883 κ
1749 2838 1982 2899 gestato,
2036 2842 2241 2898 quaeso,
2269 2842 2303 2880 o
2334 2837 2534 2880 natura
2585 2826 2829 2879 omnium
2865 2824 3046 2895 opifex
3088 2831 3141 2880 et
3185 2823 3344 2878 inde-

1752 2920 1918 2983 fessa,
1951 2928 2164 2991 gestato
2190 2933 2278 2973 me
2324 2918 2678 2980 imbecillum,
2713 2933 2923 2984 senem,
2957 2924 3013 2973 et
3041 2931 3207 2987 quam
3246 2930 3344 2972 ce-

1752 3014 1971 3068 lerrime
2021 3028 2088 3068 eo
2121 3012 2405 3068 adducito.
2444 3010 2578 3064 Nam
2606 3011 2651 3066 si
2676 3011 2908 3081 pedibus
2936 3009 3072 3066 meis
3104 3009 3208 3064 iter
3242 3024 3340 3081 ag-

157 3110 241 3159 ῐνα
298 3105 362 3158 τὸ
414 3105 583 3175 τάχος
623 3103 899 3171 ἀπάγαγε.
941 3102 1069 3156 Ἐάν
1102 3104 1211 3175 γάρ
1244 3103 1456 3175 θελήσω
1495 3106 1647 3160 ποσὶν

1757 3106 1971 3177 grediar
2000 3144 2015 3169 ,
2058 3104 2114 3158 in
2144 3105 2230 3158 via
2276 3103 2601 3165 cunctatior,
2643 3103 2734 3157 illa
2768 3102 2984 3157 interim
3022 3101 3339 3164 abscedent,

157 3198 276 3260 ;ἰοις
338 3196 475 3267 πρὸς
534 3196 741 3263 βάδισιν
783 3193 1111 3266 χρήσασθαι,
1165 3194 1402 3267 χρονίζω
1435 3200 1653 3262 πάντως

157 3292 200 3361 ’ᾖ
228 3287 355 3358 ὁδῷ,
385 3289 620 3341 κάκεῖνα
666 3287 1022 3358 παρέρχεται,
1056 3288 1150 3341 καὶ
1180 3289 1241 3342 οὺ
1277 3287 1466 3361 θεωρῶ
1491 3290 1650 3345 αὑτά.

188 3380 245 3433 οἵ
281 3396 376 3450 μοι
410 3378 519 3431 τῶν
548 3377 912 3449 σκυθρωπῶν,
932 3380 980 3430 εἰ
1008 3377 1154 3442 ξένος
1196 3378 1400 3433 τούτων
1424 3385 1651 3454 γενήσο-

192 3467 271 3527 ὧν
298 3471 402 3535 τὰς
433 3471 712 3543 ἐμφάσεις
750 3470 863 3541 (551)
896 3470 1178 3542 πόρρωθεν
1213 3471 1442 3526 ἔλαϐονέ
1486 3474 1653 3530 Οῠπω

157 3583 206 3618 ῖα
236 3565 387 3617 κατὰ
421 3563 553 3617 νοῦν
584 3566 612 3616 ὁ
645 3562 957 3635 πρεσϐύτης
984 3562 1390 3629 άνετυπὼσατο,
1421 3566 1515 3620 καὶ
1533 3570 1652 3632 ταῖς

157 3656 270 3709 νεὼ
294 3656 509 3720 πύλαις
541 3655 796 3726 θᾶττονῆ
831 3655 989 3724 λόγος
1024 3654 1376 3727 παρίσταται,
1417 3675 1436 3709 ι
1476 3654 1652 3713 Ἦλθε

158 3751 223 3802 ἐν
259 3747 346 3818 τῷ
381 3746 699 3817 Πνεύματι,
737 3745 924 3816 φησὶν,
978 3745 1035 3798 ἐν
1072 3743 1151 3815 τῷ
1180 3744 1331 3816 ἱερῷ.
1359 3764 1378 3795 ι
1413 3746 1647 3821 Τοιαύτη

1760 3202 1864 3252 nec’
1914 3196 2235 3266 conspicere
2287 3194 2474 3248 licebit
2518 3194 2673 3249 mihi.
2740 3194 2819 3247 Ac
2872 3209 2953 3247 van
2987 3193 3141 3258 mihi,
3177 3208 3341 3262 quam

1759 3291 1916 3345 triste
1962 3287 2115 3351 illud,
2141 3288 2187 3342 si
2238 3287 2304 3342 iis
2354 3288 2631 3357 privabor,
2659 3302 2893 3357 quorum
2929 3286 3139 3356 jamdiu
3173 3286 3345 3341 visio-

1758 3397 1858 3435 nes
1888 3379 2098 3449 accepi.
2165 3376 2291 3432 Haec
2325 3378 2545 3432 vixdum
2583 3392 2751 3432 senex
2786 3378 2969 3431 animo
2990 3383 3340 3445 conceperat,

1755 3482 1923 3544 atque
1955 3473 2022 3527 ad
2058 3472 2243 3542 templi
2279 3470 2425 3527 fores
2449 3472 2619 3526 citius
2646 3472 2796 3526 dicto
2825 3471 3083 3527 sistitur:
3123 3488 3143 3523 ι
3181 3468 3344 3526 Venit

1752 3567 1933 3628 enim,
1982 3564 2190 3634 inquit;
2247 3564 2302 3617 in
2339 3562 2623 3633 Spirituin
2650 3563 2933 3633 templum.
2960 3583 2977 3614 ι
3013 3562 3340 3633 Hujusmodi

1752 3664 1839 3712 est
1890 3655 2036 3711 enim
2070 3654 2248 3709 virtus
2285 3651 2545 3723 Spiritus,
2590 3660 2649 3707 ut
2678 3653 2751 3708 sit
2784 3654 2861 3707 illi
2890 3655 3146 3709 voluntas
3178 3668 3339 3723 opus,

1750 3758 1805 3806 et
1848 3764 1938 3804 res
1977 3749 2111 3819 ipsae
2163 3746 2460 3817 cogitatum
2493 3746 2926 3815 subsequantur.

157 3847 187 3916 η
260 3843 364 3897 τοῦ
420 3841 752 3914 Πνεύματος
801 3839 1050 3913 δύναμις,
1094 3840 1253 3933 ἔργον
1284 3842 1401 3914 ξτὴν
1456 3842 1711 3918 βούλησιν
1750 3847 1970 3919 ἔχουσα,
2018 3844 2114 3898 καὶ
2176 3847 2244 3916 τῇ
2319 3843 2569 3915 βουλήσει
2636 3842 3207 3917 συμπαρομαρτοῦντα
3266 3843 3341 3897 τὰ

157 3953 164 3964 ’
171 3952 358 4007 ματα.

157 4093 168 4106 .
217 4070 240 4102 ι
291 4050 419 4105 Καὶ
458 4052 523 4103 ὲν
554 4048 634 4120 τῷ
682 4049 926 4119 εἰσάγειν
963 4050 1089 4114 τοὺς
1117 4052 1296 4120 γονεῖς
1336 4051 1398 4105 τὸ
1437 4054 1649 4108 παιδίον

158 4144 254 4207 ὗν,
294 4141 405 4196 τοῦ
438 4141 683 4212 ποιῆσαι
733 4142 876 4195 κατά
918 4141 982 4194 τὺ
1014 4140 1322 4213 εἰθισμένον
1363 4142 1459 4196 τοῦ
1483 4144 1649 4215 νόμου

157 4233 374 4295 αὐτοῦ,
411 4233 524 4287 καὶ
565 4232 726 4297 αὐτὸς
753 4232 971 4297 ἐδέξατο
998 4233 1132 4286 αὐτὸ
1163 4235 1243 4298 είς
1273 4233 1375 4297 τάς
1404 4234 1652 4303 ἀγκάλας

163 4363 178 4375 .
214 4343 237 4375 ι
283 4319 468 4386 Εἶδες
492 4320 810 4391 ἀπάντησιν
840 4320 997 4393 ξένην
1027 4322 1122 4376 καὶ
1158 4322 1298 4395 ὑπὲρ
1332 4323 1648 4394 άνθρωπονς

157 4416 413 4484 ἁπάντη
423 4430 550 4478 σιν,
571 4413 671 4465 οὐκ
686 4414 750 4465 ὲκ
762 4412 1052 4484 συντυχίας
1067 4413 1231 4479 τινὸς,
1254 4414 1286 4487 ἢ
1310 4413 1650 4486 συνθήματος

157 4510 330 4581 ἔνην,
355 4510 495 4563 ἀλλ’
517 4511 591 4562 ὲκ
607 4510 981 4582 πνευματικῆς
997 4512 1278 4583 ἐνεργείας
1296 4513 1390 4566 καὶ
1405 4513 1646 4584 χάριτος;

157 4600 302 4655 »τοῦ
327 4600 650 4672 θαύματος
670 4603 683 4655 ί
706 4601 826 4654 οὐδὲ
840 4603 1036 4674 μικρόν
1058 4621 1108 4656 τι
1132 4602 1257 4656 θάτε
1267 4621 1357 4675 ρος
1385 4606 1649 4677 προέλαϐε

157 4710 231 4752 ιν,
273 4690 416 4744 ἀλλ’
461 4691 619 4762 ὁμοῦ
640 4692 871 4762 Χριστός
890 4710 949 4745 τε
968 4694 1059 4747 καὶ
1073 4692 1317 4763 Συμεὼν,
1350 4697 1377 4748 ὁ
1415 4696 1510 4766 μὲν
1530 4699 1649 4761 ταῖς

157 4788 291 4848 ταῖς·
324 4784 624 4849 ὠλέναις,
651 4787 679 4839 6
702 4784 759 4837 δὲ
789 4785 868 4856 τῷ
903 4786 1183 4855 Πνεύματι
1211 4786 1636 4857 βασταζόμενος,

212 4877 404 4948 ἱεροῦ
450 4877 610 4948 φλιᾷ
652 4877 1131 4950 παρειστήκεισαν.
1179 4877 1237 4931 '0
1274 4877 1374 4949 μὲν
1403 4873 1514 4945 οὖν,
1541 4879 1640 4950 τῆς

157 4970 258 5039 ’ἦν
331 4969 688 5032 ἀνανεύσας
727 4968 1048 5038 συγκύψεως
1067 4986 1080 4998 ·
1101 4969 1252 5023 κάτω
1280 4969 1392 5040 γάρ
1410 4965 1479 5041 ἦν
1501 4971 1641 5035 τέως

157 5076 241 5111 κον
277 5057 381 5129 τῷ
424 5059 607 5129 γήρα
637 5058 1019 5129 καμπτόμενος
1041 5075 1055 5088 ·
1089 5057 1259 5129 βραχύ
1292 5076 1345 5112 τι
1371 5057 1447 5111 τὼ
1477 5048 1639 5124 πόδε,

157 5149 453 5221 ιτηῃίαν
497 5149 699 5220 ῥίψας,
736 5150 1170 5221 ἐπιστηρίζεται,
1203 5150 1297 5203 καὶ
1328 5151 1427 5214 τὰς
1453 5153 1640 5222 χεῖρας

161 5258 225 5304 ς,
256 5239 442 5294 ,τῶν
507 5239 804 5313 μητρικῶν
848 5242 1102 5310 ἀγκαλῶν
1145 5241 1330 5295 λαόεῖν
1385 5243 1643 5313 ἐπειρᾶτο

159 5331 503 5403 νθρωπον
546 5333 774 5404 νήπιον·
819 5335 853 5405 ἡ
882 5333 941 5387 δὲ
996 5332 1191 5406 μικρὸν
1225 5333 1322 5406 μὲν
1374 5334 1637 5405 ἐπέσχεν·

157 5485 298 5541 .od.
346 5500 619 5556 xxxm,
651 5486 745 5542 21.
819 5488 868 5521 "
905 5487 1041 5545 Luc.
1079 5505 1156 5556 ιι,
1192 5488 1285 5547 2'7.

157 5664 396 5739 ςαλῆς
430 5664 627 5739 deest
657 5668 711 5722 in
736 5665 872 5739 Reg.
904 5667 959 5723 Ξ.

157 5736 321 5808 tes.
353 5736 435 5803 2,
482 5737 616 5794 τῶν
645 5736 850 5809 νοητῶν
885 5755 1022 5811 παρ.

1823 4052 1910 4108 ll.
1958 4070 1977 4104 ι
2018 4049 2087 4105 Ει
2125 4065 2249 4105 cum
2300 4048 2626 4104 inducerent
2656 4063 2886 4118 puerum
2918 4044 3106 4101 Jesum
3138 4063 3336 4119 paren-

1751 4158 1832 4204 tes
1860 4146 2003 4216 ejus,
2036 4151 2096 4200 ut
2127 4144 2373 4198 facerent
2420 4142 2723 4198 secundum
2759 4141 3214 4197 consuetudinem
3260 4142 3331 4198 le-

1748 4240 1832 4309 gis
1865 4254 1964 4309 pro
2005 4252 2112 4293 eo:
2144 4243 2198 4291 et
2232 4236 2349 4305 ipse
2385 4234 2598 4303 accepit
2624 4248 2749 4288 eum
2776 4233 2832 4287 in
2864 4233 3024 4289 ulnas
3057 4248 3187 4289 suas
3209 4233 3275 4289 “.
3310 4253 3331 4287 ι

1758 4328 2015 4385 Vidistin’
2042 4342 2334 4384 occursum
2376 4324 2702 4387 mirabilem,
2734 4340 2798 4379 ac
2825 4340 2989 4395 supra
3017 4324 3339 4381 hominem?

1752 4421 2009 4477 Vidistin’
2034 4433 2350 4481 occursum,
2389 4431 2519 4470 "non
2550 4429 2716 4470 causa
2747 4421 2842 4469 aut
2897 4415 3198 4468 constituto
3253 4413 3334 4468 fa-

1757 4521 1927 4576 ctum,
1953 4511 2047 4567 sed
2073 4528 2140 4566 ex
2175 4508 2451 4581 spirituali
2481 4508 2798 4578 operatione
2852 4514 2907 4561 et
2941 4507 3158 4578 gratia?
3190 4505 3273 4569 Et,
3304 4521 3339 4561 ο

1756 4620 1845 4659 res
1883 4603 2039 4669 mira,
2088 4617 2159 4656 ne
2189 4600 2474 4655 minimum
2510 4597 2728 4669 quidem
2762 4596 2899 4652 alter
2925 4597 3154 4652 alterum
3195 4612 3340 4667 prae-

1755 4696 2065 4766 occupavit,
2102 4693 2196 4749 sed
2230 4708 2339 4746 una
2391 4691 2643 4745 Christus
2669 4696 2723 4744 et
2762 4688 3021 4761 Symeon,
3072 4688 3338 4743 maternis

1745 4788 1837 4843 ille
1891 4787 2059 4851 ulnis,
2114 4785 2206 4840 hic
2263 4782 2472 4854 Spiritu
2510 4789 2778 4852 gestatus,
2822 4780 2889 4834 ad
2921 4780 3108 4850 templi
3150 4780 3336 4834 limina

1743 4878 1906 4933 simul
1958 4879 2248 4932 steterunt.
2308 4872 2541 4943 Symeon
2610 4879 2791 4926 autem
2839 4884 2869 4923 a
2912 4870 3181 4925 curvitate
3236 4885 3338 4924 sua

1745 4983 1949 5039 corpus
1993 4968 2250 5037 erigens:
2284 4980 2410 5019 nam
2443 4979 2556 5035 pra:
2607 4969 2894 5018 senectute
2942 4975 3172 5030 corpore
3204 4975 3335 5015 cur-

1749 5075 1851 5115 vus
1883 5074 2202 5130 pronusque
2244 5066 2384 5122 erat,
2418 5056 2632 5125 abjecto
2660 5054 2879 5114 baculo,
2915 5052 3143 5124 pedibus
3185 5053 3335 5108 brevi

1743 5155 1989 5221 tempore
2048 5150 2280 5216 nititur,
2326 5148 2681 5217 extensisque
2732 5144 3008 5208 manibus,
3066 5142 3333 5199 infantem

1743 5241 1911 5297 Deum
1945 5243 2223 5297 hominem
2263 5241 2526 5295 maternis
2573 5255 2642 5294 ex
2674 5236 2821 5292 ulnis
2862 5237 3114 5306 accipere
3161 5250 3332 5290 cona-

1740 5334 1924 5390 batur.
1979 5331 2271 5387 Paululum
2337 5331 2512 5386 Mater
2559 5328 2831 5396 cohibuit,
2884 5326 3120 5386 necdum
3183 5327 3332 5389 enim

1818 5664 1929 5736 (34)
1958 5663 2096 5736 Bes-
2120 5663 2176 5736 ἓν
2211 5660 2458 5736 βωζωγτ

1804 5732 1919 5807 (35)
1956 5732 2090 5807 Reg.
2114 5733 2172 5801 2,
2199 5732 2296 5798 τὰς
2326 5732 2602 5803 ἐκϐάσεις.
