3832 6216
439 314 544 372 987

1558 308 1618 364 S.
1660 307 2129 365 ATIIANASIUS.
2171 339 2241 349 —
2281 305 2554 364 SPURIA.

3587 305 3679 363 988

435 435 584 490 clare
638 438 861 487 noverat
902 446 1089 487 senem
1138 432 1194 486 in
1244 430 1450 503 Spiritu
1512 431 1569 485 in
1615 431 1876 502 templum
1928 428 1988 483 ad

2124 430 2184 483 ού
2233 429 2343 500 γάρ
2394 446 2482 482 πω
2520 427 2707 496 σαφῶς
2766 426 2881 499 ᾔδει
2930 426 3031 498 τὴν
3072 427 3129 479 ἐν
3162 425 3436 497 Πνεύματι
3473 427 3598 498 πρὸς
3628 427 3682 480 τὸ

433 524 671 579 venisse.
714 520 867 585 Post,
902 529 962 577 ut
996 521 1239 576 divinum
1278 521 1416 575 vidit
1448 520 1733 582 infantem,
1769 520 1825 574 in
1874 520 2018 573 ulnis

434 614 835 668 subsultantem
864 613 980 667 suis
1008 652 1024 678 ,
1077 622 1241 683 atque
1271 612 1327 666 in
1358 613 1508 668 illius
1559 613 1773 667 insilire
1820 626 2017 667 manus

432 708 876 769 contendentem,
919 706 1102 762 statim
1126 707 1408 777 cognoscit
1442 706 1550 761 vim
1601 705 1847 778 mysterii
1900 721 2018 760 ma-

430 812 646 868 nusque
686 799 985 869 porrigenti
1044 801 1162 853 seni
1209 798 1381 853 tradit
1423 798 1599 853 illum.
1648 799 1873 869 Accipe,
1902 800 2017 852 cla-

434 904 616 953 mans,
646 889 812 943 homo
838 890 1330 955 venerabilissime,
1362 905 1485 945 eum
1517 892 1610 960 qui
1641 891 1696 944 in
1726 898 1801 956 te,
1838 891 2015 960 magis

427 997 592 1051 quam
631 982 686 1036 in
739 998 824 1037 me
880 997 1201 1053 puerperam
1225 1023 1240 1046 ,
1277 983 1489 1038 insilire
1526 982 1749 1038 festinat
1781 1001 1794 1037 :
1827 985 2014 1052 accipe

428 1072 582 1125 illum
615 1072 711 1141 qui
762 1081 815 1128 te
862 1073 1034 1143 magis
1090 1088 1253 1142 quam
1304 1072 1506 1144 Joseph
1542 1074 1791 1143 expetit:
1825 1074 2012 1143 accipe

426 1163 578 1217 illum
616 1165 707 1233 qui
754 1166 1010 1219 amicitia:
1050 1173 1155 1218 tuae
1195 1181 1358 1219 suum
1396 1181 1523 1236 erga
1553 1182 1640 1221 me
1674 1166 1894 1221 Matrem
1925 1164 2010 1219 af-

425 1253 629 1308 fectum
672 1256 998 1324 posthabere
1050 1255 1268 1310 videtur
1298 1274 1312 1310 :
1348 1257 1566 1326 accipe,
1595 1270 1659 1310 ac
1688 1272 1721 1310 a
1759 1264 1813 1312 te
1862 1256 2010 1311 desi-

423 1348 611 1401 derato
652 1349 916 1402 arbitratu
963 1357 1056 1403 tuo
1102 1348 1305 1404 fruere.
1357 1347 1483 1402 Haec
1527 1348 1777 1418 Deipara,
1828 1364 1893 1403 ac
1948 1350 2007 1404 in

423 1438 574 1492 senis
604 1440 854 1495 manibus
884 1438 1057 1493 ﬁlium
1088 1440 1321 1509 reponit.
1378 1438 1517 1493 Tum
1546 1440 1635 1494 ille
1657 1479 1672 1505 ,
1704 1455 1867 1510 quam
1914 1456 2007 1495 ce-

420 1528 645 1585 lerrime
695 1532 956 1586 inclinato
1012 1532 1070 1586 in
1114 1548 1346 1602 puerum
1379 1533 1553 1597 vultu,
1607 1533 1895 1602 oculisque
1946 1533 2003 1586 in

418 1621 541 1688 ejus
574 1621 719 1676 labia
765 1623 994 1679 intentis
1028 1643 1043 1680 :
1080 1625 1167 1682 his
1195 1640 1320 1681 eum
1369 1624 1541 1681 ferme
1586 1624 1814 1680 vocibus
1850 1637 2002 1678 com-

416 1714 637 1785 pellavit
665 1734 678 1769 :

442 1990 447 1995 ·
486 1975 577 2032 12.
617 1975 751 2042 Quae
800 1984 952 2033 tanta
993 1989 1085 2035 tua
1128 1982 1246 2037 haec
1289 1997 1417 2052 erga
1457 1998 1558 2039 nos
1595 1982 1848 2040 homines
1885 1985 1998 2040 cle-

412 2069 619 2121 mentia
655 2077 709 2123 et
747 2072 1147 2140 attemperatio,
1189 2071 1455 2129 Domine?
1507 2075 1639 2142 Qua:
1676 2085 1843 2131 tantae
1894 2078 1999 2132 mi-

413 2160 711 2215 serationis
742 2171 847 2215 tua:
883 2163 1128 2219 divitiae?
1179 2163 1320 2231 Quid
1359 2175 1507 2221 tuam
1548 2168 1718 2222 movit
1755 2170 1995 2225 clemen-

410 2252 569 2316 tiam,
630 2261 690 2308 ut
728 2270 830 2311 nos
870 2256 1169 2314 vilissimos
1206 2259 1496 2314 visitares?
1554 2259 1740 2329 Ecqua
1777 2261 1993 2316 ratione

410 2343 480 2399 ad
519 2360 620 2402 nos
649 2350 823 2411 venis,
859 2363 893 2402 ο
931 2349 1167 2422 benigne
1207 2365 1273 2405 ac
1304 2351 1572 2406 bonorum
1611 2367 1825 2420 amans,
1883 2352 1992 2408 Do-

407 2439 593 2494 mine?
635 2438 719 2494 An
751 2441 1037 2496 cherubim
1078 2451 1242 2514 atque
1288 2444 1559 2515 seraphim
1608 2445 1991 2502 commovisti?

405 2529 489 2582 An
550 2530 716 2585 alium
773 2546 992 2587 omnem
1041 2534 1347 2590 caelestium
1407 2544 1661 2591 ornatum
1718 2534 1991 2592 adducis?

404 2619 546 2677 Num
601 2641 622 2676 ι
665 2625 961 2679 commotio
1024 2625 1273 2695 quaedam
1315 2626 1458 2681 facta
1495 2635 1621 2693 est,
1676 2627 1762 2682 vel
1826 2628 1988 2697 spiri-

2123 520 2268 591 ἱερὸν
2325 518 2419 573 τοῦ
2468 519 2726 590 γέροντος
2773 518 2987 587 ἄφιξιν·
3040 517 3232 572 ἔπειτα
3263 519 3330 584 δ’,
3372 518 3447 581 ὡς
3479 517 3680 571 τὸθεῖον

2120 612 2318 684 βρέφος
2334 615 2455 676 ταῖς
2484 610 2691 682 ταύτης
2718 611 2987 679 ἀγκάλαις
3019 609 3165 682 ἐώρα
3192 611 3304 682 (56)
3333 613 3680 684 περισκιρτῶν

2117 705 2211 758 καὶ
2243 705 2379 774 πρὸς
2422 703 2522 767 τὰς
2549 704 2757 757 ἐκείνου
2804 702 3062 773 παλάμας
3097 703 3514 775 παρεκπηδῆσαι
3552 704 3682 771 φιλο-

2116 795 2349 858 νεικοῦν,
2385 794 2578 849 θᾶττόν
2606 812 2665 847 τε
2689 793 2947 862 γινώσκει
2976 793 3071 847 τοῦ
3094 793 3391 864 μυστηρίου
3415 793 3513 864 τὴν
3540 794 3682 847 δύνει-

2117 901 2210 954 μιν
2228 900 2241 914 ·
2276 887 2371 938 καὶ
2401 883 2480 955 τῷ
2507 882 2785 953 πρεσϐύτῃ
2828 880 3209 953 χειραπλοῦντι
3236 882 3393 935 τοῦτο
3430 900 3678 952 προσεπι-

2109 975 2309 1029 δίδωσι·
2333 976 2513 1042 Δέξαι,
2544 974 2745 1046 βοῶσα,
2772 973 3119 1046 γεραρώτερε
3143 974 3418 1046 ἄνθρωπε,
3438 974 3529 1027 τὸν
3556 976 3681 1045 πρὸς

2111 1066 2173 1117 σὲ
2231 1065 2431 1135 μᾶλλον
2485 1064 2519 1136 ἢ
2553 1065 2689 1136 πρὸς
2726 1064 2827 1134 ἐμὲ
2861 1066 2961 1135 τὴν
2989 1064 3255 1119 τεκοῦσαν
3285 1064 3378 1118 νῦν
3406 1068 3679 1137 ἐπειγόμε-

2112 1172 2198 1208 νον
2224 1173 2236 1185 ·
2264 1155 2410 1220 δέξαι
2440 1155 2532 1208 τὸν
2561 1155 2621 1208 σὲ
2667 1154 2935 1208 ποθοῦντα
2973 1154 3172 1226 μᾶλλον
3200 1156 3234 1227 ἢ
3281 1156 3508 1226 Ἰωσήφ·
3540 1157 3677 1223 δέξαι

2107 1247 2197 1300 τὸν
2226 1247 2484 1319 δευτέραν
2505 1247 2603 1313 τῆς
2632 1246 2730 1318 σῆς
2757 1246 2938 1316 φιλίας
2952 1247 3049 1320 τὴν
3078 1247 3214 1319 πρὸς
3237 1249 3337 1319 ἐμὲ
3352 1250 3452 1320 τὴν
3480 1252 3677 1322 μητέρα

2111 1340 2366 1411 στοργὴν,
2396 1340 2472 1404 ὡς
2511 1340 2677 1405 ἔοικε,
2709 1339 3054 1411 λογιζόμενον
3074 1358 3087 1371 ·
3118 1341 3290 1405 δέξαι,
3314 1342 3431 1404 καὶ,
3460 1341 3534 1406 ὠς
3559 1341 3677 1413 βούο

2105 1430 2208 1495 λει,
2233 1431 2328 1484 τοῦ
2356 1431 2689 1503 ποθουμένου
2719 1432 3088 1486 καταπόλαυε.
3119 1432 3305 1485 Ταῦτα
3320 1427 3473 1486 εἶπεν
3502 1434 3674 1502 ήΘεο-

2104 1523 2281 1587 τόκος,
2336 1523 2429 1577 καὶ
2482 1526 2602 1587 ταῖς
2642 1522 2735 1577 τοῦ
2775 1523 3080 1595 πρεσϐύτου
3128 1523 3408 1595 παλάμαις
3443 1524 3534 1578 τὸν
3569 1526 3677 1580 υἱὸν

2103 1615 2432 1687 ἐπιτίθησιν.
2481 1616 2539 1669 '0
2573 1616 2651 1681 δὲ,
2695 1615 2793 1689 τὴν
2845 1615 2987 1687 ὄψιν,
3032 1616 3108 1680 ὡς
3144 1612 3256 1687 εἶχε
3300 1617 3486 1688 τάχος,
3512 1618 3677 1691 τούτῳ

2104 1707 2560 1778 προσεπικλίνας,
2624 1709 2719 1763 καὶ
2766 1710 2879 1773 τοῖς
2952 1707 3155 1780 χείλεσι
3200 1709 3393 1762 τούτου
3442 1727 3676 1782 προσεπο

2028 1782 2071 1838 Β
2102 1801 2319 1870 ερείσας
2342 1802 2408 1856 τὰ
2440 1801 2685 1873 ὄμματα,
2710 1799 2944 1856 τοιαῖσδέ
2974 1816 3076 1853 που
3128 1802 3333 1869 φωναῖς
3363 1799 3501 1871 πρὸς
3524 1801 3676 1855 αὐτὸν

2102 1891 2453 1962 ἀπεχρήσατο
2470 1908 2484 1922 °

2171 1983 2259 2038 12.
2279 1985 2374 2047 Τίς
2406 1986 2439 2054 ή
2459 1983 2696 2056 τοσαύτη
2729 1983 2859 2055 περὶ
2888 1984 3035 2053 ἡμᾶς
3065 1999 3159 2036 σου
3190 1982 3565 2053 φιλανθρωπία
3584 1984 3677 2037 καὶ

2098 2074 2526 2142 συγκατάϐασις,
2548 2074 2829 2139 Δέσποτα;
2859 2074 2956 2138 Τίς
2989 2074 3288 2137 ὁτοσοῡτος
3317 2073 3548 2139 πλοῦτος
3578 2075 3676 2146 τῆς

2094 2166 2496 2238 εὐσπλαγχνίας
2520 2184 2646 2232 σου;
2674 2168 2739 2220 Τί
2760 2168 2820 2221 τὸ
2845 2168 3073 2237 κινῆσαν
3096 2166 3192 2239 τὴν
3233 2167 3334 2239 σὴν
3364 2167 3676 2238 άγαθότητα

2091 2258 2218 2321 τοὺς
2251 2258 2542 2322 ταπεινοὺς
2583 2260 2731 2330 ἡμᾶς
2777 2257 3222 2328 ὲπισκέψασθαι;
3275 2258 3512 2330 Πότερον
3559 2260 3675 2324 πῶς

2090 2347 2222 2418 ἡμῖν
2238 2349 2413 2419 ἥκεις,
2440 2348 2784 2422 φιλάνθρωπε
2802 2348 2896 2403 καὶ
2925 2348 3192 2419 φιλάγαθε
3218 2349 3500 2414 Δέσποτα;
3529 2345 3677 2420 Ἀρά

2088 2450 2153 2502 γε
2200 2434 2270 2488 τὰ
2322 2437 2591 2508 χερουόὶμ
2629 2438 2723 2490 καὶ¹
2754 2436 2825 2490 τὰ
2848 2440 3091 2510 σεραφὶμ
3125 2440 3480 2510 συγκινήσας,
3509 2439 3542 2511 ἢ
3576 2440 3677 2511 τὴν

2088 2522 2306 2578 ἅπασαν
2336 2525 2445 2579 τῶν
2476 2525 2744 2598 οὐρανίων
2773 2525 2886 2598 (57)
2911 2527 3272 2599 διακόσμησιν
3301 2529 3674 2605 ὲπαγόμεγος;

2086 2611 2235 2687 τΑρά
2262 2634 2326 2686 γε
2367 2637 2385 2669 ι
2419 2619 2748 2690 συσσεισμός
2785 2637 2870 2684 τις
2919 2619 3073 2693 dmi}
3130 2621 3349 2692 πνεῦμα
3395 2623 3539 2693 μέγα
3581 2624 3676 2677 καὶ

403 2722 497 2768 tus
531 2715 755 2785 grandis
788 2723 841 2771 et
882 2715 1041 2772 fortis
1079 2717 1405 2783 subvertens
1444 2726 1661 2775 montes
1699 2729 1755 2776 et
1794 2728 1984 2777 conte-

2109 2710 2343 2783 ιραταιὸν
2371 2710 2584 2765 διαλύον
2610 2711 2712 2783 ὅρη
2761 2713 2856 2767 καὶ
2909 2713 3192 2785 συντρῖϐον
3230 2715 3460 2786 πέτρας,
3495 2715 3528 2786 ἢ
3561 2715 3676 2786 πῦρ

402 2819 533 2860 rens
569 2815 791 2875 petras;
850 2808 934 2862 vel
973 2808 1114 2878 ignis
1152 2808 1312 2865 facile
1361 2818 1679 2876 exterrens,
1719 2827 1785 2867 ac
1824 2828 1983 2869 acce-

2109 2801 2373 2871 ἰειματοῦν
2427 2802 2627 2874 ῥᾳδίως
2674 2803 2769 2858 καὶ
2816 2804 3211 2858 καταναλίσκον
3239 2806 3366 2869 τοὺς
3405 2822 3678 2877 προστυγ-

400 2896 595 2953 dentes
631 2914 1002 2966 consumens;
1043 2901 1127 2955 vel
1165 2917 1275 2956 vox
1312 2917 1460 2957 aurze
1498 2905 1681 2960 tenuis
1699 2904 1768 2969 ⁸⁸,
1803 2924 1824 2958 ι
1865 2907 1985 2976 qui-

2109 2892 2376 2963 ςάνοντας’
2410 2893 2442 2965 ἦ
2493 2893 2643 2965 φωνὴ
2681 2893 2856 2965 αὔρας
2888 2894 3115 2966 λεπτῆς,
3149 2915 3168 2949 ι
3203 2890 3283 2960 οἷς
3304 2898 3399 2950 καὶ
3443 2896 3523 2968 τῷ
3553 2898 3672 2969 (38)

398 2991 505 3047 bus
542 2999 597 3048 te
632 2991 762 3047 olim
802 2990 1076 3047 Thesbitaa
1112 2992 1447 3049 exhibuisti?
1473 2993 1852 3066 Nequaquam,
1893 2997 1982 3052 in-

2109 2983 2313 3056 l506£rn
2344 2985 2567 3037 σεαυτὸν
2585 2985 2926 3055 ἐνεφάνισας
2948 2985 3045 3053 Οὒ,
3066 2987 3248 3059 φησὶν,
3268 2983 3313 3040 ὦ
3332 2988 3495 3058 γέρον
3525 2989 3677 3058 φιλο-

398 3082 540 3152 quit,
579 3097 613 3138 o
650 3098 817 3139 senex
856 3083 1140 3152 sapientiae
1178 3084 1583 3141 studiosissime
1615 3105 1629 3142 :
1658 3102 1782 3142 cum
1821 3089 1974 3144 nulla

2109 3073 2362 3143 τοφὼτατε
2383 3092 2396 3105 ·
2430 3075 2605 3129 οὐδενὶ
2634 3075 2839 3129 τούτων
2864 3079 2991 3148 ὑμῖν
3038 3076 3429 3150 ὲμφανίζομαι.
3462 3079 3539 3132 Οὐ
3560 3080 3676 3151 γὰρ

395 3187 583 3227 rerum
622 3187 811 3228 earum
850 3174 1007 3230 vobis
1045 3190 1301 3245 appareo.
1340 3175 1417 3229 Ea
1456 3178 1601 3232 enim
1641 3193 1836 3249 capere
1881 3196 1978 3235 ne-

2109 3161 2186 3219 ἷδε
2211 3166 2384 3221 ταῦτα
2416 3171 2610 3239 χωρεῖν
2641 3170 2673 3241 ἡ
2698 3169 2858 3238 φύσις
2947 3147 3115 3242 θνητή
3147 3187 3207 3223 τε
3240 3147 3334 3223 καί
3360 3147 3671 3243 πρόσυλοςί

395 3266 517 3333 quit
552 3274 748 3319 natura
787 3268 1036 3321 mortalis
1095 3268 1544 3338 materialisque;
1598 3270 1695 3325 sed
1755 3285 1979 3327 carnem

396 3352 605 3417 ferens,
673 3354 938 3424 vobisque
1000 3356 1198 3413 similis
1242 3375 1257 3413 :
1313 3358 1519 3431 infans.
1556 3368 1617 3414 ut
1679 3360 1857 3426 vides,
1913 3376 1979 3418 ac

393 3445 667 3515 corporali
702 3453 911 3501 statura
961 3448 1139 3504 adhuc
1181 3451 1439 3519 puerulus
1490 3458 1546 3507 et
1581 3452 1973 3522 imperfectus:

393 3532 552 3606 361
573 3534 754 3591 infans
784 3537 961 3592 adhuc
986 3539 1185 3610 pannis
1209 3539 1506 3603 involutus,
1535 3549 1781 3597 materna
1798 3542 1975 3598 adhuc

395 3626 564 3681 ubera
613 3628 876 3684 ambabus
932 3631 1345 3701 apprehendens
1409 3634 1663 3690 manibus
1704 3653 1718 3690 :
1766 3634 1970 3702 infans,

391 3717 689 3773 obscurum
731 3719 939 3791 aliquid
977 3722 1247 3779 hactenus
1298 3724 1584 3794 proferens
1623 3726 1972 3783 intercisum-

389 3824 520 3877 que,
553 3811 625 3864 ob
649 3826 770 3865 eam
802 3827 965 3882 quam
1005 3830 1073 3869 ex
1123 3814 1293 3870 Maria
1333 3819 1543 3888 sumpsi
1587 3833 1808 3875 carnem
1842 3838 1856 3873 :
1884 3820 1971 3874 in-

391 3898 513 3955 fans
551 3917 711 3971 quem
751 3904 896 3961 ulnis
933 3908 1334 3977 complecteris,
1391 3912 1483 3981 qui
1524 3911 1593 3966 ad
1632 3921 1863 3969 matrem
1916 3921 1972 3970 et

304 4053 309 4057 ,
391 3990 562 4047 ubera
606 3994 865 4064 respicio.
925 3995 991 4051 Et
1040 3998 1157 4054 haec
1201 4000 1421 4071 quidem
1461 4003 1575 4073 jam
1624 4006 1844 4061 adsunt.
1901 4005 1971 4061 At

386 4082 535 4137 brevi
561 4093 749 4152 postea
777 4086 867 4140 ubi
894 4090 1072 4144 aetatis
1104 4091 1446 4146 tricesimum
1479 4093 1713 4165 attigero
1737 4111 1965 4162 annum,

388 4182 501 4226 tum
531 4173 761 4231 Joannis
792 4177 1120 4247 baptismate
1166 4182 1528 4252 baptizandus
1564 4202 1708 4251 sum,
1745 4189 1968 4244 traden-

385 4263 511 4324 dus,
545 4263 763 4318 vinctus
797 4266 863 4319 ad
897 4265 1155 4337 Caipham
1187 4271 1560 4343 adducendus,
1592 4280 1961 4350 exspuendus,

387 4352 633 4421 tutapltis
662 4355 974 4420 caedendus,
1006 4356 1380 4428 ﬂagellandus,
1407 4363 1624 4419 demum
1648 4367 1966 4439 crucifigen-

2077 3257 2214 3311 ἀλλὰ
2245 3260 2582 3332 σαρκοφόρος
2607 3277 2710 3324 τις,
2733 3262 2826 3315 καὶ
2858 3262 2986 3332 ὑμῖν
3009 3261 3419 3333 παραπλήσιος·
3451 3267 3673 3336 νήπιος,

2077 3347 2152 3412 ὡς
2181 3351 2331 3422 ὁρᾷς,
2366 3352 2461 3405 καὶ
2493 3353 2592 3423 τὴν
2627 3352 2947 3424 σωματικὴν
2983 3353 3202 3424 ἡλικίαν
3223 3353 3364 3419 τέως
3387 3355 3673 3428 βρεφοφα-

2076 3442 2172 3511 νὴς
2207 3442 2298 3495 καὶ
2325 3442 2637 3507 ἀτέλεστος·
2677 3445 2873 3516 νήπιος
2901 3444 2981 3498 ἔτι
3013 3447 3350 3519 σπαργάνοις
3382 3466 3675 3521 περισφιγο

2074 3534 2327 3604 γόμενος,
2356 3534 2438 3590 ἔτι
2463 3535 2572 3589 τῶν
2615 3536 2888 3608 μητρῴων
2930 3537 3116 3609 μαζῶν
3139 3541 3341 3610 ἀμφοῖν
3373 3541 3675 3614 περιδρασ-

2077 3626 2304 3696 σόμενος
2333 3630 2455 3681 ταῖν
2507 3631 2688 3699 χεροῖν
2709 3645 2722 3659 ·
2746 3630 2957 3700 νήπιος,
2986 3631 3200 3701 ἄσημόν
3227 3649 3281 3685 τι
3317 3632 3414 3687 καὶ
3436 3651 3672 3705 περικε-

2073 3719 2346 3788 κομμένον
2371 3718 2450 3772 ἔτι
2483 3718 2572 3773 διὰ
2596 3720 2695 3792 τὴν
2722 3721 2787 3773 ὲκ
2806 3722 3025 3790 Μαρίας
3052 3722 3231 3795 σάρκα
3256 3724 3636 3796 φθεγγόμενος
3654 3745 3670 3759 ·

2072 3811 2262 3880 νήπιος
2287 3809 2552 3879 ἀγκάλαις
2575 3812 2672 3882 μὲν
2694 3814 2813 3876 ταῖς
2840 3815 2961 3881 σαῖς
3006 3815 3380 3885 συνεχόμενος,
3418 3817 3673 3872 ἀποσκο-

2073 3902 2189 3954 πῶν
2206 3902 2263 3954 δὲ
2291 3903 2426 3974 πρὸς
2448 3904 2547 3976 τὴν
2583 3904 2794 3976 μητέρα
2822 3906 2919 3960 καὶ
2950 3906 3042 3960 τὸν
3071 3906 3264 3978 μαζόν.
3295 3909 3408 3962 Καὶ
3439 3908 3540 3964 νῦν
3564 3910 3674 3981 μὲι

2070 3994 2273 4047 ταῦτα·
2307 3996 2501 4067 μικρὸν
2531 3996 2589 4049 δὲ
2611 3996 2857 4070 ὓστερον,
2882 4000 3006 4053 ὅσον
3035 4000 3331 4070 τριάκοντα
3359 4000 3457 4071 ἐτη
3505 4019 3674 4074 περι-

2071 4085 2302 4139 σπεῦσαι
2335 4087 2446 4157 (59)
2474 4088 2685 4160 χρόνον,
2735 4090 2905 4144 καὶτὸ
2938 4091 3185 4146 Ἰωάννου
3213 4092 3671 4166 βαπτισθήσομαι

2070 4175 2371 4247 βάπτισμα,
2389 4179 2481 4231 καὶ
2496 4179 2797 4249 προδοθήσο
2803 4198 2921 4252 μαι,
2932 4182 3028 4235 καὶ
3041 4182 3232 4253 δήμιος
3247 4183 3385 4256 πρὸς
3399 4186 3671 4253 Καϊάφαν

2066 4266 2396 4338 ἀχθήσομαι,
2449 4270 2543 4322 καὶ
2581 4271 3061 4343 ὲμπτυσθήσομαι,
3104 4273 3197 4327 καὶ
3254 4274 3670 4347 κολαφισθήσο-

2069 4376 2166 4429 μαι
2201 4359 2334 4430 (40),
2376 4361 2940 4434 φραγγελωθήσομαιο
2971 4365 3123 4429 τέλος
3144 4367 3665 4440 ·σταυρωθήσομαι,

384 4443 488 4498 dus
516 4459 581 4498 ac
607 4445 793 4501 lancea
823 4447 1209 4516 perforandus,
1240 4454 1389 4509 velut
1415 4464 1667 4513 mortuus
1696 4458 1753 4513 in
1779 4462 1964 4530 sepul-

2109 4453 2158 4505 αὶ
2182 4451 2350 4535 λόγχῃ
2371 4454 2699 4525 νυγήσομαι,
2722 4457 2819 4509 καὶ
2841 4455 2998 4528 τάφῳ
3026 4460 3376 4530 νεκροφανῶς
3399 4461 3669 4530 συγκλει-

381 4548 479 4587 cro
506 4533 879 4603 deponendus,
916 4538 1175 4593 seductor
1200 4542 1499 4606 vocandus,
1522 4543 1775 4614 denique,
1799 4546 1958 4616 quid-

379 4623 511 4693 quid
539 4623 791 4679 humanae
819 4629 1098 4696 proprium
1130 4639 1342 4687 natura
1368 4633 1552 4699 fuerit,
1600 4636 1828 4703 perinde
1874 4645 1958 4692 at-

377 4729 486 4782 que
512 4728 641 4780 vos,
675 4726 870 4785 praeter
897 4728 1180 4787 peccatum
1211 4735 1510 4779 assumam.
1577 4723 1688 4780 Nec
1717 4726 1953 4793 mireris,

378 4819 516 4860 neve
551 4805 911 4877 obstupescas
940 4810 1147 4876 animo,
1184 4824 1279 4865 aut
1300 4815 1599 4883 percellare
1631 4835 1645 4870 :
1672 4816 1774 4871 hoc
1800 4833 1955 4872 nam-

2066 4544 2357 4616 σθήσομαι,
2392 4545 2485 4599 καὶ
2504 4545 2705 4610 πλάνος
2734 4547 3310 4620 ὀνομασθήσομαι,καὶ
3340 4553 3450 4605 πᾶν
3467 4552 3668 4607 ὁτιοῦν

2062 4636 2129 4690 ἂν
2145 4636 2230 4708 εἴη
2253 4637 2352 4709 τῆς
2376 4636 2722 4709 ἀνθρωπίνης
2734 4638 2864 4694 ῐδιον
2879 4638 3112 4709 φύσεως,
3132 4642 3518 4715 παραπλήσιον
3535 4644 3665 4715 (41)

2063 4728 2213 4798 ὑμῖν,
2238 4728 2340 4800 τῆς
2384 4728 2660 4799 ἁμαρτίας
2692 4732 2882 4801 χωρὶς,
2914 4732 3257 4805 ἀναδέξομαι.
3273 4735 3385 4787 Καὶ
3409 4735 3486 4807 μὴ
3513 4736 3665 4790 θαυ-

2063 4819 2266 4891 μάσῃς,
2293 4819 2429 4890 μηδὲ
2454 4820 2546 4874 τὸν
2573 4820 2697 4874 νοῦν
2717 4823 2917 4895 ὲκστῇς
2937 4825 3032 4877 καὶ
3057 4825 3418 4898 καταπλαγῇς
3435 4844 3452 4860 ο
3488 4829 3661 4883 τοῦτα

375 4912 484 4965 que
513 4899 837 4968 mysterium
887 4908 972 4956 est
1001 4916 1031 4955 a
1060 4903 1277 4959 saeculis
1306 4915 1467 4974 atque
1510 4910 1956 4976 generationibus

2109 4912 2167 4982 ltp
2188 4910 2249 4964 τὸ
2283 4913 2576 4984 μυστήριον
2609 4913 2669 4966 τὸ
2711 4914 3202 4987 ἀποκεκρυμμένον
3245 4918 3356 4972 ἀπὺ
3379 4918 3492 4973 τῶν
3514 4919 3663 4973 αἰώ-

371 4991 669 5045 occultum.
711 4990 828 5046 Hoc
859 5008 1114 5065 magnum
1146 5002 1233 5050 est
1262 4993 1441 5052 Patris
1467 5000 1753 5055 consilium
1781 5019 1797 5068 ;
1839 5002 1955 5057 haec

2109 5018 2162 5055 υν
2203 5003 2299 5055 καὶ
2335 5001 2445 5055 ἀπὸ
2472 5002 2583 5056 τῶν
2632 5004 2833 5073 γενεῶν
2857 5021 2872 5036 ο
2906 5006 3066 5060 τοῦτο
3086 5009 3120 5078 ἡ
3164 5008 3375 5080 μεγάλη
3406 5009 3505 5063 τοῦ
3528 5013 3663 5066 Πα-

370 5096 567 5152 magna
595 5083 714 5149 ejus
742 5084 1106 5153 praescientia,
1133 5085 1292 5156 cujus
1322 5102 1423 5157 ego
1474 5091 1703 5160 angelus
1739 5107 1770 5145 a
1825 5107 1955 5163 pro-

2109 5094 2182 5157 ab;
2207 5092 2316 5165 (42)
2354 5092 2516 5166 βουλή
2548 5111 2611 5148 τε
2647 5097 2743 5149 καὶ
2770 5098 2803 5167 ἡ
2829 5097 3156 5169 πρόγνωσις,
3184 5094 3254 5172 ἧς
3271 5099 3505 5168 ἄγγελος
3525 5101 3661 5170 ἐγὼ

368 5169 547 5239 pbrtis
576 5169 671 5227 Dei
697 5172 878 5228 afﬂatu
910 5173 1202 5244 praedictus
1228 5192 1350 5232 sum
1371 5177 1418 5210 ⁸⁵
1436 5221 1451 5236 .
1494 5178 1619 5235 Haec
1648 5198 1840 5253 magna
1869 5193 1955 5239 est

2109 5186 2166 5245 ιῖς
2200 5183 2483 5256 Θεηγόροις
2536 5187 2978 5259 προηγόρευμαι·
3025 5188 3183 5243 τοῦτο
3210 5169 3251 5243 *ὁ
3296 5191 3437 5263 πρὸς
3492 5192 3659 5263 ὑμᾶς

441 5323 489 5355 ⁸⁸
528 5324 592 5379 lll
629 5326 762 5398 Reg.
795 5344 908 5393 xIx,
948 5331 1034 5385 15.
1126 5330 1172 5363 ⁸⁸
1206 5330 1311 5387 lsa.
1349 5348 1426 5401 ix,
1457 5333 1529 5400 6;
1560 5333 1789 5392 Malach.
1820 5351 1904 5401 ιιι,
1938 5338 1988 5392 1.

589 5509 669 5592 Ita
698 5509 833 5592 Reg.
944 5506 1180 5592 At_Reg._
1208 5518 1261 5584 1,
1296 5520 1527 5592 ἑωρᾶτο.

470 5579 559 5649 57)
589 5579 722 5649 Reg.
755 5579 809 5643 2'.
845 5584 953 5638 τῶν
975 5579 1242 5649 οὐρανῶν.

602 5647 733 5724 [ως.
758 5652 814 5724 2,
846 5656 940 5707 καὶ
967 5647 1073 5724 πρδ
1099 5657 1308 5714 τούτου.

455 5717 567 5791 (39)
601 5717 735 5792 Reg.
770 5722 829 5783 ἓ.
858 5717 1235 5783 περιπτώσαι.

2269 5529 2402 5609 ἷξες.
2429 5532 2487 5609 ἓ,
2515 5535 2609 5587 καὶ
2643 5536 3072 5609 ῥαπισθήσομαι.

2127 5599 2239 5678 (1‘!)
2271 5599 2407 5678 βεδε.
2436 5602 2493 5678 ἓν
2534 5599 2951 5678 πειρᾳπλησίῲςο

2124 5668 2234 5753 (φ)
2269 5668 2399 5753 Reg.
2434 5674 2490 5733 2,
2518 5668 2802 5731 105'8206'.
2833 5668 2957 5734 Mox
2990 5679 3153 5749 idem,
3188 5683 3303 5746 τοῖς
3342 5680 3655 5753 θεηγόροις

2054 5741 2558 5815 προϋπηγόρευμαι.
