3832 6216
156 329 227 383 389
1059 325 1344 382 HOMELIA
1384 326 1451 381 IN
1487 325 1863 385 OCCUllSUM
1899 326 2154 384 DOMINI.

3156 328 3263 383 990

155 442 439 509 ιῖκτος,καὶτδ
471 442 533 515 μὴ
546 441 822 514 βούλεσθαι
853 441 1069 513 βλέπειν
1096 442 1196 513 τὴν
1230 442 1369 513 ἐμὴν
1396 442 1579 496 εἰκόνα
1608 450 1651 505 Α

1685 458 1809 514 erga
1864 459 1961 498 vos
2010 440 2409 505 misericordia,
2467 441 2616 511 quod
2668 440 2837 495 nolim
2895 455 3069 495 meam
3121 442 3260 494 inia—

155 533 281 597 ῖεινῶς
299 534 738 606 ἀνδραποδιζομένην
768 537 879 598 τοῖς
904 534 1155 605 δαίμοσι·
1191 535 1253 588 τὸ
1285 535 1359 606 μὴ
1388 536 1576 606 φέρειν

156 627 236 697 ηρᾷν
258 625 325 678 τὸν
361 624 528 695 βασιλέα
552 625 644 697 τῆς
674 626 904 690 κτίσεως
945 626 1131 691 κακῶς
1150 629 1217 698 τῇ
1254 627 1427 680 κτίσει
1457 627 1577 680 δου-

157 717 305 770 εύοντα
321 733 332 746 ·
356 717 402 769 τὸ
429 717 486 788 μὴ
501 719 765 789 καρτερεῖν
792 717 1016 789 θεωρεῖν
1041 719 1131 773 τὸν
1147 719 1459 790 ἀποστάτην
1485 719 1579 773 καὶ

158 807 397 876 περήφανον
455 803 529 856 τοῦ
583 804 718 875 ἐμοῦ
782 806 1066 877 σφαλερῶς
1113 807 1579 877 κατεπαιρόμενον

156 899 390 967 λάσματος.
433 895 583 949 Ταῦτά
625 912 693 967 με
723 895 831 949 τῶν
868 895 1148 966 πατρικῶν
1178 898 1580 967 ἀνεκφοιτήτως

155 989 378 1060 ξανέοτησε
423 988 619 1053 κόλπων,
685 986 781 1040 καὶ
831 986 907 1052 ὡς
947 989 1093 1057 ὑμᾶς
1127 986 1224 1057 τὴν
1256 986 1342 1040 διὰ
1378 988 1580 1058 σαρκὸς

156 1082 297 1155 ορείαν
329 1081 589 1150 ποιήσασθαι
616 1078 884 1151 πεποίηκε
904 1096 917 1109 ·
946 1078 1119 1132 ταῦτά
1158 1094 1223 1148 με
1257 1079 1580 1149 γεννηθῆναι

155 1177 186 1226 tl
206 1174 432 1243 νηπιὰσαι,
452 1174 528 1227 καὶ
543 1172 614 1243 τῷ
641 1169 770 1242 ἱερῴ
794 1171 1160 1242 παραστῆναι,
1193 1172 1285 1225 καὶ
1309 1174 1429 1233 ταῖς
1462 1173 1581 1233 σαῖς

155 1265 322 1329 ’κοίλαις
343 1264 647 1334 ἀνακλιθῆναι
685 1263 1005 1331 πεποίηκεν.
1047 1264 1121 1314 Οὐ
1145 1262 1253 1332 γὰρ
1303 1258 1370 1334 ἦν
1405 1260 1580 1325 άλλως

155 1379 178 1411 ν
194 1359 405 1430 τύραννον
421 1357 767 1430 δεσμευθῆναι,
798 1361 891 1411 κα)⁸
916 1358 983 1410 τὰ
1022 1355 1210 1410 τούτου
1239 1355 1410 1425 σκεύη
1430 1355 1582 1425 διαρ-

155 1449 346 1519 ισθῆναι,
388 1450 428 1501 εἰ
473 1449 534 1520 μὴ
566 1447 955 1520 παραπλησίως
996 1448 1123 1517 ὑμῖν
1171 1447 1271 1516 τῆς
1306 1447 1581 1517 ἁμαρτίας

155 1544 238 1613 ιρὶς
264 1541 524 1612 κοινωνήσω
554 1541 648 1611 τῆς
688 1539 1135 1611 ἀνθρωπεὴητοςθ
1170 1540 1270 1592 οὐκ
1296 1534 1363 1609 ἦν
1407 1538 1580 1603 ἄλλως

161 1655 184 1687 ν
220 1634 512 1688 πολυπλόκων
535 1632 624 1686 τοῦ
657 1632 783 1705 ᾂδοῦ
816 1632 1036 1705 ἀρκύων
1063 1631 1151 1684 τὸν
1184 1630 1356 1701 Ἀδὰμ
1376 1629 1579 1700 ἀναθῆ-

155 1748 177 1789 μ,
209 1728 287 1779 καὶ
314 1726 398 1796 τὴν
435 1724 635 1796 πρώτην
681 1726 1012 1778 κατάστασιν
1048 1722 1444 1794 ἀπολήψεσθαι,
1486 1722 1580 1775 ml.

162 1816 265 1869 ὅλον
300 1816 412 1868 Θεὸν
435 1815 600 1869 τοῦτον
640 1815 915 1883 γενέσθαι,
959 1816 1008 1868 εί
1042 1814 1115 1885 μὴ
1139 1813 1248 1881 ἐγὼ
1295 1812 1582 1883 ἄνθρωπος
1618 1802 1660 1856 Β

155 1922 307 1975 νωμαι,
335 1904 521 1976 καὶτῆς
548 1904 712 1975 αὐτῆς
743 1904 892 1975 αὐτῷ
925 1905 1237 1973 κοινωνήσω
1274 1902 1368 1955 καὶ
1398 1902 1584 1965 οὐσίας

181 1996 386 2067 φύσεως.

160 2090 208 2143 3.
246 2088 415 2142 Τοίνυν
444 2086 531 2151 τὰς
571 2087 670 2157 τῆς
701 2086 1164 2159 ὲνανθρωπήσεως
1197 2103 1298 2156 της
1325 2086 1467 2156 ἐμῆς
1500 2082 1584 2138 αἰ-

155 2197 170 2242 ;
202 2178 391 2249 μαθὼν,
423 2179 565 2233 ἄπιθι
585 2196 597 2209 ο
630 2179 725 2232 καὶ
759 2178 1098 2248 σκυθρωπῶς
1127 2181 1184 2231 ὲν
1214 2164 1328 2242 τοῖς
1354 2180 1431 2241 είς
1457 2177 1584 2249 ᾅδου

160 2270 322 2340 Ἀδὰμ
367 2270 681 2342 διατρίϐοντι.
717 2269 1138 2342 φαιδροπρεπῶς
1184 2269 1580 2341 ὲμιρανίσθητι’

164 2363 274 2415 ἀντὶ
296 2362 398 2416 τῶν
421 2363 474 2415 ὲν
502 2361 695 2426 λύπαις
723 2361 928 2414 ὠδίνων
958 2361 1026 2414 τὰ
1049 2361 1150 2431 τῆς
1175 2363 1349 2432 χαρᾶς
1376 2364 1442 2432 τῇ
1471 2360 1585 2433 Εὕα

156 2456 337 2524 ;όμισον
373 2453 685 2522 εὐαγγέλια·
747 2452 932 2518 Ἥκει,
980 2452 1174 2522 λέγων,
1216 2452 1583 2525 ὴλύτρωσις·

178 2547 204 2597 ὁ
230 2545 418 2615 ρύστης
446 2561 457 2575 ’
501 2544 621 2614 ἥκει
650 2543 685 2615 ἡ
714 2541 907 2612 ἄφεσις
931 2561 943 2573 ·
971 2544 1096 2614 ἥκει
1131 2547 1160 2597 ὁ
1194 2543 1580 2615 ἐλευθερωτής.

158 2635 231 2687 ἐτι
262 2634 457 2706 θρήνει,
489 2633 643 2703 φύσις
691 2635 719 2704 ἡ
751 2632 1098 2704 ἀνθρωπεία·
1130 2631 1251 2703 ῆξει
1282 2632 1391 2702 γὰρ
1427 2633 1457 2684 ὁ
1487 2633 1585 2684 άν-

155 2725 365 2796 ,ιὸμενος
405 2724 572 2796 ὑμῶν,
604 2721 723 2795 ἡξει
747 2724 841 2777 καὶ
871 2724 933 2777 ού
975 2726 1197 2795 χρονιεῖ.
1234 2722 1449 2776 Τούτων
1475 2723 1587 2775 τοί-

155 2817 246 2869 τῶν
274 2816 425 2870 θείων
452 2814 639 2885 φωνῶν
668 2813 809 2868 κατὰ
855 2814 919 2868 τὸ
960 2814 1147 2887 νοερὸν
1183 2809 1276 2879 οὖς
1324 2817 1354 2869 ὁ
1397 2814 1587 2885 Ἀϐρα-

155 2926 195 2971 ig
222 2909 426 2970 ἐκεῖνος
452 2903 690 2968 ἀκούσας
716 2904 1046 2977 πρεσϐύτης,
1072 2905 1168 2958 τοῦ
1189 2907 1375 2976 γήρως
1396 2903 1584 2974 ὥσπερ

155 2996 231 3066 λθῃ
273 2995 578 3064 γενόμενος,
614 2992 808 3047 θᾶττον
853 2992 1100 3066 ἀνέθορε,
1135 2993 1232 3047 καὶ
1279 2991 1585 3066 προθυμίας

155 3086 435 3158 πλησθεὶς,
455 3085 804 3159 γεγωνοτάτῃ
834 3087 1006 3157 φωνῇ·
1033 3104 1051 3136 ι
1073 3083 1370 3155 Ἰσχύσατε,
1396 3078 1580 3156 φησὶν,

160 3180 277 3231 ἐναι
321 3181 523 3250 χεῖρες,
572 3177 857 3249 ἰσχύσατε·
892 3177 1097 3245 γόνατα
1134 3177 1577 3248 παραλελυμὲνα,

158 3268 341 3339 ώθητε
361 3286 374 3299 ’
417 3287 438 3320 ο
470 3269 680 3340 κνῆμαι
710 3269 1187 3339 συντετριμμέναι,
1218 3268 1577 3341 κρατυνθῆτε,

155 3362 230 3431 ὴν
271 3362 354 3423 είς
393 3359 527 3430 ᾅδου
567 3359 794 3431 πορείαν
831 3358 1135 3424 εὐθυὸόλως
1166 3360 1454 3424 ἀνύσασαι,
1485 3377 1584 3432 τη-

155 3469 248 3504 ῖων
289 3449 522 3518 ἀγαθῶν
551 3449 773 3519 ἄγγελοι
816 3450 1193 3522 χρηματίοητε
1236 3454 1350 3514 τοῖς
1382 3451 1583 3521 προγό-

155 3539 260 3596 Εἷθ’
296 3543 377 3605 ὡς
404 3537 524 3611 εἶχε
551 3541 750 3611 τάχους
778 3541 913 3615 πρὸς
939 3541 999 3594 τὸ
1039 3540 1180 3595 θεῖον
1228 3542 1582 3614 ἐπιστραφεὶς

155 3651 194 3697 ς’
215 3653 235 3686 ι
263 3631 383 3687 Νῦν
403 3631 690 3697 ἀπολύεις,
709 3632 834 3704 ἔφη,
858 3632 950 3686 τὸν
971 3632 1154 3686 δοῦλόν
1181 3650 1296 3698 σου,
1314 3635 1579 3699 Δέσποτα,

155 3727 197 3779 τὸ
228 3726 396 3798 ῥῆμά
441 3741 542 3777 σου
574 3727 634 3778 ὲν
677 3726 902 3797 εἰρήνῃ·
932 3726 1014 3779 ὅτι
1054 3721 1193 3779 εἶδον
1219 3728 1267 3778 οἱ
1306 3726 1575 3798 ὀφθαλμοί

196 3817 489 3889 σωτήριόν
538 3833 634 3870 σου
657 3832 671 3847 ·
708 3816 737 3869 ὃ
768 3815 1070 3887 ἡτοίμασας
1101 3817 1243 3871 κατὰ
1291 3819 1581 3890 πρόσωπον

155 3929 175 3961 ν
206 3909 329 3961 τῶν
360 3907 525 3962 λαῶν
548 3926 564 3939 ·
608 3906 724 3977 φῶς
760 3909 840 3971 είς
882 3908 1225 3978 ἀποκάλυψιν
1268 3909 1459 3974 ἐθνῶν,
1485 3910 1580 3964 καὶ

155 4000 258 4052 τοῦ
317 3998 465 4052 λαοῦ
525 4015 623 4051 σου
680 3997 912 4071 Ἰσραήλ.
955 4017 976 4051 ι
1017 4000 1082 4052 Ὢ
1123 4001 1222 4072 τῆς
1251 3999 1491 4065 ζέσεωςί
1534 3999 1581 4054 ὣ

156 4089 511 4164 ηρμότητοςι
587 4089 805 4161 Ἐπειδή
854 4105 959 4157 σοι,
997 4090 1183 4161 φησὶν,
1218 4085 1263 4145 ὦ
1312 4092 1578 4158 Δέσποτα,

155 4182 335 4248 ἔδοξε,
380 4182 490 4235 καὶ
538 4179 761 4251 ἐλεῆσαι
786 4180 849 4234 τὸ
889 4180 982 4234 σὺν
1015 4183 1120 4235 ὑπὸ
1150 4184 1247 4254 τῆς
1278 4183 1413 4247 ἰδίας
1458 4183 1580 4254 φιλ-

155 4275 268 4336 τίας
300 4273 626 4344 κεκίνησαι
654 4271 895 4341 πλάσμα,
920 4270 1035 4341 ἐγώ
1081 4291 1139 4326 τε
1162 4274 1288 4346 περὶ
1309 4274 1408 4338 τὰς
1432 4276 1583 4330 ἐλπί-

189 4361 514 4432 ὲψεύσθην
553 4362 692 4433 (45),
720 4363 814 4415 καὶ
838 4364 868 4416 ὁ
889 4362 984 4415 τοῦ
1014 4362 1159 4416 θείου
1201 4367 1581 4437 χρηματισμὸς

156 4470 267 4516 τος
305 4453 816 4526 ἀπαραχάρακτος
847 4450 1061 4524 ἔμεινεν
1080 4467 1094 4482 ⁸
1122 4455 1390 4509 ἀπόλυσόν
1424 4474 1491 4528 με
1523 4457 1582 4511 τὸ
1613 4493 1658 4549 D

155 4543 510 4609 ἀπόλυσον,
549 4544 763 4614 δέομαι.
793 4543 885 4615 Μή
918 4561 985 4616 με
1024 4545 1262 4618 κατέχῃς
1291 4547 1382 4600 ἐπὶ
1420 4547 1578 4614 πολὺ,

155 4653 162 4687 :
188 4649 207 4664 ο
254 4636 346 4706 μὴ
407 4634 686 4706 βραδύνω
713 4633 887 4689 ταῦτα
912 4639 1026 4700 τοῖς
1048 4637 1342 4709 γενάρχαις
1374 4641 1578 4694 ἀποκο-

155 4748 159 4778 ;
200 4728 539 4799 χαροποιὰ
565 4726 891 4797 εὐαγγέλιαο
913 4728 988 4800 μὴ
1017 4730 1265 4804 προλάθῃ
1297 4731 1367 4785 τὰ
1405 4732 1577 4806 βρέφη
1652 4728 1664 4738 ’

155 4836 336 4883 τοτα,
377 4819 423 4873 ἃ
449 4819 560 4873 διὰ
589 4820 650 4873 σὲ
678 4818 772 4873 τὸν
812 4817 951 4892 πρὸς
997 4819 1236 4892 Ἡρώδου
1276 4822 1434 4891 φόνον
1477 4824 1580 4879 ὑπ-

155 4911 387 4982 δῐήπιά
440 4914 572 4965 εἰσι
601 4911 697 4966 καὶ
722 4910 898 4982 γοργά
932 4913 1027 4966 καὶ
1055 4912 1314 4985 εὐκίνητοι
1338 4928 1355 4944 ·
1383 4913 1495 4983 ἐγὼ
1519 4914 1577 4968 δὲ

155 5003 209 5055 εὶ
271 5001 540 5073 βραδὺς
576 5002 674 5057 καὶ
704 5002 1054 5074 δυσκίνητος·
1100 5006 1195 5059 καὶ
1221 5004 1435 5059 δέδοικα
1466 5008 1574 5079 μή-

155 5091 405 5163 ύτερον
436 5093 848 5165 προδραμόντα
883 5112 983 5164 μου
1017 5095 1285 5165 μεγίστων
1314 5095 1453 5152 οὕτω
1484 5101 1579 5153 καὶ

155 5201 161 5223 ι
219 5183 520 5252 ἀγαθῶν
565 5185 786 5254 ἄγγελοι
829 5188 943 5250 τοῖς
985 5187 1081 5241 τοῦ
1125 5188 1318 5256 γένους
1360 5191 1577 5261 προπά-

155 5293 403 5330 ιωνται
469 5275 628 5347 (44).
665 5275 823 5330 Οὕτω
857 5277 958 5349 μὲν
1003 5274 1098 5333 οὗν
1138 5280 1168 5333 ὁ
1215 5278 1357 5343 θεῖος
1409 5279 1579 5344 ὅντως

155 5368 180 5419 ἱ
218 5369 357 5438 τῆς
411 5367 690 5439 Χριστοῦ
723 5370 1029 5440 παρουσίας
1052 5371 1370 5444 διαπρύσιος
1402 5373 1577 5444 κῆρυξ

155 5461 356 5530 εγει-δας,
401 5460 608 5516 τοῦτο
637 5462 746 5534 γὰρ
773 5462 834 5516 τὸ
859 5462 950 5516 τὸν
981 5446 1113 5517 Θεὸν
1154 5464 1445 5535 εὐλογῆσαι
1486 5467 1579 5537 δη-

156 5616 290 5671 Isa.
342 5633 576 5679 xxxv,
617 5618 669 5672 5.
747 5618 792 5650 ⁸⁷
831 5618 964 5673 Luc.
1001 5634 1074 5686 ll,
1109 5619 1198 5677 29.

155 5785 249 5839 με.
284 5770 368 5838 2,
408 5774 494 5826 οὐ
529 5772 882 5846 διεψεύσθην.

1682 538 1862 608 ginem
1896 536 2217 608 conspicere
2261 536 2648 591 miserabiliter
2688 550 2719 588 a
2767 535 3107 591 daemonibus
3141 537 3262 589 vin-

1683 638 1826 684 ctam
1856 648 1869 684 :
1899 629 2044 700 quod
2083 644 2191 684 non
2224 628 2392 683 feram
2422 625 2622 698 Regem
2651 636 2914 682 creatura:
2947 626 3265 697 conspicere

1684 722 1789 792 ipsi
1834 729 2101 776 creaturae
2130 721 2328 777 misere
2373 724 2700 776 servientem
2728 739 2740 772 :
2771 719 2915 789 quod
2954 734 3061 772 non
3095 719 3268 773 sustio

1683 828 1841 868 neam
1873 819 2175 883 apostatam
2213 812 2365 866 illum
2387 818 2550 880 atque
2579 811 2873 879 superbum
2910 825 3132 865 cernere
3166 809 3265 864 ad-

1684 920 1879 960 versus
1907 904 2185 973 opiﬁcium
2216 918 2398 958 meum
2439 901 2667 957 subdole
2695 901 3089 971 insurgentem.
3138 899 3263 953 llaec

1686 1012 1774 1053 me
1809 1013 1877 1053 ex
1913 1005 2142 1067 paterno
2180 996 2305 1052 sinu
2338 996 2668 1057 excitarunt,
2702 993 2826 1048 licet
2859 993 2985 1047 inde
3036 993 3260 1046 minime

1685 1090 2054 1153 discesserim,
2103 1100 2265 1159 atque
2294 1104 2475 1144 meum
2527 1087 2595 1141 ad
2646 1102 2745 1142 vos
2783 1087 2839 1141 in
2879 1100 3051 1141 carne
3078 1084 3265 1156 profe-

1685 1189 1833 1237 ctum
1859 1181 2172 1239 effecerunt.
2206 1180 2334 1235 Haec
2371 1180 2424 1234 in
2456 1195 2621 1235 causa
2640 1181 2880 1241 fuerunt,
2911 1177 3054 1248 quod
3078 1186 3260 1237 natus,

1687 1273 1869 1328 infans
1916 1272 2124 1338 ﬁerem,
2173 1273 2230 1349 ip
2263 1273 2465 1342 templo
2496 1273 2745 1336 sisteret,
2779 1270 2996 1341 tuisque
3027 1271 3080 1324 in
3117 1269 3265 1325 ulnis

1687 1364 2005 1419 reclinarer.
2035 1361 2155 1418 Non
2179 1364 2324 1418 enim
2358 1364 2495 1419 alias
2536 1363 2650 1419 ﬁeri
2688 1364 2864 1435 potuit
2895 1374 2954 1418 ut
2992 1370 3265 1435 tyrannus

1689 1457 2063 1528 colligaretur,
2096 1463 2266 1525 utque
2308 1470 2439 1511 vasa
2488 1456 2638 1510 illius
2686 1455 3095 1526 diriperentur;
3153 1454 3266 1509 nisi

1686 1549 1805 1618 pari
1844 1555 2008 1617 atque
2050 1562 2150 1601 vos
2173 1545 2405 1610 ratione,
2463 1554 2691 1615 excepto
2730 1554 2973 1615 peccato,
3016 1545 3268 1599 humanae

1686 1647 1896 1694 natura:
1931 1641 2207 1710 particeps
2238 1638 2442 1693 ﬁerem.
2483 1637 2602 1694 Non
2633 1646 2845 1709 poterat
2889 1637 3046 1692 aliter
3093 1636 3267 1689 Adam

1692 1731 1991 1803 implicatis
2022 1730 2221 1786 inferni
2249 1731 2461 1802 laqueis
2502 1731 2661 1797 solvi,
2708 1738 2870 1801 atque
2911 1730 3148 1800 priorem
3178 1745 3267 1784 re-

1687 1839 1910 1879 sumere
1948 1823 2341 1887 conditionem,
2384 1837 2449 1877 ac
2502 1823 2724 1877 demum
2761 1819 2906 1876 efﬁci
2939 1820 3104 1886 Deus,
3156 1820 3262 1875 nisi

1685 1916 1846 1971 homo
1873 1931 1974 1986 ego
2012 1915 2218 1979 ﬁerem,
2268 1922 2431 1986 atque
2463 1914 2651 1969 eadem
2704 1928 2811 1985 qua
2843 1912 2932 1969 ille
2959 1912 3264 1969 substantia

1685 2017 1849 2078 atque
1879 2017 2075 2062 natura
2110 2007 2383 2078 particeps
2410 2005 2604 2061 forem.

1758 2101 1844 2158 15.
1876 2100 2007 2156 Meae
2034 2101 2217 2170 itaque
2244 2099 2636 2154 incarnationis
2662 2112 2862 2154 causas
2892 2097 3121 2153 edoctus
3167 2097 3267 2153 ab-

1687 2190 1847 2246 scede
1890 2210 1904 2245 :
1953 2205 2018 2245 ac
2060 2190 2271 2244 Adamo
2312 2204 2435 2243 cum
2462 2188 2685 2244 tristitia
2717 2188 2772 2242 in
2800 2185 3019 2242 inferno
3061 2187 3265 2257 degen-

1684 2285 1725 2338 ti
1768 2299 1892 2338 cum
1915 2283 2189 2337 hilaritate
2225 2296 2291 2337 ac
2324 2281 2508 2336 laetitia
2537 2289 2592 2336 te
2628 2280 2780 2336 siste.
2815 2278 2940 2334 Eva:
2976 2280 3103 2333 item
3151 2294 3255 2348 pro

1687 2378 1879 2441 partus
1906 2370 2190 2426 doloribus
2232 2368 2411 2425 fausta
2446 2370 2678 2438 laetaque
2709 2367 2863 2423 defer
2888 2369 3100 2423 nuntia.
3152 2366 3264 2424 Ve-

1684 2465 1785 2528 nit,
1822 2464 1995 2529 aiens,
2024 2461 2347 2532 redemptio,
2375 2463 2525 2516 venit
2558 2460 2892 2531 Redemptor
2913 2499 2929 2525 ,
2982 2461 3132 2515 venit
3175 2476 3263 2516 re--

1685 2555 1896 2619 missio,
1926 2555 2077 2610 venit
2104 2555 2369 2609 liberator
2401 2571 2415 2608 :
2451 2570 2520 2609 ne
2548 2553 2693 2608 ultra
2726 2553 2913 2624 lugeas
2933 2595 2947 2620 ,
2982 2568 3016 2607 o
3067 2552 3265 2607 buma-

1685 2662 1814 2701 num
1840 2661 2051 2716 genus;
2091 2647 2273 2702 veniet
2301 2646 2446 2701 enim
2475 2646 2569 2717 qui
2602 2660 2760 2715 opem
2795 2644 2958 2707 ferat,
2992 2645 3173 2700 veniet
3210 2652 3266 2700 et

1685 2749 1793 2787 non
1835 2732 2091 2788 tardabit.
2124 2731 2336 2789 Divinis
2374 2733 2528 2788 hisce
2559 2733 2787 2788 vocibus
2830 2734 3103 2804 spirituali
3133 2749 3266 2789 aure

1686 2822 1889 2877 auditis
1935 2821 2333 2879 Abrahamicus
2389 2822 2480 2877 ille
2534 2838 2724 2885 senex.
2756 2824 3058 2879 senectutis
3101 2824 3265 2894 quasi

1686 2913 1888 2969 oblitus
1907 2953 1923 2977 ,
1960 2913 2107 2969 illico
2134 2914 2357 2970 exsiliit.
2407 2910 2778 2985 Repletusque
2807 2914 3089 2970 alacritate
3115 2930 3262 2985 prte-

1687 3005 1795 3060 alta
1826 3020 1960 3061 voce
2010 3005 2126 3062 haec
2155 3006 2372 3062 locutus
2398 3013 2484 3062 est
2509 3024 2522 3061 :
2565 3025 2584 3057 ι
2614 3005 3036 3072 Confortamini,
3069 3022 3267 3062 manus

1686 3096 2006 3161 dissolutae,
2074 3096 2457 3153 confortamini
2491 3117 2505 3153 :
2554 3113 2729 3169 genua
2784 3098 3077 3163 dissoluta,
3102 3099 3268 3170 erigi-

1689 3187 1822 3241 mini
1849 3187 1942 3243 “z
1985 3208 2005 3241 ι
2053 3187 2202 3243 tibia:
2260 3189 2544 3257 contritae,
2593 3190 2972 3258 roboramini;
3013 3198 3073 3244 ut
3110 3199 3265 3246 recto

1685 3293 1853 3335 cursu
1882 3279 1985 3335 iter
2012 3280 2067 3334 in
2095 3278 2371 3334 infernum
2416 3295 2653 3337 emensa)
2675 3323 2690 3345 ,
2732 3288 3009 3336 tantorum
3060 3284 3267 3337 nuntia:

1684 3372 1955 3428 bonorum
1984 3372 2427 3443 progenitoribus
2474 3372 2616 3429 sitis.
2657 3371 2797 3427 Tum
2825 3413 2842 3439 ,
2880 3389 3045 3444 quam
3099 3374 3268 3430 citius

1687 3465 1864 3536 potuit
1897 3464 1965 3519 ad
2005 3463 2248 3519 divinum
2279 3479 2578 3520 conversus
2599 3464 2863 3520 Infantem
2891 3484 2905 3521 :
2942 3485 2962 3517 ι
3000 3464 3157 3521 Nunc
3186 3465 3267 3520 di-

1685 3557 1879 3623 mittis,
1914 3556 2110 3627 inquit,
2141 3571 2358 3611 servum
2393 3562 2585 3621 tuum,
2642 3556 2908 3624 Domine,
2962 3557 3265 3612 secundum

1684 3648 1910 3704 verbum
1942 3654 2098 3702 tuum
2132 3648 2188 3702 in
2222 3662 2356 3717 pace
2389 3666 2402 3703 :
2433 3649 2562 3718 quia
2587 3648 2844 3703 viderunt
2875 3648 3019 3704 oculi
3054 3649 3158 3704 mei
3183 3664 3265 3704 sa-

1685 3740 1862 3794 lutare
1887 3747 2089 3798 tuum:
2143 3739 2291 3810 quod
2325 3739 2531 3812 parasti
2589 3747 2715 3795 ante
2765 3738 2959 3795 faciem
3016 3739 3263 3795 omnium

1685 3833 2051 3903 populorum:
2107 3832 2293 3888 lumen
2357 3833 2424 3887 ad
2484 3833 2875 3889 revelationem
2925 3832 3170 3903 gentium
3210 3842 3266 3888 et

1684 3923 1914 3995 gloriam
1945 3925 2119 3996 plebis
2169 3931 2277 3980 tuae
2305 3924 2473 3980 Israel
2509 3926 2576 3980 ⁸⁷.
2617 3945 2637 3979 ›
2670 3922 2716 3981 Ο
2766 3924 3068 3982 fervorem!
3111 3940 3144 3981 o
3173 3940 3265 3981 ar-

1684 4018 1899 4074 dentem
1937 4018 2216 4072 animum!
2272 4018 2747 4088 Quandoquidem,
2779 4015 3029 4082 Domine,
3065 4018 3140 4071 ita
3168 4018 3264 4073 ἀε-

1683 4107 1937 4173 crevisti,
1988 4119 2152 4178 atque
2212 4108 2549 4179 benignitate
2588 4116 2870 4179 permotus
2921 4123 3060 4177 opus
3107 4115 3262 4163 tuum
3358 4122 3366 4131 '

1685 4197 1965 4252 miseraris
1995 4215 2009 4251 :
2041 4212 2217 4267 neque
2246 4212 2347 4268 ego
2381 4213 2476 4268 spe
2509 4197 2698 4268 lapsus
2728 4212 2849 4254 sum
2898 4213 3038 4263 mea,
3081 4213 3146 4252 ac
3181 4198 3267 4253 diu

1682 4286 1794 4341 vini
1819 4285 2058 4356 Spiritus
2088 4288 2373 4341 oraculum
2418 4287 2735 4343 inviolabile
2771 4288 3004 4344 mansit:
3050 4289 3264 4346 dimitte

1685 4390 1772 4429 me.
1803 4378 2230 4447 quamprimum,
2263 4376 2498 4440 dimitte,
2527 4392 2747 4448 quaeso;
2803 4393 2871 4433 ne
2917 4393 3003 4433 me
3055 4379 3264 4437 diutius

1684 4465 1931 4522 detineas
1956 4487 1968 4522 :
1997 4483 2063 4522 ne
2093 4469 2300 4523 tardem
2330 4469 2525 4538 primis
2553 4470 2876 4540 parentibus
2912 4472 3034 4526 laeta
3069 4471 3265 4528 aﬁ‘erre

1685 4560 1878 4615 nuntia
1905 4580 1917 4616 :
1954 4576 2024 4616 ne
2055 4577 2162 4627 me,
2192 4559 2438 4630 Domine,
2470 4561 2710 4620 infantes
2758 4568 3096 4632 praeveniant
3117 4608 3132 4633 ,
3167 4568 3263 4637 qui

1683 4661 1910 4724 pr0pter
1957 4661 2011 4709 te
2053 4655 2122 4709 ab
2155 4653 2368 4711 Herode
2400 4656 2568 4711 occisi
2604 4665 2734 4712 sunt
2766 4675 2780 4712 :
2814 4659 2967 4727 pueri
2997 4666 3164 4721 sunt,
3196 4670 3267 4713 ac

1681 4745 1855 4814 vegeti
1879 4745 2190 4815 agilesque;
2219 4754 2275 4800 at
2297 4761 2399 4817 ego
2422 4762 2613 4815 senex;
2645 4748 2857 4813 tardus,
2890 4764 2955 4803 ac
2981 4764 3124 4820 aegre
3144 4764 3268 4803 mo-t

1680 4837 1845 4894 bilis:
1882 4854 2182 4910 vereorque
2226 4855 2296 4895 ne
2332 4840 2442 4895 cito
2473 4854 2639 4895 cursu
2686 4848 3109 4909 praecurrentes,
3142 4854 3259 4893 ma-

1680 4928 1952 4982 timorum
1983 4929 2483 4998 praeclarorumque
2530 4928 2801 4983 bonorum
2852 4927 3029 4982 nuntii
3065 4926 3261 4997 primis

1681 5016 1896 5084 generis
1926 5017 2245 5086 parentibus
2273 5017 2405 5072 sint.
2438 5015 2517 5071 Ita
2541 5016 2703 5087 362
2735 5017 2893 5086 plane
2920 5015 3141 5070 divinus
3169 5012 3262 5067 ille

1679 5106 1783 5169 vir,
1832 5121 1897 5160 ac
1928 5108 2226 5176 prazclarus
2258 5108 2524 5164 adventus
2553 5107 2757 5162 Christi
2798 5120 2975 5176 pra-co
3001 5144 3015 5170 ,
3066 5103 3259 5175 gratiis

1678 5195 1840 5258 actis,
1869 5202 1930 5249 ut
1983 5195 2110 5250 hinc
2139 5197 2342 5266 liquet,
2385 5197 2527 5267 quod
2564 5196 2732 5251 Deum
2779 5193 3136 5257 benedixerit,
3162 5208 3258 5263 ap-

1681 5297 2045 5356 precatusque
2093 5288 2356 5344 dimissus
2408 5297 2513 5344 est.
2550 5287 2764 5343 Amavit
2791 5287 2936 5341 enim
2968 5284 3259 5341 invisibili~

1682 5386 1785 5443 ter,
1810 5378 2026 5450 Opinor,
2063 5388 2299 5437 mentem
2340 5382 2460 5451 ejus
2495 5379 2775 5446 Salvator,
2825 5395 2890 5434 ac
2918 5378 3258 5435 obsecratio-

1681 5483 1805 5523 nem
1825 5468 1946 5538 ejus
1975 5469 2139 5539 plane
2189 5470 2488 5537 exaudivit,
2516 5477 2570 5526 et
2600 5477 2659 5526 ut
2700 5468 2979 5542 proprium
3007 5467 3116 5526 sibi
3145 5465 3260 5526 cul-

1750 5776 1860 5853 (44)
1891 5777 2020 5851 Reg.
2049 5776 2104 5843 2,
2133 5774 2376 5846 γένηται.
