3832 6216
408 275 508 336 991

1548 266 1606 321 S.
1640 260 2111 320 ATHANASIUS.
2140 291 2211 302 —-
2235 258 2510 316 SPURIA.

3583 244 3694 303 992

410 400 585 443 torem
628 383 961 456 assumpsit,
1014 381 1107 453 qui
1156 379 1261 437 sub
1303 378 1423 450 lege
1451 384 1506 434 et
1540 377 1645 433 sub
1687 374 1881 431 umbra
1914 373 2007 428 diu

2129 374 2213 437 ιοῖ,
2241 369 2679 445 προσευξάμενος
2705 365 2988 421 ἀπελύετο.
3024 364 3243 435 Ἥψατο
3281 362 3390 434 γὰρ
3418 360 3693 431 ἀοράτως,

413 478 754 546 multumque
811 476 1134 539 laborasset,
1183 480 1425 543 tuncque
1477 469 1662 526 divina
1688 467 1878 541 gratiae
1904 465 2001 521 do-

414 570 590 622 ctrina
612 568 804 638 junior
831 567 1059 622 eﬂ‘ectus
1084 573 1252 621 esset.

2108 459 2281 534 οἶμαι.
2306 461 2416 515 τῶν
2448 459 2638 512 τούτου
2674 456 2884 530 φρενῶν
2914 459 2942 510 ὁ
2972 457 3186 527 Σωτὴρ,
3220 455 3313 508 καὶ¹
3335 454 3431 524 τῆς
3458 450 3697 520 δεήσεως

2108 555 2299 609 τούτου
2330 552 2472 607 κατά
2510 551 2686 605 πάντα
2717 550 3003 620 εἰσήκουσε
3025 589 3040 612 ,
3076 549 3168 600 καὶ
3195 547 3271 611 ὡς
3298 546 3429 599 ῐδιον
3466 542 3695 613 λάτρην,

413 662 735 733 κεκμηκότα
787 661 886 733 μὲν
950 660 1180 713 πλεῖστα
1233 655 1312 729 τῷ
1360 654 1510 728 νόμῳ
1568 653 1662 708 καὶ
1719 654 1787 724 τῇ
1851 651 2001 722 σκιᾷ,
2036 648 2300 714 νεάζοντα
2326 648 2382 701 δὲ
2414 649 2532 709 τοῖς
2585 643 2749 706 θείοις
2781 644 2881 713 τῆς
2932 641 3151 713 χάριτος
3196 639 3452 710 δόγμασι,
3523 650 3699 704 προσ-

415 756 657 810 ελάϐετο,

488 844 574 899 14.
618 843 820 916 Josepb
872 853 1054 899 autem
1091 853 1146 899 et
1170 842 1341 899 Mater
1363 841 1505 913 ejus,
1538 860 1556 893 ι
1593 843 1879 900 mirantes.
1917 842 2003 893 in-

418 939 561 1008 quit,
584 947 743 992 erant
768 954 933 1008 super
961 938 1048 992 bis
1088 952 1209 1007 quae
1253 936 1578 992 dicebantur
1622 936 1690 990 de
1735 935 1829 987 illo
1857 934 1923 988 ⁸⁸.
1977 952 1996 985 ι

421 1030 766 1085 Mirabautur
803 1039 1008 1095 autem,
1041 1031 1300 1093 arbitror,
1331 1029 1479 1101 quod
1512 1027 1752 1082 nondum
1784 1027 1851 1081 de
1883 1027 2004 1094 ejus

423 1124 707 1178 divinitate
735 1126 1000 1179 certiores
1027 1123 1156 1176 facti
1179 1130 1365 1178 essent
1396 1140 1411 1177 :
1447 1121 1665 1175 tametsi
1691 1118 1825 1173 satis
1846 1122 2005 1170 erant

425 1216 691 1270 miracula
719 1215 770 1269 in
801 1216 921 1284 ejus
946 1215 1229 1270 nativitate
1250 1221 1433 1283 gesta;
1462 1212 1575 1276 illa,
1608 1212 1852 1280 inquam,
1885 1222 2006 1279 quae

427 1322 615 1376 magus
643 1315 891 1377 spectant
918 1316 1081 1377 atque
1122 1313 1372 1376 pastores
1405 1323 1418 1358 :
1450 1288 1669 1357 n'ccnon
1706 1302 1875 1354 varia:
1901 1316 2002 1353 an-

428 1397 670 1467 gelorum
698 1397 935 1452 visiones
970 1415 985 1450 :
1014 1398 1270 1467 quodque
1298 1393 1561 1448 miracula
1611 1401 1835 1462 superat
1889 1405 2010 1445 om-

430 1489 545 1550 nia,
569 1488 897 1559 virginitatis
944 1486 1294 1542 conservatio
1322 1500 1388 1539 ac
1442 1483 1850 1556 perseverantia
1876 1522 1892 1546 ,
1940 1478 2009 1533 ad

431 1582 511 1635 rei
540 1590 745 1636 certam
777 1580 957 1647 fidem,
988 1595 1053 1635 ac
1075 1580 1321 1633 omnium
1350 1590 1705 1632 consensum.
1755 1572 2010 1627 Attamen

432 1688 557 1726 cum
603 1673 851 1726 miraculi
891 1672 1319 1743 magnitudinem
1368 1670 1783 1739 conspicerent.
1846 1676 2011 1735 atque

433 1763 635 1834 pietate
684 1779 783 1820 sua
824 1765 1182 1834 cogitationes
1241 1761 1517 1816 frenarent
1575 1760 1701 1831 (rati
1752 1773 2012 1828 magnum

434 1869 577 1918 esse,
600 1861 660 1909 ut
699 1871 886 1910 revera
914 1862 1020 1921 est,
1050 1853 1195 1925 quod
1233 1852 1374 1908 Deus
1422 1851 1852 1919 incarnaretur),
1912 1848 2015 1903 ﬂu-

437 1954 660 2002 ctuante
693 1946 870 2002 adhuc
903 1954 1065 2017 atque
1093 1946 1379 2000 dubitante
1416 1950 1574 1998 erant
1598 1942 1803 1996 animo.
1834 1939 2016 2006 Quare

437 2050 563 2090 cum
593 2036 779 2105 paucis
830 2051 997 2091 senex
1026 2035 1185 2105 quasi
1229 2032 1515 2089 elementis
1565 2048 1687 2102 quae
1716 2031 1869 2101 pueri
1902 2028 2019 2083 dei-

439 2132 606 2178 tatem
637 2127 957 2195 spectabant
984 2124 1319 2188 tradidisset,
1347 2123 1470 2177 illos
1500 2122 1762 2191 deinceps
1793 2119 2019 2189 alloqui-

440 2224 550 2278 tur,
583 2215 943 2282 benedicens,
1001 2231 1067 2271 ac
1097 2217 1289 2271 beatos
1320 2214 1444 2269 illos
1476 2213 1778 2283 praedicans
1804 2250 1818 2274 ,
1872 2210 2018 2281 quod

440 2314 626 2361 essent
654 2308 971 2362 (economiaa
1000 2308 1148 2362 illius
1183 2306 1529 2371 administri;
1564 2319 1627 2359 ea
1649 2318 1771 2374 quae
1798 2318 2018 2358 crucem

442 2398 764 2468 spectabant
791 2399 995 2470 optime
1024 2406 1079 2455 et
1102 2397 1512 2453 absolutissime
1538 2395 1810 2468 praedixit.

511 2657 599 2715 15.
636 2678 655 2711 ι
697 2658 982 2714 Benedixit
1027 2658 1195 2726 enim,
1228 2657 1425 2728 inquit,
1453 2656 1564 2713 illis
1590 2658 1847 2730 Symeon,
1872 2668 1924 2713 et
1948 2660 2026 2714 di-

443 2751 521 2806 xit
548 2751 615 2806 ad
648 2751 872 2804 Mariam
920 2750 1144 2805 Matrem
1173 2751 1330 2820 ejus:
1379 2749 1518 2806 Ecce
1562 2751 1651 2805 hic
1693 2753 1906 2822 positus
1936 2761 2022 2808 est

442 2844 499 2900 in
522 2845 759 2907 ruinam,
790 2850 845 2898 et
878 2842 932 2896 in
989 2843 1451 2897 resurrectionem
1499 2843 1800 2897 multorum
1848 2843 1905 2897 in
1948 2841 2025 2898 ls-

443 2936 555 2991 rael
584 2954 597 2990 :
635 2945 687 2989 et
716 2934 771 2988 in
805 2935 1021 3005 signum
1053 2934 1144 2988 cui
1183 2932 1593 2989 contradicetur
1613 2933 1680 2986 ⁸³.
1738 2953 1758 2986 ι
1791 2934 2028 2989 Contra-

2180 831 2269 888 M.
2321 831 2379 884 Ὀ
2417 828 2475 882 δὲ
2520 827 2717 896 Ἰωσὴφ
2765 826 2918 894 καὶὴ
2957 824 3138 895 μήτηρ
3170 818 3362 885 αὐτοῦ,
3406 839 3425 872 ‹
3479 820 3696 893 θαυμά-

2109 923 2332 989 ζοντες,
2396 919 2560 991 φησὶν
2588 958 2602 976 .
2662 913 2800 987 ἦσαν
2848 915 2940 968 ἐπὶ
2993 915 3105 977 τοῖς
3161 911 3516 982 λαλουμένοις
3568 914 3698 983 περὶ⁸

2110 1013 2297 1069 αὐτοῦ.
2340 1032 2361 1067 ι
2410 1007 2747 1080 Ἐθαύμαζον
2784 1006 2861 1071 δὲ,
2907 1007 3074 1076 μήπω
3106 1003 3338 1069 τελείαν,
3373 997 3553 1072 οἶμαι,
3602 1002 3698 1055 λα-

2112 1106 2295 1168 ϐόντες
2333 1102 2700 1174 πληροφορίαν
2732 1100 2828 1169 τῆς
2852 1097 3042 1151 τούτου
3068 1096 3318 1167 θεότητος
3338 1111 3351 1124 ·
3387 1095 3569 1149 καίτοι
3600 1097 3699 1167 ἀρ-

2114 1196 2352 1249 κούντων
2383 1193 2491 1246 τῶν
2514 1190 2655 1245 κατά
2677 1190 2774 1261 τὴν
2812 1188 3065 1259 γέννησιν
3092 1185 3386 1257 θαυμάτων
3407 1203 3420 1215 ·
3447 1187 3695 1251 ἐκείνων,

2113 1288 2277 1358 φημὶ,
2321 1286 2430 1341 τῶν
2463 1285 2602 1339 κατά
2637 1285 2763 1347 τοὺς
2817 1281 3024 1353 μάγους
3074 1279 3169 1332 καὶ⁵
3216 1279 3344 1341 τοὺς
3392 1278 3696 1348 ποιμένας·

2112 1378 2190 1431 ἔτι
2221 1394 2281 1431 τε
2311 1379 2411 1446 τῆς
2439 1376 2696 1447 διαφόρου
2747 1374 2857 1427 τῶν
2905 1372 3151 1441 ἀγγέλων
3201 1370 3546 1434 ἐπιστασίας,
3602 1372 3700 1424 καὶ

2110 1471 2205 1525 τοῦ
2233 1471 2448 1524 πάντων
2481 1468 2775 1539 θαυμάτων
2809 1466 3064 1520 ἐπέκεινα
3097 1464 3396 1537 θαύματος,
3426 1464 3528 1534 τῆς
3560 1482 3702 1535 παρ-

2113 1562 2295 1626 θενίας
2325 1564 2357 1633 ἠ
2394 1559 2608 1631 φυλακὴ
2639 1561 2733 1613 καὶ
2760 1560 3087 1630 συντήρησις
3113 1557 3250 1629 πρὸς
3272 1556 3487 1609 τελείαν
3509 1556 3701 1608 τούτου

2116 1653 2488 1727 πληροφορίαν
2537 1652 2631 1706 καὶ
2675 1651 3092 1719 συγκατάθεσιν.
3155 1649 3295 1703 Ἀλλ’
3341 1650 3514 1720 ὅμως,
3565 1649 3703 1720 πῲς

2116 1745 2206 1800 τὸν
2246 1745 2408 1812 ὄγκον
2435 1740 2880 1805 ἀποσκοποῦντες
2913 1740 3009 1794 τοῦ
3057 1739 3355 1811 θαύματος,
3381 1741 3477 1794 καὶ
3501 1739 3603 1809 τὴν
3628 1742 3705 1791 οἱ⁹

2116 1837 2270 1891 κείαν
2308 1834 2590 1888 εὐλάϐειαν
2627 1833 2951 1904 χαλινοῦσαν
2989 1834 3115 1897 τοὺς
3146 1832 3441 1902 λογισμοὺς
3488 1830 3705 1901 ἔχοντες

2119 1929 2286 2001 (μέγα
2329 1928 2438 1999 γὰρ
2491 1927 2585 1981 καὶ
2620 1928 2738 1981 κατ’
2796 1926 3052 1997 ἀλήθειαν
3098 1924 3158 1979 ὃν
3208 1924 3268 1978 τὸ
3322 1922 3706 1996 σεσαρκῶσθαι

2117 2022 2250 2076 Θεὸν
2298 2019 2722 2092 ὑπελάμϐανον),
2758 2019 2839 2072 ἔτι
2880 2018 2972 2072 τὸν
3011 2016 3137 2072 νοῦν
3169 2015 3526 2086 κλονούμενον
3564 2008 3707 2084 εἶχον

2119 2116 2213 2168 καὶ
2259 2112 2688 2185 ἀμφιϐάλλοντα.
2720 2111 2886 2167 Ὅθεν
2931 2113 2989 2164 ὲν
3035 2108 3261 2182 βραχέσι
3307 2107 3405 2179 τὴν
3456 2105 3601 2161 κατά
3650 2105 3707 2159 τὸ

2126 2204 2325 2277 βρέφος
2364 2203 2639 2271 θεολογίαν
2684 2207 2713 2258 ὁ
2757 2202 3002 2276 πρέσϐυς
3033 2200 3540 2271 στοιχειωσάμενοςι,
3572 2196 3707 2268 πρὸς

2120 2298 2362 2363 ἐκείνους
2390 2298 2575 2353 λοιπὸν
2602 2295 2701 2359 τὰς
2730 2295 2838 2349 τῶν
2859 2294 3031 2362 λόγων
3060 2293 3212 2364 ἡνίας
3248 2288 3705 2365 μεταχειρίζεται,

2122 2390 2359 2459 εὐλογῶν
2388 2408 2446 2443 τε
2484 2389 2704 2452 τούτους
2738 2388 2832 2440 καὶ
2862 2384 3180 2457 μακαρίζων
3219 2386 3319 2455 τῆς
3348 2383 3477 2453 περὶ
3507 2381 3606 2453 τὴν
3635 2383 3710 2433 ol-

2123 2481 2385 2553 κονομίαν
2429 2480 2737 2544 διακονίαςο
2792 2477 3074 2552 προλέγων
3108 2493 3168 2530 τε
3211 2477 3306 2531 καὶ
3342 2475 3413 2530 τά
3447 2474 3578 2546 περὶ
3617 2473 3708 2527 τὸν

2127 2573 2358 2647 σταυρὸν
2389 2572 2591 2646 ἄριστά
2618 2589 2677 2624 τε
2706 2571 2801 2625 καὶ
2836 2568 3165 2623 τελεώτατα.

2197 2668 2285 2721 15.
2333 2687 2350 2718 ι
2398 2665 2672 2737 Εὐλόγησε
2734 2662 2864 2735 γὰρ,
2923 2662 3121 2733 φησὶν,
3176 2658 3378 2722 αὐτοὺς
3457 2656 3706 2728 Συμεὼν,

2125 2759 2221 2815 καὶ
2247 2754 2366 2812 εἶπε
2402 2756 2538 2831 πρὸς
2562 2756 2796 2829 Μαριάμ
2825 2755 2925 2826 τὴν
2958 2751 3169 2824 μητέρα
3202 2749 3368 2805 αὐτοῦ
3388 2764 3403 2778 '
3453 2749 3582 2803 Ἰδοὺ
3613 2744 3703 2803 οῦ·-

2125 2870 2216 2917 τος
2249 2853 2424 2905 κεῖται
2454 2852 2535 2914 είς
2583 2849 2792 2903 πτῶσιν
2817 2863 2913 2900 και
2936 2846 3231 2899 ἀνάστασιν
3271 2842 3485 2896 πολλῶν
3528 2844 3605 2895 ὲν.
3632 2840 3712 2910 τῷ

2141 2940 2374 3012 Ἰσραὴλ,
2413 2940 2510 2994 καὶ
2554 2940 2634 3003 εἰς
2681 2938 2906 3008 σημεῖον
2958 2933 3390 3005 ἀντιλεγόμενον.
3457 2951 3477 2984 ι
3536 2932 3711 2984 Ἀντι-

443 3026 589 3080 dicet
625 3025 770 3079 enim
818 3032 981 3095 atque
1013 3023 1341 3094 disceptabit
1390 3024 1459 3079 de
1505 3024 1600 3078 illo
1626 3064 1642 3090 ,
1672 3038 1736 3079 ac
1774 3024 2020 3080 doctrina

2129 3031 2271 3098 λέξει
2314 3034 2425 3104 γὰρ
2454 3031 2548 3087 καὶ
2592 3029 2892 3101 ἀμφιϐαλεῖ
2920 3027 3048 3099 περὶ
3086 3025 3274 3081 τούτου
3307 3024 3403 3080 καὶ
3447 3024 3543 3079 τοῦ
3590 3025 3712 3078 κατ’

443 3132 566 3172 cum
600 3124 903 3187 spectante,
942 3115 1132 3169 Simon
1177 3116 1439 3170 adversus
1471 3114 1822 3180 Marcionem,
1858 3116 2022 3173 Arius

443 3209 709 3263 adversus
742 3208 1059 3271 Sabellium,
1080 3207 1355 3279 Eutyches
1385 3207 1654 3263 adversus
1686 3207 2021 3276 Nestorium,

445 3300 665 3369 utrique
723 3301 987 3355 adversus
1043 3299 1380 3368 Ecclesiam;
1435 3300 1510 3354 ita
1561 3307 1623 3355 ut
1663 3301 1756 3355 alii
1802 3300 2022 3371 quidem

446 3393 617 3448 solam
650 3393 754 3462 ipsi
781 3392 1036 3448 deitatem
1058 3432 1073 3455 ,
1123 3393 1217 3446 alii
1255 3408 1478 3447 carnem
1511 3394 1685 3447 solam
1721 3393 1971 3447 tribuant
2007 3409 2023 3447 :

445 3485 538 3539 alii
571 3491 837 3549 creatum,
866 3500 930 3539 ac
964 3492 1205 3556 paternae
1236 3484 1557 3540 substantite
1588 3485 1826 3539 alienum
1861 3485 2028 3539 indu-

446 3586 595 3642 cant,
623 3578 715 3634 alii
739 3577 974 3633 Verbum
1005 3578 1278 3649 quoddam
1312 3578 1593 3650 hypostasi
1620 3593 1683 3633 ac
1714 3578 2026 3635 substantia

448 3687 703 3735 vacuum,
724 3671 970 3740 nihilque
998 3669 1318 3742 discrepans
1352 3673 1420 3727 ab
1447 3687 1513 3727 eo
1543 3670 1689 3741 quod
1720 3686 1816 3742 per
1846 3671 2029 3742 prola-

449 3764 650 3820 tionem
699 3763 999 3819 eli'unditur
1035 3782 1047 3818 :
1081 3764 1172 3817 alii
1204 3764 1325 3835 ejus
1352 3780 1448 3835 per
1477 3778 1698 3819 carnem
1733 3762 2027 3817 adventum

447 3858 789 3928 phantasiam
811 3872 931 3912 esse
965 3865 1294 3928 suggerant:
1327 3857 1417 3911 alii
1448 3872 1671 3911 carnem
1711 3856 2027 3910 nullatenus

448 3951 750 4020 sumpsisse
782 3950 1138 4012 contendant,
1169 3960 1263 4004 aut
1296 3950 1638 4020 assumpisse
1665 3949 1905 4019 quidem,
1932 3946 2030 4002 sed

448 4042 825 4107 inanimatam,
856 4050 1018 4112 atque
1050 4040 1415 4105 inefﬁcacem;
1453 4050 1545 4095 aut
1565 4041 1797 4095 animam
1833 4040 2033 4094 baben-

446 4142 576 4200 tem,
594 4134 689 4190 sed
710 4142 890 4190 mente
907 4149 971 4189 ac
989 4135 1200 4190 ratione
1216 4134 1552 4190 destitutam.
1572 4131 1797 4189 Demuin
1815 4132 1903 4185 alii
1923 4132 2031 4185 alio

445 4225 611 4282 modo
638 4226 963 4281 hzesitabunt
985 4241 1051 4281 ac
1081 4226 1477 4289 contradiceut,
1505 4224 1735 4294 singulis
1764 4224 2029 4277 arbitratu

447 4334 549 4375 suo
572 4334 694 4388 qua:
722 4319 897 4388 ipsum
924 4324 1171 4388 spectant
1195 4316 1708 4372 determinantibus.
1751 4335 1768 4367 ι
1798 4313 1935 4368 Nam
1965 4315 2033 4371 de

2131 3124 2296 3180 αὐτὸν
2345 3125 2615 3196 δόγματος
2667 3122 2847 3193 Σίμων
2894 3119 3031 3193 πρὸς
3075 3118 3167 3173 τὸν
3224 3118 3561 3191 Μαρκίωνα,
3620 3120 3714 3170 καὶ

2135 3218 2354 3289 Ἀρειος
2397 3216 2535 3289 πρὸς
2561 3215 2651 3269 τὸν
2699 3212 3008 3274 Σαϐέλλιον,
3052 3212 3148 3267 καὶ
3178 3210 3424 3281 Εὐτυχὴς
3454 3209 3594 3281 πρὸς
3624 3210 3713 3263 τδν

2128 3307 2426 3379 Νεστόριον
2481 3305 2615 3378 (45),
2669 3306 2765 3359 καὶ
2796 3303 3099 3376 ἀμφότεροι
3148 3301 3285 3375 πρὸς
3328 3300 3428 3372 τὴν
3483 3298 3711 3369 Ἐκκλη-

2135 3397 2289 3452 σίαν·
2332 3398 2381 3450 οἱ
2417 3396 2514 3468 μὲν
2545 3397 2645 3467 τὴν
2680 3395 2908 3467 θεότητα
2939 3394 3129 3466 μόνην,
3180 3396 3229 3448 οἱ
3277 3392 3334 3446 δὲ
3382 3392 3489 3464 τὴν
3536 3391 3712 3463 σάρκα

2131 3489 2307 3561 τούτῳ
2337 3489 2737 3562 προσνέμοντες
2756 3505 2769 3518 ·
2803 3489 2854 3541 οἱ
2893 3488 2990 3558 μὲν
3020 3486 3236 3541 κτιστὸν
3265 3484 3601 3553 εἰσάγοντες,
3625 3486 3716 3539 καὶ

2133 3582 2232 3653 τῆς
2306 3582 2581 3654 πατρικῆς
2621 3581 2808 3645 οὐσίας
2857 3579 3159 3651 ἀλλότριον,
3200 3578 3250 3631 οἱ
3300 3577 3359 3631 δὲ
3406 3577 3583 3645 Λόγον
3624 3578 3716 3629 ἀν-

2133 3675 2436 3730 υπόστατόν
2463 3691 2587 3728 τινα
2619 3674 2711 3727 καὶ
2738 3671 2892 3727 κενὸν
2918 3671 3127 3735 οὐσίας,
3145 3670 3240 3723 καὶ
3269 3668 3435 3741 μηδὲν
3463 3667 3558 3721 τοῦ
3581 3668 3718 3721 κατά

2136 3766 2419 3840 προφορὰν
2468 3766 2726 3838 χεομένου
2777 3763 3248 3818 διεναλλάττοντα’
3291 3763 3342 3814 oi
3376 3762 3477 3831 μὲν
3511 3778 3715 3830 φαντα-

2137 3861 2257 3914 σίαν
2288 3859 2453 3914 αὐτοῦ
2484 3858 2581 3930 τὴν
2620 3857 2707 3913 διά
2749 3857 2951 3926 σαρκὸς
2977 3854 3282 3928 παρουσίαν
3310 3852 3718 3925 ὑποτιθέμενοι.

2136 3953 2185 4007 οἱ
2216 3952 2273 4005 δὲ
2296 3951 2428 4023 μηδὲ
2458 3949 2804 4020 ἀνειληφέναι
2833 3948 3012 4020 σάρκα
3038 3945 3268 4000 καθόλου
3296 3944 3687 4015 διατεινόμενα
3704 3961 3717 3973 ·

2138 4047 2173 4119 ἦ
2207 4046 2557 4117 ἀνειληφέναι
2591 4044 2710 4114 μὲν,
2743 4040 2947 4112 ἄψυχον
2979 4039 3036 4092 δὲ
3063 4037 3267 4109 ταύτην
3295 4036 3391 4090 καὶ
3427 4035 3724 4107 ἀνενέργη-

2135 4158 2250 4205 τον,
2285 4139 2319 4212 ἢ
2347 4138 2523 4210 ψυχὴν
2555 4136 2654 4209 μὲν
2684 4135 2932 4207 ἔχουσαν,
2960 4130 3121 4187 ἀνουν
3150 4130 3207 4184 δὲ
3235 4128 3443 4198 ταύτην
3467 4129 3567 4182 καὶ
3600 4126 3724 4181 ἀλο-

2137 4248 2234 4301 γον
2253 4250 2267 4265 ο
2310 4232 2405 4285 καὶ
2435 4226 2769 4293 ἁπαξαπλῶς
2807 4224 2955 4280 ἄλλοι
2992 4221 3169 4285 ἄλλως
3210 4218 3583 4291 ἀμφιϐαλοῦσι
3630 4216 3725 4271 καὶ

2138 4320 2526 4387 ἀντιλέξουσιν,
2558 4320 2789 4381 ἕκαστος
2825 4314 2968 4371 κατά
2993 4314 3054 4369 τὸ
3100 4313 3291 4369 δοκοῦν
3320 4310 3471 4381 αὐτῷ
3498 4309 3571 4364 τὰ
3600 4310 3723 4379 περὶ

447 4421 594 4465 secta
630 4410 752 4474 hac,
792 4429 811 4461 ι
850 4409 1002 4463 aiunt
1032 4407 1205 4464 Judaei
1236 4410 1302 4465 ad
1347 4408 1597 4474 Paulum,
1654 4427 1673 4460 ι
1711 4416 1899 4464 notum
1950 4417 2020 4463 esl

2134 4411 2299 4466 αὐτοῦ
2351 4409 2835 4481 συμπεραίνοντες.
2886 4426 2911 4459 ι
2963 4405 3100 4476 Περὶ
3136 4403 3245 4475 γάρ
3299 4402 3401 4473 τῆς
3455 4402 3721 4472 αἱρέσεως

449 4501 609 4556 nobis
625 4502 749 4571 quia
769 4502 967 4572 ubique
984 4502 1031 4556 ei
1055 4502 1451 4557 contradicitur
1479 4502 1547 4555 ⁵ο.
1573 4521 1591 4553 ι
1616 4500 2024 4556 Contradicitur

448 4593 694 4664 quidem,
728 4601 783 4646 at
815 4608 922 4647 non
956 4593 1249 4662 dejicitur:
1290 4601 1656 4665 oppugnatur,
1683 4600 1739 4647 at
1771 4609 1882 4648 non
1909 4594 2031 4649 vin-

450 4687 596 4742 citur
628 4705 642 4740 :
682 4686 804 4739 telis
840 4685 1062 4756 petitur,
1102 4694 1159 4739 at
1189 4702 1296 4741 non
1323 4688 1645 4741 vulneratur
1679 4706 1690 4740 :
1723 4685 2039 4754 obsidetur,‘

450 4788 507 4834 at
557 4793 668 4834 non
702 4777 916 4848 captiva
966 4776 1222 4832 ducitur:
1267 4778 1524 4848 quodque
1573 4777 1874 4831 maximum
1905 4786 1989 4833 est
2008 4819 2031 4843 ,,

449 4870 619 4933 cadit,
653 4885 754 4925 nec
778 4870 1119 4934 conteritur,
1154 4868 1292 4939 quin
1326 4870 1508 4939 potius
1546 4870 1601 4923 in
1632 4868 1812 4940 fugam
1845 4872 2030 4925 vertit.

455 4965 531 5021 Ea
560 4965 762 5036 quippe
804 4972 889 5019 est
934 4978 1087 5033 purae
1116 4962 1241 5017 fidei
1284 4972 1483 5017 nostra:
1514 4963 1828 5032 praestantia
1862 5002 1877 5026 ,
1909 4977 2033 5032 quae

449 5073 614 5113 omne
641 5063 864 5127 superat
889 5054 1252 5121 miraculum;
1291 5062 1351 5108 ut
1380 5069 1491 5108 non
1521 5053 1685 5108 modo
1727 5055 1868 5125 ipsa,
1906 5055 2034 5111 licet

454 5152 694 5221 undique
740 5148 988 5204 factiosis
1039 5147 1308 5203 bzeresum
1359 5147 1535 5203 turbis
1580 5155 1744 5218 atque
1776 5148 2032 5217 procellis

446 5242 843 5305 circumsessa,
882 5241 1109 5295 immota
1160 5248 1215 5294 et
1273 5238 1605 5294 inconcussa
1636 5247 1894 5304 maneat;
1935 5239 2032 5295 sed

454 5343 514 5391 ut
534 5336 699 5391 etiam
744 5351 814 5390 ex
854 5332 1151 5390 contrariis
1177 5331 1457 5388 contraria
1483 5331 1762 5402 sapienter
1790 5331 1988 5387 eﬂiciat
2011 5370 2028 5397 ,

519 5515 569 5549 “
607 5514 741 5573 Luc.
786 5532 848 5583 ιι,
881 5516 971 5572 '53.
1046 5514 1093 5548 δ’
1128 5514 1259 5571 ibid.
1295 5514 1385 5571 54.
1458 5515 1506 5547 ⁸⁸
1544 5514 1669 5570 Act.
1704 5527 1889 5580 xxvn,
1920 5510 2012 5569 22.

527 5670 638 5738 (45)
672 5669 806 5726 Vide
843 5687 964 5742 quae
985 5671 1050 5728 de
1075 5671 1160 5727 his
1186 5671 1427 5728 diximus
1452 5669 1509 5726 in
1536 5667 1761 5725 Monito.

2134 4508 2358 4577 ταύτης,
2385 4525 2402 4557 ι
2425 4505 2561 4578 πρὸς
2580 4504 2672 4557 τὸν
2689 4503 2899 4557 Παῦλον
2919 4502 2970 4555 οἱ
2998 4499 3238 4554 Ἰουδαῖοί
3260 4515 3416 4568 φασι,
3439 4516 3458 4547 ι
3483 4496 3723 4566 γνωστὸν

2135 4602 2268 4672 ἡμῖν
2307 4601 2478 4659 ἐστιν,
2517 4598 2601 4651 ὅτι
2635 4594 2913 4665 πανταχοῦ
2953 4591 3314 4660 ἀντιλέγεται.
3356 4608 3378 4643 ι
3422 4589 3723 4656 Ἀντιλέγεο

2102 4709 2225 4745 .ται
2262 4692 2385 4762 μὲν,
2418 4690 2533 4744 ἀλλ’
2572 4691 2632 4743 οὐ
2668 4688 2952 4760 βάλλεταιο
3011 4685 3350 4756 πολεμεῖται,
3403 4682 3521 4737 ἀλλ’
3551 4684 3616 4737 οὐ
3645 4701 3721 4734 Vt-

2136 4783 2332 4835 κᾶταιο
2379 4779 2678 4847 τοξεύεται,
2714 4779 2830 4833 ἀλλ’
2876 4778 2938 4832 οὐ
2979 4776 3376 4848 τιτρώσκεταιο
3421 4772 3721 4845 πολιιρκεῖ-

2140 4890 2250 4938 ται,
2286 4873 2402 4927 ἀλλ’
2435 4874 2535 4927 οὐκ
2566 4869 3047 4944 ἀνδραποδίζεται·
3078 4867 3140 4922 τὸ
3187 4866 3466 4939 μέγιστον,
3511 4865 3717 4925 πίπτει.

2143 4964 2258 5018 ἀλλ’
2305 4966 2366 5019 οὐ
2430 4962 2772 5037 συντρίϐεται
2796 4981 2814 4995 η·
2882 4961 3079 5033 μᾶλλον
3135 4958 3193 5014 δὲ
3250 4958 3346 5012 καὶ¹
3396 4956 3714 5027 ἀνατρέπει.

2138 5055 2311 5110 Τοῦτο
2340 5055 2449 5126 γὰρ
2481 5055 2583 5126 τῆς
2607 5054 2856 5126 καθαρᾶς
2889 5053 3121 5114 πίστεως
3147 5048 3305 5121 ἡμῶν
3325 5047 3388 5101 τὸ
3419 5045 3713 5117 ἐξαίρετον.

2138 5149 2234 5201 καὶ
2269 5147 2470 5210 παντὸς
2513 5147 2769 5200 ἐπέκεινα
2809 5145 3117 5216 θαύματος·
3154 5143 3238 5195 ὅτι
3269 5140 3331 5193 οὐ
3361 5140 3525 5210 μόνον
3553 5137 3712 5201 αῦτη.

2138 5238 2318 5294 καίτοι
2357 5238 2697 5310 πανταχόθεν
2741 5237 2988 5309 σφοδρῶς
3038 5230 3552 5305 περιστοιχιζομένη
3602 5229 3717 5288 ταῖς

2139 5333 2206 5386 ὲκ
2223 5331 2331 5386 τῶν
2350 5331 2613 5403 αἱρέσεων
2636 5329 2967 5401 συστροφαῖς
2987 5342 3047 5380 τε
3067 5323 3163 5380 καὶ
3179 5321 3453 5391 λαίλαψιν,
3477 5320 3719 5377 deum
