3832 6216
209 338 298 392 995

1221 324 1512 381 HOMILIA
1550 323 1618 379 IN
1658 323 2045 381 OCCURSUM
2087 319 2323 378 DOMINI

3324 320 3435 379 θοι

205 445 515 503 διατελεῖκαὶ
546 442 833 506 ἀτῖνακτος
853 456 871 472 ·
910 440 1028 497 ἀλλ’
1053 441 1136 495 ὅτι
1183 440 1277 491 καὶ
1305 439 1394 494 διὰ
1435 414 1546 492 τῶν
1592 441 1742 495 ἐναν-

1852 456 1913 495 ac
1937 438 2200 511 praeclara
2226 438 2515 491 adversum
2535 431 2862 490 insidiantes
2881 432 2986 489 sibi
3004 433 3180 504 erigat
3204 442 3431 507 tropaea.

203 542 312 594 τίων
348 538 405 591 τὰ
429 537 648 591 ἐναντία
688 534 868 604 σοφῶς
900 533 1009 607 (46)
1057 540 1474 610 κατεργάζεται,
1507 536 1735 609 λαμπρὰ
1762 537 1903 591 κατὰ
1930 534 2038 587 τῶν
2073 531 2469 603 ἐφεδρευόντων
2508 526 2840 581 διανιστῶσα
2868 526 3128 598 τρόπαια.

263 670 338 725 16.
373 668 612 731 Τοιοῦτος
647 667 743 738 μὲν
773 661 888 730 οῦν,
914 667 1098 738 φησὶν,
1125 660 1171 720 ὦ
1199 667 1442 739 μακαρία
1474 666 1741 739 Παρθένε,

201 762 250 816 ὃν
275 765 330 816 ἐκ
361 760 585 833 γαστρός
616 775 708 812 σου
738 760 1112 831 προήνεγκας·
1150 757 1367 830 θραύων
1402 757 1500 829 μὲν
1544 757 1744 828 ῥαδίως

201 860 285 909 καὶ
320 854 584 925 ταράσσων
635 851 759 913 τοὺς
808 850 1031 912 ἑαυτοὺς
1068 849 1170 918 τῆς
1199 848 1459 919 ἀληθείας
1495 850 1744 901 ἀποσπα-

205 948 430 1020 ράξαντας
449 961 461 972 -
499 942 731 996 ἀνιστῶν
759 940 815 993 δὲ
844 941 938 994 καὶ
964 940 1041 1010 τῷ
1072 939 1246 1011 Πατρὶ
1276 940 1589 1011 «προσάγων⁹
1625 938 1744 991 ὅσοι

202 1038 260 1091 ἂν
301 1034 617 1108 πρόσθωνται
650 1029 844 1100 τούτῳ,
883 1029 979 1082 καὶ
1006 1029 1074 1082 τά
1118 1028 1307 1081 τούτου
1351 1027 1627 1098 φυλάξωσι
1658 1028 1738 1080 δι-

199 1128 467 1200 καιώματα.
503 1125 577 1179 Ού
616 1123 719 1196 μὴν
761 1123 839 1186 δὲ,
873 1122 1057 1191 ἐπειδὴ
1096 1120 1334 1173 τοιοῦτον
1386 1120 1541 1191 ἔσχες
1590 1120 1738 1185 Υἱὸν,

197 1223 282 1277 καὶ
325 1218 559 1289 τοιαύτης
607 1215 870 1285 λέλογχας
918 1212 1189 1297 εὐκλείας,
1227 1211 1302 1276 ὡς
1343 1212 1523 1282 πάσης
1569 1211 1740 1283 ἄρδην

195 1312 421 1367 ἐπέκεινα
446 1306 811 1381 γνωρισθῆναι
851 1303 1115 1375 γηγενοῦς
1143 1301 1377 1372 φύσεως,
1410 1301 1741 1374 ἀπείραστός

194 1421 270 1466 τις
293 1402 378 1474 ἔσῃ
402 1401 487 1454 καὶ
524 1395 760 1467 ἀπαθὴς,
792 1396 886 1448 καὶ
912 1392 1077 1446 οἱονεὶ
1105 1391 1240 1465 πρὸς
1264 1392 1364 1455 τάς
1397 1390 1604 1461 θλίψεις
1648 1391 1742 1443 ἀν-

197 1495 380 1558 άλωτος
396 1510 408 1524 ·
428 1490 563 1546 ἀλλὰ
583 1510 602 1539 α
625 1489 719 1543 καὶ
752 1486 845 1540 σοῦ
873 1485 1045 1555 αὐτῆς
1080 1484 1178 1556 τὴν
1209 1483 1384 1554 ψυχὴν
1410 1480 1740 1535 διελεύσεται

192 1584 438 1660 ῥομφαία·
499 1602 519 1635 ›
570 1581 643 1652 μὴ
696 1578 804 1650 γάρ
854 1594 944 1643 σε,
1005 1576 1158 1646 φησὶ,
1193 1571 1253 1627 τὸ
1308 1571 1588 1644 μεγαλεῖον
1642 1567 1736 1623 τοῦ

190 1676 440 1749 θαύματος
484 1673 621 1746 πρὸς
676 1670 836 1740 δγκον
893 1669 1074 1741 ἐπάρῃ
1124 1666 1464 1736 φυσήματος.
1510 1664 1573 1716 Ei
1628 1661 1738 1734 γὰρ

1920 665 2009 720 16.
2049 663 2199 718 Talis
2232 669 2339 724 est,
2369 659 2569 731 inquit,
2596 674 2628 713 ο
2655 659 2815 713 beata
2845 656 3045 729 Virgo,
3098 657 3146 713 is
3181 673 3341 728 quem
3367 673 3436 712 ex

1847 768 2002 811 utero
2037 762 2129 808 tuo
2162 752 2435 823 protulisti
2469 768 2483 806 :
2520 750 2614 820 qui
2651 748 2812 803 facile
2842 748 3060 819 frangat
3106 754 3160 803 et
3208 758 3436 802 contur-

1844 848 1935 902 bet
1970 862 2065 901 eos
2094 844 2188 915 qui
2241 858 2362 898 sese
2398 858 2429 896 a
2471 843 2702 896 veritate
2730 841 3113 907 divulserunt;
3150 844 3436 911 erigatque

1847 946 1900 991 et
1924 936 2114 992 offerat
2146 933 2291 988 Patri
2322 949 2419 988 eos
2455 948 2648 987 omnes
2685 932 2777 1002 qui
2808 931 2912 1002 ipsi
2948 932 3283 986 adbaeserint
3309 972 3326 996 ,
3369 946 3435 985 ac

1846 1033 1966 1103 ejus
1997 1030 2153 1099 jussa
2180 1027 2559 1082 custodierint.
2593 1024 2743 1077 Licet
2771 1039 2934 1094 porro
2971 1026 3134 1078 talem
3175 1040 3434 1096 suscepe-

1840 1123 1917 1177 ris
1954 1121 2158 1185 filium,
2207 1134 2271 1173 ac
2315 1125 2522 1171 tantam
2560 1126 2857 1171 consecuta
2914 1116 2992 1171 sis
3040 1116 3312 1188 gloriam,
3372 1126 3432 1172 ut

1842 1224 2063 1271 terrena
2086 1226 2303 1283 quoque
2331 1209 2482 1265 omni
2522 1218 2717 1262 natura
2763 1208 3018 1278 superior
3062 1206 3383 1278 agnoscaris
3411 1223 3429 1272 ;

1842 1320 2188 1378 nequaquam
2217 1302 2578 1359 tentationum
2630 1300 3065 1371 passionumqne
3111 1315 3308 1370 expers
3342 1297 3431 1354 fu-

1839 1409 1965 1456 tura
2005 1415 2105 1463 es,
2165 1412 2345 1468 neque
2391 1393 2652 1450 aerumnis
2704 1408 2879 1447 vacua
2926 1393 3081 1447 eris:
3119 1393 3275 1460 quin,
3315 1410 3335 1444 ι
3377 1402 3435 1449 et

1842 1500 1995 1548 tuam
2062 1492 2237 1564 ipsius
2294 1492 2531 1545 animam
2582 1488 2800 1560 gladius
2855 1488 3216 1558 pertransibit
3272 1488 3318 1520 ⁸¹
3352 1506 3367 1544 :
3407 1508 3427 1541 ι

1846 1602 1915 1641 ne
1976 1597 2077 1654 te,
2135 1586 2345 1655 inquit,
2408 1582 2659 1636 miraculi
2720 1581 3070 1651 magnitudo,
3130 1581 3186 1633 in
3248 1588 3433 1634 tumo-

1845 1694 1960 1734 rem
2012 1679 2281 1748 superbiae
2342 1676 2549 1732 efferat.
2603 1674 2719 1730 Etsi
2774 1675 2958 1736 enim,
2995 1674 3207 1743 inquit,
3263 1687 3432 1743 supra

188 1770 276 1825 καὶ
325 1769 451 1840 ὑπὲρ
503 1764 664 1835 φύσιν
707 1762 967 1834 ἐκύησας,
1023 1759 1159 1813 ἀλλὰ
1208 1757 1386 1826 θλίψιν
1434 1754 1576 1820 ἔξεις
1621 1758 1740 1817 ταῖς

1852 1780 2101 1825 naturam
2149 1781 2363 1825 uterum
2399 1769 2646 1840 gestasti,
2684 1776 2742 1822 at
2795 1765 3144 1821 amictionem
3206 1781 3431 1836 perpes-

185 1859 316 1914 κατὰ
345 1858 496 1927 φύσιν
536 1852 834 1924 γεννώσαις
877 1849 1170 1921 ἐφάμιλλον
1194 1865 1208 1878 ·
1236 1845 1446 1918 ,μᾶλλον
1477 1845 1535 1898 δὲ
1564 1843 1744 1916 πολλῷ

186 1949 430 2021 μεγίστην
454 1944 547 1999 καὶ
575 1941 1039 2014 ὑπερϐάλλουσαν,
1062 1939 1184 1991 ὅσον
1211 1938 1416 1991 ἐκεῖναι
1453 1937 1550 2008 μὲν
1572 1935 1746 2008 χωρὶς

183 2038 457 2109 θαυμάτων
476 2034 574 2098 τὰς
598 2034 723 2106 περὶ
745 2032 813 2085 τά
830 2031 1001 2084 τέκνα
1025 2028 1229 2099 θλίψεις
1246 2027 1547 2097 ὑπέμειναν
1566 2042 1581 2056 ·
1603 2026 1666 2078 σὺ
1688 2024 1744 2077 δὲ

181 2131 313 2202 μετὰ
334 2125 591 2197 τοσαύτην
613 2124 819 2197 πληθὺν
844 2141 900 2176 τε
911 2122 1161 2193 ραστίων,
1194 2119 1331 2190 μετὰ
1354 2119 1453 2182 τὰς
1481 2116 1746 2179 ἀπλέτους

177 2216 378 2280 ἐκείνας
424 2214 529 2267 τῶν
576 2211 928 2285 προφητικῶν
977 2209 1236 2283 ῥημάτων
1278 2208 1553 2271 ἐκϐάσεις,
1609 2205 1745 2277 μετά

174 2307 270 2378 τὴν
299 2305 609 2380 περιϐόητον
636 2304 748 2375 (47)
770 2303 869 2373 τῆς
897 2300 1196 2374 παρθενίας
1229 2299 1476 2370 φυλακὴν
1506 2298 1601 2350 καὶ
1628 2313 1747 2348 συν-

172 2401 413 2470 τήρησιν,
445 2396 489 2450 ὣ
515 2395 609 2449 τοῦ
642 2395 946 2465 θαύματοςί
988 2413 1006 2445 ι
1044 2394 1138 2447 καὶ
1172 2390 1265 2445 σοῦ
1300 2392 1470 2462 αὐτῆς
1517 2389 1613 2460 τὴν
1644 2389 1745 2458 ψυ-

170 2488 269 2561 χὴν
301 2488 627 2541 διελεύσεται
659 2486 920 2559 ῥομφαία.
963 2502 985 2538 ι
1020 2484 1176 2547 Τίνος
1198 2501 1212 2550 ;
1237 2503 1255 2533 ι
1281 2482 1395 2546 σοῦ,
1433 2481 1623 2551 φησιν,
1655 2480 1747 2533 αὐ-

169 2583 286 2654 τῆς,
301 2601 320 2632 ι
336 2581 433 2651 τῆς
450 2581 537 2633 τὸν
551 2578 1207 2650 Γαϐριὴλεύμοιρησάσης
1223 2573 1633 2645 εύαγγελιστὴν,
1652 2573 1745 2626 καὶ

168 2672 265 2726 τοῦ
296 2673 451 2726 τόκου
489 2672 825 2743 σημάντορα·
879 2690 897 2723 ι
941 2662 1057 2734 σοῦ,
1095 2690 1114 2721 ι
1147 2658 1257 2739 τῆς
1278 2669 1375 2740 τὴν
1395 2667 1622 2737 δύναμιν
1648 2664 1742 2719 τοῦ

178 2763 431 2833 Ὑψίστου
478 2763 926 2828 ἐπισκιάζουσαν,
977 2762 1071 2817 καὶ
1124 2761 1256 2815 αὐτὸ
1307 2761 1368 2813 τὸ
1416 2758 1643 2828 Πνεῦμα
1683 2755 1745 2809 τὺ

165 2856 342 2925 ἅγιον,
380 2854 672 2924 ἐπιφοιτῶν
707 2872 766 2907 τε
809 2855 904 2908 καὶ
944 2852 1365 2926 περιιπτάμενόν
1399 2867 1479 2912 σε,
1511 2849 1743 2920 σχούσης

162 2947 543 3020 ἀριδηλότατα·
572 2966 591 2998 ι
630 2946 722 2999 σοῦ
748 2948 934 3018 αὐτῆς,
967 2965 985 2997 ι
1016 2946 1082 3015 ἢν
1115 2945 1275 3015 μάγοι
1308 2941 1445 3013 μετά
1468 2941 1561 2994 τοῦ
1588 2940 1745 2993 ἀστέ-

162 3055 259 3113 ρος
288 3038 400 3109 (48)
438 3038 503 3091 δι’
535 3038 762 3109 ἀστέρος
789 3035 1142 3108 ὁδηγηθέθτες
1179 3032 1614 3106 προσεκύνησαν,
1649 3030 1743 3083 καὶ

1848 1876 1978 1917 sura
2018 1876 2118 1926 es,
2169 1861 2238 1915 iis
2285 1876 2406 1931 quae
2458 1859 2760 1915 secundum
2805 1865 3056 1912 naturam
3100 1862 3432 1926 pepererunt

1848 1956 2106 2025 qualem;
2183 1956 2294 2010 imo
2359 1956 2532 2009 multo
2611 1954 2877 2022 majorem
2958 1961 3017 2009 et
3072 1953 3427 2023 graviorem;

1855 2041 2017 2113 363
2057 2049 2330 2112 quatenus
2363 2043 2575 2097 scilicet
2606 2042 2711 2095 illa:
2738 2046 2944 2112 absque
2978 2042 3246 2095 miraculo
3275 2040 3432 2094 dolo-

1855 2150 1944 2189 res
1999 2134 2293 2188 liberorum
2341 2149 2509 2189 causa
2568 2143 2856 2204 susceptos
2908 2133 3332 2196 sustinuerunt;
3374 2138 3431 2184 at

1845 2223 1992 2294 quod
2025 2232 2076 2277 te
2105 2232 2337 2293 spectat,
2379 2232 2502 2293 post
2539 2232 2747 2278 tantam
2782 2224 3154 2293 prodigiorum
3185 2222 3427 2283 turbam.

1846 2318 1969 2380 post
2000 2310 2430 2367 innumerabiles
2457 2313 2580 2367 illos
2608 2313 2996 2383 prophetarum
3018 2326 3151 2365 voce
3181 2325 3428 2380 praenun-

1846 2401 2009 2457 tiatos
2051 2412 2316 2469 eventus;
2369 2411 2492 2473 post
2545 2403 3040 2458 celebratissimam
3100 2402 3428 2472 virginitatis

1844 2495 2206 2564 integritatem
2242 2510 2307 2548 ac
2335 2495 2663 2559 custodiam,
2690 2509 2725 2549 ο
2755 2494 3113 2547 miraculum!
3152 2513 3168 2543 ι
3203 2501 3256 2547 et
3277 2502 3427 2545 tuam

1846 2584 2020 2655 ipsius
2061 2587 2299 2638 animam
2340 2586 2696 2656 pertransibit
2738 2586 2975 2655 gladius.
3018 2605 3037 2638 ι
3084 2583 3430 2654 Cujusnam?

1850 2692 1869 2725 ι
1903 2682 2072 2739 tuam,
2121 2676 2316 2745 inquit,
2378 2676 2573 2746 ipsius,
2631 2695 2650 2727 ι
2698 2691 2819 2746 quae
2874 2675 3114 2730 faustum
3171 2681 3427 2730 nuntium

1845 2764 2150 2821 Gabrielem
2181 2776 2340 2819 nacta
2369 2783 2429 2821 es
2462 2783 2526 2821 ac
2562 2776 2753 2837 partus
2787 2768 3043 2822 indicem.
3081 2786 3101 2818 «
3132 2766 3307 2821 Tuam
3344 2767 3431 2836 ip»

1845 2856 1961 2911 sius
1998 2875 2014 2905 ι
2037 2856 2340 2928 (animam),
2365 2874 2485 2927 quae
2506 2857 2762 2911 virtutem
2790 2856 3057 2911 Altissimi
3093 2856 3431 2910 obumbran-

1844 2954 1975 3007 tem,
2020 2947 2311 3017 ipsumque
2352 2947 2615 3018 Spiritum
2659 2956 2911 3003 sanetum
2946 2948 3012 3001 ad
3066 2955 3120 3001 te
3167 2961 3428 3017 superve-

1846 3037 2081 3093 nientem
2117 3055 2180 3094 ac
2209 3042 2416 3095 circum
2452 3051 2504 3096 te
2550 3042 2821 3095 volantem
2853 3038 3303 3094 manifestissime
3332 3037 3431 3091 ha-

159 3109 425 3193 ποιμένες
457 3127 593 3200 μετὰ
627 3127 871 3198 ἀγγέλων
895 3126 971 3196 τῷ
1003 3127 1132 3198 θείῳ
1163 3125 1351 3198 βρέφει
1378 3122 1742 3194 συνεμακάρι-

1852 3130 2243 3185 buisti.iTuam
2265 3133 2437 3202 ipsius
2456 3133 2716 3193 animam,
2733 3146 2925 3200 squam
2946 3130 3083 3199 magi
3104 3145 3226 3182 eum
3246 3128 3426 3191 stella,

160 3240 284 3288 σαν,
314 3223 410 3275 καὶ
441 3222 805 3293 συνύμνησαν·
844 3238 862 3271 ι
897 3219 988 3275 σοῦ
1022 3218 1213 3289 αὐτῆς,
1250 3237 1267 3268 ι
1300 3219 1365 3288 ἣν
1400 3214 1594 3269 Ἰακὼϐ
1622 3231 1740 3283 φοι-

154 3315 342 3370 τῶσαν
373 3315 450 3380 ὡς
481 3317 740 3388 οὐρανοὺς
777 3312 987 3386 ἑώρακε
1025 3311 1285 3382 κλίμακα·
1322 3308 1416 3362 καὶ
1448 3309 1687 3377 Μωῦσῆς
1715 3306 1744 3357 ὁ

155 3405 401 3475 θεόπτης
422 3406 578 3475 βάτον
595 3423 665 3457 πυ
672 3404 990 3476 ράφλεκτον,
1011 3403 1103 3455 καὶ
1118 3400 1358 3472 λυχνίαν,
1376 3398 1468 3451 καὶ
1486 3397 1741 3468 στάμνον,

152 3497 255 3549 καὶ
280 3496 489 3558 πλάκα,
512 3479 911 3567 καὶτράπεζαν·
933 3496 1027 3548 κα)⁸
1058 3491 1267 3564 Ἀαρὼν
1286 3491 1480 3563 ῥάϐδον
1503 3489 1747 3559 άνίκμως

152 3588 571 3659 βλαστήσασαν·
608 3606 626 3637 ι
668 3586 760 3640 σοῦ
788 3587 975 3657 αὐτῆς,
1017 3605 1034 3636 ι
1072 3578 1117 3637 ὦ
1148 3581 1462 3652 πανάφθορε
1489 3579 1583 3633 καὶ
1611 3595 1746 3631 παν-

149 3680 389 3749 άμωμε,
441 3680 508 3748 ἣν
554 3675 713 3729 Δαυῖδ
761 3677 858 3748 μὲν
909 3674 1137 3729 κιϐωτὸν
1189 3673 1344 3726 καλεί
1386 3671 1745 3739 ἀγιάσματος,

145 3767 423 3839 Σολομὼν
460 3768 516 3820 δὲ
545 3766 729 3838 κλίνην
772 3766 1000 3838 χρυσῆν,
1031 3766 1124 3818 καὶ
1154 3764 1360 3834 θρόνον,
1397 3764 1491 3814 καὶ
1526 3759 1748 3814 κοιλάδα

143 3862 389 3932 κρίνων’
430 3859 660 3930 ἀρετῶν,
709 3855 882 3929 οἶμαι,
926 3857 1033 3909 τῶν
1066 3855 1255 3917 θείων,
1290 3854 1383 3906 καὶ
1419 3851 1745 3923 παράδεισον

144 3953 550 4022 θεοπρύτευτον.
592 3951 701 4004 Καὶ
746 3969 763 4000 ι
792 3948 885 4002 σοῦ
917 3969 934 4001 ι
972 3948 1026 4001 δὲ
1059 3967 1075 3997 ι
1115 3948 1283 4017 αὐτῆς
1311 3945 1407 4016 τὴν
1441 3945 1616 4014 ψυχὴν
1645 3943 1751 3995 διε-

139 4045 420 4099 λεύσεται
457 4042 716 4114 ῥομφαία·
759 4040 853 4094 σοῦ
905 4060 922 4092 ι
955 4040 1055 4110 τῆς
1090 4037 1481 4108 ὲκλελεγμένης
1512 4036 1603 4088 καὶ⁹
1646 4033 1751 4107 πρὸ

135 4136 501 4205 γεννήσεως,
540 4133 640 4203 τῆς
679 4131 1098 4204 προωρισμένης
1135 4131 1243 4183 ἀπὸ
1283 4129 1391 4183 τῶν
1420 4127 1629 4181 αἰώνων
1656 4127 1750 4180 καὶ

135 4228 263 4281 ἀπὸ
304 4226 426 4278 τῶν
468 4224 687 4294 γενεῶν·
724 4241 743 4274 ι
792 4223 883 4276 σοῦ
927 4223 1116 4290 αὐτῆς.
1149 4242 1166 4272 ι
1201 4221 1266 4292 ἢν
1298 4225 1325 4274 ὁ
1354 4220 1544 4292 Πατὴρ
1570 4219 1750 4287 ἐξελέ-

137 4318 307 4383 ξατο,
346 4319 449 4370 καὶ
470 4319 498 4370 ὁ
518 4316 644 4380 Υίδς
671 4317 1027 4387 ἐνεσκήνωσε,
1064 4315 1156 4367 καὶ
1180 4315 1240 4367 τὸ
1262 4313 1485 4383 Πνεῦμα
1510 4313 1570 4365 τὸ
1600 4313 1751 4380 ᾶγιον

133 4410 497 4481 θεοπρεπῶς
528 4408 839 4462 ὲπεσκίασε·
872 4408 964 4461 καὶ
992 4409 1139 4460 πᾶσα
1179 4409 1213 4478 ἡ
1258 4406 1433 4469 κτίσις
1462 4403 1597 4457 Θεοῦ
1631 4404 1753 4474 Μη-

1847 3224 2002 3277 stella
2024 3222 2163 3278 duce
2194 3225 2497 3278 adorarunt
2524 3223 2568 3255 "
2605 3243 2617 3278 :
2655 3238 2819 3293 quam
2855 3230 3102 3292 pastores
3142 3227 3196 3274 et
3226 3220 3428 3288 angeli,

1847 3332 1953 3370 una
1983 3332 2105 3371 cum
2143 3316 2327 3371 divino
2363 3316 2569 3371 infante
2601 3317 2811 3370 beatam
2857 3314 3225 3384 pratdiearunt
3265 3319 3430 3380 atque

1846 3411 2199 3465 celebrarunt
2229 3409 2295 3463 ⁸³.
2334 3427 2351 3460 ι
2384 3408 2556 3462 Tuam
2594 3408 2769 3477 ipsius
2797 3412 3058 3467 animam,
3104 3423 3122 3454 ι
3152 3416 3316 3472 quam
3339 3398 3431 3453 Ja-

1846 3499 1952 3553 cob
1979 3499 2183 3552 sralam
2218 3499 2352 3552 vidit
2384 3497 2451 3551 ad
2481 3500 2652 3553 caelos
2692 3500 3043 3566 attingentem
3072 3492 3119 3524 ⁵³
3145 3510 3160 3557 ;
3189 3491 3430 3560 Moyses—

1849 3608 1954 3662 qne
2002 3593 2090 3647 ille
2132 3592 2224 3662 qui
2260 3591 2429 3645 Deum
2470 3592 2624 3653 vidit,
2664 3590 2863 3644 rubum
2911 3586 3317 3642 incombustum
3355 3582 3426 3647 ⁸⁸,

1849 3684 2151 3748 lucernam,
2182 3698 2388 3749 arcam,
2421 3684 2772 3750 tabulamque
2800 3695 2865 3733 ac
2896 3691 3138 3731 mensam
3170 3694 3182 3726 :
3221 3676 3424 3737 Aaron,

1850 3777 1967 3832 sine
2016 3775 2245 3830 humore
2307 3774 2703 3844 germinantem
2758 3773 2966 3839 virgam
3027 3756 3315 3834 conspexit
3355 3763 3424 3816 ".

1856 3886 1874 3918 ι
1912 3867 2083 3919 Tuam
2107 3867 2280 3935 ipsius
2302 3868 2558 3926 animam,
2593 3884 2612 3916 ›
2644 3879 2677 3917 o
2704 3864 2863 3931 plane
2896 3861 3217 3913 intemerata
3265 3865 3428 3924 atque

1852 3958 2123 4026 inculpata
2163 3956 2359 4026 Virgo!
2407 3971 2569 4026 quam
2604 3954 2768 4008 David
2805 3968 2987 4006 arcam
3032 3955 3190 4003 vocat
3220 3945 3430 4002 sancti-

1854 4048 2118 4103 ficationis
2145 4049 2220 4115 ⁵⁷;
2256 4047 2510 4101 Salomon
2542 4056 2744 4109 autem,
2769 4046 2966 4099 lectum
2990 4057 3215 4095 aureum
3250 4040 3331 4105 '3;
3364 4052 3429 4093 ac

1853 4141 2108 4193 thronum
2126 4140 2535 4208 convallemque
2564 4137 2878 4198 liliorum“,
2904 4136 3165 4188 virtutum
3193 4129 3426 4194 scilicet,

1852 4239 1912 4284 ut
1941 4240 2093 4300 puto,
2118 4231 2450 4292 divinarum,
2479 4237 2531 4283 et
2558 4228 2871 4298 paradisum
2905 4241 2934 4280 a
2968 4225 3076 4278 Deo
3098 4225 3424 4293 plantatum.

1853 4320 1918 4374 Et
1951 4337 1969 4372 ι
2014 4330 2161 4374 tuam
2229 4320 2402 4390 ipsius
2467 4320 2705 4372 animam
2757 4316 3115 4387 pertransibit
3163 4313 3425 4382 gladius:

1854 4419 2002 4465 tuam
2028 4412 2202 4481 ipsius
2229 4430 2247 4463 ι
2275 4420 2401 4466 ante
2430 4412 2767 4463 nativitatem
2791 4410 2995 4470 electae,
3030 4403 3429 4475 prwdestiiiata:

126 4475 314 4572 τέρα-
334 4501 441 4554 καὶ
472 4499 731 4553 Θεοτόκον
769 4498 1028 4570 κηρύττει
1060 4475 1372 4568 κυριῶτατά
1400 4512 1458 4548 τε
1488 4492 1581 4547 καὶ
1612 4492 1742 4563 ἁλη-

1854 4519 1884 4557 a
1906 4506 2122 4558 saeculis
2145 4511 2198 4558 et
2226 4490 2691 4574 generationibus.
2718 4524 2736 4553 ι
2762 4500 2935 4555 Tuam
2972 4500 3175 4570 ipsius.
3212 4515 3229 4547 ι
3262 4506 3431 4565 quam

129 4595 431 4649 θέστατα.
474 4613 492 4645 ι
531 4595 643 4647 Καὶ
678 4592 770 4646 σοῦ
805 4593 859 4646 δὲ
885 4594 1055 4665 αὐτῆς
1081 4594 1179 4665 τὴν
1211 4592 1386 4665 ψυχὴν
1419 4588 1748 4646 διελεύσεται

127 4688 442 4759 ῥομφαία.
471 4705 491 4738 ›

1852 4596 2019 4652 Pater
2061 4598 2246 4667 elegit,
2292 4594 2463 4651 Filius
2513 4595 2862 4658 inbabitavit,
2898 4592 3141 4663 Spiritus
3175 4596 3427 4646 sanctus,

1856 4699 1918 4746 ut
1937 4683 2059 4745 'Deo
2092 4684 2369 4754 convenit,
2396 4688 2814 4744 obrumbravit:
2851 4687 3143 4754 omnisque
3172 4688 3431 4736 creatura

122 4780 244 4835 Dei
285 4788 537 4834 matrem
599 4793 663 4833 ac
703 4777 987 4834 Deioaram
1038 4780 1416 4850 propriissime
1461 4796 1525 4838 ac
1567 4782 1853 4839 verissime
1915 4784 2198 4856 praedicat.
2237 4802 2256 4834 ‹
2295 4781 2364 4837 Et
2428 4792 2579 4838 tuam
2618 4783 2796 4855 ipsius
2837 4782 3080 4836 animam
3144 4783 3433 4845 pertrans-

122 4866 247 4927 iuu
276 4870 537 4940 gladius.
575 4888 594 4922 ι

205 4999 315 5053 17.
358 4997 469 5051 Διά
493 4997 566 5063 τί,
593 4999 775 5070 φησὶν,
810 4997 964 5069 ἐμοῦ,
996 5000 1157 5071 γέρον
1185 4999 1637 5071 θαυμασιώτατε;
1672 5001 1748 5074 μὴ

112 5093 256 5164 γὰρ
312 5091 444 5160 ἐγὼ
486 5093 619 5147 Θεοῦ
667 5094 793 5148 Υἱὸν
837 5096 1080 5167 ἐμαυτὴν
1120 5096 1463 5168 ἀνεκήρυξας
1507 5098 1599 5169 Μὴ
1639 5098 1748 5170 γάρ

110 5184 256 5253 ἐγὼ
309 5184 461 5257 περὶ
502 5185 595 5238 τοῦ
648 5184 776 5239 ναοῦ
822 5188 1239 5257 προεφήτευσα;
1290 5186 1323 5257 ἢ
1365 5188 1455 5241 τὸν
1499 5187 1750 5259 Λάζαρον

107 5280 398 5350 ἤγειρας
457 5278 491 5350 ἢ
533 5279 623 5331 τὸν
661 5278 967 5350 παράλυτον
1023 5278 1400 5349 ἐθεράπευσα;
1452 5280 1488 5350 ἢ
1546 5279 1636 5333 τὸν
1687 5282 1753 5333 ἐκ

195 5432 254 5464 ¹¹
308 5433 465 5489 Luc.
505 5447 578 5494 ιι,
615 5432 703 5486 55.
805 5434 851 5466 ⁸³
891 5431 1078 5486 Matth.
1114 5448 1189 5495 ll,
1222 5432 1378 5488 2—H.

101 5501 165 5536 ⁸⁸
213 5502 419 5558 Num.
459 5518 606 5565 xm,
640 5506 694 5559 8.
770 5502 816 5534 ⁵⁷
855 5501 1000 5559 Psal.
1033 5518 1229 5567 cum,
1265 5504 1317 5557 8.
1395 5503 1442 5535 ⁵⁸
1480 5502 1640 5558 Cant.
1683 5518 1742 5559 ιιι

188 5682 342 5755 (46)
375 5683 538 5755 _Reg.
566 5683 624 5746 2,
651 5684 856 5755 σαφῶς,

190 5753 339 5827 (47)
374 5753 466 5809 Ita
490 5758 621 5826 Reg.
651 5754 702 5810 2.
736 5755 805 5809 At
832 5753 964 5825 Reg.
989 5754 1040 5822 1,
1072 5754 1425 5827 ὑπερϐόητον.

1469 5433 1514 5465 ⁸³
1551 5431 1683 5487 Luc.
1723 5449 1792 5497 ιι,
1828 5433 1981 5489 8-H.

1928 5002 2015 5058 17.
2039 5004 2175 5068 Cur,
2211 5004 2413 5078 inquit,
2448 5019 2622 5060 meam
2652 5004 2915 5065 animam,
2947 4997 3432 5055 admirabilissime

1856 5097 2060 5153 senex?
2099 5095 2240 5151 Num
2273 5113 2374 5167 ego
2406 5099 2673 5168 meipsam
2720 5094 2814 5150 Dei
2862 5092 3062 5147 Filium
3103 5086 3434 5161 praedicavit

1856 5189 1995 5244 Num
2024 5206 2123 5260 ego
2146 5190 2215 5245 de
2239 5192 2440 5260 templo
2466 5191 2823 5261 proplietavi?
2850 5189 2932 5244 An
2956 5188 3220 5242 Lazarum
3252 5180 3433 5236 susci-

1856 5280 2004 5335 tavi?
2030 5274 2114 5333 An
2144 5283 2507 5351 paralytieum
2539 5282 2770 5337 curavi?
2797 5282 2879 5335 An
2904 5296 3052 5336 caeco
3075 5296 3105 5335 a
3142 5282 3433 5337 nativitate

2085 5433 2133 5466 "
2173 5434 2365 5491 Cenes.
2406 5453 2598 5505 xxvm,
2634 5437 2720 5491 i2.

2859 5440 2906 5471 ⁸⁸
2946 5438 3114 5496 Exod.
3152 5455 3301 5509 xxvn,
3337 5437 3429 5494 Η.

1945 5505 1992 5538 ⁸⁸
2031 5504 2190 5560 Cant.
2229 5522 2308 5572 ιι,
2351 5508 2403 5564 1.
2436 5584 2443 5589 ’

1921 5689 2035 5763 (48)
2064 5688 2199 5763 Reg.
2232 5688 2289 5757 2,
2334 5689 2471 5762 μετά
2494 5688 2588 5744 τοῦ
2625 5688 2883 5763 βρέφους.
