3832 6216
434 299 544 360 995

1592 293 1651 351 S.
1689 293 2155 352 ATllANASIUS.
2193 326 2266 338 —
2301 295 2574 354 SPURIA.

3608 291 3705 349 ωδ

436 419 620 473 visum
670 414 927 472 restitui?
972 412 1112 480 Quid
1176 428 1360 470 causae
1413 414 1520 469 erit
1571 413 1721 484 quod
1774 414 2011 469 animam

2130 416 2346 487 γενετῆς
2389 417 2587 487 τυφλὸν
2636 414 2960 488 ὠμμάτωσα
2987 413 3136 486 (49);
3181 412 3340 476 Τίνος
3393 409 3561 482 χάριν
3612 410 3706 480 τὴν

440 523 616 562 meam
670 505 884 576 gladius
936 504 1337 574 pertransibit?
1392 502 1477 557 An
1533 503 1681 575 quod
1712 502 2015 559 Sabbatum

437 598 721 654 violarim?
745 597 828 656 An
858 596 1004 665 quod
1028 595 1202 665 legem
1227 603 1575 666 transgressa
1606 596 1754 651 sim?
1786 596 1865 650 En
1895 596 2015 663 tibi,

438 692 557 761 ejus
600 688 881 746 servandae
929 702 1117 749 causa,
1146 685 1341 741 Filium
1377 687 1718 751 circumcidi,
1761 685 2021 743 Hieroso-

438 785 638 854 lymam
666 779 977 852 properavi,
1020 779 1073 832 in
1099 779 1303 849 templo
1337 779 1552 843 adsum,
1589 794 1653 833 ac
1683 780 1866 849 pullos
1897 788 2017 833 tur-

440 887 646 938 turum,
688 879 1068 943 argumentum
1125 872 1279 942 parvi
1314 873 1680 942 pauperisque
1730 872 2012 935 sacrificii,

440 966 510 1020 ad
563 966 802 1020 divinam
858 979 1066 1034 repono
1116 978 1384 1017 mensam.
1437 963 1578 1029 Quid
1629 963 1796 1033 igitur
1864 964 2017 1034 parvi

440 1055 691 1127 magnive
717 1062 801 1111 est
831 1056 885 1109 in
919 1056 1054 1124 lege,
1090 1054 1238 1123 quod
1271 1061 1617 1124 transgressa
1653 1057 1780 1118 sim,
1809 1063 1867 1108 ut
1900 1054 2017 1126 gla-

437 1147 564 1202 dius
592 1148 829 1201 animam
858 1161 1036 1201 meam
1080 1147 1151 1200 sit
1176 1147 1657 1216 pertransiturus?
1681 1146 1777 1201 Dic
1805 1147 1917 1200 cito
1949 1162 2017 1201 ne

438 1239 670 1295 delirum
702 1249 774 1306 te,
803 1254 868 1293 ac
899 1238 1067 1292 nimia
1100 1245 1259 1293 aetate
1288 1237 1647 1308 desipientem
1683 1255 1806 1295 esse
1835 1239 2017 1309 suspi-

438 1346 549 1386 cer.
595 1330 971 1400 Nequaquam,
1003 1329 1078 1382 ait
1109 1328 1334 1384 divinus
1370 1346 1560 1393 senex,
1596 1346 1659 1385 ac
1691 1331 2015 1400 prophetica

436 1423 632 1494 plenus
675 1421 868 1486 gratia.
910 1420 1056 1474 Nihil
1089 1435 1280 1475 eorum
1319 1421 1375 1475 in
1407 1436 1574 1476 causa
1621 1430 1740 1487 est;
1775 1429 1831 1474 tu
1861 1428 2015 1476 extra

436 1530 500 1569 ac
528 1528 693 1583 supra
725 1513 815 1566 illa
845 1513 1029 1567 omnia
1066 1511 1243 1582 posita
1275 1527 1369 1577 es;
1404 1511 1526 1577 sed,
1562 1531 1581 1563 ι
1615 1520 1674 1567 ut
1699 1513 2015 1567 revelentur

435 1620 501 1659 ex
552 1603 742 1658 multis
804 1592 1074 1659 cordibus.
1109 1603 1467 1674 cogitationes
1519 1605 1588 1660 δί’.
1641 1623 1660 1656 ι
1716 1603 1872 1670 Quod
1933 1604 2014 1660 ais

433 1696 709 1766 aenigmati
755 1695 933 1751 simile
960 1703 1066 1760 est,
1102 1696 1343 1750 nondum
1379 1696 1668 1766 perspicue
1705 1697 2014 1753 aﬂlictionis

2120 507 2259 579 ἐμὴν
2286 508 2465 580 ψυχὴν
2496 510 2530 580 ή
2561 508 2802 580 ῥομφαία
2826 508 3203 580 διαδραμεῖται
3223 523 3237 571 ;
3254 506 3378 559 Ὅτι
3409 505 3477 558 τὸ
3498 503 3707 558 Σάϐϐα-

2120 616 2211 652 τον
2243 599 2442 666 ἔλυσα;
2473 601 2595 652 Ὀτι
2622 600 2714 653 τὸν
2738 600 2902 670 νόμον
2927 598 3208 671 παρέϐην;
3250 595 3381 649 Ἰδοὺ
3410 594 3478 648 δι’
3503 594 3705 647 ἐκεῖνον

2117 690 2210 743 τόν
2237 707 2296 743 τε
2321 690 2449 743 Υἱὸν
2477 690 2824 761 περιέτεμον,
2857 690 2957 760 τήν
2984 705 3044 741 τε
3085 685 3441 758 Ἰερουσαλὴμ
3467 682 3702 752 ἔφθασα,

2119 783 2214 835 καὶ
2233 782 2309 853 τῷ
2328 781 2441 854 ναῷ
2464 783 2714 854 πάρειμι,
2741 782 2836 835 καὶ
2858 783 2985 845 τοὺς
3004 779 3249 843 νεοττοὺς
3270 779 3378 831 τῶν
3403 775 3704 848 τρυγόνων,

2117 872 2314 945 δεῖγμα
2338 875 2538 946 μικρᾶς
2551 891 2610 927 τε
2626 874 2719 928 καὶ
2738 873 3071 943 πενεστάτης
3089 871 3248 934 ὄντας
3269 869 3482 932 θυσίας,
3506 871 3573 938 τῇ
3592 867 3707 937 θείᾳ

2117 965 2362 1037 τραπέζῃ
2398 964 2855 1036 προσανατίθημι.
2885 962 2951 1015 Τί
2974 962 3152 1015 τοίνυν
3185 960 3332 1013 ἐστὶν
3364 961 3398 1029 ἢ
3441 957 3644 1029 μικρὸν
3672 957 3704 1025 ἧ

2121 1055 2322 1125 μεῖζον,
2340 1054 2368 1107 ὃ
2388 1054 2480 1108 τοῦ
2497 1055 2662 1126 νόμου
2680 1054 2979 1124 παρέλυσα,
3004 1053 3091 1106 ἵνα
3126 1051 3368 1125 ῥομφαία
3398 1052 3500 1121 τὴν
3531 1049 3705 1118 ψυχὴν

2118 1146 2255 1217 ἐμὴν
2282 1147 2655 1218 διελεύσηται;
2683 1147 2895 1219 Φράσον
2918 1147 2978 1200 τὸ
3005 1147 3188 1216 τάχος,
3221 1145 3419 1215 μήπως
3441 1143 3521 1206 ὡς
3544 1143 3707 1212 ὑπερ-

2118 1238 2408 1309 ϐεϐηκότα,
2438 1240 2534 1294 καὶ
2555 1239 2731 1312 πολλῷ
2746 1240 2821 1312 τῷ
2840 1240 2938 1311 βίῳ
2956 1237 3414 1309 καταγηράσαντα
3432 1231 3707 1288 ὑποπτεύ-

2119 1347 2320 1399 σωμεν.
2352 1330 2448 1397 Οὒ,
2481 1333 2644 1402 φησὶν
2670 1335 2698 1386 ό
2721 1332 2860 1397 θεῖος
2892 1333 3096 1393 ἐκεῖνος
3123 1327 3456 1401 πρεσϐύτης.
3484 1327 3581 1380 καὶ
3610 1323 3709 1396 τῆς

2118 1422 2462 1493 προφητικῆς
2519 1422 2802 1486 ἀνάπλεως
2862 1420 3106 1492 ᾖάριτος·
3159 1420 3227 1473 δι’
3279 1419 3436 1473 οὐδὲν
3476 1417 3703 1470 τούτων·

2117 1511 2222 1577 ἔξω
2248 1513 2360 1584 (50)
2387 1512 2497 1584 γὰρ
2523 1513 2730 1567 τούτων
2771 1514 2990 1567 πάντων
3029 1509 3174 1584 ἦσθα
3212 1510 3308 1566 καὶ
3348 1508 3703 1581 ὑπερέκεινα·

2116 1604 2232 1658 ἀλλ’
2265 1622 2284 1656 ι
2323 1605 2470 1669 ὅπως
2511 1604 2576 1659 ἂν
2615 1603 3077 1674 ἀποκαλυφθῶσιν
3119 1605 3184 1657 ἐκ
3223 1600 3435 1655 πολλῶν
3470 1598 3707 1670 καρδιῶν

2116 1696 2471 1767 διαλογισμοί.
2501 1715 2520 1748 ›
2549 1697 2862 1767 Αἰνίγματι,
2896 1695 3052 1765 φησὶ,
3084 1694 3262 1762 λέγεις
3297 1694 3507 1763 ὅμοιον·
3551 1688 3707 1744 οὔπω

434 1799 660 1839 causam
711 1785 998 1855 aperuisti.
1058 1784 1221 1841 Dicas
1272 1792 1488 1855 oportet
1525 1786 1781 1840 clarius:
1834 1786 2011 1840 adhuc

2130 1788 2305 1857 σαφῶς
2325 1788 2423 1859 τὴν
2452 1789 2632 1843 αἰτίαν
2652 1788 2746 1841 τοῦ
2774 1787 2981 1851 πάθους
3013 1786 3298 1856 ὲνέφηνας.
3324 1786 3517 1838 Είπεῖν
3544 1799 3606 1836 σε
3629 1782 3710 1835 δεῖ

432 1877 580 1931 enim
610 1876 909 1931 obscurum
943 1891 1009 1930 ac
1038 1877 1393 1932 tenebrosum
1440 1885 1526 1932 est
1553 1877 1699 1947 quod
1746 1877 2012 1948 loqueris.

434 1964 574 2021 Tum
629 1968 720 2023 ille
751 1987 764 2022 :
796 1965 940 2031 Tibi,
978 1967 1175 2038 inquit,
1207 1983 1240 2022 ο
1276 1967 1481 2023 Christi
1529 1968 1826 2038 possessio,
1876 1984 2016 2039 prae-

433 2060 608 2124 dium,
640 2069 694 2115 et
721 2060 1117 2123 habitaculum,
1145 2074 1360 2115 omnem
1394 2062 1753 2131 quaestionum
1798 2071 2013 2116 tuarum

433 2152 641 2207 solvam
672 2150 1066 2207 difficultatem.
1091 2152 1161 2206 At
1186 2167 1318 2208 cave
1339 2168 1428 2217 ne,
1448 2153 1493 2207 si
1516 2162 1567 2208 te
1583 2154 1739 2208 dolor
1768 2160 2010 2224 superet,

431 2242 837 2312 pusillanimem
859 2252 933 2307 te,
960 2258 1062 2299 nec
1090 2243 1228 2300 satis
1256 2244 1446 2298 virtuti
1475 2254 1751 2300 assuetam
1781 2256 1972 2316 arguat
1995 2265 2007 2300 :

431 2333 577 2403 quod
613 2334 712 2389 tibi
742 2348 851 2388 non
884 2334 1010 2404 plus
1039 2334 1165 2390 licet
1194 2334 1490 2397 ascribere,
1524 2350 1688 2404 quam
1727 2336 1828 2390 soli
1874 2336 2013 2390 lucis

432 2433 596 2496 atque
630 2425 833 2481 caloris
871 2426 1228 2481 vacuitatem.
1253 2424 1390 2480 Eum
1426 2440 1590 2496 quem
1635 2424 1820 2481 divino
1850 2426 2013 2483 modo

430 2516 667 2583 genuisti
700 2517 890 2572 visura
922 2532 982 2571 es
1011 2517 1179 2580 tradi,
1215 2516 1397 2586 ligari,
1427 2517 1682 2587 conspui,
1711 2518 2010 2583 verberari,

431 2608 660 2678 flagellis
691 2608 1049 2678 colaphisque
1097 2609 1256 2674 caedi,
1310 2608 1526 2662 calamo
1556 2609 1793 2677 percuti,
1837 2609 2013 2678 spinis

431 2697 709 2761 coronari,
741 2698 1032 2770 chlamyde
1074 2699 1249 2760 indui,
1284 2696 1691 2752 Pharisaeorum
1721 2699 2012 2755 calumniis

431 2790 640 2861 impeti,
665 2806 696 2845 a
719 2789 1034 2846 Sadducaais
1057 2792 1262 2863 probro
1293 2790 1455 2855 allici,
1489 2805 1519 2844 a
1543 2789 1724 2846 Pilato
1749 2791 2008 2862 iudicari,

431 2897 462 2936 a
490 2883 754 2938 militibus
790 2882 1029 2949 irrideri,
1066 2897 1097 2936 a
1143 2883 1372 2938 cohorte
1403 2899 1545 2953 genu
1571 2882 1712 2939 flexo
1739 2882 1957 2939 adorari
1993 2899 2007 2936 :

429 2972 733 3029 Barabbam
760 2973 947 3029 visura
977 2989 1038 3029 es
1069 2974 1146 3027 illi
1179 2975 1460 3044 anteponi,
1495 2990 1557 3029 ac
1581 2975 1754 3046 pluris
1782 2991 1849 3030 eo
1871 2975 2009 3043 ﬁeri,

430 3064 649 3120 demum
676 3065 831 3118 cruci
889 3065 1041 3119 illum
1092 3064 1260 3133 afﬁgi,
1300 3075 1456 3119 aceto
1486 3081 1611 3120 cum
1647 3066 1771 3121 felle
1806 3067 2007 3135 potari,

2117 1881 2515 1955 φανερώτερον·
2558 1878 2636 1934 ἔτι
2670 1880 2779 1953 γὰρ
2812 1878 3019 1949 ἀφανές
3058 1894 3175 1940 πως
3217 1877 3312 1931 καὶ
3345 1875 3612 1930 ύπόσκιον
3647 1874 3707 1926 τὸ

2116 1973 2463 2046 λαλούμενον.
2508 1972 2650 2043 Ἐγῶ
2685 1990 2788 2035 σοι,
2823 1972 3010 2044 φησὶν,
3044 1965 3089 2024 ὦ
3110 1969 3348 2042 Χριστοῦ
3379 1968 3709 2038 κτῆμα,καὶ

2114 2067 2221 2137 χρῆ
2228 2084 2323 2137 μα,
2336 2066 2431 2120 καὶ
2448 2067 2731 2137 σκήνωμα,
2745 2064 2852 2118 τῶν
2869 2063 3214 2135 ζητουμένων
3228 2063 3373 2115 ἅπαν
3389 2059 3548 2114 ὲπιλύ
3556 2077 3636 2113 σω
3649 2058 3710 2112 τὸ

2114 2158 2334 2229 ἄπορον.
2363 2156 2499 2210 Ἀλλ’
2521 2157 2622 2228 ὅρα
2642 2157 2714 2227 μή
2747 2172 2806 2209 σε
2828 2155 2890 2208 τὸ
2914 2155 3085 2217 πάθος
3110 2153 3338 2223 νικῆσαν
3369 2150 3707 2223 μικρόψυχόν

2114 2264 2235 2300 τινα
2255 2245 2402 2319 δείξῃ
2424 2246 2517 2299 καὶ
2541 2245 2884 2315 ἀφιλόσοφον·
2912 2245 3050 2316 ὅπερ
3066 2241 3160 2295 ἐπὶ
3181 2242 3273 2295 σοῦ
3296 2241 3479 2309 λέγειν
3508 2239 3709 2311 μᾶλλον

2113 2338 2175 2391 ού
2217 2336 2373 2408 θέμις
2414 2337 2448 2409 ἢ
2490 2336 2582 2390 ἐπὶ
2613 2336 2766 2407 ἡλίου
2820 2335 2881 2390 τὸ
2925 2332 3165 2405 ἀφεγγὲς
3209 2333 3305 2387 καὶ
3337 2331 3705 2403 ἀθέρμαντον.

2114 2429 2500 2502 Προδιδόμενον
2521 2428 2642 2499 ὄψει
2657 2428 2865 2490 τοῦτον,
2883 2429 2941 2481 ὃν
2959 2425 3281 2500 θεοπρεπῶς
3301 2424 3705 2494 ἀπεγέννησας,

2114 2520 2208 2573 καὶ
2224 2517 2613 2589 δεσμούμενον,
2638 2518 2977 2593 ὲπτυσμένρν
2997 2518 3094 2572 καὶ
3119 2515 3508 2588 ῥαπιζόμενον.
3535 2531 3710 2585 φραγ.

2113 2610 2437 2680 γελούμενον
2461 2610 2556 2664 καλ⁵
2583 2610 3029 2680 κολαφιζόμενον,
3075 2608 3308 2679 καλάμῳ
3341 2606 3707 2677 τυπτόμενον,

2113 2702 2376 2767 ἀκάνθαις
2437 2701 2890 2773 στεφανούμενον,
2952 2701 3177 2777 χλαῖναν
3235 2698 3707 2769 ὲνδιδυσκόμεναν,

2115 2792 2220 2845 ὑπὸ
2262 2794 2573 2865 Φαρισαίων
2622 2791 3151 2863 συκοφαντούμενον,
3189 2792 3297 2846 ὑπὸ
3328 2790 3709 2845 Σαδδουκαίων

2112 2883 2535 2956 ὀνειδιζόμενον,
2580 2885 2685 2938 ὑπὸ
2726 2885 2961 2939 Πιλάτου
3004 2883 3345 2955 κρινόμενον,
3395 2882 3502 2935 ὑπὸ
3541 2898 3713 2953 στρα-

2112 2977 2320 3030 τιωτῶν
2336 2977 2752 3048 χλευαζόμενον,
2781 2979 2848 3048 τῇ
2877 2975 3078 3048 σπείρᾳ
3103 2973 3570 3045 γονυπετούμενον
3598 2972 3713 3026 ·τὺν

2115 3066 2403 3139 Βαραϐϐᾶν
2418 3067 2537 3138 ὄψει
2562 3067 2976 3139 προτιμώμενον
3000 3067 3192 3120 τούτου
3217 3066 3313 3119 καὶ
3340 3065 3715 3136 προκρινόμεο

428 3156 622 3212 lancea
657 3157 953 3227 perforari,
1014 3158 1270 3226 sepulcro
1319 3156 1618 3221 concludi,
1663 3157 2009 3213 seductorem

2130 3175 2225 3213 νον·
2257 3160 2409 3223 τέλος
2440 3160 2658 3230 σταυρῷ
2685 3159 3198 3232 προσπηγνύμενον,
3225 3158 3345 3223 ὅξος
3373 3158 3516 3228 μετά
3540 3155 3712 3226 χολῆς

426 3249 639 3312 vocari,
674 3247 973 3319 signaculis
1022 3247 1314 3317 obstringi,
1348 3264 1379 3301 a
1422 3248 1691 3303 militibus
1721 3248 2010 3303 custodiri.

430 3337 529 3400 Ac,
552 3346 611 3391 ut
656 3336 985 3406 compendio
1030 3336 1229 3402 dicam,
1281 3352 1444 3390 omne
1490 3337 1543 3390 in
1592 3352 1657 3392 eo
1707 3336 1915 3392 doloris
1950 3352 2015 3392 ac

430 3429 716 3485 dedecoris
736 3443 927 3499 genus,
957 3428 1301 3484 atrocissime
1326 3429 1558 3492 illatum,
1577 3429 1763 3485 visura
1779 3445 1858 3485 es.
1880 3429 2012 3485 Pro-

430 3524 617 3587 pterea
666 3518 906 3571 animam
943 3525 1090 3571 tuam
1147 3518 1505 3587 pertransibit
1536 3518 1751 3590 gladius
1787 3535 1800 3572 :
1853 3533 1917 3575 ea
1946 3519 2014 3576 de

430 3623 599 3663 causa
631 3608 843 3678 lugebis
874 3625 938 3663 ac
970 3609 1382 3681 congemisces;
1407 3617 1459 3665 et
1481 3618 1668 3680 utpote
1700 3610 1888 3676 Mater,
1913 3628 2012 3682 pro

431 3697 570 3753 Filio
614 3699 1031 3769 lacrymaberis,
1074 3714 1240 3769 quem
1272 3699 1494 3755 scelesti
1533 3702 1697 3755 morti
1745 3701 1958 3757 tradent
1995 3718 2008 3753 :

430 3798 659 3858 tumque
710 3790 947 3844 maxime
984 3788 1150 3862 365
1200 3804 1327 3844 cum
1384 3797 1627 3845 secretas
1673 3791 1795 3846 illas
1831 3799 2011 3847 tecum

430 3881 620 3935 volves
685 3880 1079 3950 cogitationes,
1143 3880 1394 3945 scilicet,
1447 3879 1690 3937 faustum
1742 3881 2012 3939 Gabrielis

432 3971 709 4035 nuntium,
770 3972 1188 4042 conceptionem
1247 3971 1456 4041 absque
1517 3973 1745 4038 semine,
1796 3983 2011 4044 partum

432 4064 551 4120 sine
577 4064 950 4134 corruptione,
982 4064 1299 4119 inviolatam
1338 4064 1733 4135 virginitatem,
1784 4067 2013 4124 inteme-

432 4160 609 4207 ratam
639 4155 968 4220 castitatem,
1005 4154 1060 4208 in
1092 4161 1252 4224 partu
1299 4155 1624 4209 vacuitatem
1656 4157 1885 4221 doloris,
1919 4161 2012 4228 qui

438 4245 742 4298 naturalem
797 4246 990 4298 matris
1022 4245 1194 4316 legem
1246 4247 1622 4319 consequitur,
1673 4248 1801 4318 quia
1847 4250 2012 4304 nimi-

437 4347 559 4386 rum
594 4343 702 4387 tam
745 4344 872 4391 ante
919 4352 1081 4407 quam
1126 4345 1251 4408 post
1280 4347 1498 4408 partum
1527 4339 1680 4412 virgo
1720 4342 2012 4398 verissime

437 4423 613 4490 fuisti,
643 4442 707 4481 ac
736 4427 809 4481 ita
842 4430 1208 4498 permansisti.

504 4600 595 4657 l8.
628 4619 649 4653 ι
696 4602 768 4657 Ut
816 4604 1126 4658 revelentur
1155 4622 1223 4661 ex
1257 4608 1444 4664 multis
1487 4609 1751 4666 cordibus
1796 4611 2007 4682 cogita-

436 4691 632 4748 tiones.
665 4712 682 4744 ι
710 4693 1063 4751 Revelabitur
1085 4698 1285 4768 quippe
1306 4698 1524 4756 fervens
1549 4710 1715 4772 atque
1738 4704 2011 4759 ardentis-

435 4786 609 4841 simus
629 4785 776 4841 Petri
808 4789 979 4857 zelus,
1017 4792 1234 4862 tepidus
1267 4810 1331 4848 ac
1364 4794 1595 4865 frigidus
1630 4812 1726 4866 per
1760 4800 2009 4869 negatio-

434 4890 557 4930 nem
591 4875 768 4933 factus
797 4895 811 4930 :
855 4876 1084 4937 Joannis
1124 4893 1327 4951 autem,
1358 4883 1548 4940 Jacobi
1578 4893 1632 4941 et
1657 4895 2005 4953 cmterorum,

434 4982 533 5037 per
574 4968 752 5040 fugam
792 4985 900 5041 qua
941 4987 1007 5027 eo
1052 4974 1315 5030 derelicto
1358 4992 1553 5033 omnes
1596 4978 2005 5046 abscesserunt,

435 5065 593 5135 quasi
620 5068 864 5122 omnium
910 5069 1271 5125 maximorum
1321 5072 1668 5130 immemores
1711 5076 2009 5131 miraculo-

435 5168 578 5208 rum.
617 5156 745 5210 ltem
793 5159 1138 5223 revelabitur,
1189 5162 1334 5231 quod
1372 5161 1580 5219 Pilatus
1632 5164 1701 5218 ad
1733 5167 2010 5235 pmniten-

434 5244 569 5298 tiam
616 5245 936 5313 deducatur,
989 5264 1088 5320 per
1135 5266 1402 5306 manuum
1435 5253 1768 5309 ablutionem
1805 5273 1819 5309 :
1855 5256 2004 5326 quod

507 5401 553 5433 “
595 5402 727 5459 Luc.
764 5421 801 5459 ιι
824 5446 840 5471 ,
876 5406 967 5462 55.

653 5549 869 5642 ῇεᾳῖιὲ,
898 5562 1217 5642 ὠμμάτωσα
1254 5565 1627 5642 ὲν-Σαϐϐάτῳ.

652 5630 746 5706 :3?
773 5633 901 5706 Reg.
942 5630 1003 5684 ἓξ
1033 5636 1100 5686 At
1134 5634 1263 5706 Reg.
1317 5637 1367 5700 l,
1415 5630 1620 5691 τούτων
1640 5655 1651 5669 ·
1688 5638 1802 5693 ἀλλ’
1835 5644 2003 5706 ὅπως.

509 5695 620 5767 (51)
650 5698 794 5764 Haec,
824 5695 991 5773 Λόγχῃ
1016 5695 1364 5774 νυττόμῖνον,
1388 5707 1586 5763 desunt
1619 5709 1674 5763 in
1707 5709 1838 5781 Reg.
1878 5712 1928 5763 ί.

2118 3251 2491 3323 ποτιζόμενον,
2518 3252 2688 3325 λόγχῃ
2710 3253 3034 3324 νυττόμενον
3059 3251 3195 3323 (51),
3218 3251 3377 3321 τάφῳ
3400 3249 3710 3321 περικλειό.

2118 3361 2300 3416 μενον,
2318 3344 2520 3398 πλάνον
2541 3342 2960 3416 ὀνομαζόμενον,
2977 3347 3239 3415 σφραγῖσι
3264 3342 3615 3413 καταδεσμού
3624 3359 3715 3413 με·

2115 3454 2223 3501 νον,
2243 3435 2645 3508 φρουρούμενον
2665 3435 2879 3505 φύλαξι.
2896 3436 3007 3489 Καὶ
3028 3433 3384 3499 ἁπαξαπλῶς,
3406 3436 3517 3487 πᾶν
3534 3433 3715 3503 ἀλγει-

2113 3525 2201 3578 νὸν
2241 3525 2336 3578 καὶ
2364 3525 2586 3595 ἀτιμίας
2614 3525 2945 3597 ἐμφαντικὸν
2984 3527 3071 3578 ἐπ’
3102 3525 3250 3596 αὐτῷ
3278 3525 3508 3594 κατά-ζέει
3535 3542 3715 3597 πρατ-

2111 3612 2335 3683 τόμενον
2375 3613 2492 3684 μεθ’
2540 3614 2862 3687 ὑπερϐολῆς·
2904 3615 2994 3669 διὰ
3013 3614 3206 3678 ταῦτα,
3264 3615 3358 3669 σού
3389 3616 3490 3687 τὴν
3529 3615 3711 3687 ψυχὴν

2112 3701 2441 3756 διελεύσεται
2469 3704 2731 3775 ῥομφαία·
2781 3704 2869 3758 διά
2907 3705 3084 3758 ταῦτα
3113 3705 3369 3768 κλαύσεις
3402 3707 3502 3758 καὶ
3538 3707 3705 3780 mea,

2112 3793 2207 3846 καὶ
2236 3788 2324 3846 οἷα
2356 3795 2536 3866 μήτηρ
2571 3794 2862 3866 θρηνήσεις
2896 3797 2990 3849 ὲπὶ
3016 3795 3154 3867 Υίῷ,
3196 3797 3289 3849 τὸν
3319 3796 3431 3851 τῶν
3458 3797 3705 3869 κακούρ-

2112 3899 2226 3952 γων
2262 3884 2584 3955 ὑπομένοντι
2623 3886 2870 3942 θάνατον·
2913 3888 3147 3959 μάλιστα
3186 3890 3317 3953 τοὺς
3354 3889 3710 3961 ἀπορρήτους

2114 3975 2355 4040 ἐκείνους
2381 3977 2502 4032 καθ’
2535 3979 2732 4051 ἑαυτὴν
2756 3980 3106 4034 ἀνελίττουσα
3135 3981 3450 4052 λογισμούς·
3470 3977 3609 4045 οἷον,
3647 3983 3710 4035 τὸ

2112 4068 2206 4121 τοῦ
2236 4069 2274 4120 Γ
2278 4069 2473 4141 αϐριὴλ
2511 4072 2853 4142 εὐαγγέλιον,
2885 4073 2984 4143 τὴν
3018 4073 3260 4141 ἄσπορον
3282 4073 3548 4143 σύλληψιν
3567 4074 3709 4142 (Βὲ),

2110 4162 2204 4216 τὸν
2246 4164 2400 4217 τόκον
2446 4164 2537 4218 τὸν
2579 4165 2840 4238 ἄφθορον,
2885 4166 2985 4237 τὴν
3026 4166 3222 4220 ἄσυλον
3271 4167 3609 4237 παρθενίαν,
3652 4168 3715 4219 τὸ

2111 4254 2409 4325 ἀμόλυντον
2441 4256 2540 4326 τῆς
2569 4258 2811 4326 ἁγνείας,
2839 4258 2903 4311 τὸ
2938 4257 3103 4329 μηδὲν
3130 4257 3319 4311 παθεῖν
3353 4260 3412 4311 ὲν
3448 4258 3529 4327 τῷ
3560 4259 3715 4328 τόκῳ

2113 4346 2342 4416 φυσικοῦ
2372 4348 2536 4419 νόμου
2568 4349 2663 4403 καὶ
2689 4350 2958 4421 μητρικῆς
2989 4350 3332 4413 ἀκολουθίας,
3362 4349 3452 4402 διά
3483 4350 3582 4403 τοῦ
3616 4369 3715 4403 και

2041 4465 2090 4524 υ
2117 4439 2225 4509 πρὸ
2267 4439 2427 4493 τόκου
2477 4441 2571 4494 καὶ
2628 4439 2768 4510 μετὰ
2802 4442 2959 4495 τόκον
3001 4440 3269 4513 παρθένον
3302 4432 3572 4505 ὡσαύτως
3616 4426 3714 4497 καλ

2116 4526 2255 4584 εἶναι
2287 4533 2382 4585 καὶ
2416 4534 2594 4602 μεῖναι
2624 4532 3095 4604 παναληθέστατα.

2189 4622 2274 4675 18.
2315 4641 2334 4673 ‹
2375 4623 2562 4687 Ὅπως
2605 4623 2672 4677 ἂν
2712 4623 3171 4692 ἀποκαλυφθῶσιν
3204 4624 3269 4676 ὲκ
3310 4622 3526 4676 πολλῶν
3569 4640 3715 4696 καρ-

2116 4711 2245 4765 διῶν
2278 4711 2638 4783 διαλογισμοί.
2676 4734 2694 4766 ι
2754 4712 3298 4785 Ἀποκαλυφθήσεται
3336 4712 3445 4783 γὰρ
3492 4712 3717 4783 Πέτρου

2120 4803 2218 4874 μὲν
2244 4805 2272 4856 ό
2292 4804 2465 4876 πυρὸς
2496 4804 2636 4869 τέως
2658 4805 2769 4877 (55)
2795 4804 3125 4876 θερμότερος
3153 4806 3337 4874 ζῆλος,
3366 4803 3599 4875 χλιαρός
3628 4820 3716 4866 τις

2118 4894 2212 4947 καὶ
2247 4889 2358 4948 οἷον
2400 4895 2715 4968 ύπόψυχρος
2747 4896 2837 4950 διὰ
2877 4898 2976 4968 τῆς
3018 4898 3321 4967 ἀρνήσεως·
3372 4897 3630 4948 Ἰωάννου
3655 4896 3713 4948 δὲ

2119 4986 2215 5040 καὶ
2254 4987 2510 5041 Ἰακώϐου
2558 4990 2652 5042 καὶ
2696 4988 2806 5043 τῶν
2834 4990 3036 5043 λοιπῶν
3081 4989 3167 5043 διὰ
3213 4988 3316 5058 τῆς
3361 4989 3568 5058 φυγῆς,
3619 4988 3711 5061 ἧγο

2117 5079 2345 5148 ἀφέντες
2371 5081 2556 5146 αὐτὸν,
2594 5081 2835 5146 ἅπαντες
2866 5082 3084 5153 ἔφυγον,
3124 5082 3344 5136 πάντων
3371 5081 3567 5151 ῶσπερ
3598 5079 3714 5133 τῶν

2118 5169 2389 5240 μεγίστων
2424 5170 2718 5242 θαυμάτων
2751 5174 3152 5246 ἐπιλαθόμενοι.
3197 5174 3309 5229 Καὶ
3345 5169 3414 5228 αὖ
3445 5173 3615 5225 πάλιν
3645 5172 3711 5223 ἐκ

2111 5259 2205 5313 τοῦ
2239 5262 2487 5317 ἐναντίου
2527 5266 3044 5339 ἀποκαλυφθήσεται
3091 5266 3326 5328 Πιλᾶτος
3362 5265 3466 5337 μὲν
3504 5265 3588 5326 εις
3614 5261 3711 5315 τὸν

2329 5569 2469 5647 Reg;
2488 5570 2542 5634 2,
2574 5571 3010 5647 τῂνῌάπόρῤητον
3039 5575 3319 5647 σύλληψιν.

2186 5640 2299 5707 (55)
2327 5640 2566 5719 Ιιῖιὺῐὶεε.
2599 5640 2656 5697 Ξ.
2684 5640 2823 5717 Reg.
2848 5640 2986 5702 ’νει-ο
3018 5647 3070 5705 1.
3096 5649 3126 5700 ὁ
3152 5640 3421 5718 διάπυρος
3448 5645 3539 5701 καὶ
3568 5644 3709 5719 θερ-

2119 5709 2350 5781 μότατος
2383 5709 2435 5775 ζ.
