3832 6216
167 292 259 350 997

1230 302 1518 362 HOMILIA
1555 307 1624 363 IN
1658 308 2039 370 OCCURSUM
2079 313 2336 373 DOMINI.

3292 320 3398 377 998

168 410 434 483 μετάμελον
473 413 625 484 ῆκων
650 415 740 470 διὰ
766 420 867 489 τῆς
891 417 1003 472 τῶν
1033 421 1231 491 χειρῶν
1256 423 1639 498 ἀποσμήξεως·
1671 431 1688 482 'l

1776 447 1952 499 ,uxor
2006 433 2126 503 ejus
2173 434 2468 490 crediderit
2541 448 2642 507 per
2693 443 3019 491 nocturnam
3074 435 3343 492 visionem
3373 477 3390 503 ,

161 500 212 555 δὲ
236 502 403 556 τούτου
436 504 690 571 σύνευνος
718 507 794 572 ὡς
820 509 1131 578 ἐπίστευσε,
1154 512 1243 567 διὰ
1266 515 1369 586 τῆς
1390 521 1709 591 νυκτερινῆς

160 594 325 663 ὅψεως·
346 597 373 648 ὁ
394 597 795 671 ἑκατόνταρχος
824 600 914 655 διὰ
945 602 1055 657 τῶν
1083 606 1345 675 σημείων·
1390 608 1587 679 Ἰωσὴφ
1615 611 1708 664 καὶ

158 686 435 758 Νικόδημος
456 689 545 744 διά
570 691 669 761 τῆς
706 692 946 764 κηδείας·
994 694 1195 760 Ἰούδας
1226 698 1314 751 διὰ
1346 700 1439 752 τοῦ
1485 699 1702 772 βρόχου·

167 776 377 829 Ἰουδαῖοι
402 778 491 831 διὰ
519 780 580 832 τὸ
610 780 793 835 δοῦναι
825 786 939 847 τοῖς
973 784 1166 853 φύλαξι
1196 788 1265 840 τὰ
1295 790 1555 860 ἀργύρια.
1594 794 1707 846 Καὶ

156 868 480 935 ἁπαξαπλῶς,
510 871 659 943 μάχη
695 889 781 937 τις
817 875 969 929 ἔσται
1001 878 1097 931 καὶ
1131 880 1319 943 στάσις
1343 883 1620 953 λογισμῶν
1643 903 1704 939 τε

151 959 236 1013 καὶ
260 960 610 1033 διαλογισμῶν
637 965 914 1020 ἐναντίων·
950 968 1062 1021 τῶν
1088 970 1189 1039 μὲν
1219 971 1289 1024 τὰ
1321 973 1421 1042 τῆς
1452 974 1704 1042 θεότητος

149 1049 590 1123 διαλογιζομένων,
631 1054 741 1108 τῶν
775 1055 832 1110 δέ
862 1056 932 1110 τὰ
969 1060 1069 1130 τῆς
1094 1060 1532 1134 ἀνθρωπὸτητος.
1561 1066 1705 1121 Θαυ-

151 1143 355 1211 μάσουσι
387 1144 486 1214 μὲν
527 1144 658 1217 γὰρ,
704 1149 858 1217 φησὶ,
901 1150 1178 1220 πάσχοντα
1218 1157 1405 1209 τοῦτον
1444 1159 1700 1228 ὁρῶντες,

145 1237 230 1289 καὶ
255 1237 580 1305 ἀγωνιῶντα,
615 1240 712 1293 καὶ
740 1240 1015 1313 θρόμϐους
1049 1246 1288 1317 ἱδρώτων
1321 1250 1697 1321 ἐκπέμποντα·

141 1328 215 1381 ἐτι
254 1345 307 1382 τε
344 1329 643 1395 δειλιῶντα,
694 1333 791 1386 καὶ
834 1334 935 1405 τὴν
979 1336 1075 1390 τοῦ
1121 1340 1326 1405 πάθους
1367 1344 1698 1415 παραίτησιν

139 1422 570 1493 προσευχόμενον·
604 1423 705 1494 τήν
740 1441 800 1478 τε
845 1425 954 1479 τῶν
997 1430 1206 1501 νεκρῶν
1229 1432 1536 1499 ἐννοοῦντες
1563 1436 1699 1490 ἀνά-

138 1526 310 1566 στασιν
349 1514 443 1567 καὶ
482 1514 582 1585 τὴν
614 1514 722 1568 τῶν
751 1517 969 1586 τυφλῶν
997 1519 1336 1592 ὀμμάτωσιν·
1372 1527 1472 1598 τήν
1501 1545 1560 1582 τε
1587 1528 1697 1584 τῶν

133 1599 332 1673 λεπρῶν
356 1604 750 1678 ἀποκάθαρσιν,
784 1608 881 1662 καὶ
905 1610 1004 1682 τὴν
1029 1610 1138 1666 τῶν
1169 1616 1426 1686 πονηρῶν
1451 1619 1698 1691 πνευμά-

129 1709 234 1747 των
262 1694 515 1761 ἐκδίωξιν·
552 1697 647 1750 κα)⁵
689 1696 788 1769 τὴν
813 1698 980 1773 ἀλλην
1008 1702 1227 1759 ἅπασαν
1260 1708 1370 1761 τῶν
1408 1710 1497 1763 ὑπ’
1526 1713 1691 1769 αὐτοῦ

1811 528 2063 580 centurio
2110 541 2208 596 per
2260 528 2417 597 signa
2467 525 2718 599 :Joseph
2768 535 2823 585 et
2861 527 3214 596 Nicodamus,
3257 531 3392 600 quid

1811 617 2052 688 cogitent
2080 620 2410 673 revelabitur
2436 635 2533 689 per
2568 620 2777 676 funeris
2803 636 2990 677 curam
3026 637 3040 674 :
3068 621 3257 688 Judas,
3295 639 3391 694 per

1811 708 2067 778 laqueum
2102 726 2116 762 :
2147 708 2341 773 Judaei,
2393 727 2492 780 per
2522 713 2812 782 pecuniam
2856 714 3180 769 custodibus
3218 715 3391 770 tradi-

1808 806 1942 854 tam.
1988 798 2057 855 Ut
2103 817 2212 856 uno
2254 803 2424 856 verbo
2455 803 2655 871 dicam,
2702 819 2883 875 pugna
2912 805 3160 875 quaedam
3190 807 3296 860 erit
3332 815 3388 862 et

1806 890 1963 960 quasi
1988 890 2187 946 seditio
2211 893 2590 961 oppositarum
2618 896 3009 966 cogitationum
3043 906 3206 966 atque
3227 898 3389 951 ratio-
3500 911 3509 919 '

1805 979 2115 1047 ciniorum;
2165 981 2288 1036 aliis
2323 998 2444 1052 quae
2472 983 2729 1039 deitatem
2782 978 3061 1055 spectant,
3098 987 3223 1042 aliis
3264 1002 3385 1058 quae

1804 1069 2221 1135 humanitatem,
2269 1075 2658 1144 cogitantibus.
2704 1076 3051 1132 Mirabuntur
3092 1077 3264 1144 enim,
3300 1081 3385 1134 in-

1802 1162 1945 1231 quit,
1973 1177 2097 1217 cum
2125 1162 2388 1218 videbunt
2425 1181 2550 1220 eum
2584 1168 2719 1237 pati,
2746 1169 2801 1222 in
2833 1184 3006 1239 agone
3032 1185 3176 1235 esse,
3208 1171 3380 1227 sudo-

1800 1255 1880 1310 ris
1912 1262 2096 1325 guttas
2131 1257 2401 1324 emittere,
2454 1259 2694 1330 itemque
2739 1276 2936 1331 pavere
2982 1276 3047 1317 ac
3096 1262 3380 1334 deprecari

1801 1348 2133 1418 passionem.
2187 1346 2292 1403 Ubi
2338 1364 2469 1404 vero
2513 1366 2699 1407 secum
2745 1354 3100 1422 reputabunt,
3132 1365 3378 1413 mortuos

1797 1439 2192 1504 resurrexisse,
2229 1455 2408 1497 caecos
2439 1443 2617 1497 visum
2646 1444 2944 1513 recepisse,
2976 1446 3269 1503 mundatus
3297 1447 3379 1502 le-

1795 1545 2011 1600 prosos,
2058 1531 2273 1602 fugatos
2320 1533 2550 1603 spiritus
2601 1534 2896 1605 malignos,
2951 1538 3377 1608 universamque

1794 1622 1958 1676 aliam
2012 1621 2134 1692 ejus
2202 1625 2484 1694 signorum
2540 1626 2969 1694 multitudinem,
3004 1630 3372 1695 mirabuntur,

1793 1721 2143 1785 mentemque
2195 1717 2340 1771 ultro
2383 1717 2634 1788 citroque
2674 1720 3026 1776 ﬂuctuantem
3072 1722 3371 1789 habebunt,

126 1784 472 1881 τελεσθέντων
512 1786 757 1858 σημείων
799 1790 1029 1863 πληθύν·
1077 1793 1440 1867 θαυμάσουσι,
1475 1802 1688 1859 καὶτὸν

1792 1798 2041 1861 videntes
2068 1807 2183 1862 haec
2224 1808 2451 1864 minime
2481 1824 2606 1864 cum
2655 1811 2935 1881 prioribus
2963 1816 3277 1870 consentire
3307 1830 3373 1871 ac

125 1874 244 1929 νοῦν
286 1869 382 1929 ὧδε
431 1879 654 1931 κάκεῖσε
703 1878 1059 1953 κλονουμενον
1118 1885 1320 1953 ἕξουσι,
1381 1890 1686 1963 ἀσύμφωνα

122 1964 290 2020 ταῦτα
315 1970 426 2031 τοῖς
457 1971 695 2040 πρώτοις
723 1971 978 2042 ὁρῶντες,
1021 1978 1115 2030 καὶ
1150 1980 1520 2053 ἀκατάλληλα·
1554 1985 1686 2041 θαυ-

123 2059 343 2144 μάσουισι
368 2061 425 2114 δὲ
451 2061 613 2117 πάλιν
636 2065 685 2116 οἱ
713 2064 807 2118 τὸν
833 2069 1057 2139 σεισμὸν
1088 2072 1345 2143 ὁρῶντες,
1378 2079 1472 2129 καὶ
1499 2079 1597 2151 τὴν
1623 2082 1684 2136 ἐν

116 2151 303 2223 ήμέρᾳ·
320 2151 507 2217 νύκτα,
550 2154 642 2208 τόν
683 2172 743 2208 τε
784 2157 877 2211 τοῦ
922 2159 1359 2234 διαπετάσματος
1397 2168 1679 2240 διχασμὺν,

114 2243 208 2296 καὶ
234 2242 330 2314 τὴν
352 2243 461 2297 τῶν
488 2245 701 2318 πετρῶν
722 2248 1028 2322 διάρρηξιν·
1053 2252 1134 2305 ἐτι
1160 2271 1221 2307 τε
1243 2257 1354 2309 τῶν
1381 2276 1485 2331 μνη
1496 2262 1681 2330 μάτων

108 2335 208 2408 τὴν
250 2336 602 2409 ἀνακάλυψιν,
642 2340 736 2393 καὶ
766 2340 864 2411 τὴν
894 2343 1003 2395 τῶν
1038 2345 1256 2415 ςνεκρῶν
1301 2346 1676 2412 ἐξανάστασιν·

107 2426 439 2498 θαυμάσουσι
486 2433 579 2485 καὶ
623 2433 982 2506 ἐκστήσονται
1031 2439 1098 2508 τῇ
1144 2439 1365 2511 καρδίᾳ,
1411 2444 1507 2495 καὶ
1542 2445 1679 2514 πρὸς

104 2520 336 2591 ἀπορίας
380 2521 539 2592 βυθὸν
580 2527 1035 2597 καταντήσουσιν,
1092 2528 1378 2601 ἄνθρωπον
1433 2533 1534 2602 μὲν
1584 2535 1676 2589 τὸν

102 2613 445 2684 κρεμάμενον
475 2613 780 2685 βλέποντες,
805 2616 935 2671 Θεὸν
954 2616 1010 2670 δέ
1032 2617 1123 2672 τὸν
1149 2620 1478 2692 ἐνεργοῦντα
1502 2624 1676 2680 ταῦτα

98 2703 195 2756 καὶ
244 2706 699 2774 συμπεραίνοντα.
757 2708 945 2774 οὕτως
1004 2712 1549 2785 ἀποκαλυφθήσονται
1610 2718 1675 2771 ἐκ

98 2794 307 2848 πολλῶν
336 2795 570 2867 καρδιῶν
598 2797 956 2871 διαλογισμοὶ,
987 2804 1095 2856 τῶν
1129 2805 1230 2876 μὲν
1251 2806 1445 2873 ταῦτα,
1480 2808 1589 2861 τῶν
1614 2809 1672 2863 δὲ

91 2885 279 2937 ἐκεῖνα
308 2882 782 2955 διαλογιζομένων.
820 2890 961 2945 Ἀλλ’
989 2893 1138 2964 ὅμως
1164 2896 1196 2965 ή
1228 2896 1374 2967 μάχη
1403 2895 1539 2969 αῦτη
1562 2899 1671 2952 τῶν

87 2974 369 3046 λογισμῶν
392 2977 525 3048 (54),
549 2980 643 3032 καὶ
668 2982 701 3051 ή
740 2981 944 3047 στάσις,
981 2986 1075 3037 καὶ
1096 2988 1129 3056 ή
1154 2986 1370 3057 φύρσις,
1402 2990 1495 3041 καὶ
1519 2991 1552 3059 ή
1578 2990 1671 3044 ἀν-

82 3068 312 3135 τίθεσις,
351 3071 603 3141 ὁμονοίας
644 3074 740 3126 καὶ
784 3078 1124 3146 συμφωνίας,
1172 3081 1267 3133 καὶ
1308 3081 1532 3153 εἰρήνης
1567 3083 1669 3152 τῆς

75 3251 366 3322 ἑκατέρων
390 3254 499 3325 γὰρ
525 3254 553 3307 ὅ
577 3250 646 3326 ἦν
672 3254 907 3327 Χριστὸς
941 3261 1371 3331 κηρυχθήσεται,
1409 3265 1504 3317 καὶ
1533 3265 1666 3331 Θεὸς

70 3344 103 3396 ὁ
142 3343 312 3408 αὐτὸς
352 3345 446 3398 καὶ
482 3345 770 3418 ἄνθρωπος
810 3349 1261 3422 γνωρισθήσεται,
1302 3355 1665 3422 αὐτεξουσίως

69 3434 252 3488 θέλων
275 3436 375 3490 καὶ
398 3438 634 3510 ἐνεργῶν
659 3441 688 3492 ὁ
715 3441 899 3507 αὐτὸς,
934 3442 1003 3496 τὰ
1033 3444 1131 3513 μὲν
1163 3448 1228 3517 τῇ
1254 3445 1488 3517 θεότητι,
1515 3448 1583 3502 τὰ
1606 3450 1665 3504 δὲ

60 3529 136 3596 τῇ
167 3526 581 3599 ἀνθρωπότητι.
626 3530 810 3585 Ταῦτα
859 3533 958 3603 μὲν
989 3529 1082 3587 οὖν
1111 3531 1264 3590 εἶπεν
1308 3537 1395 3600 ἂν,
1437 3537 1611 3610 οἶμαι,
1636 3545 1665 3597 ό

61 3616 222 3680 θεῖος
249 3618 425 3684 ὅντως
464 3621 558 3674 καὶ
612 3621 966 3694 Ἄϐραμιαίος
997 3626 1204 3691 ἐκεῖνος
1242 3628 1574 3701 πρεσϐύτης,
1614 3632 1670 3686 ετ

55 3725 151 3771 τις
183 3710 357 3763 αὐτὸν
380 3711 596 3783 διήρετο
622 3716 750 3786 περὶ
774 3717 997 3771 τούτων.

136 3802 232 3855 19.
278 3800 418 3855 Εἶτα
468 3807 585 3875 μετ’
632 3807 795 3860 αὑτὸν
845 3808 1174 3879 παρίσταται
1220 3813 1313 3865 καὶ
1365 3814 1535 3868 Ἄννα
1582 3814 1662 3886 τῷ

47 3892 391 3963 γράμματι,
422 3897 675 3968 γηραίοις
718 3898 1003 3969 βαδίζουσα
1044 3901 1305 3973 βήμασιν·
1335 3905 1519 3958 ἐκάλει
1549 3904 1659 3977 γὰρ

47 3986 159 4037 καὶ
197 3985 383 4057 αὐτὴν
415 3987 476 4040 τὸ
518 3991 835 4061 μυστήριον,
879 3995 1216 4065 προφητείας
1247 3996 1406 4067 χάριν
1440 3996 1661 4070 πληρώ-

46 4092 295 4129 σουσαν·
329 4077 479 4142 ὅπως
501 4079 595 4133 καὶ
621 4080 759 4152 αὑτὴ
791 4085 1142 4154 προφητικῶς
1168 4091 1554 4161 μαρτυρήσειν,
1579 4091 1658 4155 ὡς

43 4166 341 4237 ἐγνώρισε
373 4169 579 4242 Κύριος
601 4171 664 4224 τὸ
687 4175 951 4245 σωτήριον
981 4177 1167 4243 αὑτοῦ,
1195 4180 1291 4233 καὶ
1314 4180 1388 4244 ὡς
1415 4183 1655 4236 ἐναντίον

43 4259 162 4313 τῶν
190 4260 377 4313 ἐθνῶν
404 4261 722 4334 ἁπεκάλυψε
753 4266 854 4338 τὴν
886 4268 1235 4342 δικαιοσύνην
1268 4274 1454 4330 αὐτοῦ.
1493 4275 1656 4330 Ἀλλά

43 4350 286 4422 πρῶτον
319 4354 422 4423 μὲν
448 4356 513 4408 ἐκ
534 4357 628 4410 τοῦ
655 4359 985 4429 Εὑαγγελίου
1020 4362 1341 4435 πυθώμεθα,
1368 4367 1452 4430 τίς
1474 4385 1535 4420 τε
1557 4370 1653 4423 καὶ

1791 1910 2111 1968 congruere.
2136 1897 2481 1954 Mirabuntur
2505 1900 2656 1965 item,
2681 1902 2774 1972 qui
2805 1911 2965 1959 terrae
2990 1915 3194 1961 motum
3221 1907 3373 1963 vide-

1790 1988 1948 2054 bunt,
1983 1996 2310 2061 noctemque
2345 1991 2400 2045 in
2427 1991 2516 2047 die
2559 1993 2953 2064 obtingentem,
2998 1998 3232 2053 scissum
3276 2014 3373 2054 ve-

1788 2080 1947 2146 lum,
2007 2081 2259 2153 diruptas
2326 2091 2542 2153 petras;
2603 2086 2940 2158 insuperque
3011 2099 3368 2147 monumenta

1786 2181 1996 2242 aperta,
2050 2188 2115 2228 ac
2153 2184 2499 2230 mortuorum
2550 2180 3029 2235 resurrectionem.
3082 2181 3367 2239 Mirabun-

1787 2269 1897 2329 tur,
1929 2263 2096 2319 corde
2122 2263 2535 2336 obstupescent,
2561 2275 2724 2338 atque
2762 2270 2831 2326 ad
2869 2271 3039 2325 imum
3070 2273 3371 2330 dubitatio-

1785 2354 1873 2409 nis
1920 2354 2324 2426 demergentur,
2384 2373 2511 2413 cum
2544 2359 2822 2417 hominem
2854 2377 3182 2434 suspensum
3240 2383 3364 2422 cer-

1782 2452 1948 2514 nent;
2005 2445 2307 2517 Deumque,
2357 2457 2509 2505 tanta
2560 2452 2715 2522 signa
2748 2464 3063 2522 operantem
3109 2472 3173 2511 ac
3201 2457 3366 2527 perﬁ-

1782 2536 2036 2593 cientem.
2070 2539 2150 2593 Ita
2180 2542 2573 2597 revelabuntur
2605 2559 2673 2599 ex
2703 2545 2892 2600 multis
2919 2547 3182 2603 cordibus
3212 2550 3364 2621 cogi-

1780 2629 2041 2695 tationes,
2072 2630 2351 2697 aliishaec,
2385 2635 2510 2690 aliis
2558 2636 2650 2690 illa
2680 2638 3068 2707 cogitantibus.
3104 2640 3363 2700 Attamen

1779 2720 1969 2778 isthaec
2024 2725 2420 2794 cogitationum
2493 2742 2717 2798 pugna,
2774 2730 3014 2795 seditio,
3060 2730 3357 2798 confusio,

1777 2815 2159 2882 contradictio,
2188 2832 2372 2873 rerum
2398 2821 2670 2890 oppositio
2693 2839 2708 2889 ;
2731 2838 3000 2893 supremae
3023 2825 3354 2891 concordiae,

1775 2908 2155 2964 consensionis
2194 2924 2259 2971 ac
2289 2912 2444 2980 pacis
2471 2927 2658 2979 causa,
2710 2912 2970 2970 Ecclesiae
3002 2915 3188 2971 futura
3219 2925 3302 2973 est
3337 2936 3355 2986 ;

1774 3015 1840 3055 ex
1872 3001 2123 3071 utrisque
2153 3003 2299 3058 enim
2331 3004 2724 3074 praedicabitur
2751 3008 2883 3077 quid
2920 3017 3039 3063 erat
3065 3008 3350 3066 Christus:

82 3092 312 3135 τιυεσις,
351 3092 603 3141 ομονοιας
644 3092 740 3126 και
784 3092 1124 3146 συμφωνίας,
1172 3092 1267 3133 και⁹
1308 3092 1532 3153 εἰρήνης
1567 3092 1669 3152 της

78 3161 348 3214 ἀνωτάτω
389 3164 455 3232 τῇ
521 3164 815 3237 Ἐκκλησία
866 3169 1198 3239 χρηματίσει
1247 3172 1558 3243 παραίτιος·
1598 3175 1665 3228 δι’

1776 3092 2030 3163 idemque
2082 3093 2229 3151 Deus
2282 3102 2338 3150 et
2375 3096 2537 3150 bomo
2586 3096 2763 3153 fuisse
2815 3107 3206 3170 cognoscetur,
3257 3102 3356 3173 qui

1776 3184 1890 3243 inse
1921 3202 2063 3241 unus
2095 3187 2272 3243 libero
2304 3203 2405 3243 suo
2448 3188 2681 3243 arbitrio
2707 3191 2874 3243 vellet
2921 3201 2975 3243 et
3004 3204 3349 3243 oneraretur.

1771 3184 1890 3254 ipse
1921 3202 2063 3241 unus
2095 3187 2272 3243 libero
2304 3203 2405 3243 suo
2448 3188 2681 3243 arbitrio
2707 3191 2874 3245 vellet
2921 3201 2975 3248 et
3004 3204 3349 3263 operaretur,

1768 3275 1884 3332 haec
1936 3279 2239 3334 secundum
2290 3278 2550 3335 deitatem
2586 3321 2600 3346 ,
2649 3281 2743 3336 illa
2803 3284 3104 3339 secundum
3154 3285 3353 3341 huma-

1766 3368 2012 3422 nitatem.
2070 3367 2198 3423 Haec
2269 3376 2402 3439 puto
2466 3369 2717 3426 dicturus
2768 3380 2888 3427 erat
2950 3372 3351 3433 Abrahamicus

1766 3458 1857 3514 ille
1895 3475 2083 3525 senex,
2122 3460 2170 3517 si
2212 3464 2337 3534 quis
2380 3477 2505 3518 eum
2548 3462 2636 3519 his
2665 3464 2734 3520 de
2776 3465 2942 3522 rebus
2992 3474 3349 3537 percontatus

1764 3556 1932 3606 esset.

1832 3808 1921 3864 i9.
1952 3808 2081 3865 Post
2109 3808 2262 3864 illum
2298 3808 2356 3864 in
2385 3808 2672 3881 Scriptura
2705 3810 2863 3866 Anna
2890 3812 3128 3879 sistitur,
3175 3815 3339 3871 senili

1759 3917 1950 3974 gressu
1977 3901 2238 3959 incedens
2264 3918 2277 3955 :
2302 3918 2428 3957 nam
2446 3912 2502 3959 et
2531 3905 2706 3976 ipsam
2736 3907 3058 3978 mysterium
3082 3909 3337 3975 vocabat,

1757 3995 2056 4065 prophetiae
2108 3996 2339 4065 gratiam
2392 4003 2556 4066 atque
2611 4013 2812 4053 munus
2862 4000 3244 4070 impleturam;
3279 4010 3340 4058 ut

1756 4085 1876 4155 ipsa
1904 4101 2124 4157 quoque
2151 4086 2465 4157 prOpbetice
2500 4088 2891 4144 testiﬁcaretur
2938 4092 3085 4159 quod
3143 4103 3336 4148 notum

1756 4178 1979 4234 fecisset
2022 4178 2289 4235 Dominus
2318 4180 2559 4236 salutare
2591 4197 2773 4247 suum,
2827 4191 2883 4238 et
2929 4183 2986 4238 in
3034 4195 3337 4255 conspectu

1753 4271 1994 4341 gentium
2026 4272 2324 4327 revelasset
2350 4272 2622 4341 justitiam
2658 4288 2813 4327 suam
2858 4274 2925 4329 “.
2955 4279 3024 4329 At
3050 4292 3117 4330 ex
3155 4274 3339 4332 Evan-

1752 4363 1894 4434 gelio
1941 4364 2181 4434 primum
2239 4366 2588 4420 sciscitemur
2637 4382 2887 4437 quamam
2922 4367 3038 4422 haec
3090 4376 3144 4424 et
3178 4371 3335 4440 cujas

43 4445 229 4552 radva
262 4445 410 4552 αῦτη
453 4448 781 4552 καθέστηκε,
822 4454 915 4507 καὶ
953 4455 1046 4508 ἐπὶ
1077 4456 1250 4521 ποίοις
1287 4460 1381 4513 καὶ
1410 4460 1539 4513 πότε
1572 4462 1650 4533 τῷ
1680 4496 1688 4550 1

1776 4462 1920 4519 :sset,
1957 4470 2064 4526 qua
2095 4455 2163 4512 de
2184 4472 2354 4512 causa
2379 4464 2433 4512 et
2454 4458 2676 4527 quando
2698 4460 2909 4514 venerit
2938 4461 2992 4514 in
3025 4463 3287 4532 templum
3313 4479 3327 4516 :

44 4536 186 4607 ερῷ
209 4537 547 4610 ἐφέστηκεν·
572 4538 728 4606 αὖθις
751 4561 811 4596 τε
833 4546 993 4600 ὁποῖα
1016 4546 1221 4616 ἔλεγεν,
1245 4551 1645 4623 ἐρευνήσωμεν.

43 4628 183 4698 Ρησὶ
221 4628 345 4699 γὰρ
376 4632 406 4682 ὁ
434 4632 851 4707 εύαγγελιστής·
890 4655 908 4688 ι
940 4640 1050 4692 Καὶ
1078 4635 1147 4711 ἦν
1182 4642 1351 4695 Ἀννα
1379 4644 1649 4715 προφῆτις

43 4719 313 4791 ὑυγάτηρ
331 4723 578 4795 Φανουὴλ
597 4726 661 4779 ἐκ
681 4726 853 4799 φυλῆς
886 4729 1071 4802 Ἀσήρ·
1102 4730 1241 4803 αὕτη
1276 4735 1648 4807 προὸεὸηκυω

50 4829 87 4863 ν
130 4813 402 4883 ἡμέραις
433 4815 674 4881 πολλαῖς·
721 4817 933 4890 ζήσασα
985 4824 1101 4893 μετ’
1135 4826 1324 4897 ἀνδρὸς
1371 4828 1465 4899 ἔτη
1507 4829 1648 4884 ἐπτά

43 4901 145 4954 me
178 4905 297 4974 τῆς
330 4906 634 4977 παρθενίας
674 4912 863 4981 αὐτῆς·
897 4914 991 4967 καὶ
1022 4915 1160 4987 αὐτὴ
1203 4918 1347 4988 χήρα
1389 4919 1465 4983 ὠς
1509 4921 1646 4974 ἐτῶν

45 4995 394 5066 γδοήκοντα
414 5002 711 5073 τεσσάρων·
747 5006 781 5076 ἢ
816 5006 913 5060 οὐκ
937 5008 1200 5078 ἀφίστατο
1226 5012 1335 5066 ἀπὺ
1357 5012 1450 5066 τοῦ
1475 5014 1642 5086 ίεροῦ,

46 5087 339 5155 ηστείαις
374 5092 471 5144 καὶ
492 5092 706 5164 δεήσεσι
733 5096 1071 5169 λατρεύουσα
1094 5101 1264 5156 νύκτα
1291 5105 1385 5156 καὶ
1408 5105 1638 5177 ἡμέραν.

43 5175 138 5226 ἰαὶ
164 5175 356 5247 αὕτη,
390 5180 527 5252 αὐτῇ
548 5186 615 5255 τῇ
644 5182 762 5255 ὥρᾳ
790 5188 1076 5252 ἐπιστᾶσα,
1107 5175 1537 5262 ἀνθωμολογεῖτο
1564 5195 1642 5266 τῷ

43 5263 255 5334 ζυρίῳ,
300 5268 405 5320 καὶ
441 5269 618 5324 ἐλάλει
654 5274 783 5344 περὶ
817 5276 983 5330 αὐτοῦ
1018 5281 1151 5332 πᾶσι
1184 5284 1295 5345 τοῖς
1342 5263 1638 5355 προσδεχοξ

43 5355 223 5421 ένοις
274 5357 555 5435 λύτρωσιν
592 5367 650 5419 ἐν
690 5367 1061 5442 Ἰερουσαλήμ.
1099 5391 1117 5424 ι
1154 5374 1251 5438 Τίς
1282 5376 1310 5428 ὁ
1348 5374 1506 5446 λόγος
1540 5377 1635 5432 τοῦ

76 5540 129 5571 ⁸³
179 5537 354 5596 Psal.
393 5556 570 5611 xcvn,
602 5544 655 5599 2.
731 5548 777 5581 ⁸³
815 5548 948 5607 Luc.
985 5569 1059 5619 ιι,
1094 5554 1283 5610 '56—'58.

72 5696 213 5768 (54)
263 5695 414 5769 Reg.
445 5699 502 5767 2,
526 5701 910 5775 διαλογισμῶν.

1751 4561 1818 4602 ac
1868 4562 2086 4603 rursum
2147 4565 2268 4619 quae
2323 4549 2523 4604 dixerit
2572 4561 2978 4620 percontemur.
3041 4553 3131 4609 Ait
3185 4557 3331 4610 enim

1751 4638 2089 4708 evangelista
2123 4659 2136 4695 :
2177 4658 2196 4692 ι
2237 4640 2303 4695 Ει
2341 4648 2457 4696 erat
2480 4641 2636 4696 Anna
2671 4644 3019 4714 prophetissa
3049 4645 3159 4700 tilia
3186 4645 3332 4700 Pliao

1748 4730 1900 4792 nuel,
1959 4730 2026 4786 de
2072 4732 2216 4787 tribu
2262 4732 2441 4789 Aser:
2484 4734 2599 4789 haec
2644 4745 2988 4805 processerat
3021 4737 3076 4793 in
3134 4739 3329 4795 diebus

1750 4822 1961 4886 multis,
2013 4834 2067 4878 et
2103 4824 2313 4879 vixerat
2345 4841 2472 4880 cum
2527 4827 2650 4883 viro
2703 4843 2806 4883 suo
2849 4829 3008 4885 annis
3057 4837 3261 4898 septem
3296 4844 3331 4883 a

1749 4914 2065 4985 virginitate
2092 4931 2194 4972 sua
2228 4932 2242 4969 :
2269 4926 2324 4973 et
2355 4918 2472 4973 haec
2502 4917 2668 4973 vidua
2699 4921 2848 4975 velut
2876 4934 3145 4973 annorum
3168 4926 3326 4973 octo-

1748 5012 1898 5081 ginta
1928 5021 2202 5082 quatuor;
2235 5027 2355 5083 qua’.
2398 5028 2510 5070 non
2538 5013 2857 5069 discedebat
2885 5012 2952 5066 de
2990 5012 3213 5080 templo,
3242 5012 3325 5079 je-

1744 5102 1917 5172 juniis
1947 5111 2001 5156 et
2043 5104 2521 5163 obsecrationibus
2564 5105 2812 5161 serviens
2842 5113 3002 5158 nocte
3026 5118 3091 5157 ac
3113 5104 3222 5158 die.
3260 5102 3324 5158 Et

1745 5193 1884 5257 haec,
1918 5193 2035 5263 ipsa
2069 5195 2204 5250 hora
2235 5197 2646 5266 superveniens,
2680 5196 2925 5251 vicissim
2958 5194 3323 5249 conﬁtebatur

1743 5283 1996 5353 Domino,
2025 5297 2079 5344 et
2108 5290 2434 5360 loquebatur
2460 5292 2526 5348 de
2557 5292 2652 5346 illo
2681 5291 2939 5346 omnibus
2993 5289 3087 5360 qui
3125 5302 3322 5356 e\spe-

1742 5382 1963 5438 ctabant
2023 5383 2454 5457 redemptionem
2529 5386 2588 5441 in
2644 5383 2946 5441 Jerusalem
2999 5383 3063 5437 “.
3119 5401 3139 5435 ι
3178 5378 3320 5448 Quid
