3832 6216
444 270 553 328 999

1578 262 1637 319 S.
1679 258 2146 317 ATIIANASIUS.
2181 294 2250 304 —
2292 260 2570 318 SPURIA.

3589 255 3729 314 £000

447 397 631 438 causa
657 387 744 437 est
770 379 917 451 quod
940 378 1079 436 adeo
1108 384 1425 434 accuratam
1453 378 1792 447 evangelista
1839 375 2029 431 fecerit

2178 377 2393 449 σιαύτην
2437 377 2642 447 ἀκριϐῆ
2695 378 2828 450 περὶ
2875 375 2978 448 τῆς
3027 374 3359 447 προφήτιδος
3400 373 3618 444 ταύτης
3650 375 3734 427 τὸν

448 475 615 545 hujus
651 474 1023 546 .pr0phetissae
1068 472 1479 535 narrationem;
1524 478 1586 524 ut
1622 478 1679 525 et
1738 481 1950 541 patrem
1979 479 2035 525 et

447 566 711 622 familiam
743 566 863 636 ejus
894 564 1304 627 memoraverit,
1339 564 1484 635 quod
1522 564 1611 617 vix
1655 563 1723 618 de
1754 564 1863 617 alio
1894 577 2036 632 quo-

447 673 613 729 quam
644 657 995 728 reperiatur?
1016 657 1159 713 Sane
1176 664 1381 710 certam
1410 655 1642 725 hujusce
1672 655 1751 709 rei
1779 669 2032 718 causam,

447 753 603 807 solus
670 752 882 806 noverit
950 759 1270 804 sanctorum
1334 747 1522 813 Deus,
1585 748 1734 818 iique
1802 747 1897 817 qui
1966 763 2036 801 ex

444 843 568 912 ejus
604 841 843 913 Spiritus
884 842 1151 897 instinctu
1186 842 1505 911 loquuntur,
1539 839 1796 910 mysteria
1828 838 2032 903 edocti,

442 932 601 1002 juxta
642 933 891 987 divinum
934 932 1282 1003 Apostolum.
1332 930 1458 986 Haec
1504 947 1673 1002 porro
1712 932 2036 1003 prophetica

444 1024 607 1096 365
626 1024 839 1095 fulgens
852 1026 1050 1095 gratia,
1070 1026 1137 1079 iis
1166 1024 1261 1094 qui
1292 1024 1347 1078 in
1369 1023 1672 1079 Jerusalem
1698 1024 2035 1093 redemptio-

444 1132 570 1171 nem
586 1119 978 1187 exspectabant
1001 1157 1017 1179 ,
1038 1130 1069 1170 a
1089 1115 1198 1170 Deo
1214 1116 1396 1170 datam
1420 1115 1680 1171 afferebat
1699 1116 2037 1171 consolatio-

445 1223 592 1275 nem,
636 1224 761 1263 cum
795 1209 1022 1271 diceret,
1066 1207 1316 1262 universi
1359 1207 1652 1263 advenisse
1703 1204 2038 1277 Redempto-

443 1315 586 1363 rem,
608 1300 964 1370 omniumque
994 1297 1334 1353 Salvatorem
1360 1299 1579 1353 venisse
1605 1306 1661 1353 et
1689 1299 2036 1369 apparuisse,

442 1404 599 1447 suam
634 1392 1044 1461 redempturum
1105 1390 1401 1460 imaginem
1426 1430 1442 1456 ,
1492 1391 1857 1463 liberaturum
1892 1390 2037 1460 quod

441 1483 764 1538 condiderat
815 1482 1119 1553 opiﬁcium.
1175 1481 1388 1539 Idcirco
1436 1483 1583 1538 enim
1640 1482 1896 1538 Christus
1946 1482 2039 1538 Je-

442 1590 539 1632 sus
573 1584 823 1641 vocatur,
872 1575 1146 1647 siquidem
1195 1574 1360 1632 Jcsus
1416 1574 1670 1630 Salvator
1699 1576 2037 1646 interpreta-

442 1677 558 1726 tur.

2134 469 2529 541 εὐαγγελιστὴν
2585 468 2918 539 ποιήσασθαι
2968 467 3071 539 τὴν
3122 467 3424 538 ἀφήγησιν
3458 464 3612 518 ὥστε
3646 468 3734 518 καὶ

2133 562 2228 617 τοῦ
2246 562 2453 633 ταύτης
2477 561 2684 632 πατρὸς
2705 562 2799 614 καὶ
2820 561 2920 630 τῆς
2945 559 3119 629 φυλῆς
3145 557 3577 629 ἐπιμνησθῆναι,
3602 558 3733 628 ὅπερ

2134 655 2221 709 ἐπ’
2244 655 2418 709 οὐδενὶ
2445 655 2618 727 ἑτέρῳ
2643 654 2827 725 σχεδὸν
2854 651 3115 724 εὖρηται;
3137 651 3240 703 Τὸν
3267 650 3365 721 μὲν
3388 650 3525 719 περὶ
3544 648 3732 701 τούτου

2133 749 2340 821 ἀκριϐῆ
2365 748 2523 817 λόγον
2550 748 2711 819 μόνος
2738 745 2802 800 ἂν
2825 746 2993 816 εἰδείη
3020 744 3184 807 αὐτὸς
3202 745 3231 796 0
3250 742 3358 795 τῶν
3381 742 3559 810 ἁγίων
3583 741 3732 805 Θεὸς.

2134 842 2230 896 καὶ
2254 844 2304 896 οἱ
2333 845 2400 913 τῇ
2425 839 2593 894 αὐτοῦ
2619 839 2855 910 ἐμπνοία
2878 838 3020 892 Πνεύ
3029 854 3196 907 ματος
3221 834 3334 907 (55)
3359 835 3572 899 λαλεῖν,
3599 836 3734 888 κατά

2134 935 2226 988 τὸν
2257 934 2399 987 θεῖον
2415 932 2765 995 Ἀπόστολον,
2790 929 3159 1000 δεδιδαγμένοι
3189 929 3366 999 μυστή
3377 945 3491 997 ρια’
3517 928 3661 1000 αὑτὴ
3680 928 3735 981 δέ

2136 1031 2450 1099 προφητικῇ
2482 1027 2863 1095 διαλάμπουσα
2894 1024 3102 1095 χάριτι,
3125 1026 3239 1087 τοῖς
3268 1021 3733 1093 προσδεχομένοις

2136 1121 2194 1174 ἐν
2208 1120 2561 1193 Ἰερουσαλὴμ
2575 1118 2845 1191 λύτρωσιν
2857 1114 3273 1189 (56),θεόσδοτον
3290 1112 3553 1183 ἐνεγέννα
3570 1114 3736 1185 παρά-

2136 1217 2348 1287 κλησινο
2371 1216 2454 1268 ὃτι
2474 1217 2502 1268 0
2520 1213 2613 1267 τοῦ
2633 1212 2834 1275 παντὸς
2859 1210 3175 1283 Λυτρωτὴς,
3192 1207 3451 1277 λέγουσα,
3481 1207 3733 1279 παραγέ-

2137 1324 2285 1377 γονε,
2310 1306 2536 1360 καὶτῶν
2557 1306 2775 1360 πάντων
2799 1306 2829 1358 0
2846 1304 3039 1375 Σωτὴρ
3053 1300 3182 1373 ἦλθε
3205 1302 3302 1356 καὶ
3321 1302 3732 1372 πεφανέρωται,

2135 1400 2236 1472 τὴν
2264 1397 2400 1453 ἰδίαν
2423 1400 2609 1453 εἰκόνα
2624 1396 2955 1470 λυτροῦσθαι
2976 1395 3322 1466 βουλόμενος,
3345 1397 3441 1450 καί
3460 1394 3661 1459 σώζειν
3680 1394 3735 1446 τὸ

2138 1494 2366 1564 πλάσμα
2399 1492 2589 1556 θέλων,
2640 1491 2669 1544 ὃ
2717 1490 2942 1544 ἔπλασε.
2976 1488 3076 1542 Διὰ
3105 1488 3267 1542 τοῦτο
3294 1488 3405 1561 γὰρ
3438 1491 3469 1543 0
3501 1486 3735 1561 Χριστὸς

2152 1585 2359 1656 Ἰησοῦς
2376 1584 2724 1656 ὀνομάζεται,
2757 1582 2947 1653 ἐπειδὴ
2976 1582 3070 1636 καὶ
3097 1581 3290 1653 Σωτὴρ
3325 1583 3355 1635 0
3397 1581 3617 1653 Ἰησοῦς
3649 1582 3735 1654 ἐρ-

2143 1676 2459 1751 μηνεύεται.

512 1762 604 1819 20.
629 1761 729 1819 His
760 1738 1127 1818 omnibus'ita
1160 1760 1352 1831 gestis,
1390 1759 1466 1814 ita
1495 1759 1818 1825 ennntiatis,
1844 1759 2029 1815 obstu-

2203 1738 2293 1824 ὲθ.
2338 1769 2556 1822 Τούτων
2590 1766 2647 1821 δὲ
2676 1767 2898 1822 πάντων
2929 1742 3232 1837 γινομένων
3257 1767 3375 1830 τοῖς
3414 1765 3732 1835 πράγμασι,

442 1854 702 1927 poscebat
719 1853 813 1910 Dei
832 1862 1007 1909 mater
1025 1852 1217 1915 Maria,
1236 1861 1291 1907 et
1308 1851 1613 1906 mirabatur
1641 1853 1735 1922 qui
1765 1868 1872 1905 una
1901 1852 2035 1907 ade-

440 1955 530 2002 rat
555 1946 780 2016 Joseph.
826 1947 1071 2018 lmpletis
1111 1956 1298 2000 tamen
1335 1944 1404 2001 iis
1436 1960 1558 2015 quae
1595 1936 1716 2016 lege
1760 1952 2033 2016 prarcepta

440 2045 631 2103 erant;
663 2037 933 2110 siquidem
961 2037 1184 2091 advenit
1215 2035 1474 2092 Christus
1504 2038 1689 2091 omnia
1720 2052 1843 2107 quae
1894 2036 2032 2107 legis

441 2138 573 2185 sunt
606 2131 955 2199 impleturus,
987 2145 1052 2184 ac
1084 2130 1245 2185 ﬁnem
1281 2130 1416 2200 legis
1441 2131 1729 2199 praeceptis
1760 2130 2029 2196 daturus;

444 2221 502 2277 in
534 2220 768 2277 Nazaret
795 2223 1118 2285 remigrant,
1145 2221 1236 2276 ubi
1269 2236 1298 2274 a
1326 2220 1580 2277 Galirielc
1610 2220 1851 2275 faustum
1893 2238 2035 2275 nun-

442 2313 578 2367 tium
609 2321 898 2382 acceperat
931 2329 996 2368 ea
1037 2328 1159 2384 quae
1197 2294 1541 2366 Salvatorem
1580 2311 1788 2365 mundo
1820 2313 2031 2383 genuit,

439 2420 672 2476 quaeque
701 2405 821 2460 sine
852 2407 1061 2462 semine
1090 2403 1454 2475 concipiendo
1492 2419 1783 2474 praegnans
1818 2403 1944 2468 fuit,
1981 2414 2036 2459 et

440 2498 595 2567 virgo
639 2507 763 2567 post
801 2506 1019 2567 partum
1052 2498 1277 2560 mansit,
1316 2496 1745 2565 videntibusque
1775 2495 2035 2552 omnibus

439 2589 681 2645 ostendit
732 2597 922 2643 notmn
971 2590 1179 2643 factum
1213 2604 1338 2643 esse
1372 2588 1613 2643 salutare
1664 2585 1780 2653 Dei,
1822 2588 2036 2644 lumen-

440 2696 548 2753 que
600 2680 857 2751 gentibus
906 2680 1188 2747 illuxisse;
1225 2678 1320 2734 Dei
1357 2679 1488 2734 item
1520 2678 1795 2748 justitiam
1836 2692 1902 2732 ac
1948 2694 2037 2734 re-

439 2774 809 2844 demptionem
844 2773 901 2827 in
931 2773 1190 2828 omnibus
1232 2779 1397 2827 terra:
1421 2770 1623 2826 ﬁnibus
1653 2771 1976 2840 apparuisse
2004 2786 2020 2836 ;

440 2882 507 2923 ac
537 2874 806 2939 quotquot
843 2872 1169 2937 receperunt
1201 2881 1351 2933 eum,
1396 2864 1570 2936 gloria
1612 2864 1799 2918 divina
1831 2864 2039 2934 pariter

441 2974 509 3015 ac
525 2960 858 3030 sempiterna
879 2958 1151 3024 induisse,
1175 2956 1437 3016 ﬂuxionis
1460 2957 1625 3013 simul
1646 2970 1712 3010 ac
1732 2957 2039 3027 corruptio-

442 3070 533 3111 ms
574 3068 788 3110 1168013.

515 3241 605 3297 Ἢ.
631 3239 744 3296 Nos
777 3247 983 3305 autem,
1024 3252 1059 3293 ο
1102 3236 1585 3303 desideratissimi,
1614 3237 1844 3309 perinde
1865 3245 2033 3307 atque

441 3335 547 3398 illi,
579 3333 805 3388 Christo
848 3332 969 3390 Deo
1026 3345 1410 3393 occurramus,
1448 3330 1868 3400 temperantiam
1899 3329 2033 3386 aﬂ‘e-

441 3433 650 3486 rentes,
670 3408 982 3478 castitatem
1005 3429 1307 3491 gestantes,
1323 3421 1693 3476 innocentiam
1716 3420 2032 3487 ollerentes,

442 3518 773 3589 injuriarum
796 3516 1131 3571 oblivionem
1154 3514 1501 3581 exhibentes,
1534 3529 1565 3568 a
1594 3513 2035 3570 distrahentibus

444 3611 598 3667 euris
647 3625 749 3665 nos
803 3616 1176 3680 segregantes,
1230 3621 1300 3661 ac
1345 3605 1459 3662 Deo
1513 3623 1684 3678 puros
1718 3606 2033 3671 oﬂ‘erentes,

443 3718 660 3758 morum
701 3702 980 3757 lenitatem
1014 3708 1289 3772 gerentes,
1339 3700 1816 3755 mansuetudinem
1872 3708 2037 3770 atque

445 3796 772 3851 charitatem
820 3803 1066 3849 mutuam
1114 3793 1375 3849 omnibus
1406 3793 1748 3849 exhibentes.
1805 3793 1889 3848 Ad
1922 3794 2037 3849 haec

444 3890 629 3945 omnia
686 3887 1219 3943 commiserationem
1278 3887 1335 3940 in
1388 3886 1679 3943 universos
1732 3887 2034 3955 habentes;

447 3991 612 4052 atque
639 3997 704 4036 ex
736 3978 1149 4036 conuuiseranti
1193 3977 1378 4032 animo
1418 3978 1858 4034 misericordiam
1891 3996 2038 4035 sem-

445 4086 543 4142 per
578 4070 737 4140 quasi
792 4068 1179 4131 scaturrientes,
1215 4066 1291 4120 ita
1344 4065 1698 4123 accedentem
1754 4069 2036 4123 Christum

446 4161 819 4230 excipiamus;
855 4160 926 4213 ita
956 4159 1240 4216 Christum
1266 4158 1322 4213 in
1344 4159 1526 4224 ulnas,
1556 4168 1618 4213 ut
1649 4159 1821 4214 Deum
1852 4160 2034 4225 decet,

448 4253 839 4321 suscipiamus,
891 4258 1056 4321 atque
1108 4251 1357 4307 vicissim
1406 4251 1742 4322 propheticis
1779 4254 2039 4307 conﬁtea-

450 4358 576 4398 mur
618 4342 821 4404 verbis,
869 4342 1217 4399 celebrantes
1257 4342 1381 4413 ejus
1416 4342 1483 4397 ad
1529 4357 1632 4397 nos
1667 4342 1975 4413 profectum
2018 4362 2033 4400 :

2058 3106 2107 3170 C

2133 1864 2230 1917 καὶ
2255 1861 2564 1933 λεγομένων
2594 1863 2707 1923 τοῖς
2738 1860 3000 1931 ῥήμασιν,
3022 1858 3057 1929 ἦ
3084 1875 3147 1911 τε
3175 1857 3481 1928 Θεομήτωρ
3502 1857 3735 1928 Μαριὰμ

2134 1955 2423 2024 ἐξενίζετο,
2476 1954 2572 2008 καὶ
2611 1953 2640 2005 0
2690 1950 2997 2024 συμπαρὼν
3056 1949 3255 2022 Ἰωσὴφ
3311 1946 3730 2019 ἀπεθαύμαζεν.

2138 2050 2326 2120 Ὅμως
2364 2048 2433 2102 τὰ
2474 2043 2770 2116 δεδογμένα
2805 2043 3128 2107 τελέσαντες
3172 2043 3252 2113 τῷ
3277 2042 3453 2113 νόμῳ,
3503 2043 3732 2114 ἐπείπερ

2134 2143 2351 2197 ἅπαντα
2364 2142 2456 2194 τοῦ
2474 2142 2639 2212 νόμου
2660 2139 2900 2212 πληροῦν
2917 2142 2946 2193 0
2967 2137 3203 2208 Χριστὸς
3224 2136 3583 2205 παραγέγονε
3605 2134 3732 2205 (57),

2134 2234 2229 2287 καὶ
2256 2233 2564 2287 ἀνάπαυσιν
2597 2232 2799 2285 διδόναι
2822 2234 2935 2292 τοῖς
2964 2228 3059 2281 τοῦ
3089 2228 3255 2297 νόμου
3289 2228 3731 2297 προστάγμασιν,

2134 2326 2215 2387 είς
2241 2324 2493 2396 Ναζαρὲτ
2528 2325 2920 2396 ἐπανέρχονται
2939 2340 2953 2353 ·
2983 2321 3110 2374 ἔνθα
3134 2321 3229 2373 καὶ
3260 2319 3401 2390 πρὸς
3433 2318 3534 2371 τοῦ
3572 2319 3733 2387 ἀγγέ-

2134 2415 2228 2468 λου
2256 2416 2497 2487 Γαϐριὴλ
2523 2416 2921 2486 εὐηγγελίσατο
2947 2416 2980 2486 ὴ
3020 2413 3114 2466 τὸν
3144 2412 3376 2481 Σωτῆρα
3414 2411 3500 2482 τῷ
3546 2411 3734 2481 κόσμῳ

2134 2510 2464 2578 γεννήσασα,
2523 2506 2583 2572 ἐξ
2629 2506 2871 2578 ἀσπόρου
2932 2505 3028 2577 μὲν
3087 2503 3405 2575 συλλήψεως
3457 2503 3731 2573 κυήσασα,

2136 2599 2403 2671 παρθένος
2443 2599 2500 2652 δὲ
2556 2598 2695 2669 μετά
2734 2598 2988 2668 γέννησιν
3025 2596 3275 2667 μείνασα,
3319 2595 3418 2648 καὶ
3463 2594 3605 2646 πᾶσι
3638 2592 3736 2644 δει-

2136 2691 2373 2747 κνύουσα
2412 2694 2524 2755 τοῖς
2563 2692 2873 2763 βλέπουσιν,
2915 2690 2990 2753 ὼς
3019 2687 3326 2759 ἐγνωρίσθη
3355 2687 3497 2741 Θεοῦ
3527 2689 3591 2739 τὸ
3629 2686 3736 2738 Συ·

2135 2787 2343 2856 τήριον,
2375 2784 2469 2838 καὶ
2493 2784 2554 2837 τὸ
2576 2783 2690 2852 φῶς
2719 2785 2833 2845 τοῖς
2861 2781 3073 2835 ἔθνεσιν
3097 2779 3334 2849 ἔλαμψε·
3365 2779 3466 2832 καὶ
3497 2778 3578 2841 ὠς
3608 2775 3734 2831 Θεοῦ

2136 2872 2451 2943 δικαιοσύνη
2490 2872 2585 2925 καὶ
2638 2871 2910 2943 λύτρωσις
2967 2872 3103 2923 πᾶσι
3151 2871 3253 2940 τῆς
3279 2870 3381 2940 γῆς
3418 2870 3601 2939 ἐφάνη
3630 2870 3737 2931 τοῖς

2139 2961 2342 3034 πέρασι
2364 2979 2377 2992 °
2411 2964 2504 3015 καὶ
2541 2962 2698 3029 δόξαν
2731 2964 2858 3026 τοὺς
2894 2961 3252 3031 δεδεγμένους
3285 2959 3508 3012 ἐνέδυσε
3549 2958 3737 3030 θεῖκὴν

2138 3056 2274 3127 ὁμοῦ
2308 3056 2402 3109 καὶ
2427 3055 2617 3121 ἀΐδιον,
2646 3055 2738 3109 καὶ
2771 3053 2955 3127 ρεῦσιν
2990 3054 3085 3108 καὶ
3112 3051 3319 3125 φθοράν
3343 3053 3407 3105 οὐ
3440 3051 3739 3122 γινώσκου-

2137 3164 2258 3203 σαν.

2204 3237 2294 3292 21.
2340 3239 2531 3309 Ἡμεῖς
2572 3238 2649 3303 δὲ,
2687 3234 2732 3291 ὦ
2776 3238 3171 3302 ποθεινότατοι,
3208 3238 3467 3311 καθάπερ
3517 3240 3736 3303 ἐκείνοι,

2134 3328 2277 3383 οὕτω
2318 3329 2539 3399 Χριστῴ
2584 3328 2662 3399 τῷ
2706 3329 2824 3401 Θεῷ
2870 3330 3314 3401 συναντήσωμεν,
3376 3331 3737 3401 σωφροσύνην

2135 3421 2473 3493 κομίζοντες,
2519 3422 2742 3491 ἁγνείαν
2786 3422 3168 3493 βαστάζοντες,
3219 3422 3463 3475 ἀκακίαν
3498 3423 3738 3494 προσφέ-

2138 3532 2345 3586 ροντες,
2382 3514 2689 3585 ἀμνηστίαν
2728 3516 3112 3585 ἐμφαίνοντες,
3165 3516 3580 3585 περισπασμῶν
3624 3517 3739 3569 ἑαυ-

2133 3608 2260 3669 τοὺς
2299 3604 2676 3677 ἀφορίζοντες,
2713 3608 2805 3659 καὶ
2852 3605 2971 3677 Θεῷ
3016 3606 3293 3678 καθαροὺς
3338 3608 3738 3678 προσκομίζον-

2135 3716 2247 3763 τες,
2276 3698 2495 3770 τρόπων
2525 3700 2842 3770 ἡμερότητα
2873 3699 3151 3771 φέροντες,
3193 3700 3289 3753 καὶ
3310 3699 3371 3753 τὺ
3404 3702 3549 3770 πρὸς
3578 3703 3739 3756 ἀπαν-

2136 3809 2234 3856 τας
2263 3792 2534 3864 προσηνὲς
2565 3793 2659 3846 καὶ
2686 3791 3014 3863 φιλάλληλον
3047 3793 3285 3863 ἔχοντες.
3313 3793 3427 3846 Καὶ
3456 3794 3603 3864 πρὸς
3624 3795 3740 3849 τούι-

2135 3901 2248 3948 τοις
2274 3882 2447 3937 ἅπασι
2473 3883 2571 3955 τὴν
2599 3883 2734 3955 πρὸς
2758 3884 2967 3948 πάντας
2996 3883 3338 3955 συμπάθειαν
3365 3886 3621 3955 ἄγοντες,
3651 3888 3738 3939 καὶ

2136 3975 2227 4029 τὸν
2254 3977 2318 4028 ἐκ
2342 3976 2522 4047 ψυχῆς
2547 3975 2870 4043 συμπαθοῦς
2894 3977 2981 4029 ἀεὶ
3010 3978 3417 4048 προερχόμενον
3439 3978 3596 4031 ἔλεον
3630 3980 3740 4050 βλύ-

2138 4068 2343 4132 ζοντες,
2395 4068 2538 4121 οὕτω
2588 4068 2826 4139 Χριστὸν
2872 4070 3167 4140 προσιόντα
3217 4069 3537 4140 δεξώμεθα·
3601 4072 3741 4125 οὕτω

2136 4159 2373 4233 Χριστὸν
2426 4160 2856 4231 εἰσοικίσωμεν·
2919 4158 3064 4213 οὕτω
3114 4160 3352 4231 Χριστὸν
3414 4161 3742 4233 θεοπρεπιῇ

2138 4250 2644 4321 ὲναγκαλισὼμεθα,
2668 4252 2763 4304 καὶ
2788 4253 3145 4324 προφητικοῖς
3167 4239 3740 4323 ἀνθομολογησώμεθα

2141 4345 2368 4414 ῥήμασι,
2395 4343 2493 4414 τὴν
2526 4342 2695 4395 αὐτοῦ
2728 4341 2864 4414 πρὸς
2887 4344 3034 4414 ἡμᾶς
3077 4343 3448 4413 ἁνυμνοῦντες
3477 4346 3740 4417 προέλευ-

448 4434 679 4504 ejusque
707 4449 835 4503 erga
873 4448 975 4489 nos
1006 4435 1543 4489 commiserationem
1570 4435 1874 4507 magniﬁcis
1896 4451 2029 4507 pre-

2178 4453 2248 4500 ιν,
2277 4436 2372 4489 καὶ
2392 4437 2458 4507 ἣν
2488 4436 2624 4507 πρὸς
2653 4437 2801 4506 ἡμᾶς
2831 4435 3174 4505 συμπάθειαν
3194 4436 3483 4507 εἴργασται
3506 4438 3742 4507 μεγαλο-

450 4527 699 4582 dicemus
719 4525 977 4593 vocibus;
1004 4534 1065 4581 ut
1094 4535 1149 4581 et
1180 4541 1410 4597 regnum
1435 4526 1702 4581 caalorum
1727 4542 2037 4599 consequa-

451 4632 597 4681 mur,
629 4626 683 4671 et
717 4616 876 4671 bonis
901 4615 1253 4687 perfruamur
1280 4618 1503 4673 aeternis
1536 4635 1551 4672 :
1587 4617 1641 4671 in
1666 4618 1787 4689 ipso
1817 4618 2038 4675 Christo

452 4703 566 4760 Deo
591 4715 801 4773 nostro,
836 4707 926 4761 cui
949 4722 1077 4761 cum
1121 4708 1329 4778 Optimo
1358 4706 1541 4771 Patre,
1589 4723 1654 4763 ac
1686 4709 2039 4765 sanctissimo

455 4796 666 4869 Spiritu
710 4799 904 4869 gloria,
940 4799 1254 4870 imperium,
1296 4799 1492 4854 honor.
1533 4800 1782 4855 adoratio
1818 4810 1873 4857 et
1916 4818 2038 4857 ma-

454 4893 785 4965 gniﬁcentia,
809 4907 959 4948 nunc
979 4900 1034 4949 et
1058 4907 1274 4965 semper
1296 4899 1350 4949 et
1376 4895 1430 4947 in
1459 4893 1658 4949 saecula
1686 4895 2033 4950 saeculorum.

453 4984 630 5040 Amen

440 5176 446 5191 .
522 5141 636 5213 {55)
676 5138 810 5213 βας.
838 5139 896 5213 2,
930 5140 1120 5213 xui.er
1147 5138 1311 5193 αὑτοῦ
1346 5139 1603 5212 ἐπιπνοίᾳ
1632 5140 1969 5213 Πνεύματιά

523 5211 639 5287 (56)
670 5211 806 5286 Reg.
835 5212 892 5279 2,
929 5211 1331 5284 ἀπολύτρωσιν.

2143 4528 2342 4598 φώνοις
2373 4528 2736 4600 κηρύττοντες
2768 4528 3032 4599 στόμασιν
3055 4543 3069 4557 ⁸
3100 4528 3188 4581 ἵνα
3217 4529 3312 4581 καὶ
3346 4527 3641 4598 βασιλείας
3661 4531 3741 4583 οι)-

2148 4620 2321 4692 ρανῶν
2351 4620 2722 4692 ἐπιτύχωμεν,
2752 4620 2849 4673 καὶ
2875 4619 3109 4673 αἰωνίων
3152 4618 3377 4689 ἀγαθῶν
3410 4619 3740 4675 ἀπολαύσω-

2148 4729 2270 4784 μεν,
2319 4715 2378 4766 ἐν
2416 4713 2565 4784 αύτῷ
2616 4712 2839 4784 Χριστῷ
2875 4712 2955 4783 τῷ
2995 4711 3115 4783 Θεῷ
3165 4711 3343 4783 ἡμῶν,
3399 4711 3525 4782 μεθ’
3557 4710 3626 4769 οὗ
3672 4712 3741 4783 τῷ

2145 4805 2447 4874 παναγάθῳ
2475 4803 2653 4875 Πατρὶ
2693 4804 2788 4857 καὶ
2828 4802 2907 4874 τῷ
2955 4801 3206 4872 παναγίῳ
3238 4801 3552 4871 Πνεύματι,
3599 4803 3739 4867 δόξα,

2146 4897 2370 4969 κράτος,
2409 4895 2542 4968 τιμὴ
2577 4896 2672 4950 καὶ
2712 4894 3083 4967 προσκύνησις
3126 4895 3221 4947 καὶ
3268 4893 3738 4968 μεγαλοπρέπεια,

2146 4985 2241 5040 νῦν
2271 4986 2367 5039 καὶ
2394 4986 2483 5040 ἀεὶ
2509 4986 2602 5040 καὶ
2633 4988 2714 5049 εἰς
2746 4985 2871 5049 τοὺς
2900 4985 3101 5050 αἰῶνας
3130 4985 3240 5039 τῶν
3264 4983 3508 5040 αἰώνων.
3550 4987 3738 5059 ’Δμήν.

2217 5138 2331 5213 (57)
2367 5140 2482 5212 Reg
2526 5140 2581 5207 2,
2613 5140 2967 5214 παρεγένετο.
