3832 6216
159 266 286 324 ωσι
1131 274 1420 331 ΒοΜιιιλ
1457 275 1525 332 ΙΝ
1563 277 1828 335 CECUM
1868 278 1914 332 Δ
1950 279 1983 332 1V

1814 278 1828 332 Ι
1868 278 1914 332 Δ
1950 276 2398 336 NATIVITATE.
3253 286 3392 342 ioca

161 428 3368 470 -.Ἥ-,Ἥ

1057 576 1126 631 ΙΝ
1162 574 1502 632 HOMILIAM
1545 576 1634 630 DE
1672 576 1878 634 CECO
1914 576 2104 634 NATO
2141 576 2543 636 ADMONITIO.

222 718 344 799 {Van
373 728 450 776 est
475 718 612 790 quod
650 719 704 772 in
743 719 959 789 hujusce
999 716 1232 771 homilia:
1270 717 1452 787 νοθείᾳ
1502 718 1969 772 commonstranda
2004 719 2097 772 diu
2145 721 2506 786 immoremur,
2558 739 2676 776 cum
2731 725 2989 781 orationis
3027 745 3212 799 genus,
3246 748 3391 786 voces

149 790 437 886 cnfleraque
473 815 648 868 omnia
698 813 1003 874 scriptorem
1051 811 1279 879 prodant
1324 809 1617 864 Athanasio
1658 809 1808 881 longe
1855 811 2134 880 imparem.
2177 811 2246 866 Et
2282 830 2399 868 vero
2436 832 2539 869 non
2577 831 2641 870 ex
2680 817 2888 872 vocibus
2930 829 2980 873 et
3017 790 3154 891 stle
3186 790 3392 879 tantum

150 909 334 975 spuria
363 907 458 961 illa
490 904 891 976 deprehenditur
935 920 955 959 :
993 920 1112 957 cum
1146 902 1313 955 multa
1358 901 1738 969 complectatur
1766 902 1964 970 inepta,
1999 912 2048 957 et
2086 905 2267 972 sagaci
2292 907 2472 976 quovis
2504 905 2728 972 homine,
2768 926 2831 963 ne
2860 909 3036 964 dicam
3076 912 3393 980 Athanasio,

151 999 400 1067 indigna;
443 1007 500 1051 ut
547 1006 623 1052 est
665 995 797 1050 illud
838 993 898 1050 de
950 992 1197 1050 Samuele
1242 991 1499 1063 propheta
1539 1003 1913 1058 commentum,
1962 1003 2011 1048 et
2041 995 2261 1060 similia,
2312 1013 2429 1065 quae
2460 996 2646 1052 lectori
2681 999 2851 1066 primo
2881 1010 3092 1070 aspectu
3119 1011 3394 1057 occurrent

150 1090 496 1146 observanda.

1237 1327 1362 1384 ῘῸΥ
1397 1329 1490 1384 ΕΝ
1524 1331 1747 1384 ΑΓΙΟΙΣ
1785 1331 2056 1384 ΠΑΤΡΟΣ
2093 1330 2286 1385 ΗΜΩΝ

1455 1483 2083 1572 ΑΘΑΝΑΣΙΟΥ

917 1645 1024 1718 (58)
1063 1648 1324 1700 ΟΜΙΛΙΑ
1357 1647 1483 1698 ΕΙΣ
1521 1645 1660 1698 TON
1688 1645 1788 1697 ΕΚ
1823 1644 2170 1698 ΓΕΝΕΤΗΣ
2202 1643 2496 1698 ΤΥΦΑΟΝ

1161 1898 1261 1986 S.
1339 1899 1445 1984 P.
1525 1897 1643 1984 N.
1701 1888 2350 1981 ATHANASII

1012 2077 1099 2135 IN
1167 2073 1446 2134 C/ECUM
1514 2075 1557 2128 Α
1626 2067 2096 2124 NATIVITATE
2170 2066 2518 2124 HOMILIA.

218 2308 265 2362 Ι.
303 2307 778 2364 Πολυσπούδαστόν
823 2309 940 2362 ἐστι
986 2310 1156 2363 πᾶσιν
1183 2307 1492 2380 ἀνθρώποις
1518 2306 1578 2359 τδ
1605 2305 1714 2359 τῶν
1744 2308 1789 2365 Α
1889 2300 1942 2355 1.
1982 2309 1983 2316 ‘

1889 2300 1942 2355 1.
1982 2295 2207 2352 Summa
2257 2309 2391 2348 cura
2439 2292 2752 2349 hominibus
2787 2295 3051 2352 colendus
3098 2309 3182 2354 est
3209 2300 3388 2358 dulcis

129 2406 343 2475 γονέων
392 2404 703 2473 γλύκασμα,
751 2404 990 2474 γνήσιον,
1052 2400 1284 2473 ποθητὺν
1335 2399 1467 2471 (59),
1514 2399 1716 2461 παντὸς

129 2497 364 2569 χρυσίου
395 2494 736 2566 τιμιώτερον.
781 2493 898 2549 Οὐκ
935 2493 1081 2546 ἔστιν
1127 2497 1184 2546 ὲν
1229 2491 1308 2562 τῷ
1357 2491 1582 2562 παρόντι
1615 2489 1716 2559 βίῳ

128 2586 388 2656 γονεῦσιν
407 2583 790 2654 ἁντισταθμιζό
798 2600 952 2653 μενον
981 2583 1080 2654 κτῆ
1089 2599 1182 2652 μα.
1214 2579 1428 2650 Χρυσὸς
1456 2577 1715 2638 πολλάκις

127 2677 465 2733 ἀπόλλυται·
498 2677 699 2744 γονέων
746 2675 802 2728 δὲ
835 2674 1054 2744 φίλτρον
1097 2673 1159 2726 οὑ
1207 2672 1546 2742 μαραίνεται.
1582 2670 1716 2739 Ἀρ-

125 2787 305 2842 γυρος
337 2769 594 2831 πολλάκις
625 2767 796 2820 ἱοῦται
815 2783 829 2797 ο
862 2765 971 2818 τῶν
1001 2765 1056 2818 δὲ
1084 2764 1459 2834 γεννησάντων
1490 2761 1546 2814 αἱ
1586 2758 1714 2812 ὼδί-

125 2881 224 2927 νες
259 2863 320 2914 οὐ
355 2861 648 2932 μειοῦνται.
678 2861 1031 2931 Μαργαρῖται
1077 2857 1335 2919 πολλάκις
1372 2853 1713 2924 διαφθείρον-

121 2969 247 3008 ταιο
265 2953 465 3021 γονέων
481 2953 534 3006 δὲ
557 2953 765 3024 δάκρυα
788 2949 866 3021 τῷ
891 2950 1079 3020 Κυρίῳ
1103 2947 1483 3018 παρίστανται.
1507 2944 1598 2997 Διὸ
1621 2944 1715 2996 καὶ

120 3045 244 3099 τῶν
293 3044 492 3113 γονέων
543 3043 603 3096 τὸ
642 3043 821 3112 τίμιον
868 3042 900 3112 ἡ
952 3029 1072 3092 θεία
1117 3039 1308 3109 Γραφὴ
1353 3037 1711 3107 γνωρίζουσα,

120 3140 395 3211 παραινεῖ
424 3139 534 3199 τοῖς
575 3136 784 3198 τέκνοις
828 3133 1038 3204 βοῶσα’
1093 3151 1112 3183 ε
1165 3133 1224 3186 '0
1269 3129 1580 3198 κακολογῶν
1611 3145 1716 3182 πα-

120 3233 273 3302 τέρα
313 3232 347 3300 ἢ
383 3230 613 3300 μητέρα,
651 3228 865 3297 θανάτῳ
899 3225 1222 3282 τελευτάτω.
1254 3243 1272 3275 ι
1298 3225 1456 3277 Ἔστι
1498 3223 1555 3276 δὲ
1588 3221 1716 3275 πάν-

118 3341 244 3386 τως
272 3325 444 3376 εἰπεῖν
469 3338 586 3374 τινα
606 3337 620 3351 °
652 3322 762 3374 Καὶ
788 3321 837 3372 εί
878 3316 1341 3390 περισπούδαστόν
1370 3318 1487 3369 ἐστι
1511 3315 1572 3368 τὸ
1607 3313 1716 3367 τῶν

118 3413 339 3481 γονέων
371 3411 682 3483 γλύκασμα,
707 3411 849 3474 τίνος
885 3411 1070 3464 ἕνεκεν
1102 3412 1131 3463 6
1173 3408 1337 3462 Δαϐὶδ
1372 3409 1498 3471 τοὺς
1537 3409 1715 3476 γονεῖς

1818 2393 1928 2458 ille,
1970 2403 2282 2461 germanus,
2318 2384 2720 2448 desiderabilis,
2773 2387 2968 2456 quovis
3015 2404 3149 2444 auro
3180 2393 3386 2461 pretio-

1815 2486 1948 2548 sior,
1977 2490 2261 2552 parentum
2295 2493 2467 2532 amor.
2493 2475 2665 2532 Nullae
2698 2486 2827 2532 sunt
2855 2478 2911 2532 in
2944 2479 3049 2534 bac
3079 2481 3186 2535 vita
3218 2481 3391 2537 facul-

1815 2584 1954 2632 tates
1989 2573 2308 2645 parentibus
2337 2569 2736 2639 comparandae.
2779 2570 2986 2624 Aurum
3037 2587 3180 2642 smpe
3226 2575 3388 2644 perit,

1813 2675 2103 2740 parentum
2137 2671 2318 2718 autem
2350 2677 2502 2716 amor
2527 2677 2636 2716 non
2669 2663 3052 2733 exstinguitur.
3087 2663 3390 2735 Argentum

1814 2758 2137 2828 plerumque
2170 2751 2478 2822 rubiginem
2530 2751 2824 2813 contrahit,
2875 2761 3161 2822 parentum
3207 2765 3389 2810 autem

1813 2864 1942 2919 erga
1984 2847 2192 2916 prolem
2225 2843 2451 2899 allectus
2478 2859 2588 2897 non
2612 2843 2896 2898 minuitur.
2937 2842 3240 2915 Margaritae
3277 2863 3390 2901 non

1813 2957 1943 2997 raro
1973 2944 2418 3008 corrumpuntur,
2455 2944 2740 3006 parentum
2767 2951 2896 2990 vero
2925 2937 3174 3007 lacrymaa
3202 2952 3388 2993 coram

1815 3034 1925 3088 Deo
1947 3033 2236 3087 sistuntur.
2271 3029 2634 3096 Quamobrem
2683 3027 2863 3082 divina
2896 3028 3199 3098 Scriptura,
3246 3030 3390 3084 indi-

1815 3141 1948 3181 cans
1976 3129 2216 3193 quantus
2242 3123 2310 3177 sit
2338 3120 2515 3173 honor
2541 3134 2666 3189 erga
2693 3128 2949 3188 parentes
2972 3119 3276 3184 habendus,
3306 3121 3387 3176 sic

1814 3225 1998 3270 monet
2031 3215 2195 3276 ﬁlios,
2224 3212 2540 3267 exclamans
2575 3229 2589 3265 :
2625 3228 2641 3256 ι
2681 3209 2784 3276 Qui
2821 3211 3096 3265 maledicit
3127 3213 3267 3282 patri
3300 3213 3388 3268 vel

1815 3307 1999 3368 matri,
2044 3289 2219 3359 morte
2277 3303 2542 3356 moriatur
2578 3300 2644 3353 ⁸⁸.
2688 3321 2706 3353 ι
2759 3300 2865 3357 Sed
2922 3303 3154 3358 fortasse
3187 3303 3388 3359 dixerit

1814 3398 2096 3473 quispiam.
2165 3395 2223 3451 Si
2256 3403 2407 3450 tanta
2441 3409 2573 3448 cura
2607 3393 2771 3466 366
2798 3395 3058 3450 colendus
3093 3403 3177 3450 est
3207 3395 3386 3452 dulcis

114 3504 438 3559 διαϐάλλων
467 3503 682 3573 ἔλεγεν
721 3522 738 3554 ι
783 3503 839 3556 '0
867 3504 1057 3574 Πατήρ
1090 3518 1191 3571 μου
1218 3502 1311 3554 καὶ
1338 3502 1371 3570 ἡ
1404 3503 1584 3572 μήτηρ
1613 3516 1714 3570 μου
1817 3493 1909 3546 ille
1939 3506 1983 3546 ει

1817 3493 1909 3546 ille
1939 3504 2065 3560 erga
2120 3499 2374 3560 parentes
2417 3486 2668 3549 allectus,
2718 3488 2850 3556 quid
2904 3502 3084 3542 causa:
3120 3495 3205 3543 est
3238 3489 3385 3558 quod

115 3593 497 3664 ἐγκατέλιπον
534 3611 632 3664 με·
681 3596 710 3647 6
736 3593 794 3647 δὲ
837 3592 1036 3666 Κύριος
1064 3591 1428 3664 προσελάϐετο
1464 3608 1564 3662 με;
1599 3611 1617 3643 ι
1649 3591 1715 3644 Τί
1750 3660 1781 3666 _
1817 3579 1983 3634 David

1817 3579 1984 3634 David
2018 3589 2273 3650 parentes
2305 3594 2573 3634 accusans
2604 3579 2802 3633 dixerit
2841 3598 2855 3632 :
2895 3598 2912 3630 ι
2944 3577 3103 3633 Pater
3144 3594 3296 3632 meus
3331 3587 3386 3632 et

114 3660 343 3758 λέγεις,
376 3681 420 3740 ὦ
446 3660 586 3756 φίλε,
623 3687 756 3758 πρὸς
783 3685 849 3740 τὰ
883 3660 1158 3758 παρόντα;
1189 3685 1396 3750 Παντὸς
1420 3660 1717 3755 κτίσματος
1748 3660 1790 3715 Β
1817 3681 1983 3729 male!

1817 3681 1991 3729 mater
2034 3688 2153 3727 mea
2186 3673 2598 3740 dereliquerunt
2635 3687 2753 3738 me;
2791 3672 3051 3726 Dominus
3079 3679 3260 3726 autem
3294 3685 3385 3726 as-

109 3777 464 3851 τιμιώτερον
497 3780 560 3832 τὸ
602 3779 710 3832 τῶν
757 3779 960 3850 γονέων
990 3779 1314 3850 γλύκασμα’
1365 3780 1438 3850 μὴ
1491 3778 1596 3852 γὰρ
1638 3779 1714 3842 ὡς
1815 3781 1983 3836 sump:

1815 3765 2050 3836 sumpsit
2072 3780 2160 3820 me
2185 3765 2276 3817 “‘l
2315 3783 2334 3816 ι
2368 3763 2510 3829 Quid
2540 3764 2608 3818 ad
2656 3764 2773 3818 haec
2805 3764 2908 3826 ais,
2941 3763 3183 3818 dilecte?
3221 3761 3386 3818 Omni

115 3873 279 3945 πρὸς
315 3873 407 3926 τὸν
449 3872 774 3944 δημιουργὸν
814 3873 922 3926 τῶν
972 3872 1224 3926 ἁπάντων
1260 3871 1425 3925 Θεόν·
1462 3873 1559 3924 οὐκ
1600 3870 1715 3923 ἔστι
1815 3864 1983 3911 mea"

1815 3864 2068 3911 creatura
2092 3855 2383 3924 pretiosior
2401 3869 2526 3909 esse
2548 3853 2708 3910 debet
2729 3855 2904 3909 dulcis
2927 3855 3016 3909 ille
3045 3869 3172 3925 erga
3195 3869 3388 3925 paren-

108 3966 347 4036 κτίσμα
375 3965 568 4038 κτίστῃ
609 3965 966 4034 συγκριθῆναι
997 3965 1310 4035 δυνάμενον.
1348 3965 1412 4017 El
1463 3963 1560 4034 μὲν
1587 3958 1656 4034 ἦν
1685 3963 1715 4016 6
1815 3959 1898 4004 tes
1945 3963 1983 4002 εἴ

1815 3959 1898 4004 tes
1945 3947 2192 4011 affectus,
2224 3962 2329 4004 nec
2362 3955 2542 4003 tamen
2599 3963 2723 4004 cum
2755 3949 2867 4005 Deo
2904 3949 3148 4004 omnium
3191 3950 3387 4018 opiﬁce

107 4057 306 4113 Δασὶδ
333 4057 605 4128 εἰρηκώς·
659 4076 678 4108 ι
718 4058 776 4111 Ὀ
817 4059 1001 4129 πατήρ
1034 4074 1135 4128 μου
1180 4058 1276 4110 καί⁹
1319 4058 1352 4128 ἠ
1396 4057 1578 4128 μήτηρ
1610 4071 1712 4127 μου
1815 4056 1983 4110 οοῐηΡ²

1815 4039 2219 4110 comparandus
2253 4059 2266 4094 :
2299 4040 2447 4094 nulla
2477 4039 2676 4110 quippe
2703 4049 2788 4096 est
2824 4049 3078 4095 creatura
3107 4055 3228 4109 quae
3258 4055 3386 4094 cum

107 4149 498 4221 ἐγκατέλιπον
537 4167 626 4220 με.
660 4169 680 4203 ι
715 4149 1035 4204 ἀντελάϐετο
1064 4149 1121 4202 δέ
1152 4166 1253 4219 μου
1289 4148 1317 4199 6
1356 4149 1522 4214 δεῖνα,
1548 4149 1576 4202 6
1600 4147 1716 4216 γεί-
1816 4132 1983 4189 Creal‘

1816 4132 2074 4189 Creatore
2111 4131 2348 4188 conferri
2376 4135 2569 4202 possit.
2603 4133 2659 4187 Si
2690 4131 2859 4186 David
2890 4140 3172 4203 postquam
3198 4132 3336 4187 dixit
3366 4150 3384 4188 :

108 4260 270 4304 των,
303 4241 340 4314 ἢ
381 4243 412 4294 ὁ
456 4243 742 4314 συγγενὴς,
775 4244 808 4314 ἢ
855 4245 885 4296 6
931 4241 1103 4313 φίλος,
1133 4243 1209 4306 ὼς
1257 4242 1575 4296 ὑπεναντίον
1605 4241 1714 4295 διε·
1824 4242 1842 4274 ⁸
1867 4225 1983 4278 Pa“

1824 4242 1842 4274 ι
1867 4225 2028 4278 Pater
2049 4239 2202 4280 meus
2230 4230 2284 4277 et
2307 4231 2478 4277 mater
2507 4237 2625 4277 mea
2658 4223 3062 4293 dereliquerunt
3095 4238 3202 4285 me,
3236 4242 3256 4273 ι
3290 4222 3388 4276 ad-

107 4313 361 4389 6ε6αίον
397 4333 540 4405 (60)'
583 4336 632 4388 εί
671 4313 728 4389 δὲ
770 4313 864 4390 καὶ
895 4336 1005 4389 τῶν
1037 4337 1237 4404 γονέων
1263 4336 1354 4389 τὸν
1385 4335 1586 4406 Κύριον
1627 4336 1716 4387 εὐ-
1812 4315 1980 4387 Ῑθείεε

1814 4315 2057 4387 iecisset,
2085 4313 2178 4369 llle
2206 4314 2426 4384 quidam
2448 4313 2681 4376 vicinus,
2702 4322 2794 4367 aut
2817 4324 3101 4384 cognatus,
3124 4320 3218 4368 aut
3250 4314 3388 4366 ami-

111 4427 575 4498 σπλαγχνὸτερον
608 4429 940 4497 ἀπεφήνατο,
977 4428 1072 4481 καὶ
1102 4429 1227 4492 τοὺς
1273 4430 1450 4496 γονεῖς
1479 4428 1578 4480 οὐκ
1623 4429 1714 4480 ὲν·
1820 4422 1920 4462 cus
1959 4422 1983 4461 ⁵

1820 4422 1920 4462 cus
1959 4407 2199 4475 suscepit
2232 4420 2350 4471 me;
2381 4405 2434 4458 id
2463 4406 2617 4474 quasi
2662 4420 2727 4458 ex
2775 4405 3007 4458 adverso
3040 4402 3383 4459 alIirmasset.

107 4495 361 4591 ὕϐρισε,
383 4495 590 4572 καὶ-τὸν
610 4495 740 4571 Θεὸν
771 4495 1040 4583 ἐδόξασεν.
1288 4495 1293 4496 ν
1818 4498 1974 4565 Quod

1818 4498 1974 4565 Quod
2005 4499 2050 4553 si
2088 4498 2261 4568 magis
2291 4512 2451 4566 quam
2483 4505 2735 4567 parentes
2769 4497 3179 4552 misericordem
3214 4495 3386 4551 Deum

1814 4591 2208 4662 pronuntiavit,
2240 4590 2560 4660 parentibus
2593 4590 2847 4659 injuriam
2874 4605 2985 4644 non
3019 4588 3168 4653 fecit,
3199 4599 3254 4643 et
3273 4587 3388 4644 Deo

1815 4685 2040 4754 gloriam
2065 4682 2232 4737 dedit.

197 4768 266 4823 2.
309 4768 465 4829 Τίνος
495 4767 552 4820 δὲ
589 4767 746 4838 χάριν
778 4769 806 4821 6
832 4768 994 4822 Δαϐὶδ
1031 4785 1349 4840 προσηκατο
1386 4768 1485 4832 τὰς
1517 4769 1711 4823 συλλα·
1883 4775 1937 4828 2.
1970 4776 1983 4837 1

1883 4775 1937 4828 2.
1970 4774 2112 4840 Quid
2148 4789 2330 4828 causae
2375 4783 2459 4828 est
2490 4782 2696 4840 autem,
2746 4774 2891 4844 quod
2922 4773 3093 4828 David
3144 4773 3386 4846 syllabas

105 4861 265 4924 σὰς,
291 4858 489 4927 λέγων·
515 4877 533 4908 ι
557 4860 612 4910 ὐ
639 4860 828 4930 Πατήρ
860 4876 960 4929 μου
989 4862 1129 4931 καὶὴ
1151 4863 1332 4932 μήτηρ
1359 4879 1458 4934 μου
1485 4863 1714 4931 ὲγκατέ-
1815 4882 1983 4937 appon

1815 4868 2038 4937 apponit
2068 4867 2255 4922 dicens
2289 4885 2302 4920 :
2337 4886 2356 4918 ι
2395 4866 2558 4921 Pater
2591 4883 2745 4922 meus
2779 4876 2833 4922 et
2869 4877 3040 4921 mater
3067 4880 3186 4920 mea
3219 4865 3383 4918 dere-

106 4948 301 5005 λιπόν
348 4965 445 5019 με·
498 4950 526 5001 6
565 4947 622 5000 δὲ
649 4947 849 5020 Κύριος
878 4950 1196 5004 ἀντελάϐετὸ
1221 4953 1331 5022 (6i)
1367 4969 1472 5024 με;
1515 4973 1533 5005 ι
1569 4955 1710 5006 Ἴστε
1754 5023 1782 5028 _
1817 4959 1983 5028 liquet

1817 4959 2096 5028 liquerunt
2148 4975 2256 5023 me,
2318 4958 2578 5014 Dominus
2628 4968 2808 5015 autem
2860 4957 3158 5028 assumpsit
3215 4956 3379 5012 metis

107 5042 346 5104 πάντες
384 5039 589 5109 σαφῶς,
618 5042 717 5095 ὃσα
754 5059 812 5095 τε
847 5042 1134 5112 φιλόλογοι,
1164 5045 1283 5107 πῶς
1319 5047 1348 5097 6
1390 5045 1497 5098 τῶν
1545 5047 1716 5100 ἁπάν-
1743 5023 1784 5080 C
1817 5023 1983 5103 Gnari

1817 5049 1985 5103 Gnari
2017 5065 2207 5105 omnes
2247 5051 2403 5114 estis,
2444 5061 2630 5122 utpote
2673 5051 2924 5106 lectionis
2972 5049 3225 5116 studiosi,
3275 5065 3385 5119 quo

102 5149 252 5187 των
283 5130 413 5194 Θεὸς
444 5131 760 5202 βουλόμενος
787 5133 879 5186 τὸν
908 5134 1098 5198 Σαοὺλ,
1131 5138 1206 5200 ὡς
1239 5136 1460 5206 φαῦλον,
1489 5139 1588 5209 τῆς
1623 5138 1719 5209 βα·
1814 5153 1975 5213 pacto

1814 5153 1975 5213 pacto
2006 5144 2249 5197 omnium
2284 5142 2428 5198 Deus
2463 5159 2586 5198 cum
2615 5144 2776 5199 vellet
2807 5143 3046 5204 Saulem,
3075 5150 3260 5212 utpote
3290 5142 3388 5195 im-

105 5221 350 5284 σιλείας
375 5223 734 5288 διαδέξασθαι,
759 5227 852 5280 καὶ
877 5226 968 5278 τὸν
999 5227 1184 5288 Δαϐὶδ,
1215 5228 1289 5292 ὡς
1317 5229 1489 5298 φίλον,
1521 5231 1600 5293 είς
1619 5229 1717 5300 τὴν
1816 5233 1983 5302 probu

1816 5233 2045 5302 probum
2076 5234 2348 5289 hominem
2379 5251 2549 5305 regno
2585 5236 2872 5302 abdicare,
2911 5244 2964 5289 et
3011 5232 3289 5294 Davidem,
3325 5239 3385 5285 ut

205 5381 263 5413 "
299 5381 471 5439 Exod.
506 5401 632 5451 xxi,
668 5384 754 5438 17.
833 5384 878 5416 ⁸⁸
918 5383 1063 5440 Psal.
1101 5399 1226 5438 xxv:
1250 5425 1265 5450 ,
1305 5386 1391 5440 10.

203 5541 328 5614 (58)
361 5542 491 5615 Reg.
533 5544 586 5605 Ι,
615 5544 816 5615 ὁμιλία.
851 5543 984 5614 Reg.
1011 5543 1212 5615 2,Acun_l
1241 5542 1426 5606 editis,
1461 5542 1634 5610 λόγος.
1814 5541 1983 5615 ϐεβαιι

1814 5539 2116 5615 63699520-

239 5615 328 5684 59)
367 5606 598 5669 Ita'mss.
626 5606 768 5669 Editi
807 5606 962 5674 vero:
999 5612 1254 5683 ποθηρόν.
1491 5682 1497 5684 Α
1533 5606 1543 5610 ’
1615 5682 1623 5684 ξ
1886 5613 1983 5683 (ϐις

1886 5613 1999 5683 (6|)
2040 5609 2173 5679 Reg.
2204 5609 2258 5673 2,
2277 5611 2481 5684 _solus,
2526 5609 2906 5681 προσελάϐετο.
2941 5606 3072 5664 Item
3109 5607 3264 5672 ibid.,
3296 5623 3383 5677 με,

238 5679 328 5759 60)
349 5685 425 5741 Ita
449 5685 589 5756 .Reg.
614 5686 669 5742 2.
693 5685 836 5740 Editi
867 5692 1069 5745 autem,
1103 5679 1180 5746 ὡς
1212 5685 1301 5737 ὑπ’
1323 5682 1576 5738 ἐναντίων
1607 5682 1712 5736 διε-
1816 5691 1871 5740 et
1898 5679 1983 5736 ita

1816 5691 1871 5740 et
1898 5679 1989 5736 ita
2012 5696 2247 5752 semper.
2274 5679 2438 5744 Editi,
2474 5679 2595 5750 μοοῖ

423 5782 694 5843 Parnm"
728 5781 844 5844 Gn.
879 5777 1174 5842 XXVIII.
3069 5770 3148 5833 32
