  <div class='ocr_page' id='page_1' title='image "/cluster/home/n/w/nwhite01/storage/ocr_20150623/28/nnc1.0046978690/541.png"; bbox 0 0 3856 6206; ppageno 0'>
   <div class='ocr_carea' id='block_1_1' title="bbox 431 191 3700 257">
    <p class='ocr_par' dir='ltr' id='par_1_1' title="bbox 431 191 3700 257">
     <span class='ocr_line' id='line_1_1' title="bbox 431 191 3700 257; baseline -0.003 -4"><span class='ocrx_word' id='word_1_1' title='bbox 431 202 571 257; x_wconf 68' lang='grc'>1005</span> <span class='ocrx_word' id='word_1_2' title='bbox 1530 195 1612 249; x_wconf 63' lang='lat' dir='ltr'><strong>xS.</strong></span> <span class='ocrx_word' id='word_1_3' title='bbox 1655 192 2118 248; x_wconf 78' lang='lat' dir='ltr'><strong>ATHANASIUS.</strong></span> <span class='ocrx_word' id='word_1_4' title='bbox 2156 221 2229 233; x_wconf 90' lang='lat'><strong>—</strong></span> <span class='ocrx_word' id='word_1_5' title='bbox 2267 191 2542 247; x_wconf 74' lang='lat' dir='ltr'><strong>SPURIA.</strong></span> <span class='ocrx_word' id='word_1_6' title='bbox 3545 191 3700 244; x_wconf 63' lang='lat'><strong>{004</strong></span> 
     </span>
    </p>
   </div>
   <div class='ocr_carea' id='block_1_2' title="bbox 435 303 1958 386">
    <p class='ocr_par' dir='ltr' id='par_1_2' title="bbox 435 313 1958 386">
     <span class='ocr_line' id='line_1_2' title="bbox 435 313 1958 386; baseline -0.003 -18"><span class='ocrx_word' id='word_1_7' title='bbox 435 315 692 371; x_wconf 82' lang='lat' dir='ltr'><strong>dilectum</strong></span> <span class='ocrx_word' id='word_1_8' title='bbox 723 315 847 379; x_wconf 87' lang='lat' dir='ltr'><strong>sibi,</strong></span> <span class='ocrx_word' id='word_1_9' title='bbox 880 329 1103 386; x_wconf 82' lang='lat' dir='ltr'><strong>regnum</strong></span> <span class='ocrx_word' id='word_1_10' title='bbox 1139 313 1312 377; x_wconf 84' lang='lat' dir='ltr'><strong>adire,</strong></span> <span class='ocrx_word' id='word_1_11' title='bbox 1345 313 1655 368; x_wconf 87' lang='lat' dir='ltr'><strong>ministrum</strong></span> <span class='ocrx_word' id='word_1_12' title='bbox 1703 327 1862 367; x_wconf 91' lang='lat' dir='ltr'><strong>suum</strong></span> <span class='ocrx_word' id='word_1_13' title='bbox 1899 314 1958 365; x_wconf 77' lang='lat' dir='ltr'><strong>mi</strong></span> 
     </span>
    </p>
   </div>
   <div class='ocr_carea' id='block_1_3' title="bbox 2177 303 3700 386">
    <p class='ocr_par' dir='ltr' id='par_1_3' title="bbox 2177 303 3700 378">
     <span class='ocr_line' id='line_1_3' title="bbox 2177 303 3700 378; baseline -0.004 -17"><span class='ocrx_word' id='word_1_14' title='bbox 2177 310 2381 362; x_wconf 87' lang='grc' dir='ltr'>σιλείαν</span> <span class='ocrx_word' id='word_1_15' title='bbox 2410 306 2789 378; x_wconf 80' lang='grc' dir='ltr'>προσήκασθαι</span> <span class='ocrx_word' id='word_1_16' title='bbox 2833 306 2969 376; x_wconf 89' lang='lat'><strong>(62),</strong></span> <span class='ocrx_word' id='word_1_17' title='bbox 3012 305 3328 359; x_wconf 83' lang='grc' dir='ltr'>ἀποστέλλει</span> <span class='ocrx_word' id='word_1_18' title='bbox 3360 305 3452 356; x_wconf 58' lang='grc' dir='ltr'>τὶν</span> <span class='ocrx_word' id='word_1_19' title='bbox 3486 303 3700 356; x_wconf 72' lang='grc' dir='ltr'>ἑαυτοῦ</span> 
     </span>
    </p>
   </div>
   <div class='ocr_carea' id='block_1_4' title="bbox 431 393 1954 474">
    <p class='ocr_par' dir='ltr' id='par_1_4' title="bbox 431 403 1954 474">
     <span class='ocr_line' id='line_1_4' title="bbox 431 403 1954 474; baseline -0.003 -14"><span class='ocrx_word' id='word_1_20' title='bbox 431 406 565 460; x_wconf 84' lang='lat' dir='ltr'><strong>serit</strong></span> <span class='ocrx_word' id='word_1_21' title='bbox 597 405 905 460; x_wconf 83' lang='lat' dir='ltr'><strong>Samuelem</strong></span> <span class='ocrx_word' id='word_1_22' title='bbox 950 405 1017 460; x_wconf 88' lang='lat' dir='ltr'><strong>ad</strong></span> <span class='ocrx_word' id='word_1_23' title='bbox 1045 405 1266 459; x_wconf 89' lang='lat' dir='ltr'><strong>domum</strong></span> <span class='ocrx_word' id='word_1_24' title='bbox 1293 413 1576 474; x_wconf 85' lang='lat' dir='ltr'><strong>parentum</strong></span> <span class='ocrx_word' id='word_1_25' title='bbox 1605 403 1792 467; x_wconf 83' lang='lat' dir='ltr'><strong>David,</strong></span> <span class='ocrx_word' id='word_1_26' title='bbox 1826 417 1954 456; x_wconf 90' lang='lat' dir='ltr'><strong>corn</strong></span> 
     </span>
    </p>
   </div>
   <div class='ocr_carea' id='block_1_5' title="bbox 2173 393 3696 474">
    <p class='ocr_par' dir='ltr' id='par_1_5' title="bbox 2173 393 3696 468">
     <span class='ocr_line' id='line_1_5' title="bbox 2173 393 3696 468; baseline -0.005 -15"><span class='ocrx_word' id='word_1_27' title='bbox 2173 402 2344 453; x_wconf 76' lang='lat' dir='ltr'><strong>&#39;txovov</strong></span> <span class='ocrx_word' id='word_1_28' title='bbox 2374 398 2624 468; x_wconf 83' lang='grc' dir='ltr'><strong>Σαμουὴλ</strong></span> <span class='ocrx_word' id='word_1_29' title='bbox 2657 399 2734 462; x_wconf 77' lang='grc' dir='ltr'><strong>εἰς</strong></span> <span class='ocrx_word' id='word_1_30' title='bbox 2772 397 2862 450; x_wconf 81' lang='grc' dir='ltr'>τὸν</span> <span class='ocrx_word' id='word_1_31' title='bbox 2898 393 3046 450; x_wconf 83' lang='grc' dir='ltr'>οἷκον</span> <span class='ocrx_word' id='word_1_32' title='bbox 3077 397 3184 449; x_wconf 89' lang='grc' dir='ltr'><strong>τῶν</strong></span> <span class='ocrx_word' id='word_1_33' title='bbox 3211 397 3412 466; x_wconf 82' lang='grc' dir='ltr'><strong>γονέων</strong></span> <span class='ocrx_word' id='word_1_34' title='bbox 3454 393 3560 447; x_wconf 82' lang='grc' dir='ltr'><strong>τοῦ</strong></span> <span class='ocrx_word' id='word_1_35' title='bbox 3591 398 3696 447; x_wconf 72' lang='lat' dir='ltr'><strong>Aa-</strong></span> 
     </span>
    </p>
   </div>
   <div class='ocr_carea' id='block_1_6' title="bbox 432 485 1955 560">
    <p class='ocr_par' dir='ltr' id='par_1_6' title="bbox 432 485 1950 557">
     <span class='ocr_line' id='line_1_6' title="bbox 432 485 1950 557; baseline -0.003 -13"><span class='ocrx_word' id='word_1_36' title='bbox 432 491 698 546; x_wconf 79' lang='lat' dir='ltr'><strong>ferentem</strong></span> <span class='ocrx_word' id='word_1_37' title='bbox 749 490 1132 551; x_wconf 86' lang='lat' dir='ltr'><strong>ordinationis,</strong></span> <span class='ocrx_word' id='word_1_38' title='bbox 1180 489 1485 557; x_wconf 78' lang='lat' dir='ltr'><strong>dixeritque</strong></span> <span class='ocrx_word' id='word_1_39' title='bbox 1525 485 1764 542; x_wconf 88' lang='lat' dir='ltr'><strong>Samueli</strong></span> <span class='ocrx_word' id='word_1_40' title='bbox 1813 486 1950 541; x_wconf 89' lang='lat' dir='ltr'><strong>Dom</strong></span> 
     </span>
    </p>
   </div>
   <div class='ocr_carea' id='block_1_7' title="bbox 2167 485 3690 560">
    <p class='ocr_par' dir='ltr' id='par_1_7' title="bbox 2167 488 3690 560">
     <span class='ocr_line' id='line_1_7' title="bbox 2167 488 3690 560; baseline -0.003 -17"><span class='ocrx_word' id='word_1_41' title='bbox 2167 490 2188 543; x_wconf 76' lang='grc' dir='ltr'><strong><em>Β</em></strong></span> <span class='ocrx_word' id='word_1_42' title='bbox 2215 490 2347 560; x_wconf 81' lang='grc'>(65),</span> <span class='ocrx_word' id='word_1_43' title='bbox 2376 491 2768 560; x_wconf 73' lang='grc' dir='ltr'>ἐπιφερόμενον</span> <span class='ocrx_word' id='word_1_44' title='bbox 2797 489 2858 542; x_wconf 87' lang='grc' dir='ltr'>τὺ</span> <span class='ocrx_word' id='word_1_45' title='bbox 2895 489 3060 559; x_wconf 88' lang='grc' dir='ltr'>κέρας</span> <span class='ocrx_word' id='word_1_46' title='bbox 3087 490 3182 559; x_wconf 85' lang='grc' dir='ltr'><strong>τῆς</strong></span> <span class='ocrx_word' id='word_1_47' title='bbox 3211 489 3581 559; x_wconf 79' lang='grc' dir='ltr'><strong>χειροτονίας,</strong></span> <span class='ocrx_word' id='word_1_48' title='bbox 3612 488 3690 540; x_wconf 81' lang='grc' dir='ltr'>λέο</span> 
     </span>
    </p>
   </div>
   <div class='ocr_carea' id='block_1_8' title="bbox 431 579 1954 656">
    <p class='ocr_par' dir='ltr' id='par_1_8' title="bbox 431 581 1954 656">
     <span class='ocr_line' id='line_1_8' title="bbox 431 581 1954 656; baseline -0.003 -16"><span class='ocrx_word' id='word_1_49' title='bbox 431 602 535 640; x_wconf 89' lang='lat' dir='ltr'><strong>nus</strong></span> <span class='ocrx_word' id='word_1_50' title='bbox 551 587 624 640; x_wconf 78' lang='lat' dir='ltr'><strong>&quot;z</strong></span> <span class='ocrx_word' id='word_1_51' title='bbox 645 585 812 656; x_wconf 85' lang='lat' dir='ltr'><strong>Perge</strong></span> <span class='ocrx_word' id='word_1_52' title='bbox 834 585 900 639; x_wconf 92' lang='lat' dir='ltr'><strong>ad</strong></span> <span class='ocrx_word' id='word_1_53' title='bbox 918 587 1136 640; x_wconf 88' lang='lat' dir='ltr'><strong>domum</strong></span> <span class='ocrx_word' id='word_1_54' title='bbox 1153 581 1340 646; x_wconf 71' lang='lat' dir='ltr'><strong>Jessae,</strong></span> <span class='ocrx_word' id='word_1_55' title='bbox 1358 590 1412 636; x_wconf 91' lang='lat' dir='ltr'><strong>et</strong></span> <span class='ocrx_word' id='word_1_56' title='bbox 1429 596 1569 651; x_wconf 91' lang='lat' dir='ltr'><strong>unge</strong></span> <span class='ocrx_word' id='word_1_57' title='bbox 1589 581 1720 635; x_wconf 91' lang='lat' dir='ltr'><strong>mihi</strong></span> <span class='ocrx_word' id='word_1_58' title='bbox 1747 596 1915 634; x_wconf 91' lang='lat' dir='ltr'><strong>unum</strong></span> <span class='ocrx_word' id='word_1_59' title='bbox 1933 597 1954 635; x_wconf 81' lang='grc' dir='ltr'><strong>ε</strong></span> 
     </span>
    </p>
   </div>
   <div class='ocr_carea' id='block_1_9' title="bbox 2175 579 3698 656">
    <p class='ocr_par' dir='ltr' id='par_1_9' title="bbox 2175 579 3698 652">
     <span class='ocr_line' id='line_1_9' title="bbox 2175 579 3698 652; baseline -0.002 -21"><span class='ocrx_word' id='word_1_60' title='bbox 2175 600 2212 635; x_wconf 66' lang='grc' dir='ltr'><strong>ιν</strong></span> <span class='ocrx_word' id='word_1_61' title='bbox 2238 583 2371 652; x_wconf 74' lang='grc' dir='ltr'>πρὸς</span> <span class='ocrx_word' id='word_1_62' title='bbox 2405 583 2494 634; x_wconf 80' lang='grc' dir='ltr'><strong>τὸν</strong></span> <span class='ocrx_word' id='word_1_63' title='bbox 2526 581 2779 652; x_wconf 79' lang='grc' dir='ltr'>Σαμουὴλ</span> <span class='ocrx_word' id='word_1_64' title='bbox 2807 584 2836 634; x_wconf 87' lang='grc' dir='ltr'>ὁ</span> <span class='ocrx_word' id='word_1_65' title='bbox 2881 581 3084 650; x_wconf 86' lang='grc' dir='ltr'>Κύριος</span> <span class='ocrx_word' id='word_1_66' title='bbox 3104 597 3117 610; x_wconf 97' lang='grc'><strong>·</strong></span> <span class='ocrx_word' id='word_1_67' title='bbox 3167 579 3458 651; x_wconf 71' lang='grc' dir='ltr'>Πορευθεὶς</span> <span class='ocrx_word' id='word_1_68' title='bbox 3489 581 3579 640; x_wconf 81' lang='grc' dir='ltr'>εἰς</span> <span class='ocrx_word' id='word_1_69' title='bbox 3604 580 3698 629; x_wconf 71' lang='grc' dir='ltr'><strong>τὸν</strong></span> 
     </span>
    </p>
   </div>
   <div class='ocr_carea' id='block_1_10' title="bbox 438 668 1961 746">
    <p class='ocr_par' dir='ltr' id='par_1_10' title="bbox 438 670 1961 746">
     <span class='ocr_line' id='line_1_10' title="bbox 438 670 1961 746; baseline -0.003 -18"><span class='ocrx_word' id='word_1_70' title='bbox 438 677 564 730; x_wconf 84' lang='lat' dir='ltr'><strong>liliis</strong></span> <span class='ocrx_word' id='word_1_71' title='bbox 591 677 710 745; x_wconf 86' lang='lat' dir='ltr'><strong>ejus</strong></span> <span class='ocrx_word' id='word_1_72' title='bbox 744 678 798 730; x_wconf 92' lang='lat' dir='ltr'><strong>in</strong></span> <span class='ocrx_word' id='word_1_73' title='bbox 835 690 1036 746; x_wconf 84' lang='lat' dir='ltr'><strong>regem.</strong></span> <span class='ocrx_word' id='word_1_74' title='bbox 1073 673 1293 728; x_wconf 85' lang='lat' dir='ltr'><strong>Samuel</strong></span> <span class='ocrx_word' id='word_1_75' title='bbox 1325 679 1506 725; x_wconf 91' lang='lat' dir='ltr'><strong>autem</strong></span> <span class='ocrx_word' id='word_1_76' title='bbox 1539 670 1605 725; x_wconf 88' lang='lat' dir='ltr'><strong>ad</strong></span> <span class='ocrx_word' id='word_1_77' title='bbox 1637 671 1961 726; x_wconf 77' lang='lat' dir='ltr'><strong>minis-terim</strong></span> 
     </span>
    </p>
   </div>
   <div class='ocr_carea' id='block_1_11' title="bbox 2150 668 3673 746">
    <p class='ocr_par' dir='ltr' id='par_1_11' title="bbox 2153 668 3673 744">
     <span class='ocr_line' id='line_1_11' title="bbox 2153 668 3673 744; baseline -0.005 -17"><span class='ocrx_word' id='word_1_78' title='bbox 2153 692 2245 728; x_wconf 92' lang='grc' dir='ltr'><strong>κον</strong></span> <span class='ocrx_word' id='word_1_79' title='bbox 2282 675 2496 735; x_wconf 80' lang='grc' dir='ltr'>Ἰεσσαὶ,</span> <span class='ocrx_word' id='word_1_80' title='bbox 2527 673 2714 744; x_wconf 83' lang='grc' dir='ltr'>χρῖσόν</span> <span class='ocrx_word' id='word_1_81' title='bbox 2744 690 2832 742; x_wconf 89' lang='grc' dir='ltr'><strong>μοι</strong></span> <span class='ocrx_word' id='word_1_82' title='bbox 2867 671 2963 724; x_wconf 76' lang='grc' dir='ltr'><strong>ἕνα</strong></span> <span class='ocrx_word' id='word_1_83' title='bbox 2984 671 3094 723; x_wconf 91' lang='grc' dir='ltr'><strong>τῶν</strong></span> <span class='ocrx_word' id='word_1_84' title='bbox 3123 670 3255 723; x_wconf 88' lang='grc' dir='ltr'>υίῶν</span> <span class='ocrx_word' id='word_1_85' title='bbox 3280 669 3446 723; x_wconf 75' lang='grc' dir='ltr'>αὑτοῦ</span> <span class='ocrx_word' id='word_1_86' title='bbox 3475 671 3568 731; x_wconf 84' lang='grc' dir='ltr'><strong>είς</strong></span> <span class='ocrx_word' id='word_1_87' title='bbox 3600 668 3673 737; x_wconf 80' lang='grc' dir='ltr'><strong>βα</strong></span> 
     </span>
    </p>
   </div>
   <div class='ocr_carea' id='block_1_12' title="bbox 429 760 1952 838">
    <p class='ocr_par' dir='ltr' id='par_1_12' title="bbox 429 760 1952 838">
     <span class='ocr_line' id='line_1_12' title="bbox 429 760 1952 838; baseline -0.005 -16"><span class='ocrx_word' id='word_1_88' title='bbox 429 769 656 832; x_wconf 88' lang='lat' dir='ltr'><strong>missus,</strong></span> <span class='ocrx_word' id='word_1_89' title='bbox 671 768 952 838; x_wconf 75' lang='lat' dir='ltr'><strong>respondit</strong></span> <span class='ocrx_word' id='word_1_90' title='bbox 968 765 1195 821; x_wconf 87' lang='lat' dir='ltr'><strong>Domino</strong></span> <span class='ocrx_word' id='word_1_91' title='bbox 1216 783 1229 820; x_wconf 92' lang='lat'><strong>:</strong></span> <span class='ocrx_word' id='word_1_92' title='bbox 1250 763 1486 833; x_wconf 87' lang='lat' dir='ltr'><strong>Ecquem</strong></span> <span class='ocrx_word' id='word_1_93' title='bbox 1508 761 1805 816; x_wconf 87' lang='lat' dir='ltr'><strong>ordinabo?</strong></span> <span class='ocrx_word' id='word_1_94' title='bbox 1819 760 1952 816; x_wconf 67' lang='lat' dir='ltr'><strong>lndit</strong></span> 
     </span>
    </p>
   </div>
   <div class='ocr_carea' id='block_1_13' title="bbox 2172 760 3695 838">
    <p class='ocr_par' dir='ltr' id='par_1_13' title="bbox 2172 760 3695 835">
     <span class='ocr_line' id='line_1_13' title="bbox 2172 760 3695 835; baseline -0.005 -17"><span class='ocrx_word' id='word_1_95' title='bbox 2172 765 2270 819; x_wconf 74' lang='grc' dir='ltr'>ιέα.</span> <span class='ocrx_word' id='word_1_96' title='bbox 2317 766 2374 818; x_wconf 89' lang='lat'><strong>&#39;0</strong></span> <span class='ocrx_word' id='word_1_97' title='bbox 2406 764 2747 835; x_wconf 81' lang='grc' dir='ltr'>δὲ’Σαμουὴλ</span> <span class='ocrx_word' id='word_1_98' title='bbox 2783 765 2857 826; x_wconf 84' lang='grc' dir='ltr'>ὡς</span> <span class='ocrx_word' id='word_1_99' title='bbox 2899 766 2980 826; x_wconf 86' lang='grc' dir='ltr'><strong>είς</strong></span> <span class='ocrx_word' id='word_1_100' title='bbox 3023 763 3295 815; x_wconf 77' lang='grc' dir='ltr'>διακονίαν</span> <span class='ocrx_word' id='word_1_101' title='bbox 3329 760 3695 829; x_wconf 61' lang='grc' dir='ltr'>στελλόμενος</span> 
     </span>
    </p>
   </div>
   <div class='ocr_carea' id='block_1_14' title="bbox 427 853 1950 929">
    <p class='ocr_par' dir='ltr' id='par_1_14' title="bbox 427 853 1950 924">
     <span class='ocr_line' id='line_1_14' title="bbox 427 853 1950 924; baseline -0.007 -10"><span class='ocrx_word' id='word_1_102' title='bbox 427 875 648 922; x_wconf 91' lang='lat' dir='ltr'><strong>nomen,</strong></span> <span class='ocrx_word' id='word_1_103' title='bbox 683 859 930 922; x_wconf 90' lang='lat' dir='ltr'><strong>Domine,</strong></span> <span class='ocrx_word' id='word_1_104' title='bbox 968 866 1027 912; x_wconf 90' lang='lat' dir='ltr'><strong>ut</strong></span> <span class='ocrx_word' id='word_1_105' title='bbox 1059 857 1372 924; x_wconf 69' lang='lat' dir='ltr'><strong>diligentius</strong></span> <span class='ocrx_word' id='word_1_106' title='bbox 1399 855 1466 909; x_wconf 91' lang='lat' dir='ltr'><strong>ad</strong></span> <span class='ocrx_word' id='word_1_107' title='bbox 1495 853 1650 922; x_wconf 91' lang='lat' dir='ltr'><strong>jussa</strong></span> <span class='ocrx_word' id='word_1_108' title='bbox 1681 860 1773 906; x_wconf 92' lang='lat' dir='ltr'><strong>tua</strong></span> <span class='ocrx_word' id='word_1_109' title='bbox 1803 867 1950 923; x_wconf 66' lang='lat' dir='ltr'><strong>pr0p:</strong></span> 
     </span>
    </p>
   </div>
   <div class='ocr_carea' id='block_1_15' title="bbox 2176 853 3699 929">
    <p class='ocr_par' dir='ltr' id='par_1_15' title="bbox 2176 853 3699 929">
     <span class='ocr_line' id='line_1_15' title="bbox 2176 853 3699 929; baseline -0.003 -20"><span class='ocrx_word' id='word_1_110' title='bbox 2176 859 2430 929; x_wconf 73' lang='grc' dir='ltr'>περήσατο</span> <span class='ocrx_word' id='word_1_111' title='bbox 2456 857 2564 927; x_wconf 73' lang='grc'>(64)</span> <span class='ocrx_word' id='word_1_112' title='bbox 2615 856 2748 926; x_wconf 71' lang='grc' dir='ltr'>πρὸς</span> <span class='ocrx_word' id='word_1_113' title='bbox 2787 856 2880 908; x_wconf 84' lang='grc' dir='ltr'><strong>τὸν</strong></span> <span class='ocrx_word' id='word_1_114' title='bbox 2911 854 3134 924; x_wconf 82' lang='grc' dir='ltr'>Κύριον,</span> <span class='ocrx_word' id='word_1_115' title='bbox 3170 853 3344 922; x_wconf 85' lang='grc' dir='ltr'>λέγων</span> <span class='ocrx_word' id='word_1_116' title='bbox 3364 871 3377 882; x_wconf 95' lang='grc'><strong>·</strong></span> <span class='ocrx_word' id='word_1_117' title='bbox 3420 853 3542 905; x_wconf 76' lang='grc' dir='ltr'>Καὶ</span> <span class='ocrx_word' id='word_1_118' title='bbox 3571 854 3699 904; x_wconf 74' lang='grc' dir='ltr'>τίνα</span> 
     </span>
    </p>
   </div>
   <div class='ocr_carea' id='block_1_16' title="bbox 427 941 1950 1020">
    <p class='ocr_par' dir='ltr' id='par_1_16' title="bbox 427 941 1950 1012">
     <span class='ocr_line' id='line_1_16' title="bbox 427 941 1950 1012; baseline -0.008 -8"><span class='ocrx_word' id='word_1_119' title='bbox 427 965 561 1005; x_wconf 88' lang='lat' dir='ltr'><strong>rem.</strong></span> <span class='ocrx_word' id='word_1_120' title='bbox 589 947 728 1004; x_wconf 84' lang='lat' dir='ltr'><strong>Tum</strong></span> <span class='ocrx_word' id='word_1_121' title='bbox 759 948 1020 1004; x_wconf 81' lang='lat' dir='ltr'><strong>Dominus</strong></span> <span class='ocrx_word' id='word_1_122' title='bbox 1048 947 1115 1000; x_wconf 91' lang='lat' dir='ltr'><strong>ad</strong></span> <span class='ocrx_word' id='word_1_123' title='bbox 1142 945 1446 1000; x_wconf 88' lang='lat' dir='ltr'><strong>Samuelem</strong></span> <span class='ocrx_word' id='word_1_124' title='bbox 1469 961 1482 998; x_wconf 88' lang='lat'><strong>:</strong></span> <span class='ocrx_word' id='word_1_125' title='bbox 1506 941 1641 997; x_wconf 84' lang='lat' dir='ltr'><strong>Nolo</strong></span> <span class='ocrx_word' id='word_1_126' title='bbox 1669 943 1814 997; x_wconf 81' lang='lat' dir='ltr'><strong>scias</strong></span> <span class='ocrx_word' id='word_1_127' title='bbox 1837 957 1950 1012; x_wconf 74' lang='lat' dir='ltr'><strong>Que;</strong></span> 
     </span>
    </p>
   </div>
   <div class='ocr_carea' id='block_1_17' title="bbox 2168 941 3691 1020">
    <p class='ocr_par' dir='ltr' id='par_1_17' title="bbox 2168 946 3691 1020">
     <span class='ocr_line' id='line_1_17' title="bbox 2168 946 3691 1020; baseline -0.001 -23"><span class='ocrx_word' id='word_1_128' title='bbox 2168 949 2554 1020; x_wconf 64' lang='grc' dir='ltr'>δοχειρίσομαις</span> <span class='ocrx_word' id='word_1_129' title='bbox 2609 949 2750 1016; x_wconf 82' lang='grc' dir='ltr'><strong>Λέγε</strong></span> <span class='ocrx_word' id='word_1_130' title='bbox 2807 965 2896 1018; x_wconf 89' lang='grc' dir='ltr'><strong>μοι</strong></span> <span class='ocrx_word' id='word_1_131' title='bbox 2927 948 2990 1000; x_wconf 83' lang='grc' dir='ltr'><strong>τὸ</strong></span> <span class='ocrx_word' id='word_1_132' title='bbox 3039 947 3230 1018; x_wconf 81' lang='grc' dir='ltr'>ὃνομα,</span> <span class='ocrx_word' id='word_1_133' title='bbox 3276 947 3550 1006; x_wconf 79' lang='grc' dir='ltr'>Δέσποτα,</span> <span class='ocrx_word' id='word_1_134' title='bbox 3605 946 3691 997; x_wconf 75' lang='grc' dir='ltr'>ἴνα</span> 
     </span>
    </p>
   </div>
   <div class='ocr_carea' id='block_1_18' title="bbox 426 1035 1949 1112">
    <p class='ocr_par' dir='ltr' id='par_1_18' title="bbox 426 1035 1949 1111">
     <span class='ocr_line' id='line_1_18' title="bbox 426 1035 1949 1111; baseline -0.007 -15"><span class='ocrx_word' id='word_1_135' title='bbox 426 1042 828 1107; x_wconf 88' lang='lat' dir='ltr'><strong>constituerim,</strong></span> <span class='ocrx_word' id='word_1_136' title='bbox 874 1057 942 1096; x_wconf 92' lang='lat' dir='ltr'><strong>ne</strong></span> <span class='ocrx_word' id='word_1_137' title='bbox 974 1040 1129 1111; x_wconf 86' lang='lat' dir='ltr'><strong>quasi</strong></span> <span class='ocrx_word' id='word_1_138' title='bbox 1159 1051 1448 1109; x_wconf 86' lang='lat' dir='ltr'><strong>personam</strong></span> <span class='ocrx_word' id='word_1_139' title='bbox 1495 1035 1795 1104; x_wconf 91' lang='lat' dir='ltr'><strong>acceperis,</strong></span> <span class='ocrx_word' id='word_1_140' title='bbox 1836 1048 1949 1088; x_wconf 70' lang='lat' dir='ltr'><strong>acc:</strong></span> 
     </span>
    </p>
   </div>
   <div class='ocr_carea' id='block_1_19' title="bbox 2168 1035 3691 1112">
    <p class='ocr_par' dir='ltr' id='par_1_19' title="bbox 2168 1038 3691 1112">
     <span class='ocr_line' id='line_1_19' title="bbox 2168 1038 3691 1112; baseline -0.002 -20"><span class='ocrx_word' id='word_1_141' title='bbox 2168 1041 2511 1112; x_wconf 73' lang='grc' dir='ltr'>εουδαιότερον</span> <span class='ocrx_word' id='word_1_142' title='bbox 2563 1041 2700 1111; x_wconf 83' lang='grc' dir='ltr'>πρὸς</span> <span class='ocrx_word' id='word_1_143' title='bbox 2745 1041 2807 1092; x_wconf 80' lang='grc' dir='ltr'>τὸ</span> <span class='ocrx_word' id='word_1_144' title='bbox 2852 1039 3043 1094; x_wconf 78' lang='grc' dir='ltr'>δοκοῦν</span> <span class='ocrx_word' id='word_1_145' title='bbox 3083 1057 3166 1092; x_wconf 89' lang='grc' dir='ltr'><strong>σοι</strong></span> <span class='ocrx_word' id='word_1_146' title='bbox 3209 1038 3590 1108; x_wconf 73' lang='grc' dir='ltr'>διαϐήσωμαι.</span> <span class='ocrx_word' id='word_1_147' title='bbox 3633 1038 3691 1089; x_wconf 82' lang='grc' dir='ltr'>Ὅ</span> 
     </span>
    </p>
   </div>
   <div class='ocr_carea' id='block_1_20' title="bbox 425 1123 1948 1204">
    <p class='ocr_par' dir='ltr' id='par_1_20' title="bbox 425 1123 1944 1196">
     <span class='ocr_line' id='line_1_20' title="bbox 425 1123 1944 1196; baseline -0.006 -9"><span class='ocrx_word' id='word_1_148' title='bbox 425 1147 566 1188; x_wconf 85' lang='lat' dir='ltr'><strong>sere.</strong></span> <span class='ocrx_word' id='word_1_149' title='bbox 606 1132 785 1187; x_wconf 84' lang='lat' dir='ltr'><strong>Habes</strong></span> <span class='ocrx_word' id='word_1_150' title='bbox 813 1147 983 1186; x_wconf 85' lang='lat' dir='ltr'><strong>cornu</strong></span> <span class='ocrx_word' id='word_1_151' title='bbox 1014 1126 1396 1193; x_wconf 82' lang='lat' dir='ltr'><strong>ordinationis,</strong></span> <span class='ocrx_word' id='word_1_152' title='bbox 1428 1127 1484 1180; x_wconf 90' lang='lat' dir='ltr'><strong>in</strong></span> <span class='ocrx_word' id='word_1_153' title='bbox 1513 1141 1674 1196; x_wconf 88' lang='lat' dir='ltr'><strong>quem</strong></span> <span class='ocrx_word' id='word_1_154' title='bbox 1705 1123 1944 1178; x_wconf 87' lang='lat' dir='ltr'><strong>inclinab</strong></span> 
     </span>
    </p>
   </div>
   <div class='ocr_carea' id='block_1_21' title="bbox 2160 1123 3683 1204">
    <p class='ocr_par' dir='ltr' id='par_1_21' title="bbox 2182 1132 3683 1204">
     <span class='ocr_line' id='line_1_21' title="bbox 2182 1132 3683 1204; baseline -0.001 -19"><span class='ocrx_word' id='word_1_155' title='bbox 2182 1135 2384 1204; x_wconf 84' lang='grc' dir='ltr'>Κύριος</span> <span class='ocrx_word' id='word_1_156' title='bbox 2429 1134 2564 1204; x_wconf 76' lang='grc' dir='ltr'>πρὸς</span> <span class='ocrx_word' id='word_1_157' title='bbox 2590 1135 2681 1186; x_wconf 83' lang='grc' dir='ltr'><strong>τὸν</strong></span> <span class='ocrx_word' id='word_1_158' title='bbox 2706 1134 2989 1203; x_wconf 70' lang='grc' dir='ltr'>Σαμουὴλ·</span> <span class='ocrx_word' id='word_1_159' title='bbox 3022 1136 3097 1186; x_wconf 85' lang='grc' dir='ltr'><strong>Οὐ</strong></span> <span class='ocrx_word' id='word_1_160' title='bbox 3132 1134 3267 1186; x_wconf 86' lang='grc' dir='ltr'>θέλω</span> <span class='ocrx_word' id='word_1_161' title='bbox 3294 1151 3352 1186; x_wconf 90' lang='grc' dir='ltr'><strong>σε</strong></span> <span class='ocrx_word' id='word_1_162' title='bbox 3382 1132 3683 1200; x_wconf 65' lang='grc' dir='ltr'>γινώσκειι</span> 
     </span>
    </p>
   </div>
   <div class='ocr_carea' id='block_1_22' title="bbox 426 1213 1949 1295">
    <p class='ocr_par' dir='ltr' id='par_1_22' title="bbox 426 1213 1949 1281">
     <span class='ocr_line' id='line_1_22' title="bbox 426 1213 1949 1281; baseline -0.008 -4"><span class='ocrx_word' id='word_1_163' title='bbox 426 1232 515 1277; x_wconf 91' lang='lat' dir='ltr'><strong>tur</strong></span> <span class='ocrx_word' id='word_1_164' title='bbox 542 1237 736 1281; x_wconf 91' lang='lat' dir='ltr'><strong>cornu.</strong></span> <span class='ocrx_word' id='word_1_165' title='bbox 767 1231 822 1276; x_wconf 91' lang='lat' dir='ltr'><strong>et</strong></span> <span class='ocrx_word' id='word_1_166' title='bbox 853 1221 1035 1274; x_wconf 88' lang='lat' dir='ltr'><strong>oleum</strong></span> <span class='ocrx_word' id='word_1_167' title='bbox 1059 1216 1357 1280; x_wconf 88' lang='lat' dir='ltr'><strong>cmanabit,</strong></span> <span class='ocrx_word' id='word_1_168' title='bbox 1382 1213 1699 1269; x_wconf 76' lang='lat' dir='ltr'><strong>illum-uiibi</strong></span> <span class='ocrx_word' id='word_1_169' title='bbox 1725 1213 1949 1268; x_wconf 72' lang='lat' dir='ltr'><strong>constiti</strong></span> 
     </span>
    </p>
   </div>
   <div class='ocr_carea' id='block_1_23' title="bbox 2164 1213 3687 1295">
    <p class='ocr_par' dir='ltr' id='par_1_23' title="bbox 2164 1223 3687 1295">
     <span class='ocr_line' id='line_1_23' title="bbox 2164 1223 3687 1295; baseline 0.001 -20"><span class='ocrx_word' id='word_1_170' title='bbox 2164 1240 2186 1274; x_wconf 87' lang='grc' dir='ltr'><strong>ν</strong></span> <span class='ocrx_word' id='word_1_171' title='bbox 2211 1223 2720 1294; x_wconf 75' lang='grc' dir='ltr'>προχειριζόμενον,·</span> <span class='ocrx_word' id='word_1_172' title='bbox 2742 1225 2828 1276; x_wconf 80' lang='grc' dir='ltr'><strong>ἵνα</strong></span> <span class='ocrx_word' id='word_1_173' title='bbox 2858 1223 2931 1294; x_wconf 85' lang='grc' dir='ltr'><strong>μὴ</strong></span> <span class='ocrx_word' id='word_1_174' title='bbox 2963 1223 3037 1286; x_wconf 85' lang='grc' dir='ltr'><strong>ὡς</strong></span> <span class='ocrx_word' id='word_1_175' title='bbox 3063 1223 3541 1295; x_wconf 85' lang='grc' dir='ltr'>προσωπολήπτης</span> <span class='ocrx_word' id='word_1_176' title='bbox 3567 1225 3687 1277; x_wconf 82' lang='grc' dir='ltr'>δια-</span> 
     </span>
    </p>
   </div>
   <div class='ocr_carea' id='block_1_24' title="bbox 421 1307 1944 1386">
    <p class='ocr_par' dir='ltr' id='par_1_24' title="bbox 421 1307 1938 1386">
     <span class='ocr_line' id='line_1_24' title="bbox 421 1307 1938 1386; baseline -0.009 -16"><span class='ocrx_word' id='word_1_177' title='bbox 421 1331 626 1386; x_wconf 85' lang='lat' dir='ltr'><strong>regem.</strong></span> <span class='ocrx_word' id='word_1_178' title='bbox 659 1316 794 1369; x_wconf 86' lang='lat' dir='ltr'><strong>Cum</strong></span> <span class='ocrx_word' id='word_1_179' title='bbox 826 1329 998 1368; x_wconf 91' lang='lat' dir='ltr'><strong>cornu</strong></span> <span class='ocrx_word' id='word_1_180' title='bbox 1034 1318 1220 1365; x_wconf 88' lang='lat' dir='ltr'><strong>teneas</strong></span> <span class='ocrx_word' id='word_1_181' title='bbox 1235 1307 1380 1380; x_wconf 90' lang='lat' dir='ltr'><strong>quod</strong></span> <span class='ocrx_word' id='word_1_182' title='bbox 1403 1308 1603 1362; x_wconf 88' lang='lat' dir='ltr'><strong>nullam</strong></span> <span class='ocrx_word' id='word_1_183' title='bbox 1638 1321 1938 1377; x_wconf 89' lang='lat' dir='ltr'><strong>personaru</strong></span> 
     </span>
    </p>
   </div>
   <div class='ocr_carea' id='block_1_25' title="bbox 2160 1307 3683 1386">
    <p class='ocr_par' dir='ltr' id='par_1_25' title="bbox 2166 1314 3683 1384">
     <span class='ocr_line' id='line_1_25' title="bbox 2166 1314 3683 1384; baseline 0.001 -18"><span class='ocrx_word' id='word_1_184' title='bbox 2166 1314 2321 1384; x_wconf 82' lang='grc' dir='ltr'>ηϐῇς.</span> <span class='ocrx_word' id='word_1_185' title='bbox 2358 1316 2541 1383; x_wconf 84' lang='grc' dir='ltr'>Ἔχεις</span> <span class='ocrx_word' id='word_1_186' title='bbox 2566 1314 2627 1366; x_wconf 87' lang='grc' dir='ltr'><strong>τὸ</strong></span> <span class='ocrx_word' id='word_1_187' title='bbox 2654 1315 2819 1384; x_wconf 86' lang='grc' dir='ltr'>κέρας</span> <span class='ocrx_word' id='word_1_188' title='bbox 2863 1315 2963 1384; x_wconf 81' lang='grc' dir='ltr'>τῆς</span> <span class='ocrx_word' id='word_1_189' title='bbox 2988 1316 3339 1384; x_wconf 82' lang='grc' dir='ltr'>χειροτονίας,</span> <span class='ocrx_word' id='word_1_190' title='bbox 3365 1317 3504 1368; x_wconf 82' lang='grc' dir='ltr'>ὅπου</span> <span class='ocrx_word' id='word_1_191' title='bbox 3538 1315 3587 1367; x_wconf 78' lang='grc' dir='ltr'>δ’</span> <span class='ocrx_word' id='word_1_192' title='bbox 3619 1316 3683 1368; x_wconf 57' lang='grc' dir='ltr'>ἂν</span> 
     </span>
    </p>
   </div>
   <div class='ocr_carea' id='block_1_26' title="bbox 424 1392 1947 1478">
    <p class='ocr_par' dir='ltr' id='par_1_26' title="bbox 424 1392 1941 1475">
     <span class='ocr_line' id='line_1_26' title="bbox 424 1392 1941 1475; baseline -0.01 -15"><span class='ocrx_word' id='word_1_193' title='bbox 424 1407 794 1475; x_wconf 88' lang='lat' dir='ltr'><strong>acceptionem</strong></span> <span class='ocrx_word' id='word_1_194' title='bbox 845 1403 1115 1455; x_wconf 83' lang='lat' dir='ltr'><strong>facturum</strong></span> <span class='ocrx_word' id='word_1_195' title='bbox 1147 1406 1253 1463; x_wconf 92' lang='lat' dir='ltr'><strong>est,</strong></span> <span class='ocrx_word' id='word_1_196' title='bbox 1309 1413 1378 1452; x_wconf 92' lang='lat' dir='ltr'><strong>ne</strong></span> <span class='ocrx_word' id='word_1_197' title='bbox 1436 1397 1664 1451; x_wconf 86' lang='lat' dir='ltr'><strong>moleste</strong></span> <span class='ocrx_word' id='word_1_198' title='bbox 1702 1394 1865 1449; x_wconf 79' lang='lat' dir='ltr'><strong>feras.</strong></span> <span class='ocrx_word' id='word_1_199' title='bbox 1898 1392 1941 1446; x_wconf 86' lang='lat' dir='ltr'><strong>ll</strong></span> 
     </span>
    </p>
   </div>
   <div class='ocr_carea' id='block_1_27' title="bbox 2163 1392 3686 1478">
    <p class='ocr_par' dir='ltr' id='par_1_27' title="bbox 2163 1406 3686 1478">
     <span class='ocr_line' id='line_1_27' title="bbox 2163 1406 3686 1478; baseline 0.002 -20"><span class='ocrx_word' id='word_1_200' title='bbox 2163 1406 2368 1458; x_wconf 67' lang='lat' dir='ltr'><strong>maiust</strong></span> <span class='ocrx_word' id='word_1_201' title='bbox 2405 1406 2465 1457; x_wconf 86' lang='grc' dir='ltr'><strong>τὸ</strong></span> <span class='ocrx_word' id='word_1_202' title='bbox 2512 1406 2700 1478; x_wconf 83' lang='grc' dir='ltr'>κέρας,</span> <span class='ocrx_word' id='word_1_203' title='bbox 2729 1409 2824 1459; x_wconf 70' lang='grc' dir='ltr'>καὶ</span> <span class='ocrx_word' id='word_1_204' title='bbox 2867 1407 2927 1458; x_wconf 89' lang='grc' dir='ltr'>τὸ</span> <span class='ocrx_word' id='word_1_205' title='bbox 2960 1406 3136 1459; x_wconf 78' lang='grc' dir='ltr'>ἔλαιον</span> <span class='ocrx_word' id='word_1_206' title='bbox 3168 1406 3439 1476; x_wconf 81' lang='grc' dir='ltr'>λιμνάσει,</span> <span class='ocrx_word' id='word_1_207' title='bbox 3466 1408 3686 1461; x_wconf 67' lang='grc' dir='ltr'>ὲκείνόι</span> 
     </span>
    </p>
   </div>
   <div class='ocr_carea' id='block_1_28' title="bbox 423 1485 1946 1571">
    <p class='ocr_par' dir='ltr' id='par_1_28' title="bbox 423 1485 1946 1562">
     <span class='ocr_line' id='line_1_28' title="bbox 423 1485 1946 1562; baseline -0.011 -12"><span class='ocrx_word' id='word_1_208' title='bbox 423 1496 624 1550; x_wconf 83' lang='lat' dir='ltr'><strong>auditis</strong></span> <span class='ocrx_word' id='word_1_209' title='bbox 663 1493 902 1556; x_wconf 86' lang='lat' dir='ltr'><strong>Samuel,</strong></span> <span class='ocrx_word' id='word_1_210' title='bbox 953 1490 1109 1562; x_wconf 88' lang='lat' dir='ltr'><strong>quasi</strong></span> <span class='ocrx_word' id='word_1_211' title='bbox 1152 1504 1183 1543; x_wconf 93' lang='lat' dir='ltr'><strong>a</strong></span> <span class='ocrx_word' id='word_1_212' title='bbox 1222 1488 1334 1543; x_wconf 91' lang='lat' dir='ltr'><strong>Deo</strong></span> <span class='ocrx_word' id='word_1_213' title='bbox 1385 1493 1608 1555; x_wconf 89' lang='lat' dir='ltr'><strong>accepta</strong></span> <span class='ocrx_word' id='word_1_214' title='bbox 1661 1485 1946 1555; x_wconf 49' lang='lat' dir='ltr'><strong>cognitioni</strong></span> 
     </span>
    </p>
   </div>
   <div class='ocr_carea' id='block_1_29' title="bbox 2165 1485 3688 1571">
    <p class='ocr_par' dir='ltr' id='par_1_29' title="bbox 2173 1499 3688 1571">
     <span class='ocr_line' id='line_1_29' title="bbox 2173 1499 3688 1571; baseline 0.002 -21"><span class='ocrx_word' id='word_1_215' title='bbox 2173 1517 2188 1550; x_wconf 93' lang='grc' dir='ltr'><strong>ι</strong></span> <span class='ocrx_word' id='word_1_216' title='bbox 2219 1499 2565 1570; x_wconf 86' lang='grc' dir='ltr'>προχείρισον</span> <span class='ocrx_word' id='word_1_217' title='bbox 2588 1500 2698 1570; x_wconf 79' lang='grc'>(65)</span> <span class='ocrx_word' id='word_1_218' title='bbox 2718 1503 2796 1562; x_wconf 87' lang='grc' dir='ltr'>εἰς</span> <span class='ocrx_word' id='word_1_219' title='bbox 2821 1499 3064 1569; x_wconf 80' lang='grc' dir='ltr'>βασιλέα.</span> <span class='ocrx_word' id='word_1_220' title='bbox 3102 1501 3360 1570; x_wconf 82' lang='grc' dir='ltr'>Κατέχων</span> <span class='ocrx_word' id='word_1_221' title='bbox 3383 1502 3446 1552; x_wconf 84' lang='grc' dir='ltr'><strong>τὸ</strong></span> <span class='ocrx_word' id='word_1_222' title='bbox 3478 1501 3688 1571; x_wconf 84' lang='grc' dir='ltr'>κέρας,</span> 
     </span>
    </p>
   </div>
   <div class='ocr_carea' id='block_1_30' title="bbox 423 1573 1946 1660">
    <p class='ocr_par' dir='ltr' id='par_1_30' title="bbox 423 1573 1946 1652">
     <span class='ocr_line' id='line_1_30' title="bbox 423 1573 1946 1652; baseline -0.009 -11"><span class='ocrx_word' id='word_1_223' title='bbox 423 1586 624 1649; x_wconf 85' lang='lat' dir='ltr'><strong>statim,</strong></span> <span class='ocrx_word' id='word_1_224' title='bbox 652 1584 793 1638; x_wconf 88' lang='lat' dir='ltr'><strong>haud</strong></span> <span class='ocrx_word' id='word_1_225' title='bbox 827 1581 992 1636; x_wconf 92' lang='lat' dir='ltr'><strong>dubio</strong></span> <span class='ocrx_word' id='word_1_226' title='bbox 1017 1580 1172 1652; x_wconf 88' lang='lat' dir='ltr'><strong>pede,</strong></span> <span class='ocrx_word' id='word_1_227' title='bbox 1200 1577 1438 1632; x_wconf 76' lang='lat' dir='ltr'><strong>accurrit</strong></span> <span class='ocrx_word' id='word_1_228' title='bbox 1467 1575 1534 1629; x_wconf 90' lang='lat' dir='ltr'><strong>ad</strong></span> <span class='ocrx_word' id='word_1_229' title='bbox 1561 1575 1782 1630; x_wconf 90' lang='lat' dir='ltr'><strong>domum</strong></span> <span class='ocrx_word' id='word_1_230' title='bbox 1802 1573 1946 1629; x_wconf 74' lang='lat' dir='ltr'><strong>Jesse</strong></span> 
     </span>
    </p>
   </div>
   <div class='ocr_carea' id='block_1_31' title="bbox 2160 1573 3683 1660">
    <p class='ocr_par' dir='ltr' id='par_1_31' title="bbox 2160 1587 3683 1660">
     <span class='ocr_line' id='line_1_31' title="bbox 2160 1587 3683 1660; baseline 0.003 -23"><span class='ocrx_word' id='word_1_231' title='bbox 2160 1587 2594 1656; x_wconf 75' lang='grc' dir='ltr'>εροσωπόληπτον</span> <span class='ocrx_word' id='word_1_232' title='bbox 2641 1587 2943 1659; x_wconf 88' lang='grc' dir='ltr'>διαιτητὴν,</span> <span class='ocrx_word' id='word_1_233' title='bbox 2999 1588 3262 1658; x_wconf 77' lang='grc' dir='ltr'><strong>μηδαμῶς</strong></span> <span class='ocrx_word' id='word_1_234' title='bbox 3326 1589 3683 1660; x_wconf 80' lang='grc' dir='ltr'>δυσχέραινε.</span> 
     </span>
    </p>
   </div>
   <div class='ocr_carea' id='block_1_32' title="bbox 421 1662 1944 1759">
    <p class='ocr_par' dir='ltr' id='par_1_32' title="bbox 421 1662 1944 1744">
     <span class='ocr_line' id='line_1_32' title="bbox 421 1662 1944 1744; baseline -0.01 -15"><span class='ocrx_word' id='word_1_235' title='bbox 421 1689 583 1744; x_wconf 86' lang='lat' dir='ltr'><strong>quem</strong></span> <span class='ocrx_word' id='word_1_236' title='bbox 617 1673 696 1726; x_wconf 92' lang='lat' dir='ltr'><strong>sic</strong></span> <span class='ocrx_word' id='word_1_237' title='bbox 737 1671 1035 1740; x_wconf 89' lang='lat' dir='ltr'><strong>alloquitur</strong></span> <span class='ocrx_word' id='word_1_238' title='bbox 1068 1685 1080 1722; x_wconf 92' lang='lat'>:</span> <span class='ocrx_word' id='word_1_239' title='bbox 1107 1666 1250 1721; x_wconf 83' lang='lat' dir='ltr'><strong>Misit</strong></span> <span class='ocrx_word' id='word_1_240' title='bbox 1275 1680 1363 1720; x_wconf 91' lang='lat' dir='ltr'><strong>me</strong></span> <span class='ocrx_word' id='word_1_241' title='bbox 1391 1663 1654 1718; x_wconf 92' lang='lat' dir='ltr'><strong>Dominus</strong></span> <span class='ocrx_word' id='word_1_242' title='bbox 1683 1662 1944 1718; x_wconf 67' lang='lat' dir='ltr'><strong>ordinatim</strong></span> 
     </span>
    </p>
   </div>
   <div class='ocr_carea' id='block_1_33' title="bbox 2165 1662 3688 1759">
    <p class='ocr_par' dir='ltr' id='par_1_33' title="bbox 2165 1677 3688 1750">
     <span class='ocr_line' id='line_1_33' title="bbox 2165 1677 3688 1750; baseline 0.002 -22"><span class='ocrx_word' id='word_1_243' title='bbox 2165 1677 2278 1730; x_wconf 79' lang='grc' dir='ltr'>ιῦτα</span> <span class='ocrx_word' id='word_1_244' title='bbox 2309 1677 2546 1740; x_wconf 84' lang='grc' dir='ltr'>ἀκούσας</span> <span class='ocrx_word' id='word_1_245' title='bbox 2578 1679 2606 1730; x_wconf 85' lang='grc' dir='ltr'><strong>ὁ</strong></span> <span class='ocrx_word' id='word_1_246' title='bbox 2635 1679 2908 1750; x_wconf 82' lang='grc' dir='ltr'>Σαμουὴλ,</span> <span class='ocrx_word' id='word_1_247' title='bbox 2957 1679 3051 1731; x_wconf 77' lang='grc' dir='ltr'><strong>καὶ</strong></span> <span class='ocrx_word' id='word_1_248' title='bbox 3087 1680 3164 1742; x_wconf 86' lang='grc' dir='ltr'>ὡς</span> <span class='ocrx_word' id='word_1_249' title='bbox 3196 1678 3346 1749; x_wconf 78' lang='grc' dir='ltr'>παρὰ</span> <span class='ocrx_word' id='word_1_250' title='bbox 3386 1679 3530 1731; x_wconf 80' lang='grc' dir='ltr'>Θεοῦ</span> <span class='ocrx_word' id='word_1_251' title='bbox 3584 1679 3688 1748; x_wconf 80' lang='grc' dir='ltr'><strong>τὴν</strong></span> 
     </span>
    </p>
   </div>
   <div class='ocr_carea' id='block_1_34' title="bbox 419 1754 1942 1837">
    <p class='ocr_par' dir='ltr' id='par_1_34' title="bbox 419 1754 1942 1829">
     <span class='ocr_line' id='line_1_34' title="bbox 419 1754 1942 1829; baseline -0.009 -10"><span class='ocrx_word' id='word_1_252' title='bbox 419 1780 487 1819; x_wconf 86' lang='lat' dir='ltr'><strong>ex</strong></span> <span class='ocrx_word' id='word_1_253' title='bbox 519 1764 644 1819; x_wconf 80' lang='lat' dir='ltr'><strong>filiis</strong></span> <span class='ocrx_word' id='word_1_254' title='bbox 675 1763 785 1817; x_wconf 91' lang='lat' dir='ltr'><strong>tuis</strong></span> <span class='ocrx_word' id='word_1_255' title='bbox 819 1778 986 1816; x_wconf 91' lang='lat' dir='ltr'><strong>unum</strong></span> <span class='ocrx_word' id='word_1_256' title='bbox 1030 1761 1085 1814; x_wconf 94' lang='lat' dir='ltr'><strong>in</strong></span> <span class='ocrx_word' id='word_1_257' title='bbox 1139 1773 1346 1829; x_wconf 80' lang='lat' dir='ltr'><strong>regem.</strong></span> <span class='ocrx_word' id='word_1_258' title='bbox 1389 1756 1689 1812; x_wconf 79' lang='lat' dir='ltr'><strong>Confestim</strong></span> <span class='ocrx_word' id='word_1_259' title='bbox 1739 1754 1893 1812; x_wconf 88' lang='lat' dir='ltr'><strong>Jesse</strong></span> <span class='ocrx_word' id='word_1_260' title='bbox 1935 1776 1942 1806; x_wconf 79' lang='grc'>‹</span> 
     </span>
    </p>
   </div>
   <div class='ocr_carea' id='block_1_35' title="bbox 2165 1754 3688 1837">
    <p class='ocr_par' dir='ltr' id='par_1_35' title="bbox 2165 1765 3688 1837">
     <span class='ocr_line' id='line_1_35' title="bbox 2165 1765 3688 1837; baseline -0.001 -19"><span class='ocrx_word' id='word_1_261' title='bbox 2165 1765 2295 1818; x_wconf 87' lang='grc' dir='ltr'>ὦσιν</span> <span class='ocrx_word' id='word_1_262' title='bbox 2323 1766 2634 1837; x_wconf 79' lang='grc' dir='ltr'>δεξάμενος,</span> <span class='ocrx_word' id='word_1_263' title='bbox 2664 1766 2864 1829; x_wconf 83' lang='grc' dir='ltr'>εὐθέως</span> <span class='ocrx_word' id='word_1_264' title='bbox 2891 1765 3243 1835; x_wconf 77' lang='grc' dir='ltr'>ἀναμφιϐὁλῳ</span> <span class='ocrx_word' id='word_1_265' title='bbox 3265 1765 3383 1816; x_wconf 67' lang='grc' dir='ltr'>ποδὶ</span> <span class='ocrx_word' id='word_1_266' title='bbox 3405 1765 3688 1836; x_wconf 82' lang='grc' dir='ltr'>κατέδρα-</span> 
     </span>
    </p>
   </div>
   <div class='ocr_carea' id='block_1_36' title="bbox 421 1849 1944 1926">
    <p class='ocr_par' dir='ltr' id='par_1_36' title="bbox 421 1849 1944 1924">
     <span class='ocr_line' id='line_1_36' title="bbox 421 1849 1944 1924; baseline -0.006 -13"><span class='ocrx_word' id='word_1_267' title='bbox 421 1871 559 1911; x_wconf 89' lang='lat' dir='ltr'><strong>uxor</strong></span> <span class='ocrx_word' id='word_1_268' title='bbox 594 1855 714 1924; x_wconf 88' lang='lat' dir='ltr'><strong>ejus</strong></span> <span class='ocrx_word' id='word_1_269' title='bbox 746 1854 914 1908; x_wconf 85' lang='lat' dir='ltr'><strong>lilium</strong></span> <span class='ocrx_word' id='word_1_270' title='bbox 946 1867 1104 1908; x_wconf 87' lang='lat' dir='ltr'><strong>suum</strong></span> <span class='ocrx_word' id='word_1_271' title='bbox 1146 1849 1446 1922; x_wconf 87' lang='lat' dir='ltr'><strong>producere</strong></span> <span class='ocrx_word' id='word_1_272' title='bbox 1472 1859 1611 1902; x_wconf 82' lang='lat' dir='ltr'><strong>natu</strong></span> <span class='ocrx_word' id='word_1_273' title='bbox 1641 1849 1897 1918; x_wconf 90' lang='lat' dir='ltr'><strong>primum,</strong></span> <span class='ocrx_word' id='word_1_274' title='bbox 1929 1865 1944 1903; x_wconf 84' lang='grc' dir='ltr'><strong>ι</strong></span> 
     </span>
    </p>
   </div>
   <div class='ocr_carea' id='block_1_37' title="bbox 2163 1849 3686 1926">
    <p class='ocr_par' dir='ltr' id='par_1_37' title="bbox 2163 1855 3686 1924">
     <span class='ocr_line' id='line_1_37' title="bbox 2163 1855 3686 1924; baseline 0 -17"><span class='ocrx_word' id='word_1_275' title='bbox 2163 1874 2198 1909; x_wconf 71' lang='grc' dir='ltr'>,ν</span> <span class='ocrx_word' id='word_1_276' title='bbox 2241 1857 2330 1909; x_wconf 74' lang='grc' dir='ltr'><strong>ἐπὶ</strong></span> <span class='ocrx_word' id='word_1_277' title='bbox 2375 1857 2468 1910; x_wconf 82' lang='grc' dir='ltr'><strong>τὸν</strong></span> <span class='ocrx_word' id='word_1_278' title='bbox 2510 1855 2654 1910; x_wconf 83' lang='grc' dir='ltr'>οἶκον</span> <span class='ocrx_word' id='word_1_279' title='bbox 2685 1856 2780 1910; x_wconf 90' lang='grc' dir='ltr'><strong>τοῦ</strong></span> <span class='ocrx_word' id='word_1_280' title='bbox 2828 1858 3043 1920; x_wconf 74' lang='grc' dir='ltr'>Ἰεσσαὶ,</span> <span class='ocrx_word' id='word_1_281' title='bbox 3088 1857 3260 1924; x_wconf 85' lang='grc' dir='ltr'>λέγων</span> <span class='ocrx_word' id='word_1_282' title='bbox 3295 1856 3432 1923; x_wconf 72' lang='grc' dir='ltr'>πρὸς</span> <span class='ocrx_word' id='word_1_283' title='bbox 3471 1856 3686 1910; x_wconf 81' lang='grc' dir='ltr'>αὐτόν·</span> 
     </span>
    </p>
   </div>
   <div class='ocr_carea' id='block_1_38' title="bbox 420 1944 1943 2021">
    <p class='ocr_par' dir='ltr' id='par_1_38' title="bbox 420 1944 1943 2021">
     <span class='ocr_line' id='line_1_38' title="bbox 420 1944 1943 2021; baseline -0.005 -16"><span class='ocrx_word' id='word_1_284' title='bbox 420 1951 514 2021; x_wconf 83' lang='lat' dir='ltr'><strong>qui</strong></span> <span class='ocrx_word' id='word_1_285' title='bbox 543 1947 1022 2021; x_wconf 87' lang='lat' dir='ltr'><strong>primogenitorum</strong></span> <span class='ocrx_word' id='word_1_286' title='bbox 1064 1944 1496 2001; x_wconf 86' lang='lat' dir='ltr'><strong>benedictionem</strong></span> <span class='ocrx_word' id='word_1_287' title='bbox 1543 1951 1800 2014; x_wconf 76' lang='lat' dir='ltr'><strong>gestaret,</strong></span> <span class='ocrx_word' id='word_1_288' title='bbox 1843 1951 1943 1999; x_wconf 77' lang='lat' dir='ltr'><strong>ett</strong></span> 
     </span>
    </p>
   </div>
   <div class='ocr_carea' id='block_1_39' title="bbox 2168 1944 3691 2021">
    <p class='ocr_par' dir='ltr' id='par_1_39' title="bbox 2169 1948 3691 2021">
     <span class='ocr_line' id='line_1_39' title="bbox 2169 1948 3691 2021; baseline 0 -21"><span class='ocrx_word' id='word_1_289' title='bbox 2169 1948 2414 2002; x_wconf 87' lang='grc' dir='ltr'>πέστειλέ</span> <span class='ocrx_word' id='word_1_290' title='bbox 2471 1967 2538 2020; x_wconf 91' lang='grc' dir='ltr'><strong>με</strong></span> <span class='ocrx_word' id='word_1_291' title='bbox 2587 1953 2615 2003; x_wconf 85' lang='grc' dir='ltr'>ὁ</span> <span class='ocrx_word' id='word_1_292' title='bbox 2659 1949 2862 2021; x_wconf 82' lang='grc' dir='ltr'>Κύριος</span> <span class='ocrx_word' id='word_1_293' title='bbox 2912 1950 3357 2020; x_wconf 84' lang='grc' dir='ltr'>προχειρίσασθαι</span> <span class='ocrx_word' id='word_1_294' title='bbox 3413 1949 3515 2002; x_wconf 79' lang='grc' dir='ltr'>ἕνα</span> <span class='ocrx_word' id='word_1_295' title='bbox 3569 1949 3691 2001; x_wconf 80' lang='grc' dir='ltr'><strong>τῶν</strong></span> 
     </span>
    </p>
   </div>
   <div class='ocr_carea' id='block_1_40' title="bbox 420 2034 1943 2112">
    <p class='ocr_par' dir='ltr' id='par_1_40' title="bbox 420 2034 1943 2097">
     <span class='ocr_line' id='line_1_40' title="bbox 420 2034 1943 2097; baseline -0.006 -1"><span class='ocrx_word' id='word_1_296' title='bbox 420 2043 562 2097; x_wconf 89' lang='lat' dir='ltr'><strong>inter</strong></span> <span class='ocrx_word' id='word_1_297' title='bbox 592 2041 795 2096; x_wconf 89' lang='lat' dir='ltr'><strong>liberos</strong></span> <span class='ocrx_word' id='word_1_298' title='bbox 827 2055 958 2095; x_wconf 91' lang='lat' dir='ltr'><strong>suos</strong></span> <span class='ocrx_word' id='word_1_299' title='bbox 979 2048 1188 2094; x_wconf 89' lang='lat' dir='ltr'><strong>rectum</strong></span> <span class='ocrx_word' id='word_1_300' title='bbox 1211 2036 1456 2092; x_wconf 86' lang='lat' dir='ltr'><strong>ordinem</strong></span> <span class='ocrx_word' id='word_1_301' title='bbox 1478 2034 1943 2092; x_wconf 45' lang='lat' dir='ltr'><strong>servaretiSamui</strong></span> 
     </span>
    </p>
   </div>
   <div class='ocr_carea' id='block_1_41' title="bbox 2165 2034 3688 2112">
    <p class='ocr_par' dir='ltr' id='par_1_41' title="bbox 2165 2040 3688 2112">
     <span class='ocr_line' id='line_1_41' title="bbox 2165 2040 3688 2112; baseline 0.001 -20"><span class='ocrx_word' id='word_1_302' title='bbox 2165 2040 2224 2095; x_wconf 65' lang='grc' dir='ltr'>ὃν</span> <span class='ocrx_word' id='word_1_303' title='bbox 2259 2058 2351 2093; x_wconf 90' lang='grc' dir='ltr'><strong>σου</strong></span> <span class='ocrx_word' id='word_1_304' title='bbox 2379 2044 2458 2104; x_wconf 82' lang='grc' dir='ltr'><strong>είς</strong></span> <span class='ocrx_word' id='word_1_305' title='bbox 2483 2041 2722 2111; x_wconf 85' lang='grc' dir='ltr'>βασιλέα.</span> <span class='ocrx_word' id='word_1_306' title='bbox 2753 2042 2967 2104; x_wconf 79' lang='grc' dir='ltr'><strong>Εὐθέως</strong></span> <span class='ocrx_word' id='word_1_307' title='bbox 2996 2041 3053 2094; x_wconf 74' lang='grc' dir='ltr'>δὲ</span> <span class='ocrx_word' id='word_1_308' title='bbox 3079 2043 3108 2092; x_wconf 87' lang='grc' dir='ltr'>ὁ</span> <span class='ocrx_word' id='word_1_309' title='bbox 3144 2042 3338 2094; x_wconf 73' lang='grc' dir='ltr'>Ἰεσσαὶ</span> <span class='ocrx_word' id='word_1_310' title='bbox 3367 2041 3463 2094; x_wconf 76' lang='grc' dir='ltr'>καὶ</span> <span class='ocrx_word' id='word_1_311' title='bbox 3496 2044 3533 2112; x_wconf 84' lang='grc' dir='ltr'><strong>ὴ</strong></span> <span class='ocrx_word' id='word_1_312' title='bbox 3556 2041 3688 2093; x_wconf 87' lang='grc' dir='ltr'>τού-</span> 
     </span>
    </p>
   </div>
   <div class='ocr_carea' id='block_1_42' title="bbox 425 2126 1948 2203">
    <p class='ocr_par' dir='ltr' id='par_1_42' title="bbox 425 2126 1948 2191">
     <span class='ocr_line' id='line_1_42' title="bbox 425 2126 1948 2191; baseline -0.003 -7"><span class='ocrx_word' id='word_1_313' title='bbox 425 2139 607 2185; x_wconf 92' lang='lat' dir='ltr'><strong>autem</strong></span> <span class='ocrx_word' id='word_1_314' title='bbox 639 2131 857 2185; x_wconf 85' lang='lat' dir='ltr'><strong>elevans</strong></span> <span class='ocrx_word' id='word_1_315' title='bbox 901 2130 1084 2184; x_wconf 85' lang='lat' dir='ltr'><strong>statim</strong></span> <span class='ocrx_word' id='word_1_316' title='bbox 1125 2143 1370 2191; x_wconf 88' lang='lat' dir='ltr'><strong>manum,</strong></span> <span class='ocrx_word' id='word_1_317' title='bbox 1408 2142 1472 2181; x_wconf 91' lang='lat' dir='ltr'><strong>ac</strong></span> <span class='ocrx_word' id='word_1_318' title='bbox 1501 2142 1623 2182; x_wconf 87' lang='lat' dir='ltr'><strong>sese</strong></span> <span class='ocrx_word' id='word_1_319' title='bbox 1665 2127 1732 2180; x_wconf 88' lang='lat' dir='ltr'><strong>ad</strong></span> <span class='ocrx_word' id='word_1_320' title='bbox 1769 2126 1948 2181; x_wconf 76' lang='lat' dir='ltr'><strong>ordina</strong></span> 
     </span>
    </p>
   </div>
   <div class='ocr_carea' id='block_1_43' title="bbox 2163 2126 3686 2203">
    <p class='ocr_par' dir='ltr' id='par_1_43' title="bbox 2163 2131 3686 2203">
     <span class='ocr_line' id='line_1_43' title="bbox 2163 2131 3686 2203; baseline 0 -21"><span class='ocrx_word' id='word_1_321' title='bbox 2163 2148 2185 2182; x_wconf 76' lang='grc' dir='ltr'><strong>ο</strong></span> <span class='ocrx_word' id='word_1_322' title='bbox 2228 2131 2440 2202; x_wconf 84' lang='grc' dir='ltr'>γαμετὴ</span> <span class='ocrx_word' id='word_1_323' title='bbox 2471 2133 2560 2185; x_wconf 86' lang='grc' dir='ltr'><strong>τὸν</strong></span> <span class='ocrx_word' id='word_1_324' title='bbox 2606 2132 2821 2201; x_wconf 83' lang='grc' dir='ltr'>πρῶτον</span> <span class='ocrx_word' id='word_1_325' title='bbox 2865 2132 2976 2184; x_wconf 73' lang='grc' dir='ltr'>υἱὸν</span> <span class='ocrx_word' id='word_1_326' title='bbox 3030 2131 3414 2203; x_wconf 72' lang='grc' dir='ltr'>προεϐίῆασαν,</span> <span class='ocrx_word' id='word_1_327' title='bbox 3446 2131 3528 2194; x_wconf 82' lang='grc' dir='ltr'>ὡς</span> <span class='ocrx_word' id='word_1_328' title='bbox 3576 2133 3686 2201; x_wconf 84' lang='grc' dir='ltr'><strong>τὴν</strong></span> 
     </span>
    </p>
   </div>
   <div class='ocr_carea' id='block_1_44' title="bbox 423 2219 1946 2292">
    <p class='ocr_par' dir='ltr' id='par_1_44' title="bbox 423 2219 1946 2289">
     <span class='ocr_line' id='line_1_44' title="bbox 423 2219 1946 2289; baseline -0.001 -16"><span class='ocrx_word' id='word_1_329' title='bbox 423 2220 626 2275; x_wconf 90' lang='lat' dir='ltr'><strong>tionem</strong></span> <span class='ocrx_word' id='word_1_330' title='bbox 702 2233 1069 2289; x_wconf 87' lang='lat' dir='ltr'><strong>componens,</strong></span> <span class='ocrx_word' id='word_1_331' title='bbox 1138 2219 1506 2287; x_wconf 87' lang='lat' dir='ltr'><strong>inclinatoque</strong></span> <span class='ocrx_word' id='word_1_332' title='bbox 1580 2231 1782 2284; x_wconf 91' lang='lat' dir='ltr'><strong>cornu,</strong></span> <span class='ocrx_word' id='word_1_333' title='bbox 1847 2219 1946 2288; x_wconf 68' lang='grc' dir='ltr'>μυί(</span> 
     </span>
    </p>
   </div>
   <div class='ocr_carea' id='block_1_45' title="bbox 2159 2219 3682 2292">
    <p class='ocr_par' dir='ltr' id='par_1_45' title="bbox 2159 2221 3682 2292">
     <span class='ocr_line' id='line_1_45' title="bbox 2159 2221 3682 2292; baseline 0.003 -20"><span class='ocrx_word' id='word_1_334' title='bbox 2159 2221 2342 2289; x_wconf 81' lang='grc' dir='ltr'>λογίαν</span> <span class='ocrx_word' id='word_1_335' title='bbox 2389 2222 2495 2274; x_wconf 90' lang='grc' dir='ltr'><strong>τῶν</strong></span> <span class='ocrx_word' id='word_1_336' title='bbox 2541 2222 2901 2292; x_wconf 67' lang='grc' dir='ltr'>πρωτοτόκων</span> <span class='ocrx_word' id='word_1_337' title='bbox 2941 2221 3420 2292; x_wconf 48' lang='grc' dir='ltr'>βαστάζονταμκα).</span> <span class='ocrx_word' id='word_1_338' title='bbox 3460 2226 3521 2275; x_wconf 84' lang='grc' dir='ltr'>ὲν</span> <span class='ocrx_word' id='word_1_339' title='bbox 3564 2227 3682 2286; x_wconf 77' lang='grc' dir='ltr'>τοῖς</span> 
     </span>
    </p>
   </div>
   <div class='ocr_carea' id='block_1_46' title="bbox 425 2307 1948 2382">
    <p class='ocr_par' dir='ltr' id='par_1_46' title="bbox 425 2307 1948 2381">
     <span class='ocr_line' id='line_1_46' title="bbox 425 2307 1948 2381; baseline -0.002 -18"><span class='ocrx_word' id='word_1_340' title='bbox 425 2326 541 2364; x_wconf 90' lang='lat' dir='ltr'><strong>rem</strong></span> <span class='ocrx_word' id='word_1_341' title='bbox 608 2311 811 2381; x_wconf 90' lang='lat' dir='ltr'><strong>absque</strong></span> <span class='ocrx_word' id='word_1_342' title='bbox 867 2311 1211 2366; x_wconf 89' lang='lat' dir='ltr'><strong>ordinatione</strong></span> <span class='ocrx_word' id='word_1_343' title='bbox 1269 2309 1508 2373; x_wconf 85' lang='lat' dir='ltr'><strong>dimisit,</strong></span> <span class='ocrx_word' id='word_1_344' title='bbox 1571 2309 1716 2375; x_wconf 91' lang='lat' dir='ltr'><strong>oleo,</strong></span> <span class='ocrx_word' id='word_1_345' title='bbox 1771 2325 1838 2362; x_wconf 77' lang='lat' dir='ltr'><strong>ex</strong></span> <span class='ocrx_word' id='word_1_346' title='bbox 1901 2307 1948 2360; x_wconf 48' lang='lat' dir='ltr'><strong>D1</strong></span> 
     </span>
    </p>
   </div>
   <div class='ocr_carea' id='block_1_47' title="bbox 2157 2307 3680 2382">
    <p class='ocr_par' dir='ltr' id='par_1_47' title="bbox 2157 2310 3680 2382">
     <span class='ocr_line' id='line_1_47' title="bbox 2157 2310 3680 2382; baseline 0.001 -20"><span class='ocrx_word' id='word_1_347' title='bbox 2157 2327 2302 2373; x_wconf 85' lang='grc' dir='ltr'>κνοις</span> <span class='ocrx_word' id='word_1_348' title='bbox 2344 2310 2443 2381; x_wconf 87' lang='grc' dir='ltr'><strong>τὴν</strong></span> <span class='ocrx_word' id='word_1_349' title='bbox 2486 2311 2738 2376; x_wconf 77' lang='grc' dir='ltr'>εὐταξίαν</span> <span class='ocrx_word' id='word_1_350' title='bbox 2787 2310 3142 2379; x_wconf 84' lang='grc' dir='ltr'>φυλάττοντα.</span> <span class='ocrx_word' id='word_1_351' title='bbox 3192 2313 3248 2364; x_wconf 88' lang='lat'><strong>&#39;0</strong></span> <span class='ocrx_word' id='word_1_352' title='bbox 3286 2311 3344 2364; x_wconf 81' lang='grc' dir='ltr'>δὲ</span> <span class='ocrx_word' id='word_1_353' title='bbox 3392 2312 3680 2382; x_wconf 78' lang='grc' dir='ltr'>Σαμουὴλ.</span> 
     </span>
    </p>
   </div>
   <div class='ocr_carea' id='block_1_48' title="bbox 419 2397 1942 2474">
    <p class='ocr_par' dir='ltr' id='par_1_48' title="bbox 419 2397 1942 2466">
     <span class='ocr_line' id='line_1_48' title="bbox 419 2397 1942 2466; baseline -0.002 -12"><span class='ocrx_word' id='word_1_354' title='bbox 419 2408 580 2466; x_wconf 83' lang='grc' dir='ltr'>ιιιιιιι,</span> <span class='ocrx_word' id='word_1_355' title='bbox 608 2401 825 2456; x_wconf 87' lang='lat' dir='ltr'><strong>ellluere</strong></span> <span class='ocrx_word' id='word_1_356' title='bbox 849 2402 1084 2456; x_wconf 88' lang='lat' dir='ltr'><strong>nolente.</strong></span> <span class='ocrx_word' id='word_1_357' title='bbox 1108 2401 1243 2455; x_wconf 78' lang='lat' dir='ltr'><strong>Cum</strong></span> <span class='ocrx_word' id='word_1_358' title='bbox 1275 2408 1454 2454; x_wconf 89' lang='lat' dir='ltr'><strong>autem</strong></span> <span class='ocrx_word' id='word_1_359' title='bbox 1484 2399 1562 2453; x_wconf 92' lang='lat' dir='ltr'><strong>illi</strong></span> <span class='ocrx_word' id='word_1_360' title='bbox 1591 2407 1817 2454; x_wconf 89' lang='lat' dir='ltr'><strong>cunctos</strong></span> <span class='ocrx_word' id='word_1_361' title='bbox 1850 2397 1942 2452; x_wconf 75' lang='lat' dir='ltr'><strong>lili&lt;</strong></span> 
     </span>
    </p>
   </div>
   <div class='ocr_carea' id='block_1_49' title="bbox 2162 2397 3685 2474">
    <p class='ocr_par' dir='ltr' id='par_1_49' title="bbox 2162 2400 3685 2474">
     <span class='ocr_line' id='line_1_49' title="bbox 2162 2400 3685 2474; baseline 0.003 -22"><span class='ocrx_word' id='word_1_362' title='bbox 2162 2400 2296 2464; x_wconf 85' lang='grc' dir='ltr'>θέως</span> <span class='ocrx_word' id='word_1_363' title='bbox 2325 2401 2423 2472; x_wconf 88' lang='grc' dir='ltr'><strong>τὴν</strong></span> <span class='ocrx_word' id='word_1_364' title='bbox 2456 2406 2613 2473; x_wconf 87' lang='grc' dir='ltr'>χεῖρα</span> <span class='ocrx_word' id='word_1_365' title='bbox 2641 2402 2881 2472; x_wconf 80' lang='grc' dir='ltr'>ὑψώσας,</span> <span class='ocrx_word' id='word_1_366' title='bbox 2913 2404 3007 2456; x_wconf 76' lang='grc' dir='ltr'>καὶ</span> <span class='ocrx_word' id='word_1_367' title='bbox 3045 2401 3179 2472; x_wconf 76' lang='grc' dir='ltr'>πρὸς</span> <span class='ocrx_word' id='word_1_368' title='bbox 3204 2404 3301 2474; x_wconf 79' lang='grc' dir='ltr'><strong>τὴν</strong></span> <span class='ocrx_word' id='word_1_369' title='bbox 3335 2407 3685 2473; x_wconf 81' lang='grc' dir='ltr'>χειροτονίαν</span> 
     </span>
    </p>
   </div>
   <div class='ocr_carea' id='block_1_50' title="bbox 417 2489 1940 2563">
    <p class='ocr_par' dir='ltr' id='par_1_50' title="bbox 417 2489 1940 2560">
     <span class='ocr_line' id='line_1_50' title="bbox 417 2489 1940 2560; baseline -0.002 -15"><span class='ocrx_word' id='word_1_370' title='bbox 417 2504 549 2545; x_wconf 83' lang='lat' dir='ltr'><strong>suos</strong></span> <span class='ocrx_word' id='word_1_371' title='bbox 581 2497 778 2560; x_wconf 60' lang='lat' dir='ltr'><strong>prater</strong></span> <span class='ocrx_word' id='word_1_372' title='bbox 806 2489 1060 2545; x_wconf 87' lang='lat' dir='ltr'><strong>Davidem</strong></span> <span class='ocrx_word' id='word_1_373' title='bbox 1090 2489 1429 2553; x_wconf 77' lang='lat' dir='ltr'><strong>adduxisset,</strong></span> <span class='ocrx_word' id='word_1_374' title='bbox 1462 2489 1844 2543; x_wconf 85' lang='lat' dir='ltr'><strong>abscesserunt</strong></span> <span class='ocrx_word' id='word_1_375' title='bbox 1867 2504 1940 2544; x_wconf 83' lang='lat' dir='ltr'><strong>on</strong></span> 
     </span>
    </p>
   </div>
   <div class='ocr_carea' id='block_1_51' title="bbox 2163 2489 3686 2563">
    <p class='ocr_par' dir='ltr' id='par_1_51' title="bbox 2165 2492 3686 2563">
     <span class='ocr_line' id='line_1_51' title="bbox 2165 2492 3686 2563; baseline 0.003 -20"><span class='ocrx_word' id='word_1_376' title='bbox 2165 2492 2508 2561; x_wconf 74' lang='grc' dir='ltr'>ηματισθεὶς,</span> <span class='ocrx_word' id='word_1_377' title='bbox 2537 2493 2632 2547; x_wconf 72' lang='grc' dir='ltr'>καὶ</span> <span class='ocrx_word' id='word_1_378' title='bbox 2666 2493 2728 2546; x_wconf 84' lang='grc' dir='ltr'><strong>τὸ</strong></span> <span class='ocrx_word' id='word_1_379' title='bbox 2759 2494 2928 2563; x_wconf 86' lang='grc' dir='ltr'>κέρας</span> <span class='ocrx_word' id='word_1_380' title='bbox 2960 2494 3270 2558; x_wconf 79' lang='grc' dir='ltr'>ἐπινεύσας,</span> <span class='ocrx_word' id='word_1_381' title='bbox 3298 2495 3543 2547; x_wconf 80' lang='grc' dir='ltr'>ἀπέλυσε</span> <span class='ocrx_word' id='word_1_382' title='bbox 3586 2495 3686 2547; x_wconf 68' lang='grc' dir='ltr'><strong>τὸν</strong></span> 
     </span>
    </p>
   </div>
   <div class='ocr_carea' id='block_1_52' title="bbox 417 2580 1940 2656">
    <p class='ocr_par' dir='ltr' id='par_1_52' title="bbox 417 2580 1125 2637">
     <span class='ocr_line' id='line_1_52' title="bbox 417 2580 1125 2637; baseline 0 -3"><span class='ocrx_word' id='word_1_383' title='bbox 417 2595 517 2637; x_wconf 90' lang='lat' dir='ltr'><strong>nes</strong></span> <span class='ocrx_word' id='word_1_384' title='bbox 545 2583 701 2636; x_wconf 81' lang='lat' dir='ltr'><strong>vacui</strong></span> <span class='ocrx_word' id='word_1_385' title='bbox 735 2596 837 2636; x_wconf 92' lang='lat' dir='ltr'><strong>nec</strong></span> <span class='ocrx_word' id='word_1_386' title='bbox 865 2580 1125 2635; x_wconf 90' lang='lat' dir='ltr'><strong>ordinati.</strong></span> 
     </span>
    </p>
   </div>
   <div class='ocr_carea' id='block_1_53' title="bbox 2159 2580 3682 2656">
    <p class='ocr_par' dir='ltr' id='par_1_53' title="bbox 2159 2583 3682 2656">
     <span class='ocr_line' id='line_1_53' title="bbox 2159 2583 3682 2656; baseline 0.003 -23"><span class='ocrx_word' id='word_1_387' title='bbox 2159 2583 2308 2638; x_wconf 84' lang='grc' dir='ltr'>›ῶτον</span> <span class='ocrx_word' id='word_1_388' title='bbox 2371 2585 2779 2656; x_wconf 87' lang='grc' dir='ltr'>ἀχειροτόνητον</span> <span class='ocrx_word' id='word_1_389' title='bbox 2803 2623 2817 2647; x_wconf 90' lang='grc'><strong>,</strong></span> <span class='ocrx_word' id='word_1_390' title='bbox 2867 2584 2996 2654; x_wconf 82' lang='grc' dir='ltr'>θείῳ</span> <span class='ocrx_word' id='word_1_391' title='bbox 3054 2587 3278 2656; x_wconf 78' lang='grc' dir='ltr'>νεύματι</span> <span class='ocrx_word' id='word_1_392' title='bbox 3331 2585 3427 2638; x_wconf 88' lang='grc' dir='ltr'><strong>τοῦ</strong></span> <span class='ocrx_word' id='word_1_393' title='bbox 3483 2586 3682 2639; x_wconf 66' lang='grc' dir='ltr'>ἐλαίου</span> 
     </span>
    </p>
   </div>
   <div class='ocr_carea' id='block_1_54' title="bbox 417 2669 3681 2748">
    <p class='ocr_par' dir='ltr' id='par_1_54' title="bbox 417 2669 3681 2748">
     <span class='ocr_line' id='line_1_54' title="bbox 417 2669 3681 2748; baseline 0 -19"><span class='ocrx_word' id='word_1_394' title='bbox 417 2674 608 2740; x_wconf 74' lang='grc' dir='ltr'>στάξαι</span> <span class='ocrx_word' id='word_1_395' title='bbox 635 2673 708 2745; x_wconf 87' lang='grc' dir='ltr'><strong>μὴ</strong></span> <span class='ocrx_word' id='word_1_396' title='bbox 735 2673 1105 2743; x_wconf 80' lang='grc' dir='ltr'>βουληθέντος.</span> <span class='ocrx_word' id='word_1_397' title='bbox 1146 2673 1232 2736; x_wconf 83' lang='grc' dir='ltr'>Ὠς</span> <span class='ocrx_word' id='word_1_398' title='bbox 1256 2673 1313 2726; x_wconf 87' lang='grc' dir='ltr'>δὲ</span> <span class='ocrx_word' id='word_1_399' title='bbox 1335 2673 1430 2726; x_wconf 71' lang='grc' dir='ltr'><strong>ἕνα</strong></span> <span class='ocrx_word' id='word_1_400' title='bbox 1458 2673 1688 2725; x_wconf 71' lang='grc' dir='ltr'>ἕκαστον</span> <span class='ocrx_word' id='word_1_401' title='bbox 1731 2669 1838 2723; x_wconf 84' lang='grc' dir='ltr'><strong>τῶν</strong></span> <span class='ocrx_word' id='word_1_402' title='bbox 1905 2671 2034 2727; x_wconf 85' lang='grc' dir='ltr'>υἱῶν</span> <span class='ocrx_word' id='word_1_403' title='bbox 2074 2675 2238 2728; x_wconf 73' lang='grc' dir='ltr'>αὑτοῦ</span> <span class='ocrx_word' id='word_1_404' title='bbox 2300 2678 2622 2747; x_wconf 83' lang='grc' dir='ltr'>παρήγαγεν</span> <span class='ocrx_word' id='word_1_405' title='bbox 2668 2676 2815 2747; x_wconf 80' lang='grc' dir='ltr'>αὐτῷ</span> <span class='ocrx_word' id='word_1_406' title='bbox 2857 2678 3014 2742; x_wconf 70' lang='grc' dir='ltr'>ἐκτὸς</span> <span class='ocrx_word' id='word_1_407' title='bbox 3054 2677 3148 2730; x_wconf 86' lang='grc' dir='ltr'><strong>τοῦ</strong></span> <span class='ocrx_word' id='word_1_408' title='bbox 3187 2678 3369 2742; x_wconf 68' lang='grc' dir='ltr'>Δαϐὶδ,</span> <span class='ocrx_word' id='word_1_409' title='bbox 3407 2679 3681 2748; x_wconf 79' lang='grc' dir='ltr'>ὑπέστρε-</span> 
     </span>
    </p>
   </div>
   <div class='ocr_carea' id='block_1_55' title="bbox 413 2766 1710 2840">
    <p class='ocr_par' dir='ltr' id='par_1_55' title="bbox 413 2766 1710 2840">
     <span class='ocr_line' id='line_1_55' title="bbox 413 2766 1710 2840; baseline 0.001 -20"><span class='ocrx_word' id='word_1_410' title='bbox 413 2770 520 2840; x_wconf 70' lang='grc' dir='ltr'>ψαν</span> <span class='ocrx_word' id='word_1_411' title='bbox 547 2770 596 2820; x_wconf 85' lang='grc' dir='ltr'>οἱ</span> <span class='ocrx_word' id='word_1_412' title='bbox 625 2767 822 2830; x_wconf 79' lang='grc' dir='ltr'>πάντες</span> <span class='ocrx_word' id='word_1_413' title='bbox 852 2766 986 2820; x_wconf 78' lang='grc' dir='ltr'>λιτοὶ</span> <span class='ocrx_word' id='word_1_414' title='bbox 1025 2767 1133 2837; x_wconf 89' lang='grc'>(66)</span> <span class='ocrx_word' id='word_1_415' title='bbox 1155 2767 1251 2820; x_wconf 72' lang='lat' dir='ltr'><strong>mi.</strong></span> <span class='ocrx_word' id='word_1_416' title='bbox 1289 2766 1710 2837; x_wconf 83' lang='grc' dir='ltr'>ἀχειροτόνητοι.</span> 
     </span>
    </p>
   </div>
   <div class='ocr_carea' id='block_1_56' title="bbox 484 2859 2007 2933">
    <p class='ocr_par' dir='ltr' id='par_1_56' title="bbox 484 2859 1988 2933">
     <span class='ocr_line' id='line_1_56' title="bbox 484 2859 1988 2933; baseline -0.003 -15"><span class='ocrx_word' id='word_1_417' title='bbox 484 2865 540 2918; x_wconf 83' lang='lat'><strong>5.</strong></span> <span class='ocrx_word' id='word_1_418' title='bbox 574 2863 644 2918; x_wconf 87' lang='lat' dir='ltr'><strong>lis</strong></span> <span class='ocrx_word' id='word_1_419' title='bbox 670 2878 831 2933; x_wconf 90' lang='lat' dir='ltr'><strong>porro</strong></span> <span class='ocrx_word' id='word_1_420' title='bbox 852 2863 1040 2917; x_wconf 86' lang='lat' dir='ltr'><strong>vacuis</strong></span> <span class='ocrx_word' id='word_1_421' title='bbox 1071 2863 1359 2932; x_wconf 76' lang='lat' dir='ltr'><strong>regressis,</strong></span> <span class='ocrx_word' id='word_1_422' title='bbox 1387 2862 1694 2917; x_wconf 87' lang='lat' dir='ltr'><strong>Samuclem</strong></span> <span class='ocrx_word' id='word_1_423' title='bbox 1708 2859 1862 2916; x_wconf 84' lang='lat' dir='ltr'><strong>Jesse</strong></span> <span class='ocrx_word' id='word_1_424' title='bbox 1893 2877 1988 2932; x_wconf 89' lang='lat' dir='ltr'><strong>ag-</strong></span> 
     </span>
    </p>
   </div>
   <div class='ocr_carea' id='block_1_57' title="bbox 2152 2859 3675 2933">
    <p class='ocr_par' dir='ltr' id='par_1_57' title="bbox 2162 2861 3675 2932">
     <span class='ocr_line' id='line_1_57' title="bbox 2162 2861 3675 2932; baseline 0.005 -17"><span class='ocrx_word' id='word_1_425' title='bbox 2162 2863 2212 2915; x_wconf 82' lang='grc'>5.</span> <span class='ocrx_word' id='word_1_426' title='bbox 2258 2861 2739 2932; x_wconf 72' lang='grc' dir='ltr'>’Υποετρεψάντων</span> <span class='ocrx_word' id='word_1_427' title='bbox 2771 2863 2828 2916; x_wconf 79' lang='grc' dir='ltr'>δὲ</span> <span class='ocrx_word' id='word_1_428' title='bbox 2857 2863 3065 2918; x_wconf 85' lang='grc' dir='ltr'>τούτων</span> <span class='ocrx_word' id='word_1_429' title='bbox 3087 2864 3263 2930; x_wconf 82' lang='grc' dir='ltr'>λιτῶν,</span> <span class='ocrx_word' id='word_1_430' title='bbox 3291 2866 3621 2921; x_wconf 82' lang='grc' dir='ltr'>ἀντέϐαλλεν</span> <span class='ocrx_word' id='word_1_431' title='bbox 3647 2872 3675 2921; x_wconf 77' lang='grc' dir='ltr'><em>ἁ</em></span> 
     </span>
    </p>
   </div>
   <div class='ocr_carea' id='block_1_58' title="bbox 416 2942 1939 3030">
    <p class='ocr_par' dir='ltr' id='par_1_58' title="bbox 416 2950 1939 3024">
     <span class='ocr_line' id='line_1_58' title="bbox 416 2950 1939 3024; baseline -0.003 -15"><span class='ocrx_word' id='word_1_432' title='bbox 416 2969 638 3024; x_wconf 86' lang='lat' dir='ltr'><strong>gressus</strong></span> <span class='ocrx_word' id='word_1_433' title='bbox 661 2961 766 3018; x_wconf 89' lang='lat' dir='ltr'><strong>est,</strong></span> <span class='ocrx_word' id='word_1_434' title='bbox 796 2953 884 3006; x_wconf 88' lang='lat' dir='ltr'><strong>his</strong></span> <span class='ocrx_word' id='word_1_435' title='bbox 917 2953 1099 3008; x_wconf 81' lang='lat' dir='ltr'><strong>verbis</strong></span> <span class='ocrx_word' id='word_1_436' title='bbox 1135 2971 1148 3007; x_wconf 91' lang='lat'><strong>:</strong></span> <span class='ocrx_word' id='word_1_437' title='bbox 1180 2950 1318 3018; x_wconf 79' lang='lat' dir='ltr'><strong>Quid</strong></span> <span class='ocrx_word' id='word_1_438' title='bbox 1352 2951 1549 3014; x_wconf 82' lang='lat' dir='ltr'><strong>fecisti,</strong></span> <span class='ocrx_word' id='word_1_439' title='bbox 1583 2966 1616 3006; x_wconf 91' lang='grc' dir='ltr'><strong>ο</strong></span> <span class='ocrx_word' id='word_1_440' title='bbox 1643 2951 1850 3005; x_wconf 88' lang='lat' dir='ltr'><strong>homo?</strong></span> <span class='ocrx_word' id='word_1_441' title='bbox 1877 2952 1939 3005; x_wconf 90' lang='lat' dir='ltr'><strong>ba</strong></span> 
     </span>
    </p>
   </div>
   <div class='ocr_carea' id='block_1_59' title="bbox 2146 2942 3669 3030">
    <p class='ocr_par' dir='ltr' id='par_1_59' title="bbox 2147 2952 3669 3030">
     <span class='ocr_line' id='line_1_59' title="bbox 2147 2952 3669 3030; baseline 0.005 -26"><span class='ocrx_word' id='word_1_442' title='bbox 2147 2954 2302 3004; x_wconf 80' lang='grc' dir='ltr'>εσσαὶ</span> <span class='ocrx_word' id='word_1_443' title='bbox 2349 2953 2484 3022; x_wconf 77' lang='grc' dir='ltr'>πρὸς</span> <span class='ocrx_word' id='word_1_444' title='bbox 2533 2953 2623 3005; x_wconf 78' lang='grc' dir='ltr'><strong>τὸν</strong></span> <span class='ocrx_word' id='word_1_445' title='bbox 2657 2952 2930 3023; x_wconf 77' lang='grc' dir='ltr'>Σαμουὴλ,</span> <span class='ocrx_word' id='word_1_446' title='bbox 2969 2953 3168 3022; x_wconf 84' lang='grc' dir='ltr'>λέγων·</span> <span class='ocrx_word' id='word_1_447' title='bbox 3218 2957 3280 3008; x_wconf 91' lang='grc' dir='ltr'><strong>Τί</strong></span> <span class='ocrx_word' id='word_1_448' title='bbox 3333 2958 3669 3030; x_wconf 73' lang='grc' dir='ltr'>πεποίηκας,</span> 
     </span>
    </p>
   </div>
   <div class='ocr_carea' id='block_1_60' title="bbox 417 3037 1940 3122">
    <p class='ocr_par' dir='ltr' id='par_1_60' title="bbox 417 3037 1940 3109">
     <span class='ocr_line' id='line_1_60' title="bbox 417 3037 1940 3109; baseline -0.004 -11"><span class='ocrx_word' id='word_1_449' title='bbox 417 3045 690 3099; x_wconf 87' lang='lat' dir='ltr'><strong>lucinatus</strong></span> <span class='ocrx_word' id='word_1_450' title='bbox 732 3058 812 3106; x_wconf 86' lang='lat' dir='ltr'><strong>es,</strong></span> <span class='ocrx_word' id='word_1_451' title='bbox 864 3057 965 3097; x_wconf 91' lang='lat' dir='ltr'><strong>nec</strong></span> <span class='ocrx_word' id='word_1_452' title='bbox 1009 3050 1062 3096; x_wconf 92' lang='lat' dir='ltr'><strong>te</strong></span> <span class='ocrx_word' id='word_1_453' title='bbox 1115 3040 1507 3094; x_wconf 90' lang='lat' dir='ltr'><strong>hallucinatum</strong></span> <span class='ocrx_word' id='word_1_454' title='bbox 1554 3038 1834 3109; x_wconf 81' lang='lat' dir='ltr'><strong>intelligis.</strong></span> <span class='ocrx_word' id='word_1_455' title='bbox 1881 3037 1940 3092; x_wconf 85' lang='grc' dir='ltr'>Λι</span> 
     </span>
    </p>
   </div>
   <div class='ocr_carea' id='block_1_61' title="bbox 2147 3037 3670 3122">
    <p class='ocr_par' dir='ltr' id='par_1_61' title="bbox 2147 3044 3670 3122">
     <span class='ocr_line' id='line_1_61' title="bbox 2147 3044 3670 3122; baseline 0.008 -28"><span class='ocrx_word' id='word_1_456' title='bbox 2147 3044 2374 3116; x_wconf 64' lang='grc' dir='ltr'>’Θρωπε;</span> <span class='ocrx_word' id='word_1_457' title='bbox 2418 3045 2677 3114; x_wconf 75' lang='grc' dir='ltr'>ἐσφάλης,</span> <span class='ocrx_word' id='word_1_458' title='bbox 2731 3047 2822 3098; x_wconf 75' lang='grc' dir='ltr'><strong>καὶ</strong></span> <span class='ocrx_word' id='word_1_459' title='bbox 2864 3047 2962 3098; x_wconf 79' lang='grc' dir='ltr'><strong>οὐκ</strong></span> <span class='ocrx_word' id='word_1_460' title='bbox 3005 3044 3172 3110; x_wconf 84' lang='grc' dir='ltr'>οἶδας.</span> <span class='ocrx_word' id='word_1_461' title='bbox 3202 3049 3272 3100; x_wconf 81' lang='grc' dir='ltr'>Ἦ</span> <span class='ocrx_word' id='word_1_462' title='bbox 3316 3050 3584 3120; x_wconf 66' lang='grc' dir='ltr'>ἐσφάλης,</span> <span class='ocrx_word' id='word_1_463' title='bbox 3635 3053 3670 3122; x_wconf 58' lang='grc' dir='ltr'><em>ἡ</em></span> 
     </span>
    </p>
   </div>
   <div class='ocr_carea' id='block_1_62' title="bbox 416 3129 1939 3210">
    <p class='ocr_par' dir='ltr' id='par_1_62' title="bbox 416 3129 1910 3206">
     <span class='ocr_line' id='line_1_62' title="bbox 416 3129 1910 3206; baseline -0.004 -16"><span class='ocrx_word' id='word_1_464' title='bbox 416 3137 678 3206; x_wconf 86' lang='lat' dir='ltr'><strong>deceptus</strong></span> <span class='ocrx_word' id='word_1_465' title='bbox 719 3150 800 3197; x_wconf 88' lang='lat' dir='ltr'><strong>es,</strong></span> <span class='ocrx_word' id='word_1_466' title='bbox 858 3140 952 3187; x_wconf 87' lang='lat' dir='ltr'><strong>aut</strong></span> <span class='ocrx_word' id='word_1_467' title='bbox 993 3148 1079 3187; x_wconf 92' lang='lat' dir='ltr'><strong>me</strong></span> <span class='ocrx_word' id='word_1_468' title='bbox 1125 3133 1389 3188; x_wconf 88' lang='lat' dir='ltr'><strong>illusurus</strong></span> <span class='ocrx_word' id='word_1_469' title='bbox 1437 3131 1545 3185; x_wconf 87' lang='lat' dir='ltr'><strong>huc</strong></span> <span class='ocrx_word' id='word_1_470' title='bbox 1579 3129 1910 3200; x_wconf 85' lang='lat' dir='ltr'><strong>properasti.</strong></span> 
     </span>
    </p>
   </div>
   <div class='ocr_carea' id='block_1_63' title="bbox 2145 3129 3668 3210">
    <p class='ocr_par' dir='ltr' id='par_1_63' title="bbox 2145 3134 3668 3210">
     <span class='ocr_line' id='line_1_63' title="bbox 2145 3134 3668 3210; baseline 0.003 -22"><span class='ocrx_word' id='word_1_471' title='bbox 2145 3134 2275 3199; x_wconf 77' lang='grc' dir='ltr'>ιῖξαί</span> <span class='ocrx_word' id='word_1_472' title='bbox 2311 3153 2376 3205; x_wconf 86' lang='grc' dir='ltr'><strong>με</strong></span> <span class='ocrx_word' id='word_1_473' title='bbox 2411 3136 2776 3206; x_wconf 85' lang='grc' dir='ltr'>παρέδραμες.</span> <span class='ocrx_word' id='word_1_474' title='bbox 2815 3136 2972 3206; x_wconf 86' lang='grc' dir='ltr'>Παρὰ</span> <span class='ocrx_word' id='word_1_475' title='bbox 3003 3137 3172 3207; x_wconf 85' lang='grc' dir='ltr'>Θύρας</span> <span class='ocrx_word' id='word_1_476' title='bbox 3205 3139 3486 3210; x_wconf 82' lang='grc' dir='ltr'>είσήλυθες</span> <span class='ocrx_word' id='word_1_477' title='bbox 3512 3159 3526 3170; x_wconf 94' lang='grc'><strong>·</strong></span> <span class='ocrx_word' id='word_1_478' title='bbox 3570 3142 3668 3195; x_wconf 84' lang='grc' dir='ltr'><strong>ἀλ-</strong></span> 
     </span>
    </p>
   </div>
   <div class='ocr_carea' id='block_1_64' title="bbox 411 3221 1934 3304">
    <p class='ocr_par' dir='ltr' id='par_1_64' title="bbox 411 3221 1934 3297">
     <span class='ocr_line' id='line_1_64' title="bbox 411 3221 1934 3297; baseline -0.005 -15"><span class='ocrx_word' id='word_1_479' title='bbox 411 3229 593 3297; x_wconf 64' lang='grc' dir='ltr'>]ιιιιιιιε</span> <span class='ocrx_word' id='word_1_480' title='bbox 627 3227 876 3294; x_wconf 87' lang='lat' dir='ltr'><strong>ingressu</strong></span> <span class='ocrx_word' id='word_1_481' title='bbox 910 3222 1174 3278; x_wconf 89' lang='lat' dir='ltr'><strong>aberrasti</strong></span> <span class='ocrx_word' id='word_1_482' title='bbox 1206 3241 1220 3277; x_wconf 87' lang='lat'><strong>:</strong></span> <span class='ocrx_word' id='word_1_483' title='bbox 1251 3222 1362 3276; x_wconf 89' lang='lat' dir='ltr'><strong>alio</strong></span> <span class='ocrx_word' id='word_1_484' title='bbox 1405 3222 1630 3284; x_wconf 89' lang='lat' dir='ltr'><strong>missus,</strong></span> <span class='ocrx_word' id='word_1_485' title='bbox 1679 3221 1769 3274; x_wconf 75' lang='lat' dir='ltr'><strong>bis</strong></span> <span class='ocrx_word' id='word_1_486' title='bbox 1816 3235 1934 3274; x_wconf 76' lang='lat' dir='ltr'><strong>corr</strong></span> 
     </span>
    </p>
   </div>
   <div class='ocr_carea' id='block_1_65' title="bbox 2149 3221 3672 3304">
    <p class='ocr_par' dir='ltr' id='par_1_65' title="bbox 2149 3221 3672 3304">
     <span class='ocr_line' id='line_1_65' title="bbox 2149 3221 3672 3304; baseline 0.006 -27"><span class='ocrx_word' id='word_1_487' title='bbox 2149 3226 2249 3295; x_wconf 64' lang='lat' dir='ltr'><strong>,xoﬁ</strong></span> <span class='ocrx_word' id='word_1_488' title='bbox 2276 3226 2608 3296; x_wconf 82' lang='grc' dir='ltr'>ἀπεστάλης,</span> <span class='ocrx_word' id='word_1_489' title='bbox 2642 3229 2734 3280; x_wconf 75' lang='grc' dir='ltr'>καὶ</span> <span class='ocrx_word' id='word_1_490' title='bbox 2757 3221 2858 3280; x_wconf 84' lang='grc' dir='ltr'>ὧδε</span> <span class='ocrx_word' id='word_1_491' title='bbox 2884 3228 2944 3280; x_wconf 72' lang='grc' dir='ltr'><strong>τδ</strong></span> <span class='ocrx_word' id='word_1_492' title='bbox 2971 3228 3137 3298; x_wconf 75' lang='grc' dir='ltr'>κέρας</span> <span class='ocrx_word' id='word_1_493' title='bbox 3167 3229 3492 3300; x_wconf 79' lang='grc' dir='ltr'>ἐγύμνωσας</span> <span class='ocrx_word' id='word_1_494' title='bbox 3517 3251 3532 3262; x_wconf 87' lang='grc'><strong>·</strong></span> <span class='ocrx_word' id='word_1_495' title='bbox 3568 3238 3672 3304; x_wconf 84' lang='grc' dir='ltr'><strong>μά-</strong></span> 
     </span>
    </p>
   </div>
   <div class='ocr_carea' id='block_1_66' title="bbox 416 3313 1939 3392">
    <p class='ocr_par' dir='ltr' id='par_1_66' title="bbox 416 3313 1939 3390">
     <span class='ocr_line' id='line_1_66' title="bbox 416 3313 1939 3390; baseline -0.004 -16"><span class='ocrx_word' id='word_1_496' title='bbox 416 3319 686 3390; x_wconf 90' lang='lat' dir='ltr'><strong>protulisti</strong></span> <span class='ocrx_word' id='word_1_497' title='bbox 723 3337 736 3373; x_wconf 91' lang='lat'><strong>:</strong></span> <span class='ocrx_word' id='word_1_498' title='bbox 769 3333 870 3372; x_wconf 87' lang='lat' dir='ltr'><strong>nos</strong></span> <span class='ocrx_word' id='word_1_499' title='bbox 899 3331 1040 3371; x_wconf 87' lang='lat' dir='ltr'><strong>vano</strong></span> <span class='ocrx_word' id='word_1_500' title='bbox 1074 3314 1272 3384; x_wconf 82' lang='lat' dir='ltr'><strong>gaudio</strong></span> <span class='ocrx_word' id='word_1_501' title='bbox 1303 3313 1582 3384; x_wconf 85' lang='lat' dir='ltr'><strong>replevisti</strong></span> <span class='ocrx_word' id='word_1_502' title='bbox 1643 3332 1654 3367; x_wconf 90' lang='lat'>:</span> <span class='ocrx_word' id='word_1_503' title='bbox 1715 3314 1939 3383; x_wconf 77' lang='lat' dir='ltr'><strong>polliciti</strong></span> 
     </span>
    </p>
   </div>
   <div class='ocr_carea' id='block_1_67' title="bbox 2147 3313 3670 3392">
    <p class='ocr_par' dir='ltr' id='par_1_67' title="bbox 2147 3318 3670 3392">
     <span class='ocr_line' id='line_1_67' title="bbox 2147 3318 3670 3392; baseline 0.005 -24"><span class='ocrx_word' id='word_1_504' title='bbox 2147 3333 2185 3386; x_wconf 53' lang='grc' dir='ltr'>ιν</span> <span class='ocrx_word' id='word_1_505' title='bbox 2230 3319 2378 3386; x_wconf 81' lang='grc' dir='ltr'>ἡμᾶς</span> <span class='ocrx_word' id='word_1_506' title='bbox 2420 3318 2837 3389; x_wconf 83' lang='grc' dir='ltr'>ὲχαροποίησας,</span> <span class='ocrx_word' id='word_1_507' title='bbox 2879 3318 3204 3390; x_wconf 78' lang='grc' dir='ltr'>Θρυλλήσας,</span> <span class='ocrx_word' id='word_1_508' title='bbox 3238 3321 3332 3374; x_wconf 75' lang='grc' dir='ltr'><strong>καὶ</strong></span> <span class='ocrx_word' id='word_1_509' title='bbox 3364 3323 3463 3392; x_wconf 82' lang='grc' dir='ltr'><strong>τὴν</strong></span> <span class='ocrx_word' id='word_1_510' title='bbox 3495 3325 3670 3392; x_wconf 81' lang='grc' dir='ltr'>ἑπαγ-</span> 
     </span>
    </p>
   </div>
   <div class='ocr_carea' id='block_1_68' title="bbox 414 3404 1937 3484">
    <p class='ocr_par' dir='ltr' id='par_1_68' title="bbox 414 3404 1937 3480">
     <span class='ocr_line' id='line_1_68' title="bbox 414 3404 1937 3480; baseline -0.003 -14"><span class='ocrx_word' id='word_1_511' title='bbox 414 3428 498 3475; x_wconf 88' lang='lat' dir='ltr'><strong>es,</strong></span> <span class='ocrx_word' id='word_1_512' title='bbox 517 3425 618 3466; x_wconf 92' lang='lat' dir='ltr'><strong>nec</strong></span> <span class='ocrx_word' id='word_1_513' title='bbox 639 3410 907 3480; x_wconf 88' lang='lat' dir='ltr'><strong>promissa</strong></span> <span class='ocrx_word' id='word_1_514' title='bbox 926 3407 1286 3478; x_wconf 88' lang='lat' dir='ltr'><strong>complevisti.</strong></span> <span class='ocrx_word' id='word_1_515' title='bbox 1306 3405 1442 3460; x_wconf 91' lang='lat' dir='ltr'><strong>Tum</strong></span> <span class='ocrx_word' id='word_1_516' title='bbox 1465 3404 1682 3460; x_wconf 90' lang='lat' dir='ltr'><strong>Samuel</strong></span> <span class='ocrx_word' id='word_1_517' title='bbox 1705 3405 1771 3459; x_wconf 89' lang='lat' dir='ltr'><strong>ad</strong></span> <span class='ocrx_word' id='word_1_518' title='bbox 1794 3405 1937 3462; x_wconf 80' lang='lat' dir='ltr'><strong>Jesse</strong></span> 
     </span>
    </p>
   </div>
   <div class='ocr_carea' id='block_1_69' title="bbox 2144 3404 3667 3484">
    <p class='ocr_par' dir='ltr' id='par_1_69' title="bbox 2144 3408 3667 3484">
     <span class='ocr_line' id='line_1_69' title="bbox 2144 3408 3667 3484; baseline 0.007 -26"><span class='ocrx_word' id='word_1_519' title='bbox 2144 3408 2270 3462; x_wconf 76' lang='grc' dir='ltr'>ιλίαν</span> <span class='ocrx_word' id='word_1_520' title='bbox 2303 3410 2376 3480; x_wconf 86' lang='grc' dir='ltr'><strong>μὴ</strong></span> <span class='ocrx_word' id='word_1_521' title='bbox 2406 3409 2716 3480; x_wconf 85' lang='grc' dir='ltr'>πληρώσας.</span> <span class='ocrx_word' id='word_1_522' title='bbox 2756 3411 2812 3464; x_wconf 93' lang='lat'><strong>&#39;0</strong></span> <span class='ocrx_word' id='word_1_523' title='bbox 2841 3411 2898 3463; x_wconf 82' lang='grc' dir='ltr'>δὲ</span> <span class='ocrx_word' id='word_1_524' title='bbox 2933 3411 3186 3483; x_wconf 78' lang='grc' dir='ltr'>Σαμουὴλ</span> <span class='ocrx_word' id='word_1_525' title='bbox 3234 3413 3368 3484; x_wconf 70' lang='grc' dir='ltr'>πρὸς</span> <span class='ocrx_word' id='word_1_526' title='bbox 3401 3413 3492 3467; x_wconf 82' lang='grc' dir='ltr'><strong>τὸν</strong></span> <span class='ocrx_word' id='word_1_527' title='bbox 3540 3416 3667 3469; x_wconf 83' lang='grc' dir='ltr'>Ἰεσ-</span> 
     </span>
    </p>
   </div>
   <div class='ocr_carea' id='block_1_70' title="bbox 415 3498 1938 3578">
    <p class='ocr_par' dir='ltr' id='par_1_70' title="bbox 415 3498 1937 3570">
     <span class='ocr_line' id='line_1_70' title="bbox 415 3498 1937 3570; baseline -0.003 -14"><span class='ocrx_word' id='word_1_528' title='bbox 415 3501 556 3570; x_wconf 81' lang='lat' dir='ltr'><strong>Quid</strong></span> <span class='ocrx_word' id='word_1_529' title='bbox 585 3516 670 3556; x_wconf 87' lang='lat' dir='ltr'><strong>me</strong></span> <span class='ocrx_word' id='word_1_530' title='bbox 693 3500 937 3564; x_wconf 88' lang='lat' dir='ltr'><strong>incusas,</strong></span> <span class='ocrx_word' id='word_1_531' title='bbox 971 3515 1003 3554; x_wconf 94' lang='grc' dir='ltr'><strong>ο</strong></span> <span class='ocrx_word' id='word_1_532' title='bbox 1029 3499 1234 3555; x_wconf 89' lang='lat' dir='ltr'><strong>senex?</strong></span> <span class='ocrx_word' id='word_1_533' title='bbox 1256 3498 1484 3553; x_wconf 87' lang='lat' dir='ltr'><strong>damnas</strong></span> <span class='ocrx_word' id='word_1_534' title='bbox 1506 3512 1629 3552; x_wconf 91' lang='lat' dir='ltr'><strong>eum</strong></span> <span class='ocrx_word' id='word_1_535' title='bbox 1660 3498 1754 3566; x_wconf 90' lang='lat' dir='ltr'><strong>qui</strong></span> <span class='ocrx_word' id='word_1_536' title='bbox 1779 3513 1863 3552; x_wconf 92' lang='lat' dir='ltr'><strong>me</strong></span> <span class='ocrx_word' id='word_1_537' title='bbox 1885 3514 1937 3552; x_wconf 92' lang='lat' dir='ltr'><strong>m</strong></span> 
     </span>
    </p>
   </div>
   <div class='ocr_carea' id='block_1_71' title="bbox 2142 3498 3665 3578">
    <p class='ocr_par' dir='ltr' id='par_1_71' title="bbox 2142 3500 3665 3578">
     <span class='ocr_line' id='line_1_71' title="bbox 2142 3500 3665 3578; baseline 0.004 -25"><span class='ocrx_word' id='word_1_538' title='bbox 2142 3501 2206 3553; x_wconf 88' lang='grc' dir='ltr'><strong>ιί·</strong></span> <span class='ocrx_word' id='word_1_539' title='bbox 2241 3500 2305 3552; x_wconf 90' lang='grc' dir='ltr'><strong>Τί</strong></span> <span class='ocrx_word' id='word_1_540' title='bbox 2353 3501 2749 3570; x_wconf 82' lang='grc' dir='ltr'>καταπλήττεις</span> <span class='ocrx_word' id='word_1_541' title='bbox 2790 3501 2923 3571; x_wconf 84' lang='grc'>(67),</span> <span class='ocrx_word' id='word_1_542' title='bbox 2963 3502 3270 3572; x_wconf 78' lang='grc' dir='ltr'>πρεσϐῦτα;</span> <span class='ocrx_word' id='word_1_543' title='bbox 3311 3505 3665 3578; x_wconf 65' lang='grc' dir='ltr'>καταψηφίζῃ</span> 
     </span>
    </p>
   </div>
   <div class='ocr_carea' id='block_1_72' title="bbox 414 3587 1937 3669">
    <p class='ocr_par' dir='ltr' id='par_1_72' title="bbox 414 3587 1937 3664">
     <span class='ocr_line' id='line_1_72' title="bbox 414 3587 1937 3664; baseline -0.005 -14"><span class='ocrx_word' id='word_1_544' title='bbox 414 3594 508 3650; x_wconf 82' lang='lat' dir='ltr'><strong>sit.</strong></span> <span class='ocrx_word' id='word_1_545' title='bbox 542 3594 625 3647; x_wconf 80' lang='lat' dir='ltr'><strong>An</strong></span> <span class='ocrx_word' id='word_1_546' title='bbox 651 3599 827 3664; x_wconf 74' lang='lat' dir='ltr'><strong>potest</strong></span> <span class='ocrx_word' id='word_1_547' title='bbox 847 3607 1088 3662; x_wconf 87' lang='lat' dir='ltr'><strong>unquam</strong></span> <span class='ocrx_word' id='word_1_548' title='bbox 1119 3604 1305 3646; x_wconf 91' lang='lat' dir='ltr'><strong>errare</strong></span> <span class='ocrx_word' id='word_1_549' title='bbox 1335 3589 1644 3660; x_wconf 82' lang='lat' dir='ltr'><strong>propheta?</strong></span> <span class='ocrx_word' id='word_1_550' title='bbox 1675 3587 1732 3642; x_wconf 89' lang='lat' dir='ltr'><strong>Si</strong></span> <span class='ocrx_word' id='word_1_551' title='bbox 1767 3591 1937 3660; x_wconf 81' lang='lat' dir='ltr'><strong>propri</strong></span> 
     </span>
    </p>
   </div>
   <div class='ocr_carea' id='block_1_73' title="bbox 2142 3587 3665 3669">
    <p class='ocr_par' dir='ltr' id='par_1_73' title="bbox 2142 3591 3665 3669">
     <span class='ocr_line' id='line_1_73' title="bbox 2142 3591 3665 3669; baseline 0.008 -29"><span class='ocrx_word' id='word_1_552' title='bbox 2142 3591 2179 3646; x_wconf 68' lang='grc' dir='ltr'>μῦ</span> <span class='ocrx_word' id='word_1_553' title='bbox 2217 3593 2638 3656; x_wconf 81' lang='grc' dir='ltr'>ἀποστείλαντός</span> <span class='ocrx_word' id='word_1_554' title='bbox 2685 3610 2772 3664; x_wconf 91' lang='grc' dir='ltr'><strong>με.</strong></span> <span class='ocrx_word' id='word_1_555' title='bbox 2819 3595 2975 3646; x_wconf 84' lang='grc' dir='ltr'>Ἐστι</span> <span class='ocrx_word' id='word_1_556' title='bbox 3007 3597 3292 3666; x_wconf 76' lang='grc' dir='ltr'>προφήτην</span> <span class='ocrx_word' id='word_1_557' title='bbox 3321 3597 3665 3669; x_wconf 71' lang='grc' dir='ltr'>πλανηθῆναι</span> 
     </span>
    </p>
   </div>
   <div class='ocr_carea' id='block_1_74' title="bbox 414 3679 1937 3755">
    <p class='ocr_par' dir='ltr' id='par_1_74' title="bbox 414 3679 1937 3750">
     <span class='ocr_line' id='line_1_74' title="bbox 414 3679 1937 3750; baseline -0.005 -10"><span class='ocrx_word' id='word_1_558' title='bbox 414 3685 647 3740; x_wconf 83' lang='lat' dir='ltr'><strong>consilio</strong></span> <span class='ocrx_word' id='word_1_559' title='bbox 676 3684 782 3738; x_wconf 87' lang='lat' dir='ltr'><strong>huc</strong></span> <span class='ocrx_word' id='word_1_560' title='bbox 802 3682 1182 3747; x_wconf 79' lang='lat' dir='ltr'><strong>accessissem,</strong></span> <span class='ocrx_word' id='word_1_561' title='bbox 1214 3681 1339 3750; x_wconf 88' lang='lat' dir='ltr'><strong>jure</strong></span> <span class='ocrx_word' id='word_1_562' title='bbox 1365 3680 1668 3735; x_wconf 87' lang='lat' dir='ltr'><strong>dubitares.</strong></span> <span class='ocrx_word' id='word_1_563' title='bbox 1693 3679 1762 3733; x_wconf 84' lang='lat' dir='ltr'><strong>At</strong></span> <span class='ocrx_word' id='word_1_564' title='bbox 1790 3679 1836 3734; x_wconf 87' lang='lat' dir='ltr'><strong>si</strong></span> <span class='ocrx_word' id='word_1_565' title='bbox 1863 3694 1937 3733; x_wconf 67' lang='lat' dir='ltr'><strong>co]</strong></span> 
     </span>
    </p>
   </div>
   <div class='ocr_carea' id='block_1_75' title="bbox 2142 3679 3665 3755">
    <p class='ocr_par' dir='ltr' id='par_1_75' title="bbox 2142 3680 3665 3755">
     <span class='ocr_line' id='line_1_75' title="bbox 2142 3680 3665 3755; baseline 0.005 -21"><span class='ocrx_word' id='word_1_566' title='bbox 2142 3699 2217 3734; x_wconf 78' lang='grc' dir='ltr'><strong>πε</strong></span> <span class='ocrx_word' id='word_1_567' title='bbox 2242 3699 2256 3746; x_wconf 88' lang='grc'>;</span> <span class='ocrx_word' id='word_1_568' title='bbox 2289 3683 2352 3734; x_wconf 83' lang='lat' dir='ltr'><strong>Ei</strong></span> <span class='ocrx_word' id='word_1_569' title='bbox 2387 3683 2484 3752; x_wconf 83' lang='grc' dir='ltr'><strong>μὲν</strong></span> <span class='ocrx_word' id='word_1_570' title='bbox 2521 3683 2699 3753; x_wconf 78' lang='grc' dir='ltr'>οἰκείᾳ</span> <span class='ocrx_word' id='word_1_571' title='bbox 2725 3680 2919 3754; x_wconf 84' lang='grc' dir='ltr'>γνώμῃ</span> <span class='ocrx_word' id='word_1_572' title='bbox 2949 3684 3350 3755; x_wconf 83' lang='grc' dir='ltr'>παρεγενόμην,</span> <span class='ocrx_word' id='word_1_573' title='bbox 3381 3686 3567 3750; x_wconf 85' lang='grc' dir='ltr'>καλῶς</span> <span class='ocrx_word' id='word_1_574' title='bbox 3591 3688 3665 3741; x_wconf 86' lang='grc' dir='ltr'>δι-</span> 
     </span>
    </p>
   </div>
   <div class='ocr_carea' id='block_1_76' title="bbox 414 3769 1937 3849">
    <p class='ocr_par' dir='ltr' id='par_1_76' title="bbox 414 3769 1937 3844">
     <span class='ocr_line' id='line_1_76' title="bbox 414 3769 1937 3844; baseline -0.004 -13"><span class='ocrx_word' id='word_1_575' title='bbox 414 3775 566 3831; x_wconf 75' lang='lat' dir='ltr'><strong>dium</strong></span> <span class='ocrx_word' id='word_1_576' title='bbox 608 3783 884 3832; x_wconf 86' lang='lat' dir='ltr'><strong>scrutator</strong></span> <span class='ocrx_word' id='word_1_577' title='bbox 917 3791 1003 3830; x_wconf 89' lang='lat' dir='ltr'><strong>me</strong></span> <span class='ocrx_word' id='word_1_578' title='bbox 1037 3775 1206 3838; x_wconf 89' lang='lat' dir='ltr'><strong>misit,</strong></span> <span class='ocrx_word' id='word_1_579' title='bbox 1249 3773 1380 3844; x_wconf 89' lang='lat' dir='ltr'><strong>quid</strong></span> <span class='ocrx_word' id='word_1_580' title='bbox 1409 3769 1819 3828; x_wconf 78' lang='lat' dir='ltr'><strong>renuis?lesse</strong></span> <span class='ocrx_word' id='word_1_581' title='bbox 1856 3787 1937 3826; x_wconf 81' lang='lat' dir='ltr'><strong>vel</strong></span> 
     </span>
    </p>
   </div>
   <div class='ocr_carea' id='block_1_77' title="bbox 2139 3769 3662 3849">
    <p class='ocr_par' dir='ltr' id='par_1_77' title="bbox 2139 3771 3662 3849">
     <span class='ocr_line' id='line_1_77' title="bbox 2139 3771 3662 3849; baseline 0.005 -27"><span class='ocrx_word' id='word_1_582' title='bbox 2139 3771 2330 3835; x_wconf 71' lang='grc' dir='ltr'>τάξεις·</span> <span class='ocrx_word' id='word_1_583' title='bbox 2371 3774 2420 3824; x_wconf 85' lang='grc' dir='ltr'>εἰ</span> <span class='ocrx_word' id='word_1_584' title='bbox 2453 3772 2508 3824; x_wconf 85' lang='grc' dir='ltr'>δὲ</span> <span class='ocrx_word' id='word_1_585' title='bbox 2533 3773 2562 3824; x_wconf 86' lang='grc' dir='ltr'>ὁ</span> <span class='ocrx_word' id='word_1_586' title='bbox 2591 3773 2699 3826; x_wconf 89' lang='grc' dir='ltr'><strong>τῶν</strong></span> <span class='ocrx_word' id='word_1_587' title='bbox 2724 3773 2957 3844; x_wconf 85' lang='grc' dir='ltr'>καρδιῶν</span> <span class='ocrx_word' id='word_1_588' title='bbox 2983 3773 3229 3846; x_wconf 82' lang='grc' dir='ltr'>γνώστης</span> <span class='ocrx_word' id='word_1_589' title='bbox 3250 3776 3538 3830; x_wconf 85' lang='grc' dir='ltr'>ἀπέστειλέ</span> <span class='ocrx_word' id='word_1_590' title='bbox 3575 3794 3662 3849; x_wconf 79' lang='grc' dir='ltr'><strong>με,</strong></span> 
     </span>
    </p>
   </div>
   <div class='ocr_carea' id='block_1_78' title="bbox 414 3862 1937 3937">
    <p class='ocr_par' dir='ltr' id='par_1_78' title="bbox 414 3863 1937 3937">
     <span class='ocr_line' id='line_1_78' title="bbox 414 3863 1937 3937; baseline -0.004 -14"><span class='ocrx_word' id='word_1_591' title='bbox 414 3869 483 3923; x_wconf 86' lang='lat' dir='ltr'><strong>ad</strong></span> <span class='ocrx_word' id='word_1_592' title='bbox 509 3867 817 3924; x_wconf 87' lang='lat' dir='ltr'><strong>Samuelem</strong></span> <span class='ocrx_word' id='word_1_593' title='bbox 856 3888 868 3922; x_wconf 90' lang='lat'><strong>:</strong></span> <span class='ocrx_word' id='word_1_594' title='bbox 900 3866 958 3921; x_wconf 93' lang='lat' dir='ltr'><strong>ln</strong></span> <span class='ocrx_word' id='word_1_595' title='bbox 985 3883 1094 3937; x_wconf 89' lang='lat' dir='ltr'><strong>quo</strong></span> <span class='ocrx_word' id='word_1_596' title='bbox 1123 3866 1341 3922; x_wconf 84' lang='lat' dir='ltr'><strong>domum</strong></span> <span class='ocrx_word' id='word_1_597' title='bbox 1377 3865 1658 3919; x_wconf 88' lang='lat' dir='ltr'><strong>annuam?</strong></span> <span class='ocrx_word' id='word_1_598' title='bbox 1681 3863 1892 3918; x_wconf 81' lang='lat' dir='ltr'><strong>Adduxi</strong></span> <span class='ocrx_word' id='word_1_599' title='bbox 1917 3877 1937 3916; x_wconf 70' lang='grc' dir='ltr'><strong>ε</strong></span> 
     </span>
    </p>
   </div>
   <div class='ocr_carea' id='block_1_79' title="bbox 2145 3862 3668 3937">
    <p class='ocr_par' dir='ltr' id='par_1_79' title="bbox 2160 3862 3668 3937">
     <span class='ocr_line' id='line_1_79' title="bbox 2160 3862 3668 3937; baseline 0.005 -22"><span class='ocrx_word' id='word_1_600' title='bbox 2160 3862 2467 3926; x_wconf 85' lang='grc' dir='ltr'>ἁνανεύεις;</span> <span class='ocrx_word' id='word_1_601' title='bbox 2506 3863 2563 3914; x_wconf 89' lang='lat'><strong>&#39;0</strong></span> <span class='ocrx_word' id='word_1_602' title='bbox 2590 3862 2647 3914; x_wconf 82' lang='grc' dir='ltr'>δὲ</span> <span class='ocrx_word' id='word_1_603' title='bbox 2694 3862 2892 3916; x_wconf 73' lang='grc' dir='ltr'>Ἰεσσαὶ</span> <span class='ocrx_word' id='word_1_604' title='bbox 2924 3864 3060 3934; x_wconf 83' lang='grc' dir='ltr'>πρὸς</span> <span class='ocrx_word' id='word_1_605' title='bbox 3101 3864 3192 3917; x_wconf 82' lang='grc' dir='ltr'><strong>τὸν</strong></span> <span class='ocrx_word' id='word_1_606' title='bbox 3233 3865 3516 3937; x_wconf 72' lang='grc' dir='ltr'>Σαμουὴλ·</span> <span class='ocrx_word' id='word_1_607' title='bbox 3556 3868 3668 3922; x_wconf 85' lang='grc' dir='ltr'>Και</span> 
     </span>
    </p>
   </div>
   <div class='ocr_carea' id='block_1_80' title="bbox 416 3952 1939 4024">
    <p class='ocr_par' dir='ltr' id='par_1_80' title="bbox 416 3952 1939 4020">
     <span class='ocr_line' id='line_1_80' title="bbox 416 3952 1939 4020; baseline -0.006 -8"><span class='ocrx_word' id='word_1_608' title='bbox 416 3970 469 4013; x_wconf 80' lang='lat' dir='ltr'><strong>te</strong></span> <span class='ocrx_word' id='word_1_609' title='bbox 495 3972 712 4013; x_wconf 90' lang='lat' dir='ltr'><strong>omnem</strong></span> <span class='ocrx_word' id='word_1_610' title='bbox 757 3957 1053 4011; x_wconf 89' lang='lat' dir='ltr'><strong>liberorum</strong></span> <span class='ocrx_word' id='word_1_611' title='bbox 1100 3968 1344 4008; x_wconf 88' lang='lat' dir='ltr'><strong>meorum</strong></span> <span class='ocrx_word' id='word_1_612' title='bbox 1377 3952 1588 4014; x_wconf 83' lang='lat' dir='ltr'><strong>liorem,</strong></span> <span class='ocrx_word' id='word_1_613' title='bbox 1622 3960 1677 4006; x_wconf 92' lang='lat' dir='ltr'><strong>et</strong></span> <span class='ocrx_word' id='word_1_614' title='bbox 1710 3965 1939 4020; x_wconf 80' lang='lat' dir='ltr'><strong>nusquai</strong></span> 
     </span>
    </p>
   </div>
   <div class='ocr_carea' id='block_1_81' title="bbox 2142 3952 3665 4024">
    <p class='ocr_par' dir='ltr' id='par_1_81' title="bbox 2171 3952 3665 4024">
     <span class='ocr_line' id='line_1_81' title="bbox 2171 3952 3665 4024; baseline 0.003 -19"><span class='ocrx_word' id='word_1_615' title='bbox 2171 3954 2276 4005; x_wconf 89' lang='grc' dir='ltr'>τίνι</span> <span class='ocrx_word' id='word_1_616' title='bbox 2307 3953 2491 4006; x_wconf 76' lang='grc' dir='ltr'>λοιπὸν</span> <span class='ocrx_word' id='word_1_617' title='bbox 2521 3952 3180 4024; x_wconf 79' lang='grc' dir='ltr'>ὲπινεύσω;-Παρήγαγόν</span> <span class='ocrx_word' id='word_1_618' title='bbox 3214 3971 3293 4008; x_wconf 89' lang='grc' dir='ltr'><strong>σοι</strong></span> <span class='ocrx_word' id='word_1_619' title='bbox 3330 3957 3512 4008; x_wconf 77' lang='grc' dir='ltr'>πᾶσαν</span> <span class='ocrx_word' id='word_1_620' title='bbox 3555 3957 3665 4009; x_wconf 83' lang='grc' dir='ltr'><strong>τῶν</strong></span> 
     </span>
    </p>
   </div>
   <div class='ocr_carea' id='block_1_82' title="bbox 416 4041 1939 4118">
    <p class='ocr_par' dir='ltr' id='par_1_82' title="bbox 416 4041 1939 4118">
     <span class='ocr_line' id='line_1_82' title="bbox 416 4041 1939 4118; baseline -0.005 -16"><span class='ocrx_word' id='word_1_621' title='bbox 416 4049 672 4118; x_wconf 83' lang='lat' dir='ltr'><strong>promissi</strong></span> <span class='ocrx_word' id='word_1_622' title='bbox 713 4048 792 4102; x_wconf 91' lang='lat' dir='ltr'><strong>tui</strong></span> <span class='ocrx_word' id='word_1_623' title='bbox 822 4047 1082 4102; x_wconf 91' lang='lat' dir='ltr'><strong>indicium</strong></span> <span class='ocrx_word' id='word_1_624' title='bbox 1107 4050 1401 4114; x_wconf 83' lang='lat' dir='ltr'><strong>comparet.</strong></span> <span class='ocrx_word' id='word_1_625' title='bbox 1439 4042 1522 4096; x_wconf 84' lang='lat' dir='ltr'><strong>An</strong></span> <span class='ocrx_word' id='word_1_626' title='bbox 1561 4057 1670 4097; x_wconf 90' lang='lat' dir='ltr'><strong>non</strong></span> <span class='ocrx_word' id='word_1_627' title='bbox 1692 4043 1874 4112; x_wconf 89' lang='lat' dir='ltr'><strong>potius</strong></span> <span class='ocrx_word' id='word_1_628' title='bbox 1905 4041 1939 4111; x_wconf 69' lang='lat' dir='ltr'><strong>il</strong></span> 
     </span>
    </p>
   </div>
   <div class='ocr_carea' id='block_1_83' title="bbox 2140 4041 3663 4118">
    <p class='ocr_par' dir='ltr' id='par_1_83' title="bbox 2140 4045 3663 4118">
     <span class='ocr_line' id='line_1_83' title="bbox 2140 4045 3663 4118; baseline 0.006 -24"><span class='ocrx_word' id='word_1_629' title='bbox 2140 4061 2286 4097; x_wconf 87' lang='grc' dir='ltr'>,κνων</span> <span class='ocrx_word' id='word_1_630' title='bbox 2317 4061 2418 4114; x_wconf 90' lang='grc' dir='ltr'><strong>μου</strong></span> <span class='ocrx_word' id='word_1_631' title='bbox 2441 4045 2540 4115; x_wconf 89' lang='grc' dir='ltr'><strong>τὴν</strong></span> <span class='ocrx_word' id='word_1_632' title='bbox 2580 4045 2859 4116; x_wconf 86' lang='grc' dir='ltr'>καλλονὴν,</span> <span class='ocrx_word' id='word_1_633' title='bbox 2888 4047 2981 4099; x_wconf 73' lang='grc' dir='ltr'><strong>καὶ</strong></span> <span class='ocrx_word' id='word_1_634' title='bbox 3023 4045 3258 4116; x_wconf 76' lang='grc' dir='ltr'>οὐδαμοῦ</span> <span class='ocrx_word' id='word_1_635' title='bbox 3291 4048 3389 4116; x_wconf 86' lang='grc' dir='ltr'><strong>τῆς</strong></span> <span class='ocrx_word' id='word_1_636' title='bbox 3425 4050 3663 4118; x_wconf 76' lang='grc' dir='ltr'>ἐπαγγε-</span> 
     </span>
    </p>
   </div>
   <div class='ocr_carea' id='block_1_84' title="bbox 418 4135 1941 4208">
    <p class='ocr_par' dir='ltr' id='par_1_84' title="bbox 418 4135 1941 4208">
     <span class='ocr_line' id='line_1_84' title="bbox 418 4135 1941 4208; baseline -0.001 -16"><span class='ocrx_word' id='word_1_637' title='bbox 418 4155 582 4194; x_wconf 87' lang='lat' dir='ltr'><strong>noras</strong></span> <span class='ocrx_word' id='word_1_638' title='bbox 611 4154 736 4194; x_wconf 91' lang='lat' dir='ltr'><strong>eum</strong></span> <span class='ocrx_word' id='word_1_639' title='bbox 787 4138 882 4208; x_wconf 92' lang='lat' dir='ltr'><strong>qui</strong></span> <span class='ocrx_word' id='word_1_640' title='bbox 936 4146 990 4194; x_wconf 92' lang='lat' dir='ltr'><strong>te</strong></span> <span class='ocrx_word' id='word_1_641' title='bbox 1037 4137 1224 4191; x_wconf 83' lang='lat' dir='ltr'><strong>misit?</strong></span> <span class='ocrx_word' id='word_1_642' title='bbox 1260 4136 1341 4189; x_wconf 85' lang='lat' dir='ltr'><strong>An</strong></span> <span class='ocrx_word' id='word_1_643' title='bbox 1372 4150 1479 4190; x_wconf 93' lang='lat' dir='ltr'><strong>non</strong></span> <span class='ocrx_word' id='word_1_644' title='bbox 1511 4135 1619 4190; x_wconf 89' lang='lat' dir='ltr'><strong>alio</strong></span> <span class='ocrx_word' id='word_1_645' title='bbox 1660 4137 1864 4190; x_wconf 89' lang='lat' dir='ltr'><strong>missus</strong></span> <span class='ocrx_word' id='word_1_646' title='bbox 1889 4149 1941 4190; x_wconf 79' lang='lat' dir='ltr'><strong>es</strong></span> 
     </span>
    </p>
   </div>
   <div class='ocr_carea' id='block_1_85' title="bbox 2143 4135 3666 4208">
    <p class='ocr_par' dir='ltr' id='par_1_85' title="bbox 2143 4135 3666 4208">
     <span class='ocr_line' id='line_1_85' title="bbox 2143 4135 3666 4208; baseline 0.004 -19"><span class='ocrx_word' id='word_1_647' title='bbox 2143 4155 2202 4200; x_wconf 86' lang='grc' dir='ltr'><strong>ας</strong></span> <span class='ocrx_word' id='word_1_648' title='bbox 2225 4137 2286 4189; x_wconf 86' lang='grc' dir='ltr'><strong>τὸ</strong></span> <span class='ocrx_word' id='word_1_649' title='bbox 2310 4135 2612 4208; x_wconf 85' lang='grc' dir='ltr'>γνώρισμα.</span> <span class='ocrx_word' id='word_1_650' title='bbox 2642 4138 2732 4208; x_wconf 87' lang='grc' dir='ltr'>Μὴ</span> <span class='ocrx_word' id='word_1_651' title='bbox 2765 4137 2962 4208; x_wconf 77' lang='grc' dir='ltr'>μᾶλλον</span> <span class='ocrx_word' id='word_1_652' title='bbox 2981 4139 3079 4192; x_wconf 74' lang='grc' dir='ltr'><strong>οὐκ</strong></span> <span class='ocrx_word' id='word_1_653' title='bbox 3106 4139 3276 4206; x_wconf 75' lang='grc' dir='ltr'>ἔγνως</span> <span class='ocrx_word' id='word_1_654' title='bbox 3305 4140 3396 4193; x_wconf 76' lang='grc' dir='ltr'>τὸν</span> <span class='ocrx_word' id='word_1_655' title='bbox 3417 4141 3666 4196; x_wconf 76' lang='grc' dir='ltr'>ἀποστεί-</span> 
     </span>
    </p>
   </div>
   <div class='ocr_carea' id='block_1_86' title="bbox 415 4221 1938 4302">
    <p class='ocr_par' dir='ltr' id='par_1_86' title="bbox 415 4226 1938 4301">
     <span class='ocr_line' id='line_1_86' title="bbox 415 4226 1938 4301; baseline -0.003 -16"><span class='ocrx_word' id='word_1_656' title='bbox 415 4231 668 4301; x_wconf 80' lang='lat' dir='ltr'><strong>Nunquid</strong></span> <span class='ocrx_word' id='word_1_657' title='bbox 699 4238 758 4285; x_wconf 90' lang='lat' dir='ltr'><strong>ut</strong></span> <span class='ocrx_word' id='word_1_658' title='bbox 788 4247 874 4286; x_wconf 90' lang='lat' dir='ltr'><strong>me</strong></span> <span class='ocrx_word' id='word_1_659' title='bbox 907 4245 1091 4286; x_wconf 89' lang='lat' dir='ltr'><strong>senem</strong></span> <span class='ocrx_word' id='word_1_660' title='bbox 1122 4230 1485 4284; x_wconf 81' lang='lat' dir='ltr'><strong>constitueres</strong></span> <span class='ocrx_word' id='word_1_661' title='bbox 1515 4241 1695 4297; x_wconf 91' lang='lat' dir='ltr'><strong>regem</strong></span> <span class='ocrx_word' id='word_1_662' title='bbox 1726 4226 1831 4280; x_wconf 91' lang='lat' dir='ltr'><strong>huc</strong></span> <span class='ocrx_word' id='word_1_663' title='bbox 1855 4242 1938 4296; x_wconf 79' lang='grc' dir='ltr'>ρι’(</span> 
     </span>
    </p>
   </div>
   <div class='ocr_carea' id='block_1_87' title="bbox 2142 4221 3665 4302">
    <p class='ocr_par' dir='ltr' id='par_1_87' title="bbox 2142 4221 3665 4302">
     <span class='ocr_line' id='line_1_87' title="bbox 2142 4221 3665 4302; baseline 0.006 -26"><span class='ocrx_word' id='word_1_664' title='bbox 2142 4224 2250 4276; x_wconf 76' lang='grc' dir='ltr'>ιντά</span> <span class='ocrx_word' id='word_1_665' title='bbox 2280 4240 2372 4288; x_wconf 85' lang='grc' dir='ltr'>σε;</span> <span class='ocrx_word' id='word_1_666' title='bbox 2402 4226 2491 4297; x_wconf 85' lang='grc' dir='ltr'><strong>Μὴ</strong></span> <span class='ocrx_word' id='word_1_667' title='bbox 2534 4221 2641 4296; x_wconf 76' lang='grc' dir='ltr'>ἄρα</span> <span class='ocrx_word' id='word_1_668' title='bbox 2670 4225 2904 4296; x_wconf 82' lang='grc' dir='ltr'>ἀλλαχοῦ</span> <span class='ocrx_word' id='word_1_669' title='bbox 2933 4228 3272 4298; x_wconf 80' lang='grc' dir='ltr'>ἀπεστάλης;</span> <span class='ocrx_word' id='word_1_670' title='bbox 3308 4231 3524 4300; x_wconf 82' lang='grc' dir='ltr'>Μήτιγε</span> <span class='ocrx_word' id='word_1_671' title='bbox 3554 4231 3665 4302; x_wconf 88' lang='grc'>(68)</span> 
     </span>
    </p>
   </div>
   <div class='ocr_carea' id='block_1_88' title="bbox 414 4295 1937 4391">
    <p class='ocr_par' dir='ltr' id='par_1_88' title="bbox 414 4295 1937 4391">
     <span class='ocr_line' id='line_1_88' title="bbox 414 4295 1937 4391; baseline -0.005 -13"><span class='ocrx_word' id='word_1_672' title='bbox 414 4295 655 4391; x_wconf 75' lang='lat' dir='ltr'><strong>parasti?</strong></span> <span class='ocrx_word' id='word_1_673' title='bbox 683 4321 819 4376; x_wconf 88' lang='lat' dir='ltr'><strong>Tum</strong></span> <span class='ocrx_word' id='word_1_674' title='bbox 851 4321 1069 4376; x_wconf 83' lang='lat' dir='ltr'><strong>Samuel</strong></span> <span class='ocrx_word' id='word_1_675' title='bbox 1101 4320 1168 4374; x_wconf 89' lang='lat' dir='ltr'><strong>ad</strong></span> <span class='ocrx_word' id='word_1_676' title='bbox 1193 4319 1346 4376; x_wconf 84' lang='lat' dir='ltr'><strong>Jesse</strong></span> <span class='ocrx_word' id='word_1_677' title='bbox 1378 4335 1391 4371; x_wconf 91' lang='lat'><strong>:</strong></span> <span class='ocrx_word' id='word_1_678' title='bbox 1429 4317 1568 4382; x_wconf 82' lang='lat' dir='ltr'><strong>Quid</strong></span> <span class='ocrx_word' id='word_1_679' title='bbox 1583 4295 1679 4372; x_wconf 33' lang='lat' dir='ltr'><strong>&#39;me</strong></span> <span class='ocrx_word' id='word_1_680' title='bbox 1706 4295 1937 4387; x_wconf 79' lang='lat' dir='ltr'><strong>increpa:</strong></span> 
     </span>
    </p>
   </div>
   <div class='ocr_carea' id='block_1_89' title="bbox 2140 4295 3663 4391">
    <p class='ocr_par' dir='ltr' id='par_1_89' title="bbox 2140 4295 3663 4391">
     <span class='ocr_line' id='line_1_89' title="bbox 2140 4295 3663 4391; baseline 0.007 -24"><span class='ocrx_word' id='word_1_681' title='bbox 2140 4316 2186 4368; x_wconf 80' lang='grc' dir='ltr'>ιὲ</span> <span class='ocrx_word' id='word_1_682' title='bbox 2223 4315 2312 4368; x_wconf 83' lang='grc' dir='ltr'><strong>τὸν</strong></span> <span class='ocrx_word' id='word_1_683' title='bbox 2347 4295 2652 4389; x_wconf 77' lang='grc' dir='ltr'>πρεσϐύτην</span> <span class='ocrx_word' id='word_1_684' title='bbox 2693 4295 3034 4390; x_wconf 85' lang='grc' dir='ltr'>κατέδραμες</span> <span class='ocrx_word' id='word_1_685' title='bbox 3067 4295 3481 4391; x_wconf 59' lang='grc' dir='ltr'>χειροτονῆσαιξ</span> 
     </span>
    </p>
   </div>
   <div class='ocr_carea' id='block_1_90' title="bbox 413 4409 1936 4484">
    <p class='ocr_par' dir='ltr' id='par_1_90' title="bbox 413 4411 1936 4480">
     <span class='ocr_line' id='line_1_90' title="bbox 413 4411 1936 4480; baseline -0.002 -13"><span class='ocrx_word' id='word_1_686' title='bbox 413 4434 446 4468; x_wconf 83' lang='grc' dir='ltr'>υ</span> <span class='ocrx_word' id='word_1_687' title='bbox 471 4430 660 4480; x_wconf 84' lang='lat' dir='ltr'><strong>senex,</strong></span> <span class='ocrx_word' id='word_1_688' title='bbox 697 4430 763 4468; x_wconf 91' lang='lat' dir='ltr'><strong>an</strong></span> <span class='ocrx_word' id='word_1_689' title='bbox 799 4428 908 4469; x_wconf 88' lang='lat' dir='ltr'><strong>non</strong></span> <span class='ocrx_word' id='word_1_690' title='bbox 937 4415 1102 4468; x_wconf 88' lang='lat' dir='ltr'><strong>alium</strong></span> <span class='ocrx_word' id='word_1_691' title='bbox 1129 4414 1297 4468; x_wconf 87' lang='lat' dir='ltr'><strong>habes</strong></span> <span class='ocrx_word' id='word_1_692' title='bbox 1322 4412 1528 4466; x_wconf 80' lang='lat' dir='ltr'><strong>lilium?</strong></span> <span class='ocrx_word' id='word_1_693' title='bbox 1559 4411 1616 4465; x_wconf 90' lang='lat' dir='ltr'><strong>Si</strong></span> <span class='ocrx_word' id='word_1_694' title='bbox 1653 4426 1760 4465; x_wconf 93' lang='lat' dir='ltr'><strong>non</strong></span> <span class='ocrx_word' id='word_1_695' title='bbox 1789 4411 1936 4465; x_wconf 79' lang='lat' dir='ltr'><strong>habe:</strong></span> 
     </span>
    </p>
   </div>
   <div class='ocr_carea' id='block_1_91' title="bbox 2137 4409 3660 4484">
    <p class='ocr_par' dir='ltr' id='par_1_91' title="bbox 2137 4409 3660 4484">
     <span class='ocr_line' id='line_1_91' title="bbox 2137 4409 3660 4484; baseline 0.003 -23"><span class='ocrx_word' id='word_1_696' title='bbox 2137 4409 2340 4478; x_wconf 86' lang='grc' dir='ltr'>αμουὴλ</span> <span class='ocrx_word' id='word_1_697' title='bbox 2397 4410 2535 4482; x_wconf 83' lang='grc' dir='ltr'>πρὸς</span> <span class='ocrx_word' id='word_1_698' title='bbox 2582 4411 2673 4463; x_wconf 83' lang='grc' dir='ltr'><strong>τὸν</strong></span> <span class='ocrx_word' id='word_1_699' title='bbox 2732 4413 2960 4464; x_wconf 87' lang='grc' dir='ltr'>Ἰεσσαί·</span> <span class='ocrx_word' id='word_1_700' title='bbox 3005 4413 3069 4464; x_wconf 89' lang='grc' dir='ltr'>Τί</span> <span class='ocrx_word' id='word_1_701' title='bbox 3123 4430 3189 4482; x_wconf 86' lang='grc' dir='ltr'><strong>με</strong></span> <span class='ocrx_word' id='word_1_702' title='bbox 3239 4414 3660 4484; x_wconf 74' lang='grc' dir='ltr'>καταπλήττεις,</span> 
     </span>
    </p>
   </div>
   <div class='ocr_carea' id='block_1_92' title="bbox 417 4497 1940 4574">
    <p class='ocr_par' dir='ltr' id='par_1_92' title="bbox 417 4497 1940 4572">
     <span class='ocr_line' id='line_1_92' title="bbox 417 4497 1940 4572; baseline -0.002 -14"><span class='ocrx_word' id='word_1_703' title='bbox 417 4506 783 4560; x_wconf 76' lang='lat' dir='ltr'><strong>Itallucinatus</strong></span> <span class='ocrx_word' id='word_1_704' title='bbox 809 4519 928 4558; x_wconf 92' lang='lat' dir='ltr'><strong>sum</strong></span> <span class='ocrx_word' id='word_1_705' title='bbox 945 4522 960 4570; x_wconf 90' lang='lat'><strong>;</strong></span> <span class='ocrx_word' id='word_1_706' title='bbox 979 4506 1062 4558; x_wconf 90' lang='lat' dir='ltr'><strong>sin</strong></span> <span class='ocrx_word' id='word_1_707' title='bbox 1084 4505 1270 4566; x_wconf 88' lang='lat' dir='ltr'><strong>babes,</strong></span> <span class='ocrx_word' id='word_1_708' title='bbox 1291 4517 1631 4572; x_wconf 87' lang='lat' dir='ltr'><strong>nequaquam</strong></span> <span class='ocrx_word' id='word_1_709' title='bbox 1654 4503 1850 4556; x_wconf 84' lang='lat' dir='ltr'><strong>erravi.</strong></span> <span class='ocrx_word' id='word_1_710' title='bbox 1877 4497 1940 4555; x_wconf 78' lang='lat' dir='ltr'><strong>Rt</strong></span> 
     </span>
    </p>
   </div>
   <div class='ocr_carea' id='block_1_93' title="bbox 2136 4497 3659 4574">
    <p class='ocr_par' dir='ltr' id='par_1_93' title="bbox 2136 4499 3659 4574">
     <span class='ocr_line' id='line_1_93' title="bbox 2136 4499 3659 4574; baseline 0.005 -25"><span class='ocrx_word' id='word_1_711' title='bbox 2136 4499 2406 4568; x_wconf 78' lang='grc' dir='ltr'>ρεσὸῦτα;</span> <span class='ocrx_word' id='word_1_712' title='bbox 2437 4502 2549 4554; x_wconf 84' lang='grc' dir='ltr'><strong>Οὐκ</strong></span> <span class='ocrx_word' id='word_1_713' title='bbox 2593 4500 2736 4570; x_wconf 80' lang='grc' dir='ltr'>ἔχεις</span> <span class='ocrx_word' id='word_1_714' title='bbox 2777 4501 2935 4555; x_wconf 83' lang='grc' dir='ltr'>ἄλλον</span> <span class='ocrx_word' id='word_1_715' title='bbox 2963 4504 3103 4564; x_wconf 86' lang='grc' dir='ltr'>υἱόν;</span> <span class='ocrx_word' id='word_1_716' title='bbox 3147 4505 3193 4555; x_wconf 87' lang='grc' dir='ltr'>εἰ</span> <span class='ocrx_word' id='word_1_717' title='bbox 3229 4503 3328 4572; x_wconf 78' lang='grc' dir='ltr'><strong>μὲν</strong></span> <span class='ocrx_word' id='word_1_718' title='bbox 3364 4503 3467 4556; x_wconf 80' lang='grc' dir='ltr'><strong>οὐκ</strong></span> <span class='ocrx_word' id='word_1_719' title='bbox 3500 4506 3659 4574; x_wconf 77' lang='grc' dir='ltr'>ἔχεις,</span> 
     </span>
    </p>
   </div>
   <div class='ocr_carea' id='block_1_94' title="bbox 414 4591 1937 4665">
    <p class='ocr_par' dir='ltr' id='par_1_94' title="bbox 414 4591 1937 4665">
     <span class='ocr_line' id='line_1_94' title="bbox 414 4591 1937 4665; baseline -0.003 -15"><span class='ocrx_word' id='word_1_720' title='bbox 414 4598 565 4665; x_wconf 82' lang='lat' dir='ltr'><strong>ponit</strong></span> <span class='ocrx_word' id='word_1_721' title='bbox 593 4595 746 4651; x_wconf 81' lang='lat' dir='ltr'><strong>Jesse</strong></span> <span class='ocrx_word' id='word_1_722' title='bbox 789 4595 857 4649; x_wconf 87' lang='lat' dir='ltr'><strong>ad</strong></span> <span class='ocrx_word' id='word_1_723' title='bbox 892 4594 1197 4649; x_wconf 89' lang='lat' dir='ltr'><strong>Samuelem</strong></span> <span class='ocrx_word' id='word_1_724' title='bbox 1229 4613 1241 4648; x_wconf 93' lang='lat'>:</span> <span class='ocrx_word' id='word_1_725' title='bbox 1269 4595 1420 4648; x_wconf 84' lang='lat' dir='ltr'><strong>Alius</strong></span> <span class='ocrx_word' id='word_1_726' title='bbox 1463 4592 1679 4662; x_wconf 89' lang='lat' dir='ltr'><strong>quidem</strong></span> <span class='ocrx_word' id='word_1_727' title='bbox 1720 4591 1852 4644; x_wconf 89' lang='lat' dir='ltr'><strong>mihi</strong></span> <span class='ocrx_word' id='word_1_728' title='bbox 1893 4607 1937 4645; x_wconf 86' lang='lat' dir='ltr'><strong>SI</strong></span> 
     </span>
    </p>
   </div>
   <div class='ocr_carea' id='block_1_95' title="bbox 2140 4591 3663 4665">
    <p class='ocr_par' dir='ltr' id='par_1_95' title="bbox 2140 4592 3663 4664">
     <span class='ocr_line' id='line_1_95' title="bbox 2140 4592 3663 4664; baseline 0.005 -22"><span class='ocrx_word' id='word_1_729' title='bbox 2140 4592 2327 4662; x_wconf 73' lang='grc' dir='ltr'>ῖφάλην</span> <span class='ocrx_word' id='word_1_730' title='bbox 2351 4609 2363 4620; x_wconf 93' lang='grc'><strong>·</strong></span> <span class='ocrx_word' id='word_1_731' title='bbox 2397 4594 2444 4645; x_wconf 83' lang='grc' dir='ltr'><strong>εί</strong></span> <span class='ocrx_word' id='word_1_732' title='bbox 2487 4593 2543 4644; x_wconf 81' lang='grc' dir='ltr'>δὲ</span> <span class='ocrx_word' id='word_1_733' title='bbox 2579 4593 2744 4663; x_wconf 80' lang='grc' dir='ltr'>ἔχεις,</span> <span class='ocrx_word' id='word_1_734' title='bbox 2777 4595 2876 4647; x_wconf 81' lang='grc' dir='ltr'><strong>ούκ</strong></span> <span class='ocrx_word' id='word_1_735' title='bbox 2917 4593 3241 4664; x_wconf 81' lang='grc' dir='ltr'>ἐπλανήθην.</span> <span class='ocrx_word' id='word_1_736' title='bbox 3283 4595 3340 4647; x_wconf 89' lang='lat'><strong>&#39;0</strong></span> <span class='ocrx_word' id='word_1_737' title='bbox 3375 4594 3432 4646; x_wconf 86' lang='grc' dir='ltr'><strong>δὲ</strong></span> <span class='ocrx_word' id='word_1_738' title='bbox 3469 4597 3663 4650; x_wconf 73' lang='grc' dir='ltr'>Ἰεσσαὶ</span> 
     </span>
    </p>
   </div>
   <div class='ocr_carea' id='block_1_96' title="bbox 413 4682 1936 4760">
    <p class='ocr_par' dir='ltr' id='par_1_96' title="bbox 413 4686 1936 4760">
     <span class='ocr_line' id='line_1_96' title="bbox 413 4686 1936 4760; baseline -0.004 -16"><span class='ocrx_word' id='word_1_739' title='bbox 413 4697 594 4760; x_wconf 67' lang='lat' dir='ltr'><strong>pereat</strong></span> <span class='ocrx_word' id='word_1_740' title='bbox 629 4688 800 4754; x_wconf 75' lang='lat' dir='ltr'><strong>illius;</strong></span> <span class='ocrx_word' id='word_1_741' title='bbox 835 4687 930 4742; x_wconf 85' lang='lat' dir='ltr'><strong>sed</strong></span> <span class='ocrx_word' id='word_1_742' title='bbox 960 4703 1181 4757; x_wconf 90' lang='lat' dir='ltr'><strong>parvus,</strong></span> <span class='ocrx_word' id='word_1_743' title='bbox 1216 4686 1588 4757; x_wconf 86' lang='lat' dir='ltr'><strong>despicabilis,</strong></span> <span class='ocrx_word' id='word_1_744' title='bbox 1619 4699 1802 4754; x_wconf 88' lang='lat' dir='ltr'><strong>neque</strong></span> <span class='ocrx_word' id='word_1_745' title='bbox 1825 4693 1936 4753; x_wconf 73' lang='lat' dir='ltr'><strong>apti</strong></span> 
     </span>
    </p>
   </div>
   <div class='ocr_carea' id='block_1_97' title="bbox 2136 4682 3659 4760">
    <p class='ocr_par' dir='ltr' id='par_1_97' title="bbox 2137 4682 3659 4754">
     <span class='ocr_line' id='line_1_97' title="bbox 2137 4682 3659 4754; baseline 0.004 -20"><span class='ocrx_word' id='word_1_746' title='bbox 2137 4682 2227 4751; x_wconf 80' lang='grc' dir='ltr'>ρὸς</span> <span class='ocrx_word' id='word_1_747' title='bbox 2269 4682 2358 4734; x_wconf 83' lang='grc' dir='ltr'><strong>τὸν</strong></span> <span class='ocrx_word' id='word_1_748' title='bbox 2407 4683 2693 4753; x_wconf 73' lang='grc' dir='ltr'>Σαμουὴλ·</span> <span class='ocrx_word' id='word_1_749' title='bbox 2731 4685 2879 4754; x_wconf 86' lang='grc' dir='ltr'><strong>’Ἑχω</strong></span> <span class='ocrx_word' id='word_1_750' title='bbox 2926 4685 3024 4754; x_wconf 89' lang='grc' dir='ltr'><strong>μὲν</strong></span> <span class='ocrx_word' id='word_1_751' title='bbox 3067 4686 3160 4737; x_wconf 79' lang='grc' dir='ltr'>καὶ</span> <span class='ocrx_word' id='word_1_752' title='bbox 3197 4685 3354 4738; x_wconf 79' lang='grc' dir='ltr'>ἄλλον</span> <span class='ocrx_word' id='word_1_753' title='bbox 3389 4686 3525 4751; x_wconf 78' lang='grc' dir='ltr'>υἱὸν,</span> <span class='ocrx_word' id='word_1_754' title='bbox 3552 4687 3659 4740; x_wconf 83' lang='grc' dir='ltr'>ἀλλ’</span> 
     </span>
    </p>
   </div>
   <div class='ocr_carea' id='block_1_98' title="bbox 412 4773 1935 4851">
    <p class='ocr_par' dir='ltr' id='par_1_98' title="bbox 412 4775 1935 4851">
     <span class='ocr_line' id='line_1_98' title="bbox 412 4775 1935 4851; baseline -0.005 -16"><span class='ocrx_word' id='word_1_755' title='bbox 412 4795 598 4851; x_wconf 81' lang='lat' dir='ltr'><strong>regno,</strong></span> <span class='ocrx_word' id='word_1_756' title='bbox 653 4794 814 4849; x_wconf 90' lang='lat' dir='ltr'><strong>quem</strong></span> <span class='ocrx_word' id='word_1_757' title='bbox 849 4779 1148 4849; x_wconf 86' lang='lat' dir='ltr'><strong>producere</strong></span> <span class='ocrx_word' id='word_1_758' title='bbox 1211 4777 1427 4848; x_wconf 88' lang='lat' dir='ltr'><strong>pudeat.</strong></span> <span class='ocrx_word' id='word_1_759' title='bbox 1479 4776 1616 4831; x_wconf 91' lang='lat' dir='ltr'><strong>Tum</strong></span> <span class='ocrx_word' id='word_1_760' title='bbox 1655 4775 1875 4828; x_wconf 86' lang='lat' dir='ltr'><strong>Samuel</strong></span> <span class='ocrx_word' id='word_1_761' title='bbox 1915 4790 1935 4827; x_wconf 80' lang='lat' dir='ltr'><strong>a</strong></span> 
     </span>
    </p>
   </div>
   <div class='ocr_carea' id='block_1_99' title="bbox 2138 4773 3661 4851">
    <p class='ocr_par' dir='ltr' id='par_1_99' title="bbox 2138 4774 3661 4850">
     <span class='ocr_line' id='line_1_99' title="bbox 2138 4774 3661 4850; baseline 0.005 -25"><span class='ocrx_word' id='word_1_762' title='bbox 2138 4791 2236 4836; x_wconf 78' lang='grc' dir='ltr'>ιως</span> <span class='ocrx_word' id='word_1_763' title='bbox 2276 4774 2486 4843; x_wconf 80' lang='grc' dir='ltr'>μικρὸν,</span> <span class='ocrx_word' id='word_1_764' title='bbox 2521 4775 2732 4845; x_wconf 80' lang='grc' dir='ltr'>εὐτελῆ,</span> <span class='ocrx_word' id='word_1_765' title='bbox 2779 4777 2852 4847; x_wconf 84' lang='grc' dir='ltr'><strong>μὴ</strong></span> <span class='ocrx_word' id='word_1_766' title='bbox 2893 4777 3149 4830; x_wconf 86' lang='grc' dir='ltr'>ποιοῦντα</span> <span class='ocrx_word' id='word_1_767' title='bbox 3188 4776 3430 4845; x_wconf 84' lang='grc' dir='ltr'>βασιλέα.</span> <span class='ocrx_word' id='word_1_768' title='bbox 3467 4779 3661 4850; x_wconf 80' lang='grc' dir='ltr'>Αἰσχύ-</span> 
     </span>
    </p>
   </div>
   <div class='ocr_carea' id='block_1_100' title="bbox 413 4867 1936 4940">
    <p class='ocr_par' dir='ltr' id='par_1_100' title="bbox 413 4867 1936 4940">
     <span class='ocr_line' id='line_1_100' title="bbox 413 4867 1936 4940; baseline -0.005 -14"><span class='ocrx_word' id='word_1_769' title='bbox 413 4874 564 4926; x_wconf 90' lang='lat' dir='ltr'><strong>illum</strong></span> <span class='ocrx_word' id='word_1_770' title='bbox 593 4891 608 4928; x_wconf 87' lang='lat'><strong>:</strong></span> <span class='ocrx_word' id='word_1_771' title='bbox 640 4871 756 4926; x_wconf 85' lang='lat' dir='ltr'><strong>Vin’</strong></span> <span class='ocrx_word' id='word_1_772' title='bbox 780 4879 836 4926; x_wconf 88' lang='lat' dir='ltr'><strong>tu</strong></span> <span class='ocrx_word' id='word_1_773' title='bbox 868 4873 1156 4925; x_wconf 88' lang='lat' dir='ltr'><strong>immutare</strong></span> <span class='ocrx_word' id='word_1_774' title='bbox 1187 4876 1517 4940; x_wconf 56' lang='lat' dir='ltr'><strong>praeceptum</strong></span> <span class='ocrx_word' id='word_1_775' title='bbox 1541 4867 1862 4922; x_wconf 81' lang='lat' dir='ltr'><strong>Creatoris?</strong></span> <span class='ocrx_word' id='word_1_776' title='bbox 1885 4882 1936 4935; x_wconf 80' lang='lat' dir='ltr'><strong>pl</strong></span> 
     </span>
    </p>
   </div>
   <div class='ocr_carea' id='block_1_101' title="bbox 2138 4867 3661 4940">
    <p class='ocr_par' dir='ltr' id='par_1_101' title="bbox 2138 4867 3661 4940">
     <span class='ocr_line' id='line_1_101' title="bbox 2138 4867 3661 4940; baseline 0.003 -22"><span class='ocrx_word' id='word_1_777' title='bbox 2138 4883 2246 4934; x_wconf 71' lang='grc' dir='ltr'>δμαι</span> <span class='ocrx_word' id='word_1_778' title='bbox 2269 4867 2362 4918; x_wconf 78' lang='grc' dir='ltr'><strong>καὶ</strong></span> <span class='ocrx_word' id='word_1_779' title='bbox 2395 4867 2719 4938; x_wconf 78' lang='grc' dir='ltr'>προϐιϐάσαι</span> <span class='ocrx_word' id='word_1_780' title='bbox 2745 4869 2925 4920; x_wconf 83' lang='grc' dir='ltr'>αὐτόν.</span> <span class='ocrx_word' id='word_1_781' title='bbox 2962 4869 3020 4920; x_wconf 92' lang='lat'><strong>&#39;0</strong></span> <span class='ocrx_word' id='word_1_782' title='bbox 3046 4868 3104 4921; x_wconf 81' lang='grc' dir='ltr'>δὲ</span> <span class='ocrx_word' id='word_1_783' title='bbox 3136 4869 3388 4940; x_wconf 82' lang='grc' dir='ltr'>Σαμουὴλ</span> <span class='ocrx_word' id='word_1_784' title='bbox 3412 4869 3552 4939; x_wconf 81' lang='grc' dir='ltr'>πρὸς</span> <span class='ocrx_word' id='word_1_785' title='bbox 3573 4872 3661 4922; x_wconf 83' lang='grc' dir='ltr'>αύ-</span> 
     </span>
    </p>
   </div>
   <div class='ocr_carea' id='block_1_102' title="bbox 411 4955 1934 5036">
    <p class='ocr_par' dir='ltr' id='par_1_102' title="bbox 411 4955 1933 5036">
     <span class='ocr_line' id='line_1_102' title="bbox 411 4955 1933 5036; baseline -0.007 -17"><span class='ocrx_word' id='word_1_786' title='bbox 411 4964 503 5019; x_wconf 85' lang='lat' dir='ltr'><strong>det</strong></span> <span class='ocrx_word' id='word_1_787' title='bbox 532 4974 582 5019; x_wconf 89' lang='lat' dir='ltr'><strong>te</strong></span> <span class='ocrx_word' id='word_1_788' title='bbox 605 4964 769 5036; x_wconf 76' lang='lat'><strong>367</strong></span> <span class='ocrx_word' id='word_1_789' title='bbox 806 4963 956 5017; x_wconf 92' lang='lat' dir='ltr'><strong>illum</strong></span> <span class='ocrx_word' id='word_1_790' title='bbox 988 4959 1329 5031; x_wconf 84' lang='lat' dir='ltr'><strong>producere?</strong></span> <span class='ocrx_word' id='word_1_791' title='bbox 1357 4957 1496 5023; x_wconf 84' lang='lat' dir='ltr'><strong>Quid</strong></span> <span class='ocrx_word' id='word_1_792' title='bbox 1525 4957 1669 5011; x_wconf 91' lang='lat' dir='ltr'><strong>enim</strong></span> <span class='ocrx_word' id='word_1_793' title='bbox 1692 4957 1715 5010; x_wconf 88' lang='lat'><strong>?</strong></span> <span class='ocrx_word' id='word_1_794' title='bbox 1737 4955 1818 5010; x_wconf 83' lang='lat' dir='ltr'><strong>An</strong></span> <span class='ocrx_word' id='word_1_795' title='bbox 1844 4972 1933 5009; x_wconf 92' lang='lat' dir='ltr'><strong>mu</strong></span> 
     </span>
    </p>
   </div>
   <div class='ocr_carea' id='block_1_103' title="bbox 2136 4955 3659 5036">
    <p class='ocr_par' dir='ltr' id='par_1_103' title="bbox 2136 4957 3659 5032">
     <span class='ocr_line' id='line_1_103' title="bbox 2136 4957 3659 5032; baseline 0.004 -24"><span class='ocrx_word' id='word_1_796' title='bbox 2136 4957 2178 5009; x_wconf 79' lang='lat' dir='ltr'><strong>iv</strong></span> <span class='ocrx_word' id='word_1_797' title='bbox 2199 4973 2212 4986; x_wconf 91' lang='grc'><strong>·</strong></span> <span class='ocrx_word' id='word_1_798' title='bbox 2243 4958 2657 5030; x_wconf 80' lang='grc' dir='ltr'>Παραδιατάττῃ</span> <span class='ocrx_word' id='word_1_799' title='bbox 2689 4960 2766 5030; x_wconf 82' lang='grc' dir='ltr'><strong>τῷ</strong></span> <span class='ocrx_word' id='word_1_800' title='bbox 2799 4960 3092 5024; x_wconf 82' lang='grc' dir='ltr'>Κτίσαντι;</span> <span class='ocrx_word' id='word_1_801' title='bbox 3126 4960 3354 5030; x_wconf 84' lang='grc' dir='ltr'>αἰσχύνῃ</span> <span class='ocrx_word' id='word_1_802' title='bbox 3401 4962 3659 5032; x_wconf 69' lang='grc' dir='ltr'>προϐιϐά-</span> 
     </span>
    </p>
   </div>
   <div class='ocr_carea' id='block_1_104' title="bbox 413 5048 1936 5122">
    <p class='ocr_par' dir='ltr' id='par_1_104' title="bbox 413 5048 1936 5122">
     <span class='ocr_line' id='line_1_104' title="bbox 413 5048 1936 5122; baseline -0.005 -15"><span class='ocrx_word' id='word_1_803' title='bbox 413 5065 522 5108; x_wconf 87' lang='lat' dir='ltr'><strong>tam</strong></span> <span class='ocrx_word' id='word_1_804' title='bbox 559 5060 741 5111; x_wconf 85' lang='lat' dir='ltr'><strong>carnis</strong></span> <span class='ocrx_word' id='word_1_805' title='bbox 765 5054 959 5109; x_wconf 91' lang='lat' dir='ltr'><strong>molem</strong></span> <span class='ocrx_word' id='word_1_806' title='bbox 983 5053 1135 5122; x_wconf 88' lang='lat' dir='ltr'><strong>ungit</strong></span> <span class='ocrx_word' id='word_1_807' title='bbox 1158 5049 1299 5104; x_wconf 89' lang='lat' dir='ltr'><strong>Deus</strong></span> <span class='ocrx_word' id='word_1_808' title='bbox 1325 5050 1346 5102; x_wconf 69' lang='grc' dir='ltr'><strong>’ἓ</strong></span> <span class='ocrx_word' id='word_1_809' title='bbox 1374 5048 1565 5104; x_wconf 89' lang='lat' dir='ltr'><strong>Adduc</strong></span> <span class='ocrx_word' id='word_1_810' title='bbox 1589 5048 1771 5117; x_wconf 85' lang='lat' dir='ltr'><strong>itaque</strong></span> <span class='ocrx_word' id='word_1_811' title='bbox 1795 5048 1936 5100; x_wconf 88' lang='lat' dir='ltr'><strong>illum</strong></span> 
     </span>
    </p>
   </div>
   <div class='ocr_carea' id='block_1_105' title="bbox 2132 5048 3655 5122">
    <p class='ocr_par' dir='ltr' id='par_1_105' title="bbox 2132 5048 3655 5121">
     <span class='ocr_line' id='line_1_105' title="bbox 2132 5048 3655 5121; baseline 0.001 -21"><span class='ocrx_word' id='word_1_812' title='bbox 2132 5066 2180 5100; x_wconf 75' lang='grc' dir='ltr'><strong>αι</strong></span> <span class='ocrx_word' id='word_1_813' title='bbox 2215 5048 2433 5113; x_wconf 87' lang='grc' dir='ltr'>τοῦτον;</span> <span class='ocrx_word' id='word_1_814' title='bbox 2482 5051 2544 5101; x_wconf 89' lang='grc' dir='ltr'><strong>Τί</strong></span> <span class='ocrx_word' id='word_1_815' title='bbox 2589 5051 2729 5121; x_wconf 79' lang='grc' dir='ltr'>γάρ;</span> <span class='ocrx_word' id='word_1_816' title='bbox 2783 5051 3158 5120; x_wconf 84' lang='grc' dir='ltr'>Πολυσαρκίαν</span> <span class='ocrx_word' id='word_1_817' title='bbox 3198 5048 3374 5121; x_wconf 81' lang='grc' dir='ltr'>χρίζει</span> <span class='ocrx_word' id='word_1_818' title='bbox 3421 5052 3451 5102; x_wconf 87' lang='grc' dir='ltr'>ὁ</span> <span class='ocrx_word' id='word_1_819' title='bbox 3500 5049 3655 5113; x_wconf 78' lang='grc' dir='ltr'>Θεός;</span> 
     </span>
    </p>
   </div>
   <div class='ocr_carea' id='block_1_106' title="bbox 485 5208 1112 5279">
    <p class='ocr_par' dir='ltr' id='par_1_106' title="bbox 485 5208 1112 5279">
     <span class='ocr_line' id='line_1_106' title="bbox 485 5208 1112 5279; baseline 0 -18"><span class='ocrx_word' id='word_1_820' title='bbox 485 5211 527 5240; x_wconf 73' lang='grc'><strong>⁸⁸</strong></span> <span class='ocrx_word' id='word_1_821' title='bbox 569 5209 584 5261; x_wconf 92' lang='grc'><strong>1</strong></span> <span class='ocrx_word' id='word_1_822' title='bbox 623 5208 752 5279; x_wconf 65' lang='lat' dir='ltr'><strong>Reg.</strong></span> <span class='ocrx_word' id='word_1_823' title='bbox 792 5227 915 5273; x_wconf 78' lang='lat' dir='ltr'><strong>xvr,</strong></span> <span class='ocrx_word' id='word_1_824' title='bbox 957 5208 1112 5262; x_wconf 77' lang='grc'><strong>1-15.</strong></span> 
     </span>
    </p>
   </div>
   <div class='ocr_carea' id='block_1_107' title="bbox 483 5312 2006 5394">
    <p class='ocr_par' dir='ltr' id='par_1_107' title="bbox 483 5319 1956 5394">
     <span class='ocr_line' id='line_1_107' title="bbox 483 5319 1956 5394; baseline 0.001 -20"><span class='ocrx_word' id='word_1_825' title='bbox 483 5322 592 5394; x_wconf 76' lang='lat'><strong>(62)</strong></span> <span class='ocrx_word' id='word_1_826' title='bbox 629 5324 702 5376; x_wconf 84' lang='lat' dir='ltr'><strong>Ita</strong></span> <span class='ocrx_word' id='word_1_827' title='bbox 735 5325 866 5394; x_wconf 73' lang='lat' dir='ltr'><strong>Reg.</strong></span> <span class='ocrx_word' id='word_1_828' title='bbox 899 5323 953 5377; x_wconf 94' lang='lat'><strong>2.</strong></span> <span class='ocrx_word' id='word_1_829' title='bbox 981 5322 1121 5376; x_wconf 82' lang='lat' dir='ltr'><strong>Editi</strong></span> <span class='ocrx_word' id='word_1_830' title='bbox 1157 5337 1303 5388; x_wconf 88' lang='lat' dir='ltr'><strong>vero,</strong></span> <span class='ocrx_word' id='word_1_831' title='bbox 1328 5319 1724 5394; x_wconf 48' lang='grc' dir='ltr'>προήκασθαι.-</span> <span class='ocrx_word' id='word_1_832' title='bbox 1761 5391 1798 5394; x_wconf 86' lang='lat'>__</span> <span class='ocrx_word' id='word_1_833' title='bbox 1945 5389 1956 5394; x_wconf 29' lang='grc' dir='ltr'><strong>Α</strong></span> 
     </span>
    </p>
   </div>
   <div class='ocr_carea' id='block_1_108' title="bbox 2034 5312 3557 5394">
    <p class='ocr_par' dir='ltr' id='par_1_108' title="bbox 2160 5312 3557 5394">
     <span class='ocr_line' id='line_1_108' title="bbox 2160 5312 3557 5394; baseline -0.003 -25"><span class='ocrx_word' id='word_1_834' title='bbox 2305 5317 2512 5394; x_wconf 58' lang='lat' dir='ltr'><strong>licg._i.</strong></span> <span class='ocrx_word' id='word_1_835' title='bbox 2545 5315 2936 5394; x_wconf 47' lang='grc' dir='ltr'>προχείρησαιλ</span> <span class='ocrx_word' id='word_1_836' title='bbox 2960 5312 3164 5385; x_wconf 77' lang='lat' dir='ltr'><strong>Reg.2,</strong></span> <span class='ocrx_word' id='word_1_837' title='bbox 3188 5312 3557 5381; x_wconf 79' lang='grc' dir='ltr'>προχειρίσαι.</span> 
     </span>
    </p>
   </div>
   <div class='ocr_carea' id='block_1_109' title="bbox 485 5385 2008 5461">
    <p class='ocr_par' dir='ltr' id='par_1_109' title="bbox 485 5385 1976 5461">
     <span class='ocr_line' id='line_1_109' title="bbox 485 5385 1976 5461; baseline -0.001 -17"><span class='ocrx_word' id='word_1_838' title='bbox 485 5385 592 5461; x_wconf 55' lang='grc'>(65)</span> <span class='ocrx_word' id='word_1_839' title='bbox 631 5394 759 5459; x_wconf 76' lang='lat' dir='ltr'><strong>lleg.</strong></span> <span class='ocrx_word' id='word_1_840' title='bbox 803 5385 858 5456; x_wconf 58' lang='grc' dir='ltr'><strong>ῥ’,</strong></span> <span class='ocrx_word' id='word_1_841' title='bbox 892 5393 1132 5446; x_wconf 82' lang='grc' dir='ltr'>διάκονον</span> <span class='ocrx_word' id='word_1_842' title='bbox 1163 5394 1242 5455; x_wconf 80' lang='grc' dir='ltr'><strong>εἰς</strong></span> <span class='ocrx_word' id='word_1_843' title='bbox 1291 5385 1394 5444; x_wconf 52' lang='grc' dir='ltr'><strong>τὸν</strong></span> <span class='ocrx_word' id='word_1_844' title='bbox 1440 5385 1584 5446; x_wconf 79' lang='grc' dir='ltr'>οἷκον</span> <span class='ocrx_word' id='word_1_845' title='bbox 1635 5388 1726 5442; x_wconf 90' lang='grc' dir='ltr'><strong>τοῦ</strong></span> <span class='ocrx_word' id='word_1_846' title='bbox 1761 5389 1976 5443; x_wconf 79' lang='grc' dir='ltr'>Ἰεσσαί.</span> 
     </span>
    </p>
   </div>
   <div class='ocr_carea' id='block_1_110' title="bbox 1433 5385 2956 5461">
    <p class='ocr_par' dir='ltr' id='par_1_110' title="bbox 1440 5385 2956 5461">
     <span class='ocr_line' id='line_1_110' title="bbox 1440 5385 2956 5461; baseline -0.004 -17"><span class='ocrx_word' id='word_1_847' title='bbox 1440 5385 1584 5446; x_wconf 81' lang='grc' dir='ltr'>οἶκον</span> <span class='ocrx_word' id='word_1_848' title='bbox 1635 5388 1726 5442; x_wconf 90' lang='grc' dir='ltr'><strong>τοῦ</strong></span> <span class='ocrx_word' id='word_1_849' title='bbox 1761 5389 1976 5443; x_wconf 81' lang='grc' dir='ltr'>Ἰεσσαί.</span> <span class='ocrx_word' id='word_1_850' title='bbox 2161 5385 2272 5461; x_wconf 54' lang='lat' dir='ltr'><strong>(tibi</strong></span> <span class='ocrx_word' id='word_1_851' title='bbox 2305 5385 2633 5461; x_wconf 17' lang='grc' dir='ltr'>ᾼιτοίᾷἀεςει</span> <span class='ocrx_word' id='word_1_852' title='bbox 2661 5385 2872 5461; x_wconf 70' lang='lat' dir='ltr'><strong>initeg.</strong></span> <span class='ocrx_word' id='word_1_853' title='bbox 2904 5385 2956 5439; x_wconf 88' lang='lat'><strong>2.</strong></span> 
     </span>
    </p>
   </div>
   <div class='ocr_carea' id='block_1_111' title="bbox 415 5457 1938 5532">
    <p class='ocr_par' dir='ltr' id='par_1_111' title="bbox 415 5457 1889 5532">
     <span class='ocr_line' id='line_1_111' title="bbox 415 5457 1889 5532; baseline -0.001 -17"><span class='ocrx_word' id='word_1_854' title='bbox 415 5457 532 5515; x_wconf 71' lang='lat' dir='ltr'><strong>llox</strong></span> <span class='ocrx_word' id='word_1_855' title='bbox 560 5457 1000 5532; x_wconf 76' lang='grc' dir='ltr'>χειροτονήσεως.</span> <span class='ocrx_word' id='word_1_856' title='bbox 1030 5463 1160 5532; x_wconf 73' lang='lat' dir='ltr'><strong>Reg.</strong></span> <span class='ocrx_word' id='word_1_857' title='bbox 1200 5463 1222 5515; x_wconf 82' lang='lat' dir='ltr'><strong>l</strong></span> <span class='ocrx_word' id='word_1_858' title='bbox 1255 5470 1307 5516; x_wconf 89' lang='lat' dir='ltr'><strong>et</strong></span> <span class='ocrx_word' id='word_1_859' title='bbox 1327 5461 1381 5514; x_wconf 90' lang='lat'><strong>2.</strong></span> <span class='ocrx_word' id='word_1_860' title='bbox 1482 5531 1492 5532; x_wconf 16' lang='grc' dir='ltr'>ί</span> <span class='ocrx_word' id='word_1_861' title='bbox 1878 5527 1889 5532; x_wconf 30' lang='grc' dir='ltr'><strong>Δ</strong></span> 
     </span>
    </p>
   </div>
   <div class='ocr_carea' id='block_1_112' title="bbox 1400 5457 2923 5532">
    <p class='ocr_par' dir='ltr' id='par_1_112' title="bbox 1482 5457 2923 5532">
     <span class='ocr_line' id='line_1_112' title="bbox 1482 5457 2923 5532; baseline -0.002 -22"><span class='ocrx_word' id='word_1_862' title='bbox 1482 5531 1492 5532; x_wconf 18' lang='lat'><em>7</em></span> <span class='ocrx_word' id='word_1_863' title='bbox 1878 5527 1889 5532; x_wconf 30' lang='grc' dir='ltr'><strong>Δ</strong></span> <span class='ocrx_word' id='word_1_864' title='bbox 2158 5459 2268 5532; x_wconf 63' lang='grc'>(67)</span> <span class='ocrx_word' id='word_1_865' title='bbox 2302 5457 2439 5532; x_wconf 54' lang='lat' dir='ltr'><strong>lieg.</strong></span> <span class='ocrx_word' id='word_1_866' title='bbox 2460 5457 2510 5518; x_wconf 74' lang='grc'>1,</span> <span class='ocrx_word' id='word_1_867' title='bbox 2537 5457 2592 5532; x_wconf 72' lang='grc'>2,</span> <span class='ocrx_word' id='word_1_868' title='bbox 2618 5457 2685 5532; x_wconf 62' lang='grc' dir='ltr'><strong>τί</strong></span> <span class='ocrx_word' id='word_1_869' title='bbox 2709 5457 2923 5532; x_wconf 72' lang='grc' dir='ltr'>λέγεις;</span> 
     </span>
    </p>
   </div>
   <div class='ocr_carea' id='block_1_113' title="bbox 481 5517 2004 5604">
    <p class='ocr_par' dir='ltr' id='par_1_113' title="bbox 481 5517 1982 5604">
     <span class='ocr_line' id='line_1_113' title="bbox 481 5517 1982 5604; baseline -0.006 -14"><span class='ocrx_word' id='word_1_870' title='bbox 481 5517 596 5600; x_wconf 64' lang='grc' dir='ltr'>(θρί)</span> <span class='ocrx_word' id='word_1_871' title='bbox 625 5517 773 5604; x_wconf 63' lang='grc' dir='ltr'>ίίες.</span> <span class='ocrx_word' id='word_1_872' title='bbox 801 5517 854 5600; x_wconf 66' lang='lat'><strong>2,</strong></span> <span class='ocrx_word' id='word_1_873' title='bbox 903 5517 1234 5586; x_wconf 56' lang='grc' dir='ltr'>ἀν’τεοίσῖτο.</span> <span class='ocrx_word' id='word_1_874' title='bbox 1273 5532 1391 5587; x_wconf 82' lang='lat' dir='ltr'><strong>Mox</strong></span> <span class='ocrx_word' id='word_1_875' title='bbox 1445 5531 1609 5593; x_wconf 87' lang='lat' dir='ltr'><strong>idem,</strong></span> <span class='ocrx_word' id='word_1_876' title='bbox 1641 5527 1982 5602; x_wconf 70' lang='grc' dir='ltr'>προχειρίσο-</span> 
     </span>
    </p>
   </div>
   <div class='ocr_carea' id='block_1_114' title="bbox 1848 5517 3371 5604">
    <p class='ocr_par' dir='ltr' id='par_1_114' title="bbox 1848 5517 3371 5598">
     <span class='ocr_line' id='line_1_114' title="bbox 1848 5517 3371 5598; baseline -0.005 -16"><span class='ocrx_word' id='word_1_877' title='bbox 1848 5527 1982 5582; x_wconf 65' lang='grc' dir='ltr'>οίσο-</span> <span class='ocrx_word' id='word_1_878' title='bbox 2162 5517 2273 5584; x_wconf 69' lang='grc' dir='ltr'>ὶϋει</span> <span class='ocrx_word' id='word_1_879' title='bbox 2306 5517 2539 5598; x_wconf 73' lang='lat' dir='ltr'><strong>ua&#39;ncg.</strong></span> <span class='ocrx_word' id='word_1_880' title='bbox 2573 5527 2625 5591; x_wconf 79' lang='grc' dir='ltr'><strong>ι,</strong></span> <span class='ocrx_word' id='word_1_881' title='bbox 2657 5526 2710 5579; x_wconf 76' lang='lat'><strong>2.</strong></span> <span class='ocrx_word' id='word_1_882' title='bbox 2742 5517 2882 5582; x_wconf 72' lang='lat' dir='ltr'><strong>eum</strong></span> <span class='ocrx_word' id='word_1_883' title='bbox 2913 5517 3063 5590; x_wconf 76' lang='lat' dir='ltr'><strong>vero,</strong></span> <span class='ocrx_word' id='word_1_884' title='bbox 3093 5524 3166 5594; x_wconf 83' lang='grc' dir='ltr'>μή</span> <span class='ocrx_word' id='word_1_885' title='bbox 3199 5521 3371 5575; x_wconf 66' lang='grc' dir='ltr'>τοίγε.</span> 
     </span>
    </p>
   </div>
   <div class='ocr_carea' id='block_1_115' title="bbox 415 5605 552 5673">
    <p class='ocr_par' dir='ltr' id='par_1_115' title="bbox 415 5605 552 5673">
     <span class='ocr_line' id='line_1_115' title="bbox 415 5605 552 5673; baseline 0.007 -18"><span class='ocrx_word' id='word_1_886' title='bbox 415 5605 552 5673; x_wconf 58' lang='lat' dir='ltr'><strong>paul</strong></span> 
     </span>
    </p>
   </div>
  </div>
