3832 6216
132 269 255 326 1005

1093 261 1382 318 HOMILIA
1424 261 1492 316 IN
1531 257 1792 316 CECUM
1835 259 1877 313 Α
1912 257 2357 316 NATIVITATE.

3215 255 3354 312 1006

129 391 456 460 Προχείρισαι
488 383 579 439 οὖν
617 385 801 439 τοῦτον
821 402 833 414 ·
871 382 1119 453 λιμνὰσει
1144 382 1358 444 πάντως
1390 382 1449 434 τὸ
1487 380 1685 440 ἔλαιον,

1807 377 1972 432 :ﬂluet
2002 392 2132 432 sane
2163 377 2366 439 oleum,
2430 373 2710 429 inclinabit
2769 389 2847 436 se,
2895 382 2954 428 ut
3003 373 3171 444 probe
3203 373 3353 438 novi,

127 481 403 538 ἐπινεύσει,
433 477 567 540 οἶδα,
601 479 662 530 τὸ
693 477 879 548 κέρας.
911 473 1297 544 Εὑφραινέσθω
1326 489 1419 526 σου
1454 474 1484 525 6
1511 469 1679 533 οἶκος.

129 575 189 627 Τί
212 574 348 643 γὰρ;
384 573 504 624 ’Ὁτι
541 569 734 640 μικρός
768 570 934 629 ἐστιν,
965 567 1024 619 οὐ
1056 567 1199 618 ποιεῖ
1226 563 1478 634 βασιλέα;
1522 562 1682 633 Περί-

131 683 296 737 μεινον
338 665 527 735 μικρὸν
559 702 574 724 ,
625 663 717 716 καὶ
761 661 885 731 bal/'9'
918 659 1034 722 πῶς
1089 655 1242 722 οὗτος
1283 660 1311 711 6
1355 657 1548 728 μικρὸς
1591 656 1682 709 τὸν

127 759 420 824 γιγανταῖον
454 755 684 825 πύργον,
726 753 817 805 τὸν
845 751 1037 805 Γολιὰθ
1071 751 1214 820 λέγω
1257 751 1342 820 δὴ,
1379 748 1680 818 καταστρέ-

124 849 227 917 ψει.
262 846 552 918 Τοιγαροῦν
594 844 795 915 ταύτην
839 843 948 896 τῶν
981 843 1181 912 γονέων
1232 843 1330 913 τὴν
1362 841 1628 911 λοιδορίαν
1657 841 1686 893 ὁ

125 941 276 993 Δαϐὶδ
313 939 673 1008 κατανοήσας,
725 937 820 990 καὶ
870 935 967 1006 τὴν
1009 935 1102 988 τοῦ
1134 936 1338 1007 Κυρίου
1388 934 1687 1005 παράδοξον

125 1033 425 1104 εὐεργεσίαν
455 1031 574 1102 θείᾳ
617 1031 807 1100 Γραφῇ
838 1027 1181 1098 παραδιδοὺς,
1209 1027 1364 1080 ἐϐόαο
1418 1045 1436 1078 ι
1488 1027 1545 1078 '0
1578 1041 1682 1078 πα-

125 1126 223 1194 τήρ
251 1141 346 1194 μου
374 1125 466 1176 καὶ
493 1125 525 1192 ή
571 1123 752 1193 μήτηρ
779 1138 879 1191 μου
912 1118 1268 1186 ἐγκατέλιπόν
1295 1136 1362 1189 με
1387 1135 1400 1149 °
1437 1121 1466 1171 6
1493 1117 1548 1170 δὲ
1575 1115 1689 1169 Κύ-

129 1233 234 1286 ριος
260 1215 619 1285 προσελάϐετό
655 1231 744 1284 με.
787 1233 805 1265 ι

195 1301 244 1354 ι.
276 1300 485 1370 Ταύτην
519 1299 696 1353 τοίνυν
729 1300 826 1370 τὴν
858 1300 952 1354 τοῦ
981 1299 1259 1370 προφήτου
1289 1297 1452 1352 Δαϐὶδ
1480 1297 1692 1368 εὐχάρι-

126 1403 245 1440 στον
273 1386 470 1456 φωνὴν,
511 1387 781 1456 εὐκαίρως
812 1388 906 1440 καὶ
931 1389 959 1440 ὁ
1002 1385 1316 1457 ἐκγενετῆς
1341 1386 1538 1454 τυφλὸς
1565 1388 1692 1442 ἀνα-

124 1473 337 1542 ϐλέψας,
377 1475 492 1542 ἐρεῖ
532 1473 926 1544 μεγαλοφώνως
968 1477 1060 1529 καὶ
1107 1477 1266 1537 αὑτός
1292 1493 1304 1505 ο
1349 1495 1366 1526 ι
1410 1477 1467 1529 '0
1507 1477 1693 1547 πατήρ

127 1581 225 1635 μου
259 1551 348 1618 καὶ
381 1567 413 1634 ή
449 1566 632 1638 μήτηρ
664 1583 763 1637 μου
803 1568 1160 1635 ἐγκατέλιπόν
1190 1585 1255 1638 με
1276 1585 1289 1598 ·
1326 1570 1354 1619 ὁ
1395 1567 1451 1620 δέ
1492 1567 1694 1638 Κύριος

125 1657 482 1728 προσελάϐετό
503 1675 588 1728 με.
626 1676 644 1707 ι
674 1660 818 1711 Ἴστε
841 1660 1041 1723 πάντες
1063 1660 1268 1728 σαφῶς,
1293 1659 1409 1723 πῶς
1425 1661 1519 1712 καὶ
1542 1653 1696 1723 οὗτος

1780 486 1971 525 cornu.
2017 469 2252 524 Laetetur
2281 471 2477 524 domus
2533 477 2644 522 tua.
2679 465 2821 532 Quid
2871 466 3052 521 enim?
3091 468 3175 520 An
3227 466 3357 536 quia

1782 575 1984 630 parvus
2015 567 2120 620 est,
2152 574 2261 612 non
2295 566 2381 613 est
2405 566 2562 627 aptus
2592 557 2795 625 regno?
2832 554 3128 610 Tantillum
3157 570 3355 625 exspe-

1782 661 1894 715 cta,
1927 658 1984 706 et
2015 651 2226 706 videbis
2280 666 2390 720 quo
2439 656 2599 720 pacto
2628 649 2716 702 ille
2738 649 2997 718 parvulus
3025 647 3359 718 gigantinam

1783 750 2013 806 turrem,
2047 743 2262 796 tioliath
2291 741 2526 805 scilicet,
2564 749 2887 810 prosternet.
2930 738 3083 794 Hanc
3111 755 3240 811 ergo
3262 754 3362 810 pa-

1787 843 2001 889 rentum
2041 833 2423 888 contumeliam
2453 847 2635 887 secum
2668 839 2926 901 reputans
2958 830 3150 895 David,
3185 838 3240 886 et
3267 830 3359 884 ad-

1789 925 2092 980 mirandam
2127 923 2342 978 Domini
2383 923 2775 992 benignitatem
2801 923 2975 977 sacris
3006 920 3201 976 litteris
3233 935 3366 974 con-

1789 1018 2017 1088 signans
2049 1017 2386 1072 exclamabat
2420 1034 2432 1068 :
2475 1034 2492 1066 ‹
2537 1015 2694 1069 Pater
2741 1029 2896 1069 meus
2939 1022 2993 1068 et
3030 1020 3205 1067 mater
3245 1027 3365 1067 mea

1789 1110 2202 1181 dereliquerunt
2272 1123 2404 1172 me,
2475 1105 2740 1161 Dominus
2812 1113 2994 1160 autem
3067 1103 3368 1174 assumpsit

1792 1217 1878 1256 me
1907 1203 1973 1256 ⁸⁸.
2018 1221 2036 1254 ι

1861 1293 1916 1346 4.
1958 1293 2110 1347 Hauc
2151 1293 2333 1362 itaque
2379 1292 2655 1363 prophetae
2706 1291 2877 1347 David
2923 1306 3112 1347 vocem
3163 1291 3370 1363 gratia-

1794 1400 1916 1440 rum
1947 1384 2160 1440 actione
2191 1385 2429 1453 plenam,
2473 1391 2781 1453 opportune
2829 1383 2956 1438 item
2980 1399 3170 1446 .caacus
3214 1383 3305 1439 ille
3334 1397 3369 1438 ι

1802 1476 2110 1539 nativitate,
2143 1476 2266 1530 visu
2298 1484 2537 1544 recepto,
2563 1489 2757 1546 magna
2782 1482 2838 1529 et
2867 1475 2986 1546 ipse
3012 1490 3144 1530 voce
3174 1475 3318 1530 dicet
3349 1493 3364 1530 :

1805 1586 1824 1620 ι
1883 1568 2046 1623 Pater
2098 1582 2254 1623 meus
2302 1574 2356 1621 ct
2406 1575 2579 1622 mater
2633 1582 2753 1622 mea
2804 1565 3213 1636 dereliquerunt
3256 1581 3364 1629 me.

1797 1660 2061 1716 Dominus
2093 1672 2272 1715 autem
2303 1659 2602 1729 assumpsit
2634 1675 2740 1714 me.
2779 1679 2798 1710 ι
2835 1658 3012 1714 Probe
3048 1657 3224 1714 nostis
3252 1672 3382 1714 om-.

124 1749 227 1802 ὑπὸ
253 1749 350 1820 μὲν
385 1749 490 1802 τῶν
519 1749 720 1818 γονέων
751 1750 1069 1822 διεπτύσθη,
1098 1752 1204 1806 ὑπὸ
1233 1753 1289 1805 δὲ
1312 1751 1404 1804 τοῦ
1431 1751 1566 1804 Θεοῦ
1595 1753 1696 1804 οὐκ

1807 1768 1920 1816 nes,
1946 1752 2090 1822 quod
2123 1752 2210 1806 hic
2245 1766 2463 1823 quoque
2490 1759 2546 1807 et
2574 1769 2604 1804 a
2634 1752 2950 1821 parentibus
2982 1751 3220 1819 rejectus
3250 1749 3384 1830 fueo_

123 1842 533 1914 ἐγκατελείφθη.
561 1844 747 1905 Ὅπως
774 1843 829 1896 δέ
857 1843 916 1895 τὸ
940 1844 1115 1914 χρέως
1147 1842 1575 1913 ἀπώωσώμεθα,
1600 1844 1692 1896 καὶ

126 1934 316 2005 μικρὸν
343 1933 719 2004 ἀναψύξωμεν,
748 1935 832 1987 ἵνα
855 1938 946 1989 καὶ
965 1935 1123 1989 πάλιν
1147 1935 1520 2006 πιστευθῶμεν
1543 1939 1693 2005 ὀφει-

121 2025 364 2095 λήματα’
418 2027 550 2097 φέρε
593 2027 770 2079 τοίνυν
819 2028 910 2079 ἐπὶ
969 2027 1059 2080 τὸν
1125 2029 1189 2080 ἐκ
1233 2027 1456 2096 γενετῆς
1499 2029 1695 2096 τυφλὸν

123 2118 391 2186 εὐκαίρως
419 2118 852 2189 παραγάγωμεν.
889 2121 1141 2182 Ἤκουες.
1171 2119 1439 2190 ἀγαπητέ,
1467 2123 1531 2191 τῇ
1557 2137 1696 2192 προ-

122 2209 258 2280 τέρα
276 2209 367 2262 τοῦ
396 2211 781 2280 εὐαγγελιστοῦ
801 2210 1044 2264 Ἰωάννου
1077 2210 1326 2281 βοῶντοςο
1369 2233 1386 2263 ι
1423 2213 1533 2265 Καὶ
1559 2229 1698 2282 παρ-

125 2301 292 2368 άγων,
350 2302 536 2370 φησὶν,
599 2304 628 2354 6
697 2303 921 2372 Ἰησοῦς,
973 2299 1111 2355 εἶδεν
1169 2302 1454 2374 ἄνθρωπον
1499 2305 1697 2372 τυφλὸν

123 2393 190 2443 ἐκ
234 2392 456 2460 γενετῆς
515 2392 847 2462 καθήμενον·
893 2392 987 2446 καὶ
1033 2392 1393 2463 ἐπηρώτησαν
1448 2394 1606 2446 αὑτὸν
1648 2394 1697 2445 οε

126 2479 368 2549 μαθηταὶ
402 2479 587 2542 αὑτοῦ,
629 2480 907 2548 λέγοντες·
960 2481 1168 2544 Ῥαϐϐὶ,
1202 2481 1284 2544 τίς
1317 2483 1582 2553 ἥμαρτεν,
1607 2481 1698 2534 οῦ-

123 2567 274 2636 τοςῆ
303 2570 351 2620 οἱ
392 2572 567 2636 γονεῖς
609 2569 796 2632 αὑτοῦ,
839 2571 928 2622 ἵνα
967 2569 1166 2638 τυφλὸς
1198 2571 1463 2640 γεννηθῇς
1500 2592 1516 2622 ι
1555 2573 1611 2624 ’0
1642 2571 1699 2623 δέ

123 2658 328 2730 Κύριος
372 2659 508 2730 πρὸς
555 2660 778 2723 αὐτούς’
818 2679 834 2711 ι
870 2661 1002 2714 Οὐδὲ
1025 2656 1176 2725 οὗτος
1205 2663 1474 2732 ἥμαρτεν,
1501 2663 1620 2716 οὐδέ
1650 2664 1699 2714 oi

122 2753 301 2819 γονεῖς
331 2749 492 2802 αὑτοῦ
515 2767 528 2780 ο
577 2750 690 2803 ἀλλ’
719 2752 803 2803 ἵνα
835 2751 1122 2823 φανερωθῇ
1158 2752 1223 2806 τὰ
1272 2752 1408 2822 ἔργα
1440 2752 1534 2804 τοῦ
1564 2753 1700 2805 Θεοῦ

123 2843 184 2893 ἐν
213 2840 381 2910 αὐτῷ.
411 2840 595 2894 Ταῦτα
633 2840 801 2893 εἰπὼν
833 2842 861 2892 6
894 2842 1114 2914 Κύριος,
1142 2842 1338 2895 ἐπτυσε
1381 2844 1574 2913 χαμαὶ,
1609 2843 1704 2896 καὶ

123 2931 350 3001 ἐποίησε
373 2931 542 3002 πηλὸν
573 2933 637 2984 ἐκ
661 2931 755 2984 τοῦ
805 2931 1139 3002 πτύσματος,
1172 2935 1262 2986 καὶ
1293 2934 1552 3004 ἐπέχρισε
1579 2935 1704 2997 τοὺς

122 3023 435 3093 ὀφθαλμοὺς
468 3024 559 3076 τοῦ
598 3023 818 3092 τυφλοῦ.
858 3043 876 3075 ι
915 3025 1023 3076 Καὶ
1068 3025 1382 3078 ἀπέστειλεν
1423 3025 1584 3078 αὑτὸν
1626 3027 1703 3088 εἰς

123 3088 216 3168 τόν
263 3088 486 3186 Σιλωάμ
509 3133 522 3146 ·
566 3088 946 3169 καὶ-ἀπελθὼν
993 3115 1244 3186 ἐνίψατοο
1275 3118 1368 3170 καὶ
1413 3118 1703 3187 νιψάμενος
1731 3088 1778 3150 c

125 3206 424 3275 ἀνέϐλεψε’
473 3206 567 3260 καὶ
623 3207 930 3278 ἀναϐλέψας
990 3206 1277 3260 ἐπίστευσε
1327 3207 1405 3278 τῷ
1452 3209 1708 3261 ἀποστεί-

123 3295 298 3350 λαντι.
341 3298 536 3350 Ἀκουε
577 3298 827 3362 συνετῶς.
882 3297 1271 3370 Ἐπηρώτησαν
1312 3300 1400 3353 τὸν
1432 3300 1633 3370 Κύριον
1657 3301 1706 3354 οἱ

129 3389 395 3461 μαθηταὶ,
427 3389 674 3460 λέγοντες
693 3409 706 3422 ·
745 3411 763 3442 ι
807 3392 1124 3456 Διδάσκαλε,
1151 3393 1232 3457 τίς
1261 3393 1528 3466 ἥμαρτεν,
1557 3391 1710 3458 οὗτος

121 3483 158 3552 ἢ
190 3483 240 3534 οἱ
270 3484 447 3549 γονεῖς
465 3482 651 3545 αὐτοῦ,
682 3483 766 3535 ἵνα
794 3478 992 3552 τυφλὸς
1019 3484 1284 3556 γεννηθῇ;
1327 3505 1344 3537 ι
1377 3487 1571 3540 Δικαία
1602 3487 1708 3540 τῶν

123 3571 446 3624 ἀποστόλων
486 3574 518 3643 ή
567 3571 927 3644 ἐπερώτησις,
974 3573 1125 3627 ἔνθεν
1172 3574 1462 3640 δείκνυται,
1506 3579 1586 3630 ὃτι
1634 3579 1710 3642 ὡς

124 3663 252 3734 Θεῷ
281 3663 360 3735 τῷ
391 3665 579 3736 Κυρίῳ
617 3665 791 3735 Ἰησοῦ
832 3665 1129 3736 προσίεσαν
1161 3666 1293 3736 (69).
1331 3667 1426 3730 Τίς
1460 3667 1568 3740 γὰρ
1603 3665 1710 3722 οἶδε

122 3757 200 3810 τὰ
255 3756 474 3828 κρυπτὰ
515 3756 621 3811 τῶν
673 3756 994 3828 ἀνθρώπων,
1037 3760 1085 3810 εί
1150 3759 1222 3830 μὴ
1266 3761 1294 3812 6
1334 3759 1442 3813 τῶν
1476 3761 1710 3832 καρδιῶν

129 3848 462 3918 ἰχνηλάτηςς
504 3847 595 3901 Διὸ
625 3848 717 3900 καὶ
745 3849 773 3902 6
810 3847 1012 3919 Κύριος
1037 3849 1136 3902 οὑκ
1167 3850 1420 3904 ἀνένευσε
1451 3851 1587 3922 πρὸς
1613 3852 1712 3923 τὴν

123 3938 496 4011 ἐπερώτησιν,
533 3939 667 3992 ἀλλὰ
693 3941 944 4010 παραυτὰ
975 3941 1146 3994 ἐποίει
1183 3941 1282 4012 τὴν
1313 3943 1621 4014 ἀπόκρισιν,
1654 3946 1712 3998 ἐν

124 4029 320 4099 ταυτῷ
345 4032 440 4082 καὶ
467 4029 573 4081 τῶν
608 4031 916 4085 ἀποστόλων
949 4031 1046 4102 τὴν
1082 4031 1418 4104 ἐπερώτησιν
1449 4034 1715 4106 πληροφο-

129 4121 270 4194 ρῶν,
296 4123 390 4174 καὶ
415 4121 510 4192 τὴν
541 4121 703 4174 αὑτοῦ
739 4121 1048 4176 θεοπιστίαν
1076 4123 1326 4194 βεϐαιῶν.
1377 4126 1714 4198 Ἀποκριθεὶς

123 4213 245 4284 γάρ
279 4211 390 4283 (70)
417 4215 444 4264 6
471 4213 672 4281 Κύριος
700 4210 851 4266 εἶπεν
869 4230 882 4243 ’
917 4233 934 4263 ι
961 4213 1096 4267 Οῦτε
1125 4207 1278 4278 οὗτος
1305 4216 1566 4286 ἥμαρτεν,
1590 4215 1714 4269 οὕτε

123 4313 179 4365 οἱ
211 4314 394 4376 γονεῖς
422 4307 612 4359 αὐτοῦ·
653 4307 766 4359 ἀλλ’
786 4307 871 4359 ἵνα
901 4307 1186 4378 φανερωθῇ
1206 4307 1274 4360 τὰ
1299 4307 1434 4378 ἔργα
1459 4308 1552 4361 τοῦ
1579 4309 1713 4362 Θεοῦ

1797 1844 1892 1905 rit,
1923 1851 1978 1896 et
2006 1857 2036 1894 a
2071 1840 2180 1896 Deo
2209 1856 2318 1894 non
2349 1840 2512 1895 fuerit
2545 1841 2862 1896 derelictus.
2898 1839 3006 1895 Sed
3035 1847 3094 1894 ut
3125 1839 3370 1894 debitum

1798 1933 2196 2004 persolvamus,
2234 1933 2626 2002 paululumque
2672 1947 3012 1996 recreemur,
3055 1940 3114 1986 ut
3150 1944 3373 1985 rursum

1798 2023 1960 2078 nobis
1981 2023 2161 2078 debita
2183 2023 2586 2077 concredantur
2617 2041 2629 2077 :
2662 2037 2782 2094 age,
2831 2021 2898 2077 ad
2933 2037 3138 2076 caecum
3169 2036 3200 2075 a
3229 2020 3374 2075 nati-

1797 2113 1966 2166 vitate
1986 2121 2292 2181 opportune
2317 2112 2658 2166 accedamus.
2675 2111 2911 2178 Audisti,
2929 2111 3146 2176 dilecte,
3166 2109 3373 2180 (Domi-

1800 2202 1924 2256 nica
1972 2200 2111 2273 [71])
2149 2202 2486 2271 praecedente
2511 2201 2776 2256 Joannem
2820 2203 3212 2272 evangelistam
3260 2201 3376 2254 cla-

1801 2302 2038 2349 mantem
2076 2309 2090 2345 :
2130 2310 2149 2344 ι
2186 2292 2251 2346 Ει
2285 2294 2640 2364 praeteriens,
2674 2312 2693 2344 ι
2733 2294 2933 2364 inquit,
2970 2312 2988 2343 ι
3025 2291 3206 2357 Jesus,
3238 2292 3377 2346 vidit

1802 2387 2077 2442 hominem
2128 2400 2334 2440 caacum
2379 2400 2409 2438 a
2463 2385 2746 2439 nativitate
2775 2386 3075 2440 sedentem.
3109 2383 3176 2437 Et
3206 2384 3378 2440 inter-

1801 2486 2131 2550 rogaverunt
2199 2493 2325 2532 eum
2391 2476 2648 2547 discipuli
2702 2477 2825 2546 ejus
2901 2492 2914 2528 :
2991 2475 3184 2540 Rabbi,
3253 2477 3380 2546 quis

1802 2569 2070 2638 peccavit,
2123 2569 2212 2622 hic
2245 2577 2339 2623 aut
2387 2578 2643 2638 parentes
2676 2569 2816 2638 ejus,
2855 2575 2916 2622 ut
2954 2583 3135 2622 caecus
3184 2581 3379 2623 nasce-

1803 2659 1988 2714 retur?
2031 2678 2049 2712 ι
2086 2658 2296 2724 Quibus
2335 2657 2601 2714 Dominus
2643 2676 2656 2713 :
2699 2676 2719 2705 ο
2755 2657 2940 2728 Neque
2973 2658 3062 2712 hic
3108 2657 3376 2727 peccavit,

1804 2769 1978 2823 neque
2014 2763 2268 2823 parentes
2312 2753 2452 2823 ejus,
2507 2753 2604 2809 sed
2651 2761 2711 2807 ut
2759 2752 3179 2808 manifestentur
3211 2766 3381 2822 opera

1805 2845 1899 2900 Dei
1924 2846 1976 2898 in
2008 2846 2123 2900 illo.
2171 2842 2297 2899 Haec
2335 2861 2460 2899 cum
2502 2845 2733 2900 dixisset
2766 2843 3048 2908 Dominus,
3079 2845 3296 2916 exspuit
3323 2845 3382 2899 in

1805 2945 2029 3003 terram,
2063 2948 2117 2992 et
2163 2936 2292 2992 fecit
2335 2938 2507 2992 lutum
2550 2952 2616 2991 ex
2662 2945 2845 3006 sputo,
2895 2945 2950 2991 et
2992 2938 3172 2992 linivit
3216 2952 3383 3008 super

1805 3029 1995 3084 oculos
2025 3029 2151 3082 caeci
2183 3030 2248 3082 ⁸⁷.
2278 3048 2297 3080 ι
2331 3027 2396 3081 Et
2424 3029 2573 3084 misit
2599 3045 2724 3084 eum
2763 3029 2830 3084 ad
2861 3027 3062 3084 Siloam
3095 3047 3114 3086 :
3145 3043 3385 3099 cumque

1808 3119 2052 3183 abiisset,
2082 3119 2210 3172 lavit
2241 3139 2255 3174 :
2279 3119 2422 3176 lotus
2450 3121 2604 3184 vidit,
2631 3121 2863 3190 visuque
2888 3130 3107 3190 recepto
3140 3120 3380 3176 credidit

1808 3211 1866 3266 in
1900 3227 2024 3266 eum
2059 3212 2154 3282 qui
2187 3212 2447 3268 misisset.
2485 3213 2609 3268 Haec
2636 3213 2936 3284 prudenter
2965 3213 3114 3269 audi.
3146 3213 3387 3268 Interro-

1810 3304 2014 3373 gabant
2058 3302 2349 3359 Dominum
2397 3305 2656 3376 discipuli
2703 3307 2949 3362 dicentes
2989 3325 3002 3360 :
3039 3325 3058 3357 ι
3105 3305 3386 3376 Magister,

1811 3397 1937 3465 quis
1973 3398 2248 3467 peccavit,
2280 3398 2370 3452 hic
2403 3407 2496 3452 aut
2527 3407 2783 3468 parentes
2809 3400 2951 3468 ejus,
2984 3407 3044 3452 ut
3077 3413 3257 3454 caecus
3288 3413 3387 3453 na—

1812 3491 2100 3545 sceretur?
2145 3511 2164 3542 ι
2204 3491 2385 3562 λΕᾳυει
2437 3502 2555 3547 erat
2593 3493 2967 3562 apostolorum
3011 3491 3386 3562 interrogatio,

1812 3590 1872 3636 ut
1930 3583 2058 3638 inde
2111 3582 2304 3652 liquet,
2351 3583 2499 3652 quod
2548 3582 2616 3636 ad
2663 3581 2950 3638 Dominum
2991 3581 3198 3644 Jesum,
3241 3581 3390 3635 velut

1811 3672 2008 3738 Deum,
2047 3677 2409 3731 accesserint.
2442 3675 2576 3741 Quis
2603 3675 2753 3730 novit
2781 3675 2923 3729 enim
2960 3684 3171 3730 secreta
3208 3673 3389 3728 homi-

1811 3779 1964 3830 num,
2003 3765 2108 3820 nisi
2149 3773 2422 3820 scrutator
2464 3765 2748 3821 cordium?
2773 3764 3042 3830 Quocirca
3075 3778 3175 3819 nec
3203 3761 3393 3818 Domi-

1813 3871 1919 3911 nus
1956 3857 2438 3928 interrogationem
2468 3858 2706 3928 ahjecit;
2741 3859 2834 3912 sed
2867 3857 3050 3911 statim
3083 3854 3388 3925 respondit,

1813 3949 2004 4004 eadem
2035 3965 2200 4019 opera
2227 3959 2282 4004 et
2316 3951 2689 4020 apostolorum
2727 3947 3142 4019 interrogationi
3181 3946 3392 4002 faciens

1815 4041 1973 4102 satis,
2003 4047 2058 4094 et
2082 4041 2302 4096 deitatis
2332 4056 2444 4095 suae
2470 4040 2632 4096 ﬁdem
2654 4041 3007 4094 confirmans.
3034 4035 3392 4107 Respondens

1815 4131 1960 4186 enim
2009 4131 2172 4186 Jesus
2221 4131 2357 4186 dixit
2401 4150 2413 4185 :
2464 4149 2483 4182 ι
2537 4130 2722 4200 Neque
2771 4130 2862 4184 hic
2907 4128 3170 4199 peccavit,
3215 4142 3393 4197 neque

1817 4231 2072 4292 parentes
2095 4223 2215 4292 ejus
2253 4241 2264 4275 :
2308 4223 2404 4277 sed
2448 4229 2510 4276 ut
2541 4221 2963 4276 manifestentur
2999 4233 3164 4290 opera
3205 4217 3296 4273 Dci
3334 4216 3390 4270 in

1817 4317 1957 4382 illo;
2000 4336 2018 4367 ι
2056 4317 2108 4369 id
2139 4324 2224 4370 est
2267 4336 2278 4370 :
2313 4316 2500 4370 isthmc
2532 4315 2652 4384 ejus
2691 4313 2930 4376 caecitas,
2980 4328 3090 4366 non
3137 4318 3222 4366 est
3267 4324 3395 4380 pec-

124 4406 192 4455 ἐν
236 4401 424 4472 αύτῷ⁹
469 4421 488 4452 ›
525 4401 798 4454 τουτέστιν
847 4401 880 4470 ἡ
920 4399 1168 4470 παροῦσα
1215 4400 1404 4453 τούτου
1445 4400 1699 4469 τύφλωσις

1819 4415 2063 4462 calorum
2101 4421 2282 4476 paena,
2336 4405 2430 4460 sed
2486 4412 2698 4458 natura}
2743 4401 3008 4456 deiectus.
3051 4400 3206 4454 Sicut
3245 4399 3394 4457 enim

123 4496 235 4546 οὐκ
258 4493 406 4545 ἐστιν
425 4492 703 4564 ἁμαρτιῶν
721 4492 1070 4562 πρόσκομμα,
1094 4491 1228 4545 ἀλλὰ
1249 4491 1459 4561 φύσεως
1481 4494 1721 4565 σφάλμα.

127 4587 359 4654 ’Ὠσπερ
400 4584 510 4655 γὰρ
548 4585 711 4654 φυτὸν
741 4583 846 4654 πρὸ
886 4584 978 4636 τοῦ
1007 4585 1102 4654 τῆς
1146 4584 1248 4654 γῆς
1284 4585 1537 4654 ἐκκύψαι,
1565 4589 1624 4640 ἐν
1654 4593 1720 4661 τῇ

129 4679 267 4748 ῥίζῃ
303 4677 562 4740 πολλάκις
603 4677 713 4730 ἀπὸ
750 4677 1118 4747 περιστάσεως
1164 4677 1346 4747 άερίου
1382 4679 1482 4751 τὴν
1520 4681 1722 4754 βλάϐην

127 4771 395 4840 δέχεται,
426 4771 568 4824 οὔτω
599 4773 693 4826 καὶ
725 4765 879 4834 οὗτος
911 4773 941 4824 6
972 4773 1036 4823 ἐκ
1065 4773 1288 4842 γενετῆς
1320 4772 1535 4840 τυφλὸς,
1571 4775 1628 4826 ἐν
1652 4777 1719 4845 τῇ

129 4862 300 4932 νηδύϊ
328 4861 426 4933 τὴν
478 4864 725 4934 πήρωσιν
755 4862 998 4927 ἐδέξατοο
1029 4863 1061 4933 ἢ
1099 4862 1189 4917 τοῦ
1232 4863 1484 4934 μητρῴου
1521 4864 1720 4917 κόλπου

131 4953 439 5007 ἀνευθέτου
467 4955 820 5029 ὑπάρχοντος,
850 4955 883 5025 ἢ
916 4955 1007 5008 τοῦ
1043 4955 1294 5026 πατρῴου
1331 4956 1534 5027 σπόρου
1565 4974 1723 5010 κακο-

133 5046 206 5117 χύ
216 5062 325 5116 μου
350 5046 792 5115 καταϐληθέντος.
811 5048 867 5100 Ὀ
889 5047 944 5099 δὲ
967 5048 1065 5118 τὴν
1087 5049 1378 5116 σφαλεῖσαν
1408 5049 1567 5119 φύσιν
1588 5051 1724 5120 διορ-

134 5137 429 5192 θώσασθαι
459 5138 750 5208 δυνάμενος
793 5139 942 5192 οὐδὲν
976 5139 1158 5210 ἕτερον
1190 5139 1222 5210 ἢ
1249 5139 1353 5192 τῶν
1381 5141 1594 5208 φύσεων
1630 5141 1724 5210 δη-

139 5227 414 5298 μιουργὸς
453 5227 826 5298 εὑρεθήσεται.
861 5227 951 5280 Διὸ
991 5229 1084 5281 καὶ
1117 5231 1146 5282 6
1177 5229 1380 5300 Κύριος
1413 5230 1724 5301 ἀπεφήνατο

221 5383 269 5414 ⁶⁶
301 5381 448 5436 Psal.
491 5381 776 5448 xxvr,10.,
839 5382 882 5413 ⁸⁷
921 5379 1082 5436 Joan.
1120 5397 1196 5446 Ix,
1239 5382 1352 5446 1-5,
1390 5383 1441 5439 6.

228 5535 341 5610 69)
377 5535 454 5591 Ita
487 5536 621 5608 Reg.
650 5538 705 5592 2.
739 5536 881 5610 Editi
908 5536 1388 5610 vero,__rrpocﬁoav.
1409 5535 1554 5610 lnl'ra
1585 5537 1718 5607 Reg.

136 5610 200 5674 2,
231 5605 509 5680 ἐρώτησιν
541 5605 638 5677 pro
669 5607 1024 5680 ἐπεριῦτησιν.
1053 5605 1205 5680 1ιῄἱὶἈ
1232 5605 1362 5680 388.
1398 5610 1449 5676 1,
1481 5609 1538 5678 2,
1585 5605 1724 5680 ques

139 5676 461 5752 sequimur,
492 5676 954 5748 παραυτάζΕιιὶιὶ,
985 5678 1114 5748 παρ’
1150 5676 1338 5749 αὐτήν.

1822 4499 2027 4568 planta,
2079 4507 2368 4566 antequam
2408 4511 2438 4550 e
2479 4506 2622 4550 terra
2667 4495 2914 4565 pullulet,
2958 4493 3012 4546 in
3055 4491 3237 4546 radice
3277 4491 3394 4561 ple~

1823 4603 2056 4658 rumque
2085 4603 2152 4642 ex
2182 4587 2474 4641 ambientis
2509 4586 2652 4640 aeris
2683 4584 2968 4640 aﬂ‘ectione
3011 4583 3269 4637 damnum
3299 4595 3395 4634 ac-

1821 4681 1990 4750 cipit;
2029 4679 2103 4732 ita
2153 4687 2208 4733 et
2255 4679 2342 4732 hic
2390 4693 2420 4731 a
2464 4679 2752 4732 nativitate
2787 4689 2986 4739 caecus,
3021 4675 3210 4728 vitium
3250 4673 3398 4740 ejus-

1820 4771 1967 4826 modi
2000 4772 2053 4824 in
2089 4779 2244 4826 utero
2269 4771 2542 4824 contraxit
2569 4788 2584 4837 ;
2615 4771 2729 4825 sive
2760 4769 2904 4839 quod
2932 4775 3214 4822 maternus
3243 4766 3398 4820 sinus

1829 4865 1975 4918 haud
2012 4873 2158 4919 recte
2195 4864 2532 4934 compositus
2571 4871 2738 4924 esset,
2773 4863 2890 4917 sive
2923 4858 3068 4932 quod
3110 4867 3398 4928 paternum

1831 4974 2014 5013 semen
2056 4957 2340 5022 emissum,
2373 4957 2632 5013 vitiosum
2680 4964 2846 5012 esset.
2880 4953 2984 5020 Qui
3023 4965 3186 5022 porro
3212 4963 3401 5003 erran-

1829 5055 1938 5102 tem
2003 5059 2252 5102 naturam
2305 5056 2482 5118 potest
2528 5047 2833 5116 corrigere,
2880 5044 3014 5098 nihil
3068 5056 3199 5098 sane
3253 5039 3399 5093 aliud

1829 5154 1990 5209 quam
2023 5147 2341 5193 naturarum
2374 5148 2587 5194 creator
2615 5135 3065 5207 deprehendetur.
3086 5131 3264 5199 Quare
3285 5131 3399 5186 Iuno

1831 5230 2096 5286 Dominus
2127 5231 2504 5301 pronuntiavit
2536 5249 2548 5284 :
2588 5249 2606 5282 ι
2654 5228 2840 5299 Neque
2885 5228 2971 5280 hic
3009 5225 3274 5297 peccavit,
3302 5237 3402 5278 ne-

1898 5538 2014 5610 (70)
2048 5539 2120 5610 Ita
2151 5537 2285 5609 Reg.
2311 5538 2382 5610 2.Δ
2404 5535 2546 5593 Editi
2574 5543 2776 5606 autem,
2809 5531 3152 5607 Ἀποκριθεὶς
3179 5529 3259 5598 ὀί,

1903 5607 2019 5682 (71)
2056 5609 2147 5666 Sic
2180 5607 2537 5667 llolstcinius.
