3832 6216
431 199 568 256 1007

1554 198 1612 254 S.
1652 196 2118 254 ATHANASIUS.
2158 229 2228 239 —
2268 196 2542 253 SPURIA.

3534 196 3560 248 ί
3572 196 3688 249 ουε

425 328 536 386 quo
573 318 827 384 parentes
856 310 1001 382 ejus,
1036 310 1133 367 sed
1166 316 1226 366 ut
1252 311 1674 369 maniféstentur
1701 329 1869 385 opera
1898 314 1992 368 Dei

2099 315 2269 383 λέγων
2287 330 2301 343 ·
2339 333 2356 365 ι
2385 312 2522 367 Οὖτε
2556 305 2711 376 οὗτος
2739 312 3008 383 ἥμαρτεν,
3035 309 3158 363 οὗτε
3181 311 3232 363 oi.
3257 311 3434 378 γονεῖς
3478 308 3662 363 αὐτου
3683 350 3698 371 ,

427 406 484 460 in
527 405 640 460 illo.
692 422 712 457 ι
762 403 969 476 Hisque
1021 406 1270 477 prolatis,
1310 405 1601 462 confestim
1648 407 1770 477 ipso
1809 421 1996 477 opere,

425 512 547 554 sese
571 496 811 551 ostendit
847 512 969 553 esse
1002 504 1320 551 naturarum
1350 503 1678 559 creatorem,
1709 511 1773 551 ac
1808 497 1887 551 de
1939 512 1999 552 se

423 589 547 660 ipso
598 588 808 645 dixisse
861 608 875 645 :
926 606 945 639 ι
1008 598 1070 644 ut
1120 588 1539 646 manifestentur
1583 604 1746 659 opera
1796 587 1891 642 Dei
1942 588 1999 643 in

426 682 522 735 illo
549 699 565 750 ;
603 700 623 734 ι
656 682 712 735 id
749 688 855 746 est,
887 690 948 736 ut
976 698 1074 753 per
1098 682 1253 736 illum
1287 682 1625 751 eXploratum
1654 682 1726 737 sit
1754 697 1862 744 me,
1888 694 1997 734 non

424 788 637 829 merum
673 773 974 834 hominem,
1007 774 1104 828 sed
1144 772 1314 827 Deum
1359 772 1553 827 fortem
1595 787 1738 827 esse.
1780 770 1999 827 Poterat

424 865 568 920 cium
596 863 859 920 Dominus
879 865 997 919 solo
1029 864 1195 919 verbo
1215 879 1418 919 caecum
1445 878 1663 928 curare,
1695 864 1788 933 qui
1833 863 1999 918 verbo

425 958 595 1013 cmlos
641 955 982 1019 firmaverat,
1028 955 1182 1024 juxta
1244 955 1487 1008 divinum
1538 953 1669 1008 illud
1725 954 1928 1009 dictum
1978 971 1993 1008 :

430 1066 449 1098 ι
500 1045 674 1102 Verbo
707 1046 921 1102 Domini
952 1046 1077 1102 caeli
1108 1047 1303 1099 ﬁrmati
1338 1056 1468 1100 sunt
1499 1045 1573 1111 ‘3;
1602 1063 1621 1096 ι
1642 1051 1853 1114 poterat
1889 1046 1997 1100 ita-

424 1155 531 1209 que
561 1139 727 1193 verbo
754 1137 900 1191 hunc
940 1151 970 1190 a
1002 1137 1283 1191 nativitate
1308 1151 1511 1191 caecum
1550 1151 1766 1191 curare.
1821 1134 1879 1190 Id
1916 1146 1998 1191 ta-

424 1246 546 1286 men
577 1229 796 1283 minime
834 1228 982 1289 facit,
1015 1228 1109 1283 sed
1148 1229 1260 1282 luto
1289 1229 1480 1283 oculos
1513 1229 1670 1297 ungit
1708 1229 1893 1293 illius;
1937 1236 1997 1283 ut

424 1321 600 1392 palam
667 1319 869 1374 faceret
939 1318 1230 1382 omnibus,
1291 1332 1415 1372 esse
1470 1332 1529 1372 se
1600 1318 1750 1372 illum
1804 1317 1996 1372 Adami

428 1411 680 1481 figulum,
729 1410 823 1480 qui
866 1409 1040 1464 simile
1081 1408 1244 1463 simili
1300 1409 1611 1463 resarciret.
1668 1407 1788 1461 Non
1838 1409 1998 1462 inno-

424 1511 516 1557 vat
542 1502 840 1557 curationis
886 1500 1104 1564 seriem,
1153 1515 1221 1556 ne
1258 1500 1589 1553 miraculum
1634 1499 1925 1569 dissiparet
1979 1518 1992 1552 :

422 1595 598 1650 lutum
658 1595 772 1648 luto
827 1594 1037 1663 inungit
1095 1616 1109 1647 ;
1158 1607 1232 1645 ac
1292 1593 1469 1647 simile
1528 1592 1689 1646 simili
1742 1593 1991 1647 resarcit.

2098 406 2211 460 ἀλλ’
2245 407 2332 460 ἵνα
2362 403 2647 477 φανερωθῇ
2675 404 2745 457 τὰ
2769 403 2905 476 ἔργα
2932 402 3025 456 τοῦ
3058 400 3195 455 Θεοῦ
3236 402 3292 454 ὲν
3312 400 3491 473 αὐτῷ.
3534 419 3557 452 ι
3583 402 3698 455 Καὶ

2097 498 2266 553 ταῦτα
2292 495 2460 550 εἰπὼν
2482 494 2686 557 εὐθέως
2717 493 2803 546 διά
2829 492 2923 546 τοῦ
2957 494 3119 564 ἔργου
3146 490 3426 562 γνωρίζει,
3463 491 3559 543 ὅτι
3596 492 3697 545 αὐ-

2094 591 2185 653 τός
2215 590 2365 641 ἐστιν
2392 590 2421 640 6
2442 585 2553 639 τῶν
2581 584 2795 654 φύσεων
2824 584 3174 655 δημιουργὸς,
3208 583 3303 636 καὶ
3331 583 3415 634 ὅτι
3440 583 3584 652 περὶ
3606 582 3698 634 αὖ·

2094 682 2190 736 τοῦ
2242 680 2460 748 ἔλεγεψ
2494 695 2513 729 ε
2544 679 2629 731 ἵνα
2672 677 2960 749 φανερωθῇ
3006 676 3075 728 τὰ
3120 675 3258 746 ἔργα
3299 673 3396 727 τοῦ
3438 672 3591 726 Θεοῦ
3634 675 3695 726 ὲν

2094 771 2245 841 αύτῴ
2264 790 2279 802 ·
2329 791 2347 823 ι
2382 771 2680 832 τουτέστιν,
2710 769 2797 822 ἵνα
2838 766 3125 839 γνωρισθῶ
3154 767 3220 821 δι’
3249 765 3440 829 αὐτοῦ,
3475 767 3569 818 ὅτι
3595 765 3698 818 οὐκ

2095 864 2211 934 είμὶ
2242 862 2384 926 λιτὸς
2421 861 2724 933 ἄνθρωπος,
2765 859 2901 914 ἀλλά
2926 861 3058 923 Θεὸς
3094 859 3373 932 κραταιός.
3419 859 3696 912 Ἦδύνατο

2095 955 2204 1025 γὰρ
2233 956 2262 1006 6
2292 955 2494 1022 Κύριος
2518 953 2595 1024 τῷ
2623 955 2825 1025 ῥήματι
2861 952 3005 1023 μόνῳ
3026 952 3117 1005 τὸν
3155 950 3353 1021 τυφλὸν
3400 949 3691 1011 ἰάσασθαι,

2094 1049 2125 1099 6
2153 1049 2294 1118 λόγῳ
2335 1048 2462 1110 τοὺς
2504 1047 2766 1118 οὐρανοὺς
2810 1043 3137 1116 περεώσας,
3180 1045 3320 1098 κατά
3368 1043 3431 1097 τὸ
3470 1043 3692 1111 φάσκον

2097 1136 2236 1190 θεῖον
2271 1136 2462 1207 ῥητόν·
2498 1154 2517 1187 ι
2555 1135 2645 1206 Τῷ
2684 1135 2828 1206 λόγῳ
2854 1135 3056 1205 Κυρίου
3085 1135 3137 1187 οί
3170 1134 3390 1205 οὐρανοὶ
3420 1132 3694 1204 ἑστερεώ·

2097 1228 2267 1300 θησαν
2284 1245 2298 1258 ·
2341 1249 2359 1280 ι
2385 1228 2615 1299 ἠδύνατο
2637 1224 2731 1282 οὖν
2755 1228 2898 1298 λόγῳ
2925 1228 3017 1280 καὶ
3043 1225 3230 1280 τοῦτον
3256 1226 3348 1279 τὸν
3367 1228 3434 1280 ὲκ
3454 1225 3692 1295 γενετῆς

2097 1320 2295 1390 τυφλὸν
2338 1319 2696 1391 θεραπεῦσαι.
2740 1318 2876 1371 Ἀλλ’
2911 1319 2973 1371 ού
3002 1318 3147 1370 ποιεῖ
3180 1316 3360 1380 τοῦτο,
3410 1314 3593 1386 πηλὸν
3632 1311 3689 1366 ἃ

2096 1410 2331 1481 ὲπιχρίει
2369 1414 2481 1473 τοῖς
2507 1410 2805 1480 ὀφθαλμοῖς
2851 1408 2963 1479 (72)
3002 1408 3197 1471 αὐτοῦ,
3225 1409 3314 1461 ἵνα
3343 1410 3479 1461 πᾶσι
3528 1424 3693 1477 φανε-

2099 1502 2190 1573 ρὸν
2220 1504 2558 1575 καταστήσῃ,
2588 1505 2671 1557 ὅτι
2704 1503 2864 1566 αὑτός
2893 1504 3039 1555 ἐστιν
3067 1505 3095 1555 6
3123 1504 3217 1555 καὶ
3243 1500 3338 1554 τοῦ
3378 1500 3565 1571 Ἀδὰμ
3592 1516 3687 1552 κε-

2100 1594 2326 1664 ραμεὺς,
2351 1595 2445 1648 καὶ
2466 1595 2554 1649 διὰ
2572 1594 2664 1648 τοῦ
2689 1594 2876 1666 ὁμοίου
2899 1595 2960 1647 τὸ
2980 1595 3161 1665 ὅμοιον
3185 1591 3527 1663 ἀποπληρῶν
3547 1589 3686 1657 (73F.

423 1686 616 1743 Posset
670 1694 849 1740 autem
910 1684 1035 1755 quis
1081 1683 1282 1747 dicere,
1338 1681 1460 1736 ideo
1518 1679 1804 1737 Dominum
1866 1682 1992 1737 caeci

2099 1686 2171 1738 Οὐ
2199 1686 2390 1750 ξενίζει
2426 1686 2524 1756 τὴν
2547 1687 2842 1759 περιοδίαν,
2872 1689 2959 1740 ἵνα
2988 1687 3062 1758 μὴ
3077 1685 3407 1756 διασκεδάσῃ
3430 1683 3535 1753 τὴν
3561 1682 3691 1735 θαυ-

422 1781 613 1835 orulos
652 1777 934 1832 inunxisse
971 1778 1104 1841 luto,
1149 1784 1208 1830 ut
1251 1776 1428 1845 palam
1473 1773 1728 1829 omnibus
1771 1771 1995 1839 faceret,

424 1884 484 1925 se
514 1869 692 1939 ipsum
723 1882 846 1923 esse
870 1868 961 1937 qui
995 1867 1257 1921 Adamum
1285 1880 1350 1921 ex
1390 1866 1505 1920 luto
1543 1866 1905 1921 eliorma'sset.

2106 1778 2465 1850 ματουργίαν·
2494 1779 2658 1850 πηλὸν
2681 1780 2774 1833 ἐπὶ
2800 1779 2969 1849 πηλὸν
2991 1779 3246 1851 ὲπιχρίει,
3269 1777 3357 1831 διά
3379 1778 3474 1831 τοῦ
3494 1778 3687 1845 ὁμοίου

2103 1869 2164 1921 τὸ
2186 1869 2368 1939 ὅμοιον
2408 1870 2758 1942 ἀναπληρῶν.
2789 1872 2945 1924 Ἐστι
2972 1870 3029 1923 δὲ
3060 1871 3274 1932 πάντως
3312 1871 3491 1922 εἰπεῖν
3540 1885 3687 1936 τινα,

424 1961 519 2013 καὶ
567 1960 648 2013 ὅτι
693 1958 881 2012 τούτου
927 1956 1085 2030 χάριν
1117 1958 1146 2009 6
1178 1957 1379 2028 Κύριος
1423 1955 1606 2028 ἔχρισε
1663 1957 1821 2029 πηλῷ
1868 1959 1995 2023 τοὺς
2026 1960 2335 2031 ὀφθαλμοὺς
2356 1964 2448 2016 τοῦ
2480 1964 2701 2034 τυφλοῦ,
2729 1965 2817 2020 ἵνα
2849 1967 2983 2018 πᾶσι
3037 1963 3272 2034 φανερὸν
3335 1963 3684 2033 καταστήσῃ,

423 2051 505 2104 ὃτι
536 2049 697 2113 αὐτός
725 2050 873 2102 ἐστιν
895 2051 922 2102 6
955 2048 1158 2103 καὶτὸν
1198 2048 1367 2119 Ἀδὰμ
1391 2049 1818 2120 χοοπλαστήσας.

494 2140 660 2212 368
696 2139 745 2194 5.
789 2138 927 2205 Quid
950 2154 1113 2209 porro
1139 2153 1319 2194 causa:
1344 2146 1428 2194 est
1458 2138 1600 2208 quod
1637 2155 1760 2194 eum
1791 2140 2000 2196 miserit

426 2232 482 2287 in
524 2232 765 2287 Siloam?
799 2231 881 2284 An
913 2231 1075 2286 etiam
1110 2231 1374 2285 Adamum
1406 2231 1461 2285 in
1494 2230 1699 2287 Siloam
1745 2231 1998 2288 demisit?

429 2327 650 2378 Attente
684 2323 832 2378 audi.
883 2320 1114 2389 Quando
1156 2324 1424 2377 Adamum
1472 2323 1731 2380 Dominus
1771 2340 1834 2380 ex
1880 2327 1994 2380 luto

428 2416 718 2481 formabat,
753 2416 1169 2485 repugnantium
1213 2412 1526 2469 Iudaeorum
1570 2416 1757 2471 aderat
1786 2432 1945 2473 nemo
1975 2436 1990 2473 :

426 2523 549 2563 cum
577 2523 739 2563 nemo
761 2508 940 2578 itaque
966 2507 1185 2562 adesset
1206 2506 1299 2576 qui
1326 2505 1748 2572 contradiceret,
1781 2509 1993 2566 minore

426 2610 688 2672 apparatu
711 2599 1091 2655 rationabilem
1123 2598 1267 2654 hanc
1292 2606 1527 2654 statuam
1563 2600 1808 2671 perfecit.
1841 2603 1996 2659 Nunc

425 2704 556 2747 vero
601 2707 725 2748 cum
784 2691 945 2745 inulti
999 2688 1397 2753 contradicaut,
1461 2689 1624 2760 longa
1675 2692 1998 2748 circuitione

427 2783 618 2849 utitur,
646 2790 706 2835 ut
739 2787 1059 2852 potestatem
1097 2778 1324 2835 afﬁrmet
1363 2792 1559 2844 suam;
1588 2788 1649 2833 ut
1675 2781 1760 2835 vel
1799 2782 1997 2836 invitos

426 2873 863 2929 contradicentes
893 2873 961 2927 ad
1008 2873 1256 2928 miraculi
1299 2887 1585 2929 assensum
1635 2873 1995 2943 pertraheret.

2169 2141 2222 2196 5.
2254 2141 2409 2205 Τίνος
2455 2142 2511 2195 δὲ
2556 2141 2740 2196 ἕνεκεν
2772 2144 3088 2200 ἀπέστειλεν
3129 2141 3291 2198 adt-6v
3335 2145 3418 2207 είς
3463 2143 3562 2197 τὸν
3595 2144 3684 2196 Σι-

2097 2231 2254 2303 λωάμ
2277 2250 2293 2300 ;
2321 2234 2412 2303 Μὴ
2439 2235 2532 2287 καὶ
2561 2235 2653 2289 τὸν
2698 2235 2868 2307 Ἀδάμ
2902 2238 2982 2301 είς
3005 2236 3097 2290 τὸν
3123 2235 3345 2306 Σιλωὰμ
3374 2236 3683 2307 ἐχάλασενς

2098 2322 2299 2376 Ἀκουε
2346 2322 2599 2386 συνετῶς.
2658 2324 2787 2377 Ὅτε
2831 2324 2922 2378 τὸν
2961 2325 3131 2396 Ἀδὰμ
3157 2326 3185 2377 6
3227 2325 3433 2397 Κύριος
3482 2326 3683 2396 ἐπηλύ-

2097 2413 2268 2466 πλασε
2305 2413 2438 2482 (⁸74),
2470 2415 2591 2467 τότε
2632 2414 2807 2479 οὐδεὶς
2835 2415 2943 2469 τῶν
2974 2417 3363 2485 ἀντιλεγόντων
3409 2418 3680 2471 Ἰουδαίων

2097 2504 2278 2577 παρῆν
2297 2520 2311 2534 ·
2338 2506 2461 2557 ἐπεὶ
2487 2501 2580 2559 οὖν
2605 2507 2781 2570 οὐδεὶς
2807 2503 2874 2578 ἦν
2896 2508 3214 2577 ἀντιλέγων,
3236 2508 3358 2561 τότε
3384 2510 3485 2579 μὲν
3515 2512 3547 2562 6
3572 2508 3679 2563 Κύ-

2097 2615 2211 2669 ριος
2253 2597 2815 2672 εύσυσταλτικώτερον
2863 2600 2954 2654 τὸν
3001 2600 3215 2669 λογικὸν
3243 2602 3541 2673 ἀνδριάντα
3577 2620 3676 2657 κα-

2095 2689 2422 2753 τασκευάζει
2441 2706 2454 2719 ·
2501 2691 2619 2744 νυνὶ
2648 2691 2705 2744 δὲ
2737 2691 2813 2756 ὡς
2854 2690 3064 2745 πολλῶν
3104 2693 3274 2747 ὄντων
3302 2693 3413 2745 τῶν
3463 2693 3675 2747 ἀντιλε-

2096 2780 2320 2849 γόντων,
2364 2780 2621 2836 πλατύνει
2653 2782 2751 2855 τὴν
2796 2783 3091 2855 περιοδίαν,
3148 2784 3233 2837 ἵνα
3280 2784 3524 2857 κρατύνῃ
3581 2786 3677 2857 τὴν

2097 2870 2360 2937 ἐξουσίαν,
2405 2872 2553 2936 ὅπως
2586 2874 2680 2928 καὶ
2720 2876 2951 2939 ἄκοντας
2981 2878 3105 2940 τοὺς
3134 2876 3517 2945 ἀντιλέγοντας
3562 2879 3675 2930 ἑπι-

426 2965 600 3035 Hujus
634 2967 711 3022 rei
750 2967 925 3037 gratia
969 2967 1082 3021 luto
1121 2966 1405 3021 inunctum
1442 2966 1595 3020 illum
1638 2966 1789 3021 misit
1819 2965 1873 3018 in
1905 2964 1992 3020 Si-

2099 2962 2283 3015 νεῦσαι
2313 2963 2390 3035 τῷ
2424 2965 2657 3036 θαύματι
2706 2967 3116 3040 παρασκευάσῃ.
3153 2967 3358 3021 Τούτου
3392 2967 3488 3023 οῦν
3518 2970 3675 3043 χάριν

428 3058 594 3125 loam,
635 3065 696 3113 nt
739 3072 861 3114 sese
907 3057 1200 3113 ablueret:
1245 3074 1352 3113 non
1396 3059 1542 3128 quod
1587 3057 1736 3113 Siloa
1790 3067 1992 3129 egeret,

424 3147 593 3205 Siloa
622 3148 923 3216 Dominus;
959 3147 1055 3204 sed
1084 3160 1145 3204 ut
1168 3157 1423 3205 currente
1447 3165 1612 3214 caeco,
1638 3150 1729 3220 qui
1754 3150 1998 3206 viderent

428 3247 810 3311 sequerentur,
847 3250 1098 3311 essetque
1137 3242 1230 3310 qui
1273 3256 1382 3296 non
1424 3242 1663 3306 videbat,
1696 3242 1996 3298 videntium

428 3332 538 3387 dux
584 3349 598 3386 :
647 3331 751 3402 ipsi
793 3341 973 3388 autem
1011 3333 1104 3403 qui
1146 3332 1540 3400 accurrissent,
1604 3341 1775 3389 testes
1818 3333 1998 3389 forent

428 3423 701 3479 miraculi.
747 3420 907 3489 Nam,
938 3438 1061 3478 cum
1090 3424 1222 3478 illud
1271 3423 1531 3478 Dominus
1564 3424 1788 3483 faceret.
1817 3424 1997 3479 mitte-

428 3522 619 3586 retque
666 3516 940 3570 hominem
980 3515 1034 3569 in
1075 3514 1312 3580 Siloam,
1350 3515 1712 3570 accurrebant
1750 3516 1994 3586 ingentes

430 3604 625 3671 turbat,
653 3606 917 3660 miraculo
948 3604 1320 3660 testimonium
1353 3604 1720 3675 perhibentes.
1755 3603 1863 3660 Sed
1895 3605 1995 3660 ad-

432 3700 538 3754 huc
592 3699 950 3754 susurrabant
1008 3695 1291 3760 Pharisai,
1341 3697 1560 3753 curiose
1608 3712 1721 3753 rem
1776 3699 1997 3754 investi—

429 3799 637 3862 gantes,
670 3804 735 3843 ac
762 3789 1104 3859 phantasiam
1131 3802 1256 3843 esse
1290 3789 1617 3843 miraculum
1647 3789 1778 3844 illud
1809 3790 1995 3844 excla-

428 3884 669 3937 mabant.
706 3880 845 3947 Quid
883 3879 1080 3933 facturi
1123 3886 1302 3941 erant,
1336 3880 1441 3934 nisi
1480 3880 1723 3950 longiore
1762 3881 1994 3935 circuitu

428 3975 748 4030 miraculum
767 3972 1142 4043 designasset?
1163 3972 1316 4039 Quod
1346 3973 1391 4028 si
1409 3973 1516 4027 alia
1532 3973 1744 4028 ratione
1758 3974 1996 4030 volueris

429 4064 631 4121 Siloam
679 4065 733 4119 in
783 4064 1010 4135 figuram
1059 4063 1307 4133 accipere
1347 4063 1571 4133 piscinae
1619 4064 1994 4134 baptismatis,

430 4169 768 4225 nequaquam
797 4169 827 4207 a
858 4169 986 4209 vero
1025 4154 1364 4209 aberraveris
1394 4195 1409 4219 ,
1473 4155 1913 4226 quandoquidem
1939 4156 1994 4211 in

429 4241 520 4295 illa
539 4242 773 4297 universi
804 4242 1131 4313 ignorantia.
1144 4243 1382 4299 tenebris
1405 4244 1675 4311 lavantur,
1705 4246 1995 4318 lumenque

430 4333 530 4402 piat
553 4334 832 4404 religionis
861 4335 1158 4404 accipiunt.

497 4503 552 4560 6.
592 4503 746 4571 Quod
797 4515 977 4563 autem
1037 4518 1159 4579 post
1204 4518 1411 4565 tantam
1475 4512 1719 4568 miraculi
1778 4529 1985 4570 moram

422 4597 736 4654 Iudaeorum
797 4600 1041 4671 plerique
1098 4603 1362 4659 miraculo
1417 4606 1879 4673 contradixerint,
1934 4607 1989 4663 id

425 4694 627 4750 audisti
674 4711 742 4751 ex
775 4698 1124 4768 evangelista
1151 4700 1334 4756 verbis
1367 4721 1380 4755 :
1420 4720 1439 4753 ι
1481 4702 1669 4773 Itaque
1711 4703 1899 4767 vicini,
1934 4710 1990 4758 et

426 4793 520 4849 qui
550 4789 797 4843 viderant
823 4805 949 4844 eum
986 4791 1140 4860 prius
1193 4793 1322 4861 quia
1361 4794 1642 4848 mendicus
1665 4801 1803 4857 erat,
1835 4794 1989 4850 dice-

425 4880 557 4935 bant
609 4897 622 4933 :
680 4879 871 4935 Nonne
916 4882 1005 4936 hic
1033 4894 1119 4937 est
1172 4883 1264 4954 qui
1323 4885 1694 4947 mendicabat,
1739 4900 1918 4940 caecus
1958 4900 1989 4939 a

422 4972 741 5028 nativitate?
781 4973 886 5028 Alii
933 4973 1203 5038 dicebant,
1255 4973 1390 5040 Quia
1444 4976 1532 5029 hic
1569 4984 1651 5030 est
1697 4995 1709 5030 :
1762 4978 1853 5030 alii
1892 4992 1990 5031 au-

421 5068 531 5118 tem
568 5081 580 5118 :
611 5063 983 5135 Nequaquam,
1020 5066 1113 5121 sed
1150 5066 1343 5122 similis
1375 5077 1457 5121 est
1499 5067 1570 5122 ei.
1614 5068 1707 5123 ille
1730 5084 1861 5126 vero
1890 5069 1986 5140 qui

420 5157 597 5235 visum
646 5166 955 5228 receperat,
995 5158 1210 5230 dicebat
1248 5180 1260 5215 :
1292 5160 1430 5225 Quia
1468 5174 1567 5231 ego
1611 5176 1729 5216 sum
1758 5201 1771 5227 ,
1818 5178 1982 5232 quem

499 5310 547 5342 ⁸⁸
580 5310 723 5366 Psal.
759 5329 912 5369 xxxn
934 5352 950 5379 ,
986 5317 1040 5370 ε.

518 5478 604 5559 2g)
632 5480 780 5559 (leg;
800 5485 855 5549 2,
885 5486 1171 5559 έπέχρισεν
1202 5479 1682 5559 τοὺςξόγφθαλμούς.

518 5478 584 5532 72
632 5480 765 5554 Reg.
800 5485 855 5549 2,
885 5486 982 5540 ἐπέ
1024 5503 1171 5558 ρισεν
1202 5487 1327 5550 τοὺς
1355 5479 1682 5559 ὀφθαλμούς.

490 5478 606 5624 £73;
646 5552 719 5607 Ita
748 5554 878 5627 Reg.
904 5555 956 5613 2.
982 5505 1125 5612 ἔάἰιί
1146 5570 1294 5622 vero,
1318 5556 1406 5611 διὰ
1432 5556 1524 5611 τοῦ
1550 5557 1611 5612 τὸ
1654 5560 1835 5634 ὅμοιον
1863 5559 1985 5614 ἀνε-

2097 3056 2378 3111 ἀπέστειλε
2421 3060 2509 3113 τὸν
2541 3061 2843 3136 πηλοφόρον
2885 3065 2965 3128 είς
2994 3065 3086 3119 τὸν
3132 3062 3354 3139 Σιλωὰμ
3393 3069 3670 3139 νίψασθαι,

2093 3151 2193 3220 οὐχ
2222 3150 2302 3203 ὅτι
2327 3150 2422 3204 τοῦ
2452 3152 2672 3223 Σιλωὰμ
2702 3154 2930 3227 ἔχρῃζεν
2962 3158 2990 3209 6
3013 3156 3108 3210 τοῦ
3138 3158 3359 3230 Σιλωὰμ
3385 3160 3667 3232 δεσπότης·

2095 3240 2208 3293 ἀλλ’
2240 3242 2407 3309 ὅπως,
2448 3244 2542 3296 τοῦ
2574 3244 2774 3315 τυφλοῦ
2804 3246 3106 3318 τρέχοντος,
3148 3250 3199 3300 οί
3227 3248 3517 3319 βλέποντες
3542 3254 3665 3305 ἀκο-

2094 3330 2393 3403 λουθήσωσι
2433 3336 2527 3387 καὶ
2559 3338 2852 3407 γενήσηται
2883 3340 2911 3390 6
2943 3339 3016 3409 μὴ
3049 3338 3259 3407 βλέπων
3300 3342 3408 3394 τῶν
3444 3341 3660 3412 βλεπὸνο

2094 3439 2201 3476 των
2243 3424 2433 3495 ὀδηγὸς
2453 3467 2467 3487 ,
2516 3427 2671 3480 αὐτοὶ
2714 3428 2772 3481 δὲ
2814 3428 2865 3481 οι
2908 3429 3350 3501 καταδραμόντες
3395 3433 3667 3506 μάρτυρες

2094 3517 2425 3587 γενήσωνται
2488 3516 2582 3570 τοῦ
2640 3517 2937 3589 θαύματος.
2984 3521 3152 3575 Ὅταν
3198 3521 3310 3593 γὰρ
3358 3524 3455 3576 καὶ
3515 3525 3667 3578 τοῦτο

2095 3607 2347 3674 ἐποίησεν
2374 3608 2402 3660 6
2435 3609 2657 3681 Κύριος,
2689 3611 2782 3664 καὶ
2814 3612 3131 3667 ἀπέστειλεν
3159 3613 3324 3668 αὐτὸν
3353 3616 3437 3678 είς
3468 3614 3561 3667 τὸν
3584 3616 3665 3668 Σι-

2094 3696 2271 3766 λωὰμ,
2315 3697 2516 3769 ἄπειρα
2561 3698 2740 3770 πλήθη
2791 3701 3128 3774 κατέδραμον
3178 3705 3559 3777 μαρτυροῦντα
3594 3706 3665 3776 τῷ

2097 3786 2353 3857 θαύματι.
2368 3790 2476 3842 Καὶ
2503 3789 2584 3842 ἔτι
2600 3793 2827 3862 ὲνήχουν
2842 3794 2890 3846 οἱ
2912 3794 3018 3849 τῶν
3041 3797 3347 3867 Φαρισαίων
3365 3798 3552 3861 πᾶἰδες
3578 3816 3667 3852 πο-

2095 3877 2621 3951 λυπραγμονοῦντες,
2652 3884 2746 3937 καὶ
2769 3886 3066 3953 φαντασίαν
3094 3888 3194 3958 τὴν
3226 3887 3664 3961 θαυματουργίαν

2097 3966 2344 4037 βοῶντες.
2372 3971 2437 4023 Τί
2471 3971 2694 4043 ἔμελλον
2722 3979 2912 4040 ποιεῖν,
2949 3978 2997 4030 εί
3024 3977 3098 4049 μὴ
3130 3978 3398 4034 ὲπλάτυνε
3418 3983 3519 4054 τὴν
3544 3984 3665 4036 θαυ-

2099 4062 2467 4133 ματουργίανς
2514 4066 2721 4130 Ἀλλως
2753 4067 2810 4122 δὲ
2858 4069 3041 4135 πάλιν,
3066 4073 3115 4125 εἰ
3145 4070 3412 4146 βουληθῇς
3450 4076 3543 4128 τὸν
3579 4077 3663 4130 Σι-

2095 4152 2251 4225 λωὰμ
2274 4157 2353 4219 είς
2383 4156 2552 4212 τύπον
2597 4158 2778 4213 λαϐεῖν
2802 4162 2901 4232 τῆς
2928 4162 3022 4216 τοῦ
3058 4163 3433 4236 βαπτίσματος
3469 4167 3667 4239 κολυμ-

2095 4242 2323 4317 ϐήθρας,
2369 4247 2469 4302 οὐκ
2496 4248 2564 4302 ἂν
2594 4251 2890 4321 ἁμάρτοιςο
2921 4253 3106 4326 ἐπειδὴ
3144 4256 3202 4307 ἐν
3244 4256 3427 4328 ἐκείνῃ
3473 4259 3662 4321 πάντες

2023 4313 2069 4369 D
2097 4313 2476 4405 ἀπονίπτονται
2513 4340 2574 4394 τὸ
2618 4313 2806 4407 σκότος
2837 4313 2951 4414 *τῆς
2980 4313 3270 4415 ἀγνωσίας,
3460 4313 3664 4419 λαμϐἁξ

2098 4446 2244 4484 νουσι
2269 4433 2330 4484 τὸ
2363 4432 2476 4501 φῶς
2504 4433 2603 4505 τῆς
2633 4434 2930 4498 εὐσεϐείας.

2164 4520 2213 4575 6.
2247 4523 2356 4577 Καὶ
2381 4525 2463 4578 ὅτι
2501 4526 2639 4595 μετά
2666 4527 2765 4598 τὴν
2798 4527 3065 4601 τοσαύτην
3096 4528 3190 4582 τοῦ
3224 4529 3502 4600 θαύματος
3536 4531 3662 4586 πλα-

2091 4615 2294 4687 τύτητα
2321 4618 2371 4670 οί
2414 4617 2627 4683 πλείους
2656 4619 2765 4673 τῶν
2805 4622 3071 4677 Ἰουδαίων
3119 4622 3404 4692 ἀντέλεγον
3433 4624 3512 4694 τῷ
3540 4625 3658 4679 θαύ-

2095 4724 2243 4777 ματι,
2271 4709 2464 4779 ἤκουες
2485 4710 2579 4762 τοῦ
2607 4712 2986 4780 εὐαγγελιστοῦ
3009 4715 3253 4783 λέγοντος
3275 4735 3290 4749 ο
3319 4742 3336 4769 ι
3379 4718 3442 4771 0i.
3470 4717 3526 4772 δὲ
3554 4719 3658 4786 γείο

2089 4814 2261 4860 τονες,
2285 4800 2379 4853 καὶ
2411 4801 2460 4852 οἱ
2497 4800 2691 4865 ἰδόντες
2713 4805 2875 4858 αὑτὸν
2899 4805 3002 4877 πρὸ
3032 4806 3240 4870 τούτου,
3259 4809 3338 4863 ὅτι
3369 4814 3654 4883 προσαίτης

2088 4885 2174 4960 ἦν,
2211 4890 2422 4959 ελεγον·
2459 4896 2570 4964 Οὐχ
2592 4891 2743 4959 οὗτός
2770 4898 2916 4949 ἐστιν
2947 4901 2975 4951 6
3004 4899 3330 4971 προσαιτῶν,
3352 4904 3381 4955 6
3420 4904 3484 4955 ἐκ
3514 4919 3652 4971 γενε-

2086 4982 2185 5051 τῆς
2214 4982 2449 5051 τυφλός;
2479 4985 2661 5038 Ἀλλοι
2709 4987 2923 5056 ἔλεγον·
2947 4991 3114 5055 Ουτός
3144 4993 3309 5045 ἐστιν.
3345 4993 3559 5066 Ἐτεροι
3600 4995 3651 5048 δὲ

2085 5072 2304 5143 ἔλεγον·
2340 5077 2454 5130 Οὐκ
2499 5077 2644 5131 ἔστιν
2690 5096 2862 5145 ουτος,
2915 5082 3030 5136 ἀλλ’
3072 5084 3253 5153 ὅμοιος
3298 5084 3450 5155 αὐτῷ
3492 5088 3645 5140 ἐστιν.

2098 5165 2155 5219 '0
2192 5167 2249 5219 δὲ
2287 5168 2593 5239 ἀναϐλέψας
2627 5172 2943 5241 ἔλεγεναότι,
2988 5175 3126 5243 Ἐγὼ
3151 5179 3285 5246 εἰμι,
3313 5177 3372 5231 ὃν
3399 5179 3595 5249 λέγετε.
3623 5198 3643 5231 ι

2095 5490 2385 5632 “kmuita
2412 5560 2543 5635 Reg.
2574 5562 2628 5621 2.
2661 5562 2801 5620 Editi
2830 5581 2978 5633 vero,
3010 5566 3420 5642 ἐπηλοπλὰσθη.
