3856 6206
150 388 293 443 1099

1147 388 1433 446 HOMILM
1473 390 1541 446 IN
1579 391 1841 453 CAECUM
1896 394 1941 446 Α
1984 389 2426 448 NATIVITATE.

3277 389 3417 451 1010

142 499 304 567 Εἶδες
353 501 624 570 τύφλωσιν
684 503 1034 573 ἀναϐλέψεως
1081 504 1371 576 πρόξενονς
1425 506 1484 559 '0
1537 508 1732 576 τυφλὸς

1838 508 2022 562 dicitis
2058 509 2125 564 ".
2169 527 2188 559 ι
2231 507 2422 563 Viden‘
2469 508 2770 563 caecitatem
2800 506 3040 561 restituti
3089 507 3242 561 visus
3276 521 3412 564 con-

142 592 413 663 ἀνέϐλεψε
456 595 550 647 καὶ
577 596 622 647 οἳ
673 594 967 665 βλέποντες
1018 595 1408 668 ἐτυφλώθησαν
1431 601 1498 668 τῇ
1544 599 1732 672 κακίᾳ.

154 682 270 734 Ἀεὶ
320 683 431 753 γὰρ
481 684 515 759 ὴ
568 685 737 738 κακία
790 685 963 756 τυφλή
1017 684 1152 755 (75).
1192 685 1284 741 Διὸ
1336 690 1430 742 καὶ
1470 689 1737 745 Ἰουδαίων

142 774 338 838 παῖδες
368 773 477 828 ἀπὸ
495 775 693 839 κακίας
717 776 953 846 ἐπήχουν
971 776 1066 830 τὸν
1090 778 1155 831 ἐκ
1181 779 1405 849 γενετῆς
1420 778 1639 848 τυφλὸν,
1658 778 1739 832 λέ-

136 883 336 934 γοντες
368 867 504 937 πρὸς
551 868 746 923 αύτόν.·
783 868 927 937 Λέγε
958 870 1110 939 ἡμῖν,
1151 868 1426 940 ἄνθρωπε,
1462 872 1607 935 τινος
1635 872 1735 942 χά-

139 973 232 1028 ριν
285 962 605 1029 συγκροτεῖς
650 960 781 1030 ἡμῖν
812 960 904 1015 τὸν
936 960 1050 1013 υἱὸν
1077 960 1173 1014 τοῦ
1217 962 1492 1028 τέκτονος,
1529 966 1623 1017 καὶ
1656 963 1734 1030 ὡς

136 1046 281 1103 Θεὸν
330 1050 492 1103 αὑτὸν
526 1050 700 1114 θέλεις
741 1050 1198 1122 διαφημίζεσθαις
1243 1054 1357 1108 Ούκ
1394 1050 1446 1108 εἴ
1495 1057 1560 1110 σὺ
1593 1059 1621 1111 ὁ
1669 1060 1737 1114 ἐκ.

132 1140 369 1211 γενετῆς
417 1141 644 1209 τυφλός·
705 1142 1039 1215 γνωρίζομεν
1086 1146 1244 1218 illusi;
1276 1147 1481 1200 ἐκεῖνον
1502 1165 1515 1178 ·
1542 1148 1732 1203 πολλο-

133 1228 270 1283 στὸν
298 1228 448 1300 amp
475 1230 545 1284 τά
590 1230 727 1303 πρὸς
753 1232 854 1295 τὰς
905 1232 1094 1303 χρείας
1123 1234 1560 1306 ἐχορηγήσαμεν.
1608 1236 1734 1302 Πῶς

129 1316 235 1375 οὗν
271 1320 524 1393 θρυλλεῖς
557 1322 646 1385 σὺ,
686 1323 781 1376 καὶ
810 1322 1010 1391 λέγεις,
1061 1324 1144 1377 ὅτι
1175 1325 1347 1389 Αὐτὸς
1392 1325 1596 1397 ἀνέῳξέ
1631 1345 1730 1399 μου

131 1413 266 1478 τοὺς
295 1413 644 1485 ὀφθαλμούς;
686 1415 749 1469 Εί
789 1418 1090 1487 χρημάτων
1115 1418 1232 1491 δέῃ,
1259 1419 1355 1473 καὶ
1390 1418 1597 1473 τούτων
1631 1419 1732 1491 χάτ

134 1522 223 1577 ριν
243 1505 613 1576 ψευδολογείς,
647 1509 770 1561 ὅσον
802 1507 978 1579 βούλει
1012 1509 1238 1582 κομίζου
1265 1511 1376 1584 (76)
1397 1529 1412 1543 ’
1448 1512 1606 1584 μόνον
1632 1512 1733 1582 τῆς

126 1598 401 1671 ἀληθείας
449 1600 524 1671 μὴ
557 1600 783 1672 ἀπέχου.
830 1602 1027 1657 Πάντα.
1071 1599 1166 1658 οὖν
1200 1602 1437 1669 ἐποίουν,
1476 1605 1564 1658 ἵνα
1616 1623 1732 1670 πως

129 1690 539 1745 διασκεδάσωσι
568 1691 630 1745 τὸ
662 1693 869 1765 θαῦμα.
908 1694 967 1748 '0
992 1694 1050 1748 δέ
1089 1695 1399 1766 ἀναϐλέψας
1441 1698 1578 1770 πρὸς
1608 1700 1733 1763 τοὺς

114 1778 522 1848 ,ἀντιλέγοντας
582 1781 867 1847 Ἰουδαίους
917 1782 1159 1853 ἔφασκε·
1214 1787 1281 1841 Τί
1332 1805 1400 1859 με
1460 1806 1730 1858 συκοφαν-

1841 598 2160 653 ciliatricem
2184 597 2208 652 ?
2236 597 2426 652 Caecus
2456 597 2632 653 visum
2660 597 2884 667 recepit,
2922 604 2976 651 et
3012 596 3106 666 qui
3141 596 3413 661 videbant,

1840 689 2046 743 malitia
2087 703 2186 745 sua
2219 688 2477 744 excaecati
2521 695 2670 744 sunt.
2705 686 2932 756 Semper
2971 686 3118 741 enim
3147 700 3291 740 caeca
3331 693 3415 740 est

1840 778 2067 833 malitia.
2115 778 2295 846 Quare
2327 776 2503 832 Judaei
2544 778 2753 832 malitia
2788 776 2937 831 ducti
2980 776 3115 831 caeci
3160 777 3271 830 nati
3314 791 3414 830 au-

1836 867 1989 922 ribu:~
2017 870 2389 939 personabant
2422 869 2510 924 his
2556 868 2737 924 verbis
2779 887 2792 922 :
2831 866 2927 922 Dic
2954 869 3133 931 nobis,
3159 883 3193 922 o
3228 867 3412 929 homo,

1836 974 2006 1028 quare
2027 959 2250 1029 jactitas
2290 960 2448 1015 nobis
2481 957 2622 1012 fabri
2663 957 2835 1011 illium
2868 958 3018 1013 illum
3039 997 3054 1021 ,
3090 972 3326 1029 eumque
3354 964 3414 1011 ut

1836 1047 2008 1104 Deum
2039 1049 2122 1104 vis
2146 1048 2524 1118 proclamare?
2546 1045 2902 1117 Nequaquam
2931 1053 2990 1100 tu
3022 1061 3082 1102 es
3116 1046 3206 1101 ille
3233 1061 3412 1101 oecus

1834 1154 1865 1193 a
1912 1140 2227 1205 nativitate;
2272 1140 2526 1195 novimus
2563 1140 2736 1203 illum,
2784 1153 2849 1194 ac
2886 1153 3259 1210 saepenumero
3309 1139 3413 1210 ipsi

1833 1233 2145 1289 necessaria
2167 1233 2659 1303 suppeditavimus.
2691 1231 2874 1299 Quare
2906 1241 2963 1287 tu
2987 1232 3210 1303 jactitas
3237 1246 3302 1287 ac
3330 1233 3411 1286 di-

1833 1325 1957 1380 cis:
1991 1324 2113 1393 Ipse
2158 1326 2370 1394 aperuit
2406 1340 2557 1381 meos
2602 1325 2830 1380 oculos?
2878 1322 2938 1378 Si
2984 1326 3216 1395 pecunia
3260 1340 3410 1396 eges,

1832 1415 2062 1486 ejusque
2095 1430 2265 1471 causa
2304 1416 2577 1483 mentiris,
2606 1427 2870 1487 quantum
2904 1417 3146 1472 volueris
3171 1417 3358 1488 accipe
3396 1436 3409 1471 :

1833 1507 2010 1561 solum
2063 1523 2130 1563 ne
2177 1522 2208 1561 a
2253 1508 2487 1564 veritate
2553 1509 2802 1564 recedas.
2850 1506 2996 1562 Nihil
3054 1508 3238 1579 itaque
3300 1525 3409 1564 nou

1833 1600 2070 1669 agebant
2129 1599 2461 1657 miraculum
2521 1608 2582 1655 ut
2651 1600 3005 1671 dissiparent.
3066 1598 3170 1667 Qui
3227 1610 3409 1656 autem

1832 1691 2010 1746 visum
2045 1700 2347 1762 receperat,
2380 1692 2883 1749 contradicentibus
2913 1690 3116 1750 ludaeis
3146 1693 3360 1764 reponit
3393 1711 3408 1748 :

1831 1781 1945 1837 Cur
1992 1798 2081 1839 me
2118 1784 2576 1839 calumniamini?
2634 1783 2745 1840 Cur
2796 1785 2976 1840 visum
3036 1787 3232 1840 anima?
3277 1800 3411 1842 mea:

126 1875 319 1937 τεῖτες
352 1872 419 1926 Τί
453 1890 556 1943 μου
600 1874 660 1928 τὸ
690 1874 924 1946 ψυχικὸν
962 1877 1181 1950 βλέμμα
1217 1880 1496 1950 τυφλῶσαι
1541 1900 1727 1955 προαι-

1835 1888 2112 1929 εχρωςιιτε
2157 1874 2430 1931 studetis?
2491 1874 2683 1931 Visum
2734 1876 2938 1946 recepi,
2990 1892 3101 1932 non
3157 1878 3406 1933 caecutio.

125 1963 359 2037 ρεῖσθε;
409 1966 727 2037 Ἀνέϐλεψα,
772 1970 834 2022 οὐ
879 1969 1223 2041 τυφλοῦμαιο
1267 1971 1444 2044 μάτην
1492 1991 1581 2044 μοι
1635 1991 1730 2028 κο-

124 2056 349 2128 νιορτὸν
372 2056 721 2130 βλασφημίας
746 2061 1115 2133 προσρίπτετε
1145 2063 1280 2134 (77).
1303 2064 1495 2131 Ἀλλος
1518 2066 1730 2137 ἐφιλαν-

122 2151 519 2224 θρωπεύσατο,
553 2153 648 2208 καὶ
672 2154 832 2225 ὑμεῖς
854 2153 1221 2210 ἀντιϐάλλετε.
1245 2156 1319 2210 Ού
1352 2162 1725 2229 προσκυνεῖτε,

121 2243 271 2298 ἀλλά
311 2244 627 2316 λοιδορεῖτε.
656 2246 853 2312 Καλῶς
893 2247 951 2301 δὲ
985 2249 1149 2309 αὑτὸν
1198 2249 1311 2302 υἱὸν
1341 2249 1436 2303 τοῦ
1479 2252 1728 2317 τέκτονος

121 2336 607 2408 προσαγορεύετε·
663 2337 1011 2408 μετημφίασε
1052 2339 1164 2412 γὰρ
1205 2339 1317 2393 τῶν
1346 2341 1496 2412 ἐμῶν
1529 2343 1728 2412 ὀφθαλ-

125 2426 254 2497 μῶν
284 2428 389 2492 τὰς
427 2427 672 2500 θυρίδας.
710 2430 923 2504 Μικρόν
958 2448 1047 2502 μοι
1090 2435 1499 2506 συγχωρήσατε,
1527 2438 1575 2489 εί
1610 2438 1726 2508 μετ’

117 2517 312 2588 ὀλίγον
333 2520 463 2590 ὑμῖν
481 2519 820 2592 διαλέγομαι.
847 2522 1247 2596 Συγχωρήσατέ
1287 2544 1377 2599 μοι
1401 2528 1616 2600 πρῶτον
1636 2547 1730 2584 κα-

118 2612 398 2684 τανοῆσαι
442 2613 536 2668 τοῦ
566 2614 797 2687 ούρανοῦ
826 2615 890 2670 τδ
925 2618 1141 2683 κάλλος,
1179 2619 1274 2673 τοῦ
1319 2621 1472 2692 ἡλίου
1503 2623 1565 2676 τὸ
1596 2624 1718 2679 κέν-

117 2724 282 2779 τρον,
315 2710 419 2781 τῆς
452 2711 684 2782 σελήνης
708 2710 770 2763 τὸ
790 2712 945 2781 φάος,
977 2713 1078 2784 τῆς
1098 2714 1311 2786 ἡμέρας
1341 2714 1428 2768 τὸν
1454 2716 1600 2787 ὅρον,
1627 2716 1729 2787 τῆς

117 2799 329 2863 νυκτὸς
374 2800 438 2854 τδ
478 2803 699 2874 μέτρον,
732 2805 843 2860 τῶν
890 2805 1137 2878 ἀστέρων
1190 2807 1290 2879 τὴν
1329 2807 1567 2880 χορείαν,
1615 2809 1725 2865 τῶν

116 2890 310 2960 νεφῶν
355 2893 455 2964 τὴν
481 2894 800 2968 διαδρομὴν,
847 2896 949 2965 τῆς
995 2897 1101 2968 γῆς
1140 2899 1253 2969 τὴν
1291 2899 1581 2972 εὐθύτητα,
1625 2904 1726 2973 τῆς

116 2983 412 3054 θαλάσσης
440 2987 709 3054 τδκύτος.
735 2990 845 3045 τῶν
872 2990 1073 3045 πλοίων
1093 2992 1194 3062 τὴν
1223 2992 1444 3065 ἄτριϐον
1475 2993 1588 3068 (78)
1611 2997 1727 3050 διά-

116 3074 309 3140 ϐασιν,
351 3078 461 3131 τῶν
505 3081 810 3152 ἀνωμάλων
848 3082 949 3156 τὴν
990 3087 1273 3158 περιοχὴν,
1308 3085 1415 3140 τῶν
1454 3086 1624 3159 ὀρέων
1656 3089 1726 3142 τά

116 3168 494 3242 κυρτώματα.
527 3173 637 3227 τῶν
669 3175 932 3246 ποταμῶν
973 3175 1042 3230 τὰ
1074 3175 1343 3249 ῥεύματα,
1377 3179 1487 3233 τῶν
1531 3180 1724 3252 πηγῶν

115 3261 193 3314 τὰ
224 3260 474 3333 νάματα,
501 3263 611 3317 τῶν
642 3267 894 3337 φρεάτων
913 3267 984 3322 τὰ
1011 3269 1351 3343 ἀντλήματα,
1379 3272 1488 3326 τῶν
1512 3271 1725 3344 κτηνῶν

112 3352 192 3406 τὰ
249 3355 629 3426 σκιρτήματα,
676 3356 785 3411 τῶν
831 3357 1036 3432 θηρίων
1081 3362 1150 3416 τά
1199 3363 1564 3434 ποικίλματα,
1618 3363 1725 3418 τῶν

114 3441 342 3513 ὀρνέων
369 3443 438 3496 τὰ
469 3442 822 3517 σχιζόπτερα,
851 3446 961 3501 τῶν
990 3447 1188 3519 ἰχθύων
1210 3449 1279 3503 τά
1311 3449 1593 3521 ἰδιώματα,
1616 3449 1725 3503 τῶν

112 3527 368 3600 δένδρων
405 3529 475 3585 τὰ
508 3530 802 3604 ὑψώματα,
837 3533 946 3587 τῶν
974 3534 1206 3607 καρπῶν
1240 3536 1309 3589 τὰ
1340 3536 1745 3606 γλυκάσματα.Δ

114 3617 536 3689 Συγχωρήσατέ
584 3637 695 3691 μοι,
731 3621 947 3692 πρῶτον
1002 3622 1175 3677 ταῦτα
1224 3625 1320 3678 καὶ
1367 3624 1728 3697 παραπλήσια

113 3706 342 3761 τούτων
383 3706 705 3775 θεάσασθαι,
745 3714 841 3767 καὶ
880 3709 982 3767 εἶθ’
1013 3713 1187 3779 οὕτως
1218 3715 1347 3787 ὑμῖν
1384 3715 1724 3788 διαλέγομαι,

114 3797 250 3863 πῶς
280 3799 577 3871 ἀνέϐλεψα.
603 3802 780 3861 Πάλαι
810 3805 910 3875 μὲν
936 3806 1254 3878 ἐγεννήθην,
1287 3806 1405 3862 νυνὶ
1430 3807 1488 3862 δὲ
1511 3807 1728 3880 πρῶτον

114 3893 384 3965 είσῆλθον
404 3895 485 3958 είς
504 3897 596 3949 τὸν
617 3895 821 3966 κόσμον
848 3895 928 3968 τῷ
959 3897 1116 3969 μέρει
1139 3898 1239 3968 τῆς
1266 3897 1459 3968 ὄψεως.
1481 3900 1728 3953 Ἤκουσα

116 3982 224 4038 τοῦ
255 3985 542 4056 προφήτου
570 3985 801 4056 βοῶντος
820 4002 834 4018 ·
863 4005 883 4038 ‹
936 3987 1031 4040 Ἐκ
1057 3987 1322 4058 μεγέθους
1349 3987 1444 4041 καὶ
1467 3988 1727 4060 καλλονῆς

115 4075 455 4148 κτισμάτων
498 4078 776 4148 ἀναλόγως
814 4082 843 4133 ὁ
882 4080 1262 4152 γενεσιουργὸς
1292 4080 1472 4134 αὐτῶν
1505 4080 1728 4153 θεωρεῖ-

114 4185 237 4222 ται.
286 4188 308 4221 ι
358 4167 502 4239 Ἐγὼ
544 4170 610 4224 ἐκ
647 4171 758 4225 τῶν
795 4171 1132 4243 κτισμάτων,
1161 4173 1321 4243 ὑμεῖς
1350 4173 1416 4226 ἐκ
1444 4172 1550 4226 τῶν
1577 4172 1727 4244 ἐμῶν

113 4259 433 4333 ὀφθαλμῶν
464 4261 741 4330 ἀναλόγως
787 4262 878 4317 τὸν
922 4263 1255 4337 δημιουργὸν
1298 4264 1630 4336 θεωρήσατε.
1661 4264 1727 4324 Τί

120 4370 224 4426 μοι
249 4353 558 4426 χρημάτων
590 4357 909 4426 περιουσίαν
943 4357 1344 4427 ἐπαγγέλλεσθε
1364 4374 1378 4422 ;
1401 4358 1475 4411 Οὐ
1517 4358 1724 4429 πιπρά-

117 4464 248 4500 σκω
286 4445 353 4499 τὸ
375 4445 568 4519 δῶρον,
597 4448 659 4501 οὐ
683 4447 980 4520 καπηλεύω
1000 4448 1110 4502 τῶν
1132 4449 1281 4521 ἐμῶν
1306 4449 1599 4521 ὀφθαλμῶν
1626 4450 1728 4522 τὴν

1828 1963 2058 2018 Frustra
2098 1979 2185 2019 me
2217 1964 2565 2035 blasphemiae
2597 1966 2820 2037 pulvere
2843 1965 3225 2038 conspergitis.
3255 1967 3408 2024 Alius

1828 2054 2227 2112 me'beneficio.
2263 2055 2463 2125 affecit,
2497 2066 2552 2113 et
2584 2073 2682 2127 vos
2726 2059 3062 2128 repugnatis.
3105 2057 3222 2113 Non
3271 2059 3407 2113 ado-

1829 2146 1985 2210 ratis,
2027 2145 2123 2202 sed
2165 2146 2385 2216 probris
2426 2147 2795 2202 insectamini.
2830 2148 3006 2202 Probe
3046 2155 3227 2204 autem
3266 2148 3410 2204 fabri

1829 2236 1999 2292 ﬁlium
2023 2239 2232 2295 vocatis
2261 2238 2414 2293 illum
2444 2255 2617 2306 ;,nam
2653 2241 2938 2296 oculorum
2983 2256 3226 2296 meorum
3259 2239 3410 2297 fene-
3513 2262 3518 2274 ι

1827 2336 1973 2387 stras
2015 2333 2390 2387 commutavit.
2424 2331 2648 2387 Veniam
2689 2332 2823 2387 mihi
2861 2333 3152 2405 praebetote
3187 2334 3231 2388 si
3270 2349 3409 2390 non-

1825 2420 1932 2477 nisi
1993 2421 2155 2492 paulo
2200 2428 2325 2492 post
2384 2419 2669 2476 vobiscum
2730 2422 3031 2492 colloquar.
3087 2420 3262 2477 Sinite
3320 2438 3408 2478 me

1824 2513 2064 2590 primum
2104 2513 2461 2570 considerare
2525 2513 2649 2570 caeli
2699 2513 3164 2583 pulchritudinem
3205 2553 3221 2580 ,
3274 2515 3410 2570 solis

1824 2604 2051 2669 orbem,
2110 2604 2278 2660 lunae
2323 2603 2610 2676 fulgorem,
2678 2604 2790 2659 diei
2854 2606 3174 2668 terminum,
3226 2607 3407 2662 noctis

1823 2712 2161 2764 mensuram,
2201 2698 2482 2755 stellarum
2514 2697 2793 2764 choream,
2825 2699 3050 2753 nubium
3089 2699 3405 2764 decursum,

1826 2798 1985 2851 terra:
2024 2786 2326 2860 planitiem,
2358 2790 2527 2845 maris
2575 2790 2939 2856 latitudinem,
2971 2791 3191 2845 narium
3223 2797 3407 2848 trans-

1824 2877 1961 2932 itum
2017 2878 2166 2933 nullo
2200 2879 2428 2949 vestigio
2483 2879 2694 2944 relicto,
2737 2880 3063 2935 convallium
3107 2880 3403 2945 ambitum,

1822 2971 2090 3026 montium
2148 2971 2542 3036 rotunditatem
2577 3011 2593 3037 ,
2649 2970 2944 3027 ﬂuviorum
3003 2973 3211 3037 alveos,
3279 2970 3406 3028 fon-

1823 3065 1959 3118 tium
2013 3064 2410 3135 scaturigines,
2461 3072 2753 3135 puteorum
2802 3062 3068 3129 haustus,
3133 3064 3406 3134 pecudum

1827 3156 2023 3220 saltus,
2055 3154 2296 3211 ferarum
2335 3156 2650 3220 varietates,
2699 3157 2880 3210 avium
2933 3154 3229 3210 multifidas
3266 3155 3404 3219 alas,

1828 3248 2063 3320 piscium
2111 3248 2495 3320 proprietates,
2547 3250 2809 3305 arborum
2852 3250 3257 3320 proceritatem,
3289 3249 3408 3304 fru-

1826 3347 2011 3394 ctuum
2054 3340 2400 3396 suavitatem.
2450 3339 2628 3396 Sinite
2683 3355 2771 3397 me
2814 3341 2928 3397 haec
2970 3343 3205 3412 primum
3236 3348 3290 3397 et
3321 3341 3407 3397 his

1827 3432 2027 3489 similia
2075 3434 2467 3506 contemplari,
2529 3443 2693 3506 atque
2742 3436 2940 3491 exinde
3012 3435 3250 3491 narrabo
3298 3449 3407 3507 qua

1826 3525 2039 3581 ratione
2081 3525 2262 3582 visum
2311 3527 2517 3598 recepi.
2562 3524 2678 3581 Jam
2721 3527 2852 3581 olim
2908 3534 3071 3583 natus
3123 3543 3266 3594 sum,
3310 3530 3405 3585 sed

1826 3617 1973 3688 quod
2011 3617 2189 3673 visum
2224 3626 2439 3689 spectat
2478 3619 2640 3675 modo
2679 3619 2922 3690 primum
2965 3618 3244 3690 ingressus
3283 3635 3406 3676 sum

1827 3708 1885 3764 in
1940 3709 2227 3765 mundum.
2273 3710 2472 3765 Audivi
2519 3711 2840 3781 prophetam
2885 3709 3213 3765 clamantem
3252 3729 3265 3765 :
3302 3728 3322 3763 ι
3360 3710 3406 3764 Α

1826 3801 2203 3873 magnitudine
2224 3810 2278 3857 ct
2299 3804 2480 3874 specie
2507 3810 2906 3866 creaturarum,
2934 3801 3167 3873 quadam
3199 3803 3409 3858 ratione

1827 3902 2048 3950 creator
2089 3909 2280 3950 eorum
2330 3895 2672 3966 conspicitur
2713 3894 2780 3948 ’°.
2821 3915 2839 3948 ι
2874 3893 2954 3949 Ex
2986 3894 3256 3950 creaturis
3283 3909 3403 3965 ego,

1827 4001 1929 4041 vos
1959 4002 2026 4041 ex
2057 3986 2223 4059 369
2260 3988 2397 4043 meis
2447 3987 2624 4043 oculis
2668 3987 2902 4059 quadam
2950 3986 3305 4058 proportione
3340 4003 3405 4040 ac

1827 4077 2046 4133 ratione
2089 4086 2394 4135 creatorem
2441 4080 2910 4150 contemplamini.
2949 4078 3090 4146 Quid
3139 4078 3271 4133 mihi
3312 4092 3408 4147 pe-

1827 4172 2117 4227 cuniarum
2180 4173 2292 4227 vim
2347 4171 2719 4243 pollicemini?
2781 4170 3135 4242 Nequaquam
3203 4169 3405 4224 donum

1827 4265 2023 4328 vendo,
2050 4263 2229 4319 visum
2261 4264 2437 4319 oculis
2479 4264 2668 4318 datum
2705 4264 2838 4319 meis
2868 4279 2976 4318 non
3009 4277 3309 4333 cauponor.
3338 4262 3408 4319 At

1827 4362 2052 4428 prmstat
2097 4370 2223 4410 cum
2258 4363 2414 4426 grato
2451 4356 2633 4410 animo
2664 4353 2994 4420 mendicare,
3027 4369 3190 4426 quam
3236 4354 3410 4412 scele-

1828 4447 1987 4504 ribus
2036 4446 2328 4503 ditescere.
2362 4445 2481 4502 Non
2522 4447 2757 4503 ulterius
2803 4446 3168 4513 mendicabo;
3209 4453 3408 4502 nactus

115 4536 454 4607 ἀνάϐλεψιν.
497 4539 755 4610 ’Ἄμεινον
784 4540 1140 4610 εὐγνωμόνως
1185 4544 1518 4612 προσαιτεῖν,
1552 4540 1585 4613 ἢ
1627 4558 1726 4595 κα-

1830 4554 1950 4594 sum
1979 4539 2124 4593 enim
2154 4538 2246 4609 qui
2273 4539 2407 4593 mihi
2447 4539 2513 4593 ad
2560 4540 2800 4594 laborem
2838 4538 3119 4594 lucernam
3158 4537 3408 4609 corporis

115 4629 423 4700 κοτρόπως
477 4628 748 4682 πλουτεῖν.
795 4630 871 4683 Τὸ
918 4629 1104 4684 λοιπὸν
1159 4631 1345 4684 οὐκέτι
1402 4630 1680 4701 προσαιτῶ
1707 4648 1720 4663 ·

115 4720 329 4776 ἔλαϐον
360 4720 469 4792 γάρ
522 4721 616 4775 τὸν
654 4721 1012 4794 παράπτοντά
1053 4739 1142 4794 μοι
1172 4723 1307 4796 πρὸς
1339 4722 1601 4794 ἐργασίαν
1630 4722 1726 4775 λύ-

113 4831 256 4888 χνον
278 4814 376 4865 τοῦ
395 4812 665 4884 σώματος.
682 4814 878 4868 Οὐκέτι
892 4809 985 4868 οὖν
1002 4813 1302 4886 προσαιτῶ,
1320 4813 1457 4868 ἀλλά
1471 4815 1722 4886 γεωργῶν

114 4905 500 4977 οὐκέτιχάριν
521 4905 677 4970 αἰτῶ,
692 4905 828 4960 ἀλλά
852 4905 1041 4978 μισθὸν
1064 4906 1307 4960 ἀπαιτῶ·
1331 4906 1514 4960 οὐκέτι
1544 4906 1725 4978 ῥάϐδῳ

114 4999 229 5070 τὴν
248 5000 359 5070 γῆν
376 4996 632 5068 ψηλαφῶ,
650 4998 784 5052 ἀλλά
800 4999 898 5070 τὴν
919 4998 1163 5069 ἄμπελον
1185 4998 1437 5071 δρεπάνῳ
1461 4997 1722 5052 κλαδεύω’

114 5089 318 5147 οὐκέτι
346 5088 584 5161 ἀργύρια
616 5089 852 5159 συνάγω,
880 5089 1015 5143 ἀλλά
1038 5090 1327 5161 δράγματα
1354 5090 1581 5162 θερίζωο
1600 5092 1728 5145 οὐκ·

115 5182 209 5236 έτι
245 5185 353 5252 τὴν
383 5181 564 5253 πήραν
606 5182 975 5254 περισφίγγω,
1005 5181 1119 5236 ἀλλ’
1150 5181 1364 5253 ἅμαξαν
1391 5183 1564 5236 ἐλκω·
1600 5184 1729 5236 οὐκ·

116 5273 210 5326 ἐτι
253 5271 440 5344 ἀρτων
474 5271 761 5343 κλάσματα
809 5272 1092 5343 λαμϐάνω,
1121 5272 1254 5327 ἀλλὰ
1290 5275 1435 5327 σῖτον
1480 5273 1721 5343 κομίζω·

115 5362 320 5424 οὐκέτι
346 5364 544 5417 στένων
577 5363 685 5434 βοῶ
703 5381 716 5394 ³
748 5363 895 5417 Δῶτε
922 5363 1001 5435 τῷ
1027 5365 1089 5418 τὸ
1117 5365 1233 5435 φῶς
1265 5365 1339 5437 μὴ
1368 5365 1563 5437 ἔχοντι,
1593 5364 1749 5431 ἀλλά

204 5521 261 5554 ⁸⁸
289 5517 452 5576 Joan.
480 5537 558 5588 ιι,
591 5521 646 5587 8,
680 5523 735 5581 9.
811 5524 857 5561 ’θ
900 5521 1197 5593 Sap._xut,
1241 5524 1299 5589 3,.

209 5675 331 5749 (ἒξ)
364 5674 504 5749 Pes.
533 5676 591 5749 2.
618 5677 832 5749 τυφλοὶ

211 5744 332 5819 (116)
360 5744 495 5819 Beé-
525 5746 583 5819 ἐν
610 5747 665 5811 2η
698 5744 922 5819 δεομιξου
958 5750 1164 5819 χρῆμαα

216 5816 333 5887 (77)
360 5815 495 5888 Reg.
515 5817 571 5881 2,
610 5815 1081 5889 προσάντιλέγὲτεζ

1834 4629 2178 4685 accenderet.
2235 4628 2353 4683 Non
2412 4629 2646 4685 ulterius
2682 4628 3043 4695 mendicabo,
3097 4627 3191 4684 sed
3245 4642 3407 4699 agros

1831 4720 2028 4777 colam.
2077 4719 2198 4775 Non
2261 4721 2497 4791 amplius
2565 4722 2737 4792 gratis
2799 4730 3001 4793 petam,
3047 4721 3144 4776 sed
3196 4734 3406 4776 merce-

1831 4811 1954 4867 dem
1983 4819 2244 4883 repetam.
2276 4811 2394 4867 Non
2425 4813 2660 4884 amplius
2693 4813 2892 4870 baculo
2926 4822 3130 4869 terram
3163 4811 3403 4875 tentabo,

1832 4904 1927 4960 sed
1984 4904 2201 4959 vineam
2250 4903 2451 4960 falcula
2505 4906 2731 4976 putabo.
2788 4903 2908 4959 Non
2961 4903 3192 4958 ulterius
3244 4916 3406 4956 num-

1830 4998 2010 5054 mulos
2042 5014 2257 5069 cogam,
2298 4998 2395 5055 sed
2437 4996 2746 5067 manipulos
2785 4996 3058 5066 colligam.
3103 4991 3222 5048 Non
3262 4992 3407 5046 ultra

1829 5104 2017 5159 peram
2091 5091 2488 5162 constringam,
2554 5090 2649 5145 sed
2701 5103 2922 5143 currum
2984 5086 3216 5140 traham.
3287 5083 3406 5138 Non

1830 5182 1973 5236 ultra
2019 5180 2193 5238 frusta
2245 5184 2402 5253 panis
2449 5182 2735 5253 accipiam,
2782 5180 2877 5237 sed
2930 5177 3262 5233 frumentum
3309 5175 3405 5229 de-

1831 5271 2023 5329 feram.
2101 5272 2220 5327 Non
2282 5274 2518 5344 amplius
2594 5286 2717 5327 cum
2769 5270 2972 5343 gemitu
3026 5266 3399 5324 exclamabo:

1831 5365 1964 5426 Date
1992 5367 2040 5421 ei
2084 5368 2174 5447 qui
2223 5367 2427 5429 lumine
2471 5382 2578 5420 non
2628 5366 2863 5428 fruitur;
2905 5362 2998 5419 sed
3046 5375 3241 5434 magna
3268 5373 3404 5417 vcce

1902 5677 2015 5747 (78)
2053 5680 2130 5730 ita
2160 5675 2295 5746 Reg.
2326 5674 2465 5747 ιδ.
2491 5674 2632 5730 Editi
2667 5690 2817 5747 vero,
2843 5672 3058 5744 ἀτριϐῆ.
3092 5671 3214 5727 Mox
3240 5670 3402 5728 iidem

1726 5804 1731 5809 .
1832 5745 1964 5807 mss.
1998 5745 2350 5820 κυρτώιιὰτα.
2378 5745 2542 5804 Editi.
2564 5746 2905 5816 κυρτήματα.
