3832 6216
484 339 618 400 1011

1611 348 1670 403 S.
1714 347 2178 404 ATHANASIUS.
2213 379 2283 389 —
2325 347 2599 405 SPURIA.

3600 342 3746 397 ΙΟΙΞ

477 457 724 514 clamabo
759 479 771 513 :
809 479 827 510 ‹
862 459 1122 517 Dominus
1154 462 1476 520 illuminatio
1506 481 1625 520 mea
1655 474 1709 520 et
1737 466 1886 521 salus
1915 481 2054 528 mea,

2162 466 2556 536 μεγαλοερώνως
2607 466 2822 538 κράζων
2853 484 2871 516 ι
2908 465 3111 535 Κύριος
3160 464 3432 533 φωτισμὸς
3481 480 3585 534 μου
3647 467 3743 516 καὶ

477 563 639 618 quem
679 548 882 602 timebo
914 549 997 602 7"?
1023 571 1040 601 ι

551 635 604 691 'I.
659 621 756 692 His
796 638 1000 694 auditis
1041 641 1478 698 contradicentes
1517 641 1686 698 Judaei
1713 682 1730 707 ,
1772 653 1832 698 ut
1872 644 2057 698 vident

477 727 630 782 illum
664 743 771 782 non
803 730 964 784 modo
994 740 1243 785 sanatum
1273 748 1414 798 esse,
1451 735 1544 788 sed
1569 735 1894 788 miraculum
1923 751 2058 804 quo-

477 835 584 888 que
604 817 918 882 defendere,
962 822 1229 877 accedunt
1263 823 1458 877 iterum
1499 827 1880 881 sciscitantes:
1919 827 2060 894 Quo-

479 907 645 961 modo
675 908 851 964 visum
886 911 1190 979 accepisti?
1241 911 1379 977 Quid
1431 911 1560 967 fecit
1605 915 1700 968 tibi
1743 916 1907 968 homo
1945 917 2054 981 ille,

478 999 626 1068 quod
662 1005 773 1052 tam
805 1001 1031 1054 ﬁrmiter
1062 1016 1181 1056 eam
1235 1017 1345 1057 rem
1397 1006 1643 1061 asseris?
1687 1005 1826 1060 Tum
1873 1007 1919 1062 is
1963 1008 2054 1076 qui

478 1088 659 1142 visum
691 1097 970 1159 receperat
1017 1092 1083 1145 ad
1125 1102 1426 1149 excazcatos
1461 1097 1585 1152 illos
1615 1117 1626 1150 :
1664 1098 1947 1163 Quomodo
1979 1098 2058 1150 vi-

480 1193 603 1232 sum
653 1182 879 1250 accepi?
922 1179 1101 1236 Deone
1148 1185 1362 1249 dicitis,
1430 1187 1704 1257 quomodo
1755 1189 1886 1242 illud
1924 1204 2058 1242 con-

480 1280 763 1340 sequenter
808 1271 873 1324 ad
903 1281 1114 1327 naturae
1146 1275 1392 1330 ordinem
1440 1277 1642 1333 factum
1675 1280 1795 1334 est?
1826 1278 1878 1334 Si
1907 1295 2056 1350 quae-

478 1359 637 1423 ritis,
690 1365 996 1430 quomodo;
1059 1366 1301 1419 vicissim
1338 1383 1435 1421 vos
1501 1385 1601 1438 ego
1667 1371 2052 1442 interrogabo:

481 1451 766 1515 Quomodo
802 1453 855 1507 in
890 1455 1073 1508 vinum
1107 1471 1301 1526 aquam
1336 1461 1732 1514 commutavit?
1786 1464 1866 1515 An
1901 1470 2058 1516 uatu-

478 1557 555 1596 raa
587 1543 859 1608 ordinem,
896 1555 988 1599 aut
1019 1548 1341 1601 miraculum
1378 1557 1438 1603 ut
1464 1552 1781 1606 exhiberet?
1821 1553 2058 1619 Qucum-

477 1636 549 1690 do
583 1635 848 1690 Lazarum
885 1651 947 1690 ex
991 1639 1242 1708 sepulcro
1287 1643 1573 1696 evocavit?
1605 1645 1841 1697 naturali
1875 1661 1939 1698 an
1973 1645 2058 1698 di-

476 1728 608 1782 vino
644 1728 854 1782 modo?
885 1728 1169 1795 Quomodo
1209 1733 1484 1802 leprosum
1544 1735 1736 1789 morbo
1769 1736 2058 1790 liberavit?

477 1818 805 1874 circuitione
844 1820 1100 1888 quadam,
1138 1838 1207 1876 an
1248 1824 1568 1879 voluntate?
1600 1823 1886 1890 Quomodo
1930 1842 2058 1880 san-
2089 1817 2130 1870 Β

477 1909 660 1979 guinis
710 1909 855 1964 ﬂuxu
887 1912 1223 1967 laborantem
1271 1915 1574 1979 mulierem,
1629 1932 1748 1986 quae
1777 1917 2057 1987 sanguinis

477 1997 746 2070 proﬂuvio
778 2003 934 2072 quasi
992 2003 1334 2074 naufragium
1366 2005 1584 2070 fecerat,
1618 2024 1684 2062 ex
1736 2023 1799 2062 ea
1851 2016 2057 2077 tempe-

479 2099 621 2146 state
657 2093 904 2163 eripuit?
946 2091 1390 2162 Perquirendone
1433 2096 1607 2150 morbi
1657 2099 1946 2158 rationem,
1988 2112 2057 2150 an

478 2190 776 2252 conspecta
825 2185 947 2253 ejus
987 2183 1135 2239 ﬁde?
1175 2183 1315 2239 Tum
1361 2187 1796 2242 contradicentes
1835 2188 1911 2240 illi
1960 2186 2057 2241 Ju-

476 2274 601 2338 daei,
633 2282 690 2328 ut
717 2275 968 2330 viderunt
999 2291 1124 2330 eum
1159 2277 1213 2330 in
1257 2280 1538 2347 proposito
1592 2287 2054 2348 perseverantem,

477 2367 682 2422 acriter
729 2369 1186 2438 comprehensum
1217 2370 1269 2423 vi
1318 2372 1639 2440 pertrahunt
1686 2371 1752 2425 ad
1784 2371 2059 2426 Pharisai—

475 2475 602 2514 cum
635 2462 894 2527 tribunal,
923 2465 1286 2532 dicebantque
1321 2463 1398 2516 illi
1429 2483 1442 2517 :
1485 2462 1602 2518 Jam
1640 2479 1835 2518 carnes
1877 2464 2056 2518 lanci-

475 2552 594 2606 nari
626 2561 744 2608 tuas
774 2556 1109 2619 curabimus,
1139 2563 1196 2608 ut
1228 2554 1390 2618 servi,
1417 2570 1525 2608 non
1553 2553 1816 2618 doctoris,
1853 2570 2058 2609 munus

477 2659 800 2714 exsequare.
839 2645 954 2700 Non
987 2654 1160 2713 taces,
1193 2646 1286 2701 sed
1316 2646 1634 2699 concionem
1669 2645 1855 2707 habes,
1896 2653 2058 2714 atque

477 2740 542 2788 ut
588 2733 756 2790 Deum
825 2736 976 2790 illum
1041 2737 1123 2791 vis
1169 2736 1510 2806 proclamare
1571 2734 1738 2788 ﬁlium
1801 2732 2060 2804 Joseplii?

475 2824 623 2882 Casu
663 2827 901 2895 quodam
942 2828 1118 2882 visum
1149 2827 1426 2896 recepisti,
1475 2824 1766 2894 eﬁ‘utisque
1811 2825 1973 2879 nobis
2003 2831 2057 2880 te

477 2933 510 2970 a
545 2917 828 2973 nativitate
875 2933 1078 2972 cmcum
1111 2933 1254 2980 esse,
1302 2926 1468 2987 atque
1505 2915 1736 2969 adducis
1770 2915 1930 2970 nobis
1983 2916 2059 2969 is—

475 3015 594 3061 tum
627 3007 766 3061 fabri
803 3008 1015 3062 ﬁlium?
1041 3008 1159 3063 Nun
1198 3016 1348 3062 taces
1378 3025 1392 3062 :
1423 3005 1520 3061 sed
1554 3021 1748 3075 magna
1787 3020 1920 3059 voce
1946 3007 2058 3060 cla-

477 3100 638 3155 mas?
668 3100 770 3166 Qui
808 3115 972 3170 porro
1019 3102 1198 3156 visum
1241 3111 1521 3168 receperat
1565 3098 1777 3168 reponit
1812 3097 1879 3151 ad
1928 3113 2058 3152 con-

2161 561 2342 630 σωτήρ
2373 577 2496 629 μου,
2524 559 2644 612 τίνα
2685 557 3092 629 φοϐηθήσομαις
3141 576 3159 608 ι

2230 650 2284 703 7.
2319 649 2506 702 Ταῦτα
2539 649 2869 709 ἀκούσαντες
2895 648 2943 699 οί
2967 645 3336 713 ἀντιλέγοντες
3365 644 3641 708 Ἰουδαῖοι,
3663 645 3744 708 ὡς

2159 735 2296 793 εῖδον
2336 740 2498 793 αὐτὸν
2540 739 2614 809 μὴ
2651 738 2808 809 μόνον
2865 735 3100 797 ίαθέντα,
3163 734 3299 788 ἀλλὰ
3348 737 3441 788 καὶ
3497 752 3744 805 συνηγο-

2163 831 2355 905 ροῦντα
2384 831 2462 902 τῷ
2494 829 2754 900 θαύματι,
2783 827 3088 900 προσῄεσαν
3111 826 3190 879 ἐτι
3225 826 3615 896 ἐπερωτῶντες
3643 827 3735 879 αὺ-

2159 922 2250 974 τόν
2278 938 2287 949 ·
2319 921 2442 983 Πῶς
2473 919 2804 987 ἀνέϐλεψας;
2847 917 2911 970 Τί
2939 934 3021 970 σοι
3047 917 3302 985 ἐποίησεν
3344 917 3546 980 ἐκεῖνος
3580 919 3614 970 ὁ
3648 920 3726 971 ἄν

2161 1013 2396 1083 θρωπος,
2429 1012 2512 1064 ὅτι
2545 1011 2824 1080 ἐπιμένεις
2855 1009 2932 1079 τῷ
2972 1007 3287 1079 πράγματι;
3328 1008 3384 1060 ’0
3412 1007 3466 1059 δὲ
3499 1007 3745 1060 ἀναϐλέ-

2157 1105 2265 1174 ψας
2294 1104 2428 1172 πρὸς
2473 1102 2601 1168 τους
2648 1100 3026 1170 τυφλωθέντας
3066 1099 3202 1169 ἔφη’
3264 1098 3390 1160 Πῶς
3425 1098 3740 1165 ἀνέσλεψαὶ

2172 1195 2294 1246 Ἐπὶ
2328 1191 2462 1245 Θεοῦ
2488 1191 2694 1259 λέγετε,
2729 1191 2846 1253 πῶς
2877 1191 2974 1260 τῆς
3009 1190 3222 1258 φύσεως
3263 1188 3548 1242 ἀκολουθία
3586 1189 3744 1256 γίνε-

2157 1300 2283 1348 ται;
2315 1283 2376 1335 El
2422 1281 2482 1334 τὸ
2517 1281 2632 1344 πῶς
2668 1283 2929 1352 ἐρωτᾶτε,
2959 1282 3315 1350 ἀντερωτήσω
3354 1280 3496 1349 ὑμᾶς
3532 1281 3739 1347 κάγώ·

2161 1378 2285 1440 Πῶς
2308 1377 2369 1429 τὸ
2408 1376 2550 1446 ὕδωρ
2580 1377 2660 1438 εἰς
2685 1370 2826 1427 οἶνον
2851 1374 3162 1444 μετέϐαλεν,
3200 1371 3516 1425 ἀκολουθίαν
3536 1372 3571 1440 ἢ
3610 1371 3744 1425 θαυ-

2161 1467 2497 1537 ματουργίαν
2525 1465 2767 1535 μηνύσας
2787 1481 2801 1529 ;
2826 1464 2952 1526 Πῶς
2970 1464 3060 1516 τὸν
3085 1462 3333 1533 Λάζαρον
3355 1463 3418 1514 ἐκ
3440 1462 3531 1514 τοῦ
3553 1463 3742 1530 τάφου

2158 1558 2420 1623 ἐκάλεσε,
2458 1556 2704 1626 φυσικῶς
2748 1555 2780 1626 ἢ
2827 1555 3178 1626 θεοπρεπῶς;
3234 1553 3358 1617 Πῶς
3390 1553 3482 1606 τὸν
3524 1554 3745 1624 λεπρὸν

2157 1651 2249 1704 τοῦ
2285 1649 2487 1712 πάθους
2513 1648 2770 1711 ἀπέλυσε,
2808 1644 3177 1717 περιοδεύσας,
3211 1643 3244 1713 ἢ
3293 1643 3558 1714 θελήσας;
3607 1642 3744 1706 Πῶς

2159 1745 2255 1812 τὴν
2278 1739 2676 1812 αίμορῤοῦσαν
2705 1739 2958 1806 γυναῖκα,
2993 1737 3329 1804 ναυαγοῦσαν
3377 1738 3443 1788 ἐκ
3493 1735 3596 1804 τῆς
3627 1734 3742 1786 τῶν

2157 1833 2404 1903 αἱμάτων
2431 1832 2622 1901 φορᾶς,
2672 1828 2763 1882 τοῦ
2811 1827 3079 1890 κλύδωνος
3122 1827 3379 1890 διέσωσε;
3437 1825 3510 1876 Τὸ
3557 1824 3742 1886 πάθος

2159 1925 2474 1996 ἐρευνήσας,
2503 1922 2536 1992 ἢ
2566 1923 2662 1991 τὴν
2696 1920 2877 1973 πίστιν
2908 1919 3281 1989 κατανοήσας;
3319 1919 3383 1971 Oi
3425 1918 3481 1971 δὲ
3517 1916 3741 1970 ἀντιλέ-

2157 2033 2346 2086 γοντες
2385 2015 2648 2077 Ἰουδαῖοι,
2684 2013 2759 2076 ὡς
2787 2009 2923 2065 εἶδον
2950 2011 3111 2064 αὐτὸν
3146 2010 3489 2080 ἐπιμένοντα,
3539 2008 3743 2078 δριμύ-

2157 2125 2315 2179 τερον
2347 2106 2766 2177 κατεσχηκότες,
2797 2101 2978 2158 εἷλκον
3011 2103 3172 2156 αὐτὸν
3209 2100 3347 2172 μετά
3376 2100 3495 2169 βίας
3538 2102 3642 2152 ἐπὶ
3681 2099 3744 2152 τὸ

2157 2199 2482 2273 Φαρισαῖκὺν
2511 2200 2810 2270 κριτήριον,
2833 2197 3080 2265 λέγοντες
3100 2196 3235 2266 πρὸς
3257 2193 3418 2246 αὐτόν
3439 2209 3451 2222 ·
3472 2192 3616 2244 Novi
3645 2209 3742 2244 σου

2157 2291 2262 2354 τὰς·
2282 2290 2489 2361 σάρκας
2518 2285 2918 2356 καταξανθῆναι
2948 2283 3457 2354 παρασκευάσομεν,
3496 2281 3588 2332 ἵνα
3619 2281 3744 2333 δου-

2156 2381 2327 2443 λείαν,
2356 2381 2448 2432 καὶ
2479 2379 2552 2450 μὴ
2580 2375 2923 2429 διδασκαλίαν
2961 2374 3216 2444 μετέρχῃ.
3240 2371 3313 2424 Οὐ
3341 2371 3574 2439 σιωπᾷς,
3601 2369 3744 2423 ἀλλὰ

2157 2473 2218 2544 δη
2229 2472 2508 2542 μηγορεῖς,
2527 2469 2617 2522 καὶ
2634 2469 2708 2530 ὡς
2721 2467 2852 2519 Θεὸν
2872 2465 3031 2518 αὐτὸν
3052 2463 3225 2526 θέλεις
3243 2479 3316 2532 φη
3325 2460 3578 2531 μίξεσθαι
3601 2461 3742 2530 (79),

2157 2565 2360 2617 ἐκεῖνον
2391 2563 2479 2616 τὸν
2513 2561 2626 2614 υἱὸν
2646 2560 2737 2612 τοῦ
2782 2559 3014 2628 ’Ῑωσήφ;
3049 2555 3182 2608 Ἀπὸ
3217 2554 3632 2625 συμϐεϐηκότος
3662 2571 3746 2606 τι-

2157 2653 2246 2716 νὸς
2297 2650 2615 2720 άνέϐλεψας,
2649 2651 2743 2702 καὶ
2767 2649 3106 2719 προσφωνεῖς
3130 2647 3280 2715 ἡμῖν,
3314 2645 3390 2706 ὠς
3409 2645 3473 2696 ὲκ
3505 2645 3744 2713 γενετῆς

2157 2743 2354 2811 τυφλὸς
2387 2742 2628 2811 ὲτέχθης,
2657 2741 2751 2793 καὶ
2798 2739 3022 2806 ἐπάγεις
3074 2738 3203 2806 ἡμῖν
3254 2737 3458 2788 ἐκεῖνον
3497 2736 3595 2788 τὸν
3646 2736 3741 2788 τοῦ

2156 2837 2404 2898 τέκτονος
2425 2836 2571 2898 υίόν;
2594 2834 2668 2887 Οὐ
2699 2832 2929 2902 σιωπᾷς,
2961 2828 3095 2884 ἀλλὰ
3131 2827 3348 2898 μεγάλαΔ
3382 2825 3539 2895 βοᾷςς
3590 2826 3656 2878 '0
3686 2826 3742 2878 δὲ

2157 2927 2463 2996 ἀναϐλέψας
2491 2926 2628 2996 πρὸς
2656 2926 2779 2988 τοὺς
2801 2922 3178 2991 ἀντιλέγοντας
3205 2920 3408 2988 ἔλεγεν·
3440 2917 3504 2970 Εἰ
3543 2918 3614 2970 οὐ
3664 2917 3744 2970 θέ-

2157 3018 2276 3072 λετέ
2327 3035 2394 3090 με
2453 3017 2614 3088 βοᾷν,
2657 3016 2708 3068 τί
2764 3013 3074 3085 ἐπερωτάτέ
3118 3030 3184 3083 με
3245 3009 3495 3081 συχνῶς;
3539 3009 3743 3081 ’Υμείς

2160 3110 2382 3171 ἑαυτοὺς
2414 3107 2709 3178 θρυλλεῖτε,
2745 3105 2913 3174 κάμοὶ
2961 3103 3021 3156 τὸ
3066 3100 3316 3172 ἔγκλημα
3360 3097 3741 3170 προσάπτετε.

477 3190 942 3246 tradicentes:Si
993 3207 1078 3245 me
1129 3191 1366 3246 clamare
1415 3205 1522 3244 non
1552 3189 1737 3251 vultis,
1788 3189 1917 3257 quid
1949 3197 2054 3242 tam

2162 3201 2258 3263 Ὦς
2285 3175 2510 3268 φατεξεί
2541 3199 2605 3250 ἐκ
2637 3195 3042 3267 συμϐεϐηκότος
3063 3194 3206 3256 τινὸς
3233 3190 3524 3260 ἀνέϐλεψα,
3548 3190 3610 3241 τί
3640 3208 3741 3261 μου

477 3281 800 3350 frequenter
842 3281 1200 3336 sciscitamini
1223 3283 1257 3339 ?.
1281 3281 1653 3350 Vosmetipsos
1684 3279 1975 3334 diﬂ‘amatis
2003 3289 2059 3334 et

479 3370 616 3424 mihi
646 3369 860 3440 culpam
895 3371 1205 3430 ascribitis.
1236 3370 1315 3436 Si,
1349 3379 1407 3424 ut
1440 3370 1643 3434 dicitis,
1663 3385 1791 3426 casu
1821 3371 2058 3441 quodam

475 3461 658 3516 visum
692 3461 899 3531 accepi,
930 3476 1028 3515 cur
1068 3470 1322 3532 parentes
1361 3477 1512 3517 meos
1560 3463 1876 3519 accivistis?
1925 3461 2060 3517 Fru-

479 3561 594 3608 stra
637 3553 824 3609 turbas
875 3553 1017 3609 dalis
1053 3575 1067 3608 :
1108 3570 1215 3607 non
1258 3555 1782 3625 potestisobtegcrc
1820 3554 2058 3609 miracu-

478 3640 594 3696 lum
631 3663 642 3696 :
672 3643 773 3699 etsi
820 3644 1063 3699 siluerim
1092 3659 1213 3714 ego,
1245 3645 1490 3698 clamant
1534 3645 1676 3699 oculi
1707 3645 1830 3700 mei.
1883 3644 2058 3701 llomo

481 3733 704 3804 quidam
743 3733 904 3790 Jesus
953 3736 1197 3799 nomine,
1253 3736 1412 3804 cujus
1461 3750 1659 3790 nomen
1700 3745 1784 3789 est
1826 3737 2055 3800 curatio,

479 3826 599 3880 luto
627 3827 781 3880 unxit
811 3826 1002 3894 oculos
1035 3842 1205 3891 meos,
1240 3835 1295 3881 et
1325 3825 1462 3879 dixit
1491 3826 1622 3881 mihi
1648 3845 1661 3880 :
1693 3845 1709 3877 ι
1741 3825 1910 3890 Vade,
1940 3829 2058 3881 lava

481 3918 541 3972 in
571 3918 781 3988 piscina
809 3917 1012 3972 Siloam
1041 3919 1110 3974 ".
1143 3937 1163 3970 ι
1205 3917 1518 3988 Abiensque
1556 3917 1683 3982 lavi,
1719 3918 1863 3974 lotus
1886 3919 2056 3977 lutum

483 4008 736 4078 deposui,
769 4008 864 4064 sed
897 4009 1074 4063 visum
1106 4007 1309 4077 recepi.
1343 4011 1357 4032 '

558 4101 612 4156 8.
648 4098 746 4156 His
779 4101 980 4156 auditis
1013 4099 1312 4155 Pharisaici
1339 4099 1601 4168 judices,_
1622 4099 1936 4171 ingentique
1966 4115 2060 4154 co-

482 4201 604 4250 acta
652 4194 810 4248 turba
836 4212 848 4248 :
876 4191 1174 4247 Sabbatum
1214 4192 1360 4246 enim
1393 4199 1528 4257 erat,
1589 4208 1713 4246 cum
1749 4192 1851 4246 hoc
1895 4191 2061 4246 mira-

483 4280 671 4335 culum
707 4279 836 4334 l'ecit
879 4278 1075 4346 Jesus;
1109 4281 1518 4350 interrogabant
1561 4297 1685 4337 eum
1723 4281 1910 4340 eadem
1941 4297 2060 4351 qua:

482 4371 658 4426 Judaei
685 4372 932 4428 dicentes
969 4391 982 4426 :
1012 4371 1187 4438 Nosti,
1217 4387 1250 4425 ο
1274 4371 1459 4432 homo.
1498 4387 1609 4443 quo
1656 4382 1802 4428 astes
1831 4373 1885 4426 in
1914 4373 2054 4435 loco,

2160 3291 2285 3353 τοὺς
2315 3292 2491 3358 γονεῖς
2518 3287 2933 3358 παρεστήσατε;
2965 3285 3156 3353 Μάτην
3190 3279 3526 3351 θορυϐεῖσθεο
3566 3281 3636 3332 οὐ
3661 3279 3744 3332 δύ-

2159 3380 2321 3434 νασθε
2349 3378 2550 3451 κρύψαι
2588 3378 2648 3430 τὸ
2681 3375 2893 3446 θαῦμα·
2919 3375 3020 3429 κᾶν
3061 3374 3169 3445 γάρ
3216 3371 3328 3440 ἐγὼ
3356 3372 3651 3443 σιωπήσω,
3694 3370 3740 3423 σί

2158 3473 2424 3543 ὀφθαλμοί
2457 3488 2556 3542 μου
2590 3469 2806 3539 βοῶσιν.
2839 3464 3157 3536 ΙἌνθρωπός
3189 3481 3271 3526 τις
3299 3463 3599 3531 λεγόμενος
3642 3463 3743 3531 ἰη-

2161 3565 2308 3628 σοῦς.
2343 3557 2414 3620 οὗ.
2457 3563 2549 3616 καὶ
2591 3561 2650 3613 τὸ
2691 3560 2860 3628 ὄνομα
2911 3557 3076 3619 ίασις,
3114 3555 3284 3625 πηλὸν
3321 3552 3586 3623 ἐπέχρισέ
3639 3572 3739 3623 μου

2157 3659 2268 3718 τοῖς
2289 3653 2602 3723 ὀφθαλμοῖς,
2626 3650 2717 3704 καὶ
2745 3645 2865 3701 εἶπέ
2893 3665 3014 3718 μοι·
3052 3666 3070 3696 ι
3109 3647 3327 3712 ’Ύπαγε
3356 3645 3619 3712 νίψαιείς
3645 3645 3741 3713 τὴν

2159 3743 2542 3815 κολυμϐήθραν
2589 3742 2682 3794 τοῦ
2712 3741 2953 3810 Σιλωάμ.
3032 3757 3049 3790 ι
3111 3737 3223 3794 Καὶ
3260 3735 3512 3794 ἀπελθὼν
3547 3737 3741 3804 ἐνιψά-

2165 3856 2272 3908 μην
2303 3836 2442 3905 (80)·
2474 3833 2788 3903 νιψάμενος,
2813 3832 2900 3884 τὸν
2934 3831 3029 3900 μὲν
3067 3828 3236 3899 πηλὸν
3257 3825 3564 3896 ἀπεθέμην,
3597 3827 3661 3878 τὸ

2160 3929 2276 3997 φῶς
2314 3925 2600 3998 ἐδεξάμην.

2229 4105 2282 4157 8.
2306 4101 2490 4155 Ταῦτα
2509 4099 2838 4162 ἀκούσαντες
2853 4098 2901 4151 οἱ
2918 4096 3234 4168 Φαρισαῖκοὶ
3249 4096 3455 4166 κριταὶ,
3475 4094 3569 4147 καὶ
3585 4094 3736 4162 ,πλή-

2160 4194 2284 4252 θους
2333 4192 2559 4262 ἀπείρου
2607 4185 3117 4260 συναθροιζομένουο
3169 4185 3436 4238 σάϐϐατον
3485 4184 3605 4254 γὰρ
3653 4181 3742 4253 ἦν,

2159 4288 2247 4340 ὅτε
2269 4285 2331 4337 τὺ
2361 4283 2546 4354 θαῦμα
2580 4281 2739 4336 τοῦτο
2771 4280 3070 4348 πεποίηκεν
3103 4279 3131 4330 ὁ
3174 4276 3400 4347 ἰησοῦςο
3433 4275 3742 4346 ἐπηρώτων

2162 4377 2322 4432 αὑτὸν
2358 4375 2429 4429 τὰ
2468 4374 2608 4428 αὐτὰ
2659 4375 2770 4436 τοῖς
2807 4371 3078 4432 Ἰουδαίοις
3104 4369 3371 4436 λέγοντες·
3421 4365 3614 4432 Οἶδας,
3648 4369 3741 4422 ἄν-

483 4473 540 4519 et
570 4463 966 4534 indeprecabile
998 4464 1100 4518 hoc
1131 4465 1385 4520 tribunal.
1414 4480 1558 4527 esse,
1612 4480 1787 4535 neque
1814 4464 2056 4519 fraudem

2162 4468 2367 4539 Opunte.
2391 4466 2529 4536 ποίῳ
2552 4466 2700 4534 τόπῳ
2722 4462 3092 4532 παρέστηκας,
3117 4461 3212 4512 καὶ
3237 4459 3319 4512 ὅτι
3345 4459 3741 4530 ἀσυγχώρητον

482 4553 576 4607 hic
603 4568 844 4624 unquam
873 4553 1043 4609 latere
1078 4567 1259 4623 posse.
1307 4553 1400 4608 Dic
1443 4555 1606 4610 nobis
1637 4555 1787 4608 omni
1831 4569 2058 4608 accura-

483 4645 636 4698 tione
668 4661 682 4697 :
726 4643 1008 4710 Quomodo
1038 4645 1215 4699 visum
1252 4645 1557 4715 accepisti?
1609 4645 1753 4710 Quid
1793 4645 1890 4699 tibi
1929 4643 2057 4700 fecit

484 4735 652 4789 homo
683 4735 773 4790 ille
799 4749 960 4808 quem
990 4733 1329 4799 dicis?.Tum
1363 4736 1452 4790 ille
1477 4736 1589 4806 qui.
1613 4737 1789 4791 visum
1834 4751 2052 4806 accepe-

485 4835 573 4882 rat
617 4828 685 4882 ad
733 4826 1114 4883 Pharisaicum
1167 4828 1407 4882 tribunal
1451 4829 1772 4896 respondit:
1821 4828 2059 4894 Quomo-

485 4920 560 4973 do
609 4920 788 4976 visum
821 4920 1143 4990 receperim,
1201 4935 1420 4974 rursum
1463 4922 1683 4975 curiose
1735 4920 2059 4990 inquiritis?

486 5010 698 5066 Rursus
727 5017 788 5064 ut
824 5025 976 5064 reum
1009 5026 1095 5064 me
1118 5010 1724 5074 examinatis,dicenles
1744 5030 1757 5066 :
1777 5010 2060 5078 Quomodo

486 5103 664 5156 visum
698 5101 996 5172 recepisti?
1019 5101 1066 5156 si
1111 5101 1290 5156 dicam
1319 5102 1503 5168 vobis,
1537 5102 1734 5158 iterum
1769 5103 2056 5156 tumultum

485 5191 819 5247 excitabitis.
874 5191 1060 5246 Dicam
1105 5191 1262 5246 vobis
1304 5193 1579 5260 quomodo
1633 5193 1810 5250 visum
1840 5208 2061 5262 recepe-

488 5284 610 5337 rim.
652 5283 884 5339 Causam
913 5283 1130 5354 quidem
1162 5285 1464 5340 curationis
1505 5283 1705 5348 dicam,
1759 5285 1853 5340 sed
1903 5292 2058 5355 pote-

489 5383 682 5431 etatem
711 5377 905 5432 edendi
928 5378 1186 5432 miracula
1221 5377 1403 5434 dicere
1442 5393 1653 5448 nequeo
1679 5397 1690 5431 :
1721 5396 1740 5430 ι
1765 5376 1899 5443 Quis
1914 5377 2056 5434 enim

559 5530 602 5559 "
644 5527 786 5582 Psal.
822 5543 980 5593 xxvt,
1020 5531 1068 5584 l.
1145 5531 1192 5562 "
1229 5529 1388 5585 Joan.
1423 5546 1508 5596 Ix,
1547 5530 1632 5582 ll.

711 5661 960 5734 Sicﬁeg.
1007 5665 1062 5718 2.
1098 5665 1238 5719 Editi
1271 5682 1419 5727 vero,
1453 5663 1806 5734 ψηφίζεσθαι.

565 5729 677 5798 (80)
711 5730 782 5784 Ita
810 5729 941 5802 Reg:
978 5734 1027 5798 l,
1054 5735 1107 5788 2.
1146 5735 1280 5789 Editi
1315 5729 1478 5802 vero,
1500 5729 1810 5804 νιψάμενος.

2158 4558 2220 4610 τὸ
2243 4557 2413 4629 παρὸν
2459 4558 2734 4628 κριτήριον
2765 4553 3041 4623 τυγχάνει,
3075 4552 3169 4603 καὶ
3208 4551 3284 4614 ὡς
3318 4551 3418 4602 οὐκ
3461 4550 3616 4605 ἐστιν
3663 4553 3744 4603 ἐν-

2159 4649 2332 4701 ταῦθα
2365 4647 2571 4718 πλάνην
2599 4646 2707 4718 (81)
2741 4644 3013 4698 διαλαθεῖν
3063 4659 3213 4696 ποτε.
3255 4642 3394 4710 Λέγε
3423 4644 3558 4712 ήμῖν
3604 4641 3745 4713 μετὰ

2161 4738 2341 4806 πάσης
2367 4737 2668 4809 ἀκριϐείαςο
2698 4735 2823 4798 Πῶς
2851 4733 3182 4801 άνέϐλεψας;
3228 4731 3293 4783 Τί
3347 4748 3432 4783 σοι
3480 4733 3741 4802 ἐποίησεν

2159 4831 2363 4892 ἐκεῖνος
2393 4829 2421 4880 ὁ
2448 4826 2750 4898 ἄνθρωπος,
2773 4825 2830 4879 ὃν
2847 4825 3058 4892 λέγεις;
3089 4825 3146 4876 Ὀ
3166 4823 3245 4886 δὲ,
3269 4822 3583 4891 ἀναϐλέψας
3610 4825 3740 4893 πρὸς

2159 4922 2220 4974 τὸ
2245 4920 2574 4992 Φαρισαῖκὸν
2595 4918 2897 4990 κριτήριον,
2917 4916 3248 4986 ἁπεκρίνατο
3264 4931 3275 4942 ·
3298 4914 3424 4977 Πῶς
3443 4915 3738 4984 ἀνέϐλεψα,

2166 5013 2326 5066 πάλιν
2347 5009 2802 5084 περιεργάζεσθε;
2839 5008 3000 5062 πάλιν
3038 5007 3112 5070 ὡς
3135 5005 3425 5059 κατάδικον
3461 5003 3738 5062 εὐθύνετε,

2164 5103 2411 5173 λέγοντές
2436 5121 2548 5174 μοι’
2579 5103 2700 5166 Πῶς
2725 5099 3198 5170 άνέϐλεψαςςἘάν
3229 5099 3358 5168 ὑμῖν
3392 5097 3554 5160 εἴπω,
3585 5100 3742 5151 πάλιν

2165 5195 2500 5267 θορυϐεῖσθε.
2547 5197 2620 5248 Τὸ
2660 5195 2776 5258 πῶς
2823 5192 3114 5261 ἀνέϐλεψα,
3154 5189 3264 5259 ἐγὼ
3310 5191 3439 5260 ὑμῖν
3473 5191 3607 5262 ἐρῶ.
3635 5189 3742 5259 Τὴν

2168 5288 2266 5357 μὲν
2290 5287 2467 5341 αἰτίαν
2497 5287 2594 5356 τῆς
2630 5285 2904 5362 περιοδίας
2937 5285 3101 5351 λέγω,
3137 5282 3233 5352 τὴν
3261 5283 3318 5335 δὲ
3353 5281 3612 5346 ἐξουσίαν
3647 5281 3741 5347 τῆς

2165 5377 2622 5448 θαυματουργίας,
2657 5377 2756 5428 οὐκ
2782 5375 2888 5444 ἔχω
2922 5373 3117 5442 λέγειν·
3143 5392 3161 5422 ι
3189 5373 3284 5434 Τίς
3314 5371 3424 5442 γάρ
3451 5371 3599 5439 ἔγνω
3623 5369 3741 5426 νοῦν

2236 5663 2349 5735 (81)
2387 5663 2518 5736 Reg.
2547 5664 2597 5730 1,
2633 5663 2850 5721 πλάνον.
2886 5662 3014 5734 Reg.
3051 5664 3105 5728 ‘2,
3142 5661 3331 5733 πλάνῃ.
