3856 6206
169 291 316 346 1013

1171 292 1460 350 HOMlLIA
1503 295 1571 350 IN
1611 295 1873 352 Cz’ECUM
1917 298 1960 350 Α
2000 295 2444 352 NATIV'ITATE.

3296 298 3435 356 lOM

164 405 381 478 Κυρίου
408 422 423 472 ;
450 404 482 476 ἢ
515 405 600 470 τίς
628 405 924 477 ξύμϐουλος
945 407 1107 462 αὐτοῦ
1134 409 1386 478 ἐγένετο.;
1433 408 1468 478 ἢ
1491 409 1575 472 τίς
1616 425 1749 480 προ-

1858 412 2104 480 cognovit
2164 427 2398 467 sensum.
2435 409 2694 466 Domini?
2751 422 2842 466 aut
2906 414 3053 485 quis:
3090 415 3436 476 consiliarius

166 500 378 554 ἐδωκεν
404 498 576 569 αὐτῷ,
630 499 723 552 καὶ
750 500 850 552 οὐκ
885 499 1375 572 ἀνταποδοθήσεται
1421 499 1599 572 aii-rip;
1636 519 1654 553 ι
1687 501 1750 552 Εἰ

165 591 361 645 θέλετε
415 590 608 661 μαθεῖν
656 590 752 662 τὴν
805 591 1100 663 περιοδίαν,
1150 591 1286 663 αῦτη
1321 593 1489 657 ἐστὶν,
1536 593 1604 664 ἣν
1648 593 1750 664 ήδη

168 687 457 755 προεῖπον·
499 702 517 736 ι
559 683 736 754 Πηλὸν
764 684 1009 756 ἐποίησε,
1045 685 1138 739 καὶ
1178 685 1434 756 ἐπέχρισέ
1480 703 1580 756 μου
1626 689 1752 750 τοὺς

163 774 520 845 ὀφθαλμούςο
548 777 640 829 καὶ
672 772 796 829 εἶπέ
833 794 922 848 μοι
942 793 954 805 ⁸
985 779 1201 847 ’Ὑπαγε
1235 777 1384 847 νίψαι
1421 780 1502 840 είς
1527 779 1626 848 τὴν
1657 795 1751 832 κο-

165 867 500 938 λυμϐήθραν
539 867 633 920 τοῦ
679 869 918 939 Σιλωάμ.
958 870 1220 940 Ἀπῆλθον
1243 870 1320 934 δὲ,
1345 871 1440 925 καὶ⁵
1461 870 1750 942 ἐνιψάμην,

165 960 269 1012 καὶ
301 959 502 1022 εὐθέως
529 959 800 1029 ἀνέϐλεψα
818 977 830 990 ·
863 981 880 1012 ι
908 961 968 1014 ού
999 962 1091 1016 τοῦ
1116 961 1303 1026 ὓδατος
1336 963 1750 1034 ἐνεργήσαντος,

162 1051 308 1105 ἀλλά
330 1051 423 1104 τοῦ
457 1052 772 1122 πτύσματος
802 1054 1396 1126 παραδοξοποιήσαντος
1415 1055 1547 1127 (82).
1571 1054 1753 1109 Ταῦτα

164 1144 510 1209 ἀκούσαντες
559 1147 607 1199 oi.
649 1147 966 1217 Φαρισαῖκοὶ
1010 1149 1192 1218 κριταὶ
1217 1189 1254 1212 ,.
1290 1148 1365 1213 ὼς
1408 1143 1549 1202 εἶδον
1591 1149 1752 1202 αὑτὸν

163 1228 255 1288 Et
288 1236 620 1307 ἐπιμένοντα
652 1241 764 1301 τοῖς
785 1239 988 1302 αὐτοῖς,
1016 1239 1202 1293 τοῦτον
1223 1241 1753 1311 άπωσάμενοι,.τοὺς

164 1331 356 1396 γονεῖς
385 1329 480 1382 τοῦ
514 1329 913 1400 ἀναϐλέψαντος
939 1330 1245 1402 ἐφώνησαν,
1270 1334 1364 1388 καὶ
1395 1333 1754 1388 ἐπυνθάνοντο

165 1422 307 1490 παρ’
342 1420 522 1474 αὐτῶν
554 1421 835 1491 λέγοντες·
877 1443 894 1474 ι
931 1425 1134 1477 Εἴπατε
1156 1426 1288 1492 ἡμῖν
1313 1441 1324 1453 ⁸
1359 1419 1512 1487 οὗτός
1541 1425 1688 1476 ἐστιν
1724 1426 1752 1476 ὁ

166 1511 300 1571 Υἱὸς
332 1510 508 1582 ὑμῶν,
542 1511 600 1564 ὃν
631 1511 867 1581 λέγεται,
908 1514 988 1566 ὃτι
1025 1514 1225 1583 τυφλὸς
1279 1513 1576 1585 ἐγεννήθη;
1603 1564 1606 1567 _
1629 1514 1754 1577 Πῶς

161 1595 266 1654 οὖν
300 1600 427 1672 ἄρτι
459 1601 678 1672 βλέπει;
726 1622 745 1655 ι
798 1606 862 1656 Οί
894 1604 952 1656 δέ
985 1607 1158 1672 γονεξ
1201 1604 1302 1658 τοῦ
1353 1605 1754 1674 ἀναϐλέψαντος

164 1694 670 1764 ἀνταποκριθέντες
710 1697 844 1768 πρὸς
883 1696 1007 1756 τοὺς
1037 1697 1446 1766 ἐπερωτῶντας,
1492 1693 1644 1750 εἶπον
1685 1696 1754 1749 τὰ

1853 502 1992 573 ejus.
2011 503 2150 556 fuit?
2177 511 2272 556 aut
2297 503 2420 573 quis
2450 503 2598 572 prior
2628 503 2777 559 dedit
2811 504 2885 558 illi
2926 513 2981 558 et
3021 521 3134 560 non
3167 505 3437 562 retribue-

1854 601 1945 648 tur
1975 593 2025 648 ei
2061 594 2146 648 7”?
2195 613 2214 646 ι
2274 592 2330 648 Si
2368 594 2581 650 discere
2616 596 3102 651 vultis-curationis
3132 597 3348 660 seriem,
3369 611 3435 652 ea

1853 693 1938 740 est
1963 701 2126 756 quam
2157 686 2319 740 modo
2348 685 2461 740 dixi
2495 706 2524 740 ετ
2550 704 2568 738 ι
2602 685 2802 741 Lutum
2840 687 2988 750 fecit,
3022 696 3087 741 οι·
3120 689 3276 742 unxit
3303 703 3436 743 oeu-

1835 777 1937 832 ’los
1986 792 2169 842 meos;
2204 784 2258 830 et
2295 777 2433 832 dixit
2470 778 2602 832 mihi
2635 798 2647 832 :
2683 777 2832 833 Vade
2869 780 2937 834 ad
2973 779 3136 851 370
3165 781 3434 834 natatoria

1857 866 2018 922 Siloa:
2070 875 2123 922 et
2169 869 2286 922 lava
2329 888 2340 921 :
2389 868 2498 922 abii
2545 877 2726 924 autem
2776 880 2829 924 et
2885 871 3012 934 lavi,
3068 879 3122 925 et
3174 871 3436 926 continuo

1853 961 2030 1016 visum
2054 962 2231 1031 recepi
2255 961 2320 1025 ⁷⁸,
2353 981 2370 1012 ι
2397 976 2504 1015 ιιοη
2532 976 2688 1032 aquae
2719 962 2798 1026 vi,
2833 966 2926 1018 sed
2960 965 3105 1034 sputi
3145 965 3432 1020 miraculo.

1857 1050 1984 1106 llaec
2013 1066 2136 1106 cum
2167 1051 2449 1107 audissent
2481 1051 2782 1108 Pharisaici
2809 1053 3048 1123 judices,
3090 1064 3149 1108 ut
3184 1055 3437 1111 viderunt

1852 1158 1977 1197 eum
2025 1143 2202 1197 adhuc
2247 1144 2301 1198 in
2345 1142 2508 1199 dictis
2559 1144 2676 1200 suis
2713 1155 3172 1215 perseverantem,
3226 1147 3439 1217 abjecao

1854 1235 1968 1302 illo,
2011 1243 2266 1306 parentes
2304 1236 2427 1307 ejus
2457 1238 2546 1293 cui
2585 1237 2738 1294 visus
2775 1238 3018 1293 redditus
3052 1239 3228 1294 fuerat
3265 1240 3438 1294 advo-

1851 1335 2069 1392 carunt,
2125 1336 2178 1382 et
2221 1331 2688 1398 percontabantur
2725 1346 2790 1385 ex
2837 1332 2945 1388 iis:
2979 1331 3184 1388 «Dicite
3233 1335 3436 1390 nobis:

1852 1421 2066 1476 hiccine
2103 1422 2460 1478 ﬁlius-vester
2493 1430 2598 1488 est,
2629 1439 2790 1494 quem
2821 1441 2918 1481 vos
2947 1425 3151 1492 dicitis,
3183 1428 3312 1497 quia
3342 1444 3443 1484 caa-

1852 1524 2151 1572 cus‘natus
2181 1518 2307 1573 est?
2339 1517 2623 1584 Quomodo
2651 1536 2782 1592 ergo
2810 1537 2957 1576 nunc
2986 1523 3238 1578 videt"?
3276 1543 3297 1575 ι
3336 1523 3440 1579 Pa-

1854 1618 2036 1664 rentes
2063 1624 2228 1678 porro
2253 1609 2374 1680 ejus
2402 1611 2494 1680 qui
2536 1612 2714 1666 visum
2755 1622 3055 1683 receperat,
3105 1615 3440 1672 sciscitanti-

1857 1702 1960 1758 bus
1986 1703 2401 1772 respondentes,
2425 1703 2603 1760 verbis
2631 1705 2712 1760 usi
2741 1714 2867 1760 sunt
2888 1707 3057 1761 beatze
3081 1705 3346 1764 Susanna:
3361 1709 3434 1764 7':

164 1788 272 1856 τῆς
305 1788 582 1859 μακαρίας
615 1789 947 1859 Σουσάννηςο
968 1789 1136 1843 Στενά
1169 1790 1298 1860 ἡμῖν
1328 1789 1610 1844 πάντοθεν.
1630 1790 1754 1842 Ἐὰν

1858 1795 2140 1864 Augustine
2168 1794 2328 1849 nobis
2362 1794 2635 1865 undique;
2676 1797 2723 1851 si
2761 1797 3062 1855 dixerimus
3097 1819 3109 1854 :
3147 1800 3288 1856 ﬁlius
3341 1816 3439 1858 no-

163 1877 422 1949 εἴπωμεν
449 1880 529 1932 ὅτι
561 1879 688 1943 Υἱὸς
717 1880 873 1950 ἡμῶν
898 1883 1066 1944 ἐστιν,
1115 1883 1212 1934 οὐκ
1246 1880 1620 1951 ἐκφευξόμεθα
1656 1881 1756 1944 τὰς

160 1973 370 2043 χεῖρας
392 1971 544 2042 ὑμῶν
559 1989 572 2002 ο
598 1971 756 2026 τοῦτο
779 1973 888 2044 γὰρ
911 1973 1310 2043 ἐπηγγείλασθε
1331 1987 1345 2001 ⁸
1385 1973 1480 2028 ἐὰν
1504 1974 1561 2027 δὲ
1597 1974 1756 2026 εἴπω-

166 2079 300 2133 μεν,
333 2062 416 2116 ὅτι
440 2063 540 2116 οὐκ
572 2062 718 2116 ἐστιν
745 2064 860 2127 υίὸς
894 2065 1070 2135 ήμῶν,
1100 2064 1322 2117 αἰωνίαν
1365 2065 1582 2118 κόλασιν
1623 2066 1749 2116 ὑπο-

164 2154 492 2226 πησὸμεθα
512 2173 525 2185 ·
573 2156 734 2210 τοῦτο
763 2157 873 2228 γὰρ
910 2157 1196 2211 ἀπόκειται
1230 2160 1342 2220 τοῖς
1369 2157 1467 2230 τὴν
1498 2139 1754 2228 ἀλήθειαν

166 2247 505 2318 κρύπτουσι.
539 2249 650 2315 Διὸ,
682 2249 781 2320 τὴν
808 2250 1034 2303 αἰωνίαν
1067 2249 1266 2319 μᾶλλον
1320 2250 1540 2303 κόλασιν
1570 2266 1755 2320 προτι-

168 2340 472 2410 μήσαντες,
489 2339 741 2394 τοσοῦτον
764 2341 1018 2413 ἐροῦμεν,
1038 2341 1160 2395 ὅσον
1186 2343 1280 2394 καὶ⁵
1299 2343 1357 2393 ἐν
1387 2344 1497 2404 τοῖς
1524 2341 1754 2414 παροῦσι

163 2430 382 2500 ζημίαν
425 2433 523 2502 οὐχ
559 2432 961 2504 ὑπομείνωμενο
991 2453 1010 2484 ι
1033 2427 1200 2498 Οὗτος
1231 2435 1260 2487 ὁ
1297 2437 1444 2500 παῖς,
1478 2429 1522 2488 ὦ
1563 2435 1756 2507 ἄρχοιεν-

161 2539 286 2585 τες,
316 2523 399 2574 ὃτι
440 2524 539 2593 μὲν
584 2522 701 2586 υίὸς
738 2524 894 2594 ἡμῶν
923 2527 1091 2588 ἐστιν,
1126 2525 1303 2596 ἴσμεν,
1338 2528 1431 2579 καὶ
1457 2527 1756 2596 ὅτιτυφλὸς

163 2615 440 2688 ἐγεννήθη
460 2617 558 2669 οὐκ
592 2617 893 2688 ἀγνοοῦμεν
916 2633 930 2646 ·
966 2618 1026 2670 τὸ
1066 2618 1122 2672 δὲ
1149 2618 1266 2682 πῶς
1296 2619 1615 2690 ἀνέϐλεψεν,
1656 2623 1755 2674 οὐκ

162 2707 398 2778 οἴδαμεν
421 2726 434 2739 ο
464 2709 496 2780 ἢ
525 2709 608 2773 τίς
635 2709 843 2780 ἤνοιξεν
869 2709 1044 2763 αὑτοῦ.
1075 2711 1203 2773 τοὺς
1234 2711 1568 2782 ὀφθαλμοὺς,
1589 2715 1755 2784 ἡμεῖς

163 2801 275 2854 οὐκ
300 2800 541 2871 οἴδαμεν.
579 2801 824 2854 Ἡλικίαν
851 2801 984 2872 ἔχει,
1016 2804 1178 2856 αὑτὸν
1221 2806 1754 2877 ἐρωτήσατε,.αύτὺς

159 2892 402 2964 λαλήσει
429 2895 554 2965 περὶ
590 2893 808 2949 ἑαυτοῦ.
850 2913 868 2946 ι

242 2986 299 3040 9.
327 2985 512 3040 Ταῦτα
535 2986 868 3051 ἀκούσαντες
888 2990 936 3042 οἱ
963 2989 1263 3060 Φαρισαῖοι,
1294 2989 1386 3044 καὶ
1416 2989 1620 3060 σφόδρα
1643 2989 1754 3043 δια-

1859 1894 1971 1942 ster
1997 1895 2099 1950 est,
2120 1900 2228 1940 non
2257 1884 2574 1956 effugiemus
2605 1902 2798 1944 manus
2827 1889 3137 1956 vestras;id
3159 1891 3271 1960 jam
3291 1893 3440 1947 enim

1857 1977 2172 2032 comminati
2203 1976 2375 2043 estis;
2414 1978 2512 2033 sin
2534 1977 2856 2045 dixerimus,
2889 1995 2996 2035 non
3041 1992 3126 2036 est
3155 1983 3298 2038 ﬁlius
3341 2000 3442 2038 no-

1858 2079 1989 2134 ster,
2009 2085 2224 2140 pmnam
2252 2070 2777 2135 luemusazternam,
2796 2089 2917 2142 qua:
2945 2073 3228 2128 veritatem
3257 2077 3442 2131 occul-

1858 2162 2103 2217 tantibus
2133 2162 2372 2232 reposita
2395 2169 2511 2216 est.
2541 2160 2720 2228 Quare
2749 2178 2967 2232 poenam
3017 2179 3140 2218 cum
3173 2173 3440 2236 praeopte-

1856 2267 1980 2307 mus
2007 2260 2287 2320 aeternam,
2321 2261 2528 2306 tantum
2557 2253 3029 2324 respondebimus,
3061 2264 3322 2324 quantum
3352 2272 3442 2312 sa-

1861 2343 1934 2398 tis
1984 2344 2099 2398 erit-
2147 2353 2208 2397 ut
2268 2342 2758 2413 impraesentiarum
2819 2359 3032 2414 pmnam
3066 2347 3438 2417 eﬁugiamus:

1863 2453 1882 2486 ι
1925 2433 2166 2500 Scimus,
2227 2449 2261 2488 ο
2315 2433 2625 2506 principes,
2683 2435 2812 2506 quia
2875 2437 2963 2492 hic
3012 2446 3096 2493 est
3154 2439 3297 2495 ﬁlius
3343 2457 3443 2496 no-

1858 2535 1993 2591 ster,
2023 2534 2077 2583 et
2103 2527 2230 2598 quia
2255 2543 2434 2582 caecus
2473 2536 2634 2584 natus
2655 2536 2740 2585 est
2771 2545 2877 2584 non
2909 2530 3261 2600 ignoramus;
3307 2548 3446 2604 quo-

1856 2620 2018 2674 modo
2048 2629 2226 2675 autem
2267 2636 2413 2676 nunc
2445 2619 2641 2684 videat,
2688 2622 2966 2678 nescimus
3001 2641 3013 2678 :
3051 2633 3144 2679 aut
3171 2625 3296 2694 quis
3321 2626 3443 2694 ejus

1857 2713 2066 2782 aperuit
2110 2713 2320 2776 oculos,
2371 2726 2470 2766 nos
2501 2713 2796 2768 nescimus.
2856 2716 3039 2787 Ipsum
3086 2717 3442 2789 interrogate,

1855 2811 2069 2860 aetatem
2100 2804 2282 2870 habet,
2321 2805 2434 2874 ipse
2458 2803 2524 2858 de
2553 2819 2613 2860 se
2642 2805 2892 2876 loquetur
2916 2807 3017 2862 τ’.»

1929 2983 1980 3037 9.
2023 2981 2120 3039 His
2159 2981 2419 3038 Pharisaei
2450 2985 2669 3050 auditis,
2705 3001 2767 3041 ac
2798 2986 3025 3041 multum
3067 2987 3252 3042 anxii:
3298 2988 3440 3045 haud

166 3076 537 3147 πυρούμενον
584 3077 856 3150 ἐπέφερεν
889 3079 1219 3150 γάράῦτοῖς
1249 3082 1310 3134 ού
1351 3081 1450 3152 τὴν
1487 3081 1754 3152 τυχοῦσαν

1858 3075 2131 3130 modicum
2183 3076 2327 3130 enim
2378 3077 2487 3131 illis
2530 3079 2793 3147 pudorem
2828 3079 3104 3142 attulerat,
3165 3079 3309 3149 quod
3355 3081 3441 3135 vel

163 3168 438 3240 αἰσχύνην
459 3169 520 3223 τὸ
538 3169 693 3234 ,ὅλως
715 3171 1114 3242 ὁμολογεῖσθαι,
1141 3174 1221 3226 ὅτι
1251 3173 1364 3234 υἱὸς
1412 3173 1588 3225 αὐτῶν
1617 3175 1754 3240 ἐστι,

167 3265 271 3315 καὶ
303 3263 387 3315 ὅτι
411 3263 610 3332 τυφλὸς
636 3262 900 3334 ἐγεννήθη
921 3279 934 3293 ⁸
969 3264 1048 3327 ὡς
1074 3259 1167 3318 οῦν
1198 3261 1337 3317 εἶδον
1357 3265 1407 3316 οἱ
1435 3265 1757 3332 Φαρισαῖκοὶ

166 3356 363 3426 κριταὶ
398 3355 753 3425 ἐπιμένοντας
780 3355 908 3418 τοὺς
949 3357 1124 3422 γονεῖς
1161 3355 1255 3407 τοῦ
1295 3353 1519 3424 τυφλοῦ,
1547 3355 1640 3406 καὶ
1672 3353 1758 3406 λέ-

165 3462 395 3514 γοντας,
429 3447 512 3499 ὅτι
551 3441 721 3510 Οὗτος
747 3448 776 3498 δ
803 3445 916 3508 υίὸς
943 3446 1100 3516 ήμῶν
1143 3448 1281 3509 ἐστι,
1322 3447 1416 3500 καὶ
1444 3447 1525 3499 ὃτι
1558 3445 1757 3515 τυφλὸς

165 3537 464 3608 ἐγεννήθη,
491 3538 594 3590 ἐπὶ
625 3537 800 3608 τούτῳ
826 3537 1167 3606 δακνόμενοι,
1210 3537 1397 3608 ἐπειδὴ
1425 3537 1758 3608 ὡμολογεῖτο

164 3632 207 3700 ἡ
248 3628 497 3701 ἀλήθεια,
545 3629 698 3693 τινὰς
737 3628 844 3683 τῶν
889 3629 1220 3683 ἀπατεώνων
1265 3631 1330 3682 ἐκ
1375 3629 1483 3681 τῶν
1535 3629 1758 3683 ὄπισθεν

164 3721 502 3777 ἀπέστειλαν
537 3719 674 3790 πρὸς
696 3723 822 3784 τοὺς
849 3724 1028 3790 γονεῖς
1055 3721 1151 3774 τοῦ
1176 3721 1401 3792 τυφλοῦ,
1433 3723 1759 3794 περιηχοῦν-

163 3831 274 3878 τας
309 3812 489 3866 αὐτῶν
517 3812 617 3876 τὰς
646 3813 839 3877 ἀκοάς,
865 3817 958 3868 καὶ
990 3816 1048 3867 ἐν
1095 3812 1174 3884 τῷ
1207 3813 1434 3886 κρυπτῷ
1462 3813 1716 3883 λέγοντας
1741 3834 1754 3848 ο

180 3905 524 3978 Ἀρνήσασθε
567 3906 629 3958 τὸ
668 3905 858 3958 τέκνον
900 3905 1076 3977 ὑμῶν,
1119 3907 1214 3960 καὶ
1256 3907 1330 3978 μὴ
1359 3907 1755 3980 ὁμολογήσητε,

168 4001 255 4053 ὅτι
277 3997 484 4067 τυφλὸς
512 3999 798 4068 ἐγεννήθη,
830 3999 977 4063 ὅπως
1001 3998 1165 4072 ἓξητε
1201 4001 1327 4064 τοὺς
1361 4001 1628 4071 ἄρχοντας
1673 4003 1759 4072 φί-

166 4091 443 4155 λουςγκαὶ
467 4089 680 4144 πολλῶν
718 4089 937 4162 δωρεῶν
975 4091 1367 4162 ἀξιωθήσεσθε.
1408 4094 1470 4146 Oi
1499 4093 1557 4146 δὲ
1585 4098 1759 4162 γονεῖς

167 4183 271 4239 τοῦ
300 4182 724 4252 ἀναϐλέψαντος,
750 4185 852 4237 ὅσα
879 4199 939 4235 τε
968 4185 1163 4252 γονεῖς,
1186 4183 1514 4254 δακρύοντες
1534 4186 1761 4257 ἀπεκρίο

170 4293 340 4330 ναντο
367 4276 501 4348 πρὸς
527 4277 652 4339 τοὺς
691 4275 762 4330 τὰ
797 4275 1001 4336 μάταια
1030 4276 1500 4347 συμϐουλεύοντας
1525 4297 1538 4310 ·
1574 4279 1639 4332 Τί
1673 4278 1758 4332 λέο

169 4383 326 4436 γετε,
356 4360 402 4419 ὧ
435 4365 738 4438 ἄνθρωποι;
764 4365 829 4417 Τί
852 4366 1001 4435 ἡμᾶς
1027 4364 1364 4436 ύποσύρετε;
1394 4365 1758 4438 ἀρνησώμεθα

1860 3165 2102 3223 confessi
2131 3177 2338 3232 essent,
2371 3169 2550 3237 ipsum
2583 3168 2751 3223 ﬁlium
2781 3185 2905 3225 esse
2937 3187 3117 3234 suum,
3151 3179 3313 3241 atque
3342 3187 3442 3227 cae-

1857 3273 1983 3313 cum
2023 3265 2211 3312 natum
2241 3258 2450 3315 fuisse:
2491 3276 2615 3316 cum
2641 3261 2888 3315 viderent
2927 3261 3110 3332 itaque
3137 3261 3442 3319 Pharisaici

1853 3349 2070 3419 judices
2102 3367 2450 3420 perseverare
2477 3354 2605 3406 (εποί
2638 3361 2910 3422 parentes,
2941 3369 3003 3408 ac
3035 3354 3235 3420 dicere,
3267 3356 3440 3411 Filius

1859 3448 2048 3495 noster
2097 3451 2201 3508 est,
2258 3458 2321 3496 ac
2383 3458 2559 3498 carens
2606 3453 2769 3498 nattts
2797 3463 2811 3498 :
2841 3459 2906 3499 eo
2948 3445 3266 3502 discruciati
3293 3447 3440 3517 qttod

1859 3531 2062 3587 veritas
2093 3532 2149 3586 in
2178 3533 2434 3588 confesso
2448 3543 2612 3599 esset,
2638 3536 2964 3604 impostores
2980 3535 3246 3605 quosdam
3271 3537 3410 3592 clien
3423 3566 3444 3578 -

1859 3631 1943 3678 tes
1989 3639 2120 3678 suos
2156 3624 2424 3680 miserunt
2467 3625 2560 3682 ad:
2593 3633 2846 3693 parentes
2886 3626 3054 3688 czeci,
3121 3625 3214 3695 qui
3248 3640 3440 3680 eorum

1859 3717 2093 3771 auribus
2133 3717 2564 3780 insusurrarent,
2620 3727 2782 3787 atque
2823 3719 2962 3771 clam
2997 3717 3286 3773 dicerent:
3332 3719 3445 3774 Ab-

1859 3817 2056 3879 negate
2107 3809 2278 3863 lilium
2308 3816 2572 3874 vestrum,
2607 3824 2706 3863 nec
2748 3809 3025 3864 fateamini
3067 3825 3271 3864 aecum
3319 3825 3443 3867 esse

1861 3910 2075 3966 uatum,
2109 3900 2363 3955 ut-vobisv
2386 3899 2663 3970 principes
2705 3900 2816 3954 sint
2856 3901 3054 3967 amici;
3091 3911 3256 3971 atque
3300 3903 3444 3956 mul-

1860 3994 1934 4049 tis
1977 3993 2634 4048 donemini'munerihus.
2685 3991 2945 4048 Parentes
2971 4003 3150 4048 autem
3181 3995 3302 4062 ejus
3347 3995 3439 4064 qui

1859 4085 2039 4139 visunt
2078 4092 2380 4154 receperat,
2424 4093 2614 4156 utpote
2667 4094 2943 4155 parentes,
3005 4100 3129 4138 cum
3184 4086 3440 4155 lucrymis

1861 4178 2264 4247 responderunt
2302 4179 2462 4233 vanis
2510 4179 2619 4232 illis
2668 4179 3112 4234 consiliatoribus
3141 4198 3152 4233 :
3186 4177 3323 4244 Quid
3355 4179 3439 4234 di-

1861 4271 2006 4333 citis,
2045 4286 2078 4324 ο
2111 4271 2404 4327 homines?
2428 4269 2566 4337 Quid
2610 4287 2710 4324 nos
2750 4271 3103 4326 subornatis?
3131 4270 3441 4343 proprium-

1860 4377 1932 4416 ne
1961 4361 2130 4416 ﬁlium
2160 4361 2548 4432 abnegabimus
2573 4362 2596 4414 ?
2649 4359 2801 4415 Feris
2826 4377 2926 4416 nos
2956 4360 3288 4417 crudeliores
3318 4377 3441 4417 cssc

173 4459 236 4512 τὸ
265 4459 398 4510 ἴδιον
432 4457 588 4528 ἡμῶν
621 4457 840 4521 τέκνον;
882 4456 1098 4526 Θηρίων
1130 4459 1281 4528 ἡμᾶς
1318 4457 1628 4529 ὼμοτέρους
1667 4459 1754 4511 θέ-

1864 4455 2052 4508 vultis.
2113 4453 2290 4508 Draco
2320 4454 2526 4524 prolem
2571 4467 2726 4507 suam
2769 4451 3170 4521 complectitur,
3231 4467 3440 4522 nosque

170 4560 299 4603 ).ετε
323 4545 484 4603 εἶναι.
517 4549 744 4622 Δράκων
773 4548 842 4602 τά
871 4549 974 4602 ἴδια
996 4550 1159 4603 τέκνα
1188 4551 1640 4621 περιπτύσσεται,
1665 4553 1760 4606 καὶ

171 4645 341 4713 ἡμεῖς
378 4641 442 4694 τὸ
481 4641 609 4694 [διον
650 4641 838 4694 τέκνον
887 4640 1293 4712 ἀρνησώμεθα;
1333 4641 1408 4714 μὴ
1458 4642 1568 4714 γὰρ
1599 4645 1759 4712 ἠπεί-

170 4731 313 4802 θησε
359 4733 469 4793 τοῖς
498 4729 712 4797 γονεῦσί
737 4746 884 4782 ποτεο
920 4729 1054 4784 ἀλλά
1093 4731 1188 4783 καὶ
1218 4731 1418 4799 τυφλὸς
1450 4730 1526 4784 ὢν
1553 4731 1758 4804 διέτρε-

165 4842 275 4894 φεν
298 4824 466 4894 ἡμᾶς,
492 4823 587 4876 καὶ
619 4821 927 4891 ἀναϐλέψας
953 4820 1131 4892 πολλῷ
1163 4822 1359 4891 μᾶλλον
1381 4840 1450 4894 γη
1458 4824 1753 4895 ροκομήσει

167 4916 345 4987 ἡμᾶς.
397 4913 696 4982 Ἀρκείσθω
727 4909 818 4966 οὖν
845 4914 1006 4984 ὑμῖνο
1042 4913 1202 4977 ἔστω,
1230 4915 1310 4968 ὅτι
1343 4915 1402 4968 οὐ
1438 4914 1662 4986 θέλομεν
1689 4916 1756 4969 δι’

168 5013 323 5083 ὑμᾶς
355 5010 646 5081 κηρύττειν
691 5009 783 5063 τὸν
816 5009 1240 5081 περιοδεύσαντα
1282 5009 1344 5061 τὸ
1375 5009 1642 5080 ἡμέτερον
1669 5007 1754 5063 τέτ

170 5121 324 5167 tvo",
357 5101 478 5153 οὔτε
507 5102 679 5154 εἰπεῖν
723 5101 860 5170 μετά
891 5099 1224 5171 παρρησίας,
1266 5099 1348 5160 τίς
1390 5101 1540 5152 ἐστιν
1578 5092 1753 5160 οὗτος.

170 5197 337 5249 Ἐστι
373 5194 431 5246 δὲ
465 5195 637 5245 εἰπεῖν
668 5211 790 5249 τινα
807 5193 1023 5255 πάντως
1041 5208 1054 5221 ·
1086 5193 1194 5244 Ka‘t
1225 5189 1386 5244 πόθεν
1405 5190 1589 5260 ἡμῖνὴ
1618 5189 1756 5258 γνῶη

171 5304 280 5347 τις,
312 5286 396 5338 ὅτι
424 5284 512 5338 διὰ
540 5285 630 5337 τὸν
657 5283 984 5355 Φαρισαῖκδν
1023 5282 1187 5351 φέϐον
1222 5279 1464 5353 ἔκρυψαν
1495 5281 1542 5332 οἱ
1577 5284 1754 5347 γονεῖς

175 5377 266 5431 τοῦ
296 5376 706 5445 ἀναϐλέψαντος
745 5374 806 5431 τὸ
837 5373 1069 5446 κηρύξαι
1097 5374 1186 5427 τὸν
1217 5373 1494 5443 Δεσπότην
1520 5372 1753 5443 Χριστὸν

1861 4549 2143 4618 proprium
2175 4547 2495 4617 negabimus
2542 4544 2751 4599 lilium?
2803 4544 3086 4614 Nunquam
3125 4545 3440 4614 parentibus

1859 4634 2246 4706 immorigerus
2276 4633 2377 4688 fuit
2403 4651 2418 4700 ;
2449 4633 2543 4688 sed
2595 4648 2774 4687 crecus
2813 4648 2936 4686 cum
2967 4641 3114 4688 esset
3142 4648 3245 4689 nos
3272 4633 3436 4698 aluit;

1858 4733 2148 4797 postquam
2215 4725 2393 4780 visum
2475 4724 2715 4793 recepit,
2792 4724 2974 4789 ,multo
3037 4727 3211 4796 magis
3280 4741 3441 4780 senc-

1859 4823 2062 4871 ctutem
2097 4815 2299 4872 fovebit
2327 4827 2591 4872 nostram.
2613 4816 2757 4871 Satis
2782 4817 2964 4887 itaque
2994 4816 3068 4872 sit
3097 4816 3271 4880 vobis,
3291 4817 3436 4886 quod

1856 4916 2098 4964 vestrum
2153 4911 2324 4981 gratia
2381 4910 2618 4966 nolimus
2643 4925 2765 4964 eum
2813 4909 3106 4978 praedicare
3132 4909 3224 4978 qui
3267 4908 3434 4962 ﬁlium

1863 5008 2114 5054 nostrum
2151 5001 2384 5061 curavit,
2432 5016 2608 5070 neque
2637 5015 2762 5054 cum
2803 4998 2999 5052 ﬁducia
3028 4998 3232 5063 dicere,
3283 4997 3437 5066 quis-

1858 5109 2000 5148 nam.
2024 5094 2114 5150 ille
2140 5095 2230 5149 sit.
2267 5095 2381 5148 Erit
2413 5093 2641 5148 fortasse
2667 5092 2936 5162 quispiam
2965 5089 3057 5160 qui
3085 5089 3232 5143 dicat
3269 5108 3282 5142 :
3317 5087 3438 5142 Un—

1861 5187 1928 5241 de
1972 5186 2130 5241 nobis
2159 5186 2369 5255 liquet,
2407 5197 2551 5239 metu
2579 5184 2976 5237 Pharisaeorum
3013 5185 3267 5250 parentes
3313 5178 3436 5247 ejus

1859 5281 1952 5351 qui
1977 5281 2152 5335 visum
2173 5289 2478 5349 receperat,
2504 5293 2610 5332 non
2642 5292 2807 5330 ausos
2835 5275 3005 5328 fuisse
3037 5287 3222 5326 coram
3254 5269 3432 5324 ontni-
3523 5279 3530 5283 '

1859 5373 1961 5426 bus
1995 5371 2282 5426 Dominum
2303 5370 2582 5426 Christum
2613 5366 2943 5437 pratdicare?
2975 5362 3127 5419 Unde
3158 5362 3262 5416 hoc
3291 5374 3446 5415 comv

241 5559 291 5588 ’³
337 5556 495 5611 Rom.
531 5557 748 5622 XI,,3i,
781 5555 872 5610 55.
949 5554 994 5585 "
1031 5553 1197 5612 Joan.
1227 5566 1318 5619 lx,
1345 5554 1432 5608 ll.
1509 5553 1553 5583 ⁷⁵
1595 5551 1724 5608 ibid:
1766 5551 1850 5609 19;
1927 5552 1974 5583 ⁷⁸
2015 5549 2149 5605 Dan.
2184 5563 2315 5617 xm,
2351 5547 2438 5602 9.2.
2518 5549 2559 5578 ⁷⁷
2601 5545 2752 5600 Joan.
2795 5561 2877 5608 ix,
2914 5541 3018 5604 20,
3057 5539 3147 5594 2|.

246 5711 366 5783 (82)
404 5711 621 5783 “(33.2,
658 5711 968 5784 παραδόξως
1010 5713 1382 5781 ποιήσαντοςιι.
