3832 6216
3518 263 3653 320 1010

405 293 546 351 1015
1217 284 1221 288 ”
1536 288 1596 343 S.
1636 277 2102 340 ATHANASIUS.
2144 310 2216 326 —
2254 278 2529 341 SPURIA.

406 404 686 477 probetur,
714 403 1045 475 evangelista
1093 402 1211 473 ipse
1257 400 1498 458 Joannes
1525 398 1846 455 memoravit
1888 398 1979 453 his

2102 396 2173 450 ιπὶ
2200 396 2453 462 πάντων;
2481 392 2652 448 Πόθεν
2706 385 2799 446 οῦν
2832 388 2963 462 ἡμῖν
2998 389 3033 459 ἡ
3078 382 3373 448 ἀπόδειξις,
3629 380 3658 431 ὁ

404 472 586 554 verbis
619 512 637 551 :
671 513 691 546 ι
730 472 1079 550 Haec'autem
1118 472 1388 549 dixerunt
1431 499 1683 563 parentes
1723 491 1845 560 ejus
1887 487 1981 560 qui

2102 487 2474 559 εὐαγγελιστὴς
2548 485 2800 554 Ἰωάννης
2867 478 3318 551 ἀπεμνημόνευσε
3351 518 3368 541 ,
3434 472 3618 541 λέγων
3642 487 3657 501 ο

404 587 582 644 visum
628 592 935 654 receperat,
968 585 1228 656 quoniam
1255 583 1521 639 timebant
1567 580 1806 637 Iudaeos.
1862 581 1982 637 Jam

2102 605 2110 639 ι
2146 582 2331 639 Ταῦτα
2367 583 2424 637 δὲ
2451 580 2636 650 ελεγον
2678 578 2727 631 οἱ
2752 577 2930 645 γονεῖς
2961 572 3055 627 τοῦ
3100 570 3532 640 ἀναϐλέψαντος,
3582 567 3664 619 ὅτι

404 675 551 732 enim
584 676 1037 746 conspiraverant
1060 673 1254 743 Judaei,
1284 682 1345 730 ut
1381 675 1428 730 si
1454 675 1579 746 quis
1606 690 1730 730 eum
1759 676 1982 731 conﬁte-

404 777 562 825 retur
613 782 737 824 esse
786 766 1090 833 Christum,
1119 775 1273 823 extra
1303 766 1641 839 Synagogam
1678 766 1829 822 ﬁeret
1854 767 1919 822 ".
1959 787 1979 820 ι

406 857 601 914 Viden’
628 857 998 915 Pharisaicam
1029 858 1332 915 malitiam?
1354 857 1491 912 Cum
1516 858 1852 928 Oportuisset
1887 871 1984 911 eos

405 952 697 1009 Dominum
747 949 1019 1017 conﬁteri,
1075 950 1362 1021 procidere
1401 964 1584 1004 coram
1627 950 1767 1019 ipso,
1822 955 1987 1019 atque

408 1044 641 1100 adorare
669 1043 1007 1107 Creatorem,
1052 1057 1117 1097 ac
1141 1043 1349 1097 morbis
1376 1041 1676 1097 remedium
1711 1054 1984 1111 quaerere;

405 1156 521 1196 non
554 1138 720 1195 modo
743 1138 821 1194 illi
853 1152 961 1193 non
991 1137 1417 1196 conﬁtebantur.
1461 1134 1556 1207 sed
1588 1150 1684 1190 eos
1719 1135 1814 1205 qui
1853 1147 1988 1187 con-

406 1231 693 1287 fiterentur
722 1230 1025 1286 caedebant.
1056 1227 1423 1295 Quamobrem
1474 1228 1555 1283 sic
1601 1241 1698 1281 eos
1730 1223 1989 1280 condem-

405 1329 509 1377 nat
564 1320 827 1378 Dominus
868 1339 883 1375 :
927 1339 948 1374 ι
994 1318 1087 1375 Vae
1134 1319 1327 1382 vobis,
1384 1318 1589 1373 Scriba:
1627 1323 1680 1371 et
1728 1314 1989 1369 Pharisaei

407 1412 726 1483 hypocrita,
779 1412 906 1482 quia
947 1411 1138 1467 tollitis
1170 1412 1375 1466 clavem
1418 1408 1570 1479 regni
1601 1406 1887 1469 caelorum,
1934 1412 1992 1459 et

407 1520 516 1561 nec
554 1504 657 1575 ipsi
700 1505 956 1569 intratis,
993 1518 1097 1558 nec
1121 1503 1369 1558 volentes
1402 1501 1584 1556 sinitis
1630 1500 1835 1554 intrare
1854 1498 1920 1550 ⁷⁸.
1964 1514 1985 1548 ι

469 1742 573 1827 ⁸10.
612 1770 755 1837 Quid
803 1785 935 1841 ergo
973 1770 1195 1839 judices
1223 1766 1570 1823 Pharisaici?‘
1616 1765 1690 1822 Ut
1734 1765 1991 1821 viderunt

409 1867 674 1933 parentes
732 1860 855 1930 ejus
909 1861 1004 1930 qui
1059 1860 1242 1915 visum
1279 1865 1589 1929 receperat,
1640 1873 1752 1912 non
1788 1873 1856 1913 ex
1892 1872 1993 1913 sua

412 1950 752 2024 respondere
804 1950 1122 2016 sententia;
1160 1950 1229 2005 iis
1258 1964 1356 2020 per
1386 1950 1549 2005 aliam
1589 1949 1814 2018 januam
1855 1947 1996 2018 reje-

414 2042 549 2105 ctis,
581 2049 746 2111 atque
778 2039 981 2095 iterum
1013 2039 1190 2095 accito
1214 2054 1406 2095 eorum
1435 2038 1549 2094 filio
1583 2039 1677 2109 qui
1698 2039 1876 2094 visum
1908 2052 1997 2093 re-

413 2138 664 2205 ceperat,
693 2145 804 2187 non
837 2131 1028 2186 aderat
1052 2132 1199 2186 enim
1230 2130 1398 2197 illius,
1431 2145 1559 2186 cum
1611 2130 1870 2186 Pharisaei
1902 2145 1997 2199 pa-

414 2234 604 2282 rentes
631 2223 754 2294 ejus
800 2224 1250 2293 interrogarent;
1287 2223 1551 2279 coloratis
1585 2222 1766 2278 verbis
1799 2222 1997 2276 iterum

414 2317 764 2386 interrogant
804 2314 1082 2371 hominem
1111 2314 1205 2384 qui
1250 2315 1431 2369 visum
1484 2320 1785 2382 receperat,
1816 2313 2002 2368 dicen-

414 2415 544 2465 tes:
583 2406 684 2463 Vel
725 2407 886 2462 modo
917 2421 1048 2462 vera
1095 2404 1401 2471 confiteris,
1440 2413 1604 2476 atque
1648 2406 1825 2476 palam
1865 2404 2000 2460 facis

416 2496 707 2560 omnibus,
731 2502 786 2550 te
831 2510 941 2549 non
981 2510 1105 2551 esse
1139 2497 1295 2551 illum
1326 2511 1357 2550 a
1411 2496 1698 2551 nativitate
1749 2510 1951 2550 cacum
1982 2513 1997 2550 :

417 2585 588 2641 modo
616 2601 858 2656 praesens
907 2585 1131 2642 dicebas
1194 2594 1248 2643 te
1277 2587 1346 2644 iis
1393 2602 1518 2643 esse
1564 2587 1903 2658 parentibus,
1947 2594 2003 2642 et

419 2694 549 2735 ecce
577 2679 890 2735 audivimus
919 2679 988 2733 ab
1014 2678 1145 2743 illis,
1184 2687 1237 2734 te
1268 2679 1486 2733 illorum
1518 2694 1630 2733 non
1656 2693 1778 2733 esse
1809 2678 2002 2743 tilium,

419 2785 523 2825 nec
555 2769 814 2824 habuisse
873 2784 936 2824 se
984 2769 1153 2823 lilium
1187 2784 1217 2822 a
1252 2769 1531 2827 nativitatc
1576 2784 1798 2825 caecum.
1843 2768 2000 2839 371

420 2859 563 2931 Quid
589 2868 647 2914 tu
670 2875 803 2930 ergo
833 2875 1151 2930 perseveras
1172 2860 1440 2917 dicendo:
1466 2859 1639 2918 Homo
1666 2861 1884 2930 quidam
1910 2873 2008 2913 no-

419 2952 570 3007 mine
594 2949 757 3007 Jesus
776 2951 895 3006 luto
914 2951 1070 3006 unxit
1084 2952 1276 3008 oculos
1301 2966 1474 3018 meos,
1494 2960 1550 3006 et
1576 2952 1704 3016 lavi,
1735 2959 1791 3007 et
1816 2950 2014 3010 video?

2086 676 2377 747 ἐφοϐοῦντο
2395 675 2522 738 τοὺς
2559 671 2864 733 Ἰουδαίους.
2891 667 3032 735 Ἤδη
3063 664 3173 735 γὰρ
3211 659 3589 715 συνετέθειντο
3615 658 3666 710 οι

2097 770 2362 831 Ἰουδαῖοι,
2385 767 2493 826 ἵνα,
2511 763 2606 817 ὲάν
2633 779 2717 826 τις
2740 760 2902 814 αὑτὸν
2922 755 3231 829 ὁμολογήσῃ
3255 749 3523 823 Χριστὸν,
3540 749 3663 799 ἀπο-

2088 860 2399 928 συνάγωγος
2421 858 2666 928 γένηται.
2725 874 2744 907 ι
2784 847 2940 915 Εἶδες
2988 844 3323 919 Φαρισαῖκὴν
3367 839 3666 911 πονηρίαν.

2086 953 2214 1006 Δέον
2247 950 2443 1013 αὐτοὺς
2472 947 2756 1019 ὁμολογεῖν
2787 944 2882 998 τὸν
2921 939 3146 1011 Κύριον,
3173 932 3548 1007 προσπίπτειν
3584 945 3664 1019 τε,

2085 1045 2182 1098 καὶ
2204 1017 2529 1111 προσκυνεῖν
2548 1039 2637 1093 τὸν
2653 1036 2912 1106 Κτίστην,
2930 1033 3010 1086 ἔτι
3031 1031 3088 1085 δὲ
3112 1027 3206 1082 καὶ
3226 1025 3334 1079 τῶν
3353 1020 3552 1076 παθῶν
3570 1017 3674 1088 τὴν

2086 1136 2240 1191 λύσιν
2267 1136 2543 1205 ἐπιζητεῖν
2563 1151 2577 1163 ο
2607 1133 2806 1184 ἐκεῖνοι
2821 1128 2875 1181 δὲ
2894 1128 2955 1180 οὑ
2984 1124 3141 1196 μόνον
3161 1120 3258 1190 οὐχ
3282 1115 3669 1205 ὡμολόγησαν,

2088 1228 2226 1284 ἀλλὰ
2256 1228 2350 1282 καὶ
2387 1204 2513 1289 τοὺς
2557 1218 2954 1295 ὁμολογοῦντας
2997 1213 3307 1286 ἐμάστιζον.
3353 1208 3449 1262 Διὸ
3506 1206 3605 1259 καὶ
3643 1204 3670 1257 ό

2088 1315 2293 1391 Κύριος
2343 1314 2686 1387 κατακρίνων
2734 1310 2933 1372 αὐτοὺς
2982 1306 3201 1375 ἔλεγεν·
3242 1321 3263 1355 ι
3311 1299 3453 1354 Οὐαὶ
3510 1297 3665 1391 ὑμῖν,

2089 1387 2443 1483 Γραμματεῖς
2468 1406 2563 1459 καὶ
2583 1406 2863 1474 Φαρισαῖοι
2896 1394 3208 1468 ὑποκριταὶ,
3249 1393 3332 1447 ὅτι
3369 1392 3547 1483 ηρατε
3574 1387 3672 1483 την

2090 1480 2276 1556 κλεῖδα
2308 1499 2409 1569 τῆς
2450 1496 2726 1568 βασιλείας
2758 1493 2869 1546 τῶν
2914 1487 3180 1561 οὐρανῶν,
3214 1485 3309 1537 καὶ
3341 1480 3468 1535 οὔτε
3516 1480 3674 1548 ὑμεῖς

2091 1591 2427 1666 εἰσέρχεσθε,
2459 1588 2585 1642 οῦτε
2617 1588 2675 1642 δὲ
2698 1588 2823 1650 τοὺς
2858 1575 3503 1656 βουλομὲωυςηεὶσελθεῖν
3539 1586 3671 1639 συγ-

2092 1687 2340 1757 χωρεῖτε.
2377 1702 2396 1735 ι

2165 1774 2254 1830 10.
2294 1773 2360 1827 Τί
2399 1768 2492 1826 οὖν
2531 1773 2587 1824 οῖ
2615 1768 2931 1841 Φαρισαῖκοὶ
2979 1764 3166 1836 κριταί
3188 1780 3203 1829 ;
3249 1763 3337 1825 Ὡς
3370 1757 3517 1814 εἶδον
3546 1769 3672 1817 τους

2091 1869 2269 1937 γονεῖς
2298 1864 2392 1918 τοῦ
2414 1863 2812 1932 ἀναϐλέψαντος
2837 1860 2999 1933 μηδὲν
3022 1859 3162 1931 πρὸς
3191 1857 3251 1909 τὸ
3272 1853 3465 1909 δοκοῦν
3489 1854 3673 1914 αὑτοῖς

2094 1956 2575 2029 ἀποκρινομένους,
2602 1953 2825 2016 τούτους
2850 1951 3201 2020 ἀπωσάμενοι
3226 1947 3301 2000 δι”
3331 1946 3531 2016 ἐτέρας
3580 1942 3674 1994 θύ-

2099 2069 2216 2124 ρας,
2244 2050 2338 2104 καὶ
2359 2052 2424 2101 ὲκ
2447 2046 2699 2117 δευτέρου
2718 2045 3171 2117 προφωνήσαντες
3188 2038 3279 2092 τὸν
3295 2035 3678 2105 ἀναϐλέψαντα
3788 2114 3789 2123 γ

2095 2144 2295 2198 παῖδαο
2338 2143 2438 2195 οὐκ
2470 2135 2541 2210 ἦν
2572 2139 2682 2211 γὰρ
2727 2135 2914 2209 παρὼν
2949 2134 2979 2186 ὁ
3020 2136 3168 2196 παῖς,
3214 2132 3301 2185 ὅτε
3337 2131 3440 2201 τὴν
3486 2127 3678 2180 πεῦσιν

2097 2234 2376 2308 προσῆγον
2399 2235 2446 2286 οἱ
2478 2233 2758 2304 Φαρισαῖοι
2798 2230 2908 2291 τοῖς
2954 2224 3201 2296 γονεῦσιν
3231 2221 3423 2276 αὑτοῦ·
3458 2218 3681 2273 πιθανο-

2095 2325 2386 2397 λογοῦντες
2423 2324 2534 2390 (85)
2590 2319 2891 2393 ἐπηρώτων
2929 2317 3089 2372 πάλιν
3136 2316 3228 2370 τὸν
3272 2311 3678 2389 ἀναϐλέψαντα,

2097 2421 2354 2488 λέγοντες
2381 2414 2560 2487 αὐτῷ·
2610 2412 2728 2467 Κάν
2761 2410 2858 2464 νῦν
2908 2409 3189 2477 ὁμολογεῖς
3240 2405 3343 2476 τὴν
3399 2403 3680 2472 ἀλήθειαν,

2100 2512 2196 2567 καὶ
2228 2511 2362 2563 πᾶσι
2395 2505 2625 2577 φανερὸν
2655 2502 2937 2573 καθιστᾷς,
2972 2499 3054 2552 ὁτι
3100 2497 3201 2550 οὑκ
3244 2491 3293 2548 εἶ
3328 2495 3396 2548 σὺ
3427 2496 3457 2548 ὁ
3494 2495 3563 2546 ἐκ
3597 2510 3682 2561 γε-

2099 2603 2259 2672 νετῆς
2290 2597 2490 2668 τυφλός
2512 2613 2525 2626 ·
2554 2595 2654 2665 ἥδη
2682 2592 2790 2664 γὰρ
2827 2588 3016 2662 παρὼν
3065 2588 3201 2657 ἔφης
3223 2584 3430 2655 γονέων
3464 2582 3681 2672 ἐκείνων

2101 2687 2265 2753 εἶναι,
2307 2691 2401 2744 καὶ
2453 2687 2561 2741 ἰδοὺ
2607 2683 2922 2755 ἀκηκόαμεν
2956 2680 3085 2751 παρ’
3131 2676 3334 2740 αὐτῶν,
3378 2676 3464 2733 ὅτι
3504 2675 3609 2727 οὐκ
3637 2665 3684 2725 εί

2104 2782 2283 2837 αὐτῶν
2312 2780 2450 2844 υἱὸς,
2492 2778 2615 2831 οὐδὲ
2646 2776 2803 2846 ἔσχον
2856 2775 2920 2827 ὲκ
2946 2770 3175 2841 γενετῆς
3225 2768 3430 2838 τυφλὸν
3474 2768 3679 2820 τέκνον.

2105 2874 2230 2938 Πῶς
2262 2867 2353 2928 οὖν
2393 2871 2456 2923 σὺ
2487 2866 2741 2940 ὲπιτρίϐῃ
2773 2865 2967 2933 λέγων,
3002 2863 3086 2916 ὅτι
3116 2858 3454 2930 Ἄνθρωπός
3481 2875 3573 2920 τις
3603 2856 3685 2909 λε-

2106 2965 2335 3035 γόμενος
2370 2959 2575 3031 Ἰησοῦς
2596 2958 2852 3029 ὲπέχρισε
2881 2953 3052 3023 πηλὸν
3085 2953 3177 3005 ἐπὶ
3203 2951 3315 3035 ς84)
3336 2951 3468 3013 τοὺς
3494 2948 3687 3018 aged-

421 3038 524 3095 H‘is
551 3040 752 3098 auditis
785 3040 999 3111 illequi
1037 3040 1216 3099 visum
1273 3053 1575 3111 receperat,
1622 3049 1998 3112 compertaque

2116 3027 2248 3130 ito-6.;
2279 3074 2402 3128 μου,
2433 3027 2527 3108 καὶ
2543 3027 2835 3122 ἐνιψάμην,
2859 3050 2952 3103 καὶ
2985 3046 3167 3118 βλέπω
3189 3027 3212 3110 ;⁸
3232 3044 3421 3098 Ταῦτα
3448 3042 3687 3106 ἀκούσας

421 3146 614 3185 eorum
644 3131 877 3196 malitia,
908 3131 1191 3202 respondit
1221 3131 1329 3186 illis
1361 3150 1375 3186 :
1408 3130 1613 3188 Mirum,
1640 3133 1686 3185 si
1723 3146 1851 3185 vere
1891 3131 2005 3186 ha:c

423 3223 631 3279 dicitis.
683 3223 944 3294 Nunquid
968 3230 1230 3293 parentes
1258 3223 1540 3293 proprium
1576 3222 1746 3279 lilium
1779 3223 2010 3293 abnega-

424 3321 807 3385 re‘potuerunt
841 3332 856 3369 :
892 3314 1196 3384 pmsertim
1225 3321 1400 3367 mater
1431 3312 1762 3378 masculum,
1792 3321 1888 3369 aut
1917 3312 2010 3384 μοι

350 3430 353 3431 ν
427 3416 517 3462 ter
545 3406 601 3460 in
635 3405 788 3461 nullo
820 3403 1103 3461 offensus?
1133 3404 1366 3458 multum
1396 3403 1721 3460 incredibile
1767 3403 1900 3459 illud
1929 3403 2012 3457 vi-

427 3500 610 3560 detur.
643 3514 746 3555 nec
779 3497 914 3553 illud
943 3512 1079 3553 meae
1117 3503 1351 3568 possunt
1379 3510 1575 3567 capere
1601 3510 1797 3561 aures,
1848 3496 1909 3552 Si
1936 3504 2015 3549 ta-

425 3610 556 3652 men
604 3592 738 3648 illud
793 3592 995 3648 factum
1030 3589 1152 3657 fuit,
1210 3589 1348 3645 nihil
1379 3590 1624 3644 mirum:
1674 3589 1729 3644 id
1765 3589 2017 3645 humanae

429 3695 641 3747 naturae
692 3684 974 3756 proprium
1011 3691 1117 3748 est,
1169 3697 1338 3753 quare
1376 3681 1591 3737 veniam
1638 3680 2015 3747 merebuntur,

429 3779 578 3849 quod
609 3794 679 3834 ex
711 3785 858 3833 metu
891 3776 946 3831 id
973 3778 1205 3848 egerint.
1243 3773 1612 3840 \los.Scribae,.
1634 3773 1803 3831 Deum
1847 3774 2018 3835 abne-

431 3873 576 3943 gatis
612 3890 625 3927 :
656 3878 821 3941 atque
852 3871 925 3924 ita
957 3884 1055 3923 vos
1094 3870 1287 3941 geritis
1315 3869 1473 3940 quasi
1503 3867 1640 3922 nihil
1670 3867 1799 3921 mali
1827 3867 2019 3922 admit-

430 3961 654 4023 teretis,
686 3960 842 4027 Quod
871 3975 983 4016 vos.
1009 3958 1275 4015 adversus
1301 3958 1473 4014 Deum
1504 3958 1821 4022 admittitis,
1846 3957 1901 4012 id
1929 3972 2022 4028 pa-

431 4062 619 4109 rentes
661 4054 950 4109 adversum
1002 4068 1088 4109 me
1116 4051 1312 4109 fecisse
1362 4050 1736 4107 insimulatis?
1765 4049 1957 4106 Nonne
1988 4065 2021 4105 a

431 4145 626 4201 multis
651 4144 765 4215 jam
791 4145 1128 4216 temporibus
1150 4145 1219 4199 de
1236 4144 1392 4200 vehis
1410 4143 1673 4200 Dominus
1702 4158 1799 4214 per
1821 4142 2018 4197 Isaiam

2110 3154 2140 3205 ὁ
2170 3147 2496 3217 ἀναϐλέψας,
2523 3145 2618 3199 καὶ¹
2651 3143 2907 3211 ἐπιγνοὺς
2932 3138 3111 3195 αὐτῶν
3147 3138 3247 3209 τὴν
3285 3136 3524 3199 κακίαν,
3565 3137 3687 3190 ἀντ-

2109 3239 2442 3311 απεκρίνατο
2481 3235 2617 3308 πρὸς
2655 3234 2861 3295 αὐτοὺς»
2891 3230 3063 3299 λέγων
3083 3244 3098 3257 ·
3129 3227 3409 3297 Θαυμάζω
3430 3270 3445 3290 ,
3478 3228 3534 3280 εί
3562 3226 3689 3296 ἀλη-

2111 3329 2292 3383 θεύετε
2336 3326 2512 3381 ταῦτα
2553 3324 2820 3392 λέγοντες.
2866 3321 2930 3373 Οί
2963 3320 3141 3387 γονεῖς
3174 3313 3318 3387 εἶχον
3352 3315 3691 3388 ἀρνήσασθαι

2110 3421 2171 3475 τὸ
2197 3421 2327 3474 ῖδιον
2350 3419 2558 3482 τέκνον,
2594 3415 2689 3470 καί
2721 3413 2951 3485 μάλιστα
2986 3412 3167 3482 μήτηρ
3191 3410 3418 3481 ἄρρενα,
3446 3409 3485 3478 ἢ
3517 3409 3690 3479 πατὴρ

2116 3511 2192 3584 μὴ
2241 3508 2630 3582 παροξυνθείς;
2677 3505 2885 3575 σφόδρα
2929 3501 3158 3558 ἄπιστόν
3196 3518 3285 3573 μοι
3332 3502 3592 3570 φαίνεται
3636 3501 3691 3554 τὺ

2112 3601 2424 3674 λεγόμενον,
2450 3600 2543 3653 καὶ
2569 3597 2676 3651 τῶν
2709 3595 2855 3668 ἐμῶν
2898 3593 3080 3648 ἀκοῶν
3114 3592 3509 3664 ἀπρόσδεκτον.
3551 3593 3614 3646 El
3640 3591 3689 3645 δὲ

2112 3696 2273 3750 τοῦτο
2326 3696 2570 3765 γέγονεν,
2611 3690 2764 3745 οὐδὲν
2806 3687 3121 3759 θαυμαστόν
3141 3703 3157 3718 ο
3201 3685 3361 3739 τοῦτο
3412 3685 3549 3738 ἴδιον
3597 3685 3687 3756 τῆς

2115 3786 2465 3859 ἀνθρωπίνης
2511 3782 2729 3854 φύσεως
2782 3780 3042 3850 ὑπάρχει,
3081 3776 3163 3832 διὸ
3217 3777 3312 3831 καὶ
3362 3775 3687 3847 συγγνώμης

2117 3878 2534 3950 ἀξιωθήσονται,
2567 3876 2643 3938 ὡς
2679 3872 2830 3944 φόϐῳ
2849 3871 3008 3926 τοῦτο
3044 3870 3388 3940 ποιήσαντες.
3431 3867 3624 3938 Ὑμεῖς
3646 3867 3691 3919 oi

2117 3973 2466 4045 γραμματεῖς
2489 3970 2579 4023 τὸν
2599 3966 2730 4021 Θεὸν
2764 3963 3035 4037 ἀρνεῖσθε,
3067 3962 3162 4016 καὶ
3193 3962 3269 4025 ὡς
3301 3958 3469 4031 μηδὲν
3497 3959 3692 4027 φαῦλον

2119 4064 2450 4137 πράττοντες
2487 4056 2777 4114 διάκεισθε.
2811 4054 2923 4109 Καὶ
2957 4055 3088 4125 περὶ
3128 4052 3235 4107 τῶν
3264 4050 3413 4121 ἐμῶν
3444 4050 3647 4118 γονέων
3668 4049 3695 4101 ὁ

2119 4156 2276 4225 λόγος
2295 4173 2308 4187 ο
2341 4155 2370 4208 ὃ
2410 4154 2569 4224 ὑμεῖς
2615 4150 2752 4220 πρὸς
2801 4148 2892 4201 τὸν
2934 4146 3067 4200 Θεὸν
3112 4145 3337 4208 ποιεῖτε,
3378 4140 3545 4195 τοῦτο
3580 4140 3696 4202 τοὺς

431 4241 757 4310 prophetam
807 4239 1136 4299 exclamavit
1183 4238 1424 4294 dicens:
1465 4257 1484 4288 ι
1541 4235 1711 4292 Filios
1751 4236 1914 4307 genui
1966 4250 1998 4291 e

2121 4252 2298 4321 γονεῖς
2322 4247 2457 4318 πρὸς
2490 4244 2591 4315 ἐμὲ
2612 4242 2784 4296 ποιεῖν
2808 4237 3143 4293 διαϐάλλετε.
3169 4235 3303 4306 Οὐχὶ
3337 4235 3467 4305 περὶ
3499 4233 3698 4304 ὑμῶνὸ

435 4330 715 4398 cxaltavi;
741 4331 848 4401 ipsi
870 4338 1052 4387 autem
1082 4336 1413 4401 spreverunt
1439 4346 1525 4386 me
1543 4330 1638 4384 '°-?
1669 4347 1688 4381 ι
1720 4327 1836 4393 Etsi
1868 4328 1998 4384 vobi:

2112 4340 2330 4413 ,Κύριος
2358 4335 2588 4410 ἔκραξεν
2625 4336 2689 4388 ὲκ
2726 4330 2934 4386 πολλῶν
2962 4329 3071 4384 τῶν
3104 4328 3311 4400 χρόνων
3340 4326 3429 4380 διὰ
3451 4325 3550 4379 τοῦ
3572 4340 3699 4395 προ-

436 4419 730 4490 abnegatio
765 4421 839 4475 sit
895 4420 1208 4489 familiaris,
1257 4423 1389 4477 illud
1441 4431 1624 4478 tamen
1673 4421 1854 4478 facere
1906 4437 1998 4477 nor

2125 4434 2296 4506 φήτου
2331 4429 2552 4483 Ἡσαΐου
2584 4428 2759 4495 λέγων
2779 4442 2793 4456 ·
2820 4424 3013 4487 «Υίοὺς
3044 4420 3332 4490 ἐγέννησα,
3356 4420 3453 4473 καὶ
3482 4417 3695 4488 δείνωσω

437 4512 794 4568 sustinerem.
838 4510 977 4573 Eum
1020 4512 1290 4570 conﬁteor
1336 4516 1429 4587 qui
1465 4530 1552 4571 me
1582 4514 1820 4583 curavit,
1852 4529 1998 4586 agno

2123 4524 2281 4579 αὐτοὶ⁴
2305 4523 2363 4577 δέ
2401 4538 2468 4594 με
2496 4519 2796 4591 ὴθέτησανς
2841 4537 2858 4569 ι
2904 4518 2953 4570 εἰ
3003 4515 3100 4569 καὶ
3135 4515 3264 4584 ὑμῖν
3298 4510 3455 4582 φίλον
3497 4510 3565 4563 τὸ
3604 4509 3699 4581 ἀρ-

396 4680 400 4686 λ
436 4616 538 4659 sco
576 4609 849 4674 parentes
892 4618 1045 4660 meos
1096 4624 1121 4669 ε,
1156 4607 1322 4667 etiam
1378 4607 1425 4663 si
1459 4607 1536 4662 illi
1589 4621 1676 4663 me
1718 4608 1995 4678 abnegave

2124 4614 2338 4670 νεῖσθαι
2358 4654 2372 4677 ,
2408 4612 2524 4667 ἀλλ’
2547 4612 2698 4682 ὅμως
2727 4609 2839 4679 ἐγὼ
2866 4608 3023 4662 τοῦτο
3046 4607 3227 4670 ,ποιεῖν
3274 4604 3376 4656 οὑκ
3418 4601 3696 4673 ἀνέχομαι.

437 4696 575 4759 rint,
607 4710 679 4750 ne
731 4695 808 4753 ita
861 4695 1091 4766 quidem.
1122 4697 1453 4767 angustior:
1488 4701 1634 4763 novi,
1682 4699 1811 4754 novi
1865 4697 1995 4752 Davi

2139 4702 2416 4776 Ὀμολογῶ
2449 4701 2652 4757 καὶτὸν
2683 4697 3096 4771 θεραπεύσαντα
3130 4711 3219 4766 με,
3247 4690 3501 4762 γνωρίζω
3529 4690 3588 4743 δὲ
3616 4686 3701 4743 καὶ

439 4787 564 4844 dem
619 4786 836 4845 diserte.
877 4789 1229 4845 exclamare:
1293 4810 1311 4842 ι
1348 4790 1507 4847 Pater
1558 4807 1712 4848 meus
1761 4797 1816 4847 et
1852 4797 1996 4845 mate

2127 4798 2252 4860 τοὺς
2286 4793 2654 4866 γεννήσαντάς
2695 4809 2813 4863 με’.
2838 4792 2886 4844 εί
2915 4789 3025 4861 γὰρ
3065 4786 3162 4842 καὶ
3197 4783 3508 4858 ἡρνήσαντό
3545 4799 3612 4854 με
3656 4782 3703 4833 οῖ

439 4894 563 4936 mea
598 4878 1015 4951 dereliquerunt
1045 4896 1151 4948 me,
1192 4879 1458 4938 Dominus
1498 4889 1678 4939 autem
1727 4882 1998 4952 assumpsi

2131 4891 2310 4958 γονεῖς
2343 4904 2466 4958 μου,
2501 4886 2596 4939 καὶ
2612 4884 2785 4948 οὕτως
2821 4883 2882 4936 οὑ
2914 4879 3165 4945 διο-τάξω.
3198 4872 3352 4939 Οἶδα,
3382 4871 3500 4928 οῖδα
3528 4871 3701 4943 σαφῶς

439 4970 609 5026 me".
640 4991 661 5024 ι
700 4969 1023 5043 Exasperati
1053 4988 1220 5044 porro
1262 4972 1520 5029 Pharisaei
1551 4975 1804 5030 dicebant
1834 4993 1847 5030 :
1884 4973 1998 5040 θιὼ

2134 4979 2340 5052 βοῶντα
2384 4978 2475 5031 τὸν
2520 4976 2731 5030 Δαϐίδ·-
2755 4994 2774 5026 ι
2834 4975 2906 5028 '0-
2935 4973 3118 5043 πατήρ
3164 4986 3266 5042 μου
3312 4968 3409 5022 καὶ
3447 4969 3482 5038 ἡ
3530 4969 3699 5036 μήτηρ

442 5062 552 5128 ais,
585 5062 752 5117 homo
776 5062 1108 5129 vanissime,
1162 5071 1290 5120 tene
1319 5064 1509 5120 llavidi
1536 5064 1756 5121 confers
1783 5065 1807 5119 ?
1841 5063 1909 5118 Et
1944 5062 1998 5118 fa

2136 5087 2238 5143 μου
2261 5064 2617 5138 ὲγκατέλιπόν
2652 5083 2718 5138 με
2737 5105 2753 5130 ,
2787 5069 2816 5120 ὁ
2852 5065 2910 5119 δὲ
2934 5062 3137 5134 Κύριος
3159 5057 3530 5132 προσελάϐετό
3555 5072 3696 5127 μου.»

439 5157 522 5213 bn'
546 5155 720 5213 ﬁlium
762 5157 1052 5215 Dominum
1083 5160 1367 5216 confiteris
1391 5203 1406 5227 ,
1448 5162 1543 5232 qui
1583 5175 1694 5217 non
1730 5163 1895 5219 habet
1931 5161 1998 5216 ιιι]

2133 5161 2197 5216 Ol
2224 5161 2283 5214 δὲ
2300 5161 2581 5232 Φαρισαῖοι
2602 5156 2987 5231 δριμυχθέντες
3006 5154 3190 5222 ἔλεγον
3217 5149 3397 5222 αὐτῷ·
3426 5148 3493 5202 Τί
3512 5148 3699 5216 λέγεις,

442 5257 609 5319 caput
659 5249 925 5306 reclinet?
974 5251 1320 5308 Concedatnr
1376 5262 1430 5310 te
1479 5255 1659 5311 visum
1711 5256 1983 5324 recepisse

2138 5253 2492 5327 ματαιόιρρον,
2525 5250 2606 5323 τῷ
2644 5249 2808 5304 Δαϐιδ
2856 5247 3047 5303 ἑαυτὸν
3086 5242 3439 5315 συγκρίνεις;
3479 5242 3573 5293 καὶ
3614 5235 3701 5290 τὸν

442 5337 618 5394 Deum
673 5340 917 5398 laudato.
979 5342 1120 5410 Quid
1162 5344 1289 5401 huic
1337 5347 1544 5412 gratias
1591 5347 1758 5420 agis?
1786 5345 1904 5404 Non
1945 5361 1998 5403 es

2136 5343 2252 5398 υἱὸν
2284 5341 2375 5396 τοῦ
2413 5342 2665 5406 τέκτονος
2691 5338 2912 5412 ,Κύριον
2947 5335 3262 5411 ὁμολογεῖς,
3290 5332 3385 5388 τὸν
3416 5331 3495 5406 μὴ

518 5519 563 5551 ’⁸
599 5519 758 5576 Joan.
797 5541 871 5589 Ix,
906 5525 997 5581 22.
1075 5528 1119 5559 ”
1162 5526 1547 5593 Marthaxxm,
1586 5528 1672 5583 l5.
1749 5527 1798 5561 ”
1828 5527 1936 5587 lsa.
1972 5541 2012 5594 ι,
2046 5526 2105 5582 2.
2179 5521 2590 5585 "Pal-.11".
2626 5518 2711 5574 10·

520 5671 634 5742 (85)
670 5673 806 5745 Reg.
843 5677 896 5743 l,
952 5677 1472 5751 πιθαναλογοῦντες,

2218 5677 2331 5751 (δι)
2361 5675 2451 5730 ἰπὶ
2478 5675 2630 5732 deest
2662 5673 2718 5728 in
2745 5669 2879 5743 Reg.
2909 5670 2960 5736 ι,
2981 5670 3053 5733 ἣ..
