  <div class='ocr_page' id='page_1' title='image "/cluster/home/n/w/nwhite01/storage/ocr_20150623/28/nnc1.0046978690/548.png"; bbox 0 0 3832 6216; ppageno 0'>
   <div class='ocr_carea' id='block_1_1' title="bbox 176 325 291 381">
    <p class='ocr_par' dir='ltr' id='par_1_1' title="bbox 176 325 291 381">
     <span class='ocr_line' id='line_1_1' title="bbox 176 325 291 381; baseline 0 -1"><span class='ocrx_word' id='word_1_1' title='bbox 176 325 291 381; x_wconf 77' lang='lat' dir='ltr'><strong>lOl&#39;l</strong></span> 
     </span>
    </p>
   </div>
   <div class='ocr_carea' id='block_1_2' title="bbox 1130 309 2398 374">
    <p class='ocr_par' dir='ltr' id='par_1_2' title="bbox 1130 309 2398 374">
     <span class='ocr_line' id='line_1_2' title="bbox 1130 309 2398 374; baseline -0.006 0"><span class='ocrx_word' id='word_1_2' title='bbox 1130 315 1422 374; x_wconf 69' lang='lat' dir='ltr'><strong>HOMILIA</strong></span> <span class='ocrx_word' id='word_1_3' title='bbox 1461 314 1530 371; x_wconf 67' lang='grc' dir='ltr'><strong>ιιι</strong></span> <span class='ocrx_word' id='word_1_4' title='bbox 1568 312 1833 372; x_wconf 74' lang='lat' dir='ltr'><strong><em>CASCUM</em></strong></span> <span class='ocrx_word' id='word_1_5' title='bbox 1871 313 1917 366; x_wconf 79' lang='grc' dir='ltr'><strong>Δ</strong></span> <span class='ocrx_word' id='word_1_6' title='bbox 1954 309 2398 368; x_wconf 76' lang='grc' dir='ltr'>ΝΑΤινιτΔτε.</span> 
     </span>
    </p>
   </div>
   <div class='ocr_carea' id='block_1_3' title="bbox 3260 304 3399 364">
    <p class='ocr_par' dir='ltr' id='par_1_3' title="bbox 3260 304 3399 364">
     <span class='ocr_line' id='line_1_3' title="bbox 3260 304 3399 364; baseline 0 -1"><span class='ocrx_word' id='word_1_7' title='bbox 3260 304 3399 364; x_wconf 70' lang='grc' dir='ltr'><strong>1οη</strong></span> 
     </span>
    </p>
   </div>
   <div class='ocr_carea' id='block_1_4' title="bbox 177 424 1718 512">
    <p class='ocr_par' dir='ltr' id='par_1_4' title="bbox 177 434 1718 512">
     <span class='ocr_line' id='line_1_4' title="bbox 177 434 1718 512; baseline -0.005 -16"><span class='ocrx_word' id='word_1_8' title='bbox 177 438 267 496; x_wconf 83' lang='grc' dir='ltr'><strong>ποῦ</strong></span> <span class='ocrx_word' id='word_1_9' title='bbox 284 442 372 512; x_wconf 74' lang='grc' dir='ltr'><strong>την</strong></span> <span class='ocrx_word' id='word_1_10' title='bbox 403 439 643 512; x_wconf 78' lang='grc' dir='ltr'>κεφαλὴν</span> <span class='ocrx_word' id='word_1_11' title='bbox 664 439 842 495; x_wconf 86' lang='grc' dir='ltr'>κλῖναι</span> <span class='ocrx_word' id='word_1_12' title='bbox 863 456 878 505; x_wconf 89' lang='grc'><strong>;</strong></span> <span class='ocrx_word' id='word_1_13' title='bbox 900 437 1142 502; x_wconf 77' lang='grc' dir='ltr'><strong>Κείσθω,</strong></span> <span class='ocrx_word' id='word_1_14' title='bbox 1168 438 1249 492; x_wconf 85' lang='grc' dir='ltr'><strong>δτι</strong></span> <span class='ocrx_word' id='word_1_15' title='bbox 1277 436 1605 507; x_wconf 71' lang='grc' dir='ltr'><strong>ιίινέδλιιψας⁸</strong></span> <span class='ocrx_word' id='word_1_16' title='bbox 1632 434 1718 489; x_wconf 84' lang='grc' dir='ltr'><strong>τδν</strong></span> 
     </span>
    </p>
   </div>
   <div class='ocr_carea' id='block_1_5' title="bbox 1821 424 3396 512">
    <p class='ocr_par' dir='ltr' id='par_1_5' title="bbox 1826 424 3396 492">
     <span class='ocr_line' id='line_1_5' title="bbox 1826 424 3396 492; baseline -0.004 -5"><span class='ocrx_word' id='word_1_17' title='bbox 1826 433 1917 488; x_wconf 88' lang='lat' dir='ltr'><strong>hic</strong></span> <span class='ocrx_word' id='word_1_18' title='bbox 1946 446 1977 487; x_wconf 88' lang='lat' dir='ltr'><strong>a</strong></span> <span class='ocrx_word' id='word_1_19' title='bbox 2011 430 2144 487; x_wconf 89' lang='lat' dir='ltr'><strong>Deo.</strong></span> <span class='ocrx_word' id='word_1_20' title='bbox 2177 430 2239 486; x_wconf 86' lang='lat' dir='ltr'><strong>Si</strong></span> <span class='ocrx_word' id='word_1_21' title='bbox 2265 436 2415 485; x_wconf 84' lang='lat' dir='ltr'><strong>esset</strong></span> <span class='ocrx_word' id='word_1_22' title='bbox 2439 443 2470 483; x_wconf 77' lang='grc' dir='ltr'>ι</span> <span class='ocrx_word' id='word_1_23' title='bbox 2496 428 2628 492; x_wconf 92' lang='lat' dir='ltr'><strong>Deo,</strong></span> <span class='ocrx_word' id='word_1_24' title='bbox 2661 441 2770 482; x_wconf 87' lang='lat' dir='ltr'><strong>non</strong></span> <span class='ocrx_word' id='word_1_25' title='bbox 2803 426 3039 483; x_wconf 75' lang='lat' dir='ltr'><strong>solveret</strong></span> <span class='ocrx_word' id='word_1_26' title='bbox 3067 424 3396 482; x_wconf 76' lang='lat' dir='ltr'><strong>Sabbatum:</strong></span> 
     </span>
    </p>
   </div>
   <div class='ocr_carea' id='block_1_6' title="bbox 173 529 1719 603">
    <p class='ocr_par' dir='ltr' id='par_1_6' title="bbox 173 529 1719 603">
     <span class='ocr_line' id='line_1_6' title="bbox 173 529 1719 603; baseline -0.005 -16"><span class='ocrx_word' id='word_1_27' title='bbox 173 533 289 587; x_wconf 84' lang='grc' dir='ltr'><strong>Θεὸν</strong></span> <span class='ocrx_word' id='word_1_28' title='bbox 331 531 634 603; x_wconf 84' lang='grc' dir='ltr'>ὑμνολόγει.</span> <span class='ocrx_word' id='word_1_29' title='bbox 686 532 716 584; x_wconf 77' lang='grc' dir='ltr'>ι’</span> <span class='ocrx_word' id='word_1_30' title='bbox 723 532 738 584; x_wconf 92' lang='grc' dir='ltr'><strong>ί</strong></span> <span class='ocrx_word' id='word_1_31' title='bbox 783 529 960 600; x_wconf 79' lang='grc' dir='ltr'>τούτῳ</span> <span class='ocrx_word' id='word_1_32' title='bbox 1001 529 1376 600; x_wconf 73' lang='grc' dir='ltr'>εὐχαριστεῖςς</span> <span class='ocrx_word' id='word_1_33' title='bbox 1420 529 1534 582; x_wconf 82' lang='grc' dir='ltr'><strong>Οὐκ</strong></span> <span class='ocrx_word' id='word_1_34' title='bbox 1570 529 1719 581; x_wconf 76' lang='grc' dir='ltr'>εστιν</span> 
     </span>
    </p>
   </div>
   <div class='ocr_carea' id='block_1_7' title="bbox 171 619 1718 695">
    <p class='ocr_par' dir='ltr' id='par_1_7' title="bbox 171 619 1718 695">
     <span class='ocr_line' id='line_1_7' title="bbox 171 619 1718 695; baseline -0.004 -14"><span class='ocrx_word' id='word_1_35' title='bbox 171 621 305 689; x_wconf 77' lang='grc' dir='ltr'>οὗτος</span> <span class='ocrx_word' id='word_1_36' title='bbox 321 627 381 679; x_wconf 84' lang='grc' dir='ltr'>ὲκ</span> <span class='ocrx_word' id='word_1_37' title='bbox 398 624 491 679; x_wconf 83' lang='grc' dir='ltr'><strong>τοῦ</strong></span> <span class='ocrx_word' id='word_1_38' title='bbox 517 624 650 679; x_wconf 90' lang='grc' dir='ltr'>Θεοῦ</span> <span class='ocrx_word' id='word_1_39' title='bbox 670 640 693 667; x_wconf 92' lang='grc'><strong>·-</strong></span> <span class='ocrx_word' id='word_1_40' title='bbox 710 625 760 678; x_wconf 84' lang='grc' dir='ltr'><strong>εί</strong></span> <span class='ocrx_word' id='word_1_41' title='bbox 780 619 850 695; x_wconf 82' lang='grc' dir='ltr'>ἦν</span> <span class='ocrx_word' id='word_1_42' title='bbox 878 624 943 676; x_wconf 73' lang='grc' dir='ltr'>ὲκ</span> <span class='ocrx_word' id='word_1_43' title='bbox 971 621 1068 675; x_wconf 85' lang='grc' dir='ltr'><strong>τοῦ</strong></span> <span class='ocrx_word' id='word_1_44' title='bbox 1099 621 1255 680; x_wconf 83' lang='grc' dir='ltr'>Θεοῦ,</span> <span class='ocrx_word' id='word_1_45' title='bbox 1283 622 1383 675; x_wconf 76' lang='grc' dir='ltr'>οὐκ</span> <span class='ocrx_word' id='word_1_46' title='bbox 1404 621 1470 675; x_wconf 85' lang='grc' dir='ltr'>ἂν</span> <span class='ocrx_word' id='word_1_47' title='bbox 1491 621 1640 674; x_wconf 77' lang='grc' dir='ltr'>ἔλυεν</span> <span class='ocrx_word' id='word_1_48' title='bbox 1656 621 1718 675; x_wconf 85' lang='grc' dir='ltr'>τὸ</span> 
     </span>
    </p>
   </div>
   <div class='ocr_carea' id='block_1_8' title="bbox 173 711 1715 785">
    <p class='ocr_par' dir='ltr' id='par_1_8' title="bbox 173 711 1715 785">
     <span class='ocr_line' id='line_1_8' title="bbox 173 711 1715 785; baseline -0.003 -15"><span class='ocrx_word' id='word_1_49' title='bbox 173 717 432 772; x_wconf 75' lang='grc' dir='ltr'>σάϐϐατον.</span> <span class='ocrx_word' id='word_1_50' title='bbox 467 736 487 769; x_wconf 76' lang='grc' dir='ltr'><strong>ι</strong></span> <span class='ocrx_word' id='word_1_51' title='bbox 526 714 625 777; x_wconf 68' lang='grc' dir='ltr'><strong>Δὸς</strong></span> <span class='ocrx_word' id='word_1_52' title='bbox 659 714 816 779; x_wconf 78' lang='grc' dir='ltr'>δόξαν</span> <span class='ocrx_word' id='word_1_53' title='bbox 849 714 928 785; x_wconf 86' lang='grc' dir='ltr'>τῷ</span> <span class='ocrx_word' id='word_1_54' title='bbox 955 712 1102 783; x_wconf 79' lang='grc' dir='ltr'>Θεῷ·</span> <span class='ocrx_word' id='word_1_55' title='bbox 1142 715 1304 784; x_wconf 82' lang='grc' dir='ltr'><strong>ἡμεῖς</strong></span> <span class='ocrx_word' id='word_1_56' title='bbox 1339 712 1449 784; x_wconf 80' lang='grc' dir='ltr'><strong>γὰρ</strong></span> <span class='ocrx_word' id='word_1_57' title='bbox 1474 711 1715 783; x_wconf 74' lang='grc' dir='ltr'>οἴδαμεν,</span> 
     </span>
    </p>
   </div>
   <div class='ocr_carea' id='block_1_9' title="bbox 170 803 1400 881">
    <p class='ocr_par' dir='ltr' id='par_1_9' title="bbox 170 803 1400 881">
     <span class='ocr_line' id='line_1_9' title="bbox 170 803 1400 881; baseline -0.004 -17"><span class='ocrx_word' id='word_1_58' title='bbox 170 809 242 863; x_wconf 81' lang='grc' dir='ltr'><strong>ὅτι</strong></span> <span class='ocrx_word' id='word_1_59' title='bbox 263 812 288 863; x_wconf 84' lang='grc' dir='ltr'>ὁ</span> <span class='ocrx_word' id='word_1_60' title='bbox 311 809 588 881; x_wconf 76' lang='grc' dir='ltr'>ἄνθρωπος</span> <span class='ocrx_word' id='word_1_61' title='bbox 618 803 770 870; x_wconf 74' lang='grc' dir='ltr'>οὗτος</span> <span class='ocrx_word' id='word_1_62' title='bbox 803 806 1128 878; x_wconf 79' lang='grc' dir='ltr'>ἁμαρτωλός</span> <span class='ocrx_word' id='word_1_63' title='bbox 1162 807 1331 859; x_wconf 71' lang='grc' dir='ltr'>ἐστιν.</span> <span class='ocrx_word' id='word_1_64' title='bbox 1380 825 1400 858; x_wconf 70' lang='grc' dir='ltr'><strong>ι</strong></span> 
     </span>
    </p>
   </div>
   <div class='ocr_carea' id='block_1_10' title="bbox 232 898 1717 972">
    <p class='ocr_par' dir='ltr' id='par_1_10' title="bbox 232 898 1717 972">
     <span class='ocr_line' id='line_1_10' title="bbox 232 898 1717 972; baseline -0.001 -17"><span class='ocrx_word' id='word_1_65' title='bbox 232 902 310 956; x_wconf 78' lang='grc' dir='ltr'><strong>Η.</strong></span> <span class='ocrx_word' id='word_1_66' title='bbox 353 902 408 955; x_wconf 84' lang='grc' dir='ltr'>ὐ</span> <span class='ocrx_word' id='word_1_67' title='bbox 438 903 494 956; x_wconf 80' lang='grc' dir='ltr'>δὲ</span> <span class='ocrx_word' id='word_1_68' title='bbox 525 902 849 972; x_wconf 74' lang='grc' dir='ltr'>ἀναϐλέψας,</span> <span class='ocrx_word' id='word_1_69' title='bbox 882 901 1122 963; x_wconf 77' lang='grc' dir='ltr'>ἀκούσας</span> <span class='ocrx_word' id='word_1_70' title='bbox 1145 902 1227 954; x_wconf 84' lang='grc' dir='ltr'>ὅτι</span> <span class='ocrx_word' id='word_1_71' title='bbox 1276 898 1598 971; x_wconf 78' lang='grc' dir='ltr'>ἁμαρτωλὸν</span> <span class='ocrx_word' id='word_1_72' title='bbox 1626 899 1717 953; x_wconf 79' lang='grc' dir='ltr'>τὸν</span> 
     </span>
    </p>
   </div>
   <div class='ocr_carea' id='block_1_11' title="bbox 168 990 1719 1066">
    <p class='ocr_par' dir='ltr' id='par_1_11' title="bbox 168 990 1719 1066">
     <span class='ocr_line' id='line_1_11' title="bbox 168 990 1719 1066; baseline -0.003 -18"><span class='ocrx_word' id='word_1_73' title='bbox 168 993 348 1066; x_wconf 82' lang='grc' dir='ltr'><strong>Κύριον</strong></span> <span class='ocrx_word' id='word_1_74' title='bbox 384 995 619 1063; x_wconf 69' lang='grc' dir='ltr'>λέγουσι,</span> <span class='ocrx_word' id='word_1_75' title='bbox 666 994 764 1065; x_wconf 83' lang='grc' dir='ltr'>τὴν</span> <span class='ocrx_word' id='word_1_76' title='bbox 807 995 986 1065; x_wconf 74' lang='grc' dir='ltr'>ψυχὴν</span> <span class='ocrx_word' id='word_1_77' title='bbox 1036 992 1408 1061; x_wconf 86' lang='grc' dir='ltr'>είλιγγιάσας,</span> <span class='ocrx_word' id='word_1_78' title='bbox 1461 990 1559 1045; x_wconf 83' lang='grc' dir='ltr'>καὶ</span> <span class='ocrx_word' id='word_1_79' title='bbox 1619 990 1719 1055; x_wconf 81' lang='grc' dir='ltr'><strong>τὰς</strong></span> 
     </span>
    </p>
   </div>
   <div class='ocr_carea' id='block_1_12' title="bbox 166 1080 1718 1157">
    <p class='ocr_par' dir='ltr' id='par_1_12' title="bbox 166 1080 1718 1157">
     <span class='ocr_line' id='line_1_12' title="bbox 166 1080 1718 1157; baseline -0.004 -19"><span class='ocrx_word' id='word_1_80' title='bbox 166 1084 318 1147; x_wconf 79' lang='grc' dir='ltr'>ἀκοὰς</span> <span class='ocrx_word' id='word_1_81' title='bbox 346 1083 602 1154; x_wconf 79' lang='grc' dir='ltr'>ἐπισχὼν,</span> <span class='ocrx_word' id='word_1_82' title='bbox 622 1085 1076 1157; x_wconf 79' lang='grc' dir='ltr'>ἀνταποκρίνεται</span> <span class='ocrx_word' id='word_1_83' title='bbox 1103 1083 1239 1154; x_wconf 85' lang='grc' dir='ltr'>πρὸς</span> <span class='ocrx_word' id='word_1_84' title='bbox 1254 1084 1378 1146; x_wconf 79' lang='grc' dir='ltr'>τοὺς</span> <span class='ocrx_word' id='word_1_85' title='bbox 1392 1080 1718 1153; x_wconf 76' lang='grc' dir='ltr'><strong>Φαρισαίους</strong></span> 
     </span>
    </p>
   </div>
   <div class='ocr_carea' id='block_1_13' title="bbox 164 1171 1718 1246">
    <p class='ocr_par' dir='ltr' id='par_1_13' title="bbox 164 1171 1718 1246">
     <span class='ocr_line' id='line_1_13' title="bbox 164 1171 1718 1246; baseline -0.003 -18"><span class='ocrx_word' id='word_1_86' title='bbox 164 1174 345 1243; x_wconf 75' lang='grc' dir='ltr'>λέγων’</span> <span class='ocrx_word' id='word_1_87' title='bbox 388 1175 452 1228; x_wconf 84' lang='grc' dir='ltr'>Τί</span> <span class='ocrx_word' id='word_1_88' title='bbox 485 1176 704 1244; x_wconf 79' lang='grc' dir='ltr'>λέγετε;</span> <span class='ocrx_word' id='word_1_89' title='bbox 743 1174 1095 1246; x_wconf 79' lang='grc' dir='ltr'>’Λμαρτωλός</span> <span class='ocrx_word' id='word_1_90' title='bbox 1141 1176 1323 1239; x_wconf 79' lang='grc' dir='ltr'>ἐστιν,</span> <span class='ocrx_word' id='word_1_91' title='bbox 1359 1175 1387 1227; x_wconf 84' lang='grc' dir='ltr'>ὁ</span> <span class='ocrx_word' id='word_1_92' title='bbox 1426 1173 1536 1226; x_wconf 85' lang='grc' dir='ltr'><strong>τῶν</strong></span> <span class='ocrx_word' id='word_1_93' title='bbox 1567 1171 1718 1242; x_wconf 81' lang='grc' dir='ltr'>ἐμῶν</span> 
     </span>
    </p>
   </div>
   <div class='ocr_carea' id='block_1_14' title="bbox 163 1263 1719 1337">
    <p class='ocr_par' dir='ltr' id='par_1_14' title="bbox 163 1263 1719 1337">
     <span class='ocr_line' id='line_1_14' title="bbox 163 1263 1719 1337; baseline -0.002 -19"><span class='ocrx_word' id='word_1_94' title='bbox 163 1265 434 1336; x_wconf 68' lang='grc' dir='ltr'>ὀφθαλμῶν</span> <span class='ocrx_word' id='word_1_95' title='bbox 481 1265 820 1335; x_wconf 74' lang='grc' dir='ltr'>φωτοδότηςς</span> <span class='ocrx_word' id='word_1_96' title='bbox 855 1265 920 1318; x_wconf 88' lang='grc' dir='ltr'>Τί</span> <span class='ocrx_word' id='word_1_97' title='bbox 969 1267 1037 1337; x_wconf 81' lang='grc' dir='ltr'>τῇ</span> <span class='ocrx_word' id='word_1_98' title='bbox 1079 1264 1275 1335; x_wconf 68' lang='grc' dir='ltr'>πικρία</span> <span class='ocrx_word' id='word_1_99' title='bbox 1309 1263 1430 1334; x_wconf 79' lang='grc' dir='ltr'>μέλι</span> <span class='ocrx_word' id='word_1_100' title='bbox 1483 1279 1719 1332; x_wconf 85' lang='grc' dir='ltr'>προσμι-</span> 
     </span>
    </p>
   </div>
   <div class='ocr_carea' id='block_1_15' title="bbox 165 1354 1718 1428">
    <p class='ocr_par' dir='ltr' id='par_1_15' title="bbox 165 1354 1718 1428">
     <span class='ocr_line' id='line_1_15' title="bbox 165 1354 1718 1428; baseline -0.004 -17"><span class='ocrx_word' id='word_1_101' title='bbox 165 1357 370 1427; x_wconf 79' lang='grc' dir='ltr'>γνύετε;</span> <span class='ocrx_word' id='word_1_102' title='bbox 423 1358 511 1412; x_wconf 84' lang='grc' dir='ltr'>Ἐν</span> <span class='ocrx_word' id='word_1_103' title='bbox 548 1356 730 1428; x_wconf 85' lang='grc' dir='ltr'><strong>ταὺτῴ</strong></span> <span class='ocrx_word' id='word_1_104' title='bbox 765 1375 831 1428; x_wconf 89' lang='grc' dir='ltr'><strong>με</strong></span> <span class='ocrx_word' id='word_1_105' title='bbox 859 1359 953 1411; x_wconf 73' lang='grc' dir='ltr'>καὶ</span> <span class='ocrx_word' id='word_1_106' title='bbox 985 1356 1228 1422; x_wconf 79' lang='grc' dir='ltr'>δοξάζειν</span> <span class='ocrx_word' id='word_1_107' title='bbox 1260 1356 1354 1408; x_wconf 78' lang='grc' dir='ltr'>καὶ</span> <span class='ocrx_word' id='word_1_108' title='bbox 1379 1354 1718 1425; x_wconf 77' lang='grc' dir='ltr'><strong>βλασφημεῖν</strong></span> 
     </span>
    </p>
   </div>
   <div class='ocr_carea' id='block_1_16' title="bbox 160 1444 1719 1522">
    <p class='ocr_par' dir='ltr' id='par_1_16' title="bbox 160 1444 1719 1522">
     <span class='ocr_line' id='line_1_16' title="bbox 160 1444 1719 1522; baseline -0.005 -17"><span class='ocrx_word' id='word_1_109' title='bbox 160 1448 573 1522; x_wconf 73' lang='grc' dir='ltr'>παρακελεύετε.</span> <span class='ocrx_word' id='word_1_110' title='bbox 610 1449 683 1501; x_wconf 86' lang='grc' dir='ltr'>Τὸ</span> <span class='ocrx_word' id='word_1_111' title='bbox 719 1448 818 1520; x_wconf 83' lang='grc' dir='ltr'>μὲν</span> <span class='ocrx_word' id='word_1_112' title='bbox 845 1448 1068 1516; x_wconf 76' lang='grc' dir='ltr'>δοξάσαι</span> <span class='ocrx_word' id='word_1_113' title='bbox 1103 1447 1195 1500; x_wconf 81' lang='grc' dir='ltr'>τὸν</span> <span class='ocrx_word' id='word_1_114' title='bbox 1231 1446 1385 1510; x_wconf 84' lang='grc' dir='ltr'><strong>Θεὸν,</strong></span> <span class='ocrx_word' id='word_1_115' title='bbox 1434 1445 1614 1506; x_wconf 75' lang='grc' dir='ltr'>καλὸν,</span> <span class='ocrx_word' id='word_1_116' title='bbox 1657 1444 1719 1498; x_wconf 81' lang='grc' dir='ltr'><strong>τὺ</strong></span> 
     </span>
    </p>
   </div>
   <div class='ocr_carea' id='block_1_17' title="bbox 158 1536 1718 1610">
    <p class='ocr_par' dir='ltr' id='par_1_17' title="bbox 158 1536 1718 1610">
     <span class='ocr_line' id='line_1_17' title="bbox 158 1536 1718 1610; baseline -0.003 -17"><span class='ocrx_word' id='word_1_117' title='bbox 158 1540 212 1593; x_wconf 72' lang='grc' dir='ltr'>δὲ</span> <span class='ocrx_word' id='word_1_118' title='bbox 240 1539 552 1610; x_wconf 75' lang='grc' dir='ltr'><strong>ἁμαρτωλὸν</strong></span> <span class='ocrx_word' id='word_1_119' title='bbox 597 1542 791 1603; x_wconf 82' lang='grc' dir='ltr'>εἰπεῖν,</span> <span class='ocrx_word' id='word_1_120' title='bbox 842 1538 1233 1607; x_wconf 83' lang='grc' dir='ltr'>ὲσκοτισμὲνης</span> <span class='ocrx_word' id='word_1_121' title='bbox 1281 1536 1519 1599; x_wconf 74' lang='grc' dir='ltr'>διανοίας</span> <span class='ocrx_word' id='word_1_122' title='bbox 1570 1536 1718 1589; x_wconf 71' lang='grc' dir='ltr'>ἐστὶν</span> 
     </span>
    </p>
   </div>
   <div class='ocr_carea' id='block_1_18' title="bbox 159 1629 1720 1704">
    <p class='ocr_par' dir='ltr' id='par_1_18' title="bbox 159 1629 1720 1704">
     <span class='ocr_line' id='line_1_18' title="bbox 159 1629 1720 1704; baseline -0.003 -19"><span class='ocrx_word' id='word_1_123' title='bbox 159 1632 496 1703; x_wconf 73' lang='grc' dir='ltr'><strong>ἐπιχείρημα.</strong></span> <span class='ocrx_word' id='word_1_124' title='bbox 532 1633 595 1686; x_wconf 79' lang='lat' dir='ltr'><strong>Ei</strong></span> <span class='ocrx_word' id='word_1_125' title='bbox 621 1631 941 1704; x_wconf 76' lang='grc' dir='ltr'>ἁμαρτωλός</span> <span class='ocrx_word' id='word_1_126' title='bbox 974 1634 1143 1695; x_wconf 82' lang='grc' dir='ltr'>ἐστιν,</span> <span class='ocrx_word' id='word_1_127' title='bbox 1181 1629 1390 1694; x_wconf 83' lang='grc' dir='ltr'>δείξατέ</span> <span class='ocrx_word' id='word_1_128' title='bbox 1428 1646 1517 1697; x_wconf 85' lang='grc' dir='ltr'><strong>μοι</strong></span> <span class='ocrx_word' id='word_1_129' title='bbox 1539 1629 1720 1699; x_wconf 85' lang='grc' dir='ltr'>ἀμαρ-</span> 
     </span>
    </p>
   </div>
   <div class='ocr_carea' id='block_1_19' title="bbox 1824 516 3398 591">
    <p class='ocr_par' dir='ltr' id='par_1_19' title="bbox 1824 516 3398 591">
     <span class='ocr_line' id='line_1_19' title="bbox 1824 516 3398 591; baseline -0.003 -16"><span class='ocrx_word' id='word_1_130' title='bbox 1824 540 1845 575; x_wconf 78' lang='grc' dir='ltr'><strong>ι</strong></span> <span class='ocrx_word' id='word_1_131' title='bbox 1896 520 1974 575; x_wconf 91' lang='lat' dir='ltr'><strong>Da</strong></span> <span class='ocrx_word' id='word_1_132' title='bbox 2001 520 2231 591; x_wconf 77' lang='lat' dir='ltr'><strong>gloriam</strong></span> <span class='ocrx_word' id='word_1_133' title='bbox 2262 517 2395 585; x_wconf 89' lang='lat' dir='ltr'><strong>Deo,</strong></span> <span class='ocrx_word' id='word_1_134' title='bbox 2433 533 2534 574; x_wconf 81' lang='lat' dir='ltr'><strong>nos</strong></span> <span class='ocrx_word' id='word_1_135' title='bbox 2556 517 2764 573; x_wconf 81' lang='lat' dir='ltr'><strong>scimus</strong></span> <span class='ocrx_word' id='word_1_136' title='bbox 2806 517 2933 587; x_wconf 86' lang='lat' dir='ltr'><strong>quia</strong></span> <span class='ocrx_word' id='word_1_137' title='bbox 2961 516 3052 572; x_wconf 83' lang='lat' dir='ltr'><strong>hic</strong></span> <span class='ocrx_word' id='word_1_138' title='bbox 3083 517 3248 573; x_wconf 83' lang='lat' dir='ltr'><strong>homo</strong></span> <span class='ocrx_word' id='word_1_139' title='bbox 3271 530 3398 587; x_wconf 57' lang='lat' dir='ltr'><strong>pec.</strong></span> 
     </span>
    </p>
   </div>
   <div class='ocr_carea' id='block_1_20' title="bbox 1817 612 2229 670">
    <p class='ocr_par' dir='ltr' id='par_1_20' title="bbox 1817 612 2229 670">
     <span class='ocr_line' id='line_1_20' title="bbox 1817 612 2229 670; baseline -0.017 0"><span class='ocrx_word' id='word_1_140' title='bbox 1817 621 1972 670; x_wconf 82' lang='lat' dir='ltr'><strong>cator</strong></span> <span class='ocrx_word' id='word_1_141' title='bbox 1994 621 2080 670; x_wconf 85' lang='lat' dir='ltr'><strong>est</strong></span> <span class='ocrx_word' id='word_1_142' title='bbox 2110 612 2176 669; x_wconf 83' lang='lat'><strong>“.</strong></span> <span class='ocrx_word' id='word_1_143' title='bbox 2209 630 2229 663; x_wconf 79' lang='grc' dir='ltr'><strong>ι</strong></span> 
     </span>
    </p>
   </div>
   <div class='ocr_carea' id='block_1_21' title="bbox 1890 877 3397 950">
    <p class='ocr_par' dir='ltr' id='par_1_21' title="bbox 1890 877 3397 950">
     <span class='ocr_line' id='line_1_21' title="bbox 1890 877 3397 950; baseline 0 -15"><span class='ocrx_word' id='word_1_144' title='bbox 1890 880 1978 937; x_wconf 78' lang='grc' dir='ltr'><strong>Η.</strong></span> <span class='ocrx_word' id='word_1_145' title='bbox 2037 878 2141 946; x_wconf 86' lang='lat' dir='ltr'><strong>Qui</strong></span> <span class='ocrx_word' id='word_1_146' title='bbox 2188 886 2371 934; x_wconf 90' lang='lat' dir='ltr'><strong>autem</strong></span> <span class='ocrx_word' id='word_1_147' title='bbox 2418 878 2599 935; x_wconf 79' lang='lat' dir='ltr'><strong>visum</strong></span> <span class='ocrx_word' id='word_1_148' title='bbox 2653 886 2956 950; x_wconf 75' lang='lat' dir='ltr'><strong>receperat,</strong></span> <span class='ocrx_word' id='word_1_149' title='bbox 3005 877 3234 934; x_wconf 83' lang='lat' dir='ltr'><strong>audiens</strong></span> <span class='ocrx_word' id='word_1_150' title='bbox 3272 879 3397 935; x_wconf 87' lang='lat' dir='ltr'><strong>illos</strong></span> 
     </span>
    </p>
   </div>
   <div class='ocr_carea' id='block_1_22' title="bbox 1824 972 3398 1043">
    <p class='ocr_par' dir='ltr' id='par_1_22' title="bbox 1824 972 3398 1043">
     <span class='ocr_line' id='line_1_22' title="bbox 1824 972 3398 1043; baseline -0.001 -15"><span class='ocrx_word' id='word_1_151' title='bbox 1824 972 2122 1028; x_wconf 86' lang='lat' dir='ltr'><strong>Dominum</strong></span> <span class='ocrx_word' id='word_1_152' title='bbox 2152 972 2338 1028; x_wconf 84' lang='lat' dir='ltr'><strong>dicere</strong></span> <span class='ocrx_word' id='word_1_153' title='bbox 2377 982 2740 1043; x_wconf 83' lang='lat' dir='ltr'><strong>peccatorem.</strong></span> <span class='ocrx_word' id='word_1_154' title='bbox 2790 973 2973 1026; x_wconf 89' lang='lat' dir='ltr'><strong>animo</strong></span> <span class='ocrx_word' id='word_1_155' title='bbox 3019 979 3261 1027; x_wconf 66' lang='lat' dir='ltr'><strong>aestuans</strong></span> <span class='ocrx_word' id='word_1_156' title='bbox 3313 978 3398 1026; x_wconf 78' lang='lat' dir='ltr'><strong>at-</strong></span> 
     </span>
    </p>
   </div>
   <div class='ocr_carea' id='block_1_23' title="bbox 1817 1062 3401 1138">
    <p class='ocr_par' dir='ltr' id='par_1_23' title="bbox 1817 1062 3401 1138">
     <span class='ocr_line' id='line_1_23' title="bbox 1817 1062 3401 1138; baseline -0.001 -18"><span class='ocrx_word' id='word_1_157' title='bbox 1817 1082 1924 1138; x_wconf 91' lang='lat' dir='ltr'><strong>que</strong></span> <span class='ocrx_word' id='word_1_158' title='bbox 1976 1081 2141 1121; x_wconf 82' lang='lat' dir='ltr'><strong>aures</strong></span> <span class='ocrx_word' id='word_1_159' title='bbox 2174 1065 2463 1126; x_wconf 88' lang='lat' dir='ltr'><strong>obturans,</strong></span> <span class='ocrx_word' id='word_1_160' title='bbox 2513 1062 2580 1117; x_wconf 91' lang='lat' dir='ltr'><strong>ad</strong></span> <span class='ocrx_word' id='word_1_161' title='bbox 2630 1062 2931 1119; x_wconf 65' lang='lat' dir='ltr'><strong>l’harisacos</strong></span> <span class='ocrx_word' id='word_1_162' title='bbox 2986 1062 3279 1132; x_wconf 76' lang='lat' dir='ltr'><strong>reSpondet</strong></span> <span class='ocrx_word' id='word_1_163' title='bbox 3323 1062 3401 1118; x_wconf 88' lang='lat' dir='ltr'><strong>dl-</strong></span> 
     </span>
    </p>
   </div>
   <div class='ocr_carea' id='block_1_24' title="bbox 1818 1138 3395 1227">
    <p class='ocr_par' dir='ltr' id='par_1_24' title="bbox 1818 1138 3395 1227">
     <span class='ocr_line' id='line_1_24' title="bbox 1818 1138 3395 1227; baseline -0.002 -13"><span class='ocrx_word' id='word_1_164' title='bbox 1818 1174 1986 1215; x_wconf 88' lang='lat' dir='ltr'><strong>cens:</strong></span> <span class='ocrx_word' id='word_1_165' title='bbox 2024 1157 2164 1224; x_wconf 88' lang='lat' dir='ltr'><strong>Quid</strong></span> <span class='ocrx_word' id='word_1_166' title='bbox 2207 1157 2429 1213; x_wconf 78' lang='lat' dir='ltr'><strong>dicitis?</strong></span> <span class='ocrx_word' id='word_1_167' title='bbox 2477 1154 2616 1210; x_wconf 86' lang='lat' dir='ltr'><strong>Num</strong></span> <span class='ocrx_word' id='word_1_168' title='bbox 2666 1165 2920 1227; x_wconf 65' lang='lat' dir='ltr'><strong>peccator</strong></span> <span class='ocrx_word' id='word_1_169' title='bbox 2966 1166 3052 1210; x_wconf 84' lang='lat' dir='ltr'><strong>est</strong></span> <span class='ocrx_word' id='word_1_170' title='bbox 3108 1155 3201 1225; x_wconf 87' lang='lat' dir='ltr'><strong>qui</strong></span> <span class='ocrx_word' id='word_1_171' title='bbox 3244 1138 3395 1211; x_wconf 81' lang='lat' dir='ltr'><strong>meis</strong></span> 
     </span>
    </p>
   </div>
   <div class='ocr_carea' id='block_1_25' title="bbox 1823 1246 3397 1319">
    <p class='ocr_par' dir='ltr' id='par_1_25' title="bbox 1823 1246 3397 1319">
     <span class='ocr_line' id='line_1_25' title="bbox 1823 1246 3397 1319; baseline -0.004 -13"><span class='ocrx_word' id='word_1_172' title='bbox 1823 1251 2002 1306; x_wconf 89' lang='lat' dir='ltr'><strong>oculis</strong></span> <span class='ocrx_word' id='word_1_173' title='bbox 2046 1251 2220 1304; x_wconf 84' lang='lat' dir='ltr'><strong>lucem</strong></span> <span class='ocrx_word' id='word_1_174' title='bbox 2263 1247 2605 1319; x_wconf 76' lang='lat' dir='ltr'><strong>imper-tim?</strong></span> <span class='ocrx_word' id='word_1_175' title='bbox 2629 1249 2741 1302; x_wconf 72' lang='lat' dir='ltr'><strong>(Zur</strong></span> <span class='ocrx_word' id='word_1_176' title='bbox 2770 1247 3051 1302; x_wconf 88' lang='lat' dir='ltr'><strong>acerbitati</strong></span> <span class='ocrx_word' id='word_1_177' title='bbox 3086 1247 3193 1302; x_wconf 89' lang='lat' dir='ltr'><strong>mel</strong></span> <span class='ocrx_word' id='word_1_178' title='bbox 3223 1246 3397 1301; x_wconf 88' lang='lat' dir='ltr'><strong>admi-</strong></span> 
     </span>
    </p>
   </div>
   <div class='ocr_carea' id='block_1_26' title="bbox 1819 1340 3399 1411">
    <p class='ocr_par' dir='ltr' id='par_1_26' title="bbox 1819 1340 3399 1411">
     <span class='ocr_line' id='line_1_26' title="bbox 1819 1340 3399 1411; baseline -0.003 -12"><span class='ocrx_word' id='word_1_179' title='bbox 1819 1343 2025 1399; x_wconf 90' lang='lat' dir='ltr'><strong>scetis?</strong></span> <span class='ocrx_word' id='word_1_180' title='bbox 2068 1341 2270 1397; x_wconf 89' lang='lat' dir='ltr'><strong>Eodem</strong></span> <span class='ocrx_word' id='word_1_181' title='bbox 2324 1353 2600 1396; x_wconf 88' lang='lat' dir='ltr'><strong>momento</strong></span> <span class='ocrx_word' id='word_1_182' title='bbox 2654 1355 2740 1395; x_wconf 90' lang='lat' dir='ltr'><strong>me</strong></span> <span class='ocrx_word' id='word_1_183' title='bbox 2787 1347 2841 1394; x_wconf 91' lang='lat' dir='ltr'><strong>et</strong></span> <span class='ocrx_word' id='word_1_184' title='bbox 2890 1341 3116 1411; x_wconf 87' lang='lat' dir='ltr'><strong>gloriam</strong></span> <span class='ocrx_word' id='word_1_185' title='bbox 3164 1340 3297 1395; x_wconf 89' lang='lat' dir='ltr'><strong>dare</strong></span> <span class='ocrx_word' id='word_1_186' title='bbox 3341 1346 3399 1396; x_wconf 84' lang='lat' dir='ltr'><strong>et</strong></span> 
     </span>
    </p>
   </div>
   <div class='ocr_carea' id='block_1_27' title="bbox 1822 1433 3395 1506">
    <p class='ocr_par' dir='ltr' id='par_1_27' title="bbox 1822 1433 3395 1506">
     <span class='ocr_line' id='line_1_27' title="bbox 1822 1433 3395 1506; baseline -0.003 -15"><span class='ocrx_word' id='word_1_187' title='bbox 1822 1436 2210 1506; x_wconf 82' lang='lat' dir='ltr'><strong>blaspltemare</strong></span> <span class='ocrx_word' id='word_1_188' title='bbox 2243 1434 2468 1505; x_wconf 84' lang='lat' dir='ltr'><strong>jubelis.</strong></span> <span class='ocrx_word' id='word_1_189' title='bbox 2511 1433 2622 1489; x_wconf 92' lang='lat' dir='ltr'><strong>Deo</strong></span> <span class='ocrx_word' id='word_1_190' title='bbox 2653 1434 2882 1504; x_wconf 76' lang='lat' dir='ltr'><strong>gloriam</strong></span> <span class='ocrx_word' id='word_1_191' title='bbox 2927 1434 3079 1497; x_wconf 89' lang='lat' dir='ltr'><strong>dare,</strong></span> <span class='ocrx_word' id='word_1_192' title='bbox 3113 1435 3344 1503; x_wconf 89' lang='lat' dir='ltr'><strong>probum</strong></span> <span class='ocrx_word' id='word_1_193' title='bbox 3376 1448 3395 1501; x_wconf 88' lang='lat'><strong>;</strong></span> 
     </span>
    </p>
   </div>
   <div class='ocr_carea' id='block_1_28' title="bbox 1818 1524 3398 1600">
    <p class='ocr_par' dir='ltr' id='par_1_28' title="bbox 1818 1524 3398 1600">
     <span class='ocr_line' id='line_1_28' title="bbox 1818 1524 3398 1600; baseline -0.004 -14"><span class='ocrx_word' id='word_1_194' title='bbox 1818 1537 2159 1600; x_wconf 85' lang='lat' dir='ltr'><strong>peccatorem</strong></span> <span class='ocrx_word' id='word_1_195' title='bbox 2192 1536 2371 1583; x_wconf 89' lang='lat' dir='ltr'><strong>autem</strong></span> <span class='ocrx_word' id='word_1_196' title='bbox 2402 1526 2586 1582; x_wconf 84' lang='lat' dir='ltr'><strong>dicere</strong></span> <span class='ocrx_word' id='word_1_197' title='bbox 2608 1526 2782 1589; x_wconf 91' lang='lat' dir='ltr'><strong>illum,</strong></span> <span class='ocrx_word' id='word_1_198' title='bbox 2811 1524 3181 1580; x_wconf 63' lang='lat' dir='ltr'><strong>obtenebrata</strong></span> <span class='ocrx_word' id='word_1_199' title='bbox 3203 1525 3398 1579; x_wconf 71' lang='lat' dir='ltr'><strong>anima</strong></span> 
     </span>
    </p>
   </div>
   <div class='ocr_carea' id='block_1_29' title="bbox 1820 1606 3395 1687">
    <p class='ocr_par' dir='ltr' id='par_1_29' title="bbox 1820 1606 3395 1687">
     <span class='ocr_line' id='line_1_29' title="bbox 1820 1606 3395 1687; baseline -0.004 -12"><span class='ocrx_word' id='word_1_200' title='bbox 1820 1620 2033 1675; x_wconf 78' lang='lat' dir='ltr'><strong>facinus</strong></span> <span class='ocrx_word' id='word_1_201' title='bbox 2082 1619 2215 1673; x_wconf 88' lang='lat' dir='ltr'><strong>illud</strong></span> <span class='ocrx_word' id='word_1_202' title='bbox 2270 1627 2375 1674; x_wconf 90' lang='lat' dir='ltr'><strong>est.</strong></span> <span class='ocrx_word' id='word_1_203' title='bbox 2434 1617 2492 1671; x_wconf 93' lang='lat' dir='ltr'><strong>Si</strong></span> <span class='ocrx_word' id='word_1_204' title='bbox 2541 1606 2819 1687; x_wconf 83' lang='lat' dir='ltr'><strong>peccator,</strong></span> <span class='ocrx_word' id='word_1_205' title='bbox 2863 1615 2997 1670; x_wconf 89' lang='lat' dir='ltr'><strong>mibi</strong></span> <span class='ocrx_word' id='word_1_206' title='bbox 3050 1624 3395 1685; x_wconf 81' lang='lat' dir='ltr'><strong>peccatorum</strong></span> 
     </span>
    </p>
   </div>
   <div class='ocr_carea' id='block_1_30' title="bbox 155 1707 1718 1795">
    <p class='ocr_par' dir='ltr' id='par_1_30' title="bbox 155 1720 1718 1795">
     <span class='ocr_line' id='line_1_30' title="bbox 155 1720 1718 1795; baseline -0.003 -18"><span class='ocrx_word' id='word_1_207' title='bbox 155 1725 273 1788; x_wconf 82' lang='grc' dir='ltr'>τίας</span> <span class='ocrx_word' id='word_1_208' title='bbox 296 1725 526 1795; x_wconf 74' lang='grc' dir='ltr'>ἔμφασιν</span> <span class='ocrx_word' id='word_1_209' title='bbox 560 1725 618 1777; x_wconf 82' lang='grc' dir='ltr'>ὲν</span> <span class='ocrx_word' id='word_1_210' title='bbox 650 1723 822 1795; x_wconf 80' lang='grc' dir='ltr'>αὐτῷ,</span> <span class='ocrx_word' id='word_1_211' title='bbox 866 1724 963 1777; x_wconf 76' lang='grc' dir='ltr'>καὶ</span> <span class='ocrx_word' id='word_1_212' title='bbox 991 1723 1264 1794; x_wconf 83' lang='grc' dir='ltr'>πείθωμαι</span> <span class='ocrx_word' id='word_1_213' title='bbox 1295 1725 1363 1793; x_wconf 83' lang='grc' dir='ltr'>τῇ</span> <span class='ocrx_word' id='word_1_214' title='bbox 1406 1720 1718 1791; x_wconf 78' lang='grc' dir='ltr'>διδασκαλίᾳ</span> 
     </span>
    </p>
   </div>
   <div class='ocr_carea' id='block_1_31' title="bbox 1821 1707 3400 1795">
    <p class='ocr_par' dir='ltr' id='par_1_31' title="bbox 1825 1707 3400 1784">
     <span class='ocr_line' id='line_1_31' title="bbox 1825 1707 3400 1784; baseline -0.002 -18"><span class='ocrx_word' id='word_1_215' title='bbox 1825 1713 1984 1784; x_wconf 82' lang='lat' dir='ltr'><strong>signa</strong></span> <span class='ocrx_word' id='word_1_216' title='bbox 2010 1712 2064 1765; x_wconf 92' lang='lat' dir='ltr'><strong>in</strong></span> <span class='ocrx_word' id='word_1_217' title='bbox 2097 1725 2164 1765; x_wconf 91' lang='lat' dir='ltr'><strong>eo</strong></span> <span class='ocrx_word' id='word_1_218' title='bbox 2196 1716 2645 1774; x_wconf 90' lang='lat' dir='ltr'><strong>commonstrate,</strong></span> <span class='ocrx_word' id='word_1_219' title='bbox 2711 1716 2876 1777; x_wconf 86' lang='lat' dir='ltr'><strong>atque</strong></span> <span class='ocrx_word' id='word_1_220' title='bbox 2912 1707 3177 1761; x_wconf 67' lang='lat' dir='ltr'><strong>doctrinae</strong></span> <span class='ocrx_word' id='word_1_221' title='bbox 3201 1714 3400 1763; x_wconf 75' lang='lat' dir='ltr'><strong>vestra</strong></span> 
     </span>
    </p>
   </div>
   <div class='ocr_carea' id='block_1_32' title="bbox 156 1796 1718 1888">
    <p class='ocr_par' dir='ltr' id='par_1_32' title="bbox 156 1813 1718 1888">
     <span class='ocr_line' id='line_1_32' title="bbox 156 1813 1718 1888; baseline -0.003 -19"><span class='ocrx_word' id='word_1_222' title='bbox 156 1816 318 1886; x_wconf 82' lang='grc' dir='ltr'>ὑμῶν·</span> <span class='ocrx_word' id='word_1_223' title='bbox 349 1817 555 1888; x_wconf 77' lang='grc' dir='ltr'>ἢὺμεῖς</span> <span class='ocrx_word' id='word_1_224' title='bbox 580 1815 818 1886; x_wconf 77' lang='grc' dir='ltr'>ἔμφασιν</span> <span class='ocrx_word' id='word_1_225' title='bbox 854 1819 913 1869; x_wconf 81' lang='grc' dir='ltr'>ὲν</span> <span class='ocrx_word' id='word_1_226' title='bbox 945 1814 1096 1885; x_wconf 78' lang='grc' dir='ltr'><strong>αὐτῷ</strong></span> <span class='ocrx_word' id='word_1_227' title='bbox 1125 1814 1398 1884; x_wconf 85' lang='grc' dir='ltr'>ἁμαρτίας</span> <span class='ocrx_word' id='word_1_228' title='bbox 1433 1813 1660 1878; x_wconf 81' lang='grc' dir='ltr'>δείξατε,</span> <span class='ocrx_word' id='word_1_229' title='bbox 1687 1813 1718 1884; x_wconf 83' lang='grc' dir='ltr'>ἢ</span> 
     </span>
    </p>
   </div>
   <div class='ocr_carea' id='block_1_33' title="bbox 1821 1796 3399 1888">
    <p class='ocr_par' dir='ltr' id='par_1_33' title="bbox 1825 1796 3399 1871">
     <span class='ocr_line' id='line_1_33' title="bbox 1825 1796 3399 1871; baseline -0.003 -14"><span class='ocrx_word' id='word_1_230' title='bbox 1825 1803 2068 1856; x_wconf 85' lang='lat' dir='ltr'><strong>credam.</strong></span> <span class='ocrx_word' id='word_1_231' title='bbox 2106 1802 2216 1855; x_wconf 85' lang='lat' dir='ltr'><strong>Aut</strong></span> <span class='ocrx_word' id='word_1_232' title='bbox 2260 1810 2605 1871; x_wconf 77' lang='lat' dir='ltr'><strong>peccatorum</strong></span> <span class='ocrx_word' id='word_1_233' title='bbox 2633 1801 2788 1869; x_wconf 89' lang='lat' dir='ltr'><strong>signa</strong></span> <span class='ocrx_word' id='word_1_234' title='bbox 2821 1797 2947 1853; x_wconf 89' lang='lat' dir='ltr'><strong>date</strong></span> <span class='ocrx_word' id='word_1_235' title='bbox 2988 1817 3001 1853; x_wconf 88' lang='lat'><strong>:</strong></span> <span class='ocrx_word' id='word_1_236' title='bbox 3041 1806 3136 1853; x_wconf 87' lang='lat' dir='ltr'><strong>aut</strong></span> <span class='ocrx_word' id='word_1_237' title='bbox 3183 1796 3399 1852; x_wconf 82' lang='lat' dir='ltr'><strong>divino-</strong></span> 
     </span>
    </p>
   </div>
   <div class='ocr_carea' id='block_1_34' title="bbox 154 1900 1715 1974">
    <p class='ocr_par' dir='ltr' id='par_1_34' title="bbox 154 1900 1715 1974">
     <span class='ocr_line' id='line_1_34' title="bbox 154 1900 1715 1974; baseline -0.004 -13"><span class='ocrx_word' id='word_1_238' title='bbox 154 1903 260 1973; x_wconf 61' lang='grc' dir='ltr'><strong>ἑγὼ</strong></span> <span class='ocrx_word' id='word_1_239' title='bbox 284 1903 428 1967; x_wconf 85' lang='grc' dir='ltr'>θείας</span> <span class='ocrx_word' id='word_1_240' title='bbox 458 1905 515 1957; x_wconf 80' lang='grc' dir='ltr'>ὲν</span> <span class='ocrx_word' id='word_1_241' title='bbox 535 1903 682 1972; x_wconf 77' lang='grc' dir='ltr'>αὐτῴ</span> <span class='ocrx_word' id='word_1_242' title='bbox 706 1902 1147 1974; x_wconf 82' lang='grc' dir='ltr'>θαυματουργίας</span> <span class='ocrx_word' id='word_1_243' title='bbox 1173 1902 1438 1972; x_wconf 81' lang='grc' dir='ltr'>ὑπάρχειν</span> <span class='ocrx_word' id='word_1_244' title='bbox 1460 1900 1715 1970; x_wconf 66' lang='grc' dir='ltr'>ἐχέγγυα.</span> 
     </span>
    </p>
   </div>
   <div class='ocr_carea' id='block_1_35' title="bbox 152 1989 1720 2065">
    <p class='ocr_par' dir='ltr' id='par_1_35' title="bbox 152 1989 1720 2065">
     <span class='ocr_line' id='line_1_35' title="bbox 152 1989 1720 2065; baseline -0.003 -18"><span class='ocrx_word' id='word_1_245' title='bbox 152 1994 548 2065; x_wconf 77' lang='grc' dir='ltr'>Καταλιμπάνω</span> <span class='ocrx_word' id='word_1_246' title='bbox 595 1994 664 2048; x_wconf 80' lang='grc' dir='ltr'><strong>τὰ</strong></span> <span class='ocrx_word' id='word_1_247' title='bbox 706 1996 827 2052; x_wconf 74' lang='grc' dir='ltr'>κατ’</span> <span class='ocrx_word' id='word_1_248' title='bbox 856 1993 1129 2064; x_wconf 79' lang='grc' dir='ltr'>ἐμαυτὸν,</span> <span class='ocrx_word' id='word_1_249' title='bbox 1159 1992 1255 2046; x_wconf 73' lang='grc' dir='ltr'>καὶ</span> <span class='ocrx_word' id='word_1_250' title='bbox 1288 1992 1473 2044; x_wconf 83' lang='grc' dir='ltr'>λοιπὸν</span> <span class='ocrx_word' id='word_1_251' title='bbox 1510 1993 1574 2044; x_wconf 82' lang='grc' dir='ltr'>ἐκ</span> <span class='ocrx_word' id='word_1_252' title='bbox 1610 1989 1720 2049; x_wconf 83' lang='grc' dir='ltr'><strong>τῶν</strong></span> 
     </span>
    </p>
   </div>
   <div class='ocr_carea' id='block_1_36' title="bbox 151 2082 1717 2156">
    <p class='ocr_par' dir='ltr' id='par_1_36' title="bbox 151 2082 1717 2156">
     <span class='ocr_line' id='line_1_36' title="bbox 151 2082 1717 2156; baseline -0.003 -18"><span class='ocrx_word' id='word_1_253' title='bbox 151 2083 317 2138; x_wconf 78' lang='grc' dir='ltr'>ἄλλων</span> <span class='ocrx_word' id='word_1_254' title='bbox 340 2084 494 2137; x_wconf 86' lang='grc' dir='ltr'>ποιοῦ</span> <span class='ocrx_word' id='word_1_255' title='bbox 504 2100 605 2155; x_wconf 77' lang='grc' dir='ltr'><strong>μαι</strong></span> <span class='ocrx_word' id='word_1_256' title='bbox 625 2085 723 2156; x_wconf 83' lang='grc' dir='ltr'>τὴν</span> <span class='ocrx_word' id='word_1_257' title='bbox 748 2085 847 2136; x_wconf 83' lang='grc' dir='ltr'>ὲπε</span> <span class='ocrx_word' id='word_1_258' title='bbox 857 2083 1094 2154; x_wconf 83' lang='grc' dir='ltr'>ρώτησιν</span> <span class='ocrx_word' id='word_1_259' title='bbox 1113 2100 1127 2114; x_wconf 77' lang='grc' dir='ltr'><strong>ο</strong></span> <span class='ocrx_word' id='word_1_260' title='bbox 1171 2082 1519 2154; x_wconf 79' lang='grc' dir='ltr'>’Λμαρτωλός</span> <span class='ocrx_word' id='word_1_261' title='bbox 1552 2083 1717 2146; x_wconf 76' lang='grc' dir='ltr'>ἐστιν,</span> 
     </span>
    </p>
   </div>
   <div class='ocr_carea' id='block_1_37' title="bbox 149 2169 1721 2244">
    <p class='ocr_par' dir='ltr' id='par_1_37' title="bbox 149 2169 1721 2244">
     <span class='ocr_line' id='line_1_37' title="bbox 149 2169 1721 2244; baseline -0.005 -15"><span class='ocrx_word' id='word_1_262' title='bbox 149 2173 224 2238; x_wconf 76' lang='grc' dir='ltr'>ὥς</span> <span class='ocrx_word' id='word_1_263' title='bbox 256 2191 385 2244; x_wconf 83' lang='grc' dir='ltr'>φατε</span> <span class='ocrx_word' id='word_1_264' title='bbox 410 2190 425 2237; x_wconf 86' lang='lat'><strong>;</strong></span> <span class='ocrx_word' id='word_1_265' title='bbox 457 2175 567 2244; x_wconf 80' lang='grc' dir='ltr'><strong>Οὐχ</strong></span> <span class='ocrx_word' id='word_1_266' title='bbox 592 2169 744 2237; x_wconf 73' lang='grc' dir='ltr'>οὗτος</span> <span class='ocrx_word' id='word_1_267' title='bbox 773 2173 863 2226; x_wconf 81' lang='grc' dir='ltr'>τὸν</span> <span class='ocrx_word' id='word_1_268' title='bbox 890 2172 1007 2226; x_wconf 82' lang='grc' dir='ltr'>υἱὸν</span> <span class='ocrx_word' id='word_1_269' title='bbox 1035 2172 1135 2244; x_wconf 84' lang='grc' dir='ltr'>τῆς</span> <span class='ocrx_word' id='word_1_270' title='bbox 1157 2173 1329 2243; x_wconf 82' lang='grc' dir='ltr'>χήρας</span> <span class='ocrx_word' id='word_1_271' title='bbox 1361 2170 1721 2241; x_wconf 77' lang='grc' dir='ltr'>ἐκκομιζόμε-</span> 
     </span>
    </p>
   </div>
   <div class='ocr_carea' id='block_1_38' title="bbox 147 2260 1718 2333">
    <p class='ocr_par' dir='ltr' id='par_1_38' title="bbox 147 2260 1718 2333">
     <span class='ocr_line' id='line_1_38' title="bbox 147 2260 1718 2333; baseline -0.002 -18"><span class='ocrx_word' id='word_1_272' title='bbox 147 2276 236 2321; x_wconf 84' lang='grc' dir='ltr'><strong>νον</strong></span> <span class='ocrx_word' id='word_1_273' title='bbox 262 2261 456 2333; x_wconf 78' lang='grc' dir='ltr'>νεκρὸν,</span> <span class='ocrx_word' id='word_1_274' title='bbox 476 2260 616 2332; x_wconf 82' lang='grc' dir='ltr'>λόγῳ</span> <span class='ocrx_word' id='word_1_275' title='bbox 649 2261 983 2332; x_wconf 77' lang='grc' dir='ltr'>ἁνέστησενς</span> <span class='ocrx_word' id='word_1_276' title='bbox 1024 2260 1371 2332; x_wconf 84' lang='grc' dir='ltr'>’Δμαρτωλοῦ</span> <span class='ocrx_word' id='word_1_277' title='bbox 1408 2260 1718 2332; x_wconf 75' lang='grc' dir='ltr'>ἀνθρώπου,</span> 
     </span>
    </p>
   </div>
   <div class='ocr_carea' id='block_1_39' title="bbox 145 2348 1722 2424">
    <p class='ocr_par' dir='ltr' id='par_1_39' title="bbox 145 2348 1722 2424">
     <span class='ocr_line' id='line_1_39' title="bbox 145 2348 1722 2424; baseline 0 -22"><span class='ocrx_word' id='word_1_278' title='bbox 145 2350 180 2421; x_wconf 79' lang='grc' dir='ltr'>ἢ</span> <span class='ocrx_word' id='word_1_279' title='bbox 208 2350 336 2404; x_wconf 83' lang='grc' dir='ltr'>Θεοῦ</span> <span class='ocrx_word' id='word_1_280' title='bbox 371 2352 545 2420; x_wconf 80' lang='grc' dir='ltr'><strong>Λόγου</strong></span> <span class='ocrx_word' id='word_1_281' title='bbox 575 2348 642 2423; x_wconf 76' lang='grc' dir='ltr'>ἦν</span> <span class='ocrx_word' id='word_1_282' title='bbox 690 2351 751 2405; x_wconf 81' lang='grc' dir='ltr'>τὸ</span> <span class='ocrx_word' id='word_1_283' title='bbox 796 2351 989 2424; x_wconf 79' lang='grc' dir='ltr'>ἔργον;</span> <span class='ocrx_word' id='word_1_284' title='bbox 1011 2352 1147 2421; x_wconf 71' lang='grc' dir='ltr'><strong>Οὐχὶ</strong></span> <span class='ocrx_word' id='word_1_285' title='bbox 1174 2349 1283 2404; x_wconf 89' lang='grc' dir='ltr'><strong>τῶν</strong></span> <span class='ocrx_word' id='word_1_286' title='bbox 1328 2349 1461 2407; x_wconf 77' lang='grc' dir='ltr'>δέκα</span> <span class='ocrx_word' id='word_1_287' title='bbox 1504 2349 1722 2420; x_wconf 77' lang='grc' dir='ltr'>λεπρῶν</span> 
     </span>
    </p>
   </div>
   <div class='ocr_carea' id='block_1_40' title="bbox 144 2440 1723 2514">
    <p class='ocr_par' dir='ltr' id='par_1_40' title="bbox 144 2440 1723 2514">
     <span class='ocr_line' id='line_1_40' title="bbox 144 2440 1723 2514; baseline -0.005 -13"><span class='ocrx_word' id='word_1_288' title='bbox 144 2443 233 2512; x_wconf 56' lang='grc' dir='ltr'><strong>ὑφ’</strong></span> <span class='ocrx_word' id='word_1_289' title='bbox 278 2442 335 2496; x_wconf 81' lang='grc' dir='ltr'>ἒν</span> <span class='ocrx_word' id='word_1_290' title='bbox 372 2444 472 2514; x_wconf 78' lang='grc' dir='ltr'>τὴν</span> <span class='ocrx_word' id='word_1_291' title='bbox 521 2442 974 2514; x_wconf 82' lang='grc' dir='ltr'>καταστιχθεῖσαν</span> <span class='ocrx_word' id='word_1_292' title='bbox 1016 2442 1123 2496; x_wconf 85' lang='grc' dir='ltr'><strong>ὑπὸ</strong></span> <span class='ocrx_word' id='word_1_293' title='bbox 1155 2442 1251 2495; x_wconf 83' lang='grc' dir='ltr'><strong>τοῦ</strong></span> <span class='ocrx_word' id='word_1_294' title='bbox 1275 2440 1477 2505; x_wconf 82' lang='grc' dir='ltr'>πάθους</span> <span class='ocrx_word' id='word_1_295' title='bbox 1515 2441 1723 2512; x_wconf 85' lang='grc' dir='ltr'>παρδα-</span> 
     </span>
    </p>
   </div>
   <div class='ocr_carea' id='block_1_41' title="bbox 141 2531 1718 2605">
    <p class='ocr_par' dir='ltr' id='par_1_41' title="bbox 141 2531 1718 2605">
     <span class='ocr_line' id='line_1_41' title="bbox 141 2531 1718 2605; baseline -0.001 -20"><span class='ocrx_word' id='word_1_296' title='bbox 141 2533 317 2587; x_wconf 79' lang='grc' dir='ltr'>λιαίαν</span> <span class='ocrx_word' id='word_1_297' title='bbox 343 2532 505 2603; x_wconf 76' lang='grc' dir='ltr'>δορὰν</span> <span class='ocrx_word' id='word_1_298' title='bbox 540 2535 746 2605; x_wconf 78' lang='grc' dir='ltr'>ῥήματι</span> <span class='ocrx_word' id='word_1_299' title='bbox 781 2534 1153 2604; x_wconf 72' lang='grc' dir='ltr'>ἐκκαθαίρων,</span> <span class='ocrx_word' id='word_1_300' title='bbox 1187 2535 1267 2595; x_wconf 81' lang='grc' dir='ltr'><strong>είς</strong></span> <span class='ocrx_word' id='word_1_301' title='bbox 1293 2533 1392 2604; x_wconf 84' lang='grc' dir='ltr'>τὴν</span> <span class='ocrx_word' id='word_1_302' title='bbox 1431 2531 1718 2602; x_wconf 77' lang='grc' dir='ltr'>ἀνθρωπό-</span> 
     </span>
    </p>
   </div>
   <div class='ocr_carea' id='block_1_42' title="bbox 143 2620 1721 2697">
    <p class='ocr_par' dir='ltr' id='par_1_42' title="bbox 143 2620 1721 2697">
     <span class='ocr_line' id='line_1_42' title="bbox 143 2620 1721 2697; baseline -0.003 -20"><span class='ocrx_word' id='word_1_303' title='bbox 143 2641 344 2697; x_wconf 74' lang='grc' dir='ltr'>μοριρον</span> <span class='ocrx_word' id='word_1_304' title='bbox 365 2625 612 2695; x_wconf 83' lang='grc' dir='ltr'>μονοειδῆ</span> <span class='ocrx_word' id='word_1_305' title='bbox 632 2625 931 2695; x_wconf 81' lang='grc' dir='ltr'>μετήνεγκε</span> <span class='ocrx_word' id='word_1_306' title='bbox 948 2623 1076 2676; x_wconf 79' lang='grc' dir='ltr'>θέαν</span> <span class='ocrx_word' id='word_1_307' title='bbox 1096 2639 1111 2687; x_wconf 88' lang='lat'><strong>;</strong></span> <span class='ocrx_word' id='word_1_308' title='bbox 1130 2620 1481 2693; x_wconf 83' lang='grc' dir='ltr'>’Λμαρτωλοῦ</span> <span class='ocrx_word' id='word_1_309' title='bbox 1514 2620 1721 2692; x_wconf 80' lang='grc' dir='ltr'>ἀνθρώ·</span> 
     </span>
    </p>
   </div>
   <div class='ocr_carea' id='block_1_43' title="bbox 138 2712 1720 2791">
    <p class='ocr_par' dir='ltr' id='par_1_43' title="bbox 138 2712 1720 2791">
     <span class='ocr_line' id='line_1_43' title="bbox 138 2712 1720 2791; baseline -0.003 -22"><span class='ocrx_word' id='word_1_310' title='bbox 138 2733 264 2779; x_wconf 84' lang='grc' dir='ltr'>που,</span> <span class='ocrx_word' id='word_1_311' title='bbox 282 2716 313 2785; x_wconf 79' lang='grc' dir='ltr'>ἢ</span> <span class='ocrx_word' id='word_1_312' title='bbox 333 2715 465 2768; x_wconf 85' lang='grc' dir='ltr'>Θεοῦ</span> <span class='ocrx_word' id='word_1_313' title='bbox 482 2715 657 2784; x_wconf 80' lang='grc' dir='ltr'>Λόγου</span> <span class='ocrx_word' id='word_1_314' title='bbox 672 2716 732 2769; x_wconf 84' lang='grc' dir='ltr'>τὸ</span> <span class='ocrx_word' id='word_1_315' title='bbox 750 2716 938 2791; x_wconf 80' lang='grc' dir='ltr'>ἐργον;</span> <span class='ocrx_word' id='word_1_316' title='bbox 957 2716 1091 2786; x_wconf 77' lang='grc' dir='ltr'><strong>Οὐχὶ</strong></span> <span class='ocrx_word' id='word_1_317' title='bbox 1109 2715 1200 2768; x_wconf 76' lang='grc' dir='ltr'>τὸν</span> <span class='ocrx_word' id='word_1_318' title='bbox 1218 2713 1321 2769; x_wconf 82' lang='grc' dir='ltr'><strong>ὑπὸ</strong></span> <span class='ocrx_word' id='word_1_319' title='bbox 1335 2713 1595 2782; x_wconf 86' lang='grc' dir='ltr'>λεγεῶνος</span> <span class='ocrx_word' id='word_1_320' title='bbox 1610 2712 1720 2769; x_wconf 81' lang='grc' dir='ltr'><strong>τῶν</strong></span> 
     </span>
    </p>
   </div>
   <div class='ocr_carea' id='block_1_44' title="bbox 136 2805 1721 2878">
    <p class='ocr_par' dir='ltr' id='par_1_44' title="bbox 136 2805 1721 2878">
     <span class='ocr_line' id='line_1_44' title="bbox 136 2805 1721 2878; baseline -0.002 -18"><span class='ocrx_word' id='word_1_321' title='bbox 136 2806 401 2876; x_wconf 78' lang='grc' dir='ltr'>δαιμόνων</span> <span class='ocrx_word' id='word_1_322' title='bbox 431 2806 933 2878; x_wconf 78' lang='grc' dir='ltr'>παρενοχλούμενον</span> <span class='ocrx_word' id='word_1_323' title='bbox 964 2807 1269 2877; x_wconf 81' lang='grc' dir='ltr'>ἄνθρωπον,</span> <span class='ocrx_word' id='word_1_324' title='bbox 1302 2805 1393 2859; x_wconf 73' lang='grc' dir='ltr'><strong>τὸν</strong></span> <span class='ocrx_word' id='word_1_325' title='bbox 1417 2806 1556 2877; x_wconf 79' lang='grc' dir='ltr'>μήτε</span> <span class='ocrx_word' id='word_1_326' title='bbox 1588 2820 1721 2874; x_wconf 91' lang='grc' dir='ltr'>κρα-</span> 
     </span>
    </p>
   </div>
   <div class='ocr_carea' id='block_1_45' title="bbox 134 2894 1720 2969">
    <p class='ocr_par' dir='ltr' id='par_1_45' title="bbox 134 2894 1720 2969">
     <span class='ocr_line' id='line_1_45' title="bbox 134 2894 1720 2969; baseline -0.001 -20"><span class='ocrx_word' id='word_1_327' title='bbox 134 2898 360 2968; x_wconf 80' lang='grc' dir='ltr'>τηθῆναι</span> <span class='ocrx_word' id='word_1_328' title='bbox 385 2898 700 2968; x_wconf 81' lang='grc' dir='ltr'>δυνάμενον,</span> <span class='ocrx_word' id='word_1_329' title='bbox 740 2900 876 2969; x_wconf 85' lang='grc' dir='ltr'>μήτε</span> <span class='ocrx_word' id='word_1_330' title='bbox 907 2894 1055 2953; x_wconf 72' lang='grc' dir='ltr'>οἷκον</span> <span class='ocrx_word' id='word_1_331' title='bbox 1076 2897 1469 2968; x_wconf 82' lang='grc' dir='ltr'>εἰσδεχόμενον,</span> <span class='ocrx_word' id='word_1_332' title='bbox 1516 2894 1628 2949; x_wconf 76' lang='grc' dir='ltr'>ἀλλ’</span> <span class='ocrx_word' id='word_1_333' title='bbox 1662 2898 1720 2949; x_wconf 81' lang='grc' dir='ltr'>ἐν</span> 
     </span>
    </p>
   </div>
   <div class='ocr_carea' id='block_1_46' title="bbox 134 2987 1719 3060">
    <p class='ocr_par' dir='ltr' id='par_1_46' title="bbox 134 2987 1719 3060">
     <span class='ocr_line' id='line_1_46' title="bbox 134 2987 1719 3060; baseline -0.001 -18"><span class='ocrx_word' id='word_1_334' title='bbox 134 2992 247 3053; x_wconf 83' lang='grc' dir='ltr'>τοῖς</span> <span class='ocrx_word' id='word_1_335' title='bbox 279 2990 556 3060; x_wconf 81' lang='grc' dir='ltr'>μνήμασιν</span> <span class='ocrx_word' id='word_1_336' title='bbox 603 2989 978 3060; x_wconf 77' lang='grc' dir='ltr'>αὐλιζόμενον,</span> <span class='ocrx_word' id='word_1_337' title='bbox 1019 2988 1312 3060; x_wconf 76' lang='grc' dir='ltr'>βασιλικῶς</span> <span class='ocrx_word' id='word_1_338' title='bbox 1338 2990 1435 3059; x_wconf 81' lang='grc' dir='ltr'>τῆς</span> <span class='ocrx_word' id='word_1_339' title='bbox 1466 2987 1719 3058; x_wconf 65' lang='grc' dir='ltr'>τυραννίς</span> 
     </span>
    </p>
   </div>
   <div class='ocr_carea' id='block_1_47' title="bbox 131 3079 1717 3154">
    <p class='ocr_par' dir='ltr' id='par_1_47' title="bbox 131 3079 1717 3154">
     <span class='ocr_line' id='line_1_47' title="bbox 131 3079 1717 3154; baseline -0.001 -19"><span class='ocrx_word' id='word_1_340' title='bbox 131 3081 223 3145; x_wconf 81' lang='grc' dir='ltr'><strong>δος</strong></span> <span class='ocrx_word' id='word_1_341' title='bbox 270 3081 538 3135; x_wconf 79' lang='grc' dir='ltr'>ἀπέλυσεν</span> <span class='ocrx_word' id='word_1_342' title='bbox 585 3081 732 3151; x_wconf 86' lang='grc'><strong>(85);</strong></span> <span class='ocrx_word' id='word_1_343' title='bbox 781 3081 1130 3154; x_wconf 83' lang='grc' dir='ltr'>’Δμαρτωλοῦ</span> <span class='ocrx_word' id='word_1_344' title='bbox 1171 3079 1481 3153; x_wconf 84' lang='grc' dir='ltr'>ἀνθρώπου,</span> <span class='ocrx_word' id='word_1_345' title='bbox 1516 3081 1548 3150; x_wconf 80' lang='grc' dir='ltr'>ἢ</span> <span class='ocrx_word' id='word_1_346' title='bbox 1582 3079 1717 3133; x_wconf 89' lang='grc' dir='ltr'>Θεοῦ</span> 
     </span>
    </p>
   </div>
   <div class='ocr_carea' id='block_1_48' title="bbox 1820 1889 3399 1961">
    <p class='ocr_par' dir='ltr' id='par_1_48' title="bbox 1820 1889 3399 1961">
     <span class='ocr_line' id='line_1_48' title="bbox 1820 1889 3399 1961; baseline -0.005 -9"><span class='ocrx_word' id='word_1_347' title='bbox 1820 1912 1943 1955; x_wconf 82' lang='lat' dir='ltr'><strong>rum</strong></span> <span class='ocrx_word' id='word_1_348' title='bbox 1976 1895 2031 1949; x_wconf 91' lang='lat' dir='ltr'><strong>in</strong></span> <span class='ocrx_word' id='word_1_349' title='bbox 2060 1910 2128 1950; x_wconf 92' lang='lat' dir='ltr'><strong>eo</strong></span> <span class='ocrx_word' id='word_1_350' title='bbox 2175 1893 2566 1948; x_wconf 85' lang='lat' dir='ltr'><strong>miraculorum</strong></span> <span class='ocrx_word' id='word_1_351' title='bbox 2602 1892 2746 1948; x_wconf 81' lang='lat' dir='ltr'><strong>dabo</strong></span> <span class='ocrx_word' id='word_1_352' title='bbox 2782 1900 3119 1961; x_wconf 90' lang='lat' dir='ltr'><strong>argumenta.</strong></span> <span class='ocrx_word' id='word_1_353' title='bbox 3152 1889 3226 1943; x_wconf 84' lang='lat' dir='ltr'><strong>Ea</strong></span> <span class='ocrx_word' id='word_1_354' title='bbox 3255 1904 3399 1961; x_wconf 68' lang='lat' dir='ltr'><strong>pra-</strong></span> 
     </span>
    </p>
   </div>
   <div class='ocr_carea' id='block_1_49' title="bbox 1819 1982 3398 2057">
    <p class='ocr_par' dir='ltr' id='par_1_49' title="bbox 1819 1982 3398 2057">
     <span class='ocr_line' id='line_1_49' title="bbox 1819 1982 3398 2057; baseline -0.004 -15"><span class='ocrx_word' id='word_1_355' title='bbox 1819 1988 2061 2043; x_wconf 74' lang='lat' dir='ltr'><strong>termitto</strong></span> <span class='ocrx_word' id='word_1_356' title='bbox 2094 2002 2215 2057; x_wconf 84' lang='lat' dir='ltr'><strong>quae</strong></span> <span class='ocrx_word' id='word_1_357' title='bbox 2246 2000 2332 2039; x_wconf 88' lang='lat' dir='ltr'><strong>me</strong></span> <span class='ocrx_word' id='word_1_358' title='bbox 2363 1991 2634 2054; x_wconf 74' lang='lat' dir='ltr'><strong>spectant,</strong></span> <span class='ocrx_word' id='word_1_359' title='bbox 2664 1991 2825 2053; x_wconf 86' lang='lat' dir='ltr'><strong>atque</strong></span> <span class='ocrx_word' id='word_1_360' title='bbox 2848 1998 2915 2037; x_wconf 80' lang='lat' dir='ltr'><strong>ex</strong></span> <span class='ocrx_word' id='word_1_361' title='bbox 2942 1982 3066 2037; x_wconf 87' lang='lat' dir='ltr'><strong>aliis</strong></span> <span class='ocrx_word' id='word_1_362' title='bbox 3093 1985 3398 2053; x_wconf 82' lang='lat' dir='ltr'><strong>interroga-</strong></span> 
     </span>
    </p>
   </div>
   <div class='ocr_carea' id='block_1_50' title="bbox 1819 2073 3398 2151">
    <p class='ocr_par' dir='ltr' id='par_1_50' title="bbox 1819 2073 3398 2151">
     <span class='ocr_line' id='line_1_50' title="bbox 1819 2073 3398 2151; baseline -0.003 -17"><span class='ocrx_word' id='word_1_363' title='bbox 1819 2080 2006 2135; x_wconf 79' lang='lat' dir='ltr'><strong>tiones</strong></span> <span class='ocrx_word' id='word_1_364' title='bbox 2022 2094 2175 2150; x_wconf 87' lang='lat' dir='ltr'><strong>paro.</strong></span> <span class='ocrx_word' id='word_1_365' title='bbox 2208 2077 2289 2131; x_wconf 84' lang='lat' dir='ltr'><strong>An</strong></span> <span class='ocrx_word' id='word_1_366' title='bbox 2320 2087 2574 2151; x_wconf 85' lang='lat' dir='ltr'><strong>peccator</strong></span> <span class='ocrx_word' id='word_1_367' title='bbox 2602 2085 2707 2142; x_wconf 90' lang='lat' dir='ltr'><strong>est,</strong></span> <span class='ocrx_word' id='word_1_368' title='bbox 2734 2085 2793 2131; x_wconf 89' lang='lat' dir='ltr'><strong>ut</strong></span> <span class='ocrx_word' id='word_1_369' title='bbox 2827 2092 2922 2131; x_wconf 86' lang='lat' dir='ltr'><strong>vos</strong></span> <span class='ocrx_word' id='word_1_370' title='bbox 2950 2076 3177 2131; x_wconf 80' lang='lat' dir='ltr'><strong>dicitis?</strong></span> <span class='ocrx_word' id='word_1_371' title='bbox 3206 2073 3398 2130; x_wconf 76' lang='lat' dir='ltr'><strong>Nomio</strong></span> 
     </span>
    </p>
   </div>
   <div class='ocr_carea' id='block_1_51' title="bbox 1818 2162 3398 2239">
    <p class='ocr_par' dir='ltr' id='par_1_51' title="bbox 1818 2162 3398 2239">
     <span class='ocr_line' id='line_1_51' title="bbox 1818 2162 3398 2239; baseline -0.005 -13"><span class='ocrx_word' id='word_1_372' title='bbox 1818 2171 1909 2226; x_wconf 84' lang='lat' dir='ltr'><strong>hic</strong></span> <span class='ocrx_word' id='word_1_373' title='bbox 1965 2178 2051 2225; x_wconf 90' lang='lat' dir='ltr'><strong>est</strong></span> <span class='ocrx_word' id='word_1_374' title='bbox 2088 2169 2179 2239; x_wconf 90' lang='lat' dir='ltr'><strong>qui</strong></span> <span class='ocrx_word' id='word_1_375' title='bbox 2225 2167 2394 2222; x_wconf 82' lang='lat' dir='ltr'><strong>ﬁlium</strong></span> <span class='ocrx_word' id='word_1_376' title='bbox 2443 2167 2621 2221; x_wconf 67' lang='lat' dir='ltr'><strong>vidua:</strong></span> <span class='ocrx_word' id='word_1_377' title='bbox 2650 2165 2888 2220; x_wconf 89' lang='lat' dir='ltr'><strong>delatum</strong></span> <span class='ocrx_word' id='word_1_378' title='bbox 2921 2171 3193 2218; x_wconf 87' lang='lat' dir='ltr'><strong>mortuum</strong></span> <span class='ocrx_word' id='word_1_379' title='bbox 3233 2162 3398 2218; x_wconf 87' lang='lat' dir='ltr'><strong>verbo</strong></span> 
     </span>
    </p>
   </div>
   <div class='ocr_carea' id='block_1_52' title="bbox 1822 2253 3396 2329">
    <p class='ocr_par' dir='ltr' id='par_1_52' title="bbox 1822 2253 3396 2329">
     <span class='ocr_line' id='line_1_52' title="bbox 1822 2253 3396 2329; baseline -0.006 -12"><span class='ocrx_word' id='word_1_380' title='bbox 1822 2261 2157 2319; x_wconf 85' lang='lat' dir='ltr'><strong>suscitavit?</strong></span> <span class='ocrx_word' id='word_1_381' title='bbox 2214 2259 2537 2315; x_wconf 84' lang='lat' dir='ltr'><strong>Hominisne</strong></span> <span class='ocrx_word' id='word_1_382' title='bbox 2577 2257 2917 2329; x_wconf 85' lang='lat' dir='ltr'><strong>peccatoris,</strong></span> <span class='ocrx_word' id='word_1_383' title='bbox 2966 2271 3035 2309; x_wconf 87' lang='lat' dir='ltr'><strong>an</strong></span> <span class='ocrx_word' id='word_1_384' title='bbox 3084 2254 3180 2310; x_wconf 89' lang='lat' dir='ltr'><strong>Dei</strong></span> <span class='ocrx_word' id='word_1_385' title='bbox 3231 2253 3396 2309; x_wconf 81' lang='lat' dir='ltr'><strong>Verbi</strong></span> 
     </span>
    </p>
   </div>
   <div class='ocr_carea' id='block_1_53' title="bbox 1821 2346 3397 2423">
    <p class='ocr_par' dir='ltr' id='par_1_53' title="bbox 1821 2346 3397 2423">
     <span class='ocr_line' id='line_1_53' title="bbox 1821 2346 3397 2423; baseline -0.005 -16"><span class='ocrx_word' id='word_1_386' title='bbox 1821 2366 1963 2423; x_wconf 90' lang='lat' dir='ltr'><strong>opus</strong></span> <span class='ocrx_word' id='word_1_387' title='bbox 2015 2350 2149 2404; x_wconf 91' lang='lat' dir='ltr'><strong>illud</strong></span> <span class='ocrx_word' id='word_1_388' title='bbox 2196 2350 2350 2405; x_wconf 87' lang='lat' dir='ltr'><strong>erat?</strong></span> <span class='ocrx_word' id='word_1_389' title='bbox 2412 2350 2601 2402; x_wconf 80' lang='lat' dir='ltr'><strong>Nonne</strong></span> <span class='ocrx_word' id='word_1_390' title='bbox 2650 2362 2759 2401; x_wconf 88' lang='lat' dir='ltr'><strong>una</strong></span> <span class='ocrx_word' id='word_1_391' title='bbox 2815 2347 3001 2401; x_wconf 91' lang='lat' dir='ltr'><strong>decem</strong></span> <span class='ocrx_word' id='word_1_392' title='bbox 3056 2346 3397 2416; x_wconf 88' lang='lat' dir='ltr'><strong>leprosorum</strong></span> 
     </span>
    </p>
   </div>
   <div class='ocr_carea' id='block_1_54' title="bbox 1818 2437 3409 2511">
    <p class='ocr_par' dir='ltr' id='par_1_54' title="bbox 1818 2437 3409 2511">
     <span class='ocr_line' id='line_1_54' title="bbox 1818 2437 3409 2511; baseline -0.005 -12"><span class='ocrx_word' id='word_1_393' title='bbox 1818 2445 2012 2500; x_wconf 89' lang='lat' dir='ltr'><strong>morbo</strong></span> <span class='ocrx_word' id='word_1_394' title='bbox 2055 2446 2396 2499; x_wconf 84' lang='lat' dir='ltr'><strong>maculosam</strong></span> <span class='ocrx_word' id='word_1_395' title='bbox 2444 2448 2500 2497; x_wconf 92' lang='lat' dir='ltr'><strong>et</strong></span> <span class='ocrx_word' id='word_1_396' title='bbox 2549 2439 2929 2511; x_wconf 84' lang='lat' dir='ltr'><strong>pantherinam</strong></span> <span class='ocrx_word' id='word_1_397' title='bbox 2976 2438 3173 2508; x_wconf 90' lang='lat' dir='ltr'><strong>pellem</strong></span> <span class='ocrx_word' id='word_1_398' title='bbox 3230 2437 3409 2492; x_wconf 78' lang='lat' dir='ltr'><strong>verbo.</strong></span> 
     </span>
    </p>
   </div>
   <div class='ocr_carea' id='block_1_55' title="bbox 1820 2528 3400 2606">
    <p class='ocr_par' dir='ltr' id='par_1_55' title="bbox 1820 2528 3400 2606">
     <span class='ocr_line' id='line_1_55' title="bbox 1820 2528 3400 2606; baseline -0.005 -16"><span class='ocrx_word' id='word_1_399' title='bbox 1820 2550 2079 2606; x_wconf 78' lang='lat' dir='ltr'><strong>purgans,</strong></span> <span class='ocrx_word' id='word_1_400' title='bbox 2118 2534 2174 2588; x_wconf 90' lang='lat' dir='ltr'><strong>in</strong></span> <span class='ocrx_word' id='word_1_401' title='bbox 2219 2534 2512 2589; x_wconf 85' lang='lat' dir='ltr'><strong>humanam</strong></span> <span class='ocrx_word' id='word_1_402' title='bbox 2543 2530 2980 2601; x_wconf 80' lang='lat' dir='ltr'><strong>unil&#39;ormemque</strong></span> <span class='ocrx_word' id='word_1_403' title='bbox 3010 2528 3400 2584; x_wconf 83' lang='lat' dir='ltr'><strong>transmutavit</strong></span> 
     </span>
    </p>
   </div>
   <div class='ocr_carea' id='block_1_56' title="bbox 1820 2619 3403 2699">
    <p class='ocr_par' dir='ltr' id='par_1_56' title="bbox 1820 2619 3403 2699">
     <span class='ocr_line' id='line_1_56' title="bbox 1820 2619 3403 2699; baseline -0.008 -14"><span class='ocrx_word' id='word_1_404' title='bbox 1820 2628 2106 2699; x_wconf 84' lang='lat' dir='ltr'><strong>speciem?</strong></span> <span class='ocrx_word' id='word_1_405' title='bbox 2133 2626 2517 2683; x_wconf 85' lang='lat' dir='ltr'><strong>Peccatorisne</strong></span> <span class='ocrx_word' id='word_1_406' title='bbox 2572 2624 2833 2688; x_wconf 80' lang='lat' dir='ltr'><strong>hominis,</strong></span> <span class='ocrx_word' id='word_1_407' title='bbox 2870 2637 2938 2677; x_wconf 92' lang='lat' dir='ltr'><strong>an</strong></span> <span class='ocrx_word' id='word_1_408' title='bbox 2974 2623 3064 2677; x_wconf 89' lang='lat' dir='ltr'><strong>Dei</strong></span> <span class='ocrx_word' id='word_1_409' title='bbox 3094 2638 3234 2692; x_wconf 87' lang='lat' dir='ltr'><strong>opus</strong></span> <span class='ocrx_word' id='word_1_410' title='bbox 3264 2619 3403 2678; x_wconf 88' lang='lat' dir='ltr'><strong>illud</strong></span> 
     </span>
    </p>
   </div>
   <div class='ocr_carea' id='block_1_57' title="bbox 1818 2714 3394 2789">
    <p class='ocr_par' dir='ltr' id='par_1_57' title="bbox 1818 2714 3394 2789">
     <span class='ocr_line' id='line_1_57' title="bbox 1818 2714 3394 2789; baseline -0.004 -14"><span class='ocrx_word' id='word_1_411' title='bbox 1818 2720 1939 2775; x_wconf 91' lang='lat' dir='ltr'><strong>est?</strong></span> <span class='ocrx_word' id='word_1_412' title='bbox 1964 2719 2154 2775; x_wconf 77' lang='lat' dir='ltr'><strong>Nonne</strong></span> <span class='ocrx_word' id='word_1_413' title='bbox 2180 2735 2302 2774; x_wconf 92' lang='lat' dir='ltr'><strong>eum</strong></span> <span class='ocrx_word' id='word_1_414' title='bbox 2332 2719 2424 2789; x_wconf 83' lang='lat' dir='ltr'><strong>qui</strong></span> <span class='ocrx_word' id='word_1_415' title='bbox 2451 2718 2659 2787; x_wconf 82' lang='lat' dir='ltr'><strong>legione</strong></span> <span class='ocrx_word' id='word_1_416' title='bbox 2694 2716 3004 2770; x_wconf 64' lang='lat' dir='ltr'><strong>dmmonum</strong></span> <span class='ocrx_word' id='word_1_417' title='bbox 3037 2714 3347 2785; x_wconf 76' lang='lat' dir='ltr'><strong>agitabatur</strong></span> <span class='ocrx_word' id='word_1_418' title='bbox 3377 2731 3394 2769; x_wconf 89' lang='lat'><strong>:</strong></span> 
     </span>
    </p>
   </div>
   <div class='ocr_carea' id='block_1_58' title="bbox 1819 2807 3406 2882">
    <p class='ocr_par' dir='ltr' id='par_1_58' title="bbox 1819 2807 3406 2882">
     <span class='ocr_line' id='line_1_58' title="bbox 1819 2807 3406 2882; baseline -0.004 -16"><span class='ocrx_word' id='word_1_419' title='bbox 1819 2812 1913 2882; x_wconf 88' lang='lat' dir='ltr'><strong>qui</strong></span> <span class='ocrx_word' id='word_1_420' title='bbox 1943 2826 2122 2881; x_wconf 90' lang='lat' dir='ltr'><strong>neque</strong></span> <span class='ocrx_word' id='word_1_421' title='bbox 2154 2811 2328 2865; x_wconf 83' lang='lat' dir='ltr'><strong>teneri</strong></span> <span class='ocrx_word' id='word_1_422' title='bbox 2360 2818 2596 2880; x_wconf 84' lang='lat' dir='ltr'><strong>poterat,</strong></span> <span class='ocrx_word' id='word_1_423' title='bbox 2629 2823 2729 2863; x_wconf 92' lang='lat' dir='ltr'><strong>nec</strong></span> <span class='ocrx_word' id='word_1_424' title='bbox 2762 2808 2818 2862; x_wconf 91' lang='lat' dir='ltr'><strong>in</strong></span> <span class='ocrx_word' id='word_1_425' title='bbox 2848 2807 3011 2862; x_wconf 89' lang='lat' dir='ltr'><strong>domo</strong></span> <span class='ocrx_word' id='word_1_426' title='bbox 3037 2816 3355 2876; x_wconf 88' lang='lat' dir='ltr'><strong>permanere</strong></span> <span class='ocrx_word' id='word_1_427' title='bbox 3376 2844 3406 2870; x_wconf 84' lang='grc'><strong>,,</strong></span> 
     </span>
    </p>
   </div>
   <div class='ocr_carea' id='block_1_59' title="bbox 1819 2900 3398 2972">
    <p class='ocr_par' dir='ltr' id='par_1_59' title="bbox 1819 2900 3398 2972">
     <span class='ocr_line' id='line_1_59' title="bbox 1819 2900 3398 2972; baseline -0.004 -13"><span class='ocrx_word' id='word_1_428' title='bbox 1819 2903 1916 2959; x_wconf 85' lang='lat' dir='ltr'><strong>sed</strong></span> <span class='ocrx_word' id='word_1_429' title='bbox 1966 2903 2020 2956; x_wconf 91' lang='lat' dir='ltr'><strong>in</strong></span> <span class='ocrx_word' id='word_1_430' title='bbox 2054 2902 2324 2972; x_wconf 81' lang='lat' dir='ltr'><strong>sepulcris</strong></span> <span class='ocrx_word' id='word_1_431' title='bbox 2368 2902 2708 2964; x_wconf 86' lang='lat' dir='ltr'><strong>morabatur,</strong></span> <span class='ocrx_word' id='word_1_432' title='bbox 2749 2900 2902 2968; x_wconf 89' lang='lat' dir='ltr'><strong>regio</strong></span> <span class='ocrx_word' id='word_1_433' title='bbox 2951 2913 3103 2952; x_wconf 89' lang='lat' dir='ltr'><strong>more</strong></span> <span class='ocrx_word' id='word_1_434' title='bbox 3141 2913 3169 2950; x_wconf 91' lang='lat' dir='ltr'><strong>a</strong></span> <span class='ocrx_word' id='word_1_435' title='bbox 3215 2906 3398 2969; x_wconf 86' lang='lat' dir='ltr'><strong>tyran-</strong></span> 
     </span>
    </p>
   </div>
   <div class='ocr_carea' id='block_1_60' title="bbox 1818 2986 3405 3061">
    <p class='ocr_par' dir='ltr' id='par_1_60' title="bbox 1818 2986 3405 3061">
     <span class='ocr_line' id='line_1_60' title="bbox 1818 2986 3405 3061; baseline -0.004 -13"><span class='ocrx_word' id='word_1_436' title='bbox 1818 2994 1945 3049; x_wconf 86' lang='lat' dir='ltr'><strong>nide</strong></span> <span class='ocrx_word' id='word_1_437' title='bbox 1972 2993 2269 3049; x_wconf 85' lang='lat' dir='ltr'><strong>liberavit?</strong></span> <span class='ocrx_word' id='word_1_438' title='bbox 2306 2991 2626 3047; x_wconf 86' lang='lat' dir='ltr'><strong>Hominisne</strong></span> <span class='ocrx_word' id='word_1_439' title='bbox 2653 2990 2980 3061; x_wconf 87' lang='lat' dir='ltr'><strong>peccatoris,</strong></span> <span class='ocrx_word' id='word_1_440' title='bbox 3012 3005 3079 3043; x_wconf 90' lang='lat' dir='ltr'><strong>an</strong></span> <span class='ocrx_word' id='word_1_441' title='bbox 3110 2988 3203 3043; x_wconf 83' lang='lat' dir='ltr'><strong>Dei</strong></span> <span class='ocrx_word' id='word_1_442' title='bbox 3228 2986 3405 3044; x_wconf 14' lang='lat' dir='ltr'><strong>Verbi».</strong></span> 
     </span>
    </p>
   </div>
   <div class='ocr_carea' id='block_1_61' title="bbox 1819 3078 3397 3154">
    <p class='ocr_par' dir='ltr' id='par_1_61' title="bbox 1819 3078 3397 3154">
     <span class='ocr_line' id='line_1_61' title="bbox 1819 3078 3397 3154; baseline -0.003 -16"><span class='ocrx_word' id='word_1_443' title='bbox 1819 3098 1960 3154; x_wconf 87' lang='lat' dir='ltr'><strong>opus</strong></span> <span class='ocrx_word' id='word_1_444' title='bbox 2008 3080 2186 3136; x_wconf 87' lang='lat' dir='ltr'><strong>illud?</strong></span> <span class='ocrx_word' id='word_1_445' title='bbox 2216 3079 2423 3135; x_wconf 80' lang='lat' dir='ltr'><strong>Vultin‘</strong></span> <span class='ocrx_word' id='word_1_446' title='bbox 2454 3095 2543 3135; x_wconf 89' lang='lat' dir='ltr'><strong>me</strong></span> <span class='ocrx_word' id='word_1_447' title='bbox 2583 3079 2923 3134; x_wconf 65' lang='lat' dir='ltr'><strong>daemonibus</strong></span> <span class='ocrx_word' id='word_1_448' title='bbox 2955 3079 3088 3148; x_wconf 80' lang='lat' dir='ltr'><strong>ipsis</strong></span> <span class='ocrx_word' id='word_1_449' title='bbox 3134 3078 3397 3148; x_wconf 84' lang='lat' dir='ltr'><strong>ingratio-</strong></span> 
     </span>
    </p>
   </div>
   <div class='ocr_carea' id='block_1_62' title="bbox 127 3164 1718 3247">
    <p class='ocr_par' dir='ltr' id='par_1_62' title="bbox 127 3173 1718 3247">
     <span class='ocr_line' id='line_1_62' title="bbox 127 3173 1718 3247; baseline 0 -21"><span class='ocrx_word' id='word_1_450' title='bbox 127 3174 305 3242; x_wconf 84' lang='grc' dir='ltr'>Λόγου</span> <span class='ocrx_word' id='word_1_451' title='bbox 338 3173 401 3227; x_wconf 79' lang='grc' dir='ltr'>τὸ</span> <span class='ocrx_word' id='word_1_452' title='bbox 430 3174 626 3244; x_wconf 75' lang='grc' dir='ltr'>ἔργονς</span> <span class='ocrx_word' id='word_1_453' title='bbox 664 3175 1172 3247; x_wconf 76' lang='grc' dir='ltr'>Ἀγνωμονέστερόν</span> <span class='ocrx_word' id='word_1_454' title='bbox 1217 3192 1283 3244; x_wconf 87' lang='grc' dir='ltr'><strong>με</strong></span> <span class='ocrx_word' id='word_1_455' title='bbox 1313 3174 1422 3227; x_wconf 82' lang='grc' dir='ltr'><strong>τῶν</strong></span> <span class='ocrx_word' id='word_1_456' title='bbox 1447 3175 1718 3246; x_wconf 80' lang='grc' dir='ltr'>δαιμόνων</span> 
     </span>
    </p>
   </div>
   <div class='ocr_carea' id='block_1_63' title="bbox 1821 3164 3393 3247">
    <p class='ocr_par' dir='ltr' id='par_1_63' title="bbox 1822 3169 3393 3242">
     <span class='ocr_line' id='line_1_63' title="bbox 1822 3169 3393 3242; baseline -0.003 -15"><span class='ocrx_word' id='word_1_457' title='bbox 1822 3189 1934 3229; x_wconf 84' lang='lat' dir='ltr'><strong>rem</strong></span> <span class='ocrx_word' id='word_1_458' title='bbox 1962 3174 2124 3229; x_wconf 90' lang='lat' dir='ltr'><strong>esse?</strong></span> <span class='ocrx_word' id='word_1_459' title='bbox 2150 3171 2435 3227; x_wconf 69' lang='lat' dir='ltr'><strong>Daemones</strong></span> <span class='ocrx_word' id='word_1_460' title='bbox 2466 3170 2666 3242; x_wconf 89' lang='lat' dir='ltr'><strong>quippe</strong></span> <span class='ocrx_word' id='word_1_461' title='bbox 2694 3172 2854 3225; x_wconf 89' lang='lat' dir='ltr'><strong>etiam</strong></span> <span class='ocrx_word' id='word_1_462' title='bbox 2883 3169 3134 3240; x_wconf 86' lang='lat' dir='ltr'><strong>ﬂagellati</strong></span> <span class='ocrx_word' id='word_1_463' title='bbox 3158 3169 3226 3223; x_wconf 91' lang='lat' dir='ltr'><strong>ab</strong></span> <span class='ocrx_word' id='word_1_464' title='bbox 3251 3169 3393 3239; x_wconf 90' lang='lat' dir='ltr'><strong>ipso,</strong></span> 
     </span>
    </p>
   </div>
   <div class='ocr_carea' id='block_1_64' title="bbox 131 3264 1712 3338">
    <p class='ocr_par' dir='ltr' id='par_1_64' title="bbox 131 3264 1712 3338">
     <span class='ocr_line' id='line_1_64' title="bbox 131 3264 1712 3338; baseline 0 -19"><span class='ocrx_word' id='word_1_465' title='bbox 131 3266 316 3320; x_wconf 79' lang='grc' dir='ltr'>θέλετε</span> <span class='ocrx_word' id='word_1_466' title='bbox 345 3264 520 3332; x_wconf 77' lang='grc' dir='ltr'>εἷναι;</span> <span class='ocrx_word' id='word_1_467' title='bbox 551 3268 614 3321; x_wconf 73' lang='lat' dir='ltr'><strong>Oi</strong></span> <span class='ocrx_word' id='word_1_468' title='bbox 637 3266 747 3338; x_wconf 87' lang='grc' dir='ltr'>γὰρ</span> <span class='ocrx_word' id='word_1_469' title='bbox 771 3267 1046 3338; x_wconf 89' lang='grc' dir='ltr'>δαίμονες,</span> <span class='ocrx_word' id='word_1_470' title='bbox 1080 3266 1175 3320; x_wconf 78' lang='grc' dir='ltr'>καὶ</span> <span class='ocrx_word' id='word_1_471' title='bbox 1205 3267 1590 3338; x_wconf 79' lang='grc' dir='ltr'>μαστιζόμενοι</span> <span class='ocrx_word' id='word_1_472' title='bbox 1619 3268 1712 3320; x_wconf 84' lang='grc' dir='ltr'>ὑπ’</span> 
     </span>
    </p>
   </div>
   <div class='ocr_carea' id='block_1_65' title="bbox 126 3358 1716 3429">
    <p class='ocr_par' dir='ltr' id='par_1_65' title="bbox 126 3358 1716 3429">
     <span class='ocr_line' id='line_1_65' title="bbox 126 3358 1716 3429; baseline 0.002 -20"><span class='ocrx_word' id='word_1_473' title='bbox 126 3358 297 3423; x_wconf 65' lang='grc' dir='ltr'>αὑτοῦ</span> <span class='ocrx_word' id='word_1_474' title='bbox 318 3398 333 3423; x_wconf 92' lang='grc'><strong>,</strong></span> <span class='ocrx_word' id='word_1_475' title='bbox 360 3360 488 3412; x_wconf 81' lang='grc' dir='ltr'>Υἱὸν</span> <span class='ocrx_word' id='word_1_476' title='bbox 519 3359 653 3413; x_wconf 86' lang='grc' dir='ltr'>Θεοῦ</span> <span class='ocrx_word' id='word_1_477' title='bbox 684 3360 847 3413; x_wconf 75' lang='grc' dir='ltr'>αὑτὸν</span> <span class='ocrx_word' id='word_1_478' title='bbox 882 3359 1274 3413; x_wconf 82' lang='grc' dir='ltr'>ἀποκαλοῦσιν·</span> <span class='ocrx_word' id='word_1_479' title='bbox 1309 3358 1463 3427; x_wconf 84' lang='grc' dir='ltr'><strong>κάγὼ</strong></span> <span class='ocrx_word' id='word_1_480' title='bbox 1495 3359 1524 3411; x_wconf 85' lang='grc' dir='ltr'>ὁ</span> <span class='ocrx_word' id='word_1_481' title='bbox 1554 3358 1716 3429; x_wconf 81' lang='grc' dir='ltr'>θερα-</span> 
     </span>
    </p>
   </div>
   <div class='ocr_carea' id='block_1_66' title="bbox 124 3448 1712 3521">
    <p class='ocr_par' dir='ltr' id='par_1_66' title="bbox 124 3448 1712 3521">
     <span class='ocr_line' id='line_1_66' title="bbox 124 3448 1712 3521; baseline 0 -20"><span class='ocrx_word' id='word_1_482' title='bbox 124 3448 354 3511; x_wconf 74' lang='grc' dir='ltr'>πευθεὶς</span> <span class='ocrx_word' id='word_1_483' title='bbox 382 3450 511 3521; x_wconf 78' lang='grc' dir='ltr'>παρ’</span> <span class='ocrx_word' id='word_1_484' title='bbox 538 3449 704 3503; x_wconf 80' lang='grc' dir='ltr'>αὐτοῦ</span> <span class='ocrx_word' id='word_1_485' title='bbox 730 3449 1061 3520; x_wconf 71' lang='grc' dir='ltr'>ἁμαρτωλὸν,</span> <span class='ocrx_word' id='word_1_486' title='bbox 1094 3448 1257 3502; x_wconf 80' lang='grc' dir='ltr'>αὐτὸν</span> <span class='ocrx_word' id='word_1_487' title='bbox 1293 3450 1673 3521; x_wconf 77' lang='grc' dir='ltr'>προσφωνήσω</span> <span class='ocrx_word' id='word_1_488' title='bbox 1696 3464 1712 3513; x_wconf 88' lang='lat'><strong>;</strong></span> 
     </span>
    </p>
   </div>
   <div class='ocr_carea' id='block_1_67' title="bbox 135 3538 1722 3613">
    <p class='ocr_par' dir='ltr' id='par_1_67' title="bbox 135 3538 1722 3613">
     <span class='ocr_line' id='line_1_67' title="bbox 135 3538 1722 3613; baseline 0.002 -22"><span class='ocrx_word' id='word_1_489' title='bbox 135 3539 230 3602; x_wconf 77' lang='grc' dir='ltr'>Ὠς</span> <span class='ocrx_word' id='word_1_490' title='bbox 261 3539 395 3605; x_wconf 83' lang='grc' dir='ltr'>Θεὸς</span> <span class='ocrx_word' id='word_1_491' title='bbox 426 3539 739 3612; x_wconf 76' lang='grc' dir='ltr'>ἐργάζεται,</span> <span class='ocrx_word' id='word_1_492' title='bbox 772 3540 869 3593; x_wconf 77' lang='grc' dir='ltr'>καὶ</span> <span class='ocrx_word' id='word_1_493' title='bbox 912 3540 988 3603; x_wconf 86' lang='grc' dir='ltr'>ὡς</span> <span class='ocrx_word' id='word_1_494' title='bbox 1022 3540 1348 3613; x_wconf 75' lang='grc' dir='ltr'>ἁμαρτωλὸς</span> <span class='ocrx_word' id='word_1_495' title='bbox 1382 3538 1675 3610; x_wconf 79' lang='grc' dir='ltr'>φημίζεται</span> <span class='ocrx_word' id='word_1_496' title='bbox 1696 3558 1722 3606; x_wconf 75' lang='lat'><strong>;-</strong></span> 
     </span>
    </p>
   </div>
   <div class='ocr_carea' id='block_1_68' title="bbox 127 3626 1714 3701">
    <p class='ocr_par' dir='ltr' id='par_1_68' title="bbox 127 3626 1714 3701">
     <span class='ocr_line' id='line_1_68' title="bbox 127 3626 1714 3701; baseline -0.002 -16"><span class='ocrx_word' id='word_1_497' title='bbox 127 3646 157 3685; x_wconf 53' lang='grc' dir='ltr'>ἢ</span> <span class='ocrx_word' id='word_1_498' title='bbox 189 3630 255 3682; x_wconf 83' lang='grc' dir='ltr'><strong>Εἰ</strong></span> <span class='ocrx_word' id='word_1_499' title='bbox 279 3630 603 3701; x_wconf 79' lang='grc' dir='ltr'>ἁμαρτωλός</span> <span class='ocrx_word' id='word_1_500' title='bbox 634 3632 802 3695; x_wconf 77' lang='grc' dir='ltr'>ἐστιν,</span> <span class='ocrx_word' id='word_1_501' title='bbox 833 3630 935 3684; x_wconf 71' lang='grc' dir='ltr'>οὐκ</span> <span class='ocrx_word' id='word_1_502' title='bbox 977 3626 1124 3683; x_wconf 81' lang='grc' dir='ltr'>οἷδα’</span> <span class='ocrx_word' id='word_1_503' title='bbox 1158 3632 1217 3683; x_wconf 78' lang='grc' dir='ltr'>ἓν</span> <span class='ocrx_word' id='word_1_504' title='bbox 1254 3629 1311 3683; x_wconf 82' lang='grc' dir='ltr'>δὲ</span> <span class='ocrx_word' id='word_1_505' title='bbox 1341 3628 1480 3696; x_wconf 80' lang='grc' dir='ltr'>οἶδα,</span> <span class='ocrx_word' id='word_1_506' title='bbox 1510 3631 1591 3683; x_wconf 86' lang='grc' dir='ltr'>ὃτι</span> <span class='ocrx_word' id='word_1_507' title='bbox 1615 3647 1714 3683; x_wconf 86' lang='grc' dir='ltr'>τυ-</span> 
     </span>
    </p>
   </div>
   <div class='ocr_carea' id='block_1_69' title="bbox 120 3720 1716 3793">
    <p class='ocr_par' dir='ltr' id='par_1_69' title="bbox 120 3720 1716 3793">
     <span class='ocr_line' id='line_1_69' title="bbox 120 3720 1716 3793; baseline 0.001 -20"><span class='ocrx_word' id='word_1_508' title='bbox 120 3720 262 3790; x_wconf 70' lang='grc' dir='ltr'>φλὸς</span> <span class='ocrx_word' id='word_1_509' title='bbox 294 3721 407 3786; x_wconf 90' lang='grc' dir='ltr'><strong>ῶν,</strong></span> <span class='ocrx_word' id='word_1_510' title='bbox 452 3721 577 3793; x_wconf 80' lang='grc' dir='ltr'>ἄρτι</span> <span class='ocrx_word' id='word_1_511' title='bbox 628 3722 839 3793; x_wconf 73' lang='grc' dir='ltr'>βλέπω.</span> <span class='ocrx_word' id='word_1_512' title='bbox 875 3741 895 3774; x_wconf 73' lang='grc' dir='ltr'><strong>ι</strong></span> <span class='ocrx_word' id='word_1_513' title='bbox 951 3722 1125 3776; x_wconf 84' lang='grc' dir='ltr'>Τοῦτο</span> <span class='ocrx_word' id='word_1_514' title='bbox 1168 3722 1223 3776; x_wconf 82' lang='grc' dir='ltr'>δὲ</span> <span class='ocrx_word' id='word_1_515' title='bbox 1269 3722 1425 3788; x_wconf 85' lang='grc' dir='ltr'>Θεοῦ,</span> <span class='ocrx_word' id='word_1_516' title='bbox 1474 3723 1571 3775; x_wconf 76' lang='grc' dir='ltr'>καὶ</span> <span class='ocrx_word' id='word_1_517' title='bbox 1617 3722 1716 3793; x_wconf 81' lang='grc' dir='ltr'><strong>οὐχ</strong></span> 
     </span>
    </p>
   </div>
   <div class='ocr_carea' id='block_1_70' title="bbox 120 3813 763 3887">
    <p class='ocr_par' dir='ltr' id='par_1_70' title="bbox 120 3813 763 3887">
     <span class='ocr_line' id='line_1_70' title="bbox 120 3813 763 3887; baseline 0.003 -21"><span class='ocrx_word' id='word_1_518' title='bbox 120 3813 460 3884; x_wconf 75' lang='grc' dir='ltr'>ᾴμαρτωλοῦ</span> <span class='ocrx_word' id='word_1_519' title='bbox 492 3814 552 3867; x_wconf 81' lang='grc' dir='ltr'>τὸ</span> <span class='ocrx_word' id='word_1_520' title='bbox 580 3815 763 3887; x_wconf 73' lang='grc' dir='ltr'>ἔργον.</span> 
     </span>
    </p>
   </div>
   <div class='ocr_carea' id='block_1_71' title="bbox 198 3899 1714 3978">
    <p class='ocr_par' dir='ltr' id='par_1_71' title="bbox 198 3899 1714 3978">
     <span class='ocr_line' id='line_1_71' title="bbox 198 3899 1714 3978; baseline 0 -21"><span class='ocrx_word' id='word_1_521' title='bbox 198 3904 293 3958; x_wconf 77' lang='grc'><strong>12.</strong></span> <span class='ocrx_word' id='word_1_522' title='bbox 328 3904 513 3958; x_wconf 88' lang='grc' dir='ltr'>Ταῦτα</span> <span class='ocrx_word' id='word_1_523' title='bbox 548 3904 879 3969; x_wconf 80' lang='grc' dir='ltr'>ἀκούσαντες</span> <span class='ocrx_word' id='word_1_524' title='bbox 909 3905 966 3961; x_wconf 68' lang='lat' dir='ltr'><strong>oi.</strong></span> <span class='ocrx_word' id='word_1_525' title='bbox 988 3905 1300 3978; x_wconf 79' lang='grc' dir='ltr'>Φαρισαῖοι,</span> <span class='ocrx_word' id='word_1_526' title='bbox 1322 3903 1397 3968; x_wconf 83' lang='grc' dir='ltr'>ὡς</span> <span class='ocrx_word' id='word_1_527' title='bbox 1427 3899 1562 3963; x_wconf 77' lang='grc' dir='ltr'>εἶδον</span> <span class='ocrx_word' id='word_1_528' title='bbox 1587 3904 1714 3957; x_wconf 79' lang='grc' dir='ltr'>ἑαυ-</span> 
     </span>
    </p>
   </div>
   <div class='ocr_carea' id='block_1_72' title="bbox 113 3994 1716 4070">
    <p class='ocr_par' dir='ltr' id='par_1_72' title="bbox 113 3994 1716 4070">
     <span class='ocr_line' id='line_1_72' title="bbox 113 3994 1716 4070; baseline -0.001 -19"><span class='ocrx_word' id='word_1_529' title='bbox 113 3994 255 4058; x_wconf 71' lang='grc' dir='ltr'>τοὺς</span> <span class='ocrx_word' id='word_1_530' title='bbox 293 3995 525 4049; x_wconf 73' lang='grc' dir='ltr'>ἐπιπολὺ</span> <span class='ocrx_word' id='word_1_531' title='bbox 566 3995 665 4065; x_wconf 79' lang='grc' dir='ltr'>τῆς</span> <span class='ocrx_word' id='word_1_532' title='bbox 714 3997 976 4068; x_wconf 83' lang='grc' dir='ltr'>αἰσχύνης</span> <span class='ocrx_word' id='word_1_533' title='bbox 1017 3996 1311 4068; x_wconf 80' lang='grc' dir='ltr'>ἐμπλέους,</span> <span class='ocrx_word' id='word_1_534' title='bbox 1354 3996 1716 4070; x_wconf 74' lang='grc' dir='ltr'>ἀπεκρίναντο</span> 
     </span>
    </p>
   </div>
   <div class='ocr_carea' id='block_1_73' title="bbox 112 4087 1716 4159">
    <p class='ocr_par' dir='ltr' id='par_1_73' title="bbox 112 4087 1716 4159">
     <span class='ocr_line' id='line_1_73' title="bbox 112 4087 1716 4159; baseline 0.001 -19"><span class='ocrx_word' id='word_1_535' title='bbox 112 4087 265 4158; x_wconf 81' lang='grc' dir='ltr'>πρὸς</span> <span class='ocrx_word' id='word_1_536' title='bbox 300 4088 395 4140; x_wconf 86' lang='grc' dir='ltr'>τὸν</span> <span class='ocrx_word' id='word_1_537' title='bbox 438 4087 848 4159; x_wconf 78' lang='grc' dir='ltr'>ἀναϐλέψαντα,</span> <span class='ocrx_word' id='word_1_538' title='bbox 882 4089 1164 4158; x_wconf 75' lang='grc' dir='ltr'>λέγοντεςο</span> <span class='ocrx_word' id='word_1_539' title='bbox 1213 4089 1360 4141; x_wconf 85' lang='grc' dir='ltr'>Ἔδει</span> <span class='ocrx_word' id='word_1_540' title='bbox 1402 4088 1499 4159; x_wconf 84' lang='grc' dir='ltr'>μέν</span> <span class='ocrx_word' id='word_1_541' title='bbox 1533 4104 1591 4141; x_wconf 90' lang='grc' dir='ltr'><strong>σε</strong></span> <span class='ocrx_word' id='word_1_542' title='bbox 1640 4088 1716 4152; x_wconf 86' lang='grc' dir='ltr'>ὠς</span> 
     </span>
    </p>
   </div>
   <div class='ocr_carea' id='block_1_74' title="bbox 109 4176 1717 4248">
    <p class='ocr_par' dir='ltr' id='par_1_74' title="bbox 109 4176 1717 4248">
     <span class='ocr_line' id='line_1_74' title="bbox 109 4176 1717 4248; baseline -0.002 -16"><span class='ocrx_word' id='word_1_543' title='bbox 109 4176 426 4239; x_wconf 86' lang='grc' dir='ltr'>κατάδικον</span> <span class='ocrx_word' id='word_1_544' title='bbox 455 4177 820 4248; x_wconf 61' lang='grc' dir='ltr'>μαστιχθῖψαι</span> <span class='ocrx_word' id='word_1_545' title='bbox 839 4216 855 4241; x_wconf 89' lang='grc'><strong>,</strong></span> <span class='ocrx_word' id='word_1_546' title='bbox 882 4178 977 4233; x_wconf 77' lang='grc' dir='ltr'>καὶ</span> <span class='ocrx_word' id='word_1_547' title='bbox 1001 4177 1144 4231; x_wconf 79' lang='grc' dir='ltr'>κατὰ</span> <span class='ocrx_word' id='word_1_548' title='bbox 1174 4178 1301 4240; x_wconf 71' lang='grc' dir='ltr'>τοὺς</span> <span class='ocrx_word' id='word_1_549' title='bbox 1325 4176 1523 4248; x_wconf 83' lang='grc' dir='ltr'>νόμους</span> <span class='ocrx_word' id='word_1_550' title='bbox 1545 4193 1717 4248; x_wconf 89' lang='grc' dir='ltr'>τιμω-</span> 
     </span>
    </p>
   </div>
   <div class='ocr_carea' id='block_1_75' title="bbox 109 4267 1717 4342">
    <p class='ocr_par' dir='ltr' id='par_1_75' title="bbox 109 4267 1717 4342">
     <span class='ocr_line' id='line_1_75' title="bbox 109 4267 1717 4342; baseline 0.001 -22"><span class='ocrx_word' id='word_1_551' title='bbox 109 4267 368 4342; x_wconf 79' lang='grc' dir='ltr'>ρηθῆναι</span> <span class='ocrx_word' id='word_1_552' title='bbox 393 4286 407 4300; x_wconf 74' lang='grc'><strong>⁸</strong></span> <span class='ocrx_word' id='word_1_553' title='bbox 456 4270 571 4324; x_wconf 87' lang='grc' dir='ltr'>ἀλλ’</span> <span class='ocrx_word' id='word_1_554' title='bbox 604 4272 690 4324; x_wconf 83' lang='grc' dir='ltr'>ἵνα</span> <span class='ocrx_word' id='word_1_555' title='bbox 740 4270 814 4342; x_wconf 79' lang='grc' dir='ltr'>μὴ</span> <span class='ocrx_word' id='word_1_556' title='bbox 864 4271 1015 4342; x_wconf 81' lang='grc' dir='ltr'>παρά</span> <span class='ocrx_word' id='word_1_557' title='bbox 1053 4270 1161 4323; x_wconf 85' lang='grc' dir='ltr'><strong>τῶν</strong></span> <span class='ocrx_word' id='word_1_558' title='bbox 1203 4270 1614 4341; x_wconf 85' lang='grc' dir='ltr'>ματαιοφρόνων</span> <span class='ocrx_word' id='word_1_559' title='bbox 1640 4268 1717 4331; x_wconf 85' lang='grc' dir='ltr'>ὼς</span> 
     </span>
    </p>
   </div>
   <div class='ocr_carea' id='block_1_76' title="bbox 106 4359 1712 4434">
    <p class='ocr_par' dir='ltr' id='par_1_76' title="bbox 106 4359 1712 4434">
     <span class='ocr_line' id='line_1_76' title="bbox 106 4359 1712 4434; baseline 0.001 -22"><span class='ocrx_word' id='word_1_560' title='bbox 106 4359 395 4431; x_wconf 78' lang='grc' dir='ltr'>βάσκανοι</span> <span class='ocrx_word' id='word_1_561' title='bbox 443 4361 853 4434; x_wconf 76' lang='grc' dir='ltr'>διαδληθῶμεν,,</span> <span class='ocrx_word' id='word_1_562' title='bbox 909 4360 1452 4434; x_wconf 85' lang='grc' dir='ltr'>συμπεριφερώμεθά</span> <span class='ocrx_word' id='word_1_563' title='bbox 1501 4379 1594 4414; x_wconf 91' lang='grc' dir='ltr'><strong>σου</strong></span> <span class='ocrx_word' id='word_1_564' title='bbox 1645 4364 1712 4432; x_wconf 82' lang='grc' dir='ltr'>τῇ</span> 
     </span>
    </p>
   </div>
   <div class='ocr_carea' id='block_1_77' title="bbox 101 4453 1715 4528">
    <p class='ocr_par' dir='ltr' id='par_1_77' title="bbox 101 4453 1715 4528">
     <span class='ocr_line' id='line_1_77' title="bbox 101 4453 1715 4528; baseline -0.001 -21"><span class='ocrx_word' id='word_1_565' title='bbox 101 4454 232 4518; x_wconf 59' lang='lat' dir='ltr'><strong>Eiet</strong></span> <span class='ocrx_word' id='word_1_566' title='bbox 256 4471 273 4486; x_wconf 89' lang='grc'><strong>·</strong></span> <span class='ocrx_word' id='word_1_567' title='bbox 311 4455 396 4509; x_wconf 88' lang='grc' dir='ltr'>διὸ</span> <span class='ocrx_word' id='word_1_568' title='bbox 422 4454 485 4528; x_wconf 86' lang='grc' dir='ltr'>δὴ</span> <span class='ocrx_word' id='word_1_569' title='bbox 514 4457 651 4527; x_wconf 80' lang='grc' dir='ltr'>πρὸς</span> <span class='ocrx_word' id='word_1_570' title='bbox 679 4457 776 4528; x_wconf 81' lang='grc' dir='ltr'>τὴν</span> <span class='ocrx_word' id='word_1_571' title='bbox 811 4454 1149 4527; x_wconf 82' lang='grc' dir='ltr'>ὲπερώτησιν</span> <span class='ocrx_word' id='word_1_572' title='bbox 1180 4454 1507 4526; x_wconf 83' lang='grc' dir='ltr'>ἀποκρίθητι</span> <span class='ocrx_word' id='word_1_573' title='bbox 1541 4453 1594 4507; x_wconf 86' lang='grc' dir='ltr'>τί</span> <span class='ocrx_word' id='word_1_574' title='bbox 1633 4470 1715 4506; x_wconf 88' lang='grc' dir='ltr'><strong>σοι</strong></span> 
     </span>
    </p>
   </div>
   <div class='ocr_carea' id='block_1_78' title="bbox 102 4545 1714 4617">
    <p class='ocr_par' dir='ltr' id='par_1_78' title="bbox 102 4545 1714 4617">
     <span class='ocr_line' id='line_1_78' title="bbox 102 4545 1714 4617; baseline 0 -17"><span class='ocrx_word' id='word_1_575' title='bbox 102 4546 389 4617; x_wconf 71' lang='grc' dir='ltr'>ἐποίησεν</span> <span class='ocrx_word' id='word_1_576' title='bbox 421 4549 654 4611; x_wconf 56' lang='grc' dir='ltr'>ἐκεῖνος</span> <span class='ocrx_word' id='word_1_577' title='bbox 703 4547 821 4610; x_wconf 80' lang='grc' dir='ltr'><strong>πῶς</strong></span> <span class='ocrx_word' id='word_1_578' title='bbox 863 4546 1192 4616; x_wconf 74' lang='grc' dir='ltr'>ἀνέὄλεψας;</span> <span class='ocrx_word' id='word_1_579' title='bbox 1231 4546 1391 4614; x_wconf 84' lang='grc' dir='ltr'>Λέγε,</span> <span class='ocrx_word' id='word_1_580' title='bbox 1427 4545 1714 4605; x_wconf 69' lang='grc' dir='ltr'>τίπέπον-</span> 
     </span>
    </p>
   </div>
   <div class='ocr_carea' id='block_1_79' title="bbox 98 4634 1708 4709">
    <p class='ocr_par' dir='ltr' id='par_1_79' title="bbox 98 4634 1708 4709">
     <span class='ocr_line' id='line_1_79' title="bbox 98 4634 1708 4709; baseline 0.001 -19"><span class='ocrx_word' id='word_1_581' title='bbox 98 4636 216 4699; x_wconf 83' lang='grc' dir='ltr'>θας</span> <span class='ocrx_word' id='word_1_582' title='bbox 235 4652 259 4700; x_wconf 79' lang='lat'>;</span> <span class='ocrx_word' id='word_1_583' title='bbox 276 4637 338 4688; x_wconf 88' lang='grc'><strong>’0</strong></span> <span class='ocrx_word' id='word_1_584' title='bbox 355 4634 409 4689; x_wconf 84' lang='grc' dir='ltr'>δὲ</span> <span class='ocrx_word' id='word_1_585' title='bbox 431 4635 752 4705; x_wconf 76' lang='grc' dir='ltr'>ἀναϐλέψας,</span> <span class='ocrx_word' id='word_1_586' title='bbox 776 4636 1169 4708; x_wconf 74' lang='grc' dir='ltr'>ἐπιθαρρήσας,</span> <span class='ocrx_word' id='word_1_587' title='bbox 1196 4636 1497 4707; x_wconf 84' lang='grc' dir='ltr'>προέκοπτε</span> <span class='ocrx_word' id='word_1_588' title='bbox 1514 4637 1619 4708; x_wconf 85' lang='grc' dir='ltr'>γὰρ</span> <span class='ocrx_word' id='word_1_589' title='bbox 1643 4639 1708 4709; x_wconf 82' lang='grc' dir='ltr'>τῇ</span> 
     </span>
    </p>
   </div>
   <div class='ocr_carea' id='block_1_80' title="bbox 97 4725 1707 4798">
    <p class='ocr_par' dir='ltr' id='par_1_80' title="bbox 97 4725 1707 4798">
     <span class='ocr_line' id='line_1_80' title="bbox 97 4725 1707 4798; baseline -0.002 -16"><span class='ocrx_word' id='word_1_590' title='bbox 97 4726 347 4790; x_wconf 80' lang='grc' dir='ltr'>πίστει,</span> <span class='ocrx_word' id='word_1_591' title='bbox 404 4728 830 4798; x_wconf 82' lang='grc' dir='ltr'>ἀνταπεκρίνετο</span> <span class='ocrx_word' id='word_1_592' title='bbox 870 4726 1067 4796; x_wconf 79' lang='grc' dir='ltr'>λέγων·</span> <span class='ocrx_word' id='word_1_593' title='bbox 1114 4727 1283 4780; x_wconf 86' lang='grc' dir='ltr'>Πάλιν</span> <span class='ocrx_word' id='word_1_594' title='bbox 1326 4725 1568 4798; x_wconf 74' lang='grc' dir='ltr'>ἐρωτᾶτε</span> <span class='ocrx_word' id='word_1_595' title='bbox 1605 4744 1707 4797; x_wconf 88' lang='grc' dir='ltr'><strong>με,</strong></span> 
     </span>
    </p>
   </div>
   <div class='ocr_carea' id='block_1_81' title="bbox 97 4816 1709 4889">
    <p class='ocr_par' dir='ltr' id='par_1_81' title="bbox 97 4816 1709 4889">
     <span class='ocr_line' id='line_1_81' title="bbox 97 4816 1709 4889; baseline 0.001 -20"><span class='ocrx_word' id='word_1_596' title='bbox 97 4816 237 4879; x_wconf 76' lang='grc' dir='ltr'><strong>πῶς</strong></span> <span class='ocrx_word' id='word_1_597' title='bbox 268 4816 582 4887; x_wconf 70' lang='grc' dir='ltr'>ἁνέὸλεψα;</span> <span class='ocrx_word' id='word_1_598' title='bbox 611 4818 747 4872; x_wconf 78' lang='grc' dir='ltr'>Καθ’</span> <span class='ocrx_word' id='word_1_599' title='bbox 776 4816 983 4879; x_wconf 81' lang='grc' dir='ltr'>ἑαυτῶν</span> <span class='ocrx_word' id='word_1_600' title='bbox 1005 4817 1293 4889; x_wconf 83' lang='grc' dir='ltr'>πράττετε,</span> <span class='ocrx_word' id='word_1_601' title='bbox 1316 4820 1410 4871; x_wconf 75' lang='grc' dir='ltr'>καὶ</span> <span class='ocrx_word' id='word_1_602' title='bbox 1438 4819 1541 4876; x_wconf 75' lang='grc' dir='ltr'>οὐκ</span> <span class='ocrx_word' id='word_1_603' title='bbox 1566 4818 1709 4872; x_wconf 78' lang='grc' dir='ltr'>οῖδα-</span> 
     </span>
    </p>
   </div>
   <div class='ocr_carea' id='block_1_82' title="bbox 92 4908 1712 4981">
    <p class='ocr_par' dir='ltr' id='par_1_82' title="bbox 92 4908 1712 4981">
     <span class='ocr_line' id='line_1_82' title="bbox 92 4908 1712 4981; baseline 0.001 -21"><span class='ocrx_word' id='word_1_604' title='bbox 92 4924 192 4961; x_wconf 83' lang='grc' dir='ltr'>τε.</span> <span class='ocrx_word' id='word_1_605' title='bbox 228 4908 407 4962; x_wconf 86' lang='grc' dir='ltr'>Ὅσον</span> <span class='ocrx_word' id='word_1_606' title='bbox 433 4908 617 4971; x_wconf 23' lang='grc' dir='ltr'>θέλετε,</span> <span class='ocrx_word' id='word_1_607' title='bbox 644 4910 704 4963; x_wconf 82' lang='grc' dir='ltr'>τὸ</span> <span class='ocrx_word' id='word_1_608' title='bbox 726 4909 911 4981; x_wconf 85' lang='grc' dir='ltr'>θαῦμα</span> <span class='ocrx_word' id='word_1_609' title='bbox 941 4910 1152 4974; x_wconf 76' lang='grc' dir='ltr'>σϐέσαι,</span> <span class='ocrx_word' id='word_1_610' title='bbox 1183 4909 1432 4964; x_wconf 83' lang='grc' dir='ltr'>τοσοῦτον</span> <span class='ocrx_word' id='word_1_611' title='bbox 1449 4909 1712 4974; x_wconf 83' lang='grc' dir='ltr'>πλειόνως</span> 
     </span>
    </p>
   </div>
   <div class='ocr_carea' id='block_1_83' title="bbox 92 4998 1707 5076">
    <p class='ocr_par' dir='ltr' id='par_1_83' title="bbox 92 4998 1707 5076">
     <span class='ocr_line' id='line_1_83' title="bbox 92 4998 1707 5076; baseline 0.003 -23"><span class='ocrx_word' id='word_1_612' title='bbox 92 4998 252 5053; x_wconf 73' lang='grc' dir='ltr'>αὐτὸ</span> <span class='ocrx_word' id='word_1_613' title='bbox 285 4999 659 5073; x_wconf 73' lang='grc' dir='ltr'>φαιδρύνεται.</span> <span class='ocrx_word' id='word_1_614' title='bbox 680 5002 849 5056; x_wconf 82' lang='grc' dir='ltr'>Πάλιν</span> <span class='ocrx_word' id='word_1_615' title='bbox 872 5004 1114 5075; x_wconf 76' lang='grc' dir='ltr'>ἐρωτᾶτέ</span> <span class='ocrx_word' id='word_1_616' title='bbox 1144 5020 1230 5076; x_wconf 88' lang='grc' dir='ltr'><strong>με,</strong></span> <span class='ocrx_word' id='word_1_617' title='bbox 1261 5002 1379 5068; x_wconf 87' lang='grc' dir='ltr'><strong>πῶς</strong></span> <span class='ocrx_word' id='word_1_618' title='bbox 1406 5002 1707 5073; x_wconf 75' lang='grc' dir='ltr'>ἀνέϐλεψα,</span> 
     </span>
    </p>
   </div>
   <div class='ocr_carea' id='block_1_84' title="bbox 89 5091 1704 5167">
    <p class='ocr_par' dir='ltr' id='par_1_84' title="bbox 89 5091 1704 5167">
     <span class='ocr_line' id='line_1_84' title="bbox 89 5091 1704 5167; baseline 0.004 -24"><span class='ocrx_word' id='word_1_619' title='bbox 89 5091 210 5162; x_wconf 76' lang='grc' dir='ltr'>ἥδη</span> <span class='ocrx_word' id='word_1_620' title='bbox 271 5093 464 5163; x_wconf 86' lang='grc' dir='ltr'>τρίτον</span> <span class='ocrx_word' id='word_1_621' title='bbox 502 5095 630 5164; x_wconf 86' lang='grc' dir='ltr'>ὑμῖν</span> <span class='ocrx_word' id='word_1_622' title='bbox 672 5091 845 5159; x_wconf 87' lang='grc' dir='ltr'>εἷπον,</span> <span class='ocrx_word' id='word_1_623' title='bbox 896 5097 988 5150; x_wconf 73' lang='grc' dir='ltr'>καὶ</span> <span class='ocrx_word' id='word_1_624' title='bbox 1031 5097 1130 5150; x_wconf 78' lang='grc' dir='ltr'>οὐκ</span> <span class='ocrx_word' id='word_1_625' title='bbox 1186 5096 1545 5158; x_wconf 74' lang='grc' dir='ltr'>ἐπιστεύσατέ</span> <span class='ocrx_word' id='word_1_626' title='bbox 1594 5113 1704 5167; x_wconf 71' lang='grc' dir='ltr'>μοι.</span> 
     </span>
    </p>
   </div>
   <div class='ocr_carea' id='block_1_85' title="bbox 94 5184 1707 5261">
    <p class='ocr_par' dir='ltr' id='par_1_85' title="bbox 94 5184 1707 5261">
     <span class='ocr_line' id='line_1_85' title="bbox 94 5184 1707 5261; baseline 0.006 -26"><span class='ocrx_word' id='word_1_627' title='bbox 94 5203 118 5234; x_wconf 71' lang='grc' dir='ltr'>ι</span> <span class='ocrx_word' id='word_1_628' title='bbox 167 5184 243 5236; x_wconf 91' lang='grc' dir='ltr'>Τί</span> <span class='ocrx_word' id='word_1_629' title='bbox 273 5185 445 5238; x_wconf 85' lang='grc' dir='ltr'>πάλιν</span> <span class='ocrx_word' id='word_1_630' title='bbox 465 5185 646 5239; x_wconf 80' lang='grc' dir='ltr'>θέλετε</span> <span class='ocrx_word' id='word_1_631' title='bbox 670 5186 923 5253; x_wconf 73' lang='grc' dir='ltr'>ἀκούεινς</span> <span class='ocrx_word' id='word_1_632' title='bbox 950 5189 1042 5261; x_wconf 83' lang='grc' dir='ltr'><strong>Μὴ</strong></span> <span class='ocrx_word' id='word_1_633' title='bbox 1077 5191 1171 5243; x_wconf 70' lang='grc' dir='ltr'>καὶ</span> <span class='ocrx_word' id='word_1_634' title='bbox 1200 5190 1357 5260; x_wconf 81' lang='grc' dir='ltr'>ὑμεῖς</span> <span class='ocrx_word' id='word_1_635' title='bbox 1386 5189 1566 5244; x_wconf 82' lang='grc' dir='ltr'>θέλετε</span> <span class='ocrx_word' id='word_1_636' title='bbox 1602 5207 1707 5261; x_wconf 86' lang='grc' dir='ltr'>μα-</span> 
     </span>
    </p>
   </div>
   <div class='ocr_carea' id='block_1_86' title="bbox 86 5271 1709 5353">
    <p class='ocr_par' dir='ltr' id='par_1_86' title="bbox 86 5271 1709 5353">
     <span class='ocr_line' id='line_1_86' title="bbox 86 5271 1709 5353; baseline 0.007 -28"><span class='ocrx_word' id='word_1_637' title='bbox 86 5271 282 5343; x_wconf 79' lang='grc' dir='ltr'>θηταὶ</span> <span class='ocrx_word' id='word_1_638' title='bbox 331 5276 498 5329; x_wconf 80' lang='grc' dir='ltr'>αὐτοῦ</span> <span class='ocrx_word' id='word_1_639' title='bbox 532 5276 811 5345; x_wconf 75' lang='grc' dir='ltr'>γενέσθαις</span> <span class='ocrx_word' id='word_1_640' title='bbox 858 5299 877 5331; x_wconf 81' lang='grc' dir='ltr'><strong>ι</strong></span> <span class='ocrx_word' id='word_1_641' title='bbox 920 5281 1054 5351; x_wconf 74' lang='grc' dir='ltr'><strong>Οὐχὶ</strong></span> <span class='ocrx_word' id='word_1_642' title='bbox 1082 5280 1169 5334; x_wconf 75' lang='grc' dir='ltr'><strong>διὰ</strong></span> <span class='ocrx_word' id='word_1_643' title='bbox 1212 5281 1368 5334; x_wconf 80' lang='grc' dir='ltr'>τοῦτο</span> <span class='ocrx_word' id='word_1_644' title='bbox 1411 5281 1522 5353; x_wconf 85' lang='grc'><strong>(86)</strong></span> <span class='ocrx_word' id='word_1_645' title='bbox 1570 5282 1709 5353; x_wconf 79' lang='grc' dir='ltr'>μετὰ</span> 
     </span>
    </p>
   </div>
   <div class='ocr_carea' id='block_1_87' title="bbox 86 5362 1709 5441">
    <p class='ocr_par' dir='ltr' id='par_1_87' title="bbox 86 5362 1709 5441">
     <span class='ocr_line' id='line_1_87' title="bbox 86 5362 1709 5441; baseline 0.007 -28"><span class='ocrx_word' id='word_1_646' title='bbox 86 5362 419 5432; x_wconf 80' lang='grc' dir='ltr'>ἀκριϐείας</span> <span class='ocrx_word' id='word_1_647' title='bbox 472 5365 570 5433; x_wconf 83' lang='grc' dir='ltr'>τὴν</span> <span class='ocrx_word' id='word_1_648' title='bbox 627 5366 903 5438; x_wconf 84' lang='grc' dir='ltr'>περιοδίαν</span> <span class='ocrx_word' id='word_1_649' title='bbox 951 5369 1243 5441; x_wconf 84' lang='grc' dir='ltr'>ὲρευνᾶτε;</span> <span class='ocrx_word' id='word_1_650' title='bbox 1276 5371 1339 5424; x_wconf 77' lang='grc' dir='ltr'><strong>Εἰ</strong></span> <span class='ocrx_word' id='word_1_651' title='bbox 1383 5370 1540 5424; x_wconf 84' lang='grc' dir='ltr'>τοῦτο</span> <span class='ocrx_word' id='word_1_652' title='bbox 1586 5370 1709 5441; x_wconf 81' lang='grc' dir='ltr'><strong>βού-</strong></span> 
     </span>
    </p>
   </div>
   <div class='ocr_carea' id='block_1_88' title="bbox 81 5449 1705 5531">
    <p class='ocr_par' dir='ltr' id='par_1_88' title="bbox 81 5449 1705 5531">
     <span class='ocr_line' id='line_1_88' title="bbox 81 5449 1705 5531; baseline 0.01 -29"><span class='ocrx_word' id='word_1_653' title='bbox 81 5449 122 5503; x_wconf 84' lang='grc' dir='ltr'><strong>λ</strong></span> <span class='ocrx_word' id='word_1_654' title='bbox 163 5451 275 5505; x_wconf 87' lang='grc' dir='ltr'><strong>σθε</strong></span> <span class='ocrx_word' id='word_1_655' title='bbox 297 5493 314 5517; x_wconf 92' lang='grc'><strong>,</strong></span> <span class='ocrx_word' id='word_1_656' title='bbox 372 5454 433 5506; x_wconf 79' lang='grc' dir='ltr'>τὸ</span> <span class='ocrx_word' id='word_1_657' title='bbox 462 5453 646 5509; x_wconf 88' lang='grc' dir='ltr'>λοιπὸν</span> <span class='ocrx_word' id='word_1_658' title='bbox 688 5457 1011 5528; x_wconf 78' lang='grc' dir='ltr'>προσέλθετε</span> <span class='ocrx_word' id='word_1_659' title='bbox 1048 5460 1183 5531; x_wconf 85' lang='grc' dir='ltr'>πρὸς</span> <span class='ocrx_word' id='word_1_660' title='bbox 1234 5460 1395 5514; x_wconf 83' lang='grc' dir='ltr'>αὑτὸν</span> <span class='ocrx_word' id='word_1_661' title='bbox 1431 5460 1705 5519; x_wconf 76' lang='grc' dir='ltr'>άνενδοιάτ-</span> 
     </span>
    </p>
   </div>
   <div class='ocr_carea' id='block_1_89' title="bbox 172 5607 1529 5675">
    <p class='ocr_par' dir='ltr' id='par_1_89' title="bbox 172 5607 1529 5675">
     <span class='ocr_line' id='line_1_89' title="bbox 172 5607 1529 5675; baseline 0.004 -15"><span class='ocrx_word' id='word_1_662' title='bbox 172 5607 229 5639; x_wconf 78' lang='lat'><strong>&quot;</strong></span> <span class='ocrx_word' id='word_1_663' title='bbox 279 5607 449 5663; x_wconf 81' lang='lat' dir='ltr'><strong>Jnan.</strong></span> <span class='ocrx_word' id='word_1_664' title='bbox 483 5626 569 5675; x_wconf 80' lang='lat' dir='ltr'><strong>ix,</strong></span> <span class='ocrx_word' id='word_1_665' title='bbox 604 5610 697 5669; x_wconf 71' lang='grc'><strong>24.</strong></span> <span class='ocrx_word' id='word_1_666' title='bbox 772 5611 817 5643; x_wconf 83' lang='grc'><strong>⁸³</strong></span> <span class='ocrx_word' id='word_1_667' title='bbox 857 5612 987 5667; x_wconf 85' lang='lat' dir='ltr'><strong>ibid.</strong></span> <span class='ocrx_word' id='word_1_668' title='bbox 1023 5612 1113 5673; x_wconf 73' lang='lat'><strong>25.</strong></span> <span class='ocrx_word' id='word_1_669' title='bbox 1189 5613 1236 5647; x_wconf 77' lang='lat'><strong>“</strong></span> <span class='ocrx_word' id='word_1_670' title='bbox 1274 5613 1405 5670; x_wconf 84' lang='lat' dir='ltr'><strong>ibid.</strong></span> <span class='ocrx_word' id='word_1_671' title='bbox 1439 5613 1529 5667; x_wconf 77' lang='grc'><strong>2⁸7.</strong></span> 
     </span>
    </p>
   </div>
   <div class='ocr_carea' id='block_1_90' title="bbox 174 5769 908 5855">
    <p class='ocr_par' dir='ltr' id='par_1_90' title="bbox 174 5769 908 5855">
     <span class='ocr_line' id='line_1_90' title="bbox 174 5769 908 5855; baseline 0.011 -31"><span class='ocrx_word' id='word_1_672' title='bbox 174 5769 330 5855; x_wconf 31' lang='grc' dir='ltr'>(ρει),</span> <span class='ocrx_word' id='word_1_673' title='bbox 358 5774 487 5843; x_wconf 76' lang='lat' dir='ltr'><strong>Reg.</strong></span> <span class='ocrx_word' id='word_1_674' title='bbox 523 5776 573 5842; x_wconf 84' lang='lat' dir='ltr'><strong>l,</strong></span> <span class='ocrx_word' id='word_1_675' title='bbox 605 5774 908 5846; x_wconf 76' lang='grc' dir='ltr'>ἀπήλασεν.</span> 
     </span>
    </p>
   </div>
   <div class='ocr_carea' id='block_1_91' title="bbox 1813 3258 3404 3331">
    <p class='ocr_par' dir='ltr' id='par_1_91' title="bbox 1813 3258 3404 3331">
     <span class='ocr_line' id='line_1_91' title="bbox 1813 3258 3404 3331; baseline -0.004 -11"><span class='ocrx_word' id='word_1_676' title='bbox 1813 3264 2011 3320; x_wconf 89' lang='lat' dir='ltr'><strong>Filium</strong></span> <span class='ocrx_word' id='word_1_677' title='bbox 2071 3262 2169 3321; x_wconf 74' lang='lat' dir='ltr'><strong>Dei</strong></span> <span class='ocrx_word' id='word_1_678' title='bbox 2217 3264 2369 3318; x_wconf 91' lang='lat' dir='ltr'><strong>illum</strong></span> <span class='ocrx_word' id='word_1_679' title='bbox 2422 3268 2742 3331; x_wconf 89' lang='lat' dir='ltr'><strong>nuncupant</strong></span> <span class='ocrx_word' id='word_1_680' title='bbox 2803 3277 2816 3313; x_wconf 93' lang='lat'><strong>:</strong></span> <span class='ocrx_word' id='word_1_681' title='bbox 2877 3267 2931 3315; x_wconf 93' lang='lat' dir='ltr'><strong>et</strong></span> <span class='ocrx_word' id='word_1_682' title='bbox 2987 3275 3088 3330; x_wconf 85' lang='lat' dir='ltr'><strong>ego</strong></span> <span class='ocrx_word' id='word_1_683' title='bbox 3146 3258 3215 3313; x_wconf 89' lang='lat' dir='ltr'><strong>ab</strong></span> <span class='ocrx_word' id='word_1_684' title='bbox 3275 3260 3404 3330; x_wconf 82' lang='lat' dir='ltr'><strong>ipso</strong></span> 
     </span>
    </p>
   </div>
   <div class='ocr_carea' id='block_1_92' title="bbox 1814 3352 3405 3429">
    <p class='ocr_par' dir='ltr' id='par_1_92' title="bbox 1814 3352 3405 3429">
     <span class='ocr_line' id='line_1_92' title="bbox 1814 3352 3405 3429; baseline -0.006 -14"><span class='ocrx_word' id='word_1_685' title='bbox 1814 3368 2060 3425; x_wconf 86' lang='lat' dir='ltr'><strong>sanatus,</strong></span> <span class='ocrx_word' id='word_1_686' title='bbox 2102 3367 2446 3429; x_wconf 78' lang='lat' dir='ltr'><strong>pet-calorem</strong></span> <span class='ocrx_word' id='word_1_687' title='bbox 2492 3358 2697 3412; x_wconf 82' lang='lat' dir='ltr'><strong>vocabo</strong></span> <span class='ocrx_word' id='word_1_688' title='bbox 2738 3355 2931 3410; x_wconf 91' lang='lat' dir='ltr'><strong>illum?</strong></span> <span class='ocrx_word' id='word_1_689' title='bbox 2971 3352 3042 3409; x_wconf 86' lang='lat' dir='ltr'><strong>Ut</strong></span> <span class='ocrx_word' id='word_1_690' title='bbox 3088 3353 3232 3409; x_wconf 88' lang='lat' dir='ltr'><strong>Deus</strong></span> <span class='ocrx_word' id='word_1_691' title='bbox 3264 3367 3405 3421; x_wconf 85' lang='lat' dir='ltr'><strong>ope-.</strong></span> 
     </span>
    </p>
   </div>
   <div class='ocr_carea' id='block_1_93' title="bbox 1818 3445 3395 3521">
    <p class='ocr_par' dir='ltr' id='par_1_93' title="bbox 1818 3445 3395 3521">
     <span class='ocr_line' id='line_1_93' title="bbox 1818 3445 3395 3521; baseline -0.006 -13"><span class='ocrx_word' id='word_1_692' title='bbox 1818 3461 1995 3519; x_wconf 90' lang='lat' dir='ltr'><strong>ratur,</strong></span> <span class='ocrx_word' id='word_1_693' title='bbox 2032 3461 2088 3509; x_wconf 88' lang='lat' dir='ltr'><strong>et</strong></span> <span class='ocrx_word' id='word_1_694' title='bbox 2135 3460 2195 3507; x_wconf 89' lang='lat' dir='ltr'><strong>ut</strong></span> <span class='ocrx_word' id='word_1_695' title='bbox 2243 3460 2505 3521; x_wconf 85' lang='lat' dir='ltr'><strong>peccator</strong></span> <span class='ocrx_word' id='word_1_696' title='bbox 2537 3447 2948 3520; x_wconf 87' lang='lat' dir='ltr'><strong>proclamatur?</strong></span> <span class='ocrx_word' id='word_1_697' title='bbox 2986 3466 3005 3498; x_wconf 75' lang='grc' dir='ltr'><strong>ι</strong></span> <span class='ocrx_word' id='word_1_698' title='bbox 3049 3445 3106 3500; x_wconf 91' lang='lat' dir='ltr'><strong>Si</strong></span> <span class='ocrx_word' id='word_1_699' title='bbox 3142 3455 3395 3517; x_wconf 82' lang='lat' dir='ltr'><strong>peccator</strong></span> 
     </span>
    </p>
   </div>
   <div class='ocr_carea' id='block_1_94' title="bbox 1814 3542 3393 3611">
    <p class='ocr_par' dir='ltr' id='par_1_94' title="bbox 1814 3542 3393 3611">
     <span class='ocr_line' id='line_1_94' title="bbox 1814 3542 3393 3611; baseline -0.008 -11"><span class='ocrx_word' id='word_1_700' title='bbox 1814 3554 1920 3609; x_wconf 88' lang='lat' dir='ltr'><strong>est,</strong></span> <span class='ocrx_word' id='word_1_701' title='bbox 1961 3547 2147 3600; x_wconf 87' lang='lat' dir='ltr'><strong>nescio</strong></span> <span class='ocrx_word' id='word_1_702' title='bbox 2191 3563 2205 3599; x_wconf 88' lang='lat'><strong>:</strong></span> <span class='ocrx_word' id='word_1_703' title='bbox 2254 3559 2421 3597; x_wconf 91' lang='lat' dir='ltr'><strong>unum</strong></span> <span class='ocrx_word' id='word_1_704' title='bbox 2461 3543 2599 3605; x_wconf 90' lang='lat' dir='ltr'><strong>scio,</strong></span> <span class='ocrx_word' id='word_1_705' title='bbox 2641 3542 2769 3611; x_wconf 84' lang='lat' dir='ltr'><strong>quia</strong></span> <span class='ocrx_word' id='word_1_706' title='bbox 2816 3554 2995 3594; x_wconf 63' lang='lat' dir='ltr'><strong>caecus</strong></span> <span class='ocrx_word' id='word_1_707' title='bbox 3025 3553 3149 3593; x_wconf 77' lang='lat' dir='ltr'><strong>eum</strong></span> <span class='ocrx_word' id='word_1_708' title='bbox 3179 3551 3393 3602; x_wconf 85' lang='lat' dir='ltr'><strong>essem,</strong></span> 
     </span>
    </p>
   </div>
   <div class='ocr_carea' id='block_1_95' title="bbox 1814 3629 3394 3703">
    <p class='ocr_par' dir='ltr' id='par_1_95' title="bbox 1814 3629 3394 3703">
     <span class='ocr_line' id='line_1_95' title="bbox 1814 3629 3394 3703; baseline -0.005 -10"><span class='ocrx_word' id='word_1_709' title='bbox 1814 3653 1963 3693; x_wconf 88' lang='lat' dir='ltr'><strong>nunc</strong></span> <span class='ocrx_word' id='word_1_710' title='bbox 1995 3637 2155 3692; x_wconf 86' lang='lat' dir='ltr'><strong>video</strong></span> <span class='ocrx_word' id='word_1_711' title='bbox 2186 3636 2254 3691; x_wconf 81' lang='grc'><strong>⁸³.</strong></span> <span class='ocrx_word' id='word_1_712' title='bbox 2295 3656 2314 3689; x_wconf 74' lang='grc' dir='ltr'><strong>ι</strong></span> <span class='ocrx_word' id='word_1_713' title='bbox 2354 3634 2507 3703; x_wconf 83' lang='lat' dir='ltr'><strong>Quod</strong></span> <span class='ocrx_word' id='word_1_714' title='bbox 2544 3650 2677 3691; x_wconf 86' lang='lat' dir='ltr'><strong>sane</strong></span> <span class='ocrx_word' id='word_1_715' title='bbox 2716 3634 2833 3698; x_wconf 86' lang='lat' dir='ltr'><strong>Dei,</strong></span> <span class='ocrx_word' id='word_1_716' title='bbox 2864 3640 2918 3688; x_wconf 92' lang='lat' dir='ltr'><strong>et</strong></span> <span class='ocrx_word' id='word_1_717' title='bbox 2945 3648 3052 3687; x_wconf 91' lang='lat' dir='ltr'><strong>non</strong></span> <span class='ocrx_word' id='word_1_718' title='bbox 3087 3629 3394 3701; x_wconf 81' lang='lat' dir='ltr'><strong>peccatoris</strong></span> 
     </span>
    </p>
   </div>
   <div class='ocr_carea' id='block_1_96' title="bbox 1815 3740 2089 3800">
    <p class='ocr_par' dir='ltr' id='par_1_96' title="bbox 1815 3740 2089 3800">
     <span class='ocr_line' id='line_1_96' title="bbox 1815 3740 2089 3800; baseline -0.015 -14"><span class='ocrx_word' id='word_1_719' title='bbox 1815 3740 1899 3786; x_wconf 89' lang='lat' dir='ltr'><strong>est</strong></span> <span class='ocrx_word' id='word_1_720' title='bbox 1930 3744 2089 3800; x_wconf 86' lang='lat' dir='ltr'><strong>epus.</strong></span> 
     </span>
    </p>
   </div>
   <div class='ocr_carea' id='block_1_97' title="bbox 1886 3816 3405 3881">
    <p class='ocr_par' dir='ltr' id='par_1_97' title="bbox 1886 3816 3405 3881">
     <span class='ocr_line' id='line_1_97' title="bbox 1886 3816 3405 3881; baseline -0.003 -6"><span class='ocrx_word' id='word_1_721' title='bbox 1886 3820 1975 3876; x_wconf 77' lang='grc'><strong>12.</strong></span> <span class='ocrx_word' id='word_1_722' title='bbox 2004 3820 2099 3875; x_wconf 79' lang='lat' dir='ltr'><strong>llis</strong></span> <span class='ocrx_word' id='word_1_723' title='bbox 2120 3820 2379 3876; x_wconf 71' lang='lat' dir='ltr'><strong>Pharisaei</strong></span> <span class='ocrx_word' id='word_1_724' title='bbox 2411 3816 2635 3881; x_wconf 88' lang='lat' dir='ltr'><strong>auditis,</strong></span> <span class='ocrx_word' id='word_1_725' title='bbox 2669 3835 2791 3874; x_wconf 89' lang='lat' dir='ltr'><strong>cum</strong></span> <span class='ocrx_word' id='word_1_726' title='bbox 2823 3835 2882 3875; x_wconf 91' lang='lat' dir='ltr'><strong>se</strong></span> <span class='ocrx_word' id='word_1_727' title='bbox 2905 3820 3151 3875; x_wconf 84' lang='lat' dir='ltr'><strong>viderent</strong></span> <span class='ocrx_word' id='word_1_728' title='bbox 3177 3831 3405 3874; x_wconf 61' lang='lat' dir='ltr'><strong>summa</strong></span> 
     </span>
    </p>
   </div>
   <div class='ocr_carea' id='block_1_98' title="bbox 1813 3911 3391 3986">
    <p class='ocr_par' dir='ltr' id='par_1_98' title="bbox 1813 3911 3391 3986">
     <span class='ocr_line' id='line_1_98' title="bbox 1813 3911 3391 3986; baseline -0.003 -17"><span class='ocrx_word' id='word_1_729' title='bbox 1813 3914 2023 3986; x_wconf 79' lang='lat' dir='ltr'><strong>pudore</strong></span> <span class='ocrx_word' id='word_1_730' title='bbox 2063 3912 2313 3978; x_wconf 84' lang='lat' dir='ltr'><strong>aﬂ&#39;ectos,</strong></span> <span class='ocrx_word' id='word_1_731' title='bbox 2356 3913 2758 3983; x_wconf 85' lang='lat' dir='ltr'><strong>responderunt</strong></span> <span class='ocrx_word' id='word_1_732' title='bbox 2794 3912 2861 3966; x_wconf 90' lang='lat' dir='ltr'><strong>ad</strong></span> <span class='ocrx_word' id='word_1_733' title='bbox 2904 3928 3027 3968; x_wconf 91' lang='lat' dir='ltr'><strong>eum</strong></span> <span class='ocrx_word' id='word_1_734' title='bbox 3075 3911 3164 3982; x_wconf 86' lang='lat' dir='ltr'><strong>qui</strong></span> <span class='ocrx_word' id='word_1_735' title='bbox 3212 3912 3391 3966; x_wconf 86' lang='lat' dir='ltr'><strong>visum</strong></span> 
     </span>
    </p>
   </div>
   <div class='ocr_carea' id='block_1_99' title="bbox 1815 4001 3398 4076">
    <p class='ocr_par' dir='ltr' id='par_1_99' title="bbox 1815 4001 3398 4076">
     <span class='ocr_line' id='line_1_99' title="bbox 1815 4001 3398 4076; baseline -0.003 -17"><span class='ocrx_word' id='word_1_736' title='bbox 1815 4012 2099 4075; x_wconf 85' lang='lat' dir='ltr'><strong>receperat</strong></span> <span class='ocrx_word' id='word_1_737' title='bbox 2135 4022 2150 4059; x_wconf 90' lang='lat'><strong>:</strong></span> <span class='ocrx_word' id='word_1_738' title='bbox 2185 4001 2482 4073; x_wconf 79' lang='lat' dir='ltr'><strong>Oportebat</strong></span> <span class='ocrx_word' id='word_1_739' title='bbox 2503 4005 2722 4076; x_wconf 90' lang='lat' dir='ltr'><strong>quidem</strong></span> <span class='ocrx_word' id='word_1_740' title='bbox 2756 4013 2808 4061; x_wconf 93' lang='lat' dir='ltr'><strong>te</strong></span> <span class='ocrx_word' id='word_1_741' title='bbox 2836 4013 2893 4058; x_wconf 90' lang='lat' dir='ltr'><strong>ut</strong></span> <span class='ocrx_word' id='word_1_742' title='bbox 2924 4019 3075 4059; x_wconf 91' lang='lat' dir='ltr'><strong>reum</strong></span> <span class='ocrx_word' id='word_1_743' title='bbox 3108 4002 3398 4073; x_wconf 68' lang='lat' dir='ltr'><strong>ﬂagellari,</strong></span> 
     </span>
    </p>
   </div>
   <div class='ocr_carea' id='block_1_100' title="bbox 1816 4090 3403 4165">
    <p class='ocr_par' dir='ltr' id='par_1_100' title="bbox 1816 4090 3403 4165">
     <span class='ocr_line' id='line_1_100' title="bbox 1816 4090 3403 4165; baseline -0.002 -17"><span class='ocrx_word' id='word_1_744' title='bbox 1816 4110 1881 4150; x_wconf 88' lang='lat' dir='ltr'><strong>ac</strong></span> <span class='ocrx_word' id='word_1_745' title='bbox 1925 4095 2225 4150; x_wconf 90' lang='lat' dir='ltr'><strong>secundum</strong></span> <span class='ocrx_word' id='word_1_746' title='bbox 2273 4095 2418 4165; x_wconf 83' lang='lat' dir='ltr'><strong>leges</strong></span> <span class='ocrx_word' id='word_1_747' title='bbox 2466 4110 2657 4165; x_wconf 84' lang='lat' dir='ltr'><strong>poenas</strong></span> <span class='ocrx_word' id='word_1_748' title='bbox 2702 4095 2896 4161; x_wconf 90' lang='lat' dir='ltr'><strong>luere;</strong></span> <span class='ocrx_word' id='word_1_749' title='bbox 2934 4093 3029 4148; x_wconf 84' lang='lat' dir='ltr'><strong>sed</strong></span> <span class='ocrx_word' id='word_1_750' title='bbox 3067 4107 3132 4147; x_wconf 92' lang='lat' dir='ltr'><strong>ne</strong></span> <span class='ocrx_word' id='word_1_751' title='bbox 3166 4107 3195 4146; x_wconf 89' lang='lat' dir='ltr'><strong>a</strong></span> <span class='ocrx_word' id='word_1_752' title='bbox 3232 4090 3403 4147; x_wconf 88' lang='lat' dir='ltr'><strong>vanis.</strong></span> 
     </span>
    </p>
   </div>
   <div class='ocr_carea' id='block_1_101' title="bbox 1818 4182 3413 4255">
    <p class='ocr_par' dir='ltr' id='par_1_101' title="bbox 1818 4182 3413 4255">
     <span class='ocr_line' id='line_1_101' title="bbox 1818 4182 3413 4255; baseline -0.003 -15"><span class='ocrx_word' id='word_1_753' title='bbox 1818 4186 2134 4241; x_wconf 84' lang='lat' dir='ltr'><strong>hominibus</strong></span> <span class='ocrx_word' id='word_1_754' title='bbox 2163 4195 2222 4242; x_wconf 92' lang='lat' dir='ltr'><strong>ut</strong></span> <span class='ocrx_word' id='word_1_755' title='bbox 2260 4185 2429 4240; x_wconf 88' lang='lat' dir='ltr'><strong>invidi</strong></span> <span class='ocrx_word' id='word_1_756' title='bbox 2468 4185 2869 4249; x_wconf 86' lang='lat' dir='ltr'><strong>insimulemur,</strong></span> <span class='ocrx_word' id='word_1_757' title='bbox 2910 4183 3253 4255; x_wconf 89' lang='lat' dir='ltr'><strong>indulgemus</strong></span> <span class='ocrx_word' id='word_1_758' title='bbox 3286 4182 3413 4237; x_wconf 33' lang='lat' dir='ltr'><strong>hoc‘.</strong></span> 
     </span>
    </p>
   </div>
   <div class='ocr_carea' id='block_1_102' title="bbox 1816 4273 3399 4347">
    <p class='ocr_par' dir='ltr' id='par_1_102' title="bbox 1816 4273 3399 4347">
     <span class='ocr_line' id='line_1_102' title="bbox 1816 4273 3399 4347; baseline -0.001 -16"><span class='ocrx_word' id='word_1_759' title='bbox 1816 4276 2035 4345; x_wconf 76' lang='lat' dir='ltr'><strong>ingenio</strong></span> <span class='ocrx_word' id='word_1_760' title='bbox 2065 4284 2160 4332; x_wconf 91' lang='lat' dir='ltr'><strong>tuo</strong></span> <span class='ocrx_word' id='word_1_761' title='bbox 2205 4293 2219 4329; x_wconf 89' lang='lat'><strong>:</strong></span> <span class='ocrx_word' id='word_1_762' title='bbox 2260 4291 2431 4347; x_wconf 88' lang='lat' dir='ltr'><strong>quare</strong></span> <span class='ocrx_word' id='word_1_763' title='bbox 2464 4276 2736 4345; x_wconf 86' lang='lat' dir='ltr'><strong>responde</strong></span> <span class='ocrx_word' id='word_1_764' title='bbox 2770 4274 2838 4329; x_wconf 88' lang='lat' dir='ltr'><strong>ad</strong></span> <span class='ocrx_word' id='word_1_765' title='bbox 2874 4273 3399 4343; x_wconf 65' lang='lat' dir='ltr'><strong>interrogationem:</strong></span> 
     </span>
    </p>
   </div>
   <div class='ocr_carea' id='block_1_103' title="bbox 1815 4364 3393 4438">
    <p class='ocr_par' dir='ltr' id='par_1_103' title="bbox 1815 4364 3393 4438">
     <span class='ocr_line' id='line_1_103' title="bbox 1815 4364 3393 4438; baseline -0.004 -15"><span class='ocrx_word' id='word_1_766' title='bbox 1815 4368 1945 4438; x_wconf 91' lang='lat' dir='ltr'><strong>quid</strong></span> <span class='ocrx_word' id='word_1_767' title='bbox 1990 4366 2119 4424; x_wconf 75' lang='lat' dir='ltr'><strong>fecit</strong></span> <span class='ocrx_word' id='word_1_768' title='bbox 2152 4368 2247 4421; x_wconf 91' lang='lat' dir='ltr'><strong>tibi</strong></span> <span class='ocrx_word' id='word_1_769' title='bbox 2285 4369 2374 4422; x_wconf 90' lang='lat' dir='ltr'><strong>ille</strong></span> <span class='ocrx_word' id='word_1_770' title='bbox 2401 4367 2606 4424; x_wconf 87' lang='lat' dir='ltr'><strong>homo?</strong></span> <span class='ocrx_word' id='word_1_771' title='bbox 2637 4365 2753 4431; x_wconf 87' lang='lat' dir='ltr'><strong>Qua</strong></span> <span class='ocrx_word' id='word_1_772' title='bbox 2788 4364 3001 4419; x_wconf 90' lang='lat' dir='ltr'><strong>ratione</strong></span> <span class='ocrx_word' id='word_1_773' title='bbox 3025 4364 3205 4418; x_wconf 91' lang='lat' dir='ltr'><strong>visum</strong></span> <span class='ocrx_word' id='word_1_774' title='bbox 3237 4376 3393 4417; x_wconf 79' lang='lat' dir='ltr'><strong>rece-</strong></span> 
     </span>
    </p>
   </div>
   <div class='ocr_carea' id='block_1_104' title="bbox 1820 4453 3405 4531">
    <p class='ocr_par' dir='ltr' id='par_1_104' title="bbox 1820 4453 3405 4531">
     <span class='ocr_line' id='line_1_104' title="bbox 1820 4453 3405 4531; baseline -0.004 -17"><span class='ocrx_word' id='word_1_775' title='bbox 1820 4462 1950 4531; x_wconf 84' lang='lat' dir='ltr'><strong>pisti</strong></span> <span class='ocrx_word' id='word_1_776' title='bbox 1979 4460 2003 4513; x_wconf 87' lang='lat'><strong>?</strong></span> <span class='ocrx_word' id='word_1_777' title='bbox 2036 4460 2153 4522; x_wconf 90' lang='lat' dir='ltr'><strong>Dic,</strong></span> <span class='ocrx_word' id='word_1_778' title='bbox 2185 4461 2283 4514; x_wconf 91' lang='lat' dir='ltr'><strong>tibi</strong></span> <span class='ocrx_word' id='word_1_779' title='bbox 2310 4460 2437 4530; x_wconf 91' lang='lat' dir='ltr'><strong>quid</strong></span> <span class='ocrx_word' id='word_1_780' title='bbox 2469 4457 2730 4528; x_wconf 81' lang='lat' dir='ltr'><strong>contigit?</strong></span> <span class='ocrx_word' id='word_1_781' title='bbox 2759 4453 2899 4511; x_wconf 71' lang='lat' dir='ltr'><strong>Tum</strong></span> <span class='ocrx_word' id='word_1_782' title='bbox 2924 4456 3013 4510; x_wconf 89' lang='lat' dir='ltr'><strong>ille</strong></span> <span class='ocrx_word' id='word_1_783' title='bbox 3034 4454 3405 4521; x_wconf 49' lang='lat' dir='ltr'><strong>confidentem,</strong></span> 
     </span>
    </p>
   </div>
   <div class='ocr_carea' id='block_1_105' title="bbox 1821 4547 3394 4629">
    <p class='ocr_par' dir='ltr' id='par_1_105' title="bbox 1821 4547 3394 4629">
     <span class='ocr_line' id='line_1_105' title="bbox 1821 4547 3394 4629; baseline -0.004 -25"><span class='ocrx_word' id='word_1_784' title='bbox 1821 4565 1947 4605; x_wconf 87' lang='lat' dir='ltr'><strong>nam</strong></span> <span class='ocrx_word' id='word_1_785' title='bbox 1987 4551 2041 4603; x_wconf 90' lang='lat' dir='ltr'><strong>in</strong></span> <span class='ocrx_word' id='word_1_786' title='bbox 2077 4550 2239 4629; x_wconf 72' lang='lat'><strong>372</strong></span> <span class='ocrx_word' id='word_1_787' title='bbox 2286 4549 2388 4603; x_wconf 86' lang='lat' dir='ltr'><strong>ﬁde</strong></span> <span class='ocrx_word' id='word_1_788' title='bbox 2417 4549 2742 4619; x_wconf 79' lang='lat' dir='ltr'><strong>profecerat,</strong></span> <span class='ocrx_word' id='word_1_789' title='bbox 2770 4547 3047 4616; x_wconf 88' lang='lat' dir='ltr'><strong>respondit</strong></span> <span class='ocrx_word' id='word_1_790' title='bbox 3085 4548 3238 4601; x_wconf 87' lang='lat' dir='ltr'><strong>hisce</strong></span> <span class='ocrx_word' id='word_1_791' title='bbox 3267 4558 3394 4600; x_wconf 83' lang='lat' dir='ltr'><strong>ver-</strong></span> 
     </span>
    </p>
   </div>
   <div class='ocr_carea' id='block_1_106' title="bbox 1818 4638 3392 4713">
    <p class='ocr_par' dir='ltr' id='par_1_106' title="bbox 1818 4638 3392 4713">
     <span class='ocr_line' id='line_1_106' title="bbox 1818 4638 3392 4713; baseline -0.003 -18"><span class='ocrx_word' id='word_1_792' title='bbox 1818 4639 1904 4696; x_wconf 91' lang='lat' dir='ltr'><strong>bis</strong></span> <span class='ocrx_word' id='word_1_793' title='bbox 1940 4657 1953 4692; x_wconf 89' lang='lat'>:</span> <span class='ocrx_word' id='word_1_794' title='bbox 2000 4638 2241 4696; x_wconf 75' lang='lat' dir='ltr'><strong>Rursum</strong></span> <span class='ocrx_word' id='word_1_795' title='bbox 2288 4641 2671 4706; x_wconf 83' lang='lat' dir='ltr'><strong>sciscitamini,</strong></span> <span class='ocrx_word' id='word_1_796' title='bbox 2712 4639 2986 4710; x_wconf 91' lang='lat' dir='ltr'><strong>quomodo</strong></span> <span class='ocrx_word' id='word_1_797' title='bbox 3028 4639 3207 4693; x_wconf 88' lang='lat' dir='ltr'><strong>visum</strong></span> <span class='ocrx_word' id='word_1_798' title='bbox 3237 4651 3392 4713; x_wconf 73' lang='lat' dir='ltr'><strong>rece-</strong></span> 
     </span>
    </p>
   </div>
   <div class='ocr_carea' id='block_1_107' title="bbox 1815 4726 3405 4800">
    <p class='ocr_par' dir='ltr' id='par_1_107' title="bbox 1815 4726 3405 4800">
     <span class='ocr_line' id='line_1_107' title="bbox 1815 4726 3405 4800; baseline -0.001 -16"><span class='ocrx_word' id='word_1_799' title='bbox 1815 4730 2009 4800; x_wconf 89' lang='lat' dir='ltr'><strong>perim.</strong></span> <span class='ocrx_word' id='word_1_800' title='bbox 2058 4729 2264 4785; x_wconf 89' lang='lat' dir='ltr'><strong>Contra</strong></span> <span class='ocrx_word' id='word_1_801' title='bbox 2306 4730 2667 4799; x_wconf 88' lang='lat' dir='ltr'><strong>vosmetipsos</strong></span> <span class='ocrx_word' id='word_1_802' title='bbox 2705 4728 2879 4799; x_wconf 81' lang='lat' dir='ltr'><strong>ignari</strong></span> <span class='ocrx_word' id='word_1_803' title='bbox 2940 4727 3120 4797; x_wconf 86' lang='lat' dir='ltr'><strong>agitis.</strong></span> <span class='ocrx_word' id='word_1_804' title='bbox 3174 4726 3405 4793; x_wconf 71' lang='lat' dir='ltr'><strong>Quanto.</strong></span> 
     </span>
    </p>
   </div>
   <div class='ocr_carea' id='block_1_108' title="bbox 1815 4822 3401 4894">
    <p class='ocr_par' dir='ltr' id='par_1_108' title="bbox 1815 4822 3401 4894">
     <span class='ocr_line' id='line_1_108' title="bbox 1815 4822 3401 4894; baseline -0.001 -17"><span class='ocrx_word' id='word_1_805' title='bbox 1815 4823 1990 4893; x_wconf 85' lang='lat' dir='ltr'><strong>magis</strong></span> <span class='ocrx_word' id='word_1_806' title='bbox 2030 4823 2358 4878; x_wconf 89' lang='lat' dir='ltr'><strong>miraculum</strong></span> <span class='ocrx_word' id='word_1_807' title='bbox 2402 4825 2710 4894; x_wconf 80' lang='lat' dir='ltr'><strong>opprimere</strong></span> <span class='ocrx_word' id='word_1_808' title='bbox 2754 4825 3006 4889; x_wconf 85' lang='lat' dir='ltr'><strong>studetis,</strong></span> <span class='ocrx_word' id='word_1_809' title='bbox 3041 4832 3193 4880; x_wconf 88' lang='lat' dir='ltr'><strong>tanto</strong></span> <span class='ocrx_word' id='word_1_810' title='bbox 3218 4822 3401 4891; x_wconf 84' lang='lat' dir='ltr'><strong>magis.</strong></span> 
     </span>
    </p>
   </div>
   <div class='ocr_carea' id='block_1_109' title="bbox 1818 4913 3390 4986">
    <p class='ocr_par' dir='ltr' id='par_1_109' title="bbox 1818 4913 3390 4986">
     <span class='ocr_line' id='line_1_109' title="bbox 1818 4913 3390 4986; baseline -0.001 -18"><span class='ocrx_word' id='word_1_811' title='bbox 1818 4913 1997 4984; x_wconf 84' lang='lat' dir='ltr'><strong>ipsum</strong></span> <span class='ocrx_word' id='word_1_812' title='bbox 2038 4914 2373 4971; x_wconf 79' lang='lat' dir='ltr'><strong>inclarescit.</strong></span> <span class='ocrx_word' id='word_1_813' title='bbox 2424 4914 2662 4971; x_wconf 84' lang='lat' dir='ltr'><strong>Rursum</strong></span> <span class='ocrx_word' id='word_1_814' title='bbox 2699 4916 3094 4986; x_wconf 87' lang='lat' dir='ltr'><strong>percontamini</strong></span> <span class='ocrx_word' id='word_1_815' title='bbox 3117 4954 3132 4979; x_wconf 94' lang='lat'><strong>,</strong></span> <span class='ocrx_word' id='word_1_816' title='bbox 3162 4930 3267 4984; x_wconf 83' lang='lat' dir='ltr'><strong>qua</strong></span> <span class='ocrx_word' id='word_1_817' title='bbox 3299 4929 3390 4967; x_wconf 87' lang='lat' dir='ltr'><strong>ra-</strong></span> 
     </span>
    </p>
   </div>
   <div class='ocr_carea' id='block_1_110' title="bbox 1816 5007 3388 5079">
    <p class='ocr_par' dir='ltr' id='par_1_110' title="bbox 1816 5007 3388 5079">
     <span class='ocr_line' id='line_1_110' title="bbox 1816 5007 3388 5079; baseline -0.001 -18"><span class='ocrx_word' id='word_1_818' title='bbox 1816 5008 1964 5062; x_wconf 83' lang='lat' dir='ltr'><strong>tione</strong></span> <span class='ocrx_word' id='word_1_819' title='bbox 1990 5008 2165 5063; x_wconf 84' lang='lat' dir='ltr'><strong>visum</strong></span> <span class='ocrx_word' id='word_1_820' title='bbox 2199 5009 2496 5079; x_wconf 76' lang='lat' dir='ltr'><strong>receperint</strong></span> <span class='ocrx_word' id='word_1_821' title='bbox 2539 5027 2552 5062; x_wconf 92' lang='lat'>:</span> <span class='ocrx_word' id='word_1_822' title='bbox 2580 5008 2693 5078; x_wconf 89' lang='lat' dir='ltr'><strong>jam</strong></span> <span class='ocrx_word' id='word_1_823' title='bbox 2730 5016 2811 5062; x_wconf 88' lang='lat' dir='ltr'><strong>ter</strong></span> <span class='ocrx_word' id='word_1_824' title='bbox 2842 5007 3101 5069; x_wconf 88' lang='lat' dir='ltr'><strong>iudicavi,</strong></span> <span class='ocrx_word' id='word_1_825' title='bbox 3136 5021 3237 5059; x_wconf 91' lang='lat' dir='ltr'><strong>nec</strong></span> <span class='ocrx_word' id='word_1_826' title='bbox 3262 5019 3388 5060; x_wconf 83' lang='lat' dir='ltr'><strong>cre-</strong></span> 
     </span>
    </p>
   </div>
   <div class='ocr_carea' id='block_1_111' title="bbox 1816 5096 3388 5165">
    <p class='ocr_par' dir='ltr' id='par_1_111' title="bbox 1816 5096 3388 5165">
     <span class='ocr_line' id='line_1_111' title="bbox 1816 5096 3388 5165; baseline 0.001 -14"><span class='ocrx_word' id='word_1_827' title='bbox 1816 5097 2035 5155; x_wconf 86' lang='lat' dir='ltr'><strong>didistis</strong></span> <span class='ocrx_word' id='word_1_828' title='bbox 2088 5098 2241 5156; x_wconf 84' lang='lat' dir='ltr'><strong>mihi.</strong></span> <span class='ocrx_word' id='word_1_829' title='bbox 2294 5116 2312 5149; x_wconf 77' lang='grc' dir='ltr'><strong>ι</strong></span> <span class='ocrx_word' id='word_1_830' title='bbox 2360 5097 2501 5165; x_wconf 86' lang='lat' dir='ltr'><strong>Quid</strong></span> <span class='ocrx_word' id='word_1_831' title='bbox 2543 5100 2736 5153; x_wconf 90' lang='lat' dir='ltr'><strong>iterum</strong></span> <span class='ocrx_word' id='word_1_832' title='bbox 2774 5099 2939 5153; x_wconf 87' lang='lat' dir='ltr'><strong>vultis</strong></span> <span class='ocrx_word' id='word_1_833' title='bbox 2978 5096 3208 5152; x_wconf 87' lang='lat' dir='ltr'><strong>audire?</strong></span> <span class='ocrx_word' id='word_1_834' title='bbox 3241 5111 3388 5152; x_wconf 81' lang='lat' dir='ltr'><strong>nun-</strong></span> 
     </span>
    </p>
   </div>
   <div class='ocr_carea' id='block_1_112' title="bbox 1816 5187 3389 5258">
    <p class='ocr_par' dir='ltr' id='par_1_112' title="bbox 1816 5187 3389 5258">
     <span class='ocr_line' id='line_1_112' title="bbox 1816 5187 3389 5258; baseline 0.003 -18"><span class='ocrx_word' id='word_1_835' title='bbox 1816 5188 1945 5258; x_wconf 88' lang='lat' dir='ltr'><strong>quid</strong></span> <span class='ocrx_word' id='word_1_836' title='bbox 1973 5197 2026 5241; x_wconf 86' lang='lat' dir='ltr'><strong>et</strong></span> <span class='ocrx_word' id='word_1_837' title='bbox 2050 5202 2146 5242; x_wconf 91' lang='lat' dir='ltr'><strong>vos</strong></span> <span class='ocrx_word' id='word_1_838' title='bbox 2192 5188 2358 5242; x_wconf 84' lang='lat' dir='ltr'><strong>vultis</strong></span> <span class='ocrx_word' id='word_1_839' title='bbox 2402 5187 2653 5257; x_wconf 88' lang='lat' dir='ltr'><strong>discipuli</strong></span> <span class='ocrx_word' id='word_1_840' title='bbox 2688 5188 2809 5257; x_wconf 87' lang='lat' dir='ltr'><strong>ejus</strong></span> <span class='ocrx_word' id='word_1_841' title='bbox 2847 5188 2960 5243; x_wconf 84' lang='lat' dir='ltr'><strong>ﬁeri</strong></span> <span class='ocrx_word' id='word_1_842' title='bbox 2981 5187 3066 5239; x_wconf 72' lang='lat'><strong>&quot;?</strong></span> <span class='ocrx_word' id='word_1_843' title='bbox 3099 5206 3119 5239; x_wconf 82' lang='grc'><strong><em>›</em></strong></span> <span class='ocrx_word' id='word_1_844' title='bbox 3158 5187 3241 5242; x_wconf 84' lang='grc' dir='ltr'>Αη</span> <span class='ocrx_word' id='word_1_845' title='bbox 3265 5187 3389 5243; x_wconf 81' lang='lat' dir='ltr'><strong>ideo</strong></span> 
     </span>
    </p>
   </div>
   <div class='ocr_carea' id='block_1_113' title="bbox 1815 5278 3389 5350">
    <p class='ocr_par' dir='ltr' id='par_1_113' title="bbox 1815 5278 3389 5350">
     <span class='ocr_line' id='line_1_113' title="bbox 1815 5278 3389 5350; baseline 0 -15"><span class='ocrx_word' id='word_1_846' title='bbox 1815 5280 2062 5335; x_wconf 77' lang='lat' dir='ltr'><strong>studiose</strong></span> <span class='ocrx_word' id='word_1_847' title='bbox 2131 5280 2434 5335; x_wconf 83' lang='lat' dir='ltr'><strong>curationis</strong></span> <span class='ocrx_word' id='word_1_848' title='bbox 2486 5279 2681 5334; x_wconf 90' lang='lat' dir='ltr'><strong>seriem</strong></span> <span class='ocrx_word' id='word_1_849' title='bbox 2768 5279 3123 5350; x_wconf 85' lang='lat' dir='ltr'><strong>perquiritis?</strong></span> <span class='ocrx_word' id='word_1_850' title='bbox 3198 5278 3255 5334; x_wconf 91' lang='lat' dir='ltr'><strong>Si</strong></span> <span class='ocrx_word' id='word_1_851' title='bbox 3331 5278 3389 5336; x_wconf 90' lang='lat' dir='ltr'><strong>id.</strong></span> 
     </span>
    </p>
   </div>
   <div class='ocr_carea' id='block_1_114' title="bbox 1813 5369 3398 5440">
    <p class='ocr_par' dir='ltr' id='par_1_114' title="bbox 1813 5369 3398 5440">
     <span class='ocr_line' id='line_1_114' title="bbox 1813 5369 3398 5440; baseline 0.001 -15"><span class='ocrx_word' id='word_1_852' title='bbox 1813 5370 2037 5440; x_wconf 86' lang='lat' dir='ltr'><strong>optatis,</strong></span> <span class='ocrx_word' id='word_1_853' title='bbox 2096 5369 2208 5439; x_wconf 85' lang='lat' dir='ltr'><strong>jam</strong></span> <span class='ocrx_word' id='word_1_854' title='bbox 2255 5371 2497 5426; x_wconf 85' lang='lat' dir='ltr'><strong>accedite</strong></span> <span class='ocrx_word' id='word_1_855' title='bbox 2557 5371 2621 5424; x_wconf 89' lang='lat' dir='ltr'><strong>ad</strong></span> <span class='ocrx_word' id='word_1_856' title='bbox 2676 5371 2829 5425; x_wconf 88' lang='lat' dir='ltr'><strong>illum</strong></span> <span class='ocrx_word' id='word_1_857' title='bbox 2880 5371 2997 5426; x_wconf 88' lang='lat' dir='ltr'><strong>sine</strong></span> <span class='ocrx_word' id='word_1_858' title='bbox 3025 5372 3398 5438; x_wconf 52' lang='lat' dir='ltr'><strong>dubitatione,</strong></span> 
     </span>
    </p>
   </div>
   <div class='ocr_carea' id='block_1_115' title="bbox 1813 5460 3404 5536">
    <p class='ocr_par' dir='ltr' id='par_1_115' title="bbox 1813 5460 3404 5536">
     <span class='ocr_line' id='line_1_115' title="bbox 1813 5460 3404 5536; baseline 0.003 -20"><span class='ocrx_word' id='word_1_859' title='bbox 1813 5469 1864 5516; x_wconf 82' lang='lat' dir='ltr'><strong>et</strong></span> <span class='ocrx_word' id='word_1_860' title='bbox 1898 5460 2277 5515; x_wconf 80' lang='lat' dir='ltr'><strong>illuminamini</strong></span> <span class='ocrx_word' id='word_1_861' title='bbox 2316 5479 2330 5516; x_wconf 87' lang='lat'>;</span> <span class='ocrx_word' id='word_1_862' title='bbox 2364 5461 2642 5531; x_wconf 81' lang='lat' dir='ltr'><strong>agnoscite</strong></span> <span class='ocrx_word' id='word_1_863' title='bbox 2677 5461 2825 5516; x_wconf 91' lang='lat' dir='ltr'><strong>illum</strong></span> <span class='ocrx_word' id='word_1_864' title='bbox 2854 5463 2973 5519; x_wconf 88' lang='lat' dir='ltr'><strong>sine</strong></span> <span class='ocrx_word' id='word_1_865' title='bbox 3006 5464 3190 5536; x_wconf 87' lang='lat' dir='ltr'><strong>aliqua</strong></span> <span class='ocrx_word' id='word_1_866' title='bbox 3222 5464 3404 5521; x_wconf 57' lang='lat' dir='ltr'><strong>dubio.</strong></span> 
     </span>
    </p>
   </div>
   <div class='ocr_carea' id='block_1_116' title="bbox 1891 5768 2781 5848">
    <p class='ocr_par' dir='ltr' id='par_1_116' title="bbox 1891 5768 2781 5848">
     <span class='ocr_line' id='line_1_116' title="bbox 1891 5768 2781 5848; baseline -0.002 -18"><span class='ocrx_word' id='word_1_867' title='bbox 1891 5774 2003 5848; x_wconf 85' lang='grc'><strong>(86)</strong></span> <span class='ocrx_word' id='word_1_868' title='bbox 2039 5772 2169 5846; x_wconf 80' lang='lat' dir='ltr'><strong>Reg.</strong></span> <span class='ocrx_word' id='word_1_869' title='bbox 2209 5774 2257 5842; x_wconf 74' lang='grc' dir='ltr'><strong>ί,</strong></span> <span class='ocrx_word' id='word_1_870' title='bbox 2286 5768 2341 5841; x_wconf 69' lang='lat'><strong>2,</strong></span> <span class='ocrx_word' id='word_1_871' title='bbox 2365 5772 2457 5826; x_wconf 75' lang='grc' dir='ltr'>καὶ</span> <span class='ocrx_word' id='word_1_872' title='bbox 2488 5771 2590 5827; x_wconf 77' lang='grc' dir='ltr'>διὰ.</span> <span class='ocrx_word' id='word_1_873' title='bbox 2607 5771 2781 5828; x_wconf 81' lang='grc' dir='ltr'>τοῦτο.</span> 
     </span>
    </p>
   </div>
  </div>
