3832 6216
429 305 569 361 1019

1562 301 1621 358 S.
1664 299 2136 356 ATHANASIUS.
2179 329 2248 338 —
2289 298 2560 354 SPURIA;

3552 300 3574 353 l
3585 301 3690 353 0'30

429 421 632 474 tatione
666 437 678 471 :
713 432 823 472 non
859 425 1145 472 aversatur.
1175 418 1438 488 quemvis.
1468 418 1744 472 hominem
1788 432 1847 472 se
1877 432 2000 472 cum

2123 432 2269 480 ττως,
2286 417 2378 469 καὶ
2411 414 2748 485 φωτίσθητε.·
2775 414 3078 486 γνωρίσατε
3093 414 3255 468 αὑτὸν
3280 417 3685 487 ἀναμφιϐόλως·

429 512 534 567 lide
561 510 872 564 adeuntem.
916 507 1041 563 Haec
1065 525 1190 562 cum
1221 509 1504 564 audissent
1535 507 1816 573 Pharisaei,
1851 509 2010 564 male-

427 605 684 658 dixerunt
721 617 847 656 eum
890 602 980 656 cui
1044 603 1189 657 visus
1237 601 1416 655 fuerat
1458 604 1781 668 restitutus,
1816 602 2008 655 dicen-

429 705 513 750 tes
563 694 663 764 ipsi
717 712 730 748 :
785 711 805 745 ι
858 691 940 747 Tu
985 692 1292 762 discipulus
1346 693 1493 747 illius
1545 709 1605 748 es
1659 711 1672 747 :
1718 708 1819 748 nos
1861 692 2009 746 enim

428 785 599 840 Mosis
665 783 922 852 discipuli
987 797 1200 838 sumus.
1263 779 1373 835 Nos
1424 781 1629 835 scimus
1685 780 1812 850 quia
1874 777 2010 832 Mosi

428 879 649 932 locutus
697 885 780 929 est
832 873 976 928 Deus
1030 893 1044 929 :
1094 874 1242 927 hunc
1285 879 1466 926 autem
1529 872 1807 926 nescimus
1867 869 2012 924 unde

429 967 520 1022 sit.
571 964 650 1019 Tu
680 965 982 1034 discipulus
1031 965 1175 1019 illius
1217 979 1278 1018 es
1313 964 1379 1017 “‘.
1410 983 1428 1015 ι
1468 960 1570 1028 Qui
1605 972 1786 1017 autem
1834 963 2011 1016 visum

429 1066 716 1121 acceperat
763 1055 1096 1109 subridendo
1152 1051 1435 1122 respondit
1487 1071 1502 1106 :
1548 1052 1660 1122 Ego
1709 1050 2012 1120 discipulus

429 1149 578 1202 illius
611 1148 766 1203 sum?
795 1147 993 1200 bonum
1037 1145 1167 1199 mihi
1218 1144 1526 1200 convicium
1569 1143 1798 1199 fecistis.
1823 1141 1867 1196 Ο
1899 1143 2014 1212 glo-

429 1243 635 1297 riosam
712 1240 1134 1294 contumeliam!
1215 1238 1407 1309 Magna
1471 1253 1558 1293 me
1640 1235 2014 1306 imprudentes

431 1331 603 1400 gloria
637 1329 920 1384 affecistis.
953 1327 1064 1383 Vos
1095 1329 1263 1384 Mosis
1291 1329 1426 1384 estis
1460 1326 1756 1398 discipuli?
1791 1323 2011 1394 Ecquod

429 1421 713 1492 potestatis
743 1429 938 1475 vestrae
962 1436 1101 1491 opus
1144 1419 1439 1476 edidistis?
1471 1419 1578 1474 Vos
1607 1416 1824 1489 quidem
1848 1416 2013 1470 Mosis

429 1515 563 1570 estis
616 1512 918 1583 discipuli;
998 1513 1092 1568 sed
1152 1513 1384 1583 apostoli
1436 1519 1566 1568 sunt
1645 1508 1846 1565 medici
1905 1508 2009 1561 mei

429 1601 706 1669 discipuli.
735 1600 1039 1666 Ostendite,
1068 1601 1238 1657 Mosis
1268 1601 1546 1671 discipuli,
1579 1600 1782 1670 aliquid
1821 1605 2014 1653 contra

429 1691 730 1760 discipulos
761 1691 959 1745 medici
996 1693 1121 1745 mei.
1162 1690 1218 1743 Si
1248 1689 1377 1759 quid
1414 1689 1568 1754 vobis
1608 1688 1736 1742 insit
1775 1692 2014 1756 potesta-

429 1790 522 1847 tis.
557 1801 666 1840 non
700 1785 880 1839 dicam
915 1792 1200 1848 mortuos,
1237 1783 1332 1838 sed
1371 1782 1706 1836 dormientes
1753 1780 2005 1841 excitate,
2041 1779 2082 1836 Β

431 1881 576 1934 sicut
629 1877 860 1947 apostoli
920 1875 1233 1931 defunctos.
1305 1873 1364 1928 Si
1414 1872 1677 1943 apostolis
1734 1871 2009 1940 exaequari

431 1971 662 2040 potestis
691 1987 706 2035 ;
741 1984 849 2022 non
885 1967 1062 2020 dicam
1110 1980 1275 2034 super
1314 1963 1520 2030 undas,
1557 1961 1654 2018 sed
1699 1978 1866 2032 super
1899 1973 2009 2016 ter-

433 2076 551 2115 ram
583 2060 878 2123 ambulate,
911 2058 1086 2112 sicuti'
1108 2057 1304 2112 Petrus
1353 2071 1518 2124 super
1566 2069 1737 2108 mare.
1773 2054 1831 2108 Si
1879 2053 2010 2124 quid

435 2153 582 2206 inest
623 2153 873 2213 virtutis,
919 2165 1045 2204 cum
1086 2148 1369 2217 apostolis.
1397 2153 1732 2210 concertate,
1779 2161 1890 2201 non
1929 2145 2013 2199 di-

433 2258 554 2298 cam
587 2242 838 2312 spiritus,
885 2241 982 2295 sed
1020 2255 1147 2294 aves
1179 2239 1400 2308 abigite,
1442 2237 1585 2291 sicut
1625 2236 1856 2304 apostoli
1900 2236 2012 2290 da:-

435 2345 646 2384 mones.
685 2330 852 2384 Dicite
891 2329 1024 2382 mihi
1069 2345 1084 2382 :
1117 2325 1300 2382 Vosne
1336 2325 1503 2380 Mosis
1547 2324 1802 2394 discipuli
1844 2325 2014 2379 estis?

439 2422 497 2476 Si
532 2421 700 2477 Mosis
734 2421 989 2490 discipuli
1029 2421 1226 2475 essetis
1245 2457 1271 2482 ,.
1301 2417 1597 2473 crederetis
1635 2415 1771 2472 Mosi
1812 2417 2013 2472 dicenti

435 2513 505 2567 de
546 2514 666 2582 ipso
713 2531 728 2567 ι
776 2530 794 2562 ι
847 2512 1117 2578 Quoniam
1172 2510 1490 2580 pr0phetam
1543 2509 1700 2562 vobis
1757 2509 2017 2564 excitabit

437 2605 705 2661 Dominus
751 2604 894 2660 Deus
941 2604 1008 2658 de
1057 2603 1319 2657 fratribus
1351 2601 1567 2665 vestris,
1608 2607 1865 2669 tanquam
1905 2615 2015 2654 me.

436 2695 622 2764 ipsum
676 2696 912 2751 audietis
955 2696 1111 2765 juxta
1160 2694 1343 2748 omnia
1398 2707 1734 2762 quaecunque
1802 2693 2017 2747 locutus

441 2787 603 2841 fuerit
641 2787 813 2842 vobis.
853 2786 969 2840 Erit
1004 2795 1210 2849 autem,
1244 2785 1424 2838 omnis
1464 2784 1644 2836 anima
1681 2797 2018 2852 quaecunque

439 2893 548 2953 non
574 2877 808 2931 audierit
832 2876 1152 2947 prophetam
1194 2875 1369 2936 illum,
1406 2873 1862 2928 exterminabitur
1889 2873 1958 2928 ⁸⁸.
1992 2890 2011 2922 ι

441 2966 642 3020 Cavete
694 2979 762 3018 ne
817 2963 1296 3027 exlerminemini,
1327 2972 1380 3016 et
1423 2964 1489 3016 in-
1531 2977 1722 3017 omnes
1769 2962 2018 3016 nationes

440 3055 856 3127 dispergamini,
914 3062 1102 3126 utpote
1148 3055 1240 3124 qui
1289 3054 1436 3110 illius
1491 3067 1520 3106 a
1566 3052 1831 3123 propheta
1879 3067 2020 3122 prae-

443 3149 684 3204 nuntiati
732 3147 970 3202 hominis
1036 3147 1295 3202 virtutem
1363 3161 1473 3200 non
1524 3145 1876 3214 agnoveritis.
1931 3143 2015 3196 An

440 3241 709 3312 ignoratis
777 3241 869 3308 qui
929 3239 1000 3292 sit
1059 3240 1346 3292 oculorum
1419 3251 1669 3291 meorum
1730 3234 2018 3290 medicus?

442 3331 711 3402 lgnoratis
769 3331 977 3399 utique,
1013 3329 1141 3398 quia
1187 3327 1548 3382 occidendum
1591 3326 1855 3396 quaeritis.
1906 3323 2018 3378 No-

443 3425 544 3478 stis
570 3437 732 3492 porro
773 3422 867 3492 qui
913 3421 1008 3487 sit,
1041 3428 1096 3474 et
1127 3418 1272 3474 unde
1303 3419 1409 3473 sit..
1435 3417 1570 3471 Nam
1608 3433 1734 3472 cum
1773 3415 2018 3473 Herodes

443 3515 819 3571 sciscitaretur
880 3528 911 3566 a
976 3513 1153 3576 vobis,
1208 3510 1303 3565 ubi
1365 3509 1622 3565 Christus
1677 3519 2018 3573 nasceretur,

443 3605 735 3661 confestim
787 3616 841 3661 et
885 3607 1061 3660 locum
1099 3614 1153 3660 et
1189 3603 1410 3657 modum
1462 3602 2022 3666 indicastis,.aientes

447 3713 574 3751 eum
626 3698 681 3750 in
722 3695 1031 3750 Bethlehem
1087 3694 1446 3748 nasciturum.
1505 3695 1642 3747 Cum
1693 3694 1760 3746 ad
1820 3693 2021 3746 caadem

450 3791 736 3861 quaeritur,
769 3787 944 3842 nostis
971 3802 986 3851 ;
1016 3801 1140 3840 cum
1170 3786 1432 3840 miracula
1465 3795 1810 3855 perpetrasse
1840 3793 2024 3838 osten-

448 3880 621 3942 ditur,
662 3877 948 3948 ignoratis.

522 3971 609 4024 15.
650 3966 766 4022 Erit
799 3969 922 4038 quis
963 3965 1194 4019 fortasse
1232 3965 1324 4028 qui
1358 3971 1606 4034 reponat,
1636 3963 1788 4020 Unde
1819 3965 2024 4020 scimus

451 4077 657 4118 caecum
692 4061 844 4114 illum
877 4059 968 4129 qui
1001 4060 1176 4112 visum
1207 4062 1510 4124 receperat,
1545 4062 1656 4108 tam
1691 4056 1860 4125 probe
1899 4070 2024 4110 cum

451 4156 788 4211 Pharisaicis
835 4155 1114 4226 judicibus
1179 4150 1574 4208 contendisse?
1626 4149 1765 4216 Quid
1821 4150 1926 4214 ais,
1993 4165 2026 4204 ο

453 4247 670 4302 amice?
696 4246 897 4301 ferrum
932 4244 1042 4314 igni
1075 4243 1355 4297 admotum
1389 4257 1618 4312 prorsus
1649 4241 1898 4312 ignescit,
1934 4240 2028 4294 ubi

457 4340 694 4402 acuitur,
771 4337 974 4392 scindit
1041 4336 1393 4400 acutissime;
1456 4341 1509 4388 et
1564 4333 1668 4388 iste
1736 4332 2029 4388 dominicis

457 4430 710 4484 manibus
761 4434 1155 4488 contrectatus,
1204 4441 1268 4479 ac
1309 4425 1492 4478 divino
1545 4424 1805 4478 inunctus
1846 4430 2028 4493 sputo,

457 4537 640 4578 nonne
670 4521 846 4591 potuit
889 4521 1095 4588 absque
1148 4518 1589 4588 syllogismorum
1628 4521 1893 4585 apparatu
1937 4513 2033 4567 ad-

457 4629 652 4669 versus
706 4611 984 4682 improbos
1050 4610 1299 4664 rhetores
1367 4605 1801 4678 argumentari?.
1834 4604 2030 4658 Annon

459 4708 529 4762 de
567 4706 661 4760 illo
717 4719 781 4757 ac
836 4703 914 4756 illi
952 4701 1222 4756 similibus
1275 4701 1460 4754 divina
1510 4698 1647 4752 dicit
1697 4697 2029 4765 Scriptura:

465 4818 486 4852 ι
529 4796 794 4851 Dominus
825 4793 1099 4863 sapientes
1125 4792 1302 4846 reddit
1333 4806 1508 4846 caecos
1531 4789 1618 4843 l‘7?
1658 4809 1676 4840 ι
1716 4789 2032 4858 Opportune

461 4889 736 4945 hominem
773 4882 882 4958 qui
921 4885 1064 4939 miro‘
1096 4883 1257 4938 modo
1296 4884 1473 4937 visum
1513 4881 1738 4950 recepit,
1785 4880 1878 4950 qui
1918 4881 2034 4934 sin-

461 4994 587 5035 cere
632 4976 862 5032 Domino
895 4973 1146 5037 credidit,
1181 4973 1274 5043 qui
1303 4971 1505 5026 Judaais
1546 4971 1760 5025 fortiter
1797 4970 2032 5035 obstitit,

463 5071 864 5132 rationabilem,
896 5068 1246 5138 morigeram,
1277 5068 1418 5122 lacte
1458 5066 1848 5121 exuberantem
1876 5079 2034 5120 ovem

462 5180 664 5220 vocare
725 5164 872 5219 licet.
926 5161 1088 5215 Novit
1152 5161 1296 5215 enim
1378 5169 1655 5230 pastorum
1730 5159 2034 5228 principem

463 5259 771 5321 Christum,
803 5255 1154 5310 Pharisaicos
1185 5253 1371 5323 effugit
1398 5254 1554 5322 lupos
1589 5272 1600 5306 :
1637 5252 1918 5322 ingressus
1951 5258 2037 5307 est

466 5365 562 5420 per
593 5349 779 5404 crucis
806 5357 1015 5418 portam
1051 5347 1105 5400 in
1147 5345 1582 5400 ecclesiasticum
1613 5347 1776 5400 ovile.
1821 5343 2037 5398 Audisti

475 5442 635 5496 modo
674 5441 946 5495 dicentem
986 5439 1275 5492 Dominum
1325 5453 1335 5488 :
1384 5456 1402 5488 ι
1451 5437 1660 5499 Amen,
1701 5453 1859 5490 amen
1915 5437 2040 5489 dico

466 5534 644 5594 vobis,
681 5534 771 5601 qui
812 5549 918 5585 non
956 5532 1122 5585 intrat
1158 5549 1253 5602 per
1283 5531 1483 5585 ostium
1538 5530 1594 5582 in
1643 5529 1784 5583 ovile
1830 5529 2035 5591 ovium,

2110 509 2210 560 ούκ
2238 506 2638 576 ἀποστρέφεται
2664 506 2755 558 τὸν
2775 506 3166 576 μετά.πίστεως
3199 506 3492 577 προσιόντα
3520 509 3690 579 αὐτῷ.

2112 598 2299 652 Ταῦτα
2321 597 2654 660 ἀκούσαντες
2668 599 2716 650 οἱ
2741 599 3042 668 Φαρισαῖοι,
3061 598 3405 669 ἐλοιδόρησαν
3431 599 3527 651 τὸν
3561 600 3693 652 ἀνα-

2112 689 2405 758 ϐλέψαντα,
2436 687 2681 756 λέγοντες
2715 687 2863 758 αὐτῷ
2883 705 2948 738 ·-‹
2986 690 3057 742 Σὺ
3095 684 3144 740 εἴ
3174 687 3425 760 μαθητὴς
3448 689 3690 742 ἐκείνου·

2113 783 2272 853 ἡμεῖς
2296 781 2402 852 γὰρ
2436 779 2528 834 τοῦ
2554 780 2797 844 Μωσέως
2827 779 2994 850 ἐσμὲν
3023 779 3304 849 μαθηταί-
3331 779 3521 850 Ἡμεῖς
3552 780 3695 834 οἴδαρ

2115 891 2234 944 μεν,
2261 875 2342 928 ὃτι
2373 875 2544 944 Μωσῇ
2574 872 2865 943 λελάληκεν
2891 875 2919 925 6
2943 872 3102 934 Θεός·
3134 872 3318 925 τοῦτον
3339 871 3394 924 δὲ
3423 872 3527 924 οὐκ
3555 872 3696 925 οῖδα-

2115 985 2233 1038 μεν,
2281 968 2443 1021 πόθεν
2476 966 2612 1020 ἐστί.
2687 968 2758 1020 Σὺ
2799 963 2849 1020 εἶ
2899 966 3144 1038 μαθητής
3191 968 3423 1020 ἐκείνου.
3472 987 3492 1019 ι
3556 967 3694 1020 Ὀδὲ

2113 1056 2440 1125 ἀναϐλέψας,
2481 1057 2890 1127 ὑπομειδιάσας,
2927 1056 3259 1126 ἀπεκρίνατο
3283 1056 3488 1125 λέγων·
3555 1055 3695 1124 Ἐγώ

2112 1149 2226 1218 εἰμι
2257 1148 2501 1220 μαθητὴς
2528 1148 2772 1213 ὲκείνου;
2808 1146 2987 1210 καλῶς
3031 1145 3245 1210 ὲλέξατε
3283 1146 3696 1217 λοιδορήσαντές

2115 1257 2202 1310 με.
2245 1242 2307 1292 Ὢ
2352 1240 2560 1311 ὕϐρεως
2589 1240 2834 1306 ὲνδόξουί
2880 1237 3197 1304 Ἐδοξάσατέ
3238 1255 3306 1308 με
3343 1237 3566 1306 μᾶλλον,
3603 1237 3698 1290 καὶ

2112 1333 2211 1385 οὐκ
2237 1333 2434 1385 οἴδατε.
2468 1331 2573 1384 Τοῦ
2601 1332 2841 1394 Μωσέως
2879 1331 3000 1383 ὲστὲ
3050 1329 3323 1399 μαθηταί;
3355 1328 3468 1382 Καὶ
3514 1328 3569 1380 τί
3608 1328 3698 1380 δυ-

2114 1423 2330 1492 νάμεως
2365 1422 2718 1486 ἀπεδείξασθε
2757 1423 2951 1494 ἓργον;
2985 1422 3176 1492 Ὑμεῖς
3203 1420 3301 1491 μὲν
3328 1419 3422 1474 τοῦ
3450 1418 3697 1480 Μωσέως

2114 1515 2239 1567 ἐστὲ
2275 1515 2542 1585 μαθηταί·
2577 1516 2626 1568 οἱ
2660 1514 2726 1567 δὲ.
2747 1513 3034 1567 ἀπόστολοι
3063 1513 3156 1566 τοῦ
3181 1512 3314 1583 ἐμοῦ
3353 1511 3541 1582 ἰατροῦ
3591 1513 3696 1563 εἰσι

2117 1608 2375 1678 μαθηταί.
2406 1606 2738 1672 Ἐπιδείξατε
2759 1605 2852 1658 καὶ
2880 1606 3034 1674 ὑμεῖς
3057 1605 3104 1656 οἱ
3130 1604 3224 1656 τοῦ
3245 1603 3492 1665 Μωσέως
3526 1602 3699 1671 μαθη-

2113 1699 2203 1752 ταί
2230 1699 2282 1752 τί
2313 1715 2442 1750 ποτε
2477 1697 2629 1752 κατὰ.
2653 1696 2761 1750 τῶν
2794 1693 3049 1767 μαθητῶν
3074 1693 3166 1747 τοῦ
3211 1695 3345 1764 ἐμοῦ
3384 1693 3594 1764 ἰατροῦ.
3638 1694 3702 1744 Et

2111 1791 2163 1843 τί
2197 1807 2327 1842 ποτε
2353 1790 2634 1860 δυνάμεως
2665 1789 2836 1860 ἔχετε,
2868 1788 2927 1840 οὐ
2956 1787 3095 1856 λέγω
3119 1787 3366 1858 νεκροὺς,
3391 1786 3522 1849 τοὺς
3562 1785 3695 1838 καθ-

2111 1879 2362 1942 εύδοντας
2400 1878 2736 1941 διυπνίσατε,
2800 1877 2875 1940 ὡς
2912 1874 3434 1939 οίάπόστολοι-τοὺς
3468 1873 3699 1928 τεθνεῶ-

2112 1989 2230 2034 τας.
2273 1972 2335 2023 Εἰ
2364 1969 2592 2024 δύνασθε
2629 1971 2741 2032 τοῖς
2775 1968 3092 2031 ἀποστόλοις
3119 1967 3448 2032 ἐξισοῦσθαι,
3470 1969 3530 2020 οὑ
3559 1969 3700 2036 λέγω

2113 2065 2206 2115 ἐπὶ
2241 2062 2462 2126 ὓδατος,
2509 2062 2600 2114 ἐπὶ
2627 2063 2736 2131 γῆς.
2759 2061 3030 2131 βαδίσατε,
3065 2061 3140 2124 ὡς
3169 2062 3197 2114 6
3233 2059 3442 2132 Πέτρος
3482 2063 3579 2114 ἐπὶ
3604 2061 3699 2114 θα-

2113 2150 2338 2219 λάσσης.
2363 2151 2430 2202 Εί
2459 2167 2511 2201 τι
2544 2149 2826 2218 δυνάμεως
2855 2149 3035 2219 ἔχετε,
3051 2151 3162 2212 τοῖς
3191 2149 3510 2213 ἀποστόλοις
3542 2151 3700 2220 ἁμιλ-

2113 2241 2298 2303 λᾶσθε,
2325 2242 2384 2293 ού
2423 2240 2906 2312 λέγωςπνεύματα,
2929 2242 2997 2294 τὰ
3029 2241 3192 2312 ὄρνεα
3229 2242 3517 2312 σοϐήσατε,
3552 2243 3629 2305 ὡς
3651 2245 3699 2295 οι

2113 2329 2559 2392 ἀπόστολοιτοὺς
2597 2329 2875 2400 δαίμονας.
2917 2332 3119 2385 Εἴπατέ
3161 2349 3276 2402 μοι’
3316 2332 3423 2384 Τοῦ
3455 2333 3700 2396 Μωσέως

2117 2422 2238 2475 ὲστὲ
2276 2421 2546 2491 μαθηταί;
2588 2421 2654 2473 El.
2679 2421 2922 2484 Μωσέως
2965 2423 3087 2475 ἐστὲ
3126 2422 3396 2494 μαθηταὶ,
3437 2425 3700 2495 ἐπειθαρ-

2116 2516 2259 2582 χεῖτε
2287 2512 2352 2565 ἂν
2376 2511 2453 2581 τῷ
2479 2511 2651 2580 Μωσῇ
2683 2509 2893 2578 λέγοντι
2922 2510 3050 2580 περὶ
3091 2510 3254 2563 αὐτοῦ
3279 2528 3290 2540 ·
3335 2529 3354 2561 ‹
3403 2511 3528 2565 Ὀτι
3565 2529 3699 2582 προ-

2117 2605 2294 2675 φήτην
2323 2604 2451 2672 ὑμῖν
2476 2602 2770 2671 ἀναστήσει
2806 2600 3008 2672 Κύριος
3034 2603 3062 2655 6
3082 2602 3212 2664 Θεὸς
3233 2604 3296 2654 ἐκ
3321 2601 3430 2654 τῶν
3457 2601 3700 2672 ἀδελφῶν

2119 2694 2292 2764 ὑμῶν,
2331 2693 2405 2756 ὡς
2429 2694 2549 2763 ὲμέ.
2579 2690 2755 2744 Αὐτοῦ
2783 2691 3080 2746 ἀκούσεσθε
3108 2691 3249 2746 κατά
3278 2692 3483 2756 πάντα,
3512 2693 3615 2745 ὅσα
3637 2693 3699 2746 ἄν

2117 2785 2322 2855 λαλήσῃ
2347 2784 2480 2855 πρὸς
2502 2784 2667 2854 ὑμᾶς.
2704 2784 2895 2835 Ἔσται
2919 2782 2998 2845 δὲ,
3027 2784 3176 2836 πᾶσα
3205 2782 3350 2853 ψυχὴ
3372 2785 3494 2854 ἥτις
3528 2783 3595 2836 ἂν
3629 2783 3700 2853 μή

2119 2877 2327 2949 ἀκούσῃ
2371 2876 2465 2929 τοῦ
2509 2876 2790 2946 προφήτου
2826 2874 3056 2940 ἐκείνου,
3107 2874 3642 2947 ἐξολοθρευθήσεται.
3677 2896 3695 2925 ι

2121 2969 2357 3021 Βλέπετε
2396 2967 2470 3038 μὴ
2493 2965 3030 3037 ὲξολοθρευθήσεσθε,
3060 2967 3153 3020 καὶ
3182 2969 3261 3030 είς
3282 2968 3460 3020 πάντα
3481 2968 3551 3020 τά
3574 2968 3697 3038 ἔθνη

2120 3056 2582 3128 διασπαρήσεσθε,
2611 3055 2686 3120 ὡς
2723 3056 2818 3109 τοῦ
2851 3057 3318 3128 προφητευθέντος
3338 3057 3438 3128 τὴν
3474 3057 3701 3128 δύναμιν

2124 3153 2198 3223 μὴ
2242 3149 2618 3222 γνωρίζοντες.
2666 3152 2781 3204 Οὐκ
2823 3149 2998 3202 οἴδατε
3038 3151 3122 3213 τίς
3161 3152 3307 3202 ἐστιν
3351 3153 3381 3203 6
3419 3151 3526 3202 τῶν
3555 3150 3702 3220 ἐμῶν

2121 3243 2412 3314 ὀφθαλμῶν
2434 3243 2788 3313 περιοδευτής
2808 3259 2822 3307 ;
2843 3243 2956 3295 Οὐκ
2981 3242 3177 3304 οἴδατε,
3220 3241 3407 3312 ἐπειδὴ
3441 3242 3581 3312 πρὸς
3613 3241 3702 3310 φό-

2122 3352 2210 3389 νον
2239 3334 2398 3388 αὑτὸν
2436 3332 2667 3402 ζητεῖτε.
2695 3332 2886 3386 Οἴδατε
2918 3331 2974 3385 δὲ
3001 3333 3093 3385 καὶ
3115 3331 3196 3395 τίς
3226 3334 3373 3394 ἐστι,
3408 3332 3505 3383 καὶ
3545 3332 3703 3383 πόθεν

2121 3427 2289 3480 ἐστίν.
2327 3426 2456 3477 Ὅτε
2496 3423 2604 3495 γὰρ
2651 3423 2802 3492 παρά
2863 3421 3102 3494 Ἡρώδου
3155 3421 3475 3492 ήρωτᾶσθε,
3527 3421 3634 3475 ποῦ
3677 3422 3706 3472 6

2123 3515 2356 3587 Χριστὸς
2386 3515 2662 3582 γεννᾶται,
2693 3511 2996 3576 εύθυϐόλως
3031 3511 3125 3564 καὶ¹
3163 3512 3253 3564 τὸν
3284 3511 3450 3566 τόπον
3483 3512 3580 3564 καὶ
3620 3511 3705 3564 τὸν

2123 3605 2320 3676 τρόπον
2353 3603 2712 3675 ἀνηγγείλατε
2740 3603 3010 3672 λέγοντες,
3039 3602 3122 3656 ὅτι
3151 3605 3208 3655 ἐν
3237 3601 3487 3674 Βηθλεὲμ
3508 3605 3703 3670 γεννᾶ-

2123 3715 2233 3752 ται.
2265 3701 2392 3752 Ὅτε
2426 3701 2560 3770 πρὸς
2596 3695 2941 3767 φονοκτονίαν
2971 3697 3328 3766 έπιζητεῖται,
3371 3695 3701 3766 γνωρίζετε·

2125 3791 2210 3842 ὅτε
2243 3789 2299 3842 δὲ
2335 3788 2472 3860 πρὸς
2520 3786 2958 3860 θαυματουργίαν
3000 3786 3363 3851 ἐνδείκνυται,
3409 3785 3472 3837 οὐ
3506 3787 3704 3856 γνωρί-

2127 3881 2268 3945 ζετε.

2198 3975 2288 4028 15.
2325 3974 2480 4026 Ἔστι
2509 3971 2566 4025 δὲ
2607 3970 2823 4033 πάντως
2863 3969 3038 4022 εἰπεῖν
3069 3985 3210 4032 τινα,
3225 3967 3336 4021 Καὶ
3380 3967 3546 4020 πόθεν
3580 3970 3706 4038 ήμῖν

2127 4067 2160 4134 ή
2198 4063 2421 4132 γνῶσις,
2448 4062 2532 4116 ὅτι
2564 4063 2592 4114 6
2623 4059 2928 4129 ἀναϐλέψας
2959 4059 3155 4127 τυφλὸς
3198 4056 3471 4128 τοσαύτην
3502 4057 3706 4110 δικαιο-

2133 4157 2320 4225 λογίαν
2347 4150 2459 4226 εῐχε
2509 4152 2841 4226 ποιήσασθαι
2871 4151 3004 4223 πρὸς
3031 4151 3158 4215 τοὺς
3191 4152 3560 4220 Φαρισαῖκοὺς
3593 4169 3710 4222 κριο

2129 4247 2261 4312 τάς;
2289 4247 2353 4298 Τί
2386 4245 2583 4314 λέγεις.
2616 4240 2660 4297 ὦ
2688 4243 2842 4313 φίλε;
2890 4242 3104 4312 σίδηρος
3138 4241 3270 4312 πυρὶ
3301 4241 3710 4312 προσομιλήσας

2129 4340 2266 4403 ὅλως
2307 4337 2700 4409 πυρακτοῦται,
2735 4336 2830 4388 καὶ
2874 4332 3170 4405 στομωθεὶς
3209 4332 3444 4396 ὀξύτατα
3483 4333 3708 4401 τέμνειο

2135 4432 2230 4484 καὶ
2263 4422 2416 4492 οὗτος
2448 4428 2554 4482 τῶν
2581 4425 2924 4480 Δεσποτικῶν
2952 4424 3150 4496 χειρῶν
3177 4423 3428 4488 ἀξιωθεὶς
3447 4462 3463 4486 ,
3497 4424 3596 4476 καὶ
3623 4422 3712 4475 τοῦ

2136 4520 2316 4575 θεῖκοῦ
2363 4519 2776 4591 ὲμπτύσματος,
2833 4518 2934 4570 οὐκ
2983 4512 3126 4586 εἶχεν
3167 4514 3530 4583 ἀσυλλόγιστα
3576 4514 3714 4566 κατά

2131 4612 2240 4665 τῶν
2303 4611 2633 4682 παρανόμων
2697 4610 2942 4681 ρητόρων
3002 4606 3381 4675 comest-niam;
3449 4606 3525 4658 υύ
3590 4607 3714 4675 περὶ

2133 4705 2319 4759 τούτου
2349 4704 2572 4759 καὶτῶν
2596 4703 2850 4755 τοιούτων
2871 4700 3053 4768 ἔλεγεν
3079 4701 3112 4769 ἡ
3143 4698 3261 4750 θεία
3293 4699 3484 4769 Γραφή
3511 4715 3525 4728 ο
3559 4719 3576 4748 ι
3608 4698 3712 4749 Κύ-

2135 4813 2250 4866 ριος
2283 4795 2450 4864 σοφοῖ.
2471 4791 2737 4861 τυφλούς;
2779 4811 2798 4842 ι
2833 4788 3101 4858 Εῦκαιρον
3131 4789 3223 4841 καὶ
3256 4787 3444 4840 τοῦτον
3485 4788 3579 4840 τὸν
3614 4805 3710 4839 πα-

2137 4884 2369 4956 ραδόξως
2409 4881 2806 4950 ἀναϐλέψαντα,
2857 4877 3058 4947 καὶτῷ
3105 4877 3295 4947 Κυρίῳ
3332 4877 3576 4947 γνησίως
3629 4895 3712 4930 7::-

2137 4975 2460 5038 στεύσαντα,
2485 4975 2579 5028 καὶ
2614 4973 2754 5026 κατά
2787 4971 3054 5026 Ἰουδαίων
3095 4968 3368 5042 κραταιῶς
3404 4968 3712 5037 ὲνισχύσαν-

2133 5067 2482 5136 τα,,λογικὺν,
2518 5063 2789 5127 εὐπειθὲς,
2814 5061 3220 5130 πολυγάλακτον
3249 5059 3518 5129 πρόϐατον
3552 5073 3713 5128 προτ-

2135 5161 2330 5212 ειπεῐν.
2407 5156 2652 5224 Ἑπέγνω
2713 5154 2822 5225 γὰρ
2877 5153 2969 5206 τὸν
3027 5149 3396 5220 ἀρχιποιμένα
3446 5148 3711 5219 Χριστὸν.

2135 5251 2454 5320 ἀπεπήδησε
2497 5248 2627 5310 τοὺς
2680 5246 3046 5317 Φαρισαῖκους
3096 5243 3325 5304 λύκουςο
3364 5241 3585 5311 εἰσῆλθε
3631 5240 3711 5291 διὰ

2143 5343 2240 5412 τῆς
2274 5339 2569 5411 σταυρικῆς
2615 5337 2785 5408 θύρας
2830 5337 2909 5398 εἰς
2947 5337 3046 5405 τὴν
3085 5331 3546 5404 ὲκκλησιαστικὴν
3585 5331 3711 5401 μάν-

2145 5432 2296 5503 δραν.
2324 5432 2556 5492 Ἥκουες
2582 5429 2782 5498 ἀρτίως
2806 5426 2899 5479 τοῦ
2923 5426 3128 5496 Κυρίου
3155 5425 3403 5492 λέγοντος
3423 5441 3435 5452 ·
3467 5442 3484 5473 ι
3530 5423 3714 5491 Ἀμὴν,

2145 5525 2292 5596 ἀμὴν
2324 5524 2465 5592 λέγω
2493 5524 2640 5593 ὑμῖν,
2667 5523 2696 5575 6
2741 5519 2817 5591 μὴ
2858 5518 3234 5590 εἰσερχόμενος
3282 5517 3370 5570 διά
3409 5516 3508 5585 τῆς
3557 5511 3714 5580 θύρας

541 5707 586 5740 ⁸⁸
624 5705 779 5761 Joan.
810 5725 886 5773 ix,
921 5708 1024 5774 28,
1061 5708 1151 5762 29.
1229 5709 1272 5738 ⁸⁸
1313 5707 1466 5763 Deut.
1505 5724 1657 5773 xviii,
1687 5707 1773 5771 15,
1808 5705 1902 5775 l9;
1938 5707 2019 5762 Act

2123 5723 2148 5762 Il
2173 5747 2188 5774 ,
2222 5707 2325 5773 τε,
2360 5707 2448 5760 ‘23.
2527 5705 2569 5737 ⁸⁷
2603 5703 2746 5760 Psal.
2779 5719 2940 5768 chv,
2974 5703 3026 5758 8.
