3870 6208
242 308 382 366 1021

1229 307 1508 363 ΗΟΜΙΙΛᾹ
1551 307 1616 361 lN
1655 305 1918 362 CxECUM
1958 306 2002 358 A
2043 304 2486 360 NATIVITATE.

3341 314 3362 368 l
3375 314 3482 368 022

239 425 326 487 είς
351 423 452 493 τὴν
485 422 654 492 αὐλὴν
690 421 798 474 τῶν
830 421 1136 492 προϐάτων,
1160 423 1295 476 ἀλλὰ
1327 421 1630 476 ἀναϐαίνων
1654 421 1809 474 ἀλλα-

1921 421 2015 474 sed
2067 420 2308 474 ascendit
2363 419 2605 482 aiiunile.
2663 420 2753 475 ille
2801 420 2888 474 fur
2937 429 3022 476 est
3075 429 3128 477 et
3172 423 3312 476 latro
3347 424 3416 476 ⁸⁸.
3458 443 3478 476 ι

240 512 436 584 κόθεν,
462 512 700 582 κλέπτης
738 514 854 566 ἐστὶ
900 514 993 565 καὶ
1031 513 1248 584 λῃστής.
1291 534 1308 564 ι
1354 513 1534 584 Θύραν
1559 514 1588 564 ό
1617 514 1818 582 Κύριος

240 603 438 658 ἑαυτὸν
467 603 868 674 προσηγόρευσε
889 619 900 630 ·
934 604 1027 656 καὶ
1055 603 1164 674 γὰρ
1187 604 1330 665 ὅπως
1357 605 1428 673 μή
1453 619 1618 664 τινες,
1649 601 1818 673 θύραν

243 695 581 758 ἀκούσαντες
598 735 612 756 ,
637 694 876 760 δόξουσιν
901 695 1086 758 ἁπλῶς
1114 696 1275 747 αὑτὸν
1309 695 1435 764 περὶ
1469 694 1638 765 θύρας
1664 693 1818 761 λιτῆς

241 787 444 855 λέγειν,
473 786 666 853 ἐπάγει
702 785 800 857 τὴν
839 787 1154 857 ἑρμηνείαν,
1195 787 1283 838 ἵνα
1327 786 1570 857 κρατύνῃ
1603 785 1700 856 τὴν
1744 785 1820 838 δι·

241 879 567 933 δασκαλίαν’
619 879 820 942 εὐθέως
857 880 966 952 γὰρ
1024 880 1278 950 προσθεὶς
1319 879 1528 947 ἔλεγεν⁸
1569 897 1588 928 ι
1624 877 1816 946 Ἀμὴν,

243 970 396 1041 ἀμὴν
418 971 564 1039 λέγω
603 972 761 1042 ὑμῖν·
811 970 949 1038 Ἐγώ
980 973 1094 1040 εἰμι
1122 973 1153 1041 ἡ
1181 970 1319 1042 θύρα
1352 970 1460 1022 τῶν
1490 969 1776 1040 προϐάτων
1801 983 1816 998 ο

241 1063 312 1115 δι’
339 1062 472 1132 ἐμοῦ
506 1062 600 1115 ὲάν
627 1080 708 1125 τις
737 1062 950 1134 εἰσέλθῃ
1002 1064 1094 1116 καὶ
1115 1061 1320 1133 ἐξέλθῃ,
1341 1061 1507 1131 νομὴν
1540 1061 1814 1131 εὑρήσει.»

242 1153 444 1217 Καλῶς
472 1156 500 1207 6
534 1153 736 1224 Κύριος
780 1153 948 1224 θύραν
989 1154 1180 1210 ἑαυτὸν
1228 1156 1687 1226 προσηγόρευσεν,
1745 1154 1820 1218 ὡς

242 1243 535 1312 φυλάττων
578 1246 704 1307 τοὺς
753 1244 897 1302 ἔνδον
939 1247 1038 1317 τῆς
1081 1246 1348 1309 πίστεως,
1394 1245 1469 1309 ὡς
1534 1247 1819 1302 ἀποσοϐῶν

239 1337 373 1398 τοὺς
405 1335 509 1400 ἔξω
542 1335 1000 1407 περιαθροῦντας,
1050 1339 1141 1390 καὶ
1187 1339 1422 1406 εἰσάγων
1472 1341 1552 1402 είς
1595 1339 1693 1406 τὴν
1728 1338 1820 1392 τοῦ

239 1424 623 1476 οἰκοδεσπότου
659 1425 863 1496 πατρὸς
896 1428 1197 1496 συντυχίαν.
1225 1427 1411 1490 Οὐδεὶς
1433 1427 1542 1498 γὰρ
1565 1428 1820 1496 γινώσκει

239 1513 335 1564 τὸν
370 1514 588 1583 Πατέρα
622 1516 669 1565 εἰ
700 1515 773 1584 μὴ
819 1513 905 1566 διὰ
937 1515 1029 1566 τοῦ
1059 1514 1210 1578 Υίοῦ,
1255 1517 1375 1568 κατ’
1413 1516 1572 1568 αὑτὸν
1610 1516 1702 1568 τὸν
1735 1516 1821 1568 λέ-

239 1621 411 1672 γοντα
430 1622 441 1632 ’
476 1623 494 1654 ι
537 1605 722 1666 Οὐδεὶς
747 1605 1001 1673 γινώσκει
1041 1606 1130 1658 τὸν
1159 1606 1378 1678 Πατέρα
1418 1609 1466 1659 εί
1494 1606 1568 1678 μὴ
1599 1609 1626 1660 6
1659 1607 1818 1670 Υἱὸς,

240 1696 341 1748 καὶ
383 1689 428 1763 ᾧ
462 1696 555 1748 ἐὰν
588 1696 840 1766 βούληται
869 1700 896 1750 6
924 1697 1049 1760 Υἱὸς
1074 1697 1437 1766 ἀποκαλύψαι.
1474 1717 1492 1749 ι
1533 1697 1673 1763 Ἐγὼ
1705 1701 1820 1768 εἰμι

239 1791 275 1858 ή
300 1788 444 1858 θύρα
473 1788 580 1841 τῶν
608 1789 909 1859 προϐάτων.
939 1789 1133 1852 Καλῶς
1155 1791 1182 1842 6
1207 1790 1408 1861 Κύριος
1439 1791 1627 1844 ἑαυτὸν
1651 1809 1818 1861 προσ-

241 1883 544 1952 ηγόρευειέ.⁸
573 1883 778 1953 θύραν,
824 1884 919 1935 καὶ
967 1885 1028 1936 o6
1074 1883 1275 1954 θύρας
1334 1879 1415 1948 εἷς
1466 1885 1576 1956 γὰρ
1623 1888 1651 1938 6
1701 1888 1815 1939 Πα-

237 1975 346 2046 τὴρ
380 1973 514 2042 (87),
570 1974 663 2027 καὶ
697 1969 776 2038 εἷς
809 1975 1006 2038 δ’Υίὸς,
1050 1976 1141 2028 καὶ
1168 1975 1225 2027 ἒν
1257 1975 1482 2045 Πνεῦμα
1524 1975 1592 2028 τὺ’
1631 1976 1812 2043 ἆγιον,

237 2065 337 2116 καὶ
371 2065 444 2116 06‘
470 2066 616 2136 τρεῖς
655 2063 802 2117 θεοί·
831 2064 966 2118 ἀλλὰ
997 2065 1092 2135 μία
1128 2065 1265 2136 θύρα
1286 2065 1557 2134 γνώσεως.
1597 2067 1707 2119 Καὶ
1731 2067 1816 2130 τίς

235 2154 434 2208 τούτου
488 2154 728 2224 μάρτυς;
777 2155 987 2218 Παῦλος
1028 2155 1196 2225 βοῶν’
1253 2175 1272 2207 ‹
1314 2151 1408 2218 Εἷς
1447 2156 1668 2228 Κύριος,
1719 2157 1816 2228 μία

237 2248 457 2310 πίστις,
492 2246 549 2303 ἓν
586 2247 921 2316 βάπτισμα.)
961 2247 1239 2318 Ούδαμοῦ,
1277 2249 1335 2301 o6
1367 2247 1494 2311 660,
1528 2249 1589 2300 οὐ
1632 2252 1814 2322 τρεῖς,

236 2339 312 2392 06‘
333 2338 616 2409 τέσσαρες,
645 2339 705 2390 o6
741 2339 922 2400 πέντε,
949 2339 1081 2391 ἀλλὰ
1108 2339 1380 2410 πανταχοῦ
1414 2339 1473 2392 τὸ
1494 2339 1604 2406 εἷς.
1627 2341 1813 2412 ἐπειδὴ

237 2432 336 2483 καὶ
379 2431 473 2499 μία
525 2430 684 2502 θύρα.
721 2426 800 2494 εἷς
847 2430 1077 2502 Κύριος,
1125 2432 1428 2502 ἀδιαίρετος
1465 2433 1655 2485 οὐσία·
1717 2434 1814 2504 μία

235 2519 446 2582 πίστις,
477 2523 510 2589 ἡ
546 2520 900 2589 ἁϐαθμίδοτος
931 2520 1206 2588 δοξολογία
1221 2522 1361 2593 (88),
1412 2521 1470 2574 ἓν
1512 2523 1811 2594 βάπτισμα,

237 2611 739 2681 καὶ-άκαπήλευτον
778 2611 1030 2680 φώτισμα
1050 2614 1119 2665 °~6
1145 2612 1346 2683 ταύτην
1383 2613 1520 2684 ἔχων
1548 2615 1645 2684 τὴν
1676 2615 1816 2683 γνῶ-

239 2721 327 2756 σιν
367 2703 458 2756 διὰ
507 2703 607 2772 τῆς
663 2702 832 2773 θύρας
863 2703 1198 2774 εἰσέρχεται,
1247 2705 1340 2757 καὶ
1374 2709 1438 2775 τῇ
1489 2704 1627 2778 θύρᾳ
1679 2707 1815 2776 Χρι-

238 2791 369 2844 στοῦ
404 2791 517 2862 (89)
550 2793 1008 2863 περιπτύσσεται,
1057 2794 1278 2864 καὶτῆς
1327 2793 1493 2871 θύρας
1535 2795 1596 2847 06
1650 2797 1825 2868 χωρίτ⁴

237 2899 415 2938 gerat.

248 2937 260 2946 I
312 2973 401 3028 14.
445 2974 619 3044 Ἠμάς
667 2977 696 3027 6
729 2975 931 3045 Κύριος
971 2975 1172 3046 ἀρτίως
1203 2975 1309 3029 ἴδια
1336 2977 1581 3048 πρόϐατα
1614 2977 1812 3032 ἀκολα-

1919 507 2130 564 Ostium
2165 525 2286 564 sese
2316 508 2579 564 Dominus
2612 510 2886 578 appellat;
2917 513 3118 566 etenim
3153 528 3220 567 ne
3249 514 3484 568 fortasse

1919 600 2162 669 quidam,
2215 600 2417 654 ostium
2467 599 2770 668 audientes,
2819 603 3218 658 arbitrarentur
3255 620 3381 658 eum
3418 604 3486 660 de

1919 684 2195 745 communi
2244 689 2479 760 quodam
2531 693 2674 748 ostio
2726 692 2890 746 verba
2952 692 3152 758 facere,
3218 695 3485 764 interpre-

1921 783 2180 838 tationem
2221 783 2520 854 subjungit,
2575 791 2633 836 ut
2681 783 2988 838 doctrinam
3044 784 3222 839 ﬁrmet
3269 800 3423 840 suam
3468 803 3480 838 :

1921 873 2180 928 continuo
2237 874 2382 927 enim
2448 873 2634 941 adjicit
2689 889 2702 924 :
2770 891 2789 924 ι
2847 875 3064 937 Amen,
3135 888 3293 929 amen
3361 875 3485 928 dico

1919 965 2075 1020 vobis
2117 983 2130 1018 :
2175 964 2284 1035 Ego
2322 980 2444 1018 sum
2483 965 2683 1018 ostium
2739 949 2923 1019 o'vium
2966 983 2979 1018 :
3019 980 3115 1035 per
3152 980 3239 1019 me
3277 965 3324 1018 si
3362 967 3485 1033 quis

1919 1057 2273 1126 ingredietur,
2297 1066 2350 1110 et
2370 1057 2696 1126 egredietur,
2729 1071 2931 1126 pascua
2961 1057 3198 1112 inveniet
3223 1057 3289 1110 ⁸³.
3323 1077 3341 1108 ι
3367 1055 3489 1110 Pul-

1921 1149 2051 1203 chre
2086 1147 2353 1202 Dominus
2379 1149 2580 1201 ostium
2613 1163 2734 1202 sese
2764 1149 2994 1212 vocavit,
3038 1157 3225 1219 utpote
3257 1149 3349 1218 qui
3388 1164 3486 1202 cu-

1921 1239 2122 1293 stodiat
2173 1253 2268 1293 eos
2304 1238 2396 1308 qui
2448 1239 2594 1293 intus
2634 1240 2688 1293 in
2737 1239 2841 1293 lide
2869 1247 2996 1293 sunt
3031 1255 3044 1294 :
3075 1239 3168 1308 qui
3211 1246 3266 1294 et
3303 1239 3484 1308 abigat

1919 1329 2080 1400 373
2120 1345 2215 1385 eos
2259 1329 2352 1398 qui
2398 1328 2530 1383 foris
2564 1330 3014 1400 circumspiciunt
3065 1349 3076 1384 :
3117 1330 3210 1399 qui
3261 1331 3484 1383 inducat

1922 1421 1989 1472 ad
2027 1419 2435 1489 patrisfamilias
2472 1421 2832 1475 consortium.
2859 1419 3028 1475 Nemo
3046 1423 3257 1490 quippe
3275 1435 3483 1490 cogno—

1923 1513 2026 1566 scit
2077 1511 2313 1574 Patrem,
2362 1511 2468 1565 nisi
2522 1528 2617 1582 per
2663 1511 2882 1577 Filium,
2934 1515 3076 1568 sicut
3119 1515 3234 1584 ipse
3291 1513 3424 1566 dicit
3468 1532 3480 1566 :

1928 1621 1946 1655 ι
1993 1602 2159 1659 Nemo
2198 1603 2349 1656 norit
2385 1601 2599 1660 Patrem
2641 1605 2746 1660 nisi
2789 1603 2980 1667 Filius,
3026 1612 3079 1659 et
3123 1604 3212 1658 cui
3255 1604 3486 1658 voluerit

1922 1693 2093 1750 Filius
2126 1695 2362 1750 revelare
2390 1695 2458 1747 ’°.
2485 1714 2502 1746 ι
2550 1696 2660 1764 Ego
2693 1711 2813 1750 sum
2840 1697 3040 1750 ostium
3068 1696 3272 1749 ovium.
3312 1693 3486 1749 Probe

1848 1777 1890 1830 Β
1919 1799 2040 1839 sese
2077 1783 2338 1838 Dominus
2377 1783 2576 1838 ostium
2599 1784 2854 1852 appellat,
2887 1791 2940 1838 et
2971 1798 3077 1837 non
3105 1785 3244 1836 ostia
3283 1801 3298 1837 :
3338 1799 3482 1838 unus

1916 1875 2060 1929 enim
2090 1872 2270 1939 Pater,
2309 1890 2450 1929 unus
2476 1873 2665 1936 Filius,
2691 1891 2832 1929 unus
2863 1873 3100 1945 Spiritus
3137 1884 3360 1930 sanctus
3392 1894 3404 1929 :
3430 1882 3484 1928 et

1916 1982 2026 2020 non
2095 1975 2206 2020 tres
2273 1966 2397 2030 dii;
2462 1967 2558 2021 sed
2625 1982 2795 2020 unum
2846 1966 3193 2036 cognitionis
3255 1967 3479 2020 ostium.

1916 2050 2530 2134 Ecquisnam'hujusce
2586 2059 2664 2112 rei
2721 2059 2930 2112 testis?
2971 2056 3174 2112 Paulus
3230 2059 3324 2128 qui
3377 2059 3485 2112 cla-

1916 2156 2028 2202 mat
2068 2166 2082 2204 :
2128 2167 2147 2201 ‹
2193 2149 2348 2204 Unus
2397 2149 2680 2214 Dominus,
2735 2165 2841 2204 una
2893 2149 3047 2215 ﬁdes,
3089 2167 3257 2205 unum
3305 2151 3482 2223 bapti-

1917 2255 2034 2294 sma
2067 2241 2135 2296 ".
2186 2261 2204 2293 ›
2243 2240 2522 2311 Nusquam
2562 2241 2692 2306 duo,
2733 2258 2843 2296 non
2897 2250 3028 2308 tres,
3069 2257 3178 2296 non
3223 2250 3479 2312 quatuor,

1917 2347 2026 2386 non
2079 2333 2366 2402 quinque;
2418 2333 2515 2388 sed
2565 2332 2985 2402 ubiqueunus,
3036 2333 3478 2404 quandoquidem

1917 2437 2082 2476 unum
2120 2423 2323 2478 ostium
2359 2442 2374 2490 ;
2427 2439 2568 2477 unus
2622 2424 2900 2488 Dominus,
2952 2425 3186 2481 indivisa
3225 2428 3481 2482 substan-

1915 2513 1988 2565 tia
2023 2532 2036 2566 :
2070 2529 2176 2567 una
2208 2514 2361 2579 ﬁdes,
2403 2515 2574 2584 gloria
2617 2516 2824 2570 scilicet
2865 2518 3028 2572 nullis
3068 2518 3326 2573 distincta
3357 2535 3482 2589 gra-

1914 2605 2077 2660 dibus
2133 2623 2146 2659 :
2199 2620 2366 2659 unum
2426 2606 2736 2676 baptisma,
2805 2623 2867 2661 ac
2924 2624 3085 2677 pura-
3127 2610 3475 2665 illuminatio.

1915 2695 2019 2761 Qui
2069 2697 2168 2750 hac
2232 2699 2533 2752 instructus
2593 2707 2678 2752 est
2724 2700 3060 2770 cognitione,
3121 2716 3218 2770 per
3274 2703 3477 2756 ostium

1915 2789 2236 2858 ingreditur,
2271 2803 2334 2842 ac
2373 2789 2536 2853 ostio,
2577 2789 2796 2846 Christo
2834 2791 3476 2864 scilicet,cireumdaiut,

1913 2891 2087 2945 neque
2122 2877 2191 2931 ab
2221 2879 2365 2932 ostio
2394 2888 2698 2950 separatur.

1910 3023 1918 3032 ,
1986 2970 2074 3024 14.
2116 2968 2226 3025 Nos
2267 2972 2428 3026 modo
2469 2973 2722 3028 Christus
2765 2974 2900 3029 citra
2946 2975 3309 3031 adulationem
3351 2994 3478 3048 pro-

237 3065 450 3130 κεύτως
499 3066 938 3145 προσηγόρευσεν
960 3087 971 3096 ·
1009 3066 1115 3126 ἴδια
1175 3068 1442 3138 πρόϐατα,
1473 3069 1548 3130 ὡς
1579 3069 1809 3122 πολυπο-

1917 3061 2065 3131 prias
2111 3063 2324 3116 vocavit
2374 3079 2541 3118 oves:
2597 3065 2845 3135 pr0prias
2886 3082 3048 3129 oves,
3105 3075 3292 3137 utpote
3339 3070 3481 3123 laui-

237 3154 440 3209 κοῦντα
471 3157 538 3226 τῇ
571 3154 935 3227 φιλοπτωχίᾳῠ·
970 3157 1044 3220 ὡς
1079 3157 1437 3220 πλεονάζοντα
1455 3159 1529 3216 ,τὸ
1549 3160 1687 3232 γάλα
1719 3159 1811 3214 τοῦ

235 3245 533 3315 θρεπτικοῦ
559 3244 716 3312 λόγου
749 3245 890 3314 (90)·
925 3245 1001 3309 ὡς
1039 3246 1372 3318 χλοαζόμενα
1403 3247 1464 3301 τὺ
1492 3249 1584 3301 τοῦ
1608 3250 1812 3320 Κυρίου

235 3337 456 3405 σῶμαν
489 3336 565 3398 ὡς
617 3336 968 3408 πειθομένους
993 3340 1056 3406 τῇ
1095 3341 1356 3410 σταυρικῇ
1391 3339 1660 3411 βακτηρίᾳ
1683 3359 1697 3370 ο
1737 3342 1810 3405 ὡς

235 3424 638 3495 συναγομένους
683 3429 748 3497 τῇ
781 3426 1058 3497 τριπλόκῳ
1087 3429 1186 3498 τῆς
1223 3430 1456 3493 πίστεως
1491 3429 1707 3483 ἁλύσει·
1737 3431 1812 3494 ὡς

235 3513 316 3584 μὴ
369 3514 874 3578 λειποτακτοῦντας,
903 3516 1016 3568 ἀλλ’
1053 3518 1494 3590 ὲπερειδομένους
1539 3521 1617 3590 τῷ
1649 3521 1812 3592 ἀκρο-

230 3605 478 3676 γωνιαίῳ
507 3604 639 3675 λίθῳ
667 3606 906 3677 Χριστῷ.
934 3607 1116 3679 Θύραν
1143 3612 1184 3662 ὁε
1203 3610 1619 3682 Κύριοςαέαυτὸν
1643 3631 1811 3684 προσ-

229 3697 500 3768 ηγόρευσε
522 3715 535 3728 ’
566 3700 657 3751 καὶ
688 3698 866 3763 καλῶς
895 3700 1063 3772 θύραν
1083 3720 1096 3732 ·
1125 3703 1236 3773 ἔχει
1265 3704 1372 3776 γὰρ
1397 3705 1488 3758 δύο
1523 3708 1807 3778 παραστά-

225 3788 331 3852 δας
356 3790 488 3859 (91),
531 3791 630 3860 τὴν
681 3791 924 3845 Παλαιὰν
969 3796 1062 3846 κα)⁸
1114 3796 1320 3867 Καινὴν
1353 3797 1660 3870 Διαθήκην·
1689 3800 1807 3852 όδὸν

227 3879 330 3932 καὶ
377 3879 703 3951 ὑπέρθυρον,
747 3883 1045 3955 περιτομὴν
1099 3887 1192 3945 καὶ
1245 3888 1626 3960 ἀκροϐυστίαν·
1659 3887 1830 3944 οἷκον.

225 3969 330 4040 τὴν
382 3971 706 4040 ἐκκλησίαν
762 3974 1040 4046 τράπεζαν
1089 3976 1150 4028 τὸ
1195 3976 1606 4051 θυσιαστήριονθ
1641 3981 1804 4052 ἄρτον

223 4061 324 4113 τὸν
354 4061 552 4130 ἀμνόν·
589 4064 838 4134 κρατῆρα
865 4067 966 4121 τὸν,
1001 4067 1258 4137 μυστικὸν
1281 4065 1418 4122 οἶνον
1439 4087 1451 4100 ·
1485 4073 1685 4143 χρυσὸν
1705 4073 1802 4144 τὴν

223 4150 520 4222 ἀκίϐδηλον
556 4153 769 4208 πίστιν·
796 4157 1033 4228 ἄργυρον
1071 4159 1168 4230 τὴν
1198 4159 1454 4234 λαμπράν
1489 4164 1761 4218 πολιτείαν
1785 4182 1798 4195 ·

227 4243 575 4315 μαργαρίτας
626 4247 696 4299 τὰ
747 4244 881 4306 θεῖα
910 4249 1153 4320 δόγματα
1174 4268 1186 4280 ·
1233 4253 1451 4322 χλαῖναν
1479 4254 1576 4325 τὴν
1611 4257 1801 4327 στολὴν

222 4333 323 4386 τοῦ
363 4334 757 4404 βαπτίσματος.
795 4339 1027 4403 Ἥκουες
1073 4342 1273 4414 ἀρτίως
1321 4345 1484 4399 αὐτοῦ
1520 4346 1797 4415 λέγοντος·

1917 3167 2075 3221 geras
2106 3152 2464 3208 beneﬁcentia
2495 3170 2623 3224 erga
2669 3171 2974 3226 pauperes:
3010 3166 3068 3210 ut
3109 3159 3297 3227 plenas
3339 3159 3480 3215 lacte

1914 3245 2248 3300 exuberante
2291 3247 2620 3301 nutricantis
2666 3249 2980 3304 sermonis:
3029 3257 3088 3302 ut
3134 3259 3321 3320 pastas
3367 3249 3474 3303 Do-

1913 3335 2046 3388 mini
2093 3350 2365 3405 corpore:
2407 3345 2466 3390 ut
2501 3338 2870 3408 obsequentes
2911 3340 3105 3394 baculo
3150 3345 3331 3397 crucis
3365 3361 3378 3396 :
3420 3351 3478 3396 ut

1913 3426 2185 3502 triplicata
2214 3435 2436 3484 coactas
2467 3427 2588 3482 ﬁdei
2617 3439 2808 3484 catena
2839 3449 2851 3484 :
2883 3439 2942 3484 ut
2973 3432 3220 3486 ordinem
3253 3433 3476 3489 minime

1911 3515 2261 3580 deserentes,
2300 3519 2395 3573 sed
2432 3517 2652 3574 innixas
2705 3520 2952 3589 angulari
3004 3521 3182 3590 lapide
3233 3522 3472 3578 Christo.

1911 3606 2123 3661 Ostium
2186 3623 2308 3663 sese
2372 3608 2636 3664 Dominus
2699 3611 2990 3679 appellavit
3040 3630 3052 3665 :
3125 3627 3189 3666 ac
3249 3613 3476 3682 pulchre

1908 3698 2109 3752 ostium
2133 3738 2146 3763 ,
2183 3699 2358 3754 habet
2379 3702 2522 3754 enim
2559 3710 2743 3770 postes
2775 3702 2913 3756 duos
2933 3743 2947 3766 ,
2977 3701 3144 3758 Vetus
3171 3719 3235 3758 ac
3262 3703 3474 3759 Novum

1907 3787 2316 3845 Testamentum
2345 3831 2360 3855 ,
2396 3791 2561 3846 limen
2597 3807 2659 3846 ac
2693 3795 3143 3864 superliminare,
3178 3797 3473 3852 circumci-

1908 3881 2119 3936 sionem
2153 3897 2219 3936 ac
2253 3884 2618 3952 praeputium;
2651 3884 2907 3951 domum,
2949 3887 3277 3955 ecclesiam;
3320 3905 3474 3944 men-

1906 3987 2054 4038 sam,
2103 3973 2312 4030 altare:
2351 3988 2583 4044 panem,
2631 3992 2873 4046 agnum;
2923 3987 3229 4044 craterem,
3278 3981 3473 4051 mysti-

1904 4078 2028 4116 cum
2058 4064 2246 4117 vinum
2274 4081 2289 4131 ;
2325 4081 2555 4131 aurum,
2601 4069 2870 4123 sinceram
2914 4069 3071 4124 ﬁdem
3101 4088 3115 4137 ;
3148 4081 3466 4140 argentum,

1903 4157 2217 4228 praeclaram
2246 4159 2367 4214 vitae
2395 4163 2660 4214 rationem
2687 4178 2702 4227 ;
2743 4163 3065 4232 margaritas
3084 4202 3100 4226 ,
3137 4163 3318 4218 divina
3366 4165 3470 4220 do-

1902 4257 2113 4318 gmata;
2142 4249 2428 4316 chlaznatn,
2458 4252 2799 4321 baptismatis
2829 4253 3044 4308 stolam.
3069 4256 3283 4310 Audisti
3307 4256 3471 4312 modo

1901 4342 1976 4394 ita
2005 4341 2310 4411 loquentem
2339 4342 2489 4396 illum
2515 4361 2529 4396 :
2559 4363 2578 4393 «
2612 4345 2723 4413 Ego
2754 4359 2873 4398 sum
2907 4343 3100 4400 Pastor
3130 4346 3336 4411 bonus,
3373 4349 3472 4404 bo-

228 4445 266 4476 ι.
307 4424 446 4517 Ἐγὼ
495 4428 610 4517 εἰμι
639 4430 667 4481 6
708 4430 918 4502 Ποιμὴν
955 4433 984 4484 6
1029 4433 1223 4497 καλός·
1259 4437 1291 4488 6
1322 4437 1524 4507 ποιμὴν
1572 4441 1599 4491 ό
1643 4440 1800 4502 καλὸς

1914 4448 2009 4490 nus
2058 4443 2243 4502 pastor
2289 4435 2523 4487 animam
2570 4450 2726 4490 suam
2775 4437 2928 4505 ponit
2972 4453 3070 4506 pro
3121 4439 3314 4494 ovibus
3343 4439 3410 4497 ".
3443 4460 3464 4491 ι

219 4515 326 4585 τὴ)
377 4514 554 4586 ψυχὴν
607 4517 772 4570 αὐτοῦ
830 4519 1040 4590 τίθησιν
1095 4523 1235 4594 ὑπὲρ
1276 4525 1384 4578 τῶν
1426 4528 1730 4599 προϐάτων.
1776 4549 1794 4580 ii

230 4606 460 4659 Ἑαυτὸν
491 4609 518 4659 ὁ
539 4607 740 4678 Κύριος
754 4610 1001 4681 ᾐνίττετο
1025 4629 1041 4645 ο
1074 4614 1100 4666 ὃ
1117 4615 1225 4686 γάρ
1247 4615 1357 4687 (9‘2)
1381 4619 1581 4688 ἤμελλε
1604 4624 1796 4684 ποιεῖν,

220 4697 522 4766 προέλεγεν
546 4716 560 4729 ’
587 4699 760 4762 οὐδεὶς
796 4701 905 4774 γάρ
935 4704 1072 4772 ὑπὲρ
1102 4707 1209 4764 τῶν
1247 4709 1534 4778 προϐάτων
1572 4709 1798 4765 θάνατον

220 4787 549 4854 κατεδέξατο
590 4791 638 4842 εί
672 4791 743 4861 μὴ
774 4793 930 4862 μόνος
951 4797 979 4848 6
1007 4795 1228 4867 Κύριος.
1268 4800 1438 4863 Αύτδς
1466 4802 1624 4870 μόνος
1656 4803 1796 4874 ὑπὲρ

218 4877 334 4931 τῶν
344 4878 576 4947 λογικῶν
601 4883 887 4952 προϐάτων
908 4885 1225 4951 κατεδέξατο
1247 4889 1493 4954 θάνατον,
1521 4893 1618 4946 οὐκ
1635 4893 1796 4947 ἀκού-

219 4983 360 5029 σιον,
428 4969 542 5022 ἀλλ’
591 4972 834 5028 ἑκούσιον
859 4991 872 5004 ·
910 4975 1134 5030 θάνατον
1174 4979 1274 5030 οὐκ
1327 4982 1634 5051 ἐπιζήμιον,
1679 4984 1794 5037 ἀλλ’

218 5061 482 5136 ὲπικερδῆ
506 5079 518 5091 ’
553 5061 778 5118 θάνατον
820 5067 881 5124 o6
913 5067 1118 5143 φθορᾶς
1148 5069 1413 5136 δεκτικὸν,
1455 5073 1566 5126 ἀλλ’
1596 5075 1799 5147 ἀφθαρ-

1904 4522 2168 4578 Dominus
2199 4524 2548 4594 semetipsum
2579 4525 2968 4592 adumbrabat,
2999 4528 3144 4596 quod
3177 4529 3322 4584 enim
3351 4539 3471 4586 erat

1902 4613 2152 4670 facturus
2181 4617 2604 4686 praeuuntiabat.
2643 4617 2812 4673 Nemo
2857 4620 3056 4689 quippe
3097 4629 3325 4675 mortem
3369 4637 3468 4690 pro

1901 4706 2096 4760 ovibus
2130 4708 2327 4771 subiit,
2360 4707 2468 4763 nisi
2511 4709 2663 4764 solus
2707 4708 2992 4766 Dominus.
3039 4711 3158 4780 Ipse
3188 4713 3337 4768 solus
3369 4729 3468 4782 pro

1899 4797 2266 4855 rationalibus
2295 4799 2489 4854 ovibus
2538 4809 2769 4855 mortem
2806 4803 3105 4867 sustinuit,
3153 4818 3260 4857 non
3299 4804 3466 4858 invite

1902 4890 1996 4946 sed
2029 4907 2130 4946 sua
2170 4899 2364 4961 sponte
2389 4932 2404 4955 ,
2446 4901 2674 4947 mortem
2709 4909 2818 4947 non
2855 4893 3174 4949 damnosam
3209 4895 3303 4950 sed
3338 4911 3464 4964 per-

1902 4983 2135 5047 utilem;
2197 4992 2428 5038 mortem
2477 4999 2586 5036 non
2633 4984 3000 5053 corruptionis
3043 5000 3336 5055 capacem,
3367 4986 3463 5040 sed

1903 5078 2336 5147 incorruptionis
2367 5080 2790 5133 conciliatricem
2821 5099 2834 5134 :
2867 5087 3094 5134 mortem
3142 5078 3244 5133 ﬁde
3299 5078 3460 5134 intel-

292 5214 339 5246 "
376 5213 533 5270 Joan.
569 5220 638 5284 χ’,
673 5225 725 5273 1.
801 5220 846 5252 ⁸⁸
886 5221 1016 5276 ibid.
1055 5222 1107 5278 9.
1183 5225 1229 5255 ’°
1268 5224 1457 5282 Matth.
1495 5242 1582 5292 xi,
1616 5227 1706 5283 27.
1783 5231 1804 5261 ³

1916 5230 2070 5300 phes.
2111 5247 2184 5296 iv,
2220 5231 2276 5286 5.
2351 5234 2396 5264 "
2436 5231 2593 5286 Joan.
2628 5247 2698 5297 ι,
2735 5232 2821 5286 ll.

290 5367 406 5440 (ξξΙ)
437 5367 496 5440 lin
535 5367 669 5440 Reg.
692 5371 727 5424 2
752 5373 1019 5427 articulus
1056 5375 1227 5431 deest.

290 5436 401 5506 (88)
436 5439 594 5519 Apud
623 5436 853 5520 'Grzeeos
893 5444 1104 5520 duple}.
1129 5455 1214 5520 est
1249 5448 1544 5520 δοξολογία·
1597 5451 1774 5520 prima

1877 5385 2027 5458 ἡμεῖς
2042 5385 2076 5458 ό
2094 5384 2314 5458 [(ύριος.
2337 5385 2501 5458 Editi,
2541 5387 2685 5456 ὑμᾶς
2707 5390 2735 5439 6
2760 5387 2982 5458 Κύριος.

1949 5455 2057 5521 (90)
2091 5454 2222 5529 Reg.
2255 5456 2309 5529 2,
2343 5457 2480 5522 γάλα
2531 5454 2591 5508 τό
2635 5454 2924 5528 θρεπτικόν
2951 5475 2964 5488 ο
2999 5458 3074 5521 ὼς
3107 5456 3291 5529 χλοαζ.
3330 5460 3458 5514 Mox.

211 5521 390 5581 eaque
416 5509 595 5587 tnajor
620 5519 721 5594 est,
751 5509 1013 5594 Hymnus,
1041 5513 1306 5594 Gloriaﬂi‘n
1321 5509 1544 5594 ἔπεςἰδὶδ
1564 5509 1778 5594 {altera
1878 5509 2053 5594 idem,
2086 5509 2402 5594 πειθομένη.

211 5577 816 5660 ρμαξιηξῃοτονοοειιιτζ
837 5591 922 5636 est
949 5599 1141 5640 versus
1167 5604 1180 5642 :
1210 5585 1397 5642 Gloria
1421 5577 1592 5654 Patri,
1617 5606 1780 5660 quam

212 5645 306 5703 hic
321 5646 567 5716 indicari
598 5658 871 5716 putamus.

289 5715 400 5787 (89)
441 5714 574 5788 Reg.
599 5714 662 5783 ἲ,
695 5722 788 5772 καὶ
821 5721 918 5791 τὴν
947 5720 1116 5793 θύραν
1149 5726 1398 5797 Ϋριστόν.
1434 5726 1555 5784 Mox
1613 5730 1777 5797 idem,

1950 5593 2058 5672 (9ί)
2086 5591 2217 5672 Beg.
2247 5591 2306 5660 ’1,
2343 5591 2396 5659 ‘2,
2453 5597 2827 5668 παραστάτας.
2866 5595 2987 5651 Mox
3027 5597 3152 5672 Reg.
3195 5601 3249 5664 2,
3282 5601 3454 5656 όδεονα

1881 5662 2198 5734 καὶᾲύπέρθί,

1953 5732 2063 5802 (92)
2093 5732 2166 5788 Ita
2193 5732 2320 5808 Reg.
2357 5734 2408 5788 2.
2440 5735 2495 5790 in
2533 5737 2711 5799 editis,
2738 5735 2845 5810 γάρ
2867 5737 3042 5796 deest.
