3832 6216
407 288 436 342 Ι
446 290 550 345 023

1569 309 1629 366 3.
1671 313 2142 376 ATHANASIUS.
2185 351 2254 361 -—
2294 322 2546 382 SPURIA

3544 339 3699 397 {02$

407 407 717 479 ligendam,
761 430 872 470 non
915 419 1189 479 curiosius
1232 429 1654 485 examinandam
1690 452 1702 487 :
1745 442 1978 490 mortem

407 516 514 523 -ρ-
565 503 629 523 Α)
678 521 758 523 --κ
806 509 841 523 -'
1213 518 1245 523 ⁵-

2087 438 2204 502 σίας
2219 445 2451 515 χορηγόν
2466 463 2479 475 ·
2499 445 2726 503 θάνατον
2753 451 2929 504 πίστει
2954 454 3410 523 κατανοοῦμενον,
3430 454 3496 509 οὑ
3517 458 3695 510 πολυ-

405 516 517 554 non
563 503 629 556 ad
677 509 874 564 mortis
919 518 1376 574 consuetudinem
1419 524 1857 594 contingentem,
1901 535 1996 587 sed

404 609 528 660 qua:
560 595 735 663 ipsius
764 603 958 658 mortis
991 620 1142 661 mors
1189 624 1313 664 esse
1364 611 1825 682 deprehendatur.
1879 622 1992 679 Nisi

402 685 550 738 enim
583 685 850 746 Dominus
883 695 1195 755 voluntarie
1224 710 1454 758 mortem
1488 710 1860 778 suscepisset,
1894 731 1994 768 ne-

401 791 677 845 quaquam
711 783 964 840 diabolus
996 797 1224 844 mortem
1254 796 1588 860 pertulisset.
1622 798 1986 865 Quamobrem

398 868 670 923 exclamat
702 870 906 931 Paulus
940 876 1092 933 hisce
1125 883 1302 938 verbis
1331 903 1344 939 :
1378 903 1397 937 ‹
1429 888 1700 959 Absorpta
1729 902 1812 946 est
1840 911 1992 951 mors

399 959 457 1012 in
487 961 737 1020 victoria.
788 966 886 1022 Ubi
909 978 1013 1034 est,
1040 987 1210 1037 mors,
1248 977 1504 1035 stimulus
1536 985 1702 1037 tuus?
1732 984 1832 1040 Ubi
1867 996 1949 1042 est
1971 1027 1985 1050 ,

399 1048 613 1109 inferne
636 1094 650 1120 ,
687 1058 915 1115 victoria
944 1070 1037 1116 tua
1059 1065 1145 1119 9‘?
1171 1086 1189 1117 ι
1222 1067 1421 1123 Verum
1448 1072 1536 1126 hic
1561 1089 1869 1132 sermonem
1892 1080 1990 1133 ob-

398 1143 682 1214 signantcs
708 1161 956 1208 nostrum
978 1195 992 1219 ,
1023 1159 1230 1225 gratias
1256 1159 1368 1215 Deo
1398 1178 1624 1234 agamus
1654 1185 1667 1219 :
1701 1168 1788 1222 cui
1816 1171 1991 1241 gloria

396 1249 452 1294 et
479 1238 769 1310 imperium
803 1246 857 1300 in
890 1252 1089 1305 sarcula
1126 1256 1480 1311 saeculorum.
1512 1262 1712 1321 Amen.

2097 536 2578 607 πραγμονούμενον
2617 557 2630 570 °
2687 540 2912 595 θάνατον
2961 543 3019 594 οὑ
3079 544 3200 597 καθ’
3246 547 3546 618 ὁμοιότητα
3588 550 3692 603 τοῦ

2095 625 2323 680 Θανάτου
2354 631 2666 702 γενόμενον,
2707 635 2820 688 ἀλλ’
2851 636 3014 690 αὑτοῦ
3051 638 3143 690 τοῦ
3179 639 3410 693 Θανάτου
3449 640 3694 695 θάνατον

2091 718 2498 790 εὑρισκόμενον.
2559 724 2621 776 Εἰ
2663 727 2734 796 μὴ
2771 726 2880 797 γὰρ
2903 729 2930 780 6
2958 726 3158 799 Κύριος
3185 729 3276 782 τὸν
3303 731 3556 785 ἑκούσιον
3590 732 3692 787 θά-

2091 824 2249 861 νατον
2303 813 2645 880 κατεδέξατο,
2694 817 2792 868 οὐκ
2827 815 2892 870 ἂν
2925 819 2951 870 6
2977 817 3220 883 διάϐολος
3273 820 3507 874 θάνατον
3543 822 3678 876 ὺπέ-

2092 917 2260 970 μεινε.
2306 905 2395 956 Διὸ
2447 907 2540 958 καὶ
2577 907 2605 958 6
2645 908 2856 972 Παῦλος
2906 909 3040 979 βοῶν
3083 910 3267 980 ἐλεγε-
3318 931 3336 963 ι
3380 914 3685 982 Κατεπόθη

2086 994 2114 1044 6
2151 991 2380 1058 θάνατος
2433 999 2512 1060 εἰς
2541 1000 2708 1063 νῖκος.
2759 1000 2867 1052 Ποῦ
2907 1017 3021 1064 σου,
3052 1001 3268 1065 Θάνατε,
3318 1004 3378 1057 τὸ
3409 1004 3684 1076 κέντρον;

2086 1084 2198 1136 Ποῦ
2246 1103 2360 1149 σου,
2414 1087 2535 1160 ᾇδη,
2568 1091 2630 1143 τὸ
2671 1095 2852 1158 νῖκος;
2893 1113 2912 1145 ι
2951 1095 3063 1148 ἀλλ’
3111 1095 3342 1149 ἐνταῦθα
3390 1097 3486 1149 τὸν
3519 1099 3684 1166 λόγον

2089 1179 2508 1247 σφραγίσαντες,
2556 1182 2632 1252 τῷ
2669 1182 2787 1254 Θεῷ
2837 1185 3337 1258 εὐχαριστήσωμεν,
3388 1181 3432 1256 ᾧ
3480 1189 3684 1258 ἠδόξει

2085 1268 2179 1328 καὶ
2223 1269 2284 1322 τὸ
2325 1271 2522 1341 κράτος
2553 1275 2633 1347 εἰς
2661 1276 2788 1338 τοὺς
2813 1277 3014 1341 αἰῶνας
3051 1277 3157 1331 τῶν
3192 1279 3423 1334 αἰώνων.
3474 1281 3680 1351 Ἀμήν.

502 1392 549 1427 ⁸³
587 1395 609 1450 Ι
641 1397 770 1457 Cor.
808 1417 896 1468 xv,
932 1403 1020 1458 5i.

403 1547 2276 1594 -————_.__.._____________,

1243 1705 1311 1759 IN
1354 1705 1540 1763 DUAS
1582 1709 1996 1778 SEQUENTES
2035 1713 2363 1771 HOMILIAS
2403 1717 2802 1776 ADMONITIO.

467 1832 612 1890 Duas
651 1852 918 1908 sequentes
958 1843 1205 1902 homilias
1243 1851 1476 1920 ejusdem
1514 1873 1626 1910 esse
1663 1859 1937 1927 scriptoris
1978 1864 2153 1931 arguit
2184 1880 2304 1917 cum
2343 1866 2466 1936 styli
2497 1883 2657 1936 genus
2696 1877 2806 1921 tum
2837 1869 2965 1922 ordo
2997 1879 3154 1939 atque
3182 1873 3342 1926 series
3361 1873 3680 1928 orationis:

389 1940 553 1995 quare
589 1945 960 2003 consequenter
994 1951 1264 2006 ponuntur
1301 1946 1356 1997 in
1393 1944 1554 2016 Regio
1593 1950 1773 2005 codice
1811 1952 1940 2008 205.
2005 1957 2294 2008 Athanasii
2331 1972 2490 2024 porro
2533 1974 2622 2012 eas
2662 1975 2774 2013 esse
2811 1961 3038 2013 credidit
3091 1963 3172 2015 vir
3223 1963 3467 2017 eruditus
3518 1963 3666 2016 [lol-

391 2022 636 2088 steinius,
681 2025 798 2080 licet
839 2030 894 2082 in
937 2031 1006 2084 iis
1044 2032 1473 2091 Athanasianum
1514 2041 1649 2094 nihil
1684 2052 2012 2113 compareat.
2067 2043 2356 2116 Frigidum
2405 2051 2595 2118 quippe
2648 2060 2727 2105 est
2775 2052 3031 2106 orationis
3086 2069 3285 2121 genus,
3340 2054 3482 2122 quod
3530 2055 3679 2109 ιτἰήἱί

390 2131 667 2170 nervorum
692 2158 707 2182 ,
749 2119 883 2174 nihil
920 2124 1057 2178 salis
1099 2125 1382 2180 obtineat:
1421 2146 1513 2184 nec
1552 2149 1802 2202 magnum
1839 2151 1950 2188 sese
1987 2135 2163 2203 prodit
2207 2137 2261 2189 in
2300 2137 2414 2207 ejus
2456 2133 2735 2194 structura
2773 2141 2991 2210 hujusce
3043 2145 3318 2213 scriptoris
3367 2145 3669 2214 judicium.

389 2206 622 2262 Etiamsi
643 2226 800 2280 porro
826 2213 1039 2268 aliunde
1063 2233 1166 2270 non
1205 2219 1423 2289 liqueret
1462 2238 1575 2276 esse
1607 2224 1702 2277 has
1744 2224 1995 2280 homilias
2035 2228 2340 2284 Athanasio
2371 2231 2763 2300 abjudicandas
2787 2273 2800 2296 ,
2844 2247 3139 2305 coarguunt
3177 2253 3306 2290 sane
3343 2237 3526 2291 ist/uec
3567 2241 3672 2293 sub

389 2299 548 2365 ﬁnem
584 2303 827 2358 secunda:
863 2305 1097 2362 homilia:
1134 2312 1292 2365 verba
1323 2327 1342 2366 .'
1380 2318 1529 2386 τρεῖς
1572 2318 1902 2382 ὑποστάσεις
1951 2337 1992 2372 κε

2056 2320 2314 2386 πύττοντες
2337 2364 2361 2387 ,_
2409 2299 2538 2394 μίαν
2585 2325 2814 2398 θεότητα
2864 2299 3256 2399 ὁμολογοῦντες
3280 2371 3294 2392 .
3330 2332 3496 2398 fuisse
3535 2332 3676 2388 illa;

386 2400 506 2457 post
545 2392 926 2453 Nestorianam
966 2405 1238 2474 vulgatam
1277 2405 1505 2464 Ineresin
1537 2409 1849 2480 descriptas.
1886 2411 2032 2467 Licet
2059 2416 2199 2469 enim
2235 2417 2588 2474 ὑποστάσεων
2618 2419 2930 2490 quandoque
2960 2423 3264 2476 meminerit
3299 2422 3664 2486 Athanasius.

389 2501 656 2556 nunquam
695 2500 868 2548 tamen
898 2497 973 2549 ait
1014 2506 1117 2554 tres
1156 2503 1461 2572 hypostases
1501 2507 1555 2560 in
1593 2509 1833 2577 confesso
1872 2510 2011 2578 apud
2047 2528 2222 2568 omnes
2263 2531 2376 2569 esse
2401 2531 2420 2569 :
2456 2517 2561 2569 imo
2600 2518 2653 2570 in
2695 2518 2945 2588 synodali
2995 2520 3220 2588 epistola
3257 2520 3670 2585 Alexandrina.

387 2575 517 2629 nihil
551 2580 798 2639 interesse
837 2587 1043 2658 inquit,
1084 2592 1132 2646 si
1168 2594 1247 2649 vel
1284 2611 1390 2650 una
1428 2599 1600 2653 solum
1641 2575 1717 2656 vel
1756 2611 1857 2657 tres
1900 2603 2208 2674 hypostases
2261 2623 2373 2662 esse
2422 2608 2695 2676 dicantur,
2737 2610 2866 2664 dum
2908 2621 3053 2669 recta
3094 2623 3327 2669 servetur
3378 2614 3670 2674 sententia.

1461 2825 1600 2884 ΤΟΥ
1640 2829 1731 2881 ΕΝ
1764 2831 1988 2885 ΑΓΙΟΙΣ
2027 2834 2302 2888 ΠΑΤΡΟΣ
2341 2834 2544 2889 ΗΜΩΝ

1688 2975 2325 3066 ΑΘΑΝΑΣΙΟΥ

393 3087 488 3144 Ἕκ
516 3091 608 3144 τοῦ
640 3094 781 3147 κατὰ
809 3098 1090 3190 Ματοαῖον
1121 3104 1451 3190 ξξὺαγγελίου
1498 3127 1578 3190 εις
1619 3115 1726 3190 τά·
1763 3118 2222 3190 Πορεύεσθειείς
2269 3118 2386 3186 τὴν
2418 3123 2736 3174 κατέναντι
2780 3119 3005 3190 κώμην.
3045 3121 3142 3174 καί
3177 3121 3468 3190 εὑρήσετε
3517 3121 3676 3180 Eros:

1055 3172 1403 3247 δεδεμένην,
1442 3181 1541 3235 καὶ
1558 3172 1782 3239 ’πῶλον
1803 3172 1931 3256 μετ’
1968 3187 2166 3258 αὐτῆς
2194 3172 2215 3218 Ῑ

1379 3422 1471 3510 S.
1554 3426 1661 3513 P.
1742 3430 1859 3518 N.
1957 3432 2608 3521 ATHANASII

378 3579 439 3634 In
469 3581 602 3637 illud
641 3583 922 3660 Evangelii
953 3594 1261 3651 secundum
1300 3597 1612 3693 Matthaeum
1646 3619 1660 3656 :
1698 3603 1782 3660 Ite
1811 3608 1865 3660 in
1895 3610 2179 3693 castellum
2210 3610 2352 3693 quod
2393 3618 2585 3693 contra
2635 3627 2735 3693 vos.
2756 3620 2857 3693 est,
2889 3623 2939 3665 et
2978 3611 3249 3669 invenietis
3279 3614 3490 3671 asinam
3519 3612 3662 3665 alli-

1194 3678 1376 3738 gatam
1403 3681 1452 3724 et
1492 3674 1699 3742 pullum
1731 3694 1849 3731 cum
1872 3694 1936 3733 ea
1973 3695 1990 3733 :
2019 3674 2300 3750 solventes,
2332 3681 2582 3736 adducite
2605 3681 2735 3736 mihi
2756 3682 2825 3735 “.

449 3886 701 3959 3741.
741 3888 958 3950 lteratis
1009 3911 1112 3953 nos
1165 3898 1448 3959 beneﬁciis
1503 3904 1717 3962 donans
1777 3915 1992 3974 Deus,

2134 3904 2186 3960 1.
2211 3902 2381 3956 Πάλιν
2409 3903 2557 3974 ἡμᾶς
2587 3901 2890 3974 εὐεργετῶν
2919 3905 2947 3956 ὁ
2972 3905 3196 3977 Κύριος,
3214 3909 3311 3961 καὶ
3325 3909 3423 3978 τὴν
3444 3914 3657 3970 οἰκείαν

375 3994 642 4049 suamque
671 3981 726 4036 in
762 3999 863 4040 nos
886 3988 1118 4056 gratiam
1146 3991 1433 4050 eﬂ‘undens
1459 4036 1473 4060 ,
1511 3998 1675 4052 simul
1705 3999 1956 4056 doctrina

374 4087 474 4128 sua
507 4074 721 4130 animas
747 4087 972 4134 nostras
997 4081 1221 4136 excitat.
1256 4085 1325 4139 li's
1356 4087 1500 4142 enim
1535 4092 1629 4159 qui
1663 4091 1826 4162 hujus
1856 4110 1958 4149 sae-

368 4162 483 4217 culi
513 4165 669 4220 malis
696 4177 1053 4238 premuntur,
1091 4172 1321 4244 ejusque
1349 4181 1582 4248 negotiis
1633 4182 1955 4238 distrahun-

370 4259 488 4317 tur,
532 4253 636 4309 hoc
668 4255 813 4312 Deus
841 4262 1100 4315 saeculum
1137 4267 1292 4319 cordi
1325 4267 1620 4337 imprimit,
1665 4280 1722 4325 ut
1751 4288 1955 4344 ροςηο-

369 4351 532 4397 scant
561 4347 842 4412 homines,
879 4366 937 4405 se
970 4369 1077 4407 non
1110 4357 1308 4409 saecula
1335 4369 1683 4428 exspectare,
1721 4363 1816 4418 sed
1850 4365 1954 4420 hoc

367 4434 636 4489 duntaxat
688 4442 948 4494 saeculum
984 4444 1038 4497 in
1074 4446 1357 4512 phantasia
1411 4451 1628 4508 habere.
1669 4453 1737 4509 Ut
1770 4457 1953 4523 itaque

366 4525 437 4581 de
473 4525 657 4582 futuro
693 4535 892 4586 saeculo
937 4539 1316 4605 prospiciunt,
1361 4545 1602 4599 innatam
1648 4549 1807 4604 nobis
1852 4567 1952 4621 per

367 4617 602 4672 liberum
649 4623 937 4679 arbitrium
985 4627 1288 4686 doctrinam
1328 4634 1561 4706 largitus
1604 4651 1704 4696 est.
1747 4641 1950 4702 Omnes

367 4711 538 4781 igitur
570 4713 852 4782 homines,
888 4722 1166 4790 sapientes
1199 4735 1252 4780 et
1285 4728 1640 4799 insipientes,
1673 4738 1950 4810 principes

365 4816 422 4856 et
451 4807 685 4874 privati,
718 4808 918 4868 divites
949 4823 1004 4868 et
1037 4832 1306 4889 pauperes
1328 4861 1342 4885 ,
1374 4836 1714 4894 compertum
1749 4807 1949 4888 habent

365 4907 597 4954 mortem
645 4917 839 4960 omnes
884 4919 1261 4978 excepturam.
1310 4915 1450 4970 Illud
1493 4923 1638 4974 enim
1683 4931 1799 4988 est,
1845 4926 1948 4983 hoc

366 4995 629 5048 saeculum
682 4997 736 5050 in
786 4998 1074 5068 phantasia
1135 5004 1377 5075 habere;
1435 5010 1539 5066 hoc
1593 5023 1773 5069 autem
1822 5027 1943 5086 est,

366 5098 814 5159 unumquemque
848 5090 1010 5147 linem
1047 5111 1207 5149 suum
1242 5100 1313 5153 ob
1343 5103 1534 5157 oculos
1565 5121 1786 5174 ponere.
1822 5108 1944 5164 Ple-

365 5178 522 5248 rique
558 5183 713 5250 gnari
752 5184 1112 5242 obventuram
1163 5189 1267 5245 sibi
1323 5202 1589 5260 mortem,
1642 5206 1837 5268 putant
1886 5216 1946 5256 se

366 5278 490 5335 post
537 5268 640 5325 hoc
688 5274 950 5328 saeculum
1003 5274 1121 5332 loro
1167 5281 1324 5349 quasi
1370 5298 1650 5352 nunquam
1696 5289 1942 5343 exstitis-

365 5368 527 5415 sent:
577 5365 766 5432 quales
815 5375 974 5422 erant
1005 5370 1099 5439 qui
1146 5371 1362 5428 aiebant
1394 5393 1408 5430 :
1442 5393 1460 5426 ι
1496 5375 1703 5448 Exigua
1746 5389 1803 5434 et
1844 5381 1943 5434 tri-

365 5451 467 5504 stis
491 5462 574 5508 est
601 5455 710 5509 vita
741 5467 958 5526 nostra,
991 5477 1091 5517 nec
1119 5472 1203 5520 est
1237 5481 1523 5536 regressus
1571 5470 1695 5527 linis
1741 5474 1938 5528 nostri.

365 5539 558 5612 Venite
581 5561 740 5616 ergo.
769 5550 1054 5621 inquiunt,
1087 5565 1140 5612 ct
1172 5557 1417 5614 fruamur
1444 5562 1600 5619 bonis
1627 5579 1748 5634 quae
1773 5575 1898 5620 sunt
1926 5585 1938 5631 ;

431 5697 477 5731 "
517 5695 680 5752 Matth
737 5719 864 5763 xxi.
901 5707 954 5760 9.

2059 3995 2258 4050 ἑαυτοῦ
2315 3998 2396 4060 εἰς
2450 3997 2598 4068 ἡμᾶς
2633 3996 2891 4048 ἐκτείνων
2920 3997 3098 4068 χάριν,
3141 4000 3276 4069 ὁμοῦ
3311 4004 3403 4055 καὶ
3429 4003 3517 4059 διὰ
3546 4007 3656 4079 τῆς

2059 4089 2255 4144 ἑαυτοῦ
2308 4088 2658 4152 διδασκαλίας
2691 4089 2790 4151 τάς
2846 4089 3120 4159 ἡμετέρας
3151 4090 3407 4164 διεγείρει
3446 4096 3668 4168 ψυχάς,

2057 4186 2183 4248 Τοῖς
2206 4183 2316 4255 γὰρ
2356 4185 2414 4235 ἐν
2457 4181 2535 4252 τῷ
2563 4181 2659 4252 βίῳ
2697 4179 2870 4250 τούτῳ
2907 4182 3229 4254 μοχθήσασι,
3255 4186 3348 4238 καὶ
3376 4203 3652 4260 περισπα-

2057 4277 2259 4330 σθεῖσιν
2312 4277 2369 4328 ὲν
2407 4276 2520 4336 τοῖς
2564 4271 2728 4325 αὐτοῦ
2761 4273 3102 4344 πράγμασιν,
3132 4277 3161 4328 ὁ
3188 4274 3321 4340 Θεὸς
3343 4277 3434 4331 τὸν
3473 4280 3651 4336 αἰῶνα

2052 4371 2243 4426 τοῦτον
2273 4371 2330 4422 ὲν
2379 4367 2576 4438 καρδίᾳ
2624 4367 2879 4430 δέδωκεν,
2919 4367 3066 4429 ὅπως
3103 4369 3322 4436 γνόντες
3345 4371 3648 4438 γνώσονται

2051 4465 2098 4516 οἰ
2121 4462 2417 4534 ἄνθρωποι,
2440 4462 2521 4513 ὅτι
2551 4460 2611 4512 οὐ
2641 4461 2768 4522 τοὺς
2798 4459 3000 4523 αἰῶνας
3017 4461 3382 4532 διαμενοῦσιν,
3401 4464 3538 4518 ἀλλὰ
3552 4466 3652 4520 τὸν

2053 4554 2224 4609 αἰῶνα
2278 4551 2464 4606 τοῦτον
2515 4551 2895 4621 φαντάζονται.
2956 4553 3072 4605 Ἵνα
3121 4549 3214 4606 οὖν
3253 4555 3464 4608 καὶτοῦ
3519 4559 3646 4628 μέλ-

2051 4645 2237 4708 λοντος
2279 4644 2474 4707 αἰῶνος
2527 4642 2782 4714 πρόνοιαν
2833 4644 3186 4714 ποιήσωνται,
3230 4646 3470 4717 ἔμφυτον
3512 4651 3656 4720 ἡμῖν.

2054 4737 2290 4809 μάθησιν
2322 4736 2410 4790 διά
2438 4734 2530 4788 τοῦ
2563 4733 2913 4800 αὑτεξουσίου
2962 4736 3274 4806 ἐχαρίσατο.
3313 4740 3522 4804 Πάντες
3549 4738 3645 4797 οὖν

2048 4833 2095 4884 οἰ
2148 4831 2444 4902 ἄνθρωποι,
2507 4828 2662 4898 σοφοί
2696 4845 2753 4880 τε
2798 4829 2892 4881 καὶ
2936 4829 3190 4903 ἄφρονες,
3231 4831 3492 4902 ἄρχοντες
3545 4837 3645 4888 καὶ

2052 4923 2278 4984 ἰδιῶται,
2316 4921 2560 4974 πλούσιοι
2615 4921 2710 4972 καὶ
2756 4919 2984 4991 πένητες
3034 4921 3246 4988 ἴσασιν,
3283 4925 3364 4976 ὅτι
3411 4923 3642 4991 Θάνατος

2048 5013 2257 5075 πάντας
2289 5011 2607 5077 διαδέξεται.
2642 5009 2811 5064 Τοῦτο
2839 5011 2947 5082 γάρ
2986 5011 3100 5063 ἐστι
3127 5011 3218 5064 τὸν
3249 5012 3422 5065 αἰῶνα
3447 5013 3640 5067 τοῦτον

2047 5102 2449 5173 φαντάζεσθαι·
2497 5102 2654 5155 τοῦτό
2707 5103 2855 5154 ἐστιν
2889 5103 3119 5156 ἕκαστον
3151 5103 3210 5155 τὸ
3242 5104 3436 5157 ἑαυτοῦ
3479 5105 3639 5170 τέλος

2048 5197 2154 5270 πρὸ
2203 5194 2496 5265 ὀφθαλμῶν
2545 5193 2708 5264 ἔχειν.
2748 5194 2939 5248 Πολλοὶ
2973 5194 3051 5259 δὲ,
3092 5195 3371 5249 καὶτοῦτο
3406 5197 3633 5262 εἰδότες,

2052 5289 2133 5342 ὅτι
2177 5287 2403 5350 θάνατος
2435 5286 2632 5349 αὐτοὺς
2670 5285 2988 5351 διαδέξεται,
3028 5285 3230 5340 οἴονται
3265 5287 3404 5358 μετὰ
3444 5288 3635 5343 τοῦτον

2047 5381 2138 5432 τὸν
2193 5378 2364 5432 αἰῶνα
2397 5378 2617 5431 ἔσεσθαι
2648 5377 2722 5439 ὼς
2753 5377 2852 5447 οὐχ
2889 5378 3256 5451 ὑπάρξαντες·
3285 5373 3386 5432 οἷοι
3408 5374 3552 5449 ἦσαν
3583 5381 3633 5432 οἰ

2049 5473 2320 5534 εἰπόντεςο
2363 5489 2381 5522 ι
2426 5470 2634 5538 Ὀλίγος
2671 5470 2786 5522 ἐστὶ
2815 5471 2908 5524 καὶ
2944 5471 3185 5542 λυπηρὸς
3218 5474 3244 5525 6
3292 5471 3408 5542 βίος
3448 5473 3630 5544 ἡμῶν,

2052 5567 2145 5619 καὶ
2179 5565 2277 5618 οὐκ
2301 5563 2447 5617 ἔστιν
2465 5561 2827 5632 άναποδισμὸς
2855 5563 2952 5632 τῆς
2978 5563 3229 5634 τελευτῆς
3253 5565 3429 5636 ἡμῶν.
3463 5566 3631 5622 Athe
