  <div class='ocr_page' id='page_1' title='image "/cluster/home/n/w/nwhite01/storage/ocr_20150623/28/nnc1.0046978690/552.png"; bbox 0 0 3832 6216; ppageno 0'>
   <div class='ocr_carea' id='block_1_1' title="bbox 131 289 293 374">
    <p class='ocr_par' dir='ltr' id='par_1_1' title="bbox 131 289 293 374">
     <span class='ocr_line' id='line_1_1' title="bbox 131 289 293 374; baseline 0.006 -30"><span class='ocrx_word' id='word_1_1' title='bbox 131 289 260 345; x_wconf 74' lang='lat' dir='ltr'><strong>i025</strong></span> <span class='ocrx_word' id='word_1_2' title='bbox 289 371 293 374; x_wconf 14' lang='grc' dir='ltr'>ι</span> 
     </span>
    </p>
   </div>
   <div class='ocr_carea' id='block_1_2' title="bbox 1059 276 1756 338">
    <p class='ocr_par' dir='ltr' id='par_1_2' title="bbox 1059 276 1756 338">
     <span class='ocr_line' id='line_1_2' title="bbox 1059 276 1756 338; baseline -0.006 -2"><span class='ocrx_word' id='word_1_3' title='bbox 1059 280 1344 338; x_wconf 73' lang='lat' dir='ltr'><strong>HOMILIA</strong></span> <span class='ocrx_word' id='word_1_4' title='bbox 1383 279 1449 334; x_wconf 84' lang='lat' dir='ltr'><strong>l&#39;N</strong></span> <span class='ocrx_word' id='word_1_5' title='bbox 1493 276 1700 335; x_wconf 82' lang='lat' dir='ltr'><strong>iLLUD</strong></span> <span class='ocrx_word' id='word_1_6' title='bbox 1741 296 1756 332; x_wconf 85' lang='lat'><strong>:</strong></span> 
     </span>
    </p>
   </div>
   <div class='ocr_carea' id='block_1_3' title="bbox 1803 271 3361 338">
    <p class='ocr_par' dir='ltr' id='par_1_3' title="bbox 1803 271 3361 338">
     <span class='ocr_line' id='line_1_3' title="bbox 1803 271 3361 338; baseline -0.001 -10"><span class='ocrx_word' id='word_1_7' title='bbox 1803 294 1822 328; x_wconf 78' lang='grc' dir='ltr'><strong>ι</strong></span> <span class='ocrx_word' id='word_1_8' title='bbox 1851 271 2147 338; x_wconf 69' lang='grc' dir='ltr'><strong>ΕΗΝΤΕΞ,</strong></span> <span class='ocrx_word' id='word_1_9' title='bbox 2171 291 2191 326; x_wconf 73' lang='grc' dir='ltr'><strong>ι</strong></span> <span class='ocrx_word' id='word_1_10' title='bbox 2238 272 2394 328; x_wconf 84' lang='lat' dir='ltr'><strong>ETC.</strong></span> <span class='ocrx_word' id='word_1_11' title='bbox 3221 273 3361 328; x_wconf 66' lang='lat'><strong>1026</strong></span> 
     </span>
    </p>
   </div>
   <div class='ocr_carea' id='block_1_4' title="bbox 127 385 1690 471">
    <p class='ocr_par' dir='ltr' id='par_1_4' title="bbox 127 389 1684 471">
     <span class='ocr_line' id='line_1_4' title="bbox 127 389 1684 471; baseline -0.011 -13"><span class='ocrx_word' id='word_1_12' title='bbox 127 400 232 468; x_wconf 70' lang='grc' dir='ltr'>οὖν,</span> <span class='ocrx_word' id='word_1_13' title='bbox 267 401 418 471; x_wconf 70' lang='grc' dir='ltr'>φασὶ,</span> <span class='ocrx_word' id='word_1_14' title='bbox 475 400 568 453; x_wconf 76' lang='grc' dir='ltr'>καὶ</span> <span class='ocrx_word' id='word_1_15' title='bbox 610 395 1006 466; x_wconf 76' lang='grc' dir='ltr'>ἀπολαύσωμεν</span> <span class='ocrx_word' id='word_1_16' title='bbox 1055 394 1163 446; x_wconf 80' lang='grc' dir='ltr'><strong>τῶν</strong></span> <span class='ocrx_word' id='word_1_17' title='bbox 1219 393 1386 446; x_wconf 77' lang='grc' dir='ltr'>ὄντων</span> <span class='ocrx_word' id='word_1_18' title='bbox 1429 389 1684 458; x_wconf 74' lang='grc' dir='ltr'>ἀγαθῶνο</span> 
     </span>
    </p>
   </div>
   <div class='ocr_carea' id='block_1_5' title="bbox 1796 385 3361 471">
    <p class='ocr_par' dir='ltr' id='par_1_5' title="bbox 1796 385 3361 456">
     <span class='ocr_line' id='line_1_5' title="bbox 1796 385 3361 456; baseline 0.001 -16"><span class='ocrx_word' id='word_1_19' title='bbox 1796 387 1920 440; x_wconf 86' lang='lat' dir='ltr'><strong>vino</strong></span> <span class='ocrx_word' id='word_1_20' title='bbox 1948 386 2185 456; x_wconf 91' lang='lat' dir='ltr'><strong>pretioso</strong></span> <span class='ocrx_word' id='word_1_21' title='bbox 2219 391 2272 440; x_wconf 90' lang='lat' dir='ltr'><strong>et</strong></span> <span class='ocrx_word' id='word_1_22' title='bbox 2300 385 2595 455; x_wconf 77' lang='lat' dir='ltr'><strong>unguentis</strong></span> <span class='ocrx_word' id='word_1_23' title='bbox 2625 399 2726 442; x_wconf 86' lang='lat' dir='ltr'><strong>nos</strong></span> <span class='ocrx_word' id='word_1_24' title='bbox 2755 385 3077 456; x_wconf 85' lang='lat' dir='ltr'><strong>impleamus</strong></span> <span class='ocrx_word' id='word_1_25' title='bbox 3104 386 3171 439; x_wconf 82' lang='lat'><strong>&quot;.</strong></span> <span class='ocrx_word' id='word_1_26' title='bbox 3206 405 3225 438; x_wconf 77' lang='grc' dir='ltr'><strong>ι</strong></span> <span class='ocrx_word' id='word_1_27' title='bbox 3251 385 3361 442; x_wconf 84' lang='lat' dir='ltr'><strong>Hos</strong></span> 
     </span>
    </p>
   </div>
   <div class='ocr_carea' id='block_1_6' title="bbox 128 482 1687 558">
    <p class='ocr_par' dir='ltr' id='par_1_6' title="bbox 128 482 1687 558">
     <span class='ocr_line' id='line_1_6' title="bbox 128 482 1687 558; baseline -0.012 -9"><span class='ocrx_word' id='word_1_28' title='bbox 128 494 262 548; x_wconf 74' lang='grc' dir='ltr'>οἰνου</span> <span class='ocrx_word' id='word_1_29' title='bbox 291 488 610 552; x_wconf 81' lang='grc' dir='ltr'><strong>πολυτελοῦς</strong></span> <span class='ocrx_word' id='word_1_30' title='bbox 633 488 725 542; x_wconf 65' lang='grc' dir='ltr'><strong>καὶ</strong></span> <span class='ocrx_word' id='word_1_31' title='bbox 758 487 940 558; x_wconf 81' lang='grc' dir='ltr'>μύρων</span> <span class='ocrx_word' id='word_1_32' title='bbox 962 485 1383 557; x_wconf 77' lang='grc' dir='ltr'>ὲμπλησθῶμεν.</span> <span class='ocrx_word' id='word_1_33' title='bbox 1409 502 1426 534; x_wconf 77' lang='grc' dir='ltr'><strong>ι</strong></span> <span class='ocrx_word' id='word_1_34' title='bbox 1454 482 1687 543; x_wconf 77' lang='grc' dir='ltr'>Τούτους</span> 
     </span>
    </p>
   </div>
   <div class='ocr_carea' id='block_1_7' title="bbox 127 574 1688 648">
    <p class='ocr_par' dir='ltr' id='par_1_7' title="bbox 127 574 1688 648">
     <span class='ocr_line' id='line_1_7' title="bbox 127 574 1688 648; baseline -0.008 -8"><span class='ocrx_word' id='word_1_35' title='bbox 127 587 181 640; x_wconf 75' lang='grc' dir='ltr'>δὲ</span> <span class='ocrx_word' id='word_1_36' title='bbox 205 587 294 639; x_wconf 78' lang='grc' dir='ltr'><strong>καὶ</strong></span> <span class='ocrx_word' id='word_1_37' title='bbox 316 587 344 638; x_wconf 99' lang='lat'><strong>6</strong></span> <span class='ocrx_word' id='word_1_38' title='bbox 367 582 650 646; x_wconf 75' lang='grc' dir='ltr'><strong>Θεσπέσιος</strong></span> <span class='ocrx_word' id='word_1_39' title='bbox 679 581 887 643; x_wconf 83' lang='grc' dir='ltr'>Παῦλος</span> <span class='ocrx_word' id='word_1_40' title='bbox 909 579 1177 648; x_wconf 86' lang='grc' dir='ltr'>διατίθησι</span> <span class='ocrx_word' id='word_1_41' title='bbox 1200 577 1454 645; x_wconf 84' lang='grc' dir='ltr'>λέγοντας</span> <span class='ocrx_word' id='word_1_42' title='bbox 1478 593 1490 606; x_wconf 89' lang='grc'><strong>·</strong></span> <span class='ocrx_word' id='word_1_43' title='bbox 1534 593 1551 625; x_wconf 82' lang='grc' dir='ltr'><strong>ι</strong></span> <span class='ocrx_word' id='word_1_44' title='bbox 1583 574 1688 627; x_wconf 84' lang='grc' dir='ltr'><strong>Φά-</strong></span> 
     </span>
    </p>
   </div>
   <div class='ocr_carea' id='block_1_8' title="bbox 128 667 1687 749">
    <p class='ocr_par' dir='ltr' id='par_1_8' title="bbox 128 667 1687 749">
     <span class='ocr_line' id='line_1_8' title="bbox 128 667 1687 749; baseline -0.008 -19"><span class='ocrx_word' id='word_1_45' title='bbox 128 695 299 749; x_wconf 86' lang='grc' dir='ltr'>γωμεν</span> <span class='ocrx_word' id='word_1_46' title='bbox 318 677 412 730; x_wconf 80' lang='grc' dir='ltr'><strong>καὶ</strong></span> <span class='ocrx_word' id='word_1_47' title='bbox 446 675 656 744; x_wconf 84' lang='grc' dir='ltr'><strong>πίωμεν</strong></span> <span class='ocrx_word' id='word_1_48' title='bbox 679 690 693 704; x_wconf 75' lang='grc' dir='ltr'><strong>ο</strong></span> <span class='ocrx_word' id='word_1_49' title='bbox 735 672 922 744; x_wconf 78' lang='grc' dir='ltr'>αὔριον</span> <span class='ocrx_word' id='word_1_50' title='bbox 953 671 1059 744; x_wconf 79' lang='grc' dir='ltr'><strong>γὰρ</strong></span> <span class='ocrx_word' id='word_1_51' title='bbox 1093 669 1530 740; x_wconf 80' lang='grc' dir='ltr'>ἀποθνήσκομεν.</span> <span class='ocrx_word' id='word_1_52' title='bbox 1573 687 1591 718; x_wconf 81' lang='grc' dir='ltr'><strong>ι</strong></span> <span class='ocrx_word' id='word_1_53' title='bbox 1624 667 1687 720; x_wconf 81' lang='lat' dir='ltr'><strong>El</strong></span> 
     </span>
    </p>
   </div>
   <div class='ocr_carea' id='block_1_9' title="bbox 126 759 1688 837">
    <p class='ocr_par' dir='ltr' id='par_1_9' title="bbox 126 759 1688 837">
     <span class='ocr_line' id='line_1_9' title="bbox 126 759 1688 837; baseline -0.008 -15"><span class='ocrx_word' id='word_1_54' title='bbox 126 769 368 825; x_wconf 84' lang='grc' dir='ltr'>τοσοῦτον</span> <span class='ocrx_word' id='word_1_55' title='bbox 410 763 501 820; x_wconf 75' lang='grc' dir='ltr'><strong>οὖν</strong></span> <span class='ocrx_word' id='word_1_56' title='bbox 561 767 786 837; x_wconf 72' lang='grc' dir='ltr'>ἴσχυσαν</span> <span class='ocrx_word' id='word_1_57' title='bbox 827 764 1028 834; x_wconf 85' lang='grc' dir='ltr'>γνῶναι</span> <span class='ocrx_word' id='word_1_58' title='bbox 1061 764 1111 815; x_wconf 79' lang='grc' dir='ltr'>οἱ</span> <span class='ocrx_word' id='word_1_59' title='bbox 1157 762 1349 825; x_wconf 84' lang='grc' dir='ltr'>ἄθλιοι,</span> <span class='ocrx_word' id='word_1_60' title='bbox 1383 763 1465 813; x_wconf 85' lang='grc' dir='ltr'>ὅτι</span> <span class='ocrx_word' id='word_1_61' title='bbox 1511 759 1688 828; x_wconf 79' lang='grc' dir='ltr'>ὀλίγος</span> 
     </span>
    </p>
   </div>
   <div class='ocr_carea' id='block_1_10' title="bbox 126 853 1689 931">
    <p class='ocr_par' dir='ltr' id='par_1_10' title="bbox 126 853 1689 931">
     <span class='ocr_line' id='line_1_10' title="bbox 126 853 1689 931; baseline -0.007 -14"><span class='ocrx_word' id='word_1_62' title='bbox 126 864 238 917; x_wconf 75' lang='grc' dir='ltr'>ἐστὶ</span> <span class='ocrx_word' id='word_1_63' title='bbox 271 861 362 914; x_wconf 71' lang='grc' dir='ltr'><strong>καὶ</strong></span> <span class='ocrx_word' id='word_1_64' title='bbox 405 859 648 931; x_wconf 76' lang='grc' dir='ltr'>λυπηρὸς</span> <span class='ocrx_word' id='word_1_65' title='bbox 678 859 706 910; x_wconf 93' lang='lat'><strong>6</strong></span> <span class='ocrx_word' id='word_1_66' title='bbox 739 857 852 928; x_wconf 85' lang='grc' dir='ltr'>βίος</span> <span class='ocrx_word' id='word_1_67' title='bbox 901 855 1078 910; x_wconf 76' lang='grc' dir='ltr'>αὐτῶν</span> <span class='ocrx_word' id='word_1_68' title='bbox 1104 873 1116 886; x_wconf 90' lang='grc'><strong>·</strong></span> <span class='ocrx_word' id='word_1_69' title='bbox 1152 855 1268 918; x_wconf 87' lang='grc' dir='ltr'><strong>πῶς</strong></span> <span class='ocrx_word' id='word_1_70' title='bbox 1292 854 1383 907; x_wconf 78' lang='grc' dir='ltr'><strong>τὸν</strong></span> <span class='ocrx_word' id='word_1_71' title='bbox 1414 853 1522 907; x_wconf 87' lang='grc' dir='ltr'><strong>τῶν</strong></span> <span class='ocrx_word' id='word_1_72' title='bbox 1554 855 1689 921; x_wconf 81' lang='grc' dir='ltr'>ἀγα-</span> 
     </span>
    </p>
   </div>
   <div class='ocr_carea' id='block_1_11' title="bbox 126 941 1687 1022">
    <p class='ocr_par' dir='ltr' id='par_1_11' title="bbox 126 941 1687 1022">
     <span class='ocr_line' id='line_1_11' title="bbox 126 941 1687 1022; baseline -0.008 -15"><span class='ocrx_word' id='word_1_73' title='bbox 126 954 230 1007; x_wconf 82' lang='grc' dir='ltr'><strong>θῶν</strong></span> <span class='ocrx_word' id='word_1_74' title='bbox 279 951 502 1022; x_wconf 80' lang='grc' dir='ltr'>ποιητὴν</span> <span class='ocrx_word' id='word_1_75' title='bbox 525 951 710 1020; x_wconf 83' lang='grc' dir='ltr'>τάχιον</span> <span class='ocrx_word' id='word_1_76' title='bbox 730 950 826 1018; x_wconf 84' lang='grc' dir='ltr'><strong>οὐχ</strong></span> <span class='ocrx_word' id='word_1_77' title='bbox 848 942 905 1002; x_wconf 70' lang='grc' dir='ltr'>εὖ</span> <span class='ocrx_word' id='word_1_78' title='bbox 915 965 1002 1018; x_wconf 86' lang='grc' dir='ltr'><strong>ρον</strong></span> <span class='ocrx_word' id='word_1_79' title='bbox 1028 963 1042 1012; x_wconf 92' lang='grc'><strong>;</strong></span> <span class='ocrx_word' id='word_1_80' title='bbox 1086 947 1244 1016; x_wconf 91' lang='grc' dir='ltr'>μόνον</span> <span class='ocrx_word' id='word_1_81' title='bbox 1267 941 1357 998; x_wconf 83' lang='grc' dir='ltr'><strong>οῦν</strong></span> <span class='ocrx_word' id='word_1_82' title='bbox 1386 943 1550 1012; x_wconf 72' lang='grc' dir='ltr'>σοφοῦ</span> <span class='ocrx_word' id='word_1_83' title='bbox 1573 945 1687 997; x_wconf 80' lang='grc' dir='ltr'>ἐστι</span> 
     </span>
    </p>
   </div>
   <div class='ocr_carea' id='block_1_12' title="bbox 125 1033 1684 1114">
    <p class='ocr_par' dir='ltr' id='par_1_12' title="bbox 125 1033 1684 1114">
     <span class='ocr_line' id='line_1_12' title="bbox 125 1033 1684 1114; baseline -0.008 -16"><span class='ocrx_word' id='word_1_84' title='bbox 125 1045 317 1114; x_wconf 87' lang='grc' dir='ltr'>γνῶναι</span> <span class='ocrx_word' id='word_1_85' title='bbox 342 1044 443 1106; x_wconf 74' lang='grc' dir='ltr'><strong>τάς</strong></span> <span class='ocrx_word' id='word_1_86' title='bbox 474 1041 652 1104; x_wconf 76' lang='grc' dir='ltr'>αἰτίας</span> <span class='ocrx_word' id='word_1_87' title='bbox 687 1041 794 1092; x_wconf 90' lang='grc' dir='ltr'><strong>τῶν</strong></span> <span class='ocrx_word' id='word_1_88' title='bbox 825 1039 1130 1109; x_wconf 80' lang='grc' dir='ltr'>γενομένων</span> <span class='ocrx_word' id='word_1_89' title='bbox 1152 1054 1165 1067; x_wconf 74' lang='grc' dir='ltr'><strong>ο</strong></span> <span class='ocrx_word' id='word_1_90' title='bbox 1202 1033 1309 1090; x_wconf 76' lang='grc' dir='ltr'>οἶδε</span> <span class='ocrx_word' id='word_1_91' title='bbox 1349 1037 1456 1107; x_wconf 77' lang='grc' dir='ltr'>γὰρ</span> <span class='ocrx_word' id='word_1_92' title='bbox 1478 1034 1684 1103; x_wconf 77' lang='grc' dir='ltr'>σαφῶς,</span> 
     </span>
    </p>
   </div>
   <div class='ocr_carea' id='block_1_13' title="bbox 125 1124 1686 1203">
    <p class='ocr_par' dir='ltr' id='par_1_13' title="bbox 125 1124 1686 1203">
     <span class='ocr_line' id='line_1_13' title="bbox 125 1124 1686 1203; baseline -0.007 -13"><span class='ocrx_word' id='word_1_93' title='bbox 125 1137 214 1191; x_wconf 82' lang='grc' dir='ltr'>καὶ</span> <span class='ocrx_word' id='word_1_94' title='bbox 237 1134 350 1197; x_wconf 88' lang='grc' dir='ltr'><strong>πῶς</strong></span> <span class='ocrx_word' id='word_1_95' title='bbox 382 1134 646 1203; x_wconf 75' lang='grc' dir='ltr'>ἐγένοντο,</span> <span class='ocrx_word' id='word_1_96' title='bbox 687 1133 781 1185; x_wconf 73' lang='grc' dir='ltr'><strong>καὶ</strong></span> <span class='ocrx_word' id='word_1_97' title='bbox 812 1126 872 1184; x_wconf 82' lang='grc' dir='ltr'><strong>οῦ</strong></span> <span class='ocrx_word' id='word_1_98' title='bbox 906 1131 1064 1202; x_wconf 83' lang='grc' dir='ltr'><strong>χάριν</strong></span> <span class='ocrx_word' id='word_1_99' title='bbox 1095 1129 1371 1198; x_wconf 65' lang='grc' dir='ltr'>ἐγένοντοδ</span> <span class='ocrx_word' id='word_1_100' title='bbox 1402 1124 1562 1192; x_wconf 77' lang='grc' dir='ltr'>οἶδεν,</span> <span class='ocrx_word' id='word_1_101' title='bbox 1605 1128 1686 1180; x_wconf 82' lang='grc' dir='ltr'><strong>ὅτι</strong></span> 
     </span>
    </p>
   </div>
   <div class='ocr_carea' id='block_1_14' title="bbox 125 1218 1685 1294">
    <p class='ocr_par' dir='ltr' id='par_1_14' title="bbox 125 1218 1685 1294">
     <span class='ocr_line' id='line_1_14' title="bbox 125 1218 1685 1294; baseline -0.006 -13"><span class='ocrx_word' id='word_1_102' title='bbox 125 1227 227 1282; x_wconf 72' lang='grc' dir='ltr'><strong>⁴τῶν</strong></span> <span class='ocrx_word' id='word_1_103' title='bbox 257 1227 468 1280; x_wconf 85' lang='grc' dir='ltr'>πάντων</span> <span class='ocrx_word' id='word_1_104' title='bbox 499 1227 528 1278; x_wconf 87' lang='grc' dir='ltr'><strong>ὀ</strong></span> <span class='ocrx_word' id='word_1_105' title='bbox 569 1224 700 1287; x_wconf 73' lang='grc' dir='ltr'>Θεὸς</span> <span class='ocrx_word' id='word_1_106' title='bbox 732 1224 960 1294; x_wconf 84' lang='grc' dir='ltr'>ποιητής</span> <span class='ocrx_word' id='word_1_107' title='bbox 985 1224 1152 1275; x_wconf 74' lang='grc' dir='ltr'>ἐστιν’</span> <span class='ocrx_word' id='word_1_108' title='bbox 1183 1221 1382 1291; x_wconf 68' lang='grc' dir='ltr'>ἤκουσε</span> <span class='ocrx_word' id='word_1_109' title='bbox 1434 1220 1540 1289; x_wconf 78' lang='grc' dir='ltr'><strong>γάρ</strong></span> <span class='ocrx_word' id='word_1_110' title='bbox 1593 1218 1685 1272; x_wconf 90' lang='grc' dir='ltr'><strong>τοῦ</strong></span> 
     </span>
    </p>
   </div>
   <div class='ocr_carea' id='block_1_15' title="bbox 135 1311 1684 1385">
    <p class='ocr_par' dir='ltr' id='par_1_15' title="bbox 135 1311 1684 1385">
     <span class='ocr_line' id='line_1_15' title="bbox 135 1311 1684 1385; baseline -0.007 -11"><span class='ocrx_word' id='word_1_111' title='bbox 135 1319 450 1374; x_wconf 81' lang='grc' dir='ltr'>Ἀποστόλου</span> <span class='ocrx_word' id='word_1_112' title='bbox 497 1317 744 1385; x_wconf 76' lang='grc' dir='ltr'>λέγοντος</span> <span class='ocrx_word' id='word_1_113' title='bbox 768 1332 780 1345; x_wconf 89' lang='grc'><strong>·</strong></span> <span class='ocrx_word' id='word_1_114' title='bbox 817 1335 835 1366; x_wconf 78' lang='grc' dir='ltr'><strong>ι</strong></span> <span class='ocrx_word' id='word_1_115' title='bbox 882 1313 1002 1368; x_wconf 79' lang='grc' dir='ltr'>Εἴτε</span> <span class='ocrx_word' id='word_1_116' title='bbox 1051 1312 1278 1377; x_wconf 76' lang='grc' dir='ltr'>ἐσθίετε,</span> <span class='ocrx_word' id='word_1_117' title='bbox 1316 1313 1425 1366; x_wconf 79' lang='grc' dir='ltr'>εἴτε</span> <span class='ocrx_word' id='word_1_118' title='bbox 1468 1311 1684 1372; x_wconf 79' lang='grc' dir='ltr'>πίνετε,</span> 
     </span>
    </p>
   </div>
   <div class='ocr_carea' id='block_1_16' title="bbox 122 1401 1688 1470">
    <p class='ocr_par' dir='ltr' id='par_1_16' title="bbox 122 1401 1688 1470">
     <span class='ocr_line' id='line_1_16' title="bbox 122 1401 1688 1470; baseline -0.009 -4"><span class='ocrx_word' id='word_1_119' title='bbox 122 1412 230 1466; x_wconf 72' lang='grc' dir='ltr'>εἴτε</span> <span class='ocrx_word' id='word_1_120' title='bbox 257 1429 307 1465; x_wconf 93' lang='grc' dir='ltr'><strong>τι</strong></span> <span class='ocrx_word' id='word_1_121' title='bbox 349 1411 548 1463; x_wconf 81' lang='grc' dir='ltr'>ποιεῖτε</span> <span class='ocrx_word' id='word_1_122' title='bbox 569 1448 584 1470; x_wconf 92' lang='grc'><strong>,</strong></span> <span class='ocrx_word' id='word_1_123' title='bbox 610 1407 786 1460; x_wconf 89' lang='grc' dir='ltr'>πάντα</span> <span class='ocrx_word' id='word_1_124' title='bbox 838 1408 916 1468; x_wconf 73' lang='grc' dir='ltr'>εἰς</span> <span class='ocrx_word' id='word_1_125' title='bbox 955 1404 1111 1469; x_wconf 82' lang='grc' dir='ltr'>δόξαν</span> <span class='ocrx_word' id='word_1_126' title='bbox 1139 1403 1274 1457; x_wconf 86' lang='grc' dir='ltr'>Θεοῦ</span> <span class='ocrx_word' id='word_1_127' title='bbox 1315 1406 1534 1456; x_wconf 86' lang='grc' dir='ltr'>ποιεῖτε.</span> <span class='ocrx_word' id='word_1_128' title='bbox 1569 1421 1588 1453; x_wconf 78' lang='grc' dir='ltr'><strong>ι</strong></span> <span class='ocrx_word' id='word_1_129' title='bbox 1623 1401 1688 1455; x_wconf 82' lang='grc' dir='ltr'>Οί</span> 
     </span>
    </p>
   </div>
   <div class='ocr_carea' id='block_1_17' title="bbox 121 1494 1687 1568">
    <p class='ocr_par' dir='ltr' id='par_1_17' title="bbox 121 1494 1687 1568">
     <span class='ocr_line' id='line_1_17' title="bbox 121 1494 1687 1568; baseline -0.004 -17"><span class='ocrx_word' id='word_1_130' title='bbox 121 1499 177 1551; x_wconf 80' lang='grc' dir='ltr'>δὲ</span> <span class='ocrx_word' id='word_1_131' title='bbox 205 1497 280 1568; x_wconf 81' lang='grc' dir='ltr'><strong>τῷ</strong></span> <span class='ocrx_word' id='word_1_132' title='bbox 310 1497 408 1568; x_wconf 81' lang='grc' dir='ltr'>βίῳ</span> <span class='ocrx_word' id='word_1_133' title='bbox 451 1496 624 1566; x_wconf 85' lang='grc' dir='ltr'>τούτῳ</span> <span class='ocrx_word' id='word_1_134' title='bbox 676 1496 1034 1566; x_wconf 83' lang='grc' dir='ltr'>χρησάμενοι,</span> <span class='ocrx_word' id='word_1_135' title='bbox 1085 1494 1160 1557; x_wconf 88' lang='grc' dir='ltr'><strong>ώς</strong></span> <span class='ocrx_word' id='word_1_136' title='bbox 1197 1497 1252 1546; x_wconf 79' lang='grc' dir='ltr'>ὲν</span> <span class='ocrx_word' id='word_1_137' title='bbox 1283 1494 1492 1564; x_wconf 80' lang='grc' dir='ltr'>νεότητι</span> <span class='ocrx_word' id='word_1_138' title='bbox 1525 1509 1687 1544; x_wconf 87' lang='grc' dir='ltr'>σπου-</span> 
     </span>
    </p>
   </div>
   <div class='ocr_carea' id='block_1_18' title="bbox 120 1583 1686 1660">
    <p class='ocr_par' dir='ltr' id='par_1_18' title="bbox 120 1583 1686 1660">
     <span class='ocr_line' id='line_1_18' title="bbox 120 1583 1686 1660; baseline -0.006 -16"><span class='ocrx_word' id='word_1_139' title='bbox 120 1591 299 1654; x_wconf 81' lang='grc' dir='ltr'>δαίως,</span> <span class='ocrx_word' id='word_1_140' title='bbox 345 1591 440 1642; x_wconf 72' lang='grc' dir='ltr'><strong>καὶ</strong></span> <span class='ocrx_word' id='word_1_141' title='bbox 486 1593 551 1660; x_wconf 83' lang='grc' dir='ltr'>τῇ</span> <span class='ocrx_word' id='word_1_142' title='bbox 578 1588 784 1642; x_wconf 80' lang='grc' dir='ltr'>ἑαυτῶν</span> <span class='ocrx_word' id='word_1_143' title='bbox 820 1588 988 1658; x_wconf 76' lang='grc' dir='ltr'>κακίᾳ</span> <span class='ocrx_word' id='word_1_144' title='bbox 1014 1585 1554 1656; x_wconf 82' lang='grc' dir='ltr'>καταδαπανηθὲντες</span> <span class='ocrx_word' id='word_1_145' title='bbox 1592 1583 1686 1637; x_wconf 81' lang='grc' dir='ltr'><strong>ἀπ’</strong></span> 
     </span>
    </p>
   </div>
   <div class='ocr_carea' id='block_1_19' title="bbox 121 1673 1685 1753">
    <p class='ocr_par' dir='ltr' id='par_1_19' title="bbox 121 1673 1685 1753">
     <span class='ocr_line' id='line_1_19' title="bbox 121 1673 1685 1753; baseline -0.005 -19"><span class='ocrx_word' id='word_1_146' title='bbox 121 1682 289 1753; x_wconf 81' lang='grc' dir='ltr'>ἀρχῆς</span> <span class='ocrx_word' id='word_1_147' title='bbox 331 1679 490 1751; x_wconf 84' lang='grc' dir='ltr'>μέχρι</span> <span class='ocrx_word' id='word_1_148' title='bbox 537 1679 741 1744; x_wconf 79' lang='grc' dir='ltr'>τέλους,</span> <span class='ocrx_word' id='word_1_149' title='bbox 773 1679 871 1732; x_wconf 77' lang='grc' dir='ltr'><strong>οὐκ</strong></span> <span class='ocrx_word' id='word_1_150' title='bbox 917 1677 1159 1746; x_wconf 76' lang='grc' dir='ltr'>ἔγνωσαν</span> <span class='ocrx_word' id='word_1_151' title='bbox 1184 1677 1252 1730; x_wconf 87' lang='grc' dir='ltr'>τὰ</span> <span class='ocrx_word' id='word_1_152' title='bbox 1282 1677 1558 1745; x_wconf 84' lang='grc' dir='ltr'>ποιήματα</span> <span class='ocrx_word' id='word_1_153' title='bbox 1592 1673 1685 1727; x_wconf 90' lang='grc' dir='ltr'><strong>τοῦ</strong></span> 
     </span>
    </p>
   </div>
   <div class='ocr_carea' id='block_1_20' title="bbox 121 1766 1687 1843">
    <p class='ocr_par' dir='ltr' id='par_1_20' title="bbox 121 1766 1687 1843">
     <span class='ocr_line' id='line_1_20' title="bbox 121 1766 1687 1843; baseline -0.005 -17"><span class='ocrx_word' id='word_1_154' title='bbox 121 1773 269 1826; x_wconf 85' lang='grc' dir='ltr'>Θεοῦ.</span> <span class='ocrx_word' id='word_1_155' title='bbox 320 1771 382 1826; x_wconf 83' lang='grc' dir='ltr'><strong>Εἰ</strong></span> <span class='ocrx_word' id='word_1_156' title='bbox 413 1773 520 1843; x_wconf 83' lang='grc' dir='ltr'><strong>γὰρ</strong></span> <span class='ocrx_word' id='word_1_157' title='bbox 564 1767 704 1842; x_wconf 85' lang='grc' dir='ltr'>ἦσαν</span> <span class='ocrx_word' id='word_1_158' title='bbox 755 1770 1158 1842; x_wconf 87' lang='grc' dir='ltr'>ἀκριϐώσαντες</span> <span class='ocrx_word' id='word_1_159' title='bbox 1200 1768 1328 1840; x_wconf 79' lang='grc' dir='ltr'>περὶ</span> <span class='ocrx_word' id='word_1_160' title='bbox 1372 1767 1574 1820; x_wconf 89' lang='grc' dir='ltr'>τούτων</span> <span class='ocrx_word' id='word_1_161' title='bbox 1599 1766 1687 1819; x_wconf 82' lang='grc' dir='ltr'><strong>τὸν</strong></span> 
     </span>
    </p>
   </div>
   <div class='ocr_carea' id='block_1_21' title="bbox 122 1857 1687 1932">
    <p class='ocr_par' dir='ltr' id='par_1_21' title="bbox 122 1857 1687 1932">
     <span class='ocr_line' id='line_1_21' title="bbox 122 1857 1687 1932; baseline -0.005 -14"><span class='ocrx_word' id='word_1_162' title='bbox 122 1865 262 1928; x_wconf 90' lang='grc' dir='ltr'>νοῦν,</span> <span class='ocrx_word' id='word_1_163' title='bbox 316 1865 529 1927; x_wconf 87' lang='grc' dir='ltr'>πάντως</span> <span class='ocrx_word' id='word_1_164' title='bbox 579 1863 644 1917; x_wconf 87' lang='grc' dir='ltr'><strong>ἂν</strong></span> <span class='ocrx_word' id='word_1_165' title='bbox 695 1861 906 1915; x_wconf 73' lang='grc' dir='ltr'>καὶτὸν</span> <span class='ocrx_word' id='word_1_166' title='bbox 948 1861 1150 1915; x_wconf 83' lang='grc' dir='ltr'>τούτων</span> <span class='ocrx_word' id='word_1_167' title='bbox 1186 1860 1520 1932; x_wconf 80' lang='grc' dir='ltr'>δημιουργὸν</span> <span class='ocrx_word' id='word_1_168' title='bbox 1555 1857 1687 1912; x_wconf 84' lang='grc' dir='ltr'>Θεὸν</span> 
     </span>
    </p>
   </div>
   <div class='ocr_carea' id='block_1_22' title="bbox 120 1950 1688 2026">
    <p class='ocr_par' dir='ltr' id='par_1_22' title="bbox 120 1950 1688 2026">
     <span class='ocr_line' id='line_1_22' title="bbox 120 1950 1688 2026; baseline -0.003 -18"><span class='ocrx_word' id='word_1_169' title='bbox 120 1955 300 2026; x_wconf 83' lang='grc' dir='ltr'>τάχιον</span> <span class='ocrx_word' id='word_1_170' title='bbox 350 1953 714 2022; x_wconf 77' lang='grc' dir='ltr'>ἐπεγίνωσκον</span> <span class='ocrx_word' id='word_1_171' title='bbox 740 1969 752 1982; x_wconf 76' lang='grc' dir='ltr'><strong>ο</strong></span> <span class='ocrx_word' id='word_1_172' title='bbox 790 1970 808 2002; x_wconf 79' lang='grc' dir='ltr'><strong>ι</strong></span> <span class='ocrx_word' id='word_1_173' title='bbox 859 1951 953 2005; x_wconf 86' lang='grc' dir='ltr'>Ἐκ</span> <span class='ocrx_word' id='word_1_174' title='bbox 993 1952 1101 2024; x_wconf 85' lang='grc' dir='ltr'><strong>γάρ</strong></span> <span class='ocrx_word' id='word_1_175' title='bbox 1133 1953 1394 2022; x_wconf 84' lang='grc' dir='ltr'>μεγέθους</span> <span class='ocrx_word' id='word_1_176' title='bbox 1433 1952 1525 2004; x_wconf 80' lang='grc' dir='ltr'><strong>καὶ</strong></span> <span class='ocrx_word' id='word_1_177' title='bbox 1555 1950 1688 2004; x_wconf 79' lang='grc' dir='ltr'>καλ-ο</span> 
     </span>
    </p>
   </div>
   <div class='ocr_carea' id='block_1_23' title="bbox 122 2044 1684 2116">
    <p class='ocr_par' dir='ltr' id='par_1_23' title="bbox 122 2044 1684 2116">
     <span class='ocr_line' id='line_1_23' title="bbox 122 2044 1684 2116; baseline -0.004 -16"><span class='ocrx_word' id='word_1_178' title='bbox 122 2046 277 2116; x_wconf 86' lang='grc' dir='ltr'>λονῆς</span> <span class='ocrx_word' id='word_1_179' title='bbox 313 2046 622 2116; x_wconf 86' lang='grc' dir='ltr'>κτισμάτων</span> <span class='ocrx_word' id='word_1_180' title='bbox 653 2048 682 2098; x_wconf 90' lang='grc' dir='ltr'><strong>ὀ</strong></span> <span class='ocrx_word' id='word_1_181' title='bbox 713 2045 1091 2115; x_wconf 84' lang='grc' dir='ltr'>γενεσιουργὸς</span> <span class='ocrx_word' id='word_1_182' title='bbox 1115 2044 1293 2097; x_wconf 83' lang='grc' dir='ltr'>αὐτῶν</span> <span class='ocrx_word' id='word_1_183' title='bbox 1323 2044 1627 2116; x_wconf 79' lang='grc' dir='ltr'>θεωρεῖται.</span> <span class='ocrx_word' id='word_1_184' title='bbox 1666 2062 1684 2094; x_wconf 78' lang='grc' dir='ltr'><strong>ι</strong></span> 
     </span>
    </p>
   </div>
   <div class='ocr_carea' id='block_1_24' title="bbox 131 2135 1690 2211">
    <p class='ocr_par' dir='ltr' id='par_1_24' title="bbox 131 2135 1690 2211">
     <span class='ocr_line' id='line_1_24' title="bbox 131 2135 1690 2211; baseline -0.003 -17"><span class='ocrx_word' id='word_1_185' title='bbox 131 2140 264 2211; x_wconf 86' lang='grc' dir='ltr'><strong>Ὀδῷ</strong></span> <span class='ocrx_word' id='word_1_186' title='bbox 301 2135 390 2194; x_wconf 83' lang='grc' dir='ltr'><strong>οῦν</strong></span> <span class='ocrx_word' id='word_1_187' title='bbox 419 2139 682 2210; x_wconf 81' lang='grc' dir='ltr'>κέχρηται</span> <span class='ocrx_word' id='word_1_188' title='bbox 720 2137 924 2209; x_wconf 78' lang='grc' dir='ltr'>ἀγούσῃ</span> <span class='ocrx_word' id='word_1_189' title='bbox 959 2140 1083 2200; x_wconf 85' lang='grc' dir='ltr'>τοὺς</span> <span class='ocrx_word' id='word_1_190' title='bbox 1116 2137 1435 2208; x_wconf 84' lang='grc' dir='ltr'>ἀνθρώπους</span> <span class='ocrx_word' id='word_1_191' title='bbox 1466 2139 1530 2190; x_wconf 85' lang='grc' dir='ltr'>ὲκ</span> <span class='ocrx_word' id='word_1_192' title='bbox 1581 2135 1690 2190; x_wconf 90' lang='grc' dir='ltr'><strong>τῶν</strong></span> 
     </span>
    </p>
   </div>
   <div class='ocr_carea' id='block_1_25' title="bbox 120 2227 1690 2302">
    <p class='ocr_par' dir='ltr' id='par_1_25' title="bbox 120 2227 1690 2302">
     <span class='ocr_line' id='line_1_25' title="bbox 120 2227 1690 2302; baseline -0.004 -16"><span class='ocrx_word' id='word_1_193' title='bbox 120 2232 428 2302; x_wconf 73' lang='grc' dir='ltr'>κτισμάτων</span> <span class='ocrx_word' id='word_1_194' title='bbox 461 2231 552 2282; x_wconf 74' lang='grc' dir='ltr'>ἐπὶ</span> <span class='ocrx_word' id='word_1_195' title='bbox 605 2228 695 2282; x_wconf 77' lang='grc' dir='ltr'><strong>τὸν</strong></span> <span class='ocrx_word' id='word_1_196' title='bbox 743 2227 852 2282; x_wconf 89' lang='grc' dir='ltr'><strong>τῶν</strong></span> <span class='ocrx_word' id='word_1_197' title='bbox 891 2229 1143 2282; x_wconf 82' lang='grc' dir='ltr'>ἁπάντων</span> <span class='ocrx_word' id='word_1_198' title='bbox 1195 2227 1418 2298; x_wconf 82' lang='grc' dir='ltr'>κτίστην</span> <span class='ocrx_word' id='word_1_199' title='bbox 1459 2227 1552 2280; x_wconf 71' lang='grc' dir='ltr'>καὶ</span> <span class='ocrx_word' id='word_1_200' title='bbox 1593 2227 1690 2298; x_wconf 88' lang='grc' dir='ltr'>δη-</span> 
     </span>
    </p>
   </div>
   <div class='ocr_carea' id='block_1_26' title="bbox 123 2324 400 2395">
    <p class='ocr_par' dir='ltr' id='par_1_26' title="bbox 123 2324 400 2395">
     <span class='ocr_line' id='line_1_26' title="bbox 123 2324 400 2395; baseline 0.007 -19"><span class='ocrx_word' id='word_1_201' title='bbox 123 2324 400 2395; x_wconf 79' lang='grc' dir='ltr'>μιουργόν.</span> 
     </span>
    </p>
   </div>
   <div class='ocr_carea' id='block_1_27' title="bbox 153 2400 1690 2484">
    <p class='ocr_par' dir='ltr' id='par_1_27' title="bbox 153 2400 1690 2484">
     <span class='ocr_line' id='line_1_27' title="bbox 153 2400 1690 2484; baseline -0.006 -16"><span class='ocrx_word' id='word_1_202' title='bbox 153 2400 159 2405; x_wconf 38' lang='grc'><em>”</em></span> <span class='ocrx_word' id='word_1_203' title='bbox 186 2414 241 2469; x_wconf 73' lang='grc'>2.</span> <span class='ocrx_word' id='word_1_204' title='bbox 274 2414 456 2466; x_wconf 86' lang='grc' dir='ltr'>Ταῦτα</span> <span class='ocrx_word' id='word_1_205' title='bbox 490 2415 586 2484; x_wconf 80' lang='grc' dir='ltr'>μὲν</span> <span class='ocrx_word' id='word_1_206' title='bbox 619 2411 1035 2482; x_wconf 82' lang='grc' dir='ltr'>προσεθήκαμεν</span> <span class='ocrx_word' id='word_1_207' title='bbox 1065 2409 1142 2481; x_wconf 79' lang='grc' dir='ltr'><strong>τῷ</strong></span> <span class='ocrx_word' id='word_1_208' title='bbox 1189 2409 1352 2479; x_wconf 87' lang='grc' dir='ltr'>λόγῳ,</span> <span class='ocrx_word' id='word_1_209' title='bbox 1395 2407 1690 2478; x_wconf 79' lang='grc' dir='ltr'>ἐπειδήπερ</span> 
     </span>
    </p>
   </div>
   <div class='ocr_carea' id='block_1_28' title="bbox 118 2499 1690 2576">
    <p class='ocr_par' dir='ltr' id='par_1_28' title="bbox 118 2499 1690 2576">
     <span class='ocr_line' id='line_1_28' title="bbox 118 2499 1690 2576; baseline -0.005 -17"><span class='ocrx_word' id='word_1_210' title='bbox 118 2505 318 2568; x_wconf 80' lang='grc' dir='ltr'>πάντες</span> <span class='ocrx_word' id='word_1_211' title='bbox 365 2507 440 2568; x_wconf 89' lang='grc' dir='ltr'>ὠς</span> <span class='ocrx_word' id='word_1_212' title='bbox 492 2503 735 2576; x_wconf 83' lang='grc' dir='ltr'>πρόϐατα</span> <span class='ocrx_word' id='word_1_213' title='bbox 784 2502 1192 2574; x_wconf 77' lang='grc' dir='ltr'>ἐπλανήθησανο</span> <span class='ocrx_word' id='word_1_214' title='bbox 1225 2503 1320 2554; x_wconf 70' lang='grc' dir='ltr'><strong>καὶ</strong></span> <span class='ocrx_word' id='word_1_215' title='bbox 1343 2502 1423 2553; x_wconf 88' lang='grc' dir='ltr'>ὅτι</span> <span class='ocrx_word' id='word_1_216' title='bbox 1462 2519 1480 2551; x_wconf 78' lang='grc' dir='ltr'><strong>ι</strong></span> <span class='ocrx_word' id='word_1_217' title='bbox 1513 2499 1690 2570; x_wconf 81' lang='grc' dir='ltr'>φθόνῳ</span> 
     </span>
    </p>
   </div>
   <div class='ocr_carea' id='block_1_29' title="bbox 117 2588 1690 2662">
    <p class='ocr_par' dir='ltr' id='par_1_29' title="bbox 117 2588 1690 2662">
     <span class='ocr_line' id='line_1_29' title="bbox 117 2588 1690 2662; baseline -0.004 -13"><span class='ocrx_word' id='word_1_218' title='bbox 117 2596 357 2649; x_wconf 79' lang='grc' dir='ltr'>διαϐόλου</span> <span class='ocrx_word' id='word_1_219' title='bbox 384 2595 609 2657; x_wconf 87' lang='grc' dir='ltr'>θάνατος</span> <span class='ocrx_word' id='word_1_220' title='bbox 644 2591 890 2662; x_wconf 66' lang='grc' dir='ltr'>εὶιςῆλθεν</span> <span class='ocrx_word' id='word_1_221' title='bbox 923 2594 1000 2655; x_wconf 81' lang='grc' dir='ltr'><strong>είς</strong></span> <span class='ocrx_word' id='word_1_222' title='bbox 1028 2588 1118 2644; x_wconf 77' lang='grc' dir='ltr'><strong>τδν</strong></span> <span class='ocrx_word' id='word_1_223' title='bbox 1147 2590 1368 2662; x_wconf 84' lang='grc' dir='ltr'>κόσμον,</span> <span class='ocrx_word' id='word_1_224' title='bbox 1401 2609 1420 2642; x_wconf 75' lang='grc' dir='ltr'><strong>ι</strong></span> <span class='ocrx_word' id='word_1_225' title='bbox 1457 2589 1548 2642; x_wconf 73' lang='grc' dir='ltr'>καὶ</span> <span class='ocrx_word' id='word_1_226' title='bbox 1578 2604 1690 2642; x_wconf 85' lang='grc' dir='ltr'>σει-</span> 
     </span>
    </p>
   </div>
   <div class='ocr_carea' id='block_1_30' title="bbox 121 2682 1686 2759">
    <p class='ocr_par' dir='ltr' id='par_1_30' title="bbox 121 2682 1686 2759">
     <span class='ocr_line' id='line_1_30' title="bbox 121 2682 1686 2759; baseline -0.004 -17"><span class='ocrx_word' id='word_1_227' title='bbox 121 2692 241 2759; x_wconf 80' lang='grc' dir='ltr'>ραῖς</span> <span class='ocrx_word' id='word_1_228' title='bbox 273 2687 380 2740; x_wconf 90' lang='grc' dir='ltr'><strong>τῶν</strong></span> <span class='ocrx_word' id='word_1_229' title='bbox 431 2685 624 2740; x_wconf 80' lang='grc' dir='ltr'>ἑαυτοῦ</span> <span class='ocrx_word' id='word_1_230' title='bbox 658 2683 1068 2753; x_wconf 82' lang='grc' dir='ltr'>ἁμαρτημάτων</span> <span class='ocrx_word' id='word_1_231' title='bbox 1111 2683 1338 2745; x_wconf 76' lang='grc' dir='ltr'>ἕκαστος</span> <span class='ocrx_word' id='word_1_232' title='bbox 1377 2682 1686 2751; x_wconf 82' lang='grc' dir='ltr'>ὲσφίγγετο.</span> 
     </span>
    </p>
   </div>
   <div class='ocr_carea' id='block_1_31' title="bbox 122 2773 1691 2850">
    <p class='ocr_par' dir='ltr' id='par_1_31' title="bbox 122 2773 1691 2850">
     <span class='ocr_line' id='line_1_31' title="bbox 122 2773 1691 2850; baseline -0.004 -19"><span class='ocrx_word' id='word_1_233' title='bbox 122 2803 141 2831; x_wconf 78' lang='grc' dir='ltr'>σ</span> <span class='ocrx_word' id='word_1_234' title='bbox 190 2778 527 2834; x_wconf 85' lang='grc' dir='ltr'>Ἐϐασίλευσε</span> <span class='ocrx_word' id='word_1_235' title='bbox 568 2778 676 2850; x_wconf 86' lang='grc' dir='ltr'>γὰρ</span> <span class='ocrx_word' id='word_1_236' title='bbox 706 2781 734 2832; x_wconf 86' lang='grc' dir='ltr'>ὁ</span> <span class='ocrx_word' id='word_1_237' title='bbox 759 2779 984 2840; x_wconf 84' lang='grc' dir='ltr'>θάνατος</span> <span class='ocrx_word' id='word_1_238' title='bbox 1029 2775 1136 2830; x_wconf 83' lang='grc' dir='ltr'><strong>ἀπὸ</strong></span> <span class='ocrx_word' id='word_1_239' title='bbox 1175 2774 1344 2844; x_wconf 78' lang='grc' dir='ltr'>’Λδάμ</span> <span class='ocrx_word' id='word_1_240' title='bbox 1374 2773 1533 2844; x_wconf 86' lang='grc' dir='ltr'>μέχρι</span> <span class='ocrx_word' id='word_1_241' title='bbox 1562 2774 1691 2826; x_wconf 81' lang='grc' dir='ltr'><strong>Μω-</strong></span> 
     </span>
    </p>
   </div>
   <div class='ocr_carea' id='block_1_32' title="bbox 120 2860 1690 2940">
    <p class='ocr_par' dir='ltr' id='par_1_32' title="bbox 120 2860 1690 2940">
     <span class='ocr_line' id='line_1_32' title="bbox 120 2860 1690 2940; baseline -0.006 -16"><span class='ocrx_word' id='word_1_242' title='bbox 120 2872 275 2935; x_wconf 83' lang='grc' dir='ltr'>σέως,</span> <span class='ocrx_word' id='word_1_243' title='bbox 307 2871 399 2923; x_wconf 66' lang='grc' dir='ltr'><strong>καὶ</strong></span> <span class='ocrx_word' id='word_1_244' title='bbox 422 2870 513 2921; x_wconf 75' lang='grc' dir='ltr'><strong>ἐπὶ</strong></span> <span class='ocrx_word' id='word_1_245' title='bbox 544 2871 670 2932; x_wconf 72' lang='grc' dir='ltr'>τοὺς</span> <span class='ocrx_word' id='word_1_246' title='bbox 703 2869 776 2940; x_wconf 81' lang='grc' dir='ltr'>μὴ</span> <span class='ocrx_word' id='word_1_247' title='bbox 800 2869 1227 2938; x_wconf 82' lang='grc' dir='ltr'>ἁμαρτήσαντας</span> <span class='ocrx_word' id='word_1_248' title='bbox 1262 2864 1356 2917; x_wconf 78' lang='grc' dir='ltr'><strong>ἐπὶ</strong></span> <span class='ocrx_word' id='word_1_249' title='bbox 1382 2862 1458 2933; x_wconf 81' lang='grc' dir='ltr'><strong>τῷ</strong></span> <span class='ocrx_word' id='word_1_250' title='bbox 1487 2860 1690 2934; x_wconf 82' lang='grc' dir='ltr'>ὁμοιώ-</span> 
     </span>
    </p>
   </div>
   <div class='ocr_carea' id='block_1_33' title="bbox 120 2956 1691 3033">
    <p class='ocr_par' dir='ltr' id='par_1_33' title="bbox 120 2956 1691 3033">
     <span class='ocr_line' id='line_1_33' title="bbox 120 2956 1691 3033; baseline -0.004 -18"><span class='ocrx_word' id='word_1_251' title='bbox 120 2979 247 3032; x_wconf 88' lang='grc' dir='ltr'>ματι</span> <span class='ocrx_word' id='word_1_252' title='bbox 284 2961 382 3031; x_wconf 75' lang='grc' dir='ltr'>τῆς</span> <span class='ocrx_word' id='word_1_253' title='bbox 432 2959 795 3033; x_wconf 87' lang='grc' dir='ltr'>παραϐάσεως</span> <span class='ocrx_word' id='word_1_254' title='bbox 837 2959 1024 3029; x_wconf 84' lang='grc' dir='ltr'>Ἀδάμ.</span> <span class='ocrx_word' id='word_1_255' title='bbox 1059 2977 1078 3009; x_wconf 75' lang='grc' dir='ltr'><strong>ι</strong></span> <span class='ocrx_word' id='word_1_256' title='bbox 1115 2956 1252 3009; x_wconf 87' lang='grc' dir='ltr'>Ἀλλ’</span> <span class='ocrx_word' id='word_1_257' title='bbox 1291 2956 1636 3026; x_wconf 80' lang='grc' dir='ltr'>ἐπεδήμησεν</span> <span class='ocrx_word' id='word_1_258' title='bbox 1661 2956 1691 3009; x_wconf 91' lang='lat'><strong>6</strong></span> 
     </span>
    </p>
   </div>
   <div class='ocr_carea' id='block_1_34' title="bbox 116 3047 1690 3125">
    <p class='ocr_par' dir='ltr' id='par_1_34' title="bbox 116 3047 1690 3125">
     <span class='ocr_line' id='line_1_34' title="bbox 116 3047 1690 3125; baseline -0.006 -17"><span class='ocrx_word' id='word_1_259' title='bbox 116 3055 319 3125; x_wconf 82' lang='grc' dir='ltr'>Κύριος</span> <span class='ocrx_word' id='word_1_260' title='bbox 370 3053 524 3124; x_wconf 73' lang='grc' dir='ltr'>ἡμῶν</span> <span class='ocrx_word' id='word_1_261' title='bbox 591 3051 796 3122; x_wconf 82' lang='grc' dir='ltr'>Ἰησοῦς</span> <span class='ocrx_word' id='word_1_262' title='bbox 860 3050 1093 3120; x_wconf 79' lang='grc' dir='ltr'>Χριστὸς</span> <span class='ocrx_word' id='word_1_263' title='bbox 1152 3047 1512 3118; x_wconf 84' lang='grc' dir='ltr'>λυτρούμενος</span> <span class='ocrx_word' id='word_1_264' title='bbox 1564 3047 1690 3110; x_wconf 78' lang='grc' dir='ltr'>τοὺς</span> 
     </span>
    </p>
   </div>
   <div class='ocr_carea' id='block_1_35' title="bbox 117 3138 1687 3216">
    <p class='ocr_par' dir='ltr' id='par_1_35' title="bbox 117 3138 1687 3216">
     <span class='ocr_line' id='line_1_35' title="bbox 117 3138 1687 3216; baseline -0.005 -18"><span class='ocrx_word' id='word_1_265' title='bbox 117 3145 516 3216; x_wconf 84' lang='grc' dir='ltr'>αἰχμαλώτους,</span> <span class='ocrx_word' id='word_1_266' title='bbox 575 3145 671 3196; x_wconf 81' lang='grc' dir='ltr'><strong>καὶ</strong></span> <span class='ocrx_word' id='word_1_267' title='bbox 701 3142 978 3206; x_wconf 77' lang='grc' dir='ltr'>ζωοποιῶν</span> <span class='ocrx_word' id='word_1_268' title='bbox 1025 3142 1152 3204; x_wconf 79' lang='grc' dir='ltr'>τοὺς</span> <span class='ocrx_word' id='word_1_269' title='bbox 1196 3138 1687 3208; x_wconf 84' lang='grc' dir='ltr'>τεθανατωμένους.</span> 
     </span>
    </p>
   </div>
   <div class='ocr_carea' id='block_1_36' title="bbox 129 3227 1693 3306">
    <p class='ocr_par' dir='ltr' id='par_1_36' title="bbox 129 3227 1693 3306">
     <span class='ocr_line' id='line_1_36' title="bbox 129 3227 1693 3306; baseline -0.004 -18"><span class='ocrx_word' id='word_1_270' title='bbox 129 3236 344 3306; x_wconf 83' lang='grc' dir='ltr'>’Δμέλει</span> <span class='ocrx_word' id='word_1_271' title='bbox 370 3237 460 3288; x_wconf 79' lang='grc' dir='ltr'>καὶ</span> <span class='ocrx_word' id='word_1_272' title='bbox 483 3237 510 3288; x_wconf 88' lang='lat'><strong>6</strong></span> <span class='ocrx_word' id='word_1_273' title='bbox 536 3233 815 3296; x_wconf 81' lang='grc' dir='ltr'>θεσπέσιος</span> <span class='ocrx_word' id='word_1_274' title='bbox 847 3227 1189 3293; x_wconf 75' lang='grc' dir='ltr'>Ἀπόστολος,</span> <span class='ocrx_word' id='word_1_275' title='bbox 1217 3228 1373 3283; x_wconf 87' lang='grc' dir='ltr'>τοῦτο</span> <span class='ocrx_word' id='word_1_276' title='bbox 1397 3229 1693 3300; x_wconf 76' lang='grc' dir='ltr'>ἐπιστάμε-</span> 
     </span>
    </p>
   </div>
   <div class='ocr_carea' id='block_1_37' title="bbox 116 3321 1694 3398">
    <p class='ocr_par' dir='ltr' id='par_1_37' title="bbox 116 3321 1694 3398">
     <span class='ocr_line' id='line_1_37' title="bbox 116 3321 1694 3398; baseline -0.004 -16"><span class='ocrx_word' id='word_1_277' title='bbox 116 3345 224 3392; x_wconf 89' lang='grc' dir='ltr'>νος,</span> <span class='ocrx_word' id='word_1_278' title='bbox 254 3327 456 3398; x_wconf 76' lang='grc' dir='ltr'>ἔγραφε</span> <span class='ocrx_word' id='word_1_279' title='bbox 471 3327 662 3395; x_wconf 78' lang='grc' dir='ltr'>λέγων·</span> <span class='ocrx_word' id='word_1_280' title='bbox 692 3346 708 3378; x_wconf 88' lang='grc' dir='ltr'><strong>ι</strong></span> <span class='ocrx_word' id='word_1_281' title='bbox 740 3327 802 3381; x_wconf 82' lang='grc' dir='ltr'><strong>Εἰ</strong></span> <span class='ocrx_word' id='word_1_282' title='bbox 826 3325 934 3397; x_wconf 82' lang='grc' dir='ltr'>γὰρ</span> <span class='ocrx_word' id='word_1_283' title='bbox 952 3324 1030 3396; x_wconf 79' lang='grc' dir='ltr'>τῷ</span> <span class='ocrx_word' id='word_1_284' title='bbox 1052 3323 1144 3376; x_wconf 85' lang='grc' dir='ltr'><strong>τοῦ</strong></span> <span class='ocrx_word' id='word_1_285' title='bbox 1158 3323 1275 3386; x_wconf 80' lang='grc' dir='ltr'>ὲνδς</span> <span class='ocrx_word' id='word_1_286' title='bbox 1295 3321 1694 3393; x_wconf 79' lang='grc' dir='ltr'>παραπτώματι</span> 
     </span>
    </p>
   </div>
   <div class='ocr_carea' id='block_1_38' title="bbox 114 3412 1696 3488">
    <p class='ocr_par' dir='ltr' id='par_1_38' title="bbox 114 3412 1696 3488">
     <span class='ocr_line' id='line_1_38' title="bbox 114 3412 1696 3488; baseline -0.004 -16"><span class='ocrx_word' id='word_1_287' title='bbox 114 3421 166 3472; x_wconf 78' lang='grc' dir='ltr'>οε</span> <span class='ocrx_word' id='word_1_288' title='bbox 184 3419 367 3473; x_wconf 74' lang='grc' dir='ltr'>πολλοὶ</span> <span class='ocrx_word' id='word_1_289' title='bbox 394 3418 682 3484; x_wconf 84' lang='grc' dir='ltr'>ἀπέθανον,</span> <span class='ocrx_word' id='word_1_290' title='bbox 707 3416 892 3488; x_wconf 84' lang='grc' dir='ltr'>πολλῷ</span> <span class='ocrx_word' id='word_1_291' title='bbox 902 3417 1097 3488; x_wconf 80' lang='grc' dir='ltr'>μᾶλλον</span> <span class='ocrx_word' id='word_1_292' title='bbox 1113 3414 1190 3485; x_wconf 84' lang='grc' dir='ltr'>τῷ</span> <span class='ocrx_word' id='word_1_293' title='bbox 1210 3413 1302 3468; x_wconf 89' lang='grc' dir='ltr'><strong>τοῦ</strong></span> <span class='ocrx_word' id='word_1_294' title='bbox 1338 3415 1454 3476; x_wconf 81' lang='grc' dir='ltr'>ἑνὸς</span> <span class='ocrx_word' id='word_1_295' title='bbox 1485 3412 1696 3468; x_wconf 84' lang='grc' dir='ltr'>δικαιώ-</span> 
     </span>
    </p>
   </div>
   <div class='ocr_carea' id='block_1_39' title="bbox 118 3504 1694 3581">
    <p class='ocr_par' dir='ltr' id='par_1_39' title="bbox 118 3504 1694 3581">
     <span class='ocr_line' id='line_1_39' title="bbox 118 3504 1694 3581; baseline -0.004 -17"><span class='ocrx_word' id='word_1_296' title='bbox 118 3527 253 3581; x_wconf 84' lang='grc' dir='ltr'>ματι</span> <span class='ocrx_word' id='word_1_297' title='bbox 308 3512 342 3581; x_wconf 80' lang='grc' dir='ltr'><strong>ἡ</strong></span> <span class='ocrx_word' id='word_1_298' title='bbox 384 3510 542 3581; x_wconf 85' lang='grc' dir='ltr'>χάρις</span> <span class='ocrx_word' id='word_1_299' title='bbox 585 3511 664 3573; x_wconf 85' lang='grc' dir='ltr'><strong>εἰς</strong></span> <span class='ocrx_word' id='word_1_300' title='bbox 698 3509 902 3572; x_wconf 84' lang='grc' dir='ltr'>πάντας</span> <span class='ocrx_word' id='word_1_301' title='bbox 939 3506 1257 3578; x_wconf 85' lang='grc' dir='ltr'>ἀνθρώπους</span> <span class='ocrx_word' id='word_1_302' title='bbox 1288 3507 1368 3568; x_wconf 79' lang='grc' dir='ltr'><strong>εἰς</strong></span> <span class='ocrx_word' id='word_1_303' title='bbox 1415 3504 1694 3558; x_wconf 81' lang='grc' dir='ltr'>δικαίωσιν</span> 
     </span>
    </p>
   </div>
   <div class='ocr_carea' id='block_1_40' title="bbox 117 3596 1696 3674">
    <p class='ocr_par' dir='ltr' id='par_1_40' title="bbox 117 3596 1696 3674">
     <span class='ocr_line' id='line_1_40' title="bbox 117 3596 1696 3674; baseline -0.005 -18"><span class='ocrx_word' id='word_1_304' title='bbox 117 3601 288 3674; x_wconf 79' lang='grc' dir='ltr'>ζωῆς.</span> <span class='ocrx_word' id='word_1_305' title='bbox 317 3621 337 3653; x_wconf 75' lang='grc' dir='ltr'><strong>ι</strong></span> <span class='ocrx_word' id='word_1_306' title='bbox 378 3601 715 3672; x_wconf 80' lang='grc' dir='ltr'>Ἐπεδήμησε</span> <span class='ocrx_word' id='word_1_307' title='bbox 737 3598 1025 3670; x_wconf 80' lang='grc' dir='ltr'>τοιγαροῦν</span> <span class='ocrx_word' id='word_1_308' title='bbox 1058 3598 1192 3670; x_wconf 77' lang='grc' dir='ltr'>πρὸς</span> <span class='ocrx_word' id='word_1_309' title='bbox 1230 3598 1378 3668; x_wconf 81' lang='grc' dir='ltr'>ἡμᾶς</span> <span class='ocrx_word' id='word_1_310' title='bbox 1398 3599 1425 3649; x_wconf 93' lang='lat'><strong>6</strong></span> <span class='ocrx_word' id='word_1_311' title='bbox 1455 3596 1562 3660; x_wconf 81' lang='grc' dir='ltr'>ζῶν</span> <span class='ocrx_word' id='word_1_312' title='bbox 1602 3597 1696 3648; x_wconf 77' lang='grc' dir='ltr'><strong>καὶ</strong></span> 
     </span>
    </p>
   </div>
   <div class='ocr_carea' id='block_1_41' title="bbox 119 3687 1696 3766">
    <p class='ocr_par' dir='ltr' id='par_1_41' title="bbox 119 3687 1696 3766">
     <span class='ocr_line' id='line_1_41' title="bbox 119 3687 1696 3766; baseline -0.005 -18"><span class='ocrx_word' id='word_1_313' title='bbox 119 3695 350 3766; x_wconf 68' lang='grc' dir='ltr'>ἐνεργὴς</span> <span class='ocrx_word' id='word_1_314' title='bbox 369 3694 460 3747; x_wconf 88' lang='grc' dir='ltr'><strong>τοῦ</strong></span> <span class='ocrx_word' id='word_1_315' title='bbox 491 3693 626 3747; x_wconf 87' lang='grc' dir='ltr'>Θεοῦ</span> <span class='ocrx_word' id='word_1_316' title='bbox 649 3693 838 3761; x_wconf 85' lang='grc' dir='ltr'>Λόγος,</span> <span class='ocrx_word' id='word_1_317' title='bbox 857 3694 952 3745; x_wconf 73' lang='grc' dir='ltr'>καὶ</span> <span class='ocrx_word' id='word_1_318' title='bbox 965 3691 1126 3746; x_wconf 80' lang='grc' dir='ltr'>εἰκὼν</span> <span class='ocrx_word' id='word_1_319' title='bbox 1147 3693 1180 3761; x_wconf 80' lang='grc' dir='ltr'>ἡ</span> <span class='ocrx_word' id='word_1_320' title='bbox 1198 3687 1632 3761; x_wconf 84' lang='grc' dir='ltr'>ἀπαράλλακτος,</span> <span class='ocrx_word' id='word_1_321' title='bbox 1666 3689 1696 3740; x_wconf 94' lang='lat'><strong>6</strong></span> 
     </span>
    </p>
   </div>
   <div class='ocr_carea' id='block_1_42' title="bbox 114 3778 1696 3857">
    <p class='ocr_par' dir='ltr' id='par_1_42' title="bbox 114 3778 1696 3857">
     <span class='ocr_line' id='line_1_42' title="bbox 114 3778 1696 3857; baseline -0.007 -15"><span class='ocrx_word' id='word_1_322' title='bbox 114 3788 248 3850; x_wconf 77' lang='grc' dir='ltr'>Υἱὸς</span> <span class='ocrx_word' id='word_1_323' title='bbox 271 3789 300 3839; x_wconf 88' lang='grc' dir='ltr'>ὁ</span> <span class='ocrx_word' id='word_1_324' title='bbox 326 3787 637 3857; x_wconf 82' lang='grc' dir='ltr'>μονογενὴς,</span> <span class='ocrx_word' id='word_1_325' title='bbox 663 3803 680 3835; x_wconf 82' lang='grc' dir='ltr'><strong>ι</strong></span> <span class='ocrx_word' id='word_1_326' title='bbox 712 3785 776 3838; x_wconf 80' lang='grc' dir='ltr'>δι’</span> <span class='ocrx_word' id='word_1_327' title='bbox 797 3778 856 3838; x_wconf 75' lang='grc' dir='ltr'><strong>οὗ</strong></span> <span class='ocrx_word' id='word_1_328' title='bbox 883 3784 1168 3854; x_wconf 87' lang='grc' dir='ltr'>γεγόνασιν</span> <span class='ocrx_word' id='word_1_329' title='bbox 1189 3785 1237 3835; x_wconf 86' lang='grc' dir='ltr'>οἱ</span> <span class='ocrx_word' id='word_1_330' title='bbox 1270 3781 1487 3843; x_wconf 83' lang='grc' dir='ltr'>αἰῶνες,</span> <span class='ocrx_word' id='word_1_331' title='bbox 1514 3781 1696 3849; x_wconf 82' lang='grc' dir='ltr'>φέρων</span> 
     </span>
    </p>
   </div>
   <div class='ocr_carea' id='block_1_43' title="bbox 111 3870 1697 3948">
    <p class='ocr_par' dir='ltr' id='par_1_43' title="bbox 111 3870 1697 3948">
     <span class='ocr_line' id='line_1_43' title="bbox 111 3870 1697 3948; baseline -0.006 -16"><span class='ocrx_word' id='word_1_332' title='bbox 111 3896 174 3932; x_wconf 83' lang='grc' dir='ltr'><strong>τε</strong></span> <span class='ocrx_word' id='word_1_333' title='bbox 199 3877 474 3932; x_wconf 74' lang='grc' dir='ltr'>τὰιπάντα</span> <span class='ocrx_word' id='word_1_334' title='bbox 499 3878 575 3948; x_wconf 83' lang='grc' dir='ltr'><strong>τῷ</strong></span> <span class='ocrx_word' id='word_1_335' title='bbox 627 3879 830 3948; x_wconf 77' lang='grc' dir='ltr'>ῥήματι</span> <span class='ocrx_word' id='word_1_336' title='bbox 869 3877 968 3944; x_wconf 76' lang='grc' dir='ltr'>τῆς</span> <span class='ocrx_word' id='word_1_337' title='bbox 997 3875 1278 3947; x_wconf 87' lang='grc' dir='ltr'>δυνάμεως</span> <span class='ocrx_word' id='word_1_338' title='bbox 1313 3871 1502 3935; x_wconf 81' lang='grc' dir='ltr'>αὑτοῦ,</span> <span class='ocrx_word' id='word_1_339' title='bbox 1527 3870 1697 3924; x_wconf 82' lang='grc' dir='ltr'>καθα-</span> 
     </span>
    </p>
   </div>
   <div class='ocr_carea' id='block_1_44' title="bbox 111 3963 1696 4044">
    <p class='ocr_par' dir='ltr' id='par_1_44' title="bbox 111 3963 1696 4044">
     <span class='ocr_line' id='line_1_44' title="bbox 111 3963 1696 4044; baseline -0.007 -20"><span class='ocrx_word' id='word_1_340' title='bbox 111 3971 314 4043; x_wconf 85' lang='grc' dir='ltr'>ρισμὸν</span> <span class='ocrx_word' id='word_1_341' title='bbox 342 3970 450 4023; x_wconf 90' lang='grc' dir='ltr'><strong>τῶν</strong></span> <span class='ocrx_word' id='word_1_342' title='bbox 475 3970 753 4044; x_wconf 81' lang='grc' dir='ltr'>ἁμαρτιῶν</span> <span class='ocrx_word' id='word_1_343' title='bbox 783 3970 1164 4040; x_wconf 83' lang='grc' dir='ltr'>ποιησάμενος.</span> <span class='ocrx_word' id='word_1_344' title='bbox 1203 3987 1222 4019; x_wconf 78' lang='grc' dir='ltr'><strong>ι</strong></span> <span class='ocrx_word' id='word_1_345' title='bbox 1263 3966 1353 4019; x_wconf 78' lang='grc' dir='ltr'>Διὸ</span> <span class='ocrx_word' id='word_1_346' title='bbox 1379 3963 1696 4020; x_wconf 86' lang='grc' dir='ltr'>ἀποστέλλει</span> 
     </span>
    </p>
   </div>
   <div class='ocr_carea' id='block_1_45' title="bbox 110 4054 1696 4130">
    <p class='ocr_par' dir='ltr' id='par_1_45' title="bbox 110 4054 1696 4130">
     <span class='ocr_line' id='line_1_45' title="bbox 110 4054 1696 4130; baseline -0.005 -18"><span class='ocrx_word' id='word_1_347' title='bbox 110 4059 212 4112; x_wconf 89' lang='grc' dir='ltr'><strong>δύο</strong></span> <span class='ocrx_word' id='word_1_348' title='bbox 279 4059 524 4130; x_wconf 84' lang='grc' dir='ltr'>μαθητὰς</span> <span class='ocrx_word' id='word_1_349' title='bbox 590 4062 668 4123; x_wconf 84' lang='grc' dir='ltr'><strong>είς</strong></span> <span class='ocrx_word' id='word_1_350' title='bbox 733 4059 830 4130; x_wconf 82' lang='grc' dir='ltr'><strong>τὴν</strong></span> <span class='ocrx_word' id='word_1_351' title='bbox 897 4058 1180 4112; x_wconf 81' lang='grc' dir='ltr'>κατέναντι</span> <span class='ocrx_word' id='word_1_352' title='bbox 1247 4055 1461 4127; x_wconf 80' lang='grc' dir='ltr'>κώμην,</span> <span class='ocrx_word' id='word_1_353' title='bbox 1523 4054 1696 4122; x_wconf 84' lang='grc' dir='ltr'>λέγων</span> 
     </span>
    </p>
   </div>
   <div class='ocr_carea' id='block_1_46' title="bbox 111 4144 1698 4222">
    <p class='ocr_par' dir='ltr' id='par_1_46' title="bbox 111 4144 1698 4222">
     <span class='ocr_line' id='line_1_46' title="bbox 111 4144 1698 4222; baseline -0.005 -19"><span class='ocrx_word' id='word_1_354' title='bbox 111 4150 256 4222; x_wconf 75' lang='grc' dir='ltr'>πρὸς</span> <span class='ocrx_word' id='word_1_355' title='bbox 286 4149 482 4214; x_wconf 80' lang='grc' dir='ltr'>αὐτούς</span> <span class='ocrx_word' id='word_1_356' title='bbox 503 4167 516 4180; x_wconf 90' lang='grc'><strong>·</strong></span> <span class='ocrx_word' id='word_1_357' title='bbox 546 4169 564 4200; x_wconf 78' lang='grc' dir='ltr'><strong>ι</strong></span> <span class='ocrx_word' id='word_1_358' title='bbox 595 4148 901 4220; x_wconf 86' lang='grc' dir='ltr'>Πορεύθητε</span> <span class='ocrx_word' id='word_1_359' title='bbox 955 4151 1032 4211; x_wconf 79' lang='grc' dir='ltr'>εἰς</span> <span class='ocrx_word' id='word_1_360' title='bbox 1056 4149 1153 4219; x_wconf 80' lang='grc' dir='ltr'>τὴν</span> <span class='ocrx_word' id='word_1_361' title='bbox 1198 4145 1390 4217; x_wconf 85' lang='grc' dir='ltr'>κώμην</span> <span class='ocrx_word' id='word_1_362' title='bbox 1436 4144 1532 4216; x_wconf 83' lang='grc' dir='ltr'>τὴν</span> <span class='ocrx_word' id='word_1_363' title='bbox 1567 4161 1698 4197; x_wconf 86' lang='grc' dir='ltr'>κατ-</span> 
     </span>
    </p>
   </div>
   <div class='ocr_carea' id='block_1_47' title="bbox 111 4237 1697 4311">
    <p class='ocr_par' dir='ltr' id='par_1_47' title="bbox 111 4237 1697 4311">
     <span class='ocr_line' id='line_1_47' title="bbox 111 4237 1697 4311; baseline -0.004 -15"><span class='ocrx_word' id='word_1_364' title='bbox 111 4244 301 4298; x_wconf 72' lang='grc' dir='ltr'>ἐνκντι</span> <span class='ocrx_word' id='word_1_365' title='bbox 359 4241 551 4311; x_wconf 81' lang='grc' dir='ltr'>ὑμῶν,</span> <span class='ocrx_word' id='word_1_366' title='bbox 608 4243 702 4294; x_wconf 75' lang='grc' dir='ltr'>καὶ</span> <span class='ocrx_word' id='word_1_367' title='bbox 774 4239 976 4302; x_wconf 79' lang='grc' dir='ltr'>εὐθέως</span> <span class='ocrx_word' id='word_1_368' title='bbox 1037 4241 1299 4310; x_wconf 86' lang='grc' dir='ltr'>εὑρήσετε</span> <span class='ocrx_word' id='word_1_369' title='bbox 1381 4238 1499 4291; x_wconf 77' lang='grc' dir='ltr'>ὄνον</span> <span class='ocrx_word' id='word_1_370' title='bbox 1554 4237 1697 4290; x_wconf 85' lang='grc' dir='ltr'>δεδε-</span> 
     </span>
    </p>
   </div>
   <div class='ocr_carea' id='block_1_48' title="bbox 114 4328 1696 4407">
    <p class='ocr_par' dir='ltr' id='par_1_48' title="bbox 114 4328 1696 4407">
     <span class='ocr_line' id='line_1_48' title="bbox 114 4328 1696 4407; baseline -0.003 -22"><span class='ocrx_word' id='word_1_371' title='bbox 114 4337 315 4407; x_wconf 75' lang='grc' dir='ltr'>μένην,</span> <span class='ocrx_word' id='word_1_372' title='bbox 366 4334 458 4387; x_wconf 74' lang='grc' dir='ltr'>καὶ</span> <span class='ocrx_word' id='word_1_373' title='bbox 497 4332 674 4386; x_wconf 84' lang='grc' dir='ltr'>πῶλον</span> <span class='ocrx_word' id='word_1_374' title='bbox 728 4331 844 4402; x_wconf 84' lang='grc' dir='ltr'>μετ’</span> <span class='ocrx_word' id='word_1_375' title='bbox 894 4331 1098 4401; x_wconf 51' lang='grc' dir='ltr'>αὐτῆς</span> <span class='ocrx_word' id='word_1_376' title='bbox 1145 4328 1696 4398; x_wconf 66' lang='grc' dir='ltr'>λύσαντες,ἁγάγετὲ</span> 
     </span>
    </p>
   </div>
   <div class='ocr_carea' id='block_1_49' title="bbox 1789 475 3363 546">
    <p class='ocr_par' dir='ltr' id='par_1_49' title="bbox 1789 475 3363 546">
     <span class='ocr_line' id='line_1_49' title="bbox 1789 475 3363 546; baseline -0.001 -14"><span class='ocrx_word' id='word_1_377' title='bbox 1789 487 1842 532; x_wconf 84' lang='grc' dir='ltr'><strong>ει</strong></span> <span class='ocrx_word' id='word_1_378' title='bbox 1871 478 2063 531; x_wconf 84' lang='lat' dir='ltr'><strong>beatus</strong></span> <span class='ocrx_word' id='word_1_379' title='bbox 2096 475 2300 530; x_wconf 84' lang='lat' dir='ltr'><strong>Paulus</strong></span> <span class='ocrx_word' id='word_1_380' title='bbox 2333 476 2413 530; x_wconf 89' lang='lat' dir='ltr'><strong>sic</strong></span> <span class='ocrx_word' id='word_1_381' title='bbox 2455 475 2745 546; x_wconf 75' lang='lat' dir='ltr'><strong>loquentes</strong></span> <span class='ocrx_word' id='word_1_382' title='bbox 2789 477 3009 532; x_wconf 76' lang='lat' dir='ltr'><strong>exhibet</strong></span> <span class='ocrx_word' id='word_1_383' title='bbox 3039 495 3052 531; x_wconf 89' lang='lat'>:</span> <span class='ocrx_word' id='word_1_384' title='bbox 3079 496 3102 528; x_wconf 75' lang='grc' dir='ltr'><strong>ι</strong></span> <span class='ocrx_word' id='word_1_385' title='bbox 3135 476 3363 531; x_wconf 81' lang='lat' dir='ltr'><strong>Mandu-</strong></span> 
     </span>
    </p>
   </div>
   <div class='ocr_carea' id='block_1_50' title="bbox 1788 569 3362 624">
    <p class='ocr_par' dir='ltr' id='par_1_50' title="bbox 1788 569 3362 624">
     <span class='ocr_line' id='line_1_50' title="bbox 1788 569 3362 624; baseline 0 0"><span class='ocrx_word' id='word_1_386' title='bbox 1788 584 1977 624; x_wconf 89' lang='lat' dir='ltr'><strong>cemus</strong></span> <span class='ocrx_word' id='word_1_387' title='bbox 2024 578 2078 623; x_wconf 87' lang='lat' dir='ltr'><strong>et</strong></span> <span class='ocrx_word' id='word_1_388' title='bbox 2127 570 2417 624; x_wconf 83' lang='lat' dir='ltr'><strong>bibamus:</strong></span> <span class='ocrx_word' id='word_1_389' title='bbox 2463 585 2590 623; x_wconf 82' lang='lat' dir='ltr'><strong>cras</strong></span> <span class='ocrx_word' id='word_1_390' title='bbox 2631 570 2776 624; x_wconf 87' lang='lat' dir='ltr'><strong>enim</strong></span> <span class='ocrx_word' id='word_1_391' title='bbox 2820 571 3118 624; x_wconf 89' lang='lat' dir='ltr'><strong>moriemur</strong></span> <span class='ocrx_word' id='word_1_392' title='bbox 3147 570 3214 624; x_wconf 81' lang='lat'><strong>“.</strong></span> <span class='ocrx_word' id='word_1_393' title='bbox 3251 589 3272 623; x_wconf 72' lang='grc' dir='ltr'><strong>ι</strong></span> <span class='ocrx_word' id='word_1_394' title='bbox 3303 569 3362 624; x_wconf 88' lang='lat' dir='ltr'><strong>Si</strong></span> 
     </span>
    </p>
   </div>
   <div class='ocr_carea' id='block_1_51' title="bbox 1787 661 3366 731">
    <p class='ocr_par' dir='ltr' id='par_1_51' title="bbox 1787 661 3366 731">
     <span class='ocr_line' id='line_1_51' title="bbox 1787 661 3366 731; baseline 0 -16"><span class='ocrx_word' id='word_1_395' title='bbox 1787 675 1916 730; x_wconf 81' lang='lat' dir='ltr'><strong>ergo</strong></span> <span class='ocrx_word' id='word_1_396' title='bbox 1945 661 2134 714; x_wconf 87' lang='lat' dir='ltr'><strong>miseri</strong></span> <span class='ocrx_word' id='word_1_397' title='bbox 2169 661 2245 714; x_wconf 86' lang='lat' dir='ltr'><strong>illi</strong></span> <span class='ocrx_word' id='word_1_398' title='bbox 2279 669 2489 714; x_wconf 91' lang='lat' dir='ltr'><strong>tantum</strong></span> <span class='ocrx_word' id='word_1_399' title='bbox 2525 676 2858 731; x_wconf 81' lang='lat' dir='ltr'><strong>cognoscere</strong></span> <span class='ocrx_word' id='word_1_400' title='bbox 2891 664 3211 726; x_wconf 90' lang='lat' dir='ltr'><strong>valuerunt,</strong></span> <span class='ocrx_word' id='word_1_401' title='bbox 3245 663 3366 717; x_wconf 75' lang='lat' dir='ltr'><strong>exi-</strong></span> 
     </span>
    </p>
   </div>
   <div class='ocr_carea' id='block_1_52' title="bbox 1787 753 3366 822">
    <p class='ocr_par' dir='ltr' id='par_1_52' title="bbox 1787 753 3366 822">
     <span class='ocr_line' id='line_1_52' title="bbox 1787 753 3366 822; baseline 0.002 -18"><span class='ocrx_word' id='word_1_402' title='bbox 1787 767 1945 822; x_wconf 75' lang='lat' dir='ltr'><strong>guam</strong></span> <span class='ocrx_word' id='word_1_403' title='bbox 1979 753 2194 806; x_wconf 76' lang='lat' dir='ltr'><strong>scilicet</strong></span> <span class='ocrx_word' id='word_1_404' title='bbox 2221 767 2285 806; x_wconf 79' lang='lat' dir='ltr'><strong>ac</strong></span> <span class='ocrx_word' id='word_1_405' title='bbox 2313 753 2526 806; x_wconf 89' lang='lat' dir='ltr'><strong>tristem</strong></span> <span class='ocrx_word' id='word_1_406' title='bbox 2557 768 2680 808; x_wconf 89' lang='lat' dir='ltr'><strong>esse</strong></span> <span class='ocrx_word' id='word_1_407' title='bbox 2705 753 2871 805; x_wconf 89' lang='lat' dir='ltr'><strong>vitam</strong></span> <span class='ocrx_word' id='word_1_408' title='bbox 2903 769 3059 808; x_wconf 88' lang='lat' dir='ltr'><strong>suam</strong></span> <span class='ocrx_word' id='word_1_409' title='bbox 3093 771 3106 806; x_wconf 93' lang='lat'>:</span> <span class='ocrx_word' id='word_1_410' title='bbox 3138 769 3238 806; x_wconf 91' lang='lat' dir='ltr'><strong>cur</strong></span> <span class='ocrx_word' id='word_1_411' title='bbox 3266 754 3366 807; x_wconf 84' lang='lat' dir='ltr'><strong>bo-</strong></span> 
     </span>
    </p>
   </div>
   <div class='ocr_carea' id='block_1_53' title="bbox 1787 843 3366 898">
    <p class='ocr_par' dir='ltr' id='par_1_53' title="bbox 1787 843 3366 898">
     <span class='ocr_line' id='line_1_53' title="bbox 1787 843 3366 898; baseline 0.001 -1"><span class='ocrx_word' id='word_1_412' title='bbox 1787 858 1984 897; x_wconf 90' lang='lat' dir='ltr'><strong>norum</strong></span> <span class='ocrx_word' id='word_1_413' title='bbox 2028 853 2307 897; x_wconf 86' lang='lat' dir='ltr'><strong>auctorem</strong></span> <span class='ocrx_word' id='word_1_414' title='bbox 2354 845 2519 898; x_wconf 85' lang='lat' dir='ltr'><strong>citius</strong></span> <span class='ocrx_word' id='word_1_415' title='bbox 2566 859 2674 898; x_wconf 89' lang='lat' dir='ltr'><strong>non</strong></span> <span class='ocrx_word' id='word_1_416' title='bbox 2720 844 3022 898; x_wconf 77' lang='lat' dir='ltr'><strong>invenere?</strong></span> <span class='ocrx_word' id='word_1_417' title='bbox 3053 843 3236 898; x_wconf 89' lang='lat' dir='ltr'><strong>Solius</strong></span> <span class='ocrx_word' id='word_1_418' title='bbox 3263 845 3366 898; x_wconf 54' lang='lat' dir='ltr'><strong>ita.</strong></span> 
     </span>
    </p>
   </div>
   <div class='ocr_carea' id='block_1_54' title="bbox 1787 933 3365 1002">
    <p class='ocr_par' dir='ltr' id='par_1_54' title="bbox 1787 933 3365 1002">
     <span class='ocr_line' id='line_1_54' title="bbox 1787 933 3365 1002; baseline 0.003 -17"><span class='ocrx_word' id='word_1_419' title='bbox 1787 948 1892 1002; x_wconf 87' lang='lat' dir='ltr'><strong>que</strong></span> <span class='ocrx_word' id='word_1_420' title='bbox 1918 933 2178 1002; x_wconf 84' lang='lat' dir='ltr'><strong>sapientis</strong></span> <span class='ocrx_word' id='word_1_421' title='bbox 2215 940 2302 987; x_wconf 86' lang='lat' dir='ltr'><strong>est</strong></span> <span class='ocrx_word' id='word_1_422' title='bbox 2349 948 2518 988; x_wconf 90' lang='lat' dir='ltr'><strong>nosse</strong></span> <span class='ocrx_word' id='word_1_423' title='bbox 2564 949 2746 988; x_wconf 87' lang='lat' dir='ltr'><strong>rerum</strong></span> <span class='ocrx_word' id='word_1_424' title='bbox 2788 950 3025 989; x_wconf 85' lang='lat' dir='ltr'><strong>causas:</strong></span> <span class='ocrx_word' id='word_1_425' title='bbox 3077 935 3365 990; x_wconf 82' lang='lat' dir='ltr'><strong>manifeste</strong></span> 
     </span>
    </p>
   </div>
   <div class='ocr_carea' id='block_1_55' title="bbox 1786 1024 3362 1096">
    <p class='ocr_par' dir='ltr' id='par_1_55' title="bbox 1786 1024 3362 1096">
     <span class='ocr_line' id='line_1_55' title="bbox 1786 1024 3362 1096; baseline 0.001 -18"><span class='ocrx_word' id='word_1_426' title='bbox 1786 1024 1939 1078; x_wconf 88' lang='lat' dir='ltr'><strong>novit</strong></span> <span class='ocrx_word' id='word_1_427' title='bbox 1966 1025 2165 1094; x_wconf 88' lang='lat' dir='ltr'><strong>quippe</strong></span> <span class='ocrx_word' id='word_1_428' title='bbox 2186 1063 2200 1087; x_wconf 90' lang='lat'><strong>,</strong></span> <span class='ocrx_word' id='word_1_429' title='bbox 2229 1039 2338 1094; x_wconf 90' lang='lat' dir='ltr'><strong>quo</strong></span> <span class='ocrx_word' id='word_1_430' title='bbox 2367 1024 2528 1078; x_wconf 90' lang='lat' dir='ltr'><strong>modo</strong></span> <span class='ocrx_word' id='word_1_431' title='bbox 2554 1033 2604 1080; x_wconf 90' lang='lat' dir='ltr'><strong>et</strong></span> <span class='ocrx_word' id='word_1_432' title='bbox 2641 1040 2750 1096; x_wconf 88' lang='lat' dir='ltr'><strong>quo</strong></span> <span class='ocrx_word' id='word_1_433' title='bbox 2775 1024 2882 1079; x_wconf 83' lang='lat' dir='ltr'><strong>ﬁne</strong></span> <span class='ocrx_word' id='word_1_434' title='bbox 2909 1041 2996 1080; x_wconf 90' lang='lat' dir='ltr'><strong>res</strong></span> <span class='ocrx_word' id='word_1_435' title='bbox 3026 1024 3184 1081; x_wconf 66' lang='lat' dir='ltr'><strong>factae</strong></span> <span class='ocrx_word' id='word_1_436' title='bbox 3213 1028 3323 1081; x_wconf 90' lang='lat' dir='ltr'><strong>sint</strong></span> <span class='ocrx_word' id='word_1_437' title='bbox 3347 1046 3362 1080; x_wconf 76' lang='grc' dir='ltr'>ε</span> 
     </span>
    </p>
   </div>
   <div class='ocr_carea' id='block_1_56' title="bbox 1793 1112 3367 1176">
    <p class='ocr_par' dir='ltr' id='par_1_56' title="bbox 1793 1112 3367 1176">
     <span class='ocr_line' id='line_1_56' title="bbox 1793 1112 3367 1176; baseline 0.003 -10"><span class='ocrx_word' id='word_1_438' title='bbox 1793 1113 1945 1166; x_wconf 87' lang='lat' dir='ltr'><strong>novit</strong></span> <span class='ocrx_word' id='word_1_439' title='bbox 2015 1112 2222 1176; x_wconf 83' lang='lat' dir='ltr'><strong>Deum,</strong></span> <span class='ocrx_word' id='word_1_440' title='bbox 2292 1113 2538 1166; x_wconf 87' lang='lat' dir='ltr'><strong>omnium</strong></span> <span class='ocrx_word' id='word_1_441' title='bbox 2601 1129 2723 1168; x_wconf 87' lang='lat' dir='ltr'><strong>esse</strong></span> <span class='ocrx_word' id='word_1_442' title='bbox 2787 1112 3100 1168; x_wconf 83' lang='lat' dir='ltr'><strong>factorem:</strong></span> <span class='ocrx_word' id='word_1_443' title='bbox 3158 1116 3367 1170; x_wconf 75' lang='lat' dir='ltr'><strong>audivit</strong></span> 
     </span>
    </p>
   </div>
   <div class='ocr_carea' id='block_1_57' title="bbox 1788 1201 3364 1274">
    <p class='ocr_par' dir='ltr' id='par_1_57' title="bbox 1788 1201 3364 1274">
     <span class='ocr_line' id='line_1_57' title="bbox 1788 1201 3364 1274; baseline 0.003 -18"><span class='ocrx_word' id='word_1_444' title='bbox 1788 1204 1990 1274; x_wconf 88' lang='lat' dir='ltr'><strong>quippe</strong></span> <span class='ocrx_word' id='word_1_445' title='bbox 2039 1203 2312 1257; x_wconf 83' lang='lat' dir='ltr'><strong>dicentem</strong></span> <span class='ocrx_word' id='word_1_446' title='bbox 2363 1201 2684 1272; x_wconf 84' lang='lat' dir='ltr'><strong>Apostolqu</strong></span> <span class='ocrx_word' id='word_1_447' title='bbox 2714 1222 2728 1258; x_wconf 87' lang='lat'><strong>:</strong></span> <span class='ocrx_word' id='word_1_448' title='bbox 2759 1224 2777 1255; x_wconf 79' lang='grc' dir='ltr'><strong>ι</strong></span> <span class='ocrx_word' id='word_1_449' title='bbox 2811 1206 2938 1259; x_wconf 86' lang='lat' dir='ltr'><strong>Sive</strong></span> <span class='ocrx_word' id='word_1_450' title='bbox 2986 1207 3364 1269; x_wconf 89' lang='lat' dir='ltr'><strong>manducatis.</strong></span> 
     </span>
    </p>
   </div>
   <div class='ocr_carea' id='block_1_58' title="bbox 1795 1295 3364 1366">
    <p class='ocr_par' dir='ltr' id='par_1_58' title="bbox 1795 1295 3364 1366">
     <span class='ocr_line' id='line_1_58' title="bbox 1795 1295 3364 1366; baseline 0.001 -16"><span class='ocrx_word' id='word_1_451' title='bbox 1795 1297 1910 1350; x_wconf 80' lang='lat' dir='ltr'><strong>sive</strong></span> <span class='ocrx_word' id='word_1_452' title='bbox 1945 1295 2165 1360; x_wconf 82' lang='lat' dir='ltr'><strong>bibitis,</strong></span> <span class='ocrx_word' id='word_1_453' title='bbox 2204 1296 2318 1349; x_wconf 83' lang='lat' dir='ltr'><strong>sive</strong></span> <span class='ocrx_word' id='word_1_454' title='bbox 2362 1296 2492 1364; x_wconf 91' lang='lat' dir='ltr'><strong>quid</strong></span> <span class='ocrx_word' id='word_1_455' title='bbox 2540 1296 2752 1362; x_wconf 79' lang='lat' dir='ltr'><strong>tacitis;</strong></span> <span class='ocrx_word' id='word_1_456' title='bbox 2801 1297 2984 1350; x_wconf 89' lang='lat' dir='ltr'><strong>omnia</strong></span> <span class='ocrx_word' id='word_1_457' title='bbox 3030 1297 3086 1350; x_wconf 92' lang='lat' dir='ltr'><strong>in</strong></span> <span class='ocrx_word' id='word_1_458' title='bbox 3137 1298 3364 1366; x_wconf 77' lang='lat' dir='ltr'><strong>gloriam</strong></span> 
     </span>
    </p>
   </div>
   <div class='ocr_carea' id='block_1_59' title="bbox 1791 1385 3366 1456">
    <p class='ocr_par' dir='ltr' id='par_1_59' title="bbox 1791 1385 3366 1456">
     <span class='ocr_line' id='line_1_59' title="bbox 1791 1385 3366 1456; baseline 0.001 -16"><span class='ocrx_word' id='word_1_459' title='bbox 1791 1386 1888 1442; x_wconf 89' lang='lat' dir='ltr'><strong>Dei</strong></span> <span class='ocrx_word' id='word_1_460' title='bbox 1923 1386 2086 1441; x_wconf 84' lang='lat' dir='ltr'><strong>facite</strong></span> <span class='ocrx_word' id='word_1_461' title='bbox 2122 1387 2192 1441; x_wconf 77' lang='grc'>⁸⁷..</span> <span class='ocrx_word' id='word_1_462' title='bbox 2223 1405 2242 1438; x_wconf 71' lang='grc' dir='ltr'><strong>ι</strong></span> <span class='ocrx_word' id='word_1_463' title='bbox 2272 1385 2376 1451; x_wconf 85' lang='lat' dir='ltr'><strong>Qui</strong></span> <span class='ocrx_word' id='word_1_464' title='bbox 2411 1401 2542 1440; x_wconf 84' lang='lat' dir='ltr'><strong>vero</strong></span> <span class='ocrx_word' id='word_1_465' title='bbox 2573 1389 2685 1439; x_wconf 83' lang='lat' dir='ltr'><strong>vita</strong></span> <span class='ocrx_word' id='word_1_466' title='bbox 2719 1387 2886 1456; x_wconf 83' lang='lat' dir='ltr'><strong>hujus</strong></span> <span class='ocrx_word' id='word_1_467' title='bbox 2918 1387 3106 1441; x_wconf 77' lang='lat' dir='ltr'><strong>sa-culi</strong></span> <span class='ocrx_word' id='word_1_468' title='bbox 3140 1389 3366 1456; x_wconf 89' lang='lat' dir='ltr'><strong>vivunt,</strong></span> 
     </span>
    </p>
   </div>
   <div class='ocr_carea' id='block_1_60' title="bbox 1787 1477 3367 1549">
    <p class='ocr_par' dir='ltr' id='par_1_60' title="bbox 1787 1477 3367 1549">
     <span class='ocr_line' id='line_1_60' title="bbox 1787 1477 3367 1549; baseline 0 -17"><span class='ocrx_word' id='word_1_469' title='bbox 1787 1490 2046 1547; x_wconf 89' lang='lat' dir='ltr'><strong>tanquam</strong></span> <span class='ocrx_word' id='word_1_470' title='bbox 2082 1479 2136 1531; x_wconf 90' lang='lat' dir='ltr'><strong>in</strong></span> <span class='ocrx_word' id='word_1_471' title='bbox 2165 1477 2451 1546; x_wconf 82' lang='lat' dir='ltr'><strong>juventute</strong></span> <span class='ocrx_word' id='word_1_472' title='bbox 2482 1478 2757 1542; x_wconf 87' lang='lat' dir='ltr'><strong>celeriter,</strong></span> <span class='ocrx_word' id='word_1_473' title='bbox 2791 1488 2845 1532; x_wconf 89' lang='lat' dir='ltr'><strong>et</strong></span> <span class='ocrx_word' id='word_1_474' title='bbox 2891 1478 3096 1532; x_wconf 82' lang='lat' dir='ltr'><strong>malitia</strong></span> <span class='ocrx_word' id='word_1_475' title='bbox 3143 1479 3367 1549; x_wconf 89' lang='lat' dir='ltr'><strong>propria</strong></span> 
     </span>
    </p>
   </div>
   <div class='ocr_carea' id='block_1_61' title="bbox 1789 1568 3370 1639">
    <p class='ocr_par' dir='ltr' id='par_1_61' title="bbox 1789 1568 3370 1639">
     <span class='ocr_line' id='line_1_61' title="bbox 1789 1568 3370 1639; baseline 0.001 -16"><span class='ocrx_word' id='word_1_476' title='bbox 1789 1586 1819 1623; x_wconf 90' lang='lat' dir='ltr'><strong>a</strong></span> <span class='ocrx_word' id='word_1_477' title='bbox 1853 1570 2121 1639; x_wconf 89' lang='lat' dir='ltr'><strong>principio</strong></span> <span class='ocrx_word' id='word_1_478' title='bbox 2152 1568 2219 1622; x_wconf 91' lang='lat' dir='ltr'><strong>ad</strong></span> <span class='ocrx_word' id='word_1_479' title='bbox 2249 1569 2411 1624; x_wconf 76' lang='lat' dir='ltr'><strong>finem</strong></span> <span class='ocrx_word' id='word_1_480' title='bbox 2444 1585 2620 1639; x_wconf 91' lang='lat' dir='ltr'><strong>usque</strong></span> <span class='ocrx_word' id='word_1_481' title='bbox 2647 1571 2994 1638; x_wconf 89' lang='lat' dir='ltr'><strong>consumpti,</strong></span> <span class='ocrx_word' id='word_1_482' title='bbox 3025 1586 3132 1624; x_wconf 90' lang='lat' dir='ltr'><strong>non</strong></span> <span class='ocrx_word' id='word_1_483' title='bbox 3165 1577 3370 1624; x_wconf 87' lang='lat' dir='ltr'><strong>norunt</strong></span> 
     </span>
    </p>
   </div>
   <div class='ocr_carea' id='block_1_62' title="bbox 1789 1659 3366 1731">
    <p class='ocr_par' dir='ltr' id='par_1_62' title="bbox 1789 1659 3366 1731">
     <span class='ocr_line' id='line_1_62' title="bbox 1789 1659 3366 1731; baseline 0.001 -17"><span class='ocrx_word' id='word_1_484' title='bbox 1789 1661 2006 1731; x_wconf 82' lang='lat' dir='ltr'><strong>Opiﬁcia</strong></span> <span class='ocrx_word' id='word_1_485' title='bbox 2039 1659 2156 1714; x_wconf 89' lang='lat' dir='ltr'><strong>Dei.</strong></span> <span class='ocrx_word' id='word_1_486' title='bbox 2205 1659 2341 1714; x_wconf 84' lang='lat' dir='ltr'><strong>Nam</strong></span> <span class='ocrx_word' id='word_1_487' title='bbox 2389 1661 2436 1714; x_wconf 87' lang='lat' dir='ltr'><strong>si</strong></span> <span class='ocrx_word' id='word_1_488' title='bbox 2473 1669 2654 1715; x_wconf 89' lang='lat' dir='ltr'><strong>mente</strong></span> <span class='ocrx_word' id='word_1_489' title='bbox 2687 1675 2785 1715; x_wconf 90' lang='lat' dir='ltr'><strong>sua</strong></span> <span class='ocrx_word' id='word_1_490' title='bbox 2817 1668 3073 1715; x_wconf 87' lang='lat' dir='ltr'><strong>accurate</strong></span> <span class='ocrx_word' id='word_1_491' title='bbox 3109 1662 3197 1714; x_wconf 88' lang='lat' dir='ltr'><strong>illa</strong></span> <span class='ocrx_word' id='word_1_492' title='bbox 3230 1677 3366 1716; x_wconf 92' lang='lat' dir='ltr'><strong>con-</strong></span> 
     </span>
    </p>
   </div>
   <div class='ocr_carea' id='block_1_63' title="bbox 1790 1754 3367 1825">
    <p class='ocr_par' dir='ltr' id='par_1_63' title="bbox 1790 1754 3367 1825">
     <span class='ocr_line' id='line_1_63' title="bbox 1790 1754 3367 1825; baseline -0.001 -14"><span class='ocrx_word' id='word_1_493' title='bbox 1790 1755 2165 1817; x_wconf 85' lang='lat' dir='ltr'><strong>siderassent,</strong></span> <span class='ocrx_word' id='word_1_494' title='bbox 2209 1754 2378 1808; x_wconf 90' lang='lat' dir='ltr'><strong>citius</strong></span> <span class='ocrx_word' id='word_1_495' title='bbox 2421 1755 2583 1825; x_wconf 82' lang='lat' dir='ltr'><strong>plane</strong></span> <span class='ocrx_word' id='word_1_496' title='bbox 2624 1770 2813 1810; x_wconf 90' lang='lat' dir='ltr'><strong>eorum</strong></span> <span class='ocrx_word' id='word_1_497' title='bbox 2859 1762 3165 1810; x_wconf 84' lang='lat' dir='ltr'><strong>creatorem</strong></span> <span class='ocrx_word' id='word_1_498' title='bbox 3201 1755 3367 1810; x_wconf 88' lang='lat' dir='ltr'><strong>Deum</strong></span> 
     </span>
    </p>
   </div>
   <div class='ocr_carea' id='block_1_64' title="bbox 1791 1835 3370 1916">
    <p class='ocr_par' dir='ltr' id='par_1_64' title="bbox 1791 1835 3370 1916">
     <span class='ocr_line' id='line_1_64' title="bbox 1791 1835 3370 1916; baseline 0.001 -17"><span class='ocrx_word' id='word_1_499' title='bbox 1791 1835 2193 1916; x_wconf 61' lang='lat' dir='ltr'><strong>agnovissent:</strong></span> <span class='ocrx_word' id='word_1_500' title='bbox 2233 1865 2250 1897; x_wconf 80' lang='grc' dir='ltr'><strong>ι</strong></span> <span class='ocrx_word' id='word_1_501' title='bbox 2288 1845 2367 1899; x_wconf 82' lang='lat' dir='ltr'><strong>Ex</strong></span> <span class='ocrx_word' id='word_1_502' title='bbox 2429 1845 2806 1916; x_wconf 84' lang='lat' dir='ltr'><strong>magnitudine</strong></span> <span class='ocrx_word' id='word_1_503' title='bbox 2858 1846 3004 1898; x_wconf 88' lang='lat' dir='ltr'><strong>enim</strong></span> <span class='ocrx_word' id='word_1_504' title='bbox 3059 1860 3124 1900; x_wconf 92' lang='lat' dir='ltr'><strong>ac</strong></span> <span class='ocrx_word' id='word_1_505' title='bbox 3182 1845 3370 1915; x_wconf 75' lang='lat' dir='ltr'><strong>specie</strong></span> 
     </span>
    </p>
   </div>
   <div class='ocr_carea' id='block_1_65' title="bbox 1789 1933 3367 2007">
    <p class='ocr_par' dir='ltr' id='par_1_65' title="bbox 1789 1933 3367 2007">
     <span class='ocr_line' id='line_1_65' title="bbox 1789 1933 3367 2007; baseline -0.001 -15"><span class='ocrx_word' id='word_1_506' title='bbox 1789 1945 2202 1998; x_wconf 84' lang='lat' dir='ltr'><strong>creaturarum,</strong></span> <span class='ocrx_word' id='word_1_507' title='bbox 2236 1946 2430 1990; x_wconf 86' lang='lat' dir='ltr'><strong>auctor</strong></span> <span class='ocrx_word' id='word_1_508' title='bbox 2465 1951 2652 1990; x_wconf 89' lang='lat' dir='ltr'><strong>earum</strong></span> <span class='ocrx_word' id='word_1_509' title='bbox 2685 1936 3016 2007; x_wconf 89' lang='lat' dir='ltr'><strong>perspicitur</strong></span> <span class='ocrx_word' id='word_1_510' title='bbox 3045 1935 3110 1989; x_wconf 78' lang='grc'><strong>’⁸.</strong></span> <span class='ocrx_word' id='word_1_511' title='bbox 3155 1954 3174 1987; x_wconf 78' lang='grc' dir='ltr'><strong>ι</strong></span> <span class='ocrx_word' id='word_1_512' title='bbox 3209 1933 3367 1990; x_wconf 76' lang='lat' dir='ltr'><strong>Viam</strong></span> 
     </span>
    </p>
   </div>
   <div class='ocr_carea' id='block_1_66' title="bbox 1789 2025 3368 2097">
    <p class='ocr_par' dir='ltr' id='par_1_66' title="bbox 1789 2025 3368 2097">
     <span class='ocr_line' id='line_1_66' title="bbox 1789 2025 3368 2097; baseline 0 -17"><span class='ocrx_word' id='word_1_513' title='bbox 1789 2041 1918 2097; x_wconf 80' lang='lat' dir='ltr'><strong>ergo</strong></span> <span class='ocrx_word' id='word_1_514' title='bbox 1971 2026 2040 2080; x_wconf 90' lang='lat' dir='ltr'><strong>ad</strong></span> <span class='ocrx_word' id='word_1_515' title='bbox 2092 2041 2251 2080; x_wconf 89' lang='lat' dir='ltr'><strong>usum</strong></span> <span class='ocrx_word' id='word_1_516' title='bbox 2298 2026 2618 2096; x_wconf 89' lang='lat' dir='ltr'><strong>pr0posuit,</strong></span> <span class='ocrx_word' id='word_1_517' title='bbox 2669 2041 2792 2095; x_wconf 63' lang='lat' dir='ltr'><strong>qua:</strong></span> <span class='ocrx_word' id='word_1_518' title='bbox 2833 2025 3082 2080; x_wconf 91' lang='lat' dir='ltr'><strong>homines</strong></span> <span class='ocrx_word' id='word_1_519' title='bbox 3126 2027 3289 2080; x_wconf 91' lang='lat' dir='ltr'><strong>ducat</strong></span> <span class='ocrx_word' id='word_1_520' title='bbox 3335 2040 3368 2080; x_wconf 77' lang='grc' dir='ltr'><strong>ιι</strong></span> 
     </span>
    </p>
   </div>
   <div class='ocr_carea' id='block_1_67' title="bbox 1790 2118 3169 2187">
    <p class='ocr_par' dir='ltr' id='par_1_67' title="bbox 1790 2118 3169 2187">
     <span class='ocr_line' id='line_1_67' title="bbox 1790 2118 3169 2187; baseline -0.001 -13"><span class='ocrx_word' id='word_1_521' title='bbox 1790 2121 2058 2174; x_wconf 87' lang='lat' dir='ltr'><strong>creaturis</strong></span> <span class='ocrx_word' id='word_1_522' title='bbox 2094 2119 2163 2172; x_wconf 87' lang='lat' dir='ltr'><strong>ad</strong></span> <span class='ocrx_word' id='word_1_523' title='bbox 2195 2119 2438 2172; x_wconf 88' lang='lat' dir='ltr'><strong>omnium</strong></span> <span class='ocrx_word' id='word_1_524' title='bbox 2473 2125 2778 2172; x_wconf 87' lang='lat' dir='ltr'><strong>creatorem</strong></span> <span class='ocrx_word' id='word_1_525' title='bbox 2814 2127 2868 2172; x_wconf 91' lang='lat' dir='ltr'><strong>et</strong></span> <span class='ocrx_word' id='word_1_526' title='bbox 2895 2118 3169 2187; x_wconf 81' lang='lat' dir='ltr'><strong>epiticem.</strong></span> 
     </span>
    </p>
   </div>
   <div class='ocr_carea' id='block_1_68' title="bbox 1858 2429 3370 2502">
    <p class='ocr_par' dir='ltr' id='par_1_68' title="bbox 1858 2429 3370 2502">
     <span class='ocr_line' id='line_1_68' title="bbox 1858 2429 3370 2502; baseline -0.002 -13"><span class='ocrx_word' id='word_1_527' title='bbox 1858 2435 1912 2489; x_wconf 67' lang='lat'><strong>2.</strong></span> <span class='ocrx_word' id='word_1_528' title='bbox 1955 2433 2081 2488; x_wconf 74' lang='lat' dir='ltr'><strong>Haec</strong></span> <span class='ocrx_word' id='word_1_529' title='bbox 2113 2433 2347 2488; x_wconf 88' lang='lat' dir='ltr'><strong>orationi</strong></span> <span class='ocrx_word' id='word_1_530' title='bbox 2381 2441 2585 2489; x_wconf 68' lang='lat' dir='ltr'><strong>nostrae</strong></span> <span class='ocrx_word' id='word_1_531' title='bbox 2614 2429 2946 2502; x_wconf 72' lang='lat' dir='ltr'><strong>praetiximus</strong></span> <span class='ocrx_word' id='word_1_532' title='bbox 2966 2473 2980 2497; x_wconf 89' lang='lat'><strong>,</strong></span> <span class='ocrx_word' id='word_1_533' title='bbox 3018 2432 3145 2502; x_wconf 89' lang='lat' dir='ltr'><strong>quia</strong></span> <span class='ocrx_word' id='word_1_534' title='bbox 3176 2444 3370 2486; x_wconf 80' lang='lat' dir='ltr'><strong>omnes</strong></span> 
     </span>
    </p>
   </div>
   <div class='ocr_carea' id='block_1_69' title="bbox 1790 2523 3368 2594">
    <p class='ocr_par' dir='ltr' id='par_1_69' title="bbox 1790 2523 3368 2594">
     <span class='ocr_line' id='line_1_69' title="bbox 1790 2523 3368 2594; baseline -0.001 -16"><span class='ocrx_word' id='word_1_535' title='bbox 1790 2525 1950 2594; x_wconf 87' lang='lat' dir='ltr'><strong>quasi</strong></span> <span class='ocrx_word' id='word_1_536' title='bbox 1999 2540 2130 2580; x_wconf 90' lang='lat' dir='ltr'><strong>oves</strong></span> <span class='ocrx_word' id='word_1_537' title='bbox 2173 2532 2530 2588; x_wconf 87' lang='lat' dir='ltr'><strong>erraverunt,</strong></span> <span class='ocrx_word' id='word_1_538' title='bbox 2579 2531 2634 2578; x_wconf 90' lang='lat' dir='ltr'><strong>et</strong></span> <span class='ocrx_word' id='word_1_539' title='bbox 2687 2523 2817 2593; x_wconf 84' lang='lat' dir='ltr'><strong>quia</strong></span> <span class='ocrx_word' id='word_1_540' title='bbox 2879 2523 3134 2578; x_wconf 70' lang='lat' dir='ltr'><strong>«invidia</strong></span> <span class='ocrx_word' id='word_1_541' title='bbox 3164 2525 3368 2578; x_wconf 90' lang='lat' dir='ltr'><strong>diaboli</strong></span> 
     </span>
    </p>
   </div>
   <div class='ocr_carea' id='block_1_70' title="bbox 1790 2615 3371 2685">
    <p class='ocr_par' dir='ltr' id='par_1_70' title="bbox 1790 2615 3371 2685">
     <span class='ocr_line' id='line_1_70' title="bbox 1790 2615 3371 2685; baseline -0.001 -15"><span class='ocrx_word' id='word_1_542' title='bbox 1790 2632 1941 2671; x_wconf 87' lang='lat' dir='ltr'><strong>mors</strong></span> <span class='ocrx_word' id='word_1_543' title='bbox 1971 2617 2196 2671; x_wconf 90' lang='lat' dir='ltr'><strong>intravit</strong></span> <span class='ocrx_word' id='word_1_544' title='bbox 2227 2617 2282 2670; x_wconf 91' lang='lat' dir='ltr'><strong>in</strong></span> <span class='ocrx_word' id='word_1_545' title='bbox 2320 2616 2582 2669; x_wconf 91' lang='lat' dir='ltr'><strong>mundum</strong></span> <span class='ocrx_word' id='word_1_546' title='bbox 2614 2615 2683 2680; x_wconf 68' lang='grc' dir='ltr'>θ’,</span> <span class='ocrx_word' id='word_1_547' title='bbox 2718 2635 2738 2668; x_wconf 78' lang='grc' dir='ltr'><strong>ι</strong></span> <span class='ocrx_word' id='word_1_548' title='bbox 2767 2631 2830 2670; x_wconf 91' lang='lat' dir='ltr'><strong>ac</strong></span> <span class='ocrx_word' id='word_1_549' title='bbox 2877 2616 3115 2670; x_wconf 86' lang='lat' dir='ltr'><strong>vinculis</strong></span> <span class='ocrx_word' id='word_1_550' title='bbox 3157 2631 3371 2685; x_wconf 89' lang='lat' dir='ltr'><strong>pecca-</strong></span> 
     </span>
    </p>
   </div>
   <div class='ocr_carea' id='block_1_71' title="bbox 1789 2706 3371 2778">
    <p class='ocr_par' dir='ltr' id='par_1_71' title="bbox 1789 2706 3371 2778">
     <span class='ocr_line' id='line_1_71' title="bbox 1789 2706 3371 2778; baseline -0.002 -16"><span class='ocrx_word' id='word_1_551' title='bbox 1789 2715 1970 2765; x_wconf 89' lang='lat' dir='ltr'><strong>torum</strong></span> <span class='ocrx_word' id='word_1_552' title='bbox 2023 2724 2252 2763; x_wconf 89' lang='lat' dir='ltr'><strong>suorum</strong></span> <span class='ocrx_word' id='word_1_553' title='bbox 2305 2708 2540 2776; x_wconf 91' lang='lat' dir='ltr'><strong>quisque</strong></span> <span class='ocrx_word' id='word_1_554' title='bbox 2588 2708 3006 2776; x_wconf 80' lang='lat' dir='ltr'><strong>constringitur.</strong></span> <span class='ocrx_word' id='word_1_555' title='bbox 3045 2726 3064 2758; x_wconf 76' lang='grc' dir='ltr'><strong>ι</strong></span> <span class='ocrx_word' id='word_1_556' title='bbox 3101 2706 3371 2778; x_wconf 72' lang='lat' dir='ltr'><strong>Regnavit</strong></span> 
     </span>
    </p>
   </div>
   <div class='ocr_carea' id='block_1_72' title="bbox 1788 2799 3369 2869">
    <p class='ocr_par' dir='ltr' id='par_1_72' title="bbox 1788 2799 3369 2869">
     <span class='ocr_line' id='line_1_72' title="bbox 1788 2799 3369 2869; baseline 0 -14"><span class='ocrx_word' id='word_1_557' title='bbox 1788 2801 1936 2856; x_wconf 89' lang='lat' dir='ltr'><strong>enim</strong></span> <span class='ocrx_word' id='word_1_558' title='bbox 1981 2815 2132 2854; x_wconf 91' lang='lat' dir='ltr'><strong>mors</strong></span> <span class='ocrx_word' id='word_1_559' title='bbox 2179 2801 2248 2853; x_wconf 89' lang='lat' dir='ltr'><strong>ab</strong></span> <span class='ocrx_word' id='word_1_560' title='bbox 2284 2799 2458 2853; x_wconf 82' lang='lat' dir='ltr'><strong>Adam</strong></span> <span class='ocrx_word' id='word_1_561' title='bbox 2501 2814 2674 2869; x_wconf 82' lang='lat' dir='ltr'><strong>usque</strong></span> <span class='ocrx_word' id='word_1_562' title='bbox 2723 2799 2791 2854; x_wconf 89' lang='lat' dir='ltr'><strong>ad</strong></span> <span class='ocrx_word' id='word_1_563' title='bbox 2833 2799 3071 2865; x_wconf 86' lang='lat' dir='ltr'><strong>Mosem,</strong></span> <span class='ocrx_word' id='word_1_564' title='bbox 3114 2803 3279 2855; x_wconf 90' lang='lat' dir='ltr'><strong>etiam</strong></span> <span class='ocrx_word' id='word_1_565' title='bbox 3312 2801 3369 2855; x_wconf 85' lang='lat' dir='ltr'><strong>in</strong></span> 
     </span>
    </p>
   </div>
   <div class='ocr_carea' id='block_1_73' title="bbox 1789 2891 3370 2962">
    <p class='ocr_par' dir='ltr' id='par_1_73' title="bbox 1789 2891 3370 2962">
     <span class='ocr_line' id='line_1_73' title="bbox 1789 2891 3370 2962; baseline -0.002 -13"><span class='ocrx_word' id='word_1_566' title='bbox 1789 2909 1884 2950; x_wconf 89' lang='lat' dir='ltr'><strong>eos</strong></span> <span class='ocrx_word' id='word_1_567' title='bbox 1919 2893 2012 2962; x_wconf 86' lang='lat' dir='ltr'><strong>qui</strong></span> <span class='ocrx_word' id='word_1_568' title='bbox 2042 2907 2148 2946; x_wconf 92' lang='lat' dir='ltr'><strong>non</strong></span> <span class='ocrx_word' id='word_1_569' title='bbox 2179 2899 2546 2961; x_wconf 82' lang='lat' dir='ltr'><strong>peccaverunt</strong></span> <span class='ocrx_word' id='word_1_570' title='bbox 2579 2891 2633 2944; x_wconf 93' lang='lat' dir='ltr'><strong>in</strong></span> <span class='ocrx_word' id='word_1_571' title='bbox 2666 2891 3081 2946; x_wconf 86' lang='lat' dir='ltr'><strong>similitudinem</strong></span> <span class='ocrx_word' id='word_1_572' title='bbox 3113 2892 3370 2962; x_wconf 72' lang='lat' dir='ltr'><strong>praevari-</strong></span> 
     </span>
    </p>
   </div>
   <div class='ocr_carea' id='block_1_74' title="bbox 1791 2981 3372 3038">
    <p class='ocr_par' dir='ltr' id='par_1_74' title="bbox 1791 2981 3372 3038">
     <span class='ocr_line' id='line_1_74' title="bbox 1791 2981 3372 3038; baseline -0.002 0"><span class='ocrx_word' id='word_1_573' title='bbox 1791 2984 2032 3038; x_wconf 89' lang='lat' dir='ltr'><strong>cationis</strong></span> <span class='ocrx_word' id='word_1_574' title='bbox 2064 2983 2192 3037; x_wconf 68' lang='lat' dir='ltr'><strong>Adae</strong></span> <span class='ocrx_word' id='word_1_575' title='bbox 2225 2984 2264 3037; x_wconf 75' lang='grc' dir='ltr'><strong>ί.</strong></span> <span class='ocrx_word' id='word_1_576' title='bbox 2297 3001 2316 3033; x_wconf 76' lang='grc' dir='ltr'><strong>ι</strong></span> <span class='ocrx_word' id='word_1_577' title='bbox 2347 2981 2455 3036; x_wconf 88' lang='lat' dir='ltr'><strong>Sed</strong></span> <span class='ocrx_word' id='word_1_578' title='bbox 2484 2982 2632 3036; x_wconf 86' lang='lat' dir='ltr'><strong>venit</strong></span> <span class='ocrx_word' id='word_1_579' title='bbox 2677 2981 2942 3037; x_wconf 86' lang='lat' dir='ltr'><strong>Dominus</strong></span> <span class='ocrx_word' id='word_1_580' title='bbox 2981 2991 3171 3036; x_wconf 87' lang='lat' dir='ltr'><strong>noster</strong></span> <span class='ocrx_word' id='word_1_581' title='bbox 3207 2981 3372 3036; x_wconf 81' lang='lat' dir='ltr'><strong>Jesus</strong></span> 
     </span>
    </p>
   </div>
   <div class='ocr_carea' id='block_1_75' title="bbox 1719 3075 3372 3168">
    <p class='ocr_par' dir='ltr' id='par_1_75' title="bbox 1719 3075 3372 3168">
     <span class='ocr_line' id='line_1_75' title="bbox 1719 3075 3372 3168; baseline -0.001 -37"><span class='ocrx_word' id='word_1_582' title='bbox 1719 3110 1764 3168; x_wconf 65' lang='grc' dir='ltr'>ϐ</span> <span class='ocrx_word' id='word_1_583' title='bbox 1795 3075 2081 3138; x_wconf 88' lang='lat' dir='ltr'><strong>Christus,</strong></span> <span class='ocrx_word' id='word_1_584' title='bbox 2111 3075 2498 3144; x_wconf 90' lang='lat' dir='ltr'><strong>redempturus</strong></span> <span class='ocrx_word' id='word_1_585' title='bbox 2523 3075 2801 3142; x_wconf 85' lang='lat' dir='ltr'><strong>captivos,</strong></span> <span class='ocrx_word' id='word_1_586' title='bbox 2835 3082 2888 3129; x_wconf 88' lang='lat' dir='ltr'><strong>et</strong></span> <span class='ocrx_word' id='word_1_587' title='bbox 2917 3083 3164 3130; x_wconf 89' lang='lat' dir='ltr'><strong>mortuos</strong></span> <span class='ocrx_word' id='word_1_588' title='bbox 3194 3075 3372 3129; x_wconf 80' lang='lat' dir='ltr'><strong>viviﬁ-</strong></span> 
     </span>
    </p>
   </div>
   <div class='ocr_carea' id='block_1_76' title="bbox 1797 3165 3367 3236">
    <p class='ocr_par' dir='ltr' id='par_1_76' title="bbox 1797 3165 3367 3236">
     <span class='ocr_line' id='line_1_76' title="bbox 1797 3165 3367 3236; baseline 0 -14"><span class='ocrx_word' id='word_1_589' title='bbox 1797 3177 2044 3222; x_wconf 85' lang='lat' dir='ltr'><strong>caturus.</strong></span> <span class='ocrx_word' id='word_1_590' title='bbox 2078 3165 2256 3235; x_wconf 86' lang='lat' dir='ltr'><strong>Hujus</strong></span> <span class='ocrx_word' id='word_1_591' title='bbox 2285 3181 2416 3221; x_wconf 86' lang='lat' dir='ltr'><strong>sane</strong></span> <span class='ocrx_word' id='word_1_592' title='bbox 2456 3165 2535 3220; x_wconf 90' lang='lat' dir='ltr'><strong>rei</strong></span> <span class='ocrx_word' id='word_1_593' title='bbox 2568 3180 2771 3234; x_wconf 81' lang='lat' dir='ltr'><strong>gnarus</strong></span> <span class='ocrx_word' id='word_1_594' title='bbox 2811 3167 3006 3220; x_wconf 81' lang='lat' dir='ltr'><strong>beatus</strong></span> <span class='ocrx_word' id='word_1_595' title='bbox 3035 3165 3367 3236; x_wconf 87' lang='lat' dir='ltr'><strong>Apostolus,</strong></span> 
     </span>
    </p>
   </div>
   <div class='ocr_carea' id='block_1_77' title="bbox 1797 3257 3370 3326">
    <p class='ocr_par' dir='ltr' id='par_1_77' title="bbox 1797 3257 3370 3326">
     <span class='ocr_line' id='line_1_77' title="bbox 1797 3257 3370 3326; baseline 0 -14"><span class='ocrx_word' id='word_1_596' title='bbox 1797 3259 1912 3313; x_wconf 69' lang='lat' dir='ltr'><strong>haec</strong></span> <span class='ocrx_word' id='word_1_597' title='bbox 1942 3259 2164 3326; x_wconf 88' lang='lat' dir='ltr'><strong>scripsit</strong></span> <span class='ocrx_word' id='word_1_598' title='bbox 2191 3276 2202 3311; x_wconf 95' lang='lat'>:</span> <span class='ocrx_word' id='word_1_599' title='bbox 2238 3275 2256 3308; x_wconf 79' lang='grc' dir='ltr'><strong>ι</strong></span> <span class='ocrx_word' id='word_1_600' title='bbox 2289 3257 2345 3310; x_wconf 89' lang='lat' dir='ltr'><strong>Si</strong></span> <span class='ocrx_word' id='word_1_601' title='bbox 2374 3259 2516 3311; x_wconf 89' lang='lat' dir='ltr'><strong>enim</strong></span> <span class='ocrx_word' id='word_1_602' title='bbox 2549 3259 2714 3312; x_wconf 91' lang='lat' dir='ltr'><strong>unius</strong></span> <span class='ocrx_word' id='word_1_603' title='bbox 2745 3257 2948 3311; x_wconf 88' lang='lat' dir='ltr'><strong>delicto</strong></span> <span class='ocrx_word' id='word_1_604' title='bbox 2979 3258 3134 3311; x_wconf 91' lang='lat' dir='ltr'><strong>multi</strong></span> <span class='ocrx_word' id='word_1_605' title='bbox 3168 3258 3370 3312; x_wconf 87' lang='lat' dir='ltr'><strong>mortui</strong></span> 
     </span>
    </p>
   </div>
   <div class='ocr_carea' id='block_1_78' title="bbox 1799 3348 3370 3419">
    <p class='ocr_par' dir='ltr' id='par_1_78' title="bbox 1799 3348 3370 3419">
     <span class='ocr_line' id='line_1_78' title="bbox 1799 3348 3370 3419; baseline -0.001 -14"><span class='ocrx_word' id='word_1_606' title='bbox 1799 3357 1967 3416; x_wconf 88' lang='lat' dir='ltr'><strong>sunt;</strong></span> <span class='ocrx_word' id='word_1_607' title='bbox 2019 3349 2192 3402; x_wconf 91' lang='lat' dir='ltr'><strong>multo</strong></span> <span class='ocrx_word' id='word_1_608' title='bbox 2239 3349 2414 3419; x_wconf 85' lang='lat' dir='ltr'><strong>magis</strong></span> <span class='ocrx_word' id='word_1_609' title='bbox 2456 3348 2622 3403; x_wconf 88' lang='lat' dir='ltr'><strong>unius</strong></span> <span class='ocrx_word' id='word_1_610' title='bbox 2662 3348 3056 3418; x_wconf 82' lang='lat' dir='ltr'><strong>justiﬁcatione</strong></span> <span class='ocrx_word' id='word_1_611' title='bbox 3098 3349 3271 3418; x_wconf 79' lang='lat' dir='ltr'><strong>gratia</strong></span> <span class='ocrx_word' id='word_1_612' title='bbox 3314 3350 3370 3403; x_wconf 91' lang='lat' dir='ltr'><strong>in</strong></span> 
     </span>
    </p>
   </div>
   <div class='ocr_carea' id='block_1_79' title="bbox 1797 3436 3372 3507">
    <p class='ocr_par' dir='ltr' id='par_1_79' title="bbox 1797 3436 3372 3507">
     <span class='ocr_line' id='line_1_79' title="bbox 1797 3436 3372 3507; baseline -0.002 -12"><span class='ocrx_word' id='word_1_613' title='bbox 1797 3455 1988 3495; x_wconf 91' lang='lat' dir='ltr'><strong>omnes</strong></span> <span class='ocrx_word' id='word_1_614' title='bbox 2021 3439 2271 3494; x_wconf 88' lang='lat' dir='ltr'><strong>homines</strong></span> <span class='ocrx_word' id='word_1_615' title='bbox 2298 3439 2361 3491; x_wconf 88' lang='lat' dir='ltr'><strong>ad</strong></span> <span class='ocrx_word' id='word_1_616' title='bbox 2389 3439 2656 3507; x_wconf 87' lang='lat' dir='ltr'><strong>justitiam</strong></span> <span class='ocrx_word' id='word_1_617' title='bbox 2687 3439 2810 3492; x_wconf 73' lang='lat' dir='ltr'><strong>vitae</strong></span> <span class='ocrx_word' id='word_1_618' title='bbox 2839 3438 2881 3490; x_wconf 81' lang='grc'><strong>⁸.</strong></span> <span class='ocrx_word' id='word_1_619' title='bbox 2913 3457 2932 3489; x_wconf 74' lang='grc' dir='ltr'><strong>ι</strong></span> <span class='ocrx_word' id='word_1_620' title='bbox 2959 3436 3372 3506; x_wconf 78' lang='lat' dir='ltr'><strong>Peregrinatum</strong></span> 
     </span>
    </p>
   </div>
   <div class='ocr_carea' id='block_1_80' title="bbox 1798 3524 3366 3600">
    <p class='ocr_par' dir='ltr' id='par_1_80' title="bbox 1798 3524 3366 3600">
     <span class='ocr_line' id='line_1_80' title="bbox 1798 3524 3366 3600; baseline -0.003 -16"><span class='ocrx_word' id='word_1_621' title='bbox 1798 3532 1985 3599; x_wconf 86' lang='lat' dir='ltr'><strong>itaque</strong></span> <span class='ocrx_word' id='word_1_622' title='bbox 2035 3532 2102 3582; x_wconf 87' lang='lat' dir='ltr'><strong>ad</strong></span> <span class='ocrx_word' id='word_1_623' title='bbox 2145 3543 2245 3583; x_wconf 92' lang='lat' dir='ltr'><strong>nos</strong></span> <span class='ocrx_word' id='word_1_624' title='bbox 2288 3535 2374 3582; x_wconf 79' lang='lat' dir='ltr'><strong>cst</strong></span> <span class='ocrx_word' id='word_1_625' title='bbox 2411 3529 2594 3582; x_wconf 80' lang='lat' dir='ltr'><strong>vivum</strong></span> <span class='ocrx_word' id='word_1_626' title='bbox 2638 3535 2693 3582; x_wconf 90' lang='lat' dir='ltr'><strong>et</strong></span> <span class='ocrx_word' id='word_1_627' title='bbox 2731 3525 2917 3600; x_wconf 77' lang='lat' dir='ltr'><strong>enicax</strong></span> <span class='ocrx_word' id='word_1_628' title='bbox 2960 3525 3051 3580; x_wconf 91' lang='lat' dir='ltr'><strong>Dei</strong></span> <span class='ocrx_word' id='word_1_629' title='bbox 3093 3524 3366 3592; x_wconf 81' lang='lat' dir='ltr'><strong>Verbum,</strong></span> 
     </span>
    </p>
   </div>
   <div class='ocr_carea' id='block_1_81' title="bbox 1798 3617 3374 3691">
    <p class='ocr_par' dir='ltr' id='par_1_81' title="bbox 1798 3617 3374 3691">
     <span class='ocr_line' id='line_1_81' title="bbox 1798 3617 3374 3691; baseline -0.002 -16"><span class='ocrx_word' id='word_1_630' title='bbox 1798 3631 1960 3691; x_wconf 87' lang='lat' dir='ltr'><strong>atque</strong></span> <span class='ocrx_word' id='word_1_631' title='bbox 1989 3621 2169 3690; x_wconf 78' lang='lat' dir='ltr'><strong>imago</strong></span> <span class='ocrx_word' id='word_1_632' title='bbox 2226 3619 2567 3674; x_wconf 86' lang='lat' dir='ltr'><strong>invariabilis</strong></span> <span class='ocrx_word' id='word_1_633' title='bbox 2589 3659 2602 3684; x_wconf 93' lang='lat'><strong>,</strong></span> <span class='ocrx_word' id='word_1_634' title='bbox 2633 3617 2808 3674; x_wconf 90' lang='lat' dir='ltr'><strong>Filius</strong></span> <span class='ocrx_word' id='word_1_635' title='bbox 2843 3620 3190 3690; x_wconf 79' lang='lat' dir='ltr'><strong>unigenitus,</strong></span> <span class='ocrx_word' id='word_1_636' title='bbox 3223 3637 3243 3670; x_wconf 76' lang='grc' dir='ltr'><strong>ι</strong></span> <span class='ocrx_word' id='word_1_637' title='bbox 3276 3635 3374 3689; x_wconf 81' lang='grc' dir='ltr'>ρει·</span> 
     </span>
    </p>
   </div>
   <div class='ocr_carea' id='block_1_82' title="bbox 1797 3707 3374 3780">
    <p class='ocr_par' dir='ltr' id='par_1_82' title="bbox 1797 3707 3374 3780">
     <span class='ocr_line' id='line_1_82' title="bbox 1797 3707 3374 3780; baseline 0.001 -17"><span class='ocrx_word' id='word_1_638' title='bbox 1797 3725 1959 3780; x_wconf 90' lang='lat' dir='ltr'><strong>quem</strong></span> <span class='ocrx_word' id='word_1_639' title='bbox 1993 3710 2192 3765; x_wconf 83' lang='lat' dir='ltr'><strong>saecula</strong></span> <span class='ocrx_word' id='word_1_640' title='bbox 2223 3707 2366 3762; x_wconf 82' lang='lat' dir='ltr'><strong>facta</strong></span> <span class='ocrx_word' id='word_1_641' title='bbox 2399 3716 2559 3773; x_wconf 90' lang='lat' dir='ltr'><strong>sunt,</strong></span> <span class='ocrx_word' id='word_1_642' title='bbox 2593 3718 2932 3779; x_wconf 87' lang='lat' dir='ltr'><strong>portansque</strong></span> <span class='ocrx_word' id='word_1_643' title='bbox 2977 3711 3162 3763; x_wconf 88' lang='lat' dir='ltr'><strong>omnia</strong></span> <span class='ocrx_word' id='word_1_644' title='bbox 3206 3710 3374 3765; x_wconf 87' lang='lat' dir='ltr'><strong>verbo</strong></span> 
     </span>
    </p>
   </div>
   <div class='ocr_carea' id='block_1_83' title="bbox 1796 3799 3368 3870">
    <p class='ocr_par' dir='ltr' id='par_1_83' title="bbox 1796 3799 3368 3870">
     <span class='ocr_line' id='line_1_83' title="bbox 1796 3799 3368 3870; baseline -0.001 -14"><span class='ocrx_word' id='word_1_645' title='bbox 1796 3803 2018 3856; x_wconf 89' lang='lat' dir='ltr'><strong>virtutis</strong></span> <span class='ocrx_word' id='word_1_646' title='bbox 2051 3815 2196 3864; x_wconf 72' lang='lat' dir='ltr'><strong>suae,</strong></span> <span class='ocrx_word' id='word_1_647' title='bbox 2226 3800 2602 3870; x_wconf 77' lang='lat' dir='ltr'><strong>purgationem</strong></span> <span class='ocrx_word' id='word_1_648' title='bbox 2637 3807 2986 3870; x_wconf 89' lang='lat' dir='ltr'><strong>peccatorum</strong></span> <span class='ocrx_word' id='word_1_649' title='bbox 3029 3799 3238 3856; x_wconf 82' lang='lat' dir='ltr'><strong>iaciens</strong></span> <span class='ocrx_word' id='word_1_650' title='bbox 3271 3802 3311 3856; x_wconf 86' lang='grc'>³.</span> <span class='ocrx_word' id='word_1_651' title='bbox 3347 3820 3368 3854; x_wconf 83' lang='grc'>›</span> 
     </span>
    </p>
   </div>
   <div class='ocr_carea' id='block_1_84' title="bbox 1798 3891 3374 3961">
    <p class='ocr_par' dir='ltr' id='par_1_84' title="bbox 1798 3891 3374 3961">
     <span class='ocr_line' id='line_1_84' title="bbox 1798 3891 3374 3961; baseline 0 -14"><span class='ocrx_word' id='word_1_652' title='bbox 1798 3893 2010 3948; x_wconf 89' lang='lat' dir='ltr'><strong>Idcirco</strong></span> <span class='ocrx_word' id='word_1_653' title='bbox 2047 3892 2218 3947; x_wconf 86' lang='lat' dir='ltr'><strong>mittit</strong></span> <span class='ocrx_word' id='word_1_654' title='bbox 2254 3893 2555 3961; x_wconf 86' lang='lat' dir='ltr'><strong>discipulos</strong></span> <span class='ocrx_word' id='word_1_655' title='bbox 2597 3891 2736 3946; x_wconf 88' lang='lat' dir='ltr'><strong>duos</strong></span> <span class='ocrx_word' id='word_1_656' title='bbox 2780 3892 2837 3945; x_wconf 92' lang='lat' dir='ltr'><strong>in</strong></span> <span class='ocrx_word' id='word_1_657' title='bbox 2879 3893 3165 3946; x_wconf 90' lang='lat' dir='ltr'><strong>castellum</strong></span> <span class='ocrx_word' id='word_1_658' title='bbox 3207 3907 3238 3948; x_wconf 87' lang='lat' dir='ltr'><strong>e</strong></span> <span class='ocrx_word' id='word_1_659' title='bbox 3281 3907 3374 3947; x_wconf 86' lang='lat' dir='ltr'><strong>re-</strong></span> 
     </span>
    </p>
   </div>
   <div class='ocr_carea' id='block_1_85' title="bbox 1799 3981 3373 4055">
    <p class='ocr_par' dir='ltr' id='par_1_85' title="bbox 1799 3981 3373 4055">
     <span class='ocr_line' id='line_1_85' title="bbox 1799 3981 3373 4055; baseline -0.001 -17"><span class='ocrx_word' id='word_1_660' title='bbox 1799 3985 1958 4055; x_wconf 84' lang='lat' dir='ltr'><strong>gione</strong></span> <span class='ocrx_word' id='word_1_661' title='bbox 2004 3984 2204 4044; x_wconf 88' lang='lat' dir='ltr'><strong>situm,</strong></span> <span class='ocrx_word' id='word_1_662' title='bbox 2246 3981 2438 4037; x_wconf 87' lang='lat' dir='ltr'><strong>dicens</strong></span> <span class='ocrx_word' id='word_1_663' title='bbox 2475 3984 2596 4038; x_wconf 84' lang='lat' dir='ltr'><strong>eis:</strong></span> <span class='ocrx_word' id='word_1_664' title='bbox 2628 3999 2647 4032; x_wconf 83' lang='grc' dir='ltr'><strong>ι</strong></span> <span class='ocrx_word' id='word_1_665' title='bbox 2675 3981 2753 4035; x_wconf 84' lang='grc' dir='ltr'>Ιιε</span> <span class='ocrx_word' id='word_1_666' title='bbox 2795 3982 2851 4036; x_wconf 89' lang='lat' dir='ltr'><strong>in</strong></span> <span class='ocrx_word' id='word_1_667' title='bbox 2901 3983 3184 4038; x_wconf 87' lang='lat' dir='ltr'><strong>castellum</strong></span> <span class='ocrx_word' id='word_1_668' title='bbox 3226 3984 3373 4052; x_wconf 84' lang='lat' dir='ltr'><strong>quod</strong></span> 
     </span>
    </p>
   </div>
   <div class='ocr_carea' id='block_1_86' title="bbox 1798 4072 3377 4145">
    <p class='ocr_par' dir='ltr' id='par_1_86' title="bbox 1798 4072 3377 4145">
     <span class='ocr_line' id='line_1_86' title="bbox 1798 4072 3377 4145; baseline -0.001 -15"><span class='ocrx_word' id='word_1_669' title='bbox 1798 4083 1990 4130; x_wconf 88' lang='lat' dir='ltr'><strong>contra</strong></span> <span class='ocrx_word' id='word_1_670' title='bbox 2019 4089 2116 4129; x_wconf 90' lang='lat' dir='ltr'><strong>vos</strong></span> <span class='ocrx_word' id='word_1_671' title='bbox 2143 4081 2257 4137; x_wconf 89' lang='lat' dir='ltr'><strong>est,</strong></span> <span class='ocrx_word' id='word_1_672' title='bbox 2293 4080 2347 4127; x_wconf 90' lang='lat' dir='ltr'><strong>ct</strong></span> <span class='ocrx_word' id='word_1_673' title='bbox 2377 4074 2560 4129; x_wconf 90' lang='lat' dir='ltr'><strong>statim</strong></span> <span class='ocrx_word' id='word_1_674' title='bbox 2611 4072 2897 4126; x_wconf 89' lang='lat' dir='ltr'><strong>invenietis</strong></span> <span class='ocrx_word' id='word_1_675' title='bbox 2930 4072 3142 4126; x_wconf 87' lang='lat' dir='ltr'><strong>asinam</strong></span> <span class='ocrx_word' id='word_1_676' title='bbox 3188 4075 3377 4145; x_wconf 80' lang='lat' dir='ltr'><strong>alliga-</strong></span> 
     </span>
    </p>
   </div>
   <div class='ocr_carea' id='block_1_87' title="bbox 1799 4162 3371 4235">
    <p class='ocr_par' dir='ltr' id='par_1_87' title="bbox 1799 4162 3371 4235">
     <span class='ocr_line' id='line_1_87' title="bbox 1799 4162 3371 4235; baseline -0.002 -16"><span class='ocrx_word' id='word_1_677' title='bbox 1799 4174 1941 4232; x_wconf 87' lang='lat' dir='ltr'><strong>tam,</strong></span> <span class='ocrx_word' id='word_1_678' title='bbox 1971 4175 2026 4220; x_wconf 91' lang='lat' dir='ltr'><strong>et</strong></span> <span class='ocrx_word' id='word_1_679' title='bbox 2052 4166 2261 4235; x_wconf 87' lang='lat' dir='ltr'><strong>pullum</strong></span> <span class='ocrx_word' id='word_1_680' title='bbox 2287 4179 2412 4219; x_wconf 91' lang='lat' dir='ltr'><strong>cum</strong></span> <span class='ocrx_word' id='word_1_681' title='bbox 2440 4179 2504 4218; x_wconf 90' lang='lat' dir='ltr'><strong>ea</strong></span> <span class='ocrx_word' id='word_1_682' title='bbox 2533 4181 2548 4230; x_wconf 89' lang='lat'><strong>;</strong></span> <span class='ocrx_word' id='word_1_683' title='bbox 2582 4162 2778 4219; x_wconf 89' lang='lat' dir='ltr'><strong>solvite</strong></span> <span class='ocrx_word' id='word_1_684' title='bbox 2804 4171 2859 4218; x_wconf 93' lang='lat' dir='ltr'><strong>et</strong></span> <span class='ocrx_word' id='word_1_685' title='bbox 2883 4162 3138 4218; x_wconf 89' lang='lat' dir='ltr'><strong>adducite</strong></span> <span class='ocrx_word' id='word_1_686' title='bbox 3168 4165 3322 4218; x_wconf 89' lang='lat' dir='ltr'><strong>mihi.</strong></span> <span class='ocrx_word' id='word_1_687' title='bbox 3349 4183 3371 4216; x_wconf 70' lang='grc' dir='ltr'><strong>ι</strong></span> 
     </span>
    </p>
   </div>
   <div class='ocr_carea' id='block_1_88' title="bbox 1797 4254 3370 4329">
    <p class='ocr_par' dir='ltr' id='par_1_88' title="bbox 1797 4254 3370 4329">
     <span class='ocr_line' id='line_1_88' title="bbox 1797 4254 3370 4329; baseline -0.004 -14"><span class='ocrx_word' id='word_1_688' title='bbox 1797 4258 1960 4329; x_wconf 82' lang='lat'><strong>375</strong></span> <span class='ocrx_word' id='word_1_689' title='bbox 2021 4257 2306 4312; x_wconf 59' lang='lat' dir='ltr'><strong>Mattliaéus</strong></span> <span class='ocrx_word' id='word_1_690' title='bbox 2367 4255 2584 4325; x_wconf 89' lang='lat' dir='ltr'><strong>quidem</strong></span> <span class='ocrx_word' id='word_1_691' title='bbox 2642 4255 2965 4310; x_wconf 88' lang='lat' dir='ltr'><strong>describens</strong></span> <span class='ocrx_word' id='word_1_692' title='bbox 3020 4254 3370 4319; x_wconf 88' lang='lat' dir='ltr'><strong>Ecclesiam,</strong></span> 
     </span>
    </p>
   </div>
   <div class='ocr_carea' id='block_1_89' title="bbox 1799 4343 3378 4417">
    <p class='ocr_par' dir='ltr' id='par_1_89' title="bbox 1799 4343 3378 4417">
     <span class='ocr_line' id='line_1_89' title="bbox 1799 4343 3378 4417; baseline -0.004 -15"><span class='ocrx_word' id='word_1_693' title='bbox 1799 4349 2026 4417; x_wconf 88' lang='lat' dir='ltr'><strong>ejusque</strong></span> <span class='ocrx_word' id='word_1_694' title='bbox 2052 4347 2261 4417; x_wconf 88' lang='lat' dir='ltr'><strong>prolem</strong></span> <span class='ocrx_word' id='word_1_695' title='bbox 2283 4386 2297 4410; x_wconf 93' lang='lat'><strong>,</strong></span> <span class='ocrx_word' id='word_1_696' title='bbox 2331 4346 2542 4399; x_wconf 87' lang='lat' dir='ltr'><strong>asinam</strong></span> <span class='ocrx_word' id='word_1_697' title='bbox 2573 4355 2626 4398; x_wconf 85' lang='lat' dir='ltr'><strong>et</strong></span> <span class='ocrx_word' id='word_1_698' title='bbox 2660 4343 2867 4412; x_wconf 91' lang='lat' dir='ltr'><strong>pullum</strong></span> <span class='ocrx_word' id='word_1_699' title='bbox 2900 4343 3224 4398; x_wconf 86' lang='lat' dir='ltr'><strong>nominavit.</strong></span> <span class='ocrx_word' id='word_1_700' title='bbox 3267 4343 3378 4398; x_wconf 88' lang='lat' dir='ltr'><strong>Ln-</strong></span> 
     </span>
    </p>
   </div>
   <div class='ocr_carea' id='block_1_90' title="bbox 113 4421 1690 4504">
    <p class='ocr_par' dir='ltr' id='par_1_90' title="bbox 113 4421 1690 4499">
     <span class='ocr_line' id='line_1_90' title="bbox 113 4421 1690 4499; baseline -0.005 -19"><span class='ocrx_word' id='word_1_701' title='bbox 113 4446 230 4499; x_wconf 82' lang='grc' dir='ltr'>μοι.</span> <span class='ocrx_word' id='word_1_702' title='bbox 276 4447 296 4480; x_wconf 76' lang='grc' dir='ltr'><strong>ι</strong></span> <span class='ocrx_word' id='word_1_703' title='bbox 329 4425 604 4488; x_wconf 84' lang='grc' dir='ltr'>Ματθαίος</span> <span class='ocrx_word' id='word_1_704' title='bbox 635 4425 732 4494; x_wconf 84' lang='grc' dir='ltr'><strong>μὲν</strong></span> <span class='ocrx_word' id='word_1_705' title='bbox 762 4423 1073 4495; x_wconf 82' lang='grc' dir='ltr'>διαγράφων</span> <span class='ocrx_word' id='word_1_706' title='bbox 1099 4423 1197 4494; x_wconf 80' lang='grc' dir='ltr'>τὴν</span> <span class='ocrx_word' id='word_1_707' title='bbox 1231 4421 1577 4492; x_wconf 83' lang='grc' dir='ltr'>Ἐκκλησίαν,</span> <span class='ocrx_word' id='word_1_708' title='bbox 1603 4421 1690 4473; x_wconf 66' lang='grc' dir='ltr'>καὶ</span> 
     </span>
    </p>
   </div>
   <div class='ocr_carea' id='block_1_91' title="bbox 1796 4421 3379 4504">
    <p class='ocr_par' dir='ltr' id='par_1_91' title="bbox 1801 4435 3379 4504">
     <span class='ocr_line' id='line_1_91' title="bbox 1801 4435 3379 4504; baseline -0.002 -12"><span class='ocrx_word' id='word_1_709' title='bbox 1801 4453 1894 4494; x_wconf 89' lang='lat' dir='ltr'><strong>cas</strong></span> <span class='ocrx_word' id='word_1_710' title='bbox 1926 4452 2058 4492; x_wconf 89' lang='lat' dir='ltr'><strong>vero</strong></span> <span class='ocrx_word' id='word_1_711' title='bbox 2091 4438 2144 4491; x_wconf 93' lang='lat' dir='ltr'><strong>in</strong></span> <span class='ocrx_word' id='word_1_712' title='bbox 2175 4451 2344 4490; x_wconf 88' lang='lat' dir='ltr'><strong>unum</strong></span> <span class='ocrx_word' id='word_1_713' title='bbox 2376 4438 2538 4489; x_wconf 86' lang='lat' dir='ltr'><strong>ambo</strong></span> <span class='ocrx_word' id='word_1_714' title='bbox 2567 4435 2886 4504; x_wconf 85' lang='lat' dir='ltr'><strong>complexus</strong></span> <span class='ocrx_word' id='word_1_715' title='bbox 2907 4474 2922 4498; x_wconf 95' lang='lat'><strong>,</strong></span> <span class='ocrx_word' id='word_1_716' title='bbox 2953 4435 3164 4503; x_wconf 92' lang='lat' dir='ltr'><strong>pullum</strong></span> <span class='ocrx_word' id='word_1_717' title='bbox 3201 4437 3379 4489; x_wconf 81' lang='lat' dir='ltr'><strong>nomi—</strong></span> 
     </span>
    </p>
   </div>
   <div class='ocr_carea' id='block_1_92' title="bbox 107 4514 1692 4589">
    <p class='ocr_par' dir='ltr' id='par_1_92' title="bbox 107 4514 1692 4589">
     <span class='ocr_line' id='line_1_92' title="bbox 107 4514 1692 4589; baseline -0.006 -14"><span class='ocrx_word' id='word_1_718' title='bbox 107 4520 184 4575; x_wconf 71' lang='grc' dir='ltr'>τὰ</span> <span class='ocrx_word' id='word_1_719' title='bbox 220 4519 282 4586; x_wconf 75' lang='grc' dir='ltr'>ἐξ</span> <span class='ocrx_word' id='word_1_720' title='bbox 333 4518 500 4589; x_wconf 79' lang='grc' dir='ltr'>αὐτῆς</span> <span class='ocrx_word' id='word_1_721' title='bbox 545 4517 832 4587; x_wconf 88' lang='grc' dir='ltr'>γενόμενα,</span> <span class='ocrx_word' id='word_1_722' title='bbox 875 4517 994 4570; x_wconf 79' lang='grc' dir='ltr'>δνον</span> <span class='ocrx_word' id='word_1_723' title='bbox 1040 4517 1134 4569; x_wconf 70' lang='grc' dir='ltr'>καὶ</span> <span class='ocrx_word' id='word_1_724' title='bbox 1181 4515 1357 4569; x_wconf 86' lang='grc' dir='ltr'>πῶλον</span> <span class='ocrx_word' id='word_1_725' title='bbox 1403 4514 1652 4584; x_wconf 76' lang='grc' dir='ltr'>ὠνόμασε</span> <span class='ocrx_word' id='word_1_726' title='bbox 1678 4529 1692 4542; x_wconf 88' lang='grc'><strong>·</strong></span> 
     </span>
    </p>
   </div>
   <div class='ocr_carea' id='block_1_93' title="bbox 108 4607 1695 4681">
    <p class='ocr_par' dir='ltr' id='par_1_93' title="bbox 108 4607 1695 4681">
     <span class='ocr_line' id='line_1_93' title="bbox 108 4607 1695 4681; baseline -0.007 -15"><span class='ocrx_word' id='word_1_727' title='bbox 108 4612 337 4674; x_wconf 73' lang='grc' dir='ltr'>Λουκᾶς</span> <span class='ocrx_word' id='word_1_728' title='bbox 363 4610 420 4665; x_wconf 79' lang='grc' dir='ltr'><strong>δὲ</strong></span> <span class='ocrx_word' id='word_1_729' title='bbox 467 4611 536 4664; x_wconf 79' lang='grc' dir='ltr'>τὰ</span> <span class='ocrx_word' id='word_1_730' title='bbox 563 4612 846 4681; x_wconf 76' lang='grc' dir='ltr'>ἀμφότερα</span> <span class='ocrx_word' id='word_1_731' title='bbox 883 4611 963 4673; x_wconf 83' lang='grc' dir='ltr'><strong>είς</strong></span> <span class='ocrx_word' id='word_1_732' title='bbox 999 4608 1126 4679; x_wconf 86' lang='grc' dir='ltr'>μίαν</span> <span class='ocrx_word' id='word_1_733' title='bbox 1160 4607 1386 4679; x_wconf 72' lang='grc' dir='ltr'>ἑνότητα</span> <span class='ocrx_word' id='word_1_734' title='bbox 1419 4607 1695 4673; x_wconf 81' lang='grc' dir='ltr'>ἀνακεφα-</span> 
     </span>
    </p>
   </div>
   <div class='ocr_carea' id='block_1_94' title="bbox 108 4694 1695 4775">
    <p class='ocr_par' dir='ltr' id='par_1_94' title="bbox 108 4694 1695 4775">
     <span class='ocr_line' id='line_1_94' title="bbox 108 4694 1695 4775; baseline -0.006 -17"><span class='ocrx_word' id='word_1_735' title='bbox 108 4703 462 4775; x_wconf 70' lang='grc' dir='ltr'>λαιούμενος,</span> <span class='ocrx_word' id='word_1_736' title='bbox 498 4704 672 4757; x_wconf 85' lang='grc' dir='ltr'>πῶλον</span> <span class='ocrx_word' id='word_1_737' title='bbox 704 4700 992 4773; x_wconf 79' lang='grc' dir='ltr'>ὀνομάζει·</span> <span class='ocrx_word' id='word_1_738' title='bbox 1034 4700 1166 4771; x_wconf 69' lang='grc' dir='ltr'>φησι</span> <span class='ocrx_word' id='word_1_739' title='bbox 1204 4698 1310 4770; x_wconf 84' lang='grc' dir='ltr'>γὰρ</span> <span class='ocrx_word' id='word_1_740' title='bbox 1351 4694 1494 4750; x_wconf 78' lang='grc' dir='ltr'>οὕτω</span> <span class='ocrx_word' id='word_1_741' title='bbox 1557 4697 1695 4750; x_wconf 85' lang='grc' dir='ltr'>Λου-</span> 
     </span>
    </p>
   </div>
   <div class='ocr_carea' id='block_1_95' title="bbox 108 4787 1698 4866">
    <p class='ocr_par' dir='ltr' id='par_1_95' title="bbox 108 4787 1698 4866">
     <span class='ocr_line' id='line_1_95' title="bbox 108 4787 1698 4866; baseline -0.006 -15"><span class='ocrx_word' id='word_1_742' title='bbox 108 4799 223 4861; x_wconf 75' lang='grc' dir='ltr'><strong>κᾶς</strong></span> <span class='ocrx_word' id='word_1_743' title='bbox 250 4799 311 4849; x_wconf 80' lang='grc' dir='ltr'>ὲν</span> <span class='ocrx_word' id='word_1_744' title='bbox 345 4796 421 4866; x_wconf 80' lang='grc' dir='ltr'>τῷ</span> <span class='ocrx_word' id='word_1_745' title='bbox 443 4797 562 4850; x_wconf 82' lang='grc' dir='ltr'>καθ’</span> <span class='ocrx_word' id='word_1_746' title='bbox 589 4795 778 4848; x_wconf 81' lang='grc' dir='ltr'>ἑαυτὸν</span> <span class='ocrx_word' id='word_1_747' title='bbox 810 4793 1150 4863; x_wconf 75' lang='grc' dir='ltr'>Εὐαγγελίῳ·</span> <span class='ocrx_word' id='word_1_748' title='bbox 1204 4811 1222 4842; x_wconf 77' lang='grc' dir='ltr'><strong>ι</strong></span> <span class='ocrx_word' id='word_1_749' title='bbox 1270 4789 1576 4843; x_wconf 81' lang='grc' dir='ltr'>Ἀπέστειλε</span> <span class='ocrx_word' id='word_1_750' title='bbox 1604 4787 1698 4842; x_wconf 92' lang='grc' dir='ltr'><strong>δύο</strong></span> 
     </span>
    </p>
   </div>
   <div class='ocr_carea' id='block_1_96' title="bbox 108 4883 1696 4960">
    <p class='ocr_par' dir='ltr' id='par_1_96' title="bbox 108 4883 1696 4960">
     <span class='ocr_line' id='line_1_96' title="bbox 108 4883 1696 4960; baseline -0.006 -18"><span class='ocrx_word' id='word_1_751' title='bbox 108 4890 231 4943; x_wconf 86' lang='grc' dir='ltr'><strong>τῶν</strong></span> <span class='ocrx_word' id='word_1_752' title='bbox 267 4889 523 4960; x_wconf 88' lang='grc' dir='ltr'>μαθητῶν</span> <span class='ocrx_word' id='word_1_753' title='bbox 552 4889 737 4953; x_wconf 76' lang='grc' dir='ltr'>αὐτοῦ,</span> <span class='ocrx_word' id='word_1_754' title='bbox 766 4886 934 4941; x_wconf 75' lang='grc' dir='ltr'>εἰπών</span> <span class='ocrx_word' id='word_1_755' title='bbox 958 4901 972 4915; x_wconf 85' lang='lat'><strong><em>°</em></strong></span> <span class='ocrx_word' id='word_1_756' title='bbox 1011 4885 1280 4953; x_wconf 85' lang='grc' dir='ltr'>Ὑπάγετε</span> <span class='ocrx_word' id='word_1_757' title='bbox 1319 4885 1400 4946; x_wconf 82' lang='grc' dir='ltr'><strong>είς</strong></span> <span class='ocrx_word' id='word_1_758' title='bbox 1427 4883 1527 4954; x_wconf 78' lang='grc' dir='ltr'>τὴν</span> <span class='ocrx_word' id='word_1_759' title='bbox 1562 4898 1696 4934; x_wconf 86' lang='grc' dir='ltr'>κατ-</span> 
     </span>
    </p>
   </div>
   <div class='ocr_carea' id='block_1_97' title="bbox 109 4974 1698 5054">
    <p class='ocr_par' dir='ltr' id='par_1_97' title="bbox 109 4974 1698 5054">
     <span class='ocr_line' id='line_1_97' title="bbox 109 4974 1698 5054; baseline -0.006 -20"><span class='ocrx_word' id='word_1_760' title='bbox 109 4981 305 5034; x_wconf 81' lang='grc' dir='ltr'>έναντι</span> <span class='ocrx_word' id='word_1_761' title='bbox 339 4979 531 5051; x_wconf 87' lang='grc' dir='ltr'>κώμην</span> <span class='ocrx_word' id='word_1_762' title='bbox 551 4997 563 5010; x_wconf 88' lang='grc'><strong>·</strong></span> <span class='ocrx_word' id='word_1_763' title='bbox 595 4983 653 5033; x_wconf 83' lang='grc' dir='ltr'>ἐν</span> <span class='ocrx_word' id='word_1_764' title='bbox 761 4980 1202 5051; x_wconf 74' lang='grc' dir='ltr'>εἰσπορευόμενοι</span> <span class='ocrx_word' id='word_1_765' title='bbox 1228 4977 1490 5048; x_wconf 76' lang='grc' dir='ltr'>εὑρήσετε</span> <span class='ocrx_word' id='word_1_766' title='bbox 1518 4974 1698 5027; x_wconf 86' lang='grc' dir='ltr'>πῶλον</span> 
     </span>
    </p>
   </div>
   <div class='ocr_carea' id='block_1_98' title="bbox 107 5066 1693 5140">
    <p class='ocr_par' dir='ltr' id='par_1_98' title="bbox 107 5066 1693 5140">
     <span class='ocr_line' id='line_1_98' title="bbox 107 5066 1693 5140; baseline -0.004 -16"><span class='ocrx_word' id='word_1_767' title='bbox 107 5071 426 5140; x_wconf 83' lang='grc' dir='ltr'>δεδεμένον,</span> <span class='ocrx_word' id='word_1_768' title='bbox 458 5072 542 5138; x_wconf 69' lang='grc' dir='ltr'><strong>ἐφ’</strong></span> <span class='ocrx_word' id='word_1_769' title='bbox 571 5072 628 5122; x_wconf 83' lang='grc' dir='ltr'>ὃν</span> <span class='ocrx_word' id='word_1_770' title='bbox 655 5071 827 5133; x_wconf 76' lang='grc' dir='ltr'>οὐδεὶς</span> <span class='ocrx_word' id='word_1_771' title='bbox 856 5068 1075 5121; x_wconf 82' lang='grc' dir='ltr'>πώποτε</span> <span class='ocrx_word' id='word_1_772' title='bbox 1113 5067 1414 5139; x_wconf 83' lang='grc' dir='ltr'>ἀνθρώπων</span> <span class='ocrx_word' id='word_1_773' title='bbox 1443 5066 1662 5120; x_wconf 80' lang='grc' dir='ltr'>ἐκάθισε</span> <span class='ocrx_word' id='word_1_774' title='bbox 1681 5083 1693 5096; x_wconf 91' lang='grc'><strong>·</strong></span> 
     </span>
    </p>
   </div>
   <div class='ocr_carea' id='block_1_99' title="bbox 107 5155 1699 5232">
    <p class='ocr_par' dir='ltr' id='par_1_99' title="bbox 107 5155 1699 5232">
     <span class='ocr_line' id='line_1_99' title="bbox 107 5155 1699 5232; baseline -0.004 -17"><span class='ocrx_word' id='word_1_775' title='bbox 107 5163 384 5224; x_wconf 78' lang='grc' dir='ltr'>λύσαντες</span> <span class='ocrx_word' id='word_1_776' title='bbox 412 5163 644 5229; x_wconf 84' lang='grc' dir='ltr'>ἀγάγετέ</span> <span class='ocrx_word' id='word_1_777' title='bbox 677 5179 786 5232; x_wconf 89' lang='grc' dir='ltr'>μοι.</span> <span class='ocrx_word' id='word_1_778' title='bbox 828 5181 846 5213; x_wconf 74' lang='grc' dir='ltr'><strong>ι</strong></span> <span class='ocrx_word' id='word_1_779' title='bbox 887 5161 1150 5230; x_wconf 83' lang='grc' dir='ltr'>Εὑρήσεις</span> <span class='ocrx_word' id='word_1_780' title='bbox 1177 5155 1268 5212; x_wconf 81' lang='grc' dir='ltr'><strong>οὖν</strong></span> <span class='ocrx_word' id='word_1_781' title='bbox 1300 5158 1390 5210; x_wconf 82' lang='grc' dir='ltr'><strong>τὸν</strong></span> <span class='ocrx_word' id='word_1_782' title='bbox 1422 5155 1699 5210; x_wconf 84' lang='grc' dir='ltr'>Ματθαῖον</span> 
     </span>
    </p>
   </div>
   <div class='ocr_carea' id='block_1_100' title="bbox 111 5245 1700 5323">
    <p class='ocr_par' dir='ltr' id='par_1_100' title="bbox 111 5245 1700 5323">
     <span class='ocr_line' id='line_1_100' title="bbox 111 5245 1700 5323; baseline -0.004 -17"><span class='ocrx_word' id='word_1_783' title='bbox 111 5253 405 5323; x_wconf 77' lang='grc' dir='ltr'>πανταχοῦ</span> <span class='ocrx_word' id='word_1_784' title='bbox 443 5252 535 5306; x_wconf 91' lang='grc' dir='ltr'><strong>δύο</strong></span> <span class='ocrx_word' id='word_1_785' title='bbox 560 5251 890 5323; x_wconf 77' lang='grc' dir='ltr'>ὀνομάζοντα</span> <span class='ocrx_word' id='word_1_786' title='bbox 914 5293 928 5316; x_wconf 94' lang='grc'><strong>,</strong></span> <span class='ocrx_word' id='word_1_787' title='bbox 962 5252 1053 5304; x_wconf 84' lang='grc' dir='ltr'><strong>τὸν</strong></span> <span class='ocrx_word' id='word_1_788' title='bbox 1094 5251 1152 5305; x_wconf 84' lang='grc' dir='ltr'>δὲ</span> <span class='ocrx_word' id='word_1_789' title='bbox 1188 5251 1400 5305; x_wconf 73' lang='grc' dir='ltr'>Λουκᾶν</span> <span class='ocrx_word' id='word_1_790' title='bbox 1433 5251 1510 5312; x_wconf 83' lang='grc' dir='ltr'><strong>εἰς</strong></span> <span class='ocrx_word' id='word_1_791' title='bbox 1550 5247 1607 5301; x_wconf 81' lang='grc' dir='ltr'>ἓν</span> <span class='ocrx_word' id='word_1_792' title='bbox 1631 5245 1700 5300; x_wconf 82' lang='grc' dir='ltr'>τὰ</span> 
     </span>
    </p>
   </div>
   <div class='ocr_carea' id='block_1_101' title="bbox 107 5340 1702 5414">
    <p class='ocr_par' dir='ltr' id='par_1_101' title="bbox 107 5340 1702 5414">
     <span class='ocr_line' id='line_1_101' title="bbox 107 5340 1702 5414; baseline -0.004 -16"><span class='ocrx_word' id='word_1_793' title='bbox 107 5345 213 5398; x_wconf 80' lang='grc' dir='ltr'><strong>δύο</strong></span> <span class='ocrx_word' id='word_1_794' title='bbox 247 5345 770 5414; x_wconf 80' lang='grc' dir='ltr'>ἁνακεφαλαιοῦντα.</span> <span class='ocrx_word' id='word_1_795' title='bbox 816 5340 939 5398; x_wconf 77' lang='grc' dir='ltr'>Οἴον</span> <span class='ocrx_word' id='word_1_796' title='bbox 987 5345 1080 5397; x_wconf 75' lang='grc' dir='ltr'><strong>καὶ</strong></span> <span class='ocrx_word' id='word_1_797' title='bbox 1121 5344 1214 5396; x_wconf 74' lang='grc' dir='ltr'>ἐπὶ</span> <span class='ocrx_word' id='word_1_798' title='bbox 1257 5342 1365 5396; x_wconf 90' lang='grc' dir='ltr'><strong>τῶν</strong></span> <span class='ocrx_word' id='word_1_799' title='bbox 1404 5341 1639 5410; x_wconf 76' lang='grc' dir='ltr'>τυφλῶν,</span> <span class='ocrx_word' id='word_1_800' title='bbox 1673 5341 1702 5392; x_wconf 89' lang='lat'><strong>6</strong></span> 
     </span>
    </p>
   </div>
   <div class='ocr_carea' id='block_1_102' title="bbox 110 5433 1708 5507">
    <p class='ocr_par' dir='ltr' id='par_1_102' title="bbox 110 5433 1708 5507">
     <span class='ocr_line' id='line_1_102' title="bbox 110 5433 1708 5507; baseline -0.006 -14"><span class='ocrx_word' id='word_1_801' title='bbox 110 5438 404 5501; x_wconf 79' lang='grc' dir='ltr'>Ματθαῖος</span> <span class='ocrx_word' id='word_1_802' title='bbox 438 5437 530 5491; x_wconf 85' lang='grc' dir='ltr'><strong>δύο</strong></span> <span class='ocrx_word' id='word_1_803' title='bbox 581 5437 740 5491; x_wconf 88' lang='grc' dir='ltr'>πάλιν</span> <span class='ocrx_word' id='word_1_804' title='bbox 785 5436 1058 5507; x_wconf 79' lang='grc' dir='ltr'>ὀνομάζει,</span> <span class='ocrx_word' id='word_1_805' title='bbox 1109 5433 1309 5489; x_wconf 87' lang='grc' dir='ltr'>εἰπών·</span> <span class='ocrx_word' id='word_1_806' title='bbox 1367 5453 1386 5485; x_wconf 77' lang='grc' dir='ltr'><strong>ι</strong></span> <span class='ocrx_word' id='word_1_807' title='bbox 1423 5434 1532 5487; x_wconf 72' lang='grc' dir='ltr'>Καὶ</span> <span class='ocrx_word' id='word_1_808' title='bbox 1575 5449 1708 5504; x_wconf 85' lang='grc' dir='ltr'>παρ-</span> 
     </span>
    </p>
   </div>
   <div class='ocr_carea' id='block_1_103' title="bbox 109 5525 1710 5599">
    <p class='ocr_par' dir='ltr' id='par_1_103' title="bbox 109 5525 1710 5599">
     <span class='ocr_line' id='line_1_103' title="bbox 109 5525 1710 5599; baseline -0.004 -15"><span class='ocrx_word' id='word_1_809' title='bbox 109 5530 314 5599; x_wconf 75' lang='grc' dir='ltr'>άγοντι</span> <span class='ocrx_word' id='word_1_810' title='bbox 349 5529 557 5582; x_wconf 76' lang='grc' dir='ltr'>ἐκεῖθεν</span> <span class='ocrx_word' id='word_1_811' title='bbox 599 5527 676 5598; x_wconf 79' lang='grc' dir='ltr'>τῷ</span> <span class='ocrx_word' id='word_1_812' title='bbox 711 5527 881 5598; x_wconf 87' lang='grc' dir='ltr'>Ἰησοῦ</span> <span class='ocrx_word' id='word_1_813' title='bbox 913 5526 1277 5598; x_wconf 70' lang='grc' dir='ltr'>ἠκολούθησαν</span> <span class='ocrx_word' id='word_1_814' title='bbox 1305 5525 1453 5595; x_wconf 83' lang='grc' dir='ltr'>αὑτῷ</span> <span class='ocrx_word' id='word_1_815' title='bbox 1493 5525 1586 5579; x_wconf 87' lang='grc' dir='ltr'><strong>δύο</strong></span> <span class='ocrx_word' id='word_1_816' title='bbox 1619 5543 1710 5578; x_wconf 72' lang='grc' dir='ltr'>τυο</span> 
     </span>
    </p>
   </div>
   <div class='ocr_carea' id='block_1_104' title="bbox 191 5645 1394 5718">
    <p class='ocr_par' dir='ltr' id='par_1_104' title="bbox 191 5645 1394 5718">
     <span class='ocr_line' id='line_1_104' title="bbox 191 5645 1394 5718; baseline -0.002 -16"><span class='ocrx_word' id='word_1_817' title='bbox 191 5649 242 5681; x_wconf 78' lang='grc'><strong>⁸³</strong></span> <span class='ocrx_word' id='word_1_818' title='bbox 286 5647 418 5718; x_wconf 86' lang='lat' dir='ltr'><strong>Sap.</strong></span> <span class='ocrx_word' id='word_1_819' title='bbox 472 5663 545 5710; x_wconf 87' lang='lat' dir='ltr'><strong>ll,</strong></span> <span class='ocrx_word' id='word_1_820' title='bbox 602 5647 664 5706; x_wconf 82' lang='grc'>5.</span> <span class='ocrx_word' id='word_1_821' title='bbox 703 5646 787 5718; x_wconf 16' lang='grc'><strong>6.,</strong></span> <span class='ocrx_word' id='word_1_822' title='bbox 833 5649 898 5718; x_wconf 46' lang='grc' dir='ltr'><strong>-ξο</strong></span> <span class='ocrx_word' id='word_1_823' title='bbox 937 5645 954 5700; x_wconf 92' lang='grc'><strong>1</strong></span> <span class='ocrx_word' id='word_1_824' title='bbox 1000 5647 1127 5702; x_wconf 90' lang='lat' dir='ltr'><strong>Cor.</strong></span> <span class='ocrx_word' id='word_1_825' title='bbox 1180 5646 1394 5718; x_wconf 71' lang='lat' dir='ltr'><strong>xv,_52.</strong></span> 
     </span>
    </p>
   </div>
   <div class='ocr_carea' id='block_1_105' title="bbox 1799 4524 3381 4596">
    <p class='ocr_par' dir='ltr' id='par_1_105' title="bbox 1799 4524 3381 4596">
     <span class='ocr_line' id='line_1_105' title="bbox 1799 4524 3381 4596; baseline -0.002 -13"><span class='ocrx_word' id='word_1_826' title='bbox 1799 4537 1894 4584; x_wconf 87' lang='lat' dir='ltr'><strong>nat</strong></span> <span class='ocrx_word' id='word_1_827' title='bbox 1927 4547 1938 4582; x_wconf 94' lang='lat'>:</span> <span class='ocrx_word' id='word_1_828' title='bbox 1972 4529 2048 4581; x_wconf 92' lang='lat' dir='ltr'><strong>ait</strong></span> <span class='ocrx_word' id='word_1_829' title='bbox 2073 4526 2218 4582; x_wconf 87' lang='lat' dir='ltr'><strong>enim</strong></span> <span class='ocrx_word' id='word_1_830' title='bbox 2252 4526 2368 4596; x_wconf 91' lang='lat' dir='ltr'><strong>ipse</strong></span> <span class='ocrx_word' id='word_1_831' title='bbox 2392 4525 2569 4580; x_wconf 87' lang='lat' dir='ltr'><strong>Lucas</strong></span> <span class='ocrx_word' id='word_1_832' title='bbox 2595 4525 2652 4578; x_wconf 91' lang='lat' dir='ltr'><strong>in</strong></span> <span class='ocrx_word' id='word_1_833' title='bbox 2681 4524 2977 4595; x_wconf 82' lang='lat' dir='ltr'><strong>Evangelio</strong></span> <span class='ocrx_word' id='word_1_834' title='bbox 3007 4541 3108 4580; x_wconf 90' lang='lat' dir='ltr'><strong>suo</strong></span> <span class='ocrx_word' id='word_1_835' title='bbox 3137 4544 3152 4580; x_wconf 91' lang='lat'><strong>:</strong></span> <span class='ocrx_word' id='word_1_836' title='bbox 3177 4543 3198 4576; x_wconf 87' lang='grc'><strong><em>‹</em></strong></span> <span class='ocrx_word' id='word_1_837' title='bbox 3233 4525 3381 4581; x_wconf 85' lang='lat' dir='ltr'><strong>Misit</strong></span> 
     </span>
    </p>
   </div>
   <div class='ocr_carea' id='block_1_106' title="bbox 1801 4615 3381 4688">
    <p class='ocr_par' dir='ltr' id='par_1_106' title="bbox 1801 4615 3381 4688">
     <span class='ocr_line' id='line_1_106' title="bbox 1801 4615 3381 4688; baseline -0.002 -13"><span class='ocrx_word' id='word_1_838' title='bbox 1801 4621 1940 4675; x_wconf 90' lang='lat' dir='ltr'><strong>duos</strong></span> <span class='ocrx_word' id='word_1_839' title='bbox 1965 4619 2268 4688; x_wconf 91' lang='lat' dir='ltr'><strong>discipulos</strong></span> <span class='ocrx_word' id='word_1_840' title='bbox 2299 4632 2431 4673; x_wconf 89' lang='lat' dir='ltr'><strong>suos</strong></span> <span class='ocrx_word' id='word_1_841' title='bbox 2453 4618 2684 4672; x_wconf 87' lang='lat' dir='ltr'><strong>dicens:</strong></span> <span class='ocrx_word' id='word_1_842' title='bbox 2721 4615 2795 4670; x_wconf 91' lang='lat' dir='ltr'><strong>Ite</strong></span> <span class='ocrx_word' id='word_1_843' title='bbox 2829 4619 2882 4670; x_wconf 90' lang='lat' dir='ltr'><strong>in</strong></span> <span class='ocrx_word' id='word_1_844' title='bbox 2911 4619 3197 4674; x_wconf 91' lang='lat' dir='ltr'><strong>castellum</strong></span> <span class='ocrx_word' id='word_1_845' title='bbox 3231 4618 3381 4688; x_wconf 88' lang='lat' dir='ltr'><strong>quod</strong></span> 
     </span>
    </p>
   </div>
   <div class='ocr_carea' id='block_1_107' title="bbox 1805 4709 3376 4778">
    <p class='ocr_par' dir='ltr' id='par_1_107' title="bbox 1805 4709 3376 4778">
     <span class='ocr_line' id='line_1_107' title="bbox 1805 4709 3376 4778; baseline -0.003 -10"><span class='ocrx_word' id='word_1_846' title='bbox 1805 4721 2000 4768; x_wconf 90' lang='lat' dir='ltr'><strong>contra</strong></span> <span class='ocrx_word' id='word_1_847' title='bbox 2046 4726 2146 4765; x_wconf 88' lang='lat' dir='ltr'><strong>vos</strong></span> <span class='ocrx_word' id='word_1_848' title='bbox 2193 4718 2317 4765; x_wconf 90' lang='lat' dir='ltr'><strong>cst:</strong></span> <span class='ocrx_word' id='word_1_849' title='bbox 2369 4711 2426 4764; x_wconf 90' lang='lat' dir='ltr'><strong>in</strong></span> <span class='ocrx_word' id='word_1_850' title='bbox 2469 4709 2614 4778; x_wconf 87' lang='lat' dir='ltr'><strong>quod</strong></span> <span class='ocrx_word' id='word_1_851' title='bbox 2661 4709 3033 4773; x_wconf 86' lang='lat' dir='ltr'><strong>introeuntes,</strong></span> <span class='ocrx_word' id='word_1_852' title='bbox 3083 4711 3376 4764; x_wconf 86' lang='lat' dir='ltr'><strong>invenietis</strong></span> 
     </span>
    </p>
   </div>
   <div class='ocr_carea' id='block_1_108' title="bbox 1803 4800 3376 4873">
    <p class='ocr_par' dir='ltr' id='par_1_108' title="bbox 1803 4800 3376 4873">
     <span class='ocr_line' id='line_1_108' title="bbox 1803 4800 3376 4873; baseline -0.001 -18"><span class='ocrx_word' id='word_1_853' title='bbox 1803 4803 2011 4873; x_wconf 91' lang='lat' dir='ltr'><strong>pullum</strong></span> <span class='ocrx_word' id='word_1_854' title='bbox 2042 4802 2210 4857; x_wconf 80' lang='lat' dir='ltr'><strong>asinae</strong></span> <span class='ocrx_word' id='word_1_855' title='bbox 2237 4802 2515 4871; x_wconf 85' lang='lat' dir='ltr'><strong>alligatum</strong></span> <span class='ocrx_word' id='word_1_856' title='bbox 2540 4843 2554 4864; x_wconf 92' lang='lat'><strong>,</strong></span> <span class='ocrx_word' id='word_1_857' title='bbox 2588 4800 2676 4854; x_wconf 90' lang='lat' dir='ltr'><strong>cui</strong></span> <span class='ocrx_word' id='word_1_858' title='bbox 2720 4817 2879 4854; x_wconf 87' lang='lat' dir='ltr'><strong>nemo</strong></span> <span class='ocrx_word' id='word_1_859' title='bbox 2917 4816 3157 4870; x_wconf 91' lang='lat' dir='ltr'><strong>unquam</strong></span> <span class='ocrx_word' id='word_1_860' title='bbox 3197 4801 3376 4854; x_wconf 90' lang='lat' dir='ltr'><strong>homi-</strong></span> 
     </span>
    </p>
   </div>
   <div class='ocr_carea' id='block_1_109' title="bbox 1806 4891 3378 4949">
    <p class='ocr_par' dir='ltr' id='par_1_109' title="bbox 1806 4891 3378 4949">
     <span class='ocr_line' id='line_1_109' title="bbox 1806 4891 3378 4949; baseline -0.003 0"><span class='ocrx_word' id='word_1_861' title='bbox 1806 4910 1936 4949; x_wconf 89' lang='lat' dir='ltr'><strong>num</strong></span> <span class='ocrx_word' id='word_1_862' title='bbox 1971 4892 2112 4947; x_wconf 88' lang='lat' dir='ltr'><strong>sedit</strong></span> <span class='ocrx_word' id='word_1_863' title='bbox 2140 4911 2153 4946; x_wconf 91' lang='lat'><strong>:</strong></span> <span class='ocrx_word' id='word_1_864' title='bbox 2181 4893 2375 4946; x_wconf 90' lang='lat' dir='ltr'><strong>solvite</strong></span> <span class='ocrx_word' id='word_1_865' title='bbox 2398 4893 2550 4946; x_wconf 90' lang='lat' dir='ltr'><strong>illum</strong></span> <span class='ocrx_word' id='word_1_866' title='bbox 2580 4899 2634 4947; x_wconf 92' lang='lat' dir='ltr'><strong>et</strong></span> <span class='ocrx_word' id='word_1_867' title='bbox 2660 4891 2912 4946; x_wconf 89' lang='lat' dir='ltr'><strong>adducite</strong></span> <span class='ocrx_word' id='word_1_868' title='bbox 2942 4891 3073 4944; x_wconf 92' lang='lat' dir='ltr'><strong>mihi</strong></span> <span class='ocrx_word' id='word_1_869' title='bbox 3102 4892 3139 4946; x_wconf 67' lang='grc'><strong>⁸.</strong></span> <span class='ocrx_word' id='word_1_870' title='bbox 3177 4909 3196 4942; x_wconf 75' lang='grc' dir='ltr'><strong>ι</strong></span> <span class='ocrx_word' id='word_1_871' title='bbox 3226 4891 3378 4944; x_wconf 72' lang='grc' dir='ltr'>Ιιινεο</span> 
     </span>
    </p>
   </div>
   <div class='ocr_carea' id='block_1_110' title="bbox 1803 4981 3383 5053">
    <p class='ocr_par' dir='ltr' id='par_1_110' title="bbox 1803 4981 3383 5053">
     <span class='ocr_line' id='line_1_110' title="bbox 1803 4981 3383 5053; baseline -0.002 -14"><span class='ocrx_word' id='word_1_872' title='bbox 1803 4986 1924 5040; x_wconf 85' lang='lat' dir='ltr'><strong>nies</strong></span> <span class='ocrx_word' id='word_1_873' title='bbox 1950 4986 2133 5053; x_wconf 88' lang='lat' dir='ltr'><strong>itaque</strong></span> <span class='ocrx_word' id='word_1_874' title='bbox 2161 4982 2472 5038; x_wconf 67' lang='lat' dir='ltr'><strong>Matthazum</strong></span> <span class='ocrx_word' id='word_1_875' title='bbox 2505 4985 2614 5040; x_wconf 90' lang='lat' dir='ltr'><strong>duo</strong></span> <span class='ocrx_word' id='word_1_876' title='bbox 2660 4984 2863 5053; x_wconf 79' lang='lat' dir='ltr'><strong>ubique</strong></span> <span class='ocrx_word' id='word_1_877' title='bbox 2904 4985 3228 5046; x_wconf 90' lang='lat' dir='ltr'><strong>nominare;</strong></span> <span class='ocrx_word' id='word_1_878' title='bbox 3273 4981 3383 5036; x_wconf 85' lang='lat' dir='ltr'><strong>Lu-</strong></span> 
     </span>
    </p>
   </div>
   <div class='ocr_carea' id='block_1_111' title="bbox 1805 5071 3382 5142">
    <p class='ocr_par' dir='ltr' id='par_1_111' title="bbox 1805 5071 3382 5142">
     <span class='ocr_line' id='line_1_111' title="bbox 1805 5071 3382 5142; baseline -0.003 -14"><span class='ocrx_word' id='word_1_879' title='bbox 1805 5089 1926 5128; x_wconf 88' lang='lat' dir='ltr'><strong>cam</strong></span> <span class='ocrx_word' id='word_1_880' title='bbox 1959 5089 2089 5127; x_wconf 87' lang='lat' dir='ltr'><strong>vero</strong></span> <span class='ocrx_word' id='word_1_881' title='bbox 2117 5073 2226 5128; x_wconf 91' lang='lat' dir='ltr'><strong>duo</strong></span> <span class='ocrx_word' id='word_1_882' title='bbox 2271 5073 2325 5126; x_wconf 90' lang='lat' dir='ltr'><strong>in</strong></span> <span class='ocrx_word' id='word_1_883' title='bbox 2366 5089 2535 5126; x_wconf 91' lang='lat' dir='ltr'><strong>unum</strong></span> <span class='ocrx_word' id='word_1_884' title='bbox 2586 5073 2894 5142; x_wconf 89' lang='lat' dir='ltr'><strong>complecti.</strong></span> <span class='ocrx_word' id='word_1_885' title='bbox 2939 5071 3255 5140; x_wconf 85' lang='lat' dir='ltr'><strong>Cujusmodi</strong></span> <span class='ocrx_word' id='word_1_886' title='bbox 3297 5080 3382 5126; x_wconf 87' lang='lat' dir='ltr'><strong>est</strong></span> 
     </span>
    </p>
   </div>
   <div class='ocr_carea' id='block_1_112' title="bbox 1806 5163 3380 5233">
    <p class='ocr_par' dir='ltr' id='par_1_112' title="bbox 1806 5163 3380 5233">
     <span class='ocr_line' id='line_1_112' title="bbox 1806 5163 3380 5233; baseline -0.002 -15"><span class='ocrx_word' id='word_1_887' title='bbox 1806 5164 1938 5218; x_wconf 88' lang='lat' dir='ltr'><strong>illud</strong></span> <span class='ocrx_word' id='word_1_888' title='bbox 1966 5164 2034 5218; x_wconf 88' lang='lat' dir='ltr'><strong>de</strong></span> <span class='ocrx_word' id='word_1_889' title='bbox 2059 5165 2252 5227; x_wconf 72' lang='lat' dir='ltr'><strong>caecis,</strong></span> <span class='ocrx_word' id='word_1_890' title='bbox 2279 5179 2418 5233; x_wconf 88' lang='lat' dir='ltr'><strong>quos</strong></span> <span class='ocrx_word' id='word_1_891' title='bbox 2449 5163 2732 5217; x_wconf 81' lang='lat' dir='ltr'><strong>Matthaeus</strong></span> <span class='ocrx_word' id='word_1_892' title='bbox 2760 5163 2899 5217; x_wconf 87' lang='lat' dir='ltr'><strong>duos</strong></span> <span class='ocrx_word' id='word_1_893' title='bbox 2924 5163 3050 5218; x_wconf 91' lang='lat' dir='ltr'><strong>item</strong></span> <span class='ocrx_word' id='word_1_894' title='bbox 3081 5171 3380 5226; x_wconf 87' lang='lat' dir='ltr'><strong>memorat,</strong></span> 
     </span>
    </p>
   </div>
   <div class='ocr_carea' id='block_1_113' title="bbox 1806 5254 3384 5319">
    <p class='ocr_par' dir='ltr' id='par_1_113' title="bbox 1806 5254 3384 5319">
     <span class='ocr_line' id='line_1_113' title="bbox 1806 5254 3384 5319; baseline -0.003 -9"><span class='ocrx_word' id='word_1_895' title='bbox 1806 5257 2038 5310; x_wconf 90' lang='lat' dir='ltr'><strong>dicens:</strong></span> <span class='ocrx_word' id='word_1_896' title='bbox 2099 5273 2118 5305; x_wconf 76' lang='grc' dir='ltr'><strong>ι</strong></span> <span class='ocrx_word' id='word_1_897' title='bbox 2158 5254 2223 5307; x_wconf 83' lang='grc' dir='ltr'>Ει</span> <span class='ocrx_word' id='word_1_898' title='bbox 2271 5262 2586 5309; x_wconf 88' lang='lat' dir='ltr'><strong>transeunte</strong></span> <span class='ocrx_word' id='word_1_899' title='bbox 2635 5254 2760 5308; x_wconf 91' lang='lat' dir='ltr'><strong>inde</strong></span> <span class='ocrx_word' id='word_1_900' title='bbox 2811 5255 2975 5319; x_wconf 80' lang='lat' dir='ltr'><strong>Jesu,</strong></span> <span class='ocrx_word' id='word_1_901' title='bbox 3030 5258 3200 5306; x_wconf 85' lang='lat' dir='ltr'><strong>secuti</strong></span> <span class='ocrx_word' id='word_1_902' title='bbox 3255 5261 3384 5307; x_wconf 89' lang='lat' dir='ltr'><strong>sunt</strong></span> 
     </span>
    </p>
   </div>
   <div class='ocr_carea' id='block_1_114' title="bbox 1808 5344 3386 5410">
    <p class='ocr_par' dir='ltr' id='par_1_114' title="bbox 1808 5344 3386 5410">
     <span class='ocr_line' id='line_1_114' title="bbox 1808 5344 3386 5410; baseline -0.002 -9"><span class='ocrx_word' id='word_1_903' title='bbox 1808 5361 1934 5402; x_wconf 91' lang='lat' dir='ltr'><strong>eum</strong></span> <span class='ocrx_word' id='word_1_904' title='bbox 1984 5346 2094 5401; x_wconf 93' lang='lat' dir='ltr'><strong>duo</strong></span> <span class='ocrx_word' id='word_1_905' title='bbox 2125 5345 2293 5410; x_wconf 74' lang='lat' dir='ltr'><strong>caeci,</strong></span> <span class='ocrx_word' id='word_1_906' title='bbox 2331 5347 2634 5399; x_wconf 90' lang='lat' dir='ltr'><strong>clamantes</strong></span> <span class='ocrx_word' id='word_1_907' title='bbox 2681 5353 2733 5400; x_wconf 94' lang='lat' dir='ltr'><strong>et</strong></span> <span class='ocrx_word' id='word_1_908' title='bbox 2783 5345 3068 5399; x_wconf 87' lang='lat' dir='ltr'><strong>dicentes:</strong></span> <span class='ocrx_word' id='word_1_909' title='bbox 3125 5344 3386 5399; x_wconf 82' lang='lat' dir='ltr'><strong>Miserere</strong></span> 
     </span>
    </p>
   </div>
   <div class='ocr_carea' id='block_1_115' title="bbox 1814 5433 3384 5500">
    <p class='ocr_par' dir='ltr' id='par_1_115' title="bbox 1814 5433 3384 5500">
     <span class='ocr_line' id='line_1_115' title="bbox 1814 5433 3384 5500; baseline -0.004 -8"><span class='ocrx_word' id='word_1_910' title='bbox 1814 5437 2026 5500; x_wconf 88' lang='lat' dir='ltr'><strong>nostri,</strong></span> <span class='ocrx_word' id='word_1_911' title='bbox 2068 5435 2144 5489; x_wconf 82' lang='lat' dir='ltr'><strong>ﬁli</strong></span> <span class='ocrx_word' id='word_1_912' title='bbox 2186 5434 2357 5489; x_wconf 87' lang='lat' dir='ltr'><strong>David</strong></span> <span class='ocrx_word' id='word_1_913' title='bbox 2399 5436 2442 5490; x_wconf 85' lang='grc'><strong>⁸.</strong></span> <span class='ocrx_word' id='word_1_914' title='bbox 2478 5454 2496 5486; x_wconf 75' lang='grc' dir='ltr'><strong>ι</strong></span> <span class='ocrx_word' id='word_1_915' title='bbox 2543 5434 2720 5490; x_wconf 89' lang='lat' dir='ltr'><strong>Lucas</strong></span> <span class='ocrx_word' id='word_1_916' title='bbox 2761 5449 2890 5488; x_wconf 88' lang='lat' dir='ltr'><strong>vero</strong></span> <span class='ocrx_word' id='word_1_917' title='bbox 2930 5434 3071 5488; x_wconf 88' lang='lat' dir='ltr'><strong>duos</strong></span> <span class='ocrx_word' id='word_1_918' title='bbox 3113 5433 3167 5487; x_wconf 90' lang='lat' dir='ltr'><strong>in</strong></span> <span class='ocrx_word' id='word_1_919' title='bbox 3212 5449 3384 5487; x_wconf 89' lang='lat' dir='ltr'><strong>unum</strong></span> 
     </span>
    </p>
   </div>
   <div class='ocr_carea' id='block_1_116' title="bbox 1814 5523 3387 5596">
    <p class='ocr_par' dir='ltr' id='par_1_116' title="bbox 1814 5523 3387 5596">
     <span class='ocr_line' id='line_1_116' title="bbox 1814 5523 3387 5596; baseline -0.003 -15"><span class='ocrx_word' id='word_1_920' title='bbox 1814 5528 2130 5596; x_wconf 75' lang='lat' dir='ltr'><strong>complexus</strong></span> <span class='ocrx_word' id='word_1_921' title='bbox 2152 5565 2166 5590; x_wconf 93' lang='lat'><strong>,</strong></span> <span class='ocrx_word' id='word_1_922' title='bbox 2198 5525 2274 5579; x_wconf 90' lang='lat' dir='ltr'><strong>ait</strong></span> <span class='ocrx_word' id='word_1_923' title='bbox 2310 5544 2325 5580; x_wconf 73' lang='grc' dir='ltr'><strong>ι</strong></span> <span class='ocrx_word' id='word_1_924' title='bbox 2353 5544 2370 5575; x_wconf 80' lang='grc' dir='ltr'><strong>ι</strong></span> <span class='ocrx_word' id='word_1_925' title='bbox 2395 5523 2623 5580; x_wconf 88' lang='lat' dir='ltr'><strong>Factum</strong></span> <span class='ocrx_word' id='word_1_926' title='bbox 2655 5532 2738 5580; x_wconf 89' lang='lat' dir='ltr'><strong>est</strong></span> <span class='ocrx_word' id='word_1_927' title='bbox 2789 5531 3003 5588; x_wconf 87' lang='lat' dir='ltr'><strong>autem,</strong></span> <span class='ocrx_word' id='word_1_928' title='bbox 3031 5539 3155 5577; x_wconf 88' lang='lat' dir='ltr'><strong>cum</strong></span> <span class='ocrx_word' id='word_1_929' title='bbox 3189 5538 3387 5594; x_wconf 88' lang='lat' dir='ltr'><strong>appro-</strong></span> 
     </span>
    </p>
   </div>
   <div class='ocr_carea' id='block_1_117' title="bbox 1483 5638 1690 5714">
    <p class='ocr_par' dir='ltr' id='par_1_117' title="bbox 1483 5645 1690 5702">
     <span class='ocr_line' id='line_1_117' title="bbox 1483 5645 1690 5702; baseline 0.005 -2"><span class='ocrx_word' id='word_1_930' title='bbox 1483 5645 1690 5702; x_wconf 81' lang='lat' dir='ltr'><strong>&quot;lCc</strong></span> 
     </span>
    </p>
   </div>
   <div class='ocr_carea' id='block_1_118' title="bbox 1796 5638 3382 5714">
    <p class='ocr_par' dir='ltr' id='par_1_118' title="bbox 1796 5638 3382 5714">
     <span class='ocr_line' id='line_1_118' title="bbox 1796 5638 3382 5714; baseline -0.003 -15"><span class='ocrx_word' id='word_1_931' title='bbox 1796 5660 1855 5711; x_wconf 76' lang='grc' dir='ltr'><strong>ι,</strong></span> <span class='ocrx_word' id='word_1_932' title='bbox 1921 5646 2012 5698; x_wconf 75' lang='lat'><strong>5|.</strong></span> <span class='ocrx_word' id='word_1_933' title='bbox 2087 5644 2132 5676; x_wconf 73' lang='grc'><strong>⁸³⁸</strong></span> <span class='ocrx_word' id='word_1_934' title='bbox 2174 5641 2300 5713; x_wconf 80' lang='lat' dir='ltr'><strong>Sap.</strong></span> <span class='ocrx_word' id='word_1_935' title='bbox 2331 5660 2468 5711; x_wconf 79' lang='lat' dir='ltr'><strong>xm,</strong></span> <span class='ocrx_word' id='word_1_936' title='bbox 2505 5643 2559 5700; x_wconf 82' lang='lat'><strong>5.</strong></span> <span class='ocrx_word' id='word_1_937' title='bbox 2635 5645 2680 5680; x_wconf 77' lang='grc'><strong>³⁸</strong></span> <span class='ocrx_word' id='word_1_938' title='bbox 2721 5641 2847 5714; x_wconf 88' lang='lat' dir='ltr'><strong>Sap.</strong></span> <span class='ocrx_word' id='word_1_939' title='bbox 2887 5657 2962 5708; x_wconf 87' lang='grc' dir='ltr'><strong>ιι,</strong></span> <span class='ocrx_word' id='word_1_940' title='bbox 2998 5641 3088 5696; x_wconf 67' lang='lat'><strong>24.</strong></span> <span class='ocrx_word' id='word_1_941' title='bbox 3167 5641 3184 5672; x_wconf 85' lang='grc'>¹</span> <span class='ocrx_word' id='word_1_942' title='bbox 3225 5638 3382 5695; x_wconf 75' lang='lat' dir='ltr'><strong>Rom.</strong></span> 
     </span>
    </p>
   </div>
   <div class='ocr_carea' id='block_1_119' title="bbox 115 5713 1690 5799">
    <p class='ocr_par' dir='ltr' id='par_1_119' title="bbox 115 5713 1690 5799">
     <span class='ocr_line' id='line_1_119' title="bbox 115 5713 1690 5799; baseline -0.003 -24"><span class='ocrx_word' id='word_1_943' title='bbox 115 5736 172 5781; x_wconf 69' lang='grc' dir='ltr'>γ.</span> <span class='ocrx_word' id='word_1_944' title='bbox 215 5719 304 5773; x_wconf 69' lang='grc' dir='ltr'>Η.</span> <span class='ocrx_word' id='word_1_945' title='bbox 365 5713 401 5751; x_wconf 80' lang='grc'><em>’³</em></span> <span class='ocrx_word' id='word_1_946' title='bbox 441 5719 570 5774; x_wconf 83' lang='lat' dir='ltr'><strong>ibid.</strong></span> <span class='ocrx_word' id='word_1_947' title='bbox 608 5719 694 5774; x_wconf 81' lang='grc'><strong>15.</strong></span> <span class='ocrx_word' id='word_1_948' title='bbox 758 5717 793 5799; x_wconf 57' lang='grc' dir='ltr'><strong><em>ξ</em></strong></span> <span class='ocrx_word' id='word_1_949' title='bbox 829 5715 993 5773; x_wconf 82' lang='lat' dir='ltr'><strong>Hebr.</strong></span> <span class='ocrx_word' id='word_1_950' title='bbox 1029 5733 1069 5788; x_wconf 71' lang='grc' dir='ltr'><strong>ι,</strong></span> <span class='ocrx_word' id='word_1_951' title='bbox 1107 5719 1157 5774; x_wconf 81' lang='lat'><strong>5.</strong></span> <span class='ocrx_word' id='word_1_952' title='bbox 1236 5716 1403 5772; x_wconf 73' lang='lat' dir='ltr'><strong>‘Luc.</strong></span> <span class='ocrx_word' id='word_1_953' title='bbox 1443 5733 1556 5777; x_wconf 75' lang='lat' dir='ltr'><strong>xu.</strong></span> <span class='ocrx_word' id='word_1_954' title='bbox 1591 5715 1690 5782; x_wconf 70' lang='lat'><strong>29,</strong></span> 
     </span>
    </p>
   </div>
   <div class='ocr_carea' id='block_1_120' title="bbox 1796 5713 2395 5799">
    <p class='ocr_par' dir='ltr' id='par_1_120' title="bbox 1796 5713 2395 5781">
     <span class='ocr_line' id='line_1_120' title="bbox 1796 5713 2395 5781; baseline -0.002 -12"><span class='ocrx_word' id='word_1_955' title='bbox 1796 5745 1816 5769; x_wconf 86' lang='lat'><strong>.</strong></span> <span class='ocrx_word' id='word_1_956' title='bbox 1893 5716 1915 5748; x_wconf 84' lang='grc'><strong><em>⁵</em></strong></span> <span class='ocrx_word' id='word_1_957' title='bbox 1957 5713 2148 5770; x_wconf 77' lang='lat' dir='ltr'><strong>Matth.</strong></span> <span class='ocrx_word' id='word_1_958' title='bbox 2181 5730 2234 5769; x_wconf 78' lang='lat' dir='ltr'><strong>lx</strong></span> <span class='ocrx_word' id='word_1_959' title='bbox 2256 5755 2272 5781; x_wconf 96' lang='lat'><strong>,</strong></span> <span class='ocrx_word' id='word_1_960' title='bbox 2306 5713 2395 5768; x_wconf 72' lang='grc'><strong>27.</strong></span> 
     </span>
    </p>
   </div>
  </div>
