3832 6216
492 309 622 364 1037

1584 306 1644 360 S.
1683 303 2152 364 ATHANASIUS.
2205 333 2277 344 —
2319 301 2593 358 SPURIA.

3610 301 3740 356 1028

485 419 776 489 plnquaret
807 412 1064 480 Iericho,
1124 427 1302 468 cacus
1350 413 1572 483 quidam
1627 415 1850 470 sedebat
1901 431 2060 471 secus

2170 415 2306 484 φλοὶ,
2338 414 2632 487 κράζοντες
2657 412 2750 466 καὶ
2773 412 3048 479 λέγοντεςο
3082 429 3101 462 ι
3149 411 3400 482 Ἐλέησον
3435 414 3606 483 ἡμᾶς,
3633 413 3739 475 υἱὸς

481 511 626 566 viam
650 508 989 563 mendicans.
1017 505 1081 559 Et
1106 520 1229 560 cum
1253 505 1468 560 audiret
1488 506 1702 560 turbam
1728 515 2061 575 praetereun-

481 610 628 666 tem,
673 599 1082 669 interrogabat,
1131 597 1263 667 quid
1307 597 1411 650 hoc
1444 605 1612 652 esset.
1657 597 1925 652 Dixerunt
1963 613 2063 651 au-

483 701 591 746 tem
625 691 674 746 ei
695 730 708 753 ,
739 690 889 761 quod
918 688 1080 743 Jesus
1101 686 1416 741 Nazarenus
1445 687 1742 754 transiret,
1774 696 1827 743 et
1857 689 2061 742 clama-

480 784 562 836 vit
605 782 838 836 dicens:
889 779 1018 834 Jesu
1050 819 1065 844 ,
1117 778 1192 832 ﬁli
1233 778 1400 831 David
1426 819 1440 843 ,
1484 779 1746 835 miserere
1807 780 1916 833 mei
1961 779 2002 834 °.
2036 799 2054 831 ι

486 862 756 928 Similiter
797 872 1173 942 deprehendes
1203 870 1572 925 daemoniacos
1603 870 1741 924 duos
1775 872 2062 925 nominare

484 966 836 1031 Matthaaum;
883 963 1088 1017 Lucam
1138 979 1268 1018 vero
1319 963 1660 1018 accuratiore
1710 972 1924 1026 mente,
1973 963 2061 1032 pie

483 1070 586 1124 pro
634 1056 849 1109 duobus
887 1069 1058 1106 unum
1102 1053 1307 1107 dicere.
1350 1052 1638 1107 Matthqu
1669 1067 1799 1122 ergo
1830 1053 1896 1106 de
1925 1053 2061 1106 duo-

485 1151 592 1204 bus
621 1149 700 1204 sic
726 1147 969 1216 loquitur
998 1165 1010 1200 :
1040 1164 1058 1196 ι
1095 1145 1160 1198 Ει
1202 1161 1328 1200 cum
1377 1147 1620 1200 venisset
1664 1153 1818 1199 trans
1861 1145 2060 1200 fretum

486 1243 542 1296 in
571 1242 846 1311 regionem
878 1237 1280 1293 Gerasenorum
1304 1277 1318 1300 ,
1351 1245 1714 1292 occurrerunt
1745 1237 1795 1291 ei
1827 1238 1934 1291 duo
1965 1238 2061 1290 ba-

483 1333 678 1389 bentes
714 1331 1013 1396 daemonia,
1054 1329 1122 1384 de
1171 1330 1547 1384 monumentis
1591 1339 1888 1395 exeuntes,
1935 1329 2061 1383 saevi

481 1425 646 1480 nimis
673 1424 717 1476 ".
754 1443 773 1476 9
808 1421 988 1476 Lucas
1033 1435 1165 1475 vero
1216 1437 1386 1475 unum
1439 1436 1539 1490 pro
1581 1421 1796 1476 duobus
1842 1421 2063 1489 scripsit

480 1515 567 1569 bis
618 1514 834 1568 verbis:
867 1529 884 1562 ι
918 1510 983 1564 Ει
1029 1526 1154 1565 cum
1205 1525 1467 1580 egressus
1518 1520 1664 1565 esset
1709 1509 1776 1563 ad
1823 1519 2059 1570 terram,

479 1609 721 1664 occurrit
754 1607 833 1661 illi
865 1607 947 1661 vir
977 1605 1200 1675 quidam
1232 1619 1297 1658 ex
1331 1606 1502 1668 urbe,
1537 1603 1630 1674 qui
1676 1603 1911 1657 habebat
1952 1602 2062 1656 daa-

486 1703 676 1756 monia
717 1701 829 1770 jam
877 1715 907 1752 a
939 1699 1280 1767 temporibus
1329 1697 1516 1751 multis
1545 1697 1588 1748 ⁸.
1623 1715 1641 1748 ι
1674 1695 1886 1765 Ubique
1929 1709 2060 1763 ergo

2168 507 2351 562 Δαϐίδ.
2393 527 2411 559 ι
2459 509 2515 560 '0
2557 507 2614 560 δὲ
2657 508 2872 570 Λουκᾶς
2910 509 3036 570 τοὺς
3080 506 3174 558 δύο
3220 507 3300 567 εἰς
3336 507 3433 557 ἕνα
3476 506 3743 573 ἀνακεφα-

2167 598 2482 668 λαιούμενός
2513 614 2709 667 φησιν·
2757 616 2774 648 ι
2815 597 3059 663 Ἐγένετο
3099 596 3156 649 δὲ
3194 598 3252 649 ἐν
3273 594 3352 665 τῷ
3372 595 3616 662 ἐγγίζειν
3655 598 3740 648 αὺ-

2167 691 2257 744 τὸν
2295 693 2375 754 εἰς
2413 689 2641 762 Ὶεριχὼ,
2690 689 2883 758 τυφλός,
2928 707 3011 752 τις
3038 689 3271 759 ἐκάθητο
3302 689 3456 760 παρὰ
3488 690 3588 759 τὴν
3617 689 3741 753 ὁδὸν,

2168 785 2500 856 προσαιτῶν.
2536 783 2799 846 Ἀκούσας
2820 783 2876 835 δὲ
2900 783 3057 853 ὄχλου
3087 783 3574 854 διαπορευομένου,
3603 785 3744 836 ἐπυν-

2169 873 2360 926 θάνετο
2401 873 2454 924 τί
2491 872 2557 926 ἂν
2610 875 2694 943 εἴη
2734 873 2913 927 τοῦτο.
2956 873 3326 944 Ἀπήγγειλαν
3365 874 3422 926 δὲ
3464 875 3640 944 αὐτῷ,
3674 876 3744 926 ὃτι

2179 965 2386 1035 Ἰησοῦς
2407 967 2434 1018 6
2457 965 2767 1036 Ναζαραῖος
2799 965 2909 1038 (93)
2939 967 3297 1038 παρέρχεται,
3327 967 3419 1019 καὶ
3444 966 3647 1037 ἐϐόησε
3666 968 3744 1020 λέ-

2167 1075 2311 1125 γων’
2357 1057 2530 1129 Ἰησοῦ
2580 1059 2663 1111 υἱέ
2708 1057 2894 1121 Δαὸὶδ,
2925 1059 3144 1129 ἐλέησόν
3183 1075 3269 1128 με.
3324 1077 3342 1108 ι
3385 1059 3625 1128 Ὁμοίως
3665 1063 3748 1112 καὶ

2167 1152 2259 1203 ἐπὶ
2285 1150 2392 1203 τῶν
2426 1150 2886 1221 δαιμονιζομένων
2926 1151 3178 1221 εὑρήσεις
3207 1151 3300 1203 τὸν
3346 1150 3445 1220 μὲν
3475 1153 3748 1204 Ματθαῐον

2166 1239 2260 1292 δύο
2286 1239 2638 1311 ὀνομάζοντα,
2669 1241 2758 1293 τὸν
2803 1241 2861 1292 δέ
2892 1242 3105 1294 Λουκᾶν
3138 1240 3507 1311 ἀκριϐεστέρα
3545 1243 3615 1310 τῇ
3653 1241 3751 1292 δια-

2166 1333 2284 1404 νοίᾳ
2315 1333 2555 1396 εὐσεϐῶς
2589 1334 2706 1386 ἀντὶ
2740 1333 2848 1385 τῶν
2880 1333 2972 1385 δύο
3002 1333 3097 1386 ἒνα
3141 1334 3418 1404 εἰρηκότα.
3460 1334 3636 1403 Φησὶν
3666 1329 3749 1385 οὖν

2166 1427 2194 1476 ό
2219 1424 2494 1487 Ματθαῖος
2536 1425 2664 1494 περὶ
2694 1423 2802 1476 τῶν
2831 1423 2924 1476 δύο
2945 1424 3145 1488 οὕτως’
3183 1444 3201 1475 ι
3230 1426 3339 1477 Καὶ
3367 1424 3581 1494 ἐλθόντι
3611 1421 3748 1491 αὐτῷ

2167 1518 2247 1578 είς
2276 1516 2335 1568 τὸ
2361 1517 2532 1587 πέραν
2563 1493 2642 1579 εἰς
2673 1517 2772 1587 τὴν
2795 1516 2977 1588 χώραν
2998 1517 3107 1569 τῶν
3133 1493 3482 1590 Γερασηνῶν,
3517 1517 3750 1590 ὑπήντη-

2169 1623 2267 1659 σαν
2295 1606 2442 1676 αύτῴ
2473 1605 2564 1658 δύο
2601 1596 3059 1677 δαιμονιζόμενοι,
3087 1609 3150 1659 ἐκ
3169 1608 3277 1660 τῶν
3303 1608 3592 1678 μνημείων
3615 1583 3749 1677 ἐξερ-

2167 1697 2405 1767 χόμενοι,
2437 1697 2664 1766 χαλεποὶ
2695 1695 2834 1750 λίαν.
2877 1716 2895 1746 ι
2927 1698 3142 1760 Λουκᾶς
3169 1697 3226 1750 δέ
3270 1699 3396 1761 τοὺς
3432 1697 3528 1750 δύο
3553 1700 3637 1761 εἰς
3663 1700 3747 1750 ἕνα

481 1790 796 1846 llattbaeum
829 1789 1079 1843 invenies
1111 1802 1328 1856 semper
1361 1785 1428 1841 de
1458 1786 1675 1841 duobus
1706 1786 2019 1856 loquentem
2045 1827 2059 1850 ,

2170 1786 2390 1855 γράφων
2433 1785 2654 1853 ἔλεγεν·
2721 1803 2740 1835 ι
2785 1785 3087 1849 Ἐξελθόντι
3134 1787 3191 1840 δὲ
3248 1786 3397 1857 αὐτῷ
3451 1789 3511 1839 ἐν
3539 1792 3633 1865 ,τῇ
3683 1791 3744 1857 γῇ

483 1881 688 1936 Lucam
722 1886 904 1933 autem
938 1878 1005 1932 de
1052 1893 1185 1931 uno.
1233 1876 1351 1930 Non
1394 1877 1539 1946 quod
1583 1876 1766 1930 divina
1804 1875 2058 1928 labantur

480 1973 814 2044 Evangelia,
867 1971 1051 2026 absit!
1102 1985 1204 2024 nec
1247 1969 1394 2038 quod
1443 1970 1696 2038 opposita
1742 1969 2058 2036 loquantur,

481 2067 577 2137 qui
633 2081 743 2120 uno
794 2064 1095 2133 eodemque
1149 2061 1355 2132 Spiritu
1404 2071 1597 2116 sancto
1645 2061 1836 2131 repleti
1881 2068 2057 2115 sunt:

482 2173 648 2212 unam
681 2157 827 2212 enim
851 2156 1202 2225 eamdemque
1238 2156 1344 2210 vim
1375 2155 1430 2208 in
1457 2154 1630 2210 sacris
1656 2154 1852 2209 litteris
1882 2152 2061 2208 sancti

481 2250 589 2304 viri
626 2255 978 2304 conservant.

483 2345 696 2406 ἑαυτοῖς
749 2340 1080 2412 ἐφθέγξαντο
1129 2341 1176 2393 οἱ
1210 2339 1270 2404 ἐξ
1325 2340 1442 2403 ἐνὸς
1479 2339 1571 2392 τοῦ
1619 2339 1772 2408 ἁγίου
1817 2335 2130 2406 Πνεύματος

481 2439 588 2492 τῶν
616 2439 786 2506 ἁγίων
816 2437 1048 2509 Γραφῶν
1082 2435 1310 2506 δύναμιν
1342 2436 1392 2488 οἱ
1426 2435 1590 2504 ἅγιοι.

552 2618 606 2672 5.
660 2615 864 2670 Horum
901 2629 1065 2685 porro
1117 2615 1322 2668 mentio
1355 2628 1386 2666 a
1431 2613 1590 2667 nobis
1639 2611 1780 2665 facta
1812 2619 1918 2674 est,
1953 2625 2062 2667 non

483 2707 627 2778 quod
647 2707 928 2778 proposito
955 2715 1144 2761 nostro
1164 2705 1550 2760 exciderimus.
1577 2703 1799 2758 Lectum
1827 2719 2064 2774 namque

483 2797 587 2852 fuit
629 2797 810 2862 nobis,
867 2803 927 2850 ut
977 2795 1286 2860 audivistis,
1347 2792 1702 2862 Evangelium
1763 2793 2063 2848 secundum

483 2885 818 2940 Matthwum.
880 2883 1173 2953 Scripturae
1219 2897 1382 2952 porro
1443 2882 1712 2937 sententia
1763 2883 1878 2936 hac
1928 2889 2059 2936 est:

490 2995 509 3027 ι
538 2974 693 3029 Tunc
725 2974 874 3027 misit
902 2971 1062 3027 Jesus
1091 2971 1230 3026 duos
1275 2970 1593 3040 discipulos,
1619 2971 1808 3025 dicens
1836 2971 1917 3024 eis
1944 2988 1955 3022 :
1990 2969 2065 3022 lte

482 3066 540 3119 in
561 3064 867 3128 castellum,
893 3062 1046 3140 quod
1083 3068 1274 3115 contra
1309 3074 1406 3112 vos
1437 3069 1520 3113 est
1553 3077 1566 3112 :
1599 3066 1654 3115 et
1695 3059 1880 3114 statim
1915 3058 2065 3112 inve-

482 3158 648 3212 nietis
679 3156 893 3210 asinam
931 3155 1226 3224 alligatam,
1266 3161 1318 3207 et
1347 3151 1555 3222 pullum
1584 3166 1707 3205 cum
1745 3165 1845 3218 ea;
1870 3151 2064 3206 solvite

481 3255 539 3302 et
593 3246 846 3300 adducite
905 3245 1058 3298 mihi.
1121 3264 1140 3296 ι
1187 3242 1307 3298 Jam
1364 3259 1531 3313 supra
1575 3243 1812 3297 diximus
1855 3245 2062 3298 asinam
2093 3233 2133 3288 C

484 3341 671 3403 istam,
705 3336 1010 3392 Ecclesiam
1037 3351 1160 3392 esse
1187 3352 1251 3390 ex
1289 3336 1544 3406 gentibus
1570 3343 1818 3390 coactam
1849 3351 1861 3386 :
1885 3337 2065 3406 pullus

485 3439 690 3504 autem,
727 3436 882 3500 pater
921 3437 1110 3483 noster
1129 3428 1300 3482 Adam
1332 3435 1438 3492 est,
1477 3443 1640 3498 quem
1677 3425 1910 3482 Satanas
1946 3443 2067 3482 ver-

485 3525 648 3579 sutiis
695 3522 811 3578 suis
837 3521 1097 3590 alligavit.
1133 3519 1252 3590 Ipsa
1298 3521 1497 3591 quippe
1528 3520 1682 3574 asina
1719 3519 2063 3573 immundum

482 3625 603 3670 erat
623 3613 888 3677 animal”,
926 3607 994 3666 ut'
1017 3627 1138 3683 quae
1171 3613 1354 3668 cibum
1385 3629 1492 3666 non
1523 3611 1820 3666 ruminaret
1846 3625 2065 3666 sursum

483 3708 734 3763 ducendo
775 3721 840 3760 ac
871 3704 1209 3760 demittendo
1241 3721 1255 3756 :
1294 3719 1414 3773 quae
1445 3711 1530 3758 est
1588 3705 1828 3773 gentium
1875 3700 2065 3755 Eccle-

484 3801 586 3854 sia.
625 3797 760 3852 Nam
791 3797 1024 3852 antehac
1070 3797 1162 3849 illa
1212 3795 1371 3850 idolis
1414 3795 1530 3849 suis
1568 3793 2060 3855 contaminabatur,

484 3887 880 3958 immundoque
901 3886 1250 3957 polluebatur
1278 3885 1574 3955 sanguine;
1607 3885 1682 3937 ita
1717 3891 1776 3937 ut
1801 3899 1895 3954 per
1911 3881 2064 3937 Jere-

483 3982 649 4034 miam
683 3979 1006 4050 prophetam
1036 3979 1084 4032 ei
1135 3977 1394 4030 dicatur:
1439 3996 1458 4027 ι
1495 3974 1785 4030 Fornicata
1836 3990 1896 4030 es
1938 3989 2064 4028 cum

484 4072 800 4141 pastoribus
854 4069 1044 4125 multis
1076 4069 1150 4137 ¹⁰;
1191 4089 1211 4121 ›
1265 4068 1362 4125 sed
1408 4068 1503 4123 Dei
1557 4067 1726 4122 Filius
1782 4067 2062 4122 hominum

484 4164 920 4227 amantissimus,
952 4162 1020 4216 ad
1050 4177 1154 4217 nos
1184 4161 1561 4232 peregrinatus
1589 4168 1673 4215 est
1703 4179 1715 4214 :
1742 4177 1760 4210 ι
1792 4172 1845 4215 et
1874 4160 2064 4226 habitu

485 4256 744 4311 inventus
772 4263 833 4308 ut
874 4255 1070 4318 homo,
1119 4252 1427 4307 bumiliavit
1475 4252 1825 4321 semetipsum
1885 4250 2062 4304 factus

484 4347 746 4402 obediens
799 4362 973 4416 usque
1023 4346 1091 4399 ad
1145 4351 1399 4408 mortem,
1434 4350 1662 4398 mortem
1708 4353 1888 4398 autem
1932 4357 2060 4396 cru-

483 4440 566 4493 cis
600 4439 665 4491 “.
699 4456 718 4488 ι
751 4437 937 4508 Neque
967 4437 1111 4492 enim
1138 4437 1452 4506 angelorum
1477 4443 1614 4500 erat,
1637 4434 1730 4489 Dei
1754 4443 2061 4488 creaturam

486 4532 694 4586 salvam
755 4528 970 4597 facere;
1002 4528 1097 4583 sed
1145 4527 1328 4592 Verbi,
1384 4526 1478 4581 Dei
1534 4535 1588 4582 et
1646 4526 1903 4582 hominis.
1953 4525 2060 4595 ipsi

484 4621 688 4692 quippe
719 4620 1020 4675 debebatur
1044 4619 1199 4682 illud,
1241 4627 1429 4689 utpote
1471 4618 1565 4688 qui
1603 4626 1820 4673 creator
1851 4619 2062 4672 dicere-

483 4717 596 4766 tur.
630 4709 794 4763 Mittit
844 4709 1026 4778 itaque
1067 4708 1365 4778 discipulos
1421 4707 1560 4764 duos
1604 4709 1660 4762 in
1717 4709 1998 4763 castellum
2032 4723 2063 4763 e

485 4803 712 4873 regione
733 4801 922 4864 situm,
956 4800 1050 4870 qui
1073 4800 1345 4856 solverent
1383 4800 1594 4854 asinam
1634 4807 1798 4869 atque
1830 4800 2059 4869 pullum,

491 4915 518 4950 ι-
550 4904 610 4950 ιιι
641 4895 922 4949 exhiberet
975 4909 1093 4947 eam
1119 4893 1226 4948 sibi
1271 4891 1564 4962 gloriosam
1596 4890 1919 4956 Ecclesiam,
1953 4907 2062 4946 non

485 4988 776 5044 habentem
817 4986 1052 5056 amplius
1088 4985 1381 5046 maculam,
1421 4991 1514 5038 aut
1544 4984 1748 5054 aliquid
1775 4999 1994 5050 eorum,
2037 5003 2056 5036 ι

485 5097 609 5152 quae
639 5080 893 5149 superius
916 5079 1062 5133 dicta
1099 5085 1225 5132 sunt
1252 5075 1320 5130 de
1348 5076 1440 5130 illa
1473 5092 1486 5128 :
1521 5075 1615 5131 sed
1635 5095 1652 5127 ι
1688 5084 1748 5129 ut
1777 5077 2061 5132 sit‘sancta

485 5182 538 5229 et
553 5170 900 5227 immaculata
920 5168 1140 5225 Christo
1159 5169 1224 5222 ⁸³.
1239 5187 1257 5219 ι
1281 5168 1357 5221 ita
1373 5167 1518 5222 enim
1547 5168 1637 5237 qui
1655 5185 1721 5224 ex
1743 5184 1806 5222 ea
1833 5183 2062 5224 nascen-

487 5274 579 5320 tur
605 5264 777 5318 l‘uturi
806 5271 935 5319 sunt
968 5281 986 5313 ι
1023 5261 1260 5333 populus
1291 5261 1662 5330 acceptabilis,
1700 5269 1937 5316 sectator
1965 5261 2062 5314 bo-

487 5363 684 5412 norum
715 5370 940 5426 operum
971 5356 1034 5409 ¹³.
1067 5374 1085 5406 ι
2025 5339 2028 5342 Α

561 5514 580 5541 ⁸
620 5511 749 5567 an.
788 5511 1143 5573 vvm,‘55-58.
1224 5510 1245 5542 ν
1288 5508 1631 5573 Matth.vm,
1665 5509 1751 5565 28.
1830 5510 1851 5541 ⁸
1891 5509 2022 5564 Ιιιιιν.

2170 5511 2299 5576 ,27.

491 5581 542 5634 7.
591 5585 634 5612 ’³
674 5576 871 5651 Ephes.
907 5599 958 5643 ν,
994 5581 1084 5635 27.
1165 5580 1207 5611 ³³
1246 5579 1352 5636 Tit.
1395 5596 1467 5648 lt,
1505 5580 1594 5633 Η.

431 5680 436 5683 ’
557 5695 668 5768 (9'5)
697 5694 853 5765 Reg,
877 5692 1209 5766 Ναζωραῖος.

2165 1877 2471 1946 ὑπήντησεν
2500 1878 2638 1948 ἀνήρ
2672 1894 2756 1941 τις
2779 1880 2841 1930 ἐκ
2879 1879 2978 1949 τῆς
3003 1878 3230 1943 πόλεως,
3253 1881 3312 1942 ὃς
3351 1876 3466 1950 εἶχε
3499 1881 3748 1950 δαιμόνια

2166 1969 2229 2019 ἐκ
2257 1967 2464 2038 χρόνων
2491 1967 2708 2020 ἱκανῶν.
2735 1987 2753 2019 ι
2783 1969 3065 2039 Πανταχοῦ
3090 1966 3182 2022 οὖν
3206 1971 3462 2041 εὑρήσεις
3490 1971 3588 2022 τὸν
3609 1973 3748 2024 Ματ-

2167 2057 2314 2111 θαίον
2342 2059 2533 2122 διττῶς
2561 2077 2627 2112 πε
2639 2062 2689 2131 ρί
2713 2061 2930 2114 πάντων
2965 2062 3334 2132 φθεγγόμενον
3361 2081 3373 2092 ·
3409 2063 3502 2115 τὸν
3528 2063 3589 2116 δὲ
3617 2065 3745 2115 Λου-

2167 2151 2268 2202 κᾶν
2310 2150 2504 2213 ἑνικῶς
2541 2151 2941 2222 διαλεγόμενον.
2977 2153 3137 2207 ’Ὠστε
3165 2155 3263 2206 οὐκ
3300 2154 3622 2224 ἐσφαλμένα
3651 2156 3748 2206 εἰσὶ

2165 2239 2232 2293 τὰ
2273 2241 2392 2294 θεῖα
2424 2243 2751 2310 Εὑαγγέλια,
2787 2244 2862 2316 μὴ
2887 2245 3122 2313 γένοιτοί
3154 2244 3276 2298 οὔτε
3309 2246 3472 2298 πάλιν
3499 2247 3751 2299 ἀντίθετα

2171 2335 2568 2407 ἐμφορούμενοι
2594 2354 2606 2366 ·
2642 2336 2770 2406 μίαν
2799 2339 2908 2409 γὰρ
2944 2337 3038 2390 καὶ
3080 2338 3178 2410 τὴν
3204 2339 3373 2408 αὐτὴν
3402 2338 3641 2403 σώζουσι
3667 2339 3749 2393 διὰ

2238 2608 2289 2663 5.
2317 2609 2534 2663 Τούτων
2557 2609 2614 2662 δὲ
2637 2613 2727 2663 καὶ
2757 2613 2918 2680 ἡμεῖς
2944 2612 3429 2684 ἐμνημονεύσαμεν
3459 2615 3564 2666 οὐκ
3595 2615 3753 2667 ἐκπε-

2171 2700 2354 2763 σόντες
2397 2702 2492 2753 τοῦ
2536 2703 2897 2771 προκειμένου
2921 2721 2934 2733 ·
2975 2703 3290 2775 ἀνεγνώσθη
3337 2705 3445 2775 γὰρ
3481 2707 3639 2774 ἡμῖν,
3680 2708 3752 2769 ὡς

2169 2791 2460 2860 ἠκούσατε,
2488 2794 2820 2862 Εὐαγγέλιον
2856 2795 2916 2848 τὸ
2947 2796 3086 2849 κατὰ
3117 2797 3413 2850 Ματθαῖον.
3461 2799 3525 2850 Ἡ
3560 2800 3618 2851 δὲ
3654 2818 3751 2852 πε-

2173 2884 2326 2956 ριοχὴ
2361 2887 2456 2956 τῆς
2494 2887 2716 2957 Γραφῆς
2751 2889 2898 2940 ἐστιν
2936 2886 3074 2959 αὕτη
3095 2906 3109 2918 ·
3159 2909 3178 2940 ι
3220 2891 3353 2942 Τότε
3386 2893 3597 2961 Ἰησοῦς
3621 2893 3752 2946 ἁπέ-

2172 2978 2345 3029 στειλε
2387 2977 2478 3029 δύο
2528 2977 2794 3048 μαθητὰς,
2846 2977 3017 3047 λέγων
3060 2980 3280 3042 αὐτοῖς’
3321 2981 3638 3052 Πορεύθητε
3678 2987 3753 3045 είς

2167 3069 2265 3140 τὴν
2308 3067 2520 3140 κώμην,
2552 3069 2649 3140 τὴν
2689 3070 2973 3122 κατέναντι
3004 3070 3178 3141 ὑμῶν,
3227 3073 3322 3124 καὶ
3349 3073 3556 3136 εὐθέως
3588 3076 3751 3146 εὑρή-

2173 3177 2292 3213 σετε
2318 3161 2436 3214 ὄνον
2475 3161 2782 3231 δεδεμένην,
2814 3163 2906 3214 καὶ
2952 3161 3130 3215 πῶλον
3160 3164 3277 3232 μετ’
3309 3163 3483 3233 αὐτῆς
3504 3181 3519 3194 ο
3560 3164 3755 3217 λύσαν-

2166 3271 2257 3317 τες
2285 3253 2519 3322 ἁγάγετέ
2552 3272 2661 3325 μοι.
2695 3273 2713 3305 ι
2754 3256 2893 3326 Ἤδη
2937 3258 3372 3327 προειρήκαμεν,
3409 3258 3494 3310 ὅτι
3546 3260 3688 3329 αῦτη
3719 3264 3749 3330 ή

2165 3348 2284 3408 ὄνος
2311 3349 2343 3416 ἡ
2370 3346 2429 3410 ἐξ
2455 3347 2622 3400 ἐθνῶν
2665 3347 2960 3418 Ἐκκλησία
2989 3347 3284 3418 ἐτύγχανεν
3310 3368 3322 3380 ·
3357 3353 3386 3403 6
3416 3351 3476 3404 δέ
3518 3351 3701 3414 πῶλος
3724 3353 3753 3403 6

2167 3438 2348 3510 πατὴρ
2387 3439 2541 3508 ἡμῶν
2579 3439 2750 3511 Ἀδάμ
2784 3441 2952 3502 ἐστιν,
2982 3439 3256 3509 ὃν’ἔδησεν
3289 3443 3317 3494 6
3349 3442 3604 3506 Σατανᾶς
3635 3445 3752 3504 ταῖς

2165 3533 2327 3586 αὑτοῦ
2355 3532 2727 3605 πανουργίαις.
2763 3531 2910 3602 Αὕτη
2943 3532 3050 3603 γάρ
3080 3533 3113 3602 ἡ
3138 3531 3258 3595 ὄνος
3281 3533 3600 3604 ἀκάθαρτον
3623 3534 3752 3599 ζῶον

2165 3624 2518 3694 ἐχρημάτιζε,
2563 3625 2634 3696 μὴ
2671 3626 2967 3692 ἀνάγουσα,
2999 3627 3132 3694 μήτε
3162 3625 3479 3692 κατάγουσα
3523 3643 3752 3696 μηρυκι-

2167 3715 2335 3784 σμόν·
2369 3717 2493 3784 ἥτις
2535 3717 2682 3769 ἐστὶν
2718 3717 2751 3784 ή
2797 3715 2856 3780 ἐξ
2898 3715 3066 3767 ἐθνῶν
3109 3715 3433 3786 Ἑκκλησία”
3478 3717 3748 3786 ἐμιαίνετο

2163 3806 2271 3876 γὰρ
2299 3808 2403 3879 πρὸ
2425 3808 2614 3861 τούτου
2641 3811 2696 3861 ἐν
2718 3810 2829 3870 τοῖς
2852 3806 3088 3869 εἰδώλοις
3116 3805 3306 3874 αὐτῆς,
3340 3808 3435 3860 καὶ
3461 3808 3750 3877 ὲμολύνετο

2163 3901 2220 3952 ἐν
2242 3903 2354 3963 τοῖς
2385 3900 2712 3971 ἀκαθάρτοις
2744 3901 2968 3970 αἴμασιν
2988 3918 3000 3930 ·
3030 3901 3108 3963 ὡς
3128 3893 3381 3968 λέγεσθαι
3415 3901 3559 3971 πρὸς
3590 3901 3750 3970 αὐτὴν

2163 3988 2526 4060 διὰΊερεμίου
2553 3990 2662 4060 (94)
2683 3989 2774 4042 τοῦ
2805 3991 3104 4059 προφήτοψ
3134 4009 3151 4039 ι
3177 3991 3540 4060 Ἐμοίχευσας
3565 3993 3626 4043 ἐν
3644 4008 3754 4042 ποι-

2167 4079 2293 4150 μέσι
2341 4080 2586 4142 πολλοῖς-
2629 4105 2647 4131 ι
2687 4079 2802 4132 ἀλλ’
2836 4081 2864 4130 ὁ
2899 4080 3280 4153 φιλάνθρωπος
3322 4083 3416 4132 τοῦ
3457 4081 3601 4134 Θεοῦ
3633 4080 3751 4141 Υἱὸς

2163 4172 2469 4243 ἐπεδήμησε
2501 4172 2636 4242 πρὸς
2661 4173 2824 4242 ἡμᾶς,
2861 4191 2878 4222 ι
2904 4173 2998 4224 καὶ
3031 4173 3268 4242 σχήματι
3301 4172 3553 4241 εὑρεθεὶς
3569 4173 3647 4232 ὡς
3668 4172 3753 4225 άν-

2164 4265 2400 4334 θρωπος,
2432 4265 2794 4317 ἐταπείνωσεν
2825 4264 3033 4325 ἑαυτὸν,
3064 4265 3354 4334 γενόμενος
3386 4265 3639 4334 ὑπήκοος·
3669 4263 3753 4332 μέ·

2163 4370 2253 4424 χρι
2289 4353 2540 4416 θανάτου,
2571 4353 2799 4406 θανάτου
2840 4353 2897 4405 δέ
2933 4353 3187 4423 σταυροῦ.
3230 4372 3248 4404 ι
3285 4354 3361 4405 Οὐ
3397 4353 3512 4424 γὰρ
3559 4350 3630 4423 ἦν
3661 4354 3753 4418 ἀγ-

2161 4445 2334 4512 γέλων
2361 4444 2422 4496 τὸ
2455 4445 2626 4498 σῶσαι.
2669 4445 2843 4497 κτίσιν
2875 4444 3032 4511 Θεοῦ,
3069 4444 3205 4498 ἀλλὰ
3248 4445 3447 4511 Λόγου,
3487 4444 3636 4497 Θεοῦ
3665 4442 3753 4495 καὶ

2163 4535 2470 4606 ἀνθρώπου.
2498 4534 2654 4606 Αὐτῷ
2675 4535 2782 4605 γὰρ
2811 4537 2902 4590 καὶ
2926 4537 3300 4606 ἐχρεωστεῖτο,
3327 4536 3405 4605 τῷ
3433 4536 3532 4589 καὶ
3564 4537 3753 4606 κτίστῃ

2163 4629 2454 4700 εἰρημένῳ.
2489 4627 2833 4681 Ἀποστέλλει
2865 4625 2956 4680 οὖν
2987 4629 3112 4691 τοὺς
3138 4627 3231 4680 δύο
3263 4629 3519 4699 μαθητὰς
3556 4635 3640 4694 είς
3662 4630 3754 4698 τὴν

2163 4721 2447 4772 κατέναντι
2497 4718 2689 4790 κώμην
2736 4718 2892 4771 λῦσαι
2946 4717 3045 4788 τὴν
3092 4718 3212 4772 ὄνον
3262 4720 3356 4771 καὶ
3405 4720 3502 4772 τὸν
3555 4722 3749 4780 πῶλον,

2169 4831 2186 4862 ι
2229 4813 2316 4864 ἵνα
2357 4813 2682 4882 παραστήσῃ
2723 4810 2891 4880 αὐτὴν
2923 4809 3100 4880 ἐαυτῷ
3145 4810 3353 4876 ἔνδοξον
3393 4813 3747 4882 Ἐκκλησίαν,

2167 4904 2360 4975 μηκέτι
2408 4903 2634 4973 ἔχουσαν
2685 4901 2868 4954 σπῖλον
2913 4903 2946 4971 ἦ
2993 4902 3199 4972 ῥυτίδα,
3240 4903 3273 4971 ἢ
3316 4902 3446 4956 ἄλλο
3490 4921 3553 4956 τι
3596 4924 3616 4955 ι
3651 4904 3749 4955 τῶν

2167 4994 2570 5067 προλεχθέντων
2598 4994 2725 5064 περὶ
2745 4995 2913 5064 αὐτῆς
2935 5012 2947 5024 ο
2975 4994 3088 5046 ἀλλ’
3112 5014 3129 5045 ι
3155 4996 3244 5047 ἵνα
3316 4996 3448 5061 άγία
3480 4999 3588 5050 καὶ
3618 4999 3752 5067 ἄμω-

2172 5103 2268 5156 μος
2296 5085 2371 5154 τῷ
2409 5084 2646 5153 Χριστῷ.
2691 5104 2708 5134 ι
2746 5084 2932 5148 Οὕτως
2969 5085 3078 5154 γάρ
3109 5087 3203 5138 καὶ
3236 5087 3305 5138 τὰ
3337 5085 3396 5150 ἐξ
3429 5088 3615 5158 αὐτῆς
3641 5105 3755 5154 γεν-

2167 5177 2382 5247 νώμενα
2416 5178 2626 5231 ἔσονται
2660 5179 2739 5240 εἰς
2776 5197 2792 5228 ι
2827 5177 2951 5232 λαὸν
2993 5179 3324 5248 περιούσιον,
3368 5177 3632 5252 ζηλωτὴν
3661 5195 3754 5232 και

2167 5269 2274 5322 λῶν
2307 5271 2499 5341 ἔργων.
2535 5289 2553 5321 ι

2375 5511 2395 5539 ⁹
2423 5509 2597 5565 chit.
2635 5525 2710 5575 xx,
2742 5509 2793 5562 4.
2876 5507 3048 5564 “Jer.
3086 5523 3172 5572 ιιι,
3208 5509 3261 5562 1.
3343 5506 3656 5580 “Philipp.
3696 5522 3752 5571 ιι,

2239 5693 2349 5766 (οι)
2379 5693 2511 5768 Reg.
2535 5693 2590 5762 9.,
2622 5694 2710 5749 διὰ
2749 5695 2991 5750 Ἡσαΐου.
3021 5692 3138 5751 Mox
3164 5691 3306 5747 idem
3327 5731 3342 5757 ,
3387 5693 3726 5766 ἐμοιχεύσω.
