3832 6216
112 314 132 366 I
146 315 249 370 09.9

1032 308 1315 366 HOMILIA
1352 308 1418 362 IN
1461 303 1666 361 ILL‘UD
1708 325 1721 362 :
1770 325 1790 360 ι
1816 303 2143 370 'EUNTES,
2183 325 2202 356 ι
2239 305 2396 362 ETC.

3210 310 3348 365 I030

177 433 228 484 4.
279 430 633 501 Ἀπέρχονται
673 424 764 482 οὖν
793 429 843 481 οἰ
876 428 967 481 δύο
1002 427 1239 498 μαθηταὶ¹
1281 429 1360 489 εἰς
1397 425 1495 496 τὴν
1553 442 1674 478 κατ-

1856 423 1910 476 4.
1939 422 2154 478 Abeunt
2181 438 2313 494 ergo
2332 422 2586 493 discipuli
2603 423 2711 478 duo
2735 424 2802 479 ad
2834 425 3014 479 vicum
3033 437 3098 478 ex
3124 423 3356 479 adverso

110 525 286 576 ἐναντι
336 522 550 592 κώμην,
588 523 682 573 κα)⁸
714 521 898 574 λύουσι
946 521 1044 590 τὴν
1083 520 1200 572 όνον
1244 519 1455 572 καὶτὸν
1480 517 1677 581 πῶλον,

110 616 248 668 κατὰ
293 614 362 667 τὰ
394 612 751 666 κελευσθέντα
795 613 976 674 αὐτοῖς
1011 611 1159 681 παρὰ
1202 612 1293 664 τοῦ
1338 610 1678 664 διδασκάλου.

122 704 510 757 Ἀνεκαλέσατο
539 702 648 774 γὰρ
679 704 825 772 ἡμᾶς
852 704 916 754 ἐκ
949 703 1048 772 τῆς
1073 702 1354 756 κατέναντι
1387 700 1578 771 κώμης
1604 701 1682 764 εἰς

107 802 205 866 τὴν
231 795 551 866 ἐπουράνιον
590 793 764 856 πόλιν,
792 793 889 862 τὴν
922 795 1034 846 ἄνω
1072 794 1446 864 Ἰερουσαλήμ.
1485 794 1681 846 Ἔλυσε

107 886 162 939 δὲ
189 887 336 958 ἡμᾶς
367 888 432 939 ἐκ
477 885 586 938 τῶν
631 883 724 936 τοῦ
767 883 1010 937 διαϐόλου
1059 884 1298 954 δεσμῶν⁴
1346 885 1420 948 ὼς
1453 886 1547 938 καὶ
1592 885 1682 938 τὸν

109 982 391 1052 προφήτην
445 981 670 1034 Ἡσαΐαν
731 981 837 1051 πρὸ
891 977 1082 1032 πολλοῦ
1133 977 1260 1048 βοᾷν
1319 977 1411 1029 καὶ
1468 976 1678 1043 λέγειν⁹

113 1071 366 1123 ιἚδωκά
391 1087 450 1122 σε
484 1073 562 1134 είς
593 1070 854 1141 διαθήκην
879 1069 1068 1136 γένους
1094 1085 1216 1138 μου,
1247 1069 1325 1130 εἰς
1348 1068 1462 1135 φῶς
1489 1067 1679 1130 ἐθνῶν,

106 1161 315 1226 ἀνοῖξαι
361 1161 673 1232 ὀφθαλμοὺς
720 1160 958 1228 τυφλῶν,
1009 1159 1294 1227 ἐξαγαγεῖν
1349 1161 1413 1212 ἐκ
1467 1158 1681 1228 δεσμῶν

107 1251 444 1322 ἀνειμένους,
489 1253 582 1304 καὶ
624 1251 681 1318 ἐξ
735 1250 884 1303 οἴκου
933 1249 1178 1318 φυλακῆς
1236 1247 1573 1319 καθημένους
1624 1251 1680 1301 ἐν

107 1342 309 1395 σκότει.
347 1361 366 1392 ι
401 1343 728 1414 Πορεύονται
770 1343 820 1394 οἱ
869 1341 1106 1412 μαθηταὶ
1143 1341 1223 1402 εἰς
1263 1339 1361 1408 τὴν
1397 1340 1680 1393 κατέναντι

105 1432 317 1504 κώμην.
363 1434 570 1504 Κώμην
599 1434 654 1487 δὲ
689 1434 784 1486 ἐὰν
819 1432 1076 1504 ἀκούσῃς,
1118 1432 1208 1484 τὸν
1244 1433 1520 1504 περίγειον
1560 1432 1682 1484 τοῦ-

103 1541 194 1575 τον
228 1523 430 1594 κόσμον
462 1524 810 1594 ὑπολάμϐανε
832 1541 846 1554 ·
895 1527 927 1594 ἡ
975 1525 1084 1595 γὰρ
1111 1523 1264 1586 πόλις
1295 1525 1327 1594 ἡ
1363 1523 1682 1594 ἐπουράνιός

105 1616 270 1677 ἐστιν,
319 1615 395 1678 ὡς
439 1614 799 1685 προείπαμεν.
837 1615 910 1666 Τὸ
939 1615 1016 1678 δὲ,
1063 1615 1157 1668 καὶ
1208 1631 1227 1665 ι
1267 1615 1361 1678 Εἰς
1403 1615 1502 1685 τὴν
1545 1632 1681 1667 κατ-

102 1706 284 1758 έναντι
321 1703 533 1776 κώμην,
570 1724 587 1755 ι
624 1705 828 1774 Μωσῆς
864 1707 921 1756 ἐν
948 1707 1013 1774 τῇ
1042 1704 1252 1757 Γενέσει
1279 1705 1676 1776 προεσήμανεν,

1783 515 1970 578 situm,
2007 514 2335 584 solvuntque
2371 515 2584 569 asinam
2632 522 2688 569 et
2734 515 2962 585 pullum,
2994 522 3158 584 prout
3191 515 3296 571 sibi
3323 531 3356 569 a

1780 605 2044 675 magistro
2065 605 2283 674 jussum
2311 605 2510 661 fuerat.
2531 605 2831 660 Revocavit
2850 607 2994 660 enim
3015 623 3117 662 nos
3147 623 3214 662 ex
3236 608 3357 661 vico

1780 703 1975 748 contra
2023 695 2225 763 posito,
2273 694 2338 748 ad
2383 695 2662 750 caelestem
2713 695 3012 759 civitatem,
3063 711 3358 764 supernam

1779 781 2107 838 Jerusalem.
2162 783 2273 839 Nos
2305 795 2487 840 autem
2542 787 2707 840 solvit
2745 803 2812 842 ex
2847 787 3084 842 vinculis
3109 788 3355 855 diaboli;

1783 883 1842 930 ut
1870 884 1924 930 et
1967 875 2141 930 Isaias
2167 876 2432 946 propheta
2464 877 2580 946 jam
2611 879 2740 932 olim
2769 879 3132 934 exclamaret:
3168 898 3186 931 ι
3224 879 3357 936 Dedi

1781 976 1833 1021 te
1855 967 1910 1020 in
1944 966 2123 1023 fcedus
2151 969 2367 1037 generis
2403 971 2509 1022 mei
2536 969 2592 1023 in
2623 969 2799 1024 lucem
2828 971 3114 1039 gentium:
3149 983 3209 1024 ut
3229 987 3359 1040 ape-

1782 1060 1894 1114 rias
1917 1061 2107 1114 oculos
2145 1075 2446 1124 caecorum,
2486 1069 2540 1115 et
2565 1061 2731 1131 376
2757 1063 2960 1116 educas
3004 1077 3070 1116 ex
3119 1061 3356 1118 vinculis

1777 1155 2061 1216 remissos,
2116 1160 2171 1208 et
2228 1168 2292 1207 ex
2342 1152 2506 1206 domo
2535 1153 2775 1208 carceris
2818 1153 3073 1208 sedentes
3111 1155 3168 1208 in
3203 1163 3357 1209 tene-

1778 1245 1894 1300 bris
1935 1246 1998 1300 “.
2039 1265 2058 1298 ι
2093 1245 2310 1301 Abeunt
2359 1247 2613 1316 discipuli
2663 1247 2719 1300 in
2757 1247 3042 1301 castellum
3072 1263 3102 1301 e
3135 1248 3357 1318 regione

1779 1335 2040 1402 positum.
2090 1337 2386 1392 Castellum
2443 1351 2608 1406 porro
2658 1351 2782 1390 cum
2839 1338 3020 1400 audis,
3075 1345 3357 1392 terrenum

1778 1429 1927 1482 hunc
1957 1428 2220 1482 mundum
2261 1427 2523 1497 intellige.
2551 1426 2762 1484 Civitas
2786 1429 2935 1482 enim
2984 1431 3226 1486 caelestis
3249 1441 3356 1502 est,

1780 1520 1858 1574 uti
1915 1534 2081 1589 supra
2123 1519 2382 1574 diximus.
2426 1517 2563 1572 Illud
2610 1528 2791 1574 autem
2830 1541 2842 1574 :
2884 1538 2903 1570 ι
2960 1521 3018 1574 In
3067 1523 3356 1577 castellum

1778 1611 1924 1681 quod
1955 1619 2146 1665 contra
2169 1626 2266 1666 vos
2297 1617 2404 1675 est,
2455 1632 2474 1664 ι
2509 1610 2686 1666 Moses
2714 1612 2769 1665 in
2795 1610 2993 1668 Genesi
3024 1613 3154 1668 olim
3184 1614 3360 1685 signi-

1782 1703 1972 1755 ticarat
2001 1699 2190 1754 dicens
2225 1719 2238 1753 :
2278 1717 2298 1751 ι
2336 1699 2640 1755 Collocavit
2692 1700 2838 1756 Deus
2869 1702 3042 1756 Adam
3075 1720 3106 1757 e
3131 1706 3356 1773 regione

103 1793 300 1846 εἰπών’
343 1811 361 1844 ι
409 1773 942 1863 Ἄπῴκησενόθεὸς
962 1773 1053 1845 τόν
1094 1793 1263 1862 Ἀδὰμ
1302 1773 1559 1844 άπέναντι
1585 1790 1674 1843 τοῦ

1781 1789 2019 1859 paradisi
2058 1789 2394 1859 voluptatis:
2429 1789 2706 1860 jussitque
2739 1791 3047 1856 cherubim,
3106 1800 3161 1847 et
3195 1793 3354 1847 [Iam-

106 1885 444 1956 Παραδείσου
476 1886 577 1956 τῆς
605 1886 836 1958 τρυφῆς,
882 1886 975 1937 καὶ
1019 1885 1268 1937 ἐκέλευσε
1300 1885 1368 1938 τὰ
1392 1884 1676 1956 χερουὸὶμ,

100 1979 197 2031 καὶ
229 1979 326 2049 τὴν
354 1979 609 2048 φλογίνην
639 1977 912 2049 ῥομφαίαν
943 1978 1041 2047 τὴν
1080 1977 1451 2049 στρεφομένην
1475 1977 1679 2046 φυλάτσ

95 2087 213 2122 τειν
245 2069 344 2140 τὴν
385 2070 500 2122 ὁδὸν
543 2069 636 2122 τοῦ
682 2068 838 2135 ξύλου
887 2069 984 2138 τῆς
1029 2068 1194 2138 ζωῆς.
1237 2088 1254 2120 ι
1297 2067 1522 2130 Οὐδενὸς
1569 2067 1678 2137 γὰρ

97 2160 260 2214 ἄλλου
287 2156 354 2230 ἦν
381 2161 692 2227 εἰσαγαγεῖν
721 2160 889 2229 ἡμᾶς,
923 2159 1044 2211 ὅθεν
1082 2157 1470 2228 ὲξεὸλήθημεν,
1502 2157 1534 2228 ἢ
1583 2157 1680 2210 αὑ-

99 2248 194 2300 τοῦ
226 2248 320 2300 τοῦ
355 2249 582 2320 Κυρίου,
625 2246 718 2300 τοῦ
755 2246 1056 2309 τεθεικότος
1086 2246 1156 2299 τὰ
1183 2245 1452 2317 χερουεῆμ
1480 2244 1680 2314 φυλάτ-

98 2357 214 2392 τειν
241 2338 337 2409 τὴν
367 2340 482 2392 ὁδὸν
509 2339 602 2391 τοῦ
628 2338 784 2403 ξύλου
811 2339 910 2410 τῆς
939 2337 1102 2408 ζωῆς.
1133 2338 1358 2399 Οὐδενὸς
1383 2336 1490 2407 γὰρ
1517 2335 1677 2390 ἄλλου

96 2428 166 2502 ἦν
198 2431 629 2486 ἀνακαλέσασθαι
657 2433 806 2501 ἡμᾶς
839 2433 901 2482 ὲκ
929 2431 1026 2500 τῆς
1056 2429 1342 2482 κατέναντι
1375 2427 1566 2498 κώμης
1599 2429 1679 2490 εἰς

96 2524 197 2594 τὴν
252 2523 570 2595 ἐπουράνιον
614 2522 765 2576 πόλιν
809 2523 840 2593 ἢ
889 2521 1075 2584 αὐτοῦ,
1121 2520 1212 2573 τοῦ
1257 2519 1677 2590 ἀποφηναμένου

97 2615 224 2668 καθ’
263 2615 438 2687 ἡμῶν.
486 2615 672 2678 Οὕτως
708 2610 800 2668 οὖν
843 2613 1166 2684 νοηθήσεται
1213 2613 1307 2666 καὶ
1345 2613 1405 2665 τὸ
1458 2613 1549 2664 ἐπὶ
1581 2612 1679 2683 τῆς

97 2708 222 2760 ὖνου
261 2709 356 2760 καὶ
393 2707 487 2760 τοῦ
527 2706 730 2770 πώλου,
757 2707 838 2759 ὅτι
875 2707 1024 2758 πᾶσα
1061 2708 1094 2775 ή
1121 2705 1474 2776 ἁνθρωπότης
1511 2704 1675 2758 ἐστίν.

109 2798 502 2870 ’Υποδείγμασι
531 2797 638 2869 γὰρ
668 2799 930 2870 κέχρηται
961 2799 995 2867 ἡ
1021 2796 1138 2849 θεία
1167 2796 1354 2868 Γραφή
1383 2813 1393 2824 ·
1436 2793 1537 2847 κᾶν
1571 2794 1678 2866 γὰρ

95 2891 574 2961 τὴν-,Ἐκκλησίαν
623 2889 878 2954 διαλάϐω,
933 2890 1026 2942 τὸν
1068 2889 1351 2960 ἄνθρωπον
1399 2887 1674 2958 σημαίνω·

95 2983 204 3036 κᾶν
235 2982 330 3035 τοῦ
375 2983 545 3052 Ἀδὰμ
577 2985 796 3052 μνήμην
818 2983 1146 3053 ποιήσωμαι,
1177 2980 1311 3034 ἀλλὰ
1337 2981 1516 3033 πᾶσαν
1541 2981 1676 3050 ὁμοῦ

94 3074 196 3145 τὴν
222 3073 616 3145 ἀνθρωπότητα
649 3073 912 3143 ὁμολογῶ.
955 3073 1053 3126 Διὰ
1083 3072 1240 3125 τοῦτο
1267 3072 1376 3142 γὰρ
1403 3071 1565 3142 ὲπεδή
1576 3089 1678 3142 μη-

1779 1896 1960 1936 meum
2013 1881 2252 1952 gladium
2303 1889 2465 1951 atque
2519 1881 2831 1936 versatilem
2891 1883 3171 1938 custodire
3213 1885 3356 1939 viam

1779 1973 1912 2043 ligni
1950 1974 2076 2028 vita).
2111 1973 2176 2027 ¹⁸.
2211 1992 2232 2025 ι
2267 1972 2452 2043 Neque
2478 1975 2624 2030 enim
2666 1975 2891 2030 alterius
2920 1976 3209 2045 cujusdam
3238 1987 3358 2033 erat

1778 2066 2041 2120 reducere
2071 2081 2171 2120 nos
2205 2065 2272 2118 ad
2303 2065 2482 2119 locum
2515 2067 2658 2120 unde
2681 2066 2958 2123 fueramus
2986 2070 3226 2139 expulsi,
3245 2070 3356 2127 nisi

1778 2158 1952 2227 ipsius
2010 2157 2247 2222 Domini,
2280 2159 2372 2229 qui
2415 2160 2701 2214 cherubim
2746 2171 3007 2231 posuerat
3049 2163 3118 2216 ad
3164 2171 3354 2219 custo-

1779 2249 2030 2304 diendam
2056 2250 2198 2304 viam
2234 2251 2363 2320 ligni
2396 2251 2541 2304 vitae.
2566 2250 2779 2306 Nullius
2807 2263 2925 2307 erat
2951 2255 3175 2310 alterius
3198 2270 3357 2310 revo-

1779 2354 1905 2394 care
1935 2355 2034 2395 nos
2055 2356 2122 2394 ex
2155 2341 2382 2396 castello
2406 2357 2436 2396 e
2462 2343 2682 2412 regione
2721 2343 2827 2398 sito
2869 2344 2938 2398 ad
2967 2346 3246 2401 caelestem
3277 2345 3356 2400 ci-

1777 2429 2024 2493 vitatem,
2045 2445 2209 2499 quam
2241 2430 2361 2499 ejus
2390 2431 2484 2500 qui
2516 2432 2572 2484 in
2606 2433 2969 2502 n‘osprotulit
3002 2434 3350 2488 sententiam.

1777 2519 1856 2574 Ita
1887 2522 2383 2592 ergointelligetur,
2406 2525 2616 2577 asinam
2635 2524 2781 2578 illam
2805 2533 3161 2579 memoratam
3192 2533 3356 2596 atque

1777 2615 2004 2684 pullum,
2062 2629 2185 2670 esse
2245 2622 2417 2669 totum
2469 2616 2769 2671 humanum
2822 2633 3014 2688 genus.
3075 2618 3356 2690 Exemplis

1778 2720 2012 2774 namque
2045 2705 2218 2758 utitur
2249 2705 2435 2759 divina
2469 2704 2754 2774 Scriptura
2789 2724 2802 2760 :
2837 2722 2963 2761 nam
3005 2708 3132 2763 licet
3160 2709 3354 2765 Eccle-

1779 2799 1916 2852 siam
1950 2797 2238 2866 accipiam,
2271 2796 2546 2851 hominem
2595 2797 2866 2868 signiﬁco,
2897 2807 2952 2854 et
2988 2801 3036 2854 si
3087 2800 3354 2856 Adamum

1777 2905 2094 2954 memorem,
2135 2905 2245 2943 una
2297 2897 2470 2943 totum
2531 2904 2704 2960 genus
2766 2890 3065 2946 humanum
3109 2893 3352 2952 deiﬂaro.

1777 2983 1986 3038 Idcirco
2007 2983 2153 3038 enim
2200 2982 2420 3037 advenit
2467 2981 2728 3039 Dominus
2755 2999 2819 3038 ac
2867 2982 3117 3040 Salvator
3167 2997 3356 3043 noster

1775 3075 1935 3130 Jesus
1991 3073 2270 3139 Christus,
2332 3081 2394 3128 ut
2431 3074 2580 3144 quod
2624 3084 2904 3130 erraverat
2952 3077 3260 3143 reduceret,
3300 3087 3356 3134 et

96 3184 190 3219 σεν
224 3168 253 3218 ό
292 3166 493 3236 Κύριος
540 3165 634 3218 καὶ
679 3165 869 3235 Σωτὴρ
911 3163 1067 3234 ήμῶν
1111 3162 1318 3234 Ἰησοῦς
1358 3166 1386 3216 ὁ
1423 3163 1674 3233 Χριστὸς,

1780 3166 1925 3236 quod
1953 3165 2188 3235 perierat
2211 3179 2463 3236 quaerens
2501 3167 2790 3221 inveniret.
2823 3168 2944 3238 Ipse
2977 3183 3214 3238 namque
3268 3177 3356 3225 eat

92 3259 187 3313 ινα
237 3258 300 3312 τὸ
338 3257 750 3328 πεπλανημένον
797 3255 1118 3327 ἐπιστρέψῃ,
1158 3255 1252 3307 καὶ
1291 3253 1352 3306 τὸ
1401 3253 1676 3318 ἀπολωλὸς

92 3350 340 3421 ζητήσας
373 3348 525 3421 εὕρῃ.
553 3349 723 3412 Αὐτὸς
751 3349 857 3420 γάρ
887 3351 1034 3400 ἐστιν
1057 3348 1085 3399 ό
1109 3346 1250 3399 λύων
1286 3347 1412 3409 τοὺς
1448 3345 1676 3416 πεπεδη-

95 3441 318 3510 μένους,
347 3441 439 3492 καὶ
460 3439 702 3511 ἀνορθῶν
735 3441 858 3502 τοὺς
892 3437 1390 3509 κατερραγμένους,
1426 3437 1520 3489 καὶ
1551 3438 1674 3490 ἀνα-

90 3531 429 3601 καλούμενος
468 3533 593 3594 τοὺς
623 3532 971 3594 ἐκπεσόντας,
1009 3530 1104 3583 καὶ
1153 3529 1514 3601 λυτρούμενος
1543 3530 1669 3592 τοὺς

91 3623 494 3693 αἰχμαλώτους.
522 3623 690 3676 Τοῦτο
714 3623 772 3676 δὲ
803 3623 1020 3694 μηνύων
1053 3625 1082 3675 ὁ
1123 3621 1378 3692 θεοφόρος
1413 3620 1578 3674 Δαϐὶδ
1615 3623 1670 3673 ἐν

88 3717 346 3786 Ψαλμοῖς
391 3716 524 3787 ᾅδει,
571 3715 774 3784 λέγων·
837 3733 855 3766 ι
907 3714 1278 3786 Ἐπίστρεψον,
1335 3714 1524 3784 Κύριε,
1573 3714 1671 3784 τὴν

88 3808 472 3877 αἰχμαλωσίαν
521 3807 696 3877 ἡμῶν,
734 3807 807 3870 ώς
846 3807 1175 3878 χειμάρρους
1218 3808 1276 3859 ὲν
1320 3807 1398 3876 τῷ
1435 3808 1601 3877 νότῳ·
1646 3826 1664 3858 ι

86 3895 252 3961 οὗτός
294 3901 440 3951 ἐστιν
487 3899 514 3950 6
543 3899 636 3950 καὶ
678 3897 737 3950 τὸ
785 3899 973 3960 σκότος
1015 3897 1404 3967 καταλάμπων,
1447 3897 1576 3968 περὶ
1608 3890 1667 3949 οὗ

86 3991 410 4058 γέγραπται
434 4006 447 4018 θ
485 4008 504 4040 ι
535 3989 791 4042 Γαλιλαία
818 3988 926 4041 τῶν
953 3988 1140 4054 ἐθνῶν,
1164 3991 1192 4042 ὁ
1225 3989 1350 4052 λαὸς
1382 3992 1409 4042 ὁ
1437 3989 1672 4060 καθήμεὲ

85 4099 181 4145 νος
216 4083 274 4134 ἐν
309 4082 486 4134 σκότει
531 4077 637 4134 εἶδε
675 4081 790 4150 φῶς
823 4081 982 4151 μέγα.
1017 4101 1036 4133 ι
1089 4081 1198 4152 Τῆς
1225 4081 1333 4154 γὰρ
1371 4082 1670 4153 παρουσίας

83 4172 185 4224 τοῦ
241 4171 492 4242 Σωτῆρος
535 4171 967 4242 καταλαμψὰσης
1011 4171 1078 4224 τὰ
1125 4171 1434 4242 σύμπαντα,
1485 4171 1670 4224 λύεται

1780 3257 2056 3329 quisolvit
2083 3257 2888 3328 compeditos,quiconfractos
2925 3259 3106 3328 erigit,
3132 3260 3231 3329 qui
3273 3261 3357 3313 la--

1779 3366 1909 3421 psos
1963 3359 2208 3415 revocat,
2241 3351 2334 3420 qui
2378 3352 2623 3421 captivos
2650 3351 2891 3406 redimit.
2920 3351 3078 3417 Quod
3106 3353 3355 3408 indicans

1778 3441 1952 3496 deifer
1979 3441 2070 3496 ille
2116 3441 2282 3494 David
2312 3443 2368 3495 in
2411 3441 2646 3496 Psalmis
2678 3443 2753 3495 ita
2779 3443 2928 3495 canit
2955 3458 2968 3494 :
3001 3461 3022 3492 ‹
3055 3441 3350 3505 Converte,

1776 3530 2024 3593 Domine,
2077 3531 2448 3600 captivitatem
2507 3542 2788 3595 nostram,
2844 3531 2988 3586 sicut
3039 3539 3254 3586 torrens
3295 3532 3353 3587 in

1777 3629 1969 3676 austro
2003 3621 2066 3676 ιθ.
2102 3641 2122 3673 ι
2160 3621 2261 3676 Hic
2306 3629 2392 3677 est
2421 3623 2514 3690 qui
2549 3623 2806 3678 tenebras
2852 3623 3113 3687 illustrat,
3148 3624 3216 3678 de
3241 3637 3352 3694 quo

1778 3714 2043 3784 scriptum
2067 3721 2151 3768 est
2181 3732 2194 3766 :
2227 3732 2246 3765 ι
2295 3712 2515 3768 Galilaea
2537 3715 2802 3785 gentium,
2838 3716 3078 3785 populus
3103 3713 3198 3784 qui
3234 3730 3354 3768 am-

1777 3808 2001 3862 bulabat
2033 3807 2089 3860 in
2121 3806 2360 3861 tenebris
2389 3806 2523 3860 vidit
2577 3807 2755 3861 lucem
2805 3821 3056 3876 magnam
3089 3807 3152 3858 ‘7.
3179 3825 3198 3858 ι
3227 3805 3352 3861 Sal-

1773 3896 1983 3950 vatoris
2013 3895 2217 3965 quippe
2243 3895 2475 3950 adventu
2521 3905 2719 3951 cuncta
2762 3897 3090 3959 illustrante,
3120 3897 3352 3952 solvitur

1776 3986 1994 4040 demum
2051 3986 2203 4039 asina
2233 3991 2397 4053 atque
2427 3985 2609 4054 pullus
2642 4001 2706 4040 ex
2757 3986 3012 4041 vinculis.
3049 3984 3169 4055 Ipse
3202 3987 3350 4040 enim

1773 4085 1999 4147 peccata
2026 4085 2216 4132 nostra
2251 4077 2398 4141 tulit,
2431 4084 2491 4132 ut
2525 4093 2622 4148 per
2662 4078 2982 4148 prophetam
3016 4079 3088 4133 ait
3124 4099 3137 4134 :
3177 4097 3196 4129 ι
3236 4078 3350 4150 Ego

1773 4184 1897 4223 sum
1923 4169 2019 4239 qui
2040 4169 2194 4222 deleo
2218 4175 2442 4238 peccata
2469 4177 2566 4222 tua
2595 4169 2659 4223 ¹⁸.
2691 4189 2712 4221 ι

82 4263 279 4316 λοιπὸν
309 4265 342 4332 ὴ
391 4264 509 4326 όνος
556 4264 652 4316 καὶ
692 4265 720 4315 ό
764 4265 942 4327 πῶλος
989 4266 1052 4317 ὲκ
1091 4263 1204 4317 ’τῶν
1235 4264 1465 4333 δεσμῶν.
1503 4264 1672 4326 Αὐτὸς
1719 4260 1828 4332 γὰρ
1873 4261 1968 4314 καὶ
2003 4259 2102 4323 τὰς
2141 4260 2412 4332 ἁμαρτίας
2449 4260 2607 4331 ήμῶν
2643 4257 2797 4333 ἦρεν,
2835 4262 2911 4326 ὥς
2952 4281 3082 4334 φησι
3118 4263 3205 4318 διὰ
3251 4265 3348 4320 τοῦ

84 4356 374 4425 προφήτου
399 4372 412 4384 ·
459 4373 476 4406 ι
521 4353 659 4422 Ἐγώ
702 4358 816 4425 ε-ίμι
854 4359 882 4409 ὁ
918 4356 1212 4424 ἐξαλείφων
1255 4356 1354 4418 τὰς
1392 4355 1664 4426 ἁμαρτίας
1703 4371 1818 4406 σου.
1864 4372 1883 4403 ι

161 4452 219 4505 5.
257 4449 528 4520 Δείξωμεν
561 4445 652 4502 οὖν
700 4451 794 4503 καὶ
834 4452 991 4521 ἡμεῖς
1033 4449 1233 4519 ἀγαθὸν
1277 4453 1343 4521 τῇ
1371 4449 1513 4521 ψυχῇ
1550 4452 1674 4502 ἐαυ-

83 4544 200 4595 τῶν
221 4556 232 4572 ·
263 4537 514 4610 λύσωμεν
538 4541 713 4593 πάντα
744 4541 942 4611 δεσμὸν
971 4540 1081 4612 (95)
1109 4542 1338 4604 ἀδικίας.
1367 4541 1534 4594 Τοῦτο
1563 4541 1671 4610 γάρ

83 4639 211 4687 ἐστι
247 4633 310 4686 τὸ
353 4633 556 4704 κυρίως
590 4635 814 4701 ἀγαθὸν,
857 4635 940 4686 ἵνα
971 4635 1028 4687 ὲν
1053 4628 1135 4698 οἷς
1165 4634 1326 4698 αὐτὸς
1369 4636 1397 4686 ὁ
1427 4633 1674 4686 διδάσκαο

83 4727 182 4789 λος
212 4724 388 4795 ὀρθῶς
418 4725 511 4777 καὶ
544 4724 722 4787 καλῶς
747 4724 1151 4788 ἐπολιτεύσατο,
1183 4724 1542 4796 μανθάνωμεν
1570 4726 1669 4778 αὐ-

84 4811 182 4864 τὸν
222 4811 297 4880 μὴ
338 4809 480 4878 λόγῳ
517 4812 672 4879 μόνον
715 4813 1152 4883 παραδεδωκέναι
1196 4817 1349 4884 ἡμῖν,
1396 4814 1530 4867 ἀλλὰ
1579 4815 1671 4868 καὶ

87 4901 385 4970 πράγμασι
417 4899 483 4951 τὰ
523 4902 884 4971 συμφέροντα.
924 4904 1120 4956 ’Λκουε
1153 4904 1260 4975 γὰρ
1289 4905 1453 4957 αὑτοῦ
1480 4905 1666 4973 λέγον-

86 5008 184 5053 τος
213 4989 301 5042 διὰ
328 4988 421 5042 τοῦ
451 4993 726 5061 προφήτου
751 5009 762 5022 ·
797 5011 814 5042 ι
846 4993 1069 5062 Πνεῦμα
1097 4994 1301 5064 Κυρίου
1327 4996 1414 5046 ἐπ’
1457 4996 1579 5064 ἐμὲ,
1605 4988 1665 5047 οὗ

85 5083 281 5135 ἕνεκεν
302 5081 483 5151 ἕχρισέ
510 5100 596 5152 με,
621 5084 1074 5150 εὐαγγελίσασθαι
1102 5088 1333 5155 πτωχοῖς
1360 5087 1667 5141 ἁπέσταλκέ

90 5191 184 5243 με,
245 5173 496 5228 ἰάσασθαι
549 5177 674 5239 τοὺς
733 5177 1225 5248 συντετριμμένους
1271 5178 1370 5250 τὴν
1415 5179 1663 5250 καρδίαν,

85 5263 328 5334 κηρύξαι
373 5267 735 5336 αἰχμαλώτοις
786 5269 999 5334 ἄφεσιν,
1042 5270 1133 5322 καὶ
1168 5270 1386 5339 τυφλοῖς
1437 5271 1664 5324 ἀνάϐλε-

85 5357 204 5425 ψιν.
247 5377 266 5410 ι
307 5361 575 5430 Δήσαντες
600 5361 707 5430 γὰρ
735 5361 888 5430 ἡμῶν
923 5362 1088 5426 πόδας
1127 5362 1219 5416 καὶ
1251 5366 1437 5433 χεῖρας
1467 5365 1515 5415 οἰ
1562 5363 1666 5434 πρὸ

84 5450 284 5505 τούτου
317 5451 512 5522 κύριοι,
543 5440 970 5523 ᾑχμαλώτευσαν
1009 5455 1179 5524 ἡμᾶς,
1213 5455 1538 5524 προκόπτειν
1569 5457 1667 5508 οὐκ

167 5605 210 5635 ³⁸
253 5604 354 5659 Isa.
392 5623 535 5672 XLII,
573 5607 636 5671 6,
676 5607 728 5660 7.

92 5690 211 5736 ut,
258 5677 306 5730 I.

832 5610 874 5640 ¹⁸
915 5608 1052 5666 Cen.
1087 5623 1181 5678 ιιι,
1219 5608 1310 5665 24.

175 5805 279 5877 (95)
311 5804 441 5877 Reg.
471 5806 786 5877 σύνδεσμον.

1402 5611 1444 5642 ¹⁶
1484 5609 1629 5666 Psal.
1666 5626 1828 5678 cxxv,
1866 5613 1920 5668 4.

1842 4448 1897 4502 5.
1915 4446 2282 4517 Ostendamus
2311 4463 2440 4518 ergo
2458 4435 2513 4503 et
2540 4463 2640 4503 nos
2669 4448 2873 4503 bonum
2892 4450 3088 4506 animae
3106 4461 3344 4509 nostrae:

1773 4539 2054 4595 solvamus
2081 4554 2244 4594 omne
2268 4539 2573 4609 iniquitatis
2603 4541 2902 4594 vinculum.
2942 4541 3078 4597 Illud
3111 4559 3348 4613 namque

1773 4640 1857 4686 est
1881 4632 2100 4701 proprie
2129 4632 2366 4698 bonum;
2397 4639 2457 4686 ut
2485 4633 2742 4702 quoniam
2769 4634 2883 4702 ipse
2917 4632 3174 4703 Magister
3201 4647 3350 4691 recte

1768 4730 1934 4792 atque
1960 4723 2129 4792 probe
2146 4731 2504 4778 conversatus
2525 4731 2631 4785 est,
2665 4725 2977 4780 ediscamus
3009 4727 3208 4795 ipsum,
3234 4743 3346 4782 non

1770 4815 1940 4869 verbo
1967 4821 2206 4877 tantum,
2238 4814 2332 4870 sed
2355 4830 2414 4869 re
2449 4815 2588 4884 ipsa,
2632 4816 2792 4872 nobis
2837 4819 3196 4888 congruentia
3227 4829 3344 4872 tra—

1773 4908 1999 4963 didisse.
2034 4908 2174 4963 Audi
2205 4910 2352 4964 enim
2383 4910 2537 4963 illum
2569 4910 2852 4979 pmphetae
2870 4925 3004 4964 voce
3031 4911 3341 4965 dicentem:

1778 5020 1795 5051 ι
1837 4999 2074 5070 Spiritus
2117 4999 2332 5055 Domini
2391 5016 2555 5071 super
2597 5017 2717 5064 me,
2746 5010 2968 5073 propter
3006 5002 3151 5072 quod
3187 5003 3347 5056 unxit

1773 5108 1882 5154 me,
1905 5091 2280 5162 evangelizare
2307 5093 2641 5162 pauperibus
2661 5094 2811 5148 misit
2841 5108 2947 5156 me,
2983 5108 3183 5146 sanare
3214 5108 3346 5147 con-

1773 5184 1932 5238 tritos
1975 5183 2158 5246 corde,
2211 5184 2506 5252 praedicare
2557 5185 2788 5253 captivis
2839 5185 3242 5252 remissionem,
3291 5195 3346 5239 ct

1773 5280 1936 5355 caecis
1967 5276 2119 5330 visus
2149 5277 2552 5331 restitutionem
2571 5277 2632 5329 ι’,
2664 5297 2682 5329 ι
2709 5277 2811 5342 Qui
2843 5277 2986 5331 enim
3019 5285 3145 5330 ante
3178 5278 3344 5332 istum

1772 5366 1977 5422 domini
2004 5374 2192 5433 erant,
2233 5369 2416 5439 ligatis
2449 5369 2678 5439 pedibus
2721 5369 3086 5439 manibusque
3118 5385 3219 5426 nos
3247 5384 3345 5425 ca-

1773 5458 1952 5527 ptivos
1983 5460 2260 5526 tenebant,
2291 5475 2391 5514 nec
2415 5461 2805 5532 permittebant
2839 5461 3236 5533 nos.proﬁcere
3286 5463 3344 5517 in

2038 5615 2079 5647 ¹⁷
2120 5613 2226 5672 Isa.
2267 5631 2349 5685 Ix,
2384 5615 2439 5673 2.
2549 5618 2592 5650 ³⁸
2634 5619 2741 5674 Isa.
2779 5633 2950 5685 nm,
2981 5617 3076 5676 εις.
3153 5619 3197 5651 ¹⁹
3234 5615 3340 5674 Isa.
