3832 6216
497 253 631 309 1051

493 362 583 418 via
613 358 880 415 veritatis.
909 359 980 412 At
1005 357 1102 412 Det
1133 355 1306 412 Filius
1331 370 1462 426 erga
1491 354 1744 409 homines
1767 355 2062 424 benignus,

492 453 563 508 ad
611 466 784 522 genus
837 452 1134 504 humanum
1193 453 1592 519 peregrinatus,
1643 461 1745 502 nos
1789 445 2058 500 liberavit.

1625 245 1682 301 S.
1723 243 2190 300 ATHANASlUS.
2232 275 2301 286 —
2341 243 2594 302 SPUBIA

3607 246 3628 297 f
3637 243 3729 298 032

2094 365 2142 418 Α
2169 354 2552 425 ἐπιτρέποντες
2581 355 2647 422 τῇ
2694 350 2795 422 ὀδῷ
2839 353 2937 422 τῆς
2980 349 3254 420 ἀληθείας.
3291 349 3430 404 ⁹Δλλ’
3479 352 3509 404 ὁ
3556 352 3732 421 φιλάν-

2169 447 2384 517 θρωπος
2405 446 2498 500 τοῦ
2529 445 2664 499 Θεοῦ
2693 445 2839 508 Υἱὸς,
2867 445 3207 516 ἐπιδημήσας
3237 442 3315 513 τῷ
3346 444 3494 512 γένει
3521 444 3631 497 τῶν
3655 447 3733 498 ἁν-

491 545 747 616 Proprios
778 543 923 597 enim
954 541 1252 611 discipulos
1275 542 1444 602 misit,
1465 539 1735 608 solvitque
1756 553 1858 594 nos
1880 553 1910 591 a
1943 540 2047 592 vin-

2166 541 2430 614 θρὼπων,
2473 539 2846 610 ἠλευθέρωσεν
2887 541 3052 610 ἡμᾶς.
3102 537 3412 590 Ἀπέστειλε
3460 537 3574 606 γάρ
3620 540 3734 601 τοὺς

489 639 630 693 culis
655 636 878 690 diaboli.
904 633 1170 687 Mil-altilia
1198 633 1382 703 itaque
1406 634 1492 686 illa
1513 633 1669 701 signa
1701 628 1874 685 aJesu
1895 630 2060 697 edita,

489 733 616 786 licet
645 727 945 785 secundum
981 727 1264 780 historiam
1287 726 1534 780 sensibili
1573 724 1734 777 modo
1763 724 1904 776 facta
1942 722 2062 776 fue-

487 825 634 885 rint,
668 830 727 874 at
768 820 1133 888 spiritualium
1167 819 1340 889 gratia
1373 827 1522 888 gesta
1549 824 1697 872 sunt.
1730 815 1864 882 Quae
1886 815 2063 868 histo-

487 915 624 968 riam
659 920 905 982 spectant
939 910 1157 979 impleta
1201 909 1420 978 quidem
1463 917 1626 974 sunt,
1661 915 1823 977 atque
1865 906 2062 960 divinae

486 1021 576 1060 res
597 1011 773 1066 erant,
807 1018 927 1073 qua:
961 1003 1027 1056 iis
1053 1002 1520 1072 signiﬁcabantur.
1553 999 1667 1052 Νίεὶ
1693 1000 1836 1053 cnim
1864 999 2062 1052 divina:

483 1111 574 1151 res
623 1093 856 1149 fuissent
887 1085 1230 1162 significata.
1262 1104 1607 1159 nequaquam
1641 1088 1916 1157 propheta:
1964 1088 2061 1140 ad-

481 1193 705 1240 ventum
763 1183 937 1251 ipsius
983 1181 1406 1250 praenuntiatum
1449 1180 1702 1233 fuissent.
1753 1176 1924 1231 Isaias
1957 1177 2059 1229 ita-

479 1287 591 1342 que
635 1274 834 1327 clamat
895 1273 1126 1326 dicens:
1169 1289 1188 1321 ι
1238 1269 1378 1324 Ecce
1426 1269 1541 1324 Rex
1586 1277 1714 1324 tuus
1769 1271 1914 1322 venit
1959 1269 2056 1322 tibi

479 1372 824 1426 mansuetus,
858 1364 1056 1418 sedens
1099 1377 1263 1432 super
1295 1364 1506 1416 asinam
1547 1369 1601 1416 et
1648 1361 1856 1429 pullum
1886 1359 2055 1413 tilium

477 1455 782 1525 subjugalis
805 1457 871 1510 ὀ.
903 1476 921 1506 ι
953 1453 1117 1510 Hisce
1149 1452 1326 1508 aJesu
1357 1453 1702 1507 mirabilibus
1730 1451 2056 1520 perpetratis

478 1550 654 1619 signis
691 1549 826 1602 nihil
873 1547 1266 1617 adjiciendum,
1300 1546 1436 1599 nihil
1469 1544 1889 1600 detrahendum.
1925 1542 2058 1597 Om-

476 1643 567 1696 nia
606 1641 750 1696 enim
808 1640 1049 1710 perfecte
1102 1648 1157 1694 et
1203 1641 1410 1707 absque
1439 1638 1551 1691 ullo
1595 1636 1813 1692 defectu
1853 1634 2050 1690 effecit.

476 1729 608 1784 Erat
633 1746 868 1800 namque
895 1737 1087 1798 potens
1111 1729 1164 1781 in
1195 1743 1360 1796 opere
1379 1737 1433 1781 et
1459 1741 1734 1782 sermone.
1763 1723 1889 1778 llaec
1919 1738 2051 1778 sane

475 1819 768 1874 Psalmista
802 1822 1044 1874 declarat
1074 1820 1161 1874 his
1212 1818 1393 1873 verbis
1427 1835 1440 1870 :
1489 1836 1508 1868 ι
1541 1819 1842 1886 Accingere
1871 1812 2053 1883 gladio

474 1919 570 1965 tuo
603 1926 770 1980 super
793 1909 968 1964 femur
996 1917 1174 1973 tuum,
1213 1907 1615 1978 potentissime.
1651 1903 1847 1974 Specie
1877 1909 1968 1954 tua
1999 1909 2054 1956 et

475 2002 889 2074 pulchritudine
943 2011 1056 2066 tua,
1103 2002 1346 2063 intende,
1398 2015 1660 2071 prospere
1701 2001 1957 2071 procede,
1999 2006 2054 2054 et

473 2094 729 2164 regna".
773 2112 790 2144 ι
824 2092 1016 2162 Magna
1050 2093 1234 2162 itaque
1263 2090 1503 2162 potentia
1559 2106 1660 2146 sua
1701 2099 1874 2147 totum
1920 2091 2054 2145 libe-

473 2187 617 2241 ravit
640 2187 938 2240 humanum
971 2201 1167 2256 genus.

543 2362 596 2418 6.
627 2361 752 2417 Haec
784 2377 948 2432 porro
969 2359 1132 2416 Iesus
1161 2360 1320 2429 signa
1354 2359 1483 2413 fecit
1523 2373 1767 2428 praesens
1792 2357 1912 2426 ipse
1946 2371 2050 2411 no-

470 2455 707 2516 biscum,
758 2463 816 2506 ut
849 2455 1140 2507 timeamus
1181 2466 1210 2504 a
1250 2451 1388 2505 facie
1415 2451 1556 2520 ejus.
1586 2449 1743 2515 Quod
1772 2458 1953 2502 autem
1985 2463 2051 2502 ea

470 2545 582 2599 sint
633 2544 917 2599 sensibilia
969 2543 1335 2612 spiritualium
1386 2542 1670 2611 symbola,
1705 2541 1854 2594 audi.
1889 2539 2050 2594 Venit

468 2636 668 2706 quippe
697 2634 945 2688 Salvator
968 2634 1021 2687 in
1047 2633 1238 2702 primis
1273 2640 1330 2685 ut
1352 2631 1588 2686 hominis
1618 2633 1856 2686 animam
1883 2632 2047 2686 benc-

471 2729 597 2783 licio
650 2728 900 2782 donaret.
959 2726 1029 2780 At
1081 2725 1521 2796 quandoquidem
1561 2725 1746 2778 multis
1798 2725 2044 2793 ignotum

467 2819 600 2874 illud
633 2819 793 2889 377
835 2827 971 2878 erat,
1007 2833 1103 2887 per
1135 2819 1449 2872 curationes
1501 2816 1604 2870 sub
1642 2822 1920 2884 aspectum
1951 2828 2044 2868 ca-

468 2913 684 2974 dentes,
727 2910 997 2965 occultam
1030 2910 1263 2964 salutem
1302 2909 1498 2962 anima:
1525 2906 1824 2962 indicabat.
1862 2905 2043 2960 Enim-

466 3021 597 3060 vero
622 3005 758 3074 ipsi.
787 3003 917 3057 dum
974 3003 1303 3057 concederet
1341 3007 1696 3071 peccatorum
1741 3000 2044 3069 paralytico

467 3093 1024 3159 remissionem,ﬁdes
1052 3108 1160 3145 non
1188 3091 1493 3146 habebatur
1519 3109 1533 3144 :
1567 3089 1821 3144 dicebant
1843 3091 2045 3160 quippe

421 3212 431 3229 ι
462 3184 638 3242 Judaei
673 3203 687 3238 :
723 3205 741 3238 ι
781 3186 917 3252 Quis
952 3191 1132 3255 potest
1166 3190 1393 3254 peccata
1433 3184 1730 3248 dimittere,
1768 3184 1874 3238 nisi
1893 3184 2045 3237 solus

467 3279 612 3335 Deus
641 3278 713 3331 ’³2
742 3297 761 3330 ι
789 3277 993 3332 Dehinc
1018 3285 1308 3346 postquam
1344 3275 1489 3346 quod
1508 3277 1783 3330 occultum
1813 3289 1876 3328 ac
1906 3289 2046 3344 pra:-

465 3371 692 3440 cipuum
724 3375 841 3422 erat
871 3369 1105 3422 latenter
1147 3366 1389 3432 fecerat;
1419 3367 1660 3420 secundo
1694 3367 1815 3420 loco
1845 3381 2044 3435 corpus

465 3462 703 3516 curavit.
755 3462 843 3514 Ait
899 3461 1045 3516 enim
1077 3460 1224 3531 ipsi:
1266 3479 1286 3512 ι
1346 3458 1541 3530 Surge,
1589 3459 1717 3512 tolle
1755 3457 2043 3528 grabatum

468 3565 644 3617 tuum,
681 3563 737 3608 et
768 3553 985 3606 ambula
1009 3553 1078 3610 ’³.
1107 3571 1126 3605 ι
1163 3550 1329 3607 Vides
1361 3565 1526 3622 quam
1551 3551 1661 3605 cito
1694 3551 1782 3605 hic
1809 3550 2044 3604 vinculis

467 3648 712 3702 solvatur
749 3662 763 3698 :
797 3660 898 3700 nec
926 3645 1104 3700 solum
1135 3645 1394 3700 exteriori
1433 3644 1718 3698 curatione
1766 3644 2040 3698 solvitur:

467 3738 564 3794 sed
595 3738 762 3792 tantis
793 3737 958 3792 etiam
989 3737 1229 3807 peccatis
1258 3736 1528 3790 liberatur
1563 3752 1576 3789 :
1616 3735 1727 3789 imo
1755 3749 1880 3789 eum
1901 3749 2042 3805 quo-

467 3831 574 3898 que
601 3827 905 3882 curationis
931 3839 1235 3896 praeconem
1258 3825 1505 3880 exhibuit
1533 3842 1548 3878 :
1581 3837 1646 3877 ac
1686 3824 1902 3878 demum
1923 3838 2044 3893 quae

464 3919 908 3993 sensibili‘modo
940 3925 1094 3988 gesta
1127 3925 1276 3982 sunt,
1307 3915 1678 3986 spiritualium
1712 3915 1884 3985 gratia
1917 3929 2043 3985 age-

467 4013 684 4068 bantur.
719 4012 792 4065 Ea
816 4027 1033 4082 quoque
1075 4010 1144 4066 de
1176 4024 1344 4064 causa
1389 4009 1687 4063 mittuntur
1713 4006 2040 4076 etdiscipuli

467 4105 522 4158 in
546 4104 831 4159 castellum
851 4119 918 4158 ex
936 4103 1167 4158 adverso
1188 4102 1376 4165 situm,
1402 4116 1466 4155 ac
1495 4102 1716 4157 solvunt
1747 4101 1957 4156 asinam
1987 4106 2042 4154 et

467 4194 698 4263 pullum,
729 4193 890 4248 sicuti
921 4207 952 4246 a
986 4193 1248 4263 magistro
1270 4191 1488 4261 jussum
1529 4191 1663 4261 ipsis
1695 4189 1893 4245 fuerat.
1927 4187 2042 4242 Hoc

465 4293 646 4338 autem
679 4285 840 4353 plane
867 4283 1070 4338 factum
1088 4291 1194 4348 est,
1216 4291 1277 4338 ut
1311 4283 1668 4352 implerentur
1695 4279 1888 4336 Jacobi
1919 4296 2042 4351 pro-

466 4375 682 4446 phetiae.
713 4375 850 4430 Cum
898 4375 1249 4430 bcnediceret
1294 4375 1440 4428 enim
1489 4371 1774 4428 duodecim
1806 4371 2040 4442 patriar-

467 4468 620 4530 chas,
650 4466 740 4519 ubi
771 4467 837 4519 ad
873 4464 1068 4520 Judam
1108 4465 1375 4535 pervenit,
1411 4463 1718 4534 prophetat,
1749 4478 1814 4517 ac
1853 4463 2038 4516 divina

466 4557 675 4629 profert
702 4557 885 4611 verba.
924 4555 1065 4608 Audi
1098 4571 1333 4624 namque
1365 4556 1518 4610 illum
1556 4555 1827 4608 dicentem
1851 4572 1865 4608 :
1893 4572 1912 4606 ι
1948 4553 2040 4607 Li-

465 4667 602 4721 gans
636 4649 704 4703 ad
734 4651 945 4704 vineam
991 4650 1194 4718 pullum
1220 4663 1400 4709 suum,
1439 4657 1493 4703 et
1520 4647 1588 4702 ad
1629 4649 1791 4700 vilem
1828 4648 2037 4716 pullum

465 4743 636 4796 asiam
661 4757 774 4795 suae
803 4743 866 4795 ³⁵.
906 4759 925 4788 ι
962 4739 1188 4795 Demum
1237 4753 1576 4808 quaecunque
1603 4740 1670 4794 de
1701 4737 1842 4793 Juda
1891 4739 2039 4792 dicta

465 4843 614 4896 mnit,
647 4834 949 4903 comperies
974 4831 1043 4886 de
1076 4833 1311 4886 adventu
1345 4831 1644 4886 Salvatoris
1671 4831 1815 4885 dicta
1845 4831 2034 4886 fuisse.

465 4926 651 4980 Potest
681 4925 884 4995 quippe
929 4923 1292 4994 quisquisest
1329 4923 1630 4985 studiosus,
1663 4923 1924 4991 paulatim
1956 4922 2036 4976 le-

464 5018 661 5088 gendo,
688 5033 748 5071 ea
773 5033 893 5086 qua:
913 5019 978 5070 de
1014 5017 1132 5085 ipso
1161 5016 1303 5070 dit-ta
1329 5023 1458 5071 sunt
1497 5016 1820 5085 intelligere.
1857 5017 1926 5069 At
1967 5029 2038 5069 ne

466 5118 634 5164 totam
669 5125 989 5165 enarremus
1039 5110 1348 5172 historiam,
1385 5108 1672 5163 audiamus
1712 5107 2038 5178 Apostolum

468 5203 581 5257 haec
613 5203 920 5273 loquentem
950 5222 962 5258 :
995 5221 1014 5254 ι
1051 5202 1394 5259 Manifestum
1439 5213 1524 5258 est
1572 5204 1740 5267 enim,
1784 5201 1930 5271 quod
1969 5216 2038 5256 ex

461 5286 602 5350 Juda
631 5307 783 5350 ortus
812 5297 884 5350 sit
907 5293 1170 5350 Dominus
1201 5304 1390 5352 noster
1415 5297 1482 5348 ’⁸.
1517 5315 1536 5348 ι

533 5473 578 5506 ³ο
611 5471 716 5528 lsa.
746 5489 881 5544 uti,
927 5475 1025 5539 ll;
1063 5474 1229 5534 Zach.
1266 5491 1350 5544 ix,
1385 5476 1439 5534 9.
1553 5479 1597 5510 ¹¹
1632 5474 1780 5532 Psal.
1815 5489 1923 5543 Liv,
1959 5473 2027 5530 4.

465 5541 553 5598 17.
655 5543 700 5576 ³⁸
740 5543 905 5599 Hebr.
944 5560 1052 5610 vn,
1089 5547 1176 5602 Η.

533 5656 645 5730 (ἓϐ)
674 5657 807 5731 Reg.
843 5659 1104 5718 ἔκτεινον.

2165 633 2357 686 ἑαυτοῦ
2382 632 2646 703 μαθητὰς,
2679 632 2768 683 καί
2797 630 2983 683 ἔλυσεν
3013 631 3162 699 ἡμᾶς
3191 631 3255 682 ἐκ
3298 631 3405 682 τῶν
3436 630 3532 682 τοῦ
3564 631 3734 683 διαεόο

2163 727 2253 780 λου
2282 725 2515 796 δεσμῶν.
2561 723 2767 778 Οὐκοῦν
2801 723 2867 776 τά
2905 721 3175 791 γενόμενα
3219 722 3500 792 παράδοξα
3545 727 3737 792 σημεῖα

2164 820 2312 888 παρὰ
2347 817 2436 871 τοῦ
2484 815 2678 888 Ἰησοῦ,
2714 815 2818 869 κᾶν
2866 812 3138 883 αἰσθητῶς
3176 814 3318 866 κατά
3366 815 3468 886 τὴν
3504 816 3737 884 ἱστορίαν

2163 910 2398 978 ἐγένετο,
2431 907 2567 961 ἀλλὰ
2597 906 2802 977 νοητῶν
2841 906 2999 976 χάριν
3031 905 3262 972 ἐγένετο.
3306 905 3576 956 Ἐτελεῖτο
3617 906 3738 974 γοῦν

2159 1001 2227 1053 τὰ
2257 1004 2356 1071 τῆς
2387 999 2627 1070 ἱστορίας
2648 1015 2661 1028 ⁸
2694 999 2788 1051 καὶ
2821 999 3120 1067 πράγματα
3142 993 3209 1068 ἦν
3234 996 3350 1048 θεῖα
3386 997 3455 1048 τὰ
3486 998 3740 1066 σημαινό-

2163 1108 2316 1160 μενα.
2350 1091 2411 1142 Ei
2441 1089 2514 1161 μὴ
2543 1089 2650 1161 γάρ
2677 1090 2975 1160 πράγματα
3004 1088 3125 1141 θεῖα
3146 1084 3214 1158 ἦν
3242 1087 3309 1140 τά
3338 1089 3738 1157 σημαινόμενα,

2158 1184 2256 1235 οὐκ
2281 1183 2346 1236 ἂν
2372 1181 2544 1245 οὕτως
2575 1181 2764 1252 ἔμελλε
2792 1184 2902 1244 τοῖς
2933 1182 3237 1250 προφήταις
3266 1178 3619 1250 προκηρύξαι
3655 1181 3740 1232 αύ-

2157 1272 2249 1326 τοῦ
2324 1273 2421 1344 τὴν
2492 1273 2806 1343 ἐπιδημίαν.
2885 1273 3113 1334 Ἡσαΐας
3173 1266 3267 1323 οὖν
3323 1269 3419 1338 βοᾷ
3450 1309 3465 1332 ,
3531 1269 3736 1338 λέγων·

2163 1384 2182 1416 ι
2227 1366 2355 1418 Ἰδοὺ
2387 1367 2414 1418 ὁ
2449 1363 2696 1434 βασιλεύς
2740 1381 2834 1416 σου
2864 1363 3084 1434 ἔρχεταί
3125 1379 3207 1414 σοι
3249 1361 3446 1431 πραῢς,
3491 1363 3591 1416 καὶ
3628 1366 3739 1415 ἐπι-

2156 1457 2406 1529 ϐεϐηκὼς
2438 1458 2529 1509 ἐπὶ
2556 1457 2675 1510 ὄνον
2703 1457 2798 1509 καὶ
2830 1456 3030 1522 πῶλον,
3057 1455 3170 1508 υἱὸν
3196 1453 3517 1522 ὑποζυγίου.
3558 1475 3579 1506 ι
3627 1456 3739 1508 Ἐπὶ

2153 1551 2362 1612 τούτοις
2407 1551 2519 1612 τοῖς
2567 1548 2879 1619 γενομένοις
2925 1547 3247 1618 παραδόξοις
3294 1546 3548 1616 σημείοις
3598 1548 3741 1617 παρὰ

2152 1641 2245 1694 τοῦ
2281 1639 2454 1709 Ἰησοῦ
2484 1641 2584 1692 οὐκ
2621 1639 2764 1692 ἐστιν
2803 1638 2926 1691 οὗτε
2975 1637 3295 1708 προσϐῆναι,
3339 1636 3466 1689 οὔτε
3498 1637 3736 1704 ἀφελεῖν.

2083 1716 2123 1769 Β
2154 1733 2336 1786 Πάντα
2364 1730 2472 1801 γὰρ
2500 1729 2720 1791 τελείως
2747 1731 2841 1782 καὶ
2869 1729 3166 1792 ἁνελλιπῶς
3191 1730 3466 1797 ἐποίησεν.
3487 1725 3606 1781 Ἦν
3641 1730 3740 1801 γὰρ

2153 1824 2375 1887 δυνατὸς
2417 1826 2474 1877 ἐν
2511 1825 2691 1894 ἔργοις
2731 1822 2824 1875 καὶ
2851 1823 3026 1890 λόγοις
3056 1821 3242 1875 αὐτοῦ.
3288 1821 3509 1891 Ἀμέλει
3541 1822 3741 1874 τούτων

2157 1917 2374 1988 μηνύων
2398 1917 2491 1970 καὶ
2511 1919 2540 1968 ὁ
2569 1915 2855 1986 ψαλμῳδὸς
2877 1916 3026 1984 ἔλεγε
3046 1931 3059 1944 ⁸
3092 1934 3112 1966 ι
3143 1913 3452 1986 Περίζωσαι
3481 1915 3589 1984 τὴν
3617 1918 3742 1985 pop-

2153 2009 2317 2079 φαίαν
2349 2026 2442 2062 σου
2478 2009 2572 2062 ἐπὶ
2603 2009 2696 2061 τὸν
2727 2009 2901 2078 μηρόν
2937 2025 3052 2070 σου,
3081 2006 3292 2061 δυνατέ.
3329 2008 3409 2077 Τῇ
3442 2005 3743 2077 ὡραιότητί

2153 2118 2246 2154 σου
2269 2101 2450 2171 καὶτῷ
2466 2101 2652 2156 κάλλει
2677 2117 2768 2153 σου
2794 2101 2886 2152 καὶ
2915 2099 3119 2153 ἔκτεινε
3144 2099 3274 2170 (96),
3296 2099 3389 2152 καί
3418 2096 3743 2158 κατευοδοῦ,

2151 2193 2242 2245 καὶ
2278 2191 2543 2262 βασίλευε.
2578 2210 2597 2244 ›
2641 2191 2720 2261 Τῇ
2765 2189 2895 2258 γοῦν
2936 2189 3161 2258 δυνάμει
3209 2188 3376 2241 αὑτοῦ
3421 2190 3492 2259 τῇ
3529 2187 3746 2258 μεγάλῃ

2149 2285 2329 2337 πᾶσαν
2359 2284 2695 2354 ἠλευθέρωσε
2722 2282 2820 2350 τὴν
2856 2280 3270 2352 ἀνθρωπότητα.

2219 2377 2273 2430 6.
2314 2375 2498 2429 Ταῦτα
2522 2376 2578 2428 δὲ
2611 2376 2832 2446 ἐποίησε
2857 2375 2924 2428 τά
2950 2376 3152 2444 σημεῖα
3181 2371 3370 2442 παρὼν
3397 2371 3569 2434 αὐτὸς
3599 2372 3748 2440 611;-

2151 2468 2278 2532 σοῦς
2309 2469 2424 2538 μεθ’
2467 2467 2642 2537 ἡμῶν,
2671 2469 2757 2520 ἵνα
2794 2464 3119 2536 φοϐηθῶμεν
3149 2463 3256 2516 ἀπὸ
3303 2460 3609 2532 προσώπου
3648 2463 3748 2514 azi-

2149 2557 2266 2612 τοῦ.
2318 2557 2441 2610 Ὅτι
2489 2557 2545 2609 δὲ
2595 2556 2663 2609 τὰ
2709 2555 2945 2626 αἰσθητὰ
3003 2553 3248 2625 σύμϐολα
3293 2553 3504 2622 νοητῶν
3561 2555 3746 2616 ἐστιν,

2149 2649 2332 2703 ἄκουε.
2368 2649 2708 2720 Ἐπεδήμησε
2733 2649 2840 2718 γὰρ
2867 2648 2896 2698 ὁ
2923 2646 3134 2717 Σωτὴρ,
3166 2645 3251 2697 ἵνα
3278 2644 3373 2716 τὴν
3401 2643 3498 2696 τοῦ
3526 2643 3748 2711 ἀνθρὼο

2151 2758 2252 2794 που
2291 2739 2467 2811 ψυχὴν
2508 2739 2935 2811 προηγουμένως
2971 2739 3326 2809 εὑεργετήσῃ.
3372 2737 3513 2789 Ἀλλ’
3555 2737 3750 2806 ἐπειδὴ

2147 2834 2304 2887 τοῦτο
2328 2837 2440 2897 τοῖς
2488 2833 2700 2896 πολλοῖς
2728 2833 3004 2900 ἄγνωστον
3049 2827 3137 2901 ἦν,
3177 2829 3266 2882 διὰ
3298 2829 3407 2882 τῶν
3439 2829 3751 2898 ὁρωμένων

2149 2926 2347 2979 ίάσεων
2383 2925 2481 2995 τὴν
2511 2923 2899 2996 κεκρυμμένην
2922 2921 3024 2992 τῆς
3065 2921 3246 2991 ψυχῆς
3286 2921 3573 2990 σωτηρίαν
3607 2920 3752 2972 sasi-

2148 3032 2326 3069 κνυεν.
2367 3014 2580 3083 Ἀμέλει
2625 3013 2703 3083 τῷ
2755 3009 3108 3082 παραλυτικῶ
3151 3009 3347 3078 ἄφεσιν
3390 3009 3506 3062 τῶν
3559 3010 3751 3080 ἀμαρ-

2145 3107 2276 3160 τιῶν
2298 3105 2681 3178 δωρησάμενος
2713 3106 3028 3173 ἡπιστείτο·
3072 3103 3254 3171 ἔλεγον
3296 3103 3408 3173 γὰρ
3449 3103 3709 3157 Ἰουδαῖοι
3736 3121 3751 3135 ·

2151 3197 2278 3260 «Τίς
2306 3196 2526 3249 δύναται
2551 3193 2821 3265 ἁμαρτίας
2852 3192 3091 3262 ἀφιέναι,
3116 3194 3164 3245 εί
3196 3192 3270 3264 μὴ
3299 3193 3461 3263 μόνος
3480 3196 3508 3246 ὅ
3533 3193 3679 3256 Θεὸς
3699 3210 3747 3257 ;ι

2144 3283 2298 3351 Εἶτα,
2327 3286 2509 3357 ἐπειδὴ
2539 3286 2600 3338 τὸ
2645 3285 2846 3352 ἀφανὲς
2889 3284 2984 3336 καὶ
3031 3281 3447 3354 προηγούμενον
3500 3287 3755 3353 ποιήσας

2142 3377 2422 3441 ἐλάνθανε,
2457 3377 2598 3430 κατὰ
2631 3375 2878 3447 δεύτερον
2903 3375 3059 3444 λόγον
3089 3377 3186 3428 καὶ
3227 3375 3288 3428 τὸ
3324 3374 3482 3444 σῶμα
3527 3374 3752 3428 ἰάσατο.

2143 3467 2276 3523 Εἴπε
2306 3469 2413 3540 γάρ
2447 3467 2621 3539 αὐτῷ·
2648 3487 2666 3517 ι
2694 3467 2965 3539 Ἔγειραι,
2997 3463 3129 3538 ἆρον
3152 3467 3243 3519 τὸν
3266 3465 3590 3538 κράῦὅατόν
3625 3483 3751 3532 σου,

2144 3561 2238 3614 καὶ
2283 3559 2592 3630 περιπάτει.
2632 3578 2651 3611 ι
2695 3558 2879 3628 Ὁρᾷς,
2921 3555 3039 3620 πῶς
3066 3557 3278 3627 ταχέως
3313 3549 3474 3619 οὗτος
3515 3556 3751 3610 λέλυται

2142 3652 2251 3704 ἀπὸ
2281 3651 2389 3704 τῶν
2417 3649 2661 3720 δεσμῶν
2699 3649 2794 3702 καὶ
2837 3648 2898 3702 οὐ
2946 3648 3106 3719 μόνον
3142 3649 3231 3703 διὰ
3275 3648 3375 3717 τῆς
3415 3648 3627 3713 ἔξωθεν
3662 3651 3748 3702 ἰά-

2145 3759 2281 3806 σεως
2309 3742 2544 3805 λέλυται,
2575 3739 2712 3795 ἀλλὰ
2743 3741 2839 3794 καὶ
2869 3739 2979 3792 τῶν
3011 3737 3279 3793 τοσούτων
3309 3739 3750 3810 ἁμαρτημάτων

2141 3833 2549 3904 ἐλευθεροῦται·
2597 3832 2674 3886 ἔτι
2727 3831 2833 3904 μὴν
2879 3832 2974 3884 καὶ
3026 3831 3247 3900 κήρυκα
3295 3830 3396 3899 τῆς
3435 3829 3754 3900 θεραπείας

2141 3929 2304 3982 αὐτὸν
2331 3927 2598 3993 ἀπέδειξε,
2627 3927 2723 3980 καλ⁵
2740 3925 2877 3988 ὅλως
2911 3923 2980 3976 τά
3008 3922 3276 3993 γενόμενα
3303 3920 3591 3992 αἰσθητῶς
3618 3939 3759 3991 var-.-

2141 4017 2248 4071 τῶν
2279 4017 2438 4088 χάριν
2465 4016 2724 4084 ἐγίνοντο.
2759 4014 2859 4067 Διά
2884 4029 2966 4066 τοι
2997 4011 3157 4064 τοῦτο
3188 4010 3629 4064 ἀποστέλλονται
3656 4012 3760 4064 καὶ

2139 4111 2190 4163 οἱ
2218 4108 2455 4180 μαθηταὶ
2483 4111 2562 4170 εἰς
2591 4107 2691 4179 τὴν
2720 4107 3003 4161 κατέναντι
3035 4102 3250 4174 κώμην,
3279 4105 3376 4157 καὶ
3406 4103 3613 4157 λύουσι
3649 4105 3761 4165 τὴν

2139 4201 2259 4254 ὅνον
2284 4200 2380 4254 καὶ
2405 4199 2496 4252 τὸν
2521 4199 2718 4262 πῶλον,
2753 4198 2896 4250 κατά
2925 4197 2996 4251 τὰ
3023 4195 3386 4252 κελευσθέντα
3409 4197 3614 4260 αὐτοῖς
3643 4197 3761 4251 ὑπὸ

2138 4291 2233 4346 τοῦ
2271 4290 2613 4344 διδασκάλου.
2656 4288 2826 4342 Τοῦτο
2850 4290 2908 4342 δὲ
2947 4289 3084 4352 ὅλως
3111 4289 3352 4358 γέγονεν,
3388 4288 3479 4340 ἵνα
3509 4287 3765 4360 πληρω-

2068 4391 2116 4450 D
2143 4382 2306 4436 θῶσιν
2339 4384 2396 4435 αἱ
2430 4381 2522 4435 τοῦ
2559 4379 2751 4434 Ἰακὼὸ
2791 4383 3141 4451 προφητεῖαι.
3168 4377 3423 4446 Εὐλογῶν
3459 4381 3584 4448 γὰρ
3621 4383 3766 4443 τοὺς

2141 4474 2346 4528 δώδεκα
2380 4473 2742 4544 πατριάρχας,
2774 4471 2982 4541 φθάσας
3016 4474 3096 4534 εἰς
3118 4470 3209 4524 τὸν
3254 4469 3482 4534 Ἰούδαν,
3521 4489 3771 4542 £9091;-

2143 4565 2308 4628 τεύει,
2345 4566 2436 4619 καὶ
2459 4565 2576 4618 θεῖα
2607 4567 2825 4636 ῥήματα
2850 4562 3164 4632 φθέγγεται.
3195 4563 3395 4614 Ἀκουε
3427 4562 3546 4633 γὰρ
3580 4564 3770 4616 αὑτοῦ

2143 4657 2388 4724 λέγοντος
2413 4673 2425 4684 ·
2465 4677 2483 4707 ι
2524 4655 2808 4726 Δεσμεύων
2839 4653 2974 4726 πρὸς
3001 4653 3245 4724 ἄμπελον
3275 4653 3366 4706 τὸν
3406 4653 3614 4707 πῶλον
3667 4659 3773 4709 αύ-

2143 4751 2257 4812 τοῦ,
2293 4751 2386 4802 καὶ
2432 4751 2497 4820 τῇ
2527 4749 2666 4801 ’ἐλικι
2697 4746 2791 4801 τὸν
2823 4746 3002 4800 πῶλον
3034 4746 3133 4815 τῆς
3173 4745 3295 4798 ὅνου
3339 4744 3539 4797 αὐτοῦ.
3585 4767 3608 4798 ι
3651 4750 3772 4802 Καὶ

2143 4841 2278 4904 ὅλως
2302 4841 2372 4892 τὰ
2401 4839 2658 4910 λεχθέντα
2683 4838 2860 4892 πάντα
2901 4839 2978 4901 είς
3009 4836 3100 4890 τὸν
3139 4835 3338 4889 Ἰούδαν
3363 4836 3654 4906 εὑρήσεις
3688 4843 3772 4902 εἰς

2141 4934 2239 5004 τὴν
2265 4933 2568 5003 παρουσίαν
2609 4931 2703 4984 τοῦ
2743 4931 2997 5001 Σωτῆρος
3041 4927 3506 4999 προςητευόμενα
3531 4947 3548 4958 ·
3587 4931 3775 4986 δύνα-

2140 5041 2231 5077 ται
2261 5024 2368 5092 γὰρ
2397 5027 2425 5076 ὁ
2459 5023 2762 5094 φιλομαθὴς
2800 5021 2921 5076 κατ’
2961 5021 3140 5090 ὀλίγον
3179 5018 3596 5086 ἀναγινώσκων
3631 5025 3776 5092 νοῆ-

2145 5129 2232 5166 σαι
2273 5113 2340 5166 τὰ
2368 5114 2496 5186 περὶ
2541 5113 2705 5166 αὑτοῦ
2738 5110 3020 5184 εἰρημένα.
3060 5111 3178 5164 Ἵνα
3214 5110 3270 5163 δὲ
3307 5109 3383 5180 μὴ
3415 5112 3628 5165 πᾶσαν
3667 5115 3776 5185 τὴν

2144 5205 2381 5276 ἱστορίαν
2424 5203 2833 5274 διηγησῶμεθα,
2882 5202 3203 5272 ἀκούσωμεν
3247 5199 3340 5254 τοῦ
3400 5203 3774 5258 Ἀττοστόλου

2141 5293 2413 5361 λέγοντος·
2450 5312 2468 5344 ι
2499 5293 2770 5365 Πρόδηλον
2796 5293 2923 5363 γὰρ,
2951 5293 3032 5344 ὅτι
3064 5291 3124 5357 ἐξ
3161 5289 3332 5344 Ἰούδα
3361 5290 3775 5349 ἀνατέταλκεν

2141 5381 2170 5431 ὁ
2201 5377 2403 5450 Κύριος
2437 5379 2610 5451 ἡμῶν.
2647 5399 2666 5431 ι

2239 5474 2284 5506 ³³
2327 5474 2498 5530 Marc.
2539 5490 2611 5539 ιι,
2653 5475 2703 5528 7.
2803 5477 2848 5508 "
2889 5472 3019 5528 ibid.
3052 5472 3104 5526 9.

2064 5472 2114 5530 Β.
2239 5474 2284 5506 ιι
2327 5474 2498 5530 Μαι-ε,
2539 5490 2611 5539 ιι,
2653 5475 2703 5528 7.
2803 5477 2848 5508 "
2889 5472 3019 5528 ibid.
3052 5472 3104 5526 9.
3221 5471 3267 5503 “
3310 5468 3534 5531 Cenes.
3583 5493 3766 5545 XLIX,
