3870 6208
158 306 308 365 {033

1107 307 1394 366 HOMILIA
1431 307 1503 367 IN
1539 308 1745 365 ILLUD
1784 328 1797 364 :
1843 326 1863 362 ι
1908 307 2160 378 EUNTE,
2202 329 2222 363 ν
2264 308 2419 367 ETC.

3272 313 3412 372 I034

233 426 291 481 7.
318 423 419 479 Διά
448 422 605 480 τοῦτο
641 425 772 496 γοῦν
810 425 1022 496 ἐγένετο
1063 426 1134 481 τὰ
1168 427 1468 498 γενόμενα,
1514 427 1602 480 ἵνα
1646 425 1735 479 τὸν

1915 424 1963 478 7.
2006 425 2133 480 Ideo
2162 423 2329 494 igitur
2355 438 2420 478 ea
2469 429 2623 494 gesta
2669 430 2819 489 sunt,
2854 429 2915 478 ut
2948 431 3253 481 creatorem
3302 429 3410 482 mi-

156 517 497 590 δημιουργὸν
519 517 607 572 διὰ
627 519 724 590 τῆς
745 518 935 572 ἑαυτοῦ
958 518 1299 590 λειτουργίας
1325 519 1555 588 φανερὸν
1583 520 1742 589 ποιή-

160 627 322 665 σωσι.
359 610 455 674 Τίς
480 610 621 680 γὰρ,
657 610 988 679 θεασάμενος
1024 609 1154 664 ναῦν
1197 610 1396 682 ἄριστα
1439 609 1739 681 εὐθυνομέ-

157 718 284 773 νην,
306 700 405 753 οὐκ
432 698 640 754 ἔννοιαν
658 700 867 771 δέχεται
901 701 1267 772 κυϐερνήτου;
1295 701 1448 773 ἆρμα
1473 700 1530 753 δὲ
1557 699 1739 763 καλῶς

155 792 455 857 διαϐαῖνον,
479 793 573 845 καὶ
601 796 875 864 τεχνικαίς
897 793 1076 864 ἡνίαις
1101 793 1420 865 φερόμενον,
1448 795 1549 847 οὐκ
1570 795 1740 848 ὲννοεῖ

154 884 251 936 τὸν
276 882 633 955 ἡνιοχοῦντας
677 885 741 936 Εἰ
775 881 868 937 οὖν
914 885 1008 938 ἐπὶ
1042 886 1159 938 -τῶν
1193 887 1250 938 ἐν
1293 886 1450 957 χερσὶ
1490 886 1735 950 τοιαῦτα,

153 976 212 1029 τί
246 975 316 1030 ἂν
363 976 612 1045 εἴποιμεν
660 975 752 1027 ἐπὶ
797 974 907 1029 τῶν
948 976 1043 1030 τοῦ
1091 977 1344 1048 Σωτῆρος
1377 978 1735 1049 παραδόξωνς

170 1068 422 1139 Ὁρῶμεν
455 1066 564 1138 γὰρ
605 1067 713 1120 τῶν
746 1068 1065 1140 ποιημάτων
1096 1069 1261 1123 αὐτοῦ
1300 1071 1369 1123 τὰ
1406 1070 1612 1143 φοϐερά
1643 1072 1739 1125 καὶ¹

155 1160 474 1232 παράδοξα·
501 1155 611 1213 οἷον
633 1160 906 1232 θαλάσσης
945 1162 1044 1225 τὰς
1072 1162 1386 1234 τρικυμίας,
1417 1163 1512 1217 καὶ
1543 1163 1650 1217 τῶν
1680 1166 1737 1217 ὲν

155 1252 298 1320 αὐτῇ
332 1252 823 1321 προσαρασσόντων
842 1251 1053 1322 ἀνέμων
1083 1251 1180 1316 τὰς
1209 1254 1470 1324 κινήσεις,
1496 1252 1648 1325 ἡλίου
1676 1272 1736 1307 τε

152 1341 247 1395 τὸν
269 1341 489 1403 κύκλον,
511 1342 605 1394 καὶ
635 1340 860 1412 σελήνης
889 1342 979 1394 τὸν
1002 1341 1221 1412 δρόμον,
1250 1344 1469 1397 καὶτῶν
1494 1344 1736 1416 ἀστέρων

152 1432 258 1504 τὴν
293 1432 561 1487 σύνθεσιν.
598 1432 692 1495 Τίς
722 1432 778 1486 δὲ
812 1433 908 1486 οὐκ
960 1433 1234 1505 ἐφοϐήθη,
1261 1435 1348 1488 ὅτε
1386 1436 1446 1488 τὸ
1495 1436 1737 1489 καταπέ-

152 1541 343 1595 τασμα
373 1524 466 1578 τοῦ
492 1523 619 1577 ναοῦ
655 1524 876 1597 ἐσχίσθη
923 1525 1032 1579 ἀπὸ
1068 1526 1272 1579 ἄνωθεν
1301 1526 1406 1590 ἕως
1437 1526 1619 1592 κάῖω;
1646 1529 1735 1582 ὅτε

152 1617 183 1669 ὁ
208 1615 382 1687 ἥλιος,
415 1616 476 1668 οὐ
504 1616 683 1687 φέρων
715 1617 776 1669 τὸ
818 1616 1104 1687 τολμηθὲν,
1141 1618 1292 1689 φόϐῳ
1318 1620 1379 1673 τὸ
1416 1620 1529 1689 φῶς
1562 1620 1736 1674 ἔστει-

151 1707 343 1779 λεν;ἢ
395 1709 483 1762 ὅτε
513 1710 569 1762 αἱ
613 1708 808 1779 πέτραι
839 1709 1195 1781 ἐσχίσθησαν,
1235 1713 1329 1765 καὶ
1373 1711 1443 1765 τὰ
1496 1715 1734 1784 μνημεῖα

150 1799 530 1871 ἠνεῴχθησαν,
560 1800 654 1854 καὶ
690 1802 739 1853 οἱ
767 1801 1175 1872 ὲναποκείμενοι
1206 1804 1530 1875 ἀνέστησαν,
1565 1807 1659 1858 καὶ
1686 1808 1734 1859 οἱ

152 1892 347 1964 ἐχθροὶ
399 1892 747 1965 ἐφοϐήθησαν
797 1894 903 1947 ἀπὸ
936 1893 1227 1967 προσώπου
1259 1896 1458 1962 αὑτοῦ;
1516 1897 1596 1950 διὸ
1643 1899 1737 1952 καὶ

152 1983 384 2045 ἄκοντες
416 1982 744 2054 ὡμολόγουν,
772 1986 854 2038 ὅτι
893 1984 1107 2056 ἀληθῶς
1138 1985 1273 2039 Θεοῦ
1311 1987 1438 2050 Υἱὸς
1468 1987 1537 2060 ὴν
1558 1983 1733 2054 οὗτος,

152 2075 251 2128 καὶ
274 2074 412 2138 ὅλως
440 2074 509 2127 τὰ
535 2075 755 2129 πλείονα
784 2076 893 2131 τῶν
917 2076 1092 2149 ἔργων
1118 2077 1284 2132 αὐτοῦ
1318 2082 1376 2133 ὲν
1397 2081 1737 2153 ἀποκρύφοις

151 2167 297 2221 ἐστί.
337 2166 519 2221 Χίλιαι
548 2168 657 2240 γὰρ
704 2168 941 2239 χιλιάδες
991 2174 1427 2244 παραστήκουσιν
1464 2174 1613 2245 αὐτῷ
1653 2177 1738 2228 αἰ-

151 2257 404 2323 νοῦντες·
442 2261 535 2313 καὶ
586 2260 778 2332 μύριαι
835 2262 1092 2333 μυριάδες
1133 2263 1536 2336 λειτουργοῦσιν
1565 2266 1733 2336 αὐτῷ.

166 2340 511 2420 Ἐπεγνῶμεν
534 2346 625 2403 οὖν
656 2352 814 2421 ἡμεῖς
841 2352 932 2405 τὸν
964 2353 1286 2425 εὐεργέτην·
1315 2352 1624 2426 δοξάσωμεν
1644 2356 1736 2409 τὸν

150 2441 381 2513 Πατέρα
414 2444 509 2497 σὺν
539 2443 674 2514 Υἰῷ,
710 2444 803 2498 καὶ
829 2445 967 2517 ἁγίῳ
988 2446 1263 2514 Πνεύματι
1283 2464 1296 2478 ·
1347 2448 1476 2518 μίαν
1510 2446 1737 2519 θεότητα

150 2537 613 2607 ὁμολογήσωμεν
660 2536 753 2592 τοῦ
816 2528 1151 2611 ἁμαρτάνειν
1200 2538 1569 2610 παυσώμεθα·
1628 2539 1736 2592 τῶν

152 2624 391 2695 πτωχῶν
426 2626 888 2698 μνημονεύσωμεν
908 2645 922 2660 ο
954 2630 986 2700 ή
1012 2629 1332 2698 φιλαδελφία
1367 2630 1606 2700 μενέτω’
1637 2629 1736 2700 τῆς

152 2716 468 2788 φιλοξενίας
505 2719 579 2789 μὴ
621 2718 1065 2775 ἐπιλανθάνεσθε.
1109 2719 1266 2774 Οὕτω
1298 2721 1407 2793 γὰρ
1437 2721 1733 2789 διάγοντες,

152 2807 437 2879 βασιλείαν
456 2810 700 2879 οὐρανῶν
722 2811 1220 2883 κληρονομήσομεν,
1239 2814 1296 2865 ὲν
1317 2812 1535 2884 Χριστῷ
1561 2811 1734 2884 Ἰησοῦ

149 2896 230 2968 τῷ
257 2897 451 2969 Κυρίῳ
478 2898 658 2969 ήμῶν,
753 2902 786 2972 ή
814 2898 942 2967 δόξα
971 2902 1052 2964 εἰς
1083 2902 1210 2964 τοὺς
1234 2901 1438 2965 αἰῶνας
1465 2901 1574 2955 τῶν
1605 2899 1736 2954 αἰώ-

149 3005 284 3043 νων.
319 2988 379 3039 Ἀ
388 2988 514 3060 μήν.

1841 516 2070 571 nisterio
2123 530 2224 569 suo
2254 513 2606 569 manifestum
2640 513 2900 569 facerent.
2937 514 3074 582 Quis
3123 518 3270 573 enim
3307 533 3412 574 na-

1838 607 1949 662 vim
1985 606 2330 676 conspiciens
2355 606 2523 675 probe
2547 606 2833 669 directam,
2858 620 2966 661 non
2996 608 3054 663 in
3078 609 3411 678 gubernato-

1840 699 1918 753 ris
1940 697 2305 768 cognitionem
2343 696 2569 751 incidit?
2603 712 2828 752 currum
2863 708 3043 754 autem
3085 713 3234 758 recte
3261 703 3415 760 ince-

1840 792 2060 845 dentem
2119 788 2506 859 conspiciens,
2572 795 2737 859 atque
2799 789 3029 847 habenis
3079 803 3196 849 arte
3256 794 3414 853 factis

1839 890 2073 940 rectum.
2107 896 2216 935 non
2246 880 2452 950 cogitat
2498 880 2786 951 aurigam?
2816 880 2872 936 Si
2918 891 3100 937 autem
3134 883 3312 941 obviis
3346 886 3416 942 de

1839 974 2003 1027 rebus
2042 972 2115 1026 ita
2145 972 2444 1041 judicatur,
2482 973 2614 1043 quid
2659 973 2962 1029 dixerimus
3011 976 3079 1031 de
3128 978 3412 1034 miraculis

1841 1063 2183 1120 Salvatoris?
2213 1064 2474 1123 Videmus
2507 1080 2740 1137 namque
2761 1081 2921 1136 opera
2951 1068 3071 1137 ejus
3096 1084 3217 1139 quae
3247 1071 3411 1124 terri-

1838 1157 1968 1211 bilia
1995 1158 2053 1211 et
2080 1157 2403 1212 admiranda
2433 1166 2593 1225 sunt;
2623 1160 2933 1227 cujusmodi
2971 1171 3100 1215 sunt
3129 1164 3300 1219 maris
3329 1165 3418 1219 do-

1838 1249 2057 1303 cumani
2089 1247 2311 1312 ﬂuctus,
2346 1257 2632 1304 ventorum
2663 1251 2719 1304 in
2744 1266 2810 1305 eo
2848 1252 3179 1308 illidcntium
3206 1265 3412 1322 motus,

1838 1335 1972 1396 solis
2031 1342 2203 1406 orbis,
2275 1343 2419 1396 lunae
2463 1358 2684 1407 cursus,
2739 1351 3013 1399 astrorum
3062 1349 3412 1417 compositio.

1837 1433 1973 1500 Quis
2006 1450 2115 1489 non
2151 1436 2452 1491 exterritus
2491 1435 2613 1499 fuit,
2646 1451 2771 1490 cum
2824 1438 3004 1492 velum
3051 1440 3237 1509 templi
3271 1441 3417 1497 scis-

1837 1541 1959 1580 sum
2013 1533 2099 1582 est
2128 1542 2157 1580 a
2189 1542 2405 1581 summo
2435 1542 2608 1596 usque
2650 1527 2720 1583 ad
2751 1528 2957 1582 imum?
3001 1544 3124 1582 cum
3166 1530 3249 1584 sol
3288 1540 3415 1584 tan-

1837 1625 1951 1671 tum
1982 1633 2090 1672 non
2125 1618 2306 1673 ferens
2336 1633 2552 1684 ausum,
2588 1626 2736 1674 metu
2771 1619 2948 1675 lucem
2981 1621 3294 1675 contraxit?
3321 1630 3417 1677 aut

1835 1724 1960 1763 cum
1995 1718 2162 1780 petrae
2184 1710 2374 1764 scissas
2399 1717 2545 1777 sunt,
2578 1719 2632 1765 et
2660 1718 3015 1766 monumenta
3045 1722 3233 1780 aperta
3258 1722 3411 1777 sunt,

1767 1786 1806 1840 Β
1836 1814 1899 1852 ac
1927 1800 2019 1869 qui
2074 1800 2130 1854 in
2175 1800 2244 1855 iis
2282 1800 2542 1869 jacehant
2597 1810 2955 1858 resurrcxere
2972 1803 3040 1868 ³⁸,
3093 1803 3413 1874 inimicique

1836 1892 2265 1947 reformidarunt
2300 1908 2330 1947 a
2365 1893 2505 1948 facie
2539 1895 2700 1964 ejus:
2729 1910 2901 1965 quare
2930 1896 3013 1950 vel
3055 1895 3215 1949 inviti
3239 1897 3416 1961 conﬁ-

1836 1988 2114 2051 tebantur,
2146 1987 2292 2057 quod
2334 2002 2461 2042 vere
2495 1985 2666 2041 Filius
2702 1986 2794 2040 Dei
2838 1995 2984 2042 esset
3014 1986 3135 2041 iste.
3181 1986 3247 2041 Et
3286 2002 3413 2042 vere

1835 2079 2009 2131 multa
2054 2094 2219 2148 opera
2259 2078 2378 2148 ejus
2426 2078 2744 2133 abscbndita
2789 2084 2916 2131 sunt
2943 2077 3008 2131 ".
3051 2075 3219 2129 Millia
3262 2077 3412 2130 enim

1836 2171 2069 2225 millium
2116 2170 2451 2223 laudantium
2506 2176 2689 2224 astant
2742 2167 2828 2231 ei;
2891 2175 2945 2220 et
2987 2165 3171 2221 decies
3214 2164 3413 2219 millies

1836 2262 1976 2319 dena
2028 2263 2201 2316 millia
2241 2264 2554 2317 ministrant
2598 2262 2646 2316 ei
2670 2262 2736 2313 ’⁷.
2769 2260 3182 2330 Cognoscamus
3226 2257 3413 2327 itaque

1836 2352 2672 2423 benefactorem:gloriﬁcemus
2721 2350 2937 2404 Patrem
2990 2366 3115 2404 cum
3162 2347 3305 2403 Filio
3356 2353 3413 2402 et

1838 2452 2030 2501 sancto
2072 2444 2278 2515 Spiritu
2312 2463 2324 2498 :
2359 2458 2524 2497 unam
2557 2441 2916 2496 couliteamur
2956 2440 3214 2494 deitatem
3243 2457 3257 2493 :
3287 2451 3415 2508 pec-

1837 2536 2001 2591 candi
2060 2536 2223 2591 ﬁnem
2280 2535 2587 2599 faciamus,
2646 2536 2950 2604 pauperum
3016 2531 3410 2586 recordemur:

1838 2626 1996 2681 amor
2044 2623 2275 2679 fratrum
2320 2624 2375 2678 in
2408 2623 2566 2678 nobis
2613 2630 2872 2677 maneat:
2908 2613 3302 2691 hospitalitatis
3341 2634 3414 2674 ne

1839 2716 2270 2772 obliviscamini.
2302 2714 2439 2769 Nam
2474 2715 2521 2771 si
2574 2715 2649 2769 ita
2680 2716 2846 2767 vitam
2892 2726 3138 2784 agamus,
3184 2724 3415 2780 regnum

1837 2808 2107 2863 ccelorum
2157 2806 2476 2862 haereditate
2528 2807 2885 2876 accipiemus,
2933 2806 2989 2858 in
3027 2803 3248 2859 Christo
3280 2798 3414 2855 Jesu

1837 2899 2070 2955 Domino
2098 2907 2313 2965 nostro,
2355 2900 2446 2954 cui
2485 2899 2664 2969 gloria
2693 2898 2751 2953 in
2798 2896 3001 2954 saecula
3057 2893 3410 2951 saeculorum.

1838 2992 2030 3050 Amen.

220 3144 272 3176 ⁸⁸
313 3143 505 3201 Matth.
539 3162 719 3210 xxvu,
754 3145 843 3202 54.
927 3148 975 3181 ³⁸
1013 3146 1182 3205 Eccli.
1220 3164 1376 3216 mu,
1412 3147 1503 3204 36.
1579 3149 1624 3181 ³⁷
1667 3147 1735 3202 Da

1839 3164 1940 3215 vn,
1977 3148 2062 3203 10.

1251 3425 1387 3478 ΤΟΥ
1425 3426 1519 3479 ΕΝ
1556 3426 1779 3480 ΑΙἹΟΙΣ
1815 3427 2088 3481 ΠΑΤΡοΣ
2124 3426 2324 3482 ΗΜΩΝ

1460 3575 2099 3666 ΑΘΑΝΑΣΙΟΥ

145 3735 249 3802 Et;
285 3733 348 3787 τό
375 3750 391 3765 ο
423 3732 835 3806 Πορευομᾷνου
886 3732 957 3789 δὲ
1007 3734 1194 3788 αὐτοῦ
1223 3734 1695 3806 ὑπεστρώννυον
1729 3734 1805 3789 τὰ
1850 3735 2050 3806 ἱμάτια
2090 3733 2288 3791 αὐτῶν
2322 3735 2393 3788 ἐν
2430 3730 2508 3806 τῇ
2535 3730 2652 3806 ὀδῷ
2679 3729 2772 3785 .'O
2801 3728 2876 3806 δέ
2914 3729 3197 3793 πλεῖστος
3228 3728 3413 3797 ὄχλος

681 3803 883 3873 ἔχαιρε
926 3806 1122 3876 χαρὰν
1153 3801 1446 3875 μεγάληιλ.
1485 3806 1586 3859 καὶ
1637 3801 1882 3873 ἔκραζενῖ
1905 3823 1920 3839 ·
1965 3806 2229 3862 Ὡσαννὰ
2260 3806 2331 3860 ἐν
2367 3801 2500 3872 τοῖς(
2527 3801 2898 3872 ὑψίστοις-’⁸.

1184 4060 1279 4149 8.
1357 4060 1467 4148 Ρ.
1543 4060 1662 4148 Ν.
1736 4059 2385 4150 ATHANASII

143 4236 208 4291 In
234 4232 374 4289 illud
412 4247 428 4286 :
477 4230 650 4288 Eum
678 4240 856 4287 autem
878 4231 1001 4299 illo,
1029 4230 1769 4288 substernebantvestimenta
1802 4251 1903 4289 sua
1931 4236 1986 4289 in
2017 4235 2118 4290 via.
2166 4233 2415 4287 Plurima
2465 4218 2642 4286 autem
2698 4225 2853 4282 turba
2898 4220 3165 4296 gaudebat
3216 4218 3411 4289 gaudio

1107 4318 1317 4373 magno,
1347 4311 1397 4356 et
1430 4302 1697 4357 clamabat
1729 4319 1748 4357 :
1777 4304 2038 4361 Hosanna
2067 4307 2121 4359 in
2146 4304 2364 4363 excelsis
2400 4301 2465 4357 ⁸⁸.

226 4542 281 4597 1.
324 4538 453 4593 Ἐὰν
493 4536 562 4591 τὰ
607 4541 922 4590 καθεκαστα
963 4533 1071 4587 τῶν
1126 4534 1185 4601 ἐξ
1217 4534 1395 4606 ἀρχῆς
1426 4536 1735 4606 γενομένων

1911 4539 1963 4593 1.
1991 4537 2047 4591 Si
2075 4532 2427 4604 singulaque
2453 4529 2522 4583 ab
2551 4528 2711 4582 initio
2744 4533 2896 4595 gesta
2929 4527 3057 4575 sunt
3089 4530 3255 4588 opera
3277 4529 3417 4569 con-

142 4631 495 4707 πραγμάτων
529 4629 911 4699 σκοπήσωμεν,
942 4625 1144 4698 ἄπειρά
1187 4627 1354 4679 ἐστιν.
1387 4625 1452 4678 Ei
1490 4621 1583 4679 οῦν
1613 4626 1734 4696 βλε-

144 4722 407 4794 πομένων
440 4719 534 4773 καὶ
578 4718 891 4789 γενομένων
933 4716 1083 4787 παρὰ
1126 4713 1220 4769 τοῦ
1257 4714 1393 4768 Θεοῦ
1430 4715 1733 4789 μνησθῆναί

141 4831 234 4878 τις
261 4813 324 4865 οὐ
352 4811 595 4876 δύναται,
634 4809 751 4874 πῶς
784 4807 850 4862 ἂν
878 4807 947 4861 τὰ
987 4808 1345 4879 κεκρυμμένα
1374 4808 1540 4861 αὐτοῦ
1570 4826 1735 4863 κατα-

140 4904 341 4977 νοῆσαί
364 4921 449 4967 τις
473 4902 711 4974 δυνηθῇ;
746 4921 764 4953 ι
797 4902 878 4955 Td:
908 4901 1017 4970 γὰρ
1053 4899 1291 4965 πλείονα,
1328 4918 1346 4950 ι
1383 4900 1538 4970 φησὶ,
1576 4917 1597 4952 ι
1626 4900 1735 4954 τῶν

144 5000 330 5073 ἔργων
360 4995 454 5050 τοῦ
481 4995 614 5048 Θεοῦ
643 4997 701 5046 ὲν
726 4993 1068 5066 ἀποκρύφοις
1095 4991 1264 5044 ἐστίν.
1292 5010 1311 5042 ι
1345 4992 1555 5045 Οὐκοῦν
1586 4992 1734 5045 ἐστιν

144 5095 288 5167 ἔργα
308 5088 404 5144 τοῦ
424 5088 558 5142 Θεοῦ
579 5088 802 5160 ἀόρατα,
820 5086 977 5140 ἅτινα
1000 5087 1057 5139 ὲν
1084 5083 1425 5154 ἀποκρύφοις
1444 5085 1700 5154 τυγχάνει
1716 5100 1731 5115 ⁸

146 5187 282 5261 περὶ
312 5178 390 5237 ὧν
433 5184 526 5237 καὶ
554 5183 582 5233 ὁ
612 5179 894 5242 θεσπέσιος
944 5176 1270 5241 Ἀπόστολος
1316 5178 1731 5247 συμμαρτυρεῖ,

142 5280 245 5337 καὶ
277 5277 456 5346 λέγει’
493 5294 511 5326 ι
535 5273 619 5326 Τὰ
650 5271 759 5344 γὰρ
788 5271 996 5343 ἀόρατα
1031 5268 1194 5322 αὐτοῦ
1232 5267 1339 5321 ἀπὸ
1379 5266 1613 5330 κτίσεως
1639 5268 1733 5320 x6-

145 5387 293 5442 σμου
318 5368 434 5430 τοῖς
474 5364 744 5435 ποιήμασι
787 5360 1053 5431 νοούμενα
1093 5359 1397 5431 καθορᾶται
1419 5373 1432 5388 ·
1466 5376 1483 5409 ι
1515 5355 1732 5428 ἀληθῶς

141 5462 280 5534 γὰρ,
312 5478 331 5512 ι
351 5458 428 5521 ὣς
452 5453 849 5526 ἀνεξερεύνητα
870 5451 939 5504 τὰ
969 5450 1214 5525 κρίματα
1247 5448 1435 5514 αὑτοῦ,
1458 5449 1553 5502 καὶ
1576 5445 1734 5512 ἀνεξ-

143 5553 414 5627 εχνίαστοι
447 5551 503 5602 αἱ
544 5547 655 5600 ὁδοὶ
690 5546 894 5600 αὑτοῦί
940 5564 959 5599 ι
997 5543 1214 5615 Ἀμέλει
1244 5542 1339 5596 καὶ
1366 5542 1395 5594 ὁ
1418 5540 1729 5614 προφήτης,

216 5727 268 5762 ⁸³
300 5726 438 5783 Luc.
474 5741 602 5790 xu,
635 5723 725 5780 ‘56.
782 5721 972 5778 Matth.
1007 5735 1123 5783 xxi.
1159 5719 1211 5775 8.
1290 5719 1334 5752 ”
1375 5715 1545 5772 Eccli.
1587 5727 1744 5778 sun,
1776 5710 1868 5766 36.
1943 5709 1988 5743 ³ο
2024 5706 2185 5797 Rom.
2219 5720 2276 5772 ι,
2315 5703 2406 5761 20.
2482 5701 2525 5734 ³¹
2561 5696 2726 5753 Rom.
2760 5711 2857 5762 ιι,
2890 5693 2980 5750 33.

428 5821 703 5880 ΡΑτιιοι.
734 5817 855 5879 Gs.
879 5813 1178 5876 XXVIII.

1836 4626 2094 4698 templari
2124 4624 2378 4686 velimus,
2406 4618 2618 4673 inﬁnita
2642 4615 2734 4671 illa
2766 4619 2915 4669 sunt.
2947 4609 3104 4676 Quod
3130 4608 3178 4663 si
3207 4622 3269 4662 ea
3291 4621 3414 4677 quae

1838 4721 1941 4777 sub
1971 4724 2252 4790 aspectum
2282 4713 2487 4769 cadunt
2519 4722 2682 4780 atque
2722 4721 2752 4759 a
2795 4704 2905 4759 Deo
2933 4711 3055 4757 acta
3088 4707 3253 4764 “sunt,
3299 4714 3419 4790 me-

1838 4811 2013 4865 moria
2040 4789 2249 4862 tenere
2289 4818 2450 4859 nemo
2491 4798 2685 4870 possit,
2726 4796 2941 4850 occulta
2983 4792 3103 4862 ejus
3142 4789 3417 4860 quomodo

1837 4901 1964 4972 quis
2013 4899 2315 4968 intelligere
2370 4890 2611 4964 poterit?
2664 4907 2685 4941 ί
2716 4887 2883 4941 Multa
2929 4884 3098 4949 enim,
3128 4901 3147 4933 ›
3212 4880 3417 4949 inquit,

1845 5012 1863 5045 ι
1890 4984 2063 5063 ὃρει-ιι
2102 4989 2194 5043 Dei
2235 4984 2558 5042 abscondita
2586 4988 2716 5036 sunt
2734 4980 2801 5031 ²⁹.
2835 4998 2854 5030 ι
2890 4975 3031 5030 Sunt
3054 4987 3185 5043 ergo
3220 4972 3415 5063 invisi-

1838 5060 1971 5137 bilia
2009 5078 2259 5151 qmedam
2298 5075 2392 5130 Dei
2435 5086 2621 5144 opera,
2654 5084 2776 5140 quae
2804 5067 2859 5120 in
2891 5063 3111 5119 occulto
3145 5067 3310 5125 sunt;
3346 5060 3416 5113 de

1838 5174 2040 5247 quibus
2071 5170 2237 5241 378
2273 5168 2492 5222 divinus
2542 5161 2841 5233 Apostolus
2894 5153 3366 5247 testaturudicens
3397 5169 3413 5206 :

1843 5244 1870 5318 ί
1890 5262 2188 5320 Invisibilia
2230 5260 2374 5315 enim
2410 5257 2585 5327 ipsius
2630 5268 2661 5306 a
2711 5256 2962 5306 creatura
2994 5244 3184 5300 mundi
3211 5258 3305 5313 per
3350 5257 3417 5297 ea

1837 5374 1960 5431 quae
1984 5357 2125 5412 facta
2148 5361 2301 5418 sunt,
2326 5351 2600 5405 intellecta
2624 5339 3178 5431 conspiciunturA'°.-_i
3197 5336 3415 5431 licvera

1839 5425 2008 5512 enim,
2041 5466 2058 5498 ι
2082 5458 2247 5515 quam
2277 5434 2857 5508 incomprehensibilia
2887 5435 3019 5510 sunt
3038 5426 3247 5498 judicia
3267 5425 3408 5515 ejus,

1838 5542 1894 5590 et
1933 5513 2340 5601 investigabiles
2394 5525 2497 5582 viae
2544 5521 2666 5594 ejus
2695 5521 2773 5576 “t
2806 5538 2827 5572 ι
2868 5517 2937 5572 Et
2975 5530 3109 5572 vero
3148 5513 3416 5588 propheta

3092 5781 3173 5843 33
