3832 6216
434 354 573 411 1053

1495 342 1559 401 S.
1602 342 2063 400 ATHANASIUS.
2104 374 2174 385 —
2214 341 2488 400 SPURIA.

3563 349 3701 405 1036

427 472 676 544 ejusdem
736 483 859 524 cum
919 473 1069 523 esset
1120 465 1405 521 statuentia:
1435 466 1556 519 ait:
1600 482 1619 516 ι
1649 464 2005 519 Consideravi

2114 461 2211 533 τῆς
2241 462 2414 533 αὐτῆς
2446 462 2704 534 ἐχόμενος
2733 460 2978 534 γνώμης,
3012 461 3195 532 ἔλεγε·
3231 480 3249 513 ι
3277 463 3603 535 Κατενόησα
3630 465 3701 518 τὰ

427 579 595 637 opera
627 545 743 627 tua:
784 567 838 616 et
873 559 1066 629 expavi
1088 558 1153 613 ³³.
1181 578 1199 610 ι
1236 556 1555 623 Quaeramus
1590 572 1719 627 ergo
1763 572 1864 611 nos
1896 556 2011 626 pri-

428 673 582 713 mum
617 670 845 726 regnum
889 653 1031 721 ejus,
1068 658 1232 720 atque
1262 651 1336 703 ita
1366 649 1481 703 haec
1526 651 1711 704 omnia
1746 647 2011 717 adjicien.

429 757 522 804 tur
550 748 746 814 nobis;
778 746 852 800 ita
885 744 1032 800 enim
1056 740 1323 797 Dominus
1353 752 1541 796 noster
1567 739 1726 795 Iesus
1754 739 2010 794 Christus

430 843 489 897 in
542 839 849 910 Evangeliis
900 853 1002 892 nos
1042 837 1202 891 docet
1245 836 1330 890 his
1364 833 1548 889 verbis
1577 851 1645 887 :1
1672 831 1910 897 Quaerite
1956 836 2010 885 et

431 932 726 988 invenietis
744 931 809 985 ³³.
836 948 862 981 -›
919 928 1225 995 Quaerimus
1272 941 1456 997 porro,
1501 941 1609 978 non
1659 922 2006 993 margaritas,

430 1041 542 1080 non
583 1022 928 1095 hyacinthos,
981 1035 1103 1090 quae
1158 1016 1598 1087 imprudentibus
1657 1012 2009 1068 admirationi

431 1124 595 1183 sunt;
624 1115 717 1170 sed
741 1114 1064 1183 sapientiam
1092 1111 1183 1166 Dei
1209 1112 1264 1163 in
1295 1110 1555 1180 mysterio
1585 1106 1961 1161 absconditam
1991 1123 2003 1159 :

436 1221 455 1253 ε
494 1203 665 1269 Quam
706 1216 863 1256 nemo
896 1200 1203 1271 principum
1247 1198 1413 1267 hujus
1454 1198 1640 1252 saeculi
1674 1196 1951 1267 cognovit.
1982 1214 2001 1247 ι

429 1290 565 1346 Nam
599 1310 619 1343 ‹
668 1292 714 1347 si
767 1291 1172 1360 cognovissent,
1235 1287 1434 1357 inquit,
1477 1302 1760 1357 nunquam
1819 1286 2007 1340 Domi-

429 1401 560 1440 num
593 1384 779 1455 gloria:
818 1381 1223 1436 cruciﬁxisscnt
1247 1381 1313 1436 ⁸⁵.
1353 1399 1372 1432 ι
1416 1378 1543 1433 llaec
1575 1387 1659 1433 est
1689 1387 1869 1433 autem
1920 1394 2009 1434 sa-

430 1478 655 1548 pientia,
689 1476 755 1531 de
788 1489 894 1546 qua
938 1483 993 1530 et
1038 1473 1295 1528 Salomon
1341 1474 1397 1527 in
1423 1473 1710 1544 prophetia
1747 1472 2004 1527 dicebat:

434 1588 453 1620 ι
490 1568 641 1621 Mitte
689 1568 821 1621 inihi
874 1565 1087 1621 sedium
1133 1574 1353 1619 tuarum
1404 1564 1742 1619 assistricem
1791 1564 2009 1633 sapien-

428 1661 560 1715 tiam
580 1661 645 1715 ³⁸.
676 1678 693 1711 ι
729 1658 885 1725 Quod
920 1666 1102 1713 autem
1130 1663 1184 1711 et
1209 1656 1463 1711 Christus
1507 1656 1776 1725 sapientia
1811 1655 2009 1724 praedi-

428 1759 607 1815 cetur,
660 1750 819 1805 testis
866 1750 972 1804 erit
1011 1748 1143 1802 mihi
1188 1746 1395 1801 Paulus
1440 1746 1629 1801 dicens
1660 1764 1675 1800 :
1704 1763 1722 1794 ι
1750 1745 2008 1800 Christus

2111 555 2247 627 ἔργα
2282 573 2398 620 σου,
2427 557 2522 610 καὶ¹
2560 552 2802 626 ἐξέστην.
2836 576 2854 608 ι
2885 558 3216 628 Ζητήσωμεν
3262 552 3354 610 οὖν
3401 557 3499 610 καὶ
3536 559 3701 628 ἡμεῖς

2112 649 2329 722 πρῶτον
2358 649 2455 718 τὴν
2480 646 2756 718 βασιλείαν
2784 645 2972 712 αὑτοῦ,
3009 648 3103 701 καὶ
3130 646 3275 701 οὕτω
3310 646 3488 702 ταῦτα
3518 649 3702 701 πάντα

2111 738 2542 810 προστεθήσεται
2575 740 2707 809 ἡμῖν
2730 754 2744 768 ⁸
2770 736 2911 790 οὕτω
2942 737 3050 808 γὰρ
3112 737 3206 790 καὶ
3238 740 3267 791 6
3294 736 3503 809 Κύριος
3538 737 3703 807 ἡμῶν

2125 830 2334 902 Ἰησοῦς
2382 831 2616 903 Χριστὸς
2680 832 2737 883 ἐν
2791 829 3144 900 Εὐαγγελίοις
3191 830 3429 883 διδάσκει
3482 831 3697 898 λέγων’

2115 942 2135 977 ι
2166 926 2421 995 Ζητεῖτε,
2469 923 2563 976 καὶ
2606 923 2887 994 εὑρήσετε.
2929 943 2947 975 ι
2982 923 3263 993 Ζητοῦμεν
3305 922 3365 976 δὲ
3416 925 3588 995 ἡμεῖς
3638 923 3699 975 οὗ

2114 1016 2478 1087 μαργαρίτας,
2510 1016 2631 1068 οὐδὲ
2657 1015 2963 1080 ὑακίνθους,
2990 1016 3135 1089 ἅπερ
3161 1019 3209 1068 οἱ
3232 1016 3595 1087 ἀπειρόκαλοι
3624 1015 3701 1089 (8)

2109 1107 2552 1178 τεθαυμάκασιν·
2585 1108 2719 1162 ἀλλὰ
2758 1109 3026 1180 ζητοῦμεν
3070 1108 3205 1162 Θεοῦ
3253 1110 3446 1179 σοφίαν
3504 1102 3704 1181 ὲνμυο

2112 1200 2318 1272 στηρίῳ
2377 1200 2474 1271 τήν
2537 1202 3075 1273 ἀποκεκρυμμένην·
3118 1221 3135 1253 ι
3188 1203 3289 1256 Ἦν
3352 1203 3536 1266 οὐδεὶς
3589 1202 3705 1258 τῶν

2110 1293 2384 1364 ἀρχόντων
2451 1292 2542 1346 τοῦ
2596 1295 2789 1357 αἰῶνος
2820 1294 3011 1347 τούτου
3045 1293 3302 1361 ἔγνωκεν.
3340 1313 3359 1345 ι
3387 1313 3407 1346 ι
3441 1295 3507 1348 Εἰ
3536 1315 3555 1347 ι
3590 1294 3705 1366 γὰρ

2117 1403 2134 1436 ι
2168 1386 2432 1453 ἔγνωσαν,
2483 1385 2667 1457 φησιν,
2715 1386 2816 1439 οὐκ
2883 1385 2950 1439 ἂν
2992 1386 3083 1439 τὸν
3138 1386 3340 1458 Κύριον
3378 1387 3482 1456 τῆς
3539 1387 3705 1459 δόξης

2110 1478 2484 1549 ἐσταύρωσαν.
2514 1498 2531 1529 ι
2566 1477 2715 1549 Αὕτη
2740 1478 2800 1531 δέ
2823 1479 3019 1550 ἐστινὴ
3049 1478 3228 1548 σοφία,
3257 1480 3387 1549 περὶ
3432 1474 3503 1549 ἦς
3546 1480 3704 1549 ἔλεγε

2110 1568 2207 1621 καὶ
2237 1570 2265 1621 6
2312 1567 2563 1638 Σολομὼν
2600 1570 2657 1621 ἐν
2696 1570 3040 1640 προφητεία·
3094 1589 3113 1620 ι
3160 1569 3577 1634 Ἐξαπόστειλόν
3611 1586 3705 1642 μοι

2108 1660 2209 1733 τὴν
2256 1660 2365 1713 τῶν
2395 1661 2501 1715 σῶν
2550 1660 2753 1732 θρόνων
2805 1661 3077 1733 πάρεδρον
3108 1661 3319 1731 σοφίαν.
3351 1682 3369 1714 ι
3416 1663 3546 1716 Ὅτι
3577 1662 3640 1716 δὲ
3669 1663 3704 1716 6

2109 1754 2345 1824 Χριστὸς
2403 1754 2498 1806 καὶ
2533 1754 2695 1823 σοφία
2730 1753 3086 1825 κηρύσσεται,
3146 1756 3487 1827 μαρτυρήσει
3540 1773 3633 1826 μοι
3674 1757 3703 1809 6

425 1843 523 1898 Dei
576 1843 753 1898 virtus
804 1851 858 1897 et
912 1840 1008 1897 Dei
1047 1840 1314 1911 sapientia
1334 1840 1404 1895 ³⁸.
1436 1838 1672 1905 Quzerite
1714 1854 1845 1909 ergo
1895 1839 2005 1909 pri-

2114 1847 2345 1911 Παῦλος,
2377 1847 2583 1915 λέγων·
2638 1866 2657 1898 ι
2687 1847 2924 1920 Χριστὸς
2961 1847 3099 1900 Θεοῦ
3152 1847 3381 1918 δύναμις
3430 1849 3529 1901 καὶ⁵
3563 1848 3702 1902 Θεοῦ

424 1952 577 1990 ηιιιιιι
621 1950 849 2005 regnum
890 1933 986 1989 Dei
1032 1941 1086 1990 et
1112 1933 1381 2002 justitiam
1413 1934 1553 2003 ejus,
1584 1940 1639 1987 et
1673 1933 1789 1987 haec
1824 1933 2011 1986 omnia

426 2029 759 2100 adjicientur
782 2028 938 2083 vobis
959 2028 1026 2079 ³⁷.
1061 2044 1079 2077 ι
1118 2024 1253 2079 Nam
1278 2041 1399 2096 quae
1424 2024 1605 2079 futura
1627 2032 1779 2090 sunt,
1815 2023 2011 2094 priori-

426 2123 532 2179 bus
576 2122 662 2194 (ac
690 2122 983 2194 praecipuis
1015 2120 1145 2189 illis)
1180 2120 1484 2190 posteriora
1527 2126 1676 2174 sunt.
1711 2117 1827 2172 Etsi
1860 2118 2008 2173 enim

426 2215 695 2271 rationem
734 2214 1028 2285 quamdam
1073 2213 1270 2267 habeat
1318 2212 1452 2282 legis
1500 2211 1713 2277 umbra,
1766 2218 2007 2266 attamen

427 2308 739 2363 futurorum
770 2307 1037 2361 bonorum
1067 2305 1303 2359 arrhabo
1332 2312 1435 2359 est.

495 2491 552 2548 2.
590 2490 763 2547 Judaei
793 2507 924 2562 ergo
964 2490 1021 2546 in
1055 2491 1379 2547 hodiernum
1409 2504 1585 2560 usque
1612 2487 1781 2551 diem,
1809 2485 2009 2540 litterae

425 2586 603 2656 magis
642 2601 807 2656 quam
857 2585 1074 2654 spiritui
1119 2585 1441 2639 adhibentes
1488 2583 1753 2646 animum,
1795 2587 2006 2636 errant.

423 2677 569 2734 Audi
600 2692 835 2747 namque
856 2676 989 2748 quid
1023 2678 1212 2732 dicant
1241 2692 1255 2730 :
1280 2675 1380 2731 Hic
1410 2676 1575 2729 homo
1599 2674 1769 2745 legem
1796 2681 1852 2728 et
1876 2671 2010 2727 Sab-

425 2769 553 2824 bata
595 2770 834 2825 solutum
867 2769 1036 2824 venit.
1068 2766 1270 2823 Verum
1303 2769 1347 2823 si
1381 2768 1667 2822 mendicus
1695 2775 1886 2821 contra
1923 2765 2009 2820 di-

425 2861 591 2918 vitias
640 2863 922 2933 loquatur,
976 2877 1319 2932 nequaquam
1362 2861 1440 2915 illi
1494 2860 1627 2915 ﬁdes
1678 2859 2002 2913 habebitur:

424 2970 604 3024 neque
634 2955 678 3009 si
711 2956 1084 3023 intemperans
1108 2954 1269 3007 homo
1299 2953 1565 3007 adversus
1589 2951 2004 3021 temperantiam

423 3047 589 3101 verba
614 3046 798 3109 faciat,
821 3061 1009 3100 verum
1038 3055 1123 3099 est
1150 3045 1520 3099 testimonium
1546 3044 1688 3113 ejus.
1719 3042 1835 3097 Non
1858 3042 2005 3097 enim

2112 1940 2292 2009 σοφία.
2330 1942 2554 2010 Ζητεῖτε
2604 1934 2696 1992 οὗν
2742 1938 2960 2010 πρῶτον
2993 1940 3089 2009 τὴν
3131 1938 3408 2008 βασιλείαν
3458 1940 3559 1992 καὶ
3602 1938 3702 2010 τήν

2108 2030 2454 2103 δικαιοσύνην
2479 2030 2574 2083 τοῦ
2609 2029 2767 2095 Θεοῦ,
2816 2030 2912 2084 καὶ
2938 2030 3080 2083 οῦτω
3115 2029 3286 2083 ταῦτα
3320 2030 3503 2083 πάντα
3534 2048 3704 2103 προε-

2109 2122 2395 2193 τεθήσεται
2427 2122 2574 2191 ὑμῖν.
2626 2138 2645 2173 ›
2685 2120 2765 2173 Τὰ
2798 2121 2908 2192 γὰρ
2956 2121 3190 2192 ἐσόμενα
3225 2121 3334 2175 τῶν
3374 2124 3703 2194 ἡγουμένων

2109 2212 2337 2284 δεύτερα
2369 2213 2628 2284 τυγχάνει
2649 2230 2662 2243 ⁸
2708 2213 2813 2266 κᾶν
2842 2214 2952 2285 γὰρ
2986 2212 3100 2285 ἔχει
3133 2214 3289 2284 λόγον
3342 2217 3375 2285 ή
3424 2215 3572 2269 κατὰ
3610 2215 3703 2269 τὸν

2110 2304 2274 2375 νόμον
2310 2304 2469 2371 σκιὰ,
2523 2305 2659 2359 ἀλλὰ
2691 2305 2800 2359 τῶν
2842 2305 3146 2377 μελλόντων
3177 2308 3400 2379 ἀγαθῶν
3438 2307 3703 2380 ἀρραϐών

2110 2415 2279 2452 εστιν.

2178 2490 2233 2545 2.
2278 2491 2517 2545 Ἰουδαῖοι
2567 2490 2858 2565 τοιγαροῦν
2894 2492 3054 2564 μέχρι
3091 2493 3364 2564 σήμερον,
3410 2490 3490 2562 τῷ
3518 2490 3702 2563 γράμ-

2113 2602 2244 2657 ματι
2288 2586 2552 2659 μᾶλλονῆ
2592 2586 2672 2656 τῷ
2719 2586 2989 2657 πνεύματι
3035 2586 3424 2657 προσέχοντες,
3460 2585 3701 2658 ἐπλανή-

2110 2678 2303 2752 θησαν.
2344 2680 2544 2731 Ἀκουε
2578 2678 2686 2748 γὰρ
2708 2678 2890 2731 αὐτῶν
2919 2677 3185 2748 λεγόντων
3206 2696 3219 2707 υ
3244 2672 3409 2741 Οὗτος
3433 2678 3461 2728 6
3484 2677 3700 2751 ἄνθρω-

2110 2789 2211 2835 πος
2244 2771 2336 2824 τὸν
2362 2772 2525 2842 νόμον
2545 2768 2675 2843 ἦλθε
2698 2769 2997 2825 καταλῦσαι
3019 2771 3112 2823 καὶ
3134 2769 3407 2824 Σάϐϐατα.
3436 2768 3578 2823 Ἀλλ’
3602 2769 3699 2823 ἐὰν

2109 2863 2326 2934 πτωχὸς
2367 2862 2514 2931 λέγει
2564 2861 2707 2916 κατὰ
2738 2862 3069 2934 χρημάτων,
3120 2862 3181 2914 οὐ
3234 2860 3695 2932 πιστευθήσεται·

2107 2956 2215 3010 οὐδ’
2250 2955 2315 3009 ἂν
2348 2956 2647 3019 ἀκόλαστος
2698 2956 2826 3026 περὶ
2873 2953 3249 3025 σωφροσύνης,
3284 2953 3493 3026 ἀληθὴς
3527 2952 3697 3006 αὑτοῦ

2109 3051 2143 3121 ή
2180 3049 2472 3122 μαρτυρία.
2506 3048 2581 3102 Οὐ
2615 3047 2723 3120 γὰρ
2755 3051 2820 3101 ἐκ
2862 3046 3155 3110 διαθέσεως
3193 3046 3556 3118 περὶτούτων
3580 3045 3698 3098 δια-

423 3157 492 3197 ex
522 3140 719 3196 allectu
751 3140 868 3197 haec
906 3139 1196 3193 allirmant.
1245 3137 1339 3192 Ille
1372 3152 1608 3207 namque
1638 3136 1762 3192 ideo
1787 3135 2005 3191 divitias

2114 3141 2458 3194 ϐεϐαιοῦνται
2478 3158 2491 3171 ·
2519 3142 2548 3193 6
2574 3140 2672 3217 μέν
2702 3140 2813 3211 γὰρ
2841 3138 2918 3209 τῷ
2944 3139 3019 3210 μὴ
3048 3137 3193 3208 ἔχειν
3224 3137 3697 3206 καταποφαίνεται

423 3234 650 3289 damnat
678 3232 824 3302 quod
846 3246 941 3286 eas
971 3231 1197 3284 minime
1234 3230 1513 3299 possideat
1542 3248 1553 3283 :
1584 3229 1676 3299 qui
1712 3244 1843 3283 vero
1869 3243 2004 3283 con-

423 3323 712 3378 tinentiam
742 3337 851 3376 non
876 3328 1078 3383 servat,
1115 3335 1291 3390 neque
1320 3335 1442 3374 cum
1479 3320 1666 3375 labore
1693 3329 2005 3391 temperan-

424 3415 558 3470 tiam
602 3422 842 3477 exercet,
896 3413 944 3468 is
988 3413 1238 3469 homines
1273 3414 1465 3468 irridet
1508 3428 1698 3467 earum
1724 3412 2005 3467 ‘virtutum

425 3509 726 3564 studiosos.
769 3505 835 3561 Et
869 3521 998 3561 vero
1028 3505 1295 3562 Dominus
1341 3514 1396 3561 et
1426 3507 1677 3561 Salvator
1704 3516 1891 3561 noster
1915 3505 2007 3561 Je-

425 3615 522 3656 sus
577 3598 853 3662 Christus,
910 3613 1100 3654 eorum
1151 3614 1457 3669 coarguens
1502 3598 1818 3663 amentiam,
1882 3599 2001 3655 ait:

431 3709 451 3744 ο
480 3689 598 3746 Non
629 3690 755 3746 veni
787 3690 1001 3745 solvere
1030 3689 1202 3760 legem
1230 3698 1323 3743 aut
1348 3690 1665 3760 prophetas,
1695 3689 1792 3744 sed
1826 3687 2005 3742 adim-

423 3784 574 3855 plere
597 3782 664 3838 ³⁸.
694 3802 713 3834 ι
741 3780 978 3852 Ideoque
1000 3781 1193 3837 beatus
1216 3780 1421 3836 Paulus
1444 3781 1559 3835 haec
1582 3780 1808 3835 scribit.
1839 3798 1857 3831 ι
1880 3778 2005 3833 Ple-

422 3873 617 3929 nitudo
646 3874 810 3945 igitur
838 3874 973 3944 legis
1005 3871 1283 3936 Christus,
1315 3873 1382 3926 ad
1409 3871 1681 3942 justitiam
1712 3871 1861 3925 omni
1886 3885 2008 3926 ere-

423 3965 574 4023 denti
593 3965 659 4020 ⁸⁹.
691 3985 710 4018 ι
742 3964 1071 4020 Accuratius
1102 3964 1308 4033 itaque,
1337 3962 1545 4028 dilecti,
1575 3961 1711 4016 illud
1738 3962 1805 4017 de
1835 3961 2008 4017 disci-

422 4056 569 4128 pulis
591 4057 1006 4112 consideremus
1037 4055 1512 4114 :consideremus.
1551 4054 1797 4125 inquam,
1822 4055 1878 4108 in
1915 4055 2006 4109 illa

421 4164 547 4218 quae
570 4148 808 4220 pr0prie,
835 4157 889 4204 et
914 4148 1033 4204 sine
1055 4147 1428 4202 additamento
1454 4148 1724 4217 sapientia
1750 4155 2003 4203 vocatur.

422 4239 550 4296 Haec
589 4241 791 4311 quippe
838 4240 1087 4294 notitiam
1137 4238 1451 4293 divinorum
1497 4237 1662 4291 habet
1716 4237 2007 4307 mysterio-

421 4349 568 4390 rum.
603 4333 730 4389 Htec
760 4334 816 4388 in
848 4338 1034 4387 mente
1056 4339 1243 4387 nostra
1266 4346 1368 4386 ceu
1400 4332 1453 4384 in
1484 4328 1652 4385 domo
1681 4330 1923 4396 habitat,
1957 4330 2004 4386 si

421 4425 723 4498 pmsertim
778 4438 917 4496 pura
975 4425 1080 4488 sit,
1149 4438 1214 4479 ac
1272 4422 1635 4492 cogitationes
1687 4420 2000 4477 observet:

2106 3233 2201 3285 τοῦ
2233 3231 2462 3285 πλούτου
2481 3249 2494 3262 ·
2529 3233 2557 3285 6
2581 3232 2637 3285 δὲ
2667 3232 2742 3303 μὴ
2777 3231 3083 3302 ἐνεργήσας
3105 3232 3171 3300 τῇ
3204 3229 3526 3301 ἐγκρατείᾳ,
3559 3228 3698 3299 μηδὲ

2111 3324 2248 3396 μετὰ
2276 3325 2438 3377 πόνου
2469 3323 2825 3395 σωφροσύνην
2848 3321 3394 3394 ἀσκήσαςρχλευάζει
3418 3322 3547 3384 τοὺς
3576 3322 3697 3374 ἐπι-

2108 3416 2427 3479 ποθοῦντας.
2466 3415 2679 3485 Ἀμέλει
2699 3418 2727 3468 6
2744 3414 2949 3485 Κύριος
2970 3401 3063 3467 καλ.
3081 3414 3273 3485 Σωτὴρ
3297 3414 3329 3484 ή
3338 3412 3457 3483 μῶν
3491 3411 3697 3485 Ἰησοῦς

2106 3510 2136 3561 6
2176 3508 2448 3579 Χριστὸς,
2480 3507 2769 3577 διελέγχων
2817 3504 2995 3560 αὐτῶν
3042 3505 3140 3577 τὴν
3191 3504 3376 3558 ἄνοιαν
3405 3544 3421 3569 ,
3468 3503 3692 3572 ἔλεγεν·

2112 3620 2131 3653 ι
2157 3601 2269 3655 Οὐκ
2295 3596 2458 3669 ἦλθον
2492 3599 2794 3654 καταλῦσαι
2838 3597 2928 3651 τὸν
2961 3597 3145 3668 νόμον,
3180 3597 3299 3650 οὐδὲ
3328 3597 3457 3660 τοὺς
3481 3598 3696 3668 προφή-

2106 3712 2227 3758 τας,
2257 3694 2393 3747 ἁλλὰ
2432 3693 2741 3764 πληρῶσαι,
2765 3712 2784 3745 ι
2836 3691 2926 3744 Διὸ
2971 3693 3065 3744 καὶ
3098 3692 3126 3743 6
3169 3691 3440 3761 μακάριος
3482 3689 3697 3752 Παῦλος

2106 3787 2330 3858 γράφει,
2362 3785 2565 3854 λέγων·
2599 3803 2617 3836 ι
2643 3785 2924 3856 Πὶήρωμα
2960 3779 3052 3837 οὖν
3085 3784 3251 3854 νόμου
3278 3784 3307 3836 6
3337 3783 3579 3853 Χριστὸς
3620 3784 3700 3845 είς

2106 3877 2455 3950 δικαιοσύνην
2488 3879 2654 3932 παντὶ
2682 3877 2761 3949 τῷ
2784 3877 3115 3932 πιστεύοντι.
3143 3896 3161 3928 ι
3196 3874 3700 3946 Κατασκεψώμεθα

2106 3967 2200 4024 οὖν
2227 3969 2524 4040 βαθύτερον
2553 3970 2682 4040 περὶ
2709 3968 2819 4022 τῶν
2862 3967 3143 4039 μαθητῶν,
3181 3968 3499 4037 ἀγαπητοί·
3531 3983 3703 4020 καταο

2109 4061 2444 4133 σκεψώμεθα
2476 4062 2541 4115 δὲ
2576 4062 2646 4127 ⁵ἐν
2692 4064 2760 4133 τῇ
2801 4061 3006 4133 κυρίως
3058 4060 3154 4114 καὶ
3203 4060 3332 4114 ἄνευ
3372 4059 3701 4131 προσθήκης

2109 4156 2272 4226 σοφίᾳ
2302 4153 2646 4225 καλουμένῃ·
2681 4152 2822 4223 αῦτη
2856 4152 2965 4224 γὰρ
3005 4151 3207 4221 γνῶσιν
3248 4151 3363 4222 ἔχει
3397 4150 3565 4205 Θεὶων
3594 4170 3700 4223 μυ-

2108 4247 2378 4320 στηρίων·
2412 4245 2551 4317 αὕτη
2587 4247 2646 4298 ἐν
2676 4248 2742 4317 τῇ
2781 4245 2992 4317 διανοίᾳ
3030 4244 3188 4316 ήμῶν
3212 4244 3292 4307 ὡς
3315 4244 3373 4298 ἐν
3403 4243 3544 4314 οἴκῳ
3567 4260 3705 4298 λατο

2106 4343 2264 4403 οικεί,
2313 4338 2412 4393 ἑὸν
2465 4338 2701 4410 μάλιστα
2739 4337 2959 4409 καθαρὰ
2987 4337 3254 4411 τυγχάνῃ,
3289 4335 3425 4408 περὶ
3460 4336 3538 4391 τὰ
3573 4339 3700 4407 νοή-

2111 4448 2256 4502 ματα
2284 4429 2656 4501 ἀσχολουμένη
2679 4446 2691 4459 ·
2723 4448 2742 4481 ‹
2766 4429 2861 4493 Εἰς
2892 4428 3001 4499 γὰρ
3032 4427 3361 4498 κακότεχνον
3387 4427 3574 4499 ψυχὴν
3600 4428 3701 4481 οὐκ

426 4536 448 4570 ο
478 4516 748 4586 Quoniam
780 4516 836 4570 in
872 4513 1193 4569 tnalevolam
1222 4512 1460 4566 animam
1490 4526 1600 4566 non
1631 4510 1881 4566 introibit
1916 4526 2005 4567 sa-

2114 4516 2476 4571 είσελεύσεται
2500 4515 2682 4586 σοφία,
2712 4516 2833 4570 οὐδὲ
2862 4518 3179 4588 κατοικήσει
3207 4517 3265 4569 ἐν
3288 4515 3507 4587 σώματι
3535 4534 3703 4570 καταο

420 4610 649 4683 pientia,
697 4622 799 4664 nec
840 4605 1108 4662 habitabit
1150 4606 1206 4660 in
1259 4620 1493 4674 corpore
1540 4604 1764 4660 subdito
1804 4619 2003 4674 pecca-

420 4704 495 4760 tis
509 4700 577 4756 ιο.
602 4722 621 4755 ›
647 4699 954 4769 Purgemus
976 4698 1163 4767 itaque
1185 4712 1309 4760 nos,
1334 4697 1541 4761 dilecti,
1568 4697 1635 4750 ab
1664 4696 1814 4751 omni
1841 4696 2005 4754 sorde

420 4797 617 4850 anima:
636 4801 691 4849 et
713 4790 982 4862 corporis,
1013 4789 1500 4859 auseultemusque
1522 4788 1849 4844 clamantem
1874 4803 2003 4860 pro-

419 4890 642 4962 phetam
679 4903 694 4940 :
729 4903 748 4937 σ
772 4883 1030 4939 Mundate
1083 4896 1305 4945 manus,
1352 4887 1675 4950 peccatores
1721 4899 1735 4936 :
1770 4889 2032 4952 purgate‘

419 4981 609 5045 corda,
649 4978 898 5049 duplices
942 4975 1128 5029 animo
1147 4974 1215 5030 “.
1248 4992 1268 5025 ›
1303 4970 1381 5025 Ita
1432 4974 1577 5027 enim
1614 4971 1739 5043 quis
1770 4971 1997 5043 potem,

417 5078 474 5124 et
519 5067 808 5125 sensibilia
840 5065 1094 5136 probare,
1146 5070 1201 5117 et
1241 5062 1545 5132 spiritualia
1581 5070 1804 5131 tenere;
1836 5074 2002 5134 atque

421 5160 537 5216 haec
572 5159 792 5229 eligere,
845 5157 915 5212 ab
962 5155 1069 5210 illis
1100 5153 1292 5224 procul
1328 5152 1601 5207 recedere.
1633 5150 2033 5218 Quemadmok

420 5250 550 5306 dum
581 5250 739 5320 probi
777 5248 1078 5319 trapezita,
1112 5246 1319 5301 bonum
1346 5245 1635 5315 eligamus,
1666 5254 1723 5301 et
1752 5244 1824 5299 ab
1851 5243 2002 5300 omni

421 5347 564 5402 mala
591 5343 775 5414 specie
802 5341 1195 5397 abstineamus.
1232 5338 1384 5394 Bona
1411 5353 1542 5409 ergo
1565 5338 1716 5394 velut
1744 5352 2002 5394 necessao

485 5544 530 5576 τ’
569 5542 774 5600 Habac.
811 5558 895 5606 ιιι,
926 5540 983 5596 2.

418 5628 505 5677 νι,
541 5615 633 5669 55.
708 5613 756 5646 ³⁸
792 5611 983 5668 Matth.
1023 5629 1078 5678 ν,
1117 5611 1204 5666 17.

1090 5540 1137 5574 ³³
1176 5539 1368 5609 Matth.
1409 5555 1481 5595 vn
1505 5579 1519 5603 ,
1557 5539 1606 5595 7.

490 5774 567 5844 (8)
604 5770 738 5838 Reg.
770 5769 1148 5841 ἀπειρόκακοι.

1720 5540 1767 5573 ³⁸
1805 5537 1825 5593 1
1858 5540 1982 5611 Cor.
2030 5555 2101 5604 tt,
2135 5540 2189 5597 6.
2267 5540 2314 5574 ³⁸
2356 5539 2484 5611 Sap.
2521 5557 2601 5609 tv,
2638 5542 2695 5597 4.

1303 5609 1360 5643 ’⁸³
1404 5610 1562 5667 Rom.
1601 5626 1657 5680 ι,
1691 5611 1749 5666 4.
1826 5610 1873 5643 ⁸ο
1917 5613 2047 5682 Sap.
2087 5628 2124 5678 ι,
2163 5612 2216 5666 4.
2292 5612 2331 5645 δ’
2376 5609 2493 5668 Jac.
2537 5629 2612 5678 tv,
2651 5614 2706 5671 8.

2110 4607 2257 4680 χρέῳ
2297 4607 2612 4680 ἁμαρτίαις.
2639 4627 2657 4659 ι
2703 4606 3105 4680 Καθαρίσωμεν
3142 4603 3237 4661 οὖν
3275 4608 3532 4672 ἑαυτοὺς,
3559 4609 3699 4677 ἀγα-

2110 4699 2294 4771 πητοὶ,
2325 4698 2433 4752 ἀπὸ
2465 4699 2667 4763 παντὸς
2717 4698 2996 4770 μολυσμοῦ
3029 4698 3208 4771 ψυχῆς
3257 4699 3353 4752 καὶ
3405 4698 3694 4771 σώματος·

2109 4788 2433 4861 ἀκούσωμεν
2464 4789 2557 4844 τοῦ
2587 4790 2868 4861 προφήτου
2901 4788 3163 4861 βοῶντος·
3200 4807 3220 4840 ‹
3254 4786 3551 4857 ’Δγνίσατε
3587 4791 3701 4861 χεῖ-

2108 4898 2229 4954 ρας,
2251 4881 2587 4954 ἁμαρτωλοὶ,
2606 4881 2942 4955 καθαρίσατε
2971 4881 3220 4954 καρδίας,
3245 4881 3481 4953 δίψυχοι.
3497 4904 3517 4934 ι
3540 4880 3699 4936 Οὕτω

2105 4973 2215 5045 γάρ
2242 4990 2329 5036 τις
2366 4973 2568 5045 δυνηθῇ
2600 4975 2694 5027 καὶ
2723 4973 2791 5028 τὰ
2836 4973 3070 5044 αἰσθητὰ
3113 4973 3456 5045 δοκιμάζειν,
3487 4973 3586 5027 καὶ
3627 4976 3694 5025 τὰ

2102 5062 2271 5136 νοητὰ
2297 5062 2548 5134 κατέχειν
2568 5080 2582 5094 ·
2612 5064 2796 5119 καὶτὰ
2826 5065 2925 5134 μὲν
2947 5064 3240 5135 αἱρεῖσθαι,
3272 5062 3384 5117 τῶν
3416 5063 3474 5118 δὲ
3502 5065 3692 5137 πόρρω

2101 5155 2376 5226 γενέσθαι.
2421 5156 2506 5220 Ὠς
2550 5156 2765 5227 δόκιμοι
2802 5155 3127 5228 τραπεζῖται
3172 5155 3234 5210 τὸ
3264 5155 3431 5209 καλὸν
3462 5154 3691 5221 ἐκλεεὼ-

2106 5244 2267 5317 μεθα,
2298 5245 2406 5300 ἀπὸ
2439 5245 2643 5310 παντὸς
2689 5247 2863 5310 εἴδους
2902 5245 3139 5318 πονηροῦ
3177 5245 3530 5317 ἀπεχόμενοι.
3567 5246 3688 5308 Τοῖς

2101 5332 2197 5393 οῦν
2222 5339 2407 5404 καλοῖς
2437 5338 2512 5403 ὡς
2537 5338 2857 5409 ἀναγκαίοις
2884 5338 3294 5413 προσέλθωμεν,
3314 5341 3430 5403 τοῖς
3452 5337 3512 5393 δὲ
3540 5337 3687 5392 ἅδεα·

2801 5544 2847 5578 ³⁸
2885 5541 2907 5597 l
2938 5541 3068 5599 Cor.
3105 5558 3158 5612 ι,
3192 5540 3288 5599 24.
3406 5539 3452 5576 ³⁸⁷
3488 5536 3677 5595 Matth.
