3870 6208
240 308 385 391 £037

1184 300 1471 358 HOMILIA
1508 299 1575 357 1N
1613 295 1819 355 ILLUD
1859 311 1873 348 :

1920 312 1940 347 ι
1981 292 2234 359 EUNTE,
2274 312 2294 346 ι
2338 290 2493 349 ETU.
3342 287 3482 345 £038

243 423 456 498 φόροις,
487 422 610 476 ὅσον
656 422 690 493 ἠ
738 420 898 492 χρεία
953 421 1195 475 ἀπαιτεῖ.
1233 420 1292 473 '0
1329 419 1438 491 γὰρ
1482 416 1708 479 πλοῦτος
1741 412 1819 484 τῷ

1934 411 2004 464 ria
2045 410 2338 476 adeamus;
2385 404 2769 467 indifferentia.
2818 410 3080 475 quantum
3113 404 3356 476 postulat
3385 423 3486 463 ne-

241 494 361 590 :th
389 494 532 586 λόγῳ
559 514 679 567 οὑδὲ
700 512 900 582 ἀγαθὸς
920 511 1039 565 οὑδὲ
1069 510 1270 582 φαῦλος
1287 511 1559 580 τυγχάνει,
1579 506 1714 562 ἀλλά
1746 507 1813 576 τῇ

238 609 558 682 προαιρέσει
592 606 684 660 τοῦ
721 607 1005 677 χρωμένου
1038 606 1116 667 εἰς
1152 605 1388 674 ἑκάτερα
1414 602 1675 673 κρίνεται.
1706 600 1816 652 Αὑ-

237 700 374 755 τίκα
398 702 427 753 6
460 699 629 769 μέγας
661 695 915 767 Ἀϐραὰμ
961 694 1216 757 πλούσιος
1254 693 1457 764 σφόδρα
1486 692 1779 761 ἐτύγχανεν
1798 703 1813 719 ·

239 793 359 849 ἀλλ’
395 793 455 844 οὐ
485 789 576 844 διὰ
612 786 771 841 τοῦτο
804 788 903 857 τῆς
946 786 1150 860 ἀρετῆς
1180 785 1469 851 ἐξέκλινεν.
1505 783 1735 854 Ὁμοίως
1761 781 1818 834 δὲ

238 886 339 940 καὶ
363 887 392 938 6
413 882 627 953 πτωχὸς
643 881 921 951 -Λάξαρος,
941 881 999 932 ὲν
1030 879 1193 950 πενίᾳ
1216 877 1312 941 ὣν,
1335 878 1415 941 είς
1444 875 1695 947 ἀνδρείαν
1727 874 1820 927 καὶ

244 974 654 1049 μεγαλοψυχίαν
684 975 750 1043 τῇ
784 972 946 1042 σοφίᾳ
974 971 1068 1024 καὶ
1095 969 1173 1041 τῷ
1210 967 1452 1039 λογισμῷ
1486 966 1815 1037 ὲνηλείφετο.

242 1066 477 1130 Οὐκοῦν,
502 1066 577 1127 ὼς
603 1063 760 1133 ἔφην,
784 1061 906 1117 οὔτε
940 1064 973 1133 ἡ
999 1060 1157 1114 πενία
1185 1060 1374 1123 κακὸν,
1400 1057 1522 1111 οὗτε
1545 1059 1574 1110 6
1596 1056 1820 1118 πλοῦτος

243 1154 482 1226 φαῦλος·
539 1151 673 1206 ἀλλά
709 1153 743 1222 ἡ
798 1150 995 1221 χρῆσις
1054 1149 1188 1219 μετά
1243 1150 1342 1219 τῆς
1386 1148 1677 1209 διαθέσεως
1724 1144 1820 1198 τοῦ

241 1244 551 1318 χρωμένου.
589 1242 803 1312 Ἀμέλει
863 1240 956 1293 τοῦ
1011 1238 1204 1293 πιστοῦ
1241 1240 1361 1303 ὅλος
1402 1241 1432 1292 6
1485 1239 1688 1309 κόσμος
1707 1234 1820 1289 θεῶν

240 1336 578 1408 χρημάτων·
616 1333 710 1386 τοῦ
737 1332 795 1385 δὲ
827 1332 1059 1385 ἀπίστου
1092 1330 1210 1385 οὑδὲ
1249 1330 1450 1392 ὀϐολός.
1473 1329 1562 1399 Τῷ
1594 1329 1692 1398 μὲν
1712 1327 1822 1400 γὰρ

243 1423 427 1495 πιστῷ
457 1423 525 1477 τά
561 1423 734 1476 πάντα
777 1421 1161 1482 ὑποτέτακται,
1198 1420 1293 1473 καὶ
1339 1418 1502 1471 δοῦλα
1533 1417 1602 1470 τὰ
1646 1417 1821 1469 πάντα

240 1515 539 1586 τυγχάνει·
585 1513 772 1583 ἐπειδὴ
824 1512 918 1565 καὶ
968 1512 1182 1565 πάντων
1232 1510 1388 1582 ἄρχει
1414 1549 1429 1573 ,
1477 1508 1573 1562 καὶ
1608 1507 1822 1561 πάντων

243 1602 610 1672 καταφρονεῖ·
660 1603 688 1653 6
723 1599 780 1651 δὲ
829 1600 1055 1662 ἄπιστος
1089 1600 1304 1652 πάντων
1343 1599 1458 1651 ἐστὶ
1494 1598 1694 1665 δοῦλος,
1727 1616 1825 1651 κυ-

247 1694 565 1765 ριευόμενος
603 1692 709 1746 ὑπὸ
760 1690 854 1745 τοῦ
911 1693 1164 1763 μαμωνᾶ,
1198 1691 1423 1762 μηδενὸς
1454 1693 1656 1762 ἄρχων,
1690 1690 1824 1745 ἀλλά

1917 502 2167 556 cessitas.
2202 500 2410 554 Divitias
2431 514 2669 569 namque
2696 498 2908 552 ratione
2942 498 3050 565 sui,
3081 514 3181 553 nec
3208 499 3364 555 bonae
3383 516 3486 557 nec

1917 592 2072 645 malae
2100 599 2268 656 sunt;
2297 590 2393 645 sed
2430 591 2631 645 utentis
2659 589 2843 644 animo
2872 591 2926 643 in
2964 599 3252 660 utramque
3275 602 3486 661 partem

1915 683 2275 738 aestimantur.
2313 679 2554 751 [tepente
2596 696 2825 751 magnus
2883 680 2976 736 ille
3015 681 3287 737 Abraham
3334 684 3490 741 dives

1919 773 2057 828 fuit:
2092 789 2194 829 nec
2235 775 2357 829 ideo
2392 788 2422 827 a
2452 774 2656 828 virtute
2686 774 3003 830 declinavit.
3042 772 3304 831 Similiter
3333 792 3488 830 men-

1918 866 2077 922 dicus
2104 866 2345 921 Lazarus
2375 865 2430 919 in
2455 871 2774 935 paupertate
2804 880 2929 919 cum
2961 865 3189 929 viveret,
3227 866 3294 919 ad
3334 866 3491 921 forti-

1916 958 2167 1013 tudinem
2198 965 2251 1012 et
2289 958 2788 1028 magnanimitatem
2816 957 3083 1027 sapientia
3118 966 3172 1011 et
3198 958 3491 1013 ratiocinio

1920 1065 2042 1105 sese
2093 1049 2472 1104 conﬁrmabat.
2520 1047 2728 1119 Itaque,
2762 1056 2822 1103 ut
2870 1048 3005 1112 dixi,
3060 1064 3162 1103 nec
3199 1062 3493 1121 paupertas

1920 1141 2122 1194 malum
2151 1149 2257 1204 est,
2287 1156 2388 1196 nec
2424 1141 2627 1194 divitia:
2661 1141 3018 1210 perniciosae;
3052 1144 3145 1196 sed
3171 1156 3304 1197 usus
3328 1149 3493 1211 atque

1921 1234 2127 1291 utentis
2162 1236 2409 1291 aﬁ‘ectus.
2452 1234 2657 1290 Fidelis
2687 1250 2821 1289 sane
2854 1235 3095 1290 hominis
3128 1243 3255 1291 sunt
3298 1249 3493 1290 omnes

1921 1326 2110 1380 mundi
2162 1341 2327 1396 opes;
2384 1326 2618 1381 inﬁdelis
2667 1341 2736 1381 ne
2783 1326 2979 1380 obolus
3026 1326 3267 1395 quidem.
3318 1323 3493 1382 Fideli

1922 1417 2066 1472 enim
2088 1418 2271 1471 omnia
2296 1417 2541 1486 subjecta
2567 1427 2717 1484 sunt,
2739 1417 2923 1471 omnia
2948 1417 3053 1487 ipsi
3071 1418 3344 1472 serviunt:
3363 1418 3494 1488 quia

1923 1509 2041 1578 ipse
2084 1511 2337 1565 omnibus
2383 1511 2614 1578 imperat
2657 1518 2712 1564 et
2745 1509 2927 1564 omnia
2977 1511 3220 1579 spernit;
3259 1509 3494 1566 inﬁdelis

1924 1608 2103 1655 autem
2133 1602 2375 1655 omnium
2405 1610 2488 1656 est
2509 1616 2721 1663 servus,
2752 1602 2855 1657 sub
2882 1600 3163 1656 dominatu
3192 1617 3493 1660 mamonae:

1924 1690 2128 1743 nemini
2155 1691 2467 1760 imperans;
2501 1692 2595 1746 sed
2629 1683 2814 1760 potius
2853 1692 2957 1747 sub
2987 1694 3230 1747 omnium
3262 1693 3495 1764 imperio

250 1784 455 1855 μᾶλλον
478 1784 799 1855 ἀρχόμενος.
828 1785 937 1837 Καὶ
966 1783 1141 1837 πάντα
1167 1784 1264 1853 μὲν
1296 1782 1365 1836 τά
1388 1782 1481 1836 τοῦ
1516 1783 1649 1856 ρεοῦ
1675 1787 1827 1853 ποιή-

1934 1790 2026 1836 est.
2064 1780 2129 1835 Et
2177 1783 2395 1851 quidem
2438 1783 2623 1836 omnia
2669 1781 2764 1838 Dei
2797 1784 3010 1852 opilicia
3060 1785 3199 1837 bona
3240 1795 3405 1851 sunt;
3439 1791 3497 1839 at

248 1854 400 1947 ματα
431 1854 600 1929 καλά·
636 1878 669 1946 ἡ
712 1876 771 1928 δὲ
819 1875 926 1928 τῶν
973 1876 1265 1946 χρωμένων
1318 1854 1558 1939 διάθεσις
1586 1854 1717 1929 πολὺ
1758 1876 1821 1929 τὸ

242 1968 505 2039 διάφορον
543 1968 677 2038 ἔχει.

319 2060 374 2113 5.
403 2059 618 2129 Ἀμέλει
638 2062 666 2112 6
689 2059 849 2128 σοφὸς
871 2059 1315 2130 Ἐκκλησιαστὴς,
1341 2059 1475 2129 μετά
1503 2059 1690 2127 σοφίας
1712 2061 1824 2122 τοῖς

249 2152 391 2204 πᾶσι
420 2149 512 2201 τὸν
549 2147 672 2201 νοῦν
711 2146 903 2200 ἑαυτοῦ
939 2148 1254 2217 ἐπιστήσας,
1311 2145 1702 2215 κατεσκέψατο,
1730 2146 1825 2197 καὶ

245 2241 465 2311 διέγνω,
496 2239 613 2303 πῶς
662 2237 875 2310 πλούτῳ
903 2240 1207 2310 χρήσηται·
1233 2236 1349 2300 πῶς
1382 2238 1570 2290 πενίαν
1598 2238 1820 2306 ἐνέγκῃ·

246 2333 370 2396 πῶς
396 2335 548 2386 νόσον
571 2332 844 2402 ὑπομένη·
879 2331 995 2393 πῶς
1014 2331 1071 2383 δὲ
1100 2331 1307 2398 ὑγίειαν
1332 2328 1626 2400 καταμίξῃ.
1658 2323 1825 2382 Αὑται

245 2425 307 2479 δέ
342 2427 481 2478 εἰσιν
514 2426 567 2477 αἱ
597 2424 806 2494 ἀρεταὶ,
826 2423 1024 2485 αἵτινες
1052 2422 1149 2492 τὴν
1180 2419 1491 2490 ἐπιμέλειαν
1511 2419 1589 2489 τῷ
1622 2419 1829 2489 ἀνθρω-

248 2516 397 2587 πίνῳ
427 2517 572 2584 γένει
606 2516 902 2569 ποιοῦνται.
953 2514 1315 2578 Ἀπεναντὶως
1347 2515 1402 2567 δὲ
1440 2516 1552 2575 τοῖς
1604 2511 1830 2583 εἰρημέ-

246 2625 361 2672 νοις
386 2609 415 2660 6
440 2607 512 2678 μὴ
548 2607 707 2675 σοφὸς
735 2605 1105 2677 διατεθήσεται
1125 2623 1138 2635 ·
1181 2605 1336 2658 τοῦτο
1367 2605 1422 2658 δέ
1446 2607 1559 2658 ἐστι
1582 2604 1643 2657 τὸ
1675 2621 1828 2675 περι-

252 2699 508 2769 σπασμὸν
556 2698 788 2769 πονηρὸν
814 2696 1054 2750 δεδόσθαι
1092 2700 1203 2760 τοῖς
1230 2699 1361 2759 υἱοῖς
1385 2696 1490 2749 τῶν
1526 2694 1827 2766 ἀνθρώπων

250 2787 410 2859 παρά
442 2787 601 2851 Θεοῦ,
632 2788 721 2840 ἵνα
751 2790 812 2841 ἐκ
860 2786 952 2840 τοῦ
980 2788 1235 2841 ἐπιπόνου
1278 2787 1498 2857 μόχθου,
1527 2786 1619 2839 καὶ
1646 2786 1742 2856 τῆς
1772 2785 1830 2840 ἐν

252 2883 368 2943 τοῖς
393 2877 689 2948 ὁρωμένοις
711 2879 1040 2949 ἀμηχανίας,
1068 2880 1160 2931 ἐπὶ
1188 2879 1285 2948 τὴν
1306 2878 1400 2930 τοῦ
1425 2878 1557 2931 Θεοῦ
1579 2878 1831 2949 πρόνοιαν

256 2973 355 3025 καὶ
386 2972 577 3038 σοφίαν
607 2970 1005 3038 καταφεύγωσι.
1040 2970 1239 3023 Τούτου
1271 2971 1430 3041 χάριν
1456 2969 1832 3040 περισπασμὸν

255 3052 281 3115 ἀ
313 3061 548 3133 πονηρὸν
576 3079 595 3111 ι
626 3060 856 3115 δέδωκεν
886 3060 1058 3123 ὁΘεὸς
1089 3062 1200 3124 τοῖς
1222 3061 1356 3123 υἱοῖς
1375 3058 1482 3113 τῶν
1511 3059 1831 3131 ἀνθρώπων,

1927 1872 2066 1928 inter
2097 1876 2365 1928 utentium
2402 1873 2628 1930 ail‘ectus
2657 1874 2849 1945 ingens
2879 1883 2966 1930 est
2994 1874 3314 1931 discrimen.

1992 2048 2157 2119 379
2186 2049 2238 2103 5.
2287 2047 2536 2105 Profecto
2582 2050 2802 2120 sapiens
2834 2049 3215 2114 Ecclesiastes,
3258 2060 3495 2107 mentem

1923 2141 2176 2196 omnibus
2208 2142 2483 2211 sapienter
2509 2144 2805 2211 applicans,
2833 2144 3200 2199 consideravit
3229 2158 3293 2199 ac
3319 2144 3493 2210 novit,

1926 2247 2032 2301 qua
2076 2233 2286 2288 ratione
2322 2233 2524 2289 divitiis
2556 2242 2840 2291 uteretur:
2871 2236 3146 2306 quomodo
3180 2238 3495 2308 pauperiem

1926 2324 2112 2389 ferret,
2140 2326 2410 2395 quomodo
2440 2326 2689 2381 morbum
2718 2328 3032 2391 sustineret,
3056 2330 3327 2399 quomodo
3347 2329 3496 2384 sani-

1925 2423 2094 2472 tatem
2122 2426 2524 2487 attemperaret.
2569 2418 2664 2474 liae
2709 2428 2836 2474 sunt
2863 2423 3092 2477 virtutes
3134 2437 3256 2493 quae
3306 2437 3495 2477 curam

1928 2510 2167 2566 humano
2194 2514 2375 2582 generi
2408 2513 2657 2569 aiTerunt.
2684 2512 2947 2586 Opposito
2976 2527 3156 2572 autem
3200 2517 3363 2573 modo
3403 2519 3498 2590 qui

1928 2602 2145 2670 sapiens
2170 2618 2277 2657 non
2306 2613 2389 2658 est
2423 2604 2645 2661 aﬁ'ectus
2682 2608 2787 2661 erit
2817 2627 2830 2662 :
2857 2608 2961 2662 hoc
3000 2617 3085 2665 est
3117 2618 3295 2665 autem
3320 2611 3449 2666 illud
3483 2629 3497 2666 :

1930 2692 2342 2760 occupationem
2369 2695 2661 2763 pessimam
2692 2696 2874 2751 datam
2898 2714 3020 2755 esse
3061 2701 3188 2756 liliis
3217 2702 3503 2757 hominum

1931 2797 1962 2836 a
1994 2781 2122 2845 Deo,
2151 2791 2211 2837 ut
2234 2799 2299 2839 ex
2326 2785 2529 2854 ingenti
2565 2788 2771 2853 labore,
2801 2798 2856 2844 et
2886 2806 3080 2862 magna
3112 2793 3165 2846 in
3196 2795 3505 2863 aspectabi-

1933 2876 2076 2929 lihus
2105 2875 2269 2932 rebus
2309 2878 2645 2945 diﬁicultate,
2671 2882 2739 2936 ad
2770 2881 2862 2938 Dei
2898 2884 3291 2954 providentiam
3340 2897 3507 2958 atque
3609 2948 3615 2953 ,

1934 2970 2254 3038 sapientiam
2282 2972 2616 3042 confugiant.
2643 2974 2851 3030 ldcirco
2872 2978 3284 3047 occupationem
3319 2997 3339 3032 ι
3377 2996 3506 3049 pes-

1936 3061 2127 3115 simam
2162 3060 2205 3093 “
2244 3081 2264 3113 ι
2299 3062 2447 3118 dedit
2474 3063 2618 3122 Deus
2659 3065 2782 3123 ﬁliis
2812 3067 3117 3135 hominum,
3151 3070 3206 3124 id
3237 3078 3321 3127 est
3355 3072 3509 3127 labo-

248 3155 551 3217 τουτέστιν,
580 3154 853 3206 ἐπίπονον.
888 3153 1008 3206 Ὅτι
1040 3152 1099 3205 δὲ
1128 3172 1146 3203 ι
1178 3153 1240 3205 τὸ
1264 3153 1495 3224 πονηρὸν
1520 3172 1537 3204 ι
1572 3152 1827 3205 ἐπίπονόν

1934 3154 2160 3208 riosam.
2200 3152 2356 3220 Quod
2385 3162 2564 3211 autem
2608 3158 2763 3222 illud,
2795 3177 2814 3210 ι
2853 3163 3171 3231 pessimum,
3202 3180 3222 3214 ι
3270 3163 3508 3233 ἰιίίρειηι

252 3247 439 3311 ἑστιν,
507 3245 672 3298 ἄκουε
731 3245 792 3298 τὸ
858 3242 976 3296 Ἰὼϐ
1033 3246 1445 3315 γεγραμμένον·
1502 3244 1634 3315 φησὶ
1685 3244 1827 3315 γάρ·

256 3338 497 3391 Ἔπεσεν
536 3340 593 3391 ὲν
623 3336 701 3407 τῷ
736 3335 854 3389 ’1ὼὸ
883 3335 1013 3407 ’έλκη
1042 3338 1274 3407 πονηρὰ,
1314 3335 1612 3395 τουτέστιν,
1642 3335 1833 3388 ἐπίπο-

250 3448 323 3485 να
339 3446 354 3460 ·
384 3430 475 3482 xai.
490 3431 544 3483 αί
568 3429 773 3498 πληγαὶ
790 3429 1063 3497 Αἰγύπτου
1086 3428 1319 3499 πονηραὶ
1342 3428 1654 3496 κέκληνται,
1678 3445 1833 3480 τουτο

255 3522 429 3585 ἐστιν,
484 3521 764 3574 ὲπίπονοι·
808 3521 896 3573 ἵνα
920 3520 1014 3573 καὶ
1046 3519 1142 3590 τὴν
1176 3520 1410 3573 διάνοιαν
1451 3519 1655 3572 ἑαυτῶν
1686 3520 1835 3589 κινή-

257 3629 429 3667 σωσιν
472 3615 520 3665 οἱ
550 3613 824 3684 ἄνθρωποι
857 3613 946 3664 ἐπὶ
982 3611 1051 3665 τά
1076 3611 1195 3666 θεῖα
1226 3612 1400 3680 λόγια,
1425 3611 1520 3664 καὶ
1546 3614 1603 3663 ὲν
1627 3610 1834 3673 τούτοις

260 3704 354 3758 ἀεὶ
403 3705 797 3776 φρονιμώτεροι
835 3704 1135 3773 γενόμενοι,
1190 3704 1525 3773 ἐπιστήσωσι
1570 3702 1661 3755 τὸν
1708 3700 1832 3755 νοῦν

255 3796 469 3851 ἑαυτῶν
511 3796 590 3866 τῷ
627 3793 874 3865 ζωοποιῷ
908 3795 1195 3865 πνεύματι.
1255 3794 1447 3848 Οἴδατε
1492 3792 1619 3863 γὰρ,
1653 3794 1734 3846 ὅτι
1776 3792 1835 3846 τὸ

260 3886 365 3959 μὲν
388 3887 621 3958 γράμμα
663 3886 992 3946 ἀποκτείνει,
1022 3886 1083 3938 τὸ
1110 3885 1167 3938 δὲ
1199 3883 1412 3955 πνεῦμα
1440 3882 1708 3948 ζωοποιεῖ.
1734 3882 1838 3936 Πό-

261 3997 342 4049 νῳ
371 3975 464 4032 οὖν
494 3980 587 4031 καὶ
615 3979 843 4048 ἀσκήσει
876 3978 973 4047 τὴν
998 3977 1095 4048 τῆς
1128 3977 1325 4048 ἀρετῆς
1358 3976 1624 4046 ὠφέλειαν
1662 3977 1838 4029 ἀστεα⁴

259 4069 518 4141 σώμεθα·
558 4068 705 4141 πόνῳ
737 4069 844 4141 γὰρ
869 4068 930 4122 τὸ
962 4068 1124 4121 καλὸν
1150 4067 1525 4140 κατορθοῦται,
1562 4066 1637 4131 ὡς
1673 4069 1701 4121 6
1737 4084 1839 4137 μα-

258 4161 455 4232 κάριος
507 4160 718 4223 Παῦλος
770 4160 965 4231 γράφει
1007 4158 1211 4226 λέγων·
1267 4177 1285 4208 ι
1311 4159 1398 4211 Ἐν
1457 4157 1718 4227 θλίψεσιν,
1780 4158 1838 4209 ὲν

259 4253 530 4321 ἀνάγκαις
563 4252 659 4322 (9),
690 4253 747 4304 ὲν
772 4251 1024 4322 πληγαῖς,
1062 4252 1118 4303 ὲν
1140 4248 1584 4314 ἀκαταστασίαις,
1619 4268 1637 4301 ι
1663 4249 1755 4301 καὶ
1771 4246 1841 4301 τά

263 4342 418 4414 ἑξῆς.
460 4341 573 4395 Καὶ
620 4341 781 4395 πάλιν
827 4344 855 4395 ό
907 4342 1068 4405 αὑτός
1116 4358 1278 4413 φησι·
1322 4359 1341 4392 ι
1382 4340 1566 4394 Πάντα
1625 4339 1837 4407 στέγω,

1937 3243 2010 3298 sit
2037 3244 2183 3313 quod
2212 3246 2564 3308 laboriosum,
2593 3251 2721 3304 audi
2752 3250 2883 3305 illud
2934 3252 2989 3306 in
3037 3251 3176 3308 libro
3218 3251 3321 3309 Job
3368 3254 3509 3309 scri-

1934 3342 2087 3404 ptum
2110 3335 2196 3390 “:
2227 3334 2558 3393 Ceciderunt
2600 3340 2657 3395 in
2697 3339 2800 3397 Job
2828 3343 3011 3399 ulcera
3043 3345 3303 3416 pessima,
3337 3346 3389 3400 id
3425 3353 3513 3401 est

1933 3425 2210 3482 laboriosa
2257 3446 2271 3481 :
2308 3438 2361 3483 et
2400 3428 2620 3501 Egypti
2664 3432 2835 3503 plaga:
2889 3452 2909 3485 ι
2947 3436 3196 3504 pessima!
3227 3453 3248 3488 ι
3298 3444 3508 3493 vocata

1934 3525 2084 3582 sunt,
2115 3519 2170 3573 id
2203 3528 2289 3576 est
2316 3521 2630 3588 laboriosae;
2662 3532 2722 3577 ut
2745 3534 2798 3579 et
2822 3532 3055 3581 mentem
3078 3542 3232 3582 suam
3262 3527 3510 3586 homines

1935 3608 2004 3662 ad
2060 3609 2244 3665 divina
2304 3614 2525 3668 oracula
2580 3616 2888 3684 concitent;
2947 3619 3004 3674 in
3071 3621 3247 3691 iisque
3295 3637 3511 3693 semper

1933 3701 2220 3770 prudentia
2246 3703 2553 3773 proﬁciant,
2584 3715 2817 3763 mentem
2848 3725 3002 3764 suam
3042 3712 3257 3767 vivilico
3310 3715 3511 3783 spiritu

1936 3791 2279 3846 conﬁrment.
2307 3792 2492 3850 Nostis
2523 3797 2668 3850 enim
2712 3798 2944 3853 litteram
2981 3800 3197 3869 quidem
3238 3802 3510 3868 occidere,

1937 3883 2189 3952 spiritum
2218 3890 2399 3939 autem
2437 3885 2733 3942 viviﬁcare.
2766 3887 2975 3944 Labore
3003 3891 3186 3960 itaque
3211 3906 3276 3946 ac
3302 3892 3515 3947 exerci-

1938 3974 2143 4029 tatione
2184 3984 2371 4031 nostra
2399 3977 2617 4033 virtutis
2646 3979 2935 4034 utilitatem
2966 3982 3377 4052 amplectamur.
3405 3982 3515 4037 La-

1937 4066 2070 4121 bore
2106 4068 2305 4139 quippe
2335 4068 2536 4124 bonum
2568 4071 2866 4140 perﬁcitur,
2898 4072 3357 4141 quemadmodum
3380 4073 3514 4128 hea-

1937 4167 2028 4214 tus
2055 4158 2257 4216 Paulus
2284 4163 2475 4217 scribit
2501 4184 2513 4217 :
2544 4182 2563 4215 ι
2594 4163 2651 4218 In
2684 4165 3149 4229 tribulationltus,
3184 4165 3241 4221 in
3270 4167 3517 4221 necessi-

1938 4252 2164 4317 tatibus,
2217 4252 2274 4307 in
2326 4253 2523 4323 plagis,
2556 4253 2611 4308 in
2662 4256 3169 4325 perturbationibus
3209 4257 3277 4321 “,
3330 4276 3351 4310 ι
3407 4268 3515 4314 etc.

1940 4341 2290 4413 Rursumque
2310 4344 2450 4399 idem
2480 4344 2557 4398 ait
2583 4363 2596 4399 :
2628 4363 2647 4397 ι
2681 4343 2874 4403 Omnia
2900 4346 3109 4416 operio,
3138 4348 3321 4402 omnia
3348 4347 3519 4403 susti-

259 4435 445 4488 πάντα
470 4434 745 4504 ὑπομένω,
777 4434 863 4488 ἵνα
894 4436 968 4505 μή
998 4452 1122 4489 τινα
1154 4432 1393 4505 ἐγκοπὴν
1422 4432 1600 4503 δῶμεν
1626 4432 1702 4503 τῷ
1731 4433 1830 4485 Εὑ-

1941 4450 2067 4500 neo.
2097 4451 2165 4491 ne
2198 4436 2341 4506 quod
2377 4436 2763 4491 oﬁ'endiculum
2796 4437 2991 4492 demus
3020 4435 3314 4509 Evaugelio
3348 4437 3516 4492 Chri-

258 4525 505 4595 αγγελίῳ
530 4526 624 4578 τοῦ
648 4523 908 4596 Χριστοῦ.
938 4544 956 4577 ι

334 4620 391 4673 AL
427 4617 608 4672 Ταῦτα
631 4617 687 4671 δὲ
715 4617 1095 4690 προεθήκαμεν
1122 4614 1201 4687 τῷ
1227 4614 1390 4686 λόγῳ,
1417 4613 1602 4686 ἐπειδὴ
1627 4614 1686 4668 τὸ
1712 4614 1842 4668 ἀνά-

262 4728 497 4781 γνωσμα
518 4710 666 4764 δοκεῖ
680 4728 818 4763 ςτινα
862 4709 1004 4779 ἔχειν
1032 4708 1189 4778 λόγον
1207 4724 1221 4740 ·
1248 4710 1382 4778 φησι
1398 4708 1535 4779 γάρ·
1562 4726 1582 4758 ι
1606 4707 1842 4777 Πορευο-

267 4804 434 4877 μένου
466 4803 522 4856 δὲ
560 4801 746 4869 αὐτοῦ,
802 4800 1207 4875 ὑπεστρώννυον
1235 4801 1304 4855 τά
1356 4800 1546 4872 ἱμάτια
1579 4799 1758 4854 αὑτῶν
1784 4800 1842 4877 ὲν

264 4874 332 4968 τῇ
364 4895 499 4965 ὁδῷ·
536 4914 555 4947 ι
594 4895 680 4949 ἵνα
722 4894 813 4948 τὸν
849 4874 1056 4966 Ἰησοῦν
1089 4891 1505 4955 ὲπίὃιὸἀσαντες
1550 4890 1626 4962 τῷ
1654 4874 1852 4962 πώλῳ,⁸

262 4986 541 5058 ἄρξωνται
574 4983 918 5056 πορεύεσθαι.
949 4984 1118 5037 Τοῦτο
1145 4983 1203 5036 δὲ
1228 4984 1375 5055 ἡμᾶς
1400 4983 1460 5036 τὸ
1493 4983 1845 5052 εὑαγγελικὸν

264 5080 511 5135 διδάσκει
545 5079 725 5151 ῥητόν.
773 5080 884 5133 Καὶ
910 5079 1052 5132 πόσα
1083 5077 1220 5143 ὅλως
1245 5078 1295 5130 οἱ
1323 5076 1609 5130 ἀπόστολοι
1656 5076 1846 5146 ίμάτια

266 5168 416 5244 εἶχον
459 5171 686 5235 ἑαυτῶν,
740 5169 877 5225 ὥστε
922 5171 991 5224 τὰ
1045 5168 1144 5241 μὲν
1175 5166 1353 5222 αὑτῶν
1403 5166 1745 5239 ὲπιρῤίπτειν
1777 5168 1842 5237 τῇ

267 5267 401 5339 ὄνῳ,
440 5267 528 5321 ἵνα
549 5266 909 5320 ὲπιὸιϐἀσωσι
949 5265 1040 5318 τὸν
1082 5262 1310 5334 Ἰησοῦν,
1339 5261 1407 5316 τά
1432 5261 1491 5315 δὲ
1534 5261 1846 5332 ὑποστρων-

269 5359 421 5415 νύειν
441 5360 503 5413 ὲν
524 5361 591 5430 τῇ
617 5357 720 5429 όδῷ
736 5374 748 5388 ⁸
788 5358 1091 5428 ἀκτήμονες
1116 5353 1328 5425 ἄνδρες,
1363 5353 1456 5406 καὶ
1478 5352 1655 5405 πάντα
1678 5367 1847 5405 κατα-

344 5536 392 5569 “
429 5534 612 5592 Eccle.
650 5551 687 5598 ι,
726 5536 813 5591 15.

346 5692 423 5763 (9)
459 5689 536 5747 Ita
569 5689 701 5763 Reg.
730 5691 785 5746 2.
821 5691 876 5745 In
908 5689 1092 5755 editis,
1122 5691 1179 5743 ὲν
1211 5687 1479 5756 ἀνάγκαις
1512 5687 1684 5741 deest.

1950 4528 2022 4584 sti
2049 4528 2116 4582 ⁸⁵.
2161 4547 2180 4579 ι

2017 4620 2072 4675 4.
2111 4618 2235 4674 Haec
2268 4628 2445 4675 autem
2498 4619 2731 4674 orationi
2776 4626 2980 4675 nostrae
3009 4618 3361 4689 pmﬁximus,
3391 4619 3521 4689 quia

1950 4726 2075 4765 cum
2108 4710 2175 4765 iis
2224 4712 2387 4766 lectio
2428 4726 2770 4766 communem
2813 4712 3105 4781 quamdam
3156 4712 3316 4765 habet
3355 4710 3523 4765 ratio—

1952 4817 2114 4867 nem;
2148 4803 2222 4856 ait
2250 4804 2393 4857 enim
2425 4823 2438 4857 :
2477 4820 2496 4854 ι
2530 4801 2706 4859 Eunte
2743 4813 2920 4857 autem
2952 4802 3066 4868 illo,
3102 4801 3526 4857 substernebant

1949 4892 2271 4947 vestimenta
2298 4908 2396 4949 sua
2420 4894 2474 4948 in
2503 4894 2589 4947 via
2612 4894 2659 4926 δ’
2687 4912 2702 4948 :
2734 4912 2753 4945 ι
2784 4902 2842 4948 ιιι
2860 4891 3047 4949 Jesum
3072 4893 3220 4963 pullo
3241 4894 3526 4962 imponen-

1949 4989 2033 5037 tes
2052 4983 2346 5052 procedere
2369 4986 2690 5055 inciperent.
2724 4985 2836 5041 Hoc
2860 4993 3040 5041 autem
3073 4984 3387 5054 evangelica
3422 4999 3528 5042 nos

1950 5074 2108 5129 docet
2159 5074 2341 5129 lectio.
2390 5074 2534 5142 Quot
2579 5091 2709 5147 ergo
2751 5076 3025 5130 habebant
3070 5073 3304 5144 apostoli
3353 5073 3527 5129 vesti-

1952 5174 2160 5229 menta,
2192 5175 2251 5221 ut
2280 5168 2386 5221 alia
2406 5167 2637 5236 quidem
2667 5167 2952 5230 injicerent
2975 5165 3030 5219 in
3065 5165 3301 5227 asinam,
3326 5170 3387 5218 ut
3420 5165 3526 5217 im-

1952 5265 2218 5328 ponerent
2274 5259 2351 5313 illi
2402 5256 2630 5325 Jesum;
2681 5258 2789 5312 alia
2839 5257 3251 5312 substernerent
3298 5253 3353 5309 in
3385 5252 3525 5308 via:

1955 5350 2055 5405 viri
2091 5350 2301 5407 scilicet
2348 5349 2792 5421 possessionibus
2818 5347 2998 5412 vacui,
3036 5344 3130 5418 qui
3178 5346 3363 5402 omnia
3392 5343 3524 5404 reliv

904 5534 1083 5590 u‘Job
1112 5551 1172 5597 ιι,
1198 5534 1249 5588 7.
1331 5533 1377 5567 ⁸⁵
1415 5531 1458 5586 ll
1487 5531 1615 5588 Cor.
1649 5548 1725 5597 vr,
1766 5532 1817 5588 ι.

1934 5534 1941 5565 ⁵
1979 5532 2002 5590 Ι
2035 5531 2164 5591 Cor.
2201 5548 2310 5601 vn,
2347 5532 2432 5588 l2.
2518 5532 2563 5566 “
2602 5530 2734 5587 Luc.
2767 5546 2895 5597 XIX,
2928 5528 3021 5587 26.
