3860 6204
228 295 341 356 ιιιι

1151 299 1446 357 ηοιιιιιΑ
1491 299 1560 356 IN
1600 299 1805 356 ILLUD
1846 314 1863 354 :
1896 318 1915 353 ι
1949 297 2201 365 EUNTE,
2237 318 2256 351 ι
2293 295 2446 353 ETC.

3302 290 3444 353 ιοιε

225 415 376 470 αὐτῶν
397 415 521 479 τοὺς
549 415 736 481 πόδας,
766 416 1016 470 ἐνδύεται
1044 417 1153 486 (ιο)
1177 417 1248 471 τά
1282 420 1472 487 ἱμάτια
1514 417 1710 472 αὐτοῦ·
1744 439 1762 470 ι

1880 416 2210 472 vestimentis
2240 416 2358 471 suis
2387 416 2439 448 "
2466 435 2479 470 :
2525 434 2544 468 ι
2574 422 2738 487 atque
2783 413 3012 471 indutus
3042 411 3283 468 cmnavit
3315 425 3445 465 cum

225 506 306 561 καὶ
353 507 687 578 ἐνδεδυμένος
725 508 1009 580 συνήσθιεν
1058 510 1261 574 αὐτοῖς.
1291 512 1453 564 Ὥστε
1483 511 1570 565 διὰ
1610 511 1767 565 τοῦτο

224 598 546 671 ὑπέστρωσαν
577 600 646 654 τὰ
673 600 862 671 ίμάτια
890 601 1069 656 αὐτῶν
1093 604 1141 655 οί
1189 602 1428 674 μαθηταὶ
1455 604 1515 657 ἐν
1539 606 1606 674 τῇ
1639 602 1763 674 ὁδῷ,

1867 507 1997 561 illis.
2034 505 2158 562 Ideo
2186 521 2318 577 ergo
2355 506 2611 577 discipuli
2652 506 3073 562 substraverunt
3119 501 3447 558 vestimenta

1868 615 1967 655 sua
1996 599 2053 654 in
2076 599 2184 663 via,
2212 615 2281 654 ne
2303 600 2360 654 in
2392 610 2536 654 terra
2561 599 2796 670 amplius
2822 595 3167 658 incedamus,
3191 607 3328 650 neve
3348 608 3445 650 stt-

224 694 298 748 ῐνιι
319 692 381 765 μὴ
407 692 499 746 ἐπὶ
536 693 639 763 γῆς
667 693 957 765 βαίνωμεν,
985 694 1119 765 μηδὲ
1153 695 1246 747 ἐπὶ
1268 694 1346 765 τῷ
1372 696 1557 766 στήθει
1583 696 1678 749 καὶ
1699 699 1765 767 τῇ

1880 706 1963 760 pra
1986 698 2175 760 pectus
2199 701 2294 746 aut
2316 699 2559 746 ventrem
2580 691 2893 762 gradiamur
2908 706 2935 755 ;.
2955 693 3052 743 sed
3075 688 3259 758 potius
3279 700 3446 758 quam

221 786 373 855 κοιλίᾳ
396 784 754 857 πορευώμεθα
776 804 791 818 ·
829 785 943 839 ἀλλ’
976 786 1099 839 ἀντὶ
1124 785 1218 839 τοῦ
1250 786 1311 838 τὸ
1361 786 1558 857 στῆθος
1609 790 1641 858 ή
1652 788 1769 857 μῶν

219 881 300 932 ἐπὶ
322 880 410 949 τῆς
437 880 542 948 γῆς
558 879 1026 943 ὲπανακλίνεσθαι,
1045 880 1410 949 ὲπικλίνωμεν
1433 882 1479 952 (l
1494 880 1541 950 1)
1570 881 1769 950 μᾶλλον

219 970 367 1041 αὐτῷ,
395 970 469 1035 ὡς
495 972 769 1041 Ἰωάννης,
816 972 909 1025 ἐπὶ
938 972 1000 1025 τὸ
1030 971 1234 1041 ρτῆθος
1275 971 1369 1025 τοῦ
1410 972 1606 1043 Ἰησοῦ.
1649 973 1769 1028 Κᾶν

217 1062 314 1134 γὰρ
338 1062 411 1115 ἔτι
456 1063 549 1115 ἐπὶ
593 1063 694 1132 τῆς
729 1062 834 1133 γῆς
858 1065 887 1117 6
912 1061 1150 1128 τοιοῦτος
1192 1063 1471 1138 διατρίϐῃ,
1508 1065 1611 1118 οὐκ
1655 1064 1769 1134 ἔχει

216 1153 327 1214 τοὺς
354 1153 515 1216 πόδας
542 1152 872 1224 συρομένους
908 1156 1000 1207 ἐπὶ
1032 1154 1130 1225 τῆς
1155 1155 1259 1225 γῆς
1278 1173 1290 1186 ⁸
1324 1155 1438 1209 ἀλλ’
1468 1157 1545 1220 ὼς
1568 1158 1596 1210 6
1623 1156 1773 1209 Παῦ-

215 1240 314 1311 λος,
341 1242 429 1295 ἐπὶ
457 1243 560 1312 γῆς
592 1243 931 1315 περιπατῶν,
965 1244 1022 1296 ὲν
1052 1243 1266 1315 οὐρανῷ
1292 1244 1594 1315 πολίτευμα
1635 1244 1768 1315 ἔχει.

278 1332 326 1385 6.
354 1350 371 1383 ι
400 1332 761 1388 Ἐπεκάθισαν
822 1331 936 1399 οὖν,
977 1336 1130 1406 φησὶ,
1164 1335 1256 1389 τὸν
1303 1337 1509 1409 Ἰησοῦν
1543 1336 1637 1389 ἐπὶ
1680 1337 1772 1390 τὸν

219 1421 392 1476 πῶλον.
412 1424 542 1487 Kal,
573 1425 938 1496 πορευομένου
964 1426 1147 1490 αὑτοῦ,
1178 1426 1534 1497 ὑπέστρωσαν
1553 1427 1622 1481 τὰ
1649 1428 1775 1499 ἱμά-

214 1533 297 1570 τια
328 1516 500 1569 αὐτῶν
538 1517 596 1571 ὲν
623 1520 687 1588 τῇ
717 1517 840 1588 ὁδῷ.
870 1519 932 1572 Ol
962 1518 1018 1571 δὲ
1047 1519 1193 1589 δχλοι
1225 1521 1276 1572 oi
1308 1521 1640 1591 προάγοντες
1673 1522 1772 1574 αὑ-

211 1606 294 1659 τὸν
316 1608 402 1659 καὶ
427 1606 842 1671 ἀκολουθοῦντες
868 1608 1115 1679 ἔκραζον,
1133 1609 1381 1678 λέγοντες
1397 1627 1412 1642 ο
1450 1610 1676 1663 Ὡσαννά
1697 1608 1775 1680 τῷ

212 1696 307 1767 υίῷ
331 1698 518 1751 Δαὸίδ·
548 1699 910 1769 εὐλογημένος
944 1700 972 1751 6
1001 1699 1293 1771 ἐρχόμενος
1320 1702 1377 1753 ὲν
1406 1701 1628 1771 ὀνόματι
1661 1703 1775 1754 Κυ-

1869 797 2036 852 supra
2062 791 2261 837 terram
2286 794 2478 855 pectus
2510 791 2761 839 nostrum
2785 782 3139 845 reclinemus,
3163 794 3330 850 supra
3358 792 3449 848 pe-

1869 881 1990 929 ctus
2006 871 2160 937 Jesu,
2183 874 2639 945 quemadmodum
2658 872 2919 935 Joannes,
2938 872 3269 928 reclinemus
3288 868 3445 924 illud.

1868 964 2004 1019 Nam
2028 966 2120 1036 qui
2144 967 2272 1022 talis
2296 974 2403 1030 est,
2429 968 2646 1023 etiamsi
2670 967 2725 1022 in
2753 974 2900 1021 terra
2923 972 3194 1029 versetur,
3217 979 3329 1018 non
3354 962 3450 1018 ha-

1872 1057 1963 1112 bet
1995 1066 2176 1113 tamen
2208 1059 2374 1129 pedes
2397 1059 2453 1114 in
2472 1068 2617 1115 terra
2639 1067 2957 1125 versantes;
2981 1057 3078 1114 sed
3107 1056 3275 1114 sicuti
3299 1054 3449 1112 Pau-

1871 1150 1979 1214 lus,
2012 1149 2142 1204 dum
2171 1152 2227 1205 in
2257 1157 2404 1207 terra
2427 1151 2691 1217 ambulat,
2714 1150 3190 1207 conversationem
3216 1162 3373 1205 suam
3392 1148 3452 1205 in

1871 1243 2028 1298 emlis
2051 1242 2231 1298 habet.

1943 1336 1999 1391 6.
2036 1354 2055 1388 ι
2093 1334 2474 1406 lmposuerunt
2520 1351 2671 1406 ergo,
2713 1354 2732 1387 ι
2768 1335 2967 1406 inquit,
3000 1355 3020 1388 ι
3061 1334 3249 1393 Jesum
3287 1350 3454 1406 super

1872 1427 2102 1498 pullum.
2134 1426 2515 1484 Euntevautem
2548 1430 2640 1482 illo
2673 1429 3096 1484 substernebant
3128 1429 3469 1484 vestimenta.

1874 1528 1974 1569 sua
2004 1513 2059 1566 in
2094 1514 2202 1568 via.
2226 1512 2426 1568 Turba:
2456 1524 2637 1569 autem
2668 1530 2791 1584 quae
2817 1515 3217 1585 praecedebant,
3243 1522 3299 1570 et
3329 1530 3457 1586 qua

1874 1607 2262 1674 sequebantur,
2285 1606 2592 1661 clamabant
2612 1605 2857 1661 dicentes
2885 1624 2898 1660 :
2925 1604 3183 1661 Hosanna
3211 1604 3325 1658 [ilio
3348 1603 3455 1658 Da-

1875 1698 1987 1759 vid,
2037 1695 2363 1752 benedictus
2390 1697 2483 1766 qui
2525 1697 2674 1752 venit
2706 1697 2759 1751 in
2794 1697 3017 1752 nomine
3057 1694 3275 1751 Domini
3315 1696 3383 1750 ".
3429 1712 3450 1748 ι

212 1788 339 1859 ρίου.
368 1807 385 1839 ι
417 1788 612 1857 Θαῦμα
642 1790 825 1843 καινὸν
852 1790 947 1843 καὶ
970 1790 1289 1861 παράδοξον,
1321 1787 1774 1861 ἀγαπητοί.*Αρα

1880 1789 2194 1843 Miraculum
2243 1804 2446 1844 novum
2475 1796 2530 1843 et
2561 1789 2911 1859 stupendum,
2942 1788 3150 1844 dilecti.
3196 1787 3455 1859 Nunquid

208 1878 310 1947 γὰρ
335 1877 532 1948 πλῆθος
567 1874 637 1950 ἦν
670 1878 926 1950 μαθητῶν
956 1881 1094 1951 μετά
1120 1880 1215 1933 τοῦ
1245 1882 1440 1952 Ἰησοῦ,
1469 1883 1567 1953 οὐχ
1598 1884 1655 1935 οἱ
1669 1882 1773 1935 δὼ-

208 1970 335 2024 δεκα
359 1967 496 2042 ἦσαν
526 1973 712 2043 μόνοι;
748 1974 857 2027 Kal
882 1975 998 2037 πῶς
1035 1974 1237 2044 πλῆθος
1261 1975 1490 2029 ἐνταῦθα
1522 1976 1776 2046 σημαίνει

206 2063 264 2115 τὺ
290 2063 646 2132 Εὐαγγέλιον;
704 2063 864 2118 Ἀλλὰ
889 2065 1027 2134 τάχα
1057 2066 1152 2118 καὶ
1193 2065 1413 2134 ἄγγελοι
1455 2065 1602 2137 αὐτῷ
1634 2084 1774 2137 συμ-

207 2156 473 2223 παρῆσαν,
504 2154 600 2207 καὶ
626 2154 885 2224 δυνάμεις
920 2155 1060 2209 θεῖαι
1093 2155 1241 2226 αὐτῷ
1268 2157 1626 2228 ὲμαθήτευον.
1662 2157 1778 2229 Πρὸ

204 2244 307 2315 γὰρ
334 2247 559 2319 Πέτρου,
591 2248 686 2300 καὶ
724 2248 995 2313 Ἰωάννου,
1020 2251 1115 2303 καὶ
1137 2250 1247 2303 τῶν
1277 2250 1498 2315 λοιπῶν,
1538 2250 1777 2321 Γαϐριὴλ

205 2337 349 2409 αὐτῷ
386 2339 779 2408 μαθητεύεταν
819 2341 981 2405 αὐτὸς
1018 2342 1126 2413 γάρ
1179 2342 1327 2395 ἔστιν
1375 2343 1404 2394 6
1450 2342 1778 2406 ἀποσταλεὶς

206 2429 337 2501 πρὸς
371 2430 467 2501 τὴν
499 2433 564 2484 ἐκ
597 2431 906 2502 σπέρματος
929 2433 1091 2486 Δαδὶδ
1121 2435 1602 2505 μεμνηστευμένην
1633 2452 1777 2507 παρ-

204 2520 352 2574 θένον
388 2524 626 2594 Μαρίαν.
664 2525 837 2590 Αὐτός
868 2527 1014 2578 ἐστιν
1042 2526 1070 2577 6
1109 2525 1301 2595 λέγων,
1336 2522 1534 2597 «τΑρον
1561 2526 1621 2579 τὸ
1650 2543 1775 2580 παι-

201 2609 328 2678 δίον,
364 2614 458 2666 καὶ
490 2613 656 2683 φεῦγε
689 2617 768 2679 εἰς
807 2616 1100 2687 Αἴγυπτον.
1132 2637 1151 2669 ι
1184 2618 1356 2681 Αὐτός
1386 2619 1532 2670 ἐστιν
1564 2618 1593 2668 6
1625 2619 1774 2689 εἰρη-

202 2702 344 2766 κώςν
383 2722 400 2754 ι
426 2704 648 2776 Πνεῦμα
678 2707 832 2775 ἅγιον
871 2708 1221 2761 ἐπελεύσεται
1250 2710 1343 2761 em
1390 2709 1470 2771 σὲ,
1503 2709 1597 2762 καὶ
1622 2707 1780 2762 δύνα-

204 2811 295 2865 μις
332 2794 583 2864 Ὑψίστου
629 2799 935 2852 ἐπισκιάσει
964 2816 1066 2853 σοι.
1089 2819 1109 2851 ι
1144 2800 1317 2863 Αὐτός
1349 2801 1496 2853 ἐστιν
1534 2802 1564 2853 6
1594 2802 1686 2854 καὶ⁵
1720 2802 1778 2853 ὲν

200 2883 279 2955 τῷ
307 2886 555 2957 μνημείῳ
580 2888 915 2953 ἀποκυλίσας
942 2890 1033 2943 τὸν
1063 2889 1210 2944 λίθον
1227 2907 1242 2920 ·
1275 2890 1433 2953 αὑτός
1460 2891 1609 2943 ἐστιν
1631 2893 1659 2945 6
1683 2891 1780 2945 καὶ

198 2980 320 3042 ταῖς
366 2979 610 3047 γυναιξὶν
665 2980 1177 3054 εὐαγγελισάμενος,
1223 2985 1316 3038 καὶ
1362 2983 1563 3039 εἰπών’
1614 3004 1633 3036 ι
1664 2986 1779 3041 Οὐκ

1875 1877 2271 1948 discipulorum
2299 1878 2592 1933 multitudo
2616 1893 2741 1933 cum
2771 1876 2903 1934 Iesu
2929 1878 3082 1933 erat?
3112 1892 3297 1933 nonne
3324 1879 3459 1933 duo-

1876 1969 2052 2024 decim
2089 1968 2193 2022 soli
2241 1968 2432 2023 erant?
2463 1967 2669 2039 Ecquid
2723 1984 2856 2039 ergo
2910 1970 3318 2049 multitudinem
3362 1969 3457 2025 hic

1878 2060 2084 2114 indicat
2117 2059 2511 2129 Evangelium?
2564 2058 2671 2115 Sed
2723 2060 2978 2117 fortassis
3011 2061 3189 2132 angeli
3236 2076 3458 2133 quoque

1878 2151 2106 2206 aderant
2135 2152 2235 2215 illi,
2265 2167 2329 2205 ac
2358 2151 2557 2207 divina:
2580 2153 2813 2209 virtutes
2838 2169 2938 2225 pro
2965 2154 3255 2224 discipulis
3275 2165 3455 2212 erant.

1878 2243 2013 2298 Nam
2057 2253 2183 2299 ante
2230 2242 2477 2308 Petrum,
2508 2242 2776 2302 Joannem
2823 2260 2888 2301 ac
2923 2248 3187 2316 reliquos,
3235 2244 3456 2302 Gabriel

1878 2338 2055 2408 ipsius
2085 2344 2171 2394 est
2194 2337 2499 2401 discipulus
2534 2356 2548 2393 :
2595 2339 2714 2409 ipse
2758 2353 2994 2408 namque
3035 2339 3240 2396 missus
3269 2345 3354 2395 est
3385 2337 3465 2394 ad.

1879 2429 2107 2484 Mariam
2152 2430 2418 2501 virginem
2460 2446 2527 2486 ex
2563 2431 2773 2486 semine
2815 2428 2986 2484 David
3012 2469 3027 2494 ,
3069 2431 3471 2500 desponsatam»

1881 2522 2017 2577 viro.
2045 2521 2166 2593 ipse
2200 2532 2286 2579 est
2315 2524 2410 2593 qui
2438 2523 2511 2577 ait
2542 2542 2555 2578 :
2588 2541 2607 2573 ι
2638 2521 2840 2593 Accipe
2887 2539 3114 2594 puerum
3141 2530 3197 2579 et
3232 2523 3361 2595 fuge
3396 2524 3456 2579 in

1878 2611 2176 2684 Egyptum
2201 2614 2271 2666 “.
2319 2633 2340 2666 ι
2378 2612 2497 2685 Ipse
2528 2622 2614 2670 est
2639 2615 2731 2685 qui
2762 2614 2901 2669 dixit
2945 2633 2958 2669 :
2997 2634 3031 2667 ι.
3049 2614 3287 2685 Spiritus
3328 2629 3457 2671 san-

1880 2713 2003 2761 ctus
2030 2706 2378 2776 superveniet
2404 2708 2460 2761 in
2486 2713 2560 2772 te,
2581 2717 2636 2762 et
2656 2707 2832 2762 virtus
2860 2706 3130 2763 Altissimi
3161 2707 3460 2764 obumbra-

1880 2800 1961 2855 bit
1993 2801 2093 2856 tibi
2123 2799 2191 2857 ".
2230 2819 2250 2852 ι
2274 2799 2407 2870 .lpse
2434 2808 2520 2856 est
2567 2799 2947 2871 quilapidem
2994 2800 3053 2853 in
3105 2807 3461 2855 monumento

1879 2893 2207 2949 revolvebat.
2262 2891 2387 2963 Ipse
2432 2901 2516 2948 est
2565 2894 2660 2963 qui
2710 2892 3036 2948 mulieribus
3093 2891 3462 2947 annuntiabat

1877 2985 2105 3040 dicens:
2145 3002 2166 3037 ι
2194 2984 2331 3041 -Νοιι
2362 2993 2448 3040 est
2480 2985 2568 3039 hic
2596 3000 2762 3054 quem
2807 2985 3054 3055 quaeritis
3103 3002 3118 3039 :
3157 2983 3396 3040 surrexit
3427 2999 3460 3040 ι

193 3066 342 3122 ἔστιν
372 3062 496 3136 ὧδε,
524 3070 583 3123 ὃν
612 3071 850 3141 ζητεῖτε·
883 3074 1081 3146 ἀνέλστη
1103 3076 1167 3129 ὲκ
1194 3075 1301 3129 τῶν
1333 3075 1563 3146 νεκρῶν,
1585 3075 1774 3149 ὥσπερ

1881 3077 2135 3143 mortuis,
2175 3077 2320 3134 sicut
2360 3077 2518 3132 dixit.
2557 3075 2765 3137 Venite,
2805 3077 3001 3148 inquit,
3031 3076 3211 3134 videte
3253 3078 3458 3141 locum,

193 3162 407 3234 εἴρηκε.
429 3163 616 3227 Δεῦτε,
647 3167 833 3237 φησὶν,
860 3167 997 3221 ῐδετε
1035 3169 1127 3221 τὸν
1164 3169 1348 3231 τόπον,
1403 3170 1535 3224 ὅπου
1564 3170 1773 3226 ἔκειτο·

195 3252 310 3305 ίδοὺ
342 3256 574 3326 προάγει
603 3257 747 3327 ὑμᾶς
775 3260 854 3322 είς
876 3258 976 3329 τὴν
1000 3259 1309 3325 Γαλιλαίαν,
1333 3263 1452 3315 ἐκεῖ
1474 3262 1633 3315 αὐτὸν
1651 3263 1779 3333 ὅψε-

193 3342 311 3396 σθε.
341 3364 360 3395 ι
395 3345 485 3398 Διὸ
533 3347 628 3399 καὶ
677 3350 705 3402 6
736 3351 1018 3423 προφήτης
1054 3352 1160 3422 πρὸ
1196 3353 1391 3407 πολλοῦ
1428 3354 1527 3426 βοᾷ
1569 3356 1773 3425 λέγων’

197 3452 218 3485 ι
256 3435 519 3490 Γαλιλαία
544 3438 653 3492 τῶν
686 3440 876 3506 ἐθνῶν,
924 3444 953 3496 6
1000 3442 1129 3507 λαὸς
1170 3446 1199 3498 6
1230 3445 1538 3517 καθήμενος
1565 3449 1622 3501 ἐν
1651 3448 1779 3502 σκό-

188 3541 299 3591 τει,
339 3523 449 3581 εἶδε
497 3524 613 3599 φῶς
665 3531 830 3601 μέγα.
855 3552 876 3584 ›
913 3534 1022 3587 Kal.
1049 3534 1269 3603 ἄγγελοι
1302 3532 1395 3591 οῦν
1429 3538 1578 3608 αὐτῷ
1608 3539 1782 3612 μαθη-

187 3617 476 3689 τευόμενοι
524 3620 847 3675 διακονοῦσι.
890 3624 1047 3699 «Καὶ
1099 3625 1231 3691 ἰδοὺ,
1282 3628 1465 3697 φησὶν,
1517 3628 1567 3681 οί
1614 3630 1780 3699 ἄγγε-

186 3709 275 3764 λοι
309 3711 636 3783 προσῆλθον,
660 3714 753 3766 καὶ
770 3713 1050 3785 διηκόνουν
1069 3715 1236 3787 αὐτῷ.
1263 3736 1284 3769 ι
1316 3719 1427 3773 Kal
1460 3721 1658 3786 πάντες
1682 3724 1782 3776 αὐ-

185 3803 271 3877 τῷ
317 3805 718 3877 μαθητεύοντες
755 3808 865 3879 (12)
897 3810 1209 3882 χαίρουσιν·
1247 3813 1554 3885 ("Hggster
1576 3834 1596 3868 ι
1642 3816 1778 3890 γὰρ,

186 3900 387 3969 φησὶν,
426 3917 445 3951 ι
479 3900 625 3954 ἅπαν
669 3901 731 3956 τὸ
768 3901 972 3973 πλῆθος
1016 3902 1122 3958 τῶν
1158 3904 1415 3977 μαθητῶν
1441 3907 1652 3979 χαίρειν
1679 3926 1779 3979 χα-

188 3991 298 4063 ρὰν
330 3993 595 4066 μεγάλην.
618 4012 638 4046 ι

261 4084 320 4138 7.
357 4086 517 4156 Ζητῶ
548 4083 662 4151 οὖν,
692 4088 784 4142 ἐπὶ
815 4087 922 4142 τίνι
952 4089 1230 4163 χαίρουσιν
1257 4094 1305 4150 οἱ
1333 4093 1571 4165 μαθηταὶ
1604 4096 1695 4148 καὶ
1722 4096 1780 4149 al

181 4172 338 4229 θεῖαι
360 4176 639 4247 δυνάμεις,
664 4180 759 4232 καὶ¹
790 4180 1072 4253 χαίρουσιν
1100 4182 1376 4247 αἰνοῦντες
1402 4184 1494 4238 τὸν
1513 4185 1644 4239 Θεὸν
1670 4203 1782 4255 φω-

180 4269 252 4338 νῇ
297 4268 546 4340 μεγάλη;
580 4265 727 4343 ΊΓΑρα
762 4271 842 4324 ὅτι
888 4274 917 4326 6
964 4272 1168 4345 Κύριος
1212 4275 1305 4328 ἐπὶ
1356 4275 1513 4345 ψιλοῦ
1559 4278 1779 4349 ὀναρίου

180 4361 510 4433 ὲκαθέσθης
554 4364 663 4416 Kal
692 4363 781 4417 διὰ
810 4364 969 4419 τοῦτο
1003 4366 1283 4437 χαίρουσιν
1325 4370 1373 4422 οἱ
1421 4368 1659 4439 μαθηταὶ
1687 4372 1781 4425 καὶ

1881 3168 1973 3224 ubi
1997 3168 2207 3239 positus
2232 3175 2370 3224 erat.
2394 3168 2533 3224 Ecce
2561 3168 2827 3238 praecedet
2853 3184 2951 3225 vos
2972 3169 3029 3224 in
3052 3168 3351 3235 Galilaeam,
3382 3171 3459 3227 ibi

1878 3275 2002 3314 eum
2031 3261 2291 3316 videbitis
2322 3262 2387 3316 ⁸³.
2424 3280 2443 3313 ι
2492 3259 2674 3328 Quare
2705 3261 2801 3317 diu
2833 3270 2996 3317 antea
3041 3262 3305 3333 propheta
3343 3262 3460 3317 cla-

1879 3362 2123 3406 maverat
2159 3371 2172 3407 :
2214 3371 2231 3404 ι
2272 3351 2492 3408 Galilrea
2524 3352 2788 3422 gentium,
2824 3355 3059 3424 p0pulus
3105 3354 3199 3423 qui
3236 3354 3460 3411 sedebat

1880 3445 2223 3509 intenebris,
2253 3446 2389 3500 vidit
2417 3446 2593 3503 lucem
2627 3463 2879 3520 magnam
2921 3448 2988 3503 ".
3025 3468 3044 3501 ι
3090 3446 3233 3518 Ergo
3268 3456 3323 3503 et
3360 3461 3461 3502 ana

1881 3535 1987 3605 geli
2036 3544 2098 3591 ut
2160 3537 2417 3608 discipuli
2466 3541 2515 3595 ei
2568 3541 2904 3597 ministrant.
2951 3558 2975 3591 ο
3023 3538 3089 3593 Ει
3133 3554 3282 3604 ecce,
3360 3541 3457 3605 ait,

1879 3628 2054 3697 angeli
2114 3640 2499 3695 accesserunt,
2531 3639 2585 3687 et
2617 3633 3005 3688 ministrabant
3052 3632 3103 3687 ei
3134 3631 3180 3663 '°
3208 3630 3284 3685 ε’»
3311 3630 3460 3687 Gau-

1879 3718 2120 3789 dentque
2168 3734 2361 3776 omnes
2403 3723 2497 3792 qui
2541 3738 2571 3778 e
2618 3723 3013 3794 discipulorum
3068 3722 3189 3792 ejus
3227 3738 3459 3778 numero

1881 3818 2030 3867 sunt.
2090 3810 2225 3865 Nam
2258 3831 2276 3863 ι
2319 3823 2636 3884 cmperunt,
2693 3817 2807 3879 ait,
2853 3817 3032 3872 omnis
3082 3816 3244 3872 turba
3290 3814 3460 3872 disci-

1882 3905 2134 3976 pulorum
2165 3905 2403 3977 gaudere
2424 3908 2625 3978 gaudio
2646 3923 2845 3980 magno
2870 3909 2937 3965 “.
2980 3928 3000 3962 ι

1952 4086 2003 4142 7.
2034 4085 2231 4153 Quaero
2262 4087 2465 4160 itaque,
2503 4090 2635 4160 quid
2670 4105 2852 4146 causae
2885 4097 2971 4146 est
3017 4092 3164 4162 quod
3198 4092 3456 4164 discipuli

1878 4188 1933 4237 et
1958 4180 2157 4237 divina!
2186 4183 2417 4238 virtutes
2462 4182 2758 4254 gaudeant,
2810 4184 2919 4239 imo
2960 4185 3232 4255 gaudeant
3261 4201 3458 4257 magna

1878 4286 2015 4326 voce
2054 4270 2224 4327 Deum
2255 4272 2582 4328 laudantes?
2610 4272 2749 4326 Num
2779 4273 2906 4328 ideo
2931 4274 3173 4344 gaudent
3197 4274 3457 4346 discipuli

1882 4381 1946 4420 ac
1971 4366 2171 4423 divina:
2199 4367 2451 4429 virtutes,
2481 4366 2629 4437 quod
2655 4365 2922 4422 Dominus
2948 4367 3039 4422 vili
3082 4368 3252 4423 asello
3294 4369 3461 4424 veha-

179 4453 248 4507 αί
300 4453 447 4507 θεῖαι
495 4456 769 4527 δυνάμεις,
805 4458 885 4510 ὅτι
931 4460 960 4512 6
1006 4460 1209 4531 Κύριος
1258 4461 1352 4516 ἐπὶ
1400 4461 1619 4533 ὀναρίου
1671 4464 1775 4517 ὲπ-

1882 4454 2006 4508 tur?
2031 4470 2151 4526 qua:
2174 4462 2329 4509 tanta
2353 4456 2666 4525 imperitia?
2693 4455 2777 4511 An
2804 4458 3004 4527 gaudio
3043 4456 3267 4529 dignum
3300 4467 3385 4515 est
3410 4460 3458 4516 si

175 4548 433 4615 ωχεῖτο;
473 4548 568 4611 Τίς
616 4550 650 4619 ἡ
698 4548 933 4619 τοσαύτη
984 4550 1377 4623 ἀπειροκαλία;
1422 4552 1548 4607 Ἐάν
1573 4570 1657 4617 τις
1688 4555 1781 4608 ἐπὶ

176 4633 318 4689 ὄνου
354 4634 615 4707 καθεσθῇ,
649 4640 824 4709 χαρᾶς
855 4637 1001 4704 ἄξιόν
1035 4641 1184 4705 tam;
1218 4641 1329 4694 Kal
1364 4641 1457 4695 ἐπὶ
1483 4642 1658 4714 τούτῳ
1693 4660 1779 4706 τις

176 4727 407 4796 ὀφείλει
454 4729 683 4800 χαίρειν,
711 4730 805 4783 καὶ
848 4730 1021 4784 ταῦτα
1053 4732 1103 4783 οἱ
1135 4732 1228 4785 τοῦ
1256 4733 1463 4805 Κυρίου
1499 4734 1776 4806 μαθηταί;

192 4819 355 4888 Ἐγὼ
393 4821 493 4874 οὐκ
516 4818 669 4893 οἶμαι
696 4822 782 4876 διὰ
809 4823 966 4877 τοῦτο
1000 4825 1209 4903 χαίρειν
1249 4826 1374 4889 τοὺς
1402 4826 1649 4899 μαθητὰς
1680 4828 1781 4897 τοῦ

1885 4547 2011 4616 quis
2039 4548 2207 4602 asello
2245 4548 2513 4602 vehatur?
2539 4549 2622 4602 An
2655 4548 2778 4604 ideo
2807 4549 3121 4616 laetandum,
3146 4560 3202 4607 et
3234 4551 3457 4623 quidem

1885 4635 2099 4692 Domini
2130 4637 2449 4706 discipulis?
2485 4636 2605 4692 Non
2655 4639 2892 4710 putarim
2933 4655 3035 4709 ego
3072 4640 3195 4694 ideo
3221 4640 3459 4711 gaudere

1884 4729 2187 4799 discipulos
2233 4728 2386 4794 Jesu,
2441 4731 2678 4786 maxime
2724 4732 3086 4802 pmsentibus
3141 4731 3369 4802 angelis,
3398 4737 3467 4786 ut

1885 4822 2328 4877 memoravimus.
2389 4819 2471 4876 llli
2524 4837 2761 4893 namque
2794 4822 2980 4878 sciunt
3019 4838 3127 4893 qua
3172 4822 3242 4878 de
3286 4837 3455 4878 causa

189 4910 390 4982 Ἰησοῦ
407 4929 420 4942 ·
454 4912 685 4983 μάλιστα
707 4916 801 4968 καὶ
823 4914 1069 4985 ἀγγέλων
1086 4917 1267 4980 αὐτοῖς
1290 4919 1574 4983 συνόντων,
1600 4918 1775 4984 καθὼς

1884 4912 2153 4981 gaudeant
2186 4927 2201 4966 :
2248 4928 2464 4983 semper
2492 4916 2636 4968 enim
2674 4915 2937 4969 nonnulla
2969 4914 3177 4973 vident.
3219 4929 3453 4984 quorum

177 5004 537 5074 ὑπεθέμεθα.
573 5006 799 5060 Ἐκεῖνοι
836 5008 947 5079 γὰρ
982 5007 1149 5073 ἴσασι,
1191 5008 1279 5062 διὰ
1314 5012 1442 5062 ποῖα
1481 5011 1775 5082 πράγματα

1880 5019 2046 5060 causa
2089 5005 2325 5075 gaudere
2364 5006 2489 5061 illos
2521 5006 2794 5061 convenit.
2830 5004 3064 5061 Attende
3111 5005 3279 5068 enim,
3319 5006 3451 5077 quid

174 5094 473 5167 χαίρουσι.
517 5098 742 5162 Πάντως
777 5098 886 5170 γὰρ
918 5098 1084 5170 ὁρῶσί
1109 5117 1255 5165 τινα,
1306 5101 1391 5170 ἐφ’
1427 5096 1683 5167 οἷςᾶξιον
1712 5099 1775 5173 ἦν

1882 5096 2027 5150 dicat
2050 5096 2402 5169 Evangelium
2431 5116 2444 5152 :
2474 5099 2695 5168 gavisos
2720 5114 2816 5154 eos
2849 5099 3040 5166 fuisse,
3080 5114 3100 5149 ι
3132 5112 3298 5167 super
3334 5113 3455 5151 om-

171 5186 401 5250 αὐτοὺς
429 5188 661 5260 χαίρειν.
681 5190 924 5260 Πρόσχες
944 5188 1072 5260 γὰρ,
1096 5190 1149 5243 τί
1172 5208 1305 5261 φησι
1328 5191 1389 5245 τὸ
1416 5192 1775 5261 Εὕαγγέλιον·

1880 5189 2042 5245 nibus
2079 5205 2216 5260 quas
2269 5188 2517 5244 Viderant
2545 5190 2844 5246 virtutibus
2890 5191 2955 5244 ".
2994 5208 3015 5243 ι
3075 5188 3223 5257 Quas
3268 5196 3449 5243 autem

170 5275 275 5330 ὕει
293 5274 518 5350 ἔχαιρον
546 5295 564 5328 ι
591 5279 682 5331 ἐπὶ
700 5277 908 5342 πασῶν,
930 5271 1003 5333 ὧν
1024 5274 1184 5345 εἶδον,
1206 5280 1505 5352 δυνάμεων.
1533 5282 1706 5346 ιιΟἷας
1721 5282 1775 5336 δὲ

1880 5283 2108 5337 virtutes
2132 5281 2392 5338 videbam
2416 5282 2694 5351 discipuli,
2722 5296 2847 5337 cum
2878 5281 3143 5337 Dominus
3170 5280 3338 5336 asina
3362 5276 3451 5335 in-

257 5432 319 5464 “
381 5430 541 5486 Joan.
574 5448 702 5496 xm,
738 5432 792 5491 4,
833 5434 1002 5495 5,1⁶2.
1079 5435 1125 5467 ⁸⁵
1165 5433 1358 5490 Matth.
1388 5452 1516 5496 χχι,
1550 5435 1671 5491 7-9.

1880 5436 2052 5490 llatth.
2091 5452 2128 5492 ιι
2154 5478 2168 5492 .
2205 5436 2291 5490 l3.

169 5504 239 5570 6,
284 5503 346 5558 7.
424 5503 470 5543 ⁵ο
509 5502 611 5558 lsa.
646 5519 735 5568 Ix,
776 5504 907 5563 με.
985 5506 1030 5537 ⁶⁶
1071 5505 1259 5560 Matth.
1302 5523 1375 5571 Iv,
1412 5508 1498 5561 Η.
1575 5508 1628 5539 δι’
1663 5506 1773 5563 Luc

1880 5525 1956 5572 lx,
1989 5508 2079 5563 '57.
2154 5507 2200 5539 “
2236 5507 2367 5562 ibid.

2396 5437 2442 5469 ⁸⁷
2481 5435 2615 5493 Luc.
2654 5453 2706 5501 ι,
2742 5436 2833 5492 58.
2935 5438 2982 5471 ⁸⁸
3019 5434 3210 5492 Matth.
3242 5448 3487 5501 xxvm,_

259 5659 388 5727 (lOl
426 5658 539 5730 βεδε
586 5658 973 5713 ὲνδιδῦσκεται.

261 5659 388 5727 (101
426 5659 539 5730 Reg
586 5659 973 5713 ὲνδιδῦσκεται.

261 5731 317 5799 (Ι
338 5731 388 5801 1)
421 5729 551 5801 Reg.
582 5730 1048 5801 ὲπανακλίνωμεν.

1958 5660 2070 5732 (12)
2105 5659 2199 5717 Sic
2230 5659 2362 5732 Reg.
2390 5659 2530 5716 Editi
2562 5674 2713 5726 vero,
2743 5661 3136 5724 διακονοῦντες.
