3832 6216
354 315 494 375 {0&6

1488 310 1546 367 S.
1583 298 2043 364 ATHANASIUS.
2078 330 2148 341 —
2187 292 2455 351 SPURIA.

3455 286 3610 332 ιυκ

353 427 738 486 clderet‘!Non
772 437 891 485 erat
916 431 1069 500 parvi
1102 445 1192 486 res
1237 430 1521 493 momenti,
1557 426 1650 482 sed
1700 438 1796 495 per
1837 421 1917 474 rei

2027 415 2274 485 δυνάμεις
2310 410 2578 482 ἐθεώρουν
2620 408 2670 461 oi.
2716 403 2972 478 μαθηταὶ,
3021 403 3078 455 ἐν
3124 397 3200 469 τῷ
3237 391 3607 500 ἐπικαθέσθμξ

353 524 501 579 illius
522 524 715 578 seriem
732 524 1238 593 contemplabantnr
1255 522 1511 595 mysteria
1528 518 1772 590 quaedam
1792 515 1923 569 divi-

353 628 562 685 nasque
580 615 831 671 virtutes.
861 616 1001 669 Audi
1039 616 1196 687 381
1224 616 1368 671 enim
1386 615 1720 668 Salvatorem
1743 608 1924 662 dicen-

353 716 464 764 tem
503 727 517 763 :
557 728 575 761 ε
606 708 878 765 Gaudium
904 709 1009 764 erit
1033 709 1088 762 in
1117 711 1257 764 coelo
1301 722 1467 778 super
1492 720 1602 759 uno
1636 711 1923 772 peccatore

353 799 731 869 pmnitentiam
765 808 977 869 agente,
1006 814 1167 868 quam
1212 813 1376 868 super
1403 795 1697 864 nonaginta
1728 806 1920 847 novem

348 891 519 962 justis
545 892 639 961 qui
669 907 779 946 non
808 891 1050 961 indigent
1084 889 1399 960 pcenitentia
1429 888 1492 943 ⁸³.
1530 907 1548 939 ι
1576 885 1757 952 Quare
1794 883 1922 937 alibi

352 982 516 1038 docet
548 998 643 1038 eos
680 982 911 1052 loquens
951 982 1009 1035 in
1063 981 1382 1051 parabolis:
1424 997 1444 1029 ‹
1480 977 1655 1032 Homo
1701 974 1921 1046 quidam

351 1075 562 1130 habens
592 1081 809 1130 centum
834 1088 985 1137 oves,
1013 1073 1058 1128 si
1081 1072 1345 1126 erraverit
1376 1085 1483 1125 una
1511 1084 1577 1124 ex
1603 1070 1704 1131 eis,
1740 1081 1923 1121 nonne

351 1167 614 1238 relinquit
640 1166 934 1237 nonaginta
971 1180 1189 1228 novem,
1213 1180 1333 1233 qua:
1367 1177 1476 1215 non
1506 1167 1845 1222 erraveraut,
1869 1165 1924 1211 et

350 1258 502 1313 vadit
533 1273 776 1328 qurerere
805 1271 922 1312 eam
950 1270 1071 1324 qua:
1102 1253 1345 1309 erravit?
1372 1251 1437 1304 Et
1468 1250 1747 1305 inveniens
1780 1262 1921 1313 eam,

350 1349 550 1422 gaudet
581 1364 746 1418 super
766 1362 884 1402 eam
909 1347 1101 1417 magis,
1127 1360 1289 1415 quam
1323 1359 1487 1413 super
1512 1339 1803 1409 nonaginta
1831 1353 1925 1393 uo-

349 1455 497 1501 vem,
530 1455 649 1509 qua:
672 1453 780 1492 non
807 1443 1126 1493 erraverunt
1156 1434 1218 1489 ⁸⁵.
1251 1453 1269 1485 ι
1306 1431 1436 1498 Qua:
1465 1430 1607 1485 enim
1639 1443 1744 1482 non
1773 1441 1927 1480 erra-

349 1537 566 1595 verunt,
607 1544 717 1582 non
756 1535 916 1598 egent
963 1525 1303 1597 pmnitcntia.
1357 1522 1456 1575 llic
1510 1522 1693 1588 itaque
1743 1516 1923 1586 pullus

350 1622 515 1676 etiam
556 1621 676 1675 ovis
709 1627 955 1681 vocatur,
984 1625 1038 1673 et
1064 1618 1206 1671 filius
1243 1612 1642 1669 adolescentior
1684 1628 1696 1663 :
1734 1626 1751 1660 ι
1793 1607 1924 1662 Ovis

348 1711 520 1775 enim,
556 1709 753 1779 inquit,
783 1724 974 1763 errans
1017 1707 1192 1761 factus
1222 1713 1307 1759 est
1348 1703 1579 1773 populus
1611 1716 1766 1755 meus
1804 1699 1868 1750 ⁸⁵.
1898 1715 1917 1747 ι

348 1801 416 1856 Ει
448 1801 616 1855 alibi:
655 1819 674 1852 ι
715 1798 980 1869 Cognovit
1018 1798 1116 1852 bos
1143 1796 1694 1867 possessorem2suum
1733 1798 1788 1845 ct
1817 1789 1922 1842 asi-

349 1906 456 1947 nus
502 1906 742 1961 prmsepe
787 1889 991 1944 domini
1046 1889 1132 1943 sui
1180 1888 1245 1942 ⁸⁸.
1285 1905 1304 1938 ι
1354 1885 1482 1940 Item
1518 1902 1531 1937 :
1571 1902 1588 1934 ι
1631 1881 1800 1935 Filius
1830 1879 1919 1933 hic

350 1998 507 2038 meus
536 1982 935 2036 adolescentior
960 1980 1209 2050 perierat,
1241 1986 1294 2033 et
1322 1978 1574 2032 inventus
1606 1981 1691 2029 est
1725 1992 1739 2029 :
1774 1986 1927 2027 mor-

350 2083 479 2128 tuus
508 2081 644 2137 erat,
676 2080 732 2126 et
761 2069 955 2125 revixit
980 2070 1043 2122 ‘7.
1080 2086 1103 2120 ι

423 2245 476 2302 8.
512 2245 634 2301 Haec
666 2246 847 2315 itaque
875 2244 1145 2300 omniain
1186 2259 1245 2300 se
1294 2241 1600 2312 suscipiens
1634 2237 1916 2302 Dominus,

352 2336 629 2391 hominem
673 2334 872 2398 induit,
916 2341 971 2390 et
1013 2334 1171 2404 quasi
1213 2333 1332 2389 ovis
1360 2333 1427 2386 ad
1456 2330 1789 2385 occisionem
1818 2329 1921 2384 du-

352 2438 476 2482 ctus
507 2434 612 2491 est,
650 2442 715 2481 ac
765 2426 910 2481 sedit
956 2440 1122 2496 super
1177 2425 1429 2486 asellum,
1477 2432 1534 2477 et
1564 2429 1816 2476 mortuus
1838 2425 1922 2474 est

353 2525 528 2588 atque:
559 2518 805 2588 sepultus
849 2515 1161 2572 secundum
1210 2514 1542 2584 Scripturas.
1602 2510 1671 2565 Et
1719 2524 1921 2580 corpus

351 2611 572 2682 quidem
623 2611 742 2678 ejus
775 2608 993 2680 jacebat
1042 2607 1100 2662 in
1150 2614 1522 2671 monumento,
1569 2605 1745 2661 deitas
1790 2619 1921 2659 vero

353 2704 484 2774 ejus
502 2701 777 2757 infernum
818 2701 1117 2772 spoliabat;
1168 2706 1330 2769 atque
1363 2700 1607 2755 solvebat
1641 2695 1922 2766 compedi-

353 2805 463 2856 tos,
511 2794 753 2864 captivos
806 2793 1126 2857 redimebat,
1179 2799 1536 2861 mortuosque
1590 2789 1918 2844 vivificabat.

351 2884 488 2942 Ideo
510 2901 742 2955 namque
771 2885 825 2938 in
854 2899 1072 2939 crucem
1102 2882 1350 2938 ascendit
1381 2882 1448 2937 de
1480 2882 1702 2936 inimico
1735 2880 1924 2934 trium-

354 2980 552 3049 phans,
590 2987 751 3048 atque
777 2978 957 3032 factus
990 2991 1091 3046 pro
1124 2975 1283 3031 nobis
1322 2974 1691 3036 maledictum,
1722 2972 1924 3043 spinis-

353 3085 461 3139 que
493 3077 822 3133 eoronatus,
855 3075 914 3123 ut
948 3082 1050 3121 nos
1084 3083 1150 3122 ex
1183 3067 1289 3120 lata
1330 3066 1618 3121 adversum
1669 3079 1768 3119 nos
1797 3080 1925 3120 sen-

354 3159 528 3213 tentia
557 3159 868 3214 redimeret.
900 3157 1035 3211 Nam
1065 3157 1273 3212 Adamo
1308 3158 1514 3211 dictum
1557 3154 1661 3210 fuit
1695 3176 1708 3211 :
1748 3174 1767 3207 ι
1802 3154 1925 3226 Spi-

354 3267 459 3305 nas
510 3250 837 3320 germinabit
886 3249 985 3302 tibi
1020 3256 1163 3303 terra
1193 3248 1238 3279 °°
1289 3266 1302 3303 :
1359 3267 1377 3299 ι
1437 3248 1617 3314 Quare
1667 3261 1926 3302 coronam

355 3341 600 3411 spineam
634 3342 851 3410 accipit,
885 3340 1264 3409 calamumque
1310 3338 1547 3394 dexterae
1594 3339 1713 3407 ejus
1743 3339 1929 3392 manui

355 3429 680 3498 gestandum
723 3437 985 3499 pararunt
1004 3445 1031 3496 ;.
1052 3437 1110 3482 ut
1140 3443 1205 3483 eo
1235 3430 1504 3497 serpentis
1534 3426 1694 3482 facile
1721 3428 1925 3481 caedem

355 3529 615 3590 patraret.
650 3518 782 3574 Item
809 3535 907 3590 pro
946 3519 1215 3589 serpentis
1265 3533 1497 3585 veneno,
1548 3518 1692 3588 quod
1740 3518 1928 3573 hausit

353 3609 527 3664 Adam
576 3609 632 3663 in
662 3609 937 3680 paradiso,
974 3611 1088 3680 ipse
1137 3624 1238 3680 pro
1270 3610 1428 3665 nobis
1488 3610 1610 3665 felle
1666 3615 1721 3664 et
1773 3616 1927 3665 aceto

354 3709 594 3771 potatur.
627 3701 693 3754 Et
724 3717 822 3772 pro
847 3709 999 3758 costa
1043 3717 1110 3756 ex
1143 3717 1251 3771 qua
1294 3701 1493 3772 prodiit
1534 3701 1665 3766 Eva,
1700 3702 1816 3772 ipse
1846 3702 1927 3756 la-

358 3800 449 3847 tus
479 3808 637 3848 suum
672 3795 902 3862 praebuit
932 3794 1338 3865 perforandum.
1365 3793 1557 3849 Mulier
1581 3794 1713 3858 Eva,
1732 3795 1928 3850 mulier

356 3882 550 3951 Maria,
579 3900 647 3938 ex
676 3899 785 3954 qua
839 3892 1002 3939 natus
1050 3892 1134 3939 est
1186 3883 1461 3941 Christus.
1516 3884 1692 3940 Homo
1728 3886 1923 3951 Adam,

356 3977 522 4032 homo
549 3976 711 4031 etiam
740 3992 900 4046 quem
925 3976 1178 4032 Christus
1208 3977 1474 4047 gestabat.
1500 3976 1790 4034 Paradisus
1809 3986 1927 4033 erat

354 4081 420 4121 ex
455 4082 563 4137 quo
600 4067 771 4121 Adam
826 4067 1033 4136 ejectus
1085 4075 1201 4135 est;
1257 4069 1542 4138 paradisus
1587 4069 1715 4124 item
1764 4083 1926 4139 quem

354 4156 553 4223 latroni
577 4160 789 4228 aperuit
819 4160 1090 4216 Christus.
1123 4160 1223 4216 Hic
1252 4162 1435 4232 itaque
1460 4162 1641 4232 pullus
1671 4169 1927 4233 peccator

355 4262 501 4301 unus
525 4255 629 4311 est,
655 4250 1030 4318 pceniteutiam
1054 4266 1241 4323 agens,
1273 4268 1435 4323 quem
1465 4253 1627 4308 solvit
1661 4252 1925 4316 Dominus

355 4352 425 4393 ex
454 4338 656 4393 diaboli
694 4341 951 4408 vinculis,
979 4343 1047 4398 de
1092 4360 1205 4413 quo
1254 4344 1508 4414 gaudium
1552 4354 1654 4408 est,
1707 4360 1817 4400 non
1867 4345 1923 4399 in

2021 511 2086 579 τῇ
2121 483 2226 577 ὄνῳ
2254 503 2345 559 τὸν
2372 501 2613 574 Ἰησοῦν;
2654 500 2768 552 Οὐκ
2797 493 2866 568 ἦν
2899 494 3051 565 ψιλὸν
3084 492 3145 544 τὸ
3177 483 3610 579 πρᾶγμα,-ἀλλὰ

2136 575 2233 668 τῆς
2268 597 2505 667 ἱστορίας
2536 592 2801 663 ἐθεώρουν
2841 587 2961 642 τινὰ
2992 585 3263 657 μυστήρια
3309 578 3406 633 καὶ
3433 575 3605 629 δυνά-

2030 709 2149 763 μεις
2193 690 2359 753 θείας.
2383 690 2581 741 ’Ἄκουε
2631 685 2737 755 γάρ
2770 681 2862 735 τοῦ
2910 679 3160 748 Σωτῆρος
3207 674 3473 741 λέγοντος,
3518 670 3606 722 ὅτι

2028 762 2045 834 ἀ
2088 781 2246 853 Χαρὰ
2271 781 2479 849 γίνεται
2522 780 2577 830 ἐν
2609 773 2820 845 οὐρανῷ
2847 773 2940 825 ἐπὶ
2970 771 3049 824 ἑνὶ
3079 762 3388 838 ἁμαρτωλῷ
3424 777 3602 853 μετ-αἶ-

2022 872 2256 935 νοοῦντι,
2296 871 2445 943 ἢέπὶ
2484 869 2835 937 ἐννενήκοντα
2865 862 3016 917 ἐννέα
3050 858 3298 919 δικαίοις,
3322 854 3518 913 οἵτινες
3535 851 3603 904 οὐ

1976 964 1979 969 ’
2022 964 2207 1036 χρείαν
2231 963 2411 1033 ἔχουσι
2454 959 2755 1030 μετανοίας.
2780 977 2798 1021 ι
2821 955 2910 1008 Διὸ
2938 955 3031 1006 καὶ
3056 953 3113 1003 ἐν
3130 949 3301 1019 ἑτέρῳ
3318 946 3602 1036 ἐδίδασκεν

2021 1034 2236 1118 αὖτοὺς,
2261 1054 2432 1121 λέγων
2459 1053 2517 1105 ἐν
2549 1048 2884 1121 παραϐολαῖς
2905 1062 2919 1075 ’
2947 1063 2964 1094 ι
3010 1039 3326 1109 Ἄνθρωπός
3351 1054 3433 1099 τις
3457 1034 3602 1103 ἔχων

2022 1146 2212 1199 ἐκατδν
2259 1146 2523 1216 πρόϐατα,
2570 1143 2664 1195 ἐὰν
2708 1136 2953 1206 πλανηθῇ
3004 1133 3061 1186 ἓν
3107 1132 3166 1195 ἐξ
3215 1127 3415 1193 αὐτῶν,
3464 1124 3594 1194 οὐχὶ

2028 1237 2217 1307 ἀφίησι
2249 1236 2319 1289 τὰ
2350 1237 2703 1305 ἐννενήκοντα
2750 1230 2902 1285 ἐννέα
2942 1227 3011 1280 τὰ
3066 1223 3139 1295 μὴ
3184 1218 3611 1297 πεπλανημένα,⁴

2022 1329 2116 1381 ml.
2150 1329 2439 1399 πορεύεται
2487 1325 2664 1398 ζητῶν
2692 1325 2751 1377 τὸ
2797 1320 3247 1389 πεπλανημένον;
3283 1314 3391 1367 Καὶ⁸
3419 1310 3602 1382 εὑρὼν

2023 1420 2175 1484 αὐτὸ,
2203 1419 2376 1489 χαρὰν
2409 1419 2517 1489 (ίὸ)
2549 1418 2728 1487 χαίρει
2764 1416 2849 1468 ἐπ’
2881 1411 3027 1482 αὐτῷ
3064 1409 3261 1480 μᾶλλον
3293 1406 3325 1478 ἢ
3358 1406 3451 1459 ἐπὶ⁵
3476 1407 3598 1468 τοῖς

2023 1512 2371 1581 ἐννενήκοντα
2399 1510 2552 1563 ἐννέα
2582 1512 2695 1571 τοῖς
2719 1506 2791 1579 μὴ
2823 1502 3256 1574 πεπλανημένοις
3275 1515 3291 1530 ο
3337 1519 3355 1549 ι
3389 1496 3458 1550 τὰ
3486 1495 3603 1566 γὰρ

2027 1602 2101 1673 μὴ
2134 1601 2521 1674 πεπλανημένα
2554 1602 2743 1672 χρείαν
2784 1600 2885 1651 οὐκ
2935 1596 3119 1666 έχουσι
3155 1591 3459 1664 μετανοίας.
3495 1583 3602 1642 Οἶδα

2024 1711 2114 1757 τος
2159 1690 2251 1747 οὖν
2299 1697 2327 1747 6
2373 1694 2550 1755 πῶλος
2597 1692 2691 1744 καὶ
2733 1689 3001 1762 πρόϐατον
3042 1689 3304 1745 καλεῖται,
3354 1682 3449 1736 καί¹
3485 1680 3601 1744 υίὸς

1956 1758 1999 1813 Β
2024 1783 2303 1854 νεώτερος.
2334 1800 2352 1832 ι
2381 1780 2655 1855 Πρόϐατον
2702 1758 2829 1849 γὰρ,
2885 1777 3036 1847 φησὶ,
3083 1771 3431 1840 πλανώμενον
3478 1770 3602 1835 ἐγε-

2025 1872 2160 1942 νήθη
2211 1874 2238 1925 6
2276 1871 2401 1935 λαός
2448 1887 2582 1941 μου·
2624 1889 2642 1921 ι
2676 1869 2770 1922 καὶ
2815 1866 3008 1921 πάλινε
3046 1883 3065 1914 ι
3110 1862 3291 1931 Ἔγνω
3341 1858 3465 1930 βοῦς
3506 1857 3598 1909 τὸν

2025 1963 2387 2033 κτησάμενον,
2425 1961 2518 2013 καὶ
2560 1960 2679 2021 ὄνος
2715 1958 2812 2027 τὴν
2865 1955 3070 2024 φάτνην
3115 1951 3207 2004 τοῦ
3258 1949 3450 2019 κυρίου
3495 1947 3598 1999 αὺ-

2022 2054 2151 2107 τοῦ·
2186 2072 2204 2104 ι
2240 2053 2355 2115 καὶ,
2392 2071 2411 2103 ι
2458 2052 2516 2104 Ὀ
2543 2049 2658 2113 υἱός
2694 2066 2792 2120 μου
2831 2040 2985 2110 οὗτος
3025 2048 3053 2098 6
3080 2042 3340 2113 νεώτερος
3385 2038 3599 2093 ἀπολω-

2024 2143 2132 2208 λὼς
2162 2140 2250 2214 ἦν.
2280 2145 2371 2197 καὶ
2401 2141 2596 2213 εὑρέθη
2618 2158 2631 2170 ·
2663 2139 2855 2210 νεκρὸς
2881 2135 2971 2208 ἦν,
3007 2137 3101 2191 καὶ
3129 2134 3409 2204 ἀνέζησεν.
3454 2151 3472 2182 ι

2094 2235 2161 2290 8,
2190 2235 2375 2288 Ταῦτα
2425 2230 2517 2288 οὖν
2566 2232 2743 2286 πάντα
2788 2233 2868 2294 εἰς
2913 2229 3103 2283 ἑαυτὸν
3151 2224 3599 2294 ἀναδεξάμενοςὸ

2025 2327 2249 2399 Κύριος,
2281 2325 2564 2397 ἄνθρωπον
2599 2322 2901 2382 ἐνεδύσατο,
2936 2320 3030 2373 καὶ
3075 2318 3151 2379 ὼς
3198 2315 3470 2386 πρόϐατον
3505 2314 3598 2366 ἐπὶ

2029 2418 2242 2489 σφαγὴν
2281 2417 2442 2489 ἤχθη,
2486 2417 2579 2469 καὶ¹
2624 2415 2716 2467 ἐπὶ
2755 2412 2969 2484 ὀναρίου
3038 2407 3327 2479 ἐκαθέσθη,
3362 2407 3457 2459 καὶ
3487 2406 3598 2459 ἀπ-

2028 2512 2207 2575 έθανε,
2229 2511 2322 2563 καὶ
2351 2506 2702 2579 ἐτάφη,.κατά
2724 2504 2822 2569 τάς
2840 2503 3077 2575 Γραφάς.
3099 2502 3210 2555 Καὶ
3230 2500 3290 2554 τὸ
3317 2499 3414 2571 μὲν
3441 2497 3599 2568 σῶμα

2026 2598 2195 2654 αὐτοῦ
2224 2600 2400 2653 ἔκειτο
2428 2601 2485 2653 ἐν
2525 2597 2603 2668 τῷ
2639 2595 2907 2668 μνημείῳ,
2944 2594 2976 2664 ἡ
3001 2593 3057 2645 δὲ
3086 2590 3276 2660 θεότης
3302 2586 3595 2643 ἐσκύλευσε

2025 2694 2117 2747 τὸν
2147 2693 2311 2765 ᾅδην·
2361 2692 2455 2745 καὶ
2506 2689 2663 2742 ἔλυσε
2710 2688 2838 2749 τοὺς
2878 2683 3308 2753 πεπεδημένους,
3344 2681 3441 2734 καὶ
3477 2678 3597 2732 ἐλυ-

2025 2783 2224 2855 τροῦτο
2243 2784 2369 2846 τοὺς
2404 2779 2799 2852 αἰχμαλώτους,
2836 2772 3242 2838 καιέζωοποίει
3273 2770 3596 2834 τοὺςρτεθα-

2029 2873 2390 2945 νατωμένους.
2428 2871 2527 2925 Διά
2576 2870 2735 2922 τοῦτο
2788 2867 2896 2937 γὰρ
2946 2867 3037 2920 καὶ
3092 2865 3185 2916 ἐπὶ
3233 2863 3323 2916 τὸν
3367 2859 3597 2933 σταυρὸν

2028 2967 2313 3037 ἀνέρχεται
2362 2961 2710 3034 θριαμϐεύων
2758 2959 2849 3012 τὸν
2900 2956 3112 3028 ἐχθρὸν,
3164 2956 3259 3008 καὶ
3309 2952 3597 3021 γενόμενος

2030 3057 2168 3128 ὑπὲρ
2196 3054 2349 3127 ἡμῶν
2377 3054 2611 3123 κατάρα,
2638 3051 2732 3103 καὶ
2765 3047 3196 3117 στεφανούμενος
3229 3044 3289 3108 ἐξ
3325 3041 3594 3103 ἀκανθῶν,

2029 3149 2115 3201 ἵνα
2149 3148 2247 3219 τῆς
2299 3145 2595 3215 γενομένης
2640 3141 2763 3195 καθ’
2808 3139 2964 3210 ἡμῶν
3007 3136 3331 3207 ἀποφάσεως
3386 3132 3598 3186 ἐλευθε-

2032 3238 2198 3310 ρώσῃ.
2232 3237 2493 3291 Λέλεκται
2522 3233 2631 3304 γὰρ
2655 3232 2734 3302 τῷ
2771 3231 2963 3301 Ἀδὰμ,
2995 3230 3075 3282 ὅτι
3112 3247 3130 3278 ι
3176 3224 3439 3288 Ἀκάνθας
3469 3226 3597 3277 ἁνα-

2027 3331 2169 3384 τελεῖ
2203 3347 2281 3383 σοι
2315 3330 2348 3398 ἡ
2377 3328 2446 3398 γῆ
2466 3343 2479 3358 '
2515 3346 2534 3378 ι
2563 3325 2642 3378 διὸ
2666 3324 2765 3378 τὸν
2791 3322 2848 3389 ἐξ
2882 3319 3135 3375 ἀκανθῶν
3171 3318 3433 3387 στέφανον
3465 3318 3595 3369 ἀνα-

2027 3422 2259 3492 δέχεται,
2294 3421 2385 3472 καὶ
2418 3416 2659 3486 κάλαμον
2691 3416 2757 3485 τῇ
2795 3412 2941 3482 δεξιᾷ
2979 3408 3142 3463 αὐτοῦ
3175 3408 3319 3479 χειρὶ
3344 3405 3595 3475 κατέχειν

2028 3514 2465 3587 παρεσκεύασαν,
2495 3511 2581 3564 ἵνα
2616 3509 2703 3562 διὰ
2730 3506 2920 3560 τούτου
2951 3503 3043 3558 τοῦ
3073 3504 3247 3572 ὄφεως
3280 3500 3477 3572 ῥᾳδίως
3503 3497 3598 3567 τὴν

2027 3586 2304 3677 ἀναίρεσιν
2353 3605 2660 3673 ποιήσηται.
2700 3599 2855 3653 Οὕτω
2886 3596 2994 3667 γὰρ
3042 3595 3200 3649 πάλιν
3239 3592 3360 3646 ἀντὶ⁸
3391 3588 3485 3643 τοῦ
3518 3586 3597 3642 ίοῦ

2026 3697 2121 3751 τοῦ
2153 3698 2348 3766 ὄφεως,
2395 3688 2455 3748 οὗ
2491 3691 2785 3764 μετέλαϐεν
2842 3689 3013 3759 Ἀδὰμ
3045 3689 3101 3740 ἐν
3147 3685 3225 3756 τῷ
3264 3683 3597 3756 παραδείσῳ,

2027 3788 2189 3852 αὐτὸς
2226 3788 2366 3857 ὑπὲρ
2405 3784 2562 3857 ἡμῶν
2606 3782 2769 3853 χολὴν
2824 3779 2939 3851 μετ’
2967 3778 3120 3843 ὄξους
3164 3776 3471 3840 ποτίζεται·
3506 3774 3600 3827 καὶ

2026 3880 2146 3934 ἀντὶ
2195 3880 2293 3949 τῆς
2351 3877 2609 3948 πλευρᾶς,
2642 3874 2699 3940 ἐξ
2732 3870 2800 3944 ἦς
2831 3871 3050 3942 ἐξῆλθεν
3092 3866 3226 3933 Εὔα,
3280 3865 3443 3928 αὐτὸς
3500 3863 3599 3934 τὴν

2029 3972 2222 4025 ἑαυτοῦ
2247 3970 2486 4042 πλευρὰν
2533 3967 2803 4038 παρέσχεν
2855 3966 2934 4025 εἰς
2991 3961 3224 4031 σφαγήν.
3275 3959 3418 4030 Γυνὴ
3466 3955 3597 4013 Εὕα,

2027 4064 2163 4133 γυνὴ
2195 4062 2403 4133 Μαρία,
2434 4060 2494 4125 ἐξ
2538 4056 2605 4132 ἧς
2635 4055 2895 4127 ἐγεννήθη
2930 4056 2958 4106 6
3000 4052 3250 4125 Χριστός.
3281 4049 3600 4119 Ἀνθρωπος

2027 4157 2055 4208 6
2100 4154 2289 4224 Ἀδὰμ,
2325 4150 2629 4223 ἄνθρωπος,
2663 4149 2720 4201 ὃν
2752 4148 3010 4219 ἐφόρεσεν
3053 4148 3081 4198 ὁ
3114 4143 3367 4214 Χριστός.
3414 4142 3601 4213 Παρά-
3696 4220 3701 4226 4

2026 4246 2221 4309 δεισος.
2270 4244 2330 4309 ἐξ
2379 4237 2439 4297 οὗ
2484 4242 2745 4312 ἐξεϐλήθη
2797 4242 2826 4293 6
2891 4238 3093 4309 Ἀδάμ·
3146 4234 3493 4307 παράδεισος,
3542 4232 3600 4286 ὃν

2027 4336 2227 4408 ἀνέῳξε
2252 4335 2330 4406 τῷ
2357 4335 2525 4406 λῃστῇ
2558 4337 2586 4388 6
2610 4332 2858 4405 Χριστός.
2889 4326 3056 4394 Οὗτος
3084 4325 3175 4383 οὖν
3203 4331 3231 4381 ὁ
3259 4325 3435 4388 πῶλος
3466 4328 3494 4379 6
3521 4319 3603 4389 εἷς

354 4438 509 4486 terra
537 4432 717 4496 modo,
753 4434 848 4488 sed
880 4436 1040 4489 etiam
1077 4435 1133 4489 in
1172 4437 1348 4492 caelis.
1392 4436 1528 4491 Cum
1575 4435 1738 4507 igitur
1785 4438 1924 4493 solu-

2032 4430 2350 4503 ἁμαρτωλός
2397 4430 2568 4491 ἐστιν,
2621 4429 2648 4480 6
2682 4425 2978 4497 μετανοῶν,
3007 4424 3065 4477 ὃν
3093 4422 3279 4475 ἔλυσεν
3321 4420 3349 4472 ὁ
3400 4417 3601 4491 Κύριος

354 4532 447 4577 tus
489 4525 669 4595 pullus
709 4524 902 4581 fuisset
945 4542 976 4580 a
1019 4527 1325 4599 discipulis,
1371 4528 1649 4585 adducunt
1695 4545 1818 4585 eum
1856 4530 1924 4584 ad

2029 4522 2095 4574 ἐκ
2137 4521 2244 4574 τῶν
2272 4518 2363 4573 τοῦ
2407 4518 2653 4573 διαϐόλου
2691 4515 2924 4586 δεσμῶν,
2963 4515 3090 4586 περὶ
3126 4508 3187 4568 οὗ
3217 4510 3363 4585 χαρά
3393 4511 3602 4579 γίνεται

353 4610 566 4677 Jesum,
596 4614 943 4686 gaudentque
974 4616 1171 4687 gaudio
1204 4632 1403 4689 magno
1446 4638 1460 4675 :
1504 4621 1630 4675 item
1662 4620 1839 4688 angeli
1872 4628 1928 4675 et

354 4705 557 4794 divinae
583 4707 812 4763 virtutes
841 4710 1080 4779 gaudent
1110 4725 1274 4780 super
1295 4727 1360 4766 eo
1382 4713 1472 4781 qui
1505 4714 1738 4783 perierat
1759 4720 1813 4768 et
1842 4712 1927 4767 in-

354 4807 551 4853 ventus
603 4806 707 4855 est.
745 4797 848 4865 Qui
888 4801 1055 4871 igitur
1098 4802 1167 4858 iis
1198 4818 1320 4872 quae
1370 4804 1630 4866 diximus,
1670 4811 1928 4860 accurate

352 4890 596 4945 animum
632 4892 993 4962 applicuerit,
1041 4900 1096 4947 et
1138 4895 1450 4965 evangelica
1489 4897 1656 4952 verba
1699 4897 1926 4970 mystice

352 4979 565 5049 legerit,
596 4980 643 5036 is
691 4996 823 5036 sane
850 4983 1161 5052 perspiciet,
1209 4983 1356 5040 hunc
1390 4986 1600 5055 pullum
1637 5001 1760 5042 esse
1794 5001 1925 5057 pec-

351 5075 596 5123 eatorem
625 5069 922 5153 Adamum,
957 5071 1092 5127 Cum
1127 5073 1257 5128 dico
1280 5074 1567 5133 Adamum.
1609 5076 1926 5132 universum

351 5172 524 5226 genus
556 5158 853 5215 humanum
878 5162 1138 5232 intellige.
1170 5161 1270 5217 Hic
1290 5176 1420 5233 ergo
1440 5165 1620 5235 pullus
1652 5174 1776 5220 ante
1806 5164 1928 5221 Sal-

351 5252 559 5308 vatoris
590 5252 908 5318 adventum,
935 5252 1067 5310 feris
1096 5262 1216 5309 erat
1243 5255 1550 5325 subjectus,
1572 5256 1925 5328 quemadmo-

350 5342 483 5400 dum
514 5346 747 5402 antehac
766 5347 1027 5403 diximus.
1046 5345 1214 5403 Feras
1236 5362 1370 5403 voco
1390 5363 1608 5405 omnem
1637 5348 1923 5405 adversam

354 5498 639 5632 mt’iléttc.
675 5521 766 5570 xv,
806 5506 859 5560 7.
931 5505 978 5539 ”
1017 5503 1205 5560 Matth.
1240 5521 1407 5570 xviii,
1446 5503 1513 5559 t2
1584 5504 1669 5560 l3.

425 5721 537 5792 (l3)
578 5721 708 5792 Reg.
742 5723 903 5791 χαρᾷ.

1777 5505 1821 5538 ⁸⁵
1862 5503 1964 5558 lsa.
1999 5517 2133 5565 Lm,
2169 5498 2222 5554 6.

2028 4614 2090 4668 οὐ
2117 4614 2274 4685 μόνον
2321 4611 2412 4665 ἐπὶ
2454 4611 2554 4680 τῆς
2587 4612 2709 4681 γῆς,
2756 4607 2892 4661 ἀλλά
2940 4608 3033 4660 καὶ
3081 4607 3139 4658 ἐν
3188 4608 3301 4668 τοῖς
3331 4604 3597 4674 οὐρανοῖς.

2029 4705 2185 4760 Μετά
2212 4699 2306 4758 οὖν
2352 4702 2413 4756 τὺ
2444 4702 2671 4772 λυθῆναι
2702 4701 2792 4755 τὸν
2834 4699 3010 4752 πῶλον
3054 4698 3159 4751 ὑπὸ
3184 4695 3290 4750 τῶν
3323 4693 3597 4766 μαθητῶν,

2031 4799 2284 4870 φέρουσιν
2312 4794 2473 4848 αὐτὸν
2504 4794 2639 4866 πρὸς
2666 4793 2758 4846 τὸν
2804 4790 3030 4862 Ἰησοῦν.
3064 4789 3158 4843 καὶ
3210 4786 3459 4859 χαίρουσι
3507 4802 3601 4856 χα-

2035 4888 2134 4962 ράν
2175 4886 2447 4960 μεγάλην·
2484 4885 2563 4938 ἔτι
2600 4884 2706 4955 μὴν
2740 4883 2831 4937 καὶ
2862 4882 3082 4950 ἄγγελοι
3120 4881 3214 4934 καὶ
3261 4878 3402 4932 θεῖαι
3447 4877 3601 4931 δυνά-

2034 4997 2156 5050 μεις
2186 4978 2465 5049 χαίρουσιν
2499 4977 2591 5030 ἐπὶ
2617 4976 2695 5046 τῷ
2723 4974 3024 5030 ἀπολωλότι
3065 4974 3159 5027 καὶ
3204 4970 3501 5043 εὑρεθέντι.
3544 4970 3599 5021 ’0

2026 5068 2121 5126 οὖν
2165 5068 2441 5140 ἐπιμελῶς
2482 5067 2760 5140 προσέχων
2797 5070 2909 5130 τοῖς
2954 5064 3289 5134 λεγομένοις,
3340 5061 3432 5115 καὶ
3478 5059 3601 5123 τοὺς

2027 5162 2414 5231 εὐαγγελικοὺς
2442 5159 2634 5228 λόγους
2657 5157 2934 5229 μυστικῶς
2960 5154 3369 5223 ἀναγινώσκων,
3391 5150 3594 5220 ὄψεται.

2024 5255 2099 5318 ὡς
2125 5257 2154 5309 6
2175 5254 2353 5317 πῶλος
2379 5246 2534 5317 οὗτος
2560 5254 2590 5306 6
2616 5250 2937 5324 ἁμαρτωλὸς
2975 5248 3146 5318 Ἀδάμ
3179 5249 3354 5300 ἐστιν,
3392 5242 3517 5297 Ἐὰν
3545 5241 3598 5295 δὲ

2026 5343 2170 5412 λέγω
2209 5342 2400 5414 Ἀδὰμ,
2450 5344 2600 5396 πᾶσα
2629 5340 2984 5412 ἁνθρωπότης
3020 5338 3187 5391 ἐστίν.
3236 5328 3406 5398 Οὗτος
3441 5328 3534 5388 οὖν
3570 5331 3599 5385 6

2330 5499 2376 5531 “
2414 5495 2519 5553 [5a.
2559 5511 2615 5563 ι,
2649 5496 2703 5553 '5.
2784 5496 2826 5528 "
2864 5492 2996 5549 Luc.
3031 5509 3122 5559 xv,
3153 5492 3241 5547 δὲ.
3320 5488 3597 5547 “Genet.
