3870 6208
228 169 389 222 1043
413 178 416 182 λ

1235 169 1521 228 ΗοΜιιιΑ
1559 170 1627 225 1N
1666 170 1874 227 ILLL'I)
1916 193 1928 228 :
1970 192 1988 226 ι
2022 170 2275 239 EUNTE,
2311 193 2331 225 ι
2360 172 2515 229 ETC.

3366 178 3508 230 ιωει

230 278 427 345 ⁴πῶλος
474 280 580 354 πρὸ
618 280 717 352 τῆς
746 280 841 335 τοῦ
887 280 1139 353 Σωτῆρος
1178 281 1473 353 ἐπιδημίας
1510 281 1718 357 Θηρίοις
1757 280 1819 356 ἦν

1931 292 2289 354 potestatem,
2335 286 2627 356 ipsumque
2675 299 2931 357 magnum
2996 285 3298 341 damonem
3348 282 3507 340 Sata-

232 370 709 441 ὖποὸεϐλημένος,
759 370 942 436 καθὼς
970 372 1063 426 καὶ
1107 372 1213 443 πρὸ
1253 371 1442 426 τούτου
1490 373 1822 446 ὑπεθέμεθα.

1929 391 2079 431 nam.

228 463 423 536 θηρία
458 462 515 516 δὲ
552 463 693 533 λέγω
721 467 899 519 πᾶσαν
931 465 1028 538 τήν
1057 467 1437 539 ἀντικειμένην
1467 469 1716 539 δύναμιν,
1741 472 1834 525 καὶ⁹
1869 470 2032 524 αὐτὸν
2064 470 2156 524 τὸν
2191 469 2363 541 μέγαν
2396 470 2624 541 δαίμονα
2653 470 2947 524 Σατανᾶνη

308 594 365 651 9.
410 596 541 649 Ὅτε
574 592 666 650 οὖν
690 597 1030 669 ἐπεδήμησεν
1055 600 1082 651 6
1109 598 1311 671 Κύριος
1347 599 1484 671 πρὸς
1524 603 1691 672 ἡμᾶς,
1728 603 1822 655 καὶ

226 687 476 742 δέδωκεν
507 691 636 761 ἡμῖν
662 689 1072 754 ἐξουσίαν-ὥστε
1102 695 1295 745 πατεῖν
1319 693 1504 747 ἐπάνω
1525 693 1700 763 ὄφεων
1728 697 1823 750 καὶ

232 780 545 851 σκορπίων,
589 782 684 834 καὶ
712 782 805 837 ἐπὶ
836 785 1014 836 πᾶσαν
1062 783 1160 855 τὴν
1204 784 1436 856 δύναμιν
1478 787 1571 840 τοῦ
1602 786 1819 859 ἐχθροῦ,

227 873 363 926 τότε
392 875 490 928 καὶ
514 876 680 944 ἡμεῖς
704 874 1279 948 θαρροὖντεςλέγομεν
1307 880 1403 932 σὺν
1428 878 1504 950 τῷ
1527 880 1784 951 Προφήτῃ
1804 898 1817 911 ·

239 984 263 1017 ι
305 967 382 1020 Οὐ
412 965 757 1038 παραδώσεις
795 970 906 1032 τοῖς
930 962 1141 1041 θηρίοις
1180 971 1360 1042 ψυχὴν
1396 971 1825 1043 ἐξομολογουμέ-

229 1074 339 1128 νην
365 1075 473 1123 σοι,
514 1077 533 1109 ι
566 1058 864 1113 Συνέθλασε
892 1060 1001 1132 γὰρ
1025 1064 1053 1115 6
1086 1063 1289 1135 Κύριος
1319 1064 1418 1127 τὰς
1442 1066 1684 1134 κεφαλὰς
1714 1066 1822 1120 τῶν
1862 1088 1865 1094 ·

228 1150 575 1221 δρακόντων.
623 1150 713 1203 Διὸ
746 1151 841 1205 καὶ
877 1153 906 1205 6
941 1153 1233 1225 Προφήτης
1264 1155 1363 1227 βοᾷ
1387 1156 1561 1223 λέγων
1582 1172 1593 1185 ·
1627 1176 1646 1209 ι
1700 1158 1823 1211 Ἐπὶ

228 1241 447 1295 ἀσπίδα
495 1242 591 1295 καὶ
636 1242 946 1312 βασιλίσκον
981 1245 1239 1318 ἐπιϐήσῃ,
1273 1248 1368 1301 καὶ
1415 1250 1822 1320 καταπατήσεις

227 1333 432 1387 λέοντα
478 1334 575 1388 καὶ
605 1334 896 1405 δράκοντα.
940 1355 957 1387 ι
1009 1338 1362 1409 Ἐκυρίευσαν
1392 1335 1485 1393 οὖν
1521 1333 1688 1404 οὗτοι,
1744 1340 1820 1406 ὡς

228 1427 523 1496 προεῖπον,
554 1424 648 1479 τοῦ
683 1425 884 1481 πώλου.
919 1428 1028 1480 Καὶ
1076 1422 1221 1482 οὗτοι
1268 1425 1406 1500 ἦσαν
1457 1432 1506 1483 οί
1558 1430 1817 1501 δήσαντες

226 1516 425 1570 αότύν.
480 1513 646 1587 Οἶμαι
695 1517 804 1589 γὰρ
855 1519 950 1573 καὶ
995 1520 1084 1574 τὸν
1130 1522 1414 1593 προφήτην
1457 1522 1683 1575 Ἡσαΐαν
1730 1521 1817 1575 διὰ

225 1606 400 1660 τοῦτο
426 1608 606 1676 λέγειν
627 1625 641 1638 ·
682 1626 701 1659 ι
738 1609 891 1664 Λέων
936 1611 1029 1664 καὶ⁹
1078 1611 1315 1682 σκύμνος
1345 1611 1578 1676 λέοντος,
1610 1611 1820 1666 ἐκεῖθεν
1853 1587 1892 1641 Β

226 1696 332 1749 καὶ
363 1697 591 1761 ἀσπίδες
622 1699 716 1752 καὶ
762 1699 960 1767 ἔκγονα
1000 1701 1240 1756 ἀσπίδων
1270 1701 1559 1774 πετώμενα
1591 1703 1637 1774 (1
1651 1703 1726 1769 4),
1773 1703 1822 1757 οἳ
1850 1708 1855 1711 ’

229 1786 439 1859 ἔφερον
467 1790 561 1841 ἐπὶ
591 1788 728 1844 θνων
758 1792 851 1844 καὶ
882 1793 1144 1863 καμήλων
1173 1794 1264 1847 τὸν
1301 1794 1527 1847 πλοῦτον
1562 1794 1762 1849 αὐτῶν.
1797 1814 1816 1849 ι

224 1879 538 1934 Παιδεῦσαι
564 1877 657 1935 οὖν
687 1885 834 1954 ἡμᾶς
872 1884 1189 1955 βουλόμενος
1223 1888 1252 1940 6
1285 1888 1569 1959 προφήτης
1598 1887 1696 1951 τὰς
1727 1889 1822 1942 ἀν-

221 1972 552 2042 τικειμένας
579 1972 856 2045 δυνάμεις,
887 1975 977 2029 διὰ
999 1976 1106 2029 τῶν
1144 1976 1349 2047 θηρίων
1376 1978 1672 2049 ἐγνώρισεν
1692 1996 1706 2009 ·
1736 1979 1822 2032 αἴ·-

222 2077 383 2126 οτινες
442 2066 815 2138 ἀντικείμεναι
864 2067 1123 2138 δυνάμεις
1169 2068 1273 2121 τὸν⁴
1317 2069 1526 2123 ἑαυτῶν
1579 2069 1821 2143 ὀλέθριον

227 2153 475 2208 πλοῦτον
524 2158 807 2229 ἐφόρτιζον
852 2160 952 2233 τὴν
981 2161 1391 2232 ἀνθρωπότητα.
1433 2164 1530 2227 Τίς
1575 2164 1633 2218 δέ
1671 2167 1820 2219 ἐστιν

225 2247 261 2298 ὁ
297 2245 528 2312 πλοῦτος
561 2251 655 2304 τοῦ
684 2250 964 2319 διαϐόλου;
1022 2254 1084 2306 Ἡ
1113 2254 1301 2318 κακία,
1347 2257 1440 2309 καὶ
1481 2258 1513 2327 ἡ
1542 2257 1823 2313 εἰδωλολα-

225 2339 419 2409 τρεία,
442 2342 535 2394 καὶ
567 2343 600 2412 ἡ
632 2342 811 2414 ἡδονή,
835 2344 927 2397 καὶ
955 2346 988 2414 ή
1016 2346 1314 2418 ἀφροσύνη,
1337 2348 1431 2401 καὶ
1462 2350 1611 2402 πᾶσα
1644 2350 1823 2422 ἀμαρ-

228 2429 352 2482 τία.
406 2431 606 2485 Τοῦτον
658 2433 768 2505 γὰρ
807 2435 966 2489 αὐτὸν
1010 2436 1101 2489 τὸν
1138 2437 1365 2491 πλοῦτον
1407 2442 1440 2510 ἡ
1491 2439 1611 2504 ὄνος
1662 2442 1755 2494 καὶ
1793 2444 1822 2495 6

226 2519 421 2583 πῶλος
444 2524 584 2576 κατὰ
616 2524 832 2597 πολλὴν.
851 2525 950 2598 τὴν
980 2527 1226 2599 ἀνάγκην
1258 2529 1545 2596 ὲϐάσταζε,
1577 2532 1667 2585 καὶ
1704 2532 1822 2586 ἐδέ-

225 2610 361 2664 δετο
412 2615 524 2676 τοῖς
567 2615 666 2684 τῆς
725 2617 1000 2688 ἁμαρτίας
1046 2618 1303 2690 δεσμοῖς·
1358 2622 1509 2675 οὐδὲν
1555 2622 1664 2691 γὰρ
1719 2623 1818 2694 τῆς

227 2703 518 2774 ἁμαρτίας
549 2705 847 2779 βαρύτερόν
892 2711 1008 2762 ἐστι
1028 2726 1043 2742 ο
1068 2710 1148 2764 διὸ
1173 2712 1267 2766 καὶ
1298 2712 1534 2784 μολίϐδῳ
1572 2714 1818 2768 εἴκασται

226 2797 394 2866 παρὰ
422 2796 511 2868 τῷ.
545 2802 819 2875 προφήτῃ.
881 2802 1014 2855 Ἀπὸ
1061 2799 1152 2857 οὖν
1201 2805 1402 2859 τούτων
1438 2807 1691 2861 ἁπάντων
1736 2810 1818 2873 είς

2003 602 2056 657 9.
2090 602 2229 657 Cum
2266 603 2434 674 igitur
2488 603 2557 658 ad
2605 618 2709 659 nos
2752 601 3003 657 Salvator
3046 604 3219 668 venit,
3249 601 3506 675 deditque

1929 707 2091 763 nobis
2122 716 2445 778 potestatem
2475 708 2723 764 calcandi
2760 723 2926 778 super
2953 718 3237 779 serpentes
3265 715 3322 765 et
3350 723 3507 765 scor-

1928 810 2141 880 piones,
2176 819 2230 866 et
2264 828 2431 882 super
2470 827 2687 867 omnem
2723 811 2931 865 inimici
2980 818 3325 881 potestatem,
3372 818 3506 867 tunc

1926 918 1981 966 et
2012 926 2114 966 nos
2141 910 2368 965 ﬁdenter
2389 910 2623 966 dicimus
2650 925 2773 964 cum
2801 907 3071 979 Propheta
3101 927 3114 964 :
3156 928 3176 961 ι
3213 907 3290 964 Ne
3318 908 3504 965 tradas

1927 1002 2122 1056 bestiis
2151 1003 2365 1058 animas
2393 1002 2714 1057 conﬁtentes
2745 1001 2842 1057 tibi
2880 1002 2970 1056 ιε’.
3007 1022 3026 1054 ›
3049 1000 3319 1057 Contrivit
3356 1002 3503 1057 enim

1930 1090 2193 1148 Dominus
2227 1094 2406 1163 capita
2440 1094 2762 1148 draconum.
2791 1092 2972 1159 Quare
3002 1091 3274 1164 Propheta
3305 1092 3505 1147 clamat

1927 1183 2118 1239 dicens
2147 1202 2160 1237 :
2201 1202 2220 1234 ι
2259 1182 2436 1254 Super
2463 1185 2706 1255 aspidem
2737 1190 2791 1239 et
2818 1184 3138 1239 basiliscum
3168 1181 3498 1244 ambulabis,

1924 1284 1979 1331 et
2008 1277 2359 1333 conculcabis
2388 1278 2598 1331 leonem
2654 1287 2708 1330 et
2760 1276 3052 1331 draconem
3082 1277 3149 1328 ".
3185 1295 3203 1327 ι
3259 1275 3340 1330 Illi
3370 1289 3503 1347 «περ

1924 1364 2084 1432 pullo
2120 1363 2245 1418 huic
2299 1365 2744 1422 dominabantur.
2800 1364 3050 1419 Arbitror
3097 1363 3242 1418 enim
3302 1362 3500 1418 Isaiam

1924 1458 2243 1528 prOphetam
2297 1458 2421 1513 ideo
2475 1458 2704 1515 dicere:
2744 1476 2764 1510 ι
2800 1457 2910 1513 Leo
2939 1466 2994 1512 et
3043 1459 3256 1512 catulus
3300 1457 3503 1522 leonis,

1926 1546 2053 1600 inde
2083 1556 2136 1602 et
2168 1546 2406 1616 aspides.
2441 1555 2495 1602 et
2531 1548 2806 1618 geuimina
2837 1547 3086 1616 aspidum
3119 1545 3379 1611 volantia,
3403 1543 3507 1614 qui

1924 1638 2169 1697 ferebant
2195 1653 2359 1708 super
2386 1639 2571 1693 asinos
2598 1646 2653 1694 et
2681 1639 2919 1694 camelos
2941 1637 3162 1692 divitias
3190 1651 3320 1692 suas
3348 1637 3438 1689 ⁸³⁵.
3472 1654 3493 1687 ι

1923 1729 2196 1801 Propheta
2222 1730 2385 1800 igitur
2400 1731 2588 1786 volens
2606 1746 2707 1786 nos
2728 1730 2958 1784 edocere
2971 1729 3101 1800 quid
3127 1731 3237 1784 sint
3257 1729 3499 1783 adversm

1923 1831 2243 1893 potestates,
2283 1822 2521 1878 ferarum
2552 1824 2802 1893 exemplo
2836 1824 2960 1878 illas
3001 1823 3162 1877 nobis
3192 1835 3498 1891 repraesen-

1922 1916 2079 1969 tavit.
2117 1914 2249 1981 Quae
2286 1915 2527 1969 adversae
2558 1924 2854 1984 potestates
2883 1913 3218 1985 perniciosas
3253 1926 3382 1967 suas
3412 1910 3498 1966 di-

1925 2006 2086 2060 vitias
2123 2006 2493 2075 imposuerant
2525 2005 2766 2060 humano
2810 2004 3017 2075 generi.
3065 2002 3324 2069 Qumnam
3369 2008 3500 2058 sunt

1922 2106 2029 2160 illa:
2060 2104 2263 2160 diaboli
2298 2104 2540 2159 divitias?
2572 2104 2921 2174 lmprobitas,
2964 2101 3294 2167 idololatria,
3338 2100 3497 2154 volu-

1920 2205 2066 2268 ptas,
2118 2197 2452 2267 insipientia,
2506 2204 2561 2252 et
2615 2196 2979 2265 quodcunque
3025 2200 3332 2264 peccatum.
3388 2189 3499 2245 Has

1920 2296 2064 2350 enim
2093 2296 2310 2351 divitias
2341 2296 2495 2351 asina
2532 2302 2587 2349 et
2616 2295 2779 2365 382
2814 2295 2997 2364 pullus
3034 2293 3177 2362 ejus,
3210 2305 3405 2361 magna
3446 2289 3498 2344 vi

1922 2394 2121 2457 coacti,
2149 2394 2464 2465 portabant,
2501 2408 2566 2448 ac
2610 2380 2896 2449 constricti
2946 2398 3104 2446 erant
3147 2396 3509 2461 peccatorum,

1921 2493 2176 2548 vinculis.
2208 2492 2355 2547 Nihil
2382 2494 2527 2548 enim
2563 2500 2786 2563 peccato
2820 2491 3061 2562 gravius,
3096 2505 3266 2560 quare
3308 2503 3340 2543 a
3372 2501 3501 2559 pro-

1920 2586 2084 2656 pheta
2116 2587 2339 2657 plumbo
2364 2593 2732 2655 comparatur.
2763 2586 2848 2640 Ab
2876 2586 2963 2641 his
3010 2585 3195 2656 itaque
3239 2582 3498 2638 omnibus

1922 2686 1991 2742 ad
2034 2703 2135 2743 nos
2181 2689 2564 2760 peregrinatus
2595 2687 2860 2743 Dominus
2894 2701 2997 2741 nos
3030 2685 3298 2749 liberavit,
3335 2692 3501 2753 atque

1924 2788 2139 2857 abiecto
2168 2790 2263 2844 illo
2285 2764 2594 2844 divitiarum
2617 2804 2805 2852 onere,
2833 2788 3121 2858 soluteque
3146 2785 3316 2857 pullo,
3335 2798 3501 2853 super

224 2888 391 2959 ἡμᾶς
437 2890 812 2963 ἐπιδημήσας,
863 2893 1236 2964 ἠλευθέρωσε,
1287 2896 1381 2950 καὶ
1446 2898 1817 2968 ἀποφορτίσας

1926 2906 2047 2947 eum
2089 2891 2249 2947 sedit.
2284 2890 2649 2958 Quamobrem
2682 2891 2940 2961 discipuli
2982 2890 3236 2960 injiciunt
3282 2889 3338 2943 in
3371 2902 3498 2942 eum

226 2980 332 3032 τὸν
386 2982 610 3036 ἐκείνων
677 2978 939 3049 πλοῦτον,
993 2985 1087 3038 καὶ
1131 2984 1296 3050 λύσας
1341 2988 1681 3061 ἐπεκαθέσθη
1739 2990 1817 3062 τῷ

1922 2992 2168 3062 quedam
2217 3009 2280 3048 ex
2310 2992 2669 3057 vestimentis,
2702 2991 2807 3045 alia
2845 2992 2900 3046 in
2935 2992 3021 3047 via
3054 2996 3327 3047 sternunt.

228 3070 429 3142 πώλῳ.
487 3074 577 3128 Διδ
632 3076 724 3130 καὶ
782 3077 833 3129 οἱ
894 3077 1131 3150 μαθηταὶ
1178 3080 1460 3151 ῥίπτουσιν
1511 3083 1597 3135 ἐπ’
1649 3082 1811 3137 αὐτόν
1848 3101 1972 3140 τινα
2013 3085 2123 3141 τῶν
2171 3085 2421 3157 ἱματίων,
2455 3084 2576 3138 τινὰ
2608 3084 2693 3141 δὲλ
2728 3086 2823 3139 καὶ
2889 3080 3391 3157 ὑποστρωννύουσιν
3437 3080 3496 3131 ἐν

225 3166 329 3235 τῇ.
352 3164 479 3235 ὁδῷ.

310 3281 399 3335 10.
442 3282 627 3339 Ταῦτα
657 3284 716 3339 δέ
751 3288 857 3340 είσι
886 3287 957 3343 τὰ
984 3287 1149 3359 ήθικὰ
1177 3290 1539 3362 παιδεύματα,
1573 3292 1651 3359 ὼς
1682 3311 1815 3367 προ-

226 3371 492 3444 είπαμεν.
525 3376 822 3449 Χαίρουσιν
862 3382 911 3433 οἱ
943 3380 1182 3453 μαθηταὶ
1219 3384 1392 3454 χαρὰν
1427 3385 1690 3457 μεγάληνο
1721 3386 1817 3459 καὶ

224 3465 348 3539 γὰρ
393 3466 536 3521 κατὰ
566 3468 820 3540 ἀλήθειαν
851 3474 1024 3543 χαρᾶς
1066 3476 1213 3527 ἐστιν
1254 3475 1400 3540 ἄξιον
1439 3476 1681 3548 μεγάλης
1723 3478 1817 3531 ἐπὶ

225 3556 450 3623 τούτοις
479 3560 665 3624 πᾶσιν,
697 3556 779 3625 οἷς
808 3565 836 3616 6
873 3563 1075 3635 Ἰησοῦς
1108 3566 1450 3639 ἐπιδημήσας
1482 3569 1819 3641 εὐηργέτησε

226 3648 339 3720 τήν
389 3650 798 3725 ἁνθρωπότητα.
866 3655 1317 3728 Ἐπιμεληθῶμεν
1366 3655 1459 3713 οὖν
1515 3662 1611 3715 καὶ
1660 3663 1820 3732 ἡμεῖς

226 3743 350 3797 τῶν
393 3748 491 3816 τῆς
521 3746 757 3811 διανοίας
784 3746 1096 3819 ὀφθαλμῶν,
1127 3750 1220 3803 καὶ
1247 3750 1532 3823 γενώμεθα
1581 3753 1821 3823 μαθηταὶ

227 3836 339 3907 τῆς
395 3838 603 3907 σοφίας,
654 3840 800 3903 ὅπως
855 3839 1051 3911 ἴδωμεν
1082 3841 1180 3905 τὰς
1234 3843 1492 3914 δυνάμεις
1547 3844 1646 3907 τὰς
1697 3844 1818 3898 καθ’

230 3929 477 3998 ἑκάστην
513 3929 661 4000 ὤραν
708 3929 1057 3997 διακονούσας
1090 3931 1169 4003 τῷ
1212 3933 1408 4005 Ἰησοῦ.
1471 3936 1818 4007 Τηλικούτων

229 4015 333 4074 οὖν
387 4020 606 4089 ἀγαθῶν
657 4021 1102 4089 καταξιωθέντες,
1150 4025 1429 4097 χαίρωμεν
1482 4028 1578 4080 καὶ
1633 4030 1817 4100 ἡμεῖς.

228 4106 536 4180 Χαίρωμεν
562 4112 656 4164 καὶ
687 4114 846 4184 ἡμεῖς
888 4114 1062 4187 χαρὰν
1092 4116 1351 4187 μεγάλην,
1392 4115 1526 4169 διότι
1553 4118 1821 4189 κατηξίω-

1994 3289 2082 3346 10.
2142 3287 2269 3345 Haec
2322 3303 2487 3360 porro
2540 3297 2669 3345 sunt
2724 3287 2956 3343 moralia
2999 3295 3347 3352 documenta,
3403 3289 3487 3343 uti

1922 3394 2085 3449 supra
2116 3381 2371 3436 diximus.
2427 3380 2677 3434 Gaudent
2718 3379 2975 3449 discipuli
3020 3379 3217 3449 gaudio
3247 3394 3443 3450 magno
3469 3397 3490 3454 ,ι

1922 3485 2049 3524 nam
2079 3485 2270 3524 revera
2304 3469 2562 3525 beneﬁcia
2603 3468 2694 3522 illa
2744 3468 2926 3522 omnia
2956 3467 3157 3539 quibus
3196 3466 3361 3523 Jesus
3394 3469 3496 3524 ad-

1922 3561 2151 3617 veniens
2182 3560 2361 3616 aﬂ'ecit
2394 3561 2692 3615 humanum
2723 3574 2916 3629 genus,
2949 3574 3144 3629 magno
3173 3567 3304 3614 sunt
3330 3558 3495 3631 digna

1922 3654 2139 3724 gaudio.
2167 3652 2422 3707 Studiose
2450 3654 2632 3723 itaque
2650 3667 2749 3706 nos
2773 3666 3029 3706 curemus
3055 3651 3254 3706 mentis
3282 3652 3495 3716 oculos,

1924 3745 2206 3814 simusque
2240 3744 2521 3814 sapientiae
2551 3744 2827 3814 discipuli,
2861 3750 2920 3798 ut
2952 3745 3184 3801 virtutes
3215 3744 3499 3801 videamus

1922 3853 2044 3907 quae
2073 3837 2304 3906 singulis
2358 3836 2510 3892 horis
2547 3836 2774 3891 Domino
2815 3835 2944 3891 Jesu
2987 3836 3323 3892 ministrant.
3355 3836 3494 3891 Cum
3578 3866 3581 3871 «

1921 3931 2091 3986 tantis
2116 3931 2300 3999 itaque
2323 3929 2481 3984 bonis
2501 3928 2689 3983 donati
2714 3930 2907 3994 simus,
2932 3930 3266 4000 gaudeamus
3288 3938 3343 3986 et
3372 3944 3494 3985 nos.

1924 4019 2290 4085 Gaudeamus,
2324 4021 2569 4090 inquam,
2595 4020 2795 4090 gaudio
2823 4036 3041 4092 magno,
3071 4021 3199 4090 quia
3231 4019 3495 4077 Dominus

1923 4121 1977 4168 et
2001 4111 2251 4167 Salvator
2272 4121 2457 4167 noster
2482 4127 2581 4180 pro
2610 4112 2770 4168 nobis
2808 4114 2917 4182 pati
2947 4113 3202 4183 dignatus
3227 4122 3328 4168 cst.
3365 4110 3499 4167 Sur-

231 4217 333 4254 σεν
362 4203 390 4254 6
431 4201 635 4274 Κύριος
663 4203 757 4257 καὶ
793 4206 982 4278 Σωτὴρ
1026 4207 1182 4279 ἡμῶν
1213 4208 1406 4261 παθεῖν
1453 4207 1592 4280 ὑπὲρ
1637 4209 1812 4279 ἡμῶν.

1926 4207 2064 4259 rexit
2097 4206 2255 4260 enim.
2277 4205 2437 4260 tertia
2466 4204 2554 4260 die
2597 4221 2663 4260 ex
2705 4205 2953 4268 mortuis,
2989 4206 3308 4275 exspoliatis
3351 4205 3498 4261 infe-

246 4292 481 4363 Ἀνέστη
520 4295 627 4365 γὰρ
675 4297 972 4368 τριήμερος
1002 4298 1067 4352 ἐκ
1098 4299 1209 4353 τῶν
1252 4300 1481 4371 νεκρῶν,
1516 4299 1819 4365 σκυλεύσας

1926 4295 2210 4359 ris,_hoste
2257 4296 2600 4361 conculcato,
2636 4293 2869 4364 diruptis
2910 4296 3116 4366 peccati
3166 4310 3269 4350 nos
3309 4296 3497 4366 oppri-

229 4384 328 4439 τὸν
370 4383 522 4456 ᾅδην,
555 4387 645 4440 τὸν
694 4388 886 4460 ἐχθρὸν
938 4393 1352 4462 καταπατήσας,
1386 4392 1484 4462 τῆς
1531 4390 1818 4462 θλιϐούσης

231 4474 389 4544 ἡμᾶς
425 4475 698 4546 ἁμαρτίας
726 4476 795 4530 τὰ
825 4477 1001 4549 δεσμὰ
1032 4478 1348 4552 διαρρήξας.
1386 4481 1477 4534 Διὸ
1502 4482 1597 4534 καὶ
1631 4499 1651 4533 ι
1696 4498 1819 4534 συν-

229 4566 458 4638 ¹ήγειρεν
492 4569 659 4638 ἡμᾶς,
683 4569 778 4622 καὶ
808 4571 1158 4625 συνεκάθισεν
1178 4575 1237 4626 ἐν
1269 4576 1378 4637 τοῖς
1413 4573 1751 4644 ἐπουρανίοις
1790 4592 1811 4626 ι

228 4658 294 4712 ἐν
327 4657 477 4729 δεξιᾷ
506 4660 605 4731 τῆς
650 4661 1021 4732 μεγαλοσύνης
1056 4664 1150 4717 τοῦ
1184 4665 1418 4736 Πατρός.
1463 4665 1636 4719 Ὅπου
1678 4665 1816 4737 πρό-

229 4747 435 4819 δρομος
464 4750 602 4822 ὑπὲρ
628 4752 785 4821 ἡμῶν
807 4752 1036 4823 ἀνῆλθεν
1061 4755 1223 4819 αὐτὸς
1252 4759 1281 4810 6
1308 4756 1561 4827 Χριστὸς,
1593 4757 1817 4813 αἰωνίαν

230 4839 506 4910 λύτρωσιν
540 4841 858 4913 εὑράμενος.
900 4844 1158 4916 Εῖπωμεν
1207 4842 1299 4900 οὖν
1343 4849 1439 4901 καὶ
1475 4849 1636 4918 ἡμεῖς
1668 4851 1816 4920 φωνῇ

235 4932 471 5004 μεγάλῃο
510 4950 531 4984 ι
574 4931 803 4989 Ὡσαννὰ
832 4937 889 4989 ἐν
928 4939 1041 4998 τοῖς
1072 4937 1337 5006 ὑψίστοις,
1389 4938 1751 5009 εὐλογημένος
1790 4941 1820 4993 6

232 5024 532 5096 ἐρχόμενος
558 5027 616 5078 ἐν
647 5026 870 5098 ὀνόματι
904 5029 1130 5099 Κυρίου.
1172 5049 1191 5080 ι
1224 5030 1699 5101 Προσκυνήσωμεν
1724 5025 1817 5083 οὖν

232 5115 462 5187 Πατέρα
500 5118 596 5170 σὺν
624 5117 738 5189 Υἱῷ
775 5120 869 5172 καὶ
897 5120 1035 5189 ἁγίῳ
1067 5119 1361 5190 Πνεύματι,
1394 5124 1544 5192 τρεῖς
1583 5121 1818 5175 ὑποστά-

236 5221 355 5268 σεις
380 5206 756 5279 κηρύττοντες,
791 5208 920 5278 μίαν
951 5207 1180 5278 θεότητα
1217 5209 1620 5281 ὁμολογοῦντες.
1665 5212 1821 5281 Ἀρεε

309 5423 377 5457 ⁸⁸⁸
416 5421 562 5479 Psal.
596 5437 788 5491 Lxxnl,
823 5424 911 5481 l9.

312 5582 424 5654 (14)
458 5582 791 5655 Πετωμένων
825 5583 987 5640 habet
1022 5583 1151 5641 edit.
1184 5582 1346 5640 LXX.

1923 4389 2124 4443 mentis
2153 4387 2407 4443 vinculis.
2438 4386 2783 4457 QuaprOpter
2816 4402 2919 4442 nos
2977 4405 2996 4437 ‹
3034 4387 3495 4442 conresuscitavit

1921 4485 1977 4531 et
1999 4477 2294 4531 consedere
2322 4478 2450 4532 fecit
2476 4478 2528 4531 in
2558 4477 2874 4533 cmlestibus
2899 4479 2943 4510 "°
2979 4496 2998 4530 ι
3035 4478 3091 4532 in
3127 4476 3345 4533 dextera
3375 4493 3493 4532 ma-

1914 4567 2135 4636 jestatis
2167 4567 2367 4624 Patris.
2400 4569 2518 4635 Quo
2547 4570 2816 4625 Christus
2850 4585 3158 4641 prrecursor
3197 4587 3296 4642 pro
3335 4572 3494 4628 nobis

1919 4659 2187 4728 ascendit,
2212 4669 2415 4715 aeterna
2445 4661 2817 4732 rcdemptione
2846 4662 3086 4719 inventa.
3111 4661 3365 4719 Dicamus
3381 4664 3492 4718 ita-

1920 4767 2026 4820 que
2054 4760 2109 4806 et
2137 4768 2238 4807 nos
2265 4752 2371 4806 alta
2399 4768 2529 4807 voce
2562 4772 2575 4808 :
2621 4772 2639 4805 ι
2668 4756 2926 4809 Hosanna
2961 4755 3015 4809 in
3048 4754 3300 4821 excelsis,
3325 4755 3499 4810 bene~

1919 4842 2100 4898 dictus
2122 4846 2213 4913 qui
2252 4846 2398 4899 venit
2421 4845 2474 4899 in
2507 4845 2727 4900 nomine
2764 4845 2983 4900 Domini
3010 4846 3099 4899 τ⁰⁶.
3140 4844 3497 4911 ›,Αάοιέιιηιιε

1920 4950 2052 5005 ergo
2085 4934 2300 4991 Patrem
2331 4952 2454 4991 cum
2493 4935 2629 4990 Filio
2661 4946 2715 4990 et
2747 4944 2938 4991 sancto
2979 4935 3205 5007 Spiritu,
3244 4944 3356 4991 tres
3392 4935 3493 5008 hy-

1922 5035 2170 5097 postases
2209 5029 2588 5098 prmdicantes,
2649 5044 2811 5083 unam
2858 5028 3112 5084 deitatem
3143 5028 3485 5085 conﬁtentes.

1923 5118 2216 5186 Virtutem,
2251 5121 2456 5184 dilecti,
2480 5121 2780 5190 eligamus;
2810 5121 3025 5176 labores
3066 5122 3186 5191 ejus
3215 5134 3383 5174 causa
3422 5119 3490 5174 li-

1921 5209 2110 5266 benter
2134 5210 2426 5281 suscipiam
2437 5226 2520 5273 us,
2547 5210 2939 5266 continentiam
2961 5222 3332 5275 exerceamus,
3353 5222 3524 5281 psum

1022 5424 1229 5482 “Psal.
1266 5442 1360 5493 xc,
1396 5427 1481 5483 15.
1554 5430 1621 5462 ⁶⁹⁹
1658 5426 1762 5484 lsa.
1799 5447 1819 5486 ι

1926 5478 1929 5495 ,
1963 5433 2014 5489 6.
2093 5434 2139 5466 "
2181 5432 2375 5504 Ephes.
2411 5447 2488 5499 ιι,
2522 5431 2573 5489 6.
2648 5433 2717 5466 '°'
2756 5431 2946 5487 Matth.
2980 5446 3097 5496 xm,
3129 5430 3203 5491 9..
