3870 6208
374 190 396 244 l
408 190 513 248 047

1535 194 1592 251 S.
1629 195 2095 256 ATHANASIUS.
2125 226 2195 239 --
2232 195 2510 255 SPURIA.

3480 186 3645 244 ίοιε

374 319 567 377 perum
595 307 965 363 recordemur.
992 307 1070 362 lta
1096 310 1239 365 enim
1269 310 1537 376 viventes,
1575 311 1945 368 haereditatcm

2056 310 2146 383 τὴν
2185 312 2633 384 προτιμήσωμεν,
2663 310 2956 381 ἀγαπητοὶ,
2986 307 3228 372 καὶτοὺς
3258 303 3396 375 ὑπὲρ
3416 301 3645 371 ταύτης

374 400 527 469 regni
561 400 823 453 malorum
872 414 1292 471 consequemur,
1345 402 1400 456 in
1434 401 1652 458 Christo
1677 403 1808 459 Iesu
1837 404 1944 459 Do-

374 489 526 545 mino
558 498 772 557 nostro,
797 492 885 549 cui
912 492 1082 563 gloria
1112 500 1165 548 et
1195 493 1480 564 imperium
1511 497 1564 549 in
1598 497 1796 553 saecula
1835 512 1941 553 sae-

373 580 643 637 culorum.
675 583 872 637 Amen.

2049 404 2244 467 πόνους
2280 404 2543 468 ἑκουσίως
2579 402 2979 474 ἀσπασὼμεθα·
3016 398 3338 473 ἐγκράτειαν
3365 396 3643 465 ἀσκήσω-

2053 511 2187 566 μεν·
2234 495 2343 550 τῶν
2384 496 2614 566 πτωχῶν
2667 494 3145 566 μνημονεύσωμεν.
3197 488 3349 543 Οὕτω
3391 487 3505 558 γάρ
3550 485 3644 539 δι-

2051 588 2297 656 άγοντες,
2331 589 2426 641 καὶ
2459 588 2731 658 βασιλείαν
2761 585 3006 656 οὐρανῶν
3054 582 3535 656 κληρονομήσομεν
3568 577 3639 630 ἐν

373 675 595 748 Χριστῷ
634 675 807 747 Ἰησοῦ
834 674 911 747 τῷ
943 675 1130 748 Κυρίῳ
1155 676 1331 748 ἡμῶν,
1348 670 1581 749 ᾧήδόξα
1608 679 1701 734 καὶ
1717 679 1777 733 τὸ
1805 680 2003 753 κράτος
2034 683 2114 745 είς
2141 682 2268 745 τοὺς
2291 680 2493 745 αἰῶνας
2524 682 2633 735 τῶν
2660 680 2887 736 αἰώνων.
2932 679 3126 750 Ἀμήν.

1316 1014 1383 1070 lN
1437 1015 1857 1084 SEQUENTEM
1917 1017 2256 1076 HOMILIAM
2308 1019 2707 1078 ADMONITIO.

450 1171 605 1227 Hanc
641 1183 793 1244 putat
840 1173 1152 1230 llolstenius
1194 1173 1478 1230 Athanasii
1523 1192 1656 1242 esse,
1705 1178 1759 1231 in
1790 1193 1952 1249 eaque
1997 1196 2052 1234 se
2100 1179 2460 1236 Athanasiani
2494 1180 2621 1252 styli
2661 1189 2837 1245 notas,
2876 1181 3095 1245 scilicet,
3128 1179 3189 1233 τδ
3219 1178 3381 1252 δριμὺ
3427 1179 3527 1232 καὶ
3568 1179 3640 1232 τὺ

376 1266 689 1339 ἀπέριττον,
722 1285 755 1323 a
788 1267 984 1324 Photio
1012 1269 1314 1324 observatas
1346 1270 1572 1340 reperire
1597 1271 1913 1326 arbitratur.
1947 1270 2018 1324 At
2046 1273 2216 1336 nobis,
2250 1275 2327 1327 ita
2358 1276 2567 1328 variant
2606 1275 2895 1343 opiniones,
2929 1281 3120 1342 pra’ter
3151 1288 3335 1326 nomen
3375 1271 3514 1324 nihil
3546 1271 3641 1324 hic

377 1362 581 1417 videtur
608 1365 1055 1420 Athanasianum.
1102 1365 1247 1421 Licet
1274 1368 1411 1421 enim
1444 1383 1547 1421 non
1580 1368 1848 1438 inelegans
1878 1371 1948 1423 sit
1975 1367 2086 1423 hwe
2129 1368 2371 1438 Itomilia,
2414 1379 2469 1425 at
2507 1371 2721 1425 minime
2754 1370 2915 1440 refert
2954 1369 3106 1422 illam
3134 1366 3416 1421 Athanasii
3452 1366 3643 1435 grani-

379 1465 563 1519 tatem,
602 1470 650 1511 et
681 1459 914 1513 nativam
953 1460 1324 1527 eloquentiam.
1371 1459 1488 1513 Imo
1513 1476 1630 1513 vero
1662 1460 1901 1529 fucatam
1926 1469 2005 1515 est
2030 1462 2292 1516 orationis
2322 1479 2505 1533 genus,
2538 1463 2625 1517 cui
2650 1463 2811 1518 etiam
2843 1460 3082 1517 nonnihil
3113 1457 3375 1514 interdum
3403 1457 3541 1511 salis
3570 1472 3642 1509 ac

370 1541 562 1612 iudicii
591 1543 768 1601 deesse
799 1546 1143 1617 deprehendet
1175 1557 1363 1603 acutus
1396 1550 1578 1602 lector.

1459 1751 1597 1805 ΤΟΥ
1634 1752 1726 1805 ΕΝ
1757 1752 1980 1807 ΑΓΙΟΙΣ
2017 1751 2290 1806 ΠΑΤΡΟΣ
2329 1750 2529 1805 ΗΜΩΝ

1675 1894 2313 1985 ΑΘΑΝΑΣΙΟΥ

610 2072 740 2126 ΕΙΣ
799 2073 945 2129 ΤΗΝ
991 2074 1219 2130 ΔΓῙΔΝ
1264 2075 1614 2133 ΠΕΜΙΠῊΝ
1646 2077 1806 2139 ,ΚΑΙ
1867 2076 1997 2130 ΕΙΣ

2068 2078 2210 2132 ΊῊΝ
2241 2081 2647 2135 ΠΡΟΔΟΣΙΑΝ
2685 2080 2828 2136 ΤΟΥ
2850 2081 2930 2138 19
2942 2080 3073 2133 ΥΔΑ
3110 2080 3363 2134 ΛΟΓΟΣ.

1400 2340 1496 2428 S.
1573 2343 1679 2429 P.
1758 2344 1875 2432 N.
1952 2345 2599 2435 ATHANASII

727 2501 985 2563 SERMO
1055 2504 1145 2562 IN
1197 2505 1546 2564 SANCTAM
1601 2510 1953 2579 QUINTAM
2009 2513 2300 2570 FERIAM
2341 2515 2434 2570 ET
2470 2511 3002 2571 PRODITIONEH
3040 2509 3272 2567 JUDE.
3325 2576 3329 2580 ι

448 2737 502 2792 ί.
564 2734 868 2796 Salvatoris
918 2740 1094 2797 nostri
1126 2742 1336 2812 passio,
1382 2740 1695 2799 Iudaeorum
1744 2745 1944 2812 luctus,

2120 2747 2173 2802 1.
2207 2745 2312 2798 Τοῦ
2333 2744 2587 2815 Σωτῆρος
2612 2740 2680 2795 τὰ
2711 2740 2878 2811 πάθη,
2898 2737 3092 2800 πένθος
3127 2734 3223 2807 μὲν
3237 2732 3522 2789 Ἰουδαίων.
3545 2732 3646 2786 εύ-

376 2826 637 2885 Ecclesite
664 2830 850 2884 laetitia
876 2839 961 2887 est
999 2851 1011 2887 :
1042 2832 1151 2888 illis
1188 2834 1392 2904 quippe
1419 2835 1813 2900 calamitatem,
1847 2853 1945 2892 no.

376 2920 465 2975 bis
495 2920 751 2991 gaudium
780 2922 990 2992 peperit
1016 2941 1031 2988 ;
1084 2924 1209 2980 illos
1238 2935 1413 2980 morte
1459 2926 1761 2991 damnavit,
1795 2929 1953 2985 nobis

378 3013 499 3069 dies
523 3013 692 3070 festos
720 3016 950 3085 paravit.
985 3014 1159 3072 Hodie
1183 3016 1423 3072 Iudaicae
1452 3018 1821 3089 improbitatis
1848 3030 1955 3075 ter-

377 3103 562 3159 minus
594 3114 907 3174 compertus
937 3114 1043 3173 est,
1070 3121 1135 3161 ac
1159 3106 1455 3163 Dominicae
1482 3108 1852 3165 beneﬁcentiae
1877 3110 1955 3164 lu-

377 3210 560 3251 cernae
593 3210 838 3250 accensa:
870 3205 1015 3252 sunt.
1050 3195 1224 3253 Hodie
1260 3198 1316 3252 in
1347 3200 1547 3267 angulo
1593 3214 1750 3255 caena
1793 3217 1955 3272 para-

376 3290 489 3350 tur,
525 3292 581 3340 et
631 3287 890 3341 universo
932 3287 1053 3343 orbi
1093 3303 1282 3345 mensa
1322 3289 1636 3346 instruitur.
1675 3290 1804 3346 llaec
1831 3291 1956 3348 dies

378 3378 627 3435 caelestis
654 3378 761 3433 cibi
802 3379 1008 3450 spicam
1037 3379 1326 3450 pullulavit
1379 3399 1393 3436 :
1435 3382 1597 3438 hodie
1623 3382 1830 3454 lignum
1862 3399 1958 3439 vo-

378 3470 607 3540 luptatis
655 3471 795 3525 citra
846 3471 1148 3541 periculum
1190 3471 1355 3528 homo
1398 3482 1704 3529 contrectat
1741 3494 1756 3531 :
1794 3475 1957 3531 hodie

376 3560 769 3634 mysteriorum
793 3561 1088 3617 thesaurus
1112 3571 1392 3619 reseratur
1421 3582 1437 3622 :
1466 3564 1629 3621 hodie
1652 3581 1780 3622 esca
1806 3582 1958 3638 para-

378 3661 473 3710 tur
494 3654 777 3725 apostolis,
811 3654 1165 3712 beatitudinis
1186 3673 1380 3727 nempe
1409 3659 1571 3728 panis
1603 3677 1617 3714 :
1651 3660 1813 3716 hodie
1844 3660 1959 3731 spi-

379 3745 599 3800 ritualis
651 3745 888 3800 convivii
920 3747 1198 3817 perceptio
1233 3748 1451 3803 initium
1503 3750 1713 3821 accepit
1746 3768 1759 3805 :
1794 3750 1958 3806 hodie

379 3838 582 3894 dicitur
608 3838 776 3893 illud:
802 3858 821 3890 ‹
845 3838 1109 3910 Accipite,
1141 3839 1484 3905 manducate,
1515 3841 1618 3898 hoc
1640 3849 1724 3898 est
1752 3858 1956 3914 corpus

379 3944 563 3983 meum
605 3930 672 3984 '“.
715 3949 734 3982 ι
776 3927 1006 3985 Crucem
1041 3946 1382 4001 prmoccupo,
1417 3933 1697 4003 portiones
1748 3934 1954 4001 divido,

378 4016 543 4088 383
565 4018 931 4073 venditionem
955 4027 1101 4073 tuam
1130 4027 1432 4086 anteverto,
1456 4034 1489 4074 o
1506 4018 1667 4086 Juda,
1692 4022 1957 4079 eﬂ'usione

2053 2837 2292 2910 φροσύνη
2331 2836 2387 2890 δὲ
2432 2835 2533 2904 τῆς
2560 2833 2918 2905 Ἐκκλησίας·
2962 2830 3192 2891 ἐκείνοις
3224 2828 3320 2900 μὲν
3351 2828 3460 2898 γὰρ
3491 2843 3561 2878 συ
3571 2844 3646 2897 μ-

2053 2927 2245 3002 φορὰν,
2267 2930 2402 2999 ἡμῖν
2429 2926 2484 2979 δέ
2507 2926 2681 2997 χαρὰν
2712 2923 3083 2993 ἀπεγέννησεν
3107 2936 3121 2951 ·
3153 2918 3390 2981 ἐκείνους
3416 2917 3646 2989 Θανάτῳ

2050 3019 2388 3090 κατέκρινεν,
2419 3019 2551 3088 ἡμῖν
2576 3014 2632 3070 δὲ
2663 3014 2855 3087 ἑορτὰς
2884 3012 3229 3084 προεξένησε.
3264 3011 3506 3081 Σήμερον
3533 3012 3648 3079 τῆς

2065 3107 2361 3179 Ἰουδαϊκῆς
2412 3107 2681 3178 πονηρίας
2725 3104 2786 3157 τὸ
2840 3103 3014 3175 πέρας
3064 3101 3337 3173 ἠλέγχθη,
3389 3100 3483 3153 καὶ
3536 3100 3648 3169 τῆς

2052 3198 2380 3269 δεσποτικῆς
2423 3197 2745 3270 εὐεργεσίας
2772 3198 2828 3249 αἱ
2859 3193 3138 3265 λαμπάδες
3168 3191 3499 3262 ἀνήφθησαν.
3531 3191 3650 3262 Σή-

2056 3304 2220 3361 μερον
2246 3290 2305 3341 ἐν
2328 3289 2501 3360 γωνίᾳ
2529 3288 2740 3342 δεῖπνον
2765 3288 3108 3351 σκευάζεται,
3135 3288 3227 3340 xai
3248 3288 3313 3357 τῇ
3341 3283 3648 3355 οίκουμένῃ

2054 3381 2262 3450 γίνεται
2282 3381 2529 3451 τράπεζα
2550 3399 2563 3412 ο
2594 3383 2831 3452 σήμερον
2852 3382 2950 3453 τῆς
2970 3380 3221 3452 οὐρανίου
3246 3378 3452 3451 τροφῆς
3473 3377 3654 3430 ἄστα-

2054 3489 2153 3542 χυν
2181 3471 2481 3543 ἐϐλάστησε
2502 3488 2516 3502 ο
2545 3473 2783 3542 σήμερον
2814 3471 2906 3527 τοῦ
2943 3471 3099 3537 ξύλου
3130 3471 3231 3541 τῆς
3252 3470 3460 3540 τρυφῆς
3484 3469 3651 3522 ἀκιν-

2053 3559 2224 3633 δύνως
2268 3560 2551 3631 ἄνθρωπός
2597 3562 2858 3616 ἅπτεται·
2905 3562 3143 3633 σήμερον
3175 3560 3283 3613 τῶν
3321 3558 3651 3630 μυστηρίων

2056 3631 2327 3722 ἀνοίγεται
2361 3652 2474 3724 (15)
2511 3651 2812 3725 θησαυρός·
2855 3631 3096 3724 σήμερον
3150 3651 3353 3722 βρῶσις
3396 3651 3649 3703 ἀποστό-

2056 3744 2170 3809 λοις
2200 3745 2598 3817 εύτρεπίζεται,
2631 3744 3027 3817 μακαριότητος
3049 3743 3241 3814 ἂρτος’
3271 3744 3508 3813 σήμερον
3540 3742 3653 3813 τῆς

2057 3837 2431 3907 πνευματικῆς
2456 3837 2685 3906 εὐωχίας
2713 3835 3007 3897 ἀπόλαυσις
3036 3836 3259 3907 ἄρχεται
3278 3849 3290 3861 ·
3316 3834 3558 3904 σήμερον
3582 3832 3652 3884 τὸ

2063 3944 2082 3977 t
2105 3925 2334 3990 Λάϐετε,
2363 3926 2584 3995 φάγετε,
2629 3924 2785 3977 τοῦτό
2822 3940 2922 3996 μου
2953 3924 3070 3977 ἐστὶ
3098 3923 3161 3976 τὸ
3209 3922 3385 3993 σῶμα.
3444 3940 3462 3973 ι
3498 3921 3653 3991 Προ-

2057 4016 2320 4088 λαμϐάνω
2351 4017 2444 4070 τὸν
2465 4016 2715 4088 σταυρὸν,
2743 4016 3042 4090 διαμερίζω
3065 4015 3134 4068 τά
3158 4013 3314 4085 μέλη,
3343 4012 3654 4084 προφθάνω

380 4108 686 4178 sanguinis,
722 4116 971 4180 quem.tu
990 4109 1226 4166 vendere
1250 4125 1411 4181 paras
1443 4129 1456 4165 :
1487 4118 1540 4166 te
1566 4128 1955 4186 praroccupans

2061 4125 2153 4161 σου
2180 4108 2278 4180 τὴν
2314 4110 2535 4181 πρᾶσιν,
2580 4109 2771 4173 Ἰούδα,
2816 4112 2883 4181 τῇ
2936 4107 3154 4178 ἐκχύσει
3185 4105 3280 4160 τοῦ
3321 4106 3579 4176 αἵματος,
3620 4105 3654 4158 δ

380 4199 552 4269 gratis
581 4201 889 4268 distribuo;
920 4216 1099 4257 meum
1122 4203 1342 4272 quippe,
1370 4216 1405 4257 ο
1423 4202 1583 4267 Iuda,
1607 4190 1914 4274 corpusest
1940 4225 1953 4261 :

381 4295 537 4343 tuum
568 4296 750 4346 autem
776 4301 860 4348 est
885 4294 1077 4349 osculo
1101 4293 1281 4364 ipsum
1317 4295 1554 4350 vendere
1600 4312 1617 4352 :
1662 4310 1841 4351 meum
1872 4306 1959 4353 est

383 4394 522 4451 opus
546 4381 776 4436 salutem
795 4397 894 4453 per
916 4385 1236 4455 sanguinem
1262 4384 1488 4453 all‘erre;
1518 4394 1669 4441 tuum
1692 4396 1774 4442 est
1795 4403 1956 4459 opus,

383 4473 669 4541 sanguinis
693 4473 1039 4529 nundinatio.
1072 4474 1205 4530 Lavi
1254 4477 1420 4547 pedes
1449 4485 1574 4533 tuos
1623 4479 1691 4532 ad
1730 4493 1956 4535 cursum

381 4569 577 4619 contra
610 4577 699 4619 me
727 4563 1140 4634 suscipiendum
1196 4564 1545 4622 festinantes.
1598 4566 1793 4623 Manus
1831 4580 1956 4625 tuas

383 4656 648 4710 miracula
670 4655 832 4713 edere
868 4658 1053 4724 docui,
1088 4660 1416 4717 venditionis
1459 4676 1593 4716 mea:
1637 4662 1817 4732 pretio
1858 4661 1958 4718 de-

383 4758 629 4814 pressas.
658 4745 926 4817 Accipite,
969 4747 1257 4814 comedite,
1304 4753 1624 4806 antevertite
1661 4751 1957 4822 proditoris

383 4837 721 4893 celeritatem
752 4856 765 4892 :
792 4854 892 4894 esu
940 4838 1142 4895 vincite
1167 4840 1570 4907 venditionem.
1601 4841 1718 4897 Non
1765 4843 1957 4899 diﬂ'ero

383 4925 589 4981 donum
621 4927 935 4998 passionem
973 4936 1317 4998 exspectans,
1356 4945 1464 4985 non
1504 4946 1688 4986 moror
1715 4931 1954 5001 donum;

385 5032 556 5089 prope
592 5034 831 5089 namque
858 5026 942 5074 est
966 5020 1230 5075 venditio.
1266 5021 1570 5091 lmpatibile
1600 5038 1800 5095 corpus
1828 5032 1913 5081 est
1940 5044 1963 5081 τ,

385 5111 807 5182 impatibilitatis
837 5112 1240 5168 comedentium
1265 5112 1337 5168 do
1366 5114 1740 5170 testimonium
1772 5136 1784 5171 :
1818 5132 1957 5187 prae-

383 5204 547 5261 venio
562 5202 821 5261 dentibus
833 5202 1148 5261 Iudaeorum
1180 5205 1502 5278 phalangam
1538 5226 1551 5261 :
1578 5206 1706 5263 dum
1735 5222 1957 5266 crucem

456 5360 502 5391 τί
543 5357 735 5418 Matth.
774 5376 937 5427 sxw,
970 5361 1063 5416 26.

462 5538 571 5607 (15)
610 5535 744 5611 Reg.
776 5538 1057 5608 ἀνάγεται.

2060 4201 2394 4272 πιπράσκειν
2442 4199 2637 4271 βούλῃο
2688 4198 3082 4272 προλαμϐάνων
3134 4196 3455 4269 χαρίζομαι·
3509 4195 3653 4266 ἐμὸν

2056 4291 2166 4364 γάρ
2195 4293 2361 4356 ἐστιν,
2408 4291 2598 4357 Ἰούδα,
2630 4290 2692 4344 τὸ
2733 4290 2923 4361 σῶμα·
2944 4288 3052 4343 ’σοῦ
3085 4288 3142 4342 δέ
3182 4288 3243 4341 τὸ
3273 4288 3523 4357 πωλῆσαι
3555 4304 3653 4355 φι-

2057 4383 2292 4455 λήματν
2331 4383 2466 4455 ἐμοῦ
2497 4384 2654 4454 ἔργον
2680 4386 2713 4454 ἡ
2740 4382 2828 4436 διὰ
2869 4382 3098 4454 αἵματος
3137 4379 3411 4452 σωτηρία·
3447 4378 3539 4432 σὺν
3589 4378 3653 4432 δὲ

2059 4474 2218 4547 ἔργον
2249 4478 2282 4546 ἡ
2317 4474 2412 4528 τοῦ
2442 4476 2671 4547 αἵματος
2704 4475 2963 4547 ἐμπορία.
3001 4473 3202 4543 Ἔνιψά
3242 4489 3333 4525 σου
3375 4471 3504 4536 τοὺς
3536 4471 3652 4525 πό-

2057 4565 2172 4632 δας,
2219 4569 2299 4630 είς
2347 4567 2439 4621 τὸν
2481 4567 2599 4621 κατ’
2628 4567 2763 4637 ἐμοῦ
2794 4566 2991 4637 δρόμον
3039 4565 3347 4637 ὁρμῶντας.
3394 4561 3653 4630 Ἑδίδαξα

2058 4658 2246 4727 χεῖρας
2278 4655 2734 4727 θαυματουργεὶν,
2757 4655 2834 4727 τῷ
2862 4655 2963 4725 τῆς
2990 4655 3128 4725 ἐμῆς
3154 4654 3411 4723 πράσεως
3436 4651 3653 4705 κοιλαι-

2058 4749 2429 4820 νομέναςτιμή
2438 4766 2588 4819 ματι.
2608 4749 2835 4812 Λάϐετε,
2850 4749 3073 4817 φάγετε*
3094 4745 3510 4818 προλαμϐάνετε
3525 4745 3573 4815 (Ι
3586 4745 3650 4813 6)

2058 4844 2156 4916 τὴν
2188 4843 2283 4897 τοῦ
2317 4843 2575 4915 προδότου
2602 4843 2881 4914 ταχύτητα
2899 4857 2914 4871 ·
2939 4842 3198 4912 νικήσατε
3224 4840 3322 4911 τὴν
3347 4842 3548 4912 πρᾶσιν
3571 4842 3648 4911 τῇ

2062 4933 2282 5006 βρώσει.
2314 4936 2393 4987 Ού
2433 4932 2763 5007 χρονπριόὦ
2797 4933 2858 4986 τὸ
2889 4932 3081 5004 δῶρον,
3129 4931 3412 5001 ἀναμένων
3436 4928 3499 4983 τὸ
3529 4928 3648 4982 πά-

2060 5022 2181 5088 θοςο
2214 5024 2313 5077 οὐκ
2340 5022 2711 5094 ἀναϐάλλομαι
2740 5021 2838 5093 τὴν
2870 5021 3048 5077 δόσιν·
3082 5021 3249 5089 ἐγγὺς
3284 5019 3395 5090 γὰρ
3433 5020 3466 5088 ὴ
3499 5018 3650 5085 πρᾶ-

2061 5133 2165 5180 σις.
2231 5116 2464 5180 Ἀπαθές
2517 5117 2633 5170 ἐστι
2684 5115 2755 5168 τὸ
2791 5115 2981 5185 σῶμα“
3040 5112 3334 5186 χαρίζομαι
3386 5109 3486 5180 τῆς
3528 5106 3648 5160 τῶν

2058 5208 2348 5262 ἐσθιόντων
2397 5207 2665 5271 ἀπαθείας
2730 5206 3049 5278 μαρτύριον.
3099 5200 3479 5276 Προλαμωνω
3522 5199 3651 5261 τοῖς

2130 5534 2243 5610 (ιϐ)
2284 5532 2419 5605 Reg.
2446 5528 2815 5603 προλαμϐάνω
