3860 6204
476 255 503 311 1
513 256 611 315 051

1584 255 1647 312 S.
1684 255 2145 312 ATHANASIUS.
2185 287 2260 299 —
2295 256 2569 313 SPURIA.

475 380 655 435 ventis
680 377 854 434 factas
880 398 893 433 :
922 378 1212 434 considera
1241 378 1503 435 liberatos
1522 378 1907 434 daemoniacos.
1946 377 2051 432 Bo-

2160 379 2320 443 πείας
2350 378 2662 449 ἐπίσκεψαι.
2699 377 2916 433 Τούτων
2956 378 3210 433 ἁπάντων
3240 375 3563 449 ἐπιλήσμων
3587 375 3730 444 γενύ-

476 486 600 526 rum
640 471 926 526 immemor
962 470 1208 525 omnium
1229 508 1246 537 ,
1279 484 1388 524 non
1433 477 1614 525 tecum
1645 478 1869 540 reputas
1894 484 2054 539 quem

477 559 706 616 vendas.

547 649 604 704 4.
643 668 663 701 ι
692 652 759 703 At
787 648 865 704 illi
883 648 1285 704 constituerunt
1306 646 1354 702 ei
1385 645 1608 717 triginta
1642 654 1929 718 argenteos
1950 646 2049 699 ⁷⁸.»

480 740 526 798 Ο
559 742 951 805 venditionem,
982 756 1103 809 quae
1123 740 1342 795 vendito
1370 739 1424 792 in
1459 746 1735 807 emptores
1766 737 2053 809 imperium

473 832 643 905 384.
672 832 954 887 conciliat!
991 830 1255 887 Venditus
1289 831 1488 901 quippe
1529 829 1790 884 Dominus
1833 837 2049 899 empto-
2092 902 2096 906 ι

476 940 600 979 runt
631 939 914 995 possessor
959 923 1182 978 eﬁ‘ectus
1221 930 1332 976 est.
1362 921 1550 975 Merito
1589 921 1755 990 igitur
1784 921 2054 975 clamabat

478 1017 732 1071 Christus
777 1034 790 1069 :
853 1032 873 1067 ι
922 1013 1144 1084 Implete
1202 1029 1513 1069 mensuram
1573 1020 1787 1082 patrum
1842 1021 2054 1067 vestro-

484 1124 608 1164 rum
646 1111 725 1177 7";
773 1129 791 1162 ι
830 1109 1030 1178 siquid
1080 1109 1344 1176 majorum
1390 1116 1732 1168 vestrorum,
1778 1121 1811 1160 ο
1857 1106 2049 1171 Judaei,

486 1200 670 1255 deﬁcit
714 1201 1032 1256 sceleribus.
1071 1200 1154 1253 Illi
1189 1199 1478 1269 prophetas
1524 1198 1865 1260 occiderunt,
1890 1214 1987 1253 vos
2021 1213 2052 1252 a

476 1292 756 1362 prophetis
795 1291 1214 1359 praenuntiatum
1259 1289 1531 1343 occiditis.
1572 1287 1729 1342 Viros
1773 1288 1849 1341 illi
1883 1287 1951 1340 ad
1992 1302 2052 1341 se

476 1382 677 1434 missos
705 1378 1087 1442 confoderunt,
1120 1394 1216 1434 vos
1243 1387 1422 1434 autem
1460 1394 1583 1433 eum
1628 1377 1721 1446 qui
1758 1378 2051 1447 prophetas

475 1470 673 1536 mittit;
699 1485 889 1524 servus
915 1471 1013 1531 illi,
1038 1486 1136 1525 Vas
1166 1468 1451 1523 Dominum
1486 1468 1813 1522 interﬁcitis.
1857 1467 2047 1522 Sacer-

475 1561 629 1615 dotes
661 1561 735 1613 illi
778 1561 1147 1620 trucidahant.
1174 1575 1271 1615 vos
1313 1558 1568 1627 templum
1618 1547 1878 1612 solvistis.
1913 1556 2050 1611 Gra-

474 1651 627 1704 viora
658 1650 932 1720 prioribus
969 1650 1083 1703 haec
1114 1649 1421 1720 posteriora
1446 1655 1596 1702 sunt.
1628 1646 1879 1715 Trajecto
1902 1662 2051 1701 mare

474 1739 723 1809 ingratus
751 1740 1124 1810 deprehensus
1158 1755 1219 1794 es
1252 1757 1265 1793 :
1303 1753 1503 1792 manna
1536 1739 1797 1803 nutritus,
1830 1736 2047 1808 AEgypti
2084 1732 2121 1785 Β

474 1829 703 1884 vitulum
768 1831 1009 1886 adorasti
1067 1848 1080 1884 :
1159 1838 1381 1899 accepta
1447 1830 1606 1899 lege,
1681 1830 2046 1899 legislatorcm

472 1930 1005 1997 transgressionibus
1049 1929 1377 1984 contumelia
1421 1928 1610 1983 aﬁicis.
1668 1929 1847 1984 Cessit
1894 1935 2048 1997 petra

472 2022 642 2091 virgae
675 2021 859 2085 Mosis,
908 2034 963 2075 at
1008 2036 1187 2077 mores
1242 2022 1321 2074 tui
1352 2021 1421 2074 ad
1469 2022 1718 2091 pietatem
1767 2020 1907 2074 flecti
1953 2035 2050 2074 ne-

471 2119 707 2180 queunt.
738 2110 797 2165 In
835 2112 1017 2181 prmlio
1056 2112 1259 2174 vicisti,
1300 2127 1400 2166 nec
1428 2114 1702 2166 coalestem
1742 2113 1886 2166 nosti
1933 2110 2041 2164 du-

474 2218 618 2259 cem.
671 2202 977 2258 Sistehztur
1027 2206 1161 2260 solis
1212 2220 1439 2268 cursus,
1500 2205 1740 2258 victoriae
1787 2204 2047 2274 praevium

477 2295 691 2363 signum
725 2296 819 2349 tibi
852 2294 1048 2356 factus,
1082 2303 1139 2348 tu
1172 2296 1401 2350 ﬁliorum
1429 2295 1604 2351 Caedes
1635 2296 1688 2349 in
1720 2295 2048 2349 sacriﬁcium

473 2400 578 2457 pro
607 2386 819 2441 actione
848 2387 1144 2457 gratiarum
1177 2387 1445 2442 oll‘crebas
1481 2388 1661 2442 idolis.
1699 2386 1926 2457 Semper
1949 2385 2049 2440 lu.-

471 2476 627 2530 daeus
654 2477 915 2545 sanguine
936 2476 1228 2536 enutritus,
1255 2477 1636 2545 prophetarum
1671 2475 1848 2530 cmdcs
1880 2476 2052 2531 susci-

476 2566 557 2635 pit
590 2584 603 2620 :
646 2573 809 2635 atque
831 2582 1019 2621 eorum
1055 2569 1317 2636 sanguine
1345 2567 1605 2638 paulatim
1650 2567 1943 2637 irrigatus,
1982 2567 2051 2621 ad

476 2656 780 2725 iniquitatis
822 2654 1100 2726 fastigium
1142 2656 1301 2710 hodie
1343 2654 1682 2725 prorumpit?
1713 2658 1847 2722 Quis
1887 2658 2051 2727 igitur

476 2748 590 2804 illis
629 2749 936 2820 iniquitatis
958 2749 1212 2804 fruetus?
1240 2768 1259 2797 ι
1289 2748 1428 2805 Ecce
1468 2750 1809 2820 relinquetur
1855 2750 2050 2806 domus

475 2843 656 2891 vestra
693 2838 908 2893 deserta
927 2838 996 2892 ".
1038 2858 1058 2892 ι
1114 2837 1302 2893 Dedita
1353 2847 1437 2894 est
1482 2844 1547 2894 ad
1579 2841 1904 2909 supplicium
1959 2841 2050 2895 illa

475 2926 688 2982 natio:
744 2927 985 2997 quandiu
1040 2930 1184 2982 enim
1252 2943 1405 2997 spem
1466 2930 1768 2984 curationis
1828 2930 2051 2986 morbus

476 3016 808 3082 subindicat,
833 3019 1047 3073 lenibus
1069 3018 1256 3073 tandiu
1288 3019 1540 3075 remediis
1571 3021 1814 3076 medicus
1837 3036 1868 3076 a
1899 3038 2048 3077 mor-
2077 3061 2117 3082 ι.

476 3110 548 3164 bo
586 3125 834 3165 recreare
872 3112 1099 3168 studet:
1147 3113 1237 3166 ubi
1287 3127 1413 3166 vero
1465 3113 1613 3167 nulla
1652 3114 1875 3169 residua
1924 3130 2050 3185 spes

477 3200 722 3267 medelae,
754 3203 1059 3257 membrum
1091 3203 1451 3260 abscinditur.

549 3459 602 3516 5.
628 3459 759 3517 Post
788 3463 1008 3532 paulum
1040 3468 1299 3537 temporis
1319 3509 1334 3531 ,
1363 3469 1549 3524 aderat
1583 3468 1755 3526 Judas
1783 3478 1906 3541 post
1931 3487 2055 3527 ven-

475 3549 738 3607 ditionem
759 3556 929 3620 laetus,
950 3558 1400 3625 quemadmodum
1421 3561 1634 3615 institor
1646 3563 1887 3632 quidam,
1914 3579 2056 3618 mer-

480 3643 621 3697 cium
645 3662 863 3700 suarum
881 3664 1044 3703 onere
1065 3649 1339 3718 deposito;
1361 3653 1547 3706 aderat
1570 3655 1755 3707 osculo
1777 3663 2050 3722 armatus;

479 3734 668 3791 aderat
694 3739 967 3792 venditum
1004 3755 1033 3793 a
1066 3756 1131 3797 se
1162 3741 1335 3794 virum
1369 3743 1727 3799 indicaturus.
1755 3744 1896 3811 Quid
1919 3760 2050 3814 ergo

479 3825 547 3878 ad
591 3824 783 3881 Judam
832 3827 1137 3884 Dominus?
1180 3832 1423 3887 Avaritia
1471 3850 1568 3889 ceu
1615 3836 1877 3890 ebrietate
1925 3837 2057 3890 sub-

481 3928 720 3970 mersum
763 3918 1127 3988 expergefacit
1182 3921 1265 3976 his
1308 3923 1527 3979 verbis:
1568 3942 1586 3974 ι
1633 3923 1833 3979 Osculo
1858 3924 2054 3979 Filium

480 4006 718 4062 hominis
750 4009 919 4065 tradis
954 4010 1036 4064 7“?
1076 4030 1095 4061 ι
1130 4010 1279 4067 Itane
1307 4014 1548 4067 OSculari
1581 4015 1808 4072 edoctus
1837 4018 1937 4072 es?
1963 4017 2057 4071 Dic

477 4098 638 4162 mihi,
678 4099 914 4156 haeccine
958 4102 1043 4157 lcx
1081 4103 1368 4158 charitatis
1413 4120 1442 4158 a
1475 4122 1557 4160 me
1601 4107 1699 4161 tibi
1749 4109 1982 4162 tradita?
2012 4107 2056 4163 Ο

479 4193 744 4261 sanguine
776 4193 991 4261 plenum
1023 4196 1272 4249 osculum
1297 4197 1309 4249 !
1336 4194 1380 4250 Ο
1410 4197 1606 4250 bellum
1631 4199 1819 4253 osculo
1845 4200 2058 4253 colora—

476 4282 624 4334 tum!
667 4280 711 4336 Ο
744 4286 991 4338 osculum
1035 4286 1179 4355 quod
1230 4287 1421 4339 mortis
1459 4303 1672 4343 morsus
1710 4289 1968 4344 eliicitur!
2004 4290 2047 4344 Ο

2161 487 2338 540 μενος,
2368 471 2427 525 ὃν
2457 471 2655 536 πωλεῖς
2688 472 2788 525 οὑκ
2817 472 3037 534 ἐννοεῖς.

2227 644 2280 698 4.
2320 662 2339 695 ι
2376 646 2438 698 Ol
2464 646 2521 698 δέ
2546 644 2782 715 ἔστησαν
2810 643 2959 714 αὐτῷ
2982 643 3279 715 τριάκοντα
3323 641 3586 715 ἀργύρια.
3623 662 3647 697 ι
3671 645 3732 697 Ὢ

2155 737 2411 808 πράσεως
2466 735 2783 788 δεσποτείαν
2833 734 2912 806 τῷ
2968 734 3401 804 πιπρασκομένῳ
3442 734 3587 788 κατά
3625 734 3732 788 τῶν

2154 827 2477 898 ὠνουμένων
2528 827 2896 897 ἐγγυομένηςῐ
2931 826 3383 899 Πιπρασκὸμενος
3427 826 3536 899 γὰρ
3579 828 3610 879 6
3651 826 3733 880 δε-

2158 919 2361 989 σπότης
2401 920 2623 989 κτήτωρ
2670 918 2776 971 τῶν
2815 917 3190 989 ἀγοραζόντων
3237 916 3463 985 ἐγίνετο.
3491 917 3733 980 Εἰκότως

2154 1005 2247 1063 οὑν
2276 1011 2304 1061 6
2333 1009 2566 1081 Χριστὸς
2599 1008 2826 1063 ἀνεϐόα⁹
2861 1027 2880 1059 ι
2918 1007 3249 1080 Πληρώσατε
3296 1007 3356 1061 τὸ
3397 1008 3601 1078 μέτρον
3626 1007 3731 1060 τῶν

2156 1102 2405 1171 πατέρων
2436 1100 2619 1171 ὑμῶν’
2656 1118 2674 1151 ι
2705 1101 2757 1152 εί
2775 1117 2827 1151 τι
2850 1098 3023 1152 λείπει
3053 1101 3164 1161 τοῖς
3183 1100 3526 1169 προγονικοῖς
3554 1096 3727 1168 ὑμῶν,

2152 1188 2196 1246 ὦ
2232 1194 2493 1255 Ἰουδαῖοι,
2515 1193 2878 1263 τολμήμασιν.
2909 1193 3134 1244 Ἐκεῖνοι
3164 1192 3448 1261 προφήτας
3471 1192 3727 1262 ἀνήρουν,

2153 1285 2309 1355 ὑμεῖς
2337 1285 2393 1337 δὲ
2427 1284 2517 1337 τὸν
2557 1281 2997 1354 προφητευθέντα
3026 1281 3295 1351 φονεύετε.
3340 1282 3570 1335 Ἐκεῖνοι
3604 1280 3731 1345 τοὺς

2154 1376 2498 1447 πεμφθέντας
2527 1376 2914 1444 κατέσφαττον,
2950 1376 3108 1446 ὑμεῖς
3146 1376 3205 1429 δὲ
3232 1376 3322 1430 τὸν
3350 1376 3479 1437 τοὺς
3512 1374 3729 1446 προφή-

2150 1483 2250 1527 τας
2299 1466 2695 1521 ἀπεσταλκότα.
2734 1467 2960 1520 Ἐκεῖνοι
3002 1469 3127 1530 τοὺς
3168 1466 3407 1529 δούλους,
3443 1466 3606 1535 ὑμεῖς
3640 1465 3729 1518 τὸν

2150 1557 2425 1626 Δεσπότην
2462 1558 2826 1611 ἀποκτείνετε.
2865 1559 3092 1612 Ἐκεῖνοι
3118 1560 3243 1622 τοὺς
3276 1559 3438 1628 ἱερεῖς
3471 1557 3729 1627 ἀνῄρουν,

2154 1651 2309 1719 ὑμεῖς
2348 1650 2436 1702 τὸν
2470 1649 2596 1704 ναὸν
2626 1650 2974 1704 κατελύσατε.
3016 1650 3251 1714 Μείζονα
3282 1651 3388 1704 τῶν
3429 1648 3730 1722 προλαϐόν-

2149 1759 2257 1793 των
2290 1741 2356 1794 τά
2399 1740 2644 1812 δεύτερα.
2693 1740 2979 1795 Θάλασσαν
3031 1741 3269 1805 πλεύσας
3292 1740 3391 1813 [ίσ.
3432 1739 3728 1813 περάσας],

2147 1832 2417 1906 ἠλέγχθης
2445 1834 2736 1903 ἀχάριστος
2760 1849 2774 1863 ο
2812 1832 2985 1902 μάννα
3012 1831 3374 1904 ’τρεφόμενος,
3412 1831 3505 1883 τὸν
3551 1832 3611 1883 ἐν
3638 1832 3731 1884 Δί-

2148 1923 2340 1994 γύπτῳ
2394 1924 2590 1994 μόσχον
2627 1922 3020 1993 ἐθρήσκευσας’
3064 1922 3227 1991 νόμον
3275 1921 3586 1991 δεχόμενος,
3640 1921 3731 1973 τὸν

2148 2014 2437 2084 νομοδότην
2468 2014 2830 2084 παρανομίαις
2856 2012 3224 2084 καθυϐρίζεις.
3259 2009 3428 2083 ’ῌξεν
3488 2013 3522 2081 ἡ
3555 2010 3735 2080 πέτρα

2147 2107 2215 2175 τῇ
2253 2105 2437 2175 ῥάϐδῳ
2472 2105 2733 2169 Μωσέως,
2781 2106 2809 2158 6
2845 2105 2901 2158 δὲ
2934 2104 3025 2168 σὸς
3063 2105 3262 2176 τρόπος
3286 2103 3552 2174 ἀκαμπὴς
3596 2104 3731 2173 πρὸς

2148 2192 2450 2247 εὐσέϐειαν.
2492 2193 2706 2255 Ἐνίκας
2755 2192 3081 2263 μαχόμενος,
3130 2194 3225 2246 καὶ
3270 2193 3362 2246 τὸν
3408 2193 3466 2259 ἐξ
3496 2192 3729 2264 ούρανοῦ

2151 2284 2456 2354 στρατηγὸν
2484 2282 2583 2335 οὑκ
2605 2280 2916 2354 ἐγνώριζες.
2942 2283 3300 2354 ΔἘδεσμεύετο
3320 2283 3521 2354 δρόμος
3554 2284 3730 2354 ἡλίου,

2152 2374 2233 2424 σοὶ
2256 2372 2562 2444 προθεσμία
2589 2373 2745 2443 νίκης
2771 2373 3073 2443 γινόμενος,
3099 2375 3164 2427 σὺ
3184 2373 3238 2426 δὲ
3265 2373 3363 2436 τὰς
3389 2374 3499 2426 τῶν
3524 2374 3733 2428 τέκνων

2152 2466 2365 2534 σφαγὰς
2402 2464 2590 2528 θυσίας
2633 2465 3084 2536 εὐχαριστηρίους
3126 2469 3243 2528 τοῖς
3274 2465 3513 2530 εἰδώλοις
3565 2482 3733 2538 προσ-

2150 2556 2363 2627 έφερες.
2381 2555 2491 2607 Ἀεὶ
2525 2555 2816 2625 σύντροφος
2832 2555 3082 2619 Ἰουδαῖος
3104 2556 3349 2626 αἱμάτων
3373 2554 3472 2619 τὰς
3510 2570 3733 2626 προφη-

2152 2647 2260 2701 τῶν
2296 2645 2512 2715 σφαγάς
2540 2646 2944 2718 ὑπολαμϐάνει·
2976 2646 3187 2721 τούτοις
3218 2647 3315 2718 [ίσ.
3347 2646 3580 2719 τούτων]
3620 2649 3733 2709 τοῖς

2150 2739 2341 2810 αἵμασι
2359 2738 2498 2791 κατὰ
2518 2738 2711 2810 μικρὸν
2729 2738 3180 2810 ἀρδευόμενοςείς
3193 2740 3361 2810 αὑτὴν
3379 2740 3618 2811 σήμερον
3633 2740 3732 2809 τῆς

2152 2829 2495 2903 παρανομίας
2532 2828 2629 2901 τὴν
2673 2830 2915 2901 κορυφὴν
2946 2830 3333 2902 ἀπωλίσθησε;
3367 2831 3464 2895 Τίς
3500 2830 3597 2884 οὖν
3633 2831 3731 2885 αὑ-

2151 2924 2259 2986 τοῖς
2306 2923 2334 2974 ὁ
2380 2922 2477 2990 τῆς
2522 2921 2872 2992 παρανομίας
2922 2922 3165 2992 καρπός
3205 2940 3224 2972 ι
3273 2921 3403 2975 Ἰδοὺ
3442 2923 3665 2991 ἀφίεται
3703 2922 3734 2973 6

2150 3006 2297 3075 οἶκος
2329 3010 2483 3081 ὑμῶν
2525 3009 2746 3081 ἕρημος.
2794 3029 2812 3062 ι
2847 3010 3100 3063 Ἔκδοτον
3148 3011 3229 3072 είς
3272 3008 3371 3079 τὴν
3419 3008 3647 3063 κόλασιν
3674 3008 3732 3059 τὸ

2153 3101 2301 3165 ἔθνος
2320 3119 2332 3131 ·
2367 3101 2469 3165 ἕως
2501 3101 2610 3171 γὰρ
2638 3100 2935 3172 θεραπείας
2961 3100 3150 3154 ἐλπίδα
3179 3100 3512 3170 ὑπεμφαίνει
3535 3098 3603 3153 τὸ
3635 3098 3734 3153 πρὲ-

2153 3192 2263 3255 θος,
2291 3195 2485 3263 πράοις
2504 3191 2812 3262 φαρμάκοις
2835 3191 2863 3242 6
2887 3190 3068 3262 ἰατρὸς
3092 3192 3389 3243 ἀνακτᾶται
3412 3189 3474 3241 τὸ
3496 3188 3627 3259 νόση
3636 3203 3729 3259 μα·

2153 3285 2422 3352 ἀπογνοὺς
2469 3283 2525 3336 δέ
2556 3284 2652 3352 τὴν
2692 3282 2986 3354 θεραπείαν
3030 3282 3123 3335 τοῦ
3177 3282 3384 3345 πάθους
3413 3282 3551 3351 (ΓΙ),
3602 3285 3732 3335 dato.-

2151 3374 2407 3444 τέμνεται
2441 3374 2631 3444 μέλος..

2224 3465 2279 3519 5.
2308 3464 2519 3535 Μικρὸς
2541 3467 2597 3517 ἐν
2628 3465 2777 3536 μέσῳ
2801 3464 3011 3535 καιρὸς,
3036 3464 3129 3517 καὶ
3151 3464 3331 3534 παρῆν
3373 3462 3579 3526 Ἰούδας
3601 3461 3733 3534 μετά

2153 3555 2252 3627 τὴν
2286 3557 2485 3626 πρᾶσιν
2526 3555 2769 3627 φαιδρὸς,
2809 3556 3059 3625 καθάπερ
3091 3572 3175 3618 τις
3211 3555 3452 3626 ἔμπορος
3478 3556 3574 3609 τοῦ
3610 3573 3734 3628 φορ-

2155 3649 2271 3703 τίου
2296 3649 2356 3701 τὸ
2385 3648 2547 3718 ἄχθος
2585 3648 2973 3718 ἀπωσάμενος’
3008 3649 3189 3718 παρῆν
3214 3647 3559 3717 ὡπλισμένος
3592 3647 3732 3718 φιλή-

2160 3758 2311 3811 ματι,
2357 3740 2536 3810 παρῆν
2570 3740 2804 3802 δεικνὺς,
2845 3740 2903 3793 ὃν
2944 3738 3211 3810 ἐπώλησε.
3243 3740 3307 3791 Τί
3331 3736 3424 3792 οὖν
3458 3740 3489 3791 6
3534 3739 3735 3811 Κύριος

2157 3830 2293 3902 πρὸς
2318 3832 2408 3884 τὸν
2452 3830 2688 3896 Ἰούδαν;
2730 3831 2814 3894 Ὠς
2850 3830 2989 3904 μέθῃ
3021 3829 3451 3901 βεϐαπτισμένον
3482 3831 3737 3903 φιλαργυ-

2159 3922 2250 3993 ρίᾳ
2276 3922 2384 3993 (l8)
2427 3921 2688 3985 διύπνιζε,
2731 3921 2933 3990 λέγων’
2966 3940 2984 3973 ι
3019 3922 3289 3992 Φιλήματι
3335 3923 3426 3975 τὸν
3461 3923 3596 3975 Υίὸν
3644 3921 3733 3975 τοῦ

2158 4011 2444 4084 ἀνθρώπου
2512 4013 2850 4084 παραδίδως;
2896 4032 2915 4065 ι
2978 4012 3132 4066 Οὕτω
3187 4013 3362 4082 φιλεῖν
3418 4013 3731 4083 ἐδιδάχθης

2156 4105 2293 4158 Εἰπέ
2322 4122 2432 4174 μοι,
2459 4099 2611 4165 οὗτος
2647 4107 2778 4176 παρ’
2809 4103 2931 4174 ὲμοί
2980 4121 3061 4156 σοι
3088 4104 3190 4173 τῆς
3229 4104 3453 4172 ἀγάπης
3479 4107 3507 4157 ὁ
3538 4105 3733 4174 νόμος;

2160 4198 2223 4249 Ὢ
2260 4196 2562 4267 φιλήματος
2609 4197 2837 4264 αἵματος
2877 4196 3347 4268 πεπληρωμένουὲ
3386 4199 3450 4249 ’Ὠ
3499 4197 3736 4267 πολέμου

2158 4288 2542 4360 κεχρωσμένου
2578 4288 2874 4359 φιλήματιί
2907 4288 2969 4340 Ὢ
2997 4288 3207 4357 φίλημα
3230 4288 3415 4358 δῆγμα
3440 4288 3552 4360 (19)
3584 4288 3739 4342 θανά-

479 4373 727 4428 osculum
744 4390 1005 4430 venenum
1022 4378 1267 4447 aspidum
1283 4387 1538 4435 eructans
1563 4381 1575 4433 !
1601 4379 1753 4447 Quod
1783 4381 1850 4436 ad
1879 4384 2051 4437 chari-

2159 4396 2253 4432 του
2279 4380 2596 4449 γενόμενονί
2629 4380 2693 4431 Ὢ
2721 4379 2931 4449 φίλημα
2966 4378 3210 4431 ἀσπίδων
3246 4378 3321 4431 ίὸν
3356 4381 3735 4450 ἐρευγόμενον.

481 4471 648 4518 tatem
676 4463 933 4529 didicisti,
966 4483 1031 4522 eo
1059 4470 1123 4523 ad
1161 4468 1402 4525 fraudem
1441 4488 1573 4527 usus
1611 4473 1706 4527 es?
1737 4472 1906 4528 Video
1949 4477 2059 4529 cla-

481 4569 581 4609 vos
609 4554 662 4608 in
686 4571 779 4610 ore
814 4565 908 4612 tuo
937 4573 951 4610 :
980 4560 1111 4628 quid
1141 4562 1289 4617 celas
1318 4576 1455 4631 Opus
1485 4564 1671 4617 tttmn?
1699 4564 1929 4619 Crucem
1961 4581 2056 4620 ex-

481 4660 690 4719 specto.
740 4647 838 4703 llis
870 4648 1039 4706 Judas
1078 4654 1433 4722 compellatus
1475 4661 1577 4709 est.
1630 4653 1824 4710 Petrus
1872 4665 2053 4710 autem

483 4751 723 4792 amorem
774 4752 932 4793 suum
976 4740 1288 4808 juramento
1354 4742 1701 4823 aliirmabat:
1752 4763 1771 4797 ι
1828 4744 2054 4801 Etiamsi

480 4829 786 4901 Oportuerit
836 4846 922 4886 me
968 4831 1107 4887 mori
1163 4839 1373 4894 tecum,
1420 4849 1527 4887 non
1577 4843 1630 4889 te
1673 4836 1883 4906 negabo
1926 4836 1992 4888 ⁸⁸.
2031 4855 2051 4887 ι

481 4920 683 4977 Ebrius
729 4937 949 4988 amore,
988 4932 1177 4978 contra
1232 4934 1459 4980 mortem
1512 4925 1570 4981 ﬁt
1606 4927 1906 4982 audacior:
1946 4943 2057 4982 non

483 5013 574 5068 ille
602 5022 812 5068 naturae
848 5013 1163 5071 inﬁrmitate
1190 5018 1354 5072 verba
1384 5018 1604 5073 metitur
1647 5035 1783 5074 sua:
1822 5034 1930 5074 non
1963 5035 2058 5074 co-

2168 4473 2232 4525 Ὅ
2290 4470 2425 4542 πρὸς
2482 4470 2703 4541 ἀγάπην
2751 4470 3048 4540 ἐδιδάχθης,
3105 4469 3280 4540 τούτῳ
3326 4469 3463 4541 πρὸς
3520 4472 3738 4541 ἀπάτην

2161 4561 2398 4630 ἐχρήσω.
2435 4560 2575 4631 ’0ρῶ
2620 4576 2711 4612 σου
2744 4560 2868 4622 τοὺς
2895 4560 2986 4613 ἐπὶ
3027 4557 3120 4611 τοῦ
3160 4559 3426 4629 στόματος
3455 4559 3620 4629 ἥλους
3642 4577 3655 4589 ·
3682 4560 3740 4611 τί

2161 4651 2443 4723 κρύπτεις,
2470 4651 2505 4704 ἂ
2525 4652 2783 4723 πράττεις
2807 4668 2821 4717 ;
2853 4651 2956 4704 Τὸν
2982 4651 3212 4722 σταυρὸν
3238 4650 3511 4721 ἀναμένω.
3551 4652 3611 4704 '0
3638 4650 3738 4723 μὲν

2173 4747 2374 4808 Ἰούδας
2398 4745 2635 4808 τούτοις·
2669 4744 2873 4815 Πέτρος
2909 4743 2966 4797 δὲ
3000 4742 3129 4815 περὶ
3161 4741 3383 4811 φίλτρου
3404 4741 3735 4807 διωμνύετο’

2168 4856 2187 4888 ι
2234 4837 2360 4890 Ἐάν
2386 4836 2477 4906 δέῃ
2520 4853 2586 4906 με
2615 4835 2708 4887 σὺν
2745 4836 2829 4887 σοὶ
2866 4834 3178 4897 ἀποθανεῖν,
3209 4835 3269 4886 οὑ
3311 4836 3384 4904 μή
3412 4851 3471 4886 σε
3492 4835 3741 4905 ἀπαρνήο

2163 4945 2347 4997 σομαι.
2392 4947 2411 4979 ι
2452 4925 2679 4979 Μεθύων
2711 4925 2789 4997 τῷ
2839 4924 2989 4996 πόθῳ
3025 4924 3169 4978 κατά
3210 4925 3438 4977 θανάτου
3477 4922 3737 4995 θρασύνε-

2160 5035 2281 5071 ται·
2311 5018 2370 5071 ού
2400 5019 2588 5088 μετρεῖ
2605 5018 2731 5080 τοὺς
2762 5016 2952 5084 λόγους
2978 5018 3042 5087 τῇ
3081 5015 3334 5085 ἀσθενείᾳ
3360 5014 3460 5084 τῆς
3486 5013 3701 5083 φύσεως
3718 5027 3736 5043 ⁶

483 5105 616 5170 gitat
649 5106 920 5175 loquentis
946 5109 1317 5173 veracitatem,
1354 5111 1447 5165 sed
1471 5112 1893 5166 contradicendo
1939 5127 2051 5167 sese

2164 5110 2265 5162 οὑκ
2307 5110 2477 5161 ἐννοεῖ
2513 5108 2605 5161 τὸν
2632 5107 2983 5178 ἀληθεύοντα,
3014 5106 3108 5160 καὶ
3149 5106 3446 5173 ἀντιλέγων
3475 5103 3739 5175 σεμνύνε-

479 5193 671 5263 jactat.
696 5195 836 5263 Quid
858 5213 987 5269 ergo
1009 5196 1269 5255 Dominus
1289 5201 1313 5253 ?
1333 5199 1491 5255 Nulla
1514 5204 1642 5257 mihi
1675 5204 1741 5259 ad
1773 5204 2058 5258 victoriam

2163 5218 2274 5256 ται.
2307 5199 2372 5251 Τί
2400 5196 2493 5252 οὖν
2519 5200 2547 5253 6
2588 5198 2825 5269 Κύριος;
2860 5199 2933 5252 Οὑ
2970 5199 3126 5271 χρεία
3157 5215 3259 5268 μου
3291 5197 3464 5266 λόγων
3495 5195 3739 5268 πρὸςνί-

557 5417 604 5453 ’⁸
642 5417 830 5476 Matth.
864 5435 1029 5486 xxvr,
1065 5421 1119 5475 9.
1192 5421 1238 5453 "
1281 5418 1468 5475 Matth.
1506 5437 1674 5487 mn,
1709 5422 1796 5477 52.
1854 5423 1899 5456 ⁷⁸
1937 5422 2066 5479 ibid.
2111 5421 2201 5480 28.
2275 5424 2323 5457 "
2360 5423 2493 5479 Luc;
2531 5439 2681 5490 uti,
2717 5423 2807 5479 48.
2883 5422 2928 5456 ⁸⁸
2971 5420 3160 5479 Matth.
3191 5437 3358 5491 xm,
3390 5420 3478 5478 35.

560 5570 672 5642 (17)
706 5571 835 5642 Beg.
866 5572 928 5625 τὸ
962 5572 1152 5636 πάθος.

562 5641 674 5713 (18)
708 5641 837 5713 Reg.
866 5642 1244 5713 φιλαργυρίας.

2241 5574 2354 5648 (19)
2390 5575 2523 5649 Reg.
2555 5576 2774 5649 δεῖγμα,
2807 5576 2968 5633 lectio
2993 5576 3179 5633 dubia.
