3860 6204
91 300 230 360 1055

1164 300 1406 358 SERMO
1436 302 1503 358 IN
1541 301 1937 360 PASSIONEM
1975 306 2236 364 DOMI'NI.

3199 317 3337 373 1054

89 437 212 491 κην.
257 411 592 489 Ἀλεκτρυών
622 432 716 469 σου
740 414 838 486 τὴν
868 414 1234 486 μεγαλαυχίαν
1260 417 1495 485 ἐλέγξει·
1520 420 1656 471 ἐκεῖ-

1766 421 2045 477 rerborum
2068 422 2387 479 necessitas.
2417 420 2741 478 hctantiam
2777 434 2926 479 tuam
2972 427 3146 498 gallus
3180 446 3338 485 coar-
3426 443 3451 501 '_

89 527 177 574 νος
202 508 308 562 τῶν
334 506 425 561 τοῦ
446 506 705 559 δεσπότου
730 506 901 574 λόγων
932 508 1227 578 συνήγορος
1251 507 1431 560 ἔσται’
1458 507 1661 569 ἐκεῖνός

89 620 174 656 σοι
201 603 313 663 τοῖς
360 598 461 652 τῶν
507 598 766 669 ῥημάτων
815 598 1046 666 κόμποις
1078 597 1215 667 βοῶν
1258 599 1656 668 ἀντιστήσεται.

101 690 394 760 Ἦκολούθη
425 692 535 752 τοῖς
562 689 739 756 λόγοις
760 688 829 741 τά
855 689 1169 759 πράγματα.
1206 688 1469 757 Παιδίσκη
1498 687 1662 755 φθέγ-

90 801 267 853 γεται,
303 784 396 837 καὶ
421 785 452 854 ή
481 783 689 855 κορυφὴ
714 780 821 834 τῶν
852 782 1163 836 ἀποστόλων
1191 781 1537 853 ταράττεται,
1566 780 1661 832 καὶ

90 879 294 948 Πέτρος
328 876 626 945 ἐλέγχεται.
672 875 819 946 Κόρη
854 873 1023 936 λαλεῖ,
1065 874 1218 944 καὶὴ
1253 872 1428 944 πέτρα
1466 872 1660 942 χειμά-

89 970 241 1033 ζεται
259 985 273 999 ’
306 967 438 1037 κόρη
461 965 753 1037 ψιθυρίζει,
787 965 880 1018 καὶ
905 965 1108 1036 Πέτρος
1130 966 1393 1034 ἀρνεῖται.
1423 963 1659 1025 ’Ήλπιζε

87 1060 296 1114 πείθειν
318 1061 415 1130 τὴν
446 1060 611 1130 κόρην
650 1060 677 1110 ὁ
718 1058 921 1129 Πέτρος
949 1058 1192 1126 ὀμνύων*
1221 1056 1335 1109 ἀλλ’
1360 1055 1508 1126 ὅρνις
1535 1055 1660 1117 τοὺς

86 1153 282 1224 ὅρκους
306 1152 365 1204 οὖ
393 1151 637 1221 δέχεται·
673 1148 1007 1219 ἐπιστομίζει
1046 1150 1162 1211 ταῖς
1192 1150 1396 1215 φωναῖς
1442 1146 1532 1198 τὸν
1560 1146 1661 1216 ἀρ·

85 1242 363 1316 νούμενον.
410 1242 587 1306 Ἀξέαν
629 1240 988 1311 άποστολικὴν
1021 1240 1121 1293 οὐκ
1157 1238 1501 1309 αἰσχύνεται·
1525 1238 1659 1308 τιμᾷ

84 1337 197 1409 γὰρ
235 1335 328 1390 τοῦ
370 1335 637 1390 Δεσπότου
664 1334 763 1405 τὴν
796 1333 1128 1405 πρόρρησιν·
1162 1351 1180 1382 ι
1214 1332 1351 1402 Πρὶν
1392 1330 1660 1401 ἀλέκτορα

84 1429 354 1499 φωνῆσαι,
386 1427 505 1497 τρὶς
548 1426 842 1497 ἀπαρνήσῃ
879 1440 966 1493 με.
998 1443 1016 1473 ι
1051 1422 1284 1492 Εῖληφα,
1335 1422 1529 1491 Πέτρε,
1560 1421 1658 1490 τῆς

82 1519 418 1590 κατηγορίας
442 1518 501 1570 τὸ
522 1516 790 1586 σύνθημα.
816 1515 931 1568 Κᾶν
957 1515 1228 1584 σιωπῆσαι
1256 1514 1328 1584 μὴ
1352 1513 1509 1576 θέλω,
1534 1512 1659 1582 βοᾷν

82 1612 185 1665 οὐκ
215 1609 400 1679 ἰσχύω.
441 1610 504 1661 Ὢ
533 1608 790 1679 ῥημάτων
828 1607 1085 1676 κυμάτων
1119 1605 1197 1675 τῷ
1241 1606 1432 1677 Πέτρῳ
1462 1604 1659 1673 φανέν-

80 1720 193 1756 των
216 1703 229 1756 !
259 1703 355 1754 Ὃν
382 1700 581 1772 ᾐδέσθη
602 1701 668 1753 τὰ
697 1703 935 1769 κύματα,
963 1698 1149 1751 τοῦτον
1173 1694 1483 1767 ἀλεκτρυὼν
1509 1697 1662 1766 ἐστη-

1763 521 1936 582 guet:
1991 514 2109 584 ipse
2153 513 2368 569 Domini
2410 516 2705 570 verborum
2758 526 2998 573 assertor
3039 522 3190 577 erit:
3246 523 3338 579 ille

1762 608 2035 661 cantando
2072 607 2363 662 verborum
2407 614 2626 663 tuorum
2678 610 3033 667 venditationi
3086 614 3333 672 obsistet.

1761 696 1939 751 Verba
1976 698 2244 767 ejusmodi
2294 713 2382 753 res
2431 700 2547 769 ipsa
2585 710 2881 755 consecuta
2922 711 3025 757 est.
3072 702 3338 776 Loquitur

1759 791 1977 861 puclla,
2036 799 2090 846 et
2135 792 2505 859 apostolorum
2555 793 2875 864 coryphtetts
2918 795 3190 861 turbatur,
3234 796 3339 853 Pe-

1760 888 1988 948 trusque
2012 881 2349 946 coarguitur.
2381 879 2565 935 Puella
2602 881 2872 951 loquitur.
2910 891 2963 937 et
3012 893 3161 953 petra
3201 894 3337 940 tem-

1758 980 1967 1040 pestate
1999 977 2266 1023 movetur.
2301 967 2485 1024 Puella
2511 980 2795 1037 susurrat,
2827 982 2878 1027 et
2921 972 3117 1029 Petrus
3153 984 3334 1045 negat.

1762 1061 2024 1132 Sperabat
2054 1059 2248 1114 Pe'rus
2277 1061 2379 1115 sibi
2406 1062 2612 1129 jurauti
2652 1062 2808 1116 ﬁdem
2842 1064 3146 1120 habituram
3183 1067 3336 1136 puel-

1758 1153 1908 1219 lam;
1933 1153 2028 1206 sed
2078 1152 2195 1206 avis
2222 1152 2534 1219 iuramenta
2575 1169 2683 1208 non
2733 1156 3011 1209 admittit:
3061 1173 3196 1213 voce
3234 1172 3338 1213 sua

1753 1244 1959 1313 juranti
1992 1259 2054 1303 os
2088 1246 2350 1309 obturat;
2378 1246 2733 1313 apostolicam
2775 1262 2882 1299 non
2913 1257 3131 1302 veretur
3159 1249 3339 1319 digni-

1757 1341 1970 1388 tatem:
2033 1341 2323 1390 veneratur
2388 1334 2587 1403 quippe
2633 1333 2848 1390 Domini
2904 1338 3333 1407 praedictionem.

1763 1443 1782 1477 ι
1820 1424 2146 1495 Priusquam
2197 1427 2372 1496 gallus
2407 1433 2622 1487 cantet,
2661 1435 2742 1481 ter
2789 1443 2875 1482 me
2929 1430 3154 1498 negabis
3197 1429 3262 1484 εί.
3306 1449 3328 1483 ι

1756 1516 1976 1587 Accepi,
2006 1532 2038 1570 o
2080 1516 2255 1577 Petre.
2292 1518 2586 1573 accusandi
2617 1525 2830 1588 tempus
2861 1520 3194 1574 condictum.
3247 1519 3336 1574 Li-

1759 1616 1845 1662 cet
1872 1616 2053 1663 tacere
2089 1609 2280 1670 nolim,
2312 1610 2549 1663 clamare
2579 1619 2757 1664 tamen
2793 1626 2900 1664 non
2938 1613 3113 1665 valeo.
3142 1610 3187 1665 0
3222 1627 3339 1667 ver-

1761 1700 1826 1753 ba
1871 1716 1993 1769 qua:
2037 1700 2191 1768 quasi
2231 1701 2431 1756 ﬂuctus
2469 1701 2630 1755 Petro
2669 1702 2786 1756 visa
2827 1705 2987 1757 sunt!
3033 1704 3203 1769 Quem
3239 1701 3338 1757 ﬂu—

80 1794 347 1848 λίτευσεν.
374 1765 547 1845 δΟπου
570 1765 689 1862 ’γὰρ
719 1792 747 1843 ό
773 1765 1052 1860 *Δεσπότης
1092 1765 1443 1861 προστάττων
1486 1765 1656 1851 ἐστὶν,

1766 1765 2070 1845 ειυς-γει·ὴί
2100 1800 2247 1855 sunt,
2279 1808 2402 1847 eum
2430 1792 2671 1846 traduxit
2696 1795 2891 1862 gallus.
2929 1765 3076 1847 Νηιιῖ
3103 1796 3190 1851 ubi
3234 1794 3338 1849 Do-

83 1886 115 1938 ὑ
127 1902 199 1954 πη
207 1887 350 1956 ρετεί
379 1886 489 1945 τοῖς
506 1882 812 1953 ὁμοδούλοις
834 1882 867 1951 ἡ
884 1880 1142 1934 θάλαττα.
1158 1879 1333 1932 Ὅπου
1348 1878 1375 1930 ὁ
1388 1877 1664 1947 Δεσπότης

78 1977 459 2048 ἁντιπράττει,
479 1975 572 2027 καὶ
615 1973 969 2044 ἀλεκτρυόνες
990 1970 1321 2035 ὁπλίζονται.
1346 1969 1529 2023 Πάντα
1558 1968 1665 2037 γὰρ

80 2070 198 2131 τοῖς
242 2066 338 2119 τοῦ
394 2064 753 2135 πεποιηκότος
776 2064 965 2117 ἕπεται
1008 2062 1294 2133 νεύμασιν.
1341 2079 1359 2111 ι
1407 2060 1532 2112 Ἐὰν
1570 2058 1663 2129 δέῃ

85 2176 155 2229 με
191 2158 287 2211 σὺν
311 2157 392 2208 σοὶ
420 2155 734 2218 ἀποθανεῖν,
778 2156 836 2208 οὐ
866 2156 939 2225 μή
974 2170 1033 2206 σε
1067 2154 1486 2224 ἀπαρνήσομαιο
1518 2170 1537 2203 ι
1572 2151 1666 2205 καὶ
1720 2213 1725 2219 ,

79 2249 276 2302 πάλιν⁶
311 2266 329 2299 ι
361 2249 474 2300 Οὐκ
519 2241 635 2299 οἶδα
662 2246 752 2299 τὸν
788 2244 1091 2316 ἄνθρωπον.
1119 2262 1136 2294 ι
1163 2243 1335 2295 Βλέπε
1360 2242 1526 2311 φόϐου
1560 2241 1655 2293 καὶ

76 2342 251 2395 πόθου
283 2338 777 2411 συμπεπλεγμένας
797 2336 999 2406 φωνάς.
1043 2335 1365 2406 Ἠγνόησας,
1390 2327 1435 2385 ὦ
1464 2333 1659 2402 Πέτρε,

76 2433 175 2487 τὸν
204 2432 406 2504 Κύριον
432 2448 446 2493 ;
469 2432 675 2485 Οὐκοῦν
701 2430 795 2485 καὶ
825 2431 854 2481 ὁ
881 2429 1084 2499 Κύριος
1119 2427 1209 2480 τὸν
1236 2428 1440 2498 Πέτρον
1471 2428 1663 2495 ἠγνόη-

81 2540 215 2589 σεν;
249 2524 315 2575 Ὢ
347 2522 519 2592 φόϐου
546 2520 708 2574 πόθον
748 2520 1097 2591 νικήσαντοςί
1127 2516 1413 2589 Θεώρησον
1441 2516 1536 2586 τὴν
1567 2515 1661 2569 τοῦ

80 2615 296 2685 Πέτρου
321 2612 541 2674 δειλίαν,
573 2613 660 2666 ἵνα
700 2611 896 2683 μάθῃς,
919 2611 1002 2674 τίς
1029 2612 1058 2663 ό
1088 2609 1187 2682 τὴν
1224 2610 1535 2682 παρρησίαν
1560 2608 1662 2662 δω-

82 2704 371 2777 ρούμενος.
408 2702 739 2774 Ἐλεγχέσθω
763 2701 943 2772 φύσις,
970 2702 1058 2755 ἵνα
1080 2703 1223 2772 φανῇ
1249 2702 1281 2770 ἡ
1316 2701 1506 2771 χάρις·
1554 2698 1660 2751 δει-

79 2794 304 2850 κνύσθω
329 2794 391 2848 τὸ
415 2795 605 2858 πάθος,
633 2795 721 2848 ἵνα
752 2796 892 2864 φανῇ
919 2793 1016 2863 τῆς
1035 2792 1313 2862 δυνάμεως
1338 2796 1367 2845 ό
1392 2791 1622 2862 χορηγός
1642 2807 1656 2821 ·

79 2888 238 2959 αὐτῷ
301 2889 335 2959 ἡ
392 2887 517 2952 δόξα
578 2886 669 2941 καὶ
700 2887 760 2940 τὸ
789 2887 989 2957 κράτος
1031 2884 1128 2937 καί⁵
1167 2882 1261 2937 νῦν
1299 2883 1392 2937 καὶ
1424 2884 1503 2947 εἰς
1535 2882 1660 2944 τοὺς

79 2978 289 3043 αἰῶνας
333 2977 441 3032 τῶν
471 2976 702 3031 αἰώνων.
748 2977 942 3047 ’Δμήν.

162 3098 206 3129 ⁸³
251 3094 446 3150 Matth.
484 3110 636 3158 χχιιι,
672 3092 761 3148 ει.
853 3094 897 3125 ⁸³
938 3091 1071 3147 ibid.
1108 3090 1196 3147 72.

1761 1885 1946 1938 minus
1975 1882 2225 1953 imperat,
2259 1883 2332 1937 ibi
2365 1899 2514 1938 mare
2556 1885 2838 1940 conservis
2884 1884 3196 1939 famulatur.
3236 1884 3336 1942 Ubi

1762 1972 2030 2027 Dominus
2064 1981 2347 2043 repugnat,
2388 1974 2458 2027 ibi
2496 1982 2781 2028 armantur
2811 1976 2912 2044 ipsi
2959 1976 3105 2045 galli.
3139 1975 3337 2032 Omnia

1763 2064 1964 2133 quippe
1998 2063 2210 2132 opiﬁcis
2255 2075 2448 2117 nutum
2494 2075 2817 2133 sequuntur.
2860 2085 2877 2116 ι
2909 2064 3135 2120 Etiamsi
3174 2082 3338 2136 opor-

1764 2156 1933 2210 tuerit
1967 2171 2052 2209 me
2080 2156 2217 2208 mori
2249 2162 2428 2210 tecum
2449 2196 2464 2216 ,
2502 2171 2608 2209 non
2643 2164 2696 2210 te
2732 2158 2940 2228 negabo
2970 2176 2983 2211 :
3023 2177 3041 2209 ι
3073 2166 3125 2212 et
3160 2167 3283 2227 post
3317 2175 3334 2214 :

1769 2267 1785 2299 ι
1822 2248 1938 2301 Non
1963 2250 2087 2302 novi
2127 2248 2400 2304 hominem
2436 2250 2500 2304 3'.
2539 2270 2559 2301 ι
2600 2249 2737 2305 Vide
2774 2251 2987 2305 timoris
3025 2252 3338 2322 amorisqu

1757 2339 2115 2408 complicatas
2147 2356 2326 2395 voces.
2378 2340 2495 2394 Non
2544 2356 2743 2406 noras,
2780 2340 2969 2401 Petre,
3008 2339 3340 2396 Dominum?

1758 2431 1841 2485 An
1875 2431 2043 2500 igitur
2068 2437 2122 2486 et
2151 2430 2414 2485 Dominus
2447 2432 2665 2487 Petrum
2691 2448 2796 2486 non
2829 2433 3018 2486 novit?
3045 2431 3089 2487 0
3133 2440 3337 2485 metum

1759 2521 1854 2592 qui
1881 2524 2053 2577 vincit
2088 2537 2325 2579 amorem
2352 2526 2365 2578 ἰ
2395 2522 2695 2579 Considera
2726 2526 2856 2578 milii
2887 2525 3031 2577 illam
3066 2522 3206 2577 Petri
3235 2522 3341 2577 lor-

1761 2612 2044 2678 midinem,
2082 2623 2140 2669 ut
2168 2616 2404 2679 ediscas,
2430 2617 2683 2685 quisnam
2716 2617 2788 2670 sit
2815 2616 2908 2684 qui
2939 2616 3033 2669 dat
3062 2614 3336 2668 ﬁduciam.

1766 2701 2042 2771 Arguatur
2087 2713 2307 2767 natura,
2349 2712 2410 2759 ut
2452 2712 2709 2775 appareat
2754 2707 2967 2776 gratia:
3018 2704 3341 2760 exbibsstttr

1766 2791 2078 2854 inﬁrmitas.
2116 2804 2173 2850 ut
2221 2804 2479 2866 appareat
2518 2798 2734 2851 virtutis
2765 2805 2989 2862 auctor,
3035 2798 3121 2851 cui
3166 2793 3340 2867 giuria

1764 2892 1818 2939 et
1869 2886 2158 2956 imperium
2213 2895 2268 2943 et
2316 2902 2460 2943 nunc
2512 2898 2567 2943 et
2629 2888 2685 2943 in
2737 2890 2939 2946 saecula
2990 2889 3337 2945 steculomm.

1764 2977 1957 3033 Amen.

1037 3383 1108 3439 IN
1149 3381 1532 3440 SERMONEM
1572 3382 1997 3451 SEQUENTEM
2043 3384 2386 3442 MONITUM.

161 3505 328 3578 385
351 3504 534 3560 Sermo
562 3504 616 3557 in
638 3502 963 3557 Parasceven
988 3502 1261 3572 antiquum
1289 3510 1365 3555 est
1392 3516 1520 3568 opus
1538 3516 1557 3553 :
1588 3514 1708 3553 nam
1733 3500 1785 3553 in
1815 3499 2078 3554 codicibus
2096 3518 2355 3556 annorum
2380 3503 2655 3574 plusquam
2683 3505 3094 3575 octingentorum
3131 3502 3340 3572 legitur.

83 3599 320 3656 Hinime
360 3608 533 3651 tamen
563 3596 855 3650 Athanasio
895 3593 1267 3656 ascribendus,
1303 3593 1472 3662 stylus
1503 3591 1641 3645 enim
1671 3589 2038 3644 Athanasiano
2087 3591 2326 3646 absinzile
2363 3594 2518 3661 plane
2539 3601 2637 3648 est.
2670 3593 2812 3647 Nam
2850 3596 2969 3648 licet
2992 3594 3086 3647 hoc
3119 3606 3344 3661 opuscu-

82 3697 202 3751 lum
238 3693 471 3761 ah’quam
496 3688 743 3759 prmferat
773 3687 1043 3758 elegantiae
1083 3688 1338 3755 speciem,
1376 3693 1432 3738 at
1484 3682 1700 3736 minime
1756 3683 1991 3735 nativam
2023 3698 2041 3736 :
2084 3683 2172 3737 sed
2232 3687 2395 3753 tropis
2422 3725 2438 3749 ,
2489 3688 2673 3758 ﬁguris
2700 3728 2714 3750 ,
2771 3684 3243 3741 exclamationibus
3273 3681 3343 3736 ad

82 3782 427 3854 κακοζηλὶαν
456 3797 616 3850 usque
644 3778 1045 3834 redundantem.
1111 3776 1179 3830 In
1212 3777 1374 3829 nullis
1401 3775 1563 3827 etiam
1595 3770 1877 3825 Athanasii
1937 3788 2149 3841 operum
2188 3775 2580 3831 collectionibus
2618 3776 2992 3845 manuscriptis
3034 3774 3206 3827 locum
3247 3770 3347 3826 ha-

84 3882 230 3946 buit,
260 3875 399 3949 quod
427 3876 676 3932 sciamus.
712 3873 891 3942 Quare
921 3874 1058 3928 inter
1093 3872 1276 3943 spuria
1308 3870 1491 3924 merito
1530 3866 1824 3936 ablegatur.

1177 4097 1315 4151 ΤΟΥ
1351 4096 1444 4149 ΕΝ
1479 4096 1700 4151 ΔΓΙΟῙΣ
1738 4095 2010 4149 ΠΑΤΡΟΣ
2046 4095 2243 4149 ΗΜΩΝ

1408 4221 2078 4337 ΑΘΑΝΑΣΙΟΥ’

597 4419 844 4476 ΛΟΓΟΣ
874 4419 1001 4474 ΕΙΣ
1041 4418 1128 4472 T0
1155 4418 1386 4473 ΠΑΘΟΣ
1427 4418 1569 4471 ΤΟΥ
1599 4419 1662 4471 Κ

1766 4419 1887 4471 tor
1914 4416 2025 4490 (ευ)
2048 4420 2141 4491 Τῌ
2172 4420 2353 4489 Atla
2386 4417 2577 4473 HAPA
2588 4419 2732 4474 Σκε
2742 4418 2857 4491 ra.

1707 4564 1778 4577 .—

1104 4672 1199 4762 S.
1279 4673 1388 4759 P.
1470 4672 1589 4760 N.
1688 4669 2347 4760 ATHANASII

820 4847 1068 4905 SERMO
1114 4847 1204 4903 IN
1235 4847 1679 4908 PASSIONEM
1710 4847 2008 4905 DOMINI
2048 4848 2140 4904 IN
2176 4846 2640 4905 PARASCEVE.

173 5084 231 5139 ῒ.
261 5079 424 5150 Μέγα
450 5079 548 5151 μὲν
563 5079 791 5151 οὐρανὸς
805 5080 868 5152 δη
878 5079 1109 5153 μιούργη
1119 5100 1214 5153 μα,
1233 5083 1440 5156 καὶτῆς
1470 5086 1686 5157 ὁρωμέ-

93 5193 202 5247 νης
235 5174 466 5236 κτίσεως
495 5172 707 5244 πρῶτον
728 5173 831 5226 ὑπὸ
850 5173 942 5227 τοῦ
969 5174 1103 5227 Θεοῦ
1134 5177 1212 5239 εἰς
1234 5176 1293 5229 τὸ
1322 5172 1462 5230 εῖναι
1492 5177 1686 5231 καλού-

1716 4996 1787 5010 ι--ι

1861 5082 1913 5136 l.
1957 5078 2211 5150 Magnum
2274 5078 2496 5149 quidem
2547 5077 2825 5150 opiﬁcium
2883 5083 2968 5133 est
3022 5076 3262 5139 coelum,
3298 5088 3364 5131 ac

1788 5175 2025 5248 primum
2058 5172 2299 5227 omnium
2328 5187 2456 5242 quin
2484 5172 2586 5227 sub
2615 5180 2892 5241 aspectum
2919 5168 3124 5223 cadunt
3145 5176 3365 5222 creatu-

100 5281 304 5338 μενον·
344 5263 489 5334 μέγα
530 5263 587 5316 δέ
644 5280 696 5317 τι
740 5264 836 5317 καὶ
868 5263 1180 5335 θαυμαστὸν
1225 5266 1334 5319 τῶν
1364 5267 1612 5337 ἀγγέλων
1649 5271 1662 5320 1‘

1788 5282 2017 5328 rarum,
2077 5279 2107 5318 a
2146 5263 2254 5320 Deo
2281 5274 2533 5318 vocatum
2583 5270 2646 5319 ut
2695 5269 2862 5318 esset.
2922 5260 3175 5331 Magnum
3235 5258 3363 5312 item

97 5354 293 5427 φύσις,
320 5354 571 5424 ἀοράτοις
610 5355 1012 5426 στεφανουμένη
1041 5359 1154 5421 τοῖς
1181 5356 1452 5412 κάλλεσιν.
1496 5357 1684 5428 Ἀμιλ-

1788 5356 2069 5426 quidpiam
2101 5363 2156 5409 et
2208 5355 2589 5409 admirandum
2639 5363 2725 5409 est
2770 5352 3086 5423 angelorum
3137 5356 3363 5410 natura,

96 5448 432 5509 λᾶται.τοῖς.
455 5447 765 5517 εἰρημένοις
784 5450 879 5501 καί¹
918 5449 1089 5519 ἥλιος,
1123 5448 1223 5514 τὰς
1265 5449 1531 5521 ἡμερινὰς
1588 5450 1662 5503 τοί

1788 5448 2129 5503 ornamentis
2184 5448 2553 5502 invisibilibus
2610 5453 2890 5501 coronata.
2939 5444 3076 5499 Cum
3119 5442 3203 5496 his
3247 5456 3366 5511 qua:

103 5537 301 5609 φωτὸς.
335 5536 623 5608 λαμπάδας
663 5537 1140 5610 περιϐαλλόμενος,
1178 5540 1271 5592 καὶ
1313 5539 1402 5593 τὸν
1436 5540 1662 5611 οὐράνιοε

1792 5540 2032 5597 diximus
2091 5540 2175 5597 sol
2217 5539 2536 5606 contendit,
2589 5540 2680 5609 qui
2716 5538 2929 5594 diurnis
2971 5533 3115 5592 lucis
3154 5532 3369 5590 facibus

182 5694 299 5758 (20)
332 5693 421 5750 Sic
450 5710 582 5752 mss.
610 5694 752 5750 Editi
777 5710 903 5751 vero
933 5695 1269 5762 simpliciter,
1296 5695 1371 5759 εἰς
1396 5694 1492 5763 τὴν
1526 5694 1662 5763 ἁγία·

1766 5696 2100 5762 αρασκευήν,
2136 5695 2357 5752 omissis
2386 5693 2631 5757 reliquis.
