3832 6216
516 242 656 298 1055

1652 235 1711 291 S.
1747 234 2210 291 ATHANASIUS.
2251 264 2322 275 —
2358 236 2632 296 SPURIA.

3634 242 3777 296 ωσι

515 355 749 418 cinctus,
779 353 1056 409 cmlestem
1078 352 1318 408 concitat
1347 367 1592 408 cursum.
1619 352 1851 409 Mentem
1880 353 2071 407 obstu-

2191 350 2371 422 ἲρόμον
2404 354 2658 409 ἐλαύνων.
2701 356 3015 429 Ἐκπλὴττει
3042 357 3139 428 τὴν
3169 356 3405 412 διάνοιαν
3436 360 3470 429 ἡ
3502 357 3605 429 γῆ,
3638 377 3775 430 κρε-

514 444 717 515 pel‘acit
744 453 884 498 terra
915 484 930 507 ,
981 443 1140 512 jussu
1190 442 1283 498 Dci
1317 458 1583 512 suspensa
1611 483 1627 508 ,
1689 458 1753 497 ac
1785 459 1947 513 grave
1979 445 2081 499 hoc

515 534 844 588 elementum
875 535 1031 605 aquis
1061 534 1354 588 invectum.
1388 534 1529 599 Ouid
1564 535 1631 588 de
1664 536 1802 588 mari
1837 534 2079 600 dixeris,

516 623 591 677 ita
620 625 925 692 explicato,
974 637 1141 676 arena
1171 624 1373 685 cincto,
1399 623 1577 678 ventis
1609 623 1944 693 gubernato?
1977 622 2083 679 Sed

513 715 630 770 haec
649 718 832 771 omnia
862 716 1076 784 quidem
1114 717 1360 786 pulchra,
1394 715 1503 770 imo
1537 716 1828 770 admodum
1857 717 2082 786 pulchra

516 815 645 864 sunt
674 808 957 863 creatricis
1007 808 1286 876 sapientiae
1334 807 1586 876 opiﬁcia;
1624 807 1718 861 sed
1742 824 1930 863 eorum
1963 810 2085 879 pul-

515 898 881 953 chritudinem
917 898 1227 968 deturpavit
1282 899 1479 961 homo,
1536 914 1600 952 ac
1652 900 1877 954 honoris
1934 901 2082 955 allati

515 989 873 1042 exuberantia
897 1027 911 1052 ,
966 989 1250 1044 honoratis
1278 988 1488 1056 pridem
1523 989 1911 1043 contumeliam
1943 992 2084 1045 irro—

516 1081 681 1148 gavit.
721 1079 827 1136 Res
855 1082 999 1135 enim
1024 1087 1235 1135 creatas
1270 1095 1436 1150 supra
1468 1080 1686 1134 modum
1725 1081 2084 1137 admiratione

515 1180 859 1241 prosecutus,
889 1173 957 1228 iis
986 1188 1107 1242 qua:
1135 1180 1263 1227 ante
1316 1173 1372 1226 in
1408 1173 1614 1228 honore
1644 1182 1820 1235 erant,
1848 1173 2084 1230 dedecus

516 1262 733 1317 infudit.
776 1263 866 1318 Sic
898 1264 1065 1317 invita
1093 1271 1339 1320 creatura
1369 1266 1574 1318 erroris
1614 1273 1784 1318 mater
1813 1266 1934 1319 fuit.
1975 1264 2081 1321 Sed

513 1354 876 1408 errabundam
893 1355 1185 1410 miseratus
1203 1355 1485 1419 Dominus,
1504 1371 1721 1411 crucem
1756 1357 1808 1410 in
1845 1358 2080 1412 medium

515 1445 733 1508 attulit,
780 1445 1091 1501 hominibus
1139 1448 1465 1516 cognitionis
1493 1446 1608 1511 Dei,
1644 1448 1777 1519 ipsis
1821 1451 2084 1506 creaturis

510 1538 769 1601 validius,
796 1538 1239 1593 instrumentum.
1270 1538 1519 1593 lneﬂicax
1550 1540 1732 1609 itaque
1765 1542 1961 1596 coelum
1984 1542 2084 1597 fuit

512 1627 580 1680 ad
617 1628 952 1698 impietatem
997 1631 1396 1702 corrigendam.
1433 1633 1710 1689 Adoratus
1745 1635 1826 1688 sol
1876 1635 2083 1704 pudore

513 1720 731 1788 quidem
762 1720 988 1777 allectus
1009 1733 1126 1787 est,
1174 1739 1277 1779 nec
1319 1725 1488 1779 valuit
1535 1734 1716 1781 tamen
1762 1728 2081 1783 adoratores

512 1813 825 1882 prohibere.
895 1812 1064 1868 Terra
1131 1817 1346 1885 corpori
1410 1818 1629 1886 quidem
1688 1820 2084 1874 medicamenta

515 1904 742 1972 profert.
770 1905 864 1960 sed
895 1908 1180 1975 aegrotanti
1216 1908 1409 1963 anima:
1460 1924 1619 1979 opem
1681 1909 1824 1965 ferre
1874 1912 2081 1980 nequit.

517 1993 664 2048 Mare
714 1995 842 2049 huic
892 1997 1303 2052 malo'curando
1339 2000 1513 2068 impar
1553 2000 2081 2069 deprehendebatur.

517 2085 707 2141 Caecus
725 2086 888 2143 homo
920 2088 1186 2143 circuibat
1207 2100 1536 2156 creaturam,
1562 2100 1616 2145 et
1646 2092 1700 2145 in
1730 2092 1877 2161 quod
1908 2093 2083 2163 palpi-

518 2178 683 2232 tando
712 2179 1005 2245 incidebat,
1033 2180 1164 2235 illud
1195 2182 1458 2241 adorabat
1484 2203 1496 2238 :
1530 2184 1806 2254 Deumque
1832 2201 1942 2238 non
1990 2201 2087 2254 po-

517 2278 657 2322 terat
684 2270 947 2336 invenire,
973 2279 1160 2342 utpote
1181 2288 1340 2342 quem
1363 2280 1476 2328 tota
1506 2281 1883 2328 creaturarum
1922 2275 2085 2328 turba

517 2359 684 2415 Deum
721 2362 1045 2431 praedicans,
1080 2364 1148 2418 ad
1182 2365 1346 2420 unius
1397 2364 1489 2420 Dei
1550 2365 1854 2419 doctrinam
1908 2365 2083 2420 dedu-

516 2466 641 2506 cere
673 2467 784 2507 non
821 2454 1046 2509 valeret.
1094 2453 1198 2510 Sed
1242 2455 1387 2524 quod
1420 2457 1615 2511 coelum
1651 2456 1941 2526 nequibat,
1978 2456 2084 2511 hoc

516 2556 650 2596 crux
686 2542 894 2600 elﬁcere
931 2547 1149 2615 potuit:
1200 2563 1361 2616 quem
1402 2548 1484 2603 sol
1526 2563 1637 2602 non
1683 2548 1908 2614 docuit,
1947 2563 2087 2602 crux

517 2634 794 2705 refulgens
821 2637 1149 2692 illuminavit
1177 2658 1190 2692 :
1230 2639 1337 2694 vile
1364 2639 1901 2709 lignum-plantatum
1922 2681 1937 2706 ,
1987 2640 2088 2693 im—

517 2726 705 2795 pietati
725 2729 962 2783 deditum
987 2729 1171 2784 orbem
1198 2729 1264 2783 ad
1294 2732 1543 2799 pietatem
1569 2732 1825 2786 excoluit.
1854 2731 2085 2801 Lignum

517 2817 887 2875 damnationis
947 2821 1407 2885 instrumentum,
1449 2823 1723 2877 damnatis
1777 2822 2087 2876 libertatem

517 2910 850 2966 conciliavit.
912 2911 1153 2967 Invalida
1217 2914 1284 2967 ad
1350 2915 1578 2970 salutem
1633 2915 1913 2969 hominum
1970 2923 2088 2969 erat

2183 442 2398 513 μαμένη
2460 444 2861 515 προστάγματι,
2919 447 3012 499 καὶ
3056 447 3117 499 τὸ
3174 445 3313 518 βαρὺ
3344 450 3620 518 στοιχεῖον
3660 452 3771 510 τοῖς

2182 530 2368 586 ὕδασιν
2423 535 2803 606 ἐποχούμενον.
2863 537 2929 590 Τί
2974 537 3018 592 δ’
3062 538 3126 592 ἄν
3157 554 3242 601 τις
3283 539 3451 602 εἴποι,
3488 539 3772 593 θάλατταν

2180 624 2512 697 ἡπλωμένην
2556 628 2715 699 ὁρῶν,
2761 628 2855 682 καὶ
2889 628 3099 700 ψάμμῳ
3138 629 3247 701 (21)
3296 631 3392 701 μὲν
3445 632 3770 702 δεδεμένην,

2181 717 2453 788 πνεύμασι
2494 719 2551 772 δὲ
2591 720 3048 792 κυϐερνωμένην;
3095 722 3254 775 Ἀλλὰ
3280 724 3458 777 πάντα
3497 725 3605 793 μὲν
3628 727 3772 779 καλὰ

2181 810 2276 864 καὶ
2336 809 2456 863 λίαν
2512 810 2671 876 καλά,
2733 812 2827 865 καὶ
2884 812 2985 881 τῆς
3034 812 3125 866 τοῦ
3180 814 3515 886 δημιουργοῦ
3575 817 3775 884 σοφίας

2178 902 2529 974 τεχνάσματα
2550 918 2564 932 ο
2605 903 2804 974 ᾔσχυνε
2847 903 2903 956 δέ
2950 903 3151 960 τούτων
3184 905 3243 958 τὸ
3271 906 3467 970 κάλλος
3495 909 3529 961 6
3558 907 3775 978 ἀνθρω-

2180 1010 2283 1057 πος
2339 996 2406 1064 τῇ
2459 994 2558 1064 τῆς
2606 996 2772 1065 τιμῆς
2804 996 3100 1067 ὑπερϐολῇ,
3132 999 3243 1060 τοῖς
3296 998 3645 1068 τιμωμένοις
3674 1001 3771 1069 τὴν

2182 1081 2339 1155 ὕϐριν
2377 1086 2659 1157 γεννήσας.
2690 1086 2887 1157 Θαῦμα
2914 1088 3022 1159 γὰρ
3064 1091 3131 1159 τῇ
3176 1088 3349 1141 κτίσει
3383 1090 3774 1160 προσενέγκας

2181 1174 2502 1245 ὑπερὸαἰνον
2523 1175 2589 1228 τὰ
2621 1175 2794 1246 μέτρα
2812 1177 2910 1246 τῆς
2935 1176 3182 1238 κτίσεως,
3211 1176 3425 1241 ἀδοξίαν
3446 1180 3570 1241 τοῖς
3597 1195 3774 1247 τιμω-

2185 1266 2367 1338 μένοις
2386 1265 2660 1335 κατέχεεν.
2675 1266 2829 1320 Οὕτω
2845 1266 3051 1337 πλάνης
3084 1268 3265 1339 μήτηρ
3295 1269 3327 1338 ή
3355 1268 3533 1331 κτίσις
3558 1270 3775 1322 ἄκουσα

2180 1357 2422 1426 γέγονεν.
2467 1358 2605 1411 Ἀλλ’
2636 1356 2864 1430 ᾤκτειρε
2906 1358 3005 1429 τὴν
3038 1360 3397 1431 πλανωμένην
3424 1362 3454 1413 6
3481 1361 3651 1425 Θεὸς,
3683 1363 3774 1414 καὶ

2183 1450 2337 1521 φέρει
2374 1451 2604 1521 σταυρὸν
2636 1452 2693 1503 ἐν
2713 1451 2881 1522 μέσῳ,
2902 1451 3228 1520 θεογνωσίας
3261 1453 3577 1524 ἀνθρώποις
3609 1456 3775 1524 ὄργα-

2182 1558 2311 1606 νον,
2360 1544 2459 1613 τῆς
2511 1544 2737 1605 κτίσεως
2795 1543 3178 1615 δυνατώτερον.
3219 1545 3533 1618 Ἀπρακτος
3580 1546 3720 1614 γοῦν
3747 1550 3774 1599 6

2182 1634 2409 1706 οὐρανὸς
2455 1636 2591 1707 πρὸς
2637 1635 2891 1699 ἀσεϐείας
2932 1636 3044 1707 (22)
3078 1635 3270 1705 γέγονε
3307 1636 3627 1708 διόρθωσιν.
3662 1639 3774 1691 Καὶ

2190 1726 2336 1796 ἥλιος
2394 1728 2490 1797 μὲν
2539 1726 2800 1797 ᾐσχύνετο
2846 1727 3355 1799 προσκυνούμενος,
3418 1729 3669 1783 κωλύειν
3718 1731 3772 1783 δὲ

2182 1819 2309 1881 τοὺς
2358 1819 2789 1890 προσκυνοῦντας
2824 1820 2923 1873 οὐκ
2955 1819 3162 1890 ίσχυσε.
3197 1820 3293 1890 Γῆ,
3330 1821 3399 1874 τὰ
3434 1820 3532 1873 τοῦ
3577 1820 3773 1891 σῶμα·

2181 1923 2273 1970 τος
2303 1909 2569 1980 φάρμακα
2596 1907 2854 1979 βρύουσα,
2880 1910 2944 1979 τῇ
2978 1908 3123 1979 ψυχῇ
3156 1908 3385 1981 νοσούσῃ
3413 1907 3643 1977 βοηθεῖν
3677 1912 3773 1962 οὐκ

2184 1995 2431 2065 ἠδύνατο.
2468 1996 2723 2051 Θάλασσα
2766 1998 2992 2069 περιττὴ
3025 1998 3162 2069 πρὸς
3192 1997 3255 2051 τὸ
3286 1999 3456 2062 πάθος
3478 2000 3770 2070 ἠλέγχετο.

2184 2088 2294 2140 Καὶ
2315 2087 2410 2141 ἄνθ
2417 2105 2598 2159 ρωπος
2619 2089 2943 2158 τυφλώττων
2974 2093 3202 2162 περιῆγε
3234 2090 3333 2162 τὴν
3354 2091 3559 2154 κτίσιν,
3592 2093 3697 2145 καὶ
3716 2093 3773 2144 τὸ

2185 2177 2526 2248 προσπίπτον
2548 2177 2813 2248 ψηλαφῶν
2851 2179 3196 2249 προσεκύνει,
3219 2181 3351 2235 Θεὸν
3382 2181 3574 2251 εὑρεῖν
3601 2183 3667 2235 οὗ
3694 2182 3773 2234 δυ-

2183 2266 2413 2337 νάμενος
2431 2283 2444 2296 ο
2474 2266 2531 2319 ὃν
2552 2269 2579 2321 6
2594 2268 2694 2336 τῆς
2717 2269 2947 2331 κτίσεως
2968 2268 3097 2341 ὅλης
3118 2269 3288 2340 δῆμος
3312 2271 3610 2341 κηρύττων
3640 2274 3773 2343 πρὶς

2183 2355 2283 2427 τὴν
2304 2355 2421 2419 ἐνὸς
2442 2356 2576 2409 Θεοῦ
2603 2357 2951 2412 διδασκαλίαν
2983 2361 3279 2433 προσάγειν
3315 2362 3415 2414 οὐκ
3443 2362 3768 2433 ἐξήρκεσεν.

2196 2446 2335 2500 Ἀλλ’
2363 2446 2391 2500 6
2418 2446 2491 2517 μὴ
2515 2448 2810 2520 πεποίηκεν
2825 2453 2853 2503 6
2880 2453 2940 2503 ού
2950 2451 3124 2522 ρανὸς,
3145 2452 3300 2506 τοῦτο
3318 2453 3543 2523 ἴσχυσεν
3561 2455 3595 2506 ὁ
3614 2472 3773 2507 σταυ·

2188 2535 2313 2613 ρός·
2368 2538 2463 2591 καὶ
2491 2539 2550 2592 ὃν
2582 2539 2731 2610 ἣλιος
2764 2543 2864 2595 οὐκ
2911 2542 3133 2609 ἐδίδαξε,
3172 2543 3398 2613 σταυρὸς
3438 2545 3772 2617 ἀναλάμψας

2186 2626 2586 2699 ἐφωταγώγησε
2608 2646 2621 2659 ·
2653 2630 2744 2683 καὶ
2786 2630 2942 2697 ξύλον
2974 2632 3190 2696 εὐτελὲς
3220 2633 3486 2703 φυτευθὲν
3507 2636 3769 2706 οἰκουμέ-

2187 2736 2284 2791 νην
2300 2719 2597 2773 ἀσεϐοῦσαν
2610 2722 2746 2793 πρὸς
2759 2722 3040 2777 εὐσέϐειαν
3059 2723 3306 2798 ἐγεώργη
3314 2741 3393 2777 σε.
3411 2724 3592 2779 Ξύλον
3609 2744 3771 2781 κατα-

2186 2812 2341 2885 δίκης
2370 2813 2596 2886 δργανον
2624 2818 2736 2879 τοῖς
2757 2815 3066 2880 καταδίκοις
3106 2815 3418 2888 ἐλευθερίαν
3450 2819 3768 2888 ἐκαρποφό-

2188 2922 2372 2975 ρησεν.
2436 2906 2691 2976 Ἠτόνησε
2746 2905 2856 2977 (23)
2903 2906 3040 2979 πρὸς
3086 2908 3358 2979 σωτηρίαν
3402 2909 3766 2980 ἀνθρὼπωνή

518 3010 770 3056 creatura
797 3021 809 3055 :
841 3003 1084 3073 ingressa
1119 3019 1252 3058 crux
1281 3011 1339 3058 ut
1366 3004 1608 3060 medicus
1641 3007 1913 3075 apparuit.
1945 3004 2081 3071 Quia

2191 2997 2385 3062 κτίσις,
2459 2999 2552 3051 καὶ
2609 2998 2841 3070 σταυρὸς
2900 2998 3156 3052 εἰσελθὼν
3212 3000 3393 3070 ἰατρὸς
3463 3001 3765 3072 ἀνεδείχθη.

520 3093 668 3147 enim
722 3108 872 3148 mors
918 3094 1064 3164 ligno
1093 3102 1350 3165 tanquam
1383 3096 1576 3152 baculo
1614 3097 1742 3150 olim
1779 3111 1901 3161 usa,
1935 3096 2083 3151 radi-

519 3197 640 3236 cem
672 3183 967 3237 humanam
996 3187 1364 3254 oppugnar‘at,
1406 3186 1663 3254 viamque
1704 3186 1769 3239 ad
1803 3201 1924 3240 sese
1954 3186 2089 3241 insi-

518 3275 796 3329 nuandam
820 3277 1120 3340 invenerat,
1153 3278 1646 3346 transgressionem
1695 3277 1908 3332 scilicet
1938 3276 2086 3330 illam

520 3380 619 3436 per
648 3366 827 3420 cibum
868 3368 1127 3431 vetitum;
1170 3375 1357 3437 aperta
1390 3377 1519 3421 tunc
1554 3367 1716 3421 morti
1761 3368 1868 3432 via,
1898 3383 2091 3422 conse-

521 3457 790 3526 quebatur
820 3472 939 3512 eam
972 3473 1142 3526 genus
1170 3457 1467 3511 humanum
1488 3496 1502 3521 ,
1552 3465 1607 3511 et
1649 3458 1742 3527 qui
1792 3458 2089 3527 participes

519 3556 678 3604 erant
706 3557 912 3603 naturae
953 3549 1249 3620 (humanae)
1293 3548 1534 3603 hazrcdes
1571 3548 1733 3603 iidem
1765 3548 1914 3603 fuere
1954 3564 2086 3619 sup-

519 3639 690 3708 plicii.
746 3639 816 3692 At
863 3637 1004 3694 Deus
1036 3640 1239 3710 plastes
1271 3639 1360 3693 ille
1394 3639 1632 3708 ﬁgmenti
1678 3639 1938 3694 misertus
1967 3639 2051 3694 sui
2073 3679 2088 3705 ,

520 3728 728 3799 lignum
778 3738 1008 3797 naturae,
1053 3730 1365 3800 oppositum
1420 3731 1629 3785 scilicet
1676 3731 1821 3801 ligno
1856 3730 2093 3785 medica-

521 3829 789 3886 mentum,
814 3823 1051 3893 .largitus
1080 3830 1164 3877 est
1194 3841 1206 3877 :
1239 3822 1661 3893 passionemque
1692 3823 1925 3886 induxit,
1964 3838 2092 3892 pas-

524 3912 665 3967 sioni
698 3913 964 3968 medelam
997 3933 1009 3969 :
1044 3921 1097 3968 et
1149 3922 1381 3969 mortem
1428 3930 1548 3983 qua:
1594 3924 1727 3969 tunc
1776 3914 2089 3979 obtinebat,

524 4019 622 4074 per
644 4005 803 4058 aliam
842 4014 1070 4061 mortem
1100 4020 1129 4058 a
1153 4021 1212 4060 se
1237 4005 1404 4059 armis
1432 4006 1757 4060 instructam
1782 4005 2090 4062 debellavit.

524 4096 602 4151 Ac
632 4112 848 4153 rursum
880 4097 1014 4151 liber
1046 4097 1208 4150 homo
1233 4139 1245 4162 ,
1289 4097 1485 4167 quibus
1519 4096 1683 4151 rebus
1739 4096 1809 4151 ad
1864 4103 2092 4152 mortem

525 4190 627 4245 fuit
668 4191 954 4262 alligatus,
997 4189 1063 4244 iis
1094 4188 1551 4242 immortalitatem
1587 4187 1791 4241 invenit
1826 4205 1841 4243 :
1878 4188 2089 4258 jquibus

526 4283 668 4336 enim
708 4282 997 4336 damnatus
1026 4281 1218 4335 iisdem
1247 4280 1507 4333 liberatus
1538 4287 1641 4333 est.

2199 3088 2417 3160 Ἐπειδὴ
2439 3089 2546 3160 γὰρ
2574 3091 2602 3142 ὁ
2625 3087 2872 3153 θάνατος,
2901 3088 3041 3161 ξύλῳ
3064 3091 3125 3144 τὸ
3149 3090 3313 3145 πάλαι
3337 3092 3627 3164 βακτηρίᾳ
3647 3111 3767 3166 χρη-

2190 3181 2441 3250 σάμενος,
2504 3179 2603 3250 τὴν
2648 3179 2757 3232 τῶν
2796 3180 3096 3252 ἀνθρώπων
3149 3182 3303 3252 ῥίζαν
3354 3182 3764 3254 ἐπολιόρκησεν,

2186 3276 2305 3329 ὁδδν
2335 3276 2509 3348 εὑρὼν
2557 3279 2636 3341 εἰς
2667 3278 3025 3349 παρείσδυσιν
3055 3279 3154 3348 τὴν
3197 3280 3254 3331 ἐν
3285 3277 3488 3349 βρώσει
3516 3280 3766 3351 παράϐα-

2190 3384 2273 3421 σιν
2292 3384 2305 3397 °
2330 3368 2470 3432 τότε,
2497 3369 2958 3442 παρανοιχθείσης
2992 3369 3134 3423 οὕτω
3154 3369 3256 3439 τῆς
3287 3369 3410 3424 ὁδοῦ
3443 3371 3525 3442 τῷ
3560 3371 3765 3440 θανάτῳ

2188 3458 2257 3511 τά
2284 3459 2415 3530 γένη
2451 3462 2749 3531 συνήπτετο
2779 3462 2917 3533 (24),
2948 3462 3043 3515 καὶ
3073 3463 3123 3515 οἱ
3156 3462 3403 3515 κοινωνοὶ
3430 3463 3534 3532 τῆς
3563 3462 3765 3532 φύσεως

2190 3548 2429 3615 ἐγίνοντο
2466 3548 2793 3620 κληρονόμοι
2829 3549 3124 3613 κολάσεως.
3155 3549 3448 3623 Οἰκτείρας
3479 3553 3614 3615 τοὺς
3640 3550 3762 3603 πλα-

2192 3638 2418 3703 σθέντας
2459 3640 2488 3692 6
2538 3641 2800 3711 πλάστης,
2854 3641 3008 3708 ξύλον
3045 3642 3460 3713 ἀντιφάρμακον
3505 3643 3672 3709 ξύλου
3707 3644 3761 3710 τῇ

2191 3729 2350 3799 φύσει
2402 3729 2702 3802 χαρίζεται.
2749 3731 2846 3784 καὶ
2892 3732 3063 3794 πάθος
3112 3731 3425 3800 οἰκονομίας
3488 3734 3764 3802 εἰσήνεγκε

2192 3823 2397 3887 πάθους
2425 3822 2866 3895 ἀλεξιφάρμακον
2898 3824 2991 3877 καὶ
3037 3823 3253 3893 θανάτῳ
3286 3822 3592 3894 κρατοῦντι
3619 3825 3766 3877 θάνα-

2190 3932 2282 3970 τον
2314 3915 2644 3980 ἀνθοπλίσας
2703 3915 3143 3983 κατηγωνίσατο·
3180 3914 3275 3968 καὶ
3300 3914 3463 3967 πάλιν
3494 3914 3765 3985 ἐλεύθερος

2190 4006 2220 4059 6
2269 4005 2572 4076 ἅνθρωπος,
2627 3999 2709 4070 οἷς
2755 4006 2911 4078 ἐδέθη
2961 4005 3095 4077 πρὸς
3144 4004 3395 4068 θάνατον,
3418 4005 3643 4070 τούτοις
3683 4004 3765 4075 τὴν

2192 4095 2489 4151 ἀθανασίαν
2523 4097 2635 4167 (25)
2667 4096 2993 4169 εὑράμενος·
3026 4096 3095 4150 δι’
3125 4089 3199 4149 ὧν
3243 4095 3351 4168 γὰρ
3385 4098 3761 4170 κατεκρίνετο,

2191 4186 2278 4241 διὰ
2306 4187 2508 4241 τούτων
2540 4186 2742 4241 ἐλύετο.

596 4373 761 4444 386
786 4373 841 4427 2.
883 4372 927 4428 Ο
947 4374 1185 4426 divinam
1218 4386 1345 4426 vere
1371 4371 1693 4440 sapientiam
1723 4410 1738 4435 ,
1786 4371 2085 4425 caelestem-

2262 4367 2314 4422 2.
2340 4368 2405 4420 Ὢ
2430 4366 2576 4430 θείας
2600 4365 2813 4437 άληθῶς
2843 4368 3052 4436 σοφίας,
3084 4366 3181 4420 καὶ⁵
3208 4365 3460 4437 μηχανῆς
3487 4366 3760 4440 οὐρανίονῐ

526 4480 632 4533 que
662 4464 997 4517 machinam!
1030 4463 1174 4518 Crux
1215 4462 1389 4517 defixa
1432 4461 1564 4526 fuit,
1591 4470 1640 4516 et
1674 4463 1942 4516 idolorum
1975 4462 2095 4516 cul-

527 4563 618 4608 tus
662 4570 885 4609 eversus
923 4571 936 4605 :
969 4570 1103 4608 crux
1157 4555 1424 4615 excitata,
1469 4560 1522 4607 et
1557 4553 1824 4607 diabolica
1853 4560 2095 4622 potestas

526 4648 782 4701 damnata
835 4646 935 4699 fuit
976 4665 989 4701 :
1021 4662 1155 4701 crux
1194 4646 1369 4701 deﬁxa
1402 4645 1522 4711 fuit,
1555 4654 1608 4700 et
1639 4644 1950 4701 Iudaeorum
2002 4662 2097 4701 su-

527 4739 716 4811 perbia
738 4741 793 4794 in
819 4739 1035 4793 ruinam
1066 4753 1218 4794 versa
1252 4748 1374 4803 est;
1404 4745 1465 4792 ut
1505 4738 1719 4793 ediscas
1742 4754 1850 4792 non
1884 4738 2095 4807 simpli—

526 4833 665 4886 citer
698 4832 902 4901 lignum
962 4837 1041 4883 tot
1091 4829 1478 4884 miraculorum
1535 4843 1657 4882 esse
1700 4842 1957 4893 causam,
2000 4827 2094 4882 sed

525 4938 650 4996 eum
673 4924 765 4993 qui
790 4923 936 4993 ligno
965 4922 1032 4976 ad
1063 4922 1349 4975 victoriam
1376 4928 1460 4975 est
1488 4936 1641 4976 usus.
1680 4919 1798 4972 Non
1825 4919 1967 4973 enim
2001 4935 2097 4989 per

528 5029 588 5069 se
621 5015 807 5085 passio
828 5022 911 5068 est
938 5011 1218 5074 salutaris,
1242 5011 1338 5067 sed
1370 5012 1460 5066 ille
1484 5011 1742 5066 salutaris
1772 5019 1856 5065 est
1885 5013 1975 5080 qui
2002 5027 2096 5080 per

527 5106 840 5176 passionem
872 5106 1101 5160 salutem
1131 5104 1303 5159 voluit
1329 5104 1668 5174 dispensare.
1729 5102 1847 5156 Tibi
1878 5102 2095 5172 quidem

526 5212 674 5253 mors
720 5198 780 5251 lit
822 5211 854 5251 a
897 5205 1071 5252 morte
1099 5196 1431 5266 redemptio,
1466 5194 1561 5251 sed
1610 5210 1793 5251 rerum
1839 5205 2096 5249 naturam

600 5371 715 5442 (21)
739 5371 817 5428 Ita
846 5388 981 5428 mss.
1018 5371 1161 5426 Editi
1185 5387 1333 5433 vero,
1355 5370 1600 5442 ψάμμοις
1638 5371 1852 5442 ἐνδε..-..

481 5500 491 5513 ,
600 5440 711 5510 (ίὶὲ)
741 5446 815 5497 Ita
839 5444 994 5499 Colb.
1022 5444 1077 5498 2.
1113 5451 1278 5496 recte.
1304 5440 1447 5496 Editi
1476 5440 1627 5513 vero,
1654 5440 1952 5513 εὐσεϐείαςἷ

748 5513 829 5593 με
849 5513 1394 5593 ᾁμο-Εοιῃῖιξιιὶ.-Ιη
1423 5512 1604 5593 editis,
1639 5511 1896 5593 ὴτόνίησεοσ
1920 5511 2095 5565 deest.

603 5580 716 5653 (24)
748 5584 824 5663 [ta
859 5583 1010 5663 (_.‘.olb.
1040 5583 1095 5663 2‘,
1307 5584 1359 5663 1,
1403 5581 1741 5663 συνείπετο.-
1757 5580 1926 5663 Editi,
1968 5596 2096 5633 συν-

529 5649 718 5718 ἠπετο.
752 5651 920 5708 Paulo
967 5659 1110 5721 post,
1132 5654 1285 5709 Colb.
1312 5654 1366 5710 2.
1399 5651 1642 5707 κοινωνοὶ
1679 5650 1778 5720 τῆς
1804 5649 2093 5713 κολάσεως.

2197 4457 2437 4527 Σταυρὸς
2476 4457 2767 4526 ἐπήγνυτο,
2789 4456 2882 4508 καὶ
2905 4454 3315 4525 είδωλολατρεία
3335 4456 3763 4526 κατεστρέφετο’

2197 4547 2429 4618 σταυρὸς
2483 4548 2743 4618 ἐγείρετο,
2779 4547 2873 4599 καὶ
2910 4546 3192 4619 διαϐολικὴ
3235 4545 3532 4601 δυναστεία
3564 4549 3761 4602 κατεδιο

2196 4639 2422 4705 χάζετο·
2461 4637 2693 4710 σταυρὸς
2745 4640 3039 4709 ἐπήγνυτο,
3090 4639 3186 4692 καὶ
3222 4638 3502 4692 Ἰουδαίων
3540 4641 3572 4693 6
3617 4642 3763 4706 τύτος

2196 4732 2332 4804 πρὸς
2368 4732 2572 4785 πτῶσιν
2605 4731 2891 4803 μεθίστατο
2914 4748 2926 4760 ·
2957 4731 3044 4784 ἵνα
3102 4730 3312 4803 μάθῃς,
3374 4731 3463 4785 ὅτι
3503 4732 3582 4804 μὴ
3632 4732 3760 4797 ξύλον

2197 4824 2383 4888 ἁπλῶς
2403 4824 2509 4877 τῶν
2541 4823 2810 4878 τοσούτων
2835 4822 3129 4893 θαυμάτων
3157 4822 3471 4894 παραίτιον,
3499 4825 3623 4878 ἀλλ’
3652 4827 3680 4877 6
3701 4822 3762 4892 τῷ

2198 4916 2339 4987 ξύλῳ
2368 4916 2501 4987 πρὸς
2526 4914 2624 4986 τὴν
2646 4915 2804 4985 νίκην
2832 4913 3197 4985 χρησάμενος.
3230 4915 3303 4967 Οὐ
3327 4914 3436 4987 γὰρ
3465 4915 3594 4969 καθ’
3625 4913 3761 4971 ἑαυτὸ

2196 5010 2257 5062 τὸ
2279 5008 2447 5071 πάθος
2482 5008 2767 5078 σωτήριον,
2796 5004 2908 5059 ἀλλ’
2938 5006 2966 5057 6
2991 5004 3081 5058 διὰ
3114 5006 3321 5069 πάθους
3344 5009 3664 5077 οἰκονομεῖν
3685 5005 3760 5075 τὴν

2200 5100 2471 5172 σωτηρίαν
2527 5099 2865 5169 βουλόμενος.
2909 5098 2998 5150 Σοὶ
3028 5097 3124 5168 μὲν
3154 5097 3263 5169 γὰρ
3290 5096 3507 5166 γίνεται
3551 5098 3759 5153 θανάτου

2198 5194 2349 5256 λύσις
2391 5194 2419 5246 ὁ
2469 5191 2716 5255 θάνατος,
2753 5189 2867 5243 ἀλλ’
2901 5188 3101 5260 ἥμειψε
3147 5188 3257 5243 τῶν
3307 5189 3663 5261 πραγμάτων
3684 5188 3761 5258 τὴν

2199 5371 2323 5427 Mox
2349 5377 2665 5426 contextum
2691 5374 2817 5423 ante
2848 5365 2904 5420 in
2931 5366 3118 5423 multis
3146 5367 3401 5421 vitiatum
3429 5382 3501 5422 ex
3530 5384 3668 5424 mss.
3694 5378 3761 5422 re-

2199 5443 2498 5498 stituimus.
2532 5440 2679 5495 Infra
2711 5437 2949 5495 Colbert.
2977 5435 3033 5503 2,
3060 5451 3161 5509 pro
3181 5437 3657 5511 ἀλεξιφάρμακον,
3683 5438 3757 5494 ιι·

2199 5511 2536 5584 ὺθιςξάλεξιτή
2545 5527 2678 5584 ριον.

2270 5582 2380 5655 (25)
2414 5582 2492 5638 Ita
2525 5577 2660 5640 mss.
2685 5579 2830 5638 Editi
2860 5594 3014 5648 vero,
3040 5577 3403 5650 ἀκαθαρσίαν.
