3870 6208
108 282 144 337 -1
154 279 265 337 057

1189 278 1423 337 SERMO
1460 279 1528 334 IN
1566 277 1956 335 PASSIONEM
1994 277 2258 334 DOMINI.

3233 287 3378 343 1058

110 395 280 465 φύσιν
296 394 327 447 6
352 396 418 466 τῇ
443 394 602 464 φύσει
622 395 749 458 τοὺς
775 395 935 466 ὅρους
957 394 1289 467 πηξάμενος.
1312 397 1575 468 Σταυρὸς,
1601 397 1692 450 καὶ

1801 397 2159 447 commutavit
2206 393 2301 464 qui
2350 401 2563 449 natura
2602 395 2864 452 terminos
2919 395 3127 452 deﬁxit.
3183 398 3376 469 Crux,

110 486 311 553 πάθος,
357 489 450 540 καὶ
508 486 698 556 λόγχη,
750 487 843 539 καὶ
903 481 1043 558 ἧλοι,
1083 489 1179 541 καὶ
1223 487 1452 552 θάνατος
1475 531 1489 555 ,
1526 487 1699 541 ταῦτα

109 577 264 649 ζωῆς
294 576 563 645 ἀθανάτου
581 578 907 647 (26)γίνεται
940 579 1230 649 σπάργανα
1253 596 1267 609 ·
1308 579 1559 643 τούτοιςό
1580 578 1700 633 δεύ-

109 684 277 741 τερος
324 668 610 741 ἄνθρωπος
665 672 744 734 είς
776 670 920 741 ζωὴν
965 670 1265 744 ἀπετέχθη.
1302 667 1397 735 Οἷς
1429 674 1458 725 6
1486 672 1700 743 πρῶτος

126 761 304 832 Ἀδάμ
340 760 637 831 κατεκρίθη
659 802 674 826 ,
706 761 917 826 τούτοις
956 764 985 815 6
1031 762 1286 834 δεύτερος
1333 764 1506 835 Ἀδὰμ
1540 764 1700 834 ἠλευ-

110 852 330 924 θερώθη
353 868 367 881 ·
400 853 490 921 ὑφ’
523 845 597 906 ὧν
656 854 690 923 ἡ
738 854 878 925 ἁρχὴ
905 853 1014 907 τῶν
1039 853 1341 925 ἀνθρώπων
1375 855 1695 918 κατέπεσεν,

109 946 223 999 ὑπὸ
278 944 480 999 τούτων
512 946 547 1016 ἡ
589 946 810 1017 ἀπαρχὴ
872 945 981 999 τῶν
1036 946 1336 1017 ἀνθρώπων
1377 948 1697 1017 ἀνυψοῦται.

108 1036 364 1108 Σήμερον
394 1036 423 1088 ό
469 1035 735 1108 δεσπότης
771 1036 864 1090 καὶ
905 1035 1109 1108 Κύριος
1132 1040 1457 1109 κατάκριτος
1481 1039 1695 1106 ἄγεται,

109 1128 210 1182 καὶ
237 1129 304 1180 ὲκ
333 1126 683 1199 δικαστηρίου
713 1128 846 1199 πρὸς
862 1127 1207 1201 δικαστήριον
1236 1130 1694 1201 παραπέμπεται’

109 1221 212 1274 καὶ
251 1221 505 1290 Καϊάφας
543 1221 921 1290 ἀποφαίνεται,
988 1223 1084 1276 καὶ¹
1126 1222 1356 1286 Πιλᾶτος
1397 1223 1492 1294 τὴν
1520 1222 1699 1294 ψῆφον

109 1309 439 1381 διαδέχεται.
498 1313 610 1366 Καὶ
651 1313 713 1366 ού
760 1316 1109 1384 παραιτεῖται
1165 1314 1264 1378 τὴν
1306 1314 1482 1385 κρίσιν
1514 1317 1542 1368 6
1569 1317 1702 1387 Χρι-

112 1400 266 1466 στὸς,
294 1401 380 1454 ἵνα
402 1400 538 1473 λύσῃ
564 1400 662 1472 τὴν
680 1401 774 1455 τοῦ
796 1404 1002 1474 κόσμου
1030 1403 1374 1476 κατάκρισιν.

183 1493 240 1549 5.
279 1494 342 1547 Ὤ
372 1494 689 1566 παραδόξων
746 1495 1037 1566 θαυμάτων
1064 1498 1076 1550 !
1110 1497 1322 1567 δέχεται
1350 1497 1447 1568 τὴν
1475 1496 1569 1551 τοῦ
1599 1497 1699 1550 θα-

111 1586 279 1640 νάτου
320 1585 500 1656 ψῆφον
529 1588 558 1639 6
586 1588 844 1658 Χριστὸς,
875 1590 969 1642 καὶ
993 1587 1154 1652 εὐθὺς
1182 1593 1210 1644 6
1235 1590 1526 1663 Βαραϐϐᾶς
1567 1593 1701 1645 ἀποο

108 1676 322 1731 λύεται.
392 1678 489 1732 Ἐκ
534 1677 834 1749 προοιμίων
880 1682 909 1733 6
954 1680 1183 1751 σταυρὸς
1224 1684 1334 1744 τοῖς
1386 1682 1697 1746 καταδίκοις

1802 488 2012 558 passio,
2043 487 2255 552 lancea,
2286 487 2448 549 clavi,
2477 496 2530 541 et
2570 501 2719 541 mors
2745 505 2760 554 ;
2797 489 2945 551 haec,
2996 490 3242 560 inquam,
3273 493 3379 547 im-

1802 579 2054 634 mortalis
2082 579 2205 633 vita:
2231 578 2365 633 ﬁunt
2386 580 2717 634 incunabula
2744 599 2757 635 :
2792 581 2879 635 his
2911 583 3186 637 secundus
3213 583 3379 639 homo

1805 669 1874 724 ad
1901 672 2064 724 vitam
2094 672 2409 741 progenitus
2437 680 2541 726 est.
2566 672 2777 737 Quibus
2808 674 3019 742 primus
3045 674 3215 728 Adam
3242 690 3378 730 con-

1805 762 2095 818 demnatus
2119 772 2224 828 est,
2245 763 2432 818 iisdem
2460 764 2734 819 secundus
2757 765 2928 819 Adam
2956 774 3040 821 est
3074 766 3336 822 liberatus
3362 787 3374 822 :

1802 870 1900 925 per
1923 871 2043 925 qua:
2077 856 2290 910 initium
2321 857 2603 910 hominum
2633 856 2856 922 decidit,
2903 874 2997 928 per
3027 874 3090 913 ea
3126 858 3381 928 primitiae

1802 948 2084 1003 hominum
2118 950 2367 1003 exaltata:
2411 957 2557 1004 sunt.
2607 948 2776 1003 Hodie
2819 949 2985 1005 herus
3024 966 3087 1005 ac
3117 951 3382 1008 Dominus

1801 1049 1990 1096 noster
2018 1057 2145 1095 reus
2177 1043 2374 1112 agitur,
2406 1052 2460 1097 et
2503 1057 2567 1097 ex
2605 1041 2866 1095 tribunali
2909 1042 2975 1096 ad
3007 1043 3244 1102 tribunal
3271 1045 3378 1099 du-

1804 1131 1983 1185 citur:
2016 1131 2252 1200 Caiphas
2307 1131 2513 1202 profert
2550 1135 2897 1196 sententiam,
2932 1133 3139 1189 Pilatus
3184 1135 3379 1204 judicii

1804 1222 2073 1277 calculum
2108 1224 2328 1292 exeipit.
2365 1222 2477 1279 Nec
2520 1232 2739 1278 recusat
2777 1224 3048 1293 judicium
3076 1226 3334 1283 Christus

1805 1324 1864 1370 ut
1892 1316 2082 1371 mundi
2111 1316 2626 1371 condemnationem
2650 1317 2885 1371 aboleat.
2970 1352 2976 1358 -

1877 1509 1931 1564 5.
1972 1507 2017 1565 Ο
2047 1508 2315 1580 stupenda
2365 1509 2671 1565 miracula!
2726 1510 2922 1567 mortis
2974 1512 3381 1569 damnationem

1806 1598 2059 1655 Christus
2086 1602 2307 1671 accipit,
2343 1607 2398 1655 et
2437 1617 2561 1655 mox
2594 1600 2873 1657 Barabhas
2902 1603 3150 1657 solvitur.
3183 1603 3240 1658 In
3262 1606 3383 1676 ipso

1808 1690 1990 1743 statim
2025 1690 2254 1743 exordio
2298 1705 2434 1743 crux
2472 1690 2744 1745 damnatis
2776 1691 3006 1761 largitur
3046 1692 3379 1748 libertatem.

108 1767 429 1841 ἐλευθερίαν
488 1768 787 1841 χαρίζεται.
842 1771 934 1843 Μὴ
973 1749 1104 1842 γάρ-
1141 1790 1230 1843 μοι
1271 1775 1407 1845 πρὸς
1449 1774 1547 1846 τὴν
1587 1776 1692 1830 τῶν

1800 1770 1876 1826 Ne
1904 1772 2037 1826 mihi
2062 1788 2295 1841 namque
2318 1772 2632 1827 Judaeorum
2667 1749 2931 1828 malitiavm
2968 1777 3181 1845 respice
3209 1796 3223 1831 :
3277 1792 3381 1833 nec

121 1859 398 1913 Ἰουδαίων
464 1860 729 1931 πονηρίαν
803 1860 916 1931 (27)
991 1862 1224 1936 ἀπίδῃς,
1276 1863 1401 1935 μήθ’
1451 1867 1533 1919 ὅτι
1603 1866 1695 1920 τὸν

105 1950 410 2022 εὐεργέτην
441 1951 892 2017 καταδικάζοντες
930 1955 1237 2026 προτιμῶσι
1265 1956 1356 2011 τὸν
1392 1958 1724 2028 μιαιφόνονο.

106 2042 228 2096 ἀλλ’
283 2043 367 2095 ὅτι
391 2044 426 2114 ή
470 2044 572 2115 τῆς
604 2044 899 2117 καταδίκης
926 2046 1092 2118 ἀρχὴ,
1127 2048 1227 2117 τῆς
1250 2048 1360 2101 τῶν
1393 2050 1698 2104 καταδίκων

107 2131 430 2204 ἐλευθερίας
475 2134 720 2206 ὑπῆρχεν
750 2136 924 2208 ἀρχή·
959 2138 1041 2190 ὅτι
1074 2140 1103 2190 6
1131 2139 1231 2208 τὴν
1256 2139 1364 2193 τῶν
1392 2142 1698 2195 καταδίκων

103 2223 267 2294 δίκην
289 2223 402 2293 (28)
425 2223 715 2295 δεξάμενος
732 2225 954 2289 δικαίως
973 2225 1190 2290 ζώντων
1218 2227 1352 2298 ὁμοῦ
1374 2229 1469 2281 καὶ
1487 2228 1698 2301 νεκρῶν

102 2314 308 2387 κριτὴς
356 2316 737 2385 ἀναφαίνεται·
770 2336 789 2369 ι
826 2318 1033 2372 Καθότι
1083 2318 1312 2391 ἔστησεν
1341 2320 1554 2392 ἡμέραν
1574 2322 1632 2373 ὲν

104 2405 300 2476 μέλλει
351 2406 554 2478 κρίνειν
578 2409 606 2460 6
635 2406 769 2470 Θεὸς
791 2408 891 2480 τὴν
941 2409 1267 2481 οἰκουμένην
1301 2413 1358 2465 ὲν
1384 2408 1697 2482 δικαιοσύνῃ

101 2500 166 2553 ὲν
192 2498 351 2571 ἀνδρὶ
381 2493 425 2567 ᾧ
462 2497 662 2570 ὥρισεν
688 2501 717 2553 6
743 2499 897 2565 Θεὸς,
930 2501 1113 2554 πίστιν
1161 2501 1461 2574 παρασχὼν
1509 2506 1693 2567 πᾶσιν,

100 2592 421 2662 ἀναστήσας
442 2592 604 2646 αὐτὸν
648 2593 712 2645 ὲκ
759 2593 986 2662 νεκρῶν.
1023 2613 1043 2646 ι
1081 2597 1143 2649 Ol
1176 2595 1273 2665 μὲν
1303 2591 1397 2649 οὖν
1435 2596 1695 2661 Ἰουδαῖοι,

99 2683 235 2748 τοὺς
265 2681 459 2746 ἄλλους
482 2683 575 2737 τοῦ
619 2684 847 2738 θανάτου
880 2687 1115 2757 τρόπους
1145 2688 1412 2760 παρέντες
1445 2688 1578 2760 (29),
1607 2689 1699 2742 ἐπὶ

100 2783 195 2826 τον
255 2773 487 2844 σταυρὸν
520 2772 806 2846 ὥρμησαν,
840 2776 1110 2847 τιμωρίας
1157 2777 1293 2848 ὁμοῦ
1327 2778 1442 2831 mai.
1474 2777 1698 2849 ἀτιμίας

98 2864 496 2934 ἐπινοήσαντες
550 2865 812 2936 ὄργανονο
852 2867 947 2920 καὶ
990 2867 1090 2938 τὴν
1121 2867 1213 2921 τοῦ
1250 2869 1412 2940 νόμου
1446 2869 1694 2941 κατάραν

96 2959 183 3028 τῷ
244 2958 333 3012 διὰ
391 2956 548 3024 ξύλου
605 2960 817 3033 θανάτῳ
857 2963 1285 3033 προσάπτουσιν,
1325 2964 1698 3034 ὲπιφορτίζειν

96 3050 403 3122 ⁴ἡγούμενοι
456 3051 550 3105 τοῦ
597 3052 827 3107 θανάτου
868 3054 930 3106 τὸ
980 3054 1162 3126 βάρος.
1209 3056 1467 3124 Ἠγνόουν
1493 3055 1561 3108 ’δὲ
1586 3056 1693 3127 ἄρα

95 3141 197 3195 τὸν
258 3142 489 3213 σταυρὸν
550 3144 707 3215 νίκης
766 3143 877 3215 (50)
924 3145 1143 3215 ἐντίμου
1188 3146 1690 3212 κατασκευάζοντες

101 3230 398 3303 σύμϐολον.
436 3235 546 3287 Καὶ
576 3234 698 3287 οὐδὲ
751 3235 910 3307 μέχρι
940 3235 1143 3289 τούτων
1181 3237 1530 3309 ἀρκούμενοι,
1578 3256 1694 3292 κοι-

98 3323 311 3386 νωνοὺς
340 3321 431 3375 τοῦ
490 3321 720 3376 θανάτου
758 3325 852 3376 καὶ
884 3322 1088 3394 λῃστὰς
1107 3323 1359 3392 γενέσθαι
1395 3324 1688 3395 βιάζονται,

101 3416 196 3471 ἵνα
223 3418 259 3488 ή
291 3415 387 3470 τοῦ
417 3416 646 3471 θανάτου
675 3420 928 3472 κοινωνία
944 3419 1044 3488 τῆς
1060 3418 1315 3488 τελευτῆς
1330 3418 1557 3491 γένηται
1578 3420 1690 3489 (⁸51)

98 3506 317 3573 ἀδοξία.
353 3509 611 3577 Ἥγνόουν
643 3509 700 3562 δὲ
734 3510 841 3581 ἄρα
867 3509 1070 3581 λῃστὴν
1095 3509 1174 3581 τῷ
1205 3511 1427 3582 Χριστῷ
1461 3528 1692 3564 συσταυ-

103 3599 405 3672 ρώσαντες,
450 3602 666 3671 κήρυκα
703 3602 804 3668 τῆς
843 3602 936 3655 τοῦ
978 3602 1389 3674 ὲσταυρωμένου
1415 3602 1692 3673 βασιλείας

97 3690 556 3762 χειροτονοῦντες.
595 3710 615 3742 ‹
646 3693 931 3763 Μνήσθητί
981 3710 1104 3764 μου,
1136 3693 1331 3765 Κύριε,
1368 3694 1493 3748 ὅταν
1531 3694 1691 3768 ἔλθῃς

98 3785 164 3837 ὲν
193 3786 263 3855 τῇ
319 3782 563 3855 βασιλείᾳ
594 3801 708 3837 σου.
744 3803 764 3836 ι
811 3786 893 3847 Ὠς
920 3786 1122 3857 λῃστὴς
1161 3785 1511 3858 ὲσταυρώθης
1555 3788 1688 3860 (52),

97 3877 199 3930 καὶ
225 3876 619 3948 εύαγγελιστὴς
658 3877 970 3950 ἀνεδείχθης
998 3895 1012 3944 ;
1053 3878 1139 3943 Ὠς
1168 3878 1393 3950 βασιλέα
1422 3882 1587 3951 τιμᾷς
1630 3881 1690 3935 δν

96 3968 394 4039 ἀτιμάζειν
434 3969 704 4041 ἐτάχθης
738 3988 757 4022 ‹
792 3970 1076 4043 Μνήσθητί
1140 3989 1272 4044 μου,
1321 3972 1517 4043 Κύριε,
1561 3974 1690 4026 ὅταν

98 4061 267 4134 ἔλθῃς
294 4063 354 4115 ὲν
366 4066 434 4135 τῇ
454 4063 699 4136 βασιλείᾳ
725 4081 840 4119 σου.
872 4083 891 4115 ι
924 4064 989 4118 Τί
1022 4065 1178 4135 ἔφης,
1206 4061 1251 4119 ὦ
1269 4065 1461 4140 λῃστά,
1477 4066 1691 4135 ἀγνοεῖς

95 4153 136 4208 ἃ
168 4154 440 4224 πάσχειςς
482 4155 774 4210 Ἐπελάθου
807 4155 914 4210 τῶν
943 4156 1120 4226 ﬂow;
1164 4156 1265 4209 οὐκ
1299 4155 1533 4227 ῂσθάνου
1582 4154 1690 4209 τῶν

97 4244 342 4311 ὀδυνῶν;
394 4246 480 4309 Ὡς
533 4248 592 4300 ὲν
648 4245 778 4318 ἱερῷ
824 4246 1281 4317 προσευχόμενος,
1346 4247 1445 4316 οὐχ
1504 4246 1581 4309 ὡς
1629 4247 1688 4298 ἐν

97 4335 247 4407 ξύλῳ
274 4336 385 4406 (33)
418 4336 783 4407 κρεμάμενος,
811 4335 982 4398 οὕτως
1012 4331 1496 4400 ίκετεύεις;Εἷδον,
1530 4337 1684 4408 φησὶ,

1800 1857 1946 1925 quod
2009 1855 2409 1912 henefactorem
2467 1854 2870 1924 eondemnent,
2935 1859 3381 1933 homicidamque

1798 1951 1876 2004 illi
1923 1958 2291 2019 anteponant;
2351 1951 2446 2006 sed
2494 1952 2678 2020 potius
2712 1953 3088 2009 animadverte
3117 1957 3380 2012 condem-

1799 2043 2038 2097 nationis
2087 2043 2325 2110 initium,
2355 2044 2739 2098 damnatorum
2768 2045 3112 2102 liherationis
3157 2048 3378 2108 initium

1799 2131 1990 2188 fuisse.
2044 2130 2314 2198 Quoniam
2363 2134 2459 2203 qui
2512 2149 2733 2188 reorum
2763 2134 3170 2192 damnationem
3218 2141 3276 2194 in
3318 2155 3380 2196 se

1799 2226 2056 2294 suscepit,
2077 2226 2201 2293 jure
2227 2225 2477 2279 vivorum
2514 2225 2678 2280 simul
2725 2234 2780 2282 et
2830 2238 3174 2283 mortuorum
3207 2230 3380 2300 judex

1798 2316 2145 2371 declaratur:
2183 2335 2202 2366 ι
2238 2315 2314 2369 Eo
2336 2316 2483 2387 quod
2512 2318 2707 2372 statuit
2732 2317 2900 2384 diem,
2928 2318 2986 2373 in
3014 2335 3124 2390 quo
3162 2320 3382 2390 judica-

1798 2415 1958 2464 turus
1996 2416 2080 2464 est
2128 2408 2272 2464 Deus
2320 2410 2510 2465 orbem
2544 2409 2600 2463 in
2655 2410 2893 2478 justitia,
2927 2411 2982 2465 in
3028 2415 3149 2467 viro
3179 2414 3233 2468 in
3267 2430 3379 2485 quo

1799 2503 1991 2557 statuit
2023 2502 2187 2566 Deus,
2205 2502 2363 2557 ﬁdem
2390 2503 2640 2573 praebens
2662 2505 2938 2571 omnibus,
2957 2506 3233 2563 stiscitans
3252 2524 3379 2564 eum

1798 2609 1831 2648 a
1858 2594 2088 2650 mortuis
2132 2594 2200 2649 ⁸³.
2247 2614 2265 2646 ι
2322 2592 2495 2649 Judazi
2552 2610 2716 2664 porro
2766 2598 2988 2654 omissis
3021 2598 3145 2653 aliis
3180 2601 3379 2656 mortis

1800 2686 2114 2755 generibus,
2141 2700 2360 2741 crucem
2390 2686 2691 2756 elegerunt,
2736 2702 2842 2741 una
2869 2688 3147 2759 supplicii,
3179 2706 3244 2745 ac
3281 2694 3382 2747 de-

1799 2777 2016 2834 decoris
2048 2778 2416 2834 instrumento
2440 2779 2783 2849 excogitato:
2821 2788 2875 2835 et
2910 2780 3263 2836 maledictum
3296 2784 3379 2838 le-

1799 2869 1918 2939 gis,
1949 2870 2110 2924 morti
2140 2885 2237 2941 per
2268 2871 2472 2941 lignum
2497 2871 2661 2925 illatae
2688 2871 3054 2943 conjungunt,
3086 2874 3191 2928 rati
3220 2891 3280 2930 se
3301 2877 3379 2931 ita

1799 2962 2118 3033 gravitatem
2179 2963 2375 3018 mortis
2438 2978 2655 3032 augere.
2727 2950 3061 3035 Ignorabant
3104 2982 3268 3037 porro
3318 2985 3381 3025 se

1800 3068 2017 3109 crucem
2053 3054 2107 3107 in
2139 3053 2438 3123 gloriosum
2468 3053 2713 3107 victoria:
2728 3056 3036 3124 symbolum
3068 3055 3375 3112 edomare:

1795 3160 1974 3214 neque
2004 3144 2089 3198 his
2134 3144 2420 3207 contenti,
2467 3143 2658 3197 mortis
2710 3144 2832 3214 ejus
2872 3157 3160 3201 consortes
3210 3148 3378 3201 etiam

1796 3236 2037 3291 latrones
2063 3252 2186 3291 esse
2226 3236 2592 3306 compellunt,
2641 3243 2701 3289 ut
2742 3239 2938 3293 mortis
2987 3240 3332 3294 consortium

1794 3330 1965 3384 exitui
1993 3328 2114 3398 ejus
2142 3328 2397 3383 dedecori
2425 3343 2569 3384 esse.
2596 3327 2925 3398 lgnorabant
2954 3346 3120 3401 porro
3152 3347 3212 3388 se
3241 3347 3370 3386 eum

1792 3418 2017 3473 Christo
2068 3418 2333 3473 latronem
2382 3418 2803 3490 crucifigentes,
2853 3436 3159 3491 praeconem
3222 3425 3376 3495 regni

1793 3508 1942 3565 illius
1995 3509 2087 3579 qui
2142 3510 2567 3580 cruciﬁgebatur
2619 3513 3009 3569 constituere:
3057 3531 3076 3565 ι
3106 3513 3378 3571 Memento

1792 3600 1923 3666 mei,
1960 3599 2210 3666 Domine,
2241 3603 2370 3655 dum
2416 3602 2634 3658 veneris
2684 3604 2741 3657 in
2796 3618 3025 3674 regnum
3063 3614 3217 3659 tuum
3249 3605 3315 3659 ⁸⁸.
3350 3634 3369 3658 ο

1793 3691 2075 3763 Tanquam
2102 3693 2241 3747 latro
2268 3693 2418 3747 cruci
2453 3692 2645 3749 afﬁxus
2667 3709 2747 3760 es,
2784 3702 2840 3750 et
2873 3696 3224 3766 evangelistae
3252 3712 3374 3750 mu-

1792 3800 1897 3839 nus
1924 3783 2183 3839 exhibes?
2214 3782 2284 3838 Ut
2313 3799 2496 3855 regem
2530 3785 2772 3841 honoras
2806 3801 2955 3850 eum,
2988 3803 3152 3857 quem
3197 3795 3254 3842 ut
3287 3789 3374 3842 in-

1790 3879 2093 3933 honorares
2123 3877 2458 3934 constitutus
2482 3876 2703 3933 fueras?
2740 3896 2758 3930 ι
2790 3877 3223 3945 Memento‘mei,
3257 3879 3371 3935 Do-

1791 3969 1961 4032 mine,
1992 3968 2122 4022 dum
2151 3968 2367 4022 veneris
2407 3968 2462 4022 in
2491 3984 2720 4039 regnum
2754 3976 2930 4023 tuum.
2978 3989 2998 4022 ›
3033 3970 3177 4036 Quid
3203 3972 3303 4035 ais,
3337 3988 3399 4030 ο,

1792 4064 1971 4118 latro?
1994 4062 2221 4134 Ignoras
2254 4077 2377 4132 quae
2409 4070 2524 4116 tute
2564 4062 2804 4132 pateris?
2854 4062 3072 4118 Oblitus
3099 4079 3160 4118 es
3188 4064 3374 4119 clavo-

1791 4170 1911 4210 rum
1947 4164 2130 4210 etnon
2153 4155 2324 4227 sentis
2353 4155 2669 4210 cruciatus?
2718 4153 2867 4210 Itane
2893 4156 3196 4226 supplicas,
3227 4171 3292 4211 ac
3327 4157 3373 4212 si

1791 4246 1847 4300 in
1891 4245 2096 4316 templo
2127 4259 2341 4312 orares,
2364 4259 2466 4300 nec
2496 4244 2552 4298 in
2592 4244 2737 4315 ligno
2770 4245 3078 4315 penderes?
3114 4243 3257 4312 Vidi,
3290 4245 3376 4298 in-

1789 4336 1929 4405 quit,
1972 4351 2160 4390 verum
2206 4334 2416 4399 Deum,
2469 4345 2524 4391 et
2570 4335 2883 4405 supplicare
2921 4335 3253 4392 desideravi.
3291 4336 3370 4391 Ex

94 4426 234 4480 Θεὸν
253 4425 526 4498 ἀληθινὸν,
551 4428 643 4481 κα)⁸
666 4426 927 4481 ἱκετεύειν
952 4425 1139 4479 τοῦτον
1165 4426 1428 4497 ὲπόθησα.
1465 4429 1679 4496 Ἔγνων

1800 4428 2148 4497 inscriptione
2174 4426 2491 4497 dignitatem
2533 4428 2751 4497 agnovi.
2783 4425 2923 4481 Vidi‘
2952 4425 3371 4482 condemnatio-

93 4520 163 4572 ὲκ
200 4518 305 4590 τῆς
347 4521 658 4592 ἐπιγραφῆς
706 4518 805 4591 τὴν
850 4520 1025 4586 ἀξίαν.
1073 4516 1224 4573 Εἶδον
1255 4519 1552 4588 καταδίκην
1586 4521 1684 4592 τὴν

96 4610 382 4681 βασιλείαν
426 4611 819 4683 κηρύττουσαν.
867 4608 1017 4665 Εἶδον
1043 4614 1100 4665 ἐν
1129 4614 1195 4683 τῇ
1231 4613 1537 4684 κατηγορίᾳ
1565 4612 1683 4667 δια-

92 4701 343 4774 δήματος
392 4701 552 4773 χάριν
582 4702 1017 4773 ἀστράπτουσαν.
1051 4702 1116 4754 Εἰ
1151 4700 1259 4772 γάρ
1282 4700 1684 4774 σταυρούμενος

95 4792 402 4864 βασιλεύει,
422 4794 506 4858 τίς
540 4794 605 4847 ἂν
636 4796 722 4866 εἴη
764 4795 1092 4865 στεφόμενος
1116 4794 1261 4864 (54);
1295 4794 1551 4866 Γνωρίζει
1581 4795 1683 4866 τὴν

91 4885 380 4959 βασιλείαν
433 4887 468 4957 ἡ
512 4885 707 4950 κτίσις.
757 4887 944 4949 Ἤλιος
992 4884 1389 4958 σταυρούμενον
1423 4887 1558 4960 ὁρᾷ,
1588 4888 1682 4941 καὶ

200 5042 252 5075 ⁸³
287 5040 410 5096 Act.
442 5056 581 5107 xvu,
612 5043 701 5099 3|.
780 5041 829 5075 “
864 5040 998 5097 Luc.
1029 5058 1165 5098 mn
1187 5080 1202 5108 ,
1237 5041 1327 5098 42.

165 5196 283 5272 (26)
312 5195 404 5272 _Sic
431 5213 567 5253 mss.
588 5196 738 5272 _Editi
770 5212 924 5262 vero,
962 5195 1107 5267 ζωῆς
1139 5197 1234 5272 καὶ
1259 5197 1508 5272 θανάτου.

189 5200 283 5322 εξ)
312 5200 404 5252 Sic
431 5213 567 5253 mss.
596 5200 738 5251 Editi
770 5212 924 5262 vero,
962 5200 1107 5267 ζωῆς
1139 5200 1234 5251 καὶ
1259 5200 1429 5251 θανάτ‹

189 5268 228 5339 2
265 5286 286 5339 j
318 5266 396 5339 lta
424 5283 560 5323 mss.
586 5269 729 5339 Editi
761 5284 911 5337 vero,
946 5267 1238 5339 σωτηρίαν,
1270 5270 1429 5323 male.

186 5337 390 5411 2§)'lta
421 5354 554 5411 mss.
583 5337 728 5411 _Editi
752 5341 1009 5411 verosic,
1035 5337 1190 5411 δίκην
1214 5339 1413 5403 ἀδίκως
1444 5337 1675 5410 δεξάμε-

85 5407 206 5474 νος,
234 5407 443 5480 δτι-,καὶ
470 5408 546 5473 ὡς
576 5407 695 5474 ζ....
736 5409 1087 5480 ἀναφέρεται.

164 5478 299 5553 (ἓθ)
322 5477 454 5553 [{eg.
482 5480 770 5553 παρέντες.
793 5477 1034 5553 Celbert.
1067 5478 1123 5544 2,
1163 5478 1541 5553 παρενθέντες.

165 5548 282 5620 (50)
320 5548 423 5605 Sic'
457 5548 593 5606 mss.
638 5565 849 5620 omnes.
894 5551 1039 5606 Editi
1088 5548 1255 5615 vero,
1290 5551 1492 5615 νίκους.
1549 5548 1673 5606 Mox

83 5614 243 5693 unus
260 5614 429 5693 habet
460 5614 960 5693 κατασκευάζοντες
978 5639 1006 5675 τ
1014 5614 1257 5693 ρόπαιον.

162 5689 281 5764 (51)
320 5688 439 5748 Duo
471 5691 853 5763 manuscripti,
881 5688 1103 5763 γένηται
1133 5693 1233 5765 τῆς
1257 5692 1435 5764 ταφῆς
1462 5690 1670 5757 ἀδοξία.

1788 4534 1915 4574 nem
1947 4534 2175 4590 regnum
2199 4518 2373 4589 ipsius
2404 4519 2841 4574 annuntiantem.
2893 4517 3013 4573 Vidi
3054 4519 3110 4573 in
3142 4534 3373 4576 accusa-

1787 4611 1939 4667 tione
1964 4611 2287 4666 diadematis
2308 4612 2539 4681 gratiam
2578 4610 2959 4682 refulgentem.
2991 4609 3126 4665 Nam
3159 4613 3206 4667 si
3237 4613 3369 4666 dum

1788 4703 2126 4774 cruciﬁgitur
2167 4710 2396 4775 regnat,
2463 4704 2588 4773 quis
2628 4704 2734 4758 erit
2789 4718 2913 4758 cum
2974 4705 3371 4759 coronabitur?

1787 4793 2034 4866 Regnum
2077 4797 2196 4866 ejus
2219 4805 2482 4852 creaturae
2515 4797 2889 4852 manilestant.
2924 4796 3017 4852 Sol
3050 4797 3197 4853 videt
3236 4813 3370 4853 cru-

1789 4888 2033 4958 ciﬁxum,
2064 4904 2167 4945 nec
2197 4891 2384 4945 lucere
2430 4889 2595 4944 audet
2637 4907 2650 4944 :
2695 4891 2874 4945 lucem
2926 4890 3118 4945 adimit
3151 4890 3370 4946 cruciﬁ-

1782 5195 1949 5262 Editi,
1984 5195 2083 5266 τῆς
2106 5193 2364 5266 τελευτῆς
2393 5195 2619 5266 γένηται
2652 5194 2858 5261 ἀδοξία.

1856 5246 1971 5337 (312')
1998 5246 2452 5337 ’λιξσέάδριιάἧλξ
2471 5246 2857 5337 ’ἇνέἑεέχότῖρζζ
2884 5266 3085 5336 τιμᾷ...
3136 5264 3361 5337 ἐτάχθη.

1784 5334 1877 5407 Sic
1898 5334 2045 5406 Ideo,
2082 5334 2314 5407 quorum
2346 5334 2530 5392 tamen
2575 5334 2711 5392 alter
2746 5334 2911 5391 habet
2943 5334 3365 5407 ἀτιμάσαςὲδι-

1780 5406 1974 5478 δάχθη.

1854 5474 1969 5549 (⁷53)
2006 5479 2097 5549 Sic
2117 5493 2251 5534 mss.
2290 5476 2611 5549 Editiﬁvero,
2646 5477 2753 5549 ἐπι
2773 5474 2953 5549 ξύλου.
2983 5475 3113 5549 Ibid
3141 5483 3364 5549 1958.123

1780 5540 2038 5619 ign-textu.
2076 5548 2215 5604 Editi
2242 5562 2394 5619 vero,
2426 5540 2605 5610 Εἶδον,
2635 5540 2795 5619 φησὶ,
2830 5545 2955 5601 ναὸν
2985 5540 3235 5618 ἀληθινὸν
3266 5545 3363 5603 τοῦ

1779 5618 1937 5682 Θεοῦ,
1961 5620 2061 5673 καὶ
2091 5618 2374 5674 ἱκετεύειν.

1850 5689 1966 5762 (54)
2004 5689 2098 5747 Sic
2135 5706 2272 5749 mss.
2300 5690 2445 5747 Editi
2478 5705 2629 5757 vero,
2664 5687 3116 5760 στεφανούμενος.
3189 5752 3193 5757 ε
