3860 6204
498 342 636 401 1059

1700 331 1759 387 5.
1798 321 2268 384 ATHANASIUS.
2296 350 2369 363 —
2404 315 2685 374 SPURIA.

3635 307 3823 366 {060.

497 458 773 531 gentibus,
806 462 869 509 ut
900 467 1000 524 pro
1027 449 1259 507 Domino
1281 455 1482 519 pugnet
1506 465 1523 503 :
1556 447 1935 517 inexspectata
1959 460 2063 500 no-

2224 436 2381 491 ιίνειν
2413 434 2473 486 οὐ
2493 431 2666 504 τολμᾷ
2686 447 2699 461 ·
2729 431 2965 501 ἁρπάζει
2991 426 3100 481 τῶν
3137 423 3514 498 σταυροῦντων
3546 424 3616 478 τὸ
3643 424 3783 495 φῶς,
3844 420 3845 423 “

496 555 582 601 cte
614 543 927 600 Judaeorum
958 542 1183 596 daumat
1206 540 1568 608 iniquitatem.
1606 535 1895 592 Coucussa
1925 544 2081 591 terra

496 636 784 699 turbatur;
821 648 885 688 ac
913 639 1063 685 motu
1092 645 1192 684 suo
1213 631 1520 700 praecipitat
1551 642 1646 682 eos
1670 629 1764 697 qui
1785 626 2077 679 Dominum

497 726 917 795 suspenderent.
946 723 1065 789 Quo
1089 731 1248 791 pacto
1285 734 1392 773 non
1424 717 1747 773 crederem?
1773 718 2076 771 Contume-

496 818 586 873 liis
613 818 867 872 affectum
900 816 1050 868 illum
1101 829 1223 868 esse
1261 826 1439 881 regem
1476 811 1678 864 clamat
1712 810 1827 879 ipse
1858 810 2074 864 titulus.

497 907 772 963 Creaturm
798 907 1179 962 testiﬁcantur.
1212 903 1351 969 Qua:
1387 904 1440 956 in
1474 902 1668 956 litteris
1707 902 1843 971 lego,
1871 916 1934 954 ea
1960 902 2078 970 ipsa

498 1000 666 1054 rebus
694 998 1041 1069 comprobari
1073 997 1249 1050 video.
1284 1012 1303 1045 ι
1344 993 1615 1047 Memento
1641 993 1771 1059 mei,
1806 992 2033 1047 Domine
2058 1030 2074 1057 ,

500 1092 629 1147 dum
660 1093 873 1147 veneris
902 1093 957 1144 iu
986 1104 1212 1159 regnum
1238 1097 1412 1142 tuum.
1442 1104 1463 1137 ι

571 1267 732 1339 387
760 1265 812 1319 4.
850 1262 894 1319 0
941 1264 1083 1317 latro
1132 1261 1328 1317 acerbe
1366 1258 1681 1315 Judaeorum
1740 1259 2072 1315 accusator!

501 1358 546 1416 0
575 1361 714 1414 latro
743 1358 971 1427 justitia:
999 1355 1294 1408 advocate!
1326 1353 1369 1409 Ο
1408 1356 1544 1407 latro
1577 1353 1728 1422 regni
1762 1352 2073 1407 mercator!

502 1449 548 1509 0
580 1453 719 1505 latro
741 1449 980 1520 paradisi
1012 1446 1230 1501 cust05!
1261 1443 1305 1499 0
1338 1448 1475 1500 latro
1508 1445 1715 1498 Adamo
1739 1446 1885 1499 circa
1921 1459 2076 1497 crea-

502 1547 657 1596 turas
692 1541 851 1609 longe
895 1539 1130 1592 lii-inior!
1168 1534 1212 1591 0
1246 1538 1385 1589 latro
1431 1551 1635 1606 proavo
1682 1537 1830 1589 circa
1862 1536 2080 1605 paradi-

500 1645 623 1686 sum
660 1629 1042 1684 constantior!
1081 1628 1241 1681 Manu
1290 1628 1380 1680 ille
1420 1629 1729 1697 importune
1772 1628 1839 1681 ad
1872 1629 2078 1697 lignum

500 1731 752 1786 extensa,
784 1729 1016 1775 mortem
1045 1721 1251 1774 invexit
1288 1719 1339 1772 in
1376 1722 1638 1773 mundum
1662 1739 1673 1772 :
1694 1732 1748 1773 tu
1771 1730 2079 1789 opportune

2186 529 2323 600 ὑπὲρ
2342 524 2615 578 Δεσπότου
2647 521 2953 593 μαχόμενος
2972 537 2986 551 ’
3021 519 3177 573 νυκτὶ
3216 519 3513 590 παραλόγῳ
3538 518 3657 589 (35)
3686 535 3786 571 κα-
3846 544 3847 575 t

2181 615 2461 678 ταδικάςει
2511 610 2782 665 Ἰουδαίων
2821 608 3191 680 παρανομίαν.
3229 607 3296 660 Ἠ
3325 608 3397 678 γῆ
3438 607 3782 677 σαλευομένη

2180 707 2533 778 ταράττεται,
2586 704 2679 757 καὶ
2734 701 2949 772 κρεμνᾷ
3006 698 3217 771 σεισμῷ
3243 701 3370 763 τοὺς
3402 700 3496 752 ἐπὶ
3539 697 3786 771 σταυρσῦ

2183 799 2274 852 τὸν
2296 797 2578 867 Δεσπότην
2596 794 2997 867 κρεμάσαντας.
3022 792 3148 855 Πῶς
3172 792 3246 864 μὴ
3264 791 3471 845 πεισθῶ
3493 808 3509 857 ;
3543 791 3792 845 Βασιλέα

2182 888 2275 942 τὸν
2301 886 2661 959 ὑϐριζόμενον
2685 886 2714 936 ὁ
2745 884 2921 948 τίτλος
2950 884 3067 955 βοᾷ.
3111 884 3177 937 Ἦ
3206 884 3381 946 κτίσις
3417 882 3788 954 μαρτύρεται.
3844 882 3847 899 ¹

2185 981 2366 1051 Ἀπερ
2398 977 2758 1047 ἀναγινώσκω
2773 979 2887 1040 τοῖς
2900 977 3251 1049 γράμμασιν,
3284 973 3647 1043 ὲπιγινὼσκω
3675 978 3792 1037 toi;
3848 973 3849 1007 ἶ

2184 1074 2473 1144 πράγμασι
2506 1072 2637 1142 (55).
2671 1090 2690 1122 ι
2724 1070 2917 1140 Κύριε,
2962 1068 3231 1141 μνήσθητί
3274 1085 3400 1139 μου,
3447 1068 3582 1121 ὃταν
3629 1068 3793 1141 ἔλθῃς

2179 1168 2241 1219 ὲν
2262 1169 2327 1237 τῇ
2370 1164 2619 1235 βασιλείᾳ.
2650 1181 2765 1217 σου.
2800 1182 2819 1215 ι

2251 1258 2305 1312 4.
2339 1255 2409 1310 '0
2448 1257 2619 1330 λῃστά
2666 1255 2828 1326 πικρὲ
2887 1252 2996 1307 τῶν
3047 1252 3314 1307 Ἰουδαίων
3358 1253 3675 1325 κατήγορει
3724 1251 3795 1306 Ὦ

2183 1348 2358 1421 λῃστά
2405 1347 2751 1418 δικαιοσύνης
2802 1347 3102 1418 συνήγορεε
3147 1340 3216 1397 '0
3276 1344 3449 1417 λῃστά
3504 1344 3796 1415 βασιλείας

2185 1440 2428 1512 ἕμπορεῐ
2467 1436 2535 1493 '0
2567 1440 2739 1512 λῃστά
2775 1439 3105 1510 παραδείσου
3139 1438 3344 1506 φύλαξί
3380 1433 3449 1490 '0
3478 1438 3666 1511 λῃστά
3696 1438 3795 1492 τοῦ

2198 1527 2368 1603 Ἀδάμ
2411 1533 2536 1603 περὶ
2595 1534 2693 1602 τὴν
2739 1532 2915 1584 κτίσιν
2972 1530 3319 1603 βεϐαιότερεί
3345 1526 3416 1582 '0
3470 1529 3655 1604 λῃστά
3698 1530 3795 1583 τοῦ

2185 1623 2451 1697 προγόνου
2496 1623 2625 1693 περὶ
2661 1623 2753 1675 τὸν
2791 1623 3117 1694 παράδεισον
3157 1621 3565 1693 ἀσφαλέστερεί
3620 1624 3799 1676 Ἐκείο

2185 1734 2292 1780 νος,
2320 1717 2564 1786 ἀκαίρως
2601 1716 2847 1778 ἐκτείνας
2892 1715 2988 1787 τὴν
3040 1717 3196 1787 χεῖρα
3230 1716 3323 1769 ἐπὶ
3365 1716 3427 1769 τὸ
3455 1717 3621 1783 ξύλον
3654 1718 3795 1787 (57),

500 1814 795 1883 explicatis
838 1814 892 1867 in
938 1827 1105 1867 cruce
1148 1814 1402 1867 manibus
1437 1814 1706 1881 perditum
1737 1812 2079 1882 recuperasti

2224 1813 2410 1864 άνατον
2461 1812 2540 1873 είς
2589 1809 2681 1862 τὸν
2724 1809 2927 1878 κόσμον
2961 1809 3258 1878 είσήγαγε·
3302 1807 3367 1859 σὺ
3404 1806 3483 1869 δὲ,
3512 1809 3800 1880 εὐκαίρως

500 1903 845 1974 paradisum.
879 1901 923 1957 0
959 1904 1122 1964 latro,
1153 1904 1245 1973 qui
1282 1904 1539 1956 amissam
1572 1904 1769 1956 avitam
1794 1903 2079 1957 haeredita-

2187 1852 2406 1865 ...ηρ-ν,
2461 1852 2539 1873 -.ς
2602 1852 2677 1862 η,
2726 1852 2817 1862 ..η
2871 1852 2921 1861 -.
2962 1852 3226 1878 ---.,,-,-
3304 1852 3365 1859 ν-
3408 1852 3681 1869 --,--.....

2182 1905 2277 1957 ἐπὶ
2311 1904 2402 1956 τὸν
2438 1902 2669 1976 σταυρὸν
2705 1902 2801 1964 τάς
2829 1852 3023 1972 χεῖρας
3059 1899 3338 1963 άπλώσας,
3378 1900 3471 1953 τὸν
3515 1852 3802 1970 amas:

501 2005 634 2062 tem,
665 2012 774 2051 uno
806 1997 949 2050 felici
991 2013 1124 2053 casu
1169 1998 1542 2068 recuperasti!
1572 1996 1620 2051 Ο
1668 1998 1810 2050 latro
1844 1996 1935 2066 qui
1968 1997 2081 2066 pri-

2224 2015 2272 2051 ον
2319 1997 2604 2066 ἀνεκτήσω
2640 1993 2985 2064 παράδεισον.
3027 1987 3097 2044 '0
3120 1990 3293 2064 λῃστά
3331 1991 3423 2044 τὸν
3461 1993 3805 2064 προγονικὸν

505 2101 633 2141 mus
665 2087 817 2155 regni
851 2085 1255 2143 confessionem
1282 2088 1516 2157 adeptus
1551 2087 1646 2142 es!
1680 2089 1724 2140 0
1760 2088 1898 2139 latro
1929 2086 2079 2155 regni

2224 2091 2384 2162 λῆρον
2438 2060 2769 2167 ἀπολόμενον
2819 2085 2908 2139 διά
2959 2086 3089 2156 μιᾶς
3155 2060 3407 2153 εὐτυχίας
3467 2060 3801 2155 asumma-
3852 2060 3853 2093 ¹

507 2175 796 2231 confessor
834 2184 889 2232 et
937 2178 1132 2242 lreres,
1175 2187 1476 2249 martyrum
1521 2178 1790 2230 imitator!
1829 2176 1872 2230 0
1916 2177 2078 2238 latro,

505 2270 600 2339 qui
627 2270 826 2339 pusillo
854 2273 1022 2325 verlzo
1055 2274 1255 2326 coelum
1285 2272 1579 2340 aperuisti!
1607 2270 1650 2326 Ο
1684 2273 1820 2325 latro
1851 2272 1945 2339 qui
1976 2270 2080 2324 nti-

502 2377 626 2417 rum
669 2364 1137 2418 incantamentum
1173 2365 1239 2419 ad
1270 2366 1469 2419 mirum
1509 2366 1826 2420 thesaurum
1861 2378 2085 2432 compa-

501 2456 738 2509 randum
772 2456 1102 2511 adhibuisti!
1132 2455 1176 2512 0
1206 2458 1480 2526 latro.qui
1518 2458 1719 2511 caelum
1769 2457 1918 2510 velut
1957 2471 2085 2508 cru-

508 2545 590 2600 cis
645 2545 916 2615 appendix
962 2545 1227 2601 eﬂecisti!
1271 2544 1315 2601 Ο
1344 2548 1485 2600 latro
1534 2544 1761 2615 legitimi
1813 2542 2085 2597 latrocinii

504 2637 820 2693 hominibus
871 2638 1094 2693 doctor!
1146 2638 1191 2694 0
1249 2640 1387 2695 latro
1446 2640 1540 2710 qui
1600 2637 1871 2692 laudabile
1920 2637 2086 2692 doces

505 2731 893 2787 latrocinium!
924 2731 968 2788 Ο
1002 2732 1145 2786 latro
1177 2733 1270 2801 qui
1298 2732 1552 2787 homines
1587 2730 1822 2785 docuisti
1850 2744 1960 2799 quo
1989 2743 2087 2798 pa-

504 2832 595 2881 cto
624 2839 854 2892 regnum
891 2824 1038 2879 furto
1076 2825 1421 2894 abriperent!
1459 2822 1503 2877 0
1535 2823 1676 2876 latro
1706 2819 1835 2874 furti
1870 2820 2084 2882 doctor,

504 2921 745 2976 maxime
790 2918 933 2988 grati
970 2918 1049 2971 illi
1082 2932 1112 2970 a
1155 2932 1265 2987 quo
1299 2932 1389 2971 res
1434 2914 1715 2970 aufertur!
1751 2911 1795 2968 0
1825 2913 1966 2965 latro
1994 2911 2088 2981 qui

505 3026 762 3082 magnam
792 3009 925 3063 furti
952 3009 1259 3063 mercedem
1292 3006 1708 3077 conscripsisti!
1750 3003 1794 3060 0
1828 3005 1968 3057 latro
1994 3002 2089 3073 qui

506 3118 765 3175 magnum
799 3100 1170 3156 confessionis
1213 3099 1451 3153 fructum
1489 3098 1813 3155 ostendisti!
1867 3095 1911 3150 0
1946 3097 2087 3150 latro

2186 2183 2349 2254 μενεῑ
2386 2176 2456 2233 '0
2483 2179 2656 2253 λῃστά
2684 2177 2904 2250 πρῶτος
2940 2176 3218 2247 βασιλείας
3244 2175 3535 2246 ὁμολογίαν
3563 2194 3807 2249 καρπω-

2185 2276 2419 2346 σάμενεί
2456 2268 2528 2326 '0
2575 2272 2749 2346 λῃστά
2799 2271 3077 2342 βασιλείας
3132 2269 3441 2339 όμολογητά
3498 2269 3659 2341 (38),
3704 2271 3807 2324 καὶ

2185 2366 2525 2439 κληρονόμε,
2579 2364 2873 2436 μαρτύρων
2924 2362 3173 2435 ζηλωτάί
3229 2358 3301 2414 '0
3352 2362 3527 2435 λῃστά
3582 2366 3803 2435 ρήματ.

2189 2457 2370 2530 μικρῷ
2414 2459 2504 2512 τὸν
2543 2456 2772 2527 οὐρανὸν
2822 2454 3152 2521 ὑπανοίξαςί
3185 2450 3257 2508 '0
3288 2454 3461 2528 λῃστά
3492 2455 3660 2527 ξένην
3706 2460 3808 2511 ὲπρ
3854 2502 3855 2505 η

2186 2550 2328 2620 ῳδὴν
2353 2549 2486 2621 πρὸς
2513 2546 2660 2613 ξένον
2691 2547 2966 2620 θησαυρὸν
3007 2549 3465 2621 μηχανησάμενεε
3500 2544 3575 2601 '0
3622 2550 3806 2622 λῃστά
3854 2610 3855 2613 η

2188 2640 2464 2712 πάρεργον
2500 2637 2736 2710 σταυροῦ
2780 2638 2873 2691 τὸν
2910 2639 3137 2710 οὐρανὸν
3185 2642 3557 2713 ποιησάμενεε
3597 2636 3677 2695 Ὦ
3706 2642 3805 2713 λῦ⁹

2190 2730 2291 2783 στά
2323 2729 2555 2800 νομίμου
2591 2729 2849 2802 λῃστείας
2886 2732 3002 2794 τοῖς
3032 2731 3339 2804 ἀνθρώποις
3366 2734 3708 2789 διδάσκαλεῑ
3739 2732 3808 2787 '0

2191 2822 2365 2896 λῃστά
2403 2823 2661 2896 λῃστείαν
2693 2824 3092 2895 ἐπαινουμένην
3132 2826 3378 2893 διδάξαςί
3412 2824 3483 2880 '0
3508 2829 3697 2902 λῃστά
3731 2830 3808 2882 διο

2185 2913 2351 2979 δάξας
2404 2913 2756 2987 ἀνθρώπους,
2811 2916 2929 2980 πῶς
2994 2916 3240 2986 βασιλεία
3306 2919 3680 2992 λῃστεύεταιί
3738 2918 3806 2975 '0

2191 3006 2364 3079 λῃστά
2396 3008 2740 3079 ποθουμένην
2782 3006 2860 3077 τῷ
2900 3007 3253 3081 κλεπτομένῳ
3299 3011 3509 3083 κλοπὴν
3551 3013 3806 3083 ὑφηγού-

2196 3099 2355 3169 μενεί
2381 3094 2451 3150 '0
2482 3098 2655 3170 λῃστά
2692 3097 2958 3169 μεγάλους
2988 3099 3244 3172 λῃστείας
3279 3102 3508 3172 μισθους
3552 3120 3806 3175 συγγραο
3858 3088 3860 3133 ἶ

505 3172 788 3267 qui'tarde
814 3192 1124 3255 credidisti,
1154 3199 1209 3246 et
1231 3191 1343 3246 cito
1365 3189 1654 3246 confessus
1676 3204 1736 3245 es
1753 3208 1765 3243 :
1783 3198 2086 3258 postremus

2224 3191 2438 3262 κάμενεί
2473 3186 2543 3242 '0
2586 3189 2761 3263 λῃστά
2816 3193 2957 3262 μέγα
3006 3191 3188 3256 δείξας
3235 3192 3298 3245 τδ
3352 3193 3451 3263 τῆς
3504 3172 3807 3264 ὁμολογίας

506 3288 706 3343 venisti
738 3293 793 3341 et
823 3288 1037 3356 primus
1061 3283 1460 3339 escoronalus!
1495 3281 1540 3336 0
1563 3283 1699 3337 latro
1746 3282 1840 3350 qui
1865 3280 2091 3335 celerri-

508 3397 653 3436 mam
687 3380 811 3434 fidei
844 3378 1143 3434 elIicaciam
1185 3377 1517 3431 exhibuisti!
1550 3375 1595 3430 0
1632 3378 1776 3430 latro
1819 3376 1913 3445 qui
1969 3372 2093 3429 ﬁdei

510 3478 733 3544 partum
767 3470 1060 3532 edocuisti,
1099 3469 1197 3539 qui
1229 3478 1473 3539 tempore
1512 3466 1735 3522 minime
1760 3473 1880 3537 eget
1909 3465 1977 3520 ad
2011 3464 2094 3520 fe-

508 3542 628 3620 tum
679 3562 990 3620 edendum!
1033 3562 1078 3616 0
1134 3562 1274 3616 latro
1327 3562 1524 3616 acerbe
1559 3559 1713 3615 Judaa
1762 3560 2089 3614 accusator!

508 3652 556 3712 0
587 3656 727 3708 latro
760 3654 853 3723 qui
906 3651 1175 3722 proditori
1207 3651 1328 3721 ipso
1355 3651 1549 3721 laqueo
1579 3650 1800 3720 gravior
1823 3648 1975 3703 visus
1996 3646 2089 3703 es!

510 3745 558 3806 0
584 3748 727 3801 latro
761 3746 850 3815 qui
872 3742 1025 3797 Judze
1067 3743 1429 3815 proditionem
1457 3752 1649 3797 contra
1672 3739 1948 3795 diabolum
1979 3736 2097 3792 imi-

511 3846 662 3894 tatus
683 3839 771 3893 es!
808 3835 853 3892 0
898 3837 1041 3890 latro
1072 3835 1167 3905 qui
1187 3834 1323 3888 mire
1354 3835 1474 3903 ejus
1503 3842 1619 3889 arte
1650 3847 1782 3888 usus
1808 3846 1868 3886 es
1903 3838 2095 3883 contra

511 3930 694 3985 illum!
721 3927 766 3984 0
799 3930 935 3982 latro
971 3928 1062 3995 qui
1086 3927 1235 3996 juste
1261 3925 1541 3981 Christum
1570 3926 1773 3988 emisti,
1810 3931 1864 3978 et
1897 3927 2093 3976 testem

512 4020 886 4091 possessionis
925 4034 1145 4074 crucem
1183 4018 1493 4073 adduxisti!
1526 4016 1572 4072 0
1602 4017 1750 4073 Petri
1792 4012 2096 4071 commilito

511 4121 566 4168 et
603 4112 981 4181 apostolorum
1020 4119 1320 4182 symmysta

584 4375 637 4430 5.
677 4375 908 4430 Crucem
934 4391 1100 4445 porro
1130 4376 1350 4447 excepit
1379 4376 1716 4445 sepulcrum,
1739 4392 1937 4447 expers
1964 4379 2096 4434 bae-

2193 3282 2489 3355 γεὼργιονί
2520 3278 2589 3335 '0
2621 3283 2795 3356 λῃστά
2823 3282 3063 3354 βραδέως
3100 3283 3421 3349 πιστεύσας,
3457 3287 3554 3338 καὶ⁸
3587 3289 3807 3359 ταχέως

2192 3375 2555 3446 ὁμολογήσας,
2603 3374 2828 3445 ἔσχατος
2872 3376 3063 3437 ἐλθὼν,
3105 3379 3200 3431 καὶ
3249 3378 3467 3451 πρῶτος
3511 3381 3803 3451 στεφθείςι

2192 3461 2264 3519 '0
2307 3467 2480 3539 λῃστά
2521 3468 2700 3533 δείξας
2752 3469 2990 3534 πίστεως
3036 3470 3302 3541 ὀξυτάτην
3354 3471 3684 3544 ὲνὲργειανῑ
3738 3470 3809 3527 '0

2194 3559 2366 3631 λῃστά
2397 3560 2577 3627 δείξας
2618 3564 2854 3626 πίστεως
2885 3562 3100 3629 ὠδίνας,
3133 3566 3328 3637 χρόνου
3375 3568 3457 3629 είς
3504 3568 3675 3621 τόκον
3730 3570 3805 3639 μὴ

2193 3651 2487 3721 δεομέναςι
2526 3649 2596 3705 '0
2634 3653 2810 3725 λῃστά
2839 3657 3003 3726 πικρὲ
3032 3656 3125 3709 τοῦ
3174 3658 3343 3711 Ἰούδα
3373 3661 3699 3731 κατήγορει
3736 3657 3807 3713 '0

2195 3739 2369 3812 λῃστά
2403 3740 2479 3812 τῷ
2511 3743 2745 3816 προδότῃ
2787 3745 2888 3814 τῆς
2939 3747 3175 3817 ἀγχόνης
3227 3750 3418 3816 φανεὶς
3452 3749 3806 3824 βαρύτεροςῖ

2194 3828 2266 3885 '0
2296 3833 2466 3906 λῃστά
2504 3835 2533 3888 ὁ
2571 3835 2670 3905 τὴν
2709 3834 2803 3889 τοῦ
2843 3838 3010 3892 Ἰούδα
3041 3840 3327 3911 προδοσίαν
3365 3842 3510 3896 κατά
3551 3844 3655 3897 τοῦ
3689 3846 3811 3899 δια-

2197 3925 2354 3980 6όλου
2391 3928 2767 3999 μιμησάμενεί
2803 3926 2873 3983 '0
2903 3931 3076 4002 λῃστά
3117 3936 3184 4004 τῇ
3221 3934 3430 3986 ἐκείνου
3470 3933 3646 4007 τέχνῃ
3678 3936 3815 3990 θαυ-

2200 4017 2420 4088 μαστῶς
2458 4021 2579 4072 κατ’
2619 4021 2825 4074 ἐκείνου
2873 4024 3220 4094 χρησάμενεί
3256 4019 3327 4077 '0
3359 4024 3534 4096 λῃστά
3574 4024 3813 4091 δικαίως

2194 4109 2288 4161 τὸν
2333 4111 2569 4182 Χριστὸν
2616 4113 2912 4185 ἀγοράσας,
2962 4116 3056 4168 καὶ
3110 4117 3362 4189 μάρτυρα
3402 4117 3504 4186 τῆς
3548 4120 3815 4191 κτήσεως

2196 4200 2287 4253 τὸν
2338 4202 2567 4274 σταυρὸν
2624 4205 2965 4276 ὲπαγόμενεί
3002 4203 3072 4261 '0
3129 4209 3339 4283 Πέτρου
3393 4212 3814 4282 συστρατιιῖηα,

2200 4293 2295 4347 καὶ
2319 4293 2428 4346 τῶν
2453 4295 2766 4349 ἀποστόλων
2799 4298 3123 4370 συμμύσταί

2268 4385 2322 4440 5.
2344 4386 2626 4451 Διεδέξατο
2671 4388 2728 4441 δὲ
2775 4389 2866 4444 τὸν
2899 4393 3129 4461 σταυρὸν
3157 4395 3186 4447 ό
3217 4393 3407 4463 τάφος,
3443 4396 3657 4466 νεκροῦ
3691 4400 3813 4452 πεῖ-

514 4476 673 4522 teuus
699 4469 1012 4535 sepulturae.
1040 4468 1084 4521 0
1105 4470 1420 4538 sepulcrum
1447 4470 1876 4525 immortalitatis
1901 4472 2086 4526 locus!

2224 4493 2301 4529 tav
2333 4477 2434 4530 οὐκ
2469 4476 2628 4547 ἔχων.
2660 4474 2731 4532 '0
2768 4482 2937 4550 τάφος
2994 4484 3290 4548 ἀθανασίας
3329 4486 3571 4556 χωρίονῐ
3612 4483 3690 4541 '0
3717 4492 3815 4543 τάο

514 4557 561 4615 0
596 4559 905 4628 sepulcrum
945 4560 1369 4615 resurrectionis
1410 4560 1651 4615 officina!
1688 4560 1731 4617 0
1778 4565 2086 4632 sepulcrum

2224 4584 2300 4633 ρος
2328 4569 2677 4637 ἀναστάσεως
2712 4574 3105 4649 ὲργαστήριονί
3143 4574 3212 4631 '0
3238 4580 3410 4648 τάφος
3456 4580 3570 4633 τῶν
3615 4583 3813 4653 τάφων

515 4651 893 4721 sepulcrorum
919 4650 1256 4705 destructio!
1291 4649 1337 4707 0
1360 4654 1673 4722 sepulcrum
1699 4654 1753 4707 in
1785 4670 1895 4724 quo
1920 4670 2092 4722 mors,

514 4756 664 4797 mors
711 4756 834 4796 esse
866 4740 1104 4797 desinit!
1134 4740 1179 4797 0
1203 4745 1517 4813 sepulcrum
1557 4746 1611 4799 in
1645 4762 1755 4816 quo
1785 4748 1963 4801 oritur
1984 4749 2095 4803 vita

513 4847 638 4904 quae
695 4834 931 4887 termino
977 4835 1166 4888 caret!
1224 4833 1431 4900 Probe,
1488 4838 1798 4908 sepulcrum
1851 4854 2094 4895 novum:

514 4940 715 4996 nempe
752 4926 856 4979 fuit
890 4926 995 4981 hoc
1020 4925 1220 4981 divina:
1249 4928 1438 4996 gratim
1466 4930 1780 4986 consilium.
1817 4930 2097 5002 Siquidem

513 5033 585 5073 ne
621 5016 949 5073 cadaverum
997 5019 1292 5073 multitudo
1338 5019 1564 5073 dubium
1616 5021 1869 5076 redderet
1907 5038 2097 5078 resur-

511 5115 752 5180 gentem,
808 5124 946 5164 neve
977 5107 1201 5166 Judaeus
1244 5110 1372 5165 hinc
1408 5113 1697 5167 calumniae
1745 5115 2093 5171 occasionem

511 5199 807 5268 arriperet,
844 5216 1076 5255 vacuum
1106 5203 1484 5259 cadaveribus
1528 5205 1841 5275 sepulcrum
1875 5208 2097 5278 conspi-

512 5292 678 5356 citur,
713 5293 860 5363 quod
893 5290 1179 5349 Judaicam
1211 5294 1453 5365 linguam
1483 5307 1754 5363 coerceat,
1784 5312 1850 5351 ac
1880 5306 2092 5353 tantum

583 5444 696 5523 _(55)
730 5444 823 5523 Ita_
848 5462 981 5523 mss.
1031 5447 1176 5503 Editi
1214 5464 1367 5523 vero,
1410 5449 1711 5523 παραλόγῳ
1741 5451 2095 5518 καταδικάζει

510 5514 717 5591 τόλμαν
788 5518 1057 5591 Ἰουδαίων
1112 5514 1461 5591 παρανόμων.
1492 5514 1646 5576 ’Μοί
1674 5514 1918 5577 Colbert.
1974 5514 2098 5578 {et

512 5583 648 5652 Reg.
673 5589 906 5669 κρεμνᾷ.
930 5588 1094 5657 Editi,
1118 5583 1484 5662 κρὲμᾷ.ἰι›ι(1.
1507 5591 1664 5647 Colb.
1691 5592 1743 5658 1,
1764 5591 1820 5656 2,
1852 5591 2093 5665 σταυρῷ,

515 5669 616 5726 pro
641 5671 868 5726 σεισμῳ,

511 5774 522 5794 ,
587 5722 704 5795 (36)
734 5727 827 5781 Sic
857 5742 990 5785 mss.
1025 5727 1169 5786 Editi
1200 5745 1349 5798 vero,
1370 5732 1483 5794 τοῖς
1508 5731 1818 5802 γράμμασι.
1852 5732 2094 5801 Κύριε...

2198 4660 2524 4725 κατάλυσιςί
2552 4659 2622 4716 '0
2648 4665 2818 4733 τάφος
2849 4668 2908 4720 ἐν
2940 4661 2984 4736 ᾧ
3015 4669 3243 4734 θάνατος
3269 4672 3362 4724 τοῦ
3393 4667 3536 4726 εἶναι
3569 4673 3813 4738 θάνατος

2201 4751 2465 4807 παύεταιί
2499 4749 2569 4807 '0
2621 4756 2789 4826 τάφος
2844 4760 2902 4813 ὲν
2960 4755 3005 4828 ᾧ
3052 4761 3164 4834 ζωὴ
3217 4763 3415 4831 φύεται
3477 4766 3667 4839 πέρας
3710 4771 3812 4822 οὐκ

2199 4844 2428 4916 ἔχουσαί
2465 4848 2661 4913 Καλῶς
2688 4852 2718 4903 ό
2747 4852 2916 4921 τάφος
2961 4857 3179 4920 καινόςί
3225 4856 3396 4911 Τοῦτο
3437 4859 3539 4929 τῆς
3577 4860 3812 4933 χάριτος

2204 4937 2472 5010 βούλημα.
2511 4941 2627 4995 Ἵνα
2655 4942 2762 5015 γάρ
2794 4945 2868 5017 μὴ
2908 4946 3019 4999 τῶν
3060 4949 3267 5021 νεκρῶν
3305 4951 3364 5003 τὸ
3393 4951 3603 5023 πλῆθος
3635 4954 3813 5025 ἀμφί-

2203 5029 2359 5084 ϐολον
2396 5030 2543 5105 δείξῃ
2586 5033 2676 5087 τὸν
2722 5037 3025 5094 ἀναστάντα
3049 5080 3064 5103 ,
3121 5042 3216 5094 καὶ
3261 5043 3424 5097 πάλιν
3475 5045 3507 5098 ό
3545 5045 3813 5111 Ἰουδαῖος

2200 5120 2339 5193 λάϐῃ
2372 5122 2471 5192 τῆς
2506 5126 2867 5194 συκοφαντίας
2906 5129 3005 5193 τάς
3036 5130 3187 5197 ὔλας,
3220 5134 3428 5203 γυμνὸς
3464 5137 3670 5208 δρᾶται
3699 5138 3814 5191 τῶν

2201 5211 2468 5281 κειμένων
2513 5214 2763 5283 ότάφος,
2806 5217 3053 5286 γλῶτταν
3097 5222 3391 5295 Ἰουδαῖκὴν
3453 5225 3810 5293 ἀφοπλίζων,

2203 5304 2486 5374 μονονουχὶ
2529 5305 2751 5359 τοιαῦτα
2789 5309 2927 5381 πρὸς
2964 5311 3056 5367 τὸν
3100 5313 3350 5369 Ἰουδαῖον
3375 5315 3813 5389 ἀποφθεγγόμε-

2206 5453 2450 5541 βασιλεία
2485 5474 2603 5541 σοι),ἰ
2634 5455 2704 5541 '0
2726 5462 2934 5541 Πέτρου
2958 5468 3349 5541 Δσυςι-τρατιῶειτα
3378 5469 3493 5538 τῶν
3528 5470 3808 5530 Ἰουδαίων

2204 5530 2499 5610 κατήγορε.
2537 5525 2607 5583 Ὦ
2639 5525 3086 5606 λῃστά,ὀηιίεείε
3110 5525 3472 5607 ἰμιίίιυεᾱείιη.

2276 5595 2391 5664 (37)
2425 5595 2517 5654 Sic
2547 5615 2683 5657 mss.
2718 5602 2858 5658 Editi
2889 5622 3040 5664 vero.
3068 5609 3279 5664 urit-co
3304 5609 3465 5664 ξύλον

2670 5643 2683 5655 .
2718 5609 3040 5682 Egitiycro,
3068 5609 3279 5682 περὶ,τρ
3304 5609 3485 5682 ξύλον.

2559 5686 2693 5728 mss.
2745 5673 2885 5747 Editi
2932 5665 3095 5746 vero,
3142 5665 3476 5752 όείολονξνητά.
3509 5678 3583 5737 Ὦ
3629 5683 3809 5761 λῃστά
