3870 6208
174 363 318 421 1061

1062 354 1347 411 ΒοΜιιιΑ
1386 354 1453 410 ΙΝ
1496 352 1596 410 SS.
1638 351 1913 408 PATRES
1951 349 2042 407 ΕΤ
2077 349 2513 406 PB’OI’HETAS.

3298 344 3440 404 l06‘l

170 493 287 538 νος.
343 472 408 527 Τί
451 469 649 540 λέγεις,
690 462 736 523 ὦ
794 469 1134 539 συκοφάντα;
1177 466 1386 539 Νεκρδν
1430 467 1616 538 ἕτερον
1665 466 1820 535 οὐχΑ

1875 477 1976 516 non
2004 460 2221 517 Iudaeos
2252 462 2326 516 ita
2368 461 2699 531 compellat:
2734 458 2879 527 Quid
2927 459 3011 517 ais
3060 460 3443 532 sycophanta?

170 568 342 639 ὁρᾷς·
378 562 572 617 οὐκοῦν
610 559 688 632 τῷ
737 560 1078 632 ἀνισταμένῳ
1122 559 1526 629 προσκύνησονί
1569 556 1759 610 θέασαι

170 657 339 711 αὐτὸν
385 652 774 725 ἐγηγερμένον,
815 652 907 705 καὶ
950 650 1048 720 τὴν
1099 650 1416 703 δεσποτείαν
1456 646 1719 717 ἐπίγνωθι
1743 664 1756 677 ’

169 749 232 802 ὃν
265 747 457 819 νεκρόν
484 763 572 816 μοι
600 744 942 815 παρέδωκας,
967 742 1231 795 ἀθάνατον
1257 740 1587 810 ἀντιδίδωμι.
1621 738 1758 791 Ἀλλ’

168 840 277 892 οὐκ
307 841 531 910 ἠρκεῖτο
563 837 769 898 τούτοις
798 836 906 905 (59)
936 835 964 888 ὁ
999 833 1248 895 Ἰουδαῖος
1267 849 1281 863 ⁸
1318 833 1672 884 ἐπισυνάπτει
1704 830 1761 884 δὲ

167 925 252 997 τῷ
283 928 436 996 τάφῳ
470 925 566 988 τὰς
600 923 916 993 σφραγῖδας.
956 921 1140 976 Ἀθλιε
1173 923 1265 975 καὶ
1293 921 1578 984 πανάθλιε,
1606 923 1633 974 ὁ
1666 918 1759 973 τοῦ

170 1019 406 1072 θανάτου
439 1017 538 1079 τὰς
565 1016 754 1077 ὀδύνας
796 1013 958 1079 λύων,
1003 1014 1101 1079 τὰς
1153 1013 1452 1086 σφραγῖδας
1496 1013 1557 1065 οὐ
1606 1011 1758 1077 λύεις

179 1109 243 1161 '0
299 1107 571 1160 σκυλεύων
624 1105 713 1159 τὸν
768 1105 936 1177 ᾇδην,
996 1104 1064 1159 τά
1126 1105 1411 1175 σήμαντρα
1484 1103 1758 1173 φοϐεῖταις

168 1198 449 1272 Σφράγιζε
480 1200 572 1251 τὸν
615 1197 807 1265 τάφον,
859 1197 1221 1267 ἐπισημαῖνον
1264 1197 1355 1250 τὸν
1395 1195 1563 1259 λίθον,
1600 1213 1763 1269 στρα-

166 1292 373 1356 τιώτας
423 1291 735 1360 ἐπίστησον,
773 1288 1046 1359 πολιόρκει
1087 1288 1148 1342 τὸ
1184 1288 1373 1359 μνῆμα
1398 1288 1527 1357 (40).
1562 1287 1762 1352 Μειζόν

171 1401 280 1456 μου
322 1385 494 1444 ποιεῖς
526 1380 587 1433 τὸ
636 1379 996 1452 κατόρθωμα,
1045 1377 1238 1442 Οεατάς
1275 1380 1373 1451 τῆς
1414 1379 1761 1443 ἀναστάσεως

166 1473 534 1547 εὐτρεπίζεις,
575 1471 855 1545 μάρτυρας
893 1472 990 1542 τῆς
1033 1471 1303 1539 ἐγέρσεως
1354 1470 1560 1542 φέρεις,
1595 1476 1765 1541 κήρυ-

167 1580 276 1627 κας
306 1561 414 1615 τῶν
442 1560 591 1632 ἐμῶν
620 1560 913 1631 θαυμάτων
944 1562 1071 1624 τοὺς
1118 1562 1242 1625 σοὺς
1281 1562 1559 1633 ὑπηρέτας
1602 1578 1766 1615 κατα-

169 1654 488 1718 σκευάζεις.

242 1744 299 1800 6.
324 1742 494 1816 Δεῦρο
513 1737 604 1797 οὖν
631 1741 765 1814 (Η),
793 1742 1008 1811 ἀδελφοὶ
1034 1743 1304 1812 μείνωμεν
1318 1742 1438 1810 τὰς,
1456 1742 1650 1808 ὠδῖνας
1670 1743 1762 1798 τοῦ

1861 553 2132 608 Mortuum
2186 555 2354 608 alium
2411 568 2523 607 non
2576 551 2785 608 vides:
2832 560 3211 623 resurgentem
3271 553 3441 623 igitur

1860 645 2081 699 adora:
2126 645 2499 715 contemplare
2549 644 2703 698 illum
2762 644 3152 699 resuscitatum
3210 644 3442 715 ejusque

1860 733 2163 789 dominium
2208 749 2443 805 agnosce
2472 753 2486 789 :
2515 749 2676 804 quem
2711 734 2846 788 mihi
2884 746 3159 789 mortuum
3197 735 3442 790 tradide-

1860 843 1975 890 ras,
2017 828 2378 881 immortalem
2410 827 2509 881 tibi
2549 827 2740 881 reddo.
2775 824 2882 881 Sed
2910 824 2963 880 id
2997 826 3222 881 minime
3250 824 3443 881 Judteo

1862 919 1996 975 satis
2030 919 2130 972 l'uit
2161 938 2174 973 :
2207 917 2412 973 addidit
2456 920 2603 973 enim
2634 919 2888 989 sepulcro
2926 918 3295 989 signaculum.
3340 918 3443 973 Mi-

1862 1025 1972 1074 ser,
2007 1010 2115 1064 imo
2139 1009 2451 1065 miserrimc
2485 1028 2498 1065 :
2535 1010 2627 1079 qui
2656 1011 2849 1066 mortis
2888 1010 3108 1066 dolores
3131 1011 3315 1077 solvit,
3348 1026 3445 1067 an-

1863 1119 1974 1157 non
2016 1103 2191 1157 solvet
2245 1102 2563 1173 signacula?
2596 1101 2698 1169 Qui
2739 1102 3016 1158 infernum
3067 1104 3319 1174 diripuit,
3369 1119 3443 1158 an

1863 1196 2145 1266 signacula
2184 1194 2599 1250 reformidabit?
2631 1194 2872 1265 Obsigua
2916 1197 3252 1267 sepulcrum,
3285 1197 3447 1266 signa

1861 1287 2117 1357 lapidem,
2156 1287 2359 1341 milites
2421 1294 2623 1351 statue,
2682 1291 2993 1357 sepulcrum
3040 1286 3251 1341 ohside.
3296 1284 3445 1341 Prm-

1866 1381 2191 1436 stantiorem
2237 1396 2265 1433 a
2297 1395 2385 1434 me
2428 1390 2633 1448 gestam
2670 1393 2783 1432 rem
2825 1376 3058 1432 efﬁcies:
3084 1378 3445 1433 resurrectio-

1864 1471 1953 1526 nis
2002 1478 2341 1541 spectatores
2373 1470 2631 1534 atlornas,
2682 1476 2852 1523 testes
2896 1468 3319 1523 resurrectionis
3364 1467 3446 1521 al-

1864 1559 1976 1615 fers
2017 1578 2030 1615 :
2066 1560 2458 1614 miraculorum
2507 1574 2759 1614 meorum
2802 1573 3104 1629 praecones,
3161 1558 3449 1614 ministros

1865 1654 2074 1708 scilicet
2105 1661 2249 1719 tuos,
2284 1667 2580 1723 prae-paras.

1932 1744 1988 1798 ’6.
2034 1744 2187 1813 Agite
2218 1759 2370 1813 ergo,
2404 1742 2625 1806 fratres,
2652 1751 3033 1811 exspectemus
3056 1741 3295 1811 sepulcri
3320 1757 3449 1814 par-

166 1836 369 1905 τάφου.
404 1835 632 1904 ’ίδωμεν
668 1834 808 1897 τέως
837 1832 1247 1905 δωροφοροῦντα
1292 1833 1382 1887 τὸν
1423 1834 1639 1904 Ἰωσὴφ,
1670 1835 1763 1887 καὶ
1793 1841 1820 1902 ε

1875 1843 1974 1892 ius.
2002 1835 2299 1892 Videamus
2327 1834 2528 1906 Joseph
2562 1837 2704 1890 dona
2741 1835 3026 1896 ferentem.
3056 1833 3447 1889 Nicodenium-

166 1928 267 1981 τὸν
328 1924 636 1996 Νικόδημον
691 1924 1086 1996 συντρέχοντα,
1131 1925 1325 1979 σινδόνι
1371 1925 1622 1997 καθαρᾷ,
1671 1927 1765 1979 καὶ

167 2017 421 2079 ὀθονίοις,
448 2016 541 2069 καὶ
578 2016 844 2087 σουδαρίῳ
883 2015 1345 2087 περιειλίσσοντας
1383 2016 1474 2069 τὸν
1510 2016 1603 2069 τοῦ
1632 2033 1767 2069 παν-

166 2108 266 2173 τὸς
302 2108 529 2179 Κύριον,
578 2106 824 2178 σμύρναν
870 2123 930 2159 τε
982 2108 1075 2160 καὶ
1106 2107 1291 2177 ἀλόην,
1323 2107 1392 2160 τὰ
1432 2108 1530 2179 τῆς
1560 2109 1768 2181 ἀφθαρ-

170 2202 298 2264 σίας
330 2199 596 2271 σύμβολα,
625 2199 1109 2271 προσκομίζοντας.
1144 2199 1370 2270 Ἴδωμεν
1398 2204 1768 2272 κυοφορουμέ-

165 2311 273 2365 νην
302 2291 402 2363 τὴν
435 2293 749 2346 ἀνάστασιν.
783 2292 1009 2363 Ἴδωμεν
1035 2292 1275 2363 γαστέρα
1310 2293 1481 2361 τάφου
1512 2294 1609 2365 τῆς
1635 2296 1769 2348 ἀνα-

169 2386 420 2448 στάσεως
458 2384 689 2455 μητέρα.
736 2384 1023 2455 Μείνωμεν
1070 2384 1195 2437 ἰδεῖν
1233 2385 1323 2437 τὸν
1370 2385 1601 2457 Χριστὸν
1639 2402 1766 2459 τρο-

166 2476 434 2547 παιοῦχον
459 2479 523 2529 ὲκ
541 2478 713 2545 τάφου
738 2476 1185 2549 συνεγειρόμενον
1210 2475 1319 2546 (42)
1345 2494 1359 2506 ο
1386 2478 1481 2530 καὶ
1500 2479 1599 2549 τὴν
1622 2476 1766 2532 κατά

169 2568 407 2622 θανάτου
469 2570 563 2621 καὶ
623 2568 887 2640 τυράννου
951 2568 1108 2639 νίκην
1167 2567 1592 2638 ἀναδησάμενον.
1648 2568 1766 2623 Τοί-

168 2678 271 2714 νυν
319 2659 535 2731 φαιδροὶ
578 2657 787 2730 φαιδρῷ
824 2657 902 2729 τῷ
945 2658 1292 2730 ἀνισταμένῳ
1336 2657 1554 2731 Χριστῷ
1599 2675 1768 2730 προσ-

170 2751 442 2822 ιλθωμεν.
482 2751 641 2822 Αὐτῷ
685 2751 794 2823 γὰρ
849 2751 1049 2825 πρέπει
1100 2753 1249 2804 πᾶσα
1296 2750 1442 2817 δόξα,
1490 2750 1624 2822 τιμὴ
1674 2750 1769 2805 xai.

169 2844 572 2918 προσκύνησις,
604 2844 702 2897 σὺν
728 2842 807 2915 τῷ
841 2844 1017 2916 Πατρὶ
1050 2844 1142 2897 καὶ
1187 2842 1266 2915 τῷ
1305 2844 1445 2914 ἁγίῳ
1471 2842 1767 2917 Πνεύματι,

170 2939 256 3002 είς
284 2936 412 3001 τοὺς
437 2937 637 3001 αἰῶνας
666 2937 773 2990 τῶν
799 2936 1028 2992 αἰώνων.
1083 2938 1277 3008 Ἀμήν.

246 3088 365 3160 (39)
396 3089 495 3164 _Sic
529 3090 841 3164 mss._Editi
875 3106 1023 3164 vero,
1056 3091 1157 3164 οὐκ
1190 3092 1351 3164 ἀρκεῖ
1376 3090 1684 3155 τοσούτους.

245 3163 362 3233 (41»)
394 3162 469 3215 Ita
500 3179 633 3217 mss.
668 3162 831 3225 Enliti,
861 3162 931 3215 τὰ
968 3162 1251 3233 μνήματα.

250 3228 366 3305 (il)
401 3234 461 3287 In
488 3234 649 3289 editis
675 3234 809 3298 haec,
834 3228 1005 3305 Δεῦρό
1042 3228 1249 3288 adv”...
1278 3231 1371 3285 τοῦ
1397 3234 1590 3300 τάφου.
1620 3228 1760 3285 infe-

1866 1943 1973 1998 que
2014 1928 2115 1998 ipsi
2148 1936 2589 1993 concurrentem,
2637 1927 2872 1982 sindone
2912 1928 3136 1991 munda,
3163 1927 3359 1996 pannis
3391 1934 3448 1981 es

1867 2021 2091 2075 sudario
2132 2019 2419 2074 Dominum
2468 2022 2710 2076 universi
2755 2021 3134 2081 ohvolventes,
3167 2019 3448 2090 myrrham

1865 2120 1920 2168 et
1952 2114 2107 2166 aloen
2146 2112 2585 2187 immortalitatis
2632 2113 2880 2184 symbola
2926 2112 3237 2168 aﬂ‘ereutes.
3284 2111 3450 2180 Aspi-

1867 2206 2081 2261 ciamus
2105 2207 2559 2261 resurrectionem
2580 2205 2736 2275 quasi
2762 2213 2974 2260 uterum
2998 2214 3322 2276 gestantem.
3349 2203 3452 2259 Vi-

1877 2298 2104 2352 deamus
2160 2297 2395 2366 sepulcri
2451 2306 2664 2352 uterum
2709 2299 3132 2353 resurrectionis
3192 2305 3446 2352 matrem.

1866 2386 2262 2458 Exspectemus
2294 2388 2465 2443 visuri
2514 2387 2805 2442 Dominum
2842 2404 2966 2443 cum
3014 2396 3218 2459 tropeo
3261 2403 3328 2442 ex
3361 2403 3451 2443 se—

1867 2481 2062 2550 pulcro
2094 2490 2491 2550 resurgentem,
2522 2488 2575 2535 et
2605 2480 2891 2534 victoriam
2918 2480 2986 2535 de
3020 2481 3275 2550 sepulcro
3301 2486 3349 2534 θ’
3378 2480 3452 2536 de

1876 2580 2112 2644 tyranno
2155 2579 2545 2642 reportantem.
2574 2573 2768 2641 Itaque
2798 2572 2904 2626 lani
2957 2574 3025 2625 ad
3071 2572 3255 2626 laetum
3289 2570 3453 2626 Chri-

1884 2670 2027 2716 stum
2066 2670 2443 2731 resurgcntem
2490 2663 2836 2717 accedamus.
2896 2661 3050 2715 Illum
3094 2663 3238 2717 enim
3293 2662 3454 2717 decet

1873 2754 2053 2807 omnis
2094 2753 2285 2821 gloria,
2319 2752 2512 2817 honor,
2539 2750 2789 2807 adoratio
2817 2769 2942 2808 cum
2964 2750 3127 2808 Patre
3156 2760 3211 2808 et
3242 2749 3452 2824 Spiritu

1874 2853 2067 2900 sancto
2094 2846 2148 2899 in
2190 2846 2389 2901 saecula
2422 2848 2768 2901 saeculorum.
2798 2846 2994 2901 Amen.

1864 3088 1983 3145 rius
2015 3089 2197 3159 posita
2218 3097 2367 3145 sunt.
2394 3090 2452 3144 in
2478 3105 2613 3145 mss.
2642 3106 2774 3146 vero
2802 3090 2892 3145 hic
2921 3090 3211 3145 habentur.

1938 3158 2050 3234 (4‘2)
2075 3159 2159 3234 _lta
2201 3178 2334 3216 mss.
2380 3160 2522 3234 Edtti
2551 3176 2702 3234 vero,
2744 3162 3213 3234 συνεγειρόμενον.
3260 3158 3455 3215 Τοίνυν

1867 3231 2105 3303 φαιδροί,
2144 3234 2367 3287 omissis
2398 3231 2749 3302 quibusdam.

1131 3487 1299 3560 388
1334 3487 1399 3542 IN
1452 3486 1876 3555 SEQUENTEM
1917 3485 2258 3542 HOMILIAM
2297 3487 2704 3546 ADMONITIO.

260 3604 430 3657 Hanc.
457 3604 725 3673 publicam
775 3605 899 3677 fecit
947 3603 1294 3669 Holstenius,
1331 3603 1724 3672 Athanasioque
1768 3602 2184 3673 abjudicandam
2218 3606 2457 3676 putavit,
2500 3620 2590 3659 nec
2637 3604 2889 3673 injuria:
2921 3614 2999 3661 est
3048 3605 3193 3659 enim
3231 3605 3456 3677 ineptis-

173 3697 308 3750 simi
367 3695 592 3751 hominis
632 3700 792 3766 Ietas,
839 3706 896 3750 ut
947 3697 1117 3764 primo
1172 3705 1387 3765 aspectu
1436 3693 1716 3749 a’stimabit
1758 3695 1997 3776 eruditus
2038 3696 2203 3749 lector
2246 3711 2265 3749 :
2312 3707 2468 3766 atque
2518 3705 2636 3766 post
2692 3694 3168 3751 Iconomachorum
3207 3697 3456 3756 haeresim

176 3791 483 3859 conscripta
513 3790 717 3845 videtur
742 3804 810 3843 ea:
828 3789 896 3842 iis
927 3803 1044 3858 qua:
1072 3791 1136 3840 de
1166 3785 1485 3857 imaginibus
1516 3783 1611 3838 sub
1642 3784 1802 3853 ﬁnem
1832 3783 2113 3839 habentur.
2149 3785 2281 3851 Quae
2309 3782 2522 3839 etiamsi
2552 3794 2608 3838 ut
2648 3785 2947 3841 arbitratus
2978 3796 3059 3841 est
3102 3784 3455 3860 Combeﬁsins

175 3894 235 3950 ι).
276 3879 401 3942 564,
434 3892 642 3951 possant
671 3890 794 3937 ante
822 3879 1284 3937 Iconoclastarum
1337 3886 1547 3932 aetatem
1589 3877 1791 3944 scripta
1818 3874 2005 3945 fuisse,
2043 3894 2180 3949 agre
2222 3888 2396 3932 tamen
2425 3887 2653 3947 tempore
2690 3878 2977 3935 Athanasii
3023 3892 3227 3952 scripta
3259 3899 3449 3939 conce-

175 3973 407 4028 dantur.

1276 4153 1413 4208 ΤΟΥ
1449 4152 1543 4207 ΕΝ
1579 4154 1805 4209 ΑΠΟῙΣ
1842 4156 2119 4211 ΠΑΤΡΟΣ
2155 4156 2358 4211 ΗΜΩΝ

1494 4275 2138 4367 ΑΘΑΝΑΣΙΟΥ

176 4456 288 4519 Et;
321 4449 464 4515 τοὺς
494 4448 700 4517 ἁγίους
729 4445 995 4516 Πατέρας
1022 4444 1122 4499 καί
1157 4440 1485 4513 προφήτας,
1526 4436 2255 4578 καιεὶςόιῗῗιὶᾶιάνσεπτον
2282 4444 2681 4514 Ἐκκλησίαν,
2711 4442 2813 4500 καὶ
2845 4444 2936 4511 εις
2956 4440 3067 4496 τὸν
3094 4441 3188 4498 ,ιδ’
3209 4446 3459 4517 ψαλμὸν

1213 4753 1310 4841 S.
1389 4753 1495 4840 P.
1577 4752 1698 4840 N.
1776 4749 2429 4841 ATHANASII

184 4938 253 4994 In
283 4946 495 4993 sanctos
524 4933 712 4989 Patres
740 4944 787 4988 et
812 4929 1121 5002 prophetas,
1159 4939 1209 4983 et
1237 4928 1296 4982 in
1320 4925 1608 4981 admodum
1646 4922 2003 4979 venerandam
2047 4921 2367 4989 Ecclesium,
2394 4931 2553 4993 atque
2582 4919 2643 4978 in
2697 4919 2967 4991 psalmum
2996 4933 3165 4974 xxx“
3212 4917 3456 4976 homilia.

1951 5149 2005 5203 1.
2044 5145 2210 5201 Fides
2242 5159 2366 5216 quae
2408 5143 2563 5199 ducit
2599 5143 2667 5199 ad
2703 5145 2854 5201 viam
2880 5142 3213 5214 cognitionis
3248 5139 3369 5206 Dei,
3402 5149 3461 5197 et

1876 5242 1945 5297 ad
1975 5241 2209 5312 probum
2236 5237 2901 5309 incomprehensibileque
2934 5236 3045 5309 (ιδ)
3074 5235 3198 5289 vita:
3235 5233 3462 5288 institu-

1878 5343 2018 5399 tum,
2058 5348 2167 5388 non
2193 5331 2434 5386 recentis
2457 5336 2541 5386 est
2574 5329 2738 5392 initii,
2771 5336 2830 5384 ut
2863 5330 3016 5383 aiunt
3041 5326 3196 5399 impii
3226 5326 3305 5381 illi
3338 5339 3462 5381 sce-

258 5163 313 5219 ιι.
358 5163 424 5217 Ἦ
450 5160 765 5233 ποδηγοῦσα
794 5158 976 5220 πίστις
1011 5158 1090 5220 εἰς
1139 5155 1239 5226 τὴν
1270 5153 1388 5208 ὁδὸν
1419 5153 1518 5225 τῆς
1547 5152 1778 5222 θεογνω-

183 5258 326 5322 σίας,
344 5256 441 5310 καὶ
454 5254 552 5326 τὴν
572 5253 826 5325 ἐνάρετον
850 5251 944 5305 καὶ
968 5247 1352 5317 ἀκατάληπτον
1382 5244 1676 5311 πολιτείαν,
1710 5247 1772 5300 οὐ

182 5346 458 5419 νεωτέραν
495 5344 607 5417 ἔχει
647 5344 745 5415 τὴν
785 5336 1181 5414 ἀρχὴν,καθώς
1206 5355 1373 5409 φασιν
1399 5334 1775 5408 ἀνόμιμοικαὶ

183 5415 455 5507 ἀλιτήριοι
500 5415 746 5487 ’Ϊουδαϊοι
769 5447 783 5462 ·
825 5430 939 5485 ἀλλ’
970 5428 1179 5485 ἄνωθεν
1223 5428 1290 5481 ἐκ
1316 5425 1425 5481 τῶν
1464 5425 1627 5479 ὁσίων
1679 5423 1774 5477 καὶ

1876 5422 2150 5494 leratique
2185 5418 2523 5477 Judaaizsed
2565 5420 2682 5488 jam
2731 5419 2862 5473 olim
2905 5432 2937 5472 ο
2985 5416 3193 5471 sanctis
3242 5415 3461 5507 piisquo

184 5506 426 5584 εὐσεϐῶν
452 5527 732 5598 Πατέρων,
758 5522 903 5591 λέγω
937 5521 994 5575 δὲ
1020 5520 1115 5575 τοῦ
1139 5517 1327 5583 Ἅϐελ,
1352 5516 1557 5572 καὶτοῦ
1578 5513 1771 5586 Ἑνὼχ,

1878 5515 2159 5579 Patribus,
2199 5514 2335 5570 A'hel
2364 5512 2511 5580 dico,
2552 5510 2761 5576 Enoch,
2802 5509 2934 5574 Noe,
2967 5508 3267 5571 Abraham,
3307 5506 3460 5562 aliis-

181 5623 283 5679 καὶ
308 5619 404 5675 τοῦ
434 5618 581 5685 Νῶε,
626 5617 722 5672 καὶ
768 5615 863 5670 τοῦ
889 5613 1160 5686 ’Δόραὰμ,
1209 5612 1303 5667 καὶ
1344 5610 1454 5666 τῶν
1500 5608 1674 5666 ἄλλων
1719 5608 1778 5663 δὲ

1883 5623 1990 5679 que
2015 5607 2272 5665 omnibus
2295 5605 2464 5678 iustis
2492 5603 2628 5662 viris
2658 5611 2780 5660 orta
2827 5610 2931 5660 est.
2963 5600 3117 5669 Quod
3148 5613 3281 5656 sane
3322 5610 3460 5653 con-

259 5775 375 5849 (43)
409 5773 729 5831 llolstenius
750 5773 934 5838 vertit,
970 5766 1423 5840 irreprelienstbile
