3860 6204
455 306 481 358 ι
491 304 597 361 065

1661 297 1719 351 S.
1762 291 2223 351 ATHANASIUS.
2259 323 2331 335 -—-
2368 291 2647 349 SPURIA.

3585 289 3720 346 1064

454 417 704 486 spicuum
729 421 815 469 est
844 429 911 469 ex
942 412 1012 469 iis
1068 426 1190 484 quae
1243 410 1485 482 loquitur
1516 410 1753 475 Paulus,
1786 424 1884 464 vas
1913 408 2021 463 ele-

2138 407 2344 461 πάντων
2375 407 2620 462 δικαίων.
2658 406 2767 460 Καὶ
2814 404 2971 459 τοῦτο
3009 405 3166 477 δῆλον
3207 407 3270 459 ἐκ
3310 404 3407 460 τοῦ
3445 407 3619 460 εἰπεῖν
3661 407 3721 461 τὺ

451 507 674 570 ctionis,
715 522 813 560 vas
853 507 1301 576 unguentariam,
1337 511 1391 559 et
1448 505 1708 558 columna
1754 502 2026 567 veritatis,

451 595 678 667 qui'haec
695 594 969 665 ipsissima
987 591 1354 648 scribitverba
1368 592 1414 624 ⁸³
1442 611 1457 643 :
1478 589 1611 645 Fide
1635 589 1823 644 Abelis
1849 587 2024 659 pluri-

452 702 599 742 mam
642 687 876 742 hostiam
907 700 1072 755 quam
1125 700 1154 737 a
1200 682 1371 739 Caino
1417 683 1629 753 accepit
1669 681 1835 744 Deus,
1886 679 2032 734 unde

451 779 616 832 etiam
647 775 781 829 vivit
812 777 866 828 in
896 784 1184 831 aeternum.
1221 773 1355 830 Fide
1399 772 1587 827 Enoch
1632 772 1741 827 Deo
1773 780 2031 842 acceptus

410 867 757 934 .translatus
810 872 894 919 est
944 865 999 918 in
1050 864 1399 935 paradisum,
1454 879 1579 918 cum
1636 878 1747 917 non
1802 862 2033 916 vidisset

453 970 798 1010 communem
840 965 1049 1008 natura:
1092 964 1344 1008 mortem.
1389 951 1521 1007 Fide
1568 951 1682 1006 Noe
1724 953 2032 1005 construxit

456 1062 639 1100 arcam
702 1047 757 1100 in
810 1048 1041 1101 salutem
1094 1045 1291 1100 domus
1339 1061 1453 1100 sua:
1481 1064 1493 1099 :
1524 1054 1710 1116 typum
1754 1052 2030 1114 gerentem

454 1138 841 1192 inenarrabilis
885 1137 1166 1201 Ecclesia,
1206 1137 1494 1192 habentem
1538 1137 2033 1208 binas.ternasque

454 1230 915 1299 contignationes,
961 1229 1364 1284 invocationem
1393 1228 1604 1283 scilicet
1633 1227 1833 1292 Patris,
1864 1235 1919 1282 et
1943 1227 2033 1284 Fi-

451 1319 539 1384 lii,
571 1332 623 1374 ct
649 1320 888 1391 Spiritus
919 1321 1115 1374 sancti.
1150 1318 1281 1374 Fide
1309 1320 1582 1374 Abraham
1607 1335 1864 1390 egressus
1892 1335 1921 1374 e
1946 1333 2033 1373 re-

454 1410 615 1481 gione
641 1411 1042 1474 Chaldaeorum,
1071 1411 1332 1465 habitavit
1365 1411 1418 1465 in
1446 1419 1591 1465 terra
1624 1410 2028 1480 promissionis,

453 1510 780 1573 accepturus
811 1505 1088 1558 caelestem
1145 1504 1443 1565 civitatem,
1475 1519 1771 1583 supernam
1803 1503 2031 1557 Jerusa-

451 1592 580 1655 lem,
608 1602 835 1650 matrem
865 1594 1376 1666 primogenitorum,
1410 1595 1569 1664 cujus
1594 1594 1791 1649 artifex
1825 1601 1879 1648 et
1899 1609 2032 1648 cou-

452 1684 598 1740 ditor
630 1687 783 1741 solus
819 1686 981 1742 Deus.
1016 1684 1149 1740 Fide
1183 1684 1334 1741 lsaae
1376 1701 1502 1741 cum
1534 1686 1825 1741 oll‘erretur
1849 1687 1916 1741 ad
1947 1688 2030 1741 al-

450 1784 588 1843 tare,
632 1793 745 1833 non
792 1780 1125 1851 lacrymatus
1174 1790 1279 1842 est,
1333 1780 1517 1834 sciens
1567 1795 1626 1834 se
1678 1780 2031 1849 praetigurare

451 1869 665 1939 Agnum
706 1871 800 1940 qui
852 1872 1137 1926 ablaturus
1176 1880 1295 1926 erat
1335 1879 1620 1940 peccatum
1653 1871 1864 1925 mundi.
1899 1871 2032 1927 Fide

451 1956 623 2014 Jacob
652 1961 899 2015 adoravit
942 1964 1313 2017 summitatem
1344 1964 1509 2035 virgae
1544 1980 1677 2027 suae,
1706 1964 2035 2021 manifestis-

456 2051 593 2106 sime
628 2040 945 2123 signil‘tcans
967 2055 1249 2108 victricem
1286 2070 1350 2109 ac
1381 2057 1755 2111 beatissimam
1784 2072 2028 2113 erucem.

454 2137 589 2197 Fide
617 2140 818 2213 Joseph
855 2143 1118 2210 moriens,
1154 2147 1433 2200 mandavit
1473 2147 1600 2202 liliis
1633 2149 1803 2203 Israel
1835 2149 1904 2204 de
1945 2165 2036 2206 os-

457 2234 611 2289 sibus
661 2235 798 2298 suis,
848 2244 907 2289 ut
956 2251 1020 2290 ea
1069 2251 1136 2292 ex
1184 2236 1421 2309 Egypto
1477 2239 1778 2305 auferrent,
1824 2257 1894 2297 ne
1941 2242 2034 2297 illa

457 2324 720 2398 tEgyptii,
757 2329 915 2399 quasi
956 2328 1147 2394 Deum,
1195 2332 1459 2386 colerent.
1510 2330 1641 2387 Fide
1679 2331 1874 2387 Rahab
1921 2348 2034 2389 non

456 2419 619 2489 periit
662 2436 768 2474 una
813 2436 938 2475 cum
986 2423 1123 2478 urbe
1150 2421 1389 2487 Iericho,
1424 2426 1697 2496 susceptis
1744 2442 1869 2480 eum
1900 2442 2035 2498 pace

456 2511 916 2579 exploratoribus.
968 2511 1101 2568 Fide
1152 2513 1331 2570 Moses
1374 2516 1671 2571 celebravit
1719 2515 1932 2572 Pascha
1980 2524 2035 2573 et

456 2600 775 2657 ell'usionem
800 2604 1104 2675 sanguinis,
1135 2613 1193 2658 ut
1217 2613 1270 2660 et
1303 2620 1403 2660 nos
1436 2605 1540 2661 fide
1562 2607 1801 2663 salutare
1820 2606 2036 2663 Pascha

457 2693 838 2758 celebremus,
898 2697 1019 2751 sine
1067 2698 1176 2749 ulla
1228 2696 1507 2767 hypocrisi
1556 2697 1836 2770 («'Omne
1886 2699 2034 2753 enim

456 2784 600 2853 quod
629 2798 740 2838 non
772 2791 857 2840 est
899 2801 966 2839 ex
1011 2785 1116 2840 ﬁde
1156 2793 1440 2855 peceatum
1486 2798 1570 2842 est
1585 2787 1632 2820 ⁸⁸
1658 2791 1730 2857 ι),
1766 2798 2034 2859 tingentes

458 2878 740 2947 sanguine,
773 2893 879 2931 nou
904 2878 1044 2934 duos
1065 2886 1252 2949 postes
1270 2880 1586 2949 jauuarum,
1619 2882 1711 2936 sed
1740 2883 2037 2952 obsignan-

458 2975 542 3024 tes
569 2970 807 3022 animam
852 2979 909 3025 et
938 2985 1171 3041 corpus;
1206 2981 1265 3025 ut
1304 2970 1518 3026 Pharao
1568 2988 1692 3026 cum
1729 2973 1948 3028 diabolo
1977 2974 2035 3029 in

458 3060 630 3113 maris
658 3057 829 3113 Rubri
860 3062 1050 3131 pelago
1078 3061 1481 3131 submergatur.
1506 3061 1618 3117 Nos
1640 3070 1821 3117 autem
1858 3079 2036 3119 novus

458 3149 628 3203 Israel
665 3164 790 3203 cum
820 3149 968 3206 Mose
988 3161 1274 3206 cantemus
1297 3152 1544 3207 victoriae
1573 3154 1871 3209 canticum.
1903 3154 2037 3210 Fide

458 3242 741 3312 propheta:
771 3243 1021 3297 vicerunt
1052 3258 1244 3313 regna,
1276 3243 1456 3315 adepti
1485 3254 1615 3300 sunt
1650 3247 2037 3316 repromissio—

459 3348 581 3394 nes,
612 3332 1010 3388 obturaverunt
1049 3349 1147 3388 ora
1171 3336 1416 3400 leonum,
1450 3337 1671 3406 sapiens
1700 3337 1913 3391 scilicet
1944 3338 2037 3394 ille

460 3421 651 3477 Daniel
679 3442 692 3477 :
718 3425 1103 3479 exstinxerunt
1131 3425 1394 3494 impetum
1439 3425 1605 3496 ignis,
1638 3436 1751 3482 tres
1782 3428 2038 3483 videlicet

459 3516 636 3587 pueri,
668 3516 761 3587 qui
792 3516 1065 3571 ﬂammam
1100 3516 1243 3587 ignis
1282 3533 1409 3574 rore
1436 3500 1707 3574 mitiorem
1752 3522 2038 3589 proculca-

459 3617 612 3664 runt.
636 3610 741 3664 Alii
760 3617 941 3664 autem
962 3609 1188 3666 distenti
1211 3619 1359 3676 sunt,
1385 3619 1624 3666 rotarum
1645 3613 1839 3667 axibus
1861 3629 2037 3668 mem-

459 3702 660 3757 bratim
713 3703 1008 3774 exagitati,
1066 3719 1178 3758 non
1233 3704 1476 3760 admissa
1518 3706 1735 3774 tyranni
1777 3705 2036 3762 Antiochi

459 3794 842 3851 adhortatione
864 3797 978 3861 illa,
1012 3815 1032 3849 ι
1055 3795 1372 3852 Sacriﬁcate
1393 3805 1447 3852 et
1469 3806 1644 3853 estote
1666 3799 1827 3853 amici
1852 3800 1980 3866 mei,
2010 3819 2032 3853 ι

460 3894 522 3939 ut
554 3867 836 3942 meliorem
872 3886 1181 3942 invenirent
1213 3889 1697 3943 resurrectionem.
1733 3887 2035 3960 Lapidatus

459 3983 546 4030 cst
568 3975 659 4030 ille
688 3992 745 4031 re
772 3984 935 4046 atque
959 3978 1182 4032 nomine
1213 3975 1525 4046 Stephanus
1555 3978 1629 4049 (id
1653 3987 1757 4047 est,
1780 3981 2033 4053 corona),

459 4066 619 4136 cujus
632 4067 798 4138 capiti
815 4069 1521 4140 coronajustitiaeimposita
1534 4069 1654 4125 fuit.
1674 4070 1834 4127 Serra
1853 4080 2038 4130 sectus

461 4157 564 4213 fuit
594 4158 787 4225 Isaias,
832 4176 1019 4215 verum
1060 4161 1369 4217 celebratur
1420 4162 1475 4216 in
1511 4171 1799 4219 aeternum.
1842 4163 2037 4222 Gladio

462 4251 591 4306 caesi
621 4252 824 4307 mortui
851 4260 980 4307 sunt
1006 4250 1248 4309 Joannes
1288 4260 1342 4308 et
1369 4252 1611 4309 Iacobus
1641 4274 1654 4310 :
1681 4256 1901 4312 occisus
1937 4256 2040 4312 fuit

465 4339 763 4397 Zacharias
788 4362 800 4397 :
825 4344 1167 4397 circuierunt
1187 4343 1242 4398 in
1264 4344 1503 4412 melotis,
1522 4344 1694 4402 lsaias
1709 4356 1763 4402 et
1784 4347 2035 4415 Eliszeus,

2133 499 2323 564 σκεῦος
2347 501 2444 571 τῆς
2477 499 2723 571 ἐκλογῆς,
2750 498 2811 551 τὸ
2844 499 3154 571 μυροφόρον
3187 499 3425 567 ἀγγεῖον,
3468 499 3561 553 τὸν
3601 501 3720 553 στύ-

2129 590 2220 644 λον
2252 592 2350 662 τῆς
2378 591 2631 663 ἀληθείας
2659 590 2890 654 Παῦλον,
2912 592 3193 662 γράφοντα
3215 591 3388 644 ταῦτα
3418 592 3510 644 ἐπὶ
3528 591 3721 656 λέξεως

2129 684 2225 738 καὶ
2276 683 2535 753 λέγονταο
2592 683 2780 736 Πίστει
2828 682 2993 736 Ἀϐελ
3052 683 3273 736 πλείονα
3336 682 3527 736 θυσίαν
3575 682 3720 752 παρὰ

2130 774 2271 828 Κάῖν
2298 773 2658 847 προσεδέξατο
2681 775 2710 827 6
2736 774 2868 838 Θεός
2886 792 2901 806 ο
2934 774 3057 829 ὅθεν
3085 775 3180 828 καὶ
3208 772 3275 846 ζῇ
3301 768 3380 838 είς
3407 775 3499 829 τὸν
3528 775 3715 829 αἰῶνα.

2131 865 2316 919 Πίστει
2356 864 2526 937 Ἑνὼχ
2551 868 2921 938 εύαρεστήσας
2950 861 3030 938 τῷ
3059 866 3197 937 Θεῷ,
3231 866 3494 938 μετετέθη
3520 869 3602 931 είς
3633 868 3718 920 τὸν

2132 956 2478 1027 παράδεισον,
2514 955 2587 1028 μὴ
2622 956 2956 1027 θεασάμενος
2988 956 3121 1027 μηδὲ
3155 957 3246 1010 τὸν
3288 957 3466 1009 κοινὸν
3500 957 3720 1010 θάνατον

2129 1047 2229 1117 τῆς
2267 1046 2500 1116 φύσεως.
2547 1047 2732 1100 Πίστει
2766 1046 2890 1099 Νῶε
2934 1045 3306 1099 κατεσκεύασε
3355 1044 3456 1116 τὴν
3495 1046 3723 1100 κιϐωτὸν

2132 1135 2210 1197 εἰς
2258 1134 2531 1206 σωτηρίαν
2578 1134 2672 1188 τοῦ
2719 1135 2868 1188 οἴκου
2913 1134 3100 1200 αὑτοῦ,
3159 1134 3578 1208 χαρακτηρίζων
3631 1135 3723 1206 τὴν

2132 1226 2494 1296 ἀνεκλάλητον
2535 1227 2878 1300 Ἐκκλησίαν,
2918 1229 3148 1299 ἔχουσαν
3185 1229 3415 1300 διὸροφα
3458 1229 3550 1283 καὶ
3586 1230 3726 1300 τριό-

2135 1335 2300 1390 ροφα,
2345 1320 2634 1390 ἐπίκλησιν
2671 1320 2884 1392 Πατρδς
2922 1320 3016 1373 καὶ
3052 1319 3183 1374 Υίοῦ
3226 1322 3321 1374 καὶ
3362 1322 3518 1390 ἁγίου
3559 1320 3726 1375 Πνεύ-

2134 1427 2322 1480 ματος.
2370 1412 2558 1464 Πίστει
2584 1411 2856 1483 Ἀϐραὰμ,
2894 1411 3125 1479 ἐξελθὼν
3169 1415 3234 1467 ἐκ
3276 1413 3377 1484 τῆς
3422 1414 3727 1486 Χαλδαῖκῆς

2130 1501 2344 1573 χώρας,
2401 1503 2729 1573 παρῴκησεν
2779 1505 2857 1567 είς
2911 1504 3010 1575 τὴν
3065 1504 3169 1576 γῆν
3196 1505 3314 1577 τῆς
3370 1506 3705 1575 ἐπαγγελίας

2130 1595 2561 1666 ἀπεκδεχόμενος
2585 1595 2683 1667 τὴν
2714 1596 3035 1668 ἐπουράνιον
3059 1598 3232 1661 πόλιν,
3259 1599 3357 1670 τὴν
3390 1598 3504 1652 ἄνω
3541 1578 3728 1671 Ἱερουί

2134 1687 2337 1758 σαλὴμ,
2390 1688 2487 1758 τὴν
2536 1687 2748 1759 μητέρα
2799 1688 2907 1743 τῶν
2953 1691 3332 1762 πρωτοτόκων,
3365 1686 3433 1762 ἧς
3477 1691 3728 1763 τεχνίτης

2062 1752 2106 1811 Β
2134 1777 2229 1830 καὶ
2258 1752 2776 1848 δημιουργδςμό-νος
2802 1781 2831 1832 6
2855 1752 3009 1842 856;:
3043 1780 3231 1832 Πίστει
3253 1752 3440 1834 Ἰσαάκ
3463 1752 3728 1852 άνᾶφερᾶ

2136 1885 2293 1939 μενος
2320 1870 2412 1922 ἐπὶ
2450 1871 2511 1924 τὸ
2544 1870 2949 1942 θυσιαστήριον,
2980 1872 3081 1924 οὐκ
3113 1871 3514 1943 ἀπεδάκρυσεν,
3547 1872 3724 1939 εἰδὼς,

2131 1958 2213 2011 ὅτι
2265 1959 2517 2023 είκονίζει
2574 1960 2665 2013 τὸν
2720 1961 2889 2031 ἀμνὸν
2940 1960 3030 2015 τὸν
3091 1961 3354 2031 μέλλοντα
3399 1962 3578 2031 αἴρειν
3630 1962 3728 2033 τὴν

2134 2051 2406 2122 ἁμαρτίαν
2440 2050 2537 2106 τοῦ
2582 2053 2809 2124 κόσμου.
2866 2052 3052 2107 Πίστει
3085 2052 3281 2108 Ἰακὼϐ
3322 2051 3730 2126 προσεκύνησεν

2134 2143 2226 2196 ἐπὶ
2254 2143 2313 2196 τὸ
2341 2139 2507 2215 άκρον
2530 2145 2631 2215 τῆς
2659 2145 2853 2217 ῥάϐδου
2897 2144 3061 2199 αὐτοῦ
3096 2144 3228 2217 (44),
3264 2145 3554 2218 ἐκμηνύων
3587 2147 3733 2199 άντιο

2134 2232 2238 2303 κρυ
2266 2231 2356 2286 τὸν
2389 2235 2658 2288 νικοποιὸν
2695 2235 2786 2289 καὶ
2804 2237 3200 2308 τρισμακάριον
3234 2237 3487 2309 σταυρόν.
3520 2238 3729 2300 Πίστει.

2147 2321 2341 2393 Ἰωσὴφ
2354 2321 2617 2375 τελευτῶν
2635 2323 2935 2377 ἐνετείλατο
2948 2328 3058 2389 τοῖς
3082 2327 3216 2388 υἱοῖς
3238 2325 3457 2397 Ἰσραὴλ
3475 2327 3605 2398 περὶ
3624 2325 3732 2378 τῶν

2134 2413 2337 2467 ὀστέων
2365 2414 2549 2479 αὐτοῦ,
2581 2413 2869 2484 ἐξαγαγεῖν
2894 2416 3032 2470 αύτὰ
3064 2418 3128 2469 ἐκ
3172 2417 3271 2487 τῆς
3313 2416 3615 2487 Αἰγύπτου,
3648 2419 3733 2472 ἵνα

2139 2506 2212 2577 μὴ
2241 2506 2465 2577 μέλλουν
2495 2506 2620 2578 (sic)
2642 2508 2692 2560 οἱ
2721 2508 3008 2577 Αἰγύπτιοι
3031 2509 3107 2573 ὡς
3130 2510 3263 2563 Θεὸν
3290 2510 3431 2564 αὐτὰ
3460 2510 3729 2564 σέϐεσθαι.

2134 2597 2324 2652 Πίστει
2374 2597 2547 2652 Ῥαὰϐ
2585 2599 2645 2651 ού
2677 2598 3023 2653 συναπώλετο
3040 2602 3106 2670 τῇ
3138 2599 3291 2653 πόλει
3318 2599 3549 2671 Ἱεριχὼ,
3578 2600 3732 2665 δεξα-

2139 2691 2273 2763 μένη
2325 2693 2441 2762 μετ’
2485 2693 2707 2763 εἰρήνης
2750 2694 2877 2757 τοὺς
2918 2693 3328 2755 κατασκόπους.
3365 2694 3556 2746 Πίστει
3602 2696 3731 2748 Μω-

2138 2786 2239 2855 σῆς
2264 2786 2487 2858 ἐποίησε
2521 2786 2581 2839 τὸ
2620 2787 2813 2857 Πάσχα
2858 2788 2951 2840 καὶ
2982 2787 3081 2857 τὴν
3111 2787 3410 2857 πρόσχυσιν
3443 2787 3540 2840 τοῦ
3568 2790 3733 2859 αἵμα-

2136 2893 2248 2938 τος,
2285 2876 2420 2946 πρὸς
2456 2875 2518 2928 τὸ
2560 2877 2655 2929 καὶ
2684 2878 2829 2946 ἡμᾶς
2868 2878 3050 2929 πίστει
3080 2877 3347 2931 ἐπιτελεῖν
3374 2879 3436 2932 τδ
3470 2880 3734 2949 σωτήριον

2137 2966 2363 3037 Πάσχα,
2415 2969 2509 3021 καὶ
2544 2968 2617 3039 μὴ
2663 2969 2721 3021 ἐν
2754 2969 3040 3041 ὑποκρίσει
3081 2968 3126 3041 (ι
3173 2970 3290 3024 Πᾶν
3317 2971 3428 3043 γὰρ
3465 2971 3529 3024 τὸ
3565 2971 3640 3043 μὴ
3672 2974 3735 3024 ἐκ

2062 3098 2104 3154 c
2140 3053 2374 3118 πίστεως
2422 3056 2711 3126 γενόμενον
2775 3058 3018 3130 ἁμαρτία
3075 3060 3192 3113 ἐστί
3226 3059 3314 3131 ›)’
3362 3062 3619 3133 χρίοντας
3662 3061 3736 3132 τῷ

2138 3146 2330 3216 αἵματι
2370 3146 2468 3200 οὐκ
2514 3149 2607 3201 ἐπὶ
2640 3148 2751 3202 τῶν
2791 3150 2883 3204 δύο
2925 3152 3182 3222 σταθμῶν
3219 3152 3332 3205 τῶν
3363 3152 3570 3224 θυρῶν,
3603 3153 3736 3207 ἀλλά

2140 3236 2536 3307 σφραγίζοντας
2561 3238 2739 3312 ψυχὴν
2773 3241 2868 3295 καὶ
2911 3241 3099 3312 σῶμα·
3131 3243 3218 3295 ῖνα
3250 3244 3279 3295 6
3298 3241 3499 3315 Φαραὼ
3533 3246 3635 3297 σὺν
3661 3243 3736 3314 τῷ

2136 3328 2364 3399 διαϐόλῳ
2408 3331 2809 3404 καταποντισθῇ
2849 3335 2928 3397 είς
2959 3333 3021 3387 τὸ
3054 3334 3294 3404 πέλαγος
3318 3337 3419 3407 τῆς
3467 3336 3736 3407 Ἐρυθρᾶς

2139 3418 2432 3491 θαλάσσης.
2474 3422 2664 3493 Ἡμεῖς
2708 3424 2773 3477 δέ
2807 3427 2836 3478 6
2876 3425 2996 3489 νέος
3026 3427 3246 3498 Ἰσραὴλ
3305 3427 3444 3499 μετὰ
3494 3427 3736 3491 Μωσέως

2137 3512 2353 3583 ᾄδωμεν
2379 3513 2477 3585 τὴν
2514 3515 2780 3569 ἐπινίκιον
2808 3516 2973 3588 ᾠδήν.
3004 3519 3193 3572 Πίστει
3226 3522 3276 3572 οί
3311 3521 3592 3592 προφῆται
3617 3538 3740 3575 m-

2139 3604 2474 3674 ηγωνίσαντο
2514 3605 2812 3676 βασιλείας,
2841 3609 3102 3681 ἐπέτυχον
3146 3611 3490 3680 ἐπαγγελιῶν
3515 3652 3530 3677 ,
3573 3612 3739 3683 ἔφρα-

2139 3696 2237 3762 ξαν
2264 3698 2512 3768 στόματα
2538 3698 2787 3763 λεόντων,
2814 3699 3056 3770 δηλονότι
3080 3704 3108 3755 6
3140 3703 3303 3771 σοφὸς
3332 3702 3566 3773 Δανιήλ·
3595 3703 3739 3757 ἐσϐε-

2138 3807 2237 3844 σαν
2264 3790 2492 3863 δύναμιν
2531 3793 2723 3863 πυρὸς,
2775 3795 2824 3847 οί
2866 3799 3017 3866 τρεῖς
3059 3797 3249 3859 παῖδες
3289 3796 3516 3868 δηλαδὴ,
3561 3798 3740 3868 πατή-

2141 3899 2331 3946 σαντες
2362 3884 2463 3953 τὴν
2510 3883 2684 3953 φλόγα
2728 3884 2823 3938 τοῦ
2857 3887 3028 3957 πυρὸς
3075 3887 3266 3958 δρόσου
3316 3888 3737 3961 μαλακωτέραν.

2144 3975 2360 4046 Ἔτεροι
2409 3975 2467 4028 δὲ
2514 3976 2993 4048 ἐτυμπανίσθησαν
3042 3978 3174 4049 περὶ⁵
3221 3979 3348 4043 τοὺς
3391 3979 3592 4045 ἄξονας
3630 3982 3739 4035 τῶν

2139 4067 2348 4138 τροχῶν
2385 4067 2610 4138 μεληδὸν
2642 4068 3010 4141 κλονούμενοι,
3042 4071 3118 4143 μὴ
3167 4070 3613 4143 παραδεξάμενοι
3644 4074 3739 4127 τοῦ

2138 4162 2404 4234 τυράννου
2450 4162 2722 4233 Ἀντιόχου
2766 4161 2865 4234 τὴν
2926 4162 3308 4235 παράκλησιν,
3361 4164 3443 4217 ὅτι
3477 4182 3498 4216 ‹
3534 4164 3738 4220 θύσατε

2141 4253 2235 4307 καὶ
2265 4252 2482 4322 γίνεσθέ
2514 4270 2614 4323 μου
2645 4253 2809 4320 φίλοι,
2842 4272 2860 4304 ι
2901 4253 2987 4306 ἵνα
3038 4253 3346 4324 κρείττονος
3381 4254 3739 4316 ἀναστάσεως

2140 4343 2395 4414 τύχωσιν.
2437 4341 2723 4413 Ἔλιθάσθη
2775 4343 2805 4395 6
2843 4341 3165 4415 φερώνυμος
3191 4343 3485 4413 Στέφανος,
3520 4345 3737 4416 περιθέ-
3802 4403 3806 4407 ,

463 4437 519 4485 et
564 4431 618 4485 in
659 4431 893 4501 pellibus
928 4433 1207 4502 caprinis,
1235 4433 1402 4504 389
1436 4443 1682 4505 egentes,
1717 4439 2035 4507 angustiati,

2145 4455 2306 4510 μενος
2349 4440 2463 4501 τοῖς
2509 4436 2803 4509 κροτάφοις
2855 4438 2916 4491 τὸ
2974 4438 3169 4507 στέφος
3218 4438 3318 4509 τῆς
3360 4437 3735 4510 δικαιοσύνης.

461 4520 650 4576 amicti
690 4524 760 4577 ab
815 4522 1227 4595 insipientibus,
1265 4535 1552 4582 manentes
1590 4527 1644 4582 in
1681 4533 1959 4600 speluncis
1986 4544 2040 4589 et

461 4614 716 4670 cavernis
744 4622 928 4680 terrae,
958 4615 1162 4685 quibus
1195 4615 1397 4687 dignus
1425 4633 1535 4672 non
1580 4628 1697 4674 erat
1742 4624 2037 4682 universus

460 4706 722 4762 mundus.
747 4706 855 4777 Ipsi
892 4708 1039 4762 enim
1070 4708 1221 4780 digni
1251 4718 1426 4777 erant,
1461 4720 1646 4783 utpote
1687 4715 1929 4787 religiosi
1971 4734 2037 4776 ac

461 4817 536 4870 pit
568 4817 690 4854 viri.

2159 4530 2421 4602 Ἐπρίσθη
2457 4530 2705 4593 Ἡσαΐας,
2734 4529 2846 4584 ἀλλ’
2879 4530 3282 4600 ἐγκωμιάζεται
3312 4532 3394 4593 είς
3417 4531 3513 4584 τὸν
3538 4531 3734 4584 αἰῶνα.

2158 4625 2451 4679 Ἀπέθανον
2480 4627 2538 4677 ἐν
2566 4624 2862 4695 μαχαίραις
2886 4623 3140 4694 Ἰωάννης
3168 4624 3262 4677 καὶ
3290 4623 3553 4687 Ἰάκωϐος
3571 4641 3587 4654 ·
3622 4625 3736 4692 ἐφο-

2144 4716 2307 4788 νεύθη
2338 4716 2612 4789 Ζαχαρίας
2631 4733 2644 4746 ⁸
2674 4716 2966 4787 περιῆλθον
3017 4717 3075 4770 ἐν
3113 4698 3388 4787 μηλωταῖς
3424 4717 3616 4781 Ἠλίας
3644 4715 3734 4770 καὶ

2156 4812 2472 4872 Ἐλισσαῖος,
2495 4809 2586 4862 καὶ
2626 4811 2682 4861 ἐν
2709 4809 2937 4877 αἰγείοις
2980 4808 3247 4881 δέρμασιν
3267 4849 3281 4872 ,
3320 4811 3729 4881 ὑστερούμενοι,

460 4894 885 4966 κακουχούμενοι
926 4894 1031 4948 ὑπὸ
1085 4896 1375 4962 ἀσυνέτων,
1425 4900 1674 4969 μένοντες
1701 4901 1812 4973 (45)
1858 4905 1917 4957 ἐν
1961 4907 2268 4980 σπηλαίοις,
2312 4907 2406 4959 καὶ
2452 4906 2511 4958 ἐν
2555 4908 2677 4969 ταῖς
2724 4906 2884 4968 ὀπαῖς
2927 4905 3029 4976 τῆς
3054 4906 3178 4977 γῆς,
3211 4900 3285 4958 ὧν
3315 4906 3416 4959 οὐκ
3448 4903 3519 4979 ἦν
3551 4907 3674 4970 ὅλος
3702 4908 3730 4959 6

461 4990 665 5062 κόσμος
693 4991 860 5055 ἄξιος.
891 4992 1057 5046 Αὐτοὶ
1101 4992 1210 5068 γὰρ
1243 4993 1380 5058 ἄξιοι
1420 4991 1581 5066 ἦσαν,
1617 4997 1692 5062 ὡς
1743 4999 2011 5069 θεοφιλεῖς
2038 5006 2134 5059 καὶ
2168 5003 2445 5074 φιλάρετοι
2482 5001 2697 5072 ἄνδρες.

529 5078 584 5133 2.
621 5083 709 5134 Ait
747 5096 911 5151 porro
961 5081 1129 5136 David
1184 5084 1299 5155 lyra
1348 5085 1678 5154 Spiritualis,
1736 5091 1813 5142 uti
1866 5091 2029 5147 modo

461 5171 771 5227 audivimus
838 5188 904 5226 ex
968 5174 1182 5243 psalmo
1238 5190 1399 5244 quem
1460 5179 1785 5235 succinuere
1834 5184 2037 5239 nobis:

468 5282 487 5315 ι
514 5262 727 5330 Judica,
760 5265 1025 5330 Domine,
1071 5278 1331 5324 nocentes
1386 5284 1472 5324 me
1509 5288 1522 5324 :
1557 5286 1808 5342 expugna
1864 5275 2043 5344 impu-

2207 5096 2260 5148 2.
2311 5094 2473 5162 Λέγει
2510 5093 2566 5147 δὲ
2596 5095 2690 5147 καὶ
2715 5093 2878 5147 Δαϐὶδ
2905 5095 2936 5165 ἠ
2968 5095 3314 5166 πνευματικὴ
3344 5096 3510 5166 λύρα,
3546 5094 3730 5159 καθὼς

2140 5184 2341 5257 ἀρτίως
2361 5182 2675 5255 ἠκούσαμεν
2706 5184 2792 5238 διὰ
2814 5184 2905 5237 τοῦ
2938 5184 3385 5255 ύποιρωνηθέντος
3407 5187 3540 5258 ἡμῖν
3558 5188 3732 5258 ᾀσμαο

2140 5295 2261 5343 τος·
2307 5297 2325 5329 ι
2355 5277 2607 5339 Δίκασον,
2643 5278 2852 5348 Κύριε,
2897 5277 3025 5341 τοὺς
3070 5276 3392 5342 ἀδικοῦντάς
3437 5295 3541 5349 με’
3576 5276 3730 5330 πολέα

464 5365 694 5425 gnautes
723 5373 808 5412 me
834 5358 903 5414 ⁸⁷.
944 5378 963 5411 ι
997 5357 1199 5414 Verum
1244 5359 1390 5416 Deus
1421 5360 1475 5416 id
1515 5362 1741 5420 minime
1770 5373 2035 5436 praestans

2149 5384 2318 5439 μησον
2345 5369 2470 5431 τοὺς
2494 5367 2863 5438 πολεμοῦντας
2882 5384 2969 5439 με.
2996 5386 3016 5419 ι
3050 5366 3164 5422 Οὐκ
3200 5367 3478 5438 ἐκφαίνων
3504 5367 3678 5424 ταῦτα
3702 5364 3730 5416 ὁ

534 5512 580 5544 ⁸³
625 5510 788 5568 Hebr.
814 5529 892 5569 ιι.
927 5513 974 5546 ⁸⁸
1000 5513 1159 5570 Rom.
1196 5532 1290 5571 xw
1313 5556 1328 5580 ,
1358 5516 1451 5572 23.
1527 5517 1572 5550 ⁸⁷
1617 5516 1762 5573 Psal.
1802 5534 1989 5584 xxxiv,
2027 5518 2084 5574 1.

469 5667 653 5792 αὺῇιέξ
676 5672 756 5726 Ita
798 5672 930 5746 Reg.
979 5672 1124 5730 Editi
1170 5688 1323 5741 vero,
1373 5676 1472 5746 τῆς
1527 5674 1723 5742 ῥάϐδου
1770 5674 1865 5730 τοῦ
1926 5673 2044 5729 υἱοῦ

2224 5679 2335 5754 (45)
2373 5678 2450 5735 Ita
2473 5678 2606 5753 Reg.
2638 5680 2780 5737 Editi
2813 5696 2964 5747 vero,
3003 5680 3102 5753 μὲν
3129 5681 3301 5745 ὄντες.
