3860 6204
205 244 345 300 1065
1113 239 1396 297 HOMILIA
1432 238 1501 295 IN
1539 239 1639 296 SS.
1679 239 1745 294 ΡΑ

1841 238 1949 294 lES
1985 239 2073 294 ET
2109 237 2539 297 PROPHETAS.
3279 242 3417 298 1066

201 359 337 422 Θεὸς
367 359 514 429 λέγει
543 358 681 430 πρὸς
705 358 898 412 αὑτόν·
933 357 1138 421 Θέλεις,
1178 360 1208 410 ό
1246 356 1430 423 Δαϐὶδ,
1463 357 1745 410 καταπολε·

1865 357 1940 410 ait
1967 356 2044 410 illi
2068 375 2082 410 :
2115 353 2236 409 Vin’
2265 364 2345 421 tu,
2371 373 2405 413 o
2431 355 2627 420 David,
2657 357 2952 428 expugnari
2982 356 3232 412 inimicos
3259 360 3425 414 tuos!

204 451 446 523 μηθῆναι
469 451 594 516 τοὺς
619 450 998 523 ἐχθραίνοντάς
1035 467 1150 516 σοι;
1212 450 1269 502 '0
1305 449 1363 502 δὲ
1403 448 1566 502 Δαϐίδ
1588 465 1600 476 ·
1640 448 1745 501 Nal

1855 445 1958 502 Cui
1990 446 2158 502 David
2185 466 2198 500 :
2228 446 2424 512 Etiam,
2461 446 2707 512 Domine,
2738 455 2792 502 et
2815 447 3106 503 admodum
3137 449 3297 516 cupio
3327 464 3424 502 ex-

201 543 398 616 Κύριε,
425 544 518 598 καὶ
547 543 688 599 πάνυ
734 544 929 606 αὐτοὺς
964 542 1103 596 θέλω
1139 540 1673 611 καταπολεμηθῆναι.
1713 539 1771 592 '0

201 637 263 689 δὲ
289 637 600 708 Μονογενής
620 654 633 666 ·
665 636 775 689 Καὶ
807 636 902 690 ἐὰν
951 635 1121 690 ταῦτα
1169 634 1474 688 ὑποστῶσιν
1503 634 1552 685 οἱ
1588 631 1770 702 ἐχθροί

204 742 324 790 σου,
363 725 466 778 ποῦ
497 743 590 779 σου
629 725 690 779 τὸ
730 726 1136 797 ἀμνησίκακον;
1170 725 1295 789 Πῶς
1320 725 1378 778 δὲ
1409 725 1503 778 καὶ
1547 723 1769 778 δύνασαι

198 816 428 885 ψάλλειν
485 816 793 886 ἀληθεύωνο
835 837 854 868 ι
901 816 1108 888 Κύριε,
1155 817 1203 868 εἰ
1251 815 1607 870 ἀνταπέδωκα
1658 817 1771 876 τοῖς

198 909 608 963 ἀνταποδιδοῦσί
651 927 742 981 μοι
789 910 956 974 κακὰ,
986 908 1317 979 ἀποπέσοιμι
1363 907 1471 979 ἄρα
1497 908 1605 961 ἀπὸ
1660 907 1769 962 τῶν

198 1001 411 1073 ἐχθρῶν
457 1018 558 1073 μου
599 1002 787 1067 κενός;
843 1020 864 1054 ι
934 1001 994 1055 '0
1019 1001 1074 1054 δὲ
1115 1000 1294 1054 Δαϐίδ·
1326 1001 1454 1066 Ναὶ,
1503 1000 1766 1064 Δέσποτα,

195 1093 284 1146 ὅτι
333 1092 474 1146 οὑτω
517 1093 700 1163 ψάλλω
755 1091 960 1164 ἀληθῆο,
1015 1091 1130 1145 ἀλλ’
1172 1091 1267 1146 ἐὰν
1312 1092 1376 1145 σὺ
1434 1091 1631 1156 αὑτοὺς
1671 1108 1769 1144 πο-

197 1183 474 1256 λεμήσῃς,
511 1187 530 1207 ‘
554 1183 648 1237 καὶ
690 1182 777 1236 διὰ
833 1182 900 1236 τὰ
925 1181 1092 1254 [παρά
1145 1181 1238 1234 σοῦ
1285 1181 1544 1252 γινόμενα
1593 1179 1770 1234 πάντα

195 1277 449 1344 ἄγνωστα
484 1277 576 1329 καὶ
609 1274 966 1346 ἀκατάληπτα
998 1276 1250 1346 ὑπάρχει.
1287 1271 1442 1326 Οὕτω
1472 1271 1528 1326 δέ
1563 1289 1652 1343 μοι
1676 1273 1768 1326 καὶ

195 1366 472 1420 ἐνετείλω·
499 1367 587 1437 Μὴ
630 1366 818 1420 ἑαυτὸν
849 1366 1136 1438 ἐκδικήσῃς
1157 1383 1170 1395 ·
1211 1383 1232 1416 ι
1288 1365 1439 1435 Ἐμοὶ
1470 1364 1763 1435 ἐκδίκησις,

194 1455 309 1525 ἐγὼ
349 1454 708 1510 ἀνταποδώσω
758 1456 958 1519 αὑτοῖς.
1006 1474 1026 1506 ι
1065 1456 1123 1508 '0
1172 1455 1229 1507 δὲ
1269 1456 1605 1528 Μονογενήςσ
1656 1454 1767 1508 Kal

191 1547 315 1610 πῶς
354 1546 459 1620 χρὴ
515 1546 882 1618 πολεμηθῆναι
936 1547 1060 1610 τοὺς
1101 1545 1481 1616 ἐχθραίνοντάς
1519 1561 1607 1612 σε;
1641 1545 1765 1615 λέγε

191 1642 292 1694 καὶ
331 1639 670 1710 φανεροποίει
711 1639 806 1709 τὴν
833 1638 1028 1692 αἰτίαν.
1064 1639 1124 1690 '0
1161 1637 1217 1690 δὲ
1251 1636 1442 1690 Δαϐίδο
1473 1637 1548 1690 Οὑ
1577 1637 1764 1708 χρείαν

189 1729 370 1800 ἔχεις,
395 1729 658 1794 Δέσποτα,
710 1730 1030 1802 ἐρωτήσεως
1059 1728 1094 1800 ἢ
1134 1729 1507 1800 ὑπομνήσεως,
1530 1726 1604 1782 ὢν
1633 1745 1766 1798 προ-

189 1822 441 1893 γνώστης
495 1822 590 1876 καὶ
628 1821 869 1874 εἱδαίνων
911 1822 978 1875 τὰ
1026 1819 1404 1892 προγνώσεως,
1464 1820 1556 1873 καὶ
1605 1820 1762 1884 ποίας

1853 540 2106 610 pugnari.
2131 539 2362 609 Reponit
2396 537 2719 610 Unigenitus
2778 557 2792 594 :
2857 538 2916 593 Si
2961 539 3076 594 haec
3112 541 3317 595 inimici
3341 542 3421 595 tui

1856 631 2108 696 subeant,
2141 631 2362 685 ubinam
2414 631 2506 685 illa
2554 639 2648 685 tua
2691 631 3022 702 injuriarum
3055 632 3289 688 oblivio?
3315 632 3421 699 Qut

1853 732 2010 795 potes
2035 739 2157 799 cum
2191 726 2418 780 veritate
2457 726 2727 795 psallere:
2764 743 2783 777 ι
2820 723 3076 792 Domine,
3121 727 3169 781 si
3206 726 3418 782 reddidi

1857 817 2286 873 retribucntibus
2314 817 2447 871 mihi
2469 817 2632 884 mala,
2655 817 2900 873 decidam
2927 820 3122 873 merito
3141 818 3209 873 ab
3239 819 3418 873 inimi-

1856 904 1938 962 cis
1962 907 2097 961 meis
2119 905 2299 962 inanis
2317 904 2397 958 ⁸⁸2
2430 924 2450 957 ›
2483 903 2623 960 Tum
2641 904 2808 962 David
2834 925 2847 961 :
2879 907 3013 974 Imo,
3034 907 3281 971 Domine,
3304 907 3418 963 haec

1852 1013 1980 1053 vere
2031 998 2241 1069 psallo,
2304 997 2400 1053 sed
2468 997 2630 1053 modo
2693 1005 2753 1052 tu
2821 999 2942 1053 illos
2991 1001 3416 1069 expugnaveris;

1853 1088 1982 1158 quia
2006 1094 2158 1158 gesta
2183 1095 2275 1141 tua
2306 1088 2561 1142 universa
2583 1087 2765 1157 ignota
2804 1094 2859 1142 et
2890 1088 3415 1158 incomprehensibi-

1851 1177 1926 1231 lia
1959 1183 2118 1244 sunt;
2148 1176 2224 1230 ita
2246 1177 2444 1247 quippe
2473 1176 2611 1229 mihi
2640 1177 2944 1248 praacepisti
2972 1197 2985 1232 :
3017 1177 3095 1234 Ne
3133 1181 3416 1253 temetipse

1851 1267 2159 1322 vindicato:
2196 1286 2215 1318 ι
2238 1265 2367 1320 Mihi
2395 1266 2652 1332 vindicta,
2680 1282 2781 1337 ego
2804 1268 3097 1322 retribuam
3113 1270 3194 1325 eis
3215 1271 3281 1324 ⁸³.
3305 1289 3324 1323 ι
3345 1273 3416 1325 Αι

1851 1356 2215 1429 Unigenitus:
2274 1356 2458 1428 Ecqua
2523 1359 2732 1412 ratione
2800 1369 3137 1430 expugnatos
3201 1369 3416 1432 oportet

1851 1446 2105 1502 inimicos
2153 1445 2318 1502 tuos?
2373 1461 2594 1500 causam
2627 1445 2791 1501 dicito
2842 1461 2908 1503 ac
2938 1447 3232 1504 declarato.
3274 1448 3411 1504 Tum

1850 1534 2021 1592 David
2046 1555 2061 1592 :
2090 1536 2208 1592 Non
2234 1545 2318 1593 est
2345 1536 2447 1592 tibi
2475 1551 2634 1608 opus,
2663 1552 2697 1592 o
2717 1537 2965 1603 Domine,
2986 1541 3414 1612 interrogatione

1849 1633 1945 1681 aut
1974 1626 2367 1692 admonitione,
2395 1642 2522 1681 cum
2572 1627 2872 1697 pra-videas
2923 1637 2979 1684 et
3024 1645 3324 1702 cognoscas
3349 1649 3412 1688 ea

1849 1733 1971 1790 quae
2001 1719 2376 1790 praevisionem
2409 1727 2703 1790 spectant,
2756 1733 2809 1775 et
2852 1735 3092 1791 quonam
3132 1724 3413 1794 proposito

1850 1812 2067 1870 futurus
2112 1822 2196 1869 est
2223 1813 2316 1884 qui
2343 1813 2658 1869 nasciturus
2705 1824 2788 1869 est
2837 1814 3019 1870 homo.
3055 1814 3240 1886 Neque
3263 1826 3325 1872 tu
3351 1833 3412 1874 es

190 1915 564 1985 προαιρέσεως
592 1913 704 1984 ἕχει
740 1911 988 1980 γενέσθαι
1038 1913 1067 1964 ὁ
1106 1911 1310 1984 μέλλων
1341 1910 1615 1964 τίκτεσθαι
1663 1911 1745 1964 ἄν·

1858 1913 1916 1961 ιιι
1949 1907 2145 1977 aliquis
2196 1920 2265 1961 ex
2309 1901 2644 1975 principibus
2707 1905 2800 1975 qui
2861 1905 3008 1976 leges
3056 1906 3302 1977 ignoret,
3357 1915 3411 1961 et

188 2004 426 2075 θρωπος.
474 2003 606 2056 Οὐδὲ
663 2003 960 2073 ὑπάρχεις,
1015 2001 1090 2065 ὡς
1145 1999 1226 2066 εἷς
1273 2001 1384 2054 τῶν
1437 2001 1747 2072 ἀρχόντων,

186 2089 397 2158 ἀγνοῶν
419 2090 544 2153 τοὺς
571 2089 792 2160 νόμους,
817 2087 1083 2160 ἢχρῄζων
1118 2091 1413 2161 συνηγόρου
1443 2088 1476 2160 ἢ
1507 2088 1747 2158 συγκαθ-

186 2181 365 2252 έδρου,
378 2180 424 2234 οἳ
441 2180 574 2252 πρὸς
587 2180 643 2233 ἓν
659 2180 792 2254 (45⁸)
806 2183 1027 2235 ἕκαστον
1039 2179 1325 2250 κεφάλαιον
1339 2179 1744 2249 ἀποφαίνοντες.

185 2272 264 2325 Σὺ
287 2271 391 2343 γὰρ
421 2267 473 2325 εἷ
510 2272 793 2345 σύνθρονος
836 2272 931 2326 τοῦ
975 2272 1208 2342 Πατρὸς,
1251 2271 1359 2324 τῶν
1394 2271 1571 2344 νόμων
1599 2273 1748 2341 εὑρε-

185 2364 309 2434 τὴς,
336 2363 443 2417 τῶν
476 2363 653 2434 σοφῶν
679 2365 989 2436 διορθωτὴς,
1015 2366 1110 2435 τῆς
1129 2363 1472 2435 δικαιοσύνης
1491 2365 1742 2436 χορηγὸς,

187 2454 298 2508 τῶν
345 2455 826 2526 καταπονουμένων
868 2455 1290 2526 ὑπερασπιστὴς,
1333 2454 1440 2508 τῶν
1479 2472 1745 2526 συκοφαν-

179 2548 460 2617 τουμένων
500 2547 727 2611 ἔκδικος.
758 2548 868 2619 Τὴν
905 2547 1014 2619 γὰρ
1051 2548 1352 2601 Σουσάνναν
1402 2564 1743 2619 συκοφαντη-

184 2638 370 2692 θείσαν
393 2639 495 2692 ὑπὸ
521 2640 626 2693 τῶν
647 2641 954 2694 ἀκολάστων
979 2641 1246 2712 γερόντων
1271 2640 1484 2713 ἐρῤύσω
1512 2640 1620 2694 ἀπὸ
1646 2639 1741 2694 τοῦ

181 2729 470 2784 θανατικοῦ
511 2732 873 2802 ψηφίσματος,
926 2731 1250 2794 ἀποστείλας
1300 2733 1379 2794 εἰς
1435 2732 1742 2798 δικολογίαν

180 2821 276 2874 τὸν
306 2822 464 2889 σοφὸν
499 2821 591 2874 καὶ
621 2822 924 2892 ἀνάργυρον
967 2821 1167 2891 ῥήτορα
1210 2821 1426 2893 Δανιὴλ.
1474 2821 1626 2874 Ἐπεὶ
1649 2817 1742 2876 οῦν

179 2914 398 2965 πάντων
423 2910 564 2981 ἔχεις
583 2912 804 2981 γνῶσιν,
824 2913 918 2966 καλ⁵
941 2912 1246 2976 ἐπίστασαι,
1274 2913 1388 2976 πῶς
1417 2912 1521 2984 χρὴ
1544 2914 1741 2978 αὑτοὺς

180 3003 584 3074 πολεμηθῆναι·
619 3005 668 3057 εί
700 3005 755 3058 δὲ
787 3004 1099 3076 ἐπιτρέπεις
1130 3022 1239 3075 μοι,
1265 3005 1434 3075 λέγω·
1487 3007 1602 3076 εἰμὶ
1631 3006 1740 3078 γὰρ

177 3093 362 3158 δοῦλος
409 3095 508 3166 τῆς
551 3094 650 3166 σῆς
693 3094 1119 3167 φιλανθρωπίας,
1167 3095 1453 3150 καὶτοῦτο
1501 3097 1736 3167 ἀχρεῖος,

177 3186 278 3238 καί
317 3187 377 3240 οὑ
416 3187 646 3258 δύναμαι
684 3186 1006 3258 ἀντιπρᾶξαι
1043 3192 1108 3261 τῇ
1155 3189 1400 3244 κελεύσει
1435 3206 1547 3242 σου.
1591 3191 1648 3242 Ὁ
1679 3189 1736 3241 δὲ

1852 2003 2006 2068 egeat
2026 1995 2339 2051 consiliario
2367 2007 2460 2050 aut
2496 2009 2794 2060 assessore,
2837 1999 2932 2066 qui
2979 1995 3047 2051 ad
3080 1999 3292 2070 singula
3319 2015 3409 2055 ca-

1853 2089 1964 2158 pita
1988 2089 2307 2144 sententiam
2341 2087 2545 2142 dicant.
2580 2086 2662 2141 Tu
2691 2102 2929 2159 namque
2969 2089 3219 2145 eumdem
3249 2107 3408 2162 quem

1851 2179 2011 2235 Pater
2032 2180 2288 2235 thronum
2311 2179 2545 2242 obtines,
2563 2194 2730 2250 esque
2750 2181 2929 2250 legum
2956 2187 3168 2246 auctor,
3193 2183 3408 2252 sapien-

1849 2272 1986 2327 tium
2014 2278 2311 2336 corrector,
2340 2271 2566 2342 justitia:
2590 2272 2834 2343 largitor,
2865 2272 3186 2329 aﬂlictorum
3215 2274 3406 2330 defen-

1849 2381 1962 2429 sor,
1992 2375 2046 2421 et
2069 2363 2340 2419 calumnia
2384 2377 2767 2434 oppressorum
2820 2363 3038 2419 vindex.
3098 2362 3405 2421 Susannam

1848 2459 2104 2528 quippea
2131 2456 2351 2512 lascivis
2396 2454 2621 2510 senibus
2681 2454 3084 2521 insimulatam,
3132 2470 3165 2510 a
3209 2456 3407 2526 capitis

1848 2549 2115 2605 sententia
2139 2545 2352 2610 eruisti,
2374 2545 2544 2600 misso
2571 2545 2638 2601 ad
2665 2546 3032 2602 defensionem
3065 2549 3310 2618 sapiente
3341 2563 3405 2604 ac

1846 2641 2074 2713 pecunia
2106 2641 2423 2711 incorrupto
2451 2651 2663 2696 oratore
2695 2639 2934 2695 Daniele.
2968 2639 3234 2708 Quoniam
3271 2656 3404 2712 ergo

1844 2735 2088 2792 omnium
2113 2735 2280 2791 habes
2302 2733 2576 2799 notitiam,
2597 2740 2653 2789 et
2671 2733 2781 2789 scis
2810 2747 3028 2804 quoque
3053 2749 3162 2803 qua
3188 2734 3402 2790 ratione

1846 2826 1967 2883 illos
1987 2825 2375 2896 expugnandos
2398 2833 2677 2901 oporteat;
2717 2825 2763 2885 si
2787 2832 2968 2884 tamen
2993 2824 3286 2895 concedas,
3319 2826 3404 2885 di-

1843 2933 2002 2977 cam:
2038 2934 2228 2984 servus
2247 2921 2446 2992 quippe
2488 2922 2786 2977 clementiae
2811 2929 2919 2976 tuae
2944 2935 3086 2987 sum,
3115 2922 3400 2991 etquidem

1844 3011 2083 3077 inutilis,
2119 3027 2220 3068 nec
2262 3028 2485 3082 possum
2526 3011 2782 3067 mandato
2811 3027 3114 3083 repugnare
3143 3022 3258 3068 tuo.
3297 3013 3400 3068 Cui

1847 3102 2165 3174 Unigenitus
2191 3122 2205 3158 :
2236 3103 2488 3160 Concedo
2517 3105 2648 3170 tibi,
2693 3105 2781 3160 dic
2828 3106 3034 3175 absque
3071 3115 3307 3162 tremore
3335 3122 3400 3161 ac

1841 3194 2029 3251 libere.
2061 3193 2196 3249 Tum
2235 3195 2435 3249 David:
2466 3215 2486 3248 ι
2533 3195 2890 3267 Apprehende
2925 3211 3074 3251 arma
3096 3207 3151 3254 et
3181 3208 3398 3254 scutum

178 3275 518 3348 Μονογενής·
579 3277 884 3347 Ἐπιτρέπω
922 3294 1024 3342 σοι,
1068 3279 1162 3333 καὶ
1202 3279 1324 3332 εἰπὲ
1361 3278 1614 3350 ἀτρόμως
1648 3277 1740 3330 καὶ

1841 3293 1895 3340 et
1927 3294 2160 3356 exsurge
2210 3287 2266 3340 in
2305 3286 2636 3356 adjutorium
2668 3288 2801 3342 mihi
2839 3291 2906 3343 ³ο.
2939 3307 2959 3341 ι
2992 3286 3073 3344 Ad
3117 3288 3233 3344 haec
3264 3287 3399 3344 Uni-

176 3373 685 3444 ἀνυπεσταλμένως.
727 3373 784 3428 '0
822 3375 879 3428 δὲ
921 3374 1098 3428 Δαϐίδ’
1148 3394 1168 3426 ι
1245 3375 1533 3430 Ἐπιλαὸοῦ
1572 3374 1735 3428 ὅπλου

174 3467 277 3520 καὶ
304 3464 518 3536 θυρεοῦ,
562 3467 655 3519 καὶ
695 3465 958 3537 ἀνάστηθι
1001 3468 1082 3530 είς
1118 3467 1216 3539 τὴν
1256 3467 1507 3540 βοήθειάν
1554 3483 1675 3536 μου.
1714 3485 1732 3517 ι

185 3557 249 3611 '0
277 3557 334 3611 δὲ
357 3559 689 3630 Μονογενήςν
725 3558 835 3612 Kal
864 3559 1015 3613 ποίου
1039 3560 1204 3613 ὅπλου
1226 3559 1333 3632 ἔχω
1365 3556 1734 3620 ἐπιλαϐέσθαι,

174 3647 214 3717 ἢ
268 3649 418 3702 ποίου
475 3649 698 3722 θυρεοῦ;
750 3651 874 3713 Πῶς
925 3650 982 3703 δὲ
1021 3650 1128 3722 ἔχω
1175 3651 1284 3723 (46)
1320 3650 1617 3721 ἀναστῆναι
1659 3649 1737 3711 είς

174 3737 427 3810 βοήθειάν
458 3757 582 3806 σου;
627 3741 718 3812 Μὴ
749 3738 857 3814 ἆρα
893 3743 1100 3796 ἐκείνου
1134 3743 1226 3798 τοῦ
1256 3742 1418 3796 ὅπλου
1458 3743 1491 3813 ἢ
1530 3741 1736 3794 ἐκείνου

168 3831 273 3884 τοῦ
321 3831 508 3904 θυρεοῦ
547 3832 653 3903 ἔχω
701 3834 1074 3899 ἐπιλαϐέσθαι,
1133 3835 1191 3888 ὂν
1229 3835 1447 3904 ἀφείλου
1491 3834 1599 3887 ἀπὸ
1641 3835 1736 3890 τοῦ

171 3921 471 3990 ἀλλοφύλου
501 3922 719 3989 Γολιάθ,
764 3923 823 3975 ὃν
849 3924 942 3977 καὶ
968 3924 1239 3989 ἐπάταξας
1269 3925 1361 3977 ἐπὶ
1398 3927 1462 3995 τῇ
1495 3925 1734 3990 κοιλάδι,

169 4013 310 4084 ἐμοῦ
342 4014 699 4084 ὁδηγήσαντος
728 4013 818 4069 τὸν
855 4015 1001 4070 λίθον
1043 4018 1123 4080 είς
1160 4017 1220 4070 τὸ
1255 4018 1593 4087 άσημείωτον
1644 4020 1738 4072 καὶ

168 4104 476 4174 ἀφώτιστον
502 4105 664 4159 αὑτοῦ
691 4105 1008 4176 πρόσωπον;
1039 4106 1177 4161 Ἀλλ’
1210 4107 1317 4160 ἴσθι
1345 4106 1502 4161 τοῦτο
1530 4108 1734 4178 σαφῶς,

168 4197 256 4250 ὅτι
281 4195 390 4264 ἐγὼ
406 4196 610 4250 τούτων
634 4196 742 4250 τῶν
771 4197 948 4252 ὅπλων
983 4199 1156 4270 πάντη
1181 4199 1276 4253 καὶ
1299 4200 1521 4254 καθόλου
1549 4201 1737 4271 χρείαν

166 4288 273 4340 οὑκ
297 4286 422 4357 ἔχω.
450 4287 572 4340 Ἐὰν
599 4287 656 4340 δὲ
683 4289 773 4341 καὶ
798 4287 980 4358 συσχῶ
1001 4289 1062 4341 τὸ
1089 4288 1323 4360 πνεῦμα,
1349 4289 1574 4359 τελευτᾷ
1589 4291 1736 4343 πᾶσα

170 4379 312 4449 σὰρξ
339 4380 628 4454 κινουμένη
655 4380 748 4434 ἐπὶ
773 4381 872 4451 τῆς
904 4384 1025 4453 γῆς.
1072 4382 1131 4435 '0
1162 4382 1219 4434 δὲ
1248 4382 1410 4436 Δαϐίδ
1429 4400 1441 4413 ·
1479 4379 1607 4436 Οἶδα
1643 4383 1736 4436 καὶ

167 4469 305 4540 ἐγὼ,
343 4471 614 4535 Δέσποτα,
656 4472 738 4525 ὅτι
783 4472 984 4526 τούτων
1026 4473 1134 4526 τῶν
1175 4474 1354 4528 ὅπλων
1408 4475 1594 4546 χρείαν
1635 4477 1735 4530 οὑκ

166 4563 335 4635 ἔχεις,
363 4564 438 4618 ὢν
474 4565 724 4635 βασιλεὺς
762 4566 1038 4635 κραταιὸς,
1074 4567 1495 4638 παντοδύναμος,
1529 4568 1734 4622 ἀκατα-

1836 3375 2050 3446 genitus
2084 3392 2098 3428 ε
2148 3373 2332 3445 Ecqua
2375 3391 2528 3430 arma
2558 3377 2642 3431 vel
2671 3377 2815 3446 quod
2846 3388 3061 3433 scutum
3092 3379 3397 3450 apprehen-

1834 3465 1994 3520 dam?
2042 3465 2321 3531 Quomodo
2352 3482 2640 3539 exsurgam
2671 3469 2729 3524 in
2763 3471 3094 3540 adjutorium
3128 3472 3264 3528 tibi?
3309 3475 3395 3529 An

1834 3568 1986 3608 arma
2018 3555 2109 3610 illa
2129 3594 2145 3618 ,
2176 3556 2375 3611 illudve
2405 3565 2618 3612 scutum
2666 3561 3066 3630 apprehendam
3093 3565 3237 3633 quod
3265 3565 3396 3620 abs-

1834 3645 2004 3700 tulisti
2039 3645 2107 3700 ab
2144 3647 2443 3718 alienigena
2485 3647 2697 3703 Goliath
2731 3666 2888 3720 quem
2919 3669 2975 3706 In
3009 3653 3146 3709 valle
3173 3671 3394 3724 percus-

1834 3736 1977 3803 sisti,
2011 3751 2097 3792 me
2149 3737 2380 3807 lapidem
2429 3739 2486 3791 in
2536 3739 2654 3809 ejus
2687 3740 2878 3796 faciem
2911 3743 3060 3796 omni
3093 3743 3249 3815 signo
3277 3763 3394 3802 om-

1833 3826 1998 3897 nique
2051 3827 2446 3884 illuminatione
2489 3830 2801 3886 destitutam
2834 3833 3137 3905 dirigente?
3183 3835 3290 3893 Sed
3333 3847 3392 3893 tu

1833 3921 2001 3990 probe
2037 3921 2204 3984 nosti,
2231 3921 2365 3975 nihil
2399 3923 2613 3992 penitus
2651 3924 2782 3978 mihi
2824 3925 3093 3994 ejusmodi
3117 3942 3390 3983 armorum

1833 4025 1956 4067 esse
1978 4026 2133 4081 opus.
2160 4010 2319 4077 Nam,
2346 4013 2392 4068 si
2423 4014 2506 4066 vel
2537 4014 2787 4084 spiritum
2823 4016 3104 4072 cohibeam
3123 4059 3138 4085 ,
3161 4022 3392 4074 moritur

1832 4104 2012 4160 omnis
2045 4119 2173 4160 caro
2200 4119 2321 4174 qua:
2363 4114 2611 4161 movetur
2657 4123 2822 4178 super
2858 4118 3081 4164 terram.
3138 4111 3238 4167 Cui
3282 4113 3392 4167 Da-

1833 4193 1924 4248 vid
1950 4212 1964 4249 :
1995 4193 2151 4261 Novi,
2181 4194 2408 4251 Domine
2433 4236 2448 4261 ,
2478 4197 2576 4251 tibi
2631 4212 2904 4253 armorum
2957 4201 3222 4271 ejusmodi
3257 4204 3390 4259 nihil

1833 4300 1955 4340 esse
1983 4300 2120 4355 opus
2139 4325 2154 4349 ,
2187 4301 2277 4352 rex
2303 4302 2426 4341 cum
2457 4289 2532 4342 sis
2561 4287 2739 4351 fortis,
2773 4291 3139 4361 omnipotens,
3169 4294 3389 4363 quicum

1832 4374 2063 4445 pugnari
2094 4384 2346 4445 nequeat,
2375 4391 2700 4446 permanens
2733 4379 2785 4432 in
2809 4389 3092 4435 aeternum.
3122 4381 3226 4437 Sed
3258 4399 3390 4454 rogo

1833 4470 1980 4517 tuam
2027 4464 2504 4534 incomparabilem
2559 4466 2889 4532 bonitatem,
2924 4475 2983 4522 ut
3013 4471 3389 4540 apprehendas

1834 4567 1984 4607 arma
2011 4563 2066 4606 et
2088 4561 2335 4618 scutum,
2384 4554 2439 4608 id
2467 4562 2570 4620 est,
2604 4555 2896 4612 humanam
2926 4567 3177 4615 naturam
3229 4571 3388 4633 atque

169 4633 432 4730 μάχητος,
476 4633 818 4721 ήδιαιωνίξων.
877 4656 1122 4711 Ἰκετεύω
1159 4657 1216 4710 δὲ
1257 4658 1354 4730 τὴν
1378 4633 1730 4729 ’ἀσύγκριτον

1841 4643 2174 4712 passionem,
2231 4651 2287 4698 et
2316 4643 2477 4698 tertia
2532 4646 2620 4700 die
2657 4662 2919 4718 exsurgas
2958 4649 3012 4703 in
3056 4649 3385 4720 adjutorium

164 4750 522 4822 ἀγαθωσύνην
541 4767 632 4804 σου
663 4749 1010 4803 ἐπιλαϐέσθαι
1028 4749 1192 4803 ὅπλου
1213 4752 1306 4803 καὶ
1333 4749 1548 4820 θυρεοῦ,
1578 4767 1730 4804 τουτ-

165 4842 350 4902 έστιν,
409 4839 871 4910 ἐνανθρωπήσεως
911 4839 1005 4892 καὶ
1053 4839 1287 4901 πάθους·
1333 4839 1626 4909 ἀναστῆναι
1671 4839 1729 4894 δέ

167 4951 263 5005 μοι
290 4933 368 4994 εἰς
395 4930 644 5002 βοήθειαν
685 4933 751 5002 τῇ
786 4929 942 5003 τρίτῃ
970 4929 1171 5001 ἡμέρᾳ.
1208 4931 1264 4983 ’0
1297 4929 1352 4982 δὲ
1377 4931 1686 5001 Μονογενής
1712 4948 1725 4960 ·

162 5020 280 5073 Καὶ
307 5019 369 5071 σὺ
395 5017 554 5072 πόθεν
591 5015 739 5082 οἶδας
763 5019 931 5072 ταῦτα
955 5018 1021 5072 τὰ
1039 5018 1154 5072 θεῖα
1178 5019 1273 5072 καὶ
1303 5018 1592 5089 ἀπόκρυφα
1628 5038 1730 5091 μυ-

164 5109 386 5179 στήρια,
425 5127 443 5159 ι
472 5109 551 5171 εἰς
574 5107 609 5162 ἃ
629 5107 982 5180 ἐπιθυμοῦσιν
1001 5109 1050 5162 οἱ
1082 5108 1297 5177 ἄγγελοι
1315 5109 1665 5180 παρακύψαι;
1700 5131 1720 5162 ι

177 5201 239 5252 '0
278 5198 334 5251 δὲ
367 5196 553 5251 Δαϐίδ·
593 5198 820 5253 Ἐλαὸον
858 5198 1035 5252 αὑτῶν
1073 5199 1174 5270 τὴν
1207 5197 1408 5266 γνῶσιν
1448 5198 1598 5270 παρὰ
1630 5199 1724 5253 τοῦ

160 5289 325 5358 ἁγίου
372 5289 719 5362 παρακλήτου
768 5290 1101 5361 Πνεύματος.
1171 5289 1228 5343 '0
1266 5289 1325 5342 δὲ
1376 5289 1719 5361 Μονογενὴς⁶

1828 4733 1980 4787 mihi.
2000 4731 2626 4806 ResponditUnigenitus
2653 4735 2765 4791 :Tu
2787 4754 2914 4793 vero
2929 4740 3071 4795 unde
3098 4743 3241 4796 nosti
3273 4743 3384 4797 haec

1826 4825 2073 4881 divinaet
2088 4841 2283 4881 arcana
2303 4829 2578 4898 mysteria,
2607 4847 2625 4880 ι
2656 4830 2712 4883 in
2738 4847 2858 4900 quae
2876 4832 3184 4887 desiderant
3215 4835 3386 4904 angeli

1828 4919 2138 4988 prospicere
2161 4919 2245 4972 "‘1
2282 4939 2300 4971 ι
2333 4919 2433 4975 Cui
2455 4920 2665 4976 David:
2701 4922 2901 4978 Eorum
2934 4927 3117 4996 accepi
3139 4927 3385 4980 notitiam

1829 5025 1860 5064 a
1879 5019 2070 5066 sancto
2085 5018 2138 5067 et
2165 5013 2437 5091 paracleto
2466 5013 2690 5085 Spiritu.
2715 5014 2852 5070 Tum
2871 5014 3219 5087 Unigenitus:
3250 5018 3384 5071 Cum

1830 5103 1948 5159 haec
1973 5105 2156 5168 noris,
2203 5106 2293 5160 dic
2342 5121 2474 5161 num
2519 5108 2792 5178 quidpiam
2823 5109 2967 5163 aliud
3003 5110 3202 5166 habeas
3237 5129 3249 5164 :
3288 5123 3384 5162 au-

1829 5195 1974 5249 diam
2003 5197 2146 5252 enim
2193 5205 2247 5251 te
2273 5197 2377 5253 hac
2420 5199 2488 5255 de
2519 5216 2579 5256 re
2629 5201 2856 5256 libenter
2901 5208 2956 5257 et
2998 5217 3153 5271 aequo
3181 5203 3387 5258 animo.

1828 5289 1998 5345 David
2044 5298 2225 5348 autem
2261 5312 2274 5347 :
2319 5311 2339 5344 ι
2385 5293 2483 5348 Dic
2520 5293 2714 5349 animat
2757 5309 2924 5360 mea,
2982 5295 3132 5351 salus
3165 5303 3257 5350 tua
3287 5311 3387 5367 ego

237 5442 284 5475 ⁸⁸
319 5440 464 5496 Psal.
501 5457 609 5508 vn,
643 5437 698 5498 5.
767 5442 814 5475 ⁸⁸
854 5440 1016 5498 Hebr.
1037 5457 1092 5508 ιι,
1129 5441 1218 5496 '50.
1291 5441 1338 5474 ὀ
1376 5440 1524 5498 Psal.
1555 5457 1741 5507 xxxiv,

1907 5442 1951 5474 ⁹¹
1992 5443 2013 5497 Ι
2045 5442 2189 5500 Petr.
2228 5460 2282 5510 ι,
2324 5444 2408 5501 l2.

262 5575 596 5650 @{i‘LVulgu
625 5580 743 5635 οἱ...
776 5580 892 5637 ἕνα.
927 5579 1086 5636 Em.

262 5577 378 5650 ιιι)
418 5577 596 5650 Vulg..
625 5580 743 5635 οἱ...
776 5580 892 5637 ἕνα.
927 5579 1086 5636 Em.

234 5577 349 5722 ἕω)
385 5645 695 5720 ΒοςηΠότε
726 5651 782 5704 δὲ
809 5650 933 5722 ἔχω.
961 5651 1129 5706 Paulo
1150 5659 1292 5721 post,
1315 5650 1451 5716 haec,
1476 5647 1584 5720 ἔχω
1611 5649 1721 5702 ἐπι-

483 5747 676 5806 ΡΑτιι.
707 5745 826 5808 Gn.
864 5745 1160 5807 XXVIII.

1819 5578 2095 5654 λαϐέσθαι,
2128 5581 2576 5654 desiderabantur
2599 5582 2654 5638 in
2674 5585 2826 5654 prius
2860 5584 3038 5652 editis,
3067 5585 3163 5641 sed
3189 5585 3386 5644 haben-

1826 5657 1918 5704 tur
1945 5651 2002 5706 in
2032 5650 2218 5724 Regio.

3068 5746 3141 5806 3’s
