3860 6204
467 233 605 293 1067
1618 237 1675 293 8.
1712 235 2013 292 ΑἸἮΑΝΔΞ

2121 239 2174 294 S.
2214 267 2286 283 -
2325 235 2598 298 SPURIA.
3554 248 3706 303 i068

464 371 588 414 sum
615 358 682 414 θ’.
719 376 738 411 ι
776 357 913 414 Tum
945 355 1267 430 Unigenitus
1294 377 1308 414 :
1343 356 1403 414 ld
1435 359 1536 416 tibi
1568 359 1758 429 babes,
1787 359 2013 425 conﬁde,

2121 360 2257 418 Μεθ’
2287 355 2361 418 ὧν
2394 362 2540 431 οἶδας
2589 366 2780 430 ταῦτα,
2812 368 2952 435 εἰπὲ,
2998 369 3052 422 ετ
3091 386 3143 422 τι
3185 371 3275 424 καὶ
3329 371 3456 424 ἄλλο
3515 369 3705 439 ἔχεις·

465 449 669 505 salvam
695 449 839 505 enim
869 448 1066 504 faciam
1099 450 1335 506 animam
1373 457 1524 506 tuam
1571 468 1667 522 per
1697 453 2013 509 incarnatio-

2127 457 2428 529 ἀκούσομαι
2463 458 2572 530 γάρ
2601 475 2694 511 σου
2735 457 2829 512 καὶ
2862 459 2990 530 περὶ
3025 458 3187 513 αὑτοῦ
3217 460 3462 532 εὐμενῶς
3495 461 3594 513 καὶ
3622 461 3701 511 δι-

463 556 589 597 nem
619 549 674 597 et
699 540 1014 612 passionem
1048 557 1244 598 meam.
1277 543 1377 599 Cui
1411 543 1617 600 David:
1653 545 1900 616 Magnam
1933 560 2013 600 ac.

2128 550 2316 612 καίως.
2355 551 2411 604 '0
2435 550 2492 603 δὲ
2521 551 2682 604 Δαϐίδ
2701 569 2713 582 ·
2762 570 2781 603 ι
2819 547 2984 606 Εἶπον
3016 557 3081 624 τῇ
3112 553 3255 624 ψυχῇ
3288 571 3408 624 μου,
3448 553 3706 624 Σωτηρία

463 635 582 705 cepi
611 635 864 691 ﬁduciam
887 675 900 700 ,
954 642 1008 691 et
1057 637 1238 692 statim
1292 637 1477 692 subdit
1512 656 1524 691 :
1574 655 1594 689 ι
1627 636 1876 703 Domine,
1906 637 2013 707 qui:

2130 655 2223 691 σου
2247 639 2382 708 εἰμί.
2423 658 2442 690 ι
2494 641 2550 692 '0
2578 640 2633 693 δὲ
2661 642 2996 714 Μονογενής·
3029 643 3197 696 Τοῦτο
3227 645 3390 714 ἔχεις,
3435 644 3529 696 καὶ
3567 643 3706 714 θάρ-

463 727 658 784 similis
699 724 799 784 tibi
841 729 926 782 ⁸³2
978 747 996 780 ι
1058 727 1362 799 Respondit
1414 728 1784 800 Unigenitus:
1845 729 2013 786 Pater.

2128 746 2242 783 σειο
2289 729 2446 785 σώσω
2494 731 2601 803 γάρ
2641 750 2730 787 σου
2775 734 2872 804 τὴν
2915 735 3088 806 ψυχὴν
3142 735 3229 788 διὰ
3280 737 3379 806 τῆς
3423 737 3706 807 ὲνανθρω-

462 819 643 886 Quare
684 820 846 886 dico,
905 839 924 872 ι
991 821 1094 886 Qui
1131 822 1268 876 vidit
1326 837 1452 888 me,
1501 822 1639 877 vidit
1694 829 1748 878 et
1806 821 2013 878 Patrem

2128 820 2346 892 πήσεώς
2376 839 2475 893 μου
2506 823 2716 876 καὶτοῦ
2753 824 2974 890 πάθους.
3015 827 3072 880 Ὀ
3111 826 3168 879 δὲ
3201 826 3394 879 Δα6ίδ·
3433 845 3452 878 ‹
3506 828 3706 898 Ἐθαρ-
3755 812 3760 822 ’

462 927 644 967 meum
669 911 736 970 “.
787 930 807 965 ι
842 909 992 967 Vade
1011 913 1068 967 in
1096 928 1228 984 pace
1253 918 1572 984 exspectans
1594 914 2013 985 promissionum

2131 912 2424 984 σοποιήθην
2477 914 2586 985 (47)
2646 913 2795 968 λίαν·
2837 916 2931 970 καὶ
2981 918 3233 988 παραυτά
3289 917 3703 989 ἀνθυποφέρει’

464 1001 676 1056 beatam
707 1015 878 1072 spem.

2134 1002 2358 1074 (Κύριε,
2389 1003 2473 1067 τίς
2504 1005 2687 1076 ὅμοιός
2726 1022 2840 1072 σοι;
2878 1007 2906 1059 6
2935 1007 2992 1060 δὲ
3021 1008 3361 1078 Μονογενής·
3398 1008 3455 1060 '0
3481 1009 3703 1078 Πατήρ.

465 1095 624 1148 Ὅθεν
681 1097 774 1149 καί
831 1112 1012 1168 φημι·
1068 1113 1088 1149 ι
1128 1096 1186 1149 '0
1225 1097 1325 1167 ἐμὲ
1375 1095 1633 1167 ἑωρακὼς
1693 1094 1904 1170 ¹ἑώρακε
1965 1094 2057 1152 τὸν
2101 1096 2321 1169 Πατέρα
2370 1116 2492 1170 μου.
2541 1119 2561 1152 ι
2607 1102 2845 1155 Ποοεύου
2893 1103 2952 1156 ὲν
2995 1103 3184 1176 είρήνῃ
3212 1143 3226 1169 ,
3267 1103 3707 1175 ἀπεκδεχόμενος

460 1188 567 1240 τῶν
599 1188 935 1256 ἐπαγγελιῶν
969 1189 1066 1260 τὴν
1092 1190 1366 1260 μακαρίαν
1394 1189 1604 1244 ἐλπίδα.
3120 1189 3125 1192 ’

530 1285 586 1340 5.
625 1283 720 1340 His
749 1285 930 1356 itaque
957 1286 1242 1353 absolutis,
1265 1287 1470 1356 egressi
1503 1286 1678 1358 angeli
1709 1283 1802 1343 Dei
1824 1301 2021 1358 magna

462 1387 593 1430 voce
620 1373 924 1428 clamarunt
954 1393 966 1428 :
1009 1373 1068 1430 Si
1095 1375 1218 1445 quis
1240 1377 1380 1432 alius
1412 1377 1656 1431 eamdem
1690 1392 1851 1447 quam
1895 1389 2026 1446 pro-

2192 1282 2246 1338 5.
2273 1281 2482 1336 Οὐκοῦν
2511 1283 2889 1338 ἀπολυθέντων
2905 1284 3108 1339 τούτων
3130 1283 3373 1354 ἐφοδίων,
3403 1289 3451 1342 οί
3475 1289 3706 1358 ἄγγελοι

2124 1376 2217 1429 τού
2254 1376 2388 1430 Θεοῦ
2430 1374 2735 1441 ἐξελθόντες
2778 1374 3112 1448 κεκράγασιν
3157 1381 3366 1454 μεγάλῃ
3406 1385 3472 1453 τῇ
3509 1387 3703 1453 φωνῇ·

459 1464 636 1536 pbetae
665 1463 811 1520 litem
842 1464 1057 1532 habeat,
1087 1466 1295 1536 absque
1323 1466 1714 1536 impedimento
1749 1467 2013 1537 ingredia-

2124 1467 2193 1520 Εἴ
2229 1485 2314 1532 τις
2338 1468 2432 1522 καὶ
2454 1461 2610 1533 ἄλλος
2639 1469 2751 1540 ἔχει
2775 1469 2930 1542 δίκην
2949 1470 3055 1522 τῶν
3092 1473 3403 1543 προφητῶν,
3452 1476 3708 1544 εἰσερχέ-

460 1563 570 1619 tur,
594 1555 756 1627 390
805 1571 870 1612 ac
899 1557 1113 1612 veritati
1141 1558 1537 1628 patrocinetur.
1570 1557 1652 1612 Ad
1702 1573 1866 1629 quam
1900 1558 2013 1628 jus-

2127 1556 2237 1610 σθω
2262 1557 2572 1622 ἀκωλύτως,
2611 1558 2922 1629 συνηγορῶν
2973 1559 3069 1630 τὴν
3105 1561 3375 1631 ἀλήθειαν.
3413 1563 3552 1630 Πρὸς
3597 1566 3706 1633 τὴν

461 1647 668 1704 sionem
699 1650 865 1702 intrat
886 1647 1135 1705 Nabuthe
1162 1647 1405 1705 Israelita
1432 1669 1446 1704 :
1477 1664 1635 1720 quem
1670 1650 2013 1719 conSpicatus

2125 1649 2523 1720 παρακέλευσιν
2555 1650 2859 1721 εἰσέρχεται
2888 1650 3131 1704 Ναϐουθὲ
3161 1654 3189 1704 6
3235 1653 3593 1724 Ἰσραηλίτης,
3641 1656 3704 1706 ὃν

461 1735 808 1809 Unigenitus,
839 1740 953 1794 ait:
991 1737 1222 1805 Quicum
1249 1739 1347 1794 tibi
1377 1739 1443 1796 lis
1473 1746 1578 1802 est,
1610 1745 1703 1792 aut
1721 1739 1808 1793 cui
1839 1739 2013 1793 dicam

2128 1742 2222 1794 καὶ
2253 1740 2584 1811 θεασάμενος
2615 1742 2778 1794 αὐτὸν
2809 1744 2836 1794 6
2867 1743 3175 1814 Μονογενὴς
3198 1744 3375 1812 λέγει·
3415 1747 3483 1799 Σὺ
3516 1745 3573 1798 δὲ
3603 1764 3706 1816 με·

459 1831 545 1887 vis
571 1831 909 1902 impingere?
941 1829 1097 1898 Quod
1144 1831 1193 1885 si
1245 1839 1299 1885 tu
1348 1830 1464 1901 ipse
1496 1844 1606 1884 non
1654 1836 1810 1900 potes
1840 1842 2013 1884 causa

2127 1831 2194 1885 τὰ
2209 1832 2351 1896 τίνος
2370 1832 2531 1902 ἔχεις,
2565 1833 2598 1904 ἢ
2624 1837 2641 1854 ¹
2663 1833 2800 1904 μετά
2828 1833 2947 1886 τίνα
2973 1832 3131 1903 βούλῃ
3161 1834 3511 1899 δικάσασθαι;
3541 1837 3611 1888 Εἰ
3643 1836 3705 1888 δὲ

459 1932 567 1979 tute
593 1928 970 1992 argumentum
999 1935 1284 1986 enarrare,
1338 1921 1616 1990 habesque
1647 1919 1971 1974 advocatum
2005 1948 2013 1978 ε

2126 1925 2288 1988 αὐτὸς
2317 1924 2381 1977 δι’
2406 1923 2570 1977 αὐτοῦ
2616 1924 2676 1978 οὐ
2713 1923 2933 1978 δύνασαι
2983 1926 3370 1997 εἰσηγήσασθαι
3422 1927 3519 1997 τὴν
3559 1929 3706 1982 ὑπό-

461 2015 798 2085 ingrediatur
824 2012 914 2068 ille
956 2011 1163 2082 absque
1210 2011 1636 2082 impedimento,
1699 2025 1762 2064 ac
1813 2008 2013 2065 veritati

2127 2016 2272 2070 θεσιν
2313 2015 2407 2069 τοῦ
2449 2015 2770 2088 πράγματός
2812 2032 2924 2081 σου,
2960 2016 3102 2086 ἔχεις
3146 2017 3202 2070 δὲ
3249 2017 3539 2086 δικολόγον,
3599 2021 3706 2074 καὶ

459 2114 639 2162 tecum
665 2104 1055 2175 patrocinetur.
1083 2097 1220 2157 Tum
1250 2099 1501 2158 Nabuthe
1533 2120 1546 2157 :
1579 2100 1785 2166 Etiam,
1841 2099 2027 2154 Domi-

461 2212 553 2262 ne,
581 2196 902 2250 advocatum
958 2193 1134 2250 habeo
1166 2193 1538 2263 aequissimum
1567 2233 1582 2258 ,
1640 2191 1882 2262 aurigam
1911 2189 2022 2245 He-

460 2289 610 2354 liam,
647 2287 770 2342 dica
793 2292 976 2342 autem
1008 2285 1141 2340 mihi
1169 2277 1486 2356 impingitur
1529 2299 1653 2340 cum
1688 2283 1842 2339 falsis
1870 2283 2025 2338 testi-

456 2381 584 2437 bus.
628 2379 966 2449 Quapropter
1016 2392 1177 2434 orsus
1234 2391 1458 2432 causam
1518 2375 1680 2431 modo
1748 2375 2022 2431 enarrabo

458 2487 673 2528 meam:
708 2489 728 2524 ι
765 2469 1058 2542 Surgentes
1087 2475 1255 2525 testes
1300 2464 1496 2540 iniqui,
1532 2484 1652 2540 qua:
1697 2464 2019 2539 ignorabam

460 2564 867 2635 interrogabant
896 2577 983 2619 me
1014 2561 1084 2628 ⁸⁸,
1117 2581 1135 2614 ι
1187 2558 1514 2617 afﬁrmantes
1565 2576 1650 2616 me
1677 2559 2022 2616 benedixisse

459 2655 627 2712 Deum
680 2663 734 2710 et
762 2654 983 2725 Regem.
1019 2650 1171 2723 Quos
1221 2661 1573 2726 percontatus
1609 2652 1869 2708 Dominus
1900 2653 2016 2708 ait:

458 2746 633 2804 Dicite
670 2747 800 2801 mihi
832 2749 909 2801 rei
957 2749 1275 2810 veritatem,
1319 2745 1443 2816 quis
1469 2759 1569 2800 vos
1599 2744 1776 2814 coegit
1807 2745 2016 2798 calum-

457 2843 603 2897 niam
651 2840 914 2897 adversus
969 2853 1185 2894 servum
1231 2851 1410 2892 meum
1460 2837 1703 2907 legisque
1752 2835 2017 2890 cultorem

457 2929 724 2987 conﬂare?
754 2929 1172 3000 Responderunt
1219 2924 1335 2982 illi:
1388 2925 1576 2980 Achab
1627 2931 1682 2979 et
1724 2938 1862 2978 uxor
1898 2924 2018 2993 ejus

2125 2106 2285 2169 αὐτὸς
2305 2105 2632 2177 είσερχέσθω
2657 2105 2967 2171 ἀκωλύτως,
2995 2107 3304 2179 συνηγορῶν
3331 2126 3412 2161 σοι
3435 2111 3530 2180 τὴν
3553 2111 3706 2183 ἀλή-

2125 2196 2294 2251 θειαν.
2323 2198 2380 2250 Ὀ
2419 2197 2476 2250 δὲ
2504 2196 2747 2250 Ναϐουθέ
2769 2213 2782 2227 ⁸
2813 2199 2938 2262 Ναὶ,
2973 2197 3232 2261 Δέσποτα,
3263 2199 3368 2269 ἔχω
3392 2202 3705 2272 συνήγορον

2122 2287 2474 2352 δικαιότατον,
2503 2289 2888 2360 ἁρματηλάτην
2922 2290 3104 2343 Ἠλίαν
3131 2291 3311 2364 (48)·ή
3343 2293 3399 2345 δὲ
3431 2294 3547 2363 δίκη
3587 2310 3704 2364 μου

2124 2383 2500 2452 συγκροτεῖται
2537 2381 2672 2451 μετὰ
2707 2380 2814 2432 τῶν
2872 2379 3344 2452 ψευδομαρτύρων.
3377 2383 3534 2435 Ὅθεν
3585 2386 3705 2453 ἀρ-

2121 2472 2345 2542 χόμενος
2391 2469 2485 2523 τοῦ
2543 2470 2864 2541 πράγματός
2913 2487 3011 2540 μου
3049 2472 3191 2540 λέγω
3239 2472 3379 2526 κατὰ
3417 2473 3476 2526 τὸ
3525 2475 3700 2545 ἑξῆςι

2126 2579 2146 2613 ι
2211 2559 2556 2622 Ἀναστάντες
2606 2577 2694 2628 μοι
2731 2559 3005 2631 μάρτυρες
3034 2559 3236 2622 ἄδικοι,
3271 2560 3306 2614 ἃ
3346 2561 3443 2614 οὐκ
3486 2563 3698 2629 ἐγίνω-

2122 2655 2247 2706 σκον
2264 2652 2489 2722 ἠρώτων
2516 2669 2603 2722 με,
2636 2651 3134 2722 »διαϐεϐαιούμενοι
3160 2653 3241 2705 ὅτι
3274 2653 3542 2724 ηὐλόγησα
3572 2657 3700 2728 (49)

2119 2741 2250 2795 Θεὸν
2283 2739 2376 2794 καὶ
2403 2740 2656 2810 βασιλέα·
2693 2739 2786 2804 οὒς
2820 2739 2912 2793 καὶ
2941 2737 3203 2802 ἐξετάζων
3238 2741 3266 2792 6
3303 2740 3500 2810 Κύριος
3533 2740 3650 2813 ἔφη
3679 2757 3698 2772 ·

2117 2833 2323 2888 Εῐπατέ
2357 2851 2445 2904 μοι
2478 2830 2807 2902 φιλαλήθως,
2836 2831 2920 2895 τίς
2942 2832 3083 2902 ὑμᾶς
3104 2832 3380 2901 ἠνάγκασε
3412 2848 3700 2902 συκοφαν-

2117 2928 2279 2997 τῆσαι
2311 2925 2403 2978 τὸν
2431 2924 2561 2995 ἐμὸν
2601 2922 2784 2978 δοῦλον
2819 2925 2912 2976 καὶ
2969 2924 3348 2994 νομοφύλακα;
3379 2926 3438 2976 Οί
3469 2925 3522 2977 δὲ
3572 2929 3696 2981 ἀπ-

455 3021 692 3078 Jezabel.
742 3018 878 3074 Tum
909 3019 1277 3089 Unigenitus:
1331 3015 1461 3070 Esto
1499 3014 1666 3083 igitur
1723 3013 1911 3068 Achab
1961 3013 2013 3067 in

2121 3015 2425 3086 εκρίνοντοο
2465 3011 2665 3084 Ἀχαάϐ
2698 3013 2792 3065 καὶ
2820 3013 2853 3083 ὴ
2891 3012 3027 3082 γυνὴ
3059 3012 3222 3066 αὐτοῦ
3269 3013 3514 3075 Ἰεζαϐέλ.
3543 3017 3608 3068 Ὀ
3635 3017 3698 3070 δὲ

455 3109 602 3167 beiio
624 3108 798 3164 veloci
836 3108 1031 3179 sagitta
1060 3106 1346 3162 confossus
1375 3101 1431 3158 in
1463 3103 1676 3172 hepate,
1709 3109 1802 3155 aut
1832 3102 2014 3172 potius

457 3201 516 3256 in
550 3201 838 3271 pulmone;
875 3202 968 3268 qui
997 3197 1202 3267 injuste
1234 3195 1482 3266 spiritum
1517 3192 1685 3246 trahit
1712 3192 1779 3246 ad
1802 3208 2018 3262 posses-

458 3294 630 3350 sionis
680 3291 1196 3361 concupiscentiam.
1232 3286 1448 3343 Iezabel
1483 3291 1660 3339 autem
1693 3284 2016 3354 projiciatur

461 3388 519 3443 in
547 3399 727 3440 aream
756 3382 970 3448 domus,
999 3381 1178 3450 sitque
1201 3380 1277 3434 illi
1310 3393 1508 3433 canum
1541 3376 1875 3446 sepulcrum.
1908 3376 2019 3432 Na-

456 3481 626 3537 buthe
649 3495 777 3536 vero
822 3492 922 3550 pro
977 3475 1154 3530 ablata
1204 3472 1391 3536 vinea,
1424 3471 1741 3527 haereditate
1787 3472 2016 3544 accipiat

454 3572 693 3643 paradisi
727 3571 1057 3638 voluptatem
1087 3571 1250 3633 atque
1281 3562 1660 3618 aeternitatem.

2119 3107 2462 3174 Μονογενής·
2519 3105 2699 3156 Ἔστω
2744 3099 2836 3156 οὖν
2889 3105 2918 3153 ὁ
2981 3105 3181 3175 Ἀχαὰϐ
3232 3109 3288 3160 ὲν
3331 3107 3408 3177 τῷ
3462 3109 3699 3182 πολέμῳ

2118 3193 2468 3265 τοξευόμενος
2521 3194 2661 3265 βέλει
2721 3194 2987 3266 εὐθυϐὀλῳ
3045 3197 3184 3250 κατὰ
3235 3198 3328 3252 τοῦ
3367 3201 3601 3272 ἥπατος,
3656 3207 3693 3278 ἧ

2125 3288 2320 3358 μᾶλλον
2355 3285 2497 3341 κατὰ
2533 3286 2626 3340 τοῦ
2660 3287 2989 3358 πνεύμονος,
3029 3288 3122 3341 τοῦ
3171 3290 3368 3356 ἀδίκως
3416 3295 3699 3351 ἀναπνεύ-

2124 3391 2313 3441 σαντος
2357 3379 2436 3440 είς
2466 3377 2562 3448 τὴν
2601 3377 2979 3450 πλεονεκτικὴν
3032 3381 3338 3451 ἐπιθυμίαν.
3385 3385 3449 3436 Ἦ
3487 3385 3542 3438 δὲ
3593 3389 3698 3441 Ἰεο

2119 3467 2280 3533 ζαὸὲλ
2307 3468 2445 3522 ἔστω
2463 3469 2758 3540 ῥιπτομένη
2775 3472 2832 3524 ἐν
2851 3472 3134 3543 οἰκοπέδῳ,
3156 3475 3392 3542 γενέσθω
3417 3477 3471 3530 δὲ
3503 3481 3695 3532 κυνῶν

2115 3561 2302 3630 τάφος.
2341 3561 2399 3613 '0
2435 3560 2491 3613 δὲ
2529 3560 2774 3614 Ναϐουθὲ
2810 3562 3196 3634 κληρονομήτω
3237 3566 3372 3638 (49⁵)
3419 3569 3537 3622 ἀντὶ
3587 3573 3692 3625 τοῦ

448 3660 906 3733 ,ἐξαφανιζομένου
930 3655 1246 3729 ἀμπελῶνος
1277 3653 1375 3724 τὴν
1409 3653 1616 3726 τρυφὴν
1633 3652 1730 3706 τοῦ
1760 3650 2084 3725 παραδείσου
2116 3653 2208 3705 καὶ
2236 3650 2334 3723 τῆς
2357 3651 2704 3724 αίωνιότητος
2729 3652 2863 3724 (50).

524 3753 577 3807 4.
617 3751 729 3805 Hac
750 3763 912 3820 porro
937 3745 1204 3802 sententia
1235 3743 1290 3798 in
1318 3743 1743 3798 commentarios
1771 3743 2011 3808 redacta,

445 3843 760 3915 ingreditur
800 3853 998 3910 magna
1027 3851 1160 3892 voce
1184 3833 1443 3906 praeditus
1496 3833 1586 3888 ille
1617 3832 1786 3888 Isaias
1833 3833 2016 3888 excla-

451 3949 650 3990 mans;
680 3931 929 3995 Domine,
959 3927 1086 3982 audi
1117 3926 1347 3980 libenter
1376 3931 1429 3979 et
1460 3938 1615 3995 aequo
1642 3925 1847 3980 animo.
1871 3921 2011 3979 Tum

445 4026 774 4098 Unigenitus
799 4041 813 4078 :
841 4021 1089 4092 Loquere
1121 4017 1380 4073 adversus
1416 4031 1542 4072 eum
1593 4017 1690 4087 qui
1733 4016 1873 4071 hesit
1917 4025 2008 4083 te;

438 4133 575 4176 cum
603 4113 901 4188 praesertim
930 4111 1192 4182 pr0pheta
1230 4108 1307 4164 sis
1335 4115 1415 4173 tu,
1444 4107 1649 4178 justus,
1681 4107 2006 4178 spiritualis,

449 4218 717 4279 aptusque
743 4206 809 4261 ad
831 4218 1010 4259 causa:
1031 4209 1137 4256 tua:
1166 4207 1542 4270 argumentum
1573 4199 2006 4269 proponendum.

446 4299 549 4355 Cui
582 4297 876 4368 propheta:
899 4294 1026 4349 Dica
1055 4304 1138 4348 est
1164 4291 1295 4346 mibi
1324 4307 1448 4345 cum
1479 4291 1746 4354 Manasse,
1768 4292 1897 4360 quia
1924 4306 2010 4346 me

2187 3741 2241 3795 4.
2292 3739 2892 3814 Ὑπομνηματισθείσης
2942 3745 2998 3798 δὲ
3046 3745 3246 3818 ταύτης
3313 3748 3691 3819 ἀποφάσεως,

2117 3835 2417 3907 εἰσέρχεται
2463 3837 2491 3887 6
2531 3835 3038 3905 μεγαλοφωνότατος
3093 3838 3314 3902 Ἠσαῖας
3352 3844 3688 3912 κεκραγώς·

2118 3928 2310 3999 Κύριε,
2345 3926 2573 3980 ἄκουσον
2619 3926 2750 3998 ἐμοῦ
2792 3929 3032 3998 εὐμενῶς
3071 3931 3164 3982 καί⁵
3234 3930 3474 3995 δικαίως.
3529 3937 3594 3987 ὐ
3631 3938 3695 3991 δὲ

2117 4017 2451 4089 Μονογενής·
2486 4018 2624 4086 Λέγε
2657 4019 2797 4072 κατά
2818 4020 2911 4073 τοῦ
2958 4019 3308 4092 ἀδικήσαντος
3348 4041 3427 4086 σε,
3477 4025 3693 4092 μᾶλλον

2116 4112 2179 4164 σὺ
2204 4111 2278 4164 ὢν
2305 4113 2586 4183 προφήτης
2608 4111 2811 4175 δίκαιος
2831 4151 2843 4174 ,
2879 4112 3258 4181 πνευματικὸς,
3295 4114 3477 4177 ἱκανὸς
3500 4117 3693 4190 ἑαυτῷ

2117 4203 2481 4274 συστήσασθαι
2529 4203 2626 4274 τὴν
2664 4203 2916 4258 ὑπόθεσιν
2966 4203 3057 4256 τοῦ
3093 4205 3412 4275 πράγματός
3463 4225 3579 4262 σου.
3628 4212 3691 4265 Ὁ

2115 4291 2171 4344 δὲ
2211 4293 2493 4362 προφήτης
2519 4306 2531 4320 ·
2556 4292 2702 4361 Ἔχω
2731 4291 2884 4362 δίκην
2915 4293 3051 4362 μετὰ
3093 4293 3188 4346 τοῦ
3229 4295 3518 4366 Μανασσῆ,
3556 4299 3691 4352 ἐπεὶ

433 4390 692 4446 divinum
724 4403 755 4441 a
788 4386 1004 4456 Deoque
1033 4383 1356 4454 inspiratum
1380 4380 1616 4436 Verbum
1653 4381 1895 4436 studiose
1923 4389 2004 4435 at—

2121 4382 2242 4454 ὲμοῦ
2290 4382 2592 4446 σπουδαίως
2635 4384 2729 4435 καὶ
2765 4384 2972 4447 ἀόκνως
3019 4384 3380 4456 κηρύσσοντος
3416 4389 3504 4440 τὸν
3532 4388 3689 4444 θεῖον

447 4498 555 4556 que
585 4479 1184 4551 impigrepraadicante,
1220 4477 1313 4531 ille
1351 4476 1646 4531 crudeliter
1695 4483 1749 4531 et
1801 4476 2005 4546 absque

447 4575 560 4630 ulla
584 4570 976 4633 misericordia,
1001 4585 1084 4624 me
1121 4569 1296 4638 lignea
1331 4581 1480 4622 serra
1507 4565 1724 4620 occidit.
1761 4564 2006 4637 Respon-

447 4647 528 4721 dit
559 4661 879 4732 Unigenitus
905 4657 1006 4714 :Si
1037 4659 1090 4713 id
1115 4657 1390 4713 Manasses
1415 4656 1734 4726 designavit,
1758 4656 2004 4710 tradatur

444 4739 714 4811 Chaldaeis
744 4752 802 4805 in
819 4749 1186 4820 captivitatem
1209 4787 1225 4813 ,
1267 4749 1564 4803 ludibrium
1593 4757 1647 4804 et
1669 4747 1866 4803 caedem
1895 4768 1907 4803 :
1945 4757 2003 4803 ut

442 4844 694 4899 ediscant
721 4854 878 4910 reges
903 4880 918 4907 ,
976 4837 1265 4908 prophetas
1310 4853 1460 4894 meos
1509 4837 1858 4894 contumeliis
1891 4853 2000 4892 non

445 4935 658 4990 adicere
683 4940 776 4986 aut
804 4928 1117 4996 trucidare;
1175 4927 1271 4984 sed
1303 4927 1572 4982 honorare
1625 4934 1788 4997 atque
1818 4927 2002 4999 magni

440 5025 643 5091 facere,
667 5022 1098 5085 considerantes,
1129 5019 1275 5090 quod
1310 5034 1407 5090 per
1450 5033 1536 5073 me
1559 5018 1738 5074 omnis
1788 5034 1886 5073 rex
1915 5034 2004 5074 re-

442 5127 593 5193 gnet,
635 5125 690 5172 et
715 5121 978 5187 potentes
1026 5112 1228 5182 scripto
1257 5111 1552 5166 decernant
1587 5109 1878 5181 justitiam.
1914 5108 1999 5165 Tu

511 5273 559 5306 ”
594 5271 739 5328 Psal.
772 5285 972 5334 “xw,
1005 5268 1060 5323 ὅ.
1134 5267 1183 5300 ⁸³
1220 5264 1353 5322 ibid.
1387 5265 1476 5321 10.
1551 5264 1599 5298 ’δ
1628 5262 1793 5320 'Joan.
1829 5281 1942 5331 nv,
1978 5263 2032 5319 9.

511 5426 623 5502 (ΕΟ
664 5425 742 5502 11a
775 5421 1083 5502 ﬂes-.1399!
1103 5436 1256 5502 vero.
1280 5417 1724 5502 θαρρῶητεεῑξτιτά·

478 5487 622 5583 ’(48)
665 5487 924 5583 Sic'haud
959 5492 1120 5550 du‘bie
1140 5487 1442 5562 legendum.
1477 5487 1641 5557 Editi',
1675 5487 1816 5557 τινά,
1844 5487 2000 5560 Reg.,

439 5565 577 5624 λίαν,
611 5579 707 5632 pro
751 5565 956 5616 Ἠλίαν.

512 5635 622 5705 (ιθ)
663 5633 737 5687 lta
765 5632 895 5702 Reg.
926 5647 1049 5687 cum
1076 5634 1151 5686 0’.
1189 5629 1354 5695 Editi,
1384 5627 1773 5699 ὲκακολόγησα.

2110 4475 2202 4528 καὶ
2229 4475 2575 4529 θεόπνευστον
2623 4473 2797 4542 λόγον,
2851 4475 3009 4538 αὐτὸς
3054 4477 3390 4546 ἁσυμπαθῶς
3434 4482 3527 4534 καὶ
3588 4486 3690 4536 ἀν-

2109 4565 2413 4636 ελεημόνως
2462 4565 2652 4636 ξυλίνῳ
2674 4565 2853 4636 πρίονί
2888 4583 2954 4636 με
2988 4568 3213 4621 ἀνεῖλεν.
3261 4569 3317 4621 ὐ
3355 4571 3411 4623 δὲ
3437 4574 3690 4642 Μονογε-

2107 4656 2241 4726 νής·
2273 4657 2334 4708 Εἰ
2359 4655 2514 4709 τοῦτο
2566 4657 2815 4727 ἐποίησεν
2865 4659 2893 4710 6
2931 4658 3245 4728 Μανασσῆς,
3299 4661 3688 4730 παραδεδόσθω

2106 4748 2217 4809 τοῖς
2239 4745 2524 4808 Χαλδαίοις
2551 4747 2629 4808 είς
2651 4745 3042 4815 αἰχμαλωσίαν,
3083 4747 3177 4799 καὶ
3222 4749 3538 4820 ὲμπαιγμὸν
3563 4752 3687 4824 (51)

2108 4837 2201 4890 καὶ
2239 4837 2453 4906 σφαγήν
2479 4853 2492 4866 ·
2528 4836 2613 4889 ἴνα
2661 4837 2904 4907 μάθωσιν
2951 4838 3001 4890 οἱ
3050 4837 3285 4908 βασιλεῖς
3334 4843 3462 4903 τοὺς
3505 4845 3686 4913 ἐμοὺς

2109 4931 2390 4999 προφήτας
2437 4929 2510 5001 μὴ
2543 4929 2863 5000 capuam)
2913 4930 3269 4995 ἀποκτείνειν,
3320 4933 3457 4986 ἀλλὰ
3505 4942 3686 5008 τιμᾷν

2107 5020 2200 5073 καὶ
2241 5019 2589 5091 μεγαλύνειν*
2629 5020 3033 5092 ἐνθυμούμενοι,
3068 5021 3149 5074 ὅτι
3175 5022 3242 5074 δι’
3282 5023 3415 5093 ἐμοῦ
3447 5027 3554 5089 πῶς
3582 5029 3689 5098 βα-

2109 5112 2287 5175 σιλεὺς
2321 5111 2614 5182 βασιλεύει,
2645 5113 2740 5167 καὶ
2783 5114 2832 5166 oi
2879 5113 3131 5169 δυνάσται
3167 5115 3436 5185 γράφουσι
3479 5118 3687 5176 δικαιο-

2107 5265 2154 5298 "
2193 5263 2334 5320 Psal.
2371 5281 2559 5334 xxxw,
2596 5267 2685 5323 10.

2173 5417 2461 5494 ((ξθᾈ-Ριεο
2494 5421 2913 5494 κληρονομείτω.
2941 5423 3097 5481 Εοιτ.

2181 5491 2291 5632 (5οζ
2316 5490 2487 5560 Reg.,
2522 5490 2619 5562 τῆς
2646 5490 3032 5565 ἁνέκπότητος,
3065 5496 3348 5554 mendose.

2181 5561 2260 5632 (Si
2327 5559 2405 5616 Ita
2429 5560 2560 5632 Reg.
2592 5561 2732 5618 Editi
2761 5579 2911 5632 vero,
2938 5564 3251 5632 ἐμπαιγμα.

2177 5559 2288 5633 (51)
2327 5559 2732 5632 ΙελειίΒεεζΕάίιί
2761 5559 2916 5632 vero,
2938 5564 3251 5638 ἐμπαιγμα.

3852 2485 3860 2748 ι
