3870 6208
135 321 281 382 1069

1014 323 1296 381 HOMILIA
1334 322 1400 378 lN
1443 323 1543 380 SS.
1584 321 1857 378 PATRES
1891 322 1982 377 ET
2019 320 2457 379 PROPHETAS.

3224 325 3365 381 £070

131 437 324 507 σύνην.
381 435 454 490 Σὺ
487 435 584 506 μὲν
614 435 734 489 ἀντὶ
770 435 868 505 τῆς
916 434 1158 503 ἐπιγείου
1222 433 1573 505 Ἰερουσαλήμ
1602 432 1701 503 τὴν

1822 430 2022 502 [uidem
2055 445 2154 500 pro
2183 437 2398 486 terrena
2429 428 2753 494 Jerusalem,
2788 432 3066 488 ctelestem
3095 435 3368 507 primoge-

131 527 458 598 ἐπουράνιον
505 527 714 598 μητέρα
754 526 863 580 τῶν
903 526 1259 596 πρωτοτόκων
1300 525 1467 578 οῐκει·
1515 525 1702 577 κάκεῖ-

131 634 226 681 νος
243 617 322 689 (Si
337 621 378 688 ‘)
393 617 448 670 δὲ
477 619 566 671 τὸν
587 618 768 682 τόπον,
791 634 809 668 ι
835 615 892 682 ἐξ
913 612 972 670 οὗ
991 617 1198 688 ἀπέδρα
1234 614 1414 686 ὀδύνη,
1437 615 1578 687 λύπη
1610 616 1703 670 καὶ

133 709 462 779 στεναγμός.
500 727 519 760 ›

208 800 262 853 5.
294 799 699 871 Περαιωθείσης
744 798 802 853 δὲ
839 799 935 852 καὶ
971 799 1174 870 ταύτης
1208 800 1307 870 τῆς
1353 798 1699 868 ἀποφάσεως,

129 894 442 966 εἰσέρχεται
475 895 504 946 ό
541 893 989 964 θαυμασιώτατος
1045 892 1334 964 Ἱερεμίας,
1364 893 1422 946 ὃν
1457 893 1549 945 καὶ
1579 892 1704 946 θεα-

135 986 372 1056 σάμενος
395 985 424 1037 ὁ
449 985 754 1057 Μονογενὴς
780 985 956 1054 λέγει·
993 985 1064 1039 Σὺ
1093 985 1148 1037 δὲ
1183 986 1320 1056 μετὰ
1357 985 1500 1049 τίνος
1539 985 1702 1056 ἔχεις,

134 1075 172 1147 ἢ
210 1076 346 1147 μετά
369 1075 512 1139 τίνος
542 1074 790 1146 βούλεσαι
818 1076 1170 1142 δικάσασθαι;
1215 1076 1272 1129 '0
1301 1076 1356 1130 δὲ
1399 1075 1667 1146 Ἱερεμίας
1686 1093 1700 1106 ·

139 1169 293 1237 Ἔχω
325 1168 481 1237 δίκην
523 1165 659 1237 μετά
688 1167 794 1220 τῶν
826 1167 1113 1231 Ἰουδαίων,
1155 1165 1410 1236 βούλομαι
1459 1166 1516 1218 δὲ
1555 1165 1705 1220 δικά-

137 1260 335 1314 σασθαι
368 1259 459 1313 ἐπὶ
493 1258 584 1312 σοῦ
618 1258 710 1311 τοῦ
740 1258 1236 1330 ἀπροσωπολήπτου
1257 1257 1546 1312 Δεσπότου.
1566 1257 1622 1311 Ὁ
1648 1257 1705 1312 δὲ

133 1353 474 1422 Μονογενής·
509 1351 618 1404 Καὶ
649 1351 700 1405 τί
733 1353 1058 1422 κατηγορεῖς
1081 1352 1206 1414 τοὺς
1239 1350 1539 1422 ὁμοφύλους
1581 1367 1704 1416 σου;

145 1442 208 1495 '0
241 1440 295 1494 δὲ
341 1442 658 1512 προφήτης·
700 1441 1004 1513 Κατηγορῶ
1051 1440 1277 1504 αὐτοὺς,
1335 1440 1456 1493 ἐπεὶ
1505 1441 1708 1494 ἀνταπ-

133 1533 348 1586 έδωκάν
385 1549 474 1602 μοι
492 1534 610 1586 ἀντὶ
629 1533 737 1587 τῶν
762 1532 941 1586 καλῶν
959 1535 1124 1598 κακὰ,
1151 1533 1269 1586 ἀντὶ
1284 1531 1339 1586 δὲ
1355 1533 1462 1586 τῶν
1490 1532 1707 1601 ἀγαθῶν

133 1621 372 1693 πονηρά.
418 1621 582 1692 Ἐμοῦ
624 1621 916 1693 εὐχομένου
970 1622 1110 1694 ὑπὲρ
1153 1622 1340 1691 ὑγείας
1385 1622 1567 1676 αὐτῶν
1613 1623 1707 1676 καὶ

137 1714 437 1783 σωτηρίας,
469 1714 620 1768 αὐτοὶ
645 1713 1033 1768 ἐϐουλεύσαντο
1067 1714 1340 1784 φαρμάκῳ
1369 1730 1437 1783 με
1475 1715 1703 1780 ἀνελεῖν,

1804 523 2044 575 nitorum
2094 531 2323 577 matrem
2382 523 2657 591 habitato;
2717 523 2807 578 ille
2837 539 2966 579 vero
3003 526 3206 592 locum,
3243 546 3262 580 ι
3299 544 3367 584 ex

1803 625 1914 680 quo
1944 610 2082 683 fugit
2106 611 2265 668 dolor
2289 619 2342 667 et
2369 613 2590 669 tristitia
2612 627 2666 669 et
2691 615 2928 685 gemitus
2950 617 3016 670 ".
3061 636 3082 669 ι

1875 787 1928 842 5.
1970 785 2082 842 Hac
2112 789 2377 859 completa
2405 792 2670 845 sententia
2704 834 2720 858 ,
2773 792 3076 864 ingreditur
3098 795 3369 852 admiran-

1803 878 1907 936 dus
1930 881 2018 935 ille
2047 879 2308 939 Jeremias
2335 923 2350 948 ,
2403 901 2561 955 quem
2600 887 2833 944 intuitus
2891 887 3213 960 Unigenitus
3251 896 3365 947 ait:

1804 969 2036 1037 Quicum
2071 975 2138 1030 lis
2167 983 2250 1030 est
2281 977 2398 1044 tibi,
2443 985 2538 1030 aut
2566 993 2855 1047 quemnam
2889 981 2970 1035 vis
3002 983 3059 1035 in
3103 981 3195 1051 jus
3245 998 3372 1054 pro-

1805 1067 2034 1121 vocare?
2061 1065 2324 1124 Jeremias
2357 1078 2536 1124 autem
2561 1089 2574 1124 :
2603 1069 2694 1126 Lis
2721 1079 2805 1127 est
2833 1073 2965 1127 mihi
2991 1089 3114 1128 cum
3145 1075 3370 1142 Juda'is,

1805 1157 2035 1228 voloque
2061 1158 2270 1228 judicio
2290 1161 2616 1217 contendere
2638 1179 2821 1218 coram
2866 1174 2938 1231 te,
2967 1165 3226 1237 Domine,
3275 1172 3373 1240 qui

1805 1265 2093 1319 personam
2127 1267 2236 1307 non
2261 1254 2486 1322 accipis.
2515 1252 2654 1308 Tum
2681 1255 3003 1327 Unigenitus
3036 1277 3050 1313 :
3091 1259 3278 1331 Ecqua
3303 1263 3373 1319 de

1806 1356 1868 1396 re
1913 1357 2141 1399 accusas
2188 1345 2523 1402 contribules
2562 1347 2722 1402 tuos?
2760 1348 2861 1402 Cui
2920 1351 3226 1420 propheta:
3267 1355 3375 1408 Αο-

1807 1449 1942 1492 cuso
1991 1437 2136 1503 illos,
2172 1437 2316 1507 quod
2343 1438 2698 1494 retribuerint
2720 1440 2852 1494 mihi
2885 1456 2986 1511 pro
3015 1443 3174 1498 bonis
3207 1447 3372 1509 mala,

1808 1542 1908 1598 pro
1933 1527 2210 1584 beneficiis
2246 1528 2497 1598 injurias.
2545 1527 2629 1584 Me
2661 1545 2760 1600 pro
2786 1545 2975 1586 eorum
3016 1543 3248 1590 sanitate
3300 1544 3376 1589 at-

1807 1635 1914 1691 que
1941 1621 2116 1676 salute
2143 1621 2492 1692 deprecante,
2522 1622 2625 1692 ipsi
2657 1623 2866 1679 interea
2911 1640 3122 1687 veneno
3158 1643 3246 1682 me
3279 1629 3356 1682 tol

1809 1711 1921 1766 lere
1936 1711 2317 1775 moliebantur,
2343 1713 2684 1768 occultantes
2713 1713 2844 1768 illud
2879 1729 3074 1786 magna
3104 1715 3297 1774 fraude
3321 1720 3376 1774 in

133 1805 513 1877 ὲγκρύψαντες
543 1807 673 1860 αὐτὸ
712 1806 852 1878 μετά
891 1806 1086 1861 πολλοῦ
1115 1807 1266 1861 δόλου
1306 1809 1385 1870 εἰς
1415 1807 1506 1860 τὸν
1546 1806 1708 1878 ἄρτον

1822 1817 1947 1873 pane
2001 1819 2142 1860 meo.
2199 1801 2336 1859 Tum
2397 1804 2754 1877 Unigenitus:
2799 1805 3071 1873 Quidnam
3103 1809 3213 1865 illis
3257 1811 3376 1868 ﬁeri

140 1915 269 1968 μου.
313 1899 372 1951 Ὀ
413 1898 469 1950 δὲ
523 1899 832 1968 Μονογενής
854 1913 868 1928 ⁸
913 1899 1024 1952 Καὶ
1062 1899 1116 1951 τί
1145 1900 1328 1962 αὐτοῖς
1359 1897 1530 1962 θέλεις
1562 1896 1713 1966 γενέ-

137 1987 300 2052 σθαι;
342 1989 400 2041 '0
451 1988 509 2040 δὲ
547 1989 865 2060 προφήτης·
932 1989 1138 2042 Ἐκεῖνο
1177 1991 1357 2052 αὐτοῖς
1399 1990 1620 2058 ποίησον
1651 1987 1713 2041 τὸ

132 2077 523 2148 γεγραμμένον
545 2079 601 2130 ὲν
626 2081 747 2140 ταῖς
780 2077 1137 2148 Παροιμίαις·
1169 2095 1188 2128 ι
1238 2078 1297 2130 '0
1330 2077 1712 2140 ἀνταποδιδοὺς

134 2171 312 2225 κακὸν
352 2170 473 2224 ἀντὶ
517 2171 744 2240 ἀγαθοῦ,
801 2171 862 2223 οῦ
915 2169 1268 2242 κινηθήσεται
1311 2171 1457 2224 κακά
1505 2171 1569 2224 ὲκ
1615 2168 1709 2222 τοῦ

135 2265 290 2316 οῖκου
320 2261 508 2316 αὑτοῦ.
542 2281 561 2314 ι
603 2264 661 2316 '0
700 2262 756 2314 δὲ
786 2263 1127 2332 Μονογενής·
1163 2261 1328 2314 Οὐδὲν
1362 2262 1556 2316 ἄτοπον
1587 2259 1713 2332 ἐζή-

130 2371 331 2425 τησας.
365 2353 469 2406 Ἴδε
492 2353 552 2406 οὐ
581 2351 854 2406 κινοῦνται
882 2350 1030 2405 κακά
1059 2351 1125 2403 ὲκ
1150 2349 1242 2403 τοῦ
1271 2351 1417 2404 οίκου
1448 2348 1557 2403 τῶν
1592 2349 1711 2403 Ἰουτ

131 2445 308 2498 δαίων
347 2445 446 2514 τῆς
484 2441 854 2514 Ἰερουσαλὴμ,
898 2441 1001 2506 ἕως
1024 2441 1089 2495 ἂν
1119 2441 1184 2495 ἐκ
1212 2439 1476 2511 θεμελίων
1495 2440 1714 2509 ἐρημω-

135 2534 230 2606 θῇ.
265 2535 336 2587 Σὺ
362 2534 419 2587 δὲ
445 2533 724 2586 ἀναπαύου
765 2533 824 2586 ὲν
869 2534 980 2595 τοῖς
1013 2530 1334 2594 ἀστενώτοις
1370 2529 1588 2592 κόλποις
1617 2526 1712 2580 τοῦ

135 2625 482 2698 προπάτορος
527 2624 794 2695 Ἀϐραάμ.
1524 2621 1526 2623 “

211 2716 268 2770 6.
330 2715 738 2788 Περαιωθείσης
797 2717 892 2772 καὶ
945 2715 1147 2787 ταύτης
1197 2715 1296 2785 τῆς
1353 2712 1712 2782 ἀποφάσεως,

133 2806 448 2878 εἰσέρχεται
479 2807 506 2858 ὁ
533 2808 815 2878 προφήτης
853 2807 1126 2878 Ζαχαρίας
1164 2805 1483 2878 κεκραγώς·
1519 2803 1711 2870 Κύριε,

134 2897 373 2951 δικουσον
398 2896 491 2948 καὶ⁴
516 2895 650 2966 ἐμοῦ
687 2895 930 2967 εὐμενῶς
960 2897 1052 2949 καὶ
1088 2893 1328 2957 δικαίως.
1374 2894 1430 2947 '0
1457 2893 1513 2946 δὲ
1543 2894 1716 2946 Μονο-

132 2989 308 3058 γενής
329 3002 344 3018 ο
379 2986 518 3056 Λέγε
547 2986 687 3042 κατά
712 2987 819 3041 τῶν
844 2987 1217 3058 ἀδικησάντων
1246 3002 1328 3042 σε.
1375 2985 1432 3037 Ὁ
1461 2985 1518 3037 δὲ
1540 2986 1715 3053 Ζαχα-

135 3081 302 3151 ρίαςο
335 3080 487 3132 Εἰσὶν
519 3080 568 3132 οἱ
617 3079 970 3150 ἀδικήσαντες
1007 3095 1072 3150 με
1113 3080 1160 3132 oi
1207 3079 1480 3149 ἀρχιερεῖς
1528 3077 1622 3129 καὶ
1665 3077 1713 3128 οῖ

1810 1896 2002 1966 optas?
2024 1895 2123 1950 Cui
2146 1897 2407 1968 propheta
2439 1917 2454 1954 :
2485 1898 2631 1954 lnfer
2659 1899 2794 1970 ipsis
2823 1901 2968 1970 quod
2999 1902 3264 1972 scriptum
3293 1911 3378 1958 est

1810 1985 1868 2040 in
1896 1985 2244 2044 Proverbiis:
2282 2009 2301 2041 ι
2344 1991 2444 2057 Qui
2485 1990 2666 2046 reddit
2702 1993 2901 2047 malum
2941 2009 3040 2064 pro
3063 1996 3231 2061 bono,
3263 2012 3375 2050 non

1810 2078 2066 2133 recedent
2108 2080 2250 2133 mala
2295 2080 2364 2136 de
2397 2081 2562 2137 domo
2606 2083 2724 2151 ejus
2752 2085 2820 2139 ⁸⁷.
2856 2103 2876 2136 ι
2923 2083 3222 2156 Respondit
3251 2086 3381 2142 Uni-

1811 2170 2068 2240 genitus:
2096 2171 2331 2228 Absurdi
2359 2173 2494 2228 nihil
2527 2175 2836 2243 postulasti.
2878 2175 3019 2232 Ecce
3066 2194 3176 2234 non
3224 2195 3378 2236 rece-

1811 2255 1942 2312 dent
1975 2259 2114 2313 mala
2151 2259 2220 2316 de
2247 2260 2408 2316 domo
2431 2260 2764 2329 Iudaeorum,
2795 2278 2916 2335 quae
2943 2275 3028 2323 est
3049 2266 3374 2334 Jerusalem.

1811 2347 1984 2404 donec
2012 2363 2043 2403 a
2077 2349 2446 2408 fundamentis
2466 2353 2764 2411 desoletur.
2793 2355 2874 2412 Tu
2891 2372 3054 2428 porro
3077 2359 3131 2414 in
3151 2361 3377 2415 minime

1813 2447 2047 2511 angusto
2075 2441 2306 2498 Abrahae
2325 2443 2448 2500 sinu
2480 2447 2780 2518 requiesce.

1884 2695 1938 2752 6.
1981 2696 2094 2753 Hac
2117 2705 2300 2755 autem
2331 2700 2580 2757 absoluta
2612 2704 2911 2770 sententia,
2947 2705 3248 2778 ingreditur
3273 2709 3378 2764 Za-

1815 2789 2032 2846 charias
2065 2792 2325 2862 praphet'a
2352 2794 2667 2850 exclamans
2694 2815 2706 2850 :
2736 2795 2998 2862 Domine,
3043 2814 3131 2854 me
3163 2815 3379 2874 quoque

1817 2882 2030 2948 audias,
2055 2899 2260 2954 quaeso,
2297 2885 2528 2941 libenter
2553 2895 2608 2942 et
2635 2903 2791 2958 aequo
2840 2889 3045 2945 animo.
3097 2890 3376 2962 Loquere,

1817 2978 1894 3031 ait
1916 2976 2260 3048 Unigenitus,
2289 2981 2552 3036 adversus
2582 2995 2678 3036 eos
2711 2982 2804 3052 qui
2829 2991 2880 3037 te
2903 2982 3100 3052 injuria
3131 2985 3375 3041 aﬂ'ecere.

1817 3068 1916 3124 Cui
1949 3067 2237 3124 Zacharias
2263 3089 2277 3124 :
2310 3071 2411 3136 Qui
2440 3087 2527 3127 me
2563 3073 2820 3128 lzeserunt
2845 3082 2972 3127 sunt
2995 3075 3266 3146 principes
3294 3094 3380 3133 sa-

133 3140 604 3242 νομοδιδάσκαλοι.
660 3171 718 3224 '0
745 3140 800 3224 δὲ
822 3140 1160 3241 Μονογενής·
1192 3140 1312 3222 Καῖ
1331 3140 1382 3222 τί
1405 3166 1614 3221 τοιοῦτό
1651 3184 1712 3220 σε

1822 3161 2095 3217 cerdotum
2123 3202 2139 3227 ,
2189 3163 2434 3234 legisque
2477 3165 2746 3221 doctores.
2797 3165 2937 3232 Quid
2982 3140 3113 3222 illud
3163 3140 3266 3234 est,
3307 3172 3383 3223 ait

133 3259 409 3328 ἠδίκησαν
470 3259 520 3310 οί
560 3258 833 3328 ἀρχιερεῖς
887 3259 979 3311 καὶ
1017 3260 1068 3310 οἱ
1121 3257 1593 3328 νομοδιδάσκαλοι;
1655 3257 1713 3309 '0

133 3349 197 3402 δὲ
219 3347 526 3418 Ζαχαρίας’
568 3348 893 3415 Ἐφόνευσάν
945 3365 1012 3418 με
1065 3343 1269 3419 μεταξὺ
1313 3345 1409 3398 τοῦ
1449 3345 1577 3398 ναοῦ
1620 3344 1714 3398 καὶ

133 3439 231 3492 τοῦ
268 3438 678 3510 θυσιαστηρίου.
722 3439 932 3509 Ἑπάγη
977 3438 1033 3492 δὲ
1078 3438 1172 3491 καὶ
1214 3437 1274 3490 τὸ
1315 3432 1453 3507 αἷμά
1489 3453 1586 3506 μου
1626 3435 1718 3488 ἐπὶ

132 3532 242 3601 τῆς
268 3531 494 3601 πέτρας,
533 3531 667 3603 πρὸς
694 3531 912 3601 ἔλεγχον
936 3530 1036 3600 τῆς
1069 3529 1349 3600 μιαιφόνου
1376 3527 1553 3581 αὐτῶν
1575 3525 1717 3595 γνώ-

140 3639 274 3692 μης.
314 3623 372 3675 '0
395 3621 450 3674 δὲ
473 3622 816 3691 Μονογενήςο
845 3622 1049 3694 Τοίγαρ
1077 3622 1172 3674 καὶ
1201 3620 1352 3674 αὐτοὶ
1382 3617 1721 3690 ἀποθνησκέ-

135 3730 323 3768 τωσαν
380 3714 637 3767 ὑποκάτω
679 3714 772 3767 τοῦ
817 3713 1196 3786 θυσιαστηρίου
1243 3713 1393 3784 παρὰ
1441 3713 1549 3766 τῶν
1589 3713 1721 3765 Ῥω-

141 3804 357 3874 μαίωνο
413 3803 480 3856 δι’
524 3797 598 3856 ὧν
643 3803 702 3856 δέ
741 3821 826 3866 τις
871 3803 1202 3875 ἁμαρτάνει,
1251 3802 1337 3855 διὰ
1373 3801 1576 3855 τούτων
1623 3801 1720 3854 καὶ

137 3893 468 3956 κολάζεται·
511 3895 601 3948 καὶ
629 3895 725 3964 οἴῳ
751 3912 835 3958 τις
869 3895 1050 3965 μέτρῳ
1081 3894 1345 3964 μετρήσει
1377 3892 1454 3963 τῷ
1493 3892 1718 3962 πλησίον

137 3985 332 4050 αὑτοῦ,
383 3986 608 4057 τοιούτῳ
659 3986 808 4056 αὐτῷ
856 3985 1379 4056 ἀντιμετρηθήσεται
1431 3983 1720 4053 οὐρανόθεν

135 4077 388 4141 δικαίως.
428 4077 681 4130 Ἐκείνων
726 4077 784 4130 δὲ
816 4075 1093 4129 παθόντων
1122 4075 1192 4128 τὰ
1225 4074 1314 4127 ἴσα
1348 4075 1440 4127 καὶ
1473 4069 1546 4128 ὧν
1580 4071 1720 4146 ἦσαν

138 4168 314 4233 ἄξιοι,
345 4168 410 4220 σὺ
438 4167 495 4221 δὲ
525 4167 772 4238 είσέρχου
813 4168 892 4230 είς
932 4166 1022 4219 τὸν
1051 4165 1239 4234 νοητὸν
1281 4164 1568 4236 νυμφῶνα,
1615 4167 1712 4218 ὲπ-

138 4257 359 4311 ακούων
389 4257 519 4326 παρ’
550 4257 684 4327 ἐμοῦ
733 4258 831 4326 τῆς
871 4257 1257 4327 εὐκταιοτάτης
1299 4257 1511 4327 φωνῆς·
1566 4275 1584 4307 ι
1623 4252 1720 4323 Εὖ,

138 4348 296 4401 δοῦλε
332 4347 502 4416 ἀγαθὲ
535 4349 626 4401 καὶ
657 4349 830 4413 πιστὲ,
862 4348 953 4400 ἐπὶ
977 4346 1132 4415 ὀλίγα
1155 4342 1223 4418 ἦς
1250 4345 1460 4409 πιστὸς,
1488 4347 1580 4398 ἐπὶ
1603 4346 1724 4400 πολ-

1818 3252 2163 3324 Unigenitus,
2199 3255 2253 3308 in
2285 3271 2393 3324 quo
2423 3263 2477 3310 te
2509 3255 2768 3312 laeserunt
2806 3259 3083 3328 principes
3131 3261 3385 3314 sacerdo-

1816 3352 1931 3399 tum
1961 3360 2025 3400 ac
2052 3346 2182 3416 legis
2211 3346 2500 3402 doctores?
2545 3347 2644 3402 Cui
2681 3347 3016 3404 Zacharias:
3052 3349 3385 3406 Occiderunt

1816 3453 1904 3492 me
1933 3437 2075 3492 inter
2112 3438 2369 3507 templum
2401 3445 2455 3493 et
2477 3439 2644 3494 altare
2680 3439 2909 3510 (52-55).
2953 3439 3188 3512 Sanguis
3219 3459 3385 3512 porro

1817 3547 1972 3586 meus
1997 3532 2050 3585 in
2089 3539 2242 3603 petra
2280 3542 2567 3589 concretus
2597 3543 2713 3598 est,
2749 3535 2804 3588 in
2843 3543 3218 3605 argumentum
3258 3551 3384 3591 san-

1819 3624 2053 3694 guinarii
2091 3639 2280 3678 eorum
2325 3625 2558 3680 consilii.
2613 3625 2917 3681 Mactentur
2962 3642 3092 3696 ergo
3117 3627 3274 3697 391
3331 3635 3387 3681 et

1822 3713 1946 3782 ipsi.
1979 3714 2056 3767 ait
2083 3709 2408 3784 Unigenitus
2435 3754 2451 3780 ,
2481 3715 2585 3770 sub
2622 3716 2778 3769 altari
2827 3730 2857 3769 a
2903 3713 3205 3771 Romanis:
3257 3732 3385 3771 nam

1819 3819 1917 3874 per
1977 3819 2098 3874 quae
2143 3805 2265 3874 quis
2312 3816 2520 3876 peccat,
2568 3820 2666 3876 per
2727 3807 2838 3862 hac
2883 3814 2938 3862 et
2977 3808 3250 3877 punietur.
3321 3807 3388 3860 Et

1820 3909 1929 3964 qua
1988 3895 2219 3964 quisque
2267 3911 2522 3951 mensura
2579 3897 2887 3967 proximum
2954 3912 3113 3952 suum
3161 3913 3388 3952 mensus

1821 3985 2006 4049 fuerit,
2038 3987 2226 4042 eadem
2255 3987 2374 4057 ipsa
2403 3988 2525 4056 jure
2554 3988 2658 4058 ipsi
2699 3989 2916 4044 coalitus
2946 3990 3282 4046 remetietur.
3316 3990 3388 4043 lis

1824 4087 2003 4136 autem
2053 4081 2213 4152 digna
2270 4083 2568 4138 sceleribus
2619 4085 2736 4138 suis
2798 4085 3169 4154 patientibus,
3215 4098 3276 4140 tu
3316 4087 3386 4141 ad

1823 4171 2160 4239 spiritualem
2211 4173 2395 4241 sponsi
2436 4173 2728 4226 thalamum
2773 4173 2935 4237 intra,
2981 4176 3209 4230 audiens
3244 4191 3276 4230 a
3302 4192 3388 4230 me

1823 4261 2220 4330 optatissimam
2260 4263 2404 4316 illam
2433 4276 2616 4316 vocem
2644 4279 2658 4316 :
2699 4281 2716 4312 ι
2740 4260 2887 4332 Euge
2907 4303 2922 4324 ,
2972 4277 3127 4318 serve
3164 4264 3306 4319 bone
3335 4274 3390 4319 et

1825 4351 2021 4420 ﬁdelis,
2055 4368 2219 4422 super
2273 4367 2442 4423 pauca
2495 4354 2646 4408 luisti
2695 4353 2900 4416 ﬁdelis,
2935 4370 3098 4424 super
3127 4357 3299 4411 multa
3335 4365 3390 4410 te

140 4439 251 4491 λῶν
284 4455 344 4490 σε
374 4441 727 4511 καταστήσω·
755 4437 962 4492 εἴσελθε
991 4441 1069 4502 εἰς
1091 4437 1188 4510 τὴν
1209 4437 1381 4510 χαρὰν
1401 4436 1494 4489 τοῦ
1515 4437 1714 4508 Κυρίου

1825 4445 2152 4500 constituam
2189 4463 2203 4498 :
2247 4445 2386 4498 intra
2413 4445 2466 4499 in
2495 4446 2749 4516 gaudium
2788 4446 3000 4502 Domini
3025 4449 3103 4502 tui
3126 4449 3191 4502 9'.
3222 4468 3242 4502 ι

142 4548 262 4584 σου.
311 4550 330 4582 1

215 4623 272 4677 7.
316 4617 470 4686 Εἶτα,
500 4622 878 4694 πληρωθείσης
905 4622 1000 4676 καὶ
1025 4619 1228 4692 ταύτης
1247 4621 1347 4692 τῆς
1367 4623 1718 4692 ἀποφάσεως,

143 4713 486 4784 εἰσέρχονται
527 4713 620 4765 καὶ
647 4711 716 4764 τὰ
743 4711 1094 4784 ἀναιρεθέντα
1128 4711 1314 4764 παιδία
1351 4711 1410 4763 ὲν
1454 4712 1720 4783 Βηθλεὲμ,

146 4803 362 4874 βοῶντα
399 4804 494 4856 καὶ
524 4801 766 4870 λέγοντα·
811 4802 1000 4874 Κύριε,
1041 4805 1134 4857 καὶ
1169 4804 1328 4874 ἡμεῖς
1358 4802 1445 4856 διὰ
1475 4803 1535 4855 τὸ
1558 4803 1728 4874 ὄνομά

149 4912 245 4948 σου
300 4893 510 4963 ξίφεσιν
557 4894 902 4966 ἀνῃρέθημεν
948 4895 1051 4948 ὑπὸ
1088 4894 1179 4947 τοῦ
1225 4893 1586 4947 ἀσεϐεστάτου
1633 4895 1727 4948 καὶ

147 4987 472 5056 παρανόμου
515 4985 772 5058 Ἡρώδου.
835 4985 893 5038 '0
935 4986 992 5038 δὲ
1041 4985 1370 5056 Μονογενής·
1418 4986 1480 5038 Ei
1520 4985 1587 5038 δι’
1627 4986 1728 5056 ἐμὲ

147 5078 485 5148 ὑπεμείνατε
505 5077 592 5130 τὸν
616 5077 920 5148 ὲπικέρδιον
945 5077 1170 5130 θάνατον
1194 5081 1288 5132 καὶ
1309 5078 1611 5151 προύχοντα
1629 5077 1730 5148 τῆς

149 5170 324 5240 ζωῆς,
357 5168 459 5222 κᾶν
489 5169 657 5240 μυρία
683 5170 846 5240 μέρη,
881 5167 954 5240 μὴ
983 5169 1258 5234 λυπεῖσθε,
1295 5171 1496 5234 εἰδότες
1522 5169 1728 5240 σαφῶς,

147 5259 233 5312 ὅτι
262 5261 313 5312 οί
343 5258 408 5312 δι’
435 5258 535 5328 ἐμὲ
568 5259 1000 5330 ἀποθνήσκοντες
1021 5260 1082 5314 ού
1116 5260 1549 5330 καταθνήσκουσι
1593 5259 1726 5331 (54)·

1893 4621 1949 4678 7.
1988 4619 2250 4675 Absoluta
2281 4635 2411 4690 ergo
2446 4627 2502 4675 et
2549 4619 2652 4674 hac
2682 4621 2973 4684 sententia,
3010 4621 3395 4692 ingrediuntur

1825 4713 2064 4768 infantes
2095 4713 2148 4767 in
2181 4712 2489 4768 Bethlehem
2515 4713 2662 4772 caesi.
2693 4714 2994 4769 clamantes
3018 4728 3083 4768 ac
3103 4714 3348 4770 dicentes
3375 4730 3388 4764 :

1828 4801 2076 4866 Domine,
2127 4816 2228 4857 nos
2277 4803 2442 4856 etiam
2491 4809 2709 4870 propter
2769 4817 2963 4856 nomen
3018 4810 3170 4856 tuum
3215 4803 3394 4872 gladio

1827 4893 1997 4948 occisi
2039 4909 2230 4948 sumus
2261 4894 2330 4946 ab
2370 4892 2692 4961 impiissimo
2721 4899 2775 4946 et
2811 4893 3045 4948 scelesto
3081 4892 3292 4947 Herode
3325 4894 3392 4948 ”.

1829 4986 1966 5038 Tum
2012 4984 2336 5054 Unigenitus
2386 5003 2401 5037 :
2447 4982 2502 5036 Si
2542 4991 2760 5052 propter
2801 4997 2887 5036 me
2926 4984 3211 5052 perutilem
3247 4983 3392 5036 illam

1829 5083 1884 5131 et
1911 5076 2215 5131 sexcenties
2231 5077 2340 5128 vita
2371 5076 2638 5144 potiorem
2669 5082 2898 5129 mortem
2931 5073 3296 5134 sustinuistis,
3326 5089 3397 5127 ne

1831 5167 2251 5231 contristemini,
2277 5167 2445 5236 probe
2497 5166 2754 5230 scientes,
2791 5180 2887 5220 eos
2939 5165 3032 5235 qui
3079 5164 3182 5219 mei
3230 5179 3397 5218 causa

1829 5259 2142 5314 moriuntur
2170 5272 2279 5313 non
2314 5263 2490 5312 morte
2512 5256 2765 5320 detineri,
2799 5257 2990 5310 vivunt
3027 5257 3170 5310 enim
3205 5259 3259 5311 in
3297 5273 3399 5310 sae-

151 5349 289 5413 ζῶσι
311 5349 422 5423 γάρ
450 5351 530 5412 είς
547 5349 638 5403 τὸν
667 5351 859 5405 αἰῶνα.
884 5351 1046 5405 Ὅθεν
1077 5351 1282 5405 κελεύω
1305 5352 1400 5405 τὸν
1431 5352 1527 5423 μὲν
1558 5349 1714 5424 Ἦρώ

1830 5351 2035 5405 culum.
2067 5350 2412 5420 Quapropter
2439 5347 2708 5402 Herodem
2737 5348 2955 5418 quidem
2991 5347 3157 5417 jubeo
3203 5361 3395 5404 novem

224 5487 271 5519 ⁸ο
313 5485 419 5543 Isa.
453 5503 617 5552 xxxv,
653 5489 739 5543 ιο.
813 5489 858 5522 ’⁷
898 5487 1058 5545 Prov.
1090 5507 1240 5555 xm,
1275 5491 1360 5546 15.

221 5601 360 5675 (51')
393 5601 528 5669 Quis
555 5605 626 5660 sit
652 5606 860 5670 ἐκεῖνος
898 5622 1006 5661 non
1047 5606 1224 5667 video.
1279 5608 1384 5661 nisi
1438 5608 1577 5663 forte
1616 5606 1724 5662 Na-

155 5673 328 5746 buthe
377 5675 737 5746 designetur:
779 5677 1058 5746 sequentia
1081 5679 1224 5746 enim
1258 5678 1571 5734 nullomodo
1607 5679 1722 5732 Ma-

158 5745 307 5800 nassi
341 5744 633 5800 convenire
660 5744 909 5815 possunt.
939 5745 1094 5801 Enrr.
1127 5745 1369 5803 Pnaoc.

1435 5492 1482 5524 ”
1521 5489 1709 5546 Matth.
1746 5505 1870 5555 xxv,
1903 5490 1997 5556 Si,
2030 5487 2122 5543 23.
2195 5488 2242 5521 θ’
2281 5487 2467 5542 Matth.
2507 5501 2567 5552 tt,
2601 5485 2689 5540 16.

1899 5607 2108 5679 (5255)
2137 5605 2528 5669 Tertullianus,
2565 5603 2876 5672 Scorpiace;
2923 5605 2997 5661 cf.
3059 5605 3348 5679 llieronyr’
3381 5642 3399 5671 ,

1828 5678 1881 5732 in
1915 5677 2110 5731 Matth.
2152 5693 2204 5731 ο.
2237 5693 2394 5730 xxut.

1901 5747 2012 5820 (54)
2055 5746 2211 5818 Reg.,
2233 5746 2334 5799 οὐκ
2361 5743 2783 5818 ἀποθνήσκουσι.
