3870 6208
542 322 674 383 1071

1667 328 1722 385 S.
1765 323 2228 392 ATHANASIUS.
2264 367 2337 378 —
2377 336 2645 394 SPURIA.

3637 343 3764 400 ιυτε

541 439 938 499 insanabilibus
974 439 1176 511 subjici
1227 442 1458 508 morbis.
1486 458 1586 499 vos
1615 460 1744 500 vero
1781 447 2077 502 victorioso

2204 451 2301 522 δην
2335 455 2705 528 ὑποϐληθῆναι
2735 459 2844 522 τοῖς
2883 459 3038 513 ἐννέα
3072 460 3312 526 ἀνιάτοις
3350 460 3597 527 πάθεσιν,
3631 462 3768 532 ὑμᾶς

537 551 659 592 rum
694 543 996 606 martyrum
1027 535 1258 591 ~choreis
1303 537 1673 604 annumerari,
1698 553 1823 594 cum
1853 539 1989 610 ipsis
2025 542 2107 597 vi-

537 627 725 684 ctoria:
761 642 988 683 carmen
1017 628 1416 685 modulaturos.

605 719 660 774 8.
701 719 955 774 Omnium
996 727 1274 790 postrema
1322 720 1630 791 ingreditur
1665 719 1909 778 Ecclesia
1933 761 1948 788 ,
1982 738 2106 794 quae

536 809 792 880 abnegari
843 825 952 863 non
989 817 1212 880 potest;
1266 825 1430 880 quam
1460 812 1812 882 conspicatus
1847 811 2106 884 Unigeni—

533 909 624 956 tus
655 902 731 954 ait
766 920 779 956 :
814 899 896 955 Tu
938 916 1068 956 vero
1101 898 1233 971 quid
1267 900 1456 967 habes,
1487 915 1690 971 sponsa
1732 916 1874 966 mea,
1909 905 2104 958 imma-

532 994 714 1049 culata
762 993 894 1058 ﬁlia,
952 993 1277 1047 intemerata
1335 992 1534 1062 virgo?
1583 991 1722 1046 Tum
1777 991 2025 1048 Ecclesia
2081 1009 2095 1046 :

531 1081 815 1138 Erumnis
863 1096 1101 1153 premor,
1134 1095 1305 1153 quare
1351 1096 1504 1150 rogo,
1541 1099 1560 1133 ι
1600 1080 1814 1151 Judica,
1845 1081 2097 1151 Domine,

531 1186 790 1231 nocentes
835 1189 944 1238 me,
987 1189 1241 1244 expugna
1285 1174 1667 1244 impugnantes
1721 1189 1808 1230 me
1839 1175 1881 1228 ⁸.
1930 1193 1950 1226 ι
1996 1175 2099 1230 Cui

528 1267 855 1339 Unigenitus
893 1284 906 1321 :
953 1263 1137 1336 Ecqua
1170 1264 1238 1320 de
1271 1279 1440 1321 causa
1489 1265 1870 1336 impugnatis?
1919 1265 2098 1323 Dicito

530 1360 668 1416 mihi
704 1366 758 1414 et
794 1357 1094 1414 declarato.
1139 1340 1454 1428 lmpughor,
1486 1357 1665 1428 inquit
1691 1356 1958 1425 Ecclesia,
1991 1357 2098 1414 Do-

525 1453 695 1519 mine,
720 1451 794 1507 ob
819 1457 1068 1507 exactam
1111 1450 1550 1520 evangelicorum
1594 1449 1911 1520 dogmatum
1953 1452 2096 1507 veri.

523 1551 728 1608 tatem,
793 1547 962 1612 atque
1025 1539 1449 1595 celebrationem
1503 1539 1618 1595 veri
1678 1545 1733 1595 et
1795 1541 2094 1598 immobilis

521 1631 808 1687 Pascbatis
866 1648 881 1685 :
935 1635 992 1684 et
1040 1628 1113 1684 ob
1157 1629 1523 1684 venerandam
1569 1644 1636 1685 ac
1685 1631 2091 1686 immaculatam

519 1730 670 1776 tuam
714 1719 1031 1791 imaginem,
1063 1734 1228 1788 quam
1261 1718 1454 1774 deiferi
1486 1719 1620 1774 mihi
1656 1721 1893 1792 apostoli
1919 1723 2091 1776 tradi-

2205 543 2263 596 δὲ
2287 549 2653 620 καταταγῆναι
2677 552 2735 604 ἐν
2753 553 2874 614 ταῖς
2898 553 3138 624 χορείαις
3161 554 3274 607 τῶν
3296 553 3608 625 ἀθλοφὸρων
3636 572 3767 627 μαρ-

2202 635 2403 708 τύρων,
2440 639 2794 707 κελαδοῦντας
2822 645 2939 714 μετ’
2971 644 3151 698 αὑτῶν
3188 645 3278 698 τὸν
3303 645 3565 699 ἐπινίκιον
3586 644 3763 715 ὕμνον.

2274 727 2327 781 8.
2369 729 2685 784 Τελευταῖον
2706 731 2762 784 δέ
2791 733 3005 788 πάντων
3032 735 3334 806 εἰσέρχεται
3363 736 3512 806 καὶὴ
3544 737 3765 805 ἀνεξάρ-

2204 833 2361 888 νητος
2405 821 2719 892 Ἐκκλησία,
2767 825 2833 894 ἣν
2875 825 2970 878 καὶ
3014 825 3349 896 θεασάμενος
3391 827 3421 878 ό
3465 827 3766 898 Μονογενὴς

2201 909 2368 980 λέγει·
2406 913 2478 966 Σὺ
2498 913 2553 966 δὲ
2589 914 2642 967 τί
2684 915 2847 986 ἔχεις,
2882 919 2915 988 ή
2963 917 3070 988 ἐμὴ
3116 919 3298 989 νύμφη
3342 919 3437 972 καὶ
3479 921 3513 990 ἡ
3559 919 3768 990 ἀμύσα-

2201 1016 2328 1067 κτος
2355 1003 2466 1074 (55)
2507 1005 2666 1077 κόρη,
2714 1008 2808 1061 καὶ
2840 1009 2872 1080 ή
2913 1009 3243 1080 ἀκηλίδωτος
3277 1009 3572 1081 παρθένοςς
3619 1012 3682 1064 Ἦ
3713 1011 3768 1064 δέ

2215 1094 2509 1164 Ἐκκλησία
2528 1113 2542 1127 ⁸
2561 1097 2868 1170 Λυποῦμαι,
2895 1099 2961 1154 δι’
2977 1099 3005 1153 ὅ
3021 1101 3114 1153 καί
3139 1118 3301 1172 φημι·
3336 1121 3354 1153 ι
3377 1101 3627 1166 Δίκασον,
3656 1103 3769 1155 Κύ-

2201 1200 2305 1254 ριε,
2339 1187 2465 1248 τοὺς
2497 1186 2815 1250 ἀδικοῦντάς
2843 1205 2932 1259 με,
2968 1190 3276 1261 πολέμησον
3312 1192 3439 1255 τοὺς
3468 1191 3767 1262 πολεμοῦν-

2195 1274 2294 1337 τάς
2329 1291 2416 1345 με.
2449 1295 2468 1328 ι
2519 1277 2578 1330 Ὀ
2622 1276 2680 1330 δὲ
2711 1279 3048 1350 Μονογενής·
3084 1282 3194 1334 Kal
3231 1281 3319 1335 διὰ
3357 1283 3408 1335 τί
3449 1284 3764 1354 πολεμήσῃς

2193 1363 2333 1432 Λέγε
2375 1365 2469 1418 καὶ
2505 1367 2847 1437 φανεροποίει
2882 1369 2981 1440 τὴν
3015 1370 3210 1423 αἰτίαν.
3255 1372 3320 1424 Ἠ
3352 1372 3408 1425 δέ
3451 1373 3764 1444 Ἐκκλησίαο

2192 1451 2559 1523 Πολεμοῦμαι,
2579 1454 2842 1522 Δέσποτα,
2870 1457 2958 1510 διὰ
2978 1457 3074 1529 τὴν
3097 1459 3380 1530 ἀκρίϐειαν
3408 1462 3514 1514 τῶν
3539 1465 3768 1531 εὐαγγε-

2191 1540 2356 1596 λικῶν
2384 1543 2690 1614 δογμάτων,
2739 1547 2834 1600 καὶ¹
2871 1548 2970 1620 τὴν
3011 1551 3227 1620 ποίησιν
3265 1551 3359 1604 τοῦ
3388 1553 3643 1623 ἀληθινοῦ
3674 1555 3769 1607 καὶ

2191 1631 2407 1702 βεϐαίου
2431 1634 2642 1704 Πάσχα,
2667 1637 2759 1689 καὶ
2780 1637 2867 1691 διὰ
2891 1637 2990 1709 τὴν
3016 1640 3219 1710 σεπτὴν
3253 1641 3347 1692 καὶ
3372 1641 3640 1713 ἄχραντόν
3669 1661 3765 1697 σου

2188 1721 2390 1786 εἰκόνα,
2441 1723 2510 1792 ἦν
2565 1741 2656 1794 μοι
2699 1726 3022 1797 παρέδωκαν
3075 1729 3125 1781 οἱ
3181 1729 3424 1801 θεοφόροι
3477 1731 3770 1787 ἀπόστολοι

518 1811 737 1878 derunt,
765 1820 826 1868 ut
853 1826 973 1868 eam
1001 1823 1361 1876 asservarem,
1399 1812 1564 1866 veluti
1591 1813 1898 1884 exemplum
1923 1821 2077 1885 atque

2189 1815 2437 1885 κατέχειν
2477 1815 2645 1888 αὑτὴν
2683 1818 2764 1880 εἰς
2800 1818 3161 1889 ὑπογραμμὸν
3187 1819 3296 1889 (56)
3340 1822 3430 1874 καὶ
3467 1823 3770 1893 ἀρραϐῶνα

517 1908 716 1979 pignus
746 1913 854 1960 tua;
875 1904 931 1959 in
959 1917 1125 1958 carne
1155 1903 1498 1958 oeconomiae.
1541 1902 1679 1958 Tum
1713 1902 2039 1976 Unigenitus
2071 1925 2085 1961 :

516 1999 668 2054 Licet
687 2013 753 2055 ea
780 1997 848 2053 de
876 2009 1046 2052 causa
1080 1994 1438 2066 impugneris,
1470 2010 1539 2051 ne
1567 1995 1809 2053 animum
1847 1997 2086 2070 despon-

515 2091 666 2156 deas,
688 2103 792 2146 nec
836 2097 1018 2146 mente
1055 2095 1150 2143 aut
1189 2088 1374 2142 animo
1403 2087 1718 2158 defatigere.
1762 2088 1900 2144 illud
1936 2091 2082 2145 enim

513 2181 864 2240 manifestum
889 2188 993 2246 est,
1033 2181 1264 2245 scilicet,
1299 2180 1395 2250 qui
1439 2178 1671 2245 Pascha,
1702 2187 1795 2234 aut
1821 2181 2084 2236 immacu-

512 2275 680 2330 latam
724 2289 899 2330 meam
945 2274 1234 2345 imaginem
1277 2273 1640 2344 abnegaverit,
1681 2280 1735 2329 et
1776 2288 1876 2346 ego
1916 2274 2084 2330 abne-

510 2366 649 2438 gabo
679 2380 802 2420 eum
835 2379 1021 2422 coram
1049 2364 1262 2421 caelesti
1291 2363 1629 2444 Patre.meo,
1661 2373 1714 2421 et
1741 2367 1930 2422 electis
1960 2367 2081 2438 ejus

510 2455 739 2526 angelis.
768 2453 874 2522 Qui
917 2471 1047 2511 vero
1092 2461 1286 2509 contra
1333 2470 1546 2510 mecum
1598 2470 1706 2510 una
1757 2457 1963 2527 patitur
2010 2458 2081 2514 ob

508 2545 755 2612 Pascha,
794 2548 844 2604 is
885 2546 1410 2617 congloriﬁcabitur.
1459 2547 1655 2602 Annon
1703 2548 1905 2604 audisti
1948 2549 2079 2620 quid

508 2639 852 2710 praeceperim
899 2637 1197 2709 legislatori
1241 2637 1446 2710 Moysi:
1481 2636 1588 2694 Fac
1621 2638 1751 2694 mihi
1795 2639 1904 2694 duo
1950 2641 2080 2697 che-

505 2731 687 2786 rubim
727 2730 781 2784 in
812 2730 1166 2784 tabernaculo
1219 2729 1518 2784 testimonii
1562 2731 1606 2794 ¹,
1647 2729 1713 2784 ad
1758 2732 2078 2802 praesignifi-

504 2821 733 2876 candam
794 2821 1083 2892 imaginem
1137 2821 1472 2875 meam?Et
1533 2838 1750 2878 rursum
1806 2839 1930 2878 cum
1989 2840 2077 2879 me

503 2918 777 2967 tentarent
814 2910 986 2965 ιιιιάιεί
1016 2911 1262 2966 dicentes
1301 2931 1314 2966 :
1352 2929 1371 2962 ι
1398 2911 1681 2984 Magister,
1715 2913 1911 2969 licetne
1944 2929 2077 2969 cen-

505 3018 626 3056 sum
641 3001 771 3057 dare
798 3001 1023 3068 Caasari,
1060 3017 1131 3056 an
1165 3017 1270 3056 non
1296 3003 1320 3057 ?
1357 3021 1376 3056 ι
1403 3002 1650 3058 dicebam
1683 3012 1863 3058 autem
1892 3005 2026 3075 ipsis
2057 3025 2070 3060 :

508 3112 527 3144 ι
561 3093 844 3148 Ostendite
871 3093 1005 3147 mihi
1037 3093 1332 3158 numisma,
1367 3112 1386 3145 ι
1415 3101 1470 3148 et
1500 3094 1676 3148 dicam
1703 3096 1877 3151 vobis.
1904 3096 1972 3151 At
1997 3097 2074 3151 illi

2185 1904 2287 1975 τῆς
2333 1905 2599 1978 ἐνσάρκου
2643 1908 2952 1979 οἰκονομίας
3002 1926 3116 1964 σου.
3161 1909 3217 1964 '0
3249 1910 3304 1964 δέ
3335 1913 3670 1984 Μονογενής·
3705 1916 3772 1967 Εἰ

2186 1997 2280 2050 καὶ
2299 1997 2385 2050 διὰ
2409 1997 2565 2051 τοῦτο
2589 1998 2891 2071 πολεμήσῃ,
2921 1998 2996 2069 μὴ
3011 1999 3296 2075 ἁθυμήσῃς
3320 2003 3675 2074 ῆ’ἀποκάμῃς
3699 2007 3768 2075 τῇ

2184 2089 2409 2160 διανοίᾳ,
2432 2089 2465 2160 ἢ
2493 2089 2570 2160 τῷ
2593 2089 2857 2160 λογισμῷ.
2902 2090 3030 2144 Ἰδοὺ
3053 2091 3160 2161 γὰρ
3186 2093 3390 2160 σαφῶς,
3413 2094 3495 2146 ὅτι
3524 2096 3553 2147 ὁ
3583 2097 3773 2166 ἀπαρ-

2185 2179 2440 2250 νούμενος
2469 2179 2532 2233 τὸ
2563 2180 2755 2251 Πάσχα
2805 2180 2898 2234 καὶ
2943 2180 3042 2252 τὴν
3088 2182 3352 2253 άχραντόν
3399 2201 3501 2254 μου
3553 2186 3770 2249 εἰκόνα,

2183 2268 2338 2338 κάγὼ
2363 2269 2524 2324 αὑτὸν
2551 2272 2938 2343 ἀπαρνήσομαι
2972 2272 3277 2343 ἔμπροσθεν
3311 2274 3404 2326 τοῦ
3434 2276 3769 2346 ἐπουρανίου

2186 2377 2285 2430 μου
2316 2361 2547 2432 Ι-Ιατρὸς,
2596 2361 2690 2415 καὶ
2731 2362 2840 2416 τῶν
2880 2361 3151 2417 ἐκλεκτῶν
3188 2363 3352 2418 αὑτοῦ
3385 2365 3656 2433 ἀγγέλων.
3709 2367 3771 2421 Ὁ

2178 2450 2237 2504 δέ
2262 2451 2422 2505 πάλιν
2452 2455 2786 2524 συμπάσχων
2807 2471 2895 2525 μοι
2914 2453 3001 2508 διὰ
3021 2454 3343 2526 τοῦ³Πάσχα,
3374 2456 3470 2508 καὶ
3500 2457 3770 2524 συνδοξά-

2181 2561 2351 2597 σεται.
2389 2545 2459 2596 Ἦ
2490 2545 2588 2598 οὐκ
2618 2547 2851 2616 ἤκουσας
2889 2545 2950 2599 τὸ
2971 2585 2985 2609 ,
3033 2547 3088 2600 τί
3132 2546 3460 2618 διεταξάμην
3492 2549 3570 2619 τῷ
3596 2565 3771 2620 νομο-

2179 2633 2307 2704 θέτῃ
2338 2635 2508 2705 Μωσῇ
2529 2650 2546 2666 ·
2580 2635 2809 2706 Ποίησόν
2843 2653 2933 2706 μοι
2967 2635 3060 2689 δύο
3089 2637 3371 2708 Χερουϐὶμ
3396 2640 3454 2692 ἐν
3481 2641 3548 2710 τῇ
3581 2643 3768 2711 σκηνῇ

2176 2725 2270 2778 τοῦ
2299 2726 2615 2798 μαρτυρίου,
2644 2728 2724 2792 είς
2750 2729 3088 2800 προμήνυσιν
3105 2731 3214 2801 (57)
3228 2731 3325 2802 τῆς
3341 2732 3482 2803 ἐμῆς
3511 2734 3768 2798 εῖκόνος;

2178 2815 2288 2868 Καὶ
2321 2816 2502 2880 πάλιν,
2533 2817 2623 2869 ὅτε
2666 2833 2735 2888 με
2768 2817 3054 2889 ἐπείραζον
3086 2821 3137 2872 οἱ
3196 2821 3435 2873 Ἰουδαῖοι
3480 2821 3764 2890 λέγοντες·

2181 2925 2201 2958 ι
2239 2907 2554 2973 Διδάσκαλε,
2579 2907 2785 2974 ἔξεστιν
2808 2911 2941 2980 ἡμῖν
2960 2909 3127 2963 δῶσαι
3153 2910 3352 2980 κῆνσον
3375 2911 3452 2981 τῷ
3484 2913 3767 2983 Καίσαρι,

2176 2997 2209 3069 ἢ
2248 2997 2341 3066 οὑ;
2381 3018 2399 3051 ι
2449 2995 2601 3053 εἷπον
2640 2999 2698 3052 δὲ
2740 2999 2876 3072 πρὸς
2921 3000 3136 3064 αὑτούς·
3203 3020 3223 3052 ι
3270 3000 3615 3068 ’Υποδείξατέ
3668 3021 3772 3073 μοι

2174 3089 2439 3160 νόμισμα,
2477 3107 2497 3142 ι
2544 3091 2638 3144 καὶ
2679 3090 2822 3160 λέγω
2866 3091 3014 3161 ὑμῖν·
3066 3092 3128 3145 Οἱ
3174 3091 3233 3145 δὲ
3282 3094 3618 3163 προσέφερόν
3669 3112 3771 3164 μοι

503 3185 819 3240 obtulerunt
847 3185 980 3239 mihi
1016 3185 1324 3248 denarium,
1364 3185 1586 3256 dixique
1634 3187 1788 3255 illis;
1836 3206 1855 3240 ι
1901 3188 2075 3258 Cujus

2188 3179 2444 3250 Ξηνάριον·
2475 3181 2570 3235 καὶ
2599 3182 2740 3250 λέγω
2766 3181 2900 3252 πρὸς
2928 3181 3143 3246 αὑτούς·
3176 3201 3197 3234 ι
3227 3183 3384 3247 Τίνος
3421 3182 3584 3236 εἰκὼν
3611 3185 3771 3255 αὕτη

500 3287 589 3332 est
636 3276 817 3348 imago
863 3276 978 3331 haec
1025 3285 1080 3332 et
1118 3277 1553 3347 superscriptio?
1607 3296 1626 3330 ›
1678 3277 1876 3334 Dicunt
1920 3280 1998 3334 illi
2055 3297 2069 3332 :

507 3385 525 3416 ‹
566 3366 802 3422 Caesaris
831 3385 846 3420 :
883 3385 903 3419 ι
932 3375 986 3422 et
1009 3367 1266 3437 respondi
1289 3366 1396 3422 illis
1429 3385 1442 3421 :
1484 3385 1502 3418 ι
1536 3365 1770 3425 Reddite
1799 3384 1928 3440 ergo
1955 3387 2074 3440 qum

502 3467 630 3513 sunt
671 3457 924 3523 Caesaris,
970 3458 1196 3523 Caesari,
1234 3467 1290 3514 et
1331 3472 1452 3529 quae
1502 3467 1631 3515 sunt
1677 3458 1792 3528 Dei,
1827 3460 1940 3517 Deo
1972 3461 2014 3514 ³.
2047 3481 2066 3515 ι

501 3548 568 3602 Et
592 3564 808 3604 rursum
845 3548 913 3603 ad
955 3547 1176 3604 Petrum
1225 3568 1238 3604 :
1283 3567 1302 3600 ι
1346 3548 1492 3606 Vade
1525 3550 1594 3604 ad
1639 3566 1808 3617 mare,
1842 3560 1896 3606 et
1922 3553 2075 3609 mitte

502 3642 721 3695 hamum
762 3649 940 3706 tuum,
987 3650 1040 3696 et
1080 3657 1204 3696 eum
1237 3643 1446 3712 piscem
1493 3643 1587 3714 qui
1625 3643 1838 3714 primus
1879 3659 2073 3700 ascen-

499 3732 662 3798 derit,
701 3732 854 3804 aperi
891 3748 956 3788 os
982 3733 1124 3802 ejus,
1147 3741 1201 3788 et
1236 3734 1478 3788 invenies
1507 3741 1790 3802 staterem;
1820 3735 1884 3790 .la
1918 3736 2070 3790 illum

500 3835 596 3890 pro
631 3837 720 3878 me
761 3829 815 3878 et
847 3837 946 3892 pro
979 3831 1032 3878 te
1061 3824 1102 3878 ⁸.
1139 3842 1156 3874 ι
1194 3822 1309 3877 Hoc
1349 3832 1431 3879 est
1460 3825 1527 3879 da
1559 3825 1763 3880 mundo
1801 3842 1976 3882 meam
2015 3833 2069 3881 et

498 3917 648 3962 tuam
677 3909 989 3980 imaginem.
1043 3909 1234 3966 Nonne
1282 3913 1486 3967 audisti
1539 3914 1866 3969 monitorem
1912 3923 2069 3972 tuum

495 3998 724 4055 Paulum
769 4001 1039 4058 dicentem
1075 4019 1088 4056 :
1127 4021 1146 4055 ι
1187 4003 1245 4058 Si
1283 4013 1464 4060 tamen
1501 4006 1884 4076 compatimur,
1925 4014 1986 4062 ut
2014 4016 2069 4063 et

495 4090 966 4160 congloriﬁcemur
997 4092 1062 4145 5?
1106 4111 1125 4144 ι
1175 4089 1242 4145 Ει
1293 4091 1363 4146 ad
1403 4092 1762 4148 Athenienses
1813 4111 1828 4148 :
1885 4109 1904 4144 ι
1964 4091 2068 4147 Ρει·

493 4183 677 4235 omnia
704 4183 860 4253 quasi
889 4182 1386 4252 superstitiosiores
1408 4197 1506 4237 vos
1538 4181 1715 4238 video.
1741 4181 2066 4240 Praeterieris

493 4271 639 4325 enim
688 4279 742 4326 et
780 4270 972 4328 videns
1007 4272 1302 4327 simulacra
1344 4278 1550 4338 vestra,
1596 4271 1778 4326 inveni
1821 4278 1875 4326 et
1912 4286 2065 4325 aram

495 4363 834 4435 inscriptam,
866 4363 1056 4436 Ignoto
1086 4365 1198 4420 Deo
1230 4383 1242 4420 :
1271 4379 1431 4435 quem
1458 4379 1588 4434 ergo
1620 4380 1717 4420 vos
1749 4365 2062 4435 ignorantes

492 4458 693 4524 colitis,
739 4458 884 4512 hunc
940 4473 1040 4529 ego
1081 4459 1344 4512 annuntio
1377 4458 1533 4512 vobis
1567 4457 1608 4510 ⁸.
1646 4475 1665 4508 ι
1700 4455 1764 4509 Et
1797 4457 1864 4510 ad
1902 4456 2063 4511 Gala-

491 4557 574 4602 tas
607 4565 620 4601 :
662 4565 681 4599 ι
719 4546 764 4602 0
798 4547 1062 4603 insensati
1097 4545 1318 4613 Galatae,
1354 4546 1478 4617 quis
1504 4560 1599 4601 vos
1633 4544 1922 4600 fascinavit
1953 4560 2062 4600 non

489 4637 711 4693 obedire
741 4639 980 4704 veritati,
1007 4647 1133 4693 ante
1156 4653 1387 4708 quorum
1411 4637 1602 4692 oculos
1621 4635 1784 4692 Jesus
1807 4635 2060 4692 Christus

489 4730 840 4799 praescriptus
881 4738 983 4797 est,
1024 4737 1189 4799 atque
1221 4726 1516 4782 cruciﬁxus
1542 4727 1607 4780 "?
1659 4743 1678 4778 ι
1732 4725 1796 4780 Ει
1841 4725 1909 4780 ad
1953 4725 2060 4781 Co-

487 4819 724 4876 rinthios
758 4839 772 4876 :
824 4837 844 4872 ι
883 4818 941 4875 Si
968 4822 1092 4891 quis
1125 4835 1236 4874 non
1272 4819 1462 4874 adorat
1485 4817 1778 4872 Dominum
1803 4824 2054 4873 nostrum

485 4909 669 4967 Jesum
693 4913 991 4979 Christum,
1026 4913 1119 4982 qui
1152 4911 1300 4968 venit
1323 4910 1380 4965 in
1409 4925 1596 4975 carne,
1636 4910 1710 4966 sit
1739 4910 2052 4976 anathema,

485 5007 806 5059 maranatha
860 5005 902 5058 ⁸.
964 5022 983 5056 ι
1035 5003 1117 5058 Tu
1156 5018 1319 5067 vero,
1367 5017 1569 5073 sponsa
1616 5015 1772 5068 mea,
1833 5001 2055 5057 hortare

485 5094 625 5152 ﬁlios
665 5102 792 5152 tuos
842 5102 901 5150 ut
944 5095 1001 5149 in
1045 5093 1333 5164 praeceptis
1373 5094 1512 5147 meis
1561 5098 1835 5158 maneant,
1875 5107 2053 5162 neque

485 5202 675 5260 regum
727 5189 838 5242 iras
892 5185 1240 5248 reformides,
1287 5191 1380 5238 aut
1426 5181 1605 5237 minas
1666 5188 2047 5254 tyrannorum,

564 5409 582 5440 ¹
625 5405 770 5462 Psal.
805 5423 993 5470 xxxiv,
1031 5407 1084 5460 1.
1161 5406 1182 5436 ¹
1221 5405 1392 5460 Exod.
1424 5419 1553 5466 xxv,
1589 5403 1680 5460 18.

1796 5403 1818 5436 ³
1857 5403 2047 5459 Matth.
2081 5418 2232 5471 xxn,
2267 5406 2454 5462 17-21.

2176 3269 2271 3338 καὶ
2289 3269 2609 3342 ὑπογραφή;
2639 3289 2658 3322 ι
2686 3271 2750 3322 Οἱ
2771 3269 2826 3323 δὲ
2855 3266 3022 3324 εἶπονο
3055 3289 3073 3321 ι
3101 3271 3400 3343 Καίσαρος·
3430 3291 3450 3324 ι
3480 3274 3572 3326 καὶ
3594 3271 3774 3328 εἷπον

2175 3361 2312 3431 πρὸς
2337 3361 2552 3424 αὑτούς·
2585 3381 2606 3413 ‹
2650 3361 2900 3414 Ἀπόδοτε
2931 3358 3024 3416 οὖν
3062 3362 3131 3416 τὰ
3175 3363 3445 3435 Καίσαρος
3483 3365 3562 3434 τῷ
3610 3368 3775 3419 Καί-

2176 3468 2322 3522 σαρι,
2348 3452 2443 3504 καὶ
2470 3452 2539 3506 τὰ
2565 3453 2657 3507 τοῦ
2691 3453 2824 3507 Θεοῦ
2847 3453 2926 3524 τῷ
2958 3453 3094 3526 Θεῷ.
3131 3474 3149 3508 ι
3184 3457 3295 3509 Kal
3317 3456 3474 3510 πάλιν
3499 3458 3642 3529 πρὸς
3665 3461 3778 3513 τὸν

2173 3543 2396 3614 Πέτρον’
2429 3563 2448 3595 ι
2494 3545 2752 3616 Πορεύου,
2796 3545 2958 3615 βάλλε
2987 3546 3283 3618 ἄγκιστρον
3309 3549 3388 3608 εἰς
3419 3549 3517 3620 τὴν
3549 3549 3780 3603 θάλασ-

2173 3649 2292 3698 σαν,
2325 3634 2419 3687 καὶ
2449 3635 2540 3689 τὸν
2580 3637 2732 3706 ίχθὺν
2771 3637 2864 3690 τὸν
2906 3637 3096 3706 ἔχοντα
3139 3638 3401 3706 ἀνελθεῖν,
3437 3639 3658 3706 ἄνοιξον
3701 3645 3779 3695 τὸ

2173 3725 2346 3796 στόμα
2361 3725 2544 3790 αὑτοῦ,
2568 3726 2660 3780 καὶ
2678 3727 2928 3798 εὑρήσεις
2946 3729 3208 3799 στατῆραο
3236 3728 3322 3793 δὸς
3345 3730 3463 3783 ἀντὶ
3487 3731 3626 3801 ἐμοῦ
3662 3735 3776 3785 καὶ

2172 3817 2287 3872 σοῦ.
2302 3837 2321 3870 ι
2342 3820 2617 3887 Τουτέστι,
2645 3820 2734 3884 δὸς
2757 3821 2853 3892 τὴν
2874 3822 3060 3876 είκόνα
3077 3823 3175 3894 τὴν
3201 3824 3338 3894 ἐμὴν
3361 3827 3453 3877 καὶ
3473 3824 3571 3894 σὴν
3599 3827 3662 3878 ἐν
3679 3826 3777 3896 τῷ

2169 3909 2376 3980 κόσμῳ.
2411 3912 2482 3963 ’Ἡ
2519 3913 2619 3964 οὑκ
2661 3913 2898 3982 ἤκουσας
2930 3913 3024 3967 τοῦ
3069 3915 3370 3985 μνήστορός
3400 3932 3494 3968 σου
3529 3917 3770 3970 Παύλου

2167 3996 2433 4068 λέγοντος·
2473 4018 2492 4050 ι
2526 4001 2589 4053 Εἰ
2635 4000 3050 4072 συμπάσχομεν,
3103 4003 3191 4056 ἵνα
3239 4005 3334 4056 καὶ
3377 4004 3774 4070 συνδοξασθῶ-

2170 4107 2305 4161 μεν;
2343 4109 2361 4140 ι
2391 4091 2484 4144 καὶ
2521 4091 2658 4161 πρὸς
2698 4092 3030 4162 Ἀθηναίους·
3067 4112 3085 4144 ι
3123 4094 3276 4148 Κατὰ
3315 4096 3491 4149 πάντα
3523 4096 3600 4160 ὡς
3633 4098 3773 4151 65:-

2168 4180 2666 4252 σιδαιμονεστέρους
2685 4182 2829 4252 ὑμᾶς
2859 4182 3069 4253 θεωρῶ.
3102 4183 3532 4255 Περιερχόμενος
3557 4188 3629 4240 τὰ
3655 4205 3777 4243 σε·-

2166 4264 2418 4338 ϐάσμὰτα
2439 4269 2612 4339 ὑμῶν,
2637 4271 2693 4323 ἐν
2725 4265 2769 4338 ᾧ
2794 4271 2974 4342 βωμὸν
2997 4268 3152 4344 εὗρον
3169 4279 3186 4295 ‘
3203 4274 3503 4344 γράφοντα·
3542 4279 3781 4345 Ἀγνὼ-

2167 4375 2275 4428 στῳ
2304 4360 2441 4431 Θεῷ·
2469 4363 2563 4416 καὶ
2591 4363 2650 4418 ὃν
2681 4366 2840 4436 ὑμεῖς
2871 4367 3188 4435 ἀγνοοῦντες
3226 4370 3524 4435 εὐσεϐεῖτε,
3554 4373 3776 4428 τοῦτον

2164 4448 2292 4518 ὑμῖν
2330 4454 2704 4521 καταγγέλλω.
2728 4476 2745 4508 ι
2764 4458 2874 4510 Καὶ
2907 4457 3043 4527 πρὸς
3078 4457 3338 4522 Γαλάτας·
3383 4479 3402 4512 ι
3424 4458 3495 4514 Ὦ
3523 4463 3774 4534 ἀνόητοι

2095 4527 2138 4582 Ῑ)
2165 4541 2423 4608 Γαλάται,
2456 4544 2539 4607 τίς
2568 4545 2710 4615 ὑμᾶς
2753 4547 3050 4602 ἐϐάσκανεν
3093 4548 3165 4619 μὴ
3200 4549 3484 4604 πείθεσθαι
3513 4557 3579 4623 τῇ
3608 4527 3777 4627 άλη-

2167 4631 2287 4704 θείᾳ
2306 4675 2321 4699 ,
2345 4629 2425 4699 οἷς
2447 4637 2566 4689 κατ’
2591 4637 2900 4710 ὀφθαλμοὺς
2933 4640 3136 4709 Ἰησοῦς
3159 4642 3394 4712 Χριστὸς
3418 4647 3775 4720 προεγράφη

2165 4724 2224 4777 ἐν
2258 4726 2403 4795 ὑμῖν,
2445 4727 2538 4780 καὶ
2581 4729 2736 4782 τοῦτο
2780 4730 3270 4801 ἐσταυρωμένοςςι
3308 4734 3421 4787 Καὶ
3453 4737 3590 4808 πρὸς
3632 4739 3780 4792 K9-

2164 4817 2419 4889 ρινθίους·
2455 4836 2473 4869 ι
2503 4819 2572 4871 Εἴ
2591 4837 2674 4883 τις
2703 4820 2762 4873 οὑ
2793 4824 3086 4892 προσκυνεῖ
3103 4822 3192 4875 τὸν
3213 4823 3417 4893 Κύριον
3441 4828 3597 4897 ἡμῶν
3641 4829 3784 4902 Ἰη..

2162 4907 2288 4962 σοῦν
2320 4909 2552 4980 Χριστὸν
2584 4909 2872 4982 ἐληλυθότα
2896 4913 2954 4965 ἐν
2986 4913 3168 4984 σαρκὶ,
3199 4913 3314 4982 ἔχει
3342 4919 3528 4987 μαρὰν
3551 4918 3663 4973 ἀθὰ
3698 4926 3783 4978 τὸ

2159 5000 2421 5070 ἀνάθεμα.
2446 5019 2464 5052 ι
2487 5002 2557 5053 Σὺ
2585 5001 2662 5065 δὲ,
2683 5001 2833 5073 ὴέμὴ
2857 5003 3063 5074 νύμφη,
3092 5003 3330 5058 νουθέτει
3359 5007 3429 5060 τὰ
3451 5007 3614 5061 τέκνα
3647 5027 3778 5065 σου

2157 5091 2413 5161 ἐμμένειν
2443 5095 2557 5155 τοῖς
2587 5092 2740 5164 ἐμοῖς
2770 5094 3175 5165 προστάγμασι,
3216 5098 3309 5150 καὶ
3354 5098 3430 5170 μὴ
3462 5100 3779 5175 δειλιάτῃς

2157 5182 2360 5253 θυμοὺς
2383 5182 2662 5253 βασιλέων,
2693 5183 2725 5255 ἢ
2749 5185 2985 5249 ’ἀπειλὰς
3013 5188 3311 5259 τυράννων,
3340 5191 3377 5262 ἢ
3410 5196 3779 5263 φρυαγμοὶις

2562 5409 2586 5439 δ
2621 5406 2809 5463 Matth.
2849 5425 2986 5479 xvu,
3019 5410 3107 5467 26.
3212 5415 3236 5446 ⁸
3273 5413 3432 5471 Rom.
3473 5434 3604 5485 νιιι,
3655 5423 3783 5489 17.

486 5476 508 5508 ⁸
545 5478 664 5532 Act.
701 5493 834 5544 xvu,
869 5477 968 5543 22,
1001 5477 1094 5532 25.
1168 5477 1188 5506 ⁷
1226 5476 1404 5531 Galat.
1441 5491 1535 5540 ιιι,
1563 5475 1624 5529 ‘l.
1699 5476 1722 5508 ⁸
1761 5475 1779 5529 l
1809 5475 1938 5532 Cor.
1973 5490 2064 5531 xv:

562 5657 672 5728 (55)
711 5656 789 5728 ita
819 5655 952 5728 ᾖξε.
972 5656 1120 5728 -Ειιὶῑί
1153 5672 1300 5719 vero,
1323 5661 1356 5728 ἠ
1383 5658 1680 5728 ἐμυσαχθή.

562 5725 674 5795 (56)
712 5725 788 5780 lta
815 5725 948 5798 Reg.
972 5726 1114 5782 Editi
1136 5743 1286 5794 vero,
1318 5725 1678 5800 ὑπόγραμμα.

2227 5656 2339 5728 (57)
2377 5656 2532 5731 Reg.,
2566 5660 2951 5732 προσκύνησιν.
