3870 6208
171 373 315 429 1073
1270 374 1508 433 SERMO
1545 376 1613 432 1N
1651 376 1976 433 SANCTUM
2014 375 2304 435 PASCHA.
3266 380 3405 439 {07‘

169 490 616 599 alpeatdpxuw:ﬂ
652 492 839 599 πῦρ,ἢ
871 494 1043 599 ξίφ-ος,
1074 496 1107 567 ἢ
1140 495 1329 599 θηρία,
1366 498 1398 569 ἢ
1426 500 1740 569 ἀφαιρέσεις
1768 539 1790 599 ,Α

1843 498 2160 555 fremitusve
2205 496 2716 564 haeresiarcbarum,
2760 504 2855 554 aut
2904 514 3103 571 ignem,
3141 500 3403 572 gladium,

170 580 489 653 χρημάτων,
523 582 556 652 ἢ
585 585 899 654 κτημάτων,
946 585 980 658 ἡ
1021 587 1227 651 οἰκιῶν,
1272 589 1306 660 ἢ
1349 590 1567 659 ὁμοίων.
1609 590 1738 643 Οἴαν
1768 580 1790 599 ί

1846 589 2012 654 feras,
2063 596 2158 643 aut
2212 587 2547 659 direptiones
2605 602 2767 658 opum
2826 589 2914 646 vel
2972 592 3401 661 possessionum,

170 673 280 745 γὰρ
308 676 401 728 καὶ
424 674 664 739 δόξουσιν
688 678 738 729 οἱ
763 678 1075 749 παραϐάται
1098 674 1289 751 ἧτταν,
1324 681 1737 753 ὴττηθήσονται’

1843 679 2199 736 domorumve
2232 686 2326 733 aut
2373 677 2655 733 similium.
2696 677 3087 750 Quamcunque
3115 680 3261 735 enim
3292 681 3402 735 cla-

170 766 266 819 καὶ
297 766 412 819 οἵαν
439 766 631 837 βουλὴν
661 767 1055 838 βουλεύσονται,
1090 770 1199 841 ἐγὼ
1224 772 1571 826 διασκεδάσω·
1596 772 1738 844 ἔχεις

1842 772 1965 827 dem
2011 772 2304 828 decernent
2350 779 2788 841 transgressores
2816 772 2926 836 illi,
2960 772 3202 828 eamdem
3234 772 3403 828 susti-

168 858 279 929 γὰρ
312 860 377 913 ὲκ
416 858 681 930 θεμελίων
717 863 819 933 τὴν
864 863 1096 936 στερρἀ
1142 866 1239 920 καὶ
1282 866 1313 918 τ’
1314 865 1459 918 ὦσαν
1507 864 1733 935 πέτραν.

1841 864 2051 918 nebunt
2101 880 2116 918 :
2170 871 2225 920 et
2264 865 2626 934 quodcunque
2675 864 2961 919 consilium
3015 864 3256 928 inierint,
3302 877 3403 934 ego

181 951 356 1023 ’Δμήν
1843 953 2127 1025 dissipabo
2174 974 2190 1011 :
2241 955 2411 1011 babes
2443 958 2587 1013 enim
2620 972 2653 1011 a
2680 955 3046 1011 fundamentis
3074 955 3284 1010 ﬁrmam
3318 955 3400 1009 vi-

1838 1059 2071 1116 vamque
2100 1050 2331 1115 petram.
2355 1046 2545 1100 Amen.

1012 1319 1079 1375 IN
1119 1318 1303 1377 TRES
1343 1319 1750 1388 SEQUENTES
1786 1320 2115 1377 HOMILIAS
2163 1319 2560 1380 ADMONITIO.

238 1431 400 1502 392
454 1432 583 1487 Tres
634 1443 897 1504 sequentes
940 1437 1172 1493 homilite
1222 1447 1425 1492 tantam
1464 1447 1646 1491 mutuo
1699 1436 1986 1505 pra’ferunt
2034 1436 2159 1507 styli
2208 1437 2531 1508 afﬁnitatem,
2566 1446 2622 1491 ut
2665 1436 2898 1507 ejusdem
2929 1436 3085 1506 plane
3126 1438 3400 1507 scriptoris

166 1538 277 1577 esse
310 1521 604 1577 videantur.
650 1523 719 1577 In
765 1525 1030 1582 codicibus
1086 1544 1244 1597 porro
1280 1528 1593 1599 quibusdam
1645 1527 1939 1581 Athanasio
1994 1528 2350 1593 ascribuntur,
2390 1527 2448 1580 in
2484 1528 2754 1582 nonnullis
2804 1526 3010 1581 Basilio
3060 1525 3398 1584 Seleuciensi.

167 1615 240 1670 Et
303 1617 513 1686 quidem
559 1625 709 1671 tanta
757 1618 840 1673 hic
898 1638 1017 1675 cum
1067 1623 1427 1677 Athanasiano
1477 1622 1614 1693 ston
1672 1624 1902 1677 occurrit
1948 1621 2327 1691 discrepantia,
2384 1634 2442 1680 ut
2490 1624 2724 1696 quisquis
2772 1639 2889 1676 eum
2940 1621 3019 1676 vel
3078 1621 3400 1693 primoribus

166 1705 335 1759 labris
367 1707 618 1777 attigerit,
647 1708 801 1761 hasce
837 1708 919 1763 illi
950 1710 1197 1765 homilias
1226 1710 1534 1779 abjudicare
1567 1710 1700 1764 nihil
1728 1719 2017 1766 cunctetur.
2044 1710 2187 1765 Nam
2216 1714 2271 1766 in
2297 1713 2592 1769 Athanasio
2625 1712 2882 1767 orationis
2909 1726 3069 1781 genus
3090 1711 3209 1781 plus
3228 1700 3399 1765 .habc‘

164 1813 462 1865 nervorum,
490 1800 609 1868 plus
639 1800 853 1869 judicii,
888 1804 1263 1873 gravitatisque
1293 1818 1312 1857 :
1344 1804 1428 1856 hic
1473 1812 1647 1857 autem
1691 1804 1881 1873 stylus,
1911 1803 2117 1873 elegans
2146 1804 2374 1876 quidem,
2407 1805 2496 1859 sed
2534 1803 2769 1876 ﬂosculis
2826 1803 3086 1872 tropisque
3126 1801 3403 1881 rhetoricis

165 1886 467 1942 redundans
503 1904 522 1942 :
560 1891 649 1958 qui
688 1888 893 1945 Basilio
950 1890 1269 1945 Seleuciensi
1302 1893 1500 1946 ascribi
1556 1893 1727 1947 verius
1770 1893 1939 1961 possit
1985 1909 2145 1963 quam
2203 1894 2512 1951 Athanasio.
2559 1893 2679 1949 Huc
2725 1890 2977 1947 accedunt
3024 1908 3169 1947 voces
3218 1892 3399 1945 multa!

164 1979 307 2047 apud
358 1979 710 2035 Athanasium
756 1982 1048 2052 inusitata,
1101 1984 1282 2055 quales
1325 1992 1447 2038 sunt
1482 1983 1614 2050 illw,
1663 1984 1790 2039 dtv'cv

1826 1981 1926 2049 sta,
1978 1993 2027 2038 et
2076 1985 2411 2057 μεταμαθεῖν
2457 2002 2573 2057 pro,
2612 1984 2908 2058 poenitere,
2957 1992 3008 2039 et
3047 1984 3245 2039 similes
3287 1998 3398 2052 per-

163 2076 366 2127 multa.

238 2166 478 2221 Primam
525 2175 701 2222 autem
735 2166 1011 2223 homiliam
1052 2166 1116 2222 de
1150 2164 1414 2223 Paschate
1436 2168 1675 2237 'primum
1707 2166 1870 2222 edidit
1904 2166 1971 2225 P.
2003 2167 2345 2240 Combeﬁsius
2376 2171 2432 2225 in
2470 2170 2723 2226 Auctario
2767 2186 2883 2226 suo.
2918 2168 3160 2226 Secunda
3187 2169 3311 2224 item
3337 2170 3402 2225 dc

162 2260 448 2328 Paschate,
473 2263 529 2317 in
555 2263 782 2317 editione
813 2250 1109 2318 Parisiensi
1147 2264 1273 2317 anni
1302 2262 1441 2318 1627
1483 2262 1626 2318 edita
1657 2270 1756 2330 est,
1781 2279 1911 2317 cura
1937 2272 1987 2318 et
2016 2263 2191 2319 studio
2227 2264 2517 2322 Bolsteinii
2547 2281 2668 2320 cum
2696 2266 3122 2336 interpretatione
3142 2265 3396 2336 ejusdem.

164 2351 359 2408 Postea
386 2370 504 2409 vero
536 2355 859 2410 cmendatior
888 2355 1085 2427 prodiit
1112 2356 1167 2409 in
1191 2355 1446 2409 Auctario
1462 2353 1695 2424 ejusdem
1723 2354 2025 2425 Combeﬁsii
2048 2372 2165 2410 cum
2197 2373 2329 2411 nova
2352 2357 2584 2427 ejusdem
2608 2357 3053 2425 interpretatione.
3090 2355 3300 2423 Tertia,
3335 2355 3400 2409 de

157 2449 478 2503 Ascensione
508 2448 745 2515 Domini,
785 2452 1014 2521 primum
1051 2450 1246 2519 publici
1264 2450 1404 2519 juris
1432 2449 1573 2519 facta
1611 2460 1690 2504 est
1720 2452 1777 2504 in
1817 2450 2042 2509 editione
2079 2451 2514 2519 Commeliniana,
2548 2454 2822 2523 interprete
2845 2449 3052 2508 Joanne
3083 2450 3396 2522 Lampadio,

159 2539 390 2595 secundo
425 2558 553 2596 cusa
601 2542 705 2611 fuit
745 2543 800 2597 in
842 2542 967 2597 edit.
1002 2542 1185 2597 Paris.
1221 2560 1346 2597 ann.
1378 2541 1535 2597 i627.
1572 2541 1809 2596 Tertium
1841 2544 1895 2597 in
1925 2544 2181 2599 Auctario
2209 2544 2508 2616 Combeﬁsii
2537 2544 2859 2601 emendatior
2887 2542 3080 2614 prodiit
3122 2559 3241 2598 cum
3267 2558 3398 2597 nova

157 2631 392 2702 ejusdem
428 2634 729 2707 Combeﬁsii
755 2637 1204 2707 interpretatione.

1248 2841 1386 2896 ΤΟΥ
1419 2842 1510 2895 ΕΝ
1546 2844 1768 2897 ΔΓΙΟΙΣ
1804 2843 2074 2897 ΠΑΤΡΟΣ
2105 2842 2303 2897 ΗΜΩΝ

1462 2959 2094 3052 ΑΘΑΝΑΣΙΟΥ

1239 3110 1485 3164 ΛΟΓΟΣ
1522 3112 1647 3165 ΕΙΣ
1685 3112 1768 3164 ΤΟ
1800 3111 2037 3165 APION
2059 3111 2323 3165 ΠΑΣΧΑ.

1167 3357 1260 3448 S.
1338 3356 1443 3445 P.
1522 3356 1640 3444 N.
1723 3343 2366 3440 ATHANASII

1218 3520 1466 3579 SERMO
1506 3519 1592 3575 ιΝ
1634 3512 1983 3574 SANCTUH
2044 3509 2355 3568 PASCHA.

228 3755 281 3809 1.
316 3755 382 3809 Ei
406 3756 523 3818 ταῖς
551 3753 660 3809 τῶν
697 3755 940 3825 ἀγγέλων
971 3755 1098 3826 ἐνῆν
1126 3755 1262 3826 πρὸς
1293 3755 1353 3809 τὸ
1379 3756 1552 3826 παρὸν
1589 3756 1723 3826 χρή·
1751 3770 1790 3824 Β

1893 3753 1946 3807 1.
1983 3748 2435 3818 Etiamsilinguis
2458 3744 2771 3817 angelorum
2797 3740 3263 3814 inpraesentiarum
3312 3744 3390 3799 uti

152 3847 354 3902 σασθαι
382 3845 665 3915 γλώτταις,
702 3847 752 3899 εί
785 3846 967 3915 φωνὰς
994 3846 1290 3909 ἀθανάτους
1321 3849 1354 3918 ὴ
1384 3846 1489 3899 τῶν
1518 3847 1725 3916 θνητῶν

1831 3845 2018 3900 liceret
2075 3884 2090 3898 .
2149 3839 2364 3896 etiamsi
2421 3836 2824 3892 immortalibus
2875 3835 3123 3890 mortalis
3192 3842 3391 3890 natura

150 3939 425 4009 ἐκτήσατο
476 3937 667 4007 φύσιςο
705 3938 967 4010 ἐτόλμησε
1009 3938 1159 4009 μόλις
1202 3938 1313 4007 (58)
1366 3939 1433 3992 ἂν
1480 3938 1580 4002 τὰς
1625 3940 1727 4010 τῆς

1830 3936 2059 3992 vocibus
2102 3934 2371 3990 instructa
2398 3937 2544 3987 esset
2571 3948 2586 3997 ;
2612 3929 2704 3984 vix
2748 3927 2973 3984 auderet
3008 3928 3132 3985 festi
3157 3928 3393 3999 hujusce

151 4031 349 4101 ἑορτῆς
389 4031 625 4100 ὑμνῆσαι
653 4030 878 4102 δωρεάς.
924 4030 1060 4083 Νυνὶ
1095 4029 1151 4082 δὲ
1187 4028 1400 4098 γλῶττα
1431 4028 1597 4100 θνητὴ
1629 4030 1726 4083 καὶ

1829 4030 1938 4086 diei
1977 4028 2121 4084 dona
2168 4025 2485 4098 praadicare.
2533 4021 2653 4077 Jam
2705 4035 2837 4076 vero
2881 4021 3128 4078 mortalis
3182 4021 3389 4092 lingua,

150 4124 379 4194 πήλινον
405 4122 633 4190 ὄργανον
665 4121 719 4173 τί
745 4121 845 4190 μὲν
873 4120 939 4174 ἂν
963 4122 1124 4183 εἴποι,
1152 4120 1284 4172 τίδὲ
1304 4120 1399 4175 καὶ
1421 4120 1720 4189 φθέγξοιτο,

148 4211 297 4279 ἆπερ
317 4211 351 4280 ὴ
376 4208 638 4280 σύμπασα
658 4210 833 4273 κτίσις
848 4209 1200 4281 ὀμοφωνοῢσα
1217 4210 1353 4280 πρὸς
1369 4210 1522 4276 ἀξίαν
1540 4211 1723 4280 ὑμνεῖν

147 4305 250 4356 οὐκ
288 4302 493 4373 ίσχύει;
533 4302 876 4373 Ὑπερόαίνει
909 4302 1017 4373 γὰρ
1044 4302 1260 4373 ἀληθῶς
1287 4302 1515 4365 κτίσεως
1552 4302 1724 4372 μέτρα

145 4396 217 4449 τὰ
248 4394 399 4465 δῶρα
424 4395 521 4465 τῆς
546 4395 785 4465 χάριτος.
816 4394 1054 4456 Θάνατος
1086 4392 1146 4458 ἐξ
1180 4392 1479 4464 ἀνθρώπων
1507 4392 1724 4447 ἐλαύνε-

145 4498 259 4545 ται,
290 4482 386 4535 καὶ
405 4481 536 4551 ᾅδης
556 4482 653 4552 τὴν
676 4481 907 4552 πολυετῆ
932 4481 1247 4536 δυναστείαν
1272 4481 1603 4536 ἀποτίθεταιο
1630 4482 1723 4535 καὶ

145 4569 306 4636 γένος
352 4568 653 4638 ἀνθρώπων
684 4569 953 4641 ἁμαρτίας
995 4570 1144 4641 νόμῳ
1191 4570 1478 4625 κατάδικον
1514 4573 1580 4641 τῇ
1619 4570 1720 4641 τῆς

144 4661 373 4731 χάριτος
404 4660 580 4732 δωρεᾷ
609 4661 910 4731 βασιλεύειν
932 4661 1259 4717 διδάσκεται.
1292 4664 1403 4734 Τῆς
1431 4663 1610 4717 τοίνυν
1626 4665 1723 4716 Δε-

146 4750 412 4821 σποτικῆς
438 4752 629 4822 ἑορτῆς
655 4755 683 4805 ὁ
703 4752 1091 4823 πρωτοστάτης
1114 4754 1211 4823 μὲν
1237 4754 1336 4824 τῆς
1368 4753 1720 4819 ἀπολαύσεως

144 4840 455 4911 ἄνθρωπος,
494 4843 746 4906 κοινωνὸς
776 4843 834 4896 δὲ
875 4844 976 4914 τῆς
1008 4845 1227 4915 χάριτος
1265 4846 1298 4916 ή
1326 4844 1484 4917 λοιπὴ
1514 4845 1718 4914 γίνεται

143 4935 346 4996 κτίσις.
387 4934 475 4987 Ἐν
503 4934 788 5006 ἀνθρώπου
812 4935 921 5008 γὰρ
959 4940 1137 5007 μορφῇ
1168 4937 1455 5008 σήμερον.ὁ
1483 4936 1580 5007 τῆς
1614 4936 1717 5007 φύ-

145 5040 286 5087 σεως
311 5024 427 5094 (59)
448 5026 806 5081 ἀνεπλάττετο
823 5028 1011 5099 δῆμος.
1036 5028 1190 5081 Οὕτω
1213 5028 1320 5097 γὰρ
1339 5028 1549 5092 Παῦλος
1568 5031 1597 5082 ὁ
1617 5029 1718 5099 τῆς

1830 4122 2036 4177 luteum
2068 4121 2513 4182 instrumentum,
2545 4112 2676 4184 quid
2704 4112 2871 4179 dicat,
2901 4111 3099 4183 quidve
3137 4112 3392 4182 loquatur

1828 4229 1892 4269 ea
1923 4227 2044 4283 quae
2071 4226 2139 4267 ne
2162 4217 2277 4265 tota
2302 4207 2523 4279 quidem
2557 4219 2789 4261 concors
2816 4219 3003 4258 rerum
3031 4209 3250 4267 natura,
3291 4218 3391 4273 pro

1828 4306 1907 4361 rei
1932 4305 2195 4375 dignitate
2214 4302 2504 4357 decantare
2526 4297 2738 4353 valeat?
2764 4294 2986 4350 Naturae
3016 4309 3147 4350 sane
3168 4296 3391 4349 modum

1829 4404 2093 4466 superant
2118 4393 2307 4465 gratia:
2326 4393 2487 4447 dona.
2510 4389 2736 4446 Pellitur
2759 4403 2905 4443 mors
2938 4388 3006 4442 ab
3030 4386 3344 4443 hominibus
3369 4402 3386 4441 :

1828 4489 2025 4542 amittit
2074 4485 2322 4541 infernus
2364 4482 2680 4537 diuturnum
2726 4479 2857 4534 illud
2904 4478 3193 4550 imperium
3240 4497 3254 4533 :
3298 4493 3391 4549 ge-

1827 4593 2041 4648 nusque
2091 4577 2371 4630 hominum
2420 4558 2631 4643 peccati
2678 4572 2796 4643 lege
2835 4570 3175 4635 damnatum,
3204 4569 3390 4641 gratiae

1825 4670 1970 4725 dono
1998 4681 2227 4738 regnare
2273 4666 2521 4721 docetur.
2557 4663 2822 4718 Dominici
2850 4663 3034 4733 itaque
3072 4661 3196 4716 festi
3225 4661 3388 4717 homo

1826 4760 2103 4832 praecipue
2141 4773 2206 4812 ac
2237 4758 2415 4828 primo
2452 4754 2644 4811 ordine
2686 4754 2924 4810 fructum
2962 4754 3209 4823 percipit,
3243 4752 3389 4822 ejus-

1824 4852 2056 4922 demque
2106 4850 2297 4921 gratia:
2352 4848 2626 4919 particeps
2674 4852 2759 4901 est
2806 4845 3019 4915 reliqua
3064 4850 3281 4898 natura.
3326 4841 3387 4895 In

1821 4944 2060 4999 hominis
2084 4956 2316 5011 namque
2344 4940 2517 4995 forma
2541 4937 2700 4992 hodie
2721 4943 2835 4991 tota
2864 4950 3048 4990 rerum
3078 4940 3386 4988 creatarum

1823 5032 2119 5088 multitudo
2152 5031 2507 5087 reformatur.
2559 5028 2636 5082 Ita
2677 5027 2822 5082 enim
2852 5026 3055 5080 Paulus
3087 5025 3277 5095 gratias
3305 5021 3387 5076 di-

143 5116 371 5187 χάριτος
402 5117 650 5189 μαθητὴς
688 5118 1085 5190 περιήγγειλεν·
1134 5136 1153 5169 ι
1197 5118 1266 5171 Εἰ
1298 5136 1382 5183 τις
1414 5121 1473 5173 ὲν
1502 5119 1720 5194 Χριστῷ
1747 5130 1788 5187 (3

1826 5122 2066 5191 scipulus
2090 5119 2401 5191 praedicavit
2430 5137 2443 5172 :
2482 5137 2499 5169 ι
2526 5115 2580 5170 Si
2606 5130 2712 5187 qua
2743 5115 2797 5168 in
2822 5113 3039 5170 Christo
3064 5126 3202 5167 nova
3232 5125 3386 5166 crea-

144 5208 308 5279 καινὴ
329 5208 527 5272 κτίσις,
559 5209 626 5261 τὰ
650 5211 852 5281 ἀρχαῖα
881 5209 1178 5281 παρῆλθεν·
1207 5209 1314 5263 ἰδοὺ
1342 5210 1532 5279 γέγονε
1557 5214 1716 5267 καινὰ

1826 5218 1944 5268 tura
1979 5222 2208 5268 :vetera
2242 5212 2580 5267 transierunt
2626 5227 2640 5264 :
2685 5223 2813 5264 ecce
2850 5206 2993 5260 facta
3039 5212 3166 5260 sunt
3204 5202 3385 5257 omnia

141 5299 211 5352 τὰ
239 5299 439 5354 πάντα.
481 5318 500 5352 ι
536 5301 650 5371 Μιᾷ
680 5305 829 5372 φωνῇ
877 5300 1106 5365 ἑλκύσας
1137 5300 1206 5355 τὰ
1247 5300 1536 5372 σύμπαντα
1581 5304 1716 5376 πρὸς

1826 5318 1962 5358 nova
1993 5305 2033 5356 ³.
2078 5320 2098 5353 ι
2136 5300 2384 5355 Surrexit
2420 5300 2565 5354 enim
2589 5306 2799 5353 naturae
2828 5295 3010 5366 opifex
3037 5310 3052 5360 ;
3087 5300 3249 5363 atque
3278 5306 3387 5345 una

139 5390 428 5446 ἀνάκτισιν
453 5390 584 5461 (60),
611 5393 640 5444 ὁ
666 5392 765 5462 τῆς
788 5390 1014 5456 κτίσεως
1038 5392 1365 5464 δημιουργὸς
1396 5393 1613 5466 ἀνέστη.
1654 5394 1719 5446 Ἦ

1826 5410 1959 5450 voce
2020 5393 2204 5449 omnia
2259 5392 2424 5447 traxit
2471 5391 2540 5446 ad
2590 5404 2789 5447 novam
2837 5387 3192 5443 creationem.
3248 5382 3385 5439 Nam

215 5546 237 5577 ⁹
278 5542 321 5597 ΙΙ
355 5542 485 5599 Cor.
523 5560 575 5609 v,
609 5544 694 5597 17.

232 5659 322 5730 (58
387 5660 556 5723 Μόλις
580 5659 733 5715 deest
757 5660 812 5713 in
843 5658 1167 5714 Colbertino.

232 5661 345 5802 (59;
383 5729 648 5795 Colbet'l.,
676 5731 774 5800 τῆς
800 5730 1045 5791 κτίσεως.

232 5659 322 5730 (58
387 5660 556 5723 Μόλις
580 5659 733 5715 deest
757 5660 812 5713 in
843 5658 1167 5714 Colbertino.

230 5661 345 5801 (59;
383 5729 648 5795 Colbet'l.,
676 5731 774 5800 τῆς
800 5730 1045 5791 κτίσεως.

1896 5653 2009 5712 (60)
2044 5654 2120 5710 Ita
2146 5654 2277 5730 Reg.
2307 5656 2446 5714 Editi
2466 5673 2593 5715 vero
2616 5667 2670 5716 et
2696 5657 2874 5723 Colb.,
2905 5655 3040 5730 πρὸς
3069 5656 3380 5711 ἀνάστασιι.
