  <div class='ocr_page' id='page_1' title='image "/cluster/home/n/w/nwhite01/storage/ocr_20150623/28/nnc1.0046978690/577.png"; bbox 0 0 3860 6204; ppageno 0'>
   <div class='ocr_carea' id='block_1_1' title="bbox 482 345 625 402">
    <p class='ocr_par' dir='ltr' id='par_1_1' title="bbox 482 345 625 402">
     <span class='ocr_line' id='line_1_1' title="bbox 482 345 625 402; baseline -0.007 0"><span class='ocrx_word' id='word_1_1' title='bbox 482 345 625 402; x_wconf 71' lang='grc'><strong>1075</strong></span> 
     </span>
    </p>
   </div>
   <div class='ocr_carea' id='block_1_2' title="bbox 1611 343 2558 402">
    <p class='ocr_par' dir='ltr' id='par_1_2' title="bbox 1611 343 2558 402">
     <span class='ocr_line' id='line_1_2' title="bbox 1611 343 2558 402; baseline -0.002 -2"><span class='ocrx_word' id='word_1_2' title='bbox 1611 346 1670 400; x_wconf 85' lang='lat' dir='ltr'><strong>S.</strong></span> <span class='ocrx_word' id='word_1_3' title='bbox 1709 343 2175 402; x_wconf 78' lang='lat' dir='ltr'><strong>ATHANASIUS.</strong></span> <span class='ocrx_word' id='word_1_4' title='bbox 2195 377 2263 388; x_wconf 88' lang='lat'><strong>-—</strong></span> <span class='ocrx_word' id='word_1_5' title='bbox 2285 345 2558 402; x_wconf 80' lang='lat' dir='ltr'><strong>SPURIA.</strong></span> 
     </span>
    </p>
   </div>
   <div class='ocr_carea' id='block_1_3' title="bbox 3567 343 3700 400">
    <p class='ocr_par' dir='ltr' id='par_1_3' title="bbox 3567 343 3700 400">
     <span class='ocr_line' id='line_1_3' title="bbox 3567 343 3700 400; baseline 0.008 -1"><span class='ocrx_word' id='word_1_6' title='bbox 3567 343 3700 400; x_wconf 68' lang='lat'><strong>1076</strong></span> 
     </span>
    </p>
   </div>
   <div class='ocr_carea' id='block_1_4' title="bbox 482 459 2047 539">
    <p class='ocr_par' dir='ltr' id='par_1_4' title="bbox 482 459 2040 528">
     <span class='ocr_line' id='line_1_4' title="bbox 482 459 2040 528; baseline 0.001 -12"><span class='ocrx_word' id='word_1_7' title='bbox 482 459 784 517; x_wconf 76' lang='lat' dir='ltr'><strong>Salvatoris</strong></span> <span class='ocrx_word' id='word_1_8' title='bbox 805 463 1139 518; x_wconf 75' lang='lat' dir='ltr'><strong>resurrectio</strong></span> <span class='ocrx_word' id='word_1_9' title='bbox 1160 501 1176 528; x_wconf 90' lang='lat'><strong>,</strong></span> <span class='ocrx_word' id='word_1_10' title='bbox 1207 463 1515 521; x_wconf 76' lang='lat' dir='ltr'><strong>communis</strong></span> <span class='ocrx_word' id='word_1_11' title='bbox 1546 466 1926 520; x_wconf 85' lang='lat' dir='ltr'><strong>universorum</strong></span> <span class='ocrx_word' id='word_1_12' title='bbox 1955 473 2040 522; x_wconf 89' lang='lat' dir='ltr'><strong>est</strong></span> 
     </span>
    </p>
   </div>
   <div class='ocr_carea' id='block_1_5' title="bbox 2154 459 3702 539">
    <p class='ocr_par' dir='ltr' id='par_1_5' title="bbox 2154 464 3702 539">
     <span class='ocr_line' id='line_1_5' title="bbox 2154 464 3702 539; baseline -0.001 -17"><span class='ocrx_word' id='word_1_13' title='bbox 2154 465 2248 539; x_wconf 67' lang='grc' dir='ltr'>γὰρ</span> <span class='ocrx_word' id='word_1_14' title='bbox 2274 466 2367 520; x_wconf 91' lang='grc' dir='ltr'><strong>τοῦ</strong></span> <span class='ocrx_word' id='word_1_15' title='bbox 2392 467 2644 538; x_wconf 79' lang='grc' dir='ltr'><strong>Σωτῆρος</strong></span> <span class='ocrx_word' id='word_1_16' title='bbox 2669 466 2961 530; x_wconf 70' lang='grc' dir='ltr'>ἀνάστασις</span> <span class='ocrx_word' id='word_1_17' title='bbox 2984 467 3136 538; x_wconf 79' lang='grc' dir='ltr'>κοινὴ</span> <span class='ocrx_word' id='word_1_18' title='bbox 3159 465 3267 520; x_wconf 79' lang='grc' dir='ltr'>τῶν</span> <span class='ocrx_word' id='word_1_19' title='bbox 3299 465 3513 520; x_wconf 81' lang='grc' dir='ltr'>πάντων</span> <span class='ocrx_word' id='word_1_20' title='bbox 3536 464 3702 537; x_wconf 69' lang='grc' dir='ltr'>ὑπάρ-</span> 
     </span>
    </p>
   </div>
   <div class='ocr_carea' id='block_1_6' title="bbox 382 557 2045 628">
    <p class='ocr_par' dir='ltr' id='par_1_6' title="bbox 382 557 2045 628">
     <span class='ocr_line' id='line_1_6' title="bbox 382 557 2045 628; baseline -0.001 -15"><span class='ocrx_word' id='word_1_21' title='bbox 382 559 386 562; x_wconf 73' lang='grc'><strong>”</strong></span> <span class='ocrx_word' id='word_1_22' title='bbox 481 572 624 614; x_wconf 87' lang='lat' dir='ltr'><strong>nova</strong></span> <span class='ocrx_word' id='word_1_23' title='bbox 669 559 895 614; x_wconf 90' lang='lat' dir='ltr'><strong>creatio.</strong></span> <span class='ocrx_word' id='word_1_24' title='bbox 933 557 1090 625; x_wconf 86' lang='lat' dir='ltr'><strong>Quod</strong></span> <span class='ocrx_word' id='word_1_25' title='bbox 1141 559 1258 628; x_wconf 89' lang='lat' dir='ltr'><strong>ipse</strong></span> <span class='ocrx_word' id='word_1_26' title='bbox 1305 559 1466 614; x_wconf 90' lang='lat' dir='ltr'><strong>nobis</strong></span> <span class='ocrx_word' id='word_1_27' title='bbox 1507 558 1711 614; x_wconf 85' lang='lat' dir='ltr'><strong>Paulus</strong></span> <span class='ocrx_word' id='word_1_28' title='bbox 1756 559 2045 620; x_wconf 73' lang='lat' dir='ltr'><strong>annuntiat</strong></span> 
     </span>
    </p>
   </div>
   <div class='ocr_carea' id='block_1_7' title="bbox 479 649 2046 719">
    <p class='ocr_par' dir='ltr' id='par_1_7' title="bbox 479 649 2046 719">
     <span class='ocr_line' id='line_1_7' title="bbox 479 649 2046 719; baseline 0.001 -15"><span class='ocrx_word' id='word_1_29' title='bbox 479 649 571 705; x_wconf 86' lang='lat' dir='ltr'><strong>his</strong></span> <span class='ocrx_word' id='word_1_30' title='bbox 598 650 782 706; x_wconf 83' lang='lat' dir='ltr'><strong>verbis</strong></span> <span class='ocrx_word' id='word_1_31' title='bbox 820 669 833 705; x_wconf 91' lang='lat'>:</span> <span class='ocrx_word' id='word_1_32' title='bbox 876 667 895 701; x_wconf 76' lang='grc' dir='ltr'><strong>ι</strong></span> <span class='ocrx_word' id='word_1_33' title='bbox 938 649 1059 719; x_wconf 84' lang='lat' dir='ltr'><strong>ipsa</strong></span> <span class='ocrx_word' id='word_1_34' title='bbox 1085 658 1337 705; x_wconf 89' lang='lat' dir='ltr'><strong>creatura</strong></span> <span class='ocrx_word' id='word_1_35' title='bbox 1359 649 1680 705; x_wconf 85' lang='lat' dir='ltr'><strong>liberabitur</strong></span> <span class='ocrx_word' id='word_1_36' title='bbox 1718 665 1748 702; x_wconf 90' lang='lat' dir='ltr'><strong>a</strong></span> <span class='ocrx_word' id='word_1_37' title='bbox 1785 652 2046 705; x_wconf 92' lang='lat' dir='ltr'><strong>servitute</strong></span> 
     </span>
    </p>
   </div>
   <div class='ocr_carea' id='block_1_8' title="bbox 481 741 2042 812">
    <p class='ocr_par' dir='ltr' id='par_1_8' title="bbox 481 741 2042 812">
     <span class='ocr_line' id='line_1_8' title="bbox 481 741 2042 812; baseline -0.001 -16"><span class='ocrx_word' id='word_1_38' title='bbox 481 742 873 812; x_wconf 73' lang='lat' dir='ltr'><strong>corruptionis,</strong></span> <span class='ocrx_word' id='word_1_39' title='bbox 905 743 960 796; x_wconf 94' lang='lat' dir='ltr'><strong>in</strong></span> <span class='ocrx_word' id='word_1_40' title='bbox 995 741 1297 798; x_wconf 82' lang='lat' dir='ltr'><strong>libertatem</strong></span> <span class='ocrx_word' id='word_1_41' title='bbox 1319 742 1550 796; x_wconf 76' lang='lat' dir='ltr'><strong>filiorum</strong></span> <span class='ocrx_word' id='word_1_42' title='bbox 1579 742 1757 806; x_wconf 73' lang='lat' dir='ltr'><strong>Dei”,</strong></span> <span class='ocrx_word' id='word_1_43' title='bbox 1798 762 1816 794; x_wconf 71' lang='grc' dir='ltr'><strong>ι</strong></span> <span class='ocrx_word' id='word_1_44' title='bbox 1845 743 1896 796; x_wconf 88' lang='lat' dir='ltr'><strong>id</strong></span> <span class='ocrx_word' id='word_1_45' title='bbox 1929 749 2042 808; x_wconf 85' lang='lat' dir='ltr'><strong>est,</strong></span> 
     </span>
    </p>
   </div>
   <div class='ocr_carea' id='block_1_9' title="bbox 481 832 2046 903">
    <p class='ocr_par' dir='ltr' id='par_1_9' title="bbox 481 832 2046 903">
     <span class='ocr_line' id='line_1_9' title="bbox 481 832 2046 903; baseline -0.004 -13"><span class='ocrx_word' id='word_1_46' title='bbox 481 834 888 903; x_wconf 75' lang='lat' dir='ltr'><strong>corruptionem</strong></span> <span class='ocrx_word' id='word_1_47' title='bbox 914 834 1166 902; x_wconf 85' lang='lat' dir='ltr'><strong>deponet,</strong></span> <span class='ocrx_word' id='word_1_48' title='bbox 1209 833 1526 886; x_wconf 88' lang='lat' dir='ltr'><strong>servitutem</strong></span> <span class='ocrx_word' id='word_1_49' title='bbox 1553 839 1736 895; x_wconf 84' lang='lat' dir='ltr'><strong>exuet,</strong></span> <span class='ocrx_word' id='word_1_50' title='bbox 1774 832 2046 885; x_wconf 88' lang='lat' dir='ltr'><strong>immorta-</strong></span> 
     </span>
    </p>
   </div>
   <div class='ocr_carea' id='block_1_10' title="bbox 481 920 2043 992">
    <p class='ocr_par' dir='ltr' id='par_1_10' title="bbox 481 920 2043 992">
     <span class='ocr_line' id='line_1_10' title="bbox 481 920 2043 992; baseline -0.003 -13"><span class='ocrx_word' id='word_1_51' title='bbox 481 925 689 979; x_wconf 84' lang='lat' dir='ltr'><strong>litatem</strong></span> <span class='ocrx_word' id='word_1_52' title='bbox 714 922 958 992; x_wconf 88' lang='lat' dir='ltr'><strong>recipiet,</strong></span> <span class='ocrx_word' id='word_1_53' title='bbox 1002 921 1070 975; x_wconf 90' lang='lat' dir='ltr'><strong>ad</strong></span> <span class='ocrx_word' id='word_1_54' title='bbox 1113 921 1390 975; x_wconf 88' lang='lat' dir='ltr'><strong>meliorem</strong></span> <span class='ocrx_word' id='word_1_55' title='bbox 1421 920 1788 975; x_wconf 84' lang='lat' dir='ltr'><strong>transferetur</strong></span> <span class='ocrx_word' id='word_1_56' title='bbox 1820 929 2043 976; x_wconf 88' lang='lat' dir='ltr'><strong>sortem.</strong></span> 
     </span>
    </p>
   </div>
   <div class='ocr_carea' id='block_1_11' title="bbox 487 1010 2042 1083">
    <p class='ocr_par' dir='ltr' id='par_1_11' title="bbox 487 1010 2042 1083">
     <span class='ocr_line' id='line_1_11' title="bbox 487 1010 2042 1083; baseline -0.001 -15"><span class='ocrx_word' id='word_1_57' title='bbox 487 1013 720 1070; x_wconf 86' lang='lat' dir='ltr'><strong>Homine</strong></span> <span class='ocrx_word' id='word_1_58' title='bbox 776 1014 1044 1083; x_wconf 88' lang='lat' dir='ltr'><strong>siquidem</strong></span> <span class='ocrx_word' id='word_1_59' title='bbox 1094 1010 1163 1064; x_wconf 90' lang='lat' dir='ltr'><strong>ad</strong></span> <span class='ocrx_word' id='word_1_60' title='bbox 1218 1011 1682 1069; x_wconf 90' lang='lat' dir='ltr'><strong>immortalitatem</strong></span> <span class='ocrx_word' id='word_1_61' title='bbox 1738 1020 2042 1075; x_wconf 86' lang='lat' dir='ltr'><strong>renovato,</strong></span> 
     </span>
    </p>
   </div>
   <div class='ocr_carea' id='block_1_12' title="bbox 484 1099 2045 1172">
    <p class='ocr_par' dir='ltr' id='par_1_12' title="bbox 484 1099 2045 1172">
     <span class='ocr_line' id='line_1_12' title="bbox 484 1099 2045 1172; baseline -0.001 -15"><span class='ocrx_word' id='word_1_62' title='bbox 484 1103 661 1157; x_wconf 90' lang='lat' dir='ltr'><strong>omnis</strong></span> <span class='ocrx_word' id='word_1_63' title='bbox 709 1103 913 1172; x_wconf 89' lang='lat' dir='ltr'><strong>pariter</strong></span> <span class='ocrx_word' id='word_1_64' title='bbox 960 1107 1210 1156; x_wconf 83' lang='lat' dir='ltr'><strong>creatura</strong></span> <span class='ocrx_word' id='word_1_65' title='bbox 1250 1113 1371 1169; x_wconf 68' lang='lat' dir='ltr'><strong>quae</strong></span> <span class='ocrx_word' id='word_1_66' title='bbox 1403 1101 1524 1169; x_wconf 87' lang='lat' dir='ltr'><strong>ejus</strong></span> <span class='ocrx_word' id='word_1_67' title='bbox 1572 1099 1743 1171; x_wconf 83' lang='lat' dir='ltr'><strong>gratia</strong></span> <span class='ocrx_word' id='word_1_68' title='bbox 1782 1099 2045 1169; x_wconf 87' lang='lat' dir='ltr'><strong>producta</strong></span> 
     </span>
    </p>
   </div>
   <div class='ocr_carea' id='block_1_13' title="bbox 483 1193 982 1250">
    <p class='ocr_par' dir='ltr' id='par_1_13' title="bbox 483 1193 982 1250">
     <span class='ocr_line' id='line_1_13' title="bbox 483 1193 982 1250; baseline -0.008 0"><span class='ocrx_word' id='word_1_69' title='bbox 483 1193 588 1250; x_wconf 75' lang='lat' dir='ltr'><strong>fuit</strong></span> <span class='ocrx_word' id='word_1_70' title='bbox 614 1193 982 1249; x_wconf 86' lang='lat' dir='ltr'><strong>renovabitur.</strong></span> 
     </span>
    </p>
   </div>
   <div class='ocr_carea' id='block_1_14' title="bbox 550 1284 2047 1356">
    <p class='ocr_par' dir='ltr' id='par_1_14' title="bbox 550 1284 2047 1356">
     <span class='ocr_line' id='line_1_14' title="bbox 550 1284 2047 1356; baseline 0.001 -17"><span class='ocrx_word' id='word_1_71' title='bbox 550 1284 605 1339; x_wconf 79' lang='lat'><strong>2.</strong></span> <span class='ocrx_word' id='word_1_72' title='bbox 644 1285 859 1340; x_wconf 85' lang='lat' dir='ltr'><strong>Creavit</strong></span> <span class='ocrx_word' id='word_1_73' title='bbox 893 1287 1036 1340; x_wconf 91' lang='lat' dir='ltr'><strong>enim</strong></span> <span class='ocrx_word' id='word_1_74' title='bbox 1063 1285 1207 1341; x_wconf 90' lang='lat' dir='ltr'><strong>Deus</strong></span> <span class='ocrx_word' id='word_1_75' title='bbox 1239 1286 1382 1340; x_wconf 88' lang='lat' dir='ltr'><strong>hanc</strong></span> <span class='ocrx_word' id='word_1_76' title='bbox 1412 1300 1669 1356; x_wconf 84' lang='lat' dir='ltr'><strong>magnam</strong></span> <span class='ocrx_word' id='word_1_77' title='bbox 1702 1302 1884 1343; x_wconf 90' lang='lat' dir='ltr'><strong>rerum</strong></span> <span class='ocrx_word' id='word_1_78' title='bbox 1923 1287 2047 1341; x_wconf 84' lang='lat' dir='ltr'><strong>uni-</strong></span> 
     </span>
    </p>
   </div>
   <div class='ocr_carea' id='block_1_15' title="bbox 483 1375 2042 1448">
    <p class='ocr_par' dir='ltr' id='par_1_15' title="bbox 483 1375 2042 1448">
     <span class='ocr_line' id='line_1_15' title="bbox 483 1375 2042 1448; baseline 0.002 -18"><span class='ocrx_word' id='word_1_79' title='bbox 483 1375 759 1430; x_wconf 90' lang='lat' dir='ltr'><strong>versitatis</strong></span> <span class='ocrx_word' id='word_1_80' title='bbox 793 1376 983 1431; x_wconf 87' lang='lat' dir='ltr'><strong>urbem</strong></span> <span class='ocrx_word' id='word_1_81' title='bbox 1030 1395 1042 1430; x_wconf 91' lang='lat'><strong>:</strong></span> <span class='ocrx_word' id='word_1_82' title='bbox 1085 1378 1311 1448; x_wconf 89' lang='lat' dir='ltr'><strong>solaque</strong></span> <span class='ocrx_word' id='word_1_83' title='bbox 1352 1393 1486 1434; x_wconf 89' lang='lat' dir='ltr'><strong>voce</strong></span> <span class='ocrx_word' id='word_1_84' title='bbox 1528 1378 1700 1432; x_wconf 89' lang='lat' dir='ltr'><strong>multa</strong></span> <span class='ocrx_word' id='word_1_85' title='bbox 1735 1378 1992 1448; x_wconf 82' lang='lat' dir='ltr'><strong>produxit</strong></span> <span class='ocrx_word' id='word_1_86' title='bbox 2027 1397 2042 1433; x_wconf 89' lang='lat'><strong>:</strong></span> 
     </span>
    </p>
   </div>
   <div class='ocr_carea' id='block_1_16' title="bbox 483 1470 2041 1543">
    <p class='ocr_par' dir='ltr' id='par_1_16' title="bbox 483 1470 2041 1543">
     <span class='ocr_line' id='line_1_16' title="bbox 483 1470 2041 1543; baseline 0 -17"><span class='ocrx_word' id='word_1_87' title='bbox 483 1470 600 1526; x_wconf 84' lang='lat' dir='ltr'><strong>sola</strong></span> <span class='ocrx_word' id='word_1_88' title='bbox 629 1485 761 1525; x_wconf 91' lang='lat' dir='ltr'><strong>voce</strong></span> <span class='ocrx_word' id='word_1_89' title='bbox 789 1471 1032 1526; x_wconf 90' lang='lat' dir='ltr'><strong>omnium</strong></span> <span class='ocrx_word' id='word_1_90' title='bbox 1067 1472 1427 1534; x_wconf 86' lang='lat' dir='ltr'><strong>substantiam</strong></span> <span class='ocrx_word' id='word_1_91' title='bbox 1455 1474 1708 1538; x_wconf 80' lang='lat' dir='ltr'><strong>extraxit,</strong></span> <span class='ocrx_word' id='word_1_92' title='bbox 1738 1483 1898 1543; x_wconf 90' lang='lat' dir='ltr'><strong>atque</strong></span> <span class='ocrx_word' id='word_1_93' title='bbox 1922 1474 2041 1542; x_wconf 89' lang='lat' dir='ltr'><strong>opi-</strong></span> 
     </span>
    </p>
   </div>
   <div class='ocr_carea' id='block_1_17' title="bbox 483 1560 2045 1631">
    <p class='ocr_par' dir='ltr' id='par_1_17' title="bbox 483 1560 2045 1631">
     <span class='ocr_line' id='line_1_17' title="bbox 483 1560 2045 1631; baseline 0.004 -18"><span class='ocrx_word' id='word_1_94' title='bbox 483 1560 602 1615; x_wconf 81' lang='lat' dir='ltr'><strong>iicis</strong></span> <span class='ocrx_word' id='word_1_95' title='bbox 649 1561 930 1631; x_wconf 59' lang='lat' dir='ltr'><strong>sapientia</strong></span> <span class='ocrx_word' id='word_1_96' title='bbox 977 1578 1090 1620; x_wconf 79' lang='lat' dir='ltr'><strong>suae</strong></span> <span class='ocrx_word' id='word_1_97' title='bbox 1119 1563 1227 1617; x_wconf 91' lang='lat' dir='ltr'><strong>vim</strong></span> <span class='ocrx_word' id='word_1_98' title='bbox 1273 1563 1533 1618; x_wconf 87' lang='lat' dir='ltr'><strong>ostendit.</strong></span> <span class='ocrx_word' id='word_1_99' title='bbox 1569 1563 1647 1617; x_wconf 85' lang='lat' dir='ltr'><strong>Ac</strong></span> <span class='ocrx_word' id='word_1_100' title='bbox 1680 1563 1735 1617; x_wconf 89' lang='lat' dir='ltr'><strong>in</strong></span> <span class='ocrx_word' id='word_1_101' title='bbox 1779 1565 2045 1620; x_wconf 87' lang='lat' dir='ltr'><strong>creaturis</strong></span> 
     </span>
    </p>
   </div>
   <div class='ocr_carea' id='block_1_18' title="bbox 481 1649 2044 1720">
    <p class='ocr_par' dir='ltr' id='par_1_18' title="bbox 481 1649 2044 1720">
     <span class='ocr_line' id='line_1_18' title="bbox 481 1649 2044 1720; baseline 0.004 -22"><span class='ocrx_word' id='word_1_102' title='bbox 481 1649 631 1703; x_wconf 80' lang='lat' dir='ltr'><strong>velut</strong></span> <span class='ocrx_word' id='word_1_103' title='bbox 670 1649 728 1702; x_wconf 91' lang='lat' dir='ltr'><strong>in</strong></span> <span class='ocrx_word' id='word_1_104' title='bbox 762 1649 961 1710; x_wconf 84' lang='lat' dir='ltr'><strong>illustri</strong></span> <span class='ocrx_word' id='word_1_105' title='bbox 1000 1650 1200 1719; x_wconf 88' lang='lat' dir='ltr'><strong>templo</strong></span> <span class='ocrx_word' id='word_1_106' title='bbox 1237 1666 1390 1704; x_wconf 91' lang='lat' dir='ltr'><strong>suam</strong></span> <span class='ocrx_word' id='word_1_107' title='bbox 1424 1651 1737 1720; x_wconf 85' lang='lat' dir='ltr'><strong>imaginem,</strong></span> <span class='ocrx_word' id='word_1_108' title='bbox 1769 1650 2044 1704; x_wconf 84' lang='lat' dir='ltr'><strong>hominem</strong></span> 
     </span>
    </p>
   </div>
   <div class='ocr_carea' id='block_1_19' title="bbox 485 1740 2045 1816">
    <p class='ocr_par' dir='ltr' id='par_1_19' title="bbox 485 1740 2045 1816">
     <span class='ocr_line' id='line_1_19' title="bbox 485 1740 2045 1816; baseline 0.002 -22"><span class='ocrx_word' id='word_1_109' title='bbox 485 1740 695 1796; x_wconf 86' lang='lat' dir='ltr'><strong>scilicet</strong></span> <span class='ocrx_word' id='word_1_110' title='bbox 731 1755 893 1810; x_wconf 89' lang='lat' dir='ltr'><strong>quem</strong></span> <span class='ocrx_word' id='word_1_111' title='bbox 942 1749 1226 1796; x_wconf 86' lang='lat' dir='ltr'><strong>creaverat</strong></span> <span class='ocrx_word' id='word_1_112' title='bbox 1275 1743 1466 1796; x_wconf 81' lang='lat' dir='ltr'><strong>erexit.</strong></span> <span class='ocrx_word' id='word_1_113' title='bbox 1521 1740 1815 1812; x_wconf 82' lang='lat' dir='ltr'><strong>Oportebat</strong></span> <span class='ocrx_word' id='word_1_114' title='bbox 1861 1743 2045 1816; x_wconf 89' lang='lat' dir='ltr'><strong>itaque</strong></span> 
     </span>
    </p>
   </div>
   <div class='ocr_carea' id='block_1_20' title="bbox 2144 557 3702 628">
    <p class='ocr_par' dir='ltr' id='par_1_20' title="bbox 2144 557 3702 628">
     <span class='ocr_line' id='line_1_20' title="bbox 2144 557 3702 628; baseline 0 -17"><span class='ocrx_word' id='word_1_115' title='bbox 2144 575 2228 628; x_wconf 87' lang='grc' dir='ltr'>χει</span> <span class='ocrx_word' id='word_1_116' title='bbox 2259 558 2541 620; x_wconf 88' lang='grc' dir='ltr'>άνάκτισις</span> <span class='ocrx_word' id='word_1_117' title='bbox 2567 557 2796 627; x_wconf 70' lang='grc' dir='ltr'><strong>(δι-62).</strong></span> <span class='ocrx_word' id='word_1_118' title='bbox 2832 559 2942 612; x_wconf 79' lang='grc' dir='ltr'><strong>Καὶ</strong></span> <span class='ocrx_word' id='word_1_119' title='bbox 2963 558 3120 612; x_wconf 90' lang='grc' dir='ltr'>τοῦτο</span> <span class='ocrx_word' id='word_1_120' title='bbox 3150 557 3362 621; x_wconf 79' lang='grc' dir='ltr'><strong>Παῦλος</strong></span> <span class='ocrx_word' id='word_1_121' title='bbox 3399 561 3530 628; x_wconf 80' lang='grc' dir='ltr'>ἡμῖν</span> <span class='ocrx_word' id='word_1_122' title='bbox 3548 559 3702 626; x_wconf 74' lang='grc' dir='ltr'>εύαγο</span> 
     </span>
    </p>
   </div>
   <div class='ocr_carea' id='block_1_21' title="bbox 2141 645 3701 719">
    <p class='ocr_par' dir='ltr' id='par_1_21' title="bbox 2141 645 3701 719">
     <span class='ocr_line' id='line_1_21' title="bbox 2141 645 3701 719; baseline 0 -19"><span class='ocrx_word' id='word_1_123' title='bbox 2141 645 2434 717; x_wconf 77' lang='grc' dir='ltr'>γελίζεται,</span> <span class='ocrx_word' id='word_1_124' title='bbox 2453 647 2645 716; x_wconf 81' lang='grc' dir='ltr'>λέγων,</span> <span class='ocrx_word' id='word_1_125' title='bbox 2675 648 2756 700; x_wconf 85' lang='grc' dir='ltr'>ὃτι</span> <span class='ocrx_word' id='word_1_126' title='bbox 2778 667 2796 700; x_wconf 77' lang='grc' dir='ltr'><strong>ι</strong></span> <span class='ocrx_word' id='word_1_127' title='bbox 2821 648 2928 701; x_wconf 74' lang='grc' dir='ltr'><strong>Καὶ</strong></span> <span class='ocrx_word' id='word_1_128' title='bbox 2943 649 3126 719; x_wconf 82' lang='grc' dir='ltr'>αὑτὴή</span> <span class='ocrx_word' id='word_1_129' title='bbox 3151 648 3327 711; x_wconf 79' lang='grc' dir='ltr'><strong>κτίσις</strong></span> <span class='ocrx_word' id='word_1_130' title='bbox 3345 647 3701 719; x_wconf 83' lang='grc' dir='ltr'>ἐλευθερωθή-</span> 
     </span>
    </p>
   </div>
   <div class='ocr_carea' id='block_1_22' title="bbox 2146 737 3701 809">
    <p class='ocr_par' dir='ltr' id='par_1_22' title="bbox 2146 737 3701 809">
     <span class='ocr_line' id='line_1_22' title="bbox 2146 737 3701 809; baseline 0.001 -19"><span class='ocrx_word' id='word_1_131' title='bbox 2146 754 2297 790; x_wconf 84' lang='grc' dir='ltr'>σεται</span> <span class='ocrx_word' id='word_1_132' title='bbox 2319 738 2382 790; x_wconf 88' lang='grc' dir='ltr'><strong>ἐκ</strong></span> <span class='ocrx_word' id='word_1_133' title='bbox 2413 738 2513 808; x_wconf 86' lang='grc' dir='ltr'><strong>τῆς</strong></span> <span class='ocrx_word' id='word_1_134' title='bbox 2533 738 2776 802; x_wconf 81' lang='grc' dir='ltr'><strong>δουλείας</strong></span> <span class='ocrx_word' id='word_1_135' title='bbox 2803 738 2903 809; x_wconf 90' lang='grc' dir='ltr'><strong>τῆς</strong></span> <span class='ocrx_word' id='word_1_136' title='bbox 2932 738 3137 808; x_wconf 82' lang='grc' dir='ltr'>φθορᾶς</span> <span class='ocrx_word' id='word_1_137' title='bbox 3162 741 3240 802; x_wconf 83' lang='grc' dir='ltr'><strong>είς</strong></span> <span class='ocrx_word' id='word_1_138' title='bbox 3269 739 3367 808; x_wconf 80' lang='grc' dir='ltr'>τὴν</span> <span class='ocrx_word' id='word_1_139' title='bbox 3399 737 3701 808; x_wconf 79' lang='grc' dir='ltr'><strong>ἐλευθερίαν</strong></span> 
     </span>
    </p>
   </div>
   <div class='ocr_carea' id='block_1_23' title="bbox 2141 823 3701 898">
    <p class='ocr_par' dir='ltr' id='par_1_23' title="bbox 2141 823 3701 898">
     <span class='ocr_line' id='line_1_23' title="bbox 2141 823 3701 898; baseline 0.003 -22"><span class='ocrx_word' id='word_1_140' title='bbox 2141 823 2250 878; x_wconf 86' lang='grc' dir='ltr'><strong>τῶν</strong></span> <span class='ocrx_word' id='word_1_141' title='bbox 2277 824 2479 884; x_wconf 72' lang='grc' dir='ltr'>τέκνων</span> <span class='ocrx_word' id='word_1_142' title='bbox 2511 825 2606 878; x_wconf 90' lang='grc' dir='ltr'><strong>τοῦ</strong></span> <span class='ocrx_word' id='word_1_143' title='bbox 2635 825 2793 887; x_wconf 86' lang='grc' dir='ltr'>Θεοῦ·</span> <span class='ocrx_word' id='word_1_144' title='bbox 2825 846 2844 878; x_wconf 73' lang='grc' dir='ltr'><strong>ι</strong></span> <span class='ocrx_word' id='word_1_145' title='bbox 2881 827 3124 888; x_wconf 81' lang='grc' dir='ltr'>τουτέστι</span> <span class='ocrx_word' id='word_1_146' title='bbox 3156 827 3254 898; x_wconf 83' lang='grc' dir='ltr'>τὴν</span> <span class='ocrx_word' id='word_1_147' title='bbox 3285 826 3489 898; x_wconf 78' lang='grc' dir='ltr'>φθορὰν</span> <span class='ocrx_word' id='word_1_148' title='bbox 3519 828 3701 880; x_wconf 83' lang='grc' dir='ltr'>ἀποτί-</span> 
     </span>
    </p>
   </div>
   <div class='ocr_carea' id='block_1_24' title="bbox 2144 916 3702 990">
    <p class='ocr_par' dir='ltr' id='par_1_24' title="bbox 2144 916 3702 990">
     <span class='ocr_line' id='line_1_24' title="bbox 2144 916 3702 990; baseline 0.002 -21"><span class='ocrx_word' id='word_1_149' title='bbox 2144 916 2315 981; x_wconf 91' lang='grc' dir='ltr'>θεται,</span> <span class='ocrx_word' id='word_1_150' title='bbox 2359 917 2457 990; x_wconf 82' lang='grc' dir='ltr'>τὴν</span> <span class='ocrx_word' id='word_1_151' title='bbox 2512 918 2752 973; x_wconf 81' lang='grc' dir='ltr'>δουλείαν</span> <span class='ocrx_word' id='word_1_152' title='bbox 2834 919 3191 982; x_wconf 87' lang='grc' dir='ltr'>άποδύσεται,</span> <span class='ocrx_word' id='word_1_153' title='bbox 3246 919 3344 990; x_wconf 78' lang='grc' dir='ltr'>τὴν</span> <span class='ocrx_word' id='word_1_154' title='bbox 3412 919 3702 974; x_wconf 78' lang='grc' dir='ltr'>ἀθανασίαν</span> 
     </span>
    </p>
   </div>
   <div class='ocr_carea' id='block_1_25' title="bbox 2143 1007 3704 1081">
    <p class='ocr_par' dir='ltr' id='par_1_25' title="bbox 2143 1007 3704 1081">
     <span class='ocr_line' id='line_1_25' title="bbox 2143 1007 3704 1081; baseline 0.003 -21"><span class='ocrx_word' id='word_1_155' title='bbox 2143 1007 2507 1078; x_wconf 66' lang='grc' dir='ltr'>ἀπολήψεται,</span> <span class='ocrx_word' id='word_1_156' title='bbox 2547 1007 2683 1079; x_wconf 84' lang='grc' dir='ltr'>πρὸς</span> <span class='ocrx_word' id='word_1_157' title='bbox 2713 1007 2970 1078; x_wconf 86' lang='grc' dir='ltr'>ἀμείνονα</span> <span class='ocrx_word' id='word_1_158' title='bbox 2995 1010 3388 1080; x_wconf 81' lang='grc' dir='ltr'>μεταστήσεται</span> <span class='ocrx_word' id='word_1_159' title='bbox 3415 1009 3584 1080; x_wconf 78' lang='grc' dir='ltr'>λῆξιν.</span> <span class='ocrx_word' id='word_1_160' title='bbox 3617 1010 3704 1081; x_wconf 81' lang='grc' dir='ltr'><strong>Τῷ</strong></span> 
     </span>
    </p>
   </div>
   <div class='ocr_carea' id='block_1_26' title="bbox 2143 1099 3704 1174">
    <p class='ocr_par' dir='ltr' id='par_1_26' title="bbox 2143 1099 3704 1174">
     <span class='ocr_line' id='line_1_26' title="bbox 2143 1099 3704 1174; baseline 0.003 -22"><span class='ocrx_word' id='word_1_161' title='bbox 2143 1099 2250 1172; x_wconf 85' lang='grc' dir='ltr'>γὰρ</span> <span class='ocrx_word' id='word_1_162' title='bbox 2267 1099 2532 1171; x_wconf 80' lang='grc' dir='ltr'><strong>ἀνθρώπῳ</strong></span> <span class='ocrx_word' id='word_1_163' title='bbox 2557 1100 2690 1171; x_wconf 83' lang='grc' dir='ltr'>πρὸς</span> <span class='ocrx_word' id='word_1_164' title='bbox 2714 1100 3019 1170; x_wconf 82' lang='grc' dir='ltr'>ἀφθαρσίαν</span> <span class='ocrx_word' id='word_1_165' title='bbox 3056 1103 3526 1172; x_wconf 85' lang='grc' dir='ltr'>καινουργουμένῳ</span> <span class='ocrx_word' id='word_1_166' title='bbox 3552 1103 3644 1156; x_wconf 76' lang='grc' dir='ltr'>καὶ</span> <span class='ocrx_word' id='word_1_167' title='bbox 3670 1103 3704 1174; x_wconf 83' lang='grc' dir='ltr'><strong>ή</strong></span> 
     </span>
    </p>
   </div>
   <div class='ocr_carea' id='block_1_27' title="bbox 2143 1180 3529 1265">
    <p class='ocr_par' dir='ltr' id='par_1_27' title="bbox 2143 1180 3529 1265">
     <span class='ocr_line' id='line_1_27' title="bbox 2143 1180 3529 1265; baseline 0 -17"><span class='ocrx_word' id='word_1_168' title='bbox 2143 1195 2210 1248; x_wconf 85' lang='grc' dir='ltr'>δι’</span> <span class='ocrx_word' id='word_1_169' title='bbox 2230 1180 2391 1248; x_wconf 82' lang='grc' dir='ltr'>αὑτὸν</span> <span class='ocrx_word' id='word_1_170' title='bbox 2421 1193 2763 1265; x_wconf 84' lang='grc' dir='ltr'>παραχθεῖσα</span> <span class='ocrx_word' id='word_1_171' title='bbox 2789 1193 3298 1265; x_wconf 83' lang='grc' dir='ltr'>άνακαινισθήσεται</span> <span class='ocrx_word' id='word_1_172' title='bbox 3335 1195 3529 1258; x_wconf 84' lang='grc' dir='ltr'>κτίσις.</span> 
     </span>
    </p>
   </div>
   <div class='ocr_carea' id='block_1_28' title="bbox 2211 1284 3706 1356">
    <p class='ocr_par' dir='ltr' id='par_1_28' title="bbox 2211 1284 3706 1356">
     <span class='ocr_line' id='line_1_28' title="bbox 2211 1284 3706 1356; baseline 0.001 -18"><span class='ocrx_word' id='word_1_173' title='bbox 2211 1285 2266 1338; x_wconf 76' lang='grc'>2.</span> <span class='ocrx_word' id='word_1_174' title='bbox 2313 1286 2530 1338; x_wconf 87' lang='grc' dir='ltr'>Ἔκτισε</span> <span class='ocrx_word' id='word_1_175' title='bbox 2581 1285 2680 1354; x_wconf 86' lang='grc' dir='ltr'>μὲν</span> <span class='ocrx_word' id='word_1_176' title='bbox 2724 1284 2833 1355; x_wconf 84' lang='grc' dir='ltr'>γὰρ</span> <span class='ocrx_word' id='word_1_177' title='bbox 2866 1287 2894 1338; x_wconf 86' lang='grc' dir='ltr'>ὁ</span> <span class='ocrx_word' id='word_1_178' title='bbox 2939 1285 3071 1348; x_wconf 85' lang='grc' dir='ltr'>Θεὸς</span> <span class='ocrx_word' id='word_1_179' title='bbox 3106 1285 3203 1355; x_wconf 83' lang='grc' dir='ltr'>τὴν</span> <span class='ocrx_word' id='word_1_180' title='bbox 3239 1286 3478 1356; x_wconf 81' lang='grc' dir='ltr'><strong>μεγάλην</strong></span> <span class='ocrx_word' id='word_1_181' title='bbox 3507 1284 3706 1354; x_wconf 84' lang='grc' dir='ltr'>ταύτην</span> 
     </span>
    </p>
   </div>
   <div class='ocr_carea' id='block_1_29' title="bbox 2142 1377 3704 1450">
    <p class='ocr_par' dir='ltr' id='par_1_29' title="bbox 2142 1377 3704 1450">
     <span class='ocr_line' id='line_1_29' title="bbox 2142 1377 3704 1450; baseline 0.001 -20"><span class='ocrx_word' id='word_1_182' title='bbox 2142 1377 2241 1447; x_wconf 91' lang='grc' dir='ltr'><strong>τῆς</strong></span> <span class='ocrx_word' id='word_1_183' title='bbox 2267 1377 2494 1440; x_wconf 87' lang='grc' dir='ltr'>κτίσεως</span> <span class='ocrx_word' id='word_1_184' title='bbox 2521 1377 2691 1430; x_wconf 90' lang='grc' dir='ltr'>πόλιν·</span> <span class='ocrx_word' id='word_1_185' title='bbox 2727 1379 2876 1448; x_wconf 84' lang='grc' dir='ltr'>φωνῇ</span> <span class='ocrx_word' id='word_1_186' title='bbox 2914 1377 3054 1449; x_wconf 81' lang='grc' dir='ltr'>μόνῃ</span> <span class='ocrx_word' id='word_1_187' title='bbox 3070 1377 3168 1450; x_wconf 80' lang='grc' dir='ltr'>τὴν</span> <span class='ocrx_word' id='word_1_188' title='bbox 3196 1377 3304 1430; x_wconf 83' lang='grc' dir='ltr'><strong>τῶν</strong></span> <span class='ocrx_word' id='word_1_189' title='bbox 3335 1377 3544 1432; x_wconf 78' lang='grc' dir='ltr'>πολλῶν</span> <span class='ocrx_word' id='word_1_190' title='bbox 3569 1395 3704 1449; x_wconf 87' lang='grc' dir='ltr'>παρ-</span> 
     </span>
    </p>
   </div>
   <div class='ocr_carea' id='block_1_30' title="bbox 2143 1468 3705 1540">
    <p class='ocr_par' dir='ltr' id='par_1_30' title="bbox 2143 1468 3705 1540">
     <span class='ocr_line' id='line_1_30' title="bbox 2143 1468 3705 1540; baseline 0.001 -18"><span class='ocrx_word' id='word_1_191' title='bbox 2143 1468 2362 1539; x_wconf 83' lang='grc' dir='ltr'>αγωγὴν</span> <span class='ocrx_word' id='word_1_192' title='bbox 2409 1470 2770 1540; x_wconf 80' lang='grc' dir='ltr'>ποιησάμενος</span> <span class='ocrx_word' id='word_1_193' title='bbox 2788 1509 2803 1533; x_wconf 91' lang='grc'><strong>,</strong></span> <span class='ocrx_word' id='word_1_194' title='bbox 2846 1473 2996 1540; x_wconf 83' lang='grc' dir='ltr'>φωνῇ</span> <span class='ocrx_word' id='word_1_195' title='bbox 3035 1469 3166 1540; x_wconf 82' lang='grc' dir='ltr'>μόνῃ</span> <span class='ocrx_word' id='word_1_196' title='bbox 3193 1469 3291 1540; x_wconf 84' lang='grc' dir='ltr'>τὴν</span> <span class='ocrx_word' id='word_1_197' title='bbox 3318 1469 3426 1528; x_wconf 83' lang='grc' dir='ltr'><strong>τῶν</strong></span> <span class='ocrx_word' id='word_1_198' title='bbox 3456 1470 3590 1523; x_wconf 85' lang='grc' dir='ltr'>ὅλων</span> <span class='ocrx_word' id='word_1_199' title='bbox 3614 1471 3705 1523; x_wconf 80' lang='grc' dir='ltr'><strong>οὐ-</strong></span> 
     </span>
    </p>
   </div>
   <div class='ocr_carea' id='block_1_31' title="bbox 2145 1560 3706 1634">
    <p class='ocr_par' dir='ltr' id='par_1_31' title="bbox 2145 1560 3706 1634">
     <span class='ocr_line' id='line_1_31' title="bbox 2145 1560 3706 1634; baseline 0 -21"><span class='ocrx_word' id='word_1_200' title='bbox 2145 1562 2265 1615; x_wconf 90' lang='grc' dir='ltr'>σίαν</span> <span class='ocrx_word' id='word_1_201' title='bbox 2306 1560 2555 1625; x_wconf 90' lang='grc' dir='ltr'>ἐλκύσας,</span> <span class='ocrx_word' id='word_1_202' title='bbox 2595 1563 2691 1634; x_wconf 87' lang='grc' dir='ltr'><strong>τῆς</strong></span> <span class='ocrx_word' id='word_1_203' title='bbox 2731 1563 3124 1634; x_wconf 84' lang='grc' dir='ltr'>δημιουργικῆς</span> <span class='ocrx_word' id='word_1_204' title='bbox 3165 1561 3328 1615; x_wconf 80' lang='grc' dir='ltr'>αὑτοῦ</span> <span class='ocrx_word' id='word_1_205' title='bbox 3381 1561 3571 1630; x_wconf 76' lang='grc' dir='ltr'>σοφίας</span> <span class='ocrx_word' id='word_1_206' title='bbox 3609 1563 3706 1632; x_wconf 80' lang='grc' dir='ltr'>τὴν</span> 
     </span>
    </p>
   </div>
   <div class='ocr_carea' id='block_1_32' title="bbox 2143 1651 3705 1725">
    <p class='ocr_par' dir='ltr' id='par_1_32' title="bbox 2143 1651 3705 1725">
     <span class='ocr_line' id='line_1_32' title="bbox 2143 1651 3705 1725; baseline -0.001 -20"><span class='ocrx_word' id='word_1_207' title='bbox 2143 1651 2367 1723; x_wconf 85' lang='grc' dir='ltr'>δύναμιν</span> <span class='ocrx_word' id='word_1_208' title='bbox 2402 1651 2617 1719; x_wconf 74' lang='grc' dir='ltr'>ἔδειξεν·</span> <span class='ocrx_word' id='word_1_209' title='bbox 2649 1653 2725 1716; x_wconf 85' lang='grc' dir='ltr'>ὡς</span> <span class='ocrx_word' id='word_1_210' title='bbox 2753 1656 2810 1706; x_wconf 84' lang='grc' dir='ltr'><strong>ἐν</strong></span> <span class='ocrx_word' id='word_1_211' title='bbox 2838 1653 2951 1724; x_wconf 81' lang='grc' dir='ltr'>ναῷ</span> <span class='ocrx_word' id='word_1_212' title='bbox 2987 1653 3044 1706; x_wconf 84' lang='grc' dir='ltr'>δὲ</span> <span class='ocrx_word' id='word_1_213' title='bbox 3083 1655 3391 1724; x_wconf 77' lang='grc' dir='ltr'>περιφανεῖ,</span> <span class='ocrx_word' id='word_1_214' title='bbox 3416 1656 3483 1725; x_wconf 82' lang='grc' dir='ltr'>τῇ</span> <span class='ocrx_word' id='word_1_215' title='bbox 3511 1653 3705 1717; x_wconf 81' lang='grc' dir='ltr'>κτίσει,</span> 
     </span>
    </p>
   </div>
   <div class='ocr_carea' id='block_1_33' title="bbox 2144 1744 3709 1816">
    <p class='ocr_par' dir='ltr' id='par_1_33' title="bbox 2144 1744 3709 1816">
     <span class='ocr_line' id='line_1_33' title="bbox 2144 1744 3709 1816; baseline -0.002 -18"><span class='ocrx_word' id='word_1_216' title='bbox 2144 1744 2242 1815; x_wconf 81' lang='grc' dir='ltr'>τὴν</span> <span class='ocrx_word' id='word_1_217' title='bbox 2269 1745 2402 1802; x_wconf 82' lang='grc' dir='ltr'>ἰδίαν</span> <span class='ocrx_word' id='word_1_218' title='bbox 2429 1745 2611 1797; x_wconf 77' lang='grc' dir='ltr'>εἰκόνα</span> <span class='ocrx_word' id='word_1_219' title='bbox 2636 1745 2726 1797; x_wconf 85' lang='grc' dir='ltr'><strong>τὸν</strong></span> <span class='ocrx_word' id='word_1_220' title='bbox 2749 1744 3030 1816; x_wconf 79' lang='grc' dir='ltr'>ἄνθρωπον</span> <span class='ocrx_word' id='word_1_221' title='bbox 3054 1745 3462 1816; x_wconf 83' lang='grc' dir='ltr'>δημιουργήσας</span> <span class='ocrx_word' id='word_1_222' title='bbox 3485 1745 3709 1815; x_wconf 77' lang='grc' dir='ltr'>ἀνέστη-</span> 
     </span>
    </p>
   </div>
   <div class='ocr_carea' id='block_1_34' title="bbox 483 1815 2047 1904">
    <p class='ocr_par' dir='ltr' id='par_1_34' title="bbox 483 1829 2045 1902">
     <span class='ocr_line' id='line_1_34' title="bbox 483 1829 2045 1902; baseline 0.003 -19"><span class='ocrx_word' id='word_1_223' title='bbox 483 1829 606 1899; x_wconf 86' lang='lat' dir='ltr'><strong>ejus</strong></span> <span class='ocrx_word' id='word_1_224' title='bbox 659 1831 881 1901; x_wconf 88' lang='lat' dir='ltr'><strong>propria</strong></span> <span class='ocrx_word' id='word_1_225' title='bbox 938 1839 1198 1886; x_wconf 87' lang='lat' dir='ltr'><strong>renovata</strong></span> <span class='ocrx_word' id='word_1_226' title='bbox 1243 1833 1497 1901; x_wconf 82' lang='lat' dir='ltr'><strong>imagine,</strong></span> <span class='ocrx_word' id='word_1_227' title='bbox 1555 1833 1730 1902; x_wconf 91' lang='lat' dir='ltr'><strong>ipsam</strong></span> <span class='ocrx_word' id='word_1_228' title='bbox 1790 1833 2045 1902; x_wconf 83' lang='lat' dir='ltr'><strong>imaginis</strong></span> 
     </span>
    </p>
   </div>
   <div class='ocr_carea' id='block_1_35' title="bbox 2154 1815 3709 1904">
    <p class='ocr_par' dir='ltr' id='par_1_35' title="bbox 2154 1815 3709 1904">
     <span class='ocr_line' id='line_1_35' title="bbox 2154 1815 3709 1904; baseline -0.001 -17"><span class='ocrx_word' id='word_1_229' title='bbox 2154 1851 2258 1887; x_wconf 91' lang='grc' dir='ltr'>σεν.</span> <span class='ocrx_word' id='word_1_230' title='bbox 2292 1834 2438 1888; x_wconf 89' lang='grc' dir='ltr'>Ἔδει</span> <span class='ocrx_word' id='word_1_231' title='bbox 2462 1834 2748 1903; x_wconf 80' lang='grc' dir='ltr'>τοιγαροῦν</span> <span class='ocrx_word' id='word_1_232' title='bbox 2781 1815 2874 1887; x_wconf 58' lang='grc' dir='ltr'><strong>καὶ</strong></span> <span class='ocrx_word' id='word_1_233' title='bbox 2903 1834 3017 1898; x_wconf 93' lang='grc' dir='ltr'>νῦν,</span> <span class='ocrx_word' id='word_1_234' title='bbox 3051 1835 3147 1904; x_wconf 85' lang='grc' dir='ltr'><strong>τῆς</strong></span> <span class='ocrx_word' id='word_1_235' title='bbox 3180 1815 3313 1896; x_wconf 80' lang='grc' dir='ltr'>ιδίας</span> <span class='ocrx_word' id='word_1_236' title='bbox 3351 1833 3554 1895; x_wconf 79' lang='grc' dir='ltr'>εἰκόνος</span> <span class='ocrx_word' id='word_1_237' title='bbox 3591 1851 3709 1886; x_wconf 85' lang='grc' dir='ltr'>και-</span> 
     </span>
    </p>
   </div>
   <div class='ocr_carea' id='block_1_36' title="bbox 483 1922 2045 1995">
    <p class='ocr_par' dir='ltr' id='par_1_36' title="bbox 483 1922 2045 1995">
     <span class='ocr_line' id='line_1_36' title="bbox 483 1922 2045 1995; baseline 0.003 -19"><span class='ocrx_word' id='word_1_238' title='bbox 483 1922 706 1976; x_wconf 90' lang='lat' dir='ltr'><strong>domum</strong></span> <span class='ocrx_word' id='word_1_239' title='bbox 737 1937 845 1976; x_wconf 87' lang='lat' dir='ltr'><strong>una</strong></span> <span class='ocrx_word' id='word_1_240' title='bbox 886 1923 996 1995; x_wconf 67' lang='lat' dir='ltr'><strong>iam</strong></span> <span class='ocrx_word' id='word_1_241' title='bbox 1035 1925 1308 1979; x_wconf 91' lang='lat' dir='ltr'><strong>renovari.</strong></span> <span class='ocrx_word' id='word_1_242' title='bbox 1344 1923 1552 1979; x_wconf 85' lang='lat' dir='ltr'><strong>Horum</strong></span> <span class='ocrx_word' id='word_1_243' title='bbox 1596 1925 1756 1980; x_wconf 89' lang='lat' dir='ltr'><strong>nobis</strong></span> <span class='ocrx_word' id='word_1_244' title='bbox 1804 1940 2045 1994; x_wconf 72' lang='lat' dir='ltr'><strong>prazsens</strong></span> 
     </span>
    </p>
   </div>
   <div class='ocr_carea' id='block_1_37' title="bbox 484 2014 2046 2086">
    <p class='ocr_par' dir='ltr' id='par_1_37' title="bbox 484 2014 2046 2086">
     <span class='ocr_line' id='line_1_37' title="bbox 484 2014 2046 2086; baseline 0.001 -18"><span class='ocrx_word' id='word_1_245' title='bbox 484 2014 803 2069; x_wconf 82' lang='lat' dir='ltr'><strong>solemnitas</strong></span> <span class='ocrx_word' id='word_1_246' title='bbox 846 2015 1072 2085; x_wconf 88' lang='lat' dir='ltr'><strong>sponsio</strong></span> <span class='ocrx_word' id='word_1_247' title='bbox 1117 2024 1218 2071; x_wconf 90' lang='lat' dir='ltr'><strong>est.</strong></span> <span class='ocrx_word' id='word_1_248' title='bbox 1251 2015 1382 2086; x_wconf 92' lang='lat' dir='ltr'><strong>Ejus</strong></span> <span class='ocrx_word' id='word_1_249' title='bbox 1415 2031 1580 2071; x_wconf 91' lang='lat' dir='ltr'><strong>causa</strong></span> <span class='ocrx_word' id='word_1_250' title='bbox 1621 2016 1889 2070; x_wconf 85' lang='lat' dir='ltr'><strong>clamabat</strong></span> <span class='ocrx_word' id='word_1_251' title='bbox 1920 2017 2046 2070; x_wconf 81' lang='lat' dir='ltr'><strong>bea-</strong></span> 
     </span>
    </p>
   </div>
   <div class='ocr_carea' id='block_1_38' title="bbox 484 2101 2046 2176">
    <p class='ocr_par' dir='ltr' id='par_1_38' title="bbox 484 2101 2046 2176">
     <span class='ocr_line' id='line_1_38' title="bbox 484 2101 2046 2176; baseline 0 -20"><span class='ocrx_word' id='word_1_252' title='bbox 484 2111 576 2157; x_wconf 92' lang='lat' dir='ltr'><strong>tus</strong></span> <span class='ocrx_word' id='word_1_253' title='bbox 617 2103 817 2158; x_wconf 91' lang='lat' dir='ltr'><strong>Paulus</strong></span> <span class='ocrx_word' id='word_1_254' title='bbox 879 2119 976 2157; x_wconf 58' lang='lat'><strong>:1</strong></span> <span class='ocrx_word' id='word_1_255' title='bbox 1033 2102 1257 2176; x_wconf 89' lang='lat' dir='ltr'><strong>Oportet</strong></span> <span class='ocrx_word' id='word_1_256' title='bbox 1311 2103 1459 2160; x_wconf 87' lang='lat' dir='ltr'><strong>enim</strong></span> <span class='ocrx_word' id='word_1_257' title='bbox 1530 2103 1887 2172; x_wconf 87' lang='lat' dir='ltr'><strong>corruptibile</strong></span> <span class='ocrx_word' id='word_1_258' title='bbox 1942 2101 2046 2156; x_wconf 90' lang='lat' dir='ltr'><strong>hoc</strong></span> 
     </span>
    </p>
   </div>
   <div class='ocr_carea' id='block_1_39' title="bbox 483 2194 2047 2264">
    <p class='ocr_par' dir='ltr' id='par_1_39' title="bbox 483 2194 2047 2264">
     <span class='ocr_line' id='line_1_39' title="bbox 483 2194 2047 2264; baseline -0.001 -16"><span class='ocrx_word' id='word_1_259' title='bbox 483 2194 713 2250; x_wconf 89' lang='lat' dir='ltr'><strong>induere</strong></span> <span class='ocrx_word' id='word_1_260' title='bbox 761 2195 1250 2264; x_wconf 87' lang='lat' dir='ltr'><strong>incorruptionem,</strong></span> <span class='ocrx_word' id='word_1_261' title='bbox 1302 2201 1358 2250; x_wconf 89' lang='lat' dir='ltr'><strong>et</strong></span> <span class='ocrx_word' id='word_1_262' title='bbox 1406 2195 1634 2249; x_wconf 86' lang='lat' dir='ltr'><strong>mortale</strong></span> <span class='ocrx_word' id='word_1_263' title='bbox 1674 2195 1778 2248; x_wconf 85' lang='lat' dir='ltr'><strong>hoc</strong></span> <span class='ocrx_word' id='word_1_264' title='bbox 1821 2194 2047 2248; x_wconf 89' lang='lat' dir='ltr'><strong>induere</strong></span> 
     </span>
    </p>
   </div>
   <div class='ocr_carea' id='block_1_40' title="bbox 483 2285 2046 2357">
    <p class='ocr_par' dir='ltr' id='par_1_40' title="bbox 483 2285 2046 2357">
     <span class='ocr_line' id='line_1_40' title="bbox 483 2285 2046 2357; baseline 0.001 -17"><span class='ocrx_word' id='word_1_265' title='bbox 483 2285 948 2342; x_wconf 87' lang='lat' dir='ltr'><strong>immortalitatem</strong></span> <span class='ocrx_word' id='word_1_266' title='bbox 984 2285 1048 2341; x_wconf 76' lang='lat'><strong>“.</strong></span> <span class='ocrx_word' id='word_1_267' title='bbox 1103 2305 1122 2338; x_wconf 76' lang='grc' dir='ltr'><strong>ι</strong></span> <span class='ocrx_word' id='word_1_268' title='bbox 1156 2285 1394 2356; x_wconf 83' lang='lat' dir='ltr'><strong>Respuet</strong></span> <span class='ocrx_word' id='word_1_269' title='bbox 1440 2287 1582 2342; x_wconf 89' lang='lat' dir='ltr'><strong>enim</strong></span> <span class='ocrx_word' id='word_1_270' title='bbox 1633 2287 1824 2342; x_wconf 89' lang='lat' dir='ltr'><strong>mortis</strong></span> <span class='ocrx_word' id='word_1_271' title='bbox 1874 2287 2046 2357; x_wconf 84' lang='lat' dir='ltr'><strong>legem</strong></span> 
     </span>
    </p>
   </div>
   <div class='ocr_carea' id='block_1_41' title="bbox 483 2379 2048 2448">
    <p class='ocr_par' dir='ltr' id='par_1_41' title="bbox 483 2379 2048 2448">
     <span class='ocr_line' id='line_1_41' title="bbox 483 2379 2048 2448; baseline 0.001 -16"><span class='ocrx_word' id='word_1_272' title='bbox 483 2394 705 2448; x_wconf 90' lang='lat' dir='ltr'><strong>corpus,</strong></span> <span class='ocrx_word' id='word_1_273' title='bbox 763 2379 1190 2438; x_wconf 88' lang='lat' dir='ltr'><strong>immortalitatis</strong></span> <span class='ocrx_word' id='word_1_274' title='bbox 1248 2379 1474 2435; x_wconf 83' lang='lat' dir='ltr'><strong>ﬂoribus</strong></span> <span class='ocrx_word' id='word_1_275' title='bbox 1529 2388 1870 2434; x_wconf 89' lang='lat' dir='ltr'><strong>coronatum.</strong></span> <span class='ocrx_word' id='word_1_276' title='bbox 1937 2380 2048 2436; x_wconf 84' lang='lat' dir='ltr'><strong>Nec</strong></span> 
     </span>
    </p>
   </div>
   <div class='ocr_carea' id='block_1_42' title="bbox 484 2459 2048 2543">
    <p class='ocr_par' dir='ltr' id='par_1_42' title="bbox 484 2459 2048 2543">
     <span class='ocr_line' id='line_1_42' title="bbox 484 2459 2048 2543; baseline 0.003 -21"><span class='ocrx_word' id='word_1_277' title='bbox 484 2469 656 2523; x_wconf 91' lang='lat' dir='ltr'><strong>ullum</strong></span> <span class='ocrx_word' id='word_1_278' title='bbox 705 2469 938 2539; x_wconf 89' lang='lat' dir='ltr'><strong>reperiet</strong></span> <span class='ocrx_word' id='word_1_279' title='bbox 990 2471 1168 2526; x_wconf 91' lang='lat' dir='ltr'><strong>locum</strong></span> <span class='ocrx_word' id='word_1_280' title='bbox 1229 2459 1528 2540; x_wconf 83' lang='lat' dir='ltr'><strong>corruptio,</strong></span> <span class='ocrx_word' id='word_1_281' title='bbox 1590 2472 1750 2543; x_wconf 80' lang='lat'><strong>393</strong></span> <span class='ocrx_word' id='word_1_282' title='bbox 1801 2473 2048 2527; x_wconf 88' lang='lat' dir='ltr'><strong>elucente</strong></span> 
     </span>
    </p>
   </div>
   <div class='ocr_carea' id='block_1_43' title="bbox 485 2560 2048 2634">
    <p class='ocr_par' dir='ltr' id='par_1_43' title="bbox 485 2560 2048 2634">
     <span class='ocr_line' id='line_1_43' title="bbox 485 2560 2048 2634; baseline 0.003 -19"><span class='ocrx_word' id='word_1_283' title='bbox 485 2561 916 2633; x_wconf 88' lang='lat' dir='ltr'><strong>incorruptione.</strong></span> <span class='ocrx_word' id='word_1_284' title='bbox 957 2560 1002 2618; x_wconf 91' lang='grc' dir='ltr'><strong>Ο</strong></span> <span class='ocrx_word' id='word_1_285' title='bbox 1053 2579 1306 2634; x_wconf 86' lang='lat' dir='ltr'><strong>magnam</strong></span> <span class='ocrx_word' id='word_1_286' title='bbox 1342 2581 1521 2620; x_wconf 90' lang='lat' dir='ltr'><strong>rerum</strong></span> <span class='ocrx_word' id='word_1_287' title='bbox 1578 2567 1964 2621; x_wconf 82' lang='lat' dir='ltr'><strong>mutationem!</strong></span> <span class='ocrx_word' id='word_1_288' title='bbox 2014 2580 2048 2620; x_wconf 90' lang='grc' dir='ltr'><strong>ο</strong></span> 
     </span>
    </p>
   </div>
   <div class='ocr_carea' id='block_1_44' title="bbox 485 2655 2048 2726">
    <p class='ocr_par' dir='ltr' id='par_1_44' title="bbox 485 2655 2048 2726">
     <span class='ocr_line' id='line_1_44' title="bbox 485 2655 2048 2726; baseline 0.002 -18"><span class='ocrx_word' id='word_1_289' title='bbox 485 2655 900 2711; x_wconf 90' lang='lat' dir='ltr'><strong>conversionem</strong></span> <span class='ocrx_word' id='word_1_290' title='bbox 958 2670 1078 2726; x_wconf 88' lang='lat' dir='ltr'><strong>quae</strong></span> <span class='ocrx_word' id='word_1_291' title='bbox 1133 2663 1328 2726; x_wconf 77' lang='lat' dir='ltr'><strong>praeter</strong></span> <span class='ocrx_word' id='word_1_292' title='bbox 1381 2673 1530 2726; x_wconf 89' lang='lat' dir='ltr'><strong>spem</strong></span> <span class='ocrx_word' id='word_1_293' title='bbox 1585 2657 1812 2713; x_wconf 84' lang='lat' dir='ltr'><strong>accidit!</strong></span> <span class='ocrx_word' id='word_1_294' title='bbox 1855 2672 1887 2712; x_wconf 92' lang='grc' dir='ltr'><strong>ο</strong></span> <span class='ocrx_word' id='word_1_295' title='bbox 1932 2672 2048 2711; x_wconf 83' lang='lat' dir='ltr'><strong>ma-</strong></span> 
     </span>
    </p>
   </div>
   <div class='ocr_carea' id='block_1_45' title="bbox 485 2747 2048 2819">
    <p class='ocr_par' dir='ltr' id='par_1_45' title="bbox 485 2747 2048 2819">
     <span class='ocr_line' id='line_1_45' title="bbox 485 2747 2048 2819; baseline 0.001 -19"><span class='ocrx_word' id='word_1_296' title='bbox 485 2762 654 2818; x_wconf 87' lang='lat' dir='ltr'><strong>gnum</strong></span> <span class='ocrx_word' id='word_1_297' title='bbox 716 2747 923 2802; x_wconf 91' lang='lat' dir='ltr'><strong>luctum</strong></span> <span class='ocrx_word' id='word_1_298' title='bbox 979 2748 1037 2802; x_wconf 92' lang='lat' dir='ltr'><strong>in</strong></span> <span class='ocrx_word' id='word_1_299' title='bbox 1093 2763 1343 2819; x_wconf 86' lang='lat' dir='ltr'><strong>magnam</strong></span> <span class='ocrx_word' id='word_1_300' title='bbox 1408 2764 1624 2803; x_wconf 90' lang='lat' dir='ltr'><strong>versum</strong></span> <span class='ocrx_word' id='word_1_301' title='bbox 1680 2748 1960 2803; x_wconf 60' lang='lat' dir='ltr'><strong>la&#39;titiam!</strong></span> <span class='ocrx_word' id='word_1_302' title='bbox 2013 2763 2048 2802; x_wconf 91' lang='grc' dir='ltr'><strong>ο</strong></span> 
     </span>
    </p>
   </div>
   <div class='ocr_carea' id='block_1_46' title="bbox 484 2837 2046 2910">
    <p class='ocr_par' dir='ltr' id='par_1_46' title="bbox 484 2837 2046 2910">
     <span class='ocr_line' id='line_1_46' title="bbox 484 2837 2046 2910; baseline 0.001 -19"><span class='ocrx_word' id='word_1_303' title='bbox 484 2837 743 2906; x_wconf 78' lang='lat' dir='ltr'><strong>gaudium</strong></span> <span class='ocrx_word' id='word_1_304' title='bbox 784 2838 1147 2894; x_wconf 85' lang='lat' dir='ltr'><strong>calamitatem</strong></span> <span class='ocrx_word' id='word_1_305' title='bbox 1193 2840 1510 2910; x_wconf 86' lang='lat' dir='ltr'><strong>excipiens!</strong></span> <span class='ocrx_word' id='word_1_306' title='bbox 1553 2839 1725 2910; x_wconf 80' lang='lat' dir='ltr'><strong>Auget</strong></span> <span class='ocrx_word' id='word_1_307' title='bbox 1762 2839 1907 2894; x_wconf 86' lang='lat' dir='ltr'><strong>enim</strong></span> <span class='ocrx_word' id='word_1_308' title='bbox 1939 2837 2046 2894; x_wconf 88' lang='lat' dir='ltr'><strong>diei</strong></span> 
     </span>
    </p>
   </div>
   <div class='ocr_carea' id='block_1_47' title="bbox 484 2927 2048 3001">
    <p class='ocr_par' dir='ltr' id='par_1_47' title="bbox 484 2927 2048 3001">
     <span class='ocr_line' id='line_1_47' title="bbox 484 2927 2048 3001; baseline 0.002 -20"><span class='ocrx_word' id='word_1_309' title='bbox 484 2928 612 2983; x_wconf 79' lang='lat' dir='ltr'><strong>festi</strong></span> <span class='ocrx_word' id='word_1_310' title='bbox 660 2927 873 2993; x_wconf 84' lang='lat' dir='ltr'><strong>laudes,</strong></span> <span class='ocrx_word' id='word_1_311' title='bbox 918 2927 1132 2985; x_wconf 78' lang='lat' dir='ltr'><strong>Veteris</strong></span> <span class='ocrx_word' id='word_1_312' title='bbox 1186 2930 1431 3001; x_wconf 89' lang='lat' dir='ltr'><strong>Novique</strong></span> <span class='ocrx_word' id='word_1_313' title='bbox 1475 2930 1808 2986; x_wconf 88' lang='lat' dir='ltr'><strong>Testamenti</strong></span> <span class='ocrx_word' id='word_1_314' title='bbox 1867 2946 2048 2985; x_wconf 89' lang='lat' dir='ltr'><strong>recor-</strong></span> 
     </span>
    </p>
   </div>
   <div class='ocr_carea' id='block_1_48' title="bbox 2147 1922 3710 2002">
    <p class='ocr_par' dir='ltr' id='par_1_48' title="bbox 2147 1922 3710 2002">
     <span class='ocr_line' id='line_1_48' title="bbox 2147 1922 3710 2002; baseline 0.002 -23"><span class='ocrx_word' id='word_1_315' title='bbox 2147 1926 2568 2002; x_wconf 76' lang='grc' dir='ltr'>νουργουμένης,</span> <span class='ocrx_word' id='word_1_316' title='bbox 2610 1927 2705 1980; x_wconf 79' lang='grc' dir='ltr'><strong>καὶ</strong></span> <span class='ocrx_word' id='word_1_317' title='bbox 2743 1927 2903 1981; x_wconf 80' lang='grc' dir='ltr'>αὐτὸν</span> <span class='ocrx_word' id='word_1_318' title='bbox 2929 1927 3019 1980; x_wconf 84' lang='grc' dir='ltr'><strong>τὸν</strong></span> <span class='ocrx_word' id='word_1_319' title='bbox 3048 1927 3146 1997; x_wconf 89' lang='grc' dir='ltr'><strong>τῆς</strong></span> <span class='ocrx_word' id='word_1_320' title='bbox 3175 1927 3379 1989; x_wconf 74' lang='grc' dir='ltr'>εἰκόνος</span> <span class='ocrx_word' id='word_1_321' title='bbox 3410 1922 3554 1981; x_wconf 76' lang='grc' dir='ltr'>οἷκον</span> <span class='ocrx_word' id='word_1_322' title='bbox 3589 1944 3710 1982; x_wconf 86' lang='grc' dir='ltr'>συν-</span> 
     </span>
    </p>
   </div>
   <div class='ocr_carea' id='block_1_49' title="bbox 2145 2017 3710 2090">
    <p class='ocr_par' dir='ltr' id='par_1_49' title="bbox 2145 2017 3710 2090">
     <span class='ocr_line' id='line_1_49' title="bbox 2145 2017 3710 2090; baseline 0.001 -20"><span class='ocrx_word' id='word_1_323' title='bbox 2145 2017 2545 2082; x_wconf 82' lang='grc' dir='ltr'>ανακτίζεσθαι.</span> <span class='ocrx_word' id='word_1_324' title='bbox 2572 2018 2787 2072; x_wconf 79' lang='grc' dir='ltr'>Τούτων</span> <span class='ocrx_word' id='word_1_325' title='bbox 2818 2020 2945 2089; x_wconf 79' lang='grc' dir='ltr'>ἡμῖν</span> <span class='ocrx_word' id='word_1_326' title='bbox 2972 2019 3240 2090; x_wconf 79' lang='grc' dir='ltr'>ἐγγυητὴς</span> <span class='ocrx_word' id='word_1_327' title='bbox 3271 2019 3557 2089; x_wconf 85' lang='grc' dir='ltr'>σήμερονὴ</span> <span class='ocrx_word' id='word_1_328' title='bbox 3574 2036 3710 2089; x_wconf 87' lang='grc' dir='ltr'>παρ-</span> 
     </span>
    </p>
   </div>
   <div class='ocr_carea' id='block_1_50' title="bbox 2147 2107 3709 2180">
    <p class='ocr_par' dir='ltr' id='par_1_50' title="bbox 2147 2107 3709 2180">
     <span class='ocr_line' id='line_1_50' title="bbox 2147 2107 3709 2180; baseline -0.001 -19"><span class='ocrx_word' id='word_1_329' title='bbox 2147 2107 2284 2162; x_wconf 89' lang='grc' dir='ltr'>οῦσα</span> <span class='ocrx_word' id='word_1_330' title='bbox 2349 2110 2673 2180; x_wconf 87' lang='grc' dir='ltr'>πανήγυρις.</span> <span class='ocrx_word' id='word_1_331' title='bbox 2734 2109 2833 2164; x_wconf 79' lang='grc' dir='ltr'><strong>Διὰ</strong></span> <span class='ocrx_word' id='word_1_332' title='bbox 2876 2108 3080 2180; x_wconf 87' lang='grc' dir='ltr'>ταύτην</span> <span class='ocrx_word' id='word_1_333' title='bbox 3123 2110 3152 2162; x_wconf 84' lang='grc' dir='ltr'>ὁ</span> <span class='ocrx_word' id='word_1_334' title='bbox 3200 2109 3464 2180; x_wconf 87' lang='grc' dir='ltr'>μακάριος</span> <span class='ocrx_word' id='word_1_335' title='bbox 3513 2107 3709 2178; x_wconf 78' lang='grc' dir='ltr'>ἔκραζε</span> 
     </span>
    </p>
   </div>
   <div class='ocr_carea' id='block_1_51' title="bbox 2146 2200 3710 2273">
    <p class='ocr_par' dir='ltr' id='par_1_51' title="bbox 2146 2200 3710 2273">
     <span class='ocr_line' id='line_1_51' title="bbox 2146 2200 3710 2273; baseline 0.001 -19"><span class='ocrx_word' id='word_1_336' title='bbox 2146 2201 2377 2264; x_wconf 81' lang='grc' dir='ltr'>Παῦλος·</span> <span class='ocrx_word' id='word_1_337' title='bbox 2436 2219 2455 2252; x_wconf 79' lang='grc' dir='ltr'><strong>ι</strong></span> <span class='ocrx_word' id='word_1_338' title='bbox 2500 2203 2591 2254; x_wconf 82' lang='grc' dir='ltr'>Δεῖ</span> <span class='ocrx_word' id='word_1_339' title='bbox 2627 2200 2735 2273; x_wconf 85' lang='grc' dir='ltr'>γὰρ</span> <span class='ocrx_word' id='word_1_340' title='bbox 2784 2201 2846 2254; x_wconf 85' lang='grc' dir='ltr'><strong>τὸ</strong></span> <span class='ocrx_word' id='word_1_341' title='bbox 2899 2201 3132 2273; x_wconf 83' lang='grc' dir='ltr'>φθαρτὸν</span> <span class='ocrx_word' id='word_1_342' title='bbox 3182 2200 3339 2254; x_wconf 85' lang='grc' dir='ltr'>τοῦτο</span> <span class='ocrx_word' id='word_1_343' title='bbox 3393 2201 3710 2255; x_wconf 75' lang='grc' dir='ltr'>ἐνδύσασθαι</span> 
     </span>
    </p>
   </div>
   <div class='ocr_carea' id='block_1_52' title="bbox 2145 2275 3704 2362">
    <p class='ocr_par' dir='ltr' id='par_1_52' title="bbox 2145 2275 3704 2362">
     <span class='ocr_line' id='line_1_52' title="bbox 2145 2275 3704 2362; baseline -0.001 -16"><span class='ocrx_word' id='word_1_344' title='bbox 2145 2291 2565 2362; x_wconf 70' lang='grc' dir='ltr'>ἁφθαρσίαν,καὶ</span> <span class='ocrx_word' id='word_1_345' title='bbox 2579 2291 2638 2345; x_wconf 85' lang='grc' dir='ltr'><strong>τὸ</strong></span> <span class='ocrx_word' id='word_1_346' title='bbox 2656 2275 2844 2362; x_wconf 82' lang='grc' dir='ltr'>θνητὸν</span> <span class='ocrx_word' id='word_1_347' title='bbox 2858 2292 3014 2346; x_wconf 90' lang='grc' dir='ltr'>τοῦτο</span> <span class='ocrx_word' id='word_1_348' title='bbox 3027 2292 3342 2346; x_wconf 80' lang='grc' dir='ltr'>ἐνδύσασθαι</span> <span class='ocrx_word' id='word_1_349' title='bbox 3359 2292 3672 2346; x_wconf 87' lang='grc' dir='ltr'>ἀθανασίαν.</span> <span class='ocrx_word' id='word_1_350' title='bbox 3686 2313 3704 2344; x_wconf 72' lang='grc' dir='ltr'><strong>ι</strong></span> 
     </span>
    </p>
   </div>
   <div class='ocr_carea' id='block_1_53' title="bbox 2159 2384 3711 2457">
    <p class='ocr_par' dir='ltr' id='par_1_53' title="bbox 2159 2384 3711 2457">
     <span class='ocr_line' id='line_1_53' title="bbox 2159 2384 3711 2457; baseline 0.002 -21"><span class='ocrx_word' id='word_1_351' title='bbox 2159 2384 2472 2456; x_wconf 87' lang='grc' dir='ltr'>Ἀρνήσεται</span> <span class='ocrx_word' id='word_1_352' title='bbox 2494 2384 2601 2456; x_wconf 81' lang='grc' dir='ltr'><strong>γάρ</strong></span> <span class='ocrx_word' id='word_1_353' title='bbox 2622 2385 2847 2438; x_wconf 85' lang='grc' dir='ltr'>θανάτου</span> <span class='ocrx_word' id='word_1_354' title='bbox 2868 2386 3026 2457; x_wconf 85' lang='grc' dir='ltr'>νόμον</span> <span class='ocrx_word' id='word_1_355' title='bbox 3050 2385 3111 2438; x_wconf 83' lang='grc' dir='ltr'>τὸ</span> <span class='ocrx_word' id='word_1_356' title='bbox 3133 2386 3308 2456; x_wconf 84' lang='grc' dir='ltr'>σῶμα,</span> <span class='ocrx_word' id='word_1_357' title='bbox 3330 2389 3438 2448; x_wconf 83' lang='grc' dir='ltr'>τοῖς</span> <span class='ocrx_word' id='word_1_358' title='bbox 3459 2386 3557 2455; x_wconf 82' lang='grc' dir='ltr'><strong>τῆς</strong></span> <span class='ocrx_word' id='word_1_359' title='bbox 3577 2385 3711 2439; x_wconf 86' lang='grc' dir='ltr'>ἀθα-</span> 
     </span>
    </p>
   </div>
   <div class='ocr_carea' id='block_1_54' title="bbox 2147 2475 3713 2549">
    <p class='ocr_par' dir='ltr' id='par_1_54' title="bbox 2147 2475 3713 2549">
     <span class='ocr_line' id='line_1_54' title="bbox 2147 2475 3713 2549; baseline 0.001 -21"><span class='ocrx_word' id='word_1_360' title='bbox 2147 2475 2338 2542; x_wconf 89' lang='grc' dir='ltr'>νασίας</span> <span class='ocrx_word' id='word_1_361' title='bbox 2370 2476 2795 2548; x_wconf 85' lang='grc' dir='ltr'>στεφανούμενον</span> <span class='ocrx_word' id='word_1_362' title='bbox 2832 2477 3035 2534; x_wconf 85' lang='grc' dir='ltr'>ἄνθεσι·</span> <span class='ocrx_word' id='word_1_363' title='bbox 3065 2481 3158 2530; x_wconf 73' lang='grc' dir='ltr'>καὶ</span> <span class='ocrx_word' id='word_1_364' title='bbox 3190 2477 3371 2549; x_wconf 80' lang='grc' dir='ltr'>χώραν</span> <span class='ocrx_word' id='word_1_365' title='bbox 3402 2479 3501 2548; x_wconf 76' lang='grc' dir='ltr'><strong>οὐχ</strong></span> <span class='ocrx_word' id='word_1_366' title='bbox 3531 2479 3713 2546; x_wconf 76' lang='grc' dir='ltr'>ὑφέξει</span> 
     </span>
    </p>
   </div>
   <div class='ocr_carea' id='block_1_55' title="bbox 2147 2564 3713 2642">
    <p class='ocr_par' dir='ltr' id='par_1_55' title="bbox 2147 2564 3713 2642">
     <span class='ocr_line' id='line_1_55' title="bbox 2147 2564 3713 2642; baseline -0.017 -7"><span class='ocrx_word' id='word_1_367' title='bbox 2147 2564 2342 2637; x_wconf 66' lang='grc' dir='ltr'>φθορὰν</span> <span class='ocrx_word' id='word_1_368' title='bbox 2376 2567 2477 2636; x_wconf 82' lang='grc' dir='ltr'><strong>τῆς</strong></span> <span class='ocrx_word' id='word_1_369' title='bbox 2527 2566 2833 2638; x_wconf 75' lang='grc' dir='ltr'>ἀφθαρσίας</span> <span class='ocrx_word' id='word_1_370' title='bbox 2880 2569 3293 2642; x_wconf 86' lang='grc' dir='ltr'>ἐπιλαμπούσης</span> <span class='ocrx_word' id='word_1_371' title='bbox 3333 2569 3467 2641; x_wconf 83' lang='grc'><strong>(65),</strong></span> <span class='ocrx_word' id='word_1_372' title='bbox 3519 2571 3585 2622; x_wconf 82' lang='grc' dir='ltr'><strong>’Ὠ</strong></span> <span class='ocrx_word' id='word_1_373' title='bbox 3615 2572 3713 2641; x_wconf 68' lang='grc' dir='ltr'><strong>τῆς</strong></span> 
     </span>
    </p>
   </div>
   <div class='ocr_carea' id='block_1_56' title="bbox 2150 2655 3714 2730">
    <p class='ocr_par' dir='ltr' id='par_1_56' title="bbox 2150 2655 3714 2730">
     <span class='ocr_line' id='line_1_56' title="bbox 2150 2655 3714 2730; baseline -0.01 -4"><span class='ocrx_word' id='word_1_374' title='bbox 2150 2655 2390 2727; x_wconf 79' lang='grc' dir='ltr'>μεγάλης</span> <span class='ocrx_word' id='word_1_375' title='bbox 2430 2657 2540 2710; x_wconf 80' lang='grc' dir='ltr'>τῶν</span> <span class='ocrx_word' id='word_1_376' title='bbox 2578 2657 2912 2728; x_wconf 86' lang='grc' dir='ltr'>πραγμάτων</span> <span class='ocrx_word' id='word_1_377' title='bbox 2963 2659 3291 2730; x_wconf 74' lang='grc' dir='ltr'>μεταϐολῆςῐ</span> <span class='ocrx_word' id='word_1_378' title='bbox 3343 2660 3388 2711; x_wconf 84' lang='grc' dir='ltr'>ὢ</span> <span class='ocrx_word' id='word_1_379' title='bbox 3436 2660 3536 2730; x_wconf 90' lang='grc' dir='ltr'><strong>τῆς</strong></span> <span class='ocrx_word' id='word_1_380' title='bbox 3574 2660 3714 2730; x_wconf 80' lang='grc' dir='ltr'>ὑπὲρ</span> 
     </span>
    </p>
   </div>
   <div class='ocr_carea' id='block_1_57' title="bbox 2145 2745 3715 2820">
    <p class='ocr_par' dir='ltr' id='par_1_57' title="bbox 2145 2745 3715 2820">
     <span class='ocr_line' id='line_1_57' title="bbox 2145 2745 3715 2820; baseline 0.003 -23"><span class='ocrx_word' id='word_1_381' title='bbox 2145 2745 2368 2810; x_wconf 81' lang='grc' dir='ltr'>ἐλπίδας</span> <span class='ocrx_word' id='word_1_382' title='bbox 2394 2747 2725 2818; x_wconf 76' lang='grc' dir='ltr'>ἐναλλαγῆςί</span> <span class='ocrx_word' id='word_1_383' title='bbox 2754 2747 2799 2801; x_wconf 83' lang='grc' dir='ltr'><strong>ὣ</strong></span> <span class='ocrx_word' id='word_1_384' title='bbox 2830 2750 3061 2818; x_wconf 86' lang='grc' dir='ltr'>μεγάλου</span> <span class='ocrx_word' id='word_1_385' title='bbox 3089 2750 3315 2813; x_wconf 80' lang='grc' dir='ltr'>πένθους</span> <span class='ocrx_word' id='word_1_386' title='bbox 3346 2752 3424 2813; x_wconf 87' lang='grc' dir='ltr'><strong>είς</strong></span> <span class='ocrx_word' id='word_1_387' title='bbox 3452 2750 3715 2820; x_wconf 82' lang='grc' dir='ltr'>εὐθυμίαν</span> 
     </span>
    </p>
   </div>
   <div class='ocr_carea' id='block_1_58' title="bbox 2147 2836 3712 2911">
    <p class='ocr_par' dir='ltr' id='par_1_58' title="bbox 2147 2836 3712 2911">
     <span class='ocr_line' id='line_1_58' title="bbox 2147 2836 3712 2911; baseline 0.002 -22"><span class='ocrx_word' id='word_1_388' title='bbox 2147 2836 2543 2908; x_wconf 79' lang='grc' dir='ltr'>καταλήξαντος</span> <span class='ocrx_word' id='word_1_389' title='bbox 2566 2839 2583 2890; x_wconf 73' lang='grc' dir='ltr'><strong>ί</strong></span> <span class='ocrx_word' id='word_1_390' title='bbox 2611 2838 2656 2891; x_wconf 82' lang='grc' dir='ltr'><strong>ὣ</strong></span> <span class='ocrx_word' id='word_1_391' title='bbox 2677 2840 2849 2910; x_wconf 79' lang='grc' dir='ltr'>χαρᾶς</span> <span class='ocrx_word' id='word_1_392' title='bbox 2871 2839 3252 2910; x_wconf 75' lang='grc' dir='ltr'>διαδεξαμένης</span> <span class='ocrx_word' id='word_1_393' title='bbox 3277 2839 3375 2910; x_wconf 82' lang='grc' dir='ltr'>τὴν</span> <span class='ocrx_word' id='word_1_394' title='bbox 3402 2841 3712 2911; x_wconf 75' lang='grc' dir='ltr'>συμφοράνῑ</span> 
     </span>
    </p>
   </div>
   <div class='ocr_carea' id='block_1_59' title="bbox 2146 2925 3718 2999">
    <p class='ocr_par' dir='ltr' id='par_1_59' title="bbox 2146 2925 3718 2999">
     <span class='ocr_line' id='line_1_59' title="bbox 2146 2925 3718 2999; baseline 0.003 -21"><span class='ocrx_word' id='word_1_395' title='bbox 2146 2925 2308 2991; x_wconf 82' lang='grc' dir='ltr'>Αῦξει</span> <span class='ocrx_word' id='word_1_396' title='bbox 2327 2926 2455 2998; x_wconf 84' lang='grc' dir='ltr'>γὰρ,</span> <span class='ocrx_word' id='word_1_397' title='bbox 2478 2925 2628 2992; x_wconf 74' lang='grc' dir='ltr'>αὔξει</span> <span class='ocrx_word' id='word_1_398' title='bbox 2651 2926 2752 2996; x_wconf 86' lang='grc' dir='ltr'><strong>τῆς</strong></span> <span class='ocrx_word' id='word_1_399' title='bbox 2774 2928 2968 2998; x_wconf 83' lang='grc' dir='ltr'>ἐορτῆς</span> <span class='ocrx_word' id='word_1_400' title='bbox 2987 2929 3084 2999; x_wconf 80' lang='grc' dir='ltr'>τὴν</span> <span class='ocrx_word' id='word_1_401' title='bbox 3109 2928 3412 2997; x_wconf 77' lang='grc' dir='ltr'>δοξολογίαν</span> <span class='ocrx_word' id='word_1_402' title='bbox 3429 2928 3541 2999; x_wconf 65' lang='grc'><strong>(6-4)</strong></span> <span class='ocrx_word' id='word_1_403' title='bbox 3562 2932 3596 2999; x_wconf 82' lang='grc' dir='ltr'>ἠ</span> <span class='ocrx_word' id='word_1_404' title='bbox 3617 2930 3718 2999; x_wconf 81' lang='grc' dir='ltr'><strong>τῆς</strong></span> 
     </span>
    </p>
   </div>
   <div class='ocr_carea' id='block_1_60' title="bbox 485 3015 2047 3097">
    <p class='ocr_par' dir='ltr' id='par_1_60' title="bbox 485 3018 2047 3090">
     <span class='ocr_line' id='line_1_60' title="bbox 485 3018 2047 3090; baseline 0.001 -18"><span class='ocrx_word' id='word_1_405' title='bbox 485 3019 656 3075; x_wconf 88' lang='lat' dir='ltr'><strong>datio.</strong></span> <span class='ocrx_word' id='word_1_406' title='bbox 689 3018 921 3074; x_wconf 78' lang='lat' dir='ltr'><strong>Eramus</strong></span> <span class='ocrx_word' id='word_1_407' title='bbox 949 3021 1148 3090; x_wconf 86' lang='lat' dir='ltr'><strong>quippe</strong></span> <span class='ocrx_word' id='word_1_408' title='bbox 1182 3028 1309 3076; x_wconf 88' lang='lat' dir='ltr'><strong>ante</strong></span> <span class='ocrx_word' id='word_1_409' title='bbox 1336 3021 1390 3075; x_wconf 92' lang='lat' dir='ltr'><strong>in</strong></span> <span class='ocrx_word' id='word_1_410' title='bbox 1420 3021 1673 3090; x_wconf 91' lang='lat' dir='ltr'><strong>paradiso</strong></span> <span class='ocrx_word' id='word_1_411' title='bbox 1699 3036 1766 3076; x_wconf 84' lang='lat' dir='ltr'><strong>ex</strong></span> <span class='ocrx_word' id='word_1_412' title='bbox 1795 3020 1886 3075; x_wconf 90' lang='lat' dir='ltr'><strong>Dei</strong></span> <span class='ocrx_word' id='word_1_413' title='bbox 1920 3036 2047 3090; x_wconf 87' lang='lat' dir='ltr'><strong>erga</strong></span> 
     </span>
    </p>
   </div>
   <div class='ocr_carea' id='block_1_61' title="bbox 2154 3015 3720 3097">
    <p class='ocr_par' dir='ltr' id='par_1_61' title="bbox 2154 3015 3720 3090">
     <span class='ocr_line' id='line_1_61' title="bbox 2154 3015 3720 3090; baseline 0.001 -20"><span class='ocrx_word' id='word_1_414' title='bbox 2154 3017 2388 3080; x_wconf 81' lang='grc' dir='ltr'>Παλαιᾶς</span> <span class='ocrx_word' id='word_1_415' title='bbox 2405 3019 2499 3070; x_wconf 72' lang='grc' dir='ltr'><strong>καὶ</strong></span> <span class='ocrx_word' id='word_1_416' title='bbox 2523 3017 2666 3080; x_wconf 82' lang='grc' dir='ltr'>Νέας</span> <span class='ocrx_word' id='word_1_417' title='bbox 2690 3016 2959 3088; x_wconf 86' lang='grc' dir='ltr'>Διαθήκης</span> <span class='ocrx_word' id='word_1_418' title='bbox 2983 3019 3302 3088; x_wconf 84' lang='grc' dir='ltr'>ὑπόμνησις.</span> <span class='ocrx_word' id='word_1_419' title='bbox 3322 3015 3504 3088; x_wconf 87' lang='grc' dir='ltr'>Ἦμεν</span> <span class='ocrx_word' id='word_1_420' title='bbox 3530 3018 3642 3090; x_wconf 77' lang='grc' dir='ltr'>γὰρ</span> <span class='ocrx_word' id='word_1_421' title='bbox 3663 3021 3720 3072; x_wconf 85' lang='grc' dir='ltr'><strong>ἐν</strong></span> 
     </span>
    </p>
   </div>
   <div class='ocr_carea' id='block_1_62' title="bbox 487 3109 2050 3184">
    <p class='ocr_par' dir='ltr' id='par_1_62' title="bbox 487 3109 2050 3184">
     <span class='ocr_line' id='line_1_62' title="bbox 487 3109 2050 3184; baseline 0.002 -21"><span class='ocrx_word' id='word_1_422' title='bbox 487 3110 740 3166; x_wconf 87' lang='lat' dir='ltr'><strong>homines</strong></span> <span class='ocrx_word' id='word_1_423' title='bbox 773 3109 1129 3180; x_wconf 89' lang='lat' dir='ltr'><strong>benignitate,</strong></span> <span class='ocrx_word' id='word_1_424' title='bbox 1177 3112 1331 3167; x_wconf 91' lang='lat' dir='ltr'><strong>nullo</strong></span> <span class='ocrx_word' id='word_1_425' title='bbox 1378 3113 1564 3168; x_wconf 90' lang='lat' dir='ltr'><strong>labore</strong></span> <span class='ocrx_word' id='word_1_426' title='bbox 1614 3123 1824 3184; x_wconf 84' lang='lat' dir='ltr'><strong>partam</strong></span> <span class='ocrx_word' id='word_1_427' title='bbox 1879 3111 2050 3182; x_wconf 89' lang='lat' dir='ltr'><strong>possi-</strong></span> 
     </span>
    </p>
   </div>
   <div class='ocr_carea' id='block_1_63' title="bbox 485 3201 2050 3274">
    <p class='ocr_par' dir='ltr' id='par_1_63' title="bbox 485 3201 2050 3274">
     <span class='ocr_line' id='line_1_63' title="bbox 485 3201 2050 3274; baseline -0.001 -15"><span class='ocrx_word' id='word_1_428' title='bbox 485 3205 678 3259; x_wconf 80' lang='lat' dir='ltr'><strong>dentes</strong></span> <span class='ocrx_word' id='word_1_429' title='bbox 701 3203 1055 3274; x_wconf 87' lang='lat' dir='ltr'><strong>voluptatem.</strong></span> <span class='ocrx_word' id='word_1_430' title='bbox 1098 3203 1348 3259; x_wconf 89' lang='lat' dir='ltr'><strong>Accessit</strong></span> <span class='ocrx_word' id='word_1_431' title='bbox 1400 3219 1628 3274; x_wconf 89' lang='lat' dir='ltr'><strong>serpens</strong></span> <span class='ocrx_word' id='word_1_432' title='bbox 1667 3201 1898 3258; x_wconf 81' lang='lat' dir='ltr'><strong>eii&#39;ossor</strong></span> <span class='ocrx_word' id='word_1_433' title='bbox 1927 3219 2050 3258; x_wconf 90' lang='lat' dir='ltr'><strong>mu-</strong></span> 
     </span>
    </p>
   </div>
   <div class='ocr_carea' id='block_1_64' title="bbox 485 3294 2050 3365">
    <p class='ocr_par' dir='ltr' id='par_1_64' title="bbox 485 3294 2050 3365">
     <span class='ocr_line' id='line_1_64' title="bbox 485 3294 2050 3365; baseline 0 -15"><span class='ocrx_word' id='word_1_434' title='bbox 485 3310 696 3358; x_wconf 88' lang='lat' dir='ltr'><strong>rorum,</strong></span> <span class='ocrx_word' id='word_1_435' title='bbox 730 3295 823 3365; x_wconf 89' lang='lat' dir='ltr'><strong>qui</strong></span> <span class='ocrx_word' id='word_1_436' title='bbox 855 3294 1125 3364; x_wconf 89' lang='lat' dir='ltr'><strong>ejusmodi</strong></span> <span class='ocrx_word' id='word_1_437' title='bbox 1160 3295 1490 3364; x_wconf 89' lang='lat' dir='ltr'><strong>voluptatem</strong></span> <span class='ocrx_word' id='word_1_438' title='bbox 1536 3295 1778 3361; x_wconf 90' lang='lat' dir='ltr'><strong>abstulit,</strong></span> <span class='ocrx_word' id='word_1_439' title='bbox 1807 3302 1862 3348; x_wconf 88' lang='lat' dir='ltr'><strong>et</strong></span> <span class='ocrx_word' id='word_1_440' title='bbox 1905 3295 2050 3364; x_wconf 92' lang='lat' dir='ltr'><strong>quod</strong></span> 
     </span>
    </p>
   </div>
   <div class='ocr_carea' id='block_1_65' title="bbox 487 3386 2050 3456">
    <p class='ocr_par' dir='ltr' id='par_1_65' title="bbox 487 3386 2050 3456">
     <span class='ocr_line' id='line_1_65' title="bbox 487 3386 2050 3456; baseline 0.001 -16"><span class='ocrx_word' id='word_1_441' title='bbox 487 3402 658 3456; x_wconf 70' lang='lat' dir='ltr'><strong>genus</strong></span> <span class='ocrx_word' id='word_1_442' title='bbox 695 3387 1057 3456; x_wconf 81' lang='lat' dir='ltr'><strong>cxspoliatum</strong></span> <span class='ocrx_word' id='word_1_443' title='bbox 1101 3386 1298 3450; x_wconf 82' lang='lat' dir='ltr'><strong>fuerat,</strong></span> <span class='ocrx_word' id='word_1_444' title='bbox 1332 3401 1484 3441; x_wconf 91' lang='lat' dir='ltr'><strong>reum</strong></span> <span class='ocrx_word' id='word_1_445' title='bbox 1530 3387 1660 3456; x_wconf 83' lang='lat' dir='ltr'><strong>egit,</strong></span> <span class='ocrx_word' id='word_1_446' title='bbox 1710 3389 1926 3442; x_wconf 90' lang='lat' dir='ltr'><strong>inventa</strong></span> <span class='ocrx_word' id='word_1_447' title='bbox 1981 3388 2050 3442; x_wconf 90' lang='lat' dir='ltr'><strong>ad</strong></span> 
     </span>
    </p>
   </div>
   <div class='ocr_carea' id='block_1_66' title="bbox 485 3477 2049 3548">
    <p class='ocr_par' dir='ltr' id='par_1_66' title="bbox 485 3477 2049 3548">
     <span class='ocr_line' id='line_1_66' title="bbox 485 3477 2049 3548; baseline 0.003 -18"><span class='ocrx_word' id='word_1_448' title='bbox 485 3485 714 3532; x_wconf 85' lang='lat' dir='ltr'><strong>mortem</strong></span> <span class='ocrx_word' id='word_1_449' title='bbox 745 3478 853 3542; x_wconf 90' lang='lat' dir='ltr'><strong>via,</strong></span> <span class='ocrx_word' id='word_1_450' title='bbox 893 3478 1148 3548; x_wconf 65' lang='lat' dir='ltr'><strong>praecepti</strong></span> <span class='ocrx_word' id='word_1_451' title='bbox 1191 3477 1400 3533; x_wconf 88' lang='lat' dir='ltr'><strong>scilicet</strong></span> <span class='ocrx_word' id='word_1_452' title='bbox 1429 3480 1886 3548; x_wconf 82' lang='lat' dir='ltr'><strong>transgressione.</strong></span> <span class='ocrx_word' id='word_1_453' title='bbox 1912 3479 2049 3540; x_wconf 81' lang='lat' dir='ltr'><strong>Hinc</strong></span> 
     </span>
    </p>
   </div>
   <div class='ocr_carea' id='block_1_67' title="bbox 487 3569 2046 3641">
    <p class='ocr_par' dir='ltr' id='par_1_67' title="bbox 487 3569 2046 3641">
     <span class='ocr_line' id='line_1_67' title="bbox 487 3569 2046 3641; baseline 0.002 -17"><span class='ocrx_word' id='word_1_454' title='bbox 487 3569 757 3634; x_wconf 73' lang='lat' dir='ltr'><strong>infernus,</strong></span> <span class='ocrx_word' id='word_1_455' title='bbox 779 3571 984 3641; x_wconf 90' lang='lat' dir='ltr'><strong>apertis</strong></span> <span class='ocrx_word' id='word_1_456' title='bbox 1011 3569 1244 3634; x_wconf 84' lang='lat' dir='ltr'><strong>foribus,</strong></span> <span class='ocrx_word' id='word_1_457' title='bbox 1277 3571 1559 3626; x_wconf 86' lang='lat' dir='ltr'><strong>hominum</strong></span> <span class='ocrx_word' id='word_1_458' title='bbox 1585 3573 1799 3640; x_wconf 81' lang='lat' dir='ltr'><strong>excepit</strong></span> <span class='ocrx_word' id='word_1_459' title='bbox 1829 3587 2000 3641; x_wconf 87' lang='lat' dir='ltr'><strong>genus</strong></span> <span class='ocrx_word' id='word_1_460' title='bbox 2033 3591 2046 3627; x_wconf 93' lang='lat'><strong>:</strong></span> 
     </span>
    </p>
   </div>
   <div class='ocr_carea' id='block_1_68' title="bbox 487 3661 2052 3732">
    <p class='ocr_par' dir='ltr' id='par_1_68' title="bbox 487 3661 2052 3732">
     <span class='ocr_line' id='line_1_68' title="bbox 487 3661 2052 3732; baseline 0.001 -16"><span class='ocrx_word' id='word_1_461' title='bbox 487 3668 652 3732; x_wconf 87' lang='lat' dir='ltr'><strong>atque</strong></span> <span class='ocrx_word' id='word_1_462' title='bbox 687 3663 911 3731; x_wconf 88' lang='lat' dir='ltr'><strong>pariens.</strong></span> <span class='ocrx_word' id='word_1_463' title='bbox 953 3674 1169 3727; x_wconf 89' lang='lat' dir='ltr'><strong>natura,</strong></span> <span class='ocrx_word' id='word_1_464' title='bbox 1198 3661 1527 3718; x_wconf 89' lang='lat' dir='ltr'><strong>horrendam</strong></span> <span class='ocrx_word' id='word_1_465' title='bbox 1568 3661 1701 3716; x_wconf 85' lang='lat' dir='ltr'><strong>vidit</strong></span> <span class='ocrx_word' id='word_1_466' title='bbox 1732 3662 1899 3732; x_wconf 88' lang='lat' dir='ltr'><strong>prolis</strong></span> <span class='ocrx_word' id='word_1_467' title='bbox 1937 3677 2052 3717; x_wconf 66' lang='lat' dir='ltr'><strong>suae</strong></span> 
     </span>
    </p>
   </div>
   <div class='ocr_carea' id='block_1_69' title="bbox 486 3744 2051 3823">
    <p class='ocr_par' dir='ltr' id='par_1_69' title="bbox 486 3744 2051 3823">
     <span class='ocr_line' id='line_1_69' title="bbox 486 3744 2051 3823; baseline 0.002 -18"><span class='ocrx_word' id='word_1_468' title='bbox 486 3744 718 3806; x_wconf 78' lang='lat' dir='ltr'><strong>mortem</strong></span> <span class='ocrx_word' id='word_1_469' title='bbox 753 3770 767 3806; x_wconf 91' lang='lat'><strong>:</strong></span> <span class='ocrx_word' id='word_1_470' title='bbox 801 3767 864 3806; x_wconf 90' lang='lat' dir='ltr'><strong>ac</strong></span> <span class='ocrx_word' id='word_1_471' title='bbox 905 3762 1093 3823; x_wconf 89' lang='lat' dir='ltr'><strong>partus</strong></span> <span class='ocrx_word' id='word_1_472' title='bbox 1130 3753 1303 3815; x_wconf 90' lang='lat' dir='ltr'><strong>labor,</strong></span> <span class='ocrx_word' id='word_1_473' title='bbox 1337 3753 1424 3806; x_wconf 88' lang='lat' dir='ltr'><strong>via</strong></span> <span class='ocrx_word' id='word_1_474' title='bbox 1462 3751 1686 3808; x_wconf 77' lang='lat' dir='ltr'><strong>eﬂ‘ectus</strong></span> <span class='ocrx_word' id='word_1_475' title='bbox 1732 3760 1816 3807; x_wconf 90' lang='lat' dir='ltr'><strong>est</strong></span> <span class='ocrx_word' id='word_1_476' title='bbox 1857 3753 1924 3806; x_wconf 89' lang='lat' dir='ltr'><strong>ad</strong></span> <span class='ocrx_word' id='word_1_477' title='bbox 1964 3768 2051 3808; x_wconf 83' lang='lat' dir='ltr'><strong>se-</strong></span> 
     </span>
    </p>
   </div>
   <div class='ocr_carea' id='block_1_70' title="bbox 488 3841 2050 3913">
    <p class='ocr_par' dir='ltr' id='par_1_70' title="bbox 488 3841 2050 3913">
     <span class='ocr_line' id='line_1_70' title="bbox 488 3841 2050 3913; baseline 0.001 -16"><span class='ocrx_word' id='word_1_478' title='bbox 488 3843 764 3911; x_wconf 72' lang='lat' dir='ltr'><strong>pulcrum.</strong></span> <span class='ocrx_word' id='word_1_479' title='bbox 806 3842 1043 3913; x_wconf 87' lang='lat' dir='ltr'><strong>Eratque</strong></span> <span class='ocrx_word' id='word_1_480' title='bbox 1095 3858 1245 3897; x_wconf 86' lang='lat' dir='ltr'><strong>mors</strong></span> <span class='ocrx_word' id='word_1_481' title='bbox 1287 3858 1354 3898; x_wconf 83' lang='lat' dir='ltr'><strong>ex</strong></span> <span class='ocrx_word' id='word_1_482' title='bbox 1399 3842 1834 3913; x_wconf 84' lang='lat' dir='ltr'><strong>transgressione</strong></span> <span class='ocrx_word' id='word_1_483' title='bbox 1876 3841 2050 3898; x_wconf 84' lang='lat' dir='ltr'><strong>haeres</strong></span> 
     </span>
    </p>
   </div>
   <div class='ocr_carea' id='block_1_71' title="bbox 487 3933 2051 4005">
    <p class='ocr_par' dir='ltr' id='par_1_71' title="bbox 487 3933 2051 4005">
     <span class='ocr_line' id='line_1_71' title="bbox 487 3933 2051 4005; baseline -0.001 -15"><span class='ocrx_word' id='word_1_484' title='bbox 487 3934 648 4000; x_wconf 56' lang='lat' dir='ltr'><strong>facta»,</strong></span> <span class='ocrx_word' id='word_1_485' title='bbox 691 3933 935 4005; x_wconf 84' lang='lat' dir='ltr'><strong>singulas</strong></span> <span class='ocrx_word' id='word_1_486' title='bbox 970 3942 1157 3990; x_wconf 81' lang='lat' dir='ltr'><strong>aetates</strong></span> <span class='ocrx_word' id='word_1_487' title='bbox 1181 3935 1318 3989; x_wconf 88' lang='lat' dir='ltr'><strong>citra</strong></span> <span class='ocrx_word' id='word_1_488' title='bbox 1344 3933 1556 3990; x_wconf 90' lang='lat' dir='ltr'><strong>obicem</strong></span> <span class='ocrx_word' id='word_1_489' title='bbox 1593 3935 1906 4003; x_wconf 89' lang='lat' dir='ltr'><strong>abripiens;</strong></span> <span class='ocrx_word' id='word_1_490' title='bbox 1940 3949 2051 3989; x_wconf 91' lang='lat' dir='ltr'><strong>non</strong></span> 
     </span>
    </p>
   </div>
   <div class='ocr_carea' id='block_1_72' title="bbox 483 4024 2053 4097">
    <p class='ocr_par' dir='ltr' id='par_1_72' title="bbox 483 4024 2053 4097">
     <span class='ocr_line' id='line_1_72' title="bbox 483 4024 2053 4097; baseline -0.001 -19"><span class='ocrx_word' id='word_1_491' title='bbox 483 4024 773 4097; x_wconf 82' lang='lat' dir='ltr'><strong>embryoni</strong></span> <span class='ocrx_word' id='word_1_492' title='bbox 819 4039 1072 4095; x_wconf 91' lang='lat' dir='ltr'><strong>parcens,</strong></span> <span class='ocrx_word' id='word_1_493' title='bbox 1130 4038 1240 4078; x_wconf 93' lang='lat' dir='ltr'><strong>non</strong></span> <span class='ocrx_word' id='word_1_494' title='bbox 1286 4030 1560 4079; x_wconf 90' lang='lat' dir='ltr'><strong>recentem</strong></span> <span class='ocrx_word' id='word_1_495' title='bbox 1613 4031 1827 4094; x_wconf 90' lang='lat' dir='ltr'><strong>partum</strong></span> <span class='ocrx_word' id='word_1_496' title='bbox 1880 4024 2053 4093; x_wconf 86' lang='lat' dir='ltr'><strong>respi-</strong></span> 
     </span>
    </p>
   </div>
   <div class='ocr_carea' id='block_1_73' title="bbox 486 4116 2049 4188">
    <p class='ocr_par' dir='ltr' id='par_1_73' title="bbox 486 4116 2049 4188">
     <span class='ocr_line' id='line_1_73' title="bbox 486 4116 2049 4188; baseline 0.001 -19"><span class='ocrx_word' id='word_1_497' title='bbox 486 4117 660 4180; x_wconf 88' lang='lat' dir='ltr'><strong>ciens,</strong></span> <span class='ocrx_word' id='word_1_498' title='bbox 697 4131 807 4171; x_wconf 90' lang='lat' dir='ltr'><strong>non</strong></span> <span class='ocrx_word' id='word_1_499' title='bbox 839 4117 1106 4172; x_wconf 89' lang='lat' dir='ltr'><strong>miserans</strong></span> <span class='ocrx_word' id='word_1_500' title='bbox 1133 4116 1398 4188; x_wconf 90' lang='lat' dir='ltr'><strong>ephebum</strong></span> <span class='ocrx_word' id='word_1_501' title='bbox 1418 4157 1434 4183; x_wconf 93' lang='lat'><strong>,</strong></span> <span class='ocrx_word' id='word_1_502' title='bbox 1469 4131 1578 4171; x_wconf 93' lang='lat' dir='ltr'><strong>non</strong></span> <span class='ocrx_word' id='word_1_503' title='bbox 1615 4117 1929 4186; x_wconf 89' lang='lat' dir='ltr'><strong>relinquens</strong></span> <span class='ocrx_word' id='word_1_504' title='bbox 1957 4117 2049 4186; x_wconf 81' lang='lat' dir='ltr'><strong>ju-</strong></span> 
     </span>
    </p>
   </div>
   <div class='ocr_carea' id='block_1_74' title="bbox 483 4205 2054 4276">
    <p class='ocr_par' dir='ltr' id='par_1_74' title="bbox 483 4205 2054 4276">
     <span class='ocr_line' id='line_1_74' title="bbox 483 4205 2054 4276; baseline 0.003 -21"><span class='ocrx_word' id='word_1_505' title='bbox 483 4221 672 4269; x_wconf 80' lang='lat' dir='ltr'><strong>venes,</strong></span> <span class='ocrx_word' id='word_1_506' title='bbox 702 4221 812 4261; x_wconf 92' lang='lat' dir='ltr'><strong>non</strong></span> <span class='ocrx_word' id='word_1_507' title='bbox 847 4205 1078 4261; x_wconf 89' lang='lat' dir='ltr'><strong>reverita</strong></span> <span class='ocrx_word' id='word_1_508' title='bbox 1104 4221 1284 4270; x_wconf 90' lang='lat' dir='ltr'><strong>senes,</strong></span> <span class='ocrx_word' id='word_1_509' title='bbox 1315 4221 1423 4260; x_wconf 93' lang='lat' dir='ltr'><strong>non</strong></span> <span class='ocrx_word' id='word_1_510' title='bbox 1463 4209 1601 4262; x_wconf 90' lang='lat' dir='ltr'><strong>dans</strong></span> <span class='ocrx_word' id='word_1_511' title='bbox 1626 4207 1838 4261; x_wconf 89' lang='lat' dir='ltr'><strong>veniam</strong></span> <span class='ocrx_word' id='word_1_512' title='bbox 1867 4220 2054 4276; x_wconf 90' lang='lat' dir='ltr'><strong>pecca-</strong></span> 
     </span>
    </p>
   </div>
   <div class='ocr_carea' id='block_1_75' title="bbox 485 4295 2050 4368">
    <p class='ocr_par' dir='ltr' id='par_1_75' title="bbox 485 4295 2050 4368">
     <span class='ocr_line' id='line_1_75' title="bbox 485 4295 2050 4368; baseline 0.003 -20"><span class='ocrx_word' id='word_1_513' title='bbox 485 4295 740 4362; x_wconf 82' lang='lat' dir='ltr'><strong>toribus;</strong></span> <span class='ocrx_word' id='word_1_514' title='bbox 787 4296 931 4350; x_wconf 88' lang='lat' dir='ltr'><strong>nihil</strong></span> <span class='ocrx_word' id='word_1_515' title='bbox 967 4298 1203 4352; x_wconf 89' lang='lat' dir='ltr'><strong>reverita</strong></span> <span class='ocrx_word' id='word_1_516' title='bbox 1241 4298 1516 4367; x_wconf 90' lang='lat' dir='ltr'><strong>justorum</strong></span> <span class='ocrx_word' id='word_1_517' title='bbox 1563 4299 1894 4368; x_wconf 87' lang='lat' dir='ltr'><strong>catalogum,</strong></span> <span class='ocrx_word' id='word_1_518' title='bbox 1938 4312 2050 4352; x_wconf 91' lang='lat' dir='ltr'><strong>non</strong></span> 
     </span>
    </p>
   </div>
   <div class='ocr_carea' id='block_1_76' title="bbox 485 4368 2126 4458">
    <p class='ocr_par' dir='ltr' id='par_1_76' title="bbox 485 4368 2126 4458">
     <span class='ocr_line' id='line_1_76' title="bbox 485 4368 2126 4458; baseline 0.004 -21"><span class='ocrx_word' id='word_1_519' title='bbox 485 4385 764 4454; x_wconf 86' lang='lat' dir='ltr'><strong>prophetis</strong></span> <span class='ocrx_word' id='word_1_520' title='bbox 803 4401 1055 4456; x_wconf 87' lang='lat' dir='ltr'><strong>parcens,</strong></span> <span class='ocrx_word' id='word_1_521' title='bbox 1097 4403 1207 4442; x_wconf 91' lang='lat' dir='ltr'><strong>non</strong></span> <span class='ocrx_word' id='word_1_522' title='bbox 1236 4390 1652 4458; x_wconf 64' lang='lat' dir='ltr'><strong>praetermittens</strong></span> <span class='ocrx_word' id='word_1_523' title='bbox 1683 4387 2044 4445; x_wconf 90' lang='lat' dir='ltr'><strong>sacerdotem.</strong></span> <span class='ocrx_word' id='word_1_524' title='bbox 2079 4368 2126 4425; x_wconf 78' lang='lat' dir='ltr'><strong>D</strong></span> 
     </span>
    </p>
   </div>
   <div class='ocr_carea' id='block_1_77' title="bbox 487 4476 2046 4553">
    <p class='ocr_par' dir='ltr' id='par_1_77' title="bbox 487 4476 2046 4553">
     <span class='ocr_line' id='line_1_77' title="bbox 487 4476 2046 4553; baseline 0.003 -23"><span class='ocrx_word' id='word_1_525' title='bbox 487 4476 594 4532; x_wconf 88' lang='lat' dir='ltr'><strong>Sed</strong></span> <span class='ocrx_word' id='word_1_526' title='bbox 633 4477 919 4532; x_wconf 86' lang='lat' dir='ltr'><strong>adversum</strong></span> <span class='ocrx_word' id='word_1_527' title='bbox 956 4492 1146 4533; x_wconf 88' lang='lat' dir='ltr'><strong>omnes</strong></span> <span class='ocrx_word' id='word_1_528' title='bbox 1181 4480 1557 4549; x_wconf 83' lang='lat' dir='ltr'><strong>explicabatur</strong></span> <span class='ocrx_word' id='word_1_529' title='bbox 1593 4481 1786 4552; x_wconf 80' lang='lat' dir='ltr'><strong>mortis</strong></span> <span class='ocrx_word' id='word_1_530' title='bbox 1823 4495 2046 4553; x_wconf 86' lang='lat' dir='ltr'><strong>sagena,</strong></span> 
     </span>
    </p>
   </div>
   <div class='ocr_carea' id='block_1_78' title="bbox 482 4569 1700 4644">
    <p class='ocr_par' dir='ltr' id='par_1_78' title="bbox 482 4569 1700 4644">
     <span class='ocr_line' id='line_1_78' title="bbox 482 4569 1700 4644; baseline 0.005 -23"><span class='ocrx_word' id='word_1_531' title='bbox 482 4584 602 4638; x_wconf 75' lang='lat' dir='ltr'><strong>quae</strong></span> <span class='ocrx_word' id='word_1_532' title='bbox 630 4569 686 4623; x_wconf 86' lang='lat' dir='ltr'><strong>in</strong></span> <span class='ocrx_word' id='word_1_533' title='bbox 716 4569 1078 4640; x_wconf 82' lang='lat' dir='ltr'><strong>quodcunque</strong></span> <span class='ocrx_word' id='word_1_534' title='bbox 1107 4570 1380 4626; x_wconf 86' lang='lat' dir='ltr'><strong>incidebat</strong></span> <span class='ocrx_word' id='word_1_535' title='bbox 1407 4573 1700 4644; x_wconf 89' lang='lat' dir='ltr'><strong>abriperet.</strong></span> 
     </span>
    </p>
   </div>
   <div class='ocr_carea' id='block_1_79' title="bbox 553 4657 2046 4732">
    <p class='ocr_par' dir='ltr' id='par_1_79' title="bbox 553 4657 2046 4732">
     <span class='ocr_line' id='line_1_79' title="bbox 553 4657 2046 4732; baseline 0.005 -18"><span class='ocrx_word' id='word_1_536' title='bbox 553 4660 607 4714; x_wconf 72' lang='lat'><strong>3‘.</strong></span> <span class='ocrx_word' id='word_1_537' title='bbox 640 4657 830 4713; x_wconf 85' lang='lat' dir='ltr'><strong>Nullus</strong></span> <span class='ocrx_word' id='word_1_538' title='bbox 855 4668 971 4714; x_wconf 91' lang='lat' dir='ltr'><strong>erat</strong></span> <span class='ocrx_word' id='word_1_539' title='bbox 996 4661 1131 4715; x_wconf 88' lang='lat' dir='ltr'><strong>tanti</strong></span> <span class='ocrx_word' id='word_1_540' title='bbox 1156 4662 1282 4715; x_wconf 86' lang='lat' dir='ltr'><strong>mali</strong></span> <span class='ocrx_word' id='word_1_541' title='bbox 1337 4663 1612 4732; x_wconf 87' lang='lat' dir='ltr'><strong>medicus;</strong></span> <span class='ocrx_word' id='word_1_542' title='bbox 1669 4665 1876 4720; x_wconf 86' lang='lat' dir='ltr'><strong>nullum</strong></span> <span class='ocrx_word' id='word_1_543' title='bbox 1908 4667 2046 4721; x_wconf 85' lang='lat' dir='ltr'><strong>alla-</strong></span> 
     </span>
    </p>
   </div>
   <div class='ocr_carea' id='block_1_80' title="bbox 481 4751 2054 4827">
    <p class='ocr_par' dir='ltr' id='par_1_80' title="bbox 481 4751 2054 4827">
     <span class='ocr_line' id='line_1_80' title="bbox 481 4751 2054 4827; baseline 0.005 -23"><span class='ocrx_word' id='word_1_544' title='bbox 481 4759 601 4805; x_wconf 90' lang='lat' dir='ltr'><strong>tum</strong></span> <span class='ocrx_word' id='word_1_545' title='bbox 662 4751 982 4817; x_wconf 84' lang='lat' dir='ltr'><strong>remedium,</strong></span> <span class='ocrx_word' id='word_1_546' title='bbox 1023 4760 1189 4824; x_wconf 86' lang='lat' dir='ltr'><strong>atque</strong></span> <span class='ocrx_word' id='word_1_547' title='bbox 1240 4761 1320 4808; x_wconf 90' lang='lat' dir='ltr'><strong>tot</strong></span> <span class='ocrx_word' id='word_1_548' title='bbox 1364 4759 1739 4826; x_wconf 84' lang='lat' dir='ltr'><strong>generationes</strong></span> <span class='ocrx_word' id='word_1_549' title='bbox 1773 4773 1894 4827; x_wconf 77' lang='lat' dir='ltr'><strong>quae</strong></span> <span class='ocrx_word' id='word_1_550' title='bbox 1925 4758 2054 4812; x_wconf 84' lang='lat' dir='ltr'><strong>vitae</strong></span> 
     </span>
    </p>
   </div>
   <div class='ocr_carea' id='block_1_81' title="bbox 482 4840 2049 4907">
    <p class='ocr_par' dir='ltr' id='par_1_81' title="bbox 482 4840 2049 4907">
     <span class='ocr_line' id='line_1_81' title="bbox 482 4840 2049 4907; baseline 0.003 -11"><span class='ocrx_word' id='word_1_551' title='bbox 482 4840 814 4896; x_wconf 85' lang='lat' dir='ltr'><strong>curriculum</strong></span> <span class='ocrx_word' id='word_1_552' title='bbox 849 4856 1084 4899; x_wconf 88' lang='lat' dir='ltr'><strong>emensae</strong></span> <span class='ocrx_word' id='word_1_553' title='bbox 1113 4850 1261 4907; x_wconf 88' lang='lat' dir='ltr'><strong>sunt,</strong></span> <span class='ocrx_word' id='word_1_554' title='bbox 1289 4845 1652 4899; x_wconf 84' lang='lat' dir='ltr'><strong>insatiabilem</strong></span> <span class='ocrx_word' id='word_1_555' title='bbox 1694 4847 1887 4902; x_wconf 80' lang='lat' dir='ltr'><strong>mortis</strong></span> <span class='ocrx_word' id='word_1_556' title='bbox 1916 4863 2049 4901; x_wconf 86' lang='lat' dir='ltr'><strong>ven-</strong></span> 
     </span>
    </p>
   </div>
   <div class='ocr_carea' id='block_1_82' title="bbox 481 4933 2048 5006">
    <p class='ocr_par' dir='ltr' id='par_1_82' title="bbox 481 4933 2048 5006">
     <span class='ocr_line' id='line_1_82' title="bbox 481 4933 2048 5006; baseline 0.004 -20"><span class='ocrx_word' id='word_1_557' title='bbox 481 4941 623 4989; x_wconf 89' lang='lat' dir='ltr'><strong>trem</strong></span> <span class='ocrx_word' id='word_1_558' title='bbox 641 4948 750 4988; x_wconf 87' lang='lat' dir='ltr'><strong>non</strong></span> <span class='ocrx_word' id='word_1_559' title='bbox 785 4933 1098 5003; x_wconf 90' lang='lat' dir='ltr'><strong>implevere.</strong></span> <span class='ocrx_word' id='word_1_560' title='bbox 1128 4935 1208 4989; x_wconf 86' lang='lat' dir='ltr'><strong>Ac</strong></span> <span class='ocrx_word' id='word_1_561' title='bbox 1235 4942 1346 4988; x_wconf 90' lang='lat' dir='ltr'><strong>tam</strong></span> <span class='ocrx_word' id='word_1_562' title='bbox 1377 4937 1555 5006; x_wconf 85' lang='lat' dir='ltr'><strong>gravis</strong></span> <span class='ocrx_word' id='word_1_563' title='bbox 1602 4938 1731 4991; x_wconf 82' lang='lat' dir='ltr'><strong>mali</strong></span> <span class='ocrx_word' id='word_1_564' title='bbox 1780 4939 1930 4993; x_wconf 85' lang='lat' dir='ltr'><strong>nulla</strong></span> <span class='ocrx_word' id='word_1_565' title='bbox 1962 4940 2048 4993; x_wconf 92' lang='lat' dir='ltr'><strong>lu-</strong></span> 
     </span>
    </p>
   </div>
   <div class='ocr_carea' id='block_1_83' title="bbox 481 5023 2047 5096">
    <p class='ocr_par' dir='ltr' id='par_1_83' title="bbox 481 5023 2047 5096">
     <span class='ocr_line' id='line_1_83' title="bbox 481 5023 2047 5096; baseline 0.004 -18"><span class='ocrx_word' id='word_1_566' title='bbox 481 5023 736 5094; x_wconf 85' lang='lat' dir='ltr'><strong>gentibus</strong></span> <span class='ocrx_word' id='word_1_567' title='bbox 762 5033 882 5078; x_wconf 87' lang='lat' dir='ltr'><strong>erat</strong></span> <span class='ocrx_word' id='word_1_568' title='bbox 927 5025 1255 5090; x_wconf 85' lang='lat' dir='ltr'><strong>consolatio,</strong></span> <span class='ocrx_word' id='word_1_569' title='bbox 1298 5026 1394 5080; x_wconf 93' lang='lat' dir='ltr'><strong>sed</strong></span> <span class='ocrx_word' id='word_1_570' title='bbox 1450 5025 1756 5096; x_wconf 88' lang='lat' dir='ltr'><strong>desperatio</strong></span> <span class='ocrx_word' id='word_1_571' title='bbox 1805 5029 2047 5092; x_wconf 65' lang='lat' dir='ltr'><strong>medelae,</strong></span> 
     </span>
    </p>
   </div>
   <div class='ocr_carea' id='block_1_84' title="bbox 482 5112 2049 5186">
    <p class='ocr_par' dir='ltr' id='par_1_84' title="bbox 482 5112 2049 5186">
     <span class='ocr_line' id='line_1_84' title="bbox 482 5112 2049 5186; baseline 0.003 -21"><span class='ocrx_word' id='word_1_572' title='bbox 482 5114 590 5168; x_wconf 91' lang='lat' dir='ltr'><strong>nisi</strong></span> <span class='ocrx_word' id='word_1_573' title='bbox 610 5113 864 5170; x_wconf 89' lang='lat' dir='ltr'><strong>Christus</strong></span> <span class='ocrx_word' id='word_1_574' title='bbox 883 5114 1038 5168; x_wconf 88' lang='lat' dir='ltr'><strong>cruci</strong></span> <span class='ocrx_word' id='word_1_575' title='bbox 1075 5112 1288 5179; x_wconf 84' lang='lat' dir='ltr'><strong>alIixus,</strong></span> <span class='ocrx_word' id='word_1_576' title='bbox 1329 5115 1522 5169; x_wconf 88' lang='lat' dir='ltr'><strong>mortis</strong></span> <span class='ocrx_word' id='word_1_577' title='bbox 1562 5116 1922 5186; x_wconf 82' lang='lat' dir='ltr'><strong>tyrannidem,</strong></span> <span class='ocrx_word' id='word_1_578' title='bbox 1954 5118 2049 5171; x_wconf 92' lang='lat' dir='ltr'><strong>illa</strong></span> 
     </span>
    </p>
   </div>
   <div class='ocr_carea' id='block_1_85' title="bbox 483 5204 2047 5277">
    <p class='ocr_par' dir='ltr' id='par_1_85' title="bbox 483 5204 2047 5277">
     <span class='ocr_line' id='line_1_85' title="bbox 483 5204 2047 5277; baseline 0.004 -22"><span class='ocrx_word' id='word_1_579' title='bbox 483 5204 646 5258; x_wconf 90' lang='lat' dir='ltr'><strong>trium</strong></span> <span class='ocrx_word' id='word_1_580' title='bbox 669 5205 878 5261; x_wconf 77' lang='lat' dir='ltr'><strong>die-rum</strong></span> <span class='ocrx_word' id='word_1_581' title='bbox 905 5204 1233 5276; x_wconf 81' lang='lat' dir='ltr'><strong>totidemque</strong></span> <span class='ocrx_word' id='word_1_582' title='bbox 1245 5205 1487 5260; x_wconf 90' lang='lat' dir='ltr'><strong>noctium</strong></span> <span class='ocrx_word' id='word_1_583' title='bbox 1504 5208 1781 5276; x_wconf 90' lang='lat' dir='ltr'><strong>sepultura</strong></span> <span class='ocrx_word' id='word_1_584' title='bbox 1799 5215 2047 5277; x_wconf 83' lang='lat' dir='ltr'><strong>prostra-</strong></span> 
     </span>
    </p>
   </div>
   <div class='ocr_carea' id='block_1_86' title="bbox 479 5294 2048 5368">
    <p class='ocr_par' dir='ltr' id='par_1_86' title="bbox 479 5294 2048 5368">
     <span class='ocr_line' id='line_1_86' title="bbox 479 5294 2048 5368; baseline 0.003 -19"><span class='ocrx_word' id='word_1_585' title='bbox 479 5294 670 5360; x_wconf 90' lang='lat' dir='ltr'><strong>visset,</strong></span> <span class='ocrx_word' id='word_1_586' title='bbox 703 5296 968 5351; x_wconf 88' lang='lat' dir='ltr'><strong>subversa</strong></span> <span class='ocrx_word' id='word_1_587' title='bbox 988 5294 1333 5351; x_wconf 82' lang='lat' dir='ltr'><strong>diuturniore</strong></span> <span class='ocrx_word' id='word_1_588' title='bbox 1354 5295 1445 5350; x_wconf 91' lang='lat' dir='ltr'><strong>illa</strong></span> <span class='ocrx_word' id='word_1_589' title='bbox 1479 5294 1678 5350; x_wconf 81' lang='lat' dir='ltr'><strong>inferni</strong></span> <span class='ocrx_word' id='word_1_590' title='bbox 1707 5297 1854 5368; x_wconf 88' lang='lat' dir='ltr'><strong>regia</strong></span> <span class='ocrx_word' id='word_1_591' title='bbox 1895 5312 2048 5354; x_wconf 88' lang='lat' dir='ltr'><strong>:non</strong></span> 
     </span>
    </p>
   </div>
   <div class='ocr_carea' id='block_1_87' title="bbox 551 5446 1671 5518">
    <p class='ocr_par' dir='ltr' id='par_1_87' title="bbox 551 5446 1671 5518">
     <span class='ocr_line' id='line_1_87' title="bbox 551 5446 1671 5518; baseline 0.005 -16"><span class='ocrx_word' id='word_1_592' title='bbox 551 5449 596 5480; x_wconf 85' lang='grc'><strong>¹⁰</strong></span> <span class='ocrx_word' id='word_1_593' title='bbox 635 5446 794 5505; x_wconf 79' lang='lat' dir='ltr'><strong>Rom.</strong></span> <span class='ocrx_word' id='word_1_594' title='bbox 831 5465 964 5517; x_wconf 88' lang='lat' dir='ltr'><strong>vm,</strong></span> <span class='ocrx_word' id='word_1_595' title='bbox 998 5449 1090 5506; x_wconf 77' lang='grc'><strong>21.</strong></span> <span class='ocrx_word' id='word_1_596' title='bbox 1169 5450 1211 5482; x_wconf 79' lang='grc'>¹¹</span> <span class='ocrx_word' id='word_1_597' title='bbox 1248 5448 1270 5502; x_wconf 90' lang='lat' dir='ltr'><strong>l</strong></span> <span class='ocrx_word' id='word_1_598' title='bbox 1300 5448 1425 5507; x_wconf 91' lang='lat' dir='ltr'><strong>Cor.</strong></span> <span class='ocrx_word' id='word_1_599' title='bbox 1458 5467 1550 5518; x_wconf 86' lang='lat' dir='ltr'><strong>xv,</strong></span> <span class='ocrx_word' id='word_1_600' title='bbox 1582 5451 1671 5508; x_wconf 79' lang='lat'><strong>55.</strong></span> 
     </span>
    </p>
   </div>
   <div class='ocr_carea' id='block_1_88' title="bbox 549 5589 2037 5679">
    <p class='ocr_par' dir='ltr' id='par_1_88' title="bbox 549 5589 2037 5679">
     <span class='ocr_line' id='line_1_88' title="bbox 549 5589 2037 5679; baseline 0.001 -20"><span class='ocrx_word' id='word_1_601' title='bbox 549 5605 759 5679; x_wconf 56' lang='grc' dir='ltr'><strong>(θῇ-62)</strong></span> <span class='ocrx_word' id='word_1_602' title='bbox 781 5605 854 5659; x_wconf 86' lang='lat' dir='ltr'><strong>Ita</strong></span> <span class='ocrx_word' id='word_1_603' title='bbox 875 5605 1009 5678; x_wconf 77' lang='lat' dir='ltr'><strong>Reg.</strong></span> <span class='ocrx_word' id='word_1_604' title='bbox 1025 5605 1190 5674; x_wconf 87' lang='lat' dir='ltr'><strong>Editi,</strong></span> <span class='ocrx_word' id='word_1_605' title='bbox 1209 5605 1524 5679; x_wconf 82' lang='grc' dir='ltr'>ἀνάκτησις,</span> <span class='ocrx_word' id='word_1_606' title='bbox 1540 5607 1719 5674; x_wconf 76' lang='grc'>0011).,</span> <span class='ocrx_word' id='word_1_607' title='bbox 1739 5589 2037 5671; x_wconf 70' lang='grc' dir='ltr'>ἀνάκλισις,</span> 
     </span>
    </p>
   </div>
   <div class='ocr_carea' id='block_1_89' title="bbox 479 5675 778 5743">
    <p class='ocr_par' dir='ltr' id='par_1_89' title="bbox 479 5675 778 5743">
     <span class='ocr_line' id='line_1_89' title="bbox 479 5675 778 5743; baseline 0.013 -19"><span class='ocrx_word' id='word_1_608' title='bbox 479 5689 579 5743; x_wconf 81' lang='lat' dir='ltr'><strong>pro</strong></span> <span class='ocrx_word' id='word_1_609' title='bbox 609 5675 778 5728; x_wconf 84' lang='grc' dir='ltr'>άνάκλ</span> 
     </span>
    </p>
   </div>
   <div class='ocr_carea' id='block_1_90' title="bbox 551 5692 1284 5816">
    <p class='ocr_par' dir='ltr' id='par_1_90' title="bbox 551 5692 1284 5816">
     <span class='ocr_line' id='line_1_90' title="bbox 551 5692 922 5739; baseline 0.013 -16"><span class='ocrx_word' id='word_1_610' title='bbox 551 5692 579 5724; x_wconf 83' lang='grc' dir='ltr'>ι)</span> <span class='ocrx_word' id='word_1_611' title='bbox 609 5692 778 5728; x_wconf 76' lang='grc' dir='ltr'>ανακλ</span> <span class='ocrx_word' id='word_1_612' title='bbox 822 5692 922 5739; x_wconf 89' lang='grc' dir='ltr'>σις.</span> 
     </span>
     <span class='ocr_line' id='line_1_91' title="bbox 551 5693 1284 5816; baseline -0.005 -15"><span class='ocrx_word' id='word_1_613' title='bbox 551 5744 662 5814; x_wconf 76' lang='lat'><strong>(6.3)</strong></span> <span class='ocrx_word' id='word_1_614' title='bbox 702 5693 879 5814; x_wconf 37' lang='lat' dir='ltr'><strong>Con“</strong></span> <span class='ocrx_word' id='word_1_615' title='bbox 910 5744 1284 5816; x_wconf 80' lang='grc' dir='ltr'>ἐπιλαϐούσης.</span> 
     </span>
    </p>
   </div>
   <div class='ocr_carea' id='block_1_91' title="bbox 2151 3108 3725 3181">
    <p class='ocr_par' dir='ltr' id='par_1_91' title="bbox 2151 3108 3725 3181">
     <span class='ocr_line' id='line_1_92' title="bbox 2151 3108 3725 3181; baseline 0.002 -20"><span class='ocrx_word' id='word_1_616' title='bbox 2151 3109 2462 3180; x_wconf 86' lang='grc' dir='ltr'>παραδείσῳ</span> <span class='ocrx_word' id='word_1_617' title='bbox 2484 3108 2547 3161; x_wconf 81' lang='grc' dir='ltr'><strong>τὸ</strong></span> <span class='ocrx_word' id='word_1_618' title='bbox 2579 3108 2862 3180; x_wconf 87' lang='grc' dir='ltr'>πρότερον,</span> <span class='ocrx_word' id='word_1_619' title='bbox 2899 3111 3249 3181; x_wconf 81' lang='grc' dir='ltr'>ἁγεωργήτου</span> <span class='ocrx_word' id='word_1_620' title='bbox 3286 3110 3499 3181; x_wconf 84' lang='grc' dir='ltr'>τρυφῆς</span> <span class='ocrx_word' id='word_1_621' title='bbox 3519 3109 3725 3181; x_wconf 82' lang='grc' dir='ltr'>κλῆρον</span> 
     </span>
    </p>
   </div>
   <div class='ocr_carea' id='block_1_92' title="bbox 2148 3199 3724 3272">
    <p class='ocr_par' dir='ltr' id='par_1_92' title="bbox 2148 3199 3724 3272">
     <span class='ocr_line' id='line_1_93' title="bbox 2148 3199 3724 3272; baseline 0 -18"><span class='ocrx_word' id='word_1_622' title='bbox 2148 3201 2214 3254; x_wconf 82' lang='grc' dir='ltr'><strong>ἐκ</strong></span> <span class='ocrx_word' id='word_1_623' title='bbox 2251 3199 2659 3272; x_wconf 83' lang='grc' dir='ltr'>φιλανθρωπίας</span> <span class='ocrx_word' id='word_1_624' title='bbox 2689 3199 2990 3271; x_wconf 81' lang='grc' dir='ltr'>δεξάμενοι.</span> <span class='ocrx_word' id='word_1_625' title='bbox 3032 3199 3289 3272; x_wconf 82' lang='grc' dir='ltr'>Ἐπῆλθεν</span> <span class='ocrx_word' id='word_1_626' title='bbox 3321 3203 3348 3252; x_wconf 87' lang='grc' dir='ltr'><strong>ὁ</strong></span> <span class='ocrx_word' id='word_1_627' title='bbox 3377 3201 3499 3269; x_wconf 84' lang='grc' dir='ltr'>ὄφις</span> <span class='ocrx_word' id='word_1_628' title='bbox 3529 3218 3724 3270; x_wconf 65' lang='lat' dir='ltr'><strong>mixto-</strong></span> 
     </span>
    </p>
   </div>
   <div class='ocr_carea' id='block_1_93' title="bbox 2152 3289 3725 3363">
    <p class='ocr_par' dir='ltr' id='par_1_93' title="bbox 2152 3289 3725 3363">
     <span class='ocr_line' id='line_1_94' title="bbox 2152 3289 3725 3363; baseline -0.001 -20"><span class='ocrx_word' id='word_1_629' title='bbox 2152 3290 2332 3361; x_wconf 90' lang='grc' dir='ltr'>ρύχος,</span> <span class='ocrx_word' id='word_1_630' title='bbox 2379 3291 2478 3361; x_wconf 85' lang='grc' dir='ltr'><strong>τῆς</strong></span> <span class='ocrx_word' id='word_1_631' title='bbox 2509 3289 2862 3353; x_wconf 86' lang='grc' dir='ltr'>ἀπολαύσεως</span> <span class='ocrx_word' id='word_1_632' title='bbox 2904 3290 3205 3363; x_wconf 84' lang='grc' dir='ltr'>λῃστεύσας</span> <span class='ocrx_word' id='word_1_633' title='bbox 3241 3292 3339 3362; x_wconf 83' lang='grc' dir='ltr'>τὴν</span> <span class='ocrx_word' id='word_1_634' title='bbox 3367 3291 3599 3361; x_wconf 76' lang='grc' dir='ltr'>τρυφὴν,</span> <span class='ocrx_word' id='word_1_635' title='bbox 3627 3291 3725 3344; x_wconf 73' lang='grc' dir='ltr'><strong>καὶ</strong></span> 
     </span>
    </p>
   </div>
   <div class='ocr_carea' id='block_1_94' title="bbox 2151 3378 3725 3453">
    <p class='ocr_par' dir='ltr' id='par_1_94' title="bbox 2151 3378 3725 3453">
     <span class='ocr_line' id='line_1_95' title="bbox 2151 3378 3725 3453; baseline -0.001 -19"><span class='ocrx_word' id='word_1_636' title='bbox 2151 3380 2477 3451; x_wconf 87' lang='grc' dir='ltr'>κατάκριτον</span> <span class='ocrx_word' id='word_1_637' title='bbox 2501 3380 2562 3433; x_wconf 80' lang='grc' dir='ltr'>τὸ</span> <span class='ocrx_word' id='word_1_638' title='bbox 2582 3378 2870 3453; x_wconf 80' lang='grc' dir='ltr'>λῃστευθὲν</span> <span class='ocrx_word' id='word_1_639' title='bbox 2891 3381 3188 3451; x_wconf 80' lang='grc' dir='ltr'>κατέστησε</span> <span class='ocrx_word' id='word_1_640' title='bbox 3208 3380 3381 3448; x_wconf 86' lang='grc' dir='ltr'>γένος,</span> <span class='ocrx_word' id='word_1_641' title='bbox 3404 3380 3521 3432; x_wconf 79' lang='grc' dir='ltr'>ὁδὸν</span> <span class='ocrx_word' id='word_1_642' title='bbox 3545 3379 3725 3449; x_wconf 81' lang='grc' dir='ltr'>εὑρὼν</span> 
     </span>
    </p>
   </div>
   <div class='ocr_carea' id='block_1_95' title="bbox 2149 3467 3726 3539">
    <p class='ocr_par' dir='ltr' id='par_1_95' title="bbox 2149 3467 3726 3539">
     <span class='ocr_line' id='line_1_96' title="bbox 2149 3467 3726 3539; baseline 0 -17"><span class='ocrx_word' id='word_1_643' title='bbox 2149 3468 2243 3522; x_wconf 88' lang='grc' dir='ltr'><strong>τοῦ</strong></span> <span class='ocrx_word' id='word_1_644' title='bbox 2273 3469 2523 3532; x_wconf 86' lang='grc' dir='ltr'>θανάτου,</span> <span class='ocrx_word' id='word_1_645' title='bbox 2551 3468 2650 3538; x_wconf 87' lang='grc' dir='ltr'><strong>τῆς</strong></span> <span class='ocrx_word' id='word_1_646' title='bbox 2679 3467 2898 3538; x_wconf 76' lang='grc' dir='ltr'>ἐντολῆς</span> <span class='ocrx_word' id='word_1_647' title='bbox 2934 3469 3030 3539; x_wconf 81' lang='grc' dir='ltr'><strong>τὴν</strong></span> <span class='ocrx_word' id='word_1_648' title='bbox 3069 3468 3400 3539; x_wconf 88' lang='grc' dir='ltr'>παράϐασιν.</span> <span class='ocrx_word' id='word_1_649' title='bbox 3442 3469 3726 3522; x_wconf 75' lang='grc' dir='ltr'>Ἐντεῦθεν</span> 
     </span>
    </p>
   </div>
   <div class='ocr_carea' id='block_1_96' title="bbox 2151 3557 3729 3631">
    <p class='ocr_par' dir='ltr' id='par_1_96' title="bbox 2151 3557 3729 3631">
     <span class='ocr_line' id='line_1_97' title="bbox 2151 3557 3729 3631; baseline -0.003 -16"><span class='ocrx_word' id='word_1_650' title='bbox 2151 3559 2303 3631; x_wconf 69' lang='grc' dir='ltr'>ᾅδης,</span> <span class='ocrx_word' id='word_1_651' title='bbox 2348 3557 2521 3622; x_wconf 84' lang='grc' dir='ltr'>πύλας</span> <span class='ocrx_word' id='word_1_652' title='bbox 2559 3558 2793 3625; x_wconf 80' lang='grc' dir='ltr'>ἀνοίξας,</span> <span class='ocrx_word' id='word_1_653' title='bbox 2841 3557 2902 3611; x_wconf 83' lang='grc' dir='ltr'><strong>τὸ</strong></span> <span class='ocrx_word' id='word_1_654' title='bbox 2950 3558 3056 3611; x_wconf 83' lang='grc' dir='ltr'><strong>τῶν</strong></span> <span class='ocrx_word' id='word_1_655' title='bbox 3092 3558 3392 3629; x_wconf 83' lang='grc' dir='ltr'>ἀνθρώπων</span> <span class='ocrx_word' id='word_1_656' title='bbox 3429 3558 3729 3628; x_wconf 79' lang='grc' dir='ltr'>ὑπεδέχετο</span> 
     </span>
    </p>
   </div>
   <div class='ocr_carea' id='block_1_97' title="bbox 2150 3645 3729 3720">
    <p class='ocr_par' dir='ltr' id='par_1_97' title="bbox 2150 3645 3729 3720">
     <span class='ocr_line' id='line_1_98' title="bbox 2150 3645 3729 3720; baseline -0.001 -17"><span class='ocrx_word' id='word_1_657' title='bbox 2150 3650 2324 3720; x_wconf 81' lang='grc' dir='ltr'>γένος·</span> <span class='ocrx_word' id='word_1_658' title='bbox 2354 3651 2448 3704; x_wconf 84' lang='grc' dir='ltr'><strong>καὶ</strong></span> <span class='ocrx_word' id='word_1_659' title='bbox 2474 3649 2728 3703; x_wconf 89' lang='grc' dir='ltr'>τίκτουσα</span> <span class='ocrx_word' id='word_1_660' title='bbox 2757 3648 2917 3719; x_wconf 90' lang='grc' dir='ltr'>φύσις</span> <span class='ocrx_word' id='word_1_661' title='bbox 2944 3649 3171 3720; x_wconf 86' lang='grc' dir='ltr'>φοϐερὸν</span> <span class='ocrx_word' id='word_1_662' title='bbox 3201 3645 3311 3719; x_wconf 81' lang='grc' dir='ltr'>εἷχε</span> <span class='ocrx_word' id='word_1_663' title='bbox 3339 3649 3446 3701; x_wconf 84' lang='grc' dir='ltr'><strong>τῶν</strong></span> <span class='ocrx_word' id='word_1_664' title='bbox 3466 3649 3729 3720; x_wconf 79' lang='grc' dir='ltr'>τικτομέ-</span> 
     </span>
    </p>
   </div>
   <div class='ocr_carea' id='block_1_98' title="bbox 2151 3741 3728 3812">
    <p class='ocr_par' dir='ltr' id='par_1_98' title="bbox 2151 3741 3728 3812">
     <span class='ocr_line' id='line_1_99' title="bbox 2151 3741 3728 3812; baseline -0.003 -16"><span class='ocrx_word' id='word_1_665' title='bbox 2151 3759 2257 3800; x_wconf 83' lang='grc' dir='ltr'><strong>νων</strong></span> <span class='ocrx_word' id='word_1_666' title='bbox 2283 3743 2374 3795; x_wconf 84' lang='grc' dir='ltr'><strong>τὸν</strong></span> <span class='ocrx_word' id='word_1_667' title='bbox 2402 3741 2648 3797; x_wconf 87' lang='grc' dir='ltr'>θάνατον·</span> <span class='ocrx_word' id='word_1_668' title='bbox 2692 3743 2782 3796; x_wconf 62' lang='grc' dir='ltr'><strong>καὶ¹</strong></span> <span class='ocrx_word' id='word_1_669' title='bbox 2811 3741 2919 3794; x_wconf 86' lang='grc' dir='ltr'><strong>τῶν</strong></span> <span class='ocrx_word' id='word_1_670' title='bbox 2952 3741 3154 3794; x_wconf 88' lang='grc' dir='ltr'>ὠδίνων</span> <span class='ocrx_word' id='word_1_671' title='bbox 3189 3741 3240 3793; x_wconf 87' lang='grc' dir='ltr'>οἱ</span> <span class='ocrx_word' id='word_1_672' title='bbox 3279 3742 3430 3794; x_wconf 86' lang='grc' dir='ltr'>πόνοι</span> <span class='ocrx_word' id='word_1_673' title='bbox 3462 3741 3728 3812; x_wconf 87' lang='grc' dir='ltr'>πρόσοδος</span> 
     </span>
    </p>
   </div>
   <div class='ocr_carea' id='block_1_99' title="bbox 2151 3829 3730 3905">
    <p class='ocr_par' dir='ltr' id='par_1_99' title="bbox 2151 3829 3730 3905">
     <span class='ocr_line' id='line_1_100' title="bbox 2151 3829 3730 3905; baseline 0.001 -19"><span class='ocrx_word' id='word_1_674' title='bbox 2151 3835 2359 3903; x_wconf 85' lang='grc' dir='ltr'>ἐγίνετο</span> <span class='ocrx_word' id='word_1_675' title='bbox 2398 3835 2604 3902; x_wconf 90' lang='grc' dir='ltr'>τάφων.</span> <span class='ocrx_word' id='word_1_676' title='bbox 2644 3833 2752 3886; x_wconf 79' lang='grc' dir='ltr'>Καὶ</span> <span class='ocrx_word' id='word_1_677' title='bbox 2793 3829 2862 3903; x_wconf 82' lang='grc' dir='ltr'><strong>ῆν</strong></span> <span class='ocrx_word' id='word_1_678' title='bbox 2904 3833 3231 3905; x_wconf 85' lang='grc' dir='ltr'>κληρονόμος</span> <span class='ocrx_word' id='word_1_679' title='bbox 3275 3836 3340 3887; x_wconf 84' lang='grc' dir='ltr'><strong>ἐκ</strong></span> <span class='ocrx_word' id='word_1_680' title='bbox 3376 3833 3730 3904; x_wconf 82' lang='grc' dir='ltr'>παρανομίας</span> 
     </span>
    </p>
   </div>
   <div class='ocr_carea' id='block_1_100' title="bbox 2152 3924 3727 3997">
    <p class='ocr_par' dir='ltr' id='par_1_100' title="bbox 2152 3924 3727 3997">
     <span class='ocr_line' id='line_1_101' title="bbox 2152 3924 3727 3997; baseline -0.001 -17"><span class='ocrx_word' id='word_1_681' title='bbox 2152 3925 2400 3992; x_wconf 89' lang='grc' dir='ltr'>θάνατος,</span> <span class='ocrx_word' id='word_1_682' title='bbox 2435 3927 2670 3997; x_wconf 79' lang='grc' dir='ltr'>ἑκάστην</span> <span class='ocrx_word' id='word_1_683' title='bbox 2706 3924 2815 3979; x_wconf 83' lang='grc' dir='ltr'>τῶν</span> <span class='ocrx_word' id='word_1_684' title='bbox 2859 3927 3081 3997; x_wconf 85' lang='grc' dir='ltr'>ἡλικιῶν</span> <span class='ocrx_word' id='word_1_685' title='bbox 3121 3925 3411 3989; x_wconf 83' lang='grc' dir='ltr'>ἀκωλύτως</span> <span class='ocrx_word' id='word_1_686' title='bbox 3450 3926 3727 3997; x_wconf 86' lang='grc' dir='ltr'>ἀγρεύων·</span> 
     </span>
    </p>
   </div>
   <div class='ocr_carea' id='block_1_101' title="bbox 2151 4017 3731 4090">
    <p class='ocr_par' dir='ltr' id='par_1_101' title="bbox 2151 4017 3731 4090">
     <span class='ocr_line' id='line_1_102' title="bbox 2151 4017 3731 4090; baseline -0.001 -19"><span class='ocrx_word' id='word_1_687' title='bbox 2151 4019 2252 4072; x_wconf 82' lang='grc' dir='ltr'><strong>οὐκ</strong></span> <span class='ocrx_word' id='word_1_688' title='bbox 2291 4018 2534 4090; x_wconf 87' lang='grc' dir='ltr'>ἐμϐρύου</span> <span class='ocrx_word' id='word_1_689' title='bbox 2567 4018 2902 4088; x_wconf 87' lang='grc' dir='ltr'>φειδόμενος,</span> <span class='ocrx_word' id='word_1_690' title='bbox 2946 4020 3006 4072; x_wconf 81' lang='grc' dir='ltr'>οὺ</span> <span class='ocrx_word' id='word_1_691' title='bbox 3036 4018 3098 4071; x_wconf 87' lang='grc' dir='ltr'><strong>τὸ</strong></span> <span class='ocrx_word' id='word_1_692' title='bbox 3133 4017 3324 4089; x_wconf 86' lang='grc' dir='ltr'>τεχθὲν</span> <span class='ocrx_word' id='word_1_693' title='bbox 3356 4019 3634 4089; x_wconf 83' lang='grc' dir='ltr'>προορῶν,</span> <span class='ocrx_word' id='word_1_694' title='bbox 3667 4019 3731 4071; x_wconf 77' lang='grc' dir='ltr'><strong>οῦ</strong></span> 
     </span>
    </p>
   </div>
   <div class='ocr_carea' id='block_1_102' title="bbox 2151 4110 3731 4181">
    <p class='ocr_par' dir='ltr' id='par_1_102' title="bbox 2151 4110 3731 4181">
     <span class='ocr_line' id='line_1_103' title="bbox 2151 4110 3731 4181; baseline -0.002 -17"><span class='ocrx_word' id='word_1_695' title='bbox 2151 4111 2243 4165; x_wconf 84' lang='grc' dir='ltr'><strong>τὸν</strong></span> <span class='ocrx_word' id='word_1_696' title='bbox 2281 4110 2478 4181; x_wconf 75' lang='grc' dir='ltr'>ἔφηϐον</span> <span class='ocrx_word' id='word_1_697' title='bbox 2509 4110 2696 4177; x_wconf 82' lang='grc' dir='ltr'>ἐλεῶν,</span> <span class='ocrx_word' id='word_1_698' title='bbox 2738 4111 2800 4164; x_wconf 81' lang='grc' dir='ltr'><strong>οὐ</strong></span> <span class='ocrx_word' id='word_1_699' title='bbox 2844 4110 3266 4180; x_wconf 86' lang='grc' dir='ltr'>καταλιμπάνων</span> <span class='ocrx_word' id='word_1_700' title='bbox 3303 4111 3620 4174; x_wconf 77' lang='grc' dir='ltr'>νεάζοντας,</span> <span class='ocrx_word' id='word_1_701' title='bbox 3667 4110 3731 4162; x_wconf 79' lang='grc' dir='ltr'><strong>ού</strong></span> 
     </span>
    </p>
   </div>
   <div class='ocr_carea' id='block_1_103' title="bbox 2153 4199 3733 4273">
    <p class='ocr_par' dir='ltr' id='par_1_103' title="bbox 2153 4199 3733 4273">
     <span class='ocr_line' id='line_1_104' title="bbox 2153 4199 3733 4273; baseline -0.001 -19"><span class='ocrx_word' id='word_1_702' title='bbox 2153 4201 2462 4273; x_wconf 90' lang='grc' dir='ltr'>πρεσϐύτας</span> <span class='ocrx_word' id='word_1_703' title='bbox 2509 4201 2860 4272; x_wconf 83' lang='grc' dir='ltr'>αἰδούμενος,</span> <span class='ocrx_word' id='word_1_704' title='bbox 2913 4202 3011 4270; x_wconf 84' lang='grc' dir='ltr'><strong>οὺχ</strong></span> <span class='ocrx_word' id='word_1_705' title='bbox 3057 4201 3401 4273; x_wconf 82' lang='grc' dir='ltr'>ἁμαρτωλοῖς</span> <span class='ocrx_word' id='word_1_706' title='bbox 3455 4199 3733 4269; x_wconf 85' lang='grc' dir='ltr'>συγγινώ-</span> 
     </span>
    </p>
   </div>
   <div class='ocr_carea' id='block_1_104' title="bbox 2154 4291 3734 4366">
    <p class='ocr_par' dir='ltr' id='par_1_104' title="bbox 2154 4291 3734 4366">
     <span class='ocr_line' id='line_1_105' title="bbox 2154 4291 3734 4366; baseline -0.002 -20"><span class='ocrx_word' id='word_1_707' title='bbox 2154 4311 2298 4347; x_wconf 89' lang='grc' dir='ltr'>σκων</span> <span class='ocrx_word' id='word_1_708' title='bbox 2325 4293 2458 4366; x_wconf 84' lang='grc'><strong>(65),</strong></span> <span class='ocrx_word' id='word_1_709' title='bbox 2501 4293 2562 4346; x_wconf 85' lang='grc' dir='ltr'><strong>ού</strong></span> <span class='ocrx_word' id='word_1_710' title='bbox 2605 4293 2827 4346; x_wconf 90' lang='grc' dir='ltr'>δικαίων</span> <span class='ocrx_word' id='word_1_711' title='bbox 2868 4293 3162 4360; x_wconf 87' lang='grc' dir='ltr'>κατάλογον</span> <span class='ocrx_word' id='word_1_712' title='bbox 3206 4291 3619 4362; x_wconf 78' lang='grc' dir='ltr'>αἰσχυνόμενος,</span> <span class='ocrx_word' id='word_1_713' title='bbox 3668 4292 3734 4344; x_wconf 85' lang='grc' dir='ltr'><strong>οὐ</strong></span> 
     </span>
    </p>
   </div>
   <div class='ocr_carea' id='block_1_105' title="bbox 2153 4381 3735 4456">
    <p class='ocr_par' dir='ltr' id='par_1_105' title="bbox 2153 4381 3735 4456">
     <span class='ocr_line' id='line_1_106' title="bbox 2153 4381 3735 4456; baseline -0.003 -19"><span class='ocrx_word' id='word_1_714' title='bbox 2153 4385 2438 4456; x_wconf 87' lang='grc' dir='ltr'>προφήτας</span> <span class='ocrx_word' id='word_1_715' title='bbox 2481 4382 2931 4454; x_wconf 88' lang='grc' dir='ltr'>παραιτούμενος,</span> <span class='ocrx_word' id='word_1_716' title='bbox 2970 4383 3066 4451; x_wconf 81' lang='grc' dir='ltr'><strong>οὐχ</strong></span> <span class='ocrx_word' id='word_1_717' title='bbox 3098 4381 3249 4451; x_wconf 77' lang='grc' dir='ltr'>ἱερέα</span> <span class='ocrx_word' id='word_1_718' title='bbox 3280 4381 3735 4450; x_wconf 83' lang='grc' dir='ltr'>παραπεμπόμε-</span> 
     </span>
    </p>
   </div>
   <div class='ocr_carea' id='block_1_106' title="bbox 2153 4471 3733 4544">
    <p class='ocr_par' dir='ltr' id='par_1_106' title="bbox 2153 4471 3733 4544">
     <span class='ocr_line' id='line_1_107' title="bbox 2153 4471 3733 4544; baseline -0.004 -14"><span class='ocrx_word' id='word_1_719' title='bbox 2153 4493 2261 4539; x_wconf 89' lang='grc' dir='ltr'>νος·</span> <span class='ocrx_word' id='word_1_720' title='bbox 2287 4475 2400 4530; x_wconf 81' lang='grc' dir='ltr'>άλλ’</span> <span class='ocrx_word' id='word_1_721' title='bbox 2421 4474 2642 4544; x_wconf 79' lang='grc' dir='ltr'>ῆπλωτο</span> <span class='ocrx_word' id='word_1_722' title='bbox 2665 4473 2808 4526; x_wconf 85' lang='grc' dir='ltr'>κατὰ</span> <span class='ocrx_word' id='word_1_723' title='bbox 2832 4473 3047 4528; x_wconf 89' lang='grc' dir='ltr'>πάντων</span> <span class='ocrx_word' id='word_1_724' title='bbox 3065 4475 3098 4544; x_wconf 81' lang='grc' dir='ltr'>ἡ</span> <span class='ocrx_word' id='word_1_725' title='bbox 3119 4472 3211 4526; x_wconf 91' lang='grc' dir='ltr'><strong>τοῦ</strong></span> <span class='ocrx_word' id='word_1_726' title='bbox 3234 4471 3464 4525; x_wconf 87' lang='grc' dir='ltr'>θανάτου</span> <span class='ocrx_word' id='word_1_727' title='bbox 3489 4473 3733 4544; x_wconf 82' lang='grc' dir='ltr'>σαγήνη,</span> 
     </span>
    </p>
   </div>
   <div class='ocr_carea' id='block_1_107' title="bbox 2151 4565 2950 4639">
    <p class='ocr_par' dir='ltr' id='par_1_107' title="bbox 2151 4565 2950 4639">
     <span class='ocr_line' id='line_1_108' title="bbox 2151 4565 2950 4639; baseline -0.003 -19"><span class='ocrx_word' id='word_1_728' title='bbox 2151 4568 2213 4620; x_wconf 82' lang='grc' dir='ltr'>τὸ</span> <span class='ocrx_word' id='word_1_729' title='bbox 2243 4566 2581 4638; x_wconf 85' lang='grc' dir='ltr'>προσπίπτον</span> <span class='ocrx_word' id='word_1_730' title='bbox 2611 4565 2854 4639; x_wconf 80' lang='grc' dir='ltr'>ἁρπάζου</span> <span class='ocrx_word' id='word_1_731' title='bbox 2862 4582 2950 4618; x_wconf 90' lang='grc' dir='ltr'><strong>σα.</strong></span> 
     </span>
    </p>
   </div>
   <div class='ocr_carea' id='block_1_108' title="bbox 2223 4652 3738 4731">
    <p class='ocr_par' dir='ltr' id='par_1_108' title="bbox 2223 4652 3738 4731">
     <span class='ocr_line' id='line_1_109' title="bbox 2223 4652 3738 4731; baseline -0.004 -18"><span class='ocrx_word' id='word_1_732' title='bbox 2223 4661 2275 4714; x_wconf 80' lang='grc'>5.</span> <span class='ocrx_word' id='word_1_733' title='bbox 2307 4661 2418 4712; x_wconf 84' lang='grc' dir='ltr'>Οὐκ</span> <span class='ocrx_word' id='word_1_734' title='bbox 2449 4655 2517 4731; x_wconf 78' lang='grc' dir='ltr'>ἦν</span> <span class='ocrx_word' id='word_1_735' title='bbox 2545 4659 2725 4730; x_wconf 74' lang='grc' dir='ltr'>ἰατρὸς</span> <span class='ocrx_word' id='word_1_736' title='bbox 2769 4657 2863 4712; x_wconf 89' lang='grc' dir='ltr'><strong>τοῦ</strong></span> <span class='ocrx_word' id='word_1_737' title='bbox 2901 4657 3070 4711; x_wconf 90' lang='grc' dir='ltr'>κακοῦ</span> <span class='ocrx_word' id='word_1_738' title='bbox 3096 4674 3110 4688; x_wconf 97' lang='grc'><strong>·</strong></span> <span class='ocrx_word' id='word_1_739' title='bbox 3155 4657 3257 4712; x_wconf 84' lang='grc' dir='ltr'><strong>οὐκ</strong></span> <span class='ocrx_word' id='word_1_740' title='bbox 3288 4652 3358 4727; x_wconf 81' lang='grc' dir='ltr'>ἦν</span> <span class='ocrx_word' id='word_1_741' title='bbox 3387 4657 3738 4725; x_wconf 76' lang='grc' dir='ltr'>ἐπαγόμενον</span> 
     </span>
    </p>
   </div>
   <div class='ocr_carea' id='block_1_109' title="bbox 2153 4746 3741 4822">
    <p class='ocr_par' dir='ltr' id='par_1_109' title="bbox 2153 4746 3741 4822">
     <span class='ocr_line' id='line_1_110' title="bbox 2153 4746 3741 4822; baseline -0.004 -17"><span class='ocrx_word' id='word_1_742' title='bbox 2153 4752 2462 4822; x_wconf 88' lang='grc' dir='ltr'>φάρμακον,</span> <span class='ocrx_word' id='word_1_743' title='bbox 2497 4751 2592 4804; x_wconf 75' lang='grc' dir='ltr'>καὶ</span> <span class='ocrx_word' id='word_1_744' title='bbox 2624 4749 2886 4803; x_wconf 83' lang='grc' dir='ltr'>τοσαῦται</span> <span class='ocrx_word' id='word_1_745' title='bbox 2923 4749 3107 4818; x_wconf 78' lang='grc' dir='ltr'>γενεαὶ</span> <span class='ocrx_word' id='word_1_746' title='bbox 3137 4749 3238 4818; x_wconf 84' lang='grc' dir='ltr'>τὴν</span> <span class='ocrx_word' id='word_1_747' title='bbox 3264 4747 3410 4819; x_wconf 81' lang='grc' dir='ltr'>ζωὴν</span> <span class='ocrx_word' id='word_1_748' title='bbox 3462 4746 3741 4818; x_wconf 83' lang='grc' dir='ltr'>παροδεύ-</span> 
     </span>
    </p>
   </div>
   <div class='ocr_carea' id='block_1_110' title="bbox 2155 4836 3743 4910">
    <p class='ocr_par' dir='ltr' id='par_1_110' title="bbox 2155 4836 3743 4910">
     <span class='ocr_line' id='line_1_111' title="bbox 2155 4836 3743 4910; baseline -0.004 -15"><span class='ocrx_word' id='word_1_749' title='bbox 2155 4858 2335 4903; x_wconf 89' lang='grc' dir='ltr'>σασαι,</span> <span class='ocrx_word' id='word_1_750' title='bbox 2387 4840 2486 4910; x_wconf 85' lang='grc' dir='ltr'>τὴν</span> <span class='ocrx_word' id='word_1_751' title='bbox 2532 4839 2824 4910; x_wconf 85' lang='grc' dir='ltr'>ἀκόρεστον</span> <span class='ocrx_word' id='word_1_752' title='bbox 2855 4839 2955 4892; x_wconf 81' lang='grc' dir='ltr'><strong>οὐκ</strong></span> <span class='ocrx_word' id='word_1_753' title='bbox 2982 4837 3302 4909; x_wconf 75' lang='grc' dir='ltr'>ἐπλήρωσαν</span> <span class='ocrx_word' id='word_1_754' title='bbox 3345 4836 3441 4890; x_wconf 89' lang='grc' dir='ltr'><strong>τοῦ</strong></span> <span class='ocrx_word' id='word_1_755' title='bbox 3494 4837 3743 4890; x_wconf 76' lang='grc' dir='ltr'>θανάτου</span> 
     </span>
    </p>
   </div>
   <div class='ocr_carea' id='block_1_111' title="bbox 2151 4926 3743 5006">
    <p class='ocr_par' dir='ltr' id='par_1_111' title="bbox 2151 4926 3743 5006">
     <span class='ocr_line' id='line_1_112' title="bbox 2151 4926 3743 5006; baseline -0.002 -20"><span class='ocrx_word' id='word_1_756' title='bbox 2151 4933 2411 5006; x_wconf 81' lang='grc' dir='ltr'>γαστέρα.</span> <span class='ocrx_word' id='word_1_757' title='bbox 2437 4932 2548 4985; x_wconf 77' lang='grc' dir='ltr'>Καὶ</span> <span class='ocrx_word' id='word_1_758' title='bbox 2579 4926 2647 5003; x_wconf 85' lang='grc' dir='ltr'>ἦν</span> <span class='ocrx_word' id='word_1_759' title='bbox 2678 4930 2739 4984; x_wconf 83' lang='grc' dir='ltr'><strong>τὸ</strong></span> <span class='ocrx_word' id='word_1_760' title='bbox 2765 4931 2934 4985; x_wconf 82' lang='grc' dir='ltr'>δεινὸν</span> <span class='ocrx_word' id='word_1_761' title='bbox 2958 4933 3068 4995; x_wconf 73' lang='grc' dir='ltr'>τοῖς</span> <span class='ocrx_word' id='word_1_762' title='bbox 3100 4929 3388 4984; x_wconf 78' lang='grc' dir='ltr'>πενθοῦσιν</span> <span class='ocrx_word' id='word_1_763' title='bbox 3430 4931 3743 5001; x_wconf 80' lang='grc' dir='ltr'>ἀπαραμύ-</span> 
     </span>
    </p>
   </div>
   <div class='ocr_carea' id='block_1_112' title="bbox 2151 5021 3741 5095">
    <p class='ocr_par' dir='ltr' id='par_1_112' title="bbox 2151 5021 3741 5095">
     <span class='ocr_line' id='line_1_113' title="bbox 2151 5021 3741 5095; baseline -0.002 -18"><span class='ocrx_word' id='word_1_764' title='bbox 2151 5024 2331 5095; x_wconf 86' lang='grc' dir='ltr'>θητον,</span> <span class='ocrx_word' id='word_1_765' title='bbox 2371 5023 2466 5076; x_wconf 74' lang='grc' dir='ltr'>καὶ</span> <span class='ocrx_word' id='word_1_766' title='bbox 2505 5025 2642 5095; x_wconf 84' lang='grc' dir='ltr'>πρὸς</span> <span class='ocrx_word' id='word_1_767' title='bbox 2676 5023 2818 5076; x_wconf 83' lang='grc' dir='ltr'>τασιν</span> <span class='ocrx_word' id='word_1_768' title='bbox 2850 5023 3071 5094; x_wconf 81' lang='grc' dir='ltr'>ἄπορον,</span> <span class='ocrx_word' id='word_1_769' title='bbox 3099 5022 3149 5076; x_wconf 86' lang='grc' dir='ltr'><strong>εί</strong></span> <span class='ocrx_word' id='word_1_770' title='bbox 3193 5021 3268 5092; x_wconf 75' lang='grc' dir='ltr'>μὴ</span> <span class='ocrx_word' id='word_1_771' title='bbox 3297 5021 3534 5092; x_wconf 80' lang='grc' dir='ltr'>Χριστὸς</span> <span class='ocrx_word' id='word_1_772' title='bbox 3569 5039 3741 5076; x_wconf 81' lang='grc' dir='ltr'>σταυ-</span> 
     </span>
    </p>
   </div>
   <div class='ocr_carea' id='block_1_113' title="bbox 2155 5114 3742 5188">
    <p class='ocr_par' dir='ltr' id='par_1_113' title="bbox 2155 5114 3742 5188">
     <span class='ocr_line' id='line_1_114' title="bbox 2155 5114 3742 5188; baseline -0.002 -19"><span class='ocrx_word' id='word_1_773' title='bbox 2155 5115 2348 5188; x_wconf 76' lang='grc' dir='ltr'>ρωθεὶς</span> <span class='ocrx_word' id='word_1_774' title='bbox 2373 5115 2466 5171; x_wconf 87' lang='grc' dir='ltr'><strong>τοῦ</strong></span> <span class='ocrx_word' id='word_1_775' title='bbox 2498 5115 2723 5169; x_wconf 86' lang='grc' dir='ltr'>θανάτου</span> <span class='ocrx_word' id='word_1_776' title='bbox 2749 5114 2847 5186; x_wconf 82' lang='grc' dir='ltr'><strong>τὴν</strong></span> <span class='ocrx_word' id='word_1_777' title='bbox 2877 5114 3164 5186; x_wconf 87' lang='grc' dir='ltr'>τυραννίδα</span> <span class='ocrx_word' id='word_1_778' title='bbox 3191 5115 3520 5184; x_wconf 80' lang='grc' dir='ltr'>κατήνεγκε,</span> <span class='ocrx_word' id='word_1_779' title='bbox 3548 5131 3742 5168; x_wconf 83' lang='grc' dir='ltr'>νυκτο-</span> 
     </span>
    </p>
   </div>
   <div class='ocr_carea' id='block_1_114' title="bbox 2150 5205 3741 5280">
    <p class='ocr_par' dir='ltr' id='par_1_114' title="bbox 2150 5205 3741 5280">
     <span class='ocr_line' id='line_1_115' title="bbox 2150 5205 3741 5280; baseline -0.001 -18"><span class='ocrx_word' id='word_1_780' title='bbox 2150 5207 2433 5278; x_wconf 84' lang='grc' dir='ltr'>τριημέρῳ</span> <span class='ocrx_word' id='word_1_781' title='bbox 2451 5210 2592 5280; x_wconf 83' lang='grc' dir='ltr'>ταφῇ</span> <span class='ocrx_word' id='word_1_782' title='bbox 2623 5207 2691 5262; x_wconf 81' lang='grc' dir='ltr'>τὰ</span> <span class='ocrx_word' id='word_1_783' title='bbox 2718 5206 3044 5278; x_wconf 87' lang='grc' dir='ltr'>πολυχρόνια</span> <span class='ocrx_word' id='word_1_784' title='bbox 3066 5205 3160 5260; x_wconf 88' lang='grc' dir='ltr'><strong>τοῦ</strong></span> <span class='ocrx_word' id='word_1_785' title='bbox 3187 5205 3313 5277; x_wconf 72' lang='grc' dir='ltr'>ᾅδου</span> <span class='ocrx_word' id='word_1_786' title='bbox 3343 5205 3741 5278; x_wconf 64' lang='grc' dir='ltr'>καταστρέψας</span> 
     </span>
    </p>
   </div>
   <div class='ocr_carea' id='block_1_115' title="bbox 2153 5296 3740 5372">
    <p class='ocr_par' dir='ltr' id='par_1_115' title="bbox 2153 5296 3740 5372">
     <span class='ocr_line' id='line_1_116' title="bbox 2153 5296 3740 5372; baseline -0.001 -20"><span class='ocrx_word' id='word_1_787' title='bbox 2153 5299 2424 5370; x_wconf 88' lang='grc' dir='ltr'>βασίλεια·</span> <span class='ocrx_word' id='word_1_788' title='bbox 2461 5299 2520 5352; x_wconf 85' lang='grc' dir='ltr'><strong>ού</strong></span> <span class='ocrx_word' id='word_1_789' title='bbox 2562 5296 2659 5354; x_wconf 92' lang='grc' dir='ltr'><strong>νῦν</strong></span> <span class='ocrx_word' id='word_1_790' title='bbox 2702 5297 2933 5371; x_wconf 82' lang='grc' dir='ltr'>πρώτως</span> <span class='ocrx_word' id='word_1_791' title='bbox 2970 5297 3108 5370; x_wconf 84' lang='grc' dir='ltr'>πρὸς</span> <span class='ocrx_word' id='word_1_792' title='bbox 3152 5296 3572 5370; x_wconf 78' lang='grc' dir='ltr'>φιλανθρωπίαν</span> <span class='ocrx_word' id='word_1_793' title='bbox 3601 5297 3740 5372; x_wconf 82' lang='grc' dir='ltr'>δρα-</span> 
     </span>
    </p>
   </div>
   <div class='ocr_carea' id='block_1_116' title="bbox 2221 5602 3731 5690">
    <p class='ocr_par' dir='ltr' id='par_1_116' title="bbox 2221 5602 3731 5690">
     <span class='ocr_line' id='line_1_117' title="bbox 2221 5602 3731 5690; baseline -0.006 -26"><span class='ocrx_word' id='word_1_794' title='bbox 2374 5606 2466 5690; x_wconf 76' lang='lat' dir='ltr'><strong>§ic</strong></span> <span class='ocrx_word' id='word_1_795' title='bbox 2479 5623 2634 5690; x_wconf 47' lang='lat' dir='ltr'><strong>lnss.</strong></span> <span class='ocrx_word' id='word_1_796' title='bbox 2667 5605 3268 5690; x_wconf 37' lang='lat' dir='ltr'><strong>Editiver‘on‘ilt’iﬁﬁaet</strong></span> <span class='ocrx_word' id='word_1_797' title='bbox 3290 5603 3403 5677; x_wconf 81' lang='grc' dir='ltr'>γὰρ</span> <span class='ocrx_word' id='word_1_798' title='bbox 3435 5605 3538 5690; x_wconf 72' lang='grc' dir='ltr'>τὴν</span> <span class='ocrx_word' id='word_1_799' title='bbox 3559 5602 3731 5669; x_wconf 77' lang='grc' dir='ltr'>δοξολ.</span> 
     </span>
    </p>
   </div>
   <div class='ocr_carea' id='block_1_117' title="bbox 2226 5677 3691 5752">
    <p class='ocr_par' dir='ltr' id='par_1_117' title="bbox 2226 5677 3691 5752">
     <span class='ocr_line' id='line_1_118' title="bbox 2226 5677 3691 5752; baseline -0.002 -20"><span class='ocrx_word' id='word_1_800' title='bbox 2226 5677 2336 5751; x_wconf 82' lang='grc'>(65)</span> <span class='ocrx_word' id='word_1_801' title='bbox 2377 5678 2456 5734; x_wconf 87' lang='lat' dir='ltr'><strong>Ita</strong></span> <span class='ocrx_word' id='word_1_802' title='bbox 2479 5677 2612 5752; x_wconf 76' lang='lat' dir='ltr'><strong>Reg.</strong></span> <span class='ocrx_word' id='word_1_803' title='bbox 2641 5688 2693 5737; x_wconf 89' lang='lat' dir='ltr'><strong>et</strong></span> <span class='ocrx_word' id='word_1_804' title='bbox 2712 5679 2870 5737; x_wconf 80' lang='lat' dir='ltr'><strong>Colb.</strong></span> <span class='ocrx_word' id='word_1_805' title='bbox 2911 5677 3055 5734; x_wconf 87' lang='lat' dir='ltr'><strong>Editi</strong></span> <span class='ocrx_word' id='word_1_806' title='bbox 3093 5692 3241 5744; x_wconf 88' lang='lat' dir='ltr'><strong>vero,</strong></span> <span class='ocrx_word' id='word_1_807' title='bbox 3275 5677 3691 5752; x_wconf 67' lang='grc' dir='ltr'>συγγινώσκων.</span> 
     </span>
    </p>
   </div>
  </div>
