3870 6208
184 358 333 413 1077

1318 365 1554 426 SERMO
1594 369 1661 424 1N
1703 370 2026 429 SANCTUM
2064 371 2351 430 PASCHA.

3271 379 3408 437 1078

187 481 329 551 μὼν,
361 483 468 536 οὐδ’
491 483 651 548 αὐτὸς
681 483 871 538 ἑαυτοῦ
896 485 1030 559 πρὸς
1062 486 1124 540 τὸ
1165 489 1338 561 παρὸν
1362 490 1601 560 γεγονὼς
1624 509 1760 564 συμ-

1869 495 1966 561 iam
1996 495 2229 566 primum
2259 495 2326 550 ad
2358 494 2742 566 benignitatem
2759 510 2886 568 erga
2909 496 3156 555 homines
3185 513 3306 556 sese
3320 499 3410 554 in-

187 573 544 646 παθέστερος,
585 577 634 630 εί
664 577 755 630 καὶ
783 576 876 630 νῦν
900 577 1045 650 ἔργῳ
1075 578 1174 650 τὴν
1201 582 1490 636 ἀνάστασιν
1521 584 1717 648 ἔδειξεν
1737 601 1750 614 °

188 663 330 716 ἀλλά
356 666 448 718 καὶ
482 667 647 720 πάλαι
669 668 968 739 κρατοῦντα
999 669 1087 722 τὸν
1108 670 1333 725 θάνατον
1362 677 1481 736 ταῖς
1501 675 1599 744 τῆς
1627 677 1755 728 ἀνα-

191 756 437 819 στάσεως
462 758 643 826 ἐφόϐει
693 765 898 820 σκιαῖς·
930 762 1144 816 καὶτοῦ
1184 763 1309 834 ᾆδου
1349 767 1447 836 τὴν
1483 765 1755 835 βασιλείαν

189 846 508 917 ἐτάραττεν,
542 849 761 915 ἐλπίδας
792 852 1086 918 ἀθανασίας
1113 856 1363 926 ἀμυδρῶς
1391 856 1467 926 τῷ
1490 858 1631 926 γένει
1656 857 1755 912 δωσ

193 935 489 1007 ρούμενος·
539 941 840 1012 ίσοχρόνους
891 944 984 995 καὶ
1019 945 1118 1014 τῆς
1144 944 1236 997 τοῦ
1281 945 1406 1016 ᾅδου
1451 948 1758 1018 τυραννίδος

187 1027 295 1090 τὰς
321 1029 420 1098 τῆς
447 1030 788 1096 καταλύσεως
816 1035 1121 1103 ἀνυφαίνων
1161 1037 1384 1100 ἐννοίας.
1427 1040 1536 1092 Καὶ
1568 1040 1758 1093 σκόπει

188 1117 296 1190 τὴν
336 1123 643 1194 ἀπόρρητον
681 1123 789 1177 τῶν
841 1127 1177 1197 πραγμάτων
1217 1130 1542 1199 οἰκονομίαν.
1595 1131 1760 1184 Ἀϐελ

194 1209 415 1279 πρῶτος
440 1211 544 1265 ὑπὸ
579 1213 670 1264 τοῦ
702 1213 927 1267 θανάτου
966 1217 1269 1287 κατέχεται.
1317 1220 1372 1273 '0
1413 1220 1655 1284 δεδωκὼς
1684 1222 1760 1294 τῷ

193 1298 413 1370 θανάτῳ
440 1301 538 1371 τῆς
575 1303 846 1375 ἁμαρτίας
866 1305 960 1377 τὴν
989 1309 1276 1378 πρόφασιν,
1301 1310 1482 1364 δίδωσι
1505 1315 1570 1382 τῇ
1604 1312 1760 1381 φύσει

193 1390 342 1445 κατά
367 1391 458 1444 τοῦ
484 1393 708 1446 Θανάτου
739 1394 1094 1465 δικαιολογίας
1114 1400 1384 1454 ὑπόθεσιν.
1426 1403 1488 1454 Ei
1521 1402 1626 1474 γὰρ
1657 1403 1764 1456 ἀδί-

193 1497 313 1543 κως
355 1482 661 1552 κατέχεται,
693 1484 915 1550 δικαίως
955 1487 1259 1542 ἀνίσταται·
1305 1491 1624 1562 ἀμαρτωλοῦ
1655 1493 1762 1564 γὰρ

191 1570 580 1636 ἀποθανόντος,
608 1576 950 1649 ίσχυρότερος
972 1578 1318 1650 δικαζόμενος
1343 1585 1371 1636 ὁ
1397 1583 1637 1648 Θάνατος.
1667 1587 1766 1639 Σα-

194 1665 306 1734 θρά
341 1665 397 1721 δὲ
427 1667 566 1722 κατά
603 1668 822 1721 δικαίων
848 1669 926 1740 τῷ
1103 1674 1135 1742 ἡ
1168 1673 1507 1746 ἐγχείρησις’
1536 1676 1764 1747 ἀσθενὴς

195 1759 232 1810 ὁ
257 1755 354 1809 τοῦ
385 1757 613 1814 θανάτου
657 1759 874 1830 δεσμὸς,
904 1762 1108 1817 δίκαιον
1138 1763 1273 1834 ἔχων
1304 1766 1500 1830 ἀδίκως
1539 1768 1766 1838 κρατού-

201 1865 386 1919 μενον.
419 1849 482 1901 Εί
509 1850 616 1920 γὰρ
643 1853 675 1921 ή
712 1852 952 1922 ἁμαρτία
979 1854 1077 1922 τῆς
1111 1855 1205 1908 τοῦ
1237 1855 1463 1910 θανάτου
1493 1858 1765 1928 βασιλείας
1794 1840 1836 1894 Β

198 1938 376 2007 ἰσχὺς,
409 1939 438 1990 ὁ
476 1940 640 2010 μήπω
684 1940 913 2004 πταίσας
949 1942 1252 2008 ἀνεύθυνος.
1286 1945 1385 2000 Διά
1420 1947 1576 2000 τοῦτο
1605 1947 1762 2001 δυνά-

201 2047 368 2100 μενος
399 2031 428 2083 ό
459 2030 589 2095 Θεὸς
620 2030 922 2100 ἐξαρπάσαι
957 2034 1048 2086 τοῦ
1089 2035 1245 2104 φόνου
1273 2036 1364 2090 τὸν
1397 2037 1578 2103 Ἅϐελ,
1611 2039 1766 2104 τοῦτο

202 2121 308 2192 μὲν
334 2122 394 2175 οὐ
444 2123 726 2194 πεποίηκε,
760 2124 1101 2197 συνεχώρησε
1135 2127 1190 2180 δὲ
1221 2129 1318 2198 τὴν
1352 2130 1646 2201 ἀναίρεσιν,
1679 2133 1765 2186 ἵνα

196 2211 428 2284 ἁρῤιζος
451 2210 562 2282 (66)
601 2212 824 2283 γένηται
861 2214 1086 2279 θάνατος
1121 2216 1339 2284 δικαίου,
1370 2221 1767 2295 φυτουργούμε-

199 2319 297 2367 νος
328 2303 536 2374 αἵματι.
565 2304 662 2357 Διά
695 2298 854 2358 τοῦτο
880 2307 1133 2374 Χριστὸς,
1176 2309 1312 2381 ὑπὲρ
1335 2301 1662 2383 τοῦ.,κόσμου
1695 2314 1767 2368 δι-

199 2389 410 2462 καζόμε
421 2407 522 2458 νος,
544 2392 710 2462 ἐλεγει
740 2413 757 2446 ι
777 2393 890 2449 Νῦν
906 2396 1081 2468 κρίσις
1098 2400 1212 2452 ἐστὶ
1227 2401 1319 2453 τοῦ
1333 2401 1534 2474 κόσμου
1555 2405 1761 2460 τούτουο

195 2481 300 2537 νῦν
333 2484 361 2536 ὁ
401 2485 581 2555 ἄρχων
611 2484 704 2537 τοῦ
729 2486 932 2556 κόσμου
951 2487 1137 2543 τούτου
1175 2490 1565 2565 ἐκϐληθήσεται
1584 2496 1709 2562 ἔξω.
1740 2517 1760 2552 ›

202 2575 448 2628 Ἀνωθεν
468 2571 558 2628 οὖν
588 2577 619 2646 ή
639 2579 730 2630 τοῦ
762 2578 928 2631 Ἀϐελ
951 2579 1037 2633 διὰ
1061 2581 1295 2652 Χριστοῦ
1326 2587 1766 2659 προκεκήρυκται

198 2664 328 2734 δίκη
351 2666 443 2719 καὶ
458 2667 602 2739 νίκη.
643 2668 787 2723 Λάϐε
815 2687 900 2740 μοι
927 2671 1137 2736 Παῦλον
1162 2677 1576 2747 συνηγοροῦντατ
1602 2698 1641 2739 ι,
1659 2682 1768 2735 Καὶ

199 2756 492 2811 ἀποθανὼν
522 2798 538 2825 ,
583 2759 776 2830 φησὶν,
828 2760 1026 2830 Ἀϐελ,
1072 2762 1151 2817 ἔτι
1204 2763 1384 2819 λαλεῖο
1441 2767 1561 2822 ὅθεν
1606 2771 1767 2834 αὐτὸν

203 2849 303 2901 καὶ
336 2851 392 2903 ἐν
422 2849 701 2922 παραϐολῇ
737 2852 1045 2930 ἐκομίσατο,
1080 2873 1099 2906 ι
1132 2856 1440 2929 παραϐολὴν
1475 2859 1573 2930 τὴν
1601 2861 1769 2932 ὁμοιό-

202 2958 350 3012 τητα
387 2942 576 3011 λέγων.
610 2944 767 3014 Φέρει
805 2944 912 3016 γὰρ
948 2947 1174 3017 μίμησιν
1194 2949 1292 3018 τῆς
1313 2949 1404 3002 τοῦ
1428 2951 1662 3022 Χριστοῦ
1689 2952 1767 3005 δί-

202 3051 314 3103 κης
341 3035 374 3104 ἡ
405 3033 498 3086 τοῦ
539 3033 701 3087 ’Δϐελ
730 3036 1023 3108 ἀναίρεσις.
1062 3036 1162 3090 Διά
1190 3039 1346 3092 τοῦτο
1382 3041 1476 3094 κοί)⁷
1505 3042 1640 3112 μετὰ
1674 3042 1769 3096 θά-

201 3140 370 3179 νατον
395 3123 707 3194 φθέγγεται,
735 3127 828 3192 καὶ
857 3131 1149 3197 κατηγορεί
1167 3129 1259 3182 τοῦ
1296 3131 1667 3200 φονεύσαντος.
1704 3135 1769 3187 Ἦ

203 3214 321 3284 γὰρ
349 3214 443 3268 τοῦ
486 3216 600 3287 βίου
646 3220 914 3290 παρουσία
948 3221 1080 3291 (67),
1115 3221 1206 3274 τοῦ
1253 3221 1478 3276 θανάτου
1512 3223 1609 3294 τὴν
1650 3224 1768 3295 βίαν

202 3307 489 3378 ἐνίκησεν.
521 3310 633 3371 Οὐκ
662 3311 886 3382 ἒατησεν
915 3312 1076 3366 αὑτοῦ
1105 3313 1310 3384 βοῶσαν
1340 3314 1437 3386 τὴν
1469 3314 1718 3383 γλῶσσαν
1741 3318 1769 3370 ό

203 3400 393 3470 φόνος,
427 3402 547 3455 οὐδὲ
584 3404 684 3467 τὰς
720 3403 813 3458 τοῦ
848 3405 1077 3476 αἵματος
1101 3406 1460 3475 δικαιολογίας
1489 3407 1765 3477 ἐνέκοψεν·

198 3493 324 3547 ἀλλ’
372 3492 625 3558 ἀθάνατοι⁴
659 3495 953 3564 φθέγγεται
1014 3496 1230 3566 γλῶττα
1277 3499 1620 3571 κρατουμένη
1676 3498 1771 3552 θα·-

201 3587 376 3656 νάτῳ.
406 3587 519 3640 Οὐκ
549 3586 613 3651 ἂν
651 3582 717 3658 ἦν
753 3587 979 3658 εὔπορος
1010 3589 1087 3652 είς
1114 3587 1404 3658 ἀπολογίαν
1431 3591 1463 3660 ἠ
1509 3589 1688 3660 φύσις,
1723 3593 1770 3644 εί

198 3677 252 3739 ὁ,
285 3676 456 3748 Ἀδὰμ
493 3679 944 3748 προανήρπαστο’
979 3678 1144 3750 ἡγὰρ
1165 3679 1260 3749 τῆς
1300 3679 1660 3750 παραϐάσεως
1691 3683 1773 3735 αί-

204 3769 382 3841 σχύνη
407 3771 504 3841 τὴν
541 3769 782 3838 γλῶτταν
819 3771 1152 3842 ἀνέφραττεν
1183 3769 1315 3842 (68).
1351 3771 1514 3824 Ἀϐελ
1562 3771 1772 3843 πρῶτος

203 3859 603 3933 πεσὼνήγειρε
636 3861 734 3926 τὰς
767 3862 984 3926 ἐλπίδας
1003 3864 1101 3934 τῆς
1131 3862 1359 3933 φύσεως.

276 4035 334 4101 4.
364 4034 632 4103 Ἔφθασεν
669 4034 762 4087 ἐπὶ
798 4032 1004 4096 τούτοις
1052 4031 1241 4104 Ἑνὼχ,
1278 4033 1372 4087 καὶ
1406 4049 1570 4098 τοπου
1611 4050 1776 4105 μετα-

203 4126 402 4194 στάσει
429 4126 517 4178 τὸν
552 4125 682 4196 ᾅδην
724 4125 1022 4193 ἀπέφυγεν,
1054 4123 1396 4196 εὐδοκιμήσει
1431 4124 1544 4194 βίου
1578 4123 1778 4196 δραπε-

1852 587 2086 649 clinans,
2119 601 2296 656 neque
2323 586 2439 656 ipse
2471 586 2652 657 seipso
2682 587 2999 657 propensior
3021 587 3088 642 ad
3109 589 3414 645 misericor-

1855 676 1997 731 diam
2036 677 2239 740 factus,
2265 677 2478 732 etiamsi
2533 692 2678 732 nunc
2724 691 2913 733 revera
2957 679 3411 734 resurrectionem

1860 769 2139 836 exhibuit;
2173 768 2265 824 sed
2289 768 2402 838 jam
2433 767 2561 824 olim
2592 778 2817 824 mortem
2852 770 3134 839 imperium
3165 770 3414 825 obtinen-

1857 867 1987 926 tem,
2032 861 2452 916 resurrectionis
2499 860 2706 915 umbris
2749 861 3030 926 exterruit,
3081 875 3413 932 regnumque

1861 950 2064 1006 inferni
2086 951 2451 1016 conturbavit,
2481 951 2708 1006 obscura
2741 952 2973 1022 quadam
2999 954 3210 1008 ratione
3229 952 3410 1024 generi

1858 1039 2096 1094 humano
2127 1055 2277 1110 spem
2310 1039 2554 1095 tribuens
2576 1039 3034 1110 incorruptionis;
3056 1041 3413 1112 indicansque

1857 1130 2061 1199 aequale
2092 1128 2205 1184 fore
2235 1136 2446 1199 tempus
2480 1130 2642 1186 soluti
2671 1130 2886 1196 inferni,
2916 1131 3143 1202 tempori
3165 1131 3411 1202 tyranni-

1859 1221 1944 1278 dis
1981 1221 2120 1291 ejus.
2153 1221 2232 1276 Ac
2248 1222 2403 1287 mihi,
2426 1237 2630 1292 quaso,
2661 1222 2930 1293 perpende
2948 1237 3202 1277 arcanam
3229 1237 3412 1279 rerum

1862 1311 2240 1368 oeconomiam.
2269 1309 2408 1366 Abel
2428 1311 2636 1386 primus
2655 1327 2687 1366 a
2709 1319 2883 1367 morte
2917 1311 3188 1368 detinetur
3214 1313 3280 1368 ¹².
3309 1312 3412 1380 Qui

1862 1402 2024 1457 morti
2047 1401 2194 1458 dedit
2225 1403 2433 1475 peccati
2483 1403 2848 1472 occasionem,
2885 1403 2932 1458 is
2960 1412 3166 1459 natura:
3195 1403 3289 1459 dat
3321 1404 3418 1460 ad-

1861 1505 2052 1545 versus
2080 1497 2310 1545 mortem
2343 1489 2594 1545 vindictae
2648 1491 2959 1562 expetendae
3015 1501 3414 1564 argumentum.

1862 1578 2020 1646 Nam,
2062 1580 2108 1636 si
2139 1581 2347 1660 injuria
2375 1581 2667 1646 detinetur,
2694 1581 2817 1651 jure
2864 1582 3099 1653 resurgit
3139 1598 3153 1635 :
3202 1589 3418 1638 mortuo

1862 1687 2099 1744 namque
2125 1683 2426 1744 peccatore,
2445 1676 2500 1729 in
2524 1674 2614 1744 jus
2636 1680 2826 1729 vocata
2855 1689 3003 1732 mors
3035 1675 3226 1731 fortior
3250 1683 3416 1731 esset.

1866 1765 2218 1822 Perniciosus
2249 1775 2429 1820 autem
2468 1763 2682 1820 inferno
2711 1765 2814 1819 fuit
2842 1763 2932 1821 ille
2954 1767 3216 1822 adversus
3239 1765 3419 1836 justos

1865 1865 2096 1913 conatus
2129 1875 2148 1930 ς,
2172 1857 2445 1912 inﬁrmum
2469 1856 2660 1912 mortis
2692 1857 2989 1921 vinculum,
3019 1856 3167 1928 quod
3210 1857 3421 1928 justum

1865 1947 2067 2020 injuria
2095 1949 2421 2004 obstrictum
2447 1948 2732 2005 detineret.
2783 1947 2842 2004 Si
2873 1964 3110 2020 namque
3136 1949 3422 2019 peccatum

1865 2050 1950 2102 est
1973 2038 2126 2110 regni
2158 2039 2350 2096 mortis
2371 2039 2581 2114 robur,
2625 2039 2718 2109 qui
2769 2038 3003 2095 necdum
3033 2038 3277 2105 offendit,
3311 2053 3424 2094 non

1865 2129 1944 2184 illi
1972 2129 2374 2190 ohnoxiusest.
2409 2129 2767 2197 Quamobrem
2798 2145 2920 2185 cum
2955 2145 3122 2201 penes
3143 2129 3312 2186 Deum
3335 2145 3425 2186 es-

1866 2226 1949 2275 set
2001 2217 2220 2274 Abelem
2271 2217 2397 2274 neci
2430 2218 2748 2288 subripere;
2799 2217 2856 2272 id
2887 2217 3110 2272 minime
3147 2215 3297 2282 fecit,
3329 2215 3426 2273 sed

1865 2311 2112 2382 permisit
2157 2309 2394 2377 caedem;
2425 2317 2488 2364 ut
2514 2310 2649 2380 justi
2704 2309 2970 2382 sanguine
3006 2309 3247 2379 plantata
3275 2322 3424 2364 mors

1863 2403 2068 2457 nullam
2091 2401 2312 2456 haberet
2326 2401 2585 2457 radicem.
2615 2400 2793 2466 Quare
2813 2399 3061 2455 Christus
3085 2397 3274 2454 mundi
3293 2413 3424 2453 cau-

1865 2508 1981 2548 sam
2017 2508 2204 2565 agens,
2245 2475 2461 2548 diceba't
2494 2511 2509 2548 :
2548 2510 2567 2544 ‹
2597 2491 2754 2547 Nunc
2779 2491 3048 2563 judicium
3097 2498 3182 2547 est
3231 2489 3425 2544 mundi

1864 2585 2051 2655 hujus,
2104 2599 2254 2639 nunc
2304 2583 2559 2655 princeps
2607 2583 2770 2654 hujus
2825 2582 3015 2637 mundi
3052 2580 3300 2653 ejicietur
3344 2580 3427 2636 fo-

1864 2677 2039 2734 ras“.
2081 2697 2100 2730 ι
2148 2678 2336 2748 Itaque
2359 2676 2474 2747 jam
2515 2675 2645 2730 olim
2695 2690 2792 2747 per
2817 2673 3097 2731 Christum
3133 2673 3428 2744 praedicata

1865 2775 1950 2824 est
1981 2767 2164 2823 Abelis
2201 2781 2368 2821 causa
2393 2773 2554 2836 atque
2570 2765 2819 2822 victoria.
2845 2763 3072 2820 Paulum
3092 2764 3280 2834 accipe
3292 2763 3427 2818 mihi

1866 2859 1994 2925 huic
2041 2858 2322 2912 sententia:
2370 2855 2801 2926 patrocinantem
2855 2870 2870 2907 :
2917 2873 2935 2906 ι
2984 2853 3051 2910 Et
3086 2862 3369 2917 mortuus,
3401 2870 3423 2907 ι

1868 2949 2064 3020 inquit,
2102 2967 2121 3000 ‹
2161 2948 2316 3012 Abel,
2362 2947 2539 3003 adhuc
2592 2948 2880 3018 loquitur:
2921 2946 3066 3003 unde
3101 2961 3227 3002 eum
3270 2955 3326 3002 et
3372 2946 3460 3019 in_

1870 3037 2181 3110 parabolam
2213 3037 2409 3107 accipit
2428 3037 2492 3101 ιι,
2531 3057 2550 3090 ι
2585 3037 2898 3108 parabolam
2921 3037 3200 3108 appellans
3224 3036 3427 3094 simili-

1796 3163 1838 3221 α
1869 3129 2130 3221 tudinem.
2156 3126 2341 3221 Abelis
2366 3121 2565 3199 quippe
2585 3127 2762 3185 caedes
2785 3127 2974 3221 judicii
3006 3127 3211 3221 Christi
3242 3135 3426 3221 typum

1869 3221 2027 3292 gerit.
2052 3219 2230 3286 Quare
2259 3219 2420 3274 etiam
2447 3227 2572 3292 post
2607 3226 2838 3275 mortem
2873 3219 3136 3290 loquitur,
3165 3233 3230 3274 ac
3252 3218 3428 3290 parri-

1869 3313 2049 3372 cidam
2078 3322 2321 3370 acwsat.
2353 3314 2490 3369 Nam
2521 3314 2648 3368 vitae
2680 3311 2944 3368 adventus
2974 3311 3165 3368 mortis
3204 3310 3314 3366 vim
3338 3326 3431 3367 su-

1873 3402 2102 3473 peravit.
2135 3403 2485 3475 Nequaquam
2509 3404 2682 3459 caades
2741 3404 2862 3473 ejus
2907 3401 3148 3474 linguam
3190 3403 3432 3458 claman-

1870 3500 1977 3549 tem
1995 3494 2260 3561 cohibuit,
2284 3511 2460 3566 neque
2486 3494 2766 3565 sanguinis
2785 3495 3270 3566 expostulationem
3291 3508 3430 3564 pra:-

1872 3583 2004 3638 cidit
2024 3601 2039 3650 ;
2057 3650 2060 3653 ‘
2074 3583 2170 3639 sed
2184 3591 2356 3640 morte
2371 3583 2586 3639 detenta
2604 3583 2789 3654 lingua
2808 3590 3067 3636 aeternum
3091 3580 3308 3636 clamat.
3325 3579 3432 3638 Ne-

1870 3690 2142 3746 quaquam
2191 3683 2399 3730 naturae
2423 3675 2478 3729 in
2507 3681 2761 3746 promptu
2794 3671 2991 3728 fuisset
3035 3686 3133 3728 sua
3165 3671 3430 3736 defensio,

1873 3769 1920 3824 si
1949 3767 2100 3839 prior
2137 3767 2307 3822 Adam
2339 3775 2528 3838 raptus
2567 3765 2780 3822 fuisset.
2816 3763 2951 3818 Nam
2981 3764 3434 3834 transgressionis

1872 3860 2045 3929 pudor
2069 3874 2131 3916 os
2161 3859 2237 3914 illi
2261 3858 2562 3914 obturaret.
2593 3856 2727 3912 Abel
2759 3854 2910 3926 prior
2952 3852 3222 3910 decedens
3279 3868 3430 3924 spem

1871 3952 2123 4010 excitavit
2155 3959 2379 4007 naturae.

1941 4045 1996 4100 4.
2028 4043 2110 4098 Ad
2131 4044 2248 4099 haec
2270 4041 2513 4098 occurrit
2535 4040 2741 4107 Enoch,
2782 4040 2876 4111 qui
2926 4039 3032 4096 loci
3079 4037 3433 4095 translatione

1874 4133 2147 4191 infernum
2173 4133 2381 4206 ell‘ugit,
2410 4148 2475 4188 ac
2503 4133 2688 4204 probae
2715 4131 2840 4187 vita:
2867 4146 2980 4187 sum
3028 4130 3202 4202 gratia
3260 4128 3435 4184 evasit

201 4218 386 4275 τεύων
404 4217 492 4270 τὸν
519 4217 762 4270 θάνατον.
792 4215 946 4270 Μετὰ
963 4214 1148 4267 τοῦτον
1185 4215 1366 4279 Ἠλίας
1389 4218 1416 4269 ὁ
1437 4217 1626 4286 μέγας,
1658 4217 1765 4270 οὐδὲ

1874 4235 2104 4282 mortem
2134 4225 2199 4280 ¹⁸.
2234 4223 2364 4280 Post
2407 4224 2554 4278 hunc
2586 4237 2814 4294 magnus
2871 4222 2962 4277 ille
3003 4220 3208 4284 Helias,
3258 4234 3434 4289 neque

202 4310 377 4374 αὐτὸς
425 4308 568 4373 εἴξας
609 4307 686 4379 τῷ
725 4307 955 4377 θανάτῳ,
997 4307 1058 4360 τὸ
1094 4307 1192 4377 τῆς
1242 4307 1514 4378 ξενοδόχου
1569 4307 1765 4362 παιδίον.

1878 4317 1998 4387 ipse
2057 4315 2220 4371 morti
2251 4313 2413 4388 39h
2438 4313 2656 4379 cedens,
2713 4312 2940 4382 hospitae
2996 4309 3242 4366 mulieris
3273 4323 3433 4363 mor-

202 4401 538 4472 τελευτῆσαν
566 4400 890 4471 ἐξήρπασεν,
921 4399 1083 4468 εὐχῆς
1115 4399 1399 4470 δυναστείᾳ
1423 4399 1514 4453 τοῦ
1549 4399 1765 4453 θανάτοι

1878 4416 2033 4462 tuum
2063 4406 2232 4461 filium
2262 4405 2425 4463 morti
2450 4403 2708 4474 abripuit,
2736 4401 2945 4458 devicto
2972 4415 3070 4458 uer
3097 4399 3205 4454 vim
3231 4398 3434 4454 oratio-

203 4493 314 4563 τὴν
351 4492 468 4562 βίαν
508 4493 736 4562 νικήσας
768 4490 899 4562 (69),
925 4493 1020 4544 καὶ
1064 4491 1162 4562 τὴν
1205 4491 1264 4554 ἐξ
1287 4491 1412 4562 ᾅδου
1459 4494 1594 4562 πρὸς
1634 4491 1765 4562 ζωὴκ

1881 4498 1969 4554 nis
2001 4499 2192 4553 mortis
2232 4495 2481 4567 imperio,
2522 4509 2586 4548 ac
2640 4507 2783 4548 nova
2811 4508 2877 4546 ex
2904 4489 3118 4546 inferno
3155 4487 3224 4544 ad
3265 4489 3434 4544 vitam

208 4585 559 4656 ὑποστροφὴν
606 4586 1020 4655 καινουργήσας.
1080 4583 1380 4646 Ἐλισσαῖος
1423 4584 1516 4637 ἐπὶ
1565 4583 1765 4647 τούτοις

1874 4591 2261 4661 remigratione
2288 4586 2585 4647 constituta
2620 4585 2682 4638 ¹⁸.
2704 4583 2835 4640 Post
2857 4583 2971 4636 haec
3018 4581 3244 4637 Elisaaus
3272 4595 3434 4635 exor-

205 4674 474 4738 ἁνὲτειλε,
524 4673 719 4744 διπλῆν
751 4673 810 4738 ἐξ
835 4673 1011 4743 ἁπλῆς
1035 4672 1134 4742 τὴν
1179 4673 1337 4746 χάριν
1369 4672 1677 4743 δεξάμενος,
1719 4673 1765 4736 ὃς

1877 4688 1967 4735 tus
1997 4687 2114 4748 est.
2137 4679 2228 4752 qui
2273 4679 2540 4748 duplicem
2568 4692 2666 4747 pro
2694 4675 2925 4745 simplici
2948 4683 3140 4729 nactus
3179 4673 3428 4745 gratiam,

204 4767 272 4821 τὸ
304 4767 404 4836 τῇς
429 4765 786 4836 Σωμανίτιδος
813 4763 1020 4818 παιδίον
1052 4763 1110 4830 ἐξ
1144 4763 1270 4834 ᾅδου
1305 4766 1440 4836 πρὸς
1469 4764 1578 4835 βίον
1601 4765 1667 4818 δι’
1695 4765 1765 4817 ευ

1883 4769 2240 4832 Sunamitidis
2274 4769 2443 4822 filium
2477 4783 2543 4824 ex
2573 4766 2784 4821 inferno
2815 4765 2882 4820 ad
2903 4765 3062 4818 vitam
3087 4764 3138 4819 vi
3168 4761 3430 4818 orationis

205 4860 318 4932 χῆς
345 4858 740 4934 μετεπέμπετο.
780 4855 932 4908 Ἐπεὶ
957 4855 1014 4908 δὲ
1047 4855 1141 4908 καὶ
1173 4856 1330 4921 αὐτὸς
1359 4859 1466 4921 τοῖς
1497 4856 1591 4910 τοῦ
1623 4855 1765 4910 θανά-

1879 4861 2099 4917 reduxit
2127 4860 2191 4914 ¹⁷.
2227 4859 2360 4914 Cum
2387 4864 2566 4913 autem
2589 4863 2642 4911 et
2677 4856 2794 4928 ipse
2827 4854 3021 4910 mortis
3048 4853 3256 4908 retibus
3284 4867 3438 4906 com-

203 4968 307 5003 του
351 4947 676 5019 περιεϐλήθη
726 4948 983 5015 δικτύοις,
1022 4949 1116 5002 καὶ
1161 4949 1351 5020 νεκρὸς
1387 4948 1482 5014 ὣν,
1511 4951 1658 5020 ὅμως
1691 4949 1765 5003 τὸ)

1880 4955 2114 5025 plicatus
2147 4958 2250 5015 est,
2292 4957 2538 5005 mortuus
2579 4948 2727 5012 licet,
2767 4945 3040 5002 infernum
3088 4951 3272 4998 tamen
3303 4941 3436 4996 diri-

206 5042 348 5114 ᾇδην
372 5041 619 5112 ἐσύλησε,
643 5044 708 5114 τῇ
739 5040 834 5094 τοῦ
859 5040 1106 5112 σώματος
1135 5042 1245 5112 ἁφῇ
1275 5042 1366 5094 τὸν
1396 5042 1584 5114 νεκρὸν
1614 5058 1765 5114 φυγα¹

1884 5043 2022 5115 puit,
2054 5041 2237 5113 fugato
2260 5056 2356 5112 per
2377 5041 2550 5096 solum
2578 5035 2823 5107 corporis
2853 5040 3165 5090 contactum
3191 5039 3432 5097 mortuo,

205 5133 556 5200 8563a;,_xal.
584 5133 672 5188 διὰ
703 5133 896 5204 νεκροῦ
936 5133 1125 5206 νεκρὸς
1148 5135 1284 5204 πρὸς
1313 5133 1427 5204 βίον
1468 5133 1765 5197 ἐκλέπτετοη

1885 5148 1951 5188 ac
1985 5140 2098 5187 tum
2146 5147 2242 5202 per
2299 5130 2614 5187 defunctum
2665 5126 2955 5184 defunctus
2993 5124 3306 5194 rapiebatur
3366 5123 3428 5176 ⁸⁸.

289 5311 332 5342 ¹²
375 5309 509 5364 Gen.
546 5325 622 5373 ιν,
658 5309 710 5364 8.
786 5310 830 5343 ¹³
867 5307 1172 5379 Joan._x-u,
1207 5309 1298 5363 5i.
1373 5308 1416 5379 ξδ
1450 5307 1616 5366 Hebr.
1646 5325 1700 5365 ιι
1723 5351 1740 5379 ,

1901 5310 1947 5342 ’⁸
1985 5307 2120 5365 Gen.
2155 5322 2210 5362 v.
2243 5306 2334 5362 24.
2412 5306 2456 5338 ¹⁶
2496 5302 2560 5358 ιιι
2594 5301 2728 5375 Reg.
2761 5316 2871 5357 xvn
2894 5340 2909 5368 ,
2947 5299 3036 5355 22.
3116 5299 3158 5330 "
3197 5295 3264 5352 IV
3298 5295 3431 5370 Reg.

208 5396 291 5445 ιι,
326 5380 414 5445 10,
449 5381 652 5446 ll;1v,
683 5379 771 5435 54.
849 5380 894 5411 ⁸⁸
933 5378 1000 5434 lV
1037 5377 1166 5450 Reg.
1203 5395 1338 5445 xm,
1370 5378 1462 5435 21.

283 5532 400 5605 (66)
438 5533 617 5600 Colb.,
647 5532 853 5604 ἀριζος.
879 5531 1002 5588 Mox
1041 5532 1099 5588 in
1141 5531 1308 5604 Regio
1345 5539 1401 5588 et
1440 5531 1596 5588 Colb.
1626 5531 1779 5590 deest

206 5605 463 5667 θάνατος.

284 5674 400 5745 (67)
439 5673 574 5745 Beg.
606 5679 661 5729 et
678 5673 856 5745 Colb.,
882 5672 1182 5745 παρρησία.

308 5742 398 5815 68)
439 5741 598 5816 Reg,
628 5741 975 5817 ὲνίφραττενζ
1001 5741 1178 5812 Ct>lb.,
1208 5741 1566 5816 ἀπέφραττεν.

1953 5528 2064 5600 (69)
2103 5524 2339 5600 ItaReg.
2373 5530 2427 5580 et
2455 5523 2612 5600 Colb._
2640 5521 2784 5576 Editi
2819 5535 2969 5583 vero,
2999 5518 3312 5600 δυναστείας
3337 5513 3434 5600 τοῦ

1884 5589 2110 5653 θανάτου
2146 5597 2240 5669 τὴν
2281 5589 2398 5666 βίαν
2426 5593 2788 5663 νικησάσης...
2828 5590 3312 5712 καινουργησὰσέξ.
3342 5589 3405 5646 In

1885 5669 1963 5712 ἳνα
1997 5667 2194 5712 quins
2221 5675 2273 5712 el
2307 5662 2798 5712 Cnlh--&véra).).ev.
2831 5661 2974 5712 Mox.
3003 5662 3186 5712 ndem.
3293 5674 3405 5712 ututs

1885 5669 1964 5792 fuga
1989 5661 2798 5792 ξρεὶυεεῐϐοιιι,ἀνέτελλεν.
2830 5661 2974 5730 Mox,
3003 5661 3186 5725 iidem,
3223 5661 3433 5732 Σουμα-

1883 5757 1913 5793 ν
1937 5756 1986 5792 τι
2017 5755 2096 5803 ος.
3135 5767 3138 5771 .
