3870 6208
481 381 622 438 £079

1605 381 1664 437 Β.
1707 382 2168 441 ATHANASIUS.
2206 415 2276 425 -—
2313 381 2581 439 SPURIA.

3575 385 3598 440 l
3609 385 3718 440 080

477 501 718 572 Eratque
767 509 1017 558 mortuus
1074 503 1337 574 propheta
1387 505 1549 559 morti
1589 503 1807 560 noxius.
1858 503 2044 562 Elisaea

2150 505 2258 558 Καὶ
2277 498 2344 574 ἦν
2371 505 2400 556 ὁ
2419 503 2702 575 προφήτης
2730 501 2805 572 τῷ
2830 499 3043 572 θανάτῳ
3063 501 3256 572 νεκρὸς
3275 500 3581 573 ἐπιζήμιος.
3603 503 3715 556 Τοῦ

477 592 680 662 quippe
709 598 949 657 mortuo,
983 603 1326 650 mortuorum
1371 610 1634 652 numerus
1677 597 2049 652 accessionem

479 697 592 737 non
623 682 834 739 habuit.
875 682 989 740 Nec
1047 686 1264 741 inferno
1308 686 1584 758 quidpiam
1626 687 1763 742 lucri
1807 687 2046 753 obvenit,

477 775 624 847 quod
653 775 862 845 justum
885 778 1044 848 quasi
1086 780 1324 849 praedam
1350 779 1698 849 ahripuisset.
1737 779 1896 835 llisce
1927 795 2051 833 cor-

479 869 730 938 ruptione
745 869 1013 926 labentem
1031 881 1302 938 naturam,
1327 871 1748 928 resurrectionis
1781 871 1893 944 typi
1924 886 2046 924 mu-

478 961 704 1016 niebant
735 979 750 1016 :
777 976 879 1017 nec
907 963 1160 1017 valebant
1199 970 1383 1017 tamen
1419 963 1486 1018 iis
1508 963 1601 1033 qui
1632 963 1748 1032 jam
1789 962 1933 1034 capti
1966 969 2048 1018 te-

477 1061 741 1106 nerentur
761 1066 916 1122 opem
944 1052 1088 1108 ferre
1111 1072 1125 1108 :
1165 1071 1185 1106 ι
1225 1052 1334 1108 Sed
1360 1055 1606 1125 regnavit
1626 1069 1774 1110 mors
1790 1055 1856 1110 ab
1876 1055 2048 1110 Adam

477 1157 652 1212 usque
667 1143 735 1197 ad
755 1142 980 1216 Moysen
1003 1146 1069 1209 η,
1084 1164 1102 1196 ι
1129 1145 1265 1216 legis
1306 1153 1519 1216 tempus
1548 1147 1757 1203 habens
1780 1149 1834 1202 in
1860 1149 2048 1203 termi-

477 1247 581 1288 nos
614 1235 844 1304 imperii.
875 1235 943 1290 At
969 1243 1257 1307 postquam
1287 1238 1542 1294 Christus
1575 1254 1640 1294 ex
1669 1240 1825 1297 caelis
1875 1255 2046 1311 appa-

475 1324 611 1390 ruit,
638 1332 752 1378 tum
777 1341 903 1397 spes
931 1328 1146 1397 generis
1195 1327 1420 1382 humani
1456 1329 1511 1382 in
1542 1344 1683 1400 opus
1729 1331 1999 1399 processit
2029 1348 2044 1384 :

477 1423 592 1469 tum
649 1414 930 1472 Dominica
982 1431 1118 1473 voce
1159 1418 1357 1473 inferni
1397 1420 1641 1475 claustra
1671 1427 1858 1491 aperta
1894 1427 2044 1488 sunt,

475 1518 540 1558 ac
561 1511 808 1561 mortuos
829 1505 1115 1578 colligatos
1148 1507 1450 1563 reddebant
1479 1509 1730 1579 sepulcra
1759 1517 1908 1565 .tum
1942 1526 2044 1565 von

474 1595 615 1649 catio
639 1594 802 1660 facta,
831 1605 947 1650 tum
995 1599 1303 1669 sepulcrum
1361 1607 1609 1669 apertum
1660 1609 1765 1666 est,
1821 1615 1886 1656 ac
1936 1601 2046 1659 Deo

473 1686 768 1755 conjuncta
789 1688 1025 1743 humana
1047 1697 1266 1754 natura,
1286 1689 1560 1746 infernum
1576 1693 1887 1763 perterruit.
1909 1692 2046 1750 llinc

474 1775 722 1834 infernus
743 1779 1006 1836 adversus
1029 1788 1368 1836 mortuorum
1391 1791 1668 1854 raptorem
1691 1784 2039 1842 inclamabat:

2149 593 2258 667 γάρ
2303 595 2603 648 Ἐλισσαίου
2640 593 2911 657 θανόντος,
2956 591 3270 664 προσθήκην
3300 595 3329 646 ὁ
3363 592 3472 645 τῶν
3503 592 3715 662 νεκρῶν

2150 687 2382 758 ἀριθμὸς
2414 688 2513 740 οὐκ
2543 685 2862 756 ἐλάμϐανεν.
2903 685 3041 739 Ἀλλ’
3067 685 3292 755 ἀκερδὲς
3325 685 3403 756 τῷ
3439 685 3541 756 ᾄδῃ
3571 685 3716 739 κατά

2147 777 2242 832 τοῦ
2271 778 2475 832 δικαίου
2505 777 2616 847 (70)
2644 777 2704 832 τὸ
2733 777 2971 850 θήραμα.
3007 777 3095 832 Ἐν
3125 777 3333 840 τούτοις
3355 779 3406 829 οί
3426 777 3586 830 τύποι
3617 779 3715 848 τῆς

2149 871 2495 934 ἀναστάσεως
2519 870 2764 941 ὠχύρουν
2790 871 3146 944 φθειρομένην
3166 871 3263 942 τὴν
3295 871 3452 940 φύσιν
3472 888 3487 902 ο
3519 872 3718 942 βοηθῆ-

2149 979 2239 1014 σαι
2271 963 2315 1016 δ’
2338 963 2486 1032 ὅμως
2515 965 2628 1026 τοῖς
2667 962 2882 1016 ἁλοῦσιν
2915 965 3015 1016 οὐκ
3048 964 3256 1033 ἴσχυον·
3293 983 3312 1014 ι
3353 964 3491 1016 Ἀλλ’
3528 963 3716 1017 ἐϐασί-

2147 1051 2334 1106 λευσεν
2360 1053 2389 1105 ὁ
2417 1052 2643 1116 θάνατος
2687 1053 2794 1106 ἀπὸ
2837 1053 3005 1123 Ἀδὰμ
3038 1054 3198 1124 μέχρι
3221 1053 3517 1116 Μωῦσέως,
3561 1072 3582 1105 ι
3620 1052 3715 1106 τοῦ

2145 1145 2310 1214 νόμου
2363 1147 2454 1198 τὸν
2504 1145 2690 1216 χρόνον
2731 1145 2888 1216 ὄρους
2942 1144 3034 1198 τοῦ
3088 1146 3320 1215 κράτους
3372 1144 3713 1214 ποιούμενος.

2159 1233 2377 1306 Ἐπειδὴ
2403 1233 2458 1288 δὲ
2480 1235 2712 1307 Χριστὸς
2735 1234 2794 1298 ἐξ
2823 1234 3066 1306 ούρανιῗν
3085 1235 3341 1306 ἀνεφάνη,
3371 1235 3589 1305 ἔτρεχον
3620 1237 3714 1305 μὲν

2145 1327 2223 1390 είς
2258 1326 2414 1397 ἔργον
2440 1327 2494 1378 αί
2518 1325 2612 1379 τοῦ
2641 1327 2827 1395 γένους
2855 1326 3066 1390 ἐλπίδες
3085 1344 3098 1356 ·
3122 1327 3215 1380 καὶ
3249 1331 3395 1398 φωνῇ
3409 1330 3713 1398 Δεσποτικῇ

2143 1415 2212 1469 τά
2263 1415 2388 1486 ᾅδου
2425 1415 2722 1488 διηνοίγετο
2755 1416 2996 1486 κλεῖθρα,
3038 1416 3130 1470 καὶ
3167 1415 3451 1487 δεσμώτας
3488 1419 3717 1486 νεκροὺς

2143 1510 2426 1564 ἀπεδίδουν
2471 1511 2520 1562 οἱ
2557 1510 2748 1578 τάφοι·
2790 1509 2884 1563 καὶ
2926 1509 3118 1578 κλῆσις
3153 1510 3378 1577 ἐγίνετο,
3416 1509 3510 1562 καὶ
3545 1510 3717 1577 τάφος

2141 1601 2420 1671 ήνοίγετο⁶
2463 1600 2556 1654 καὶ
2592 1600 2752 1670 φύσις
2797 1599 3108 1672 ἀνθρωπίνη
3142 1599 3259 1670 Θεῷ
3311 1599 3564 1670 ἡνωμένη
3625 1600 3716 1652 τὸν

2142 1689 2277 1762 ᾅδην
2324 1689 2712 1762 κατέπληττεν.
2751 1688 3031 1742 Ἐντεῦθεν
3073 1691 3100 1742 ὁ
3127 1687 3258 1759 ᾅδης
3290 1688 3425 1760 πρὸς
3456 1688 3547 1740 τὸν
3589 1690 3718 1752 τοὺς

2141 1783 2370 1854 νεκροὺς
2421 1781 2822 1854 ἀφαιρούμενον
2853 1781 3012 1834 ἐϐόαο
3044 1781 3109 1833 Τί
3153 1781 3250 1852 τὴν
3296 1782 3354 1834 ὲν
3397 1781 3717 1852 παραδείσῳ

473 1866 616 1933 Quid
668 1876 729 1924 tu
773 1871 979 1926 editum
1025 1871 1081 1927 in
1133 1872 1386 1943 paradiso
1434 1850 1764 1948 rescriptum
1807 1878 2044 1933 evertisl

2148 1850 2844 1946 συγγραφὴν-ἀνατρέπεις
2877 1873 2928 1926 τί
2963 1873 3024 1927 τὸ
3060 1850 3334 1943 κατάντῆς
3359 1850 3576 1942 φύσεως
3622 1850 3719 1927 ata-

473 1975 646 2030 quare
705 1961 1132 2034 chirographum
1182 1964 1447 2022 adversus
1487 1974 1740 2023 naturam
1800 1970 2043 2026 conscri-

473 2060 628 2125 ptum
647 2053 965 2111 exscindis‘l
996 2053 1299 2126 Rescriptis
1323 2057 1448 2129 jure
1468 2059 1630 2116 editis
1654 2060 1915 2118 adversus
1937 2062 2041 2118 ho-

473 2145 651 2201 mines
683 2145 984 2204 instructus
1001 2162 1144 2204 sum.
1178 2146 1362 2206 Habeo
1379 2151 1512 2206 illud
1540 2168 1588 2205 τι
1621 2150 1795 2209 Terra
1815 2169 1872 2210 es
1909 2162 1963 2210 et
1984 2154 2042 2211 in

475 2242 678 2290 terram
709 2238 1003 2294 reverteris
1027 2237 1108 2308 ”;
1147 2259 1166 2292 ι
1194 2241 1409 2310 generis
1433 2244 1643 2300 scilicet
1670 2245 1895 2301 humani
1917 2262 2044 2318 sup-

475 2329 717 2398 plicium.
743 2327 986 2401 Lugebat
1006 2347 1168 2402 porro
1184 2335 1462 2406 sigillatim
1485 2337 1738 2408 abreptos
1768 2347 2037 2396 mortuos.

475 2417 762 2490 lgnorabat
794 2421 955 2486 forte,
999 2423 1279 2481 Christum
1315 2441 1440 2482 cum
1474 2428 1851 2497 descenderet,
1898 2447 2044 2488 mor-

474 2517 600 2565 tuos
637 2510 924 2569 universos
953 2513 1203 2572 libertate
1223 2517 1576 2574 donaturum.
1609 2519 1690 2577 Ne
1728 2522 1854 2593 quis
1897 2524 2043 2580 enim

475 2602 621 2656 ultra
648 2602 706 2657 in
734 2603 950 2660 inferno
1000 2607 1218 2664 vinctus
1247 2620 1572 2678 remaneret,
1614 2611 1896 2669 descendit
1925 2615 2042 2685 ipse

473 2691 726 2749 Christus
752 2694 809 2750 in
835 2695 1146 2752 infernum:
1175 2699 1268 2768 qui
1301 2714 1466 2755 carne
1489 2717 1586 2758 sua
1620 2718 1781 2773 quam
1799 2706 2044 2775 gestabat

473 2782 642 2838 veluti
667 2797 794 2839 esca
831 2799 968 2840 usus
1015 2794 1211 2842 contra
1266 2789 1564 2860 infernum,
1613 2792 1831 2851 deitatis
1860 2804 2042 2853 autem

472 2874 674 2930 virtute
696 2876 902 2949 regiam
925 2876 1047 2948 ejus
1079 2881 1423 2948 subvertens,
1456 2884 1604 2940 brevi
1628 2887 1886 2958 temporis
1918 2903 2044 2960 spa-

473 2965 550 3022 tio
579 2967 805 3039 antiqua
825 2969 962 3042 legis
1005 2970 1228 3029 discidit
1271 2975 1651 3049 chirographa,
1695 2988 1757 3034 ut
1795 2980 2042 3037 homines

474 3060 543 3113 ad
578 3059 748 3117 cmlos
795 3060 1118 3132 adduceret;
1175 3063 1244 3120 ad
1281 3067 1472 3132 ccelos,
1516 3069 1760 3140 inquam,
1802 3072 1980 3127 locum
2013 3087 2043 3126 a

471 3158 648 3206 morte
680 3151 942 3219 liberum,
973 3155 1403 3229 incorruptionis
1432 3159 1816 3231 diversorium,
1881 3163 2044 3234 justi-
2069 3182 2114 3242 α

470 3241 562 3296 tia:
587 3243 879 3298 oﬂicinam.

543 3333 596 3390 5.
631 3333 693 3395 In
728 3336 880 3391 hisce
910 3336 1074 3394 bonis
1108 3347 1188 3406 tu,
1224 3355 1417 3397 recens
1445 3342 1770 3413 illuminate,
1800 3346 2044 3417 baptiza-

473 3432 565 3479 tus
592 3440 652 3481 es
687 3442 700 3455 ο
733 3426 940 3499 pignus
968 3429 1068 3486 tibi
1118 3434 1536 3490 resurrectionis
1563 3436 1757 3502 evasit,
1793 3450 1826 3492 ο
1855 3453 2045 3494 recens

474 3515 801 3583 illuminate,
835 3519 1023 3590 gratiae
1051 3521 1286 3578 initiatio
1320 3542 1332 3576 :
1366 3524 1564 3594 pignus
1613 3525 1711 3580 tibi
1743 3535 1828 3582 est
1868 3528 2046 3598 bapti-

476 3619 593 3662 sma
615 3604 812 3664 futura:
839 3609 896 3663 in
917 3611 1060 3667 cmlo
1087 3613 1230 3668 vitae.
1257 3613 1508 3671 imitatus
1539 3631 1600 3672 es
1630 3632 1728 3686 per
1749 3617 2047 3674 demersio-

473 3712 598 3752 nem
633 3697 846 3754 Domini
878 3701 1214 3772 sepulcrum.
1251 3700 1360 3758 Sed
1391 3705 1519 3760 inde
1569 3721 1788 3762 rursum
1818 3708 2046 3763 emersi-

477 3791 571 3856 sti,
606 3791 736 3847 visis
762 3793 1188 3849 resurrectionis
1236 3795 1515 3865 operibus,
1560 3804 1686 3851 ante
1721 3812 1886 3868 opera
1917 3799 2043 3852 alia.

476 3879 720 3948 Quorum
747 3881 932 3938 vidisti
966 3884 1234 3956 symbola,
1269 3900 1459 3940 eorum
1495 3902 1610 3942 rem
1641 3888 1814 3958 ipsam
1837 3889 2042 3958 accipe.

476 3970 619 4027 Dicti
648 3980 842 4030 testem
874 3991 1028 4032 sume
1049 3977 1148 4031 tibi
1179 3975 1408 4032 Paulum
1449 3979 1544 4050 qui
1577 3980 1690 4035 ait:
1737 3998 1756 4032 ι
1790 3979 1849 4036 Si
1898 3983 2044 4037 enim

477 4065 832 4136 complantati
879 4065 1010 4122 facti
1053 4083 1246 4125 sumus
1300 4070 1648 4126 similitudini
1683 4073 1876 4128 mortis
1903 4073 2044 4141 ejus,

477 4156 642 4212 etiam
670 4165 724 4213 et
753 4160 1178 4217 resurrectionis
1208 4161 1416 4218 erimus
1443 4164 1510 4218 ²¹.
1547 4181 1565 4215 ι
1599 4162 1830 4220 Pulchre
1889 4165 2043 4233 illud,

482 4249 834 4318 complantati
867 4269 881 4306 :
915 4251 1185 4322 baptisma
1208 4253 1406 4323 quippe
1437 4253 1701 4324 plantatio
1722 4264 1806 4311 est
1845 4254 1910 4310 ad
1940 4256 2045 4310 im-

485 4340 893 4408 mortalitatem,
922 4341 977 4396 in
1001 4343 1213 4412 piscina
1253 4345 1516 4416 plantata,
1565 4346 1623 4401 in
1677 4348 1818 4402 cmlo
1867 4347 2046 4404 ferens

484 4428 742 4487 fructum.
773 4433 888 4488 Illic
920 4432 1157 4506 Spiritus
1213 4439 1389 4507 gratia
1420 4452 1615 4494 arcana
1654 4439 1865 4494 ratione
1916 4454 2045 4510 Ope-

2141 1967 2416 2037 τασχίςεις
2474 1966 2866 2038 χειρόγραφον;
2927 1965 3253 2036 Ἐγγράφοις
3298 1965 3527 2030 δικαίοις
3574 1966 3720 2019 κατά

2139 2057 2249 2110 τῶν
2278 2057 2579 2129 ἀνθρώπων
2597 2056 2915 2128 ὠχύρωμαι.
2947 2058 3095 2128 Ἔχω
3121 2057 3182 2109 τδ
3204 2099 3220 2122 ,
3257 2075 3276 2108 ι
3309 2057 3386 2128 Γῆ
3414 2051 3486 2119 εἴ,
3518 2057 3616 2110 καὶ
3641 2059 3719 2122 είς

2140 2148 2244 2219 γῆν
2277 2146 2571 2220 ἀπελεύσῃ,
2603 2167 2623 2201 ι
2657 2148 2753 2202 τοῦ
2797 2149 2984 2217 γένους
3021 2148 3081 2202 τὸ
3114 2149 3430 2220 πρόστιμον.
3467 2149 3720 2217 Ὠδύρετο

2145 2241 2244 2310 μὲν
2272 2239 2336 2311 δὴ
2377 2238 2496 2293 καθ’
2525 2239 2621 2292 Eva
2666 2239 2772 2294 τῶν
2820 2239 3025 2310 νεκρῶν
3066 2241 3494 2314 ἀφαιρούμενος·
3530 2243 3720 2312 ἠγνόει

2141 2331 2198 2384 δὲ
2228 2314 2470 2403 ἀρα,’ὡς
2511 2330 2764 2403 Χριστὸς,
2809 2330 3077 2396 καταϐάς,
3117 2333 3394 2404 πάνδημον
3425 2334 3721 2404 ἀφαίρεσιν

2140 2424 2252 2486 τοῖς
2280 2424 2568 2495 θνήσκουσι
2590 2423 2891 2495 χαρίσεται.
2925 2426 3040 2477 Ἵνα
3059 2425 3168 2494 γάρ
3195 2424 3380 2495 μηδεὶς
3409 2423 3490 2477 ἔτι
3515 2425 3595 2494 τῷ
3619 2424 3718 2496 ᾄδῃ

2144 2515 2515 2587 περιλειφθείη
2555 2515 2665 2586 (71)
2692 2515 2994 2587 δεσμώτης,
3021 2516 3260 2569 κάτεισιν
3295 2517 3456 2579 αὐτὸς
3482 2517 3564 2581 είς
3591 2516 3716 2588 ᾅδου

2142 2606 2405 2679 Χριστός·
2453 2610 2517 2678 τῇ
2575 2607 2673 2678 μὲν
2725 2607 3028 2679 φορουμένη
3089 2607 3252 2680 σαρκὶ
3308 2607 3576 2672 δελεάζων
3627 2609 3720 2662 τὸν

2143 2699 2296 2771 ᾅδην,
2332 2699 2581 2768 θεότητος
2607 2698 2663 2752 δὲ
2693 2698 2916 2769 δυνάμει
2962 2699 3236 2772 καθαιρῶν
3269 2699 3430 2753 αὐτοῦ
3459 2699 3530 2752 τά
3563 2699 3719 2771 βασί-

2143 2793 2283 2853 λεια,
2325 2791 2516 2862 βραχεῖ
2562 2793 2738 2863 χρόνῳ
2773 2791 2842 2845 τά
2877 2792 3079 2847 παλαιά
3105 2791 3197 2845 τοῦ
3247 2793 3412 2864 νόμου
3443 2793 3718 2864 διατεμὼν

2143 2885 2496 2956 χειρόγραφα,
2532 2884 2619 2936 ἵνα
2660 2883 2977 2958 ἀνθρώπους
3005 2886 3084 2948 είς
3123 2887 3384 2956 οὐρανοὺς
3426 2886 3715 2957 ἀναγάγῃ-

2142 2978 2498 3049 ούρανοῦς,τὸ
2518 2977 2798 3049 ἐλεύθερο)
2813 2977 2904 3030 τοῦ
2923 2976 3152 3032 θανάτου
3176 2977 3392 3050 χωρίον,
3408 2977 3717 3049 ἀφθαρσίας

2146 3069 2504 3139 καταγώγιον,
2533 3069 2872 3141 δικαιοσύνης
2894 3069 3275 3141 ἐργαστήριον.

2215 3335 2266 3390 5.
2315 3336 2403 3389 Ἐν
2425 3333 2633 3398 τούτοις
2671 3329 3002 3403 ὲϐαπτίσθης
3034 3332 3146 3391 τοῖς
3170 3328 3411 3398 ἀγαθοῖς,
3455 3328 3717 3398 νεοφώτιο

2147 3443 2236 3480 στε
2257 3444 2270 3458 ·
2303 3423 2558 3498 ἀρραϐών
2599 3441 2680 3477 σοι
2709 3423 2928 3492 γέγονεν
2969 3421 3333 3484 ἀναστάσεως,
3362 3422 3718 3490 νεοφώτιστε,

2145 3521 2176 3590 ή
2202 3519 2300 3589 τῆς
2329 3517 2548 3590 χάριτος
2579 3515 2808 3587 μύησιςο
2839 3514 3090 3586 ἐνέχυρον
3122 3515 3218 3585 τῆς
3245 3511 3303 3567 ὲν
3329 3512 3540 3584 οὐρανῷ
3572 3514 3719 3567 διαί-

2143 3627 2243 3680 της
2273 3610 2416 3680 ἔχεις
2440 3609 2499 3662 τὸ
2529 3608 2826 3679 βάπτισμα.
2876 3607 3158 3677 Ἐμιμήσω
3184 3609 3249 3677 τῇ
3292 3605 3578 3658 καταδύσει
3616 3604 3718 3658 τοῦ

2144 3702 2412 3755 Δεσπότου
2445 3701 2535 3754 τὸν
2569 3700 2772 3770 τάφον’
2802 3699 2938 3753 ἀλλά
2976 3699 3162 3762 ἀνέδυς
3189 3697 3348 3751 πάλιν
3383 3696 3611 3762 ἐκεῖθεν,
3644 3697 3718 3751 τὰ

2143 3791 2242 3859 τῆς
2269 3789 2611 3852 ἀναστάσεως
2637 3789 2773 3861 ἔργα
2809 3788 2915 3860 πρὸ
2944 3788 3053 3841 τῶν
3091 3787 3266 3858 ἔργων
3297 3787 3583 3858 θεώμενος.
3611 3778 3718 3839 Ὧν

2144 3878 2282 3946 εἶδες
2313 3880 2382 3934 τά
2427 3880 2689 3950 σύμϐολα,
2731 3879 2934 3932 τούτων
2988 3878 3251 3950 ἀποδέχου
3305 3877 3414 3950 (72)
3458 3879 3527 3931 τά
3570 3876 3716 3946 πρά-

2147 3987 2352 4042 γματα.
2381 3971 2546 4042 Δέχου
2579 3970 2832 4042 μάρτυρα
2878 3971 2986 4023 τῶν
3026 3969 3330 4040 λεγομένων
3365 3969 3453 4022 τὸν
3499 3968 3716 4021 Παῦλον

2143 4065 2403 4134 λέγοντα·
2445 4084 2464 4117 ι
2500 4066 2563 4118 Εἰ
2588 4064 2696 4136 γάρ
2745 4063 3011 4134 σύμφυτοι
3054 4064 3353 4134 γεγόναμεν
3393 4061 3470 4133 τῷ
3514 4061 3715 4132 ὁμοιώ-

2147 4175 2274 4228 ματι
2314 4156 2409 4210 τοῦ
2449 4156 2676 4210 θανάτου
2717 4155 2902 4221 αὐτοῦ,
2939 4156 3071 4209 ἀλλά
3111 4155 3331 4225 καὶτῆς
3368 4155 3716 4219 ἀναστάσεως

2144 4247 2397 4317 ἐσόμεθα.
2440 4265 2459 4299 ι
2497 4247 2692 4311 Καλῶς
2736 4248 2818 4312 τὸ,
2854 4246 3153 4318 σύμφυτοι·
3194 4244 3385 4314 φυτεία
3415 4243 3522 4314 γάρ
3573 4244 3716 4315 πρὸς

2143 4337 2440 4391 ἀθανασίαν
2465 4337 2526 4390 τὸ
2561 4337 2862 4408 βάπτισμα,
2892 4339 2949 4390 ὲν
2973 4334 3323 4406 κολυμϐήθρα
3353 4333 3715 4404 φυτευομένη,

2143 4432 2236 4484 καὶ
2268 4428 2478 4501 οὐρανῷ
2520 4429 2958 4500 καρποφοροῦσα.
3013 4429 3161 4481 Ἐκεῖ
3192 4428 3284 4480 τοῦ
3325 4426 3643 4496 Πνεύματος
3679 4429 3713 4497 ή

482 4528 640 4577 ratur
673 4537 776 4578 :ac
813 4535 882 4580 ne
909 4532 1117 4580 natura:
1141 4526 1321 4583 indole
1349 4529 1668 4584 miraculum
1686 4529 2040 4600 ignoraveris.

2148 4519 2304 4591 χάρις
2332 4520 2656 4590 ἀπορῤήτως
2681 4517 2968 4588 ἐργάζεται
2987 4533 3004 4548 ο
3033 4517 3125 4570 καὶ
3156 4515 3230 4587 μὴ
3270 4515 3348 4587 τῷ
3374 4516 3476 4586 τῆς
3503 4516 3715 4584 φύσεως

481 4612 562 4666 Ad
592 4627 752 4668 usum
803 4628 944 4686 aqua
990 4617 1290 4683 ministrat,
1340 4621 1808 4690 regenerationem
1859 4631 2043 4678 autem

478 4710 739 4772 operatur
764 4706 959 4776 gratia,
985 4713 1149 4778 atque
1184 4709 1239 4763 in
1271 4710 1485 4780 piscina
1512 4712 1670 4782 quasi
1700 4713 1755 4766 in
1789 4714 1970 4778 vulva,
1995 4716 2044 4771 ei

478 4791 625 4861 quod
655 4792 968 4848 immittitur
990 4811 1186 4852 novam
1207 4797 1296 4852 dat
1314 4797 1560 4852 formam.
1583 4797 1641 4852 In
1658 4813 1796 4868 aqua
1810 4799 1963 4870 quasi
1990 4801 2044 4854 in

480 4883 722 4950 fornace,
755 4884 1168 4944 descendentem
1225 4889 1439 4944 conﬁat.
1473 4889 1897 4947 lmmortalitatis
1931 4907 2049 4964 my-

481 4977 664 5032 steriis
694 4977 861 5032 donat
893 4979 1069 5049 ipsum
1099 4999 1113 5035 :
1144 4983 1561 5038 resurrectionis
1579 4982 1772 5037 tribuit
1791 4982 2044 5053 signacu-

480 5067 613 5122 lum.
649 5066 854 5124 Horum
887 5071 984 5126 tibi
1013 5072 1421 5138 miraculorum,
1447 5090 1480 5129 ο
1503 5089 1691 5130 recens
1722 5074 2042 5141 illuminate,

480 5159 649 5216 vestis
673 5160 790 5231 ipsa
815 5162 922 5218 fert
945 5165 1212 5235 symbola.
1258 5163 1334 5221 Te
1378 5166 1492 5236 ipse
1520 5167 1730 5237 respice
1774 5167 2042 5222 bonorum

483 5251 749 5323 imagines
807 5253 1084 5311 ferentem.
1125 5255 1416 5326 Splendida
1467 5255 1684 5328 quidem
1717 5271 1781 5311 ac
1834 5257 2045 5327 fulgens

556 5408 850 5480 ".Rom.v,
886 5411 972 5466 ιι.
1047 5414 1093 5445 ὀ
1131 5412 1266 5468 Gen.
1303 5429 1391 5469 ιιι.
1430 5412 1515 5467 i9.
1597 5412 1639 5444 ’ί
1677 5409 1836 5466 Rom.
1869 5427 1920 5465 vI
1944 5449 1958 5476 ,
1993 5409 2046 5466 5.

555 5587 668 5659 (10)
706 5589 947 5645 Colbert.
975 5590 1116 5644 κατὰ
1139 5590 1232 5644 τοῦ
1262 5591 1515 5646 θανάτου.

567 5657 680 5731 ρι’)
716 5659 868 5731 Coll).
899 5661 956 5724 2,
988 5660 1365 5731 περιληφθείη.

563 5726 674 5799 (72)
711 5726 1076 5795 Colbertinus,
1101 5726 1419 5799 ἀπεκδέχου.

2146 4613 2397 4680 συγγενεῖ
2443 4612 2716 4682 ἀγνοήσῃς
2759 4609 2819 4662 τὸ
2871 4608 3074 4680 θαῦμα.
3111 4609 3403 4679 Ὑπηρετεῖ
3440 4608 3576 4679 πρὸς
3620 4608 3716 4678 τὴν

2145 4703 2332 4775 χρείαν
2370 4703 2431 4755 τὸ
2479 4702 2652 4774 ὕδωρ·
2684 4702 3004 4773 δημιουργεῖ
3032 4701 3090 4755 δὲ
3138 4701 3236 4770 τὴν
3281 4699 3638 4770 ἀναγέννησιν
3681 4700 3715 4768 ή

2145 4793 2304 4865 χάρις
2333 4792 2468 4863 (75),
2499 4792 2575 4856 ὼς
2604 4795 2660 4845 ὲν
2695 4794 2875 4863 μήτρᾳ
2893 4794 2958 4862 τῇ
2992 4789 3343 4861 κολυμϐήθρᾳ
3371 4789 3430 4841 τὸ
3461 4788 3715 4859 ἐμϐαλλό-

2150 4904 2309 4958 μενον
2335 4885 2682 4941 ἀναπλάττει.
2726 4885 2811 4948 Ὠς
2845 4886 2902 4938 ὲν
2942 4882 3289 4954 χωνευτηρίῳ
3326 4879 3402 4951 τῷ
3428 4879 3582 4933 ῦδατι
3625 4881 3716 4933 τὸν

2149 4978 2403 5031 κατιόντα
2446 4976 2818 5048 ἀναχαλκεύει.
2854 4977 3076 5030 Δίδωσιν
3115 4973 3263 5046 αύτῷ
3291 4974 3389 5045 τῆς
3420 4972 3714 5035 ἀθανασίας

2153 5073 2425 5144 μυστήρια
2481 5070 2629 5144 (74)·
2679 5071 3028 5136 ἀναστάσεως
3081 5068 3349 5140 σφραγῖδα
3412 5066 3710 5137 χαρίζεται.

2150 5162 2365 5215 Τούτων
2391 5178 2473 5214 σοι
2500 5160 2609 5216 τῶν
2647 5159 2961 5230 θαυμάτων,
2985 5154 3030 5212 ὧ
3059 5156 3404 5226 νεοφὼτιστε,
3439 5155 3584 5224 καὶὴ
3610 5154 3712 5223 ἁμ-

2151 5256 2326 5324 φίεσις
2358 5253 2510 5325 φέρει
2540 5252 2609 5306 τὰ
2636 5251 2897 5323 σύμϐολα.
2943 5249 3268 5318 Ἀπόϐλεψον
3295 5250 3373 5312 εἰς
3401 5245 3591 5300 ἑαυτὸν
3614 5244 3711 5308 τὰς

2228 5583 2340 5654 (73)
2383 5582 2474 5637 Sic
2513 5599 2648 5639 mss.
2683 5581 2828 5645 Haec,
2866 5582 3188 5654 δημιουργεῖ
3211 5582 3270 5636 δὲ
3293 5579 3393 5652 τὴν
3417 5579 3711 5652 ἀναγέννη-

2160 5655 2307 5738 σιν-η
2321 5654 2502 5738 χάρις,
2532 5654 2842 5738 deerant‘in
2870 5654 3002 5706 edit.

2227 5721 2466 5794 (Ἠλεία
2499 5739 2635 5780 mss.
2671 5721 2838 5788 Edit.,
2872 5721 3185 5795 μνηστείαν.
