3870 6208
216 305 362 362 1081

1317 299 1550 357 SERMO
1586 299 1655 354 IN
1695 299 2020 356 SANCTUM
2055 295 2345 353 PASCHA.

3332 291 3472 347 1082

215 422 336 478 τῶν
367 420 586 491 ἀγαθῶν
623 420 836 483 εἰκόνας
864 418 1154 492 φοροῦντα.
1183 419 1424 492 Λαμπρὰ
1453 419 1552 490 μὲν
1578 419 1686 492 γὰρ
1711 421 1806 474 καὶ

1913 419 2000 473 illa
2033 416 2227 479 vestis,
2263 412 2695 483 incorruptionis
2714 411 2816 466 tibi
2851 425 3006 482 signa
3038 409 3298 481 depingit.
3343 409 3480 463 Can-

217 512 452 582 διαυγὴς
487 513 522 584 η
568 511 733 581 ἐσθής
775 527 890 575 σου,
928 511 1030 580 τῆς
1079 509 1385 580 ἀφθαρσίας
1441 507 1803 581 ζωγραφοῦσα

216 603 295 656 τὰ
322 601 583 672 σύμϐολα.
621 601 807 673 Ὀθόνη
843 618 926 654 σοι
967 601 1134 672 λευκὴ
1168 601 1416 674 καθάπερ
1444 601 1678 672 διάδημα
1703 601 1802 672 τὴν

220 690 469 762 κεφαλὴν
499 690 830 759 διασφίγγει,
864 691 964 761 τὴν
997 691 1306 762 ἐλευθερίαν
1344 690 1707 762 κηρύττουσα.
1738 693 1801 744 Ἦ

218 783 352 854 χεὶρ
380 782 478 854 τῆς
505 781 645 835 κατά
677 779 773 834 τοῦ
803 780 1048 834 διαϐόλου
1079 782 1236 852 νίκης
1272 783 1556 854 περιφέρει
1582 783 1651 836 τὰ
1695 800 1802 854 μη-

230 873 462 944 νύματα.
498 873 705 939 Ἐδειξε
751 873 860 946 γάρ
908 891 967 927 σε
1014 875 1248 945 Χριστὸς
1291 874 1666 945 ἐγειρόμενον·
1707 875 1805 928 νῦν

222 967 331 1037 μὲν
356 965 664 1035 συμϐόλοις,
685 965 846 1032 δείξει
869 966 925 1019 δέ
947 965 1087 1020 κατὰ
1116 967 1307 1038 μικρὸν
1335 969 1391 1019 ἐν
1419 969 1531 1030 τοῖς
1555 967 1806 1039 πράγμα-

222 1075 334 1122 σιν,
373 1058 470 1110 ἐὰν
493 1057 584 1110 τὸν
613 1057 813 1128 χιτῶνα
843 1058 941 1129 τῆς
983 1057 1217 1121 πίστεως
1255 1057 1328 1129 μὴ
1365 1061 1484 1121 ταῖς
1513 1057 1804 1129 ἁμαρτίαις

222 1147 572 1220 ρυπώσωμεν
591 1165 607 1180 ⁶
633 1150 727 1203 ἐὰν
769 1149 868 1218 τὴν
913 1149 1172 1219 λαμπάδα
1205 1150 1304 1218 τῆς
1335 1149 1555 1220 χάριτος
1587 1149 1806 1212 ἀτόποις

225 1237 308 1313 μὴ
342 1237 762 1308 κατασϐέσωμεν
802 1237 1091 1309 πράξεσιψ
1123 1237 1217 1291 ἐὰν
1244 1237 1335 1290 τὸν
1366 1237 1461 1290 τοῦ
1493 1237 1805 1308 Πνεύματος

219 1328 640 1400 διαφυλάξωμεν
687 1329 964 1397 στέφανον.
1014 1329 1144 1382 Τότε
1171 1329 1356 1400 σαῳῶς
1385 1333 1413 1382 ὁ
1435 1330 1707 1400 Δεσπότης
1747 1329 1805 1397 ἐξ

221 1419 472 1490 οὐρανῶν
505 1421 643 1492 μετὰ
687 1421 924 1493 φοϐερᾶς
961 1421 1057 1474 καὶ
1089 1421 1467 1493 φιλανθρώπου
1517 1421 1646 1492 βοῆς
1673 1423 1804 1476 ἀνα-

223 1511 482 1584 ϐοήσειεο
513 1533 533 1565 ι
565 1513 750 1577 Δεῦτε,
783 1516 834 1567 οἰ
884 1515 1239 1586 εὐλογημένοι
1287 1515 1378 1568 τοῦ
1425 1517 1638 1586 Πατρός
1679 1533 1800 1587 μου,

222 1603 675 1677 κληρονομήσατε
693 1606 792 1678 τὴν
822 1605 1226 1679 ἡτοιμασμένην
1250 1607 1376 1678 ὑμῖν
1408 1607 1677 1678 βασιλείαν
1697 1607 1805 1661 ἀπὸ

1907 510 2092 566 didum
2152 508 2255 563 tibi
2298 505 2552 570 linteum,
2585 504 2760 559 instar
2799 501 3122 558 diadematis
3168 501 3480 570 astringem

1909 609 2094 672 caput,
2120 601 2427 656 libertatem
2451 597 2734 669 praedicat.
2769 593 2981 659 Manus,
3013 593 3259 648 victoriae
3277 593 3344 647 de
3359 592 3479 646 dia-

1905 695 2034 750 bolo
2064 701 2356 764 reportatae
2385 692 2540 761 signa
2564 689 2724 762 gerit.
2763 686 2899 741 Nam
2931 694 2984 741 te
3016 685 3269 742 Christus
3311 684 3482 740 susci-

1905 793 2081 839 tatum
2113 767 2354 840 ostendit
2386 803 2398 838 :
2434 796 2578 836 nunc
2596 779 2812 850 quidem
2839 777 3120 849 symbolis,
3162 776 3322 845 paulo
3353 781 3482 845 post

1906 885 2108 940 autem,
2135 877 2300 931 rebus
2333 876 2467 945 ipsis
2500 872 2785 938 ostendet;
2816 871 2860 925 si
2901 869 3063 923 modo
3089 868 3207 923 lidei
3238 868 3478 922 tunicam

1908 969 2148 1039 peccatis
2181 984 2290 1022 non
2327 967 2676 1036 inquinemus
2720 982 2732 1016 :
2767 965 2814 1018 si
2849 963 3037 1034 gratiae
3067 959 3484 1030 lampademim-

1909 1061 2096 1130 probis
2149 1059 2462 1114 actionibus
2507 1075 2616 1113 non
2664 1056 3200 1113 exstinxerimuszsi
3244 1051 3481 1122 Spiritus

1911 1164 2192 1204 servemus
2227 1163 2509 1203 coronam.
2553 1146 2691 1201 Tum
2739 1147 2888 1201 clare
2924 1143 3187 1198 Dominus
3224 1142 3291 1196 de
3316 1141 3480 1204 caelo,

1909 1244 2140 1300 terribili
2187 1243 2280 1299 sed
2305 1241 2465 1314 395
2495 1257 2622 1311 erga
2652 1241 2902 1295 homines
2922 1239 3157 1309 benigna
3185 1253 3319 1292 voce
3367 1236 3482 1290 cla-

1909 1335 2079 1390 mabit
2117 1349 2132 1386 :
2180 1351 2198 1384 ‹
2249 1331 2464 1396 Venite,
2512 1329 2781 1385 benedicti
2813 1328 2991 1398 Patris
3023 1329 3128 1383 mei
3163 1343 3174 1379 :
3208 1326 3482 1398 possidete

1910 1431 2158 1494 paratum
2199 1422 2354 1477 vobis
2387 1436 2613 1491 regnum
2645 1434 2676 1472 a
2705 1419 3092 1474 constitutione
3136 1417 3320 1472 mundi
3354 1417 3423 1470 ".
3456 1435 3475 1467 ι

1913 1515 2021 1586 Ipsi
2079 1513 2251 1583 gloria
2292 1520 2348 1568 et
2407 1511 2723 1580 imperium,
2775 1509 2833 1563 in
2885 1507 3084 1564 saecula
3131 1507 3477 1563 saeculorum.

1911 1607 2103 1661 Amen.

225 1698 540 1770 καταϐολῆς
573 1698 799 1770 κόσμου.
833 1717 853 1752 ι
884 1697 1042 1771 Αὐτῷ
1069 1699 1103 1770 ή
1133 1697 1258 1766 δόξα
1287 1698 1420 1771 (75),
1448 1699 1541 1752 καὶ
1567 1699 1628 1752 τὸ
1662 1697 1860 1770 κράτος
1885 1698 1965 1760 εἰς
1991 1696 2120 1758 τοὺς
2149 1692 2352 1758 αἰῶνας
2380 1693 2489 1747 τῶν
2521 1691 2751 1748 αἰώνων.
2799 1691 2992 1762 Ἀμήν.

310 1941 358 1970 ³¹
397 1938 588 1993 Matth.
624 1953 752 2005 xxv,
788 1938 880 1994 54.

299 2092 414 2164 (75)
436 2092 692 2164 ,σοιδρτι
720 2092 838 2164 sic:
864 2085 932 2164 ἦς
959 2091 1166 2164 γένοιτο
1205 2091 1409 2164 πάντας
1441 2089 1802 2164 ἡμᾶς-ἐπιτυ-

224 2159 348 2234 χεζν
385 2159 566 2234 χάριτι
583 2164 697 2234 ῌκαὶ
719 2159 1111 2234 φιλανθρωπία
1141 2161 1234 2234 τοῦ
1269 2159 1673 2234 Ιςυρίουήμῶν
1702 2161 1804 2234 Ἰητ-

228 2227 330 2286 ὃοῦ
375 2227 631 2303 Χριστοῦ,
662 2232 727 2286 δι’
747 2227 827 2287 ὀὗ
872 2227 964 2286 καὶ
997 2227 1113 2302 μεθ’
1152 2227 1212 2286 οὐ
1244 2231 1321 2302 τῷ
1349 2227 1468 2301 Θεῷ
1497 2227 1591 2283 καὶ
1626 2227 1801 2301 Πατρὶ

1915 2087 2118 2162 πρέπει
2138 2090 2178 2162 ,ἡ
2206 2087 2459 2162 δόξα-σὺν
2495 2087 2574 2158 τῷ
2608 2089 3191 2162 παναγίῳκαίγάγαθῷ
3219 2091 3312 2144 καὶ
3353 2091 3485 2156 ζωο-

1910 2157 2050 2232 «ego
2092 2157 2255 2232 αὐτοῦ
2324 2157 2602 2232 Π-νεύματι
2657 2157 2890 2214 νῦνκαὶ
2926 2157 3174 2232 ἀεὶρκαῖ
3220 2162 3300 2226 εἰς
3359 2162 3484 2224 τοὺς

1908 2229 2113 2292 αἰῶνας
2141 2229 2251 2282 τῶν
2286 2229 2516 2283 αἰώνων.
2562 2230 2750 2302 Ἀμήν.

1319 2501 1457 2554 ΤΟΥ
1491 2501 1583 2554 EN
1619 2499 1840 2554 ΑΓῙΟΙΣ
1877 2500 2148 2554 ΠΑΤΡΟΣ
2184 2500 2382 2555 ΗΜΩΝ

1530 2642 2170 2737 ΑΘΑΝΑΣΙΟΥ

297 2815 420 2869 ΕΙΣ
464 2817 548 2870 ΤΟ
569 2815 806 2871 APION
841 2815 1090 2870 ΠΑΣΧΑ
1134 2814 1263 2871 ΚΑΙ
1295 2813 1422 2870 ΕΙΣ
1467 2817 1642 2871 ΤΟΥΣ
1674 2816 2228 2940 ΝξὲῗξὲῑΙΣῙΟΥΣ
2260 2819 2348 2887 Τῼ
2379 2817 2716 2886 ΣΑΒΒΔΤῼ
2765 2818 2905 2872 ΤΗΣ
2946 2814 3430 2872 ΔΠΟΛΥΣΙΜΟΥ

1243 3129 1336 3218 S.
1417 3129 1525 3217 P.
1603 3128 1722 3218 N.
1801 3129 2454 3221 ATHANASII

232 3295 328 3354 IN
391 3294 742 3354 SANCTUII
779 3295 1064 3353 PASCHA
1103 3295 1200 3351 ET
1254 3294 1345 3354 IN
1396 3293 1809 3424 RECIigjnlsl

1913 3297 2298 3426 ἕᾶἐῖὃτοε,
2339 3298 2480 3357 SEU
2519 3297 2985 3356 BAPTIZATOS
3022 3297 3355 3357 SABBATO
3390 3299 3482 3357 ΙΝ

1800 3408 1817 3436 ’
1867 3408 2055 3425 υμιιυι
2073 3408 2137 3426 νο

311 3595 363 3648 1.
403 3593 636 3665 Χριστὸς
679 3591 924 3664 ἐγερθεὶς
960 3593 1026 3646 ἐκ
1068 3593 1275 3664 νεκρῶν
1308 3591 1434 3664 ᾶλην
1468 3593 1578 3648 τῶν
1604 3593 1809 3666 ἀνθρώ-

1981 3597 2034 3651 1.
2063 3596 2316 3652 Christus
2339 3608 2632 3663 resurgens
2660 3607 2726 3646 ex
2743 3592 2993 3656 mortuis,
3012 3598 3178 3645 totam
3203 3591 3484 3648 hominum

230 3704 360 3741 πων
384 3684 481 3756 τὴν
517 3684 658 3756 ζωὴν
689 3684 879 3756 ἑορτὴν
908 3683 1278 3756 ἀπειργάσατο
1301 3685 1448 3754 μίαν.
1474 3683 1594 3737 Τῶν
1615 3684 1722 3757 γὰρ
1754 3688 1812 3739 ἐν

229 3781 305 3850 τῇ
340 3780 410 3848 γῇ
446 3776 508 3830 τὸ
546 3777 844 3848 πολίτευμα
881 3777 1018 3847 πρὸς
1045 3777 1272 3848 οὐρανὸν
1318 3779 1684 3850 μεταστήσας,
1715 3778 1814 3843 τὰς

229 3869 335 3921 τοῦ
373 3867 758 3940 πανηγυρίζειν
791 3867 1044 3938 ἀφορμὰς
1085 3869 1412 3941 ἐδωρήσατο.
1450 3871 1559 3924 Καὶ
1605 3870 1814 3942 μάρτυς

228 3958 350 4011 τῶν
390 3960 693 4030 εἰρημένων
732 3961 760 4011 ό
794 3958 1023 4024 Παῦλος,
1065 3961 1094 4012 ὁ
1137 3959 1246 4012 τῶν
1278 3961 1514 4033 Χριστοῦ
1556 3961 1813 4032 ῥημάτων

230 4052 465 4122 ϐργανον
512 4052 610 4122 τὴν
664 4050 914 4118 γλῶσσαν
962 4050 1317 4121 κτησάμενος.
1383 4070 1402 4103 ι
1469 4050 1651 4121 Ἡμῶν
1705 4051 1814 4122 γάρ

232 4145 405 4216 φησὶ,
441 4144 501 4196 τὸ
529 4144 827 4214 πολίτευμα
867 4146 924 4196 ἐν
963 4146 1212 4215 οὐρανοῖς
1251 4143 1502 4214 ὑπάρχει,
1534 4144 1593 4210 ἐξ
1633 4136 1694 4198 οὗ
1721 4146 1814 4199 καὶ

232 4238 467 4308 Σωτῆρα
489 4237 896 4307 ἀπεκδεχόμεθα
918 4236 1029 4307 (76)
1048 4236 1248 4308 Κύριον
1277 4236 1483 4306 Ἰησοῦν
1507 4235 1760 4306 Χριστόν.
1787 4255 1806 4288 ι

231 4329 337 4392 Τίς
367 4328 475 4400 γὰρ
516 4328 947 4399 ἀπεκδεχόμενος
986 4331 1104 4391 ταῖς
1152 4326 1359 4379 ἐλπίσιν
1402 4326 1500 4396 οὐχ
1535 4326 1811 4397 ἐορτάζει;

231 4420 357 4483 Τίς,
387 4419 486 4491 τὴν
523 4419 615 4472 τοῦ
660 4420 910 4490 Σωτῆρος
950 4418 1239 4490 ἐπιδημίαν
1268 4418 1510 4489 λογισμῷ
1555 4419 1815 4487 φανταζό-

236 4527 422 4582 μενος,
452 4511 512 4564 οὐ
545 4511 914 4582 προλαμϐάνει
961 4511 1162 4583 χαίρων
1204 4509 1310 4564 τῶν
1343 4510 1686 4581 πραγμάτων
1714 4511 1814 4583 τὴν

233 4603 473 4670 πεῖραν;
503 4601 599 4662 Τίς
636 4600 712 4665 δὲ,
759 4600 1020 4670 βασιλέως
1064 4599 1256 4672 θνητοῦ
1286 4599 1510 4656 κάθοδον
1551 4601 1814 4672 ἐσομένην

234 4691 472 4757 ἀκοὺων,
498 4693 598 4745 οὐκ
623 4692 902 4745 ἀνίσταται
937 4692 1034 4763 μὲν
1056 4693 1155 4763 τὴν
1175 4691 1434 4757 διάνοιαν,
1467 4692 1815 4764 εὐφραίνεται

233 4785 295 4838 δὲ
318 4783 416 4856 τὴν
441 4783 638 4854 ψυχὴν,
665 4783 978 4855 προτρέχων
1004 4783 1082 4854 τῷ
1105 4782 1254 4854 πόθῳ
1292 4784 1390 4854 τῆς
1425 4783 1552 4846 θέας
1581 4783 1671 4836 τὸν
1692 4784 1816 4855 χρό-

235 4893 364 4942 νον;
395 4876 527 4928 Τότε
553 4875 930 4944 συγκινοῦνται
963 4875 1058 4945 μὲν
1078 4873 1261 4944 δῆμοι,
1299 4872 1560 4944 σκιρτῶσι
1597 4872 1655 4926 δὲ
1687 4876 1812 4926 παῖ-

238 4969 351 5032 δες,
399 4969 678 5040 χορεύουσι
710 4968 890 5040 κόραι,
925 4967 1223 5038 πρεσϐῦται
1264 4966 1325 5020 τὸ
1356 4967 1531 5037 γῆρας
1580 4966 1818 5037 ἀναιρεῖ-

241 5059 372 5112 σθαι
404 5059 694 5130 βιάζονται,
727 5063 848 5123 ταῖς
876 5059 1086 5113 ἐλπίσιν
1122 5058 1486 5130 ἀκμάζοντεςο
1512 5059 1606 5113 καὶ
1649 5063 1818 5132 χωρεῖ

238 5149 332 5204 διὰ
351 5151 566 5206 πάντων
595 5153 629 5224 ή
653 5151 752 5223 τῆς
779 5151 1061 5223 βασιλικῆς
1083 5153 1382 5224 παρουσίας
1399 5155 1724 5225 πανήγυρις.
1749 5154 1814 5207 Τί

237 5239 336 5296 οὖν
352 5242 416 5296 ἂν
428 5245 568 5298 εἴποι
583 5261 688 5308 τις,
707 5246 1138 5318 παραγινομένου
1155 5243 1390 5316 Χριστοῦ
1409 5244 1667 5315 βασιλέως
1685 5245 1816 5300 ἀθα-

239 5334 431 5401 νάτου,
461 5335 562 5406 οὐχ
589 5336 674 5390 ἴνα
698 5336 878 5401 πόλεις
901 5336 1186 5410 φαιδρύνῃ,
1212 5337 1306 5391 καὶ
1338 5337 1579 5410 πύργους
1606 5337 1817 5409 ἐγείρῃ,

317 5492 363 5522 ’³
402 5489 634 5563 Philipp.
670 5507 729 5547 nt
751 5531 768 5560 ,
801 5492 894 5548 20.

318 5648 433 5722 (76)
471 5651 549 5707 Ita
579 5666 712 5708 mss.
743 5650 885 5708 Edili
915 5666 1066 5718 vero,
1100 5649 1419 5722 ἐκδεχόμεθε

1911 3688 2080 3743 vitam
2112 3686 2308 3742 festum
2339 3685 2516 3740 eﬂ‘ecit
2540 3682 3034 3739 unum.Translata
3053 3684 3252 3752 quippe
3279 3683 3334 3736 in
3370 3699 3483 3738 ca:-

1914 3780 2046 3844 lum,
2073 3779 2352 3834 hominum
2389 3778 2444 3831 in
2475 3777 2636 3831 terris
2686 3775 2996 3845 degentium
3047 3777 3482 3841 conversatione,

1913 3871 2177 3927 festorum
2223 3869 2435 3924 dierum
2483 3867 2802 3922 occasiones
2858 3865 3028 3922 dedit.
3071 3865 3274 3920 Horum
3329 3867 3486 3922 testis

1913 3963 2138 4026 Paulus,
2193 3961 2354 4030 cujus
2397 3961 2579 4031 lingua
2624 3958 2828 4014 Christi
2883 3959 3170 4013 verborum
3220 3974 3485 4028 organum

1914 4054 2038 4110 fuit.
2074 4072 2093 4106 ι
2126 4051 2320 4108 Nostra
2351 4056 2517 4115 enim,
2557 4071 2576 4104 ι
2616 4052 2814 4120 inquit,
2842 4069 2860 4102 ι
2897 4051 3242 4105 conversatio
3272 4052 3326 4103 in
3375 4064 3487 4104 caa-

1913 4149 1982 4202 lis
2004 4155 2109 4214 est,
2141 4147 2285 4200 unde
2315 4145 2478 4199 etiam
2515 4142 2850 4198 Salvatorem
2881 4149 3264 4211 exspectamus
3299 4140 3486 4196 Domi-

1913 4250 2045 4289 num
2077 4241 2325 4290 nostrum
2360 4230 2545 4287 Jesutu
2579 4231 2944 4286 Christum".
2974 4250 2992 4281 ι
3014 4230 3146 4296 Quis
3185 4231 3328 4284 enim
3356 4231 3486 4284 dum

1912 4331 2222 4396 exspectat,
2256 4339 2366 4378 non
2410 4338 2506 4390 spe
2538 4321 2736 4377 festum
2769 4321 3040 4376 celebrat?
3069 4320 3202 4386 Quis
3239 4319 3487 4376 Salvato-

1915 4419 1994 4474 ris
2052 4419 2344 4472 adventum
2396 4417 2577 4470 animo
2608 4416 2875 4486 cogitans,
2914 4432 3023 4470 non
3075 4417 3252 4485 ipsum
3301 4431 3483 4470 rerum

1915 4510 2344 4580 experimentum
2364 4525 2486 4563 cum
2513 4509 2710 4578 gaudio
2733 4509 3061 4563 antevertit?
3081 4509 3216 4575 Quis
3241 4509 3486 4562 futurum

1916 4603 2145 4658 audiens
2176 4601 2422 4656 mortalis
2453 4601 2598 4670 regis
2628 4600 2973 4665 descensum,
2999 4617 3110 4656 non
3155 4616 3276 4656 sese
3306 4611 3487 4654 mente

1914 4697 2094 4766 erigit,
2131 4695 2422 4765 animoque
2474 4696 2725 4760 laetatur,
2777 4701 3032 4765 aspectus
3072 4695 3220 4748 illius
3273 4703 3486 4761 tempus

1916 4799 2104 4839 amore
2155 4785 2548 4840 antevertens?
2607 4785 2743 4840 Tum
2801 4797 3212 4841 commoventur
3266 4783 3482 4854 pepuli,

1915 4879 2195 4934 exsultant
2217 4877 2394 4946 pueri,
2427 4877 2658 4933 choreas
2707 4885 2873 4948 agunt
2904 4877 3169 4947 virgines,
3211 4891 3368 4930 senes
3398 4889 3486 4929 se-

1923 4976 2198 5026 nectutem
2224 4971 2292 5026 de
2319 4971 2500 5026 medio
2531 4972 2719 5026 tollere
2752 4971 3115 5032 contendunt,
3144 4967 3211 5022 ad
3230 4967 3486 5036 juventu-

1923 5065 1994 5118 tis
2028 5064 2216 5118 ﬂorem
2248 5080 2344 5135 spe
2376 5061 2626 5118 reducti:
2663 5063 2906 5132 regiique
2950 5061 3217 5114 adventus
3255 5055 3486 5111 celebri-

1921 5163 2006 5210 tas
2027 5156 2208 5209 omnia
2240 5155 2506 5225 pervadit.
2545 5153 2687 5220 Quid
2720 5169 2849 5224 ergo
2875 5151 2998 5222 quis
3022 5150 3238 5213 dixerit,
3263 5147 3483 5203 Christo

1920 5245 2218 5302 immortali
2257 5261 2384 5317 rege
2426 5245 2769 5312 adveniente,
2803 5259 2913 5298 non
2954 5251 3012 5296 ut
3044 5241 3208 5295 urbes
3235 5244 3482 5302 exornet,

1922 5346 1977 5392 et
2011 5345 2193 5394 turres
2224 5334 2421 5407 erigat,
2452 5349 2630 5407 neque
2656 5341 2716 5389 ut
2757 5332 2898 5389 dona
2948 5331 3169 5396 tribuat,
3194 5343 3315 5400 qua:
3345 5334 3481 5384 tem-
