3860 6204
408 294 430 347 1
442 294 546 350 085

1500 293 1558 350 S.
1600 293 2068 352 ATHANASNJS.
2105 326 2177 340 —
2214 294 2484 351 SPURIA.

3518 290 3658 348 1084

406 409 556 477 poris
570 408 704 463 vitio
720 415 1027 465 atterantur
1045 426 1059 475 ;
1077 410 1173 468 sed
1191 417 1250 464 ut
1270 410 1544 466 hominem
1569 410 1977 467 immortalitate

2110 410 2198 463 ύδὲ
2248 412 2334 465 ἵνα
2381 409 2591 483 δωρεάς
2631 410 2909 484 παράσχῃ,
2954 408 3292 480 πατουμένας
3327 407 3406 479 τῷ
3445 407 3653 479 χρόνῳ·
3744 407 3751 475 ἶ

408 498 621 565 induat,
652 506 706 555 et
763 516 925 573 quem
972 518 1121 558 mors
1171 503 1478 572 depmdata
1522 511 1644 571 est,
1683 503 1741 557 in
1780 517 1976 562 securo

408 590 551 660 loco,
591 592 646 647 in
670 593 810 649 caelo
842 595 1055 651 scilicet
1076 599 1373 655 constituat
1394 597 1419 649 ?

477 766 533 819 ‘2.
570 766 741 822 Hodie
785 768 981 824 iterum
1039 769 1292 827 Christus
1340 779 1464 842 post
1518 772 1981 829 resurrectionem

408 858 566 913 visus
611 867 695 913 est
728 860 1034 929 discipulis,
1067 876 1131 916 ac
1182 863 1424 916 secunda
1480 864 1572 917 illa
1619 865 1980 934 apparitione,

411 947 704 1003 ﬁrmiorem
738 950 914 1004 eﬂ'ecit
937 954 1355 1008 resurrectionis
1388 952 1570 1009 ﬁdem.
1603 952 1770 1010 Visus
1799 966 1981 1010 autem

412 1044 498 1091 est
545 1038 729 1105 januis
761 1040 1000 1107 clausis;
1032 1056 1156 1095 nam
1192 1043 1287 1112 qui
1316 1044 1522 1113 absque
1553 1060 1712 1099 muro
1754 1060 1875 1099 esse
1905 1045 1985 1099 in-

415 1127 627 1182 fernum
663 1129 997 1195 ostenderat,
1031 1132 1214 1202 januis
1252 1134 1320 1189 ad
1370 1135 1682 1205 ingressum
1714 1152 1822 1191 non
1853 1152 1981 1205 ege-

416 1218 529 1272 bat.
564 1217 665 1274 Ubi
683 1235 918 1290 namque
939 1223 1093 1291 jubet
1117 1223 1278 1288 Deus,
1300 1225 1373 1279 ibi
1396 1228 1809 1283 consuetudinis
1838 1227 1983 1298 leges

420 1318 656 1365 cessant.
710 1309 884 1381 Supra
916 1329 1064 1369 mare
1103 1315 1255 1384 prius
1300 1317 1696 1384 ambulaverat,
1726 1333 1791 1373 ac
1828 1318 1985 1388 liqui-

419 1400 547 1454 dum
603 1403 929 1457 elementum
992 1406 1176 1460 carnis
1228 1408 1458 1477 pedibus
1509 1410 1983 1473 substernebatur,

418 1493 725 1563 pedumque
754 1496 1033 1564 gressibus
1064 1495 1260 1553 ﬂuctus
1298 1501 1643 1565 metiebatur,
1674 1503 1895 1572 pelagus
1916 1503 1985 1557 ad

419 1599 578 1637 usum
603 1586 722 1654 ejus
748 1586 849 1640 soli
892 1588 1068 1642 instar
1106 1598 1398 1646 concretus
1437 1602 1538 1645 est.
1575 1591 1799 1646 Intravit
1826 1592 1985 1649 Jesus

420 1675 601 1745 ianuis
636 1678 860 1732 clausis.
903 1677 1131 1734 Etiamsi
1155 1696 1278 1734 cum
1305 1687 1633 1737 resurrectio
1664 1683 1787 1749 fuit,
1812 1686 1985 1755 sepul-

2077 502 2193 559 ἀλλ’
2225 502 2311 555 ἵνα
2342 502 2433 557 τὸν
2469 501 2752 573 ἄνθρωπον
2786 501 2897 572 (77)
2940 499 3238 553 ἀθανασίαν
3268 498 3462 567 ἐνδύσῃ
3492 496 3652 567 (77⁶),
3752 484 3755 569 ξ

2078 594 2171 647 καὶ
2219 593 2432 664 Θανάτῳ
2478 592 2866 666 λῃστευὸμενον
2903 593 2961 645 έν
2993 590 3175 662 ἀσύλῳ
3204 589 3387 661 χωρίῳ
3422 587 3653 659 ούρανοῦ

2078 686 2361 757 κατοικίσῃ
2382 703 2397 751 ;

2153 776 2205 828 2.
2243 778 2491 847 Σήμερον
2522 775 2674 849 ὤφθη
2707 774 2939 847 Χριστὸς
2966 776 3080 839 τοῖς
3110 772 3377 845 μαθηταῖς
3413 768 3657 833 ἀναστὰς

2082 866 2146 920 ὲκ
2178 867 2409 939 νεκρῶν,
2456 868 2550 920 καὶ
2588 868 2748 921 πάλιν
2773 867 2999 938 δευτέρα
3026 865 3142 937 θέᾳ,
3190 863 3538 935 βεϐαιοτέραν
3561 861 3659 931 τῆς

2082 959 2432 1022 ἀναστάσεως
2458 960 2557 1027 τὴν
2588 959 2768 1013 πίστιν
2806 957 3169 1028 ἐργαζόμενος
3194 954 3326 1025 (78).
3369 953 3552 1022 Ὠφθη
3579 951 3655 1014 δι’

2081 1049 2190 1102 τῶν
2214 1049 2393 1121 θυρῶν
2421 1048 2818 1120 κεκλεισμένων
2833 1065 2845 1078 ·
2873 1050 2901 1100 6
2924 1048 3032 1119 γάρ
3055 1047 3145 1100 τὸν
3164 1046 3295 1116 ᾅδην
3317 1044 3496 1111 δείξας
3517 1043 3661 1097 ἀτεί-

2084 1158 2267 1212 χιστον
2295 1141 2395 1194 οὐκ
2422 1141 2597 1194 ἐδέετο
2622 1140 2797 1213 θυρῶν
2826 1136 2959 1212 πρὸς
2984 1139 3083 1209 τὴν
3110 1136 3330 1190 εἴσοδον.
3354 1136 3528 1189 Ὅπου
3550 1134 3658 1206 γὰρ

2088 1232 2413 1302 προστάττει
2455 1232 2608 1295 Θεὸς,
2643 1232 2742 1300 τῆς
2781 1228 3065 1299 συνηθείας
3105 1224 3361 1297 ἀργοῦσιν
3386 1227 3436 1278 οἱ
3479 1225 3652 1294 νόμοι.

2098 1323 2222 1376 Ἐπὶ
2255 1324 2353 1394 τῆς
2391 1322 2663 1392 θαλάσσης
2707 1321 2919 1385 ἐϐάδιζε
2946 1319 3229 1391 πρότερον·
3258 1317 3352 1370 καὶ
3384 1318 3418 1386 ἡ
3463 1316 3659 1388 ῥέουσα

2088 1412 2249 1481 φύσις
2279 1415 2392 1475 τοῖς
2418 1415 2516 1482 τῆς
2551 1410 2753 1483 σαρκὸς
2781 1410 2935 1467 ποσὶν
2974 1405 3402 1478 ὐπεστρὼννυτο,
3434 1404 3531 1456 καὶ
3562 1402 3659 1474 βή-

2089 1520 2220 1573 μασι
2261 1503 2370 1574 (79)
2398 1502 2573 1555 ποδῶν
2611 1502 2891 1573 έμετρεῖτο
2930 1498 2999 1551 τὰ
3023 1498 3259 1569 κύματα,
3287 1497 3379 1550 καὶ
3410 1495 3472 1548 τὸ
3495 1494 3663 1548 πέλα-

2086 1608 2179 1659 γος
2208 1591 2342 1663 πρὸς
2370 1592 2468 1661 τὴν
2499 1590 2684 1660 χρείαν
2709 1591 2788 1653 είς
2817 1589 3008 1658 ἔδαφος
3037 1588 3426 1658 μετεπήγνυτο.
3465 1585 3662 1657 Εἰσῆλο

2092 1681 2182 1735 θεν
2213 1682 2242 1733 6
2285 1680 2510 1752 Ἰησοῦς,
2540 1681 2935 1752 κεκλεισμένων
2956 1678 3062 1731 τῶν
3092 1677 3288 1750 θυρῶν.
3318 1678 3532 1743 Καίτοι,
3562 1678 3663 1747 τῆς

421 1765 502 1818 eri
537 1766 675 1835 lapis
705 1769 984 1824 revolutus
1011 1779 1116 1839 est,
1157 1786 1221 1827 ac
1244 1775 1577 1828 monumenti
1602 1775 1769 1845 janua
1796 1785 1983 1846 aperta

2109 1750 2439 1834 Ξιναστάσεως
2485 1750 2793 1841 γινομένης,
2838 1771 2868 1822 6
2897 1766 2990 1820 τοῦ
3036 1767 3207 1836 τάφου
3249 1766 3534 1820 κεκύλιστο
3580 1765 3665 1818 λί-

424 1855 549 1913 fuit.
584 1857 689 1912 Sed
716 1859 825 1913 illic
865 1862 1082 1930 quidem
1115 1863 1451 1919 declaratum
1483 1873 1587 1928 est,
1616 1865 1763 1935 quod
1789 1868 1991 1923 visibili

424 1948 679 2016 sepulcro
701 1949 919 2015 accidit,
956 1952 1189 2022 idipsum
1232 1954 1448 2009 inferno
1479 1955 1828 2012 invisibiliter
1858 1972 1991 2013 con-

424 2038 664 2107 tigisse:
702 2048 865 2109 atque
918 2051 1107 2111 aperto
1160 2052 1546 2112 monumento,
1588 2057 1820 2102 mortem
1870 2064 1994 2105 esse

427 2128 602 2182 multo
652 2132 824 2201 magis
869 2132 1055 2201 januis
1097 2144 1373 2204 expertem
1420 2137 1819 2207 deprehensum
1867 2138 1990 2194 fuit.

428 2218 835 2288 Oportuitenim
867 2238 972 2277 una
997 2240 1118 2278 cum
1147 2225 1359 2281 inferno
1374 2228 1640 2287 denudari
1662 2230 1992 2301 sepulcrum,

429 2321 484 2367 et
512 2328 636 2367 cum
668 2314 999 2380 visibilihus,
1044 2317 1475 2389 inaspectabilia,
1506 2322 1739 2377 traduci.
1773 2321 1871 2377 llic
1899 2338 1996 2377 au-

431 2409 539 2455 tem
587 2403 790 2458 clausis
842 2405 1009 2459 intrat
1049 2407 1267 2475 januis;
1309 2419 1369 2464 ut
1411 2412 1504 2480 qui
1565 2412 1711 2467 circa
1752 2410 1999 2469 resurre-

431 2493 669 2546 ctionem
701 2493 967 2549 increduli
993 2506 1197 2562 essent,
1226 2499 1292 2553 ad
1325 2499 1627 2570 ingressum
1645 2501 1997 2572 obstupesce.

431 2592 575 2646 rent,
600 2599 662 2638 ac
687 2587 953 2642 miraculo
981 2589 1046 2643 ad
1091 2589 1408 2645 miraculum
1443 2593 1590 2647 velut
1622 2609 1784 2648 manu
1831 2593 1998 2650 duce-

434 2685 644 2733 rentur.
693 2676 829 2733 Cum
861 2695 991 2749 ergo
1013 2679 1269 2738 Christus
1305 2684 1718 2750 resurrexisset,
1752 2686 2000 2743 mulieri-

434 2767 538 2821 bus
571 2776 860 2840 antequam
893 2770 1181 2841 discipulis
1214 2782 1454 2843 apparet.
1485 2776 1564 2831 Ac
1588 2777 1843 2832 mulieres
1873 2792 2003 2848 apo-

435 2853 591 2908 stolis
655 2855 1020 2923 praedicarunt
1065 2855 1267 2911 Clu-itti
1331 2859 1805 2923 resurrectionem,
1842 2869 2003 2929 atque

435 2941 569 2995 illud
614 2942 736 3011 jure
782 2945 996 2999 merito.
1051 2945 1125 2998 Ita
1149 2946 1292 3000 enim
1324 2946 1532 3000 illatum
1564 2963 1594 3000 a
1617 2949 1833 3005 diabolo
1874 2950 2000 3006 Eva:

436 3031 694 3086 damnum
724 3034 776 3087 in
808 3035 984 3104 ipsum
1012 3036 1551 3091 cedebatdiabolum.
1584 3037 1734 3093 Unde
1756 3055 1994 3110 namque

438 3122 709 3189 processit
742 3124 988 3188 morbus,
1031 3124 1160 3178 hinc
1186 3124 1394 3179 medela
1439 3128 1805 3197 progreditur.
1840 3130 2004 3205 396

440 3211 596 3268 Unde
632 3228 753 3269 orsa
778 3230 924 3269 mors
956 3225 1059 3278 est,
1090 3218 1216 3272 inde
1237 3227 1458 3288 apparet
1489 3222 1840 3276 resurrectio.
1875 3224 2005 3278 Mu-

440 3304 542 3357 lier
569 3316 802 3374 namque
827 3306 1282 3379 transgressionis
1307 3315 1391 3362 est
1420 3324 1605 3372 causa,
1636 3325 1699 3364 ac
1719 3326 1895 3379 praeco
1917 3327 2006 3367 re-

443 3394 839 3461 surrectionis;
891 3410 1013 3464 quae
1065 3397 1301 3466 primum
1346 3396 1613 3452 Adamum
1664 3400 1732 3453 ad
1791 3401 2005 3471 lapsum

445 3482 693 3549 induxit,
743 3485 1041 3540 secundum
1095 3484 1362 3540 Adamum
1419 3489 1787 3546 resurrexisse
1844 3499 2010 3547 testa-

445 3582 555 3630 ῑιπ.

517 3665 570 3718 5.
606 3662 772 3718 Visus
798 3674 882 3719 est
910 3666 1092 3735 itaque
1129 3666 1385 3723 Christus
1415 3671 1675 3743 apostolis
1697 3671 1755 3729 in
1781 3672 2009 3736 aedicula

447 3754 704 3821 occultis,
734 3763 899 3825 atque
943 3757 1224 3826 ingressus
1270 3766 1355 3814 est
1386 3759 1570 3833 januis
1612 3763 1835 3819 clausis.
1868 3763 2013 3820 Tho-

448 3861 567 3902 mas
596 3862 724 3901 vero
752 3847 846 3917 qui
895 3863 1133 3917 praesens
1185 3864 1293 3903 non
1354 3848 1552 3916 fuerat,
1601 3853 2014 3915 increduluset

449 3949 800 4010 conspectum
819 3939 1158 4002 desiderans,
1173 3941 1413 3997 auditum
1433 3957 1540 3996 non
1564 3942 1900 4010 admittebat,
1920 3962 2015 4009 au-

450 4045 541 4087 res
570 4031 900 4095 'claudebat,
948 4032 1174 4101 cupiens
1205 4032 1418 4103 aperire
1460 4034 1649 4090 oculos
1682 4054 1695 4089 :
1731 4035 2013 4093 desiderio

449 4125 787 4188 vulneratus,
819 4139 943 4178 cum
980 4139 1109 4179 voce
1144 4123 1436 4182 feriretur:
1473 4144 1491 4176 ι
1524 4124 1638 4180 Nisi
1683 4128 1897 4182 mittam
1932 4129 2018 4185 di-

455 4216 623 4282 gitum
655 4230 836 4269 meum
884 4215 936 4268 in
972 4214 1199 4268 ﬁxuram
1243 4215 1546 4281 clavorum,
1575 4224 1629 4271 et
1662 4219 1871 4272 mittam
1903 4235 2018 4273 ma-

453 4319 586 4358 num
610 4319 782 4358 meam
816 4304 870 4357 in
895 4305 1037 4361 latus
1067 4305 1206 4374 ejus,
1242 4321 1350 4360 non
1377 4307 1595 4360 credam
1618 4306 1683 4362 “.
1723 4327 1743 4359 ι
1792 4307 2022 4369 Insatia~

2090 1862 2180 1925 θος
2210 1861 2344 1933 (80),
2370 1861 2512 1931 καὶὴ
2537 1860 2631 1913 τοῦ
2659 1860 2938 1930 μνήματος
2962 1858 3304 1929 ἀνεστόμωτο
3327 1856 3485 1927 θύρα.
3520 1856 3663 1908 Ἀλλ’

2089 1955 2207 2006 ἐκεῖ
2236 1951 2333 2023 μὲν
2370 1950 2601 2021 ἐδείχθη,
2634 1953 2714 2004 ὅτι
2748 1951 2891 2022 άπερ
2931 1949 3165 2020 ἔπασχεν
3200 1951 3229 2002 6
3258 1949 3424 2017 τάφος
3452 1947 3667 2020 ὁρῶμε-

2090 2058 2197 2105 νος,
2232 2040 2402 2094 ταῦτα
2434 2040 2463 2091 ὁ
2500 2040 2632 2111 ᾅδης
2668 2039 2912 2111 ἀοράτως
2945 2039 3212 2109 ὑπέμενε’
3244 2039 3338 2092 καὶ
3382 2039 3670 2109 ἀνοιγομέ-

2091 2149 2182 2187 νου
2213 2131 2305 2184 τοῦ
2352 2132 2651 2202 μνήματος,
2695 2129 2973 2202 ἀθύρωτος
3012 2129 3174 2183 πλέον
3211 2128 3321 2198 (81)
3364 2130 3393 2181 6
3436 2128 3669 2193 θάνατος

2092 2225 2457 2297 ἀπηλέγχετο’
2488 2225 2594 2278 ἔδει
2623 2224 2732 2296 γάρ
2764 2222 3305 2295 συναπογυμνοῦσθαι
3343 2221 3423 2293 τῷ
3449 2222 3554 2294 ᾅδῃ
3576 2221 3671 2277 τὸν

2093 2314 2280 2383 τάφον,
2316 2315 2410 2368 καὶ
2434 2318 2545 2379 τοῖς
2573 2315 2866 2386 ὁρωμένοις
2895 2314 2963 2368 τὰ
2992 2315 3064 2386 μὴ
3089 2314 3385 2384 φαινόμενα
3406 2313 3519 2384 (82)
3547 2329 3674 2384 στη-

2093 2404 2414 2458 λιτεύεσθαι·
2440 2405 2669 2458 ἐνταῦθα
2686 2406 2740 2458 δὲ
2751 2404 2857 2457 τῶν
2878 2404 3055 2475 θυρῶν
3081 2402 3479 2474 κεκλεισμένων
3497 2402 3615 2454 είσέ
3624 2418 3675 2470 ρ-

2096 2512 2277 2565 χεται·
2305 2497 2392 2550 ἵνα
2425 2496 2614 2568 οἱπερὶ
2641 2495 2737 2566 τὴν
2756 2496 3045 2549 ἀνάστασιν
3070 2492 3424 2556 ἀπιστοῦντες
3462 2491 3675 2545 ἐκπλα-

2097 2587 2235 2656 γῶσι
2250 2588 2347 2658 τὴν
2363 2587 2581 2652 εἴσοδον,
2602 2588 2694 2641 καὶ
2703 2586 3152 2658 χειραγωγηθῶσι
3166 2586 3300 2657 πρὸς
3314 2586 3376 2638 τὸ
3392 2583 3578 2655 θαῦμα
3597 2582 3678 2653 τῷ

2100 2679 2355 2750 θαύματι.
2392 2677 2651 2742 Ἀναστὰς
2689 2673 2781 2731 οὖν
2804 2680 2833 2731 6
2868 2677 3101 2748 Χριστὸς
3133 2677 3239 2747 πρὸ
3266 2675 3374 2729 τῶν
3414 2674 3677 2746 μαθητῶν

2101 2774 2218 2833 ταῖς
2251 2770 2494 2838 γυναιξὶν
2518 2768 2868 2840 ἐμφανίζεται
2898 2768 3008 2839 (85)
3026 2785 3039 2798 ·
3066 2769 3161 2821 καὶ
3190 2769 3247 2821 αἱ
3274 2770 3529 2836 γυναῖκες
3562 2768 3681 2849 τοῖς

2102 2862 2415 2924 ἀποστόλοις
2438 2859 2844 2931 εὐηγγελίζοντο
2866 2860 2959 2913 τοῦ
2985 2859 3220 2931 Χριστοῦ
3240 2860 3338 2930 τὴν
3357 2859 3679 2918 ἀνάστασιν,

2103 2954 2195 3006 κα)⁵
2219 2952 2377 3006 τοῦτο
2404 2953 2645 3016 εἰκότως.
2671 2951 2826 3005 Οὕτω
2849 2952 2957 3023 γὰρ
2978 2953 3076 3022 τῆς
3100 2950 3244 3014 Εὔας
3269 2953 3301 3022 ή
3335 2952 3566 3023 ὲπήρεια
3597 2948 3687 3019 τῷ

2104 3039 2331 3110 διαϐόλῳ
2381 3040 2792 3112 περιετρέπετο.
2829 3038 2989 3091 Ὅθεν
3024 3036 3132 3106 γάρ
3170 3036 3399 3091 ῶδευσεν
3428 3040 3461 3107 ἡ
3499 3037 3679 3097 νόσος,

2103 3130 2307 3183 ἐκεῖθεν
2332 3133 2365 3202 ὴ
2395 3130 2659 3203 θεραπεία
2686 3128 2903 3199 ἔρχεται
2930 3127 3060 3198 (84).
3089 3126 3252 3181 Ὅθεν
3271 3129 3299 3180 6
3328 3127 3558 3191 θάνατος
3580 3128 3685 3196 ἦρ-

2106 3220 2252 3286 ξατο,
2288 3222 2492 3275 ἐκεῖθεν
2526 3223 2559 3293 ή
2609 3222 2900 3282 ἀνάστασις
2944 3219 3210 3289 φαίνεται.
3251 3220 3393 3291 Γυνὴ
3424 3219 3536 3290 γάρ
3575 3218 3686 3287 τῆς

2104 3313 2466 3384 παραϐάσεως
2513 3313 2680 3378 αἰτία,
2731 3315 2823 3367 καὶ
2857 3314 2962 3385 τῆς
3007 3312 3354 3373 ἀναστάσεως
3390 3307 3597 3382 κήρυξ·
3648 3313 3685 3383 η

2104 3403 2193 3457 τὸν
2234 3402 2444 3474 πρῶτον
2481 3402 2651 3473 Ἀδάμ
2706 3403 2842 3475 πρὸς
2862 3402 2959 3475 τὴν
2982 3402 3188 3456 πτῶσιν
3203 3401 3685 3472 χειραγωγήσασα,

2106 3495 2198 3549 τὸν
2225 3494 2471 3567 δεύτερον
2512 3494 2682 3565 Ἀδάμ
2701 3494 3005 3549 ἀναστάντα
3046 3492 3393 3565 μαρτύρεται.

2178 3665 2229 3719 ‘5.
2269 3662 2441 3735 Ὠφθη
2470 3663 2646 3725 τοίνυν
2678 3663 2788 3734 (85)
2821 3665 2913 3718 καὶ
2955 3666 3066 3729 τοίς
3095 3661 3411 3725 ἀποστόλοις
3446 3660 3688 3731 Χριστδς

2110 3757 2175 3817 ὲκ
2195 3755 2327 3827 οἴκῳ
2354 3753 2773 3826 κεκρυμμένοις,
2803 3754 3017 3826 εἰσῆλθε
3045 3754 3151 3809 τῶν
3174 3753 3351 3825 θυρῶν
3370 3751 3692 3822 κεκλεισμέ-

2110 3864 2245 3905 νων.
2284 3847 2395 3900 Καὶ
2438 3846 2657 3899 ἀπιστεῖ
2684 3850 2796 3909 τοῖς
2827 3848 3131 3918 γινομένοις
3176 3845 3250 3917 μὴ
3286 3843 3475 3916 παρὼν
3499 3846 3529 3897 ὁ
3567 3844 3689 3898 Θων-

2117 3940 2239 4011 μᾶς·
2282 3938 2375 3992 καὶ
2419 3936 2599 3992 ποθῶν
2627 3936 2723 4008 τὴν
2759 3937 2904 4003 θέαν,
2937 3938 3035 4009 τὴν
3073 3938 3239 4008 ἀκοὴν
3287 3935 3686 4008 ἀπεστρέφετο·

2116 4030 2346 4101 έφραττε
2376 4030 2473 4101 τὴν
2506 4030 2694 4101 ἀκοὴν,
2717 4032 2843 4093 τοὺς
2866 4030 3177 4100 ὀφθαλμοὺς
3205 4028 3541 4082 ἀναπετάσαι
3565 4025 3693 4096 βου-

2115 4123 2341 4193 λόμενος
2362 4139 2375 4153 ⁸
2425 4122 2716 4192 έπλήττετο
2745 4121 2825 4193 τῷ
2867 4121 3034 4192 πόθῳ,
3076 4120 3163 4174 διὰ
3190 4120 3371 4190 φωνῆς
3402 4117 3695 4188 τοξευόμε-

2118 4231 2205 4277 νος
2223 4231 2236 4243 ·
2274 4233 2293 4265 ι
2337 4213 2461 4267 Ἐὰν
2483 4214 2555 4284 μὴ
2591 4213 2740 4283 βάλω
2769 4213 2859 4267 τὸν
2881 4211 3138 4267 δάκτυλόν
3175 4229 3274 4292 μου
3300 4213 3381 4274 εἰς
3403 4211 3496 4264 τὸν
3517 4209 3693 4263 τύπον

2117 4305 2225 4369 τῶν
2252 4305 2419 4376 ἥλων,
2453 4305 2549 4359 καὶ
2595 4305 2739 4375 βάλω
2765 4305 2861 4377 τὴν
2887 4305 3044 4377 χεῖρά
3086 4321 3184 4375 μου
3216 4303 3292 4366 είς
3321 4304 3418 4376 τὴν
3448 4302 3693 4374 πλευρὰν

460 4394 586 4447 bilis
615 4393 808 4448 all‘ectu
832 4393 1073 4449 Thomas
1101 4394 1256 4449 tidem
1287 4411 1396 4449 non
1421 4396 1707 4461 adhibens,
1727 4397 2001 4454 increduli!

2125 4397 2310 4464 αὐτοῦ,
2344 4398 2404 4449 οὐ
2437 4396 2511 4469 μὴ
2543 4396 2837 4451 πιστεύσω.
2877 4416 2895 4447 ι
2935 4394 3241 4466 ’Δπληστος
3274 4393 3385 4462 (86)
3411 4395 3550 4466 πρὸς
3572 4395 3695 4455 διά-

455 4493 619 4539 tatem
636 4485 937 4553 praetendit,
963 4495 1021 4540 ut
1045 4485 1256 4541 fruatur
1274 4487 1803 4559 conspectholvet,
1824 4491 2025 4566 inquit,

459 4577 897 4631 incredulitatem
937 4592 1113 4631 meam
1147 4593 1271 4632 cum
1306 4582 1618 4649 apparuerit
1650 4600 1663 4636 :
1692 4582 1903 4636 mittam
1937 4582 2025 4637 di-

2126 4492 2294 4555 θεσιν,
2327 4491 2419 4545 κα).
2456 4491 2529 4563 μὴ
2562 4490 2831 4544 πιστεύων
2862 4491 2890 4542 6
2928 4489 3147 4562 Θωμᾶς,
3176 4486 3535 4559 προϐάλλεται
3566 4489 3697 4542 ἁπι-

2126 4582 2300 4647 στίαν,
2343 4582 2431 4636 ἵνα
2459 4582 2744 4659 ἀπολαύσῃ
2762 4582 2860 4653 τῆς
2886 4581 3137 4653 θεωρίας.
3167 4578 3334 4632 Λύσει
3379 4595 3503 4649 μου,
3533 4580 3693 4649 φησὶ,

460 4668 632 4737 gitum
670 4683 848 4723 meum
879 4668 933 4722 in
988 4668 1191 4724 tixuras
1234 4670 1549 4725 clavorum:
1582 4688 1741 4744 quem
1774 4673 2001 4733 desideri

2124 4674 2223 4745 τὴν
2251 4673 2503 4727 ἀπιστίαν
2527 4672 2741 4743 φανείς·
2775 4670 2921 4743 βαλῶ
2940 4670 3031 4724 τὸν
3049 4668 3304 4725 δάκτυλόν
3334 4686 3434 4739 μου
3464 4670 3545 4732 είς
3569 4669 3695 4730 τοὺς

460 4760 747 4815 Dominum
788 4759 1189 4829 complexabor.
1222 4760 1532 4832 Redarguat
1563 4762 2022 4829 incredulitatem,

2122 4763 2326 4828 τύπους
2368 4762 2477 4817 τῶν
2513 4762 2690 4833 ήλωνο
2723 4760 3022 4831 Δεσπότην,
3059 4758 3116 4812 ὃν
3153 4756 3325 4823 ποθῶ,
3367 4752 3695 4827 περιπτύξοτ

458 4860 515 4909 et
537 4858 891 4924 conspectum
919 4850 1201 4922 largiatur.
1224 4850 1294 4907 Ut
1326 4852 1640 4910 incredulus
1682 4853 1899 4923 videbo,
1930 4870 2001 4911 εει

2129 4872 2245 4927 μαι.
2289 4853 2618 4935 Μεμψάσθω,
2661 4852 2757 4927 τὴν
2788 4851 3062 4916 ἀπιστίαν,
3105 4848 3199 4903 καὶ
3247 4845 3564 4918 χαρισάσθω
3595 4845 3697 4919 τὴν

534 5009 580 5044 ³⁸
611 5007 773 5065 Joan.
804 5024 874 5063 xx
898 5049 915 5076 ,
955 5009 1048 5068 25.

534 5167 649 5239 (77)
687 5166 819 5238 Reg.
851 5168 904 5239 l_.
932 5165 989 5232 2,
1024 5174 1079 5221 et
1107 5166 1286 5239 Colb.,
1311 5166 1373 5220 τὸ
1386 5164 1508 5239 τῶν
1524 5164 1825 5239 ἀνθρώπων
1855 5165 2030 5239 γένος.

2203 5161 2315 5232 (80)
2353 5158 2431 5213 Ita
2462 5172 2596 5232 mss.
2605 5169 2822 5232 omnes.
2843 5151 3013 5232 Editi1
3029 5148 3359 5215 ὲξεκύλιστο.
3384 5145 3510 5203 Mox
3529 5162 3690 5212 mss.,

466 5222 588 5293 Μὸχ
632 5222 797 5307 [prius]
838 5222 992 5301 edit.,
1021 5239 1114 5290 καὶ
1168 5222 1322 5306 γένος
1379 5236 1592 5306 θανάτῳ
1631 5222 2001 5307 ’λῃστευόμενᾷ

2130 5222 2493 5307 ἀνεστομωτο.
2526 5226 2686 5287 Editi,
2720 5222 3099 5307 ἀνςρςτρμοῦτο.

465 5293 653 5378 ἀσύλῴ
669 5307 893 5379 *χωρίῳ
938 5293 1016 5379 τῶ
1062 5293 1320 5379 οὐρανίῳ⁷
1346 5293 1846 5379 κατοικήσῃίίΜεξ.
1874 5293 1944 5379 ἰιι
1977 5305 2033 5358 in

466 5374 639 5448 textu.
660 5374 804 5448 (Ibid.
838 5374 876 5431 '5
898 5374 1071 5448 mss.,
1103 5374 1280 5447 Ὠφθη
1308 5376 1468 5431 πάλιν
1502 5374 1763 5448 μέτάτὴν
1799 5374 2035 5429 ἀνάστα·-

470 5447 859 5518 σινηόηΧριστὸς
889 5447 1135 5518 δευτέρα.

541 5516 692 5585 (77‘)
717 5516 894 5585 Vulg.,
928 5516 1145 5639 ἐνδήσἘ
1181 5516 1342 5570 Eot'r.

541 5586 654 5639 (78')
694 5585 786 5639 Sic
825 5589 859 5639 5
920 5604 1053 5639 mss.
1148 5588 1244 5639 diti
1289 5602 1342 5639 ve

541 5584 654 5657 (78)
694 5585 786 5641 Sic
825 5584 867 5657 3,
920 5584 1053 5642 mss.
1101 5584 1244 5657 Editi
1274 5601 1438 5657 ivero,
1486 5584 2023 5657 ἀπεργασόμενος....

470 5654 793 5727 ἀτείχιστον,
818 5656 870 5708 τί
903 5658 1017 5727 ἐκεῖ
1034 5657 1113 5709 δεῖ
1133 5656 1238 5727 τῶν
1264 5655 1443 5725 θυρῶν
1470 5654 1727 5727 τήν,ἐιε.

544 5672 793 5777 argis-nov,
818 5672 870 5708 τι
903 5672 1014 5709 εκει
1133 5675 1238 5709 των
1264 5672 1385 5725 υυρι

544 5724 598 5785 (7
638 5724 655 5788 )
693 5724 770 5778 ita
798 5740 930 5783 mss.
971 5726 1131 5791 Ειιιιι,
1166 5725 1385 5798 βήματι.

2203 5285 2408 5372 (81)Ἰιι)
2427 5312 2616 5372 omnes
2633 5285 2764 5372 mss.
2783 5285 2928 5347 Editi
2945 5306 3095 5372 vero,
3114 5286 3390 5372 ἀθύρωτον
3409 5285 3691 5372 adﬁcior,

2201 5355 2314 5439 (82)
2357 5368 2511 5432 Mss.,
2545 5366 2619 5439 μὴ
2645 5363 2918 5437 ὁρώμενα.
2946 5355 3091 5417 Infra
3121 5355 3235 5413 duo
3258 5371 3420 5423 mss.,
3451 5355 3697 5429 περὶτὴν

2131 5443 2443 5498 ἀνάστασιν.

2227 5511 2318 5577 85)
2361 5508 2517 5572 Mss.,
2550 5507 2670 5577 ταῖς
2693 5502 2940 5573 γυναιξὶν
2965 5502 3193 5573 ἑωρᾶτο.

2228 5575 2315 5656 δέ)
2355 5575 2878 5656 Mss-mmem-
3042 5640 3056 5656 .
3233 5638 3307 5656 _.
3384 5636 3439 5656 --

2232 5638 2317 5711 85)
2357 5649 2434 5702 Ita
2460 5638 2596 5703 mss:
2622 5638 2766 5699 Editi
2793 5640 3151 5711 γετο,ντοίνυν
3183 5638 3320 5711 μετά
3346 5638 3537 5697 τοῦτο.

2211 5710 2321 5792 (86)
2363 5718 2453 5774 Sic
2480 5732 2613 5773 mss.
2644 5729 2851 5771 omnes.
2886 5710 3029 5766 Editi
3056 5710 3206 5777 vero,
3237 5710 3483 5771 ἄπιστος.
