3870 6208
238 309 383 369 1085

239 517 424 590 ξομαι,
448 518 545 574 καὶ
576 518 884 574 ἀπολαύσω.
911 520 1035 574 Ἰδω
1054 522 1241 590 χεῖρας
1271 518 1609 591 ὀρυχθείσας,
1643 517 1709 571 δι’
1729 511 1805 570 ὧν

222 615 298 678 ,αἱ
325 613 638 684 παραϐᾶσαι
661 611 755 666 τοῦ
793 611 965 681 Ἀδὰμ
994 609 1435 681 ἐθεραπεύθησαν
1472 611 1683 680 χεῖρες·
1711 607 1807 660 ίδω

246 707 504 777 πλευρὰν,
535 706 603 759 δι’
627 699 695 777 ἧς
725 706 754 758 ὁ
781 706 845 758 ἐκ
875 704 976 775 τῆς
998 703 1238 774 πλευρᾶς
1261 702 1527 774 ἀνῄρηται
1558 700 1802 764 θάνατος.

243 797 473 869 Θεατὴς,
513 797 613 851 οὑκ
633 795 925 867 ἀκροατὴς,
966 794 1062 849 τοῦ
1074 794 1345 848 Δεσπότου
1371 792 1619 861 γενέσθαι
1643 791 1803 848 θέλω.

242 888 325 958 Τῇ
345 888 593 958 διηγήσει
611 887 770 940 πλέον
794 886 928 959 πρὸς
951 884 1244 955 ἐπιθυμίαν
1270 885 1578 954 ἀνάπτομαι
1594 901 1609 915 ·
1644 883 1710 936 δι’
1731 876 1806 937 ὧν

245 976 681 1047 εὐαγγελίζεσθε,
705 976 791 1031 διὰ
811 976 1016 1030 τούτων
1030 976 1127 1046 τὴν
1150 974 1340 1048 ὀδύνην
1359 974 1629 1044 ἐπαυξῆτε
1647 972 1803 1044 (86‘).

254 1068 398 1139 Ἐγὼ
434 1069 491 1122 δέ
539 1085 638 1140 μου
670 1067 991 1140 θεραπεύσω
1035 1067 1133 1140 τὴν
1174 1067 1350 1136 ἀνίαν,
1388 1068 1488 1138 τὴν
1514 1064 1809 1138 θεραπείαν

246 1160 735 1233 προχειριζόμενος.
948 1144 953 1149 ’

311 1256 366 1310 4.
409 1254 549 1308 Ἀλλ’
571 1250 725 1316 αὖθις
756 1253 937 1324 παρῆν
955 1254 983 1306 ὁ
1004 1251 1299 1322 Δεσπότης,
1329 1250 1424 1304 καὶ
1450 1248 1566 1303 λύει
1596 1247 1673 1320 τῷ
1702 1265 1809 1319 μα-

244 1346 381 1418 θητῇ
413 1345 550 1417 μετά
573 1345 677 1416 τῆς
701 1345 851 1408 ἀνίας
874 1344 971 1414 τὴν
1000 1343 1276 1397 ἀπιστίαν.
1302 1341 1517 1403 Μᾶλλον
1552 1340 1607 1394 δὲ
1630 1341 1689 1394 οὐ
1711 1339 1809 1411 τὴν

244 1439 502 1494 ἀπιστίαν
527 1438 733 1501 ἔλυσεν,
751 1437 889 1490 ἀλλά
912 1436 1013 1508 τὴν
1028 1434 1318 1504 ἐπιθυμίαν
1352 1432 1635 1504 ἐνέπλησε.
1662 1433 1811 1502 Παρ-

244 1533 313 1603 ῆν
355 1531 464 1585 τῶν
497 1530 676 1604 θυρῶν
720 1529 1152 1599 κεκλεισμένων·
1183 1526 1558 1598 ἀπιστουμένῃ
1592 1524 1691 1595 θέᾳ
1720 1541 1810 1579 πι-

243 1624 463 1679 στοῦται
490 1624 589 1697 τὴν
634 1623 1035 1693 ἀπιστουμένην
1064 1621 1382 1676 ἀνάστασιν’
1414 1619 1509 1673 καὶ
1549 1617 1706 1671 πάλιν
1735 1616 1812 1670 δι-

244 1718 536 1784 πλασιάζει
579 1718 640 1771 τὸ
672 1716 872 1787 θαῦμα,
911 1715 998 1768 ἵνα
1039 1714 1425 1785 πληροφορήσῃ
1466 1711 1558 1764 τὸν
1588 1709 1808 1780 Θωμᾶν.

249 1831 270 1863 ι
316 1810 473 1875 Βάλε,
553 1809 706 1880 φησὶ,
761 1807 852 1860 τὸν
889 1804 1144 1860 δάκτυλόν
1215 1820 1306 1858 σου
1371 1804 1453 1866 εἰς
1499 1802 1591 1856 τὸν
1642 1799 1809 1854 τύπον

243 1902 355 1956 τῶν
386 1901 560 1972 ῆλωνο
597 1920 616 1952 ι
645 1900 704 1953 δν
742 1898 952 1970 ἐζήτεις
984 1896 1211 1959 ἀπόντα,
1252 1894 1513 1966 παρόντος
1553 1892 1808 1946 ἀπόλαυε.

245 1990 379 2049 οἶδά
404 2010 497 2047 σου
524 1992 621 2064 τὴν
651 1990 945 2062 ἐπιθυμίαν
974 1989 1068 2043 καὶ
1101 1986 1437 2050 σιωπῶντος·
1469 1984 1577 2056 πρὸ
1596 1983 1705 2037 τῶν
1725 1982 1812 2036 λό-

246 2103 380 2158 των,
415 2085 512 2156 τὴν
543 2081 768 2155 γνώμην
810 2082 1129 2150 ἐπίσταμαι.
1165 2076 1400 2131 Ἤκουόν
1442 2093 1533 2129 σου
1574 2074 1682 2128 τῶν
1716 2076 1813 2145 ρη-

247 2179 456 2249 μάτων,
507 2175 602 2228 καὶ
653 2173 727 2245 μὴ
776 2172 1140 2244 βλεπόμενος,
1171 2169 1317 2239 παρή
1326 2184 1433 2239 μην
1477 2164 1809 2231 ἀπιστοῦντι,

244 2269 342 2323 καὶ
367 2268 441 2341 μὴ
470 2265 818 2337 φαινόμενος,
848 2261 1110 2316 ἐνεδίδουν
1128 2260 1237 2331 (87)
1262 2261 1327 2330 τῇ
1352 2258 1577 2336 ἀπιστίᾳ
1600 2254 1809 2327 καιρὸν,

245 2361 336 2413 ἴνα
367 2375 461 2411 σου
485 2356 582 2427 τὴν
618 2352 909 2423 ἐπιθυμίαν
940 2349 1220 2421 θαυμάσω.
1245 2367 1264 2399 ι
1286 2347 1423 2401 Βάλε
1448 2346 1538 2400 τὸν
1557 2343 1813 2399 δάκτυλόν

247 2466 343 2503 σου
374 2450 453 2512 είς
467 2447 593 2510 τοὺς
612 2445 813 2508 τύπους
840 2443 948 2496 τῶν
963 2443 1127 2512 ῆλων·
1154 2441 1247 2494 καὶ
1272 2439 1397 2511 βάλε
1424 2438 1523 2508 τὴν
1545 2435 1703 2507 χεῖρά
1720 2450 1812 2487 σου

246 2544 329 2605 εἰς
361 2540 462 2610 τὴν
516 2537 754 2607 πλευράν
791 2553 913 2607 μου,
951 2533 1046 2587 καὶ
1087 2532 1160 2604 μὴ
1189 2532 1337 2601 γίνου
1380 2529 1624 2592 ἄπιστος,
1679 2525 1815 2581 ἀλλὰ

248 2634 492 2696 πιστός.»
539 2632 595 2685 '0
615 2630 671 2683 δὲ
690 2629 908 2698 Θωμᾶς,
931 2625 1272 2697 ψηλαφήσας,
1305 2621 1398 2675 καὶ
1429 2619 1528 2691 τὴν
1559 2617 1814 2672 ἀπιστίαν

246 2723 519 2794 ἐξορίσας,
554 2720 734 2772 πίστει
768 2717 1049 2787 εἰλικρινεί
1090 2713 1182 2767 καὶ
1220 2710 1369 2782 πόθῳ
1396 2709 1686 2779 θεοπρεπεί
1718 2705 1814 2759 κέ-

245 2829 486 2886 κραγεν·
517 2831 535 2863 ι
581 2811 638 2863 '0
663 2806 866 2881 Κύριός
897 2822 997 2877 μου
1023 2804 1117 2858 καὶ
1144 2805 1172 2857 ὁ
1191 2802 1321 2865 Θεός
1347 2817 1469 2871 μου.
1500 2819 1519 2850 ι
1551 2798 1658 2853 Καί
1686 2814 1814 2868 φησι

249 2905 391 2977 πρὸς
421 2900 578 2956 αὐτὸν
611 2901 640 2953 ὅ
665 2897 894 2968 Κύριος·
926 2913 944 2947 ι
982 2894 1104 2947 Ὅτι
1129 2890 1380 2962 ἑώρακάς
1401 2905 1489 2959 με,
1522 2886 1815 2939 πεπίστευ-

248 2979 394 3059 ⁴διας·
445 2991 699 3066 μακάριοι
746 2988 857 3060 (88)
885 2988 934 3040 οί
976 2984 1049 3057 μὴ
1098 2982 1314 3046 ἰδόντες,
1364 2980 1458 3033 καὶ
1495 2976 1817 3031 πιστεύσαν-

1324 306 1556 364 SERMO
1592 304 1659 360 IN
1697 304 2024 362 SANCTUM
2060 307 2351 368 PASCHA.

128 510 131 511 ν
237 425 494 499 θεωρίαν.
535 427 623 490 Ὠς
653 428 877 492 ἄπιστος
919 427 1033 492 ῐδω,
1084 427 1178 481 κα)⁵
1208 427 1284 490 ὡς
1312 427 1501 490 πιστὸς
1542 423 1799 496 περιπτύ-

1922 432 1968 478 ut
2014 425 2192 483 ﬁdelis
2247 425 2652 497 complexabor,
2707 430 2871 492 atque
2923 420 3194 492 perfruar.
3247 419 3471 476 Videam

3335 303 3469 361 1086

1907 516 2196 574 confossas
2228 535 2444 584 manus,
2478 518 2676 588 quibus
2702 514 2831 568 Adae
2880 528 3075 567 manus
3108 513 3470 583 praevaricata:

1907 610 2133 665 sanitati
2179 618 2309 667 sunt
2352 611 2635 667 restitutae.
2674 606 2894 661 Videam
2950 606 3126 670 latus,
3186 620 3282 675 per
3325 602 3470 675 quod

1906 718 2055 758 mors
2101 704 2169 758 de
2220 703 2389 758 latere
2412 715 2698 773 progressa
2742 700 2959 756 sublata
2992 698 3114 753 fuit.
3147 697 3463 768 Spectator,

1906 811 2016 850 non
2049 797 2288 861 auditor,
2320 796 2536 849 Domini
2562 810 2684 850 esse
2716 793 2859 848 volo.
2893 792 3216 861 Narratione
3233 791 3298 845 ad
3327 788 3472 844 desi-

1907 886 2117 941 derium
2146 888 2270 959 plus
2299 887 2567 943 accendor
2603 887 2705 942 :iis
2731 900 2850 956 quae
2881 883 3239 948 annuntiatis,
3277 881 3471 936 iisdem

1907 979 2122 1047 augetis
2155 978 2418 1033 dolorem.
2456 977 2708 1031 Medebor
2735 982 2917 1031 autem
2946 973 3198 1038 tristitiae,
3230 972 3322 1027 ubi
3361 986 3473 1028 ora:

1906 1069 2162 1125 manibus
2187 1069 2353 1125 fuerit
2379 1068 2667 1125 medicina.

1975 1236 2030 1292 4.
2065 1236 2172 1293 Sed
2218 1238 2414 1294 iterum
2439 1238 2594 1296 adest
2630 1238 2915 1303 Dominus,
2948 1245 3109 1308 atque
3138 1250 3246 1291 una
3271 1248 3475 1290 mer-

1907 1344 2023 1384 rem
2045 1328 2316 1399 discipulo
2338 1330 2498 1392 levat,
2514 1340 2565 1385 et
2587 1329 3041 1384 incredulitatem.
3068 1327 3135 1381 At
3155 1326 3334 1397 potius
3359 1339 3473 1379 non

1908 1419 2107 1474 levavit
2158 1420 2629 1487 incredulitatem,
2689 1420 2784 1475 sed
2830 1419 3161 1474 desiderium
3215 1416 3469 1486 explevit.

1909 1513 2113 1570 Aderat
2155 1513 2342 1584 januis
2383 1510 2585 1568 clausis
2618 1531 2634 1568 :
2670 1510 2975 1566 incredibili
3017 1517 3312 1578 conspectu
3363 1521 3476 1561 non

1911 1606 2174 1661 creditam
2209 1603 2663 1660 resurrectionem
2707 1605 2994 1658 conllrmat
3021 1616 3034 1653 :
3066 1607 3229 1669 atque
3276 1599 3476 1653 iterum

1911 1696 2235 1751 miraculum
2264 1695 2524 1766 geminat,
2562 1702 2622 1748 ut
2659 1691 2925 1747 Thomam
2958 1691 3248 1746 certiorem
3288 1689 3473 1743 faciat.

1917 1806 1936 1839 ι
1973 1786 2141 1852 infer,
2181 1806 2201 1839 ι
2236 1786 2433 1855 inquit,
2465 1804 2483 1837 ι
2511 1784 2739 1854 digitum
2765 1791 2919 1837 tuum
2952 1783 3006 1837 in
3035 1781 3265 1836 ﬁxuram
3286 1781 3476 1835 clavo-

1913 1890 2035 1930 rum
2072 1875 2141 1939 ³⁸,
2174 1894 2192 1926 ι
2225 1891 2385 1945 quem
2417 1875 2692 1930 absentem
2734 1873 3039 1944 quaerebas,
3071 1886 3135 1926 eo
3160 1886 3307 1925 nunc
3338 1886 3478 1940 pra:-

1912 1975 2065 2023 sente
2119 1966 2322 2023 fruere.
2349 1966 2449 2021 Tui
2482 1968 2642 2022 etiam
2692 1965 2923 2020 tacentis
2974 1964 3101 2019 novi
3145 1962 3475 2018 desiderium

1911 2065 2037 2112 ante
2081 2058 2242 2112 verba
2288 2058 2517 2129 prolata,
2548 2057 2872 2112 sententiam
2902 2055 3028 2109 novi
3074 2062 3243 2108 tuam.
3279 2053 3476 2107 Audivi

1909 2150 2075 2205 verba
2095 2156 2209 2212 tua,
2233 2164 2297 2204 ac
2320 2150 2446 2205 licet
2470 2166 2578 2204 non
2608 2163 2942 2218 apparerem,
2970 2162 3079 2202 non
3105 2146 3347 2202 credenti
3379 2145 3476 2199 ad-

1910 2255 2058 2295 eram
2088 2258 2103 2307 ;
2134 2255 2199 2295 ac
2238 2240 2366 2295 licet
2430 2255 2539 2294 non
2590 2239 2826 2303 viderer,
2858 2238 3053 2292 dabam
3104 2237 3475 2291 incredulitati

1913 2340 2162 2402 tempus,
2194 2340 2253 2386 ut
2304 2330 2638 2387 desiderium
2693 2330 2924 2384 mirarer
2973 2337 3144 2383 tuum.
3180 2346 3200 2380 ι
3248 2328 3413 2392 Infer,
3449 2346 3469 2379 ›

1913 2424 2111 2495 inquit,
2150 2443 2170 2477 ι
2202 2424 2430 2495 digitum
2454 2430 2604 2477 tuum
2635 2422 2690 2476 in
2720 2421 2924 2477 ﬁxuras
2951 2421 3249 2485 clavorum,
3273 2427 3325 2475 ct
3349 2419 3476 2474 mit-

1914 2526 1967 2574 te
1992 2534 2208 2573 manum
2237 2528 2387 2572 tuam
2420 2518 2477 2572 in
2507 2518 2649 2571 latus
2695 2531 2896 2581 meum,
2924 2519 2979 2570 et
3009 2513 3123 2569 noli
3143 2528 3262 2568 esse
3296 2513 3476 2567 incre-

1912 2610 2075 2665 dulus
2102 2610 2195 2665 sed
2218 2608 2393 2663 ﬁdelis
2409 2609 2476 2662 ³⁶.
2506 2626 2525 2659 ι
2549 2607 2787 2662 Thomas
2816 2621 2946 2660 vero
2968 2605 3058 2659 ubi
3086 2603 3478 2659 contrectando

1911 2698 2348 2755 incredulitatem
2407 2697 2736 2769 depulisset.
2769 2696 2984 2751 sincera
3035 2694 3140 2750 ﬁde
3185 2694 3480 2763 divinoque

1912 2791 2169 2845 incensus
2198 2788 2468 2844 desiderio
2505 2788 2825 2844 exclamavit
2848 2806 2861 2818 ·
2902 2805 2922 2838 ι
2952 2786 3214 2841 Dominus
3244 2800 3398 2839 meus
3426 2792 3480 2839 et

1915 2881 2058 2938 Deus
2111 2899 2263 2937 meus
2288 2883 2354 2936 ⁸⁷.
2403 2901 2422 2933 ι
2455 2880 2543 2935 Ait
2595 2882 2661 2936 ad
2712 2881 2867 2935 illum
2916 2879 3179 2936 Dominus
3221 2897 3236 2934 :
3274 2895 3293 2929 ι
3338 2877 3480 2944 Quia

1912 2973 2101 3028 vidisti
2151 2989 2255 3037 me,
2287 2970 2614 3027 credidisti:
2647 2972 2788 3027 beati
2828 2971 2922 3041 qui
2966 2986 3074 3025 non
3118 2969 3390 3029 viderunt,
3426 2975 3481 3024 et

247 3105 362 3152 τες.
408 3061 719 3157 ιΚήρυξον,
759 3080 949 3151 Θωμᾶ,
991 3078 1104 3140 τοῖς
1150 3074 1224 3146 μὴ
1268 3071 1535 3144 ἐωρακόσι
1587 3086 1686 3140 μου
1720 3066 1816 3139 τὴν

1922 3063 2267 3118 crediderunt
2291 3064 2360 3120 ⁸⁸.
2401 3083 2420 3116 ι
2449 3062 2948 3128 Resurrectionem,
2982 3078 3016 3130 ο
3045 3061 3273 3125 Thoma,
3304 3074 3482 3114 meam

249 3180 567 3236 ἀνάστασιν.
598 3173 865 3228 Ἕλκυσον
892 3168 991 3241 τὴν
1013 3165 1354 3236 οἰκουμένην,
1381 3163 1480 3216 οὐκ
1504 3159 1816 3230 ὀφθαλμοῖς,

251 3271 394 3335 ἀλλά
431 3268 607 3338 λόγοις
649 3262 1040 3319 πιστεύουσανο
1074 3256 1324 3329 περίελθε
1372 3253 1658 3326 βαρϐάρων
1692 3248 1819 3320 ἔθνη

252 3364 350 3419 καὶ
391 3362 573 3424 πόλεις
595 3374 609 3388 ·
643 3353 849 3421 δίδαξον
885 3352 1003 3408 ἀνθ’
1038 3350 1222 3405 ὃπλων
1260 3343 1475 3417 σταυρῷ
1519 3340 1821 3414 θωρακίζε-

255 3455 403 3509 σθαι.
438 3449 689 3523 Κήρυξον
732 3447 910 3519 μόνον,
938 3443 1033 3498 καὶ
1058 3437 1486 3512 προσκυνοῦντες
1508 3432 1823 3487 πιστεύσου-

253 3559 373 3600 σιν·
408 3545 506 3597 οὐκ
528 3539 877 3611 ἀπαιτηθήσῃ
901 3537 1028 3608 παρ’
1063 3531 1239 3588 αὐτῶν
1268 3529 1365 3600 τὴν
1397 3527 1523 3581 θέαν
1546 3524 1642 3596 τὴν
1661 3524 1819 3596 ἐμήν.

251 3635 394 3691 Εἱπέ
416 3634 515 3707 τὴν
543 3633 755 3707 κλῆσιν,
788 3628 884 3682 καὶ
923 3627 1025 3698 ὅρα
1059 3623 1158 3695 τὴν
1186 3621 1399 3674 πίστιν
1437 3636 1456 3668 ι
1483 3615 1757 3686 Μακάριοι
1797 3632 1815 3664 ι

252 3729 368 3799 γὰρ
413 3723 624 3797 ἀληθῶς
659 3741 678 3775 ι
716 3721 767 3775 οἱ
801 3718 875 3790 μὴ
927 3716 1160 3780 ἰδόντες,
1211 3712 1306 3765 καὶ
1360 3707 1764 3770 πιστεύσαντες.
1797 3723 1816 3757 ι

252 3817 507 3880 Τοιοῦτος
539 3818 569 3870 ό
608 3804 884 3876 νεόλεκτος
919 3808 1028 3882 (89)
1059 3801 1216 3869 οὗτος
1239 3802 1333 3857 τοῦ
1360 3800 1628 3854 Δεσπότου
1663 3814 1824 3869 στρα-

252 3912 369 3974 τὸς,
400 3909 499 3979 τῆς
534 3890 911 3976 πνευματικῆς
952 3894 1335 3969 κολυμϐήθρας
1361 3892 1563 3955 ὠδῖνες,
1591 3890 1658 3944 τὰ
1688 3888 1826 3961 ἔργα

249 4005 354 4073 τῆς
380 4002 619 4073 χάριτος,
646 4001 681 4069 ἡ
714 3993 953 4068 γεωργία
988 3990 1082 4045 τοῦ
1116 3986 1432 4058 Πνεύματος
1452 4001 1466 4014 ο
1501 3982 1600 4036 οὐκ
1630 3981 1827 4043 ἰδόντες

251 4095 594 4165 ὑπήκουσαν,
627 4087 761 4142 ἀλλά
785 4083 1070 4145 ποθοῦντες
1095 4080 1442 4133 ἐπίστευσαν.
1480 4073 1826 4142 Ἐπέγνωσαν

251 4181 494 4254 Χριστὸν
517 4181 616 4233 οὐκ
637 4178 851 4248 ὄμμασι
874 4172 1144 4242 σώματος,
1172 4169 1284 4223 ἀλλ’
1324 4168 1534 4239 ὄμμασι
1569 4164 1823 4254 πίστεως.

251 4274 373 4328 Οὔκ
399 4269 584 4323 ἔϐαλον
601 4267 728 4329 τοὺς
754 4263 1045 4326 δακτύλους
1065 4264 1143 4325 εἰς
1165 4261 1289 4323 τοὺς
1308 4258 1509 4319 τύπους
1530 4253 1637 4307 τῶν
1660 4253 1826 4325 ἥλων,

255 4362 395 4418 ἀλλά
419 4360 496 4431 τῷ
530 4355 746 4430 σταυρῷ
770 4352 1196 4427 περιπλακέντες
1220 4351 1282 4403 τὸ
1300 4348 1471 4412 πάθος
1492 4346 1824 4416 ἠσπάσαντο·

1917 3155 2147 3224 ρι’τεόίεε
2181 3156 2247 3211 iis
2270 3155 2364 3224 qui
2397 3171 2505 3209 non
2527 3154 2777 3209 viderunt
2805 3153 3260 3209 resurrectionem
3281 3166 3478 3206 meam.

1918 3245 2098 3301 Trahe
2122 3256 2390 3301 terrarum
2425 3246 2635 3309 orbem,
2670 3260 2776 3300 non
2809 3246 3003 3312 oculis,
3028 3244 3121 3300 sed
3156 3243 3337 3298 verbis
3360 3256 3482 3297 cre-

1918 3336 2132 3392 dentem
2162 3354 2175 3390 :
2211 3339 2513 3393 circumeas
2542 3337 2899 3392 barbarorum
2928 3344 3116 3406 gentes
3137 3341 3191 3389 et
3212 3334 3481 3397 civitates,

1919 3427 2120 3483 doceas
2150 3443 2245 3483 eos
2302 3443 2581 3482 armorum
2612 3429 2766 3497 loco,
2803 3442 2968 3482 cruce
3007 3435 3065 3480 ut
3102 3425 3271 3479 lorica
3309 3421 3481 3476 indui.

1921 3519 2274 3576 Solummodo
2325 3521 2591 3591 praedica,
2638 3521 3037 3589 adorantesque
3091 3517 3168 3572 illi
3227 3515 3484 3570 credituri

1922 3621 2071 3679 sunt,
2103 3627 2212 3668 non
2264 3613 2371 3668 mei
2419 3620 2775 3682 conspectum
2812 3626 2842 3664 a
2887 3619 2940 3665 te
2990 3608 3361 3679 postulabunt.
3394 3606 3485 3659 ln-

1921 3702 2045 3758 dica
2105 3702 2216 3757 illis
2267 3701 2602 3758 vocationem
2631 3739 2646 3762 ,
2698 3715 2761 3753 ac
2822 3698 2946 3753 vide
2999 3696 3181 3751 ﬁdem.
3222 3714 3242 3747 ι
3284 3692 3431 3747 Beati
3461 3711 3480 3742 ι

1923 3795 2068 3848 enim
2115 3807 2302 3848 revera
2331 3811 2350 3843 ι
2384 3792 2479 3861 qui
2517 3805 2626 3844 non
2659 3789 2933 3853 viderunt,
2964 3797 3018 3843 et
3048 3785 3417 3842 crediderunt.
3462 3804 3482 3834 ι

1926 3881 2076 3937 Talis
2096 3883 2188 3938 ille
2214 3891 2297 3937 cst
2327 3896 2519 3936 recens
2552 3880 2798 3935 delectus
2825 3878 3040 3932 Domini
3070 3877 3378 3942 exercitus;
3411 3874 3488 3928 ita

1926 3992 1986 4032 se
2030 3975 2229 4031 habent
2278 3975 2578 4045 spiritualis
2625 3974 2773 4028 illius
2825 3972 3049 4043 piscinae
3080 3977 3289 4041 partus,
3322 3980 3490 4038 opera

1924 4066 2133 4136 gratiae,
2165 4066 2379 4119 cultura
2409 4063 2641 4134 Spiritus
2674 4082 2689 4117 :
2725 4077 2831 4117 non
2866 4062 3111 4117 videntes
3145 4059 3488 4121 obedterunt,

1927 4158 2021 4213 sed
2040 4156 2410 4212 desiderantes
2428 4156 2799 4211 crediderunt.
2813 4153 3085 4208 Christum
3100 4155 3489 4221 cognoverunt,

1927 4266 2034 4303 non
2053 4250 2300 4318 corporis
2320 4249 2516 4311 oculis,
2536 4248 2629 4305 sed
2645 4247 2817 4301 oculis
2840 4245 2981 4300 ﬁdei.
2998 4244 3113 4298 Non
3136 4239 3487 4298 miseruntdi-

1927 4344 2066 4413 gitos
2082 4343 2135 4396 in
2157 4344 2357 4397 ﬁxuras
2378 4342 2675 4407 clavorum,
2692 4339 2785 4393 sed
2799 4352 3016 4392 crucem
3035 4334 3325 4405 complexi,
3368 4346 3494 4402 pas-

255 4423 597 4524 Δεσποτικῆς
618 4423 858 4521 πλευρᾶς
879 4446 1068 4501 θεαταὶ
1092 4444 1189 4499 οὐκ
1214 4442 1477 4512 ἐγένοντο,
1490 4437 1625 4492 ἀλλά
1648 4436 1818 4507 χάριτι

1932 4434 2138 4487 sionem
2156 4449 2238 4486 am
2247 4433 2442 4503 plexati
2472 4445 2600 4487 sunt
2622 4450 2635 4486 :
2662 4446 2770 4485 non
2797 4428 3016 4485 {uerunt
3032 4426 3290 4481 Dominici
3307 4423 3494 4486 lateris

257 4547 612 4608 Δεσποτικοῖς
642 4541 991 4612 συνήφθησαν
1043 4537 1244 4608 μέλεσι,
1276 4530 1568 4605 κυροῦντες
1595 4531 1678 4598 ἐφ’
1705 4529 1832 4581 ἐαυ-

1936 4533 2303 4595 spectatores;
2346 4525 2437 4581 sed
2480 4540 2574 4592 per
2613 4525 2841 4594 gratiam
2891 4518 3191 4575 Dominicis
3237 4516 3512 4588 membris

256 4638 373 4697 τοῖς
404 4632 501 4704 τὴν
531 4605 622 4684 τοῦ
651 4605 916 4683 Δεσπότου
946 4605 1126 4698 φωνήν
1153 4623 1286 4694 (90)·
1323 4642 1341 4672 ι
1378 4620 1645 4691 Μακάριοι
1674 4618 1723 4669 oi
1756 4616 1818 4686 μ’)

1936 4623 2061 4670 sunt
2084 4615 2381 4684 conjuncti,
2411 4614 2794 4669 conﬁrmantes
2841 4612 2895 4666 in
2933 4607 3239 4683 semetipsis
3281 4605 3494 4661 Domini

222 4772 225 4773 ν
263 4725 486 4789 ἰδόντες,
514 4724 605 4776 καὶ
632 4719 1018 4781 πιστεύσαντες
1037 4734 1051 4749 ’
1094 4736 1113 4770 ι
1142 4716 1191 4768 οἱ
1228 4713 1302 4787 μὴ
1337 4712 1552 4775 ἰδόντες,
1583 4708 1677 4761 καὶ
1702 4707 1833 4777 Χρι-

261 4817 377 4889 στῷ
410 4816 785 4887 συναφθέντες.

340 4911 393 4966 5.
427 4911 670 4982 Σήμερον
725 4903 1020 4960 ἀποδύεσθε
1062 4900 1161 4973 τὴν
1204 4896 1540 4970 φορουμένην
1590 4890 1826 4961 ἐσθῆτα,

263 5002 407 5059 ἀλλά
442 4999 516 5073 μὴ
540 4997 804 5055 ἀπόθεσθε
833 5000 932 5070 τὴν
963 4991 1350 5065 κεκρυμμένην
1375 4985 1643 5059 σφραγῖδα
1660 5001 1674 5014 ο
1697 4983 1832 5073 ἀπο-

1933 4721 2119 4760 vocem
2146 4722 2164 4757 ξ
2201 4724 2220 4757 ι
2247 4705 2395 4759 Beati
2413 4705 2502 4775 qui
2522 4721 2629 4759 non
2659 4704 2933 4768 viderunt,
2964 4708 3018 4757 et
3043 4700 3430 4756 crediderunt:
3470 4715 3490 4748 ι

1936 4796 2028 4865 qui
2079 4812 2187 4849 non
2217 4795 2493 4862 viderunt,
2527 4803 2582 4851 et
2613 4796 2833 4850 Christo
2866 4791 3145 4862 conjuncti
3176 4795 3328 4843 sunt.

2008 4889 2060 4943 5.
2100 4886 2273 4944 Hodie
2309 4898 2513 4943 vestem
2557 4902 2721 4958 quam
2774 4885 3002 4956 gestatis
3033 4880 3263 4944 exuitis;
3295 4875 3386 4932 sed
3430 4891 3500 4930 ne

1939 4980 2214 5035 occultum
2254 4979 2497 5050 sigillum
2530 4979 2852 5050 deponatis:
2885 4975 3066 5031 exuite
3105 4977 3327 5027 externa
3354 4983 3502 5038 sym—

261 5060 458 5150 δύεσθέ
483 5060 553 5146 τὰ
580 5090 876 5161 φαινόμενα
887 5060 1165 5158 σύμϐολα,
1187 5060 1328 5137 *ἀλλὰ
1355 5078 1428 5151 μὴ
1451 5073 1719 5131 ἀπόθεσθε
1737 5072 1818 5143 τῆς

1938 5072 2081 5136 bola,
2124 5072 2219 5126 sed
2260 5087 2329 5126 ne
2380 5073 2588 5126 militiae
2638 5080 2903 5125 tesseram
2940 5064 3215 5135 deponite.
3265 5060 3500 5129 Deponis

267 5186 532 5259 στρατιᾶς
557 5182 628 5239 τά
647 5182 1021 5255 γνωρίσματα.
1063 5173 1403 5231 ’Δποτίθεσαι
1432 5168 1530 5241 τὴν
1554 5164 1833 5237 ἀμφίεσιν,

1940 5161 2100 5242 397
2124 5162 2406 5231 amictum,
2436 5177 2470 5217 o
2493 5160 2698 5218 Christi
2723 5158 2903 5225 miles,
2933 5155 3031 5212 sed
3059 5169 3128 5210 ne
3154 5166 3355 5209 exuare
3379 5148 3502 5204 ﬁdei

342 5308 388 5339 ³⁵
425 5304 583 5363 Joan.
607 5303 808 5369 31,27.
881 5301 937 5343 ²⁸ι
965 5298 1097 5355 ibid.
1172 5296 1216 5329 "
1256 5295 1390 5350 ibid.
1426 5293 1518 5354 98.
1591 5289 1638 5324 ⁸⁸
1677 5285 1804 5351 ibid.
1843 5282 1934 5339 29.

345 5420 486 5558 με)
519 5419 702 5484 Forte,
729 5416 1015 5483 ἐπαυξετε.
1053 5414 1213 5497 Ebur.

366 5490 456 5558 87)
498 5490 573 5544 Ita
602 5505 735 5545 mss.
771 5503 984 5558 omnes.
1024 5484 1188 5550 Edttt,

366 5477 573 5566 87)’1ιξι
602 5477 735 5566 mss.
771 5477 984 5566 omnes.
1024 5484 1188 5550 Editi,
1216 5482 1299 5566 μη
1326 5480 1651 5553 βλεπόμενος
1673 5477 1839 5533 ἐνεδί-

267 5557 417 5625 δουν,
440 5557 670 5630 omissis
698 5557 1046 5630 quibusdam;

347 5621 457 5703 (88)
496 5628 573 5685 Ita
603 5621 737 5703 mss:
772 5643 984 5703 omnes.
1007 5626 1082 5683 Ed
1114 5668 1129 5695 ,
1167 5622 1243 5697 μὴ
1274 5623 1423 5693 γίνου
1454 5621 1698 5686 ἄπιστος.
1721 5621 1837 5674 Μα-

274 5697 478 5775 κάριοι,
509 5700 696 5756 multis
727 5697 968 5756 omissis.

2015 5405 2126 5474 (89)
2168 5400 2260 5456 Sic
2291 5414 2423 5454 mss.
2446 5409 2652 5452 omnes.
2864 5403 3015 5456 vero,
3040 5385 3378 5474 vagientis.

2693 5461 2836 5515 Editi
2867 5446 3014 5525 vero,
3059 5455 3147 5511 ἐπ’
3184 5455 3367 5543 uibrat;
3407 5446 3505 5543 ξῆν

1945 5520 2134 5600 τοδὲὅό
2166 5520 2383 5612 ξυνῆν.
2406 5520 2552 5591 Infra
2587 5548 2776 5612 omnes
2818 5546 2976 5597 mss.,
2998 5520 3369 5596 ’συναφθέντες
3409 5520 3506 5575 ba-

1947 5618 2099 5680 bcnt,
2124 5604 2217 5670 ubi
2246 5604 2397 5678 editi,
2419 5604 2796 5674 συνταφέντες.
