3860 6204
424 265 568 323 1087

1601 263 1661 319 S.
1710 255 2261 318 ATHANASIUSC—
2296 259 2569 316 SPURIA.

3520 258 3665 314 £088

417 379 630 434 armis:
661 375 772 446 jam
798 376 897 432 tibi
940 376 1176 432 maxime
1217 376 1412 432 omnis'
1440 375 1656 447 generis
1682 387 1983 437 ,armatura

2088 370 2129 430 ὧ
2170 374 2262 428 τοῦ
2294 373 2532 445 Χριστοῦ
2585 370 2886 443 στρατιῶτα
2915 369 3048 443 (91),
3087 369 3221 424 ἀλλὰ
3255 369 3328 441 μὴ
3364 371 3666 442 γυμνωθῇς

415 481 554 523 onus
578 472 684 522 est.
711 461 870 520 Nunc
896 467 1044 520 enim
1067 465 1238 520 multo
1263 464 1434 536 magis
1451 480 1612 536 quam
1645 473 1772 521 ante
1809 466 1984 522 hostis

414 558 707 614 adversum
739 565 792 613 te
825 557 1045 629 vigilat,
1075 566 1236 627 atque
1269 557 1607 628 ingravatum
1655 566 1738 613 est
1761 559 1978 614 bellum.

415 650 553 704 Dum
593 651 843 720 captivus
895 665 1042 712 eras,
1078 665 1141 704 ac
1163 665 1353 704 servus
1386 649 1615 712 inimici,
1644 631 1767 703 cum
1794 657 1846 705 te
1879 650 1982 704 sub

415 743 644 810 imperio
671 750 900 806 teneret,
927 758 1035 796 non
1050 741 1274 795 curabat
1314 748 1368 796 te
1397 756 1740 810 oppugnare;
1778 749 1832 795 at
1857 757 1980 796 cum

413 827 634 890 Christo
665 852 861 891 nomen
895 835 1115 899 dedisti,
1158 843 1320 904 atque
1350 835 1418 888 ab
1442 836 1598 888 hoste
1645 834 1877 905 fugiens,
1897 835 1981 888 «ad

417 925 706 981 Dominum
738 927 1065 989 aceurristi,
1095 933 1148 980 et
1195 941 1226 979 a
1271 927 1400 995 lupo
1446 926 1717 991 resiliens,
1753 926 1878 979 ovili
1922 941 1982 980 es

417 1021 777 1082 aggregatus;
829 1023 880 1067 te
931 1016 1086 1084 quasi
1143 1014 1419 1084 antiquam
1466 1014 1702 1084 praedam
1754 1014 1980 1080 invadit,

417 1103 602 1157 multis
633 1105 948 1174 excogitatis
979 1104 1139 1160 dolis.
1178 1104 1260 1157 Ad
1305 1105 1419 1158 haec
1471 1120 1570 1158 nos
1621 1111 1801 1160 castra
1853 1105 1984 1160 bea-

418 1199 508 1246 tus
535 1193 745 1263 inungit
771 1201 823 1248 et
856 1195 1040 1248 invitat
1083 1193 1306 1258 Paulus,
1329 1195 1596 1264 ducisque
1641 1197 1812 1251 instar
1841 1211 1980 1264 pra:-

415 1289 571 1350 cepta
603 1283 806 1336 tradit:
854 1302 872 1334 ι
905 1283 1023 1337 Νοη
1072 1293 1156 1340 est
1191 1286 1370 1350 nobis,
1410 1306 1428 1336 ι
1469 1287 1681 1356 inquit,
1736 1305 1754 1338 ι
1808 1288 1983 1341 collu-

415 1374 582 1428 Ctatio
628 1374 890 1430 adversus
924 1391 1143 1430 carnem
1175 1385 1229 1432 et
1261 1378 1610 1448 sanguinem:
1643 1379 1738 1435 sed
1795 1379 1984 1434 adver-

414 1477 510 1518 sus
538 1465 872 1534 principatus
893 1474 943 1520 et
962 1474 1275 1536 potestates,
1298 1468 1562 1524 adversus
1593 1470 1778 1524 mundi
1814 1479 1985 1526 recto-

414 1569 503 1609 res
548 1556 896 1610 tenebrarum
955 1558 1116 1628 hujus
1163 1560 1349 1614 szeculi
1382 1575 1395 1610 :
1431 1569 1623 1614 contra
1675 1562 1982 1630 spiritualia

413 1647 666 1716 nequitiae
701 1649 766 1702 ³³.
809 1667 827 1698 ι
857 1648 1031 1704 Viden
1056 1650 1293 1704 hostium
1327 1666 1537 1720 agmen,
1566 1651 1970 1723 ferventemque

414 1739 688 1808 pugnam?
724 1737 892 1808 Cujus
936 1756 1065 1810 ergo
1119 1742 1291 1811 gratia
1337 1719 1535 1796 bellum
1566 1745 1812 1813 geritur?
1840 1719 1971 1810 Qum
2009 1719 2051 1774 Β

414 1823 566 1878 lucra
599 1828 826 1897 pugnze?
865 1829 1006 1883 Idem
1039 1829 1156 1899 ipse
1195 1828 1300 1883 dux
1339 1831 1618 1901 subjungit
1651 1851 1664 1886 :
1710 1851 1729 1884 ι
1777 1833 1835 1887 In
1869 1849 1982 1889 caa-

415 1913 668 1975 lestibus.
693 1934 710 1966 ι
742 1915 794 1969 id
817 1925 918 1980 est,
938 1932 1036 1986 pro
1057 1917 1372 1974 coelestibus
1399 1921 1857 1988 possessionibus.
1875 1922 1979 1978 Pro

416 2003 823 2075 incorruptione
849 2015 1043 2072 armat,
1078 2024 1176 2080 pro
1205 2010 1645 2067 immutabilitate
1669 2022 1892 2083 pugnat,
1922 2024 1981 2070 ut

417 2109 540 2147 cum
574 2095 795 2150 Christo
830 2099 900 2152 sit
943 2099 1112 2154 aciem
1154 2099 1396 2155 instruit.
1428 2101 1520 2156 Ha;
1550 2101 1816 2172 siquidem
1851 2114 1981 2160 sunt

417 2189 671 2248 cmlestes
691 2191 1064 2260 possessiones
1097 2210 1109 2246 :
1146 2192 1246 2248 has
1271 2193 1361 2246 ille
1395 2192 1568 2261 abripi
1597 2202 1835 2263 exoptat.
1862 2193 1980 2250 Non

417 2279 550 2333 sinit
591 2288 644 2334 te
685 2279 888 2334 Paulus
917 2279 1121 2333 nudum
1148 2280 1442 2343 dimicare,
1470 2281 1691 2335 instruit
1720 2290 1772 2336 te
1801 2291 1979 2337 autem

417 2365 598 2422 Patris
633 2371 822 2424 armis.
858 2367 923 2422 Et
972 2369 1116 2430 vide,
1150 2385 1356 2438 quaeso,
1388 2385 1666 2424 armorum
1711 2371 1980 2440 ejusmodi

417 2456 597 2528 fulgur
613 2474 771 2528 quam
796 2458 865 2512 sit
898 2459 1138 2513 terribile
1169 2458 1533 2524 inimicis;ait
1558 2457 1702 2512 enim
1737 2478 1750 2512 :
1779 2479 1797 2511 ι
1834 2459 1983 2516 State

416 2563 546 2617 ergo
568 2550 833 2604 succincti
869 2550 1085 2605 lumbos
1125 2542 1341 2606 vestros
1367 2549 1422 2602 in
1442 2549 1693 2612 veritate,
1724 2559 1777 2606 et
1804 2550 1980 2606 induti

416 2640 640 2695 loricam
661 2642 907 2710 justitiae,
935 2649 989 2698 et
1015 2643 1241 2696 calceali
1282 2647 1445 2712 pedes
1489 2644 1547 2698 in
1586 2645 1983 2713 praparatione

417 2729 692 2802 Evangelii
726 2733 908 2802 pacis;
945 2749 1110 2802 super
1147 2735 1329 2788 omnia
1383 2743 1732 2790 assumentes
1763 2744 1980 2790 scutqu

418 2821 565 2888 ﬁdei,
601 2824 655 2876 in
685 2839 792 2893 quo
822 2825 1047 2894 possitis
1093 2828 1274 2881 omnia
1316 2828 1422 2882 tela
1470 2828 1793 2898 nequissimi
1827 2829 1981 2899 ignea

417 2916 802 2985 exstinguere:
852 2925 905 2972 et
951 2918 1157 2988 galeam
1205 2919 1397 2975 salutis
1455 2920 1715 2988 accipite;
1757 2928 1810 2973 et
1865 2920 1982 2990 gla-

417 3006 565 3061 dium
599 3007 854 3078 Spiritus,
890 3009 1033 3078 quod
1057 3017 1140 3065 est
1169 3009 1396 3065 verbum
1436 3010 1528 3066 Dei
1559 3012 1625 3066 ³ο.
1661 3031 1680 3064 ι
1709 3011 1983 3067 Adversus

416 3100 718 3156 invisibiles
742 3102 944 3166 hostes,
983 3102 1346 3157 invisibilibus
1371 3118 1472 3158 nos
1500 3104 1666 3158 armis
1700 3104 1976 3159 instruxit.

2087 467 2196 520 τῶν
2225 465 2403 518 ὅπλων
2429 465 2532 534 τῆς
2566 465 2803 526 πίστεως
2823 479 2836 492 ⁸
2865 461 2960 516 νῦν
2997 479 3078 514 σοι
3113 461 3345 531 μάλιστα
3373 461 3535 533 χρεία
3567 464 3667 533 τῆς

2087 553 2410 618 πανοπλίας.
2445 553 2559 606 Νῦν
2601 553 2710 624 γὰρ
2742 549 2882 605 κατὰ
2920 549 3012 604 σοῦ
3043 548 3202 604 πλέον
3235 549 3266 620 ἢ
3300 549 3393 604 τοῦ
3424 550 3668 620 πρόσθεν

2087 649 2389 721 ἐγρήγορεν
2421 648 2450 698 6
2500 645 2776 714 πολέμιος,
2813 643 2904 695 καὶ
2941 640 3282 711 ἐκραταιώθη
3325 643 3354 693 6
3399 642 3646 712 πόλεμος

2087 743 2230 803 Ἕως
2253 738 2592 810 αἰχμάλωτος
2636 732 2703 806 ἦς
2734 735 2826 788 καὶ
2863 734 3043 798 δοῦλος
3076 732 3170 785 τοῦ
3212 732 3405 805 ἐχθροῦ
3438 733 3580 802 (92),
3607 733 3661 787 τὶ

2085 835 2305 904 κρατεῖν
2333 832 2469 901 ἔχων
2521 831 2743 892 ἐκεῖνος,
2768 826 2860 879 τοῦ
2899 825 3150 896 πολεμεῖν
3181 825 3278 878 ούκ
3302 824 3626 895 ἐφρόντιζεν
3643 839 3660 854 '

2087 924 2271 995 ἐπειδὴ
2309 923 2366 976 δέ
2399 922 2535 993 πρὸς
2562 919 2794 989 Χριστὸν
2826 917 3178 987 μετετάχθης,
3210 918 3322 981 καὶ,
3353 917 3543 986 φυγὼν
3574 917 3668 969 τὸν

2088 1015 2303 1087 ἐχθρὸν,
2327 1013 2405 1084 τῷ
2424 1011 2673 1084 Δεσπότῃ
2702 1008 3094 1081 προσέδραμες,
3124 1009 3216 1062 καὶ
3251 1009 3415 1062 λύκον
3441 1010 3669 1080 ἀποπη-

2085 1107 2274 1176 δήσας,
2308 1101 2639 1171 συνετάχθης
2673 1103 2738 1171 τῇ
2770 1099 2994 1171 ποίμνῃ,
3028 1099 3103 1161 ὡς
3124 1098 3359 1152 παλαιάν
3389 1116 3448 1151 σε
3485 1099 3662 1169 θήραν

2089 1196 2426 1268 μετέρχεται,
2445 1192 2810 1262 πολυτρόπους
2822 1190 3274 1261 ἐκμηχανώμενος
3291 1191 3496 1254 δόλους.
3514 1191 3661 1262 Πρὸς

2084 1287 2287 1356 ταύτην
2335 1286 2482 1356 ἡμᾶς
2523 1283 2622 1354 τὴν
2669 1281 2971 1352 παράταξιν
3020 1283 3048 1334 ὁ
3105 1281 3369 1352 μακάριος
3417 1281 3660 1349 ἀλείφων

2084 1379 2316 1442 Παῦλος,
2337 1377 2631 1448 στρατηγεῖ
2652 1375 2743 1428 καὶ
2772 1371 3173 1445 προχειρίζεται
3197 1373 3657 1444 παραγγέλματα,

2090 1492 2108 1524 ι
2145 1473 2256 1526 Οὐκ
2297 1471 2443 1524 ἔστιν
2478 1473 2642 1540 ἡμῖν,
2701 1467 2902 1535 λέγων,
2951 1468 2985 1537 ἡ
3031 1466 3172 1536 πάλη
3211 1466 3348 1535 πρὸς
3377 1461 3520 1535 αἷμα
3562 1465 3660 1517 καὶ

2086 1561 2282 1632 σάρκα,
2302 1559 2434 1612 ἀλλὰ
2459 1556 2594 1628 πρὸς
2613 1555 2710 1618 τὰς
2734 1555 2926 1626 ἀρχὰς,
2949 1555 3084 1625 πρὸς
3107 1554 3203 1617 τὰς
3230 1554 3498 1618 ἐξουσίας,
3522 1552 3662 1624 πρὸς

2084 1651 2209 1714 τοὺς
2234 1648 2682 1720 κοσμοκράτορας
2720 1645 2812 1698 τοῦ
2849 1645 3069 1708 σκότους
3100 1645 3192 1698 τοῦ
3224 1645 3419 1707 αἰῶνος
3441 1644 3660 1706 τούτου,

2083 1741 2216 1813 πρὸς
2247 1741 2315 1794 τὰ
2343 1737 2686 1810 πνευματικά
2708 1737 2806 1807 τῆς
2830 1736 3091 1808 πονηρίας
3118 1736 3252 1808 (95).
3293 1755 3312 1787 ι
3349 1738 3512 1808 Ὁρᾷς
3541 1738 3661 1789 στῖν

2081 1849 2178 1900 φος
2205 1830 2496 1900 πολεμικὸν
2530 1831 2625 1883 καὶ
2663 1828 2888 1892 ζέουσαν
2920 1828 3132 1899 μάχην;
3178 1828 3347 1899 Ὑπέρ
3380 1829 3541 1881 τίνων
3564 1825 3661 1881 οὖν

2081 1919 2189 1994 ἆρα
2237 1923 2265 1974 6
2310 1922 2573 1992 πόλεμος;
2611 1922 2744 1974 Ποῖα
2770 1921 2871 1987 τῆς
2917 1921 3094 1990 μάχης
3139 1920 3205 1973 τά
3251 1921 3450 1992 κέρδη;
3487 1921 3664 1983 Αὐτὸς

2081 2012 2274 2079 ἐπάγει
2303 2013 2330 2064 6
2349 2010 2647 2082 στρατηγὸς
2675 2009 2874 2078 λέγων·
2904 2028 2923 2060 ι
2975 2010 3062 2062 Ἐν
3079 2011 3193 2070 τοῖς
3222 2007 3590 2078 ἐπουρανίοις,
3631 2026 3650 2058 ι

2080 2103 2379 2162 τουτέστιν,
2421 2100 2560 2169 ὑπὲρ
2600 2098 2709 2150 τῶν
2747 2097 3081 2168 ἐπουρανίων
3121 2096 3437 2166 κτημάτων.
3485 2095 3660 2166 ’Υπὲρ

2082 2195 2178 2264 τῆς
2209 2191 2516 2263 ἀφθαρσίας
2556 2191 2784 2256 ὁπλίζει,
2821 2192 2916 2245 καὶ
2946 2189 3086 2262 ὑπὲρ
3129 2188 3531 2260 ἀτρεπτότητος
3562 2205 3662 2240 πο-

2082 2284 2238 2354 λεμεῖ
2256 2301 2268 2314 °
2297 2284 2436 2354 ὑπὲρ
2461 2283 2555 2336 τοῦ
2586 2285 2822 2336 συνεῖναι
2846 2281 3065 2353 Χριστῷ
3084 2280 3441 2352 παρατάττει.
3470 2279 3661 2333 Ταῦτα

2083 2377 2191 2448 γὰρ
2230 2377 2527 2447 ἐπουράνια
2564 2377 2848 2446 κτήματα·
2887 2374 3058 2428 ταῦτα
3114 2377 3317 2438 ἐκεῖνος
3362 2373 3659 2442 ἀφελέσθαι

2086 2468 2333 2539 βούλεται
2378 2468 2513 2540 (94).
2566 2468 2678 2520 Οὐκ
2705 2467 2899 2538 ἀφίησί
2939 2483 2999 2519 σε
3040 2466 3378 2536 πολεμοῦντα
3417 2465 3657 2534 γυμνόν·

2085 2559 2398 2624 καθοπλίζει
2420 2560 2476 2612 δέ
2503 2562 2616 2622 τοῖς
2642 2559 2823 2622 ὅπλοις
2846 2557 2938 2611 τοῦ
2969 2557 3200 2628 Πατρός.
3233 2558 3340 2609 Καί
3371 2573 3462 2626 μοι
3495 2555 3659 2625 βλέπε

2083 2650 2192 2704 τῶν
2221 2649 2398 2702 ὅπλων
2421 2648 2518 2720 τὴν
2541 2648 2825 2720 ἀστραπὴν
2846 2646 3079 2718 φοϐερὰν
3100 2643 3262 2699 οὖσαν
3285 2647 3395 2708 τοῖς
3420 2645 3656 2715 ἐχθροῖς’

2085 2743 2218 2814 φησὶ
2265 2743 2374 2814 γὰρ
2419 2741 2616 2804 οὕτως’
2660 2760 2678 2792 ι
2711 2740 2882 2809 Στῆτε
2925 2736 3017 2793 οὖν
3072 2739 3509 2809 περιζωσάμενοι
3557 2736 3660 2800 τὰς

2085 2831 2293 2902 ὀσφύας
2342 2831 2495 2902 ὑμῶν
2529 2831 2586 2884 ἐν
2617 2829 2863 2902 ἀληθείᾳ,
2909 2830 3002 2884 καὶ
3035 2828 3382 2898 ἐνδυσάμενοι
3421 2827 3513 2880 τδν
3555 2825 3660 2880 θώ-

2090 2943 2232 2998 ρακα
2257 2926 2352 2996 τῆς
2378 2924 2740 2995 δικαιοσύνης,
2770 2924 2866 2978 καὶ
2903 2923 3304 2994 ὑποδησάμενοι
3339 2923 3466 2986 τοὺς
3491 2920 3660 2984 πόδας

2088 3019 2144 3070 ἐν
2172 3016 2458 3088 ἑτοιμασίᾳ
2485 3017 2576 3070 τοῦ
2603 3017 2932 3086 Εὐαγγελίου
2973 3016 3072 3085 τῆς
3105 3016 3354 3087 εἰρήνης·
3389 3014 3483 3068 ἐπὶ
3526 3016 3658 3066 πᾶσι

2083 3107 2292 3172 τούτοις
2339 3108 2696 3172 ἀναλαϐόντες
2726 3108 2816 3162 τὸν
2855 3107 3046 3179 θυρεὸν
3085 3107 3186 3177 τῆς
3223 3109 3478 3169 πίστεως,
3513 3108 3574 3158 ἐν
3613 3099 3660 3173 ᾧ

416 3186 706 3259 δυνήσεσθε
750 3190 925 3244 πάντα
975 3189 1043 3244 τὰ
1089 3190 1215 3262 βέλη
1265 3190 1353 3245 τοῦ
1399 3195 1634 3264 πονηροῦ
1687 3193 1756 3246 τά
1803 3197 2167 3265 πεπυρωμένα
2231 3198 2451 3252 σϐέσαι·
2487 3199 2582 3252 καὶ
2628 3199 2728 3270 τὴν
2765 3196 3190 3269 περικεφαλαίαν
3249 3196 3343 3249 τοῦ
3388 3195 3656 3265 σωτηρίου

418 3282 658 3350 δέξασθε,
689 3286 782 3338 καὶ
812 3285 910 3356 τὴν
947 3286 1218 3358 μάχαιραν
1264 3284 1357 3340 τοῦ
1391 3287 1722 3358 Πνεύματος,
1747 3289 1774 3341 ὅ
1801 3289 1915 3341 ἐστι
1955 3290 2106 3361 ῥῆμα
2136 3291 2292 3348 Θεοῦ.
2329 3311 2348 3345 ι
2385 3292 2526 3365 Πρὸς
2563 3293 2826 3364 άοράτους
2858 3293 3088 3364 ἐχθροὺς
3107 3290 3216 3363 (95)
3255 3291 3508 3363 ἀοράτοις
3539 3289 3660 3342 €16-

425 3396 632 3451 σμησεν
659 3381 860 3446 ὅπλοις.

490 3474 543 3530 6.
591 3471 740 3530 Talis
790 3474 1009 3544 quidem
1039 3484 1122 3530 est
1151 3491 1425 3532 armorum
1455 3479 1555 3532 vis.
1603 3477 1756 3543 Quod
1803 3485 1984 3536 autem

420 3579 545 3618 cum
566 3578 630 3618 eo
653 3565 723 3618 sit
743 3563 1136 3632 dimicandum,
1153 3566 1369 3621 etiamsi
1392 3564 1444 3619 id
1464 3566 1687 3621 minime
1709 3575 1983 3637 appareat,

421 3653 526 3708 hac
570 3663 624 3708 tu
665 3656 874 3711 ratione
915 3657 1182 3727 perspice.
1216 3655 1351 3710 Nam
1385 3657 1560 3726 ipsum
1594 3665 1800 3712 tentare
1828 3657 1986 3712 Chri-

420 3753 565 3802 stum
588 3741 839 3803 diabolus
865 3763 973 3802 non
998 3748 1289 3815 dubitavit;
1319 3749 1412 3804 sed
1437 3757 1677 3804 extrema
1702 3750 1987 3819 impuden-

421 3834 496 3888 tia
527 3835 702 3904 ipsum
743 3835 966 3892 adortus
1003 3845 1086 3891 est
1115 3837 1420 3891 Dominum.
1456 3837 1557 3904 Qui
1591 3853 1688 3894 sua
1718 3848 1905 3893 contra
1937 3847 1987 3893 te

420 3924 702 3978 molimina
745 3922 1098 3981 i'ntermillet?
1143 3926 1290 3980 Vidit
1333 3927 1608 3983 Christum
1655 3928 1982 3998 baptizatum

421 4013 503 4088 (tu
543 4032 694 4082 vero,
739 4032 772 4071 ο
812 4032 1004 4073 recens
1043 4018 1364 4080 illuminate,
1411 4019 1640 4074 observa
1669 4020 1809 4072 hanc
1849 4027 1983 4073 tem-

419 4110 570 4180 poris
599 4109 988 4224 oecasiofc‘m),
1021 4117 1242 4179 tumque
1277 4111 1588 4166 tentandum
1611 4111 1760 4163 illum
1791 4125 1982 4180 aggre-

425 4201 567 4224 Jh---
604 4201 742 4224 lT:.l:.
775 4203 822 4224 Ξ..
853 4199 1064 4224 ΔΑ--....,.
1110 4201 1421 4224 --.-..ε-..ι,.---
1481 4201 1780 4224 r.---............
1811 4209 1864 4224 --ο
1897 4201 1945 4224 ζ...

419 4201 748 4257 dilur.Vidit
775 4199 1068 4256 in'deserto
1097 4201 1444 4263 esurientem.
1480 4201 1783 4268 famemque
1811 4209 1868 4253 ut
1895 4201 1982 4254 in-

421 4301 780 4348 strumentum
796 4293 858 4345 ad
876 4291 1227 4345 teutatiouem
1246 4291 1475 4360 accepit,
1491 4307 1664 4360 neque
1690 4291 1856 4359 ipsam
1874 4291 1983 4346 cibi

421 4384 800 4438 necessitatem
826 4383 1038 4437 insidiis
1070 4384 1294 4438 liberam
1319 4383 1572 4451 reliquit;
1601 4383 1695 4437 sed
1719 4383 1981 4440 accedens

421 4475 508 4531 his
548 4476 730 4530 verbis
770 4483 940 4530 tentat
971 4477 1119 4529 illum
1159 4494 1173 4530 :
1218 4494 1236 4527 ι
1277 4475 1332 4528 Si
1361 4474 1533 4529 Filius
1565 4475 1658 4530 Dei
1689 4491 1768 4540 es,
1808 4475 1895 4530 die
1924 4483 1983 4530 ut

421 4569 629 4640 lapides
650 4569 736 4624 isti
761 4583 927 4636 panes
953 4567 1080 4620 [iant
1101 4567 1167 4621 ³¹.
1195 4586 1213 4618 ›
1238 4564 1469 4620 Tantum
1491 4582 1597 4620 non
1621 4567 1695 4621 ita
1717 4567 1942 4635 loquens
1965 4587 1978 4622 :

423 4661 666 4732 Superbe
690 4661 804 4731 agis
828 4661 972 4730 quod
998 4659 1168 4714 Filius
1194 4659 1287 4714 Dei
1311 4660 1542 4722 voceris,
1566 4660 1786 4714 nomine
1809 4661 1985 4714 hallu-

421 4756 638 4810 cinatus
671 4769 751 4808 es.
788 4751 941 4806 Nuda
984 4767 1260 4821 vacuaque
1307 4752 1668 4821 appellatione
1710 4751 1982 4820 gloriaris.

420 4846 764 4902 Esurieutem
787 4844 966 4908 video,
991 4852 1044 4898 et
1061 4842 1257 4898 Filium
1285 4842 1377 4898 Dei
1404 4841 1720 4912 appellabo?
1743 4841 1834 4896 Illa
1861 4857 1986 4912 pas-

421 4937 575 4990 sione
606 4935 780 4989 honor
806 4935 1117 5005 illegitimus
1147 4935 1348 4989 evadit.
1378 4932 1640 4988 Miraculo
1670 4933 1986 4989 necessitati

420 5027 645 5099 provide
683 5037 785 5082 tuae
820 5045 832 5082 :
870 5026 1083 5098 jubenti
1129 5025 1339 5096 lapides
1371 5025 1762 5095 obsequantur,
1803 5031 1858 5080 et
1887 5039 1987 5079 no-

490 5187 536 5219 '9
574 5183 774 5254 Ephes.
808 5198 884 5248 v1,
927 5182 1014 5237 12.
1090 5182 1134 5251 ἕο
1174 5180 1306 5237 ibid.
1341 5180 1525 5235 14-17.
1601 5180 1644 5212 ³¹
1683 5179 1874 5233 Matth.
1911 5194 1984 5243 IV,
2019 5177 2072 5232 5.

493 5297 602 5368 (91)
645 5297 735 5368 Sic
758 5312 948 5368 omnes
969 5313 1101 5352 mss.
1128 5296 1273 5351 Editi
1305 5305 1509 5368 autem,
1532 5295 1853 5351 ἁποτίθεσθε
1883 5294 1981 5366 τὴν

420 5363 716 5440 ἐσθῇτα,ὧ
745 5367 839 5421 τοῦ
873 5367 1106 5440 Χριστοῦ
1133 5366 1456 5439 στρατιῶτα.

515 5439 605 5493 92)
645 5439 720 5490 Ita
756 5439 946 5493 omnes
976 5454 1110 5491 mss.

515 5439 584 5491 92
645 5439 720 5490 Ita
756 5437 946 5493 omnes
976 5454 1110 5491 mss.
1202 5437 1210 5439 ’

493 5437 701 5588 (θείω
722 5507 885 5563 editis
918 5508 1179 5578 adjicitur
1215 5506 1328 5574 hic,
1368 5510 1428 5563 ἐν
1473 5508 1586 5571 τοῖς
1625 5505 1984 5577 ἐπουρανίοις,

425 5592 583 5634 secus
613 5593 666 5629 In
696 5591 830 5632 mss.

498 5646 608 5717 (94)
647 5644 725 5700 Ita
763 5662 954 5703 omnes
984 5663 1097 5705 mss
1155 5649 1296 5706 Editi
1332 5663 1482 5713 vero,
1523 5645 1901 5718 συμὸούλεται.

2157 3475 2212 3531 6.
2242 3477 2478 3546 Τοιαύτη
2517 3477 2616 3546 μὲν
2638 3477 2672 3547 ἡ
2707 3474 2814 3528 τῶν
2843 3474 3023 3528 ὃπλων
3042 3474 3194 3546 ἰσχύς
3217 3491 3230 3504 ·
3261 3473 3342 3526 ὅτι
3378 3473 3436 3527 δὲ
3463 3474 3534 3527 τά
3560 3476 3660 3546 τῆς

2084 3568 2457 3639 παρατάξεως,
2494 3567 2596 3620 κᾶν
2641 3567 2713 3638 μὴ
2755 3567 3027 3638 φαίνηται,
3078 3567 3324 3635 γίνεται,
3384 3567 3659 3638 σκόπησον

2084 3658 2272 3722 οὕτως.
2310 3660 2372 3711 Εἰ
2397 3657 2504 3728 γὰρ
2525 3657 2617 3710 τὸν
2651 3656 2882 3728 Χριστὸν
2919 3656 3198 3727 πειράζειν
3225 3657 3326 3710 ούκ
3353 3655 3598 3727 ὤκνησεν
3631 3660 3660 3710 6

2083 3749 2342 3814 διάϐολος,
2369 3749 2483 3802 ἀλλ’
2522 3749 2902 3818 ἀναισχυντίας
2933 3746 3205 3819 ὑπερϐολῇ
3253 3748 3348 3800 καὶ
3393 3748 3538 3800 κατὰ
3564 3747 3657 3800 τοῦ

2085 3842 2349 3894 Δεσπότου
2368 3839 2686 3911 τετόλμηκε·
2707 3839 2822 3903 πῶς
2838 3839 2946 3892 τῶν
2970 3840 3110 3893 κατὰ
3139 3838 3231 3892 σοῦ
3252 3841 3660 3910 μηχανημάτων

2086 3931 2356 4001 παύσηται
2375 3931 2485 4002 (96)
2513 3948 2526 3996 ;
2555 3927 2674 3982 Εἶδε
2701 3930 2792 3983 τὸν
2824 3931 3055 4001 Χριστὸν
3085 3928 3451 3999 βαπτισθέντα
3489 3930 3578 3998 (σὺ
3603 3929 3661 3982 δέ

2089 4022 2382 4075 σκόπειτὸν
2407 4023 2616 4094 καιρὸν,
2638 4016 2682 4075 ὧ
2713 4020 3090 4091 νεοφὼτιστε),
3129 4021 3222 4073 καὶ
3270 4020 3392 4073 τότε
3422 4020 3560 4092 πρὸς
3597 4021 3659 4073 τὺ

2087 4113 2366 4185 πειράζειν
2411 4112 2640 4183 ἠγέρθη.
2671 4109 2823 4166 Εἷδεν
2871 4115 2929 4166 ἐν
2985 4115 3050 4183 τῇ
3078 4113 3268 4182 ἐρήμῳ
3305 4111 3656 4173 πεινάσαντα,

2087 4203 2180 4257 καὶ
2212 4203 2468 4276 συνεργὸν
2485 4204 2583 4272 τῆς
2615 4202 2808 4271 πείρας
2834 4202 2932 4272 τὴν
2962 4204 3149 4254 πεῖναν
3188 4200 3511 4270 ἐλάμϐανεν,
3538 4199 3658 4252 οὐδὲ

2089 4295 2255 4365 αὐτῆς
2277 4296 2372 4365 τῆς
2399 4295 2603 4366 τροφῆς
2627 4293 2724 4364 τὴν
2736 4293 2923 4365 χρείαν
2947 4291 3347 4362 μηχανημάτων
3366 4290 3659 4361 ἐλευθέραν

2086 4387 2261 4456 ἀφείς,
2307 4385 2446 4439 ἀλλὰ
2478 4383 2787 4456 προσελθὼν
2816 4383 3075 4453 ἐνεχείρει
3111 4381 3389 4452 πειράζειν
3435 4382 3533 4434 καὶ
3575 4381 3659 4434 λέ-

2085 4491 2200 4542 γειν
2222 4474 2365 4546 (97)·
2404 4493 2422 4526 ι
2447 4475 2509 4526 Εἰ
2538 4473 2666 4536 Υἱὸς
2715 4470 2764 4525 εἷ
2805 4471 2897 4525 τοῦ
2928 4470 3084 4535 Θεοῦ,
3134 4471 3256 4524 εἱπέ
3294 4471 3380 4523 ἴνα
3431 4473 3481 4524 οἱ
3523 4473 3658 4525 λίθοι

2086 4560 2230 4620 οὗτοι
2257 4567 2407 4636 ἄρτοι
2433 4565 2715 4634 γένωνται.
2755 4584 2772 4616 ι
2799 4564 3096 4634 Μονονουχὶ
3126 4561 3283 4615 τοῦτο
3301 4563 3498 4631 λέγων·
3533 4564 3660 4627 Υἱὸς

2088 4657 2221 4710 Θεοῦ
2275 4657 2588 4728 σοϐαρεύεις
2641 4654 3000 4726 καλούμενος’,
3066 4653 3355 4724 ἠπατήθης
3411 4653 3655 4723 ὀνόματι.

2089 4749 2436 4820 Προσηγορία
2475 4751 2656 4820 γυμνῇ
2701 4748 3023 4818 πράγματος
3075 4745 3332 4816 σεμνύνῃ.
3380 4745 3656 4798 Πεινῶντα

2091 4840 2292 4911 βλέπω,
2324 4841 2416 4893 καὶ
2447 4840 2574 4894 Υίὸν
2602 4837 2736 4892 Θεοῦ
2782 4837 3068 4908 ὀνομάσω;
3123 4836 3185 4888 Ἢ
3217 4835 3351 4906 τιμὴ
3400 4834 3478 4904 τῷ
3500 4834 3656 4887 πάθει

2089 4929 2380 4986 νοθεύεται.
2442 4931 2787 5003 Θεράπευσον
2842 4927 2940 4998 τὴν
3017 4925 3206 4998 χρείαν
3264 4925 3342 4996 τῷ
3389 4923 3652 4996 θαύματι⁸

2090 5022 2470 5077 ὑπακούσωσιν
2497 5025 2545 5076 οί
2571 5020 2709 5076 λίθοι
2742 5019 3150 5092 προστάττοντι,
3179 5016 3275 5074 καὶ
3298 5015 3650 5085 πιστεύσωτῇ

2158 5293 2268 5362 (95)
2306 5293 2457 5357 Mss.,
2485 5291 2745 5362 ἀοράτους
2777 5287 3082 5362 πολεμίους.

2161 5351 2270 5435 (96)
2311 5351 2463 5436 Mss,
2497 5351 2627 5417 πότε
2655 5351 2764 5414 τῶν
2796 5351 2936 5415 κατὰ
2968 5351 3060 5412 σοῦ
3098 5352 3504 5428 μηχανημάτων
3556 5351 3654 5419 ὰφ-

2091 5435 2289 5502 έξεται.

2169 5505 2281 5574 (97)
2321 5503 2396 5558 Ita
2425 5519 2557 5560 mss.
2598 5504 2660 5558 In
2697 5500 2830 5563 edit.
2866 5499 3004 5565 haec,
3033 5496 3316 5571 πειράζειν
3331 5495 3426 5550 καὶ
3451 5491 3647 5560 λέγειν,

2096 5576 2312 5633 desunt.
