3860 6204
217 295 358 352 1089

1266 288 1500 347 SERMO
1533 286 1603 342 IN
1643 285 1966 344 SANCTUM
2001 285 2292 342 PASCHA.

3315 289 3456 350 1090

214 411 424 483 κλήσει·
448 407 763 463 αἰδεσθῶσιν
787 407 982 462 ἐκεῖνοι
997 406 1058 460 τὸ
1079 407 1372 479 ἐπίταγμα,
1390 408 1484 461 καὶ
1510 402 1776 474 συντρέχω

1887 401 2020 454 mini
2063 400 2222 456 ﬁdem
2266 401 2474 456 habebo
2505 420 2519 456 :
2552 411 2906 458 revereantur
2937 404 3012 458 illi
3042 405 3368 476 jussionem,
3401 417 3458 462 et

212 498 296 574 τῷ
329 499 596 571 θαύματιο
628 499 850 570 δέξομαι
883 499 980 570 τὴν
1014 499 1218 570 φωνὴν,
1257 499 1352 553 καὶ
1377 495 1692 568 συντίθεμαι
1713 497 1782 566 τῇ

211 597 370 666 τιμῇ.
427 592 588 646 Ἀλλά
618 593 915 663 Γραφικοῖς
971 589 1246 654 ὲτοξεύετο
1288 591 1522 662 ῥήμασιν
1554 601 1569 616 ⁸
1618 605 1638 639 ι
1670 587 1784 640 Ούκ

214 686 303 739 ἐπ’
330 684 478 757 ἄρτῳ
511 683 654 755 μόνῳ
675 683 896 754 ζήσεται
922 682 1016 736 ἄνθ
1027 699 1224 752 ρωπος,
1250 681 1363 734 ἀλλ’
1392 680 1484 734 ἐπὶ
1511 678 1671 733 παντὶ
1689 679 1786 750 ρή-

218 793 350 848 ματι
400 775 812 847 ἐκπορευομένῳ
839 774 926 828 διὰ
955 776 1219 844 στόματος
1244 773 1377 828 Θεοῦ
1407 773 1541 844 (98).
1577 791 1595 822 ›
1639 769 1783 822 Ἀλλ’

213 868 520 938 αἰσχυνθεὶς
550 870 615 939 τῇ
651 867 891 940 προτέρᾳ
941 867 1106 938 πάλῃ,
1160 867 1252 919 καὶ
1283 864 1540 935 δευτέραν
1587 865 1782 934 πεῖραν

212 960 582 1031 προσήγαγεν
611 977 630 1010 ι
670 959 850 1028 Ῥίψον
873 979 892 1011 ›
918 959 1080 1030 φησὶν
1115 976 1133 1008 ι
1157 958 1345 1011 ἑαυτὸν
1369 957 1572 1011 ἄνωθεν
1599 957 1748 1010 κάτω
1766 973 1779 985 ·

213 1049 519 1124 γέγραπται
543 1051 650 1120 γὰρ
670 1050 802 1120 (99),
832 1052 912 1104 ὅτι
939 1052 1064 1114 Τοῖς
1083 1050 1331 1120 ἀγγέλοις
1359 1047 1523 1102 αὑτοῦ
1555 1047 1783 1100 ἐντελεῖ-

208 1159 303 1198 ται
336 1144 464 1213 περὶ
493 1143 606 1207 σοῦ,
631 1143 724 1196 τοῦ
752 1143 1070 1213 διαφυλάξαι
1104 1160 1162 1195 σε
1195 1145 1252 1197 ὲν
1280 1142 1480 1205 πάσαις
1503 1142 1624 1204 ταῖς
1649 1139 1786 1201 ὁδοῖς

213 1252 329 1289 σου.
380 1254 399 1286 ›
444 1235 580 1287 Ἀλλ’
607 1236 804 1306 ἤκουσε
852 1236 1030 1289 πάλιν
1067 1254 1085 1287 ι
1120 1235 1235 1289 Οὐκ
1275 1233 1620 1305 ἐκπειράσεις
1670 1231 1784 1285 Κύ-

215 1341 331 1396 ριον
353 1324 444 1376 τὸν
459 1323 587 1378 Θεόν
618 1342 731 1378 σου.
771 1345 789 1377 ›
824 1326 933 1378 Καὶ
949 1325 1049 1377 οὐκ
1077 1323 1343 1394 ὲνάρκησε
1385 1321 1610 1391 δευτέρα
1637 1319 1784 1372 πτώ-

211 1432 318 1478 σει,
345 1415 457 1467 me
487 1415 682 1483 ἐπάγει
707 1416 801 1468 καὶ
828 1414 1014 1486 τρίτην
1041 1413 1285 1486 μηχανὴν
1311 1404 1606 1484 προσδοκίᾳ
1628 1411 1786 1481 νίκης

208 1506 348 1577 πρὸς
371 1507 575 1560 πτῶσιν
621 1507 1026 1577 δελεαζόμενος·
1083 1524 1102 1557 ι
1139 1505 1320 1558 Ταῦτα
1353 1505 1460 1577 γάρ
1486 1521 1576 1557 -σοι
1608 1503 1784 1556 πάντα

208 1597 399 1662 δώσω,
431 1600 613 1668 φησὶν,
654 1599 746 1653 ὲάν
777 1599 956 1653 πεσὼν
989 1600 1369 1670 προσκυνήσῃς
1406 1615 1515 1668 μοι.
1564 1613 1583 1646 )
1620 1594 1784 1664 Ὁρᾷς

214 1691 619 1762 μηχανημάτων
637 1691 970 1761 γοργότητα;
995 1691 1156 1762 Ὁρᾷς
1172 1691 1384 1760 ἀπάτης
1404 1707 1478 1742 πα
1488 1687 1780 1758 ρασκευήν;

283 1801 334 1856 7.
371 1802 530 1856 ’Δλλά
579 1806 728 1874 τρεῖς
758 1803 856 1874 μὲν
905 1803 1048 1867 ἰδέας
1092 1802 1220 1866 ἴσως
1280 1801 1600 1872 πειρασμῶν
1643 1795 1778 1852 εἶναι

207 1897 516 1967 νενόμικας,
549 1896 627 1966 τῷ
651 1895 742 1948 τοῦ
775 1895 1008 1966 ἀριθμοῦ
1043 1895 1302 1965 ἑπόμενος
1331 1895 1598 1963 σχήματιο
1633 1892 1780 1946 ἅπαν

205 1989 265 2043 δὲ
289 1989 602 2059 πειρασμῶν
627 1983 764 2052 εἶδος
780 1988 886 2058 ἀρα
919 1989 977 2040 ὲν
996 1989 1109 2050 τοῖς
1142 1986 1288 2057 τρισὶ
1312 1984 1619 2056 περιέξεται
1651 1999 1665 2014 ·
1718 1982 1779 2035 οὐ
1823 2059 1828 2063 ι

205 2079 317 2151 γὰρ
348 2079 412 2133 ἂν
442 2079 716 2134 ἐπαύσατο
735 2079 1028 2150 πειράζων,
1047 2079 1096 2130 εἰ
1128 2077 1201 2149 μὴ
1231 2079 1411 2130 πᾶσαν
1464 2075 1627 2129 αὑτοῦ
1681 2075 1778 2146 τὴν

207 2171 484 2244 φαρέτραν
509 2171 616 2225 τῶν
654 2171 820 2241 βελῶν
870 2170 1168 2235 ἐξεκένωσε
1194 2169 1288 2241 (1).
1318 2169 1504 2232 Πάσας
1540 2169 1648 2240 γὰρ
1678 2167 1778 2232 τὰς

207 2261 270 2326 ὲξ
287 2261 478 2332 ήδονῆς
516 2261 759 2333 μηχανὰς
787 2261 874 2314 διὰ
904 2263 1002 2330 τῆς
1035 2261 1163 2330 περὶ
1193 2259 1290 2330 τὴν
1343 2260 1541 2330 βρῶσιν
1591 2258 1779 2310 ὲπιθυ-

209 2355 339 2427 μίας
375 2355 712 2426 προσήγαγε,
748 2355 846 2424 μιᾷ
863 2352 1134 2424 προσϐολῃ
1148 2351 1245 2422 τὴν
1269 2350 1374 2403 τῶν
1399 2349 1628 2420 ὀρέξεων
1652 2351 1794 2436 ἀνα-ἱ

205 2452 431 2518 κινήσας
461 2445 792 2514 συγγένειαν.
845 2443 1026 2497 Εἰπὼν
1069 2444 1146 2509 δὲ,
1192 2462 1211 2495 ι
1253 2444 1436 2512 Ῥίψον
1467 2443 1710 2504 σεαυτὸν,
1753 2461 1790 2521 »Ι

205 2538 305 2601 τὰς
355 2540 421 2591 ὲκ
479 2537 838 2610 μεγαλαυχίας
882 2537 957 2608 (2)
1017 2535 1269 2607 μεθόδους
1312 2535 1546 2604 ἐκίνησε.
1593 2535 1666 2586 Τὸ
1698 2534 1775 2600 δὲ,

211 2647 231 2679 σ
261 2627 444 2682 Ταῦτα
477 2629 650 2681 πάντα
691 2644 772 2680 σοι
799 2627 974 2690 δωσω,
1011 2644 1029 2676 ι
1058 2625 1156 2695 τὴν
1194 2622 1583 2694 χαλεπωτάτην
1625 2621 1813 2706 ρίζανδι

205 2718 314 2771 τῶν
381 2716 820 2789 ἁμαρτημάτων,
866 2713 964 2785 τὴν
1020 2711 1398 2784 φιλαργυρίαν,
1462 2710 1770 2778 εἰσήγαγεν.

207 2807 388 2860 Ἀπαν
415 2806 522 2878 γὰρ
549 2802 682 2868 εἶδος
707 2802 1116 2875 ἁμαρτημάτων
1148 2803 1212 2854 ὲκ
1243 2802 1370 2870 μιᾶς
1415 2797 1617 2868 ταύτης
1645 2795 1775 2864 φύε-

205 2915 294 2951 ται
323 2895 496 2968 ῥίζης.
522 2897 630 2950 Καὶ
657 2896 801 2966 παρά
831 2893 1136 2964 ἀνθρώποις
1169 2892 1413 2963 ἁμαρτία
1455 2889 1639 2960 χώραν
1673 2889 1772 2942 οὐκ

205 2990 341 3059 ἔχει,
375 2991 454 3062 μὴ
475 2989 562 3042 διά
601 2987 804 3042 τούτων
840 2986 1116 3040 ὁδεύουσα.
1143 2987 1213 3039 Ἦ
1244 2985 1354 3056 γὰρ
1380 2983 1444 3036 δι’
1471 2981 1663 3056 ἡδονῆς
1693 2998 1774 3034 τι-

1882 492 2150 546 miraculo
2195 492 2572 558 consentiam,
2619 507 2808 548 vocem
2853 494 3000 548 illam
3047 495 3366 561 admittam,
3402 506 3458 553 et

1882 587 2144 642 honorem
2194 587 2506 657 approbabo
2538 605 2553 643 :
2582 587 2675 642 sed
2719 589 2882 643 etiam
2917 605 2984 643 ex
3034 587 3317 660 Scriptura
3362 591 3459 646 de-

1885 679 2150 752 promptis
2199 681 2560 750 impetebatur
2595 680 2794 735 verbis.
2839 698 2858 732 ‹
2908 679 3026 734 Non
3065 682 3119 735 in
3157 683 3274 736 solo
3319 697 3458 752 pane

1882 772 2028 826 vivet
2056 771 2236 831 homo,
2265 771 2359 826 sed
2384 772 2439 824 in
2463 771 2611 825 omni
2637 772 2804 827 verbo
2830 774 2972 843 quod
3003 775 3247 842 procedit
3271 776 3339 828 de
3362 791 3458 830 ore

1883 861 1981 916 Dei
2013 862 2077 913 ³².
2121 881 2139 912 ι
2177 859 2378 916 Verum
2411 862 2590 930 priore
2624 861 2716 915 illa
2746 877 2924 932 pugna
2955 863 3162 932 pudore
3206 864 3453 928 all‘ectus,

1886 953 2124 1007 secunda
2145 954 2447 1008 tentatione
2469 954 2814 1022 aggreditur;
2841 975 2858 1005 ‹
2886 955 3033 1009 Mitte
3053 963 3104 1010 te
3124 955 3402 1019 deorsum,
3430 976 3450 1007 ι

1885 1044 2082 1114 inquit,
2114 1063 2132 1095 ι
2165 1046 2428 1114 scriptum
2458 1053 2542 1098 est
2570 1047 2713 1099 enim
2745 1045 3002 1114 :Angelis
3032 1049 3149 1101 suis
3180 1049 3457 1102 mandavit

1884 1137 1953 1191 de
1995 1144 2067 1200 te,
2103 1145 2161 1190 ut
2190 1136 2502 1192 custodiant
2533 1144 2587 1191 te
2637 1137 2690 1190 in
2733 1139 2987 1194 omnibus
3030 1141 3132 1194 viis
3174 1142 3286 1195 tuis
3325 1140 3390 1195 ³³.
3431 1160 3450 1192 ι

1888 1227 1993 1282 Sed
2017 1229 2222 1282 audivit
2256 1229 2449 1282 iterum
2479 1246 2492 1282 :
2523 1246 2540 1278 ι
2575 1227 2691 1281 Non
2721 1230 2956 1285 tentabis
2975 1229 3259 1284 Dominum
3287 1231 3453 1286 Deum

1886 1328 2041 1373 tuum
2079 1320 2145 1374 “.
2188 1339 2206 1372 ι
2245 1319 2356 1374 Nec
2401 1321 2643 1374 secundo
2683 1321 2786 1376 hoc
2819 1322 2974 1390 lapsu
3018 1324 3324 1393 obtorpuit,
3360 1323 3454 1378 sed

1887 1426 1983 1481 spe
2007 1411 2251 1465 victorim
2281 1413 2494 1465 tertiam
2528 1412 2736 1466 inducit
2769 1414 3098 1479 machinam,
3123 1431 3228 1484 qua
3277 1417 3330 1468 in
3376 1417 3456 1468 la-

1887 1508 2044 1572 psum
2075 1503 2333 1572 pelliciat.
2375 1521 2393 1553 ε
2415 1502 2540 1558 Haec
2579 1505 2782 1568 omnia,
2812 1525 2830 1556 ι
2867 1507 3065 1574 inquit,
3109 1525 3126 1558 ι
3157 1507 3254 1560 tibi
3288 1508 3452 1572 dabo,

1886 1595 1932 1649 si
1963 1594 2164 1649 cadens
2198 1596 2512 1650 adoraveris
2545 1612 2627 1650 me
2659 1597 2724 1651 ³⁵.
2764 1616 2783 1648 ι
2824 1596 3014 1652 Viden’
3045 1600 3456 1655 machinamen-

1885 1691 2066 1740 torum
2097 1687 2245 1740 vim?
2273 1685 2463 1741 Viden’
2495 1687 2748 1742 fraudum
2787 1690 3146 1758 apparatum?

1954 1797 2004 1852 7.
2041 1798 2237 1854 Verum
2271 1799 2504 1854 fortasse
2531 1809 2783 1855 autumas
2818 1801 2920 1855 tria
2948 1803 3122 1855 solum
3167 1817 3289 1858 esse
3333 1810 3453 1858 ten-

1882 1889 2150 1942 tationum
2202 1905 2420 1960 genera,
2464 1893 2626 1959 hujus
2677 1892 2885 1945 numeri
2927 1894 3159 1961 speciem
3207 1904 3449 1950 secutus.

1880 1980 1994 2035 Imo
2019 1996 2177 2036 omne
2195 1985 2549 2037 tentationum
2566 1999 2735 2054 genus
2752 1985 2928 2038 tribus
2949 1986 3098 2039 hisce
3119 1989 3449 2054 continetur;

1831 2092 1835 2096 ·
1882 2090 2058 2143 neque
2101 2075 2244 2130 enim
2277 2075 2441 2146 398
2485 2077 2642 2132 tinem
2675 2078 2918 2133 tentandi
2955 2078 3195 2144 fecsse’t,
3227 2079 3330 2133 nisi
3363 2095 3453 2134 sa-

1830 2214 1835 2218 .
1884 2167 2035 2236 gittis
2063 2175 2231 2221 totam
2260 2177 2580 2223 evacuasset
2603 2171 2930 2239 pharetram.
2955 2167 3146 2223 Omnia
3180 2171 3450 2238 siquidem

1885 2258 2178 2326 voluptatis
2217 2260 2650 2315 machinamenta
2683 2278 2776 2331 per
2808 2263 2912 2317 cibi
2947 2264 3448 2332 concupiscentiam

1885 2349 2112 2415 obtulit,
2172 2365 2388 2420 unoque
2427 2351 2664 2420 impetu,
2715 2353 3045 2420 appetituum
3082 2366 3241 2405 omne
3279 2367 3449 2421 genus

1883 2442 2194 2496 concitavit.
2222 2442 2357 2496 Cum
2385 2442 2520 2495 dixit
2551 2452 2753 2505 autem,
2783 2460 2804 2494 ι
2844 2443 2996 2496 Mitte
3023 2452 3074 2497 te
3102 2443 3382 2506 deorsum,
3421 2461 3444 2496 ι

1879 2549 2069 2590 omnes
2087 2536 2413 2603 arrogantiae
2429 2536 2584 2589 dolos
2603 2536 2858 2590 admovit.
2881 2535 3014 2589 Illud
3033 2552 3162 2590 vero
3183 2537 3442 2607 loquens:

1887 2645 1906 2678 ‹
1937 2626 2062 2681 Haec
2083 2627 2264 2680 omnia
2287 2628 2382 2682 tibi
2404 2629 2564 2695 dabo;
2596 2647 2613 2679 ›
2638 2631 2926 2699 pessimam
2950 2637 3296 2698 peccatorum
3321 2643 3448 2699 pro-

1883 2720 2066 2789 posuit
2097 2719 2370 2784 radicem,
2403 2721 2704 2776 avaritiam.
2737 2721 2813 2775 Ex
2843 2721 2944 2774 hac
2973 2725 3170 2790 quippe
3209 2737 3314 2775 una
3357 2737 3447 2776 ra-

1884 2811 2004 2865 dice
2044 2819 2390 2880 peccatorum
2429 2826 2592 2866 omue
2629 2827 2801 2882 genus
2844 2821 3081 2866 emanat.
3121 2812 3447 2884 Nullumque

1883 2902 2024 2972 apud
2051 2902 2296 2958 homines
2323 2912 2600 2972 peccatum
2633 2905 2791 2958 habet
2821 2904 3019 2969 locum,
3041 2921 3161 2975 qua:
3184 2921 3289 2959 non
3321 2906 3446 2962 inde

1883 2995 2139 3066 procedat
2171 3015 2184 3050 :
2223 3004 2316 3050 aut
2348 2997 2490 3051 enim
2526 2997 2803 3067 voluptate
2845 3001 3110 3064 vulnerat,
3144 3001 3223 3054 vel
3260 3001 3446 3070 glorias

203 3081 460 3154 τρὼσκει,
493 3081 629 3152 ἣδιά
661 3081 816 3152 δόξης
840 3077 1116 3149 τοξεύει,ἣ
1145 3077 1437 3148 χρημάτων
1460 3075 1621 3144 ἔρωτι
1642 3073 1776 3144 πρὸς

1884 3087 2174 3156 cupiditate
2210 3087 2360 3150 ferit,
2399 3094 2492 3140 aut
2523 3088 2873 3158 pecuniarum
2910 3106 3094 3145 amore
3137 3091 3202 3145 ad
3237 3095 3444 3146 scelera

205 3171 582 3242 πλημμέλειαν
608 3170 775 3223 ἕλκει.
801 3167 1110 3238 Γυμνωθεὶς
1142 3163 1234 3218 οὖν
1289 3163 1398 3217 τῶν
1450 3162 1620 3234 βελῶν
1653 3161 1773 3214 τότε

203 3260 298 3316 τοῦ
359 3263 598 3329 τοξεύειν
639 3260 942 3314 ἐπαύσατο·
983 3259 1077 3313 καὶ
1125 3255 1329 3327 γυμνὸν
1385 3256 1516 3327 ἡμῖν
1555 3252 1715 3306 αὑτὸν
1747 3253 1774 3304 ὁ

203 3353 438 3425 Χριστὸς
467 3353 574 3405 τῶν
605 3351 1008 3423 μηχανημάτων
1051 3349 1404 3419 κατέστησεν,
1461 3345 1775 3415 ἀπράκτους

205 3437 371 3498 αὐτοῦ
403 3446 500 3505 τὰς
529 3442 718 3505 ἀκίδας
755 3441 1145 3512 ἐργασάμενος⁹
1181 3439 1490 3508 γνωρίμους
1536 3436 1663 3497 τοὺς
1692 3434 1776 3487 δό-

203 3534 330 3598 λους
349 3535 424 3604 (3)
440 3533 786 3605 κατέστησεν,
817 3532 1138 3604 εὐχείρωτον
1161 3531 1322 3584 αὐτὸν
1340 3532 1452 3593 τοῖς
1471 3524 1775 3599 ἀνθρώποις

205 3627 359 3682 ποιού
369 3644 548 3697 μενος.

275 3721 330 3776 8.
360 3721 484 3782 Τοῖς
509 3719 854 3781 Δεσποτικοῖς
872 3717 1047 3771 τοίνυν
1077 3717 1250 3786 ἀγῶσι
1277 3717 1375 3789 τὴν
1395 3717 1551 3788 νίκην
1577 3733 1636 3769 κε
1646 3715 1772 3786 ρδα-

201 3811 402 3882 νῶμεν·
417 3809 650 3880 Χριστοῦ
667 3808 792 3863 πολε
800 3808 1021 3880 μοῦντος
1036 3811 1206 3862 οἰκεῖα
1224 3810 1504 3880 στήσωμεν
1521 3806 1772 3878 τρόπαια.

203 3903 298 3973 Μὴ
323 3901 659 3973 ῥυπώσωμεν
700 3901 790 3954 τὸν
822 3901 1024 3971 χιτῶνα
1051 3902 1148 3972 τῆς
1182 3901 1434 3963 πίστεως,
1475 3900 1588 3969 ὃνή
1616 3899 1775 3970 χάρις

203 3990 455 4061 ὲξύφανεο
487 3992 558 4062 μὴ
598 3991 800 4061 δωρεάν
825 3993 1112 4065 ἀτιμάσῃς.
1137 3994 1202 4064 ἢν
1227 3992 1376 4062 παρά
1403 3989 1537 4043 Θεοῦ
1563 3988 1770 4052 ἔλαϐεςο

202 4083 374 4136 ἐννόει
390 4083 477 4135 τὸν
498 4082 782 4149 δεδωκότα,
804 4085 898 4136 καὶ
919 4084 978 4136 τὸ
997 4083 1146 4136 δοθὲν
1162 4081 1508 4152 διαφύλαξον.
1543 4081 1611 4134 Ei
1630 4097 1775 4144 τινος

205 4173 543 4245 μαργαρίτου
570 4173 741 4242 φύλαξ
771 4175 804 4244 ἢ
831 4175 1142 4246 άλουργίδος
1170 4175 1439 4244 κατέστης
1469 4171 1771 4243 βασιλικῆς,

204 4261 316 4335 ἆρα
333 4265 431 4316 οὐκ
449 4263 512 4316 ἂν
543 4264 701 4334 μέχρι
732 4264 960 4318 θανάτου
990 4266 1086 4336 τῆς
1117 4265 1363 4334 φυλακῆς
1391 4262 1649 4328 ἐπεδείξω
1676 4263 1774 4334 τὴν

202 4355 546 4425 ὲπιμέλειαν;
595 4355 752 4409 Ἀλλά
804 4352 900 4409 νῦν
954 4357 1015 4410 οὐ
1074 4355 1405 4428 μαργαρίτου
1450 4355 1625 4425 μόνον,
1654 4354 1774 4407 οὐδὲ

1874 3180 2159 3250 pertrahit.
2184 3179 2332 3236 'l‘elis
2355 3198 2483 3252 ergo
2505 3183 2764 3250 nudatus,
2787 3183 3062 3252 jaculandi
3091 3184 3248 3240 linem
3273 3185 3398 3240 fecit
3421 3203 3436 3240 :

1875 3285 1939 3325 ac
1963 3272 2166 3326 nudum
2192 3272 2646 3328 machinamentis
2677 3276 2826 3329 illum
2854 3276 3012 3330 nobis
3035 3277 3286 3332 Christus
3309 3293 3442 3332 con-

1875 3349 2072 3427 stituit,
2102 3364 2286 3418 irritas
2313 3365 2432 3434 ejus
2463 3367 2720 3435 cuspides
2765 3366 2943 3422 ell‘ecit
2979 3387 2992 3422 :
3029 3369 3316 3439 palamque
3366 3367 3444 3422 fa-

1875 3456 1981 3509 ctis
2017 3454 2137 3524 ejus
2167 3454 2339 3520 dolis,
2373 3464 2541 3528 captu
2562 3457 2773 3513 facilem
2806 3459 2967 3515 nobis
3001 3460 3154 3514 illum
3183 3460 3439 3516 reddidit.

1943 3717 1996 3773 8.
2030 3715 2325 3772 Dominicis
2357 3733 2488 3787 ergo
2518 3719 2913 3776 certaminibus
2941 3721 3225 3776 victoriam
3252 3736 3442 3791 repor-

1875 3816 2071 3864 temus.
2106 3807 2386 3880 Pugnante
2423 3810 2642 3864 Christo
2679 3819 2864 3865 nostra
2899 3827 2998 3866 nos
3026 3819 3227 3882 tropaea
3259 3814 3441 3882 eriga-

1875 3916 2016 3956 mus.
2060 3900 2138 3956 Ne
2179 3901 2525 3970 inquinemus
2570 3900 2692 3956 ildei
2733 3903 3005 3968 tunicam,
3057 3919 3218 3973 quam
3268 3905 3440 3973 gratia

1874 3991 2152 4046 contexuit
2186 4009 2198 4046 :
2231 4007 2300 4046 ne
2345 3991 2547 4047 denum
2595 4001 2912 4048 contemnas
2957 3995 3101 4063 quod
3137 4009 3165 4046 a
3199 3994 3306 4048 Deo
3344 4009 3440 4048 ac-

1874 4081 2065 4151 cepisti
2100 4100 2112 4136 :
2145 4082 2320 4152 cogita
2351 4082 2476 4151 quis
2514 4083 2752 4150 dederit,
2789 4085 3082 4154 datumque
3114 4093 3350 4140 servato.
3383 4083 3439 4138 Si

1874 4173 2180 4242 margarita
2216 4173 2500 4243 cujusdam
2540 4182 2633 4228 aut
2664 4176 2822 4246 regiae
2850 4193 3104 4246 purpurae
3130 4185 3318 4234 custos
3345 4178 3442 4234 de-

1873 4271 2094 4332 putatus
2125 4279 2297 4328 esses,
2343 4281 2525 4320 nonne
2565 4267 2632 4320 ad
2678 4277 2905 4321 mortem
2941 4284 3115 4338 usque
3170 4270 3290 4338 ejus
3343 4285 3443 4324 cu-

1875 4354 2066 4410 stodire
2108 4371 2296 4410 curam
2346 4359 2672 4414 exhiberes?
2707 4360 2774 4414 At
2818 4377 2964 4415 nunc
2994 4377 3100 4416 non
3133 4364 3442 4433 margarita;

200 4445 504 4518 πορφύρας,
541 4447 657 4501 οὐδὲ
691 4450 966 4519 κτήματος
1012 4448 1195 4512 ἁπλῶς
1242 4447 1535 4518 βασιλικοῦ,
1562 4447 1692 4500 αὐτὸ
1720 4447 1775 4500 δὲ

1884 4459 2121 4518 tantum,
2179 4471 2354 4524 neque
2402 4472 2687 4526 purpurae,
2735 4457 2819 4512 vel
2855 4459 3207 4527 pecuniarum
3260 4459 3438 4513 solum

198 4537 262 4592 τὸ
293 4538 382 4590 τοῦ
411 4538 676 4591 Δεσπότου
711 4539 1136 4610 κατεπιστεύθης
1161 4540 1232 4610 (4)
1267 4539 1452 4610 σῶμα·
1493 4539 1689 4610 μᾶλλον
1715 4537 1774 4592 δέ

199 4643 253 4683 τι
282 4628 442 4697 λέγω,
468 4629 696 4698 γέγονας
719 4630 875 4701 σῶμα
898 4631 1241 4692 Δεσποτικὸν,
1260 4631 1416 4701 μέλος
1439 4631 1623 4698 ἐγένου
1648 4631 1776 4700 Χρι-

201 4719 329 4773 στοῦ
351 4736 366 4751 ο
402 4721 630 4774 ὲνεδύσω
656 4723 908 4794 Χριστὸν,
943 4722 1086 4776 κατά
1104 4721 1200 4793 τὴν
1226 4722 1318 4775 τοῦ
1332 4721 1544 4776 Παύλου
1562 4723 1765 4792 φωνήν·

206 4809 392 4864 «Ὅσοι
411 4810 519 4883 γὰρ
535 4814 614 4876 είς
630 4815 863 4886 Χριστὸν
883 4814 1310 4886 ἐϐαπτίσθησαν,
1329 4816 1372 4867 Χ
1385 4814 1562 4887 ριστὸν
1584 4813 1766 4866 ἐνεδύ-

203 4918 419 4958 σαντο.»
448 4905 538 4976 Μὴ
554 4905 710 4973 γενοῦ
731 4906 830 4975 (4⁸)
858 4905 964 4959 τῶν
991 4905 1084 4959 τοῦ
1111 4903 1347 4977 Χριστοῦ
1377 4905 1640 4976 προδότης
1667 4921 1766 4974 με-

199 4991 329 5049 λῶν.
344 4994 483 5066 ⁹Υπῆ
491 4995 617 5065 ρξας
629 4995 721 5050 τοῦ
738 4996 875 5051 Πνεύ
883 5013 1049 5069 ματος
1063 4997 1137 5067 (5)
1150 4996 1480 5068 οἰκητήριον,
1496 4995 1590 5049 καὶ
1608 4995 1768 5066 μέλος

272 5169 318 5202 ³⁸
354 5168 512 5226 Deut.
546 5187 675 5235 vm,
704 5173 756 5228 5.

206 5241 252 5273 ⁸⁸
279 5239 456 5296 Galat.
479 5257 565 5310 Ill,
587 5243 678 5298 27.

872 5173 917 5206 ³³
953 5172 1144 5230 Matth.
1181 5188 1256 5239 tv,
1291 5171 1366 5240 6;
1400 5170 1546 5228 Psal.
1583 5189 1685 5242 xc,
1718 5175 1804 5230 11.

1876 4542 2144 4610 regiarum
2193 4558 2325 4596 cura
2359 4544 2452 4598 tibi
2501 4546 2821 4608 commissa;
2871 4547 2964 4600 sed
3014 4546 3190 4616 ipsum
3226 4545 3440 4599 Domini

1873 4646 2073 4702 corpus
2104 4632 2198 4686 tibi
2227 4635 2600 4689 concreditum
2635 4644 2738 4690 est.
2769 4635 2897 4691 Plus
2927 4635 3072 4700 dico,
3107 4637 3222 4706 ipse
3257 4636 3440 4691 Domi-

1872 4725 2055 4778 nicum
2097 4739 2329 4795 corpus,
2371 4725 2784 4798 membrumque
2824 4727 3025 4783 Christi
3067 4729 3289 4784 eﬂcctus
3331 4743 3435 4782 es:

1871 4811 2146 4870 Christum
2170 4814 2392 4870 induisti
2417 4817 2716 4872 secundum
2737 4817 2888 4872 Pauli
2915 4835 3096 4873 vocem
3119 4835 3132 4870 :
3159 4838 3176 4869 ι
3203 4816 3442 4884 Quicun—
3538 4801 3542 4812 ’

1872 4921 1976 4976 que
2005 4906 2149 4961 enim
2179 4907 2234 4961 in
2258 4907 2478 4963 Christo
2508 4909 2765 4979 haptizati
2797 4919 2924 4964 sunt
2951 4910 3227 4964 Christum
3257 4908 3441 4961 Indue-

1871 5007 1999 5052 runt
2018 4999 2082 5052 ³⁸.
2098 5019 2116 5051 ›
2135 4997 2212 5054 Ne
2233 4999 2310 5054 sis
2331 5000 2699 5056 membrorum
2721 5001 2924 5057 Christi
2947 5001 3208 5072 proditor.
3239 4998 3438 5059 Factus

1901 5173 1948 5207 ³⁸
1986 5175 2174 5230 Matth.
2231 5191 2283 5230 tv
2336 5177 2411 5246 7;
2447 5176 2604 5233 Deut.
2639 5193 2727 5246 vr,
2765 5177 2850 5234 16.
2954 5178 2998 5211 "
3031 5177 3220 5234 Matth.
3261 5195 3336 5244 ιν,
3377 5180 3432 5235 9.

267 5355 513 5441 (99)ηὸ19
541 5371 674 5413 mss.
714 5371 924 5414 omnes.
960 5356 1103 5414 Editi
1131 5372 1282 5424 vero,
1313 5355 1757 5428 ἐπιπορευομένῳ

1885 5355 2004 5441 ulla
2039 5355 2224 5441 iidem,
2261 5355 2776 5441 φιλαργυρίανιπρςο
2801 5355 3259 5441 φιλοχρηματίαν.

195 5441 274 5480 πα
283 5429 349 5496 ρά
363 5426 524 5481 Θεοῦ.

1931 5427 2005 5496 ('5)
2048 5425 2140 5480 Sic
2191 5441 2324 5481 mss.
2365 5425 2577 5481 omnes.
2629 5425 2772 5480 Editi
2811 5425 2976 5493 vero,
3013 5425 3141 5491 τοὺς
3191 5425 3435 5491 δούλους,

267 5480 379 5568 (99)
433 5480 521 5552 lta
573 5497 926 5568 depravatum
971 5497 1120 5554 hunc
1168 5480 1351 5555 locum
1410 5499 1756 5556 restituimus
1863 5480 2026 5568 male.

194 5580 477 5777 θιέῗῖἒὶο
512 5652 646 5692 mss.
677 5635 838 5704 Editi,
863 5638 960 5710 τὴν
987 5638 1262 5712 φαρέτραν
1289 5640 1540 5694 ὲκένωσε.

288 5705 324 5761 2
384 5707 514 5766 Mss.
547 5723 756 5776 omnes,
783 5710 1202 5777 μεγαλοψυχίαν,
1231 5726 1330 5777 pro
1361 5711 1540 5777 μεγάλε

288 5705 344 5777 2)
384 5707 514 5766 Mss.
547 5723 756 5776 omnes,
783 5705 1202 5781 μεγαλοψυχίαν,
1230 5726 1330 5782 pro
1361 5709 1752 5782 μεγαλαυχίαν.

1931 5567 2005 5639 (ᾧ)
2178 5565 2412 5639 mss._At
2437 5566 2594 5639 editi,
2630 5566 3028 5639 διεπιστεύθης.

1931 5637 2029 5707 (4')
2055 5635 2241 5707 Yulg”
2276 5636 2454 5704 γένου.
2495 5637 2654 5691 Enn.

1932 5705 2016 5777 (5)"
2047 5705 2141 5762 Sic
2175 5721 2308 5763 mss.
2335 5707 2498 5773 Editi,
2531 5707 2627 5762 τοῦ
2658 5708 2916 5782 Χριστοῦ.
