3878 6208
414 256 548 315 1091

1535 252 1593 310 S.
1633 252 2096 309 ATRANASIUS.
2139 282 2211 296 —
2248 250 2521 308 SPURIA.

3502 256 3650 312 1092

408 379 472 420 es
504 361 739 434 Spiritus
769 363 942 420 sancti
975 363 1364 429 habitaculum,
1425 364 1835 436 membrumque
1862 380 1962 421 coe-

2073 365 2166 420 τοῦ
2191 367 2249 421 ἐν
2270 368 2515 440 οὐρανοῖς
2549 365 2941 437 βασιλεύοντος.
2974 369 3218 442 Ἀρεταῖς
3245 364 3336 425 οῦν
3362 368 3426 424 τὸ
3473 368 3651 442 δῶρον

406 456 564 513 lestis
600 454 784 525 Regis.
828 454 1040 509 Donum
1081 469 1211 526 ergo
1252 455 1548 510 virtutibus
1584 454 1915 510 honoremus
1952 473 1965 510 :

404 550 780 619 temperantia:
834 556 1133 603 sectatores
1194 546 1508 612 elﬁciamur,
1576 547 1970 602 humanitatem

404 655 774 702 exerceamus,
800 639 1201 710 eleemosynam
1224 639 1553 708 largiamur:
1572 638 1968 694 incredulitatis

402 746 674 787 venenum
702 733 1064 794 excutiamus,
1095 730 1279 784 dolum
1304 729 1522 784 diabolo
1551 730 1784 785 amicum
1814 745 1970 785 aver—

403 839 587 879 semur
619 843 633 879 :
663 823 1026 889 mendacium,
1068 822 1271 877 inimici
1308 823 1483 876 nostri
1519 837 1807 893 organum,
1837 823 1967 878 odio

403 914 720 971 habeamus.
744 914 967 969 Beatum
998 914 1273 968 imitemur
1286 912 1644 983 Paulum,qui
1664 914 1966 984 baptizatus

403 1008 555 1063 illum
588 1007 932 1078 praedicavit,
963 1022 1120 1077 quem
1154 1014 1280 1062 ante
1309 1007 1639 1077 baptismum
1672 1022 1967 1078 perseque-

401 1101 584 1156 batur.
615 1101 895 1155 lmitemur
924 1099 1215 1169 Aithiopize
1245 1098 1552 1153 eunuchum
1575 1141 1589 1165 ,
1621 1101 1713 1169 qui
1743 1106 1966 1169 accepto

402 1192 460 1247 in
488 1192 571 1246 via
602 1192 943 1260 baptismate,
982 1192 1070 1244 via
1097 1192 1211 1261 ipse
1244 1191 1589 1245 credentibus
1619 1189 1964 1260 Ethiopibus

402 1282 526 1338 fuit.
550 1282 968 1353 Multiplicemus
997 1285 1182 1353 gratia:
1208 1283 1490 1346 talentum,
1517 1290 1576 1335 ut
1600 1297 1784 1337 vocem
1816 1281 1963 1336 illam

402 1374 929 1429 desideratissimam
1008 1372 1295 1426 audiamus
1365 1369 1577 1425 Domini
1650 1371 1881 1426 dicentis
1946 1388 1960 1425 :

408 1485 428 1517 ‹
467 1465 634 1534 Euge,
666 1480 821 1519 serve
857 1464 999 1519 bone
1041 1475 1096 1518 et
1144 1462 1345 1530 ﬁdelis;
1396 1478 1559 1535 super
1590 1478 1765 1534 pauca
1814 1462 1964 1519 fuisti

400 1555 597 1620 ﬁdelis,
641 1570 806 1624 supra
840 1555 1008 1607 multa
1038 1560 1092 1608 te
1118 1553 1446 1607 constituam
1495 1572 1508 1606 :
1545 1553 1689 1607 intra
1732 1554 1788 1607 in
1830 1568 1963 1623 gau-

399 1643 548 1698 dium
593 1644 807 1699 Domini
845 1646 925 1699 tui
964 1645 1029 1698 ’7.
1076 1664 1095 1697 ι
1129 1646 1238 1715 lpsi
1280 1645 1453 1717 gloria
1495 1651 1549 1699 et
1582 1642 1871 1714 imperium
1904 1643 1961 1699 in

400 1737 598 1792 saecula
631 1738 977 1792 seculorum.
1011 1736 1198 1810 Amen.

466 1894 509 1926 ³⁷
550 1894 739 1953 Matth.
774 1910 898 1961 xxv,
931 1895 1022 1960 21,
1057 1894 1148 1950 25.

469 2050 546 2123 (6)
583 2050 661 2105 lta
691 2067 826 2107 mss.
861 2067 1070 2108 omnes.
1100 2048 1171 2105 In.
1189 2049 1322 2105 edit.
1356 2048 1576 2105 brevius
1600 2047 1896 2105 clauditur.

2067 457 2420 527 τιμήσωμενο
2482 456 2836 528 σωφροσύνης
2891 458 3219 531 ἐπιμεληταὶ
3249 458 3645 530 καταστῶμεν

2068 549 2475 621 φιλανθρωπίαν
2508 551 2886 622 μετέλθωμεν·
2948 552 3316 626 ἐλεημοσύνην
3366 571 3655 626 προχειρι-

2068 638 2287 712 ζὼμεθα
2301 657 2314 671 ·
2332 641 2585 706 ἀπιστίας
2606 642 2681 695 ἰὸν
2700 643 3149 718 ἀποτιναξὼμεθα
3167 661 3180 674 ’
3203 646 3351 700 δόλον
3368 648 3653 719 ἀποστρα-

2067 732 2255 803 φῶμεν
2281 731 2373 786 τοῦ
2429 733 2673 788 διαϐόλου
2720 735 2903 804 φίλονο
2968 738 3289 810 μισήσωμεν
3327 738 3522 810 ψεῦδος
3548 741 3649 795 τοῦ

2064 823 2327 894 πολεμίου
2390 824 2453 878 τὸ
2504 824 2752 896 ὄργανον.
2794 828 3179 900 Μιμησώμεθα
3228 830 3319 884 τὸν
3369 832 3651 904 μακάριον

2064 914 2294 980 Παῦλον,
2312 915 2370 979 ὃς
2392 916 2703 987 βαπτισθεὶς
2745 920 3059 990 ἐκήρυττεν,
3098 920 3156 974 ὃν
3179 916 3285 992 πρὸ
3304 920 3398 977 τοῦ
3445 922 3649 992 βαπτί-

2067 1023 2269 1077 σματος
2295 1007 2511 1078 ἤλαυνε.
2542 1008 2926 1081 Μιμησώμεθα
2970 1010 3062 1065 τὸν
3089 1013 3188 1083 τῆς
3229 1013 3517 1079 Αἰθιοπίας
3546 1017 3649 1068 εὐ-

2064 1101 2271 1172 νοῦχον,
2294 1101 2352 1166 ὃς
2380 1104 2437 1156 ἐν
2468 1103 2572 1175 ὁδῷ
2596 1104 2770 1176 τυχὼν
2794 1106 2887 1158 τοῦ
2921 1105 3310 1179 βαπτίσματος,
3334 1111 3452 1175 ὁδὸς
3478 1113 3649 1176 αὐτὸς

2062 1197 2174 1259 τοῖς
2196 1194 2510 1249 πιστεύουσι
2541 1196 2649 1250 τῶν
2690 1197 2960 1253 Αἰθιόπων
2999 1200 3232 1267 ἐγένετο.
3258 1203 3647 1258 Πολυπλασιά-

2064 1302 2244 1356 σωμεν
2272 1286 2333 1339 τὸ
2357 1286 2455 1357 τῆς
2479 1288 2699 1360 χάριτος
2728 1290 3008 1355 τάλαντον,
3052 1292 3139 1346 ἵνα
3161 1296 3260 1365 τῆς
3305 1296 3645 1351 πολυεύκτου

2063 1377 2247 1446 φωνῆς
2272 1376 2591 1450 ἀκούσωμεν
2612 1380 2686 1451 (6)
2722 1380 2815 1435 τοῦ
2856 1384 3122 1438 Δεσπότου
3170 1384 3449 1453 λέγοντος·
3484 1405 3506 1438 ι
3541 1382 3643 1451 Εὖ,

2060 1467 2210 1521 δοῦλε
2236 1468 2407 1536 ἀγαθὲ
2424 1470 2518 1522 καὶ
2535 1472 2709 1532 πιστέ.
2729 1473 2822 1526 ἐπὶ
2847 1474 3002 1541 ὀλίγα
3015 1471 3082 1546 ἧς
3110 1476 3328 1541 πιστὸς,
3361 1477 3454 1530 ἐπὶ
3505 1477 3646 1531 πολ-

2065 1558 2172 1612 λῶν
2190 1576 2248 1612 σε
2272 1563 2595 1631 καταστήσω
2614 1578 2630 1594 ·
2664 1562 2869 1618 εἴσελθε
2886 1567 2966 1629 εἰς
2984 1567 3084 1638 τὴν
3118 1569 3291 1640 χαρὰν
3305 1569 3398 1622 τοῦ
3430 1569 3643 1642 Κυρίου

2068 1666 2183 1705 σου.
2220 1669 2239 1703 ι
2276 1650 2435 1722 Αὑτῷ
2452 1654 2486 1723 ἡ
2507 1652 2633 1720 δόξα
2656 1655 2829 1709 καὶτὸ
2856 1656 3054 1723 κράτος
3069 1660 3149 1724 εἰς
3161 1661 3287 1724 τοὺς
3310 1659 3511 1724 αἰῶνας
3529 1659 3643 1714 τῶν

1989 1730 2037 1791 Β
2064 1740 2295 1797 αἰώνων.
2334 1743 2524 1815 Ἀμήν.

420 2199 3595 2229 Mm

1468 2340 1604 2394 ΤΟΥ
1639 2340 1731 2393 ΕΝ
1768 2339 1988 2393 ΑΓΙΟΙΣ
2025 2338 2295 2392 ΠΑΤΡΟΣ
2329 2338 2530 2393 ΗΜΩΝ

1690 2455 2325 2551 ΑΘΑΝΑΣΙΟΥ

838 2592 1082 2649 ΛΟΓΟΣ
1113 2596 1240 2649 ΕΙΣ
1276 2597 1421 2650 ΤΗΝ
1449 2598 1847 2655 ΑΝΑΛΗΨΙΝ
1879 2598 2022 2652 ΤΟΥ
2046 2600 2101 2651 Κ
2107 2599 2336 2654 ΥΡΙΟΥ
2356 2599 2568 2654 ΗΜΩΝ
2593 2600 2832 2655 ΙΗΣΟΥ
2857 2601 3121 2657 ΧΡΙΣΤο
3133 2603 3193 2656 Υ.

1406 2798 1499 2886 S.
1579 2800 1685 2887 P.
1766 2804 1884 2890 Ν.
1961 2802 2608 2892 ATHANASII

912 2966 1156 3024 SERMO
1195 2966 1286 3022 IN
1317 2966 1962 3027 ASSUMPTIONEHA

2063 2970 2239 3028 MINI
2272 2971 2551 3030 NOSTRI
2576 2971 2760 3029 JESU
2791 2971 3095 3029 CHRISTI

465 3190 516 3246 l.
562 3189 996 3246 Resurrectionis
1029 3193 1288 3248 memoria
1315 3194 1492 3264 palma
1522 3196 1769 3255 homines
1794 3199 1960 3257 donat

2132 3205 2185 3259 1.
2215 3204 2279 3257 Ἠ
2297 3203 2394 3275 μὲν
2427 3204 2524 3273 τῆς
2552 3200 2900 3266 ἀναστάσεως
2935 3202 3120 3274 μνήμη
3147 3201 3217 3254 τὰ
3247 3199 3386 3255 κατά
3408 3199 3501 3254 τοῦ
3535 3201 3638 3256 θα-

394 3283 655 3339 adversus
695 3291 920 3337 mortem
952 3302 965 3337 :
996 3291 1049 3336 at
1080 3299 1318 3355 praesens
1347 3287 1661 3344 solemnitas
1688 3289 1963 3347 hominem

394 3375 617 3429 adducit
645 3374 712 3428 ad
741 3374 959 3438 ccelum,
980 3377 1433 3446 commutatisque
1464 3386 1622 3434 terra:
1659 3384 1963 3437 mansioni—

392 3466 518 3532 bus,
548 3466 743 3520 cmlum
780 3465 1092 3521 hominibus
1131 3468 1376 3536 pervium
1409 3468 1590 3525 ellicit.
1629 3469 1747 3526 Non
1778 3472 1963 3528 decuit

391 3562 568 3625 enim,
614 3560 914 3614 humanum
954 3576 1144 3631 genus,
1192 3562 1336 3631 quod
1387 3571 1612 3618 mortem
1647 3565 1955 3633 devicerat,

390 3660 609 3707 terrena
639 3652 835 3705 iterum
868 3651 1105 3707 incolere
1135 3653 1272 3706 loca.
1309 3651 1429 3706 Jam
1470 3670 1555 3709 me
1590 3671 1777 3711 revera
1814 3659 1959 3713 subit

390 3759 621 3814 magnus
664 3744 929 3799 adversus
961 3744 1161 3798 diaboli
1207 3747 1548 3815 tyrannidem
1588 3749 1802 3804 animus
1832 3765 1959 3805 cum

390 3835 553 3889 hodie
574 3835 732 3889 video
757 3835 972 3905 generis
998 3836 1102 3890 mei
1134 3836 1403 3905 primitias
1428 3838 1482 3891 in
1507 3841 1661 3894 cmlis
1689 3857 1917 3911 regnare
1942 3861 1955 3898 :

389 3942 540 3983 nunc
565 3926 763 3981 cecidit
790 3928 965 3983 hostis
1007 3928 1196 3992 robur,
1232 3927 1547 3983 defecerunt
1565 3930 1729 4001 399
1758 3932 1958 3987 diaboli

387 4018 964 4074 machinationes.Non
986 4029 1067 4073 est
1083 4019 1171 4072 hic
1185 4019 1326 4073 ultra
1347 4021 1654 4088 paradisus,
1675 4038 1708 4076 ο
1722 4023 1955 4088 diabole,

387 4125 499 4165 non
533 4110 748 4165 arboris
776 4111 1027 4180 voluptas
1059 4125 1179 4180 quae
1227 4110 1295 4164 ad
1328 4108 1575 4166 fraudem
1610 4112 1847 4177 alliciat,
1897 4119 1959 4166 ut

386 4215 606 4256 rursum
642 4201 775 4271 legis
821 4209 969 4255 metu
1013 4201 1213 4267 soluto,
1249 4210 1480 4255 mortem
1523 4202 1789 4258 stabilins.
1835 4202 1955 4258 Non

2065 3295 2223 3349 νὰτου
2251 3297 2363 3358 τοῖς
2378 3293 2681 3365 ἀνθρώποις
2698 3289 2979 3366 χαρίζεται
2996 3294 3285 3365 νικητήρια
3301 3310 3318 3325 ·
3342 3296 3377 3363 ἡ
3403 3292 3459 3346 δὲ
3484 3310 3635 3364 παρ-

2063 3387 2202 3441 οῦσα
2238 3388 2538 3458 πανήγυρις
2571 3387 2707 3458 πρὸς
2748 3386 2974 3458 οὐρανὸν
2998 3386 3187 3455 ἀνάγει
3207 3386 3297 3440 τὸν
3324 3384 3632 3456 ἄνθρωπον,

2063 3479 2274 3543 καὶτὰς
2317 3479 2375 3533 ἐν
2397 3482 2462 3549 τῇ
2503 3481 2573 3550 γῇ
2631 3478 2907 3551 διατριϐὰς
2958 3478 3251 3544 ἀλλάξασα,
3283 3478 3374 3531 τὸν
3405 3479 3634 3550 οὐρανὸν

2066 3571 2225 3642 βατὸν
2271 3572 2382 3634 τοῖς
2430 3570 2734 3642 ἀνθρώποις
2764 3571 3072 3642 ἐργάζεται.
3107 3571 3180 3623 Οὐ
3211 3570 3317 3639 γὰρ
3352 3568 3426 3639 (7)
3463 3570 3633 3640 ἐχρῆν

2061 3661 2152 3715 τὸν
2187 3662 2435 3728 θάνατον,
2492 3664 2868 3736 κεκρατηκότα
2916 3662 3009 3717 τοῦ
3052 3663 3386 3733 ἀνθρωπίνου
3416 3662 3629 3731 γένους,

2061 3752 2221 3809 πάλιν
2253 3755 2385 3809 αὐτὸ
2410 3758 2521 3818 τοῖς
2536 3753 2630 3810 τοῦ
2663 3754 2890 3809 θανάτου
2921 3754 3136 3827 χωρίοις
3161 3752 3493 3818 αὐλίζεσθαι.
3516 3753 3632 3807 Νῦν

2064 3866 2151 3921 μοι
2186 3847 2330 3918 μέγα
2375 3850 2591 3920 φρονεῖν
2624 3846 2839 3918 ἀληθῶς
2875 3846 3017 3900 κατὰ
3044 3846 3144 3916 τῆς
3189 3845 3501 3916 διαϐολικῆς
3538 3863 3636 3898 τυ-

2062 3941 2304 4016 ραννίδος
2330 3942 2642 4013 ἐπέρχεται,
2678 3942 2804 3994 ὅταν
2835 3940 2928 3994 ἴδω
2982 3941 3220 4012 σήμερον
3256 3938 3350 3993 τοῦ
3380 3938 3513 4009 ἐμοῦ
3543 3939 3634 4007 γέο

2059 4052 2181 4098 νους
2208 4035 2307 4105 τὴν
2361 4033 2612 4105 ἀπαρχὴν
2664 4033 2721 4084 ἐν
2754 4031 3001 4103 οὐρανοῖς
3058 4028 3468 4100 βασιλεύουσαν.
3514 4028 3631 4081 Νῦν

2058 4125 2313 4178 πέπτωκε
2367 4122 2462 4175 τοῦ
2504 4121 2760 4192 πολεμίου
2792 4118 2851 4173 τὸ
2882 4121 3080 4192 κράτος
3105 4159 3120 4184 ,
3169 4119 3401 4172 ἀπέλιπε
3429 4117 3628 4188 (8)]τοῦ

2055 4216 2297 4270 διαϐόλου
2322 4214 2388 4269 τὰ
2422 4215 2804 4285 μηχανήματα.
2829 4212 2942 4264 Οὐκ
2974 4211 3052 4264 ἔτι
3077 4210 3252 4265 ταῦτα
3279 4210 3627 4280 παράδεισος,

386 4294 615 4349 ulterius
637 4293 798 4347 audio
823 4311 837 4346 :
860 4312 878 4345 ι
905 4291 1073 4348 Terra
1095 4308 1172 4353 es,
1196 4300 1251 4348 et
1270 4293 1325 4347 in
1349 4301 1549 4348 terram
1571 4295 1894 4360 reverteris;
1927 4315 1946 4347 ι

2063 4302 2101 4361 ὧ
2146 4306 2388 4360 διὰϐολε·
2423 4304 2543 4357 οὐδὲ
2580 4302 2746 4372 φυτοῦ
2775 4303 2965 4373 τέρψις
3007 4302 3141 4374 πρὸς
3183 4303 3397 4373 ἀπάτην
3431 4301 3630 4374 θηρεὺ.

388 4382 517 4445 sed,
544 4383 706 4436 etiam
738 4382 786 4434 si
815 4388 962 4435 terra
991 4398 1071 4447 es,
1103 4383 1223 4450 ejus
1253 4382 1345 4452 qui
1380 4390 1435 4437 te
1481 4397 1698 4437 sursum
1734 4382 1955 4437 adducit

2063 4411 2209 4459 ουσα,
2247 4395 2333 4447 ἵνα
2370 4393 2527 4447 πάλιν
2560 4390 2727 4455 λύσας
2764 4409 2862 4462 μου
2894 4392 2985 4445 τὸν
3018 4392 3209 4461 φόϐον,
3245 4391 3499 4466 κυρώσῃς
3535 4394 3629 4447 τὸν

387 4474 676 4530 clementia
702 4474 757 4527 in
780 4475 977 4530 caelum
1006 4473 1288 4530 ascendes.
1316 4474 1648 4531 Delictorum
1675 4476 1951 4546 regionem

2063 4483 2305 4537 θάνατον.
2355 4482 2572 4544 Οὐκέτι,
2607 4499 2626 4531 ι
2652 4482 2728 4553 Γῆ
2765 4477 2835 4545 εἴ,
2871 4481 2965 4534 καὶ
2999 4484 3078 4544 είς
3111 4481 3213 4550 γῆν
3268 4480 3565 4553 ἀπελεύσῃ,
3604 4503 3622 4535 ι

387 4569 601 4630 desero,
638 4574 842 4621 terram
879 4567 976 4621 tibi
1020 4567 1280 4631 concedo,
1312 4567 1367 4621 in
1403 4583 1510 4639 qua
1547 4576 1732 4629 natus,
1763 4567 1817 4620 in
1846 4581 1953 4636 qua

2063 4575 2268 4629 ἀκούω’
2311 4573 2446 4637 ἀλλ’,
2490 4574 2539 4626 εἰ
2573 4574 2666 4627 καὶ
2696 4574 2768 4643 γῆ
2813 4567 2884 4637 εἴ,
2934 4573 3070 4644 πρὸς
3116 4573 3346 4643 οὐρανὸν
3400 4572 3475 4643 (9)
3517 4575 3627 4627 ἀπ-

387 4661 651 4717 educatus
688 4676 838 4729 sum,
878 4661 935 4716 in
966 4662 1163 4717 coelum
1194 4671 1287 4717 tua
1315 4661 1504 4717 fraude
1531 4662 1670 4718 liber
1696 4662 1955 4717 transmi-

2063 4667 2252 4738 ελεύσῃ
2284 4665 2372 4719 διά
2399 4664 2495 4738 τὴν
2525 4663 2616 4717 τοῦ
2671 4665 2962 4732 ἀνάγοντος
2993 4662 3322 4734 ἀγαθότητα.
3346 4663 3628 4735 Καταλιμ-

387 4769 504 4826 gro.
534 4752 678 4807 Satis
706 4753 836 4807 olim
866 4754 963 4808 tibi
995 4752 1096 4807 fuit
1132 4755 1315 4821 arbor,
1345 4769 1454 4825 qua
1486 4754 1753 4809 Adamum
1783 4771 1953 4826 expu-

2063 4758 2211 4811 πάνω
2249 4757 2312 4810 τὸ
2346 4755 2456 4810 τῶν
2488 4757 2896 4827 ἁμαρτημάτων
2928 4757 3148 4828 χωρίον,
3193 4754 3511 4827 παραχωρῶ
3543 4772 3627 4809 σοι

386 4860 616 4917 gnares,
670 4846 888 4915 quando
936 4845 1070 4914 ligni
1119 4843 1298 4899 fructu
1346 4861 1665 4914 percussum
1716 4846 1951 4916 primum

2063 4850 2154 4920 τῆς
2170 4849 2291 4921 γῆς,
2310 4849 2394 4921 ἐφ’
2421 4844 2489 4921 ἧς
2514 4847 2761 4919 ἐτέχθην,
2796 4850 2880 4916 ἐφ’
2905 4843 2972 4918 ἦς
3005 4847 3248 4919 ἐτράφην
3265 4846 3401 4917 (10)’
3421 4848 3501 4911 εἰς
3530 4847 3625 4899 οὐ-

384 4946 662 5008 parentem
698 4938 935 5007 paradisi
954 4938 1230 5007 voluptate
1251 4937 1567 4992 eliminasti.
1590 4936 1745 4992 Nunc
1768 4946 1947 4994 autem

2063 4919 2217 5012 ρανὸν
2230 4919 2628 5010 μετοικίζομαι,
2652 4938 2750 5011 τῆς
2766 4941 2864 5010 σῆς
2883 4939 3097 5011 ἀπάτης
3134 4939 3435 5009 ἐλεύθερος.
3449 4940 3625 4992 Πάλαι

387 5028 603 5084 etiamsi
633 5035 799 5083 totam
830 5028 1122 5085 exhaurias
1150 5029 1485 5099 pharetram,
1514 5028 1568 5082 in
1597 5031 1946 5100 temetipsum

2063 5032 2153 5103 μέν
2207 5027 2300 5085 οῦν
2349 5048 2430 5084 σοι
2483 5031 2646 5100 φυτὸν
2703 5032 2839 5103 πρὸς
2892 5032 2990 5101 τὴν
3030 5030 3126 5084 τοῦ
3181 5030 3352 5101 Ἀδάμ
3414 5031 3626 5103 αἵρεσιν

386 5121 571 5177 omnia
598 5121 739 5192 jacis
783 5122 908 5177 tela.
935 5121 1206 5187 Quorsum
1248 5105 1362 5190 jam
1401 5121 1587 5177 abiere
1620 5120 1741 5186 tibi,
1767 5137 1800 5177 o
1830 5121 1947 5176 dia-

2063 5123 2308 5195 ήρκεσεν,
2347 5123 2436 5175 ὅτε
2470 5120 2678 5193 πλήξας
2706 5120 2786 5192 τῷ
2817 5120 2908 5175 τοῦ
2934 5120 3088 5186 ξύλου
3126 5120 3325 5193 καρπῷ
3354 5121 3445 5175 τὸν
3470 5139 3623 5193 πρω-

460 5275 534 5349 (7)
555 5274 1067 5351 μῦοιι).,χαρίζεται.
1098 5276 1177 5351 Οῦ
1205 5275 1491 5351 γάρ-ηοξ(
1521 5276 1685 5351 idem,
1721 5276 1816 5351 τοῦ
1853 5278 1949 5351 ἀι-

2095 5275 2241 5351 _(lO)
2280 5279 2358 5351 ita
2398 5274 2601 5351 Regius
2641 5284 2698 5332 et
2731 5276 3111 5351 Accipertinus.
3159 5274 3302 5351 Edi_ti
3333 5289 3488 5351 vero,
3522 5275 3625 5346 τὴν

389 5342 657 5418 θρωπίνου
687 5342 1089 5418 γένους-πάλιν
1121 5342 1301 5401 αὖτ’όνξ
1336 5346 1478 5401 Editi
1498 5354 1548 5401 et
1571 5347 1725 5418 Reg,
1755 5348 1816 5401 τὸ
1845 5348 1942 5400 ἀν-

389 5416 652 5470 θρώπινον
688 5419 861 5470 γένος.
897 5419 1056 5470 πάλιν
1080 5417 1229 5470 αὑτό.
1271 5450 1277 5457 ι

2063 5342 2178 5446 ζῆπίν
2216 5342 2388 5432 ἐφ’ἦς
2430 5342 2685 5470 ὲτάχθῖν,
2719 5342 2902 5427 ἀφ’ἦς
2931 5346 3195 5469 ἐτὲἀφην.
3251 5345 3424 5399 Paulo
3446 5342 3620 5467 ῐρειεὶ,

2063 5420 2227 5470 ,οιιιη
2268 5417 2601 5470 ἐλευθεοοεγ
2632 5435 2782 5470 γονα.
2819 5418 2952 5470 lbtd.
3032 5432 3117 5470 θα.
3144 5423 3199 5470 et
3221 5414 3404 5470 Colb..
3498 5416 3620 5469 αλαι

387 5414 652 5489 θρῶπινον
688 5414 861 5489 γένος,
897 5419 1056 5489 πάλιν
1080 5417 1229 5471 αὑτό.
1271 5450 1277 5457 -
1380 5486 1407 5489 Δ
1628 5414 1673 5489 ξ
1698 5487 1724 5489 Α
1883 5488 1890 5489 ί

2063 5414 2238 5489 ἢδη»,
2259 5414 2782 5489 ’ἐλεύθερρξγέγοναζ
2819 5414 2952 5489 Ibid.
2984 5414 3404 5489 Reg.'et_Colb.,
3446 5414 3623 5489 ῌάλαι

457 5487 532 5557 (8)
571 5483 996 5559 ἤρεθέξέλιπε.
1022 5486 1190 5559 Paulo
1222 5498 1345 5559 post
1379 5486 1512 5558 Reg.
1544 5493 1597 5541 et
1615 5485 1794 5553 Colb.,
1829 5488 1943 5540 Οὐκ

2063 5489 2148 5545 ιέν
2180 5486 2294 5553 οὖν,
2326 5487 2421 5543 sed
2446 5483 2539 5542 οὖν
2553 5483 2707 5545 deest
2738 5489 2796 5543 in
2822 5486 3007 5543 editis.
3043 5483 3166 5541 Mox
3208 5485 3378 5557 Reg.,
3411 5486 3625 5556 αἰρεσιν

386 5556 707 5632 ἐστι-ταῦτα.
740 5556 904 5632 Editi,
943 5560 1043 5632 οὐκ
1068 5557 1360 5632 ἐτιταῦεα,
1391 5627 1402 5632 _
1469 5556 1501 5632 λ
1662 5626 1672 5632 ⁸
2044 5556 2231 5632 ἤρεσε.

455 5625 529 5698 (9)
565 5625 762 5697 Reg.“
790 5629 969 5693 Colb.,
993 5627 1234 5699 οὐρανόν.
1262 5627 1427 5691 Editi,
1450 5626 1727 5695 οὐρανούς.
