3860 6204
188 280 323 338 1095

1204 274 1441 332 SERMO
1472 274 1542 330 1N
1580 271 2124 331 ASSUMPTIONEM
2162 272 2428 330 DOMINI.

3283 277 3420 335 1094

187 397 482 450 τόπλαστον
505 391 609 459 ἔξω
644 389 894 460 γενέσθαι
923 391 1022 462 τῆς
1058 390 1150 444 τοῦ
1184 392 1512 464 παραδείσου
1542 392 1750 464 τρυφῆς

1872 391 1998 453 mle,
2030 389 2270 459 antiquae
2301 388 2508 442 fraudis
2545 389 3018 446 machinamenta?
3049 389 3280 446 Ubinam
3311 391 3424 446 doli

187 485 635 556 κατηνάγκασαςο
693 481 786 548 νῦν
827 481 913 545 δὲ,
977 479 1078 534 κᾶν
1137 482 1316 534 πᾶσαν
1364 480 1608 553 κενώσῃς
1647 481 1748 551 τὴν

189 577 480 648 φαρέτραν,
508 573 650 627 κατά
685 572 910 627 σεαυτοῦ
941 572 1126 644 φέρεις
1152 572 1262 625 τῶν
1305 571 1652 643 τοξευμάτων
1679 571 1747 624 τὰ

192 669 436 740 βλήματα
457 667 586 737 (11).
617 664 725 718 Ποῦ
766 682 846 717 σοι
881 664 1086 727 λοιπὸν,
1128 664 1360 728 διάϐολε,
1387 665 1485 736 τῆς
1516 663 1750 727 παλαιᾶς

190 760 402 830 ἀπάτης
419 758 488 810 τά
519 759 916 828 μηχανήματα;
943 756 1052 809 Ποῦ
1087 773 1167 809 σοι
1198 757 1226 808 6
1257 755 1582 824 σοφιστεύων
1608 755 1748 823 ὄφις,

191 848 278 902 ἱνα
307 849 403 918 τὴν
435 846 576 899 Εὑαν
602 846 810 918 χωρίσῃ
841 843 935 897 τοῦ
971 843 1318 914 παραδείσου,
1351 844 1432 907 τὸ,
1468 863 1485 894 ι
1510 837 1586 914 ᾞ
1612 843 1656 895 δ’
1685 842 1750 895 ἂν

189 939 371 1010 ἡμέρᾳ
400 937 631 1006 φάγητε,
658 936 842 989 ἔσεσθε
871 937 947 999 ὡς
981 935 1112 999 θεοὶ,
1143 955 1161 986 1
1206 935 1748 1006 προσφθεγγόμενος;

192 1030 424 1096 Γέγονάς
459 1028 569 1099 (12)
609 1043 698 1097 μοι
731 1026 838 1078 τῶν
880 1024 1098 1093 ἀγαθῶν
1145 1025 1428 1096 προφήτης
1479 1023 1748 1086 ἀκούσιος.

191 1116 288 1184 AT;
307 1121 414 1190 γὰρ
443 1119 575 1186 πρὸς
609 1119 822 1188 ἀπάτην
875 1116 1227 1187 ὑποσχέσεσιν
1281 1118 1516 1188 ἐχρήσω,
1553 1116 1752 1179 ταύτας

192 1211 280 1264 διά
316 1209 649 1282 πραγμάτων
691 1207 985 1278 ἐκέρδαναο
1021 1207 1206 1274 γέγονέ
1251 1224 1337 1277 μοι
1378 1208 1476 1277 τῆς
1517 1209 1753 1275 ἐπαγγει-

193 1301 314 1361 λίας
341 1301 372 1368 ἡ
407 1298 670 1367 φαντασία
695 1297 784 1350 διὰ
810 1297 910 1365 τῆς
942 1296 1134 1368 πείρας
1173 1297 1414 1368 ἀλήθεια.
1445 1297 1507 1348 Ὢ
1537 1295 1752 1365 θαυμά-

193 1405 300 1442 των
351 1386 730 1440 ἀπίστωνααὶ
778 1385 941 1452 ξένων
983 1386 1082 1454 τῆς
1115 1383 1356 1453 φύσεωςί
1400 1378 1481 1446 οἷς
1511 1385 1538 1435 6
1580 1383 1756 1454 παρά-

195 1479 370 1540 δεισος
407 1475 759 1545 ἀπεκλείσθη,
796 1473 1007 1538 τούτοις
1049 1476 1076 1526 6
1118 1473 1342 1542 οὐρανὸς
1391 1472 1658 1542 ἠνεῴχθη.
1698 1473 1755 1526 '0

197 1570 305 1642 πρὸ
363 1569 588 1640 βραχέος
643 1568 734 1620 ἐπὶ
758 1565 986 1620 Πιλάτου
1045 1566 1382 1637 κρινόμενος,
1414 1566 1651 1636 σήμερον
1698 1567 1758 1618 ἐν

195 1660 409 1733 οὐρανῷ
443 1660 632 1731 κριτὴς
679 1657 1056 1729 ὲνθρονίζεται.
1093 1656 1149 1709 '0
1180 1655 1330 1726 παρὰ
1370 1655 1638 1708 Ἰουδαίων
1667 1671 1758 1722 γε·

195 1752 458 1822 λώμενος,
486 1752 549 1802 ἐκ
592 1747 777 1812 δεξιῶν
806 1747 897 1799 τοῦ
949 1745 1161 1816 Πατρὸς
1212 1746 1304 1797 ἐπὶ
1353 1745 1459 1798 τῶν
1502 1745 1762 1815 χερουὸὶμ

197 1842 453 1912 κάθηται,
499 1840 688 1912 δήμοις
718 1838 962 1906 ἀγγέλων
996 1836 1329 1907 ὑμνούμενος
1372 1835 1502 1905 (15).
1553 1835 1609 1887 '0
1645 1838 1764 1897 ταῖς

211 1933 530 1995 Ἰουδαῖκαῖς
579 1927 840 1992 ἀκάνθαις
889 1927 986 1998 τὴν
1038 1927 1276 1998 κεφαλὴν
1309 1925 1761 1996 στεφανούμενος,

199 2023 389 2091 θεῖκῆς
421 2022 576 2086 ἀξίας
604 2020 891 2090 διαδήματι
935 2019 1239 2088 σφίγγεται.
1259 2019 1322 2070 Ὢ
1354 2017 1582 2080 ποσάκις
1611 2019 1642 2087 ἡ
1670 2015 1763 2069 τοῦ

197 2115 363 2168 Δαὸὶδ
393 2112 657 2184 ἐνηχοῦσα
684 2111 793 2182 (14)
827 2110 1023 2181 κιθάρα
1065 2109 1132 2162 τὰ
1172 2109 1414 2180 παρόντα
1443 2107 1760 2170 ἐθέσπιζενι

203 2224 228 2260 ε
276 2200 442 2258 Εἶπεν
469 2206 496 2257 ὁ
528 2204 731 2276 Κύριος
755 2202 833 2272 τῷ
871 2202 1058 2272 Κυρίῳ
1099 2217 1218 2272 μου·
1253 2200 1434 2254 Κάθου
1485 2203 1548 2253 ἐκ
1576 2199 1764 2265 δεξιῶν

203 2295 444 2368 μου,έως
464 2295 529 2349 ἂν
550 2294 626 2347 θῶ
648 2295 771 2356 τοὺς
797 2292 1018 2364 ἐχθρούς
1046 2310 1138 2345 σου
1165 2292 1448 2345 ὑποπόδιον
1464 2291 1570 2343 τῶν
1590 2289 1764 2343 ποδῶν

201 2403 319 2440 σου.
352 2405 370 2437 1
405 2385 516 2438 Νῦν
543 2384 755 2456 ἀληθῶς
791 2383 978 2451 γέγονε
1001 2382 1068 2435 τά
1095 2383 1410 2454 κρούσματα
1437 2381 1786 2452 πράγματα’.

201 2480 298 2534 καὶ
328 2477 364 2531 ε
394 2477 654 2548 πρότερον
689 2477 814 2529 ίδεῖν
840 2478 894 2528 ἐν
931 2474 1146 2544 μέλεσιν
1174 2473 1484 2543 ἐπεθύμησε
1506 2473 1638 2543 (15),
1674 2473 1770 2543 σή-

206 2584 374 2639 μερον
402 2564 536 2620 εἶδεν
556 2568 612 2619 ἐν
634 2567 947 2637 πράγμασι·
976 2566 1070 2617 καὶ
1093 2564 1280 2632 γέγονε
1305 2563 1477 2634 μελῶν
1500 2563 1771 2632 ὑπουργὸς

201 2658 452 2729 οὐρανὸς,
475 2658 565 2710 τὸν
590 2660 717 2728 παρ’
741 2656 932 2726 ἐκείνῳ
955 2654 1417 2726 μνημονευόμενον
1438 2656 1550 2716 τοῖς
1578 2652 1767 2715 νώτοις

203 2750 628 2820 ὑποδεχόμενος·
685 2750 860 2802 καίτοι
916 2749 1007 2801 καὶ
1063 2748 1192 2818 παρ’
1248 2747 1408 2800 αὑτὸν
1460 2746 1550 2798 τὸν
1611 2745 1768 2798 τόκον

1853 479 2050 535 artifex
2080 481 2170 535 ille
2199 495 2444 548 serpens,
2478 480 2569 548 qui
2602 478 2767 532 Evam
2802 481 3055 549 paradiso
3082 481 3280 550 exigat,
3312 481 3428 535 haec

1850 572 2081 625 dicendo
2109 590 2122 624 :
2155 589 2173 620 ‹
2210 569 2544 640 Quacunque
2577 570 2662 624 die
2696 570 3061 634 comederitis,
3089 571 3246 626 eritis
3278 572 3426 625 sicut

1850 661 1957 714 dii?
1983 661 2046 712 ³⁸.
2083 680 2100 711 1
2133 659 2405 714 Bonorum
2438 660 2566 713 mihi
2609 659 2870 730 prOpheta
2904 658 3052 714 fuisti
3083 661 3168 714 vel
3200 661 3421 715 invitus.

1851 753 2060 819 Quibus
2094 753 2238 807 enim
2265 754 2330 806 ad
2359 752 2605 805 fraudem
2641 751 2928 820 promissis
2961 767 3093 806 usus
3125 767 3206 817 es,
3234 753 3425 805 eadem

1850 846 2031 914 reipsa
2058 846 2300 898 lucratus
2325 859 2448 898 sum
2477 862 2489 896 :
2520 844 2902 912 promissionis
2951 845 3236 912 phantasia
3261 859 3428 913 cxpe-

1853 937 2089 990 rimento
2131 935 2262 988 mihi
2296 935 2501 988 veritas
2533 934 2652 988 fuit.
2697 937 2738 989 Ο
2776 936 3041 988 miracula
3081 935 3425 990 incredibilia

1869 1028 2150 1096 alienaque
2175 1041 2204 1079 a
2231 1029 2457 1080 natura!
2491 1025 2699 1093 Quibus
2727 1028 3012 1095 paradisus
3041 1029 3261 1081 clausus
3292 1026 3424 1094 fuit,

1860 1118 1930 1172 iis
1981 1119 2176 1170 cmlum
2239 1128 2481 1186 apertum
2524 1126 2625 1172 est.
2691 1115 2793 1182 Qui
2853 1118 3010 1186 paulo
3068 1126 3193 1171 ante
3239 1132 3426 1170 coram

1855 1207 2027 1260 Pilato
2051 1207 2234 1276 judice
2257 1215 2503 1269 steterat,
2532 1208 2693 1260 hodie
2719 1209 2770 1260 in
2798 1210 2936 1261 coelo
2964 1208 3128 1276 judex
3165 1209 3426 1262 thronum

1854 1309 2104 1369 occupat.
2145 1299 2248 1366 Qui
2297 1314 2326 1352 a
2370 1299 2572 1354 Judmis
2624 1302 2976 1363 irridebatnr,
3027 1302 3093 1354 ad
3145 1303 3426 1356 dexteram

1853 1390 2035 1445 Patris
2061 1392 2212 1445 sedet
2245 1407 2408 1460 super
2441 1392 2720 1445 cherubim
2745 1401 2797 1445 et
2827 1393 2893 1445 ab
2924 1393 3236 1461 angelorum
3268 1394 3427 1448 turba

1856 1482 2072 1551 hymnis
2103 1484 2430 1538 celebratur.
2466 1483 2634 1550 Cujus
2667 1483 2908 1540 Judaicis
2942 1487 3114 1553 spinis
3143 1494 3305 1554 caput
3331 1500 3428 1538 co-

1856 1582 2107 1627 ronatum
2153 1582 2256 1636 est,
2309 1576 2356 1630 is
2394 1575 2589 1629 divinae
2624 1575 2904 1645 dignitatis
2942 1576 3245 1630 diademate
3288 1576 3434 1630 redi-

1858 1659 2044 1713 mitur.
2077 1658 2122 1714 Ο
2173 1662 2390 1730 quoties
2435 1661 2653 1716 Daridis
2701 1665 2911 1716 cithara
2961 1679 3164 1718 sonans
3207 1664 3321 1718 lucc
3359 1680 3425 1718 ex

1863 1749 2041 1802 afﬂatu
2093 1750 2278 1805 divino
2331 1752 2608 1822 praedixit!
2657 1772 2675 1804 ‹
2722 1752 2867 1805 Dixit
2905 1751 3163 1808 Dominus
3201 1752 3429 1808 Domino

1859 1857 2020 1895 meo:
2059 1841 2199 1897 Sede
2231 1858 2261 1895 a
2296 1842 2504 1897 dextris
2522 1845 2658 1898 meis
2694 1864 2706 1899 :
2742 1845 2916 1898 donec
2952 1861 3145 1914 ponam
3179 1847 3430 1901 inimicos

1860 1938 1984 1987 tuos
2013 1933 2305 1987 scabellum
2340 1935 2536 2003 pedum
2564 1943 2782 1988 tuorum
2813 1935 2878 1990 ‘9.
2919 1956 2936 1986 ι
2971 1935 3086 1989 Jam
3121 1937 3279 2005 plane
3311 1939 3434 2006 pul-

1869 2025 2111 2079 sationes
2145 2041 2207 2080 ac
2235 2027 2353 2080 soni
2388 2027 2464 2080 illi
2496 2043 2585 2083 res
2625 2035 2790 2098 gestze
2833 2039 2961 2082 sunt
2995 2047 3007 2080 :
3041 2036 3094 2082 et
3126 2028 3266 2097 quod
3303 2029 3432 2082 olim

1862 2113 1919 2168 in
1940 2115 2168 2171 canticis
2187 2117 2368 2172 videre
2388 2119 2716 2185 concupivit,
2741 2118 2898 2173 hodie
2919 2119 3244 2188 completum
3263 2119 3429 2173 vidit:

1868 2205 2078 2276 fuitque
2114 2208 2312 2261 caelum
2346 2209 2680 2262 canticorum
2713 2209 2982 2272 minister,
3016 2224 3139 2263 cum
3183 2225 3306 2264 eum
3341 2211 3435 2279 qui

1870 2299 2014 2368 apud
2084 2305 2359 2353 cautorem
2404 2307 2734 2352 memoratur
2773 2300 2939 2354 dorso
2995 2299 3233 2369 suscepit
3275 2317 3374 2354 suo
3415 2319 3432 2356 :

1870 2403 2179 2459 quanquam
2218 2397 2274 2443 et
2305 2389 2424 2458 ipso
2456 2398 2646 2459 partus
2677 2397 2918 2458 tempore
2972 2400 3282 2444 nascentem
3322 2401 3436 2445 tum

1872 2478 2139 2533 infantem
2183 2494 2279 2546 per
2316 2479 2526 2533 stellam
2571 2482 2766 2533 coelum
2802 2481 3061 2548 respexit,
3121 2481 3273 2549 quasi
3313 2490 3437 2536 ante

1872 2577 2084 2638 tempus
2111 2568 2392 2624 festinaret
2421 2585 2542 2624 eum
2577 2570 2829 2639 excipere
2859 2571 2949 2639 qui
2984 2571 3038 2624 in
3068 2572 3327 2639 spelunca
3359 2572 3438 2624 la-

1872 2660 2036 2714 tebat.
2116 2658 2222 2714 Sed
2269 2661 2552 2729 oportebat
2598 2661 2918 2716 oeconomiae
2959 2670 3204 2732 tempora
3253 2663 3439 2717 termi-

1871 2763 2082 2818 nosque
2123 2751 2351 2804 Servari.

201 2843 536 2916 οὐρανὸς.ἕτι
565 2841 864 2912 τικτομένῳ
885 2841 950 2894 δι’
977 2841 1202 2910 ἀστέρος
1225 2838 1764 2910 ὑπέκυπτεν,ῶσπερ
1805 2840 2158 2912 ἐπειγόμενος
2229 2842 2340 2914 (16)
2409 2859 2502 2897 και
2548 2856 2654 2916 προ
2707 2841 2898 2915 καιροῦ
2944 2842 3196 2907 δέξασθαι
3247 2843 3337 2897 τὸν
3383 2845 3441 2896 ἐν

204 2937 456 3007 σπηλαίῳ
485 2936 873 3007 κρυπτόμενον.
903 2935 1038 2988 Ἀλλ’
1065 2935 1169 2988 ἔδει
1191 2936 1316 2998 τοὺς
1335 2936 1434 3004 τῆς
1461 2933 1770 3003 οἰκονομίας
1807 2937 2030 3006 καιροὺς
2063 2938 2157 2990 καὶ
2185 2937 2344 3006 ὅρους
2373 2938 2750 3007 φυλάττεσθαι.

275 3031 329 3085 2.
372 3033 522 3102 Ἐμοὶ
565 3033 661 3102 μὲν
697 3030 993 3100 θαυμάζειν
1046 3031 1336 3101 ἐπέρχεται
1379 3029 1498 3092 πῶς
1542 3029 1641 3100 τὴν
1672 3026 1766 3080 τοῦ

1939 3029 1993 3082 2.
2033 3030 2095 3085 Et
2128 3031 2344 3100 quidem
2375 3033 2560 3087 mirari
2580 3034 2756 3097 subit,
2790 3048 2898 3102 quo
2939 3040 3101 3103 pacto
3139 3031 3316 3087 nostri
3349 3046 3444 3101 ge-

201 3123 398 3191 γένους
420 3123 677 3195 αἰσχύνην
718 3125 797 3186 είς
823 3122 1065 3187 εὐδοξίαν
1091 3122 1352 3192 μετέϐαλε
1371 3138 1384 3152 ·
1438 3121 1608 3190 πόσην
1635 3120 1769 3173 Θεοῦ

203 3215 348 3286 πρὸς
398 3217 546 3286 ἡμᾶς
602 3215 974 3286 ἀγανάκτησιν
1025 3215 1103 3277 είς
1176 3214 1435 3284 μεγίστην
1488 3213 1770 3283 εὐμένειαν

203 3309 458 3378 ἤνεγκεν.
502 3307 770 3362 Ἔπλασεν
814 3308 962 3378 ἡμᾶς
1010 3306 1196 3377 χερσὶν
1241 3306 1464 3368 οἰκείαις
1519 3307 1547 3358 6
1603 3306 1767 3370 Θεὸς,

207 3398 420 3469 τροφῆς
454 3397 793 3467 αὐτοσχεδίου
827 3399 1095 3468 κτήτορας
1145 3396 1345 3460 ἔδειξε,
1385 3397 1594 3467 τρυφῆς
1625 3395 1773 3460 ἐξου-

206 3489 355 3552 σίαν,
385 3489 486 3556 γῆς
517 3487 812 3559 ὑπουργίαν
846 3489 1061 3552 ἔδωκεν,
1099 3488 1256 3558 ἀέρος
1281 3487 1540 3552 δουλείαν,
1574 3488 1771 3541 θαλάτ-

201 3599 312 3653 της
346 3581 602 3650 εὐπορίαν
635 3580 933 3650 παρέσχετο
957 3580 1002 3653 (1
1018 3581 1092 3649 7),
1129 3580 1278 3650 ἡλίου
1324 3579 1501 3650 βολὰς,
1548 3580 1775 3650 σελήνης

202 3674 414 3742 αὐγὰς,
470 3672 710 3742 ἀστέρων
762 3672 969 3744 φορὰς,
1022 3670 1174 3736 ζώων
1213 3672 1427 3724 πάντων
1465 3672 1770 3740 ’ὑποταγάς.

203 3764 461 3836 Παρῆλθέ
489 3782 571 3827 τις
594 3766 650 3817 ἐν
685 3765 832 3834 μέσῳ
860 3763 1111 3834 πολέμιος
1143 3761 1440 3816 διαϐάλλων
1472 3765 1552 3826 είς
1584 3763 1776 3830 φθόνον

202 3858 367 3922 Θεὸν,
395 3858 609 3909 ἔπεισεν
635 3856 887 3911 ἀπατῶν·
921 3857 1129 3925 γίνεται
1161 3858 1258 3926 τῆς
1298 3857 1507 3909 ἐκείνου
1562 3857 1777 3928 μερίδος

201 3951 240 4002 ὁ
280 3947 656 4018 ἀπατώμενος,
708 3947 978 4011 ἀντιθεῒας
1027 3948 1250 4017 ἐνόσησε
1296 3947 1496 4012 πάθος,
1530 3947 1777 4000 συνέθετο

202 4041 386 4113 λάθρα
419 4042 560 4094 κατά
582 4039 673 4094 τοῦ
713 4040 868 4104 Θεοῦ,
899 4040 1124 4094 ἐκτείνει
1155 4041 1252 4111 τὴν
1297 4043 1453 4110 χεῖρα
1504 4040 1644 4093 κατὰ
1669 4040 1777 4094 τῶν

202 4132 307 4185 τοῦ
337 4131 468 4185 Θεοῦ
504 4132 953 4202 προσταγμάτων.
993 4131 1364 4200 Ἐπιφαίνεται
1396 4129 1546 4193 Θεὸς,
1569 4130 1777 4200 ἐλέγχει

203 4223 314 4286 τὰς
363 4223 708 4292 παρανόμους
757 4222 1006 4287 ἐλπίδας,
1068 4222 1256 4291 φεύγει
1284 4222 1378 4292 τὴν
1432 4221 1558 4274 θέαν
1600 4224 1633 4292 ἡ
1684 4221 1776 4274 τοῦ

204 4312 408 4382 γένους
438 4312 600 4384 ἀρχὴ,
637 4314 730 4366 καὶ
763 4316 1106 4385 παραιτεῖται
1143 4314 1234 4366 τὸν
1269 4313 1503 4383 ἔλεγχον,
1536 4313 1640 4365 ὑπὸ
1665 4312 1778 4365 δέν-

1871 3122 2020 3177 neris
2049 3121 2328 3176 infamiam
2375 3123 2428 3176 in
2463 3123 2723 3178 honorem
2772 3124 3143 3179 converterit:
3185 3131 3444 3193 quantam

1871 3213 1926 3267 in
1950 3229 2048 3268 nos
2070 3213 2162 3268 Dei
2189 3214 2610 3283 indignationem
2636 3215 2690 3268 in
2715 3224 2971 3285 quantam
3012 3215 3444 3270 benevolentiam

1872 3307 2308 3360 commutaverit.
2335 3306 2444 3362 Nos
2478 3308 2730 3362 manibus
2766 3308 2882 3362 suis
2912 3307 3115 3362 eilinxit
3139 3306 3301 3365 Deus.
3335 3305 3445 3358 cibi

1873 3406 2064 3467 sponte
2099 3399 2372 3454 nascentis
2403 3415 2752 3469 possessores
2791 3400 3112 3464 constituit,
3151 3398 3446 3467 voluptatis

1873 3491 2108 3560 copiam,
2147 3498 2307 3545 terrae
2349 3490 2709 3546 ministerium
2747 3491 2915 3554 dedit,
2947 3492 3089 3545 aeris
3139 3491 3444 3551 servitium,

1874 3585 2040 3638 maris
2071 3584 2290 3638 divitias
2317 3584 2567 3653 praebuit,
2603 3584 2735 3638 solis
2760 3585 2964 3647 radios,
2995 3584 3138 3637 lunae
3160 3583 3444 3652 fulgorem,

1875 3679 2148 3726 astrorum
2179 3671 2446 3736 inﬂuxus,
2481 3673 2794 3727 animalium
2829 3674 3070 3727 omnium
3104 3673 3445 3742 obsequium.

1875 3762 1980 3818 Per
2011 3765 2246 3817 medium
2273 3763 2491 3817 transiit
2519 3763 2694 3818 hostis
2717 3762 2958 3832 quidam,
2991 3763 3083 3832 qui
3110 3761 3274 3815 Deum
3309 3763 3449 3815 invi-

1876 3855 1977 3910 dia:
2006 3870 2271 3910 accusans
2313 3857 2440 3909 dolo
2481 3857 2771 3925 persuasit.
2812 3855 2896 3908 Ad
2947 3855 3092 3910 illius
3125 3862 3304 3922 partes
3354 3853 3449 3909 de-

1877 3954 2067 4016 ceptus
2092 3948 2181 4002 ille
2213 3949 2428 4011 transit,
2457 3948 2752 4017 impietatis
2783 3948 2838 4001 in
2866 3946 3035 4001 Deum
3067 3947 3258 4000 morbo
3297 3945 3450 3998 labo-

1876 4046 1980 4100 rat,
2030 4046 2245 4105 pactum
2291 4037 2428 4089 clam
2474 4038 2574 4090 init
2624 4043 2815 4090 contra
2868 4034 3069 4098 Deum,
3118 4042 3306 4087 contra
3355 4032 3450 4087 Dei

1873 4127 2025 4196 jussa
2053 4143 2270 4181 manum
2293 4127 2552 4182 extendit.
2577 4127 2814 4197 Apparet
2843 4126 3004 4186 Deus,
3033 4126 3270 4194 iniquam
3297 4139 3448 4194 spem

1832 4260 1834 4262 τ
1879 4218 2182 4282 confundit,
2243 4217 2382 4288 fugit
2432 4227 2784 4287 conspectum
2838 4219 2956 4286 ejus
3013 4217 3228 4286 generis
3275 4215 3451 4268 nostri

1880 4311 2052 4380 origo,
2089 4312 2306 4380 depellit
2337 4326 2365 4363 a
2405 4328 2463 4367 se
2505 4313 2712 4366 crimen
2734 4351 2748 4375 ,
2782 4311 2884 4366 sub
2919 4310 3110 4362 arbore
3159 4306 3451 4361 abscondi-

206 4407 343 4478 δρον
371 4403 687 4475 κρύπτεται,
707 4403 1010 4474 φοϐουμένη
1033 4403 1123 4456 τὸν
1147 4403 1349 4456 κτύπον
1371 4405 1402 4473 ἡ
1434 4403 1767 4473 παρανόμους

1883 4410 1992 4464 tur,
2016 4402 2313 4471 metuitque
2342 4403 2652 4472 strepitum,
2683 4417 2803 4470 quae
2832 4401 3100 4469 ﬂagitiose
3142 4397 3208 4451 de
3249 4397 3453 4451 deitale

210 4492 586 4565 φαντασθεῖσα
612 4492 861 4563 θεότητα.
884 4493 996 4561 Τῆς
1012 4487 1111 4553 ,οὖν
1138 4492 1292 4558 ἀξίας
1316 4491 1605 4562 γυμνώσας
1627 4492 1776 4555 Θεὸς,

211 4583 518 4639 ἀπωθεῖται
541 4581 635 4636 τοῦ
672 4583 1000 4654 παραδείσου
1035 4583 1124 4635 τὸν
1151 4582 1455 4652 ἄνθρωπον,
1499 4582 1780 4652 μονονουχὶ

211 4672 444 4728 τοιαῦτα
482 4673 617 4743 πρὸς
645 4673 804 4726 αὑτὸν
835 4672 1339 4742 ἀποφθεγγόμενος
1373 4673 1485 4724 Οὐκ
1527 4672 1616 4723 ἐπὶ
1652 4671 1780 4723 ταύ-

212 4781 342 4827 ταις
366 4781 427 4816 σε
451 4764 560 4836 (18)
584 4767 699 4827 ταῖς
725 4763 932 4817 ἐλπίσιν
965 4764 1336 4834 έτεκτηνάμην
1364 4760 1472 4830 ἐγώ
1489 4779 1502 4791 ·
1539 4760 1663 4813 οὐτε
1688 4761 1777 4813 διὰ

212 4855 426 4919 »ταύτας
463 4856 520 4907 ἐν
559 4857 676 4918 ταῖς
726 4854 881 4924 χερσί
912 4870 1011 4923 μου
1079 4853 1301 4915 ταύταις
1347 4852 1639 4913 διέπλασα,
1694 4851 1782 4904 τὸν

211 4946 392 5016 πηλὸν
441 4947 520 5009 είς
554 4945 712 5015 φύσιν
763 4944 1210 5016 μεταμορφώσας.
1265 4945 1334 4998 Σὺ
1356 4944 1432 5008 δὲ,
1485 4945 1550 5015 ἣν
1598 4943 1784 5006 ἔλαϐες

294 5103 343 5135 ³⁸
379 5099 516 5158 Gen.
551 5102 704 5168 111,5.
783 5099 827 5132 ³³
865 5099 1007 5155 Psal.
1043 5113 1166 5163 cu,
1208 5100 1255 5152 1.

322 5255 408 5324 11)
448 5254 812 5321 Colbertinus,
844 5253 912 5307 τὰ
940 5253 1326 5324 ἀκοντίσματα.

325 5324 408 5392 12)
446 5326 810 5390 Colbertinus,
834 5324 1089 5392 γεγονώς.

300 5390 412 5472 (15)
453 5395 530 5472 Ita
557 5393 774 5472 Regius.
810 5390 878 5472 At
904 5390 1081 5457 Colb.,
1099 5392 1409 5472 γελώμενος
1432 5390 1663 5472 κάθηται
1693 5393 1786 5465 δή·

211 5461 351 5540 μοίς
378 5461 622 5534 ἀγγέλων
640 5461 1062 5534 ἀνυμνούμενος.
1099 5464 1155 5517 '0
1175 5461 1314 5525 ταῖς,
1340 5471 1444 5516 etc.
1469 5461 1610 5516 Editi
1629 5461 1780 5528 vero,

211 5535 534 5586 γελώμενος
558 5533 787 5586 κάθηται
809 5534 1018 5586 δήμιος.
1068 5535 1124 5586 '0
1150 5536 1288 5586 ταῖς.
1322 5533 1540 5586 omissis
1575 5535 1778 5586 multis.

265 5537 534 5606 ελώμενος
558 5537 787 5603 κάθηται
809 5537 1018 5603 δήμιος.
1068 5537 1124 5586 '0
1150 5537 1288 5597 ταῖς,
1322 5537 1540 5586 omissis
1575 5537 1778 5588 multis.

265 5603 1109 5684 ἐριρρίιειλοοὲδηδιεδήμαςι·
1319 5673 1332 5684 .
1481 5671 1506 5680 -
1625 5672 1637 5684 .
1740 5680 1749 5684 _

299 5676 414 5749 (Η)
435 5672 528 5729 1ια
559 5672 761 5744 Regius
782 5682 835 5728 et
861 5672 1015 5729 Colb.
1043 5672 1097 5728 in
1129 5672 1288 5729 editis
1316 5672 1581 5744 ἐνηχοῦσα
1606 5672 1778 5728 deest.

1884 4493 2168 4562 cogitarat.
2197 4492 2479 4547 Hominem
2505 4495 2687 4561 itaque
2728 4491 2870 4544 Deus
2895 4504 2994 4544 sua
3035 4487 3296 4556 dignitate
3324 4498 3452 4553 spo-

1884 4583 2074 4636 liatum
2110 4583 2260 4651 pellit
2302 4598 2367 4636 ex
2400 4582 2688 4652 paradiso,
2731 4589 3048 4647 tantumque
3080 4592 3190 4631 non
3223 4577 3293 4628 ita
3325 4587 3452 4628 eum

1887 4674 2230 4742 compellavit
2266 4691 2277 4726 :
2311 4671 2426 4726 Non
2459 4688 2559 4744 ego
2589 4672 2655 4726 ad
2703 4669 3012 4738 hujusmodi
3041 4682 3189 4737 spem
3231 4674 3284 4720 te
3319 4679 3454 4718 con-

1888 4763 2030 4828 didi;
2055 4778 2167 4818 non
2193 4763 2257 4817 ad
2282 4779 2400 4818 eam
2427 4779 2576 4832 spem
2617 4770 2670 4817 te
2696 4763 2946 4816 manibus
2972 4761 3110 4814 meis
3139 4757 3334 4817 eﬂinxi,
3362 4755 3450 4808 lu-

1888 4861 2002 4907 tum
2047 4854 2446 4909 transformans
2488 4855 2543 4908 in
2597 4853 2834 4907 hominis
2881 4857 3152 4904 naturam.
3194 4845 3276 4898 Tu
3321 4857 3451 4898 vero

1887 4960 2048 5015 quam
2080 4961 2111 5000 a
2145 4961 2229 5000 me
2258 4946 2515 5016 accepisti
2535 4959 2776 5009 manum,
2807 4950 2998 4998 contra
3023 4939 3237 5008 jussum
3270 4947 3448 4989 meum

1960 5250 2071 5322 (15)
2091 5249 2272 5314 Colb.,
2295 5247 2420 5372 ᾖδεν
2445 5249 2501 5302 ἐν
2528 5247 2732 5318 μέλεσι,
2753 5245 3009 5315 σήμερον.
3032 5239 3164 5309 Reg.
3188 5253 3313 5294 cum
3335 5237 3452 5326 edi-

1967 5361 1980 5372 .
2013 5323 2137 5372 ἰδεῖν
2160 5321 2215 5372 ἐν
2242 5322 2308 5372 μέ
2345 5336 2457 5371 εσιν
2481 5317 2814 5372 ἐπεθύμησε,
2840 5316 3096 5372 σήμερον.
3117 5310 3281 5362 Paulo
3305 5323 3448 5372 pom,

1888 5310 1980 5383 tis,
2013 5310 2137 5375 ἰδεῖν
2160 5321 2215 5372 ἐν
2242 5310 2457 5389 μέλεσιν
2481 5310 3096 5389 ἐπεθύμησεζξσήμερον.
3117 5310 3281 5389 Paullo
3305 5323 3448 5389 pom,

1887 5380 2036 5454 edi—ti,
2071 5380 2278 5444 καὶτὸν
2311 5380 2671 5459 παρ’νὲκείνῳζ
2700 5380 2795 5439 sed
2826 5385 2877 5435 in
2903 5380 3054 5459 golb.
3089 5380 3180 5459 καί
3208 5380 3382 5459 deest.

1960 5449 2067 5531 (16)
2108 5462 2183 5514 Ita
2216 5460 2370 5531 Colb.
2393 5449 2557 5531 'Editi
2602 5449 2877 5531 13ero_cu1_n
2902 5451 3057 5531 Μελ,
3079 5449 3448 5531 ἐπαγόμενος.

1959 5520 2068 5602 (17)
2109 5530 2424 5602 Παρέσχετο
2453 5527 2687 5602 dee_s_t_in
2723 5523 2892 5590 Regio
2921 5520 3333 5602 et-Col‘bertino.

1959 5592 2071 5672 (18)
2113 5592 2371 5655 Ita'Colh.
2410 5596 2466 5651 ln
2498 5597 2658 5651 editis
2689 5608 2837 5658 vero,
2874 5609 2931 5644 σε
2963 5592 3135 5646 deest.
