3860 6204
464 264 602 321 1095
1586 261 1642 316 S.
1678 255 2142 315 ATHANASIUS.
2185 286 2252 296 —
2290 256 2562 312 SPURIA.
3555 257 3707 314 £096

462 380 775 444 extendisti,
811 379 1096 450 factusque
1116 394 1176 434 es
1198 377 1398 433 diaboli
1428 376 1631 439 socius,
1658 391 1764 429 una
1793 389 1917 428 cum
1944 373 1978 425 il

2182 375 2264 444 αρ’
2284 372 2419 443 ἐμοῦ
2448 375 2626 443 χεῖρα,
2656 372 2799 426 κατά
2843 373 2941 443 τῆς
2976 372 3117 443 ἐμῆς
3153 372 3421 438 ἐξέτεινας
3451 374 3706 444 ἐντολῆς,

465 474 684 528 rebellis
707 480 897 526 contra
916 471 1233 526 Creatorem
1255 479 1429 522 tuum.
1456 467 1690 521 Proinde
1702 465 1787 520 exi
1805 480 1835 517 a
1860 463 1986 533 dign

2179 465 2227 517 xl.
2255 465 2484 532 γέγονας
2518 464 2766 517 διαϐόλου
2797 464 3142 535 συμμύστης,
3166 464 3304 518 κατά
3336 465 3431 518 τοῦ
3455 465 3703 535 Ποιητοῦ

467 573 575 620 tate
608 573 742 618 tua:
794 563 1100 617 honorabili
1143 561 1344 616 excede
1386 561 1545 615 loco:
1588 565 1734 611 terra
1768 572 1847 619 es,
1879 563 1933 608 et
1975 555 1988 606 i

2183 557 3033 628 ›μφραξάμενος(19).Τοιγαροῦν
3057 548 3193 621 ἔξιθι
3213 558 3313 627 τῆς
3344 558 3497 622 ἀξίας
3518 575 3531 587 ·
3554 559 3707 611 ἐντί·

467 665 666 710 terram
696 654 983 708 reverteris
1011 669 1023 702 :
1047 660 1317 706 revertere
1364 649 1431 702 ad
1463 649 1640 702 illam.
1668 647 1761 716 qui
1799 661 1861 700 ea
1893 659 1991 699 son

2179 666 2234 700 ου
2273 650 2470 720 χωρίου
2496 649 2813 719 μεθίστασο·
2841 653 2908 719 γῆ
2939 645 3006 712 εἴ,
3040 651 3134 702 καὶ
3165 651 3244 712 είς
3267 650 3367 718 γῆν
3396 648 3703 722 ἀπελεύσῃ.

467 744 629 798 niasti
656 758 775 812 quae
798 750 850 796 te
881 748 1246 810 exsuperant;
1281 739 1621 807 regrediatur
1654 745 1883 798 natura,
1916 749 1991 787 ma

2182 741 2476 812 Γπόστρεφε
2511 742 2647 812 πρὸς
2691 741 2878 812 αὐτὴν,
2914 743 2982 794 τὰ
3024 743 3163 812 ὑπὲρ
3191 742 3384 794 σαυτὸν
3421 742 3532 808 (‘20)
3559 759 3706 809 φαν-

467 845 605 889 trem
636 835 783 887 disce
806 840 1027 894 terram,
1059 838 1232 884 morte
1268 829 1430 902 400
1461 831 1526 883 ad
1567 830 1711 882 illam
1756 827 1991 880 remitten

2181 833 2374 897 ισθείςο
2424 835 2824 903 ἀνακαμπτέτω
2868 833 3026 886 πάλιν
3076 835 3109 903 ὴ
3159 833 3346 902 φύσις·
3406 833 3542 903 μάθε
3594 851 3705 903 μη-

470 928 596 981 dus.
629 925 753 978 Haec
784 933 910 979 sunt
937 925 1216 977 diabolicze
1245 922 1451 975 fraudis
1475 921 1712 990 prremia,
1735 920 1847 973 [nec
1879 920 1994 988 prin

2178 924 2262 996 ίρα
2289 924 2387 994 τὴν
2413 926 2536 994 γῆν,
2563 924 2775 994 Θανάτῳ
2810 923 2943 994 πρὸς
2976 923 3142 992 αύτὴν
3170 924 3702 993 παραπεμπόμενκ.

471 1019 598 1087 cipii
627 1017 840 1087 generis
869 1016 1039 1069 nostri
1073 1015 1317 1076 scicntia,
1349 1013 1452 1065 hoc
1485 1011 1797 1064 miserabile
1819 1009 1995 1063 drama

2182 1016 2319 1068 αὕτα
2352 1017 2449 1086 τῆς
2476 1015 2786 1084 διαϐολικῆς
2812 1016 3024 1086 ἀπάτης
3043 1015 3110 1066 τὰ
3144 1014 3376 1066 ἔπαθλα·
3407 1013 3581 1066 ταῦτα
3603 1013 3706 1081 τῆς

471 1130 578 1167 una
605 1129 728 1166 cum
759 1123 952 1164 natura
993 1117 1179 1162 nostra
1207 1107 1469 1161 introivit.
1519 1103 1624 1157 Sed
1664 1118 1772 1156 non
1809 1101 1994 1154 omnin

2181 1108 2226 1159 r3
2252 1108 2441 1176 γένους
2478 1109 2651 1178 ἀρχῆς
2675 1107 2743 1159 τὰ
2773 1108 3154 1178 γνωρίσματα·
3185 1105 3342 1158 τοῦτο
3371 1105 3429 1158 τὸ
3465 1105 3705 1157 ἐλεεινόν

470 1205 729 1260 sustinuit
756 1203 984 1256 Creator
1012 1199 1284 1268 opilieium
1318 1211 1476 1250 suum
1509 1196 1581 1246 ita
1623 1193 1864 1245 attritum
1910 1207 1994 1244 cer

2179 1201 2314 1270 »ἅμα
2369 1200 2684 1268 συνεισῆλθε
2719 1200 2828 1268 (21)
2876 1202 2942 1265 τῇ
2997 1200 3175 1266 φύσει.
3233 1198 3370 1250 Ἀλλ’
3421 1198 3522 1250 οὐκ
3570 1198 3703 1268 ἄχρι

471 1312 636 1359 nere;
680 1294 771 1348 sed
807 1292 1011 1362 pudore
1045 1297 1098 1342 et
1145 1290 1290 1341 luctu
1324 1286 1573 1339 alllictam
1616 1291 1888 1347 naturam,
1935 1297 1995 1334 ne

2183 1293 2330 1354 αντὸς
2358 1291 2585 1360 ἤνεγκεν
2614 1292 2642 1342 ό
2670 1289 3010 1360 Δημιουργὸς
3045 1288 3185 1360 ὀρῶν
3213 1287 3273 1340 τὸ
3314 1286 3707 1358 δημιούργημα

470 1403 579 1441 non
617 1401 769 1440 suam
811 1385 868 1437 in
916 1382 1183 1436 creaturis
1209 1388 1479 1434 errantem
1525 1377 1845 1446 imaginem,
1871 1374 1994 1426 misr

2180 1383 2572 1453 )ντρι6όμενον-
2599 1381 2827 1452 ᾧκτειρε
2846 1380 2902 1432 δὲ
2928 1379 3248 1448 αἰδουμένην
3270 1378 3363 1431 καὶ
3397 1377 3704 1430 πενθοῦσαν

469 1488 624 1533 ratus
652 1487 753 1530 est.
785 1476 925 1540 Quid
972 1475 1082 1543 agit
1128 1472 1295 1542 ergo?
1341 1469 1519 1539 Fingit
1561 1470 1790 1521 alterum
1835 1466 1993 1518 Adan

2183 1493 2229 1545 ἲν
2260 1475 2439 1544 φύσιν,
2477 1475 2570 1528 καὶ
2593 1475 2789 1543 ἠλέησε
2818 1473 2915 1543 τὴν
2947 1475 3005 1525 ἐν
3041 1475 3109 1543 τῇ
3145 1471 3314 1524 κτίσει
3343 1469 3707 1537 πλανωμένην

469 1585 644 1639 exque
681 1577 903 1629 natura,
943 1574 1152 1619 natura:
1198 1571 1486 1632 patronum
1532 1559 1822 1622 excitavit;
1874 1565 1993 1624 atqu

2187 1567 2332 1618 κόνα.
2369 1567 2433 1618 Τί
2455 1563 2547 1618 οὖν
2582 1569 2755 1629 ποιεῖς
2810 1565 3041 1616 Πλάττει
3086 1563 3246 1615 πάλιν
3283 1562 3468 1632 ἓτερον
3508 1561 3704 1629 Ἀδὰμ,

470 1670 671 1716 terram
699 1676 766 1712 ex
793 1658 1008 1726 Virgine
1039 1663 1340 1718 mutuatus,
1378 1652 1625 1706 efformat
1656 1652 1709 1703 in
1754 1650 1933 1718 seipso
1964 1664 1991 1700 a

2188 1679 2202 1713 ι
2247 1661 2344 1730 τῆς
2398 1660 2611 1728 φύσεως
2636 1657 2865 1727 ἐγείρων
2920 1656 3226 1726 προστάτην
3279 1657 3344 1724 τῇ
3374 1653 3566 1722 φύσει,
3613 1653 3712 1705 καὶ

472 1754 737 1808 veriorem
784 1750 1071 1814 imaginem
1113 1762 1311 1800 novum
1346 1743 1533 1798 letum.
1576 1741 1824 1810 Eilingit,
1875 1750 1996 1808 atqu

2184 1752 2265 1805 ὶῦν
2312 1753 2375 1803 ἐκ
2419 1750 2694 1821 Παρθένου
2735 1747 3132 1817 δανεισάμενος,
3168 1748 3362 1817 μορφοϊ
3405 1746 3542 1816 πρὸς
3567 1744 3708 1814 ἀλη-

472 1851 673 1904 manet,
701 1842 1003 1909 stolamque
1031 1847 1220 1892 texens
1251 1838 1308 1891 in
1339 1847 1515 1893 utero,
1538 1833 1689 1904 quasi
1722 1834 1774 1886 in
1801 1831 1996 1884 thalam

2183 1843 2393 1912 εστέραν
2427 1842 2610 1894 εἰκόνα
2657 1842 2714 1892 ἐν
2761 1839 2936 1910 ἐαυτῷ
2964 1837 3024 1890 τὺ
3057 1833 3418 1906 πλαττόμενον
3442 1835 3707 1907 ἔμϐρυον.

473 1936 624 2004 regio
656 1933 832 1986 induit
863 1931 1171 2000 imaginem,
1202 1935 1260 1981 ut
1290 1927 1538 1995 imaginis
1563 1925 1859 1978 nuditatem
1895 1923 1997 1976 vel:

2187 1934 2366 1987 λάττει
2413 1933 2504 1985 καὶ
2552 1931 2724 2002 μένει,
2753 1932 2846 1985 καὶ
2877 1931 3066 2001 στολὴν
3099 1929 3334 1998 ύφαίνων
3359 1929 3466 1999 (22)
3503 1932 3560 1981 ἐν
3598 1931 3710 2000 μή-

475 2033 577 2080 ret.
602 2023 800 2078 Eduxit
841 2021 984 2074 enim
1032 2019 1183 2072 illum
1221 2017 1410 2071 fraude
1435 2017 1792 2085 potentiorem
1825 2023 1879 2068 et
1915 2027 1999 2077 pet

2184 2044 2263 2096 σᾳ,
2307 2026 2381 2089 ὼς
2423 2028 2478 2078 ἐν
2513 2024 2742 2094 θαλάμῳ
2785 2022 3042 2093 βασιλικῷ
3080 2022 3318 2076 ἐνδύεται
3355 2023 3452 2091 τὴν
3496 2023 3708 2083 είκόνα,

475 2125 600 2170 cato
629 2115 982 2182 superiorem,
1016 2109 1378 2164 immortalem
1424 2109 1586 2162 etiam
1637 2114 1759 2174 post
1789 2115 1999 2159 morten'

2193 2136 2224 2170 a
2254 2117 2354 2186 τῆς
2384 2117 2590 2179 εἰκόνος
2628 2115 2850 2186 περιέλῃ
2889 2113 2986 2184 τὴν
3024 2113 3320 2184 γύμνωσιν.
3352 2113 3560 2176 Ἔδειξε
3599 2113 3714 2184 γὰρ

475 2207 821 2260 liberatorem
839 2220 905 2258 ex
938 2202 1224 2272 sepulcris,
1256 2201 1347 2270 qui
1385 2200 1438 2253 in
1480 2201 1733 2268 sepulcro
1780 2197 1922 2251 fuit:
1960 2207 1999 2249 aI

2190 2209 2353 2278 πάτης
2395 2207 2741 2278 ἰσχυρότερον
2779 2209 2870 2259 καὶ
2914 2207 3188 2277 ἁμαρτίας
3233 2204 3529 2276 ἀνώτερον,
3574 2204 3714 2258 ἀθά-

474 2314 583 2368 que
604 2296 1010 2351 immortalitate
1039 2309 1312 2348 coronans
1347 2292 1554 2362 ipsum,
1585 2291 1745 2344 hodie
1781 2291 1835 2343 in
1871 2289 1998 2342 cmlc

2191 2317 2296 2352 ιτον
2323 2301 2416 2352 καὶ
2452 2300 2590 2370 μετά
2617 2299 2862 2362 θάνατον,
2894 2297 2992 2350 καὶ
3017 2297 3220 2368 λυτῆρα
3251 2297 3437 2364 τάφων
3459 2298 3519 2348 ἐν
3549 2298 3715 2366 τάφῳ

475 2388 790 2450 transtulit,
839 2400 1183 2440 communem
1250 2382 1712 2452 pulchritudinem
1775 2381 1999 2435 creaturi

2191 2393 2454 2461 ενόμενον·
2497 2391 2592 2444 καὶ
2620 2390 2884 2459 ἀθανασίᾳ
2918 2387 3280 2458 στεφανώσας,
3310 2389 3545 2458 σήμερον
3572 2388 3715 2457 aps;

479 2479 750 2543 tribuens,
778 2475 988 2530 scilicet
1014 2482 1224 2528 natura:
1253 2473 1543 2543 primitias.

2190 2483 2400 2553 ιρανοὺς
2442 2481 2752 2552 ἀνεκόμισε,
2789 2479 2963 2532 κοινὸν
3006 2477 3428 2546 ἐγκαλλὼπισμα
3471 2480 3539 2547 τῇ
3588 2477 3714 2530 κτί-

2143 2594 2225 2629 σει
2254 2577 2388 2647 ('23,,
2424 2577 2521 2647 τὴν
2557 2577 2656 2647 τῆς
2694 2575 2906 2645 φύσεως
2939 2574 3191 2645 ἀπαρχὴν
3229 2571 3641 2643 δωρησάμενος.

545 2683 602 2737 3.
633 2682 716 2737 An
747 2680 929 2750 igitur,
958 2677 1157 2734 dixerit
1187 2676 1478 2748 quispiam,
1512 2675 1603 2746 qui
1634 2683 1764 2729 tunc
1794 2675 1874 2728 ira
1894 2688 2045 2728 com-

2209 2657 2242 2695 i!
2293 2664 2365 2720 *Α
2405 2668 2418 2687 ν
2476 2665 2501 2700 3'
2614 2669 2634 2680 “
2758 2685 2788 2701 ρ
2819 2686 2841 2698 ρ
3013 2665 3181 2698 τρι-’.-
3279 2683 3288 2697 .
3365 2663 3389 2675 ’⁸
3511 2684 3519 2696 ι

2210 2693 2263 2723 ο.
2374 2686 2402 2739 ρ
2445 2687 2557 2732 ουν,
2581 2685 2724 2720 ειποι
2770 2685 2838 2730 ιι,
2876 2666 2962 2728 ἂν,
2997 2685 3069 2728 ως
3102 2682 3209 2717 .ο.ε
3246 2663 3399 2734 θδμῳ
3436 2664 3535 2732 μὲι
3573 2680 3715 2733 κρα-

478 2782 661 2829 motus
693 2781 807 2826 erat
838 2770 1098 2834 Creator,
1129 2784 1253 2822 cum
1293 2783 1483 2822 recens
1521 2766 1696 2820 adhuc
1740 2773 2002 2834 transgres

2191 2759 2398 2829 δύμενος
2429 2761 2456 2812 ό
2489 2765 2561 2829 Δη
2573 2757 2828 2829 μιουργδς
2852 2757 2998 2827 παρά
3029 2755 3194 2817 πόδας
3215 2754 3379 2825 οὔσης
3405 2757 3506 2823 τῆς
3532 2770 3715 2823 παρα-

479 2867 564 2921 sio
589 2871 757 2927 esset,
795 2862 1082 2933 imaginem
1119 2861 1538 2922 exsecrabatur,
1573 2867 1628 2913 et
1674 2874 1796 2912 cum
1842 2859 2003 2913 odiss¢

2191 2853 2375 2914 isswg,
2424 2852 2522 2921 τὴν
2567 2849 2750 2902 εἰκόνα
2791 2848 3168 2918 βδελύττεται,
3221 2847 3311 2898 καὶ
3351 2847 3591 2915 μισήσας
3616 2847 3715 2912 τὴν

480 2958 830 3018 sententiam,
885 2953 1267 3008 condemnavit
1322 2961 1611 3018 naturam;
1667 2965 1814 3004 nunc
1868 2957 2004 3003 auter

2195 2943 2368 3014 δώμην
2395 2941 2750 3005 καταδικάζει
2781 2943 2878 3011 τὴν
2927 2941 3119 3010 φύσιν·
3153 2939 3269 2991 νυνὶ
3295 2939 3352 2991 δὲ
3394 2939 3572 3009 χρόνῳ
3622 2955 3719 3007 με-

478 3048 666 3117 elapso
715 3052 982 3113 tempore,
1028 3041 1275 3111 deposita
1317 3040 1708 3111 indignatione,
1757 3037 2002 3107 animoqu

2191 3035 2406 3106 ῑμαθὼν
2433 3035 2532 3105 τὴν
2571 3034 2964 3104 ἀγανάκτησιν,
2998 3031 3358 3102 μαλαχθέντος
3392 3029 3486 3081 τοῦ
3514 3029 3715 3098 θυμοῦ,

481 3140 690 3200 sedato,
721 3151 845 3190 eum
878 3134 972 3204 qui
1014 3141 1388 3204 transgressus
1425 3132 1600 3186 fuerat
1645 3129 2005 3200 perhumanite

2194 3143 2236 3180 >ν
2256 3127 2550 3199 ἠδικηκότα
2575 3126 2762 3193 φιλανθ
2773 3124 3072 3197 ρωπεύεται
3093 3141 3107 3188 ;
3128 3122 3400 3193 Ούμενοῦν
3421 3138 3432 3150 ·
3458 3119 3583 3173 οὔτε
3605 3120 3718 3190 γάρ

481 3229 714 3302 accipit?
735 3228 1107 3297 Nequaquam,
1151 3241 1325 3294 neque
1355 3224 1498 3278 enim
1540 3223 1631 3276 illa
1671 3223 1821 3292 prius
1860 3234 2005 3292 gesta

2196 3222 2328 3272 ιε’ίνα
2357 3217 2526 3289 θυμὸς
2563 3217 2707 3288 (24),
2753 3215 2878 3271 οὔτε
2923 3215 3093 3268 ταῦτα
3140 3213 3467 3285 μεταμέλεια
3510 3212 3720 3275 πάθους

482 3325 600 3388 ira;
643 3337 818 3391 neque
860 3321 1001 3382 haec,
1031 3317 1253 3372 aﬂ‘ectus
1294 3315 1625 3386 pmnitentiaa
1669 3316 1892 3384 largitus
1927 3321 2006 3369 est

2197 3314 2455 3382 ιρίζεταιο
2485 3311 2599 3365 ἀλλ’
2647 3310 2852 3366 ἀνωθεν
2901 3308 3064 3381 ὁρῶν,
3111 3308 3261 3373 τάξιν
3317 3306 3570 3378 βραϐεύει
3608 3307 3721 3367 τοῖς

482 3413 580 3469 sed
611 3413 845 3480 desuper
877 3409 1193 3478 respiciens,
1225 3407 1317 3460 dat
1346 3407 1591 3460 ordinem
1624 3407 1810 3461 rebus.
1850 3403 2006 3458 Vider

2197 3405 2496 3476 ράγμασιν·
2528 3403 2670 3474 ὁρῶν
2703 3402 2813 3474 γὰρ
2838 3406 2902 3474 τῇ
2933 3402 3028 3456 τοῦ
3066 3401 3295 3455 θανάτου
3326 3397 3594 3469 καταδίκῃ
3623 3397 3721 3467 τὴν

482 3504 630 3560 enim
694 3501 1041 3555 damnatione
1113 3498 1306 3552 mortis
1364 3505 1690 3566 prostratam
1756 3506 2006 3550 naturam

2197 3498 2308 3550 ύσιν
2359 3494 2727 3561 ὀκλάζουσαν,
2779 3495 2874 3548 καὶ
2935 3493 3046 3546 τῶν
3104 3492 3456 3563 ἀνθρωπίνων
3509 3489 3721 3541 ὠδίνων

482 3603 537 3650 et
600 3592 852 3648 humanis
903 3589 1184 3644 doloribus
1254 3597 1501 3658 paratum
1566 3588 1877 3658 sepulcrum
1956 3601 2006 3641 re

2196 3605 2363 3659 τοιμον
2410 3589 2500 3643 τὸν
2549 3589 2719 3656 τάφον
2760 3587 3020 3655 διάδοχον,
3051 3586 3146 3638 καὶ
3187 3583 3413 3636 πλοῦτον
3458 3581 3555 3634 τοῦ
3593 3581 3720 3650 ᾤου

483 3684 850 3754 ceptaculum,
877 3680 1204 3749 divitiasque
1234 3678 1428 3732 inferni
1461 3677 1575 3732 fore
1609 3678 1888 3730 hominum
1917 3693 2007 3747 pra

2198 3680 2432 3750 ινόμενον
2467 3677 2575 3732 τῶν
2606 3676 2906 3749 ἀνθρώπων
2928 3677 3025 3746 τὴν
3051 3675 3245 3745 θήραν,
3279 3675 3370 3727 καὶ
3394 3672 3722 3742 καθημέραν

484 3776 632 3839 dam,
663 3790 726 3829 ac
757 3773 1000 3844 quotidie
1041 3780 1268 3826 mortem
1319 3771 1592 3841 grassari;
1644 3754 1862 3825 solvens
1898 3786 2008 3826 com

2197 3773 2381 3825 ινάτου
2420 3771 2700 3840 γινόμενον
2734 3769 3110 3840 παρανάλωμα
3144 3767 3277 3837 (25),
3321 3765 3460 3817 λύων
3494 3765 3598 3834 τὴν
3626 3765 3721 3833 τῆς

485 3867 800 3921 minationis
829 3866 999 3919 aciem
1030 3863 1194 3926 Deus,
1219 3877 1368 3934 spem
1403 3862 1584 3916 statim
1625 3862 2009 3916 immortalitati

2198 3863 2378 3933 πειλῆς
2427 3862 2610 3932 ἀκμὴν
2661 3861 2690 3912 ὁ
2737 3859 2904 3923 Θεὸς,
2959 3858 3151 3912 ἐλπίδα
3207 3857 3367 3920 εὐθὺς
3419 3855 3722 3916 ἀθανασίας

485 3956 670 4027 generi
701 3955 920 4010 exhibet
951 3956 1211 4016 humano,
1246 3961 1508 4022 raptoque
1545 3968 1610 4007 ex
1643 3953 1836 4008 mediis
1876 3953 2009 4005 hom?

2197 3953 2426 4008 νατέλλει
2457 3954 2533 4024 τῷ
2563 3953 2728 4020 γένει,
2756 3953 2850 4005 καὶ
2877 3953 2965 4004 τὸν
3002 3949 3170 4020 Ἑνὼχ
3215 3952 3277 4002 ἐκ
3313 3949 3493 4018 μέσων
3536 3948 3721 4017 ἀρπά-

487 4044 652 4096 nibus
675 4040 915 4102 Enocho,
943 4049 1176 4093 mortem
1203 4040 1481 4092 hominum
1517 4047 1826 4108 superatam
1867 4048 2011 4092 osten

2202 4064 2274 4110 ις,
2308 4045 2530 4098 θάνατον
2563 4042 2864 4115 ἀνθρώπων
2891 4040 3200 4112 ἡττώμενον
3229 4040 3416 4104 ἔδειξε,
3455 4039 3552 4090 καὶ
3597 4037 3726 4106 θνη-

485 4133 613 4188 dit:
655 4133 949 4202 docuitque
1002 4131 1284 4184 mortalem
1332 4137 1582 4184 naturam
1627 4131 2009 4183 immortalitati

2201 4152 2253 4203 ην
2269 4134 2429 4204 φύσιν
2461 4133 2735 4187 ἐδίδασκεν
2758 4134 2917 4204 ὅρους
2942 4131 3239 4194 ἀθανασίας
3259 4129 3599 4199 ἐκδέχεσθαι,
3630 4129 3725 4181 καὶ

486 4227 750 4280 terminos
785 4226 1059 4292 accipere,
1095 4230 1258 4290 atque
1298 4229 1431 4274 tunc
1469 4220 1690 4275 edidicit
1732 4221 1824 4274 illa
1861 4221 2010 4275 morti

2197 4229 2287 4291 ἕως
2321 4227 2550 4281 θανάτου
2588 4227 2786 4298 δρόμον
2826 4224 2936 4295 (26)
2963 4223 3263 4294 ἐμάνθανεν
3311 4219 3721 4291 ἐμποδίζεσθαιο

487 4330 709 4370 cursum
740 4313 1035 4383 impedire:
1069 4313 1311 4381 justique
1333 4311 1639 4375 translatio,
1680 4313 1871 4366 mortis
1905 4313 2006 4366 coli

2198 4320 2248 4373 αὶ
2272 4321 2306 4389 ἡ
2331 4318 2423 4371 τοῦ
2439 4315 2646 4370 δικαίου
2666 4315 3012 4385 μετάστασις,
3030 4312 3258 4365 θανάτου
3279 4310 3466 4370 στάσις
3488 4308 3722 4376 ἐγίνετο.

486 4406 622 4460 bitio
650 4404 772 4458 fuit.
806 4404 862 4458 ld
908 4405 964 4456 in
1006 4402 1186 4456 medio
1215 4404 1364 4456 luctu
1401 4411 1604 4463 actum,
1641 4410 1891 4456 naturam
1922 4403 2010 4458 cdr

2201 4408 2324 4461 οὗτο
2373 4407 2654 4477 γινόμενον
2698 4406 2756 4456 ἐν
2809 4405 2957 4475 μέσῳ
2983 4402 3189 4465 πένθει,
3241 4399 3570 4469 παλινῳδίαν
3626 4400 3725 4464 τὴν

486 4493 601 4547 cuit
626 4492 955 4562 palinodiam
981 4506 1196 4554 canere,
1235 4506 1299 4544 ac
1329 4507 1477 4561 spem
1511 4507 1726 4546 sumere
1752 4494 2010 4548 melioreu

2203 4499 2315 4553 ύσιν
2344 4499 2606 4560 ἐδίδασκε,
2639 4497 2732 4550 καὶ
2771 4497 3033 4566 χρησταῖς
3063 4493 3273 4545 ἐλπίσιν
3305 4490 3571 4543 ἀνίεσθαι.
3608 4489 3727 4541 Ἵνα

489 4582 565 4638 Ne
584 4591 763 4638 autem
796 4584 991 4636 iterum
1049 4584 1205 4636 multi
1250 4584 1507 4652 temporis
1545 4583 1810 4639 decursus
1846 4601 2013 4640 memo

2202 4610 2209 4643 ί
2251 4591 2324 4662 μὴ
2353 4589 2541 4660 χρόνος
2569 4587 2727 4641 πάλιν
2757 4589 2815 4638 ὲν
2856 4586 3003 4655 μέσῳ
3033 4583 3171 4654 ρέων
3211 4583 3378 4644 πολὺς
3404 4579 3726 4651 κατακλύσῃ

488 4674 626 4728 riam
682 4673 930 4726 miraculi
979 4673 1126 4728 illius
1148 4674 1503 4739 oblitteraret,
1559 4677 1783 4745 speique
1829 4679 2012 4748 vestigi

2203 4697 2253 4749 ἰν
2298 4680 2514 4749 μνήμην
2581 4676 2675 4730 τοῦ
2719 4676 3025 4745 θαύματος,
3068 4674 3190 4736 καὶ,
3241 4674 3306 4726 τὰ
3365 4673 3463 4742 τῆς
3512 4671 3727 4734 ἐλπίδος

488 4764 711 4826 deleret,
740 4763 906 4816 animi
933 4765 1426 4818 consternationem
1448 4775 1670 4835 augeret
1701 4782 1713 4817 :
1745 4783 1880 4823 neve
1906 4785 2012 4823 mor

2203 4773 2459 4842 παλείψας
2503 4772 2644 4842 ἴχνη,
2688 4771 2787 4841 τὴν
2827 4769 3066 4839 ἀθυμίαν
3108 4767 3338 4840 αὐξήσῃ,
3377 4766 3472 4820 καὶ
3510 4766 3675 4817 πάλιν
3701 4766 3727 4816 ὁ

491 4855 803 4911 hominibus
840 4853 1153 4909 horribilior
1191 4864 1510 4924 appareret,
1540 4859 1862 4912 miraculum
1895 4876 2015 4931 repe

2201 4866 2384 4928 ίινατος
2412 4865 2553 4918 κατά
2573 4865 2682 4916 τῶν
2707 4862 3005 4934 ἀνθρώπων
3035 4860 3407 4931 φοϐερώτερος
3435 4859 3725 4928 ῳαίνηται·

490 4949 574 5013 tit,
601 4945 912 5015 donumque
943 4945 1206 5014 duplicat,
1238 4945 1518 5015 adfuitque
1552 4949 1725 5002 victor
1765 4948 1911 5004 Elias
1960 4950 2014 5004 ad

2204 4957 2519 5026 θαλαμϐάνει
2550 4956 2610 5009 τὸ
2631 4955 2816 5026 θαῦμα
2845 4956 2940 5008 καὶ
2964 4951 3303 5015 διπλασιάζει
3329 4950 3390 5004 τὸ
3418 4951 3617 5021 δῶρον,
3636 4950 3728 5002 καὶ

492 5053 681 5094 versus
707 5045 935 5092 mortem
960 5045 1216 5103 vocatus;
1241 5037 1333 5106 qui
1356 5053 1487 5092 voce
1510 5038 1682 5093 nubes
1707 5055 2016 5109 percurrens

2200 5045 2336 5116 αρῆν
2363 5045 2544 5108 Ἠλίας
2575 5045 2802 5114 νικητὴς
2826 5042 2970 5098 κατά
2987 5042 3081 5096 τοῦ
3112 5042 3339 5096 θανάτου
3362 5039 3724 5111 καλούμενος·

558 5238 842 5313 (i9)_Reg.
881 5245 936 5294 et
955 5236 1137 5302 Colb.,
1182 5237 1657 5310 συμφραξάμενος.
1703 5238 1871 5305 Editi,
1912 5257 2056 5312 συμ-

2227 5243 2339 5312 (24)
2378 5241 2874 5313 (1011),,7ούμενοῦν,
2892 5240 3016 5294 οὔτε
3044 5241 3361 5313 γάρᾷἐκεῖνα
3385 5240 3570 5313 θυμῷ,
3592 5238 3723 5310 Reg.

493 5309 708 5381 ,ρρυαξά
755 5326 890 5371 ενος.
1344 5309 1349 5310 ⁷
1985 5309 1994 5312 ⁷

559 5379 668 5433 rem
709 5327 803 5433 Sic
829 5378 961 5433 Reiz.
991 5387 1045 5432 et
1067 5377 1222 5433 Colb.
1257 5377 1400 5432 Editi
1426 5393 1574 5433 vero.
1597 5379 1737 5433 ὑπὲρ
1766 5379 1948 5432 αὐτόν.

2199 5309 2304 5377 ero,
2323 5309 2626 5382 Ούμενοῦνο
2659 5309 2783 5364 οὒτε
2809 5313 2919 5378 γὰρ
2947 5309 3134 5365 ἐκεῖνα
3159 5311 3350 5382 θυμός.
3385 5309 3560 5366 Paulo
3585 5309 3723 5382 post,

2201 5383 2334 5433 olb..
2354 5383 2502 5433 τάξει
2533 5382 2787 5433 Βοαϐεύει

709 5377 961 5460 §ic_Reg.
991 5377 1222 5460 e't‘golb:
1252 5377 1400 5460 “Editi
1426 5393 1574 5460 vero.
1597 5379 1737 5460 ύπέρ
1763 5379 1952 5460 αὐτόνε

1262 5377 1400 5460 Editi
1426 5393 1574 5460 vero.
1597 5379 1737 5460 ύπέρ
1763 5379 1952 5460 αὐτόνε
2156 5381 2334 5447 Colb.,
2354 5377 2502 5448 τάξει
2533 5382 2786 5454 βραϐεύει

556 5446 669 5518 (21)
711 5449 887 5513 Colb.,
914 5446 1159 5518 συνῆλθε.
1185 5446 1330 5502 Infra
1350 5448 1657 5520 idem,6pq‘tv
1680 5446 1741 5502 τδ
1758 5449 2052 5521 δημιούργ.

559 5517 670 5599 (232
707 5517 865 5599 βεεν
899 5518 1220 5599 ὲμφφίνιινε.
1327 5589 1365 5599 _
1926 5589 1938 5599 .

2201 5474 2338 5599 Ξὲεε)
2379 5446 2478 5529 Hic
2509 5446 2662 5530 locus
2685 5475 2888 5532 citatur
2920 5489 2950 5527 a
2984 5472 3249 5529 Michaele
3284 5473 3456 5546 Glyca
3494 5490 3551 5546 p.
3585 5471 3725 5530 89et

559 5546 670 5588 χιιι)
707 5546 865 5585 μεθ..
899 5546 1198 5587 ιμψιιινων.

557 5587 671 5658 (25)
701 5587 782 5658 ,Ιῐο
811 5585 1049 5658 Βοεεει
1107 5587 1262 5658 ροιυ.
1326 5588 1468 5643 Editi
1516 5604 1668 5653 vero,
1705 5589 2055 5658 στεφανώσας

1089 5546 1241 5642 ’ἵᾎὶδ
1326 5588 1468 5643 Editi
1516 5604 1646 5644 vero
1925 5589 1938 5605 '
2159 5546 2285 5600 m‘

1123 5655 1151 5658 ᾳ
1247 5626 1262 5642 ο
1653 5629 1668 5653 ν
1705 5607 2055 5658 στεφανωσας
2232 5637 2336 5658 In,“
2379 5636 2613 5658 ρ-η-Α-..ε

497 5634 668 5708 κοίξιῖηἰ
695 5634 1074 5722 ἐῆῐιᾶλᾶῗίὴῖἑι.
1115 5634 1277 5728 ῐέξῖ,
1321 5634 2021 5730 ἔῖῖ’ᾧύέἆ’,”ῥτῖ›⁷ἒῇἒςὲῗᾶἆ

2229 5637 2338 5708 (26)
2379 5636 2750 5705 Colbertinus,
2767 5635 3019 5706 δρόμους.
3041 5634 3200 5706 Reg.,
3224 5634 3445 5707 δρόμος.
