3878 6208
157 282 307 338 1997

1041 308 1053 318 ~
1112 282 1341 340 SERMO
1378 282 1445 339 IN
1482 280 2019 343 A‘SSUMPTIONEM
2054 287 2306 346 DOMINL

3245 297 3384 353 1098

141 400 258 465 6;,
316 403 466 474 φωνῇ
519 401 618 465 τάς
652 401 880 472 νεφέλας
930 402 1290 475 ὑποδραμὼν,
1338 403 1551 476 οὐρανῷ
1598 406 1716 476 περὶ

1825 408 1964 463 caelo
1989 409 2373 467 interminatus
2400 418 2485 468 est
2509 428 2578 469 ne
2600 410 2829 484 plueret,
2853 422 3016 485 atque
3037 415 3200 487 ligata
3223 418 3389 472 verbo

154 492 427 562 ἀϐροχίας
472 492 734 564 ἠπείλησε
758 532 772 558 ,
816 492 908 547 καὶ
952 496 1152 566 ῥήματι
1197 496 1361 567 δήσας
1403 495 1500 566 τὴν
1546 495 1724 549 κτίσιν

156 583 381 653 ἡνίοχος
429 581 538 636 τῶν
579 584 857 654 στοιχείων
888 585 1123 651 ἐγένετο,
1170 585 1382 659 γλώττῃ
1414 587 1585 657 μικρᾷ
1610 584 1723 656 (27)

156 674 264 743 τῆς
304 672 529 737 κτίσεως
567 673 849 738 συστείλας
886 675 1012 737 τοὺς
1054 676 1261 739 οἴακας.
1295 677 1426 729 Τότε
1476 678 1537 729 τὸ
1579 676 1723 747 μέγα

160 764 354 835 θαῦμα
391 764 696 829 δείκνυται,
732 765 1016 837 ἄνθρωπον
1048 768 1274 838 οὐρανὸς
1309 768 1719 839 αἰσχυνόμενος·

160 856 255 909 ἵνα
276 856 382 927 γὰρ
411 854 484 926 μὴ
506 857 565 909 τὸ
586 856 678 908 τοῦ
705 856 893 927 ἀνδρὸς
918 857 1128 922 εὐτελὲς
1156 857 1430 930 ύποκλέψῃ
1458 859 1556 930 τῆς
1582 858 1721 911 κατά

156 944 257 998 τοῦ
309 945 539 999 θανάτου
576 946 733 1017 νίκης
779 945 877 1017 τὴν
923 946 1191 1017 αἴσθησιν,
1240 947 1512 1019 γνώριμον
1562 948 1721 1001 αὐτὸν

161 1036 385 1106 πρῶτον
412 1040 478 1107 τῇ
535 1037 645 1107 (28)
689 1038 862 1090 κτίσει
908 1040 1055 1109 πάσῃ
1101 1039 1419 1112 προτίθησι,
1478 1041 1570 1093 καὶ
1602 1040 1721 1093 τότε

156 1128 338 1198 πυρὸς
371 1129 605 1199 ὀχήματι
633 1128 823 1192 ἐπιϐὰς
859 1130 1141 1200 παραδόξῳ
1179 1133 1372 1201 πτήσει
1412 1132 1505 1184 καὶ
1539 1131 1722 1202 δρόμῳ

161 1223 318 1274 κάτω
371 1219 763 1290 καταλιμπάνει
806 1220 896 1272 τὸν
936 1220 1191 1275 θάνατον·
1223 1223 1316 1275 καὶ
1348 1222 1599 1276 ἀλλάσσει
1631 1225 1721 1275 τὸν

157 1312 329 1383 νόμον
377 1313 474 1382 τῆς
510 1312 724 1380 φύσεως
771 1311 959 1382 ὴάξία
993 1312 1093 1384 τῆς
1136 1313 1376 1385 χάριτος.
1422 1313 1719 1386 Ἀνελήφθη

156 1406 273 1477 γὰρ
315 1403 498 1467 Ἠλίας
539 1405 614 1467 ὡς
665 1407 744 1468 είς
788 1404 877 1457 τὸν
919 1406 1172 1475 οὐρανὸν,
1225 1407 1317 1460 καὶ
1374 1409 1645 1479 κέκραγεν
1692 1411 1720 1479 ή

157 1498 353 1569 Γραφὴ
379 1497 438 1549 τὸ
464 1496 666 1567 θαῦμα,
702 1500 811 1560 τοῖς
850 1496 991 1560 ὅλοις
1034 1498 1195 1550 αἰὼσι
1237 1500 1302 1568 τῇ
1347 1501 1495 1568 φωνῇ
1539 1514 1718 1568 παρα-

100 1652 113 1659 ξ
159 1590 479 1660 πέμπουσα.

233 1681 288 1735 4.
324 1682 394 1734 Σὺ
423 1681 480 1735 δέ
526 1698 612 1752 μοι
661 1678 874 1744 λοιπὸν,
921 1681 1189 1751 ἀγαπητὲ,
1234 1680 1334 1751 τῆς
1378 1681 1572 1745 λέξεως
1621 1682 1718 1752 τὴν

1825 512 2007 553 rerum
2038 507 2255 565 natura,
2283 504 2471 573 auriga
2494 503 2885 560 elementorum
2921 505 3095 561 factus
3130 513 3242 572 est,
3263 522 3389 566 cont-

1822 589 2013 644 tractis
2043 605 2209 658 parva
2237 607 2334 647 sua
2358 592 2540 663 lingua
2560 602 2941 649 creaturarum
2981 596 3385 666 gubernaculis.

1824 677 1960 759 Tum
1993 682 2196 750 grande
2222 684 2510 739 exhibetur
2541 684 2862 741 miraculum
2882 726 2899 753 ,
2925 687 3123 742 coelum
3166 704 3387 745 revere-

1821 776 1924 824 tur
1955 772 2270 828 hominem:
2303 789 2425 828 nam
2472 790 2541 830 ne
2590 776 2829 832 hominis
2878 778 3117 834 tenuitas
3160 795 3380 836 sensum

1822 862 2066 916 victoria:
2117 863 2184 917 de
2234 871 2406 919 morte
2460 872 2748 934 reportata:
2814 864 3202 932 suffuraretur,
3257 884 3383 923 eum

1818 951 2000 1021 primo
2060 954 2328 1008 creaturis
2367 955 2621 1011 omnibus
2671 965 2859 1010 notum
2910 956 3117 1023 reddit,
3156 973 3221 1013 ac
3265 966 3384 1011 tum

1824 1044 1915 1098 ille
1952 1044 2180 1115 ignitum
2223 1046 2595 1101 conscendens
2643 1061 2889 1112 currum,
2934 1047 3167 1102 mirabili
3202 1051 3386 1103 volatu

1821 1144 1876 1189 et
1897 1148 2084 1198 cursu,
2130 1143 2357 1190 mortem
2409 1135 2549 1189 infra
2597 1137 2897 1207 relinquit,
2959 1145 3239 1209 mutatque
3283 1155 3385 1194 na-

1823 1236 1959 1281 tura;
1987 1227 2158 1298 legem
2186 1227 2421 1298 dignitas
2452 1229 2654 1299 gratiae.
2682 1228 3007 1299 Assumptus
3042 1246 3278 1302 namque
3302 1240 3387 1288 est

1824 1316 2007 1373 Helias
2057 1317 2213 1387 quasi
2270 1318 2326 1372 in
2379 1319 2598 1382 cmlum,
2637 1317 3024 1389 Scripturaque
3063 1320 3387 1376 miraculum

1822 1408 2198 1476 proclamavit,
2234 1409 2486 1463 omnibus
2526 1410 2703 1480 ipsum
2747 1411 2960 1466 saeculis
2997 1426 3130 1467 voce
3176 1413 3386 1484 signiﬁ-

1820 1513 1979 1557 cans.
2946 1534 2975 1555 ι

1894 1673 1948 1728 4.
1981 1672 2101 1729 1am
2129 1684 2189 1730 tu
2222 1676 2354 1731 mihi
2376 1718 2391 1743 ,
2425 1676 2653 1743 dilecte,
2686 1668 2840 1734 vocis
2870 1679 3268 1734 accurationetn
3305 1686 3386 1732 at-

156 1771 445 1844 ἀκρίϐειαν
492 1740 789 1842 σκόπησον·
823 1740 917 1824 καὶ
970 1740 1049 1842 μή
1086 1740 1147 1825 σε
1178 1740 1413 1844 διαλάθῃ
1451 1740 1716 1843 συλλαϐής

1821 1767 2002 1835 tende,
2032 1784 2135 1824 nec
2177 1770 2275 1825 tibi
2328 1740 2530 1825 lateant
2579 1740 2865 1841 descriptae
2914 1772 3133 1844 syllaba:
3186 1772 3390 1827 divitiae

157 1863 436 1937 γραφικῆς
466 1864 751 1934 περιουσία
796 1865 889 1917 καὶ
916 1863 1170 1934 δύναμις·
1215 1863 1348 1934 μηδὲ
1395 1866 1461 1935 τῇ
1499 1863 1598 1934 τῆς
1629 1863 1716 1916 λέ-

159 1954 300 2021 ξεως
336 1955 656 2028 παραδρομῇ
704 1955 781 2025 τῷ
807 1956 1041 2029 δεσπότῃ
1086 1956 1177 2009 τὸν
1223 1955 1441 2026 οἰκέτην
1491 1956 1716 2027 νομίσῃς

149 2047 430 2116 ἰσότιμον·
483 2047 543 2103 οὐ
598 2047 705 2119 γὰρ
756 2048 836 2110 είς
879 2046 1102 2118 οὐρανὸν
1155 2045 1338 2109 Ἠλίας
1396 2046 1712 2121 ἀνέρχεται,

155 2136 302 2200 οὐδὲ,
331 2134 638 2207 διαδραμὼν
682 2135 744 2188 τὸ
781 2135 1088 2207 στερέωμα,
1121 2138 1231 2198 τοῖς
1280 2136 1457 2188 ἐκεῖσε
1498 2135 1716 2207 χωρίοις

155 2228 471 2292 αὐλίζεται·
506 2227 617 2280 ἀλλ’
643 2228 900 2290 ἄκουσον,
928 2226 981 2280 τί
1019 2243 1181 2296 φησιν
1221 2229 1249 2279 6
1292 2226 1535 2295 ἀνάγων·
1568 2244 1588 2276 ι
1630 2227 1717 2279 Ἐν

155 2321 217 2374 δέ
243 2320 319 2391 τῷ
351 2319 571 2389 ἀνάγειν
610 2319 810 2391 Κύριον
848 2319 938 2372 τὸν
976 2318 1178 2383 Ἠλίαν,
1214 2319 1289 2382 ὡς
1329 2322 1406 2384 εἰς
1437 2319 1526 2373 τὸν
1558 2320 1718 2390 οὐρα-

156 2410 252 2463 νόν
272 2426 286 2437 ·
324 2428 342 2462 ι
371 2411 463 2463 καὶ
491 2409 649 2463 πάλιν
680 2409 849 2482 μικρά
870 2409 1016 2474 λέξις
1037 2426 1051 2440 ·
1084 2427 1102 2460 ι
1136 2411 1371 2481 Ἔστησε
1408 2411 1499 2465 τὸν
1532 2411 1717 2464 Ἥλίαν

155 2502 299 2574 πρὸς
315 2501 381 2555 τά
404 2503 513 2557 ἀνω
538 2504 849 2576 φερόμενον·
869 2504 1050 2574 ’Δρκεῖ
1067 2502 1174 2573 γὰρ
1192 2500 1268 2572 τῷ
1292 2504 1539 2575 προφήτῃ
1560 2520 1718 2575 τιμη-

156 2589 323 2659 θῆναι
342 2589 418 2660 τῷ
437 2590 606 2660 τύπῳ.
626 2590 740 2663 Πρὸ
762 2591 870 2663 γὰρ
888 2590 982 2643 τοῦ
1006 2590 1264 2644 δεσπότου
1284 2591 1374 2643 τὸν
1396 2593 1612 2661 οίκέτην
1629 2591 1719 2644 οὐ-

161 2681 324 2750 ρανὸς
342 2680 438 2752 οὐχ
458 2681 799 2752 ὑποδέχεται·
822 2702 840 2732 ι
864 2681 1034 2743 οὐδεὶς
1049 2680 1157 2751 γάρ
1176 2681 1510 2752 ἀναϐέϐηκεν
1529 2685 1608 2747 είς
1627 2683 1719 2737 τὸν

158 2771 387 2842 οὐρανὸν
412 2774 459 2825 εί
489 2771 563 2843 μή
581 2775 609 2826 6
646 2774 709 2825 ἐκ
734 2773 827 2826 τοῦ
858 2772 1085 2845 οὐρανοῦ
1115 2773 1377 2839 καταϐὰς,
1407 2775 1437 2826 6
1466 2775 1594 2838 Υἱὸς
1623 2774 1718 2829 τοῦ

160 2861 470 2937 ἀνθρώπου,
495 2866 524 2918 ό
548 2864 622 2918 ὢν
643 2868 698 2919 ἐν
728 2866 805 2937 τῷ
836 2867 1065 2939 οὐρανῷ.
1107 2888 1126 2921 ι
1178 2870 1453 2941 Ἐτηρεῖτο
1497 2870 1605 2941 γὰρ
1650 2873 1716 2941 τῇ

160 2956 271 3009 τῶν
300 2956 597 3029 ἀνθρώπων
625 2959 843 3031 ἀπαρχῇ
867 2960 953 3014 διὰ
982 2961 1071 3014 τὸν
1097 2961 1205 3015 τῶν
1237 2961 1538 3035 ἀνθρώπων
1564 2980 1719 3032 ποιη-

1819 1866 1983 1928 atque
2022 1859 2247 1916 virtus:
2304 1875 2481 1931 neque
2538 1861 2833 1917 dictionem
2887 1862 3391 1939 praztercurrendo,

1817 1948 2047 2006 Domino
2078 1966 2295 2007 servum
2329 1952 2532 2007 honore
2554 1967 2736 2023 parem
2761 1953 3060 2009 existimes.
3089 1951 3208 2008 Non
3234 1954 3380 2008 enim

1817 2042 1875 2096 in
1905 2042 2102 2099 caelum
2132 2042 2315 2100 Helias
2343 2045 2609 2112 ascendit,
2640 2061 2814 2115 neque
2836 2045 3232 2101 ﬁrmamentum
3254 2061 3381 2116 per-

1816 2134 2020 2189 vadens
2046 2135 2113 2190 iis
2141 2136 2196 2189 in
2224 2136 2359 2192 locis
2381 2135 2624 2203 habitat;
2657 2135 2752 2192 sed
2780 2136 2905 2192 audi
2940 2135 3069 2207 quid
3101 2137 3265 2200 dicat,
3290 2138 3385 2207 qui

1818 2242 2039 2284 sursum
2073 2228 2183 2300 agit
2222 2228 2414 2283 illum:
2453 2248 2471 2278 ‹
2516 2227 2651 2282 Cum
2697 2234 2878 2283 autem
2925 2228 3161 2283 elevaret
3202 2227 3385 2283 Domi-

1818 2337 1925 2377 nus
1975 2319 2211 2384 Heliam,
2242 2320 2399 2390 quasi
2437 2320 2491 2374 in
2512 2320 2710 2375 coelum
2744 2320 2836 2372 ‘°:
2875 2338 2896 2372 ι
2926 2329 2980 2375 et
3020 2334 3239 2375 rursum
3268 2320 3386 2376 haec

1818 2425 2042 2482 pauca:
2085 2430 2104 2463 ι
2148 2410 2350 2465 Statuit
2407 2410 2612 2465 Heliam
2664 2408 2717 2463 in
2772 2410 2940 2464 altum
2980 2418 3226 2465 evectum
3252 2408 3319 2464 εί.
3358 2428 3380 2460 ο

1821 2500 2030 2554 Suﬂicit
2055 2500 2199 2555 enim
2242 2498 2526 2570 Propheta:
2557 2509 2615 2553 ut
2650 2499 2819 2570 ﬁgura
2847 2499 3163 2555 honoretur.
3202 2496 3386 2568 Siqui-

1818 2591 1939 2648 dem
1967 2592 2166 2647 ctelum
2193 2606 2305 2646 non
2348 2591 2581 2645 admittit
2617 2580 2830 2646 servum
2883 2601 3007 2646 ante
3054 2590 3382 2647 Dominum:

1817 2701 1944 2741 nam
1965 2727 1981 2753 ,
2010 2703 2031 2738 ι
2061 2700 2222 2742 nemo
2256 2685 2499 2742 ascendit
2525 2685 2580 2739 in
2621 2684 2842 2747 ctnlum,
2871 2684 2976 2741 nisi
3007 2685 3101 2754 qui
3151 2684 3218 2739 de
3246 2683 3386 2738 coelo

1819 2780 2100 2838 descendit
2135 2778 2307 2835 Filius
2335 2778 2493 2852 ω]
2520 2778 2776 2841 hominis,
2803 2776 2896 2845 qui
2926 2784 3011 2832 est
3039 2777 3093 2831 in
3118 2777 3326 2831 cmlo".
3359 2794 3379 2827 ι

1818 2867 2218 2924 Reservabatur
2251 2869 2392 2923 enim
2422 2867 2618 2922 caelum
2650 2867 2929 2921 hominum
2971 2866 3227 2936 primitiis
3255 2881 3384 2936 pro-

1819 2966 1939 3029 pter
1985 2959 2266 3013 hominum
2321 2957 2680 3014 conditorem.
2728 2954 2914 3026 Itaque
2956 2955 3099 3011 Deus
3135 2957 3384 3026 exemplo

161 3049 572 3119 τὴνὸούρανός.
625 3051 777 3104 Οὕτω
828 3053 926 3122 μὲν
962 3049 1054 3106 οὖν
1098 3056 1209 3117 τοῖς
1243 3054 1369 3126 περὶ
1418 3053 1508 3108 τδν
1553 3054 1716 3125 Ἑνὼχ

1821 3047 2028 3103 Enochi
2088 3055 2144 3103 et
2195 3046 2324 3101 Eliae
2391 3046 2535 3103 bona
2588 3061 2685 3117 spe
2737 3046 2982 3101 homines
3037 3045 3380 3111 exhilaravit,

160 3143 257 3195 καὶ
295 3142 475 3196 Ἠλίαν
496 3146 525 3197 6
560 3143 690 3206 Θεὸς
725 3143 899 3215 ἀγαθῇ
930 3144 1099 3197 ἐλπίδι
1135 3145 1407 3216 εὐφράνας
1451 3147 1585 3209 τοὺς
1624 3147 1718 3200 ἀν-

162 3232 432 3303 θρώπους,
469 3233 534 3286 δι’
565 3226 639 3288 ὧν
685 3232 988 3304 ἀνθρώποις
1030 3230 1145 3288 οὖσι
1170 3234 1258 3287 τὸν
1295 3235 1389 3288 τοῦ
1418 3234 1577 3307 ἀέρος
1598 3235 1719 3306 δρὸ-

162 3342 265 3395 μον
290 3326 584 3397 ἱππήλατον
609 3327 876 3395 ἥπλωσεν.
931 3328 1006 3379 Οὐ
1066 3345 1171 3399 μην
1223 3329 1350 3400 ἄχρι
1404 3345 1466 3397 γε
1513 3329 1716 3383 τούτων

162 3418 354 3488 ἔστησε
378 3419 485 3472 τῶν
517 3420 655 3472 ὐπέο
682 3418 777 3490 τὴν
806 3418 965 3487 φύσιν
1000 3420 1096 3490 τὴν
1120 3420 1298 3473 πίστιν
1317 3437 1330 3450 ·
1357 3420 1492 3474 ἀλλά
1517 3421 1609 3475 καὶ
1630 3421 1717 3475 διά

158 3509 262 3579 τῆς
287 3510 603 3582 καθημέραν
631 3510 859 3580 θεωρίας
891 3509 1085 3572 ἐθάδας
1116 3510 1366 3580 γενέσθαι
1407 3528 1718 3584 παρασκευ-

161 3602 277 3667 άζει
300 3601 393 3655 τοῦ
416 3601 705 3673 θαύματος.
723 3600 787 3653 Τί
806 3600 913 3671 γὰρ
935 3604 1104 3667 ποιεῖ;
1128 3602 1459 3673 Προστάττει
1482 3603 1573 3655 τὸν
1596 3619 1718 3672 συγ-

160 3693 377 3764 γραφέα
406 3694 606 3746 Μωσέα
625 3693 1004 3764 είκονογράφον
1039 3693 1137 3763 τῆς
1170 3693 1397 3757 κτίσεως
1424 3692 1711 3762 γενέσθαι·

158 3785 258 3838 καὶ
286 3784 372 3837 διὰ
402 3784 603 3854 σκηνῆς
634 3783 966 3855 μιμήσασθαι
990 3784 1080 3837 τὸν
1100 3785 1326 3855 ποιητὴν
1352 3784 1712 3853 ἐγκελεύεται·

160 3875 268 3944 γῆς
296 3875 392 3945 μὲν
429 3875 648 3946 μίμημα
677 3876 770 3928 καὶ
814 3874 922 3929 τῶν
954 3877 1010 3928 ἐν
1043 3878 1106 3947 τῇ
1161 3879 1229 3947 γῇ
1270 3878 1328 3929 τὸ
1380 3878 1478 3948 τῆς
1516 3877 1718 3947 σκηνῆς

163 3966 450 4036 πρόσωπον
481 3964 843 4037 θεωρούμενον
862 3983 875 3995 ·
907 3965 974 4018 τὰ
1004 3966 1059 4018 δὲ
1087 3966 1186 4036 τῆς
1222 3967 1425 4036 σκηνῆς
1458 3966 1719 4037 ἐνδοτέρω

156 4055 487 4125 διατειχίσας
534 4056 982 4125 παραπετάσματι
1024 4055 1347 4127 (ἀνθρώποις
1375 4056 1717 4126 [καταλείψας

158 4144 385 4197 ἀθέατον
415 4143 643 4215 ούρανοῦ
668 4160 788 4197 τινα
809 4143 1010 4213 τάξιν),
1030 4144 1106 4214 τῷ
1133 4147 1205 4216 μὴ
1237 4147 1541 4217 φαινομένῳ
1561 4147 1714 4217 μέρει

158 4235 458 4306 χαρίζεται.
503 4233 641 4287 Ἀλλ’
690 4234 860 4297 οὕτως
894 4234 1123 4308 ούρανοῦ
1174 4236 1269 4289 καὶ
1323 4236 1426 4306 γῆς
1466 4235 1554 4289 διὰ
1609 4236 1716 4291 τῶν

162 4327 455 4397 σχημάτων
477 4325 837 4396 νομοθετήσας
883 4325 981 4397 τὴν
1037 4325 1286 4397 μίμησιν,
1327 4326 1395 4380 τὰ
1437 4329 1495 4380 ἐν
1539 4326 1716 4399 ἀδύτῳ

1820 3139 1949 3210 quia
1984 3139 2232 3194 homines
2256 3152 2379 3193 cum
2416 3144 2634 3204 essent,
2681 3136 2786 3193 illis
2816 3137 2957 3191 aeris
2996 3151 3217 3191 cursum
3261 3151 3386 3205 per-

1819 3235 1965 3287 vium
1992 3232 2245 3288 reddidit.
2289 3228 2472 3300 Neque
2502 3237 2683 3284 tamen
2721 3245 2787 3285 eo
2831 3229 3097 3292 constitit.
3124 3235 3184 3282 ut
3223 3228 3383 3283 ﬁdem

1818 3322 1972 3379 daret
2002 3323 2069 3378 iis
2090 3338 2211 3392 quae
2240 3329 2368 3378 sunt
2399 3334 2565 3390 supra
2609 3328 2880 3384 naturam,
2935 3320 3029 3376 sed
3062 3319 3381 3390 quotidiano

1818 3419 2045 3482 aspectu
2083 3411 2327 3466 homines
2363 3409 2630 3465 miraculo
2670 3424 2982 3465 assuescere
3019 3418 3191 3480 parat.
3240 3409 3383 3476 Quid

1817 3502 1962 3556 enim
1987 3500 2317 3572 agit?Jubet
2345 3502 2667 3570 scriptorem
2717 3499 2902 3554 Mosen
2953 3499 3242 3569 imaginem
3293 3515 3381 3555 re-

1819 3610 1940 3649 rum
1967 3603 2273 3649 creatarum
2295 3593 2605 3663 depingere.
2627 3600 2682 3647 et
2701 3607 2797 3661 per
2821 3591 3223 3645 tabernaculum
3257 3591 3381 3645 imi-

1818 3687 1922 3740 tari
1937 3684 2284 3751 Creatorem;
2317 3684 2391 3738 ita
2423 3691 2483 3738 ut
2511 3690 2670 3738 terra}
2696 3682 2913 3752 quidem
2941 3694 3005 3734 ac
3036 3689 3377 3748 terrenarum

1819 3774 2020 3845 eﬁigies
2059 3774 2132 3829 sit
2170 3773 2499 3828 tabernaculi
2544 3772 2714 3827 facies
2747 3790 2761 3826 :
2818 3771 3079 3825 interiora
3121 3786 3250 3826 vero
3294 3780 3379 3826 ta-

1817 3860 2119 3923 bernaculi,
2149 3861 2284 3915 velis
2307 3860 2541 3915 obducta
2576 3859 2909 3931 (hominibus
2937 3861 3059 3914 caeli
3089 3860 3377 3930 quemdam

1817 3953 2059 4008 ordinem
2091 3954 2364 4007 occultum
2396 3954 2734 4024 relinquens)
2768 3954 2908 4023 parti
2950 3954 3073 4008 coeli
3120 3969 3242 4025 quae
3269 3970 3379 4009 non

1818 4052 2039 4116 apparet
2065 4045 2330 4099 attribuit.
2364 4046 2540 4115 Atque
2583 4045 2665 4099 sic
2709 4046 2832 4100 caeli
2881 4053 3148 4116 terraique
3186 4046 3380 4116 imagi-

1816 4152 1940 4191 nem
1976 4135 2160 4206 ﬁguris
2183 4135 2496 4190 adumbrari
2524 4135 2740 4202 jubens,
2768 4143 2929 4204 atque
2957 4135 3145 4189 volens
3173 4142 3232 4187 ut
3260 4147 3380 4203 quae

1819 4229 1874 4283 in
1905 4229 2064 4300 adyto
2118 4234 2275 4285 erant
2324 4226 2637 4282 hominibus
2693 4228 2973 4283 inaccessa
3020 4235 3223 4293 essent,
3276 4229 3378 4283 soli

1818 4320 2058 4390 pontiﬁci
2084 4329 2416 4381 secretorum
2448 4319 2619 4389 aperit
2656 4318 2960 4389 ingressum
2990 4338 3003 4374 :
3041 4320 3230 4388 sicque
3266 4315 3380 4374 eili-

157 4396 335 4472 ἄϐατα
363 4417 521 4469 πάλιν
551 4414 851 4488 ἀνθρώποις
884 4412 1022 4469 εἶναι
1042 4396 1300 4487 θελήσας,
1323 4418 1464 4487 μόνῳ
1480 4417 1555 4488 τῷ
1583 4396 1716 4490 ἀρχξ

1821 4413 1891 4465 cit
1928 4420 1987 4465 ut
2029 4414 2308 4482 ingressus
2355 4410 2625 4480 pontiﬁcis
2667 4424 2929 4465 ascensus
2968 4410 3023 4465 in
3076 4411 3273 4466 coelum
3306 4409 3380 4465 sit

161 4508 490 4579 ιερατεύοντι
524 4508 629 4560 τῶν
669 4509 990 4580 ἀπορρήτων
1024 4507 1229 4575 ἀνοίγει
1258 4507 1355 4579 τὴν
1372 4508 1595 4583 εἴσοδον,
1618 4510 1715 4583 τῆς

157 4601 242 4662 εἰς
268 4599 486 4669 οὐρανὸν
511 4598 693 4651 ἀνόδου
740 4598 837 4668 τὴν
864 4596 957 4650 τοῦ
1003 4598 1123 4650 τότε
1167 4598 1464 4670 ἀρχιερέως
1513 4598 1715 4652 εἴσοδον

154 4688 399 4751 τυπικῶς
430 4689 818 4759 ἐργαζόμενος·
860 4689 966 4752 ἵνα,
1008 4688 1240 4758 ὁρῶντες
1262 4691 1312 4741 οἱ
1356 4690 1477 4742 τότε
1510 4689 1600 4741 τὸν
1632 4690 1716 4742 οὐ·

158 4779 320 4852 ρανὸν
350 4782 406 4832 ἐν
436 4781 588 4850 τύπῳ
618 4780 1050 4849 διατεμνόμενον,
1085 4781 1176 4833 καὶ
1201 4780 1291 4832 τὸν
1315 4779 1575 4851 ἀρχιερέα
1619 4781 1714 4849 μό-

153 4888 249 4925 νον
271 4869 377 4922 τῶν
399 4870 610 4923 ἀϐάτων
639 4870 1075 4940 κατατολμῶντα,
1111 4870 1470 4940 προεθισθῶσι
1491 4874 1555 4941 τῇ
1592 4870 1709 4943 θέα,

153 4961 252 5015 καὶ
287 4960 359 5031 μὴ
383 4960 656 5031 πολεμῶσι
690 4964 801 5025 τοῖς
835 4960 1095 5032 θαύμασι.
1142 4962 1356 5015 Τούτων
1393 4963 1710 5033 ὑπομιμνή-

153 5070 305 5105 σκων
350 5052 619 5116 Ἰουδαίοις
642 5055 669 5105 6
698 5051 908 5115 Παῦλος
948 5053 977 5103 6
1000 5051 1099 5121 τῆς
1129 5053 1449 5123 οἰκουμένης
1489 5051 1707 5105 παιδευ-

148 5142 271 5211 τὴς,
301 5141 433 5195 ἐϐόα
452 5141 528 5213 τῷ
555 5144 840 5213 γράμματι
864 5161 877 5174 ο
913 5162 930 5193 ι
972 5144 1065 5206 Εἰς
1090 5143 1187 5213 μὲν
1207 5143 1304 5213 τὴν
1332 5142 1554 5213 πρώτην
1584 5158 1711 5212 σκη-

149 5235 252 5303 νὴν
278 5231 366 5286 διά
396 5233 593 5297 παντὸς
622 5235 846 5287 εἰσίασιν
872 5235 921 5288 οἱ
942 5237 1106 5306 ἱερεῖς
1136 5234 1230 5297 τὰς
1250 5233 1502 5305 λατρείας
1525 5236 1709 5286 ἐπιτε-

148 5323 403 5387 λοῦντες·
450 5326 529 5387 είς
568 5323 625 5376 δέ
662 5322 759 5395 τὴν
798 5324 1055 5394 δευτέραν
1107 5323 1254 5388 ἅπαξ
1288 5323 1381 5377 τοῦ
1424 5322 1705 5387 ἐνιαυτοῦ,

223 5477 270 5509 ⁸ο
308 5474 375 5529 1V
409 5474 540 5547 Reg.
571 5492 645 5536 it.
681 5477 732 5531 1.
807 5477 850 5509 ’⁵⁸
891 5477 1022 5532 ibid.
1057 5477 1144 5531 11.
1220 5477 1264 5508 ⁸³
1300 5475 1457 5531 Joan.
1494 5492 1589 5542 ιιι,
1625 5477 1713 5532 15.

222 5589 332 5660 (27)
373 5588 449 5643 ita
487 5589 687 5660 Regius
717 5597 771 5645 et
799 5589 1142 5647 Colbertiuus
1171 5589 1376 5646 rectius
1397 5605 1558 5661 quam
1586 5590 1703 5645 edi-

146 5661 217 5728 ti,
258 5676 348 5730 qut
381 5661 599 5724 habent,
628 5662 657 5712 6
688 5663 892 5734 μακρᾷ.

545 5753 812 5814 ΡΑΤιιοι..
855 5755 970 5814 Gn.
1006 5751 1297 5814 XXVIII.

1816 4504 2021 4573 ﬁgura;
2069 4510 2129 4557 ut
2178 4509 2310 4556 tunc
2361 4502 2544 4572 populi
2590 4502 2789 4556 coelum
2829 4500 3074 4557 videntes
3123 4501 3179 4555 in
3208 4500 3376 4571 ﬁgura

1815 4605 2083 4664 apertum.
2115 4601 2169 4649 et
2203 4594 2378 4649 solum
2426 4592 2737 4663 pontiﬁcem
2773 4591 2842 4647 ad
2886 4590 3167 4647 inaccessa
3217 4607 3381 4661 pene-

1813 4695 1960 4741 trare
2007 4686 2319 4748 audentem,
2377 4685 2689 4754 spectaculo
2744 4681 3134 4747 assueﬁerent,
3203 4695 3381 4751 neque

1813 4779 2093 4853 miraculis
2120 4783 2505 4848 repugnarent.
2534 4775 2657 4830 Haec
2696 4773 2899 4830 Judzeis
2945 4786 3379 4828 commemorans

1815 4866 2016 4924 Paulus
2042 4868 2233 4923 doctor
2259 4869 2429 4930 orbis,
2465 4868 2666 4936 scripto
2707 4866 3012 4921 exclamat:
3053 4881 3072 4914 ι
3113 4861 3170 4916 In
3206 4863 3379 4931 priori

1815 4961 2031 5031 quidem
2067 4961 2416 5016 tabernaculo
2443 4975 2653 5029 semper
2692 4958 2991 5012 introibant
3036 4951 3377 5014 sacerdotes,

1816 5049 2206 5105 sacriﬁciorum
2258 5050 2437 5104 ofﬁcia
2488 5055 2972 5104 consummantes:
3027 5045 3085 5098 in
3139 5041 3379 5098 secundo

1815 5151 1996 5195 autem
2026 5140 2191 5195 semel
2224 5142 2278 5195 in
2304 5157 2447 5195 anno
2476 5141 2625 5195 solus
2656 5137 2922 5209 pontifex,
2955 5150 3066 5190 non
3096 5134 3216 5190 sine
3247 5147 3377 5188 san-

1813 5230 1996 5300 guine,
2028 5245 2187 5300 quem
2219 5229 2376 5285 offert
2403 5245 2503 5300 pro
2532 5244 2630 5283 sua
2657 5237 2710 5283 et
2755 5241 2856 5297 pro
2897 5223 3080 5294 populi
3122 5223 3378 5291 ignoran-

1812 5325 1908 5378 tia.
1947 5321 2198 5378 Christus
2235 5331 2414 5377 autem
2459 5318 2754 5375 adveniens
2788 5313 3035 5387 pontifex
3068 5311 3377 5366 futurorum

1879 5587 1989 5710 (εεῖ
2026 5586 2230 5659 Regius
2287 5593 2342 5642 et
2391 5583 2544 5641 Colb.
2607 5578 2823 5650 πρῶτον
2881 5581 2994 5641 τοῖς
3040 5577 3171 5648 περὶ
3219 5575 3381 5631 αὑτὸν

1879 5688 1905 5710 η.
1932 5676 1962 5710 e
1989 5674 2036 5710 c.

1850 5662 1905 5730 ᾖ,
1932 5667 2036 5713 etc.

3032 5739 3106 5802 35
