3878 6208
520 291 658 346 1099

1670 287 1727 343 S.
1769 288 2224 344 ATHANASIUS.
2268 321 2337 331 -—
2379 289 2650 344 SPURIA.

3606 285 3747 340 “00

520 415 808 478 bonorum,
839 429 936 489 per
960 414 1192 484 amplius
1219 419 1270 468 et
1294 410 1599 483 perfectius
1626 412 2069 479 tabernaculum,

2185 413 2341 483 μόνος
2370 414 2399 464 ὁ
2430 413 2736 483 ἀρχιερεὺς,
2775 411 2836 464 ού
2876 410 3047 480 χωρὶς
3097 408 3326 478 αἵματος
3346 444 3361 468 ,
3391 404 3420 458 ὃ
3445 405 3746 476 προσφέρει

522 521 630 560 non
661 505 1051 569 manufactum,
1081 505 1135 560 id
1164 512 1268 567 est,
1297 518 1406 557 non
1429 502 1591 570 hujus
1614 502 1906 557 creationis
1941 521 1952 556 :
1988 519 2081 557 ne-

523 609 628 664 que
655 609 750 664 per
775 595 1092 664 sanguinem
1121 600 1402 647 taurorum
1431 598 1484 646 et
1509 591 1785 644 hircorum
1810 608 1824 656 ;
1859 590 1953 645 sed
1987 606 2082 659 per

521 686 798 755 pr0prium
823 687 1142 756 sanguinem
1166 683 1408 738 introivit
1446 682 1614 736 semel
1648 682 1703 734 in
1731 689 1916 735 sancta
1950 681 2014 734 ⁸³.
2055 701 2074 734 ι

522 776 588 830 Et
616 793 834 833 rursum
867 777 1056 846 paucis
1087 776 1416 845 interjectis:
1452 792 1469 824 ι
1496 772 1616 826 Non
1638 773 1780 826 enim
1813 774 1866 826 in
1891 781 2079 828 sancta

521 880 675 921 man:
692 866 832 920 facta
865 865 1108 920 introivit
1127 864 1396 924 Christus,
1425 861 1753 930 exemplaria
1785 875 2072 925 verorum;

521 958 617 1014 sed
647 959 702 1014 in
734 959 910 1026 ipsum
939 959 1156 1024 coelum,
1188 966 1246 1012 ut
1293 961 1547 1028 appareat
1580 969 1727 1009 nunc
1769 955 1940 1009 vultui
1980 954 2074 1011 Dei

521 1064 620 1119 pro
648 1051 806 1106 nobis
830 1050 894 1104 “.
940 1068 960 1104 ι

2181 503 2320 574 ὑπὲρ
2350 502 2539 555 ἑαυτοῦ
2564 502 2657 554 καῖ⁹
2676 500 2784 553 τῶν
2813 499 2906 552 τοῦ
2930 498 3057 551 λαοῦ
3089 496 3468 566 ἀγνοημάτων.
3510 493 3744 564 Χριστὸς

2180 596 2236 649 δὲ
2265 595 2699 664 παραγενόμενος
2733 593 3021 663 ἀρχιερεὺς
3050 589 3158 643 τῶν
3182 588 3480 659 μελλόντων
3499 585 3742 654 ἀγαθῶν,

2179 685 2267 737 διὰ
2299 686 2395 755 τῆς
2431 684 2669 755 μείζονος
2694 684 2786 736 καὶ
2822 682 3156 751 τελειοτέρας
3205 680 3428 750 σκηνῆς,
3467 678 3529 731 ού
3569 694 3744 748 χειρο-

2179 777 2421 846 ποιήτου,
2451 776 2747 838 τουτέστιν,
2783 775 2842 826 ού
2868 773 3070 842 ταύτης
3097 773 3194 842 τῆς
3222 771 3450 832 κτίσεως
3477 785 3491 798 ο
3537 769 3658 821 οὐδὲ
3677 767 3740 820 δι’

2180 870 2408 938 αἵματος
2428 868 2641 939 ταύρων
2664 868 2757 920 καὶ
2776 865 2991 938 τράγων
3008 883 3020 895 ·
3039 864 3127 917 διὰ
3145 865 3200 916 δέ
3217 863 3310 944 τοῦ
3338 863 3468 915 ίδίου
3490 863 3738 931 αἵματος,

2182 955 2424 1026 εἰσῆλθεν
2451 952 2667 1024 ἐφάπαξ
2698 957 2778 1017 εἰς
2795 954 2863 1006 τά
2886 955 3032 1022 ἆγια.
3073 973 3090 1005 ι
3123 953 3232 1004 Καὶ
3261 951 3420 1004 πάλιν
3453 951 3595 1021 μετά
3622 950 3743 1019 βρα-

2179 1047 2309 1117 χέα·
2350 1065 2368 1097 ι
2399 1049 2471 1100 Οὐ
2502 1047 2607 1118 γὰρ
2637 1048 2716 1109 είς
2737 1045 3086 1116 χειροποίητα
3109 1044 3236 1112 ἆγια
3272 1042 3518 1113 εἰσῆλθεν
3549 1044 3578 1094 ό
3608 1043 3738 1110 Χρι-

521 1143 662 1208 στὸς,
704 1144 963 1198 ἀντίτυπα
1002 1143 1109 1198 τῶν
1150 1142 1412 1213 ἀληθινῶν
1437 1157 1450 1171 ⁸
1506 1142 1619 1196 ἀλλ’
1661 1143 1740 1205 εἰς
1784 1140 1945 1195 αὐτὸν
2007 1141 2098 1194 τὸν
2134 1142 2358 1214 οὐρανὸν
2440 1142 2533 1196 νῦν
2581 1140 2975 1212 ἐμφανισθῆνα.
3010 1139 3087 1210 τῷ
3138 1139 3412 1209 προσώπῳ
3463 1137 3557 1190 τοῦ
3607 1136 3737 1189 Θεοῦ

519 1235 656 1305 ὑπὲρ
687 1236 861 1305 ήμῶν.
896 1254 914 1286 ι

589 1331 641 1384 5.
683 1329 761 1383 Ita
806 1331 955 1384 novit
993 1330 1134 1385 Deus
1180 1331 1260 1385 vel
1287 1329 1478 1400 ﬁguris
1510 1329 1843 1386 confundere
1888 1331 2071 1384 incre-

515 1421 694 1485 dulos,
725 1429 777 1475 et
807 1422 1085 1477 miraculis
1119 1423 1381 1476 miracula
1419 1423 1766 1493 conﬁrmare.
1809 1421 1898 1476 Sic
1926 1422 2076 1477 Chri-

514 1522 633 1568 stus
681 1513 1010 1567 ascendit'in
1050 1514 1290 1566 malum:
1325 1513 1406 1567 sic
1450 1511 1649 1583 ﬁguras
1695 1513 1811 1581 ipsa
1851 1513 2075 1566 veritate

513 1601 821 1670 complevit.
858 1600 1155 1670 Oportebat
1196 1602 1361 1672 igitur
1402 1602 1789 1657 resurrectioni
1822 1602 2074 1655 Salvato-

512 1689 592 1745 ris
630 1704 917 1746 ascensum
956 1690 1213 1760 adjungi,
1261 1697 1313 1744 et
1345 1691 1604 1745 victorem
1631 1690 1827 1746 inferni
1875 1692 2072 1746 coelum

506 1783 698 1839 statim
732 1797 1019 1853 occupare.
1060 1783 1166 1838 Sed
1214 1799 1282 1838 ne
1321 1784 1568 1838 celeritas
1604 1799 1824 1838 sensum
1863 1785 2076 1837 tolleret

512 1890 695 1929 rerum
739 1882 1037 1946 gestarum,
1088 1883 1328 1945 tempore
1378 1876 1614 1945 quodam
1669 1875 1929 1928 miracula
1966 1875 2078 1929 vult

512 1965 755 2037 imprimi
801 1966 857 2019 in
889 1967 1260 2036 apostolorum
1296 1966 1565 2021 mentibus
1609 1981 1705 2036 per
1743 1968 2077 2036 contempla-

511 2059 716 2113 tionem
742 2098 756 2122 ,
819 2067 874 2112 et
917 2059 1140 2114 assiduo
1187 2059 1469 2112 oculorum
1512 2065 1730 2128 aspectu
1784 2058 1976 2111 animae
2014 2055 2077 2109 ﬁ-

513 2148 637 2203 dem
671 2147 1366 2204 i‘nsinuare.'Convescitur
1393 2165 1516 2204 cum
1553 2149 1858 2218 discipulis,
1895 2149 2074 2202 cibum

513 2237 707 2300 sumit,
756 2238 884 2292 licet
942 2252 1007 2292 eo
1055 2237 1276 2293 minime
1319 2239 1591 2308 indigeat:
1623 2239 1824 2308 przebet
1876 2252 2075 2307 corpus

511 2325 864 2395 palpandum,
905 2335 1065 2396 atque
1099 2328 1339 2383 veritatis
1377 2337 1546 2384 testes
1577 2344 1686 2384 non
1735 2328 1908 2382 solum
1952 2343 2077 2382 ocu-

510 2417 596 2472 los
627 2418 721 2472 sed
773 2419 934 2473 etiam
965 2419 1163 2489 digitos
1212 2419 1469 2474 admittit.
1503 2419 1872 2474 Diuturnitate
1912 2418 2076 2489 igitur

510 2507 816 2577 praesen-tia:
861 2509 1001 2562 levat
1048 2509 1346 2578 phantasia:
1394 2509 1785 2579 suspicionem,
1839 2523 1904 2563 ac
1955 2525 2075 2577 quae

509 2611 611 2666 par
648 2605 764 2651 erat
797 2597 864 2653 de
910 2599 1159 2654 discessu
1209 2614 1311 2654 suo
1359 2614 1484 2654 cum
1528 2599 1786 2670 apostolis
1836 2599 2071 2664 locutus,

511 2689 810 2759 discipulos
859 2699 1123 2746 ascensus
1169 2690 1255 2746 sui
1305 2698 1474 2746 testes
1527 2692 1783 2746 admittit.
1823 2687 2073 2762 Oportuit

510 2784 656 2836 enim
721 2783 1107 2837 miraculorum
1175 2797 1454 2854 pracones
1521 2782 1881 2836 indubitatam
1932 2781 2073 2836 ferre

511 2873 928 2942 praedicatarum
988 2889 1172 2929 rerum
1221 2873 1853 2945 notitiam.,Elevabatur
1892 2873 2073 2943 itaque

512 2961 784 3028 Salvator,
817 2964 1073 3019 videbant
1097 2963 1323 3020 inferius
1352 2963 1605 3034 discipuli
1631 2981 1644 3017 :
1687 2963 1859 3018 nubes
1891 2971 2071 3016 autem

2239 1327 2290 1381 5.
2325 1326 2508 1389 Οῦτως
2527 1321 2635 1378 οἶδε
2666 1325 2762 1378 καὶ
2789 1323 2980 1387 τύποις
3006 1323 3286 1394 ἐντρέπειν
3315 1322 3441 1385 τοὺς
3477 1323 3735 1386 ἀπίστους

2169 1418 2371 1482 ὁΘεὸς,
2399 1419 2494 1472 καὶ
2525 1416 2765 1487 θαύμασι
2809 1415 2923 1487 (29)
2979 1413 3302 1468 πιστοῦσθαι
3347 1413 3413 1467 τὰ
3458 1413 3729 1484 θαύματα.

2172 1510 2325 1564 Οῦτω
2346 1509 2577 1581 Χριστὸς
2606 1510 2872 1579 ἀνήρχετο
2895 1509 2973 1570 είς
3003 1505 3227 1575 οὐρανόν
3248 1521 3262 1535 ο
3311 1504 3452 1558 οὕτω
3488 1505 3615 1568 τοῦς
3645 1504 3736 1557 τύ-

2172 1616 2304 1664 πους
2335 1599 2478 1670 ἔργῳ
2508 1599 2763 1670 ἀληθείας
2793 1597 3090 1668 ἐκύρωσεν.
3137 1596 3281 1649 Ἔδει
3329 1597 3424 1666 μὲν
3472 1595 3564 1650 οὖν
3612 1614 3736 1649 συν-

2175 1691 2433 1744 άπτεσθαι
2461 1694 2529 1762 τῇ
2563 1690 2853 1743 ἀναστάσει
2888 1689 2980 1741 τοῦ
3015 1688 3263 1758 Σωτῆρος
3295 1687 3392 1759 τὴν
3417 1688 3620 1750 ἄνοδον,
3644 1689 3738 1741 καί⁸

2179 1781 2267 1835 τὸν
2291 1781 2383 1833 τοῦ
2407 1780 2532 1852 ᾅδου
2555 1781 2777 1851 νικητὴν
2799 1778 2957 1841 εὐθὺς
2985 1778 3076 1831 τὸν
3097 1778 3322 1848 οὐρανὸν
3341 1777 3702 1842 ὑποδέξασθαι
3719 1794 3732 1806 ⁸

2177 1872 2290 1926 ἀλλ’
2319 1873 2404 1924 ἴνα
2447 1870 2519 1942 μὴ
2559 1869 2618 1924 τὸ
2651 1870 2812 1940 τάχος
2841 1870 2948 1922 τῶν
2973 1871 3275 1939 γενομένων
3313 1868 3482 1938 κλέψῃ
3515 1870 3614 1940 τὴν
3647 1869 3736 1921 αῖ-

2179 1964 2388 2034 σθησιν,
2417 1963 2654 2036 παγῆναι
2677 1962 2753 2032 τῷ
2784 1962 2960 2033 χρόνῳ
2997 1961 3243 2032 βούλεται
3268 1963 3380 2024 τοῖς
3420 1960 3738 2022 ἀποστόλοις

2175 2054 2263 2109 διὰ
2291 2054 2390 2124 τῆς
2419 2055 2647 2126 θεωρίας
2686 2053 2754 2107 τὰ
2794 2053 3065 2124 θαύματα,
3117 2055 3210 2106 καὶ
3258 2055 3326 2123 τῇ
3375 2054 3584 2122 συνεχεῖ
3624 2051 3738 2104 τῶν

2175 2147 2436 2217 ὀμμάτων
2461 2145 2728 2216 προσϐολῇ
2757 2147 2821 2216 τῇ
2855 2146 3002 2216 ψυχῇ
3029 2145 3388 2215 παραπέμψαι
3412 2145 3508 2212 τὴν
3530 2143 3736 2198 πίστιν.

2175 2239 2521 2291 Συνεστιᾶται
2563 2239 2676 2300 τοῖς
2719 2237 3019 2308 μαθηταῖς,
3052 2237 3312 2290 ἀπολαύει
3356 2238 3466 2305 (50)
3506 2237 3738 2307 τροφῆς,

2174 2332 2424 2402 ἀνενδεὴς
2448 2330 2543 2394 ὢν,
2577 2333 2843 2400 συγχωρεῖ
2876 2329 3226 2399 ψηλαφᾶσθαι
3265 2329 3325 2382 τὸ
3367 2329 3545 2399 σῶμα,
3590 2331 3737 2401 μάρ-

2173 2440 2339 2494 τυρας
2365 2423 2462 2492 τῆς
2490 2421 2744 2492 ἀληθείας
2763 2422 2863 2474 οὐκ
2894 2421 3201 2491 ὀφθαλμοὺς
3237 2421 3428 2490 μόνον,
3466 2421 3601 2474 ἀλλά
3644 2422 3741 2474 καὶ

2171 2512 2463 2575 δακτύλους
2513 2510 2887 2581 ἐφελκόμενος.
2940 2509 3122 2572 Λύσας
3160 2506 3252 2563 οὖν
3296 2511 3395 2578 τῆς
3437 2510 3739 2579 φαντασίας

2171 2605 2267 2677 τὴν
2296 2604 2524 2673 ὑποψίαν
2555 2603 2631 2674 τῷ
2659 2604 2833 2675 χρόνῳ
2865 2603 2964 2673 τῆς
2997 2604 3310 2675 παρουσίας,
3343 2603 3437 2656 καὶ
3477 2603 3545 2655 τὰ
3596 2603 3738 2674 πρὸς

2171 2702 2269 2771 τὴν
2299 2698 2602 2769 ἀποδημίαν
2624 2698 2806 2750 είκότα
2843 2699 2952 2760 τοῖς
2987 2696 3300 2759 ἀποστόλοις
3344 2696 3735 2766 φθεγξάμενος,

2174 2791 2370 2854 θεατὰς
2400 2791 2498 2860 τῆς
2527 2790 2710 2843 ἀνόδου
2741 2790 2864 2853 τοὺς
2901 2787 3146 2859 μαθητάς
3175 2789 3561 2860 ἀπεργάζεται.
3588 2788 3738 2840 Ἔδει

2172 2882 2279 2954 γὰρ
2314 2881 2420 2935 τῶν
2452 2881 2741 2950 θαυμάτων
2765 2881 2890 2943 τοὺς
2920 2881 3186 2950 κήρυκας,
3227 2879 3597 2932 ἀνενδοίαστον
3637 2879 3738 2946 φέ-

2173 2990 2286 3045 ρειν
2330 2972 2438 3025 τῶν
2487 2971 2898 3044 κηρυττομένων
2945 2971 3042 3041 τὴν
3067 2970 3284 3040 γνῶσιν.
3335 2972 3588 3040 Ἀνήγετο
3641 2971 3740 3040 μὲν

506 3057 739 3125 pedibus
783 3071 1133 3120 succurrens,
1179 3055 1487 3110 vehiculum
1534 3069 1598 3108 eo
1642 3053 1698 3107 in
1738 3068 1900 3107 cursu
1944 3052 2063 3108 fuit.

2173 3060 2258 3120 οὖν
2286 3066 2314 3117 ὁ
2343 3065 2550 3134 Σωτήρο
2570 3062 2792 3116 ἔϐλεπον
2813 3063 2869 3116 δὲ
2890 3061 3130 3116 κάτωθεν
3158 3064 3206 3114 οἱ
3230 3063 3484 3133 μαθηταί’
3504 3063 3665 3132 νέφος
3681 3064 3739 3116 δὲ

508 3147 553 3202 Ο
586 3147 828 3201 inaudita
860 3148 1150 3201 miracula!
1183 3147 1290 3201 Aer
1321 3144 1652 3216 pervaditur,
1688 3145 1855 3199 aether
1886 3144 2064 3198 susci-

508 3239 609 3309 pit,
639 3236 813 3306 angeli
849 3245 1197 3291 accurrentes
1229 3235 1648 3304 triumphalibus
1678 3233 1907 3289 canticis
1935 3248 2066 3287 con-

509 3329 788 3383 celebrant
818 3348 832 3382 :
865 3329 1176 3397 spectaculo
1212 3327 1470 3382 attonitos
1521 3324 1818 3394 discipulos
1868 3323 2066 3379 festum

510 3420 789 3475 celebrare
819 3420 1048 3474 suadent
1075 3437 1088 3474 :
1123 3439 1140 3469 ι
1168 3417 1310 3484 Quid
1338 3417 1495 3473 statis
1526 3417 1849 3486 aspicientes
1879 3417 1932 3470 in
1956 3431 2067 3471 cce-

510 3513 621 3566 lum
645 3511 728 3576 f5?
757 3530 774 3560 ι
832 3509 973 3576 Quid
1025 3510 1218 3565 statis?
1260 3511 1581 3565 miraculum
1634 3510 1924 3580 praedicate
1973 3525 2068 3579 per

506 3603 719 3666 orbem,
752 3601 994 3656 discessu
1031 3600 1321 3655 adventum
1349 3619 1362 3654 :
1393 3617 1412 3650 ι
1447 3600 1527 3654 sic
1571 3600 1768 3662 veniet,
1809 3599 2068 3668 quemad-

499 3697 729 3750 modum
753 3695 966 3750 vidistis
995 3710 1119 3749 eum
1145 3702 1361 3748 euntem
1386 3691 1442 3745 in
1471 3692 1667 3746 celum
1691 3691 1754 3744 ιθ.
1789 3711 1808 3743 ι
1848 3690 1943 3746 l-lis
1971 3706 2069 3744 au-

509 3788 639 3842 ditis
666 3787 911 3852 vocibus;
945 3785 1147 3840 Paulus
1176 3785 1326 3839 vocis
1359 3799 1470 3838 suae
1497 3783 1656 3838 tubas
1685 3783 1905 3848 emittit,
1934 3783 2067 3837 scri-

494 3880 616 3948 ‘ptis
640 3879 952 3933 exclamans
991 3878 1106 3933 suis
1134 3896 1148 3931 :
1180 3895 1198 3928 ι
1231 3875 1427 3931 Nostra
1457 3877 1798 3930 conversatio
1829 3875 1882 3928 in
1914 3877 2067 3930 cmlis

509 3979 613 4032 est,
659 3969 800 4022 unde
848 3977 901 4022 et
956 3967 1293 4020 Salvatorem
1345 3972 1727 4034 exspectamus
1779 3963 2065 4018 Dominum

483 4058 694 4114 ‘Jesum
735 4060 1014 4114 Christum
1040 4058 1104 4114 "7.
1138 4079 1156 4111 ι
1199 4057 1296 4113 His
1329 4058 1575 4113 homines
1619 4057 1803 4126 adjicit
1835 4057 2020 4111 dicens
2049 4076 2062 4110 :

481 4135 484 4138 ’
515 4169 535 4200 ι
571 4149 872 4220 Rapicntur
909 4151 965 4204 in
1014 4150 1249 4204 nubibus
1289 4149 1344 4202 in
1377 4163 1521 4212 aera,
1551 4147 1606 4201 in
1643 4163 1930 4202 occursum
1963 4147 2067 4202 Do-

501 4242 640 4295 mini
663 4243 728 4296 ‘3.
759 4261 778 4293 ι
819 4241 1028 4295 Etenim
1059 4241 1218 4312 m2
1238 4240 1373 4310 justi
1405 4239 1684 4310 fulgebunt
1713 4239 1856 4294 sicut
1887 4240 2068 4309 splen-

509 4330 606 4383 dor
638 4329 982 4384 ﬁrmamenti.
1033 4329 1111 4382 Ex
1165 4329 1437 4383 dominica
1479 4329 1644 4400 igitur
1679 4328 2065 4397 Assumptione

2165 3155 2288 3220 τοὺς
2305 3155 2470 3215 πόδας
2486 3153 2829 3226 ὑποδραμὼν,
2844 3154 2940 3225 δχη
2951 3171 3024 3224 μα
3044 3153 3179 3223 πρὸς
3193 3153 3281 3206 τὸν
3295 3153 3491 3223 δρόμον
3507 3154 3737 3222 ἐγίνετο.

2169 3247 2232 3298 Ὢ
2248 3245 2560 3316 παραδόξων
2578 3243 2864 3314 θαυμάτων
2883 3245 2895 3296 l
2915 3245 2972 3297 ὐ
2995 3243 3100 3314 ἀὴρ
3117 3243 3427 3306 διοδεύεται,
3446 3243 3608 3313 αἰθὴρ
3630 3244 3739 3298 δια-

2165 3338 2395 3408 δέχεται,
2411 3336 2627 3404 ἀγγελοι
2647 3353 2706 3388 συ
2714 3336 3181 3408 μπαρατρέχοντες
3196 3335 3431 3406 ᾄσμασιν
3452 3337 3741 3399 ἐπινικίοις

2167 3427 2580 3500 ἐπανηγύριζον·
2606 3427 3082 3498 ἐκπεπληγμένους
3110 3430 3174 3498 τῇ
3210 3427 3306 3497 θέᾳ
3326 3429 3452 3490 τοὺς
3486 3427 3741 3500 μαθητὰς

2167 3520 2440 3592 ἑορτάζειν
2468 3520 2697 3572 ἔπειθον·
2723 3539 2740 3571 ι
2765 3519 2827 3571 Τί
2858 3521 3117 3590 ἑστήκατε
3147 3519 3513 3589 ἐμϐλέποντες
3531 3519 3640 3588 (51)
3659 3523 3740 3583 είς

2167 3613 2256 3665 τὸν
2278 3612 2531 3683 οὐρανόν;
2587 3631 2606 3663 ι
2649 3612 2712 3664 Τί
2750 3613 3051 3682 ἐστήκατε;
3091 3611 3169 3681 τῷ
3218 3611 3404 3681 κόσμῳ
3437 3612 3499 3664 τὸ
3551 3611 3738 3682 θαῦμα

2169 3703 2460 3774 κηρύξατε,
2489 3705 2555 3772 τῇ
2581 3704 2857 3775 ἀποδημίᾳ
2879 3705 2978 3776 τὴν
3012 3706 3337 3777 παρουσίανσ
3372 3705 3545 3770 οὕτως
3579 3707 3736 3759 ἐλεύ-

2171 3811 2342 3858 σεται,
2369 3795 2426 3847 ὂν
2463 3796 2659 3866 τρόπον
2699 3795 2995 3850 ἐθεάσασθε
3038 3798 3200 3851 αὐτὸν
3247 3798 3610 3868 πορευόμενον
3649 3800 3736 3861 εἰς

2167 3881 2256 3934 τὸν
2285 3882 2527 3953 οὐρανόν.
2565 3883 2778 3936 Τούτων
2806 3884 3042 3948 ἀκούσας
3067 3885 3174 3939 τῶν
3203 3886 3394 3955 φωνῶν
3431 3889 3459 3939 ό
3498 3887 3732 3950 Παῦλος,

2168 3971 2266 4041 τῆς
2296 3972 2478 4040 φωνῆς
2502 3971 2690 4042 ἀφίησι
2728 3972 2826 4036 τὰς
2855 3974 3175 4042 σάλπιγγας,
3204 3975 3293 4028 διὰ
3314 3975 3421 4029 τῶν
3465 3978 3734 4048 γραμμά-

2167 4081 2273 4116 των
2304 4065 2622 4135 κεκραγώςο
2666 4084 2684 4117 ι
2735 4066 2918 4136 Ἦμῶν
2947 4066 3007 4118 τὸ
3042 4066 3336 4138 πολίτευμα
3380 4069 3438 4120 ἐν
3483 4069 3736 4139 οὐρανοῖς

2169 4156 2420 4227 ὑπάρχει,
2463 4156 2522 4222 ἐξ
2573 4152 2631 4211 οῦ
2664 4157 2756 4211 καὶ
2794 4161 3021 4230 Σωτῆρα
3068 4159 3478 4229 ἀπεκδεχόμεθα
3528 4161 3737 4232 Κύριον

2180 4245 2382 4313 Ἰησοῦν
2403 4247 2655 4317 Χριστόν.
2695 4266 2714 4297 ι
2754 4245 2974 4310 Τούτοις
3007 4246 3327 4318 προστίθησι
3359 4247 3484 4309 τοὺς
3524 4246 3737 4318 ἀνθρὼ-

2167 4354 2301 4401 πους
2340 4338 2546 4406 λέγων,
2591 4339 2671 4390 ὅτι
2724 4356 2742 4388 ι
2787 4339 3219 4409 Ἀρπαγήσονται
3264 4339 3320 4392 ἐν
3354 4337 3608 4405 νεφέλαις
3655 4341 3736 4402 είς

506 4418 809 4473 Salvatoris
840 4420 1016 4475 nostri
1044 4428 1099 4474 et
1130 4419 1345 4473 Domini
1381 4427 1435 4474 et
1467 4420 1584 4473 veri
1613 4417 1705 4472 Dei
1733 4417 1863 4473 Jcsu
1907 4418 2063 4472 Chri-

2173 4427 2322 4496 ἀέρα,
2353 4429 2430 4490 εἰς
2452 4428 2753 4499 ἀπάντησιν
2776 4428 2868 4482 τοῦ
2892 4429 3114 4499 Κυρίου.
3150 4449 3168 4481 ι
3197 4429 3303 4482 Καὶ
3329 4429 3437 4499 γάρ
3465 4431 3512 4481 οἱ
3534 4429 3734 4484 δίκαιοι

508 4511 602 4573 sti,
640 4510 801 4564 simili
833 4527 926 4580 spe
960 4509 1216 4564 laetiﬁcati
1253 4510 1503 4565 dicamus
1525 4511 1600 4564 illi
1631 4528 1644 4563 :
1673 4527 1692 4560 ι
1723 4509 1895 4575 Quam
1943 4525 2060 4562 ma-

505 4600 758 4672 gniﬁcata
782 4609 909 4656 sunt
933 4615 1097 4670 Opera
1126 4608 1242 4665 tua,
1271 4599 1525 4656 Domine!
1556 4600 1741 4655 omnia
1767 4605 1821 4653 in
1847 4600 2059 4668 sapien-

506 4695 580 4745 tia
611 4691 787 4747 fecisti
807 4694 875 4745 ⁸⁸.
905 4710 924 4742 ι
958 4690 1080 4746 Tibi
1113 4693 1284 4762 gloria
1331 4699 1386 4748 et
1417 4693 1707 4762 imperium
1740 4707 1862 4746 cum
1901 4690 2059 4745 Patre

503 4793 558 4840 et
587 4784 792 4855 Spiritu
815 4795 1022 4851 sancto,
1055 4800 1200 4839 nunc
1237 4792 1291 4839 et
1319 4799 1530 4854 semper
1560 4791 1613 4838 et
1645 4784 1697 4838 in
1731 4784 1926 4838 saecula
1962 4799 2062 4839 sa:-

503 4879 773 4932 culorum.
805 4879 998 4933 Amen.

2164 4515 2526 4585 ἐκλάμψουσιν
2549 4516 2624 4579 ὡς
2649 4520 2681 4587 ή
2713 4517 3027 4591 λαμπρότης
3053 4517 3145 4572 τοῦ
3189 4517 3590 4589 στερεώματος.
3641 4521 3736 4572 Ἐκ

2163 4607 2261 4676 τῆς
2285 4608 2605 4679 δεσποτικῆς
2634 4610 2811 4663 τοίνυν
2837 4610 3150 4681 ἀναλήψεως
3177 4609 3270 4663 τοῦ
3304 4611 3554 4683 Σωτῆρος
3575 4613 3735 4683 ήμῶν

2164 4701 2257 4752 καὶ
2289 4701 2514 4770 Κυρίου,
2547 4701 2641 4753 καὶ
2671 4701 2920 4772 ἀληθινοῦ
2949 4700 3082 4753 Θεοῦ
3122 4701 3294 4772 Ἰησοῦ
3335 4702 3594 4772 Χριστοῦ,
3630 4703 3737 4766 ea;

2163 4789 2355 4859 ὁμοίας
2377 4789 2596 4852 ἐλπίδας
2633 4793 3025 4860 τρυφήσαντες,
3062 4789 3310 4861 λέγωμεν
3354 4793 3491 4863 πρὸς
3531 4793 3697 4846 αὐτόν
3719 4811 3732 4823 ’

2169 4899 2188 4931 ι
2236 4881 2322 4943 Ὠς
2351 4880 2690 4952 ἐμεγαλύνθη
2740 4881 2807 4933 τὰ
2839 4881 2973 4952 ἔργα
3023 4898 3136 4944 σου,
3186 4880 3394 4952 Κύριεί
3446 4883 3624 4935 πάντα
3675 4884 3737 4933 ὲν

505 4971 664 5041 σοφίᾳ
695 4971 952 5040 ἐποίησας
974 4987 987 5000 ·
1025 4990 1044 5022 ι
1077 4971 1158 5023 ὅτι
1189 4988 1267 5023 σοι
1299 4973 1331 5041 ἡ
1362 4970 1486 5037 δόξα
1513 4971 1606 5023 καὶ
1639 4970 1701 5022 τὸ
1734 4973 1930 5040 κράτος
1958 4972 2052 5023 σὺν
2088 4970 2167 5041 τῷ
2192 4973 2364 5041 Πατρὶ
2393 4973 2484 5026 καὶ
2510 4971 2584 5043 τῷ
2610 4973 2748 5044 ἁγίῳ
2781 4972 3054 5043 Πνεύματι
3089 4972 3181 5025 νῦν
3216 4973 3310 5026 καὶ
3337 4973 3424 5026 ἀεὶ
3488 4973 3583 5027 καὶ
3648 4973 3733 5034 εις

501 5063 625 5125 τοὺς
646 5063 846 5126 αἰῶνας
877 5063 982 5116 τῶν
1016 5062 1241 5117 αἰώνων.
1287 5064 1480 5133 Ἀμήν.

575 5205 816 5282 aheni».
857 5224 977 5282 _lx,_
1003 5209 1069 5274 6,
1103 5209 1154 5273 7,
1197 5209 1288 5282 ιι,
1325 5210 1410 5264 19..
1485 5211 1531 5242 ιι
1561 5209 1701 5265 ibid.
1736 5210 1826 5264 at.
1903 5211 1948 5242 ιε
1987 5211 2069 5265 Ac‘

2180 5250 2194 5276 ,
2231 5211 2319 5266 Η.
2413 5211 2458 5242 ⁵⁸
2498 5209 2628 5264 ibid.
2722 5211 2766 5242 ⁴⁷
2806 5209 3037 5282 Philipp.
3078 5225 3173 5277 ιιι,
3205 5208 3296 5265 20.
3388 5209 3435 5242 "
3474 5209 3491 5262 Ι
3527 5207 3729 5264 Thess.

499 5291 572 5339 tv,
613 5277 698 5331 16.
775 5277 819 5309 ⁸³
857 5276 1001 5332 Psal.
1032 5294 1158 5343 cm,
1194 5279 1266 5332 24

571 5431 682 5506 (29)
711 5433 929 5504 Regius,
965 5436 1218 5506 θαύματι.
1251 5434 1418 5490 Paulo
1449 5443 1592 5505 post,
1625 5434 1757 5506 Reg.
1792 5439 1919 5500 τοὺς
1950 5436 2050 5490 τύ-

499 5516 631 5562 πους
660 5503 811 5572 ἔργα,
1073 5503 1084 5506 “
1450 5503 1468 5505 “
1711 5503 1731 5506 '

499 5637 514 5646 _
540 5570 678 5646 __(5(_l)
705 5571 924 5646 Regius.
968 5575 1245 5639 ἀπολαύει,
1285 5591 1408 5630 cum
1458 5577 1645 5632 codice
1690 5575 1922 5646 quodam
1958 5574 2048 5628 Bi-

498 5637 1080 5709 bliothecae'Palatinm,
1107 5661 1214 5716 quo
1234 5637 1510 5703 interdum
1533 5647 1617 5702 usi
1646 5637 1772 5703 su'nt
1799 5646 2051 5703 Comme-

2156 5436 2364 5516 liniani.
2408 5434 2566 5501 Editi,
2602 5435 2881 5489 ἀπολάϐει.
2923 5433 3062 5493 Ibid.
3093 5437 3225 5512 Reg.
3259 5437 3440 5502 habet,
3474 5435 3572 5506 τῆς
3597 5451 3735 5506 τρυ-

2159 5523 2264 5576 φης

2228 5548 2336 5648 ἱῗέι)
2367 5575 2566 5649 Regius
2591 5575 2782 5643 codex,
2826 5575 3141 5646 βλέποντες.
