3878 6208
116 337 236 393 “01

1247 329 1614 388 ENCOMIUM
1640 329 1714 385 ἸΝ
1754 327 1817 384 S.
1852 325 2205 384 ANDREAM.

3061 364 3077 373 -
3183 319 3320 378 H0!

121 509 3311 541 ————-—-——-——————r———————_——'—_—__-

802 656 1182 715 ADMONITIO
1218 657 1286 713 IN
1324 655 1689 714 ENCOMIUM
1728 655 1796 712 IN
1840 654 2178 712 SANC‘I‘UM
2213 655 2572 713 ANDREAM.

186 772 283 827 Hoc
302 770 603 826 Encomium
633 787 768 825 nunc
794 772 965 841 primo
994 772 1172 841 prodit
1199 774 1255 827 in
1286 773 1456 829 lucem
1480 788 1546 828 ea:
1571 772 1774 828 schedis
1802 773 2153 829 eruditissimi
2205 775 2456 843 nobisque
2506 775 2822 828 amicissimi
2874 775 2976 828 viri
3024 774 3317 840 Toiuardi,

108 882 233 936 quas
260 864 340 919 ille
365 864 467 917 sibi
492 862 558 915 ab
599 861 865 932 Hispania
891 866 1239 919 transmissus
1262 881 1353 935 per
1377 866 1879 921 excellentissimum
1899 866 2081 919 domn.
2107 863 2391 933 Gasparem
2420 867 2484 920 de
2520 864 2777 920 Mendoza
2805 876 2856 918 et
2891 864 3145 936 Segovia,
3176 883 3323 920 mar-

104 956 324 1009 chionem
357 953 423 1007 de
458 951 764 1022 Hondejar,
799 952 1071 1007 nobiscum
1098 956 1488 1031 perhumaniter
1518 958 1940 1012 communicavit.
1963 958 2046 1011 Ad
2068 957 2424 1012 Athanasium
2453 973 2614 1027 porro
2640 958 2855 1011 minime
2886 958 3147 1026 pertinere
3166 957 3323 1027 judi-

109 1048 244 1101 cabit
259 1045 484 1116 quisquis
522 1044 907 1099 Athanasiana:
936 1046 1193 1099 orationis
1214 1044 1293 1099 vel
1315 1045 1585 1100 tantillum
1607 1047 1805 1115 peritus
1833 1047 2013 1117 fuerit.
2058 1047 2182 1104 Non
2209 1058 2287 1103 est
2326 1049 2465 1102 enim
2498 1064 2561 1102 ea
2596 1048 2878 1118 dignitate,
2910 1047 3139 1116 judicio,
3188 1065 3317 1118 gra-

110 1142 278 1203 uitate,
303 1153 414 1209 qua
456 1138 512 1192 in
538 1137 674 1192 ueris
699 1139 902 1191 elucent
926 1135 1208 1190 Athanasii
1235 1137 1497 1205 operibus.
1534 1136 1730 1191 Exstat
1762 1137 1847 1193 hic
1876 1138 2063 1194 Sermo
2101 1141 2157 1193 in
2212 1139 2391 1194 codice
2434 1137 2740 1194 Colbertino
2802 1139 2926 1207 847,
2974 1140 3323 1210 tribuiturque

107 1232 297 1287 Basilio
329 1230 664 1299 Seleuciensi,
693 1231 844 1302 cujus
869 1246 996 1287 sane
1024 1231 1222 1301 stylum
1245 1231 1412 1295 maqis
1442 1230 1607 1300 refert
1627 1247 1794 1301 quam
1825 1231 2274 1289 Athanasianum.
2309 1231 2488 1289 Codex
2534 1241 2709 1287 autem
2745 1242 2831 1289 est
2875 1234 3322 1305 septingentorum

99 1325 306 1379 circiter
329 1339 609 1379 annorum.

1170 1526 1309 1583 ΤΟΥ
1342 1526 1434 1580 ΕΝ
1470 1526 1695 1583 ΑΠΟΙΣ
1728 1528 1999 1584 ΠΑΤΡοΣ
2029 1530 2233 1583 ΗΜΩΝ

1390 1675 2027 1767 ΑΘΑΝΑΣΙΟΥ

670 1835 1065 1891 Ειίωωοιν
1086 1835 1217 1892 ΕΙΣ
1256 1822 1396 1893 TbN
1430 1841 1659 1896 mon

1761 1839 2045 1895 NAPEAN
2078 1838 2222 1891 TON
2249 1835 2704 1890 ΑΗΟΣΊῸΛΟΝ.

1087 2090 1186 2178 'S.
1267 2078 1370 2179 Ρ.
1451 2092 1572 2180 Ν.
1647 2089 2296 2182 ATHANASII
2414 2119 2418 2123 ‘

747 2262 1158 2321 ENCOHIUM
1209 2263 1301 2319 IN
1345 2264 1702 2323 SANCTUJ!
1746 2264 2107 2322 ANDREAM
2153 2262 2620 2323 APOSTOLUM.

171 2493 223 2546 1-
265 2490 431 2565 Ὁρῶν
448 2491 547 2564 τὴν
572 2491 827 2565 λαμπρὰν
857 2494 1058 2565 ταύτην
1100 2493 1301 2566 ἀγέλην
1346 2493 1439 2548 τοῦ
1485 2494 1658 2548 Πνεύ-

1831 2494 1886 2548 l.
1926 2491 2258 2547 Praeclarum
2285 2489 2478 2546 videns
2510 2488 2725 2545 Domini
2752 2505 2993 2562 gregem,
3037 2506 3328 2562 sagenamo

87 2601 267 2655 ματος
295 2584 387 2637 καὶ
411 2585 490 2648 είς
516 2584 578 2637 τὸ
603 2584 833 2656 γαληνὸν
864 2584 1078 2656 ἀληθῶς
1102 2586 1195 2639 καὶ
1221 2585 1530 2658 ἀκύμαντον
1560 2586 1657 2640 πέ-

84 2676 280 2745 λαγος,
305 2674 663 2747 ἀποστολικὴν
707 2676 1185 2749 ὑπερϐεϐλημένην
1231 2678 1471 2749 σαγήνην
1519 2678 1655 2750 (32),

91 2767 196 2838 τῆς
246 2766 563 2838 δεσποτικῆς
620 2768 802 2840 φωνῆς
860 2769 1350 2840 ύπομιμνήσκομαι
1412 2767 1653 2840 βοώσης*

92 2878 121 2911 4
151 2858 313 2912 Δεῦτε
338 2858 511 2912 ὀπίσω
537 2874 660 2929 μου,
690 2858 783 2910 καὶ
811 2857 1021 2929 ποιήσω
1054 2858 1198 2928 ὑμᾶς
1239 2856 1404 2922 ἁλιεῖς
1444 2856 1655 2929 ἀνθρώ-

87 2968 236 3007 πων.
267 2969 287 3002 ι
317 2951 380 3003 Ὠ
403 2952 585 3021 φωνῆς
614 2947 866 3021 ἐνεργοῦς
889 2949 902 3003 l
922 2949 986 3001 Ὦ
1015 2950 1272 3021 ῥημάτων
1291 2949 1378 3003 διὰ
1402 2948 1661 3021 πραγμά-

84 3058 202 3096 των
261 3039 712 3113 γνωριζομένωνι
762 3041 827 3094 Ὦ
870 3039 972 3111 τῆς
1022 3040 1257 3111 ἀληθοῦς
1317 3042 1660 3113 ὑποσχέσεως

78 3131 217 3186 καθ’
245 3132 456 3204 ἡμέραν
489 3130 889 3203 αὐξανομένηςί
919 3131 1075 3196 Τίνος
1104 3130 1213 3204 γὰρ
1245 3133 1279 3205 ἠ
1309 3131 1660 3206 πολυάνθρω-

85 3241 197 3288 πος
230 3223 368 3296 αὕτη
394 3223 534 3294 θήρα
559 3240 574 3290 ;
604 3223 697 3286 Τίς
726 3225 755 3277 ὁ
799 3223 897 3294 τὴν
932 3223 1206 3296 περιφανῆ
1240 3223 1444 3296 ταύτην
1473 3222 1660 3295 ἀθροί-

76 3335 194 3382 σας
243 3318 564 3389 πανήγυριν,
601 3315 633 3388 ἢ
666 3315 840 3388 δῆλον,
876 3316 951 3380 ὡς
979 3315 1007 3369 ὁ
1053 3315 1354 3387 περιφανὴς
1381 3315 1487 3369 τῶν
1532 3317 1663 3370 ἀπο-

82 3408 299 3463 στόλων
343 3407 624 3479 Ἀνδρέας;
658 3409 686 3459 ὁ
717 3405 972 3471 ἀπλώσας
1002 3407 1103 3478 τῆς
1130 3406 1376 3478 γλώττης
1419 3407 1515 3461 καὶ
1559 3408 1662 3480 τῆς

82 3500 302 3570 μνήνης
332 3499 402 3552 τὰ
434 3498 680 3570 θήρατρα
701 3516 714 3529 ’
745 3499 851 3565 ἵνα,
884 3500 985 3572 τὴν
1018 3499 1168 3572 ἱερὰν
1188 3499 1397 3572 ταύτην
1444 3500 1661 3573 ἐμπλή-

76 3608 192 3655 σας
216 3590 419 3644 όλκάδα
435 3592 548 3654 τοῖς
568 3589 709 3655 οἴαξι
747 3591 846 3662 τῆς
877 3591 1184 3661 ἀποστολῆς
1219 3590 1351 3664 (55),
1400 3591 1535 3663 πρὸς
1578 3593 1663 3645 ού-

72 3681 255 3753 ρανὸν
284 3680 437 3754 ἱθύνῃ
464 3681 527 3734 τὸ
558 3683 786 3751 σκάφος.
821 3681 932 3734 Καὶ
955 3685 1083 3736 ποῖα
1106 3682 1174 3736 τά
1199 3682 1300 3751 τῆς
1323 3682 1497 3753 ἄγρας
1514 3699 1660 3752 πρω-

75 3774 247 3836 τεῖα;
285 3771 421 3824 Ποῖα
449 3771 506 3824 δὲ
538 3770 646 3827 τῶν
680 3773 940 3843 καμάτων
970 3774 1038 3828 τὸ.
1087 3771 1412 3843 ἀκροθ’ίνια;
1460 3774 1522 3826 Οἱ
1569 3773 1660 3828 τὸν

1759 2600 1865 2657 que
1893 2583 2272 2657 apostolicam,
2300 2582 2600 2653 tranquillo
2629 2597 2693 2637 ac
2714 2582 2880 2638 nullis
2908 2583 3327 2654 tempestatibus

1760 2677 1963 2749 agitato
1995 2675 2186 2748 pelago
2215 2675 2495 2745 injectam,
2528 2671 2827 2730 Dominicae
2866 2676 3020 2732 vocis
3060 2677 3325 2732 recordor

1760 2765 2091 2821 clamantis:
2125 2783 2144 2816 ι
2176 2761 2370 2819 Venite
2406 2774 2528 2835 post
2570 2779 2677 2829 me,
2729 2774 2783 2820 et
2826 2765 3167 2823 faciam‘vos
3209 2766 3326 2824 ﬁeri

1763 2854 2068 2924 piscatores
2112 2853 2488 2909 hominum".
2516 2872 2537 2906 ›
2593 2850 2639 2909 Ο
2684 2853 2955 2910 efﬁcacem
3004 2857 3226 2911 vocem!
3281 2855 3327 2912 Ο

1760 2946 1926 3001 verba
1966 2946 2132 3001 rebus
2170 2945 2306 3015 ipsis
2341 2946 2725 3015 comprobata!
2754 2944 2798 3001 Ο
2826 2962 3076 3002 veracem
3100 2950 3331 3018 promis-

1761 3038 1968 3094 sionem
2019 3038 2076 3092 in
2115 3038 2231 3094 dies
2278 3039 2526 3092 auctam!
2573 3037 2873 3107 Cujusnam
2923 3038 3037 3093 haec
3078 3048 3187 3093 tam
3231 3054 3331 3094 co-

1760 3129 1914 3201 piosa
1947 3128 2226 3185 hominum
2250 3131 2504 3185 venatio?
2532 3130 2667 3198 Quis
2701 3132 2973 3186 illustrem
3014 3131 3331 3201 huiusmodi

1761 3222 1938 3292 coegit
1958 3222 2199 3279 emtum?
2230 3223 2427 3278 Annon
2456 3225 2635 3294 palam
2665 3232 2751 3281 est
2771 3224 2919 3279 inter
2947 3225 3228 3295 apostolos
3265 3225 3333 3280 il-

1761 3311 1987 3367 lustrem
2016 3311 2072 3366 id
2101 3313 2422 3382 praestitisse
2468 3313 2784 3368 Andream?
2821 3314 2916 3384 qui
2946 3330 3070 3369 cum
3109 3315 3329 3388 linguae,

1761 3410 1877 3459 tum
1910 3404 2187 3460 memorias
2231 3403 2498 3461 ven‘abula
2542 3405 2870 3475 explicavit;
2923 3415 2984 3461 ut
3030 3407 3134 3462 hac
3173 3423 3334 3464 sacra

1762 3494 1984 3564 impleta
2008 3496 2282 3560 navicula,
2317 3495 2657 3567 apostolatus
2688 3496 2774 3551 sui
2802 3497 3192 3568 gubernaculis
3213 3514 3336 3554 sca-

1760 3586 1925 3658 pham
1963 3585 2162 3657 dirigat
2193 3586 2260 3641 ad
2302 3588 2525 3641 coelum.
2572 3585 2903 3656 Ecquasnam
2941 3589 2997 3642 in
3044 3589 3334 3645 venatione

1760 3679 1968 3749 primas
2014 3677 2252 3733 habent?
2297 3677 2554 3747 Quaenam
2608 3678 2858 3733 laborum
2909 3680 3028 3749 ejus
3079 3681 3335 3750 primitiae

1763 3773 1929 3826 sunt?
1952 3770 2057 3838 Qui
2086 3771 2376 3826 sacerdotii
2410 3772 2673 3827 ambitum
2710 3773 3008 3828 virtutibus
3034 3783 3332 3829 exornant.

73 3863 183 3932 τῆς
221 3862 520 3934 ἱερωσύνης
559 3840 840 3934 περίϐολον
868 3867 987 3929 ταῖς
1034 3840 1255 3937 ἀρεταῖς
1304 3867 1659 3939 περιφαιδρύ-

1762 3861 1868 3927 Qui
1898 3862 2061 3932 primi
2091 3862 2409 3933 aposmlicis
2446 3863 2599 3919 hisce
2632 3864 2781 3919 ulnis
2816 3864 3056 3935 impositi
3093 3872 3245 3930 sunt,
3277 3873 3335 3920 et

76 3971 273 4017 νοντες
300 3953 435 4024 (54).
454 3953 519 4009 Οἱ
545 3954 748 4025 πρῶτοι
764 3956 862 4018 τὰς
893 3956 1251 4021 ἀποστολικὰς
1276 3958 1473 4023 ταύτας
1501 3960 1663 4029 ὑπερ.

75 4044 276 4110 θέντες
299 4045 563 4114 ἀγκάλας,
587 4048 681 4100 καὶ
706 4048 831 4110 τοὺς
858 4045 961 4112 ἔξω
987 4048 1371 4119 πλανωμένους
1402 4050 1536 4122 πρὸς
1562 4068 1665 4104 σω-

73 4138 285 4209 τηρίαν
312 4138 698 4209 ἀγρεύσαντες.
739 4139 875 4193 Ἀλλ’
909 4139 1058 4211 ἢκαὶ
1083 4141 1180 4212 τῆς
1217 4143 1498 4214 παρούσης
1530 4144 1660 4214 ἡμῖν

72 4229 453 4301 πανηγύρεως
478 4233 506 4284 ὁ
534 4232 707 4301 μέγας
736 4225 888 4294 οὗτος
932 4231 1182 4302 Ἀνδρέας
1225 4233 1324 4297 τὰς
1358 4234 1661 4305 προφάσεις

64 4314 355 4376 δέδωκενέ
386 4322 500 4376 ἀλλ’
525 4324 553 4377 ὃ
578 4340 642 4392 γε
674 4325 780 4387 πᾶς
807 4323 913 4377 τῶν
941 4324 1250 4377 ἀποστόλων
1271 4328 1660 4397 συνεκτιμᾶται

66 4413 271 4484 χορός.
309 4412 417 4477 υῦς
441 4413 602 4486 γάρὴ
636 4416 1080 4488 χάριςισυνῆψεν,
1116 4418 1174 4469 ού
1213 4416 1444 4490 διίστησι
1474 4418 1656 4483 τόπος.

68 4506 195 4559 Kal.
231 4504 486 4578 καθάπερ
518 4508 571 4560 εἴ
592 4524 677 4570 τις
700 4507 808 4560 τῶν
849 4508 915 4559 ὲκ
951 4508 1297 4573 πολυτελείας
1343 4509 1660 4582 διηνθισμέ-

59 4613 187 4650 νων
224 4595 397 4650 λίθων
422 4598 659 4650 ἐπαινεῖν
689 4597 959 4671 ἐθελήσειε
987 4599 1271 4669 στέφανον,
1293 4600 1416 4654 ὅτου
1452 4600 1518 4655 ἂν
1547 4604 1659 4665 τοῖς

62 4688 338 4752 ἐπαίνοις
367 4689 751 4761 περιδράξηται
783 4691 1003 4761 μέρους,
1033 4690 1126 4744 τὸν
1152 4690 1271 4746 ὅλον
1292 4691 1660 4764 συνθαυμάζει

59 4784 191 4844 τοῖς
243 4780 476 4854 μέρεσισ
524 4781 558 4852 ἢ
594 4780 864 4853 καθάπερ,
898 4784 1104 4854 χρυσῆν
1135 4801 1256 4838 τινα
1306 4784 1492 4857 σειρὰν
1518 4784 1660 4856 ὁρῶν

54 4891 178 4937 τις,
211 4873 332 4944 ὅπη
364 4872 431 4927 ἂν
453 4873 668 4944 ἅψαιτο,
687 4874 747 4928 τὸ
778 4876 886 4929 πᾶν
921 4875 1268 4948 συνεκίνησεν
1287 4894 1303 4909 ο
1337 4876 1479 4931 οὕτω
1511 4878 1602 4931 καὶ
1631 4880 1661 4931 ὁ

53 4963 221 5035 πρὸς
267 4963 371 5018 ἕνα
413 4964 521 5018 τῶν
567 4966 877 5020 ἀποστόλων
922 4966 1078 5035 λόγος
1120 4967 1348 5038 βαδίζων
1391 4970 1459 5023 δι’
1493 4968 1658 5024 αὐτοῦ

52 5056 306 5126 συνέχει
326 5056 450 5120 τοὺς
478 5056 718 5122 ἅπαντας
734 5059 874 5113 κατά
895 5060 992 5133 τὴν
1018 5060 1110 5115 τοῦ
1142 5061 1429 5115 θεσπεσίου
1445 5061 1658 5115 Παύλου

1763 3955 1859 4024 qui
1907 3963 2062 4008 extra
2089 3962 2351 4026 vagantes
2383 3964 2739 4028 errantesque
2771 3956 2837 4009 ad
2885 3958 3117 4013 salutem
3148 3960 3335 4011 venali
3452 4006 3455 4009 .

1762 4054 1908 4102 sunt.
1948 4044 2116 4101 Plane
2163 4047 2325 4103 nobis
2377 4049 2663 4119 praesentis
2719 4046 3055 4103 celebritatis
3099 4058 3328 4115 magnus

1762 4138 1851 4193 ille
1876 4137 2125 4193 Andreas
2163 4139 2482 4194 occasiones
2511 4140 2660 4195 dedit
2689 4159 2703 4195 :
2733 4140 2825 4195 sed
2863 4148 3011 4193 totus
3051 4141 3335 4207 apostolo-

1760 4243 1882 4282 rum
1916 4228 2120 4284 chorus
2166 4228 2224 4283 in
2273 4237 2484 4299 partem
2518 4230 2742 4284 honoris
2788 4231 2956 4284 venit.
2989 4229 3139 4295 Quos
3186 4231 3335 4283 enim

1760 4320 1935 4393 gratia
1965 4321 2253 4390 conjunxit
2293 4336 2403 4375 non
2435 4329 2655 4391 separat
2677 4321 2852 4376 locus.
2875 4320 2954 4375 Ac
2975 4319 3334 4390 quemadmo-

1761 4416 1891 4470 dum
1922 4417 1969 4470 si
1998 4420 2121 4487 quis
2161 4430 2421 4471 coronam
2449 4415 2650 4485 lapillis
2683 4414 2942 4486 pretiosis
2980 4421 3335 4483 coagmenta-

1764 4518 1872 4562 lam
1903 4508 2128 4564 laudare
2169 4508 2319 4572 velit,
2373 4522 2759 4578 quamcunque
2812 4515 3025 4576 partem
3075 4506 3334 4562 laudibus

1722 4601 2005 4663 .extollat,
2036 4607 2210 4654 totum
2255 4614 2363 4654 una
2408 4615 2533 4654 cum
2576 4608 2733 4670 parte
2784 4600 2876 4654 illa
2929 4601 3207 4654 miratur:
3240 4609 3335 4654 aut

1761 4691 2218 4762 quemadmodum
2277 4692 2324 4747 si
2368 4692 2493 4762 quis
2533 4705 2755 4747 auream
2812 4693 3005 4749 videns
3053 4701 3329 4759 catenam,

1761 4799 2086 4854 quacunque
2112 4799 2231 4840 eam
2266 4792 2423 4855 parte
2453 4790 2662 4854 tangat,
2686 4793 2855 4839 totam
2888 4794 3225 4843 commovet:
3257 4786 3335 4840 ita

1761 4890 1943 4932 sermo
1979 4874 2047 4931 de
2075 4874 2270 4946 quovis
2303 4876 2676 4946 apostolorum
2706 4876 2906 4939 factus,
2951 4891 3143 4931 omnes
3174 4875 3337 4945 plane
3406 4888 3410 4893 '

1761 4975 1970 5039 spectat
2015 4968 2317 5039 apostolos,
2362 4968 2517 5040 juxta
2548 4967 2719 5022 divini
2763 4969 2917 5023 Pauli
2961 4984 3192 5024 vocem:
3226 4986 3243 5018 ι
3276 4966 3335 5020 Si

1761 5060 1963 5131 gaudet
1993 5045 2161 5115 unum
2202 5060 2530 5127 membrum,
2566 5062 2910 5133 congaudent
2951 5063 3133 5116 omnia
3164 5075 3339 5114 mem-

47 5148 310 5219 φωνήν⁵
360 5167 379 5199 ‹
415 5149 477 5201 Ei
505 5149 682 5220 χαίρει
713 5149 771 5203 ἓν
821 5150 999 5221 μέλος,
1052 5151 1335 5223 συγχαίρει
1378 5152 1556 5206 πάντα
1588 5151 1657 5205 τὰ

1761 5153 1857 5209 bra
1879 5154 1948 5208 “.
1984 5172 2004 5206 ›
2052 5151 2226 5219 Quam
2272 5154 2417 5209 enim
2469 5155 2840 5213 membrorum
2893 5168 3208 5229 compagem
3259 5154 3337 5207 ita

46 5261 92 5313 μ
106 5242 245 5312 έλη.
294 5260 316 5293 ι
348 5242 513 5295 Ποίαν
541 5243 649 5314 γὰρ
683 5242 748 5299 ἂν
775 5243 949 5313 μελῶν
978 5245 1242 5317 ἁρμονίαν
1274 5244 1446 5309 οὕτως
1488 5247 1520 5317 ὴ
1555 5244 1657 5315 φύ-

48 5351 149 5397 σις
178 5332 479 5404 ἐξύφηνεν,
507 5332 583 5397 ὡς
612 5334 709 5406 τὴν
739 5336 847 5389 τῶν
885 5336 1195 5391 ἀποστόλων
1239 5338 1453 5411 χορείαν
1488 5340 1519 5410 ἡ
1559 5336 1654 5392 τοῦ

128 5485 185 5516 ⁵⁸
235 5485 439 5542 Matth.
472 5502 548 5553 IV,
584 5487 670 5542 19.
744 5490 788 5520 ⁸³
829 5488 849 5542 l
882 5488 1009 5545 Cor.
1055 5506 1153 5555 xu,
1188 5490 1285 5546 26.

41 5639 266 5785 γήεὲῗ)
306 5641 467 5701 Coll).
517 5642 845 5715 ἀποστολικῇ
893 5644 986 5700 νῦν
1041 5646 1505 5720 περιϐεϐλημένην
1560 5663 1655 5700 σα-

1764 5252 1960 5300 natura
2001 5243 2294 5313 colligavit,
2325 5252 2387 5297 ut
2416 5246 2787 5320 apostolorum
2831 5242 3061 5301 chorum
3102 5241 3338 5312 Spiritus

1762 5336 1938 5409 gratia
1978 5336 2292 5408 copulavit?
2319 5334 2458 5390 Nam
2503 5352 2612 5392 una
2647 5337 2809 5407 plane
2853 5335 3031 5407 gratia
3079 5343 3184 5400 est,
3215 5350 3337 5405 quae

1836 5645 1945 5786 E35)
1980 5644 2134 5700 Colb.
2165 5645 2264 5716 τῆς
2286 5644 2649 5715 ἀπωτολικῆς
2677 5648 2916 5715 χάριτος,
2950 5647 3025 5710 είς
3055 5648 3173 5718 ούρ.

1858 5716 1944 5786 54)
1985 5716 2349 5773 Colbcrtinus.
2378 5715 2921 5786 καταφαιδρύνοντες.

1858 5716 1944 5786 54)
1985 5715 2349 5773 Colbcrtinus.
2378 5715 2921 5791 καταφαιδρύνοντες.
