3878 6208
578 258 715 315 “05

1702 255 1759 311 S.
1803 255 2264 315 ATHANASIUS.
2312 285 2384 299 -
2418 252 2693 321 SPURIA.

3663 261 3788 321 1104

578 378 855 452 apostolos
917 377 987 433 ad
1038 374 1287 431 militiam
1334 375 1739 446 exercitumque
1790 374 2002 431 Domini
2054 390 2124 431 co

2251 374 2566 448 Πνεύματος
2591 377 2753 448 χάρις
2778 392 3125 448 συνηρμοσε;
3160 377 3276 432 Μία
3300 377 3409 449 γὰρ
3432 378 3595 444 ὅντως
3625 381 3787 453 χάρις»
3856 346 3857 395 1

580 479 713 543 egit.

648 565 704 621 2.
746 563 858 636 Age
904 576 1056 633 ergo,
1110 575 1300 616 omnes
1351 574 1482 624 una,
1527 574 1592 614 ac
1636 574 1732 629 per
1776 575 1971 616 omnes
2021 559 2144 617 illos

581 658 823 728 singulos
869 655 1222 710 admiremur.
1276 653 1523 709 Andreas
1575 653 1669 723 qui
1716 668 1783 707 ex
1839 653 2141 723 apostolica

578 750 818 822 ἀνδρείᾳ,
850 749 903 804 id
938 754 1022 803 est
1051 747 1273 808 virtute,
1303 759 1499 799 nomen
1525 745 1752 799 sortitus
1786 749 1890 808 est,
1917 744 2009 813 qui
2031 744 2146 814 pri-

575 859 700 898 mus
729 841 1029 917 Dominum
1048 840 1152 894 sibi
1183 838 1504 906 magistrum
1538 836 1793 905 ascripsit
1815 875 1830 899 ,
1859 835 2145 905 apostolici

576 934 731 990 chori
774 933 991 988 initium
1034 950 1047 985 :
1082 930 1173 1000 qui
1229 930 1295 984 ad
1350 929 1637 983 adventum
1674 926 1891 981 Domini
1930 926 2145 997 perspi-

577 1023 830 1080 ciendum
866 1030 1026 1076 acuta
1057 1021 1157 1075 fuit
1193 1020 1478 1073 oculorum
1509 1019 1665 1072 acie:
1692 1018 1784 1087 qui
1804 1016 2032 1073 Joannis
2062 1017 2147 1072 di-

576 1116 862 1186 sciplinam
906 1128 1029 1167 cum
1088 1111 1296 1167 Christi
1342 1109 1591 1165 doctrina
1640 1111 2037 1164 commutavit:
2070 1110 2146 1165 si—

573 1208 762 1279 gillum
800 1205 1092 1261 verborum
1127 1202 1404 1272 Baptistae.
1447 1200 1581 1257 Erat
1612 1201 1772 1274 403
1795 1203 1940 1257 enim
1975 1200 2145 1257 disci-

570 1302 822 1373 pulorum
853 1296 1080 1352 Joannis
1101 1296 1471 1362 clarissimus;
1502 1294 1712 1365 fulgore
1739 1295 1977 1349 lucernae
2004 1294 2143 1349 lucis

569 1392 852 1447 veritatem
877 1389 1220 1459 perquirens,
1257 1402 1321 1441 ac
1359 1388 1506 1442 velut
1542 1387 1598 1440 in
1633 1387 1735 1442 sub
1765 1386 2020 1442 obscuris
2052 1402 2144 1441 ra-

2247 467 2282 539 ἠ
2314 467 2439 531 τοὺς
2464 468 2793 531 ἀποστόλους
2818 465 2892 538 τῷ
2917 468 3150 542 δεσπότῃ
3183 470 3668 543 στρατολογήσασα.

2316 560 2373 616 2.
2402 559 2570 632 Δεῦρο
2597 556 2690 616 οὖν
2719 562 2811 615 ἐπὶ
2836 563 2961 625 τοὺς
2991 562 3217 627 πάντας,
3252 563 3345 617 καὶ
3369 562 3456 616 διὰ
3486 564 3690 618 πάντων
3712 567 3787 619 τὸν

2249 651 2369 707 καθ’
2398 652 2497 707 ἕνα
2529 651 2916 725 θαυμάσωμεν.
2964 652 3217 725 Ἀνδρέας
3240 655 3282 721 ⁵ό
3315 654 3415 726 τῆς
3456 655 3787 728 ἀποστολικῆς

2245 744 2497 817 ἀνδρείας
2525 744 2831 816 ἐπώνυμος,
2859 746 2888 799 6
2920 746 3137 817 πρῶτος
3165 746 3483 801 διδάσκαλον
3511 749 3598 801 τὸν
3622 750 3789 803 δεσπό-

2245 853 2344 909 την
2364 836 2804 908 ἐπιγραψάμενος
2821 854 2835 868 ο
2855 840 2889 908 ἡ
2911 839 3010 909 τῆς
3032 837 3395 908 ἀποπολικῆς
3412 840 3624 911 χορείας
3644 841 3786 912 ἀρχή·

2245 928 2275 980 6
2303 928 2438 1000 πρὸς
2459 929 2556 1000 τὴν
2588 928 2910 998 δεσποτικὴν
2957 930 3258 999 παρουσίαν
3293 929 3603 1003 ὀξυδερκὴς,
3651 934 3680 985 6
3708 934 3791 1002 τῆς

2259 1019 2506 1074 Ἰωάννου
2545 1020 2844 1092 μαθητείας
2867 1021 2965 1092 τὴν
2992 1021 3229 1092 Χριστοῦ
3253 1021 3595 1077 διδασκαλίαν
3619 1024 3794 1077 ἀνταλ-

2245 1111 2635 1183 λαξάμενος·ή
2665 1112 2774 1166 τῶν
2806 1110 2899 1166 τοῦ
2931 1112 3236 1167 Βαπτιστοῢ
3264 1114 3521 1185 ῥημάτων
3555 1116 3791 1187 σφραγίς.

2242 1199 2351 1257 Ἦν
2385 1204 2484 1276 μὲν
2516 1203 2624 1274 γάρ
2656 1204 2764 1259 τῶν
2800 1205 3045 1259 Ἰωάννου
3080 1204 3335 1277 μαθητῶν
3359 1208 3387 1260 6
3407 1206 3756 1279 δοκιμώτατος
3776 1226 3794 1241 υ

2244 1297 2302 1349 ὲν
2327 1295 2587 1368 λυχνιαίῳ
2617 1296 2809 1365 φέγγει
2835 1296 3015 1367 ζητῶν
3048 1295 3142 1350 τοῦ
3176 1298 3353 1367 φωτὸς
3402 1298 3499 1369 τὴν
3534 1297 3792 1368 ἀλήθειανι

2240 1385 2430 1459 ὥσπερ
2463 1405 2545 1450 τις
2574 1390 2631 1440 ὲν
2652 1387 3047 1460 ἀμυδροτέραις
3072 1389 3269 1457 αὐγαῖς
3295 1388 3430 1460 πρὸς
3451 1388 3546 1451 τὰς
3573 1388 3795 1461 Χριστοῦ

568 1482 697 1550 diis,
729 1482 931 1537 Christi
970 1479 1353 1550 splendoribus
1402 1478 1767 1534 assuefactus.
1821 1477 1926 1534 Sed
1966 1480 2124 1533 bacte

2247 1479 2614 1551 μαρμαρυγὰς
2647 1479 2976 1549 ἐθιζόμενος.
3035 1480 3173 1534 Ἀλλ’
3200 1482 3228 1533 ό
3260 1480 3359 1551 μὲν
3396 1481 3643 1551 Ἰωάννης
3669 1480 3799 1544 τέως

568 1591 675 1630 nus
699 1574 938 1629 Joannes
975 1570 1236 1627 Jordanis
1272 1575 1326 1625 in
1354 1570 1573 1627 fluentis
1617 1578 1793 1637 stans,
1824 1570 2140 1627 Iudaeorum

2240 1574 2353 1634 τοῖς
2397 1571 2656 1643 Ἰορδάνου
2682 1572 2914 1641 νάμασιν
2935 1568 3180 1640 ἐφεστὼς
3204 1569 3302 1634 τὰς
3323 1571 3586 1624 Ἰουδαίων
3608 1571 3800 1639 ἀγέλας

569 1681 760 1737 greges
800 1665 1194 1733 baptizaverat,
1268 1664 1558 1734 praeceptis
1608 1662 1777 1719 Mosis
1834 1663 2124 1720 remedium

2241 1661 2521 1726 ἐϐάπτιζε,
2567 1665 2681 1726 τοῖς
2707 1662 2951 1726 Μωσέως
2974 1662 3387 1734 προστάγμασιν
3402 1663 3803 1733 ἀντιφάρμακον

564 1758 922 1826 levamenque
956 1756 1011 1810 in
1053 1757 1211 1826 aquis
1244 1769 1579 1824 praeparans,
1630 1755 1840 1809 scilicet
1869 1755 2124 1825 paeniten-

2241 1754 2300 1805 έν
2343 1752 2499 1807 ὕδασι
2549 1752 2974 1817 κατασκευάζων
3020 1754 3325 1822 μετάνοιαν,
3374 1752 3469 1805 καὶ
3514 1751 3801 1805 Μωσαῖκοῦ

566 1850 723 1914 tiam,
767 1848 1101 1918 Mosaicique
1143 1847 1307 1918 gladii
1350 1847 1520 1901 aciem
1551 1846 1809 1902 ﬂuctibus
1852 1862 2133 1901 resecans.

565 1942 776 2009 Quibus
805 1941 949 1995 enim
992 1940 1128 2010 legis
1161 1940 1524 2010 transgressio
1566 1945 1797 1993 mortem
1827 1946 2133 2009 pepererat,

561 2032 665 2086 hos
716 2040 1013 2102 praereptos
1059 2029 1324 2100 Baptista,
1368 2030 1692 2100 pmnitentia
1741 2030 2004 2100 prmisit
2049 2028 2135 2099 (ac

562 2120 931 2192 pmparavit.)
957 2114 1097 2186 Quia
1121 2120 1264 2175 enim
1287 2119 1533 2175 nondum
1563 2119 1751 2174 aderat
1779 2118 1873 2188 qui
1897 2126 2131 2173 mortem

563 2217 873 2285 abrogaret,
919 2213 1155 2283 quadam
1206 2227 1308 2266 ceu
1355 2212 1619 2267 dilatione
1657 2226 1755 2282 per
1797 2211 2134 2281 baptismum

561 2306 806 2368 obtenta,
853 2318 1001 2359 mors
1047 2303 1374 2365 leniebatur,
1428 2302 1658 2358 invitam
1709 2318 1837 2373 erga
1882 2302 2133 2358 homines

560 2395 905 2451 clementiam
946 2410 1044 2465 per
1073 2395 1452 2465 paenitentiam
1499 2394 1715 2449 educta.
1760 2394 1899 2448 Cum
1949 2401 2131 2447 autem

560 2485 779 2541 advenit
815 2484 1079 2540 Dominus
1108 2484 1427 2538 oeconomiae
1454 2484 1719 2553 sapientia
1749 2480 2127 2547 absconditus,

559 2577 858 2633 occultavit
897 2577 1014 2647 ipse
1057 2591 1274 2647 quoque
1327 2576 1533 2631 amictu
1583 2575 1797 2628 mortali
1845 2574 2129 2645 dignitatis

559 2673 928 2745 splendorem.
958 2670 1097 2726 Cum
1129 2671 1183 2725 id
1220 2669 1387 2739 probe
1428 2675 1615 2724 nosset
1641 2666 1882 2724 Joannes
1929 2685 1988 2724 se
2027 2669 2127 2724 do-

557 2775 764 2820 ctorem
791 2763 973 2819 statim
1009 2762 1065 2817 in
1091 2762 1379 2818 satellitem
1417 2761 1710 2825 convertit,
1736 2767 2130 2832 contractaque

555 2871 746 2920 manu,
775 2854 1063 2926 prmsentis
1089 2852 1347 2924 (Domini)
1371 2866 1551 2923 praeco
1574 2851 1754 2905 factus
1783 2859 1867 2907 est
1895 2870 1907 2906 :
1946 2871 1965 2903 ι
1989 2852 2128 2908 Ecce

556 2948 743 3016 Agnus
777 2944 893 3012 Dei,
921 2945 1015 3015 qui
1047 2943 1186 2998 tollit
1217 2951 1501 3012 peccatum
1536 2942 1722 2997 mundi
1741 2942 1805 2994 ⁵³.
1836 2961 1854 2995 ›
1874 2941 1992 3010 Hic,
2026 2943 2122 3007 ait,

553 3043 638 3091 est
668 3034 762 3104 qui
795 3034 992 3088 liberat
1037 3047 1069 3086 a
1122 3040 1316 3086 morte.
1350 3029 1451 3086 Hic
1490 3037 1576 3086 est
1616 3031 1711 3102 qui
1760 3032 1900 3087 tollit
1930 3047 2125 3103 peccac

552 3132 688 3178 tum.
728 3122 842 3193 Ego
879 3136 1010 3178 vero
1046 3127 1107 3175 ut
1154 3119 1342 3190 sponsi
1370 3121 1584 3187 ductor,
1628 3134 1740 3176 non
1780 3127 1841 3177 ut
1883 3136 2121 3193 sponsus

550 3218 759 3272 missus
800 3229 943 3270 sum.
977 3213 1207 3269 Satelles
1239 3228 1351 3267 non
1382 3212 1645 3270 Dominus
1673 3216 1819 3270 veni.

619 3310 672 3363 5.
713 3306 878 3361 Hisce
911 3305 1094 3361 verbis
1133 3305 1447 3360 stimulatus
1471 3306 1842 3377 apostolorum
1873 3307 2120 3365 clarissi-

548 3417 674 3456 mus
700 3399 968 3462 Andreas,
1002 3397 1261 3468 magistro
1292 3396 1507 3460 relicto,
1540 3397 1610 3452 ad
1639 3413 1763 3453 eum
1799 3399 1895 3469 qui
1923 3398 2121 3469 praedi-

546 3493 778 3547 cabatur
800 3487 1038 3544 accurrit
1066 3504 1080 3541 :
1113 3496 1446 3556 acceptoque
1465 3486 1616 3540 verbi
1646 3486 1866 3551 vexillo,
1888 3485 2118 3543 Joannis

544 3582 735 3652 iingua
763 3580 1001 3634 velocior
1029 3576 1260 3632 edicitur
1287 3595 1300 3630 :
1330 3576 1728 3650 Dominumque
1759 3578 1970 3642 adiens,
1998 3580 2117 3650 ipso

547 3674 737 3727 habitu
769 3669 1102 3725 desiderium
1149 3667 1392 3732 exhibet,
1428 3666 1664 3723 abducto
1699 3685 1884 3725 secum
1918 3684 2115 3727 cursus

545 3762 746 3817 comite
775 3758 983 3816 Joanne
1033 3757 1411 3828 evangelista:
1439 3759 1600 3813 ambo
1629 3759 1855 3815 lucerna
1900 3760 2112 3827 relicta,

544 3854 612 3909 ad
657 3853 825 3909 solem
858 3856 1173 3922 properant.
1219 3848 1468 3905 Andreas
1517 3852 1693 3920 prima
1741 3851 2115 3921 apostolorum

543 3946 810 4020 plantatio
843 3968 855 4003 :
884 3946 973 3999 hic
1019 3944 1325 4016 disciplinae
1371 3943 1576 3999 Christi
1616 3954 1804 4015 portas
1858 3947 2110 4017 aperuit:

541 4040 755 4110 primus
800 4036 1133 4108 prepheticae
1173 4035 1523 4103 agriculturae
1561 4034 1771 4090 fructus
1817 4036 2109 4107 decerpsit,

536 4130 894 4197 omniumque
935 4126 1050 4197 spei
1074 4141 1438 4195 praecurrens,
1472 4127 1621 4196 prior
1661 4142 1787 4183 eum
1815 4142 1977 4200 quem
2005 4144 2113 4183 om-

540 4238 640 4277 nes
671 4221 1063 4291 exspectabant
1111 4220 1430 4290 complexus
1463 4228 1565 4275 est.
1613 4218 1832 4276 Primus
1874 4221 2113 4278 ostendit

532 4313 676 4384 legis
708 4322 976 4383 praecepta
1006 4319 1158 4367 certo
1185 4313 1450 4383 temporis
1476 4313 1654 4382 spatio
1688 4314 2109 4385 circumscripta

2241 1842 2426 1914 ξίφους
2453 1844 2550 1916 τὴν
2570 1843 2752 1915 ἀκμὴν
2776 1844 3097 1898 ἀνακόπτων
3121 1847 3234 1909 τοῖς
3263 1843 3546 1914 ῥεύμασιν.
3573 1837 3667 1907 Οἷς
3698 1843 3806 1913 γὰρ

2239 1940 2272 2009 ἡ
2299 1938 2392 1991 τοῦ
2419 1938 2584 2008 νόμου
2615 1938 2932 2008 παράϐασις
2959 1937 3187 1991 θάνατον
3214 1937 3387 2002 ἔτεκε,
3416 1937 3634 1999 τούτους
3668 1954 3803 2006 προ-

2236 2026 2556 2098 εξαρπάζων
2572 2027 2600 2080 6
2620 2026 2928 2097 Βαπτιστὴς
2942 2030 3009 2098 τῇ
3029 2027 3283 2098 μετανοίᾳ
3299 2027 3652 2098 προέπεμπεν
3674 2026 3806 2094 ('55).

2247 2118 2465 2189 Ἐπειδὴ
2492 2118 2600 2190 γὰρ
2635 2119 2800 2189 μήπω
2831 2119 3011 2189 παρῆν
3050 2121 3078 2171 6
3112 2118 3397 2171 καταλύων
3436 2117 3525 2169 τὸν
3557 2116 3810 2183 θάνατον,

2232 2214 2356 2275 ταῖς
2403 2211 2491 2265 διά
2542 2210 2635 2265 τοῦ
2682 2211 3058 2281 βαπτίσματος
3109 2209 3462 2281 ὑπερθέσεσιν
3508 2210 3538 2260 6
3582 2208 3814 2271 θάνατος

2234 2305 2560 2375 ἐπραΰνετο,
2622 2305 2878 2356 ἀκουσιον
2921 2301 3329 2374 φιλανθρωπίαν
3388 2299 3477 2354 διὰ
3525 2300 3814 2371 μετανοίας

2235 2393 2711 2465 ὲκπαιδευόμενος.
2747 2394 2874 2447 Ὅτε
2904 2392 2960 2445 δὲ
3007 2393 3188 2463 παρῆν
3220 2394 3248 2445 6
3277 2391 3543 2460 δεσπότης
3582 2391 3815 2461 κρυπτόι

2235 2504 2395 2559 μενος
2426 2490 2493 2557 τῇ
2534 2487 2635 2557 τῆς
2685 2485 2997 2556 οἰκονομίας
3046 2483 3227 2554 σοφίᾳ,
3272 2483 3366 2536 καὶ
3412 2481 3674 2553 κρύπτων
3718 2486 3814 2552 τῆς

2231 2578 2390 2645 ἀξίας
2425 2577 2522 2649 τὴν
2555 2578 2843 2649 ἀστραπὴν
2878 2578 2934 2629 ἐν
2977 2575 3304 2646 περιδολαίῳ
3349 2573 3550 2644 θνητῷ,
3589 2574 3759 2640 γνοὺς
3784 2576 3813 2626 ό

2242 2672 2516 2743 Ἰωάννης,
2545 2670 2709 2734 εὐθὺς
2751 2669 2842 2723 τὸν
2882 2668 3169 2739 παιδευτὴν
3211 2669 3291 2731 εἰς
3335 2666 3632 2738 δορυφόρον
3688 2683 3814 2735 μετ-
3856 2726 3857 2735 γ

2233 2764 2416 2830 έϐαλε,
2446 2765 2539 2817 καί
2564 2763 2662 2832 τὴν
2686 2765 2841 2834 χεῖρα
2865 2760 3147 2823 συστείλας
3189 2757 3364 2829 κῆρυξ
3412 2756 3508 2810 τοῦ
3545 2755 3815 2828 παρόντος
3856 2744 3857 2839 ί

2228 2856 2473 2925 ἐγένετο·
2531 2874 2550 2906 ι
2594 2856 2730 2919 Ἴδε,
2778 2854 2807 2906 ό
2851 2853 3046 2923 Ἀμνὸς
3086 2851 3181 2904 τοῦ
3231 2848 3391 2913 Θεοῦ,
3431 2849 3460 2901 ὁ
3505 2850 3684 2920 αίρων
3717 2850 3814 2920 τὴν

2228 2916 2503 3018 ἁμαρτίαν
2537 2943 2629 2999 τοῦ
2670 2916 2958 3017 κόσμου.-)
2994 2934 3183 3007 Οὗτος,
3215 2924 3400 3012 φησὶν,
3435 2942 3464 2994 6
3499 2916 3597 2993 τού
3635 2916 3814 2993 θανάλ-
3856 2916 3857 2975 Ῑ

2225 3055 2319 3090 του
2352 3038 2544 3109 λυτήρ.
2576 3030 2744 3101 Οὗτος
2767 3038 2796 3089 6
2820 3036 2918 3107 τῆς
2940 3032 3213 3105 ἁμαρτίας
3236 3031 3550 3102 ἀναιρέτης.
3594 3030 3746 3099 Ἐγὼ
3762 3031 3812 3084 δὲ

2150 3090 2192 3147 C
2224 3090 2611 3200 νυμφαγωγὸς,
2661 3090 2743 3181 οὐ·
2770 3090 3001 3197 νυμφίος
3058 3090 3420 3193 ἀπέσταλμαι.
3480 3090 3812 3193 λορυφόρος,

2222 3223 2283 3275 οὐ
2313 3221 2587 3292 Δεσπότης
2621 3218 2874 3291 ἐλήλυθα.

2294 3314 2349 3367 5.
2379 3312 2602 3377 Τούτοις
2626 3315 2737 3377 τοῖς
2767 3313 3005 3384 ῥήμασιν
3035 3312 3065 3366 6
3087 3308 3193 3364 τῶν
3224 3304 3537 3361 ἀποστόλων
3567 3322 3815 3381 περιφαο
3856 3378 3857 3391 χ

2221 3399 2477 3463 νέστατος
2516 3399 2768 3471 Ἀνδρέας
2789 3400 3131 3471 νυττόμενος,
3170 3400 3261 3450 τὸν
3304 3395 3603 3465 παιδευτὴν
3643 3414 3814 3450 καταο

2219 3491 2410 3562 λείψεις
2432 3493 2567 3564 πρὸς
2591 3494 2680 3547 τὸν
2714 3492 3113 3565 κηρυττόμενον
3142 3490 3366 3562 έδραμε·
3389 3490 3484 3542 καὶ
3512 3489 3817 3560 δεξάμενος

2217 3582 2312 3636 τοῦ
2346 3583 2506 3652 λόγου
2540 3584 2600 3636 τὸ
2644 3583 2914 3655 σύνθημα,
2943 3582 3152 3653 γίνεται
3185 3582 3286 3652 τῆς
3333 3581 3581 3634 Ἰωάννου
3637 3579 3819 3648 γλώσ⁸

2220 3693 2321 3749 σης
2352 3676 2634 3748 ὀξύτεροςο
2672 3677 2768 3730 καὶ
2802 3675 2881 3746 τῷ
2909 3675 3156 3748 Δεσπότῃ
3200 3671 3538 3745 προσελθὼν,
3596 3672 3818 3724 ἐδείκνυ

2215 3769 2308 3824 τὸν
2335 3771 2498 3824 πόθον
2518 3770 2594 3841 τῷ
2619 3772 2878 3841 σχήματι,
2895 3769 3150 3823 κοινωνὸν
3176 3768 3272 3822 τοῦ
3300 3765 3501 3839 δρόμου
3531 3765 3629 3819 τὸν
3654 3766 3823 3832 εὐαγ-

2216 3860 2468 3933 γελιστὴν
2515 3860 2761 3932 Ἰωάννην
2816 3860 3287 3930 συναπαγόμενος’
3340 3858 3434 3911 καλ⁵
3478 3857 3679 3927 ἄμφω,
3714 3856 3809 3909 τὸν

2215 3948 2404 4022 λύχνον
2455 3952 2704 4021 ἀφέντες,
2734 3952 2826 4005 ἐπὶ
2858 3950 2948 4005 τὸν
2971 3950 3122 4021 ἦλιον
3151 3950 3429 4020 φέρονται.
3465 3944 3738 4017 Ἀνδρέας
3773 3945 3808 4013 ἡ

2214 4041 2404 4116 πρώτη
2460 4042 2567 4096 τῶν
2619 4042 2928 4096 ἀποστόλων
2978 4042 3203 4111 φυτεία·
3236 4031 3391 4103 οὗτος
3439 4038 3654 4109 ἀνέῳξε
3700 4039 3813 4108 τῆς
3856 4108 3857 4111 η

2214 4135 2451 4205 Χριστοῦ
2483 4134 2777 4207 μαθητείας
2800 4136 2899 4199 τὰς
2932 4133 3131 4198 πύλας·
3164 4133 3380 4205 πρῶτος
3401 4130 3503 4199 τῆς
3530 4146 3821 4201 προφητιο
3856 4116 3857 4181 ἦ

2214 4227 2317 4298 κῆς
2343 4226 2611 4296 γεωργίας
2636 4227 2760 4290 τοὺς
2783 4227 3029 4297 καρποὺς
3049 4224 3340 4296 ἐτρύγησε,
3377 4221 3471 4275 καὶ
3497 4220 3605 4284 τὰς
3637 4221 3829 4274 ἀπάν-

2215 4337 2323 4374 των
2350 4319 2569 4383 ἐλπίδας
2595 4320 2980 4392 ὑπερδραμὼν,
3012 4318 3226 4391 πρῶτος
3260 4317 3353 4370 τὸν
3389 4314 3540 4387 παρὰ
3585 4315 3828 4368 πάντων

540 4420 683 4460 esse.
711 4403 927 4460 Primus
963 4403 1129 4458 Mosis
1174 4403 1418 4473 linguam
1467 4405 1733 4470 cohibuit,
1765 4420 1868 4460 nec
1910 4422 2111 4476 passus

2239 4412 2662 4484 προσδοκώμενον
2690 4411 3134 4482 περιπτύσσεται.
3159 4402 3385 4481 Πρῶτος
3406 4405 3579 4472 ἔδειξε
3617 4404 3695 4458 τὰ
3726 4404 3829 4457 τοῦ

539 4503 624 4552 est
660 4503 720 4550 ut
750 4503 873 4565 post
900 4493 1178 4549 Christum
1210 4510 1274 4548 ea
1303 4496 1615 4565 loqueretur
1643 4514 1656 4551 :
1686 4510 1794 4549 non
1840 4496 1985 4566 quod
2012 4499 2111 4552 dor

540 4595 745 4641 ctorem
773 4584 1085 4640 Judaaorum
1127 4586 1458 4640 contumelia
1509 4585 1777 4651 alliceret,
1832 4587 1928 4643 sed
1962 4590 2109 4659 quod

537 4673 748 4742 majore
782 4674 1086 4727 mittentem
1128 4690 1290 4743 quam
1329 4676 1559 4730 missum
1608 4678 1664 4730 in
1701 4677 1907 4734 honore
1939 4680 2111 4735 habe-

532 4774 619 4818 ret
644 4783 657 4818 :
687 4764 796 4818 imo
827 4763 975 4832 prior
1005 4765 1159 4821 visus
1186 4774 1270 4821 est
1300 4765 1486 4823 Mosen
1514 4769 1803 4835 honorare,
1837 4786 1968 4826 cum
2002 4773 2109 4843 pri-

534 4871 661 4911 mus
706 4855 854 4910 norit
901 4871 1029 4911 eum
1077 4874 1239 4930 quem
1285 4859 1375 4914 ille
1421 4860 1781 4930 praedixerat:
1815 4881 1833 4915 ι
1860 4862 2108 4935 Prophe-

531 4956 669 5010 tam,
703 4966 722 4999 ι
756 4947 953 5017 inquit,
995 4968 1014 5001 ι
1044 4952 1332 5006 suscitabit
1360 4953 1515 5007 vobis
1544 4950 1807 5009 Dominus
1832 4955 1974 5011 Deus
2005 4973 2109 5012 no-

534 5043 648 5092 ster
676 5052 745 5092 ex
773 5035 1036 5094 fratribus
1058 5041 1255 5095 vestris
1285 5041 1425 5096 sicut
1450 5057 1565 5097 me:
1586 5043 1764 5112 ipsum
1790 5046 2054 5102 audite”.
2082 5068 2102 5101 ι

442 5128 445 5131 ⁴
532 5125 729 5197 Legem
774 5135 995 5183 recusat
1022 5128 1126 5201 legi
1153 5128 1484 5199 obsequens.
1519 5129 1739 5186 Audivit
1764 5131 1987 5204 Moysen
2023 5134 2108 5189 di-

532 5224 788 5273 centem:
825 5236 845 5270 ι
872 5216 1056 5288 Ipsum
1102 5220 1323 5274 audite:
1356 5239 1374 5272 ι
1431 5221 1640 5276 audivit
1677 5221 1941 5279 Joannem
1992 5226 2109 5281 ela-

534 5317 773 5363 mantem
801 5327 816 5363 :
846 5327 866 5361 ι
890 5309 1031 5365 Ecce
1050 5310 1236 5380 Agnus
1259 5309 1388 5376 Dei;
1414 5331 1432 5364 ι
1461 5320 1626 5382 atque
1654 5315 1748 5368 illo
1779 5322 2006 5371 ostenso
2035 5318 2105 5373 ad

539 5412 655 5453 cum
687 5408 881 5470 sponte
912 5403 1168 5457 accessit.
1201 5402 1338 5457 Cum
1369 5412 1727 5474 cognosceret
1754 5416 1938 5464 autem
1968 5424 2098 5479 pro-

602 5555 648 5586 "
684 5556 842 5612 Joan.
876 5560 923 5621 ι’,
958 5558 1047 5613 29.
1124 5560 1170 5591 ⁸³
1203 5557 1357 5614 Deut.
1394 5576 1557 5625 xvut,
1595 5563 1680 5616 15.

602 5714 713 5783 (55)
745 5713 1109 5780 Colbertinus,
1142 5735 1518 5790 παρεπεμπεν.

2215 4506 2378 4575 νόμου
2422 4505 2817 4577 προστάγματα
2851 4503 3157 4575 προθεσμίᾳ
3189 4500 3559 4573 μετρούμενα.
3579 4498 3830 4567 Πρῶτος

2215 4597 2315 4668 τὴν
2362 4596 2604 4660 Μωσέως
2635 4597 2829 4668 ἔστησε
2865 4596 3130 4667 γλῶτταν,
3168 4593 3305 4665 μετὰ
3324 4591 3563 4663 Χριστὸν
3610 4590 3829 4643 λαλού-

2218 4701 2317 4758 σης
2340 4686 2438 4740 οὐκ
2475 4687 2859 4760 ἀνασχόμενος,
2888 4689 2987 4759 οὐχ
3018 4685 3393 4758 ὑϐριζόμενος,
3425 4683 3529 4753 οὐχ
3562 4681 3830 4754 ὑϐρίζων

2212 4777 2322 4830 τῶν
2368 4777 2633 4832 Ἰουδαίων
2687 4779 2777 4832 τὸν
2828 4779 3146 4849 παιδευτὴν·
3197 4774 3333 4829 ἀλλά
3380 4771 3687 4844 προτιμῶν
3729 4772 3857 4825 τοῖν

2214 4867 2554 4938 πεμφθέντος
2585 4869 2674 4923 τὸν
2712 4868 3019 4941 πέμψαντα·
3060 4866 3257 4941 μᾶλλον
3288 4866 3345 4919 δὲ
3394 4863 3627 4934 πρῶτος
3655 4854 3857 4933 ὤφθηί

2209 4959 2301 5012 τὸν
2338 4958 2540 5013 Μωσέα
2568 4959 2775 5031 τιμῶν·
2814 4961 3029 5032 πρῶτος
3079 4959 3294 5027 ἐπέγνω
3332 4956 3425 5010 τδν
3455 4955 3551 5008 ὑπ’
3589 4952 3832 5006 ἐκείνου

2211 5044 2704 5122 προφητευόμενονο
2743 5071 2762 5103 ι
2786 5053 3079 5124 Προφήτην
3112 5053 3241 5122 ύμῖν
3274 5048 3576 5119 ἀναστήσει
3592 5045 3834 5115 Κύριος

2208 5141 2238 5194 6
2268 5140 2399 5207 Θεὸς
2439 5142 2595 5214 ήμῶν
2627 5146 2691 5198 ἐκ
2735 5145 2843 5198 τῶν
2879 5144 3121 5215 ἀδελφῶν
3150 5142 3305 5215 ὑμῶν
3335 5141 3413 5205 ὡς
3455 5139 3559 5211 έμέ
3586 5154 3603 5170 ’
3636 5136 3833 5191 αὑτοῦ

2212 5233 2457 5287 ἀκούετε.
2495 5254 2514 5287 ›
2551 5237 2902 5309 Παραιτεϊται
2930 5237 3020 5291 τὸν
3060 5236 3224 5307 νόμον
3247 5233 3326 5306 τῷ
3349 5233 3501 5303 νόμῳ
3532 5228 3836 5299 75:06pm:-

2212 5341 2319 5388 νος.
2371 5327 2609 5382 Ἤκουσε
2628 5329 2870 5394 Μωσέως
2907 5328 3212 5391 λαλοῦντος·
3243 5343 3264 5377 ι
3291 5323 3467 5378 Αὐτοῦ
3487 5320 3778 5376 ἀκούετε.
3810 5339 3830 5369 ι

2211 5415 2481 5471 Ἤκουσεν
2538 5419 2780 5474 Ἰωάννου
2839 5419 3083 5491 βοῶντος·
3138 5437 3162 5475 σ
3221 5416 3329 5472 Ἴδε
3370 5418 3401 5470 6
3464 5413 3689 5484 ’Δμνὺς
3725 5409 3833 5465 τοῦ
