3878 6208
96 326 216 383 H05

90 444 238 498 Θεοῦ·
262 462 281 497 ι
318 444 413 497 καὶ
440 442 630 513 γέγονε
654 444 791 517 πρὸς
820 446 918 516 τὴν
948 444 1110 510 δεῖξιν
1139 446 1455 517 αὐτόμολος.
1492 448 1643 500 Ἐπι-
1670 454 1714 511 Α

91 538 234 606 γνοὺς
274 537 330 591 δὲ
365 536 458 591 τὸν
499 537 940 609 προφητευθέντα
985 540 1289 609 προφήτην,
1316 541 1646 609 χειραγωγεῖ

88 629 175 682 τὸν
195 628 408 698 ἀδελφὸν
439 629 574 699 πρὸς
608 630 704 699 τὴν
729 628 962 699 εὕρεσιν.
1000 630 1306 699 Ἀγνοοῦντι
1337 631 1416 701 τῷ
1452 632 1647 704 Πέτρῳ

88 719 173 772 τὸν
193 720 451 791 θησαυρὸν
472 720 768 774 δείκνυσινο
803 738 821 772 ι
858 722 1184 793 Εὑρήκαμεν
1214 722 1306 775 τὸν
1338 722 1580 776 Μεσσίαν
1617 741 1638 775 ι

90 812 146 865 ὃν
172 810 479 882 ἐποθοῦμεν.
520 804 596 864 Ob
635 812 734 883 τὴν
768 812 1069 884 παρουσίαν
1105 814 1431 884 ἠλπίσαμεν,
1452 812 1644 867 τούτου

96 903 190 972 τὴν
219 902 443 974 Θεωρίαν
466 902 819 974 ἀρπάσωμεν.
847 905 1174 976 Εὑρήκαμεν
1218 905 1276 959 ὃν
1314 906 1645 977 προφητικαὶ

95 993 282 1063 βοῶσαι
301 993 596 1063 σάλπιγγες
624 995 907 1062 ἀναμένειν
928 995 1461 1065 ἐκέλευον.Ἧνεγκεν
1476 999 1504 1050 6
1521 996 1646 1067 χρό-

88 1101 176 1147 νος
216 1084 268 1137 ὃν
299 1086 330 1154 ή
373 1085 532 1154 χάρις
570 1085 961 1156 ἐκήρυττεν,δν
994 1086 1219 1156 ήλπισεν
1254 1089 1283 1139 6
1325 1085 1485 1151 πόθος
1516 1087 1644 1142 ἰδεῖν

84 1176 331 1246 ὅμμασ.ν.
382 1170 524 1244 Εὗρε
568 1176 699 1247 γὰρ,
757 1178 942 1248 φησὶν,
978 1171 1133 1242 οὗτος
1162 1179 1251 1232 τὸν
1283 1178 1505 1247 ἀδελφὸν
1555 1179 1643 1232 τὸν

85 1267 208 1320 ῐδιον
237 1268 467 1337 Σίμωνα.
491 1267 584 1320 καὶ
615 1268 892 1339 μερίζεται
925 1268 1061 1340 πρὸς
1089 1268 1250 1323 αὑτὸν
1282 1270 1380 1339 τῆς
1414 1268 1644 1341 θεωρίας

80 1357 169 1409 τὸν
210 1357 490 1429 Θησαυρόν.
544 1360 885 1432 Χειραγωγεϊ
925 1360 1060 1431 πρὸς
1107 1359 1200 1414 τὸν
1242 1359 1506 1430 δεσπότην
1550 1360 1644 1413 τὸν

81 1447 294 1519 Πέτρον.
349 1449 413 1501 Ὢ
463 1446 770 1520 παραδόξου
811 1448 1119 1521 θαύματοςί
1182 1449 1349 1503 Οὔπω
1401 1449 1643 1521 μαθητὴς

93 1539 330 1609 Ἀνδρέας
384 1539 479 1593 καὶ
536 1538 852 1613 καθηγητὴς
923 1539 1223 1611 ἀνθρώπων
1298 1540 1639 1597 καθίσταται.

95 1631 222 1682 Ἀπο
250 1629 338 1683 τοῦ
371 1629 639 1685 διδάσκειν
671 1630 763 1684 τοῦ
800 1630 1086 1701 μανθάνειν
1113 1630 1424 1702 ἀπήρξατω
1462 1630 1642 1702 ἀρπά-

79 1721 160 1785 ζει
181 1722 274 1793 τῆς
297 1721 595 1793 ἀποστολῆς
615 1722 714 1793 τὴν
739 1723 912 1787 ἀξίαν.
935 1724 1259 1795 Εὑρήκαμεν
1274 1725 1362 1776 τὸν
1378 1722 1636 1777 Μεσσίαν.

84 1816 147 1867 '0
176 1816 340 1879 πόσας
373 1815 574 1879 νύκτας
600 1816 838 1880 ἀΰπνους
865 1816 1161 1880 ἀνύσαντες
1192 1815 1340 1887 παρά
1365 1819 1478 1879 τοῖς
1509 1816 1644 1886 Ἰορ-
1674 1817 1717 1873 Β

73 1908 228 1962 δάνου
279 1908 530 1980 ῥείθροις.
562 1907 658 1961 νῦν
704 1908 763 1963 ὃν
816 1908 1115 1978 ὲποθοῦμεν
1149 1909 1494 1979 εὑρήκαμενί
1528 1908 1639 1961 Οὐκ

73 1997 144 2071 ἦν
172 2000 363 2072 βραδὺς
399 1998 535 2070 μετὰ
560 1998 658 2069 τὴν
688 1997 869 2070 φωνὴν
909 2000 938 2052 6
978 2000 1214 2070 Πέτρος⁶
1260 1998 1506 2070 Ἀνδρέου
1532 1998 1643 2070 γὰρ

71 2088 144 2163 ἦν
167 2091 412 2161 ἀδελφός·
456 2091 549 2145 καὶ
597 2089 771 2161 θερμῇ
810 2091 878 2160 τῇ
924 2088 1117 2160 γνώμῃ
1158 2088 1257 2153 τὰς
1282 2088 1453 2151 ἀκοὰς
1479 2089 1644 2142 ἐκπε-

68 2186 242 2246 τάσας
268 2181 543 2252 ἠπείγετο.

145 2273 199 2327 4.
228 2271 417 2325 Λαϐὼν
440 2270 531 2324 τὸν
553 2270 757 2342 Πέτρον
780 2271 809 2324 6
835 2268 1088 2341 Ἀνδρέας
1113 2266 1191 2340 τῷ
1212 2270 1456 2343 Δεσπότῃ
1480 2286 1645 2341 προσ-

73 2367 194 2434 άγει
224 2365 312 2418 τὸν
344 2362 600 2435 μεριστὴν
624 2364 721 2433 τῆς
753 2362 989 2430 φύσεως,
1020 2362 1276 2416 κοινωνὸν
1313 2362 1414 2432 τῆς
1464 2362 1643 2433 μαθη-

74 2459 227 2523 τείας
250 2458 720 2529 ἀπεργασάμενος.
736 2457 906 2510 Τοῦτο
928 2454 1142 2527 πρῶτον
1179 2454 1425 2526 Ἀνδρέου
1451 2455 1648 2526 κατόρ-

76 2550 256 2620 θωμα.
294 2547 508 2619 Ηὺξησε
550 2548 656 2602 τῶν
698 2547 1011 2602 ἀποστόλων
1046 2547 1138 2602 τὸν
1174 2546 1435 2619 ἀριθμόν·
1481 2565 1648 2619 προσ-

77 2642 278 2712 ήνεγκε
308 2640 535 2712 Πέτρον,
554 2641 619 2693 ἵν’
640 2639 1019 2713 εὒρῃΧριστδς
1033 2639 1124 2693 τὸν
1148 2639 1256 2692 τῶν
1282 2638 1539 2710 μαθητῶν
1567 2657 1651 2693 κο-

83 2735 330 2804 ρυφαῖον.
363 2732 525 2785 Ὥστε
565 2731 660 2786 καὶ
704 2733 762 2785 ἐν
802 2726 882 2794 οἷς
911 2730 1135 2802 ὕστερον
1166 2729 1463 2801 εὐδοκιμῶν
1489 2732 1517 2783 6
1540 2730 1647 2783 Πέ-

69 2842 201 2895 τρος
240 2823 585 2895 εὑρίσκεται,
625 2822 777 2894 παρά
829 2822 1076 2893 Ἀνδρέου
1112 2822 1211 2893 τῆς
1248 2821 1647 2893 εὑδοκιμήσεως

68 2916 187 2985 ἔχει
215 2915 284 2967 τὰ
304 2914 611 2986 σπέρματα.
653 2914 791 2967 Ἀλλ’
824 2915 857 2984 ή
884 2914 992 2967 τῶν
1017 2912 1252 2967 ἐπαίνων
1280 2912 1564 2985 ἰσόρροπος
1588 2910 1648 2976 ἐξ

68 3006 349 3076 ἑκατέρων
406 3007 543 3077 πρὸς
591 3006 852 3077 ἀλλήλους
906 3004 1171 3068 ἀντίδοσις
1207 3004 1436 3073 γίνεται.
1471 3006 1649 3058 υίκει-

65 3096 260 3151 οῦνται
279 3096 387 3167 γὰρ
410 3096 476 3150 τὰ
502 3096 745 3167 ἀλλήλων
769 3096 966 3166 ἀγαθὰ,
992 3096 1084 3149 καὶ
1114 3098 1227 3159 τοῖς
1246 3095 1489 3167 ἀλλήλων
1510 3095 1646 3164 ἀγα-

68 3186 187 3250 θοῖς
238 3152 644 3258 ἐναέρὺνονταιι.
699 3152 877 3258 Πόσην
918 3152 1047 3256 γοῦν
1106 3152 1302 3257 ἤνεγκε
1354 3152 1464 3250 τοῖς
1510 3152 1645 3240 πάσι
1671 3152 1716 3213 C

67 3277 253 3351 χαρὰν
271 3280 299 3332 6
322 3278 526 3349 Πέτρος
550 3278 685 3350 πρὸς
705 3277 803 3342 τὰς
825 3277 1147 3341 δεσποτικὰς
1169 3278 1462 3348 ἐρωτήσεις
1483 3276 1647 3341 ὀξέως

66 3369 522 3441 ἀποκρινόμενος,
542 3371 637 3423 καὶ
660 3369 828 3434 λύσας
861 3369 1071 3441 σιωπήν
1096 3368 1351 3441 μαθητῶν
1387 3368 1647 3441 ἐρυθριῶ-

26 3450 29 3455 ’
68 3476 213 3526 σαν;
243 3478 263 3511 ‹
296 3460 429 3514 Τίνα
460 3477 526 3531 με
560 3460 808 3530 λέγουσιν
856 3464 906 3515 οἱ
947 3461 1221 3533 ἄνθρωποι
1276 3457 1445 3529 εἶναι;
1481 3481 1501 3515 ι
1538 3463 1647 3516 Καὶ

62 3550 146 3614 ὡς
172 3551 335 3613 αὐτὸς
363 3550 438 3605 ὢν
456 3551 563 3606 τῶν
595 3552 975 3624 ἐρωτηθέντων
997 3555 1031 3624 ή
1060 3553 1345 3624 γλῶττα,ἢ
1371 3553 1446 3616 ὼς
1475 3553 1647 3607 ἁπάν-

62 3658 184 3697 των
207 3643 267 3695 ὲν
295 3644 488 3713 ἐκείνῳ
514 3642 831 3709 λαλούντων,
856 3644 1015 3714 μόνος
1045 3644 1184 3714 ὑπὲρ
1209 3644 1423 3698 πάντων
1453 3642 1648 3713 ἐφθέγ-

61 3748 221 3803 γετο’
251 3751 273 3783 ι
302 3734 374 3785 Σὺ
409 3729 460 3787 εἴ
482 3736 509 3787 6
535 3734 767 3807 Χριστὸς
786 3737 815 3789 6
838 3735 966 3799 Υἱὸς
990 3734 1082 3788 τοῦ
1109 3734 1243 3788 Θεοῦ
1266 3733 1358 3788 τοῦ
1382 3734 1599 3802 ζῶντος,
1623 3754 1640 3786 ι

64 3825 178 3896 μιᾷ
210 3826 363 3895 φωνῇ
397 3825 492 3879 καὶ
526 3826 615 3879 τὸν
640 3825 1043 3898 οίκονομοὺντα,
1083 3826 1179 3879 καὶ
1206 3824 1307 3897 τὴν
1336 3826 1646 3897 οἰκονομίαν

58 3914 581 3987 ἀποφθεγξάμενος.
618 3917 682 3969 ’Ὠ
728 3917 1042 3987 συμφωνίας
1082 3916 1373 3989 ρημάτωνί
1416 3912 1498 3980 οἷς
1539 3916 1648 3989 γὰρ

75 4008 347 4081 Ἀνδρέας
379 4010 470 4063 τὸν
513 4010 1159 4085 Πέτῳνιέχειραγώγησε
1185 4014 1411 4085 ῥήμασι,
1441 4012 1649 4076 τούτοις

55 4100 283 4157 ἄνωθεν
307 4103 335 4155 6
366 4101 556 4174 Πατὴρ
587 4104 676 4156 τὸν
709 4104 912 4175 Πέτρον
944 4103 1153 4175 ἐνηχῶν
1204 4104 1644 4178 καθυπέγραφεν.

72 4195 324 4258 Ἐκεῖνος
344 4194 542 4264 ἔλεγεν·
556 4213 575 4247 ι
598 4195 923 4267 Εὑρήκαμεν
941 4200 1032 4250 τὸν
1059 4197 1324 4251 Μεσσίαν.
1346 4219 1369 4249 ι
1389 4198 1448 4250 '0
1468 4198 1647 4269 πατὴρ

58 4286 348 4340 ὑπέϐαλλε
382 4287 578 4356 λέγων’
621 4306 642 4340 ι
679 4290 752 4342 Σὺ
786 4285 837 4341 εἴ
868 4289 898 4341 6
926 4289 1048 4353 Υἱὸς
1074 4289 1168 4342 τοῦ
1205 4288 1340 4343 Θεοῦ
1372 4289 1467 4343 τοῦ
1514 4289 1649 4353 ζῶνο

54 4391 188 4442 τος·
229 4395 251 4428 ι
287 4377 445 4447 μόνον
469 4377 589 4447 οὑχί
612 4378 787 4432 ταῦτα
817 4378 953 4450 πρὸς
980 4379 1071 4432 τὸν
1096 4379 1301 4452 Πέτρον
1322 4379 1647 4449 ἐγκελευσά-

1220 326 1578 385 ENCOIIUM
1613 327 1683 384 IN
1722 327 1780 387 S.
1818 330 2170 387 ANDKEAM’.

3170 338 3306 394 H06

1746 448 1964 519 pbetam
1996 449 2148 502 illum
2178 450 2463 520 prophetia
2490 451 2934 521 praenuntiatum,
2974 449 3195 505 fratrem
3221 467 3310 506 se-

1744 556 1868 596 cum
1918 540 2139 596 adducit
2172 548 2234 595 ut
2279 541 2540 613 inquirat.
2572 541 2849 613 lgnoranti
2887 542 3045 597 Petro
3082 541 3308 596 thesau-

1742 646 1864 686 rum
1904 632 2146 688 ostendit
2173 648 2187 686 :
2218 650 2239 684 ι
2269 632 2584 689 Invenimus
2626 634 2880 690 Messian]
2901 633 2948 665 ³⁸
2970 652 2990 686 ι
3024 647 3184 702 quem
3213 632 3311 686 de-

1745 722 2144 779 siderabamus.
2195 724 2368 794 Cujus
2411 726 2704 781 adventum
2743 726 3106 797 speravimus,
3144 725 3309 794 hujus

1742 825 2478 887 conspectum'occupemus.
2504 816 2814 873 Invenimus
2850 834 2973 873 eum
3002 831 3165 887 quem
3189 832 3310 885 pro.

1744 902 1973 972 phetica:
2010 904 2327 974 clangentes
2356 906 2502 960 tuba:
2528 914 2849 976 exspectare.
2882 906 3166 975 jubebant.
3197 903 3309 957 Tu—

1740 993 1804 1048 lit
1867 999 2084 1063 tempus
2132 1009 2258 1049 eum
2306 1010 2466 1065 quem
2528 997 2699 1064 gratia
2754 995 3093 1064 praedicavit,
3143 1008 3307 1062 quem

1741 1098 1895 1138 amor
1917 1101 1976 1140 se
2004 1086 2178 1141 oculis
2211 1087 2454 1141 visurum
2488 1088 2743 1156 speravit.
2783 1085 2918 1140 Nam
2964 1086 3186 1143 invenit.
3221 1084 3309 1135 in-

1741 1178 1878 1247 quit,
1913 1177 2136 1233 fratrem
2166 1193 2325 1234 suum
2356 1176 2656 1242 Simonem,
2685 1185 2847 1247 atque
2873 1192 2998 1231 cum
3020 1191 3085 1231 eo
3113 1173 3307 1230 dividit

1742 1268 1906 1337 hujus
1953 1269 2251 1338 spectaculi
2300 1270 2641 1325 thesaurum.
2692 1268 2926 1323 Adducit
2973 1266 3194 1321 Petrum
3238 1267 3307 1319 ad

1742 1358 2051 1417 Dominum.
2080 1360 2126 1415 Ο
2166 1361 2494 1431 stupendum
2527 1361 2889 1415 miraculum!
2937 1358 3189 1413 Nondum
3222 1356 3308 1410 di-

1742 1451 1985 1521 scipulus
2043 1458 2129 1507 est
2175 1451 2447 1518 Andreas,
2501 1458 2557 1507 et
2605 1451 2889 1505 hominum
2940 1449 3137 1503 ductor
3174 1462 3308 1501 con-

1742 1544 2005 1601 stituitur.
2045 1544 2093 1599 A
2118 1543 2365 1600 docendo
2413 1542 2629 1598 discere
2672 1543 2936 1612 incoepit:
2969 1543 3306 1610 apostolatus

1741 1634 2055 1707 dignitatern
2106 1634 2272 1703 rapit.
2304 1632 2617 1691 Invenimus
2659 1632 2929 1688 Messiam.
2982 1628 3027 1686 0
3059 1637 3192 1700 quot
3222 1630 3307 1682 in-

1743 1727 2029 1783 somnibus
2063 1725 2243 1781 ductis
2274 1726 2341 1780 ad
2369 1725 2573 1779 ﬂuenta
2603 1723 2864 1780 Iordanis
2892 1722 3167 1786 noctibus,
3191 1720 3305 1790 jam

1745 1835 1906 1890 quem
1940 1818 2264 1889 optabamus
2309 1817 2656 1873 invenimus!
2693 1814 3047 1885 Nequaquam
3070 1812 3173 1867 fuit
3206 1810 3307 1865 Pe-

1740 1924 1860 1971 trus
1878 1926 2004 1985 post
2035 1929 2153 1969 eam
2183 1928 2374 1969 vocem
2402 1911 2631 1967 tardus:
2659 1910 2889 1965 Andreae
2916 1908 3117 1979 quippe
3138 1904 3307 1960 frater

1742 2016 1883 2072 erat,
1934 2021 1999 2061 ac
2037 2006 2255 2062 fervens
2295 2004 2577 2075 proposito
2620 2003 2823 2074 apertis
2864 2000 3091 2057 auribus
3118 2012 3306 2071 prope-

1742 2101 1923 2155 rabat.

1811 2279 1866 2334 ι.
1912 2278 2208 2346 Assumpto
2241 2274 2486 2330 Andreas
2509 2272 2689 2336 Petro,
2714 2270 2940 2326 Domino
2970 2268 3188 2323 adducit
3217 2282 3306 2321 na-

1743 2379 1879 2427 tura;
1901 2378 1956 2426 et
1980 2368 2264 2439 sanguinis
2294 2373 2629 2429 consortem,
2663 2371 2728 2418 ut
2753 2361 3058 2432 disciplinae
3085 2359 3307 2430 partici-

1743 2478 1866 2534 pem
1896 2460 2150 2517 el'ﬁceret.
2180 2458 2295 2513 Hoc
2326 2458 2560 2528 primum
2594 2456 2696 2511 fuit
2730 2454 3047 2525 praeclarum
3077 2451 3308 2506 Andreae

1745 2553 1979 2610 facinus.
2017 2552 2184 2607 Auxit
2205 2565 2493 2605 numerum
2527 2547 2942 2618 discipulorum.
2977 2543 3173 2599 obtulit
3205 2541 3308 2597 Pe-

1745 2657 1911 2711 trum,
1963 2651 2024 2699 ut
2082 2642 2352 2698 inveniret
2396 2640 2650 2696 Christus
2699 2638 3095 2707 discipulorum
3147 2649 3312 2705 cory-

1746 2740 1980 2809 phaeum.
2033 2734 2214 2801 Quare
2259 2733 2350 2788 ubi
2389 2731 2650 2801 deinceps
2698 2728 2896 2785 Petrus
2936 2726 3199 2809 praeclare
3247 2738 3308 2780 se

1745 2804 1933 2900 iessit,
1964 2828 2032 2883 ab
2053 2826 2268 2882 Andrea
2290 2824 2547 2897 praeclare
2573 2832 2848 2893 gestorum
2874 2804 3083 2875 semina
3112 2824 3308 2872 nactus

1745 2929 1882 2975 erat.
1919 2918 2027 2975 Sed
2068 2926 2255 2971 mutuo
2286 2923 2341 2970 et
2368 2913 2650 2983 aequaliter
2677 2910 2995 2966 alterutrius
3020 2908 3210 2963 laudes
3252 2907 3308 2961 in

1747 3011 1977 3066 alterum
2001 3007 2326 3065 redundant.
2351 3004 2577 3074 Propria
2614 3002 2759 3058 enim
2810 3000 3028 3070 utrique
3063 3004 3193 3053 sunt
3237 2995 3309 3048 al-

1748 3104 1919 3159 terius
1948 3102 2112 3165 bona,
2142 3114 2206 3154 ac
2241 3100 2378 3153 alter
2406 3095 2570 3169 404
2585 3095 2810 3150 alterius
2830 3092 2991 3148 bonis
3018 3090 3303 3161 gloriatur.

1747 3196 2015 3263 Quantam
2036 3206 2202 3264 porro
2216 3190 2472 3245 omnibus
2492 3187 2733 3243 laetitiam
2747 3184 2943 3239 Petrus
2965 3182 3162 3243 attulit,
3182 3194 3306 3234 cum

1747 3286 2049 3343 sciscitanti
2086 3283 2319 3338 Domino
2355 3282 2536 3337 statim
2570 3278 2877 3348 respondit,
2923 3276 3309 3343 silentiumque

1746 3375 2139 3446 discipulorum
2164 3382 2276 3427 tum
2297 3369 2736 3426 erubescentium
2756 3368 2846 3422 ille
2868 3366 3063 3423 solvit?
3092 3383 3110 3415 ι
3135 3362 3307 3429 Quem

1747 3484 1835 3525 me
1882 3469 2075 3524 dicunt
2116 3465 2367 3520 homines
2414 3462 2679 3519 8556?")
2713 3460 2851 3513 Tum
2906 3458 3060 3527 quasi
3124 3456 3309 3524 lingua

1747 3562 1864 3632 ipse
1903 3558 2096 3614 fuisset
2124 3570 2312 3612 eorum
2355 3554 2447 3626 qui
2481 3551 2978 3622 interrogabantur,
3026 3554 3120 3601 aut
3153 3545 3309 3614 quasi

1748 3664 1939 3704 omnes
1972 3647 2028 3701 in
2060 3648 2176 3718 ipso
2215 3645 2587 3714 loquerentur,
2627 3642 2777 3696 solus
2805 3652 2906 3709 pro
2948 3635 3201 3691 omnibus
3228 3633 3311 3686 ιο·-

1748 3748 1910 3796 cutus
1938 3745 2022 3793 est
2051 3757 2064 3792 :
2103 3755 2121 3789 ι
2152 3735 2234 3790 Τιι
2269 3751 2329 3790 es
2365 3733 2619 3789 Christus
2657 3728 2830 3785 Filius
2859 3726 2955 3781 Dei
2986 3724 3115 3788 vivi,
3146 3742 3165 3775 ι
3200 3737 3309 3776 una

1748 3847 1880 3888 voce
1918 3840 1971 3886 et
2015 3844 2143 3886 eum
2190 3826 2285 3897 qui
2325 3824 2696 3896 dispensabat,
2744 3826 2799 3875 et
2846 3817 3309 3887 dispensationem

1749 3923 2055 3980 declarans.
2102 3917 2147 3974 Ο
2188 3917 2478 3973 verborum
2526 3911 2854 3970 concentus!
2906 3907 3116 3975 Quibus
3164 3905 3310 3960 enim

1748 4015 1997 4071 Andreas
2028 4011 2210 4067 verbis
2249 4010 2305 4065 in
2338 4007 2658 4063 adducenda
2682 4003 2848 4059 Petro
2886 4010 2970 4057 est
3015 4014 3168 4061 usus,
3216 3996 3312 4050 iis-

1753 4109 1876 4165 dem
1904 4106 2066 4161 Pater
2096 4103 2260 4160 Petro
2303 4101 2580 4171 inspiratis
2615 4094 2961 4165 subscripsit.
3004 4092 3148 4146 Dixit
3177 4089 3266 4144 ille
3292 4106 3308 4143 :

1758 4219 1783 4253 ι
1808 4198 2119 4254 Invenimus
2163 4193 2438 4250 Messiam.
2468 4211 2488 4243 ι
2518 4189 2678 4244 Pater
2704 4203 2765 4242 ea
2805 4197 3143 4252 exsuperans
3190 4195 3313 4249 sug-

1754 4293 1894 4364 gerit
1920 4290 2149 4346 dicens:
2179 4306 2198 4339 ι
2226 4286 2308 4340 'l‘u
2338 4301 2399 4340 es
2438 4282 2692 4339 Christus
2725 4277 2896 4333 Filius
2928 4274 3024 4330 Dei
3056 4273 3161 4327 vivi
3186 4272 3253 4336 ⁸⁸,
3287 4290 3306 4323 ι

1756 4361 1968 4438 tantum
2014 4395 2124 4435 non
2167 4377 2358 4434 isthzec
2410 4373 2572 4433 Petro
2618 4369 3109 4441 jubens:!oquere
3153 4361 3314 4418 Petre

58 4483 241 4539 μενος
262 4483 278 4497 ο
313 4466 565 4536 Φθέγξαι,
599 4463 644 4522 ὦ
675 4469 868 4541 Πέτρε,
899 4471 996 4533 τὰς
1020 4470 1264 4543 Ἀνδρέου
1298 4471 1481 4540 φωνὰς
1511 4474 1645 4542 ἐρω-

1757 4476 1989 4531 Andreae
2028 4486 2208 4535 voces,
2245 4484 2375 4523 cum
2412 4461 2836 4535 interrugaberis
2859 4479 2874 4514 :
2900 4472 3100 4529 apparo
3142 4454 3313 4525 magi-

50 4556 343 4627 τὼμενος·
367 4559 562 4630 φάνηθι
581 4558 675 4612 τοῦ
699 4559 1015 4615 διδασκάλου
1038 4561 1173 4632 πρὸς
1204 4562 1492 4634 ἀπόκρισιν
1512 4564 1647 4617 ἐτοι-

55 4646 331 4720 μότερος.
349 4647 459 4701 Οὑκ
485 4647 750 4718 ἐψεύσατο
772 4648 909 4721 πρὸς
933 4650 991 4703 σὲ
1012 4650 1205 4721 λέγων·
1235 4671 1259 4704 ι
1288 4653 1390 4706 Τὸν
1405 4654 1648 4707 Μεσσίαν

50 4738 416 4811 εὑρήκαμεν.
475 4757 495 4790 3
539 4740 636 4804 Σὺ,
666 4739 765 4810 τὴν
808 4740 1061 4812 Ἐϐραῒδα
1090 4742 1273 4814 φωνὴν
1314 4745 1392 4803 είς
1426 4742 1648 4797 Ἐλλάδα

56 4829 450 4900 μεταστήσας,
476 4828 790 4900 ἀναϐόησονο
822 4848 840 4882 ι
880 4832 953 4884 Σὺ
978 4828 1030 4885 εἷ
1056 4834 1087 4885 6
1106 4832 1336 4906 Χριστὸς
1355 4836 1384 4887 6
1409 4833 1536 4898 Υίὸς
1552 4833 1647 4888 τοῦ

51 4918 216 4971 Θεοῦ
251 4918 349 4973 τοῦ
384 4916 600 4985 ζῶντος.
638 4940 655 4973 ι
692 4922 855 4994 Ὁρᾷς
883 4923 1030 4987 ὅσοις
1070 4924 1230 4988 εὐθὺς
1261 4925 1321 4979 ἐν
1343 4926 1646 4997 προοιμίοις

44 5010 174 5079 τῆς
212 5010 517 5082 μαθητείας
567 5015 597 5066 6
640 5014 891 5086 Ἀνδρέας
923 5014 1400 5084 ἐγκαλλωπίζεται.

138 5104 202 5159 5.
253 5103 397 5157 Ἀλλ’
424 5105 609 5177 ἐπειδὴ
629 5105 728 5170 τὰς
750 5106 930 5170 πόλεις
954 5108 1374 5181 καταλιμπάνων
1404 5112 1433 5163 6
1461 5110 1649 5181 Σωτὴρ

46 5194 425 5265 περιενόστει
462 5194 561 5265 τὴν
621 5193 846 5266 ἔρημον,
887 5197 1211 5269 συμπεριῄει
1247 5197 1395 5269 αὑτῷ
1419 5198 1529 5251 τῶν
1559 5200 1652 5253 ἀν-

50 5283 321 5357 θρώπων
370 5285 440 5339 τὰ
481 5286 635 5358 γένη,
675 5287 807 5359 μηδὲ
854 5288 991 5361 πρὸς
1040 5288 1214 5361 βραχὺ
1247 5291 1339 5343 τὸν
1376 5291 1651 5362 χωρισμὸν

49 5374 452 5446 ὑπομένοντα.
486 5373 594 5432 Ἦν
621 5381 680 5433 ἐν
707 5379 910 5451 ἐρημίᾳ
948 5382 1044 5434 καὶ
1075 5382 1278 5453 τροφῆς
1306 5382 1529 5455 ἀπορίᾳ,
1557 5383 1651 5435 καὶ⁵

42 5469 96 5537 ἡ
120 5467 358 5539 γαστὴρ
393 5470 493 5522 οὑκ
536 5470 837 5525 ἐσπένδετο.
882 5472 940 5526 Ὁ
974 5471 1029 5525 δὲ
1072 5472 1279 5541 Σωτὴρ,
1305 5474 1402 5543 τῆς
1445 5474 1650 5545 ἐρήμου

42 5558 404 5629 λαϐόμενος,
431 5560 614 5632 θαῦμα
648 5562 873 5617 παλαιὸν
928 5562 1290 5635 ἀνεζωπύρει·
1322 5565 1415 5617 καὶ
1446 5563 1551 5617 τῶν
1592 5565 1651 5618 ὲν

138 5713 194 5744 ⁸⁵⁸
237 5712 399 5770 Joan.
438 5732 489 5782 I,
522 5717 608 5772 4|.
684 5719 728 5752 "
771 5716 954 5773 Matth.
992 5735 1113 5784 xw,
1151 5719 1235 5774 l3.
1312 5719 1357 5751 “
1396 5718 1526 5775 ibid.
1560 5718 1647 5773 16.

1753 4578 1871 4627 stro
1898 4566 1967 4621 ad
2008 4563 2418 4633 responsionem
2458 4559 2719 4629 paratior.
2761 4553 2881 4607 Non
2928 4550 3186 4606 mentitus
3229 4552 3313 4603 est

1753 4659 1874 4722 tibi,
1919 4671 2045 4712 cum
2091 4654 2229 4709 dixit
2299 4650 2660 4705 «Invenimus
2706 4644 2978 4701 Messian).
3014 4662 3031 4694 ι
3088 4638 3169 4693 Tu
3211 4638 3315 4692 lle—

1753 4747 1994 4805 braicam
2027 4746 2264 4816 linguam
2317 4743 2374 4799 in
2411 4739 2652 4795 Graecam
2679 4743 2919 4798 vertens,
2959 4731 3264 4787 exclamato
3296 4746 3308 4780 :

1760 4862 1780 4895 ι
1805 4841 1887 4897 Tu
1934 4855 1995 4896 es
2038 4837 2294 4895 Christus
2324 4833 2497 4891 Filius
2527 4830 2623 4887 Dei
2653 4829 2784 4885 vivi.
2816 4845 2835 4879 ›
2868 4824 3058 4880 Viden’
3095 4820 3312 4892 quantis

1752 4934 2001 4989 Andreas
2033 4932 2135 4988 sub
2160 4932 2339 5000 ipsum
2374 4925 2677 4996 disciplinae
2703 4920 2985 4977 exordium
3018 4929 3311 4972 ornamen-

1751 5024 1823 5079 tis
1843 5021 2161 5078 decoretur?

1826 5113 1880 5168 5.
1918 5110 2121 5167 Verum
2159 5107 2376 5179 quando
2415 5104 2685 5170 Salvator,
2728 5098 2936 5157 relictis
2977 5093 3311 5156 civitatibus,

1757 5201 2034 5259 desertum
2085 5200 2373 5263 circuibat,
2416 5198 2699 5252 hominum
2730 5192 2905 5247 turba:
2941 5204 3050 5244 una
3082 5200 3204 5242 cum
3249 5195 3314 5237 eo

1759 5293 2147 5365 procedebant,
2181 5306 2250 5346 ne
2278 5290 2348 5345 ad
2375 5290 2539 5344 breve
2578 5285 2796 5357 quidem
2827 5293 3039 5352 tempus
3073 5278 3192 5347 ejus
3224 5291 3314 5330 se-

1757 5384 2095 5456 parationem
2123 5381 2381 5438 ferentes.
2415 5377 2673 5434 Desertus
2714 5383 2831 5431 erat
2856 5375 3031 5436 locus,
3077 5370 3187 5426 cibi
3218 5384 3315 5439 pe-

1757 5476 1938 5541 nuria,
1970 5482 2267 5544 venterque
2309 5487 2420 5528 non
2468 5469 2812 5541 implebatur.
2853 5466 2922 5520 At
2949 5463 3198 5519 Salvator
3230 5474 3317 5512 as-

1761 5574 1976 5638 sumpto
2018 5566 2242 5636 antiquo
2273 5565 2366 5621 illo
2396 5563 2595 5621 deserti
2643 5558 2929 5625 miraculo,
2964 5555 3199 5627 idipsum
3232 5565 3319 5606 τεο
