3878 6208
514 305 651 361 H07

1689 312 1746 368 8.
1792 308 2255 368 ATHANASIUS.
2294 341 2365 351 —
2406 310 2680 368 SPURIA.

515 429 782 485 novavit:
816 442 884 485 ac
923 443 1143 486 rursum
1180 431 1575 487 miraculorum
1608 432 1741 487 olim
1792 434 1846 487 in
1880 432 2102 487 deserto

2220 431 2395 503 ιρήμῳ
2432 432 2564 484 ποτέ
2614 429 2910 502 θαυμάτων
2951 428 3203 502 μάρτυρα
3236 428 3397 484 πάλιν
3428 427 3777 499 ἐποιεῖτοτῆν

518 524 788 578 editorum
823 523 1098 578 desertum
1140 530 1331 580 testem
1362 522 1576 592 eﬁ‘ecit;
1608 525 2107 594 convivatoresque-

520 614 750 684 protulit
779 613 1106 685 discipulos,
1139 622 1192 670 et
1225 615 1293 670 ad
1336 616 1457 673 illas
1487 617 1623 673 levis
1656 625 1954 688 apparatus
1998 617 2100 671 da-

520 722 618 776 pes
653 706 846 761 turbas
878 706 1093 760 invitat.
1121 707 1509 777 Apostolorum
1535 725 1702 779 porro
1736 717 1939 764 cretum
1962 708 2106 777 ejus-

522 797 675 851 modi
719 800 946 866 penuria
980 796 1259 859 turbabat,
1305 812 1538 867 seseque
1582 809 1775 854 mutuo
1805 802 2104 870 respicien-

522 898 627 955 tes,
664 905 766 944 nec
795 891 1102 959 cogitantes
1141 890 1193 943 id
1222 890 1367 960 quod
1401 891 1644 946 futurum
1678 903 1814 957 erat,
1848 893 2106 949 humanis

522 982 837 1038 ratiociniis
882 983 1243 1037 fluctuabant.
1300 982 1457 1040 Alius
1507 984 1902 1054 discipulorum
1957 984 2104 1039 aliud

523 1071 861 1143 proferebat,
894 1089 1003 1143 quo
1035 1083 1358 1144 praesentem
1389 1075 1674 1144 penuriam
1716 1084 1920 1130 certam
1960 1076 2106 1130 indi-

525 1174 739 1219 carent.
787 1165 1032 1220 Andreas
1059 1180 1188 1219 vero
1216 1181 1404 1221 eorum
1439 1181 1561 1236 qua:
1605 1174 1955 1237 suppeterent
1994 1168 2111 1222 vili-

524 1262 690 1307 tatem
725 1253 1165 1325 paucitatemque
1209 1263 1674 1320 commonstrans,
1722 1257 1975 1311 miraculi
2016 1272 2109 1312 oc-

524 1344 802 1408 casiones,
854 1346 1081 1415 ignarus
1130 1347 1278 1412 licet,
1335 1347 1608 1402 Salvatori
1661 1350 1914 1419 praebuit.
1966 1350 2108 1417 Quid

525 1438 673 1491 enim
702 1438 818 1491 ait?
845 1436 965 1494 Non
1000 1449 1129 1495 sunt
1160 1441 1271 1496 nisi
1301 1441 1543 1510 quinque
1573 1457 1744 1511 panes
1776 1453 1829 1498 et
1856 1444 2109 1514 pisciculi

527 1529 712 1598 pauci.
745 1527 885 1594 Quid
916 1531 1087 1600 igitur
1119 1529 1409 1586 Salvator?
1430 1531 1637 1589 Atl'erte
1668 1534 1805 1588 mihi
1837 1535 1954 1605 ipsa
1980 1536 2107 1590 huc.

527 1619 734 1692 lllaque
768 1623 1062 1693 paucitatis
1090 1624 1341 1680 ciborum
1373 1624 1654 1682 confessio
1686 1642 1900 1700 magnae
1946 1627 2114 1683 bono-
2144 1620 2148 1624 ’

528 1723 652 1763 rum
677 1710 849 1779 copiae
881 1726 1048 1767 causa
1075 1710 1197 1768 fuit.

2202 520 2408 593 ἔρημον
2427 537 2440 548 ·
2474 521 2570 575 καὶ
2600 521 2729 584 τοὺς
2765 519 3010 592 μαθητὰς
3049 520 3372 590 ἑστιάτορας
3391 518 3776 591 προύϐάλλετο,

2201 612 2297 665 καὶ
2350 610 2485 682 πρὸς
2527 609 2873 681 αὐτοσχέδιον
2910 610 3146 681 εὐωχίαν
3176 608 3245 663 τὰ
3275 608 3455 680 πλήθη
3484 607 3781 680 προτρέπε-

2201 721 2312 758 ται.
2348 703 2421 757 Τὸ
2464 703 2645 757 τοίνυν
2677 703 2786 757 τῶν
2845 702 3102 774 μαθητῶν
3154 700 3372 772 πλῆθος
3403 700 3547 774 πρὸς
3576 702 3681 770 τὴν
3712 700 3782 752 ἒν-

2202 797 2354 851 δειοιν
2395 797 2739 869 ἐταράττετο,
2775 796 2870 850 καὶ
2902 795 3038 867 πρὸς
3067 793 3330 866 ἀλλήλους
3357 792 3625 864 ὁρῶντες,
3651 790 3712 843 τὺ
3736 790 3783 843 δὲ

2209 888 2403 960 μέλλον
2442 888 2542 940 οὐκ
2590 887 2897 950 ἐννοοῦντες
2935 889 3049 950 τοῖς
3093 885 3455 956 ἀνθρωπίνοις
3516 883 3785 953 λογισμοῖς

2207 980 2582 1050 ἐκυμαίνοντο.
2618 979 2809 1043 Ἀλλος
2845 979 2944 1050 μὲν
2975 974 3069 1033 οὖν
3115 978 3244 1033 ἄλλο
3287 995 3341 1031 τι
3386 976 3500 1030 τῶν
3536 975 3785 1047 μαθητῶν

2206 1073 2522 1143 ἐφθέγγετο,
2571 1071 2671 1145 τὴν
2723 1070 3006 1142 παροῦσαν
3056 1070 3289 1142 ἀπορίαν
3330 1069 3784 1139 ἐπαγγέλλοντες’

2221 1165 2475 1236 Ἀνδρέας
2513 1164 2590 1228 δέ,
2620 1163 2729 1217 τῶν
2748 1162 3197 1234 προσόντων,τὴν
3224 1161 3500 1214 εὐτέλειαν
3532 1160 3785 1228 ἐλέγχων,

2208 1255 2367 1309 ἔλαθε
2396 1255 2572 1318 διδοὺς
2601 1253 2680 1325 τῷ
2710 1254 2922 1325 Σωτῆρι
2959 1253 3056 1318 τὰς
3095 1253 3399 1324 προφάσεις
3437 1251 3536 1305 τοῦ
3585 1250 3785 1321 θαύμαο

2209 1365 2325 1413 τος·
2360 1348 2425 1402 Τί
2456 1349 2563 1420 γάρ
2591 1364 2789 1420 φησιν;
2824 1348 2938 1401 Οὐκ
2966 1347 3102 1400 εἰσὶν
3131 1347 3179 1399 εί
3205 1346 3279 1416 μὴ
3308 1345 3468 1398 πέντε
3494 1346 3672 1415 ἄρτοι,
3702 1342 3784 1396 καὶ

2211 1438 2364 1508 ὀλίγα
2391 1437 2620 1509 ίχθύδια.
2641 1438 2706 1490 Τί
2728 1435 2820 1491 οὖν
2851 1439 2880 1491 ὁ
2904 1438 3127 1508 Σωτήρ;
3159 1435 3359 1507 Φέρετέ
3388 1452 3476 1506 μοι
3501 1435 3645 1489 αὐτά
3670 1427 3783 1487 ὦδε.

2210 1531 2323 1584 Καὶ
2373 1530 2599 1598 γέγονεν
2646 1530 2681 1600 ἡ
2729 1528 2827 1600 τῆς
2879 1531 3127 1591 σπάνεως
3157 1526 3416 1599 ὁμολογία
3438 1525 3551 1579 τῶν
3576 1523 3785 1594 ἀγαθῶν

2212 1641 2281 1677 πε
2292 1622 2521 1695 ριουσία.

602 1801 656 1855 6.
700 1800 808 1857 Sed
849 1804 1012 1859 etiam
1059 1804 1177 1874 ipse
1205 1804 1472 1863 Dominus
1514 1822 1640 1863 cum
1687 1823 1843 1864 suam
1878 1808 1933 1863 in
1962 1816 2110 1864 terra

2285 1802 2339 1855 6.
2378 1800 2538 1854 Ἀλλά
2567 1800 2676 1873 γὰρ
2711 1799 2741 1852 ὁ
2772 1798 2965 1870 Σωτὴρ
2999 1798 3099 1870 ἤδη
3128 1796 3335 1859 λοιπὸν,
3364 1795 3462 1859 τὰς
3480 1795 3539 1849 ἐν
3564 1796 3638 1865 γῇ
3679 1793 3789 1847 δια-

531 1897 1109 1951 commemorationem
1150 1896 1492 1966 perfecisset,
1533 1906 1697 1970 atque
1728 1907 1814 1954 sat
1851 1902 2113 1970 temporis

532 2004 658 2044 cum
713 1989 1000 2059 discipulis
1048 1997 1432 2055 conversatus,
1492 1993 1551 2047 in
1595 1995 1767 2049 caelos
1809 1991 2109 2048 ferebatur.

531 2081 785 2152 Apostoli
820 2090 1025 2147 autem,
1066 2081 1245 2138 diviso
1280 2083 1424 2139 inter
1452 2099 1511 2140 se
1538 2090 1814 2140 terrarum
1858 2085 2012 2150 orbe,
2049 2099 2114 2141 ac

533 2188 767 2244 corpore
830 2173 1090 2243 sejuncti,
1153 2175 1294 2230 alius
1350 2176 1520 2231 alium
1574 2176 1632 2231 in
1683 2177 1864 2232 locum
1924 2177 2114 2248 gratiae

532 2265 738 2321 ﬂuenta
779 2265 1083 2321 derivabat.
1116 2265 1254 2321 Tum
1299 2282 1429 2323 vero
1478 2268 1674 2324 beatus
1718 2269 1823 2325 iste
1865 2268 2114 2327 Andreas

534 2373 662 2413 cum
694 2358 959 2416 Graaciam
1009 2361 1176 2419 simul
1221 2367 1276 2417 et
1309 2361 1670 2417 barbarorum
1719 2369 1900 2419 terras
1942 2364 2114 2434 gratia

535 2454 893 2524 implevisset,
922 2470 988 2511 ac
1030 2455 1314 2511 miraculis
1359 2456 1474 2511 suis
1511 2463 1703 2526 gentes
1744 2456 1799 2511 in
1832 2464 2112 2527 stuporem

537 2559 604 2601 ac
635 2548 900 2618 pudorem
934 2548 1163 2605 eductas
1194 2548 1262 2603 ad
1294 2548 1451 2604 fidem
1487 2550 1872 2613 convertisset,
1908 2550 1976 2605 ad
2011 2565 2114 2621 pu-

538 2626 928 2710 gnacissimam
946 2639 1348 2696 incredulitatis
1365 2640 1666 2710 regionem,
1687 2641 1947 2697 Achaiam
1967 2643 2111 2708 dico,

537 2732 744 2788 missus
789 2740 893 2788 est.
929 2731 1034 2789 Ubi
1079 2732 1270 2788 multis
1316 2733 1457 2788 coelo
1511 2733 1786 2804 ascriptis,
1842 2750 1987 2789 unus
2043 2734 2115 2790 ob

541 2824 703 2879 ﬁdem
735 2826 887 2880 cruci
934 2824 1232 2895 afﬁgendus
1277 2825 1548 2880 traditur:
1578 2838 1641 2879 ac
1672 2825 1866 2881 mortis
1904 2827 2116 2882 ratione

540 2912 833 2969 Dominum
866 2915 1132 2980 imitatur,
1153 2921 1213 2969 ut
1247 2915 1521 2985 passionis
1551 2915 1938 2972 communione
1965 2930 2116 2971 amo-

540 3007 622 3062 ris
648 3007 1049 3063 vehementiam
1092 3007 1392 3063 exhiberet.
1440 3006 1589 3061 Crux
1627 3007 1815 3078 itaque
1847 3007 1905 3062 in
1938 3007 2115 3063 media

2210 1892 2404 1966 τριϐάς
2432 1891 2656 1956 ἀνύσας,
2690 1894 2787 1946 καὶ
2827 1891 2918 1945 τὸν
2949 1891 3198 1963 αὐτάρκη
3228 1893 3341 1953 τοῖς
3376 1887 3649 1958 μαθηταῖς
3678 1904 3791 1940 συν-

2211 1964 2499 2059 διατρίψας
2538 1987 2751 2058 χρόνον,
2790 1984 2926 2056 πρὸς
2972 1983 3235 2057 οὐρανοὺς
3283 1982 3600 2053 ἐκομίζετο’
3660 1980 3791 2035 ἀπό·

2220 2081 2396 2134 στολοι
2429 2080 2506 2144 δὲ,
2546 2079 2643 2151 τὴν
2674 2079 2998 2150 οἰκουμένην
3040 2076 3402 2149 διαλαϐόντες,
3430 2076 3525 2129 καὶ
3552 2077 3671 2139 τοῖς
3697 2072 3797 2127 σώ-
3854 2072 3860 2180 ⁸

2219 2191 2352 2246 μασι
2375 2172 2747 2246 μερισθέντες,
2764 2173 2920 2237 ἀλλος
2942 2171 3203 2243 ἀλλαχόσε
3224 2169 3295 2224 τά
3308 2170 3409 2241 τῆς
3430 2169 3655 2241 χάριτος
3677 2185 3800 2239 μετ⁸

2213 2265 2478 2337 οχετεύων
2524 2266 2763 2337 νάματα.
2802 2264 3066 2319 Ἐνταῦθα
3088 2264 3263 2318 τοίνυν
3287 2265 3315 2317 ὁ
3339 2262 3615 2334 μακάριος
3648 2255 3801 2325 οὗτος

2228 2357 2503 2431 Ἀνδρέας,
2539 2357 2763 2413 Ἐλλάδα
2801 2374 2862 2412 τε
2903 2355 3039 2428 ὁμοῦ
3076 2357 3170 2410 καὶ
3215 2354 3488 2428 βάρϐαρον
3512 2354 3800 2426 ἐμπλήσας

2213 2451 2316 2522 τῆς
2342 2451 2562 2524 χάριτος
2585 2452 2681 2506 καὶ
2714 2452 3043 2523 δυσωπήσας
3071 2449 3208 2522 πρὸς
3229 2449 3411 2503 πίστιν
3435 2447 3507 2502 τὰ
3536 2447 3668 2519 ἔθνη
3692 2448 3800 2509 τοῖς

2216 2542 2510 2615 θαύμασιν,
2543 2544 2636 2598 ἐπὶ
2658 2543 2719 2598 τὸ
2740 2543 2842 2613 τῆς
2859 2542 3116 2605 ἀπιστίας
3143 2539 3529 2613 μαχιμώτατον
3554 2536 3799 2610 (56),τὴν

2229 2637 2455 2708 Ἀχαΐαν
2487 2636 2656 2706 λέγω,
2691 2636 3063 2690 ἐπεστέλλετο.
3095 2633 3265 2689 Ἔνθα
3289 2634 3353 2706 δὴ
3379 2633 3610 2697 πολλοὺς
3641 2633 3801 2704 οὐρα·

2217 2727 2292 2799 νῷ
2323 2728 2705 2802 προσγράψας,
2733 2726 2815 2793 εἷς
2839 2726 2929 2782 διὰ
2956 2727 3055 2799 τῆς
3083 2725 3340 2790 πίστεως,
3380 2724 3606 2796 σταυρῷ
3632 2740 3802 2796 παρα-
3854 2724 3859 2757 έ

2216 2821 2415 2876 δίδοται
2438 2839 2453 2853 ⁸
2503 2823 2598 2878 καὶ
2645 2823 2833 2895 τρόπῳ
2865 2823 2965 2894 τῆς
3008 2820 3265 2892 τελευτῆς
3287 2819 3379 2873 τὸν
3406 2817 3695 2890 Δεσπότην
3724 2833 3803 2889 με·

2222 2915 2323 2986 μού
2331 2932 2510 2987 μενος,
2530 2916 2618 2970 ἵνα
2643 2919 2708 2988 τῇ
2732 2914 2986 2985 κοινωνίᾳ
3004 2912 3100 2967 τοῦ
3122 2912 3329 2976 πάθους
3347 2911 3497 2985 δείξῃ
3518 2910 3622 2964 τοῦ
3648 2911 3801 2965 πόθου

2217 3005 2281 3059 τὸ
2309 3004 2556 3077 μέγεθος,
2592 3005 2834 3079 Σταυρδς
2868 3000 2961 3059 οὖν
2990 3003 3087 3057 ἐπὶ
3114 3003 3252 3075 μέσῃ
3280 3001 3530 3067 Ἑλλάδος
3566 3004 3803 3074 ἐπήγνυ-

543 3099 913 3170 compingitur
962 3096 1191 3166 Graecia,
1245 3098 1601 3169 suspenditur
1648 3097 1916 3163 Andreas,
1954 3114 2118 3156 cruce

2221 3116 2302 3164 το,
2322 3098 2414 3152 καὶ
2456 3098 2708 3171 Ἀνδρέας
2740 3098 3033 3171 ἐκρεμᾶτο,
3055 3095 3273 3167 σταυρῷ
3302 3094 3395 3148 τὸν
3422 3093 3803 3165 σταυρωθέντα

543 3188 870 3245 crucifixum
912 3190 1244 3262 praedicans,
1295 3190 1468 3246 clavis
1508 3190 1789 3246 clavorum
1833 3192 2118 3249 veritatem

2224 3161 2539 3263 κηρύσσων,
2574 3161 2832 3253 παὶῗτοῖς
2871 3161 3021 3259 ἣλοις
3053 3161 3387 3258 τοὺς-ἥλους
3419 3161 3803 3257 πιστούμενος,

544 3280 911 3345 confirmans,
957 3282 1214 3353 passione
1259 3282 1570 3353 passionem
1625 3283 1949 3341 testificans.
2005 3283 2122 3341 Hoc

546 3380 728 3429 autem
774 3374 1000 3431 invento
1049 3375 1295 3430 mortalis
1327 3375 1457 3431 vitae
1496 3391 1610 3432 sure
1641 3377 1896 3443 termino,
1933 3393 2124 3435 secun-

545 3465 675 3519 dum
714 3463 1146 3522 immortalitatis
1175 3466 1415 3531 initium,
1453 3474 1686 3522 mortem
1728 3467 1942 3524 scilicet
1971 3469 2125 3526 inve-

544 3554 630 3609 nit
661 3573 674 3609 :
703 3563 866 3626 atque
916 3571 1017 3626 per
1062 3557 1375 3628 passionem
1415 3573 1574 3614 suam
1625 3556 1984 3616 ellicaciorem
2027 3561 2126 3617 do-

544 3648 736 3703 ctrinae
765 3664 878 3706 suae
904 3650 1165 3707 virtutem
1199 3650 1468 3708 exhibuit.
1502 3650 1637 3706 Nam
1670 3653 1870 3724 quibus
1899 3656 2125 3712 concio-

545 3741 732 3796 nando
758 3741 1046 3798 veritatem
1074 3757 1184 3799 non
1209 3745 1505 3814 persuasit,
1538 3744 1639 3801 hos
1672 3745 1891 3802 occisus
1920 3746 2126 3818 pudore

547 3832 775 3891 affectos
818 3837 1127 3892 convertit:
1152 3853 1292 3908 quos
1334 3853 1587 3894 sermone
1631 3854 1741 3894 non
1777 3840 1968 3908 traxit,
2004 3856 2127 3911 pas-

546 3925 702 3980 sione
733 3925 892 3996 quasi
924 3942 1124 3998 sagena
1172 3930 1337 3999 cepit.
1377 3927 1599 3985 Divisus
1634 3930 1780 3986 enim
1814 3930 1870 3984 in
1901 3931 2042 3986 coelo
2070 3939 2126 3988 et

545 4016 603 4071 in
630 4025 787 4074 terra
817 4019 1040 4091 inspicit
1062 4019 1346 4075 hominum
1375 4036 1600 4093 greges;
1643 4036 1874 4094 corpore
1903 4024 2124 4094 quidem

545 4111 602 4166 in
640 4120 794 4171 .terra
832 4113 1067 4183 positus,
1119 4116 1301 4168 anima
1331 4129 1463 4169 vero
1506 4115 1707 4170 ccelum
1755 4123 1988 4173 nactus:
2025 4134 2125 4172 cu-

543 4201 789 4259 rationes
811 4211 993 4259 autem
1016 4219 1081 4259 ac
1103 4204 1369 4261 miracula
1390 4206 1447 4261 in
1472 4214 1812 4262 terrenarum
1844 4208 2126 4264 hominum

544 4292 779 4361 gratiam
830 4292 963 4348 edit.
1002 4293 1083 4349 Ex
1126 4309 1191 4351 ea
1236 4310 1403 4366 porro
1450 4298 1787 4368 agricultura
1830 4306 2126 4369 praesentes

546 4376 716 4445 spicae
767 4380 1163 4449 pullularunt:
1215 4399 1282 4439 ex
1337 4383 1457 4454 ejus
1531 4385 1778 4442 doctrina
1846 4387 1969 4443 ﬁdei
2026 4387 2126 4442 llo-

545 4478 711 4523 ruere
751 4468 916 4526 botri.
949 4469 1169 4542 Vosque
1207 4472 1429 4543 pietatis
1458 4472 1714 4530 doctores
1757 4474 2121 4530 occurristis:

547 4559 644 4629 qui
680 4561 835 4631 regni
865 4562 1130 4617 cmlorum
1175 4565 1547 4636 negotiatores
1582 4564 1741 4631 estis,
1779 4563 1847 4619 ad
1878 4580 2004 4619 eum
2030 4565 2125 4635 qui

546 4652 605 4708 in
623 4653 784 4709 caelis
800 4653 1148 4711 admirationi
1168 4662 1253 4713 est
1274 4657 1635 4713 convenistis.
1658 4656 1864 4714 Christi
1888 4671 2125 4728 namque

548 4754 636 4801 est
648 4747 739 4801 illa
753 4746 896 4803 beati
912 4746 1067 4803 Pauli
1080 4764 1214 4806 vox:
1237 4767 1256 4801 ι
1280 4749 1337 4805 Si
1354 4753 1746 4816 sustineamus,
1764 4757 1818 4806 et
1832 4761 2128 4823 conregna-

548 4835 732 4895 bimus
747 4838 816 4893 δ’.
842 4837 993 4909 »1ρεί
1021 4840 1196 4912 gloria
1225 4840 1282 4896 in
1314 4843 1515 4898 saecula
1551 4841 1900 4899 saeculorum.
1925 4841 2122 4898 Amen.

622 4950 669 4982 "
708 4948 753 5005 ll
785 4948 930 5007 Tim.
964 4966 1026 5018 ιι,
1065 4952 1133 5007 l2

634 5059 749 5131 (ὅθ)
794 5059 886 5117 Sic
931 5062 1298 5123 Colhertinus.
1360 5065 1515 5124 Alius
1574 5081 1742 5133 vero,
1807 5067 2200 5140 χαμηλότατον.

2222 3283 2319 3336 καὶ
2379 3280 2457 3352 τῷ
2511 3281 2675 3337 πάθει
2713 3280 2776 3335 τὸ
2827 3279 3000 3344 πάθος
3044 3277 3508 3351 μαρτυρούμενος.
3535 3277 3728 3348 Πέρας
3755 3274 3804 3330 ἃ

2223 3372 2382 3429 τοῦτο
2424 3374 2524 3446 τῆς
2577 3373 2779 3445 θνητῆς
2819 3372 2964 3443 ζωῆς
2998 3372 3319 3443 εὑράμενος,
3346 3369 3610 3441 δευτέραν
3637 3368 3804 3440 ἀρχὴν

2225 3464 2523 3530 ἀθανασίας
2576 3464 2669 3518 τὸν
2721 3464 2950 3519 θάνατον
3003 3462 3221 3533 εὐρατο,
3268 3459 3672 3532 ἐνεργεστὲραν
3715 3460 3805 3530 τῆς

2224 3557 2570 3621 διδασκαλίας
2600 3555 2690 3611 διὰ
2719 3555 2813 3610 τοῦ
2844 3556 3050 3619 πάθους
3070 3553 3169 3625 τὴν
3196 3552 3424 3624 δύναμιν
3464 3552 3808 3625 ἐνδεικνύμε-

2224 3667 2334 3715 νος.
2366 3649 2473 3714 Οὒς
2503 3649 2611 3721 γὰρ
2654 3648 2755 3704 οὐκ
2800 3648 2985 3701 ἔπεισε
3013 3645 3366 3718 δημηγορῶν,
3391 3642 3624 3710 τούτους
3662 3645 3809 3699 ἀναιο

2229 3741 2405 3814 ρεθεὶς
2430 3739 2798 3812 ἐδυσώπησεν·
2839 3740 2936 3795 καὶ
2963 3738 3058 3804 οὓς
3085 3738 3263 3793 λαλῶν
3290 3736 3390 3807 οὐχ
3418 3736 3671 3799 εἰλκυσε,
3713 3754 3810 3789 πα-

2225 3832 2334 3886 θὼν
2359 3833 2712 3904 ἐσαγήνευσε.
2754 3831 3051 3904 Μερισθεὶς
3065 3832 3174 3904 γὰρ
3204 3828 3420 3904 οὐρανῷ
3447 3831 3546 3883 καὶ
3578 3832 3677 3901 γῇ,
3708 3828 3807 3882 σώ-

2230 3941 2360 3994 ματι
2389 3923 2488 3994 μὲν
2516 3921 2654 3994 ἔχων
2682 3922 2782 3994 τὴν
2807 3923 2932 3994 γῆν,
2967 3922 3108 3995 ψυχῇ
3132 3922 3190 3976 δὲ
3220 3922 3313 3976 τὸν
3334 3920 3567 3994 οὐρανὸν
3598 3920 3808 3993 κληρω-

2227 4015 2360 4082 θεὶς,
2390 4014 2678 4069 ἐποπτεύει
2730 4014 2828 4079 τὰς
2870 4015 2980 4068 τῶν
3003 4014 3309 4086 ἀνθρώπων
3342 4014 3582 4082 ἀγέλας,
3622 4014 3810 4084 ίάμασι

2226 4108 2322 4163 καὶ
2355 4106 2593 4178 θαύμασι
2619 4107 2746 4170 τοὺς
2773 4108 2864 4161 ἐπὶ
2901 4106 3006 4177 γῆς
3035 4105 3396 4177 δεξιούμενος.
3434 4105 3696 4177 Ἐκείνης
3718 4105 3811 4174 τῆς

2226 4200 2498 4274 γεωργίας
2523 4201 2574 4257 οἱ
2605 4200 2871 4273 παρόντες
2902 4199 3307 4271 ἀνεϐλάστησαν
3334 4198 3602 4269 στάχυες·
3632 4199 3702 4252 ἐκ
3718 4197 3813 4266 τῆς

2227 4256 2437 4347 ἐκείνου
2463 4256 2812 4357 διδασκαλίας
2841 4256 2890 4346 οἱ
2910 4291 3011 4362 τῆς
3042 4256 3277 4355 πίστεως
3297 4256 3811 4363 ἤνθησαν-βότρυες.
3857 4256 3859 4363 1

2226 4383 2338 4437 Καὶ
2364 4384 2524 4455 ὑμεῖς
2553 4384 2600 4436 oi
2633 4384 2733 4454 τῆς
2774 4382 3055 4446 εὐσεϐείας
3084 4381 3393 4436 διδάσκαλοι
3430 4382 3812 4453 ἀπηντηκατε,

2154 4502 2205 4563 D
2227 4478 2276 4529 οἱ
2303 4476 2402 4546 τῆς
2432 4476 2541 4529 τῶν
2580 4475 2826 4547 οὐρανῶν
2862 4473 3137 4548 βασιλείας
3161 4473 3391 4545 ἔμποροι
3428 4472 3571 4545 πρὸς
3600 4472 3695 4527 τὸν
3725 4473 3812 4526 0‘5-

2233 4565 2378 4639 ρανῷ
2408 4566 2822 4639 θαυμαζόμενον
2849 4566 3263 4639 συνεληλύθατε.
3294 4564 3535 4638 Χριστοῦ
3559 4567 3675 4637 γάρ
3702 4566 3815 4618 ἐστι

2225 4659 2313 4712 διὰ
2339 4656 2434 4711 τοῦ
2466 4661 2736 4732 μακαρίου
2781 4658 2994 4714 Παύλου
3039 4659 3218 4731 φωνή·
3263 4676 3283 4709 ι
3311 4658 3378 4711 Εί
3425 4657 3813 4728 ὑπομένωμεν.

2226 4751 2323 4804 καὶ
2355 4749 2875 4823 συμϐασιλεύσομεν.
2907 4770 2926 4804 ι
2957 4750 3116 4823 Αὐτῷ
3146 4752 3180 4821 ή
3201 4748 3327 4815 δόξα
3345 4749 3428 4812 εἰς
3451 4749 3584 4813 τοὺς
3614 4747 3815 4808 αἰῶνας

2227 4841 2339 4896 τῶν
2366 4841 2595 4896 αίὼνων.
2645 4844 2833 4917 Ἀμήν.

1479 5281 1861 5339 ΑΒΜΟΝΙΤΙΟ
1898 5282 1967 5337 ΙΝ
2009 5274 2389 5337 SERMONEM
2432 5271 2873 5349 SEQUENTEM.

552 5388 712 5447 Hunc
748 5407 1153 5467 sermonemcx
1196 5411 1303 5452 ms.
1332 5396 1575 5452 Colbert.
1610 5396 1769 5459 5104,
1806 5414 1860 5467 p.
1888 5397 2011 5461 502,
2043 5396 2540 5466 transcripsimus:
2577 5403 2770 5467 estque
2799 5394 3038 5467 imperiti
3066 5401 3121 5450 et
3136 5391 3469 5467 inelegantis
3502 5390 3816 5461 scriptoris.

991 5465 1277 5522 Athanasii
1310 5475 1492 5522 tamen
1520 5468 1738 5538 praefert
1764 5464 1963 5524 nomen
1986 5469 2041 5522 in
2068 5464 2410 5533 Colbertino,
2442 5476 2498 5524 et
2527 5469 2584 5522 in
2623 5464 2840 5539 Anglic.
2868 5464 3106 5537 quodam
3136 5464 3348 5519 codice.

557 5617 717 5692 ωδ
765 5619 1339 5692 sannosum!
1376 5624 1792 5681 ATHANASII
1840 5606 2118 5682 Episco‘

2220 5592 2226 5602 ’
2250 5623 2496 5677 ΛΟΓΟΣ
2518 5621 2905 5692 muneri
2935 5618 3356 5692 ΑθΑΝΑειρΥ
3382 5613 3822 5671 Εηιεκοηογ

1026 5691 1108 5746 ΡΙ
1147 5692 1681 5750 ΑιΕΧΑΝηιυλΕ.

633 5780 685 5834 ι.
703 5779 831 5836 Tria
856 5784 1097 5853 postulat
1132 5784 1272 5843 Deus
1290 5801 1319 5840 a
1338 5786 1673 5855 Christiano,
1704 5794 1908 5844 rectam
1945 5786 2128 5854 fidem,

2739 5689 3313 5746 ΑΛΕΞΑΝΔΡΕἸΑΣ.

2310 5786 2360 5839 1.
2400 5784 2535 5855 Τρία
2563 5785 2784 5839 ἀπαιτεί
2807 5784 2835 5837 ό
2868 5781 2998 5845 Θεὸς
3032 5779 3182 5851 παρά
3225 5778 3319 5832 τοῦ
3348 5776 3711 5851 Χριπιανοῦ,
3739 5772 3817 5829 ιι

3854 1474 3860 1802 l

3650 312 3774 370 H08
3858 312 3859 367 ἲ
