3878 6208
190 254 319 311 1109

1371 255 1599 311 SERMU
1638 254 1872 311 EXHOR
1882 257 2252 314 TATORIUS.

3279 261 3416 316 1110

193 394 298 431 στιν
337 375 521 448 ὀρθὴν,
553 376 645 428 καὶ
676 375 928 447 ἀλήθειαν
956 374 1063 429 ἀπὸ
1093 375 1363 446 γλώσσης,
1397 377 1492 430 καὶ
1529 375 1750 444 ἁγνείαν

1857 379 2198 434 veracitatem
2229 379 2451 452 lingme,
2489 387 2542 435 et
2572 379 2896 442 castitatem,
2929 382 3196 452 corpéris.
3235 381 3424 439 Cete-

191 468 291 521 ἀπὺ
316 465 581 536 σώματος.
616 467 724 518 Kal.
748 465 814 520 τά
853 466 985 520 ἄλλα
1015 466 1214 536 ὁμοίως
1244 467 1494 535 φύλαττε.
1532 466 1751 538 Πρῶτον

195 558 286 628 μὲν
322 557 588 628 μηδέποτέ
618 575 736 611 τινα
767 559 1162 630 καταλαλήσῃς,
1191 559 1320 629 μηδέ
1348 576 1490 622 τινος
1514 559 1752 632 ἀκούσῃς

193 649 630 713 καταλαλοῦντος.
701 650 839 703 Ἀλλ’
879 652 1006 705 ὅταν
1065 650 1301 723 ἀκούσῃς
1324 650 1466 714 τινὸς
1517 651 1752 703 καταλα-

192 741 419 805 λοῦντος,
471 741 607 810 φύγε
639 743 732 795 καὶ
780 741 1126 812 ἀναχώρησον
1163 743 1390 802 ἐκεῖθεν.
1419 746 1512 796 καὶ
1533 743 1752 796 κάθισον

193 835 267 896 είς
291 835 380 886 τὸν
406 830 552 887 οἶκόν
579 853 694 915 σου,
718 837 803 889 ἵνα
833 837 906 908 μὴ
926 836 1163 907 ἀκούσῃς
1189 836 1369 900 αὐτὸν,
1398 838 1489 889 καὶ⁸
1521 836 1752 890 κλαῦσον

191 926 283 989 τὰς
337 927 608 998 ἁμαρτίας
635 945 752 993 σου,
791 930 875 982 ἵνα
909 930 981 1001 μὴ
1029 931 1122 982 καὶ
1156 930 1218 981 σὺ
1247 929 1408 1003 γένῃς
1436 930 1618 1000 ὅμοιος
1657 930 1751 982 τού

190 1017 631 1083 καταλαλοῦντος,
674 1020 769 1073 καὶ
797 1020 1036 1092 ἀπέλθῃς
1066 1022 1145 1084 είς
1167 1021 1384 1074 κόλασιν
1416 1020 1651 1084 αἰώνιον,
1674 1023 1753 1084 εἰς

188 1109 480 1180 δράκοντας
533 1112 807 1182 πυρίνους,
843 1113 1141 1180 τρώγοντές
1205 1130 1296 1166 σου
1337 1113 1435 1184 τὴν
1481 1113 1748 1182 γλῶσσαν.

189 1199 321 1254 Εῐπε
354 1202 460 1274 γάρ
484 1205 512 1256 ὁ
542 1203 670 1267 Θεὸς
702 1205 788 1257 διὰ
810 1204 902 1256 τοῦ
933 1205 1236 1275 Προφήτου,
1275 1205 1357 1257 ὅτι
1390 1223 1409 1255 ‹
1444 1205 1548 1257 Τὸν
1581 1221 1752 1257 κατα-

187 1295 446 1350 λαλοῦντα
461 1297 633 1368 λάθρα
650 1298 756 1350 τῶν
773 1298 995 1368 πλησίον
1013 1297 1197 1364 αὑτοῦ,
1214 1297 1400 1351 τοῦτον
1417 1297 1715 1360 ὲξεδίωκον·
1729 1317 1746 1348 ι

187 1386 258 1439 Τὸ
305 1386 434 1458 γὰρ,
495 1409 514 1439 σ
570 1387 764 1458 λάθρα,
798 1407 816 1440 ι
854 1387 1008 1440 τοῦτο
1063 1387 1288 1458 κρύφιόν
1339 1391 1472 1451 ἐστι,
1527 1389 1621 1441 καὶ
1679 1388 1751 1460 μὴ

188 1477 447 1548 παρόντος
471 1477 562 1530 τοῦ
586 1477 680 1530 ἀνθ
689 1475 890 1548 ρώπου.
921 1478 985 1528 Τί
1005 1476 1061 1530 δέ
1086 1478 1199 1530 ἐστι
1221 1477 1518 1532 καταλαλιά
1540 1494 1554 1543 ;
1581 1479 1753 1548 Ὅπερ

186 1571 246 1623 ού
296 1570 519 1623 δύνασαι
577 1573 750 1624 εἰπεῖν
794 1571 1099 1642 ἔμπροσθεν
1131 1571 1316 1634 αὐτοῦ,
1351 1571 1486 1625 ἀλλά
1532 1571 1752 1626 ὄπισθεν

185 1663 347 1716 αὑτοῦ
374 1663 572 1725 λαλεῖν,
595 1663 846 1734 λοιδορῶν
874 1663 1058 1726 αὑτὸν,
1089 1663 1387 1716 καταλαλιά
1413 1665 1558 1717 ἐστιν
1591 1664 1746 1733 αὐτή.

185 1755 379 1817 Βλέπε,
430 1755 660 1822 φύλαττε
696 1754 793 1826 τὴν
820 1754 1070 1822 γλῶσσάν
1121 1773 1212 1808 σου
1258 1756 1364 1810 ἀπὸ
1401 1755 1748 1819 καταλαλιᾶς,

185 1849 278 1902 καὶ
303 1847 407 1900 ἀπὸ
439 1847 633 1912 κακοῦ,
676 1848 768 1901 καὶ
801 1847 998 1911 παντὸς
1032 1850 1215 1919 ὅρκου,
1250 1848 1344 1901 κα)⁸
1376 1847 1630 1915 ψεύδουςο
1660 1848 1754 1900 καὶ

189 1939 450 2010 μηδέποτε
502 1939 777 2010 τολμήσῃς
823 1939 1018 2010 ὀμόσαι
1069 1939 1160 1992 τὸν
1201 1940 1396 2010 Θεὸνῆ
1445 1938 1750 2009 δικαίως,ἧ

184 2031 399 2093 ἀδίκως.
445 2032 502 2084 'U
553 2033 662 2102 γὰρ
712 2031 925 2102 ὀμνύων
959 2031 1047 2085 τὸν
1095 2031 1224 2084 Θεὸν
1270 2033 1363 2086 καὶ
1407 2030 1754 2102 παραϐαίνων

182 2123 274 2175 τὸν
327 2122 483 2192 λόγον
527 2122 621 2177 τοῦ
670 2123 874 2194 Κυρίου
914 2123 1006 2176 τοῦ
1044 2124 1286 2188 εἰπόντος
1311 2141 1325 2154 ·
1365 2142 1383 2174 ι
1423 2123 1515 2195 Μὴ
1539 2123 1756 2193 ὀμόσεις

184 2213 338 2276 ὅλως,
376 2214 510 2284 μήτε
539 2217 596 2267 ὲν
627 2214 704 2285 τῷ
737 2214 948 2284 οὐρανῷ
981 2216 1114 2286 μήτε
1149 2215 1207 2268 ὲν
1231 2219 1296 2286 τῇ
1331 2218 1400 2286 γῇ
1420 2232 1433 2245 ’
1467 2215 1584 2267 »ὅτι
1611 2206 1756 2268 οὗτοι

184 2306 235 2357 οἱ
272 2304 560 2375 ὀμνύοντες
611 2306 689 2368 είς
728 2305 944 2359 κόλασιν
985 2306 1200 2360 αίώνιον
1247 2307 1573 2378 ἀπέρχονται
1621 2306 1759 2378 μετὰ

185 2396 278 2450 τοῦ
306 2397 509 2469 πατρὸς
536 2397 713 2450 αὐτῶν
733 2397 826 2451 τοῦ
863 2399 1098 2452 Σατανᾶέ
1145 2399 1304 2452 Ἀλλά
1329 2400 1574 2470 βλέπετε,
1605 2399 1759 2452 ἀδελ-

187 2489 277 2556 φοί
315 2506 437 2558 μου,
473 2488 744 2557 φυλάξατε
789 2490 888 2560 τὴν
911 2489 1159 2557 γλῶσσαν
1185 2490 1291 2543 ἀπὸ
1323 2493 1508 2562 ὅρκου,
1541 2491 1648 2545 ἀπὸ
1668 2491 1760 2560 γέ-

185 2579 372 2643 λωτος,
423 2579 533 2632 ἀπὸ
565 2579 832 2651 φλυαρίας
892 2582 1147 2651 ματαίας,
1191 2582 1299 2635 ἀπὸ
1344 2583 1574 2655 ἀκαίρου
1621 2582 1758 2654 πρά-

184 2683 414 2737 γματος,
461 2670 554 2723 καὶ
613 2672 722 2723 ἀπὸ
749 2672 944 2736 παντὸς
984 2672 1212 2742 ψεύδους
1236 2690 1248 2702 ·
1278 2674 1372 2727 καὶ
1407 2673 1588 2727 λοιπὸν
1623 2674 1762 2728 ἔστω

183 2760 315 2829 ὑμῖν
343 2760 402 2812 τὸ
430 2761 518 2814 ναὶ
536 2801 550 2827 ,
576 2763 684 2828 ναὶ,
707 2763 800 2816 καὶ
828 2763 889 2816 τὸ
909 2763 992 2831 οὒ,
1017 2764 1098 2817 οὓ·
1130 2767 1189 2819 τὸ
1221 2766 1276 2819 δὲ
1302 2768 1556 2839 περισσὸν
1585 2769 1762 2824 λαλεῖν

183 2852 282 2904 καὶ
328 2851 549 2922 ὀμνύειν
582 2853 676 2905 τοῦ
730 2854 966 2926 πονηροῦ
1016 2856 1180 2911 ἐστιν.
1228 2857 1350 2910 Ἐὰν
1387 2858 1443 2910 δὲ
1490 2860 1630 2914 κατὰ
1667 2859 1761 2914 σοῦ

182 2945 397 3016 γένοιτο
423 2946 575 3017 παρά
608 2963 752 3010 τινος
784 2948 1001 3018 ὀμόσαι,
1038 2949 1187 3002 είπέ’
1226 2968 1246 3002 ι
1297 2952 1574 3023 Ἀλήθειαν
1599 2953 1760 3023 λέγω,

1853 487 2024 541 raque
2087 471 2335 527 similiter
2385 473 2635 526 observa.
2706 472 2891 528 Primo
2947 475 3153 529 nemini
3183 490 3426 544 unquam

1852 563 2145 628 obtrectes,
2182 578 2282 618 nec
2311 565 2704 619 obtrectantem
2752 564 2960 620 audias.
3001 563 3106 620 Sed
3137 566 3183 620 si
3207 564 3427 636 quando

1853 656 1910 709 in
1948 656 2337 710 obtrectantem
2364 655 2643 721 incideris,
2696 655 2820 727 fuge
2850 665 3013 726 atque
3055 657 3182 712 inde
3211 657 3425 722 recede,

1854 748 2089 818 sedeque
2119 749 2264 804 domi
2297 756 2366 803 ut-
2410 765 2478 803 ne
2525 749 2675 803 illum
2733 751 3048 816 auscultes;
3082 749 3156 804 ibi
3205 758 3424 820 peccata

1852 839 1978 894 fleto
2024 848 2138 903 tua,
2193 849 2252 895 ut
2297 857 2366 896 ne
2412 842 2488 897 sis
2522 843 2872 896 obtrectatori
2904 843 3119 904 similis,
3156 850 3318 912 atque
3356 840 3424 893 ad

1853 941 2055 988 aeterna
2088 935 2251 988 abeas
2280 934 2568 1003 supplicia,
2629 934 2696 988 ad
2743 935 2942 1005 ignitos
2996 934 3283 997 dracones,
3331 932 3425 1002 qui

1854 1032 2002 1077 tuam
2051 1023 2342 1078 eorrodent
2396 1025 2657 1092 linguam.
2735 1023 2825 1077 Ait
2879 1024 3077 1094 quippe
3130 1023 3273 1078 Deus
3329 1038 3428 1092 per

1853 1114 2176 1185 Prophetam
2209 1135 2221 1168 :
2257 1132 2282 1165 ‹-
2312 1113 2691 1170 Detrahentem
2741 1123 2951 1170 secreto
3008 1116 3256 1184 proximo
3303 1129 3424 1180 suo,

1854 1209 2000 1262 hunc
2029 1207 2397 1276 persequebar
2428 1207 2511 1273 “3;
2545 1226 2565 1259 ›
2619 1206 2752 1261 illud
2781 1207 2948 1271 enim,
2988 1225 3006 1257 α
3048 1215 3280 1271 secreto,
3315 1227 3332 1258 ›
3373 1208 3428 1262 id

1854 1307 1956 1363 est,
2017 1299 2073 1353 in
2126 1298 2467 1364 abscondito,
2526 1313 2628 1353 nec
2679 1308 2944 1368 praesente
2975 1299 3212 1354 homine.
3285 1298 3426 1364 Quid

1854 1407 2020 1462 porro
2057 1401 2142 1447 est
2173 1393 2544 1446 obtrectatio?
2583 1391 2739 1457 Quod
2777 1407 2886 1445 non
2923 1399 3078 1461 potes
3108 1406 3292 1445 coram
3332 1391 3428 1445 illo

1854 1486 2055 1548 dicere,
2095 1484 2190 1540 sed
2221 1499 2251 1538 a
2279 1492 2428 1553 tergo
2456 1483 2786 1538 maledicens
2819 1483 3051 1553 profers,
3091 1482 3196 1537 hoc
3226 1489 3310 1537 est
3337 1483 3432 1538 ob-

1856 1578 2130 1633 trectatio.
2185 1576 2329 1632 Cave
2362 1579 2601 1648 linguam
2637 1576 2895 1630 cohibeas
2945 1584 3092 1630 tuam
3141 1576 3204 1630 ab
3243 1576 3427 1630 obtre-

1857 1670 2114 1732 ctatione,
2167 1683 2196 1722 a
2252 1669 2396 1722 malo
2433 1667 2647 1737 quovis,
2698 1666 2766 1720 ab
2802 1666 2950 1721 omni
3009 1666 3322 1735 juramento
3375 1673 3430 1719 et

1853 1760 2138 1815 mendacio
2171 1774 2390 1829 meque
2418 1775 2654 1829 unquam
2679 1759 2828 1814 ausis
2860 1773 2954 1828 per
2977 1757 3165 1826 Deum,
3193 1758 3306 1813 sive
3333 1757 3427 1827 ju-

1854 1862 1937 1909 sta
1971 1854 2084 1908 sive
2140 1852 2346 1922 injusta
2406 1853 2472 1907 de
2513 1868 2680 1907 causa
2706 1852 2912 1920 jurare.
2975 1850 3108 1904 Nam
3142 1850 3237 1920 qui
3280 1849 3430 1919 jurat

1854 1961 1950 2015 per
1978 1944 2168 2009 Deum,
2202 1945 2248 2000 is
2284 1945 2506 1998 verbum
2556 1944 2769 2000 Domini
2809 1945 3213 2016 transgreditur
3244 1944 3428 1998 dicen-

1855 2039 1926 2094 tis
1961 2057 1974 2094 :
2013 2059 2031 2089 ι
2067 2039 2181 2093 Non
2211 2038 2424 2108 jurabis
2453 2039 2696 2105 omnino,
2752 2053 2926 2108 neque
2953 2053 3049 2108 per
3103 2038 3299 2092 cmlum
3333 2052 3430 2092 ne—

1855 2145 1961 2202 que
1993 2145 2090 2201 per
2115 2137 2315 2183 terram
2339 2130 2383 2159 ⁵³
2416 2147 2429 2183 :
2472 2149 2490 2180 ›
2529 2129 2656 2199 quia
2689 2129 2782 2198 qui
2826 2129 3034 2198 jurant,
3070 2127 3126 2181 in
3163 2134 3427 2182 aeternum

1857 2238 1980 2278 cum
2007 2230 2158 2293 patre
2186 2235 2284 2276 suo
2325 2219 2526 2274 Satana
2559 2221 2761 2274 abeunt
2800 2219 3148 2289 supplicium.
3196 2216 3302 2272 Sed
3340 2231 3432 2270 ca-

1857 2322 2054 2379 vetote,
2094 2314 2292 2369 fratres
2325 2313 2450 2377 mei,
2484 2313 2723 2383 linguam
2753 2311 3051 2368 cohibeatis
3097 2324 3126 2362 a
3153 2309 3432 2378 juramen-

1858 2416 1936 2470 to,
1968 2422 1998 2460 a
2030 2407 2168 2472 risu,
2216 2421 2245 2459 a
2275 2421 2414 2461 vana
2442 2404 2719 2470 futilitate,
2761 2404 2828 2458 ab
2860 2403 3241 2474 intempestivo
3269 2415 3434 2470 nego-

1859 2501 1938 2554 tio
1973 2508 2028 2554 et
2074 2501 2144 2555 ab
2177 2500 2326 2555 omni
2357 2497 2642 2553 mendacio
2681 2516 2694 2552 :
2733 2511 2796 2551 ac
2823 2497 3040 2552 demum
3102 2496 3174 2550 sit
3225 2495 3382 2550 vobis
3416 2513 3430 2548 :

1860 2593 1962 2661 lla,
1995 2595 2101 2662 ita';
2132 2601 2208 2657 et,
2237 2593 2379 2658 Non,
2420 2607 2528 2648 non
2556 2611 2569 2646 :
2599 2590 2804 2662 siquid
2838 2591 3067 2646 ulterius
3102 2589 3244 2645 enim
3303 2604 3434 2659 aga-

1861 2690 1970 2748 tur,
2026 2683 2072 2738 si
2102 2683 2340 2752 juratur,
2375 2682 2426 2736 id
2460 2682 2680 2752 maligni
2710 2688 2795 2737 est
2823 2682 2888 2736 °°.
2935 2681 3089 2755 Quod
3131 2681 3177 2735 si
3222 2679 3437 2734 accidat

1862 2775 2169 2847 quempiam
2196 2775 2483 2830 adversum
2525 2782 2575 2830 te
2595 2775 2802 2845 jurare,
2829 2773 2977 2835 die“
3015 2792 3028 2828 :
3072 2792 3090 2826 ι
3137 2771 3435 2828 Veritatem

1863 2867 1986 2922 dico
2021 2875 2075 2921 et
2107 2882 2217 2920 non
2255 2866 2506 2929 mentior,
2547 2885 2564 2917 ι
2605 2880 2667 2919 ac
2695 2864 2907 2919 dimitte
2955 2864 3131 2919 illum.
3191 2862 3326 2918 Cum
3356 2863 3439 2917 vi-

1864 2956 1944 3012 ris
1974 2963 2026 3011 et
2057 2956 2379 3010 mulieribus
2414 2971 2483 3009 ne
2513 2955 2706 3010 sedeas
2737 2963 2795 3009 ut
2851 2954 3024 3008 futilia
3063 2954 3326 3024 loquare;
3377 2961 3438 3008 ut

182 3037 280 3089 καί
300 3037 358 3090 ού
388 3037 672 3108 ψεύδομαι,
695 3058 713 3090 ›
746 3039 842 3093 καὶ
865 3040 1004 3110 ἄφες
1032 3042 1212 3096 αὐτόν.
1244 3043 1399 3097 Μετά
1429 3045 1634 3114 ἀνδρῶν
1658 3047 1751 3099 καὶ

1857 3067 1924 3123 in
1950 3049 2041 3102 illa
2077 3047 2165 3104 die
2193 3046 2467 3118 inculpate
2512 3046 2622 3102 Deo
2662 3061 2942 3112 occurras,
2993 3045 3212 3115 quando
3243 3050 3438 3098 ventu-

181 3130 456 3198 γυναικῶν
485 3131 734 3202 φλυαρῶν
768 3132 842 3203 μὴ
879 3132 1236 3211 συγκαθίσῃς,
1265 3135 1412 3198 ὅπως
1439 3137 1752 3212 ὑπαντήσῃς

1857 3157 1952 3196 rus
1982 3147 2065 3194 est
2093 3139 2148 3193 in
2179 3139 2377 3193 throno
2409 3139 2593 3210 gloria
2637 3153 2769 3194 suae;
2823 3137 2978 3192 Tunc
3006 3139 3436 3192 obtrectatorum

183 3222 264 3293 τῷ
290 3223 406 3294 Θεῷ
429 3227 486 3277 ὲν
511 3226 576 3294 τῇ
604 3224 788 3295 ἡμέρᾳ
813 3224 1135 3296 ἀμέμπτως,
1165 3227 1291 3279 ὅταν
1315 3227 1479 3300 μέλλῃ
1505 3227 1754 3300 ἔρχεσθαι

185 3315 282 3367 ὲπὶ
325 3315 510 3386 θρόνον
534 3315 688 3385 δόξης
712 3314 896 3368 αὐτοῦ.
932 3316 1062 3369 Τότε
1084 3317 1192 3371 τῶν
1234 3317 1674 3374 καταλαλούντων
1705 3322 1754 3374 οἱ

183 3406 393 3469 ὀδόντες
451 3405 554 3459 ὑπὸ
601 3404 708 3459 τῶν
747 3405 1035 3477 ἀποτόμων
1081 3407 1326 3475 ἀγγέλων
1361 3409 1752 3481 συντρίϐονται.

181 3486 321 3552 Τότε
353 3498 461 3552 τῶν
492 3498 796 3568 ὀμνυόντων
829 3497 900 3552 τά
931 3499 1172 3570 στόματα
1221 3501 1326 3554 ὑπὸ
1365 3503 1626 3557 ἀσϐέστου
1656 3523 1757 3558 πυ-

190 3591 284 3664 ρὸς
311 3589 727 3660 ἐμφράττονται.
746 3589 877 3642 Τότε
899 3589 1006 3642 τῶν
1030 3590 1376 3647 διανευόντων
1413 3595 1461 3646 οἱ
1492 3594 1757 3668 ὀφθαλμοὶ

185 3681 296 3734 ὑπὸ
318 3681 678 3750 ἀσπλὰγχνων
707 3681 801 3734 καὶ
823 3681 1192 3752 ἀνελεημόνων
1219 3685 1464 3753 ἀγγέλων
1495 3686 1759 3758 ὲξορίζον-

181 3789 297 3826 ται.
335 3772 466 3825 Τότε
521 3774 568 3825 οἱ
625 3772 890 3840 γελῶντες
938 3775 1150 3844 πικρῶς
1193 3776 1506 3832 κλαύσουσι.
1540 3779 1673 3832 Τότε
1707 3780 1756 3832 οἱ

183 3864 553 3936 φλυαροῦντες
609 3865 816 3920 ἐλεεινά
863 3865 1223 3933 στενάζουσιν,
1277 3869 1757 3942 καταδικαζόμενοι

181 3960 265 4021 είς
297 3958 386 4011 τὸν
440 3957 660 4028 πύρινον
697 3957 960 4028 ποταμὸν,
994 3961 1070 4022 εἰς
1097 3959 1186 4014 τὸν
1217 3959 1472 4032 σκώληκα
1495 3963 1583 4015 τὸν
1610 3963 1760 4016 ἀκοί-

183 4066 380 4125 μητον,
415 4051 494 4112 είς
522 4049 612 4102 τὸν
662 4049 831 4103 δεινὸν
873 4049 1026 4122 ᾅδην,
1062 4053 1142 4114 είς
1176 4052 1237 4104 τὺ
1264 4053 1453 4117 σκότος
1474 4054 1536 4106 τὸ
1567 4053 1759 4120 ἐξώτε-

183 4157 300 4210 ρον,
329 4141 408 4204 είς
440 4139 531 4192 τὸν
581 4139 774 4211 πικρὸν
825 4139 1119 4211 κλαυθμὸν,
1153 4143 1232 4206 εἰς
1257 4143 1346 4195 τὸν
1381 4143 1620 4216 βρυγμόν
1652 4145 1758 4198 τῶν

180 4229 431 4294 ὀδόντων,
457 4231 537 4292 εἰς
561 4230 658 4302 τὴν
691 4229 954 4284 ἄσϐεστον
989 4231 1234 4301 κάμινον.
1271 4233 1442 4287 Βλέπε
1479 4234 1552 4306 μὴ
1593 4253 1759 4289 κατα-

177 4320 448 4391 δικασθῇς
502 4323 582 4384 είς
613 4321 710 4384 τὰς
740 4321 987 4385 κολάσεις
1032 4323 1262 4388 ὲκείνας.
1328 4324 1502 4378 Βλέπε
1555 4326 1628 4397 μὴ
1673 4327 1760 4381 διὰ

1854 3232 2044 3288 dentes
2095 3230 2163 3285 ab
2216 3229 2545 3286 immanibus
2592 3231 2798 3303 angelis
2845 3237 3218 3285 conterentur.
3280 3227 3436 3281 Tunc

1851 3323 2155 3394 jurantium
2187 3337 2281 3375 ora
2311 3321 2436 3392 igne
2470 3336 2748 3392 nunquam
2781 3320 3181 3391 exstinguenda
3205 3319 3428 3374 obtura-

1855 3415 2078 3470 buntur.
2132 3410 2287 3466 Tunc
2337 3413 2691 3466 annuentium
2747 3411 2890 3464 oculi
2923 3411 2991 3464 ab
3043 3409 3435 3462 immisericor-

1854 3506 2016 3562 dibus
2048 3513 2102 3560 et
2139 3504 2558 3562 inclementibus
2592 3503 2799 3574 angelis
2838 3503 3247 3573 exsculpentur.
3278 3499 3430 3554 Tunc

1855 3599 1950 3669 qui
2010 3601 2281 3661 riserunt,
2348 3612 2532 3652 amare
2590 3595 2820 3651 ﬂebunt.
2880 3595 3034 3650 Tunc
3079 3594 3173 3664 qui
3241 3592 3430 3663 nugati

1856 3697 2006 3756 sunt,
2041 3688 2425 3745 miserabiliter
2467 3690 2887 3759 congemiscent,
2942 3686 3009 3740 ad
3066 3686 3282 3756 igneum
3331 3683 3432 3737 da-

1855 3783 2026 3836 mnati
2062 3781 2308 3846 fluvium,
2340 3780 2408 3834 ad
2448 3794 2685 3835 vermem
2742 3793 3020 3848 nunquam
3078 3778 3428 3841 moriturum,

1857 3873 1924 3928 ad
1981 3882 2218 3926 atrocem
2280 3870 2556 3925 infernum
2585 3909 2604 3933 ,.
2667 3869 2734 3924 ad
2795 3870 3051 3924 tenebras
3106 3871 3428 3931 exteriores,

1857 3963 1924 4019 ad
1972 3964 2228 4018 acerbum
2275 3961 2482 4027 fletum,
2543 3961 2609 4014 ad
2674 3959 2959 4015 stridorem
3013 3959 3304 4022 dentium,
3361 3959 3429 4012 ad

1857 4058 2130 4112 caminum
2195 4071 2302 4110 non
2360 4052 2837 4124 exstinguendum.
2903 4050 3137 4106 Provide
3192 4050 3288 4103 tibi
3362 4066 3432 4105 ne

1859 4151 1924 4204 ad
1961 4150 2049 4203 illa
2081 4149 2344 4218 supplicia
2393 4146 2688 4201 damneris.
2739 4145 2882 4199 Cave
2926 4159 2996 4197 ne
3040 4143 3111 4197 ob
3158 4142 3428 4196 modicam

1857 4239 2192 4308 voluptatem
2241 4236 2405 4305 hujus
2461 4235 2646 4289 mundi
2699 4234 2791 4303 qui
2830 4232 3092 4304 praeterit,
3139 4231 3205 4286 ad
3239 4247 3430 4302 poenas

1859 4330 2136 4385 damneris
2165 4338 2397 4390 aeternas
2430 4328 2482 4381 in
2515 4327 2774 4381 saeculum
2805 4325 2989 4381 saeculi
3019 4325 3331 4389 duraturas‘,
3373 4326 3430 4379 in

184 4411 394 4483 μικρὰν
436 4411 746 4484 γλυκύτητα
781 4413 874 4466 τοῦ
919 4415 1122 4484 κόσμου
1150 4415 1341 4469 τούτου
1364 4417 1456 4470 τοῦ
1487 4435 1754 4490 παρερχο-

1862 4423 1971 4478 illis
2021 4429 2414 4476 tormentorum
2453 4420 2607 4474 locis.
2667 4417 2747 4472 Tu
2793 4433 2922 4473 vero
2980 4417 3025 4472 si
3065 4417 3148 4472 vis
3199 4417 3430 4472 salutem

183 4502 352 4572 μένου
379 4502 780 4574 καταδικασθῇς
812 4505 892 4565 είς
930 4502 1143 4557 αἰώνιον
1177 4504 1396 4558 κόλασιν
1431 4506 1599 4560 αἰῶνα
1625 4508 1755 4561 αίῶ-

179 4610 296 4658 νος,
319 4594 399 4656 εἰς
439 4592 509 4646 τὰ
552 4593 878 4665 κολαστήρια
907 4597 1108 4648 ἐκεῖνα.
1143 4596 1214 4648 Σὺ
1243 4595 1321 4659 δὲ,
1344 4596 1436 4650 ὲάν
1471 4597 1630 4671 θέλῃς
1653 4617 1756 4651 σω-

180 4683 370 4753 θῆναι,
393 4683 486 4736 καὶΔ
518 4682 774 4735 εἰσελθεῖν
797 4685 876 4746 είς
907 4683 1004 4754 τὴν
1054 4682 1328 4753 βασιλείαν
1353 4685 1447 4738 τοῦ
1479 4687 1635 4750 Θεοῦ,
1664 4689 1756 4740 καὶ

182 4779 264 4849 μὴ
317 4777 576 4832 εἰσελθεῖν
619 4780 698 4842 είς
723 4777 818 4850 τὴν
846 4776 1062 4830 αἰώνιον
1090 4776 1330 4842 κόλασιν,
1368 4777 1509 4849 ειπερ
1540 4779 1756 4842 ἀκούεις

179 4869 420 4939 φύλαξον
445 4887 458 4900 ι
488 4871 580 4923 καὶ
603 4870 785 4940 βίασαι
811 4870 948 4940 ὑπὲρ
967 4869 1104 4922 αὐτὰ
1130 4869 1233 4931 ἕως
1249 4868 1499 4931 θανάτου,
1531 4871 1618 4924 ἵνα
1639 4889 1757 4923 στε-

179 4961 442 5033 φανωθῇς
472 4961 621 5033 παρὰ
659 4960 894 5034 Χριστοῦ
929 4961 1024 5013 τοῦ
1050 4959 1204 5025 Θεοῦ,
1237 4962 1364 5014 ὅταν
1404 4961 1570 5035 μέλλῃ
1600 4963 1756 5034 ὲρευ-
1817 4966 1822 4970 ’

180 5056 284 5124 νᾷν
312 5055 378 5106 τά
413 5053 628 5128 κρυπτὰ
670 5053 863 5118 πάντα,
892 5051 960 5105 τὰ
994 5054 1051 5105 ἐν
1096 5053 1248 5105 νυκτὶ
1281 5054 1376 5106 καὶ
1395 5054 1594 5125 ἡμέρᾳ,
1628 5055 1754 5109 ὅταν

183 5142 474 5214 μέλλωμεν
494 5142 696 5205 πάντες
723 5142 920 5213 γυμνοὶ
954 5144 1049 5196 καὶ
1099 5143 1577 5215 τετραχηλισμένοι
1613 5163 1755 5217 παρ-

184 5233 437 5288 ίστασθαι
467 5233 545 5304 τῷ
586 5233 822 5306 βήματι,
873 5233 935 5286 τὸ
983 5233 1229 5304 φοόερὺν,
1287 5231 1460 5305 οἶμαι,
1511 5237 1757 5306 αἰσχυνό-

184 5343 452 5396 μενοι.....

257 5417 312 5470 2.
348 5418 545 5473 ’Ἄκουε
572 5416 754 5474 λοιπὸν
783 5417 884 5472 κᾶν
908 5420 1046 5492 ἀνὴρ
1071 5418 1172 5474 κᾶν
1210 5420 1369 5491 γυνὴ,
1411 5421 1500 5473 καὶ
1525 5419 1756 5488 φύλαξον

183 5509 333 5582 ᾶπερ
361 5510 680 5581 παρέδωκαν
709 5513 755 5564 οἱ
784 5511 925 5581 ἆγιοι
965 5512 1268 5577 ἀπόστολοι,
1311 5514 1395 5566 ἵνα
1432 5513 1547 5583 μετ’
1582 5512 1757 5566 αὐτῶν

260 5664 309 5695 ⁸⁸
346 5661 491 5720 Psal.
529 5679 593 5734 ο,
627 5665 678 5720 5.
755 5665 798 5701 '°
838 5664 1024 5720 Matth.
1058 5683 1110 5734 v,
1149 5667 1235 5722 51.
1315 5669 1356 5700 ⁸ο
1396 5665 1510 5722 Jac.
1547 5684 1598 5734 ν,
1639 5667 1720 5722 12.

1863 4514 2143 4585 consequi,
2191 4522 2351 4584 atque
2378 4511 2587 4583 ingredi
2613 4513 2668 4566 in
2700 4527 2927 4582 regnum
2959 4509 3077 4576 Dei,
3114 4525 3224 4565 non
3249 4518 3429 4564 autem

1859 4605 1923 4660 ad
1965 4615 2227 4662 mternum
2279 4589 2646 4675 supplicium;
2693 4619 2850 4660 serva
2900 4617 3019 4674 quae
3050 4603 3207 4657 audis
3246 4622 3257 4657 :
3290 4602 3430 4656 vim-

1858 4715 1961 4769 que
1999 4699 2096 4753 tibi
2129 4699 2268 4754 infer
2311 4714 2498 4752 eorum
2529 4713 2692 4752 causa
2752 4713 2924 4768 usque
2953 4697 3020 4750 ad
3065 4703 3318 4760 mortem,
3369 4703 3429 4749 ut

1857 4789 2136 4853 coroneris
2177 4804 2204 4841 a
2240 4787 2458 4843 Cbristo
2485 4789 2614 4852 Deo,
2664 4804 2786 4842 cum
2837 4788 3051 4842 occulta
3101 4786 3281 4838 omnia
3315 4792 3426 4838 tum

1857 4892 2015 4934 nocte
2048 4889 2160 4934 tum
2198 4880 2284 4934 die
2324 4886 2476 4950 gesta
2516 4879 2968 4948 perscrutabitur,
3009 4875 3227 4947 quando
3279 4875 3427 4928 futu-

1855 4989 1977 5027 rum
2005 4980 2088 5028 est
2117 4980 2175 5026 ut
2204 4972 2336 5026 nudi
2370 4988 2560 5027 omnes
2587 4980 2641 5027 et
2689 4971 2962 5026 manifesti
2994 4971 3256 5024 sistamur
3301 4978 3426 5022 ante

1856 5065 2118 5128 tribunal,
2174 5063 2320 5134 quod
2374 5065 2702 5124 horrendum
2739 5070 3004 5126 saneest.
3048 5060 3112 5112 Et
3167 5060 3258 5113 alii
3301 5063 3426 5130 qui-

1854 5158 2144 5216 dem....
2314 5165 2316 5168 '

1934 5420 1991 5477 2.
2027 5419 2164 5478 Audi
2200 5421 2415 5477 demum
2474 5423 2587 5478 sive
2614 5425 2726 5486 vir,
2759 5423 2871 5478 sive
2901 5424 3097 5477 mulier
3142 5439 3222 5487 es,
3251 5431 3303 5487 et
3333 5422 3430 5477 ob-

1869 5528 2024 5570 serva
2053 5529 2174 5584 qua:
2205 5516 2390 5570 sancti”
2426 5515 2768 5572 tradiderunt
2800 5515 3051 5585 aposmb,
3089 5523 3146 5570 ut
3175 5529 3281 5570 una
3306 5531 3428 5572 cum

1819 5668 1854 5700 ⁶¹
1902 5669 1918 5722 Ι
1958 5667 2095 5725 Tim.
2133 5686 2205 5734 υ,
2247 5669 2295 5724 7.
