3878 6208
478 277 610 332 ΠΗ

1630 272 1688 328 S.
1726 269 2183 328 ATHANASIUS.
2224 302 2294 312 —
2333 270 2600 328 SPURIA.

3567 271 3717 326 1112

480 396 616 465 ipsis
648 407 874 463 vespere
901 396 1182 457 truamur;
1236 391 1300 447 ad
1327 388 1625 447 Ecciesiam
1655 394 1914 459 concede,
1944 402 2030 448 at-

2158 390 2522 461 ιπολαύσωμεν
2578 388 2812 460 ἑσπέρας
2837 406 2859 421 ’-
2905 388 2998 443 καὶ
3052 387 3188 460 πρὸς
3234 384 3332 458 τὴν
3381 384 3718 456 Ἐκκλησίαν

477 500 587 554 que
641 482 753 538 Deo
801 482 1061 537 confitere
1116 491 1339 553 peccata
1387 492 1481 537 tua
1529 499 1649 553 qua:
1696 486 2044 554 perpetrasti.

480 575 595 645 (57)
617 574 770 642 Quod
801 575 849 630 si
879 590 968 630 res
993 588 1105 629 non
1133 575 1272 629 bene
1323 576 1666 644 processerit,
1711 592 1887 646 neque
1919 592 2047 648 pro-

479 667 647 737 pitius
674 666 767 721 ille
794 666 978 733 fuerit,
1010 683 1082 722 ne
1112 666 1180 720 ad
1209 682 1348 737 opus
1376 667 1615 735 accedas
1667 674 1843 731 tuum,
1874 684 2047 740 quan-

480 757 773 827 doquidem
802 772 913 813 non
931 767 1013 814 est
1036 758 1381 813 benedictum
1410 775 1426 825 ;
1450 760 1534 814 sin
1561 761 1831 830 pr0pitius
1862 760 2046 826 fuerit,

480 856 615 906 tunc
647 866 785 921 opus
838 850 1001 907 adeas
1039 860 1214 917 tuum,
1268 853 1403 907 illud
1452 852 1596 910 Deus
1653 855 1946 920 benedicit,
1982 870 2052 909 ne

478 940 581 995 tibi
627 943 831 997 malum
869 943 1121 999 accedat.
1177 943 1312 999 Cum
1343 960 1504 999 mane
1535 948 1861 1010 surrexeris,
1912 947 2045 1016 ligu-

479 1048 600 1087 ram
629 1034 949 1090 venerandae
976 1043 1031 1089 et
1060 1034 1285 1089 viviﬁca:
1316 1036 1498 1091 crucis
1530 1037 1783 1092 omnibus
1820 1036 1927 1091 tuis
1972 1037 2052 1089 fa-

481 1125 592 1178 cito
621 1127 900 1193 membris;
949 1132 1004 1181 et
1027 1126 1155 1180 dum
1188 1128 1455 1191 ambulas,
1504 1128 1811 1196 decumbis,
1845 1128 2048 1200 surgis,

483 1230 698 1284 semper
728 1215 893 1271 dicito
926 1234 939 1270 :
970 1214 1195 1271 Domine
1220 1216 1349 1271 Jesu
1407 1218 1644 1284 Christe,
1698 1220 1892 1288 adjuva
1943 1232 2051 1274 me.

483 1300 690 1365 Quarta
715 1301 871 1365 ferta,
906 1310 963 1357 et
988 1318 1304 1372 parasceve,
1337 1321 1435 1361 seu
1462 1307 1598 1362 feria
1642 1317 1815 1373 sexta,
1840 1310 2048 1379 jejuna.

485 1392 625 1448 Aliis
652 1391 867 1457 diebus,
900 1395 983 1449 tui
1032 1401 1113 1450 est
1158 1395 1374 1453 arbitrii
1399 1398 1669 1467 jejuuare,
1717 1402 1799 1455 vel
1835 1417 1944 1455 non
1970 1403 2051 1471 je-

478 1484 698 1554 junare.
752 1486 1006 1541 Attamen
1035 1502 1137 1557 par
1179 1495 1265 1544 est
1306 1498 1364 1544 ut
1412 1491 1670 1548 mulieres
1713 1508 1926 1563 semper
1972 1495 2054 1564 je-

480 1575 696 1645 junent.
730 1575 869 1631 Illud
917 1578 1005 1632 vel
1034 1592 1157 1633 sero
1193 1579 1409 1634 tandem
1441 1580 1751 1645 observato,
1775 1581 2053 1639 diabolum

486 1663 699 1720 scilicet
739 1665 1080 1721 iracundiam
1137 1667 1237 1721 tibi
1271 1668 1579 1727 immittere.
1618 1680 1675 1724 ut
1723 1687 2047 1729 succenseas

486 1763 540 1810 et
585 1756 820 1810 animam
895 1759 1091 1827 perdas
1145 1768 1311 1813 tuam.
1380 1759 1850 1818 Mansuetudinem
1902 1763 2045 1820 Deus

484 1844 589 1901 tibi
638 1845 803 1919 5.06
832 1848 1061 1913 dederit,
1094 1860 1275 1923 utAper
1303 1853 1774 1908 mansuetudinem
1810 1862 1865 1910 et
1906 1856 2049 1910 elee—

486 1952 774 2008 mosynam
805 1940 1033 1995 salutem
1063 1940 1437 2011 consequaris.
1499 1942 1566 1997 Et
1597 1944 1829 2001 observa
1877 1962 2051 2017 quan-

488 2027 687 2082 donam
727 2043 758 2083 a
802 2037 852 2084 te
902 2029 1148 2086 diabolus
1206 2031 1395 2103 fugiat,
1430 2041 1543 2088 tum
1578 2037 1785 2093 scilicet
1817 2039 2050 2094 maxime

490 2133 617 2173 cum
649 2119 844 2179 viderit
873 2120 1055 2174 crucis
1090 2131 1274 2191 typum
1313 2123 1369 2177 in
1424 2123 1626 2190 fronte,
1680 2127 1734 2180 in
1778 2142 1871 2183 ore
1899 2135 1955 2182 et
1993 2129 2050 2183 in

490 2210 652 2265 corde
694 2218 808 2266 tuo.
869 2209 1016 2283 Fuge
1063 2228 1281 2285 quoque
1319 2231 1546 2286 pugnas,
1580 2219 1705 2287 jure
1748 2235 1816 2275 an
1854 2222 2052 2290 injuria

490 2301 805 2368 suscitatas,
852 2314 913 2360 ut
945 2321 1015 2361 ne
1044 2307 1238 2376 perdas
1271 2307 1508 2364 animam
1563 2316 1733 2365 tuam.
1776 2311 2051 2382 Scriptum

492 2403 577 2450 est
627 2395 822 2450 enim:
860 2413 880 2448 ι
918 2395 1015 2452 Vir
1069 2400 1365 2456 iracundus
1418 2411 1474 2458 et
1535 2418 1775 2475 praeceps
1827 2405 2054 2461 suscitat

490 2500 702 2556 pugnas
720 2486 765 2517 “
802 2505 815 2540 :
876 2506 895 2540 ι
933 2486 1195 2545 Dominus
1252 2497 1433 2546 autem
1482 2495 1730 2564 angelum
1761 2494 2054 2551 immiseri-

494 2576 713 2632 eordem
758 2579 1003 2633 immittit
1060 2579 1158 2636 illi.
1217 2581 1295 2638 Ne
1354 2582 1676 2653 injuriarum
1731 2585 2053 2656 cujusquam

494 2669 732 2728 hominis
769 2673 1095 2728 recordere:
1142 2676 1236 2731 sed
1282 2685 1399 2732 esto
1445 2677 1563 2733 sine
1608 2678 1812 2732 malitia
1850 2685 1910 2732 ut
1970 2678 2055 2732 in-

496 2759 695 2817 fantes.
756 2761 845 2816 Ait
875 2764 1075 2833 quippe
1105 2763 1368 2820 Dominus
1402 2765 1457 2818 in
1490 2765 1797 2836 Evangeliis
1827 2785 1840 2821 :
1880 2786 1898 2820 ι
1939 2765 2054 2821 Nisi

495 2854 743 2908 conversi
799 2852 1013 2909 fueritis
1045 2862 1098 2909 et
1129 2854 1438 2911 eﬂiciamini
1493 2858 1638 2913 sicut
1666 2857 1899 2926 parvuli,
1944 2871 2055 2912 non

496 2945 774 3002 intrabitis
811 2948 867 3001 in
911 2962 1135 3017 regnum
1182 2948 1443 3003 cmlorum
1470 2949 1534 3004 ⁵³.
1569 2969 1587 3000 ι
1637 2948 1773 3003 llinc
1812 2949 2056 3004 animad-

2146 481 2407 552 ἀπέρχου,
2437 481 2532 535 καὶ
2574 479 2893 551 ἐξομολογοῦ
2938 478 3019 549 τῷ
3039 478 3157 550 Θεῷ
3192 477 3290 540 τὰς
3315 477 3588 548 ἁμαρτίας
3615 494 3716 531 σου

2147 572 2288 643 ειπερ
2321 570 2579 639 ἔπραξας.
2609 572 2705 626 Ἂν
2734 571 2790 625 δὲ
2814 572 2887 642 μὴ
2922 569 3149 641 ἀπέλθην
3185 568 3278 622 καὶ
3330 566 3459 638 εὔξῃ
3504 584 3586 631 σεν
3634 569 3715 639 μὴ

2147 665 2373 738 ἐγγίσῃς
2400 668 2478 730 εἰς
2509 664 2689 735 ἔργον,
2710 665 2831 717 ἐπεὶ
2865 663 2964 716 οὐκ
3001 662 3148 716 ἔστιν
3194 660 3552 732 εὐλογημένον
3571 676 3588 691 ο
3615 662 3717 712 ἐὰν

2148 758 2205 811 δὲ
2231 756 2360 828 εὔξῃ
2392 774 2473 821 σε,
2498 758 2593 811 καὶ
2613 758 2735 810 τότε
2752 755 2963 827 an:er
2996 754 3061 807 τὸ
3086 752 3245 823 ἔργον
3274 769 3389 818 σου,
3412 754 3440 804 ὁ
3459 751 3593 814 Θεὸς
3623 752 3713 803 εὐ-

2149 848 2297 917 λογεῖ
2321 848 2470 912 αὐτὸ,
2498 847 2570 918 μὴ
2625 846 2792 900 κακὸν
2813 844 3147 915 προσεγγίσῃ
3183 859 3285 895 σοι.
3327 840 3713 911 Ἀνισταμένου

2152 962 2244 999 σου
2271 943 2334 997 τὸ
2347 942 2509 1014 πρωῒ,
2530 941 2618 995 τὸν
2640 941 2807 995 τύπον
2822 937 2915 992 τοῦ
2937 938 3116 1008 τιμίου
3139 936 3233 991 καὶ
3258 933 3520 999 ζωοποωῦ
3547 949 3713 986 σταυ-

2153 1034 2247 1107 ροῦ
2278 1034 2501 1105 ποίησον
2528 1035 2607 1096 είς
2638 1033 2815 1086 πάντα
2835 1029 2900 1083 τὰ
2939 1030 3074 1100 μέλη
3108 1045 3222 1091 σου,
3248 1027 3343 1080 καὶ
3370 1025 3713 1098 περιπατῶν,

2151 1124 2244 1178 καὶ
2298 1122 2656 1195 κοιμώμενος,
2704 1122 2799 1174 καὶ
2847 1120 3220 1187 ἀνιστάμενος,
3279 1117 3506 1170 πάντοτε
3552 1114 3710 1182 λέγε·

2150 1215 2323 1286 Κύριε
2367 1212 2537 1284 Ἰησοῦ
2593 1212 2815 1284 Χριστὲ,
2862 1210 3124 1281 βοήθησόν
3167 1225 3276 1279 μοι.
3327 1207 3589 1277 [ετρὰδην
3622 1208 3714 1259 καὶ

2152 1304 2500 1375 παρασκευὴν
2545 1305 2791 1376 νήστευε.
2820 1302 2934 1365 Τὰς
2970 1301 3026 1354 δὲ
3080 1301 3245 1364 ἄλλας
3272 1300 3517 1365 ἐξουσίαν
3547 1299 3712 1369 ἔχεις,

2152 1398 2253 1451 κᾶν
2281 1396 2459 1467 θέλῃς,
2484 1398 2727 1467 νήστευε,
2759 1392 2859 1447 κᾶν
2887 1392 3064 1464 θέλῃς,
3119 1393 3193 1463 μὴ
3224 1393 3468 1462 νήστευε.
3522 1390 3716 1461 Ὅμως

2152 1490 2249 1554 τὰς
2260 1492 2520 1558 γυναῖκας
2537 1487 2748 1559 ἁρμόζῃ
2759 1488 2843 1539 ἵνα
2857 1487 3089 1541 πάντοτε
3100 1503 3163 1554 νη
3170 1484 3414 1539 στεύωσι.
3429 1482 3602 1536 Βλέπε
3619 1483 3716 1552 ὀψέ

2153 1598 2303 1646 παῦε,
2327 1582 2406 1635 ὅτι
2428 1582 2456 1634 ὁ
2483 1580 2722 1642 διάϐολος
2745 1578 2991 1648 ἐπιφέρει
3013 1576 3110 1646 τὴν
3130 1575 3427 1645 ὀξυχολίαν,
3454 1575 3541 1627 ἵνα
3562 1574 3721 1640 ὀξυν-

2155 1671 2271 1741 θῇς,
2306 1672 2397 1725 καὶ
2413 1670 2678 1742 ἀπολέσῃς
2702 1667 2798 1738 τὴν
2818 1667 2993 1738 ψυχήν
3022 1684 3137 1720 σου.
3165 1666 3273 1737 Τὴν
3291 1665 3346 1718 δὲ
3371 1666 3664 1736 πραΰτητα
3691 1667 3720 1718 ὁ

2148 1760 2279 1823 Θεὸς
2305 1760 2492 1830 διδοίη,
2521 1760 2609 1812 ἵνα
2636 1758 2723 1811 διὰ
2748 1758 2844 1828 τῆς
2879 1757 3191 1827 πραΰτητος
3219 1756 3312 1810 καλ⁵
3349 1755 3448 1825 τῆς
3487 1754 3721 1824 ἐλεημοσ

2150 1851 2315 1922 σύνης
2344 1850 2539 1921 σωθῇς.
2562 1850 2671 1902 Καὶ
2695 1848 2856 1918 βλέπε
2887 1849 2975 1928 δτε
3001 1849 3031 1899 ὁ
3061 1846 3304 1910 διάϐολος
3329 1845 3582 1915 φεύξεται
3608 1845 3722 1898 ἀπὸ

2151 1940 2265 2004 σοῦ,
2288 1941 2518 2011 μάλιστα
2535 1940 2661 1994 ὅταν
2683 1939 2769 2012 ἴδῃ
2783 1939 2872 1992 τὸν
2890 1938 3057 1993 τύπον
3072 1937 3165 1990 τοῦ
3193 1937 3424 2009 σταυροῦ
3441 1940 3497 1989 ἐν
3513 1936 3591 2006 τῷ
3627 1953 3723 2007 με·

2148 2031 2314 2102 τὼπῳ
2345 2047 2458 2094 σου,
2477 2029 2568 2083 καὶ
2589 2030 2645 2082 ἐν
2667 2028 2745 2099 τῷ
2764 2028 2989 2098 στόματί
3017 2045 3132 2090 σου,
3161 2028 3255 2080 καὶ
3266 2027 3357 2080 ἐπὶ
3377 2026 3473 2098 τὴν
3491 2026 3725 2097 καρδίαν

2152 2140 2266 2176 σου.
2291 2122 2462 2190 Φεῦγε
2474 2120 2530 2173 δὲ
2549 2120 2643 2174 καὶ
2662 2120 2757 2182 τὰς
2777 2119 2974 2190 μάχας,
3005 2116 3109 2172 κᾶν
3136 2117 3358 2181 δικαίως
3380 2116 3482 2171 κᾶν
3494 2117 3725 2183 ἀδίκως,

2152 2214 2238 2266 ἵνα
2274 2211 2347 2283 μὴ
2378 2209 2646 2282 ἀπολέσῃς
2676 2211 2775 2281 τὴν
2802 2209 2979 2280 ψυχήν
3007 2226 3121 2263 σου.
3145 2209 3456 2280 Γέγραπται
3480 2208 3615 2280 γὰρ,
3639 2209 3731 2263 ὃτι

2157 2322 2176 2355 ι
2232 2303 2290 2356 '0
2315 2301 2565 2372 θυμώδης
2596 2301 2690 2354 καὶ
2704 2300 2827 2366 ὀξὺς
2859 2298 3061 2372 ἐγείρει
3094 2299 3304 2371 μάχαςο
3338 2317 3356 2350 ι
3379 2301 3408 2352 ὁ
3433 2297 3490 2352 δὲ
3516 2298 3731 2369 Κύριος

2152 2395 2378 2464 ἄγγελον
2409 2394 2742 2465 ἀνελεήμονα
2778 2392 3089 2464 ’ἐπιπέμπει
3122 2394 3203 2456 είς
3229 2391 3407 2445 αὐτόν.
3438 2392 3733 2463 Μνησικα-

2153 2487 2277 2540 κίαν
2314 2486 2452 2558 μετά
2497 2502 2640 2549 τινος
2672 2484 2746 2556 μὴ
2770 2484 2899 2557 ἔχῃς
2918 2501 2931 2514 '
2978 2482 3114 2537 ἀλλὰ
3136 2483 3288 2553 γίνου
3316 2483 3519 2547 ἄκακος
3546 2482 3627 2546 ὡς
3658 2483 3732 2536 τὰ

2153 2580 2322 2649 νήπια
2359 2576 2427 2630 τὰ
2463 2575 2536 2648 μὴ
2568 2575 2756 2645 ἔχοντα
2800 2575 3017 2628 κακίαν.
3061 2571 3195 2628 Εἷπε
3226 2574 3333 2644 γὰρ
3357 2575 3385 2626 ὁ
3416 2572 3623 2643 Κύριος
3670 2575 3731 2626 ἐν

2152 2668 2502 2737 Εὑαγγελίοις
2522 2685 2537 2699 ο
2561 2688 2579 2719 ι
2602 2666 2727 2720 Ἐὰν
2759 2667 2833 2738 μὴ
2861 2666 3135 2738 στραφῆτε
3181 2667 3276 2721 καὶ
3305 2664 3527 2735 γίνησθε
3548 2665 3629 2728 ὡς
3661 2666 3733 2718 τὰ

2154 2762 2340 2833 νήπια,
2365 2759 2426 2812 οὐ
2467 2758 2540 2830 μὴ
2586 2759 2860 2829 εἰσέλθητε
2892 2759 2971 2821 είς
2998 2757 3096 2829 τὴν
3128 2757 3401 2829 βασιλείαν
3435 2757 3545 2810 τῶν
3564 2757 3735 2826 οὐρα-

2155 2853 2280 2907 νῶν.
2320 2873 2338 2905 ι
2371 2851 2468 2905 Ἰδὲ
2495 2851 2698 2917 λοιπὸν,
2727 2851 2795 2904 τὰ
2821 2850 3005 2907 παιδία
3034 2850 3095 2903 οὐ
3121 2851 3402 2921 μάχονται,
3434 2849 3531 2902 καὶ
3563 2850 3735 2904 πάλιν

2155 2942 2430 3016 ὁμιλοῦσιν
2456 2942 2678 3015 ἄλληλα.
2715 2943 2901 3006 Ἐκτὸς
2931 2945 3063 3014 ἡμῖν
3090 2943 3268 2996 πάντα
3293 2940 3401 2995 ἀπὸ
3427 2942 3612 3011 πάσης
3635 2959 3739 2995 κα-
3812 2996 3820 3001 ,

498 3044 666 3098 verte,
696 3036 952 3105 parvulos
989 3052 1099 3091 non
1154 3052 1415 3108 pugnare,
1450 3039 1544 3094 sed
1576 3047 1764 3094 mutuo
1794 3040 2052 3110 colloqui.

2158 3034 2298 3097 κίας.
2323 3032 2493 3096 Αὐτὸς
2523 3032 2726 3096 λοιπὸν,
2766 3031 2980 3100 ἀδελφέ,
3016 3029 3254 3103 μιμητὴς
3276 3028 3435 3099 γενοῦ
3464 3029 3574 3083 τῶν
3600 3030 3737 3083 παί-

496 3126 580 3179 Ab
610 3127 759 3181 omni
792 3127 949 3196 plane
976 3128 1182 3182 malitia
1214 3126 1560 3185 excedamus.
1589 3127 1834 3193 Demum,
1870 3129 2056 3197 frater,

498 3217 739 3275 imitator
770 3226 889 3275 esto
916 3234 1207 3289 puerorum
1228 3220 1407 3290 quoad
1433 3220 1718 3286 malitiam,
1754 3228 1814 3275 ut
1846 3221 1913 3276 ab
1942 3237 2061 3277 om-

498 3310 557 3364 ni
590 3323 650 3364 re
678 3310 817 3364 mala
856 3310 1123 3366 libereris.
1184 3308 1324 3363 Audi
1361 3309 1677 3379 Apostolum
1713 3311 1794 3367 sic
1838 3311 2065 3382 loquen-

502 3410 644 3456 tem:
673 3419 691 3452 ι
716 3398 810 3455 Sol
828 3416 937 3455 non
957 3402 1169 3457 occidat
1189 3417 1352 3471 super
1368 3401 1704 3457 iracundiam
1723 3403 2023 3458 vestram“.
2038 3421 2059 3455 ι

504 3490 911 3562 Loquacitatem
947 3492 1171 3546 nimiam
1222 3492 1348 3547 odio
1403 3491 1562 3557 habe,
1611 3492 2066 3549 taciturnitatem-

505 3598 611 3652 que
645 3583 827 3652 potius
873 3596 1014 3639 ama.
1076 3581 1136 3637 ln
1165 3582 1328 3638 corde
1362 3594 1457 3637 tuo
1510 3588 1700 3649 orato,
1741 3596 1805 3637 ac
1856 3583 2060 3638 dicito:

515 3692 534 3723 ι
573 3672 715 3728 Deus
764 3675 1032 3745 propitius
1080 3682 1198 3729 esto
1243 3674 1374 3729 mihi
1434 3674 1809 3744 peccatori“.
1850 3694 1868 3727 ι
1929 3674 2066 3730 0dio

503 3764 637 3818 item
670 3765 809 3821 habe
833 3766 944 3819 vini
974 3766 1305 3835 potationes,
1330 3765 1670 3833 nimiumque
1697 3765 1902 3820 cibum.
1929 3764 2065 3820 0dio

445 3874 447 3879 ·
507 3854 646 3911 habe
674 3854 1080 3925 puriﬁcationes
1109 3854 1465 3910 :saltationes
1494 3862 1548 3909 et
1588 3852 1886 3926 tragmdias
1922 3852 2065 3922 fuge;

506 3943 622 3998 haec
651 3952 782 3999 sunt
811 3945 1013 4015 quippe
1044 3943 1245 3997 diaboli
1279 3943 1413 3998 ludi.
1468 3942 1928 3997 Vestimentorum
1958 3940 2069 3997 cul-

509 4046 623 4090 tum
654 4036 782 4093 odio
811 4035 1033 4101 habeas,
1076 4050 1178 4089 nec
1216 4034 1494 4088 mollitiem
1520 4033 1815 4101 dilexeris;
1846 4033 1939 4089 sed
1970 4048 2068 4103 po-

504 4128 616 4186 tius
673 4126 1031 4182 humilitatem
1062 4127 1437 4196 vilitatemque
1488 4133 1707 4196 propter
1739 4124 1945 4192 Deum;
2009 4132 2069 4179 ut

505 4220 629 4276 ideo
659 4226 714 4275 te
749 4218 1000 4275 Christus
1028 4227 1083 4274 et
1114 4218 1258 4275 Deus
1288 4226 1477 4274 noster
1517 4217 1706 4271 induat
1733 4220 1925 4272 stolam
1960 4216 2069 4288 glo-

504 4311 622 4376 riae,
651 4312 1030 4368 vestimentum
1060 4309 1503 4381 incorruptionis,
1536 4323 1791 4364 coronam
1825 4307 2068 4378 pulchri-

2160 3127 2265 3180 δων
2292 3127 2370 3188 είς
2401 3125 2499 3195 τὴν
2542 3124 2760 3190 κακίαν,
2793 3123 2879 3177 ἵνα
2912 3123 3089 3194 σωθῇς
3126 3122 3234 3176 ἀπὸ
3264 3122 3463 3184 παντὸς
3492 3122 3739 3193 πονηροῦ

2161 3219 2501 3293 πράγματος.
2540 3219 2736 3271 ’Ἄκουε
2768 3214 2862 3269 τοῦ
2908 3213 3224 3268 Ἀποστόλου
3253 3213 3503 3281 λέγοντος
3526 3230 3541 3242 ·
3584 3232 3605 3263 ί
3648 3212 3740 3284 Μὴ

2163 3312 2426 3366 ἐπιδυέτω
2448 3313 2476 3364 ὁ
2509 3309 2657 3381 ἣλιος
2686 3308 2778 3361 ἐπὶ
2800 3305 2877 3377 τῷ
2911 3304 3274 3377 παροργισμῷ
3296 3305 3467 3375 ὑμῶν.
3500 3302 3616 3357 »Τὸ
3643 3303 3745 3357 λα-

2163 3404 2274 3459 λεῖν
2306 3403 2475 3458 πολλά
2510 3403 2758 3474 μίσησον,
2791 3400 2887 3455 καὶ
2922 3399 3121 3471 μᾶλλον
3160 3398 3442 3468 ἁγάπησον
3473 3396 3570 3451 τοῦ
3604 3414 3744 3450 σιω-

2165 3494 2290 3564 πᾷν.
2315 3492 2425 3545 Καὶ
2449 3489 2701 3561 εὔχεσθαι
2728 3491 2786 3542 ἐν
2817 3491 2884 3559 τῇ
2914 3487 3114 3561 καρδία
3148 3503 3265 3550 σου,
3301 3486 3396 3539 καὶ
3421 3485 3577 3553 λέγε·
3616 3503 3639 3536 ι
3685 3486 3745 3539 Ὁ

2163 3584 2315 3648 Θεὸς,
2361 3582 2606 3652 ἱλάσθητί
2633 3599 2720 3652 μοι
2747 3579 2824 3652 τῷ
2855 3578 3177 3651 ἁμαρτωλῷ.
3215 3598 3234 3630 ι
3268 3578 3513 3647 Μίσησον
3552 3577 3613 3631 δὲ
3647 3578 3747 3630 καὶ

2162 3676 2261 3739 τὰς
2302 3674 2628 3737 οίνοποσίας,
2685 3673 2779 3728 καὶ
2825 3654 3186 3740 πολυφαγίας.
3225 3670 3469 3739 Μίσησον
3513 3669 3610 3721 καὶ
3648 3668 3748 3721 τὸν

2164 3767 2522 3840 καθαρισμὸν,
2566 3765 2660 3819 καὶ
2705 3764 2798 3818 τὸν
2828 3762 3103 3835 ὁρχηθμὸν
3134 3760 3324 3830 φεῦγε,
3349 3761 3444 3814 καὶ
3471 3759 3572 3821 τὰς
3599 3778 3745 3831 τρα-

2166 3859 2385 3930 γῳδίας,
2416 3859 2600 3913 ἐκεῖνα
2632 3856 2726 3909 τοῦ
2759 3854 3005 3909 διαϐόλου
3038 3854 3154 3906 ἐστὶ
3191 3851 3437 3917 παίγνια.
3466 3850 3571 3903 Τὸν
3601 3850 3741 3903 καλ-

2165 3951 2441 4021 λωπισμὸν
2457 3949 2564 4003 τῶν
2579 3949 2806 4020 ἱματίων
2831 3947 3078 4017 μίσησον,
3096 3944 3227 4016 μηδὲ
3240 3945 3338 4015 τὴν
3353 3943 3580 4015 βλακίαν
3598 3943 3712 4008 ἀγα
3727 3973 3746 3984 ο

2167 4022 2389 4117 πήσοιςέ
2418 4043 2554 4097 ἀλλὰ
2591 4040 2788 4112 μᾶλλον
2835 4035 3351 4109 ταπεινοφροσύνην,
3387 4035 3481 4089 καὶ
3516 4034 3746 4088 τελείαν

2168 4138 2278 4208 ('58)
2326 4136 2413 4190 διὰ
2447 4135 2539 4188 τὸν
2560 4132 2711 4197 Θεὸν,
2739 4131 2823 4184 ἵνα
2856 4129 3064 4184 ἐκεῖθεν
3094 4129 3287 4200 ἐνδύσῃ
3308 4131 3336 4181 ὁ
3357 4128 3615 4199 Χριστὸς,
3644 4128 3748 4180 καὶ

2166 4228 2295 4292 Θεὸς
2330 4226 2483 4298 ὑμῶν
2517 4225 2707 4295 στολὴν
2737 4222 2915 4293 δόξης,
2952 4220 3149 4291 ἔνδυμα
3184 4218 3508 4291 ἀφθαρσίας,
3541 4217 3749 4286 στέφα-

2172 4337 2261 4374 νον
2280 4318 2528 4383 κάλλους,
2548 4317 2782 4388 διάδημα
2817 4312 3076 4386 βασιλέως
3096 4331 3108 4343 ·
3147 4312 3235 4366 ἵνα
3264 4312 3383 4365 τότε
3404 4311 3503 4384 ἔχῃ
3529 4310 3562 4379 η
3590 4310 3747 4381 ψυχή

505 4403 736 4471 tudinis,
774 4404 1024 4459 diadema
1067 4402 1245 4473 regis;
1288 4408 1347 4456 ut
1384 4408 1498 4455 tum
1528 4400 1723 4455 habeat
1768 4400 1946 4453 anima
1973 4407 2057 4454 tua

2170 4430 2259 4466 σου
2283 4410 2590 4483 παρρησίαν
2611 4410 2745 4480 πρὸς
2776 4408 2865 4461 τὸν
2889 4406 3042 4468 Θεὸν,
3068 4405 3297 4474 λέγουσα
3315 4420 3331 4435 ο
3360 4402 3557 4472 Κύριε,
3582 4404 3647 4455 ἐν
3668 4402 3750 4473 τῷ

507 4496 762 4553 ﬁduciam
787 4510 915 4566 erga
944 4494 1135 4560 Deum,
1175 4494 1364 4549 dicens
1397 4509 1410 4545 :
1440 4492 1687 4559 Domine,
1716 4492 1788 4547 ob
1816 4498 2062 4547 sanctum

507 4603 703 4645 nomen
732 4594 888 4642 tuum
930 4586 1115 4639 multis
1149 4585 1206 4639 in
1242 4585 1346 4640 hoc
1392 4598 1533 4639 vano
1578 4582 1781 4638 mundo
1811 4582 1957 4653 egui,
2007 4590 2067 4636 ut

507 4696 735 4753 regnum
767 4680 1065 4749 acciperem
1104 4685 1254 4732 tuum
1301 4690 1472 4746 eoque
1507 4676 1732 4744 fruerer,
1754 4675 1846 4729 .mi
1884 4675 2067 4730 Domi-

507 4791 596 4832 ne.
638 4773 775 4830 Tum
802 4771 1151 4843 respondebit
1181 4769 1440 4824 Dominus
1471 4766 1720 4823 Christus
1751 4786 1765 4823 :
1800 4764 1857 4821 Si
1888 4775 1946 4821 tu
1971 4782 2066 4838 pa-

509 4880 630 4922 rum
680 4863 963 4927 laborasti,
1014 4861 1185 4915 multa
1244 4860 1541 4930 praeparavi
1593 4859 1729 4924 tibi;
1781 4858 1876 4915 sed
1926 4859 2067 4912 intra

508 4957 565 5012 in
589 4956 882 5012 thalamum
909 4954 1094 5026 gloria:
1122 4966 1274 5017 meae,
1305 4962 1464 5022 atque
1489 4952 1559 5008 iis
1584 4951 1764 5007 fruere
1786 4967 1905 5022 quae
1933 4965 2068 5006 ocu-

512 5051 598 5107 lus
632 5065 744 5105 non
769 5048 926 5113 vidit,
956 5061 1057 5103 nec
1093 5046 1245 5101 auris
1290 5045 1516 5110 audivit,
1543 5060 1645 5101 nec
1678 5046 1735 5100 in
1763 5059 1860 5100 cor
1892 5044 2069 5100 homi-

510 5142 599 5197 nis
635 5139 903 5204 ascendit,
944 5154 1066 5208 qua:
1113 5137 1411 5207 praeparavi
1440 5137 1787 5208 diligentibus
1837 5151 1943 5201 me,
1985 5142 2069 5188 at-

513 5250 618 5303 que
644 5232 952 5288 amantibus
980 5248 1177 5287 nomen
1232 5238 1481 5288 sanctum
1514 5246 1693 5287 meum
1734 5233 1799 5284 “.
1835 5229 1968 5284 Tum
2002 5230 2067 5283 iis

512 5323 812 5394 perfrueris
843 5338 969 5379 cum
1019 5323 1204 5380 choris
1242 5332 1555 5380 sanctorum
1586 5323 1933 5394 angelorum;
1989 5336 2071 5375 ar-

2168 4505 2355 4575 κόσμῳ
2382 4502 2556 4571 τούτῳ
2585 4500 2662 4571 τῷ
2702 4497 2914 4570 ματαίῳ
2952 4495 3041 4550 διὰ
3069 4496 3132 4549 τὸ
3160 4494 3332 4565 ὄνομά
3368 4510 3464 4547 σου
3491 4492 3553 4545 τὸ
3582 4494 3751 4561 ἅγιον

2168 4594 2338 4651 πολλὰ
2386 4591 2708 4663 ὑστερήθην,
2748 4590 2836 4643 ἵνα
2871 4588 2971 4660 τὴν
3004 4586 3276 4659 βασιλείαν
3323 4603 3417 4639 σου
3457 4585 3749 4650 ἀπολάϐω,

2167 4686 2260 4740 καὶ
2293 4681 2602 4744 ἀπολαύσω,
2660 4678 2923 4732 Δέσποτα.
2970 4675 3080 4729 Καὶ
3108 4675 3229 4728 τότε
3262 4676 3378 4744 ἐρεῖ
3411 4675 3441 4725 ὁ
3464 4674 3751 4743 Δεσπότης

2167 4773 2398 4847 Χριστὸς
2456 4768 2653 4838 λέγων’
2700 4767 2765 4820 Εί
2830 4766 2893 4819 σὺ
2936 4764 2991 4818 δὲ
3041 4762 3199 4831 ὀλίγα
3237 4759 3481 4825 ἐκοπίας,
3522 4758 3749 4829 (πολλὰ)

2174 4862 2451 4935 ἡτοίμασάι
2501 4876 2583 4914 σοι
2605 4875 2620 4890 ο
2656 4856 2790 4912 ἀλλὰ
2833 4854 3041 4909 εἴσελθε
3092 4855 3171 4916 εἰς
3214 4852 3304 4905 τὸν
3349 4850 3617 4921 νυμφῶνα
3644 4851 3748 4921 τῆς

2173 4955 2328 5026 δόξης
2359 4971 2480 5026 μου,
2530 4952 2625 5007 καὶ
2675 4948 2974 5005 ἀπόλαυσον
2997 4945 3033 5000 ἃ
3060 4943 3335 5015 ὀφθαλμὸς
3363 4943 3463 4995 οὐκ
3486 4937 3619 5005 εἶδε,
3650 4943 3748 4994 καὶ
3824 5016 3831 5025 ι

2173 5043 2266 5110 οὖς
2322 5046 2423 5099 οὐκ
2468 5044 2687 5115 ἢκουσε,
2738 5040 2831 5095 καὶ
2878 5039 2974 5092 ἐπὶ
3021 5036 3245 5109 καρδίαν
3306 5033 3596 5105 ἀνθρώπου
3643 5034 3749 5085 οὐκ

2172 5139 2369 5210 ἀνέσηο
2401 5138 2501 5191 ὅσα
2534 5133 2808 5207 ἡτοίμασα
2850 5132 2964 5194 τοῖς
2999 5125 3253 5199 ἀγαπῶσι
3274 5142 3365 5197 με,
3397 5125 3494 5178 καὶ
3516 5122 3759 5177 ποθοῦσι

2170 5234 2234 5288 τὸ
2284 5229 2456 5302 ὄνομα
2500 5245 2607 5300 μου
2634 5226 2696 5281 τὸ
2722 5226 2895 5295 ἅγιον.
2923 5224 3035 5280 Καὶ
3068 5221 3192 5276 τότε
3236 5216 3566 5279 ἀπολαύσεις
3600 5212 3750 5285 μετὰ

2173 5318 2347 5393 χορῶν
2396 5316 2567 5385 ἁγίων
2602 5313 2866 5384 ἀγγέλων,
2910 5313 3004 5368 καὶ
3047 5307 3421 5384 ἀρχαγγέλων,
3472 5306 3567 5360 καὶ
3600 5320 3753 5376 μαρ-

589 5480 632 5512 ⁸¹
667 5481 826 5535 Prov.
860 5494 949 5545 κν,
985 5480 1072 5535 18.
1148 5480 1192 5511 ⁸³
1229 5479 1418 5538 Matth.
1453 5495 1608 5544 xvm,
1642 5479 1695 5535 '5.
1774 5478 1820 5511 “
1859 5476 2057 5549 Ephes.

2158 5514 2166 5541 ,
2204 5472 2293 5528 26.
2336 5471 2418 5507 -“
2453 5469 2584 5524 Luc.
2620 5482 2780 5529 xvnt,
2820 5466 2915 5535 l5.
2981 5465 3025 5497 “
3053 5463 3077 5517 l
3103 5462 3211 5519 Car
3270 5477 3331 5525 η,
3361 5459 3417 5514 9.

590 5633 699 5705 (δη
736 5602 914 5691 Cocus
941 5634 1244 5690 intricatus.

2247 5626 2357 5697 ('58)
2399 5623 2456 5677 F.
2489 5621 2778 5676 εὐτέλειαν.
