3878 6208
236 203 379 260 1113
1102 198 1191 254 DE
1221 197 1487 255 SANGTA
1522 196 1767 259 ’ΤΒΙΝῘΤΑ

1943 195 2213 255 MALOGI.
2251 224 2321 241 -—
2344 193 2761 253 ADMONITIO..
3331 197 3355 251 1
3372 194 3474 257 HL

231 340 430 396 τυρων,
459 337 553 376 και
583 319 798 376 πάντων
825 319 932 375 τῶν
954 320 1145 389 ἁγίων.
1177 321 1311 376 Τότε
1337 323 1451 393 ἐρεῖ
1474 303 1509 374 6
1521 320 1762 390 Δεσπὸτη

1936 319 2306 391 hangelorum,
2355 324 2659 389 martyrum
2722 321 2778 372 et
2828 315 3069 373 omnium
3132 322 3467 371 sanctorum.

231 414 484 487 Χριστὸς,
516 415 627 477 τοῖς
647 412 1072 483 ἀγωνισαμένοις
1086 412 1172 467 διὰ
1199 412 1260 466 τὸ
1278 412 1448 483 ὄνομα
1471 412 1654 476 αὑτοῦ,
1690 414 1762 465 rei

1938 412 2026 466 lace
2056 412 2201 466 dicet
2245 410 2508 466 Dominus
2551 408 2804 464 Christus
2846 408 2915 463 iis
2954 407 3048 478 qui
3098 414 3322 477 propter
3366 421 3469 460 no-

236 506 310 578 μὴ
359 506 606 578 ὁμόσασι,
641 508 752 569 τοίς
785 506 861 579 μὴ
899 507 1146 571 κλέψασι,
1177 508 1291 569 τοῖς
1336 507 1410 577 μὴ
1442 505 1767 577 πορνεύσασι

1939 520 2022 559 ten
2062 520 2223 561 suum
2276 504 2701 567 decertavcrint,
2734 502 2827 571 qui
2872 515 2983 555 non
3016 500 3338 570 iuraverint,
3368 512 3470 552 nec

230 601 343 660 τοῖς
365 599 439 669 μὴ
463 597 838 668 ψευσαμένοις,
875 602 985 663 τοῖς
1013 599 1085 671 μὴ
1138 599 1307 673 ὀργὴν
1340 600 1433 654 καὶ
1456 598 1629 669 λύπην
1661 597 1761 669 πρὸ

1940 597 2084 660 irati,
2120 594 2401 661 fornicati,
2444 594 2659 649 mentiti
2692 591 2916 654 fuerint,
2963 590 3060 662 qui
3095 604 3205 645 non
3261 588 3325 642 ad
3358 589 3471 642 ira—

231 689 323 741 τὸν
358 689 582 760 πλησίον
614 689 892 760 ποιήσασι,
943 692 1056 755 τοῖς
1095 690 1346 761 ἐλεήσασι
1388 690 1512 754 τοὺς
1536 691 1762 761 πένητας

1936 684 2156 739 undiam
2214 685 2299 739 vel
2358 683 2637 738 tristitiam
2714 682 3025 753 proximum
3097 680 3467 752 provocarint,

233 782 326 833 καὶ
354 781 427 852 μὴ
456 781 826 851 ἀποστρέψασι
875 783 938 837 τὸ
969 783 1258 854 πρόσωπον
1282 783 1460 837 αὐτῶν
1490 783 1584 838 ἀπ’
1614 781 1764 837 αὑτῶ

1939 777 1989 829 ui
2047 776 2475 832 misericordiam
2506 790 2636 846 erga
2668 788 2936 845 pauperes
2974 773 3339 834 exercuerim,
3374 771 3467 839 qui

235 873 497 944 ἀλλήλων.
526 870 599 944 ᾯ
655 877 687 944 ἡ
738 874 864 942 δόξα.
891 877 986 931 καὶ
1010 878 1070 930 τὸ
1099 878 1298 941 κράτος
1329 878 1409 940 εἰς
1445 878 1570 940 τοὺς
1590 876 1766 933 αἰῶνας

1946 883 2004 921 3n
2036 881 2068 920 ε
2119 865 2384 937 proximis
2443 866 2559 921 suis
2597 865 2804 918 vultum
2842 862 3137 917 averterint
3170 876 3350 916 suum.
3386 859 3477 913 Illi.

233 962 341 1019 τῶν
369 963 594 1020 αἰώνων.
644 964 832 1037 Ἀμήν.

1931 958 2066 1012 loria
2103 965 2157 1011 et
2188 958 2473 1027 imperium
2534 957 2589 1010 in
2647 955 2846 1012 saecula
2883 954 3225 1010 saeculorum.
3267 953 3459 1008 Amen.

336 1400 459 1487 IN
539 1401 1093 1506 QUINQUE
1170 1400 1765 1495 DIALOGOS
1835 1403 2535 1509 SEQUENTES
2607 1402 3352 1496 ADMONITIO.

302 1574 343 1630 Ι.
378 1576 606 1631 Multum
652 1577 949 1646 discrepant
974 1579 1028 1632 in
1053 1578 1296 1633 horumce
1324 1578 1667 1651 Dialogorum
1698 1581 2039 1654 inscriptione
2066 1581 2266 1636 codices
2299 1597 2317 1635 :
2354 1581 2477 1637 aliis
2516 1581 2834 1643 Athanasio,
2867 1580 3106 1636 Maximo
3135 1590 3309 1635 autem
3339 1580 3472 1635 aliis

230 1669 604 1739 referentibus;
639 1672 761 1725 aliis
807 1672 1016 1725 demum
1062 1675 1256 1728 nemini
1284 1674 1679 1729 ascribentibus.
1715 1675 1817 1730 Sed
1848 1679 2154 1747 priusquam
2180 1678 2303 1747 quid
2332 1678 2481 1732 nobis
2511 1678 2580 1732 sit
2609 1677 2706 1731 hac
2735 1676 2798 1730 de
2830 1693 2884 1731 re
2915 1677 3174 1745 opinionis
3223 1676 3475 1745 profera~

232 1778 373 1826 mus,
407 1761 655 1815 audiendi
702 1772 823 1816 sunt
862 1764 951 1833 qui
985 1763 1135 1818 hosce
1160 1764 1410 1835 Dialogus
1443 1766 1666 1821 edidere.
1701 1765 1813 1820 Hoc
1840 1783 1967 1836 opus
2011 1765 2189 1821 (ἔνατα
2216 1776 2265 1820 et
2289 1765 2475 1821 Latine
2512 1767 2775 1836 publicum
2806 1765 2930 1830 fecit
2961 1765 3264 1825 Theodorus
3294 1766 3467 1826 Beza,

232 1870 372 1907 anno
399 1854 555 1917 1570,
580 1856 711 1925 typis
740 1863 789 1910 et
812 1872 967 1925 opera
1001 1855 1217 1911 Henrici
1258 1856 1524 1926 Stephani.
1555 1859 1692 1913 Hinc
1726 1860 2073 1914 Commeliani
2113 1860 2386 1914 ediderunt
2413 1878 2550 1914 anno
2586 1860 2740 1922 1600,
2773 1875 2836 1913 ac
2863 1857 3101 1928 deinceps
3131 1861 3185 1913 in
3222 1858 3464 1912 omnibus

244 1945 662 2002 Gnaeo-Latinis
692 1947 846 2002 editis
896 1965 1080 2003 cusum
1108 1950 1231 2019 fuit.
1265 1950 1486 2005 Demum
1524 1950 1866 2021 Combeﬁsius
1893 1953 2029 2006 inter
2058 1968 2214 2022 opera
2244 1951 2470 2004 Maximi
2497 1951 2681 2011 edidit,
2719 1949 3058 2022 Maximoque
3086 1965 3181 2018 pro
3212 1949 3475 2017 facultate.

244 2038 541 2094 vindicavit.
573 2039 677 2105 Qui
709 2042 857 2123 prior
889 2042 1113 2113 vulgavit
1145 2043 1337 2099 Theod.
1367 2044 1507 2099 Beza
1539 2046 1649 2099 lucc
1679 2045 1936 2114 prafatur
1964 2061 1982 2099 :
2015 2044 2265 2114 Quinque
2289 2045 2513 2100 istorum
2556 2044 2896 2115 Dialogorum
2924 2043 3199 2114 exemplar
3225 2044 3280 2097 in
3314 2050 3467 2096 vetu-

231 2133 494 2188 stissimis
528 2135 860 2191 membranis
894 2135 1249 2207 descriptum,
1281 2137 1541 2193 divinitus
1570 2138 1751 2208 potius
1785 2154 1945 2208 quam
1982 2153 2109 2192 casu
2146 2153 2175 2191 a
2205 2137 2451 2192 Graeculo
2482 2139 2715 2207 quodam
2756 2139 2857 2191 hac
2907 2145 3222 2191 transeunte
3254 2136 3468 2191 redem-

228 2233 406 2294 ptum,
439 2227 861 2282 communicavit
893 2228 1023 2281 mihi
1055 2229 1425 2300 amplissimus
1458 2228 1622 2299 hujus
1647 2230 1879 2284 civitatis
1902 2237 2126 2285 senatus
2164 2249 2177 2283 :
2210 2229 2353 2300 quod
2374 2230 2698 2299 quibusdam
2726 2228 2861 2283 locis
2898 2228 3166 2290 mutilum,
3188 2228 3469 2282 nonnullis

226 2318 418 2383 etiam,
445 2318 539 2374 sed
588 2320 962 2389 paucissimis,
996 2318 1352 2391 depravatum
1403 2320 1583 2376 inveni
1618 2336 1728 2376 :eo
1776 2330 2022 2392 excepto,
2049 2320 2194 2390 quod
2232 2322 2456 2393 γενητὸς
2480 2331 2532 2375 et
2561 2320 2820 2390 ἀγένητος
2878 2335 3021 2390 saepe
3071 2320 3329 2389 scriptum
3383 2330 3471 2377 est

225 2428 330 2486 pro
358 2416 614 2486 γεννητὸς
643 2423 700 2471 et
733 2416 1026 2488 ἀγέννητος
1065 2434 1078 2470 :
1115 2417 1171 2470 in
1215 2416 1412 2487 quibus
1460 2416 1834 2487 permutandis
1874 2416 2085 2471 voculis
2112 2415 2433 2470 Eunomiani
2486 2431 2663 2470 causa:
2691 2430 2803 2470 suae
2832 2416 3131 2471 servientes
3157 2415 3412 2471 ludebant
3446 2438 3459 2471 :

224 2524 366 2579 quas
403 2525 503 2581 ego
545 2510 753 2566 idcirco
780 2510 995 2567 Grazcas
1026 2511 1082 2566 in
1104 2512 1317 2568 duobus
1347 2512 1537 2582 primis
1562 2510 1793 2583 dialogis
1835 2511 2050 2581 reliqui,
2082 2510 2254 2566 donec
2281 2511 2533 2565 videlicet
2566 2510 2713 2564 hunc
2749 2524 2989 2564 errorem
3019 2508 3176 2578 plane
3207 2509 3455 2564 animad-

158 2666 163 2671 ‘
236 2601 545 2658 vertissem.
575 2602 818 2669 Quatuor
852 2620 921 2659 ex
951 2605 1072 2661 istis
1109 2606 1343 2674 priores,
1369 2604 1672 2660 Athanasio
1702 2604 1782 2658 illi
1814 2603 2035 2676 (Magno
2066 2604 2334 2674 videlicet)
2365 2611 2493 2660 sunt
2518 2604 2762 2674 inscripti
2803 2623 2816 2659 :
2853 2604 3069 2660 etiamsi
3094 2605 3267 2658 aliena
3302 2618 3470 2655 manu,

224 2693 545 2748 adnotatum
578 2705 695 2750 erat
725 2695 789 2750 ad
824 2697 982 2766 primi
1013 2695 1210 2767 dialogi
1239 2697 1562 2766 marginem,
1585 2696 1688 2750 Τὸν
1716 2714 1755 2749 π

1925 2715 1958 2750 ει
1984 2697 2230 2765 διάλογον
2269 2698 2316 2749 οἰ
2350 2696 2448 2767 μὲν
2490 2696 2826 2760 Ἀθανασίου,
2868 2699 2915 2749 οἱ
2943 2696 2999 2749 δὲ
3030 2696 3281 2766 Μαξίμου
3321 2689 3456 2749 εἶναι

223 2787 500 2855 λέγουσιν·
533 2796 587 2842 et
612 2787 844 2843 habebat
873 2789 1035 2842 etiam
1085 2788 1221 2842 liber
1251 2788 1341 2842 ille
1380 2786 1597 2841 Maximi
1656 2788 1939 2854 nonnulla,
1973 2788 2092 2858 ejus
2123 2788 2400 2853 videlicet,
2427 2788 2521 2858 qui
2555 2788 2740 2842 multis
2777 2793 2898 2858 post
2925 2787 3277 2841 Athanasium
3305 2784 3464 2838 annis

222 2878 728 2950 Monophysitarum
762 2879 1012 2934 haeresim
1044 2879 1322 2934 refutavit.
1355 2878 1517 2934 Certe
1547 2878 1683 2932 nihil
1708 2880 1931 2944 habent,
1955 2894 2078 2935 meo
2109 2879 2340 2949 judicio,
2373 2880 2654 2935 Athanasii
2682 2880 2766 2935 vel
2792 2881 3009 2935 nomine
3050 2879 3353 2949 indignum,
3376 2878 3467 2945 vel

222 2970 561 3041 temporibus
584 2985 693 3025 non
722 2983 1031 3040 congruens
1058 2987 1070 3022 :
1095 2968 1344 3038 quamvis
1368 2978 1553 3039 postea
1588 2968 1761 3038 magis
1792 2969 2027 3040 grassati
2060 2969 2361 3039 rideantur:
2386 2970 2805 3040 Apollinaristaz,
2830 2980 2884 3025 et
2914 2970 3211 3025 Macedonii
3243 2970 3469 3025 haeresis

223 3062 564 3117 mcumenico
594 3061 811 3127 demum
847 3063 1085 3118 concilio
1116 3064 1219 3117 sub
1264 3061 1571 3118 Theodosio
1600 3062 1794 3134 Magno
1827 3063 1989 3119 fuerit
2028 3067 2355 3136 proscripta.
2390 3064 2626 3132 Quintus
2659 3081 2788 3120 vero
2826 3081 2933 3120 non
2968 3075 3075 3120 tam
3108 3065 3354 3136 dialogus
3382 3075 3466 3121 est

224 3174 390 3229 quam
439 3159 820 3231 compendium
866 3158 1255 3235 quoddamnut
1296 3166 1542 3229 apparet,
1576 3160 1661 3214 vel
1689 3160 1758 3214 ab
1789 3160 1912 3231 ipso
1941 3159 2226 3231 Gregorio,
2266 3168 2396 3232 puta
2438 3159 2805 3226 Nazianzeno,
2838 3163 3107 3217 acerrimo
3135 3162 3463 3231 Apollinari-

224 3258 436 3308 starum
483 3259 854 3322 oppugnatore
880 3248 962 3322 (ut
988 3265 1055 3305 ex
1088 3248 1259 3319 ipsius
1283 3248 1349 3303 ad
1378 3247 1698 3303 Cledonium
1731 3248 1962 3319 epistola
2001 3249 2221 3321 liquet),
2259 3241 2419 3321 407
2455 3251 2538 3305 vel
2577 3266 2643 3305 ex
2672 3251 2854 3321 aliqua
2896 3252 3069 3321 ipsius
3095 3252 3469 3323 disputatione

221 3351 563 3414 excerptum.
595 3341 733 3397 Sunt
759 3349 938 3397 autem
963 3351 1112 3396 certe
1150 3340 1206 3394 in
1231 3338 1317 3395 his
1346 3338 1586 3410 Dialogis
1620 3338 1852 3394 obscura
1874 3338 2144 3408 quaedam,
2174 3348 2229 3395 et
2255 3356 2376 3412 quae
2405 3340 2625 3396 aliunde
2662 3341 2810 3395 illata
2839 3343 2960 3396 luce
2983 3342 3278 3413 indigeant.
3307 3344 3468 3411 Quod

222 3444 281 3491 et
311 3436 359 3493 si
384 3451 531 3491 nunc
564 3451 595 3489 a
628 3450 733 3499 me,
765 3434 907 3490 sicut
933 3434 1001 3488 ab
1022 3433 1175 3489 initio
1207 3432 1623 3497 constitueram,
1646 3432 1893 3502 praestari
1918 3447 2028 3486 non
2060 3433 2257 3502 potuit,
2294 3433 2445 3488 brevi
2479 3440 2771 3498 tamengut
2809 3447 2990 3502 spero,
3019 3441 3073 3488 et
3105 3435 3320 3503 quidem
3351 3450 3467 3491 non

226 3528 349 3583 sine
383 3526 567 3581 fenore
607 3524 974 3595 praestabitur.
1002 3522 1060 3578 In
1086 3523 1197 3580 illis
1224 3524 1368 3579 enim
1396 3524 1633 3578 citantur
1681 3523 1941 3577 nonnulla
1973 3521 2271 3594 Scriptum
2306 3524 2622 3580 testimonia
2669 3541 2779 3579 non
2816 3526 2952 3580 satis
3001 3525 3288 3595 apposite:
3316 3527 3468 3596 quod

224 3617 481 3673 omnibus
532 3617 748 3671 illorum
791 3624 1097 3684 temporum
1145 3614 1529 3685 scriptoribus,
1556 3620 1672 3668 tum
1701 3612 1907 3670 Graecis
1958 3621 2073 3669 tum
2118 3613 2351 3682 Latinis,
2376 3615 2697 3684 saapiuscule
2732 3616 2932 3681 evenit,
2973 3616 3099 3670 dum
3131 3616 3467 3686 posteriores

223 3709 363 3780 ipsis
417 3709 533 3763 ocis
613 3722 725 3761 non
777 3705 1058 3776 inspectis,
1096 3706 1342 3775 priorum
1393 3704 1621 3775 vestigia
1677 3712 1985 3774 sequuntur
2020 3722 2034 3759 :
2068 3719 2131 3759 ac
2157 3705 2353 3775 partim
2416 3705 2603 3770 etiam,
2640 3704 2787 3776 quod
2843 3704 3031 3761 Graeca
3068 3706 3255 3773 editio,
3297 3723 3463 3777 quam

226 3799 580 3872 Septuaginta
613 3806 830 3865 vocant,
856 3798 1105 3870 quamvis
1136 3798 1366 3854 inﬁnitis
1396 3797 1532 3853 locis
1564 3796 1803 3862 falsa,ac
1833 3797 2108 3853 interdum
2139 3799 2302 3853 etiam
2331 3798 2569 3854 ridicula
2592 3808 2648 3853 et
2678 3799 2882 3869 inepta,
2907 3799 2962 3854 in
2992 3799 3252 3857 Ecclesiis
3280 3808 3468 3857 tamen

223 3894 530 3956 obtineret;
575 3892 713 3946 tanti
760 3900 845 3947 est
897 3891 1156 3946 momenti
1195 3906 1260 3946 ex
1306 3889 1548 3946 fontibus
1597 3889 1732 3960 ipsis
1784 3891 2068 3946 veritatem
2123 3889 2363 3945 haurire.
2395 3890 2512 3945 Huc
2546 3891 2707 3945 etiam
2736 3890 2935 3946 accidit
2957 3900 3217 3963 perpetua
3244 3893 3463 3948 illorum

224 3996 529 4057 temporum
562 3987 734 4051 labes,
766 3984 1004 4039 studium
1049 3983 1300 4039 videlicet
1341 3981 1722 4053 allegoriarum
1771 3982 2022 4046 nimium,
2056 3981 2203 4050 quod
2233 3982 2435 4051 passim
2477 3982 2621 4051 apud
2674 3991 2884 4037 veteres
2932 3981 3120 4039 multis
3164 3984 3470 4055 Scriptum:

176 4078 178 4080 ’
228 4079 366 4134 locis
421 4077 781 4148 depravandis
832 4076 1174 4132 occasionem
1224 4074 1525 4146 praebuisse
1580 4079 1813 4128 constat.
1860 4072 1964 4127 Sed
2019 4073 2134 4128 haec
2179 4074 2360 4128 omnia
2400 4073 2558 4129 facile
2600 4074 2767 4128 veluti
2815 4074 3023 4144 aperiet
3050 4076 3166 4146 ipsa
3199 4075 3469 4133 doctrinae

226 4171 543 4226 orthodoxa:
571 4171 790 4237 veritas,
828 4170 1157 4225 ﬁrmissimis
1186 4184 1249 4223 ac
1277 4168 1627 4225 solidissimis
1661 4168 1998 4237 argumentis
2027 4166 2273 4223 defensa.

302 4261 565 4317 Hactenus
609 4262 770 4325 Beza,
803 4263 997 4327 minus,
1046 4264 1124 4315 uti
1173 4261 1329 4326 solet,
1360 4260 1529 4316 sobrie
1574 4260 1637 4316 de
1673 4259 1827 4315 LXX
1873 4260 2102 4314 versione
2129 4259 2352 4314 locutus.
2376 4257 2458 4312 Ad
2484 4258 2593 4311 haec
2632 4256 3020 4314 Felckmannus
3054 4261 3107 4314 in
3139 4263 3278 4317 notis
3322 4266 3461 4321 edit.

223 4354 452 4422 Comm.,
483 4373 536 4425 p.
566 4356 634 4410 34
664 4375 677 4411 :
709 4355 790 4411 Ad
831 4371 893 4411 ea
923 4371 1043 4426 quae
1071 4356 1337 4425 interpres
1362 4357 1419 4410 in
1458 4354 1609 4425 praef.
1656 4369 1755 4412 sua
1791 4355 2025 4420 monuit,
2075 4354 2276 4410 addere
2304 4353 2480 4410 visum
2515 4359 2600 4409 est
2640 4361 2694 4407 et
2739 4354 2873 4409 haec.
2914 4353 3119 4411 Praeter
3163 4358 3456 4415 editionem

223 4448 598 4518 Stephanaeam
644 4459 698 4505 et
731 4451 974 4506 codicem
1022 4451 1175 4507 illum
1225 4458 1498 4508 vetustum
1548 4465 1663 4523 quo
1704 4451 1823 4522 ipse
1868 4451 2139 4520 interpres
2181 4450 2313 4504 olim
2345 4464 2480 4505 usus
2513 4459 2618 4515 est,
2653 4450 2947 4506 habuimus
2997 4452 3163 4507 etiam
3213 4454 3465 4510 codicem

221 4542 553 4611 Palatinum,
584 4548 679 4617 qui
710 4547 814 4603 hos
855 4546 1109 4618 Dialogos
1139 4547 1383 4619 integros
1420 4547 1629 4612 habuit,
1655 4546 1765 4601 imo
1795 4546 2090 4617 pleniores,
2123 4553 2182 4600 ut
2214 4561 2269 4616 p-.
2296 4544 2400 4599 169
2424 4545 2689 4599 monitum
2723 4555 2806 4601 est
2836 4546 2972 4614 (39),
2999 4556 3052 4602 et
3092 4549 3262 4601 alium
3296 4548 3462 4603 Pala-

219 4640 325 4694 tin.
354 4647 408 4695 et
433 4641 733 4712 Augustan.
765 4642 858 4712 qui
886 4640 1244 4711 fragmentum
1281 4649 1494 4695 tantum
1527 4641 1729 4712 dialogi
1757 4640 1795 4694 2
1815 4642 2119 4705 continent,
2157 4640 2320 4709 idque
2358 4647 2419 4693 ut
2443 4639 2658 4695 videtur
2691 4640 2868 4696 solum
2897 4643 3118 4713 γνήσιον
3147 4643 3454 4708 Athanasii,

224 4740 285 4785 ut
315 4732 380 4786 ad
402 4747 456 4801 p.
488 4731 590 4785 166
618 4733 847 4802 amplius
884 4731 1152 4787 dicemus.
1175 4730 1320 4787 Sane
1342 4731 1576 4787 Palatin.
1608 4732 1755 4787 code:

1934 4733 2134 4796 missis,
2166 4730 2417 4800 Μαξίμου
2452 4730 2686 4802 μοναχοῢ
2715 4732 2829 4802 ὅροι
2859 4731 3124 4804 διάφοροι,
3160 4743 3465 4806 posteaque

222 4821 510 4890 subjectis,
559 4821 744 4885 οὐσίας
797 4823 891 4875 καὶ
953 4821 1187 4890 φύσεως,
1241 4822 1603 4876 ὲνυποστάτου
1656 4822 1983 4893 ὁμοουσίου,’
2009 4819 2296 4883 οὑσιὼδους
2356 4820 2597 4885 ἑνώσεως
2649 4824 2742 4875 καὶ
2794 4823 3056 4894 διαφορᾶς
3107 4825 3457 4890 ὑποστάσεως

220 4912 485 4978 ἐνουσίου,
515 4919 570 4967 et
597 4912 854 4967 similium
881 4914 1089 4985 aliquot
1114 4914 1472 4969 terminorum
1503 4913 1932 4984 theologicorum
1964 4911 2390 4974 deﬁnitionibus,
2432 4912 2614 4966 statim
2647 4913 2745 4968 hos
2780 4913 3032 4984 Dialogos
3063 4914 3268 4985 absque
3290 4916 3461 4993 ullius

218 5008 448 5064 alterius
476 5009 716 5064 auctoris
742 5008 1016 5066 mentione
1041 5008 1339 5064 submittit.
1362 5008 1479 5064 [mo
1496 5007 1797 5080 Gregorius.
1818 5005 2271 5079 Πρωτοσύγγελος
2295 5006 2381 5078 (de
2405 5023 2515 5077 quo
2541 5022 2706 5076 supra
2736 5007 2804 5062 ad
2837 5023 2891 5077 p.
2918 5008 3041 5078 180)
3072 5023 3329 5079 expresse
3353 5009 3457 5065 hos

215 5101 472 5175 malogos
493 5101 724 5158 Maximo
747 5103 955 5159 tribuit.
973 5102 1130 5171 Quod
1160 5104 1337 5175 ipsum
1369 5104 1694 5159 conﬁrmare
1726 5103 1938 5159 videtur
1956 5110 2011 5157 et
2033 5100 2188 5165 illud,
2218 5102 2365 5171 quod
2389 5117 2511 5173 pag.
2547 5101 2669 5165 180,
2694 5100 2762 5164 A,
2789 5101 2958 5156 tacite
2977 5102 3225 5156 innuitur
3248 5103 3456 5157 atlditio

217 5194 290 5248 ad
323 5192 635 5266 Symbolum
681 5193 981 5261 Nicaznum,
1015 5196 1156 5251 facta
1190 5197 1245 5250 in
1282 5194 1495 5267 synodo
1522 5212 1582 5260 ii,
1615 5194 1950 5249 oecumenica
1974 5192 2395 5260 Constantinop.
2429 5193 2532 5246 sub
2562 5191 2868 5246 Theodosio
2900 5191 2921 5245 Ι
2969 5192 3315 5260 imperatore,
3345 5209 3463 5263 quo

217 5297 465 5359 tempore
502 5289 616 5359 jam
671 5290 879 5346 obierat
924 5291 1275 5346 Athanasius.
1328 5289 1498 5346 Porro
1540 5290 1594 5343 in
1625 5291 1745 5345 inse

1925 5304 1983 5343 ne
2009 5288 2135 5352 ista,
2178 5285 2297 5340 Τοῦ
2327 5286 2397 5338 ἐν·
2424 5286 2615 5355 ἁγίοις
2641 5285 2870 5352 Πατρός
2893 5284 3063 5354 ήμῶν
3097 5285 3456 5340 Ἀθανασίου

218 5375 692 5446 ἀρχιεπισκόπου
717 5378 1189 5447 Ἀλεξανδρείας,
1221 5395 1330 5435 non
1354 5387 1481 5434 sunt
1516 5380 1571 5433 in
1604 5386 1735 5434 vett.

1925 5378 2042 5436 lsed
2073 5378 2141 5432 ab
2162 5377 2341 5447 operis
2367 5376 2692 5446 aequalitatis
2718 5389 2884 5429 causa
2913 5389 3034 5428 cum
3062 5374 3289 5443 reliquis
3327 5389 3456 5445 ope-

210 5468 373 5521 ribus
395 5467 594 5524 addita.
617 5468 750 5523 Nam
779 5470 919 5525 sicut
951 5470 1205 5535 Palatin.,
1232 5480 1288 5525 ut
1310 5471 1441 5533 dixi,
1484 5469 1632 5525 omni
1660 5469 1901 5524 auctoris
1926 5470 2144 5525 nomine
2171 5479 2340 5537 caret,
2362 5469 2439 5524 sic
2469 5474 2522 5523 ct
2550 5474 2795 5524 vetustus
2826 5466 2914 5521 ille
2938 5465 3266 5537 interpretis,
3290 5472 3460 5539 quem

3082 5560 3099 5583 ἱ
3426 5570 3432 5582 ι

270 5622 403 5689 ⁸ιὸςὶ)
442 5622 537 5679 Ila:
583 5628 869 5684 citationes
909 5626 962 5680 in
1002 5627 1105 5680 hac
1148 5625 1383 5681 editione
1434 5624 1701 5679 habentur
1764 5622 1949 5682 infra;

1181 5868 1209 5904 ο
