3870 6208
369 228 379 244 '
454 243 594 302 ms
1644 254 1698 310 s.
1737 254 2193 316 ATHANASI'US.
2236 291 2306 304 --
2344 259 2607 318 SPURIA.
3541 263 3696 318 tuo

452 361 632 414 littera
666 360 708 416 G
741 362 970 433 signabo
995 365 1015 435 (
1033 366 1124 436 qui
1155 366 1296 423 alius
1327 375 1506 424 tamen
1537 379 1622 426 est
1653 387 1682 426 a
1713 371 2060 442 Gobleriano,
2089 376 2236 446 quod
2271 378 2591 448 notandum)
2621 377 2767 432 aliud
2795 376 2932 431 nihil
2961 375 3122 433 habet
3148 376 3215 433 de
3243 383 3481 442 auctore,
3511 392 3686 446 quam

451 467 573 520 quae
616 453 884 523 interpres
912 457 966 510 in
992 458 1310 526 praefatione
1349 464 1552 530 posuit.
3473 469 3482 480 ’

523 541 866 613 Combeﬁsius
900 550 1125 603 secundo
1158 559 1295 604 tomo
1326 569 1534 619 cperam
1563 556 1740 608 sancti
1770 553 2018 619 Maximi,
2052 571 2104 624 p.
2137 557 2262 622 58!,
2303 558 2413 612 hac
2446 557 2597 612 habet
2627 575 2644 612 .'
2680 557 2912 615 Maximo
2931 559 3213 614 ascribunt
3259 558 3488 613 Romani
3513 557 3684 612 codd.

451 641 508 688 et
552 633 759 702 Veneti,
795 639 1015 712 ipseque
1057 643 1320 699 Dufrenii.
1349 645 1547 716 Sicque
1594 652 1796 718 passim
1841 652 2013 705 citant
2038 650 2210 706 Graeci
2252 654 2345 723 qui
2388 654 2660 724 πολεμικά
2688 654 3024 724 scripserunt
3055 669 3086 707 a
3121 655 3231 710 400
3258 661 3314 709 et
3351 653 3455 708 500
3480 654 3682 718 annis;

451 725 556 780 etsi
614 727 773 782 iidem
802 735 1129 804 quandoque
1170 738 1402 805 variant,
1433 741 1710 810 citentque
1737 741 1900 795 etiam
1933 744 2212 798 Athanasii
2245 747 2500 811 nomine;
2533 748 2774 800 variante
2804 747 3015 802 scilicet
3059 748 3188 800 olim
3235 747 3315 800 eis
3353 746 3462 814 jam
3494 760 3686 798 exem-

451 816 684 884 plarium
741 821 1096 893 inscriptione
1143 847 1155 881 :
1206 844 1331 883 cum
1387 838 1574 885 notum
1615 834 1686 886 sit
1721 848 1831 886 non
1876 849 1997 888 esse
2050 835 2334 891 Athanasii
2387 853 2547 907 opus,
2602 839 2706 893 etsi
2758 837 3074 892 Theodorus
3108 836 3244 891 Beza
3282 837 3400 905 ejus
3439 837 3686 904 vulgavit

450 911 695 978 nomine,
729 923 837 972 etc.
880 917 946 972 In
991 922 1127 976 notis
1159 938 1314 990 porro
1341 939 1394 991 p.
1431 925 1531 978 7l5
1564 927 1642 978 ait
1681 927 1811 996 ipse,
1856 930 2253 997 prwstantiores
2300 947 2413 985 esse
2460 932 2549 1001 qui
2598 930 2836 985 Maximo
2868 930 3105 983 tribuunt
3152 928 3372 992 codices,
3403 943 3560 995 quam
3587 929 3696 997 qui

452 1003 765 1063 Athanasio.

526 1100 628 1155 Hic
661 1122 754 1157 nos
791 1107 1070 1174 adjicimus
1100 1110 1328 1166 codicem
1357 1131 1456 1184 quo
1490 1117 1688 1168 utimur
1715 1115 1954 1184 Regium,
1994 1119 2253 1180 neutrius,
2285 1134 2377 1172 nec
2397 1118 2679 1172 Athanasii
2707 1119 2906 1173 scilicet
2939 1135 3029 1172 nec
3061 1116 3304 1180 Maximi,
3329 1132 3514 1171 nomen
3539 1130 3684 1184 prae-

453 1192 608 1260 ferre.
643 1195 709 1249 In
750 1197 1005 1253 Vaticano
1028 1219 1187 1267 porro
1219 1204 1395 1257 codice
1425 1208 1706 1262 Athanasii
1733 1209 2116 1262 inscribuntur.
2141 1209 2373 1263 Joannes
2409 1211 2530 1264 item
2562 1209 2945 1281 Cyparissiotes
2972 1211 3155 1266 decad.
3187 1211 3239 1272 5,
3271 1225 3316 1262 c.
3345 1209 3398 1270 5,
3426 1208 3522 1261 hoc
3549 1223 3683 1273 opus

452 1284 732 1356 Dialogum
789 1308 822 1344 ιι
873 1303 1021 1346 vocat
1067 1296 1348 1351 Athanasii
1377 1316 1494 1352 cum
1526 1301 1654 1354 Ario
1691 1303 1744 1354 in
1775 1301 1973 1370 synodo
2008 1300 2253 1355 Nicama.
2286 1300 2464 1356 Citant
2498 1304 2618 1356 item
2654 1305 2852 1372 passim
2896 1303 3204 1356 recentiores
3233 1299 3422 1364 Graeci,
3456 1297 3681 1351 Marcus

453 1379 767 1449 Ephesinus,
805 1384 1057 1457 Georgius
1090 1389 1392 1456 Metochita,
1435 1382 1661 1448 Vecchus
1691 1407 1740 1449 et
1771 1398 1866 1449 alii
1899 1398 2222 1452 :Athanasii
2249 1399 2424 1461 modo,
2460 1399 2614 1452 modo
2648 1397 2872 1452 Maximi
2903 1400 3124 1452 nomine.
3152 1396 3220 1450 At
3251 1396 3412 1464 fuisse
3437 1394 3685 1446 Athana-

450 1473 530 1525 sio
560 1489 830 1542 perperam
879 1481 1133 1548 ascripta,
1167 1500 1315 1538 nemo
1351 1485 1469 1554 jam
1519 1487 1756 1542 eruditus
1784 1505 1885 1542 non
1929 1493 2178 1544 wstimat.
2218 1489 2371 1544 Nihil
2398 1493 2535 1544 enim
2564 1491 2646 1544 hic
2677 1491 2968 1545 Athanasio
3009 1491 3222 1561 dignum
3250 1497 3510 1556 comparet
3539 1503 3558 1539 :
3583 1502 3680 1539 nec

450 1576 780 1632 usurpentur
807 1567 889 1622 hic
922 1587 984 1624 ea
1011 1589 1144 1642 sa'pe
1177 1592 1293 1645 qua:
1326 1579 1517 1646 sa'pius
1546 1579 1754 1635 adhibet
1780 1581 2106 1637 Athanasius
2152 1594 2462 1654 argumenta
2494 1585 2741 1639 adversus
2769 1585 2996 1638 Arianos
3023 1593 3071 1638 et
3101 1584 3390 1637 Anomazos.
3436 1579 3679 1634 Maximo

449 1671 578 1709 sane
615 1660 788 1725 potius
817 1663 1152 1730 ascribenda,
1186 1668 1306 1722 licet
1344 1671 1564 1741 insignis
1597 1673 1696 1726 illa
1729 1673 1964 1728 codicum
1996 1677 2246 1740 uarietas,
2271 1694 2490 1748 quorum
2520 1678 2750 1749 plerique
2775 1679 3028 1732 neminem
3080 1676 3361 1745 praeferunt
3387 1682 3679 1738 auctorem,

449 1763 554 1801 non
606 1751 866 1807 modicum
899 1757 998 1810 hac
1049 1761 1103 1813 in
1137 1778 1192 1814 re
1222 1763 1422 1833 ingerat
1479 1768 1829 1835 scrupulum:
1867 1769 2203 1841 suadeatque,
2241 1788 2303 1826 ne
2342 1773 2652 1841 festinanter
2680 1790 2740 1826 ac
2768 1775 2912 1827 nullo
2959 1772 3116 1825 dubio
3154 1771 3252 1838 ipsi
3291 1769 3679 1838 adjudicemus,

449 1841 613 1898 donec
668 1851 841 1916 major
874 1852 926 1904 in
960 1854 1069 1908 dies
1120 1856 1212 1909 lux
1243 1860 1618 1930 oestigantibus
1673 1864 1943 1932 eﬁ'ulgeat.
1977 1865 2137 1918 Aliud
2186 1876 2262 1921 est
2291 1867 2430 1936 quod
2461 1866 2698 1921 Maaimo
2737 1867 3146 1931 abiudicandum
3165 1865 3260 1918 hoc
3288 1878 3412 1933 opus
3449 1862 3682 1931 fortasse

449 1938 673 1995 suadeat
695 1958 714 1994 :
743 1947 867 2014 quia
893 1949 1091 2004 scilicet
1118 1953 1297 2007 multis
1323 1955 1410 2008 ille
1443 1958 1652 2011 sa'culis
1677 1959 1859 2026 ﬂoruit
1888 1969 2005 2027 post
2032 1971 2246 2015 exortus
2280 1962 2503 2016 ha'reses
2529 1978 2646 2033 qua:
2669 1963 2751 2015 hic
2779 1964 3163 2032 impugnantur.

521 2032 656 2089 Cum
692 2043 863 2094 neutri
901 2059 1044 2114 ergo,
1087 2063 1178 2100 nec
1215 2048 1504 2104 Athanasio
1551 2053 1749 2106 scilicet
1782 2070 1871 2106 nec
1907 2053 2165 2117 Maximo,
2200 2057 2310 2110 sine
2342 2032 2668 2110 dubitatione
2693 2056 3074 2110 ascriberentur
3103 2070 3120 2107 :
3150 2051 3358 2106 tertium
3387 2047 3680 2102 Cameria:

449 2129 667 2194 protulit
691 2133 759 2186 ad
785 2150 934 2204 quem
964 2137 1074 2192 [nec
1109 2147 1364 2209 pertinere
1391 2155 1612 2214 pugnat,
1649 2147 2028 2203 Theodoretum
2057 2151 2289 2204 videlicet
2321 2166 2338 2204 :
2373 2152 2463 2222 qui
2489 2151 2628 2206 hisce
2657 2153 2916 2221 praecipue
2937 2150 3257 2222 argumentis
3289 2162 3414 2215 opus
3441 2156 3679 2198 asserere

453 2223 661 2278 nititur.
706 2227 844 2293 Quia
879 2248 990 2287 sese
1020 2244 1247 2290 testatur
1279 2238 1636 2296 Theodoretus
1659 2244 1930 2312 scripsisse
1962 2245 2210 2301 adversus
2240 2247 2535 2313 Anomceos,
2579 2246 2988 2301 Macedonianos
3031 2256 3079 2299 et
3119 2243 3552 2314 Apollinaristas,
3582 2237 3679 2306 qui

535 2318 674 2375 hi3“
724 2323 959 2397 Dialoﬁis
1011 2342 1397 2402 OPPugnantur.
1426 2335 1483 2388 2°
1510 2336 1662 2402 Quod
1696 2339 1862 2392 multa
1901 2339 2016 2394 loca
2049 2341 2130 2395 hic
2177 2349 2534 2411 compareant,
2560 2343 2681 2396 aliis
2717 2341 3022 2396 Theodoreti
3069 2340 3194 2393 locis
3225 2337 3443 2391 multum
3472 2331 3675 2402 aﬂinia.

451 2409 716 2469 Mittimus
749 2417 857 2471 alia
892 2421 1107 2476 minoris
1147 2429 1394 2482 momenti
1425 2446 1456 2482 a
1487 2430 1597 2483 viro
1643 2433 1795 2485 docto
1827 2432 2017 2498 allata,
2045 2451 2107 2490 ne
2135 2435 2205 2487 ad
2231 2409 2341 2488 alia
2369 2445 2707 2505 properantes
2750 2445 3050 2498 morentur,
3078 2431 3469 2502 reponimusque
3517 2420 3678 2475 nimis

448 2517 638 2571 vagum
669 2506 803 2560 illud
831 2525 942 2564 esse
972 2525 1357 2583 argumentum,
1387 2521 1602 2585 petitum
1643 2521 1839 2575 scilicet
1868 2540 1901 2576 a
1935 2527 2236 2578 memoratis
2266 2526 2374 2579 illis
2431 2526 2740 2582 Theodoreti
2786 2528 3034 2582 adversus
3075 2517 3371 2592 hujusmodi
3401 2517 3679 2569 Ῑιαὲΐεησοε

450 2593 711 2661 aperibus.
739 2596 870 2652 Cum
895 2603 1031 2656 enim
1064 2606 1115 2658 in
1139 2608 1285 2662 nullo
1313 2609 1489 2664 codice
1517 2611 1827 2668 Theodoreti
1851 2631 2037 2669 nomen
2060 2618 2366 2687 prazferant,
2392 2627 2443 2672 et
2473 2636 2504 2671 a
2543 2620 2688 2673 nullo
2717 2621 2970 2688 scriptore
2999 2613 3304 2671 Theodoreti
3334 2609 3538 2663 nomine
3566 2620 3679 2656 me~

450 2697 738 2753 morentur,
770 2695 980 2747 nonnisi
1010 2700 1317 2766 augurando
1353 2701 1688 2755 ascribuntur
1713 2703 2054 2761 Theodoreto.
2088 2706 2240 2772 Quod
2265 2707 2386 2760 illas
2416 2717 2612 2774 spectat
2642 2708 2769 2777 styli
2799 2707 3074 2776 aﬂinitates
3109 2719 3127 2758 :
3155 2715 3335 2771 paucce
3370 2711 3494 2752 sane
3523 2701 3680 2760 atque

450 2775 581 2831 leves
632 2790 754 2834 sunt
793 2785 1186 2854 similitudines,
1211 2800 1268 2845 ut
1301 2793 1439 2860 apud
1471 2792 1785 2848 Garnerium
1826 2798 2121 2867 inspicienti
2156 2799 2393 2867 patebit:
2421 2809 2469 2854 et
2498 2801 2545 2854 si
2583 2775 2708 2870 quas
2740 2775 2866 2864 sint,
2905 2797 3030 2870 quid
3071 2799 3261 2850 mirum
3301 2793 3348 2847 si
3391 2788 3570 2846 eadem
3613 2786 3680 2836 ἀι

449 2883 506 2922 re
532 2871 813 2928 scribentes
858 2879 1022 2947 aliqu:
1059 2881 1240 2935 eadem
1288 2900 1659 2954 nonnunquam
1705 2898 1953 2955 usurpent
1983 2901 2314 2960 argumenta.
2352 2889 2467 2943 Ima
2497 2907 2612 2944 vero
2642 2891 2830 2944 nedum
2868 2890 3109 2958 afﬁnitas
3139 2887 3318 2954 aliqua
3360 2880 3508 2935 nobis
3539 2887 3682 2931 mter

449 2961 554 3015 ista
581 2963 839 3028 videatur,
869 2968 922 3021 hi
954 2968 1157 3042 Dialogi
1187 2973 1508 3029 Theodoreto
1539 2976 1741 3046 indigni
1770 2987 2044 3046 putantur.
2077 2977 2265 3034 Fuisse
2290 2991 2460 3034 autem
2489 2981 2656 3035 editos
2695 2981 2846 3034 hosce
2881 2979 3131 3049 Dialogos
3157 2988 3266 3046 post
3295 2972 3677 3029 Constantino-

445 3056 740 3122 politanam
781 3063 1009 3130 primam
1048 3070 1418 3123 aecumenicam
1446 3069 1703 3140 synodum
1751 3071 1911 3141 liquet
1950 3089 2014 3126 ea:
2053 3074 2118 3127 iis
2160 3090 2276 3143 qua:
2313 3074 2528 3145 dialogo
2561 3090 2622 3129 ιιι
2656 3081 2885 3145 aguntur
2911 3074 2974 3127 de
2998 3069 3288 3141 adfectione
3310 3065 3381 3118 ibi
3418 3063 3487 3117 ad
3512 3079 3680 3133 syno-

447 3148 574 3200 dum
609 3148 774 3217 facta.

518 3235 777 3294 Cancrum
846 3240 1227 3301 Keckermanni
1267 3249 1365 3304 illa
1411 3249 1670 3320 appendix
1741 3252 1810 3306 ad
1871 3252 2140 3323 dialogum
2193 3254 2248 3319 2,
2304 3271 2460 3325 quam
2510 3255 2791 3310 Athanasii
2841 3270 2951 3309 esse
3000 3250 3212 3322 judicat
3265 3247 3680 3307 Felckmannus,

446 3325 612 3380 multo
667 3329 834 3399 magis
897 3331 1140 3389 abhorret
1197 3336 1262 3390 ab
1318 3337 1601 3394 Athanasii
1654 3341 1793 3412 stylo
1838 3357 1997 3412 quam
2049 3343 2235 3415 reliqui
2271 3344 2504 3417 dialogi;
2543 3363 2704 3418 quare
2743 3346 3108 3402 incunctanter
3160 3343 3210 3398 ei
3264 3336 3683 3412 ab1udicandam

446 3431 728 3475 εεηεεηιιιε.

1539 3689 1674 3744 ΤΟΥ
1703 3689 1796 3744 ΕΝ
1827 3691 2049 3746 ΑΓΙΟΙΣ
2087 3691 2354 3746 ΠΑΤΡΟΣ
2389 3691 2587 3746 ΗΜΩΝ

1748 3832 2384 3929 ΑΘΑΝΑΣΙΟΥ

588 3985 960 4042 ΔΙΑΛΟΓΟΣ
995 3990 1180 4045 ΠΕΡΙ
1217 3993 1357 4048 ΤΗΣ
1401 3996 1724 4065 ΤΡῙΑΔΟΣ,
1779 3999 2499 4126 ΕᾸἻΡΞᾹἌΔΙῈΙΞΊΖΞΝΤΑΙ
2533 3995 2944 4055 ΟΡΘΟΔΟΞΟΣ
2973 4000 3110 4054 ΚΑΙ
3153 3996 3534 4054 ΔΝΟΜΟΙΟΣ

1442 4341 1539 4420 δ.
1617 4331 1726 4420 Ρ.
1805 4335 1924 4428 Ν.
1994 4334 2640 4428 ATHANASII

550 4493 920 4553 cumcos
967 4495 1068 4552 DE
1116 4496 1401 4556 sanam
1461 4501 1891 4578 Tamiram.
1929 4506 2021 4562 IN
2073 4510 2225 4578 ovo
2285 4503 2883 4577 COLLOQUUNTUR
2922 4500 3419 4561 onrnoooxus
3473 4499 3566 4554 er

1633 4575 2032 4636 mosmos
2075 4575 2510 4652 .ARIANISTA.

1026 4790 1403 4852 ANOMCEUS.
2030 4805 2078 4862 A

2030 4805 2078 4862 Α
2698 4792 3062 4848 ΑΝοΜοιοΣ.

515 4906 567 4962 Ι.
601 4904 947 4962 Christianus
972 4909 1072 4962 es?

2179 4913 2229 4968 1.
2264 4927 2584 4983 Αριστιανος
2617 4905 2699 4974 εἷς

516 5018 874 5074 Orthodoxus.
908 5021 1049 5076 Sane
1080 5021 1319 5090 quidem.
1350 5023 1538 5078 Anom.
1567 5022 1707 5090 Quid
1731 5033 1817 5081 est
1843 5024 2001 5081 Chri-

2187 5024 2550 5093 Ὂρθόδοξος.
2579 5023 2688 5076 Καὶ
2709 5024 2868 5077 πάνυ.
2886 5024 3070 5092 Ἀνόμ.
3101 5021 3164 5074 Τί
3184 5023 3327 5073 ἐστιν
3348 5021 3377 5072 ὀ
3404 5019 3667 5089 Χριστια-

442 5110 804 5166 stianismus?
861 5112 1012 5166 Orth.
1084 5111 1219 5168 lllud
1274 5114 1492 5184 quidem
1546 5116 1728 5171 dicere
1781 5134 1970 5174 necess

2141 5116 2326 5187 ισμός;
2374 5115 2526 5183 Ὀρθ.
2592 5113 2753 5166 Ἀλλὰ
2810 5129 2872 5166 το
2904 5114 3002 5184 μὲν
3042 5108 3110 5183 ἦν
3139 5112 3432 5179 ἀναγκαῖον
3468 5113 3665 5171 εἰπεῖν,

444 5201 596 5255 fuit:
648 5202 790 5256 istud
836 5219 967 5258 vero
1014 5219 1124 5258 non
1177 5205 1248 5259 ita
1298 5214 1495 5261 tutum.
1545 5207 1735 5260 Anam.
1803 5205 1972 5273 Quam

2139 5207 2243 5260 ὺδὲ
2268 5209 2367 5259 οὐκ
2389 5206 2646 5273 ἀσφαλές.
2689 5207 2875 5274 Ἀνόμ.
2909 5206 3007 5259 Διὰ
3027 5205 3115 5270 τί;
3151 5205 3296 5272 Ὀρθ.
3328 5203 3400 5254 Τὸ
3433 5201 3530 5273 μὲν
3561 5201 3667 5272 γὰρ

445 5289 674 5343 obrem?
701 5288 856 5345 Orth.
887 5289 1151 5356 Quoniam
1177 5291 1354 5348 dicere
1383 5293 1598 5364 quidem
1624 5310 1849 5351 necesse
1884 5313 1973 5352 era

2137 5301 2293 5363 ἱπεῐν,
2325 5300 2406 5351 ὅτι
2448 5297 2682 5366 Χριστοῦ
2717 5296 2900 5360 δοῦλός
2933 5297 3068 5366 εἰμι,
3116 5295 3410 5362 ἀναγκαῖον
3449 5293 3625 5345 εἰπεῖν
3652 5309 3665 5322 ι

443 5394 530 5433 me
574 5395 696 5436 esse
749 5381 952 5438 Christi
1007 5399 1259 5448 servum,
1304 5385 1490 5442 dicere
1537 5402 1699 5454 vero,
1745 5389 1875 5457 quid
1930 5389 1971 5443 si

2138 5390 2158 5442 5
2181 5390 2258 5453 δὲ,
2287 5390 2338 5442 τί
2368 5392 2512 5444 ἐστιν
2534 5392 2561 5443 ὁ
2586 5388 3028 5462 Χριστιανισμὺς,
3059 5387 3160 5440 οὐκ
3186 5383 3443 5455 ἀσφαλὲς,
3469 5385 3565 5436 ἐὰν
3592 5384 3666 5454 μὴ

443 5469 895 5529 Christianismus
916 5513 932 5540 ,
962 5481 1138 5530 tutum
1172 5492 1284 5531 non
1319 5477 1517 5544 fuerit,
1551 5479 1657 5533 nisi
1691 5494 1971 5551 cognoven

2141 5481 2214 5533 νῶ
2244 5481 2327 5544 τίς
2355 5482 2500 5534 ἐστιν
2531 5483 2559 5533 ὁ
2585 5482 2801 5551 ἐρωτῶν
2820 5495 2835 5509 ο
2872 5480 3080 5550 μήποτε
3121 5476 3323 5547 εὑρεθῶ
3357 5473 3566 5545 βάλλων
3600 5472 3669 5525 τὰ

442 5562 692 5630 quisnam
736 5565 827 5621 ille
872 5567 944 5621 sit
988 5569 1081 5638 qui
1133 5567 1238 5624 hoc
1289 5577 1639 5639 percontatur
1692 5591 1705 5626 :
1755 5587 1822 5626 ne
1864 5570 1968 5626 fort

2141 5590 2231 5641 για
2255 5575 2366 5636 τοῖς
2409 5573 2641 5642 nummi}
2675 5573 2802 5638 τοὺς
2836 5569 3178 5641 μαργαρίτας
3220 5566 3528 5638 ἔμπροσθεν
3559 5564 3669 5618 τῶν

444 5654 749 5723 comperiar
785 5657 1012 5714 canibus
1046 5675 1135 5716 res
1163 5669 1382 5716 sanctas
1431 5671 1482 5718 et
1529 5663 1712 5732 porcis
1739 5667 1971 5717 marrari

2143 5664 2317 5731 οίρων.
2348 5664 2456 5716 Καὶ
2479 5663 2603 5734 γὰρ.
2638 5665 2730 5717 ἐὰν
2768 5680 2834 5732 με
2864 5663 3160 5734 ἐρωτήσῃς,
3189 5659 3384 5722 Πιστὸς
3414 5654 3463 5710 εἴ
3484 5657 3518 5728 ἢ
3541 5669 3671 5710 καυ-
