3870 6208
277 189 422 248 “l7
1296 183 1387 238 DE
1426 181 1701 242 SANCTA
1741 179 2114 240 TRINlTATE
2155 180 2506 240 DIALOGUS
2542 181 2586 234 1.
3403 181 3562 240 “18'

277 306 580 380 ηχούμενος
613 303 745 376 (40),
790 302 1020 374 ἑτοίμως
1049 299 1192 369 λέγω
1221 300 1249 352 ὅ
1275 301 1390 370 εἰμι
1410 317 1423 329 ·
1451 301 1506 352 τί
1535 301 1594 354 δέ
1642 302 1756 352 ἐστι
1799 299 1849 352 τὲ

1961 308 2046 356 tas
2076 301 2242 374 408
2263 302 2553 373 projicere.
2589 299 2803 356 Etenim
2829 299 2876 355 si
2898 312 2965 355 ex
2994 313 3082 354 me
3114 313 3364 368 qumras:
3401 301 3546 358 Esne

277 396 420 453 εἶναι
447 397 654 459 πιστὸν,
686 396 744 448 οὐ
773 395 936 463 λέγω,
972 393 1182 464 μήποτε
1209 392 1301 445 καὶ
1342 393 1594 455 Ἰουδαῖος
1681 394 1710 445 6
1738 393 1849 462 ὲρω

1968 392 2164 458 fidelis,
2223 401 2317 448 aut
2366 394 2818 458 catechumenus,
2868 392 3156 447 confestim
3212 393 3389 447 dicam
3449 395 3544 464 qui

272 488 408 542 τῶν.
461 487 650 554 Ἁνόμ.
700 483 839 536 Ἀλλ’
883 481 996 551 ἐγώ
1043 498 1124 534 σοι
1165 480 1308 549 λέγω
1349 483 1378 533 6
1409 481 1628 553 ἐρωτῶν
1667 498 1748 545 σε,
1783 481 1842 534 ὅτ

1967 485 2072 538 sim
2112 504 2124 539 :
2159 486 2290 555 quid
2338 487 2410 541 sit
2458 493 2640 540 autem
2679 485 2892 539 fidelem
2929 499 3071 547 esse,
3092 499 3202 537 non
3242 484 3444 547 dicam,
3475 500 3546 539 ne

274 575 603 650 Χριστιανός
627 578 760 646 εἰμι.
800 576 942 642 Ὁρθ.
972 573 1086 626 Οὐκ
1114 573 1317 644 ἦρκεσέ
1348 590 1430 626 σοι
1458 573 1519 626 τὸ
1545 576 1717 626 εἰπεῖν
1743 573 1863 644 ἐμὲ,

275 667 359 722 ὃτι
381 666 702 738 Χριστιανός
727 669 874 736 εἰμι·
901 665 1010 718 οὐδ’
1035 666 1158 734 ἐμοὶ
1179 665 1340 734 ἀρκεῖ
1358 665 1418 716 τὸ
1442 666 1614 718 εἰπεῖν
1640 681 1698 716 σε
1729 663 1862 735 (41),

274 760 362 814 ὅτι
407 757 728 830 Χριστιανὸς
769 753 850 810 εἶ’
889 757 983 810 ἐὰν
1021 759 1093 828 μή
1137 775 1225 828 μοι
1265 757 1446 829 εἴπῃς,
1485 758 1540 810 τί
1574 760 1687 810 ἐστι
1731 759 1864 828 Χρι-

278 851 616 920 στιανισμός.
648 851 758 903 Καὶ
799 849 921 902 τότε
959 849 1015 902 δὲ
1049 851 1109 902 οὐ
1155 850 1372 912 πάντως
1415 845 1466 902 εἷ
1501 848 1857 919 Χριστιανός⁹

275 941 400 995 οὐδὲ
431 939 538 1009 γὰρ
568 939 629 990 τὸ
663 939 863 991 εἰδέναι
891 939 943 991 τί
971 940 1118 992 ἐστιν
1167 940 1194 991 ὁ
1225 938 1669 1008 Χριστιανισμὸς,
1703 937 1861 991 τοῦτό

275 1035 428 1087 ἐστιν
479 1028 618 1084 εἶναι
675 1031 1032 1102 Χριστιανὸν·
1092 1031 1279 1101 ἐπειδὴ
1327 1031 1446 1082 οὐδὲ
1473 1031 1532 1082 τὸ
1575 1030 1770 1083 εἰδέναι
1808 1031 1860 1084 τί

274 1126 425 1177 ἐστιν
459 1121 788 1191 Ἰουδαϊσμός
824 1122 940 1173 ἐστι
968 1120 1028 1172 τὸ
1073 1102 1217 1173 εἶναι’
1244 1121 1494 1173 Ἰουδαῖον
1542 1120 1650 1192 (42)
1675 1138 1686 1150 ·
1739 1122 1859 1174 οὐδὲ

273 1216 342 1268 τὸ
373 1215 567 1268 εἰδέναι
595 1214 646 1266 τί
687 1217 834 1266 ἐστιν
868 1212 1238 1283 Ἑλληνισμὸς,
1271 1211 1428 1266 τοῦτό
1465 1216 1580 1266 ἐστι
1613 1214 1672 1266 τὸ
1719 1207 1857 1266 εἶναι

275 1309 536 1378 ’Έλληνι
575 1308 764 1375 ΓΑνόμ.
793 1302 955 1368 Οἶδας
983 1306 1072 1360 τὸν
1104 1306 1265 1370 Θεόν;
1302 1306 1454 1373 Ὀρθ.
1490 1306 1617 1359 Ναί.
1657 1307 1853 1374 Ἀνόμ.

286 1401 378 1465 Ὠς
418 1399 579 1462 αὐτὸς
625 1399 813 1451 ἑαυτὸν
853 1395 1025 1464 οἷδεν;
1072 1399 1219 1465 Ὀρθ.
1265 1397 1360 1451 Οὔ.
1410 1397 1596 1466 Ἁνόμ.
1649 1398 1855 1451 Οὐκοῦν

271 1495 378 1548 οὐκ
425 1488 570 1556 οἶδας
625 1492 824 1557 αύτὸνς
868 1492 1014 1560 Ὀρθ.
1064 1485 1194 1544 Οἶδα
1239 1491 1420 1551 αὑτὸν,
1463 1492 1539 1554 ώς
1584 1491 1855 1561 ἐνδέχεται

271 1580 564 1653 ἀνθρώπου
615 1581 772 1652 φύσει
812 1581 1031 1634 εἰδέναι.
1070 1581 1268 1650 Ἀνόμ.
1305 1581 1512 1646 Ἀλλως
1561 1577 1652 1634 οὖν
1693 1583 1854 1636 αὐτὸν

273 1674 457 1728 ἴσασιν
487 1675 536 1728 οἱ
575 1674 871 1745 ἄνθρωποι,
911 1672 1002 1726 καὶ
1033 1673 1207 1736 ἄλλως
1241 1674 1403 1737 αὐτὸς
1444 1674 1668 1740 ὲαυτόν;
1703 1675 1858 1742 Ὀρθ.

269 1767 387 1822 Καὶ
427 1767 590 1820 πάνυ.
635 1766 830 1835 Ἀνόμ.
878 1765 1041 1830 Πῶς;
1079 1764 1292 1833 Ὀρθόδ.
1327 1767 1470 1827 Ὅτι.
1518 1765 1611 1819 ἐὰν
1663 1767 1734 1838 μή
1773 1784 1858 1830 τις

265 1859 373 1931 τὴν
399 1857 567 1929 αὐτὴν
595 1857 670 1929 τῷ
689 1857 809 1927 Θεῷ
837 1857 1103 1928 κτήσηται
1132 1856 1354 1924 γνῶσιν,
1377 1857 1635 1911 ἀδύνατον
1657 1857 1856 1926 γνῶναι

269 1950 458 2015 αὐτὸν,
491 1951 567 2014 ὡς
603 1949 763 2013 αὐτὸς
802 1948 992 2002 ἑαυτὸν
1033 1944 1161 2001 οἶδε.
1194 1947 1303 2019 Τὴν
1342 1947 1400 2001 δὲ
1426 1947 1593 2018 αὐτὴν
1631 1947 1708 2018 τῷ
1739 1945 1857 2017 Θεῷ

269 2043 578 2116 κτήσασθαι
599 2042 799 2112 γνῶσιν
824 2040 1104 2103 ἀδύνατον,
1132 2039 1206 2111 μὴ
1234 2039 1333 2110 τῆς
1361 2040 1528 2110 αὐτῆς
1553 2039 1701 2110 αὐτῷ
1727 2039 1855 2092 ὄντα

267 2134 482 2198 οὐσίας.
513 2134 627 2187 Οὐκ
662 2133 829 2202 ἐσμὲν
873 2132 928 2184 δὲ
973 2131 1073 2201 τῆς
1106 2131 1276 2201 αὐτῆς
1314 2128 1462 2200 αὐτῷ
1492 2128 1698 2192 οὐσίας.
1741 2129 1855 2181 Οὐκ

267 2229 385 2300 ἄρα
413 2229 511 2299 τὴν
540 2225 710 2296 αὐτὴν
738 2222 887 2294 αὐτῷ
919 2224 1114 2295 ἔχομεν
1142 2223 1363 2290 γνῶσιν.
1397 2222 1584 2292 Ἀνόμ.
1608 2222 1734 2275 Ἐὰν
1762 2216 1854 2274 οὖν

269 2320 405 2393 θέλῃ
424 2321 452 2374 6
478 2319 604 2382 Υἱὸς
630 2317 976 2386 ἀποκαλύψαι
1001 2317 1127 2379 τινὶ,
1153 2317 1212 2369 ού
1235 2315 1492 2381 δύναται;
1530 2317 1672 2384 Ὀρθ.
1700 2317 1855 2370 Ἀπο-

267 2405 538 2463 ιιαλύπτει
561 2407 680 2476 μὲν,
713 2404 827 2458 ἀλλ’
855 2406 953 2477 οὐχ
975 2404 1150 2469 οὓτως
1179 2405 1327 2476 αὐτῷ
1355 2405 1748 2462 ἀποκαλύπτει.
1779 2407 1854 2470 ώς

267 2499 439 2562 αὐτὸς
469 2498 659 2551 ἑαυτὸν
689 2492 828 2550 οἶδεν
847 2515 861 2530 ο
898 2497 1012 2551 ἀλλ’
1052 2497 1128 2559 ὡς
1153 2497 1374 2550 δύναται
1417 2497 1619 2566 γνῶναι
1651 2500 1679 2552 6
1719 2515 1853 2552 κατ-

267 2591 609 2661 αξιούμενος.
641 2589 788 2642 Διὸτι
824 2587 904 2660 τῷ
947 2589 1045 2660 μὲν
1083 2590 1342 2660 Ἰεζεχιὴλ
1373 2591 1479 2643 ἀπὸ
1513 2589 1712 2660 ὀσφύος
1763 2591 1854 2645 καὶ

266 2682 386 2736 ἅνω
432 2682 746 2752 ὴλέκτρινος
794 2681 1037 2751 ἐγνώσθη
1070 2699 1082 2710 ·
1133 2680 1210 2751 τῷ
1263 2682 1320 2734 δὲ
1377 2681 1572 2753 Δανιὴλ
1625 2681 1854 2747 παλαιὸς

265 2775 523 2849 ἡμερῶν·
550 2773 628 2845 τῷ
656 2773 714 2826 δὲ
748 2773 944 2845 Ἡσαΐᾳ
985 2772 1389 2844 καλυπτόμενος
1423 2774 1528 2827 ὑπὸ
1555 2773 1660 2826 τῶν
1689 2792 1852 2847 σερα-

267 2866 399 2937 φεμ.

1965 575 2106 632 forte
2147 577 2368 633 Judazus
2409 578 2507 642 sis,
2553 577 2646 648 qui
2697 577 3026 647 interrogas.
3078 578 3269 629 Anam.
3324 575 3393 629 At
3443 592 3546 647 ego

1965 671 2058 740 qui
2083 669 2186 725 hoc
2213 687 2277 726 ex
2305 683 2357 725 te
2389 686 2595 740 quaero,
2617 669 2716 725 tibi
2739 669 2863 724 dico
2885 684 2970 722 me
2995 668 3368 724 Christianum
3400 684 3542 726 esse.

1967 761 2120 816 Orth.
2180 761 2300 816 Tibi
2349 777 2457 816 non
2497 761 2598 816 fuit
2641 762 2799 824 satis,
2845 762 2989 831 quod
3037 777 3123 815 me
3165 760 3542 815 Christianum

1964 855 2198 910 dixerim
2239 875 2250 908 :
2288 856 2362 910 ita
2406 855 2540 909 mihi
2583 870 2802 925 quoque
2829 870 2936 909 non
2981 852 3116 908 satis
3162 861 3266 915 est,
3307 854 3448 924 quod
3491 863 3547 908 te

1960 946 2331 1001 Christianum
2381 962 2504 1002 esse
2555 947 2705 1002 dicas
2753 965 2766 1002 :
2816 946 2924 1001 nisi
2971 946 3104 1000 mihi
3145 945 3353 1000 dixeris
3411 945 3544 1015 quid

1960 1040 2033 1095 sit
2082 1038 2556 1094 Christianisuius.
2609 1037 2687 1091 Ac
2731 1053 2801 1090 ne
2855 1038 2937 1092 sic
2993 1036 3214 1107 quidem
3276 1037 3436 1106 plane
3484 1049 3549 1088 es

1959 1129 2305 1185 Christianus
2341 1146 2354 1183 :
2388 1143 2566 1197 neque
2592 1128 2736 1182 enim
2772 1127 2916 1182 scire
2940 1127 3072 1197 quid
3096 1127 3168 1181 sit
3191 1124 3546 1180 Christianis-

1957 1237 2117 1286 mus,
2153 1221 2257 1275 hoc
2285 1228 2370 1275 est
2409 1220 2785 1276 Christianum
2825 1235 2991 1283 esse;
3028 1234 3155 1272 nam
3190 1233 3368 1288 neque
3403 1218 3546 1272 scire

1957 1313 2088 1386 quid
2151 1313 2223 1368 sit
2270 1310 2617 1376 Judaismus,
2679 1323 2761 1368 est
2827 1328 2949 1368 esse
3012 1310 3291 1378 Judmum,
3367 1325 3550 1380 neque

1957 1402 2100 1456 scire
2154 1399 2285 1470 quid
2357 1401 2427 1455 sit
2493 1399 2871 1471 gentilismus,
2947 1404 3031 1452 est
3093 1397 3350 1467 gentilem
3399 1411 3541 1451 esse.

1964 1491 2144 1545 Anam.
2211 1489 2366 1544 Nosti
2434 1489 2647 1545 Deum?
2713 1488 2864 1544 Orth.
2929 1487 3125 1542 Etiam.
3186 1489 3377 1542 Anam.
3472 1486 3545 1540 Ut

1957 1584 2076 1654 ipse
2104 1584 2345 1653 seipsum
2373 1585 2570 1638 novit?
2606 1581 2760 1636 Orth.
2791 1581 3031 1636 Minime.
3061 1581 3251 1635 Anam.
3282 1580 3420 1634 Eum
3450 1581 3545 1652 igi-

1892 1681 1935 1735 B
1963 1683 2053 1728 tur
2088 1691 2194 1729 non
2232 1675 2400 1730 nosti.
2449 1673 2603 1729 Orth.
2653 1672 2787 1727 Novi
2838 1689 2984 1736 eum,
3039 1682 3099 1727 ut
3144 1672 3248 1728 fert
3292 1673 3547 1727 humanae

1965 1765 2194 1821 facultas
2236 1774 2465 1820 naturae.
2500 1769 2691 1818 Anam.
2727 1763 2898 1818 Aliter
2935 1763 3101 1832 igitur
3129 1762 3306 1833 ipsum
3339 1767 3542 1816 norunt

1963 1856 2235 1920 homines,
2271 1865 2326 1910 et
2373 1857 2530 1910 aliter
2577 1870 2635 1910 se
2674 1854 2791 1924 ipse
2840 1854 3028 1907 novit?
3061 1853 3214 1908 Orth.
3252 1851 3395 1908 Sane
3421 1853 3546 1923 qui—

1963 1949 2107 2004 dem.
2160 1949 2352 2002 Anom.
2406 1947 2733 2013 Quomodo?
2772 1945 2924 2001 Orlh.
2957 1944 3225 2011 Quoniam
3268 1945 3374 1999 nisi
3416 1945 3543 2014 quis

1962 2038 2152 2095 eadem
2201 2046 2364 2108 atque
2406 2036 2549 2092 Deus
2594 2036 2712 2106 ipse
2749 2035 3114 2107 cognoscendi
3163 2034 3426 2090 facultate
3472 2033 3545 2089 sit

1963 2131 2245 2201 praeditus,
2285 2130 2400 2184 fieri
2447 2144 2556 2183 non
2613 2136 2792 2198 potest
2849 2135 2908 2182 ut
2951 2143 3075 2183 eum
3106 2129 3269 2192 norit,
3297 2128 3441 2183 sicut
3484 2143 3545 2182 se

1962 2225 2077 2292 ipse
2121 2223 2292 2277 novit.
2336 2221 2407 2275 At
2449 2221 2562 2277 ﬁeri
2600 2220 2791 2291 nequit
2859 2227 2917 2275 ut
2967 2219 3092 2290 quis
3143 2219 3331 2274 eadem
3381 2226 3545 2288 atque

1961 2312 2107 2367 Deus
2144 2312 2261 2382 ipse
2305 2312 2671 2382 cognoscendi
2708 2311 2970 2365 facultate
3003 2310 3074 2364 sit
3107 2307 3403 2381 praeditus,
3435 2309 3542 2363 nisi

1961 2404 2033 2460 sit
2073 2403 2321 2473 ejusdem
2370 2417 2433 2457 ac
2487 2401 2631 2458 Deus
2678 2408 2910 2456 naturae.
2956 2400 3076 2455 Non
3121 2415 3312 2455 sumus
3359 2406 3543 2453 autem

1961 2495 2205 2566 ejusdem
2252 2503 2414 2567 atque
2466 2495 2584 2565 ipse
2638 2502 2868 2548 naturae.
2908 2492 3029 2548 Non
3081 2492 3247 2563 igitur
3293 2491 3544 2548 eamdem

1961 2599 2122 2658 atque
2184 2590 2300 2659 ipse
2369 2588 2618 2643 notitiam
2680 2587 2970 2643 habemus.
3033 2587 3223 2642 Anam.
3270 2584 3433 2653 Quid,
3493 2585 3542 2640 si

1961 2680 2134 2736 Filius
2171 2681 2298 2735 velit
2322 2681 2559 2752 cuipiam
2592 2682 2861 2746 revelare,
2907 2695 3090 2734 annon
3136 2680 3358 2750 potest?
3387 2677 3542 2734 Orth.

1961 2771 2185 2829 Revelat
2228 2773 2473 2845 quidem,
2525 2773 2621 2828 sed
2671 2789 2783 2828 non
2821 2773 2894 2827 ita
2945 2772 3046 2843 ipsi
3102 2771 3328 2834 revelat,
3379 2777 3441 2825 ut
3481 2787 3544 2826 se

1962 2865 2082 2938 ipse
2123 2867 2274 2921 novit
2319 2884 2333 2920 :
2382 2882 2574 2922 verum
2605 2873 2768 2937 prout
2798 2865 2846 2921 is
2881 2873 2966 2920 est
2998 2865 3064 2920 ad
3097 2862 3540 2934 cognoscendum

268 2957 528 3024 idoneus,
578 2972 738 3028 quem
815 2958 920 3012 hac
965 2957 1142 3028 gratia
1187 2957 1374 3013 donat.
1429 2956 1801 3024 Quamobrem
1856 2973 1887 3012 a
1925 2958 2128 3012 lumbis
2163 2957 2231 3011 ad
2279 2956 2541 3012 verticem
2591 2956 2783 3012 electri
2828 2955 3012 3026 specie
3073 2953 3347 3010 Ezechieli
3386 2953 3543 3010 visus

265 3059 355 3106 est
396 3069 410 3104 :
444 3050 652 3104 Danieli
682 3065 830 3113 vero,
867 3050 1143 3120 Antiquus
1187 3049 1398 3105 dierum
1448 3071 1461 3105 :
1506 3058 1561 3106 et
1604 3049 1776 3115 Isaiae,
1811 3066 1843 3105 a
1882 3050 2158 3119 seraphim
2192 3049 2442 3104 obtectus

339 3145 397 3200 2.
439 3145 750 3214 Ἆνόμοιος.
777 3146 848 3198 Σὺ
875 3139 966 3199 οὖν
992 3145 1111 3208 πῶς
1134 3145 1297 3198 αὑτὸν
1320 3141 1488 3210 οἶδας,
1512 3147 1587 3210 Lb;
1607 3145 1849 3218 ἠλέκτρι-

2023 3145 2079 3199 2.
2124 3145 2426 3199 Anomaeus.
2449 3141 2531 3196 Tu
2551 3140 2717 3212 igitur
2734 3155 2839 3210 qua
2861 3140 3076 3196 ratione
3107 3139 3256 3194 illum
3275 3138 3418 3194 nosti
3443 3157 3459 3206 ;
3481 3146 3540 3193 ut

267 3253 381 3301 νον,
413 3236 446 3308 ἢ
479 3236 555 3299 ώς
596 3237 821 3290 παλαιὸν
864 3237 972 3290 τῶν
1012 3238 1264 3309 ἡμερῶν;
1308 3239 1452 3306 Ὀρθ.
1499 3236 1636 3308 Παρ’
1672 3237 1850 3292 αὐτῶν

271 3328 462 3400 μαθὼν
502 3325 638 3392 οἶδα,
672 3330 754 3383 δτι
801 3330 940 3402 ὑπὲρ
983 3331 1159 3384 πάντα
1205 3332 1321 3383 ἐστὶ
1357 3330 1426 3384 τὰ
1478 3330 1848 3402 γνωρισθέντα

265 3421 474 3484 αὐτοῖς.
507 3421 570 3473 Εἰ
606 3420 680 3492 μὴ
718 3421 826 3493 γὰρ
867 3417 933 3492 ἧν
973 3422 1111 3493 ὑπὲρ
1137 3422 1294 3485 αὐτὰ,
1339 3422 1438 3474 οὐκ
1472 3421 1536 3474 ἂν
1579 3421 1848 3494 διαφόρως

267 3513 555 3580 etnive-10°
583 3513 676 3566 καὶ
706 3511 792 3565 διὰ
825 3512 984 3566 τοῦτο
1009 3516 1037 3567 6
1082 3511 1390 3584 Μονογενὴς
1431 3512 1578 3582 λέγει
1598 3529 1612 3544 ο
1648 3531 1667 3565 ι
1716 3513 1848 3568 Θεὸν

266 3603 445 3667 οὐδεὶς
474 3602 685 3675 ἑώρακε
717 3602 954 3658 πώποτε.
1003 3624 1024 3656 ι
1074 3606 1259 3674 Ἀνόμ.
1305 3605 1466 3659 Ἀλλο
1497 3605 1614 3658 ἐστὶ
1657 3604 1716 3658 τὸ
1751 3605 1850 3659 ἐω-

273 3695 520 3767 ρακέναι,
566 3697 659 3749 καὶ
703 3696 832 3750 ἄλλο
881 3697 941 3750 τὸ
983 3697 1312 3766 ἐγνωκέναι;
1353 3699 1498 3767 Ὀρθ,
1547 3698 1669 3752 Ἐπὶ
1713 3698 1847 3752 Θεοῦ

267 3789 371 3843 οὐκ
395 3788 539 3843 ἐστιν
572 3789 699 3844 ἄλλο
731 3791 825 3843 καὶ
856 3789 1012 3844 ἄλλο’
1045 3789 1207 3852 αὐτὸς
1228 3788 1337 3860 γὰρ
1371 3789 1468 3861 τὴν
1499 3789 1730 3863 θεωρίαν
1758 3787 1850 3844 ἐπὶ

268 3883 368 3951 τῆς
406 3883 657 3950 γνώσεως
683 3881 862 3942 ἔλαϐε,
898 3881 1072 3950 λέγων
1097 3897 1110 3911 ·
1159 3899 1177 3932 ί
1202 3881 1466 3935 Τοσοῦτον
1499 3883 1689 3954 χρόνον
1732 3883 1848 3953 μεθ’

267 3973 426 4043 ὑμῶν
459 3976 592 4043 εἰμι,
624 3976 718 4028 καὶ
761 3975 858 4029 οὐκ
898 3973 1142 4042 ἔγνωκάς
1188 3991 1294 4045 με;
1330 3974 1585 4038 Φίλιππε,
1618 3977 1646 4028 6
1677 3975 1851 4046 ἑωρα-

267 4065 385 4130 κὼς
408 4068 507 4138 ἐμὲ
530 4066 740 4138 ἑώρακε
777 4067 866 4121 τὸν
894 4067 1113 4138 Πατέρα
1140 4085 1261 4138 μου.
1299 4087 1317 4119 ι
1363 4069 1550 4138 Ἀνόμ.
1586 4069 1649 4121 Εἰ
1682 4064 1847 4134 οἶδας,

267 4158 352 4212 ὅτι
383 4159 523 4230 ὑπὲρ
570 4159 638 4212 τὰ
679 4159 977 4229 φαινόμενά
1016 4159 1185 4222 ἐστιν,
1216 4156 1362 4222 οἶδας
1399 4159 1452 4212 τί
1496 4161 1664 4213 ἐστιν.
1703 4160 1847 4228 Ὀρθ.

268 4249 484 4303 Γελοῖον
516 4250 728 4319 λέγεις·
777 4251 850 4323 μὴ
883 4250 1011 4321 γὰρ,
1060 4251 1248 4322 ἐπειδὴ
1293 4247 1430 4315 οἶδα,
1481 4251 1562 4306 ὅτι
1604 4252 1744 4324 ὑπὲρ
1782 4251 1850 4306 τὰ

271 4343 572 4422 φαινόμενα
602 4342 831 4414 σώματά
873 4346 1019 4398 ἐστιν
1055 4346 1087 4414 ὴ
1133 4342 1298 4414 ψυχὴ,
1334 4340 1450 4398 οἴδα
1494 4344 1587 4397 καὶ
1630 4343 1683 4398 τί
1733 4345 1848 4397 ἐστι

1954 3237 2145 3294 electri
2188 3238 2391 3308 specie,
2433 3251 2501 3290 an
2541 3243 2602 3291 ut
2641 3236 2925 3306 antiquum
2957 3233 3208 3289 dierum?
3258 3232 3412 3289 Orth.
3458 3231 3543 3286 Ab

1951 3329 2086 3402 ipsis
2114 3329 2281 3384 didici
2315 3329 2482 3384 Deum
2513 3343 2635 3384 esse
2668 3343 2833 3398 supra
2857 3327 3041 3395 omnia
3089 3327 3177 3380 illa
3205 3325 3338 3396 ipsis
3364 3324 3542 3378 mani-

1949 3421 2171 3480 festata.
2205 3421 2320 3478 Nisi
2357 3421 2502 3478 enim
2552 3421 2676 3476 istis
2730 3420 3082 3492 praecelleret,
3129 3432 3408 3487 nunquam
3455 3417 3542 3472 di-

1951 3517 2124 3570 versis
2155 3515 2331 3569 modis
2359 3514 2723 3586 apparuisset,
2756 3511 2984 3582 ideoque
3011 3511 3143 3566 dicit
3167 3509 3487 3580 Unigenitus
3521 3528 3535 3563 :

1955 3627 1974 3657 ι
2012 3606 2183 3662 Deum
2218 3622 2379 3662 nemo
2412 3606 2548 3661 vidit
2583 3620 2826 3677 unquam
2866 3605 2932 3658 ".
2980 3623 3000 3657 ι
3044 3605 3232 3658 Anam.
3263 3601 3426 3658 Aliud
3454 3611 3539 3659 est

1949 3701 2176 3765 vidisse,
2214 3700 2363 3754 aliud
2392 3715 2576 3755 nosse.
2608 3697 2763 3754 Orth.
2798 3696 2957 3764 Quod
2999 3695 3067 3751 ad
3105 3695 3274 3752 Deum
3321 3696 3537 3758 attinet,

1951 3808 2058 3850 non
2103 3801 2187 3849 est
2229 3793 2377 3848 aliud
2424 3800 2479 3846 et
2532 3791 2680 3847 aliud
2716 3831 2731 3857 ,
2773 3789 3046 3861 siquidem
3096 3789 3213 3860 ipse
3253 3797 3534 3860 aspectum

1951 3903 2050 3958 pro
2084 3886 2396 3957 cognitione
2430 3884 2737 3956 usurpavit,
2760 3883 2951 3939 dicens
2985 3903 2996 3939 -.
3035 3902 3054 3934 ‹
3087 3881 3263 3937 Tanto
3291 3889 3537 3952 tempore

1951 3981 2233 4036 vobiscum
2279 3995 2437 4048 sum,
2479 3988 2534 4034 et
2584 3994 2695 4034 non
2747 3975 3054 4048 cognovisti
3096 3976 3220 4030 me?
3264 3973 3532 4045 Philippe,

1951 4073 2044 4144 qui
2097 4088 2184 4129 me
2222 4071 2377 4138 vidit,
2423 4069 2639 4126 Patrem
2671 4084 2854 4126 meum
2891 4067 3027 4122 vidit
3067 4067 3132 4121 ⁸⁸.
3177 4085 3196 4118 ι
3238 4065 3427 4120 Anam.
3473 4064 3533 4119 Si

1951 4165 2101 4221 nosti
2132 4179 2256 4220 eum
2301 4178 2425 4219 esse
2466 4177 2632 4236 supra
2698 4161 2881 4216 omnia
2922 4175 3043 4231 quae
3087 4157 3529 4228 conspiciuntur,

1953 4255 2082 4326 quid
2124 4254 2241 4324 ipse
2273 4252 2341 4309 sit
2379 4253 2556 4308 nosti.
2589 4251 2744 4308 Ortli.
2775 4250 3087 4315 Ridiculum
3119 4248 3375 4319 quiddam
3407 4263 3536 4303 nar-

1953 4363 2066 4413 ras,
2114 4362 2245 4402 num
2293 4346 2441 4401 enim
2500 4344 2628 4416 quia
2677 4344 2916 4399 animam
2962 4342 3090 4397 novi
3132 4356 3300 4412 supra
3348 4342 3532 4396 omnia

269 4435 454 4505 ψυχή;
499 4435 686 4503 Ἀνόμ.
731 4433 871 4503 Ἐγὼ
919 4433 1090 4498 οὕτως
1143 4434 1306 4488 αὐτὸν
1361 4431 1497 4498 οἶδα,
1553 4436 1629 4500 ib;
1685 4436 1846 4499 αὐτὸς

1958 4440 2309 4511 aspectabiha
2345 4453 2578 4510 corpora
2605 4453 2749 4502 esse,
2788 4437 2997 4493 idcirco
3042 4437 3205 4492 etiam
3243 4437 3370 4492 novi
3401 4436 3529 4506 quid

271 4524 462 4576 ἑαυτὸν
519 4520 675 4576 οἶδεν.
731 4524 876 4592 Ὀρθ.
927 4524 991 4576 Τί
1041 4519 1134 4578 οὖν
1193 4525 1339 4579 ἐστιν
1379 4527 1408 4579 6
1449 4525 1614 4592 Θεός;
1653 4527 1840 4596 Ἀνόμ.

1956 4533 2019 4588 sit
2051 4532 2270 4587 anima?
2296 4531 2484 4586 Anam.
2511 4531 2580 4584 At
2597 4546 2697 4602 ego
2719 4547 2840 4586 eum
2866 4531 2990 4587 novi
3029 4539 3090 4584 ut
3130 4531 3245 4601 ipse
3272 4545 3329 4585 se
3357 4530 3528 4584 novit.

269 4615 412 4671 Αὐτὸ
457 4613 518 4668 τὸ
561 4615 871 4686 ἀγέννητον.
920 4616 1066 4684 Ὀρθ.
1101 4615 1174 4668 Τὸ
1221 4617 1440 4683 εἰδέναι,
1494 4617 1574 4670 ὅτι
1624 4617 1850 4688 ἀγέννηο

270 4708 361 4770 τός
391 4707 501 4777 (45)
530 4707 666 4772 ἐστι,
700 4706 854 4760 τοῦτο
881 4709 996 4760 ἐστι
1025 4708 1084 4760 τὸ
1109 4707 1306 4760 εἰδέναι
1343 4708 1434 4761 τὸν
1462 4708 1612 4761 Θεόν.
1657 4710 1845 4778 Ἀνόμ.

272 4801 383 4858 Καὶ
410 4800 572 4854 πάνυ.
610 4800 754 4868 Ὀρθ.
785 4801 993 4853 Ἴσασιν
1017 4795 1108 4854 οὖν
1137 4801 1227 4854 καὶ
1264 4800 1504 4853 Ἰουδαῖοι
1530 4801 1623 4854 καὶ
1652 4802 1848 4874 ’Ἐλλη-

269 4911 363 4957 νες
409 4893 586 4947 τοῦτο.
622 4893 734 4965 Τὴν
772 4892 941 4963 αὐτὴν
973 4893 1083 4963 ἄρα
1125 4894 1237 4955 τοῖς
1273 4892 1546 4957 Ἰουδαίοις
1591 4895 1684 4947 καὶ
1734 4897 1846 4958 τοῖς

272 4987 532 5057 Ἕλλησιν
570 4984 713 5056 ἔχεις
755 4983 976 5052 γνῶσιν,
1021 4988 1132 5048 τοῖς
1165 4984 1238 5057 μὴ
1279 4985 1632 5053 γινώσκουσιν
1661 4987 1842 5040 αὐτόν.

273 5078 398 5130 ’Ότι
421 5075 532 5157 γὰρ
559 5078 588 5130 6
638 5075 712 5147 μὴ
738 5075 1022 5144 γινώσκων
1057 5075 1148 5128 τὸν
1181 5075 1307 5128 Υἱὸν
1351 5076 1411 5129 οὐ
1453 5074 1706 5144 γινώσκει
1754 5078 1845 5131 τὸν

273 5168 516 5240 Πατέρα,
550 5169 619 5221 τὰ
647 5168 956 5237 Εὑαγγέλια
987 5169 1289 5239 εἰρήκασιν.
1331 5169 1528 5238 Ἀνόμ.
1560 5169 1672 5224 Οὐκ
1704 5163 1843 5224 οἶδεν

343 5323 388 5354 ⁸⁷
427 5321 583 5379 Joan.
620 5338 675 5389 ι,
711 5324 797 5379 18.
875 5321 1097 5379 “Joan.
1134 5340 1247 5387 xw,
1283 5323 1336 5379 9.

344 5479 458 5550 (ιθ)
486 5478 564 5533 ita
593 5476 728 5552 Reg.
758 5488 812 5552 et
845 5478 1148 5552 Palatinus.
1181 5478 1325 5552 Editi
1354 5493 1503 5552 vero,
1537 5480 1632 5534 καὶ
1653 5479 1842 5552 πιστὸς

270 5551 361 5622 εἴη
379 5545 580 5622 gem.
616 5545 756 5622 ldém
783 5551 943 5622 infra,
980 5549 1072 5602 καὶ
1101 5549 1350 5614 Ἰουδαῖος
1443 5549 1472 5604 6
1502 5550 1740 5622 ἐρωτῶν.

341 5620 453 5697 (Η)
482 5619 779 5684 Palatinus,
804 5621 975 5674 εἰπεῖν
1001 5638 1102 5675 σοι.

1955 4622 2110 4678 Orth.
2147 4621 2288 4688 Quid
2327 4629 2409 4678 est
2447 4622 2616 4694 igitur
2654 4620 2833 4678 Deus?
2863 4622 3054 4677 Anam.
3100 4622 3283 4692 ipsum
3322 4620 3530 4690 ingeni-

1949 4723 2087 4770 tum.
2124 4715 2276 4771 Orth.
2315 4716 2399 4770 An
2441 4731 2606 4772 nosse
2635 4715 2780 4786 quod
2811 4716 2881 4770 sit
2912 4715 3214 4786 ingenitus,
3247 4721 3330 4768 est
3357 4712 3526 4766 Deum

1951 4809 2160 4863 nosse?
2185 4809 2374 4863 Anam.
2408 4807 2553 4863 Sane
2580 4808 2824 4879 quidem.
2853 4806 3007 4862 Orth.
3035 4807 3197 4876 Atqui
3229 4805 3335 4859 hoc
3364 4805 3526 4860 etiam

1954 4905 2157 4951 norunt
2189 4903 2242 4952 et
2273 4896 2446 4952 Judaei
2488 4907 2544 4953 et
2577 4897 2772 4953 Graeci.
2806 4895 3009 4952 Eadem
3039 4911 3169 4968 ergo
3203 4894 3396 4949 notitia
3427 4893 3525 4948 Dei

1952 4989 2213 5058 praeditus
2262 5005 2322 5045 es
2371 5006 2477 5060 qua
2521 4987 2693 5045 Judaei
2739 4998 2792 5044 et
2831 4988 3026 5052 Graeci,
3069 4989 3160 5059 qui
3194 4988 3372 5058 ipsum
3415 5003 3523 5041 non

1952 5088 2176 5136 norunt.
2223 5080 2520 5138 Tcstantur
2565 5084 2710 5139 enim
2752 5081 3068 5152 Evangelia,
3110 5095 3234 5136 eum
3270 5080 3363 5149 qui
3414 5096 3522 5132 non

1951 5172 2233 5242 cognoscit
2267 5171 2484 5237 Filium,
2533 5189 2635 5228 nec
2679 5173 2894 5229 Patrem
2943 5187 3128 5227 nosse.
3163 5171 3354 5224 Anam.
3402 5167 3522 5223 Non

2020 5478 2128 5548 (42)
2159 5476 2461 5548 Palatinus,
2486 5479 2762 5543 Ἰουδαῖος.

1930 5608 1982 5674 ,ἀ
2019 5547 2256 5690 (éti)oSic
2281 5548 2583 5615 Palatinus,
2615 5550 2703 5604 hic
2730 5555 2784 5606 et
2806 5549 2890 5605 bis
2911 5547 3158 5605 inferius.
3190 5549 3331 5605 Editi
3360 5563 3514 5604 vero.

1986 5637 2019 5689 γ
2118 5637 2147 5673 τ
2179 5637 2226 5672 ν.
