3870 6208
374 302 516 356 ma

1532 295 1588 353 S.
1630 293 2093 352 ATHANASIUS.
2131 323 2201 335 -—
2241 289 2513 347 SPURIA.

3478 281 3647 339 "28'

370 422 539 490 igitur
568 421 722 475 novit
754 418 899 475 Deus
931 434 992 475 se
1021 434 1142 474 esse
1184 417 1529 490 ingenitum?
1561 418 1713 474 Orth.
1746 419 1816 472 At
1842 419 1944 474 hoc

2051 411 2142 470 οὖν
2170 417 2198 469 ό
2227 415 2359 478 Θεὸς
2400 413 2697 483 ἀγέννητον
2737 408 2954 474 ὲαυτόν;
2994 406 3150 475 Ὀρθ.
3185 404 3306 458 Ἀλλ
3359 405 3420 458 οὐ
3463 404 3631 458 τοῦτό

368 510 594 567 minime
621 511 795 581 ipsius
821 518 906 566 est
944 510 1184 566 essentia
1220 510 1365 580 quod
1410 511 1943 581 comprehendimus.

371 602 564 655 Anam.
600 604 681 656 An
708 618 868 657 unam
897 602 1037 657 dicis
1066 601 1345 666 deitatem,
1377 609 1430 656 et
1454 611 1564 657 tres
1588 603 1951 674 hypostases?

375 688 529 745 Orth.
564 690 679 745 Tua
714 692 936 763 quidem
980 692 1073 746 illa
1112 690 1338 755 notitia,
1375 707 1535 761 quam
1570 694 1724 762 prius
1756 691 1949 746 adcre-

372 778 494 844 bas,
545 781 825 836 confutata
870 791 954 838 est
997 801 1008 835 :
1060 782 1157 837 tibi
1206 797 1338 836 vero
1387 783 1466 837 sic
1519 784 1683 837 etiam
1731 800 1949 853 respon-

378 868 521 927 d'ebo
558 893 570 926 -.
605 872 768 927 Aliud
811 881 895 928 est
930 873 1263 945 hypostasis,
1292 883 1345 928 et
1393 875 1538 928 aliud
1580 875 1756 929 deitas
1790 893 1805 930 :
1840 891 1947 930 non

372 969 432 1016 ut
463 964 570 1017 alia
618 974 672 1019 et
722 964 829 1018 alia
867 980 954 1019 res
993 982 1008 1028 ;
1052 965 1147 1019 sed
1186 966 1330 1035 quod
1371 966 1683 1036 hypostasis
1725 968 1946 1036 quidem

372 1053 544 1116 aliud,
594 1054 741 1108 aliud
787 1069 915 1109 vero
947 1053 1121 1110 deitas
1151 1055 1436 1126 significet.
1470 1054 1603 1110 Nam
1639 1057 1947 1127 hypnstasis

370 1145 433 1198 τὸ
468 1141 629 1210 εἶναι,
669 1145 723 1199 id
768 1158 873 1207 est,
910 1166 929 1199 ι
970 1162 1112 1214 esset,
1152 1166 1171 1199 ι
1205 1147 1380 1203 deitas
1426 1165 1573 1211 vero,
1608 1149 1669 1202 τὸ
1702 1150 1756 1202 τὶ
1783 1146 1944 1214 εἶναι,

373 1234 428 1289 id
456 1244 560 1300 est,
582 1255 599 1286 ι
632 1237 887 1307 quiddam
918 1254 1057 1303 esse,
1098 1257 1115 1289 ι
1142 1240 1435 1311 signiﬁcat.
1462 1244 1651 1297 Anam.
1678 1240 1791 1296 Hoc
1819 1258 1949 1298 vero

372 1328 685 1397 cujusmodi
734 1331 851 1386 est?
895 1329 1047 1386 Orth.
1084 1330 1154 1386 Ut
1199 1341 1326 1387 sunt
1374 1331 1543 1399 Petri,
1584 1340 1638 1389 et
1678 1331 1854 1399 Pauli,
1894 1341 1950 1389 et

370 1419 643 1474 Timothei
716 1429 827 1476 tres
895 1421 1258 1493 hypostases,
1312 1430 1369 1478 et
1438 1439 1547 1478 una
1610 1424 1949 1481 humanitas.

372 1514 562 1567 Anam.
596 1511 737 1583 Ergo
783 1523 893 1570 tres
935 1523 1061 1570 sunt
1107 1514 1204 1571 dii.
1244 1514 1398 1574 Orth.
1439 1516 1597 1572 Absit
1639 1524 1699 1571 ut
1728 1517 1830 1571 hoc
1864 1516 1950 1570 di-

372 1602 526 1653 cam!
579 1602 771 1657 Anam.
825 1602 882 1657 Si
937 1604 1011 1659 ita
1049 1613 1181 1659 sunt
1226 1605 1571 1677 hypostases,
1606 1614 1664 1661 ut
1707 1605 1850 1661 Petri
1893 1615 1949 1661 et

369 1689 562 1758 Pauli,
594 1700 649 1747 et
681 1691 989 1758 Timothei,
1022 1703 1136 1751 tres
1169 1704 1297 1751 sunt
1336 1696 1412 1750 dii
1451 1716 1464 1751 :
1507 1695 1947 1767 quandoquidem

370 1780 586 1849 Petrus,
621 1797 674 1840 et
710 1785 934 1850 Paulus.
970 1795 1024 1843 et
1053 1787 1395 1854 Timotheus,
1437 1798 1549 1845 tres
1601 1797 1729 1846 sunt
1769 1789 1947 1844 homi-
1977 1775 2021 1830 Β

370 1890 492 1930 nes.
528 1874 681 1931 Orth.
708 1876 788 1933 Ne
829 1879 885 1933 hi
934 1874 1155 1949 quidem
1188 1887 1321 1934 sunt
1350 1878 1515 1952 409
1546 1890 1656 1937 tres
1677 1897 1743 1935 ex
1774 1881 1951 1936 sacris

370 1962 611 2025 Litteris.
648 1987 667 2019 ι
703 1967 837 2022 Nam
873 1969 930 2024 in
958 1969 1179 2027 Christo
1210 1969 1338 2026 Jesu
1381 1987 1489 2026 non
1520 1980 1604 2027 est
1636 1960 1945 2036 masculus,

372 2075 553 2129 neque
586 2058 810 2124 femina,
841 2075 949 2115 non
979 2071 1066 2117 est
1102 2061 1324 2119 Graecus
1364 2070 1418 2118 et
1445 2062 1685 2130 Iudaeus,
1723 2081 1831 2121 non
1865 2072 1949 2121 est

374 2166 568 2207 servus
618 2159 672 2207 et
730 2152 888 2219 liber,
937 2154 1032 2209 sed
1073 2169 1263 2210 omnes
1306 2157 1362 2209 in
1404 2154 1624 2212 Christo
1660 2172 1828 2211 unum
1863 2173 1950 2212 su-

373 2258 496 2298 mus
532 2243 599 2298 ".
656 2262 676 2294 ι
716 2244 907 2298 Anam.
948 2244 1145 2299 Annon
1196 2246 1362 2316 igitur
1407 2252 1519 2302 tres
1565 2254 1693 2301 sunt
1729 2246 1945 2313 Petrus,

374 2334 600 2396 Paulus.
655 2346 710 2390 et
757 2338 1119 2394 Timotheus?
1150 2336 1304 2394 Orth.
1350 2337 1487 2395 Tres
1528 2340 1748 2410 quidem
1795 2349 1946 2407 sunt,

375 2434 431 2480 at
459 2442 566 2481 non
597 2434 708 2483 tres
748 2427 1020 2484 homines.
1054 2430 1245 2485 Anam.
1276 2428 1594 2495 Quomodo?
1622 2428 1774 2485 Orth.
1809 2430 1949 2498 Quia

375 2529 507 2575 tunc
537 2528 652 2577 tres
698 2530 827 2577 sunt
873 2523 1143 2587 homines,
1172 2539 1295 2578 cum
1322 2522 1589 2579 dissimile
1621 2540 1717 2580 cor
1742 2526 1947 2582 habue-

374 2611 508 2676 rint,
552 2621 612 2667 ut
660 2612 883 2670 Graecus
921 2624 973 2670 et
1020 2612 1266 2678 Iudaeus,
1302 2622 1357 2670 et
1398 2615 1748 2672 Christianus
1799 2632 1813 2668 :
1860 2616 1945 2672 sin

373 2720 506 2761 vero
535 2705 676 2760 idem
709 2705 914 2769 dicant,
957 2724 1056 2763 nec
1099 2710 1209 2765 sint
1243 2709 1383 2763 inter
1416 2724 1512 2764 eos
1541 2708 1790 2773 dissidia,
1834 2718 1949 2766 tres

376 2793 596 2865 quidem
621 2794 962 2867 hypostases,
989 2798 1081 2853 sed
1116 2815 1259 2855 unus
1288 2798 1344 2853 in
1367 2797 1617 2862 Domino,
1645 2799 1739 2870 qui
1779 2814 1946 2854 unum

375 2885 619 2940 animum
665 2893 720 2941 et
761 2902 928 2941 unum
983 2903 1082 2941 cor
1127 2887 1361 2942 habeant
1406 2907 1420 2943 :
1467 2895 1523 2943 et
1566 2896 1679 2945 tres
1724 2888 1946 2958 quidem

378 2984 510 3033 sunt
540 2993 791 3042 numero,
824 2985 879 3033 at
915 2995 1023 3033 non
1055 2980 1200 3049 quod
1229 2980 1500 3035 diversam
1532 2982 1671 3035 inter
1698 2996 1757 3035 se
1786 2989 1946 3034 natu—

375 3084 491 3122 ram
529 3070 611 3123 vel
651 3069 925 3125 diversum
973 3086 1067 3125 cor
1110 3072 1367 3126 habeant.
1422 3072 1611 3127 Anam.
1665 3072 1776 3142 Ego
1824 3085 1940 3135 eos,

375 3160 472 3230 qui
503 3167 615 3217 tres
638 3170 787 3223 sunt,
815 3170 929 3217 tres
962 3177 1084 3217 esse
1110 3163 1251 3217 dico.
1285 3162 1436 3218 Orth.
1470 3163 1536 3217 At
1561 3180 1659 3227 ego
1691 3170 1801 3216 tres
1823 3178 1945 3218 esse

374 3250 519 3310 dico,
552 3251 599 3306 si
632 3252 774 3306 inter
817 3267 876 3306 se
913 3251 1273 3306 dissenserint
1311 3268 1324 3303 :
1369 3252 1514 3323 quod
1552 3255 1597 3308 si
1643 3251 1942 3308 secundum

377 3357 589 3396 sacram
632 3340 970 3412 Scripturam
1012 3342 1237 3413 perfecti
1281 3343 1480 3398 fuerint
1527 3345 1716 3400 eadem
1765 3357 1943 3403 mente

374 3441 429 3487 et
478 3434 766 3496 sententia,
822 3450 987 3488 unum
1036 3450 1163 3490 esse
1211 3450 1412 3489 novum
1467 3436 1742 3492 hominem
1795 3437 1940 3503 dico,

374 3526 724 3580 manentibus
767 3534 947 3581 tamen
994 3526 1404 3598 hypostasihus.
1446 3528 1635 3581 Anam.
1685 3526 1791 3583 Sed
1829 3529 1943 3585 haec

374 3614 441 3669 de
477 3615 790 3672 hominibus
837 3617 1097 3673 dicuntur
1141 3634 1154 3671 :
1191 3619 1248 3674 in
1280 3619 1388 3675 Deo
1415 3635 1546 3675 vero
1577 3620 1737 3676 aliter
1770 3636 1827 3675 se
1855 3637 1945 3677 res

374 3706 556 3762 habet.
591 3706 742 3764 Orth.
789 3707 845 3764 Si
893 3709 948 3764 in
991 3710 1058 3765 iis
1106 3725 1227 3781 qum
1274 3713 1632 3782 corporaliter
1690 3720 1941 3782 separata

376 3806 525 3861 sunt,
568 3800 731 3855 modo
776 3801 940 3855 animi
983 3804 1255 3857 sententia
1294 3817 1402 3856 non
1435 3802 1755 3869 dissideant,
1781 3802 1943 3858 habet

378 3885 659 3958 Scriptura
700 3907 858 3955 unus,
899 3899 953 3947 et
994 3908 1177 3955 unum,
1230 3895 1401 3948 multo
1446 3894 1619 3964 magis
1655 3894 1707 3949 id
1755 3894 1943 3949 dicen-

373 3979 503 4033 dum
542 3988 627 4035 est
679 3981 736 4038 in
779 3983 847 4038 iis
892 3998 1013 4054 quae
1061 3983 1286 4038 materia
1347 3991 1402 4039 et
1440 4000 1671 4055 corpore
1730 3993 1938 4040 carent.

372 4070 483 4124 Aut
522 4071 689 4142 igitur
740 4073 795 4128 in
843 4073 964 4130 istis
1014 4076 1203 4144 ponito
1252 4090 1375 4132 esse
1420 4075 1668 4143 dissidia,
1725 4083 1785 4130 ut
1828 4083 1939 4133 tres

2049 514 2197 565 ἐστιν
2222 507 2386 563 αὑτοῦ
2427 509 2460 580 ή
2492 507 2666 572 οὑσία,
2702 506 2731 559 ὃ
2762 501 3184 573 κατειλήφαμεν.
3232 500 3429 568 Ἀνόμ.
3472 498 3630 553 Μίαν

2048 603 2227 672 λέγεις
2254 601 2500 671 θεότητα,
2525 600 2618 652 καὶ
2641 600 2787 670 τρεῖς
2814 594 3163 658 ὑποστάσεις;
3195 595 3350 659 Ὀρθ.
3384 591 3651 673 Λέλυταιν

2051 694 2149 764 μέν
2184 710 2276 746 σου
2317 693 2353 764 ἡ
2394 691 2654 762 πρότερον
2698 686 2916 757 γνῶσις.
2968 681 3386 755 Ἀποκρινοῦμαι
3431 681 3490 733 δέ
3537 680 3659 732 σοι’

2048 786 2141 840 καὶ
2165 784 2336 847 οὑτως
2357 800 2371 814 °
2409 782 2569 835 Ἀλλο
2603 780 2747 833 ἐστὶν
2776 779 3088 840 ὑπόστασις,
3120 777 3213 829 καὶ
3236 774 3360 829 ἄλλο
3393 772 3633 843 θεότηςα

2047 877 2145 947 οὑχ
2177 876 2251 939 ὡς
2287 874 2414 928 ἄλλο
2441 875 2670 947 πρᾶγμα
2708 872 2800 925 καὶ⁵
2844 870 2988 925 ἄλλο.
3022 868 3139 922 ἀλλ’
3166 868 3241 930 ὼς
3269 867 3393 922 ἄλλο
3436 884 3489 918 τι
3522 882 3647 934 στι-ε

2051 966 2347 1039 μαινούσης
2378 966 2477 1035 τῆς
2519 963 2886 1025 ὑποστάσεως,
2917 962 3009 1014 καὶ
3041 959 3167 1013 ἄλλο
3198 961 3296 1029 τῆς
3341 957 3620 1027 θεότητος.

2061 1060 2123 1113 Ἦ
2160 1059 2257 1130 μὲν
2296 1058 2402 1130 γὰρ
2450 1057 2742 1118 ὑπόστασις
2778 1074 2796 1105 ι
2832 1055 2892 1107 τὸ
2938 1051 3076 1105 εἶναι
3104 1071 3123 1103 ι
3176 1050 3452 1122 σημαίνει·
3492 1052 3525 1119 ἠ
3560 1049 3623 1101 δὲ

2048 1147 2235 1220 θεότης
2267 1168 2283 1199 ι
2312 1147 2371 1200 τὸ
2396 1147 2449 1200 τί
2470 1142 2627 1203 εἶναι.
2660 1166 2677 1198 ι
2701 1146 2906 1214 .Ἀνόμ.
2933 1139 3076 1205 Οἴον,
3108 1143 3183 1206 ὡς
3213 1141 3305 1205 τίς
3341 1141 3497 1207 Ὀρθ.
3530 1140 3621 1203 Ὡς

2049 1240 2277 1312 Πέτρου,
2316 1240 2411 1292 καὶ
2453 1238 2686 1300 Παύλου,
2737 1238 2831 1290 καὶ
2876 1234 3139 1305 Τιμοθέου
3186 1235 3332 1303 τρεῖς
3372 1230 3620 1284 ὑποστά-

2050 1350 2182 1395 σεις,
2208 1333 2301 1385 καὶ
2328 1332 2425 1403 μία
2451 1330 2819 1403 ἀνθρωπότης.
2844 1328 3041 1395 Ἀνόμ.
3071 1324 3277 1378 Οὐκοῦν
3303 1325 3450 1394 τρεῖς
3476 1320 3618 1387 θεοί;

2062 1416 2207 1493 Ὸρθξ
2240 1423 2333 1495 Μὴ
2360 1424 2565 1493 γένοιτο
2595 1423 2795 1475 εἰπεῖνί
2839 1421 3037 1489 Ἀνόμ.
3071 1420 3133 1472 Εἰ
3173 1418 3345 1481 οὕτως
3377 1419 3517 1470 εἰσὶν
3560 1418 3619 1471 αἱ

2048 1517 2371 1581 ὑποστάσεις
2401 1517 2476 1579 ὡς
2518 1516 2747 1587 Πέτρου,
2792 1515 2885 1568 καὶ
2929 1512 3163 1575 Παύλου,
3202 1510 3296 1564 καλ⁵
3325 1509 3622 1580 Τιμοθέου,

2046 1613 2193 1682 τρεῖς
2220 1611 2361 1664 Θεοί·
2396 1611 2545 1681 τρεῖς
2576 1608 2684 1678 γὰρ
2729 1607 3020 1677 ἄνθρωποι,
3055 1604 3281 1674 Πέτρος,
3321 1603 3416 1655 καὶ
3462 1600 3623 1654 Παῦ-

2047 1702 2158 1766 λος,
2194 1703 2287 1755 καὶ
2331 1700 2609 1771 Τιμόθεος.
2642 1700 2786 1768 Ὀρθ.
2840 1696 2998 1752 Κατὰ
3043 1696 3140 1759 τὰς
3173 1695 3321 1758 θείας
3367 1692 3621 1765 Γραφὰς,

2047 1793 2228 1848 οὑκέτι
2268 1792 2387 1847 οὑδὲ
2439 1793 2591 1847 αὑτοὶ
2633 1794 2782 1862 τρεῖς
2813 1790 3106 1860 ἅνθρωποι.
3142 1807 3162 1839 ‹
3207 1788 3294 1841 Ἑν
3336 1788 3446 1858 γὰρ
3480 1787 3619 1856 Χρι-

2049 1884 2158 1957 στῷ
2198 1884 2371 1957 Ἰησοῦ
2404 1886 2502 1938 οὑκ
2529 1884 2605 1937 ἔνι
2644 1884 2808 1955 άρσεν
2848 1883 2943 1935 καὶ
2984 1882 3134 1951 θῆλυ,
3180 1881 3278 1933 οὑκ
3311 1879 3387 1932 ἔνι
3416 1878 3622 1949 Ἕλλην

2047 1978 2143 2032 καὶ
2179 1977 2447 2041 Ἰουδαῖος,
2488 1977 2587 2029 οὑκ
2619 1976 2697 2029 ἔνι
2724 1974 2906 2037 δοῦλος
2936 1974 3030 2027 καὶ
3063 1970 3342 2043 ἐλεύθερος
3366 1986 3381 1999 ·
3416 1970 3533 2024 ἀλλ’
3566 1971 3621 2023 οἱ

2048 2070 2245 2133 πάντες
2293 2071 2350 2123 tv
2386 2066 2605 2140 Χριστῷ
2645 2066 2704 2120 tv
2743 2067 2928 2133 ἐσμεν.
2980 2083 2997 2115 ι
3042 2065 3236 2131 Ἀνόμ.
3276 2061 3473 2115 Οὑκέτι
3522 2058 3627 2114 οὖν

2046 2165 2154 2216 εἰσι
2181 2163 2348 2234 τρεῖς,
2386 2161 2608 2231 Πέτρος,
2638 2158 2729 2211 καὶ
2759 2156 2987 2218 Παῦλος,
3016 2157 3108 2207 καὶ
3134 2154 3423 2224 Τιμόθεος;
3460 2153 3621 2222 Ὀρθ.

2047 2253 2207 2324 Τρεῖς
2252 2251 2350 2321 μέν
2390 2252 2563 2311 εἰσιν,
2611 2246 2724 2300 ἀλλ’
2766 2247 2826 2299 οὑ
2874 2248 3022 2316 τρεῖς
3064 2242 3359 2315 ἄνθρωποι.
3413 2243 3619 2312 Ἀγόμ.

2046 2343 2202 2409 Πῶς;
2231 2344 2383 2409 Ὀρθ.
2409 2343 2529 2395 Ὅτι
2558 2343 2704 2412 τρεῖς
2726 2342 2859 2393 εἰσιν
2887 2338 3176 2408 ἄνθρωποι,
3206 2337 3332 2388 ὅταν
3357 2335 3625 2406 ἀνομοίαν

2047 2436 2210 2506 ἔχωσι
2254 2435 2352 2505 τὴν
2397 2433 2645 2504 καρδίαν,
2690 2431 2765 2495 ὡς
2803 2429 3019 2501 Ἕλλην,
3061 2428 3155 2482 καὶ
3204 2428 3473 2491 Ἰουδαῖος,
3524 2428 3623 2479 καὶ

2045 2526 2363 2597 Χριστιανός
2382 2543 2395 2555 ·
2426 2525 2553 2577 ὅταν
2583 2523 2638 2576 δὲ
2665 2522 2727 2575 τὸ
2750 2521 2877 2576 αὑτὸ
2901 2520 3119 2588 λέγωσι,
3157 2518 3250 2573 καὶ
3279 2518 3354 2589 μὴ
3380 2517 3529 2571 ἐστιν
3558 2520 3625 2571 ὲν

2046 2619 2228 2681 αὑτοῖς
2258 2617 2550 2689 σχίσματα,
2581 2617 2728 2687 τρεῖς
2764 2613 2859 2685 μέν
2903 2614 3038 2666 εἰσιν
3076 2612 3418 2677 ὑποστάσεις,
3451 2606 3533 2673 εἷς
3556 2610 3618 2663 δὲ

2045 2713 2102 2764 tv
2142 2709 2350 2782 Κυρίῳ,
2398 2709 2527 2782 μίαν
2568 2707 2743 2778 ψυχὴν
2778 2706 2989 2777 ἔχοντες
3035 2705 3129 2758 καὶ
3172 2704 3300 2774 μίαν
3348 2702 3619 2775 καρδίαν·

2045 2801 2137 2855 καὶ
2165 2803 2312 2871 τρεῖς
2357 2799 2457 2871 μέν
2490 2801 2626 2853 είσιν
2656 2796 2890 2869 ἀριθμῷ,
2922 2795 3035 2850 ἀλλ’
3064 2795 3161 2865 οὑχ
3200 2793 3473 2864 ἑτερότητι
3515 2794 3623 2862 φῦ-

2047 2907 2183 2954 σεως
2208 2890 2239 2960 ἢ
2269 2889 2514 2960 καρδίας.
2553 2889 2747 2956 Ἀνόμ.
2784 2886 2922 2954 Ἐγὼ
2948 2886 3072 2948 τοὺς
3097 2887 3244 2956 τρεῖς
3267 2887 3416 2955 τρεῖς
3447 2884 3625 2951 λέγω.

2057 2981 2208 3049 Ὀρθ.
2245 2982 2386 3050 Ἐγὼ
2407 2981 2463 3034 δὲ
2494 2983 2641 3052 τρεῖς
2668 2980 2831 3048 λέγω,
2858 2979 2983 3031 ὅταν
3072 2979 3128 3029 ὲν
3158 2977 3342 3039 αὑτοῖς
3371 2975 3579 3047 σχίσμα
3599 2992 3617 3005 ο

2046 3074 2138 3127 ἐὰν
2163 3073 2218 3127 δὲ
2248 3072 2387 3127 κατὰ
2414 3072 2513 3136 τὰς
2540 3071 2699 3139 ἁγίας
2720 3069 2937 3140 Γραφὰς
2961 3068 3221 3137 γένωνται
3250 3084 3388 3136 κατη
3399 3066 3625 3136 ρτισμέ-

2050 3182 2129 3217 νοι
2158 3163 2217 3217 tv
2246 3162 2324 3233 τῷ
2347 3161 2494 3232 αὑτῷ
2519 3159 2620 3223 νοῒ,
2651 3160 2744 3213 καὶ
2770 3160 2827 3211 ἐν
2849 3162 2914 3230 τῇ
2943 3160 3078 3227 αὑτῇ
3109 3156 3322 3227 γνώμῃ,
3345 3157 3443 3210 ’ἐνα
3471 3155 3623 3225 λέγω

2049 3255 2232 3309 καινὸν
2260 3254 2562 3326 ἄνθρωπον,
2602 3251 2741 3323 μετὰ
2778 3251 2873 3305 τοῦ
2920 3252 3097 3322 μένειν
3130 3252 3229 3313 τὰς
3265 3252 3616 3315 ὑποστάσεις.

2061 3345 2255 3415 Ἀνόμ.
2296 3345 2453 3399 Ἀλλὰ
2491 3343 2663 3399 ταῦτα
2693 3344 2785 3397 ἐπὶ
2819 3342 3119 3415 ἀνθρώπων
3146 3344 3390 3413 είρηται’
3435 3343 3531 3396 ἐπὶ
3558 3343 3621 3396 δὲ

2048 3436 2183 3490 Θεοῦ
2218 3436 2407 3501 ἄλλως.
2456 3439 2607 3505 Ὀρθ.
2647 3437 2709 3489 Εἰ
2738 3435 2830 3489 ἐπὶ
2866 3435 2972 3488 τῶν
3002 3435 3344 3508 διῃρημένων
3375 3451 3625 3505 σωματις

2049 3530 2181 3594 κῶς,
2213 3530 2340 3584 ὅταν
2548 3528 2752 3599 σχίσμα
2800 3526 3055 3591 διανοίας,
3088 3527 3149 3579 τὸ
3193 3521 3273 3590 εἷς
3321 3526 3415 3579 καὶ
3449 3526 3513 3578 τὸ
3556 3526 3622 3579 ἓν

2046 3625 2221 3675 κεῖται
2246 3624 2302 3675 tv
2330 3623 2396 3693 τῇ
2426 3623 2633 3692 γραφῇ,
2668 3619 2844 3691 πολλῷ
2872 3618 3029 3672 πλέον
3059 3619 3150 3672 ἐπὶ
3175 3618 3282 3671 τῶν
3312 3617 3491 3670 άΰλων
3520 3619 3621 3672 καὶ

2045 3713 2154 3767 τῶν
2183 3713 2505 3786 ἀσωμάτων.
2534 3714 2605 3766 Ἦ
2636 3712 2815 3766 τοίνυν
2845 3711 2930 3775 δὸς
2958 3712 3075 3764 ἐκεῖ
3101 3710 3391 3781 σχίσματα,
3422 3709 3510 3762 ἵνα
3538 3710 3620 3762 ετ-

2047 3824 2236 3877 πωμεν
2278 3809 2425 3878 τρεῖς
2467 3805 2653 3869 θεοὺς,
2680 3805 2773 3859 τοῦ
2820 3804 2918 3876 μὲν
2958 3803 3073 3856 τόδε
3122 3802 3382 3866 θέλοντος,
3426 3801 3521 3855 τοῦ
3556 3801 3619 3855 δὲ

2046 3898 2160 3951 τόδε
2185 3914 2199 3929 ⁸
2233 3897 2289 3969 ἢ,
2321 3899 2367 3951 εί
2404 3896 2515 3969 (44)
2566 3897 2666 3950 οὑκ
2701 3895 2779 3949 ἔνι
2828 3895 3047 3966 σχίσμα,
3094 3888 3174 3957 εἷς
3218 3892 3352 3956 Θεὸς
3401 3891 3615 3962 Πατὴρ,

2046 3989 2139 4042 καὶ
2171 3988 2317 4054 Υἱὸς,
2347 3989 2442 4043 καὶ
2474 3988 2625 4057 ἆγιον
2661 3985 2903 4057 Πνεῦμα,
2933 3985 3009 4048 ὼς
3041 3980 3119 4047 εἷς
3152 3982 3436 4054 ἄνθρωπος
3472 3982 3524 4033 oi
3555 3983 3620 4033 ἐν

2044 4079 2261 4153 Χριστῷ
2290 4079 2732 4152 κατηρτισμένοι,
2762 4076 2941 4140 καθὼς
2966 4077 3290 4147 γέγραπται.

373 4162 506 4220 deos
534 4163 803 4232 dicamus,
837 4168 1093 4238 quoniam
1159 4185 1304 4227 unus
1363 4170 1533 4235 istud,
1603 4170 1744 4226 alius
1776 4171 1913 4227 illud
1947 4174 2122 4229 velit:
2175 4183 2268 4230 aut
2318 4175 2365 4232 si
2425 4176 2574 4230 nulla
2624 4182 2709 4230 est
2765 4175 2819 4227 in
2866 4173 2935 4228 iis
3012 4170 3303 4233 dissensio,
3353 4183 3501 4222 unus
3544 4169 3618 4222 sit

373 4255 519 4313 Deus
541 4256 720 4325 Pater,
766 4269 820 4317 et
857 4261 1048 4329 Filius,
1098 4271 1153 4320 et
1199 4262 1436 4336 Spiritus
1495 4273 1718 4322 sanctus
1767 4281 1780 4318 :
1832 4270 2291 4349 quemadmodum
2314 4270 2488 4343 quiin
2520 4270 2741 4326 Christo
2765 4276 2892 4325 sunt
2947 4266 3194 4338 perfecti,
3255 4280 3400 4320 unus
3449 4263 3616 4319 homo

374 4360 524 4417 sunt,
556 4354 698 4409 sicut
728 4358 990 4427 scriptum
1021 4366 1126 4414 est.

446 4446 807 4505 5.Anomaeus.
849 4450 1006 4508 Nulla
1028 4461 1112 4509 est
1138 4454 1304 4525 igitur
1324 4452 1626 4510 dili'erentia
1657 4455 1861 4523 Patris,
1890 4462 1944 4512 et

2115 4458 2499 4527 5.Ἀνόμσιος.
2537 4454 2649 4509 Οὐκ
2692 4454 2835 4507 ἔστιν
2866 4448 2958 4507 οὖν
2982 4451 3209 4525 διαφορὰ
3245 4451 3483 4523 Πατρὺς,
3519 4455 3614 4507 καὶ

373 4537 519 4603 Filii,
552 4547 606 4594 et
646 4540 881 4611 Spiritus
912 4546 1137 4601 sancti?
1189 4547 1343 4601 Orth.
1384 4547 1541 4603 Nulla
1588 4565 1721 4606 sane
1764 4566 1941 4621 neque

375 4630 432 4683 in
472 4641 686 4696 natura,
728 4649 903 4703 neque
947 4636 1005 4692 in
1054 4639 1352 4707 voluntate,
1394 4641 1489 4697 sed
1529 4641 1584 4696 in
1620 4657 1687 4697 eo
1735 4643 1939 4713 aliqua,

375 4720 521 4792 quod
556 4722 778 4793 gignere
805 4733 858 4781 et
885 4727 1056 4799 gigni,
1088 4733 1339 4787 emittere
1369 4744 1421 4787 et
1450 4734 1762 4802 procedere,
1802 4733 1935 4789 inte!

377 4832 437 4869 se
466 4815 732 4874 differant.
775 4820 964 4876 Anam.
998 4821 1139 4889 Quid
1170 4833 1254 4881 est
1283 4826 1503 4899 gignere
1523 4834 1577 4882 et
1598 4827 1944 4899 gigni,emit-

377 4916 493 4963 tere
540 4918 594 4964 et
640 4912 972 4979 procedere?
1024 4914 1175 4973 Orth.
1218 4916 1342 4974 Haec
1379 4918 1454 4974 ita
1496 4919 1774 4985 dicuntur,
1815 4922 1943 4991 quia

377 4996 538 5054 Pater
587 5001 806 5071 quidem
856 5005 1048 5076 gignit.
1089 5006 1143 5062 id
1190 5014 1293 5073 est,
1338 5007 1571 5079 genuit:
1604 5007 1775 5065 Filius
1815 5024 1942 5065 vero

382 5090 639 5162 gignitur,
682 5094 735 5149 id
774 5103 878 5163 est,
924 5098 1137 5168 genitus
1174 5106 1259 5155 est
1293 5118 1305 5154 :
1347 5108 1403 5155 et
1437 5099 1563 5170 quia
1614 5100 1730 5171 ipse
1780 5099 1941 5157 Pater

382 5185 575 5240 emittit
614 5184 898 5257 Spiritum,
956 5188 1011 5244 id
1067 5197 1151 5246 est
1206 5191 1406 5248 emisit.
1467 5191 1702 5262 Spiritus
1759 5201 1941 5249 autem

381 5275 622 5345 procedit
644 5279 713 5344 ⁷⁸,
747 5278 801 5335 id
833 5286 938 5345 est,
972 5281 1258 5351 processit.
1315 5282 1507 5338 Anam.
1540 5282 1813 5351 Procedit,
1858 5284 1944 5338 in-

381 5365 519 5433 quit,
565 5382 695 5424 nutn
724 5383 855 5425 vero
904 5371 1067 5427 etiam
1100 5373 1407 5444 processit?
1454 5373 1602 5432 Orth.
1656 5374 1841 5431 Itidem
1875 5374 1943 5430 de

451 5520 498 5550 ⁶⁹
530 5518 705 5576 Galat.
739 5537 820 5588 In,
848 5521 939 5579 28.
1015 5527 1062 5558 ⁷⁰
1098 5525 1253 5584 Joan.
1290 5545 1378 5594 xv,
1405 5529 1494 5584 26.

457 5669 566 5740 (Η)
596 5673 655 5728 Et
678 5674 831 5733 abest
859 5693 887 5732 a
916 5679 1178 5736 Palatino.

2046 4550 2199 4614 Υίοῦ,
2230 4550 2322 4604 καὶ
2355 4550 2511 4617 ἁγίου
2539 4547 2882 4619 Πνεὺματος;
2912 4546 3065 4615 Ὄρθ.
3102 4545 3191 4597 Ἐν
3222 4546 3288 4614 τῇ
3325 4544 3487 4612 φύσει
3514 4546 3574 4599 οὑ
3594 4564 3609 4578 ·

2036 4641 2104 4701 ιέν
2124 4641 2202 4713 τῷ
2225 4642 2484 4712 θελήματι
2507 4639 2567 4694 οῦ
2591 4656 2603 4667 ·
2634 4641 2691 4692 tv
2731 4639 2808 4709 τῷ
2835 4638 3024 4706 γεννᾷν
3047 4636 3139 4689 καὶ
3166 4635 3480 4703 γεννᾶσθαι,
3518 4637 3613 4690 καὶ

2039 4733 2348 4804 εκπέμπειν
2382 4731 2490 4804 (45)
2533 4729 2626 4784 καὶ
2676 4726 3081 4801 ἐκπορεύεσθαι,
3139 4724 3245 4778 ναί.
3299 4726 3502 4795 Ἀνόμ.
3546 4728 3613 4779 Τί

2038 4828 2159 4881 ἐστι
2205 4825 2397 4895 γεννᾷν
2428 4823 2520 4876 καὶ
2547 4819 2855 4891 γεννᾶσθαι,
2890 4819 2983 4871 καὶ
3028 4816 3333 4887 ἐκπέμπειν
3372 4819 3466 4871 καὶ
3516 4819 3612 4870 ὲκ-

2040 4916 2404 4989 .πορεύεσθαι;
2428 4916 2583 4983 Ὀρθ.
2601 4912 2770 4967 Ὅτιὸ
2793 4911 2889 4981 μὲν
2913 4907 3100 4981 Πατὴρ
3125 4908 3308 4979 γεννᾷ,
3333 4906 3616 4960 τουτέστιν

2047 5009 2360 5079 ἐγέννησενο
2388 5007 2417 5060 ὁ
2442 5005 2500 5059 δὲ
2538 5002 2665 5066 Υἱὸς
2690 5003 2962 5071 γεννᾶται,
2988 4998 3232 5052 τουτέστι
3254 4997 3609 5069 γεγέννηται·

2042 5101 2138 5155 καὶ
2157 5100 2238 5153 ὅτι
2265 5096 2423 5161 αὐτὸς
2446 5097 2474 5149 ὀ
2501 5095 2684 5167 Πατὴρ
2710 5091 2983 5163 ἐκπέμπει
3008 5090 3068 5144 τὸ
3091 5089 3315 5159 Πνεῦμα
3337 5088 3615 5142 τουτέστιν

2047 5189 2461 5260 ὲξέπεμψε.Καὶ
2472 5187 2532 5241 τὸ
2560 5184 2781 5256 Πνεῦμα
2814 5182 3187 5255 ἐκπορεύεται,
3207 5178 3507 5243 τουτέστιν,
3521 5180 3611 5232 ὲκ-

2049 5283 2394 5354 πεπόρευται,
2423 5280 2621 5348 Ἀνόμ.
2653 5275 3060 5347 Ἐκπορεύεται,
3085 5271 3236 5326 εἴπεο
3263 5270 3339 5342 μὴ
3377 5269 3489 5341 γὰρ
3521 5269 3616 5323 καὶ

2050 5374 2449 5442 ὲκπεπόρευται
2469 5372 2651 5438 ;ὐρθ.
2673 5370 2783 5423 Καὶ
2804 5368 2931 5438 περὶ
2948 5364 3042 5419 τοῦ
3063 5362 3213 5429 Υίοῦ,
3237 5381 3256 5414 ι
3284 5362 3456 5434 Γεννᾷ
3482 5376 3607 5431 με,›

2126 5679 2236 5749 (45)
2270 5678 2375 5733 Καὶ
2404 5676 2725 5747 ἐκπέμπειν,
2756 5675 2904 5731 abest
2936 5688 2966 5727 a
3001 5669 3270 5725 Palatino.
