3870 6208
261 251 393 309 “Si

1235 229 1329 291 DE
1367 228 1636 291 SANCTA
1672 223 2049 288 TRINITATE
2086 221 2435 285 DlALOGUS
2474 224 2516 281 1.

3369 221 3510 282 1122

254 369 468 438 εἴρηκε.
498 383 525 417 ι
550 360 701 435 Πρὸ»
732 360 840 432 γὰρ
888 378 909 411 ι
958 351 1173 412 πάντων
1225 352 1427 425 βουνῶν
1472 353 1637 426 γεννᾷ
1676 370 1764 423 με,
1805 370 1825 404 ι

1937 348 2069 406 Filio
2096 348 2235 404 dixit
2272 367 2292 401 ι
2321 345 2502 418 Gignit
2532 359 2619 399 me
2649 362 2662 399 :
2700 363 2718 396 ι
2749 343 2825 398 ait
2852 343 2996 399 enim
3023 362 3037 397 :
3078 362 3097 395 ι
3145 342 3286 398 Ante
3318 359 3509 400 omnes

254 452 430 511 εἶπεν.
469 455 678 525 Ὠσπερ
707 447 798 505 οὖν
825 448 918 504 ἐπὶ
937 445 1029 501 τοῦ
1054 445 1183 500 Υίοῦ
1214 444 1276 497 τὸ
1304 441 1486 516 γεννᾷ
1522 458 1614 508 με,
1646 440 1830 510 Ἐγέν-

254 565 411 621 νησε,
428 549 587 610 νοεῖς,
606 544 749 599 οὕτω
781 542 874 597 καὶ
900 540 992 595 ἐπὶ
1018 537 1111 593 τοῦ
1128 536 1268 592 Πνεύ
1276 553 1441 608 ματος
1459 534 1521 589 τὸ
1540 532 1832 605 ἐκπορεύε-

251 656 370 703 ται,
404 636 823 708 ὲκπεπόρευται,
849 632 1038 704 νόησον
1056 646 1072 662 ·
1100 629 1221 693 ἔθος
1244 629 1353 700 γάρ
1382 630 1498 681 ἐστι
1525 627 1793 699 γραφικόν
1810 640 1826 656 ³

252 731 332 796 ὡς
364 731 446 794 τὸ,
479 749 497 782 ι
521 731 578 783 Ὁ
608 727 777 781 ποιῶν
817 725 944 790 τοὺς
972 722 1235 792 ἀγγέλους
1265 717 1429 775 αὑτοῦ
1469 718 1773 790 πνεύματα,
1805 737 1825 770 ι

253 821 551 884 τουτέστιν,
587 819 644 872 '0
667 818 895 889 ποιήσας
918 833 932 846 -
967 814 1063 868 καὶ
1100 809 1181 876 τὸ,
1204 830 1222 862 ι
1244 809 1302 863 '0
1320 808 1582 881 θεμελιῶν
1606 808 1704 879 τὴν
1727 805 1830 878 γῆν

254 914 354 967 ἐπὶ
397 912 494 983 τὴν
525 909 823 980 ἀσφάλειαν
867 907 1068 976 αὐτῆς,
1100 924 1118 957 ι
1169 900 1436 968 τουτέστι,
1473 899 1826 972 θεμελιώσας.

254 1004 459 1074 Ἀνόμ.
490 1002 638 1073 Αὖτη
679 1000 825 1054 ἐστὶν
857 999 891 1069 ἡ
926 992 1192 1067 διαφορά;
1222 994 1376 1060 Ὀρθ.
1429 990 1598 1062 Αὕτη.
1627 991 1825 1059 Ἀνόμ.

255 1097 370 1168 Τὴν
397 1096 455 1149 δὲ
494 1095 653 1163 φύσιν
700 1092 797 1163 τὴν
835 1089 1003 1160 αὑτὴν
1054 1088 1267 1157 λέγεις;
1309 1088 1463 1154 Ὀρθ.
1502 1084 1613 1154 Τὴν
1638 1082 1827 1152 αὑτήν.

248 1184 460 1254 Ἀνόμ.
512 1185 623 1237 Καὶ
677 1182 794 1245 πῶς
831 1180 1049 1234 δύναται
1081 1176 1115 1250 ἡ
1146 1178 1281 1248 αὑτὴ
1322 1176 1481 1245 φύσις
1526 1169 1685 1236 εῖναι,
1718 1173 1766 1224 εἰ
1801 1171 1830 1222 6

258 1256 367 1349 μὲν
386 1276 568 1346 γεννᾷ,
605 1277 634 1327 6
663 1274 718 1327 δὲ
742 1273 1024 1341 γεννᾶται;
1051 1271 1204 1337 Ὀρθ.
1228 1267 1394 1335 Τίθης
1411 1266 1468 1320 66
1492 1266 1659 1335 ὅμως,
1694 1262 1774 1315 ὅτι
1802 1263 1830 1313 6

258 1371 358 1441 μὲν
375 1370 486 1439 (46)
511 1369 694 1439 γεννᾷ,
729 1367 756 1418 ὁ
785 1365 842 1419 66
866 1365 1121 1433 γεννᾶται
1147 1377 1161 1425 ;
1185 1362 1383 1429 Ἀνόμ.
1410 1359 1552 1421 Ναί;
1585 1357 1739 1422 Ὀρθ.
1763 1353 1828 1405 Εἰ

246 1461 285 1511 6
318 1459 415 1530 μὲν
430 1459 612 1529 γεννᾷ,
629 1460 656 1510 6
670 1457 727 1510 66
745 1456 995 1525 γεννᾶται
1014 1468 1028 1483 δ
1060 1457 1088 1507 6
1110 1451 1312 1521 γεννῶν
1338 1451 1400 1503 ὲκ
1415 1449 1514 1520 τῆς
1538 1445 1699 1529 αὑτοῦ
1719 1443 1827 1514 (47)

255 1550 474 1620 φύσεως
504 1550 687 1620 γεννᾷ,
720 1549 813 1601 καὶ
846 1549 875 1600 ὀ
903 1543 1238 1615 γεννώμενος
1267 1544 1331 1595 ὲκ
1361 1541 1458 1611 τῆς
1486 1538 1576 1592 τοῦ
1595 1525 1831 1607 ’γεννῶν-

252 1658 349 1703 τος
374 1640 587 1709 φύσεως
618 1640 892 1707 γεννᾶται.
913 1637 1112 1706 Ἀνόμ.
1146 1634 1236 1705 Μὴ
1257 1631 1466 1701 γένοιτό
1499 1647 1589 1700 μοι
1631 1631 1824 1693 εἰπεῖν,

1933 443 2101 499 colles
2129 441 2302 513 gignit
2338 455 2428 495 me
2449 440 2518 493 ⁷³.
2558 457 2577 489 ι
2615 434 3086 503 Quemadmodum
3127 437 3294 506 igitur
3324 435 3391 491 de
3420 434 3511 491 Fi-

1931 538 2006 592 lio
2034 552 2129 608 per
2161 533 2315 598 illud,
2347 532 2522 604 gignit
2566 545 2676 596 me,
2722 528 3001 598 intelligis,
3043 526 3241 583 Genuit
3273 544 3403 598 me;
3434 530 3510 583 ita

1931 627 2095 682 etiam
2134 624 2288 688 illud,
2317 622 2587 693 procedit.
2622 620 2809 688 accipe
2853 619 2922 673 de
2960 616 3190 689 Spiritu,
3233 634 3296 673 ac
3337 619 3385 673 si
3423 618 3512 674 (Ιί-

1932 723 2165 779 ceretur,
2204 713 2492 786 processit.
2536 710 2637 764 ilic
2686 724 2831 765 enim
2889 716 2975 764 est
3042 724 3159 765 mos
3212 709 3513 782 Scriptum

1931 818 1990 864 ut
2023 806 2176 871 illud,
2215 826 2232 858 ι
2257 805 2359 873 Qui
2381 805 2511 859 facit
2534 805 2757 874 angelos
2780 818 2910 859 suos
2936 804 3242 874 spiritus",
3272 823 3290 854 ι
3324 805 3374 858 id
3400 812 3509 865 est.

1931 896 2032 963 Qui
2057 896 2186 952 fecit
2211 914 2225 950 :
2246 904 2300 949 et
2325 895 2481 957 illud,
2509 912 2526 943 ι
2549 893 2651 959 Qui
2667 893 2862 950 fundas
2883 901 3084 949 terram
3116 909 3280 963 supra
3303 894 3513 948 stabili-

1931 999 2093 1044 tatem
2111 987 2351 1050 suam",
2376 1006 2394 1038 ι
2423 986 2473 1040 id
2497 993 2599 1044 est.
2618 986 2711 1056 qui
2747 984 3006 1038 fundasti.
3033 983 3226 1037 Anam.
3261 981 3515 1041 Hrcccine

1930 1080 2097 1152 igitur
2112 1078 2547 1135 estdiﬂ'erentia?
2579 1077 2733 1133 Orth.
2756 1076 2881 1130 Haec
2911 1082 3013 1130 est.
3047 1073 3513 1132 Anam.Eamdem

1930 1181 2110 1227 autem
2156 1182 2405 1226 naturam
2461 1168 2580 1224 ais?
2633 1168 2788 1224 Orlh.
2848 1167 3127 1223 Eamdem.
3190 1169 3382 1223 Anam.
3446 1168 3513 1222 Et

1929 1265 2202 1336 quomodo
2233 1271 2413 1333 potest
2459 1261 2648 1317 eadem
2683 1275 2805 1315 esse
2833 1269 3054 1322 natura,
3093 1260 3140 1314 si
3198 1274 3340 1313 unus
3389 1260 3515 1330 qui-

1929 1358 2051 1412 dem
2084 1357 2277 1427 gignit,
2319 1356 2458 1409 alter
2492 1353 2775 1425 gignitur?
2830 1351 2985 1407 Orth.
3017 1349 3186 1406 Panis
3236 1351 3515 1405 nihilomi-

1929 1466 2055 1513 nus,
2094 1465 2259 1503 unum
2292 1448 2532 1518 gignere,
2577 1446 2805 1500 alterum
2838 1430 3028 1515 gigni?
3085 1442 3275 1498 Anam.
3313 1443 3510 1498 Etiam.

1933 1544 2088 1599 Orth.
2146 1543 2204 1595 Si
2238 1556 2380 1595 unus
2409 1540 2601 1610 gignit,
2631 1534 2769 1593 alter
2796 1536 3038 1606 gignitur
3069 1553 3082 1589 :
3120 1535 3209 1607 qui
3245 1535 3420 1605 gignit
3446 1550 3514 1588 ex

1930 1650 2029 1689 sua
2082 1634 2257 1704 ipsius
2287 1641 2484 1685 natura
2521 1629 2692 1700 gignit
2728 1647 2742 1683 :
2772 1635 2826 1682 et
2864 1627 2956 1697 qui
2987 1627 3249 1697 gignitur,
3281 1641 3347 1679 ex
3397 1625 3516 1696 gig-

252 1733 340 1786 ὃτι
370 1733 435 1784 ὲκ
461 1733 559 1802 τῆς
589 1729 799 1800 φύσεως
832 1728 1118 1799 ἐγέννησεν
1150 1729 1179 1780 6
1205 1726 1373 1788 Θεόςί
1430 1724 1584 1791 Ὄρθ.
1617 1719 1825 1773 Οὐκοῦν

1937 1724 2105 1778 uentis
2163 1719 2661 1790 natura.gignitur.
2726 1717 2912 1771 Anam.
2972 1715 3148 1778 Absit,
3210 1721 3270 1768 ut
3311 1713 3512 1781 dicam,

254 1823 357 1876 οὐκ
378 1822 686 1891 ἐγέννησεν.
705 1820 1206 1890 Ἀνόμ.Ἐγέννησε
1238 1818 1463 1883 κτίσας;
1496 1817 1649 1882 Ὄθρ.
1677 1811 1828 1885 Πρῶ-

253 1926 347 1962 τον
374 1908 533 1962 αὐτὸν
567 1909 768 1973 ἔκτισε,
796 1909 889 1961 καὶ
912 1908 1031 1961 τότε
1055 1907 1341 1978 ἐγέννησεν
1358 1923 1370 1936 ·
1406 1905 1439 1976 ἢ
1484 1903 1634 1968 πῶς;
1663 1904 1828 1956 Φανε-

250 1998 495 2073 ,ρώτερόν
532 2017 623 2071 μοι
671 2000 812 2054 εἰπέ.
848 1999 921 2052 Οὑ
970 1998 1076 2051 νοῶ
1115 1999 1224 2070 γὰρ
1272 1997 1324 2051 τί
1374 1999 1539 2061 ἐστιν,
1576 1994 1828 2065 ἐγέννησε

254 2093 469 2157 κτίσας.
508 2089 711 2162 Ἀνόμ.
747 2091 819 2145 T6
843 2091 1087 2162 γέννημα
1111 2088 1205 2143 τοῦ
1260 2086 1394 2142 Θεοῦ
1425 2087 1627 2157 κτίσμα
1665 2084 1827 2139 αὑτοῦ

253 2186 426 2248 ἐστιν,
476 2166 673 2255 ἐπειδη
709 2182 912 2246 ἁπλοῦς
941 2183 1056 2235 ἐστι
1104 2181 1198 2236 καὶ
1230 2180 1551 2243 ὰσύνθετοςο
1594 2178 1685 2230 καὶ
1729 2176 1828 2229 οὐκ

253 2276 438 2340 ἄλλοις
465 2277 647 2347 γεννᾷ,
683 2275 776 2328 καὶ
815 2274 993 2337 ἄλλοις
1025 2272 1214 2337 κτίζει,
1250 2271 1364 2325 ἀλλ’
1394 2265 1475 2334 οἷς
1502 2269 1686 2339 γεννᾷ,
1708 2265 1830 2329 τού-

250 2383 370 2429 τοις
399 2369 493 2421 καὶ
517 2365 711 2431 κτίζει.
732 2368 885 2435 Ὀρθ.
919 2367 984 2419 Ei
1009 2364 1211 2428 ἁπλοῦς
1241 2365 1353 2417 ἐστι
1383 2362 1482 2416 καῖ
1514 2359 1824 2423 ἁσύνθετος,

252 2456 310 2509 τί
338 2456 535 2526 λέγεις,
565 2452 645 2520 οἷς
660 2456 754 2510 καὶ
775 2450 891 2521 οἷς;
920 2454 1089 2508 Ἔνθα
1116 2453 1225 2527 γὰρ
1248 2453 1326 2518 τὸ,
1358 2447 1438 2516 οἷς
1468 2450 1562 2505 καὶ
1589 2444 1691 2515 οἷς,
1716 2449 1833 2501 ἐκεῖ

254 2548 449 2603 πολλὰ.
476 2551 538 2603 Εἰ
567 2549 624 2603 δὲ
657 2547 969 2613 ἀσύνθετος,
998 2548 1098 2601 οὑκ
1123 2548 1231 2619 ἄρα
1255 2544 1445 2598 πολλά.

1938 1808 2105 1863 Deum
2129 1823 2195 1862 ex
2222 1814 2422 1860 natura
2460 1802 2734 1874 genuisse.
2773 1799 2926 1855 Orth.
2948 1799 3073 1853 Non
3110 1800 3273 1868 igitur
3304 1798 3512 1868 genuit.

1933 1899 2123 1953 Anam.
2178 1894 2396 1961 Genuit,
2426 1909 2549 1948 cum
2600 1898 2863 1946 creasset.
2921 1889 3073 1945 Orth.
3122 1888 3333 1957 Ergone
3362 1888 3515 1958 prius

1929 1990 2107 2062 ipsum
2139 1988 2363 2053 creavit,
2413 1992 2468 2040 et
2533 1983 2730 2039 deinde
2775 1981 2979 2051 gcnuit,
3025 1996 3092 2034 an
3156 1981 3339 2049 aliquo
3379 1974 3518 2049 quo-

1928 2081 2071 2152 piam
2097 2078 2295 2134 modo?
2321 2076 2577 2151 .Loquere
2609 2073 2886 2143 apertius:
2917 2069 3029 2126 Nec
3089 2072 3235 2125 enim
3274 2070 3518 2140 intelligo

1928 2171 2059 2241 quid
2091 2170 2185 2231 sit,
2219 2166 2403 2238 genuit
2433 2179 2557 2219 cum
2588 2168 2854 2217 creasset.
2902 2160 3099 2214 Anam.
3150 2158 3309 2225 Quod
3344 2160 3520 2231 gigni-

1929 2272 2020 2319 tur
2047 2277 2077 2316 a
2111 2261 2217 2315 Deo
2251 2264 2501 2313 creatura
2551 2262 2656 2317 est,
2709 2252 2968 2323 quoniam
3012 2252 3104 2306 ille
3143 2252 3375 2321 simplex
3409 2260 3516 2315 est,

1927 2365 1983 2411 et
2038 2350 2453 2424 compositionis
2490 2361 2687 2416 expers
2735 2360 2748 2395 :
2791 2358 2892 2397 nec
2950 2343 3072 2398 aliis
3132 2342 3357 2412 gignit,’
3395 2342 3518 2396 aliis

1936 2454 2108 2510 creat,
2139 2443 2235 2500 sed
2264 2442 2462 2513 quibus
2501 2438 2693 2509 gignit,
2726 2436 2919 2490 iisdem
2953 2435 3116 2490 etiam
3150 2440 3322 2488 creat.
3362 2432 3516 2513 ΟζιΙι.

1936 2535 1999 2590 Si
2028 2531 2255 2603 simplex
2295 2536 2380 2584 est
2422 2535 2476 2582 et
2521 2523 2935 2595 compositionis
2986 2537 3202 2593 expers,
3253 2504 3518 2593 quorsum

246 2644 422 2710 dicis,
472 2645 668 2716 quibus
699 2651 754 2700 et
804 2643 1039 2715 quibus?
1068 2616 1174 2698 Ubi
1199 2642 1341 2697 enim
1371 2646 1454 2695 est
1492 2636 1645 2703 illud,
1685 2635 1884 2708 quibus
1921 2641 1976 2689 ct
2011 2629 2236 2703 quibus,
2271 2625 2347 2681 ibi
2372 2637 2589 2695 quoque
2618 2620 2787 2675 multa
2834 2626 2981 2675 sunt.
3017 2616 3075 2673 Si
3138 2632 3304 2688 porro
3365 2633 3520 2673 com-

253 2740 549 2812 positionis
602 2756 797 2812 expers
836 2747 921 2796 est
945 2738 1109 2804 Deus,
1163 2753 1274 2792 non
1315 2737 1483 2808 igitur
1521 2736 1575 2789 in
1606 2749 1672 2789 eo
1715 2741 1846 2787 sunt
1883 2729 2077 2786 multa.

329 2833 727 2903 4.Ἀνόμοιος.
760 2832 873 2885 Οὐκ
892 2831 1038 2885 ἔστιν
1063 2827 1155 2885 οὖν
1185 2829 1386 2892 ἁπλοῦς
1417 2831 1446 2883 6
1472 2828 1637 2894 Θεός;
1668 2828 1824 2895 Ὀρθ.

254 2926 406 2994 Ἐγὼ
425 2925 481 2978 66
509 2926 601 2978 καὶ
628 2924 767 2995 ὑπὲρ
794 2923 855 2977 τὸ
886 2922 1091 2978 ἁπλοῦν
1118 2922 1279 2991 λέγω.
1329 2920 1440 2975 Καὶ
1467 2918 1576 2990 γὰρ
1603 2916 1830 2986 ἄγγελος

254 3015 465 3080 ἁπλοῦς
500 3017 635 3072 ἐστι.
668 3015 761 3069 καὶ
791 3014 958 3086 ψυχὴ,
1014 3013 1107 3067 καὶ
1139 3012 1200 3066 τὸ
1235 3010 1350 3081 φῶς
1371 3027 1384 3041 ο
1422 3009 1482 3063 οὐ
1510 3009 1620 3081 γὰρ
1645 3010 1709 3061 ἐκ
1738 3023 1832 3077 με-
1856 3052 1903 3113 c

260 3109 374 3180 ρῶν
406 3108 440 3179 ἢ
478 3106 651 3177 μελῶν
694 3106 993 3175 σύγκειται.
1030 3105 1228 3172 Ἀνόμ.
1262 3103 1325 3155 Εἰ
1361 3100 1539 3154 τοίνυν
1567 3099 1660 3152 καὶ
1692 3097 1829 3168 ὑπὲρ

258 3199 326 3253 τὸ
363 3198 565 3253 ἁπλοῦν
594 3199 762 3259 ἐστιν,
791 3191 871 3262 οἷς
901 3198 1064 3268 γεννᾷ
1098 3196 1193 3250 καὶ
1229 3194 1438 3259 κτίζει;
1473 3196 1628 3261 Ὀρθ.
1664 3191 1832 3245 Πάλιν

259 3290 428 3359 λέγω,
461 3292 536 3363 μὴ
568 3290 713 3359 λέγε,
746 3286 826 3353 οἷς
854 3290 1015 3361 γεννᾷ
1044 3289 1137 3342 καὶ
1165 3286 1334 3352 κτίζει
1352 3304 1365 3317 ⁸
1405 3286 1466 3339 τὸ
1496 3285 1604 3354 γὰρ
1631 3281 1834 3337 ἁπλοῦν

258 3378 346 3447 οἷς
380 3386 473 3436 καὶ
491 3378 569 3445 οἷς
599 3383 699 3436 οὐκ
719 3382 831 3453 ἔχει
848 3399 861 3412 ·
898 3380 1075 3451 πολλῷ
1101 3380 1158 3433 66
1186 3380 1355 3433 πλείω
1373 3380 1434 3432 τὸ
1464 3379 1603 3451 ὑπὲρ
1631 3374 1834 3431 ἁπλοῦν

259 3470 346 3540 οἷς
378 3476 470 3528 καὶ
515 3472 596 3538 οἷς
639 3475 740 3528 οὑκ
779 3474 910 3544 ἔχει.
945 3474 1144 3542 Ἀνόμ.
1185 3470 1453 3534 Ὡσαύτως
1486 3465 1577 3524 οὖν
1616 3469 1779 3539 γεννᾷ
1806 3467 1835 3519 6

260 3567 420 3634 Θεὸς,
453 3567 544 3620 καὶ
571 3565 829 3629 ὡσαύτως
855 3564 1056 3630 κτίζει;
1089 3567 1245 3632 Ὀρθ.
1276 3563 1371 3617 Οὔ.
1399 3564 1596 3631 Ἀνόμ.
1628 3560 1834 3614 Οὐκοῦν

264 3659 554 3725 σύνθετος;
582 3660 738 3727 Ὀρθ.
770 3658 859 3730 Μὴ
879 3658 1118 3727 γένοιτοι
1155 3657 1354 3726 Ἀνόμ.
1381 3656 1443 3709 Εἰ
1475 3655 1650 3718 ἄλλοις
1673 3655 1836 3726 γεννᾷ

262 3753 362 3807 καὶ
400 3751 578 3815 ἄλλοις
630 3750 822 3814 κτίζει,
870 3749 1121 3812 σύνθετός
1154 3749 1333 3813 έστιν;
1360 3747 1515 3814 Ὀρθ.
1550 3745 1625 3799 Οὐ
1671 3745 1833 3813 λέγω,

254 3814 655 3913 οᾶλλοιξγεννᾷ,
696 3841 788 3895 καὶ
835 3840 1015 3903 ἄλλοις
1049 3836 1242 3902 κτίζει,
1281 3836 1419 3890 ἀλλὰ
1449 3835 1622 3899 ἄλλως
1651 3836 1833 3906 γεννᾷ,

262 3937 363 3990 καὶ
396 3933 568 3998 ἄλλως
597 3933 787 3998 κτίζει.
845 3933 1044 4003 Ἀνόμ.
1077 3930 1203 3995 Πῶς
1230 3932 1412 4003 γεννᾷ,
1448 3931 1544 3984 καὶ
1575 3929 1692 3995 πῶς
1716 3929 1835 3983 κτί-

265 4023 351 4089 ζει
373 4040 390 4089 ;
411 4024 566 4092 Ὀρθ.
615 4022 938 4076 ’Υποστάσει
973 4022 1155 4093 γεννᾷ,
1206 4021 1300 4073 καὶ
1328 4020 1514 4091 ἐντολῇ
1550 4019 1742 4085 κτίζει.
1770 4020 1837 4073 Ἥ

263 4116 378 4187 γὰρ
427 4114 633 4184 ἐντολὴ,
682 4114 979 4185 σύνδρομον
1023 4112 1222 4183 ἔχουσα
1267 4110 1365 4182 τὴν
1397 4110 1651 4182 δύναμιν,
1695 4127 1838 4180 παρ-

270 4209 483 4278 ίστησιν
501 4207 529 4260 6
548 4206 792 4278 βούλεται
824 4209 852 4260 6
872 4203 1244 4276 ἐντειλάμενος
1261 4220 1274 4233 ·
1304 4202 1596 4256 ὑποστάσει
1623 4200 1680 4254 66
1710 4216 1837 4268 γεν-

265 4297 398 4360 νῶν,
445 4296 546 4349 οὑκ
577 4295 827 4365 ἀνέχεται
873 4292 1113 4365 ἐντολὴν,
1163 4292 1249 4345 ἵνα
1279 4291 1444 4363 μηδὲν
1475 4290 1636 4361 μέσον
1741 4287 1836 4341 τοῦ

2001 2819 2057 2875 4.
2075 2817 2377 2871 Anomaeus.
2396 2811 2594 2867 Annon
2624 2816 2707 2866 est
2732 2807 2897 2879 igitur
2914 2804 3054 2861 Deus
3084 2803 3348 2875 simplex?
3365 2802 3517 2859 Orth.

1930 2912 2047 2968 lmo
2083 2911 2248 2967 etiam
2276 2906 2513 2977 amplius
2542 2918 2708 2974 quam
2733 2899 3037 2971 simplicem
3065 2913 3190 2954 esse
3217 2898 3326 2952 aio.
3367 2894 3505 2950 Nam

1933 3012 1988 3061 et
2014 3003 2241 3075 angelus
2272 2998 2499 3069 simplex
2533 3001 2639 3058 est,
2691 2999 2745 3048 ct
2787 2992 2988 3054 anima,
3029 2997 3085 3044 et
3120 2988 3233 3052 lux,
3285 3001 3407 3040 cum
3450 3001 3519 3039 ex

1932 3099 2180 3171 partibus
2203 3099 2294 3147 aut
2321 3088 2580 3145 membris
2612 3102 2720 3141 non
2749 3089 3171 3152 componantur.
3198 3078 3390 3132 Anam.
3418 3076 3519 3131 Ita-

1932 3169 2039 3262 que
2089 3188 2137 3244 si
2169 3185 2402 3257 amplius
2461 3181 2625 3254 410
2672 3192 2835 3249 quam
2894 3173 3123 3242 simplex
3161 3180 3268 3239 est,
3322 3169 3519 3241 quibus

1933 3261 2124 3350 gignit,
2177 3273 2372 3329 iisdem
2414 3270 2580 3325 etiam
2613 3275 2783 3322 creat.
2853 3262 3009 3318 Orth.
3042 3261 3244 3315 lterum
3298 3271 3516 3319 moneo,

1932 3385 2002 3423 ne
2052 3366 2240 3428 dicito,
2286 3362 2488 3433 quibus
2545 3357 2716 3430 gignit
2769 3354 2962 3411 iisdem
3010 3360 3065 3408 et
3121 3357 3272 3406 creat
3323 3368 3336 3404 :
3389 3362 3517 3402 nam

1934 3458 2079 3530 quod
2110 3455 2339 3525 simplex
2388 3459 2494 3517 est,
2532 3466 2643 3506 non
2698 3448 2863 3503 habet
2915 3445 3119 3516 quibus
3171 3450 3226 3498 et
3276 3441 3514 3513 quibus:

1933 3551 2104 3605 multo
2137 3556 2318 3603 autem
2371 3546 2534 3601 etiam
2568 3541 2740 3613 magis
2794 3540 2871 3602 id,
2921 3539 3068 3608 quod
3126 3549 3293 3606 supra
3341 3534 3517 3603 ipsam

1934 3641 2340 3712 simplicitatem
2393 3644 2500 3700 est,
2554 3648 2666 3690 non
2700 3629 2939 3686 admittit
3000 3625 3157 3691 illud,
3197 3624 3398 3696 quibus
3460 3633 3517 3678 et

1878 3721 1886 3730 ’
1934 3735 2153 3806 quibus.
2196 3731 2390 3785 Anam.
2424 3726 2686 3782 Similiter
2716 3736 2848 3792 ergo
2885 3719 3058 3792 gignit
3093 3717 3257 3780 Deus,
3287 3723 3341 3770 et
3368 3714 3521 3770 simi-

1935 3805 2061 3881 liter
2107 3830 2278 3879 creat.
2351 3819 2506 3876 Orth.
2564 3817 2944 3887 Nequaquam.
2994 3811 3184 3865 Anam.
3240 3805 3384 3877 Ergo
3435 3813 3519 3861 est

1935 3915 2289 3984 compositus.
2352 3909 2509 3983 Orth.
2543 3908 2719 3963 Absit.
2771 3906 2968 3959 Anam.
3016 3900 3075 3956 Si
3106 3900 3228 3954 aliis
3258 3896 3430 3969 gignit
3466 3907 3518 3951 et

1936 4008 2058 4063 aliis
2087 4013 2258 4068 creat,
2301 3999 2639 4071 compositus
2670 4003 2774 4051 est.
2836 3993 2988 4049 Ortli.
3044 3989 3162 4044 Non
3217 3989 3341 4042 dico
3393 3985 3518 4041 aliis

1936 4099 2130 4171 gignit,
2164 4097 2286 4152 aliis
2315 4102 2501 4150 creat:
2545 4089 2641 4145 sed
2688 4087 2846 4141 aliter
2889 4083 3080 4155 gignit,
3139 4079 3297 4133 aliter
3345 4084 3514 4131 creat.

1936 4166 2128 4247 Anam.
2169 4185 2453 4256 Quomodo
2502 4181 2676 4254 gignit
2715 4186 2769 4234 et
2814 4174 3086 4247 quomodo
3120 4169 3310 4226 creat?
3360 4166 3515 4223 Orth.

1938 4283 2227 4357 Hypostasi
2252 4280 2442 4354 gignit,
2465 4285 2518 4334 et
2538 4276 2796 4331 mandato
2826 4280 2993 4326 creat.
3015 4264 3326 4320 Mandatum
3350 4260 3518 4357 enim,

267 4348 565 4458 γεννῶντος
609 4348 821 4458 Πέτρὸς
846 4385 940 4439 καὶ
964 4348 1061 4439 τού
1089 4348 1425 4455 γεννωξλένου
1449 4348 1602 4436 Ῠίοῦ.
1633 4348 1831 4450 ’Ᾰῖνόμ

1939 4348 2297 4430 concurrente
2314 4348 2609 4439 potestate,
2642 4375 2881 4435 praesens
2910 4357 3052 4414 sistit
3085 4352 3231 4424 quod
3263 4348 3523 4404 mandan-

266 4480 363 4550 Μὴ
390 4479 557 4533 θέλων
596 4475 689 4534 οὖν
737 4478 1060 4549 ὲγέννησεν;
1096 4479 1251 4545 Ὀρθ.
1290 4477 1346 4529 Ὁ
1376 4474 1653 4544 γεννηθεὶς
1695 4472 1842 4538 ζῶσα
1869 4476 1889 4495 ⁸

268 4572 368 4626 τοῦ
394 4570 751 4642 γεννήσαντός
777 4572 922 4623 ἐστιν
948 4567 1132 4634 εἰκὼν,
1166 4568 1261 4621 καὶ
1288 4566 1602 4640 ὑπερϐαίνει
1627 4565 1726 4635 τὴν
1755 4562 1843 4617 θέ-

271 4664 430 4736 λησιν
456 4666 490 4735 ἠ
515 4662 674 4718 εἰκὼν
694 4662 794 4733 τῆς
818 4661 1184 4724 ὑποστάσεως.
1216 4659 1436 4731 Πρῶτον
1463 4658 1571 4730 γὰρ
1597 4658 1679 4711 δεῖ
1704 4659 1843 4710 νοεῖν

271 4756 373 4827 τὴν
406 4754 588 4808 εἰκόνα
617 4755 718 4824 τῆς
746 4753 1112 4816 ὑποστάσεως,
1132 4751 1225 4806 καὶ
1255 4751 1375 4804 τότε
1402 4748 1462 4802 τὸ
1487 4748 1678 4813 θέλειν,
1703 4746 1736 4818 ἦ
1769 4746 1843 4817 μὴ

276 4847 470 4900 θέλειν.
500 4846 610 4914 Τῆς
653 4846 710 4899 δὲ
735 4842 1081 4906 ὑποστάσεως
1109 4843 1224 4895 ἐστι
1250 4840 1498 4911 γέννημα
1546 4839 1641 4893 καὶ
1684 4835 1844 4891 εἰκὼν

276 4936 695 5006 ἀπαράλλακτος
727 4937 756 4988 ὁ
784 4935 915 4998 Υἱός
939 4950 953 4964 ·
989 4932 1097 5005 πρὸ
1136 4930 1230 4986 τοῦ
1265 4931 1562 5001 θελήματος
1607 4929 1718 4983 νόει
1747 4925 1846 4998 τὴν

274 5029 377 5098 τῆς
415 5027 763 5090 ὑποστάσεως
784 5025 988 5079 εἰκόνα.
1007 5025 1205 5093 Ἀνόμ.
1230 5023 1295 5076 Τί
1314 5023 1484 5086 έστινς
1500 5018 1849 5091 ’Υπερϐαίνει

247 5121 374 5192 ,τὴν
405 5119 621 5189 θέλησιν
648 5120 682 5190 ἡ
705 5115 901 5183 είκών;
925 5117 1081 5184 Ὀρθ.
1102 5116 1225 5168 Ὅτι
1244 5113 1340 5185 τὴν
1365 5111 1572 5176 οὐσίαν,
1605 5111 1701 5165 καὶ
1720 5110 1848 5164 ἄνευ

275 5209 368 5263 τοῦ
403 5208 521 5262 τόδε
561 5207 758 5273 θέλειν,
790 5207 977 5277 νοῆσαι
1000 5203 1164 5278 δύνῃ·
1195 5203 1323 5258 ἄνευ
1347 5202 1402 5256 δὲ
1427 5201 1633 5265 εἰκόνος
1669 5201 1729 5254 οὑ
1765 5199 1854 5253 δύ-

1948 4471 1988 4524 ti
2025 4469 2153 4522 libet
2184 4485 2198 4521 :
2228 4466 2276 4520 is
2322 4477 2451 4519 vero
2481 4460 2573 4532 qui
2600 4457 2771 4529 gignit
2816 4450 3121 4526 hypostasi,
3153 4463 3263 4503 non
3293 4459 3519 4514 exspec-

1947 4567 2026 4614 tat
2073 4556 2409 4618 mandatum,
2468 4567 2537 4607 ne
2585 4548 2715 4621 quid
2758 4546 2998 4602 medium
3049 4539 3348 4596 intercedat
3379 4536 3521 4590 inter

1947 4647 2254 4719 gignentum
2300 4642 2539 4705 Patrem,
2575 4646 2630 4694 et
2661 4635 2859 4691 Filium
2903 4631 2995 4703 qui
3025 4630 3283 4702 gignitur.
3325 4627 3517 4680 Anam.

1947 4718 2033 4795 An
2082 4737 2250 4809 igitur
2279 4733 2487 4788 invitus
2530 4726 2759 4801 genuit?
2825 4724 2982 4780 Orth.
3022 4721 3127 4788 Qui
3166 4718 3378 4790 genitus
3415 4723 3518 4779 est,

1950 4829 2070 4883 viva
2132 4833 2214 4881 est
2269 4823 2389 4893 ejus
2426 4821 2521 4891 qui
2576 4816 2762 4889 genuit
2804 4815 3009 4881 imago;
3079 4817 3134 4865 et
3186 4808 3520 4861 voluntatem

1952 4916 2293 4973 transcendit
2320 4915 2499 4983 imago
2528 4910 2907 4981 hypostaseos.
2941 4902 3100 4956 Prius
3133 4898 3278 4954 enim
3308 4901 3522 4966 oportet

1952 5012 2135 5067 animo
2182 5009 2472 5078 concipere
2505 5003 2798 5073 imaginem
2836 4998 3221 5068 bypostaseos,
3251 4997 3305 5043 et
3332 4993 3520 5057 postea

1954 5104 2091 5160 velle
2124 5107 2220 5155 aut
2260 5099 2430 5155 nolle.
2460 5095 2633 5150 Filius
2662 5098 2843 5147 autem
2885 5095 2972 5143 est
3003 5083 3221 5141 soboles
3262 5080 3520 5150 byposta-

1958 5209 2105 5260 seos,
2132 5199 2187 5248 et
2213 5192 2393 5261 imago
2418 5200 2649 5260 prorsus
2689 5181 2958 5238 invariata
2988 5196 3002 5232 :
3037 5182 3163 5230 ante
3191 5171 3522 5227 voluntatem

278 5318 363 5371 νη.
1008 5256 1251 5367 ,ἄρξεται
1299 5295 1394 5348 καὶ
1435 5256 1663 5348 παύεται
1685 5308 1700 5324 ⁸
1731 5293 1765 5363 ή
1797 5290 1833 5344 6i

1961 5256 2145 5343 animo
2172 5256 2403 5353 concipe
2419 5256 2718 5351 imaginem
2741 5275 3123 5347 bypostaseos.
3156 5264 3345 5320 Anam.
3382 5256 3523 5326 Quid

353 5455 398 5489 τί
441 5453 597 5508 Prov.
632 5467 761 5517 vin,
794 5452 885 5507 25.
961 5450 1009 5482 "
1049 5448 1194 5505 Psal.
1230 5462 1359 5513 cm,
1395 5445 1451 5501 4.
1528 5444 1574 5478 ⁷³
1615 5442 1752 5500 ibid.
1790 5443 1843 5498 5.

361 5606 813 5679 (46)7Pal_atinus,
850 5607 914 5660 Ὃ
944 5601 1099 5674 τίθης
1122 5600 1179 5655 δὲ
1207 5601 1342 5666 ὅλως
1402 5599 1484 5654 ὅτι
1512 5598 1541 5653 6
1569 5596 1689 5669 μέν.
1716 5592 1852 5667 Reg.

292 5676 463 5752 πείθῃ
480 5678 539 5733 δὲ

2035 5591 2144 5665 (47)
2177 5588 2475 5652 Palatinus,
2501 5584 2566 5637 ἐκ
2593 5580 2694 5651 τῆς
2715 5576 2902 5649 αὐτῆς.
