3870 6208
406 306 548 360 Hlfi

1563 307 1620 365 S.
1662 307 2124 367 ATHANASIUS.
2162 339 2233 352 ——
2273 306 2545 365 SPURIA.

3511 307 3671 366 “20'

401 426 570 494 igitur
599 427 753 481 novit
786 424 929 482 Deus
962 442 1023 483 se
1052 443 1173 483 esse
1216 428 1561 500 ingenitum?
1592 429 1744 486 Orth.
1776 433 1847 486 At
1873 433 1958 487 1ιο‹

2082 427 2172 485 οὖν
2201 433 2228 485 ὁ
2258 431 2389 495 Θεὸς
2432 432 2728 501 ἀγέννητον
2770 429 2988 495 έαυτὸν;
3028 428 3184 497 Ὀρθ.
3220 428 3339 482 Ἀλλ
3393 430 3453 483 οὑ
3495 430 3656 484 τοῦτό

398 515 625 572 minime
651 517 825 587 ipsius
852 525 936 574 est
974 519 1215 575 essentia
1250 520 1395 590 quod
1440 524 1973 593 comprehendimus.

401 607 594 661 Anam.
630 609 710 662 An
737 625 897 663 unam
927 609 1067 665 dicis
1096 610 1374 677 deitatem,
1407 620 1459 667 et
1484 623 1594 669 tres
1618 616 1980 686 hypostases?

404 692 558 749 Orth.
593 695 709 751 Tua
743 699 965 769 quidem
1010 701 1102 754 illa
1141 701 1367 765 notitia,
1404 718 1564 773 quam
1599 706 1753 775 prius
1785 705 1978 761 aﬂ‘ere-

400 782 522 849 bas,
573 787 853 843 confutata
898 799 982 845 est
1025 809 1037 845 :
1088 791 1185 846 tibi
1234 807 1366 847 vero
1415 795 1495 848 sic
1547 797 1712 849 etiam
1759 813 1977 867 respon-

407 871 549 931 d'ebo
586 898 598 931 -.
633 878 796 934 Aliud
838 888 923 935 est
957 882 1290 953 hypostasis,
1319 893 1373 939 et
1420 886 1566 940 aliud
1608 888 1784 943 deitas
1818 906 1832 944 :
1867 905 1974 944 non

399 973 460 1020 ut
490 968 598 1022 alia
646 980 699 1024 et
749 971 856 1024 alia
893 988 981 1027 res
1021 990 1035 1037 ;
1079 974 1174 1028 sed
1214 976 1358 1045 quod
1397 977 1709 1048 hypostasis
1751 981 1972 1049 quidem

399 1057 570 1121 aliud,
621 1060 767 1113 aliud
815 1077 941 1117 vero
974 1061 1147 1118 deitas
1178 1065 1462 1136 significet.
1496 1065 1629 1121 Nam
1665 1069 1973 1140 hypostasis

396 1148 458 1202 τὸ
494 1144 654 1215 εἶναι,
695 1151 749 1206 id
794 1164 898 1214 est,
936 1173 955 1206 ι
995 1170 1137 1222 essm
1178 1176 1196 1209 ι
1231 1157 1405 1214 deitas
1452 1176 1599 1223 vero,
1633 1161 1694 1215 τὸ
1728 1163 1781 1215 τ).
1809 1160 1969 1229 εἶναι,

399 1238 454 1293 id
481 1248 585 1305 est,
607 1260 624 1291 ι
657 1243 913 1313 quiddam
943 1262 1082 1311 esse,
1123 1266 1141 1297 ι
1167 1248 1459 1320 significat.
1486 1255 1676 1309 Anam.
1702 1253 1816 1309 Hoc
1844 1272 1974 1312 vero

396 1332 709 1401 cujusmodi
759 1337 876 1392 est?
919 1336 1071 1393 Orth.
1108 1338 1178 1394 Ut
1223 1351 1350 1396 sunt
1398 1342 1567 1411 Petri,
1608 1353 1662 1401 et
1702 1344 1878 1413 Pauli,
1918 1354 1974 1403 et

395 1422 667 1479 Timothei
740 1435 852 1483 tres
919 1428 1282 1500 hypostases,
1336 1441 1391 1488 et
1462 1450 1571 1489 una
1634 1437 1971 1495 humanitas.

395 1518 585 1572 Anam.
618 1515 760 1589 Ergo
807 1531 916 1576 tres
958 1530 1084 1578 sunt
1131 1523 1227 1583 dii.
1267 1525 1421 1584 Orth.
1462 1527 1619 1583 Absit
1662 1537 1721 1584 ut
1752 1531 1853 1585 hoc
1887 1530 1973 1584 di-

394 1606 548 1658 catnl
601 1606 793 1663 Anam.
848 1609 905 1664 Si
960 1611 1033 1667 ita
1072 1622 1204 1668 sunt
1249 1615 1593 1687 hypostases,
1628 1626 1687 1673 ut
1729 1618 1872 1674 Petri
1916 1630 1971 1676 et

391 1692 584 1762 Pauli,
617 1705 671 1752 et
704 1697 1011 1765 Timothei,
1045 1711 1158 1760 tres
1191 1713 1319 1760 sunt
1358 1706 1433 1761 dii
1472 1727 1485 1761 :
1529 1708 1969 1780 quandoquidem

391 1784 607 1854 Petrus,
642 1803 695 1845 et
732 1791 955 1857 Paulus,
991 1803 1045 1850 et
1074 1795 1416 1863 Timotheus,
1459 1808 1570 1857 tres
1622 1809 1750 1858 sunt
1790 1802 1968 1857 homi-
1998 1791 2042 1845 Β

391 1894 512 1934 nes.
549 1879 701 1937 Orth.
729 1882 808 1939 Ne
849 1885 906 1940 hi
955 1888 1176 1956 quidem
1209 1897 1341 1944 sunt
1370 1889 1535 1963 409
1566 1901 1676 1948 tres
1697 1909 1763 1948 ex
1795 1895 1973 1951 sacris.

391 1966 631 2029 Litteris.
669 1993 687 2025 ι
722 1972 857 2029 Nam
894 1976 950 2031 in
978 1977 1199 2035 Christo
1230 1978 1358 2036 Jesu
1401 1998 1508 2037 non
1539 1992 1624 2038 est
1656 1970 1965 2050 masculus,

391 2077 572 2132 neque
606 2063 829 2130 femina,
860 2083 968 2122 non
999 2078 1085 2125 est
1121 2069 1343 2128 Graecus
1383 2080 1438 2129 et
1464 2072 1705 2142 Iudaeus,
1742 2094 1850 2134 non
1884 2086 1968 2136 est

393 2169 586 2212 servus
637 2164 691 2212 et
748 2158 907 2225 liber,
955 2161 1051 2216 sed
1091 2178 1281 2219 omnes
1324 2167 1380 2219 in
1422 2164 1642 2224 Christo
1678 2185 1847 2224 unum
1882 2186 1968 2226 su-

391 2261 513 2302 mus
550 2247 618 2302 “.
675 2267 693 2300 ι
735 2250 925 2305 Anam.
967 2252 1163 2307 Annon
1214 2255 1381 2325 igitur
1424 2263 1537 2313 tres
1583 2267 1711 2314 sunt
1746 2260 1962 2327 Petrus,

391 2337 617 2401 Paulus.
672 2351 727 2396 et
775 2344 1136 2401 Timotheus?
1168 2345 1322 2404 Orth.
1368 2347 1505 2405 Tres
1545 2351 1765 2422 quidem
1811 2363 1963 2422 sunt,

391 2437 447 2484 at
475 2446 582 2486 non
613 2439 725 2489 tres
766 2433 1036 2491 homines.
1070 2438 1261 2494 Anam.
1293 2438 1612 2504 Quomodo?
1639 2440 1790 2498 Orth.
1826 2443 1965 2511 Quia

391 2532 523 2578 tunc
553 2532 667 2582 tres
714 2536 842 2583 sunt
888 2529 1159 2597 homines,
1188 2548 1311 2587 cum
1338 2533 1605 2591 dissimile
1637 2552 1733 2592 cor
1758 2539 1963 2596 habue-

389 2615 524 2680 rint,
567 2626 627 2672 ut
676 2617 897 2676 Graecus
936 2632 989 2677 et
1036 2620 1281 2687 Iudaeus,
1317 2632 1372 2680 et
1414 2625 1763 2685 Christianus
1814 2645 1829 2681 :
1875 2630 1961 2686 sin

387 2723 520 2764 vero
550 2710 691 2765 idem
724 2711 928 2775 dicant,
971 2732 1070 2771 nec
1114 2718 1225 2773 sint
1257 2720 1397 2773 inter
1430 2735 1526 2775 eos
1555 2720 1805 2787 dissidia,
1849 2731 1963 2780 tres

381 2797 610 2872 quidem
634 2799 976 2872 hypostases,
1002 2807 1095 2861 sed
1130 2824 1273 2865 unus
1302 2809 1358 2862 in
1380 2807 1631 2875 Domino,
1659 2812 1753 2882 qui
1794 2828 1960 2868 unum

388 2888 632 2943 animum
679 2898 734 2947 et
775 2909 941 2947 unum
996 2911 1094 2949 cor
1140 2896 1374 2952 habeant
1420 2918 1433 2954 :
1480 2907 1536 2954 et
1579 2908 1693 2958 tres
1738 2902 1960 2972 quidem

390 2988 523 3036 sunt
553 2998 804 3048 numero,
836 2992 891 3039 at
927 3003 1035 3041 non
1068 2989 1213 3058 quod
1241 2990 1512 3046 diversam
1544 2993 1684 3047 inter
1711 3009 1770 3048 se
1799 3003 1958 3048 natu-

387 3087 504 3125 ram
541 3075 624 3128 vel
663 3075 937 3131 diversum
984 3095 1079 3133 cor
1122 3080 1378 3136 habeant.
1433 3083 1623 3139 Anam.
1676 3085 1788 3154 Ego
1835 3100 1952 3149 eos,

386 3164 484 3233 qui
515 3172 627 3221 tres
649 3176 798 3230 sunt,
827 3176 940 3224 tres
973 3185 1096 3225 esse
1121 3172 1263 3227 dico.
1296 3172 1448 3229 Orth.
1481 3174 1547 3229 At
1572 3192 1671 3241 ego
1702 3184 1812 3230 tres
1834 3192 1956 3233 esse

384 3254 529 3315 dico.
564 3255 610 3311 si
643 3257 785 3311 inter
827 3274 887 3313 se
924 3258 1284 3315 dissenserint
1321 3278 1335 3314 :
1379 3264 1524 3334 quod
1563 3267 1608 3320 si
1654 3265 1952 3323 secundum

387 3360 600 3400 sacram
643 3345 980 3418 Scripturam
1022 3352 1247 3421 perfecti
1291 3353 1490 3409 fuerint
1537 3357 1727 3413 eadem
1775 3372 1953 3417 mente

383 3444 439 3490 et
488 3440 775 3503 sententia,
832 3457 996 3496 unum
1045 3458 1172 3499 esse
1220 3460 1421 3499 novum
1476 3448 1751 3506 hominem
1804 3451 1949 3518 dico,

382 3530 733 3586 manentibus
776 3541 957 3588 tamen
1003 3534 1413 3606 hypostasibus.
1454 3539 1644 3593 Anam.
1694 3539 1800 3597 Sed
1838 3544 1952 3601 hzec

383 3618 450 3673 de
486 3619 798 3679 hominibus
845 3624 1106 3681 dicuntur
1149 3643 1163 3680 :
1199 3629 1255 3683 in
1288 3628 1397 3686 Deo
1423 3646 1554 3687 vero
1586 3633 1745 3689 aliter
1778 3650 1836 3690 se
1863 3652 1953 3693 res

381 3709 563 3767 habet.
599 3712 750 3770 Orth.
797 3714 853 3771 Si
901 3716 956 3772 in
998 3718 1066 3773 iis
1113 3735 1235 3789 quae
1282 3724 1640 3792 corporaliter
1698 3735 1949 3796 separata

382 3810 533 3864 sunt,
575 3805 738 3861 modo
783 3807 947 3863 animi
990 3813 1261 3866 sententia
1301 3828 1409 3866 non
1442 3813 1762 3882 dissideant,
1788 3816 1950 3873 habet

384 3889 665 3963 Scriptura
706 3913 864 3962 unus,
906 3906 960 3954 et
1001 3916 1183 3964 unum,
1236 3905 1408 3959 multo
1452 3906 1625 3977 magis
1661 3907 1714 3962 id
1762 3908 1950 3964 dicen-

378 3983 509 4037 dum
548 3993 633 4041 est
685 3987 742 4043 in
785 3989 853 4045 iis
898 4006 1019 4061 quae
1067 3992 1292 4048 materia
1353 4002 1408 4050 et
1446 4012 1677 4068 corpore
1736 4008 1944 4056 carent.

378 4072 489 4128 Aut
529 4076 695 4147 igitur
745 4079 800 4134 in
848 4080 969 4137 istis
1018 4085 1208 4153 ponito
1258 4101 1381 4143 esse
1425 4087 1673 4156 dissidia,
1730 4097 1790 4144 ut
1833 4099 1945 4148 tres

2079 529 2227 579 ἐστιν
2252 524 2416 579 αὑτοῦ
2458 526 2491 597 ἡ
2523 525 2698 591 οὐσία,
2733 525 2762 578 ὃ
2794 522 3218 594 κατειλήφαμεν.
3267 524 3462 592 Ἀνάμ.
3503 524 3655 578 Μίαν

2078 618 2256 688 λέγεις
2283 617 2530 689 θεότητα,
2555 618 2648 671 καὶ
2672 620 2818 689 τρεῖς
2846 615 3197 681 ὑποστάσεις;
3228 618 3382 683 Ὄρθ.
3416 616 3653 671 Δέλυται

2080 710 2178 780 μέν
2212 726 2305 762 σου
2346 710 2381 781 ή
2423 708 2684 780 πρότερον
2728 706 2948 777 γνῶσις.
3001 704 3418 777 Ἀποκρινοῦμαι
3462 705 3520 758 δέ
3567 707 3681 759 σοι’

2076 801 2169 855 xui
2193 800 2364 864 οὑτως
2385 817 2399 831 ο
2437 800 2598 853 Ἀλλο
2632 800 2776 853 ἐστὶν
2807 800 3120 862 ὑπόστασις,
3152 800 3245 852 καὶ
3267 797 3391 852 ἄλλο
3423 797 3659 870 θεότηςι

2074 893 2173 962 οὑχ
2204 892 2279 955 ὡς
2314 891 2441 945 ἄλλο
2469 893 2699 965 πρᾶγμα
2737 892 2830 945 καὶ
2874 890 3019 946 ἄλλο.
3053 890 3171 944 ἀλλ’
3197 890 3272 954 ὡς
3299 891 3423 945 ἄλλο
3465 909 3517 944 τι
3550 908 3670 961 573--

2078 983 2374 1054 μαινοὺσης
2405 984 2505 1053 τῆς
2547 982 2915 1045 ὑποστάσεως,
2947 983 3039 1036 xui.
3072 981 3198 1035 ἄλλο
3228 985 3326 1053 τῆς
3371 981 3643 1053 θεότητος.

2087 1076 2149 1128 Ἠ
2187 1076 2283 1146 μὲν
2322 1075 2429 1147 γὰρ
2477 1075 2771 1138 ὑπόστασις
2806 1094 2824 1126 ι
2861 1075 2921 1128 τὸ
2968 1073 3105 1127 εἶναι
3134 1094 3152 1126 ι
3205 1074 3480 1146 σημαίνει·
3519 1078 3551 1145 ἠ
3586 1075 3645 1128 δὲ

2073 1162 2261 1237 θεότης
2292 1185 2309 1215 ι
2338 1164 2397 1218 τὸ
2422 1166 2475 1218 τί
2496 1161 2654 1222 εἶναι.
2687 1186 2704 1217 ι
2728 1167 2935 1235 .Ἀνόμ.
2962 1161 3104 1228 Οἷον,
3136 1166 3211 1229 ὡς
3242 1165 3333 1230 τίς
3369 1165 3523 1233 Ὀρθ.
3556 1167 3643 1230 Ὡς

2073 1256 2302 1328 Πέτρου,
2342 1257 2435 1309 καὶ
2478 1257 2713 1321 Παύλου,
2764 1258 2858 1310 xui
2903 1256 3167 1326 Τιμοθέου
3215 1258 3360 1326 τρεῖς
3400 1256 3642 1310 ὑποστά-

2074 1365 2206 1411 σεις,
2232 1351 2325 1402 xui
2353 1350 2450 1420 μία
2476 1350 2845 1422 ἀνθρωπότης.
2871 1348 3068 1418 Ἀνόμ.
3099 1347 3305 1401 Οὐκοῦν
3330 1350 3475 1418 τρεῖς
3502 1346 3639 1413 θεοί;

2085 1432 2231 1508 Ὁρθξ
2264 1440 2356 1513 Μὴ
2384 1442 2590 1510 γένοιντο
2620 1443 2822 1496 είπεῖνί
2866 1443 3064 1511 Ἀνόμ.
3097 1443 3160 1494 Εἰ
3200 1441 3371 1506 οὑτως
3404 1444 3542 1496 εἰσὶν
3584 1445 3640 1497 αῖ

2071 1534 2395 1599 ὑποστάσεις
2425 1535 2500 1597 ὡς
2543 1535 2772 1607 Πέτρου,
2819 1536 2910 1589 xui
2955 1534 3189 1598 Παύλου,
3228 1534 3322 1588 xui
3351 1536 3641 1606 Τιμοθέου,

2068 1629 2215 1698 τρεῖς
2242 1627 2385 1681 θεοί·
2419 1630 2568 1698 τρεῖς
2599 1627 2708 1698 γὰρ
2753 1628 3046 1698 ἄνθρωποι,
3080 1627 3307 1698 Πέτρος,
3348 1629 3441 1680 xui
3486 1628 3644 1681 Παῦ-

2069 1718 2180 1782 λος,
2215 1719 2308 1772 καὶ
2354 1717 2632 1790 Τιμόθεος.
2665 1719 2810 1788 Ὀρθ.
2865 1718 3022 1773 Κατὰ
3068 1718 3164 1782 τὰς
3198 1718 3347 1782 θείας
3392 1720 3641 1791 Γραφάς,

2068 1809 2249 1864 οὐκέτι
2290 1810 2409 1865 οὑδὲ
2462 1812 2614 1865 αὑτοὶ
2656 1815 2805 1882 τρεῖς
2836 1812 3130 1882 ἄνθρωποι.
3167 1831 3187 1863 ‹
3232 1812 3319 1866 Ἐν
3361 1813 3469 1884 γὰρ
3503 1814 3639 1883 Χρις

2070 1900 2178 1973 στῷ
2218 1901 2392 1974 Ἰησοῦ
2425 1904 2524 1956 οὑκ
2551 1902 2627 1957 ἔνι
2666 1904 2831 1974 ἄρσεν
2871 1905 2965 1957 xui
3007 1904 3158 1975 θῆλυ,
3203 1905 3302 1958 οὑκ
3334 1904 3411 1957 ἔνι
3440 1905 3641 1977 Ἕλλην

2067 1994 2163 2048 xui
2199 1994 2468 2059 Ἰουδαῖος,
2509 1996 2609 2049 οὑκ
2640 1995 2719 2049 ἔνι
2745 1995 2929 2059 δοῦλος
2958 1996 3052 2049 xui
3086 1995 3366 2067 ἐλεύθερος
3390 2012 3404 2025 ’
3440 1996 3554 2051 ἀλλ’
3587 1998 3639 2051 οἱ

2067 2086 2265 2150 πάντες
2313 2088 2370 2140 ὲν
2407 2086 2626 2159 Χριστῷ
2667 2086 2725 2140 ἓν
2765 2088 2950 2155 ἐσμεν.
3002 2106 3020 2138 ι
3064 2089 3259 2156 Ἀνόμ.
3299 2087 3494 2141 Οὐκέτι
3542 2085 3645 2141 οὖν

2065 2180 2172 2232 εἰσι
2199 2181 2367 2251 τρεῖς,
2405 2179 2628 2250 Πέτρος,
2660 2179 2750 2231 xui.
2778 2177 3008 2241 Παῦλος,
3038 2181 3131 2231 καὶ
3156 2179 3445 2248 Τιμόθεος;
3480 2180 3636 2249 Ὀρθ.

2064 2268 2225 2339 Τρεῖς
2270 2269 2369 2338 μέν
2409 2270 2583 2330 εἰσιν,
2630 2267 2745 2320 ἀλλ’
2786 2268 2847 2321 οὑ
2895 2270 3044 2339 τρεῖς
3086 2267 3380 2339 ἄνθρωποι.
3433 2270 3633 2339 Ἀνόμ.

2063 2359 2219 2426 Πῶς;
2249 2361 2401 2427 Ὀρθ.
2427 2361 2547 2413 ’Ότι
2577 2363 2724 2432 τρεῖς
2745 2362 2879 2414 εἰσιν
2906 2361 3198 2431 ἄνθρωποι,
3227 2362 3354 2414 ὅταν
3378 2362 3640 2433 ἀνομοίαν

2063 2451 2227 2522 ἔχωσι
2270 2452 2369 2523 τὴν
2415 2452 2663 2523 καρδίαν,
2709 2451 2784 2516 ὼς
2823 2451 3039 2524 Ἕλλην,
3081 2453 3176 2507 καὶ
3226 2453 3490 2517 Ἰουδαῖος,
3541 2456 3637 2507 xui

2060 2543 2380 2614 Χριστιανός
2399 2560 2412 2574 ·
2443 2544 2571 2597 ὅταν
2600 2542 2657 2596 δὲ
2683 2542 2745 2596 τὸ
2768 2543 2897 2598 αὐτὸ
2920 2542 3139 2613 λέγωσι,
3177 2544 3271 2598 xui
3299 2544 3372 2615 μὴ
3398 2543 3545 2598 ἐστιν
3574 2547 3637 2598 ὲν

2060 2634 2244 2697 αὐτοῖς
2274 2635 2567 2706 σχίσματα,
2598 2638 2745 2707 τρεῖς
2781 2635 2878 2706 μέν
2921 2637 3057 2688 είσιν
3095 2637 3436 2704 ὑποστάσεις,
3467 2633 3549 2700 εἷς
3572 2637 3632 2690 δὲ

2060 2728 2117 2780 ὲν
2157 2727 2366 2799 Κυρίῳ,
2414 2728 2543 2800 μίαν
2584 2727 2760 2799 ψυχὴν
2796 2727 3007 2799 ἔχοντες
3054 2729 3147 2782 καὶ
3190 2730 3318 2799 μίαν
3366 2728 3630 2801 καρδίαν·

2060 2817 2151 2870 xui
2179 2820 2327 2888 τρεῖς
2372 2818 2472 2889 μέν
2505 2819 2642 2873 εἰσιν
2672 2818 2907 2890 ἀριθμῷ,
2938 2819 3053 2875 ἀλλ’
3082 2819 3178 2890 οὑχ
3219 2820 3489 2890 ἑτερότητι
3530 2821 3635 2890 φύσ-

2060 2923 2197 2970 σεως
2222 2907 2254 2978 ἢ
2283 2908 2528 2979 καρδίας.
2568 2909 2763 2978 Ἀνόμ.
2800 2908 2939 2977 Ἐγὼ
2965 2910 3089 2973 τοὺς
3114 2912 3262 2981 τρεῖς
3284 2914 3432 2981 τρεῖς
3462 2911 3637 2979 λέγω.

2071 2997 2221 3065 Ὀρθ.
2259 3000 2401 3068 Ἐγὼ
2421 3000 2477 3053 δὲ
2508 3004 2656 3072 τρεῖς
2682 3001 2847 3069 λέγω,
2873 3002 3000 3054 ὅταν
3088 3004 3144 3053 ὲν
3175 3003 3357 3065 αὐτοῖς
3387 3003 3628 3073 σχίσμαο

2058 3090 2151 3144 ἐὰν
2175 3090 2231 3144 δὲ
2261 3091 2401 3146 κατὰ
2428 3092 2527 3155 τὰς
2554 3092 2713 3160 ἁγίας
2735 3092 2952 3162 Γραφὰς
2977 3092 3236 3160 γένωνται
3266 3093 3635 3163 κατηρτισμέ-

2062 3198 2140 3233 νοι
2170 3181 2228 3233 ὲν
2259 3181 2336 3252 τῷ
2360 3181 2507 3252 αὐτῷ
2533 3180 2633 3245 νοῒ,
2665 3183 2757 3235 καὶ
2784 3182 2842 3234 ὲν
2863 3185 2928 3253 τῇ
2958 3185 3094 3253 αὑτῇ
3124 3181 3337 3253 γνώμῃ,
3360 3184 3457 3236 ’ένα
3484 3183 3634 3252 λέγω

2060 3272 2243 3326 καινὸν
2271 3273 2574 3346 ἄνθρωπον,
2614 3273 2753 3343 μετὰ
2791 3274 2887 3328 τοῦ
2933 3276 3111 3346 μένειν
3145 3277 3244 3339 τὰς
3280 3278 3624 3343 ὑποστάσεις.

2072 3362 2266 3433 Ἀνόμ.
2308 3364 2465 3417 Ἀλλὰ
2503 3364 2675 3419 ταῦτα
2705 3366 2798 3419 ἐπὶ
2832 3366 3132 3439 ἀνθρώπων
3160 3369 3403 3439 είρηται’
3448 3370 3543 3424 ἐπὶ
3570 3371 3631 3425 δὲ

2058 3453 2193 3506 Θεοῦ
2228 3454 2419 3520 ἄλλως.
2468 3459 2619 3525 Ὀρθ.
2657 3459 2721 3510 Εί
2751 3457 2842 3511 ἐπὶ
2878 3459 2985 3511 τῶν
3014 3459 3357 3532 διῃρημένων
3388 3479 3633 3532 σωματι..

2058 3547 2190 3613 κῶς,
2223 3549 2350 3602 ὅταν
2559 3550 2763 3621 σχίσμα
2811 3550 3067 3616 διανοίας,
3100 3553 3162 3605 τὸ
3205 3547 3285 3616 εἷς
3333 3554 3427 3607 xui
3461 3554 3525 3606 τὸ
3567 3555 3629 3608 ἓν

2055 3641 2230 3693 κεῖται
2255 3642 2312 3694 ὲν
2339 3642 2405 3713 τῇ
2436 3645 2643 3713 γραφῇ,
2678 3641 2855 3714 πολλῷ
2884 3643 3041 3697 πλέον
3071 3644 3162 3697 ἐπὶ
3186 3645 3293 3699 τῶν
3323 3645 3502 3697 άῢλων
3531 3648 3627 3700 καὶ

2053 3730 2163 3784 τῶν
2192 3732 2513 3805 ἀσωμάτων.
2543 3734 2614 3787 Ἦ
2646 3735 2825 3789 τοίνυν
2855 3735 2940 3799 δὸς
2969 3737 3086 3789 ἐκεῖ
3112 3736 3402 3807 σχίσματα,
3433 3737 3521 3791 ἵνα
3548 3738 3626 3791 εῖ-

2055 3841 2244 3895 πωμεν
2286 3829 2434 3897 τρεῖς
2475 3825 2661 3891 θεοὺς,
2690 3828 2782 3881 τοῦ
2831 3827 2928 3899 μὲν
2968 3828 3085 3882 τόδε
3133 3828 3392 3894 θέλοντος,
3438 3829 3530 3883 τοῦ
3565 3829 3623 3885 δὲ

2053 3915 2168 3968 τόδε
2192 3932 2206 3946 ’
2241 3916 2296 3987 ἢ,
2328 3918 2374 3969 εί
2411 3916 2522 3988 (44)
2573 3918 2673 3971 οὐκ
2710 3917 2787 3972 ἔνι
2837 3919 3057 3990 σχίσμα,
3104 3914 3184 3983 εἷς
3229 3919 3362 3984 Θεὸς
3410 3920 3621 3991 Πατὴρ,

2052 4006 2145 4058 xui
2177 4006 2324 4073 Υἱὸς,
2354 4009 2449 4062 xui
2480 4009 2633 4078 ἅγιον
2667 4008 2912 4081 Πνεῦμα,
2942 4009 3018 4073 ὡς
3050 4005 3129 4072 εἷς
3162 4009 3446 4081 ἄνθρωπος
3482 4011 3533 4063 οί
3563 4013 3623 4063 ἐν

2050 4097 2267 4171 Χριστῷ
2296 4100 2738 4172 κατηρτισμένοι,
2769 4100 2950 4165 καθὼς
2975 4102 3299 4173 γέγραπται.

378 4166 510 4224 deos
538 4168 807 4238 dicamus,
841 4176 1097 4245 quoniam
1164 4196 1308 4237 unus
1367 4182 1537 4247 istud,
1607 4184 1749 4240 alius
1781 4185 1917 4243 illud
1951 4191 2080 4246 velit
2105 4166 2128 4245 ⁷ε
2180 4166 2273 4248 aut
2323 4194 2370 4251 si
2425 4166 2580 4250 nulla
2631 4166 2732 4252 est?
2772 4198 2826 4251 in
2872 4197 2942 4253 iis
3019 4198 3311 4261 dissensio,
3360 4212 3509 4251 unus
3551 4197 3622 4251 sit

377 4259 522 4317 Deus
545 4261 725 4331 Pater,
770 4276 823 4323 et
862 4268 1053 4338 Filius,
1103 4280 1157 4329 et
1203 4272 1440 4347 Spiritus
1499 4286 1722 4336 sanctus
1771 4296 1785 4332 :
1836 4287 2296 4365 quemadmodum
2319 4290 2493 4362 quiin
2525 4291 2747 4348 Christo
2771 4300 2898 4348 sunt
2954 4293 3202 4363 perfecti,
3262 4308 3408 4348 unus
3455 4292 3619 4347 homo

377 4364 527 4421 sunt,
560 4360 702 4415 sicut
732 4366 993 4434 scriptum
1024 4376 1129 4423 est.

448 4451 809 4512 5.Anamaeus.
850 4458 1010 4516 Nulla
1031 4469 1114 4518 est
1140 4464 1307 4534 igitur
1326 4464 1628 4524 differentia
1660 4470 1864 4539 Patris,
1893 4478 1949 4529 et

2119 4476 2502 4546 5.Ἀνόμοιος.
2540 4477 2653 4531 υὺκ
2696 4476 2840 4530 ἔστιν
2872 4473 2964 4531 οὖν
2988 4477 3216 4551 διαφορὰ
3252 4479 3487 4551 Πατρὸς,
3524 4484 3616 4537 καὶ

376 4540 521 4609 Filii,
554 4552 608 4599 et
648 4546 884 4617 Spiritus
915 4555 1140 4609 sancti?
1191 4557 1345 4612 Orth.
1386 4559 1543 4616 Nulla
1590 4579 1723 4621 sane
1767 4582 1944 4637 neque

377 4634 433 4688 in
474 4647 688 4702 natura,
728 4655 905 4710 neque
949 4643 1006 4699 in
1056 4648 1353 4718 voluntate,
1395 4654 1491 4709 sed
1531 4655 1585 4710 in
1622 4672 1688 4712 eo
1737 4634 1940 4729 aliqua,

376 4726 522 4797 quod
558 4728 779 4799 gignere
806 4740 859 4787 et
885 4734 1057 4806 gigni,
1089 4742 1340 4798 emittere
1370 4757 1423 4799 et
1451 4748 1763 4817 procedere,
1804 4726 1936 4806 intei

377 4835 438 4874 se
466 4820 733 4881 diﬁ‘erant.
775 4827 965 4883 Anam.
999 4828 1139 4897 Quid
1170 4842 1255 4891 est
1284 4837 1504 4910 gignere
1524 4849 1577 4895 et
1598 4842 1944 4914 gigni,emit—

376 4920 492 4968 tere
539 4925 593 4971 et
640 4918 972 4986 procedere?
1024 4922 1175 4982 Orth.
1218 4926 1341 4985 Haec
1380 4931 1453 4987 ita
1496 4932 1774 5001 dicuntur,
1814 4938 1942 5007 quia

375 5002 537 5060 Pater
586 5007 805 5077 quidem
855 5011 1047 5084 gignit.
1088 5015 1143 5072 id
1189 5025 1292 5086 est,
1337 5021 1570 5091 genuit:
1603 5021 1774 5081 Filius
1814 5002 1941 5082 vero

380 5096 638 5168 gignitur,
681 5101 733 5156 id
772 5111 877 5171 est,
922 5107 1136 5177 genitus
1173 5117 1257 5166 est
1291 5129 1304 5166 :
1346 5121 1402 5168 et
1435 5113 1561 5183 quia
1612 5115 1728 5186 ipse
1778 5114 1939 5174 Pater

379 5191 571 5246 emittit
612 5191 896 5264 Spiritum,
954 5197 1009 5253 id
1065 5208 1149 5257 est
1203 5203 1404 5261 emisit.
1465 5206 1700 5277 Spiritus
1756 5217 1938 5265 autem

377 5282 619 5351 procedit
641 5286 710 5352 ",
743 5287 799 5343 id
830 5295 935 5355 est,
969 5292 1255 5361 processit.
1312 5295 1504 5352 Anam.
1538 5296 1810 5367 Procedit,
1855 5300 1941 5354 in-

377 5373 515 5440 quit,
561 5390 691 5432 num
720 5392 851 5434 vero
901 5381 1063 5437 etiam
1097 5386 1404 5454 processit?
1450 5388 1599 5445 Orth.
1653 5390 1837 5447 Itidem
1872 5391 1940 5447 de

446 5528 492 5559 "
524 5527 699 5586 Galat.
734 5547 815 5599 tn,
844 5532 935 5589 28.
1010 5538 1058 5570 '°
1093 5537 1248 5596 Jaan.
1284 5558 1373 5607 xv,
1400 5543 1489 5599 26.

450 5681 559 5752 (44)
589 5685 647 5739 Et
671 5686 824 5745 abest
852 5705 881 5744 a
910 5690 1173 5749 Palatina.

2048 4567 2202 4633 Υἱοῦ,
2233 4570 2325 4622 xui
2358 4570 2514 4638 ἁγίου
2542 4570 2886 4642 Πνεύματος;
2918 4570 3070 4640 Ὀρθ.
3108 4571 3197 4623 Ἐν
3228 4574 3293 4642 τῇ
3331 4573 3490 4641 φύσει
3517 4576 3577 4629 οὔ
3596 4594 3611 4607 ·

2038 4658 2106 4719 ειν
2126 4659 2204 4731 τῷ
2227 4660 2486 4732 θελήματι
2510 4660 2569 4714 οὔ
2593 4677 2606 4688 ⁸
2636 4662 2693 4714 ὲν
2734 4662 2812 4732 τῷ
2838 4663 3029 4733 γεννᾷν
3052 4662 3144 4715 xui
3172 4663 3483 4730 γεννᾶσθαι,
3521 4666 3614 4719 καὶ

2040 4751 2349 4822 εκπέμπειν
2383 4750 2491 4823 (45)
2535 4751 2628 4805 xui
2678 4751 3085 4824 ἐκπορεύεσθαι,
3144 4752 3251 4805 ναί.
3304 4754 3504 4824 Ἀνόμ.
3548 4757 3614 4809 Τί

2039 4846 2159 4898 ἐστι
2205 4844 2397 4915 γεννᾷν
2429 4844 2520 4897 xui.
2548 4842 2856 4912 γεννᾶσθαι,
2892 4844 2986 4896 xui
3032 4844 3336 4914 ἐκπέμπειν
3374 4848 3469 4899 καὶ
3518 4848 3612 4900 ὲκ-

2040 4934 2405 5007 πορεὺεσθαι;
2428 4936 2584 5004 Ὀρθ.
2602 4935 2725 4990 Ὅτι
2743 4937 2771 4988 ὁ
2794 4936 2891 5005 μὲν
2915 4934 3102 5006 Πατὴρ
3129 4935 3311 5006 γεννᾷ,
3337 4935 3615 4989 τουτέστιν

2046 5026 2359 5097 ἐγέννησεν·
2388 5027 2416 5079 ὁ
2441 5025 2499 5079 δὲ.
2538 5024 2664 5088 Υἱὸς
2690 5026 2964 5094 γεννᾶται,
2990 5024 3235 5079 τουτέστι
3258 5025 3609 5098 γεγέννηται·

2040 5118 2137 5172 καὶ
2155 5118 2236 5171 ὅτι
2263 5116 2420 5180 αὑτὸς
2444 5118 2473 5169 ὁ
2499 5116 2684 5189 Πατὴρ
2709 5116 2984 5188 ἐκπέμπει
3009 5116 3069 5170 τὸ
3093 5116 3316 5187 Πνεῦμα
3339 5117 3613 5171 τουτέστιν

2044 5208 2459 5278 ἐξέπεμψε.Καὶ
2470 5208 2531 5262 τὸ
2558 5207 2780 5279 Πνεῦμα
2813 5208 3188 5281 ἐκπορεύεται,
3208 5207 3608 5273 τουτέστιν,ὲκ-

2046 5301 2391 5372 πεπόρευται,
2420 5300 2619 5370 Ἀνόμ.
2651 5300 3060 5372 Ἐκπορεύεται,
3085 5299 3237 5353 εἷπε·
3264 5299 3341 5371 μὴ
3376 5299 3487 5370 γὰρ
3518 5300 3613 5353 xui

2046 5392 2446 5461 ὲκπεπόρευται
2466 5393 2649 5459 ςύρθ.
2670 5394 2780 5446 Καὶ
2802 5390 3041 5463 περὶτοῦ
3062 5390 3213 5457 Υίοῦ,
3237 5410 3257 5442 ι
3284 5391 3455 5463 Γεννᾷ
3479 5406 3603 5460 ps,»

2120 5698 2230 5768 (45)
2264 5698 2369 5753 Καὶ
2399 5697 2721 5769 ἐκπέμπειν,
2752 5699 2902 5756 abest
2933 5714 2963 5753 a
2999 5697 3267 5753 Palatino.
