3870 6208
304 195 434 253 1121

1280 186 1373 245 DE
1412 184 1681 246 SANCTA
1718 183 2093 247 TRINITATE
2130 185 2480 249 DIALOGUS
2518 190 2560 248 1.

3413 196 3554 258 1122

295 313 509 383 εἴρηκε.
542 329 567 363 ι
591 309 743 382 Πρὸ»
775 309 883 381 γὰρ
932 328 952 361 ι
1001 302 1217 363 πάντων
1269 307 1471 378 βουνῶν
1516 311 1681 383 γεννᾷ
1719 329 1807 382 με,
1848 332 1850 362 ς

1975 309 2113 367 Filio
2140 311 2279 367 dixit
2316 331 2335 365 ι
2364 310 2545 384 Gignit
2575 326 2662 367 me
2692 331 2705 367 :
2742 331 2761 364 ι
2792 313 2868 367 ait
2895 314 3039 370 enim
3066 333 3080 369 :
3120 334 3140 367 ι
3186 315 3329 373 Ante
3361 334 3552 377 omnes

294 396 471 456 εἶπεν.
510 400 719 472 Ὠσπερ
749 396 840 454 οὖν
867 398 960 453 ἐπὶ
980 397 1071 452 τοῦ
1097 397 1226 452 Υίοῦ
1256 398 1319 451 τὸ
1347 397 1529 470 γεννᾷ
1564 415 1657 465 με,
1689 399 1872 468 Ἐγέν-

294 510 451 565 νησε,
468 495 627 558 νοεῖς,
646 491 789 546 οὕτω
822 492 916 545 καὶ
941 491 1033 545 ἐπὶ
1060 488 1153 544 τοῦ
1170 489 1310 544 ΙΙνεύ
1317 508 1483 562 ματος
1501 488 1562 544 τὸ
1582 491 1874 563 ἐκπορεύε-

289 600 408 648 ται,
443 583 863 655 ὲκπεπόρευται,
889 582 1079 654 νόησον
1096 598 1113 614 ·
1140 581 1261 646 ἔθος
1284 583 1394 654 γάρ
1423 584 1538 636 ὲστι
1566 586 1867 656 γραφικόνδ

288 675 370 739 ὡς
402 676 484 739 τὸ,
517 695 536 727 ι
559 677 617 729 '0
647 675 816 729 ποιῶν
857 674 984 740 τοὺς
1011 674 1275 743 ἀγγέλους
1305 673 1469 728 αὑτοῦ
1508 675 1813 747 πνεύματα,
1845 696 1864 729 ι

289 766 588 830 τουτέστιν,
626 765 682 819 Ὁ
705 766 933 837 ποιήσας
956 783 970 796 ·
1006 764 1102 819 καί⁸
1139 760 1219 829 τὸ,
1243 783 1261 815 ι
1283 762 1341 817 '0
1358 763 1621 835 θεμελιῶν
1645 766 1742 837 τὴν
1765 762 1869 837 γῆν

288 858 390 910 ἐπὶ
434 857 531 929 τὴν
561 857 860 927 ἀσφάλειαν
905 857 1105 927 αὑτῆς,
1137 875 1156 908 ι
1207 852 1474 922 τουτέστι,
1511 856 1863 928 θεμελιώσας.

288 949 495 1018 Ἀνόμ.
525 948 673 1020 Αὕτη
715 948 861 1001 ἐστὶν
894 949 926 1018 ἡ
962 944 1229 1018 διαφορά;
1259 946 1413 1014 Ὀρθ.
1466 946 1635 1019 Δὺτη.
1665 948 1862 1017 Ἀνόμ.

289 1041 405 1112 Τὴν
432 1041 490 1094 δὲ
529 1041 687 1109 φύσιν
735 1040 832 1111 τὴν
870 1039 1039 1110 αὑτὴν
1090 1039 1303 1108 λέγεις;
1345 1042 1499 1108 Ὀρθ.
1538 1040 1649 1110 Τὴν
1674 1039 1862 1110 αὑτήν.

280 1128 493 1199 Ἀνόμ.
546 1132 658 1183 Καὶ
711 1130 828 1193 πῶς
865 1129 1084 1182 δύναται
1116 1128 1149 1201 ὴ
1180 1131 1316 1202 αὑτὴ
1357 1130 1516 1199 φύσις
1562 1125 1720 1193 εἶναι,
1753 1131 1801 1182 εί
1836 1130 1865 1181 ὁ

290 1202 400 1292 μὲν
419 1222 601 1292 γεννᾷ,
639 1223 668 1274 6
696 1221 751 1275 δὲ
775 1222 1058 1289 γεννᾶται;
1085 1222 1238 1288 Ὀρθ.
1263 1221 1428 1289 Τίθης
1445 1221 1502 1274 δὲ
1526 1221 1692 1291 ὅμως,
1728 1220 1808 1273 ὅτι
1835 1221 1864 1272 6

289 1314 390 1385 μὲν
407 1315 518 1385 (46)
544 1316 726 1386 γεννᾷ,
761 1314 788 1366 6
818 1314 874 1367 δὲ
899 1316 1154 1382 γεννᾶται
1181 1329 1195 1377 ;
1219 1314 1417 1382 Ἀνόμ.
1444 1313 1585 1378 Nat;
1618 1315 1771 1379 ‘0p0.
1797 1312 1861 1364 Et

276 1404 316 1455 ὁ
349 1403 447 1474 μὲν
462 1405 643 1475 γεννᾷ,
660 1407 688 1457 6
702 1405 759 1457 δὲ
777 1406 1027 1473 γεννᾶται
1047 1418 1060 1434 ³
1092 1407 1120 1458 6
1142 1405 1344 1472 γεννῶν
1369 1406 1432 1457 ὲκ
1448 1404 1546 1475 τῆς
1570 1402 1731 1456 αὑτοῦ
1751 1402 1859 1473 (47)

285 1494 504 1564 φύσεως
535 1496 717 1566 γεννᾷ,
751 1497 844 1548 καὶ
876 1498 905 1549 6
934 1494 1269 1567 γεννώμενος
1299 1497 1363 1548 ἐκ
1392 1496 1490 1566 τῆς
1517 1493 1608 1548 τοῦ
1627 1481 1861 1563 ’γεννῶν-

281 1601 379 1647 τος
403 1585 617 1654 φύσεως
648 1588 921 1654 γεννᾶται.
944 1588 1143 1656 Ἀνόμ.
1175 1586 1266 1657 Μὴ
1287 1586 1497 1654 γένοιτό
1529 1603 1619 1655 μοι
1661 1589 1855 1650 εἰπεῖν,

1975 404 2143 462 colles
2171 405 2345 475 gignit
2381 420 2471 460 me
2492 406 2559 460 ⁷³.
2601 424 2619 456 ι
2657 403 3128 471 Quemadmodum
3168 409 3336 479 igitur
3366 410 3433 467 de
3462 411 3553 467 Fi-

1973 498 2048 553 lio
2075 514 2171 569 per
2202 498 2356 562 illud,
2388 497 2563 569 gignit
2608 513 2717 565 me,
2762 497 3042 569 intelligis.
3083 497 3282 556 Genui!
3314 518 3443 572 me;
3475 505 3551 559 ita

1972 589 2135 643 etiam
2174 587 2328 652 illud,
2358 589 2627 658 procedit,
2662 589 2849 656 accipe
2893 589 2962 643 de
3001 587 3229 660 Spiritu,
3273 607 3336 647 ac
3377 593 3425 648 si
3463 594 3552 650 di-

1972 685 2204 741 ceretur,
2244 679 2531 748 processit.
2574 677 2675 732 llic
2725 683 2870 733 enim
2928 687 3015 735 est
3081 697 3198 738 mos
3252 683 3551 756 Scriptum

1970 780 2028 824 ut
2062 769 2214 835 illud,
2253 789 2270 822 ι
2295 769 2398 836 Qui
2419 770 2549 824 facit
2572 773 2795 842 angelos
2818 788 2948 830 suos
2973 775 3280 845 spiritus",
3310 797 3327 828 ι
3361 780 3412 833 id
3438 787 3546 841 est.

1969 857 2070 924 Qui
2094 858 2224 914 fecit
2248 878 2262 914 :
2284 869 2337 913 et
2363 859 2518 923 illud,
2547 878 2563 909 ι
2586 859 2687 926 Qui
2705 861 2899 920 fundas
2920 871 3121 919 terram
3153 882 3317 936 supra
3340 869 3550 923 stabili-

1968 959 2129 1005 tatem
2148 966 2302 1006 suam
2319 952 2387 1014 ⁷³,
2412 971 2431 1002 ι
2459 951 2509 1006 id
2534 960 2636 1011 est.
2655 954 2747 1023 qui
2782 952 3043 1009 fundasti.
3069 955 3262 1010 Anam.
3297 955 3551 1017 Hmccine

1966 1040 2133 1112 igitur
2147 1050 2230 1097 est
2247 1042 2583 1098 diﬂ'erentia?
2615 1043 2768 1100 Orth.
2793 1044 2917 1099 Haec
2946 1052 3047 1101 est.
3082 1046 3548 1108 Anom.Eamdem

1965 1143 2146 1188 autem
2191 1145 2438 1189 naturam
2495 1136 2615 1190 ais?
2667 1136 2823 1192 Orlh.
2883 1137 3161 1194 Eamdem.
3224 1142 3416 1198 Anam.
3480 1144 3547 1198 Et

1963 1228 2236 1296 quomodo
2267 1235 2447 1297 potest
2492 1228 2681 1283 eadem
2717 1244 2838 1284 esse
2866 1238 3088 1294 natura,
3127 1232 3173 1286 si
3231 1249 3373 1287 unus
3422 1236 3547 1305 qui-

1962 1318 2083 1373 dem
2116 1320 2309 1389 gignit,
2352 1321 2490 1374 alter
2525 1320 2807 1391 gignitur?
2863 1320 3017 1376 Orth.
3050 1320 3218 1378 Ponis
3268 1325 3548 1381 nihilomi-

1961 1426 2086 1474 nus,
2126 1428 2291 1465 unum
2324 1413 2563 1481 gignere,
2607 1413 2837 1467 alterum
2870 1415 3060 1485 gigni?
3116 1414 3306 1472 Anam.
3344 1416 3541 1475 Etiam.

1964 1503 2119 1559 Orth.
2177 1505 2234 1557 Si
2268 1521 2411 1559 unus
2439 1505 2631 1576 gignit,
2662 1503 2800 1561 alter
2826 1506 3068 1576 gignitur
3100 1525 3113 1561 :
3151 1508 3241 1579 qui
3276 1509 3450 1579 gignit
3476 1526 3545 1564 ex

1960 1610 2059 1649 sua
2111 1595 2286 1665 ipsius
2316 1605 2513 1649 natura
2551 1596 2721 1666 gignit
2757 1615 2771 1651 :
2803 1604 2856 1651 et
2893 1597 2985 1667 qui
3017 1599 3279 1669 gignitur,
3311 1615 3378 1653 ex
3427 1600 3545 1672 gig-

281 1676 368 1729 ὃτι
398 1678 464 1728 ἐκ
489 1678 588 1747 τῆς
618 1676 829 1746 φύσεως
860 1677 1148 1749 ἐγέννησεν
1179 1682 1208 1732 6
1235 1679 1402 1742 Θεόςί
1460 1679 1614 1745 Ὀρθ.
1647 1677 1850 1731 Οὐκοῦν

1956 1685 2134 1739 ncntis
2192 1684 2690 1755 natura.gignitur.
2754 1685 2941 1741 Anam.
3001 1685 3176 1751 Absit,
3240 1695 3298 1742 ut
3340 1688 3540 1757 dicam,

281 1767 384 1819 οὑκ
406 1767 713 1837 ἐγέννησεν.
733 1770 1235 1841 ⁵Λνόμ.Ἐγέννησε
1267 1771 1491 1836 κτίσαςς
1524 1773 1677 1838 Ὀϐρ.
1706 1770 1857 1843 Πρῶ-

279 1870 373 1905 τον
400 1853 560 1906 αὑτὸν
593 1855 794 1921 ἔκτισε,
824 1858 916 1910 καὶ
939 1858 1057 1910 τότε
1082 1858 1398 1930 ἐγέννησεν·
1435 1859 1466 1930 ἢ
1512 1858 1661 1924 πῶς;
1690 1861 1855 1914 Φανε-

274 1942 521 2017 ρώτερόν
557 1963 648 2016 μοι
697 1948 837 2002 εἰπέ.
874 1948 948 2001 Οὑ
996 1948 1102 2002 νοῶ
1142 1950 1250 2022 γὰρ
1298 1951 1351 2004 τί
1400 1953 1566 2016 ἐστιν,
1602 1951 1854 2023 ἐγέννησε

278 2036 494 2101 κτίσας.
533 2035 736 2109 Ἀνόμ.
772 2039 844 2092 Τὸ
868 2040 1112 2112 γέννημα
1136 2040 1231 2094 τοῦ
1285 2041 1420 2095 Θεοῦ
1450 2042 1651 2113 κτίσμα
1691 2042 1853 2096 αὑτοῦ

277 2129 450 2192 ἐστιν,
500 2112 699 2201 ἐπειδὴ·
733 2130 936 2195 ἁπλοῦς
965 2133 1081 2191 ἐστι
1129 2133 1223 2187 καὶ
1255 2112 1587 2198 ἀσύνθετοςί
1619 2135 1710 2187 καὶ
1754 2133 1853 2187 οὐκ

276 2219 461 2284 ἄλλοις
488 2223 670 2294 γεννᾷ,
706 2223 798 2276 καὶ
838 2223 1016 2287 ἄλλοις
1049 2223 1238 2288 κτίζει,
1274 2225 1389 2278 ἀλλ’
1418 2219 1498 2289 οἷς
1526 2227 1709 2295 γεννᾷ,
1731 2223 1853 2285 τού-

273 2326 391 2373 τοις
420 2313 515 2366 καὶ
540 2313 733 2378 κτίζει.
754 2315 907 2382 Ὀρθ.
941 2316 1006 2368 El
1031 2316 1235 2379 ἁπλοῦς
1263 2318 1376 2370 ὲστι
1406 2316 1505 2369 καῖ
1536 2315 1847 2382 ἁσὺνθετος,

273 2400 332 2452 τί
360 2400 556 2470 λέγεις,
586 2398 666 2466 οἷς
682 2403 775 2457 καὶ
796 2398 913 2470 οἶςς
942 2404 1110 2458 Ἔνθα
1139 2404 1246 2478 γὰρ
1270 2405 1349 2471 τὸ,
1379 2401 1460 2470 οἷς
1490 2406 1584 2460 καὶ
1610 2400 1712 2471 οἷς,
1738 2407 1854 2459 ἐκεῖ

262 2484 468 2547 πολλά.
496 2496 557 2548 El
587 2495 644 2548 δὲ
677 2496 990 2562 ἁσύνθετος,
1019 2498 1118 2552 οὑκ
1144 2499 1252 2570 ἄρα
1276 2497 1466 2552 πολλά.

1966 1768 2134 1824 Deum
2156 1784 2223 1824 ex
2252 1779 2449 1823 natura
2488 1769 2762 1839 genuisse.
2802 1768 2954 1824 ΟτιΙι.
2976 1769 3101 1824 Non
3137 1773 3301 1841 igitur
3332 1773 3540 1841 genuit.

1959 1858 2150 1913 Anam.
2206 1857 2422 1925 Genuit,
2453 1875 2577 1913 cum
2628 1867 2889 1914 creasset.
2947 1860 3100 1916 Orth.
3149 1860 3360 1929 Ergone
3390 1863 3542 1933 prius

1955 1950 2133 2021 ipsum
2165 1951 2389 2016 creavit,
2439 1957 2494 2005 et
2560 1949 2756 2005 deinde
2801 1951 3005 2020 genuit,
3051 1967 3118 2006 an
3181 1954 3365 2022 aliquo
3404 1952 3544 2024 quo-

1953 2041 2096 2113 piam
2122 2042 2320 2096 modo?
2346 2040 2602 2116 .Loquere
2633 2041 2911 2110 apertius:
2942 2040 3054 2097 Nec
3114 2044 3259 2097 enim
3300 2046 3543 2116 intelligo

1953 2132 2083 2200 quid
2115 2131 2209 2191 sit.
2242 2130 2428 2201 genuit
2458 2145 2581 2184 cum
2611 2136 2878 2185 creasset.
2926 2130 3122 2185 Anam.
3175 2130 3332 2198 Quod
3368 2135 3544 2205 gigni-

1953 2232 2044 2278 tur
2070 2237 2100 2277 a
2134 2222 2240 2277 Deo
2275 2228 2524 2276 creatura
2574 2228 2678 2284 est,
2732 2221 2991 2291 quoniam
3036 2223 3127 2277 ille
3166 2225 3398 2295 simplex
3433 2235 3539 2292 est,

1950 2324 2006 2371 et
2060 2314 2475 2386 compositionis
2513 2328 2709 2382 expers
2758 2327 2770 2363 :
2814 2327 2914 2367 nec
2972 2314 3095 2369 aliis
3155 2315 3380 2385 gignit,‘
3417 2318 3540 2371 aliis

1957 2415 2129 2471 creat,
2160 2406 2256 2461 sed
2285 2406 2484 2476 quibus
2522 2404 2715 2475 gignit,
2748 2404 2940 2458 iisdem
2974 2405 3137 2460 etiam
3171 2414 3343 2461 creat.
3384 2406 3538 2463 Orth.

1958 2495 2019 2549 Si
2048 2494 2276 2565 simplex
2316 2500 2400 2548 est
2443 2500 2496 2547 et
2541 2493 2956 2562 compositionis
3007 2509 3223 2564 expers,
3273 2479 3538 2567 quorsum

267 2587 441 2654 dicis,
490 2590 687 2661 quibus
718 2598 773 2646 et
824 2592 1059 2664 quibus?
1089 2591 1192 2649 Ubi
1218 2594 1361 2649 enim
1390 2600 1473 2649 est
1512 2592 1665 2659 illud,
1704 2593 1903 2665 quibus
1940 2600 1996 2648 et
2031 2590 2255 2663 quibus,
2290 2588 2365 2644 ibi
2392 2603 2609 2660 quoque
2637 2588 2806 2642 multa
2853 2596 3001 2644 sunt.
3037 2587 3094 2644 Si
3157 2605 3324 2661 porro
3384 2608 3539 2647 com-

272 2684 568 2755 positionis
620 2702 816 2759 expers
854 2696 939 2744 est
964 2688 1127 2756 Deus,
1182 2705 1292 2744 non
1335 2690 1501 2761 igitur
1539 2691 1594 2744 in
1625 2705 1691 2745 eo
1734 2700 1864 2746 sunt
1902 2689 2095 2745 multa.

346 2776 404 2832 4.
422 2777 744 2848 Ἀνόμοιος.
777 2780 890 2834 Οὐκ
909 2780 1056 2835 ἔστιν
1080 2778 1172 2836 οὖν
1202 2781 1405 2845 ἁπλοῦς
1436 2785 1464 2837 6
1490 2783 1655 2850 Θεὸς;
1686 2784 1843 2853 Ὄρθ.

272 2868 422 2938 Ἔγὼ
441 2869 497 2923 δὲ
526 2872 617 2924 καὶ
645 2870 784 2942 ὑπὲρ
811 2871 871 2925 τὸ
903 2871 1108 2928 ἁπλοῦν
1136 2873 1297 2943 λέγω.
1346 2874 1457 2928 Καὶ
1484 2873 1592 2945 γὰρ
1620 2872 1847 2942 ἄγγελος

271 2959 480 3025 ἁπλοῦς
516 2962 651 3019 ἐστι.
684 2963 777 3016 καὶ
806 2962 973 3035 ψυχὴ,
1030 2963 1122 3016 καὶ
1155 2964 1217 3017 τὸ
1251 2964 1367 3033 φῶς
1387 2980 1401 2995 θ
1438 2963 1498 3017 οὑ
1527 2963 1636 3036 γὰρ
1661 2966 1725 3018 ἐκ
1754 2980 1848 3034 με·-

276 3052 389 3123 ρῶν
421 3052 454 3124 ἦ
492 3052 665 3123 μελῶν
709 3053 1008 3123 σύγκειται.
1045 3056 1243 3123 Ἀνόμ.
1277 3056 1340 3108 Et
1377 3054 1554 3108 τοίνυν
1582 3055 1675 3107 καὶ
1707 3054 1844 3126 ὑπὲρ

273 3142 340 3196 τὸ
376 3143 579 3197 ἁπλοῦν
608 3145 776 3207 ἐστιν,
805 3139 885 3210 οἷς
915 3149 1078 3218 γεννᾷ
1112 3148 1206 3201 καὶ
1243 3147 1452 3213 milia;
1487 3150 1643 3216 Ὀρθ.
1678 3148 1847 3201 Πάλιν

274 3234 441 3302 λέγω,
473 3238 549 3309 μὴ
582 3237 725 3306 λέγε,
759 3233 839 3302 οἷς
867 3240 1028 3310 γεννᾷ
1057 3240 1150 3293 καὶ
1178 3238 1378 3304 κτίζει·
1418 3240 1479 3293 τὸ
1509 3239 1618 3309 γὰρ
1644 3239 1847 3294 ἁπλοῦν

272 3321 358 3391 οἷς
391 3331 484 3381 καὶ
503 3323 581 3391 οἷς
611 3330 710 3382 οὐκ
730 3329 843 3400 ἔχει
861 3347 873 3360 ’
910 3330 1087 3402 πολλῷ
1114 3332 1170 3385 δὲ
1198 3332 1367 3385 πλείω
1386 3333 1446 3386 τὸ
1477 3334 1615 3406 ὑπὲρ
1643 3332 1846 3386 ἁπλοῦν

271 3414 357 3483 οἷς
389 3421 482 3473 καὶ
526 3417 607 3484 οἷς
650 3422 750 3475 οὐκ
789 3422 921 3492 ἔχει.
956 3424 1155 3492 Ἀγόμ.
1197 3423 1465 3488 Ὡσαύτως
1497 3420 1588 3478 οὗν
1627 3426 1791 3496 γεννᾷ
1818 3425 1846 3477 6

270 3510 429 3579 θεὸς,
463 3513 554 3566 καὶ
580 3512 839 3577 ὡσαύτως
865 3514 1066 3580 κτίζει;
1099 3517 1255 3584 ’ορθ.
1286 3516 1382 3571 Οὔ.
1409 3517 1607 3586 Ἀνόμ.
1638 3517 1844 3570 Οὐκοῦν

272 3603 563 3672 σύνθετος;
592 3606 747 3674 Ὀρθ.
777 3606 868 3679 Μὴ
889 3607 1127 3675 γένοιτοί
1164 3608 1363 3678 Ἀνόμ.
1389 3610 1452 3663 Ei
1483 3609 1659 3675 ἄλλοις
1683 3613 1845 3683 γεννᾷ

271 3698 370 3750 καὶ
408 3696 586 3771 ἄλλοις
638 3698 830 3763 κτίζει,
879 3699 1129 3763 σύνθετός
1162 3701 1341 3766 ὲστιν;
1368 3701 1523 3769 Ὀρθ.
1558 3701 1634 3754 Οὑ
1679 3701 1840 3771 λέγω,

260 3760 662 3859 ᾇλλοιςᾏεννᾷ,
702 3760 1022 3853 καὶγᾶλλοις
1056 3760 1249 3853 κτίζει,
1289 3760 1444 3844 ἀλλὰ⁷
1456 3790 1630 3855 ἄλλως
1659 3760 1840 3863 γεννᾷ,

269 3880 369 3933 καὶ
401 3878 574 3943 ἄλλως
603 3880 793 3945 κτίζει.
851 3882 1051 3952 Ἀνόμ.
1084 3882 1209 3947 Πῶς
1236 3885 1418 3956 γεννᾷ,
1454 3886 1550 3938 καὶ
1581 3886 1698 3951 πῶς
1723 3886 1841 3941 κτί-

270 3966 358 4033 ζει
378 3983 394 4033 ;
417 3968 571 4037 Ὀρθ.
621 3969 944 4024 ’Υποστάσει
978 3973 1160 4043 γεννᾷ,
1210 3973 1306 4026 καὶ
1333 3974 1519 4046 ἐντολῇ
1555 3976 1747 4041 κτίζει.
1776 3978 1841 4030 Ἠ

268 4060 383 4130 γὰρ
431 4060 638 4130 ἐντολὴ,
686 4061 983 4133 σύνδρομον
1027 4062 1226 4133 ἔχουσα
1271 4064 1370 4136 τὴν
1401 4064 1654 4137 δύναμιν,
1700 4083 1843 4137 παρ-

272 4152 486 4222 ίστησιν
505 4152 532 4205 ὃ
551 4152 796 4223 βούλεται
827 4157 855 4207 6
876 4154 1248 4226 ἐντειλάμενος
1265 4173 1278 4185 ·
1308 4156 1599 4211 ὑποστάσει
1627 4156 1683 4212 δὲ
1714 4173 1840 4225 γεν-

267 4240 401 4305 νῶν,
448 4241 548 4295 οὑκ
579 4241 829 4312 ἀνέχεται
876 4242 1115 4315 ἐντολὴν,
1166 4244 1252 4297 ἵνα
1281 4244 1446 4316 μηδὲν
1478 4245 1639 4316 μέσον
1744 4244 1838 4299 τοῦ

2019 2779 2075 2835 4.
2093 2778 2395 2833 Anamaeus.
2413 2775 2611 2831 Annon
2641 2783 2725 2832 est
2750 2776 2915 2847 igitur
2931 2775 3072 2832 Deus
3101 2775 3366 2848 simplex?
3382 2776 3535 2835 Ονιιι.

1948 2871 2063 2928 lmo
2100 2873 2265 2927 etiam
2292 2871 2529 2940 amplius
2559 2885 2724 2940 quam
2749 2869 3053 2940 simplicem
3082 2885 3207 2925 esse
3234 2871 3343 2925 aio.
3383 2869 3521 2925 Nam

1949 2971 2004 3020 et
2031 2964 2256 3035 angelus
2287 2961 2514 3032 simplex
2548 2966 2654 3023 est,
2706 2967 2760 3016 ct
2802 2960 3004 3023 anima,
3045 2967 3101 3014 et
3136 2960 3249 3024 lux,
3300 2975 3422 3014 cum
3466 2976 3536 3015 ex

1947 3059 2195 3129 partibus
2217 3063 2309 3109 aut
2336 3054 2595 3109 membris
2626 3069 2734 3108 non
2763 3060 3185 3122 componantur.
3213 3051 3406 3105 Anam.
3432 3051 3534 3106 Ita-

1947 3165 2052 3221 que
2103 3149 2151 3204 si
2183 3148 2416 3219 amplius
2474 3146 2638 3218 410
2686 3160 2849 3216 quam
2908 3145 3137 3212 simplex
3174 3153 3281 3211 est,
3335 3143 3533 3214 quibus

1946 3237 2137 3310 gignit,
2189 3235 2384 3291 iisdem
2427 3235 2592 3289 etiam
2626 3242 2795 3289 creat.
2866 3231 3022 3287 Ortlz.
3056 3232 3257 3287 lterum
3311 3247 3529 3295 moneo,

1944 3344 2014 3382 ne
2064 3327 2252 3391 dicito,
2298 3325 2500 3396 quibus
2557 3324 2728 3395 gignit
2780 3323 2973 3379 iisdem
3023 3331 3076 3378 et
3133 3331 3284 3379 creat
3334 3342 3348 3378 :
3401 3337 3529 3377 nam

1945 3418 2089 3489 quod
2121 3417 2350 3487 simplex
2399 3423 2505 3482 est,
2544 3431 2654 3471 non
2709 3416 2874 3471 habet
2926 3416 3130 3486 quibus
3182 3423 3237 3471 et
3286 3415 3526 3486 quibus:

1943 3510 2114 3565 multo
2147 3518 2328 3564 autem
2380 3510 2544 3565 etiam
2578 3508 2750 3579 magis
2805 3508 2881 3571 id,
2931 3509 3079 3578 quod
3136 3522 3303 3578 supra
3351 3508 3527 3578 ipsam

1943 3602 2349 3672 simplicitatem
2402 3608 2509 3666 est,
2562 3614 2674 3655 non
2709 3599 2948 3653 admittit
3009 3597 3166 3663 illud,
3207 3599 3407 3669 quibus
3469 3608 3527 3653 et

1886 3679 1894 3687 ’
1942 3695 2160 3765 quibus.
2204 3693 2398 3748 Anam.
2433 3690 2694 3746 Similiter
2724 3704 2856 3760 ergo
2893 3690 3066 3761 gignit
3102 3688 3265 3753 Deus,
3295 3696 3349 3744 et
3377 3688 3529 3744 simi-

1942 3786 2068 3841 liter
2113 3791 2284 3840 creat.
2358 3782 2512 3839 Orth.
2572 3783 2951 3853 Nequaquam.
3001 3782 3191 3835 Anam.
3247 3778 3391 3851 Ergo
3442 3788 3527 3836 est

1940 3875 2295 3945 compositus.
2358 3873 2514 3930 Orlh.
2549 3874 2724 3929 Absit.
2777 3873 2974 3928 Anam.
3023 3871 3081 3927 Si
3113 3872 3235 3927 aliis
3264 3872 3436 3943 gignit
3473 3883 3525 3927 et

1941 3967 2064 4023 aliis
2092 3975 2263 4031 creat,
2306 3964 2644 4035 compositus
2676 3970 2778 4019 est.
2842 3962 2993 4018 Orth.
3050 3960 3167 4015 Non
3222 3961 3347 4016 dico
3398 3961 3524 4016 aliis

1940 4059 2133 4130 gignit,
2168 4059 2290 4114 aliis
2319 4067 2505 4112 creat:
2549 4055 2645 4111 sed
2692 4054 2851 4109 aliter
2894 4054 3085 4125 gignit,
3144 4052 3302 4106 aliter
3349 4059 3519 4105 creat.

1939 4154 2130 4207 Anam.
2172 4149 2456 4218 Quomodo
2505 4148 2679 4220 gignit
2718 4154 2772 4201 et
2817 4144 3090 4216 quomodo
3124 4143 3313 4198 creat?
3364 4141 3519 4199 Ortli.

1940 4243 2229 4317 Hypostasi
2254 4244 2445 4316 gignit,
2467 4250 2520 4298 et
2541 4243 2798 4297 mandato
2829 4250 2995 4295 creat.
3019 4236 3329 4291 Mandatum
3354 4235 3520 4301 enim,

269 4332 567 4400 γεννῶντος
611 4334 823 4405 Πατρὸς
848 4334 942 4388 καὶ
966 4335 1063 4389 τοῦ
1091 4338 1427 4408 γεννωμένου
1451 4337 1603 4391 Υἱοῦ.
1635 4338 1833 4407 Ἀνόμ.

1954 4342 2299 4389 :oncurrente
2326 4338 2611 4403 potestate,
2643 4344 2883 4401 praesens
2912 4328 3054 4383 sistit
3087 4325 3233 4396 quod
3265 4324 3525 4378 mandatu

268 4423 363 4494 Μὴ
391 4423 557 4478 θέλων
597 4421 689 4480 οὖν
737 4426 1061 4498 ὲγέννησεν;
1097 4431 1251 4496 Ὀρθ.
1291 4430 1347 4482 '0
1377 4428 1655 4500 γεννηθεὶς
1695 4429 1842 4494 ζῶσα
1870 4432 1889 4453 ⁸

268 4516 367 4569 τοῦ
394 4517 751 4588 γεννήσαντός
777 4520 922 4573 ἐστιν
948 4519 1132 4585 εἰκὼν,
1165 4520 1261 4573 καὶ
1288 4520 1602 4594 ὑπερϐαίνει
1627 4521 1726 4591 τὴν
1755 4520 1843 4573 θέ-

271 4607 428 4679 λησιν
455 4611 489 4680 ἡ
513 4609 674 4665 εἰκὼν
693 4610 792 4681 τῆς
817 4611 1182 4676 ὑποστάσεως.
1215 4612 1435 4684 Πρῶτον
1462 4612 1569 4685 γὰρ
1596 4613 1677 4666 δεῖ
1703 4616 1842 4667 νοεῖν

268 4699 371 4770 τὴν
404 4700 586 4754 εἰκόνα
615 4701 716 4771 τῆς
745 4701 1110 4767 ὑποστάσεως,
1129 4703 1223 4757 καὶ
1253 4704 1373 4757 τότε
1400 4702 1461 4756 τὺ
1485 4703 1676 4769 θέλειν,
1701 4702 1734 4775 ἢ
1767 4703 1840 4774 μὴ

273 4790 467 4844 θέλειν.
497 4792 607 4860 Τῆς
650 4793 707 4846 δὲ
732 4792 1078 4857 ὑποστάσεως
1106 4794 1221 4847 ἐστι
1247 4794 1494 4865 γέννημα
1543 4794 1638 4848 καὶ
1680 4793 1841 4847 εἰκὼν

271 4881 691 4950 ἀπαράλλακτος
723 4885 752 4936 6
781 4883 911 4947 Υἱός
934 4900 949 4913 ·
985 4883 1093 4955 πρὸ
1132 4883 1226 4937 τοῦ
1261 4884 1559 4955 θελήματος
1603 4885 1714 4939 νόει
1743 4882 1843 4956 τὴν

269 4973 372 5042 τῆς
411 4973 758 5037 ὑποστάσεως
779 4974 983 5028 εἰκόνα.
1002 4976 1198 5045 Ἀτόμ.
1226 4975 1290 5028 Τί
1308 4976 1479 5041 ὲστιν;
1495 4975 1844 5047 Ὑπερϐαίνει

239 5066 367 5136 1τὴν
398 5064 615 5136 θέλησιν
642 5066 675 5136 ἠ
699 5063 895 5132 εἰκών;
919 5067 1074 5134 Ὀρθ.
1096 5067 1219 5120 Ὅτι
1238 5066 1333 5138 τὴν
1359 5066 1565 5131 οὐσίαν,
1599 5067 1695 5121 καὶ
1715 5067 1842 5121 ἄνευ

267 5153 360 5207 τοῦ
396 5154 514 5207 τόδε
553 5153 751 5221 θέλειν,
783 5155 970 5227 νοῆσαι
993 5154 1125 5229 δύνῃ
1144 5173 1157 5186 ·
1188 5156 1315 5210 ἄνευ
1340 5156 1395 5209 δὲ
1420 5156 1626 5221 εἰκόνος
1661 5158 1723 5211 οὐ
1757 5156 1847 5211 δύ-

268 5262 354 5316 νῃ.
389 5245 454 5298 Ἠ
502 5245 611 5319 γὰρ
637 5245 852 5317 θέλησις
880 5247 974 5301 καὶ
1000 5246 1244 5319 ,ἄρχεται
1292 5248 1385 5301 καὶ
1427 5247 1655 5302 παύεται
1677 5265 1692 5280 ·
1722 5250 1756 5320 ἠ
1789 5248 1846 5303 δὲ

343 5401 389 5433 ⁷*
432 5399 587 5454 Prov.
623 5414 751 5465 vui,
785 5400 876 5457 25.
951 5401 1000 5432 "
1040 5398 1185 5456 Psal.
1221 5415 1349 5468 cm,
1385 5400 1441 5455 4.
1519 5400 1565 5434 ⁷³
1605 5400 1742 5456 ibid.
1779 5400 1834 5456 5.

349 5552 802 5625 (46)_Palatinus,
838 5557 903 5610 ὐ
932 5552 1087 5625 τίθης
1111 5552 1168 5607 δὲ
1195 5554 1331 5619 ὅλως
1391 5553 1473 5608 ὅτι
1501 5554 1530 5608 6
1558 5552 1676 5625 μέν.
1705 5549 1840 5625 Reg.

279 5623 449 5698 πείθῃ
468 5623 527 5679 δὲ
555 5624 712 5695 ὅλως.

1948 4430 1988 4483 ti
2026 4429 2153 4483 libet
2185 4447 2199 4482 :
2228 4428 2276 4482 is
2323 4442 2452 4483 vero
2481 4426 2574 4497 qui
2600 4425 2771 4495 gignit
2816 4422 3122 4495 bypostasi,
3155 4436 3264 4475 non
3294 4435 3520 4489 exspec-

1946 4526 2026 4573 tat
2071 4518 2408 4582 mandatum,
2468 4532 2537 4572 ne
2584 4514 2715 4587 quid
2758 4515 2997 4570 medium
3048 4513 3349 4567 intercedat
3379 4512 3521 4565 inter

1945 4606 2252 4678 gignentem
2298 4605 2538 4671 Patrem,
2574 4612 2629 4660 et
2660 4602 2858 4658 Filium
2902 4602 2994 4673 qui
3024 4601 3282 4674 gignitur.
3324 4601 3516 4655 Anam.

1945 4700 2029 4754 An
2080 4697 2248 4769 igitur
2276 4697 2485 4752 invitus
2528 4695 2757 4767 genuit?
2823 4692 2980 4750 Orth.
3019 4692 3124 4760 Qui
3163 4691 3376 4763 genitus
3413 4699 3516 4755 est,

1947 4788 2067 4841 viva
2129 4795 2211 4842 est
2265 4786 2385 4856 ejus
2423 4787 2517 4855 qui
2573 4785 2759 4855 genuit
2800 4784 3006 4851 imago;
3076 4789 3131 4836 et
3183 4781 3518 4835 voluntatem

1948 4878 2289 4933 transcendit
2315 4878 2495 4948 imago
2524 4876 2903 4947 hypostaseos.
2936 4872 3096 4927 Prius
3129 4871 3274 4927 enim
3304 4876 3519 4940 Oportet

1947 4972 2130 5026 animo
2176 4971 2467 5041 concipere
2501 4969 2793 5040 imaginem
2831 4967 3215 5037 bypostaseos,
3246 4972 3300 5017 et
3327 4969 3516 5031 postea

1948 5064 2085 5119 velle
2117 5069 2214 5116 aut
2255 5062 2423 5118 nolle.
2454 5060 2628 5116 Filius
2656 5066 2837 5115 autem
2879 5067 2966 5113 est
2997 5055 3215 5112 soboles
3257 5054 3515 5124 hyposta-

1950 5168 2097 5221 seos,
2125 5160 2179 5209 et
2205 5154 2387 5224 imago
2412 5167 2642 5224 prorsus
2682 5151 2950 5205 invariata
2981 5167 2994 5202 :
3030 5154 3156 5202 ante
3184 5145 3515 5200 voluntatem

1952 5248 2137 5303 animo
2163 5247 2394 5317 concipe
2418 5246 2711 5317 imaginem
2733 5244 3115 5315 bypostaseos.
3149 5237 3337 5293 Anam.
3375 5232 3516 5302 Quid

2023 5552 2133 5626 (47)
2166 5549 2464 5617 Palatinus,
2489 5550 2555 5603 ὲκ
2582 5548 2683 5619 τῆς
2705 5546 2892 5618 αὑτῆς.
