3870 6208
470 286 609 349 112.3

1608 294 1665 350 S.
1707 293 2169 354 ATHANASIUS.
2211 323 2284 336 ο·-
2320 295 2587 350 SPURIA.

3565 289 3703 344 “26

471 413 558 464 est
613 404 744 459 illud
781 423 796 459 :
847 403 1209 460 Transcendit
1257 408 1434 477 imago
1472 409 1851 464 vomntatem?
1892 409 2032 465 Orth.

2148 409 2310 464 εἰκὼν
2337 411 2438 480 τῆς
2478 412 2663 472 οὐσίας
2709 408 2820 461 οὒτ’
2850 408 3092 480 ἄρχεται,
3132 407 3252 458 οὔτε
3306 404 3554 458 παύεται.
3598 407 3704 458 Καὶ

468 495 583 552 Hoc
611 497 757 560 dico,
787 497 1046 567 quoniam
1090 499 1381 554 essentiam
1416 501 1704 569 concipere
1730 503 1909 556 mente
1939 515 2038 571 po-

464 595 570 651 tes,
599 587 807 658 absque
836 603 902 643 eo
932 588 1095 642 etiam
1129 589 1275 658 quod
1303 589 1405 643 hoc
1435 590 1563 643 velit
1600 609 1611 644 :
1647 590 1855 660 absque
1893 591 2035 644 ima-

462 679 593 748 gine
627 695 777 745 vero,
811 694 916 732 non
949 686 1124 748 potes.
1174 679 1308 734 Nam
1368 681 1624 736 voluntas
1655 689 1709 734 et
1744 683 1937 750 incipit
1983 691 2037 738 et

467 769 669 824 desinit
703 789 716 824 :
751 771 928 839 imago
963 785 1093 824 vero
1125 771 1381 825 essentia:
1406 787 1506 826 nec
1565 772 1776 841 incipit,
1809 788 1911 827 nec
1943 773 2041 828 de-

461 861 618 916 sinit.
658 859 762 916 Sed
793 871 845 915 et
874 862 1033 916 aliter
1075 863 1177 916 hoc
1210 863 1418 934 accipe.
1464 862 1629 918 Estne
1660 863 1802 919 Deus
1852 866 2042 921 volens

466 961 560 1006 aut
602 953 794 1008 nolens
822 953 1181 1010 immortalis?
1233 956 1422 1010 Anam.
1466 954 1686 1011 Volens.
1728 957 1879 1012 Orth.
1932 974 2042 1011 non

461 1043 633 1112 igitur
657 1045 978 1099 immortalis
1005 1055 1124 1100 erat
1153 1057 1442 1118 antequam
1467 1064 1588 1103 esse
1619 1050 1797 1103 vellet.
1847 1051 2036 1103 Anam.

465 1134 548 1187 Ab
579 1144 781 1188 aeterno
814 1138 927 1189 vult
957 1153 1077 1191 esse
1108 1139 1472 1194 immortalis?
1507 1141 1657 1196 Orth.
1692 1141 1754 1194 Et
1782 1143 1850 1196 ab
1880 1153 2039 1196 aeter-

465 1238 537 1276 no
565 1239 686 1278 esse
718 1223 896 1279 Pater.
935 1224 1088 1279 Sicut
1117 1229 1260 1281 enim
1307 1229 1494 1284 dicere
1539 1246 1648 1283 non
1684 1238 1862 1300 potes,
1893 1231 2038 1300 quod

2143 502 2315 565 ἄλλως
2335 519 2348 532 ο
2389 501 2569 554 Θέλων
2618 501 2764 554 ἐστὶν
2799 501 3080 561 ἀθάνατος,
3109 498 3141 564 ἢ
3169 498 3240 566 μὴ
3279 495 3476 560 θέλων;
3505 498 3700 566 Ἀνόμ.

2141 592 2343 646 Θέλων.
2384 593 2538 658 Ὀρθ.
2581 590 2694 661 Πρὸ
2742 590 2835 642 τοῦ
2880 585 2972 641 οὖν
3025 586 3260 657 θελήσει,
3301 586 3400 638 οὐκ
3446 584 3554 656 ἄρα
3595 585 3703 655 (68)

2142 683 2424 745 ἀθάνατος.
2445 683 2644 750 Ἀνόμ.
2663 680 2871 742 Ἀἳδίως
2896 678 3033 731 θέλει
3060 674 3196 728 εἷναι
3222 675 3482 737 ἀθάνατος
3507 690 3521 737 ;
3548 675 3698 742 Ὀρθ.

2145 775 2254 826 Καὶ
2293 773 2478 836 άῖδίως
2504 774 2713 842 Πατήρ.
2744 773 2830 833 Ὧς
2855 771 2961 838 γάρ
2983 769 3042 822 οὐ
3075 767 3206 839 δύνῃ
3259 769 3451 829 εἰπεῖν,
3494 767 3578 818 ὃτι
3633 766 3702 836 μὴ

2146 864 2318 916 θέλων
2375 866 2520 917 ἐστὶν
2563 863 2843 926 ἀθάνατος,
2881 861 2989 914 οὐδ’
3017 862 3098 914 ὅτι
3153 859 3228 929 μὴ
3281 857 3445 910 θέλων
3484 857 3700 926 Πατήρ·

2146 959 2241 1010 καὶ
2288 957 2476 1028 ὥσπερ
2529 957 2590 1009 οὐ
2624 957 2938 1028 προηγεῖται
2985 952 3083 1020 τῆς
3135 950 3427 1011 ἀθανασίας
3469 947 3698 1016 θέλημα,

2143 1049 2312 1113 οὕτως
2330 1049 2448 1102 οὐδὲ
2466 1047 2558 1102 τοῦ
2586 1047 2712 1100 Υίοῦ
2730 1065 2742 1076 ο
2763 1046 2873 1100 ἀλλ’
2897 1046 3078 1106 ἁῖδίως
3095 1043 3240 1095 ἐστὶν
3266 1041 3392 1104 Υίὸς
3409 1042 3471 1092 έκ
3495 1039 3702 1108 Πατρδς

2142 1139 2386 1202 θέλοντος
2413 1137 2820 1210 γεγεννημένος,
2855 1135 3016 1189 εἰκὼν
3049 1135 3149 1204 τῆς
3187 1133 3531 1193 ὑποστάσεως
3564 1132 3700 1183 άπα-

2147 1231 2459 1302 ράλλακτος.

466 1315 667 1371 invitus
717 1317 788 1370 sit
836 1319 1197 1388 immortalis;
1257 1323 1352 1384 ita,
1388 1339 1455 1376 ne
1486 1323 1588 1377 hoc
1615 1324 1856 1393 quidem,
1887 1325 2035 1394 quod
2074 1324 2281 1379 invitus
2343 1325 2417 1380 sit
2447 1323 2608 1377 Pater
2643 1340 2656 1375 :
2696 1328 2750 1375 et
2809 1328 2866 1373 ut
2898 1333 2998 1374 nec
3029 1315 3441 1417 immortalitati,
3488 1315 3564 1368 ita

461 1409 601 1464 Filio
637 1413 789 1481 praeit
824 1414 1094 1479 voluntas,
1136 1415 1230 1470 sed
1269 1417 1338 1472 ab
1384 1427 1592 1472 aeterno
1625 1427 1709 1474 est
1757 1418 1927 1475 Filius
1965 1435 2032 1475 ex
2100 1421 2314 1476 volente
2349 1419 2506 1472 Patre
2576 1417 2810 1486 genitus,
2851 1415 3205 1485 hypostaseos
3254 1410 3430 1478 imago
3485 1409 3700 1477 penitus

463 1505 752 1558 invariata.

533 1591 585 1646 5.
605 1593 901 1648 Anommus.
935 1593 1039 1650 Ubi
1075 1605 1338 1667 scriptum
1359 1607 1461 1663 est,
1482 1599 1676 1656 Filium
1709 1605 2037 1675 esseimagi-

2216 1597 2268 1650 5.
2303 1597 2624 1664 Ἀνόμοιος.
2669 1593 2778 1647 Ποῦ
2834 1592 3157 1664 γέγραπται,
3215 1595 3314 1663 τῆς
3356 1592 3699 1656 ὑποστάσεως

458 1697 587 1735 nem
651 1683 1041 1753 hﬁiostaseos?
1065 1685 1216 1741 Orth.
1252 1687 1630 1744 Character-em
1662 1693 2032 1764 hypostaseos,

2141 1688 2288 1740 ἐστιν
2327 1685 2484 1739 εἰκὼν
2513 1686 2542 1736 6
2580 1685 2742 1749 Υίός;
2784 1687 2932 1752 Ὀρθ.
2965 1685 3066 1737 Τὸν
3098 1683 3417 1774 χαρακτῆρα
3439 1683 3540 1753 τῆς
3577 1685 3701 1737 ὐπο-

462 1787 560 1827 sen
600 1789 619 1823 ι
655 1773 881 1842 ﬁguram
921 1776 1243 1832 substantia:
1272 1777 1317 1809 ⁷⁸
1351 1797 1369 1829 ›
1393 1779 1528 1833 nihil
1559 1781 1704 1836 aliud
1731 1799 1852 1840 esse
1883 1785 2044 1841 intel-

459 1861 588 1933 ligo,
655 1880 817 1934 quam
881 1867 1170 1938 imaginem
1238 1869 1596 1941 hypostaseos
1646 1890 1788 1931 esse.
1849 1877 2040 1933 Anam.

457 1951 767 2019 Enimvero,
827 1973 1008 2012 annon
1056 1961 1139 2014 vir
1174 1977 1394 2032 quoque
1432 1965 1690 2020 scribitur
1727 1983 1849 2024 esse
1905 1970 2043 2025 ima-

455 2061 527 2115 go
579 2053 632 2100 et
688 2048 858 2117 gloria
896 2049 1033 2103 Dei?
1085 2051 1236 2108 Orth.
1271 2053 1458 2110 Sane:
1498 2065 1552 2110 at
1602 2074 1710 2112 non
1759 2060 2042 2118 character

453 2135 832 2205 hypostaseos.
903 2140 1064 2194 Aliud
1141 2150 1224 2196 est
1279 2153 1458 2198 autem
1492 2186 1507 2211 ,
1586 2146 1874 2218 imaginem
1944 2149 2039 2206 Dei

456 2241 598 2290 esse,
639 2244 803 2297 quam
834 2245 958 2286 esse
1003 2233 1376 2288 characterem
1427 2236 1780 2306 hypostaseos
1843 2240 2034 2310 ipsius.

454 2316 592 2370 Nam
621 2320 897 2388 opificium
941 2321 1100 2377 habet
1139 2325 1356 2393 quidem
1413 2327 1702 2397 imaginem
1761 2332 1898 2387 artis
1951 2333 2036 2388 sui

455 2408 701 2473 artificis,
738 2427 768 2464 a
801 2429 910 2482 quo
939 2413 1188 2468 effectum
1221 2425 1322 2479 est,
1362 2419 1718 2489 hypostaseos
1752 2437 1878 2477 vero
1929 2425 2035 2478 mi-

454 2503 618 2556 nime.
674 2505 864 2558 Anam.
909 2502 1103 2560 Nescio
1135 2508 1264 2577 quid
1300 2509 1470 2577 dicas,
1520 2513 1740 2581 planius
1788 2515 2029 2585 loquere.

456 2589 612 2647 Orth.
651 2593 948 2648 Scamnum
983 2597 1145 2651 habet
1183 2597 1476 2669 imaginem
1519 2603 1655 2657 artis
1686 2603 1828 2658 fabri
1862 2624 1874 2658 :
1908 2621 2032 2658 nam

455 2682 502 2736 si
535 2697 816 2738 scamnum
856 2686 1065 2750 videro,
1112 2703 1347 2758 agnosco
1387 2706 1418 2744 a
1460 2692 1615 2746 fabro
1644 2695 1846 2749 factum
1875 2711 2028 2751 esse:

453 2783 510 2826 et
567 2774 612 2828 si
659 2776 962 2830 naviculam
1011 2793 1370 2849 conspexero,
1415 2798 1654 2854 agnosco
1681 2802 1804 2844 esse
1833 2803 1970 2858 opus
2001 2802 2032 2842 a

448 2861 785 2919 fabricatore
816 2868 1035 2920 navium
1071 2868 1404 2935 confectum,
1447 2875 1591 2944 quod
1625 2877 1695 2929 sit
1725 2877 1900 2948 imago
1942 2891 2032 2930 ar—

449 2952 618 3007 tiﬁcis
665 2963 718 3008 et
753 2956 922 3025 gloria
981 2959 1116 3013 artis
1166 2959 1314 3015 illius
1356 2979 1370 3015 :
1413 2972 1468 3017 at
1516 2979 1623 3018 non
1675 2967 2030 3037 hypostaseos

2145 1780 2385 1841 στάσεως
2412 1779 2561 1831 οὐδὲν
2598 1776 2724 1831 ἄλλο
2757 1774 2860 1830 νοῶ
2893 1777 2925 1846 ἢ
2957 1777 3136 1829 εἰκόνα
3174 1772 3312 1830 εἶναι
3343 1776 3438 1846 τῆς
3467 1777 3700 1830 ὑποστά-

2144 1887 2300 1935 σεως.
2333 1870 2530 1938 Ἀνόμ.
2571 1869 2628 1920 ὐ
2661 1867 2767 1939 γὰρ
2791 1869 2928 1938 ἀνὴρ
2954 1868 3014 1920 οὐ
3047 1869 3354 1938 γέγραπται
3401 1866 3566 1921 εἰκὼν
3613 1869 3700 1920 καὶ

2140 1961 2264 2026 δόξα
2302 1960 2475 2027 Θεοῢ;
2511 1960 2664 2028 Ὀρθ.
2695 1960 2833 2012 Ἀλλ’
2855 1961 2974 2030 οὐχὶ
3008 1961 3291 2030 χαρακτὴρ
3340 1960 3437 2030 τῆς
3465 1960 3698 2012 ὑποστά-

2142 2069 2298 2116 σεως.
2317 2051 2476 2104 Ἀλλο
2497 2051 2550 2104 δέ
2579 2053 2722 2104 ἐστιν
2749 2051 2930 2104 εἰκόνα
2960 2051 3093 2104 Θεοῦ
3131 2047 3286 2113 εἶναι,
3319 2052 3413 2104 καὶ
3443 2050 3574 2104 ἄλλο
3609 2069 3698 2121 χα-

2141 2148 2392 2215 ρακτῆρα
2427 2145 2773 2207 ὑποστάσεως
2810 2143 2995 2197 αὐτοῦ.
3037 2144 3109 2196 Τὸ
3146 2143 3444 2215 γὰμέργον
3485 2144 3581 2196 τοῦ
3614 2145 3697 2214 έρ-

2137 2239 2447 2308 γασαμένου
2479 2239 2717 2308 τεχνίτου
2748 2237 2858 2307 ἕχει
2885 2238 2984 2308 τὴν
3004 2238 3186 2290 εἰκόνα
3215 2237 3315 2306 τῆς
3351 2237 3566 2308 τέχνης,
3584 2237 3698 2307 οὐχὶ

2136 2331 2192 2385 δὲ
2228 2332 2326 2402 τῆς
2367 2332 2732 2394 ὑποστάσεως.
2761 2332 2959 2400 Ἀνόμ.
3003 2331 3067 2382 Τί
3099 2330 3274 2398 λέγεις
3308 2333 3405 2383 οὐκ
3431 2325 3582 2384 οἷδαο
3611 2348 3697 2383 σα-

2137 2423 2395 2493 φέστερον
2436 2423 2578 2476 είπέ.
2638 2423 2782 2489 Ὀρθ.
2822 2422 2930 2474 Τοῦ
2967 2422 3211 2484 τέκτονος
3261 2423 3321 2474 τὸ
3361 2422 3559 2493 βάθρον
3594 2421 3696 2490 ἔχει

2134 2513 2232 2587 τὴν
2286 2515 2467 2570 εἰκόνα
2501 2517 2598 2586 τῆς
2625 2517 2848 2587 τέχνης·
2896 2515 2990 2569 ὲάν
3028 2516 3135 2586 γὰρ
3168 2515 3258 2568 ἴδω
3299 2515 3516 2585 βάθρον,
3565 2511 3693 2578 οἰδα,

2133 2607 2213 2660 ὅτι
2249 2607 2353 2660 ὑπὸ
2397 2607 2642 2672 τέκτονος
2684 2609 2923 2676 ἐγένετο·
2957 2607 3057 2660 κᾶν
3089 2608 3180 2660 ίδω
3219 2607 3416 2670 πλοῖον,
3458 2603 3596 2669 οἶδα,
3622 2607 3694 2658 ὅτι

2134 2699 2238 2752 ὑπὸ
2276 2698 2553 2769 ναυπηγοῦ
2586 2701 2699 2752 ἐστι
2725 2701 2784 2752 τὸ
2822 2700 3000 2770 ἔργον,
3031 2699 3125 2752 τοῦ
3147 2700 3516 2771 ἐργασαμένου
3541 2696 3693 2750 εἰκὼν

2131 2793 2226 2846 καὶ
2256 2793 2381 2857 δόξα
2405 2793 2502 2862 τῆς
2531 2792 2724 2862 τέχνης
2743 2809 2756 2822 ·
2794 2793 2853 2845 οὐ
2882 2793 2987 2863 μὴν
3011 2793 3103 2844 καὶ
3134 2793 3415 2863 χαρακτὴρ
3443 2792 3544 2862 τῆς
3573 2793 3693 2844 ὑπο-

2133 2882 2390 2947 στάσεως.
2435 2883 2508 2936 οὺ
2543 2881 2650 2951 γὰρ
2690 2882 2780 2934 τὸν
2825 2881 3145 2952 χαρακτῆρα
3181 2879 3274 2932 τοῦ
3331 2879 3691 2951 ἐργασαμένου

2130 2973 2244 3044 ἔχει
2275 2975 2335 3028 τὸ
2365 2975 2560 3048 βάθρον
2585 2973 2695 3044 ῆτὸ
2711 2971 2918 3025 πλοῖον·
2943 2974 2971 3024 6
3004 2973 3098 3042 μὲν
3123 2972 3230 3042 γάρ
3248 2974 3390 3024 ἐστιν
3420 2971 3693 3041 ἄνθρωπος

453 3044 754 3099 character.
814 3045 922 3101 Nec
979 3050 1122 3102 enim
1163 3059 1256 3105 aut
1309 3069 1594 3110 scamnum
1628 3067 1722 3111 aut
1773 3062 2023 3116 navicula

2136 3067 2190 3135 τῇ
2214 3044 2527 3130 ὑποστάσει,
2546 3071 2604 3120 τῶι
2623 3063 2686 3118 δὲ
2717 3061 2916 3134 βάθρον
2945 3065 2976 3132 ἢ
3021 3065 3081 3116 τὸ
3115 3063 3297 3116 πλοῖον
3319 3061 3399 3116 οὔ.
3431 3062 3588 3114 οὕτω
3609 3060 3695 3113 καὶ

449 3133 616 3188 habet
650 3137 1017 3192 characterem
1057 3142 1268 3210 opificis
1322 3147 1405 3200 sui
1438 3165 1451 3200 :
1491 3162 1615 3202 cum
1668 3149 1756 3206 hic
1812 3152 2029 3221 quidem

455 3227 528 3280 sit
558 3227 720 3280 homo
754 3229 1054 3298 hypostasi,
1108 3249 1390 3290 scamnum
1424 3248 1603 3292 autem
1643 3241 1725 3295 vel
1783 3245 2031 3299 navicula

455 3331 564 3369 non
611 3318 760 3374 item.
798 3318 888 3373 Sic
919 3321 1083 3375 etiam
1125 3323 1286 3380 homo
1321 3337 1405 3382 est
1429 3329 1606 3401 imago
1633 3340 1686 3384 et
1707 3333 1877 3402 gloria
1914 3335 2028 3402 Dei,

455 3412 548 3478 qui
582 3409 756 3478 ipsum
788 3411 1055 3466 condidit.
1094 3413 1328 3481 Etenim,
1386 3427 1446 3473 ut
1498 3422 1573 3474 ait
1624 3432 1848 3480 sanctus
1879 3425 2032 3482 Salo-

457 3515 588 3554 mon
623 3519 635 3554 :
679 3519 697 3552 ι
735 3500 1090 3571 Proportione
1119 3507 1376 3576 quadam,
1450 3510 1667 3565 illarum
1702 3529 1880 3568 rerum
1930 3533 2030 3571 au-

457 3599 578 3643 ctor
617 3592 957 3660 conspicitur
997 3601 1051 3648 et
1080 3597 1253 3665 gloria
1281 3598 1530 3666 afﬁcitur,
1570 3618 1635 3656 ex
1682 3619 1747 3658 eo
1781 3607 1924 3674 quod
1953 3607 2033 3661 cf-

453 3677 662 3734 fcctum
691 3690 776 3735 est
803 3700 816 3736 :
847 3683 893 3716 ⁷⁸
931 3703 951 3736 ι
991 3700 1100 3740 non
1130 3695 1310 3742 tamen
1344 3698 1426 3744 est
1460 3691 1747 3748 character
1776 3695 2031 3765 byposta-

457 3784 585 3824 seos
610 3773 842 3841 Opilicis,
872 3775 967 3829 sed
1011 3775 1280 3831 duntaxat
1310 3781 1524 3838 virtutis
1575 3787 1694 3853 ejus
1722 3787 2028 3843 cfl‘cctricis.

458 3861 528 3915 At
556 3861 727 3918 Filius
756 3874 841 3919 est
879 3866 1164 3923 character
1201 3870 1598 3941 hypostaticus.
1638 3876 1819 3947 lnquit
1855 3881 2028 3935 enim:

462 3970 484 4002 ι
523 3951 628 4018 Qui
683 3956 822 4009 vidit
852 3973 960 4020 Inc,
1016 3959 1151 4013 vidit
1192 3959 1407 4016 Patrem
1463 3981 1641 4020 meum
1680 3969 1767 4024 7‘:
1815 3989 1833 4022 ι
1873 3987 2032 4027 nemo

458 4058 609 4107 vero,
641 4047 784 4114 quod
835 4047 1030 4102 viderit
1064 4049 1361 4116 hominem,
1400 4054 1606 4110 idcirco
1633 4056 1763 4111 vidit
1793 4056 2027 4114 Patrem.

460 4133 647 4186 Anam.
687 4133 788 4188 Ubi
833 4138 1096 4207 scriptum
1129 4152 1232 4206 est,
1269 4141 1462 4198 Filium
1513 4161 1634 4202 esse
1663 4148 2030 4206 characterem

455 4222 864 4293 hypostaseos?
917 4229 1069 4284 Orth.
1126 4233 1286 4303 Apud
1325 4239 1631 4305 apostolum
1688 4238 1915 4295 Paulum
1974 4243 2029 4297 in

460 4313 699 4382 Epistola
735 4319 799 4371 ad
839 4318 1118 4376 Hebraeos.
1169 4326 1357 4378 Anam.
1395 4325 1513 4382 Non
1545 4330 1803 4398 recipitur
1831 4333 1886 4386 in
1928 4333 2031 4388 Ec~

2129 3157 2158 3208 6
2195 3156 2476 3227 ἄνθρωπος
2508 3159 2600 3212 τοῦ
2629 3153 2854 3230 θεμένου
2886 3155 3044 3208 αὐτὸν
3081 3156 3216 3208 Θεοῦ
3257 3155 3418 3209 είκὼν
3451 3157 3546 3208 καὶ
3580 3153 3695 3216 δόξα

2130 3246 2260 3300 ἐστί.
2281 3249 2390 3301 Kal
2415 3250 2522 3321 γὰρ
2557 3251 2696 3305 κατὰ
2721 3241 2812 3305 τὶν*
2839 3249 2994 3315 ἆγιον
3024 3247 3311 3318 Σολομῶνα
3337 3247 3448 3318 (49)
3473 3265 3482 3274 '
3507 3265 3524 3297 ι
3551 3248 3693 3298 Ἀνα-

2129 3337 2740 3412 λόγωςόγενεσιουργὸς
2778 3337 2952 3396 αὐτῶν
2991 3337 3276 3407 Θεωρεῑται
3315 3335 3409 3389 καὶ
3428 3334 3696 3400 δοξάζεται

2129 3429 2193 3480 ὲκ
2229 3428 2323 3482 τοῦ
2362 3431 2643 3498 γεγονότος
2663 3449 2677 3463 ·
2706 3451 2724 3484 ι
2758 3435 2819 3486 οὐ
2858 3434 2964 3504 μὴν
2994 3429 3280 3499 χαρακτήρ
3301 3430 3416 3480 ἐστι
3441 3427 3541 3496 τῆς
3577 3427 3696 3478 ὑπο-

2132 3520 2371 3583 στάσεως
2407 3522 2498 3575 τοῦ
2525 3525 2904 3594 πεποιηκότος,
2933 3519 3046 3578 ἀλλ’
3069 3521 3105 3592 ἢ
3129 3520 3235 3590 ἄρα
3272 3521 3372 3590 τῆς
3405 3519 3692 3590 ἐνεργείας.

2142 3611 2199 3664 '0
2232 3611 2287 3664 δὲ
2321 3612 2447 3676 Υἱὸς
2483 3615 2768 3686 χαρακτὴρ
2801 3616 3184 3676 ένυπόστατος.
3230 3613 3391 3680 Λέγει
3429 3613 3570 3680 γάρ’
3609 3610 3696 3660 «⁸0

2129 3701 2386 3772 ἑωρακὼς
2418 3704 2515 3774 ἐμὲ
2548 3705 2757 3776 ἑώρακε
2797 3707 2886 3758 τὸν
2930 3707 3148 3777 Πατέρα
3191 3719 3298 3775 μου
3320 3718 3332 3729 ·
3365 3722 3384 3752 ›
3424 3703 3599 3764 οὐδεὶς
3624 3700 3692 3758 δὲ.

2130 3793 2386 3862 ἑωρακὼς
2430 3797 2732 3868 ἄνθρωπον,
2787 3793 2893 3850 εἶδε
2924 3799 3015 3850 τὸν
3043 3797 3282 3868 Πατέρα.
3342 3795 3546 3868 Ἀνιξμ.
3595 3790 3693 3844 Ποῦ

2129 3883 2452 3952 γέγραπται,
2505 3887 2585 3938 ὅτι
2638 3890 2921 3957 χαρακτήρ
2978 3889 3092 3938 ἐστι
3141 3887 3240 3955 τῆς
3283 3883 3634 3943 ΰιποστάσεως
3668 3881 3695 3931 6

2131 3974 2284 4039 Υἱός;
2319 3977 2471 4044 Ὄρθ.
2509 3979 2662 4049 Παρὰ
2698 3979 2773 4048 τῴ
2806 3979 3086 4048 ἁποστόλῳ
3132 3979 3332 4048 Παύλῳ
3363 3977 3433 4044 ἐν
3475 3977 3540 4044 τῇ
3573 3972 3695 4043 πρὸς

2139 4062 2440 4134 Ἐϐραίους.
2471 4068 2668 4136 Ἀνόμ.
2700 4069 2813 4121 Οὐκ
2841 4067 3290 4138 ὲκκλησιάζεται;
3317 4063 3487 4138 'Oth.
3511 4053 3693 4131 ’Acp‘ot'a

2130 4129 2435 4228 κατήγγέλη
2461 4158 2518 4210 τὸ
2543 4129 2866 4227 Είαγγέλιον
2896 4129 3150 4231 Χριιστου,
3185 4129 3396 4212 nam;
3438 4129 3696 4234 eratrrs-

2131 4245 2415 4300 πίστευται
2447 4251 2479 4318 ὴ
2521 4251 2773 4321 ἐπιστολή
2796 4269 2809 4283 ·
2849 4253 2940 4305 καὶ
2972 4253 3085 4322 μετ’
3126 4252 3296 4321 αὐτῆς
3318 4253 3457 4304 είσιν
3479 4253 3692 4330 sapiam-

2131 4335 2219 4389 λαὶ
2245 4338 2299 4390 ιδ’
2325 4341 2380 4393 αί
2415 4343 2581 4394 πᾶσαι
2610 4343 2702 4395 τοῦ
2739 4344 2970 4397 Παύλου.
2999 4347 3195 4413 Ἀνόμ.
3215 4343 3501 4412 Ἀνέγνως,
3532 4337 3693 4430 ὅγιλὲν

461 4403 648 4457 clesia.
714 4404 869 4459 Orth.
901 4407 974 4460 lix
1009 4425 1118 4478 quo
1149 4414 1531 4467 annuntiatum
1571 4395 2029 4489 est—Evangelium

2136 4429 2232 4498 μὲν
2273 4430 2473 4494 πάσαις
2509 4433 2570 4484 τὸ
2601 4395 2766 4503 ὄνομα
2800 4395 2968 4487 αὐτου
2993 4395 3302 4505 ὲ-μφέρεται,
3349 4395 3416 4486 ,ὲν
3443 4433 3498 4485 δὲ
3524 4395 3693 4505 τέφτῃ

453 4492 684 4557 Christi,
733 4499 998 4552 creditura
1037 4512 1121 4556 est
1150 4503 1289 4557 hanc
1331 4503 1624 4574 Epistolam
1671 4506 1824 4562 Pauli
1861 4525 2024 4566 esse:

456 4596 517 4640 et
547 4602 611 4640 ea
649 4600 1060 4657 connumerata,
1085 4607 1274 4648 omnes
1303 4594 1554 4664 Epistolam:
1582 4597 1736 4653 Pauli
1767 4611 1894 4656 sunt
1927 4620 2029 4657 nu-

460 4691 613 4731 mero
667 4679 1098 4745 quatuordecim.
1151 4683 1339 4735 Anam.
1394 4684 1651 4756 Legistin‘
1707 4689 1762 4743 in
1812 4694 2024 4748 czcteris

458 4769 716 4822 omnibus
772 4769 1003 4838 proferri
1043 4788 1238 4827 nomen
1290 4774 1483 4844 ipsius,
1537 4779 1590 4832 in
1621 4779 1722 4834 hac
1753 4796 1884 4837 vero
1914 4799 2023 4839 non

460 4861 638 4916 item?
698 4860 852 4916 Orth.
911 4862 1046 4916 Cum
1103 4863 1346 4922 Hebraeis
1399 4868 1682 4936 scriberet,
1740 4877 1834 4942 qui
1887 4873 2032 4929 fama

462 4962 821 5022 acceperant,
881 4955 1062 5025 ipsum
1118 4956 1368 5014 homines
1425 4960 1620 5016 docere
1671 4963 2028 5022 defectionem

462 5056 492 5093 a
542 5042 676 5110 lege,
705 5057 774 5095 ne
829 5043 1000 5112 ipsius
1041 5060 1235 5098 nomen
1272 5047 1647 5113 abhorrentes,
1679 5067 1839 5110 aures
1865 5053 2021 5125 41],

462 5133 834 5196 occludcrent,
889 5145 1171 5206 praptcrea
1226 5155 1256 5192 a
1294 5139 1548 5196 Patribus
1581 5143 1654 5196 ita
1697 5159 1859 5199 orsus
1901 5154 2023 5200 est:

468 5240 484 5271 ι
527 5223 870 5280 Multifariam
906 5229 1200 5299 multisque
1247 5235 1420 5287 modis
1453 5236 1582 5288 olim
1623 5235 1765 5292 Deus
1811 5237 2023 5293 locutus

462 5317 709 5384 patribus
763 5319 816 5372 in
859 5322 1164 5390 prophetis,
1223 5325 1426 5379 ultimis
1486 5327 1635 5383 hisce
1691 5327 1882 5384 diebus
1940 5331 2025 5384 ιου-

531 5469 578 5500 ’δ
610 5469 771 5528 Hebr.
811 5491 862 5540 ι,
896 5476 948 5530 ’5.
1025 5479 1069 5514 ’⁸
1111 5475 1236 5549 Sap.
1275 5495 1407 5544 xm,
1442 5481 1494 5536 5.
1572 5483 1617 5513 ’⁷⁸
1654 5481 1791 5537 Joan
1856 5499 1966 5549 xw,
2001 5482 2054 5538 9.

461 5657 500 5712 ἄ
534 5587 642 5660 (48)
671 5587 748 5645 lta
782 5591 952 5648 Palat.
993 5603 1046 5650 et
1086 5587 1266 5654 Felck.
1305 5597 1445 5654 Editi
1482 5616 1630 5667 vero,
1675 5599 1897 5670 θελήσαι
1927 5595 2019 5655 οἷν

503 5675 587 5712 aa.

501 5675 587 5730 pa.

2135 4447 2232 4498 μεν
2273 4447 2473 4494 πάσαις
2509 4447 2570 4484 το
2601 4447 2766 4503 ονομα
2800 4447 2963 4487 αυτ-ου
2993 4447 3302 4505 εμφερεται,
3357 4447 3416 4486 εν
3443 4447 3498 4485 οε
3524 4447 3693 4496 τα¹τῃ

2129 4517 2190 4570 οὔ
2213 4535 2228 4582 ;
2253 4521 2406 4587 Ὀρθ.
2434 4521 2554 4572 ’Ότι
2581 4521 2847 4592 Ἐὃραίοις
2885 4523 3116 4594 ἔγραφεν
3138 4539 3151 4550 ·
3182 4518 3319 4592 ἦσαν
3367 4521 3425 4574 δὲ
3457 4447 3696 4678 matrix;

2129 4607 2310 4672 θέντες
2338 4611 2463 4678 περὶ
2498 4611 2681 4673 αὑτοῦ,
2703 4613 2782 4665 ὅτι
2810 4613 3143 4666 ἀποστασίαν
3178 4611 3450 4664 διδάσκειο
3479 4609 3569 4662 καὶ
3606 4609 3668 4660 τνι

2128 4607 2310 4672 θέντες
2338 4611 2463 4680 περὶ
2498 4611 2681 4673 αὑτοῦ,
2703 4613 2782 4665 ὅτι
2810 4613 3143 4666 ἀποστασίαν
3178 4611 3450 4664 διδάσκειο
3479 4609 3569 4662 καὶ
3606 4607 3668 4660 ι’νέ

2130 4699 2226 4769 μὴ,
2287 4702 2653 4770 σειριάσαντες
2711 4703 2872 4755 αὑτοῦ
2923 4704 2982 4756 τὸ
3050 4704 3239 4773 ὄνομα,
3294 4701 3554 4758 κλείσωσι
3592 4699 3722 4768 τὴνζ

2125 4790 2322 4859 ἀκοήν·
2360 4791 2448 4844 διὰ
2478 4792 2635 4846 τοῦτο
2677 4794 2784 4846 ἀπὸ
2821 4794 2927 4846 τῶν
2963 4794 3209 4864 πατέρων
3235 4793 3460 4864 ἤρξατο,
3484 4790 3646 4856 λέγων
3666 4802 3681 4816 ’

2137 4899 2157 4931 ι
2195 4882 2520 4954 Πολυμερῶς
2549 4887 2642 4938 καὶ
2680 4886 3028 4955 πολυτρόπως
3054 4886 3219 4939 πάλαι
3246 4887 3276 4936 6
3301 4886 3436 4947 Θεὸς
3463 4883 3685 4951 λαλήσας

2126 4977 2238 5036 τοῖς
2268 4977 2534 5043 πατράσιν
2565 4977 2718 5047 ὴμῶν
2749 4980 2806 5030 ὲν
2830 4981 2940 5041 τοῖς
2987 4980 3309 5050 προφήταις,
3352 4978 3440 5028 ἐπ’
3469 4975 3680 5057 ἐσχάτου

2126 5061 2235 5114 τῶν
2261 5065 2482 5135 ἡμερῶν
2507 5066 2764 5138 ἐλάλησεν
2795 5069 2925 5138 ⁴ἡμῖν
2954 5070 3010 5120 ὲν
3038 5068 3172 5138 Υίῷ.
3203 5087 3220 5118 ι
3267 5069 3392 5118 ’Ότι
3442 5066 3496 5117 δὲ
3527 5060 3676 5116 αὑτοῦ
3767 5124 3775 5135 ι

2126 5153 2272 5229 έστιν
2299 5155 2333 5223 ἡ
2371 5157 2648 5228 ἐπιστολὴ,
2695 5159 2927 5229 φανερόν
2967 5157 3200 5211 ἐστικαὶ
3238 5157 3348 5210 άπὸ
3381 5156 3470 5209 τοῦ
3507 5153 3676 5210 τέλους

2123 5227 2222 5315 ’ἱῆς
2257 5248 2559 5321 ἐπιστολῆς.
2587 5227 2874 5322 Μέμνηται
2915 5252 3016 5324 γάρ
3046 5253 3138 5305 καὶ
3171 5251 3454 5321 Τιμοθέου,
3485 5248 3671 5312 λέγων·

2135 5352 2152 5384 ι
2183 5334 2479 5391 Γινώσκετε
2517 5339 2610 5394 τὸν
2666 5341 2891 5410 ἀδελφόν
2925 5341 3080 5412 ἡμῶν
3107 5341 3372 5411 Τιμόθεον
3429 5333 3667 5390 άπολελυ-
3774 5341 3782 5386 ι

2197 5604 2307 5676 (49)
2344 5605 2511 5660 Palat.
2551 5606 2691 5660 κατά
2713 5608 2801 5660 τὸν
2830 5608 2979 5676 ἅγιον
3010 5605 3237 5661 Παῦλον.
