3870 6208
171 266 320 322 1125

1162 257 1250 314 DE
1291 257 1562 314 SANCTA
1601 257 1978 314 TRINITATE
2004 257 2360 317 DlALOGUS
2399 260 2440 313 Ι.

3277 260 3419 317 1126

173 383 360 453 μένον,
402 381 521 452 μεθ’
550 374 634 445 οῦ,
666 380 762 434 ἐὰν
785 377 969 450 τάχιον
997 378 1242 450 ἔρχηται,
1290 379 1490 449 ὂψομαι
1524 380 1687 450 ὑμᾶς.
1726 400 1745 434 ι

1853 387 2012 434 cutus
2047 386 2131 434 est
2164 379 2324 434 nobis
2352 379 2409 434 in
2442 377 2580 433 Filio
2605 379 2673 433 ⁷⁷.
2717 397 2736 430 ι
2789 377 2943 435 Hanc
2973 388 3158 436 autem
3185 394 3309 437 esse
3337 380 3423 449 ip-

168 483 290 534 sius
326 481 650 551 Epistolam,
687 485 914 549 apparet
943 479 1106 531 etiam
1133 493 1199 532 ex
1235 478 1341 530 line
1373 475 1646 538 Epistolae.
1712 475 1960 531 Meminit
1992 477 2139 531 enim
2177 475 2341 531 etiam
2395 475 2667 532 Timothei
2715 477 2803 533 his
2836 479 3019 535 verbis
3052 499 3066 536 :
3117 497 3136 531 ι
3211 477 3420 536 Scitote

165 571 400 626 fratrem
430 581 680 626 nostrum
715 571 1063 625 Timotheum
1113 569 1407 629 liberatum
1443 583 1588 635 esse,
1628 583 1755 622 cum
1785 584 1917 640 quo,
1947 569 1994 623 si
2027 569 2137 624 cito
2163 570 2395 634 venerit,
2429 584 2528 624 vos
2559 569 2753 624 videbo
2776 570 2845 623 ’⁸.
2883 589 2903 622 ι

245 663 302 719 6.
353 664 673 736 Ἀνόμοιος.
720 665 838 719 Κᾶν
883 663 1083 735 δῶμεν,
1117 665 1199 717 ὅτι
1248 663 1458 716 Παύλου
1519 664 1665 716 ἐστὶν
1707 665 1741 734 ὴ

170 754 497 828 "Erum-ali},
530 757 666 810 ἀλλὰ
694 759 722 809 ὁ
740 755 1023 828 χαρακτὴρ
1059 754 1170 826 (50)
1186 756 1284 826 τῆς
1314 755 1662 818 ὑποστάσεως
1691 758 1748 810 ἐν

154 849 240 916 ’τῇ
274 847 567 901 ὑποστάσει
598 846 712 918 ἔχει
738 846 800 900 τὸ
841 841 1003 907 εἶναι,
1043 846 1142 899 οὑκ
1169 847 1226 898 ἐν
1267 844 1370 916 ἰδίᾳ
1398 844 1548 916 (toﬁ;
1592 845 1746 912 ‘0p0.

183 936 327 989 Ἀλλ’
355 939 417 990 οὑ
451 936 609 1006 μόνον
639 936 851 1006 εἴρηται
888 934 1172 1006 χαρακτὴρ
1210 934 1578 997 ὑποστάσεως,
1609 933 1749 987 ἀλλὰ

159 1029 274 1082 -καὶ
299 1028 447 1093 Υἱὸς,
468 1028 555 1080 ἵνα
585 1026 646 1079 τὸ
674 1026 1032 1080 ἐνυπόστατον
1051 1027 1348 1096 νοήσωμεν.
1386 1025 1747 1096 Ἀπαύγασμα

169 1120 287 1192 γὰρ
333 1121 565 1190 εἴρηται,
613 1118 701 1172 διὰ
731 1119 792 1171 τὸ
835 1118 1117 1180 συναϊδίως
1148 1117 1208 1183 ἐξ
1243 1117 1406 1171 αὑτοῦ
1437 1113 1607 1171 εἶναι’
1645 1134 1746 1187 χα-
1783 1135 1786 1138 ‘

173 1211 390 1285 ρακτὴρ
442 1211 531 1264 διὰ
573 1211 670 1282 τὴν
717 1210 1010 1281 ὁμοιότητα
1047 1210 1146 1280 τῆς
1198 1208 1576 1272 ὑποστάσεως·
1618 1208 1746 1270 Υἱὸς

153 1304 267 1357 ιδιά
292 1304 353 1358 τὸ
383 1303 758 1356 ἐνυπόστατον.
790 1303 985 1370 Ἀνόμ.
1011 1301 1119 1354 Καὶ
1141 1302 1300 1372 ἡμεῖς
1323 1300 1552 1370 λέγομεν
1572 1299 1750 1353 πάντα

171 1391 317 1450 εἶναι
354 1396 420 1447 ἐκ
445 1393 537 1447 τοῦ
571 1393 727 1448 Θεοῦ.
771 1394 921 1461 Ὀρθ.
972 1392 1132 1445 Ἀλλά
1157 1393 1225 1444 τὰ
1257 1392 1354 1462 μὲν
1384 1391 1528 1444 ἐστιν
1553 1393 1618 1443 ἐκ
1651 1391 1751 1461 τῆς

169 1488 399 1558 ἐντολῆς
443 1485 606 1541 αὑτοῦ
664 1485 1102 1559 δημιουργικῶς·
1155 1486 1184 1537 ὁ
1237 1485 1295 1537 δέ
1350 1483 1479 1548 ria;
1532 1483 1597 1536 ἐκ
1649 1483 1751 1552 τῆς

170 1579 528 1642 ὑποστάσεως
549 1578 878 1648 γεννητικῶς
905 1578 965 1631 τὸ
986 1577 1043 1631 δὲ
1073 1575 1292 1647 Πνεῦμα
1322 1573 1746 1646 ἐκπορευτικῶς.

1919 663 1972 718 6.
2013 663 2318 720 Anomaeus.
2343 663 2568 719 Etiamsi
2603 665 2745 719 hanc
2779 663 3077 735 Epistolam
3107 665 3261 721 Pauli
3295 681 3422 722 esse

1845 754 2249 820 concedamus,
2297 763 2536 809 attamen
2582 754 2870 810 character
2915 756 3274 827 hypostaseos
3323 758 3420 812 ha-

1848 843 1939 899 bet
1976 860 2100 900 esse
2148 845 2204 899 in
2243 846 2559 917 hypostasi,
2591 862 2702 901 non
2745 848 2802 901 in
2831 849 3054 918 propria
3085 850 3217 905 vita.
3256 849 3416 905 Orth.

1849 935 1920 989 At
1958 936 2213 992 Christus
2255 952 2362 991 non
2407 945 2619 992 tantum
2666 937 2871 992 dicitur
2923 939 3208 994 character
3245 939 3420 1012 hypo-

1855 1036 2102 1092 staseos,
2149 1044 2338 1084 verum
2387 1030 2552 1085 etiam
2605 1029 2816 1096 Filius,
2867 1039 2927 1086 ut
2977 1031 3125 1087 illud.
3163 1032 3422 1104 hyposta-

1852 1121 2022 1174 ticum
2063 1121 2453 1191 intelligamus.
2503 1119 2714 1176 Dicitur
2754 1123 2899 1177 enim
2949 1122 3228 1192 splendor,
3273 1125 3421 1194 quod

1851 1227 1959 1265 una
1993 1212 2065 1267 sit
2093 1227 2159 1267 ex
2188 1213 2310 1282 ipso
2341 1213 2408 1266 ab
2435 1223 2638 1268 aeterno
2667 1232 2681 1268 :
2721 1213 3004 1269 character
3039 1230 3168 1269 vero
3197 1225 3422 1286 propter

1849 1302 2207 1372 hypostaseos
2245 1303 2661 1358 similitudinem
2697 1321 2710 1356 :
2743 1301 2914 1359 Filius
2960 1304 3228 1374 denique,
3273 1306 3421 1375 quod

1847 1393 1923 1449 sit
1951 1395 2008 1448 in
2039 1394 2342 1465 hypostasi.
2371 1393 2563 1449 Anam.
2597 1393 2840 1452 Dicimus
2869 1403 2926 1451 et
2955 1412 3057 1452 nos
3087 1401 3271 1454 omnia
3298 1416 3421 1456 esse

1851 1501 1917 1540 ex
1958 1484 2088 1540 Deo.
2141 1485 2295 1540 Orth.
2352 1485 2458 1540 Sed
2517 1487 2623 1540 alia
2676 1487 2898 1556 quidem
2950 1495 3079 1543 sunt
3123 1506 3192 1545 ex
3243 1491 3420 1561 ipsius

1852 1575 2108 1630 mandato
2165 1591 2263 1646 per
2311 1574 2684 1643 creationem;
2728 1574 2896 1631 Filius
2936 1594 3066 1633 vero
3120 1595 3187 1634 ex
3242 1581 3418 1653 ipsius

184 1675 387 1743 Ἀνόμ.
423 1673 534 1727 Καὶ
555 1671 617 1726 τὸ
648 1671 871 1743 Πνεῦμα
910 1674 974 1725 ὲκ
1013 1671 1113 1742 τῆς
1158 1670 1504 1731 ὑποστάσεως
1531 1667 1745 1736 λέγειςῖ

1853 1665 2171 1736 hypostasi,
2219 1681 2317 1736 per
2366 1667 2806 1735 generationem;
2859 1667 3096 1738 Spiritus
3145 1687 3278 1727 vero
3325 1688 3422 1743 per

184 1767 346 1836 Ὄρθ.
394 1765 547 1819 Ἐπεὶ
595 1763 789 1830 πόθεν;
840 1764 1038 1833 Ἀνόμ.
1070 1762 1180 1816 Ποῦ
1208 1762 1538 1833 γέγραπται,
1571 1761 1652 1814 ὅτι
1680 1759 1749 1814 τὰ

167 1859 283 1930 μὲν
308 1860 372 1912 ἐκ
400 1858 499 1929 τῆς
531 1856 768 1928 ἐντολῆς,
785 1855 855 1909 τὰ
880 1856 935 1909 δὲ
965 1857 1030 1908 ἐκ
1054 1855 1154 1926 τῆς
1172 1855 1554 1919 ὑποστάσεως;
1589 1854 1744 1920 Ὀρθ.

182 1951 248 2004 Ὁ
285 1948 451 2004 Δασὶδ
477 1947 623 2016 λέγει
651 1947 778 2018 περὶ
821 1945 930 2000 τῶν
957 1947 1021 1999 ἐκ
1060 1945 1158 2017 τῆς
1193 1944 1414 2014 ἐντολῆς
1435 1960 1448 1972 ·
1491 1963 1509 1996 t
1539 1944 1747 1996 Αἰνεῖτε

170 2042 271 2095 τὸν
319 2039 524 2112 Κύριον
565 2040 631 2094 ἐκ
669 2038 778 2091 τῶν
817 2036 1080 2109 οὐρανῶν,
1129 2037 1328 2089 αἰνείτε
1358 2035 1520 2089 αὑτὸν
1552 2036 1610 2088 ἐν
1636 2037 1749 2098 τοῖς

175 2132 445 2200 ὑψίστοις,
487 2131 687 2185 αἰνεῖτε
733 2128 916 2194 αὑτὸν,
958 2127 1159 2191 πάντες
1207 2129 1255 2180 οἱ
1303 2127 1523 2196 ἄγγελοι
1559 2127 1746 2191 αὑτοῦ,

172 2227 380 2278 αίνεϊτε
413 2223 595 2287 αὑτὸν,
622 2224 794 2276 πᾶσαι
822 2223 878 2274 al
911 2221 1167 2291 δυνάμεις
1209 2217 1394 2284 αὑτοῦ,
1425 2220 1622 2271 αἱνείτε
1648 2219 1750 2272 αὑ-

173 2316 291 2377 τὸν,
329 2314 479 2384 ἥλιος
530 2313 624 2367 καὶ
678 2311 908 2382 σελήνη,
962 2313 1160 2364 αἰνεῖτε
1209 2310 1403 2374 αὑτὸν,
1454 2310 1630 2364 πάντα
1682 2310 1752 2363 τὰ

173 2407 355 2477 ἄστρα
381 2406 472 2458 καὶ
496 2405 558 2458 τὸ
589 2405 723 2474 φῶς.
761 2404 881 2456 Ὅτι
909 2403 1070 2466 αὑτὸς
1102 2398 1241 2466 εἶπε,
1266 2403 1359 2455 καὶ⁸
1384 2401 1716 2472 ἐγενήθησαν
1733 2418 1746 2431 ·

177 2497 343 2558 αὑτὸς
391 2495 689 2549 ἐνετείλατο
726 2493 858 2565 (51),
891 2495 986 2548 καὶ
1032 2493 1379 2565 ἐκτίσθησαν.
1437 2511 1456 2544 ι
1513 2493 1649 2564 Περὶ
1694 2492 1750 2546 δὲ

173 2587 282 2658 τῆς
313 2591 618 2658 γεννήσεως
657 2587 752 2640 τοῦ
784 2586 915 2639 Υἰοῦ
951 2586 1292 2655 γέγραπται·
1325 2603 1344 2636 ι
1393 2585 1488 2637 Ἐκ
1519 2584 1752 2656 γαστρὸς

185 2681 299 2752 πρὸ
346 2679 624 2751 ἑωσφόρον
672 2678 783 2751 (52)
844 2677 1110 2747 ἐγέννησά
1158 2693 1250 2730 σε·
1287 2695 1304 2726 ι
1343 2676 1435 2729 καὶ
1485 2676 1612 2747 περὶ
1657 2675 1750 2728 τοῦ

161 2769 338 2838 -άγίου
364 2768 697 2840 Πνεύματος,
718 2788 736 2820 ι
781 2768 868 2823 Ἐν
901 2769 1022 2831 ταῖς
1042 2766 1294 2837 ἐσχάταις
1325 2766 1557 2838 ἡμέραις
1577 2765 1752 2836 ἐκχεῶ

174 2861 290 2914 ἀπὸ
315 2859 411 2912 τοῦ
441 2860 755 2930 Πνεύματός
788 2877 888 2930 μου
924 2859 1015 2912 ἐπὶ
1054 2862 1234 2912 πᾶσαν
1265 2858 1477 2929 σάρκα·
1517 2876 1536 2908 ι
1574 2859 1667 2910 καὶ
1695 2859 1752 2910 ἐν

166 2951 359 3013 ἄλλοις
379 2965 392 2978 ·
428 2968 447 3001 ι
481 2949 704 3020 Πνεῦμα
727 2949 835 3020 γὰρ
867 2950 996 3020 παρ’
1020 2948 1152 3019 ἐμοῦ
1178 2947 1562 3019 ἐκπορεύεται·
1603 2966 1622 2999 ι
1657 2948 1751 3001 καὶ

171 3045 233 3096 ἐν
264 3040 445 3104 ἄλλοις
466 3056 478 3070 ·
514 3061 532 3093 ι
558 3039 649 3112 Τῷ
694 3041 852 3110 Λόγῳ
885 3040 1089 3112 Κυρίου
1117 3040 1227 3111 (55)
1254 3041 1304 3093 al
1349 3039 1566 3112 οὐρανοὶ
1598 3042 1750 3093 ἐστε-

163 3132 497 3205 ῖρεώθησαν,
540 3133 634 3186 καὶ
682 3132 760 3204 τῷ
803 3132 1081 3203 Πνεύματι
1125 3132 1217 3186 τοῦ
1272 3133 1537 3202 στόματος
1586 3132 1750 3186 αὑτοῦ

172 3226 330 3277 πᾶσα
362 3225 396 3295 ἡ
427 3223 655 3295 δύναμις
695 3223 892 3276 αὑτῶν.
929 3242 949 3276 ι
997 3223 1193 3292 Ἀνόμ.
1235 3225 1330 3277 Ἐκ
1371 3223 1603 3295 γαστρὸς
1629 3218 1750 3276 εἷπε

171 3315 274 3368 καὶ
303 3316 587 3386 στόματος,
631 3316 732 3368 οὑκ
761 3314 819 3382 ἐξ
845 3315 1212 3379 ὑποστάσεως.
1253 3316 1408 3384 Ὀρθ.
1470 3317 1592 3370 Ἐπὶ
1614 3315 1750 3369 Θεοῦ

171 3406 306 3458 ὃταν
334 3405 596 3474 λέγωνται
624 3405 759 3476 μέλη
787 3405 819 3478 ἦ
857 3405 1020 3478 μέρη,
1066 3404 1508 3476 ἀνθρωποπαθῶς
1541 3406 1638 3478 μὲν
1659 3405 1750 3459 λέ-

171 3511 386 3560 γονται,
426 3493 743 3567 θεοπρεπῶς
791 3494 848 3548 δέ
907 3495 1185 3549 νοοῦνται·
1237 3495 1284 3548 ει
1329 3495 1385 3548 δὲ
1432 3494 1542 3566 μὴ,
1591 3496 1752 3550 ποίαν

171 3586 418 3656 γαστέρα
440 3584 756 3656 σωματικὴν
781 3585 875 3637 ἐπὶ
900 3585 1035 3639 Θεοῦ
1066 3585 1262 3656 ἔχομεν
1311 3585 1534 3655 νοῆσαι;
1585 3585 1746 3655 Ἐγὼ,

170 3677 419 3748 γαστέρα
447 3676 678 3742 ἀκούων,
704 3677 766 3730 τὸ
786 3677 1100 3748 γεννητικὸν
1123 3677 1222 3748 τῆς
1248 3677 1458 3746 φύσεως
1484 3678 1590 3732 νοῶ
1609 3711 1626 3743 ,›
1656 3678 1750 3731 καὶ

170 3769 352 3839 στόμα
369 3769 430 3821 τὸ
449 3768 750 3823 διδακτικόν
768 3785 782 3800 ·
807 3770 1029 3841 καὶγὰρ
1051 3770 1144 3822 καὶ
1168 3769 1260 3822 ἐπὶ
1285 3769 1380 3824 ἀνθ
1391 3770 1586 3840 ρώπων
1603 3770 1750 3824 ἐστιν

169 3857 262 3910 ὅτε
291 3857 552 3929 κέχρηται
585 3860 619 3929 ἡ
655 3858 842 3930 Γραφὴ
866 3858 1036 3932 ταύτῃ
1064 3862 1130 3929 τῇ
1173 3859 1448 3931 συνηθείᾳ,
1499 3859 1575 3922 ὡς
1621 3861 1750 3914 ὅταν

169 3948 342 4020 λέγῃ·
379 3967 399 4001 t
453 3950 585 4002 Ἀπὸ
611 3950 704 4004 τοῦ
734 3950 897 4020 φόϐου
932 3967 1047 4016 σου,
1084 3950 1278 4022 Κύριε,
1314 3953 1371 4005 ἐν
1392 3952 1589 4024 γαστρὶ
1623 3951 1748 4006 ἐλά-

170 4041 363 4111 ϐομεν,
387 4043 480 4095 καὶ
502 4043 761 4113 ἐτέκομεν
783 4043 1000 4113 πνεῦμα
1022 4043 1297 4114 σωτηρίας
1325 4045 1416 4096 ἐπὶ
1445 4043 1545 4113 τῆς
1573 4044 1696 4114 γῆς.
1724 4062 1742 4095 ι

171 4135 286 4188 Καὶ
313 4133 547 4188 ἐνταῦθα
575 4135 680 4206 γὰρ
714 4135 775 4188 οὑ
799 4134 1040 4206 γαστέρα
1068 4134 1224 4206 ἡμῶν
1249 4134 1394 4203 λέγει
1426 4134 1525 4204 τὴν
1559 4151 1748 4206 σωμα-

167 4224 354 4296 τικὴν,
380 4225 516 4279 ἀλλὰ
547 4227 646 4297 τὴν
671 4229 770 4298 τῆς
795 4225 1008 4296 φύσεως
1033 4225 1352 4299 γεννητικὴν
1378 4225 1624 4299 δύναμιν.

1848 1760 2275 1825 processionem.
2320 1757 2512 1811 Anam.
2564 1755 2707 1828 Ergo
2757 1758 3019 1829 Spiritum
3068 1763 3232 1817 etiam
3279 1763 3420 1820 dicis

1849 1861 1971 1902 esse
2000 1862 2067 1902 ex
2128 1847 2464 1918 hypostasi?
2527 1848 2683 1904 Orth.
2739 1849 2958 1919 Alioqui
3023 1851 3167 1907 unde
3223 1853 3421 1908 esset?

1845 1935 2038 1992 Anam.
2084 1936 2192 1992 Ubi
2239 1938 2504 2007 scriptum
2550 1945 2635 1994 est
2675 1937 2782 1991 alia
2830 1953 2954 1994 esse
3005 1954 3071 1994 ex
3123 1940 3418 2004 mandato,

1849 2029 1957 2082 alia
1986 2045 2056 2084 ex
2087 2029 2414 2100 hypostasi?
2475 2029 2630 2086 Orth.
2686 2029 2830 2084 Dicit
2865 2029 3032 2086 David
3064 2031 3132 2087 de
3178 2032 3248 2088 iis
3298 2049 3421 2103 quae

1848 2134 1916 2174 ex
1946 2119 2037 2176 Dei
2069 2120 2327 2175 mandato
2354 2121 2668 2178 exsistunt:
2699 2141 2718 2173 ι
2752 2121 2994 2178 Laudate
3026 2121 3316 2180 Dominum
3351 2126 3419 2183 de

1850 2213 2005 2268 caelis
2025 2252 2040 2278 ,
2075 2213 2292 2268 laudate
2321 2228 2446 2268 eum
2474 2213 2528 2267 in
2557 2214 2790 2270 excelsis
2817 2231 2832 2280 ;
2869 2215 3087 2271 laudate
3113 2231 3270 2282 eum,
3302 2232 3422 2272 om-

1850 2320 1949 2362 nes
2011 2305 2189 2375 angeli
2235 2305 2356 2375 ejus
2383 2343 2399 2369 ,
2453 2305 2669 2361 laudate
2723 2321 2892 2372 eum,
2949 2321 3139 2364 omnes
3188 2308 3422 2366 virtutes

1850 2397 2012 2467 ejus;
2051 2395 2270 2451 laudate
2320 2411 2480 2460 eum,
2539 2397 2621 2452 sol
2673 2406 2727 2452 et
2776 2398 2940 2463 luna,
2991 2399 3210 2456 laudate
3262 2415 3420 2468 eum,

1851 2501 2046 2541 omnes
2079 2487 2251 2542 stellae
2279 2494 2333 2542 et
2374 2487 2580 2542 lumen.
2628 2485 2768 2553 Quia
2810 2473 2927 2559 ipse
2964 2489 3133 2558 dixit,
3178 2499 3233 2545 et
3279 2491 3421 2546 facta

1852 2586 1982 2634 sunt
2013 2596 2026 2632 :
2061 2578 2180 2648 ipse
2217 2577 2498 2633 mandavit
2524 2585 2578 2633 et
2605 2589 2790 2633 creata
2834 2590 2962 2634 sunt
2996 2580 3063 2634 7’.
3098 2601 3118 2634 ι
3149 2580 3223 2636 De
3259 2598 3424 2653 gene-

1851 2671 2071 2725 ratione
2101 2685 2232 2725 vero
2279 2668 2405 2724 Filii
2457 2670 2723 2742 scriptum
2775 2680 2859 2728 est
2885 2691 2898 2726 :
2929 2693 2948 2725 ι
2979 2671 3060 2726 Ex
3105 2681 3263 2730 utero
3296 2687 3423 2730 ante

1853 2763 2142 2818 luciferum
2177 2762 2341 2834 genui
2375 2770 2430 2818 te
2461 2764 2508 2796 ⁸ο
2535 2782 2549 2819 :
2585 2783 2604 2816 ›
2631 2771 2685 2820 et
2712 2763 2780 2819 de
2809 2762 3017 2834 Spiritu
3047 2777 3272 2822 sancto:
3312 2785 3331 2819 ι
3362 2769 3422 2823 in

1851 2855 2165 2909 novissimis
2201 2854 2395 2910 diebus
2443 2853 2718 2911 effundam
2747 2854 2814 2910 de
2848 2854 3054 2926 Spiritu
3091 2873 3215 2914 meo
3259 2875 3424 2931 super

1853 2961 2070 3001 omnem
2098 2960 2320 3002 carnem
2349 2947 2417 3003 οι.
2451 2967 2470 3000 ι
2492 2947 2558 3002 Ει
2603 2948 2732 3002 alibi
2759 2967 2772 3003 :
2801 2967 2819 2999 ι
2850 2949 3087 3019 Spiritus
3147 2953 3293 3008 enim
3354 2969 3422 3008 ex

1853 3053 1940 3093 me
1989 3038 2274 3108 procedit:
2309 3057 2329 3090 ι
2362 3039 2491 3094 item
2539 3039 2709 3096 alibi:
2764 3059 2784 3092 ι
2816 3040 2993 3098 Verbo
3039 3042 3254 3099 Domini
3295 3047 3422 3101 coeli

1852 3128 2054 3183 ﬁrmati
2089 3137 2250 3198 sunt,
2281 3137 2336 3185 et
2368 3131 2564 3200 spiritu
2600 3131 2714 3187 oris
2753 3133 2875 3203 ejus
2917 3137 3096 3190 omnis
3124 3138 3300 3193 virtus
3330 3152 3424 3193 eo-

1850 3235 1976 3274 rum
2008 3222 2075 3275 ⁸².
2111 3240 2130 3272 ι
2155 3221 2346 3276 Anam.
2380 3221 2460 3277 Ex
2509 3232 2664 3279 utero
2713 3225 2885 3290 dixit,
2927 3233 2982 3281 et
3026 3242 3093 3282 ex
3138 3242 3268 3292 ore,
3308 3245 3421 3284 non

1851 3319 2030 3367 autem
2060 3327 2129 3366 ex
2159 3312 2456 3384 hypostasi.
2492 3313 2646 3370 Orth.
2675 3313 2868 3371 Partes
2896 3333 2992 3373 seu
3025 3319 3267 3374 membra
3295 3334 3419 3374 cum

1851 3403 1962 3460 Deo
2009 3404 2348 3470 tribuuntur,
2397 3407 2656 3475 dicuntur
2700 3409 2918 3478 quidem
2965 3410 3204 3466 humano
3235 3426 3420 3478 more,

1850 3497 2230 3568 intelliguntur
2260 3508 2440 3553 autem
2487 3508 2544 3554 ut
2589 3499 2700 3555 Deo
2746 3503 3042 3556 convenit:
3075 3506 3158 3557 sin
3200 3504 3419 3571 minus,

1850 3605 2010 3660 quem
2041 3599 2254 3645 uterum
2298 3593 2354 3645 in
2404 3591 2515 3646 Deo
2553 3608 2875 3664 corporeum
2919 3595 3195 3665 possimus
3238 3607 3423 3654 mente

1849 3683 2181 3752 concipere?
2210 3682 2399 3754 Itaque
2430 3693 2646 3739 uterum
2680 3687 2942 3752 audiens,
2978 3689 3270 3757 generandi
3317 3705 3420 3744 na-

1850 3779 1985 3825 turae
2009 3773 2160 3826 vim:
2197 3782 2253 3827 et
2285 3788 2348 3828 os
2375 3773 2604 3830 audiens
2629 3815 2644 3839 ,
2695 3775 2926 3830 docendi
2974 3775 3287 3831 facultatem
3333 3778 3422 3831 in-

1848 3863 2082 3932 telligo:
2143 3879 2254 3932 quo
2283 3864 2543 3936 loquendi
2601 3881 2754 3921 more
2797 3865 3086 3937 Scriptura
3141 3868 3419 3924 interdum

1848 3961 2012 4012 etiam
2057 3959 2232 4014 utitur
2276 3976 2403 4015 cum
2435 3961 2502 4016 de
2536 3961 2851 4017 hominibus
2883 3963 3034 4033 agit,
3072 3971 3131 4017 ut
3160 3979 3284 4019 cum
3330 3965 3420 4018 in—

1848 4051 1966 4121 quit
1991 4068 2004 4103 :
2034 4070 2052 4102 ‹
2079 4049 2124 4103 Α
2153 4051 2352 4106 timore
2381 4053 2490 4117 tui,
2522 4051 2778 4118 Domine,
2809 4055 3158 4124 concepimus
3182 4056 3236 4110 in
3265 4064 3422 4112 utero

1847 4151 1902 4198 et
1929 4143 2237 4212 peperimus
2265 4146 2318 4198 in
2349 4151 2491 4201 terra
2523 4145 2772 4214 spiritum
2805 4146 2997 4202 salutis
3027 4147 3091 4205 ⁸⁸.
3120 4165 3140 4199 ι
3167 4147 3302 4201 Nam
3332 4149 3419 4202 hic

1849 4248 2063 4303 quoque
2093 4249 2200 4288 non
2233 4233 2505 4304 signiﬁcat
2535 4250 2857 4304 corporeum
2894 4244 3106 4290 uterum
3132 4244 3382 4291 nostrum

1779 4330 1823 4384 D
1851 4325 1946 4380 scd
1978 4326 2126 4379 illam
2158 4333 2369 4380 naturae
2402 4326 2509 4380 vim
2539 4327 2814 4396 gignendi.

1919 4417 1968 4470 7.
2008 4417 2309 4473 Anomaeus.
2344 4417 2443 4472 Ubi
2477 4419 2544 4474 de
2578 4418 2684 4474 Deo
2717 4420 2979 4490 scriptum
2996 4426 3080 4475 est
3101 4426 3306 4475 natura:
3323 4436 3419 4476 nov

176 4487 336 4557 Παρὰ
367 4486 444 4558 τῷ
481 4489 782 4562 Ἀποστόλῳ
801 4508 814 4521 ·
853 4510 872 4544 ι
922 4492 1080 4547 Ἀλλὰ
1108 4494 1230 4546 τότε
1260 4495 1378 4565 μὲν,
1402 4496 1521 4549 οὐχ’
1545 4497 1744 4562 εἰδότες

1853 4509 2016 4562 men?
2045 4507 2196 4564 Orth.
2225 4510 2390 4580 Apud
2416 4510 2738 4580 Apostolum
2772 4532 2784 4566 :
2817 4486 2849 4563 ι-
2869 4510 2976 4566 Sed
3026 4520 3157 4566 tunc
3198 4512 3416 4581 quidem

176 4578 329 4643 Θεὸν,
359 4578 706 4634 ἐδουλεύσατε
745 4584 858 4647 τοῖς
889 4582 964 4654 μὴ
997 4583 1157 4652 φύσει
1179 4581 1295 4638 οῦσι
1325 4586 1465 4652 θεοῖς
1485 4604 1499 4619 ·
1542 4589 1637 4644 νῦν
1663 4591 1740 4656 δὲ,

1853 4595 2162 4664 ignorantes
2191 4578 2362 4652 Deum
2393 4637 2408 4662 ,
2441 4578 2508 4652 iis
2536 4598 2630 4668 qui
2663 4608 2858 4653 natura
2891 4615 2999 4654 non
3034 4607 3162 4655 sunt
3193 4601 3267 4656 dii
3301 4617 3419 4657 ser—

175 4668 396 4734 γνόντες
425 4669 576 4735 Θεὸν,
615 4673 813 4741 μᾶλλον
842 4673 899 4728 δὲ
925 4676 1254 4743 γνωσθέντες
1280 4679 1385 4732 ὑπὸ
1412 4679 1504 4734 τοῦ
1527 4681 1684 4748 Θεοῦ,
1718 4702 1738 4735 ›

1853 4685 2121 4740 viebatis:
2180 4703 2326 4741 nunc
2377 4696 2557 4743 autem
2606 4703 2730 4744 cum
2783 4692 3156 4760 cognoveritis
3211 4690 3413 4755 Deum,

175 4759 335 4826 φύσει
367 4760 626 4832 δηλονότι.
665 4765 776 4817 Καὶ
818 4767 876 4820 ἐν
909 4770 1028 4831 ταῖς
1062 4768 1371 4835 καθολικαῖς
1406 4772 1745 4839 Ἐπιστολαῖς

1853 4773 1957 4828 imo
1979 4815 1994 4837 ,
2025 4776 2226 4844 cogniti
2261 4776 2382 4832 sitis
2414 4791 2444 4830 a
2491 4776 2601 4832 Deo
2631 4777 2700 4842 ⁸⁸,
2744 4798 2762 4831 ι
2793 4759 2898 4833 etc.
2928 4795 2958 4832 a
2984 4779 3095 4834 Deo
3128 4780 3414 4840 videlicet,

175 4849 518 4922 γέγραπται·
573 4874 591 4906 ι
646 4855 723 4908 Δι’
753 4849 827 4911 ὧν
866 4857 936 4911 τὰ
987 4859 1217 4930 μέγιστα
1269 4864 1401 4933 ἡμῖν
1447 4865 1540 4918 καὶ
1586 4867 1743 4937 τίμια

1853 4863 1940 4932 qui
1985 4871 2181 4917 natura
2230 4863 2374 4920 Deus
2421 4873 2525 4921 est.
2580 4866 2648 4920 Et
2705 4868 2762 4921 in
2816 4867 3079 4938 Epistolis
3128 4871 3416 4924 catholicis

173 4941 562 5014 ἐπαγγέλματα
589 4945 904 5019 δεδώρηται,
932 4949 1019 5003 ἵνα
1051 4951 1280 5024 γένησθε
1309 4953 1458 5018 θείας
1491 4957 1741 5011 κοινωνοὶ

1853 4957 2116 5025 scriptum
2151 4963 2236 5012 est
2261 4976 2274 5010 :
2307 4976 2326 5008 ι
2355 4956 2460 5013 Per
2490 4974 2611 5028 quae
2644 4961 2881 5014 maxima
2912 4968 2965 5014 et
2996 4960 3232 5030 pretiosa
3262 4960 3418 5015 nobis

175 5033 408 5101 φύσεως.
447 5056 466 5087 ι
501 5037 764 5108 Γινόμεθα
803 5039 915 5112 (54)
941 5041 998 5095 δέ
1043 5042 1190 5106 θείας
1231 5046 1478 5099 κοινωνοὶ⁵
1526 5045 1743 5116 φύσεως

1853 5051 2115 5119 promissa
2155 5050 2405 5116 donavit,
2439 5059 2498 5106 ut
2543 5051 2853 5106 elliciamini
2896 5052 3095 5106 divinae
3136 5059 3418 5108 consortes

171 5129 236 5197 τῇ
269 5129 520 5200 κοινωνίᾳ
562 5130 653 5184 τοῦ
689 5133 840 5202 ἁγίου
887 5134 1220 5206 Πνεύματος.
1278 5138 1474 5208 Ἀνόμ.
1524 5138 1733 5194 Οὐκοῦν

1853 5151 2054 5196 naturae
2093 5141 2160 5195 ⁸³.
2194 5161 2213 5194 ι
2239 5141 2518 5199 Ellicimur
2553 5149 2735 5197 autem
2783 5153 2996 5197 naturae
3043 5141 3239 5197 divinae
3284 5158 3416 5197 con-

243 5280 294 5361 '1
328 5281 492 5361 Hebr.
529 5299 584 5347 ι,
620 5287 693 5361 11
724 5286 832 5361 2.__
877 5289 950 5361 _"°
988 5288 1151 5345 Hebr.
1187 5308 1316 5357 xm,
1351 5292 1441 5347 25.
1583 5295 1627 5326 ⁷⁸
1664 5295 1745 5351 Ps:

1853 5311 2086 5358 sxum,
2120 5296 2241 5352 iul.
2343 5299 2388 5329 ⁸⁰
2425 5297 2568 5351 Psal.
2600 5312 2685 5352 cur
2709 5339 2723 5361 ,
2760 5297 2813 5351 5.

194 5349 214 5378 ¹
257 5348 400 5406 Psal.
436 5370 618 5421 xxxu,
664 5357 712 5412 7.
788 5358 834 5389 ⁸³
876 5358 978 5415 lsa.
1011 5377 1170 5426 XXVI,
1207 5348 1316 5418 18..
1369 5365 1415 5395 ⁸⁸
1455 5362 1627 5421 Galat.
1660 5348 1734 5432 Iv,

1855 5348 1946 5421 δῖ
1994 5348 2050 5400 -έσ
2075 5348 2125 5420 ἰι
2156 5348 2304 5423 p‘e'...
2343 5368 2366 5420 t
2393 5408 2408 5431 ,
2425 5348 2479 5425 ‘4'

249 4396 300 4450 7.
318 4397 642 4466 Ἀνόμοιος.
663 4397 774 4452 Ποῦ
791 4398 1093 4472 γέγραπται
1107 4402 1199 4454 ἐπὶ
1215 4401 1350 4457 Θεοῦ
1372 4404 1531 4474 φύσις
1555 4407 1741 4475 ;Ὂρθ.

2942 5296 2990 5327 εί
3029 5293 3167 5351 Joel.
3212 5311 3289 5360 ιι,
3325 5294 3416 5350 28.

1936 5521 2026 5586 5‘2)
2055 5520 2216 5591 Editi.
2247 5523 2312 5574 Η.
2339 5519 2526 5591 Steph.
2558 5522 2662 5584 ἕως
2685 5520 2995 5591 φωσφόρου.

1936 5591 2023 5658 55)
2054 5589 2128 5660 ita
2165 5606 2296 5646 mss.
2335 5590 2478 5644 Editi
2505 5606 2652 5654 vero,
2680 5587 2758 5660 τῷ
2781 5587 2936 5658 Λόγῳ
2958 5587 3050 5660 τοῦ
3078 5589 3235 5644 Θεοῦ.

1937 5661 2025 5732 54)
2053 5659 2224 5716 Palat.
2248 5661 2512 5732 Γινόμεθα
2533 5662 2587 5715 δὲ
2613 5659 2869 5716 κοινωνία
2891 5659 2984 5712 τοῦ
3013 5661 3082 5728 άγ

247 5505 356 5644 (5οξ
383 5505 552 5588 Palat.
592 5511 705 5565 ἀλλ’
736 5515 796 5567 οὑ
824 5532 1022 5586 χαρακ.

247 5576 326 5640 (51
387 5577 476 5635 Sic
505 5577 640 5644 Res.
690 5583 861 5641 Palat.
894 5597 949 5641 et
1005 5583 1022 5640 Ι

245 5576 353 5644 (51)
387 5577 476 5635 Sic
505 5577 640 5648 Reg.
690 5576 861 5641 Palat:
894 5576 949 5641 'et
1005 5583 1148 5643 Felc.
1203 5583 1344 5644 Editi
1388 5603 1537 5656 vero,
1583 5585 1734 5644 ταῦτ’

173 5646 485 5706 ἐνετείλατο.
