3870 6208
509 302 538 356 ιι
555 298 651 356 127

1694 296 1750 351 S.
1791 290 2249 352 ATHANASIUS.
2292 322 2362 338 υ·-
2390 286 2669 350 ΒΡἩΠΙᾹ.

3611 291 3761 349 H38

513 423 690 473 sortes
739 429 808 470 ex
859 413 1273 485 participatione
1329 411 1569 483 Spiritus
1619 414 1819 468 sancti.
1880 412 2072 467 Anam.

2196 413 2273 467 ιαὶ
2297 411 2355 465 τὸ
2380 411 2603 483 Πνεῦμα
2643 410 2793 474 θείας
2832 406 2955 463 ’ἐστὶ
3006 403 3251 478 φύσεως;
3308 411 3460 478 Ὀρθ.
3502 408 3564 461 Ei.
3592 409 3760 477 ἡμεῖς

513 506 659 578 Ergo
688 514 744 561 et
775 503 1010 575 Spiritus
1042 513 1270 561 sanctus
1298 515 1383 561 est
1413 504 1613 560 divinae
1642 504 1897 559 naturae?
1929 502 2085 561 OrtIt.

516 597 575 653 Si
624 614 689 654 ex
740 597 1160 668 participatione
1202 599 1376 653 sancti
1424 594 1667 667 Spiritus
1714 595 1912 651 divinae
1960 610 2092 652 con-

514 696 694 745 sortes
723 697 934 744 natura:
968 704 1193 753 sumus,
1232 704 1415 744 nonne
1444 689 1617 744 multo
1662 689 1837 758 magis
1878 695 1962 743 est
2003 688 2087 743 di-

515 781 657 835 vinae
688 790 895 835 naturae
926 780 1168 851 Spiritus
1197 781 1288 834 ille
1310 820 1323 840 ,
1372 780 1468 849 qui
1510 795 1611 835 nos
1655 780 1951 850 participes
1977 778 2091 834 edi-

508 871 632 925 cit?
661 872 847 926 Anam.
897 872 1039 941 Ergo
1070 881 1124 926 et
1174 870 1438 941 Spiritum
1488 878 1740 925 sanctum
1791 871 1929 924 dicis
1969 884 2092 925 esse

508 960 715 1015 divina:
742 962 996 1016 naturae?
1029 959 1182 1016 Orth.
1225 960 1343 1015 Non
1380 961 1704 1029 simpliciter
1732 959 1929 1014 divina:
1968 974 2093 1015 esse

510 1057 727 1105 natura
747 1091 761 1114 ,
791 1051 885 1105 sed
912 1051 1184 1106 essentiae.
1219 1048 1368 1105 Dixit
1408 1052 1554 1105 enim
1600 1051 1717 1116 ipse
1742 1049 1942 1105 Pater:
1980 1069 1998 1101 ι
2031 1050 2091 1104 In

519 1140 839 1195 novissimis
871 1139 1067 1195 diebus
1099 1140 1372 1195 effundam
1407 1140 1475 1195 de
1520 1138 1729 1210 Spiritu
1770 1156 1892 1195 meo
1928 1155 2094 1210 super

518 1246 736 1285 omnem
767 1246 989 1286 carnem
1024 1232 1091 1286 ⁸⁸.
1132 1250 1150 1284 ι
1181 1232 1312 1287 Item
1347 1230 1521 1287 Filius
1556 1250 1569 1284 :
1603 1251 1622 1282 ι
1651 1231 1769 1287 Νοη
1810 1233 1955 1288 enim
1994 1247 2092 1287 vos

508 1324 690 1385 estis,
722 1324 814 1393 qui
850 1323 1170 1394 loquimini.
1207 1324 1301 1378 sed
1339 1322 1578 1394 Spiritus
1606 1322 1788 1379 Patris
1818 1325 1960 1389 mei,
1997 1322 2091 1392 qui

480 1470 483 1473 ἰ
521 1413 764 1481 loquitur
815 1413 871 1467 in
916 1414 1072 1468 vobis
1106 1413 1174 1467 ⁸⁷.
1211 1432 1229 1464 ι
1260 1412 1363 1468 Job
1402 1429 1622 1484 quoque
1665 1414 1910 1468 divinum
1956 1415 2094 1469 dixit

510 1503 786 1575 Spiritum
807 1542 823 1569 ,
856 1520 982 1559 cum
1032 1505 1112 1561 sic
1157 1506 1472 1575 loqueretur
1502 1520 1515 1555 :
1548 1522 1565 1555 ι
1599 1504 1744 1559 Vivit
1789 1504 2050 1561 Dominus
2075 1545 2091 1569 ,

520 1598 613 1667 qui
649 1597 723 1649 ita
758 1596 825 1651 de
860 1612 945 1650 mc
974 1596 1277 1665 judicavit,
1307 1606 1360 1650 et
1385 1593 1773 1665 Omnipotens,
1808 1594 1969 1667 412
1999 1597 2093 1665 qui

512 1686 881 1743 amaritudine
926 1684 1104 1739 aﬂecit
1154 1684 1389 1738 animam
1438 1698 1635 1738 meam.
1688 1682 1963 1751 Siquidem
1997 1682 2095 1736 do-

2186 506 2253 574 τῇ
2295 502 2546 572 κοινωνίᾳ
2586 500 2679 554 τοῦ
2718 501 2874 567 ἁγίου
2922 499 3237 569 Πνεύματος
3268 498 3419 561 θείας
3461 498 3629 568 ἐσμὲν
3658 497 3760 564 φύ-

2189 611 2346 658 σεως,
2378 594 2498 664 οὐχὶ
2520 592 2582 646 τδ
2612 591 2834 662 Πνεῦμα
2859 592 2919 645 τὸ
2948 592 3322 663 παρεχόμενον
3352 593 3485 661 ἡμῖν
3507 591 3609 661 τὴν
3647 606 3764 642 κοι-

2188 685 2382 739 νωνίαν
2401 702 2415 750 ;
2434 685 2627 753 Ἀνόμ.
2657 683 2764 737 Καὶ
2786 684 2847 736 τὸ
2873 683 3095 753 Πνεῦμα
3123 679 3213 736 οὖν
3240 683 3417 750 λέγεις
3442 681 3590 744 θείας
3617 676 3761 734 εἶναι

2188 776 2437 844 φύσεως;
2481 776 2633 842 Ὀρθ,
2667 774 2779 845 Οὐχ
2807 773 2990 837 ἁπλῶς
3012 774 3163 837 θείας
3195 768 3333 826 εἶναι
3359 773 3592 842 φύσεως,
3622 771 3759 823 ἀλὶὰ

2187 866 2288 936 τῆς
2330 866 2519 928 οὐσίας
2556 866 2689 936 (55).
2737 865 2907 928 Αὐτὸς
2954 864 3061 936 γὰρ
3107 860 3259 918 εἶπεν
3285 866 3314 916 6
3344 864 3564 933 Πατήρ’
3600 881 3622 912 ι
3676 861 3762 913 Ἑν

2189 963 2307 1023 ταῖς
2360 959 2613 1029 ἐσχάταις
2664 959 2898 1029 ἡμέραις
2944 957 3118 1027 ἐκχεῶ
3170 957 3279 1010 ἀπὸ
3316 956 3410 1009 τοῦ
3437 954 3762 1026 Πνεύματός

2193 1067 2294 1121 μου
2333 1050 2424 1102 ἐπὶ
2459 1051 2638 1102 πᾶσαν
2686 1050 2895 1120 σάρκα’
2933 1067 2952 1099 ι
2987 1051 3016 1101 6
3053 1048 3110 1101 δὲ
3148 1048 3307 1112 Υἱός·
3348 1067 3367 1099 ι
3401 1050 3473 1102 Οὐ
3503 1050 3614 1119 γάρ
3638 1052 3764 1102 ὲστε

2192 1136 2348 1206 ὑμεῖς
2373 1138 2423 1188 οἱ
2453 1136 2758 1198 λαλοῦντες,
2792 1136 2926 1189 ἀλλὰ
2954 1136 3013 1189 τὸ
3046 1137 3270 1207 Πνεῦμα
3298 1136 3390 1190 τοῦ
3420 1139 3633 1208 Πατρός
3656 1157 3761 1209 μου

2190 1226 2250 1279 τὸ
2268 1227 2460 1280 λαλοῦν
2486 1228 2545 1279 ὲν
2571 1229 2719 1298 ὑμῖν.
2747 1247 2764 1279 ι
2788 1228 2896 1280 Καὶ
2914 1230 2941 1280 6
2969 1226 3090 1281 ’1ὼὸ
3113 1228 3252 1282 θεῖον
3283 1225 3401 1284 εἷπε
3425 1226 3484 1282 τὶ
3507 1230 3758 1301 Πνεῦμα,

2190 1317 2332 1371 οὕτω
2359 1319 2564 1387 λέγων’
2607 1337 2627 1369 ι
2670 1322 2743 1389 Ζῇ
2779 1318 3002 1391 Κύριος,
3036 1318 3094 1383 ὃς
3118 1318 3260 1373 οὕτω
3288 1337 3354 1391 με
3385 1322 3632 1393 κέκρικε,
3662 1325 3763 1376 καὶ

2190 1412 2219 1461 6
2246 1411 2644 1481 Παντοκράτωρ
2681 1413 2710 1464 6
2740 1410 3009 1481 πικράνας
3050 1427 3154 1481 μου
3182 1410 3281 1482 τὴν
3324 1411 3529 1483 ψυχήν·
3565 1414 3598 1484 ἢ
3651 1416 3762 1484 μὴν

2191 1500 2270 1554 ἔτι
2296 1501 2393 1571 τῆς
2425 1505 2590 1573 πνοῆς
2627 1520 2716 1573 μοι
2750 1501 2973 1573 ἐνούσης
3013 1502 3144 1573 (56),
3172 1502 3388 1574 πνεῦμα
3427 1505 3483 1557 δὲ
3526 1505 3670 1560 θεῖον
3700 1507 3764 1560 τὸ

2191 1594 2379 1667 περιόν
2410 1611 2499 1665 μοι
2519 1597 2577 1649 ἐν
2612 1596 2745 1666 ῥισὶ,
2773 1595 2849 1666 μὴ
2869 1594 3090 1665 λαλήσει
3116 1594 3178 1647 τὸ
3199 1595 3371 1664 στόμα
3407 1611 3506 1665 μου
3528 1596 3710 1650 ἄδικα.
3730 1616 3755 1647 ι

2197 1685 2383 1759 Ὁρᾷς,
2419 1687 2536 1751 πῶς
2561 1688 2659 1759 τῆς
2686 1688 2848 1757 ἁγίας
2871 1687 3096 1759 Τριάδος
3128 1689 3431 1758 μέμνηταιο
3472 1704 3491 1738 ι
3533 1691 3609 1757 Ζῇ
3642 1687 3761 1740 Κύ-

522 1793 626 1832 nec
654 1784 741 1832 est
773 1776 953 1831 adhuc
988 1775 1192 1829 halitus
1224 1775 1279 1828 in
1327 1789 1449 1840 me,
1494 1782 1549 1827 et
1599 1771 1836 1843 Spiritus
1878 1772 2094 1828 divinus

2200 1796 2333 1850 ριος,
2368 1797 2385 1830 ι
2419 1778 2591 1847 λέγων
2624 1780 2715 1833 τὸν
2739 1780 2895 1833 Υίόν’
2928 1781 3041 1843 καὶ,
3081 1798 3099 1832 ι
3122 1781 3178 1833 Ὀ
3201 1780 3595 1851 Παντοκράτωρ
3615 1783 3647 1832 6
3674 1797 3769 1832 πι-

513 1875 774 1938 superest
800 1867 932 1920 mihi
969 1868 1023 1920 in
1057 1866 1326 1931 naribus;
1367 1876 1431 1919 os
1464 1879 1644 1918 meum
1691 1877 1800 1917 non
1835 1864 2090 1933 loquetur

522 1958 729 2027 injusta
752 1958 818 2010 ⁸⁸.
846 1977 862 2004 ο
892 1955 1085 2011 Viden‘
1128 1955 1402 2026 quomodo
1429 1952 1717 2007 Trinitatis
1737 1953 2045 2007 meminerit
2073 1970 2088 2018 ;

512 2048 591 2102 ede
613 2046 751 2101 Filio
774 2046 964 2100 dicens
987 2066 999 2099 :
1024 2064 1047 2096 ι
1078 2043 1224 2099 Vivit
1249 2044 1513 2099 Dominus
1537 2061 1552 2111 ;
1578 2063 1596 2094 ι
1617 2043 1683 2098 de
1703 2040 1896 2097 Patre:
1921 2061 1938 2092 ι
1965 2040 2093 2096 Om—

514 2139 775 2207 nipotens
793 2176 808 2199 ,
845 2135 939 2206 qui
970 2134 1332 2188 amaritudine
1361 2132 1540 2188 aﬂ‘ecit
1569 2133 1804 2187 animam
1830 2147 2005 2186 meam
2033 2149 2045 2185 :
2069 2150 2087 2182 ι

514 2228 591 2281 de
624 2225 832 2295 Spiritu
867 2230 1095 2279 sancto:
1128 2243 1147 2275 ε
1172 2223 1391 2279 divinus
1422 2221 1661 2293 Spiritus
1680 2262 1696 2287 ,
1723 2223 1814 2291 qui
1843 2230 2093 2291 superest

524 2318 657 2372 mihi
690 2318 744 2371 in
776 2316 1051 2371 naribus?
1078 2335 1096 2367 ο
1128 2314 1262 2369 Nam
1296 2313 1540 2385 Spiritus
1590 2321 1675 2369 est
1716 2315 1902 2369 suavis
1958 2315 2096 2369 odor

513 2408 729 2463 ‘Christi
756 2427 769 2461 :
793 2415 847 2462 et
875 2405 1338 2476 quemadmodum
1372 2419 1438 2459 ex
1468 2405 1636 2459 odore
1661 2404 1816 2458 suavi
1849 2420 2095 2475 unguen-

530 2508 648 2554 tum
683 2514 781 2569 per
810 2513 973 2552 nares
1021 2497 1321 2567 percipitur
1347 2514 1361 2549 :
1394 2497 1471 2549 ita
1500 2503 1555 2549 et
1594 2495 1850 2550 Christus
1880 2512 1945 2549 ex
1976 2494 2096 2565 Spi-

525 2593 655 2645 ritu.
687 2608 705 2640 ι
730 2588 899 2643 Nemo
927 2590 1073 2644 enim
1120 2596 1301 2657 potest
1324 2585 1515 2641 dicere
1561 2586 1840 2640 Christum
1868 2585 2053 2641 Jesum
2074 2625 2090 2650 ,

525 2682 631 2737 nisi
665 2683 719 2736 in
750 2681 955 2751 Spiritu
989 2687 1183 2735 sancto
1210 2679 1280 2732 ⁸³.
1315 2697 1334 2730 ι
1367 2677 1433 2731 Et
1473 2677 1725 2747 Apostoli
1778 2677 2000 2732 fuerunt
2030 2692 2094 2731 ac

526 2780 657 2827 sunt
686 2773 863 2827 bonus
898 2770 1105 2826 Christi
1148 2770 1309 2833 odor,
1354 2772 1616 2839 quoniam
1646 2768 1888 2840 Spiritus
1920 2771 2095 2825 sancti

516 2868 727 2937 templa
781 2876 928 2923 sunt.
982 2865 1125 2921 Dicit
1172 2866 1318 2921 enim
1367 2864 1613 2921 Paulus:
1646 2883 1665 2916 ι
1694 2866 1777 2919 An
1826 2865 2092 2931 nescitis,

2194 1868 2398 1936 κράνας
2433 1886 2534 1939 μου
2561 1870 2659 1941 τὴν
2684 1869 2881 1942 ψυχὴν,
2923 1890 2941 1922 ι
2982 1871 3074 1924 τὸν
3101 1870 3320 1942 Πατέρα
3340 1887 3353 1898 ο
3396 1890 3414 1922 ι
3449 1870 3678 1941 Πνεῦμα
3705 1872 3768 1924 δὲ

2196 1958 2339 2012 θεῖον
2366 1959 2427 2012 τὸ
2455 1961 2639 2031 περιόν
2671 1978 2760 2030 μοι
2786 1963 2843 2014 ὲν
2876 1961 3008 2033 ῥισὶ,
3046 1980 3064 2012 ι
3103 1961 3159 2014 τὸ
3182 1960 3408 2032 Πνεῦμα
3460 1962 3521 2014 τὸ
3581 1962 3767 2030 ἅγιον.

2197 2049 2433 2121 Χριστοῦ
2466 2051 2575 2123 γάρ
2617 2052 2762 2105 ἐστιν
2802 2053 2996 2105 εὐωδία
3030 2053 3090 2106 τὸ
3139 2052 3395 2124 Πνεῦμαο
3447 2054 3541 2107 καὶ
3570 2051 3769 2124 ὥσπερ

2199 2142 2264 2194 ὲκ
2286 2141 2387 2211 τῆς
2417 2141 2640 2206 εὐωδίας
2668 2142 2756 2195 διὰ
2787 2142 2894 2194 τῶν
2938 2142 3097 2214 ῥινῶν
3125 2142 3185 2195 τὺ
3218 2142 3386 2214 μύρον
3413 2140 3768 2210 γινώσκεται,

2196 2231 2369 2297 οὕτως
2399 2234 2494 2287 καὶ
2523 2234 2588 2286 ὲκ
2614 2232 2707 2287 τοῦ
2737 2233 3049 2304 Πνεύματος
3080 2235 3331 2306 Χριστός.
3365 2253 3385 2286 ι
3426 2235 3615 2297 Οὐδεὶς
3656 2234 3770 2306 γὰρ

2194 2322 2414 2377 δύναται
2464 2326 2638 2377 εἰπεῖν
2685 2324 2887 2395 Κύριον
2938 2325 3143 2397 Ἰησοῦν
3184 2327 3233 2378 εί
3268 2326 3342 2396 μὴ
3376 2327 3433 2379 ὲν
3481 2327 3770 2397 Πνεύματι

2196 2414 2355 2484 ἁγίῳ.
2393 2432 2411 2465 ι
2446 2414 2557 2468 Καὶ
2582 2416 2631 2467 οἱ
2664 2415 2950 2468 ἀπόστολοι
2988 2416 3224 2487 Χριστοῦ
3261 2416 3457 2470 εὐωδία
3478 2411 3641 2487 ἦσαν,
3672 2417 3773 2469 καὶ

2197 2503 2366 2556 εἰσίν
2402 2503 2587 2575 ἐπειδὴ
2637 2506 2730 2558 καὶ
2775 2509 2892 2560 ναοὶ
2920 2506 3012 2560 τοῦ
3059 2507 3368 2577 Πνεύματός
3418 2508 3543 2560 εἱσι.
3596 2509 3768 2575 Λέγει

2204 2595 2313 2666 γὰρ
2348 2595 2590 2659 Παῦλος·
2629 2616 2648 2647 ι
2705 2598 2818 2651 Οὐκ
2859 2597 3054 2665 οἴδατε,
3090 2599 3174 2651 ὅτι
3217 2599 3288 2652 τὰ
3342 2597 3567 2668 σώματα
3606 2598 3767 2668 ὑμῶν

2198 2686 2326 2749 ναὸς
2369 2686 2464 2739 τοῦ
2498 2690 2555 2741 ἐν
2593 2690 2721 2758 ὑμῖν
2752 2690 2907 2757 ἁγίου
2957 2690 3271 2760 Πνεύματός
3308 2692 3475 2754 ἐστιν,
3506 2683 3567 2743 οὗ
3610 2690 3767 2760 ἔχετε

2198 2777 2305 2831 ἀπὸ
2350 2778 2505 2842 Θεοῦ,
2545 2780 2638 2833 καὶ
2687 2781 2787 2833 οὐκ
2834 2782 2957 2834 ἐστὲ
3007 2781 3238 2835 ἑαυτῶν.
3282 2780 3549 2847 Δοξάσατε
3577 2781 3646 2851 δὴ
3675 2781 3769 2833 τὸν

2202 2870 2334 2923 Θεὸν
2362 2872 2418 2923 ὲν
2446 2870 2523 2942 τῷ
2553 2871 2764 2943 σώματι
2797 2872 2968 2943 ὑμῶν.
3007 2891 3028 2924 ι

502 2960 654 3029 'quia
683 2972 913 3029 corpora
944 2967 1122 3012 vestra
1154 2958 1415 3029 templum
1446 2965 1575 3013 sunt
1606 2955 1846 3027 Spiritus
1874 2959 2082 3024 sancti,
2121 2961 2214 3032 qui
2244 2962 2298 3016 in
2327 2962 2484 3019 vobis
2511 2972 2597 3019 est
2616 3002 2630 3027 ,
2658 2979 2820 3034 quem
2848 2964 3060 3020 habetis
3089 2979 3118 3017 a
3149 2964 3297 3031 Deo;
3359 2971 3415 3019 et
3469 2979 3580 3018 non
3631 2960 3769 3018 estis

521 3050 729 3106 vestri?
748 3049 915 3104 Deum
937 3050 1102 3118 igitur
1124 3050 1177 3104 in
1200 3064 1431 3120 corpore
1455 3057 1633 3105 vestri
1659 3050 1959 3120 glorilicate
1979 3051 2046 3106 '°.
2061 3069 2079 3101 ι

593 3142 647 3195 8.
668 3140 969 3194 Αηοηιωιιε.
989 3137 1047 3192 Si
1065 3139 1220 3195 aliter
1241 3148 1390 3195 creat
1420 3138 1563 3196 Deus
1579 3178 1595 3203 ,
1626 3148 1683 3195 et
1719 3140 1877 3195 aliter
1900 3140 2093 3211 gignit,

2267 3134 2321 3190 8.
2375 3138 2695 3207 Ἀνόμοιος.
2727 3139 2789 3192 Εἰ
2817 3140 2990 3203 ἄλλως
3018 3141 3190 3205 κτίζει
3215 3144 3243 3194 6
3275 3141 3426 3205 Θεὸς,
3459 3156 3553 3198 καί
3588 3147 3765 3209 Em;

520 3232 867 3300 compositus
900 3230 1029 3284 est?
1060 3229 1221 3284 Orth.
1262 3230 1621 3299 'Compositus
1650 3246 1762 3286 non
1790 3240 1874 3288 est
1907 3233 1925 3304 (
1951 3233 2093 3287 absit

518 3323 671 3377 enim
700 3329 761 3375 ut
787 3321 893 3375 hoc
922 3320 1099 3375 dicam
1126 3320 1168 3391 ),
1196 3321 1289 3376 sed
1316 3321 1603 3391 hypostasi
1636 3322 1857 3392 quidem
1889 3325 2093 3394 gignit,

528 3415 788 3470 mandato
816 3428 945 3470 vero
973 3421 1146 3468 creat.
1178 3412 1334 3479 Quod
1369 3417 1416 3470 si
1446 3416 1521 3468 ita
1563 3417 1771 3487 gignit,
1820 3425 1881 3472 ut
1909 3427 2092 3485 creat,

524 3504 676 3575 quod
729 3504 798 3558 ab
850 3518 918 3558 eo
968 3496 1214 3559 creatum
1257 3513 1379 3569 est,
1427 3506 1496 3561 ab
1539 3507 1658 3577 ipso
1707 3515 1793 3563 est
1831 3509 2092 3577 genitum.

528 3599 716 3651 Anam.
748 3594 898 3651 Sane
927 3595 1167 3666 quidem.
1202 3596 1356 3651 Ortk.
1385 3596 1587 3653 Canem
1624 3607 1811 3653 autem
1844 3603 2049 3655 creavit
2078 3620 2092 3657 :

527 3690 671 3744 aude
720 3689 884 3759 igitur
932 3688 1158 3753 dicere,
1213 3704 1403 3743 canem
1457 3697 1551 3744 aut
1610 3691 1754 3745 aliud
1817 3693 2094 3762 quidpiam

526 3788 772 3836 creatum
794 3820 809 3843 ,
836 3794 958 3835 esse
987 3780 1227 3849 genitum
1258 3797 1325 3835 ex
1350 3790 1527 3837 utero.
1561 3782 1694 3837 Nam
1724 3783 1847 3838 dico
1879 3784 2096 3854 quidem

518 3889 662 3942 ego,
688 3872 835 3943 quod
865 3872 1005 3928 Deus
1032 3887 1224 3927 canem
1264 3884 1318 3928 et
1358 3875 1518 3929 bruta
1568 3876 1787 3939 omnia,
1831 3891 1956 3930 cum
1993 3891 2098 3930 caa-

524 3965 665 4021 teris
712 3965 968 4020 omnibus
1015 3964 1181 4019 rebus
1227 3966 1529 4021 creaverit:
1581 3966 1671 4021 dic
1716 3974 1770 4021 et
1814 3976 1902 4032 tu,
1951 3966 2097 4036 quod

526 4056 693 4110 etiam
737 4072 805 4111 ex
854 4065 1009 4110 utero
1050 4069 1113 4109 ea
1160 4056 1444 4124 genuerit,
1498 4057 1547 4111 si
1593 4057 1814 4127 quidem
1845 4058 2100 4113 similiter

519 4154 681 4201 creat
710 4155 763 4201 et
799 4147 988 4216 gignit.
1036 4146 1229 4200 Anam.
1273 4147 1448 4201 Aliter
1478 4148 1643 4218 igitur
1673 4156 1825 4205 creat
1855 4157 1913 4204 et
1939 4150 2099 4206 aliter

523 4235 740 4305 gignit?
773 4233 922 4289 Orth.
961 4234 1126 4289 Sane.
1173 4236 1362 4288 Anam.
1398 4233 1590 4291 Nonne
1617 4244 1704 4290 est
1743 4239 2100 4307 compositio-

528 4329 620 4382 nis
649 4327 887 4397 expers?
936 4326 1091 4381 Orth.
1143 4323 1367 4381 Minime
1420 4327 1535 4381 dixi
1589 4342 1697 4381 non
1727 4343 1850 4383 esse
1879 4344 2101 4400 compo-

524 4418 751 4473 sitionis
783 4428 1062 4487 expertem
1087 4460 1100 4481 ,
1131 4417 1244 4472 imo
1272 4419 1436 4473 etiam
1466 4425 1551 4473 est
1581 4419 1786 4488 aliquid
1819 4422 2054 4490 amplius
2079 4461 2094 4486 ,

2197 3230 2380 3299 γεννᾷ,
2406 3228 2656 3293 σύνθετός
2685 3234 2867 3298 tat-tv;
2911 3234 3059 3302 Ὀρθ.
3088 3234 3348 3300 Σύνθετος
3373 3238 3469 3306 μὲν
3489 3238 3589 3291 οὐκ
3612 3239 3727 3293 ἐστι
3744 3256 3763 3270 '

2196 3320 2272 3390 μὴ
2307 3320 2415 3391 γὰρ
2436 3322 2644 3389 γένοιτό
2677 3340 2767 3393 μοι
2801 3326 3010 3379 εἰπείνι
3048 3327 3340 3381 ὑποστάσει
3364 3328 3421 3382 δὲ
3449 3331 3634 3401 γεννᾷ,
3671 3332 3762 3385 καὶ

2194 3410 2382 3481 ἐντολῇ
2426 3412 2616 3477 κτίζει.
2666 3414 2728 3466 Εἰ
2774 3414 2831 3467 δὲ
2881 3414 2958 3477 ὡς
3002 3417 3197 3481 κτίζει,
3246 3418 3416 3481 οὕτως
3445 3420 3540 3472 καὶ
3575 3424 3763 3491 γεννᾷ,

2193 3502 2255 3554 τὸ
2288 3503 2492 3573 κτίσμα
2522 3502 2685 3557 αὐτοῦ
2719 3505 2961 3576 γέννημα
2995 3508 3158 3561 αὑτοῦ
3202 3510 3366 3562 ἐστιν.
3418 3512 3615 3580 Ἀνόμ.
3660 3513 3765 3565 Καὶ

2196 3592 2356 3646 πάνυ.
2400 3594 2550 3662 Ὀρθ.
2582 3596 2802 3648 Ἔκτισε
2834 3596 2892 3648 δὲ
2931 3597 3022 3650 τὸν
3052 3597 3188 3651 κύνα
3211 3615 3227 3631 ο
3274 3600 3544 3671 τόλμησον
3586 3604 3767 3656 εἰπεῖν

2193 3684 2282 3737 τὸν
2312 3684 2448 3737 κύνα
2479 3687 2544 3738 ἐκ
2577 3686 2809 3757 γαστρὸς
2835 3687 3215 3757 γεγεννῆσθαι,
3257 3692 3351 3743 καὶ
3395 3691 3521 3744 ἄλλο
3567 3708 3622 3745 τι
3655 3693 3767 3745 τῶν

2195 3778 2529 3848 κτισμάτων.
2588 3777 2727 3845 Ἐγὼ
2768 3779 2876 3850 γὰρ
2906 3779 3069 3848 λέγω,
3118 3782 3198 3835 ὃτι
3230 3783 3323 3836 καὶ
3368 3782 3457 3835 τὸν
3485 3784 3626 3838 κύνα
3672 3787 3767 3839 καὶ

2195 3869 2374 3922 πάντα
2403 3869 2473 3923 τὰ
2503 3870 2671 3939 ἄλογα
2710 3870 2846 3939 μετὰ
2875 3873 2969 3925 καὶ
2996 3872 3176 3943 πάσης
3203 3874 3299 3945 τῆς
3326 3875 3490 3947 ἄλλης
3534 3876 3764 3942 κτίσεως

2196 3963 2408 4017 ἔκτισεν
2432 3964 2461 4014 6
2490 3962 2620 4024 Θεός
2639 3978 2652 3991 ·
2684 3961 2817 4014 Εἰπὲ
2846 3964 2938 4016 καὶ
2969 3964 3149 4028 αὐτὸς,
3171 3967 3254 4019 ὅτι
3293 3968 3388 4018 καὶ
3431 3968 3496 4020 ὲκ
3528 3969 3765 4041 γαστρὸς

2198 4052 2333 4107 αὐτὰ
2375 4052 2683 4123 ἐγέννησεν,
2720 4055 2875 4124 εἴπερ
2917 4053 3177 4119 ὡσαύτως
3221 4058 3392 4122 κτίζει
3443 4059 3539 4112 καὶ
3577 4061 3763 4130 γεννᾷ.

2208 4144 2406 4213 ,Ανόμ.
2445 4143 2653 4207 Ἀλλως
2685 4139 2776 4198 οὖν
2809 4145 3002 4210 κτίζει,
3038 4147 3130 4200 καὶ
3158 4148 3331 4211 ἄλλως
3360 4153 3559 4222 γεννᾷς
3608 4152 3763 4221 ’θρα

2197 4235 2308 4289 Καὶ
2338 4234 2500 4288 πάνυ.
2537 4233 2736 4303 Ἀνόμ.
2772 4236 2887 4287 Οὐκ
2909 4235 3055 4289 ἐστιν
3079 4236 3403 4304 ἀσύνθετοςς
3450 4239 3607 4308 Ὀρθ.
3652 4244 3768 4297 Οὐκ

2198 4329 2370 4396 εἷπον,
2412 4334 2511 4387 οὐκ
2557 4334 2704 4387 ἐστιν
2743 4333 3034 4396 ἀσύνθετος
3068 4334 3199 4403 (57),
3231 4333 3363 4388 ἀλλὰ
3395 4334 3487 4387 καὶ
3527 4334 3669 4405 ὑπὲρ
3706 4336 3769 4388 τὺ

2198 4424 2487 4478 ἀσυνθετόν
2519 4428 2664 4478 ἐστιν
2686 4412 2705 4453 ·’
2731 4424 2905 4488 ἄλλως
2933 4424 2991 4476 δὲ
3022 4425 3188 4495 γεννᾷ
3218 4425 3313 4477 καὶ
3362 4424 3537 4488 ἄλλως
3569 4424 3761 4489 κτίζει.

526 4520 696 4576 quam
746 4506 1169 4575 compositionis
1213 4521 1411 4575 expers
1436 4547 1451 4573 ,
1495 4506 1594 4561 sed
1635 4508 1794 4562 aliter
1834 4489 2009 4578 gignit
2048 4520 2094 4565 et

2213 4516 2407 4586 Ἀνόμ.
2459 4516 2583 4580 Πῶς
2610 4511 2720 4571 οἷόν
2763 4532 2859 4581 τε;
2912 4489 3063 4584 Ὀρά.
3227 4515 3403 4579 νοῦςό
3451 4519 3509 4568 ὲν
3553 4521 3708 4588 ἡμῖν,
3736 4521 3768 4571 6

530 4597 691 4649 aliter
718 4602 887 4648 creat.
918 4596 1106 4647 Anam.
1137 4594 1426 4660 Quomodo
1460 4596 1511 4649 id
1544 4595 1658 4651 fieri
1692 4598 1915 4665 potest?
1947 4597 2099 4653 Orth.

534 4685 689 4740 Mens
718 4685 877 4739 nobis
903 4684 1100 4750 insita,
1133 4700 1252 4754 quae
1276 4686 1343 4740 ad
1372 4687 1657 4757 imaginem
1689 4686 1783 4740 Dei
1813 4686 1954 4742 facta
1985 4700 2102 4754 est,

529 4792 716 4833 nonne
757 4783 842 4830 est
881 4775 1296 4845 compositionis
1340 4778 1582 4846 expers?
1626 4785 1681 4833 et
1722 4788 1903 4833 tamen
1947 4782 2109 4836 aliter

527 4868 707 4940 gignit
751 4882 1092 4925 sermonem.
1126 4867 1286 4921 aliter
1327 4875 1508 4923 autem
1554 4869 1776 4935 condit,
1808 4886 1929 4940 qua;
1968 4887 2105 4927 con-

532 4961 633 5013 dit.
665 4958 848 5011 Anom.
892 4955 997 5023 Qui
1028 4957 1189 5011 aliter
1218 4958 1392 5027 gignit
1422 4966 1477 5014 et
1509 4959 1668 5013 aliter
1695 4962 1926 5015 condit?
1955 4971 2102 5018 certe

525 5050 732 5123 quibus
757 5049 943 5104 condit
984 5063 1177 5112 mens,
1216 5050 1381 5103 etiam
1429 5049 1620 5120 gignit.
1671 5050 1827 5108 Orth.
1873 5051 2097 5108 Falsum

532 5157 766 5197 narras:
797 5142 968 5212 gignit
1006 5142 1151 5196 enim
1182 5157 1248 5196 ex
1282 5158 1341 5197 se
1381 5158 1719 5208 sermonem,
1769 5140 1961 5201 condit
1997 5162 2100 5201 au-

527 5241 640 5289 tem
689 5248 757 5288 ex
806 5233 1031 5286 materia
1077 5231 1332 5298 domum,
1385 5235 1606 5297 navim,
1661 5243 1714 5289 et
1760 5252 2100 5309 quaecunque

2203 4609 2322 4661 κατ’
2353 4608 2535 4662 εἰκόνα
2562 4608 2656 4662 τοῦ
2686 4608 2820 4661 Θεοῦ
2851 4608 3108 4677 γεγονὼς,
3136 4610 3234 4662 οὐκ
3267 4608 3414 4661 ἐστιν
3441 4609 3765 4675 ἀσύνθετος;

2204 4700 2298 4753 καὶ
2326 4699 2498 4761 ἄλλως
2522 4701 2684 4771 γεννᾷ
2712 4700 2889 4768 λόγον,
2932 4703 3025 4755 καὶ
3052 4700 3225 4763 ἄλλως
3252 4700 3449 4763 κτίζει,
3494 4702 3530 4755 ἃ
3569 4704 3763 4766 κτίζει.

2216 4792 2411 4859 Ἀνόμ.
2437 4792 2563 4855 Πῶς
2584 4791 2757 4856 ἄλλως
2782 4796 2946 4864 γεννᾷ
2976 4794 3068 4846 ica't
3089 4792 3261 4856 ἄλλως
3287 4793 3489 4858 κτίζεις
3522 4794 3767 4864 καίτοιγε

2203 4883 2233 4935 ὁ
2255 4881 2380 4945 νοῦς
2410 4878 2491 4945 οἷς
2538 4884 2732 4947 κτίζει.
2777 4885 2871 4938 καὶ
2903 4869 3085 4955 γεννᾷ.
3126 4885 3278 4951 Ὀρθ.
3327 4884 3567 4950 Ψεῦδοςσ
3603 4890 3771 4958 γεννᾷ

2206 4971 2314 5041 γὰρ
2345 4971 2402 5037 ἐξ
2430 4972 2595 5025 αὑτοῦ
2623 4972 2798 5042 λόγον,
2821 4974 2990 5039 κτίζει
3015 4973 3072 5025 δὲ
3104 4973 3163 5039 ἐξ
3182 4973 3313 5043 ῦλης
3336 4976 3534 5038 οἰκίαν,
3560 4976 3765 5040 πλοῖον,

2206 5061 2300 5115 ttat
2331 5064 2429 5116 ὃσα
2462 5063 2701 5118 τοιαῦτα.
2749 5066 2943 5133 Ἀνόμ.
2982 5063 3189 5117 Οὐκοῦν
3232 5066 3327 5118 καὶ
3367 5066 3501 5128 Θεὸς
3533 5066 3592 5131 ἐξ
3636 5067 3769 5138 ὕλης

2206 5152 2410 5216 irriget;
2454 5154 2607 5221 Ὀρθ.
2658 5154 2739 5207 Τὰ
2793 5154 2889 5224 μὲν
2939 5152 2998 5218 ἐξ
3047 5154 3199 5224 ῦλης,
3252 5155 3321 5207 τὰ
3366 5154 3443 5216 δὲ,
3491 5156 3566 5227 μὴ
3613 5156 3765 5221 ὄντα,

2202 5241 2568 5313 ὑπεστήσατο.
2600 5244 2797 5311 Ἀνόμ.
2828 5242 2984 5309 Πῶς;
3023 5244 3173 5311 Ὀρθ.
3208 5244 3319 5314 Τὴν
3343 5242 3476 5315 ὓλην
3517 5244 3613 5297 καὶ
3641 5246 3769 5309 τοὺς

600 5385 648 5418 ⁸⁸
678 5383 813 5440 Joel.
850 5400 920 5451 tl,
952 5385 1042 5441 28.
1114 5385 1159 5417 ⁸⁷
1198 5383 1386 5442 Matth.
1421 5402 1545 5452 va,
1577 5387 1666 5443 20.
1743 5389 1789 5422 ⁸⁸
1819 5387 1923 5445 Job
1957 5407 2094 5447 xxvn

2196 5391 2294 5450 ιι.
2369 5394 2415 5428 ⁸⁸
2452 5393 2473 5447 l
2505 5396 2631 5451 Cor.
2663 5412 2741 5451 xu
2764 5439 2778 5465 ,
2813 5398 2867 5455 5.
2938 5397 2986 5430 ⁹⁰
3024 5397 3045 5451 ι
3077 5396 3202 5454 Cor.
3237 5415 3326 5466 vt,
3365 5398 3548 5456 19-20.

564 5539 730 5623 15‘s).
751 5540 951 5612 Regius
982 5551 1037 5597 et
1076 5540 1249 5596 Palat.
1282 5541 1415 5597 ἀλλὰ
1460 5544 1559 5614 τῆς
1581 5542 1720 5607 οἵας.
1764 5541 1907 5599 Felc.
1951 5544 2084 5599 ἀλλὰ

2196 5547 2315 5623 Mos
2327 5549 2509 5623 girdem‘,
2543 5552 2616 5622 μὴ
2650 5552 2898 5623 λαλῆσαι.

527 5610 864 5751 τηῖὃεέῖίῗῖςέε.
897 5689 951 5738 et
991 5681 1167 5744 Palat,
1196 5683 1296 5753 τῆς
1330 5684 1494 5753 πνοῆς
1528 5700 1629 5754 μου
1660 5685 1718 5739 ἐν
1764 5685 1871 5754 ῥινὶ
1900 5683 2078 5754 οὗσης,

2266 5620 2372 5677 157)
2406 5620 2572 5676 Palat.
2607 5620 2709 5675 οὐκ
2738 5620 2909 5686 εἶπον,
2932 5624 3014 5677 ὃτι
3043 5624 3140 5676 οὐκ
3164 5622 3309 5676 ἔστιν
3335 5623 3420 5676 ἁσ.
