3870 6208
159 266 301 322 1129

1141 258 1229 312 ΒΕ
1268 252 1538 313 SANCTA
1577 244 1949 310 TRINITA'TE
1984 244 2329 343 DIALOG.US
2365 249 2407 305 I.

3251 243 3387 298 H30

156 383 423 457 οὐρανοὺς
437 384 541 439 ’καὶ
570 383 696 449 τοὺς
716 381 981 453 ἀγγέλους
1012 378 1074 444 ἐξ
1114 378 1326 441 οὐδενὸς
1364 375 1727 446 ὑπεστήσατο.

1847 375 1960 425 sunt
1987 365 2278 437 ejusmodi.
2318 362 2508 417 Anam.
2539 359 2676 415 Num
2702 360 2866 432 igitur
2894 360 3058 415 etiam
3089 358 3232 415 Deus
3258 373 3391 414 con-

130 475 302 539 ηἈλὶέ
350 478 385 546 ἡ
433 473 705 546 βούλησις,
757 472 1053 545 σύνδρομον
1092 469 1289 541 ἔχουσα
1335 467 1435 538 τὴν
1481 465 1730 535 δύναμιν,

119 550 508 635 ξῦπεστήσατο
543 564 643 616 ὅσα
674 561 937 634 ἠθέλησε·
971 560 1041 613 τὰ
1070 559 1129 614 δὲ
1171 555 1341 631 θνητὰ
1378 554 1492 621 ζῶα
1535 556 1599 608 ὲκ
1633 553 1733 624 τῆς

116 616 135 656 Ι
159 653 302 727 ὕλης
328 616 605 727 ἐποίησεν.
648 616 844 724 ’Ᾰνόμῖ
874 652 1043 707 Τοῦτο
1065 616 1308 723 δέχομαι.
1347 616 1497 717 'th).
1527 646 1629 701 Τὸν

158 744 297 799 Υίδν
321 747 419 817 οὐχ
444 745 648 800 ἁπλοῦν
681 746 775 799 καὶ
800 743 1089 799 ἀσύνθετον
1118 742 1328 811 λέγεις;
1362 739 1561 810 Ἀνόμ.
1603 738 1730 791 Ναί.

173 836 336 903 Ὀρθ.
372 835 581 889 Οὐκοῦν
623 837 716 889 καὶ
753 835 846 890 τοῦ
876 834 1007 888 Υίοῦ
1052 835 1113 888 τὸ
1145 833 1350 904 κτίσμα
1376 832 1622 902 γέννημα
1648 828 1736 883 λέ-

158 941 324 996 γεις;
367 928 564 997 Ἀνόμ.
597 925 692 981 Οὔ.
730 928 877 996 Ὀρθ.
899 927 963 980 Et
989 925 1076 980 διὰ
1098 924 1256 979 τοῦτο
1295 924 1358 977 τὺ
1396 922 1601 993 κτίσμα
1637 919 1733 974 τοῦ

159 1018 401 1091 Πατρδς,
432 1019 677 1090 γέννημα
706 1018 904 1088 λέγεις,
930 1017 1114 1089 ἐπειδὴ
1150 1015 1353 1082 ἁπλοῦς
1386 1017 1523 1089 ἐστι,
1555 1014 1651 1068 καὶ
1676 1010 1738 1066 τὺ

161 1110 415 1182 γέννημα
445 1110 684 1181 κτίσμα*
734 1109 848 1163 ἔστι
893 1109 951 1163 δὲ
996 1108 1089 1163 καὶ
1132 1111 1160 1162 6
1201 1109 1329 1173 Υίὸς
1373 1106 1596 1171 ἁπλοῦς,
1642 1105 1737 1159 καὶ

161 1201 335 1256 αὐτοῦ
368 1202 428 1255 τδ
457 1202 662 1272 κτίσμα
683 1202 800 1255 ἐστὶ
819 1200 1063 1272 γέννημα
1081 1219 1094 1233 ’
1132 1201 1227 1254 καὶ
1258 1199 1609 1272 εὑρεθήσεται
1640 1196 1734 1251 τοῦ

162 1292 274 1362 τμὲν
306 1291 436 1345 Υίοῢ
482 1292 664 1365 πατὴρ
690 1293 720 1346 6
761 1292 970 1364 Πατὴρ,
998 1292 1098 1363 τῆς
1122 1291 1180 1345 δὲ
1226 1290 1455 1354 κτίσεως
1491 1289 1732 1352 πάππος.

181 1379 382 1449 Ἀνόμ.
440 1379 600 1434 ’Δλλά
648 1379 742 1434 τοῦ
794 1381 904 1451 ςμὲν
956 1378 1169 1450 Πατρὸς
1216 1378 1279 1432 τὸ
1328 1377 1577 1450 γέννημά
1621 1378 1737 1431 ἐστι

163 1471 396 1542 κτίσμα,
430 1472 524 1527 τοῦ
554 1472 614 1526 δὲ
646 1471 778 1526 Υίοῦ
816 1471 878 1525 τὸ
918 1471 1122 1542 κτίσμα
1153 1470 1270 1523 ἐστὶ
1311 1469 1536 1542 κτίσμα.
1581 1469 1734 1539 Ὄρθ.

179 1558 401 1630 Ἐπειδὴ
441 1558 649 1622 ἁπλοῦς
676 1559 822 1613 ἐστιν
849 1560 878 1612 6
903 1558 1055 1624 Θεὸς,
1087 1557 1149 1611 τὺ
1173 1557 1376 1629 κτίσμα
1407 1556 1572 1611 αὐτοῦ
1613 1557 1738 1626 γέν-

160 1663 321 1719 νημα
349 1649 514 1702 αὑτοῦ
555 1650 691 1706 ἐστι,
722 1648 904 1703 καὶτὸ
948 1649 1194 1719 γέννημα
1232 1646 1472 1719 κτίσμα’
1518 1647 1552 1718 ἢ
1583 1648 1736 1711 πῶς;

1832 457 1912 510 dit
1940 472 2007 511 ex
2036 454 2305 509 materia?
2335 451 2484 507 Orth.
2519 448 2777 517 Quaedam
2826 464 2895 503 ex
2937 449 3200 509 materia,
3242 462 3392 518 qua!-

1830 546 1956 601 dam
1986 558 2184 599 rursus
2203 583 2219 609 ,
2249 557 2375 597 cum
2405 557 2514 597 non
2540 549 2727 596 essent
2746 580 2762 605 ,
2792 538 2918 594 fecit
2942 546 3003 593 ut
3042 540 3391 595 exsisterent.

1830 638 2021 693 Anam.
2052 634 2375 703 Quomodo?
2404 632 2559 689 Orth.
2612 631 2891 686 Materiem
2924 638 2978 684 et
3012 630 3183 685 caelos
3212 638 3266 685 et
3297 644 3397 684 an-

1830 729 1983 800 gelos
2011 727 2138 783 fecit
2165 734 2226 781 ut
2251 741 2320 780 ex
2346 724 2517 780 nihilo
2545 725 2896 779 exsisterent.
2922 720 3188 800 Voluntas
3211 730 3394 777 autem

1830 798 2247 873 concurrentem
2287 822 2612 887 potestatem
2655 815 2815 868 nacta
2838 852 2853 876 ,
2884 798 3012 868 fecit
3057 821 3117 868 ut
3159 813 3396 870 exsiste-

1831 917 1918 965 ret
1952 908 2218 980 quidquid
2261 907 2424 963 libuit
2473 925 2489 962 :
2533 907 2784 961 mortalia
2818 921 2945 962 vero
2979 904 3277 960 animantia
3326 919 3397 958 ex

1834 1000 2063 1055 materia
2094 997 2356 1054 condidit.
2382 996 2574 1053 Anam.
2603 995 2718 1051 Hoc
2737 996 2985 1050 admitto.
3015 995 3168 1051 Orth.
3198 993 3395 1049 Filium

1833 1105 1965 1144 vero
2009 1104 2191 1144 nonne
2232 1089 2317 1145 ais
2363 1088 2665 1158 simplicem
2715 1102 2838 1143 esse
2881 1094 2937 1142 et
2981 1085 3399 1157 compositionis

1834 1181 2151 1252 expertem?
2177 1181 2366 1235 Anam.
2398 1178 2596 1234 Etiam.
2627 1176 2781 1233 Orth.
2833 1178 2918 1232 An
2962 1177 3129 1248 igitur
3172 1176 3319 1248 quod
3366 1191 3399 1231 a

1835 1271 1976 1327 Filio
2021 1272 2304 1327 conditum
2355 1278 2473 1334 est,
2522 1284 2592 1325 ex
2639 1284 2707 1325 eo
2739 1284 2957 1340 quoque
2998 1268 3240 1339 genitum
3272 1267 3402 1323 ais?

1836 1362 2026 1416 Anam.
2057 1360 2296 1417 Minime.
2336 1360 2491 1417 Orth.
2523 1359 2603 1424 Si,
2626 1352 2885 1432 quoniam
2930 1359 3091 1415 Pater
3136 1367 3222 1415 est
3266 1360 3402 1416 sim-

1836 1456 1992 1526 plex,
2024 1455 2232 1510 idcirco
2257 1453 2403 1525 quod
2430 1469 2459 1508 a
2490 1451 2651 1508 Patre
2678 1451 2958 1507 conditum
2988 1457 3076 1507 est
3117 1451 3281 1506 etiam
3308 1465 3403 1521 ge.

1838 1547 2013 1601 nitum
2040 1546 2178 1602 dicis
2197 1586 2213 1610 ,
2242 1560 2435 1617 nempe
2465 1544 2612 1616 quod
2645 1542 2883 1614 genitum
2913 1549 3031 1606 est,
3058 1543 3221 1597 etiam
3248 1555 3405 1597 erea-

1840 1643 1954 1691 tum
1986 1644 2108 1693 est:
2144 1647 2199 1693 at
2228 1636 2403 1692 Filius
2430 1650 2649 1705 quoque
2679 1642 2765 1689 est
2793 1633 3022 1704 simplex
3054 1651 3069 1688 :
3101 1648 3231 1702 ergo
3257 1632 3403 1704 quod

162 1715 371 1811 ’Ᾰκόμ
416 1740 587 1794 Πάνυ.
627 1741 780 1808 Ὄρθ.
825 1741 936 1794 Καὶ
962 1715 1075 1793 ῄτοῦ
1101 1715 1238 1793 -Ῠίοῦ
1282 1715 1391 1813 ἄρα
1431 1738 1493 1792 τὸ
1536 1715 1741 1811 κτίσμα

1847 1728 2077 1792 creavit,
2120 1729 2283 1783 etiam
2325 1728 2554 1797 genuit:
2587 1736 2643 1781 et
2671 1725 2834 1781 Pater
2873 1726 3241 1796 comperietur
3282 1740 3404 1780 esse

160 1829 439 1903 γέννημα,
476 1830 769 1885 ἁσυνθέτου
812 1830 997 1894 ὄντοςο
1033 1830 1066 1901 ἢ
1116 1830 1227 1902 (58)
1257 1830 1357 1884 οὐκ
1397 1828 1507 1901 ἄρα
1550 1828 1636 1882 διὰ
1680 1829 1742 1883 τὸ

162 1920 465 1976 ἀσύνθετον
517 1920 611 1976 τοῦ
656 1920 868 1993 Πατρὺς
921 1921 981 1975 τὸ
1024 1920 1269 1993 γέννημα
1328 1921 1555 1991 κτίσμα,
1603 1918 1637 1991 ἢ
1682 1919 1741 1973 τὶ

155 2010 380 2081 κτίσμα
404 2010 670 2081 γέννημα,
714 2004 877 2083 κᾶνῇ
922 2008 1235 2072 ἀσύνθετος.
1274 2007 1522 2079 Γέννημα
1559 2007 1617 2062 δὲ
1646 2008 1740 2061 τοῦ

164 2102 384 2173 Πατρὸς
410 2101 441 2153 6
470 2100 596 2164 Υἱός
616 2114 631 2130 ⁸
661 2098 761 2152 οὐκ
799 2098 909 2171 ἄρα
940 2098 1164 2170 κτίσμα.
1207 2098 1406 2167 Ἀνόμ.
1464 2098 1522 2151 '0
1554 2097 1744 2169 Πατὴρ

161 2190 264 2244 τοῦ
309 2189 441 2243 Υἱοῦ
468 2187 637 2253 αἴτιός
681 2190 819 2253 ἐστι,
856 2187 955 2258 τῆς
990 2186 1047 2239 δὲ
1086 2184 1315 2248 κτίσεως
1354 2184 1384 2237 6
1410 2184 1555 2247 Υἱός.
1585 2183 1744 2252 Ὄρθ.

164 2281 286 2351 Τῆς
304 2280 363 2333 δὲ
386 2278 615 2341 κτίσεως
637 2278 736 2331 οὐκ
758 2277 904 2331 ἐστιν
924 2276 1097 2340 αἴτιος
1119 2275 1213 2330 καὶ
1236 2277 1265 2328 6
1288 2274 1509 2346 Πατήρ;
1547 2274 1742 2345 Ἀνόμ.

161 2369 337 2422 Ἀλλά
374 2370 463 2423 διὰ
492 2367 587 2421 τοῦ
620 2367 773 2424 Υἱοῦ.
814 2368 970 2435 Ὀρθ.
1006 2367 1050 2419 Τ
1055 2366 1174 2439 ίθης
1218 2365 1328 2438 (59)
1373 2366 1429 2419 δὲ
1466 2366 1619 2433 ὅλως,
1666 2367 1746 2421 ὅτι

162 2459 339 2523 αῐτιός
357 2461 476 2512 ἐστι
507 2458 603 2512 καὶ
629 2458 729 2528 τῆς
749 2456 1007 2521 κτίσεως;
1041 2456 1238 2525 Ἀνόμ.
1271 2455 1398 2509 Ναί.
1432 2455 1616 2510 Πάντα
1638 2456 1748 2528 γὰρ

1838 1816 1964 1873 Filii
2008 1818 2231 1889 quidem
2278 1826 2454 1887 pater,
2499 1831 2684 1871 rerum
2724 1829 2857 1871 vero
2887 1824 3203 1870 creatarum
3245 1829 3403 1869 avus.

1839 1907 2026 1962 Anam.
2081 1907 2189 1964 Sed
2235 1909 2381 1979 quod
2428 1914 2518 1963 est
2558 1907 2803 1979 genitum
2835 1920 2866 1961 a
2906 1904 3094 1967 Patre,
3127 1906 3291 1961 etiam
3321 1913 3408 1963 est

1838 2012 2122 2058 creatum:
2175 2004 2321 2074 quod
2375 2013 2557 2058 autem
2607 2010 2853 2058 creatum
2905 2010 2990 2058 est
3029 2017 3062 2057 a
3101 2000 3275 2069 Filio,
3320 2013 3408 2059 est

1840 2104 2112 2152 creatura.
2150 2097 2302 2153 Orth.
2338 2097 2529 2154 Nonne
2556 2099 2817 2169 quoniam
2852 2099 3082 2170 simplex
3111 2106 3197 2154 est
3227 2098 3405 2165 Deus,

1846 2188 2053 2244 idcirco
2100 2188 2247 2259 quod
2295 2189 2367 2244 ab
2394 2204 2461 2246 eo
2502 2197 2750 2245 creatum
2789 2195 2912 2253 est,
2957 2189 3119 2245 etiam
3162 2191 3407 2261 genitum

1844 2296 2001 2337 esse:
2035 2288 2089 2337 et
2117 2280 2263 2350 quod
2296 2282 2365 2337 ab
2391 2297 2458 2338 eo
2485 2282 2732 2354 genitum
2775 2289 2896 2343 est,
2946 2282 3112 2335 etiam
3161 2292 3409 2339 creatum

1845 2387 1967 2430 esse
1987 2374 2111 2430 vis?
2133 2373 2230 2430 Sin
2251 2376 2430 2431 minus
2448 2415 2463 2438 ,
2496 2374 2772 2445 quomodo
2793 2373 3001 2430 sentis?
3023 2372 3212 2428 Anam.
3236 2375 3407 2430 Sane.

1844 2462 2000 2519 Orth.
2029 2462 2171 2536 Ergo
2213 2473 2267 2520 et
2307 2466 2451 2536 quod
2481 2474 2726 2521 creatum
2757 2472 2843 2521 est
2871 2480 2900 2518 a
2928 2464 3068 2521 Filio
3088 2507 3102 2531 ,
3133 2472 3218 2521 est
3243 2466 3410 2521 etiam

162 2552 235 2604 ὲκ
261 2550 357 2603 τοῦ
383 2549 537 2604 Θεοῦ.
584 2550 741 2616 Ὀρθ.
783 2548 936 2602 Εἰσὶν
978 2543 1070 2602 οὖν
1112 2545 1278 2602 αὑτοῦ
1317 2546 1412 2600 καὶ
1435 2545 1503 2600 τὰ
1542 2548 1738 2619 γεννή-

1844 2555 2086 2626 genitum
2105 2596 2120 2620 ,
2150 2563 2337 2626 utpote
2368 2556 2462 2627 qui
2505 2557 2579 2612 sit
2607 2556 3026 2622 compositionis
3055 2571 3293 2626 expers:
3324 2556 3412 2612 vel

169 2658 323 2714 ματα
372 2642 569 2705 πάντα,
618 2638 798 2702 κύνες,
843 2637 1107 2710 κόρακες,
1149 2636 1343 2706 γῦπες,
1399 2637 1491 2689 καὶ
1536 2638 1682 2689 πᾶσα
1708 2638 1741 2706 η

1845 2647 2010 2701 etiam
2040 2646 2089 2700 si
2133 2645 2296 2702 Pater
2324 2656 2409 2703 est
2434 2647 2853 2720 compositionis
2894 2662 3128 2717 expers,
3173 2662 3283 2702 non
3324 2647 3416 2702 id.

166 2734 350 2797 κτίσις
381 2733 572 2804 λογική
615 2748 678 2785 τε
706 2731 802 2786 καὶ
821 2731 1033 2799 ἄλογος.
1060 2729 1259 2798 Ἀνόμ.
1300 2724 1489 2792 Εἶπον,
1531 2730 1613 2783 ὅτι
1657 2730 1745 2783 διὰ

1849 2736 1999 2790 circo
2025 2745 2207 2792 tamen
2235 2738 2381 2807 quod
2409 2739 2479 2792 ab
2502 2753 2569 2793 eo
2599 2737 2842 2808 genitum
2868 2745 2954 2791 est
2971 2776 2986 2802 ,
3016 2744 3260 2792 creatum
3285 2743 3370 2793 est
3397 2757 3410 2793 :

164 2825 267 2879 τοῦ
292 2823 423 2879 Υἰοῦ
450 2823 806 2894 ἐκτίσθησαν
848 2822 1007 2894 μόνος
1042 2821 1101 2875 δὲ
1127 2822 1158 2874 6
1189 2820 1315 2884 Υἱὸς
1353 2820 1480 2874 ἄνευ
1528 2822 1744 2892 μεσίτου

1849 2841 1953 2882 nec
1980 2826 2128 2897 quod
2160 2828 2229 2882 ab
2258 2843 2323 2882 eo
2350 2835 2595 2883 creatum
2628 2835 2744 2892 est,
2776 2827 3018 2898 genitum
3047 2837 3166 2885 est.
3197 2827 3416 2883 etiamsi

163 2917 519 2988 γεγέννηται,
543 2915 823 2968 τουτέστιν
857 2914 1120 2967 ἔκτισται.
1396 2928 1399 2931 λ

1853 2918 1925 2973 sit
1957 2920 2075 2990 ipse
2099 2922 2512 3001 compositionis
2542 2935 2762 2992 expers.
2792 2920 2862 2975 At
2887 2919 3061 2975 Filius
3094 2921 3310 2991 genitus
3334 2928 3420 2975 est

164 3023 208 3065 θ
235 3008 439 3065 Patre:
472 3023 582 3064 non
613 3008 784 3079 igitur
847 3014 1088 3063 creatus.
1122 3005 1313 3061 Anam.
1361 3006 1523 3063 Pater
1563 3017 1646 3064 est
1692 3019 1885 3065 auctor
1949 3010 2111 3077 Filii,
2146 3013 2321 3069 Filius
2386 3023 2579 3069 auctor
2619 3028 2806 3068 rerum
2845 3013 3216 3067 conditarum.
3260 3010 3416 3067 Orth.

168 3101 377 3156 Annon
406 3098 568 3156 Pater
589 3114 808 3169 quoque
834 3105 917 3153 est
940 3112 1126 3153 rerum
1147 3099 1495 3154 conditarum
1520 3100 1752 3153 auctor?
1789 3100 1979 3157 Anam.
2005 3102 2102 3159 Est
2130 3119 2263 3159 sane
2284 3146 2298 3171 ,
2333 3105 2425 3159 sed
2456 3119 2552 3174 per
2577 3104 2797 3158 Filium.
2861 3102 3016 3159 Orlh.
3049 3101 3155 3158 Sed
3195 3103 3422 3157 omnino

169 3196 375 3269 ponis,
398 3209 526 3252 eum
555 3210 773 3265 quoque
803 3201 1084 3249 auctorem
1126 3208 1250 3249 esse
1287 3208 1471 3250 rerum
1517 3202 1827 3252 creatarum
1853 3198 1878 3251 ?
1907 3198 2100 3253 Ana‘m.
2134 3200 2312 3255 Certe.
2368 3198 2560 3254 Omnia
2602 3203 2745 3255 enim
2809 3208 2939 3254 sunt
2988 3213 3055 3253 ex
3092 3196 3223 3252 Deo.
3264 3195 3421 3252 Orth.

173 3288 323 3343 Sunt
351 3287 524 3358 igitur
556 3286 625 3341 ab
649 3301 715 3341 eo
743 3286 907 3340 etiam
939 3285 1123 3355 genita
1154 3285 1338 3339 omnia
1358 3324 1373 3349 ,
1404 3300 1603 3352 canes,
1639 3289 1827 3352 corvi,
1856 3292 2105 3347 vultures
2125 3332 2140 3356 ,
2170 3291 2437 3363 quidquid
2480 3292 2641 3363 413
2701 3291 2937 3362 denique
2993 3296 3236 3344 creatum
3303 3295 3422 3355 est,

172 3379 299 3436 sive
337 3378 571 3433 rationis
598 3376 872 3446 particeps
894 3415 910 3439 ,
939 3376 1055 3430 sive
1083 3374 1314 3431 rationis
1338 3391 1553 3446 expers.
1608 3377 1798 3433 Anam.
1839 3379 1961 3436 Dixi
1988 3383 2105 3439 haec
2130 3385 2350 3439 condita
2375 3399 2497 3439 esse
2543 3399 2640 3454 per
2663 3382 2861 3437 Filium
2891 3401 2904 3437 :
2939 3381 3090 3438 solus
3119 3387 3300 3435 autem
3326 3377 3424 3432 Fi-

169 3469 287 3523 lius
308 3506 324 3532 ,
355 3468 509 3521 nullo
534 3462 860 3522 in'termedto
887 3465 1104 3536 genitus
1130 3475 1246 3530 est,
1275 3465 1328 3521 id
1364 3474 1449 3522 est
1475 3477 1710 3523 creatus.

247 3563 301 3617 9.
338 3563 490 3630 Ὀρθ.
520 3561 746 3632 Ἐπειδὴ
794 3561 954 3632 μόνος
991 3561 1057 3613 ὲκ
1090 3561 1276 3630 μόνου,
1331 3560 1421 3615 διὰ
1467 3580 1625 3616 τουτο
1644 3565 1744 3616 ικαὶ

1918 3563 1971 3618 9.
2006 3563 2158 3620 Orth.
2196 3564 2475 3620 Idcircone
2517 3577 2643 3618 eum
2673 3575 2797 3617 esse
2840 3561 2979 3616 dicis
3014 3567 3068 3616 et
3101 3560 3340 3629 genitum
3371 3569 3427 3618 et

169 3652 424 3724 γέννημα
464 3651 642 3721 λέγεις
684 3651 844 3704 αὑτὸν
891 3651 986 3704 καὶ
1028 3651 1263 3722 κτίσμα;
1290 3652 1323 3723 ἢ
1351 3651 1507 3719 πῶς;
1549 3654 1745 3722 ’Λα-ὀμ.

170 3743 305 3797 Ναί.
350 3742 505 3811 Ὄρθ.
537 3742 618 3795 Τὰ
641 3741 697 3794 δὲ
724 3740 836 3813 (60)
873 3741 1008 3796 ἄλλα
1049 3741 1250 3807 πάντα,
1305 3742 1492 3814 ἐπειδὴ
1539 3743 1629 3797 διὰ
1658 3743 1750 3798 τοῦ

170 3832 312 3888 Tia?)
342 3833 608 3902 ἐγένοντο,
632 3833 904 3904 κτίσματά
934 3834 1093 3897 εἰσιν,
1123 3834 1222 3887 οὐκ
1249 3833 1327 3887 ἔτι
1363 3834 1420 3888 δὲ
1445 3836 1538 3888 καὶ
1559 3837 1752 3907 γεννή-

173 3941 358 3997 ματα;
406 3924 601 3993 Ἀνόμ.
632 3923 836 3987 Οὕτως.
878 3923 1031 3991 Ὀρθ.
1072 3923 1137 3976 Ἡ
1170 3924 1415 3995 μεσιτεία
1451 3925 1628 3979 τοίνυν
1660 3924 1752 3979 τοῦ

178 4016 320 4073 Υἱοῦ
374 4016 653 4087 ἠλάττωσε
686 4015 782 4086 τὴν
805 4013 900 4068 τοῦ
950 4015 1164 4087 Πατρὸς
1219 4017 1518 4087 ἐνέργειαν.
1557 4017 1753 4087 Ἀνόμ.

171 4109 277 4164 Διὰ
303 4108 395 4173 τίς
424 4108 579 4177 Ὀρθ.
621 4107 764 4171 Ὅτι,
797 4106 955 4178 μόνος
1000 4106 1161 4179 μόνον
1210 4108 1449 4174 γεννῶν,
1497 4108 1756 4169 ὡσαύτως

169 4203 274 4256 καὶ
302 4201 469 4270 γεννᾷ
489 4200 583 4253 καὶ
621 4198 814 4265 κτίζει.
842 4198 1230 4261 Μεσιτεύοντος
1259 4198 1316 4251 δὲ
1352 4197 1446 4253 τοῦ
1476 4198 1628 4263 Υίοῦ,
1657 4200 1754 4252 οὐκ

173 4295 258 4348 ἔτι
287 4294 349 4347 τὸ
378 4292 579 4363 κτίσμα
594 4291 759 4346 αὐτοῦ
778 4291 1022 4362 γέννημα
1052 4290 1213 4345 αὑτοῦ
1232 4292 1345 4342 ἐστι
1367 4307 1378 4317 ·
1405 4291 1515 4354 καὶ,
1540 4290 1614 4353 ὡς
1637 4290 1758 4360 φαί-

173 4402 353 4451 νεται,
384 4385 475 4437 ἐπὶ
509 4383 682 4454 βλάϐῃ
732 4381 839 4435 τῶν
864 4380 1048 4453 ἀρχῶν
1077 4382 1170 4434 καὶ
1217 4380 1325 4433 τῶν
1354 4380 1630 4448 ἐξουσιῶν,
1662 4382 1759 4434 καὶ

170 4477 365 4547 πάσης
392 4474 529 4546 ὁμοῦ
557 4475 654 4544 τῆς
709 4472 959 4534 κτίσεως,
1013 4471 1275 4542 ἐγεννήθη
1306 4472 1335 4523 6
1363 4471 1512 4535 Υἱός.
1559 4471 1756 4540 Ἀνόμ.

171 4563 280 4618 Διὰ
307 4562 396 4628 τί;
434 4563 587 4629 Ὀρθ.
624 4560 855 4631 Ἔμελλε
887 4559 996 4631 γάρ
1027 4559 1138 4631 (61)
1170 4561 1383 4614 ἅπαντα
1401 4560 1469 4614 τὰ
1486 4561 1760 4632 κτίσματα

173 4655 497 4726 γεννήματα
514 4653 677 4706 αὐτοῦ
704 4649 865 4715 εἶναι,
884 4654 932 4703 εί
959 4652 1031 4723 μὴ
1056 4651 1317 4724 ἐγεννήθη
1336 4655 1364 4706 6
1386 4652 1535 4717 Υἱός.
1555 4654 1756 4724 Ἀνόμ.

174 4745 256 4797 Οὐ
273 4743 364 4797 διὰ
382 4742 477 4795 τοῦ
496 4740 625 4796 Υἱοῦ
648 4738 740 4796 οὖν
754 4741 974 4813 ἐκτίσθη
983 4759 1079 4813 μεν
1097 4758 1112 4806 ;
1137 4742 1283 4810 Ὀρθ.
1307 4742 1416 4795 Καὶ
1443 4742 1605 4797 πάνυ.
1623 4743 1760 4797 Ἀλλ’

173 4840 345 4909 ἡμεῖς
372 4838 468 4908 μὲν
496 4837 583 4890 διὰ
603 4836 699 4890 τοῦ
731 4837 859 4890 Υἱοῧ
910 4837 1257 4908 ἑκτίσθημεν,
1292 4838 1320 4890 6
1343 4836 1399 4890 δὲ
1422 4837 1550 4901 Υἱὸς
1570 4839 1634 4892 ὲκ
1670 4837 1762 4891 τοῦ

1852 3659 2118 3715 creatum,
2147 3653 2273 3722 quia
2307 3653 2458 3708 solus
2481 3660 2565 3707 est
2591 3665 2622 3705 a
2649 3649 2811 3705 solo?
2832 3657 2926 3704 aut
2958 3651 3232 3720 quomodo
3260 3652 3312 3705 id
3342 3666 3430 3706 ac-

1853 3742 2026 3812 cipis?
2067 3744 2258 3797 Anam.
2301 3742 2499 3799 Etiam.
2541 3742 2693 3799 Orth.
2738 3742 2943 3797 Caetera
2984 3749 3163 3798 autem
3207 3746 3425 3812 omnia,

1855 3834 2112 3903 quoniam
2134 3849 2231 3904 per
2255 3833 2451 3889 Filium
2483 3832 2626 3887 facta
2650 3841 2799 3899 sunt,
2829 3843 3010 3889 creata
3039 3836 3254 3905 quidem
3278 3850 3426 3909 sunt,

1855 3927 2035 3996 genita
2067 3942 2198 3981 vero
2229 3941 2335 3980 non
2377 3926 2540 3979 item?
2570 3924 2762 3982 Anam.
2800 3927 2881 3981 lta
2926 3934 3030 3982 est.
3067 3926 3220 3983 Orth.
3257 3927 3431 3984 Inter-

1857 4016 2037 4071 ventio
2072 4016 2235 4086 igitur
2278 4014 2399 4069 Filii
2444 4014 2719 4069 imminuit
2750 4014 2928 4069 Patris
2989 4016 3044 4070 in
3085 4019 3293 4088 agendo
3321 4020 3432 4073 elli-

1858 4109 2164 4163 cacitatem.
2213 4108 2402 4161 Anam.
2444 4104 2844 4171 Quamobrem?
2899 4107 3051 4163 Orth.
3101 4108 3238 4174 Quia
3281 4110 3430 4173 solus

1859 4198 2034 4249 solum
2061 4193 2308 4264 gignens,
2345 4193 2530 4249 itidem
2562 4200 2615 4248 et
2637 4195 2809 4265 gignit
2845 4204 2899 4251 et
2929 4205 3100 4251 creat.
3134 4196 3271 4253 Filio
3302 4212 3433 4254 vero

1860 4287 2283 4353 interveniente,
2312 4286 2454 4357 quod
2502 4295 2673 4352 creat,
2722 4302 2832 4341 non
2880 4303 3009 4345 sane
3041 4289 3351 4360 gignit;et,
3376 4298 3435 4343 ut

1860 4380 2097 4444 videtur,
2130 4379 2529 4449 principatuum
2574 4388 2628 4435 et
2667 4388 2997 4451 potestatum
3019 4421 3033 4445 ,
3070 4369 3247 4436 rerum
3279 4382 3435 4436 deni-

1860 4486 1966 4541 que
2000 4471 2244 4525 omnium
2276 4477 2581 4525 creatarum
2613 4471 2814 4526 damno
2835 4512 2850 4537 ,
2878 4474 3094 4543 genitus
3140 4472 3305 4527 fuerit
3345 4472 3436 4527 Fi-

1862 4562 1983 4617 lius.
2009 4560 2198 4615 Anam.
2225 4560 2626 4627 Quamobrem?
2654 4561 2807 4618 Orth.
2852 4564 3121 4631 Quoniam
3168 4564 3273 4620 nisi
3293 4564 3436 4635 geni-

1863 4662 1953 4710 tus
1979 4653 2171 4710 fuisset
2202 4653 2405 4722 Filius,
2436 4670 2777 4728 quaecunque
2814 4657 2884 4712 ab
2911 4673 2977 4713 eo
3004 4665 3215 4721 creata,
3250 4665 3435 4713 essent

1863 4746 2026 4803 etiam
2057 4748 2259 4818 genita.
2288 4746 2480 4802 Anam.
2514 4747 2712 4805 Annon
2740 4748 2907 4820 igitur
2927 4764 3022 4820 per
3045 4748 3241 4804 Filium
3266 4749 3435 4803 creati

1867 4839 2099 4895 sumus?
2125 4837 2278 4894 0rtlz.
2308 4836 2449 4894 Sane
2476 4853 2624 4895 vero.
2675 4837 2781 4895 Sed
2824 4854 2926 4895 nos
2959 4839 3176 4911 quidem
3216 4854 3314 4909 per
3341 4836 3437 4892 Fi-

176 4929 320 4984 Θεοῦ
366 4929 723 4999 γεγέννηται,
755 4931 850 4983 καὶ
902 4929 1005 4984 οὐκ
1058 4929 1322 4985 ἔκτισται.
1365 4929 1561 5001 Ἀγόμ.
1592 4931 1745 4991 Αὐτὸς

1865 4930 1996 4986 lium
2020 4931 2190 4985 creati
2216 4945 2429 4995 sumus,
2452 4928 2628 4989 Filius
2667 4946 2797 4988 vero
2824 4947 2891 4987 ex
2941 4930 3048 4987 Deo
3070 4931 3284 5001 genitus
3328 4936 3432 4987 est.

176 5027 351 5093 λέγει·
388 5044 408 5075 ι
435 5024 638 5096 Κύριος
662 5023 842 5078 ἕκτισέ
873 5042 942 5095 με
975 5024 1147 5096 ἀρχὴν
1170 5023 1307 5079 ὁδῶν
1339 5022 1524 5081 αὐτοῦ.
1548 5044 1568 5076 ›
1605 5026 1758 5094 Ὀρθ.

178 5118 292 5171 Καὶ
328 5115 491 5179 αὐτὸς
513 5114 696 5184 λέγει’
735 5134 755 5167 ι
798 5116 1034 5188 Ὠρυξαν
1081 5116 1267 5188 χεῖράς
1319 5134 1420 5187 μου
1453 5117 1548 5179 καὶ
1594 5117 1761 5181 πόδας

179 5225 317 5279 μου,
373 5207 469 5260 καὶ
518 5206 894 5281 διεμερίσαντο
937 5208 1006 5261 τὰ
1058 5207 1249 5280 ἱμάτιά
1281 5224 1382 5278 μου
1408 5208 1638 5274 ἑαυτοῖς,
1669 5209 1763 5277 καὶ

177 5299 277 5355 ἐπὶ
308 5297 400 5352 τὸν
440 5299 730 5370 ἱματισμόν
766 5316 880 5372 μου,
906 5299 1094 5353 ἔϐαλον
1133 5299 1353 5372 κλῆρον.
1394 5318 1413 5351 ι
1465 5300 1659 5369 Ἀνόμ.
1697 5299 1761 5352 Τί

252 5455 305 5490 ’⁸
348 5454 511 5510 Prov.
546 5469 666 5522 vm,
700 5454 789 5508 22.

284 5610 378 5678 58)
418 5612 492 5665 Ἥ
512 5610 667 5681 deest
687 5611 740 5665 in
769 5609 1017 5681 Palatino
1047 5619 1101 5665 et
1128 5608 1320 5681 Regio.

284 5610 378 5678 58)
418 5612 492 5665 Ἥ
512 5610 666 5667 deest
687 5611 740 5665 in
769 5609 1017 5667 Palatino
1047 5619 1101 5665 et
1128 5609 1320 5681 Regio.

256 5609 379 5757 ξω)
419 5681 573 5746 Mss"
594 5676 741 5754 τίθῃ.
768 5679 935 5747 Infra,
963 5681 1120 5744 κύνες
1148 5682 1302 5735 deest
1332 5680 1387 5735 iu
1418 5678 1687 5736 Palatino.

560 5774 834 5838 Panos.
865 5774 983 5837 Gn.
1032 5772 1324 5836 XXVIII.

1867 5037 1976 5078 non
2021 5028 2200 5077 autem
2245 5030 2485 5077 creatus.
2511 5021 2703 5077 Anam.
2754 5021 2874 5093 Ipse
2915 5021 3086 5077 dicit:
3123 5041 3141 5072 ι
3171 5020 3436 5077 Dominus

1867 5113 2071 5169 creavit
2094 5127 2203 5174 me,
2237 5112 2452 5167 initium
2481 5113 2691 5168 viarum
2718 5128 2944 5171 suarum
2969 5115 3035 5165 θλ.
3077 5131 3096 5164 ι
3135 5112 3286 5169 Orth.
3318 5112 3436 5181 Ipse

1867 5222 2082 5278 quoque
2110 5206 2288 5261 dicit:
2338 5224 2357 5256 ι
2399 5205 2677 5262 Fuderunt
2717 5221 2911 5261 manus
2964 5220 3113 5261 meas
3173 5211 3228 5259 et
3267 5203 3434 5274 pedes

1869 5313 2043 5366 meos,
2078 5307 2132 5353 et
2158 5297 2344 5368 partiti
2368 5305 2496 5352 sunt
2514 5298 2835 5353 vestimenta
2870 5313 2989 5352 mea
3019 5297 3154 5361 sibi,
3178 5304 3233 5352 et
3267 5308 3434 5365 super

1946 5608 2056 5679 (60)
2092 5608 2162 5679 ᾼέ
2191 5609 2343 5664 deest
2372 5607 2431 5679 in
2455 5606 2723 5679 Palatino.

1882 5749 1893 5757 _
1939 5674 2052 5751 (6i)
2091 5674 2265 5733 Palat.
2299 5674 2531 5750 et'll'cg.,
2561 5677 2887 5748 Ἐμέλλομεν
2917 5676 3024 5751 γὰρ
3054 5681 3157 5739 ἆπ.

3007 5772 3086 5834 36
