3878 6208
443 183 574 238 1151

1573 181 1630 236 S.
1663 180 2126 239 ATHANASIUS.
2163 212 2232 222 —
2267 181 2540 238 SPUBIA.

3540 182 3692 237 HS!

437 302 648 352 vestem
686 309 862 350 meam
906 294 1170 350 miserunt
1208 300 1409 349 sortem
1446 296 1513 346 θ’.
1565 314 1584 346 ι
1635 297 1825 350 Anam.
1866 295 2000 362 Quid

2108 297 2312 368 ὅμοιον,
2343 317 2360 348 ι
2393 296 2570 350 ἔκτισέ
2639 312 2727 366 με,
2772 313 2790 346 ι
2829 295 2954 360 καὶ,
3007 313 3025 345 ι
3063 293 3280 364 ὤρυξαν
3329 294 3514 366 χεῖράς
3574 311 3705 366 μουξ

441 387 618 443 simile
646 387 787 442 inter
820 402 879 442 se
909 386 1128 452 habent,
1175 403 1194 436 ι
1227 386 1428 440 creavit
1456 401 1562 454 me,
1598 405 1616 439 ι
1638 394 1691 441 et
1711 406 1730 438 ι
1756 386 2007 442 foderunt

440 493 636 533 manus
664 493 814 532 meas
845 486 898 533 et
932 476 1134 548 pedes?
1170 495 1189 527 ›
1231 474 1384 530 Orth.
1418 474 1881 540 Quemadmodum
1930 478 2002 543 id,

441 569 588 640 quod
618 570 672 623 in
701 584 861 624 cruce
894 568 1137 623 futurum
1167 574 1316 632 erat,
1349 568 1680 634 enuntiavit,
1717 577 1776 622 ut
1811 569 1856 624 si
1892 569 2004 638 jam

436 659 642 715 factum
672 659 867 715 fuisset
895 678 910 715 τ
941 661 1016 714 ita
1060 659 1204 731 quod
1234 658 1484 712 futurum
1513 665 1630 712 erat
1671 660 1725 713 in
1761 661 2008 715 incarna-

439 753 605 818 tione,
634 751 792 816 dixit,
821 766 884 806 ac
915 735 964 806 si
1001 751 1114 822 jam
1165 753 1359 808 fuisset
1393 751 1618 807 factum.
1663 751 1851 821 Itaque
1895 767 2004 805 non

437 844 596 910 dixit,
627 843 887 898 Dominus
935 843 1140 898 creavit
1190 859 1276 899 me
1328 852 1452 899 ante
1490 844 1706 898 initium
1735 845 1856 910 vim,
1909 842 2003 898 sed

437 932 693 1002 quoniam
722 931 950 985 aliorum
990 931 1075 984 via
1112 932 1320 1002 perdita
1364 939 1513 1000 erat,
1562 931 1777 986 futurus
1824 940 2002 985 autem

436 1022 594 1076 nobis
623 1029 740 1076 erat
769 1022 862 1090 qui
896 1021 981 1074 via
1010 1035 1197 1076 recens
1227 1031 1280 1077 et
1301 1021 1490 1076 vivens
1519 1030 1684 1086 esset,
1717 1030 2002 1092 propterea

435 1115 568 1170 dicit
598 1133 612 1168 :
661 1131 680 1164 ι
721 1111 984 1167 Dominus
1021 1113 1222 1167 creavit
1254 1129 1340 1168 me
1375 1115 1589 1168 initium
1627 1115 1838 1167 viarum
1884 1129 2006 1169 sua-

435 1222 555 1261 rum
586 1207 653 1261 ad
673 1221 839 1276 opera
867 1220 987 1260 sua.
1026 1223 1044 1256 ›
1077 1205 1266 1258 Anam.
1304 1223 1323 1255 ι
1353 1205 1492 1260 Ante
1525 1206 1783 1260 saeculum
1809 1205 2004 1259 funda-

433 1299 512 1354 vit
538 1313 644 1360 me,
681 1316 701 1348 ›
759 1295 964 1366 inquit,
1001 1313 1019 1345 ι
1055 1303 1343 1365 antequam
1388 1305 1589 1350 terram
1632 1295 1839 1351 faceret
1868 1297 1933 1352 ⁸³.
1979 1317 1997 1348 ι

435 1388 588 1446 Orth.
638 1387 734 1444 Dic
769 1395 828 1441 tu
867 1401 1128 1457 quoque:
1179 1404 1196 1437 ι
1233 1386 1600 1457 Quadraginta
1642 1401 1816 1442 annos
1858 1402 2001 1441 non--

431 1480 561 1535 dum
585 1479 838 1543 habes“,
870 1497 888 1530 ι
938 1488 992 1533 et
1033 1486 1160 1534 ante
1204 1479 1460 1532 saeculum
1511 1477 1770 1532 fundatus
1812 1470 1910 1532 es?
1943 1485 2003 1531 ut

432 1572 648 1637 audias,
681 1589 700 1624 ι
736 1571 928 1635 Amen,
956 1586 1114 1626 amen
1171 1571 1294 1626 dico
1327 1571 1448 1632 tibi,
1472 1581 1762 1641 antequam
1806 1571 2002 1626 saecula

2106 389 2201 442 καὶ
2227 388 2426 453 πόδας;
2463 407 2482 440 ι
2529 389 2681 456 Ὀρθ.
2719 387 2931 457 Ὥσπερ
2977 386 3038 439 τὸ
3092 386 3282 456 μέλλον
3314 385 3559 454 γίνεσθαι
3586 377 3704 439 ἐπὸ

2105 479 2197 532 τοῦ
2217 479 2469 550 σταυροῦ,
2487 478 2560 542 ὡς
2581 478 2678 551 ἠδη
2703 477 2920 546 γεγονὸς
2947 477 3156 545 ἔλεγεν
3190 475 3360 539 οὓτως
3398 475 3459 528 τὸ
3485 476 3688 546 μέλλον

2104 572 2196 624 ἐπὶ
2217 571 2318 641 τῆς
2345 569 2690 642 σαρκώσεως,
2711 570 2786 632 ὡς
2813 569 2912 640 ἤδη
2945 569 3166 636 γεγονὸς
3209 568 3410 636 ἔλεγεν.
3457 568 3689 636 ’Δμέλει

2103 658 2236 728 γοῦν
2297 661 2398 712 οὐκ
2451 655 2571 711 εἶπε
2591 675 2605 689 ο
2639 657 2840 728 Κύριος
2874 656 3054 709 ἕκτισέ
3085 672 3151 726 με
3183 655 3288 726 πρὸ
3319 653 3492 725 ἀρχῆς
3522 653 3675 706 ὁδοῦ·

2102 749 2215 802 ἀλλ’
2237 749 2422 820 ἐπειδὴ
2455 748 2800 818 ἀπολλυμένη
2825 744 2891 818 ἦν
2919 749 2954 818 ἡ
2983 747 3100 809 ὁδὸς
3120 747 3226 799 τῶν
3256 746 3449 810 ἄλλων,
3479 745 3681 815 ἔμελλε

2102 842 2158 894 δὲ
2185 843 2313 911 ἡμῖν
2339 839 2583 910 γίνεσθαι
2610 840 2727 902 ὁδὸς
2757 839 3064 911 πρόσφατος
3092 839 3184 890 καὶ
3213 837 3382 901 ζῶσα,
3411 836 3500 889 διὰ
3521 836 3687 890 τοῦτο

2102 932 2245 1001 λέγει
2266 947 2278 960 ·
2316 951 2336 982 ι
2375 932 2576 1004 Κύριος
2607 931 2786 984 ἔκτισέ
2817 948 2882 1002 με
2912 930 3082 1001 ἀρχὴν
3103 930 3236 982 ὁδῶν
3265 930 3426 984 αὑτοῦ
3445 932 3524 993 είς
3540 931 3691 1000 ἔργα

2102 1019 2286 1072 αὐτοῦ.
2332 1039 2350 1072 t
2393 1021 2590 1089 Ἀνόμ.
2629 1038 2648 1072 ι
2683 1019 2796 1090 Πρὸ
2821 1018 2914 1072 τοῦ
2940 1018 3130 1081 αἰῶνος
3163 1019 3487 1088 έθεμελίωσέ
3521 1037 3613 1089 με,
3656 1037 3681 1072 ι

2101 1113 2268 1181 λέγει,
2303 1131 2322 1164 ι
2365 1113 2470 1182 πρὸ
2492 1111 2585 1165 τοῦ
2611 1113 2710 1182 τὴν
2737 1112 2841 1182 γῆν
2866 1113 3106 1183 ποιῆσαι.
3149 1130 3168 1162 ›
3211 1112 3364 1178 Ὀρθ,
3388 1110 3525 1162 Εἰπὲ
3583 1113 3684 1164 καὶ

2104 1204 2190 1257 σύο
2225 1222 2243 1256 ι
2276 1205 2690 1275 Τεσσαράκοντα
2716 1203 2810 1273 ἔτη
2859 1201 3010 1256 οὔπω
3038 1202 3255 1274 έχειςνι
3292 1203 3385 1255 καὶ
3435 1201 3541 1270 πρὸ
3580 1200 3682 1255 τοῦ

2103 1291 2294 1355 αἰῶνος
2339 1290 2735 1362 ὲθεμελιώθης;
2789 1291 2854 1344 ἵν’
2899 1290 3172 1363 ἀκούσῃς’
3226 1308 3244 1342 ι
3297 1290 3484 1362 Ἀμὴν,
3529 1291 3683 1361 ἀμὴν

2101 1383 2244 1450 λέγω
2265 1400 2367 1447 σοι,
2402 1382 2506 1454 πρὸ
2536 1382 2627 1434 τοῦ
2661 1382 2788 1446 τοὺς
2825 1382 3025 1446 αἰῶνας
3049 1381 3318 1450 γενέσθαι,
3349 1381 3458 1450 ἐγώ
3486 1384 3624 1453 εἰμι.
3655 1401 3678 1434 ι

2115 1472 2308 1542 Ἀνόμ.
2345 1474 2454 1525 Καὶ
2477 1468 2544 1543 ἦν
2583 1472 2750 1526 αὐτοῦ
2777 1475 2810 1544 ή
2851 1473 3123 1544 σάρκωσις
3141 1472 3247 1542 πρὸ
3271 1472 3364 1525 τοῦ
3389 1473 3513 1536 τοὺς
3547 1473 3683 1526 αίῶ-

2104 1582 2200 1627 νας
2231 1563 2511 1632 γενέσθαι;
2553 1565 2704 1632 Ὀρθ.
2733 1564 2810 1634 Τῇ
2843 1562 3146 1635 προγνώσει
3174 1564 3268 1617 καὶ
3291 1563 3424 1616 αὐτὸ
3464 1554 3526 1615 τὸ
3570 1564 3681 1616 πά-

431 1663 792 1726 exsisterent,
835 1677 935 1732 ego
979 1677 1101 1718 sum
1143 1663 1210 1717 ⁸⁸.
1241 1680 1261 1714 ι
1309 1663 1499 1718 Anam.
1528 1661 1611 1716 An
1659 1669 1780 1716 erat
1828 1663 2000 1731 ipsius

2101 1653 2224 1717 θος·
2259 1652 2400 1707 ὥστε
2452 1654 2629 1722 λέγειν
2665 1655 2856 1707 αὐτόν·
2883 1672 2901 1704 ι
2942 1653 3174 1723 Ὠρυξαν
3222 1653 3411 1724 χεῖράς
3446 1670 3548 1724 μου
3580 1655 3682 1706 καὶ

437 1753 760 1818 incarnatio,
817 1760 1108 1823 antequam
1168 1753 1492 1809 exsisterent
1552 1754 1790 1808 saecula?
1843 1737 1996 1807 Ονιῗι.

435 1845 568 1911 lmo,
595 1846 739 1917 quod
761 1845 831 1900 ad
852 1844 945 1899 Dei
974 1845 1367 1916 praescientiam
1397 1847 1608 1912 attinet,
1635 1846 1818 1916 passio
1838 1845 1954 1914 ipsa
1981 1864 1993 1898 :

433 1939 570 1995 adeo
601 1947 661 1994 ut
697 1939 898 1994 dixerit
927 1957 940 1992 :
972 1955 991 1988 ‹
1033 1935 1306 1991 Foderunt
1342 1953 1532 1993 manus
1565 1952 1714 1993 meas
1749 1925 1804 1992 et
1833 1937 1998 2008 pedes

431 2045 606 2097 meos,
639 2035 693 2084 et
736 2028 1001 2086 dederunt
1029 2028 1087 2084 in
1130 2043 1311 2084 escam
1361 2043 1536 2085 meam
1584 2027 1673 2096 fel,
1718 2036 1772 2088 et
1814 2030 1870 2084 in
1907 2029 1997 2084 siti

431 2135 554 2176 mea
581 2128 906 2191 potaverunt
937 2135 1024 2175 me
1041 2128 1204 2184 aceto
1234 2120 1298 2177 ’⁸.
1333 2139 1352 2172 ›
1389 2121 1578 2175 Anam.
1611 2122 1682 2174 At
1711 2121 1858 2176 istud
1889 2137 1996 2175 non

431 2217 517 2268 est
542 2211 747 2266 dictum
779 2221 905 2265 ante
944 2211 1224 2275 saeculum,
1251 2226 1441 2266 verum
1481 2210 1701 2266 Davidis
1737 2212 1997 2281 tempori-

429 2301 556 2357 bus.
604 2301 758 2358 Orth.
813 2301 1030 2356 Dictum
1064 2317 1280 2372 quoque
1329 2311 1411 2357 est
1457 2316 1488 2356 a
1517 2303 1856 2372 temporibus
1901 2302 1994 2355 filii

426 2390 684 2460 Davidis,
732 2409 926 2464 nempe
961 2392 1326 2449 Salomonis:
1388 2411 1408 2445 ι
1470 2393 1734 2448 Dominus
1794 2395 1998 2449 creavit

428 2495 536 2538 me.
575 2501 594 2534 ι
644 2481 838 2537 Anam.
894 2483 1003 2563 Sed
1055 2485 1260 2539 dictum
1313 2491 1443 2540 est:
1492 2501 1512 2534 ι
1553 2483 1694 2538 Ante
1739 2484 1997 2539 saeculum

428 2572 677 2628 fundavit
701 2588 808 2630 me.
839 2592 858 2626 ι
895 2573 1046 2630 Orth.
1077 2573 1280 2646 Nempe
1299 2575 1578 2646 quoniam,
1620 2595 1640 2628 ι
1678 2584 1802 2631 ante
1827 2591 1999 2631 saecu-

427 2663 544 2718 lum
583 2674 700 2719 erat
741 2665 1119 2720 absconditum
1165 2667 1270 2721 hoc
1312 2666 1650 2737 mysterium,
1685 2686 1703 2718 ›
1735 2675 1793 2720 ut
1821 2667 1998 2736 inquit

428 2751 652 2822 Paulus,
687 2772 706 2806 ι
743 2754 887 2824 quod
915 2771 1063 2811 nunc
1102 2755 1508 2810 manifestatum
1548 2764 1634 2811 est
1667 2755 1792 2811 [iliis
1825 2757 1999 2810 homi-

427 2859 582 2898 num.
620 2862 642 2896 ι
666 2842 823 2908 Quod
851 2851 1032 2898 autem
1061 2844 1154 2899 ille
1180 2844 1252 2899 sit
1278 2843 1412 2898 illud
1445 2845 1624 2914 ipsum
1649 2884 1664 2908 ,
1699 2844 1846 2914 quod
1873 2853 1999 2900 ante

427 2935 630 2992 saecula
674 2934 960 2990 fundatum
989 2943 1095 3000 est,
1127 2934 1256 2990 audi
1301 2951 1367 2991 ex
1397 2936 1588 2991 eodem
1625 2933 1818 3003 Paulo,
1869 2934 1998 2988 alibi

2100 1745 2286 1808 πόδας,
2333 1743 2424 1796 καὶ
2457 1743 2662 1796 ἔδωκαν
2698 1745 2778 1805 εἰς
2807 1743 2868 1795 τὸ
2903 1742 3097 1813 βρῶμά
3133 1760 3233 1812 μου
3263 1742 3446 1813 χολὴν,
3476 1743 3569 1795 καὶ
3592 1746 3682 1805 είς

2097 1837 2193 1908 τὴν
2227 1835 2381 1904 δίψαν
2413 1853 2513 1906 μου
2569 1835 2823 1888 ὲπότισάν
2857 1852 2924 1904 με
2957 1833 3097 1898 ὅξος.
3129 1854 3146 1886 ι
3180 1836 3376 1904 Ἀνόμ.
3426 1834 3562 1888 Ἀλλ’
3614 1837 3684 1887 οὐ

2099 1926 2204 1996 πρὸ
2233 1924 2324 1978 τοεό
2383 1925 2574 1988 αἰῶνος
2623 1924 2778 1976 τοῦτο
2809 1923 3021 1995 ἐλέχθη,
3069 1923 3183 1976 ἀλλ’
3203 1923 3312 1976 ἀπὸ
3340 1921 3448 1975 τῶν
3471 1923 3684 1994 χρόνων

2098 2017 2276 2076 Δαϐίδ,
2315 2017 2466 2087 Ὡρθ.
2521 2017 2630 2068 Καὶ
2658 2016 2765 2068 ἀπὸ
2791 2015 2897 2068 τῶν
2956 2015 3161 2088 χρόνων
3207 2014 3300 2067 τοῦ
3335 2014 3448 2066 υἱοῦ
3483 2013 3681 2078 Δαόὶδ,

2095 2111 2336 2163 τουτέστι
2369 2109 2708 2180 Σολομῶνος,
2737 2108 2816 2172 τὸ,
2856 2126 2875 2159 ι
2906 2106 3105 2180 Κύριος
3127 2105 3306 2159 ἔκτισέ
3343 2122 3430 2176 με,
3465 2123 3483 2156 ι
3521 2105 3687 2176 εἰρηα

2096 2218 2204 2254 ται.
2256 2201 2452 2268 Ἀνόμ.
2527 2200 2708 2264 Ἀλλὰ,
2763 2218 2781 2250 ι
2820 2199 2932 2270 Πρὸ
2980 2199 3072 2252 τοῦ
3130 2197 3688 2268 αἱῶνος-ὲθεμελίωσέ

2101 2309 2190 2364 με,
2222 2311 2240 2344 ι
2274 2293 2507 2362 είρηται.
2550 2293 2703 2360 Ὀρθ.
2744 2309 2762 2340 ι
2798 2291 2910 2362 Πρὸ
2939 2309 2958 2342 ι
2999 2290 3106 2361 γὰρ
3165 2309 3184 2341 ι
3248 2289 3342 2343 τοῦ
3392 2290 3587 2352 αἰῶνος
3621 2290 3689 2342 τὸ

2101 2385 2396 2456 μυστήριον
2421 2382 2574 2437 τοῦτο
2589 2382 3081 2455 ἀποκεκρυμμένον
3121 2378 3211 2453 ἦν,
3248 2402 3267 2434 ι
3304 2382 3378 2444 ὡς
3401 2385 3430 2435 ὁ
3459 2381 3682 2446 Παῦλος

2097 2477 2242 2546 λέγει
2267 2516 2281 2540 ,
2316 2495 2334 2526 ι
2369 2476 2397 2528 ὃ
2422 2474 2516 2529 νῦν
2543 2473 2862 2547 ἐφανερώθη
2890 2476 3001 2537 τοῖς
3016 2475 3149 2538 υἱοῖς
3179 2475 3286 2528 τῶν
3317 2473 3682 2544 ἀνθρώπων.)

2098 2569 2206 2622 Καὶ
2242 2569 2322 2620 ὅτι
2345 2568 2507 2630 αὐτός
2536 2569 2652 2620 ἐστι
2687 2567 2747 2620 τὸ
2773 2567 2878 2638 πρὸ
2929 2566 3038 2620 τῶν
3067 2566 3275 2620 αίώνων
3325 2565 3684 2636 θεμελιωθὲν,

2098 2660 2262 2714 ἄκουε
2293 2658 2458 2712 αὑτοῦ
2481 2659 2574 2712 καὶ
2603 2659 2662 2711 ὲν
2684 2658 2862 2722 ἄλλοις
2890 2658 3174 2727 λέγοντος·
3207 2676 3226 2708 ι
3272 2657 3531 2727 Θεμέλιον
3567 2657 3686 2730 γὰρ

2099 2753 2256 2807 ἄλλον
2307 2752 2481 2814 οὐδεὶς
2523 2751 2746 2805 δύναται
2801 2751 2973 2805 θεῖναι
3002 2749 3153 2822 παρὰ
3181 2749 3272 2802 τὸν
3304 2749 3577 2818 κείμενον,
3623 2750 3685 2814 ὃς

2099 2847 2215 2898 ἐστι
2272 2843 2503 2915 Χριστὸς
2551 2842 2809 2912 Ἰησοῦς,’
2840 2861 2858 2895 ι
2919 2843 3010 2895 τὸν
3070 2841 3313 2910 λέγοντα⁶
3367 2859 3386 2892 ι
3431 2842 3546 2913 Πρὸ
3583 2843 3687 2896 τοῦ

2101 2934 2292 2998 αἰῶνος
2347 2933 2669 3004 ὲθεμελίωσέ
2727 2949 2814 3004 με.
2846 2952 2864 2985 ι
2900 2932 3132 3004 Χριστὸς
3164 2932 3220 2984 δὲ
3254 2931 3462 3002 Ἰησοῦς
3491 2932 3688 2986 ἔκτοτε

428 3027 679 3083 dicente:
716 3044 735 3077 ι
773 2997 1213 3082 Fundamentum
1252 3027 1397 3082 enim
1436 3027 1583 3082 aliud
1623 3042 1784 3082 nemo
1802 2997 1999 3096 ipotest

2102 3026 2234 3090 Θεὸς
2279 2997 2454 3096 Λόγος
2493 2997 2770 3098 κέκληται,
2823 3025 2880 3092 ἐξ
2910 2997 2970 3080 οξ
2996 3028 3024 3080 ὁ
3053 3027 3224 3095 Λόγος
3264 2997 3400 3097 σάρξ
3428 3026 3684 3093 ἐγένετο·

426 3133 664 3189 ponere,
726 3125 923 3187 praeter
977 3116 1033 3171 id
1081 3117 1225 3187 quod
1282 3119 1520 3188 positum
1565 3127 1680 3185 est,
1734 3117 1878 3187 quod
1918 3127 2000 3173 est

2104 3120 2198 3173 καὶ
2221 3119 2413 3190 ἐλέχθη
2449 3119 2597 3191 παρὰ
2642 3118 2735 3172 τοῦ
2789 3119 3042 3187 ἀγγέλου·
3079 3137 3098 3169 ι
3133 3118 3398 3180 Καλέσεις
3419 3119 3480 3170 τὸ
3509 3119 3684 3188 ὄνομα

428 3211 684 3267 Christus
712 3209 872 3266 Iesus
900 3211 944 3242 "
976 3225 988 3260 :
1034 3229 1052 3262 ι
1089 3218 1284 3280 praeter
1320 3225 1444 3265 eum
1478 3210 1759 3274 videlicet,
1785 3209 1878 3280 qui
1913 3209 1999 3263 di-

2106 3212 2271 3266 αὐτοῦ
2313 3212 2538 3282 Ἰησοῦν.
2573 3230 2591 3263 ι
2627 3212 2698 3265 Τὸ
2728 3211 2854 3282 ἄρα,
2878 3230 2897 3262 ι
2929 3210 3132 3282 Κύριος
3159 3210 3341 3262 ἕκτισέ
3386 3227 3475 3280 με,
3507 3229 3526 3260 ι
3559 3214 3684 3273 καὶ,

430 3303 543 3357 cit:
583 3321 602 3354 ι
633 3302 772 3357 Ante
813 3302 1071 3357 saeculum
1112 3301 1358 3357 fundavit
1402 3317 1506 3359 me.
1563 3323 1582 3355 ›
1615 3301 1868 3358 Christus
1899 3318 1998 3356 au-

2107 3322 2127 3355 ι
2167 3303 2281 3373 Πρὸ
2304 3303 2396 3355 τοῦ
2421 3303 2615 3366 αἰῶνος
2643 3303 2972 3373 έθεμελίωσέ
3011 3319 3098 3372 με,
3133 3320 3152 3352 ι
3182 3302 3310 3373 περὶ
3337 3302 3435 3371 τῆς
3466 3302 3670 3372 σαρκώ

428 3399 540 3446 tem
567 3389 749 3459 Jesus,
783 3390 926 3448 Deus
953 3390 1191 3447 Verbum
1226 3400 1358 3448 tunc
1390 3401 1614 3450 vocatus
1645 3405 1760 3462 est,
1790 3411 1855 3450 ex
1885 3409 1994 3465 quo

2103 3412 2239 3458 σεως
2293 3393 2456 3448 αὐτοῦ
2500 3396 2733 3465 εἴρηται,
2779 3394 2872 3448 τοῦ
2929 3393 3141 3465 ἀληθῶς
3184 3393 3288 3462 πρὸ
3314 3393 3420 3447 τῶν
3467 3393 3686 3449 αίώνωδ

429 3481 669 3542 Verbum
698 3484 900 3540 factum
929 3491 1012 3540 est
1034 3499 1184 3553 caro,
1212 3492 1265 3540 et
1291 3485 1495 3541 dictum
1528 3485 1632 3540 fuit
1655 3487 1723 3541 ab
1755 3487 1944 3557 angelo
1975 3503 1988 3539 :

2101 3486 2588 3559 ἀποκεκρυμμένου
2619 3487 2937 3558 μυστηρίου.

432 3595 458 3634 ι
495 3579 728 3638 Vocabis
755 3596 954 3637 nomen
985 3581 1102 3650 ejus
1137 3579 1319 3636 Jesum
1356 3582 1424 3656 θεῖ
1456 3603 1474 3634 ο
1509 3581 1692 3653 Itaque
1727 3583 1882 3650 illud,
1927 3602 1944 3634 ι
1987 3582 2251 3639 Dominus
2285 3585 2492 3639 creavit
2541 3599 2648 3649 me,
2701 3603 2720 3635 ι
2754 3591 2829 3650 et,
2871 3603 2890 3634 ι
2936 3583 3075 3638 Ante
3123 3583 3381 3640 saeculum
3430 3581 3686 3637 fundavit

429 3689 539 3741 me,
581 3693 601 3725 ι
627 3674 695 3730 de
723 3675 895 3746 ipsius
927 3673 1298 3730 incarnatione
1321 3674 1523 3731 dictum
1551 3683 1664 3742 est,
1698 3677 1953 3750 mysterio
1987 3678 2195 3734 scilicet
2225 3678 2317 3733 illo
2341 3693 2468 3733 vere
2493 3685 2617 3733 ante
2646 3678 2842 3733 saecula
2869 3677 3207 3734 abscondito.

499 3812 588 3866 10.
623 3809 815 3866 Αηοηι.
857 3809 964 3866 Sed
1002 3813 1272 3882 quomodo
1312 3817 1492 3881 potest
1535 3816 1611 3868 ita
1647 3815 1900 3885 genuisse
1927 3831 1995 3870 ex

2172 3815 2258 3869 10.
2300 3813 2496 3884 Ἀνόμ.
2526 3816 2637 3868 Καὶ
2666 3816 2780 3879 πῶς
2801 3814 3023 3868 δύναται
3050 3814 3303 3885 γεννῆσαι
3328 3814 3393 3865 ἐκ
3418 3814 3520 3882 τῆς
3549 3815 3682 3867 ὑποο

431 3915 531 3955 sua
560 3900 733 3969 ipsius
769 3899 1072 3970 hypostasi,
1106 3911 1164 3955 ut
1206 3903 1340 3956 nihil
1383 3904 1454 3957 sit
1484 3906 1814 3972 perpessus?
1840 3904 1992 3960 Orth.

2103 3906 2341 3970 στάσεως
2360 3907 2546 3970 αὑτοῦ,
2570 3907 2664 3960 καὶ
2690 3907 2762 3976 μὴ
2780 3906 2970 3958 παθεῖν
2997 3924 3010 3970 ;
3036 3907 3192 3973 Ὀρθ.
3227 3905 3320 3967 Τὸ,
3353 3904 3479 3969 πῶς
3492 3904 3685 3959 deira-

429 3987 587 4053 Illud,
617 3987 880 4057 quomoda
914 3999 1100 4058 potest,
1129 4007 1198 4045 ne
1231 3991 1492 4062 investiga
1523 3993 1694 4048 :illud
1725 4010 1854 4049 vero
1877 4036 1892 4056 ,
1933 4011 1997 4048 ex

2102 4017 2216 4062 ται,
2244 3999 2316 4070 μὴ
2339 3997 2578 4064 ἐξέταζε·
2598 3998 2744 4061 τὸδὲ,
2761 3998 2828 4050 ἐκ
2845 3991 2952 4064 τῆς
2969 3995 3679 4061 ὑποστάσεωςβέδεικται.

427 4078 723 4148 hypostasi,
755 4094 785 4133 a
813 4081 970 4136 nobis
1011 4091 1290 4138 ostensum
1335 4092 1439 4142 est.
1488 4072 1677 4140 Anam.
1717 4086 1997 4152 Quomodo

2105 4091 2304 4158 Ἀνόμ.
2350 4089 2475 4151 Πῶς
2500 4089 2796 4153 δέδεικται;
2837 4089 2990 4156 Ὀρθ.
3025 4089 3145 4141 Ὅτι
3171 4081 3270 4140 οὐκ
3303 4087 3415 4138 ἔστι
3444 4087 3686 4156 κτίσμα,

428 4179 711 4227 ostensum
737 4172 857 4227 est?
887 4171 1040 4226 Orth.
1063 4173 1354 4230 Ostensum
1377 4184 1461 4231 est
1473 4193 1580 4232 non
1605 4193 1725 4233 esse
1743 4178 1998 4247 quiddam

2103 4179 2385 4234 δέδεικται.
2415 4179 2487 4232 Τὸ
2516 4179 2572 4232 δὲ
2601 4179 2676 4250 μὴ
2703 4180 2762 4234 ὃν
2791 4181 3016 4249 κτίσμα,
3044 4180 3076 4249 ἦ
3117 4177 3408 4249 ἀγέννητόν
3443 4178 3620 4241 ἐστιν,
3652 4177 3683 4233 ἦ

431 4271 694 4315 creatum.
735 4260 893 4328 Quod
929 4272 1110 4317 autem
1142 4279 1252 4319 non
1284 4273 1366 4320 est
1393 4277 1656 4334 creatum,
1689 4275 1782 4321 aut
1807 4277 1890 4323 est
1919 4270 2000 4322 in-

2103 4269 2378 4340 γεννητὸν,
2407 4269 2440 4340 ἢ
2473 4270 2799 4340 ὲκπορευτὸν
2829 4269 2903 4331 ὡς
2936 4269 2994 4334 ἐξ
3032 4267 3224 4321 αἰτίου.
3257 4268 3582 4337 Ἀγὲννητος
3628 4269 3682 4320 δὲ

431 4353 673 4422 genitum
699 4361 792 4406 aut
817 4355 1078 4422 genitum,
1109 4362 1202 4408 aut
1244 4357 1543 4424 procedens
1577 4363 1634 4409 ut
1673 4373 1740 4412 ex
1772 4367 1994 4414 auctore

2101 4362 2194 4414 οὐκ
2225 4361 2389 4424 ἔστιν,
2410 4361 2537 4423 Υἱὸς
2558 4361 2632 4412 ὢν
2648 4361 2920 4430 γεννητός’
2940 4361 3044 4429 ἄρα
3065 4355 3156 4412 οὖν
3177 4360 3512 4428 ὲκ(61⁶)τῆς
3542 4361 3683 4413 ὕπο-

431 4442 546 4496 sive
567 4454 754 4496 causa.
779 4440 898 4496 Non
925 4453 1009 4497 est
1037 4452 1218 4498 autem
1245 4445 1516 4514 ingenitus
1533 4488 1548 4511 ,
1570 4461 1694 4500 cum
1736 4446 1806 4501 sit
1829 4443 1997 4501 Filius

2103 4451 2339 4514 στάσεώς
2369 4451 2478 4523 (62)
2506 4452 2671 4504 ἐστιν.
2713 4447 2908 4518 Ἀνόμ.
2940 4448 3048 4502 Καὶ
3071 4448 3184 4512 πῶς
3209 4448 3428 4501 δύναται
3454 4442 3599 4501 εἶναι
3622 4452 3683 4501 ἐν

433 4530 647 4600 genitus
677 4549 690 4585 :
723 4544 851 4598 ergo
883 4540 1052 4585 estex
1090 4532 1390 4603 bypostasi.
1421 4533 1609 4588 Anam.
1634 4534 1700 4588 Et
1727 4537 1999 4606 quomodo

2101 4545 2196 4612 τῆς
2227 4541 2607 4606 ὑποστάσεως;
2659 4542 2811 4609 Ὀρθ.
2847 4541 2909 4593 Εἰ
2944 4541 3018 4610 μὴ
3049 4539 3193 4592 ἔστιν
3220 4541 3284 4593 ὲκ
3308 4540 3406 4609 τῆς
3439 4541 3677 4595 ὑποστά-

431 4628 609 4690 potest
631 4636 751 4676 esse
773 4638 840 4676 ex
866 4623 1182 4692 hypostasi?
1209 4622 1362 4678 Orth.
1379 4624 1496 4681 Nisi
1521 4627 1671 4681 sitex
1694 4628 1997 4698 hypostasi,

2103 4652 2257 4698 σεως,
2280 4635 2311 4706 ἢ
2337 4633 2539 4703 κτίσμα
2565 4635 2730 4699 ἐστὶν,
2755 4633 2787 4702 ἢ
2818 4632 3133 4702 ἀγέννητος·
3174 4631 3464 4702 ἀγέννητος
3496 4631 3552 4684 δὲ
3582 4634 3681 4684 οὑν

430 4721 526 4765 aut
553 4719 637 4767 est
666 4722 905 4767 creatum
947 4713 1248 4782 quidpiam,
1286 4728 1380 4770 aut
1429 4718 1698 4788 ingenitus
1731 4739 1743 4774 :
1781 4736 1889 4774 non
1919 4726 2000 4776 est

2103 4726 2266 4788 ἐστιν,
2299 4725 2424 4788 Υἱὸς
2453 4723 2544 4777 ὢν·
2575 4723 2779 4794 κτίσμα
2802 4725 2901 4776 οὐκ
2921 4722 3066 4776 ἐστιν
3087 4740 3102 4754 ο
3127 4724 3186 4776 οὐ
3218 4721 3326 4794 γὰρ
3350 4721 3680 4787 ἐνετείλατο,

427 4801 594 4875 414
645 4811 826 4858 autem
875 4803 1169 4873 ingenitus,
1223 4821 1346 4860 cum
1393 4807 1464 4862 sit
1505 4809 1719 4864 Filius:
1765 4827 1874 4865 non
1920 4821 2000 4866 est

2106 4817 2198 4869 καὶ
2231 4816 2444 4884 ἐγένετο
2464 4833 2477 4846 ο
2513 4815 2649 4868 ἀλλὰ
2672 4819 2736 4868 ἐκ
2773 4815 3009 4883 γαστρὸς
3055 4814 3215 4868 αὐτὸν
3259 4814 3552 4884 ἐγέννησεν
3573 4832 3589 4845 ·
3615 4816 3680 4869 ir

430 4905 672 4949 creatum
702 4895 980 4966 quidpiam
1012 4915 1024 4950 :
1074 4911 1175 4952 nec
1209 4899 1354 4953 enim
1403 4901 1682 4955 mandavit
1722 4910 1776 4956 et
1821 4903 1998 4959 factus

2102 4907 2199 4976 τῆς
2229 4905 2574 4969 ὑποστάσεως
2604 4907 2732 4976 ἄρα,
2750 4907 2843 4959 καὶ
2871 4906 2969 4958 οὐκ
2989 4905 3046 4972 ἐξ
3071 4900 3170 4957 οὔκ
3197 4905 3364 4958 ὄντων
3381 4904 3517 4967 ἐστὶ,
3540 4904 3655 4957 καθ

429 4991 552 5052 est;
584 4985 680 5040 sed
717 5001 784 5041 ex
813 4996 968 5041 utero
994 4986 1172 5056 ipsum
1213 4989 1400 5057 genuit
1431 5009 1444 5044 :
1479 4998 1561 5045 est
1599 4991 1763 5062 igitur
1793 5005 1860 5048 ex
1901 4993 2000 5064 hy-

2105 4997 2246 5068 άπερ
2289 4997 2356 5051 τὰ
2400 4997 2517 5050 κατ’
2549 4997 2768 5067 ἐντολὴν
2800 4995 3352 5068 ὑπάρξαντα.Ἀνόμ.
3382 4997 3552 5049 Πάλιν
3583 4993 3675 5050 οὖν

431 5077 667 5146 postasi,
706 5095 818 5134 non
857 5091 1036 5133 autem
1083 5095 1150 5134 ex
1192 5080 1386 5148 nihilo,
1436 5082 1579 5137 sicut
1621 5099 1684 5139 ea
1728 5099 1849 5154 quae
1903 5094 2000 5154 per

2105 5087 2352 5140 σύνθετον
2401 5087 2637 5158 νομίζεις
2677 5085 2768 5141 τὸν
2821 5088 2972 5152 Θεὸν,
3022 5087 3262 5158 γαστέρα
3282 5088 3476 5155 λέγων.
3513 5088 3656 5155 Ὀρθ

431 5169 749 5224 mandatum
786 5171 1132 5226 exstiterunt.
1168 5169 1358 5225 Anam.
1403 5174 1645 5229 Rursum
1682 5175 1847 5245 igitur
1878 5185 1999 5232 ute-

2101 5177 2192 5248 Μὴ
2217 5177 2422 5230 γένοιτο
2474 5175 2721 5230 σύνθετον
2769 5177 2941 5232 εἰπεῖν
2973 5177 3061 5231 τὸν
3082 5177 3243 5230 θεὸνῐ
3301 5177 3458 5241 ἀλλὰ,
3491 5178 3672 5241 καθὼς

502 5343 548 5376 ’⁸
585 5341 728 5418 Ps3].
763 5361 890 5410 ιιι,
939 5345 1136 5418 I'Z—il9;
1174 5346 1358 5418 matth.
1397 5364 1579 5413 xxvn,
1612 5350 1702 5406 '55.
1805 5350 1851 5383 ”
1887 5348 2000 5406 Pro

2101 5367 2208 5418 rm,
2255 5351 2347 5406 22.
2423 5352 2470 5386 "
2499 5352 2656 5409 Joan.
2693 5367 2813 5418 Vill,
2848 5353 2937 5407 57.
3013 5354 3058 5385 "
3099 5353 3233 5409 ibid.
3271 5352 3360 5410 58.

431 5422 560 5478 ιιι,
607 5414 707 5481 17;
741 5430 944 5482 vam,
978 5416 1068 5471 22.
1143 5418 1188 5449 ‘7
1230 5417 1404 5490 l_Cor.
1438 5434 1538 5488 tu,
1579 5419 1665 5474 11.
1742 5420 1787 5452 ⁸⁸
1823 5419 1952 5478 Luc.
1989 5414 2044 5490 t,
2077 5423 2164 5478 3i.

3437 5353 3485 5386 ⁹⁶
3523 5351 3655 5410 Psal

387 5649 391 5656 ‘
497 5564 631 5636 (61‘)
663 5567 844 5639 Vulg.,
874 5567 992 5622 οὐκ.
1028 5567 1179 5626 Eutr.

2163 5574 2274 5641 (62)
2317 5577 2459 5634 'Aaa
2482 5576 2557 5634 ὢν
2589 5578 2655 5632 ὲκ
2689 5576 2791 5638 τῆς
2814 5576 2908 5633 ὐπ.
2941 5575 3114 5632 Palat.
