3878 6208
185 207 300 266 1135

1160 214 1245 269 DE
1287 215 1556 271 SANCTA
1585 203 1957 272 'l‘lthl'l‘A‘l‘E
1997 222 2343 276 DIALOGUS
2383 214 2423 276 ι.

3273 243 3418 292 110.

185 327 420 398 ἀνωτέρω
445 329 557 399 (65)
593 325 762 392 εἷπον,
787 331 883 400 τὴν
905 332 1165 401 γαστέρα,
1183 334 1249 404 ἠν
1279 329 1428 386 εἶπεν
1455 335 1488 404 ἠ
1521 334 1707 404 Γραφὴ

1834 350 1957 388 rum
2026 335 2235 403 dicens,
2283 337 2566 393 existimas
2620 337 2787 393 Deum
2846 355 2968 398 esse
3021 345 3412 414 compositum-

179 419 259 472 τοῦ
277 420 424 484 Θεοῦ,
453 421 562 488 ἐγὼ
583 423 641 474 τὸ
657 423 968 494 γεννητικὸν
983 425 1081 494 τῆς
1097 425 1444 488 ὑποστάσεως
1472 425 1594 478 νοῶ.
1618 426 1730 479 Καὶ

178 511 274 582 γὰρ
303 513 393 564 καὶ
423 514 507 581 ἐφ’
536 513 690 583 ἡμῶν
732 513 1010 584 κέχρηται,
1045 514 1120 578 ὡς
1174 515 1674 587 προαποδέδεικται,
1694 517 1728 587 ἠ

181 602 214 653 Γ
217 601 346 674 ραφὴ
378 607 445 675 τῇ
473 603 732 674 συνηθείᾳ
757 604 948 676 ταύτῃ,
975 605 1205 673 λέγουσα
1223 623 1236 636 ·
1273 625 1291 657 ι
1339 607 1470 659 Ἀπὸ
1498 607 1590 658 τοῦ
1638 607 1732 675 φό-

177 695 262 747 ϐου
301 712 412 759 σου,
447 695 636 766 Κύριε,
677 697 734 749 ἐν
788 698 984 768 γαστρὶ
1021 697 1304 768 ἐλάϐομεν,
1333 699 1425 750 καὶ
1473 699 1734 768 ὼδινήσαο

176 785 385 852 μεν,καὶ
414 784 670 854 έτέκομεν
685 785 906 855 Πνεῦμα
928 785 1214 856 σωτηρίας.
1237 806 1255 838 ι
1276 787 1378 840 Ἐν
1404 787 1612 855 γαστρὶ
1639 787 1728 840 λέ·-

175 891 292 940 γων,
315 874 432 943 οὐχὶ
463 873 558 944 τὴν
587 875 1048 946 σωματικὴν,ἀλλ’
1069 877 1126 928 ὲν
1152 876 1285 946 αὐτῇ
1315 879 1380 946 τῇ
1407 877 1723 930 ὑποστάσει.

182 965 362 1034 Ἀνόμ.
395 967 531 1036 Παρ’
564 965 740 1033 ὀλίγον
773 984 838 1037 με
889 966 1096 1030 πείθεις
1130 970 1524 1040 ὁμοουσιαπὴν
1573 971 1726 1037 γενέ-

167 1054 303 1108 σθαι.
331 1055 483 1122 Ὄρθ.
517 1055 684 1107 Δώσοι
710 1055 820 1124 (64)
865 1056 947 1107 0'01
979 1056 1007 1106 6
1058 1056 1190 1119 Θεὸς
1222 1058 1543 1128 Χριστιανὸν
1579 1059 1726 1128 γενέ-

166 1144 311 1198 εθαι·
338 1145 464 1198 ὅταν
489 1146 597 1216 γὰρ
640 1145 976 1216 ὁμολογήσῃς
1022 1146 1303 1217 ὁμοούσιον
1346 1149 1438 1201 τὸν
1477 1149 1601 1202 Υίὸν
1647 1149 1724 1220 τίς)

164 1236 345 1306 ζΙατρὶ,
374 1237 493 1289 τότε
521 1238 839 1307 Χριστιανὸς
863 1238 1071 1304 ἐγένου.

1831 426 1982 480 Orth.
2024 428 2206 491 Absit,
2251 436 2308 482 ut
2359 429 2524 484 Deum
2597 431 2774 486 dicam
2839 449 2962 490 esse
3011 438 3408 506 compositum!

1830 515 1946 581 sed,
1978 524 2040 572 ut
2093 521 2347 589 superius
2399 521 2534 587 dixi,
2575 523 2715 577 uteri
2763 525 3007 592 nomine,
3053 526 3199 596 quod
3262 526 3413 582 Scri-

1829 617 1991 678 ptura
2038 608 2149 664 Deo
2193 611 2413 676 tribuit,
2461 615 2852 682 generatricem
2888 616 2998 669 vim
3050 617 3410 688 bypostaseos

1831 700 2006 770 ipsius
2032 702 2294 773 intelligo.
2331 701 2465 757 Nam
2493 703 2560 759 de
2608 705 2768 760 nobis
2815 707 2981 762 etiam
3035 723 3202 779 agens
3262 707 3410 763 Scri-

1834 798 2018 860 ptura,
2055 793 2198 847 sicut
2233 793 2388 863 prius
2409 794 2840 851 demonstratum
2865 791 2986 862 est,’
3009 799 3081 853 ita
3109 801 3258 871 loqui
3281 816 3409 856 con-

1835 885 2027 948 suevit,
2062 893 2122 938 ut
2176 901 2301 940 cum
2333 887 2509 957 inquit
2535 907 2548 942 :
2581 907 2600 940 (
2633 890 2676 941 Α
2703 890 2900 946 timore
2929 892 3028 957 tui,
3060 890 3286 949 Domine
3306 933 3321 959 ,
3347 893 3406 948 in

1834 981 1990 1028 utero
2026 977 2378 1046 concepimus
2425 987 2482 1034 et
2520 980 2944 1049 parturivimus,
2997 989 3051 1038 et
3095 985 3408 1055 peperimus

1835 1061 2096 1133 Spiritum
2135 1067 2331 1122 salutis
2359 1069 2425 1120 θ’.
2465 1087 2484 1120 ι
2532 1068 2598 1122 In
2627 1078 2776 1124 utero
2819 1070 3028 1134 dicens,
3053 1087 3160 1126 non
3201 1073 3408 1129 intelli-

1830 1154 1907 1222 git
1929 1169 2252 1225 corporeum
2274 1164 2510 1225 uterum,
2535 1160 2628 1214 sed
2655 1160 2709 1214 in
2743 1160 2859 1229 ipsa
2889 1161 3185 1232 hypostasi.
3210 1162 3400 1218 Anam.
3464 1163 3470 1170 ”

1828 1243 2027 1301 Parum
2059 1246 2242 1311 abest,
2289 1250 2421 1318 quin
2457 1251 2590 1304 mihi
2630 1252 2959 1320 persuadeas
2995 1262 3053 1306 ut
3107 1254 3228 1306 fiam
3273 1271 3404 1309 con-

163 1329 602 1384 substantialista.
643 1329 800 1386 Orth.
855 1329 1073 1384 Utinam
1129 1331 1219 1386 det
1269 1331 1364 1386 tibi
1418 1331 1600 1399 Deus,
1655 1342 1716 1387 ut
1751 1335 2098 1397 Christianus
2157 1342 2376 1398 evadas.
2411 1343 2564 1398 Tunc
2620 1345 2765 1399 enim
2806 1346 3154 1404 Christianus
3208 1349 3405 1420 fueris,

161 1435 277 1474 cum
298 1420 580 1476 confessus
601 1419 768 1475 fueris
802 1418 999 1474 Filium
1049 1436 1177 1476 esse
1231 1420 1380 1475 Patri
1437 1423 1978 1485 consubstantialem.

227 1513 310 1567 H.
347 1513 540 1581 Ἀνόμ.
558 1512 870 1583 Ὀμοούσιον
891 1513 943 1564 τί
968 1515 1082 1566 ἐστι
1104 1530 1118 1578 ;
1147 1513 1286 1566 θέλω
1306 1513 1414 1586 γὰρ
1441 1520 1536 1568 καὶ
1559 1515 1717 1569 τοῦτο

1892 1522 1978 1575 ﬂ.
2015 1525 2208 1580 Anam.
2238 1525 2388 1594 ZQuid
2430 1537 2514 1581 est
2554 1527 2698 1581 istud
2735 1527 3237 1583 consubstantiale?
3279 1529 3402 1586 volo

163 1601 359 1672 μαθεῖν.
389 1603 480 1672 Μὴ
522 1603 550 1655 6
578 1603 738 1666 αὐτός
791 1605 938 1656 ιστιν
957 1605 986 1656 6
1015 1604 1142 1668 Υἱὸς
1175 1607 1268 1658 καὶ
1299 1607 1477 1679 Πατήτ
1508 1620 1534 1672 ,°
1571 1607 1713 1675 Ὀρθ.

1829 1614 1972 1668 enim
2003 1615 2055 1668 id
2087 1631 2304 1685 quoque
2342 1615 2573 1672 discere.
2606 1616 2744 1671 Num
2781 1618 2923 1673 idem
2963 1626 3046 1674 est
3085 1618 3274 1683 Filius,
3305 1624 3400 1691 qui

157 1695 244 1765 Μὴ
271 1695 470 1763 γένοιτο
499 1697 698 1748 είπεῖνί
737 1695 934 1764 Ἀνόμ.
953 1695 1016 1748 Τί
1041 1692 1132 1749 οῦν
1160 1699 1340 1761 ὲστιν;
1373 1698 1727 1769 ἀληθῶς’γὰρ

154 1785 286 1838 θέλω
319 1785 526 1856 μαθεῖν.
570 1787 723 1854 Ὀρθ.
773 1785 1083 1856 Ὁμοούσιόν
1127 1790 1297 1851 ἐστιν,
1349 1787 1379 1840 6
1421 1789 1512 1841 τὸν
1565 1789 1726 1843 αὐτὸν

152 1878 450 1948 ἐπιδέχεται
487 1877 642 1946 λόγον
669 1877 771 1948 τῆς
795 1878 1002 1942 οὐσίας·
1035 1873 1147 1932 οἷον
1199 1878 1483 1950 ἄνθρωπος
1516 1879 1726 1951 ὰνθρὼι

151 1985 252 2020 που
284 1968 431 2022 οὐδὲν
473 1969 734 2039 διαφέρει,
775 1970 909 2023 καθὸ
955 1969 1240 2041 ἄνθρωπός
1269 1971 1445 2024 ἐστιν·
1496 1971 1724 2040 ἄγγελος

149 2059 374 2128 ἀγγέλου
416 2060 568 2114 οὐδὲν
617 2062 880 2133 διαφέρει,
969 2062 1196 2130 ἄγγελός
1246 2063 1422 2116 ἐστιν’
1453 2062 1596 2116 οὕτω
1630 2065 1723 2116 καὶ

148 2151 276 2214 Θεὸς
299 2150 428 2204 Θεοῦ
449 2153 598 2207 οὐδὲν
630 2152 894 2224 διαφέρει,
982 2154 1112 2217 Θεός
1138 2156 1304 2207 ἐστιν.
1327 2155 1530 2224 Ἀνόμ.
1557 2155 1722 2208 Οὐδὲν

148 2237 242 2294 οὖν
270 2243 510 2314 διαφέρει
538 2245 566 2296 6
605 2244 796 2316 Πατὴρ
828 2243 922 2297 τοῦ
972 2244 1102 2298 Υίοῦ
1134 2245 1283 2317 (65);
1326 2248 1479 2315 Ὀρθ.
1523 2247 1610 2300 Ἐν
1639 2248 1720 2318 τῷ

145 2334 279 2388 Θεὸν
332 2338 422 2389 καὶ
455 2338 673 2410 Πατέρα
705 2336 866 2402 εἶναι,
897 2336 958 2391 οῦ
981 2354 994 2366 °
1027 2340 1084 2392 ἐν
1106 2338 1185 2410 τῷ
1216 2339 1437 2410 Πατέρα
1472 2340 1564 2394 καὶ
1592 2342 1719 2394 Υίὸν

145 2423 310 2494 εἶναι,
342 2429 430 2482 ναί
450 2445 463 2458 ⁸
489 2431 570 2482 ὅτι
599 2431 628 2482 6
656 2430 754 2501 μὲν
810 2431 1118 2501 ἐγέννησεν,
1153 2433 1181 2484 6
1211 2431 1268 2484 δὲ
1312 2435 1596 2499 γεννᾶται·
1625 2435 1718 2486 καὶ

142 2519 298 2572 τοῦτό
339 2523 456 2574 ἐστι
483 2523 543 2575 τὸ
571 2524 876 2594 ὁμοούσιον.
911 2523 1108 2593 Ἀιηόμ.
1136 2524 1226 2577 Ἐν
1257 2525 1430 2578 οὐδενὶ
1455 2522 1546 2578 οὖν
1575 2526 1718 2598 ἄλλῳ

140 2613 381 2685 διαφέρει
410 2617 438 2668 6
471 2615 657 2686 Πατὴρ
691 2615 783 2668 τοῦ
818 2614 982 2682 Υίοῦ;
1018 2615 1210 2668 Καίτοι
1237 2616 1563 2688 γέγραπταιο
1595 2637 1613 2669 ι
1652 2619 1716 2670 Τί

138 2721 214 2774 με
259 2703 430 2771 λέγεις
479 2705 681 2773 ἀγαθὸν
724 2701 894 2770 εἷναι;
947 2705 1135 2768 06651;
1166 2706 1369 2774 ἀγαθὸς
1400 2709 1448 2759 εί
1493 2707 1567 2779 μὴ
1592 2704 1716 2772 εἷςὸ

131 2797 290 2860 Θεὸς.
317 2817 334 2849 ι
366 2799 522 2867 Ὀρθ.
545 2801 659 2852 Οὐκ
681 2798 827 2852 ἔστιν
853 2793 946 2853 οῦν
972 2797 1175 2867 ἀγαθὸς
1223 2799 1251 2851 6
1297 2800 1425 2863 Υἱός
1448 2817 1461 2864 ;
1508 2800 1707 2870 Ἀνόμ.

136 2889 312 2952 Αὐτὸς
332 2884 450 2943 εἷπε
472 2908 484 2920 υ
518 2891 613 2943 «Τί
643 2909 708 2961 με
739 2891 920 2960 λέγεις
949 2892 1188 2962 ἁγαθόν;
1225 2893 1413 2956 Οὐδεὶς
1430 2893 1636 2962 ἀγαθὸς
1657 2897 1705 2947 εἰ

134 2983 218 3053 μὴ
246 2974 323 3044 εἷς
347 2983 374 3033 6
405 2983 554 3047 Θεός.
594 3003 612 3034 ι
649 2984 803 3053 Ὀρθ.
834 2985 1013 3056 Ὁρᾷς,
1044 2987 1126 3039 ὅτι
1167 2986 1347 3050 καλῶς
1376 2983 1548 3051 εἷπον,
1584 2989 1709 3041 ὅταν
1736 3004 1779 3063 C

128 3075 474 3147 ὁμολογήσῃς
489 3077 767 3147 ὁμοούσιον
780 3080 871 3132 τὸν
885 3080 1010 3132 Υίὸν
1022 3080 1098 3150 τῷ
1111 3082 1303 3152 Πατρὶ,
1323 3083 1441 3135 τότε
1460 3083 1715 3153 Χριστια-

125 3166 228 3230 νὸς
247 3168 368 3239 γίνῃ
391 3186 405 3234 ;
436 3169 635 3238 ’Λνόμ.
665 3169 807 3238 Ἐγὼ
835 3171 1092 3236 πιστεύω,
1113 3174 1195 3226 ὅτι
1224 3173 1548 3244 Χριστιανός
1574 3176 1709 3245 εἰμι.

125 3259 292 3325 Ὀρθ.
325 3261 647 3331 Χριστιανὸς
671 3263 720 3313 εί
757 3258 824 3333 ἧς
853 3263 1010 3336 (65⁴),
1039 3265 1138 3317 οὐκ
1171 3264 1372 3332 ἔλεγες,
1399 3267 1480 3318 ὅτι
1514 3266 1713 3334 ἀγαθὸς

121 3351 233 3402 οὐκ
265 3349 410 3403 ἐστιν
436 3354 465 3404 6
496 3353 642 3415 Υἱός.
672 3354 872 3422 Ἀνόμ.
904 3356 1016 3408 Οὐκ
1037 3351 1208 3418 εἷπον,
1251 3357 1332 3409 ὅτι
1359 3356 1561 3426 ἀγαθὸς
1613 3359 1713 3410 οὐκ

118 3443 299 3508 ἔστιν,
323 3443 529 3496 ἀλλ’ὅτι
549 3444 709 3508 αὐτὸς
725 3441 893 3498 εἶπεν·
920 3467 938 3498 ι
961 3448 1147 3512 Οὐδεὶς
1181 3447 1381 3517 ἀγαθὸς
1403 3450 1450 3501 εί
1487 3448 1560 3520 μὴ
1584 3446 1662 3513 εἷς
1684 3451 1712 3501 6

117 3532 282 3594 Θεός.
322 3550 341 3582 ι
379 3532 532 3600 Ὀρθ.
559 3535 668 3587 Καὶ
695 3535 970 3607 διαφέρειν
992 3537 1170 3606 λέγεις
1191 3538 1281 3592 τὸν
1316 3538 1535 3610 Πατέρα
1566 3541 1623 3592 ὲν
1644 3543 1708 3610 τῇ

117 3623 450 3696 ἀγαθότητι,
483 3625 576 3678 τοῦ
625 3625 791 3692 Υἰοῦ;
838 3630 1036 3698 Ἀνόμ.
1077 3629 1247 3692 Αὐτὸς
1290 3623 1445 3682 εἷπε·
1489 3648 1507 3680 ι
1549 3629 1614 3680 Τί
1643 3647 1711 3700 με

117 3715 314 3782 λέγεις
341 3715 574 3784 ἀγαθόν;
604 3717 792 3781 06651;
847 3719 1048 3788 ἀγαθὸς
1105 3721 1154 3771 εί
1204 3719 1278 3790 μὴ
1309 3713 1388 3782 εἷς
1429 3721 1457 3772 6
1497 3719 1645 3782 656;.
1686 3738 1704 3771 ι

114 3808 285 3875 Ὀρθ.
318 3810 432 3862 Οὐκ
462 3807 605 3862 εἷπε·
653 3810 742 3881 Μή
776 3828 842 3881 με
878 3811 1004 3879 λέγε
1040 3811 1261 3878 ἀγαθὸν,
1287 3809 1442 3878 ἀλλὰ,
1486 3831 1503 3864 ι
1545 3813 1608 3864 Τί
1642 3830 1708 3882 με

111 3899 302 3967 λέγεις
345 3899 577 3968 ἁγαθόν;
614 3920 632 3952 ι
672 3901 869 3969 Ἀνόμ.
902 3903 1012 3954 K011
1045 3901 1184 3972 τίςή
1213 3902 1442 3973 διαφορὰ
1468 3901 1582 3966 τοῦ,
1615 3904 1705 3973 Μή

113 4004 192 4058 με
215 3988 347 4056 λέγε
374 3989 594 4056 ἀγαθὸν,
618 3989 844 4053 καὶτοῦ,
876 3991 940 4042 Τί
968 4008 1033 4060 με
1053 3990 1229 4058 λέγεις
1269 3991 1504 4060 ἀγαθόνς
1550 3991 1701 4059 Ὀρθ.

111 4079 328 4149 Πολλὴ.
368 4081 564 4147 Ἀνόμ.
590 4081 762 4147 Ποίας
796 4081 950 4148 Ὀρθ.
987 4082 1079 4144 Τὸ,
1107 4084 1195 4153 Μή
1230 4100 1296 4152 με
1329 4083 1453 4151 λέγε
1484 4085 1703 4152 ἀγαθὸν,

110 4171 357 4242 ἄρνησίς
380 4171 524 4224 ἐστιν
549 4172 877 4242 ἁγαθότητος
902 4191 915 4203 ·
952 4174 1011 4226 τὸ
1033 4173 1108 4238 δὲ,
1140 4193 1157 4224 ι
1192 4174 1255 4226 Τί
1286 4193 1351 4244 με
1380 4175 1555 4243 λέγεις
1579 4177 1707 4244 ἀγα-

105 4261 250 4329 Θόν;
292 4282 312 4315 ι
346 4264 464 4316 ἀντὶ
493 4262 605 4327 τοῦ,
639 4264 757 4316 Ἵνα
786 4264 837 4316 τί
869 4282 934 4334 με
968 4264 1146 4332 λέγεις
1163 4267 1384 4333 ἀγαθὸν,
1421 4267 1496 4338 μὴ
1525 4268 1707 4338 ὁμολο-

1823 1712 1882 1760 ‘et
1909 1705 2112 1760 Pater?
2157 1706 2312 1761 Orlh.
2347 1708 2504 1763 Absit
2548 1718 2606 1763 ut
2647 1709 2752 1764 hoc
2788 1710 3000 1766 dicam!
3035 1711 3222 1767 Anam.
3257 1709 3401 1779 Quid

1823 1803 1910 1850 est
1937 1796 2140 1868 igitur?
2170 1813 2297 1853 vere
2341 1799 2487 1853 enim
2529 1799 2583 1853 id
2627 1799 2838 1855 discere
2872 1802 3053 1870 cupio.
3086 1801 3237 1857 Orth.
3264 1804 3403 1858 Con-

1823 1887 2182 1944 substantiale
2210 1897 2310 1956 cst,
2329 1892 2474 1960 quod
2504 1890 2748 1946 eamdem
2773 1892 3092 1948 substantia:
3132 1895 3399 1951 rationem

1821 1979 2032 2050 recipit,
2064 1989 2123 2035 ut
2171 1981 2332 2036 homo
2362 1983 2432 2036 ab
2468 1982 2686 2037 homine
2725 1984 2858 2038 nihil
2887 1984 3096 2050 differt,
3125 1998 3398 2056 quatenus

1821 2067 1983 2123 homo
2013 2078 2096 2124 est
2127 2090 2138 2123 :
2169 2077 2223 2124 et
2251 2072 2475 2142 angelus
2506 2073 2574 2126 ab
2616 2074 2827 2144 angelo,
2860 2085 3130 2145 quatenus
3167 2077 3395 2147 angelus

1821 2166 1905 2213 est
1939 2179 1950 2212 :
1991 2159 2067 2212 ita
2097 2168 2148 2214 et
2176 2159 2316 2216 Deus
2341 2177 2371 2214 a
2398 2160 2506 2216 Deo
2538 2163 2673 2216 nihil
2700 2163 2908 2229 differt,
2929 2177 3198 2235 quatenus
3226 2157 3391 2224 Deus.

1820 2252 2008 2305 Anam.
2042 2249 2188 2306 Nihil
2219 2253 2384 2324 igitur
2410 2254 2590 2310 differt
2621 2253 2784 2312 Pater
2825 2273 2855 2311 a
2893 2257 3068 2313 Filio?
3102 2260 3256 2316 Orth.
3289 2254 3397 2320 Ne-

1819 2358 2093 2414 quaquam
2116 2360 2250 2401 sane
2273 2345 2454 2400 difl’ert
2485 2347 2539 2401 in
2563 2362 2629 2402 eo
2656 2349 2801 2418 quod
2829 2348 2970 2406 Deus
3012 2362 3066 2407 et
3104 2351 3266 2410 Pater
3297 2355 3393 2418 sit,

1819 2434 1914 2489 sed
1948 2435 2004 2489 in
2050 2450 2116 2490 eo
2156 2437 2302 2506 quod
2340 2437 2412 2492 sit
2455 2435 2623 2492 Pater
2655 2445 2710 2494 et
2747 2439 2961 2497 Filius:
3005 2445 3263 2513 quoniam
3303 2447 3396 2503 ille

1818 2524 2034 2594 quidem
2053 2528 2260 2598 genuit,
2294 2527 2383 2582 hic
2405 2544 2534 2584 vero
2569 2530 2786 2600 genitus
2813 2539 2898 2587 est
2928 2550 2943 2598 ;
2986 2534 3090 2590 hoc
3113 2546 3196 2592 est
3228 2537 3395 2610 igitur

1816 2615 1960 2684 quod
1991 2631 2250 2673 vocamus
2290 2619 2779 2698 consubstantiale.
2831 2622 3026 2680 Anam.
3074 2623 3234 2681 Nulla
3289 2627 3394 2698 igi-

1814 2710 1907 2757 tur
1944 2704 2048 2758 alia
2087 2720 2147 2760 re
2190 2704 2373 2760 differt
2423 2705 2586 2762 Pater
2624 2724 2654 2762 a
2694 2708 2874 2763 Filio?
2922 2711 3089 2783 Atqui
3122 2715 3392 2786 scriptum

1813 2801 1943 2847 est:
1981 2811 2000 2844 ι
2051 2793 2194 2860 Quid
2244 2810 2328 2849 me
2382 2795 2520 2851 dicis
2557 2798 2760 2852 bonum
2799 2801 2962 2856 esse?
3004 2801 3177 2858 Nemo
3213 2805 3391 2860 bonus

1812 2885 1920 2940 nisi
1951 2902 2094 2942 unus
2129 2887 2294 2942 Deus.
2323 2891 2338 2920 ¹
2379 2911 2397 2942 ι
2436 2889 2588 2944 Orth.
2625 2889 2796 2946 Filius
2822 2893 2988 2964 igitur
3032 2902 3145 2951 non
3170 2905 3255 2952 est
3284 2899 3384 2954 bo—

1811 2980 1960 3033 nus?
1997 2978 2185 3032 Anam.
2230 2978 2350 3050 lpse
2375 2980 2513 3034 dixit
2545 3001 2557 3036 :
2597 3000 2615 3033 ι
2646 2982 2788 3048 Quid
2837 3000 2923 3040 me
2963 2985 3102 3042 dicis
3141 2985 3390 3042 bonum?

1814 3072 1986 3129 Nemo
2036 3075 2235 3140 bonus,
2297 3077 2402 3131 nisi
2451 3091 2593 3131 unus
2625 3075 2788 3132 Deus.
2825 3097 2845 3130 ι
2917 3077 3070 3136 Orth.
3107 3069 3298 3136 Viden’
3329 3090 3390 3136 ut
3454 3081 3463 3090 ’

1815 3172 1965 3220 recte
1992 3165 2242 3231 dixerim,
2274 3176 2402 3222 tunc
2436 3166 2554 3222 fore
2585 3175 2640 3224 te
2668 3169 3065 3234 Christianum,
3118 3189 3241 3228 cum
3276 3173 3388 3229 fas-

1814 3271 1911 3313 sus
1963 3257 2130 3314 fueris
2176 3258 2371 3314 Filium
2427 3276 2549 3315 esse
2611 3259 2758 3314 Patri
2817 3264 3388 3320 consubstantialem?

1814 3350 2006 3404 Anam.
2041 3351 2219 3406 Credo
2257 3368 2344 3407 me
2366 3352 2738 3408 Christianum
2769 3369 2910 3409 esse.
2962 3354 3116 3409 Orth.
3146 3351 3202 3410 Si
3227 3357 3388 3412 Chri-

1815 3440 2026 3496 stianus
2065 3457 2239 3504 esses,
2300 3458 2408 3497 non
2439 3459 2668 3514 negares
2726 3443 2923 3499 Filium
2975 3461 3098 3501 esse
3156 3446 3382 3506 bonum.

1815 3534 2002 3588 Anam.
2046 3533 2255 3588 Bonum
2281 3550 2390 3590 non
2417 3551 2538 3591 esse
2565 3551 2672 3590 non
2700 3535 2831 3602 dixi,
2867 3537 2962 3592 sed
2994 3554 3118 3593 eum
3156 3538 3382 3596 dixisse:

1819 3643 1836 3673 ι
1872 3623 2042 3679 Nemo
2095 3627 2292 3689 bonus,
2334 3627 2439 3682 nisi
2481 3642 2624 3680 unus
2664 3625 2826 3682 Deus.
2871 3648 2888 3679 ι
2949 3628 3101 3682 Ortlt.
3136 3628 3386 3685 Bonitate

1813 3714 1980 3783 igitur
2023 3716 2160 3770 dicis
2196 3717 2412 3772 differre
2464 3717 2681 3772 Patrem
2736 3733 2767 3772 a
2802 3718 2978 3773 Filio?
3029 3721 3222 3777 Anam.
3257 3721 3382 3793 Ipse

1811 3805 1986 3860 dixit:
2024 3826 2043 3859 ι
2090 3808 2230 3874 Quid
2262 3825 2346 3864 me
2379 3811 2517 3864 dicis
2548 3811 2796 3865 bonum?
2824 3827 2987 3867 nemo
3013 3813 3212 3878 bonus,
3273 3815 3385 3870 nisi

1811 3913 1953 3952 unus
1995 3897 2157 3955 Deus.
2192 3919 2211 3952 ι
2283 3900 2436 3956 Orth.
2490 3901 2608 3956 Non
2646 3903 2804 3967 dixit,
2841 3892 2920 3957 Ne
2952 3919 3038 3958 me
3067 3904 3271 3959 bonum
3299 3907 3387 3964 di-

1809 3989 1951 4056 cito;
1986 3990 2102 4053 sed,
2145 4008 2164 4040 ‹
2203 3990 2345 4055 Quid
2375 4006 2460 4046 me
2491 3991 2630 4047 dicis
2658 3991 2900 4046 bonum?
2929 4011 2949 4044 ι
3002 3993 3191 4049 Anam.
3225 3995 3383 4062 Quae-

1809 4096 1938 4134 nam
1967 4097 2096 4136 vero
2150 4081 2453 4137 differentia
2485 4091 2566 4138 est
2596 4085 2739 4139 inter
2771 4084 2927 4147 illud,
2959 4082 3037 4140 Ne
3062 4101 3147 4140 me
3178 4087 3382 4142 bonum

1807 4172 1995 4235 dicito,
2027 4179 2080 4225 et
2105 4173 2258 4237 illud,
2297 4173 2438 4238 Quid
2468 4189 2554 4228 me
2586 4175 2725 4230 dicis
2771 4175 3021 4229 bonum?
3064 4175 3219 4233 Orth.
3269 4176 3382 4231 Ma-

1807 4279 1931 4333 gna.
1983 4266 2172 4319 Anam.
2209 4263 2512 4330 Quaenam?
2546 4265 2694 4322 Orth.
2751 4264 2909 4331 Illud,
2952 4265 3030 4320 Ne
3076 4282 3161 4321 me
3212 4266 3381 4322 dicito

106 4357 236 4425 γῶν
273 4373 345 4426 με
373 4357 538 4423 Θεόν;
569 4356 644 4419 ὼς
664 4356 746 4421 τὸ,
775 4375 793 4408 ι
829 4358 891 4408 Τί
919 4357 976 4410 δέ
1007 4377 1074 4429 με
1103 4359 1338 4423 καλεῖτε,
1369 4360 1562 4431 Κύριε,
1587 4361 1701 4413 Κύυ

1818 4370 2029 4421 bonum,
2089 4356 2385 4410 bonitatem
2425 4357 2566 4409 tollit
2601 4375 2614 4410 :
2659 4356 2806 4411 istud
2859 4372 3010 4420 vero,
3071 4376 3090 4408 ι
3125 4356 3263 4424 Quid
3295 4375 3382 4414 me

100 4469 225 4521 ριε,
259 4451 358 4503 καὶ
396 4451 456 4502 οὐ
484 4454 704 4514 ποιεῖτε,
741 4450 777 4504 ἂ
807 4451 984 4520 λέγω;
1018 4472 1036 4504 ι
1071 4453 1289 4524 Ἐπειδὴ
1321 4454 1396 4517 ὡς
1433 4454 1702 4524 ἀνθρώπῳ

101 4543 264 4613 ψιλῷ
289 4543 442 4613 αὑτῷ
470 4543 792 4614 προσῆλθεν,
826 4543 1012 4607 ἁπλῶς
1055 4543 1370 4596 διδάσκαλον
1401 4545 1702 4614 ὀνομάζων,

101 4634 200 4686 διὰ
218 4634 386 4686 τοῦτο
413 4633 578 4700 λέγει·
603 4651 621 4683 ι
647 4633 710 4684 Τί
734 4650 800 4702 με
817 4633 993 4701 λέγεις
1009 4633 1232 4700 ἀγαθὸν,
1267 4652 1284 4684 ι
1310 4633 1384 4704 μὴ
1416 4633 1704 4697 πιστεύων,

101 4728 192 4778 ὅτι
225 4725 496 4795 Θεόςείμι
519 4743 534 4792 ;
565 4745 583 4776 ‹
617 4725 803 4788 Οὐδεὶς
829 4725 938 4794 γὰρ
961 4725 1161 4793 ἀγαθὸς
1185 4727 1233 4778 εί
1254 4726 1328 4796 μὴ
1359 4721 1480 4789 εἷςὸ
1503 4726 1652 4789 Θεὸς.
1683 4745 1700 4777 ι

101 4818 324 4887 Ἀνόμ.
344 4818 454 4870 Καὶ
482 4819 644 4888 ἡμεῖς
663 4817 912 4888 λέγομεν,
943 4818 1022 4870 ὅτι
1047 4818 1247 4886 ἁγαθός
1279 4819 1446 4882 ἐστιν,
1473 4817 1584 4870 ἀλλ’
1606 4817 1704 4888 οὐχ

95 4910 295 4971 οὕτως
324 4908 544 4975 ἀγαθὸς,
573 4909 648 4971 ὼς
672 4909 920 4979 ὀΠατήρ.
946 4911 1098 4975 Ὀρθ.
1120 4909 1309 4960 Καίτοι
1336 4909 1435 4961 οὐκ
1461 4907 1696 4979 εἴρηται,

95 5001 312 5063 06651;
356 4999 578 5068 ἀγαθὸς,
611 5002 658 5051 εί
683 5001 756 5070 μὴ
771 4994 851 5062 εἷς
873 5003 901 5052 6
923 5001 1112 5070 Πατήρ
1128 5017 1142 5030 ο
1168 5000 1281 5052 ἀλλ’
1307 5019 1324 5048 ι
1348 4999 1535 5062 Οὐδεὶς
1564 5001 1701 5065 ἁγα-

93 5095 225 5157 θὸς,
269 5095 324 5144 εἱ
355 5092 429 5163 μὴ
453 5086 532 5156 εἷς
558 5094 586 5144 6
609 5093 760 5155 Θεός.
791 5111 809 5143 ι
841 5093 963 5155 Πῶς
991 5092 1046 5144 δὲ
1083 5092 1175 5144 καὶ
1206 5092 1481 5163 διαφέρειν
1524 5091 1703 5159 λέγεις

90 5187 203 5256 τὴν
259 5182 575 5254 ἀγαθότητα
595 5183 689 5237 τοῦ
723 5183 930 5255 Πατρὸς
949 5183 1051 5252 τῆς
1076 5182 1404 5253 ἁγαθότητος
1424 5183 1514 5236 τοῦ
1539 5181 1700 5247 Υἱοῦ;

169 5337 224 5370 ⁸ο
269 5335 385 5392 lsa.
419 5351 578 5401 xxvn,
615 5336 702 5392 18.
775 5338 792 5366 ¹
827 5335 990 5390 Marc.
1023 5353 1078 5402 x,
1113 5334 1201 5390 l8.
1278 5337 1298 5366 ³
1335 5333 1468 5392 Luc.
1503 5350 1578 5400 vr,
1611 5333 1699 5390 46.

139 5489 301 5580 ⁹(65)
349 5488 440 5548 Sic
474 5493 618 5568 Reg.
664 5497 718 5545 et
765 5489 941 5544 Palat.
990 5488 1134 5546 Editi
1174 5505 1302 5547 vero
1347 5489 1508 5554 male,
1551 5489 1691 5542 ἀνω-

83 5581 322 5632 τερων.

171 5633 302 5704 (64)
348 5632 480 5705 Reg.
516 5644 570 5693 et
598 5633 769 5691 Palat.
793 5632 972 5689 δώσει.

1803 4447 1942 4501 dicis
2003 4445 2240 4500 bonum?
2278 4467 2296 4499 ι
2352 4447 2576 4517 perinde
2623 4455 2708 4502 est
2753 4457 2934 4517 atque,
2985 4448 3259 4515 Quorsum
3294 4467 3382 4504 me

1805 4539 1942 4594 dicis
1977 4539 2198 4602 bonum,
2252 4555 2354 4595 nec
2393 4555 2479 4594 me
2507 4540 2791 4596 confiteris
2817 4541 2987 4595 Deum
3035 4557 3159 4596 esse
3181 4542 3204 4594 ?
3226 4550 3282 4595 ut
3325 4551 3381 4597 et

1807 4632 1938 4686 illud
1972 4651 1984 4685 :
2022 4652 2039 4682 ι
2079 4632 2222 4698 Quid
2255 4648 2340 4688 me
2380 4633 2628 4696 vocatis,
2679 4631 2929 4698 Domine,
2970 4632 3219 4697 Domine,
3277 4649 3379 4688 nec

1806 4722 1984 4778 facitis
2013 4740 2132 4794 quae
2163 4725 2364 4778 dico'?
2393 4744 2412 4776 ›
2457 4724 2726 4790 Quoniam
2754 4725 2921 4792 igitur
2955 4726 3045 4779 ille
3083 4734 3142 4778 ut
3172 4725 3374 4778 nudum

1809 4813 2081 4870 hominem
2137 4815 2271 4868 adiit
2327 4817 2525 4884 ipsum,
2587 4815 2908 4886 Magistrum
2933 4816 3254 4884 simpliciter
3282 4832 3378 4869 vo-

1805 4918 1957 4969 cans,
1993 4911 2278 4974 propterea
2316 4905 2491 4975 inquit
2526 4926 2536 4960 :
2578 4925 2595 4956 ι
2630 4905 2772 4972 Quid
2807 4923 2893 4961 me
2923 4907 3124 4960 bonum
3155 4905 3311 4968 dicis,
3352 4925 3370 4955 ι

1805 5011 1910 5050 non
1945 4997 2173 5051 credens
2221 4997 2365 5066 quod
2389 4999 2490 5052 sim
2531 4997 2718 5052 Deus?
2749 5016 2768 5048 ι
2807 4998 2975 5052 Nemo
3001 4997 3143 5050 enim
3174 4997 3372 5056 bonus,

1805 5087 1910 5141 nisi
1941 5103 2083 5141 unus
2118 5087 2278 5141 Deus.
2323 5107 2341 5139 ι
2413 5071 2603 5142 Anam.
2641 5087 2887 5142 Dicimus
2920 5094 2975 5142 et
3003 5101 3127 5147 nos,
3192 5086 3372 5154 ipsum

1804 5180 2007 5236 bonum
2051 5195 2194 5245 esse,
2231 5181 2326 5236 sed
2356 5195 2464 5235 non
2494 5181 2566 5234 ita
2600 5181 2827 5246 bonum,
2867 5187 2926 5233 ut
2954 5179 3132 5235 bonus
3160 5185 3247 5232 est
3269 5175 3373 5232 Pa-

1869 5485 1977 5557 (65)
2018 5486 2122 5539 Τοῦ
2148 5483 2279 5557 Υίοῦ
2312 5483 2542 5557 dgestin
2573 5482 3107 5557 Pala_tiqo.ulbid.,_5v
3135 5480 3222 5557 τάξ
3238 5479 3368 5534 Θεὸν

1798 5549 1892 5612 καί
1918 5549 2136 5626 Πατέρα
2166 5552 2324 5626 εἶναι.
2352 5555 2512 5626 Elliti.
2551 5557 2610 5608 ὲν
2644 5554 2722 5625 τῷ
2754 5554 2872 5625 Θεῷ
2905 5557 2998 5609 καὶ
3019 5553 3151 5607 Θεὸν
3173 5549 3332 5607 εἶναι..

1871 5629 2007 5698 (65‘)
2043 5622 2222 5698 Villg.,
2255 5622 2339 5699 ᾗς.
2374 5624 2528 5678 Εῡιτ.
