3878 6208
387 239 396 256 ·
471 254 615 314 ms
1659 264 1714 320 s.
1751 263 2208 324 ATHANASIUS.
2251 299 2320 312 —
2359 268 2623 327 Spuma.
3561 269 3720 324 itte

470 372 649 426 littera
683 371 727 427 G
757 373 986 444 signabo
1011 375 1140 446 (qui
1171 376 1312 433 alius
1343 385 1522 435 tamen
1553 388 1637 436 est
1668 397 1697 435 a
1727 380 2075 450 Gobleriano,
2104 384 2251 456 quod
2286 385 2607 456 notandum)
2637 385 2782 440 aliud
2811 384 2948 439 nihil
2977 383 3139 441 habet
3164 383 3231 440 de
3260 390 3500 449 auctore,
3531 399 3708 453 quam

469 478 591 532 quae
633 464 900 534 interpres
928 468 982 520 in
1008 469 1327 536 praefatione
1364 473 1568 540 posuit.
3491 476 3502 487 ’

540 553 884 624 Combeﬁsius
917 560 1142 613 secundo
1175 569 1312 614 tomo
1342 579 1550 628 operum
1579 565 1756 617 sancti
1785 562 2033 628 Maximi,
2067 580 2120 633 p.
2153 565 2276 630 581,
2318 566 2428 620 haec
2461 566 2612 620 habet
2642 583 2660 620 :
2695 565 2928 622 Maximo
2947 567 3229 622 ascribunt
3276 565 3508 620 Romani
3533 564 3707 618 codd.

468 653 525 698 et
569 645 776 712 Veneti,
811 650 1033 721 ipseque
1074 652 1337 709 Dufrenii.
1366 654 1563 726 Sicque
1609 661 1811 727 passim
1857 661 2029 714 citant
2053 658 2226 714 Graeci
2267 663 2360 731 qui
2403 661 2676 732 πολεμικά
2704 661 3040 731 scripserunt
3072 677 3102 714 a
3138 662 3248 716 400
3276 668 3331 716 et
3369 660 3474 714 500
3499 661 3704 724 annis;

468 737 574 792 etsi
631 738 791 793 iidem
819 745 1146 814 quandoque
1186 747 1419 814 variant,
1449 749 1726 819 citentque
1752 750 1916 804 etiam
1949 753 2227 806 Athanasii
2260 755 2516 819 nomine;
2547 756 2790 808 variante
2820 755 3031 808 scilicet
3075 754 3204 808 olim
3253 753 3332 807 eis
3371 752 3482 820 jam
3513 766 3709 804 exem-

468 827 702 894 plarium
759 831 1113 903 inscriptione
1159 856 1172 891 :
1223 853 1348 892 cum
1403 848 1591 894 notum
1631 843 1702 896 sit
1737 857 1847 895 non
1892 858 2013 898 esse
2065 844 2350 899 Athanasii
2403 860 2562 915 opus,
2618 847 2723 900 etsi
2774 845 3092 899 Theodorus
3125 843 3262 897 Beza
3301 843 3418 912 ejus
3457 843 3709 911 vulgavit

467 921 712 988 nomine,
746 932 854 982 etc.
897 926 963 982 In
1009 932 1144 985 notis
1176 947 1332 999 porro
1359 948 1410 1001 p.
1447 934 1548 988 715
1581 936 1658 988 ait
1698 935 1827 1004 ipse,
1872 938 2268 1006 prwstantiores
2316 955 2429 992 esse
2475 939 2566 1009 qui
2613 937 2852 992 Maximo
2884 936 3123 990 tribuunt
3169 934 3391 999 codices,
3421 949 3585 1002 quam
3612 936 3718 1004 qui

470 1013 783 1072 Athanasio.

544 1110 646 1164 Hic
680 1132 772 1167 nos
809 1116 1088 1185 adjicimus
1117 1119 1344 1175 codicem
1373 1139 1472 1192 quo
1506 1125 1705 1177 utimur
1731 1124 1970 1193 Regium,
2010 1126 2269 1189 neutrius,
2301 1141 2392 1179 nec
2413 1126 2695 1180 Athanasii
2723 1126 2924 1180 scilicet
2957 1143 3046 1180 nec
3077 1123 3323 1188 Maximi,
3348 1139 3533 1178 nomen
3561 1137 3707 1191 prte-

471 1202 627 1270 ferre.
661 1205 728 1259 In
766 1207 1022 1262 Vaticano
1046 1228 1204 1276 porro
1236 1212 1412 1266 codice
1442 1217 1722 1270 Athanasii
1748 1217 2132 1270 inscribuntur.
2156 1217 2389 1271 Joannes
2424 1219 2546 1271 item
2578 1217 2961 1288 Cyparissiotes
2989 1217 3172 1272 decad.
3205 1218 3258 1278 '5,
3290 1232 3335 1269 c.
3364 1215 3418 1276 5,
3445 1215 3541 1268 hoc
3571 1229 3704 1279 opus

471 1293 751 1366 Dinlogum
806 1317 840 1353 ιι
890 1313 1038 1355 vocat
1083 1305 1365 1360 Athanasii
1394 1324 1510 1360 cum
1543 1309 1671 1362 Ario
1707 1311 1760 1362 in
1791 1309 1989 1378 synodo
2024 1308 2269 1364 Nicwna.
2302 1307 2480 1364 Citant
2513 1311 2634 1364 item
2670 1311 2869 1378 passim
2912 1310 3222 1363 recentiores
3253 1306 3440 1371 Grazci,
3477 1304 3703 1358 Marcus

470 1389 785 1458 Ephesinus,
823 1393 1075 1466 Georgius
1106 1398 1409 1465 Metochila,
1453 1390 1677 1456 Vecchus
1708 1415 1756 1457 et
1787 1405 1882 1457 alii
1915 1406 2238 1460 :Athanasii
2266 1406 2440 1468 modo,
2476 1406 2630 1460 modo
2665 1405 2889 1459 Maximi
2920 1407 3142 1459 nomine.
3170 1404 3238 1456 At
3270 1402 3430 1471 fuisse
3457 1400 3706 1453 Athana-

468 1482 548 1534 sio
579 1498 848 1551 perperam
897 1490 1150 1556 ascripta,
1184 1508 1332 1546 nemo
1368 1493 1486 1562 jam
1536 1495 1772 1550 eruditus
1800 1513 1902 1550 non
1947 1500 2195 1552 aestimat.
2233 1497 2387 1552 Nihil
2415 1500 2552 1552 enim
2580 1499 2663 1551 hic
2693 1498 2984 1552 Athanasio
3026 1497 3241 1568 dignum
3269 1503 3529 1564 comparet
3560 1510 3581 1546 :
3609 1509 3703 1545 nec

468 1586 797 1642 usurpantur
825 1576 907 1632 hic
939 1596 1001 1634 ea
1028 1597 1162 1650 saepe
1195 1601 1311 1654 qua:
1344 1587 1535 1654 sa'pius
1563 1586 1770 1642 adhibet
1796 1589 2122 1644 Athanasius
2169 1601 2478 1661 argumenta
2510 1592 2758 1646 adversus
2786 1591 3013 1646 Arianos
3040 1601 3089 1645 et
3119 1591 3410 1644 Anomazos.
3456 1586 3701 1641 Maximo

468 1681 596 1718 sane
633 1669 806 1735 potius
835 1671 1169 1738 ascribenda,
1203 1677 1324 1730 licet
1362 1679 1581 1749 insignis
1614 1681 1713 1733 illa
1746 1681 1981 1735 codicum
2013 1684 2262 1747 varietas,
2287 1701 2506 1754 quorum
2536 1685 2767 1757 plerique
2791 1686 3044 1740 neminem
3097 1683 3381 1752 prmferunt
3407 1688 3700 1744 auctorem,

467 1773 573 1811 non
625 1760 884 1816 modicum
917 1766 1016 1819 hac
1067 1769 1121 1821 in
1155 1787 1210 1822 re
1240 1771 1440 1841 ingerat
1496 1776 1798 1843 scrupulum
1828 1793 1846 1830 :
1883 1777 2219 1848 suadentque,
2258 1796 2320 1832 ne
2359 1780 2669 1849 festinanter
2697 1798 2758 1834 ac
2785 1781 2929 1834 nullo
2978 1779 3134 1832 dubio
3173 1779 3272 1845 ipsi
3311 1775 3700 1844 adjudicemus,

468 1850 631 1907 donec
686 1859 860 1926 major
891 1860 944 1913 in
978 1863 1087 1916 dies
1138 1864 1231 1917 lux
1261 1868 1636 1938 uestigantibus
1691 1872 1960 1940 effulgeat.
1994 1873 2154 1925 Aliud
2203 1883 2279 1928 est
2307 1874 2446 1943 quod
2477 1873 2715 1928 Maximo
2753 1872 3279 1938 abiudicandumhoc
3307 1885 3433 1939 opus
3471 1869 3703 1942 fortasse

468 1947 732 2004 suadeat:
762 1955 886 2023 quia
911 1957 1110 2013 scilicet
1136 1961 1316 2016 multis
1341 1963 1429 2017 ille
1463 1966 1670 2019 swculis
1695 1967 1876 2034 ﬂoruit
1905 1977 2022 2036 post
2050 1978 2262 2022 exortas
2297 1969 2519 2024 hcereses
2546 1985 2662 2040 qua:
2687 1970 2768 2022 hic
2796 1970 3182 2039 impugnantur.

541 2041 675 2098 Cum
711 2051 882 2103 neutri
921 2068 1063 2123 ergo,
1106 2071 1196 2108 nec
1233 2057 1523 2112 Atltanasio
1569 2061 1767 2114 scilicet
1799 2077 1888 2114 nec
1924 2060 2182 2124 Maximo,
2217 2065 2328 2118 sine
2359 2063 2685 2117 dubitatione
2710 2062 3093 2117 ascriberentur
3122 2077 3139 2114 :
3169 2059 3379 2113 tertium
3407 2053 3699 2109 Garnerius

469 2139 687 2204 protulit
711 2142 778 2195 ad
804 2159 954 2212 quem
983 2145 1092 2201 [nec
1127 2154 1382 2217 pertinere
1409 2163 1631 2222 pugnat,
1667 2155 2046 2210 Theodoretum
2075 2157 2308 2211 videlicet
2337 2173 2355 2210 :
2391 2159 2479 2229 qui
2506 2159 2644 2213 hisce
2674 2159 2934 2228 praecipue
2955 2157 3277 2229 argumentis
3309 2169 3435 2222 opus
3461 2163 3700 2205 asserere

472 2233 681 2288 nititur.
725 2236 864 2302 Quia
899 2256 1009 2295 sese
1039 2252 1266 2298 testatur
1298 2246 1654 2303 Theodoretus
1679 2251 1948 2320 scripsisse
1980 2251 2228 2308 adversus
2258 2254 2553 2320 Anomazos,
2597 2253 3006 2308 Macedonianos
3049 2263 3098 2306 et
3137 2249 3575 2322 Apollinaristas,
3607 2243 3701 2313 qui

469 2326 528 2378 in
554 2327 694 2384 hisce
743 2331 978 2406 Dialogis
1029 2349 1416 2410 oppugnantur.
1444 2343 1502 2396 2°
1529 2343 1680 2410 Quod
1714 2347 1880 2401 multa
1919 2347 2034 2402 loca
2066 2348 2147 2402 hic
2195 2357 2552 2418 compareant,
2578 2349 2699 2404 aliis
2734 2347 3042 2403 Theodoreti
3088 2347 3213 2400 locis
3245 2343 3465 2398 multum
3495 2337 3697 2408 omnia.

470 2419 735 2478 Mittimus
767 2427 875 2480 alia
910 2431 1126 2485 minoris
1165 2437 1414 2490 momenti
1443 2453 1475 2490 a
1505 2438 1616 2491 viro
1662 2440 1814 2493 docto
1845 2439 2035 2505 allata,
2063 2459 2125 2496 ne
2153 2442 2222 2494 ad
2249 2442 2358 2495 alia
2387 2453 2726 2512 properantes
2768 2451 3035 2498 morentur
3054 2483 3069 2506 ,
3098 2437 3491 2510 reponimusque
3539 2427 3698 2482 nimis

467 2525 657 2580 vagum
688 2515 822 2568 illud
850 2533 961 2572 esse
991 2533 1376 2592 argumentum,
1405 2529 1621 2594 petitum
1661 2529 1857 2583 scilicet
1887 2547 1919 2584 a
1953 2534 2254 2586 memoratis
2283 2533 2392 2586 illis
2450 2533 2758 2588 Theodoreti
2804 2535 3053 2589 adversus
3094 2525 3392 2599 hujusmodi
3421 2524 3699 2576 Ιιωνειίεοε

469 2602 730 2670 operibus.
758 2605 889 2661 Cum
915 2612 1050 2664 enim
1083 2614 1134 2667 in
1158 2615 1304 2670 nullo
1333 2617 1508 2672 codice
1536 2619 1846 2675 Theodoreti
1870 2638 2056 2677 nomen
2077 2625 2385 2694 prwferant,
2411 2634 2460 2679 et
2491 2643 2522 2678 a
2561 2627 2706 2679 nullo
2736 2628 2988 2695 scriptore
3019 2619 3326 2678 Theodoreti
3354 2616 3562 2670 nomine
3590 2626 3700 2664 me~

469 2706 756 2762 morentur,
789 2703 999 2755 nonnisi
1029 2708 1336 2774 augurando
1373 2708 1707 2763 ascribuntur
1731 2710 2070 2768 Theodoreto.
2107 2713 2259 2779 Quod
2283 2713 2405 2768 illas
2434 2723 2631 2781 spectat
2660 2715 2787 2784 styli
2817 2714 3093 2783 affinitates
3128 2726 3147 2764 :
3175 2721 3356 2778 pauca:
3391 2719 3518 2759 sane
3545 2708 3700 2767 atque

469 2784 601 2839 leves
651 2799 774 2843 sunt
811 2793 1204 2862 similitudines,
1230 2807 1288 2852 ut
1321 2801 1458 2868 apud
1490 2800 1803 2856 Garnerium
1845 2805 2138 2874 inspicienti
2174 2807 2412 2875 patebit:
2439 2816 2487 2861 et
2516 2808 2563 2860 si
2601 2824 2716 2877 qua:
2759 2808 2885 2870 sint,
2924 2804 3049 2876 quid
3091 2805 3282 2856 mirum
3322 2800 3368 2854 si
3412 2795 3596 2852 eadem
3635 2792 3700 2843 de

468 2891 525 2931 re
552 2879 832 2937 scribentes
877 2887 1041 2955 aliqui
1079 2889 1259 2943 eadem
1307 2907 1678 2962 nonnunquam
1724 2905 1972 2962 usurpant
2002 2908 2332 2966 argumenta.
2369 2897 2485 2950 Imo
2515 2914 2631 2951 vero
2661 2897 2849 2950 nedum
2887 2896 3127 2965 afﬁnitas
3159 2894 3338 2962 aliqua
3380 2887 3531 2942 nobis
3563 2893 3702 2939 inter

468 2970 573 3023 ista
601 2972 858 3037 videatur,
889 2977 942 3030 hi
973 2977 1178 3050 Dialogi
1207 2981 1528 3036 Theodoreto
1558 2983 1759 3054 indigni
1789 2994 2063 3053 putantur.
2095 2985 2283 3041 Fuisse
2309 2998 2479 3041 autem
2508 2987 2675 3042 editos
2713 2987 2865 3041 hosce
2900 2986 3152 3056 Dialogos
3178 2995 3287 3053 post
3315 2979 3698 3036 Constantino-

465 3065 759 3132 politanam
801 3072 1029 3138 primam
1068 3077 1437 3130 aecumenicam
1465 3077 1723 3148 synodum
1771 3078 1930 3148 liquet
1969 3096 2033 3134 ex
2072 3081 2136 3134 iis
2178 3097 2295 3151 quae
2332 3081 2546 3152 dialogo
2580 3097 2642 3136 ιιι
2675 3088 2905 3151 aguntur
2930 3080 2994 3133 de
3017 3075 3308 3148 adjectione
3330 3071 3402 3126 ibi
3440 3069 3511 3124 ad
3536 3086 3698 3140 syno—

467 3157 594 3210 dum
629 3157 793 3226 facta.
1533 3177 1535 3180 '

538 3244 798 3302 therum
865 3248 1247 3309 Keckermanni
1287 3257 1386 3311 illa
1432 3257 1690 3328 appendix
1761 3259 1829 3313 ad
1891 3259 2158 3330 dialogum
2212 3261 2267 3326 2,
2323 3278 2480 3332 quam
2529 3261 2810 3317 Athanasii
2860 3276 2971 3316 esse
3019 3257 3233 3328 judicat
3287 3253 3698 3312 Felckmannus,

466 3334 633 3389 multo
688 3338 854 3408 magis
917 3339 1161 3397 abhorret
1217 3343 1283 3398 ab
1331 3345 1621 3429 [Athanasii
1674 3348 1812 3418 stglo
1857 3364 2016 3419 quam
2067 3349 2254 3421 reliqui
2291 3351 2522 3424 dialogi;
2561 3369 2724 3425 quare
2761 3353 3128 3408 incunctanter
3181 3348 3231 3405 ei
3285 3343 3700 3418 aqudtcandam

466 3440 750 3484 censemus.

1559 3696 1694 3752 ΤΟΥ
1723 3697 1815 3751 ΕΝ
1846 3698 2069 3753 ΑΓΙΟῙΣ
2107 3698 2374 3753 ΠΑΤΡΟΣ
2408 3699 2607 3752 ΗΜΩΝ

1767 3839 2404 3936 ΑΘΑΝΑΣΙΟΥ

608 3995 980 4051 ΔΙᾼΛΟΓΟΣ
1015 3998 1201 4053 ΠΕΡΙ
1238 4001 1378 4056 ΤΗΣ
1421 4003 1744 4072 ΤΡΙΑΔΟΣ,
1799 4006 2519 4133 ΕένΡζέΙὲᾕΙιέξὲἓΝΤΑΙ
2553 4002 2964 4061 ΟΡΘΟΔΟΞΟΣ
2993 4006 3130 4061 ΚΑΙ
3175 4003 3560 4060 ΑΝΟΜΟΙΟΣ

1463 4349 1560 4428 δ.
1637 4339 1747 4428 Ρ.
1825 4343 1945 4436 Ν.
2015 4341 2660 4434 ATHANASII

572 4502 942 4561 DIALOGUS
988 4503 1090 4560 DE
1137 4505 1422 4564 SANCTA
1482 4509 1912 4585 TRINITATE.
1950 4513 2042 4570 IN
2093 4517 2246 4585 ovo
2306 4509 2904 4583 COLLOQUUNTUR
2943 4507 3440 4568 oarnoooxvs
3498 4506 3591 4561 cr

1654 4582 2053 4644 ANOMOEUS
2096 4582 2532 4658 .ARIANISTA.

1049 4797 1426 4860 ANOMOEUS.
1923 4879 1926 4882 _
2051 4813 2100 4869 A

1923 4879 1926 4882 _
2051 4813 2100 4869 Α
2720 4799 3084 4854 ΑΝοΜοιοΣ.

537 4915 590 4971 1.
624 4913 968 4969 Christianus
994 4915 1094 4969 es?

2200 4921 2250 4974 1.
2285 4934 2605 4990 Αριστιανος
2638 4911 2720 4982 εἷς

538 5027 896 5083 Orthodoxus.
929 5029 1071 5084 Sane
1102 5029 1341 5099 quidem.
1373 5032 1560 5086 Anam.
1589 5031 1730 5098 Quid
1754 5040 1839 5088 est
1865 5033 2023 5088 Chri-

2209 5031 2571 5101 Ὀρθόδοξος.
2600 5031 2708 5083 Καὶ
2731 5031 2889 5084 πάνυ.
2907 5030 3093 5099 Ἀνόμ.
3123 5027 3187 5081 Τί
3206 5030 3350 5080 ἐστιν
3371 5028 3400 5080 ὁ
3427 5027 3472 5078 Χ
3481 5042 3679 5097 ριστια-

464 5119 826 5175 stianismus?
883 5120 1034 5175 Orth.
1105 5119 1242 5176 Illud
1295 5123 1513 5193 quidem
1567 5124 1750 5179 dicere
1803 5141 1992 5182 necess

2149 5123 2348 5194 ιισμός;
2395 5123 2547 5190 Ὀρθ.
2613 5120 2774 5174 Ἀλλὰ
2831 5137 2892 5174 το
2925 5121 3023 5191 μὲν
3063 5115 3132 5190 ἦν
3161 5119 3456 5186 ἀναγκαῖον
3492 5120 3680 5177 εἰπεῖν,

465 5210 568 5264 fuit
607 5229 619 5264 :
669 5211 813 5264 istud
858 5227 988 5267 vero
1036 5228 1146 5268 non
1199 5214 1271 5268 ita
1320 5223 1518 5268 tutum.
1567 5216 1758 5268 Anom.
1825 5213 1995 5280 Quam

2150 5214 2187 5268 τὸ
2206 5215 2265 5267 δὲ
2290 5215 2389 5266 οὐκ
2411 5213 2667 5280 ἀσφαλές.
2710 5213 2895 5282 Ἁνόμ.
2930 5213 3029 5266 Διὰ
3048 5211 3138 5278 τίς
3174 5212 3320 5280 Ὀρθ.
3351 5210 3423 5262 Τὸ
3457 5209 3554 5280 μὲν
3585 5209 3681 5280 γὰρ

467 5298 697 5352 obrem?
723 5297 878 5354 Orth.
909 5298 1174 5365 Quoniam
1199 5300 1377 5357 dicere
1405 5302 1621 5372 quidem
1647 5319 1871 5359 necesse
1906 5320 1997 5359 era

2148 5308 2315 5370 ηιπεῖν,
2347 5307 2428 5358 ὄτι
2470 5304 2703 5374 Χριστοῦ
2739 5303 2921 5367 δοῦλός
2954 5305 3090 5374 εἰμι,
3137 5303 3433 5370 ἀναγκαῖον
3474 5301 3643 5352 εἰπεῖν
3667 5315 3679 5327 α

465 5403 553 5443 me
597 5403 718 5444 esse
772 5391 975 5447 Christi
1029 5409 1281 5457 servum,
1327 5394 1512 5450 dicere
1559 5410 1721 5462 vero,
1766 5395 1897 5465 quid
1953 5397 1996 5451 si

2151 5397 2180 5450 ὸ
2203 5397 2280 5460 δὲ,
2308 5397 2360 5450 τί
2390 5399 2532 5452 ἐστιν
2555 5399 2583 5450 ὁ
2608 5395 3050 5468 Χριπιανισμὸς,
3081 5394 3181 5447 οὐκ
3209 5391 3467 5462 ἀσφαλὲς,
3494 5391 3588 5443 ἐὰν
3613 5390 3680 5460 μὴ

465 5479 918 5538 Christianismus
939 5523 954 5548 ,
985 5490 1161 5539 tutum
1195 5501 1306 5540 non
1341 5485 1539 5552 fuerit,
1574 5487 1679 5542 nisi
1714 5501 1996 5559 cognovert

2152 5488 2236 5541 ’νῶ
2266 5489 2349 5551 τις
2375 5490 2522 5541 ἐστιν
2552 5489 2581 5540 ὁ
2606 5489 2822 5559 ἐρωτῶν
2842 5503 2856 5517 ο
2893 5487 3102 5557 μήποτε
3141 5483 3346 5555 εὑρεθῶ
3380 5480 3588 5553 βάλλων
3620 5479 3683 5531 τὰ

465 5571 714 5640 quisnam
759 5573 849 5630 ille
895 5575 966 5630 sit
1010 5577 1104 5647 qui
1157 5577 1260 5633 hoc
1312 5586 1661 5647 percontatur
1714 5599 1726 5634 :
1777 5595 1844 5634 ne
1886 5578 1996 5634 forti

2150 5597 2253 5648 ιγια
2277 5582 2387 5643 τοῖς
2432 5581 2663 5650 κυσὶν,ἢ
2697 5580 2824 5646 τοὺς
2857 5577 3200 5648 μαργαρίτας
3243 5573 3552 5645 ἔμπροσθεν
3581 5570 3681 5623 τῶν

467 5663 772 5732 comperiar
808 5666 1035 5722 canibus
1070 5684 1158 5724 res
1186 5677 1405 5725 sanctas
1453 5679 1506 5727 et
1552 5671 1734 5740 porcis
1761 5675 1993 5725 marrari

2152 5672 2339 5739 'oiptov.
2370 5671 2478 5724 Καὶ
2502 5671 2626 5742 γὰρ.
2660 5672 2751 5725 ἐὰν
2790 5687 2856 5740 με
2886 5671 3184 5740 ἐρωτήσῃς,
3212 5666 3407 5730 Πιστὸς
3436 5661 3487 5718 εἶ
3508 5664 3542 5736 ἢ
3565 5675 3683 5717 καφ-
