3878 6208
262 253 405 310 ΗΠ

1278 245 1370 300 DE
1409 243 1683 304 SANCTA
1723 241 2096 300 TRlNlTATE
2135 240 2488 302 DIALOGUS
2523 241 2568 296 1.

3385 243 3544 300 ως

261 370 564 443 ηχούμενος
595 366 728 439 (40),
774 364 1002 436 ἑτοίμως
1031 361 1174 432 λέγω
1203 362 1232 415 6
1257 364 1372 432 εἰμι
1392 379 1405 390 ·
1434 362 1488 414 τί
1517 363 1576 416 δέ
1625 364 1738 414 ἐστι
1781 361 1832 413 τὲ

1944 369 2028 417 tas
2058 362 2224 435 508
2244 363 2535 434 projicere.
2571 360 2785 417 Etenim
2811 360 2857 416 si
2880 373 2947 416 ex
2976 374 3064 416 me
3095 374 3346 429 quaeras:
3382 361 3528 418 Esne

261 459 405 516 εἶναι
431 460 639 522 πιστὸν,
669 459 728 511 οὐ
757 457 920 525 λέγω,
955 456 1164 526 μήποτε
1192 454 1283 507 καὶ
1325 454 1576 517 Ἰουδαῖος
1664 455 1693 507 6
1720 455 1832 524 ὲρω

1950 453 2145 518 fidelis,
2204 462 2299 510 aut
2347 455 2800 518 catechumenus,
2849 453 3138 508 confestim
3194 453 3370 508 dicam
3431 455 3526 525 qui

257 550 393 605 τῶν.
445 550 635 617 Ἀνόμ.
684 546 822 599 Ἀλλ’
867 544 978 613 ἐγώ
1025 560 1106 596 σοι
1148 543 1290 611 λέγω
1332 545 1360 595 6
1391 543 1610 615 ἐρωτῶν
1649 560 1730 606 σε,
1765 543 1832 596 ὅτι

1949 545 2054 600 sim
2093 565 2106 600 :
2141 547 2272 617 quid
2319 549 2392 602 sit
2440 554 2621 602 autem
2660 546 2873 600 ﬁdelem
2911 560 3052 608 esse,
3074 560 3183 598 non
3225 545 3426 607 dicam,
3457 561 3527 600 ne

259 639 587 712 Χριστιανός
611 641 744 708 ειμι.
783 638 926 704 Ὀρθ.
955 636 1068 689 Οὐκ
1097 635 1299 706 ἤρκεσέ
1331 652 1412 687 σοι
1441 635 1502 687 τὸ
1527 639 1699 688 εἰπεῖν
1725 635 1845 706 ἐμὲ,

260 730 344 784 ὅτι
367 729 687 801 Χριστιανός
711 731 825 798 εἰμι
846 744 858 757 ·
884 728 992 780 οὐδ’
1018 729 1141 796 ἐμοὶ
1163 728 1322 797 ἀρκεῖ
1340 727 1400 778 τὸ
1425 729 1597 780 εἰπεῖν
1622 743 1680 778 σε
1710 725 1843 796 (41),

259 823 347 876 ὅτι
393 820 712 892 Χριστιανὸς
753 815 834 872 εἴ·
873 820 966 873 ἐὰν
1003 821 1076 890 μή
1120 837 1207 891 μοι
1247 819 1428 892 εἴπῃς,
1468 819 1522 872 τί
1557 822 1670 872 ἐστι
1713 821 1846 890 Χρι-

263 914 600 982 στιανισμός.
634 914 742 964 Καὶ
783 911 904 964 τότε
942 911 998 964 δὲ
1032 913 1092 964 ού
1137 912 1355 974 πάντως
1398 908 1448 964 εἷ
1484 910 1838 980 Χριστιανός·

260 1004 386 1057 οὐδε
416 1002 522 1072 γάρ
553 1001 614 1053 τὸ
648 1000 847 1053 εἰδέναι
875 1001 926 1052 τί
955 1003 1100 1053 ἐστιν
1149 1003 1178 1052 6
1209 999 1650 1070 Χριστιανισμὸς,
1686 999 1844 1052 τοῦτό

261 1098 413 1149 ἐστιν
464 1090 603 1147 εἶναι
659 1093 1015 1164 Χριστιανὸν·
1075 1092 1262 1164 ἐπειδὴ
1310 1093 1428 1145 οὐδὲ
1456 1093 1515 1144 τὸ
1559 1092 1752 1145 εἰδέναι
1790 1093 1842 1146 τί

261 1188 411 1239 ἐστιν
444 1183 772 1253 Ἰουδαϊσμός
807 1184 923 1234 ἐστι
951 1181 1012 1234 τὸ
1056 1163 1200 1235 εἶναι.
1227 1183 1476 1235 Ἰουδαῖον
1525 1181 1632 1254 (42)
1657 1199 1669 1212 ’
1721 1183 1841 1235 οὐδὲ

260 1279 327 1330 τὸ
358 1276 552 1330 εἰδέναι
579 1276 630 1328 τί
671 1279 818 1328 ἐστιν
852 1275 1222 1344 Ἑλληνισμὸς,
1254 1273 1410 1327 τοῦτό
1449 1277 1563 1327 ἐστι
1595 1275 1656 1327 τὸ
1701 1269 1839 1327 εἶναι

262 1370 522 1440 Ἕλληνα.
559 1370 748 1437 Ἀνόμ,
777 1364 939 1430 Οἶδας
968 1368 1055 1421 τὸν
1087 1367 1248 1431 Θεόν;
1285 1367 1436 1434 Ὀρθ.
1473 1367 1599 1420 Ναί.
1639 1368 1835 1435 Ἀνόμ.

273 1463 363 1526 Ὠς
404 1461 564 1525 αὐτὸς
609 1461 796 1513 ἑαυτὸν
838 1457 1008 1525 οἷδεν;
1056 1461 1202 1527 Ὀρθ.
1248 1459 1343 1512 0’3.
1393 1459 1580 1528 Ἀνόμ.
1632 1459 1838 1512 Ούκοῦν

259 1552 364 1610 όῦκ
411 1550 554 1618 οἶδας
609 1554 808 1620 αὑτόν;
852 1553 998 1620 Ὀρθ.
1047 1547 1177 1606 Οἶδα
1222 1552 1402 1612 αὑτὸν,
1446 1553 1522 1616 ὡς
1567 1553 1838 1622 ὲνδέχεται

259 1643 548 1715 ἀνθρώπου
599 1643 756 1713 φύσει
796 1643 1014 1695 εἰδέναι.
1053 1643 1251 1712 Ἀνόμ.
1288 1643 1496 1707 Ἀλλως
1544 1638 1635 1696 οὖν
1675 1643 1837 1696 αὐτὸν

1946 636 2088 693 forte
2129 638 2351 694 Judaaus
2391 639 2488 703 sis,
2535 639 2628 709 qui
2679 638 3008 708 interrogas.
3060 638 3251 690 Anam.
3307 635 3374 690 At
3425 653 3528 708 ego

1947 732 2040 801 qui
2065 731 2168 786 hoc
2195 748 2260 786 ex
2287 743 2339 786 te
2371 747 2577 800 quaero,
2599 730 2697 786 tibi
2721 731 2845 785 dico
2867 745 2951 783 me
2977 729 3350 785 Christianum
3382 745 3523 786 esse.

1949 822 2103 878 Orth.
2162 823 2281 877 Tibi
2331 838 2438 877 non
2479 822 2580 877 fuit
2623 823 2780 885 satis,
2827 823 2971 892 quod
3018 837 3104 876 me
3147 821 3524 876 Christianum

1946 917 2180 972 dixerim
2221 935 2232 969 :
2270 917 2344 970 ita
2389 917 2523 970 mihi
2565 931 2784 986 quoque
2810 931 2918 970 non
2963 914 3098 970 satis
3145 921 3248 976 est,
3289 915 3431 984 quod
3473 924 3529 969 te

1943 1007 2313 1063 Christianum
2363 1024 2486 1063 esse
2537 1008 2687 1062 dicas
2735 1027 2748 1062 :
2798 1008 2906 1062 nisi
2951 1007 3085 1061 mihi
3127 1006 3335 1060 dixeris
3392 1006 3526 1076 quid

1942 1101 2014 1156 sit
2064 1099 2538 1155 Christianismus.
2590 1099 2669 1152 Ac
2713 1114 2782 1152 ne
2837 1099 2919 1153 sic
2975 1097 3195 1167 quidem
3258 1097 3418 1166 plane
3465 1109 3531 1150 es

1941 1190 2287 1246 Christianus
2323 1208 2337 1244 :
2369 1205 2548 1259 neque
2574 1189 2719 1243 enim
2754 1188 2897 1244 scire
2922 1188 3053 1258 quid
3078 1188 3149 1242 sit
3173 1186 3527 1241 Christianis-

1939 1299 2099 1346 mus,
2135 1283 2240 1336 hoc
2267 1290 2352 1337 est
2391 1282 2767 1336 Christianum
2807 1295 2973 1344 esse;
3011 1295 3136 1334 nam
3172 1294 3349 1349 neque
3385 1279 3528 1334 scire

1939 1375 2070 1447 quid
2134 1375 2205 1429 sit
2252 1371 2600 1437 Judaismus,
2661 1383 2743 1429 est
2809 1389 2931 1429 esse
2994 1371 3273 1437 Judaeum,
3349 1386 3531 1441 neque

1939 1463 2082 1518 scire
2137 1461 2267 1532 quid
2339 1462 2410 1516 sit
2475 1460 2854 1532 gentilismus,
2929 1464 3013 1512 est
3075 1458 3332 1527 gentilem
3381 1471 3523 1511 esse.

1946 1553 2126 1607 Anam.
2194 1550 2348 1606 Nosti
2416 1550 2630 1606 Deum?
2695 1549 2847 1605 Orth.
2911 1548 3107 1602 Etiam.
3169 1550 3359 1603 Anam.
3455 1547 3526 1601 Ut

1940 1645 2058 1714 ipse
2086 1645 2327 1714 seipsum
2356 1645 2552 1699 novit?
2588 1642 2742 1698 Orth.
2772 1641 3013 1697 Minime.
3043 1642 3234 1696 Anam.
3265 1640 3402 1694 Eum
3431 1641 3526 1712 igi-

262 1737 442 1790 ῐσασιν
472 1737 521 1790 οἱ
559 1736 854 1806 ἄνθρωποι,
894 1734 985 1787 καὶ
1017 1735 1190 1798 ἄλλως
1225 1735 1386 1798 αὐτὸς
1427 1736 1651 1800 ὲαυτόν;
1686 1737 1832 1804 Ὀρθ.

1946 1745 2036 1789 tur
2071 1751 2177 1790 non
2213 1735 2382 1791 nosti.
2431 1734 2585 1790 Ortlz.
2635 1733 2769 1788 Novi
2820 1750 2966 1796 eum,
3021 1742 3080 1788 ut
3127 1733 3230 1788 fert
3275 1734 3529 1788 humanae

257 1829 374 1883 Καὶ
413 1829 574 1882 πάνυ.
619 1828 814 1896 Ἀνόμ.
862 1827 1025 1892 Πῶς;
1063 1825 1276 1894 Ὀρθόδ.
1311 1828 1453 1888 Ὅτι,
1501 1826 1594 1880 saw
1645 1829 1716 1899 μή
1756 1845 1842 1892 τις

255 1921 360 1993 τὴν
385 1919 552 1990 αὐτὴν
579 1919 654 1990 τῷ
674 1918 792 1989 Θεῷ
820 1919 1086 1988 κτήσηται
1116 1917 1337 1985 γνῶσιν,
1360 1918 1618 1971 ἀδύνατον
1641 1919 1839 1987 γνῶναι

258 2011 444 2076 αὐτὸν,
476 2012 551 2074 ὡς
588 2011 748 2074 αὐτὸς
786 2010 976 2064 ἑαυτὸν
1017 2005 1145 2062 οἶδε.
1177 2008 1286 2080 Τὴν
1325 2009 1382 2062 δὲ
1409 2008 1576 2080 αὐτὴν
1614 2008 1690 2079 τῷ
1723 2006 1840 2078 Θεῷ

257 2104 562 2178 κτήσασθαι
584 2103 783 2173 γνῶσιν
808 2101 1088 2163 ἀδύνατον,
1116 2100 1188 2172 μὴ
1218 2100 1316 2171 τῆς
1344 2101 1512 2172 αὐτῆς
1537 2100 1684 2170 αὐτῷ
1711 2099 1838 2153 ὄντα

256 2195 468 2259 οὐσίας.
499 2195 612 2248 Οὐκ
647 2193 814 2264 ἐσμὲν
857 2193 912 2245 δὲ
957 2193 1057 2262 τῆς
1090 2192 1260 2262 αὐτῆς
1297 2190 1445 2261 αὐτῷ
1475 2189 1682 2253 οὐσίας.
1723 2190 1838 2242 Οὐκ

256 2290 372 2362 ἄρα
399 2289 496 2360 τὴν
526 2287 695 2357 αὐτὴν
723 2284 871 2354 αὐτῷ
902 2285 1098 2356 ἔχομεν
1125 2283 1347 2352 γνῶσιν.
1380 2283 1568 2352 Ἀνόμ.
1591 2283 1717 2336 Ἐἀν
1745 2277 1837 2336 οὖν

258 2382 391 2454 θέλῃ
409 2383 437 2435 6
465 2381 590 2443 Υἱὸς
616 2378 960 2448 ἀποκαλύψαι
985 2378 1110 2441 τινὶ,
1137 2378 1195 2430 οὐ
1219 2376 1475 2441 δύναται;
1513 2377 1656 2444 Ὀρθ.
1683 2378 1838 2430 Ἀπο-

256 2466 522 2525 καλύπτει
547 2468 664 2538 μὲν,
699 2465 812 2520 ἀλλ’
839 2467 936 2538 οὐχ
959 2466 1134 2530 οὕτως
1162 2466 1310 2536 αὐτῷ
1338 2465 1731 2522 ἀποκαλύπτει.
1762 2467 1837 2530 ὡς

256 2561 424 2623 αὐτὸς
455 2559 644 2612 ἑαυτὸν
674 2554 813 2611 οἶδεν
832 2576 846 2592 ο
883 2559 996 2612 ἀλλ’
1036 2558 1112 2620 ὡς
1137 2557 1357 2611 δύναται
1399 2557 1602 2627 γνῶναι
1634 2561 1662 2612 6
1701 2576 1836 2612 κατ-

256 2651 594 2723 αξιούμενος.
626 2650 772 2704 Διότι
809 2649 888 2721 τῷ
932 2651 1028 2722 μὲν
1067 2651 1325 2722 Ἰεζεχιὴλ
1357 2651 1462 2704 ἀπὸ
1496 2649 1695 2721 ὀσφύος
1747 2652 1836 2706 καὶ

256 2743 372 2798 ἄνω
418 2743 730 2814 ἡλέκτρινος
779 2742 1021 2812 ἐγνώσθη
1054 2759 1066 2771 ·
1117 2741 1193 2812 τῷ
1247 2743 1303 2795 δὲ
1361 2742 1556 2813 Δανιὴλ
1607 2743 1837 2808 παλαιὸς

255 2836 510 2910 ἡμερῶν·
536 2835 614 2906 τῷ
641 2834 698 2888 δὲ
733 2834 928 2906 Ἡσαΐᾳ
969 2833 1372 2904 καλυπτόμενος
1406 2835 1511 2888 ὑπὸ
1538 2834 1643 2888 τῶν
1673 2853 1836 2907 σερα-

257 2927 385 2998 φίμ.

1948 1827 2177 1882 facultas
2218 1835 2447 1880 natura.
2481 1831 2673 1879 Anam.
2709 1824 2881 1878 Aliter
2917 1824 3084 1894 igitur
3111 1822 3288 1894 ipsum
3321 1828 3525 1878 norunt

1947 1917 2217 1981 homines,
2253 1926 2308 1970 et
2355 1917 2512 1972 aliter
2559 1931 2617 1970 se
2657 1915 2773 1985 ipse
2822 1915 3010 1968 novit?
3043 1914 3195 1968 Orth.
3234 1912 3377 1968 Sane
3403 1913 3526 1984 qui-

1945 2009 2090 2065 dem.
2142 2010 2334 2063 Anom.
2389 2007 2715 2074 Quomodo?
2754 2006 2905 2062 Orlh.
2939 2005 3207 2072 Quoniam
3250 2005 3355 2060 nisi
3399 2005 3525 2075 quis

1945 2099 2134 2156 eadem
2184 2106 2345 2169 atque
2388 2097 2531 2153 Deus
2576 2097 2694 2167 ipse
2731 2097 3095 2168 cognoscendi
3145 2095 3407 2150 facultate
3454 2095 3526 2150 sit

1945 2193 2228 2262 praeditus,
2267 2191 2382 2245 fieri
2429 2205 2538 2244 non
2595 2197 2775 2259 potest
2831 2196 2890 2242 ut
2934 2204 3057 2244 eum
3089 2189 3251 2253 norit,
3279 2189 3422 2244 sicut
3466 2203 3526 2243 se

1945 2285 2060 2353 ipse
2104 2284 2275 2337 novit.
2319 2281 2390 2336 At
2432 2282 2545 2338 ﬁeri
2582 2281 2773 2352 nequit
2841 2289 2900 2335 ut
2949 2281 3074 2351 quis
3125 2280 3313 2334 eadem
3363 2287 3527 2348 atque

1943 2373 2090 2428 Deus
2127 2373 2243 2443 ipse
2287 2372 2654 2443 cognoscendi
2691 2372 2951 2426 facultate
2985 2371 3056 2425 sit
3089 2369 3385 2441 praeditus,
3417 2369 3524 2424 nisi

1944 2464 2015 2520 sit
2056 2464 2303 2534 ejusdem
2353 2478 2415 2518 ac
2468 2461 2614 2518 Deus
2661 2469 2892 2516 naturae.
2938 2461 3058 2515 Non
3103 2475 3294 2516 sumus
3341 2467 3525 2514 autem

1943 2556 2188 2626 ejusdem
2234 2564 2396 2627 atque
2449 2555 2567 2626 ipse
2620 2563 2850 2609 naturae.
2891 2553 3011 2608 Non
3062 2553 3230 2624 igitur
3275 2551 3525 2608 eamdem

1944 2659 2105 2720 atque
2166 2651 2283 2719 ipse
2351 2649 2602 2703 notitiam
2663 2648 2952 2703 habemus.
3015 2647 3206 2702 Anam.
3252 2645 3415 2713 Quid,
3476 2646 3524 2700 si

1943 2739 2116 2796 Filius
2154 2742 2280 2796 velit
2305 2742 2541 2812 cuipiam
2575 2743 2843 2807 revelare,
2889 2755 3072 2794 annon
3118 2741 3341 2811 potest?
3369 2737 3524 2795 Orth.

1944 2831 2168 2890 Revelat
2211 2834 2455 2906 quidem,
2507 2834 2603 2888 sed
2653 2850 2766 2888 non
2803 2833 2876 2887 ita
2927 2833 3028 2904 ipsi
3085 2831 3310 2895 revelat,
3362 2837 3423 2885 ut
3464 2847 3527 2886 se

1946 2925 2064 2998 ipse
2105 2928 2257 2981 novit
2301 2944 2316 2980 :
2365 2942 2557 2982 verum
2586 2935 2750 2997 prout
2780 2926 2829 2982 is
2863 2934 2948 2980 est
2981 2925 3047 2979 ad
3080 2922 3522 2994 cognoscendum

256 3019 514 3084 idoneus,
564 3033 723 3089 quem
800 3019 904 3072 hac
949 3018 1126 3088 gratia
1171 3018 1358 3074 donat.
1412 3017 1783 3085 Quamobrem
1839 3033 1869 3072 a
1908 3019 2110 3073 lumbis
2145 3017 2214 3071 ad
2261 3017 2523 3072 verticem
2574 3017 2765 3072 electri
2811 3015 2994 3086 specie
3055 3013 3329 3070 Ezechieli
3368 3013 3525 3070 visus

253 3119 342 3167 est
381 3130 395 3166 :
429 3111 636 3165 Danieli
668 3126 816 3173 vero,
852 3111 1127 3180 Antiquus
1170 3111 1381 3166 dierum
1431 3131 1444 3166 :
1489 3119 1544 3166 et
1586 3110 1759 3175 Isaiae,
1795 3126 1826 3166 a
1865 3111 2141 3180 seraphim
2175 3110 2426 3165 obtectus

327 3206 382 3260 ‘2.
423 3206 734 3274 ’Ardpozac.
762 3207 834 3259 Σὺ
860 3200 950 3260 οὖν
976 3205 1095 3269 πῶς
1118 3205 1280 3259 αὐτὸν
1304 3203 1471 3270 οἶδας,
1495 3208 1570 3270 ὡς
1590 3207 1832 3278 ἠλέκτρι-

2006 3206 2061 3259 2.
2107 3207 2409 3259 Anammus.
2431 3201 2514 3256 Tu
2533 3200 2700 3273 igitur
2717 3216 2822 3270 qua
2843 3200 3058 3257 ratione
3088 3199 3239 3255 illum
3258 3199 3400 3254 nosti
3426 3217 3442 3267 ;
3463 3206 3522 3254 ut

256 3315 368 3363 νον,
399 3297 432 3368 ἢ
465 3297 541 3360 ώς
581 3297 806 3351 παλαιὸν
848 3297 956 3351 τῶν
997 3299 1248 3370 ὴμερῶν;
1291 3299 1434 3366 Ὀρθ.
1482 3297 1618 3369 Παρ⁹
1655 3298 1832 3352 αὐτῶν

259 3389 448 3461 μαθὼν
487 3386 624 3453 οἶδα,
657 3391 738 3444 ὃτι
785 3391 924 3462 ὑπὲρ
967 3392 1143 3444 πάντα
1188 3392 1304 3443 ἐστὶ
1340 3390 1409 3444 τὰ
1461 3391 1830 3462 γνωρισθέντα

253 3482 460 3545 αὐτοῖς.
493 3482 554 3534 Ei
592 3481 666 3552 μὴ
703 3482 811 3553 γὰρ
851 3478 918 3552 ἧν
957 3483 1095 3553 ὑπὲρ
1120 3483 1277 3546 αὐτὰ,
1322 3482 1420 3534 οὐκ
1456 3481 1520 3534 ἂν
1562 3481 1831 3554 διαφόρως

257 3573 541 3640 ἐφαίνετο·
568 3573 660 3626 καὶ
691 3572 777 3626 διὰ
810 3572 968 3626 τοῦτο
993 3576 1020 3628 6
1065 3571 1373 3644 Μονογενὴς
1415 3572 1594 3641 λέγει·
1631 3592 1650 3625 ι
1699 3573 1830 3629 Θεὸν

256 3663 431 3727 οὐδεὶς
460 3662 671 3735 ἑώρακε
702 3663 938 3718 πώποτε.
988 3685 1009 3717 ι
1058 3666 1243 3734 Ἀνόμ.
1289 3665 1450 3719 Ἀλλο
1481 3665 1597 3718 ἐστὶ
1640 3664 1700 3718 τὸ
1733 3665 1833 3719 ἑω-

262 3755 506 3826 ρακέναι,
551 3757 644 3810 καὶ
690 3756 817 3811 ἄλλο
865 3758 925 3810 τὸ
967 3758 1295 3827 ὲγνωκέναι;
1336 3759 1480 3826 Ὀρθ.
1530 3759 1652 3812 Ἐπὶ
1696 3757 1830 3812 Θεοῦ

257 3850 358 3903 οὐκ
382 3849 524 3903 ἐστιν
557 3849 684 3905 ἄλλο
716 3851 810 3904 καὶ
841 3849 996 3904 ἄλλο’
1028 3850 1190 3912 αὐτὸς
1212 3849 1320 3922 γὰρ
1354 3849 1450 3921 τὴν
1482 3849 1713 3923 θεωρίαν
1741 3846 1832 3904 ἐπὶ

256 3943 356 4012 τῆς
393 3943 643 4011 γνώσεως
669 3941 846 4002 ἔλαϐε,
884 3941 1056 4010 λέγων
1081 3958 1094 3971 ·
1143 3960 1161 3992 ί
1186 3941 1449 3995 Τοσοῦτον
1481 3943 1671 4014 χρόνον
1714 3943 1830 4013 μεθ’

255 4034 413 4103 ὑμῶν
445 4036 578 4104 εἰμι,
610 4036 703 4088 καὶ
746 4035 842 4089 οὐκ
883 4034 1125 4102 ἔγνωκάς
1172 4051 1276 4105 με;
1313 4034 1568 4098 Φίλιππε,
1600 4038 1628 4088 6
1661 4035 1834 4106 ἑωρα-

256 4126 371 4190 κὼς
395 4128 493 4198 ἐμὲ
516 4126 726 4198 ἑώρακε
761 4127 851 4181 τὸν
879 4127 1097 4199 Πατέρα
1125 4145 1245 4199 μου.
1282 4147 1299 4179 ι
1347 4129 1533 4198 Ἀνόμ.
1570 4129 1632 4181 Ei
1664 4124 1830 4193 οἶδας,

256 4218 340 4273 ὅτι
370 4219 509 4289 ὑπὲρ
555 4219 623 4272 τά
665 4219 962 4289 φαινόμενα
1001 4219 1168 4282 ἐστιν,
1200 4217 1346 4282 οἶδας
1383 4219 1435 4272 τί
1479 4221 1647 4273 ἐστιν.
1685 4220 1830 4288 Ὀρθ.

256 4309 470 4363 Γελοῖον
503 4310 714 4379 λέγεις’
762 4311 835 4383 μὴ
867 4310 996 4381 γὰρ,
1044 4310 1232 4382 ἐπειδὴ
1276 4308 1413 4376 οἶδα,
1464 4313 1544 4365 ὅτι
1587 4312 1726 4384 ὑπὲρ
1765 4311 1834 4366 τά

259 4403 559 4482 φαινόμενα
588 4403 816 4473 σώματά
857 4405 1003 4458 ἐστιν
1039 4405 1071 4474 ἡ
1116 4402 1282 4474 ψυχὴ,
1317 4399 1433 4457 οἴδα
1477 4404 1569 4457 καὶ
1613 4403 1666 4456 τι
1715 4405 1832 4456 ἐστι

1937 3297 2127 3354 electri
2170 3298 2373 3368 specie,
2415 3311 2483 3351 an
2525 3304 2584 3352 ut
2623 3296 2908 3366 antiquum
2939 3294 3190 3350 dierum?
3240 3292 3394 3349 Orth.
3440 3291 3525 3347 Ab

1933 3389 2069 3462 ipsis
2097 3389 2263 3445 didici
2298 3389 2464 3444 Deum
2495 3404 2618 3444 esse
2651 3403 2815 3458 supra
2839 3387 3023 3454 omnia
3070 3387 3159 3441 illa
3186 3386 3320 3456 ipsis
3347 3385 3524 3438 mani-

1932 3482 2154 3540 festata.
2187 3481 2303 3538 Nisi
2339 3482 2484 3538 enim
2535 3482 2658 3537 istis
2711 3480 3065 3552 praecelleret,
3111 3493 3390 3547 nunquam
3437 3477 3523 3532 di-

1933 3577 2107 3631 versis
2138 3575 2314 3629 modis
2341 3575 2705 3646 apparuisset,
2739 3571 2966 3643 ideoque
2993 3571 3125 3626 dicit
3149 3569 3469 3641 Unigenitus
3503 3589 3517 3624 :

1938 3687 1958 3717 ι
1995 3666 2166 3722 Deum
2200 3683 2362 3723 nemo
2395 3667 2530 3721 vidit
2566 3681 2809 3737 unquam
2849 3665 2915 3719 ⁸⁷.
2962 3683 2981 3717 ι
3025 3666 3215 3718 Anam.
3245 3662 3408 3718 Aliud
3436 3673 3522 3720 est

1931 3761 2159 3826 vidisse,
2197 3760 2346 3814 aliud
2373 3774 2559 3815 nosse.
2591 3757 2745 3814 Orth.
2781 3756 2940 3824 Quod
2982 3755 3049 3811 ad
3087 3756 3257 3812 Deum
3303 3757 3518 3819 attinet,

1934 3868 2042 3909 non
2085 3861 2170 3909 est
2211 3853 2359 3907 aliud
2407 3860 2462 3906 et
2515 3852 2662 3907 aliud
2699 3891 2714 3916 ,
2756 3850 3028 3921 siquidem
3078 3850 3195 3920 ipse
3235 3857 3517 3921 aspectum

1933 3963 2033 4018 pro
2067 3946 2378 4017 cognitione
2412 3944 2720 4016 usurpavit,
2743 3943 2934 3999 dicens
2967 3963 2978 3999 τ
3017 3962 3036 3994 ι
3069 3941 3246 3998 Tanto
3271 3950 3519 4012 tempore

1933 4040 2216 4096 vobiscum
2261 4055 2420 4109 sum,
2462 4048 2516 4094 et
2567 4054 2678 4094 non
2729 4035 3036 4108 cognovisti
3079 4036 3203 4090 me?
3246 4034 3513 4106 Philippe,

1934 4133 2027 4204 qui
2080 4148 2166 4189 me
2205 4131 2360 4198 vidit,
2407 4130 2621 4186 Patrem
2654 4145 2836 4186 meum
2873 4127 3010 4184 vidit
3049 4128 3115 4182 ⁸⁸.
3159 4146 3178 4179 ›
3220 4126 3409 4181 Anam.
3455 4125 3516 4180 Si

1935 4224 2084 4281 nosti
2115 4239 2238 4280 eum
2284 4238 2408 4279 esse
2448 4237 2615 4295 supra
2681 4221 2864 4276 omnia
2904 4235 3025 4291 quae
3069 4217 3511 4288 conspiciuntur,

1936 4315 2065 4386 quid
2107 4315 2224 4384 ipse
2256 4313 2323 4369 sit
2362 4313 2538 4368 nosti.
2572 4312 2726 4368 Orth.
2757 4311 3070 4374 Ridiculum
3102 4308 3358 4380 quiddam
3390 4325 3519 4363 nar-

1936 4423 2049 4472 ras,
2097 4422 2227 4461 num
2275 4406 2424 4462 enim
2483 4405 2611 4476 quia
2660 4405 2898 4459 animam
2944 4402 3072 4457 novi
3114 4417 3284 4473 supra
3331 4403 3514 4457 omnia

256 4495 441 4565 ψυχῆς
487 4494 672 4563 Ἄπι-ὀμ.
717 4493 856 4562 Ἐγὼ
904 4493 1075 4558 οὕτως
1128 4494 1290 4548 αὐτὸν
1344 4490 1480 4556 οῖδα,
1536 4495 1612 4559 ώς
1668 4496 1829 4560 αὐτὸς

1941 4499 2292 4570 aspectabilta
2327 4513 2560 4570 corpora
2588 4513 2732 4562 esse,
2771 4497 2979 4554 idcirco
3025 4497 3188 4553 etiam
3226 4498 3352 4552 novi
3383 4497 3512 4566 quid

259 4584 449 4636 ἑαυτὸν
505 4579 661 4636 οἶδεν.
716 4583 860 4650 Ὀρθ.
912 4584 975 4635 Τί
1025 4577 1118 4636 οὖν
1177 4585 1322 4638 ἐστιν
1361 4586 1390 4638 6
1432 4584 1597 4651 Θεός;
1636 4586 1823 4655 Ἀνόμ.

1939 4593 2001 4648 sit
2034 4592 2253 4646 anima?
2278 4591 2467 4646 Anam.
2494 4592 2562 4645 At
2580 4606 2679 4662 ego
2701 4607 2823 4646 eum
2848 4592 2972 4647 novi
3012 4599 3073 4645 ut
3111 4592 3228 4662 ipse
3254 4606 3312 4646 se
3340 4591 3510 4644 novit.

257 4675 400 4730 Αὐτὸ
443 4673 504 4727 τὸ
546 4675 856 4745 ἀγέννητον.
905 4675 1051 4743 Ὀρθ.
1086 4675 1158 4727 Τὸ
1205 4675 1423 4742 εἰδέναι,
1477 4677 1556 4729 ὅτι
1608 4676 1833 4746 ἀγέννη-

257 4768 349 4830 τός
379 4766 488 4838 (45)
517 4767 651 4830 ἐστι,
686 4765 839 4819 τοῦτό
866 4769 981 4818 ἐστι
1009 4767 1068 4819 τὸ
1093 4766 1290 4820 εἰδέναι
1326 4767 1418 4820 τὸν
1445 4767 1595 4820 Θεόν.
1640 4769 1828 4838 Ἀνόμ.

260 4861 371 4918 Καὶ
398 4859 557 4913 πάνυ.
595 4860 740 4927 Ὀρθ.
770 4860 977 4912 Ἴσασιν
1002 4854 1092 4912 οὖν
1121 4860 1211 4913 καὶ
1248 4859 1488 4912 Ἰουδαῖοι
1513 4861 1606 4913 καὶ
1636 4861 1832 4932 Ἔλλη-

257 4970 351 5017 νες
397 4953 572 5006 τοῦτο.
608 4952 719 5024 Τὴν
757 4951 925 5022 αὐτὴν
958 4952 1067 5022 ἄρα
1109 4953 1220 5014 τοῖς
1257 4951 1529 5016 Ἰουδαίοις
1574 4953 1667 5007 καὶ
1717 4957 1830 5017 τοῖς

259 5046 518 5116 ’Ἓλλησιν
556 5043 698 5115 ἔχεις
741 5043 960 5112 γνῶσιν,
1005 5047 1116 5108 τοῖς
1149 5043 1222 5115 μὴ
1263 5044 1615 5113 γινώσκουσιν
1644 5046 1826 5100 αὐτόν.

261 5137 384 5188 ’Ὁτι
408 5134 518 5216 γὰρ
545 5137 574 5188 6
624 5133 697 5205 μὴ
724 5135 1006 5202 γινώσκων
1041 5135 1133 5187 τὸν
1165 5134 1291 5187 Υἱὺν
1334 5135 1395 5188 οὐ
1437 5134 1690 5204 γινώσκει
1737 5137 1828 5190 τὸν

261 5227 502 5299 Πατέρα,
536 5227 604 5280 τά
633 5227 940 5296 Εὐαγγέλια
971 5228 1274 5298 εἰρήκασιν.
1315 5228 1512 5296 Ἀνόμ.
1543 5229 1655 5283 Ούκ
1687 5223 1826 5282 οἶδεν

330 5383 375 5414 ⁸⁷
413 5381 569 5438 Joan.
606 5397 661 5449 1,
696 5383 783 5438 18.
860 5381 906 5414 ⁸⁸
923 5381 1081 5438 Joan.
1117 5399 1231 5446 xxv,
1267 5382 1320 5438 9.

332 5538 444 5609 (ιθ)
472 5537 550 5591 ita
580 5537 712 5622 Deg.
744 5547 797 5620 e_t
829 5537 1132 5622 Palatinus:
1165 5537 1308 5622 Editi
1338 5551 1502 5622 vero,_
1521 5539 1616 5594 καὶ
1636 5538 1825 5622 πιστὸς

259 5611 344 5678 εἴη
375 5605 566 5680 κατηχ.
602 5605 741 5664 Idem
770 5610 928 5670 infra,
964 5609 1057 5662 καὶ
1085 5609 1334 5672 Ἰουδαῖος
1427 5609 1456 5663 6
1486 5609 1724 5680 ἐρωτῶν.

329 5679 439 5756 (Η)
469 5678 765 5742 Palatinus,
789 5680 959 5733 εἰπεῖν
986 5697 1086 5734 σοι.

1938 4681 2092 4738 Orth.
2130 4681 2271 4748 Quid
2309 4688 2392 4738 est
2429 4683 2598 4754 igitur
2637 4681 2816 4738 Deus?
2845 4683 3037 4738 Anam.
3083 4683 3266 4753 Ipsum
3304 4680 3512 4752 ingeni-

1932 4782 2070 4830 tum.
2107 4775 2258 4831 Orth.
2297 4776 2382 4830 An
2424 4791 2588 4832 nosse
2618 4776 2763 4846 quod
2794 4776 2864 4831 sit
2895 4775 3196 4846 ingenitus,
3229 4781 3312 4828 est
3339 4773 3509 4827 Deum

1935 4869 2142 4923 nosse?
2168 4869 2356 4922 Anam.
2391 4867 2536 4924 Sane
2563 4869 2807 4939 quidem.
2836 4867 2989 4923 Orth.
3017 4868 3180 4936 Atqui
3212 4867 3317 4919 hoc
3346 4865 3508 4920 etiam

1937 4964 2140 5010 norunt
2172 4964 2225 5011 et
2256 4956 2428 5012 Judaai
2471 4967 2526 5013 et
2560 4957 2755 5013 Graeci.
2788 4957 2992 5012 Eadem
3022 4972 3152 5028 ergo
3187 4954 3378 5010 notitia
3410 4953 3507 5009 Dei

1935 5048 2196 5118 praeditus
2245 5065 2305 5105 es
2353 5065 2460 5120 qua
2504 5048 2676 5106 Judaei
2722 5059 2775 5104 et
2815 5048 3009 5112 Graeci,
3052 5050 3142 5119 qui
3177 5049 3354 5118 ipsum
3397 5064 3506 5102 non

1935 5148 2158 5196 norunt.
2206 5140 2502 5198 Tcstantur
2548 5144 2693 5200 enim
2735 5142 3051 5212 Evangelia,
3093 5155 3218 5196 eum
3253 5141 3346 5210 qui
3397 5157 3505 5194 non

1934 5232 2216 5302 cognoscit
2250 5229 2472 5298 Filium,"
2516 5249 2618 5289 nec
2663 5233 2878 5290 Patrem
2926 5247 3111 5288 nosse.
3147 5232 3338 5286 Anam.
3385 5229 3504 5284 Non

2003 5538 2111 5606 (62)
2143 5535 2444 5601 Palatinus,
2470 5539 2746 5604 Ἰουδαῖος.

1913 5607 2239 5750 ,ἁγὲῒξξωῗιο
2265 5609 2566 5676 Palatinus,
2599 5611 2687 5666 hic
2714 5615 2768 5667 et
2789 5609 2874 5666 his
2894 5609 3142 5667 inferius.
3173 5610 3314 5668 Editi
3344 5625 3498 5668 vero.
