3878 6208
287 287 413 345 “Si

1254 276 1348 336 DE
1387 276 1655 337 SANCTA
1692 274 2067 338 TRINI‘TATE
2105 275 2453 340 οιΑιοευε
2492 280 2534 338 1.

3387 284 3528 346 “22

279 405 487 475 εἴρηκε.
518 421 544 455 ι
569 400 720 474 Πρὸ»
751 400 859 473 γὰρ
907 419 927 453 ‹
977 394 1192 454 παντων
1244 398 1446 470 βουνῶν
1490 402 1656 474 γεννᾷ
1694 420 1781 473 με,
1823 421 1828 454 1

1950 400 2088 458 Filio
2114 402 2253 457 dixit
2289 421 2309 454 ι
2337 400 2518 474 Gignit
2548 416 2636 456 me
2665 420 2679 456 :
2715 421 2735 453 ι
2765 401 2842 456 ait
2868 401 3013 458 enim
3039 420 3053 457 :
3094 422 3114 455 ι
3161 402 3303 461 Ante
3335 422 3526 465 omnes

278 488 448 548 εἶπεν.
488 492 696 563 Ὠσπερ
725 487 816 545 οὖν
843 489 935 544 ἐπὶ
955 488 1047 543 τοῦ
1072 489 1200 544 Υίοῦ
1231 489 1294 543 τὸ
1322 488 1504 561 γεννᾷ
1539 507 1631 557 με,
1663 490 1847 559 Ἐγέν-

278 602 428 657 νησε,
446 587 604 649 νοεῖς,
624 583 766 637 οὑτω
798 584 891 637 καὶ
917 582 1009 636 ἐπὶ
1035 580 1128 636 τοῦ
1145 581 1285 636 Πνεύ
1293 599 1458 653 ματος
1476 581 1537 636 τὸ
1557 582 1849 654 ἐκπορεύε-

274 692 386 739 ται,
421 674 839 747 ὲκπεπόρευται,
865 674 1054 746 νόησον
1072 689 1088 706 ·
1116 673 1237 738 ἔθος
1260 674 1369 746 γάρ
1398 676 1513 728 ἐστι
1540 676 1808 747 γραφικόν
1827 692 1841 707 ’

272 767 348 831 ὡς
381 767 461 831 τὸ,
494 787 513 819 ‹
536 768 594 821 '0
624 767 792 821 ποιῶν
833 766 959 831 τοὺς
987 765 1251 835 ἀγγέλους
1280 764 1444 819 αὑτοῦ
1483 766 1787 839 πνεύματα,
1819 786 1839 820 ι

273 858 565 922 τουτέστιν,
603 856 659 911 '0
682 858 910 928 ποιήσας
932 874 946 888 ⁸
982 856 1077 910 καὶ
1115 852 1195 920 τὸ,
1218 874 1236 906 ί
1258 854 1316 907 '0
1334 854 1595 927 θεμελιῶν
1620 857 1717 927 τὴν
1740 852 1844 927 γῆν

272 950 368 1002 ἐπὶ
411 949 508 1020 τὴν
539 949 836 1019 ἀσφάλειαν
880 948 1081 1018 αὐτῆς,
1113 966 1131 999 ι
1182 946 1449 1013 τουτέστι,
1486 947 1838 1019 θεμελιώσας.

274 1040 472 1110 Ἀνόμ.
502 1040 650 1112 Αὕτη
692 1040 838 1093 ἐστὶν
870 1040 903 1109 ἡ
938 1036 1204 1109 διαφοράς
1234 1038 1388 1105 Ὄρθ.
1441 1037 1610 1109 Δὺτη.
1639 1038 1837 1108 Ἀνόμ.

273 1133 382 1204 Τὴν
410 1133 468 1186 δὲ
505 1133 664 1201 φύσιν
712 1131 809 1203 τὴν
847 1130 1014 1201 αὑτὴν
1066 1131 1278 1199 λέγεις;
1320 1133 1474 1199 Ὀρθ.
1513 1131 1624 1201 Τὴν
1648 1130 1837 1201 αὑτήν.

270 1220 471 1291 Ἀνόμ.
524 1223 635 1275 Kui
688 1221 805 1284 πῶς
842 1221 1059 1274 δύναται
1092 1220 1125 1292 ἡ
1156 1222 1291 1292 αὑτὴ
1333 1221 1490 1290 φύσις
1537 1216 1694 1284 εἶναι,
1728 1223 1775 1273 εί
1808 1221 1840 1272 ὑ

275 1294 378 1384 μὲῦ
397 1314 578 1383 γεννᾷ,
616 1315 645 1366 ὁ
673 1313 729 1366 δὲ
752 1313 1034 1380 γεννᾶταις
1061 1312 1213 1379 Ὀρθ.
1238 1313 1280 1363 Τ
1286 1312 1403 1380 ίθης
1420 1312 1477 1365 δὲ
1501 1312 1667 1382 ὅμως,
1703 1310 1783 1363 ὅτι
1810 1312 1839 1363 ὁ

273 1407 368 1477 μὲν
385 1407 496 1476 (46)
521 1408 703 1477 γεννᾷ,
738 1406 765 1457 ὁ
795 1406 851 1458 δὲ
876 1406 1130 1473 γεννᾶται
1156 1420 1171 1468 ;
1194 1406 1392 1472 Ἀνόμ.
1419 1404 1560 1468 Ναί;
1593 1406 1747 1470 Ὀρθ.
1772 1403 1836 1455 Εί

262 1495 297 1546 ὁ
327 1495 425 1565 μὲν
440 1497 621 1566 γεννᾷ.
638 1498 665 1548 ὁ
679 1496 736 1549 δὲ
754 1497 1003 1564 γεννᾶται
1023 1510 1036 1525 ⁵
1068 1498 1096 1549 ὁ
1118 1495 1320 1563 γεννῶν
1345 1496 1408 1548 έκ
1423 1494 1521 1566 τῆς
1545 1493 1706 1547 αὐτοῦ
1727 1492 1834 1563 (47)

269 1586 482 1656 φύσεως
512 1588 695 1658 γεννᾷ,
728 1589 821 1640 καὶ
853 1589 882 1640 ὁ
910 1586 1245 1657 γεννώμενος
1275 1588 1339 1639 ὲκ
1368 1586 1465 1657 τῆς
1493 1585 1583 1638 τοῦ
1602 1572 1837 1654 ¹γεννῶν-

266 1693 358 1739 τος
382 1676 593 1746 φύσεως
626 1679 898 1745 γεννᾶται.
920 1679 1119 1747 Ἀνόμ.
1152 1677 1242 1748 Μὴ
1263 1677 1473 1745 γένοιτό
1505 1693 1595 1746 μοι
1637 1680 1830 1741 εἰπεῖν,

1950 495 2117 553 colles
2146 495 2319 566 gignit
2355 510 2444 550 me
2466 496 2534 550 ".
2575 513 2593 546 ι
2631 492 3102 560 Quemadmodum
3142 497 3310 567 igitur
3340 498 3407 555 de
3436 498 3527 555 Fi-

1947 589 2022 644 lio
2050 604 2145 660 per
2176 588 2330 653 illud,
2363 587 2537 659 gignit
2581 602 2691 654 me,
2735 586 3015 657 intelligis,
3057 585 3256 644 Genuit
3288 606 3418 661 me;
3450 594 3526 648 ita

1946 679 2110 734 etiam
2150 678 2303 742 illud,
2332 678 2601 748 procedit.
2636 678 2822 746 accipe
2866 677 2935 731 de
2973 674 3203 748 Spiritu,
3247 695 3317 765 aq
3352 680 3400 737 ;.i
3438 682 3527 738 di-

1946 776 2179 831 ceretur,
2219 769 2506 839 processit.
2550 767 2650 821 llic
2699 782 2844 822 enim
2901 776 2987 822 est
3054 784 3172 825 mos
3218 771 3526 845 Scriptum

1944 870 2002 915 ut
2036 860 2189 925 illud,
2228 880 2245 913 ι
2270 859 2372 927 Qui
2395 861 2524 914 facit
2547 863 2769 931 angelos
2792 876 2921 917 suos
2946 854 3256 932 spiritus",
3285 886 3302 917 ι
3337 868 3388 922 id
3414 876 3522 930 est,

1944 948 2045 1015 Qui
2069 948 2198 1005 fecit
2222 968 2237 1005 :
2259 959 2312 1004 et
2338 950 2493 1013 illud,
2521 969 2538 999 ί
2560 950 2662 1017 Qui
2679 950 2872 1007 fundas
2893 959 3093 1007 terram
3127 970 3292 1026 supra
3315 958 3526 1012 stabili-

1943 1050 2104 1096 tatem
2123 1057 2277 1097 suam
2294 1042 2362 1105 ⁷³,
2387 1061 2406 1093 ι
2434 1042 2484 1096 id
2509 1050 2611 1101 est,
2630 1044 2722 1113 qui
2757 1041 3015 1096 fundasti.
3042 1043 3237 1100 Anam.
3272 1044 3526 1106 Hmccine

1940 1131 2108 1203 igitur
2122 1132 2558 1188 estdiii‘erentia?
2590 1134 2743 1190 Orth.
2767 1133 2889 1187 Haec
2919 1141 3024 1189 est.
3057 1136 3523 1196 Anom.Eamdem

1940 1233 2120 1278 autem
2166 1235 2414 1280 naturam
2470 1226 2590 1280 ais?
2642 1225 2797 1281 Orlh.
2856 1225 3136 1283 Eamdem.
3199 1232 3391 1286 Anam.
3456 1233 3523 1287 Et

1938 1318 2212 1387 quomodo
2242 1326 2422 1387 potest
2467 1318 2657 1373 eadem
2692 1333 2812 1373 esse
2840 1328 3065 1383 natura,
3103 1321 3149 1375 si
3208 1338 3349 1377 unus
3398 1324 3524 1393 qui-

1937 1409 2059 1463 dem
2091 1411 2284 1480 gignit,
2327 1412 2465 1465 alter
2500 1411 2781 1481 gignitur?
2838 1410 2994 1466 ΟτιΙι,
3028 1410 3195 1467 Pouis
3245 1414 3524 1470 nihilomi-

1937 1517 2062 1565 nus,
2101 1519 2266 1556 unum
2300 1503 2538 1573 gignere,
2583 1503 2817 1559 alterum
2848 1504 3038 1574 gigni?
3094 1503 3284 1561 Anam.
3321 1506 3517 1563 Etiam.

1939 1594 2094 1651 Orlh.
2152 1596 2209 1648 Si
2244 1611 2386 1650 unus
2414 1595 2605 1666 gignit,
2637 1592 2780 1655 alter
2805 1595 3047 1665 gignitur
3078 1614 3091 1650 :
3129 1598 3218 1668 qui
3254 1598 3428 1668 gignit
3454 1613 3521 1653 ex

1935 1701 2034 1740 sua
2086 1686 2261 1757 ipsius
2292 1695 2488 1740 natura
2525 1686 2701 1765 gigni
2736 1705 2749 1740 :
2781 1693 2834 1740 et
2872 1687 2964 1756 qui
2996 1688 3257 1757 gignitur,
3289 1704 3356 1742 ex
3406 1689 3523 1761 gig-

265 1768 347 1820 ὃτι
377 1769 442 1820 ὲκ
467 1770 565 1838 τῆς
595 1768 806 1837 φύσεως
838 1769 1123 1840 ἐγέννησεν
1155 1773 1184 1823 ὁ
1210 1770 1378 1833 Θεόςι
1435 1769 1589 1837 Ὀρθ.
1622 1768 1828 1822 Οὑκοῦν

1933 1776 2110 1830 nentis
2167 1775 2668 1853 natura.gignj.tur.
2732 1775 2920 1831 Anam.
2980 1775 3154 1839 Absit,
3218 1784 3277 1831 ut
3318 1777 3519 1845 dicam,

264 1859 363 1910 οὐκ
383 1858 690 1929 ἐγέννησεν.
710 1861 1210 1932 Ἀνόμ.Ἑγέννησε
1242 1862 1467 1927 κτίσας,
1500 1864 1653 1929 Ὅθρ.
1682 1861 1832 1934 Πρῶ-

263 1961 352 1997 τον
378 1944 537 1997 αὑτὸν
571 1946 772 2012 ἔκτισε,
801 1949 892 2001 καὶ
916 1949 1034 2001 τότε
1059 1950 1344 2021 ἐγέννησεν
1361 1967 1374 1980 °
1410 1950 1442 2022 ἢ
1487 1950 1637 2016 πῶς;
1666 1952 1831 2005 Φανε-

258 2034 499 2109 ρὼτερόν
536 2054 626 2107 μοι
674 2039 814 2092 εἰπέ.
850 2039 924 2091 Οὑ
972 2039 1078 2093 νοῶ
1118 2042 1226 2113 γὰρ
1274 2041 1327 2094 τί
1376 2044 1542 2106 ἐστιν,
1577 2041 1830 2113 ἐγέννησε

262 2128 472 2192 κτίσας.
511 2126 714 2209 Ἀνόμ.
749 2130 821 2183 Τὸ
845 2131 1088 2203 γέννημα
1112 2131 1207 2185 τοῦ
1261 2132 1395 2186 Θεοῦ
1427 2133 1627 2204 κτίσμα
1666 2132 1828 2187 αὑτοῦ

259 2220 428 2284 ἐστιν,
478 2220 665 2293 ἐπειδὴ
710 2221 913 2286 ἁπλοῦς
942 2224 1057 2276 ἐστι
1105 2224 1199 2277 καὶ
1230 2224 1552 2289 ἀσύνθετος·
1595 2225 1685 2278 xui
1729 2224 1828 2278 οὑκ

259 2311 439 2375 ἄλλοις
466 2314 648 2385 γεννᾷ,
684 2313 776 2366 xui
815 2314 992 2378 ἄλλοις
1025 2314 1214 2379 κτίζει.
1250 2316 1364 2369 ἀλλ’
1394 2309 1474 2380 οἷς
1502 2316 1685 2386 γεννᾷ,
1707 2314 1829 2375 τού-

254 2417 370 2464 τοις
398 2405 493 2457 καὶ
519 2403 710 2468 κτίζει.
731 2406 885 2473 Ὀρθ.
918 2407 983 2459 Ei
1008 2407 1211 2471 ἁπλοῦς
1239 2408 1352 2460 ἐστι
1382 2407 1476 2460 xui
1512 2406 1822 2472 ἁσύνθετος,

256 2491 309 2543 τί
338 2491 534 2561 λέγεις,
564 2489 643 2557 οἷς
660 2495 752 2547 καὶ
774 2489 889 2560 οἷς,
919 2494 1086 2549 Ἔνθα
1114 2495 1222 2569 γὰρ
1246 2496 1325 2561 τὸ,
1356 2492 1436 2560 οἷς
1466 2496 1559 2550 xui
1586 2491 1688 2561 οἷς,
1713 2497 1830 2549 ἐκεῖ

257 2583 447 2638 πολλά.
474 2587 536 2639 ΕΞ
565 2586 622 2639 δὲ
655 2586 966 2652 ἁσύνθετος,
995 2589 1094 2642 οὑκ
1120 2590 1229 2661 ἄρα
1252 2588 1442 2642 πολλὰ.

1942 1859 2109 1914 Deum
2132 1875 2198 1915 ex
2227 1869 2427 1915 natura
2464 1859 2740 1928 genuisse.
2780 1857 2932 1913 Orih.
2954 1858 3079 1913 Non
3116 1861 3280 1930 igitur
3310 1862 3518 1931 genuit.

1935 1950 2126 2005 Anam.
2180 1948 2401 2015 Genuit,
2432 1964 2555 2002 cum
2605 1956 2867 2004 creasset.
2926 1948 3078 2004 Orth.
3128 1949 3339 2019 Ergone
3368 1952 3521 2022 prius

1930 2040 2109 2112 ipsum
2140 2038 2368 2105 creavit,
2418 2047 2472 2095 et
2538 2039 2735 2094 deinde
2779 2040 2982 2109 genuit,
3029 2056 3096 2095 an
3159 2043 3343 2111 aliquo
3383 2058 3523 2113 quo-

1929 2132 2071 2202 piam
2098 2130 2299 2186 modo?
2324 2130 2581 2205 'Loquere
2612 2130 2889 2200 apertius:
2920 2130 3032 2186 Nec
3092 2133 3237 2186 enim
3278 2134 3521 2204 intelligo

1928 2222 2059 2291 quid
2091 2222 2189 2283 sit,
2222 2219 2407 2291 genuit
2437 2234 2560 2273 cum
2590 2226 2857 2274 creasset.
2905 2219 3101 2274 Anam.
3153 2219 3311 2287 Quod
3346 2224 3522 2295 gigni-

1928 2323 2019 2369 tur
2047 2328 2080 2367 a
2112 2310 2219 2367 Deo
2254 2318 2503 2366 creatura
2553 2318 2658 2374 est,
2712 2310 2969 2381 quoniam
3014 2312 3106 2367 ille
3145 2313 3377 2383 simplex
3411 2324 3517 2381 est,

1925 2414 1985 2461 et
2039 2404 2455 2476 compositionis
2492 2417 2688 2471 expers
2737 2417 2749 2452 :
2792 2416 2893 2456 nec
2951 2403 3073 2458 aliis
3134 2404 3358 2474 gignit,‘
3396 2406 3518 2460 aliis

1936 2505 2108 2560 creat,
2139 2495 2235 2551 sed
2264 2496 2463 2566 quibus
2501 2493 2695 2565 gignit,
2728 2493 2919 2548 iisdem
2954 2495 3117 2549 etiam
3150 2503 3322 2550 creat.
3362 2496 3516 2551 Orth.

1937 2585 1998 2639 Si
2028 2583 2255 2654 simplex
2295 2589 2379 2638 est
2422 2590 2476 2637 et
2521 2583 2935 2651 compositionis
2986 2598 3201 2653 expers,
3253 2568 3517 2655 quorsum

248 2678 419 2746 dicis,
469 2681 665 2752 quibus
695 2689 750 2737 et
802 2683 1035 2754 quibus?
1066 2681 1168 2739 Ubi
1194 2685 1337 2740 enim
1366 2690 1450 2740 est
1488 2682 1640 2748 illud,
1683 2683 1882 2755 quibus
1920 2690 1975 2738 ct
2010 2680 2235 2753 quibus,
2270 2678 2345 2734 ibi
2371 2693 2588 2749 quoque
2616 2677 2785 2731 multa
2833 2686 2980 2734 sunt.
3016 2676 3073 2732 Si
3136 2694 3303 2750 porro
3363 2696 3519 2736 com-

254 2776 546 2846 positionis
598 2793 793 2849 expers
833 2787 917 2834 est
940 2778 1104 2845 Deus,
1158 2795 1269 2834 non
1311 2781 1477 2852 igitur
1515 2781 1568 2834 in
1592 2795 1671 2835 eo
1713 2790 1844 2836 sunt
1882 2778 2075 2835 multa.

325 2868 382 2923 4.
400 2868 721 2938 Ἀνόμοιος.
754 2871 868 2924 Οὑκ
887 2870 1032 2925 ἐστιν
1057 2868 1149 2926 οὖν
1179 2872 1381 2935 ἁπλοῦς
1411 2876 1439 2927 ὁ
1465 2873 1634 2940 Θεός;
1665 2874 1822 2942 Ὀρθ.

253 2960 400 3029 Ἐγὼ
420 2960 476 3014 δὲ
504 2962 595 3015 καὶ
622 2961 761 3033 ὑπὲρ
788 2961 849 3015 τὸ
879 2962 1084 3019 ἁπλοῦν
1112 2964 1273 3033 λέγω.
1322 2964 1437 3017 Kui
1464 2963 1573 3036 γὰρ
1600 2962 1827 3032 ἄγγελος

252 3050 459 3116 ἁπλοῦς
494 3053 628 3109 ἐστι.
661 3054 755 3107 xui
784 3052 950 3125 ψυχὴ,
1007 3054 1099 3107 xui
1131 3054 1193 3108 τὸ
1227 3054 1345 3123 φῶς
1367 3070 1381 3085 ’
1418 3054 1479 3107 οὑ
1507 3053 1616 3126 γὰρ
1640 3056 1705 3107 ἐκ
1733 3070 1827 3124 με-

256 3143 368 3214 ρῶν
399 3144 433 3214 ἢ
471 3143 644 3214 μελῶν
686 3143 984 3213 σύγκειται.
1021 3146 1218 3213 Ἀνόμ.
1254 3146 1320 3198 Εἰ
1357 3145 1534 3198 τοίνυν
1562 3145 1655 3197 καὶ
1687 3144 1824 3216 ὑπὲρ

254 3234 318 3287 τὸ
356 3234 557 3288 ἁπλοῦν
586 3236 754 3297 ἐστιν,
782 3230 862 3300 οἷς
892 3239 1054 3309 γεννᾷ
1088 3238 1188 3292 καὶ
1224 3237 1432 3303 xvii“;
1467 3240 1623 3306 ’0p0.
1658 3238 1827 3291 Πάλιν

254 3324 420 3394 λέγω,
452 3328 528 3399 μὴ
560 3327 703 3397 λέγε,
736 3324 817 3392 οἷς
844 3330 1004 3401 γεννᾷ
1033 3329 1131 3384 καὶ
1159 3328 1358 3395 κτίζει’
1398 3330 1459 3383 τὸ
1489 3329 1598 3400 γὰρ
1624 3329 1827 3384 ἁπλοῦν

252 3413 338 3482 οἷς
371 3421 464 3472 xui
482 3414 560 3481 οἷς
590 3420 688 3473 οὑκ
709 3420 851 3490 ἔχει’
887 3421 1068 3492 πολλῷ
1095 3422 1151 3475 δὲ
1179 3422 1348 3475 πλείω
1366 3423 1426 3476 τὸ
1457 3423 1596 3496 ὑπὲρ
1623 3422 1826 3477 ἁπλοῦν

253 3505 337 3574 οἷς
369 3512 461 3564 xui
506 3508 586 3575 οἷς
629 3511 728 3565 οὑκ
767 3512 903 3583 ἔχει.
938 3514 1136 3582 Ἀνόμ.
1178 3513 1445 3578 Ὡσαύτως
1477 3510 1568 3568 οὖν
1608 3515 1770 3585 γεννᾷ
1798 3514 1826 3567 ὁ

252 3602 409 3669 Θεὸς,
442 3603 534 3656 xui
560 3603 823 3667 ὡσαύτως
848 3603 1048 3670 κτίζει;
1081 3607 1236 3674 Ὀρθ.
1267 3606 1362 3660 Οὑ.
1389 3607 1587 3676 Ἀνόμ.
1618 3606 1825 3660 Οὐκοῦν

255 3694 543 3761 σύνθετοςς
571 3696 724 3764 Ὀρθ.
761 3697 851 3769 Μὴ
871 3697 1108 3765 γένοιτοι
1146 3698 1344 3768 Ἀνόμ.
1371 3700 1432 3753 Ei
1464 3699 1639 3764 ἄλλοις
1663 3702 1825 3773 γεννᾷ

254 3788 352 3841 καὶ
389 3787 567 3860 ἄλλοις
618 3788 813 3852 κτίζει,
861 3788 1110 3853 σύνθετός
1143 3791 1322 3856 ὲστιν;
1349 3791 1503 3859 Ὀρθ.
1539 3791 1614 3844 Οὑ
1660 3790 1821 3860 λέγω,

246 3850 645 3950 ,ἄλλοις“γεννᾷ,
686 3850 779 3932 καὶ
800 3850 806 3852 ⁷
825 3878 1004 3943 ἄλλοις
1037 3850 1230 3943 κτίζει,
1270 3850 1424 3934 ἀλλὰ.
1437 3880 1610 3944 ἄλλως
1639 3850 1820 3953 γεννᾷ,

254 3970 353 4022 xui
384 3968 556 4033 ἄλλως
586 3970 776 4036 κτίζει.
834 3973 1033 4042 Ἀνόμ.
1065 3972 1191 4037 Πῶς
1218 3975 1399 4045 γεννᾷ,
1436 3976 1531 4028 xui
1562 3975 1679 4040 πῶς
1703 3976 1822 4030 κτί-

255 4056 341 4123 ζει
362 4074 377 4123 ;
399 4059 553 4127 ὀρθ.
604 4059 926 4114 ’Υποστὰσει
960 4063 1142 4133 γεννᾷ,
1192 4063 1287 4116 xui
1314 4063 1500 4135 ἐντολῇ
1536 4065 1728 4131 κτίζει.
1756 4067 1822 4120 Ἡ

253 4151 366 4221 γὰρ
414 4151 622 4220 ἐντολὴ,
670 4151 965 4223 σύνδρομον
1009 4152 1207 4223 ἔχουσα
1253 4153 1351 4225 τὴν
1383 4154 1636 4226 δύναμιν,
1680 4173 1823 4226 παρ-

258 4243 468 4315 ίστησιν
487 4243 516 4296 ὃ
535 4243 779 4313 βούλεται
811 4247 838 4298 ὁ
859 4244 1230 4316 ἐντειλάμενος
1246 4263 1259 4275 ·
1289 4246 1581 4300 ὑποστάσει
1607 4245 1664 4301 δὲ
1695 4262 1821 4314 γεν-

253 4332 383 4396 νῶν,
431 4332 532 4385 οὑκ
563 4331 813 4402 ἀνέχεται
859 4332 1097 4405 ἐντολὴν,
1147 4334 1233 4387 ἵνα
1263 4334 1428 4405 μηδὲν
1460 4335 1621 4405 μέσον
1725 4333 1819 4388 τοῦ

1999 2869 2055 2924 4.
2073 2868 2374 2922 Anamaeus.
2393 2864 2591 2921 Annon
2621 2873 2704 2922 est
2729 2865 2894 2937 igitur
2910 2864 3051 2921 Deus
3081 2864 3346 2937 simplex?
3362 2865 3514 2923 Orth.

1927 2960 2042 3018 Imo
2080 2962 2244 3017 etiam
2272 2960 2509 3030 amplius
2539 2974 2704 3029 quam
2728 2958 3033 3029 simplicem
3061 2974 3186 3014 esse
3213 2960 3322 3014 aio.
3362 2959 3501 3014 Nam

1929 3061 1983 3110 et
2011 3054 2236 3125 angelus
2266 3051 2494 3121 simplex
2528 3057 2634 3113 est,
2686 3056 2740 3105 et
2781 3050 2983 3113 anima,
3024 3056 3080 3104 et
3116 3049 3228 3113 lux,
3280 3064 3401 3103 cum
3445 3066 3514 3104 ex

1927 3148 2175 3219 partibus
2197 3152 2288 3199 aut
2315 3144 2574 3199 membris
2606 3158 2714 3197 non
2743 3149 3165 3210 componantur.
3192 3140 3385 3194 Anam.
3412 3140 3514 3195 lta-

1926 3255 2033 3310 que
2083 3239 2131 3294 si
2162 3237 2396 3308 amplius
2454 3235 2618 3308 410
2665 3249 2827 3305 quam
2887 3234 3117 3301 simplex
3154 3242 3261 3301 est,
3315 3232 3512 3303 quibus

1926 3327 2116 3399 gignit,
2169 3324 2364 3381 iisdem
2406 3324 2572 3379 etiam
2606 3332 2775 3378 creat.
2845 3320 3001 3377 Orth.
3034 3321 3236 3375 lterum
3290 3336 3508 3384 moneo,

1924 3433 1994 3472 ne
2043 3416 2232 3480 dicito,
2278 3415 2479 3485 quibus
2537 3413 2707 3485 gignit
2760 3412 2953 3469 iisdem
3002 3420 3055 3467 et
3112 3420 3263 3467 creat
3314 3430 3328 3467 :
3380 3426 3509 3466 nam

1924 3508 2069 3578 quod
2101 3507 2330 3576 simplex
2378 3512 2484 3571 est,
2523 3521 2634 3560 non
2689 3506 2853 3560 habet
2906 3504 3109 3575 quibus
3162 3512 3216 3560 et
3266 3504 3506 3575 quibus:

1923 3601 2094 3654 multo
2127 3608 2308 3654 autem
2360 3599 2524 3654 etiam
2557 3597 2730 3668 magis
2785 3597 2861 3661 id,
2910 3599 3059 3667 quod
3116 3610 3283 3668 supra
3331 3597 3507 3666 ipsam

1923 3691 2328 3761 simplicitatem
2382 3697 2489 3754 est,
2542 3703 2654 3744 non
2689 3687 2928 3742 admittit
2989 3686 3147 3752 illud,
3187 3687 3388 3757 quibus
3450 3698 3506 3742 et

1867 3769 1874 3777 ’
1923 3784 2141 3854 quibus.
2185 3782 2378 3837 Anam.
2413 3779 2675 3836 Similiter
2704 3794 2836 3849 ergo
2873 3779 3047 3850 gignit
3082 3776 3245 3842 Deus,
3276 3786 3329 3833 et
3357 3778 3510 3833 simi-

1922 3875 2048 3930 liter
2094 3881 2265 3929 creat.
2338 3871 2493 3928 Orth.
2552 3872 2931 3942 Nequaquam.
2981 3871 3171 3924 Anam.
3228 3866 3372 3940 Ergo
3423 3877 3507 3924 est

1921 3966 2275 4034 compositus.
2339 3962 2495 4019 Ortlc.
2529 3963 2705 4018 Absit.
2758 3962 2954 4017 Anam.
3003 3961 3060 4016 Si
3092 3961 3214 4016 aliis
3244 3961 3417 4032 gignit
3453 3972 3505 4016 et

1921 4057 2045 4112 aliis
2073 4064 2243 4120 creat,
2287 4053 2625 4125 compositus
2656 4059 2759 4107 est.
2822 4051 2974 4107 Ortli.
3030 4050 3147 4104 Non
3203 4050 3327 4105 dico
3379 4050 3505 4105 aliis

1921 4148 2114 4220 gignit,
2149 4148 2271 4203 aliis
2299 4156 2486 4202 creat:
2529 4144 2626 4200 sed
2672 4144 2831 4199 aliter
2874 4143 3065 4214 gignit,
3124 4141 3283 4195 aliter
3330 4148 3499 4195 creat.

1919 4244 2111 4295 Anam.
2152 4238 2437 4307 Quomodo
2485 4237 2660 4309 gignit
2699 4242 2753 4291 et
2798 4233 3071 4305 quomodo
3105 4232 3295 4288 creat?
3345 4231 3500 4287 Orth.

1921 4333 2209 4405 Hypostasi
2235 4333 2426 4404 gignit,
2448 4339 2501 4387 et
2521 4332 2779 4386 mandato
2810 4339 2976 4384 creat.
2999 4326 3310 4381 Mandatum
3335 4325 3501 4391 enim,

255 4423 551 4492 γεννῶντος
595 4424 806 4496 Πατρὸς
831 4424 925 4477 xui
950 4425 1045 4478 τοῦ
1073 4427 1409 4497 γεννωμένου
1433 4427 1584 4480 Υίοῢ.
1616 4427 1814 4497 Ἀνόμ.

1933 4431 2280 4478 :oncurrente
2308 4427 2592 4491 potestate,
2624 4433 2863 4490 praesens
2893 4418 3035 4473 sistit
3067 4415 3213 4486 quod
3246 4413 3505 4468 mandan-

256 4514 349 4585 Μὴ
376 4514 542 4568 θέλων
581 4512 673 4570 οὖν
720 4515 1043 4588 ὲγέννησεν;
1079 4520 1233 4586 Ὄρθ.
1273 4520 1329 4571 Ὀ
1358 4518 1635 4589 γεννηθεὶς
1677 4518 1824 4583 ζῶσα
1851 4524 1869 4543 ⁵

250 4607 353 4661 τοῦ
380 4608 733 4679 γεννήσαντάς
760 4610 904 4662 ἐστιν
931 4608 1113 4674 εἰκὼν,
1147 4609 1243 4663 xui
1270 4609 1583 4683 ὑπερϐαίνει
1608 4610 1707 4680 τὴν
1736 4609 1823 4663 θέ-

253 4698 415 4769 λησιν
441 4701 472 4771 ἡ
498 4699 657 4755 εἰκὼν
676 4701 775 4771 τῆς
800 4701 1165 4765 ὑποστάσεως.
1197 4702 1417 4774 Πρῶτον
1444 4702 1551 4774 γὰρ
1577 4703 1659 4755 δεῖ
1684 4706 1823 4756 νοεῖν

252 4790 358 4860 τὴν
390 4790 570 4844 εἰκόνα
598 4791 699 4861 τῆς
728 4791 1092 4856 ὑποστάσεως,
1112 4792 1205 4847 καὶ
1235 4793 1355 4847 τότε
1381 4792 1442 4845 τὸ
1467 4793 1657 4857 θέλειν,
1682 4791 1715 4864 ἢ
1747 4793 1821 4863 μὴ

258 4880 451 4934 θέλειν.
482 4882 592 4950 Τῆς
635 4883 691 4936 δὲ
715 4882 1060 4947 ὑποστάσεως
1088 4884 1202 4936 ἐστι
1229 4883 1476 4954 γέννημα
1525 4883 1619 4937 xui
1662 4882 1823 4936 εἰκὼν

258 4972 675 5041 ἀπαράλλακτος
707 4975 735 5026 ὁ
764 4974 893 5037 Υἱός
918 4991 932 5004 ·
968 4973 1076 5045 πρὸ
1114 4973 1208 5027 τοῦ
1243 4974 1540 5045 θελήματος
1585 4975 1695 5028 νόει
1725 4971 1824 5045 τὴν

256 5063 358 5132 τῆς
397 5063 742 5127 ὑποστάσεως
763 5064 966 5118 εἰκόνα.
985 5066 1182 5135 Ἀνόμ.
1208 5065 1272 5119 Τί
1290 5067 1461 5131 ὲστιν;
1477 5064 1825 5136 ’Υπερὸαίνει

226 5156 354 5226 ,τὴν
384 5154 599 5226 θέλησιν
627 5156 660 5226 ή
684 5154 878 5221 είκών;
903 5157 1057 5224 Ὀρθ.
1079 5157 1200 5209 Ὅτι
1220 5156 1315 5228 τὴν
1340 5155 1546 5221 οὐσίαν,
1581 5156 1677 5210 καὶ
1696 5156 1824 5210 ἄνευ

255 5243 346 5297 τοῦ
382 5244 499 5297 τόδε
539 5243 735 5311 θέλειν,
767 5245 954 5316 νοῆσαι
977 5244 1140 5319 δύνῃ*
1170 5245 1298 5300 ἄνευ
1322 5246 1377 5299 δὲ
1402 5246 1608 5310 εἰκόνος
1643 5247 1704 5300 οὑ
1738 5246 1829 5300 δύ-

256 5352 340 5407 νῃ.
373 5335 439 5389 Ἦ
488 5335 596 5409 γὰρ
622 5334 837 5407 θέλησις
864 5337 957 5390 xui
983 5335 1225 5408 ,ἄρχεται
1274 5338 1368 5391 xui
1409 5337 1637 5392 παύεται
1658 5354 1673 5370 ο
1704 5340 1739 5410 ἡ
1771 5337 1827 5392 δὲ

330 5491 373 5523 ⁷¹
417 5489 572 5545 Prov.
606 5504 735 5555 vm,
769 5490 859 5547 25.
935 5490 983 5522 "
1023 5488 1168 5546 Psal.
1203 5504 1331 5557 cm,
1368 5490 1423 5545 ι.
1501 5490 1547 5523 ’³
1586 5489 1724 5546 ibid.
1761 5490 1815 5546 5.

337 5642 786 5715 ($6)APalatinus,
823 5646 887 5700 ‘0
916 5642 1070 5715 τίθης
1094 5641 1150 5697 δὲ
1178 5643 1314 5708 ὅλως
1374 5643 1455 5698 ὅτι
1483 5644 1512 5698 ὁ
1539 5642 1659 5714 μέν.
1686 5639 1822 5715 Reg.

266 5716 430 5787 πείθῃ
453 5713 513 5769 δὲ
539 5714 698 5784 ὅλως.

1929 4519 1969 4571 ti
2006 4518 2133 4572 libet
2165 4536 2179 4571 :
2209 4517 2257 4571 is
2303 4530 2433 4571 vero
2462 4515 2555 4586 qui
2581 4515 2752 4585 gignit
2798 4512 3102 4584 bypostasi,
3135 4525 3245 4565 non
3275 4524 3501 4579 exspec-

1927 4616 2007 4662 tat
2053 4607 2389 4671 mandatum,
2449 4621 2518 4662 ne
2565 4604 2696 4676 quid
2740 4605 2978 4660 medium
3029 4603 3329 4658 intercedat
3360 4601 3502 4655 inter

1926 4695 2234 4767 gignentem
2279 4694 2519 4759 Patrem,
2555 4702 2610 4750 et
2641 4692 2839 4747 Filium
2883 4692 2975 4762 qui
3004 4692 3263 4763 gignitur.
3305 4691 3498 4744 Anam.

1926 4789 2011 4843 An
2061 4787 2229 4858 igitur
2258 4786 2466 4841 invitus
2508 4784 2737 4856 genuit?
2804 4781 2961 4839 Orth.
3000 4782 3105 4849 Qui
3144 4781 3358 4852 genitus
3394 4789 3497 4844 est,

1928 4878 2048 4931 viva
2110 4884 2192 4932 est
2247 4875 2366 4945 ejus
2404 4876 2497 4945 qui
2553 4874 2740 4944 genuit
2782 4873 2987 4941 imago;
3057 4879 3113 4926 et
3164 4871 3499 4924 voluntatem

1930 4967 2271 5022 transcendit
2297 4967 2477 5037 imago
2506 4965 2884 5036 bypostaseos.
2917 4961 3078 5017 Prius
3111 4960 3255 5016 enim
3286 4966 3500 5030 Oportet

1929 5062 2112 5115 animo
2158 5060 2449 5130 concipere
2482 5058 2775 5129 imaginem
2813 5057 3198 5127 bypostaseos,
3228 5061 3282 5107 et
3309 5058 3498 5121 postea

1930 5153 2067 5208 velle
2100 5158 2195 5206 aut
2236 5151 2405 5207 nolle.
2435 5149 2609 5206 Filius
2637 5156 2819 5205 autem
2861 5156 2948 5203 est
2979 5145 3197 5202 soboles
3238 5143 3497 5215 hyposta-

1932 5258 2079 5310 seos,
2107 5250 2161 5299 et
2188 5244 2368 5314 imago
2393 5257 2624 5313 prorsus
2664 5241 2933 5295 invariata
2964 5257 2977 5293 :
3013 5244 3139 5292 ante
3166 5235 3497 5290 voluntatem

1934 5338 2119 5393 animo
2145 5337 2377 5407 concipe
2401 5336 2693 5408 imaginem
2715 5334 3098 5406 bypostaseos.
3131 5328 3320 5383 Anam.
3357 5322 3498 5392 Quid

2006 5642 2115 5715 (47)
2148 5639 2447 5707 Palatinus,
2472 5640 2537 5694 ἐκ
2565 5638 2665 5709 τῆς
2687 5636 2875 5709 αὐτῆς.
