3878 6208
217 306 338 361 1125

1167 295 1256 350 DE
1291 293 1566 350 'SANCTA
1607 292 1982 349 TRlNlTATE
2010 292 2364 351 DIALOGUS
2403 293 2444 348 Ι.

3283 291 3424 348 1126

103 429 132 464 ἒ
219 424 372 494 μένον,
411 421 529 492 μεθ’
557 414 640 484 οὗ,
674 419 769 474 ἐὰν
791 416 975 488 τάχιον
1003 416 1248 488 ἔρχηται,
1295 416 1496 486 ὂψομαι
1529 416 1692 486 ὑμᾶς.
1731 437 1750 470 ι

1861 423 2016 470 cutus
2051 421 2135 469 est
2169 413 2328 468 nobis
2357 413 2414 467 in
2447 410 2584 466 Filio
2610 412 2678 467 ".
2721 430 2742 464 ι
2794 410 2949 466 Hanc
2979 419 3164 468 autem
3190 425 3314 468 esse
3343 410 3428 480 ip-

101 527 122 558 ίι
215 523 314 575 sius
344 521 656 590 Epistolam,
694 524 920 588 apparet
950 517 1112 570 etiam
1139 531 1204 569 ex
1240 516 1346 568 line
1378 512 1652 576 Epistolae.
1717 511 1965 568 Meminit
1997 511 2144 566 enim
2181 510 2346 566 etiam
2400 509 2672 566 Timothei
2719 510 2808 566 his
2842 511 3025 567 verbis
3058 531 3074 568 :
3123 529 3143 563 ι
3217 509 3427 567 Scitote

97 617 129 650 εοίι
211 611 410 666 fratrem
439 621 688 666 nostrum
723 609 1069 664 Timotheum
1119 607 1412 665 liberatum
1449 619 1594 671 esse,
1634 619 1760 658 cum
1791 619 1922 676 quo,
1952 604 1999 659 si
2032 603 2143 658 cito
2167 605 2401 668 venerit,
2435 618 2532 658 vos
2564 601 2758 658 videbo
2781 602 2850 656 ⁷⁸.
2889 621 2909 654 ι

109 710 126 740 ε
275 704 323 758 6.
367 704 681 774 Ἀνόμοιος.
728 703 845 757 Κᾶν
890 702 1090 773 δῶμεν,
1123 703 1205 754 ὃτι
1254 700 1464 753 Παύλου
1525 701 1670 752 ἐστὶν
1712 701 1747 770 ὴ

95 801 110 830 ῖ
216 795 506 867 Ἐπιστολὴ,
539 795 674 849 ἀλλὰ
701 794 1030 866 ὁχαρακτὴρ
1066 792 1175 863 (50)
1193 793 1290 863 τῆς
1321 791 1668 854 ὑποστάσεως
1697 794 1754 845 ἐν

96 921 98 923 ›
201 889 272 956 ’τῇ
299 887 575 940 ὑποστάσει
607 885 719 956 ἔχει
745 885 807 938 τὸ
849 880 1010 946 εἶναι,
1050 884 1148 936 οὐκ
1176 885 1233 935 ἐν
1274 881 1377 953 ἰδίᾳ
1405 880 1554 952 (toﬁ;
1598 882 1752 948 Ὀρθ.

99 990 114 1019 ‘-‘
225 976 345 1029 Ἀλλ’
369 979 427 1030 οὐ
461 976 618 1046 μόνον
647 975 859 1045 εἴρηται
896 972 1180 1043 χαρακτὴρ
1217 970 1584 1033 ὑποστάσεως,
1619 969 1755 1023 ἀλλὰ

96 1083 115 1112 .2
205 1069 298 1122 καὶ
321 1068 456 1132 Υίὸς,
478 1068 565 1119 ἵνα
594 1065 655 1118 τὸ
682 1064 1040 1118 ὲνυπόστατον
1059 1065 1355 1133 νοήσωμεν.
1393 1061 1754 1131 Ἀπαύγασμα

96 1175 112 1206 :1
213 1161 310 1232 γὰρ
350 1161 575 1230 εἴρηται,
623 1157 710 1211 διὰ
740 1157 800 1210 τὸ
843 1156 1124 1218 συναϊδίως
1156 1155 1215 1220 ἐξ
1251 1154 1412 1207 αὑτοῦ
1444 1150 1614 1208 εἶναι·
1652 1169 1753 1222 χα-

216 1251 401 1324 ρακτὴρ
452 1249 542 1304 διὰ
582 1250 680 1321 τὴν
726 1248 1018 1319 ὁμοιότητα
1055 1248 1154 1317 τῆς
1205 1245 1583 1309 ὑποστάσεως·
1626 1243 1752 1306 Υἱὸς

96 1389 98 1391 .
197 1344 293 1397 -διά
313 1343 368 1397 τὸ
395 1341 768 1396 ὲνυπόστατον.
799 1341 994 1409 Ἀνόμ.
1020 1339 1128 1391 Καὶ
1149 1339 1307 1409 ἡμεῖς
1332 1337 1559 1407 λέγομεν
1579 1334 1758 1388 πάντα

211 1431 336 1489 εἴναι
369 1436 431 1486 ἐκ
456 1432 548 1486 τοῦ
581 1431 736 1486 Θεοῦ.
780 1433 930 1499 Ὀρθ.
981 1429 1140 1482 Ἀλλὰ
1165 1429 1234 1482 τὰ
1265 1429 1362 1498 μὲν
1391 1427 1536 1480 ἔστιν
1561 1429 1626 1479 ὲκ
1659 1427 1758 1497 τῆς

209 1527 411 1598 ἐντολῆς
454 1524 616 1580 αὐτοῦ
674 1522 1110 1597 δημιουργικῶς·
1163 1523 1192 1574 ὁ
1245 1521 1303 1574 δὲ
1359 1520 1487 1583 Υἱὸς
1539 1520 1605 1573 ὲκ
1657 1519 1758 1588 τῆς

96 1642 108 1670 τ·
209 1618 539 1681 ὑποστάσεως
560 1615 888 1687 γεννητικῶς
915 1616 974 1669 τὸ
995 1615 1052 1668 δὲ
1081 1612 1301 1684 Πνεῦμα
1330 1609 1754 1682 ἐκπορευτικῶς.

1925 699 1978 753 6.
2019 699 2324 754 Anomaeus.
2350 698 2573 753 Etiamsi
2609 698 2750 752 hanc
2784 696 3083 767 Epistolam
3114 697 3268 753 Pauli
3302 713 3428 754 esse

1853 789 2255 854 concedamus,
2303 797 2541 842 attamen
2587 788 2876 843 character
2921 789 3280 860 hypostaseos
3330 789 3428 843 ba-

1853 879 1945 934 bet
1982 895 2106 934 esse
2154 879 2211 934 in
2249 879 2566 951 hypostasi,
2597 896 2708 934 non
2749 881 2807 934 in
2836 882 3060 951 propria
3091 882 3223 937 vita.
3263 881 3422 936 Orth.

1855 970 1926 1024 At
1964 971 2219 1026 Christus
2261 986 2369 1025 non
2415 979 2625 1025 tantum
2672 970 2877 1026 dicitur
2929 972 3214 1026 character
3253 970 3426 1044 hypo-

1861 1071 2109 1128 staseos,
2155 1079 2346 1118 verum
2394 1065 2559 1118 etiam
2612 1062 2822 1130 Filius,
2873 1071 2934 1118 ut
2985 1064 3117 1119 illud
3169 1065 3430 1136 hyposta—

1858 1156 2029 1210 ticum
2070 1155 2460 1225 intelligamus.
2510 1153 2720 1209 Dicitur
2761 1155 2906 1210 enim
2955 1154 3235 1225 splendor,
3281 1157 3428 1226 quod

1858 1262 1966 1300 una
1999 1247 2072 1302 sit
2100 1262 2167 1301 ex
2195 1247 2317 1316 ipso
2348 1246 2416 1300 ab
2442 1256 2646 1302 aeterno
2674 1266 2689 1302 :
2728 1247 3012 1301 character
3046 1263 3175 1301 vero
3204 1256 3429 1318 propter

1857 1337 2214 1407 hypostaseos
2253 1336 2668 1392 similitudinem
2705 1354 2717 1390 :
2751 1334 2922 1391 Filius
2967 1337 3235 1406 denique,
3281 1337 3428 1406 quod

1857 1429 1931 1484 sit
1961 1430 2016 1484 in
2047 1428 2350 1500 hypostasi.
2379 1427 2570 1482 Anam.
2604 1427 2848 1484 Dicimus
2877 1435 2934 1483 et
2963 1444 3064 1485 nos
3095 1432 3279 1485 omnia
3306 1447 3428 1488 esse

1859 1537 1925 1575 ex
1966 1518 2096 1574 Deo.
2150 1519 2303 1575 Orth.
2360 1518 2465 1574 Sed
2525 1520 2630 1573 alia
2684 1520 2906 1590 quidem
2959 1527 3087 1575 sunt
3133 1538 3200 1577 ex
3252 1523 3428 1592 ipsius

1860 1609 2117 1664 mandato
2174 1625 2272 1680 per
2319 1607 2692 1676 creationem;
2735 1607 2904 1663 Filius
2945 1626 3076 1665 vero
3129 1627 3195 1666 ex
3251 1613 3427 1684 ipsius

220 1714 398 1782 Ἀνόμ.
434 1712 544 1766 Καὶ
567 1710 628 1764 τι
659 1708 880 1780 Πνεῦμα
920 1712 984 1762 ὲκ
1022 1709 1122 1779 τῆς
1167 1706 1512 1768 ὑποστάσεως
1539 1704 1754 1772 Mrem

1861 1700 2180 1770 hypostasi,
2227 1715 2325 1770 per
2374 1701 2814 1769 generationem;
2866 1699 3104 1771 Spiritus
3154 1719 3286 1758 vero
3333 1719 3430 1774 per

219 1807 362 1875 Ὀρθ.
407 1803 558 1857 Ἐπεὶ
606 1802 800 1868 πόθεν;
850 1803 1046 1870 Ἀνόμ.
1080 1799 1189 1853 Ποῦ
1217 1799 1547 1870 γέγραπται,
1580 1797 1661 1850 ὅτι
1689 1795 1757 1849 τὰ

203 1898 304 1969 μὲν
327 1899 386 1951 ὲκ
413 1897 510 1968 τῆς
541 1895 778 1966 ἐντολῆς,
796 1893 865 1947 τά
890 1893 945 1946 δὲ
975 1895 1038 1946 ὲκ
1064 1892 1163 1963 τῆς
1181 1891 1562 1954 ὑποστάσεωςς
1598 1889 1752 1956 Ὀρθ.

215 1990 274 2044 '0
307 1987 462 2043 Δαΰὶδ
489 1986 635 2055 λέγει
663 1984 789 2056 περὶ¹
831 1983 940 2037 τῶν
967 1985 1031 2036 ὲκ
1070 1982 1168 2054 τῆς
1203 1981 1424 2050 ἐντολῆς
1444 1996 1457 2009 °
1501 1998 1518 2032 ι
1548 1980 1756 2032 Αἰνεῖτε

203 2081 295 2134 τὸν
338 2078 536 2151 Κύριον
577 2078 642 2132 ὲκ
680 2076 790 2129 τῶν
828 2073 1090 2147 οὐρανῶν,
1139 2075 1337 2126 αἰνεϊτε
1369 2071 1529 2126 αὐτὸν
1561 2072 1619 2124 ὲν
1646 2072 1759 2133 τοῖς

206 2171 458 2240 ὑψίστοις,
499 2171 698 2224 αἰνεῖτε
744 2167 926 2232 αὑτὸν,
969 2165 1168 2229 πάντες
1217 2166 1266 2217 οἱ
1313 2163 1532 2232 ἄγγελοι
1569 2162 1756 2226 αὑτοῦ,

202 2267 394 2318 αίνεϊτε
426 2262 607 2326 αὑτὸν,
633 2262 805 2314 πᾶσαι
833 2261 888 2312 αἱ
922 2258 1178 2328 δυνάμεις
1219 2253 1404 2319 αὑτοῦ,
1435 2256 1631 2307 αἰνείτε
1658 2254 1760 2307 αὑ-

201 2355 311 2414 τὸν,
346 2353 492 2423 ἥλιος
542 2351 637 2406 καὶ
690 2349 920 2420 σελήνη,
974 2351 1171 2401 αίνεῖτε
1219 2347 1413 2410 αὑτὸν,
1464 2347 1640 2400 πάντα
1692 2345 1762 2399 τὰ

200 2446 370 2515 ἄστρα
394 2445 486 2496 καὶ
509 2443 570 2496 τὸ
601 2443 736 2512 φῶς.
773 2441 894 2494 Ὅτι
921 2440 1081 2504 αὐτὸς
1113 2435 1252 2503 εἷπε,
1276 2439 1369 2491 καὶ
1394 2437 1726 2508 ἐγενήθησαν
1743 2453 1756 2467 ·

202 2536 358 2596 αὐτὸς
405 2533 701 2588 ἐνετείλατο
738 2532 870 2603 (51),
903 2531 998 2585 καὶ
1043 2529 1390 2601 ἐκτίσθησαν.
1448 2547 1466 2579 ι
1524 2528 1660 2600 Περὶ
1705 2527 1761 2580 δὲ

198 2627 302 2696 τῆς
331 2629 631 2696 γεννήσεως
670 2625 764 2678 τοῦ
797 2623 928 2676 Υἱοῦ
963 2622 1303 2692 γέγραπται·
1337 2639 1355 2672 ι
1403 2621 1498 2673 Ἐκ
1529 2619 1763 2691 γαστρὸς

208 2720 316 2790 πρὸ
362 2717 638 2789 ὲωσφόρου
685 2715 796 2788 (52)
857 2714 1121 2784 ὲγέννησά
1169 2728 1262 2766 σε’
1298 2731 1314 2762 ι
1355 2712 1446 2765 καὶ
1496 2711 1623 2782 περὶ
1668 2710 1760 2763 τοῦ

181 2807 354 2875 -ἀγίου
379 2806 710 2876 Πνεύματος,
731 2825 749 2857 ι
794 2805 881 2860 Ἐν
913 2806 1033 2867 ταῖς
1054 2803 1305 2873 ἐσχάταις
1336 2802 1568 2872 ἡμέραις
1587 2799 1762 2871 ἐκχεῶ

197 2899 308 2952 ἀπὸ
332 2897 426 2950 τοῦ
456 2897 768 2967 Πνεύματός
801 2914 901 2967 μου
937 2895 1028 2948 ἐπὶ
1067 2898 1246 2947 πᾶσαν
1277 2894 1488 2964 σάρκαο
1529 2911 1548 2943 ι
1585 2893 1678 2944 καὶ¹
1706 2895 1763 2945 ὲν

189 2989 406 3050 ἄλλοιςο
443 3006 461 3038 ι
495 2986 717 3057 Πνεῦμα
740 2986 848 3057 γὰρ
880 2986 1008 3056 παρ’
1033 2984 1165 3055 ἐμοῦ
1190 2983 1574 3055 ἐκπορεύεται·
1615 3001 1633 3034 ι
1668 2983 1762 3035 καὶ

191 3083 252 3133 ἐν
285 3078 460 3142 ἄλλοις
480 3094 492 3107 ·
529 3097 546 3130 ι
573 3077 663 3148 Τῷ
707 3077 864 3147 Λόγῳ
897 3077 1102 3148 Κυρίου
1129 3076 1240 3146 (55)
1267 3077 1316 3128 οἱ
1361 3074 1577 3148 οὐρανοὶ
1610 3077 1762 3128 ὲστε-

181 3169 512 3242 ⁴ρεώθησαν,
555 3171 649 3223 καὶ
696 3169 773 3240 τῷ
817 3168 1094 3239 Πνεύματι
1138 3168 1230 3222 τοῦ
1285 3169 1548 3238 στόματος
1598 3167 1762 3221 αὐτοῦ

188 3264 346 3314 πᾶσα
378 3263 411 3332 ή
441 3260 669 3332 δύναμις
709 3259 904 3313 αὐτῶν.
942 3278 962 3312 ›
1010 3259 1206 3328 Ἀνόμ.
1248 3259 1342 3312 Ἐκ
1383 3259 1615 3330 γαστρὸς
1641 3253 1762 3311 εἶπε

187 3353 292 3406 καὶ
320 3353 602 3423 στόματος,
646 3352 747 3405 οὐκ
775 3351 832 3418 ἐξ
859 3351 1225 3414 ὑποστάσεως.
1266 3352 1421 3419 Ὀρθ.
1483 3351 1604 3404 Ἐπὶ
1627 3349 1762 3403 Θεοῦ

185 3444 323 3496 ὅταν
351 3442 611 3511 λέγωνται
639 3441 774 3513 μέλη
801 3442 833 3514 ἢ
871 3441 1034 3514 μέρη,
1079 3439 1522 3512 άνθρωποπαθῶς
1553 3441 1651 3513 μὲν
1672 3440 1762 3494 λέ-

183 3548 401 3598 γονται,
442 3531 758 3604 θεοπρεπῶς
805 3531 863 3584 δὲ
922 3531 1199 3584 νοοῦνταιο
1250 3531 1297 3583 εί
1342 3530 1398 3584 δὲ
1445 3529 1554 3601 μὴ,
1603 3531 1764 3584 ποίαν

182 3623 434 3693 γαστέρα
456 3621 771 3693 σωματικὴν
796 3621 890 3673 ἐπὶ
915 3621 1048 3674 Θεοῦ
1081 3622 1276 3692 ἔχομεν
1325 3621 1547 3691 νοῆσαι;
1597 3621 1759 3690 Ἐγὼ,

178 3714 436 3784 γαστέρα
463 3713 694 3777 ἀκούων,
720 3713 781 3766 τὸ
801 3714 1114 3784 γεννητικὸν
1137 3713 1237 3784 τῆς
1261 3712 1472 3781 φύσεως
1497 3713 1603 3766 νοῶ
1621 3753 1636 3777 ,
1669 3713 1764 3766 καὶ

177 3806 369 3876 στόμα
386 3806 447 3858 τὸ
465 3805 766 3859 διδακτικόν
783 3821 798 3836 ο
822 3807 916 3860 καὶ⁹
937 3806 1044 3876 γὰρ
1065 3806 1158 3858 καὶ
1182 3805 1274 3858 ἐπὶ
1299 3804 1394 3858 ἀνθ
1404 3805 1599 3875 ρώπων
1617 3804 1764 3859 ἐστιν

174 3895 275 3948 ὅτε
306 3894 568 3966 κέχρηται
602 3897 635 3965 ἡ
671 3894 858 3967 Γραφὴ
881 3893 1051 3967 ταύτῃ
1079 3897 1144 3965 τῇ
1186 3894 1462 3966 συνηθείᾳ,
1512 3894 1588 3957 ὡς
1635 3895 1762 3949 ὅταν

173 3986 320 4057 λέγῃ
341 4002 359 4018 ο
397 4004 416 4038 ι
470 3987 601 4039 Ἀπὸ
628 3985 720 4040 τοῦ
751 3987 913 4055 φόϐου
948 4003 1062 4052 σου,
1099 3985 1292 4058 Κύριε,
1329 3988 1386 4039 ὲν
1407 3987 1604 4058 γαστρὶ
1637 3986 1762 4040 ἐλά-

1857 1795 2284 1860 processionem.
2329 1791 2520 1844 Anam.
2571 1789 2716 1862 Ergo
2765 1791 3028 1862 Spiritum
3077 1794 3240 1849 etiam
3289 1794 3428 1851 dicis

1857 1896 1980 1936 esse
2009 1897 2076 1936 ex
2136 1881 2473 1953 hypostasi?
2537 1881 2692 1938 Orth.
2747 1881 2966 1952 Alioqui
3031 1883 3176 1939 unde
3232 1885 3430 1940 esset?

1855 1970 2047 2026 Auom.
2093 1970 2201 2026 Ubi
2248 1971 2513 2040 scriptum
2559 1978 2644 2026 est
2684 1970 2790 2024 alia
2838 1986 2962 2027 esse
3013 1987 3080 2026 ex
3131 1971 3428 2035 mandato,

1859 2064 1966 2117 alia
1996 2080 2065 2120 ex
2097 2063 2423 2135 bypostasi?
2484 2061 2638 2119 Orth.
2694 2062 2838 2117 Dicit
2872 2062 3041 2119 David
3073 2063 3141 2118 de
3187 2064 3257 2120 iis
3307 2080 3430 2135 quae

1857 2169 1925 2210 ex
1954 2154 2047 2210 Dei
2079 2154 2337 2209 mandato
2364 2155 2678 2210 exsistunt:
2707 2174 2726 2207 ι
2761 2153 3003 2210 Laudate
3036 2153 3324 2212 Dominum
3360 2158 3428 2214 de

1859 2248 2015 2302 caelis
2034 2286 2049 2312 ,
2085 2247 2302 2301 laudate
2330 2261 2456 2301 eum
2483 2247 2538 2300 in
2567 2247 2799 2302 excelsis
2827 2264 2841 2312 ;
2879 2247 3097 2303 laudate
3122 2264 3280 2313 eum,
3311 2264 3431 2304 om-

1860 2355 1958 2396 nes
2021 2338 2199 2410 angeli
2245 2338 2366 2409 ejus
2393 2377 2408 2402 ,
2462 2337 2678 2394 laudate
2733 2355 2902 2404 eum,
2959 2353 3148 2395 omnes
3197 2340 3432 2396 virtutes

1860 2432 2023 2501 ejus;
2061 2429 2279 2484 laudate
2329 2445 2490 2494 eum,
2549 2431 2632 2485 sol
2683 2439 2737 2484 et
2786 2430 2949 2496 luna,
3001 2431 3220 2487 laudate
3271 2447 3430 2500 eum,

1861 2536 2056 2576 omnes
2089 2521 2261 2576 stellae
2289 2527 2343 2576 et
2384 2521 2590 2576 lumen.
2638 2519 2778 2586 Quia
2820 2506 2937 2592 ipse
2974 2521 3144 2590 dixit,
3188 2530 3244 2577 et
3288 2523 3432 2577 facta

1862 2620 1992 2668 sunt
2023 2630 2036 2666 :
2072 2612 2190 2682 ipse
2227 2611 2508 2666 mandavit
2534 2619 2589 2666 et
2615 2621 2801 2666 creata
2845 2622 2973 2667 sunt
3006 2612 3073 2666 ⁷³.
3109 2632 3128 2666 ›
3160 2612 3234 2668 De
3269 2630 3434 2685 gene-

1862 2706 2082 2760 ratione
2112 2719 2242 2759 vero
2290 2701 2416 2758 Filii
2467 2703 2733 2774 scriptum
2786 2712 2909 2760 est:
2939 2725 2959 2757 ι
2989 2703 3070 2758 Ex
3117 2713 3274 2761 utero
3307 2718 3433 2760 ante

1863 2797 2153 2852 luciferum
2187 2795 2352 2867 genui
2386 2804 2441 2852 te
2472 2797 2518 2829 ⁸⁸⁵
2546 2816 2559 2852 :
2596 2815 2614 2849 ι
2642 2803 2696 2852 et
2723 2795 2790 2852 de
2820 2795 3028 2866 Spiritu
3057 2808 3283 2854 sancto:
3323 2817 3342 2851 ι
3373 2800 3433 2854 ln

1862 2889 2176 2944 novissimis
2212 2887 2406 2944 diebus
2454 2886 2729 2944 eli‘undam
2758 2887 2824 2942 de
2859 2887 3066 2958 Spiritu
3103 2905 3226 2945 meo
3270 2907 3436 2962 super

1865 2995 2082 3035 omnem
2109 2995 2331 3036 carnem
2360 2981 2428 3037 ⁶¹.
2462 3000 2481 3034 ι
2503 2980 2569 3035 Ει
2614 2980 2743 3035 alibi
2770 2999 2783 3036 :
2813 3001 2831 3032 ι
2861 2981 3099 3051 Spiritus
3159 2984 3304 3039 enim
3365 3000 3434 3039 ex

1864 3087 1952 3127 me
2001 3071 2284 3142 procedit:
2320 3090 2340 3124 ι
2373 3072 2502 3127 item
2550 3073 2720 3128 alibi:
2776 3091 2796 3124 ι
2829 3073 3004 3130 Verbo
3050 3074 3266 3131 Domini
3307 3077 3434 3132 coeli

1864 3163 2065 3217 ﬁrmati
2100 3170 2261 3232 sunt,
2293 3171 2348 3218 et
2379 3165 2576 3234 spiritu
2612 3165 2725 3220 oris
2765 3165 2886 3236 ejus
2929 3168 3108 3222 omnis
3136 3169 3311 3225 virtus
3341 3183 3435 3224 eo-

1862 3269 1988 3309 rum
2019 3256 2086 3309 ".
2123 3274 2142 3307 ι
2167 3254 2357 3310 Anam.
2391 3255 2472 3311 Ex
2521 3264 2676 3312 utero
2725 3259 2897 3322 dixit,
2939 3266 2994 3313 et
3038 3274 3105 3314 ex
3150 3274 3279 3323 ore,
3320 3275 3433 3314 non

1863 3353 2043 3401 autem
2071 3361 2140 3400 ex
2170 3346 2468 3417 hypostasi.
2504 3347 2658 3404 Orth.
2688 3346 2880 3404 Partes
2908 3365 3004 3405 seu
3037 3350 3278 3405 membra
3307 3365 3430 3406 cum

1863 3437 1974 3494 Deo
2022 3439 2360 3504 tribuuntur,
2408 3440 2668 3504 dicuntur
2712 3442 2929 3511 quidem
2977 3442 3216 3497 humano
3247 3457 3433 3509 more,

1862 3531 2243 3602 intelliguntur
2273 3541 2452 3586 autem
2500 3541 2556 3587 ut
2601 3532 2713 3588 Deo
2758 3535 3054 3589 convenit:
3087 3538 3170 3589 sin
3213 3535 3432 3602 minus,

1862 3639 2023 3694 quem
2054 3633 2267 3679 uterum
2312 3625 2367 3679 in
2416 3624 2528 3679 Deo
2567 3641 2888 3696 corporeum
2931 3627 3207 3697 possimus
3250 3639 3436 3684 mente

1862 3717 2195 3785 concipere?
2224 3716 2412 3787 Itaque
2443 3725 2659 3772 uterum
2693 3719 2954 3784 audiens,
2990 3721 3282 3789 generandi
3330 3736 3433 3775 na-

1862 3812 1998 3859 turae
2023 3807 2173 3860 vim:
2211 3816 2266 3860 et
2299 3821 2362 3861 os
2388 3806 2618 3862 audiens
2643 3848 2657 3872 ,
2709 3807 2940 3862 docendi
2986 3807 3300 3862 facultatem
3346 3809 3434 3863 in-

1862 3896 2096 3966 telligo:
2157 3913 2267 3967 quo
2296 3898 2556 3970 loquendi
2615 3914 2767 3954 more
2811 3898 3098 3970 Scriptura
3155 3899 3432 3956 interdum

1862 3994 2025 4047 etiam
2071 3993 2246 4047 utitur
2291 4009 2416 4048 cum
2449 3994 2516 4049 de
2550 3994 2864 4049 hominibus
2897 3995 3047 4065 agit,
3085 4002 3144 4049 ut
3173 4011 3298 4050 cum
3344 3995 3432 4050 in-

171 4079 381 4148 6ομεν,
403 4080 498 4131 καὶ
521 4079 778 4149 ἐτέκομεν
800 4078 1015 4149 πνεῦμα
1038 4078 1311 4149 σωτηρίας
1340 4080 1430 4131 ἐπὶ
1460 4078 1559 4148 τῆς
1588 4079 1710 4148 γῆς.
1738 4096 1757 4129 ι

171 4172 298 4226 Καὶ
328 4169 564 4224 ἐνταῦθα
592 4171 697 4242 γὰρ
731 4170 792 4223 οὐ
816 4169 1056 4242 γαστέρα
1083 4169 1239 4241 ἡμῶν
1264 4169 1409 4238 λέγει
1441 4169 1540 4239 τὴν
1573 4185 1762 4241 σωμα-

161 4261 372 4334 τικὴν,
399 4261 533 4315 ἀλλὰ
564 4263 664 4333 τὴν
688 4265 787 4334 τῆς
811 4262 1023 4331 φύσεως
1048 4260 1368 4334 γεννητικὴν
1393 4260 1638 4334 δύναμιν.

1862 4085 1980 4154 quit
2005 4103 2018 4137 :
2049 4104 2068 4136 ‹
2093 4083 2138 4137 Α
2167 4084 2367 4140 timore
2395 4085 2504 4151 tui,
2535 4085 2790 4151 Domine,
2823 4087 3172 4156 concepimus
3196 4087 3250 4141 in
3278 4095 3435 4142 utero

1861 4184 1916 4232 et
1943 4177 2250 4246 peperimus
2279 4180 2332 4232 in
2363 4185 2504 4234 terra
2537 4178 2786 4248 spiritum
2819 4179 3011 4234 salutis
3040 4179 3104 4236 ⁸³.
3134 4197 3154 4231 ι
3181 4179 3315 4232 Nam
3346 4180 3433 4234 hic

1863 4282 2078 4337 quoque
2109 4283 2216 4321 non
2247 4267 2519 4338 signiﬁcat
2549 4283 2871 4336 corporeum
2907 4276 3120 4323 uterum
3145 4275 3395 4323 nostrum

1793 4364 1837 4418 D
1867 4360 1961 4415 sed
1993 4360 2140 4412 illam
2173 4366 2384 4414 natura:
2416 4359 2523 4412 vim
2553 4359 2828 4429 gignendi.

254 4433 312 4487 7.
332 4433 659 4502 Ἀνόμοιος.
680 4433 791 4487 Ποῦ
808 4433 1110 4507 γέγραπται
1123 4437 1214 4490 ἐπὶ
1231 4437 1367 4492 Θεοῦ
1388 4439 1546 4509 φύσις
1571 4442 1755 4510 ;’ορθ.

1934 4451 1983 4504 7.
2023 4450 2323 4506 Anomceus.
2358 4450 2458 4506 Ubi
2492 4452 2558 4506 de
2592 4451 2699 4506 Deo
2732 4453 2993 4522 scriptum
3010 4458 3094 4507 est
3116 4457 3320 4507 natura:
3336 4467 3433 4507 no'

171 4524 351 4595 Παρὰ
386 4523 462 4595 τῷ
499 4525 832 4597 Ἀποστόλῳ·
871 4545 890 4579 ‹
939 4527 1096 4582 Ἀλλὰ
1125 4529 1246 4582 τότε
1277 4530 1393 4600 μὲν,
1418 4531 1537 4584 σῦκ’
1560 4532 1755 4597 εἰδότες

1863 4543 2031 4596 men?
2060 4541 2212 4597 Orth.
2246 4543 2404 4613 Apud
2431 4542 2752 4612 Apostolum
2786 4564 2799 4598 :
2831 4562 2849 4595 ι
2883 4542 2990 4598 Sed
3040 4552 3172 4598 tunc
3212 4544 3430 4614 quidem

168 4617 344 4680 Θεὸν,
378 4615 724 4669 ἐδουλεύσατε
764 4620 875 4682 τοῖς
907 4618 980 4690 μὴ
1015 4619 1174 4688 φύσει
1195 4615 1311 4674 οὖσι
1341 4620 1481 4687 θεοῖς
1501 4639 1515 4653 ο
1558 4623 1652 4678 νῦν
1679 4625 1755 4690 δὲ,

1861 4629 2176 4698 ignorantes
2207 4627 2377 4684 Deum
2408 4670 2422 4694 ,
2456 4629 2524 4685 iis
2551 4631 2645 4700 qui
2679 4641 2872 4686 natura
2905 4647 3013 4686 non
3049 4639 3176 4687 sunt
3207 4633 3282 4688 dii
3315 4648 3434 4688 ser-

164 4706 414 4773 γνόντες
443 4706 594 4772 Θεὸν,
633 4708 831 4777 μᾶλλον
860 4709 916 4762 δὲ
943 4711 1270 4778 γνωσθέντες
1297 4713 1402 4766 ὑπὸ
1428 4714 1521 4768 τοῦ
1543 4715 1700 4782 Θεοῦ,
1734 4737 1753 4769 ι

1861 4719 2136 4774 viebatis:
2197 4735 2341 4774 nunc
2393 4728 2573 4776 autem
2621 4736 2745 4776 cum
2797 4723 3170 4793 cognoveritis
3225 4721 3428 4786 Deum,

164 4797 350 4866 φύσει
386 4797 644 4868 δηλονότι.
682 4799 794 4853 Καὶ
836 4802 893 4855 ὲν
926 4805 1045 4866 ταῖς
1079 4803 1388 4870 καθολικαῖς
1423 4807 1755 4874 Ἐπιστολαῖς

1863 4807 1974 4861 imo
1995 4849 2009 4871 ,
2040 4809 2241 4878 cogniti
2276 4809 2398 4865 sitis
2429 4825 2460 4863 a
2505 4809 2616 4865 Deo
2646 4810 2715 4874 ⁸⁸,
2758 4830 2776 4864 ›
2808 4821 2913 4865 etc.
2943 4827 2972 4864 a
2999 4810 3109 4866 Deo
3142 4811 3428 4871 videlicet,

161 4887 537 4959 γέγραπται·
591 4909 610 4942 ι
665 4891 742 4944 Δι’
771 4884 846 4946 ῶν
883 4891 954 4946 τὰ
1005 4894 1234 4965 μέγιστα
1286 4898 1418 4967 ἡμῖν
1463 4900 1556 4952 καὶ
1602 4900 1755 4971 τίμια

1863 4897 1956 4966 qui
2002 4905 2196 4950 natura
2246 4897 2390 4954 Deus
2437 4906 2541 4954 est.
2595 4899 2662 4952 Et
2720 4901 2776 4954 in
2831 4900 3092 4969 Epistolis
3143 4901 3432 4956 catholicis

157 4979 581 5050 ἐπαγγέλματα
607 4980 922 5054 δεδώρηται,
950 4984 1036 5038 ἵνα
1068 4986 1297 5058 γένησθε
1326 4987 1474 5052 θείας
1508 4991 1755 5045 κοινωνοὶ

1863 4989 2132 5058 scriptum
2167 4997 2290 5045 est:
2322 5009 2341 5040 ι
2371 4989 2475 5046 Per
2505 5006 2626 5060 quae
2659 4993 2896 5045 maxima
2927 4999 2980 5046 et
3011 4992 3247 5061 pretiosa
3277 4991 3433 5046 nobis

157 5072 428 5141 φύσεως.
467 5091 485 5123 ι
519 5074 783 5145 Γινόμεθα
821 5075 933 5147 (54)
959 5077 1016 5130 δὲ
1061 5077 1208 5141 θείας
1249 5081 1494 5133 κοινωνοὶ
1543 5079 1755 5150 φύσεως

1861 5083 2130 5153 promissa
2171 5083 2421 5150 donavit,
2455 5091 2514 5138 ut
2559 5083 2868 5139 el‘ﬁciamini
2911 5083 3110 5137 divinae
3151 5091 3434 5138 consortes

151 5168 230 5236 τῇ
269 5164 539 5236 κοινωνίᾳ
581 5166 672 5220 τοῦ
707 5168 858 5238 ἁγίου
906 5169 1238 5240 Πνεύματος.
1296 5173 1492 5242 Ἀνόμ.
1541 5172 1750 5227 υὺκοῦν

1861 5185 2071 5228 naturae
2110 5175 2177 5227 ⁸⁵.
2211 5193 2230 5226 ι
2256 5173 2534 5232 ΕΠίοἰηιιιι·
2570 5181 2749 5229 autem
2799 5183 3011 5228 naturae
3059 5173 3255 5228 divinae
3299 5189 3432 5228 con-

235 5318 296 5394 ’.Ῐ
341 5317 511 5394 ῌθδτ·
548 5335 602 5382 ιν
639 5322 703 5394 ίε
744 5321 848 5394 2-7,
897 5324 968 5394 7"“
1006 5323 1169 5380 Hebr.
1205 5342 1334 5391 xm,
1369 5326 1459 5381 2'5.
1600 5329 1644 5360 τε
1681 5329 1752 5384 P5

1863 5343 2104 5389 cxnvm,
2137 5329 2258 5383 1-1.
2359 5331 2404 5362 ⁸⁰
2441 5329 2584 5384 Psal.
2617 5344 2702 5384 cur
2726 5371 2740 5394 ,
2776 5329 2828 5383 5.

2959 5328 3006 5359 81

237 5325 292 5349 ⁷⁷
341 5325 511 5374 Hebr.
548 5335 602 5382 ι,
639 5325 703 5382 1.
744 5325 796 5376 2.
923 5325 968 5356 ⁷⁸
1006 5325 1169 5380 Hebr.
1205 5342 1334 5391 xm,
1369 5326 1459 5381 23.
1600 5329 1644 5360 '9
1681 5329 1752 5384 Ps

177 5389 201 5418 ²
249 5386 420 5442 Psal.
456 5406 638 5457 xxxu,
683 5393 732 5447 7.
808 5393 854 5424 ⁸³
895 5393 996 5450 lsa.
1029 5412 1188 5461 mm,
1224 5398 1312 5452 18.
1386 5399 1432 5429 ⁸⁸
1473 5397 1645 5455 Galat.
1678 5415 1752 5465 ιν,

1863 5343 2104 5389 cxnvm,
2137 5329 2258 5383 1-1.
2359 5331 2404 5362 ⁸⁰
2441 5329 2584 5384 Psal.
2617 5344 2702 5384 cur
2726 5371 2740 5394 ,
2776 5329 2828 5383 5.
2959 5328 3006 5359 ⁸¹
3045 5325 3183 5383 Joel.
3228 5343 3306 5394 ιι,
3341 5325 3432 5383 28.

1889 5399 1945 5454 9.
2023 5400 2068 5432 ⁸⁵
2099 5397 2142 5452 ll
2173 5399 2322 5455 Petr.
2359 5400 2386 5452 1
2409 5439 2425 5462 ,
2461 5401 2515 5456 4.

1954 5553 2043 5619 5‘2)
2074 5552 2233 5622 Editi.
2264 5555 2329 5605 H.
2356 5551 2543 5622 Steph.
2575 5553 2679 5616 ἕως
2703 5552 3012 5622 φωσφόρου.

1954 5625 2041 5690 55)
2072 5621 2146 5692 lta
2183 5638 2313 5678 mss.
2354 5621 2495 5676 Editi
2522 5637 2669 5685 vero,
2698 5619 2774 5692 τῷ
2799 5619 2953 5690 Λόγῳ
2975 5619 3068 5692 τοῦ
3095 5621 3252 5676 Θεοῦ.

1933 5690 2043 5765 (54)
2071 5691 2242 5748 Palat.
2266 5693 2530 5763 Γινόμεθα
2551 5693 2604 5746 δὲ
2631 5690 2886 5748 κοινωνία
2908 5690 3002 5745 τοῦ
3031 5693 3099 5761 άγ

237 5543 372 5680 (5οζ
403 5543 572 5624 Palat.
612 5546 726 5600 ἀλλ’
756 5550 815 5602 οὐ
842 5567 1041 5621 χαρακ.

237 5613 333 5680 (5|
406 5614 660 5680 SicReg.
710 5619 880 5676 Palat.
914 5631 969 5676 et
1023 5617 1041 5675 l

235 5613 371 5690 (5Q
406 5614 497 5670 Sic
525 5614 660 5685 Reg.
710 5613 880 5676 Palati
914 5613 969 5676 et
1023 5617 1167 5678 Felc.
1221 5618 1362 5678 Editi
1406 5637 1556 5690 vero,
1602 5620 1752 5677 ταῦτ’

143 5687 323 5737 ὲνετε
332 5683 504 5741 ίλατο.
