  <div class='ocr_page' id='page_1' title='image "/cluster/home/n/w/nwhite01/storage/ocr_20150623/28/nnc1.0046978690/615.png"; bbox 0 0 3878 6208; ppageno 0'>
   <div class='ocr_carea' id='block_1_1' title="bbox 516 298 659 356">
    <p class='ocr_par' dir='ltr' id='par_1_1' title="bbox 516 298 659 356">
     <span class='ocr_line' id='line_1_1' title="bbox 516 298 659 356; baseline -0.014 0"><span class='ocrx_word' id='word_1_1' title='bbox 516 298 659 356; x_wconf 71' lang='grc'><strong>⁸1127</strong></span> 
     </span>
    </p>
   </div>
   <div class='ocr_carea' id='block_1_2' title="bbox 1692 285 2675 351">
    <p class='ocr_par' dir='ltr' id='par_1_2' title="bbox 1692 285 2675 351">
     <span class='ocr_line' id='line_1_2' title="bbox 1692 285 2675 351; baseline -0.001 -1"><span class='ocrx_word' id='word_1_2' title='bbox 1692 295 1757 350; x_wconf 80' lang='lat' dir='ltr'><strong>&#39;S.</strong></span> <span class='ocrx_word' id='word_1_3' title='bbox 1797 290 2255 351; x_wconf 68' lang='lat' dir='ltr'><strong>ATHANASIUS.</strong></span> <span class='ocrx_word' id='word_1_4' title='bbox 2297 322 2367 337; x_wconf 67' lang='grc' dir='ltr'><strong>-υ-</strong></span> <span class='ocrx_word' id='word_1_5' title='bbox 2395 285 2675 350; x_wconf 64' lang='lat' dir='ltr'><strong>SPURllt.</strong></span> 
     </span>
    </p>
   </div>
   <div class='ocr_carea' id='block_1_3' title="bbox 3624 289 3786 347">
    <p class='ocr_par' dir='ltr' id='par_1_3' title="bbox 3624 289 3786 347">
     <span class='ocr_line' id='line_1_3' title="bbox 3624 289 3786 347; baseline -0.012 0"><span class='ocrx_word' id='word_1_6' title='bbox 3624 289 3786 347; x_wconf 65' lang='grc' dir='ltr'>ιιεε</span> 
     </span>
    </p>
   </div>
   <div class='ocr_carea' id='block_1_4' title="bbox 521 403 2098 483">
    <p class='ocr_par' dir='ltr' id='par_1_4' title="bbox 521 409 2077 483">
     <span class='ocr_line' id='line_1_4' title="bbox 521 409 2077 483; baseline -0.004 -11"><span class='ocrx_word' id='word_1_7' title='bbox 521 421 698 472; x_wconf 79' lang='lat' dir='ltr'><strong>sortes</strong></span> <span class='ocrx_word' id='word_1_8' title='bbox 746 428 814 469; x_wconf 85' lang='lat' dir='ltr'><strong>ex</strong></span> <span class='ocrx_word' id='word_1_9' title='bbox 865 412 1280 483; x_wconf 76' lang='lat' dir='ltr'><strong>participatione</strong></span> <span class='ocrx_word' id='word_1_10' title='bbox 1336 409 1576 482; x_wconf 76' lang='lat' dir='ltr'><strong>Spiritus</strong></span> <span class='ocrx_word' id='word_1_11' title='bbox 1626 412 1825 467; x_wconf 90' lang='lat' dir='ltr'><strong>sancti.</strong></span> <span class='ocrx_word' id='word_1_12' title='bbox 1886 412 2077 466; x_wconf 79' lang='lat' dir='ltr'><strong>Anam.</strong></span> 
     </span>
    </p>
   </div>
   <div class='ocr_carea' id='block_1_5' title="bbox 2201 403 3785 483">
    <p class='ocr_par' dir='ltr' id='par_1_5' title="bbox 2201 403 3785 482">
     <span class='ocr_line' id='line_1_5' title="bbox 2201 403 3785 482; baseline -0.004 -17"><span class='ocrx_word' id='word_1_13' title='bbox 2201 412 2278 466; x_wconf 71' lang='grc' dir='ltr'>ιαὶ</span> <span class='ocrx_word' id='word_1_14' title='bbox 2302 411 2360 464; x_wconf 82' lang='grc' dir='ltr'><strong>τὺ</strong></span> <span class='ocrx_word' id='word_1_15' title='bbox 2385 411 2608 482; x_wconf 79' lang='grc' dir='ltr'><strong>Πνεῦμα</strong></span> <span class='ocrx_word' id='word_1_16' title='bbox 2649 409 2799 473; x_wconf 83' lang='grc' dir='ltr'>θείας</span> <span class='ocrx_word' id='word_1_17' title='bbox 2838 404 2961 462; x_wconf 71' lang='grc' dir='ltr'>’ἐστὶ</span> <span class='ocrx_word' id='word_1_18' title='bbox 3011 403 3258 478; x_wconf 73' lang='grc' dir='ltr'>φύσεωςς</span> <span class='ocrx_word' id='word_1_19' title='bbox 3308 404 3467 477; x_wconf 82' lang='grc' dir='ltr'>Ὄρθ.</span> <span class='ocrx_word' id='word_1_20' title='bbox 3510 407 3574 460; x_wconf 78' lang='lat' dir='ltr'><strong>Ei</strong></span> <span class='ocrx_word' id='word_1_21' title='bbox 3603 408 3785 476; x_wconf 78' lang='grc' dir='ltr'>ἡμεῖς</span> 
     </span>
    </p>
   </div>
   <div class='ocr_carea' id='block_1_6' title="bbox 520 501 2090 577">
    <p class='ocr_par' dir='ltr' id='par_1_6' title="bbox 520 501 2090 577">
     <span class='ocr_line' id='line_1_6' title="bbox 520 501 2090 577; baseline -0.001 -17"><span class='ocrx_word' id='word_1_22' title='bbox 520 505 666 577; x_wconf 87' lang='lat' dir='ltr'><strong>Ergo</strong></span> <span class='ocrx_word' id='word_1_23' title='bbox 695 512 751 560; x_wconf 90' lang='lat' dir='ltr'><strong>et</strong></span> <span class='ocrx_word' id='word_1_24' title='bbox 782 502 1017 574; x_wconf 89' lang='lat' dir='ltr'><strong>Spiritus</strong></span> <span class='ocrx_word' id='word_1_25' title='bbox 1049 512 1277 560; x_wconf 86' lang='lat' dir='ltr'><strong>sanctus</strong></span> <span class='ocrx_word' id='word_1_26' title='bbox 1305 513 1389 560; x_wconf 89' lang='lat' dir='ltr'><strong>est</strong></span> <span class='ocrx_word' id='word_1_27' title='bbox 1420 503 1619 559; x_wconf 71' lang='lat' dir='ltr'><strong>divina:</strong></span> <span class='ocrx_word' id='word_1_28' title='bbox 1647 503 1903 558; x_wconf 71' lang='lat' dir='ltr'><strong>naturae?</strong></span> <span class='ocrx_word' id='word_1_29' title='bbox 1935 501 2090 559; x_wconf 80' lang='lat' dir='ltr'><strong>Orth.</strong></span> 
     </span>
    </p>
   </div>
   <div class='ocr_carea' id='block_1_7' title="bbox 523 593 2098 667">
    <p class='ocr_par' dir='ltr' id='par_1_7' title="bbox 523 593 2098 667">
     <span class='ocr_line' id='line_1_7' title="bbox 523 593 2098 667; baseline -0.002 -15"><span class='ocrx_word' id='word_1_30' title='bbox 523 595 583 652; x_wconf 90' lang='lat' dir='ltr'><strong>Si</strong></span> <span class='ocrx_word' id='word_1_31' title='bbox 631 613 697 653; x_wconf 84' lang='lat' dir='ltr'><strong>ex</strong></span> <span class='ocrx_word' id='word_1_32' title='bbox 747 596 1167 667; x_wconf 74' lang='lat' dir='ltr'><strong>participatione</strong></span> <span class='ocrx_word' id='word_1_33' title='bbox 1209 597 1384 652; x_wconf 90' lang='lat' dir='ltr'><strong>sancti</strong></span> <span class='ocrx_word' id='word_1_34' title='bbox 1430 593 1672 666; x_wconf 81' lang='lat' dir='ltr'><strong>Spiritus</strong></span> <span class='ocrx_word' id='word_1_35' title='bbox 1720 595 1917 650; x_wconf 88' lang='lat' dir='ltr'><strong>divinae</strong></span> <span class='ocrx_word' id='word_1_36' title='bbox 1965 609 2098 651; x_wconf 85' lang='lat' dir='ltr'><strong>con-</strong></span> 
     </span>
    </p>
   </div>
   <div class='ocr_carea' id='block_1_8' title="bbox 521 687 2093 757">
    <p class='ocr_par' dir='ltr' id='par_1_8' title="bbox 521 687 2093 757">
     <span class='ocr_line' id='line_1_8' title="bbox 521 687 2093 757; baseline -0.003 -12"><span class='ocrx_word' id='word_1_37' title='bbox 521 695 701 745; x_wconf 72' lang='lat' dir='ltr'><strong>sortes</strong></span> <span class='ocrx_word' id='word_1_38' title='bbox 729 696 941 743; x_wconf 86' lang='lat' dir='ltr'><strong>naturae</strong></span> <span class='ocrx_word' id='word_1_39' title='bbox 975 703 1200 752; x_wconf 89' lang='lat' dir='ltr'><strong>sumus,</strong></span> <span class='ocrx_word' id='word_1_40' title='bbox 1239 702 1422 743; x_wconf 85' lang='lat' dir='ltr'><strong>nonne</strong></span> <span class='ocrx_word' id='word_1_41' title='bbox 1451 688 1623 742; x_wconf 92' lang='lat' dir='ltr'><strong>multo</strong></span> <span class='ocrx_word' id='word_1_42' title='bbox 1668 687 1843 757; x_wconf 87' lang='lat' dir='ltr'><strong>magis</strong></span> <span class='ocrx_word' id='word_1_43' title='bbox 1884 695 1968 742; x_wconf 89' lang='lat' dir='ltr'><strong>est</strong></span> <span class='ocrx_word' id='word_1_44' title='bbox 2009 687 2093 742; x_wconf 93' lang='lat' dir='ltr'><strong>di-</strong></span> 
     </span>
    </p>
   </div>
   <div class='ocr_carea' id='block_1_9' title="bbox 522 777 2097 850">
    <p class='ocr_par' dir='ltr' id='par_1_9' title="bbox 522 777 2097 850">
     <span class='ocr_line' id='line_1_9' title="bbox 522 777 2097 850; baseline 0.001 -19"><span class='ocrx_word' id='word_1_45' title='bbox 522 781 664 835; x_wconf 76' lang='lat' dir='ltr'><strong>vinae</strong></span> <span class='ocrx_word' id='word_1_46' title='bbox 694 789 903 835; x_wconf 71' lang='lat' dir='ltr'><strong>naturae</strong></span> <span class='ocrx_word' id='word_1_47' title='bbox 934 779 1175 850; x_wconf 88' lang='lat' dir='ltr'><strong>Spiritus</strong></span> <span class='ocrx_word' id='word_1_48' title='bbox 1204 780 1296 833; x_wconf 91' lang='lat' dir='ltr'><strong>ille</strong></span> <span class='ocrx_word' id='word_1_49' title='bbox 1316 819 1330 839; x_wconf 85' lang='lat'><strong>,</strong></span> <span class='ocrx_word' id='word_1_50' title='bbox 1379 779 1475 848; x_wconf 88' lang='lat' dir='ltr'><strong>qui</strong></span> <span class='ocrx_word' id='word_1_51' title='bbox 1515 794 1617 834; x_wconf 90' lang='lat' dir='ltr'><strong>nos</strong></span> <span class='ocrx_word' id='word_1_52' title='bbox 1661 779 1957 849; x_wconf 87' lang='lat' dir='ltr'><strong>participes</strong></span> <span class='ocrx_word' id='word_1_53' title='bbox 1982 777 2097 833; x_wconf 82' lang='lat' dir='ltr'><strong>eﬂi-</strong></span> 
     </span>
    </p>
   </div>
   <div class='ocr_carea' id='block_1_10' title="bbox 514 869 2098 940">
    <p class='ocr_par' dir='ltr' id='par_1_10' title="bbox 514 869 2098 940">
     <span class='ocr_line' id='line_1_10' title="bbox 514 869 2098 940; baseline 0 -17"><span class='ocrx_word' id='word_1_54' title='bbox 514 870 855 925; x_wconf 51' lang='grc' dir='ltr'>νρὲιῖΑηοηι.</span> <span class='ocrx_word' id='word_1_55' title='bbox 904 871 1046 940; x_wconf 88' lang='lat' dir='ltr'><strong>Ergo</strong></span> <span class='ocrx_word' id='word_1_56' title='bbox 1077 880 1131 925; x_wconf 92' lang='lat' dir='ltr'><strong>et</strong></span> <span class='ocrx_word' id='word_1_57' title='bbox 1181 869 1443 940; x_wconf 86' lang='lat' dir='ltr'><strong>Spiritum</strong></span> <span class='ocrx_word' id='word_1_58' title='bbox 1494 877 1747 924; x_wconf 88' lang='lat' dir='ltr'><strong>sanctum</strong></span> <span class='ocrx_word' id='word_1_59' title='bbox 1797 870 1936 923; x_wconf 90' lang='lat' dir='ltr'><strong>dicis</strong></span> <span class='ocrx_word' id='word_1_60' title='bbox 1975 884 2098 923; x_wconf 87' lang='lat' dir='ltr'><strong>esse</strong></span> 
     </span>
    </p>
   </div>
   <div class='ocr_carea' id='block_1_11' title="bbox 516 958 2098 1028">
    <p class='ocr_par' dir='ltr' id='par_1_11' title="bbox 516 958 2098 1028">
     <span class='ocr_line' id='line_1_11' title="bbox 516 958 2098 1028; baseline -0.001 -14"><span class='ocrx_word' id='word_1_61' title='bbox 516 959 723 1014; x_wconf 74' lang='lat' dir='ltr'><strong>divinae</strong></span> <span class='ocrx_word' id='word_1_62' title='bbox 751 961 1003 1015; x_wconf 59' lang='lat' dir='ltr'><strong>naturae?</strong></span> <span class='ocrx_word' id='word_1_63' title='bbox 1035 958 1189 1014; x_wconf 81' lang='lat' dir='ltr'><strong>Orth.</strong></span> <span class='ocrx_word' id='word_1_64' title='bbox 1231 958 1350 1014; x_wconf 90' lang='lat' dir='ltr'><strong>Non</strong></span> <span class='ocrx_word' id='word_1_65' title='bbox 1386 959 1710 1028; x_wconf 88' lang='lat' dir='ltr'><strong>simpliciter</strong></span> <span class='ocrx_word' id='word_1_66' title='bbox 1739 959 1935 1013; x_wconf 80' lang='lat' dir='ltr'><strong>divinae</strong></span> <span class='ocrx_word' id='word_1_67' title='bbox 1974 973 2098 1014; x_wconf 86' lang='lat' dir='ltr'><strong>esse</strong></span> 
     </span>
    </p>
   </div>
   <div class='ocr_carea' id='block_1_12' title="bbox 524 1047 2097 1114">
    <p class='ocr_par' dir='ltr' id='par_1_12' title="bbox 524 1047 2097 1114">
     <span class='ocr_line' id='line_1_12' title="bbox 524 1047 2097 1114; baseline 0 -11"><span class='ocrx_word' id='word_1_68' title='bbox 524 1056 735 1104; x_wconf 63' lang='lat' dir='ltr'><strong>natura:</strong></span> <span class='ocrx_word' id='word_1_69' title='bbox 755 1090 769 1113; x_wconf 92' lang='lat'><strong>,</strong></span> <span class='ocrx_word' id='word_1_70' title='bbox 799 1050 893 1104; x_wconf 90' lang='lat' dir='ltr'><strong>sed</strong></span> <span class='ocrx_word' id='word_1_71' title='bbox 919 1050 1190 1105; x_wconf 65' lang='lat' dir='ltr'><strong>essentire.</strong></span> <span class='ocrx_word' id='word_1_72' title='bbox 1224 1047 1374 1104; x_wconf 83' lang='lat' dir='ltr'><strong>Dixit</strong></span> <span class='ocrx_word' id='word_1_73' title='bbox 1415 1051 1560 1104; x_wconf 91' lang='lat' dir='ltr'><strong>enim</strong></span> <span class='ocrx_word' id='word_1_74' title='bbox 1605 1049 1723 1114; x_wconf 88' lang='lat' dir='ltr'><strong>ipse</strong></span> <span class='ocrx_word' id='word_1_75' title='bbox 1747 1048 1947 1104; x_wconf 90' lang='lat' dir='ltr'><strong>Pater:</strong></span> <span class='ocrx_word' id='word_1_76' title='bbox 1985 1068 2003 1100; x_wconf 80' lang='grc' dir='ltr'><strong>ι</strong></span> <span class='ocrx_word' id='word_1_77' title='bbox 2035 1050 2097 1103; x_wconf 92' lang='lat' dir='ltr'><strong>In</strong></span> 
     </span>
    </p>
   </div>
   <div class='ocr_carea' id='block_1_13' title="bbox 526 1137 2099 1209">
    <p class='ocr_par' dir='ltr' id='par_1_13' title="bbox 526 1137 2099 1209">
     <span class='ocr_line' id='line_1_13' title="bbox 526 1137 2099 1209; baseline 0.001 -18"><span class='ocrx_word' id='word_1_78' title='bbox 526 1138 846 1193; x_wconf 84' lang='lat' dir='ltr'><strong>novissimis</strong></span> <span class='ocrx_word' id='word_1_79' title='bbox 878 1138 1074 1193; x_wconf 89' lang='lat' dir='ltr'><strong>diebus</strong></span> <span class='ocrx_word' id='word_1_80' title='bbox 1105 1139 1379 1194; x_wconf 77' lang='lat' dir='ltr'><strong>etiundam</strong></span> <span class='ocrx_word' id='word_1_81' title='bbox 1414 1139 1481 1193; x_wconf 89' lang='lat' dir='ltr'><strong>de</strong></span> <span class='ocrx_word' id='word_1_82' title='bbox 1526 1137 1735 1209; x_wconf 81' lang='lat' dir='ltr'><strong>Spiritu</strong></span> <span class='ocrx_word' id='word_1_83' title='bbox 1776 1154 1897 1193; x_wconf 90' lang='lat' dir='ltr'><strong>meo</strong></span> <span class='ocrx_word' id='word_1_84' title='bbox 1934 1154 2099 1209; x_wconf 90' lang='lat' dir='ltr'><strong>super</strong></span> 
     </span>
    </p>
   </div>
   <div class='ocr_carea' id='block_1_14' title="bbox 524 1228 2097 1308">
    <p class='ocr_par' dir='ltr' id='par_1_14' title="bbox 524 1228 2097 1308">
     <span class='ocr_line' id='line_1_14' title="bbox 524 1228 2097 1308; baseline 0.002 -25"><span class='ocrx_word' id='word_1_85' title='bbox 524 1245 743 1284; x_wconf 88' lang='lat' dir='ltr'><strong>omnem</strong></span> <span class='ocrx_word' id='word_1_86' title='bbox 774 1244 996 1285; x_wconf 86' lang='lat' dir='ltr'><strong>carnem</strong></span> <span class='ocrx_word' id='word_1_87' title='bbox 1030 1231 1098 1285; x_wconf 79' lang='lat'><strong>“.</strong></span> <span class='ocrx_word' id='word_1_88' title='bbox 1138 1249 1156 1283; x_wconf 77' lang='grc' dir='ltr'><strong>ι</strong></span> <span class='ocrx_word' id='word_1_89' title='bbox 1187 1231 1318 1285; x_wconf 84' lang='lat' dir='ltr'><strong>item</strong></span> <span class='ocrx_word' id='word_1_90' title='bbox 1352 1228 1526 1285; x_wconf 85' lang='lat' dir='ltr'><strong>Filius</strong></span> <span class='ocrx_word' id='word_1_91' title='bbox 1562 1249 1576 1283; x_wconf 90' lang='lat'><strong>:</strong></span> <span class='ocrx_word' id='word_1_92' title='bbox 1609 1250 1628 1281; x_wconf 78' lang='grc' dir='ltr'><strong>ι</strong></span> <span class='ocrx_word' id='word_1_93' title='bbox 1657 1229 1774 1286; x_wconf 86' lang='lat' dir='ltr'><strong>Non</strong></span> <span class='ocrx_word' id='word_1_94' title='bbox 1816 1233 1961 1308; x_wconf 86' lang='lat' dir='ltr'><strong>enim</strong></span> <span class='ocrx_word' id='word_1_95' title='bbox 2000 1246 2097 1286; x_wconf 91' lang='lat' dir='ltr'><strong>vos</strong></span> 
     </span>
    </p>
   </div>
   <div class='ocr_carea' id='block_1_15' title="bbox 516 1320 2097 1393">
    <p class='ocr_par' dir='ltr' id='par_1_15' title="bbox 516 1320 2097 1393">
     <span class='ocr_line' id='line_1_15' title="bbox 516 1320 2097 1393; baseline -0.001 -17"><span class='ocrx_word' id='word_1_96' title='bbox 516 1322 697 1384; x_wconf 76' lang='lat' dir='ltr'><strong>estis,</strong></span> <span class='ocrx_word' id='word_1_97' title='bbox 728 1322 821 1391; x_wconf 89' lang='lat' dir='ltr'><strong>qui</strong></span> <span class='ocrx_word' id='word_1_98' title='bbox 856 1322 1176 1392; x_wconf 88' lang='lat' dir='ltr'><strong>loquimini,</strong></span> <span class='ocrx_word' id='word_1_99' title='bbox 1213 1322 1307 1377; x_wconf 91' lang='lat' dir='ltr'><strong>sed</strong></span> <span class='ocrx_word' id='word_1_100' title='bbox 1345 1320 1584 1393; x_wconf 89' lang='lat' dir='ltr'><strong>Spiritus</strong></span> <span class='ocrx_word' id='word_1_101' title='bbox 1612 1320 1794 1377; x_wconf 87' lang='lat' dir='ltr'><strong>Patris</strong></span> <span class='ocrx_word' id='word_1_102' title='bbox 1822 1323 1965 1388; x_wconf 90' lang='lat' dir='ltr'><strong>mei,</strong></span> <span class='ocrx_word' id='word_1_103' title='bbox 2002 1321 2097 1391; x_wconf 89' lang='lat' dir='ltr'><strong>qui</strong></span> 
     </span>
    </p>
   </div>
   <div class='ocr_carea' id='block_1_16' title="bbox 488 1411 2100 1482">
    <p class='ocr_par' dir='ltr' id='par_1_16' title="bbox 488 1411 2100 1482">
     <span class='ocr_line' id='line_1_16' title="bbox 488 1411 2100 1482; baseline 0.002 -18"><span class='ocrx_word' id='word_1_104' title='bbox 488 1466 493 1471; x_wconf 67' lang='grc'><strong>,</strong></span> <span class='ocrx_word' id='word_1_105' title='bbox 527 1411 770 1480; x_wconf 89' lang='lat' dir='ltr'><strong>loquitur</strong></span> <span class='ocrx_word' id='word_1_106' title='bbox 820 1411 877 1465; x_wconf 87' lang='lat' dir='ltr'><strong>in</strong></span> <span class='ocrx_word' id='word_1_107' title='bbox 921 1413 1078 1467; x_wconf 86' lang='lat' dir='ltr'><strong>vobis</strong></span> <span class='ocrx_word' id='word_1_108' title='bbox 1112 1412 1180 1465; x_wconf 84' lang='grc'><strong>⁸⁷.</strong></span> <span class='ocrx_word' id='word_1_109' title='bbox 1217 1411 1368 1467; x_wconf 76' lang='grc' dir='ltr'><strong>»1οὺ</strong></span> <span class='ocrx_word' id='word_1_110' title='bbox 1409 1428 1628 1482; x_wconf 91' lang='lat' dir='ltr'><strong>quoque</strong></span> <span class='ocrx_word' id='word_1_111' title='bbox 1671 1412 1914 1466; x_wconf 90' lang='lat' dir='ltr'><strong>divinum</strong></span> <span class='ocrx_word' id='word_1_112' title='bbox 1961 1413 2100 1468; x_wconf 81' lang='lat' dir='ltr'><strong>dixit</strong></span> 
     </span>
    </p>
   </div>
   <div class='ocr_carea' id='block_1_17' title="bbox 517 1501 2096 1574">
    <p class='ocr_par' dir='ltr' id='par_1_17' title="bbox 517 1501 2096 1574">
     <span class='ocr_line' id='line_1_17' title="bbox 517 1501 2096 1574; baseline 0.003 -18"><span class='ocrx_word' id='word_1_113' title='bbox 517 1501 792 1573; x_wconf 83' lang='lat' dir='ltr'><strong>Spiritum</strong></span> <span class='ocrx_word' id='word_1_114' title='bbox 813 1541 829 1567; x_wconf 92' lang='lat'><strong>,</strong></span> <span class='ocrx_word' id='word_1_115' title='bbox 862 1518 988 1557; x_wconf 88' lang='lat' dir='ltr'><strong>cum</strong></span> <span class='ocrx_word' id='word_1_116' title='bbox 1038 1504 1119 1559; x_wconf 89' lang='lat' dir='ltr'><strong>sic</strong></span> <span class='ocrx_word' id='word_1_117' title='bbox 1162 1505 1478 1574; x_wconf 86' lang='lat' dir='ltr'><strong>loqueretur</strong></span> <span class='ocrx_word' id='word_1_118' title='bbox 1508 1519 1521 1554; x_wconf 91' lang='lat'><strong>:</strong></span> <span class='ocrx_word' id='word_1_119' title='bbox 1554 1522 1571 1553; x_wconf 81' lang='grc' dir='ltr'><strong>ι</strong></span> <span class='ocrx_word' id='word_1_120' title='bbox 1604 1502 1749 1557; x_wconf 82' lang='lat' dir='ltr'><strong>Vivit</strong></span> <span class='ocrx_word' id='word_1_121' title='bbox 1795 1503 2055 1560; x_wconf 88' lang='lat' dir='ltr'><strong>Dominus</strong></span> <span class='ocrx_word' id='word_1_122' title='bbox 2080 1543 2096 1568; x_wconf 90' lang='lat'><strong>,</strong></span> 
     </span>
    </p>
   </div>
   <div class='ocr_carea' id='block_1_18' title="bbox 518 1592 2097 1665">
    <p class='ocr_par' dir='ltr' id='par_1_18' title="bbox 518 1592 2097 1665">
     <span class='ocr_line' id='line_1_18' title="bbox 518 1592 2097 1665; baseline 0.001 -18"><span class='ocrx_word' id='word_1_123' title='bbox 518 1596 620 1665; x_wconf 90' lang='lat' dir='ltr'><strong>qui</strong></span> <span class='ocrx_word' id='word_1_124' title='bbox 654 1595 729 1648; x_wconf 92' lang='lat' dir='ltr'><strong>ita</strong></span> <span class='ocrx_word' id='word_1_125' title='bbox 764 1594 832 1649; x_wconf 90' lang='lat' dir='ltr'><strong>de</strong></span> <span class='ocrx_word' id='word_1_126' title='bbox 865 1609 952 1649; x_wconf 91' lang='lat' dir='ltr'><strong>me</strong></span> <span class='ocrx_word' id='word_1_127' title='bbox 980 1595 1283 1663; x_wconf 85' lang='lat' dir='ltr'><strong>judicavit,</strong></span> <span class='ocrx_word' id='word_1_128' title='bbox 1313 1605 1367 1649; x_wconf 93' lang='lat' dir='ltr'><strong>et</strong></span> <span class='ocrx_word' id='word_1_129' title='bbox 1392 1592 1779 1664; x_wconf 77' lang='lat' dir='ltr'><strong>Omnipotens,</strong></span> <span class='ocrx_word' id='word_1_130' title='bbox 1813 1593 1974 1665; x_wconf 67' lang='grc'><strong>412</strong></span> <span class='ocrx_word' id='word_1_131' title='bbox 2004 1595 2097 1664; x_wconf 86' lang='lat' dir='ltr'><strong>qui</strong></span> 
     </span>
    </p>
   </div>
   <div class='ocr_carea' id='block_1_19' title="bbox 524 1680 2100 1749">
    <p class='ocr_par' dir='ltr' id='par_1_19' title="bbox 524 1680 2100 1749">
     <span class='ocr_line' id='line_1_19' title="bbox 524 1680 2100 1749; baseline -0.001 -13"><span class='ocrx_word' id='word_1_132' title='bbox 524 1684 887 1741; x_wconf 82' lang='lat' dir='ltr'><strong>amaritudine</strong></span> <span class='ocrx_word' id='word_1_133' title='bbox 932 1682 1110 1737; x_wconf 70' lang='lat' dir='ltr'><strong>affecit</strong></span> <span class='ocrx_word' id='word_1_134' title='bbox 1161 1682 1395 1736; x_wconf 87' lang='lat' dir='ltr'><strong>animam</strong></span> <span class='ocrx_word' id='word_1_135' title='bbox 1444 1697 1641 1736; x_wconf 85' lang='lat' dir='ltr'><strong>meam.</strong></span> <span class='ocrx_word' id='word_1_136' title='bbox 1694 1680 1969 1749; x_wconf 88' lang='lat' dir='ltr'><strong>Siquidem</strong></span> <span class='ocrx_word' id='word_1_137' title='bbox 2002 1680 2100 1735; x_wconf 81' lang='lat' dir='ltr'><strong>do-</strong></span> 
     </span>
    </p>
   </div>
   <div class='ocr_carea' id='block_1_20' title="bbox 2192 494 3783 573">
    <p class='ocr_par' dir='ltr' id='par_1_20' title="bbox 2192 494 3783 573">
     <span class='ocr_line' id='line_1_20' title="bbox 2192 494 3783 573; baseline -0.004 -20"><span class='ocrx_word' id='word_1_138' title='bbox 2192 505 2258 573; x_wconf 79' lang='grc' dir='ltr'><strong>τῇ</strong></span> <span class='ocrx_word' id='word_1_139' title='bbox 2300 501 2551 572; x_wconf 80' lang='grc' dir='ltr'><strong>κοινωνίᾳ</strong></span> <span class='ocrx_word' id='word_1_140' title='bbox 2591 499 2685 553; x_wconf 89' lang='grc' dir='ltr'><strong>τοῦ</strong></span> <span class='ocrx_word' id='word_1_141' title='bbox 2723 500 2880 566; x_wconf 83' lang='grc' dir='ltr'><strong>ἁγίου</strong></span> <span class='ocrx_word' id='word_1_142' title='bbox 2927 498 3243 569; x_wconf 86' lang='grc' dir='ltr'>Πνεύματος</span> <span class='ocrx_word' id='word_1_143' title='bbox 3275 498 3425 560; x_wconf 89' lang='grc' dir='ltr'>θείας</span> <span class='ocrx_word' id='word_1_144' title='bbox 3467 498 3645 566; x_wconf 67' lang='grc' dir='ltr'>ἐσμὲν</span> <span class='ocrx_word' id='word_1_145' title='bbox 3674 494 3783 564; x_wconf 72' lang='grc' dir='ltr'>φύ-</span> 
     </span>
    </p>
   </div>
   <div class='ocr_carea' id='block_1_21' title="bbox 2195 590 3786 662">
    <p class='ocr_par' dir='ltr' id='par_1_21' title="bbox 2195 590 3786 662">
     <span class='ocr_line' id='line_1_21' title="bbox 2195 590 3786 662; baseline -0.004 -15"><span class='ocrx_word' id='word_1_146' title='bbox 2195 611 2351 658; x_wconf 88' lang='grc' dir='ltr'>σεως,</span> <span class='ocrx_word' id='word_1_147' title='bbox 2383 593 2503 662; x_wconf 75' lang='grc' dir='ltr'>οὐχὶ</span> <span class='ocrx_word' id='word_1_148' title='bbox 2526 592 2587 645; x_wconf 83' lang='grc' dir='ltr'>τὸ</span> <span class='ocrx_word' id='word_1_149' title='bbox 2617 590 2840 661; x_wconf 88' lang='grc' dir='ltr'>Πνεῦμα</span> <span class='ocrx_word' id='word_1_150' title='bbox 2864 592 2925 645; x_wconf 81' lang='grc' dir='ltr'>τὸ</span> <span class='ocrx_word' id='word_1_151' title='bbox 2954 592 3328 662; x_wconf 81' lang='grc' dir='ltr'><strong>παρεχόμενον</strong></span> <span class='ocrx_word' id='word_1_152' title='bbox 3360 592 3492 661; x_wconf 79' lang='grc' dir='ltr'>ἡμῖν</span> <span class='ocrx_word' id='word_1_153' title='bbox 3517 590 3623 659; x_wconf 81' lang='grc' dir='ltr'>τὴν</span> <span class='ocrx_word' id='word_1_154' title='bbox 3662 605 3786 641; x_wconf 80' lang='grc' dir='ltr'>κοι-</span> 
     </span>
    </p>
   </div>
   <div class='ocr_carea' id='block_1_22' title="bbox 2194 675 3781 753">
    <p class='ocr_par' dir='ltr' id='par_1_22' title="bbox 2194 675 3781 753">
     <span class='ocr_line' id='line_1_22' title="bbox 2194 675 3781 753; baseline -0.003 -15"><span class='ocrx_word' id='word_1_155' title='bbox 2194 684 2387 738; x_wconf 86' lang='grc' dir='ltr'>νωνίαν</span> <span class='ocrx_word' id='word_1_156' title='bbox 2406 681 2633 753; x_wconf 55' lang='grc' dir='ltr'>ζἈνόμ.</span> <span class='ocrx_word' id='word_1_157' title='bbox 2662 682 2770 736; x_wconf 76' lang='grc' dir='ltr'><strong>Καὶ</strong></span> <span class='ocrx_word' id='word_1_158' title='bbox 2791 682 2853 735; x_wconf 79' lang='grc' dir='ltr'>τὸ</span> <span class='ocrx_word' id='word_1_159' title='bbox 2878 682 3101 753; x_wconf 80' lang='grc' dir='ltr'>Πνεῦμα</span> <span class='ocrx_word' id='word_1_160' title='bbox 3129 678 3220 735; x_wconf 76' lang='grc' dir='ltr'>οὖν</span> <span class='ocrx_word' id='word_1_161' title='bbox 3246 682 3423 750; x_wconf 84' lang='grc' dir='ltr'>λέγεις</span> <span class='ocrx_word' id='word_1_162' title='bbox 3450 680 3603 743; x_wconf 88' lang='grc' dir='ltr'>θείας</span> <span class='ocrx_word' id='word_1_163' title='bbox 3630 675 3781 733; x_wconf 74' lang='grc' dir='ltr'>εἶναι.</span> 
     </span>
    </p>
   </div>
   <div class='ocr_carea' id='block_1_23' title="bbox 2194 768 3780 844">
    <p class='ocr_par' dir='ltr' id='par_1_23' title="bbox 2194 768 3780 844">
     <span class='ocr_line' id='line_1_23' title="bbox 2194 768 3780 844; baseline -0.004 -17"><span class='ocrx_word' id='word_1_164' title='bbox 2194 774 2442 842; x_wconf 86' lang='grc' dir='ltr'>φύσεως;</span> <span class='ocrx_word' id='word_1_165' title='bbox 2486 776 2638 841; x_wconf 87' lang='grc' dir='ltr'>Ὄρθ.</span> <span class='ocrx_word' id='word_1_166' title='bbox 2672 773 2785 844; x_wconf 77' lang='grc' dir='ltr'><strong>Οὐχ</strong></span> <span class='ocrx_word' id='word_1_167' title='bbox 2811 773 2996 837; x_wconf 80' lang='grc' dir='ltr'>ἁπλῶς</span> <span class='ocrx_word' id='word_1_168' title='bbox 3018 773 3168 836; x_wconf 86' lang='grc' dir='ltr'>θείας</span> <span class='ocrx_word' id='word_1_169' title='bbox 3201 768 3339 825; x_wconf 82' lang='grc' dir='ltr'>εἶναι</span> <span class='ocrx_word' id='word_1_170' title='bbox 3365 772 3604 841; x_wconf 77' lang='grc' dir='ltr'>φύσεως,</span> <span class='ocrx_word' id='word_1_171' title='bbox 3636 770 3780 823; x_wconf 74' lang='grc' dir='ltr'><strong>ἀλλὰ</strong></span> 
     </span>
    </p>
   </div>
   <div class='ocr_carea' id='block_1_24' title="bbox 2193 859 3781 935">
    <p class='ocr_par' dir='ltr' id='par_1_24' title="bbox 2193 859 3781 935">
     <span class='ocr_line' id='line_1_24' title="bbox 2193 859 3781 935; baseline -0.004 -17"><span class='ocrx_word' id='word_1_172' title='bbox 2193 866 2293 935; x_wconf 81' lang='grc' dir='ltr'>τῆς</span> <span class='ocrx_word' id='word_1_173' title='bbox 2335 865 2523 927; x_wconf 79' lang='grc' dir='ltr'>οὐσίας</span> <span class='ocrx_word' id='word_1_174' title='bbox 2561 864 2694 935; x_wconf 79' lang='lat'><strong>(55).</strong></span> <span class='ocrx_word' id='word_1_175' title='bbox 2742 864 2912 927; x_wconf 81' lang='grc' dir='ltr'>Αύτὺς</span> <span class='ocrx_word' id='word_1_176' title='bbox 2960 864 3067 935; x_wconf 83' lang='grc' dir='ltr'>γὰρ</span> <span class='ocrx_word' id='word_1_177' title='bbox 3112 859 3265 918; x_wconf 80' lang='grc' dir='ltr'>εἶπεν</span> <span class='ocrx_word' id='word_1_178' title='bbox 3292 865 3321 917; x_wconf 99' lang='lat'><strong>6</strong></span> <span class='ocrx_word' id='word_1_179' title='bbox 3351 864 3576 933; x_wconf 72' lang='grc' dir='ltr'>Πατήρο</span> <span class='ocrx_word' id='word_1_180' title='bbox 3614 881 3637 912; x_wconf 74' lang='grc' dir='ltr'><strong>ι</strong></span> <span class='ocrx_word' id='word_1_181' title='bbox 3693 860 3781 912; x_wconf 75' lang='grc' dir='ltr'>Ἐν</span> 
     </span>
    </p>
   </div>
   <div class='ocr_carea' id='block_1_25' title="bbox 2194 954 3783 1028">
    <p class='ocr_par' dir='ltr' id='par_1_25' title="bbox 2194 954 3783 1028">
     <span class='ocr_line' id='line_1_25' title="bbox 2194 954 3783 1028; baseline -0.004 -17"><span class='ocrx_word' id='word_1_182' title='bbox 2194 961 2312 1022; x_wconf 81' lang='grc' dir='ltr'>ταῖς</span> <span class='ocrx_word' id='word_1_183' title='bbox 2365 958 2618 1028; x_wconf 79' lang='grc' dir='ltr'><strong>ἐσχάταις</strong></span> <span class='ocrx_word' id='word_1_184' title='bbox 2670 957 2904 1028; x_wconf 79' lang='grc' dir='ltr'>ἡμέραις</span> <span class='ocrx_word' id='word_1_185' title='bbox 2950 956 3124 1026; x_wconf 80' lang='grc' dir='ltr'>ἐκχεῶ</span> <span class='ocrx_word' id='word_1_186' title='bbox 3177 956 3285 1009; x_wconf 85' lang='grc' dir='ltr'><strong>ἀπὸ</strong></span> <span class='ocrx_word' id='word_1_187' title='bbox 3322 956 3417 1009; x_wconf 88' lang='grc' dir='ltr'><strong>τοῦ</strong></span> <span class='ocrx_word' id='word_1_188' title='bbox 3450 954 3783 1025; x_wconf 77' lang='grc' dir='ltr'>Πνεύματός</span> 
     </span>
    </p>
   </div>
   <div class='ocr_carea' id='block_1_26' title="bbox 2198 1048 3783 1120">
    <p class='ocr_par' dir='ltr' id='par_1_26' title="bbox 2198 1048 3783 1120">
     <span class='ocr_line' id='line_1_26' title="bbox 2198 1048 3783 1120; baseline 0 -19"><span class='ocrx_word' id='word_1_189' title='bbox 2198 1066 2299 1120; x_wconf 90' lang='grc' dir='ltr'><strong>μου</strong></span> <span class='ocrx_word' id='word_1_190' title='bbox 2337 1049 2429 1101; x_wconf 78' lang='grc' dir='ltr'><strong>ἐπὶ</strong></span> <span class='ocrx_word' id='word_1_191' title='bbox 2464 1050 2643 1101; x_wconf 84' lang='grc' dir='ltr'>πᾶσαν</span> <span class='ocrx_word' id='word_1_192' title='bbox 2691 1049 2901 1119; x_wconf 73' lang='grc' dir='ltr'><strong>σιὲιρκα⁸</strong></span> <span class='ocrx_word' id='word_1_193' title='bbox 2939 1067 2957 1098; x_wconf 73' lang='grc' dir='ltr'><strong>ι</strong></span> <span class='ocrx_word' id='word_1_194' title='bbox 2993 1051 3022 1101; x_wconf 88' lang='lat'><strong>6</strong></span> <span class='ocrx_word' id='word_1_195' title='bbox 3060 1048 3116 1101; x_wconf 84' lang='grc' dir='ltr'>δὲ</span> <span class='ocrx_word' id='word_1_196' title='bbox 3153 1048 3314 1112; x_wconf 80' lang='grc' dir='ltr'>Υἱός’</span> <span class='ocrx_word' id='word_1_197' title='bbox 3354 1066 3373 1099; x_wconf 81' lang='grc' dir='ltr'><strong>ι</strong></span> <span class='ocrx_word' id='word_1_198' title='bbox 3409 1049 3482 1101; x_wconf 84' lang='grc' dir='ltr'>Ού</span> <span class='ocrx_word' id='word_1_199' title='bbox 3514 1050 3629 1119; x_wconf 80' lang='grc' dir='ltr'>γὰρ</span> <span class='ocrx_word' id='word_1_200' title='bbox 3653 1051 3783 1101; x_wconf 74' lang='grc' dir='ltr'>ἐστε</span> 
     </span>
    </p>
   </div>
   <div class='ocr_carea' id='block_1_27' title="bbox 2197 1135 3780 1208">
    <p class='ocr_par' dir='ltr' id='par_1_27' title="bbox 2197 1135 3780 1208">
     <span class='ocr_line' id='line_1_27' title="bbox 2197 1135 3780 1208; baseline 0.003 -21"><span class='ocrx_word' id='word_1_201' title='bbox 2197 1135 2353 1205; x_wconf 82' lang='grc' dir='ltr'><strong>ὑμεῖς</strong></span> <span class='ocrx_word' id='word_1_202' title='bbox 2377 1136 2428 1187; x_wconf 86' lang='grc' dir='ltr'>οἱ</span> <span class='ocrx_word' id='word_1_203' title='bbox 2458 1135 2763 1198; x_wconf 78' lang='grc' dir='ltr'>λαλοῦντες,</span> <span class='ocrx_word' id='word_1_204' title='bbox 2797 1135 2932 1189; x_wconf 85' lang='grc' dir='ltr'>ἀλλὰ</span> <span class='ocrx_word' id='word_1_205' title='bbox 2960 1135 3019 1189; x_wconf 82' lang='grc' dir='ltr'>τὸ</span> <span class='ocrx_word' id='word_1_206' title='bbox 3052 1136 3276 1206; x_wconf 84' lang='grc' dir='ltr'>Πνεῦμα</span> <span class='ocrx_word' id='word_1_207' title='bbox 3304 1136 3397 1189; x_wconf 90' lang='grc' dir='ltr'><strong>τοῦ</strong></span> <span class='ocrx_word' id='word_1_208' title='bbox 3428 1138 3648 1208; x_wconf 74' lang='grc' dir='ltr'>Πατρός</span> <span class='ocrx_word' id='word_1_209' title='bbox 3672 1156 3780 1208; x_wconf 84' lang='grc' dir='ltr'><strong>μου</strong></span> 
     </span>
    </p>
   </div>
   <div class='ocr_carea' id='block_1_28' title="bbox 2195 1224 3777 1301">
    <p class='ocr_par' dir='ltr' id='par_1_28' title="bbox 2195 1224 3777 1301">
     <span class='ocr_line' id='line_1_28' title="bbox 2195 1224 3777 1301; baseline 0.003 -24"><span class='ocrx_word' id='word_1_210' title='bbox 2195 1226 2255 1278; x_wconf 72' lang='grc' dir='ltr'><strong>τὸ</strong></span> <span class='ocrx_word' id='word_1_211' title='bbox 2273 1225 2465 1279; x_wconf 82' lang='grc' dir='ltr'>λαλοῦν</span> <span class='ocrx_word' id='word_1_212' title='bbox 2491 1227 2550 1279; x_wconf 84' lang='grc' dir='ltr'>ὲν</span> <span class='ocrx_word' id='word_1_213' title='bbox 2576 1227 2724 1297; x_wconf 82' lang='grc' dir='ltr'>ὑμῖν.</span> <span class='ocrx_word' id='word_1_214' title='bbox 2752 1246 2770 1278; x_wconf 71' lang='grc' dir='ltr'><strong>ι</strong></span> <span class='ocrx_word' id='word_1_215' title='bbox 2792 1227 2902 1279; x_wconf 81' lang='grc' dir='ltr'><strong>Καὶ</strong></span> <span class='ocrx_word' id='word_1_216' title='bbox 2920 1229 2947 1280; x_wconf 90' lang='lat'><strong>6</strong></span> <span class='ocrx_word' id='word_1_217' title='bbox 2974 1225 3096 1280; x_wconf 81' lang='grc' dir='ltr'><strong>’1ὼὸ</strong></span> <span class='ocrx_word' id='word_1_218' title='bbox 3120 1227 3258 1280; x_wconf 88' lang='grc' dir='ltr'>θεῖον</span> <span class='ocrx_word' id='word_1_219' title='bbox 3289 1224 3409 1283; x_wconf 84' lang='grc' dir='ltr'>εἷπε</span> <span class='ocrx_word' id='word_1_220' title='bbox 3432 1226 3493 1282; x_wconf 71' lang='grc' dir='ltr'><strong>τὸ</strong></span> <span class='ocrx_word' id='word_1_221' title='bbox 3516 1230 3777 1301; x_wconf 76' lang='grc' dir='ltr'>Πνεῦμα,</span> 
     </span>
    </p>
   </div>
   <div class='ocr_carea' id='block_1_29' title="bbox 2196 1316 3781 1392">
    <p class='ocr_par' dir='ltr' id='par_1_29' title="bbox 2196 1316 3781 1392">
     <span class='ocr_line' id='line_1_29' title="bbox 2196 1316 3781 1392; baseline 0.002 -22"><span class='ocrx_word' id='word_1_222' title='bbox 2196 1316 2337 1370; x_wconf 71' lang='grc' dir='ltr'>οὕτω</span> <span class='ocrx_word' id='word_1_223' title='bbox 2364 1318 2569 1387; x_wconf 84' lang='grc' dir='ltr'>λέγων·</span> <span class='ocrx_word' id='word_1_224' title='bbox 2613 1336 2632 1368; x_wconf 80' lang='grc' dir='ltr'><strong>ι</strong></span> <span class='ocrx_word' id='word_1_225' title='bbox 2675 1321 2749 1389; x_wconf 81' lang='grc' dir='ltr'><strong>Ζῇ</strong></span> <span class='ocrx_word' id='word_1_226' title='bbox 2784 1318 3008 1390; x_wconf 80' lang='grc' dir='ltr'>Κύριος,</span> <span class='ocrx_word' id='word_1_227' title='bbox 3042 1318 3100 1382; x_wconf 83' lang='grc' dir='ltr'>ὃς</span> <span class='ocrx_word' id='word_1_228' title='bbox 3124 1316 3266 1372; x_wconf 74' lang='grc' dir='ltr'>οὕτω</span> <span class='ocrx_word' id='word_1_229' title='bbox 3295 1337 3361 1390; x_wconf 87' lang='grc' dir='ltr'><strong>με</strong></span> <span class='ocrx_word' id='word_1_230' title='bbox 3391 1321 3646 1392; x_wconf 81' lang='grc' dir='ltr'><strong>κέκρικε,</strong></span> <span class='ocrx_word' id='word_1_231' title='bbox 3678 1324 3781 1375; x_wconf 76' lang='grc' dir='ltr'>καὶ</span> 
     </span>
    </p>
   </div>
   <div class='ocr_carea' id='block_1_30' title="bbox 2195 1410 3780 1484">
    <p class='ocr_par' dir='ltr' id='par_1_30' title="bbox 2195 1410 3780 1484">
     <span class='ocr_line' id='line_1_30' title="bbox 2195 1410 3780 1484; baseline 0.003 -23"><span class='ocrx_word' id='word_1_232' title='bbox 2195 1410 2224 1461; x_wconf 88' lang='lat'><strong>6</strong></span> <span class='ocrx_word' id='word_1_233' title='bbox 2250 1410 2650 1480; x_wconf 81' lang='grc' dir='ltr'>Παντοκράτωρ</span> <span class='ocrx_word' id='word_1_234' title='bbox 2687 1412 2715 1463; x_wconf 93' lang='lat'><strong>6</strong></span> <span class='ocrx_word' id='word_1_235' title='bbox 2746 1410 3014 1481; x_wconf 85' lang='grc' dir='ltr'>πικρὰνας</span> <span class='ocrx_word' id='word_1_236' title='bbox 3055 1427 3160 1480; x_wconf 86' lang='grc' dir='ltr'><strong>μου</strong></span> <span class='ocrx_word' id='word_1_237' title='bbox 3189 1411 3287 1482; x_wconf 80' lang='grc' dir='ltr'>τὴν</span> <span class='ocrx_word' id='word_1_238' title='bbox 3330 1410 3539 1483; x_wconf 79' lang='grc' dir='ltr'>ψυχήν·</span> <span class='ocrx_word' id='word_1_239' title='bbox 3576 1414 3611 1483; x_wconf 76' lang='grc' dir='ltr'>ἦ</span> <span class='ocrx_word' id='word_1_240' title='bbox 3667 1415 3780 1484; x_wconf 75' lang='grc' dir='ltr'>μὴν</span> 
     </span>
    </p>
   </div>
   <div class='ocr_carea' id='block_1_31' title="bbox 2196 1499 3782 1573">
    <p class='ocr_par' dir='ltr' id='par_1_31' title="bbox 2196 1499 3782 1573">
     <span class='ocr_line' id='line_1_31' title="bbox 2196 1499 3782 1573; baseline 0.004 -20"><span class='ocrx_word' id='word_1_241' title='bbox 2196 1499 2275 1553; x_wconf 75' lang='grc' dir='ltr'>ἔτι</span> <span class='ocrx_word' id='word_1_242' title='bbox 2301 1500 2398 1570; x_wconf 83' lang='grc' dir='ltr'>τῆς</span> <span class='ocrx_word' id='word_1_243' title='bbox 2430 1505 2595 1572; x_wconf 85' lang='grc' dir='ltr'>πνοῆς</span> <span class='ocrx_word' id='word_1_244' title='bbox 2632 1519 2721 1572; x_wconf 87' lang='grc' dir='ltr'><strong>μοι</strong></span> <span class='ocrx_word' id='word_1_245' title='bbox 2756 1501 2979 1573; x_wconf 76' lang='grc' dir='ltr'>ἐνούσης</span> <span class='ocrx_word' id='word_1_246' title='bbox 3018 1502 3149 1573; x_wconf 84' lang='grc'><strong>(56),</strong></span> <span class='ocrx_word' id='word_1_247' title='bbox 3178 1502 3394 1573; x_wconf 85' lang='grc' dir='ltr'>πνεῦμα</span> <span class='ocrx_word' id='word_1_248' title='bbox 3434 1504 3491 1557; x_wconf 83' lang='grc' dir='ltr'>δὲ</span> <span class='ocrx_word' id='word_1_249' title='bbox 3536 1505 3687 1559; x_wconf 84' lang='grc' dir='ltr'>θεῖον</span> <span class='ocrx_word' id='word_1_250' title='bbox 3717 1507 3782 1558; x_wconf 74' lang='grc' dir='ltr'><strong>τὸ</strong></span> 
     </span>
    </p>
   </div>
   <div class='ocr_carea' id='block_1_32' title="bbox 2196 1593 3771 1665">
    <p class='ocr_par' dir='ltr' id='par_1_32' title="bbox 2196 1593 3771 1665">
     <span class='ocr_line' id='line_1_32' title="bbox 2196 1593 3771 1665; baseline 0.001 -20"><span class='ocrx_word' id='word_1_251' title='bbox 2196 1593 2384 1665; x_wconf 86' lang='grc' dir='ltr'>περιόν</span> <span class='ocrx_word' id='word_1_252' title='bbox 2414 1610 2503 1664; x_wconf 88' lang='grc' dir='ltr'><strong>μοι</strong></span> <span class='ocrx_word' id='word_1_253' title='bbox 2524 1596 2583 1648; x_wconf 86' lang='grc' dir='ltr'>ἐν</span> <span class='ocrx_word' id='word_1_254' title='bbox 2617 1595 2750 1665; x_wconf 78' lang='grc' dir='ltr'>ῥισὶ,</span> <span class='ocrx_word' id='word_1_255' title='bbox 2779 1594 2854 1665; x_wconf 81' lang='grc' dir='ltr'>μὴ</span> <span class='ocrx_word' id='word_1_256' title='bbox 2875 1594 3095 1664; x_wconf 90' lang='grc' dir='ltr'>λαλήσει</span> <span class='ocrx_word' id='word_1_257' title='bbox 3123 1595 3184 1647; x_wconf 83' lang='grc' dir='ltr'>τὸ</span> <span class='ocrx_word' id='word_1_258' title='bbox 3205 1594 3378 1664; x_wconf 84' lang='grc' dir='ltr'>στόμα</span> <span class='ocrx_word' id='word_1_259' title='bbox 3414 1611 3515 1665; x_wconf 82' lang='grc' dir='ltr'><strong>μου</strong></span> <span class='ocrx_word' id='word_1_260' title='bbox 3539 1595 3727 1649; x_wconf 75' lang='grc' dir='ltr'>ἄδικα.</span> <span class='ocrx_word' id='word_1_261' title='bbox 3750 1615 3771 1646; x_wconf 74' lang='grc' dir='ltr'><strong>ι</strong></span> 
     </span>
    </p>
   </div>
   <div class='ocr_carea' id='block_1_33' title="bbox 2202 1684 3779 1759">
    <p class='ocr_par' dir='ltr' id='par_1_33' title="bbox 2202 1684 3779 1759">
     <span class='ocr_line' id='line_1_33' title="bbox 2202 1684 3779 1759; baseline -0.001 -20"><span class='ocrx_word' id='word_1_262' title='bbox 2202 1684 2387 1757; x_wconf 78' lang='grc' dir='ltr'>Ὃρᾷς,</span> <span class='ocrx_word' id='word_1_263' title='bbox 2424 1686 2541 1750; x_wconf 80' lang='grc' dir='ltr'><strong>πῶς</strong></span> <span class='ocrx_word' id='word_1_264' title='bbox 2566 1688 2664 1759; x_wconf 83' lang='grc' dir='ltr'>τῆς</span> <span class='ocrx_word' id='word_1_265' title='bbox 2692 1687 2853 1756; x_wconf 83' lang='grc' dir='ltr'>ἁγίας</span> <span class='ocrx_word' id='word_1_266' title='bbox 2876 1687 3102 1758; x_wconf 81' lang='grc' dir='ltr'>Τριάδος</span> <span class='ocrx_word' id='word_1_267' title='bbox 3134 1688 3439 1757; x_wconf 77' lang='grc' dir='ltr'>μέμνηται·</span> <span class='ocrx_word' id='word_1_268' title='bbox 3480 1704 3499 1738; x_wconf 76' lang='grc' dir='ltr'><strong>ι</strong></span> <span class='ocrx_word' id='word_1_269' title='bbox 3542 1690 3621 1756; x_wconf 84' lang='grc' dir='ltr'><strong>Ζῇ</strong></span> <span class='ocrx_word' id='word_1_270' title='bbox 3655 1687 3779 1739; x_wconf 80' lang='grc' dir='ltr'><strong>Κύ-</strong></span> 
     </span>
    </p>
   </div>
   <div class='ocr_carea' id='block_1_34' title="bbox 527 1770 2098 1850">
    <p class='ocr_par' dir='ltr' id='par_1_34' title="bbox 527 1770 2098 1841">
     <span class='ocr_line' id='line_1_34' title="bbox 527 1770 2098 1841; baseline -0.002 -11"><span class='ocrx_word' id='word_1_271' title='bbox 527 1790 633 1830; x_wconf 89' lang='lat' dir='ltr'><strong>nee</strong></span> <span class='ocrx_word' id='word_1_272' title='bbox 660 1781 747 1830; x_wconf 89' lang='lat' dir='ltr'><strong>est</strong></span> <span class='ocrx_word' id='word_1_273' title='bbox 779 1775 960 1829; x_wconf 85' lang='lat' dir='ltr'><strong>adhuc</strong></span> <span class='ocrx_word' id='word_1_274' title='bbox 993 1774 1199 1829; x_wconf 85' lang='lat' dir='ltr'><strong>halitus</strong></span> <span class='ocrx_word' id='word_1_275' title='bbox 1230 1774 1286 1827; x_wconf 90' lang='lat' dir='ltr'><strong>in</strong></span> <span class='ocrx_word' id='word_1_276' title='bbox 1333 1787 1420 1826; x_wconf 90' lang='lat' dir='ltr'><strong>me</strong></span> <span class='ocrx_word' id='word_1_277' title='bbox 1440 1812 1455 1838; x_wconf 93' lang='lat'><strong>,</strong></span> <span class='ocrx_word' id='word_1_278' title='bbox 1500 1781 1554 1826; x_wconf 89' lang='lat' dir='ltr'><strong>et</strong></span> <span class='ocrx_word' id='word_1_279' title='bbox 1605 1770 1842 1841; x_wconf 89' lang='lat' dir='ltr'><strong>Spiritus</strong></span> <span class='ocrx_word' id='word_1_280' title='bbox 1884 1771 2098 1827; x_wconf 80' lang='lat' dir='ltr'><strong>divinus</strong></span> 
     </span>
    </p>
   </div>
   <div class='ocr_carea' id='block_1_35' title="bbox 2201 1770 3787 1850">
    <p class='ocr_par' dir='ltr' id='par_1_35' title="bbox 2205 1777 3787 1850">
     <span class='ocr_line' id='line_1_35' title="bbox 2205 1777 3787 1850; baseline 0.001 -20"><span class='ocrx_word' id='word_1_281' title='bbox 2205 1795 2337 1848; x_wconf 89' lang='grc' dir='ltr'>ριος,</span> <span class='ocrx_word' id='word_1_282' title='bbox 2373 1796 2390 1828; x_wconf 77' lang='grc' dir='ltr'><strong>ι</strong></span> <span class='ocrx_word' id='word_1_283' title='bbox 2424 1777 2596 1845; x_wconf 85' lang='grc' dir='ltr'>λέγων</span> <span class='ocrx_word' id='word_1_284' title='bbox 2629 1779 2720 1832; x_wconf 80' lang='grc' dir='ltr'>τὸν</span> <span class='ocrx_word' id='word_1_285' title='bbox 2745 1779 2901 1832; x_wconf 78' lang='grc' dir='ltr'>Υίόν“</span> <span class='ocrx_word' id='word_1_286' title='bbox 2934 1780 3046 1843; x_wconf 77' lang='grc' dir='ltr'>καὶ,</span> <span class='ocrx_word' id='word_1_287' title='bbox 3087 1797 3105 1831; x_wconf 83' lang='grc' dir='ltr'><strong>ι</strong></span> <span class='ocrx_word' id='word_1_288' title='bbox 3128 1780 3184 1832; x_wconf 90' lang='lat'><strong>&#39;0</strong></span> <span class='ocrx_word' id='word_1_289' title='bbox 3207 1780 3607 1850; x_wconf 80' lang='grc' dir='ltr'>Παντοκράτωρ</span> <span class='ocrx_word' id='word_1_290' title='bbox 3626 1782 3661 1832; x_wconf 81' lang='grc' dir='ltr'><strong>ὁ</strong></span> <span class='ocrx_word' id='word_1_291' title='bbox 3689 1797 3787 1832; x_wconf 78' lang='grc' dir='ltr'>πι-</span> 
     </span>
    </p>
   </div>
   <div class='ocr_carea' id='block_1_36' title="bbox 520 1862 2095 1936">
    <p class='ocr_par' dir='ltr' id='par_1_36' title="bbox 520 1862 2095 1936">
     <span class='ocr_line' id='line_1_36' title="bbox 520 1862 2095 1936; baseline -0.005 -14"><span class='ocrx_word' id='word_1_292' title='bbox 520 1873 780 1936; x_wconf 75' lang='lat' dir='ltr'><strong>superest</strong></span> <span class='ocrx_word' id='word_1_293' title='bbox 806 1866 938 1918; x_wconf 92' lang='lat' dir='ltr'><strong>mihi</strong></span> <span class='ocrx_word' id='word_1_294' title='bbox 975 1866 1030 1918; x_wconf 91' lang='lat' dir='ltr'><strong>in</strong></span> <span class='ocrx_word' id='word_1_295' title='bbox 1063 1865 1333 1929; x_wconf 82' lang='lat' dir='ltr'><strong>naribus;</strong></span> <span class='ocrx_word' id='word_1_296' title='bbox 1374 1874 1437 1918; x_wconf 88' lang='lat' dir='ltr'><strong>os</strong></span> <span class='ocrx_word' id='word_1_297' title='bbox 1470 1878 1649 1916; x_wconf 87' lang='lat' dir='ltr'><strong>meum</strong></span> <span class='ocrx_word' id='word_1_298' title='bbox 1696 1876 1806 1915; x_wconf 93' lang='lat' dir='ltr'><strong>non</strong></span> <span class='ocrx_word' id='word_1_299' title='bbox 1841 1862 2095 1931; x_wconf 83' lang='lat' dir='ltr'><strong>loquetur</strong></span> 
     </span>
    </p>
   </div>
   <div class='ocr_carea' id='block_1_37' title="bbox 528 1950 2093 2025">
    <p class='ocr_par' dir='ltr' id='par_1_37' title="bbox 528 1950 2093 2025">
     <span class='ocr_line' id='line_1_37' title="bbox 528 1950 2093 2025; baseline -0.004 -15"><span class='ocrx_word' id='word_1_300' title='bbox 528 1956 736 2025; x_wconf 86' lang='lat' dir='ltr'><strong>injusta</strong></span> <span class='ocrx_word' id='word_1_301' title='bbox 758 1956 825 2008; x_wconf 73' lang='grc'><strong>⁸⁸.</strong></span> <span class='ocrx_word' id='word_1_302' title='bbox 853 1975 868 2003; x_wconf 70' lang='grc' dir='ltr'><strong>ι</strong></span> <span class='ocrx_word' id='word_1_303' title='bbox 898 1953 1092 2009; x_wconf 81' lang='lat' dir='ltr'><strong>Viden’</strong></span> <span class='ocrx_word' id='word_1_304' title='bbox 1135 1953 1408 2023; x_wconf 90' lang='lat' dir='ltr'><strong>quomodo</strong></span> <span class='ocrx_word' id='word_1_305' title='bbox 1435 1950 1722 2006; x_wconf 84' lang='lat' dir='ltr'><strong>Trinitatis</strong></span> <span class='ocrx_word' id='word_1_306' title='bbox 1743 1951 2050 2005; x_wconf 87' lang='lat' dir='ltr'><strong>meminerit</strong></span> <span class='ocrx_word' id='word_1_307' title='bbox 2078 1968 2093 2017; x_wconf 89' lang='lat'><strong>;</strong></span> 
     </span>
    </p>
   </div>
   <div class='ocr_carea' id='block_1_38' title="bbox 518 2038 2098 2108">
    <p class='ocr_par' dir='ltr' id='par_1_38' title="bbox 518 2038 2098 2108">
     <span class='ocr_line' id='line_1_38' title="bbox 518 2038 2098 2108; baseline -0.004 -8"><span class='ocrx_word' id='word_1_308' title='bbox 518 2046 597 2100; x_wconf 82' lang='lat' dir='ltr'><strong>de</strong></span> <span class='ocrx_word' id='word_1_309' title='bbox 620 2043 759 2099; x_wconf 90' lang='lat' dir='ltr'><strong>Filio</strong></span> <span class='ocrx_word' id='word_1_310' title='bbox 781 2045 1007 2098; x_wconf 88' lang='lat' dir='ltr'><strong>dicens:</strong></span> <span class='ocrx_word' id='word_1_311' title='bbox 1030 2062 1054 2094; x_wconf 73' lang='grc' dir='ltr'><strong>ι</strong></span> <span class='ocrx_word' id='word_1_312' title='bbox 1085 2042 1231 2096; x_wconf 80' lang='lat' dir='ltr'><strong>Vivit</strong></span> <span class='ocrx_word' id='word_1_313' title='bbox 1255 2042 1519 2097; x_wconf 89' lang='lat' dir='ltr'><strong>Dominus</strong></span> <span class='ocrx_word' id='word_1_314' title='bbox 1543 2059 1558 2108; x_wconf 90' lang='lat'><strong>;</strong></span> <span class='ocrx_word' id='word_1_315' title='bbox 1583 2061 1602 2092; x_wconf 70' lang='grc' dir='ltr'><strong>ι</strong></span> <span class='ocrx_word' id='word_1_316' title='bbox 1622 2041 1689 2096; x_wconf 86' lang='lat' dir='ltr'><strong>de</strong></span> <span class='ocrx_word' id='word_1_317' title='bbox 1708 2039 1901 2095; x_wconf 89' lang='lat' dir='ltr'><strong>Patre:</strong></span> <span class='ocrx_word' id='word_1_318' title='bbox 1926 2059 1944 2090; x_wconf 80' lang='grc' dir='ltr'><strong>ι</strong></span> <span class='ocrx_word' id='word_1_319' title='bbox 1970 2038 2098 2095; x_wconf 89' lang='lat' dir='ltr'><strong>Om-</strong></span> 
     </span>
    </p>
   </div>
   <div class='ocr_carea' id='block_1_39' title="bbox 521 2130 2092 2205">
    <p class='ocr_par' dir='ltr' id='par_1_39' title="bbox 521 2130 2092 2205">
     <span class='ocr_line' id='line_1_39' title="bbox 521 2130 2092 2205; baseline -0.005 -16"><span class='ocrx_word' id='word_1_320' title='bbox 521 2136 815 2205; x_wconf 82' lang='lat' dir='ltr'><strong>nipotens,</strong></span> <span class='ocrx_word' id='word_1_321' title='bbox 852 2134 945 2203; x_wconf 88' lang='lat' dir='ltr'><strong>qui</strong></span> <span class='ocrx_word' id='word_1_322' title='bbox 977 2132 1338 2186; x_wconf 87' lang='lat' dir='ltr'><strong>amaritudine</strong></span> <span class='ocrx_word' id='word_1_323' title='bbox 1366 2131 1545 2186; x_wconf 81' lang='lat' dir='ltr'><strong>aﬂ&#39;ecit</strong></span> <span class='ocrx_word' id='word_1_324' title='bbox 1575 2130 1809 2185; x_wconf 87' lang='lat' dir='ltr'><strong>animam</strong></span> <span class='ocrx_word' id='word_1_325' title='bbox 1836 2145 2010 2184; x_wconf 84' lang='lat' dir='ltr'><strong>meam</strong></span> <span class='ocrx_word' id='word_1_326' title='bbox 2037 2148 2049 2183; x_wconf 87' lang='lat'><strong>:</strong></span> <span class='ocrx_word' id='word_1_327' title='bbox 2074 2149 2092 2181; x_wconf 67' lang='grc' dir='ltr'><strong>ι</strong></span> 
     </span>
    </p>
   </div>
   <div class='ocr_carea' id='block_1_40' title="bbox 521 2219 2098 2292">
    <p class='ocr_par' dir='ltr' id='par_1_40' title="bbox 521 2219 2098 2292">
     <span class='ocr_line' id='line_1_40' title="bbox 521 2219 2098 2292; baseline -0.004 -13"><span class='ocrx_word' id='word_1_328' title='bbox 521 2225 599 2279; x_wconf 71' lang='grc' dir='ltr'>ιιίε</span> <span class='ocrx_word' id='word_1_329' title='bbox 631 2222 839 2292; x_wconf 89' lang='lat' dir='ltr'><strong>Spiritu</strong></span> <span class='ocrx_word' id='word_1_330' title='bbox 874 2228 1100 2277; x_wconf 88' lang='lat' dir='ltr'><strong>sancto:</strong></span> <span class='ocrx_word' id='word_1_331' title='bbox 1132 2240 1154 2272; x_wconf 74' lang='grc' dir='ltr'><strong>ι</strong></span> <span class='ocrx_word' id='word_1_332' title='bbox 1178 2221 1397 2276; x_wconf 82' lang='lat' dir='ltr'><strong>divinus</strong></span> <span class='ocrx_word' id='word_1_333' title='bbox 1426 2219 1666 2291; x_wconf 85' lang='lat' dir='ltr'><strong>Spiritus</strong></span> <span class='ocrx_word' id='word_1_334' title='bbox 1685 2261 1701 2285; x_wconf 91' lang='lat'><strong>,</strong></span> <span class='ocrx_word' id='word_1_335' title='bbox 1729 2220 1820 2289; x_wconf 89' lang='lat' dir='ltr'><strong>qui</strong></span> <span class='ocrx_word' id='word_1_336' title='bbox 1849 2228 2098 2289; x_wconf 86' lang='lat' dir='ltr'><strong>superest</strong></span> 
     </span>
    </p>
   </div>
   <div class='ocr_carea' id='block_1_41' title="bbox 531 2311 2100 2383">
    <p class='ocr_par' dir='ltr' id='par_1_41' title="bbox 531 2311 2100 2383">
     <span class='ocr_line' id='line_1_41' title="bbox 531 2311 2100 2383; baseline -0.003 -14"><span class='ocrx_word' id='word_1_337' title='bbox 531 2316 664 2369; x_wconf 89' lang='lat' dir='ltr'><strong>mihi</strong></span> <span class='ocrx_word' id='word_1_338' title='bbox 697 2316 751 2368; x_wconf 89' lang='lat' dir='ltr'><strong>in</strong></span> <span class='ocrx_word' id='word_1_339' title='bbox 782 2314 1057 2369; x_wconf 88' lang='lat' dir='ltr'><strong>naribus?</strong></span> <span class='ocrx_word' id='word_1_340' title='bbox 1084 2333 1102 2365; x_wconf 68' lang='grc' dir='ltr'><strong>ι</strong></span> <span class='ocrx_word' id='word_1_341' title='bbox 1133 2312 1268 2367; x_wconf 82' lang='lat' dir='ltr'><strong>Nam</strong></span> <span class='ocrx_word' id='word_1_342' title='bbox 1302 2311 1546 2383; x_wconf 88' lang='lat' dir='ltr'><strong>Spiritus</strong></span> <span class='ocrx_word' id='word_1_343' title='bbox 1595 2319 1680 2366; x_wconf 90' lang='lat' dir='ltr'><strong>est</strong></span> <span class='ocrx_word' id='word_1_344' title='bbox 1721 2313 1907 2367; x_wconf 85' lang='lat' dir='ltr'><strong>suavis</strong></span> <span class='ocrx_word' id='word_1_345' title='bbox 1964 2313 2100 2367; x_wconf 90' lang='lat' dir='ltr'><strong>odor</strong></span> 
     </span>
    </p>
   </div>
   <div class='ocr_carea' id='block_1_42' title="bbox 519 2402 2099 2474">
    <p class='ocr_par' dir='ltr' id='par_1_42' title="bbox 519 2402 2099 2474">
     <span class='ocr_line' id='line_1_42' title="bbox 519 2402 2099 2474; baseline -0.003 -13"><span class='ocrx_word' id='word_1_346' title='bbox 519 2406 736 2461; x_wconf 79' lang='lat' dir='ltr'><strong>‘Christi</strong></span> <span class='ocrx_word' id='word_1_347' title='bbox 763 2425 775 2459; x_wconf 93' lang='lat'>:</span> <span class='ocrx_word' id='word_1_348' title='bbox 799 2413 853 2459; x_wconf 89' lang='lat' dir='ltr'><strong>et</strong></span> <span class='ocrx_word' id='word_1_349' title='bbox 881 2403 1344 2474; x_wconf 78' lang='lat' dir='ltr'><strong>quemadmodum</strong></span> <span class='ocrx_word' id='word_1_350' title='bbox 1377 2417 1443 2457; x_wconf 77' lang='lat' dir='ltr'><strong>ex</strong></span> <span class='ocrx_word' id='word_1_351' title='bbox 1474 2404 1641 2457; x_wconf 87' lang='lat' dir='ltr'><strong>odore</strong></span> <span class='ocrx_word' id='word_1_352' title='bbox 1667 2402 1821 2456; x_wconf 87' lang='lat' dir='ltr'><strong>suavi</strong></span> <span class='ocrx_word' id='word_1_353' title='bbox 1854 2418 2099 2473; x_wconf 87' lang='lat' dir='ltr'><strong>unguen-</strong></span> 
     </span>
    </p>
   </div>
   <div class='ocr_carea' id='block_1_43' title="bbox 535 2492 2102 2566">
    <p class='ocr_par' dir='ltr' id='par_1_43' title="bbox 535 2492 2102 2566">
     <span class='ocr_line' id='line_1_43' title="bbox 535 2492 2102 2566; baseline -0.003 -15"><span class='ocrx_word' id='word_1_354' title='bbox 535 2506 654 2552; x_wconf 89' lang='lat' dir='ltr'><strong>tum</strong></span> <span class='ocrx_word' id='word_1_355' title='bbox 689 2511 787 2566; x_wconf 90' lang='lat' dir='ltr'><strong>per</strong></span> <span class='ocrx_word' id='word_1_356' title='bbox 816 2510 979 2550; x_wconf 88' lang='lat' dir='ltr'><strong>nares</strong></span> <span class='ocrx_word' id='word_1_357' title='bbox 1022 2495 1327 2565; x_wconf 86' lang='lat' dir='ltr'><strong>percipitur</strong></span> <span class='ocrx_word' id='word_1_358' title='bbox 1353 2512 1366 2547; x_wconf 91' lang='lat'><strong>:</strong></span> <span class='ocrx_word' id='word_1_359' title='bbox 1400 2495 1477 2547; x_wconf 86' lang='lat' dir='ltr'><strong>ita</strong></span> <span class='ocrx_word' id='word_1_360' title='bbox 1506 2501 1560 2548; x_wconf 91' lang='lat' dir='ltr'><strong>et</strong></span> <span class='ocrx_word' id='word_1_361' title='bbox 1601 2493 1855 2548; x_wconf 82' lang='lat' dir='ltr'><strong>Christus</strong></span> <span class='ocrx_word' id='word_1_362' title='bbox 1885 2510 1950 2547; x_wconf 84' lang='lat' dir='ltr'><strong>ex</strong></span> <span class='ocrx_word' id='word_1_363' title='bbox 1981 2492 2102 2563; x_wconf 92' lang='lat' dir='ltr'><strong>Spi-</strong></span> 
     </span>
    </p>
   </div>
   <div class='ocr_carea' id='block_1_44' title="bbox 523 2583 2095 2655">
    <p class='ocr_par' dir='ltr' id='par_1_44' title="bbox 523 2583 2095 2655">
     <span class='ocr_line' id='line_1_44' title="bbox 523 2583 2095 2655; baseline -0.003 -13"><span class='ocrx_word' id='word_1_364' title='bbox 523 2590 662 2642; x_wconf 76' lang='lat' dir='ltr'><strong>ritu.</strong></span> <span class='ocrx_word' id='word_1_365' title='bbox 694 2606 712 2638; x_wconf 84' lang='grc' dir='ltr'><strong>ι</strong></span> <span class='ocrx_word' id='word_1_366' title='bbox 736 2585 905 2641; x_wconf 83' lang='lat' dir='ltr'><strong>Nemo</strong></span> <span class='ocrx_word' id='word_1_367' title='bbox 933 2588 1079 2642; x_wconf 89' lang='lat' dir='ltr'><strong>enim</strong></span> <span class='ocrx_word' id='word_1_368' title='bbox 1126 2594 1306 2655; x_wconf 65' lang='lat' dir='ltr'><strong>potem</strong></span> <span class='ocrx_word' id='word_1_369' title='bbox 1332 2583 1520 2639; x_wconf 78' lang='lat' dir='ltr'><strong>dicere</strong></span> <span class='ocrx_word' id='word_1_370' title='bbox 1566 2584 1845 2638; x_wconf 87' lang='lat' dir='ltr'><strong>Christum</strong></span> <span class='ocrx_word' id='word_1_371' title='bbox 1873 2583 2059 2639; x_wconf 86' lang='lat' dir='ltr'><strong>Jesum</strong></span> <span class='ocrx_word' id='word_1_372' title='bbox 2079 2624 2095 2648; x_wconf 95' lang='lat'><strong>,</strong></span> 
     </span>
    </p>
   </div>
   <div class='ocr_carea' id='block_1_45' title="bbox 531 2675 2099 2749">
    <p class='ocr_par' dir='ltr' id='par_1_45' title="bbox 531 2675 2099 2749">
     <span class='ocr_line' id='line_1_45' title="bbox 531 2675 2099 2749; baseline -0.003 -15"><span class='ocrx_word' id='word_1_373' title='bbox 531 2680 638 2734; x_wconf 69' lang='lat' dir='ltr'><strong>nisi</strong></span> <span class='ocrx_word' id='word_1_374' title='bbox 671 2680 725 2733; x_wconf 91' lang='lat' dir='ltr'><strong>in</strong></span> <span class='ocrx_word' id='word_1_375' title='bbox 756 2679 962 2749; x_wconf 88' lang='lat' dir='ltr'><strong>Spiritu</strong></span> <span class='ocrx_word' id='word_1_376' title='bbox 994 2685 1189 2733; x_wconf 85' lang='lat' dir='ltr'><strong>sancto</strong></span> <span class='ocrx_word' id='word_1_377' title='bbox 1216 2678 1285 2730; x_wconf 72' lang='grc'><strong>⁸⁸.</strong></span> <span class='ocrx_word' id='word_1_378' title='bbox 1321 2696 1339 2728; x_wconf 73' lang='grc' dir='ltr'><strong>ι</strong></span> <span class='ocrx_word' id='word_1_379' title='bbox 1373 2675 1438 2729; x_wconf 83' lang='grc' dir='ltr'><strong>Ει</strong></span> <span class='ocrx_word' id='word_1_380' title='bbox 1477 2676 1731 2746; x_wconf 84' lang='lat' dir='ltr'><strong>Apostoli</strong></span> <span class='ocrx_word' id='word_1_381' title='bbox 1783 2675 2004 2730; x_wconf 83' lang='lat' dir='ltr'><strong>fuerunt</strong></span> <span class='ocrx_word' id='word_1_382' title='bbox 2035 2690 2099 2730; x_wconf 87' lang='lat' dir='ltr'><strong>ac</strong></span> 
     </span>
    </p>
   </div>
   <div class='ocr_carea' id='block_1_46' title="bbox 533 2766 2100 2838">
    <p class='ocr_par' dir='ltr' id='par_1_46' title="bbox 533 2766 2100 2838">
     <span class='ocr_line' id='line_1_46' title="bbox 533 2766 2100 2838; baseline -0.002 -13"><span class='ocrx_word' id='word_1_383' title='bbox 533 2778 663 2825; x_wconf 86' lang='lat' dir='ltr'><strong>sunt</strong></span> <span class='ocrx_word' id='word_1_384' title='bbox 692 2771 869 2825; x_wconf 89' lang='lat' dir='ltr'><strong>bonus</strong></span> <span class='ocrx_word' id='word_1_385' title='bbox 904 2769 1111 2824; x_wconf 87' lang='lat' dir='ltr'><strong>Christi</strong></span> <span class='ocrx_word' id='word_1_386' title='bbox 1154 2768 1315 2831; x_wconf 88' lang='lat' dir='ltr'><strong>odor,</strong></span> <span class='ocrx_word' id='word_1_387' title='bbox 1360 2769 1621 2837; x_wconf 90' lang='lat' dir='ltr'><strong>quoniam</strong></span> <span class='ocrx_word' id='word_1_388' title='bbox 1650 2766 1892 2838; x_wconf 86' lang='lat' dir='ltr'><strong>Spiritus</strong></span> <span class='ocrx_word' id='word_1_389' title='bbox 1925 2769 2100 2823; x_wconf 89' lang='lat' dir='ltr'><strong>sancti</strong></span> 
     </span>
    </p>
   </div>
   <div class='ocr_carea' id='block_1_47' title="bbox 522 2862 2097 2934">
    <p class='ocr_par' dir='ltr' id='par_1_47' title="bbox 522 2862 2097 2934">
     <span class='ocr_line' id='line_1_47' title="bbox 522 2862 2097 2934; baseline 0.001 -17"><span class='ocrx_word' id='word_1_390' title='bbox 522 2865 733 2934; x_wconf 73' lang='lat' dir='ltr'><strong>templa</strong></span> <span class='ocrx_word' id='word_1_391' title='bbox 787 2874 934 2921; x_wconf 91' lang='lat' dir='ltr'><strong>sunt.</strong></span> <span class='ocrx_word' id='word_1_392' title='bbox 987 2863 1131 2919; x_wconf 86' lang='lat' dir='ltr'><strong>Dicit</strong></span> <span class='ocrx_word' id='word_1_393' title='bbox 1177 2864 1324 2919; x_wconf 87' lang='lat' dir='ltr'><strong>enim</strong></span> <span class='ocrx_word' id='word_1_394' title='bbox 1370 2862 1618 2918; x_wconf 84' lang='lat' dir='ltr'><strong>Paulus:</strong></span> <span class='ocrx_word' id='word_1_395' title='bbox 1652 2881 1670 2914; x_wconf 84' lang='grc' dir='ltr'><strong>ι</strong></span> <span class='ocrx_word' id='word_1_396' title='bbox 1698 2864 1781 2917; x_wconf 79' lang='lat' dir='ltr'><strong>An</strong></span> <span class='ocrx_word' id='word_1_397' title='bbox 1831 2864 2097 2929; x_wconf 89' lang='lat' dir='ltr'><strong>nescitis,</strong></span> 
     </span>
    </p>
   </div>
   <div class='ocr_carea' id='block_1_48' title="bbox 2198 1867 3787 1941">
    <p class='ocr_par' dir='ltr' id='par_1_48' title="bbox 2198 1867 3787 1941">
     <span class='ocr_line' id='line_1_48' title="bbox 2198 1867 3787 1941; baseline 0.003 -22"><span class='ocrx_word' id='word_1_398' title='bbox 2198 1867 2403 1935; x_wconf 79' lang='grc' dir='ltr'>κράνας</span> <span class='ocrx_word' id='word_1_399' title='bbox 2437 1885 2539 1937; x_wconf 84' lang='grc' dir='ltr'><strong>μου</strong></span> <span class='ocrx_word' id='word_1_400' title='bbox 2566 1869 2664 1940; x_wconf 84' lang='grc' dir='ltr'><strong>τὴν</strong></span> <span class='ocrx_word' id='word_1_401' title='bbox 2690 1868 2886 1940; x_wconf 78' lang='grc' dir='ltr'>ψυχὴν,</span> <span class='ocrx_word' id='word_1_402' title='bbox 2928 1890 2947 1921; x_wconf 72' lang='grc' dir='ltr'><strong>ι</strong></span> <span class='ocrx_word' id='word_1_403' title='bbox 2988 1870 3080 1923; x_wconf 84' lang='grc' dir='ltr'>τὸν</span> <span class='ocrx_word' id='word_1_404' title='bbox 3106 1870 3326 1941; x_wconf 81' lang='grc' dir='ltr'>Πατέρα</span> <span class='ocrx_word' id='word_1_405' title='bbox 3347 1886 3358 1897; x_wconf 83' lang='lat'><strong><em>°</em></strong></span> <span class='ocrx_word' id='word_1_406' title='bbox 3402 1889 3421 1921; x_wconf 82' lang='grc' dir='ltr'><strong>ι</strong></span> <span class='ocrx_word' id='word_1_407' title='bbox 3456 1870 3695 1940; x_wconf 80' lang='grc' dir='ltr'>Πνεῦμα</span> <span class='ocrx_word' id='word_1_408' title='bbox 3722 1871 3787 1924; x_wconf 78' lang='grc' dir='ltr'>δὲ</span> 
     </span>
    </p>
   </div>
   <div class='ocr_carea' id='block_1_49' title="bbox 2201 1956 3785 2031">
    <p class='ocr_par' dir='ltr' id='par_1_49' title="bbox 2201 1956 3785 2031">
     <span class='ocr_line' id='line_1_49' title="bbox 2201 1956 3785 2031; baseline 0.004 -22"><span class='ocrx_word' id='word_1_409' title='bbox 2201 1956 2343 2010; x_wconf 84' lang='grc' dir='ltr'>θεῖον</span> <span class='ocrx_word' id='word_1_410' title='bbox 2370 1957 2431 2011; x_wconf 82' lang='grc' dir='ltr'>τὸ</span> <span class='ocrx_word' id='word_1_411' title='bbox 2459 1960 2644 2030; x_wconf 89' lang='grc' dir='ltr'>περιόν</span> <span class='ocrx_word' id='word_1_412' title='bbox 2676 1977 2766 2029; x_wconf 88' lang='grc' dir='ltr'><strong>μοι</strong></span> <span class='ocrx_word' id='word_1_413' title='bbox 2792 1962 2849 2013; x_wconf 79' lang='grc' dir='ltr'>ἐν</span> <span class='ocrx_word' id='word_1_414' title='bbox 2882 1960 3013 2031; x_wconf 80' lang='grc' dir='ltr'>ῥισὶ,</span> <span class='ocrx_word' id='word_1_415' title='bbox 3052 1979 3070 2011; x_wconf 77' lang='grc' dir='ltr'><strong>ι</strong></span> <span class='ocrx_word' id='word_1_416' title='bbox 3109 1961 3165 2013; x_wconf 78' lang='grc' dir='ltr'>τὸ</span> <span class='ocrx_word' id='word_1_417' title='bbox 3188 1959 3414 2031; x_wconf 81' lang='grc' dir='ltr'>Πνεῦμα</span> <span class='ocrx_word' id='word_1_418' title='bbox 3467 1962 3530 2013; x_wconf 75' lang='grc' dir='ltr'><strong>τὸ</strong></span> <span class='ocrx_word' id='word_1_419' title='bbox 3592 1962 3785 2029; x_wconf 74' lang='grc' dir='ltr'>ἅγιον.</span> 
     </span>
    </p>
   </div>
   <div class='ocr_carea' id='block_1_50' title="bbox 2201 2048 3788 2123">
    <p class='ocr_par' dir='ltr' id='par_1_50' title="bbox 2201 2048 3788 2123">
     <span class='ocr_line' id='line_1_50' title="bbox 2201 2048 3788 2123; baseline 0.003 -21"><span class='ocrx_word' id='word_1_420' title='bbox 2201 2048 2438 2119; x_wconf 84' lang='grc' dir='ltr'>Χριστοῦ</span> <span class='ocrx_word' id='word_1_421' title='bbox 2471 2049 2580 2122; x_wconf 81' lang='grc' dir='ltr'>γάρ</span> <span class='ocrx_word' id='word_1_422' title='bbox 2622 2051 2767 2104; x_wconf 83' lang='grc' dir='ltr'>ὲστιν</span> <span class='ocrx_word' id='word_1_423' title='bbox 2807 2052 3002 2105; x_wconf 81' lang='grc' dir='ltr'>εὐωδία</span> <span class='ocrx_word' id='word_1_424' title='bbox 3036 2052 3097 2105; x_wconf 82' lang='grc' dir='ltr'>τὸ</span> <span class='ocrx_word' id='word_1_425' title='bbox 3145 2052 3400 2123; x_wconf 86' lang='grc' dir='ltr'>Πνεῦμα·</span> <span class='ocrx_word' id='word_1_426' title='bbox 3454 2052 3551 2105; x_wconf 73' lang='grc' dir='ltr'>καὶ</span> <span class='ocrx_word' id='word_1_427' title='bbox 3580 2051 3788 2122; x_wconf 82' lang='grc' dir='ltr'>ὥσπερ</span> 
     </span>
    </p>
   </div>
   <div class='ocr_carea' id='block_1_51' title="bbox 2205 2140 3788 2213">
    <p class='ocr_par' dir='ltr' id='par_1_51' title="bbox 2205 2140 3788 2213">
     <span class='ocr_line' id='line_1_51' title="bbox 2205 2140 3788 2213; baseline 0.003 -22"><span class='ocrx_word' id='word_1_428' title='bbox 2205 2140 2268 2192; x_wconf 75' lang='grc' dir='ltr'>ὲκ</span> <span class='ocrx_word' id='word_1_429' title='bbox 2291 2140 2392 2209; x_wconf 82' lang='grc' dir='ltr'>τῆς</span> <span class='ocrx_word' id='word_1_430' title='bbox 2421 2140 2645 2204; x_wconf 81' lang='grc' dir='ltr'>εὐωδίας</span> <span class='ocrx_word' id='word_1_431' title='bbox 2674 2141 2761 2193; x_wconf 88' lang='grc' dir='ltr'>διὰ</span> <span class='ocrx_word' id='word_1_432' title='bbox 2793 2141 2899 2194; x_wconf 89' lang='grc' dir='ltr'><strong>τῶν</strong></span> <span class='ocrx_word' id='word_1_433' title='bbox 2943 2141 3112 2213; x_wconf 79' lang='grc' dir='ltr'>ῥινῶν</span> <span class='ocrx_word' id='word_1_434' title='bbox 3132 2141 3191 2194; x_wconf 86' lang='grc' dir='ltr'>τὸ</span> <span class='ocrx_word' id='word_1_435' title='bbox 3224 2141 3392 2213; x_wconf 87' lang='grc' dir='ltr'>μύρον</span> <span class='ocrx_word' id='word_1_436' title='bbox 3420 2140 3788 2210; x_wconf 80' lang='grc' dir='ltr'>γινώσκεται,</span> 
     </span>
    </p>
   </div>
   <div class='ocr_carea' id='block_1_52' title="bbox 2200 2229 3790 2306">
    <p class='ocr_par' dir='ltr' id='par_1_52' title="bbox 2200 2229 3790 2306">
     <span class='ocr_line' id='line_1_52' title="bbox 2200 2229 3790 2306; baseline 0.003 -23"><span class='ocrx_word' id='word_1_437' title='bbox 2200 2229 2373 2295; x_wconf 76' lang='grc' dir='ltr'>οὕτως</span> <span class='ocrx_word' id='word_1_438' title='bbox 2403 2232 2499 2285; x_wconf 72' lang='grc' dir='ltr'><strong>καὶ</strong></span> <span class='ocrx_word' id='word_1_439' title='bbox 2528 2232 2593 2285; x_wconf 83' lang='grc' dir='ltr'>ὲκ</span> <span class='ocrx_word' id='word_1_440' title='bbox 2619 2231 2712 2285; x_wconf 84' lang='grc' dir='ltr'><strong>τοῦ</strong></span> <span class='ocrx_word' id='word_1_441' title='bbox 2742 2232 3054 2303; x_wconf 88' lang='grc' dir='ltr'>Πνεύματος</span> <span class='ocrx_word' id='word_1_442' title='bbox 3086 2234 3337 2305; x_wconf 73' lang='grc' dir='ltr'>Χριστός.</span> <span class='ocrx_word' id='word_1_443' title='bbox 3372 2252 3392 2285; x_wconf 74' lang='grc' dir='ltr'><strong>ι</strong></span> <span class='ocrx_word' id='word_1_444' title='bbox 3426 2234 3629 2297; x_wconf 74' lang='grc' dir='ltr'>Οὐδεὶς</span> <span class='ocrx_word' id='word_1_445' title='bbox 3672 2234 3790 2306; x_wconf 69' lang='grc' dir='ltr'>γὰρ</span> 
     </span>
    </p>
   </div>
   <div class='ocr_carea' id='block_1_53' title="bbox 2199 2320 3790 2397">
    <p class='ocr_par' dir='ltr' id='par_1_53' title="bbox 2199 2320 3790 2397">
     <span class='ocr_line' id='line_1_53' title="bbox 2199 2320 3790 2397; baseline 0.003 -23"><span class='ocrx_word' id='word_1_446' title='bbox 2199 2320 2419 2375; x_wconf 88' lang='grc' dir='ltr'>δύναται</span> <span class='ocrx_word' id='word_1_447' title='bbox 2469 2324 2642 2376; x_wconf 77' lang='grc' dir='ltr'>εἰπεῖν</span> <span class='ocrx_word' id='word_1_448' title='bbox 2690 2323 2893 2394; x_wconf 87' lang='grc' dir='ltr'>Κύριον</span> <span class='ocrx_word' id='word_1_449' title='bbox 2937 2323 3148 2395; x_wconf 75' lang='grc' dir='ltr'>’Ἰησοῦν</span> <span class='ocrx_word' id='word_1_450' title='bbox 3190 2325 3238 2378; x_wconf 85' lang='grc' dir='ltr'>εἰ</span> <span class='ocrx_word' id='word_1_451' title='bbox 3275 2325 3348 2395; x_wconf 84' lang='grc' dir='ltr'>μὴ</span> <span class='ocrx_word' id='word_1_452' title='bbox 3383 2326 3440 2378; x_wconf 83' lang='grc' dir='ltr'>ἐν</span> <span class='ocrx_word' id='word_1_453' title='bbox 3488 2326 3790 2397; x_wconf 81' lang='grc' dir='ltr'>Πνεύματι</span> 
     </span>
    </p>
   </div>
   <div class='ocr_carea' id='block_1_54' title="bbox 2201 2411 3791 2486">
    <p class='ocr_par' dir='ltr' id='par_1_54' title="bbox 2201 2411 3791 2486">
     <span class='ocr_line' id='line_1_54' title="bbox 2201 2411 3791 2486; baseline 0.003 -21"><span class='ocrx_word' id='word_1_454' title='bbox 2201 2412 2360 2482; x_wconf 82' lang='grc' dir='ltr'>ἁγίῳ.</span> <span class='ocrx_word' id='word_1_455' title='bbox 2397 2431 2415 2463; x_wconf 76' lang='grc' dir='ltr'><strong>ι</strong></span> <span class='ocrx_word' id='word_1_456' title='bbox 2451 2413 2562 2466; x_wconf 80' lang='grc' dir='ltr'><strong>Καὶ</strong></span> <span class='ocrx_word' id='word_1_457' title='bbox 2587 2415 2636 2466; x_wconf 80' lang='grc' dir='ltr'>οἱ</span> <span class='ocrx_word' id='word_1_458' title='bbox 2669 2414 2955 2467; x_wconf 84' lang='grc' dir='ltr'>ἀπόστολοι</span> <span class='ocrx_word' id='word_1_459' title='bbox 2994 2414 3230 2485; x_wconf 83' lang='grc' dir='ltr'>Χριστοῦ</span> <span class='ocrx_word' id='word_1_460' title='bbox 3268 2416 3464 2468; x_wconf 80' lang='grc' dir='ltr'>εὐωδία</span> <span class='ocrx_word' id='word_1_461' title='bbox 3485 2411 3656 2486; x_wconf 81' lang='grc' dir='ltr'>ἦσαν,</span> <span class='ocrx_word' id='word_1_462' title='bbox 3689 2418 3791 2470; x_wconf 70' lang='grc' dir='ltr'><strong>καὶ</strong></span> 
     </span>
    </p>
   </div>
   <div class='ocr_carea' id='block_1_55' title="bbox 2201 2502 3787 2577">
    <p class='ocr_par' dir='ltr' id='par_1_55' title="bbox 2201 2502 3787 2577">
     <span class='ocr_line' id='line_1_55' title="bbox 2201 2502 3787 2577; baseline 0.004 -23"><span class='ocrx_word' id='word_1_463' title='bbox 2201 2502 2371 2555; x_wconf 75' lang='grc' dir='ltr'>εἰσίνο</span> <span class='ocrx_word' id='word_1_464' title='bbox 2406 2502 2592 2574; x_wconf 82' lang='grc' dir='ltr'>ἐπειδὴ</span> <span class='ocrx_word' id='word_1_465' title='bbox 2642 2505 2736 2557; x_wconf 73' lang='grc' dir='ltr'>καὶ</span> <span class='ocrx_word' id='word_1_466' title='bbox 2781 2508 2897 2559; x_wconf 74' lang='grc' dir='ltr'>ναοὶ</span> <span class='ocrx_word' id='word_1_467' title='bbox 2925 2504 3017 2559; x_wconf 85' lang='grc' dir='ltr'><strong>τοῦ</strong></span> <span class='ocrx_word' id='word_1_468' title='bbox 3064 2505 3375 2577; x_wconf 81' lang='grc' dir='ltr'>Πνεύματός</span> <span class='ocrx_word' id='word_1_469' title='bbox 3424 2507 3554 2559; x_wconf 91' lang='grc' dir='ltr'>εἰσι.</span> <span class='ocrx_word' id='word_1_470' title='bbox 3608 2508 3787 2575; x_wconf 82' lang='grc' dir='ltr'>Λέγει</span> 
     </span>
    </p>
   </div>
   <div class='ocr_carea' id='block_1_56' title="bbox 2209 2594 3787 2668">
    <p class='ocr_par' dir='ltr' id='par_1_56' title="bbox 2209 2594 3787 2668">
     <span class='ocr_line' id='line_1_56' title="bbox 2209 2594 3787 2668; baseline 0.003 -22"><span class='ocrx_word' id='word_1_471' title='bbox 2209 2594 2317 2664; x_wconf 83' lang='grc' dir='ltr'>γὰρ</span> <span class='ocrx_word' id='word_1_472' title='bbox 2352 2594 2595 2658; x_wconf 86' lang='grc' dir='ltr'>Παῦλος·</span> <span class='ocrx_word' id='word_1_473' title='bbox 2634 2615 2652 2647; x_wconf 82' lang='grc' dir='ltr'><strong>ι</strong></span> <span class='ocrx_word' id='word_1_474' title='bbox 2710 2597 2823 2649; x_wconf 80' lang='grc' dir='ltr'>Οὐκ</span> <span class='ocrx_word' id='word_1_475' title='bbox 2864 2595 3060 2664; x_wconf 77' lang='grc' dir='ltr'>οἴδατε,</span> <span class='ocrx_word' id='word_1_476' title='bbox 3096 2598 3181 2651; x_wconf 79' lang='grc' dir='ltr'>ὅτι</span> <span class='ocrx_word' id='word_1_477' title='bbox 3222 2598 3293 2651; x_wconf 76' lang='grc' dir='ltr'>τὰ</span> <span class='ocrx_word' id='word_1_478' title='bbox 3348 2595 3578 2667; x_wconf 82' lang='grc' dir='ltr'>σώματα</span> <span class='ocrx_word' id='word_1_479' title='bbox 3620 2598 3787 2668; x_wconf 82' lang='grc' dir='ltr'>ὑμῶν</span> 
     </span>
    </p>
   </div>
   <div class='ocr_carea' id='block_1_57' title="bbox 2203 2683 3786 2760">
    <p class='ocr_par' dir='ltr' id='par_1_57' title="bbox 2203 2683 3786 2760">
     <span class='ocr_line' id='line_1_57' title="bbox 2203 2683 3786 2760; baseline 0.001 -20"><span class='ocrx_word' id='word_1_480' title='bbox 2203 2685 2331 2748; x_wconf 82' lang='grc' dir='ltr'>ναὸς</span> <span class='ocrx_word' id='word_1_481' title='bbox 2374 2685 2469 2738; x_wconf 89' lang='grc' dir='ltr'><strong>τοῦ</strong></span> <span class='ocrx_word' id='word_1_482' title='bbox 2502 2689 2560 2741; x_wconf 85' lang='grc' dir='ltr'>ὲν</span> <span class='ocrx_word' id='word_1_483' title='bbox 2598 2688 2726 2757; x_wconf 84' lang='grc' dir='ltr'>ὑμῖν</span> <span class='ocrx_word' id='word_1_484' title='bbox 2757 2688 2912 2756; x_wconf 80' lang='grc' dir='ltr'>ἁγίου</span> <span class='ocrx_word' id='word_1_485' title='bbox 2962 2688 3277 2759; x_wconf 87' lang='grc' dir='ltr'>Πνεύματός</span> <span class='ocrx_word' id='word_1_486' title='bbox 3313 2691 3483 2752; x_wconf 79' lang='grc' dir='ltr'>ἐστιν,</span> <span class='ocrx_word' id='word_1_487' title='bbox 3515 2683 3578 2743; x_wconf 77' lang='grc' dir='ltr'><strong>οὗ</strong></span> <span class='ocrx_word' id='word_1_488' title='bbox 3624 2689 3786 2760; x_wconf 77' lang='grc' dir='ltr'>ἔχετε</span> 
     </span>
    </p>
   </div>
   <div class='ocr_carea' id='block_1_58' title="bbox 2202 2775 3785 2851">
    <p class='ocr_par' dir='ltr' id='par_1_58' title="bbox 2202 2775 3785 2851">
     <span class='ocr_line' id='line_1_58' title="bbox 2202 2775 3785 2851; baseline 0.004 -23"><span class='ocrx_word' id='word_1_489' title='bbox 2202 2775 2310 2829; x_wconf 83' lang='grc' dir='ltr'><strong>ἀπὸ</strong></span> <span class='ocrx_word' id='word_1_490' title='bbox 2355 2776 2509 2840; x_wconf 84' lang='grc' dir='ltr'>Θεοῦ,</span> <span class='ocrx_word' id='word_1_491' title='bbox 2549 2779 2643 2831; x_wconf 74' lang='grc' dir='ltr'>καὶ</span> <span class='ocrx_word' id='word_1_492' title='bbox 2691 2779 2792 2831; x_wconf 89' lang='grc' dir='ltr'><strong>ούκ</strong></span> <span class='ocrx_word' id='word_1_493' title='bbox 2838 2781 2962 2833; x_wconf 78' lang='grc' dir='ltr'>ἐστὲ</span> <span class='ocrx_word' id='word_1_494' title='bbox 3013 2780 3243 2833; x_wconf 71' lang='grc' dir='ltr'>ἑαυτῶν.</span> <span class='ocrx_word' id='word_1_495' title='bbox 3288 2779 3559 2845; x_wconf 75' lang='grc' dir='ltr'>Δοξάσατε</span> <span class='ocrx_word' id='word_1_496' title='bbox 3589 2780 3662 2851; x_wconf 79' lang='grc' dir='ltr'>δὴ</span> <span class='ocrx_word' id='word_1_497' title='bbox 3692 2782 3785 2833; x_wconf 74' lang='grc' dir='ltr'>τὸν</span> 
     </span>
    </p>
   </div>
   <div class='ocr_carea' id='block_1_59' title="bbox 2206 2868 3033 2941">
    <p class='ocr_par' dir='ltr' id='par_1_59' title="bbox 2206 2868 3033 2941">
     <span class='ocr_line' id='line_1_59' title="bbox 2206 2868 3033 2941; baseline 0.004 -20"><span class='ocrx_word' id='word_1_498' title='bbox 2206 2868 2338 2922; x_wconf 83' lang='grc' dir='ltr'>Θεὸν</span> <span class='ocrx_word' id='word_1_499' title='bbox 2366 2870 2423 2922; x_wconf 81' lang='grc' dir='ltr'>ὲν</span> <span class='ocrx_word' id='word_1_500' title='bbox 2450 2869 2527 2940; x_wconf 83' lang='grc' dir='ltr'>τῷ</span> <span class='ocrx_word' id='word_1_501' title='bbox 2558 2869 2768 2941; x_wconf 79' lang='grc' dir='ltr'>σώματι</span> <span class='ocrx_word' id='word_1_502' title='bbox 2801 2871 2972 2941; x_wconf 83' lang='grc' dir='ltr'>ὑμῶν.</span> <span class='ocrx_word' id='word_1_503' title='bbox 3012 2889 3033 2923; x_wconf 72' lang='grc' dir='ltr'><strong>ι</strong></span> 
     </span>
    </p>
   </div>
   <div class='ocr_carea' id='block_1_60' title="bbox 507 2953 3786 3032">
    <p class='ocr_par' dir='ltr' id='par_1_60' title="bbox 507 2953 3786 3032">
     <span class='ocr_line' id='line_1_60' title="bbox 507 2953 3786 3032; baseline 0.001 -22"><span class='ocrx_word' id='word_1_504' title='bbox 507 2958 660 3027; x_wconf 88' lang='lat' dir='ltr'><strong>&#39;quia</strong></span> <span class='ocrx_word' id='word_1_505' title='bbox 689 2969 919 3026; x_wconf 88' lang='lat' dir='ltr'><strong>corpora</strong></span> <span class='ocrx_word' id='word_1_506' title='bbox 949 2964 1128 3011; x_wconf 89' lang='lat' dir='ltr'><strong>vestra</strong></span> <span class='ocrx_word' id='word_1_507' title='bbox 1160 2956 1421 3027; x_wconf 88' lang='lat' dir='ltr'><strong>templum</strong></span> <span class='ocrx_word' id='word_1_508' title='bbox 1452 2963 1581 3010; x_wconf 91' lang='lat' dir='ltr'><strong>sunt</strong></span> <span class='ocrx_word' id='word_1_509' title='bbox 1612 2953 1851 3025; x_wconf 89' lang='lat' dir='ltr'><strong>Spiritus</strong></span> <span class='ocrx_word' id='word_1_510' title='bbox 1879 2957 2087 3023; x_wconf 88' lang='lat' dir='ltr'><strong>sancti,</strong></span> <span class='ocrx_word' id='word_1_511' title='bbox 2126 2959 2219 3030; x_wconf 87' lang='lat' dir='ltr'><strong>qui</strong></span> <span class='ocrx_word' id='word_1_512' title='bbox 2249 2961 2303 3014; x_wconf 91' lang='lat' dir='ltr'><strong>in</strong></span> <span class='ocrx_word' id='word_1_513' title='bbox 2332 2961 2488 3017; x_wconf 85' lang='lat' dir='ltr'><strong>vobis</strong></span> <span class='ocrx_word' id='word_1_514' title='bbox 2516 2970 2601 3017; x_wconf 88' lang='lat' dir='ltr'><strong>est</strong></span> <span class='ocrx_word' id='word_1_515' title='bbox 2621 3001 2635 3025; x_wconf 92' lang='lat'><strong>,</strong></span> <span class='ocrx_word' id='word_1_516' title='bbox 2662 2978 2825 3032; x_wconf 87' lang='lat' dir='ltr'><strong>quem</strong></span> <span class='ocrx_word' id='word_1_517' title='bbox 2852 2963 3065 3018; x_wconf 88' lang='lat' dir='ltr'><strong>habetis</strong></span> <span class='ocrx_word' id='word_1_518' title='bbox 3094 2977 3124 3015; x_wconf 72' lang='grc' dir='ltr'>τι</span> <span class='ocrx_word' id='word_1_519' title='bbox 3155 2962 3303 3030; x_wconf 86' lang='lat' dir='ltr'><strong>Deo;</strong></span> <span class='ocrx_word' id='word_1_520' title='bbox 3365 2970 3423 3018; x_wconf 91' lang='lat' dir='ltr'><strong>et</strong></span> <span class='ocrx_word' id='word_1_521' title='bbox 3477 2978 3592 3017; x_wconf 90' lang='lat' dir='ltr'><strong>non</strong></span> <span class='ocrx_word' id='word_1_522' title='bbox 3646 2961 3786 3018; x_wconf 78' lang='lat' dir='ltr'><strong>estis</strong></span> 
     </span>
    </p>
   </div>
   <div class='ocr_carea' id='block_1_61' title="bbox 527 3047 2083 3118">
    <p class='ocr_par' dir='ltr' id='par_1_61' title="bbox 527 3047 2083 3118">
     <span class='ocr_line' id='line_1_61' title="bbox 527 3047 2083 3118; baseline -0.002 -16"><span class='ocrx_word' id='word_1_523' title='bbox 527 3048 735 3104; x_wconf 83' lang='lat' dir='ltr'><strong>vestri?</strong></span> <span class='ocrx_word' id='word_1_524' title='bbox 754 3047 920 3102; x_wconf 90' lang='lat' dir='ltr'><strong>Deum</strong></span> <span class='ocrx_word' id='word_1_525' title='bbox 942 3047 1108 3117; x_wconf 79' lang='lat' dir='ltr'><strong>igitur</strong></span> <span class='ocrx_word' id='word_1_526' title='bbox 1129 3048 1183 3102; x_wconf 85' lang='lat' dir='ltr'><strong>in</strong></span> <span class='ocrx_word' id='word_1_527' title='bbox 1205 3062 1436 3118; x_wconf 88' lang='lat' dir='ltr'><strong>corpore</strong></span> <span class='ocrx_word' id='word_1_528' title='bbox 1460 3054 1639 3103; x_wconf 71' lang='grc' dir='ltr'>νεειιι</span> <span class='ocrx_word' id='word_1_529' title='bbox 1665 3048 1965 3117; x_wconf 85' lang='lat' dir='ltr'><strong>glorilicate</strong></span> <span class='ocrx_word' id='word_1_530' title='bbox 1984 3049 2051 3104; x_wconf 64' lang='lat'><strong>9°.</strong></span> <span class='ocrx_word' id='word_1_531' title='bbox 2065 3067 2083 3099; x_wconf 73' lang='grc' dir='ltr'><strong>ι</strong></span> 
     </span>
    </p>
   </div>
   <div class='ocr_carea' id='block_1_62' title="bbox 599 3132 2098 3209">
    <p class='ocr_par' dir='ltr' id='par_1_62' title="bbox 599 3135 2098 3208">
     <span class='ocr_line' id='line_1_62' title="bbox 599 3135 2098 3208; baseline -0.001 -16"><span class='ocrx_word' id='word_1_532' title='bbox 599 3139 654 3193; x_wconf 89' lang='lat'><strong>8.</strong></span> <span class='ocrx_word' id='word_1_533' title='bbox 674 3137 975 3192; x_wconf 71' lang='lat' dir='ltr'><strong>Anommus.</strong></span> <span class='ocrx_word' id='word_1_534' title='bbox 994 3136 1053 3190; x_wconf 93' lang='lat' dir='ltr'><strong>Si</strong></span> <span class='ocrx_word' id='word_1_535' title='bbox 1070 3137 1226 3192; x_wconf 87' lang='lat' dir='ltr'><strong>aliter</strong></span> <span class='ocrx_word' id='word_1_536' title='bbox 1246 3146 1395 3193; x_wconf 88' lang='lat' dir='ltr'><strong>creat</strong></span> <span class='ocrx_word' id='word_1_537' title='bbox 1425 3135 1567 3193; x_wconf 92' lang='lat' dir='ltr'><strong>Deus</strong></span> <span class='ocrx_word' id='word_1_538' title='bbox 1584 3177 1601 3201; x_wconf 89' lang='lat'><strong>,</strong></span> <span class='ocrx_word' id='word_1_539' title='bbox 1631 3145 1688 3192; x_wconf 92' lang='lat' dir='ltr'><strong>et</strong></span> <span class='ocrx_word' id='word_1_540' title='bbox 1724 3138 1882 3193; x_wconf 91' lang='lat' dir='ltr'><strong>aliter</strong></span> <span class='ocrx_word' id='word_1_541' title='bbox 1906 3138 2098 3208; x_wconf 79' lang='lat' dir='ltr'><strong>gignit,</strong></span> 
     </span>
    </p>
   </div>
   <div class='ocr_carea' id='block_1_63' title="bbox 2201 3132 3781 3209">
    <p class='ocr_par' dir='ltr' id='par_1_63' title="bbox 2273 3132 3781 3209">
     <span class='ocr_line' id='line_1_63' title="bbox 2273 3132 3781 3209; baseline 0.008 -21"><span class='ocrx_word' id='word_1_542' title='bbox 2273 3132 2325 3188; x_wconf 89' lang='lat'><strong>8.</strong></span> <span class='ocrx_word' id='word_1_543' title='bbox 2380 3136 2700 3205; x_wconf 75' lang='grc' dir='ltr'>Ἀνόμοιος.</span> <span class='ocrx_word' id='word_1_544' title='bbox 2731 3137 2795 3191; x_wconf 83' lang='grc' dir='ltr'><strong>Εἰ</strong></span> <span class='ocrx_word' id='word_1_545' title='bbox 2822 3138 2995 3202; x_wconf 76' lang='grc' dir='ltr'>ἄλλως</span> <span class='ocrx_word' id='word_1_546' title='bbox 3023 3139 3195 3204; x_wconf 83' lang='grc' dir='ltr'>κτίζει</span> <span class='ocrx_word' id='word_1_547' title='bbox 3220 3143 3248 3193; x_wconf 93' lang='lat'><strong>6</strong></span> <span class='ocrx_word' id='word_1_548' title='bbox 3280 3140 3432 3204; x_wconf 74' lang='grc' dir='ltr'>Θεὸς,</span> <span class='ocrx_word' id='word_1_549' title='bbox 3466 3156 3564 3197; x_wconf 87' lang='grc' dir='ltr'><strong>και</strong></span> <span class='ocrx_word' id='word_1_550' title='bbox 3600 3146 3781 3209; x_wconf 58' lang='lat' dir='ltr'><strong>Elui;</strong></span> 
     </span>
    </p>
   </div>
   <div class='ocr_carea' id='block_1_64' title="bbox 526 3226 2097 3302">
    <p class='ocr_par' dir='ltr' id='par_1_64' title="bbox 526 3226 2097 3302">
     <span class='ocr_line' id='line_1_64' title="bbox 526 3226 2097 3302; baseline -0.001 -17"><span class='ocrx_word' id='word_1_551' title='bbox 526 3230 873 3298; x_wconf 75' lang='lat' dir='ltr'><strong>compositus</strong></span> <span class='ocrx_word' id='word_1_552' title='bbox 906 3228 1035 3282; x_wconf 91' lang='lat' dir='ltr'><strong>est?</strong></span> <span class='ocrx_word' id='word_1_553' title='bbox 1064 3226 1226 3283; x_wconf 84' lang='lat' dir='ltr'><strong>Orth.</strong></span> <span class='ocrx_word' id='word_1_554' title='bbox 1268 3228 1626 3297; x_wconf 79' lang='lat' dir='ltr'><strong>Compositus</strong></span> <span class='ocrx_word' id='word_1_555' title='bbox 1651 3244 1767 3284; x_wconf 74' lang='lat' dir='ltr'><strong>non</strong></span> <span class='ocrx_word' id='word_1_556' title='bbox 1795 3238 1879 3285; x_wconf 89' lang='lat' dir='ltr'><strong>est</strong></span> <span class='ocrx_word' id='word_1_557' title='bbox 1912 3231 2097 3302; x_wconf 91' lang='lat' dir='ltr'><strong>(absit</strong></span> 
     </span>
    </p>
   </div>
   <div class='ocr_carea' id='block_1_65' title="bbox 523 3317 2097 3392">
    <p class='ocr_par' dir='ltr' id='par_1_65' title="bbox 523 3317 2097 3392">
     <span class='ocr_line' id='line_1_65' title="bbox 523 3317 2097 3392; baseline 0.001 -18"><span class='ocrx_word' id='word_1_558' title='bbox 523 3320 678 3375; x_wconf 81' lang='lat' dir='ltr'><strong>enim</strong></span> <span class='ocrx_word' id='word_1_559' title='bbox 707 3326 768 3373; x_wconf 86' lang='lat' dir='ltr'><strong>ut</strong></span> <span class='ocrx_word' id='word_1_560' title='bbox 794 3319 900 3372; x_wconf 93' lang='lat' dir='ltr'><strong>hoc</strong></span> <span class='ocrx_word' id='word_1_561' title='bbox 928 3318 1104 3373; x_wconf 90' lang='lat' dir='ltr'><strong>dicam</strong></span> <span class='ocrx_word' id='word_1_562' title='bbox 1132 3317 1173 3389; x_wconf 92' lang='lat'><strong>),</strong></span> <span class='ocrx_word' id='word_1_563' title='bbox 1202 3319 1295 3374; x_wconf 90' lang='lat' dir='ltr'><strong>sed</strong></span> <span class='ocrx_word' id='word_1_564' title='bbox 1321 3318 1608 3388; x_wconf 81' lang='lat' dir='ltr'><strong>hypostasi</strong></span> <span class='ocrx_word' id='word_1_565' title='bbox 1641 3320 1862 3390; x_wconf 87' lang='lat' dir='ltr'><strong>quidem</strong></span> <span class='ocrx_word' id='word_1_566' title='bbox 1893 3323 2097 3392; x_wconf 85' lang='lat' dir='ltr'><strong>gignit,</strong></span> 
     </span>
    </p>
   </div>
   <div class='ocr_carea' id='block_1_66' title="bbox 534 3410 2096 3484">
    <p class='ocr_par' dir='ltr' id='par_1_66' title="bbox 534 3410 2096 3484">
     <span class='ocr_line' id='line_1_66' title="bbox 534 3410 2096 3484; baseline 0.001 -17"><span class='ocrx_word' id='word_1_567' title='bbox 534 3412 795 3467; x_wconf 87' lang='lat' dir='ltr'><strong>mandato</strong></span> <span class='ocrx_word' id='word_1_568' title='bbox 823 3426 951 3468; x_wconf 89' lang='lat' dir='ltr'><strong>vero</strong></span> <span class='ocrx_word' id='word_1_569' title='bbox 979 3419 1152 3467; x_wconf 90' lang='lat' dir='ltr'><strong>creat.</strong></span> <span class='ocrx_word' id='word_1_570' title='bbox 1183 3410 1341 3477; x_wconf 85' lang='lat' dir='ltr'><strong>Quod</strong></span> <span class='ocrx_word' id='word_1_571' title='bbox 1375 3414 1420 3467; x_wconf 91' lang='lat' dir='ltr'><strong>si</strong></span> <span class='ocrx_word' id='word_1_572' title='bbox 1453 3414 1527 3466; x_wconf 90' lang='lat' dir='ltr'><strong>ita</strong></span> <span class='ocrx_word' id='word_1_573' title='bbox 1568 3414 1775 3484; x_wconf 88' lang='lat' dir='ltr'><strong>gignit,</strong></span> <span class='ocrx_word' id='word_1_574' title='bbox 1825 3423 1886 3470; x_wconf 86' lang='lat' dir='ltr'><strong>ut</strong></span> <span class='ocrx_word' id='word_1_575' title='bbox 1914 3424 2096 3483; x_wconf 87' lang='lat' dir='ltr'><strong>creat,</strong></span> 
     </span>
    </p>
   </div>
   <div class='ocr_carea' id='block_1_67' title="bbox 529 3493 2096 3575">
    <p class='ocr_par' dir='ltr' id='par_1_67' title="bbox 529 3493 2096 3575">
     <span class='ocr_line' id='line_1_67' title="bbox 529 3493 2096 3575; baseline 0.004 -19"><span class='ocrx_word' id='word_1_576' title='bbox 529 3502 682 3573; x_wconf 88' lang='lat' dir='ltr'><strong>quod</strong></span> <span class='ocrx_word' id='word_1_577' title='bbox 735 3503 805 3556; x_wconf 93' lang='lat' dir='ltr'><strong>ab</strong></span> <span class='ocrx_word' id='word_1_578' title='bbox 856 3516 924 3556; x_wconf 89' lang='lat' dir='ltr'><strong>eo</strong></span> <span class='ocrx_word' id='word_1_579' title='bbox 973 3493 1220 3557; x_wconf 77' lang='lat' dir='ltr'><strong>creatum</strong></span> <span class='ocrx_word' id='word_1_580' title='bbox 1263 3510 1385 3567; x_wconf 90' lang='lat' dir='ltr'><strong>est,</strong></span> <span class='ocrx_word' id='word_1_581' title='bbox 1433 3504 1502 3559; x_wconf 91' lang='lat' dir='ltr'><strong>ab</strong></span> <span class='ocrx_word' id='word_1_582' title='bbox 1543 3505 1664 3574; x_wconf 91' lang='lat' dir='ltr'><strong>ipso</strong></span> <span class='ocrx_word' id='word_1_583' title='bbox 1713 3512 1797 3560; x_wconf 90' lang='lat' dir='ltr'><strong>est</strong></span> <span class='ocrx_word' id='word_1_584' title='bbox 1836 3507 2096 3575; x_wconf 87' lang='lat' dir='ltr'><strong>genitum.</strong></span> 
     </span>
    </p>
   </div>
   <div class='ocr_carea' id='block_1_68' title="bbox 533 3592 2097 3664">
    <p class='ocr_par' dir='ltr' id='par_1_68' title="bbox 533 3592 2097 3664">
     <span class='ocr_line' id='line_1_68' title="bbox 533 3592 2097 3664; baseline 0.003 -15"><span class='ocrx_word' id='word_1_585' title='bbox 533 3596 722 3649; x_wconf 85' lang='lat' dir='ltr'><strong>Anam.</strong></span> <span class='ocrx_word' id='word_1_586' title='bbox 756 3592 904 3649; x_wconf 89' lang='lat' dir='ltr'><strong>Sane</strong></span> <span class='ocrx_word' id='word_1_587' title='bbox 933 3593 1173 3664; x_wconf 89' lang='lat' dir='ltr'><strong>quidem.</strong></span> <span class='ocrx_word' id='word_1_588' title='bbox 1208 3593 1361 3649; x_wconf 79' lang='lat' dir='ltr'><strong>Orth.</strong></span> <span class='ocrx_word' id='word_1_589' title='bbox 1390 3594 1593 3650; x_wconf 89' lang='lat' dir='ltr'><strong>Canem</strong></span> <span class='ocrx_word' id='word_1_590' title='bbox 1628 3604 1816 3652; x_wconf 88' lang='lat' dir='ltr'><strong>autem</strong></span> <span class='ocrx_word' id='word_1_591' title='bbox 1848 3601 2053 3652; x_wconf 85' lang='lat' dir='ltr'><strong>creavit</strong></span> <span class='ocrx_word' id='word_1_592' title='bbox 2083 3618 2097 3654; x_wconf 89' lang='lat'><strong>:</strong></span> 
     </span>
    </p>
   </div>
   <div class='ocr_carea' id='block_1_69' title="bbox 532 3687 2099 3759">
    <p class='ocr_par' dir='ltr' id='par_1_69' title="bbox 532 3687 2099 3759">
     <span class='ocr_line' id='line_1_69' title="bbox 532 3687 2099 3759; baseline 0.003 -18"><span class='ocrx_word' id='word_1_593' title='bbox 532 3687 677 3742; x_wconf 86' lang='lat' dir='ltr'><strong>aude</strong></span> <span class='ocrx_word' id='word_1_594' title='bbox 725 3687 890 3757; x_wconf 82' lang='lat' dir='ltr'><strong>igitur</strong></span> <span class='ocrx_word' id='word_1_595' title='bbox 938 3687 1163 3750; x_wconf 88' lang='lat' dir='ltr'><strong>dicere,</strong></span> <span class='ocrx_word' id='word_1_596' title='bbox 1219 3702 1409 3741; x_wconf 80' lang='lat' dir='ltr'><strong>canem</strong></span> <span class='ocrx_word' id='word_1_597' title='bbox 1462 3694 1556 3741; x_wconf 88' lang='lat' dir='ltr'><strong>aut</strong></span> <span class='ocrx_word' id='word_1_598' title='bbox 1614 3689 1759 3744; x_wconf 90' lang='lat' dir='ltr'><strong>aliud</strong></span> <span class='ocrx_word' id='word_1_599' title='bbox 1821 3690 2099 3759; x_wconf 86' lang='lat' dir='ltr'><strong>quidpiam</strong></span> 
     </span>
    </p>
   </div>
   <div class='ocr_carea' id='block_1_70' title="bbox 532 3778 2100 3851">
    <p class='ocr_par' dir='ltr' id='par_1_70' title="bbox 532 3778 2100 3851">
     <span class='ocr_line' id='line_1_70' title="bbox 532 3778 2100 3851; baseline 0.002 -18"><span class='ocrx_word' id='word_1_600' title='bbox 532 3786 777 3834; x_wconf 88' lang='lat' dir='ltr'><strong>creatum</strong></span> <span class='ocrx_word' id='word_1_601' title='bbox 800 3817 814 3841; x_wconf 94' lang='lat'><strong>,</strong></span> <span class='ocrx_word' id='word_1_602' title='bbox 842 3792 964 3833; x_wconf 87' lang='lat' dir='ltr'><strong>esse</strong></span> <span class='ocrx_word' id='word_1_603' title='bbox 993 3778 1232 3847; x_wconf 88' lang='lat' dir='ltr'><strong>genitum</strong></span> <span class='ocrx_word' id='word_1_604' title='bbox 1262 3794 1330 3833; x_wconf 80' lang='lat' dir='ltr'><strong>ex</strong></span> <span class='ocrx_word' id='word_1_605' title='bbox 1354 3787 1532 3834; x_wconf 88' lang='lat' dir='ltr'><strong>utero.</strong></span> <span class='ocrx_word' id='word_1_606' title='bbox 1566 3780 1699 3835; x_wconf 87' lang='lat' dir='ltr'><strong>Nam</strong></span> <span class='ocrx_word' id='word_1_607' title='bbox 1729 3781 1852 3836; x_wconf 91' lang='lat' dir='ltr'><strong>dico</strong></span> <span class='ocrx_word' id='word_1_608' title='bbox 1884 3781 2100 3851; x_wconf 89' lang='lat' dir='ltr'><strong>quidem</strong></span> 
     </span>
    </p>
   </div>
   <div class='ocr_carea' id='block_1_71' title="bbox 524 3870 2102 3941">
    <p class='ocr_par' dir='ltr' id='par_1_71' title="bbox 524 3870 2102 3941">
     <span class='ocr_line' id='line_1_71' title="bbox 524 3870 2102 3941; baseline 0.001 -15"><span class='ocrx_word' id='word_1_609' title='bbox 524 3887 667 3940; x_wconf 74' lang='lat' dir='ltr'><strong>ego,</strong></span> <span class='ocrx_word' id='word_1_610' title='bbox 695 3870 840 3941; x_wconf 89' lang='lat' dir='ltr'><strong>quod</strong></span> <span class='ocrx_word' id='word_1_611' title='bbox 870 3870 1010 3926; x_wconf 87' lang='lat' dir='ltr'><strong>Deus</strong></span> <span class='ocrx_word' id='word_1_612' title='bbox 1037 3885 1229 3924; x_wconf 88' lang='lat' dir='ltr'><strong>canem</strong></span> <span class='ocrx_word' id='word_1_613' title='bbox 1270 3881 1323 3926; x_wconf 90' lang='lat' dir='ltr'><strong>et</strong></span> <span class='ocrx_word' id='word_1_614' title='bbox 1362 3872 1524 3927; x_wconf 87' lang='lat' dir='ltr'><strong>bruta</strong></span> <span class='ocrx_word' id='word_1_615' title='bbox 1573 3874 1792 3936; x_wconf 90' lang='lat' dir='ltr'><strong>omnia,</strong></span> <span class='ocrx_word' id='word_1_616' title='bbox 1835 3889 1960 3928; x_wconf 91' lang='lat' dir='ltr'><strong>cum</strong></span> <span class='ocrx_word' id='word_1_617' title='bbox 1998 3889 2102 3928; x_wconf 76' lang='lat' dir='ltr'><strong>cae-</strong></span> 
     </span>
    </p>
   </div>
   <div class='ocr_carea' id='block_1_72' title="bbox 530 3962 2102 4034">
    <p class='ocr_par' dir='ltr' id='par_1_72' title="bbox 530 3962 2102 4034">
     <span class='ocr_line' id='line_1_72' title="bbox 530 3962 2102 4034; baseline 0.001 -18"><span class='ocrx_word' id='word_1_618' title='bbox 530 3962 670 4019; x_wconf 83' lang='lat' dir='ltr'><strong>teris</strong></span> <span class='ocrx_word' id='word_1_619' title='bbox 718 3963 973 4017; x_wconf 88' lang='lat' dir='ltr'><strong>omnibus</strong></span> <span class='ocrx_word' id='word_1_620' title='bbox 1020 3962 1186 4016; x_wconf 89' lang='lat' dir='ltr'><strong>rebus</strong></span> <span class='ocrx_word' id='word_1_621' title='bbox 1232 3963 1535 4018; x_wconf 85' lang='lat' dir='ltr'><strong>creaverit:</strong></span> <span class='ocrx_word' id='word_1_622' title='bbox 1586 3963 1675 4018; x_wconf 88' lang='lat' dir='ltr'><strong>dic</strong></span> <span class='ocrx_word' id='word_1_623' title='bbox 1720 3972 1774 4019; x_wconf 93' lang='lat' dir='ltr'><strong>et</strong></span> <span class='ocrx_word' id='word_1_624' title='bbox 1819 3974 1906 4029; x_wconf 92' lang='lat' dir='ltr'><strong>tu,</strong></span> <span class='ocrx_word' id='word_1_625' title='bbox 1956 3964 2102 4034; x_wconf 90' lang='lat' dir='ltr'><strong>quod</strong></span> 
     </span>
    </p>
   </div>
   <div class='ocr_carea' id='block_1_73' title="bbox 532 4053 2104 4124">
    <p class='ocr_par' dir='ltr' id='par_1_73' title="bbox 532 4053 2104 4124">
     <span class='ocr_line' id='line_1_73' title="bbox 532 4053 2104 4124; baseline 0.002 -16"><span class='ocrx_word' id='word_1_626' title='bbox 532 4054 699 4108; x_wconf 87' lang='lat' dir='ltr'><strong>etiam</strong></span> <span class='ocrx_word' id='word_1_627' title='bbox 743 4069 811 4108; x_wconf 84' lang='lat' dir='ltr'><strong>ex</strong></span> <span class='ocrx_word' id='word_1_628' title='bbox 859 4062 1014 4108; x_wconf 80' lang='lat' dir='ltr'><strong>utero</strong></span> <span class='ocrx_word' id='word_1_629' title='bbox 1056 4067 1119 4107; x_wconf 87' lang='lat' dir='ltr'><strong>ea</strong></span> <span class='ocrx_word' id='word_1_630' title='bbox 1165 4053 1449 4122; x_wconf 90' lang='lat' dir='ltr'><strong>genuerit,</strong></span> <span class='ocrx_word' id='word_1_631' title='bbox 1504 4055 1551 4109; x_wconf 93' lang='lat' dir='ltr'><strong>si</strong></span> <span class='ocrx_word' id='word_1_632' title='bbox 1597 4054 1818 4124; x_wconf 87' lang='lat' dir='ltr'><strong>quidem</strong></span> <span class='ocrx_word' id='word_1_633' title='bbox 1850 4056 2104 4111; x_wconf 88' lang='lat' dir='ltr'><strong>similiter</strong></span> 
     </span>
    </p>
   </div>
   <div class='ocr_carea' id='block_1_74' title="bbox 525 4143 2104 4215">
    <p class='ocr_par' dir='ltr' id='par_1_74' title="bbox 525 4143 2104 4215">
     <span class='ocr_line' id='line_1_74' title="bbox 525 4143 2104 4215; baseline 0.002 -16"><span class='ocrx_word' id='word_1_634' title='bbox 525 4151 686 4199; x_wconf 74' lang='lat' dir='ltr'><strong>creat</strong></span> <span class='ocrx_word' id='word_1_635' title='bbox 715 4153 768 4198; x_wconf 90' lang='lat' dir='ltr'><strong>et</strong></span> <span class='ocrx_word' id='word_1_636' title='bbox 804 4144 993 4214; x_wconf 88' lang='lat' dir='ltr'><strong>gignit.</strong></span> <span class='ocrx_word' id='word_1_637' title='bbox 1041 4143 1234 4198; x_wconf 80' lang='lat' dir='ltr'><strong>Anam.</strong></span> <span class='ocrx_word' id='word_1_638' title='bbox 1277 4145 1453 4199; x_wconf 83' lang='lat' dir='ltr'><strong>Aliter</strong></span> <span class='ocrx_word' id='word_1_639' title='bbox 1482 4146 1647 4215; x_wconf 85' lang='lat' dir='ltr'><strong>igitur</strong></span> <span class='ocrx_word' id='word_1_640' title='bbox 1678 4155 1829 4202; x_wconf 87' lang='lat' dir='ltr'><strong>creat</strong></span> <span class='ocrx_word' id='word_1_641' title='bbox 1860 4154 1917 4202; x_wconf 92' lang='lat' dir='ltr'><strong>et</strong></span> <span class='ocrx_word' id='word_1_642' title='bbox 1944 4148 2104 4204; x_wconf 89' lang='lat' dir='ltr'><strong>aliter</strong></span> 
     </span>
    </p>
   </div>
   <div class='ocr_carea' id='block_1_75' title="bbox 528 4231 2104 4305">
    <p class='ocr_par' dir='ltr' id='par_1_75' title="bbox 528 4231 2104 4305">
     <span class='ocr_line' id='line_1_75' title="bbox 528 4231 2104 4305; baseline 0.004 -20"><span class='ocrx_word' id='word_1_643' title='bbox 528 4232 745 4303; x_wconf 79' lang='lat' dir='ltr'><strong>gignit?</strong></span> <span class='ocrx_word' id='word_1_644' title='bbox 778 4231 927 4286; x_wconf 82' lang='lat' dir='ltr'><strong>Orth.</strong></span> <span class='ocrx_word' id='word_1_645' title='bbox 966 4232 1131 4287; x_wconf 87' lang='lat' dir='ltr'><strong>Sane.</strong></span> <span class='ocrx_word' id='word_1_646' title='bbox 1180 4234 1367 4285; x_wconf 82' lang='lat' dir='ltr'><strong>Anam.</strong></span> <span class='ocrx_word' id='word_1_647' title='bbox 1404 4231 1595 4290; x_wconf 85' lang='lat' dir='ltr'><strong>Nonne</strong></span> <span class='ocrx_word' id='word_1_648' title='bbox 1622 4242 1709 4288; x_wconf 87' lang='lat' dir='ltr'><strong>est</strong></span> <span class='ocrx_word' id='word_1_649' title='bbox 1748 4237 2104 4305; x_wconf 86' lang='lat' dir='ltr'><strong>compositio—</strong></span> 
     </span>
    </p>
   </div>
   <div class='ocr_carea' id='block_1_76' title="bbox 533 4320 2105 4397">
    <p class='ocr_par' dir='ltr' id='par_1_76' title="bbox 533 4320 2105 4397">
     <span class='ocr_line' id='line_1_76' title="bbox 533 4320 2105 4397; baseline 0.003 -19"><span class='ocrx_word' id='word_1_650' title='bbox 533 4327 626 4380; x_wconf 75' lang='lat' dir='ltr'><strong>nis</strong></span> <span class='ocrx_word' id='word_1_651' title='bbox 654 4325 892 4394; x_wconf 87' lang='lat' dir='ltr'><strong>expers?</strong></span> <span class='ocrx_word' id='word_1_652' title='bbox 942 4323 1095 4379; x_wconf 84' lang='lat' dir='ltr'><strong>Orth.</strong></span> <span class='ocrx_word' id='word_1_653' title='bbox 1148 4320 1372 4379; x_wconf 70' lang='lat' dir='ltr'><strong>Hinime</strong></span> <span class='ocrx_word' id='word_1_654' title='bbox 1426 4325 1540 4379; x_wconf 83' lang='lat' dir='ltr'><strong>dixi</strong></span> <span class='ocrx_word' id='word_1_655' title='bbox 1594 4340 1701 4379; x_wconf 90' lang='lat' dir='ltr'><strong>non</strong></span> <span class='ocrx_word' id='word_1_656' title='bbox 1732 4340 1855 4381; x_wconf 89' lang='lat' dir='ltr'><strong>esse</strong></span> <span class='ocrx_word' id='word_1_657' title='bbox 1884 4342 2105 4397; x_wconf 90' lang='lat' dir='ltr'><strong>compo-</strong></span> 
     </span>
    </p>
   </div>
   <div class='ocr_carea' id='block_1_77' title="bbox 530 4415 2098 4488">
    <p class='ocr_par' dir='ltr' id='par_1_77' title="bbox 530 4415 2098 4488">
     <span class='ocr_line' id='line_1_77' title="bbox 530 4415 2098 4488; baseline 0.003 -18"><span class='ocrx_word' id='word_1_658' title='bbox 530 4416 758 4470; x_wconf 82' lang='lat' dir='ltr'><strong>sitionis</strong></span> <span class='ocrx_word' id='word_1_659' title='bbox 788 4425 1067 4484; x_wconf 80' lang='lat' dir='ltr'><strong>expertem</strong></span> <span class='ocrx_word' id='word_1_660' title='bbox 1091 4457 1105 4478; x_wconf 87' lang='lat'><strong>,</strong></span> <span class='ocrx_word' id='word_1_661' title='bbox 1136 4415 1249 4469; x_wconf 89' lang='lat' dir='ltr'><strong>imo</strong></span> <span class='ocrx_word' id='word_1_662' title='bbox 1277 4416 1441 4471; x_wconf 91' lang='lat' dir='ltr'><strong>etiam</strong></span> <span class='ocrx_word' id='word_1_663' title='bbox 1471 4423 1556 4471; x_wconf 89' lang='lat' dir='ltr'><strong>est</strong></span> <span class='ocrx_word' id='word_1_664' title='bbox 1585 4417 1790 4486; x_wconf 88' lang='lat' dir='ltr'><strong>aliquid</strong></span> <span class='ocrx_word' id='word_1_665' title='bbox 1824 4420 2058 4488; x_wconf 88' lang='lat' dir='ltr'><strong>amplius</strong></span> <span class='ocrx_word' id='word_1_666' title='bbox 2083 4459 2098 4484; x_wconf 93' lang='lat'><strong>,</strong></span> 
     </span>
    </p>
   </div>
   <div class='ocr_carea' id='block_1_78' title="bbox 2201 3226 3779 3305">
    <p class='ocr_par' dir='ltr' id='par_1_78' title="bbox 2201 3226 3779 3305">
     <span class='ocr_line' id='line_1_78' title="bbox 2201 3226 3779 3305; baseline 0.01 -28"><span class='ocrx_word' id='word_1_667' title='bbox 2201 3227 2384 3297; x_wconf 80' lang='grc' dir='ltr'>γεννᾷ,</span> <span class='ocrx_word' id='word_1_668' title='bbox 2411 3226 2661 3291; x_wconf 87' lang='grc' dir='ltr'>σύνθετός</span> <span class='ocrx_word' id='word_1_669' title='bbox 2689 3232 2872 3297; x_wconf 86' lang='grc' dir='ltr'>ὲστιν;</span> <span class='ocrx_word' id='word_1_670' title='bbox 2915 3233 3064 3300; x_wconf 84' lang='grc' dir='ltr'>Ὀρθ.</span> <span class='ocrx_word' id='word_1_671' title='bbox 3092 3233 3354 3298; x_wconf 86' lang='grc' dir='ltr'>Σύνθετος</span> <span class='ocrx_word' id='word_1_672' title='bbox 3380 3237 3477 3305; x_wconf 87' lang='grc' dir='ltr'>μὲν</span> <span class='ocrx_word' id='word_1_673' title='bbox 3497 3237 3603 3291; x_wconf 79' lang='grc' dir='ltr'>οὐκ</span> <span class='ocrx_word' id='word_1_674' title='bbox 3624 3240 3745 3293; x_wconf 79' lang='grc' dir='ltr'>ἐστι</span> <span class='ocrx_word' id='word_1_675' title='bbox 3765 3258 3779 3269; x_wconf 91' lang='grc'><strong>·</strong></span> 
     </span>
    </p>
   </div>
   <div class='ocr_carea' id='block_1_79' title="bbox 2201 3317 3778 3401">
    <p class='ocr_par' dir='ltr' id='par_1_79' title="bbox 2201 3317 3778 3401">
     <span class='ocr_line' id='line_1_79' title="bbox 2201 3317 3778 3401; baseline 0.007 -30"><span class='ocrx_word' id='word_1_676' title='bbox 2201 3317 2276 3388; x_wconf 82' lang='grc' dir='ltr'><strong>μὴ</strong></span> <span class='ocrx_word' id='word_1_677' title='bbox 2311 3319 2419 3390; x_wconf 88' lang='grc' dir='ltr'>γὰρ</span> <span class='ocrx_word' id='word_1_678' title='bbox 2440 3319 2648 3387; x_wconf 80' lang='grc' dir='ltr'>γένοιτό</span> <span class='ocrx_word' id='word_1_679' title='bbox 2682 3339 2772 3391; x_wconf 90' lang='grc' dir='ltr'><strong>μοι</strong></span> <span class='ocrx_word' id='word_1_680' title='bbox 2805 3325 3014 3378; x_wconf 77' lang='grc' dir='ltr'>είπεῐνι</span> <span class='ocrx_word' id='word_1_681' title='bbox 3054 3325 3345 3380; x_wconf 71' lang='grc' dir='ltr'>ὑποστάσει</span> <span class='ocrx_word' id='word_1_682' title='bbox 3370 3327 3427 3380; x_wconf 85' lang='grc' dir='ltr'>δὲ</span> <span class='ocrx_word' id='word_1_683' title='bbox 3455 3331 3650 3401; x_wconf 81' lang='grc' dir='ltr'>γεννᾷ,</span> <span class='ocrx_word' id='word_1_684' title='bbox 3687 3332 3778 3385; x_wconf 67' lang='grc' dir='ltr'>καὶ</span> 
     </span>
    </p>
   </div>
   <div class='ocr_carea' id='block_1_80' title="bbox 2199 3408 3778 3491">
    <p class='ocr_par' dir='ltr' id='par_1_80' title="bbox 2199 3408 3778 3491">
     <span class='ocr_line' id='line_1_80' title="bbox 2199 3408 3778 3491; baseline 0.009 -31"><span class='ocrx_word' id='word_1_685' title='bbox 2199 3408 2386 3479; x_wconf 80' lang='grc' dir='ltr'>ἐντολῇ</span> <span class='ocrx_word' id='word_1_686' title='bbox 2431 3410 2621 3476; x_wconf 77' lang='grc' dir='ltr'>κτίζει.</span> <span class='ocrx_word' id='word_1_687' title='bbox 2670 3412 2733 3464; x_wconf 81' lang='grc' dir='ltr'><strong>Εἰ</strong></span> <span class='ocrx_word' id='word_1_688' title='bbox 2778 3412 2836 3465; x_wconf 82' lang='grc' dir='ltr'>δὲ</span> <span class='ocrx_word' id='word_1_689' title='bbox 2886 3412 2962 3477; x_wconf 82' lang='grc' dir='ltr'>ὡς</span> <span class='ocrx_word' id='word_1_690' title='bbox 3007 3415 3202 3480; x_wconf 80' lang='grc' dir='ltr'>κτίζει,</span> <span class='ocrx_word' id='word_1_691' title='bbox 3251 3416 3422 3480; x_wconf 78' lang='grc' dir='ltr'>οὕτως</span> <span class='ocrx_word' id='word_1_692' title='bbox 3453 3419 3550 3471; x_wconf 81' lang='grc' dir='ltr'>καὶ</span> <span class='ocrx_word' id='word_1_693' title='bbox 3585 3425 3778 3491; x_wconf 76' lang='grc' dir='ltr'>γεννᾷ,</span> 
     </span>
    </p>
   </div>
   <div class='ocr_carea' id='block_1_81' title="bbox 2198 3499 3779 3579">
    <p class='ocr_par' dir='ltr' id='par_1_81' title="bbox 2198 3499 3779 3579">
     <span class='ocr_line' id='line_1_81' title="bbox 2198 3499 3779 3579; baseline 0.009 -28"><span class='ocrx_word' id='word_1_694' title='bbox 2198 3499 2260 3552; x_wconf 86' lang='grc' dir='ltr'>τὸ</span> <span class='ocrx_word' id='word_1_695' title='bbox 2292 3500 2497 3571; x_wconf 79' lang='grc' dir='ltr'>κτίσμα</span> <span class='ocrx_word' id='word_1_696' title='bbox 2526 3501 2689 3556; x_wconf 83' lang='grc' dir='ltr'>αὐτοῦ</span> <span class='ocrx_word' id='word_1_697' title='bbox 2724 3504 2965 3575; x_wconf 85' lang='grc' dir='ltr'>γέννημα</span> <span class='ocrx_word' id='word_1_698' title='bbox 3000 3507 3163 3560; x_wconf 70' lang='grc' dir='ltr'>αὐτοῦ</span> <span class='ocrx_word' id='word_1_699' title='bbox 3206 3509 3372 3561; x_wconf 83' lang='grc' dir='ltr'>ἐστιν.</span> <span class='ocrx_word' id='word_1_700' title='bbox 3425 3510 3629 3579; x_wconf 64' lang='grc' dir='ltr'><strong>’Δγ-ὀμ.</strong></span> <span class='ocrx_word' id='word_1_701' title='bbox 3674 3514 3779 3566; x_wconf 69' lang='grc' dir='ltr'><strong>Καὶ</strong></span> 
     </span>
    </p>
   </div>
   <div class='ocr_carea' id='block_1_82' title="bbox 2200 3590 3781 3670">
    <p class='ocr_par' dir='ltr' id='par_1_82' title="bbox 2200 3590 3781 3670">
     <span class='ocr_line' id='line_1_82' title="bbox 2200 3590 3781 3670; baseline 0.006 -26"><span class='ocrx_word' id='word_1_702' title='bbox 2200 3590 2361 3644; x_wconf 83' lang='grc' dir='ltr'>πάνυ.</span> <span class='ocrx_word' id='word_1_703' title='bbox 2404 3592 2554 3660; x_wconf 82' lang='grc' dir='ltr'>Ὀρθ.</span> <span class='ocrx_word' id='word_1_704' title='bbox 2586 3595 2806 3646; x_wconf 81' lang='grc' dir='ltr'>Ἐκτισε</span> <span class='ocrx_word' id='word_1_705' title='bbox 2838 3594 2896 3647; x_wconf 86' lang='grc' dir='ltr'>δὲ</span> <span class='ocrx_word' id='word_1_706' title='bbox 2936 3596 3027 3649; x_wconf 76' lang='grc' dir='ltr'>τὸν</span> <span class='ocrx_word' id='word_1_707' title='bbox 3057 3595 3194 3650; x_wconf 87' lang='grc' dir='ltr'>κύνα</span> <span class='ocrx_word' id='word_1_708' title='bbox 3216 3614 3232 3630; x_wconf 75' lang='grc' dir='ltr'><strong>ο</strong></span> <span class='ocrx_word' id='word_1_709' title='bbox 3280 3598 3552 3670; x_wconf 87' lang='grc' dir='ltr'>τόλμησον</span> <span class='ocrx_word' id='word_1_710' title='bbox 3596 3604 3781 3656; x_wconf 72' lang='grc' dir='ltr'>εἰπεῖν</span> 
     </span>
    </p>
   </div>
   <div class='ocr_carea' id='block_1_83' title="bbox 2198 3682 3781 3756">
    <p class='ocr_par' dir='ltr' id='par_1_83' title="bbox 2198 3682 3781 3756">
     <span class='ocr_line' id='line_1_83' title="bbox 2198 3682 3781 3756; baseline 0.007 -21"><span class='ocrx_word' id='word_1_711' title='bbox 2198 3682 2287 3735; x_wconf 84' lang='grc' dir='ltr'>τὸν</span> <span class='ocrx_word' id='word_1_712' title='bbox 2317 3682 2452 3735; x_wconf 89' lang='grc' dir='ltr'>κύνα</span> <span class='ocrx_word' id='word_1_713' title='bbox 2483 3685 2548 3737; x_wconf 77' lang='grc' dir='ltr'>ἐκ</span> <span class='ocrx_word' id='word_1_714' title='bbox 2581 3684 2813 3755; x_wconf 85' lang='grc' dir='ltr'>γαστρὸς</span> <span class='ocrx_word' id='word_1_715' title='bbox 2839 3686 3219 3756; x_wconf 84' lang='grc' dir='ltr'>γεγεννῆσθαι,</span> <span class='ocrx_word' id='word_1_716' title='bbox 3262 3690 3357 3742; x_wconf 75' lang='grc' dir='ltr'>καὶ</span> <span class='ocrx_word' id='word_1_717' title='bbox 3400 3690 3530 3743; x_wconf 77' lang='grc' dir='ltr'>ἄλλο</span> <span class='ocrx_word' id='word_1_718' title='bbox 3577 3708 3635 3745; x_wconf 91' lang='grc' dir='ltr'><strong>τι</strong></span> <span class='ocrx_word' id='word_1_719' title='bbox 3670 3693 3781 3746; x_wconf 68' lang='grc' dir='ltr'><strong>τῶν</strong></span> 
     </span>
    </p>
   </div>
   <div class='ocr_carea' id='block_1_84' title="bbox 2199 3775 3781 3848">
    <p class='ocr_par' dir='ltr' id='par_1_84' title="bbox 2199 3775 3781 3848">
     <span class='ocr_line' id='line_1_84' title="bbox 2199 3775 3781 3848; baseline 0.008 -21"><span class='ocrx_word' id='word_1_720' title='bbox 2199 3776 2534 3845; x_wconf 85' lang='grc' dir='ltr'>κτισμάτων.</span> <span class='ocrx_word' id='word_1_721' title='bbox 2592 3775 2732 3844; x_wconf 87' lang='grc' dir='ltr'><strong>Ἐγὼ</strong></span> <span class='ocrx_word' id='word_1_722' title='bbox 2773 3778 2880 3848; x_wconf 86' lang='grc' dir='ltr'><strong>γὰρ</strong></span> <span class='ocrx_word' id='word_1_723' title='bbox 2911 3777 3074 3847; x_wconf 87' lang='grc' dir='ltr'>λέγω,</span> <span class='ocrx_word' id='word_1_724' title='bbox 3123 3781 3203 3833; x_wconf 83' lang='grc' dir='ltr'>ὅτι</span> <span class='ocrx_word' id='word_1_725' title='bbox 3235 3782 3329 3835; x_wconf 83' lang='grc' dir='ltr'>καὶ</span> <span class='ocrx_word' id='word_1_726' title='bbox 3374 3781 3463 3834; x_wconf 81' lang='grc' dir='ltr'>τὸν</span> <span class='ocrx_word' id='word_1_727' title='bbox 3492 3784 3639 3838; x_wconf 83' lang='grc' dir='ltr'>κύνα</span> <span class='ocrx_word' id='word_1_728' title='bbox 3687 3786 3781 3839; x_wconf 76' lang='grc' dir='ltr'>καὶ</span> 
     </span>
    </p>
   </div>
   <div class='ocr_carea' id='block_1_85' title="bbox 2200 3867 3778 3945">
    <p class='ocr_par' dir='ltr' id='par_1_85' title="bbox 2200 3867 3778 3945">
     <span class='ocr_line' id='line_1_85' title="bbox 2200 3867 3778 3945; baseline 0.007 -26"><span class='ocrx_word' id='word_1_729' title='bbox 2200 3867 2378 3920; x_wconf 85' lang='grc' dir='ltr'>πάντα</span> <span class='ocrx_word' id='word_1_730' title='bbox 2407 3867 2477 3921; x_wconf 82' lang='grc' dir='ltr'>τὰ</span> <span class='ocrx_word' id='word_1_731' title='bbox 2507 3868 2675 3936; x_wconf 79' lang='grc' dir='ltr'>ἄλογα</span> <span class='ocrx_word' id='word_1_732' title='bbox 2714 3869 2850 3937; x_wconf 80' lang='grc' dir='ltr'>μετὰ</span> <span class='ocrx_word' id='word_1_733' title='bbox 2879 3871 2973 3923; x_wconf 81' lang='grc' dir='ltr'>καὶ</span> <span class='ocrx_word' id='word_1_734' title='bbox 3000 3871 3181 3943; x_wconf 82' lang='grc' dir='ltr'>πάσης</span> <span class='ocrx_word' id='word_1_735' title='bbox 3206 3874 3303 3944; x_wconf 83' lang='grc' dir='ltr'>τῆς</span> <span class='ocrx_word' id='word_1_736' title='bbox 3331 3874 3496 3945; x_wconf 73' lang='grc' dir='ltr'>ἄλλης</span> <span class='ocrx_word' id='word_1_737' title='bbox 3542 3877 3778 3942; x_wconf 83' lang='grc' dir='ltr'>κτίσεως</span> 
     </span>
    </p>
   </div>
   <div class='ocr_carea' id='block_1_86' title="bbox 2201 3960 3779 4040">
    <p class='ocr_par' dir='ltr' id='par_1_86' title="bbox 2201 3960 3779 4040">
     <span class='ocr_line' id='line_1_86' title="bbox 2201 3960 3779 4040; baseline 0.006 -27"><span class='ocrx_word' id='word_1_738' title='bbox 2201 3960 2413 4015; x_wconf 79' lang='grc' dir='ltr'>ἔκτισεν</span> <span class='ocrx_word' id='word_1_739' title='bbox 2437 3962 2465 4013; x_wconf 91' lang='grc' dir='ltr'><strong>ό</strong></span> <span class='ocrx_word' id='word_1_740' title='bbox 2495 3960 2624 4022; x_wconf 88' lang='grc' dir='ltr'>Θεός</span> <span class='ocrx_word' id='word_1_741' title='bbox 2643 3977 2656 3990; x_wconf 77' lang='grc' dir='ltr'><strong>ο</strong></span> <span class='ocrx_word' id='word_1_742' title='bbox 2688 3960 2821 4013; x_wconf 81' lang='grc' dir='ltr'>Εἰπὲ</span> <span class='ocrx_word' id='word_1_743' title='bbox 2850 3962 2943 4014; x_wconf 57' lang='grc' dir='ltr'><strong>καί⁸</strong></span> <span class='ocrx_word' id='word_1_744' title='bbox 2973 3962 3152 4028; x_wconf 82' lang='grc' dir='ltr'>αὐτὸς,</span> <span class='ocrx_word' id='word_1_745' title='bbox 3176 3966 3259 4018; x_wconf 83' lang='grc' dir='ltr'>ὃτι</span> <span class='ocrx_word' id='word_1_746' title='bbox 3299 3967 3393 4018; x_wconf 75' lang='grc' dir='ltr'>καὶ</span> <span class='ocrx_word' id='word_1_747' title='bbox 3436 3967 3503 4020; x_wconf 84' lang='grc' dir='ltr'>ὲκ</span> <span class='ocrx_word' id='word_1_748' title='bbox 3536 3970 3779 4040; x_wconf 68' lang='grc' dir='ltr'>γαστρὸς</span> 
     </span>
    </p>
   </div>
   <div class='ocr_carea' id='block_1_87' title="bbox 2202 4050 3777 4131">
    <p class='ocr_par' dir='ltr' id='par_1_87' title="bbox 2202 4050 3777 4131">
     <span class='ocr_line' id='line_1_87' title="bbox 2202 4050 3777 4131; baseline 0.006 -26"><span class='ocrx_word' id='word_1_749' title='bbox 2202 4052 2338 4106; x_wconf 81' lang='grc' dir='ltr'>αὐτὰ</span> <span class='ocrx_word' id='word_1_750' title='bbox 2379 4050 2688 4121; x_wconf 77' lang='grc' dir='ltr'>ἐγέννησεν,</span> <span class='ocrx_word' id='word_1_751' title='bbox 2724 4052 2879 4123; x_wconf 82' lang='grc' dir='ltr'>εἴπερ</span> <span class='ocrx_word' id='word_1_752' title='bbox 2922 4052 3182 4118; x_wconf 84' lang='grc' dir='ltr'>ὡσαύτως</span> <span class='ocrx_word' id='word_1_753' title='bbox 3226 4056 3397 4121; x_wconf 78' lang='grc' dir='ltr'>κτίζει</span> <span class='ocrx_word' id='word_1_754' title='bbox 3448 4058 3546 4111; x_wconf 76' lang='grc' dir='ltr'>καὶ</span> <span class='ocrx_word' id='word_1_755' title='bbox 3585 4062 3777 4131; x_wconf 71' lang='grc' dir='ltr'>γεννᾷ.</span> 
     </span>
    </p>
   </div>
   <div class='ocr_carea' id='block_1_88' title="bbox 2213 4138 3777 4221">
    <p class='ocr_par' dir='ltr' id='par_1_88' title="bbox 2213 4138 3777 4221">
     <span class='ocr_line' id='line_1_88' title="bbox 2213 4138 3777 4221; baseline 0.017 -35"><span class='ocrx_word' id='word_1_756' title='bbox 2213 4142 2410 4211; x_wconf 80' lang='grc' dir='ltr'>Ἀνόμ.</span> <span class='ocrx_word' id='word_1_757' title='bbox 2449 4142 2657 4205; x_wconf 78' lang='grc' dir='ltr'>’Ἄλλως</span> <span class='ocrx_word' id='word_1_758' title='bbox 2690 4138 2781 4196; x_wconf 82' lang='grc' dir='ltr'><strong>οῦν</strong></span> <span class='ocrx_word' id='word_1_759' title='bbox 2814 4143 3006 4209; x_wconf 77' lang='grc' dir='ltr'>κτίζει,</span> <span class='ocrx_word' id='word_1_760' title='bbox 3042 4146 3135 4199; x_wconf 75' lang='grc' dir='ltr'><strong>καὶ</strong></span> <span class='ocrx_word' id='word_1_761' title='bbox 3163 4146 3336 4211; x_wconf 76' lang='grc' dir='ltr'>ἄλλως</span> <span class='ocrx_word' id='word_1_762' title='bbox 3365 4151 3567 4221; x_wconf 68' lang='grc' dir='ltr'>γεννᾷς</span> <span class='ocrx_word' id='word_1_763' title='bbox 3618 4153 3777 4221; x_wconf 80' lang='grc' dir='ltr'>ὀρθ-</span> 
     </span>
    </p>
   </div>
   <div class='ocr_carea' id='block_1_89' title="bbox 2201 4231 3779 4307">
    <p class='ocr_par' dir='ltr' id='par_1_89' title="bbox 2201 4231 3779 4307">
     <span class='ocr_line' id='line_1_89' title="bbox 2201 4231 3779 4307; baseline 0.007 -20"><span class='ocrx_word' id='word_1_764' title='bbox 2201 4233 2312 4287; x_wconf 77' lang='grc' dir='ltr'><strong>Καὶ</strong></span> <span class='ocrx_word' id='word_1_765' title='bbox 2342 4232 2504 4286; x_wconf 85' lang='grc' dir='ltr'>πάνυ.</span> <span class='ocrx_word' id='word_1_766' title='bbox 2541 4231 2740 4302; x_wconf 78' lang='grc' dir='ltr'>Ἀνόμ.</span> <span class='ocrx_word' id='word_1_767' title='bbox 2777 4234 2890 4286; x_wconf 82' lang='grc' dir='ltr'><strong>Οὐκ</strong></span> <span class='ocrx_word' id='word_1_768' title='bbox 2913 4233 3060 4287; x_wconf 76' lang='grc' dir='ltr'>ἐστιν</span> <span class='ocrx_word' id='word_1_769' title='bbox 3084 4235 3408 4303; x_wconf 83' lang='grc' dir='ltr'>ἀσύνθετος;</span> <span class='ocrx_word' id='word_1_770' title='bbox 3456 4238 3618 4307; x_wconf 76' lang='grc' dir='ltr'>ὀρθ.</span> <span class='ocrx_word' id='word_1_771' title='bbox 3663 4244 3779 4298; x_wconf 72' lang='grc' dir='ltr'>Οὐκ</span> 
     </span>
    </p>
   </div>
   <div class='ocr_carea' id='block_1_90' title="bbox 2203 4328 3782 4406">
    <p class='ocr_par' dir='ltr' id='par_1_90' title="bbox 2203 4328 3782 4406">
     <span class='ocr_line' id='line_1_90' title="bbox 2203 4328 3782 4406; baseline 0.003 -22"><span class='ocrx_word' id='word_1_772' title='bbox 2203 4328 2374 4395; x_wconf 62' lang='grc' dir='ltr'>εἷπον,</span> <span class='ocrx_word' id='word_1_773' title='bbox 2416 4333 2515 4385; x_wconf 86' lang='grc' dir='ltr'><strong>ούκ</strong></span> <span class='ocrx_word' id='word_1_774' title='bbox 2561 4331 2708 4385; x_wconf 76' lang='grc' dir='ltr'>ἔστιν</span> <span class='ocrx_word' id='word_1_775' title='bbox 2746 4331 3038 4395; x_wconf 83' lang='grc' dir='ltr'>ἀσύνθετος</span> <span class='ocrx_word' id='word_1_776' title='bbox 3072 4332 3204 4402; x_wconf 82' lang='grc'>(57),</span> <span class='ocrx_word' id='word_1_777' title='bbox 3235 4332 3368 4387; x_wconf 83' lang='grc' dir='ltr'><strong>ἀλλά</strong></span> <span class='ocrx_word' id='word_1_778' title='bbox 3400 4333 3493 4386; x_wconf 64' lang='grc' dir='ltr'><strong>καὶ¹</strong></span> <span class='ocrx_word' id='word_1_779' title='bbox 3534 4334 3680 4406; x_wconf 45' lang='lat' dir='ltr'><strong>adp</strong></span> <span class='ocrx_word' id='word_1_780' title='bbox 3718 4336 3782 4388; x_wconf 72' lang='grc' dir='ltr'><strong>τὸ</strong></span> 
     </span>
    </p>
   </div>
   <div class='ocr_carea' id='block_1_91' title="bbox 2202 4411 3776 4493">
    <p class='ocr_par' dir='ltr' id='par_1_91' title="bbox 2202 4411 3776 4493">
     <span class='ocr_line' id='line_1_91' title="bbox 2202 4411 3776 4493; baseline 0.001 -16"><span class='ocrx_word' id='word_1_781' title='bbox 2202 4421 2492 4477; x_wconf 73' lang='grc' dir='ltr'>ἀσυνοετόν</span> <span class='ocrx_word' id='word_1_782' title='bbox 2523 4426 2667 4476; x_wconf 77' lang='grc' dir='ltr'>ἐστιν</span> <span class='ocrx_word' id='word_1_783' title='bbox 2690 4411 2711 4451; x_wconf 63' lang='grc'><em>·’</em></span> <span class='ocrx_word' id='word_1_784' title='bbox 2735 4422 2910 4486; x_wconf 76' lang='grc' dir='ltr'>ἄλλως</span> <span class='ocrx_word' id='word_1_785' title='bbox 2937 4422 2994 4475; x_wconf 84' lang='grc' dir='ltr'>δὲ</span> <span class='ocrx_word' id='word_1_786' title='bbox 3026 4423 3193 4493; x_wconf 80' lang='grc' dir='ltr'>γεννᾷ</span> <span class='ocrx_word' id='word_1_787' title='bbox 3222 4424 3318 4476; x_wconf 69' lang='grc' dir='ltr'>καὶ</span> <span class='ocrx_word' id='word_1_788' title='bbox 3367 4422 3544 4488; x_wconf 76' lang='grc' dir='ltr'>ἄλλως</span> <span class='ocrx_word' id='word_1_789' title='bbox 3576 4424 3776 4489; x_wconf 76' lang='grc' dir='ltr'>κτίζει.</span> 
     </span>
    </p>
   </div>
   <div class='ocr_carea' id='block_1_92' title="bbox 532 4487 2098 4587">
    <p class='ocr_par' dir='ltr' id='par_1_92' title="bbox 532 4487 2098 4576">
     <span class='ocr_line' id='line_1_92' title="bbox 532 4487 2098 4576; baseline 0.005 -21"><span class='ocrx_word' id='word_1_790' title='bbox 532 4518 702 4573; x_wconf 87' lang='lat' dir='ltr'><strong>quam</strong></span> <span class='ocrx_word' id='word_1_791' title='bbox 752 4504 1174 4572; x_wconf 81' lang='lat' dir='ltr'><strong>compositionis</strong></span> <span class='ocrx_word' id='word_1_792' title='bbox 1218 4518 1456 4573; x_wconf 83' lang='lat' dir='ltr'><strong>expers,</strong></span> <span class='ocrx_word' id='word_1_793' title='bbox 1500 4503 1599 4559; x_wconf 87' lang='lat' dir='ltr'><strong>sed</strong></span> <span class='ocrx_word' id='word_1_794' title='bbox 1639 4506 1799 4560; x_wconf 88' lang='lat' dir='ltr'><strong>aliter</strong></span> <span class='ocrx_word' id='word_1_795' title='bbox 1838 4487 2013 4576; x_wconf 86' lang='lat' dir='ltr'><strong>gignit</strong></span> <span class='ocrx_word' id='word_1_796' title='bbox 2053 4519 2098 4563; x_wconf 89' lang='lat' dir='ltr'><strong>et</strong></span> 
     </span>
    </p>
   </div>
   <div class='ocr_carea' id='block_1_93' title="bbox 2201 4487 3781 4587">
    <p class='ocr_par' dir='ltr' id='par_1_93' title="bbox 2218 4487 3781 4587">
     <span class='ocr_line' id='line_1_93' title="bbox 2218 4487 3781 4587; baseline 0.002 -19"><span class='ocrx_word' id='word_1_797' title='bbox 2218 4515 2411 4584; x_wconf 79' lang='grc' dir='ltr'>Ἀνόμ.</span> <span class='ocrx_word' id='word_1_798' title='bbox 2463 4514 2587 4578; x_wconf 87' lang='grc' dir='ltr'><strong>Πῶς</strong></span> <span class='ocrx_word' id='word_1_799' title='bbox 2614 4509 2724 4569; x_wconf 78' lang='grc' dir='ltr'>οἷόν</span> <span class='ocrx_word' id='word_1_800' title='bbox 2768 4531 2862 4580; x_wconf 87' lang='grc' dir='ltr'>τε;</span> <span class='ocrx_word' id='word_1_801' title='bbox 2916 4487 3067 4582; x_wconf 64' lang='grc' dir='ltr'><strong>Ὀρά.</strong></span> <span class='ocrx_word' id='word_1_802' title='bbox 3233 4514 3356 4579; x_wconf 90' lang='grc' dir='ltr'>νοῦς</span> <span class='ocrx_word' id='word_1_803' title='bbox 3380 4517 3407 4568; x_wconf 87' lang='lat'><strong>6</strong></span> <span class='ocrx_word' id='word_1_804' title='bbox 3456 4487 3530 4568; x_wconf 84' lang='grc' dir='ltr'>ὲν</span> <span class='ocrx_word' id='word_1_805' title='bbox 3559 4487 3722 4587; x_wconf 75' lang='grc' dir='ltr'>ἡμῖν,</span> <span class='ocrx_word' id='word_1_806' title='bbox 3752 4522 3781 4571; x_wconf 87' lang='lat'><strong>6</strong></span> 
     </span>
    </p>
   </div>
   <div class='ocr_carea' id='block_1_94' title="bbox 536 4592 2103 4663">
    <p class='ocr_par' dir='ltr' id='par_1_94' title="bbox 536 4592 2103 4663">
     <span class='ocr_line' id='line_1_94' title="bbox 536 4592 2103 4663; baseline 0.003 -16"><span class='ocrx_word' id='word_1_807' title='bbox 536 4594 697 4647; x_wconf 82' lang='lat' dir='ltr'><strong>aliter</strong></span> <span class='ocrx_word' id='word_1_808' title='bbox 724 4599 892 4646; x_wconf 84' lang='lat' dir='ltr'><strong>creat.</strong></span> <span class='ocrx_word' id='word_1_809' title='bbox 924 4593 1110 4645; x_wconf 77' lang='lat' dir='ltr'><strong>Anam.</strong></span> <span class='ocrx_word' id='word_1_810' title='bbox 1142 4592 1430 4658; x_wconf 87' lang='lat' dir='ltr'><strong>Quomodo</strong></span> <span class='ocrx_word' id='word_1_811' title='bbox 1463 4594 1516 4648; x_wconf 92' lang='lat' dir='ltr'><strong>id</strong></span> <span class='ocrx_word' id='word_1_812' title='bbox 1549 4593 1662 4649; x_wconf 75' lang='lat' dir='ltr'><strong>fieri</strong></span> <span class='ocrx_word' id='word_1_813' title='bbox 1698 4596 1920 4663; x_wconf 90' lang='lat' dir='ltr'><strong>potest?</strong></span> <span class='ocrx_word' id='word_1_814' title='bbox 1946 4595 2103 4651; x_wconf 77' lang='lat' dir='ltr'><strong>Ortlz.</strong></span> 
     </span>
    </p>
   </div>
   <div class='ocr_carea' id='block_1_95' title="bbox 540 4681 2106 4755">
    <p class='ocr_par' dir='ltr' id='par_1_95' title="bbox 540 4681 2106 4755">
     <span class='ocr_line' id='line_1_95' title="bbox 540 4681 2106 4755; baseline 0.003 -18"><span class='ocrx_word' id='word_1_815' title='bbox 540 4682 695 4737; x_wconf 79' lang='lat' dir='ltr'><strong>Mens</strong></span> <span class='ocrx_word' id='word_1_816' title='bbox 724 4681 883 4736; x_wconf 90' lang='lat' dir='ltr'><strong>nobis</strong></span> <span class='ocrx_word' id='word_1_817' title='bbox 908 4682 1105 4748; x_wconf 89' lang='lat' dir='ltr'><strong>insita,</strong></span> <span class='ocrx_word' id='word_1_818' title='bbox 1137 4698 1257 4753; x_wconf 64' lang='lat' dir='ltr'><strong>quae</strong></span> <span class='ocrx_word' id='word_1_819' title='bbox 1281 4684 1347 4738; x_wconf 87' lang='lat' dir='ltr'><strong>ad</strong></span> <span class='ocrx_word' id='word_1_820' title='bbox 1376 4685 1661 4755; x_wconf 88' lang='lat' dir='ltr'><strong>imaginem</strong></span> <span class='ocrx_word' id='word_1_821' title='bbox 1694 4684 1787 4738; x_wconf 83' lang='lat' dir='ltr'><strong>Dei</strong></span> <span class='ocrx_word' id='word_1_822' title='bbox 1817 4684 1959 4740; x_wconf 79' lang='lat' dir='ltr'><strong>facta</strong></span> <span class='ocrx_word' id='word_1_823' title='bbox 1990 4697 2106 4752; x_wconf 89' lang='lat' dir='ltr'><strong>est,</strong></span> 
     </span>
    </p>
   </div>
   <div class='ocr_carea' id='block_1_96' title="bbox 535 4773 2113 4844">
    <p class='ocr_par' dir='ltr' id='par_1_96' title="bbox 535 4773 2113 4844">
     <span class='ocr_line' id='line_1_96' title="bbox 535 4773 2113 4844; baseline 0.002 -14"><span class='ocrx_word' id='word_1_824' title='bbox 535 4789 722 4830; x_wconf 78' lang='lat' dir='ltr'><strong>nonne</strong></span> <span class='ocrx_word' id='word_1_825' title='bbox 763 4779 848 4828; x_wconf 89' lang='lat' dir='ltr'><strong>est</strong></span> <span class='ocrx_word' id='word_1_826' title='bbox 887 4773 1302 4842; x_wconf 89' lang='lat' dir='ltr'><strong>compositionis</strong></span> <span class='ocrx_word' id='word_1_827' title='bbox 1345 4776 1586 4844; x_wconf 80' lang='lat' dir='ltr'><strong>expers?</strong></span> <span class='ocrx_word' id='word_1_828' title='bbox 1631 4784 1686 4831; x_wconf 92' lang='lat' dir='ltr'><strong>et</strong></span> <span class='ocrx_word' id='word_1_829' title='bbox 1727 4786 1908 4831; x_wconf 91' lang='lat' dir='ltr'><strong>tamen</strong></span> <span class='ocrx_word' id='word_1_830' title='bbox 1952 4780 2113 4835; x_wconf 87' lang='lat' dir='ltr'><strong>aliter</strong></span> 
     </span>
    </p>
   </div>
   <div class='ocr_carea' id='block_1_97' title="bbox 533 4864 2108 4939">
    <p class='ocr_par' dir='ltr' id='par_1_97' title="bbox 533 4864 2108 4939">
     <span class='ocr_line' id='line_1_97' title="bbox 533 4864 2108 4939; baseline 0.003 -19"><span class='ocrx_word' id='word_1_831' title='bbox 533 4865 714 4937; x_wconf 82' lang='lat' dir='ltr'><strong>gignit</strong></span> <span class='ocrx_word' id='word_1_832' title='bbox 757 4879 1097 4922; x_wconf 89' lang='lat' dir='ltr'><strong>sermonem.</strong></span> <span class='ocrx_word' id='word_1_833' title='bbox 1132 4864 1290 4919; x_wconf 89' lang='lat' dir='ltr'><strong>aliter</strong></span> <span class='ocrx_word' id='word_1_834' title='bbox 1332 4874 1513 4921; x_wconf 88' lang='lat' dir='ltr'><strong>autem</strong></span> <span class='ocrx_word' id='word_1_835' title='bbox 1559 4867 1781 4933; x_wconf 90' lang='lat' dir='ltr'><strong>condit,</strong></span> <span class='ocrx_word' id='word_1_836' title='bbox 1813 4885 1933 4939; x_wconf 68' lang='lat' dir='ltr'><strong>quae</strong></span> <span class='ocrx_word' id='word_1_837' title='bbox 1972 4886 2108 4925; x_wconf 92' lang='lat' dir='ltr'><strong>con-</strong></span> 
     </span>
    </p>
   </div>
   <div class='ocr_carea' id='block_1_98' title="bbox 538 4952 2106 5025">
    <p class='ocr_par' dir='ltr' id='par_1_98' title="bbox 538 4952 2106 5025">
     <span class='ocr_line' id='line_1_98' title="bbox 538 4952 2106 5025; baseline 0.003 -14"><span class='ocrx_word' id='word_1_838' title='bbox 538 4958 638 5011; x_wconf 91' lang='lat' dir='ltr'><strong>dit.</strong></span> <span class='ocrx_word' id='word_1_839' title='bbox 670 4956 853 5008; x_wconf 85' lang='lat' dir='ltr'><strong>Anam.</strong></span> <span class='ocrx_word' id='word_1_840' title='bbox 898 4952 1002 5020; x_wconf 89' lang='lat' dir='ltr'><strong>Qui</strong></span> <span class='ocrx_word' id='word_1_841' title='bbox 1035 4954 1194 5009; x_wconf 91' lang='lat' dir='ltr'><strong>aliter</strong></span> <span class='ocrx_word' id='word_1_842' title='bbox 1223 4955 1398 5025; x_wconf 87' lang='lat' dir='ltr'><strong>gignit</strong></span> <span class='ocrx_word' id='word_1_843' title='bbox 1428 4964 1482 5012; x_wconf 85' lang='lat' dir='ltr'><strong>et</strong></span> <span class='ocrx_word' id='word_1_844' title='bbox 1514 4957 1673 5011; x_wconf 79' lang='lat' dir='ltr'><strong>aliter</strong></span> <span class='ocrx_word' id='word_1_845' title='bbox 1700 4960 1930 5013; x_wconf 88' lang='lat' dir='ltr'><strong>condit?</strong></span> <span class='ocrx_word' id='word_1_846' title='bbox 1959 4970 2106 5016; x_wconf 90' lang='lat' dir='ltr'><strong>certe</strong></span> 
     </span>
    </p>
   </div>
   <div class='ocr_carea' id='block_1_99' title="bbox 530 5046 2102 5120">
    <p class='ocr_par' dir='ltr' id='par_1_99' title="bbox 530 5046 2102 5120">
     <span class='ocr_line' id='line_1_99' title="bbox 530 5046 2102 5120; baseline 0.003 -19"><span class='ocrx_word' id='word_1_847' title='bbox 530 5048 738 5120; x_wconf 88' lang='lat' dir='ltr'><strong>quibus</strong></span> <span class='ocrx_word' id='word_1_848' title='bbox 762 5046 949 5101; x_wconf 90' lang='lat' dir='ltr'><strong>condit</strong></span> <span class='ocrx_word' id='word_1_849' title='bbox 990 5060 1183 5109; x_wconf 90' lang='lat' dir='ltr'><strong>mens,</strong></span> <span class='ocrx_word' id='word_1_850' title='bbox 1222 5048 1386 5101; x_wconf 91' lang='lat' dir='ltr'><strong>etiam</strong></span> <span class='ocrx_word' id='word_1_851' title='bbox 1434 5048 1626 5118; x_wconf 81' lang='lat' dir='ltr'><strong>gignit.</strong></span> <span class='ocrx_word' id='word_1_852' title='bbox 1676 5048 1831 5106; x_wconf 79' lang='lat' dir='ltr'><strong>Orth.</strong></span> <span class='ocrx_word' id='word_1_853' title='bbox 1877 5049 2102 5106; x_wconf 89' lang='lat' dir='ltr'><strong>Falsum</strong></span> 
     </span>
    </p>
   </div>
   <div class='ocr_carea' id='block_1_100' title="bbox 537 5138 2104 5209">
    <p class='ocr_par' dir='ltr' id='par_1_100' title="bbox 537 5138 2104 5209">
     <span class='ocr_line' id='line_1_100' title="bbox 537 5138 2104 5209; baseline 0.003 -15"><span class='ocrx_word' id='word_1_854' title='bbox 537 5154 771 5194; x_wconf 84' lang='lat' dir='ltr'><strong>narras:</strong></span> <span class='ocrx_word' id='word_1_855' title='bbox 801 5138 973 5209; x_wconf 86' lang='lat' dir='ltr'><strong>gignit</strong></span> <span class='ocrx_word' id='word_1_856' title='bbox 1011 5139 1157 5193; x_wconf 89' lang='lat' dir='ltr'><strong>enim</strong></span> <span class='ocrx_word' id='word_1_857' title='bbox 1187 5153 1253 5193; x_wconf 85' lang='lat' dir='ltr'><strong>ex</strong></span> <span class='ocrx_word' id='word_1_858' title='bbox 1287 5155 1346 5194; x_wconf 90' lang='lat' dir='ltr'><strong>se</strong></span> <span class='ocrx_word' id='word_1_859' title='bbox 1386 5155 1724 5206; x_wconf 86' lang='lat' dir='ltr'><strong>sermonem,</strong></span> <span class='ocrx_word' id='word_1_860' title='bbox 1773 5138 1965 5199; x_wconf 78' lang='lat' dir='ltr'><strong>condit</strong></span> <span class='ocrx_word' id='word_1_861' title='bbox 2001 5159 2104 5198; x_wconf 87' lang='lat' dir='ltr'><strong>au-</strong></span> 
     </span>
    </p>
   </div>
   <div class='ocr_carea' id='block_1_101' title="bbox 534 5228 2104 5307">
    <p class='ocr_par' dir='ltr' id='par_1_101' title="bbox 534 5228 2104 5307">
     <span class='ocr_line' id='line_1_101' title="bbox 534 5228 2104 5307; baseline 0.005 -23"><span class='ocrx_word' id='word_1_862' title='bbox 534 5233 646 5285; x_wconf 79' lang='lat' dir='ltr'><strong>tem</strong></span> <span class='ocrx_word' id='word_1_863' title='bbox 694 5245 761 5284; x_wconf 88' lang='lat' dir='ltr'><strong>ex</strong></span> <span class='ocrx_word' id='word_1_864' title='bbox 811 5230 1037 5284; x_wconf 85' lang='lat' dir='ltr'><strong>materia</strong></span> <span class='ocrx_word' id='word_1_865' title='bbox 1081 5228 1337 5294; x_wconf 88' lang='lat' dir='ltr'><strong>domum,</strong></span> <span class='ocrx_word' id='word_1_866' title='bbox 1390 5233 1610 5295; x_wconf 87' lang='lat' dir='ltr'><strong>navim,</strong></span> <span class='ocrx_word' id='word_1_867' title='bbox 1666 5240 1719 5287; x_wconf 90' lang='lat' dir='ltr'><strong>et</strong></span> <span class='ocrx_word' id='word_1_868' title='bbox 1764 5251 2104 5307; x_wconf 69' lang='lat' dir='ltr'><strong>quaecunque</strong></span> 
     </span>
    </p>
   </div>
   <div class='ocr_carea' id='block_1_102' title="bbox 2207 4606 3777 4676">
    <p class='ocr_par' dir='ltr' id='par_1_102' title="bbox 2207 4606 3777 4676">
     <span class='ocr_line' id='line_1_102' title="bbox 2207 4606 3777 4676; baseline 0.003 -17"><span class='ocrx_word' id='word_1_869' title='bbox 2207 4607 2326 4659; x_wconf 81' lang='grc' dir='ltr'>κατ’</span> <span class='ocrx_word' id='word_1_870' title='bbox 2357 4606 2539 4660; x_wconf 87' lang='grc' dir='ltr'>είκόνα</span> <span class='ocrx_word' id='word_1_871' title='bbox 2566 4606 2660 4660; x_wconf 89' lang='grc' dir='ltr'><strong>τοῦ</strong></span> <span class='ocrx_word' id='word_1_872' title='bbox 2689 4607 2824 4660; x_wconf 87' lang='grc' dir='ltr'>Θεοῦ</span> <span class='ocrx_word' id='word_1_873' title='bbox 2855 4606 3113 4676; x_wconf 85' lang='grc' dir='ltr'>γεγονὼς,</span> <span class='ocrx_word' id='word_1_874' title='bbox 3141 4609 3240 4661; x_wconf 84' lang='grc' dir='ltr'>οὐκ</span> <span class='ocrx_word' id='word_1_875' title='bbox 3273 4607 3418 4660; x_wconf 78' lang='grc' dir='ltr'>ἐστιν</span> <span class='ocrx_word' id='word_1_876' title='bbox 3446 4609 3777 4675; x_wconf 75' lang='grc' dir='ltr'>ἀσύνθετοςς</span> 
     </span>
    </p>
   </div>
   <div class='ocr_carea' id='block_1_103' title="bbox 2208 4697 3776 4769">
    <p class='ocr_par' dir='ltr' id='par_1_103' title="bbox 2208 4697 3776 4769">
     <span class='ocr_line' id='line_1_103' title="bbox 2208 4697 3776 4769; baseline 0.004 -19"><span class='ocrx_word' id='word_1_877' title='bbox 2208 4699 2302 4750; x_wconf 75' lang='grc' dir='ltr'>καὶ</span> <span class='ocrx_word' id='word_1_878' title='bbox 2330 4697 2501 4760; x_wconf 79' lang='grc' dir='ltr'>ἄλλως</span> <span class='ocrx_word' id='word_1_879' title='bbox 2526 4700 2688 4769; x_wconf 82' lang='grc' dir='ltr'>γεννᾷ</span> <span class='ocrx_word' id='word_1_880' title='bbox 2716 4698 2893 4767; x_wconf 88' lang='grc' dir='ltr'>λόγον,</span> <span class='ocrx_word' id='word_1_881' title='bbox 2935 4701 3028 4754; x_wconf 76' lang='grc' dir='ltr'><strong>καὶ</strong></span> <span class='ocrx_word' id='word_1_882' title='bbox 3056 4699 3230 4762; x_wconf 80' lang='grc' dir='ltr'>ἄλλως</span> <span class='ocrx_word' id='word_1_883' title='bbox 3258 4698 3453 4763; x_wconf 78' lang='grc' dir='ltr'>κτίζει,</span> <span class='ocrx_word' id='word_1_884' title='bbox 3498 4701 3537 4754; x_wconf 71' lang='grc' dir='ltr'>ἃ</span> <span class='ocrx_word' id='word_1_885' title='bbox 3576 4704 3776 4767; x_wconf 74' lang='grc' dir='ltr'>κτίζει.</span> 
     </span>
    </p>
   </div>
   <div class='ocr_carea' id='block_1_104' title="bbox 2220 4790 3777 4865">
    <p class='ocr_par' dir='ltr' id='par_1_104' title="bbox 2220 4790 3777 4865">
     <span class='ocr_line' id='line_1_104' title="bbox 2220 4790 3777 4865; baseline 0.004 -22"><span class='ocrx_word' id='word_1_886' title='bbox 2220 4790 2414 4857; x_wconf 72' lang='grc' dir='ltr'>Ἀνόμ.</span> <span class='ocrx_word' id='word_1_887' title='bbox 2441 4790 2566 4853; x_wconf 83' lang='grc' dir='ltr'><strong>Πῶς</strong></span> <span class='ocrx_word' id='word_1_888' title='bbox 2588 4790 2761 4855; x_wconf 84' lang='grc' dir='ltr'>ἄλλως</span> <span class='ocrx_word' id='word_1_889' title='bbox 2786 4794 2949 4863; x_wconf 84' lang='grc' dir='ltr'>γεννᾷ</span> <span class='ocrx_word' id='word_1_890' title='bbox 2979 4793 3072 4846; x_wconf 79' lang='grc' dir='ltr'>καὶ</span> <span class='ocrx_word' id='word_1_891' title='bbox 3094 4792 3266 4855; x_wconf 81' lang='grc' dir='ltr'>ἄλλως</span> <span class='ocrx_word' id='word_1_892' title='bbox 3293 4792 3493 4857; x_wconf 53' lang='lat' dir='ltr'><strong>metu;</strong></span> <span class='ocrx_word' id='word_1_893' title='bbox 3528 4795 3777 4865; x_wconf 84' lang='grc' dir='ltr'>καίτοιγε</span> 
     </span>
    </p>
   </div>
   <div class='ocr_carea' id='block_1_105' title="bbox 2207 4868 3781 4959">
    <p class='ocr_par' dir='ltr' id='par_1_105' title="bbox 2207 4868 3781 4959">
     <span class='ocr_line' id='line_1_105' title="bbox 2207 4868 3781 4959; baseline 0.006 -27"><span class='ocrx_word' id='word_1_894' title='bbox 2207 4880 2384 4943; x_wconf 85' lang='grc' dir='ltr'>ὁνοῦς</span> <span class='ocrx_word' id='word_1_895' title='bbox 2414 4876 2495 4943; x_wconf 77' lang='grc' dir='ltr'>οἷς</span> <span class='ocrx_word' id='word_1_896' title='bbox 2542 4881 2736 4945; x_wconf 78' lang='grc' dir='ltr'>κτίζει,</span> <span class='ocrx_word' id='word_1_897' title='bbox 2782 4883 2874 4937; x_wconf 74' lang='grc' dir='ltr'>καὶ</span> <span class='ocrx_word' id='word_1_898' title='bbox 2906 4868 3088 4955; x_wconf 68' lang='grc' dir='ltr'>γεννᾷ.</span> <span class='ocrx_word' id='word_1_899' title='bbox 3130 4884 3283 4950; x_wconf 86' lang='grc' dir='ltr'>Ὀρθ.</span> <span class='ocrx_word' id='word_1_900' title='bbox 3332 4883 3575 4949; x_wconf 72' lang='grc' dir='ltr'>Ψεῦδοςο</span> <span class='ocrx_word' id='word_1_901' title='bbox 3612 4892 3781 4959; x_wconf 74' lang='grc' dir='ltr'>γεννᾷ</span> 
     </span>
    </p>
   </div>
   <div class='ocr_carea' id='block_1_106' title="bbox 2210 4968 3776 5043">
    <p class='ocr_par' dir='ltr' id='par_1_106' title="bbox 2210 4968 3776 5043">
     <span class='ocr_line' id='line_1_106' title="bbox 2210 4968 3776 5043; baseline 0.005 -23"><span class='ocrx_word' id='word_1_902' title='bbox 2210 4969 2318 5039; x_wconf 82' lang='grc' dir='ltr'>γὰρ</span> <span class='ocrx_word' id='word_1_903' title='bbox 2349 4968 2405 5035; x_wconf 82' lang='grc' dir='ltr'>ἐξ</span> <span class='ocrx_word' id='word_1_904' title='bbox 2434 4970 2599 5024; x_wconf 83' lang='grc' dir='ltr'>αὐτοῦ</span> <span class='ocrx_word' id='word_1_905' title='bbox 2626 4971 2802 5040; x_wconf 90' lang='grc' dir='ltr'>λόγον,</span> <span class='ocrx_word' id='word_1_906' title='bbox 2824 4973 2993 5037; x_wconf 81' lang='grc' dir='ltr'>κτίζει</span> <span class='ocrx_word' id='word_1_907' title='bbox 3019 4972 3076 5024; x_wconf 86' lang='grc' dir='ltr'>δὲ</span> <span class='ocrx_word' id='word_1_908' title='bbox 3108 4972 3167 5038; x_wconf 83' lang='grc' dir='ltr'>ἐξ</span> <span class='ocrx_word' id='word_1_909' title='bbox 3187 4972 3316 5043; x_wconf 83' lang='grc' dir='ltr'>ῦλης</span> <span class='ocrx_word' id='word_1_910' title='bbox 3341 4975 3541 5038; x_wconf 77' lang='grc' dir='ltr'>οἰκίαν,</span> <span class='ocrx_word' id='word_1_911' title='bbox 3566 4977 3776 5043; x_wconf 83' lang='grc' dir='ltr'>πλοῖον,</span> 
     </span>
    </p>
   </div>
   <div class='ocr_carea' id='block_1_107' title="bbox 2210 5060 3780 5139">
    <p class='ocr_par' dir='ltr' id='par_1_107' title="bbox 2210 5060 3780 5139">
     <span class='ocr_line' id='line_1_107' title="bbox 2210 5060 3780 5139; baseline 0.006 -26"><span class='ocrx_word' id='word_1_912' title='bbox 2210 5060 2303 5113; x_wconf 70' lang='grc' dir='ltr'><strong>καὶ</strong></span> <span class='ocrx_word' id='word_1_913' title='bbox 2334 5062 2433 5113; x_wconf 81' lang='grc' dir='ltr'>ὅσα</span> <span class='ocrx_word' id='word_1_914' title='bbox 2465 5061 2704 5116; x_wconf 89' lang='grc' dir='ltr'>τοιαῦτα.</span> <span class='ocrx_word' id='word_1_915' title='bbox 2753 5064 2945 5131; x_wconf 77' lang='grc' dir='ltr'>Ἀνόμ,</span> <span class='ocrx_word' id='word_1_916' title='bbox 2985 5062 3194 5116; x_wconf 87' lang='grc' dir='ltr'>Οὐκοῦν</span> <span class='ocrx_word' id='word_1_917' title='bbox 3238 5065 3332 5117; x_wconf 75' lang='grc' dir='ltr'>καὶ</span> <span class='ocrx_word' id='word_1_918' title='bbox 3371 5065 3505 5127; x_wconf 81' lang='grc' dir='ltr'>Θεὸς</span> <span class='ocrx_word' id='word_1_919' title='bbox 3539 5066 3600 5131; x_wconf 80' lang='grc' dir='ltr'><strong>ἐξ</strong></span> <span class='ocrx_word' id='word_1_920' title='bbox 3646 5068 3780 5139; x_wconf 73' lang='grc' dir='ltr'>ὕλης</span> 
     </span>
    </p>
   </div>
   <div class='ocr_carea' id='block_1_108' title="bbox 2209 5150 3776 5227">
    <p class='ocr_par' dir='ltr' id='par_1_108' title="bbox 2209 5150 3776 5227">
     <span class='ocr_line' id='line_1_108' title="bbox 2209 5150 3776 5227; baseline 0.006 -26"><span class='ocrx_word' id='word_1_921' title='bbox 2209 5150 2414 5215; x_wconf 79' lang='grc' dir='ltr'>κτίζει;</span> <span class='ocrx_word' id='word_1_922' title='bbox 2458 5152 2611 5219; x_wconf 80' lang='grc' dir='ltr'>Ὀρθ.</span> <span class='ocrx_word' id='word_1_923' title='bbox 2662 5152 2742 5205; x_wconf 87' lang='grc' dir='ltr'><strong>Τὰ</strong></span> <span class='ocrx_word' id='word_1_924' title='bbox 2797 5153 2893 5225; x_wconf 84' lang='grc' dir='ltr'>μὲν</span> <span class='ocrx_word' id='word_1_925' title='bbox 2942 5150 3002 5217; x_wconf 73' lang='grc' dir='ltr'><strong>ἐξ</strong></span> <span class='ocrx_word' id='word_1_926' title='bbox 3050 5153 3203 5223; x_wconf 73' lang='grc' dir='ltr'>ὕλης,</span> <span class='ocrx_word' id='word_1_927' title='bbox 3257 5154 3325 5206; x_wconf 83' lang='grc' dir='ltr'>τὰ</span> <span class='ocrx_word' id='word_1_928' title='bbox 3370 5153 3446 5215; x_wconf 81' lang='grc' dir='ltr'>δὲ,</span> <span class='ocrx_word' id='word_1_929' title='bbox 3495 5156 3574 5227; x_wconf 82' lang='grc' dir='ltr'>μὴ</span> <span class='ocrx_word' id='word_1_930' title='bbox 3622 5157 3776 5221; x_wconf 75' lang='grc' dir='ltr'>ὄντα,</span> 
     </span>
    </p>
   </div>
   <div class='ocr_carea' id='block_1_109' title="bbox 2207 5239 3778 5314">
    <p class='ocr_par' dir='ltr' id='par_1_109' title="bbox 2207 5239 3778 5314">
     <span class='ocr_line' id='line_1_109' title="bbox 2207 5239 3778 5314; baseline 0.004 -22"><span class='ocrx_word' id='word_1_931' title='bbox 2207 5239 2572 5311; x_wconf 79' lang='grc' dir='ltr'>ὑπεστήσατο.</span> <span class='ocrx_word' id='word_1_932' title='bbox 2604 5242 2801 5311; x_wconf 82' lang='grc' dir='ltr'>Ἀνόμ.</span> <span class='ocrx_word' id='word_1_933' title='bbox 2831 5241 2987 5308; x_wconf 85' lang='grc' dir='ltr'>Πῶς;</span> <span class='ocrx_word' id='word_1_934' title='bbox 3027 5242 3179 5311; x_wconf 83' lang='grc' dir='ltr'>Ὀρθ.</span> <span class='ocrx_word' id='word_1_935' title='bbox 3212 5243 3322 5313; x_wconf 83' lang='grc' dir='ltr'>Τὴν</span> <span class='ocrx_word' id='word_1_936' title='bbox 3346 5241 3480 5314; x_wconf 78' lang='grc' dir='ltr'>ὕλην</span> <span class='ocrx_word' id='word_1_937' title='bbox 3523 5244 3624 5298; x_wconf 76' lang='grc' dir='ltr'>καὶ</span> <span class='ocrx_word' id='word_1_938' title='bbox 3650 5247 3778 5309; x_wconf 73' lang='grc' dir='ltr'>τοὺς</span> 
     </span>
    </p>
   </div>
   <div class='ocr_carea' id='block_1_110' title="bbox 606 5379 2098 5464">
    <p class='ocr_par' dir='ltr' id='par_1_110' title="bbox 606 5379 2098 5449">
     <span class='ocr_line' id='line_1_110' title="bbox 606 5379 2098 5449; baseline 0.005 -13"><span class='ocrx_word' id='word_1_939' title='bbox 606 5381 654 5414; x_wconf 78' lang='grc'><strong>⁸⁸</strong></span> <span class='ocrx_word' id='word_1_940' title='bbox 684 5379 818 5436; x_wconf 84' lang='lat' dir='ltr'><strong>Joel.</strong></span> <span class='ocrx_word' id='word_1_941' title='bbox 855 5396 925 5447; x_wconf 82' lang='grc' dir='ltr'><strong>ιι,</strong></span> <span class='ocrx_word' id='word_1_942' title='bbox 957 5382 1047 5437; x_wconf 77' lang='lat'><strong>28.</strong></span> <span class='ocrx_word' id='word_1_943' title='bbox 1118 5383 1163 5415; x_wconf 79' lang='grc'><strong>⁸⁷</strong></span> <span class='ocrx_word' id='word_1_944' title='bbox 1203 5380 1391 5439; x_wconf 86' lang='lat' dir='ltr'><strong>Matth.</strong></span> <span class='ocrx_word' id='word_1_945' title='bbox 1425 5399 1550 5449; x_wconf 75' lang='lat' dir='ltr'><strong>xvr,</strong></span> <span class='ocrx_word' id='word_1_946' title='bbox 1581 5384 1670 5441; x_wconf 76' lang='lat'><strong>20.</strong></span> <span class='ocrx_word' id='word_1_947' title='bbox 1747 5387 1793 5419; x_wconf 82' lang='grc'><strong>⁸⁸</strong></span> <span class='ocrx_word' id='word_1_948' title='bbox 1824 5384 1928 5443; x_wconf 71' lang='lat' dir='ltr'><strong>Job</strong></span> <span class='ocrx_word' id='word_1_949' title='bbox 1962 5404 2098 5444; x_wconf 83' lang='lat' dir='ltr'><strong>xxvn</strong></span> 
     </span>
    </p>
   </div>
   <div class='ocr_carea' id='block_1_111' title="bbox 2201 5379 3557 5464">
    <p class='ocr_par' dir='ltr' id='par_1_111' title="bbox 2201 5389 3557 5464">
     <span class='ocr_line' id='line_1_111' title="bbox 2201 5389 3557 5464; baseline 0.01 -21"><span class='ocrx_word' id='word_1_950' title='bbox 2201 5389 2298 5448; x_wconf 66' lang='grc' dir='ltr'>Η.</span> <span class='ocrx_word' id='word_1_951' title='bbox 2373 5393 2418 5426; x_wconf 75' lang='grc'><strong>⁸³</strong></span> <span class='ocrx_word' id='word_1_952' title='bbox 2455 5391 2476 5445; x_wconf 93' lang='lat' dir='ltr'><strong>I</strong></span> <span class='ocrx_word' id='word_1_953' title='bbox 2509 5394 2634 5449; x_wconf 89' lang='lat' dir='ltr'><strong>Cor.</strong></span> <span class='ocrx_word' id='word_1_954' title='bbox 2667 5410 2745 5449; x_wconf 81' lang='lat' dir='ltr'><strong>xu</strong></span> <span class='ocrx_word' id='word_1_955' title='bbox 2768 5438 2782 5462; x_wconf 92' lang='lat'><strong>,</strong></span> <span class='ocrx_word' id='word_1_956' title='bbox 2816 5397 2870 5454; x_wconf 78' lang='grc'>5.</span> <span class='ocrx_word' id='word_1_957' title='bbox 2941 5395 2989 5428; x_wconf 86' lang='grc'><strong>⁹⁰</strong></span> <span class='ocrx_word' id='word_1_958' title='bbox 3029 5396 3049 5450; x_wconf 90' lang='lat' dir='ltr'><strong>l</strong></span> <span class='ocrx_word' id='word_1_959' title='bbox 3081 5395 3206 5454; x_wconf 87' lang='lat' dir='ltr'><strong>Cor.</strong></span> <span class='ocrx_word' id='word_1_960' title='bbox 3241 5414 3328 5464; x_wconf 77' lang='lat' dir='ltr'><strong>Vl,</strong></span> <span class='ocrx_word' id='word_1_961' title='bbox 3368 5397 3557 5456; x_wconf 69' lang='lat'><strong>19—20.</strong></span> 
     </span>
    </p>
   </div>
   <div class='ocr_carea' id='block_1_112' title="bbox 570 5535 2098 5621">
    <p class='ocr_par' dir='ltr' id='par_1_112' title="bbox 570 5535 2089 5621">
     <span class='ocr_line' id='line_1_112' title="bbox 570 5535 2089 5621; baseline 0.005 -32"><span class='ocrx_word' id='word_1_962' title='bbox 570 5535 735 5621; x_wconf 49' lang='lat' dir='ltr'><strong>~(5fi),</strong></span> <span class='ocrx_word' id='word_1_963' title='bbox 756 5536 956 5608; x_wconf 83' lang='lat' dir='ltr'><strong>Regius</strong></span> <span class='ocrx_word' id='word_1_964' title='bbox 987 5547 1042 5594; x_wconf 87' lang='lat' dir='ltr'><strong>et</strong></span> <span class='ocrx_word' id='word_1_965' title='bbox 1081 5537 1253 5593; x_wconf 84' lang='lat' dir='ltr'><strong>Palat.</strong></span> <span class='ocrx_word' id='word_1_966' title='bbox 1286 5538 1419 5594; x_wconf 81' lang='grc' dir='ltr'>ἀλλὰ</span> <span class='ocrx_word' id='word_1_967' title='bbox 1465 5541 1563 5612; x_wconf 82' lang='grc' dir='ltr'>τῆς</span> <span class='ocrx_word' id='word_1_968' title='bbox 1586 5540 1724 5604; x_wconf 84' lang='grc' dir='ltr'>οἵας.</span> <span class='ocrx_word' id='word_1_969' title='bbox 1766 5539 1911 5596; x_wconf 89' lang='lat' dir='ltr'><strong>Felc.</strong></span> <span class='ocrx_word' id='word_1_970' title='bbox 1954 5542 2089 5597; x_wconf 82' lang='grc' dir='ltr'>ἀλλὰ</span> 
     </span>
    </p>
   </div>
   <div class='ocr_carea' id='block_1_113' title="bbox 2201 5535 2901 5621">
    <p class='ocr_par' dir='ltr' id='par_1_113' title="bbox 2201 5545 2901 5621">
     <span class='ocr_line' id='line_1_113' title="bbox 2201 5545 2901 5621; baseline 0.006 -21"><span class='ocrx_word' id='word_1_971' title='bbox 2201 5545 2319 5621; x_wconf 56' lang='lat' dir='ltr'><strong>Mox</strong></span> <span class='ocrx_word' id='word_1_972' title='bbox 2330 5548 2513 5621; x_wconf 10' lang='lat' dir='ltr'><strong>girdem,</strong></span> <span class='ocrx_word' id='word_1_973' title='bbox 2546 5550 2620 5621; x_wconf 85' lang='grc' dir='ltr'>μὴ</span> <span class='ocrx_word' id='word_1_974' title='bbox 2653 5550 2901 5621; x_wconf 73' lang='grc' dir='ltr'>λαλῆσαι.</span> 
     </span>
    </p>
   </div>
   <div class='ocr_carea' id='block_1_114' title="bbox 532 5605 2082 5752">
    <p class='ocr_par' dir='ltr' id='par_1_114' title="bbox 532 5605 2082 5752">
     <span class='ocr_line' id='line_1_114' title="bbox 532 5605 2082 5752; baseline 0.008 -24"><span class='ocrx_word' id='word_1_975' title='bbox 532 5605 870 5746; x_wconf 48' lang='grc' dir='ltr'><strong>τηῖὄῗῧιῗῖῗε.</strong></span> <span class='ocrx_word' id='word_1_976' title='bbox 903 5685 957 5733; x_wconf 92' lang='lat' dir='ltr'><strong>et</strong></span> <span class='ocrx_word' id='word_1_977' title='bbox 996 5677 1171 5741; x_wconf 81' lang='lat' dir='ltr'><strong>Palat,</strong></span> <span class='ocrx_word' id='word_1_978' title='bbox 1201 5680 1301 5750; x_wconf 82' lang='grc' dir='ltr'>τῆς</span> <span class='ocrx_word' id='word_1_979' title='bbox 1334 5680 1499 5750; x_wconf 82' lang='grc' dir='ltr'>πνοῆς</span> <span class='ocrx_word' id='word_1_980' title='bbox 1532 5696 1633 5751; x_wconf 79' lang='grc' dir='ltr'><strong>μου</strong></span> <span class='ocrx_word' id='word_1_981' title='bbox 1665 5682 1723 5736; x_wconf 83' lang='grc' dir='ltr'>ἐν</span> <span class='ocrx_word' id='word_1_982' title='bbox 1768 5682 1875 5751; x_wconf 79' lang='grc' dir='ltr'>ῥινὶ</span> <span class='ocrx_word' id='word_1_983' title='bbox 1904 5679 2082 5752; x_wconf 73' lang='grc' dir='ltr'>οὔσης.</span> 
     </span>
    </p>
   </div>
   <div class='ocr_carea' id='block_1_115' title="bbox 2270 5617 3423 5683">
    <p class='ocr_par' dir='ltr' id='par_1_115' title="bbox 2270 5617 3423 5683">
     <span class='ocr_line' id='line_1_115' title="bbox 2270 5617 3423 5683; baseline 0.004 -13"><span class='ocrx_word' id='word_1_984' title='bbox 2270 5618 2376 5676; x_wconf 63' lang='lat'><strong>’57)</strong></span> <span class='ocrx_word' id='word_1_985' title='bbox 2410 5617 2576 5675; x_wconf 80' lang='lat' dir='ltr'><strong>Palat.</strong></span> <span class='ocrx_word' id='word_1_986' title='bbox 2610 5617 2712 5674; x_wconf 67' lang='grc' dir='ltr'>ὀὐκ</span> <span class='ocrx_word' id='word_1_987' title='bbox 2740 5617 2911 5683; x_wconf 77' lang='grc' dir='ltr'>εἷπον,</span> <span class='ocrx_word' id='word_1_988' title='bbox 2935 5622 3018 5675; x_wconf 84' lang='grc' dir='ltr'>ὅτι</span> <span class='ocrx_word' id='word_1_989' title='bbox 3047 5623 3144 5675; x_wconf 84' lang='grc' dir='ltr'>οὐκ</span> <span class='ocrx_word' id='word_1_990' title='bbox 3168 5621 3312 5675; x_wconf 74' lang='grc' dir='ltr'>ἔστιν</span> <span class='ocrx_word' id='word_1_991' title='bbox 3338 5623 3423 5675; x_wconf 88' lang='grc' dir='ltr'>ἁσ.</span> 
     </span>
    </p>
   </div>
  </div>
