3878 6208
231 268 357 325 “29

1194 260 1281 315 DE
1320 254 1590 315 SANCTA
1629 248 2001 312 TRINITATE
2036 244 2381 345 υιΑιοιξυε
2417 249 2460 306 Ι.

3304 244 3440 298 H30

172 358 197 403 ’ν
229 386 477 460 οὐρανοὺς
501 386 595 441 καὶ
625 385 750 451 τοὺς
770 383 1034 455 ἀγγέλους
1065 380 1127 446 ἐξ
1167 380 1379 443 οὐδενὸς
1416 376 1778 447 ὑπεστήσατο.

1899 377 2013 426 sunt
2039 367 2331 438 ejusmodi.
2370 364 2560 419 Anam.
2592 360 2728 417 Num
2754 360 2920 433 igitur
2947 360 3112 415 etiam
3142 358 3286 415 Deus
3311 373 3444 415 con-

228 478 358 532 Ἀλλ’
405 480 440 549 ἡ
488 476 759 549 βούλησις,
810 475 1106 546 σύνδρομον
1146 472 1341 543 ἔχουσα
1388 469 1488 540 τὴν
1534 466 1782 537 δύναμιν,

192 552 562 659 Εὐπεστήσατο
598 566 697 619 ὅσα
727 563 991 636 ἠθέλησε·
1025 562 1094 615 τὰ
1123 562 1182 616 δὲ
1224 558 1393 632 θνητὰ
1430 557 1544 622 ζῶα
1587 558 1651 659 ὲκ

232 656 358 729 ὕλης
383 658 659 729 ἐποίησεν.
702 657 898 726 Ἀνόμ.
928 655 1096 709 Τοῦτο
1119 653 1360 724 δέχομαι.
1400 651 1549 718 Ὀρθ.
1579 648 1681 702 Τὸν
1725 647 1785 701 δὲ

230 747 353 802 Υἷὸν
376 750 474 819 οὐχ
499 747 702 802 ἁπλοῦν
735 748 829 802 καὶ
854 745 1143 800 ἀσύνθετον
1171 744 1381 813 λέγεις;
1415 741 1613 811 Ἀνόμ.
1654 739 1783 793 Ναί.

243 839 391 906 Ὀρθ.
427 838 636 892 Οὐκοῦν
676 839 769 892 καὶ
807 837 899 892 τοῦ
930 837 1061 891 Υἱοῦ
1105 836 1167 889 τὸ
1198 835 1402 907 κτίσμα
1428 833 1675 904 γέννημα
1700 830 1789 884 λέ-

229 944 379 999 γεις;
422 930 619 999 Ἀνόμ.
650 929 746 983 Οὔ.
784 931 930 999 Ὀρθ.
952 929 1016 982 Ei
1043 927 1129 982 διὰ
1152 926 1309 981 τοῦτο
1348 926 1411 979 τὸ
1448 923 1654 994 κτίσμα
1689 920 1786 975 τοῦ

228 1021 455 1094 Πατρὸς,
487 1022 730 1092 γέννημα
760 1021 958 1090 λέγεις,
984 1019 1168 1091 ἐπειδὴ
1204 1017 1406 1084 ἁπλοῦς
1438 1019 1576 1091 ἐστι,
1607 1016 1703 1069 καὶ
1728 1011 1791 1067 τὸ

228 1113 470 1184 γέννημα
500 1113 738 1184 κτίσμαο
788 1111 901 1165 ἔστι
946 1112 1006 1166 δὲ
1050 1111 1142 1165 κα).
1185 1113 1214 1165 6
1254 1110 1382 1174 Υἱὸς
1426 1107 1649 1173 ἁπλοῦς,
1694 1107 1790 1160 καὶ

229 1204 391 1258 αὐτοῦ
422 1204 484 1257 τδ
513 1204 716 1275 κτίσμα
737 1204 853 1258 ἐστὶ
873 1203 1116 1275 γέννημα
1135 1222 1148 1234 ·
1186 1202 1280 1256 καὶ
1311 1201 1662 1274 εὑρεθήσεται
1693 1197 1788 1252 τοῦ

228 1295 331 1365 μὲν
363 1294 491 1348 Υίοῦ
537 1295 718 1367 πατὴρ
745 1296 775 1349 6
814 1295 1023 1365 Πατὴρ,
1052 1293 1151 1365 τῆς
1175 1293 1233 1347 δὲ
1280 1292 1507 1355 κτίσεως
1544 1291 1786 1354 πάππος.

243 1382 437 1451 Ἀνόμ.
495 1381 655 1437 Ἀλλὰ
703 1381 796 1436 τοῦ
847 1386 851 1448 ζ
862 1383 958 1453 μὲν
1009 1381 1222 1452 [ἰατρὸς
1270 1381 1332 1434 τὸ
1381 1378 1630 1451 γέννημα
1673 1379 1789 1433 ἐστι

228 1474 451 1544 κτίσμα,
485 1475 579 1529 τοῦ
610 1474 669 1528 δὲ
700 1473 832 1528 Υίοῢ
870 1472 932 1527 τὸ
972 1473 1176 1544 κτίσμα
1207 1472 1323 1526 ἐστὶ
1365 1471 1589 1543 κτίσμα.
1634 1471 1787 1540 Ὂρθ.

242 1560 457 1632 Ἐπειδὴ
496 1560 704 1625 ἁπλοῦς
731 1562 876 1614 ἐστιν
903 1562 932 1614 6
957 1560 1109 1625 Θεὸς,
1140 1559 1202 1613 τὸ
1226 1558 1429 1630 κτίσμα
1461 1558 1625 1612 αὐτοῦ
1666 1559 1792 1627 γέν-

226 1665 378 1720 νημα
406 1651 569 1704 αὑτοῦ
610 1652 746 1709 ἐστι,
776 1650 958 1706 καὶτὸ
1002 1650 1247 1721 γέννημα
1287 1648 1525 1720 κτίσμα⁶
1571 1648 1605 1719 ἢ
1637 1649 1789 1712 πῶςς

1884 459 1965 512 dit
1992 474 2059 513 ex
2088 455 2357 511 materia?
2387 453 2537 508 Orth.
2571 450 2829 519 Quaedam
2879 465 2946 504 ex
2990 449 3218 502 materia
3237 486 3253 509 ,
3295 462 3445 518 qua:-

1883 547 2009 602 dam
2039 560 2237 600 rursus
2256 584 2272 610 ,
2302 559 2427 598 cum
2457 558 2566 599 non
2592 551 2779 597 essent
2798 580 2813 606 ,
2844 539 2971 595 fecit
2995 547 3055 594 ut
3095 540 3444 596 exsisterent.

1882 639 2073 694 Anam.
2104 635 2428 704 Quomodo?
2455 632 2611 690 Orth.
2663 632 2943 687 Materiem
2976 638 3031 685 et
3066 630 3236 686 ctelos
3265 639 3320 685 et
3351 645 3450 685 an-

1882 730 2035 802 gelos
2063 728 2191 783 fecit
2218 736 2279 782 ut
2304 742 2373 781 ex
2398 725 2569 781 nihilo
2596 725 2948 780 exsisterent.
2974 721 3241 802 Voluntas
3265 729 3447 776 autem

1881 798 2300 874 concurrentem
2340 823 2663 888 potestatem
2707 816 2905 877 nacta,
2936 798 3065 869 fecit
3110 821 3170 870 ut
3212 814 3449 870 exsiste-

1883 919 1969 966 ret
2004 909 2270 980 quidquid
2314 908 2477 964 libuit
2526 925 2541 963 :
2585 908 2836 961 mortalia
2870 922 2997 963 vero
3032 905 3330 960 animantia
3379 919 3449 958 ex

1886 1001 2116 1056 materia
2147 998 2409 1055 condidit.
2435 997 2626 1054 Anam.
2655 996 2770 1052 Hoc
2790 997 3038 1051 admitto.
3067 996 3220 1052 Orth.
3250 994 3449 1050 Filium

1885 1106 2018 1145 vero
2062 1105 2244 1145 nonne
2285 1090 2370 1146 ais
2415 1088 2717 1158 simplicem
2767 1103 2891 1143 esse
2934 1095 2989 1143 et
3034 1086 3452 1157 compositionis

1887 1182 2204 1253 expertem?
2230 1180 2419 1236 Anam.
2451 1179 2648 1234 Etiam.
2680 1176 2833 1233 Orth.
2886 1179 2971 1233 An
3015 1178 3182 1249 igitur
3224 1177 3371 1249 quod
3419 1191 3452 1232 a

1888 1273 2029 1329 Filio
2074 1273 2357 1328 conditum
2408 1278 2527 1334 est,
2575 1285 2645 1326 ex
2692 1284 2759 1326 eo
2792 1285 3010 1341 quoque
3050 1269 3293 1340 genitum
3324 1267 3456 1323 ais?

1889 1363 2079 1417 Anam.
2110 1361 2349 1418 Minime.
2389 1361 2543 1418 Orth.
2575 1352 2938 1433 Si,quoniam
2983 1359 3145 1415 Pater
3189 1368 3275 1415 est
3319 1361 3455 1416 sim-

1889 1457 2045 1527 plex,
2076 1456 2285 1511 idcirco
2310 1454 2456 1526 quod
2482 1470 2513 1508 a
2543 1452 2705 1509 Patre
2732 1452 3011 1508 conditum
3041 1458 3130 1507 est
3170 1451 3334 1507 etiam
3363 1466 3457 1522 ge-

1890 1548 2065 1602 nitum
2093 1546 2231 1603 dicis
2250 1586 2265 1610 ,
2295 1561 2488 1617 nempe
2518 1546 2666 1616 quod
2698 1543 2936 1615 genitum
2966 1549 3085 1607 est,
3111 1544 3274 1598 etiam
3301 1555 3458 1597 crea-

1892 1645 2007 1692 tum
2038 1645 2161 1694 est:
2197 1648 2253 1693 at
2281 1636 2455 1693 Filius
2483 1650 2701 1706 quoque
2733 1643 2818 1690 est
2846 1635 3075 1705 simplex
3107 1652 3123 1689 :
3154 1649 3285 1703 ergo
3310 1632 3456 1705 quod

227 1716 426 1813 ’Ar'dy.
472 1742 642 1796 Πάνυ.
681 1744 835 1810 Ὀρθ.
878 1743 990 1796 Καὶ¹
1016 1716 1129 1795 ira?)
1154 1716 1291 1795 ⁷Υίοῖὲ
1336 1716 1444 1814 ἄρα
1484 1739 1546 1794 τὸ
1590 1716 1794 1812 κτίσμα

1899 1730 2130 1793 creavit,
2173 1730 2336 1784 etiam
2378 1729 2607 1798 genuit:
2641 1737 2695 1782 et
2724 1725 2887 1782 Pater
2926 1727 3294 1796 comperietur
3335 1740 3457 1780 esse

224 1832 494 1905 γέννημα,
531 1832 824 1887 άσυνθέτου
866 1832 1051 1896 ὖντος·
1087 1832 1120 1902 ἢ
1171 1831 1281 1903 (58)
1311 1832 1411 1885 οὐκ
1450 1830 1561 1903 ἄρα
1603 1829 1690 1884 διὰ
1732 1830 1795 1884 τὸ

226 1923 521 1979 ἀσύνθετον
572 1922 666 1977 τοῦ
711 1922 922 1995 Πατρός
975 1923 1035 1976 τὺ
1078 1922 1323 1995 γέννημα
1382 1922 1607 1992 κτίσμα,
1656 1919 1691 1992 ἢ
1735 1920 1794 1974 τὶ

222 2013 436 2083 κτίσμα
460 2012 725 2083 γέννημα,
769 2006 931 2084 κᾶνῇ
977 2010 1289 2074 ἀσύνθετος,
1328 2008 1576 2081 Γέννημα
1612 2008 1671 2063 δὲ
1698 2009 1794 2062 τοῦ

226 2104 440 2175 Πατρός
466 2103 497 2154 6
525 2102 652 2166 Υίός
672 2116 687 2131 ο
716 2100 816 2154 οὐκ
854 2100 963 2172 ἄρα
994 2100 1218 2171 κτίσμα.
1261 2099 1460 2168 Ἀνόμ.
1518 2099 1576 2152 Ὀ
1608 2098 1797 2169 Πατὴρ

223 2191 322 2246 τοῦ
368 2191 497 2245 Υίοῦ
524 2189 692 2255 αἴτιός
737 2192 873 2254 ἐστι,
910 2189 1009 2260 τῆς
1044 2188 1101 2241 δὲ
1141 2186 1368 2248 κτίσεως
1408 2186 1437 2238 6
1463 2185 1609 2248 Υίός.
1638 2184 1795 2253 Ὀρθ.

224 2283 344 2353 Τῆς
362 2282 419 2335 δὲ
441 2280 672 2344 κτίσεως
692 2280 791 2332 οὐκ
813 2280 959 2332 ἔστιν
979 2278 1151 2341 αἴτιος
1173 2277 1267 2331 καὶ
1290 2278 1320 2329 6
1342 2276 1563 2347 Πατήρ;
1600 2276 1795 2344 Ἀνόμ.

222 2371 393 2424 Ἀλλὰ
431 2372 520 2424 διὰ
548 2370 643 2423 τοῦ
676 2369 828 2426 Υἰοῠ.
869 2370 1025 2437 Ὀρθ.
1061 2367 1228 2440 Τίθης
1271 2365 1381 2439 (59)
1427 2367 1483 2420 δὲ
1519 2367 1672 2433 ὅλως,
1719 2368 1799 2421 ὅτι

222 2462 396 2525 αἴτιός
414 2462 531 2514 ἐστι
565 2460 659 2514 καὶ
685 2460 783 2530 τῆς
803 2458 1062 2522 κτίσεως;
1095 2458 1293 2526 ’Δνόμ.
1326 2456 1452 2510 Ναί.
1486 2457 1669 2510 Πάντα
1692 2456 1801 2529 γὰρ

223 2554 294 2606 ὲκ
321 2551 414 2605 τοῦ
439 2551 593 2606 Θεοῦ.
641 2553 795 2618 Ὀρθ.
838 2549 991 2603 Εἰσὶν
1032 2544 1125 2603 οὖν
1166 2546 1332 2603 αὐτοῦ
1371 2545 1557 2600 καὶτὰ
1596 2548 1792 2620 γεννή-

228 2660 380 2716 ματα
429 2644 625 2707 πάντα,
674 2639 853 2704 κύνες,
898 2638 1161 2712 κόρακες,
1203 2636 1397 2707 γῦπες,
1453 2637 1544 2689 κα)⁸
1589 2638 1795 2707 πᾶσαή

224 2735 408 2798 κτίσις
438 2735 628 2806 λογική
672 2750 733 2786 τε
761 2732 857 2787 κα)⁴
876 2731 1087 2800 ἄλογος.
1114 2730 1313 2799 Ἀνόμ.
1355 2724 1542 2793 Εἶπον,
1584 2730 1666 2783 ὅτι
1710 2730 1800 2784 διὰ

222 2826 327 2880 τοῦ
349 2824 479 2880 Υίοῢ
506 2823 860 2895 ἐκτίσθησαν·
903 2823 1061 2894 μόνος
1097 2822 1155 2876 δὲ
1182 2823 1212 2875 6
1244 2821 1369 2885 Υἱὸς
1407 2820 1534 2874 ἄνευ
1582 2822 1798 2892 μεσίτου

222 2918 575 2988 γεγέννηται,
599 2916 878 2969 τουτέστιν
912 2914 1174 2967 ἔκτισται.

1892 1817 2017 1873 Filii
2061 1819 2284 1890 quidem
2331 1826 2507 1888 pater,
2553 1832 2737 1872 rerum
2777 1830 2910 1871 vero
2940 1824 3257 1870 creatarum
3298 1829 3456 1870 avus.

1891 1908 2079 1963 Anam.
2134 1908 2241 1965 Sed
2288 1910 2434 1980 quod
2482 1915 2571 1964 est
2611 1907 2856 1980 genitum
2888 1920 2920 1960 a
2959 1905 3147 1968 Patre.
3180 1906 3343 1961 etiam
3374 1912 3461 1963 est

1891 2013 2176 2059 creatum:
2228 2005 2373 2074 quod
2428 2012 2609 2059 autem
2660 2010 2906 2059 creatum
2958 2010 3042 2059 est
3082 2018 3115 2057 a
3153 2000 3328 2070 Filio,
3372 2014 3461 2060 est

1893 2104 2166 2153 creatura.
2204 2098 2357 2153 ΟνεΙι.
2390 2098 2582 2154 Nonne
2608 2099 2870 2170 quoniam
2904 2100 3135 2170 simplex
3164 2106 3250 2154 est
3280 2097 3458 2165 Deus,

1900 2189 2107 2244 idcirco
2153 2188 2301 2260 quod
2349 2190 2420 2245 ab
2447 2205 2514 2246 eo
2556 2197 2803 2246 creatum
2842 2196 2966 2254 est,
3010 2190 3172 2245 etiam
3215 2191 3460 2261 genitum

1897 2297 2055 2337 esse:
2088 2288 2143 2337 et
2171 2281 2317 2350 quod
2350 2283 2419 2338 ab
2444 2298 2512 2339 eo
2539 2283 2786 2355 genitum
2828 2290 2949 2343 est,
2999 2282 3165 2336 etiam
3214 2292 3462 2339 creatum

1897 2388 2020 2430 esse
2041 2375 2165 2430 vis?
2187 2373 2283 2430 Sin
2305 2376 2483 2431 minus
2501 2415 2517 2438 ,
2549 2374 2826 2446 quomodo
2846 2373 3054 2430 sentis?
3076 2373 3265 2429 Anam.
3292 2375 3460 2430 Sane.

1898 2463 2053 2520 Orth.
2083 2463 2224 2537 Ergo
2266 2474 2321 2520 et
2360 2466 2505 2536 quod
2535 2475 2780 2522 creatum
2810 2473 2897 2521 est
2924 2481 2953 2519 a
2980 2464 3122 2521 Filio
3142 2508 3156 2531 ,
3186 2472 3271 2521 est
3297 2466 3463 2521 etiam

1898 2555 2139 2626 genitum
2159 2596 2173 2620 ,
2204 2564 2391 2626 utpote
2422 2556 2516 2627 qui
2558 2557 2631 2612 sit
2660 2556 3079 2622 compositionis
3108 2571 3345 2626 expers:
3379 2555 3466 2612 vel

1899 2648 2063 2701 etiam
2094 2647 2142 2701 si
2187 2646 2350 2702 Pater
2377 2657 2462 2704 est
2487 2647 2906 2720 compositionis
2947 2663 3181 2717 expers,
3227 2662 3337 2702 non
3382 2648 3469 2702 id-

1903 2736 2053 2791 circo
2079 2745 2260 2792 tamen
2289 2738 2435 2807 quod
2464 2739 2532 2791 ab
2556 2753 2622 2793 eo
2652 2738 2896 2809 genitum
2921 2745 3040 2802 est,
3070 2744 3313 2792 creatum
3338 2743 3423 2793 est
3450 2756 3463 2792 :

1903 2842 2007 2882 nec
2034 2826 2183 2897 quod
2213 2828 2283 2882 ab
2311 2843 2377 2883 eo
2404 2835 2648 2883 creatum
2682 2835 2797 2893 est,
2829 2827 3072 2898 genitum
3101 2836 3187 2882 est
3206 2867 3220 2885 .
3251 2827 3469 2883 etiamsi

1907 2918 1979 2974 sit
2010 2920 2129 2990 ipse
2153 2922 2565 3001 compositionis
2595 2936 2816 2992 expers.
2845 2920 2915 2975 At
2941 2919 3114 2975 Filius
3148 2921 3364 2991 genitus
3387 2928 3474 2975 est

222 3024 264 3065 ι
294 3009 495 3066 Patre:
528 3025 639 3064 non
668 3009 838 3080 igitur
902 3014 1142 3063 creatus.
1176 3006 1366 3061 Anam.
1414 3006 1577 3064 Pater
1616 3017 1699 3064 est
1745 3019 1939 3066 auctor
2003 3010 2164 3077 Filii,
2199 3013 2375 3070 Filius
2440 3024 2633 3069 auctor
2673 3028 2860 3068 rerum
2899 3013 3269 3067 conditarum.
3313 3010 3469 3067 Orlh.

225 3102 433 3157 Annon
462 3098 624 3157 Pater
644 3115 863 3170 quoque
889 3106 972 3154 est
995 3114 1181 3154 rerum
1201 3099 1549 3155 conditarum
1574 3100 1806 3154 auctor?
1843 3100 2033 3158 Anam.
2058 3102 2156 3159 Est
2184 3119 2317 3159 sane
2337 3146 2352 3171 ,
2386 3105 2479 3159 sed
2509 3120 2605 3174 per
2631 3104 2851 3158 Filium.
2915 3102 3069 3159 Orlh.
3102 3101 3208 3157 Sed
3249 3103 3475 3157 omnino

223 3197 432 3269 ponis,
454 3210 581 3253 eum
612 3210 829 3264 quoque
859 3201 1139 3249 auctorem
1181 3209 1305 3249 esse
1342 3209 1525 3250 rerum
1571 3203 1881 3252 creatarum
1906 3198 1932 3252 2
1961 3199 2154 3253 Ana‘m.
2187 3201 2365 3255 Certe.
2421 3198 2614 3254 Omnia
2656 3203 2799 3256 enim
2863 3208 2993 3254 sunt
3042 3213 3109 3253 ex
3145 3196 3277 3252 Deo.
3318 3195 3474 3253 Orth.

229 3288 382 3343 Sunt
409 3288 580 3359 igitur
612 3287 681 3341 ab
705 3302 771 3342 eo
798 3286 963 3340 etiam
994 3286 1177 3355 genita
1208 3287 1392 3339 omnia
1412 3324 1428 3350 ,
1459 3300 1656 3352 canes,
1692 3290 1881 3353 corvi,
1910 3292 2159 3347 vultures
2179 3332 2194 3356 ,
2224 3293 2490 3363 quidquid
2533 3292 2695 3364 5.13
2755 3291 2991 3362 denique
3046 3296 3290 3344 creatum
3356 3294 3476 3355 est,

226 3380 358 3437 sive
394 3379 626 3433 rationis
654 3377 928 3447 particeps
949 3416 965 3440 ,
994 3377 1110 3431 sive
1138 3376 1368 3431 rationis
1392 3392 1606 3447 expers.
1661 3378 1852 3434 Anam.
1894 3380 2015 3436 Dixi
2042 3383 2158 3439 haec
2184 3385 2403 3439 condita
2428 3399 2550 3439 esse
2597 3399 2694 3454 per
2717 3382 2915 3438 Filium
2945 3402 2958 3437 :
2993 3382 3143 3438 solus
3172 3387 3353 3435 autem
3380 3377 3477 3432 Fi-

222 3469 347 3524 lius
366 3508 382 3532 ,
412 3469 566 3522 nullo
590 3462 915 3522 intermedto
943 3466 1159 3537 genitus
1185 3476 1300 3530 est,
1329 3467 1382 3521 id
1418 3474 1503 3523 est
1529 3478 1764 3525 creatus.

305 3564 359 3617 9.
395 3564 546 3631 Ὀρθ.
576 3561 802 3632 Ἐπειδὴ
850 3561 1009 3632 μόνος
1046 3562 1111 3614 ὲκ
1146 3561 1330 3631 μόνου,
1385 3560 1475 3615 διὰ
1522 3581 1679 3617 τουτο
1698 3566 1797 3616 καὶ

1971 3564 2024 3618 9.
2060 3564 2212 3621 Orth.
2250 3564 2529 3620 lllcircone
2570 3577 2695 3618 eum
2726 3576 2851 3617 esse
2893 3561 3033 3616 dicis
3068 3568 3122 3616 et
3155 3560 3394 3630 genitum
3425 3569 3481 3617 ει

219 3653 480 3725 γέννημα
520 3652 699 3721 λέγεις
740 3652 900 3705 αὑτὸν
946 3651 1041 3704 καὶ
1083 3651 1317 3722 κτίσμα;
1344 3652 1377 3723 ἦ
1405 3651 1562 3719 πῶς;
1603 3654 1799 3723 Ἀνόμ.

217 3742 363 3798 Ναί.
408 3744 561 3812 Ὀρθ.
594 3743 675 3795 Τά
698 3742 753 3795 δὲ
780 3740 891 3813 (60)
929 3741 1063 3796 ἄλλα
1104 3742 1305 3806 πάντα,
1359 3743 1547 3814 ἐπειδὴ
1593 3743 1683 3797 διὰ
1711 3743 1804 3798 τοῦ

216 3834 369 3889 Υἱοῦ
399 3833 664 3903 ἐγένοντο,
688 3833 960 3905 κτίσματα
990 3833 1148 3897 εἰσιν,
1178 3834 1277 3886 οὐκ
1303 3833 1383 3887 ἔτι
1417 3833 1475 3888 δὲ
1499 3836 1592 3887 καὶ
1613 3837 1806 3908 γεννή-

218 3942 416 3999 parat;
462 3925 657 3994 Ἀνόμ.
688 3923 892 3987 Ούτως.
934 3924 1086 3992 Ὀρθ.
1127 3922 1191 3976 Ἦ
1224 3923 1471 3994 μεσιτεία
1506 3925 1682 3979 τοίνυν
1715 3924 1806 3979 τοῦ

226 4017 377 4073 Υἱοῦ
431 4017 709 4088 ἠλάττωσε
742 4015 838 4087 τὴν
861 4014 956 4068 τοῦ
1006 4015 1219 4087 Πατρὸς
1273 4016 1574 4087 ἐνέργειαν.
1612 4017 1807 4087 Ἀνόμ.

217 4109 336 4164 Διὰ
362 4109 452 4174 τί;
481 4108 636 4176 Ὀρθ.
678 4108 820 4172 Ὅτι,
853 4106 1011 4178 μόνος
1055 4108 1216 4178 μόνον
1264 4108 1504 4176 γεννῶν,
1552 4107 1811 4170 ὡσαύτως

214 4203 333 4257 καὶ
360 4202 526 4270 γεννᾷ
546 4201 639 4253 καὶ
678 4199 870 4265 κτίζει.
898 4198 1285 4261 Μεσιτεύοντος
1314 4198 1371 4251 δὲ
1406 4197 1501 4252 τοῦ
1531 4198 1683 4263 Υἱοῢ,
1711 4200 1810 4252 οὐκ

218 4296 315 4348 ἔτι
347 4294 408 4347 τὸ
436 4293 636 4363 κτίσμα
651 4291 815 4346 αὐτοῦ
834 4291 1077 4362 γέννημα
1107 4290 1268 4345 αὑτοῦ
1286 4293 1400 4343 ἐστι
1422 4306 1433 4318 ·
1460 4290 1570 4353 καὶ,
1595 4290 1669 4353 ὡς
1692 4291 1813 4360 φαί-

218 4403 410 4451 νεται,
441 4386 532 4438 ἐπὶ
565 4383 738 4455 βλάϐῃ
788 4382 895 4435 τῶν
920 4380 1103 4453 ἀρχῶν
1132 4382 1225 4434 καὶ
1272 4381 1380 4433 τῶν
1409 4380 1685 4448 ἐξουσιῶν,
1717 4382 1814 4434 καὶ

214 4478 423 4548 ’πάσης
449 4475 586 4547 ὁμοῦ
614 4475 711 4545 τῆς
765 4472 1014 4534 κτίσεως,
1068 4471 1330 4542 ἐγεννήθη
1360 4472 1390 4523 6
1418 4471 1567 4535 Υἱός.
1614 4471 1811 4540 Ἀνόμ.

214 4562 339 4618 Διὰ
365 4563 453 4629 τί;
491 4563 643 4630 Ὄρθ.
681 4561 911 4631 Ἔμελλε
943 4560 1052 4632 γὰρ
1083 4559 1193 4631 (61)
1224 4562 1438 4614 ἅπαντα
1456 4561 1523 4614 τὰ
1541 4561 1815 4632 κτίσματα

215 4656 555 4726 γεννήματα
571 4652 734 4707 αὐτοῦ
760 4649 921 4715 εἶναι,
939 4654 987 4704 εί
1014 4652 1086 4724 μὴ
1111 4652 1372 4724 ἐγεννήθη
1391 4655 1419 4706 6
1441 4653 1590 4718 Υἱός.
1610 4655 1811 4724 Ἀνόμ.

216 4745 312 4798 {)6
330 4744 423 4797 διὰ
440 4742 534 4795 τοῦ
551 4741 681 4797 Υἱοῦ
704 4738 796 4796 οὖν
810 4742 1030 4814 ἐκτίσθη
1038 4759 1134 4814 μεν
1153 4758 1167 4807 ;
1192 4742 1337 4811 Ὀρθ.
1361 4743 1470 4795 Καὶ
1498 4742 1659 4797 πάνυ.
1679 4743 1815 4796 Ἀλλ’

1905 3659 2172 3715 creatum,
2201 3653 2328 3722 quia
2360 3653 2512 3709 solus
2534 3660 2619 3707 est
2646 3666 2676 3704 a
2704 3651 2823 3706 solo
2842 3649 2865 3702 ?
2886 3657 2980 3705 aut
3012 3650 3286 3720 quomodo
3314 3652 3367 3705 id
3397 3667 3484 3706 ac-

1907 3742 2080 3811 cipis?
2121 3745 2312 3797 Anam.
2355 3742 2553 3798 Etiam.
2594 3742 2747 3798 Orth.
2792 3742 2997 3797 Caetera
3038 3749 3217 3798 autem
3262 3746 3479 3811 omnia,

1909 3834 2166 3903 quoniam
2189 3849 2285 3904 per
2310 3833 2505 3889 Filium
2536 3832 2680 3887 facta
2704 3842 2853 3899 sunt,
2883 3844 3064 3890 creata
3093 3835 3308 3905 quidem
3332 3849 3480 3903 sunt,

1908 3927 2089 3995 genita
2122 3942 2252 3981 vero
2283 3940 2389 3980 non
2431 3925 2594 3979 item?
2624 3924 2816 3982 Anam.
2855 3927 2935 3981 lta
2980 3933 3084 3983 est.
3121 3927 3274 3984 Orth.
3312 3927 3486 3985 Inter-

1911 4016 2091 4071 ventio
2125 4016 2289 4086 igitur
2332 4014 2453 4069 Filii
2498 4013 2772 4069 imminuit
2804 4014 2982 4069 Patris
3044 4017 3098 4070 in
3140 4019 3347 4088 agendo
3377 4020 3487 4074 elli-

1912 4109 2218 4163 cacitatem.
2267 4107 2457 4161 Anam.
2498 4103 2899 4170 Quamobrem?
2953 4107 3107 4163 Orth.
3156 4109 3293 4174 Quia
3336 4110 3485 4165 solus

1913 4197 2088 4250 solum
2115 4193 2362 4264 gignens,
2399 4192 2584 4248 itidem
2616 4200 2669 4248 et
2691 4194 2864 4265 gignit
2900 4204 2954 4251 et
2985 4205 3155 4252 creat.
3188 4197 3326 4254 Filio
3357 4213 3488 4255 vero

1914 4287 2338 4353 interveniente,
2366 4286 2509 4357 quod
2556 4296 2728 4352 creat,
2776 4302 2887 4342 non
2935 4304 3064 4344 sane
3096 4290 3406 4360 gignit;et,
3431 4298 3490 4344 ut

1914 4380 2151 4444 videtur,
2185 4379 2584 4449 principatuum
2629 4388 2682 4435 et
2722 4388 3050 4450 potestatum
3074 4420 3088 4445 ,
3124 4369 3302 4437 rerum
3334 4382 3489 4437 deni-

1915 4486 2020 4541 que
2055 4472 2298 4526 omnium
2331 4478 2636 4526 creatarum
2668 4470 2869 4526 damno
2891 4512 2905 4537 ,
2933 4474 3149 4543 genitus
3194 4472 3359 4528 fuerit
3400 4473 3490 4527 Fi-

1915 4561 2038 4617 lius.
2063 4561 2252 4615 Anam.
2279 4561 2680 4627 Quamobrem?
2709 4561 2861 4619 Orth.
2907 4563 3176 4631 Quoniam
3222 4565 3327 4620 nisi
3347 4564 3490 4636 geni-

1917 4662 2008 4709 tus
2034 4654 2226 4710 fuisset
2258 4653 2460 4722 Filius,
2490 4670 2831 4727 quascunque
2868 4657 2938 4713 ab
2965 4673 3031 4712 eo
3058 4664 3269 4720 creata,
3304 4665 3490 4713 essent

1918 4746 2080 4803 etiam
2112 4747 2314 4818 genita.
2342 4746 2535 4801 Anam.
2568 4747 2767 4805 Annon
2794 4748 2961 4820 igitur
2981 4764 3077 4820 per
3100 4748 3294 4804 Filium
3320 4749 3489 4803 creati

214 4840 403 4910 ἡμεῖς
431 4838 525 4907 μὲν
552 4837 640 4890 διὰ
660 4837 755 4890 τοῦ
788 4837 915 4890 Υἱοῦ
965 4837 1312 4908 ἐκτίσθημεν,
1346 4838 1375 4890 6
1398 4837 1454 4890 δὲ
1476 4837 1604 4900 Υἱὸς
1625 4839 1689 4892 ὲκ
1725 4839 1797 4891 τοί

1922 4839 2154 4895 sumus?
2180 4837 2333 4894 Orth.
2363 4837 2504 4894 Sane
2530 4853 2678 4895 vero.
2729 4837 2836 4896 Sed
2879 4855 2980 4896 nos
3014 4839 3230 4912 quidem
3266 4853 3369 4913 per
3396 4836 3492 4892 Fi-

216 4929 378 4984 Θεοῦ
424 4929 779 5000 γεγέννηται,
811 4931 905 4983 καὶ
958 4929 1060 4984 οὐκ
1113 4930 1378 4985 ἔκτισται.
1421 4929 1615 5000 Ἀνόμ.
1648 4930 1797 4983 Αὐτὸς

1920 4931 2051 4985 lium
2074 4931 2245 4984 creati
2271 4945 2483 4995 sumus,
2506 4929 2682 4991 Filius
2721 4946 2851 4989 vero
2879 4947 2945 4987 ex
2995 4930 3103 4987 Deo
3125 4931 3340 5001 genitus
3383 4936 3487 4988 est,

218 5028 409 5094 λέγει·
447 5044 465 5075 ι
492 5024 694 5096 Κύριος
719 5023 899 5078 ἐκτισὲ
929 5042 997 5094 με
1031 5024 1202 5096 ἀρχὴν
1225 5023 1362 5080 ὁδῶν
1394 5023 1578 5081 αὐτοῦ.
1603 5044 1622 5077 ι
1660 5026 1813 5094 Ὀρθ.

221 5119 352 5173 Καὶ
387 5116 547 5180 αὐτὸς
570 5115 718 5185 λέγει
739 5132 752 5145 '
792 5134 812 5167 (
854 5117 1089 5188 Ὤρυξαν
1136 5116 1322 5188 χεῖράς
1374 5134 1475 5187 μου
1508 5116 1602 5171 καὶ
1648 5116 1815 5180 πόδας

1921 5038 2030 5077 non
2076 5029 2254 5077 autem
2300 5029 2539 5077 creatus.
2565 5021 2757 5077 Anam.
2808 5021 2928 5093 Ipse
2970 5021 3141 5077 dicit:
3177 5040 3196 5072 ι
3226 5021 3491 5095 Dominus

1921 5113 2126 5168 creavit
2149 5127 2257 5175 me,
2292 5112 2507 5167 initium
2535 5113 2746 5168 viarum
2773 5128 2999 5172 suarum
3024 5115 3090 5165 ⁹¹.
3132 5132 3152 5165 ι
3190 5112 3341 5169 Orth.
3373 5112 3490 5182 Ipse

220 5226 374 5281 μου,
431 5207 526 5261 καὶ
575 5207 951 5281 διεμερίσαντο
993 5208 1061 5261 τὰ
1113 5207 1304 5279 ἱμάτιά
1336 5224 1437 5277 μου
1463 5208 1693 5273 ἑαυτοῖς,
1724 5209 1797 5260 κα⁴

1921 5222 2136 5278 quoque
2165 5206 2343 5262 dicit:
2392 5225 2411 5257 ι
2454 5205 2731 5263 Fuderunt
2771 5222 2965 5262 manus
3019 5220 3168 5261 meas
3229 5211 3282 5260 et
3322 5204 3489 5275 pedes

212 5299 336 5356 ἐπὶ
366 5299 458 5353 τὸν
497 5299 786 5370 ἱματισμόν
823 5316 936 5371 μου·
962 5299 1149 5353 ἔϐαλον
1189 5300 1407 5371 κλῆρον.
1449 5318 1467 5350 ι
1520 5300 1714 5368 Ἀνόμ.
1752 5299 1816 5351 Τί

311 5456 365 5490 ’ί
406 5454 568 5510 Prov.
603 5470 723 5522 vtu,
756 5453 846 5508 22.

341 5611 436 5678 58)
476 5613 550 5666 Ἦ
570 5610 722 5681 deest
742 5612 796 5665 in
826 5610 1073 5681 Palatino
1102 5618 1157 5666 et
1185 5608 1375 5681 Regio.

341 5611 436 5678 58)
476 5613 550 5666 Ἦ
570 5610 722 5667 deest
742 5612 796 5665 in
826 5610 1073 5667 Palatino
1102 5618 1157 5666 et
1185 5610 1375 5681 Regio.

313 5610 437 5757 €59)
476 5681 631 5746 Mss.,
652 5676 797 5754 τίθη.
824 5680 990 5747 Infra,
1019 5681 1176 5745 κύνες
1204 5682 1357 5735 deest
1387 5680 1441 5735 iu
1472 5679 1741 5736 Palatino.

618 5774 890 5837 ΡΑτιιοι..
920 5774 1039 5837 Gn.
1088 5772 1355 5835 XXVIII
1362 5816 1380 5836 .

1923 5313 2097 5366 meos,
2133 5307 2187 5353 et
2214 5297 2399 5368 partiti
2423 5306 2551 5352 sunt
2568 5298 2890 5354 vestimenta
2924 5313 3044 5352 mea
3074 5298 3209 5362 sibi,
3233 5304 3288 5352 et
3323 5309 3488 5366 super

2001 5607 2110 5679 (60)
2146 5608 2216 5679 ᾼέ
2245 5609 2398 5664 deest
2428 5607 2486 5679 in
2510 5606 2778 5679 Palatino.

1937 5749 1948 5757 _
1994 5673 2107 5751 (61)
2145 5674 2319 5733 Palat.
2354 5673 2586 5749 et'li'eg.,
2616 5677 2942 5748 Ἐμέλλομεν
2972 5676 3080 5751 γὰρ
3110 5681 3211 5738 ἆπ.

3061 5772 3141 5833 36
