3878 6208
469 232 601 286 1151

1599 231 1656 284 S.
1689 228 2153 288 ATHANASIUS.
2189 261 2259 271 —
2293 230 2567 287 SPURIA.

3568 231 3724 285 HS!

464 349 674 399 vestem
712 357 888 398 meam
932 342 1197 398 miserunt
1235 349 1435 398 sortem
1472 345 1539 395 η.
1591 363 1610 394 ι
1662 345 1851 398 Αηοηι.
1892 344 2025 410 Quid

2134 346 2339 416 ὅμοιον,
2369 365 2387 396 ι
2419 345 2597 399 ἔκτισέ
2666 361 2753 415 με,
2798 362 2816 394 ι
2855 345 2980 410 καὶ,
3033 363 3052 393 ί
3091 343 3306 413 ὤρυξαν
3355 343 3541 416 χεὶράς
3601 360 3734 414 μου·

467 435 645 491 simile
673 435 813 490 inter
846 450 906 490 se
935 434 1154 500 habent,
1202 451 1220 484 ι
1254 435 1454 488 creavit
1482 449 1588 502 me,
1625 454 1643 487 ι
1665 443 1717 490 et
1737 454 1756 487 ι
1782 435 2033 491 foderunt

466 540 662 581 manus
689 541 841 580 meas
871 534 924 581 et
959 524 1160 595 pedes?
1197 543 1216 575 ι
1257 522 1410 578 Orth.
1445 523 1906 589 Quemadmodum
1955 527 2028 588 id,

467 617 614 688 quod
644 618 698 671 in
727 632 887 672 cruce
920 616 1163 671 futurum
1193 622 1342 681 erat,
1375 616 1706 683 enuntiavit,
1743 626 1801 671 ut
1837 618 1882 673 si
1917 617 2030 686 jam

462 708 668 763 factum
698 708 937 763 fuisset:
968 709 1042 762 ita
1087 707 1230 778 quod
1266 706 1510 760 futurum
1539 714 1656 760 erat
1697 709 1751 761 in
1787 709 2034 763 incarna-

465 800 632 865 tione,
661 800 818 864 dixit,
847 815 910 854 ac
941 783 991 854 si
1027 800 1140 870 jam
1191 801 1386 856 fuisset
1420 800 1644 855 factum.
1689 799 1877 870 Itaque
1921 815 2030 854 non

463 892 622 957 dixit,
653 891 914 946 Dominus
961 892 1166 946 creavit
1217 907 1302 948 me
1355 900 1478 947 ante
1517 892 1731 947 initium
1761 893 1882 959 viae,
1934 891 2029 947 sed

463 980 719 1050 quoniam
749 979 977 1033 aliorum
1015 979 1101 1032 via
1138 980 1347 1049 perdita
1390 988 1539 1048 erat,
1587 979 1803 1034 futurus
1849 988 2028 1033 autem

462 1071 621 1125 nobis
649 1077 767 1124 erat
795 1070 889 1138 qui
922 1069 1008 1123 via
1036 1083 1224 1125 recens
1253 1080 1307 1125 et
1328 1070 1516 1124 vivens
1546 1079 1710 1134 esset,
1743 1078 2028 1140 propterea

461 1163 595 1218 dicit
625 1181 638 1216 :
687 1179 707 1212 (
747 1159 1010 1216 Dominus
1047 1161 1249 1216 creavit
1281 1177 1367 1216 me
1401 1163 1615 1216 initium
1653 1162 1864 1216 viarum
1910 1177 2031 1218 sua-

460 1270 582 1309 rum
611 1255 679 1309 ad
699 1269 865 1324 opera
894 1268 1013 1308 sua.
1053 1272 1071 1304 ι
1105 1253 1292 1306 Anam.
1331 1271 1349 1303 ε
1379 1252 1518 1308 Ante
1551 1254 1809 1309 saeculum
1835 1253 2030 1307 funda-

459 1347 538 1402 vit
564 1361 670 1408 me,
707 1365 727 1397 ›
784 1344 990 1414 inquit,
1027 1361 1045 1394 ι
1081 1351 1369 1413 antequam
1414 1354 1616 1399 terram
1658 1344 1864 1400 faceret
1893 1346 1958 1400 ³³.
2005 1365 2023 1397 ›

461 1437 614 1494 Orth.
663 1435 760 1492 Dic
795 1444 854 1489 tu
893 1450 1154 1505 quoque:
1205 1453 1223 1485 ι
1259 1435 1626 1506 Quadraginta
1668 1450 1841 1490 annos
1884 1451 2027 1490 non--

457 1528 586 1583 dum
611 1527 864 1591 habes”,
895 1545 915 1578 ι
964 1536 1017 1581 et
1059 1534 1186 1582 ante
1231 1527 1486 1581 saeculum
1537 1525 1796 1582 fundatus
1837 1518 1936 1582 es?
1969 1535 2029 1579 ut

458 1620 674 1685 audias,
705 1637 726 1671 ι
763 1619 954 1683 Amen,
982 1634 1140 1674 amen
1197 1619 1320 1674 dico
1354 1619 1474 1681 tibi,
1499 1629 1788 1689 antequam
1831 1619 2028 1674 saecula

2131 438 2227 490 καὶ
2253 437 2452 503 πόδας;
2490 455 2508 489 ι
2555 438 2707 504 Ὀρθ.
2745 437 2957 506 Ὥσπερ
3003 435 3064 488 τὸ
3119 434 3308 506 μέλλον
3339 434 3585 503 γίνεσθαι
3614 435 3728 487 ἐπὶ·

2131 528 2223 581 τοῦ
2243 527 2496 599 σταυροῦ,
2514 527 2587 590 ὡς
2607 527 2704 600 ιίιδη
2730 526 2946 596 γεγονὸς
2973 525 3182 594 ἐλεγενο
3217 524 3386 588 οὕτως
3424 524 3485 578 τὸ
3511 519 3728 594 μέλλον

2130 621 2222 673 ἐπὶ
2244 620 2344 690 τῆς
2371 618 2717 690 σαρκώσεως,
2738 618 2812 682 ὠς
2840 618 2938 689 ἤδη
2971 617 3192 685 γεγονὸς
3235 616 3436 684 ἔλεγεν.
3483 617 3718 686 ’Δμέλει

2129 707 2261 778 γοῦν
2323 709 2424 762 οὐκ
2477 704 2632 760 εἴπεο
2665 706 2866 776 Κύριος
2901 704 3080 758 ἕκτισέ
3111 721 3177 775 με
3210 703 3314 775 πρὸ
3345 703 3519 774 ἀρχῆς
3549 702 3703 756 ὀδοῦ·

2129 798 2242 852 ἀλλ’
2263 798 2448 870 ἐπειδὴ
2481 797 2826 868 ἀπολλυμένη
2851 793 2918 867 ἦν
2946 797 2980 866 ή
3009 795 3126 859 ὁδὸς
3147 796 3252 848 τῶν
3282 795 3474 860 ἄλλων,
3505 794 3710 864 ἔμελλε

2128 891 2184 943 δὲ
2211 891 2340 960 ἡμῖν
2365 889 2609 959 γίνεσθαι
2636 889 2754 951 ὁδὸς
2784 887 3091 960 πρόσφατος
3118 888 3210 939 καὶ
3239 886 3407 950 ζῶσα,
3437 885 3528 938 διὰ
3549 886 3714 940 τοῦτο

2129 981 2304 1050 λέγει·
2342 999 2362 1031 ‹
2401 981 2603 1053 Κύριος
2633 980 2812 1034 ἔκτισέ
2843 997 2908 1050 με
2938 978 3108 1050 ἀρχὴν
3129 979 3262 1032 ὁδῶν
3291 979 3453 1033 αὑτοῦ
3471 981 3550 1042 είς
3567 980 3717 1049 ἔργα

2128 1067 2312 1121 αὐτοῦ.
2358 1088 2376 1121 ι
2419 1070 2616 1138 Ἀνόμ.
2655 1087 2674 1122 ‹
2711 1069 2823 1139 Πρὸ
2847 1066 2940 1120 τοῦ
2966 1067 3157 1130 αἰῶνος
3190 1067 3514 1137 ὲθεμελίωσέ
3548 1086 3643 1139 με,
3684 1087 3707 1120 ι

2127 1161 2294 1230 λέγει,
2329 1181 2348 1212 ‹
2391 1161 2496 1230 πρὸ
2518 1160 2611 1214 τοῦ
2637 1161 2736 1231 τὴν
2764 1161 2868 1231 γῆν
2891 1161 3132 1232 ποιῆσαι.
3176 1179 3194 1211 ›
3236 1161 3390 1227 Ὀρθ.
3414 1159 3552 1212 Εἰπὲ
3611 1161 3711 1212 καὶ

2130 1253 2216 1305 σύ·
2251 1271 2269 1304 ι
2302 1253 2716 1324 Τεσσαράκοντα
2742 1252 2837 1322 ἔτη
2886 1251 3037 1305 οῠπω
3064 1251 3282 1324 exex,»
3319 1252 3412 1304 καὶ
3461 1251 3567 1319 πρὸ
3606 1249 3709 1304 τοῦ

2129 1339 2320 1404 αἰῶνος
2365 1339 2761 1411 ὲθεμελιώθης;
2815 1341 2880 1394 ἶν’
2925 1340 3198 1412 ἀκούσῃς·
3252 1357 3272 1391 t
3323 1339 3510 1411 Ἀμὴν,
3555 1341 3709 1410 ἀμὴν

2127 1432 2270 1500 λέγω
2291 1449 2393 1496 σοι,
2428 1431 2532 1503 πρὸ
2562 1431 2653 1483 τοῦ
2688 1431 2814 1495 τοὺς
2851 1431 3051 1494 αἰῶνας
3075 1430 3344 1500 γενέσθαι,
3375 1430 3484 1499 ἐγώ
3512 1433 3654 1502 εἰμι.
3682 1450 3705 1482 ι

2141 1520 2335 1592 Ἀνόμ.
2371 1523 2480 1574 Kal
2503 1517 2570 1592 ἧν
2610 1521 2776 1575 αὐτοῦ
2804 1523 2837 1594 ἡ
2878 1523 3150 1592 σάρκωσις
3168 1521 3273 1592 πρὸ
3298 1521 3390 1574 τοῦ
3415 1523 3540 1585 τοὺς
3571 1522 3710 1575 αίῶ-

2130 1631 2226 1676 νας
2257 1611 2537 1681 γενέσθαι;
2579 1615 2732 1680 Ὀρθ.
2759 1614 2836 1683 Τῇ
2870 1611 3172 1684 προγνώσει
3200 1613 3294 1666 καὶ
3318 1612 3450 1666 αὐτὸ
3489 1603 3550 1665 τὸ
3595 1613 3708 1666 πά-

457 1711 818 1775 exsisterent,
861 1725 962 1780 ego
1004 1725 1126 1766 sum
1168 1711 1236 1765 9'.
1267 1728 1286 1762 ι
1335 1711 1525 1766 Αηοηι.
1554 1709 1636 1765 An
1685 1717 1805 1765 erat
1853 1711 2025 1780 ipsius

2127 1702 2217 1766 θος
2238 1719 2251 1733 ·
2286 1701 2426 1757 ὥστε
2478 1702 2655 1771 λέγειν
2691 1703 2882 1756 αὐτόν·
2909 1721 2928 1753 ι
2969 1702 3200 1772 Ὠρυξαν
3249 1703 3436 1773 χεῖράς
3471 1719 3571 1772 μου
3607 1705 3711 1755 καὶ

462 1801 786 1866 incarnatio,
843 1808 1135 1871 antequam
1194 1801 1517 1857 exsisterent
1577 1802 1816 1857 saecula?
1869 1786 2022 1855 Ονιῖίι.

459 1893 594 1960 Imo,
621 1894 765 1965 quod
787 1893 856 1948 ad
877 1893 971 1948 Dei
1000 1894 1393 1964 praescientiam
1423 1895 1633 1960 attinet,
1659 1894 1844 1964 passio
1865 1894 1979 1963 ipsa
2007 1913 2019 1947 :

459 1987 596 2043 adeo
625 1996 686 2042 ut
723 1987 966 2042 dixerit:
998 2003 1017 2036 ‹
1059 1984 1332 2039 Foderunt
1368 2001 1557 2042 manus
1591 2001 1739 2041 meas
1775 1974 1830 2040 et
1859 1986 2024 2056 pedes

457 2093 632 2145 meos,
664 2084 719 2132 et
762 2076 1027 2134 dederunt
1055 2076 1113 2131 in
1156 2091 1337 2132 escam
1387 2091 1562 2132 meam
1609 2076 1699 2144 fel,
1744 2084 1799 2136 et
1839 2079 1896 2133 in
1933 2078 2023 2132 siti

455 2183 579 2224 mea
607 2176 932 2239 potaverunt
963 2184 1050 2223 me
1066 2176 1230 2232 ,aceto
1259 2168 1324 2226 °°.
1358 2187 1378 2220 ›
1415 2169 1604 2223 Anam.
1638 2171 1708 2222 At
1735 2169 1885 2224 istud
1914 2185 2022 2224 non

457 2266 543 2316 est
567 2259 773 2314 dictum
805 2269 931 2314 ante
970 2259 1250 2322 saeculum,
1277 2274 1466 2313 verum
1506 2258 1726 2314 Davidis
1763 2261 2023 2330 tempori-

454 2349 582 2405 bus.
629 2349 784 2406 Orth.
839 2349 1056 2404 Dictum
1090 2364 1305 2421 quoque
1355 2359 1436 2405 est
1483 2364 1513 2404 a
1542 2351 1882 2421 temporibus
1927 2350 2020 2404 ﬁlii

452 2439 710 2508 Davidis,
758 2457 952 2512 nempe
987 2440 1351 2498 Salomonis:
1414 2460 1433 2493 ι
1495 2441 1760 2497 Dominus
1820 2443 2024 2498 creavit

453 2544 562 2585 me.
601 2549 620 2582 ι
669 2529 864 2586 Anam.
920 2531 1028 2611 Sed
1080 2532 1286 2588 dictum
1338 2539 1468 2588 est:
1517 2549 1538 2582 ι
1579 2531 1719 2587 Ante
1765 2533 2023 2588 saeculum

453 2619 702 2676 fundavit
727 2636 834 2678 me.
864 2640 884 2674 ι
920 2621 1071 2677 Orth.
1102 2622 1305 2694 Nempe
1324 2624 1603 2694 quoniam,
1646 2643 1666 2677 ‹
1703 2633 1827 2679 ante
1852 2639 2025 2679 saecu-

453 2711 568 2766 lum
608 2721 726 2767 erat
766 2713 1144 2769 absconditum
1191 2714 1295 2769 hoc
1338 2715 1676 2785 mysterium,
1711 2734 1728 2766 ι
1761 2723 1819 2769 ut
1846 2716 2024 2784 inquit

453 2799 678 2870 Paulus,
713 2821 732 2855 ι
768 2802 912 2872 quod
940 2819 1088 2859 nunc
1127 2802 1534 2858 manifestatum
1574 2813 1660 2859 est
1693 2803 1818 2859 filiis
1851 2805 2025 2858 homi-

452 2906 608 2945 num.
646 2910 667 2944 ι
692 2890 848 2956 Quod
877 2899 1058 2946 autem
1087 2892 1178 2946 ille
1205 2892 1277 2947 sit
1303 2891 1437 2946 illud
1471 2893 1650 2962 ipsum
1675 2933 1690 2956 ,
1725 2893 1872 2962 quod
1899 2901 2025 2948 ante

453 2983 655 3040 saecula
699 2982 986 3038 fundatum
1014 2990 1120 3048 est,
1152 2983 1282 3038 audi
1326 2999 1393 3039 ex
1422 2984 1614 3039 eodem
1650 2982 1843 3052 Paulo,
1895 2982 2024 3037 alibi

2126 1793 2312 1857 πόδας,
2359 1791 2450 1844 καὶ
2483 1792 2688 1845 ἔδωκαν
2724 1793 2804 1854 εἰς
2833 1791 2894 1844 τὸ
2929 1791 3124 1862 βρῶμά
3158 1809 3259 1862 μου
3289 1792 3471 1862 χολὴν,
3502 1792 3595 1844 καὶ
3621 1795 3711 1854 εἰς

2123 1885 2220 1957 τὴν
2253 1885 2407 1953 δίψαν
2439 1901 2539 1954 μου
2595 1885 2849 1937 ὲπότισάν
2884 1901 2950 1953 με
2983 1883 3123 1948 ὅξος.
3155 1903 3173 1935 ι
3206 1885 3402 1953 Ἀνόμ.
3451 1883 3587 1936 Ἀλλ’
3644 1886 3712 1936 οὐ

2125 1975 2230 2044 πρὸ
2259 1973 2350 2026 τοῦ
2409 1973 2601 2036 αἰῶνος
2649 1974 2804 2025 τοῦτο
2835 1972 3048 2044 ἐλέχθη,
3095 1973 3209 2025 ἀλλ’
3229 1972 3338 2025 ἀπὸ
3366 1971 3472 2024 τῶν
3496 1972 3714 2042 χρόνων

2123 2065 2302 2124 Δαϐίδ,
2341 2067 2493 2135 Ὡρθ.
2548 2065 2657 2117 Kal
2684 2065 2790 2117 ἀπὸ
2817 2064 2924 2117 τῶν
2981 2064 3188 2137 χρόνων
3233 2063 3326 2116 τοῦ
3362 2063 3472 2115 υἱοῦ
3508 2062 3711 2127 Δαϐιδ,

2121 2159 2362 2212 τουτέστι
2395 2157 2733 2229 Σολομῶνος,
2763 2157 2842 2221 τὸ,
2882 2176 2901 2208 ‹
2931 2155 3131 2229 Κύριος
3153 2154 3332 2208 ἕκτισέ
3368 2171 3454 2226 με,
3490 2172 3509 2205 ι
3546 2153 3717 2225 εἰρη-

2122 2267 2229 2302 ται.
2281 2250 2479 2318 Ἀνόμ.
2553 2249 2734 2313 Ἀλλὰ,
2789 2267 2807 2299 ι
2846 2248 2958 2319 Πρὸ
3005 2248 3099 2301 τοῦ
3156 2247 3720 2317 αἰῶνοςοὲθεμελίωσὲ

2127 2358 2216 2412 με,
2247 2360 2265 2393 ι
2300 2342 2533 2411 εἴρηται.
2576 2343 2729 2408 Ὀρθ.
2770 2358 2788 2390 ι
2823 2340 2936 2411 Πρὸ
2966 2359 2983 2391 ι
3025 2340 3132 2410 γὰρ
3191 2358 3209 2390 ι
3273 2338 3368 2392 τοῦ
3418 2339 3618 2401 αἰῶνος
3651 2339 3721 2392 τὸ

2127 2434 2422 2504 μυστήριον
2447 2431 2600 2486 τοῦτο
2615 2431 3107 2503 ἀποκεκρυμμένον
3146 2427 3237 2502 ἦν,
3274 2451 3293 2483 ι
3330 2431 3404 2494 ὡς
3427 2434 3454 2484 ὁ
3483 2430 3714 2495 Παῦλος

2123 2525 2268 2594 λέγει
2292 2564 2307 2589 ,
2342 2544 2360 2575 ι
2394 2524 2422 2576 ὃ
2447 2523 2542 2578 νῦν
2569 2522 2888 2596 ἐφανερώθη
2915 2526 3026 2586 τοῖς
3042 2524 3176 2587 υἱοῖς
3205 2524 3312 2577 τῶν
3343 2521 3715 2592 ἀνθρώπων.»

2124 2618 2232 2670 Kal
2268 2617 2348 2670 ὅτι
2371 2616 2533 2679 αὐτός
2562 2618 2678 2669 ἐστι
2713 2616 2772 2669 τὸ
2799 2616 2926 2687 πρὸ·
2955 2615 3063 2669 τῶν
3093 2615 3300 2669 αἰώνων
3352 2614 3718 2685 θεμελιωθὲν,

2124 2709 2288 2762 ἄκουε
2319 2706 2484 2760 αὐτοῦ
2507 2708 2600 2761 καὶ
2629 2708 2688 2759 ἐν
2710 2707 2887 2771 ἄλλοις
2915 2707 3165 2776 λέγοντος
3184 2724 3200 2737 ο
3233 2725 3252 2757 ‹
3297 2706 3554 2776 Θεμέλιον
3595 2707 3720 2780 γὰρ

2124 2802 2282 2856 ἄλλον
2333 2801 2506 2863 οὐδεὶς
2549 2799 2771 2854 δύναται
2828 2800 2998 2854 θεῖναι
3028 2798 3179 2870 παρὰ
3206 2798 3298 2850 τὸν
3330 2798 3606 2867 κείμενον,
3654 2799 3719 2863 ὃς

2124 2896 2241 2946 ἐστι
2297 2892 2529 2964 Χριστὸς
2577 2891 2836 2961 Ἰησοῦς,’
2865 2911 2884 2944 ι
2945 2892 3036 2944 τὸν
3096 2891 3339 2958 λέγοντα·
3393 2908 3412 2940 ι
3456 2891 3570 2962 Πρὸ
3613 2893 3719 2945 τοῦ

2126 2983 2318 3046 αίῶνος
2372 2981 2695 3052 ἐθεμελίωσέ
2753 2999 2840 3054 με.
2872 3001 2890 3033 ι
2924 2981 3158 3052 Χριστὸς
3190 2981 3246 3034 δὲ
3279 2980 3488 3051 Ἰησοῦς
3515 2981 3720 3036 ἔκτοτε

454 3075 705 3131 dicente:
741 3092 760 3125 ι
798 3073 1239 3130 Fundamentum
1277 3075 1423 3130 enim
1461 3076 1608 3130 aliud
1648 3090 1809 3130 nemo
1847 3083 2025 3144 potest

2128 3075 2260 3138 Θεὸς
2304 3045 2479 3144 Λόγος
2518 3045 2796 3147 κέκληται,
2849 3074 2906 3141 ἐξ
2934 3045 2995 3128 οξ
3023 3077 3050 3128 ὁ
3079 3076 3250 3144 Λόγος
3288 3045 3426 3146 σάρξ
3453 3074 3683 3142 ἐγένετο
3702 3095 3717 3106 ·

451 3181 690 3237 ponere,
751 3172 948 3235 praeter
1003 3164 1059 3219 id
1106 3165 1250 3235 quod
1307 3167 1546 3236 positum
1591 3175 1705 3234 est,
1759 3167 1904 3236 quod
1943 3175 2028 3222 est

453 3259 709 3314 Christus
737 3257 898 3313 Jesus
925 3258 969 3290 ³⁷
1001 3273 1013 3308 :
1059 3277 1078 3310 ι
1113 3266 1309 3327 praeter
1345 3274 1470 3314 eum
1503 3258 1784 3322 videlicet,
1810 3258 1904 3328 qui
1938 3257 2024 3311 di—

455 3350 568 3404 cit:
609 3368 628 3401 ι
659 3349 796 3405 Ante
838 3349 1096 3405 saeculum
1136 3349 1384 3405 fundavit
1428 3366 1532 3407 me.
1588 3371 1608 3404 ›
1641 3349 1894 3406 Christus
1925 3366 2048 3423 ιλιι-⁸

453 3447 565 3494 tem
593 3437 774 3506 Jesus,
807 3438 951 3496 Deus
978 3439 1216 3495 Verbum
1253 3448 1383 3496 tunc
1415 3449 1640 3498 vocatus
1670 3453 1784 3510 est,
1815 3459 1880 3498 ex
1910 3457 2020 3513 quo

454 3529 694 3590 Verbum
724 3532 925 3587 factum
954 3539 1038 3588 est
1059 3547 1209 3600 caro,
1237 3541 1290 3588 et
1317 3533 1520 3589 dictum
1553 3534 1658 3589 fuit
1681 3535 1748 3589 ab
1780 3536 1969 3605 angelo
2000 3552 2012 3587 :

2129 3169 2224 3221 καὶ
2247 3168 2438 3238 ἐλέχθη
2475 3167 2623 3239 παρά
2668 3166 2760 3221 τοῦ
2815 3167 3068 3236 ἀγγέλου·
3104 3186 3123 3218 ι
3159 3167 3423 3230 Καλέσεις
3443 3168 3505 3219 τὸ
3533 3167 3716 3237 ὄνομα

2131 3260 2297 3315 αὐτοῦ
2339 3260 2564 3330 Ἰησοῦν.
2598 3279 2616 3311 ι
2652 3261 2724 3314 Τὸ
2753 3260 2879 3331 ἄρα,
2904 3279 2922 3311 (
2955 3259 3158 3330 Κύριος
3185 3259 3366 3312 ἕκτισέ
3412 3276 3501 3328 με,
3531 3278 3549 3310 ι
3587 3263 3714 3322 καὶ,

2133 3370 2152 3403 ι
2192 3352 2306 3422 Πρὸ
2329 3351 2421 3404 τοῦ
2447 3351 2641 3414 αἰῶνος
2668 3351 2998 3422 ὲθεμελίωσέ
3037 3367 3123 3420 με,
3159 3368 3178 3401 ι
3207 3351 3335 3422 περὶ
3362 3351 3460 3420 τῆς
3492 3351 3699 3421 σαρκὼ

2128 3461 2264 3506 σεως
2318 3442 2481 3497 αὑτοῦ
2525 3445 2758 3514 εἴρηται,
2805 3442 2898 3496 τοῦ
2953 3442 3167 3513 ἀληθῶς
3209 3441 3314 3511 πρὸ
3339 3441 3444 3496 τῶν
3495 3442 3714 3498 αἰώνων

2123 3535 2613 3608 ἀποκεκρυμμένου
2644 3536 2962 3606 μυστηρίου.

457 3643 483 3681 c
520 3627 754 3686 Vocahis
780 3644 980 3685 nomen
1010 3629 1128 3698 ejus
1163 3627 1344 3684 Jesum
1382 3630 1449 3706 ⁸⁸.
1481 3651 1499 3682 ι
1534 3629 1718 3701 Itaque
1752 3631 1907 3698 illud,
1952 3651 1970 3682 ι
2011 3630 2277 3688 Dominus
2310 3633 2518 3687 creavit
2566 3647 2674 3697 me,
2727 3652 2746 3684 ι
2780 3640 2854 3698 et,
2897 3651 2915 3682 ι
2961 3632 3100 3686 Ante
3148 3632 3406 3688 saeculum
3455 3629 3714 3687 fundavit

454 3737 564 3788 me,
607 3741 626 3773 ι
653 3722 720 3778 de
748 3722 920 3793 ipsius
953 3722 1324 3778 incarnatione
1346 3723 1549 3779 dictum
1576 3731 1690 3790 est,
1723 3726 1978 3799 mysterio
2013 3726 2220 3783 scilicet
2250 3727 2342 3781 illo
2366 3741 2493 3782 vere
2518 3733 2642 3781 ante
2671 3727 2869 3782 saecula
2893 3725 3233 3782 abscondito.

525 3859 613 3913 10.
647 3857 840 3913 Anam.
882 3858 989 3914 Sed
1027 3861 1298 3930 quomodo
1337 3865 1518 3930 putest
1562 3864 1636 3916 ita
1673 3864 1925 3933 genuisse
1952 3880 2020 3919 ex

456 3962 556 4002 sua
586 3947 758 4016 ipsius
794 3947 1097 4018 hypostasi,
1131 3959 1190 4003 ut
1231 3951 1366 4005 nihil
1408 3952 1480 4005 sit
1508 3953 1839 4020 perpessus?
1865 3953 2017 4008 Orth.

454 4034 612 4101 Illud,
642 4035 905 4104 quomoda
939 4046 1126 4105 potest,
1155 4055 1223 4093 ne
1256 4039 1518 4111 investiga
1549 4041 1720 4096 :illud
1753 4059 1880 4097 vero
1902 4084 1917 4104 ,
1958 4059 2022 4097 ea:

451 4126 748 4196 hypastasi,
780 4142 811 4181 a
839 4129 995 4184 nobis
1036 4138 1315 4186 ostensum
1360 4141 1464 4191 est.
1513 4120 1702 4188 Anam.
1743 4133 2022 4200 Quomodo

453 4226 736 4274 ostensum
763 4220 882 4274 est?
913 4219 1064 4274 Orth.
1088 4221 1379 4278 Ostensum
1402 4232 1605 4280 estnon
1630 4241 1750 4281 esse
1768 4227 2024 4296 quiddam

455 4318 719 4362 creatum.
761 4308 919 4375 Quod
954 4320 1135 4365 autem
1167 4328 1276 4367 non
1309 4321 1391 4368 est
1418 4326 1681 4383 creatum,
1714 4323 1808 4369 aut
1832 4325 1915 4371 est
1944 4318 2026 4370 in-

2197 3864 2284 3918 10.
2325 3862 2521 3933 Ἀνόμ.
2552 3864 2662 3917 Kal
2691 3864 2806 3928 πῶς
2826 3862 3048 3916 δύναται
3076 3863 3328 3933 γεννῆσαι
3353 3863 3418 3914 ὲκ
3443 3863 3543 3931 τῆς
3573 3863 3711 3916 ὑπο-

2129 3955 2367 4019 στάσεως
2385 3955 2571 4019 αὺτοῧ,
2595 3955 2688 4008 καὶ
2715 3955 2788 4025 μὴ
2806 3955 2995 4007 παθεῖν
3022 3973 3035 4019 ;
3061 3956 3217 4022 Ὀρθ.
3252 3954 3345 4016 Τὸ,
3379 3953 3503 4018 πῶς
3516 3952 3714 4007 δύνα-

2127 4066 2242 4111 ται,
2270 4047 2342 4118 μὴ
2365 4047 2604 4113 ἐξέταζεο
2623 4046 2769 4109 τὸδὲ,
2787 4046 2854 4098 ἐκ
2870 4038 2976 4113 τῆς
2991 4044 3709 4109 ὺποστάσεωςβέδεικται.

2131 4140 2329 4207 Ἀνόμ.
2375 4137 2500 4200 Πῶς
2525 4137 2822 4201 δέδεικται;
2863 4138 3015 4204 Ὀρθ.
3051 4139 3170 4190 Ὅτι
3197 4129 3295 4189 οὐκ
3327 4136 3440 4187 ἐστι
3469 4136 3714 4205 κτίσμα,

2128 4227 2409 4282 δέδεικται.
2441 4228 2512 4281 Τὸ
2541 4227 2597 4280 δὲ
2626 4228 2701 4298 μὴ
2728 4229 2787 4283 ὃν
2816 4229 3041 4298 κτίσμα,
3069 4229 3102 4298 ἦ
3143 4227 3433 4298 ἀγέννητον
3468 4227 3647 4290 ἐστιν,
3680 4227 3712 4284 ἦ

2128 4317 2403 4388 γεννητὸν,
2433 4318 2465 4388 ἢ
2499 4319 2824 4388 ὲκπορευτὸν
2854 4318 2928 4380 ὡς
2961 4317 3018 4382 ἐξ
3057 4317 3248 4370 αἰτίου.
3282 4317 3608 4385 Ἀγέννητος
3655 4319 3711 4370 δὲ

456 4400 698 4470 genitum
725 4409 817 4454 aut
842 4403 1103 4470 genitum,
1133 4410 1226 4456 aut
1268 4405 1568 4472 procedens
1601 4410 1659 4458 ut
1698 4421 1765 4460 ex
1797 4415 2019 4462 auctore

2122 4411 2219 4463 οὐκ
2251 4409 2340 4461 ἔστ
2351 4427 2414 4474 ιν,
2435 4409 2562 4471 Υἱὸς
2583 4409 2656 4462 ὢν
2673 4410 2945 4480 γεννητὸς’
2965 4410 3069 4478 ἄρα
3089 4404 3181 4462 οὖν
3202 4408 3535 4477 ὲκ(61⁹)τῆς
3567 4409 3710 4462 ὑπο-

457 4490 571 4543 sive
592 4501 779 4543 causa.
805 4487 923 4543 Non
950 4501 1034 4544 est
1063 4500 1243 4545 autem
1269 4493 1573 4562 ingenitus,
1595 4509 1720 4548 cum
1761 4495 1832 4550 sit
1853 4491 2022 4549 Filius

457 4578 672 4648 genitus
702 4596 716 4632 :
749 4591 876 4645 ergo
908 4587 1076 4634 estex
1115 4580 1415 4650 hypostasi.
1446 4582 1634 4637 Anam.
1659 4582 1726 4637 Et
1751 4585 2024 4654 quomodo

456 4676 634 4738 potest
656 4683 776 4723 esse
798 4685 866 4723 ex
891 4669 1207 4740 hypostasi?
1234 4671 1387 4726 Orth.
1405 4672 1522 4729 Nisi
1546 4675 1614 4730 sit
1629 4691 1697 4730 ex
1719 4675 2022 4746 hypostasi,

455 4769 551 4812 aut
577 4766 662 4814 est
691 4769 931 4814 creatum
972 4761 1272 4830 quidpiam,
1311 4776 1404 4818 aut
1453 4767 1723 4836 ingenitus
1756 4787 1768 4822 :
1806 4784 1914 4822 non
1945 4773 2027 4825 est

453 4848 619 4922 [διά.
670 4858 851 4905 autem
901 4851 1194 4920 ingenitus,
1249 4869 1370 4908 cum
1418 4855 1489 4910 sit
1530 4857 1744 4912 Filius:
1789 4875 1899 4913 non
1946 4869 2029 4915 est

454 4953 697 4997 creatum
727 4943 1005 5014 quidpiam
1037 4963 1049 4997 :
1098 4958 1200 4999 nec
1234 4947 1379 5001 enim
1428 4949 1707 5003 mandavit
1747 4959 1801 5004 et
1846 4950 2023 5007 factus

454 5039 577 5100 est;
609 5031 705 5088 sed
741 5049 809 5088 ex
837 5043 993 5088 utero
1019 5034 1198 5104 ipsum
1238 5037 1424 5105 genuit
1456 5056 1469 5092 :
1503 5046 1586 5093 est
1623 5039 1788 5110 igitur
1818 5054 1886 5096 ex
1926 5041 2026 5112 hy-

455 5125 692 5193 postasi,
731 5141 842 5181 non
883 5138 1062 5181 autem
1109 5142 1175 5182 ex
1217 5128 1411 5196 nihilo,
1460 5130 1604 5184 sicut
1646 5146 1709 5187 ea
1753 5148 1874 5202 quae
1928 5142 2024 5202 per

455 5216 774 5271 mandatum
811 5218 1157 5273 exstiterunt.
1193 5217 1383 5273 Anam.
1427 5222 1669 5276 Rursum
1706 5223 1872 5293 igitur
1902 5234 2024 5280 ute-

527 5389 573 5423 "
610 5389 752 5446 Psal.
788 5408 914 5458 ιιι,
963 5393 1161 5461 17-19;
1198 5394 1382 5449 Matth.
1421 5412 1604 5461 xxvn,
1636 5398 1727 5454 55.

1831 5399 1876 5468 εξ
1911 5397 2074 5465 Prov,
2111 5415 2233 5466 vm,
2280 5399 2372 5454 22.
2447 5401 2495 5434 ⁸⁸
2523 5400 2681 5457 Joan.
2719 5416 2839 5468 vm,
2873 5401 2961 5456 57.
3038 5403 3084 5434 °'
3125 5402 3258 5458 ibid.
3295 5401 3386 5458 58.

2127 4499 2364 4562 στάσεώς
2394 4499 2502 4572 (62)
2530 4501 2696 4552 ἐστιν.
2738 4498 2934 4567 ’Λνόμ.
2965 4497 3074 4551 Kal
3096 4497 3210 4560 πῶς
3235 4497 3454 4550 δύναται
3480 4491 3625 4550 εἶναι
3649 4501 3710 4550 ἐν

2124 4592 2221 4661 τῆς
2251 4591 2632 4655 ὑποστάσεως;
2684 4591 2836 4658 Ὀρθ.
2872 4589 2934 4642 Et
2969 4590 3044 4660 μὴ
3073 4588 3217 4641 ἔστιν
3245 4589 3308 4641 ὲκ
3333 4589 3433 4658 τῆς
3465 4590 3706 4644 ὑποστά-

2128 4701 2282 4747 σεως,
2305 4683 2336 4754 ἢ
2361 4682 2564 4752 κτίσμα
2590 4683 2755 4747 ἐστὶν,
2781 4681 2813 4752 ἢ
2843 4681 3158 4751 ἀγέννητος·
3198 4679 3490 4750 ἀγέννητὸς
3521 4681 3579 4733 δὲ
3608 4684 3708 4734 οὐκ

2127 4774 2291 4837 ἐστιν,
2323 4774 2449 4836 Υἱὸς
2478 4771 2569 4825 ὦν·
2600 4771 2804 4843 κτίσμα
2827 4774 2926 4825 οὐκ
2946 4771 3091 4824 ἔστιν
3113 4789 3126 4804 ο
3152 4771 3210 4825 οὐ
3243 4771 3351 4843 γὰρ
3375 4771 3708 4836 ἐνετείλατο,

2131 4866 2223 4917 καὶ
2256 4865 2502 4932 ἐγένετοο
2538 4863 2674 4917 ἀλλά
2697 4867 2761 4917 ἐκ
2798 4864 3034 4932 γαστρὸς
3079 4863 3240 4916 αὑτὸν
3284 4863 3578 4933 ἐγέννησεν
3600 4881 3616 4894 ·
3642 4865 3707 4918 ἐκ

2127 4955 2224 5024 τῆς
2253 4954 2599 5017 ὑποστάσεως
2629 4955 2756 5024 ἄρα,
2776 4955 2869 5008 καὶ
2896 4955 2993 5007 οὐκ
3015 4954 3070 5020 ἐξ
3095 4949 3194 5006 οὔκ
3221 4953 3388 5006 ὄντων
3406 4953 3542 5015 ἐστὶ,
3567 4953 3682 5007 καθ

2130 5045 2270 5116 άπερ
2314 5046 2381 5099 τὰ
2425 5045 2542 5098 κατ’
2574 5046 2793 5116 ἐντολὴν
2825 5045 3378 5117 ὑπάρξαντα.Ἀνόμ.
3407 5046 3578 5098 Πάλιν
3609 5042 3705 5099 οὖν

2129 5135 2377 5188 σύνθετον
2426 5136 2662 5207 νομίζεις
2701 5134 2793 5190 τὸν
2847 5137 2997 5201 Θεὸν,
3047 5136 3287 5208 γαστέρα
3307 5137 3501 5205 λέγων.
3539 5138 3681 5204 Ὀρθ

2126 5226 2217 5296 Μὴ
2242 5225 2446 5278 νένοιτο
2499 5224 2746 5278 σύνθετον
2794 5227 2966 5281 εἰπεῖν
2999 5226 3086 5280 τὸν
3107 5226 3268 5279 Θεόνῖ
3326 5226 3483 5291 ἀλλὰ,
3515 5227 3698 5289 καθὼς

3462 5402 3510 5435 ⁸⁸
3549 5400 3677 5459 Psat

456 5469 585 5524 ut,
633 5461 732 5528 I7;
766 5477 968 5529 vam,
1003 5463 1093 5518 22.
1168 5465 1212 5496 ‘7
1254 5464 1430 5539 ICOI'.
1462 5482 1562 5536 tu,
1603 5467 1689 5522 11.
1767 5468 1811 5500 ³⁸
1848 5467 1977 5526 Luc.
2014 5461 2189 5538 1,31.

411 5698 416 5708 γ
521 5611 656 5683 (61⁸)
688 5613 868 5686 Vulg.,
899 5615 1016 5670 οὐκ.
1052 5615 1204 5674 Enn.

2187 5622 2299 5690 (62)
2341 5625 2484 5682 Ἀοα
2507 5625 2582 5682 ὢν
2614 5626 2679 5680 ὲκ
2714 5625 2817 5688 τῆς
2840 5626 2932 5682 ὑπ.
2965 5624 3140 5681 Palat.
