3878 6208
169 249 280 306 H33

1121 253 1208 308 DE
1249 254 1517 310 SANCTA
1547 242 1918 310 'l‘lthl'l‘A‘l‘E
1959 259 2305 312 annosus
2345 251 2385 312 ι.

3235 276 3380 325 110.

167 368 383 439 ἀνωτέρω
408 369 519 439 (65)
555 366 724 432 εἷπον,
749 371 845 439 τὴν
867 371 1128 440 γαστέρα,
1145 373 1212 442 ἢν
1241 367 1391 425 εἶπεν
1419 374 1451 442 ἡ
1483 373 1684 442 Γραφὴ1

1796 387 1920 425 rum
1989 372 2197 439 dicens,
2245 373 2528 428 existimas
2581 372 2749 428 Deum
2808 389 2930 432 esse
2983 379 3374 448 compositum.

162 461 239 514 τοῦ
257 461 388 525 Θεοῦ,
416 462 525 529 ἐγὼ
545 463 603 514 τὸ
619 463 931 534 γεννητικὸν
945 465 1044 534 τῆς
1059 465 1407 526 ὑποστάσεως
1434 463 1556 516 νοῶ.
1581 464 1692 516 Καὶ

160 553 253 623 γὰρ
281 554 358 606 καὶ
387 555 470 622 ἐφ’
499 553 653 624 ἡμῶν
694 553 972 624 κέχρηται,
1008 553 1082 617 ὡς
1137 554 1637 626 προαποδέδεικται,
1657 555 1691 625 ἡ

163 644 194 694 Γ
197 643 319 716 ραφὴ
346 647 409 716 τῇ
435 644 694 715 συνηθείᾳ
720 644 911 715 ταύτῃ,
938 644 1168 713 λέγουσα
1186 662 1200 676 ο
1236 664 1254 696 ι
1302 645 1434 698 Ἀπὸ
1461 645 1553 697 τοῦ
1601 645 1695 714 φό-

157 736 240 788 ϐου
279 753 377 800 σου,
410 736 600 806 Κύριε,
639 738 698 789 ὲν
751 737 947 807 γαστρὶ
984 737 1267 806 ἐλάϐομεν,
1296 737 1389 789 καὶ
1436 737 1697 806 ὠδινήσα-

156 826 352 893 aanimi
379 825 634 895 ἐτέκομεν
648 825 869 895 Πνεῦμα
891 825 1178 896 σωτηρίας.
1200 845 1219 876 ι
1239 826 1341 878 Ἐν
1368 824 1576 894 γαστρὶ
1602 825 1691 877 λέ-

154 932 269 984 γων,
291 915 396 984 οὐχὶ
426 914 522 985 τὴν
550 915 1011 985 σωματικὴν,ὰλλ’
1033 916 1090 967 ὲν
1115 915 1248 984 αὐτῇ
1279 918 1344 984 τῇ
1371 915 1686 968 ὑποστάσει.

161 1007 332 1076 Ἀνόμ.
361 1008 494 1077 Παρ*
527 1006 703 1073 ὀλίγον
737 1024 802 1077 με
853 1006 1059 1070 πείθεις
1094 1009 1487 1079 ὀμοουσιαςτὴν
1537 1009 1690 1075 γενέ-

147 1095 278 1150 σθαι.
306 1097 446 1164 Ὀρθ.
479 1095 648 1148 Δώσοι
674 1094 784 1164 (64)
829 1095 910 1147 σοὶ
943 1095 971 1146 6
1022 1095 1154 1158 Θεὸς
1186 1096 1507 1166 Χριστιανὸν
1543 1097 1691 1165 γενέ-

145 1185 286 1239 ιθαιο
311 1186 428 1239 ὅταν
453 1187 560 1256 γὰρ
603 1185 941 1256 ὁμολογήσῃς
987 1185 1267 1257 ὁμοούσιον
1310 1187 1403 1239 τὸν
1441 1187 1566 1240 Υἱὸν
1612 1187 1688 1257 τῷ

142 1277 316 1347 ζΙατρὶ,
342 1277 457 1330 τότε
485 1278 804 1348 Χριστιανὸς
827 1278 1036 1344 ἐγένου.

1794 463 1944 518 Orth.
1986 465 2169 528 Absit,
2213 472 2271 518 ut
2320 464 2486 520 Deum
2559 465 2736 521 dicam
2802 483 2924 524 esse
2974 472 3371 539 compositum!

1792 553 1908 618 sed,
1941 561 2002 609 ut
2056 557 2309 626 superius
2362 556 2496 623 dixi,
2536 557 2678 612 uteri
2726 559 2969 626 nomine,
3015 559 3162 630 quod
3225 559 3376 615 Scri-

1792 653 1953 715 ptura
2000 645 2112 701 Deo
2156 647 2375 712 tribuit,
2423 649 2816 718 generatricem
2851 651 2961 704 vim
3013 651 3372 722 hypostaseos

1794 737 1968 806 ipsius
1994 738 2257 809 intelligo.
2294 737 2428 793 Nam
2455 739 2523 794 de
2571 740 2731 795 nobis
2778 742 2944 796 etiam
2998 757 3164 813 agens
3225 741 3374 797 Scri-

1797 835 1980 898 ptura,
2018 830 2162 884 sicut
2196 829 2351 899 prius
2373 829 2802 887 demonstratum
2829 825 2949 897 est,’
2973 833 3045 886 ita
3073 834 3221 904 loqui
3244 849 3372 889 con-

1799 922 1990 985 suevit,
2025 929 2085 975 ut
2139 937 2264 977 cum
2296 922 2472 994 inquit
2499 943 2511 977 :
2544 943 2563 975 ι
2596 925 2640 976 Α
2667 925 2863 980 timore
2893 927 2992 991 tui,
3025 925 3285 993 Domine,
3310 927 3370 982 in

1797 1019 1953 1065 utero
1990 1013 2342 1083 concepimus
2389 1022 2446 1070 et
2486 1014 2908 1084 parturivimus,
2961 1023 3015 1072 et
3059 1018 3372 1088 peperimus

1799 1099 2060 1171 Spiritum
2098 1103 2295 1158 salutis
2323 1105 2388 1156 θ’.
2429 1123 2447 1156 ι
2496 1103 2562 1158 In
2591 1113 2740 1159 utero
2783 1105 2992 1168 dicens,
3017 1121 3124 1160 non
3165 1107 3372 1162 intelli-

1793 1191 1871 1260 git
1893 1207 2216 1262 corporeum
2238 1200 2474 1260 uterum,
2499 1195 2593 1250 sed
2620 1195 2672 1256 in
2707 1195 2823 1264 ipsa
2855 1196 3150 1266 hypostasi.
3175 1195 3366 1252 Anam.
3429 1196 3434 1205 ’

1792 1281 1991 1338 Parum
2024 1282 2206 1348 abest,
2254 1286 2386 1354 quin
2422 1286 2555 1339 mihi
2593 1286 2923 1356 persuadeas
2959 1296 3018 1340 ut
3071 1287 3192 1341 liam
3237 1305 3369 1342 con-

140 1371 567 1425 substantial-ista.
609 1369 765 1425 Orth.
820 1369 1037 1424 Utinam
1094 1370 1184 1425 det
1232 1371 1329 1424 tibi
1383 1369 1565 1438 Deus,
1619 1379 1680 1425 ut
1715 1372 2062 1434 Christianus
2121 1378 2340 1434 evadas.
2375 1378 2529 1434 Tunc
2585 1381 2730 1434 enim
2771 1380 3118 1438 Christianus
3173 1382 3370 1454 lueris,

137 1477 252 1516 cum
272 1461 545 1516 confessus
565 1459 733 1516 fueris
767 1458 964 1514 Filium
1013 1475 1142 1516 esse
1197 1459 1345 1514 Patri
1402 1461 1942 1522 consubstantialem.

203 1554 284 1608 Η.
318 1554 505 1622 Ἀνόμ.
523 1552 834 1623 Ὃμοούσιον
857 1553 909 1604 τί
933 1555 1048 1605 ἐστι
1069 1569 1082 1617 ;
1113 1551 1250 1605 θέλω
1271 1552 1379 1624 γὰρ
1406 1558 1501 1606 καὶ
1524 1553 1682 1606 τοῦτο

138 1643 328 1714 μαθεῖν.
356 1644 445 1712 Μὴ
487 1644 516 1696 6
543 1643 703 1706 αὐτός
757 1645 903 1696 εστιν
923 1645 952 1696 6
980 1644 1108 1707 Υἱὸς
1141 1645 1233 1696 καὶ
1264 1645 1442 1717 Πατήρ
1473 1659 1500 1710 ,⁸
1536 1646 1688 1713 Ὀρθ.

132 1735 218 1806 Μὴ
244 1735 436 1804 γένοιτο
464 1737 663 1788 εἰπεῖνῐ
702 1735 900 1804 Ἀνόμ.
919 1735 982 1788 Τί
1006 1731 1097 1788 οὖν
1125 1737 1306 1799 ὲστιν;
1338 1737 1692 1806 ἀληθῶς·γὰρ

128 1826 259 1879 θέλω
291 1826 492 1897 μαθεῖν.
535 1827 688 1894 Ὀρθ.
739 1825 1050 1896 Ὁμοούσιόν
1093 1829 1263 1889 ὲστιν,
1316 1825 1345 1879 6
1387 1826 1478 1879 τὸν
1531 1827 1692 1880 αὐτὸν

125 1919 416 1989 ἐπιδέχεται
453 1917 608 1986 λόγον
635 1917 736 1988 τῆς
761 1917 968 1981 οὐσίας’
1001 1913 1114 1971 οἷον
1165 1917 1449 1988 ἄνθρωπος
1482 1917 1692 1988 ἀνθρώε

124 2027 225 2062 ⁴που
256 2009 397 2062 οὐδὲν
439 2010 701 2079 διαφέρει,
741 2009 875 2063 καθὸ
922 2008 1206 2080 ἄνθρωπός
1235 2009 1411 2062 ἐστιν·
1462 2009 1690 2077 ἄγγελος

121 2101 342 2169 ἀγγέλου
383 2101 534 2154 οὐδὲν
583 2096 907 2175 διαφέρει,
935 2101 1162 2170 ἄγγελός
1213 2103 1389 2154 ἐστιν*
1420 2100 1563 2154 οὕτω
1596 2102 1689 2154 καὶ

121 2192 248 2255 Θεὸς
270 2191 395 2245 Θεοῦ
416 2193 565 2246 οὐδὲν
597 2192 860 2265 διαφέρει,
949 2193 1079 2256 Θεός
1104 2195 1270 2245 ἐστιν.
1294 2193 1497 2262 Ἀνόμ.
1524 2193 1688 2246 Οὐδὲν

119 2279 212 2336 οὖν
241 2285 476 2355 διαφέρει
505 2286 532 2337 6
571 2284 762 2356 Πατὴρ
794 2283 888 2337 τοῦ
939 2283 1070 2337 Υἱοῦ
1101 2284 1250 2355 (65);
1293 2286 1446 2353 Ὀρθ.
1490 2286 1577 2338 Ἐν
1605 2285 1687 2356 τῷ

116 2376 249 2430 Θεὸν
301 2379 390 2430 καὶ
421 2378 640 2451 Πατέρα
672 2376 833 2442 εἶναι,
864 2375 925 2431 οὗ
949 2393 961 2406 ο
994 2379 1052 2431 ἐν
1073 2376 1152 2448 τῷ
1183 2377 1404 2449 Πατέρα
1439 2378 1532 2431 καὶ
1559 2379 1686 2432 Υἱὸν

115 2465 280 2535 εἶναι,
311 2469 398 2524 ναί
417 2486 430 2498 °
456 2471 537 2523 ὅτι
566 2472 595 2523 6
623 2470 721 2540 μὲν
777 2470 1086 2540 ἐγέννησεν,
1120 2472 1148 2522 6
1178 2470 1235 2523 δὲ
1279 2472 1563 2537 γεννᾶται·
1592 2472 1686 2523 καὶ

112 2560 268 2612 τοῦτὸ
309 2563 423 2614 ἐστι
451 2563 510 2615 τὸ
538 2563 843 2634 ὁμοούσιον.
879 2561 932 2615 Ἀ
943 2563 1076 2632 νόμ.
1103 2562 1194 2615 Ἐν
1225 2563 1398 2617 οὐδενὶ
1422 2560 1514 2616 οὖν
1542 2563 1686 2635 ἄλλῳ

110 2654 348 2726 διαφέρει
378 2657 406 2708 6
439 2655 624 2726 Πατὴρ
658 2655 750 2708 τοῦ
786 2654 950 2721 Tios;
985 2653 1178 2708 Καίτοι
1205 2655 1530 2727 γέγραπται·
1563 2675 1582 2707 ι
1619 2656 1684 2708 Τί

107 2762 182 2814 με
226 2744 398 2812 λέγεις
447 2745 648 2813 ἀγαθὸν
692 2741 862 2809 dvas;
915 2744 1104 2807 Οὐδεὶς
1134 2745 1337 2812 ἀγαθὸς
1368 2747 1417 2798 εἰ
1461 2745 1535 2816 μὴ
1560 2741 1684 2810 εἷςὸ

100 2838 259 2900 Θεός.
285 2857 304 2890 ι
334 2839 490 2907 Ὀρθ.
514 2840 628 2892 Οὐκ
649 2837 795 2892 ἔστιν
821 2833 914 2892 οὖν
941 2837 1144 2907 ἀγαθὸς
1191 2838 1220 2889 6
1265 2838 1394 2901 Υἱός
1416 2855 1429 2902 ;
1477 2839 1675 2907 Ἀνόμδ

103 2930 281 2994 Αὐτὸς
300 2923 418 2982 εἶπε
440 2948 452 2960 ο
487 2930 582 2982 «Τί
611 2948 676 3001 με
707 2931 888 3000 λέγεις
917 2931 1158 3000 ἀγαθόν;
1194 2931 1382 2994 Οὐδεὶς
1399 2931 1604 3000 ἀγαθὸς
1625 2934 1673 2984 εἰ

103 3024 183 3093 μὴ
211 3015 291 3084 εἷς
315 3023 343 3074 6
373 3023 522 3087 θεός.
563 3043 581 3074 ι
617 3024 772 3092 Ὀρθ.
802 3025 982 3096 Ὁρᾷς,
1013 3026 1094 3078 ὅτι
1136 3024 1316 3088 καλῶς
1345 3021 1517 3089 εἷπον,
1552 3026 1678 3078 ὅταν
1705 3041 1748 3100 C

95 3115 442 3187 ὁμολογήσῃς
458 3119 485 3169 6
492 3117 619 3188 μοού
627 3134 736 3171 σιον
749 3119 840 3172 τὸν
854 3119 979 3172 Υἱὸν
991 3119 1068 3189 τῷ
1079 3121 1272 3190 Πατρὶ,
1291 3121 1411 3173 τότε
1429 3121 1684 3190 Χριστια-

93 3207 192 3270 νὸς
213 3209 337 3280 γίνῃ
360 3227 374 3274 ;
405 3209 604 3278 Ἀνόμ.
635 3209 776 3278 Ἐγὼ
804 3210 1062 3275 πιστεύω,
1083 3212 1164 3264 ὅτι
1193 3212 1516 3282 Χριστιανός
1543 3214 1678 3282 εἰμι.

91 3300 259 3366 Ὀρθ.
292 3301 616 3371 Χριστιανὸς
641 3303 689 3353 εί
726 3296 794 3372 ἧς
822 3302 980 3375 (65‘),
1009 3305 1108 3356 οὑκ
1140 3303 1341 3371 ἔλεγες,
1368 3305 1449 3356 ὅτι
1483 3303 1682 3372 ἀγαθὸς

87 3393 197 3443 οὐκ
229 3391 380 3444 ἔστιν
407 3395 435 3444 ὁ
466 3392 612 3455 Υἱός.
642 3393 842 3462 Ἀνόμ.
874 3395 985 3447 Οὐκ
1007 3390 1178 3458 εἷπον,
1221 3395 1302 3447 ὅτι
1329 3394 1530 3464 ἀγαθὸς
1583 3396 1683 3447 οὐκ

84 3484 265 3549 ἔστιν,
291 3483 500 3537 ἀλλ’ὅτι
520 3484 678 3548 αὐτὸς
695 3481 863 3538 εἶπεν·
891 3505 909 3537 ι
931 3487 1118 3550 Οὐδεὶς
1151 3485 1351 3555 ἀγαθὸς
1373 3488 1419 3539 εί
1457 3485 1530 3557 μὴ
1554 3484 1632 3551 εἷς
1654 3488 1682 3538 6

83 3573 246 3635 Θεός.
289 3590 309 3623 ι
348 3573 502 3640 Ὀρθ.
530 3576 638 3626 Καὶ
665 3575 940 3646 διαφέρειν
961 3575 1140 3644 λέγεις
1161 3577 1251 3630 τὸν
1286 3575 1506 3648 Πατέρα
1536 3579 1594 3629 ὲν
1613 3580 1678 3648 τῇ

80 3664 420 3736 ἀγαθότητι,
454 3665 547 3718 τοῦ
596 3665 762 3732 Tim};
808 3669 1006 3737 Ἀνόμ.
1047 3667 1217 3730 Αὐτὸς
1260 3661 1415 3719 εἷπε·
1459 3686 1478 3718 ι
1519 3666 1584 3718 Τί
1614 3685 1681 3737 με

81 3757 280 3823 λέγεις
307 3756 545 3824 ἀγαθόν;
575 3757 763 3820 Οὐδεὶς
817 3759 1020 3827 ἀγαθὸς
1077 3759 1125 3810 εἰ
1174 3757 1248 3828 μὴ
1279 3751 1358 3820 εἷς
1399 3759 1428 3809 6
1469 3756 1616 3820 Θεός.
1657 3776 1674 3807 ι

77 3850 249 3916 Ὄρθ.
284 3850 403 3902 Οὐκ
433 3847 576 3902 εἷπε·
623 3849 712 3920 Μή
747 3868 814 3920 με
849 3849 975 3917 λέγε
1011 3849 1232 3916 ἀγαθὸν,
1257 3847 1413 3916 ἀλλὰ,
1457 3869 1474 3901 ‹
1516 3850 1579 3902 Τί
1613 3867 1679 3920 με

73 3941 266 4008 λέγεις
311 3939 549 4008 ἀγαθόν;
586 3959 604 3992 ι
643 3940 839 4009 ’Λνόμ.
873 3941 983 3993 Καὶ
1016 3939 1154 4011 τίςή
1183 3939 1414 4011 διαφορὰ
1440 3939 1554 4003 τοῦ,
1585 3941 1676 4010 Μή

73 4045 152 4100 με
176 4029 313 4097 λέγε
342 4029 566 4097 ἀγαθὸν,
589 4030 682 4082 καὶ
700 4028 816 4092 τοῦ,
847 4030 912 4081 Τί
939 4047 1005 4100 με
1025 4028 1200 4097 λέγεις
1239 4028 1476 4097 ἀγαθόν;
1521 4029 1673 4096 Ὀρθ.

70 4120 293 4190 Πολλή.
336 4122 536 4188 Ἀνόμ.
561 4121 733 4186 Ποίας
767 4121 922 4188 Ὄρθ.
959 4120 1050 4183 Τὸ,
1078 4122 1167 4191 Μή
1202 4138 1268 4190 με
1301 4121 1426 4189 λέγε
1456 4122 1675 4189 ἀγαθὸν,

68 4212 324 4283 ἄρνησίς
348 4212 496 4264 ἐστιν
521 4211 848 4281 ἀγαθότητος
874 4230 888 4242 ο
924 4213 984 4265 τὸ
1005 4212 1080 4277 δὲ,
1111 4231 1129 4264 ι
1164 4212 1227 4264 Τί
1259 4230 1323 4282 με
1351 4213 1528 4281 λέγεις
1551 4214 1678 4281 ἀγα-

62 4303 210 4370 Θόνς
254 4323 274 4356 ι
311 4305 435 4356 ἀντὶ
464 4302 577 4368 τοῦ,
611 4304 729 4356 Ἵνα
758 4303 808 4355 τί
841 4321 906 4373 με
940 4303 1118 4371 λέγεις
1136 4304 1357 4372 ἀγαθὸν,
1393 4305 1468 4376 μὴ
1497 4305 1679 4376 ὁμολο-

1857 1559 1944 1612 ll.
1980 1561 2173 1616 Anam.
2202 1560 2353 1630 lQuid
2395 1571 2479 1617 est
2520 1562 2663 1616 istud
2701 1563 3202 1617 consubstantiale?
3244 1563 3367 1620 volo

1795 1651 1938 1705 enim
1968 1651 2020 1704 id
2053 1667 2270 1722 quoque
2307 1651 2538 1707 discere.
2571 1651 2710 1706 Num
2746 1653 2888 1708 idem
2928 1661 3011 1708 est
3049 1652 3240 1717 Filius,
3271 1646 3365 1724 qui

1788 1749 1847 1797 ‘et
1875 1741 2078 1797 Pater?
2123 1743 2277 1798 Orlh.
2313 1744 2471 1798 Absit
2513 1753 2571 1798 ut
2613 1745 2717 1798 hoc
2754 1745 2965 1800 dicam!
3001 1746 3188 1800 Anam.
3223 1741 3367 1812 Quid

1789 1840 1876 1887 est
1902 1833 2106 1904 igitur?
2136 1850 2262 1890 vere
2307 1835 2452 1889 enim
2495 1835 2549 1888 id
2592 1833 2803 1890 discere
2838 1837 3019 1904 cupio.
3052 1835 3204 1891 Ortli.
3230 1837 3369 1892 Con-

1789 1924 2148 1980 suhstantiale
2176 1932 2276 1991 est,
2295 1927 2440 1995 quod
2470 1926 2714 1980 eamdem
2739 1927 3058 1982 substantiae
3097 1929 3365 1985 rationem

1786 2016 1998 2086 recipit,
2029 2025 2090 2071 ut
2138 2017 2298 2071 homo
2328 2018 2397 2072 ab
2434 2017 2654 2073 homine
2691 2019 2825 2072 nihil
2853 2018 3062 2084 diﬂ'ert,
3092 2031 3364 2090 quatenus

1787 2104 1949 2160 homo
1979 2113 2062 2161 est
2093 2125 2104 2160 :
2135 2113 2189 2159 et
2218 2108 2441 2178 angelus
2473 2107 2541 2161 ab
2582 2109 2794 2179 angelo,
2827 2119 3096 2180 quatenus
3133 2111 3362 2180 angelus

1787 2202 1871 2250 est
1905 2215 1916 2248 :
1957 2195 2033 2249 ita
2063 2205 2115 2250 et
2142 2196 2282 2251 Deus
2307 2211 2338 2250 a
2365 2195 2472 2252 Deo
2504 2198 2640 2251 nihil
2667 2197 2876 2263 differt,
2895 2211 3164 2268 quatenus
3192 2189 3357 2257 Deus.

1787 2289 1974 2341 Anam.
2009 2285 2155 2342 Nihil
2185 2289 2351 2360 igitur
2377 2289 2558 2345 (ἥσει-ι
2588 2289 2752 2346 Pater
2793 2307 2822 2345 a
2860 2292 3035 2348 Filio?
3069 2294 3223 2350 Orth.
3255 2287 3364 2353 Ne-

1786 2394 2059 2451 quaquam
2083 2396 2216 2438 sane
2240 2381 2422 2436 dill‘ert
2452 2383 2506 2436 in
2531 2397 2596 2438 eo
2623 2383 2769 2452 quod
2796 2383 2937 2440 Deus
2979 2396 3033 2440 et
3071 2385 3232 2444 Pater
3265 2388 3360 2451 sit,

1785 2470 1881 2526 sed
1915 2472 1972 2526 in
2017 2486 2083 2526 eo
2123 2472 2270 2543 quod
2307 2472 2379 2527 sit
2423 2471 2590 2527 Pater
2623 2480 2678 2528 et
2715 2473 2928 2531 Filius:
2972 2479 3230 2546 quoniam
3271 2481 3362 2536 ille

1785 2561 2002 2632 quidem
2020 2564 2228 2634 genuit,
2261 2563 2350 2618 hic
2373 2579 2502 2619 vero
2537 2565 2754 2636 genitus
2781 2574 2866 2621 est
2896 2583 2911 2633 ;
2954 2568 3058 2624 hoc
3080 2579 3164 2626 est
3195 2571 3362 2643 igitur

1783 2651 1928 2721 quod
1958 2668 2218 2709 vocamus
2257 2654 2748 2709 consubstantiale.
2799 2655 2993 2714 Anam.
3042 2657 3202 2714 Nulla
3255 2660 3362 2732 igi-

1783 2747 1874 2794 tur
1912 2741 2016 2794 alia
2054 2756 2114 2796 re
2158 2740 2341 2796 dili‘ert
2391 2740 2554 2797 Pater
2592 2758 2622 2797 a
2662 2742 2842 2798 Filio?
2889 2737 3056 2817 Atqui
3090 2748 3360 2818 scriptum

1781 2837 1910 2884 est:
1949 2848 1968 2880 ι
2019 2829 2162 2896 Quid
2211 2846 2296 2886 me
2349 2830 2488 2886 dicis
2524 2833 2728 2887 bonum
2767 2835 2930 2890 esse?
2973 2835 3145 2892 Nemo
3181 2839 3360 2893 bonus

1780 2922 1888 2978 nisi
1919 2939 2063 2979 unus
2097 2923 2261 2979 Deus.
2291 2926 2307 2955 ¹
2347 2948 2365 2976 ι
2404 2925 2556 2980 ΟνιΙι.
2592 2923 2765 2981 Filius
2791 2928 2956 2999 igitur
3000 2937 3115 2985 non
3139 2938 3223 2986 est
3253 2932 3352 2987 bo—

1780 3016 1929 3070 nus?
1964 3015 2154 3069 Anam.
2198 3015 2319 3086 lpse
2343 3016 2526 3071 dixit:
2566 3035 2584 3068 ι
2615 3017 2758 3082 Quid
2805 3034 2892 3074 me
2931 3019 3071 3075 dicis
3110 3018 3359 3076 bonum?

1783 3108 1954 3166 Nemo
2005 3111 2204 3176 bonus,
2266 3113 2371 3167 nisi
2419 3127 2562 3166 unus
2593 3110 2757 3167 Deus.
2794 3132 2813 3164 ›
2885 3112 3039 3170 Orth.
3075 3102 3267 3170 Viden’
3298 3123 3358 3169 ut
3423 3114 3433 3124 '

1783 3208 1933 3257 recte
1961 3201 2211 3267 dixerim,
2243 3212 2371 3258 tunc
2404 3202 2523 3258 fore
2553 3211 2609 3258 te
2637 3204 3034 3269 Christianum,
3087 3222 3210 3261 cum
3245 3206 3358 3262 fas-

1784 3308 1880 3350 sus
1933 3293 2100 3350 fueris
2145 3294 2341 3349 Filium
2395 3311 2518 3350 esse
2579 3294 2728 3349 Patri
2787 3298 3358 3354 consubstantialem?

1783 3387 1975 3441 Anam.
2011 3387 2188 3442 Credo
2227 3403 2313 3442 me
2336 3387 2708 3444 Christianum
2738 3403 2880 3443 esse.
2931 3388 3086 3443 Orth.
3116 3385 3173 3444 Si
3197 3390 3357 3446 Chri-

1784 3477 1995 3533 stianus
2035 3493 2208 3540 esses,
2269 3493 2378 3532 non
2409 3494 2638 3548 negares
2695 3477 2892 3533 Filium
2945 3495 3068 3536 esse
3125 3481 3352 3538 bonum.

1784 3571 1972 3624 Anam.
2016 3569 2225 3624 Bonum
2251 3585 2360 3625 non
2387 3587 2508 3627 esse
2535 3587 2642 3624 non
2670 3569 2800 3636 dixi,
2837 3571 2932 3626 sed
2965 3587 3089 3627 eum
3127 3571 3352 3629 dixisse:

1789 3679 1806 3711 ι
1843 3660 2012 3716 Nemo
2064 3663 2262 3726 bonus,
2303 3663 2409 3718 nisi
2452 3677 2594 3716 unus
2634 3660 2796 3717 Deus.
2840 3682 2858 3714 ›
2919 3661 3072 3716 Orth.
3106 3662 3357 3718 Bonitate

1783 3751 1949 3820 igitur
1993 3752 2130 3807 dicis
2166 3753 2383 3808 differre
2434 3753 2651 3807 Patrem
2706 3768 2737 3806 a
2772 3753 2948 3808 Filio?
3001 3755 3192 3811 Anam.
3228 3755 3353 3826 Ipse

1781 3842 1918 3896 dixit
1945 3862 1956 3897 :
1995 3862 2013 3895 ‹
2061 3844 2201 3910 Quid
2233 3861 2317 3900 me
2350 3847 2487 3901 dicis
2519 3846 2767 3900 bonum?
2795 3861 2958 3901 nemo
2983 3846 3183 3911 bonus,
3243 3847 3356 3904 nisi

1781 3950 1924 3988 unus
1967 3933 2128 3991 Deus.
2163 3955 2182 3988 ›
2254 3936 2406 3992 Orth.
2461 3937 2580 3991 Non
2617 3937 2775 4002 dixit,
2812 3926 2891 3992 Ne
2923 3953 3009 3992 me
3038 3937 3242 3993 bonum
3271 3941 3358 3997 di-

1780 4026 1922 4091 cito;
1958 4026 2073 4089 sed,
2116 4044 2135 4076 ι
2175 4026 2316 4091 Quid
2345 4041 2430 4081 me
2462 4027 2601 4083 dicis
2627 4025 2870 4081 bonum?
2901 4046 2920 4079 ι
2975 4028 3162 4083 Anam.
3196 4028 3355 4095 Quae—

1781 4132 1908 4170 nam
1937 4133 2068 4172 vero
2121 4117 2424 4173 diﬂ‘erentia
2456 4127 2538 4173 est
2568 4121 2710 4173 inter
2743 4119 2898 4182 illud,
2930 4116 3008 4173 Ne
3034 4135 3119 4174 me
3151 4120 3354 4174 bonum

1779 4209 1966 4273 dicito,
1998 4217 2052 4261 et
2077 4208 2230 4272 illud,
2269 4208 2410 4274 Quid
2440 4225 2525 4264 me
2558 4210 2696 4265 dicis
2743 4209 2992 4264 bonum?
3036 4208 3191 4266 Orth.
3241 4209 3354 4264 Με-

1779 4315 1903 4370 gna.
1954 4302 2143 4356 Anam.
2181 4300 2483 4366 Quaenam?
2518 4300 2666 4357 Orth.
2724 4299 2881 4366 lllud,
2924 4299 3002 4354 Ne
3047 4316 3133 4355 me
3184 4299 3353 4355 dicito

61 4399 195 4466 ’γῶν
234 4414 310 4468 με
341 4397 510 4463 Θεόν;
541 4396 616 4459 ὡς
636 4397 718 4461 τὸ,
747 4415 765 4448 ι
801 4397 864 4448 Τί
891 4397 949 4450 δέ
980 4415 1046 4468 με
1076 4397 1311 4461 καλεῖτε,
1341 4398 1534 4469 Κύριε,
1558 4399 1672 4451 K6-

1787 4394 2001 4458 bonum,
2061 4392 2358 4446 bonitatem
2397 4393 2538 4444 tollit
2573 4411 2586 4445 :
2630 4391 2778 4446 istud
2831 4406 2981 4455 vero,
3043 4410 3061 4441 ι
3097 4390 3236 4457 Quid
3267 4408 3354 4447 me

59 4510 183 4561 ριε,
219 4493 324 4544 καὶ
365 4491 428 4543 οὐ
455 4493 677 4555 ποιεῖτε,
713 4490 750 4543 ἃ
779 4491 957 4559 λέγω;
991 4511 1009 4543 ›
1044 4491 1262 4562 Ἐπειδὴ
1294 4492 1369 4555 ὡς
1406 4491 1674 4562 ἀνθρώπῳ

60 4584 223 4654 ψιλῷ
250 4583 414 4654 αὐτῷ
442 4583 766 4654 προσῆλθεν,
799 4582 985 4646 ἁπλῶς
1028 4582 1343 4635 διδάσκαλον
1374 4583 1674 4651 ὀνομάζων,

60 4675 157 4726 διὰ
176 4675 355 4726 τοῦτο
384 4673 552 4741 λέγει’
576 4692 594 4724 ι
620 4673 683 4724 Τί
707 4690 773 4742 με
789 4672 966 4740 λέγεις
983 4671 1205 4739 ἀγαθὸν,
1240 4691 1256 4721 ι
1283 4671 1356 4742 μὴ
1389 4671 1676 4734 πιστεύων,

59 4769 148 4820 ὅτι
184 4766 469 4836 Θεόςεῖμι
493 4784 506 4832 ;
538 4785 556 4815 ι
590 4765 775 4828 Οὐδεὶς
803 4765 912 4834 γὰρ
935 4764 1135 4832 ἀγαθὸς
1159 4765 1206 4816 εί
1227 4764 1301 4835 μὴ
1331 4759 1454 4827 εἷςὸ
1477 4763 1624 4827 Θεός.
1657 4783 1674 4814 ι

59 4859 286 4928 Ἀνόμ.
309 4859 428 4911 Καὶ
455 4860 618 4928 ἡμεῖς
636 4857 885 4927 λέγομεν,
917 4857 997 4909 ὅτι
1022 4856 1220 4924 ἁγαθός
1251 4857 1419 4920 ἐστιν,
1446 4855 1558 4908 ἀλλ’
1580 4855 1678 4924 οὐχ

59 4952 256 5013 οὕτως
286 4949 518 5015 ἀγαθὸς,
547 4949 622 5012 ὡς
646 4949 894 5019 ὀΠατήρ.
920 4950 1073 5015 Ὀρθ.
1095 4948 1282 5000 Καίτοι
1309 4947 1408 4999 οὑκ
1434 4945 1670 5016 εἴρηται,

59 5043 275 5104 υὺδεὶς
321 5040 552 5108 ἀγαθὸς,
584 5042 631 5091 εί
657 5041 730 5110 μὴ
746 5034 826 5102 εἷς
847 5042 875 5092 6
896 5041 1116 5110 Πατήρ’
1142 5039 1255 5091 ἀλλ’
1281 5057 1297 5087 ι
1322 5038 1509 5100 Οὐδεὶς
1538 5039 1675 5103 ἀγα-

59 5136 182 5198 3ὸς,
229 5135 287 5185 εἰ
320 5132 402 5202 μὴ
426 5126 506 5196 εἷς
532 5135 560 5184 6
583 5133 734 5195 Θεός.
765 5151 783 5183 ι
814 5133 938 5196 Πῶς
965 5133 1020 5184 δὲ
1058 5132 1148 5184 καὶ
1180 5131 1455 5202 διαφέρειν
1497 5128 1677 5196 λέγεις

59 5229 160 5297 τὴν
216 5223 549 5294 ἀγαθότητα
570 5223 664 5276 τοῦ
698 5223 906 5295 Πατρὸς
925 5223 1026 5292 τῆς
1050 5221 1378 5292 ἁγαθότητος
1398 5221 1488 5274 τοῦ
1513 5220 1674 5284 Υἱοῦ;

122 5377 180 5411 ’⁸
226 5375 354 5432 lsa.
393 5391 553 5442 xxvi,
590 5375 678 5432 l8.
751 5377 767 5406 ¹
802 5374 966 5429 Marc.
999 5391 1052 5440 ι,
1088 5373 1175 5428 l8.
1252 5375 1273 5405 ²
1309 5372 1442 5430 Luc.
1478 5387 1554 5438 τι,
1586 5371 1674 5427 46.

93 5530 260 5622 ’(65)
313 5528 416 5588 Sic
449 5533 592 5608 Reg.
639 5536 694 5585 et
740 5528 916 5583 Palat.
966 5527 1110 5584 Editi
1148 5542 1277 5585 vero
1322 5528 1482 5592 male,
1526 5526 1666 5580 ἀνω-

59 5623 107 5657 τε
116 5622 283 5672 ρων.

125 5673 260 5745 (64)
311 5673 454 5746 Reg.
491 5684 546 5734 et
574 5673 745 5732 Palat.
769 5672 948 5728 δώσει.

1776 4484 1914 4538 dicis
1975 4482 2212 4536 bonum?
2250 4503 2268 4535 ›
2324 4483 2549 4553 perinde
2595 4490 2680 4537 est
2725 4491 2906 4552 atque,
2957 4482 3232 4549 Quorsum
3266 4499 3355 4538 me

1777 4575 1914 4630 dicis
1950 4576 2170 4639 bonum,
2225 4591 2327 4630 nec
2365 4591 2452 4630 me
2480 4575 2764 4631 conﬁteris
2789 4575 2959 4630 Deum
3007 4576 3255 4630 esse?ut
3298 4584 3354 4630 et

1779 4669 1910 4722 illud
1945 4687 1957 4722 :
1995 4689 2012 4719 ι
2052 4668 2195 4735 Quid
2228 4684 2313 4723 me
2352 4669 2600 4731 vocatis,
2651 4667 2901 4732 Domine,
2943 4667 3191 4731 Domine,
3249 4683 3353 4722 nec

1779 4759 1957 4815 facitis
1985 4776 2104 4831 qua:
2136 4761 2337 4815 dico'?
2367 4780 2385 4812 ι
2430 4759 2699 4826 Quoniam
2726 4759 2894 4827 igitur
2927 4760 3018 4814 ille
3055 4767 3115 4811 ut
3144 4758 3348 4812 nudum

1782 4851 2054 4906 hominem
2110 4851 2244 4905 adiit
2299 4852 2498 4920 ipsum,
2559 4851 2880 4921 Magistrum
2906 4850 3227 4918 simpliciter
3256 4865 3352 4902 vo-

1779 4955 1931 5006 cans,
1967 4949 2251 5010 propterea
2289 4942 2464 5011 inquit
2499 4962 2509 4995 :
2551 4960 2568 4991 ι
2603 4939 2746 5006 Quid
2780 4957 2866 4996 me
2897 4941 3098 4994 bonum
3128 4939 3285 5001 dicis,
3326 4958 3343 4988 ι

1779 5048 1886 5087 non
1920 5033 2147 5088 credens
2194 5035 2338 5102 quod
2363 5035 2463 5088 sim
2505 5032 2692 5087 Deus?
2722 5051 2741 5083 ι
2780 5033 2948 5087 Nemo
2975 5031 3117 5084 enim
3147 5030 3345 5088 bonus,

1779 5125 1884 5178 nisi
1914 5140 2057 5178 unus
2093 5124 2252 5178 Deus.
2296 5143 2315 5175 ι
2386 5107 2576 5177 Anam.
2614 5122 2860 5177 Dicimus
2894 5128 2949 5176 et
2977 5135 3102 5182 nos,
3166 5119 3345 5188 ipsum

1778 5217 1981 5272 bonum
2024 5232 2168 5282 esse,
2206 5217 2300 5272 sed
2329 5232 2439 5270 non
2467 5217 2540 5270 ita
2573 5217 2801 5281 bonum,
2840 5222 2900 5268 ut
2928 5213 3106 5270 bonus
3135 5219 3221 5266 est
3242 5209 3347 5266 Pat-

1845 5523 1952 5595 (βε)
1993 5522 2096 5595 Τοῦ
2123 5520 2254 5595 Υῖοῦ
2287 5516 3082 5595 deestin_Palatino._lbid.,Aén
3110 5515 3197 5595 τᾷζ
3212 5513 3343 5567 Θεὸν

1774 5583 1876 5649 και
1893 5583 2111 5662 Πατέρα
2141 5588 2300 5662 εἶναι.
2326 5591 2486 5662 Elliti.
2524 5592 2583 5644 ὲν
2619 5589 2697 5661 τῷ
2728 5589 2847 5660 Θεῷ
2880 5592 2973 5643 καὶ
2995 5587 3126 5641 Θεὸν
3149 5583 3307 5640 εἶναι..
3357 5645 3360 5648 ,

1847 5665 1982 5734 (65“)
2019 5659 2198 5734 vnlg,
2230 5659 2314 5735 ᾖς.
2349 5659 2502 5713 Enrr.
