3862 6204
189 358 298 415 tm
1111 371 1201 426 DE
1242 370 1513 428 SANCTA
1552 373 1926 430 TRINITATE
1967 373 2312 430 DIALOGUS
2347 352 2407 429 ι.’
3223 372 3362 427 “58

185 469 288 529 ἄλλο
323 477 396 530 καὶ
422 477 744 536 ἀλλο’.ἆλλο
769 480 826 534 δέ
857 499 909 535 τι
939 485 1188 555 σημαίνει
1224 487 1284 538 τὸ
1313 487 1552 558 σπέρμα,
1599 487 1693 539 καὶ

1839 489 1954 541 liam
1990 496 2045 543 et
2082 490 2243 543 aliam
2287 509 2300 542 :
2344 487 2436 544 sed
2460 486 2603 557 quod
2642 486 2951 558 hypostasis
2976 485 3193 556 quidem
3217 485 3364 541 aliud

183 565 287 619 ἄλλο
399 569 629 640 καρπόςο
663 571 745 624 ὅτι
790 573 848 626 τὸ
891 574 990 644 μὲν
1021 577 1234 648 σπέρμα
1273 577 1365 631 τοῦ
1413 579 1693 648 μέλλοντος

1838 579 2054 635 uiddam
2112 580 2410 650 signiﬁcet,
2470 574 2614 633 aliud
2643 577 2771 633 vero
2807 578 3042 634 essentia
3087 596 3101 633 :
3144 588 3204 632 ut
3239 593 3363 647 gra-

181 658 398 726 γεωργίόυ
427 660 542 713 ἐστὶ
568 662 786 732 σπέρμα
805 679 817 691 ·
844 665 873 717 ό
891 664 945 717 δὲ
975 666 1183 736 καρπὸς
1212 667 1306 722 τοῦ
1337 669 1694 739 παρελθόντος

1841 687 1929 724 um
2001 670 2259 726 frumenti
2309 669 2542 734 dicitur,
2604 676 2658 724 et
2721 679 2804 724 est
2841 677 2958 723 tum
2997 684 3203 734 semen,
3244 677 3359 723 tum

180 750 399 822 γεωργίου
421 751 538 805 ἐστὶ
569 753 797 824 καρπός.

1834 771 2045 816 ructus:
2087 777 2196 816 non
2236 768 2296 816 ut
2333 776 2423 816 res
2455 761 2560 814 alia
2601 767 2762 831 atque
2799 761 2905 814 alia
2937 777 2950 826 ;
2994 759 3140 814 aliud
3179 767 3359 814 autem

179 844 404 914 signiﬁcat
450 857 668 907 semen,
710 843 855 898 aliud
891 842 1140 912 fructus,
1211 848 1470 918 quoniam
1539 865 1724 905 semen
1761 852 1978 921 quidem
2027 852 2224 908 futurae
2268 853 2495 908 culturae
2549 869 2774 917 semen,
2842 850 3055 906 fructus
3102 867 3230 908 vero
3278 860 3362 908 est
3449 885 3452 890 -

175 935 413 1006 praeterita:
446 933 672 988 cultura:
707 933 938 992 fructus.

238 1054 306 1108 15.
341 1054 518 1124 Ἀνάμ.
544 1055 609 1108 Τί
639 1057 890 1126 σημαίνει
931 1058 964 1129 ἡ
1002 1058 1174 1124 οὐσία,
1200 1061 1294 1115 καὶ
1318 1061 1370 1113 τί
1401 1063 1435 1131 ἡ
1462 1061 1696 1114 ὑπόστα-

1868 1062 1953 1116 15.
1995 1061 2183 1116 Anam.
2226 1061 2367 1128 Quid
2405 1063 2674 1134 signiﬁcat
2711 1063 3034 1128 substantia,
3095 1063 3225 1134 quid
3265 1062 3360 1133 hy-

175 1162 275 1210 σις;
312 1147 443 1214 Ὀρθ.
489 1147 552 1200 Ἦ
595 1147 752 1202 οὐσία
796 1149 894 1219 τὴν
935 1149 1220 1221 κοινότητα
1274 1153 1558 1222 σημαίνειο
1602 1153 1694 1206 καὶ

1837 1153 2076 1208 ostasis?
2137 1151 2288 1208 Orth.
2336 1152 2654 1210 Substantia
2693 1156 2963 1226 signiﬁcat
2999 1153 3362 1210 communita-

172 1231 222 1284 εί
249 1232 295 1285 τί
321 1236 449 1289 ἐστιν
489 1234 618 1288 ἴδιον
650 1235 751 1306 τῆς
790 1237 994 1302 οὐσίας,
1022 1239 1179 1292 τοῦτο
1219 1242 1398 1294 κοινόν
1446 1245 1561 1296 ἐστι
1585 1242 1694 1296 τῶν

1838 1259 1926 1298 :m.
1963 1243 2030 1298 Et
2066 1243 2113 1299 si
2151 1244 2282 1314 quid
2318 1253 2404 1300 est
2438 1246 2755 1300 substantiae
2790 1245 3093 1316 proprium,
3134 1242 3190 1297 id
3227 1257 3363 1312 quo-

171 1326 478 1381 ὑποστάσεων
499 1327 608 1382 τῶν
628 1329 733 1382 ὑπὸ
749 1329 846 1400 τὴν
871 1331 1056 1384 οὐσίαν
1077 1350 1091 1364 ·
1121 1335 1154 1403 ἡ
1179 1333 1236 1386 δὲ
1259 1335 1555 1399 ὑπόστασις
1579 1336 1696 1390 ίδιό-

1837 1347 1902 1385 ue
1957 1346 2246 1387 commune
2283 1340 2366 1386 est
2417 1332 2826 1402 hypostasibus,
2885 1347 3006 1402 quae
3042 1329 3362 1386 substantiae

167 1434 290 1488 τητα
311 1417 427 1487 ἔχει,
457 1419 575 1489 ἥτις
605 1419 704 1473 οὐκ
725 1419 836 1474 εστι
867 1423 1017 1493 κοινὴ
1043 1421 1149 1476 τῶν
1179 1424 1276 1492 τῆς
1301 1426 1468 1494 αὐτῆς
1510 1425 1692 1487 οὐσίας

1840 1423 2032 1477 ubsunt
2073 1440 2088 1477 :
2131 1423 2438 1493 hypostasis
2517 1431 2697 1478 autem
2755 1424 3142 1494 proprietatem
3199 1421 3365 1475 habet

167 1509 498 1574 ὑποστάσεων,
516 1511 650 1580 μετά
664 1511 756 1564 τοῦ
774 1513 866 1566 καὶ
880 1513 1107 1584 ἀριθμὸν
1123 1515 1479 1584 ἐπιδέχεσθαι.
1499 1518 1692 1584 Ἀνόμ.

1837 1513 2024 1568 iinime
2082 1528 2426 1568 communem
2486 1513 2872 1585 hypostasibus
2924 1511 3171 1583 ejusdem
3229 1510 3362 1566 sub-

176 1601 236 1654 'H
279 1601 372 1672 γὰρ
410 1601 566 1673 οὐσία
596 1604 696 1655 οὐκ
736 1603 846 1674 ἔχει
887 1604 1150 1675 ἰδιότητα;
1194 1607 1334 1675 Ὀρθ.
1387 1605 1524 1660 Οὐτε
1575 1607 1701 1660 ἰδιό-

1835 1605 2038 1670 tantiae,
2097 1619 2162 1660 ac
2218 1612 2480 1674 praeterea
2537 1619 2824 1658 numerum
2864 1601 3123 1658 admittit.
3166 1601 3359 1654 Anam.

162 1710 287 1763 τητα
325 1693 424 1764 ἔχει
448 1734 463 1758 ,
519 1694 591 1764 μὴ
630 1690 794 1746 οὖσαν
830 1695 1013 1766 κοινὴν
1052 1695 1158 1749 τῶν
1202 1701 1300 1768 τῆς
1345 1697 1528 1761 οὐσίας
1564 1699 1687 1751 ὑπο-

1840 1712 2002 1750 ιΠΠΟΠ
2059 1711 2188 1751 vero
2225 1695 2462 1751 essentia
2517 1694 2903 1766 proprietatem
2960 1692 3169 1748 habet?
3209 1689 3365 1747 Orth.

163 1783 380 1835 στάσεων
399 1802 411 1814 ·
439 1782 560 1836 οὔτε
589 1784 814 1855 ἀριθμὸν
844 1784 1198 1856 πληθυντικὸν
1235 1787 1554 1857 ἐπιδέχεται,
1603 1788 1688 1858 μία

1841 1785 1986 1855 eque
2042 1787 2424 1856 proprietatem
2475 1785 2638 1840 habet
2693 1801 2800 1839 non
2865 1797 3208 1840 communem
3267 1780 3366 1850 hy-

157 1870 298 1928 οὗσα.
331 1875 396 1927 To
421 1875 474 1928 δὲ
498 1875 724 1946 ἀριθμὸν
761 1875 1116 1947 πληθυντικὸν
1157 1879 1532 1950 ἐπιδεχόμενον
1567 1881 1682 1933 πάν·

1843 1877 2108 1932 astasibus
2171 1878 2491 1932 substantiae
2528 1917 2542 1941 ,
2585 1893 2760 1947 neque
2832 1875 3049 1931 numeri
3106 1871 3368 1942 multipli-

157 1984 258 2029 τως
286 1967 501 2037 ἰδιότητα
530 1967 668 2036 ἔχει’
697 1969 788 2020 καὶ
821 1969 880 2020 τὸ
903 1968 1022 2040 ἔχον
1050 1969 1280 2041 ἰδιότητα
1323 1971 1552 2042 ἀριθμὸν
1582 1975 1682 2026 ἐπι-

1842 1969 2069 2023 stionem
2125 1969 2398 2033 admittit,
2452 1983 2574 2022 cum
2617 1968 2690 2024 sit
2737 1983 2863 2022 una.
2907 1963 3183 2036 Quidquid
3238 1975 3367 2018 vero

152 2055 367 2126 δέχεται.
421 2059 564 2129 Αὐτὴ
617 2058 724 2130 γὰρ
752 2061 785 2128 ὴ
829 2059 1026 2130 ἰδιότης
1068 2060 1160 2112 τὸν
1204 2061 1434 2132 ἀριθμὸν
1469 2064 1674 2131 εἰσάγει

1841 2063 2010 2116 [meri
2068 2061 2568 2132 multiplicationem
2639 2059 2894 2124 admittit,
2950 2057 3174 2112 omnino
3231 2071 3365 2126 pro-

167 2149 350 2217 ‘Aro’y.
381 2149 451 2200 Οὐ
493 2147 620 2212 νοῶ,
657 2148 684 2200 ὃ
713 2149 922 2216 λέγεις·
972 2151 1091 2202 εἰπὲ
1142 2152 1493 2223 σαφέστερον.
1544 2154 1692 2222 Ὀρθ.

1841 2155 2084 2208 rietatcm
2141 2152 2303 2207 habet
2348 2170 2362 2207 :
2425 2157 2479 2206 et
2529 2151 2674 2220 quod
2704 2149 3110 2220 ‘proprietatem
3167 2147 3366 2213 habet,

152 2237 335 2305 Λέγεις
378 2233 510 2290 εἶναι
549 2237 643 2290 τοῦ
683 2238 894 2308 Πατρὸς
923 2239 1020 2312 τὴν
1053 2238 1240 2293 οὐσίαν
1288 2240 1574 2306 ἀθάνατον,
1607 2259 1677 2295 κα

1844 2261 2087 2299 umerum
2159 2243 2428 2298 admittit.
2481 2241 2605 2312 Ipsa
2679 2242 2822 2297 enim
2875 2240 3192 2311 proprietas
3261 2257 3369 2296 nu-

148 2328 428 2398 ἀφθαρτον,
452 2329 543 2381 καὶ
556 2329 805 2399 ἀόρατον,
823 2329 917 2382 καὶ
934 2311 1278 2401 δημιουργὸν,
1305 2331 1398 2384 καὶ
1413 2333 1542 2385 Θεόν
1555 2332 1664 2403 (68)

1842 2353 2008 2392 rerum
2069 2335 2298 2391 inducit.
2360 2311 2550 2389 Anam.
2613 2332 2732 2388 Non
2796 2333 3039 2403 intelligo
3098 2333 3244 2402 quod
3283 2334 3367 2389 di-

163 2419 350 2487 Ἀνόμ.
378 2419 498 2472 Ναί.
530 2422 680 2487 Ὀρθ;
716 2422 824 2473 Ka‘t
853 2421 944 2475 τὸν
976 2422 1102 2474 rem
1136 2421 1312 2491 λέγεις
1345 2424 1544 2493 ὁμοίως
1571 2423 1688 2476 ἀθά-

1844 2429 1882 2483 is
1925 2447 1938 2482 :
1986 2427 2200 2497 planius
2253 2427 2496 2496 loquere.
2565 2424 2719 2479 Orth.
2777 2423 2955 2478 Patris
3009 2424 3369 2480 substantiam

149 2525 324 2575 νατον,
352 2509 441 2561 καὶ
482 2509 775 2579 ἄφθαρτον,
822 2511 916 2563 καὶ
959 2511 1206 2582 ἀόρατον,
1231 2513 1324 2566 καὶ
1353 2513 1674 2585 δημιουργὸν

1844 2520 1942 2574 icis
1978 2534 2100 2575 esse
2136 2518 2522 2583 immortalem,
2561 2524 2615 2573 et
2655 2515 3148 2585 incorruptibilem,
3185 2525 3239 2571 et
3283 2519 3369 2572 in-

148 2598 241 2658 καὶ
273 2598 427 2663 Θεόν;
470 2599 664 2666 Ἀνὸμ.
689 2598 815 2654 Ναί.
852 2599 1003 2667 Ὀρθ.
1044 2599 1251 2671 Ὠσπερ
1280 2596 1372 2653 οὖν
1408 2599 1586 2669 λέγεις
1608 2619 1668 2653 το

1824 2611 2092 2676 ιὶεὶὺὶὶθῐη,
2130 2616 2184 2664 et
2221 2609 2560 2672 creatricem,
2599 2613 2655 2663 et
2690 2605 2902 2663 Deum?
2940 2609 3129 2661 Anam.
3172 2606 3349 2662 Etiam

148 2691 356 2761 Πατρὸς
378 2691 474 2762 τὴν
497 2690 682 2744 οὐσίαν
711 2691 998 2753 ἀθάνατον,
1024 2692 1314 2763 ἄφθαρτον,
1340 2693 1587 2765 ἀόρατον,
1613 2695 1673 2765 δη

1848 2702 1961 2755 ’νιΙι.
2001 2702 2066 2754 Ει
2088 2699 2285 2754 Filium
2325 2698 2574 2755 similiter
2601 2697 2738 2754 dicis
2769 2697 3151 2763 immortalem,
3191 2698 3373 2752 incor-

146 2782 421 2857 μιουργὸν,
456 2781 594 2835 οὕτω
623 2783 715 2836 καὶ
760 2782 853 2835 τοῦ
888 2783 1016 2837 Υἱοῦ
1047 2783 1224 2852 λέγεις
1261 2783 1371 2854 (69)
1402 2785 1498 2856 τὴν
1541 2785 1671 2857 αὐτὴ

1854 2789 2152 2860 iptibilem,
2229 2789 2556 2844 invisibilem
2586 2828 2602 2855 ,
2663 2799 2962 2844 creatorem
3035 2795 3092 2842 et
3166 2787 3379 2844 Deum?

138 2873 361 2937 οὐσίαν;
403 2874 597 2942 Ἀνόμ.
661 2873 786 2927 Ναί.
827 2875 978 2942 Ὂρθ.
1022 2875 1125 2927 Τὸν
1147 2877 1272 2929 Υίὸν
1302 2877 1360 2929 οὐ
1382 2875 1558 2944 λέγεις
1592 2878 1663 2929 Πσ

1849 2896 1998 2934 nam.
2053 2879 2214 2933 Sane.
2293 2876 2445 2932 Orth.
2501 2876 2656 2932 Sicut
2711 2891 2842 2947 ergo
2897 2877 3071 2932 Patris
3119 2876 3374 2931 substan-

134 2964 303 3034 ⁴εέέρας
351 2965 546 3032 Ἀνόμ.
594 2964 690 3017 Οὐ.
745 2967 896 3033 Ὀρθ.
947 2966 1059 3019 Οὐκ
1089 2967 1196 3038 ἄρα
1223 2968 1320 3038 τῆς
1351 2969 1537 3032 οὐσίας
1561 2969 1659 3022 ἑστ¹

1854 2983 1939 3021 am
1978 2968 2115 3023 dicis
2154 2968 2533 3030 immortalem,
2571 2966 3058 3032 incorruptibilem,
3126 2967 3375 3023 invisibi-

134 3052 270 3110 ξδιον
292 3053 352 3105 τὸ
377 3055 584 3124 Πατὴρ,
613 3055 744 3108 ἀλλά
773 3059 871 3127 τῆς
922 3058 1288 3123 ὑποστάσεως.
1319 3061 1518 3128 Ἀνόμ.
1548 3061 1659 3123 Πῶς

1852 3074 1936 3120 :m,
1974 3060 2314 3120 creatricem,
2356 3073 2536 3113 nonne
2564 3058 2638 3112 ita
2687 3064 2741 3111 et
2777 3056 2900 3111 Filii
2942 3056 3187 3111 eamdem
3247 3058 3377 3113 sub-

150 3143 293 3209 ’0p0.
332 3142 454 3198 ’Ότι
478 3146 546 3198 τά
579 3147 676 3215 μὲν
698 3147 796 3217 τῆς
822 3148 1008 3212 οὐσίας
1031 3150 1156 3215 ἴδια,
1187 3151 1385 3222 ὁμοίως
1413 3154 1517 3205 εἰσὶ
1551 3170 1675 3206 nam

1853 3147 2068 3202 Lantiam
2124 3147 2304 3203 dicis?
2363 3149 2552 3201 Anam.
2623 3145 2785 3200 Sane.
2850 3144 3002 3200 Orth.
3041 3144 3240 3199 Filium
3280 3161 3378 3199 au-

131 3235 229 3288 τοῦ
261 3237 494 3308 Πατρος,
524 3239 614 3292 καὶ
650 3239 744 3292 τοῦ
774 3239 926 3306 Υίοῦ,
955 3243 1047 3294 καὶ
1072 3242 1163 3295 τοῦ
1191 3243 1344 3312 ἁγίου
1370 3244 1652 3314 Πνεύματο

1848 3255 1918 3293 3m
1955 3255 2086 3294 num
2117 3254 2274 3296 vocas
2304 3239 2559 3294 Patrem?
2587 3238 2776 3292 Anam.
2805 3236 3180 3307 Nequaquam.
3218 3235 3373 3292 Orth.

126 3331 193 3384 τὸ
235 3331 295 3383 δὲ
337 3331 528 3403 Πατὴρ
556 3335 616 3385 οὐ
655 3333 861 3387 κοινόν’
889 3333 988 3385 οὐκ
1013 3333 1120 3404 ἄρα
1146 3334 1245 3404 τῆς
1275 3334 1457 3398 οὐσίας
1483 3336 1614 3389 ἴδιον
1647 3357 1651 3371 ι

1849 3339 1969 3386 ‘ater
2006 3347 2134 3403 ergo
2165 3347 2271 3386 non
2312 3345 2396 3388 est
2429 3331 2704 3401 proprium
2739 3330 2996 3400 quiddam
3037 3329 3374 3395 substantiae,

129 3424 350 3493 Πατὴρ,
367 3423 500 3476 ἀλλά
520 3423 619 3494 τῆς
644 3425 1010 3488 ὑποστάσεως.
1037 3425 1099 3477 Εἰ
1121 3425 1175 3478 δὲ
1198 3425 1323 3479 ἄλλο
1350 3425 1446 3496 τῆς
1475 3427 1654 3480 ὑποστι

1854 3425 1904 3478 ιιι
1970 3425 2345 3496 hypostaseos.
2401 3425 2589 3477 Anam.
2643 3421 2962 3488 Quomodo?
3013 3419 3164 3476 Orth.
3233 3421 3379 3486 Quo-

127 3528 276 3575 σεως
324 3513 388 3565 τὸ
439 3513 589 3580 ἴδιον,
641 3514 736 3567 καὶ
781 3514 916 3568 ἄλλα
968 3517 1068 3585 τῆς
1105 3515 1288 3580 οὐσίας
1333 3506 1652 3588 ίδιώματα,‹

1855 3516 1956 3569 iam
1996 3531 2116 3586 quae
2160 3516 2378 3586 propria
2417 3522 2546 3570 sunt
2597 3512 2936 3575 substantiae,
2975 3511 3224 3566 similiter
3251 3519 3380 3565 sunt

119 3604 332 3658 ταύτόν
348 3605 466 3657 ἐστι
483 3606 872 3677 σημαινόμενον
889 3607 1044 3661 οὐσία
1063 3609 1156 3661 καὶ
1178 3609 1491 3671 ὑπόστασις.
1509 3611 1644 3677 Ἀγά

1854 3607 2124 3662 ammunia
2163 3605 2333 3670 Patri,
2381 3604 2515 3660 Filio
2565 3611 2618 3659 et
2659 3602 2883 3672 Spiritui
2941 3611 3152 3657 sancto.
3216 3600 3379 3654 Pater

116 3697 246 3749 Οὐκ
275 3695 430 3749 ἔστιν
458 3697 589 3750 ῐδιον
617 3697 710 3751 τοῦ
740 3699 950 3770 Πατρὸς
967 3699 1028 3752 τὸ
1055 3700 1381 3772 ἀγέννητον;
1421 3702 1572 3769 Ὀρθ.
1596 3702 1636 3755 0

1856 3705 1991 3752 utem
2022 3713 2129 3752 non
2163 3705 2248 3752 est
2279 3711 2569 3752 commune
2607 3693 2868 3765 quiddam
2897 3708 2912 3757 ;
2949 3706 3060 3745 non
3093 3697 3176 3746 est
3215 3691 3381 3760 igitur

117 3789 299 3842 ἔστιν.
316 3791 520 3859 Ἀνόμ.
544 3791 724 3844 Ἔστιν
744 3786 837 3846 οὖν
849 3791 957 3846 τῶν
978 3791 1145 3846 ὄντων
1165 3792 1292 3847 ἄλλο
1314 3811 1367 3848 τι
1391 3793 1642 3864 ἀγέννητι

1846 3795 1974 3844 ’ater
2010 3789 2139 3860 quid
2176 3788 2453 3859 proprium
2487 3785 2822 3850 substantize,
2853 3783 2948 3838 sed
2989 3782 3371 3853 liypostaseos.

132 3883 299 3950 Ὀρθ.
323 3882 458 3936 Ναί.
494 3883 691 3952 ’Δγ-ὀμ.
722 3883 815 3949 Τί;
858 3885 1012 3951 ὀρθ.
1056 3885 1316 3956 Γεννητόν
1348 3887 1465 3940 ἐστι
1507 3887 1567 3940 τὸ
1605 3905 1657 3940 πι

1846 3883 1970 3948 ξυοιι
2008 3881 2051 3936 si
2094 3881 2239 3935 aliud
2271 3879 2435 3952 416
2466 3887 2550 3935 est
2573 3878 2854 3949 proprium
2891 3877 3272 3948 hypostaseos,
3316 3880 3371 3928 et

112 3973 266 4043 τέρα
291 3973 442 4044 ἔχον,
464 3975 560 4028 καὶ
593 3975 880 4046 ἀγέννητον
905 3975 967 4028 τὸ
997 3977 1073 4047 μὴ
1098 3978 1306 4048 πατέρα
1333 3977 1486 4048 ἐχον;
1511 3980 1637 4034 ’Arc

1856 3974 1933 4028 liae
1972 3973 2113 4042 sunt|
2155 3960 2508 4042 proprietates
2555 3969 2891 4033 substantiae,
2944 3982 3051 4021 non
3101 3965 3242 4020 idem
3301 3965 3381 4020 si-

110 4063 255 4116 Ναί.
296 4065 459 4133 Ὀρθ.
485 4065 559 4118 Τὸ
587 4063 812 4136 Πνεῦμα
841 4067 902 4119 τὸ
922 4067 1074 4135 ἅγιον
1107 4067 1323 4139 Πατέρα
1345 4067 1455 4139 ἔχει
1476 4085 1489 4134 ;
1513 4071 1635 4124 Ἀνι

1857 4063 2073 4118 niﬁcant
2110 4062 2414 4117 substantia
2435 4070 2488 4117 et
2525 4059 2853 4132 hypostasis.
2884 4055 3168 4110 Anam.‘At
3203 4067 3382 4108 nonne

105 4152 223 4206 Οὔ.
265 4155 433 4220 Ὀρθ.
467 4154 674 4208 Οὐκοῦν
700 4157 792 4208 καὶ
813 4156 944 4208 αὐτὸ
972 4157 1264 4228 ἀγέννητον
1283 4175 1297 4188 ο
1324 4158 1424 4211 οὐκ
1448 4157 1554 4229 ἄρα
1585 4159 1630 4212 ῐδ

1856 4170 1924 4209 an
1999 4155 2236 4225 genitum
2283 4168 2426 4215 esse,
2487 4159 2572 4207 est
2615 4151 2794 4205 Patris
2851 4146 3170 4220 proprium?
3229 4143 3381 4199 Orth.

101 4244 216 4298 τοῦ
253 4246 485 4316 Πατρὸς
521 4247 582 4299 τὸ
605 4246 895 4318 ἀγέννητον
921 4247 1050 4319 (70).
1086 4249 1285 4320 Ἀνόμ.
1347 4250 1485 4303 Ἀλλ’
1530 4253 1559 4305 ό
1604 4253 1626 4304 Ι

1855 4245 1932 4300 [οη
1990 4256 2092 4301 est.
2145 4245 2334 4299 Anam.
2393 4243 2560 4299 Estne
2596 4243 2651 4297 in
2686 4256 2869 4297 rerum
2943 4247 3140 4294 natura
3180 4234 3380 4306 aliquid

100 4335 226 4405 τὴρ
261 4335 368 4388 καὶ
409 4335 701 4405 ἀγέννητὸς
730 4337 845 4389 ἐστι
871 4338 965 4391 καὶ
987 4338 1270 4409 ἀγένητος.
1304 4342 1449 4407 Ὀρθ.
1487 4341 1622 4396 Οὐδὲ

1854 4337 1964 4391 liud
2012 4337 2352 4406 ingenitum?
2398 4334 2550 4390 Orth.
2593 4333 2792 4388 Etiam.
2853 4333 3042 4386 Anam.
3087 4327 3379 4395 Quidnam?

98 4424 405 4495 ἀγένητον
430 4425 562 4479 ἴδιόν
591 4428 706 4479 ἐστι
729 4427 822 4481 τοῦ
849 4429 1080 4500 Πατρὸς,
1109 4430 1243 4484 ἀλλά
1270 4432 1446 4486 κοινόν
1467 4433 1623 4486 ἐστι]

1852 4428 1974 4481 lrth.
2025 4426 2212 4480 Nonne
2243 4426 2298 4480 id
2338 4427 2579 4496 genitum
2634 4431 2739 4487 est,
2770 4421 2915 4492 quod
2945 4430 3150 4491 patrem
3187 4416 3377 4471 habet.

96 4515 274 4587 πρὸς,
316 4517 422 4569 καὶ
452 4516 607 4583 Υἱοῦ,
641 4519 734 4572 καὶ
777 4520 933 4588 ἁγίου
965 4520 1297 4591 Πνεὺματος.
1334 4522 1531 4591 Ἀνόμ.
1558 4523 1621 4574 Ili

1854 4521 2117 4590 igenitum
2173 4519 2249 4584 id,
2308 4517 2455 4588 quod
2501 4523 2709 4588 patrem
2762 4530 2871 4569 non
2928 4511 3134 4567 habet?
3190 4511 3379 4564 Anam.

94 4610 273 4675 Ὀρθ.
297 4608 594 4678 Ἀγένητόν
614 4610 730 4663 ἐστι
752 4611 812 4663 τὸ
843 4612 1218 4683 γενεσιουργὸν
1247 4611 1321 4683 μὴ
1343 4612 1482 4682 ἕχον·
1504 4612 1537 4684 ἦ
1564 4615 1619 4665 πε

1854 4613 2015 4667 :tiam.
2090 4611 2243 4666 Orth.
2309 4609 2545 4680 Spiritus
2604 4607 2838 4662 habetne
2894 4603 3156 4659 Patrem?
3193 4604 3379 4655 Anam.

93 4701 334 4768 ’Ardy.
361 4701 497 4755 Ναί.
541 4702 694 4770 Ὀρθ.
727 4701 798 4755 Τὸ
827 4703 885 4755 δὲ
927 4704 1304 4775 γενεσιουργδν
1339 4705 1458 4776 ἕχον
1489 4722 1618 4775 γενη

1850 4704 1956 4760 ion.
2000 4703 2154 4759 Orth.
2193 4703 2334 4774 Ergo
2363 4711 2418 4758 et
2452 4703 2569 4772 ipse
2604 4708 2687 4756 est
2725 4699 3036 4770 ingenitus:
3081 4697 3264 4766 itaque
3302 4696 3375 4747 iu-

89 4791 298 4847 ἐστιν.
328 4790 479 4845 Οὔτε
503 4791 561 4845 δὲ
593 4792 720 4856 Υἱὸς
749 4795 1126 4865 γενεσιουργὸν
1151 4794 1283 4865 ἔχει,
1324 4793 1446 4847 οὐτε
1491 4795 1614 4848 Πνεῐ

1840 4795 2060 4863 genitum
2124 4810 2267 4860 esse,
2316 4809 2422 4848 non
2478 4804 2561 4848 est
2608 4791 2887 4863 proprium
2934 4789 3133 4843 Patris.
3194 4789 3365 4839 Anam

84 4881 436 4950 (δέδεικται
485 4883 594 4955 γὰρ
637 4885 701 4936 ὲκ
729 4884 964 4955 γαστρὸς
995 4887 1024 4938 ό
1065 4885 1211 4952 Υἱὸς,
1243 4887 1336 4939 καὶ
1363 4889 1428 4939 ὲκ
1455 4887 1609 4956 στόμο

1841 4887 1930 4942 Sed
1968 4885 2124 4941 Pater
2167 4896 2254 4942 est
2291 4894 2345 4940 et
2376 4901 2483 4940 non
2518 4885 2733 4955 genitus
2764 4889 2818 4937 et
2856 4896 2963 4936 non
2996 4879 3193 4933 factus.
3231 4873 3366 4930 0th

82 4974 162 5025 τὸ
197 4973 505 5046 Πνεῦμα).
529 4977 641 5028 Οὐκ
675 4977 782 5048 ἄρα
815 4977 1073 5046 ίδιονλτοῦ
1107 4978 1318 5050 Πατρδς
1343 4979 1404 5031 τὸ
1432 4979 1607 5049 ἀγένηε

1853 4977 1900 5033 ie
1948 4979 2093 5033 istud
2137 4979 2374 5048 quidem,
2421 4993 2529 5032 non
2587 4975 2789 5030 factum
2844 4988 2985 5037 esse,
3018 4968 3215 5023 Patris
3260 4980 3378 5035 pro-

83 5067 311 5135 prium
379 5075 490 5131 est,
540 5069 636 5124 sed
664 5084 948 5126 commune
986 5080 1072 5127 est
1109 5072 1276 5136 Patri,
1332 5071 1490 5136 Filio,
1530 5079 1583 5126 et
1622 5071 1849 5141 Spiritui
1905 5081 2120 5130 sancto.
2161 5077 2349 5128 Anam.
2392 5071 2714 5138 Quomodo?
2773 5069 2926 5124 Orth.
2998 5067 3080 5118 An
3154 5060 3380 5117 non-fa-

81 5171 274 5210 etum
323 5165 426 5213 est
459 5159 613 5226 illud,
663 5162 808 5232 quod
841 5179 949 5219 non
981 5165 1144 5220 habet
1190 5165 1439 5235 opiﬁcem
1469 5185 1481 5219 :
1509 5173 1602 5218 aut
1631 5167 1902 5234 quomodo
1946 5167 2250 5237 intelligis?
2287 5169 2476 5221 Anam.
2545 5164 2740 5218 Etiam.
2804 5161 2957 5218 Orth.
3000 5157 3136 5212 Illud
3206 5161 3380 5208 autem

77 5255 192 5302 est
227 5247 678 5322 factum,_quod
733 5255 895 5311 habet
930 5258 1198 5326 apilicem.
1252 5258 1321 5311 At
1348 5273 1526 5327 neque
1563 5257 1732 5314 Filius
1770 5269 1946 5330 neque
2020 5260 2255 5330 Spiritus
2302 5265 2526 5315 sanctus
2595 5257 2794 5311 habent
2851 5252 3098 5323 opiﬁcem
3159 5246 3372 5318 (osten-

79 5357 240 5396 sum
291 5345 468 5398 enim
523 5355 629 5411 est,
667 5345 865 5404 Filium
900 5366 1025 5406 esse
1055 5367 1120 5406 ex
1155 5361 1331 5416 utero,
1363 5359 1416 5407 et
1447 5351 1707 5422 Spiritum
1748 5363 1997 5410 sanctum
2035 5369 2101 5410 ex
2133 5354 2272 5426 ore).
2298 5336 2518 5424 °Itaque
2547 5352 2750 5407 factum
2781 5364 2891 5403 non
2932 5361 3076 5412 esse,
3141 5358 3251 5396 non
3305 5350 3380 5393 εει

74 5435 438 5507 proprium
467 5437 662 5496 Patris.

174 5548 286 5603 14.
321 5549 542 5619 Ἀνόμ.
592 5551 656 5604 Τί
693 5549 783 5607 οὖν
815 5553 940 5608 ἄλλο
980 5554 1107 5607 ἴδιόν
1140 5557 1254 5608 ἐστι
1294 5556 1387 5610 τοῦ
1419 5557 1629 5628 Πατρδς
1668 5574 1692 5609 ε

1895 5555 1982 5611 14.
2025 5557 2214 5610 Anam.
2250 5552 2522 5620 Quidnam
2556 5552 2721 5622 igitur
2750 5547 2897 5603 aliud
2931 5554 3014 5602 est
3050 5546 3228 5602 Patris
3266 5560 3365 5615 pro

369 5657 1034 5740 εξοὶιιι.,κα“ιδημιοὺργὸν
1062 5662 1212 5740 Θεέ-ν.
1256 5732 1266 5740 _
1373 5734 1428 5740 Η

1882 5666 1996 5740 (7.0)
2035 5665 2205 5740 Palat.
2239 5663 2352 5719 fere
2389 5676 2602 5730 semper
2639 5660 2832 5740 habet.
2856 5659 3171 5740 ἀγέννητον,
3197 5664 3250 5712 et
3273 5671 3376 5727 γεν

169 5727 323 5798 (69)
374 5728 518 5802 Reg.
547 5738 600 5786 et
630 5727 825 5798 Palat},
848 5727 989 5785 οὗτοι)
1013 5734 1104 5785 καὶ
1125 5732 1341 5804 Πατέρα
1373 5734 1568 5803 λέγεις.

1822 5727 2000 5806 νητόν,
2023 5737 2128 5792 nisi
2159 5737 2315 5791 aliter
2339 5727 2578 5800 notetur,
2614 5739 2668 5787 et
2705 5729 2904 5799 Regius
2934 5727 3223 5799 similiter“
