3862 6204
503 347 528 389 1
545 344 646 390 Ιόυ

1614 328 1675 386 ε.
1714 326 2173 383 ATHANASIUS.
2206 358 2276 368 —
2307 297 2603 383 spuma.‘

3602 312 3749 386 μισ

502 452 701 522 prium,
764 450 813 507 si
848 464 1029 519 neque
1084 462 1193 502 non
1231 448 1474 518 genitum
1509 460 1652 511 esse,
1717 459 1896 514 neque
1958 458 2068 498 non

2180 445 2310 514 μήτε
2336 445 2397 497 τὸ
2429 444 2720 514 ἀγέννητον
2758 442 2885 496 ἴδιον
2912 442 3074 498 αὑτοῦ
3121 443 3257 507 ἐστι,
3289 444 3426 517 μήτε
3453 443 3517 499 rb
3545 446 3745 518 ἀγένη-

502 544 729 607 factum,
778 550 862 597 est
893 542 1067 611 ipsius
1094 540 1417 611 proprium?
1460 537 1615 593 Orth.
1656 536 1792 595 Esse
1830 536 2064 598 Patrem,

501 643 581 689 est
607 632 890 703 proprium
928 630 1155 684 Patris:
1196 644 1318 684 esse
1368 625 1589 692 Filium,
1647 636 1733 683 est
1786 626 2070 698 proprium

501 722 621 777 Filii
664 730 768 779 :et
826 738 949 779 esse
998 719 1259 791 Spiritum
1316 725 1564 774 sanctum
1606 717 1720 785 Dei,
1789 717 2069 787 proprium

501 824 582 875 est
629 814 867 885 Spiritus
906 813 1104 873 sancti.
1153 812 1344 865 Anam.
1383 809 1580 864 Annon
1620 824 1749 863 vero
1785 808 1945 863 Pater
1987 814 2072 863 est

502 904 727 973 spiritus
783 902 1048 958 sanctus?
1109 900 1263 957 Orth.
1297 899 1461 954 Pater
1514 914 1731 969 quoque
1771 906 1857 955 est
1910 898 2073 968 spiri-

503 1003 588 1059 tus
648 1004 893 1059 sanctus,
954 992 1049 1059 sed
1112 1008 1223 1047 non
1285 999 1371 1051 est
1418 988 1657 1061 Spiritus
1712 988 1830 1043 Dei.
1886 986 2074 1058 Itaque

504 1088 856 1158 hypostaseos
926 1083 1104 1138 Patris
1172 1082 1455 1157 proprium
1503 1087 1625 1143 est,
1697 1077 1915 1132 Pater:
1973 1092 2074 1134 nec

505 1181 647 1244 enim
675 1179 836 1233 Pater
858 1176 1030 1231 Filius
1052 1186 1135 1231 est
1157 1192 1172 1230 :
1205 1184 1258 1229 et
1280 1174 1636 1244 hypostaseos
1652 1170 1773 1225 Filii
1792 1169 2073 1240 praprium

505 1279 607 1339 est,
679 1270 888 1326 Filius:
930 1283 1032 1325 nec
1086 1268 1232 1323 enim
1288 1266 1460 1320 Filius
1513 1263 1675 1321 Pater
1727 1272 1839 1329 est;
1884 1273 1938 1317 et
1976 1262 2075 1333 hy-

505 1372 794 1436 postaseos,
826 1359 1073 1430 Spiritus.
1103 1356 1279 1413 sancti
1323 1354 1606 1426 proprium
1643 1361 1748 1417 est,
1813 1351 2073 1423 Spiritum

505 1452 598 1517 Dei
637 1459 886 1507 sanctum
962 1464 1123 1513 esse,
1168 1449 1346 1516 neque
1409 1445 1646 1515 Spiritus
1702 1443 1797 1497 Dei
1851 1449 2075 1497 sanctus

503 1546 660 1601 Pater
696 1552 780 1600 est
810 1551 904 1597 aut
941 1541 1132 1601 Filius.
1197 1537 1513 1603 Substantia
1541 1550 1671 1590 vero
1708 1542 1788 1595 εει
1828 1548 2074 1595 commu-

504 1638 590 1701 nis
620 1635 790 1699 Patri,
818 1632 977 1700 Filio,
1025 1639 1080 1687 et
1128 1628 1354 1701 Spiritui
1407 1634 1642 1683 sancto:
1685 1631 1770 1686 est
1803 1623 1947 1678 enim
2000 1623 2076 1677 si-

505 1728 707 1791 militer
744 1723 1091 1787 immortalis,
1144 1720 1397 1777 similiter
1436 1715 1888 1785 incorruptibilis,
1924 1714 2076 1769 simi-

2168 552 2287 607 rov;
2322 536 2477 604 Ὀρθ.
2510 535 2616 588 Τοῦ
2657 536 2867 607 Πατρὸς
2922 534 3050 589 ῐδιον
3094 535 3174 600 rb,
3219 537 3436 607 Πατήρ·
3480 537 3595 608 τοῦε
3614 538 3744 593 Υἱοῦ

2172 627 2300 679 ῐδιον
2327 627 2406 691 rb,
2443 627 2569 690 Υἱός
2588 644 2600 656 ’
2638 626 2731 680 τοῦ
2763 627 3073 698 Πνεῦματος
3099 625 3194 679 τοῦ
3229 627 3406 695 ἁγίου,
3425 626 3489 680 rb
3518 628 3743 699 Πνεῦμα

2170 717 2302 772 Θεοῦ
2350 718 2502 787 ἅγιον
2546 714 2705 771 εἶναι.
2737 720 2936 786 Ἀνόμ.
2981 719 3040 771 '0
3087 716 3196 788 γὰρ
3250 718 3440 789 Πατὴρ
3488 719 3593 771 οὑκ
3634 718 3740 770 ἐστί

2172 808 2388 879 πνεῦμα
2441 810 2624 878 ἆγιον;
2672 812 2826 877 Ὀρθ.
2869 808 2981 861 Καὶ
3028 810 3057 862 ὁ
3096 807 3286 879 Πατὴρ
3323 808 3547 878 πνεῦμα
3593 807 3715 876 ἃγιέ

2173 904 2342 965 ἐστιν,
2361 902 2475 954 ἀλλ’
2496 902 2556 954 οὐ
2574 899 2796 971 Πνεῦμα
2828 899 2982 953 Θεοῦ.
3020 899 3131 968 Τῆς
3158 895 3251 953 οῦν
3278 899 3635 961 ὑποστάσεως
3656 899 3737 951 τί

2172 994 2385 1064 Πατρὸς
2407 991 2534 1047 ἴδιον
2561 991 2641 1055 rb,
2676 990 3154 1062 Πατήρ·οὑδαμῶς
3187 990 3294 1059 γὰρ
3317 989 3555 1061 ὁΠατὴρ
3586 990 3773 1073 Υἱόςοὲ

2174 1085 2270 1138 καὶ
2318 1084 2418 1155 τῆς
2468 1083 2817 1146 ὑποστάσεως
2854 1081 2946 1135 τοῦ
2994 1082 3122 1135 Υἰοῦ
3173 1081 3302 1134 ῖδιον
3347 1081 3429 1145 rb,
3458 1081 3623 1144 Υἱόςο
3653 1082 3745 1133 οὐ-

2172 1174 2361 1246 δαμῶς
2400 1174 2508 1247 γὰρ
2535 1177 2563 1228 ὁ
2593 1173 2717 1237 Υἱὸς
2757 1174 2974 1243 Πατήρ·
3007 1172 3102 1226 καὶ
3125 1173 3225 1242 τῆς
3258 1172 3613 1235 ὑποστάσεως
3651 1171 3745 1224 τοῦ

2174 1266 2491 1338 Πνεῦματος
2524 1265 2618 1318 τοῦ
2653 1265 2810 1333 ἁγίου
2864 1263 2992 1318 ῐδιον
3041 1264 3103 1316 rb
3143 1261 3281 1316 εἶναι
3333 1264 3559 1335 Πνεῦμα
3608 1263 3743 1316 Θεοῦ

2174 1362 2357 1430 ἆγιον·
2415 1358 2664 1429 οὐδαμῶς
2716 1357 2774 1411 δὲ
2811 1356 2871 1410 rb
2914 1356 3134 1426 Πνεῦμα
3166 1355 3258 1409 τοῦ
3286 1355 3422 1408 Θεοῦ
3456 1355 3520 1408 rb
3566 1355 3742 1423 ἅγιον,

2174 1452 2422 1524 Πατὴρῆ
2457 1450 2606 1514 Υἱός.
2659 1450 2724 1502 Ἦ
2767 1448 2822 1501 δὲ
2860 1448 3018 1502 οὐσία
3065 1448 3297 1519 Πατρδς,
3330 1448 3426 1501 καὶ
3462 1445 3618 1510 Υίοῦ,
3655 1448 3745 1497 καὶ

2173 1543 2331 1610 ἁγίου
2367 1540 2867 1611 Πνεύματος,κοινή
2889 1557 2903 1569 ·
2932 1538 3134 1609 ὁμοίως
3158 1538 3268 1607 γὰρ
3289 1537 3577 1601 ἀθάνατος,
3593 1537 3748 1607 ὁμοί-

2176 1649 2250 1693 ως
2281 1629 2576 1700 ἄφθαρτος,
2610 1627 2810 1699 ὁμοίως
2843 1626 2974 1693 ἁγία
3007 1626 3141 1698 (71),
3177 1625 3374 1697 ὁμοίως
3404 1625 3607 1696 ἀγαθή.
3637 1625 3748 1677 Καὶ

2175 1721 2261 1774 διὰ
2306 1720 2461 1774 τοῦτο
2496 1719 2726 1789 λέγομεν
2784 1717 2910 1788 μίαν
2951 1717 3160 1779 οὐσίαν,
3198 1719 3348 1788 τρεῖς
3395 1715 3747 1778 ὑποστάσεις.

505 1820 628 1878 liter
664 1823 874 1882 sancta,
916 1815 1168 1875 similiter
1206 1813 1369 1873 bona.
1424 1808 1489 1862 Et
1525 1815 1809 1880 propterea
1840 1805 2072 1861 dicimus

2180 1815 2372 1882 Ἀνόμ.
2394 1810 2504 1866 Ποῦ
2530 1811 2853 1881 γέγραπται,
2869 1810 2952 1862 ὅτι
2985 1808 3043 1862 rb
3066 1806 3311 1879 Πνεῦμα,
3341 1806 3475 1860 Θεοῦ
3495 1805 3750 1874 λέγεται;

506 1926 671 1966 unam
716 1908 1102 1972 substantiam,
1148 1913 1262 1961 tres
1324 1905 1664 1975 hypostases.
1737 1901 1924 1955 Anam.
1968 1898 2072 1954 Ubi

505 2002 773 2072 scriptum
810 2008 895 2056 est
931 1997 1193 2069 Spiritum
1218 2003 1467 2050 sanctum
1505 1993 1611 2049 dici
1639 1991 1902 2062 Spiritum
1940 1989 2074 2048 Dei?

507 2092 662 2152 Ortlt.
692 2091 895 2156 Paulus
933 2088 1213 2158 apostolus
1249 2086 1381 2140 dicit
1412 2105 1424 2138 :
1477 2103 1494 2137 ‹
1534 2082 1706 2137 Nemo
1735 2082 1876 2137 enim
1906 2081 2075 2135 homi-

508 2200 638 2247 num
678 2183 783 2238 scit
805 2198 925 2252 qua:
953 2188 1077 2235 sunt
1102 2177 1363 2242 hominis,
1403 2175 1511 2229 nisi
1542 2174 1768 2243 spiritus
1810 2172 2071 2236 hominis,

507 2270 600 2340 qui
628 2269 683 2323 in
723 2268 844 2339 ipso
882 2273 1004 2331 est;
1047 2265 1122 2319 ita
1168 2271 1223 2319 et
1272 2277 1394 2333 quae
1435 2259 1528 2317 Dei
1567 2268 1725 2322 sunt,
1775 2273 1935 2313 nemo
1980 2272 2076 2312 co-

505 2360 712 2435 gnovit,
731 2359 836 2424 nisi
864 2356 1101 2428 Spiritus
1131 2354 1291 2410 Dei“.
1319 2355 1549 2423 ifAnom.
1579 2348 1840 2419 Spiritum
1868 2349 1964 2405 Dei
1993 2349 2077 2404 di-

505 2455 580 2510 cit
601 2454 778 2528 ipsum
816 2450 1010 2507 Deum.
1053 2448 1206 2504 Orth.
1231 2447 1374 2519 Lege
1410 2446 1752 2516 Apostolum,
1796 2452 1856 2499 ut
1893 2444 2076 2516 ipsum

506 2547 621 2611 haec
678 2546 952 2606 dicentem
1005 2541 1236 2597 audias:
1275 2558 1295 2591 ι
1354 2540 1486 2606 Quae
1523 2540 1719 2595 oculus
1755 2554 1866 2593 non
1917 2537 2075 2601 vidit,

506 2656 608 2705 nec
636 2639 787 2694 auris
821 2636 1052 2700 audivit,
1082 2650 1184 2691 nec
1208 2635 1265 2688 in
1294 2647 1391 2688 cor
1419 2631 1658 2686 hominis
1689 2628 2074 2692 ascenderunt,

505 2748 626 2802 quae
670 2734 989 2802 praeparavit
1018 2726 1161 2782 Deus
1202 2723 1558 2794 diligentibus
1583 2737 1664 2787 se,
1700 2719 1862 2779 nobis
1897 2725 2078 2772 autem

509 2824 651 2887 Deus
693 2820 954 2876 revelavit
995 2832 1091 2888 per
1125 2815 1390 2886 Spiritum
1428 2827 1611 2868 suum.
1665 2809 1905 2880 Spiritus
1935 2808 2079 2863 enim

507 2915 689 2968 omnia
722 2918 1019 2976 scrutatur,
1046 2908 1213 2964 etiam
1245 2904 1515 2979 profunda
1565 2902 1661 2958 Dei
1691 2903 1733 2956 ⁷.
1775 2899 1910 2967 Quis
1934 2900 2081 2955 enim

507 3008 611 3069 scit
639 3006 941 3067 hominum,
976 3017 1096 3073 quae
1125 3008 1253 3058 sunt
1284 2999 1541 3063 hominis,
1587 2996 1694 3051 nisi
1732 2994 1959 3064 spiritus
1983 2992 2083 3046 ho-

508 3098 711 3157 minis?
742 3098 816 3159 ita
868 3104 924 3151 et
977 3109 1099 3165 qua:
1140 3091 1236 3156 Dei
1283 3097 1412 3149 sunt
1434 3103 1594 3144 nemo
1646 3085 1922 3157 cognovit,
1957 3081 2077 3158 ,ιιἰεί

508 3189 746 3260 Spiritus
776 3187 892 3243 Dei.
942 3205 961 3238 ι

580 3282 666 3337 15.
712 3282 899 3334 Anam.
929 3278 1045 3333 Cur
1083 3292 1192 3332 non
1219 3284 1331 3331 tres
1357 3289 1576 3345 quoque
1607 3270 1948 3328 substantias
1996 3268 2080 3324 di-

508 3373 719 3432 cimus?
748 3370 902 3427 Orth.
934 3369 1070 3436 Quia
1102 3369 1229 3422 dato
1266 3382 1518 3431 numero,
1558 3351 1792 3420 necesse
1833 3370 1919 3418 est
1955 3377 2081 3432 pro-

506 3466 790 3536 prietatem
817 3463 936 3518 dari
967 3481 979 3515 :
1016 3460 1325 3531 proprietas
1363 3473 1490 3513 vero
1520 3465 1605 3512 est
1648 3455 1882 3509 alterum
1928 3453 2082 3523 quid-

507 3562 665 3613 dam:
692 3556 862 3611 altera
882 3560 1064 3609 autem
1084 3551 1387 3608 substantia
1414 3548 1698 3604 constituit
1724 3545 2077 3617 ὲτεροούσιον.

507 3648 664 3719 Quod
697 3656 876 3703 autem
915 3653 996 3701 est
1031 3642 1388 3716 ἑτεροοὺσιον,
1422 3656 1533 3696 non
1560 3646 1645 3695 est
1686 3638 1936 3693 similiter
1977 3636 2081 3689 im-

505 3741 759 3807 mortale,
786 3754 891 3795 nec
921 3737 1174 3794 similiter
1207 3732 1642 3804 incorruptibile,
1683 3745 1785 3786 nec
1831 3729 2083 3785 similiter

456 3890 458 3893 .
506 3843 779 3900 sanctum,
809 3846 908 3887 nec
934 3826 1562 3886 similitenimmutabile.
1591 3823 1661 3877 At
1684 3822 1864 3886 Pater,
1887 3818 2078 3884 Filius,

506 3932 564 3982 et
610 3923 851 3993 Spiritus
891 3928 1137 3986 sanctus,
1188 3925 1316 3976 sunt
1366 3915 1626 3986 quiddam
1673 3913 1926 3970 similiter
1980 3910 2084 3965 im-

505 4016 758 4079 mortale,
813 4020 1084 4075 sanctum,
1139 4008 1493 4066 immutabile.
1538 4006 1656 4061 Una
1702 4012 1786 4061 est
1817 4019 1948 4075 ergo
1980 4002 2084 4056 Pa—

507 4110 634 4172 tris,
678 4106 825 4175 Filii,
881 4113 937 4162 et
987 4104 1223 4175 Spiritus
1258 4101 1435 4159 sancti
1465 4100 1792 4157 substantia.
1854 4097 2083 4164 Quando

506 4217 638 4258 vero
671 4210 784 4257 tres
816 4201 1137 4272 hypostases
1177 4198 1414 4253 dicimus
1452 4193 1654 4258 Patris,
1689 4192 1833 4260 Filii,
1870 4198 1924 4247 et
1959 4190 2083 4259 Spi-

508 4295 652 4350 ritus
683 4294 882 4358 sancti,
908 4308 1038 4348 vere
1071 4306 1194 4348 esse
1231 4289 1468 4347 dicimus
1497 4285 1894 4356 proprietatum
1924 4283 2082 4337 δισθ-

509 4385 744 4439 rentiam
776 4384 834 4438 in
878 4382 1159 4455 hypostasi
1190 4423 1204 4447 ,
1257 4396 1369 4436 non
1411 4386 1593 4433 autem
1644 4378 1698 4431 in
1758 4377 2082 4432 substantia.

2174 1910 2328 1976 Ὀρθ.
2351 1904 2561 1968 Παῦλος
2590 1905 2619 1957 ὁ
2664 1901 2957 1965 ἀπόστολος
2988 1900 3167 1969 λέγει·
3201 1919 3221 1951 ι
3253 1898 3443 1961 Οὐδεὶς
3479 1896 3592 1966 γὰρ
3611 1892 3753 1948 οἶδεν

2172 1999 2472 2073 ἀνθρώπων
2517 1999 2585 2052 τὰ
2613 1996 2710 2050 τοῦ
2760 1992 3068 2065 ἀνθρώπου,
3115 1992 3164 2045 εἰ
3210 1991 3283 2061 μὴ
3309 1988 3618 2059 τδιπνεῦμα
3657 1986 3752 2040 τοῦ

2175 2090 2458 2163 ἀνθρώπου
2492 2087 2553 2142 rb
2585 2090 2644 2140 ὲν
2681 2083 2861 2156 αὐτῷ’
2892 2081 3065 2146 οὕτως
3099 2082 3194 2135 καὶ
3235 2079 3305 2133 τὰ
3345 2078 3439 2132 τοῦ
3478 2078 3621 2131 Θεοῦ
3660 2078 3755 2131 οὑ-

2174 2183 2283 2247 δεὶς
2298 2178 2437 2236 οἶδεν
2462 2183 2511 2234 εί
2542 2178 2696 2251 μὴτὸ
2716 2177 2939 2248 Πνεῦμα
2961 2174 3055 2228 τοῦ
3074 2172 3227 2227 Θεοῦ.
3242 2172 3467 2241 ιἈνόμ.
3490 2171 3567 2223 Tb
3578 2170 3756 2224 Πνεῦ-

2180 2292 2258 2345 μα
2281 2272 2375 2326 τοῦ
2407 2268 2541 2325 Θεοῦ
2581 2269 2729 2339 λέγει
2761 2266 2923 2320 αὑτὸν
2964 2264 3056 2318 rbv
3085 2263 3237 2317 Θεόν.
3261 2265 3415 2331 Ὄρθ.
3452 2261 3758 2330 Ἀνάγνωθι

2174 2366 2266 2419 τὸν
2302 2361 2642 2425 ’Δπόστολον,
2675 2360 2762 2413 ἵνα
2794 2356 3033 2428 ἀκούσῃς
3079 2354 3327 2423 λέγοντος
3372 2353 3578 2415 οὕτως’
3618 2371 3641 2404 ι
3692 2354 3759 2405 ’Δ

2176 2458 2453 2530 ὀφθαλμὸς
2480 2457 2581 2511 οὐκ
2610 2449 2738 2517 εἶδε,
2772 2452 2868 2505 καὶ
2906 2450 2967 2502 rb
3006 2444 3099 2512 οῦς
3140 2448 3241 2501 οὐκ
3279 2448 3500 2518 ἤκουσε,
3531 2446 3631 2498 καὶ
3668 2446 3759 2499 ἐπὶ

2179 2551 2406 2623 καρδίαν
2439 2545 2723 2617 ἀνθρώπου
2740 2543 2840 2596 οὑκ
2856 2540 3045 2611 ἀνέδη,
3060 2539 3096 2593 ἃ
3120 2540 3412 2610 ἡτοίμασεν
3437 2540 3465 2591 ό
3492 2536 3631 2599 Θεὸς
3649 2540 3757 2598 ταῖς

2179 2641 2465 2712 ἀγαπῶσιν
2506 2637 2700 2692 αὐτόν’
2737 2638 2869 2706 ἡμῖν
2913 2633 2970 2685 δὲ
3019 2631 3114 2685 κα)⁸
3141 2630 3272 2694 Θεὸς
3312 2627 3635 2696 ἀπεκάλυψε
3674 2626 3760 2679 διὰ

2178 2733 2272 2787 τοῦ
2304 2730 2619 2801 Πνεῦματος
2635 2724 2819 2780 αὑτοῦ·
2848 2722 2909 2777 rb
2940 2720 3050 2793 γὰρ
3081 2719 3307 2791 Πνεῦμα
3333 2720 3513 2773 πάντα
3536 2718 3756 2788 ἐρευνᾷ,

2180 2821 2274 2875 καὶ
2297 2820 2365 2873 τὰ
2400 2818 2535 2890 βάθη
2574 2815 2668 2870 τοῦ
2710 2812 2868 2868 Θεοῦ.
2898 2812 2995 2875 Τίς
3022 2810 3128 2883 γὰρ
3161 2805 3300 2864 οἶδεν
3342 2807 3673 2880 ἀνθρώπων
3695 2806 3762 2860 τά

2183 2910 2280 2963 τοῦ
2306 2908 2615 2982 ἀνθρώπου,
2646 2907 2695 2959 εἰ
2728 2903 2802 2976 μὴ
2830 2903 2892 2955 rb
2909 2900 3123 2972 πνεῦμα
3139 2900 3231 2954 τοῦ
3256 2899 3585 2972 ἀνθρώπους
3616 2898 3757 2951 οὕτω

2185 3004 2279 3056 καὶ
2326 3001 2395 3055 τὰ
2444 3000 2539 3055 τοῦ
2570 2996 2703 3053 Θεοῦ
2734 2994 2915 3057 οὐδεὶς»
2932 2991 3095 3060 ἔγνω,
3119 2994 3166 3046 εί
3195 2992 3270 3063 μὴ
3302 2991 3363 3045 rb
3406 2990 3643 3061 Πνεῦμα
3668 2987 3761 3042 τοῦ

2183 3093 2316 3149 Θεοῦ
2326 3133 2342 3148 .
2390 3112 2410 3145 ι

2254 3276 2544 3343 15.Ἀνόμ.
2578 3272 2678 3326 Διὰ
2702 3272 2757 3325 τί
2783 3270 2949 3342 δὲμὴ
2973 3269 3067 3323 καὶ
3090 3268 3239 3340 τρεῖς
3264 3264 3452 3326 οὐσίας
3483 3262 3758 3334 εῐπωμενς

2178 3369 2333 3434 Ὄρθ.
2356 3366 2476 3417 Ὅτι
2514 3362 2727 3430 ἀνάγκη
2753 3357 2829 3429 τῷ
2858 3356 3078 3430 ἀριθμῷ
3102 3355 3203 3424 τὴν
3238 3352 3474 3421 ἰδιότητα
3506 3349 3756 3420 δοθῆναιο

2180 3462 2212 3529 ή
2238 3458 2295 3511 δὲ
2323 3456 2519 3527 ἰδιότης
2537 3454 2810 3524 ἑτερότης·
2848 3451 2883 3521 ἡ
2920 3449 2978 3502 δὲ
3011 3447 3266 3518 ἑτερότης
3291 3444 3393 3513 τῆς
3423 3442 3618 3505 οὐσίας
3645 3443 3759 3494 ἑτε-

2184 3549 2418 3622 ροούσιον
2435 3547 2543 3618 (72)
2562 3546 2722 3598 ποιεῖ·
2746 3543 2806 3596 rb
2829 3542 2886 3595 δὲ
2908 3538 3244 3612 ἐτεροοὺσιον
3264 3537 3362 3605 οὐχ
3379 3533 3588 3605 ὁμοίως
3614 3534 3761 3585 ἐστὶν

2180 3643 2462 3704 ἀθάνατον,
2492 3639 2591 3709 οὐχ
2637 3635 2838 3707 ὁμοίως
2888 3632 3183 3703 ἄφθαρτον,
3215 3628 3315 3696 οὐχ
3357 3624 3563 3696 ὁμοίως
3585 3624 3760 3692 ἅγιον,

2180 3735 2277 3805 οὐχ
2317 3733 2517 3804 ὁμοίως
2554 3730 2843 3800 ἄτρεπτον.
2889 3723 3122 3796 Ὁμοίως
3165 3721 3221 3779 δὲ
3263 3717 3455 3790 Πατὴρ
3490 3717 3591 3770 καὶ
3636 3715 3763 3778 Υἱὸς

2182 3828 2275 3882 καὶ
2311 3826 2463 3895 ἆγιον
2498 3822 2741 3892 Πνεῦμα,
2778 3818 3068 3881 ἀθάνατον,
3104 3816 3277 3883 ἅγιον,
3305 3811 3613 3889 ἄτρεπτον..
3648 3808 3763 3862 Μία

2182 3920 2289 3991 ἄρα
2322 3919 2479 3972 οὐσία
2525 3914 2758 3986 Πατρὸς,
2791 3911 2887 3965 καὶ
2909 3908 3062 3972 Υίοῦ,
3090 3906 3186 3961 καὶ
3225 3905 3382 3973 ἁγίου
3414 3900 3758 3971 Πνεῦματος.

2184 4013 2350 4065 Ὅταν
2405 4010 2463 4065 δὲ
2506 4008 2755 4079 λέγωμεν
2795 4006 2947 4076 τρεῖς
2993 3999 3323 4061 ὑποστάσεις
3367 3994 3610 4065 Πατρὸς,
3666 3993 3766 4048 καὶ

2182 4103 2336 4166 Υἱοῦ,
2364 4103 2458 4156 καὶ
2481 4101 2634 4170 ἁγίου
2659 4097 2799 4152 Πνεύ
2809 4112 2996 4169 ματος,
3033 4094 3096 4146 rb
3137 4089 3334 4162 ἀληθὲς
3362 4084 3503 4140 εἶναι
3530 4087 3767 4156 λέγομεν

2182 4195 2288 4249 τῶν
2315 4194 2588 4265 ίδιοτήτων
2616 4191 2713 4262 τὴν
2737 4185 2996 4258 διαφορὰν
3021 4185 3079 4238 ὲν
3105 4185 3172 4253 τῇ
3203 4180 3521 4243 ὑποστάσει,
3553 4177 3687 4246 οὑχὶ
3708 4175 3765 4228 δὲ

2183 4289 2279 4341 καὶ
2306 4288 2363 4339 ὲν
2389 4287 2456 4356 τῇ
2486 4283 2664 4353 οὐσίᾳ.
2685 4279 2885 4348 Ἀνόμ.
2914 4276 3108 4345 Λέγεις
3144 4274 3201 4327 δὲ
3220 4272 3359 4334 ὅλως
3380 4267 3656 4339 διαφορὰν
3676 4267 3767 4319 ἐπὶ

2183 4377 2418 4449 Πατρὺς,
2459 4376 2552 4428 καὶ
2590 4371 2742 4435 Υίοῦ,
2783 4369 2879 4422 καὶ
2907 4366 3063 4436 ἁγίου
3092 4362 3440 4434 Πνεύματος;
3467 4361 3624 4449 :Opa.
3656 4359 3766 4429 Ἰῖὴν

511 4481 702 4533 Anam.
753 4476 903 4533 Dicis
931 4484 1110 4532 autem
1151 4474 1374 4529 omnino
1404 4471 1760 4529 diﬂ‘erentiam
1792 4486 1915 4526 esse
1941 4472 2077 4525 inter

2182 4445 2443 4541 διαφορὰν
2466 4466 2669 4536 ταύτην
2697 4464 2861 4533 λέγω,
2894 4460 2956 4514 rb
2983 4458 3074 4512 τὸν
3100 4455 3317 4525 Πατέρα
3343 4453 3418 4524 μὴ
3440 4445 3583 4504 εἶναι
3613 4450 3766 4509 Υίδν,

507 4570 747 4633 Patrem,
778 4567 997 4631 Filium,
1027 4573 1083 4622 et
1121 4565 1384 4636 Spiritum
1415 4563 1706 4619 sanctum?
1734 4559 1889 4618 Orth.
1930 4560 2083 4615 Hanc

513 4661 881 4718 dilferentiam
919 4660 1064 4723 dico,
1095 4658 1240 4728 quod
1275 4657 1369 4727 qui
1399 4655 1562 4710 Pater
1598 4662 1703 4721 est,
1746 4669 1857 4709 non
1890 4656 1960 4709 sit
1993 4651 2085 4707 Fi-

507 4755 660 4811 lius:
693 4767 795 4808 nec
826 4752 921 4822 qui
966 4748 1140 4804 Filius
1178 4756 1284 4811 est,
1323 4748 1396 4803 sit
1434 4745 1595 4801 Pater
1629 4762 1643 4799 :
1678 4759 1781 4799 nec
1812 4743 1907 4814 qui
1960 4741 2084 4814 Spi-

508 4851 650 4904 ritus
689 4851 915 4900 sanctus
972 4849 1077 4905 est,
1130 4841 1202 4895 sit
1238 4839 1399 4895 Pater
1430 4840 1516 4894 vel
1556 4836 1731 4891 Filius
1762 4855 1777 4891 :
1812 4853 1903 4902 ne,
1956 4851 2082 4891 cum

508 4938 667 4993 audis
695 4935 933 5000 Patrem,
968 4939 1023 4989 et
1047 4930 1266 4993 Filium,
1285 4936 1339 4984 et
1371 4926 1636 4999 Spiritum
1666 4928 1951 4992 sanctum‘,
1982 4940 2081 4981 no-

509 5031 659 5086 mina
680 5028 925 5100 quadam
954 5024 1100 5080 nuda
1128 5023 1428 5094 intelligas,
1460 5020 1557 5078 sed
1585 5019 1930 5091 hypostases,
1959 5031 2080 5086 quae

509 5138 637 5178 vere
661 5128 790 5177 sunt
810 5127 864 5175 et
895 5118 1222 5181 subsistunt,
1253 5121 1308 5169 et
1353 5128 1568 5177 rursus,
1600 5127 1727 5166 cum
1751 5125 1914 5165 unam
1950 5108 2080 5163 sub-

478 5196 765 5270 ‘stantiam
817 5210 1069 5272 dicimus,
1120 5207 1409 5276 intelligas,
1461 5204 1516 5258 id
1547 5201 1693 5273 quod
1747 5216 1849 5256 nos
1901 5199 2078 5254 Patris

505 5304 876 5363 substantiam
908 5319 1032 5359 esse
1074 5301 1344 5358 sentimus
1379 5298 1560 5368 ipsum
1590 5311 1713 5353 esse
1753 5293 1976 5357 Filium,
2024 5300 2080 5355 et

473 5498 482 5569 ,-
578 5484 601 5515 ι
637 5484 654 5537 ι
686 5483 811 5541 Cor.
847 5500 914 5548 ιι,
952 5483 1038 5537 u.
1114 5482 1135 5513 τ
1173 5478 1304 5543 ibid.
1338 5436 1405 5542 9,
1437 5475 1523 5530 ιθ.

583 5689 694 5757 (71)
746 5687 970 5757 Ὁμοίως
992 5687 1119 5754 ἁγία
1144 5686 1295 5757 abest
1324 5699 1353 5757 _a
1375 5681 1543 5757 Palat:

2190 4561 2323 4634 μηδὲ
2348 4560 2441 4613 τὸν
2460 4559 2589 4612 Υίὸν
2614 4555 2852 4627 Πατέρα,
2882 4550 3017 4623 μηδὲ
3043 4548 3104 4602 rb
3132 4544 3360 4617 Πνεῦμα
3380 4545 3441 4597 rb
3461 4542 3625 4612 ἀγιον
3657 4542 3765 4595 Πα-

2185 4633 2321 4725 τέρα
2359 4652 2393 4722 ἢ
2426 4650 2581 4704 Υίόν·
2615 4648 2703 4702 ἵνα
2744 4647 2820 4718 μὴ
2853 4644 3092 4715 ὀνόματα
3128 4637 3260 4709 ψιλά
3286 4636 3519 4707 νομίσῃς
3548 4633 3767 4725 ἀκούειν

2188 4723 2427 4815 Πατέρα,
2464 4741 2561 4795 καὶ
2606 4739 2756 4802 Υἱὸν,
2793 4736 2888 4790 καὶ
2918 4735 3071 4803 ἁγιον
3100 4728 3347 4800 Πνεῦμα,
3379 4725 3495 4780 ἀλλ’
3523 4723 3766 4778 ama.

2189 4852 2302 4897 σεις
2328 4831 2541 4903 ἀληθῶς
2568 4828 2734 4892 οὑσας
2759 4828 2853 4881 καὶ
2883 4822 3201 4895 ὑφεστώσας
3225 4838 3239 4851 ο
3283 4820 3412 4873 ὅταν
3433 4817 3492 4871 δὲ
3512 4816 3769 4886 λέγωμεν

2192 4925 2317 4996 μίαν
2343 4924 2551 4988 οὐσίαν,
2575 4922 2655 4974 ὅτι
2675 4922 2810 4990 ὅπερ
2836 4917 2904 4972 ἂν
2939 4917 3220 4986 νοήσωμεν
3247 4906 3386 4964 εἶναι
3424 4906 3522 4959 τοῦ
3548 4906 3768 4996 Πατρὺς

2184 4994 2283 5089 τὴν
2338 5017 2546 5079 οὐσίαν,
2584 5012 2740 5067 τοῦτό
2794 5013 2940 5065 ἐστιν
2987 5009 3016 5061 ὁ
3052 5006 3201 5069 Υἱὸς,
3243 5001 3401 5057 τοῦτο
3435 5000 3532 5053 και
3572 4997 3636 5089 τε
3672 4994 3766 5049 τοῦ

2185 5084 2397 5180 Πατρδς
2425 5104 2590 5162 αὑτοῦ
2624 5102 2867 5174 Πνεῦμω
2897 5099 3027 5170 περὶ
3062 5091 3124 5151 οῦ
3151 5094 3314 5158 αὐτὸς
3341 5094 3370 5144 ό
3401 5089 3534 5153 Υἱὸς
3576 5084 3761 5180 εῐτῗψ

2190 5218 2208 5251 ‹
2249 5176 2323 5254 Ob
2353 5198 2461 5269 γάρ
2502 5199 2625 5250 ἐστε
2672 5196 2829 5266 ὑμεῖς
2857 5194 2909 5245 oi
2946 5187 3251 5250 λαλοῦντες,
3281 5183 3420 5239 ἀλλὰ
3445 5180 3508 5234 rb
3538 5176 3767 5269 lived!“

2182 5290 2277 5357 τοῦ
2304 5265 2516 5361 Πατρὺς
2546 5265 2789 5359 ὑμῶνίτὸ
2809 5280 3001 5341 λαλοῦν
3025 5281 3083 5335 ὲν
3104 5278 3252 5350 ὑμῖν.
3273 5295 3294 5329 ι
3338 5271 3454 5329 Καὶ
3481 5268 3574 5325 διὰ
3601 5265 3767 5324 τοῦτο

738 5739 829 5812 Sic
860 5739 1061 5826 Reg'ius
1090 5763 1143 5811 et
1170 5739 1469 5810 Palatinus.
1502 5747 1646 5806 Editi
1674 5761 1825 5814 vero,
1859 5739 2205 5819 ἑτερούσιον.;
