3862 6204
223 282 347 342 HM
1117 335 1120 338 .
1195 284 1286 340 DE
1325 283 1598 341 SANCTA
1636 283 2010 341 TRINITATE
2044 283 2384 342 DIALOGUS
2422 285 2440 338 l
3323 286 3463 342 1142

224 398 442 470 εἴρηται·
468 414 487 448 ι
518 392 705 460 Οὐδεὶς
737 394 956 464 ἀγαθὸς,
989 395 1036 448 εί
1079 395 1154 468 μὴ
1185 393 1265 460 εἷς
1289 401 1317 450 6
1344 399 1494 462 Θεόςο
1522 417 1540 448 ι
1578 397 1780 466 ἀγαθοῦ

1894 399 1985 450 hoc
2017 396 2194 465 ipsum
2243 411 2367 452 esse
2404 409 2623 467 quoque
2657 395 2832 466 ipsius
2859 391 3042 452 Patris
3067 396 3358 467 Spiritum,
3394 401 3463 456 de

223 489 358 552 ὄντος
385 489 477 542 τοῦ
504 489 734 560 Πατρὸς,
765 489 858 542 καὶ
890 489 981 542 τοῦ
1004 489 1154 553 Υίοῦ,
1192 491 1285 544 καὶ
1315 491 1408 543 τοῦ
1439 492 1592 559 ἁγίου
1617 490 1779 544 Πνεὺ-

1894 503 1994 559 quo
2047 487 2219 543 Filius
2275 490 2392 558 ipse
2439 488 2615 542 dixit:
2656 508 2674 538 ι
2712 487 2832 543 Non
2861 489 3003 543 enim
3033 503 3130 544 vos
3161 490 3317 553 estis,
3367 491 3463 560 qui

227 596 400 651 ματος,
424 581 482 633 οὑ
517 581 714 652 μετοχῇ
738 579 1091 650 ἀγαθότητος,
1117 580 1231 632 ἀλλ’
1254 581 1439 644 οὐσίας
1472 581 1776 651 ταυτότητι.

1894 581 2191 650 loquimini,
2212 581 2306 636 sed
2327 580 2565 650 Spiritus
2585 579 2745 652 417
2765 579 2942 636 Patris
2970 581 3158 644 vestri,
3182 582 3273 652 qui
3295 582 3467 650 loqui-

224 674 411 741 Ἀνόμ.
447 671 669 741 Ἀγαθὸν
703 672 809 743 γὰρ
838 671 1014 740 λέγεις
1041 674 1134 724 καὶ
1163 673 1222 725 τὸ
1254 673 1682 743 Πνεῦμα;’ορθ.
1719 675 1778 726 '0

1894 684 1975 728 tur
1993 674 2046 727 in
2068 673 2225 728 vobis
2241 674 2282 727 ⁸.
2315 693 2333 726 ι
2377 671 2668 742 Propterea
2694 687 2912 743 quoque
2939 671 3143 726 dictum
3168 680 3283 728 est:
3318 691 3336 723 ι
3359 671 3466 726 Ne-
3528 711 3542 732 .,

224 763 495 834 προφήτης
518 761 681 817 Δαόὶδ
712 763 896 830 λέγει’
936 782 953 813 ι
993 763 1066 816 Τὸ
1103 763 1329 834 Πνεῦμὰ
1360 780 1451 816 σου
1485 764 1544 816 τὸ
1580 763 1780 832 ἀγαθὸν

1894 781 1976 819 mo
2024 765 2224 828 bonus,
2273 765 2379 822 nisi
2421 782 2563 821 unus
2596 763 2774 832 Deus;
2807 764 3066 819 nimirum
3109 763 3253 834 quod
3287 765 3464 820 bonus

222 854 460 926 ὁδηγήσει
492 872 559 926 με
594 857 652 907 ὲν
690 857 759 925 γῇ
805 855 1006 926 εὐθείᾳ.
1043 874 1061 907 ι
1112 856 1306 924 Ἀνόμ.
1341 857 1448 910 Καὶ
1507 855 1782 928 ἄνθρωποι

223 944 460 1014 λέγονται
493 945 704 1015 ἀγαθοί.
724 947 875 1014 Ὀρθ.
898 947 1026 1009 Nal,
1051 946 1185 1008 ἀλλὰ
1209 949 1408 1018 μετοχῇ
1431 947 1782 1018 ἀγαθότητος.

236 1038 427 1107 Ἀνόμ.
461 1038 572 1091 Kal
601 1037 662 1090 τὸ
679 1037 901 1108 Πνεῦμα
932 1037 1095 1106 λέγω.
1124 1039 1277 1105 Ὀρϐ.
1309 1039 1543 1092 Δύναται
1574 1035 1666 1092 οὖν
1698 1041 1792 1092 καὶ

1887 859 1958 914 sit
1988 857 2168 922 Pater,
2204 855 2374 913 Filius
2421 864 2476 913 et
2527 857 2762 927 Spiritus
2795 866 3019 911 sanctus
3043 895 3058 920 ,
3093 871 3204 910 non
3243 857 3466 926 partici-

1889 951 2110 1020 patione
2150 949 2432 1015 bonitatis,
2477 950 2571 1004 sed
2609 949 2932 1005 substantiae
2964 949 3274 1019 ταυτότητι,
3305 949 3464 1018 quasi

1891 1038 2063 1104 dicas,
2117 1037 2417 1095 identitate.
2470 1041 2660 1093 Anam.
2690 1038 2833 1109 Ergo
2872 1038 3077 1092 bonum
3120 1039 3257 1094 dicis
3298 1039 3466 1093 etiam

225 1129 508 1196 ἀποϐαλεῖν
536 1129 632 1200 τὴν
659 1129 989 1199 ἀγαθότητα,
1015 1130 1091 1193 ὡς
1113 1133 1141 1183 6
1165 1129 1384 1194 Ἰούδας,
1409 1130 1500 1182 καὶ
1525 1129 1600 1194 ὡς
1629 1133 1657 1183 6
1678 1130 1790 1184 διά-

1895 1128 2156 1198 Spiritum
2215 1129 2512 1184 sanctum?
2553 1128 2705 1184 Orth.
2762 1127 2932 1182 David
2973 1127 3232 1199 propheta
3290 1127 3464 1182 dicit:

225 1217 367 1280 σολος
384 1235 399 1283 ;
417 1219 612 1287 Ἀνόμ.
631 1218 755 1270 Ἐὰν
778 1217 998 1292 θελήσῃ,
1030 1219 1137 1274 ναί.
1169 1221 1324 1288 Ὀρθ.
1343 1221 1434 1290 Μή
1458 1239 1545 1291 μοι
1565 1221 1650 1292 εἴη
1669 1239 1792 1274 κατε

1901 1219 2170 1289 cSpiritus
2222 1228 2351 1276 tuus
2395 1220 2573 1275 bonus
2627 1218 2857 1274 deducet
2888 1233 2976 1274 me
3026 1217 3086 1273 in
3132 1225 3336 1273 terram
3380 1232 3469 1272 re-

222 1307 391 1361 έναντι
403 1309 607 1379 Κυρίου
624 1307 1054 1376 ἀσεϐῆσαι,ῶστε
1071 1308 1173 1362 κᾶν
1189 1311 1266 1372 είς
1282 1309 1405 1362 νοῦν
1416 1309 1574 1362 τοῦτο
1587 1309 1789 1362 λαϐεῖνὲ

1895 1313 2095 1366 ctam’.
2123 1331 2141 1364 ι
2165 1313 2353 1368 Anam.
2373 1311 2638 1366 Dicuntur
2662 1311 2824 1366 etiam
2850 1311 3097 1366 homines
3125 1311 3274 1366 boni.
3312 1310 3466 1366 Orth.

224 1401 379 1470 Sane,
401 1403 507 1459 sed
538 1404 948 1474 participatione
979 1404 1256 1466 bonitatis,
1307 1405 1497 1458 Anam.
1559 1404 1824 1475 Spiritum
1863 1421 2077 1477 quoque
2127 1407 2378 1462 similiter
2411 1407 2614 1461 bonum
2663 1394 2806 1461 dico.
2868 1404 3024 1462 Orth.
3064 1404 3252 1461 Potest
3301 1407 3469 1477 igitur

221 1501 514 1557 bonitatem
562 1500 819 1570 abjicere,
866 1507 924 1553 ut
949 1498 1139 1563 Judas,
1174 1505 1235 1554 ut
1261 1499 1552 1556 diabolus?
1590 1502 1779 1556 Anam.
1823 1499 1986 1564 Sane,
2024 1502 2068 1556 si
2110 1501 2328 1573 quidem
2357 1502 2504 1557 velit.
2560 1499 2714 1556 Orth.
2745 1501 2941 1558 Absit!
2987 1510 3047 1556 ut
3103 1515 3290 1556 coram
3358 1499 3468 1557 Deo

220 1598 296 1660 sic
329 1597 724 1668 hlasphemem.
778 1604 839 1650 ut
875 1595 977 1650 hoc
1008 1596 1142 1650 mihi
1190 1597 1274 1650 vel
1330 1597 1385 1650 in
1417 1603 1654 1651 mentem
1687 1597 1890 1652 veniat.
2128 1671 2140 1680 _

292 1693 372 1747 16.
455 1693 651 1762 Ἀνόμ.
731 1688 917 1754 Οὖτως
999 1686 1091 1744 οῦν
1182 1692 1385 1761 ἀγαθὸν
1461 1692 1640 1760 λέγεις
1725 1691 1787 1745 τὸ

1958 1691 2046 1746 16.
2085 1692 2278 1746 Anam.
2315 1690 2406 1746 Sic
2434 1705 2567 1761 ergo
2602 1689 2741 1745 dicis
2773 1687 3038 1759 Spiritum
3078 1694 3330 1744 sanctum
3371 1686 3472 1741 bo-

221 1782 457 1853 Πνεῦμα,
503 1782 580 1844 ὼς
620 1781 712 1834 τὸν
758 1782 977 1853 Πατέρα
1019 1783 1114 1836 καὶ
1163 1783 1252 1836 τὸν
1293 1783 1453 1847 Υίόν;
1489 1784 1633 1851 Ὀρθ.
1685 1783 1795 1836 Kal

218 1873 356 1928 πάνυ
381 1891 394 1904 ·
430 1876 521 1932 καὶ
567 1873 676 1945 γὰρ
713 1874 842 1927 αὑτὸ
868 1875 930 1928 οὑ
977 1877 1176 1946 μετοχῇ
1215 1875 1550 1945 ὰγαθότητος
1595 1875 1795 1944 ἀγαθόν

219 1967 382 2027 ἐστιν,
408 1965 520 2018 ἀλλ’
557 1966 915 2034 αὑτοαγαθὸν,
947 1968 1114 2037 ἤγουν
1145 1967 1259 2028 (75)
1302 1967 1594 2039 ἁγαθότης,
1626 1967 1792 2022 ἐστίν.

231 2055 444 2126 Ἀμέλει
470 2056 747 2120 Ματθαῖος
783 2057 880 2128 μὲν
909 2059 938 2110 6
967 2058 1355 2129 εὑαγγελιστὴς
1391 2058 1538 2128 λέγει
1581 2058 1797 2129 εἰρηκέ-

217 2164 303 2201 ναι
331 2148 421 2200 τὸν
454 2148 657 2220 Κύριον
681 2165 694 2180 ο
737 2150 858 2216 «νΕί
887 2144 978 2202 οὖν
1020 2149 1201 2220 ὑμεῖς,
1242 2151 1468 2222 πονηροὶ
1510 2150 1683 2214 ὄντες,
1721 2149 1798 2203 οῖ-

212 2239 338 2292 δατε
365 2240 570 2310 δόματα
598 2240 775 2309 ἀγαθὰ
809 2241 1010 2295 διδόναι
1053 2245 1166 2306 τοῖς
1192 2243 1402 2308 τέκνοις
1439 2243 1612 2316 ὑμῶν,
1645 2245 1796 2315 πόσῳ

215 2332 416 2402 μᾶλλον
458 2335 487 2386 6
518 2334 708 2406 Πατὴρ
736 2333 890 2405 ὑμῶν
919 2336 946 2388 6
991 2334 1238 2406 οὐράνιος
1267 2334 1426 2388 δώσει
1468 2329 1649 2404 ἀγαθὰ
1684 2339 1796 2399 τοῖς

215 2424 456 2478 αἰτοῦσιν
499 2426 702 2490 αὑτόν;
769 2445 788 2476 ι
847 2428 876 2480 6
928 2427 985 2478 δὲ
1033 2428 1277 2490 Λουκᾶς·
1325 2445 1343 2477 ι
1379 2428 1441 2479 Εἰ
1483 2423 1576 2480 οὖν
1617 2427 1793 2498 ὑμεῖς,

217 2516 441 2587 πονηροὶ
489 2515 659 2578 ὄντες,
709 2515 885 2569 οἴδατε
937 2516 1146 2586 δόματα
1203 2515 1381 2584 ἀγαθὰ
1434 2515 1632 2569 διδόναι
1685 2519 1797 2580 τοῖς

214 2607 425 2671 τέκνοις
454 2608 630 2679 ὑμῶν,
659 2609 810 2679 πόσῳ
846 2609 1044 2680 μᾶλλον
1073 2612 1100 2663 6
1134 2609 1320 2680 Πατὴρ
1357 2613 1384 2663 6
1416 2610 1665 2680 οὐράνιος
1697 2609 1796 2666 δὼ-

216 2716 300 2778 σει
342 2699 568 2772 Πνεῦμα
607 2701 759 2770 ἅγιον
791 2703 904 2765 τοῖς
951 2701 1192 2755 αἰτοῦσιν
1234 2702 1430 2767 αὑτόν;
1463 2721 1482 2754 ι
1530 2703 1793 2766 Ἀκούεις,

214 2794 265 2844 εί
291 2785 405 2846 ὦτα
431 2793 592 2863 ἔχεις,
619 2794 698 2846 ὅτι
727 2795 776 2846 oi
804 2794 1183 2864 εὑαγγελισταὶ
1216 2794 1411 2848 ταυτὸν
1440 2794 1796 2864 γινώσκοντες

215 2877 356 2937 εἶναι
401 2883 460 2935 τὺ
492 2882 716 2953 Πνεῦμα
757 2887 821 2955 τῇ
869 2885 1179 2956 ἀγαθότητι,
1224 2887 1317 2939 καὶ
1344 2885 1442 2957 τὴν
1486 2885 1796 2956 ἀγαθότητα

213 2973 294 3044 τῷ
323 2973 600 3044 Πνεῦματι
651 2974 793 3044 (74)·
830 2975 858 3027 6
910 2976 1008 3046 μὲν
1068 2995 1086 3026 ι
1138 2977 1207 3029 τὰ
1256 2977 1435 3044 ἀγαθὰ
1485 2996 1504 3028 ι
1561 2978 1692 3032 αὑτὸ
1736 2976 1795 3029 τὸ

1896 1797 2052 1848 num,
2087 1791 2146 1837 ut
2195 1782 2410 1838 Patrem
2451 1791 2505 1838 et
2537 1779 2780 1837 Filium?
2816 1781 2970 1836 Orth.
3006 1779 3151 1836 Sane
3198 1779 3417 1851 quidem
3449 1797 3465 1834 :

1896 1891 2022 1930 nam
2054 1884 2106 1931 et
2137 1874 2250 1947 ipse
2275 1876 2454 1932 bonus
2481 1883 2566 1931 est
2589 1889 2701 1935 non
2738 1873 3153 1945 participatione
3181 1871 3467 1936 bonitatis,

1897 1967 1992 2024 sed
2017 1968 2160 2039 quod
2198 1969 2267 2023 sit
2303 1969 2480 2038 ipsum
2507 1967 2732 2033 bonum,
2771 1967 2888 2022 sive
2917 1966 3035 2038 ipsa
3065 1967 3302 2021 bonitas.
3326 1963 3472 2019 Dicit

1895 2061 2039 2117 enim
2075 2060 2360 2116 Matthaeus
2389 2060 2717 2130 evangelista
2741 2058 3032 2114 Dominum
3063 2059 3268 2114 dixisse
3299 2076 3312 2111 :
3351 2073 3371 2108 ι
3411 2055 3471 2110 Si

1896 2167 2026 2222 ergo
2050 2167 2147 2207 vos
2176 2167 2299 2206 cum
2329 2151 2452 2207 sitis
2483 2151 2631 2215 mali,
2672 2149 2848 2206 nostis
2892 2149 3036 2204 bona
3073 2148 3199 2203 data
3241 2147 3372 2203 dare
3407 2147 3473 2202 ﬁ-

1897 2243 1990 2298 liis
2018 2244 2236 2308 vestris,
2265 2249 2471 2313 quanto
2492 2243 2668 2314 magis
2689 2241 2849 2296 Pater
2872 2249 3075 2307 vester,
3110 2243 3203 2311 qui
3235 2241 3289 2296 in
3315 2240 3470 2297 costis

1895 2345 2004 2402 est,
2036 2335 2186 2392 dabit
2231 2337 2372 2390 bona
2407 2335 2718 2406 petentibus
2749 2351 2808 2391 se
2832 2335 2914 2388 “‘t
2949 2353 2968 2387 ι
3003 2335 3069 2388 Ει
3096 2333 3274 2390 Lucas
3303 2353 3316 2389 :
3355 2352 3375 2384 ι
3413 2333 3472 2388 Si

1895 2443 2027 2500 ergo
2053 2445 2151 2484 vos
2179 2444 2302 2483 cum
2329 2429 2449 2484 sitis
2473 2429 2622 2494 mali,
2654 2428 2828 2484 nostis
2859 2428 3002 2483 bona
3029 2427 3155 2481 data
3183 2427 3315 2482 dare
3345 2424 3472 2481 ﬁliis

1897 2521 2116 2584 vestris,
2156 2530 2360 2592 quanto
2403 2519 2579 2589 magis
2627 2517 2788 2574 Pater
2830 2526 3010 2574 vester
3049 2518 3289 2573 caelestis
3318 2517 3471 2572 dabit

1897 2612 2159 2683 Spiritum
2183 2619 2430 2666 sanctum
2453 2611 2763 2681 petentibus
2791 2625 2849 2668 se
2875 2611 2916 2643 “
2939 2611 2962 2664 ?
2984 2629 3003 2662 ›
3027 2609 3218 2674 Audis,
3239 2611 3285 2665 si
3309 2625 3470 2666 aures

1898 2703 2087 2768 habes,
2116 2702 2478 2772 evangelistas
2499 2701 2669 2772 probe
2693 2700 2860 2763 scire,
2887 2697 3029 2754 idem
3059 2714 3181 2755 esse
3207 2699 3472 2769 Spiritum

1897 2804 2147 2848 sanctum
2189 2801 2356 2862 atque
2387 2793 2710 2856 bonitatem,
2747 2801 2801 2847 et
2822 2791 3118 2846 bonitatem
3148 2797 3312 2860 atque
3346 2789 3474 2860 Spi-

1896 2884 2062 2938 ritum
2087 2891 2337 2940 sanctum
2374 2901 2388 2938 :
2415 2892 2468 2938 et
2496 2882 2648 2936 illum
2681 2881 2896 2950 quidem
2933 2899 2952 2931 ι
2985 2879 3127 2934 bona
3155 2897 3174 2931 ›
3210 2878 3471 2950 Spiritum

1896 2985 2145 3033 sanctum
2207 2976 2408 3040 dicere,
2468 2975 2634 3028 alium
2674 2987 2811 3040 ,vero
2873 2971 3134 3043 Spiritum
3195 2979 3469 3036 sanctum,

216 3064 447 3136 Πνεῦμα
477 3061 648 3131 εἶπεν,
679 3069 707 3119 6
739 3066 796 3119 δὲ
835 3068 896 3119 τὸ
937 3067 1160 3138 Πνεῦμα
1197 3069 1335 3122 αὐτὰ
1372 3088 1390 3120 ι
1435 3069 1503 3122 τὰ
1532 3069 1729 3140 ἀγαθά.
1771 3090 1790 3123 ι

1905 3085 1922 3118 ι
1954 3068 2115 3122 bona.
2149 3085 2168 3118 ›
2200 3065 2390 3119 Anam.
2437 3062 2630 3118 Nonne
2666 3069 2752 3118 est
2797 3061 2960 3132 igitur
3011 3061 3175 3116 etiam
3234 3058 3472 3130 Spiritus

230 3158 428 3225 Ἀνόμ.
490 3156 700 3210 Οὐκοῦν
753 3159 848 3212 καὶ
898 3158 1029 3221 Θεός
1074 3160 1192 3212 ἐστι
1240 3159 1298 3211 τὸ
1342 3158 1599 3230 Πνεῦμα;
1643 3161 1789 3228 Ὀρθ.

229 3248 532 3303 Ἀντίθετον
559 3249 692 3321 (75),
724 3249 806 3303 οὖ.
847 3250 1034 3320 Ἁνόμ.
1063 3251 1126 3303 Τί
1157 3251 1300 3304 θέλει
1325 3248 1464 3306 εἶναι
1489 3252 1792 3318 ἁντίθετον;

231 3341 378 3409 Ὀρθ.
420 3341 492 3394 Τὸ
531 3341 981 3413 ἁντιτεταγμένον
1015 3341 1090 3412 τῷ
1135 3343 1396 3414 θελήματι
1431 3343 1525 3396 τοῦ
1559 3345 1791 3416 Πατρός.

215 3431 292 3487 Τὸ
315 3434 373 3486 δὲ
403 3435 624 3506 Πνεῦμα
666 3436 766 3489 οὑκ
794 3437 1191 3502 ἀντιτέτακται,
1230 3439 1342 3491 ἀλλ’
1388 3441 1452 3492 ὲκ
1482 3440 1580 3509 τῆς
1611 3438 1796 3510 θεότη-

211 3522 309 3588 τός
334 3526 483 3578 ἐστι·
518 3528 610 3580 καὶ
659 3527 747 3581 διὰ
790 3528 949 3582 τοῦτο
980 3529 1206 3600 λέγομεν
1252 3530 1376 3601 μίαν
1422 3531 1647 3601 θεότητα
1684 3532 1795 3584 Πα-

211 3615 367 3687 τρὸς,
400 3617 494 3669 καὶ
544 3617 692 3683 Υίοῦ,
724 3621 818 3674 καὶ
860 3620 1014 3688 ἁγίου
1058 3621 1390 3691 Πνεῦματος.
1441 3622 1638 3689 Ἀνόμ.
1680 3621 1795 3674 Μία

210 3705 311 3762 οὖν
336 3710 652 3774 ὑπόστασις.
682 3712 836 3779 Ὀρθ.
872 3710 968 3765 Οὔ.
992 3711 1193 3781 Ἀνόμ.
1225 3713 1287 3765 Εἰ
1317 3713 1414 3783 μία
1438 3713 1554 3766 ἐστὶ
1579 3712 1792 3782 Θεότης,

217 3799 323 3870 μία
367 3801 459 3854 καὶ
499 3801 644 3854 ἔστιν
685 3800 1000 3866 ὑπόστασις.
1043 3803 1200 3871 Ὀρθ.
1243 3804 1306 3856 Et
1353 3803 1500 3872 ᾕδεις
1549 3803 1647 3873 τὴν
1695 3803 1795 3855 δω-

215 3889 352 3961 ρεὰν
394 3889 486 3943 τοῦ
528 3891 683 3956 Θεοῦ,
720 3893 1034 3960 ἐγίνωσκες,
1077 3893 1158 3945 ὅτι
1197 3891 1384 3962 θεότης
1412 3893 1474 3944 τὸ
1524 3911 1543 3944 ‹
1585 3889 1722 3945 εἶναι
1770 3913 1788 3944 ι

212 3981 398 4034 κοινὸν
433 3983 551 4044 ταῖς
599 3980 927 4035 ὑποστάσεσι
974 3983 1248 4054 σημαίνει,
1297 3983 1589 4046 ὑπόστασις
1630 3983 1689 4035 δὲ
1734 3983 1794 4036 τὸ

216 4092 238 4124 ι
278 4069 442 4137 εἶναι,
478 4091 496 4124 ν
529 4073 683 4126 οὑσία
703 4073 759 4126 δὲ
797 4092 816 4124 ι
847 4073 944 4147 τὴν
974 4076 1294 4144 ταυτότητα.
1335 4095 1353 4128 ι
1396 4076 1483 4138 Ὠς
1512 4075 1794 4146 ἀνθρωπό-

211 4182 338 4234 της,
367 4165 430 4218 τό
457 4183 507 4218 τι
542 4162 682 4231 εῖναι
729 4167 904 4220 κοινόν
925 4184 936 4196 ·
975 4167 1269 4232 ὑπόστασις
1300 4168 1356 4222 δὲ
1391 4168 1453 4232 τὸ
1481 4163 1618 4222 εἶναι
1641 4185 1656 4200 ο
1701 4167 1792 4221 οὑ-

213 4256 310 4310 σία
338 4255 456 4326 δὲὴ
497 4257 794 4328 ταυτότηςο
835 4259 894 4311 οὑ
934 4257 1042 4330 γὰρ
1072 4261 1220 4312 πᾶσα
1253 4259 1546 4323 ὑπόστασις
1582 4258 1792 4329 θεότης,

207 4345 338 4400 οὐδὲ
373 4347 520 4399 πᾶσα
563 4347 860 4412 ὑπόστασις
905 4349 1276 4420 ἀνθρωπότης.
1329 4350 1393 4404 Et
1438 4350 1493 4403 δὲ
1541 4351 1602 4403 οὑ
1649 4352 1796 4403 πᾶσα

205 4435 516 4499 ὑπόστασις
559 4436 931 4508 ἀνθρωπότης,
975 4439 1097 4492 οὑδὲ
1138 4441 1288 4492 πᾶσα
1331 4439 1626 4504 ὑπόστασις
1673 4439 1791 4494 θεό-
1823 4426 1868 4480 D

206 4544 337 4598 της,
371 4528 471 4581 οὑκ
499 4527 606 4600 ἄρα
631 4531 823 4582 ταυτὸν
853 4529 1103 4601 σημαίνει
1133 4532 1430 4596 ὑπόστασις
1463 4531 1676 4603 θεότητι
1701 4533 1796 4587 καὶ

203 4621 616 4692 ἀνθρωπότητι.
651 4623 849 4692 Ἀνόμ.
899 4623 964 4676 Ἡ
1009 4624 1364 4696 ἀνθρωπότης
1414 4626 1512 4697 οὑχ
1555 4625 1792 4696 ὑφέστη-

207 4727 343 4776 κεν;
379 4712 527 4780 Ὀρθ.
559 4713 687 4775 Nal,
716 4714 773 4767 ἐν
801 4713 1018 4784 ἀτόμοις
1043 4713 1411 4788 θεωρουμένη.
1435 4717 1632 4783 Ἀνόμ.
1663 4716 1794 4768 υὺκ-

202 4801 309 4855 οὖν
359 4803 456 4855 καὶ
495 4803 792 4868 ὑπόστασίς
833 4807 1002 4858 ἐστιν.
1050 4805 1206 4874 Ὀρθ.
1247 4802 1435 4870 Εἶπον,
1474 4809 1532 4860 ὲν
1569 4807 1793 4877 ἀτόμοις

201 4891 586 4965 ϐεωρουμένη.
617 4896 815 4964 Ἀνόμ.
857 4896 921 4948 Τί
946 4897 1093 4950 ἐστιν
1131 4898 1366 4966 ἄτομον,
1415 4899 1509 4951 καὶ
1550 4897 1605 4950 τί
1644 4901 1792 4954 ἐστιν

199 4985 604 5058 ἀνθρωπότης;
654 4988 808 5054 Ὀρθ.
850 4989 1080 5060 Ἀτομόν
1120 4990 1286 5055 ἐστιν,
1321 4992 1356 5062 ή
1403 4988 1523 5044 καθ’
1561 4990 1792 5045 ἕκαστον

200 5075 375 5146 ἡμῶν
421 5078 752 5142 ὑπόστασις⁶
787 5079 1138 5152 ἀνθρωπότης
1165 5080 1221 5134 δὲ
1263 5082 1296 5152 ἡ
1338 5082 1438 5152 τῆς
1461 5081 1648 5147 οὐσίας
1680 5101 1792 5138 κοι-

196 5167 393 5238 νότης.
436 5169 633 5240 Ἀνόμ.
692 5170 802 5224 Kal
846 5170 929 5234 τίς
976 5171 1010 5240 ἡ
1054 5169 1286 5241 διαφορὰ
1338 5172 1646 5244 κοινότητος
1696 5176 1792 5228 καὶ

198 5260 602 5327 ὑποστάσεως;
643 5263 797 5330 Ὀρθ.
853 5263 974 5316 Ὅτι
1018 5264 1051 5333 ἡ
1093 5264 1192 5334 μὲν
1244 5264 1310 5335 σὴ
1355 5265 1648 5331 ὑπόστασις
1691 5269 1791 5321 οὑκ

195 5349 328 5407 ἐστι
357 5354 574 5408 πάντων
604 5353 905 5424 ἀνθρώπων
923 5371 936 5384 °
963 5355 997 5425 ἡ
1021 5354 1076 5408 δὲ
1098 5353 1449 5426 ἀνθρωπότης
1477 5357 1625 5426 κοινὴ
1656 5356 1791 5411 πάν-

1897 3167 2120 3214 sanctus
2154 3156 2335 3212 Deus?
2377 3154 2532 3210 Orth.
2587 3155 2708 3208 Non
2759 3168 2889 3208 sane
2932 3153 3234 3223 oppositus.
3277 3151 3469 3206 Anam.

1895 3249 2036 3316 Quid
2067 3251 2171 3307 sibi
2201 3251 2315 3304 vult
2343 3247 2509 3313 istud,
2531 3247 2816 3318 oppositus
2838 3246 2862 3297 ?
2883 3244 3038 3300 Orth.
3071 3244 3176 3312 Qui
3201 3243 3472 3299 voluntati

1894 3341 2074 3398 Patris
2111 3343 2182 3398 sit
2217 3339 2584 3396 adversarius.
2630 3339 2698 3393 At
2750 3337 2989 3409 Spiritus
3027 3352 3134 3392 non
3164 3343 3248 3393 est
3277 3335 3471 3392 adver-

1895 3433 2095 3500 sarius,
2131 3431 2227 3486 sed
2275 3440 2360 3486 est
2410 3446 2476 3486 ex
2529 3430 2752 3497 deitate,
2806 3437 2859 3484 et
2906 3437 3194 3500 propterea
3235 3428 3470 3484 dicimus

1894 3537 2057 3578 unam
2114 3537 2236 3578 esse
2289 3521 2544 3576 deitatem
2599 3517 2800 3583 Patris,
2851 3527 2906 3574 et
2961 3517 3106 3583 Filii,
3148 3525 3202 3574 et
3237 3517 3470 3588 Spiritu:

1894 3617 2090 3669 sancti.
2120 3615 2310 3673 Anam.
2361 3611 2506 3682 Ergo
2550 3625 2658 3665 una
2692 3620 2778 3666 est
2812 3610 3144 3682 hypostasis.
3184 3607 3340 3664 Orth.
3371 3609 3472 3665 Ne-

1893 3721 2186 3776 quaquam.
2222 3706 2412 3764 Anam.
2451 3703 2508 3758 Si
2541 3719 2648 3758 una
2677 3711 2762 3759 est
2791 3701 2986 3767 deitas,
3021 3717 3130 3757 una
3172 3701 3338 3757 etiam
3370 3702 3471 3774 hy-

1891 3797 2154 3868 postasis.
2187 3797 2340 3852 Orth.
2379 3797 2435 3851 Si
2474 3811 2668 3852 nosses
2696 3796 2898 3850 donum
2924 3795 3040 3860 Dei,
3070 3810 3264 3852 nosses
3290 3796 3468 3853 deita~

1894 3900 1996 3943 lem
2017 3889 2324 3959 signiﬁcare
2341 3888 2611 3958 quoddam
2636 3907 2655 3942 ι
2679 3903 2800 3945 esse
2823 3907 2844 3940 ι
2865 3901 3156 3944 commune
3169 3888 3472 3961 hypostasi-

1893 3981 2016 4045 bus,
2053 3981 2369 4050 hypostasin
2419 3989 2600 4034 autem
2645 3997 2664 4031 ι
2711 3995 2854 4046 esse,
2887 4000 2907 4033 ι
2934 3980 3296 4036 substantiam
3340 3997 3469 4037 vere

1893 4073 2204 4143 signiﬁcare
2243 4073 2564 4142 ταυτότητα,
2608 4072 2663 4126 id
2704 4081 2787 4128 est
2843 4091 2862 4124 ι
2914 4072 3272 4128 identitatem.
3336 4091 3356 4125 ›
3399 4068 3470 4128 Ut

1894 4165 2204 4220 humanitas
2269 4171 2352 4220 est
2410 4163 2686 4234 quoddam
2732 4180 2854 4220 esse
2907 4179 3230 4228 commune,
3287 4164 3468 4235 hypo-

1893 4255 2057 4311 stasis
2109 4263 2286 4310 autem
2322 4270 2466 4319 esse,
2502 4253 2808 4309 substantia
2866 4269 2995 4309 vero
3048 4254 3326 4310 identitas.
3357 4253 3468 4311 Nec

1894 4347 2037 4399 enim
2057 4345 2234 4400 omnis
2268 4344 2578 4415 hypostasis
2600 4352 2683 4400 est
2698 4345 2893 4408 deitas,
2911 4359 3088 4414 neque
3102 4344 3280 4400 omnis
3295 4345 3467 4416 hypo-

1897 4438 2060 4494 stasis
2091 4445 2174 4492 est
2194 4436 2523 4491 humanitas.
2542 4433 2699 4502 Quod
2723 4436 2769 4490 si
2797 4451 2904 4490 non
2943 4437 3123 4493 omnis
3153 4437 3466 4509 hypostasis

1895 4537 1978 4583 est
2000 4527 2193 4591 deitas,
2217 4542 2319 4582 nec
2347 4527 2526 4582 omnis
2550 4526 2859 4598 hypostasis
2884 4517 2971 4584 est
2994 4527 3327 4594 humanitas,
3355 4544 3465 4584 non

1895 4620 2035 4674 idem
2068 4619 2336 4689 signiﬁcat
2363 4619 2677 4691 hypostasis
2705 4620 2848 4690 quod
2891 4619 3066 4677 deitas
3097 4621 3178 4676 vel
3211 4620 3466 4675 humani-

1895 4723 1998 4766 tas.
2025 4711 2216 4766 Anam.
2247 4711 2567 4768 Humanitas
2596 4727 2778 4768 nonne
2807 4712 3096 4769 subsistit?
3114 4712 3268 4768 Orth.
3294 4711 3468 4766 Maxi-

1893 4820 2002 4869 me,
2031 4805 2077 4860 si
2104 4805 2322 4876 quidem
2350 4805 2407 4859 in
2438 4805 2734 4862 individuis
2771 4815 3063 4878 spectetur.
3095 4806 3286 4861 Anam.
3323 4805 3466 4877 Ergo

1893 4903 1982 4952 est
2006 4911 2224 4966 quoque
2254 4896 2586 4968 hypostasis.
2633 4896 2805 4958 0rth..
2820 4897 2941 4953 Dixi
2975 4897 3294 4962 subsistere,
3331 4898 3378 4952 si
3407 4898 3464 4952 in

1892 4987 2188 5042 individuis
2238 4995 2534 5057 spectetur.
2582 4989 2771 5044 Anam.
2814 4987 2956 5055 Quid
2985 4996 3070 5044 est
3098 4987 3462 5056 individuum,

1892 5084 1948 5133 et
1979 5079 2109 5148 quid
2138 5086 2223 5134 est
2256 5079 2614 5137 humanitas?
2645 5080 2799 5136 Orth.
2846 5079 3189 5135 lndividuum
3234 5085 3319 5135 est
3365 5095 3468 5134 no-

1891 5179 2065 5226 strum
2105 5172 2444 5243 singulorum
2479 5173 2832 5245 hypostasis:
2863 5173 3177 5227 humanitas
3209 5186 3340 5226 vero
3383 5179 3466 5227 est

1890 5266 2009 5334 ipsa
2044 5265 2363 5321 substantiae
2385 5267 2776 5323 communitas.
2820 5265 3012 5324 Anam.
3045 5265 3465 5322 Communitatis

1890 5365 2072 5414 autem
2133 5371 2187 5415 et
2246 5359 2605 5431 hypostaseos
2662 5376 2912 5433 quaenam
2969 5358 3468 5434 esthdiﬁ‘erentia?

283 5506 309 5538 ·
351 5505 538 5562 Matth.
575 5524 644 5571 ι,
680 5508 767 5563 eo.
844 5510 865 5542 ο
899 5507 1043 5564 Psal.
1074 5494 1250 5576 cxml,
1287 5510 1374 5567 ιι.
1453 5511 1495 5544 ιο
1537 5509 1724 5565 Matth.
1766 5528 1793 5569 ν

1914 5514 2004 5569 Η.
2085 5515 2125 5546 ¹¹
2169 5515 2301 5571 Luc.
2337 5517 2552 5585 31,13.

283 5620 406 5694 (:13?)
442 5621 647 5694 Begius
684 5631 735 5676 et
766 5621 960 5687 Palat.,
995 5625 1176 5694 ἦτουν.

281 5691 403 5764 (74)
441 5691 638 5760 Palat...
671 5694 760 5747 καὶ
783 5694 880 5769 τὴν
914 5695 972 5764 ἀγ
987 5691 1218 5766 α’θότητα
1244 5698 1301 5749 τὸ
1335 5695 1593 5776 Πνεῦμα..

1957 5627 2076 5703 (75)
2119 5631 2274 5699 Μεε..
2305 5634 2568 5702 ἀντίθεον,
2591 5635 2679 5690 hic
2702 5642 2754 5692 at
2778 5649 2924 5690 mox.
